{"id": "gen9randombattle-2253853389", "format": "[Gen 9] Random Battle", "players": ["IronFlashGaming", "Az1anSensation2"], "log": "|j|\u2606IronFlashGaming\n|j|\u2606Az1anSensation2\n|t:|1732949314\n|gametype|singles\n|player|p1|IronFlashGaming|jasmine|1993\n|player|p2|Az1anSensation2|102|2017\n|teamsize|p1|6\n|teamsize|p2|6\n|gen|9\n|tier|[Gen 9] Random Battle\n|rated|\n|rule|Species Clause: Limit one of each Pok\u00e9mon\n|rule|HP Percentage Mod: HP is shown in percentages\n|rule|Sleep Clause Mod: Limit one foe put to sleep\n|rule|Illusion Level Mod: Illusion disguises the Pok\u00e9mon's true level\n|\n|t:|1732949314\n|start\n|switch|p1a: Baxcalibur|Baxcalibur, L75, M|296/296\n|switch|p2a: Duraludon|Duraludon, L82, M|249/249\n|turn|1\n|inactive|Battle timer is ON: inactive players will automatically lose when time's up. (requested by Az1anSensation2)\n|inactive|Az1anSensation2 has 120 seconds left.\n|\n|t:|1732949346\n|switch|p1a: Heracross|Heracross, L80, M|259/259\n|move|p2a: Duraludon|Flash Cannon|p1a: Heracross\n|-damage|p1a: Heracross|163/259\n|-unboost|p1a: Heracross|spd|1\n|\n|-status|p1a: Heracross|brn|[from] item: Flame Orb\n|upkeep\n|turn|2\n|\n|t:|1732949358\n|move|p2a: Duraludon|Draco Meteor|p1a: Heracross\n|-damage|p1a: Heracross|0 fnt\n|-unboost|p2a: Duraludon|spa|2\n|faint|p1a: Heracross\n|\n|upkeep\n|\n|t:|1732949366\n|switch|p1a: Torterra|Torterra, L78, F|276/276\n|turn|3\n|inactive|Az1anSensation2 has 120 seconds left.\n|\n|t:|1732949419\n|switch|p2a: Reuniclus|Reuniclus, L88, M|337/337\n|move|p1a: Torterra|Shell Smash|p1a: Torterra\n|-unboost|p1a: Torterra|def|1\n|-unboost|p1a: Torterra|spd|1\n|-boost|p1a: Torterra|atk|2\n|-boost|p1a: Torterra|spa|2\n|-boost|p1a: Torterra|spe|2\n|\n|upkeep\n|turn|4\n|inactive|IronFlashGaming has 120 seconds left.\n|inactive|IronFlashGaming has 90 seconds left.\n|inactive|IronFlashGaming has 60 seconds left.\n|\n|t:|1732949524\n|move|p1a: Torterra|Bullet Seed|p2a: Reuniclus\n|-damage|p2a: Reuniclus|277/337\n|-damage|p2a: Reuniclus|226/337\n|-damage|p2a: Reuniclus|171/337\n|-damage|p2a: Reuniclus|113/337\n|-damage|p2a: Reuniclus|61/337\n|-hitcount|p2a: Reuniclus|5\n|move|p2a: Reuniclus|Psychic|p1a: Torterra\n|-damage|p1a: Torterra|0 fnt\n|faint|p1a: Torterra\n|\n|upkeep\n|\n|t:|1732949540\n|switch|p1a: Dugtrio|Dugtrio-Alola, L84, M|196/196\n|turn|5\n|\n|t:|1732949564\n|switch|p2a: Suicune|Suicune, L82|298/298\n|-ability|p2a: Suicune|Pressure\n|move|p1a: Dugtrio|Stealth Rock|p2a: Suicune\n|-sidestart|p2: Az1anSensation2|move: Stealth Rock\n|\n|upkeep\n|turn|6\n|inactive|Az1anSensation2 has 90 seconds left.\n|\n|t:|1732949586\n|switch|p2a: Duraludon|Duraludon, L82, M|249/249\n|-damage|p2a: Duraludon|234/249|[from] Stealth Rock\n|move|p1a: Dugtrio|Earthquake|p2a: Duraludon\n|-supereffective|p2a: Duraludon\n|-damage|p2a: Duraludon|68/249\n|-damage|p1a: Dugtrio|177/196|[from] item: Life Orb\n|\n|upkeep\n|turn|7\n|\n|t:|1732949596\n|switch|p2a: Reuniclus|Reuniclus, L88, M|61/337\n|move|p1a: Dugtrio|Earthquake|p2a: Reuniclus\n|-damage|p2a: Reuniclus|0 fnt\n|faint|p2a: Reuniclus\n|-damage|p1a: Dugtrio|158/196|[from] item: Life Orb\n|\n|upkeep\n|inactive|Az1anSensation2 has 90 seconds left.\n|\n|t:|1732949615\n|switch|p2a: Mienshao|Mienshao, L83, M|244/244\n|-damage|p2a: Mienshao|229/244|[from] Stealth Rock\n|turn|8\n|inactive|IronFlashGaming has 60 seconds left.\n|\n|t:|1732949650\n|move|p1a: Dugtrio|Earthquake|p2a: Mienshao\n|-damage|p2a: Mienshao|33/244\n|-damage|p1a: Dugtrio|139/196|[from] item: Life Orb\n|move|p2a: Mienshao|Close Combat|p1a: Dugtrio\n|-supereffective|p1a: Dugtrio\n|-damage|p1a: Dugtrio|0 fnt\n|-unboost|p2a: Mienshao|def|1\n|-unboost|p2a: Mienshao|spd|1\n|-ability|p1a: Dugtrio|Tangling Hair\n|-unboost|p2a: Mienshao|spe|1\n|faint|p1a: Dugtrio\n|\n|upkeep\n|\n|t:|1732949667\n|switch|p1a: Comfey|Comfey, L85, F|225/225\n|turn|9\n|inactive|Az1anSensation2 has 90 seconds left.\n|\n|t:|1732949688\n|switch|p2a: Iron Crown|Iron Crown, L79|272/272\n|-damage|p2a: Iron Crown|255/272|[from] Stealth Rock\n|move|p1a: Comfey|Draining Kiss|p2a: Iron Crown\n|-resisted|p2a: Iron Crown\n|-crit|p2a: Iron Crown\n|-damage|p2a: Iron Crown|219/272\n|\n|upkeep\n|turn|10\n|\n|t:|1732949696\n|switch|p1a: Toxtricity|Toxtricity, L82, M|257/257\n|move|p2a: Iron Crown|Tachyon Cutter|p1a: Toxtricity\n|-resisted|p1a: Toxtricity\n|-damage|p1a: Toxtricity|202/257\n|-resisted|p1a: Toxtricity\n|-damage|p1a: Toxtricity|152/257\n|-hitcount|p1a: Toxtricity|2\n|\n|upkeep\n|turn|11\n|inactive|Az1anSensation2 has 90 seconds left.\n|\n|t:|1732949738\n|-end|p2a: Iron Crown|Quark Drive|[silent]\n|switch|p2a: Garganacl|Garganacl, L80, M|291/291\n|-damage|p2a: Garganacl|255/291|[from] Stealth Rock\n|move|p1a: Toxtricity|Shift Gear|p1a: Toxtricity\n|-boost|p1a: Toxtricity|spe|2\n|-boost|p1a: Toxtricity|atk|1\n|\n|-heal|p2a: Garganacl|273/291|[from] item: Leftovers\n|upkeep\n|turn|12\n|\n|t:|1732949747\n|move|p1a: Toxtricity|Overdrive|p2a: Garganacl\n|-damage|p2a: Garganacl|161/291\n|-enditem|p1a: Toxtricity|Throat Spray\n|-boost|p1a: Toxtricity|spa|1|[from] item: Throat Spray\n|move|p2a: Garganacl|Salt Cure|p1a: Toxtricity\n|-damage|p1a: Toxtricity|103/257\n|-start|p1a: Toxtricity|Salt Cure\n|\n|-heal|p2a: Garganacl|179/291|[from] item: Leftovers\n|-damage|p1a: Toxtricity|71/257|[from] Salt Cure\n|upkeep\n|turn|13\n|\n|t:|1732949761\n|move|p2a: Garganacl|Protect|p2a: Garganacl\n|-singleturn|p2a: Garganacl|Protect\n|move|p1a: Toxtricity|Overdrive|p2a: Garganacl\n|-activate|p2a: Garganacl|move: Protect\n|\n|-heal|p2a: Garganacl|197/291|[from] item: Leftovers\n|-damage|p1a: Toxtricity|39/257|[from] Salt Cure\n|upkeep\n|turn|14\n|\n|t:|1732949768\n|move|p1a: Toxtricity|Overdrive|p2a: Garganacl\n|-damage|p2a: Garganacl|26/291\n|move|p2a: Garganacl|Recover|p2a: Garganacl\n|-heal|p2a: Garganacl|172/291\n|\n|-heal|p2a: Garganacl|190/291|[from] item: Leftovers\n|-damage|p1a: Toxtricity|7/257|[from] Salt Cure\n|upkeep\n|turn|15\n|\n|t:|1732949774\n|move|p2a: Garganacl|Protect|p2a: Garganacl\n|-singleturn|p2a: Garganacl|Protect\n|move|p1a: Toxtricity|Overdrive|p2a: Garganacl\n|-activate|p2a: Garganacl|move: Protect\n|\n|-heal|p2a: Garganacl|208/291|[from] item: Leftovers\n|-damage|p1a: Toxtricity|0 fnt|[from] Salt Cure\n|faint|p1a: Toxtricity\n|upkeep\n|\n|t:|1732949782\n|switch|p1a: Baxcalibur|Baxcalibur, L75, M|296/296\n|turn|16\n|inactive|IronFlashGaming has 60 seconds left.\n|inactive|Az1anSensation2 has 90 seconds left.\n|\n|t:|1732949814\n|move|p1a: Baxcalibur|Dragon Dance|p1a: Baxcalibur\n|-boost|p1a: Baxcalibur|atk|1\n|-boost|p1a: Baxcalibur|spe|1\n|move|p2a: Garganacl|Salt Cure|p1a: Baxcalibur\n|-supereffective|p1a: Baxcalibur\n|-crit|p1a: Baxcalibur\n|-damage|p1a: Baxcalibur|168/296\n|-start|p1a: Baxcalibur|Salt Cure\n|\n|-heal|p2a: Garganacl|226/291|[from] item: Leftovers\n|-damage|p1a: Baxcalibur|131/296|[from] Salt Cure\n|upkeep\n|turn|17\n|\n|t:|1732949821\n|move|p1a: Baxcalibur|Earthquake|p2a: Garganacl\n|-supereffective|p2a: Garganacl\n|-damage|p2a: Garganacl|42/291\n|move|p2a: Garganacl|Body Press|p1a: Baxcalibur\n|-supereffective|p1a: Baxcalibur\n|-crit|p1a: Baxcalibur\n|-damage|p1a: Baxcalibur|0 fnt\n|faint|p1a: Baxcalibur\n|\n|-heal|p2a: Garganacl|60/291|[from] item: Leftovers\n|upkeep\n|\n|t:|1732949824\n|switch|p1a: Comfey|Comfey, L85, F|225/225\n|turn|18\n|\n|t:|1732949833\n|switch|p2a: Iron Crown|Iron Crown, L79|219/272\n|-damage|p2a: Iron Crown|202/272|[from] Stealth Rock\n|move|p1a: Comfey|Giga Drain|p2a: Iron Crown\n|-resisted|p2a: Iron Crown\n|-damage|p2a: Iron Crown|181/272\n|\n|upkeep\n|turn|19\n|inactive|IronFlashGaming has 60 seconds left.\n|\n|t:|1732949859\n|-terastallize|p1a: Comfey|Ground\n|move|p1a: Comfey|Calm Mind|p1a: Comfey\n|-boost|p1a: Comfey|spa|1\n|-boost|p1a: Comfey|spd|1\n|move|p2a: Iron Crown|Tachyon Cutter|p1a: Comfey\n|-damage|p1a: Comfey|177/225\n|-crit|p1a: Comfey\n|-damage|p1a: Comfey|69/225\n|-hitcount|p1a: Comfey|2\n|\n|-heal|p1a: Comfey|83/225|[from] item: Leftovers\n|upkeep\n|turn|20\n|inactive|Az1anSensation2 has 120 seconds left.\n|\n|t:|1732949879\n|move|p1a: Comfey|Tera Blast|p2a: Iron Crown|[anim] Tera Blast Ground\n|-supereffective|p2a: Iron Crown\n|-damage|p2a: Iron Crown|0 fnt\n|faint|p2a: Iron Crown\n|-end|p2a: Iron Crown|Quark Drive|[silent]\n|\n|-heal|p1a: Comfey|97/225|[from] item: Leftovers\n|upkeep\n|inactive|Az1anSensation2 has 90 seconds left.\n|\n|t:|1732949920\n|switch|p2a: Mienshao|Mienshao, L83, M|114/244\n|-damage|p2a: Mienshao|99/244|[from] Stealth Rock\n|turn|21\n|\n|t:|1732949925\n|move|p2a: Mienshao|Fake Out|p1a: Comfey\n|-damage|p1a: Comfey|60/225\n|cant|p1a: Comfey|flinch\n|\n|-heal|p1a: Comfey|74/225|[from] item: Leftovers\n|upkeep\n|turn|22\n|inactive|Az1anSensation2 has 90 seconds left.\n|\n|t:|1732949945\n|switch|p2a: Duraludon|Duraludon, L82, M|68/249\n|-damage|p2a: Duraludon|53/249|[from] Stealth Rock\n|move|p1a: Comfey|Draining Kiss|p2a: Duraludon\n|-damage|p2a: Duraludon|0 fnt\n|-heal|p1a: Comfey|114/225|[from] drain|[of] p2a: Duraludon\n|faint|p2a: Duraludon\n|\n|-heal|p1a: Comfey|128/225|[from] item: Leftovers\n|upkeep\n|\n|t:|1732949962\n|switch|p2a: Suicune|Suicune, L82|298/298\n|-damage|p2a: Suicune|261/298|[from] Stealth Rock\n|-ability|p2a: Suicune|Pressure\n|turn|23\n|\n|t:|1732949977\n|-terastallize|p2a: Suicune|Steel\n|move|p1a: Comfey|Calm Mind|p1a: Comfey\n|-boost|p1a: Comfey|spa|1\n|-boost|p1a: Comfey|spd|1\n|move|p2a: Suicune|Scald|p1a: Comfey\n|-supereffective|p1a: Comfey\n|-damage|p1a: Comfey|60/225\n|\n|-heal|p1a: Comfey|74/225|[from] item: Leftovers\n|-heal|p2a: Suicune|279/298|[from] item: Leftovers\n|upkeep\n|turn|24\n|inactive|IronFlashGaming has 60 seconds left.\n|\n|t:|1732950006\n|move|p1a: Comfey|Tera Blast|p2a: Suicune|[anim] Tera Blast Ground\n|-supereffective|p2a: Suicune\n|-damage|p2a: Suicune|25/298\n|move|p2a: Suicune|Scald|p1a: Comfey\n|-supereffective|p1a: Comfey\n|-damage|p1a: Comfey|8/225\n|\n|-heal|p1a: Comfey|22/225|[from] item: Leftovers\n|-heal|p2a: Suicune|43/298|[from] item: Leftovers\n|upkeep\n|turn|25\n|inactive|IronFlashGaming has 60 seconds left.\n|\n|t:|1732950030\n|move|p1a: Comfey|Tera Blast|p2a: Suicune|[anim] Tera Blast Ground\n|-supereffective|p2a: Suicune\n|-damage|p2a: Suicune|0 fnt\n|faint|p2a: Suicune\n|\n|-heal|p1a: Comfey|36/225|[from] item: Leftovers\n|upkeep\n|\n|t:|1732950034\n|switch|p2a: Mienshao|Mienshao, L83, M|180/244\n|-damage|p2a: Mienshao|165/244|[from] Stealth Rock\n|turn|26\n|\n|t:|1732950038\n|move|p2a: Mienshao|Fake Out|p1a: Comfey\n|-damage|p1a: Comfey|0 fnt\n|faint|p1a: Comfey\n|\n|win|Az1anSensation2\n|raw|IronFlashGaming's rating: 1993 &rarr; <strong>1974</strong><br />(-19 for losing)\n|raw|Az1anSensation2's rating: 2017 &rarr; <strong>2036</strong><br />(+19 for winning)\n|l|\u2606IronFlashGaming\n|player|p1|\n", "inputlog": ">version b107d77f5c90bd6555267ae244a6264823309ead\n>start {\"formatid\":\"gen9randombattle\",\"seed\":[22169,46993,28681,16547],\"rated\":\"Rated battle\"}\n>player p1 {\"name\":\"IronFlashGaming\",\"avatar\":\"jasmine\",\"rating\":1993,\"seed\":[4492,50429,4799,30388]}\n>player p2 {\"name\":\"Az1anSensation2\",\"avatar\":\"102\",\"rating\":2017,\"seed\":[33380,62019,38153,41740]}\n>p1 switch 2\n>p2 move flashcannon\n>p1 move closecombat\n>p2 move dracometeor\n>p1 switch 3\n>p1 move shellsmash\n>p2 switch 6\n>p1 move bulletseed\n>p2 move psychic\n>p1 switch 6\n>p1 move stealthrock\n>p2 switch 4\n>p1 move earthquake\n>p2 switch 6\n>p1 move earthquake\n>p2 switch 4\n>p2 switch 5\n>p1 move earthquake\n>p2 move closecombat\n>p1 switch 4\n>p1 move drainingkiss\n>p2 switch 2\n>p1 switch 5\n>p2 move tachyoncutter\n>p1 move shiftgear\n>p2 switch 3\n>p1 move overdrive\n>p2 move saltcure\n>p1 move overdrive\n>p2 move protect\n>p1 move overdrive\n>p2 move recover\n>p1 move overdrive\n>p2 move protect\n>p1 switch 2\n>p1 move dragondance\n>p2 move saltcure\n>p1 move earthquake\n>p2 move bodypress\n>p1 switch 5\n>p1 move gigadrain\n>p2 switch 3\n>p1 move calmmind terastallize\n>p2 move tachyoncutter\n>p1 move terablast\n>p2 move tachyoncutter\n>p2 switch 2\n>p1 move drainingkiss\n>p2 move fakeout\n>p1 move drainingkiss\n>p2 switch 4\n>p2 switch 6\n>p1 move calmmind\n>p2 move scald terastallize\n>p1 move terablast\n>p2 move scald\n>p1 move terablast\n>p2 move scald\n>p2 switch 4\n>p1 move drainingkiss\n>p2 move fakeout", "uploadtime": 1732950042, "views": 3, "formatid": "gen9randombattle", "rating": 1974, "private": 0, "password": null}