{"id": "gen9randombattle-2254086628", "format": "[Gen 9] Random Battle", "players": ["mahmaus", "Koreki"], "log": "|j|\u2606mahmaus\n|j|\u2606Koreki\n|t:|1732989598\n|gametype|singles\n|player|p1|mahmaus|teamrocket|1554\n|player|p2|Koreki|tate|1546\n|teamsize|p1|6\n|teamsize|p2|6\n|gen|9\n|tier|[Gen 9] Random Battle\n|rated|\n|rule|Species Clause: Limit one of each Pok\u00e9mon\n|rule|HP Percentage Mod: HP is shown in percentages\n|rule|Sleep Clause Mod: Limit one foe put to sleep\n|rule|Illusion Level Mod: Illusion disguises the Pok\u00e9mon's true level\n|\n|t:|1732989598\n|start\n|switch|p1a: Rhyperior|Rhyperior, L82, F|323/323\n|switch|p2a: Minun|Minun, L95, F|268/268\n|turn|1\n|inactive|Battle timer is ON: inactive players will automatically lose when time's up. (requested by Koreki)\n|\n|t:|1732989610\n|move|p2a: Minun|Grass Knot|p1a: Rhyperior\n|-supereffective|p1a: Rhyperior\n|-damage|p1a: Rhyperior|0 fnt\n|faint|p1a: Rhyperior\n|-damage|p2a: Minun|242/268|[from] item: Life Orb\n|\n|upkeep\n|\n|t:|1732989614\n|switch|p1a: Whimsicott|Whimsicott, L85, M|241/241\n|turn|2\n|\n|t:|1732989628\n|switch|p2a: Squawkabilly|Squawkabilly-Blue, L85, F|278/278\n|move|p1a: Whimsicott|Leech Seed|p2a: Squawkabilly\n|-start|p2a: Squawkabilly|move: Leech Seed\n|\n|-damage|p2a: Squawkabilly|244/278|[from] Leech Seed|[of] p1a: Whimsicott\n|-status|p2a: Squawkabilly|brn|[from] item: Flame Orb\n|upkeep\n|turn|3\n|\n|t:|1732989634\n|move|p1a: Whimsicott|Substitute|p1a: Whimsicott\n|-start|p1a: Whimsicott|Substitute\n|-damage|p1a: Whimsicott|181/241\n|move|p2a: Squawkabilly|Facade|p1a: Whimsicott\n|-end|p1a: Whimsicott|Substitute\n|\n|-heal|p1a: Whimsicott|196/241|[from] item: Leftovers\n|-damage|p2a: Squawkabilly|210/278 brn|[from] Leech Seed|[of] p1a: Whimsicott\n|-heal|p1a: Whimsicott|230/241|[silent]\n|-damage|p2a: Squawkabilly|193/278 brn|[from] brn\n|upkeep\n|turn|4\n|\n|t:|1732989640\n|switch|p2a: Minun|Minun, L95, F|242/268\n|move|p1a: Whimsicott|Substitute|p1a: Whimsicott\n|-start|p1a: Whimsicott|Substitute\n|-damage|p1a: Whimsicott|170/241\n|\n|-heal|p1a: Whimsicott|185/241|[from] item: Leftovers\n|upkeep\n|turn|5\n|\n|t:|1732989648\n|move|p1a: Whimsicott|Leech Seed|p2a: Minun\n|-start|p2a: Minun|move: Leech Seed\n|move|p2a: Minun|Alluring Voice|p1a: Whimsicott\n|-damage|p1a: Whimsicott|98/241\n|-damage|p2a: Minun|216/268|[from] item: Life Orb\n|\n|-heal|p1a: Whimsicott|113/241|[from] item: Leftovers\n|-damage|p2a: Minun|183/268|[from] Leech Seed|[of] p1a: Whimsicott\n|-heal|p1a: Whimsicott|146/241|[silent]\n|upkeep\n|turn|6\n|\n|t:|1732989659\n|move|p1a: Whimsicott|Moonblast|p2a: Minun\n|-damage|p2a: Minun|104/268\n|move|p2a: Minun|Nasty Plot|p2a: Minun\n|-boost|p2a: Minun|spa|2\n|\n|-heal|p1a: Whimsicott|161/241|[from] item: Leftovers\n|-damage|p2a: Minun|71/268|[from] Leech Seed|[of] p1a: Whimsicott\n|-heal|p1a: Whimsicott|194/241|[silent]\n|upkeep\n|turn|7\n|\n|t:|1732989673\n|-terastallize|p1a: Whimsicott|Steel\n|move|p1a: Whimsicott|Moonblast|p2a: Minun\n|-damage|p2a: Minun|0 fnt\n|faint|p2a: Minun\n|\n|-heal|p1a: Whimsicott|209/241|[from] item: Leftovers\n|upkeep\n|inactive|Koreki has 120 seconds left.\n|inactive|Koreki has 90 seconds left.\n|\n|t:|1732989742\n|switch|p2a: Gurdurr|Gurdurr, L85, F|283/283\n|turn|8\n|inactive|Koreki has 90 seconds left.\n|\n|t:|1732989749\n|-terastallize|p2a: Gurdurr|Steel\n|move|p1a: Whimsicott|Leech Seed|p2a: Gurdurr\n|-start|p2a: Gurdurr|move: Leech Seed\n|move|p2a: Gurdurr|Defog||[still]\n|-fail|p2a: Gurdurr\n|\n|-heal|p1a: Whimsicott|224/241|[from] item: Leftovers\n|-damage|p2a: Gurdurr|248/283|[from] Leech Seed|[of] p1a: Whimsicott\n|-heal|p1a: Whimsicott|241/241|[silent]\n|upkeep\n|turn|9\n|inactive|Koreki has 90 seconds left.\n|\n|t:|1732989778\n|move|p1a: Whimsicott|Moonblast|p2a: Gurdurr\n|-resisted|p2a: Gurdurr\n|-damage|p2a: Gurdurr|205/283\n|-unboost|p2a: Gurdurr|spa|1\n|move|p2a: Gurdurr|Drain Punch|p1a: Whimsicott\n|-supereffective|p1a: Whimsicott\n|-end|p1a: Whimsicott|Substitute\n|-heal|p2a: Gurdurr|235/283|[from] drain|[of] p1a: Whimsicott\n|\n|-damage|p2a: Gurdurr|200/283|[from] Leech Seed|[of] p1a: Whimsicott\n|upkeep\n|turn|10\n|\n|t:|1732989785\n|switch|p1a: Slowbro|Slowbro, L85, M|300/300\n|move|p2a: Gurdurr|Drain Punch|p1a: Slowbro\n|-resisted|p1a: Slowbro\n|-damage|p1a: Slowbro|261/300\n|-heal|p2a: Gurdurr|220/283|[from] drain|[of] p1a: Slowbro\n|\n|-damage|p2a: Gurdurr|185/283|[from] Leech Seed|[of] p1a: Slowbro\n|-heal|p1a: Slowbro|296/300|[silent]\n|upkeep\n|turn|11\n|inactive|Koreki has 90 seconds left.\n|\n|t:|1732989794\n|switch|p2a: Archaludon|Archaludon, L78, F|268/268\n|move|p1a: Slowbro|Fire Blast|p2a: Archaludon\n|-damage|p2a: Archaludon|151/268\n|-ability|p2a: Archaludon|Stamina|boost\n|-boost|p2a: Archaludon|def|1\n|\n|upkeep\n|turn|12\n|inactive|Koreki has 90 seconds left.\n|\n|t:|1732989804\n|move|p2a: Archaludon|Iron Head|p1a: Slowbro\n|-resisted|p1a: Slowbro\n|-damage|p1a: Slowbro|263/300\n|cant|p1a: Slowbro|flinch\n|\n|upkeep\n|turn|13\n|\n|t:|1732989810\n|move|p2a: Archaludon|Outrage|p1a: Slowbro\n|-damage|p1a: Slowbro|160/300\n|move|p1a: Slowbro|Fire Blast|p2a: Archaludon|[miss]\n|-miss|p1a: Slowbro|p2a: Archaludon\n|\n|upkeep\n|turn|14\n|\n|t:|1732989814\n|move|p2a: Archaludon|Outrage|p1a: Slowbro|[from]lockedmove\n|-damage|p1a: Slowbro|61/300\n|move|p1a: Slowbro|Scald|p2a: Archaludon\n|-resisted|p2a: Archaludon\n|-damage|p2a: Archaludon|87/268\n|-ability|p2a: Archaludon|Stamina|boost\n|-boost|p2a: Archaludon|def|1\n|\n|upkeep\n|turn|15\n|\n|t:|1732989824\n|switch|p1a: Whimsicott|Whimsicott, L85, M, tera:Steel|241/241\n|move|p2a: Archaludon|Outrage|p1a: Whimsicott|[from]lockedmove\n|-resisted|p1a: Whimsicott\n|-damage|p1a: Whimsicott|184/241\n|-start|p2a: Archaludon|confusion|[fatigue]\n|-enditem|p2a: Archaludon|Lum Berry|[eat]\n|-end|p2a: Archaludon|confusion\n|\n|-heal|p1a: Whimsicott|199/241|[from] item: Leftovers\n|upkeep\n|turn|16\n|\n|t:|1732989826\n|move|p1a: Whimsicott|Leech Seed|p2a: Archaludon\n|-start|p2a: Archaludon|move: Leech Seed\n|move|p2a: Archaludon|Iron Head|p1a: Whimsicott\n|-resisted|p1a: Whimsicott\n|-damage|p1a: Whimsicott|158/241\n|\n|-heal|p1a: Whimsicott|173/241|[from] item: Leftovers\n|-damage|p2a: Archaludon|54/268|[from] Leech Seed|[of] p1a: Whimsicott\n|-heal|p1a: Whimsicott|206/241|[silent]\n|upkeep\n|turn|17\n|\n|t:|1732989834\n|move|p1a: Whimsicott|Substitute|p1a: Whimsicott\n|-start|p1a: Whimsicott|Substitute\n|-damage|p1a: Whimsicott|146/241\n|move|p2a: Archaludon|Earthquake|p1a: Whimsicott\n|-supereffective|p1a: Whimsicott\n|-end|p1a: Whimsicott|Substitute\n|\n|-heal|p1a: Whimsicott|161/241|[from] item: Leftovers\n|-damage|p2a: Archaludon|21/268|[from] Leech Seed|[of] p1a: Whimsicott\n|-heal|p1a: Whimsicott|194/241|[silent]\n|upkeep\n|turn|18\n|\n|t:|1732989839\n|switch|p1a: Slowbro|Slowbro, L85, M|161/300\n|move|p2a: Archaludon|Earthquake|p1a: Slowbro\n|-damage|p1a: Slowbro|102/300\n|\n|-damage|p2a: Archaludon|0 fnt|[from] Leech Seed|[of] p1a: Slowbro\n|-heal|p1a: Slowbro|123/300|[silent]\n|faint|p2a: Archaludon\n|upkeep\n|\n|t:|1732989843\n|switch|p2a: Groudon|Groudon, L72|263/263\n|-weather|SunnyDay|[from] ability: Drought|[of] p2a: Groudon\n|turn|19\n|\n|t:|1732989854\n|switch|p1a: Moltres|Moltres-Galar, L79|271/271\n|move|p2a: Groudon|Precipice Blades|p1a: Moltres\n|-immune|p1a: Moltres\n|\n|-weather|SunnyDay|[upkeep]\n|upkeep\n|turn|20\n|\n|t:|1732989863\n|move|p1a: Moltres|Nasty Plot|p1a: Moltres\n|-boost|p1a: Moltres|spa|2\n|move|p2a: Groudon|Stone Edge|p1a: Moltres|[miss]\n|-miss|p2a: Groudon|p1a: Moltres\n|\n|-weather|SunnyDay|[upkeep]\n|upkeep\n|turn|21\n|-message|Koreki forfeited.\n|\n|win|mahmaus\n|raw|mahmaus's rating: 1532 &rarr; <strong>1553</strong><br />(+21 for winning)\n|raw|Koreki's rating: 1546 &rarr; <strong>1525</strong><br />(-21 for losing)\n|l|\u2606mahmaus\n|player|p1|\n", "inputlog": ">version b107d77f5c90bd6555267ae244a6264823309ead\n>start {\"formatid\":\"gen9randombattle\",\"seed\":[22637,27850,24795,63211],\"rated\":\"Rated battle\"}\n>player p1 {\"name\":\"mahmaus\",\"avatar\":\"teamrocket\",\"rating\":1554,\"seed\":[49346,652,47936,8579]}\n>player p2 {\"name\":\"Koreki\",\"avatar\":\"tate\",\"rating\":1546,\"seed\":[27231,46772,39457,49165]}\n>p1 move earthquake\n>p2 move grassknot\n>p1 switch 2\n>p1 move leechseed\n>p2 switch 3\n>p1 move substitute\n>p2 move facade\n>p1 move substitute\n>p2 switch 3\n>p1 move leechseed\n>p2 move alluringvoice\n>p1 move moonblast\n>p2 move nastyplot\n>p1 move moonblast terastallize\n>p2 move alluringvoice\n>p2 switch 5\n>p1 move leechseed\n>p2 move defog terastallize\n>p1 move moonblast\n>p2 move drainpunch\n>p1 switch 4\n>p2 move drainpunch\n>p1 move fireblast\n>p2 switch 6\n>p1 move fireblast\n>p2 move ironhead\n>p1 move fireblast\n>p2 move outrage\n>p1 move scald\n>p2 move outrage\n>p1 switch 4\n>p2 move outrage\n>p1 move leechseed\n>p2 move ironhead\n>p1 move substitute\n>p2 move earthquake\n>p1 switch 4\n>p2 move earthquake\n>p2 switch 4\n>p1 switch 6\n>p2 move precipiceblades\n>p1 move nastyplot\n>p2 move stoneedge\n>forcelose p2", "uploadtime": 1732989880, "views": 26, "formatid": "gen9randombattle", "rating": 1525, "private": 0, "password": null}