{"id": "gen9randombattle-2254144465", "format": "[Gen 9] Random Battle", "players": ["jeremy.broeckel", "Cquiroz"], "log": "|j|\u2606jeremy.broeckel\n|j|\u2606Cquiroz\n|t:|1732996673\n|gametype|singles\n|player|p1|jeremy.broeckel|266|1337\n|player|p2|Cquiroz|265|1328\n|teamsize|p1|6\n|teamsize|p2|6\n|gen|9\n|tier|[Gen 9] Random Battle\n|rated|\n|rule|Species Clause: Limit one of each Pok\u00e9mon\n|rule|HP Percentage Mod: HP is shown in percentages\n|rule|Sleep Clause Mod: Limit one foe put to sleep\n|rule|Illusion Level Mod: Illusion disguises the Pok\u00e9mon's true level\n|\n|t:|1732996673\n|start\n|switch|p1a: Ogerpon|Ogerpon-Hearthflame, L74, F|239/239\n|switch|p2a: Kommo-o|Kommo-o, L78, M|245/245\n|-ability|p1a: Ogerpon|Mold Breaker\n|turn|1\n|inactive|Battle timer is ON: inactive players will automatically lose when time's up. (requested by Cquiroz)\n|inactive|jeremy.broeckel also wants the timer to be on.\n|\n|t:|1732996693\n|switch|p1a: Hoopa|Hoopa-Unbound, L80|259/259\n|move|p2a: Kommo-o|Close Combat|p1a: Hoopa\n|-damage|p1a: Hoopa|97/259\n|-unboost|p2a: Kommo-o|def|1\n|-unboost|p2a: Kommo-o|spd|1\n|\n|upkeep\n|turn|2\n|\n|t:|1732996701\n|move|p2a: Kommo-o|Close Combat|p1a: Hoopa\n|-damage|p1a: Hoopa|0 fnt\n|-unboost|p2a: Kommo-o|def|1\n|-unboost|p2a: Kommo-o|spd|1\n|faint|p1a: Hoopa\n|\n|upkeep\n|\n|t:|1732996707\n|switch|p1a: Flamigo|Flamigo, L82, M|269/269\n|turn|3\n|\n|t:|1732996712\n|switch|p2a: Bellibolt|Bellibolt, L84, M|320/320\n|move|p1a: Flamigo|Swords Dance|p1a: Flamigo\n|-boost|p1a: Flamigo|atk|2\n|\n|upkeep\n|turn|4\n|\n|t:|1732996721\n|move|p1a: Flamigo|Close Combat|p2a: Bellibolt\n|-damage|p2a: Bellibolt|0 fnt\n|-unboost|p1a: Flamigo|def|1\n|-unboost|p1a: Flamigo|spd|1\n|faint|p2a: Bellibolt\n|-damage|p1a: Flamigo|243/269|[from] item: Life Orb\n|\n|upkeep\n|\n|t:|1732996732\n|switch|p2a: Oricorio|Oricorio-Pom-Pom, L82, M|257/257\n|turn|5\n|\n|t:|1732996742\n|move|p2a: Oricorio|Revelation Dance|p1a: Flamigo\n|-supereffective|p1a: Flamigo\n|-damage|p1a: Flamigo|0 fnt\n|faint|p1a: Flamigo\n|\n|upkeep\n|\n|t:|1732996751\n|switch|p1a: Sandslash|Sandslash, L88, F|275/275\n|turn|6\n|\n|t:|1732996756\n|switch|p2a: Araquanid|Araquanid, L82, F|246/246\n|move|p1a: Sandslash|Stone Edge|p2a: Araquanid\n|-supereffective|p2a: Araquanid\n|-damage|p2a: Araquanid|96/246\n|\n|upkeep\n|turn|7\n|\n|t:|1732996763\n|move|p1a: Sandslash|Stone Edge|p2a: Araquanid|[miss]\n|-miss|p1a: Sandslash|p2a: Araquanid\n|move|p2a: Araquanid|Liquidation|p1a: Sandslash\n|-supereffective|p1a: Sandslash\n|-damage|p1a: Sandslash|71/275\n|\n|upkeep\n|turn|8\n|\n|t:|1732996771\n|move|p1a: Sandslash|Stone Edge|p2a: Araquanid\n|-supereffective|p2a: Araquanid\n|-crit|p2a: Araquanid\n|-damage|p2a: Araquanid|0 fnt\n|faint|p2a: Araquanid\n|\n|upkeep\n|\n|t:|1732996775\n|switch|p2a: Bellossom|Bellossom, L84, F|263/263\n|turn|9\n|\n|t:|1732996780\n|move|p1a: Sandslash|Knock Off|p2a: Bellossom\n|-damage|p2a: Bellossom|184/263\n|-enditem|p2a: Bellossom|Leftovers|[from] move: Knock Off|[of] p1a: Sandslash\n|move|p2a: Bellossom|Quiver Dance|p2a: Bellossom\n|-boost|p2a: Bellossom|spa|1\n|-boost|p2a: Bellossom|spd|1\n|-boost|p2a: Bellossom|spe|1\n|\n|upkeep\n|turn|10\n|\n|t:|1732996784\n|move|p2a: Bellossom|Giga Drain|p1a: Sandslash\n|-supereffective|p1a: Sandslash\n|-damage|p1a: Sandslash|0 fnt\n|-heal|p2a: Bellossom|220/263|[from] drain|[of] p1a: Sandslash\n|faint|p1a: Sandslash\n|\n|upkeep\n|\n|t:|1732996794\n|switch|p1a: Ogerpon|Ogerpon-Hearthflame, L74, F|239/239\n|-ability|p1a: Ogerpon|Mold Breaker\n|turn|11\n|\n|t:|1732996811\n|-terastallize|p2a: Bellossom|Fire\n|move|p1a: Ogerpon|Ivy Cudgel|p2a: Bellossom|[anim] Ivy Cudgel Fire\n|-resisted|p2a: Bellossom\n|-damage|p2a: Bellossom|163/263\n|move|p2a: Bellossom|Strength Sap|p1a: Ogerpon\n|-unboost|p1a: Ogerpon|atk|1\n|-heal|p2a: Bellossom|263/263\n|\n|upkeep\n|turn|12\n|\n|t:|1732996821\n|move|p1a: Ogerpon|Stomping Tantrum|p2a: Bellossom\n|-supereffective|p2a: Bellossom\n|-damage|p2a: Bellossom|189/263\n|move|p2a: Bellossom|Tera Blast|p1a: Ogerpon|[anim] Tera Blast Fire\n|-damage|p1a: Ogerpon|116/239\n|\n|upkeep\n|turn|13\n|\n|t:|1732996830\n|switch|p1a: Delphox|Delphox, L84, F|263/263\n|move|p2a: Bellossom|Quiver Dance|p2a: Bellossom\n|-boost|p2a: Bellossom|spa|1\n|-boost|p2a: Bellossom|spd|1\n|-boost|p2a: Bellossom|spe|1\n|\n|upkeep\n|turn|14\n|\n|t:|1732996842\n|move|p2a: Bellossom|Tera Blast|p1a: Delphox|[anim] Tera Blast Fire\n|-resisted|p1a: Delphox\n|-damage|p1a: Delphox|197/263\n|move|p1a: Delphox|Psyshock|p2a: Bellossom\n|-damage|p2a: Bellossom|50/263\n|\n|upkeep\n|turn|15\n|\n|t:|1732996863\n|move|p2a: Bellossom|Tera Blast|p1a: Delphox|[anim] Tera Blast Fire\n|-resisted|p1a: Delphox\n|-damage|p1a: Delphox|126/263\n|move|p1a: Delphox|Psyshock|p2a: Bellossom\n|-damage|p2a: Bellossom|0 fnt\n|faint|p2a: Bellossom\n|\n|upkeep\n|\n|t:|1732996870\n|switch|p2a: Oricorio|Oricorio-Pom-Pom, L82, M|257/257\n|turn|16\n|\n|t:|1732996886\n|move|p1a: Delphox|Psyshock|p2a: Oricorio\n|-damage|p2a: Oricorio|89/257\n|move|p2a: Oricorio|Revelation Dance|p1a: Delphox\n|-damage|p1a: Delphox|41/263\n|\n|upkeep\n|turn|17\n|\n|t:|1732996894\n|move|p1a: Delphox|Psyshock|p2a: Oricorio\n|-damage|p2a: Oricorio|0 fnt\n|faint|p2a: Oricorio\n|\n|upkeep\n|\n|t:|1732996899\n|switch|p2a: Kingambit|Kingambit, L74, M|270/270\n|-activate|p2a: Kingambit|ability: Supreme Overlord\n|-start|p2a: Kingambit|fallen4|[silent]\n|turn|18\n|\n|t:|1732996905\n|switch|p1a: Arboliva|Arboliva, L91, F|290/290\n|move|p2a: Kingambit|Sucker Punch||[still]\n|-fail|p2a: Kingambit\n|\n|upkeep\n|turn|19\n|\n|t:|1732996913\n|move|p1a: Arboliva|Strength Sap|p2a: Kingambit\n|-unboost|p2a: Kingambit|atk|1\n|move|p2a: Kingambit|Swords Dance|p2a: Kingambit\n|-boost|p2a: Kingambit|atk|2\n|\n|upkeep\n|turn|20\n|\n|t:|1732996920\n|move|p1a: Arboliva|Earth Power|p2a: Kingambit\n|-supereffective|p2a: Kingambit\n|-damage|p2a: Kingambit|56/270\n|move|p2a: Kingambit|Kowtow Cleave|p1a: Arboliva\n|-damage|p1a: Arboliva|115/290\n|-fieldstart|move: Grassy Terrain|[from] ability: Seed Sower|[of] p1a: Arboliva\n|\n|-heal|p1a: Arboliva|133/290|[from] Grassy Terrain\n|-heal|p1a: Arboliva|151/290|[from] item: Leftovers\n|-heal|p2a: Kingambit|72/270|[from] Grassy Terrain\n|-heal|p2a: Kingambit|88/270|[from] item: Leftovers\n|upkeep\n|turn|21\n|\n|t:|1732996927\n|move|p1a: Arboliva|Earth Power|p2a: Kingambit\n|-supereffective|p2a: Kingambit\n|-crit|p2a: Kingambit\n|-damage|p2a: Kingambit|0 fnt\n|faint|p2a: Kingambit\n|-end|p2a: Kingambit|fallen4|[silent]\n|\n|-heal|p1a: Arboliva|169/290|[from] Grassy Terrain\n|-heal|p1a: Arboliva|187/290|[from] item: Leftovers\n|upkeep\n|\n|t:|1732996929\n|switch|p2a: Kommo-o|Kommo-o, L78, M|245/245\n|turn|22\n|\n|t:|1732996940\n|move|p2a: Kommo-o|Scale Shot|p1a: Arboliva\n|-damage|p1a: Arboliva|163/290\n|-damage|p1a: Arboliva|139/290\n|-damage|p1a: Arboliva|117/290\n|-damage|p1a: Arboliva|92/290\n|-crit|p1a: Arboliva\n|-damage|p1a: Arboliva|58/290\n|-hitcount|p1a: Arboliva|5\n|-unboost|p2a: Kommo-o|def|1\n|-boost|p2a: Kommo-o|spe|1\n|move|p1a: Arboliva|Strength Sap|p2a: Kommo-o\n|-unboost|p2a: Kommo-o|atk|1\n|-heal|p1a: Arboliva|275/290\n|\n|-heal|p1a: Arboliva|290/290|[from] Grassy Terrain\n|upkeep\n|turn|23\n|\n|t:|1732996954\n|move|p2a: Kommo-o|Swords Dance|p2a: Kommo-o\n|-boost|p2a: Kommo-o|atk|2\n|move|p1a: Arboliva|Strength Sap|p2a: Kommo-o\n|-unboost|p2a: Kommo-o|atk|1\n|\n|upkeep\n|turn|24\n|\n|t:|1732996975\n|move|p2a: Kommo-o|Swords Dance|p2a: Kommo-o\n|-boost|p2a: Kommo-o|atk|2\n|move|p1a: Arboliva|Earth Power|p2a: Kommo-o\n|-damage|p2a: Kommo-o|160/245\n|\n|-heal|p2a: Kommo-o|175/245|[from] Grassy Terrain\n|-fieldend|move: Grassy Terrain\n|upkeep\n|turn|25\n|\n|t:|1732996989\n|move|p2a: Kommo-o|Scale Shot|p1a: Arboliva\n|-damage|p1a: Arboliva|241/290\n|-fieldstart|move: Grassy Terrain|[from] ability: Seed Sower|[of] p1a: Arboliva\n|-damage|p1a: Arboliva|193/290\n|-damage|p1a: Arboliva|148/290\n|-damage|p1a: Arboliva|103/290\n|-hitcount|p1a: Arboliva|4\n|-unboost|p2a: Kommo-o|def|1\n|-boost|p2a: Kommo-o|spe|1\n|move|p1a: Arboliva|Earth Power|p2a: Kommo-o\n|-damage|p2a: Kommo-o|82/245\n|\n|-heal|p2a: Kommo-o|97/245|[from] Grassy Terrain\n|-heal|p1a: Arboliva|121/290|[from] Grassy Terrain\n|-heal|p1a: Arboliva|139/290|[from] item: Leftovers\n|upkeep\n|turn|26\n|\n|t:|1732996993\n|move|p2a: Kommo-o|Close Combat|p1a: Arboliva\n|-supereffective|p1a: Arboliva\n|-damage|p1a: Arboliva|0 fnt\n|-unboost|p2a: Kommo-o|def|1\n|-unboost|p2a: Kommo-o|spd|1\n|faint|p1a: Arboliva\n|\n|-heal|p2a: Kommo-o|112/245|[from] Grassy Terrain\n|upkeep\n|\n|t:|1732996998\n|switch|p1a: Delphox|Delphox, L84, F|41/263\n|turn|27\n|\n|t:|1732997003\n|move|p2a: Kommo-o|Scale Shot|p1a: Delphox\n|-crit|p1a: Delphox\n|-damage|p1a: Delphox|0 fnt\n|faint|p1a: Delphox\n|-hitcount|p1: Delphox|1\n|-unboost|p2a: Kommo-o|def|1\n|-boost|p2a: Kommo-o|spe|1\n|\n|-heal|p2a: Kommo-o|127/245|[from] Grassy Terrain\n|upkeep\n|\n|t:|1732997005\n|switch|p1a: Ogerpon|Ogerpon-Hearthflame, L74, F|116/239\n|-ability|p1a: Ogerpon|Mold Breaker\n|turn|28\n|\n|t:|1732997012\n|-terastallize|p1a: Ogerpon|Fire\n|detailschange|p1a: Ogerpon|Ogerpon-Hearthflame-Tera, L74, F, tera:Fire\n|-ability|p1a: Ogerpon|Embody Aspect (Hearthflame)|boost\n|-boost|p1a: Ogerpon|atk|1\n|move|p2a: Kommo-o|Close Combat|p1a: Ogerpon\n|-damage|p1a: Ogerpon|0 fnt\n|-unboost|p2a: Kommo-o|def|1\n|-unboost|p2a: Kommo-o|spd|1\n|faint|p1a: Ogerpon\n|\n|win|Cquiroz\n|raw|jeremy.broeckel's rating: 1337 &rarr; <strong>1316</strong><br />(-21 for losing)\n|raw|Cquiroz's rating: 1328 &rarr; <strong>1349</strong><br />(+21 for winning)\n|l|\u2606jeremy.broeckel\n|player|p1|\n", "inputlog": ">version b107d77f5c90bd6555267ae244a6264823309ead\n>start {\"formatid\":\"gen9randombattle\",\"seed\":[43992,5976,36726,51256],\"rated\":\"Rated battle\"}\n>player p1 {\"name\":\"jeremy.broeckel\",\"avatar\":\"266\",\"rating\":1337,\"seed\":[14317,37351,39884,51954]}\n>player p2 {\"name\":\"Cquiroz\",\"avatar\":\"265\",\"rating\":1328,\"seed\":[65500,23610,62474,1051]}\n>p1 switch 2\n>p2 move closecombat\n>p1 move hyperspacefury\n>p2 move closecombat\n>p1 switch 5\n>p1 move swordsdance\n>p2 switch 4\n>p1 move closecombat\n>p2 move thunderbolt\n>p2 switch 2\n>p1 move throatchop\n>p2 move revelationdance\n>p1 switch 4\n>p1 move stoneedge\n>p2 switch 5\n>p1 move stoneedge\n>p2 move liquidation\n>p1 move stoneedge\n>p2 move liquidation\n>p2 switch 3\n>p1 move knockoff\n>p2 move quiverdance\n>p1 move stoneedge\n>p2 move gigadrain\n>p1 switch 2\n>p1 move ivycudgel\n>p2 move strengthsap terastallize\n>p1 move stompingtantrum\n>p2 move terablast\n>p1 switch 6\n>p2 move quiverdance\n>p1 move psyshock\n>p2 move terablast\n>p1 move psyshock\n>p2 move terablast\n>p2 switch 5\n>p1 move psyshock\n>p2 move revelationdance\n>p1 move psyshock\n>p2 move revelationdance\n>p2 switch 6\n>p1 switch 3\n>p2 move suckerpunch\n>p1 move strengthsap\n>p2 move swordsdance\n>p1 move earthpower\n>p2 move kowtowcleave\n>p1 move earthpower\n>p2 move kowtowcleave\n>p2 switch 4\n>p1 move strengthsap\n>p2 move scaleshot\n>p1 move strengthsap\n>p2 move swordsdance\n>p1 move earthpower\n>p2 move swordsdance\n>p1 move earthpower\n>p2 move scaleshot\n>p1 move earthpower\n>p2 move closecombat\n>p1 switch 3\n>p1 move psyshock\n>p2 move scaleshot\n>p1 switch 6\n>p1 move ivycudgel terastallize\n>p2 move closecombat", "uploadtime": 1732997027, "views": 1, "formatid": "gen9randombattle", "rating": 1316, "private": 0, "password": null}