{"id": "gen9randombattle-2254176864", "format": "[Gen 9] Random Battle", "players": ["ghostwalker23", "Aureum_0"], "log": "|j|\u2606ghostwalker23\n|j|\u2606Aureum_0\n|t:|1733000740\n|gametype|singles\n|player|p1|ghostwalker23|dragontamer|1331\n|player|p2|Aureum_0|2|1388\n|teamsize|p1|6\n|teamsize|p2|6\n|gen|9\n|tier|[Gen 9] Random Battle\n|rated|\n|rule|Species Clause: Limit one of each Pok\u00e9mon\n|rule|HP Percentage Mod: HP is shown in percentages\n|rule|Sleep Clause Mod: Limit one foe put to sleep\n|rule|Illusion Level Mod: Illusion disguises the Pok\u00e9mon's true level\n|\n|t:|1733000740\n|start\n|switch|p1a: Chesnaught|Chesnaught, L84, M|285/285\n|switch|p2a: Spidops|Spidops, L96, F|271/271\n|turn|1\n|inactive|Battle timer is ON: inactive players will automatically lose when time's up. (requested by ghostwalker23)\n|inactive|ghostwalker23 has 120 seconds left.\n|\n|t:|1733000791\n|switch|p1a: Maushold|Maushold, L76|238/238\n|move|p2a: Spidops|Sticky Web|p1a: Maushold\n|-sidestart|p1: ghostwalker23|move: Sticky Web\n|\n|upkeep\n|turn|2\n|\n|t:|1733000798\n|move|p1a: Maushold|Tidy Up|p1a: Maushold\n|-sideend|p1: ghostwalker23|Sticky Web\n|-activate|p1a: Maushold|move: Tidy Up\n|-boost|p1a: Maushold|atk|1\n|-boost|p1a: Maushold|spe|1\n|move|p2a: Spidops|Knock Off|p1a: Maushold\n|-damage|p1a: Maushold|139/238\n|-enditem|p1a: Maushold|Wide Lens|[from] move: Knock Off|[of] p2a: Spidops\n|\n|upkeep\n|turn|3\n|\n|t:|1733000811\n|move|p1a: Maushold|Population Bomb|p2a: Spidops\n|-damage|p2a: Spidops|244/271\n|-damage|p2a: Spidops|219/271\n|-damage|p2a: Spidops|192/271\n|-hitcount|p2a: Spidops|3\n|move|p2a: Spidops|Circle Throw|p1a: Maushold\n|-supereffective|p1a: Maushold\n|-damage|p1a: Maushold|25/238\n|drag|p1a: Conkeldurr|Conkeldurr, L80, F|299/299\n|\n|-status|p1a: Conkeldurr|brn|[from] item: Flame Orb\n|upkeep\n|turn|4\n|\n|t:|1733000839\n|move|p2a: Spidops|Sticky Web|p1a: Conkeldurr\n|-sidestart|p1: ghostwalker23|move: Sticky Web\n|move|p1a: Conkeldurr|Facade|p2a: Spidops\n|-damage|p2a: Spidops|43/271\n|\n|-damage|p1a: Conkeldurr|281/299 brn|[from] brn\n|upkeep\n|turn|5\n|inactive|ghostwalker23 has 120 seconds left.\n|\n|t:|1733000855\n|move|p1a: Conkeldurr|Mach Punch|p2a: Spidops\n|-resisted|p2a: Spidops\n|-damage|p2a: Spidops|10/271\n|move|p2a: Spidops|U-turn|p1a: Conkeldurr\n|-resisted|p1a: Conkeldurr\n|-crit|p1a: Conkeldurr\n|-damage|p1a: Conkeldurr|217/299 brn\n|\n|t:|1733000868\n|switch|p2a: Tyranitar|Tyranitar, L79, M|288/288|[from] U-turn\n|-weather|Sandstorm|[from] ability: Sand Stream|[of] p2a: Tyranitar\n|\n|-weather|Sandstorm|[upkeep]\n|-damage|p1a: Conkeldurr|199/299 brn|[from] Sandstorm\n|-damage|p1a: Conkeldurr|181/299 brn|[from] brn\n|upkeep\n|turn|6\n|\n|t:|1733000881\n|-terastallize|p2a: Tyranitar|Ghost\n|move|p1a: Conkeldurr|Mach Punch|p2a: Tyranitar\n|-immune|p2a: Tyranitar\n|move|p2a: Tyranitar|Dragon Dance|p2a: Tyranitar\n|-boost|p2a: Tyranitar|atk|1\n|-boost|p2a: Tyranitar|spe|1\n|\n|-weather|Sandstorm|[upkeep]\n|-damage|p2a: Tyranitar|270/288|[from] Sandstorm\n|-damage|p1a: Conkeldurr|163/299 brn|[from] Sandstorm\n|-heal|p2a: Tyranitar|288/288|[from] item: Leftovers\n|-damage|p1a: Conkeldurr|145/299 brn|[from] brn\n|upkeep\n|turn|7\n|\n|t:|1733000897\n|move|p2a: Tyranitar|Ice Punch|p1a: Conkeldurr\n|-damage|p1a: Conkeldurr|59/299 brn\n|move|p1a: Conkeldurr|Knock Off|p2a: Tyranitar\n|-supereffective|p2a: Tyranitar\n|-damage|p2a: Tyranitar|62/288\n|-enditem|p2a: Tyranitar|Leftovers|[from] move: Knock Off|[of] p1a: Conkeldurr\n|\n|-weather|Sandstorm|[upkeep]\n|-damage|p2a: Tyranitar|44/288|[from] Sandstorm\n|-damage|p1a: Conkeldurr|41/299 brn|[from] Sandstorm\n|-damage|p1a: Conkeldurr|23/299 brn|[from] brn\n|upkeep\n|turn|8\n|\n|t:|1733000906\n|move|p2a: Tyranitar|Knock Off|p1a: Conkeldurr\n|-resisted|p1a: Conkeldurr\n|-damage|p1a: Conkeldurr|0 fnt\n|-enditem|p1a: Conkeldurr|Flame Orb|[from] move: Knock Off|[of] p2a: Tyranitar\n|faint|p1a: Conkeldurr\n|\n|-weather|Sandstorm|[upkeep]\n|-damage|p2a: Tyranitar|26/288|[from] Sandstorm\n|upkeep\n|\n|t:|1733000911\n|switch|p1a: Maushold|Maushold, L76|25/238\n|-activate|p1a: Maushold|move: Sticky Web\n|-unboost|p1a: Maushold|spe|1\n|turn|9\n|\n|t:|1733000917\n|move|p2a: Tyranitar|Knock Off|p1a: Maushold\n|-damage|p1a: Maushold|0 fnt\n|faint|p1a: Maushold\n|\n|-weather|none\n|upkeep\n|\n|t:|1733000926\n|switch|p1a: Regieleki|Regieleki, L79|256/256\n|-activate|p1a: Regieleki|move: Sticky Web\n|-unboost|p1a: Regieleki|spe|1\n|turn|10\n|\n|t:|1733000937\n|move|p1a: Regieleki|Thunderbolt|p2a: Tyranitar\n|-damage|p2a: Tyranitar|0 fnt\n|faint|p2a: Tyranitar\n|\n|upkeep\n|\n|t:|1733000945\n|switch|p2a: Lapras|Lapras, L87, F|367/367\n|turn|11\n|\n|t:|1733000950\n|switch|p2a: Bellibolt|Bellibolt, L84, M|320/320\n|move|p1a: Regieleki|Rapid Spin|p2a: Bellibolt\n|-damage|p2a: Bellibolt|286/320\n|-boost|p1a: Regieleki|spe|1\n|-start|p2a: Bellibolt|Charge|Rapid Spin|[from] ability: Electromorphosis\n|-sideend|p1: ghostwalker23|Sticky Web|[from] move: Rapid Spin|[of] p1a: Regieleki\n|\n|-heal|p2a: Bellibolt|306/320|[from] item: Leftovers\n|upkeep\n|turn|12\n|\n|t:|1733000972\n|move|p1a: Regieleki|Volt Switch|p2a: Bellibolt\n|-resisted|p2a: Bellibolt\n|-damage|p2a: Bellibolt|253/320\n|-start|p2a: Bellibolt|Charge|Volt Switch|[from] ability: Electromorphosis\n|\n|t:|1733000977\n|switch|p1a: Chesnaught|Chesnaught, L84, M|285/285|[from] Volt Switch\n|move|p2a: Bellibolt|Toxic|p1a: Chesnaught\n|-status|p1a: Chesnaught|tox\n|\n|-heal|p2a: Bellibolt|273/320|[from] item: Leftovers\n|-damage|p1a: Chesnaught|268/285 tox|[from] psn\n|upkeep\n|turn|13\n|\n|t:|1733000993\n|switch|p2a: Zebstrika|Zebstrika, L87, M|272/272\n|move|p1a: Chesnaught|Wood Hammer|p2a: Zebstrika\n|-ability|p2a: Zebstrika|Sap Sipper|boost\n|-boost|p2a: Zebstrika|atk|1\n|\n|-damage|p1a: Chesnaught|234/285 tox|[from] psn\n|upkeep\n|turn|14\n|inactive|ghostwalker23 has 120 seconds left.\n|inactive|ghostwalker23 has 90 seconds left.\n|\n|t:|1733001054\n|switch|p1a: Regieleki|Regieleki, L79|256/256\n|move|p2a: Zebstrika|Supercell Slam|p1a: Regieleki\n|-resisted|p1a: Regieleki\n|-damage|p1a: Regieleki|70/256\n|-damage|p2a: Zebstrika|245/272|[from] item: Life Orb\n|\n|upkeep\n|turn|15\n|inactive|ghostwalker23 has 90 seconds left.\n|\n|t:|1733001070\n|move|p1a: Regieleki|Thunderbolt|p2a: Zebstrika\n|-resisted|p2a: Zebstrika\n|-damage|p2a: Zebstrika|160/272\n|move|p2a: Zebstrika|High Horsepower|p1a: Regieleki\n|-supereffective|p1a: Regieleki\n|-damage|p1a: Regieleki|0 fnt\n|faint|p1a: Regieleki\n|-damage|p2a: Zebstrika|133/272|[from] item: Life Orb\n|\n|upkeep\n|\n|t:|1733001082\n|switch|p1a: Malamar|Malamar, L82, M|275/275\n|turn|16\n|\n|t:|1733001094\n|move|p2a: Zebstrika|Supercell Slam|p1a: Malamar\n|-damage|p1a: Malamar|49/275\n|-damage|p2a: Zebstrika|106/272|[from] item: Life Orb\n|move|p1a: Malamar|Superpower|p2a: Zebstrika\n|-damage|p2a: Zebstrika|7/272\n|-boost|p1a: Malamar|atk|1\n|-boost|p1a: Malamar|def|1\n|\n|upkeep\n|turn|17\n|\n|t:|1733001105\n|move|p2a: Zebstrika|High Horsepower|p1a: Malamar\n|-damage|p1a: Malamar|0 fnt\n|faint|p1a: Malamar\n|-damage|p2a: Zebstrika|0 fnt|[from] item: Life Orb\n|faint|p2a: Zebstrika\n|\n|upkeep\n|\n|t:|1733001119\n|switch|p2a: Glastrier|Glastrier, L86|311/311\n|switch|p1a: Chesnaught|Chesnaught, L84, M|234/285 tox\n|turn|18\n|\n|t:|1733001127\n|move|p1a: Chesnaught|Body Press|p2a: Glastrier\n|-supereffective|p2a: Glastrier\n|-damage|p2a: Glastrier|173/311\n|move|p2a: Glastrier|Icicle Crash|p1a: Chesnaught|[miss]\n|-miss|p2a: Glastrier|p1a: Chesnaught\n|\n|-damage|p1a: Chesnaught|217/285 tox|[from] psn\n|upkeep\n|turn|19\n|inactive|ghostwalker23 has 90 seconds left.\n|\n|t:|1733001145\n|-terastallize|p1a: Chesnaught|Water\n|move|p1a: Chesnaught|Body Press|p2a: Glastrier\n|-supereffective|p2a: Glastrier\n|-damage|p2a: Glastrier|21/311\n|move|p2a: Glastrier|Icicle Crash|p1a: Chesnaught\n|-resisted|p1a: Chesnaught\n|-damage|p1a: Chesnaught|145/285 tox\n|\n|-damage|p1a: Chesnaught|111/285 tox|[from] psn\n|upkeep\n|turn|20\n|\n|t:|1733001162\n|switch|p2a: Bellibolt|Bellibolt, L84, M|273/320\n|move|p1a: Chesnaught|Knock Off|p2a: Bellibolt\n|-damage|p2a: Bellibolt|202/320\n|-start|p2a: Bellibolt|Charge|Knock Off|[from] ability: Electromorphosis\n|-enditem|p2a: Bellibolt|Leftovers|[from] move: Knock Off|[of] p1a: Chesnaught\n|\n|-damage|p1a: Chesnaught|60/285 tox|[from] psn\n|upkeep\n|turn|21\n|inactive|ghostwalker23 has 90 seconds left.\n|\n|t:|1733001182\n|switch|p1a: Dedenne|Dedenne, L88, M|261/261\n|move|p2a: Bellibolt|Thunderbolt|p1a: Dedenne\n|-resisted|p1a: Dedenne\n|-damage|p1a: Dedenne|154/261\n|-end|p2a: Bellibolt|Charge|[silent]\n|\n|upkeep\n|turn|22\n|inactive|ghostwalker23 has 90 seconds left.\n|\n|t:|1733001192\n|move|p1a: Dedenne|U-turn|p2a: Bellibolt\n|-damage|p2a: Bellibolt|164/320\n|-start|p2a: Bellibolt|Charge|U-turn|[from] ability: Electromorphosis\n|\n|t:|1733001194\n|switch|p1a: Chesnaught|Chesnaught, L84, M, tera:Water|60/285 tox|[from] U-turn\n|move|p2a: Bellibolt|Slack Off|p2a: Bellibolt\n|-heal|p2a: Bellibolt|320/320\n|\n|-damage|p1a: Chesnaught|43/285 tox|[from] psn\n|upkeep\n|turn|23\n|\n|t:|1733001204\n|move|p1a: Chesnaught|Synthesis|p1a: Chesnaught\n|-heal|p1a: Chesnaught|185/285 tox\n|move|p2a: Bellibolt|Thunderbolt|p1a: Chesnaught\n|-supereffective|p1a: Chesnaught\n|-crit|p1a: Chesnaught\n|-damage|p1a: Chesnaught|0 fnt\n|faint|p1a: Chesnaught\n|-end|p2a: Bellibolt|Charge|[silent]\n|\n|upkeep\n|-message|ghostwalker23 forfeited.\n|\n|win|Aureum_0\n|raw|ghostwalker23's rating: 1331 &rarr; <strong>1314</strong><br />(-17 for losing)\n|raw|Aureum_0's rating: 1388 &rarr; <strong>1405</strong><br />(+17 for winning)\n|l|\u2606ghostwalker23\n|player|p1|\n", "inputlog": ">version b107d77f5c90bd6555267ae244a6264823309ead\n>start {\"formatid\":\"gen9randombattle\",\"seed\":[9891,61700,31279,39204],\"rated\":\"Rated battle\"}\n>player p1 {\"name\":\"ghostwalker23\",\"avatar\":\"dragontamer\",\"rating\":1331,\"seed\":[8761,31642,65164,16488]}\n>player p2 {\"name\":\"Aureum_0\",\"avatar\":\"2\",\"rating\":1388,\"seed\":[15989,37854,18100,27680]}\n>p1 switch 3\n>p2 move stickyweb\n>p1 move tidyup\n>p2 move knockoff\n>p1 move populationbomb\n>p2 move circlethrow\n>p1 move facade\n>p2 move stickyweb\n>p1 move machpunch\n>p2 move uturn\n>p2 switch 5\n>p1 move machpunch\n>p2 move dragondance terastallize\n>p1 move knockoff\n>p2 move icepunch\n>p1 move knockoff\n>p2 move knockoff\n>p1 switch 4\n>p1 move bite\n>p2 move knockoff\n>p1 switch 2\n>p1 move thunderbolt\n>p2 move knockoff\n>p2 switch 2\n>p1 move rapidspin\n>p2 switch 3\n>p1 move voltswitch\n>p2 move toxic\n>p1 switch 3\n>p1 move woodhammer\n>p2 switch 6\n>p1 switch 3\n>p2 move supercellslam\n>p1 move thunderbolt\n>p2 move highhorsepower\n>p1 switch 6\n>p1 move superpower\n>p2 move supercellslam\n>p1 move rest\n>p2 move highhorsepower\n>p1 switch 3\n>p2 switch 4\n>p1 move bodypress\n>p2 move iciclecrash\n>p1 move bodypress terastallize\n>p2 move iciclecrash\n>p1 move knockoff\n>p2 switch 6\n>p1 switch 5\n>p2 move thunderbolt\n>p1 move uturn\n>p2 move slackoff\n>p1 switch 5\n>p1 move synthesis\n>p2 move thunderbolt\n>forcelose p1", "uploadtime": 1733001213, "views": 2, "formatid": "gen9randombattle", "rating": 1314, "private": 0, "password": null}