{"id": "gen9randombattle-2254133424", "format": "[Gen 9] Random Battle", "players": ["Ligsa", "Andras14"], "log": "|j|\u2606Ligsa\n|j|\u2606Andras14\n|t:|1732995315\n|gametype|singles\n|player|p1|Ligsa|red|1403\n|player|p2|Andras14|harlequin|1355\n|teamsize|p1|6\n|teamsize|p2|6\n|gen|9\n|tier|[Gen 9] Random Battle\n|rated|\n|rule|Species Clause: Limit one of each Pok\u00e9mon\n|rule|HP Percentage Mod: HP is shown in percentages\n|rule|Sleep Clause Mod: Limit one foe put to sleep\n|rule|Illusion Level Mod: Illusion disguises the Pok\u00e9mon's true level\n|\n|t:|1732995315\n|start\n|switch|p1a: Ariados|Ariados, L95, M|287/287\n|switch|p2a: Baxcalibur|Baxcalibur, L75, F|295/295\n|turn|1\n|inactive|Battle timer is ON: inactive players will automatically lose when time's up. (requested by Ligsa)\n|inactive|Ligsa has 120 seconds left.\n|\n|t:|1732995349\n|switch|p1a: Dedenne|Dedenne, L88, F|261/261\n|move|p2a: Baxcalibur|Swords Dance|p2a: Baxcalibur\n|-boost|p2a: Baxcalibur|atk|2\n|\n|upkeep\n|turn|2\n|\n|t:|1732995361\n|-terastallize|p2a: Baxcalibur|Ground\n|move|p1a: Dedenne|Dazzling Gleam|p2a: Baxcalibur\n|-damage|p2a: Baxcalibur|201/295\n|move|p2a: Baxcalibur|Earthquake|p1a: Dedenne\n|-supereffective|p1a: Dedenne\n|-damage|p1a: Dedenne|0 fnt\n|faint|p1a: Dedenne\n|\n|upkeep\n|\n|t:|1732995367\n|switch|p1a: Tauros|Tauros-Paldea-Aqua, L81, M|254/254\n|-ability|p1a: Tauros|Intimidate|boost\n|-unboost|p2a: Baxcalibur|atk|1\n|turn|3\n|\n|t:|1732995384\n|switch|p2a: Tentacruel|Tentacruel, L84, M|272/272\n|move|p1a: Tauros|Liquidation|p2a: Tentacruel\n|-resisted|p2a: Tentacruel\n|-damage|p2a: Tentacruel|202/272\n|-damage|p1a: Tauros|229/254|[from] item: Life Orb\n|\n|-heal|p2a: Tentacruel|219/272|[from] item: Leftovers\n|upkeep\n|turn|4\n|\n|t:|1732995399\n|switch|p1a: Ariados|Ariados, L95, M|287/287\n|move|p2a: Tentacruel|Sludge Bomb|p1a: Ariados\n|-resisted|p1a: Ariados\n|-damage|p1a: Ariados|243/287\n|\n|-heal|p2a: Tentacruel|236/272|[from] item: Leftovers\n|upkeep\n|turn|5\n|\n|t:|1732995408\n|move|p2a: Tentacruel|Toxic Spikes|p1a: Ariados\n|-sidestart|p1: Ligsa|move: Toxic Spikes\n|move|p1a: Ariados|Sticky Web|p2a: Tentacruel\n|-sidestart|p2: Andras14|move: Sticky Web\n|\n|-heal|p2a: Tentacruel|253/272|[from] item: Leftovers\n|upkeep\n|turn|6\n|\n|t:|1732995415\n|switch|p1a: Luvdisc|Luvdisc, F|247/247\n|move|p2a: Tentacruel|Surf|p1a: Luvdisc\n|-resisted|p1a: Luvdisc\n|-damage|p1a: Luvdisc|205/247\n|\n|-heal|p2a: Tentacruel|270/272|[from] item: Leftovers\n|upkeep\n|turn|7\n|\n|t:|1732995427\n|move|p1a: Luvdisc|Substitute|p1a: Luvdisc\n|-start|p1a: Luvdisc|Substitute\n|-damage|p1a: Luvdisc|144/247\n|move|p2a: Tentacruel|Flip Turn|p1a: Luvdisc\n|-resisted|p1a: Luvdisc\n|-activate|p1a: Luvdisc|move: Substitute|[damage]\n|\n|t:|1732995433\n|switch|p2a: Corviknight|Corviknight, L80, F|288/288|[from] Flip Turn\n|\n|upkeep\n|turn|8\n|\n|t:|1732995439\n|move|p1a: Luvdisc|Whirlpool|p2a: Corviknight\n|-damage|p2a: Corviknight|258/288\n|-activate|p2a: Corviknight|move: Whirlpool|[of] p1a: Luvdisc\n|move|p2a: Corviknight|Defog|p1a: Luvdisc\n|-sideend|p1: Ligsa|Toxic Spikes|[from] move: Defog|[of] p2a: Corviknight\n|-sideend|p2: Andras14|Sticky Web|[from] move: Defog|[of] p2a: Corviknight\n|\n|-damage|p2a: Corviknight|222/288|[from] move: Whirlpool|[partiallytrapped]\n|upkeep\n|turn|9\n|\n|t:|1732995452\n|move|p1a: Luvdisc|Surf|p2a: Corviknight\n|-damage|p2a: Corviknight|149/288\n|move|p2a: Corviknight|Brave Bird|p1a: Luvdisc\n|-end|p1a: Luvdisc|Substitute\n|-damage|p2a: Corviknight|139/288|[from] Recoil|[of] p1a: Luvdisc\n|\n|-damage|p2a: Corviknight|103/288|[from] move: Whirlpool|[partiallytrapped]\n|upkeep\n|turn|10\n|\n|t:|1732995467\n|move|p1a: Luvdisc|Substitute|p1a: Luvdisc\n|-start|p1a: Luvdisc|Substitute\n|-damage|p1a: Luvdisc|83/247\n|move|p2a: Corviknight|Roost|p2a: Corviknight\n|-heal|p2a: Corviknight|247/288\n|-singleturn|p2a: Corviknight|move: Roost\n|\n|-damage|p2a: Corviknight|211/288|[from] move: Whirlpool|[partiallytrapped]\n|upkeep\n|turn|11\n|\n|t:|1732995476\n|move|p1a: Luvdisc|Endeavor|p2a: Corviknight\n|-damage|p2a: Corviknight|83/288\n|-damage|p1a: Luvdisc|42/247|[from] item: Rocky Helmet|[of] p2a: Corviknight\n|move|p2a: Corviknight|Brave Bird|p1a: Luvdisc\n|-end|p1a: Luvdisc|Substitute\n|-damage|p2a: Corviknight|63/288|[from] Recoil|[of] p1a: Luvdisc\n|\n|-damage|p2a: Corviknight|27/288|[from] move: Whirlpool|[partiallytrapped]\n|upkeep\n|turn|12\n|\n|t:|1732995488\n|move|p1a: Luvdisc|Surf|p2a: Corviknight\n|-damage|p2a: Corviknight|0 fnt\n|faint|p2a: Corviknight\n|\n|upkeep\n|\n|t:|1732995494\n|switch|p2a: Lucario|Lucario, L84, F|255/255\n|turn|13\n|\n|t:|1732995503\n|move|p2a: Lucario|Extreme Speed|p1a: Luvdisc\n|-damage|p1a: Luvdisc|0 fnt\n|faint|p1a: Luvdisc\n|-damage|p2a: Lucario|230/255|[from] item: Life Orb\n|\n|upkeep\n|\n|t:|1732995514\n|switch|p1a: Tauros|Tauros-Paldea-Aqua, L81, M|229/254\n|-ability|p1a: Tauros|Intimidate|boost\n|-unboost|p2a: Lucario|atk|1\n|turn|14\n|\n|t:|1732995523\n|switch|p2a: Tentacruel|Tentacruel, L84, M|270/272\n|move|p1a: Tauros|Close Combat|p2a: Tentacruel\n|-resisted|p2a: Tentacruel\n|-damage|p2a: Tentacruel|165/272\n|-unboost|p1a: Tauros|def|1\n|-unboost|p1a: Tauros|spd|1\n|-damage|p1a: Tauros|204/254|[from] item: Life Orb\n|\n|-heal|p2a: Tentacruel|182/272|[from] item: Leftovers\n|upkeep\n|turn|15\n|\n|t:|1732995535\n|switch|p1a: Ariados|Ariados, L95, M|243/287\n|move|p2a: Tentacruel|Surf|p1a: Ariados\n|-damage|p1a: Ariados|152/287\n|\n|-heal|p2a: Tentacruel|199/272|[from] item: Leftovers\n|upkeep\n|turn|16\n|\n|t:|1732995545\n|move|p2a: Tentacruel|Surf|p1a: Ariados\n|-damage|p1a: Ariados|67/287\n|move|p1a: Ariados|Sticky Web|p2a: Tentacruel\n|-sidestart|p2: Andras14|move: Sticky Web\n|\n|-heal|p2a: Tentacruel|216/272|[from] item: Leftovers\n|upkeep\n|turn|17\n|\n|t:|1732995553\n|switch|p1a: Gothitelle|Gothitelle, L90, M|272/272\n|move|p2a: Tentacruel|Surf|p1a: Gothitelle\n|-damage|p1a: Gothitelle|209/272\n|\n|-heal|p2a: Tentacruel|233/272|[from] item: Leftovers\n|-heal|p1a: Gothitelle|226/272|[from] item: Leftovers\n|upkeep\n|turn|18\n|\n|t:|1732995563\n|move|p2a: Tentacruel|Flip Turn|p1a: Gothitelle\n|-damage|p1a: Gothitelle|184/272\n|\n|t:|1732995571\n|switch|p2a: Palkia|Palkia-Origin, L72|249/249|[from] Flip Turn\n|-activate|p2a: Palkia|move: Sticky Web\n|-unboost|p2a: Palkia|spe|1\n|-ability|p2a: Palkia|Pressure\n|move|p1a: Gothitelle|Calm Mind|p1a: Gothitelle\n|-boost|p1a: Gothitelle|spa|1\n|-boost|p1a: Gothitelle|spd|1\n|\n|-heal|p1a: Gothitelle|201/272|[from] item: Leftovers\n|upkeep\n|turn|19\n|\n|t:|1732995586\n|move|p1a: Gothitelle|Thunderbolt|p2a: Palkia\n|-damage|p2a: Palkia|145/249\n|move|p2a: Palkia|Draco Meteor|p1a: Gothitelle\n|-damage|p1a: Gothitelle|107/272\n|-unboost|p2a: Palkia|spa|2\n|\n|-heal|p1a: Gothitelle|124/272|[from] item: Leftovers\n|upkeep\n|turn|20\n|\n|t:|1732995597\n|move|p1a: Gothitelle|Calm Mind|p1a: Gothitelle\n|-boost|p1a: Gothitelle|spa|1\n|-boost|p1a: Gothitelle|spd|1\n|move|p2a: Palkia|Thunder Wave|p1a: Gothitelle\n|-status|p1a: Gothitelle|par\n|\n|-heal|p1a: Gothitelle|141/272 par|[from] item: Leftovers\n|upkeep\n|turn|21\n|\n|t:|1732995606\n|move|p2a: Palkia|Hydro Pump|p1a: Gothitelle|[miss]\n|-miss|p2a: Palkia|p1a: Gothitelle\n|move|p1a: Gothitelle|Psychic Noise|p2a: Palkia\n|-damage|p2a: Palkia|0 fnt\n|faint|p2a: Palkia\n|\n|-heal|p1a: Gothitelle|158/272 par|[from] item: Leftovers\n|upkeep\n|\n|t:|1732995628\n|switch|p2a: Lucario|Lucario, L84, F|230/255\n|-activate|p2a: Lucario|move: Sticky Web\n|-unboost|p2a: Lucario|spe|1\n|turn|22\n|\n|t:|1732995633\n|move|p2a: Lucario|Extreme Speed|p1a: Gothitelle\n|-damage|p1a: Gothitelle|87/272 par\n|-damage|p2a: Lucario|205/255|[from] item: Life Orb\n|cant|p1a: Gothitelle|par\n|\n|-heal|p1a: Gothitelle|104/272 par|[from] item: Leftovers\n|upkeep\n|turn|23\n|\n|t:|1732995645\n|move|p2a: Lucario|Meteor Mash|p1a: Gothitelle|[miss]\n|-miss|p2a: Lucario|p1a: Gothitelle\n|cant|p1a: Gothitelle|par\n|\n|-heal|p1a: Gothitelle|121/272 par|[from] item: Leftovers\n|upkeep\n|turn|24\n|\n|t:|1732995653\n|move|p2a: Lucario|Meteor Mash|p1a: Gothitelle\n|-damage|p1a: Gothitelle|0 fnt\n|-boost|p2a: Lucario|atk|1\n|faint|p1a: Gothitelle\n|-damage|p2a: Lucario|180/255|[from] item: Life Orb\n|\n|upkeep\n|\n|t:|1732995666\n|switch|p1a: Tauros|Tauros-Paldea-Aqua, L81, M|204/254\n|-ability|p1a: Tauros|Intimidate|boost\n|-unboost|p2a: Lucario|atk|1\n|turn|25\n|\n|t:|1732995671\n|switch|p2a: Tentacruel|Tentacruel, L84, M|233/272\n|-activate|p2a: Tentacruel|move: Sticky Web\n|-unboost|p2a: Tentacruel|spe|1\n|move|p1a: Tauros|Close Combat|p2a: Tentacruel\n|-resisted|p2a: Tentacruel\n|-damage|p2a: Tentacruel|119/272\n|-unboost|p1a: Tauros|def|1\n|-unboost|p1a: Tauros|spd|1\n|-damage|p1a: Tauros|179/254|[from] item: Life Orb\n|\n|-heal|p2a: Tentacruel|136/272|[from] item: Leftovers\n|upkeep\n|turn|26\n|\n|t:|1732995683\n|switch|p1a: Ariados|Ariados, L95, M|67/287\n|move|p2a: Tentacruel|Sludge Bomb|p1a: Ariados\n|-resisted|p1a: Ariados\n|-damage|p1a: Ariados|20/287\n|\n|-heal|p2a: Tentacruel|153/272|[from] item: Leftovers\n|upkeep\n|turn|27\n|\n|t:|1732995692\n|move|p2a: Tentacruel|Surf|p1a: Ariados\n|-damage|p1a: Ariados|0 fnt\n|faint|p1a: Ariados\n|\n|-heal|p2a: Tentacruel|170/272|[from] item: Leftovers\n|upkeep\n|\n|t:|1732995699\n|switch|p1a: Porygon-Z|Porygon-Z, L83|277/277\n|turn|28\n|\n|t:|1732995709\n|move|p1a: Porygon-Z|Agility|p1a: Porygon-Z\n|-boost|p1a: Porygon-Z|spe|2\n|move|p2a: Tentacruel|Sludge Bomb|p1a: Porygon-Z\n|-damage|p1a: Porygon-Z|178/277\n|\n|-heal|p2a: Tentacruel|187/272|[from] item: Leftovers\n|upkeep\n|turn|29\n|\n|t:|1732995719\n|move|p1a: Porygon-Z|Nasty Plot|p1a: Porygon-Z\n|-boost|p1a: Porygon-Z|spa|2\n|move|p2a: Tentacruel|Sludge Bomb|p1a: Porygon-Z\n|-damage|p1a: Porygon-Z|79/277\n|\n|-heal|p2a: Tentacruel|204/272|[from] item: Leftovers\n|upkeep\n|turn|30\n|\n|t:|1732995732\n|-terastallize|p1a: Porygon-Z|Fighting\n|move|p1a: Porygon-Z|Tera Blast|p2a: Tentacruel|[anim] Tera Blast Fighting\n|-resisted|p2a: Tentacruel\n|-damage|p2a: Tentacruel|51/272\n|-damage|p1a: Porygon-Z|52/277|[from] item: Life Orb\n|move|p2a: Tentacruel|Sludge Bomb|p1a: Porygon-Z\n|-damage|p1a: Porygon-Z|0 fnt\n|faint|p1a: Porygon-Z\n|\n|-heal|p2a: Tentacruel|68/272|[from] item: Leftovers\n|upkeep\n|l|\u2606Ligsa\n|inactive|Ligsa disconnected and has a minute to reconnect!\n|player|p1|\n|inactive|Ligsa has 30 seconds to reconnect!\n|inactive|Ligsa has 20 seconds to reconnect!\n|inactive|Ligsa has 15 seconds to reconnect!\n|inactive|Ligsa has 10 seconds to reconnect!\n|inactive|Ligsa has 5 seconds to reconnect!\n|-message|Ligsa lost due to inactivity.\n|\n|win|Andras14\n|raw|Ligsa's rating: 1403 &rarr; <strong>1380</strong><br />(-23 for losing)\n|raw|Andras14's rating: 1355 &rarr; <strong>1378</strong><br />(+23 for winning)\n", "inputlog": ">version b107d77f5c90bd6555267ae244a6264823309ead\n>start {\"formatid\":\"gen9randombattle\",\"seed\":[63583,23863,17197,13695],\"rated\":\"Rated battle\"}\n>player p1 {\"name\":\"Ligsa\",\"avatar\":\"red\",\"rating\":1403,\"seed\":[30631,7373,49327,27503]}\n>player p2 {\"name\":\"Andras14\",\"avatar\":\"harlequin\",\"rating\":1355,\"seed\":[61830,58683,40519,9074]}\n>p1 switch 6\n>p2 move swordsdance\n>p1 move dazzlinggleam\n>p2 move earthquake terastallize\n>p1 switch 2\n>p1 move liquidation\n>p2 switch 4\n>p1 switch 6\n>p2 move sludgebomb\n>p1 move stickyweb\n>p2 move toxicspikes\n>p1 switch 5\n>p2 move surf\n>p1 move substitute\n>p2 move flipturn\n>p2 switch 2\n>p1 move whirlpool\n>p2 move defog\n>p1 move surf\n>p2 move bravebird\n>p1 move substitute\n>p2 move roost\n>p1 move endeavor\n>p2 move bravebird\n>p1 move surf\n>p2 move roost\n>p2 switch 5\n>p1 move endeavor\n>p2 move extremespeed\n>p1 switch 6\n>p1 move closecombat\n>p2 switch 2\n>p1 switch 5\n>p2 move surf\n>p1 move stickyweb\n>p2 move surf\n>p1 switch 4\n>p2 move surf\n>p1 move calmmind\n>p2 move flipturn\n>p2 switch 3\n>p1 move thunderbolt\n>p2 move dracometeor\n>p1 move calmmind\n>p2 move thunderwave\n>p1 move psychicnoise\n>p2 move hydropump\n>p2 switch 2\n>p1 move psychicnoise\n>p2 move extremespeed\n>p1 move psychicnoise\n>p2 move meteormash\n>p1 move psychicnoise\n>p2 move meteormash\n>p1 switch 5\n>p1 move closecombat\n>p2 switch 3\n>p1 switch 4\n>p2 move sludgebomb\n>p1 move megahorn\n>p2 move surf\n>p1 switch 3\n>p1 move agility\n>p2 move sludgebomb\n>p1 move nastyplot\n>p2 move sludgebomb\n>p1 move terablast terastallize\n>p2 move sludgebomb\n>forcelose p1", "uploadtime": 1732995807, "views": 2, "formatid": "gen9randombattle", "rating": 1378, "private": 0, "password": null}