{"id": "gen9randombattle-2253981183", "format": "[Gen 9] Random Battle", "players": ["Magna Orthus", "Meowastastic"], "log": "|j|\u2606Magna Orthus\n|j|\u2606Meowastastic\n|t:|1732975217\n|gametype|singles\n|player|p1|Magna Orthus|n|1126\n|player|p2|Meowastastic|camper|1088\n|teamsize|p1|6\n|teamsize|p2|6\n|gen|9\n|tier|[Gen 9] Random Battle\n|rated|\n|rule|Species Clause: Limit one of each Pok\u00e9mon\n|rule|HP Percentage Mod: HP is shown in percentages\n|rule|Sleep Clause Mod: Limit one foe put to sleep\n|rule|Illusion Level Mod: Illusion disguises the Pok\u00e9mon's true level\n|\n|t:|1732975217\n|start\n|switch|p1a: Toucannon|Toucannon, L88, M|284/284\n|switch|p2a: Azumarill|Azumarill, L82, F|298/298\n|turn|1\n|\n|t:|1732975240\n|switch|p2a: Ho-Oh|Ho-Oh, L71|268/268\n|move|p1a: Toucannon|Bullet Seed|p2a: Ho-Oh\n|-resisted|p2a: Ho-Oh\n|-damage|p2a: Ho-Oh|262/268\n|-resisted|p2a: Ho-Oh\n|-damage|p2a: Ho-Oh|256/268\n|-resisted|p2a: Ho-Oh\n|-damage|p2a: Ho-Oh|250/268\n|-resisted|p2a: Ho-Oh\n|-damage|p2a: Ho-Oh|243/268\n|-resisted|p2a: Ho-Oh\n|-damage|p2a: Ho-Oh|236/268\n|-hitcount|p2a: Ho-Oh|5\n|\n|upkeep\n|turn|2\n|\n|t:|1732975266\n|switch|p1a: Umbreon|Umbreon, L84, M|297/297\n|move|p2a: Ho-Oh|Sacred Fire|p1a: Umbreon\n|-damage|p1a: Umbreon|219/297\n|-status|p1a: Umbreon|brn\n|-activate|p1a: Umbreon|ability: Synchronize\n|-immune|p2a: Ho-Oh\n|\n|-heal|p1a: Umbreon|237/297 brn|[from] item: Leftovers\n|-damage|p1a: Umbreon|219/297 brn|[from] brn\n|upkeep\n|turn|3\n|\n|t:|1732975282\n|move|p2a: Ho-Oh|Earthquake|p1a: Umbreon\n|-damage|p1a: Umbreon|160/297 brn\n|move|p1a: Umbreon|Toxic|p2a: Ho-Oh|[miss]\n|-miss|p1a: Umbreon|p2a: Ho-Oh\n|\n|-heal|p1a: Umbreon|178/297 brn|[from] item: Leftovers\n|-damage|p1a: Umbreon|160/297 brn|[from] brn\n|upkeep\n|turn|4\n|\n|t:|1732975297\n|move|p2a: Ho-Oh|Brave Bird|p1a: Umbreon\n|-damage|p1a: Umbreon|66/297 brn\n|-damage|p2a: Ho-Oh|205/268|[from] Recoil\n|move|p1a: Umbreon|Toxic|p2a: Ho-Oh\n|-status|p2a: Ho-Oh|tox\n|\n|-heal|p1a: Umbreon|84/297 brn|[from] item: Leftovers\n|-damage|p2a: Ho-Oh|189/268 tox|[from] psn\n|-damage|p1a: Umbreon|66/297 brn|[from] brn\n|upkeep\n|turn|5\n|\n|t:|1732975317\n|switch|p1a: Iron Boulder|Iron Boulder, L77|265/265\n|-enditem|p1a: Iron Boulder|Booster Energy\n|-activate|p1a: Iron Boulder|ability: Quark Drive|[fromitem]\n|-start|p1a: Iron Boulder|quarkdrivespe\n|move|p2a: Ho-Oh|Brave Bird|p1a: Iron Boulder\n|-resisted|p1a: Iron Boulder\n|-damage|p1a: Iron Boulder|196/265\n|-damage|p2a: Ho-Oh|166/268 tox|[from] Recoil\n|\n|-damage|p2a: Ho-Oh|134/268 tox|[from] psn\n|upkeep\n|turn|6\n|\n|t:|1732975331\n|move|p1a: Iron Boulder|Swords Dance|p1a: Iron Boulder\n|-boost|p1a: Iron Boulder|atk|2\n|move|p2a: Ho-Oh|Earthquake|p1a: Iron Boulder\n|-supereffective|p1a: Iron Boulder\n|-damage|p1a: Iron Boulder|38/265\n|\n|-damage|p2a: Ho-Oh|86/268 tox|[from] psn\n|upkeep\n|turn|7\n|\n|t:|1732975340\n|move|p1a: Iron Boulder|Mighty Cleave|p2a: Ho-Oh\n|-supereffective|p2a: Ho-Oh\n|-damage|p2a: Ho-Oh|0 fnt\n|faint|p2a: Ho-Oh\n|\n|upkeep\n|\n|t:|1732975346\n|switch|p2a: Azumarill|Azumarill, L82, F|298/298\n|turn|8\n|\n|t:|1732975351\n|move|p2a: Azumarill|Aqua Jet|p1a: Iron Boulder\n|-supereffective|p1a: Iron Boulder\n|-damage|p1a: Iron Boulder|0 fnt\n|faint|p1a: Iron Boulder\n|-end|p1a: Iron Boulder|Quark Drive|[silent]\n|\n|upkeep\n|\n|t:|1732975355\n|switch|p1a: Toucannon|Toucannon, L88, M|284/284\n|turn|9\n|\n|t:|1732975363\n|switch|p2a: Avalugg|Avalugg, L88, M|310/310\n|move|p1a: Toucannon|Bullet Seed|p2a: Avalugg\n|-damage|p2a: Avalugg|296/310\n|-damage|p2a: Avalugg|283/310\n|-damage|p2a: Avalugg|270/310\n|-damage|p2a: Avalugg|258/310\n|-damage|p2a: Avalugg|246/310\n|-hitcount|p2a: Avalugg|5\n|\n|upkeep\n|turn|10\n|\n|t:|1732975377\n|switch|p1a: Falinks|Falinks, L84|246/246\n|move|p2a: Avalugg|Avalanche|p1a: Falinks\n|-damage|p1a: Falinks|170/246\n|\n|upkeep\n|turn|11\n|\n|t:|1732975391\n|switch|p2a: Plusle|Plusle, L95, M|268/268\n|move|p1a: Falinks|Knock Off|p2a: Plusle\n|-damage|p2a: Plusle|133/268\n|-enditem|p2a: Plusle|Life Orb|[from] move: Knock Off|[of] p1a: Falinks\n|-damage|p1a: Falinks|146/246|[from] item: Life Orb\n|\n|upkeep\n|turn|12\n|\n|t:|1732975401\n|move|p2a: Plusle|Alluring Voice|p1a: Falinks\n|-supereffective|p1a: Falinks\n|-damage|p1a: Falinks|0 fnt\n|faint|p1a: Falinks\n|\n|upkeep\n|\n|t:|1732975419\n|switch|p1a: Duraludon|Duraludon, L82, M|249/249\n|turn|13\n|\n|t:|1732975429\n|move|p2a: Plusle|Nasty Plot|p2a: Plusle\n|-boost|p2a: Plusle|spa|2\n|move|p1a: Duraludon|Flash Cannon|p2a: Plusle\n|-resisted|p2a: Plusle\n|-damage|p2a: Plusle|87/268\n|\n|upkeep\n|turn|14\n|\n|t:|1732975440\n|move|p2a: Plusle|Alluring Voice|p1a: Duraludon\n|-damage|p1a: Duraludon|121/249\n|move|p1a: Duraludon|Body Press|p2a: Plusle\n|-damage|p2a: Plusle|0 fnt\n|faint|p2a: Plusle\n|\n|upkeep\n|\n|t:|1732975448\n|switch|p2a: Avalugg|Avalugg, L88, M|246/310\n|turn|15\n|\n|t:|1732975455\n|move|p1a: Duraludon|Flash Cannon|p2a: Avalugg\n|-supereffective|p2a: Avalugg\n|-damage|p2a: Avalugg|0 fnt\n|faint|p2a: Avalugg\n|\n|upkeep\n|\n|t:|1732975461\n|switch|p2a: Azumarill|Azumarill, L82, F|298/298\n|turn|16\n|\n|t:|1732975468\n|move|p1a: Duraludon|Thunder Wave|p2a: Azumarill\n|-status|p2a: Azumarill|par\n|move|p2a: Azumarill|Play Rough|p1a: Duraludon|[miss]\n|-miss|p2a: Azumarill|p1a: Duraludon\n|\n|upkeep\n|turn|17\n|\n|t:|1732975475\n|move|p1a: Duraludon|Flash Cannon|p2a: Azumarill\n|-damage|p2a: Azumarill|195/298 par\n|move|p2a: Azumarill|Play Rough|p1a: Duraludon\n|-damage|p1a: Duraludon|24/249\n|\n|upkeep\n|turn|18\n|\n|t:|1732975482\n|move|p1a: Duraludon|Flash Cannon|p2a: Azumarill\n|-damage|p2a: Azumarill|96/298 par\n|cant|p2a: Azumarill|par\n|\n|upkeep\n|turn|19\n|\n|t:|1732975488\n|move|p1a: Duraludon|Flash Cannon|p2a: Azumarill\n|-damage|p2a: Azumarill|0 fnt\n|faint|p2a: Azumarill\n|\n|upkeep\n|\n|t:|1732975498\n|switch|p2a: Arceus|Arceus-Psychic, L69|280/280\n|turn|20\n|\n|t:|1732975507\n|move|p2a: Arceus|Body Press|p1a: Duraludon\n|-supereffective|p1a: Duraludon\n|-damage|p1a: Duraludon|0 fnt\n|faint|p1a: Duraludon\n|\n|upkeep\n|\n|t:|1732975519\n|switch|p1a: Oranguru|Oranguru, L92, F|315/315\n|turn|21\n|\n|t:|1732975530\n|move|p2a: Arceus|Cosmic Power|p2a: Arceus\n|-boost|p2a: Arceus|def|1\n|-boost|p2a: Arceus|spd|1\n|move|p1a: Oranguru|Psyshock|p2a: Arceus\n|-resisted|p2a: Arceus\n|-damage|p2a: Arceus|250/280\n|\n|upkeep\n|turn|22\n|\n|t:|1732975540\n|move|p2a: Arceus|Cosmic Power|p2a: Arceus\n|-boost|p2a: Arceus|def|1\n|-boost|p2a: Arceus|spd|1\n|move|p1a: Oranguru|Nasty Plot|p1a: Oranguru\n|-boost|p1a: Oranguru|spa|2\n|\n|upkeep\n|turn|23\n|\n|t:|1732975553\n|move|p2a: Arceus|Body Press|p1a: Oranguru\n|-damage|p1a: Oranguru|231/315\n|move|p1a: Oranguru|Thunderbolt|p2a: Arceus\n|-crit|p2a: Arceus\n|-damage|p2a: Arceus|49/280\n|\n|-heal|p1a: Oranguru|250/315|[from] item: Leftovers\n|upkeep\n|turn|24\n|\n|t:|1732975562\n|move|p2a: Arceus|Recover|p2a: Arceus\n|-heal|p2a: Arceus|189/280\n|move|p1a: Oranguru|Thunderbolt|p2a: Arceus\n|-damage|p2a: Arceus|126/280\n|\n|-heal|p1a: Oranguru|269/315|[from] item: Leftovers\n|upkeep\n|turn|25\n|\n|t:|1732975571\n|move|p2a: Arceus|Recover|p2a: Arceus\n|-heal|p2a: Arceus|266/280\n|move|p1a: Oranguru|Thunderbolt|p2a: Arceus\n|-damage|p2a: Arceus|200/280\n|\n|-heal|p1a: Oranguru|288/315|[from] item: Leftovers\n|upkeep\n|turn|26\n|\n|t:|1732975581\n|move|p2a: Arceus|Stored Power|p1a: Oranguru\n|-resisted|p1a: Oranguru\n|-crit|p1a: Oranguru\n|-damage|p1a: Oranguru|224/315\n|move|p1a: Oranguru|Thunderbolt|p2a: Arceus\n|-damage|p2a: Arceus|130/280\n|\n|-heal|p1a: Oranguru|243/315|[from] item: Leftovers\n|upkeep\n|turn|27\n|\n|t:|1732975590\n|move|p2a: Arceus|Body Press|p1a: Oranguru\n|-damage|p1a: Oranguru|159/315\n|move|p1a: Oranguru|Thunderbolt|p2a: Arceus\n|-damage|p2a: Arceus|67/280\n|\n|-heal|p1a: Oranguru|178/315|[from] item: Leftovers\n|upkeep\n|turn|28\n|\n|t:|1732975599\n|move|p2a: Arceus|Recover|p2a: Arceus\n|-heal|p2a: Arceus|207/280\n|move|p1a: Oranguru|Thunderbolt|p2a: Arceus\n|-damage|p2a: Arceus|134/280\n|\n|-heal|p1a: Oranguru|197/315|[from] item: Leftovers\n|upkeep\n|turn|29\n|\n|t:|1732975610\n|move|p2a: Arceus|Recover|p2a: Arceus\n|-heal|p2a: Arceus|274/280\n|move|p1a: Oranguru|Thunderbolt|p2a: Arceus\n|-damage|p2a: Arceus|201/280\n|\n|-heal|p1a: Oranguru|216/315|[from] item: Leftovers\n|upkeep\n|turn|30\n|\n|t:|1732975619\n|move|p2a: Arceus|Body Press|p1a: Oranguru\n|-damage|p1a: Oranguru|124/315\n|move|p1a: Oranguru|Thunderbolt|p2a: Arceus\n|-damage|p2a: Arceus|138/280\n|\n|-heal|p1a: Oranguru|143/315|[from] item: Leftovers\n|upkeep\n|turn|31\n|\n|t:|1732975628\n|move|p2a: Arceus|Body Press|p1a: Oranguru\n|-damage|p1a: Oranguru|55/315\n|move|p1a: Oranguru|Thunderbolt|p2a: Arceus\n|-damage|p2a: Arceus|70/280\n|\n|-heal|p1a: Oranguru|74/315|[from] item: Leftovers\n|upkeep\n|turn|32\n|\n|t:|1732975640\n|move|p2a: Arceus|Recover|p2a: Arceus\n|-heal|p2a: Arceus|210/280\n|move|p1a: Oranguru|Thunderbolt|p2a: Arceus\n|-damage|p2a: Arceus|141/280\n|\n|-heal|p1a: Oranguru|93/315|[from] item: Leftovers\n|upkeep\n|turn|33\n|\n|t:|1732975649\n|move|p2a: Arceus|Body Press|p1a: Oranguru\n|-damage|p1a: Oranguru|9/315\n|move|p1a: Oranguru|Thunderbolt|p2a: Arceus\n|-damage|p2a: Arceus|76/280\n|\n|-heal|p1a: Oranguru|28/315|[from] item: Leftovers\n|upkeep\n|turn|34\n|\n|t:|1732975659\n|move|p2a: Arceus|Body Press|p1a: Oranguru\n|-damage|p1a: Oranguru|0 fnt\n|faint|p1a: Oranguru\n|\n|upkeep\n|\n|t:|1732975662\n|switch|p1a: Toucannon|Toucannon, L88, M|284/284\n|turn|35\n|\n|t:|1732975673\n|move|p2a: Arceus|Recover|p2a: Arceus\n|-heal|p2a: Arceus|216/280\n|move|p1a: Toucannon|Bullet Seed|p2a: Arceus\n|-damage|p2a: Arceus|205/280\n|-damage|p2a: Arceus|193/280\n|-damage|p2a: Arceus|182/280\n|-damage|p2a: Arceus|170/280\n|-damage|p2a: Arceus|159/280\n|-hitcount|p2a: Arceus|5\n|\n|upkeep\n|turn|36\n|\n|t:|1732975686\n|move|p2a: Arceus|Cosmic Power|p2a: Arceus\n|-boost|p2a: Arceus|def|1\n|-boost|p2a: Arceus|spd|1\n|move|p1a: Toucannon|Bullet Seed|p2a: Arceus\n|-damage|p2a: Arceus|150/280\n|-damage|p2a: Arceus|141/280\n|-damage|p2a: Arceus|131/280\n|-damage|p2a: Arceus|122/280\n|-damage|p2a: Arceus|111/280\n|-hitcount|p2a: Arceus|5\n|\n|upkeep\n|turn|37\n|\n|t:|1732975701\n|move|p2a: Arceus|Cosmic Power|p2a: Arceus\n|-boost|p2a: Arceus|def|1\n|-boost|p2a: Arceus|spd|1\n|move|p1a: Toucannon|Boomburst|p2a: Arceus\n|-damage|p2a: Arceus|66/280\n|\n|upkeep\n|turn|38\n|\n|t:|1732975709\n|move|p2a: Arceus|Recover|p2a: Arceus\n|-heal|p2a: Arceus|206/280\n|move|p1a: Toucannon|Boomburst|p2a: Arceus\n|-damage|p2a: Arceus|166/280\n|\n|upkeep\n|turn|39\n|\n|t:|1732975716\n|switch|p1a: Umbreon|Umbreon, L84, M|66/297 brn\n|move|p2a: Arceus|Cosmic Power|p2a: Arceus\n|-boost|p2a: Arceus|def|1\n|-boost|p2a: Arceus|spd|1\n|\n|-heal|p1a: Umbreon|84/297 brn|[from] item: Leftovers\n|-damage|p1a: Umbreon|66/297 brn|[from] brn\n|upkeep\n|turn|40\n|\n|t:|1732975726\n|move|p2a: Arceus|Body Press|p1a: Umbreon\n|-supereffective|p1a: Umbreon\n|-damage|p1a: Umbreon|0 fnt\n|faint|p1a: Umbreon\n|\n|upkeep\n|-message|Magna Orthus forfeited.\n|\n|win|Meowastastic\n|raw|Magna Orthus's rating: 1126 &rarr; <strong>1098</strong><br />(-28 for losing)\n|raw|Meowastastic's rating: 1088 &rarr; <strong>1118</strong><br />(+30 for winning)\n|l|\u2606Magna Orthus\n|player|p1|\n", "inputlog": ">version b107d77f5c90bd6555267ae244a6264823309ead\n>start {\"formatid\":\"gen9randombattle\",\"seed\":[23140,21038,44482,3299],\"rated\":\"Rated battle\"}\n>player p1 {\"name\":\"Magna Orthus\",\"avatar\":\"n\",\"rating\":1126,\"seed\":[28846,45941,4881,16972]}\n>player p2 {\"name\":\"Meowastastic\",\"avatar\":\"camper\",\"rating\":1088,\"seed\":[7803,3771,9404,19466]}\n>p1 move bulletseed\n>p2 switch 2\n>p1 switch 4\n>p2 move sacredfire\n>p1 move toxic\n>p2 move earthquake\n>p1 move toxic\n>p2 move bravebird\n>p1 switch 5\n>p2 move bravebird\n>p1 move swordsdance\n>p2 move earthquake\n>p1 move mightycleave\n>p2 move earthquake\n>p2 switch 2\n>p1 move mightycleave\n>p2 move aquajet\n>p1 switch 4\n>p1 move bulletseed\n>p2 switch 4\n>p1 switch 3\n>p2 move avalanche\n>p1 move knockoff\n>p2 switch 5\n>p1 move closecombat\n>p2 move alluringvoice\n>p1 switch 2\n>p1 move flashcannon\n>p2 move nastyplot\n>p1 move bodypress\n>p2 move alluringvoice\n>p2 switch 5\n>p1 move flashcannon\n>p2 move avalanche\n>p2 switch 4\n>p1 move thunderwave\n>p2 move playrough\n>p1 move flashcannon\n>p2 move playrough\n>p1 move flashcannon\n>p2 move playrough\n>p1 move flashcannon\n>p2 move playrough\n>p2 switch 3\n>p1 move thunderwave\n>p2 move bodypress\n>p1 switch 6\n>p1 move psyshock\n>p2 move cosmicpower\n>p1 move nastyplot\n>p2 move cosmicpower\n>p1 move thunderbolt\n>p2 move bodypress\n>p1 move thunderbolt\n>p2 move recover\n>p1 move thunderbolt\n>p2 move recover\n>p1 move thunderbolt\n>p2 move storedpower\n>p1 move thunderbolt\n>p2 move bodypress\n>p1 move thunderbolt\n>p2 move recover\n>p1 move thunderbolt\n>p2 move recover\n>p1 move thunderbolt\n>p2 move bodypress\n>p1 move thunderbolt\n>p2 move bodypress\n>p1 move thunderbolt\n>p2 move recover\n>p1 move thunderbolt\n>p2 move bodypress\n>p1 move thunderbolt\n>p2 move bodypress\n>p1 switch 3\n>p1 move bulletseed\n>p2 move recover\n>p1 move bulletseed\n>p2 move cosmicpower\n>p1 move boomburst\n>p2 move cosmicpower\n>p1 move boomburst\n>p2 move recover\n>p1 switch 5\n>p2 move cosmicpower\n>p1 move toxic\n>p2 move bodypress\n>forcelose p1", "uploadtime": 1732975733, "views": 1, "formatid": "gen9randombattle", "rating": 1098, "private": 0, "password": null}