{"id": "gen9randombattle-2253793203", "format": "[Gen 9] Random Battle", "players": ["Insanexploder", "VectorAMV"], "log": "|j|\u2606Insanexploder\n|j|\u2606VectorAMV\n|t:|1732939112\n|gametype|singles\n|player|p1|Insanexploder|doubleteam|1453\n|player|p2|VectorAMV|nate|1464\n|teamsize|p1|6\n|teamsize|p2|6\n|gen|9\n|tier|[Gen 9] Random Battle\n|rated|\n|rule|Species Clause: Limit one of each Pok\u00e9mon\n|rule|HP Percentage Mod: HP is shown in percentages\n|rule|Sleep Clause Mod: Limit one foe put to sleep\n|rule|Illusion Level Mod: Illusion disguises the Pok\u00e9mon's true level\n|\n|t:|1732939112\n|start\n|switch|p1a: Comfey|Comfey, L85, M|225/225\n|switch|p2a: Iron Treads|Iron Treads, L77|265/265\n|turn|1\n|inactive|Battle timer is ON: inactive players will automatically lose when time's up. (requested by Insanexploder)\n|\n|t:|1732939127\n|switch|p1a: Dondozo|Dondozo, L78, M|362/362\n|move|p2a: Iron Treads|Iron Head|p1a: Dondozo\n|-resisted|p1a: Dondozo\n|-damage|p1a: Dondozo|329/362\n|\n|-heal|p1a: Dondozo|351/362|[from] item: Leftovers\n|upkeep\n|turn|2\n|\n|t:|1732939133\n|move|p2a: Iron Treads|Stealth Rock|p1a: Dondozo\n|-sidestart|p1: Insanexploder|move: Stealth Rock\n|move|p1a: Dondozo|Curse|p1a: Dondozo\n|-unboost|p1a: Dondozo|spe|1\n|-boost|p1a: Dondozo|atk|1\n|-boost|p1a: Dondozo|def|1\n|\n|-heal|p1a: Dondozo|362/362|[from] item: Leftovers\n|upkeep\n|turn|3\n|\n|t:|1732939157\n|-end|p2a: Iron Treads|Quark Drive|[silent]\n|switch|p2a: Poliwrath|Poliwrath, L88, F|302/302\n|move|p1a: Dondozo|Wave Crash|p2a: Poliwrath\n|-resisted|p2a: Poliwrath\n|-damage|p2a: Poliwrath|224/302\n|-damage|p1a: Dondozo|336/362|[from] Recoil\n|\n|-heal|p1a: Dondozo|358/362|[from] item: Leftovers\n|upkeep\n|turn|4\n|\n|t:|1732939167\n|switch|p1a: Comfey|Comfey, L85, M|225/225\n|-damage|p1a: Comfey|197/225|[from] Stealth Rock\n|move|p2a: Poliwrath|Knock Off|p1a: Comfey\n|-resisted|p1a: Comfey\n|-damage|p1a: Comfey|146/225\n|-enditem|p1a: Comfey|Leftovers|[from] move: Knock Off|[of] p2a: Poliwrath\n|-damage|p2a: Poliwrath|194/302|[from] item: Life Orb\n|\n|upkeep\n|turn|5\n|\n|t:|1732939187\n|switch|p2a: Iron Treads|Iron Treads, L77|265/265\n|move|p1a: Comfey|Draining Kiss|p2a: Iron Treads\n|-resisted|p2a: Iron Treads\n|-damage|p2a: Iron Treads|235/265\n|-heal|p1a: Comfey|169/225|[from] drain|[of] p2a: Iron Treads\n|\n|-heal|p2a: Iron Treads|251/265|[from] item: Leftovers\n|upkeep\n|turn|6\n|\n|t:|1732939199\n|switch|p1a: Dondozo|Dondozo, L78, M|358/362\n|-damage|p1a: Dondozo|313/362|[from] Stealth Rock\n|move|p2a: Iron Treads|Earthquake|p1a: Dondozo\n|-damage|p1a: Dondozo|229/362\n|\n|-heal|p2a: Iron Treads|265/265|[from] item: Leftovers\n|-heal|p1a: Dondozo|251/362|[from] item: Leftovers\n|upkeep\n|turn|7\n|\n|t:|1732939214\n|-end|p2a: Iron Treads|Quark Drive|[silent]\n|switch|p2a: Rillaboom|Rillaboom, L79, F|288/288\n|-fieldstart|move: Grassy Terrain|[from] ability: Grassy Surge|[of] p2a: Rillaboom\n|switch|p1a: Falinks|Falinks, L84|246/246\n|-damage|p1a: Falinks|231/246|[from] Stealth Rock\n|\n|-heal|p1a: Falinks|246/246|[from] Grassy Terrain\n|upkeep\n|turn|8\n|\n|t:|1732939225\n|move|p2a: Rillaboom|Swords Dance|p2a: Rillaboom\n|-boost|p2a: Rillaboom|atk|2\n|move|p1a: Falinks|No Retreat|p1a: Falinks\n|-boost|p1a: Falinks|atk|1\n|-boost|p1a: Falinks|def|1\n|-boost|p1a: Falinks|spa|1\n|-boost|p1a: Falinks|spd|1\n|-boost|p1a: Falinks|spe|1\n|-start|p1a: Falinks|move: No Retreat\n|\n|upkeep\n|turn|9\n|\n|t:|1732939237\n|move|p1a: Falinks|Close Combat|p2a: Rillaboom\n|-damage|p2a: Rillaboom|37/288\n|-unboost|p1a: Falinks|def|1\n|-unboost|p1a: Falinks|spd|1\n|-damage|p1a: Falinks|222/246|[from] item: Life Orb\n|move|p2a: Rillaboom|Wood Hammer|p1a: Falinks\n|-damage|p1a: Falinks|0 fnt\n|faint|p1a: Falinks\n|-damage|p2a: Rillaboom|0 fnt|[from] Recoil\n|faint|p2a: Rillaboom\n|\n|upkeep\n|l|\u2606Insanexploder\n|inactive|Insanexploder disconnected and has a minute to reconnect!\n|player|p1|\n|inactive|VectorAMV has 120 seconds left.\n|\n|t:|1732939257\n|switch|p2a: Braviary|Braviary, L85, M|309/309\n|switch|p1a: Cetitan|Cetitan, L82, M|413/413\n|-damage|p1a: Cetitan|310/413|[from] Stealth Rock\n|turn|10\n|j|\u2606Insanexploder\n|inactive|Insanexploder reconnected and has 130 seconds left.\n|player|p1|Insanexploder|doubleteam|\n|\n|t:|1732939283\n|move|p1a: Cetitan|Ice Shard|p2a: Braviary\n|-supereffective|p2a: Braviary\n|-damage|p2a: Braviary|176/309\n|-damage|p1a: Cetitan|269/413|[from] item: Life Orb\n|move|p2a: Braviary|Bulk Up|p2a: Braviary\n|-boost|p2a: Braviary|atk|1\n|-boost|p2a: Braviary|def|1\n|\n|-heal|p1a: Cetitan|294/413|[from] Grassy Terrain\n|upkeep\n|turn|11\n|\n|t:|1732939299\n|move|p2a: Braviary|Close Combat|p1a: Cetitan\n|-supereffective|p1a: Cetitan\n|-damage|p1a: Cetitan|0 fnt\n|-unboost|p2a: Braviary|def|1\n|-unboost|p2a: Braviary|spd|1\n|faint|p1a: Cetitan\n|\n|-fieldend|move: Grassy Terrain\n|upkeep\n|\n|t:|1732939307\n|switch|p1a: Palafin|Palafin, L77, M|281/281\n|-damage|p1a: Palafin|246/281|[from] Stealth Rock\n|turn|12\n|\n|t:|1732939316\n|switch|p2a: Poliwrath|Poliwrath, L88, F|194/302\n|move|p1a: Palafin|Flip Turn|p2a: Poliwrath\n|-resisted|p2a: Poliwrath\n|-damage|p2a: Poliwrath|165/302\n|\n|t:|1732939320\n|detailschange|p1a: Palafin|Palafin-Hero, L77, M\n|switch|p1a: Comfey|Comfey, L85, M|169/225|[from] Flip Turn\n|-damage|p1a: Comfey|141/225|[from] Stealth Rock\n|\n|upkeep\n|turn|13\n|\n|t:|1732939329\n|move|p1a: Comfey|Calm Mind|p1a: Comfey\n|-boost|p1a: Comfey|spa|1\n|-boost|p1a: Comfey|spd|1\n|move|p2a: Poliwrath|Liquidation|p1a: Comfey\n|-damage|p1a: Comfey|8/225\n|-damage|p2a: Poliwrath|135/302|[from] item: Life Orb\n|\n|upkeep\n|turn|14\n|\n|t:|1732939338\n|switch|p2a: Iron Treads|Iron Treads, L77|265/265\n|move|p1a: Comfey|Giga Drain|p2a: Iron Treads\n|-damage|p2a: Iron Treads|169/265\n|-heal|p1a: Comfey|56/225|[from] drain|[of] p2a: Iron Treads\n|\n|-heal|p2a: Iron Treads|185/265|[from] item: Leftovers\n|upkeep\n|turn|15\n|\n|t:|1732939353\n|move|p1a: Comfey|Giga Drain|p2a: Iron Treads\n|-damage|p2a: Iron Treads|86/265\n|-heal|p1a: Comfey|106/225|[from] drain|[of] p2a: Iron Treads\n|move|p2a: Iron Treads|Earthquake|p1a: Comfey\n|-crit|p1a: Comfey\n|-damage|p1a: Comfey|0 fnt\n|faint|p1a: Comfey\n|\n|-heal|p2a: Iron Treads|102/265|[from] item: Leftovers\n|upkeep\n|\n|t:|1732939356\n|switch|p1a: Palafin|Palafin-Hero, L77, M|246/281\n|-damage|p1a: Palafin|211/281|[from] Stealth Rock\n|-activate|p1a: Palafin|ability: Zero to Hero\n|turn|16\n|\n|t:|1732939371\n|move|p1a: Palafin|Jet Punch|p2a: Iron Treads\n|-supereffective|p2a: Iron Treads\n|-damage|p2a: Iron Treads|0 fnt\n|faint|p2a: Iron Treads\n|-end|p2a: Iron Treads|Quark Drive|[silent]\n|\n|upkeep\n|\n|t:|1732939383\n|switch|p2a: Poliwrath|Poliwrath, L88, F|135/302\n|turn|17\n|\n|t:|1732939390\n|switch|p1a: Qwilfish|Qwilfish-Hisui, L83, F|244/244\n|-damage|p1a: Qwilfish|214/244|[from] Stealth Rock\n|-ability|p1a: Qwilfish|Intimidate|boost\n|-unboost|p2a: Poliwrath|atk|1\n|move|p2a: Poliwrath|Close Combat|p1a: Qwilfish\n|-damage|p1a: Qwilfish|131/244\n|-unboost|p2a: Poliwrath|def|1\n|-unboost|p2a: Poliwrath|spd|1\n|-damage|p2a: Poliwrath|105/302|[from] item: Life Orb\n|\n|upkeep\n|turn|18\n|inactive|VectorAMV has 120 seconds left.\n|\n|t:|1732939426\n|move|p1a: Qwilfish|Gunk Shot|p2a: Poliwrath\n|-damage|p2a: Poliwrath|0 fnt\n|faint|p2a: Poliwrath\n|\n|upkeep\n|\n|t:|1732939435\n|switch|p2a: Braviary|Braviary, L85, M|176/309\n|turn|19\n|\n|t:|1732939440\n|switch|p2a: Corviknight|Corviknight, L80, F|288/288\n|-ability|p2a: Corviknight|Pressure\n|move|p1a: Qwilfish|Taunt|p2a: Corviknight\n|-start|p2a: Corviknight|move: Taunt\n|\n|upkeep\n|turn|20\n|\n|t:|1732939451\n|move|p1a: Qwilfish|Crunch|p2a: Corviknight\n|-damage|p2a: Corviknight|218/288\n|move|p2a: Corviknight|Body Press|p1a: Qwilfish\n|-damage|p1a: Qwilfish|91/244\n|\n|-heal|p2a: Corviknight|236/288|[from] item: Leftovers\n|upkeep\n|turn|21\n|\n|t:|1732939462\n|move|p1a: Qwilfish|Crunch|p2a: Corviknight\n|-damage|p2a: Corviknight|154/288\n|move|p2a: Corviknight|Body Press|p1a: Qwilfish\n|-damage|p1a: Qwilfish|55/244\n|\n|-heal|p2a: Corviknight|172/288|[from] item: Leftovers\n|-end|p2a: Corviknight|move: Taunt\n|upkeep\n|turn|22\n|\n|t:|1732939473\n|move|p1a: Qwilfish|Taunt|p2a: Corviknight\n|-start|p2a: Corviknight|move: Taunt\n|move|p2a: Corviknight|Body Press|p1a: Qwilfish\n|-damage|p1a: Qwilfish|15/244\n|\n|-heal|p2a: Corviknight|190/288|[from] item: Leftovers\n|upkeep\n|turn|23\n|\n|t:|1732939485\n|move|p1a: Qwilfish|Crunch|p2a: Corviknight\n|-damage|p2a: Corviknight|118/288\n|move|p2a: Corviknight|Body Press|p1a: Qwilfish\n|-damage|p1a: Qwilfish|0 fnt\n|faint|p1a: Qwilfish\n|\n|-heal|p2a: Corviknight|136/288|[from] item: Leftovers\n|upkeep\n|\n|t:|1732939488\n|switch|p1a: Palafin|Palafin-Hero, L77, M|211/281\n|-damage|p1a: Palafin|176/281|[from] Stealth Rock\n|turn|24\n|inactive|VectorAMV has 120 seconds left.\n|\n|t:|1732939514\n|switch|p2a: Braviary|Braviary, L85, M|176/309\n|move|p1a: Palafin|Wave Crash|p2a: Braviary\n|-damage|p2a: Braviary|0 fnt\n|faint|p2a: Braviary\n|-damage|p1a: Palafin|118/281|[from] Recoil\n|\n|upkeep\n|\n|t:|1732939519\n|switch|p2a: Corviknight|Corviknight, L80, F|136/288\n|-ability|p2a: Corviknight|Pressure\n|turn|25\n|\n|t:|1732939525\n|-terastallize|p2a: Corviknight|Dragon\n|move|p1a: Palafin|Wave Crash|p2a: Corviknight\n|-resisted|p2a: Corviknight\n|-damage|p2a: Corviknight|31/288\n|-damage|p1a: Palafin|83/281|[from] Recoil\n|move|p2a: Corviknight|Roost|p2a: Corviknight\n|-heal|p2a: Corviknight|175/288\n|\n|-heal|p2a: Corviknight|193/288|[from] item: Leftovers\n|upkeep\n|turn|26\n|\n|t:|1732939537\n|switch|p1a: Dondozo|Dondozo, L78, M|251/362\n|-damage|p1a: Dondozo|206/362|[from] Stealth Rock\n|move|p2a: Corviknight|Brave Bird|p1a: Dondozo\n|-damage|p1a: Dondozo|113/362\n|-damage|p2a: Corviknight|162/288|[from] Recoil\n|\n|-heal|p2a: Corviknight|180/288|[from] item: Leftovers\n|-heal|p1a: Dondozo|135/362|[from] item: Leftovers\n|upkeep\n|turn|27\n|\n|t:|1732939551\n|switch|p2a: Sudowoodo|Sudowoodo, L94, F|284/284\n|move|p1a: Dondozo|Rest|p1a: Dondozo\n|-status|p1a: Dondozo|slp|[from] move: Rest\n|-heal|p1a: Dondozo|362/362 slp|[silent]\n|\n|upkeep\n|turn|28\n|\n|t:|1732939559\n|move|p2a: Sudowoodo|Wood Hammer|p1a: Dondozo\n|-supereffective|p1a: Dondozo\n|-damage|p1a: Dondozo|102/362 slp\n|cant|p1a: Dondozo|slp\n|move|p1a: Dondozo|Sleep Talk|p1a: Dondozo\n|move|p1a: Dondozo|Curse|p1a: Dondozo|[from]move: Sleep Talk\n|-unboost|p1a: Dondozo|spe|1\n|-boost|p1a: Dondozo|atk|1\n|-boost|p1a: Dondozo|def|1\n|\n|-heal|p1a: Dondozo|124/362 slp|[from] item: Leftovers\n|upkeep\n|turn|29\n|\n|t:|1732939569\n|move|p2a: Sudowoodo|Wood Hammer|p1a: Dondozo\n|-supereffective|p1a: Dondozo\n|-damage|p1a: Dondozo|0 fnt\n|faint|p1a: Dondozo\n|\n|upkeep\n|\n|t:|1732939571\n|switch|p1a: Palafin|Palafin-Hero, L77, M|83/281\n|-damage|p1a: Palafin|48/281|[from] Stealth Rock\n|turn|30\n|\n|t:|1732939578\n|switch|p2a: Corviknight|Corviknight, L80, F, tera:Dragon|180/288\n|-ability|p2a: Corviknight|Pressure\n|-terastallize|p1a: Palafin|Fighting\n|move|p1a: Palafin|Close Combat|p2a: Corviknight\n|-damage|p2a: Corviknight|0 fnt\n|-unboost|p1a: Palafin|def|1\n|-unboost|p1a: Palafin|spd|1\n|faint|p2a: Corviknight\n|\n|upkeep\n|\n|t:|1732939589\n|switch|p2a: Sudowoodo|Sudowoodo, L94, F|284/284\n|turn|31\n|\n|t:|1732939594\n|move|p2a: Sudowoodo|Sucker Punch|p1a: Palafin\n|-resisted|p1a: Palafin\n|-damage|p1a: Palafin|0 fnt\n|faint|p1a: Palafin\n|\n|win|VectorAMV\n|raw|Insanexploder's rating: 1453 &rarr; <strong>1434</strong><br />(-19 for losing)\n|raw|VectorAMV's rating: 1464 &rarr; <strong>1483</strong><br />(+19 for winning)\n|l|\u2606Insanexploder\n|player|p1|\n|c|\u2606VectorAMV|gg\n", "inputlog": ">version b107d77f5c90bd6555267ae244a6264823309ead\n>start {\"formatid\":\"gen9randombattle\",\"seed\":[39959,4449,2904,54649],\"rated\":\"Rated battle\"}\n>player p1 {\"name\":\"Insanexploder\",\"avatar\":\"doubleteam\",\"rating\":1453,\"seed\":[8281,62008,50595,43076]}\n>player p2 {\"name\":\"VectorAMV\",\"avatar\":\"nate\",\"rating\":1464,\"seed\":[7276,60197,21807,63971]}\n>p1 switch 3\n>p2 move ironhead\n>p1 move curse\n>p2 move stealthrock\n>p1 move wavecrash\n>p2 switch 4\n>p1 switch 3\n>p2 move knockoff\n>p1 move drainingkiss\n>p2 switch 4\n>p1 switch 3\n>p2 move earthquake\n>p1 switch 6\n>p2 switch 5\n>p1 move noretreat\n>p2 move swordsdance\n>p1 move closecombat\n>p2 move woodhammer\n>p1 switch 2\n>p2 switch 2\n>p1 move iceshard\n>p2 move bulkup\n>p1 move iciclecrash\n>p2 move closecombat\n>p1 switch 4\n>p1 move flipturn\n>p2 switch 4\n>p1 switch 3\n>p1 move calmmind\n>p2 move liquidation\n>p1 move gigadrain\n>p2 switch 5\n>p1 move gigadrain\n>p2 move earthquake\n>p1 switch 3\n>p1 move jetpunch\n>p2 move earthquake\n>p2 switch 5\n>p1 switch 5\n>p2 move closecombat\n>p1 move gunkshot\n>p2 move knockoff\n>p2 switch 4\n>p1 move taunt\n>p2 switch 3\n>p1 move crunch\n>p2 move bodypress\n>p1 move crunch\n>p2 move bodypress\n>p1 move taunt\n>p2 move bodypress\n>p1 move crunch\n>p2 move bodypress\n>p1 switch 5\n>p1 move wavecrash\n>p2 switch 3\n>p2 switch 3\n>p1 move wavecrash\n>p2 move roost terastallize\n>p1 switch 6\n>p2 move bravebird\n>p1 move rest\n>p2 switch 6\n>p1 move sleeptalk\n>p2 move woodhammer\n>p1 move sleeptalk\n>p2 move woodhammer\n>p1 switch 6\n>p1 move closecombat terastallize\n>p2 switch 6\n>p2 switch 6\n>p1 move closecombat\n>p2 move suckerpunch", "uploadtime": 1732939603, "views": 23, "formatid": "gen9randombattle", "rating": 1434, "private": 0, "password": null}