{"id": "gen9randombattle-2254183257", "format": "[Gen 9] Random Battle", "players": ["Sailorccc", "miguelpiccit"], "log": "|j|\u2606Sailorccc\n|j|\u2606miguelpiccit\n|t:|1733001540\n|gametype|singles\n|player|p1|Sailorccc|cynthia-gen4|1048\n|player|p2|miguelpiccit|nate|1073\n|teamsize|p1|6\n|teamsize|p2|6\n|gen|9\n|tier|[Gen 9] Random Battle\n|rated|\n|rule|Species Clause: Limit one of each Pok\u00e9mon\n|rule|HP Percentage Mod: HP is shown in percentages\n|rule|Sleep Clause Mod: Limit one foe put to sleep\n|rule|Illusion Level Mod: Illusion disguises the Pok\u00e9mon's true level\n|\n|t:|1733001540\n|start\n|switch|p1a: Annihilape|Annihilape, L76, F, shiny|292/292\n|switch|p2a: Exeggutor|Exeggutor, L89, M|312/312\n|turn|1\n|inactive|Battle timer is ON: inactive players will automatically lose when time's up. (requested by miguelpiccit)\n|inactive|Sailorccc has 120 seconds left.\n|\n|t:|1733001575\n|-terastallize|p1a: Annihilape|Steel\n|move|p1a: Annihilape|Rage Fist|p2a: Exeggutor\n|-supereffective|p2a: Exeggutor\n|-damage|p2a: Exeggutor|216/312\n|move|p2a: Exeggutor|Substitute|p2a: Exeggutor\n|-start|p2a: Exeggutor|Substitute\n|-damage|p2a: Exeggutor|138/312\n|-enditem|p2a: Exeggutor|Sitrus Berry|[eat]\n|-heal|p2a: Exeggutor|216/312|[from] item: Sitrus Berry\n|\n|upkeep\n|turn|2\n|\n|t:|1733001597\n|move|p1a: Annihilape|Bulk Up|p1a: Annihilape\n|-boost|p1a: Annihilape|atk|1\n|-boost|p1a: Annihilape|def|1\n|move|p2a: Exeggutor|Calm Mind|p2a: Exeggutor\n|-boost|p2a: Exeggutor|spa|1\n|-boost|p2a: Exeggutor|spd|1\n|\n|-item|p2a: Exeggutor|Sitrus Berry|[from] ability: Harvest\n|upkeep\n|turn|3\n|\n|t:|1733001611\n|move|p1a: Annihilape|Bulk Up|p1a: Annihilape\n|-boost|p1a: Annihilape|atk|1\n|-boost|p1a: Annihilape|def|1\n|move|p2a: Exeggutor|Calm Mind|p2a: Exeggutor\n|-boost|p2a: Exeggutor|spa|1\n|-boost|p2a: Exeggutor|spd|1\n|\n|upkeep\n|turn|4\n|\n|t:|1733001629\n|move|p1a: Annihilape|Taunt|p2a: Exeggutor\n|-start|p2a: Exeggutor|move: Taunt\n|cant|p2a: Exeggutor|move: Taunt|Calm Mind\n|\n|upkeep\n|turn|5\n|\n|t:|1733001636\n|move|p1a: Annihilape|Rage Fist|p2a: Exeggutor\n|-supereffective|p2a: Exeggutor\n|-end|p2a: Exeggutor|Substitute\n|move|p2a: Exeggutor|Giga Drain|p1a: Annihilape\n|-resisted|p1a: Annihilape\n|-damage|p1a: Annihilape|167/292\n|-heal|p2a: Exeggutor|279/312|[from] drain|[of] p1a: Annihilape\n|\n|-heal|p1a: Annihilape|185/292|[from] item: Leftovers\n|upkeep\n|turn|6\n|\n|t:|1733001647\n|move|p1a: Annihilape|Rage Fist|p2a: Exeggutor\n|-supereffective|p2a: Exeggutor\n|-damage|p2a: Exeggutor|0 fnt\n|faint|p2a: Exeggutor\n|\n|-heal|p1a: Annihilape|203/292|[from] item: Leftovers\n|upkeep\n|inactive|miguelpiccit has 120 seconds left.\n|\n|t:|1733001667\n|switch|p2a: Orthworm|Orthworm, L88, M|266/266\n|turn|7\n|\n|t:|1733001673\n|move|p1a: Annihilape|Drain Punch|p2a: Orthworm\n|-supereffective|p2a: Orthworm\n|-damage|p2a: Orthworm|68/266\n|-heal|p1a: Annihilape|292/292|[from] drain|[of] p2a: Orthworm\n|move|p2a: Orthworm|Shed Tail|p2a: Orthworm\n|-fail|p2a: Orthworm|move: Shed Tail|[weak]\n|\n|-heal|p2a: Orthworm|84/266|[from] item: Leftovers\n|upkeep\n|turn|8\n|\n|t:|1733001684\n|move|p1a: Annihilape|Drain Punch|p2a: Orthworm\n|-supereffective|p2a: Orthworm\n|-damage|p2a: Orthworm|0 fnt\n|faint|p2a: Orthworm\n|\n|upkeep\n|inactive|miguelpiccit has 120 seconds left.\n|\n|t:|1733001702\n|switch|p2a: Meloetta|Meloetta, L82|298/298\n|turn|9\n|inactive|miguelpiccit has 120 seconds left.\n|\n|t:|1733001728\n|move|p2a: Meloetta|Close Combat|p1a: Annihilape\n|-supereffective|p1a: Annihilape\n|-damage|p1a: Annihilape|196/292\n|-unboost|p2a: Meloetta|def|1\n|-unboost|p2a: Meloetta|spd|1\n|-damage|p2a: Meloetta|269/298|[from] item: Life Orb\n|move|p1a: Annihilape|Bulk Up|p1a: Annihilape\n|-boost|p1a: Annihilape|atk|1\n|-boost|p1a: Annihilape|def|1\n|\n|-heal|p1a: Annihilape|214/292|[from] item: Leftovers\n|upkeep\n|turn|10\n|inactive|miguelpiccit has 120 seconds left.\n|\n|t:|1733001748\n|move|p2a: Meloetta|Knock Off|p1a: Annihilape\n|-damage|p1a: Annihilape|183/292\n|-enditem|p1a: Annihilape|Leftovers|[from] move: Knock Off|[of] p2a: Meloetta\n|-damage|p2a: Meloetta|240/298|[from] item: Life Orb\n|move|p1a: Annihilape|Bulk Up|p1a: Annihilape\n|-boost|p1a: Annihilape|atk|1\n|-boost|p1a: Annihilape|def|1\n|\n|upkeep\n|turn|11\n|inactive|miguelpiccit has 120 seconds left.\n|\n|t:|1733001758\n|move|p2a: Meloetta|Relic Song|p1a: Annihilape\n|-resisted|p1a: Annihilape\n|-damage|p1a: Annihilape|117/292\n|-formechange|p2a: Meloetta|Meloetta-Pirouette|[msg]\n|-damage|p2a: Meloetta|211/298|[from] item: Life Orb\n|move|p1a: Annihilape|Bulk Up|p1a: Annihilape\n|-boost|p1a: Annihilape|atk|1\n|-boost|p1a: Annihilape|def|1\n|\n|upkeep\n|turn|12\n|inactive|miguelpiccit has 120 seconds left.\n|inactive|Sailorccc has 120 seconds left.\n|\n|t:|1733001777\n|move|p2a: Meloetta|Relic Song|p1a: Annihilape\n|-resisted|p1a: Annihilape\n|-damage|p1a: Annihilape|74/292\n|-formechange|p2a: Meloetta|Meloetta|[msg]\n|-damage|p2a: Meloetta|182/298|[from] item: Life Orb\n|move|p1a: Annihilape|Drain Punch|p2a: Meloetta\n|-damage|p2a: Meloetta|0 fnt\n|-heal|p1a: Annihilape|165/292|[from] drain|[of] p2a: Meloetta\n|faint|p2a: Meloetta\n|\n|upkeep\n|\n|t:|1733001793\n|switch|p2a: Rhyperior|Rhyperior, L82, F|323/323\n|turn|13\n|inactive|Sailorccc has 120 seconds left.\n|\n|t:|1733001815\n|move|p1a: Annihilape|Drain Punch|p2a: Rhyperior\n|-supereffective|p2a: Rhyperior\n|-damage|p2a: Rhyperior|38/323\n|-heal|p1a: Annihilape|292/292|[from] drain|[of] p2a: Rhyperior\n|-enditem|p2a: Rhyperior|Weakness Policy\n|-boost|p2a: Rhyperior|atk|2|[from] item: Weakness Policy\n|-boost|p2a: Rhyperior|spa|2|[from] item: Weakness Policy\n|move|p2a: Rhyperior|Earthquake|p1a: Annihilape\n|-supereffective|p1a: Annihilape\n|-damage|p1a: Annihilape|112/292\n|\n|upkeep\n|turn|14\n|inactive|Sailorccc has 120 seconds left.\n|inactive|miguelpiccit has 120 seconds left.\n|\n|t:|1733001829\n|move|p1a: Annihilape|Drain Punch|p2a: Rhyperior\n|-supereffective|p2a: Rhyperior\n|-damage|p2a: Rhyperior|0 fnt\n|-heal|p1a: Annihilape|131/292|[from] drain|[of] p2a: Rhyperior\n|faint|p2a: Rhyperior\n|\n|upkeep\n|\n|t:|1733001841\n|switch|p2a: Spectrier|Spectrier, L75|274/274\n|turn|15\n|inactive|Sailorccc has 120 seconds left.\n|\n|t:|1733001854\n|move|p2a: Spectrier|Substitute|p2a: Spectrier\n|-start|p2a: Spectrier|Substitute\n|-damage|p2a: Spectrier|206/274\n|move|p1a: Annihilape|Rage Fist|p2a: Spectrier\n|-supereffective|p2a: Spectrier\n|-end|p2a: Spectrier|Substitute\n|\n|-heal|p2a: Spectrier|223/274|[from] item: Leftovers\n|upkeep\n|turn|16\n|inactive|miguelpiccit has 120 seconds left.\n|\n|t:|1733001865\n|move|p2a: Spectrier|Shadow Ball|p1a: Annihilape\n|-damage|p1a: Annihilape|22/292\n|move|p1a: Annihilape|Rage Fist|p2a: Spectrier\n|-supereffective|p2a: Spectrier\n|-damage|p2a: Spectrier|0 fnt\n|faint|p2a: Spectrier\n|\n|upkeep\n|\n|t:|1733001873\n|switch|p2a: Electrode|Electrode, L92|260/260\n|turn|17\n|\n|t:|1733001884\n|move|p2a: Electrode|Thunderbolt|p1a: Annihilape\n|-damage|p1a: Annihilape|0 fnt\n|faint|p1a: Annihilape\n|-damage|p2a: Electrode|234/260|[from] item: Life Orb\n|\n|upkeep\n|\n|t:|1733001891\n|switch|p1a: Excadrill|Excadrill, L80, M|307/307\n|-ability|p1a: Excadrill|Mold Breaker\n|turn|18\n|\n|t:|1733001898\n|-terastallize|p2a: Electrode|Ice\n|move|p2a: Electrode|Tera Blast|p1a: Excadrill|[anim] Tera Blast Ice\n|-damage|p1a: Excadrill|167/307\n|-damage|p2a: Electrode|208/260|[from] item: Life Orb\n|move|p1a: Excadrill|Earthquake|p2a: Electrode\n|-damage|p2a: Electrode|73/260\n|\n|-heal|p1a: Excadrill|186/307|[from] item: Leftovers\n|upkeep\n|turn|19\n|\n|t:|1733001913\n|move|p2a: Electrode|Tera Blast|p1a: Excadrill|[anim] Tera Blast Ice\n|-damage|p1a: Excadrill|38/307\n|-damage|p2a: Electrode|47/260|[from] item: Life Orb\n|move|p1a: Excadrill|Earthquake|p2a: Electrode\n|-damage|p2a: Electrode|0 fnt\n|faint|p2a: Electrode\n|\n|win|Sailorccc\n|raw|Sailorccc's rating: 1048 &rarr; <strong>1083</strong><br />(+35 for winning)\n|raw|miguelpiccit's rating: 1073 &rarr; <strong>1051</strong><br />(-22 for losing)\n|l|\u2606miguelpiccit\n|player|p2|\n", "inputlog": ">version b107d77f5c90bd6555267ae244a6264823309ead\n>start {\"formatid\":\"gen9randombattle\",\"seed\":[38077,64949,4770,11465],\"rated\":\"Rated battle\"}\n>player p1 {\"name\":\"Sailorccc\",\"avatar\":\"cynthia-gen4\",\"rating\":1048,\"seed\":[49341,5998,22234,43785]}\n>player p2 {\"name\":\"miguelpiccit\",\"avatar\":\"nate\",\"rating\":1073,\"seed\":[35835,952,7928,2025]}\n>p1 move ragefist terastallize\n>p2 move substitute\n>p1 move bulkup\n>p2 move calmmind\n>p1 move bulkup\n>p2 move calmmind\n>p1 move taunt\n>p2 move calmmind\n>p1 move ragefist\n>p2 move gigadrain\n>p1 move ragefist\n>p2 move psychic\n>p2 switch 3\n>p1 move drainpunch\n>p2 move shedtail\n>p1 move drainpunch\n>p2 move bodypress\n>p2 switch 4\n>p1 move bulkup\n>p2 move closecombat\n>p1 move bulkup\n>p2 move knockoff\n>p1 move bulkup\n>p2 move relicsong\n>p1 move drainpunch\n>p2 move relicsong\n>p2 switch 6\n>p1 move drainpunch\n>p2 move earthquake\n>p1 move drainpunch\n>p2 move earthquake\n>p2 switch 5\n>p1 move ragefist\n>p2 move substitute\n>p1 move ragefist\n>p2 move shadowball\n>p2 switch 2\n>p1 move ragefist\n>p2 move thunderbolt\n>p1 switch 3\n>p1 move earthquake\n>p2 move terablast terastallize\n>p1 move earthquake\n>p2 move terablast", "uploadtime": 1733001920, "views": 2, "formatid": "gen9randombattle", "rating": 1051, "private": 0, "password": null}