{"id": "gen9randombattle-2253843779", "format": "[Gen 9] Random Battle", "players": ["pnemonic", "Yelan292"], "log": "|j|\u2606pnemonic\n|j|\u2606Yelan292\n|t:|1732947412\n|gametype|singles\n|player|p1|pnemonic|supernerd|1711\n|player|p2|Yelan292|ariana|1718\n|teamsize|p1|6\n|teamsize|p2|6\n|gen|9\n|tier|[Gen 9] Random Battle\n|rated|\n|rule|Species Clause: Limit one of each Pok\u00e9mon\n|rule|HP Percentage Mod: HP is shown in percentages\n|rule|Sleep Clause Mod: Limit one foe put to sleep\n|rule|Illusion Level Mod: Illusion disguises the Pok\u00e9mon's true level\n|\n|t:|1732947412\n|start\n|switch|p1a: Excadrill|Excadrill, L80, M|307/307\n|switch|p2a: Empoleon|Empoleon, L84, F|278/278\n|-ability|p1a: Excadrill|Mold Breaker\n|turn|1\n|inactive|Battle timer is ON: inactive players will automatically lose when time's up. (requested by Yelan292)\n|inactive|pnemonic also wants the timer to be on.\n|\n|t:|1732947424\n|move|p1a: Excadrill|Swords Dance|p1a: Excadrill\n|-boost|p1a: Excadrill|atk|2\n|move|p2a: Empoleon|Stealth Rock|p1a: Excadrill\n|-sidestart|p1: pnemonic|move: Stealth Rock\n|\n|upkeep\n|turn|2\n|\n|t:|1732947433\n|switch|p2a: Rotom|Rotom-Heat, L83|219/219\n|move|p1a: Excadrill|Earthquake|p2a: Rotom\n|-supereffective|p2a: Rotom\n|-damage|p2a: Rotom|0 fnt\n|faint|p2a: Rotom\n|\n|upkeep\n|c|\u2606Yelan292|oh f i forgot abt mold breaker\n|\n|t:|1732947455\n|switch|p2a: Arbok|Arbok, L87, M|246/246\n|-ability|p2a: Arbok|Intimidate|boost\n|-unboost|p1a: Excadrill|atk|1\n|turn|3\n|c|\u2606pnemonic|Lol i too get juked by it\n|\n|t:|1732947475\n|-terastallize|p2a: Arbok|Ground\n|move|p2a: Arbok|Coil|p2a: Arbok\n|-boost|p2a: Arbok|atk|1\n|-boost|p2a: Arbok|def|1\n|-boost|p2a: Arbok|accuracy|1\n|move|p1a: Excadrill|Rapid Spin|p2a: Arbok\n|-damage|p2a: Arbok|197/246\n|-boost|p1a: Excadrill|spe|1\n|-sideend|p1: pnemonic|Stealth Rock|[from] move: Rapid Spin|[of] p1a: Excadrill\n|\n|upkeep\n|turn|4\n|\n|t:|1732947493\n|move|p1a: Excadrill|Iron Head|p2a: Arbok\n|-damage|p2a: Arbok|76/246\n|move|p2a: Arbok|Coil|p2a: Arbok\n|-boost|p2a: Arbok|atk|1\n|-boost|p2a: Arbok|def|1\n|-boost|p2a: Arbok|accuracy|1\n|\n|upkeep\n|turn|5\n|\n|t:|1732947503\n|move|p2a: Arbok|Sucker Punch|p1a: Excadrill\n|-damage|p1a: Excadrill|121/307\n|-damage|p2a: Arbok|52/246|[from] item: Life Orb\n|move|p1a: Excadrill|Iron Head|p2a: Arbok\n|-damage|p2a: Arbok|0 fnt\n|faint|p2a: Arbok\n|\n|-heal|p1a: Excadrill|140/307|[from] item: Leftovers\n|upkeep\n|\n|t:|1732947509\n|switch|p2a: Squawkabilly|Squawkabilly-Blue, L85, F|278/278\n|turn|6\n|\n|t:|1732947514\n|move|p2a: Squawkabilly|Protect|p2a: Squawkabilly\n|-singleturn|p2a: Squawkabilly|Protect\n|move|p1a: Excadrill|Iron Head|p2a: Squawkabilly\n|-activate|p2a: Squawkabilly|move: Protect\n|\n|-heal|p1a: Excadrill|159/307|[from] item: Leftovers\n|-status|p2a: Squawkabilly|brn|[from] item: Flame Orb\n|upkeep\n|turn|7\n|\n|t:|1732947524\n|move|p2a: Squawkabilly|Quick Attack|p1a: Excadrill\n|-resisted|p1a: Excadrill\n|-damage|p1a: Excadrill|113/307\n|move|p1a: Excadrill|Iron Head|p2a: Squawkabilly\n|-damage|p2a: Squawkabilly|68/278 brn\n|\n|-heal|p1a: Excadrill|132/307|[from] item: Leftovers\n|-damage|p2a: Squawkabilly|51/278 brn|[from] brn\n|upkeep\n|turn|8\n|\n|t:|1732947534\n|move|p2a: Squawkabilly|Quick Attack|p1a: Excadrill\n|-resisted|p1a: Excadrill\n|-damage|p1a: Excadrill|86/307\n|move|p1a: Excadrill|Iron Head|p2a: Squawkabilly\n|-damage|p2a: Squawkabilly|0 fnt\n|faint|p2a: Squawkabilly\n|\n|-heal|p1a: Excadrill|105/307|[from] item: Leftovers\n|upkeep\n|\n|t:|1732947541\n|switch|p2a: Bruxish|Bruxish, L85, F|254/254\n|turn|9\n|\n|t:|1732947547\n|move|p1a: Excadrill|Earthquake|p2a: Bruxish\n|-damage|p2a: Bruxish|38/254\n|move|p2a: Bruxish|Wave Crash|p1a: Excadrill\n|-supereffective|p1a: Excadrill\n|-damage|p1a: Excadrill|0 fnt\n|faint|p1a: Excadrill\n|-damage|p2a: Bruxish|3/254|[from] Recoil\n|-damage|p2a: Bruxish|0 fnt|[from] item: Life Orb\n|faint|p2a: Bruxish\n|\n|upkeep\n|\n|t:|1732947568\n|switch|p2a: Empoleon|Empoleon, L84, F|278/278\n|switch|p1a: Delphox|Delphox, L84, M|263/263\n|turn|10\n|\n|t:|1732947576\n|move|p1a: Delphox|Nasty Plot|p1a: Delphox\n|-boost|p1a: Delphox|spa|2\n|move|p2a: Empoleon|Knock Off|p1a: Delphox\n|-supereffective|p1a: Delphox\n|-damage|p1a: Delphox|113/263\n|-enditem|p1a: Delphox|Heavy-Duty Boots|[from] move: Knock Off|[of] p2a: Empoleon\n|\n|upkeep\n|turn|11\n|\n|t:|1732947580\n|move|p1a: Delphox|Focus Blast|p2a: Empoleon|[miss]\n|-miss|p1a: Delphox|p2a: Empoleon\n|move|p2a: Empoleon|Surf|p1a: Delphox\n|-supereffective|p1a: Delphox\n|-damage|p1a: Delphox|0 fnt\n|faint|p1a: Delphox\n|\n|upkeep\n|\n|t:|1732947584\n|switch|p1a: Dipplin|Dipplin, L88, M|284/284\n|turn|12\n|c|\u2606Yelan292|!dt focus blast\n|raw|<ul class=\"utilichart\"><li class=\"result\"><span class=\"col movenamecol\"><a href=\"https://dex.pokemonshowdown.com/moves/focusblast\">Focus Blast</a></span> <span class=\"col typecol\"><img src=\"//play.pokemonshowdown.com/sprites/types/Fighting.png\" alt=\"Fighting\" width=\"32\" height=\"14\"><img src=\"//play.pokemonshowdown.com/sprites/categories/Special.png\" alt=\"Special\" width=\"32\" height=\"14\"></span> <span class=\"col labelcol\"><em>Power</em><br>120</span> <span class=\"col widelabelcol\"><em>Accuracy</em><br>70%</span> <span class=\"col pplabelcol\"><em>PP</em><br>8</span> <span class=\"col movedesccol\">10% chance to lower the target's Sp. Def by 1.</span> </li><li style=\"clear:both\"></li></ul>\n|raw|<font size=\"1\"><font color=\"#686868\">Priority:</font> 0&nbsp;|&ThickSpace;<font color=\"#686868\">Gen:</font> 4&nbsp;|&ThickSpace;&#10003; Boosted by Sheer Force&nbsp;|&ThickSpace;&#10003; Bullet&nbsp;|&ThickSpace;<font color=\"#686868\">Z-Power:</font> 190&nbsp;|&ThickSpace;<font color=\"#686868\">Target:</font> One Adjacent Pok\u00e9mon</font>\n\n|c|\u2606Yelan292|damn that 30% XD\n|\n|t:|1732947598\n|move|p2a: Empoleon|Stealth Rock|p1a: Dipplin\n|-sidestart|p1: pnemonic|move: Stealth Rock\n|move|p1a: Dipplin|Giga Drain|p2a: Empoleon\n|-damage|p2a: Empoleon|199/278\n|\n|-heal|p2a: Empoleon|216/278|[from] item: Leftovers\n|upkeep\n|turn|13\n|\n|t:|1732947606\n|move|p2a: Empoleon|Knock Off|p1a: Dipplin\n|-damage|p1a: Dipplin|251/284\n|-activate|p1a: Dipplin|ability: Sticky Hold\n|move|p1a: Dipplin|Dragon Tail|p2a: Empoleon\n|-resisted|p2a: Empoleon\n|-damage|p2a: Empoleon|186/278\n|drag|p2a: Ogerpon|Ogerpon-Cornerstone, L76, F|247/247\n|\n|upkeep\n|turn|14\n|\n|t:|1732947619\n|move|p2a: Ogerpon|Encore|p1a: Dipplin\n|-start|p1a: Dipplin|Encore\n|move|p1a: Dipplin|Dragon Tail|p2a: Ogerpon\n|-damage|p2a: Ogerpon|174/247\n|drag|p2a: Empoleon|Empoleon, L84, F|186/278\n|\n|-heal|p2a: Empoleon|203/278|[from] item: Leftovers\n|upkeep\n|turn|15\n|\n|t:|1732947626\n|move|p2a: Empoleon|Knock Off|p1a: Dipplin\n|-damage|p1a: Dipplin|217/284\n|-activate|p1a: Dipplin|ability: Sticky Hold\n|move|p1a: Dipplin|Dragon Tail|p2a: Empoleon\n|-resisted|p2a: Empoleon\n|-damage|p2a: Empoleon|175/278\n|drag|p2a: Ogerpon|Ogerpon-Cornerstone, L76, F|174/247\n|\n|upkeep\n|turn|16\n|\n|t:|1732947635\n|move|p2a: Ogerpon|Ivy Cudgel|p1a: Dipplin|[anim] Ivy Cudgel Rock\n|-damage|p1a: Dipplin|150/284\n|move|p1a: Dipplin|Dragon Tail|p2a: Ogerpon\n|-damage|p2a: Ogerpon|105/247\n|drag|p2a: Empoleon|Empoleon, L84, F|175/278\n|\n|-heal|p2a: Empoleon|192/278|[from] item: Leftovers\n|-end|p1a: Dipplin|Encore\n|upkeep\n|turn|17\n|\n|t:|1732947643\n|move|p2a: Empoleon|Knock Off|p1a: Dipplin\n|-damage|p1a: Dipplin|119/284\n|-activate|p1a: Dipplin|ability: Sticky Hold\n|move|p1a: Dipplin|Giga Drain|p2a: Empoleon\n|-damage|p2a: Empoleon|114/278\n|-heal|p1a: Dipplin|158/284|[from] drain|[of] p2a: Empoleon\n|\n|-heal|p2a: Empoleon|131/278|[from] item: Leftovers\n|upkeep\n|turn|18\n|\n|t:|1732947651\n|move|p2a: Empoleon|Knock Off|p1a: Dipplin\n|-damage|p1a: Dipplin|127/284\n|-activate|p1a: Dipplin|ability: Sticky Hold\n|move|p1a: Dipplin|Recover|p1a: Dipplin\n|-heal|p1a: Dipplin|269/284\n|\n|-heal|p2a: Empoleon|148/278|[from] item: Leftovers\n|upkeep\n|turn|19\n|c|\u2606Yelan292|plz kill me now lol\n|c|\u2606Yelan292|im gonna spam rocks\n|\n|t:|1732947663\n|move|p2a: Empoleon|Stealth Rock||[still]\n|-fail|p2a: Empoleon\n|move|p1a: Dipplin|Dragon Tail|p2a: Empoleon\n|-resisted|p2a: Empoleon\n|-damage|p2a: Empoleon|116/278\n|drag|p2a: Ogerpon|Ogerpon-Cornerstone, L76, F|105/247\n|\n|upkeep\n|turn|20\n|\n|t:|1732947676\n|move|p2a: Ogerpon|Ivy Cudgel|p1a: Dipplin|[anim] Ivy Cudgel Rock\n|-damage|p1a: Dipplin|202/284\n|move|p1a: Dipplin|Dragon Tail|p2a: Ogerpon\n|-damage|p2a: Ogerpon|32/247\n|drag|p2a: Empoleon|Empoleon, L84, F|116/278\n|\n|-heal|p2a: Empoleon|133/278|[from] item: Leftovers\n|upkeep\n|turn|21\n|c|\u2606Yelan292|i have synthesis and roost but ive lost lol\n|c|\u2606Yelan292|kill me\n|\n|t:|1732947691\n|switch|p1a: Victreebel|Victreebel, L90, F|290/290\n|-damage|p1a: Victreebel|254/290|[from] Stealth Rock\n|move|p2a: Empoleon|Stealth Rock||[still]\n|-fail|p2a: Empoleon\n|\n|-heal|p2a: Empoleon|150/278|[from] item: Leftovers\n|upkeep\n|turn|22\n|c|\u2606pnemonic|Ok\n|c|\u2606pnemonic|Dipplin isnt an atker\n|\n|t:|1732947708\n|move|p1a: Victreebel|Power Whip|p2a: Empoleon\n|-crit|p2a: Empoleon\n|-damage|p2a: Empoleon|0 fnt\n|faint|p2a: Empoleon\n|-damage|p1a: Victreebel|225/290|[from] item: Life Orb\n|\n|upkeep\n|c|\u2606Yelan292|but he thick\n|\n|t:|1732947716\n|switch|p2a: Ogerpon|Ogerpon-Cornerstone, L76, F|32/247\n|turn|23\n|c|\u2606pnemonic|Ye\n|c|\u2606Yelan292|and he has recovery\n|c|\u2606pnemonic|Ynless you have ive its kinda a wall\n|\n|t:|1732947732\n|move|p2a: Ogerpon|Encore|p1a: Victreebel\n|-start|p1a: Victreebel|Encore\n|move|p1a: Victreebel|Power Whip|p2a: Ogerpon\n|-damage|p2a: Ogerpon|0 fnt\n|faint|p2a: Ogerpon\n|-damage|p1a: Victreebel|196/290|[from] item: Life Orb\n|\n|win|pnemonic\n|raw|pnemonic's rating: 1711 &rarr; <strong>1731</strong><br />(+20 for winning)\n|raw|Yelan292's rating: 1718 &rarr; <strong>1698</strong><br />(-20 for losing)\n|c|\u2606Yelan292|gg\n|c|\u2606pnemonic|*ice\n|c|\u2606pnemonic|Gg\n|l|\u2606Yelan292\n|player|p2|\n|c|\u2606pnemonic|That dragon tail encore was kinda awful for you\n", "inputlog": ">version b107d77f5c90bd6555267ae244a6264823309ead\n>start {\"formatid\":\"gen9randombattle\",\"seed\":[37912,35497,12537,38255],\"rated\":\"Rated battle\"}\n>player p1 {\"name\":\"pnemonic\",\"avatar\":\"supernerd\",\"rating\":1711,\"seed\":[6813,22536,33793,7295]}\n>player p2 {\"name\":\"Yelan292\",\"avatar\":\"ariana\",\"rating\":1718,\"seed\":[33066,4553,21391,37125]}\n>p1 move swordsdance\n>p2 move stealthrock\n>p1 move earthquake\n>p2 switch 2\n>chat \u2606Yelan292|oh f i forgot abt mold breaker\n>p2 switch 3\n>chat \u2606pnemonic|Lol i too get juked by it\n>p1 move rapidspin\n>p2 move coil terastallize\n>p1 move ironhead\n>p2 move coil\n>p1 move ironhead\n>p2 move suckerpunch\n>p2 switch 4\n>p1 move ironhead\n>p2 move protect\n>p1 move ironhead\n>p2 move quickattack\n>p1 move ironhead\n>p2 move quickattack\n>p2 switch 6\n>p1 move earthquake\n>p2 move wavecrash\n>p1 switch 4\n>p2 switch 2\n>p1 move nastyplot\n>p2 move knockoff\n>p1 move focusblast\n>p2 move surf\n>p1 switch 5\n>chat \u2606Yelan292|!dt focus blast\n>chat \u2606Yelan292|damn that 30% XD\n>p1 move gigadrain\n>p2 move stealthrock\n>p1 move dragontail\n>p2 move knockoff\n>p1 move dragonpulse\n>p2 move encore\n>p1 move dragontail\n>p2 move knockoff\n>p1 move dragontail\n>p2 move ivycudgel\n>p1 move gigadrain\n>p2 move knockoff\n>p1 move recover\n>p2 move knockoff\n>chat \u2606Yelan292|plz kill me now lol\n>chat \u2606Yelan292|im gonna spam rocks\n>p1 move dragontail\n>p2 move stealthrock\n>p1 move dragontail\n>p2 move ivycudgel\n>chat \u2606Yelan292|i have synthesis and roost but ive lost lol\n>chat \u2606Yelan292|kill me\n>p1 switch 6\n>p2 move stealthrock\n>chat \u2606pnemonic|Ok\n>chat \u2606pnemonic|Dipplin isnt an atker\n>p1 move powerwhip\n>p2 move stealthrock\n>chat \u2606Yelan292|but he thick\n>p2 switch 5\n>chat \u2606pnemonic|Ye\n>chat \u2606Yelan292|and he has recovery\n>chat \u2606pnemonic|Ynless you have ive its kinda a wall\n>p1 move knockoff\n>p2 move encore", "uploadtime": 1732947774, "views": 1, "formatid": "gen9randombattle", "rating": 1698, "private": 0, "password": null}