{"id": "gen9randombattle-2254091389", "format": "[Gen 9] Random Battle", "players": ["Gloriousplays", "Hnj123"], "log": "|j|\u2606Gloriousplays\n|j|\u2606Hnj123\n|t:|1732990186\n|gametype|singles\n|player|p1|Gloriousplays|ash|2244\n|player|p2|Hnj123|1|2183\n|teamsize|p1|6\n|teamsize|p2|6\n|gen|9\n|tier|[Gen 9] Random Battle\n|rated|\n|rule|Species Clause: Limit one of each Pok\u00e9mon\n|rule|HP Percentage Mod: HP is shown in percentages\n|rule|Sleep Clause Mod: Limit one foe put to sleep\n|rule|Illusion Level Mod: Illusion disguises the Pok\u00e9mon's true level\n|\n|t:|1732990186\n|start\n|switch|p1a: Weezing|Weezing-Galar, L86, M|252/252\n|switch|p2a: Koraidon|Koraidon, L64|235/235\n|-weather|SunnyDay|[from] ability: Orichalcum Pulse|[of] p2a: Koraidon\n|-activate|p2a: Koraidon|Orichalcum Pulse|[source]\n|turn|1\n|\n|t:|1732990202\n|move|p2a: Koraidon|U-turn|p1a: Weezing\n|-resisted|p1a: Weezing\n|-damage|p1a: Weezing|237/252\n|\n|t:|1732990214\n|switch|p2a: Blissey|Blissey, L84, F|566/566|[from] U-turn\n|move|p1a: Weezing|Will-O-Wisp|p2a: Blissey\n|-status|p2a: Blissey|brn\n|\n|-weather|SunnyDay|[upkeep]\n|-heal|p1a: Weezing|252/252|[from] item: Leftovers\n|-damage|p2a: Blissey|531/566 brn|[from] brn\n|upkeep\n|turn|2\n|inactive|Battle timer is ON: inactive players will automatically lose when time's up. (requested by Hnj123)\n|inactive|Gloriousplays has 120 seconds left.\n|\n|t:|1732990250\n|switch|p1a: Dedenne|Dedenne, L88, F|261/261\n|move|p2a: Blissey|Stealth Rock|p1a: Dedenne\n|-sidestart|p1: Gloriousplays|move: Stealth Rock\n|\n|-weather|SunnyDay|[upkeep]\n|-heal|p2a: Blissey|566/566 brn|[from] item: Leftovers\n|-damage|p2a: Blissey|531/566 brn|[from] brn\n|upkeep\n|turn|3\n|\n|t:|1732990256\n|move|p1a: Dedenne|Super Fang|p2a: Blissey\n|-damage|p2a: Blissey|266/566 brn\n|move|p2a: Blissey|Seismic Toss|p1a: Dedenne\n|-damage|p1a: Dedenne|177/261\n|\n|-weather|SunnyDay|[upkeep]\n|-heal|p2a: Blissey|301/566 brn|[from] item: Leftovers\n|-damage|p2a: Blissey|266/566 brn|[from] brn\n|upkeep\n|turn|4\n|inactive|Gloriousplays has 120 seconds left.\n|j| ricktophin\n|\n|t:|1732990288\n|move|p1a: Dedenne|U-turn|p2a: Blissey\n|-damage|p2a: Blissey|162/566 brn\n|inactive|Gloriousplays has 120 seconds left.\n|\n|t:|1732990295\n|switch|p1a: Shiftry|Shiftry, L89, M|305/305|[from] U-turn\n|-damage|p1a: Shiftry|267/305|[from] Stealth Rock\n|move|p2a: Blissey|Soft-Boiled|p2a: Blissey\n|-heal|p2a: Blissey|445/566 brn\n|\n|-weather|SunnyDay|[upkeep]\n|-heal|p2a: Blissey|480/566 brn|[from] item: Leftovers\n|-damage|p2a: Blissey|445/566 brn|[from] brn\n|upkeep\n|turn|5\n|inactive|Gloriousplays has 120 seconds left.\n|\n|t:|1732990308\n|-curestatus|p2a: Blissey|brn|[from] ability: Natural Cure\n|switch|p2a: Bombirdier|Bombirdier, L85, M|258/258\n|move|p1a: Shiftry|Knock Off|p2a: Bombirdier\n|-resisted|p2a: Bombirdier\n|-damage|p2a: Bombirdier|188/258\n|-enditem|p2a: Bombirdier|Heavy-Duty Boots|[from] move: Knock Off|[of] p1a: Shiftry\n|-damage|p1a: Shiftry|237/305|[from] item: Life Orb\n|\n|-weather|none\n|upkeep\n|turn|6\n|\n|t:|1732990316\n|switch|p1a: Heatran|Heatran, L79, F|273/273\n|-damage|p1a: Heatran|239/273|[from] Stealth Rock\n|-item|p1a: Heatran|Air Balloon\n|move|p2a: Bombirdier|Stone Edge|p1a: Heatran\n|-damage|p1a: Heatran|126/273\n|-enditem|p1a: Heatran|Air Balloon\n|\n|upkeep\n|turn|7\n|\n|t:|1732990321\n|move|p2a: Bombirdier|Stone Edge|p1a: Heatran\n|-damage|p1a: Heatran|11/273\n|move|p1a: Heatran|Stealth Rock|p2a: Bombirdier\n|-sidestart|p2: Hnj123|move: Stealth Rock\n|\n|upkeep\n|turn|8\n|\n|t:|1732990326\n|move|p2a: Bombirdier|Knock Off|p1a: Heatran\n|-damage|p1a: Heatran|0 fnt\n|faint|p1a: Heatran\n|\n|upkeep\n|\n|t:|1732990327\n|switch|p1a: Palafin|Palafin, L77, M|281/281\n|-damage|p1a: Palafin|246/281|[from] Stealth Rock\n|turn|9\n|\n|t:|1732990331\n|detailschange|p1a: Palafin|Palafin-Hero, L77, M\n|switch|p1a: Dedenne|Dedenne, L88, F|177/261\n|-damage|p1a: Dedenne|145/261|[from] Stealth Rock\n|move|p2a: Bombirdier|Knock Off|p1a: Dedenne\n|-resisted|p1a: Dedenne\n|-damage|p1a: Dedenne|75/261\n|-enditem|p1a: Dedenne|Sitrus Berry|[from] move: Knock Off|[of] p2a: Bombirdier\n|\n|upkeep\n|turn|10\n|\n|t:|1732990334\n|move|p1a: Dedenne|Thunderbolt|p2a: Bombirdier\n|-supereffective|p2a: Bombirdier\n|-damage|p2a: Bombirdier|0 fnt\n|faint|p2a: Bombirdier\n|\n|upkeep\n|\n|t:|1732990344\n|switch|p2a: Urshifu|Urshifu-Rapid-Strike, L75, M|274/274\n|-damage|p2a: Urshifu|257/274|[from] Stealth Rock\n|turn|11\n|inactive|Gloriousplays has 120 seconds left.\n|\n|t:|1732990391\n|move|p2a: Urshifu|Aqua Jet|p1a: Dedenne\n|-crit|p1a: Dedenne\n|-damage|p1a: Dedenne|0 fnt\n|faint|p1a: Dedenne\n|\n|upkeep\n|\n|t:|1732990410\n|switch|p1a: Feraligatr|Feraligatr, L79, M|264/264\n|-damage|p1a: Feraligatr|231/264|[from] Stealth Rock\n|turn|12\n|\n|t:|1732990417\n|switch|p2a: Koraidon|Koraidon, L64|235/235\n|-damage|p2a: Koraidon|221/235|[from] Stealth Rock\n|-weather|SunnyDay|[from] ability: Orichalcum Pulse|[of] p2a: Koraidon\n|-activate|p2a: Koraidon|Orichalcum Pulse|[source]\n|move|p1a: Feraligatr|Dragon Dance|p1a: Feraligatr\n|-boost|p1a: Feraligatr|atk|1\n|-boost|p1a: Feraligatr|spe|1\n|\n|-weather|SunnyDay|[upkeep]\n|upkeep\n|turn|13\n|\n|t:|1732990433\n|-terastallize|p2a: Koraidon|Fire\n|move|p1a: Feraligatr|Ice Punch|p2a: Koraidon\n|-resisted|p2a: Koraidon\n|-damage|p2a: Koraidon|153/235\n|move|p2a: Koraidon|Close Combat|p1a: Feraligatr\n|-damage|p1a: Feraligatr|42/264\n|-unboost|p2a: Koraidon|def|1\n|-unboost|p2a: Koraidon|spd|1\n|\n|-weather|SunnyDay|[upkeep]\n|upkeep\n|turn|14\n|\n|t:|1732990447\n|switch|p2a: Samurott|Samurott, L88, F|310/310\n|-damage|p2a: Samurott|272/310|[from] Stealth Rock\n|move|p1a: Feraligatr|Trailblaze|p2a: Samurott\n|-supereffective|p2a: Samurott\n|-damage|p2a: Samurott|106/310\n|\n|-weather|SunnyDay|[upkeep]\n|upkeep\n|turn|15\n|\n|t:|1732990452\n|move|p2a: Samurott|Aqua Jet|p1a: Feraligatr\n|-resisted|p1a: Feraligatr\n|-damage|p1a: Feraligatr|31/264\n|move|p1a: Feraligatr|Trailblaze|p2a: Samurott\n|-supereffective|p2a: Samurott\n|-damage|p2a: Samurott|0 fnt\n|faint|p2a: Samurott\n|\n|-weather|SunnyDay|[upkeep]\n|upkeep\n|\n|t:|1732990459\n|switch|p2a: Urshifu|Urshifu-Rapid-Strike, L75, M|257/274\n|-damage|p2a: Urshifu|240/274|[from] Stealth Rock\n|turn|16\n|\n|t:|1732990474\n|move|p2a: Urshifu|Aqua Jet|p1a: Feraligatr\n|-resisted|p1a: Feraligatr\n|-damage|p1a: Feraligatr|16/264\n|move|p1a: Feraligatr|Trailblaze|p2a: Urshifu\n|-supereffective|p2a: Urshifu\n|-damage|p2a: Urshifu|58/274\n|\n|-weather|none\n|upkeep\n|turn|17\n|inactive|Gloriousplays has 120 seconds left.\n|\n|t:|1732990480\n|move|p2a: Urshifu|Aqua Jet|p1a: Feraligatr\n|-resisted|p1a: Feraligatr\n|-damage|p1a: Feraligatr|0 fnt\n|faint|p1a: Feraligatr\n|\n|upkeep\n|\n|t:|1732990482\n|switch|p1a: Palafin|Palafin-Hero, L77, M|246/281\n|-damage|p1a: Palafin|211/281|[from] Stealth Rock\n|-activate|p1a: Palafin|ability: Zero to Hero\n|turn|18\n|\n|t:|1732990487\n|move|p2a: Urshifu|Aqua Jet|p1a: Palafin\n|-resisted|p1a: Palafin\n|-damage|p1a: Palafin|181/281\n|move|p1a: Palafin|Bulk Up|p1a: Palafin\n|-boost|p1a: Palafin|atk|1\n|-boost|p1a: Palafin|def|1\n|\n|-heal|p1a: Palafin|198/281|[from] item: Leftovers\n|upkeep\n|turn|19\n|\n|t:|1732990490\n|move|p2a: Urshifu|Aqua Jet|p1a: Palafin\n|-resisted|p1a: Palafin\n|-damage|p1a: Palafin|177/281\n|move|p1a: Palafin|Bulk Up|p1a: Palafin\n|-boost|p1a: Palafin|atk|1\n|-boost|p1a: Palafin|def|1\n|\n|-heal|p1a: Palafin|194/281|[from] item: Leftovers\n|upkeep\n|turn|20\n|\n|t:|1732990492\n|switch|p2a: Koraidon|Koraidon, L64, tera:Fire|153/235\n|-damage|p2a: Koraidon|95/235|[from] Stealth Rock\n|-weather|SunnyDay|[from] ability: Orichalcum Pulse|[of] p2a: Koraidon\n|-activate|p2a: Koraidon|Orichalcum Pulse|[source]\n|move|p1a: Palafin|Bulk Up|p1a: Palafin\n|-boost|p1a: Palafin|atk|1\n|-boost|p1a: Palafin|def|1\n|\n|-weather|SunnyDay|[upkeep]\n|-heal|p1a: Palafin|211/281|[from] item: Leftovers\n|upkeep\n|turn|21\n|\n|t:|1732990496\n|move|p1a: Palafin|Jet Punch|p2a: Koraidon\n|-supereffective|p2a: Koraidon\n|-damage|p2a: Koraidon|0 fnt\n|faint|p2a: Koraidon\n|\n|-weather|SunnyDay|[upkeep]\n|-heal|p1a: Palafin|228/281|[from] item: Leftovers\n|upkeep\n|\n|t:|1732990500\n|switch|p2a: Typhlosion|Typhlosion-Hisui, L83, F|257/257\n|turn|22\n|\n|t:|1732990504\n|move|p1a: Palafin|Jet Punch|p2a: Typhlosion\n|-supereffective|p2a: Typhlosion\n|-damage|p2a: Typhlosion|27/257\n|move|p2a: Typhlosion|Will-O-Wisp|p1a: Palafin\n|-status|p1a: Palafin|brn\n|\n|-weather|SunnyDay|[upkeep]\n|-heal|p1a: Palafin|245/281 brn|[from] item: Leftovers\n|-damage|p1a: Palafin|228/281 brn|[from] brn\n|upkeep\n|turn|23\n|\n|t:|1732990509\n|move|p1a: Palafin|Jet Punch|p2a: Typhlosion\n|-supereffective|p2a: Typhlosion\n|-damage|p2a: Typhlosion|0 fnt\n|faint|p2a: Typhlosion\n|\n|-weather|SunnyDay|[upkeep]\n|-heal|p1a: Palafin|245/281 brn|[from] item: Leftovers\n|-damage|p1a: Palafin|228/281 brn|[from] brn\n|upkeep\n|\n|t:|1732990511\n|switch|p2a: Blissey|Blissey, L84, F|445/566\n|-damage|p2a: Blissey|375/566|[from] Stealth Rock\n|turn|24\n|\n|t:|1732990515\n|move|p1a: Palafin|Drain Punch|p2a: Blissey\n|-supereffective|p2a: Blissey\n|-damage|p2a: Blissey|0 fnt\n|-heal|p1a: Palafin|281/281 brn|[from] drain|[of] p2a: Blissey\n|faint|p2a: Blissey\n|\n|-weather|none\n|-damage|p1a: Palafin|264/281 brn|[from] brn\n|upkeep\n|-message|Hnj123 forfeited.\n|\n|win|Gloriousplays\n|raw|Gloriousplays's rating: 2244 &rarr; <strong>2261</strong><br />(+17 for winning)\n|raw|Hnj123's rating: 2183 &rarr; <strong>2166</strong><br />(-17 for losing)\n|l|\u2606Hnj123\n|player|p2|\n", "inputlog": ">version b107d77f5c90bd6555267ae244a6264823309ead\n>start {\"formatid\":\"gen9randombattle\",\"seed\":[50276,62419,51607,43820],\"rated\":\"Rated battle\"}\n>player p1 {\"name\":\"Gloriousplays\",\"avatar\":\"ash\",\"rating\":2244,\"seed\":[7203,44007,16803,9450]}\n>player p2 {\"name\":\"Hnj123\",\"avatar\":\"1\",\"rating\":2183,\"seed\":[4999,9084,38716,23739]}\n>p1 move willowisp\n>p2 move uturn\n>p2 switch 6\n>p1 switch 2\n>p2 move stealthrock\n>p1 move superfang\n>p2 move seismictoss\n>p1 move uturn\n>p2 move softboiled\n>p1 switch 4\n>p1 move knockoff\n>p2 switch 4\n>p1 switch 3\n>p2 move stoneedge\n>p1 move stealthrock\n>p2 move stoneedge\n>p1 move lavaplume\n>p2 move knockoff\n>p1 switch 5\n>p1 switch 4\n>p2 move knockoff\n>p1 move thunderbolt\n>p2 move stoneedge\n>p2 switch 5\n>p1 move thunderbolt\n>p2 move aquajet\n>p1 switch 6\n>p1 move dragondance\n>p2 switch 6\n>p1 move icepunch\n>p2 move closecombat terastallize\n>p1 move trailblaze\n>p2 switch 3\n>p1 move trailblaze\n>p2 move aquajet\n>p2 switch 6\n>p1 move trailblaze\n>p2 move aquajet\n>p1 move trailblaze\n>p2 move aquajet\n>p1 switch 4\n>p1 move bulkup\n>p2 move aquajet\n>p1 move bulkup\n>p2 move aquajet\n>p1 move bulkup\n>p2 switch 3\n>p1 move jetpunch\n>p2 move outrage\n>p2 switch 2\n>p1 move jetpunch\n>p2 move willowisp\n>p1 move jetpunch\n>p2 move shadowball\n>p2 switch 4\n>p1 move drainpunch\n>p2 move softboiled\n>forcelose p2", "uploadtime": 1732990521, "views": 1, "formatid": "gen9randombattle", "rating": 2166, "private": 0, "password": null}