{"id": "gen9randombattle-2253939125", "format": "[Gen 9] Random Battle", "players": ["domsh", "King Magenta"], "log": "|j|\u2606domsh\n|j|\u2606King Magenta\n|t:|1732967880\n|gametype|singles\n|player|p1|domsh|benga|1325\n|player|p2|King Magenta|102|1350\n|teamsize|p1|6\n|teamsize|p2|6\n|gen|9\n|tier|[Gen 9] Random Battle\n|rated|\n|rule|Species Clause: Limit one of each Pok\u00e9mon\n|rule|HP Percentage Mod: HP is shown in percentages\n|rule|Sleep Clause Mod: Limit one foe put to sleep\n|rule|Illusion Level Mod: Illusion disguises the Pok\u00e9mon's true level\n|\n|t:|1732967880\n|start\n|switch|p1a: Minior|Minior-Green, L79|224/224\n|switch|p2a: Mienshao|Mienshao, L83, F|244/244\n|-formechange|p1a: Minior|Minior-Meteor||[from] ability: Shields Down\n|turn|1\n|\n|t:|1732967889\n|move|p2a: Mienshao|Fake Out|p1a: Minior\n|-resisted|p1a: Minior\n|-damage|p1a: Minior|208/224\n|cant|p1a: Minior|flinch\n|\n|upkeep\n|turn|2\n|inactive|Battle timer is ON: inactive players will automatically lose when time's up. (requested by King Magenta)\n|\n|t:|1732967896\n|move|p2a: Mienshao|Knock Off|p1a: Minior\n|-damage|p1a: Minior|127/224\n|-enditem|p1a: Minior|White Herb|[from] move: Knock Off|[of] p2a: Mienshao\n|move|p1a: Minior|Shell Smash|p1a: Minior\n|-unboost|p1a: Minior|def|1\n|-unboost|p1a: Minior|spd|1\n|-boost|p1a: Minior|atk|2\n|-boost|p1a: Minior|spa|2\n|-boost|p1a: Minior|spe|2\n|\n|upkeep\n|turn|3\n|\n|t:|1732967909\n|-terastallize|p2a: Mienshao|Steel\n|move|p1a: Minior|Acrobatics|p2a: Mienshao\n|-resisted|p2a: Mienshao\n|-damage|p2a: Mienshao|149/244\n|move|p2a: Mienshao|Close Combat|p1a: Minior\n|-damage|p1a: Minior|0 fnt\n|-unboost|p2a: Mienshao|def|1\n|-unboost|p2a: Mienshao|spd|1\n|faint|p1a: Minior\n|\n|upkeep\n|\n|t:|1732967916\n|switch|p1a: Camerupt|Camerupt, L91, F|275/275\n|turn|4\n|\n|t:|1732967922\n|move|p2a: Mienshao|U-turn|p1a: Camerupt\n|-resisted|p1a: Camerupt\n|-damage|p1a: Camerupt|243/275\n|\n|t:|1732967927\n|switch|p2a: Palkia|Palkia, L75|259/259|[from] U-turn\n|-ability|p2a: Palkia|Pressure\n|move|p1a: Camerupt|Stealth Rock|p2a: Palkia\n|-sidestart|p2: King Magenta|move: Stealth Rock\n|\n|-heal|p1a: Camerupt|260/275|[from] item: Leftovers\n|upkeep\n|turn|5\n|\n|t:|1732967935\n|switch|p1a: Arboliva|Arboliva, L91, M|288/288\n|move|p2a: Palkia|Hydro Pump|p1a: Arboliva\n|-resisted|p1a: Arboliva\n|-damage|p1a: Arboliva|237/288\n|\n|upkeep\n|turn|6\n|\n|t:|1732967947\n|switch|p2a: Honchkrow|Honchkrow, L86, M|312/312\n|move|p1a: Arboliva|Substitute|p1a: Arboliva\n|-start|p1a: Arboliva|Substitute\n|-damage|p1a: Arboliva|165/288\n|\n|upkeep\n|turn|7\n|\n|t:|1732967960\n|move|p2a: Honchkrow|Brave Bird|p1a: Arboliva\n|-supereffective|p1a: Arboliva\n|-end|p1a: Arboliva|Substitute\n|-damage|p2a: Honchkrow|288/312|[from] Recoil|[of] p1a: Arboliva\n|move|p1a: Arboliva|Leech Seed|p2a: Honchkrow\n|-start|p2a: Honchkrow|move: Leech Seed\n|\n|-damage|p2a: Honchkrow|249/312|[from] Leech Seed|[of] p1a: Arboliva\n|-heal|p1a: Arboliva|204/288|[silent]\n|upkeep\n|turn|8\n|\n|t:|1732967967\n|move|p1a: Arboliva|Protect|p1a: Arboliva\n|-singleturn|p1a: Arboliva|Protect\n|move|p2a: Honchkrow|U-turn|p1a: Arboliva\n|-activate|p1a: Arboliva|move: Protect\n|\n|-damage|p2a: Honchkrow|210/312|[from] Leech Seed|[of] p1a: Arboliva\n|-heal|p1a: Arboliva|243/288|[silent]\n|upkeep\n|turn|9\n|\n|t:|1732967978\n|-terastallize|p1a: Arboliva|Water\n|move|p2a: Honchkrow|U-turn|p1a: Arboliva\n|-damage|p1a: Arboliva|182/288\n|\n|t:|1732967985\n|switch|p2a: Mienshao|Mienshao, L83, F, tera:Steel|230/244|[from] U-turn\n|-damage|p2a: Mienshao|215/244|[from] Stealth Rock\n|move|p1a: Arboliva|Substitute|p1a: Arboliva\n|-start|p1a: Arboliva|Substitute\n|-damage|p1a: Arboliva|110/288\n|-enditem|p1a: Arboliva|Sitrus Berry|[eat]\n|-heal|p1a: Arboliva|182/288|[from] item: Sitrus Berry\n|\n|-item|p1a: Arboliva|Sitrus Berry|[from] ability: Harvest\n|upkeep\n|turn|10\n|\n|t:|1732967992\n|move|p2a: Mienshao|Knock Off|p1a: Arboliva\n|-end|p1a: Arboliva|Substitute\n|move|p1a: Arboliva|Leech Seed|p2a: Mienshao\n|-start|p2a: Mienshao|move: Leech Seed\n|\n|-damage|p2a: Mienshao|185/244|[from] Leech Seed|[of] p1a: Arboliva\n|-heal|p1a: Arboliva|212/288|[silent]\n|upkeep\n|turn|11\n|\n|t:|1732968005\n|move|p1a: Arboliva|Protect|p1a: Arboliva\n|-singleturn|p1a: Arboliva|Protect\n|move|p2a: Mienshao|Knock Off|p1a: Arboliva\n|-activate|p1a: Arboliva|move: Protect\n|\n|-damage|p2a: Mienshao|155/244|[from] Leech Seed|[of] p1a: Arboliva\n|-heal|p1a: Arboliva|242/288|[silent]\n|upkeep\n|turn|12\n|\n|t:|1732968023\n|switch|p1a: Camerupt|Camerupt, L91, F|260/275\n|move|p2a: Mienshao|U-turn|p1a: Camerupt\n|-resisted|p1a: Camerupt\n|-damage|p1a: Camerupt|228/275\n|\n|t:|1732968031\n|switch|p2a: Palkia|Palkia, L75|259/259|[from] U-turn\n|-damage|p2a: Palkia|227/259|[from] Stealth Rock\n|-ability|p2a: Palkia|Pressure\n|\n|-heal|p1a: Camerupt|245/275|[from] item: Leftovers\n|upkeep\n|turn|13\n|\n|t:|1732968048\n|switch|p2a: Mienshao|Mienshao, L83, F, tera:Steel|236/244\n|-damage|p2a: Mienshao|221/244|[from] Stealth Rock\n|switch|p1a: Arboliva|Arboliva, L91, M, tera:Water|242/288\n|\n|upkeep\n|turn|14\n|\n|t:|1732968052\n|switch|p1a: Camerupt|Camerupt, L91, F|245/275\n|move|p2a: Mienshao|Knock Off|p1a: Camerupt\n|-crit|p1a: Camerupt\n|-damage|p1a: Camerupt|100/275\n|-enditem|p1a: Camerupt|Leftovers|[from] move: Knock Off|[of] p2a: Mienshao\n|\n|upkeep\n|turn|15\n|\n|t:|1732968059\n|move|p2a: Mienshao|Close Combat|p1a: Camerupt\n|-damage|p1a: Camerupt|0 fnt\n|-unboost|p2a: Mienshao|def|1\n|-unboost|p2a: Mienshao|spd|1\n|faint|p1a: Camerupt\n|\n|upkeep\n|\n|t:|1732968064\n|switch|p1a: Zamazenta|Zamazenta, L71|248/248\n|-ability|p1a: Zamazenta|Dauntless Shield|boost\n|-boost|p1a: Zamazenta|def|1\n|turn|16\n|\n|t:|1732968073\n|switch|p2a: Scream Tail|Scream Tail, L84|330/330\n|-damage|p2a: Scream Tail|289/330|[from] Stealth Rock\n|move|p1a: Zamazenta|Close Combat|p2a: Scream Tail\n|-resisted|p2a: Scream Tail\n|-damage|p2a: Scream Tail|254/330\n|-unboost|p1a: Zamazenta|def|1\n|-unboost|p1a: Zamazenta|spd|1\n|\n|-heal|p2a: Scream Tail|274/330|[from] item: Leftovers\n|upkeep\n|turn|17\n|\n|t:|1732968081\n|switch|p1a: Lokix|Lokix, L82, M|251/251\n|move|p2a: Scream Tail|Thunder Wave|p1a: Lokix\n|-status|p1a: Lokix|par\n|\n|-heal|p2a: Scream Tail|294/330|[from] item: Leftovers\n|upkeep\n|turn|18\n|\n|t:|1732968092\n|move|p2a: Scream Tail|Protect|p2a: Scream Tail\n|-singleturn|p2a: Scream Tail|Protect\n|move|p1a: Lokix|First Impression|p2a: Scream Tail\n|-activate|p2a: Scream Tail|move: Protect\n|\n|-heal|p2a: Scream Tail|314/330|[from] item: Leftovers\n|upkeep\n|turn|19\n|\n|t:|1732968100\n|move|p2a: Scream Tail|Dazzling Gleam|p1a: Lokix\n|-supereffective|p1a: Lokix\n|-damage|p1a: Lokix|81/251 par\n|move|p1a: Lokix|U-turn|p2a: Scream Tail\n|-damage|p2a: Scream Tail|232/330\n|\n|t:|1732968107\n|switch|p1a: Arboliva|Arboliva, L91, M, tera:Water|242/288|[from] U-turn\n|\n|-heal|p2a: Scream Tail|252/330|[from] item: Leftovers\n|upkeep\n|turn|20\n|\n|t:|1732968121\n|-end|p2a: Scream Tail|Protosynthesis|[silent]\n|switch|p2a: Mienshao|Mienshao, L83, F, tera:Steel|244/244\n|-damage|p2a: Mienshao|229/244|[from] Stealth Rock\n|move|p1a: Arboliva|Substitute|p1a: Arboliva\n|-start|p1a: Arboliva|Substitute\n|-damage|p1a: Arboliva|170/288\n|\n|upkeep\n|turn|21\n|\n|t:|1732968124\n|move|p2a: Mienshao|Knock Off|p1a: Arboliva\n|-end|p1a: Arboliva|Substitute\n|move|p1a: Arboliva|Leech Seed|p2a: Mienshao\n|-start|p2a: Mienshao|move: Leech Seed\n|\n|-damage|p2a: Mienshao|199/244|[from] Leech Seed|[of] p1a: Arboliva\n|-heal|p1a: Arboliva|200/288|[silent]\n|upkeep\n|turn|22\n|\n|t:|1732968141\n|move|p1a: Arboliva|Protect|p1a: Arboliva\n|-singleturn|p1a: Arboliva|Protect\n|move|p2a: Mienshao|Knock Off|p1a: Arboliva\n|-activate|p1a: Arboliva|move: Protect\n|\n|-damage|p2a: Mienshao|169/244|[from] Leech Seed|[of] p1a: Arboliva\n|-heal|p1a: Arboliva|230/288|[silent]\n|upkeep\n|turn|23\n|\n|t:|1732968158\n|switch|p1a: Zamazenta|Zamazenta, L71|248/248\n|move|p2a: Mienshao|Close Combat|p1a: Zamazenta\n|-damage|p1a: Zamazenta|101/248\n|-unboost|p2a: Mienshao|def|1\n|-unboost|p2a: Mienshao|spd|1\n|\n|-damage|p2a: Mienshao|139/244|[from] Leech Seed|[of] p1a: Zamazenta\n|-heal|p1a: Zamazenta|131/248|[silent]\n|upkeep\n|turn|24\n|\n|t:|1732968169\n|switch|p2a: Scream Tail|Scream Tail, L84|252/330\n|-damage|p2a: Scream Tail|211/330|[from] Stealth Rock\n|move|p1a: Zamazenta|Iron Head|p2a: Scream Tail\n|-supereffective|p2a: Scream Tail\n|-damage|p2a: Scream Tail|67/330\n|\n|-heal|p2a: Scream Tail|87/330|[from] item: Leftovers\n|upkeep\n|turn|25\n|\n|t:|1732968177\n|move|p1a: Zamazenta|Iron Head|p2a: Scream Tail\n|-supereffective|p2a: Scream Tail\n|-damage|p2a: Scream Tail|0 fnt\n|faint|p2a: Scream Tail\n|-end|p2a: Scream Tail|Protosynthesis|[silent]\n|\n|upkeep\n|\n|t:|1732968182\n|switch|p2a: Typhlosion|Typhlosion, L84, M|267/267\n|-damage|p2a: Typhlosion|201/267|[from] Stealth Rock\n|turn|26\n|\n|t:|1732968195\n|switch|p2a: Mienshao|Mienshao, L83, F, tera:Steel|220/244\n|-damage|p2a: Mienshao|205/244|[from] Stealth Rock\n|switch|p1a: Arboliva|Arboliva, L91, M, tera:Water|230/288\n|\n|upkeep\n|turn|27\n|\n|t:|1732968204\n|switch|p1a: Zamazenta|Zamazenta, L71|131/248\n|move|p2a: Mienshao|Knock Off|p1a: Zamazenta\n|-resisted|p1a: Zamazenta\n|-damage|p1a: Zamazenta|93/248\n|-enditem|p1a: Zamazenta|Choice Band|[from] move: Knock Off|[of] p2a: Mienshao\n|\n|upkeep\n|turn|28\n|\n|t:|1732968214\n|switch|p2a: Typhlosion|Typhlosion, L84, M|201/267\n|-damage|p2a: Typhlosion|135/267|[from] Stealth Rock\n|move|p1a: Zamazenta|Close Combat|p2a: Typhlosion\n|-damage|p2a: Typhlosion|5/267\n|-unboost|p1a: Zamazenta|def|1\n|-unboost|p1a: Zamazenta|spd|1\n|\n|upkeep\n|turn|29\n|\n|t:|1732968222\n|move|p2a: Typhlosion|Focus Blast|p1a: Zamazenta\n|-damage|p1a: Zamazenta|0 fnt\n|faint|p1a: Zamazenta\n|\n|upkeep\n|\n|t:|1732968226\n|switch|p1a: Arboliva|Arboliva, L91, M, tera:Water|230/288\n|turn|30\n|\n|t:|1732968236\n|move|p2a: Typhlosion|Focus Blast|p1a: Arboliva\n|-damage|p1a: Arboliva|155/288\n|-unboost|p1a: Arboliva|spd|1\n|move|p1a: Arboliva|Substitute|p1a: Arboliva\n|-start|p1a: Arboliva|Substitute\n|-damage|p1a: Arboliva|83/288\n|-enditem|p1a: Arboliva|Sitrus Berry|[eat]\n|-heal|p1a: Arboliva|155/288|[from] item: Sitrus Berry\n|\n|upkeep\n|turn|31\n|\n|t:|1732968246\n|move|p1a: Arboliva|Protect|p1a: Arboliva\n|-singleturn|p1a: Arboliva|Protect\n|move|p2a: Typhlosion|Focus Blast|p1a: Arboliva\n|-activate|p1a: Arboliva|move: Protect\n|\n|-item|p1a: Arboliva|Sitrus Berry|[from] ability: Harvest\n|upkeep\n|turn|32\n|\n|t:|1732968261\n|move|p2a: Typhlosion|Focus Blast|p1a: Arboliva|[miss]\n|-miss|p2a: Typhlosion|p1a: Arboliva\n|move|p1a: Arboliva|Hyper Voice|p2a: Typhlosion\n|-damage|p2a: Typhlosion|0 fnt\n|faint|p2a: Typhlosion\n|\n|upkeep\n|\n|t:|1732968272\n|switch|p2a: Mienshao|Mienshao, L83, F, tera:Steel|244/244\n|-damage|p2a: Mienshao|229/244|[from] Stealth Rock\n|turn|33\n|\n|t:|1732968278\n|move|p2a: Mienshao|Knock Off|p1a: Arboliva\n|-end|p1a: Arboliva|Substitute\n|move|p1a: Arboliva|Leech Seed|p2a: Mienshao\n|-start|p2a: Mienshao|move: Leech Seed\n|\n|-damage|p2a: Mienshao|199/244|[from] Leech Seed|[of] p1a: Arboliva\n|-heal|p1a: Arboliva|185/288|[silent]\n|upkeep\n|turn|34\n|\n|t:|1732968285\n|move|p1a: Arboliva|Protect|p1a: Arboliva\n|-singleturn|p1a: Arboliva|Protect\n|move|p2a: Mienshao|Knock Off|p1a: Arboliva\n|-activate|p1a: Arboliva|move: Protect\n|\n|-damage|p2a: Mienshao|169/244|[from] Leech Seed|[of] p1a: Arboliva\n|-heal|p1a: Arboliva|215/288|[silent]\n|upkeep\n|turn|35\n|\n|t:|1732968289\n|switch|p1a: Lokix|Lokix, L82, M|81/251 par\n|move|p2a: Mienshao|U-turn|p1a: Lokix\n|-supereffective|p1a: Lokix\n|-damage|p1a: Lokix|0 fnt\n|faint|p1a: Lokix\n|\n|t:|1732968297\n|switch|p2a: Honchkrow|Honchkrow, L86, M|210/312|[from] U-turn\n|\n|upkeep\n|\n|t:|1732968299\n|switch|p1a: Lunala|Lunala, L70|308/308\n|turn|36\n|\n|t:|1732968307\n|move|p2a: Honchkrow|Sucker Punch||[still]\n|-fail|p2a: Honchkrow\n|move|p1a: Lunala|Calm Mind|p1a: Lunala\n|-boost|p1a: Lunala|spa|1\n|-boost|p1a: Lunala|spd|1\n|\n|upkeep\n|turn|37\n|\n|t:|1732968315\n|move|p1a: Lunala|Calm Mind|p1a: Lunala\n|-boost|p1a: Lunala|spa|1\n|-boost|p1a: Lunala|spd|1\n|move|p2a: Honchkrow|Brave Bird|p1a: Lunala\n|-damage|p1a: Lunala|204/308\n|-damage|p2a: Honchkrow|176/312|[from] Recoil\n|\n|-heal|p1a: Lunala|223/308|[from] item: Leftovers\n|upkeep\n|turn|38\n|\n|t:|1732968322\n|move|p1a: Lunala|Calm Mind|p1a: Lunala\n|-boost|p1a: Lunala|spa|1\n|-boost|p1a: Lunala|spd|1\n|move|p2a: Honchkrow|U-turn|p1a: Lunala\n|-damage|p1a: Lunala|154/308\n|\n|t:|1732968327\n|switch|p2a: Mienshao|Mienshao, L83, F, tera:Steel|244/244|[from] U-turn\n|-damage|p2a: Mienshao|229/244|[from] Stealth Rock\n|\n|-heal|p1a: Lunala|173/308|[from] item: Leftovers\n|upkeep\n|turn|39\n|\n|t:|1732968339\n|move|p2a: Mienshao|Knock Off|p1a: Lunala\n|-supereffective|p1a: Lunala\n|-damage|p1a: Lunala|0 fnt\n|-enditem|p1a: Lunala|Leftovers|[from] move: Knock Off|[of] p2a: Mienshao\n|faint|p1a: Lunala\n|\n|upkeep\n|\n|t:|1732968342\n|switch|p1a: Arboliva|Arboliva, L91, M, tera:Water|215/288\n|turn|40\n|-message|domsh forfeited.\n|\n|win|King Magenta\n|raw|domsh's rating: 1325 &rarr; <strong>1306</strong><br />(-19 for losing)\n|raw|King Magenta's rating: 1350 &rarr; <strong>1369</strong><br />(+19 for winning)\n|l|\u2606domsh\n|player|p1|\n", "inputlog": ">version b107d77f5c90bd6555267ae244a6264823309ead\n>start {\"formatid\":\"gen9randombattle\",\"seed\":[63957,14881,20878,53884],\"rated\":\"Rated battle\"}\n>player p1 {\"name\":\"domsh\",\"avatar\":\"benga\",\"rating\":1325,\"seed\":[16887,43279,54748,331]}\n>player p2 {\"name\":\"King Magenta\",\"avatar\":\"102\",\"rating\":1350,\"seed\":[38140,35504,5658,26993]}\n>p1 move shellsmash\n>p2 move fakeout\n>p1 move shellsmash\n>p2 move knockoff\n>p1 move acrobatics\n>p2 move closecombat terastallize\n>p1 switch 5\n>p1 move stealthrock\n>p2 move uturn\n>p2 switch 2\n>p1 switch 6\n>p2 move hydropump\n>p1 move substitute\n>p2 switch 5\n>p1 move leechseed\n>p2 move bravebird\n>p1 move protect\n>p2 move uturn\n>p1 move substitute terastallize\n>p2 move uturn\n>p2 switch 2\n>p1 move leechseed\n>p2 move knockoff\n>p1 move protect\n>p2 move knockoff\n>p1 switch 6\n>p2 move uturn\n>p2 switch 5\n>p1 switch 6\n>p2 switch 5\n>p1 switch 6\n>p2 move knockoff\n>p1 move earthquake\n>p2 move closecombat\n>p1 switch 2\n>p1 move closecombat\n>p2 switch 6\n>p1 switch 4\n>p2 move thunderwave\n>p1 move firstimpression\n>p2 move protect\n>p1 move uturn\n>p2 move dazzlinggleam\n>p1 switch 6\n>p1 move substitute\n>p2 switch 6\n>p1 move leechseed\n>p2 move knockoff\n>p1 move protect\n>p2 move knockoff\n>p1 switch 4\n>p2 move closecombat\n>p1 move ironhead\n>p2 switch 6\n>p1 move ironhead\n>p2 move thunderwave\n>p2 switch 4\n>p1 switch 4\n>p2 switch 6\n>p1 switch 4\n>p2 move knockoff\n>p1 move closecombat\n>p2 switch 6\n>p1 move ironhead\n>p2 move focusblast\n>p1 switch 4\n>p1 move substitute\n>p2 move focusblast\n>p1 move protect\n>p2 move focusblast\n>p1 move hypervoice\n>p2 move focusblast\n>p2 switch 6\n>p1 move leechseed\n>p2 move knockoff\n>p1 move protect\n>p2 move knockoff\n>p1 switch 6\n>p2 move uturn\n>p2 switch 2\n>p1 switch 3\n>p1 move calmmind\n>p2 move suckerpunch\n>p1 move calmmind\n>p2 move bravebird\n>p1 move calmmind\n>p2 move uturn\n>p2 switch 2\n>p1 move moongeistbeam\n>p2 move knockoff\n>p1 switch 6\n>forcelose p1", "uploadtime": 1732968350, "views": 1, "formatid": "gen9randombattle", "rating": 1306, "private": 0, "password": null}