{"id": "gen9randombattle-2253857188", "format": "[Gen 9] Random Battle", "players": ["maxter00", "nukolas"], "log": "|j|\u2606maxter00\n|j|\u2606nukolas\n|t:|1732950086\n|gametype|singles\n|player|p1|maxter00|266|1085\n|player|p2|nukolas|2|1115\n|teamsize|p1|6\n|teamsize|p2|6\n|gen|9\n|tier|[Gen 9] Random Battle\n|rated|\n|rule|Species Clause: Limit one of each Pok\u00e9mon\n|rule|HP Percentage Mod: HP is shown in percentages\n|rule|Sleep Clause Mod: Limit one foe put to sleep\n|rule|Illusion Level Mod: Illusion disguises the Pok\u00e9mon's true level\n|\n|t:|1732950086\n|start\n|switch|p1a: Charizard|Charizard, L85, F|271/271\n|switch|p2a: Metagross|Metagross, L79|256/256\n|turn|1\n|\n|t:|1732950102\n|switch|p2a: Tornadus|Tornadus, L82, M|264/264\n|move|p1a: Charizard|Dragon Dance|p1a: Charizard\n|-boost|p1a: Charizard|atk|1\n|-boost|p1a: Charizard|spe|1\n|\n|upkeep\n|turn|2\n|inactive|Battle timer is ON: inactive players will automatically lose when time's up. (requested by nukolas)\n|\n|t:|1732950118\n|move|p1a: Charizard|Flare Blitz|p2a: Tornadus\n|-damage|p2a: Tornadus|68/264\n|-damage|p1a: Charizard|206/271|[from] Recoil\n|move|p2a: Tornadus|Bleakwind Storm|p1a: Charizard\n|-damage|p1a: Charizard|89/271\n|-unboost|p1a: Charizard|spe|1\n|\n|upkeep\n|turn|3\n|\n|t:|1732950130\n|switch|p2a: Glastrier|Glastrier, L86|311/311\n|switch|p1a: Glalie|Glalie, L96, M|309/309\n|\n|upkeep\n|turn|4\n|\n|t:|1732950138\n|move|p1a: Glalie|Taunt|p2a: Glastrier\n|-start|p2a: Glastrier|move: Taunt\n|move|p2a: Glastrier|Heavy Slam|p1a: Glalie\n|-supereffective|p1a: Glalie\n|-damage|p1a: Glalie|73/309\n|\n|upkeep\n|turn|5\n|\n|t:|1732950148\n|move|p1a: Glalie|Spikes|p2a: Glastrier\n|-sidestart|p2: nukolas|Spikes\n|move|p2a: Glastrier|Heavy Slam|p1a: Glalie\n|-supereffective|p1a: Glalie\n|-damage|p1a: Glalie|0 fnt\n|faint|p1a: Glalie\n|-ability|p2a: Glastrier|Chilling Neigh|boost\n|-boost|p2a: Glastrier|atk|1\n|\n|upkeep\n|\n|t:|1732950156\n|switch|p1a: Charizard|Charizard, L85, F|89/271\n|turn|6\n|\n|t:|1732950165\n|switch|p2a: Araquanid|Araquanid, L82, M|246/246\n|move|p1a: Charizard|Flare Blitz|p2a: Araquanid\n|-damage|p2a: Araquanid|161/246\n|-damage|p1a: Charizard|61/271|[from] Recoil\n|\n|upkeep\n|turn|7\n|\n|t:|1732950174\n|move|p1a: Charizard|Flare Blitz|p2a: Araquanid\n|-damage|p2a: Araquanid|76/246\n|-damage|p1a: Charizard|33/271|[from] Recoil\n|move|p2a: Araquanid|Liquidation|p1a: Charizard\n|-supereffective|p1a: Charizard\n|-damage|p1a: Charizard|0 fnt\n|faint|p1a: Charizard\n|\n|upkeep\n|\n|t:|1732950189\n|switch|p1a: Blastoise|Blastoise, L80, M|258/258\n|turn|8\n|\n|t:|1732950195\n|move|p1a: Blastoise|Shell Smash|p1a: Blastoise\n|-unboost|p1a: Blastoise|def|1\n|-unboost|p1a: Blastoise|spd|1\n|-boost|p1a: Blastoise|atk|2\n|-boost|p1a: Blastoise|spa|2\n|-boost|p1a: Blastoise|spe|2\n|-enditem|p1a: Blastoise|White Herb\n|-clearnegativeboost|p1a: Blastoise|[silent]\n|move|p2a: Araquanid|Sticky Web|p1a: Blastoise\n|-sidestart|p1: maxter00|move: Sticky Web\n|\n|upkeep\n|turn|9\n|\n|t:|1732950205\n|move|p1a: Blastoise|Hydro Pump|p2a: Araquanid\n|-resisted|p2a: Araquanid\n|-damage|p2a: Araquanid|7/246\n|move|p2a: Araquanid|Leech Life|p1a: Blastoise\n|-damage|p1a: Blastoise|201/258\n|-heal|p2a: Araquanid|36/246|[from] drain|[of] p1a: Blastoise\n|\n|upkeep\n|turn|10\n|\n|t:|1732950214\n|switch|p2a: Metagross|Metagross, L79|256/256\n|-damage|p2a: Metagross|224/256|[from] Spikes\n|move|p1a: Blastoise|Hydro Pump|p2a: Metagross\n|-damage|p2a: Metagross|8/256\n|\n|-heal|p2a: Metagross|24/256|[from] item: Leftovers\n|upkeep\n|turn|11\n|\n|t:|1732950232\n|switch|p2a: Gogoat|Gogoat, L88, F|360/360\n|-damage|p2a: Gogoat|315/360|[from] Spikes\n|move|p1a: Blastoise|Earthquake|p2a: Gogoat\n|-resisted|p2a: Gogoat\n|-damage|p2a: Gogoat|245/360\n|\n|-heal|p2a: Gogoat|267/360|[from] item: Leftovers\n|upkeep\n|turn|12\n|\n|t:|1732950241\n|move|p1a: Blastoise|Ice Beam|p2a: Gogoat\n|-supereffective|p2a: Gogoat\n|-damage|p2a: Gogoat|33/360\n|move|p2a: Gogoat|Bulk Up|p2a: Gogoat\n|-boost|p2a: Gogoat|atk|1\n|-boost|p2a: Gogoat|def|1\n|\n|-heal|p2a: Gogoat|55/360|[from] item: Leftovers\n|upkeep\n|turn|13\n|\n|t:|1732950247\n|move|p1a: Blastoise|Ice Beam|p2a: Gogoat\n|-supereffective|p2a: Gogoat\n|-damage|p2a: Gogoat|0 fnt\n|faint|p2a: Gogoat\n|\n|upkeep\n|\n|t:|1732950250\n|switch|p2a: Metagross|Metagross, L79|24/256\n|-damage|p2a: Metagross|0 fnt|[from] Spikes\n|faint|p2a: Metagross\n|\n|t:|1732950254\n|switch|p2a: Polteageist|Polteageist-Antique, L79|224/224\n|-damage|p2a: Polteageist|196/224|[from] Spikes\n|turn|14\n|\n|t:|1732950267\n|move|p1a: Blastoise|Hydro Pump|p2a: Polteageist\n|-damage|p2a: Polteageist|16/224\n|move|p2a: Polteageist|Tera Blast|p1a: Blastoise\n|-damage|p1a: Blastoise|139/258\n|\n|upkeep\n|turn|15\n|\n|t:|1732950276\n|move|p1a: Blastoise|Ice Beam|p2a: Polteageist\n|-damage|p2a: Polteageist|0 fnt\n|faint|p2a: Polteageist\n|\n|upkeep\n|\n|t:|1732950281\n|switch|p2a: Glastrier|Glastrier, L86|311/311\n|-damage|p2a: Glastrier|273/311|[from] Spikes\n|turn|16\n|\n|t:|1732950286\n|move|p1a: Blastoise|Hydro Pump|p2a: Glastrier\n|-damage|p2a: Glastrier|108/311\n|move|p2a: Glastrier|Close Combat|p1a: Blastoise\n|-crit|p1a: Blastoise\n|-damage|p1a: Blastoise|0 fnt\n|-unboost|p2a: Glastrier|def|1\n|-unboost|p2a: Glastrier|spd|1\n|faint|p1a: Blastoise\n|-ability|p2a: Glastrier|Chilling Neigh|boost\n|-boost|p2a: Glastrier|atk|1\n|\n|upkeep\n|\n|t:|1732950305\n|switch|p1a: Meowstic|Meowstic, L89, M|277/277\n|-activate|p1a: Meowstic|move: Sticky Web\n|-unboost|p1a: Meowstic|spe|1\n|turn|17\n|\n|t:|1732950310\n|switch|p2a: Araquanid|Araquanid, L82, M|36/246\n|move|p1a: Meowstic|Reflect|p1a: Meowstic\n|-sidestart|p1: maxter00|Reflect\n|\n|upkeep\n|turn|18\n|\n|t:|1732950316\n|move|p1a: Meowstic|Thunder Wave|p2a: Araquanid\n|-status|p2a: Araquanid|par\n|cant|p2a: Araquanid|par\n|\n|upkeep\n|turn|19\n|\n|t:|1732950322\n|move|p1a: Meowstic|Psychic Noise|p2a: Araquanid\n|-damage|p2a: Araquanid|0 fnt\n|faint|p2a: Araquanid\n|\n|upkeep\n|\n|t:|1732950328\n|switch|p2a: Glastrier|Glastrier, L86|108/311\n|-damage|p2a: Glastrier|70/311|[from] Spikes\n|turn|20\n|\n|t:|1732950333\n|move|p1a: Meowstic|Thunder Wave|p2a: Glastrier\n|-status|p2a: Glastrier|par\n|move|p2a: Glastrier|Icicle Crash|p1a: Meowstic|[miss]\n|-miss|p2a: Glastrier|p1a: Meowstic\n|\n|upkeep\n|turn|21\n|\n|t:|1732950339\n|move|p1a: Meowstic|Psychic Noise|p2a: Glastrier\n|-damage|p2a: Glastrier|6/311 par\n|-start|p2a: Glastrier|move: Heal Block\n|move|p2a: Glastrier|Icicle Crash|p1a: Meowstic\n|-damage|p1a: Meowstic|178/277\n|\n|upkeep\n|turn|22\n|\n|t:|1732950347\n|move|p1a: Meowstic|Psychic Noise|p2a: Glastrier\n|-damage|p2a: Glastrier|0 fnt\n|faint|p2a: Glastrier\n|\n|upkeep\n|\n|t:|1732950349\n|switch|p2a: Tornadus|Tornadus, L82, M|68/264\n|turn|23\n|\n|t:|1732950356\n|move|p1a: Meowstic|Light Screen|p1a: Meowstic\n|-sidestart|p1: maxter00|move: Light Screen\n|move|p2a: Tornadus|Bleakwind Storm|p1a: Meowstic\n|-damage|p1a: Meowstic|118/277\n|\n|upkeep\n|turn|24\n|\n|t:|1732950362\n|move|p1a: Meowstic|Thunder Wave|p2a: Tornadus\n|-status|p2a: Tornadus|par\n|move|p2a: Tornadus|Bleakwind Storm|p1a: Meowstic\n|-damage|p1a: Meowstic|56/277\n|\n|-sideend|p1: maxter00|Reflect\n|upkeep\n|turn|25\n|\n|t:|1732950370\n|move|p1a: Meowstic|Psychic Noise|p2a: Tornadus\n|-damage|p2a: Tornadus|0 fnt\n|faint|p2a: Tornadus\n|\n|win|maxter00\n|raw|maxter00's rating: 1085 &rarr; <strong>1115</strong><br />(+30 for winning)\n|raw|nukolas's rating: 1115 &rarr; <strong>1088</strong><br />(-27 for losing)\n|l|\u2606nukolas\n|player|p2|\n", "inputlog": ">version b107d77f5c90bd6555267ae244a6264823309ead\n>start {\"formatid\":\"gen9randombattle\",\"seed\":[45696,25990,36518,31428],\"rated\":\"Rated battle\"}\n>player p1 {\"name\":\"maxter00\",\"avatar\":\"266\",\"rating\":1085,\"seed\":[46030,53853,64312,26410]}\n>player p2 {\"name\":\"nukolas\",\"avatar\":\"2\",\"rating\":1115,\"seed\":[48140,2675,44522,42112]}\n>p1 move dragondance\n>p2 switch 4\n>p1 move flareblitz\n>p2 move bleakwindstorm\n>p1 switch 3\n>p2 switch 6\n>p1 move taunt\n>p2 move heavyslam\n>p1 move spikes\n>p2 move heavyslam\n>p1 switch 3\n>p1 move flareblitz\n>p2 switch 5\n>p1 move flareblitz\n>p2 move liquidation\n>p1 switch 6\n>p1 move shellsmash\n>p2 move stickyweb\n>p1 move hydropump\n>p2 move leechlife\n>p1 move hydropump\n>p2 switch 4\n>p1 move earthquake\n>p2 switch 3\n>p1 move icebeam\n>p2 move bulkup\n>p1 move icebeam\n>p2 move hornleech\n>p2 switch 3\n>p2 switch 2\n>p1 move hydropump\n>p2 move terablast\n>p1 move icebeam\n>p2 move terablast\n>p2 switch 5\n>p1 move hydropump\n>p2 move closecombat\n>p1 switch 5\n>p1 move reflect\n>p2 switch 4\n>p1 move thunderwave\n>p2 move leechlife\n>p1 move psychicnoise\n>p2 move leechlife\n>p2 switch 4\n>p1 move thunderwave\n>p2 move iciclecrash\n>p1 move psychicnoise\n>p2 move iciclecrash\n>p1 move psychicnoise\n>p2 move iciclecrash\n>p2 switch 6\n>p1 move lightscreen\n>p2 move bleakwindstorm\n>p1 move thunderwave\n>p2 move bleakwindstorm\n>p1 move psychicnoise\n>p2 move bleakwindstorm", "uploadtime": 1732950378, "views": 1, "formatid": "gen9randombattle", "rating": 1088, "private": 0, "password": null}