{"id": "gen9randombattle-2254143169", "format": "[Gen 9] Random Battle", "players": ["pokecian", "leozi098"], "log": "|j|\u2606pokecian\n|j|\u2606leozi098\n|t:|1732996518\n|gametype|singles\n|player|p1|pokecian|170|\n|player|p2|leozi098|169|\n|teamsize|p1|6\n|teamsize|p2|6\n|gen|9\n|tier|[Gen 9] Random Battle\n|rule|Species Clause: Limit one of each Pok\u00e9mon\n|rule|HP Percentage Mod: HP is shown in percentages\n|rule|Sleep Clause Mod: Limit one foe put to sleep\n|rule|Illusion Level Mod: Illusion disguises the Pok\u00e9mon's true level\n|\n|t:|1732996518\n|start\n|switch|p1a: Excadrill|Excadrill, L80, F|307/307\n|switch|p2a: Leafeon|Leafeon, L88, M|258/258\n|-ability|p1a: Excadrill|Mold Breaker\n|turn|1\n|\n|t:|1732996545\n|move|p2a: Leafeon|Leaf Blade|p1a: Excadrill\n|-damage|p1a: Excadrill|108/307\n|-damage|p2a: Leafeon|233/258|[from] item: Life Orb\n|move|p1a: Excadrill|Earthquake|p2a: Leafeon\n|-resisted|p2a: Leafeon\n|-damage|p2a: Leafeon|189/258\n|\n|upkeep\n|turn|2\n|\n|t:|1732996554\n|move|p2a: Leafeon|Swords Dance|p2a: Leafeon\n|-boost|p2a: Leafeon|atk|2\n|move|p1a: Excadrill|Rock Slide|p2a: Leafeon|[miss]\n|-miss|p1a: Excadrill|p2a: Leafeon\n|\n|upkeep\n|turn|3\n|\n|t:|1732996562\n|move|p2a: Leafeon|Leaf Blade|p1a: Excadrill\n|-damage|p1a: Excadrill|0 fnt\n|faint|p1a: Excadrill\n|-damage|p2a: Leafeon|164/258|[from] item: Life Orb\n|\n|upkeep\n|\n|t:|1732996569\n|switch|p1a: Hydrapple|Hydrapple, L83, F|312/312\n|turn|4\n|\n|t:|1732996579\n|move|p2a: Leafeon|Knock Off|p1a: Hydrapple\n|-damage|p1a: Hydrapple|137/312\n|-enditem|p1a: Hydrapple|Choice Specs|[from] move: Knock Off|[of] p2a: Leafeon\n|-damage|p2a: Leafeon|139/258|[from] item: Life Orb\n|move|p1a: Hydrapple|Draco Meteor|p2a: Leafeon\n|-damage|p2a: Leafeon|0 fnt\n|-unboost|p1a: Hydrapple|spa|2\n|faint|p2a: Leafeon\n|\n|upkeep\n|\n|t:|1732996592\n|switch|p2a: Archaludon|Archaludon, L78, M|268/268\n|turn|5\n|\n|t:|1732996601\n|move|p2a: Archaludon|Draco Meteor|p1a: Hydrapple\n|-supereffective|p1a: Hydrapple\n|-damage|p1a: Hydrapple|0 fnt\n|-unboost|p2a: Archaludon|spa|2\n|faint|p1a: Hydrapple\n|\n|upkeep\n|\n|t:|1732996607\n|switch|p1a: Houndstone|Houndstone, L86, F|264/264\n|turn|6\n|\n|t:|1732996614\n|-terastallize|p1a: Houndstone|Fighting\n|move|p2a: Archaludon|Draco Meteor|p1a: Houndstone\n|-damage|p1a: Houndstone|192/264\n|-unboost|p2a: Archaludon|spa|2\n|move|p1a: Houndstone|Body Press|p2a: Archaludon\n|-supereffective|p2a: Archaludon\n|-damage|p2a: Archaludon|124/268\n|-ability|p2a: Archaludon|Stamina|boost\n|-boost|p2a: Archaludon|def|1\n|\n|-heal|p1a: Houndstone|208/264|[from] item: Leftovers\n|upkeep\n|turn|7\n|\n|t:|1732996626\n|move|p2a: Archaludon|Flash Cannon|p1a: Houndstone\n|-damage|p1a: Houndstone|178/264\n|move|p1a: Houndstone|Body Press|p2a: Archaludon\n|-supereffective|p2a: Archaludon\n|-damage|p2a: Archaludon|34/268\n|-ability|p2a: Archaludon|Stamina|boost\n|-boost|p2a: Archaludon|def|1\n|\n|-heal|p1a: Houndstone|194/264|[from] item: Leftovers\n|upkeep\n|turn|8\n|\n|t:|1732996635\n|move|p1a: Houndstone|Body Press|p2a: Archaludon\n|-supereffective|p2a: Archaludon\n|-damage|p2a: Archaludon|0 fnt\n|faint|p2a: Archaludon\n|\n|-heal|p1a: Houndstone|210/264|[from] item: Leftovers\n|upkeep\n|\n|t:|1732996644\n|switch|p2a: Dewgong|Dewgong, L94, F|322/322\n|turn|9\n|\n|t:|1732996650\n|move|p2a: Dewgong|Surf|p1a: Houndstone\n|-damage|p1a: Houndstone|132/264\n|move|p1a: Houndstone|Poltergeist|p2a: Dewgong\n|-activate|p2a: Dewgong|move: Poltergeist|Heavy-Duty Boots\n|-damage|p2a: Dewgong|208/322\n|\n|-heal|p1a: Houndstone|148/264|[from] item: Leftovers\n|upkeep\n|turn|10\n|\n|t:|1732996660\n|move|p2a: Dewgong|Triple Axel|p1a: Houndstone\n|-damage|p1a: Houndstone|139/264\n|-damage|p1a: Houndstone|121/264\n|-damage|p1a: Houndstone|91/264\n|-hitcount|p1a: Houndstone|3\n|move|p1a: Houndstone|Body Press|p2a: Dewgong\n|-supereffective|p2a: Dewgong\n|-damage|p2a: Dewgong|44/322\n|\n|-heal|p1a: Houndstone|107/264|[from] item: Leftovers\n|upkeep\n|turn|11\n|\n|t:|1732996671\n|move|p2a: Dewgong|Triple Axel|p1a: Houndstone\n|-damage|p1a: Houndstone|97/264\n|-damage|p1a: Houndstone|79/264\n|-damage|p1a: Houndstone|51/264\n|-hitcount|p1a: Houndstone|3\n|move|p1a: Houndstone|Body Press|p2a: Dewgong\n|-supereffective|p2a: Dewgong\n|-damage|p2a: Dewgong|0 fnt\n|faint|p2a: Dewgong\n|\n|-heal|p1a: Houndstone|67/264|[from] item: Leftovers\n|upkeep\n|\n|t:|1732996684\n|switch|p2a: Bellibolt|Bellibolt, L84, F|320/320\n|turn|12\n|\n|t:|1732996691\n|move|p1a: Houndstone|Rest|p1a: Houndstone\n|-status|p1a: Houndstone|slp|[from] move: Rest\n|-heal|p1a: Houndstone|264/264 slp|[silent]\n|move|p2a: Bellibolt|Thunderbolt|p1a: Houndstone\n|-damage|p1a: Houndstone|176/264 slp\n|\n|-heal|p1a: Houndstone|192/264 slp|[from] item: Leftovers\n|upkeep\n|turn|13\n|\n|t:|1732996700\n|cant|p1a: Houndstone|slp\n|move|p1a: Houndstone|Sleep Talk|p1a: Houndstone\n|move|p1a: Houndstone|Rest||[from]move: Sleep Talk|[still]\n|-fail|p1a: Houndstone\n|move|p2a: Bellibolt|Thunderbolt|p1a: Houndstone\n|-damage|p1a: Houndstone|107/264 slp\n|\n|-heal|p1a: Houndstone|123/264 slp|[from] item: Leftovers\n|upkeep\n|turn|14\n|\n|t:|1732996709\n|cant|p1a: Houndstone|slp\n|move|p2a: Bellibolt|Thunderbolt|p1a: Houndstone\n|-damage|p1a: Houndstone|30/264 slp\n|\n|-heal|p1a: Houndstone|46/264 slp|[from] item: Leftovers\n|upkeep\n|turn|15\n|\n|t:|1732996715\n|-curestatus|p1a: Houndstone|slp|[msg]\n|move|p1a: Houndstone|Rest|p1a: Houndstone\n|-status|p1a: Houndstone|slp|[from] move: Rest\n|-heal|p1a: Houndstone|264/264 slp|[silent]\n|move|p2a: Bellibolt|Thunderbolt|p1a: Houndstone\n|-damage|p1a: Houndstone|170/264 slp\n|\n|-heal|p1a: Houndstone|186/264 slp|[from] item: Leftovers\n|upkeep\n|turn|16\n|\n|t:|1732996726\n|cant|p1a: Houndstone|slp\n|move|p1a: Houndstone|Sleep Talk|p1a: Houndstone\n|move|p1a: Houndstone|Rest||[from]move: Sleep Talk|[still]\n|-fail|p1a: Houndstone\n|move|p2a: Bellibolt|Muddy Water|p1a: Houndstone\n|-damage|p1a: Houndstone|122/264 slp\n|\n|-heal|p1a: Houndstone|138/264 slp|[from] item: Leftovers\n|upkeep\n|turn|17\n|\n|t:|1732996736\n|cant|p1a: Houndstone|slp\n|move|p2a: Bellibolt|Volt Switch|p1a: Houndstone\n|-damage|p1a: Houndstone|71/264 slp\n|\n|t:|1732996740\n|switch|p2a: Froslass|Froslass, L87, F|263/263|[from] Volt Switch\n|\n|-heal|p1a: Houndstone|87/264 slp|[from] item: Leftovers\n|upkeep\n|turn|18\n|\n|t:|1732996747\n|move|p2a: Froslass|Destiny Bond|p2a: Froslass\n|-singlemove|p2a: Froslass|Destiny Bond\n|-curestatus|p1a: Houndstone|slp|[msg]\n|move|p1a: Houndstone|Rest|p1a: Houndstone\n|-status|p1a: Houndstone|slp|[from] move: Rest\n|-heal|p1a: Houndstone|264/264 slp|[silent]\n|\n|upkeep\n|turn|19\n|\n|t:|1732996760\n|switch|p1a: Skarmory|Skarmory, L80, F|235/235\n|move|p2a: Froslass|Poltergeist|p1a: Skarmory\n|-activate|p1a: Skarmory|move: Poltergeist|Leftovers\n|-damage|p1a: Skarmory|160/235\n|\n|-heal|p1a: Skarmory|174/235|[from] item: Leftovers\n|upkeep\n|turn|20\n|\n|t:|1732996772\n|move|p2a: Froslass|Triple Axel|p1a: Skarmory\n|-damage|p1a: Skarmory|158/235\n|-damage|p1a: Skarmory|125/235\n|-damage|p1a: Skarmory|85/235\n|-hitcount|p1a: Skarmory|3\n|move|p1a: Skarmory|Brave Bird|p2a: Froslass\n|-damage|p2a: Froslass|146/263\n|-damage|p1a: Skarmory|46/235|[from] Recoil\n|\n|-heal|p1a: Skarmory|60/235|[from] item: Leftovers\n|upkeep\n|turn|21\n|\n|t:|1732996798\n|move|p2a: Froslass|Triple Axel|p1a: Skarmory\n|-damage|p1a: Skarmory|44/235\n|-damage|p1a: Skarmory|16/235\n|-damage|p1a: Skarmory|0 fnt\n|faint|p1a: Skarmory\n|-hitcount|p1: Skarmory|3\n|\n|upkeep\n|\n|t:|1732996806\n|switch|p1a: Ampharos|Ampharos, L88, F|302/302\n|turn|22\n|\n|t:|1732996811\n|move|p2a: Froslass|Destiny Bond|p2a: Froslass\n|-singlemove|p2a: Froslass|Destiny Bond\n|move|p1a: Ampharos|Thunderbolt|p2a: Froslass\n|-damage|p2a: Froslass|19/263\n|-start|p1a: Ampharos|Disable|Thunderbolt|[from] ability: Cursed Body|[of] p2a: Froslass\n|\n|upkeep\n|turn|23\n|\n|t:|1732996819\n|move|p2a: Froslass|Triple Axel|p1a: Ampharos\n|-damage|p1a: Ampharos|283/302\n|-status|p2a: Froslass|par|[from] ability: Static|[of] p1a: Ampharos\n|-damage|p1a: Ampharos|243/302\n|-damage|p1a: Ampharos|186/302\n|-hitcount|p1a: Ampharos|3\n|move|p1a: Ampharos|Volt Switch|p2a: Froslass\n|-damage|p2a: Froslass|0 fnt\n|faint|p2a: Froslass\n|\n|t:|1732996836\n|switch|p1a: Mandibuzz|Mandibuzz, L85, F|326/326|[from] Volt Switch\n|\n|upkeep\n|\n|t:|1732996840\n|switch|p2a: Bellibolt|Bellibolt, L84, F|320/320\n|turn|24\n|\n|t:|1732996843\n|move|p1a: Mandibuzz|Toxic|p2a: Bellibolt|[miss]\n|-miss|p1a: Mandibuzz|p2a: Bellibolt\n|move|p2a: Bellibolt|Thunderbolt|p1a: Mandibuzz\n|-supereffective|p1a: Mandibuzz\n|-damage|p1a: Mandibuzz|150/326\n|\n|upkeep\n|turn|25\n|\n|t:|1732996850\n|move|p1a: Mandibuzz|Roost|p1a: Mandibuzz\n|-heal|p1a: Mandibuzz|313/326\n|-singleturn|p1a: Mandibuzz|move: Roost\n|move|p2a: Bellibolt|Thunderbolt|p1a: Mandibuzz\n|-damage|p1a: Mandibuzz|225/326\n|\n|upkeep\n|turn|26\n|\n|t:|1732996858\n|move|p1a: Mandibuzz|Brave Bird|p2a: Bellibolt\n|-resisted|p2a: Bellibolt\n|-damage|p2a: Bellibolt|273/320\n|-start|p2a: Bellibolt|Charge|Brave Bird|[from] ability: Electromorphosis\n|-damage|p1a: Mandibuzz|209/326|[from] Recoil\n|move|p2a: Bellibolt|Volt Switch|p1a: Mandibuzz\n|-supereffective|p1a: Mandibuzz\n|-damage|p1a: Mandibuzz|0 fnt\n|faint|p1a: Mandibuzz\n|-end|p2a: Bellibolt|Charge|[silent]\n|\n|t:|1732996868\n|switch|p2a: Gyarados|Gyarados, L79, F|280/280|[from] Volt Switch\n|\n|upkeep\n|\n|t:|1732996872\n|switch|p1a: Ampharos|Ampharos, L88, F|186/302\n|turn|27\n|\n|t:|1732996882\n|switch|p2a: Bellibolt|Bellibolt, L84, F|273/320\n|move|p1a: Ampharos|Focus Blast|p2a: Bellibolt\n|-damage|p2a: Bellibolt|171/320\n|-unboost|p2a: Bellibolt|spd|1\n|-start|p2a: Bellibolt|Charge|Focus Blast|[from] ability: Electromorphosis\n|\n|-heal|p2a: Bellibolt|191/320|[from] item: Leftovers\n|upkeep\n|turn|28\n|\n|t:|1732996893\n|move|p1a: Ampharos|Focus Blast|p2a: Bellibolt\n|-damage|p2a: Bellibolt|34/320\n|-start|p2a: Bellibolt|Charge|Focus Blast|[from] ability: Electromorphosis\n|move|p2a: Bellibolt|Slack Off|p2a: Bellibolt\n|-heal|p2a: Bellibolt|194/320\n|\n|-heal|p2a: Bellibolt|214/320|[from] item: Leftovers\n|upkeep\n|turn|29\n|\n|t:|1732996902\n|move|p1a: Ampharos|Focus Blast|p2a: Bellibolt|[miss]\n|-miss|p1a: Ampharos|p2a: Bellibolt\n|move|p2a: Bellibolt|Slack Off|p2a: Bellibolt\n|-heal|p2a: Bellibolt|320/320\n|\n|upkeep\n|turn|30\n|\n|t:|1732996911\n|move|p1a: Ampharos|Thunderbolt|p2a: Bellibolt\n|-resisted|p2a: Bellibolt\n|-damage|p2a: Bellibolt|233/320\n|-start|p2a: Bellibolt|Charge|Thunderbolt|[from] ability: Electromorphosis\n|move|p2a: Bellibolt|Thunderbolt|p1a: Ampharos\n|-resisted|p1a: Ampharos\n|-damage|p1a: Ampharos|129/302\n|-end|p2a: Bellibolt|Charge|[silent]\n|\n|-heal|p2a: Bellibolt|253/320|[from] item: Leftovers\n|upkeep\n|turn|31\n|\n|t:|1732996961\n|switch|p1a: Houndstone|Houndstone, L86, F, tera:Fighting|264/264 slp\n|move|p2a: Bellibolt|Slack Off|p2a: Bellibolt\n|-heal|p2a: Bellibolt|320/320\n|\n|upkeep\n|turn|32\n|\n|t:|1732996970\n|cant|p1a: Houndstone|slp\n|move|p2a: Bellibolt|Thunderbolt|p1a: Houndstone\n|-damage|p1a: Houndstone|171/264 slp\n|\n|-heal|p1a: Houndstone|187/264 slp|[from] item: Leftovers\n|upkeep\n|turn|33\n|\n|t:|1732996978\n|cant|p1a: Houndstone|slp\n|move|p2a: Bellibolt|Muddy Water|p1a: Houndstone\n|-crit|p1a: Houndstone\n|-damage|p1a: Houndstone|98/264 slp\n|\n|-heal|p1a: Houndstone|114/264 slp|[from] item: Leftovers\n|upkeep\n|turn|34\n|\n|t:|1732996985\n|-curestatus|p1a: Houndstone|slp|[msg]\n|move|p1a: Houndstone|Rest|p1a: Houndstone\n|-status|p1a: Houndstone|slp|[from] move: Rest\n|-heal|p1a: Houndstone|264/264 slp|[silent]\n|move|p2a: Bellibolt|Muddy Water|p1a: Houndstone\n|-damage|p1a: Houndstone|199/264 slp\n|\n|-heal|p1a: Houndstone|215/264 slp|[from] item: Leftovers\n|upkeep\n|turn|35\n|\n|t:|1732997002\n|cant|p1a: Houndstone|slp\n|move|p2a: Bellibolt|Volt Switch|p1a: Houndstone\n|-damage|p1a: Houndstone|139/264 slp\n|\n|t:|1732997006\n|switch|p2a: Gyarados|Gyarados, L79, F|280/280|[from] Volt Switch\n|\n|-heal|p1a: Houndstone|155/264 slp|[from] item: Leftovers\n|upkeep\n|turn|36\n|\n|t:|1732997013\n|move|p2a: Gyarados|Earthquake|p1a: Houndstone\n|-damage|p1a: Houndstone|93/264 slp\n|cant|p1a: Houndstone|slp\n|\n|-heal|p1a: Houndstone|109/264 slp|[from] item: Leftovers\n|upkeep\n|turn|37\n|\n|t:|1732997019\n|move|p2a: Gyarados|Dragon Dance|p2a: Gyarados\n|-boost|p2a: Gyarados|atk|1\n|-boost|p2a: Gyarados|spe|1\n|-curestatus|p1a: Houndstone|slp|[msg]\n|move|p1a: Houndstone|Rest|p1a: Houndstone\n|-status|p1a: Houndstone|slp|[from] move: Rest\n|-heal|p1a: Houndstone|264/264 slp|[silent]\n|\n|upkeep\n|turn|38\n|\n|t:|1732997031\n|move|p2a: Gyarados|Dragon Dance|p2a: Gyarados\n|-boost|p2a: Gyarados|atk|1\n|-boost|p2a: Gyarados|spe|1\n|cant|p1a: Houndstone|slp\n|\n|upkeep\n|turn|39\n|\n|t:|1732997038\n|switch|p1a: Ampharos|Ampharos, L88, F|129/302\n|move|p2a: Gyarados|Temper Flare|p1a: Ampharos\n|-damage|p1a: Ampharos|20/302\n|\n|upkeep\n|turn|40\n|\n|t:|1732997045\n|move|p2a: Gyarados|Earthquake|p1a: Ampharos\n|-supereffective|p1a: Ampharos\n|-damage|p1a: Ampharos|0 fnt\n|faint|p1a: Ampharos\n|-ability|p2a: Gyarados|Moxie|boost\n|-boost|p2a: Gyarados|atk|1\n|\n|upkeep\n|\n|t:|1732997051\n|switch|p1a: Houndstone|Houndstone, L86, F, tera:Fighting|264/264 slp\n|turn|41\n|\n|t:|1732997054\n|move|p2a: Gyarados|Earthquake|p1a: Houndstone\n|-damage|p1a: Houndstone|100/264 slp\n|cant|p1a: Houndstone|slp\n|\n|-heal|p1a: Houndstone|116/264 slp|[from] item: Leftovers\n|upkeep\n|turn|42\n|\n|t:|1732997061\n|move|p2a: Gyarados|Earthquake|p1a: Houndstone\n|-crit|p1a: Houndstone\n|-damage|p1a: Houndstone|0 fnt\n|faint|p1a: Houndstone\n|\n|win|leozi098\n", "inputlog": ">version b107d77f5c90bd6555267ae244a6264823309ead\n>start {\"formatid\":\"gen9randombattle\",\"seed\":[24660,61661,59091,48335]}\n>player p1 {\"name\":\"pokecian\",\"avatar\":\"170\",\"rating\":0,\"seed\":[9418,7284,40715,59005]}\n>player p2 {\"name\":\"leozi098\",\"avatar\":\"169\",\"rating\":0,\"seed\":[63078,20833,31294,35384]}\n>p1 move earthquake\n>p2 move leafblade\n>p1 move rockslide\n>p2 move swordsdance\n>p1 move ironhead\n>p2 move leafblade\n>p1 switch 6\n>p1 move dracometeor\n>p2 move knockoff\n>p2 switch 4\n>p1 move dracometeor\n>p2 move dracometeor\n>p1 switch 5\n>p1 move bodypress terastallize\n>p2 move dracometeor\n>p1 move bodypress\n>p2 move flashcannon\n>p1 move bodypress\n>p2 move dragontail\n>p2 switch 6\n>p1 move poltergeist\n>p2 move surf\n>p1 move bodypress\n>p2 move tripleaxel\n>p1 move bodypress\n>p2 move tripleaxel\n>p2 switch 5\n>p1 move rest\n>p2 move thunderbolt\n>p1 move sleeptalk\n>p2 move thunderbolt\n>p1 move rest\n>p2 move thunderbolt\n>p1 move rest\n>p2 move thunderbolt\n>p1 move sleeptalk\n>p2 move muddywater\n>p1 move poltergeist\n>p2 move voltswitch\n>p2 switch 3\n>p1 move rest\n>p2 move destinybond\n>p1 switch 3\n>p2 move poltergeist\n>p1 move bravebird\n>p2 move tripleaxel\n>p1 move roost\n>p2 move tripleaxel\n>p1 switch 4\n>p1 move thunderbolt\n>p2 move destinybond\n>p1 move voltswitch\n>p2 move tripleaxel\n>p1 switch 2\n>p2 switch 3\n>p1 move toxic\n>p2 move thunderbolt\n>p1 move roost\n>p2 move thunderbolt\n>p1 move bravebird\n>p2 move voltswitch\n>p2 switch 2\n>p1 switch 2\n>p1 move focusblast\n>p2 switch 2\n>p1 move focusblast\n>p2 move slackoff\n>p1 move focusblast\n>p2 move slackoff\n>p1 move thunderbolt\n>p2 move thunderbolt\n>p1 switch 3\n>p2 move slackoff\n>p1 move poltergeist\n>p2 move thunderbolt\n>p1 move poltergeist\n>p2 move muddywater\n>p1 move rest\n>p2 move muddywater\n>p1 move bodypress\n>p2 move voltswitch\n>p2 switch 2\n>p1 move poltergeist\n>p2 move earthquake\n>p1 move rest\n>p2 move dragondance\n>p1 move bodypress\n>p2 move dragondance\n>p1 switch 3\n>p2 move temperflare\n>p1 move thunderbolt\n>p2 move earthquake\n>p1 switch 3\n>p1 move bodypress\n>p2 move earthquake\n>p1 move rest\n>p2 move earthquake", "uploadtime": 1732997065, "views": 1, "formatid": "gen9randombattle", "rating": null, "private": 0, "password": null}