{"id": "gen9randombattle-2253792944", "format": "[Gen 9] Random Battle", "players": ["PowerOutage273", "InfiniteAscent"], "log": "|j|\u2606PowerOutage273\n|j|\u2606InfiniteAscent\n|t:|1732939073\n|gametype|singles\n|player|p1|PowerOutage273|argenta|1663\n|player|p2|InfiniteAscent|n|1693\n|teamsize|p1|6\n|teamsize|p2|6\n|gen|9\n|tier|[Gen 9] Random Battle\n|rated|\n|rule|Species Clause: Limit one of each Pok\u00e9mon\n|rule|HP Percentage Mod: HP is shown in percentages\n|rule|Sleep Clause Mod: Limit one foe put to sleep\n|rule|Illusion Level Mod: Illusion disguises the Pok\u00e9mon's true level\n|\n|t:|1732939073\n|start\n|switch|p1a: Enamorus|Enamorus-Therian, L83, F|259/259\n|switch|p2a: Vaporeon|Vaporeon, L86, M|364/364\n|turn|1\n|inactive|Battle timer is ON: inactive players will automatically lose when time's up. (requested by PowerOutage273)\n|\n|t:|1732939094\n|move|p2a: Vaporeon|Calm Mind|p2a: Vaporeon\n|-boost|p2a: Vaporeon|spa|1\n|-boost|p2a: Vaporeon|spd|1\n|move|p1a: Enamorus|Agility|p1a: Enamorus\n|-boost|p1a: Enamorus|spe|2\n|\n|upkeep\n|turn|2\n|\n|t:|1732939102\n|move|p1a: Enamorus|Moonblast|p2a: Vaporeon\n|-damage|p2a: Vaporeon|289/364\n|-unboost|p2a: Vaporeon|spa|1\n|move|p2a: Vaporeon|Calm Mind|p2a: Vaporeon\n|-boost|p2a: Vaporeon|spa|1\n|-boost|p2a: Vaporeon|spd|1\n|\n|-heal|p2a: Vaporeon|311/364|[from] item: Leftovers\n|upkeep\n|turn|3\n|\n|t:|1732939115\n|move|p1a: Enamorus|Mystical Fire|p2a: Vaporeon\n|-resisted|p2a: Vaporeon\n|-damage|p2a: Vaporeon|295/364\n|-unboost|p2a: Vaporeon|spa|1\n|move|p2a: Vaporeon|Calm Mind|p2a: Vaporeon\n|-boost|p2a: Vaporeon|spa|1\n|-boost|p2a: Vaporeon|spd|1\n|\n|-heal|p2a: Vaporeon|317/364|[from] item: Leftovers\n|upkeep\n|turn|4\n|\n|t:|1732939120\n|move|p1a: Enamorus|Mystical Fire|p2a: Vaporeon\n|-resisted|p2a: Vaporeon\n|-damage|p2a: Vaporeon|305/364\n|-unboost|p2a: Vaporeon|spa|1\n|move|p2a: Vaporeon|Calm Mind|p2a: Vaporeon\n|-boost|p2a: Vaporeon|spa|1\n|-boost|p2a: Vaporeon|spd|1\n|\n|-heal|p2a: Vaporeon|327/364|[from] item: Leftovers\n|upkeep\n|turn|5\n|\n|t:|1732939123\n|move|p1a: Enamorus|Mystical Fire|p2a: Vaporeon\n|-resisted|p2a: Vaporeon\n|-damage|p2a: Vaporeon|316/364\n|-unboost|p2a: Vaporeon|spa|1\n|move|p2a: Vaporeon|Calm Mind|p2a: Vaporeon\n|-boost|p2a: Vaporeon|spa|1\n|-boost|p2a: Vaporeon|spd|1\n|\n|-heal|p2a: Vaporeon|338/364|[from] item: Leftovers\n|upkeep\n|turn|6\n|\n|t:|1732939128\n|move|p1a: Enamorus|Mystical Fire|p2a: Vaporeon\n|-resisted|p2a: Vaporeon\n|-damage|p2a: Vaporeon|329/364\n|-unboost|p2a: Vaporeon|spa|1\n|move|p2a: Vaporeon|Calm Mind|p2a: Vaporeon\n|-boost|p2a: Vaporeon|spa|1\n|-boost|p2a: Vaporeon|spd|1\n|\n|-heal|p2a: Vaporeon|351/364|[from] item: Leftovers\n|upkeep\n|turn|7\n|\n|t:|1732939132\n|move|p1a: Enamorus|Mystical Fire|p2a: Vaporeon\n|-resisted|p2a: Vaporeon\n|-damage|p2a: Vaporeon|343/364\n|-unboost|p2a: Vaporeon|spa|1\n|move|p2a: Vaporeon|Calm Mind|p2a: Vaporeon\n|-boost|p2a: Vaporeon|spa|1\n|-boost|p2a: Vaporeon|spd|0\n|\n|-heal|p2a: Vaporeon|364/364|[from] item: Leftovers\n|upkeep\n|turn|8\n|\n|t:|1732939138\n|move|p1a: Enamorus|Mystical Fire|p2a: Vaporeon\n|-resisted|p2a: Vaporeon\n|-damage|p2a: Vaporeon|355/364\n|-unboost|p2a: Vaporeon|spa|1\n|move|p2a: Vaporeon|Calm Mind|p2a: Vaporeon\n|-boost|p2a: Vaporeon|spa|1\n|-boost|p2a: Vaporeon|spd|0\n|\n|-heal|p2a: Vaporeon|364/364|[from] item: Leftovers\n|upkeep\n|turn|9\n|\n|t:|1732939141\n|move|p1a: Enamorus|Mystical Fire|p2a: Vaporeon\n|-resisted|p2a: Vaporeon\n|-damage|p2a: Vaporeon|356/364\n|-unboost|p2a: Vaporeon|spa|1\n|move|p2a: Vaporeon|Calm Mind|p2a: Vaporeon\n|-boost|p2a: Vaporeon|spa|1\n|-boost|p2a: Vaporeon|spd|0\n|\n|-heal|p2a: Vaporeon|364/364|[from] item: Leftovers\n|upkeep\n|turn|10\n|\n|t:|1732939149\n|switch|p1a: Vaporeon|Vaporeon, L86, M|364/364\n|move|p2a: Vaporeon|Calm Mind|p2a: Vaporeon\n|-boost|p2a: Vaporeon|spa|1\n|-boost|p2a: Vaporeon|spd|0\n|\n|upkeep\n|turn|11\n|\n|t:|1732939155\n|move|p1a: Vaporeon|Calm Mind|p1a: Vaporeon\n|-boost|p1a: Vaporeon|spa|1\n|-boost|p1a: Vaporeon|spd|1\n|move|p2a: Vaporeon|Scald|p1a: Vaporeon\n|-immune|p1a: Vaporeon|[from] ability: Water Absorb\n|\n|upkeep\n|turn|12\n|c|\u2606PowerOutage273|well\n|c|\u2606InfiniteAscent|well\n|c|\u2606PowerOutage273|im not switching\n|c|\u2606InfiniteAscent|i got you\n|inactive|InfiniteAscent has 120 seconds left.\n|\n|t:|1732939195\n|switch|p2a: Amoonguss|Amoonguss, L82, F|321/321\n|move|p1a: Vaporeon|Calm Mind|p1a: Vaporeon\n|-boost|p1a: Vaporeon|spa|1\n|-boost|p1a: Vaporeon|spd|1\n|\n|upkeep\n|turn|13\n|inactive|InfiniteAscent has 120 seconds left.\n|\n|t:|1732939203\n|move|p1a: Vaporeon|Scald|p2a: Amoonguss\n|-resisted|p2a: Amoonguss\n|-damage|p2a: Amoonguss|208/321\n|move|p2a: Amoonguss|Toxic|p1a: Vaporeon\n|-status|p1a: Vaporeon|tox\n|\n|-damage|p1a: Vaporeon|342/364 tox|[from] psn\n|upkeep\n|turn|14\n|\n|t:|1732939209\n|switch|p2a: Vaporeon|Vaporeon, L86, M|364/364\n|move|p1a: Vaporeon|Scald|p2a: Vaporeon\n|-immune|p2a: Vaporeon|[from] ability: Water Absorb\n|\n|-heal|p1a: Vaporeon|364/364 tox|[from] item: Leftovers\n|-damage|p1a: Vaporeon|320/364 tox|[from] psn\n|upkeep\n|turn|15\n|\n|t:|1732939213\n|switch|p1a: Scovillain|Scovillain, L91, F|266/266\n|move|p2a: Vaporeon|Calm Mind|p2a: Vaporeon\n|-boost|p2a: Vaporeon|spa|1\n|-boost|p2a: Vaporeon|spd|1\n|\n|upkeep\n|turn|16\n|c|\u2606InfiniteAscent|hm\n|\n|t:|1732939241\n|switch|p2a: Ninetales|Ninetales, L85, F|263/263\n|-weather|SunnyDay|[from] ability: Drought|[of] p2a: Ninetales\n|move|p1a: Scovillain|Leech Seed|p2a: Ninetales\n|-start|p2a: Ninetales|move: Leech Seed\n|\n|-weather|SunnyDay|[upkeep]\n|-damage|p2a: Ninetales|231/263|[from] Leech Seed|[of] p1a: Scovillain\n|upkeep\n|turn|17\n|c|\u2606InfiniteAscent|your welcome for chlorophyll\n|\n|t:|1732939262\n|move|p1a: Scovillain|Substitute|p1a: Scovillain\n|-start|p1a: Scovillain|Substitute\n|-damage|p1a: Scovillain|200/266\n|move|p2a: Ninetales|Fire Blast|p1a: Scovillain\n|-end|p1a: Scovillain|Substitute\n|\n|-weather|SunnyDay|[upkeep]\n|-heal|p1a: Scovillain|216/266|[from] item: Leftovers\n|-damage|p2a: Ninetales|199/263|[from] Leech Seed|[of] p1a: Scovillain\n|-heal|p1a: Scovillain|248/266|[silent]\n|upkeep\n|turn|18\n|\n|t:|1732939273\n|switch|p2a: Amoonguss|Amoonguss, L82, F|315/321\n|move|p1a: Scovillain|Substitute|p1a: Scovillain\n|-start|p1a: Scovillain|Substitute\n|-damage|p1a: Scovillain|182/266\n|\n|-weather|SunnyDay|[upkeep]\n|-heal|p1a: Scovillain|198/266|[from] item: Leftovers\n|upkeep\n|turn|19\n|\n|t:|1732939277\n|switch|p2a: Vaporeon|Vaporeon, L86, M|364/364\n|move|p1a: Scovillain|Flamethrower|p2a: Vaporeon\n|-resisted|p2a: Vaporeon\n|-damage|p2a: Vaporeon|280/364\n|\n|-weather|SunnyDay|[upkeep]\n|-heal|p1a: Scovillain|214/266|[from] item: Leftovers\n|-heal|p2a: Vaporeon|302/364|[from] item: Leftovers\n|upkeep\n|turn|20\n|\n|t:|1732939285\n|switch|p2a: Amoonguss|Amoonguss, L82, F|321/321\n|move|p1a: Scovillain|Leech Seed|p2a: Amoonguss\n|-immune|p2a: Amoonguss\n|\n|-weather|none\n|-heal|p1a: Scovillain|230/266|[from] item: Leftovers\n|upkeep\n|turn|21\n|\n|t:|1732939292\n|move|p1a: Scovillain|Flamethrower|p2a: Amoonguss\n|-supereffective|p2a: Amoonguss\n|-damage|p2a: Amoonguss|45/321\n|move|p2a: Amoonguss|Sludge Bomb|p1a: Scovillain\n|-supereffective|p1a: Scovillain\n|-end|p1a: Scovillain|Substitute\n|\n|-heal|p1a: Scovillain|246/266|[from] item: Leftovers\n|upkeep\n|turn|22\n|\n|t:|1732939312\n|switch|p2a: Vaporeon|Vaporeon, L86, M|302/364\n|move|p1a: Scovillain|Substitute|p1a: Scovillain\n|-start|p1a: Scovillain|Substitute\n|-damage|p1a: Scovillain|180/266\n|\n|-heal|p1a: Scovillain|196/266|[from] item: Leftovers\n|-heal|p2a: Vaporeon|324/364|[from] item: Leftovers\n|upkeep\n|turn|23\n|\n|t:|1732939318\n|move|p2a: Vaporeon|Protect|p2a: Vaporeon\n|-singleturn|p2a: Vaporeon|Protect\n|move|p1a: Scovillain|Leech Seed|p2a: Vaporeon\n|-activate|p2a: Vaporeon|move: Protect\n|\n|-heal|p1a: Scovillain|212/266|[from] item: Leftovers\n|-heal|p2a: Vaporeon|346/364|[from] item: Leftovers\n|upkeep\n|turn|24\n|\n|t:|1732939324\n|switch|p2a: Leavanny|Leavanny, L86, F|269/269\n|move|p1a: Scovillain|Leech Seed|p2a: Leavanny\n|-immune|p2a: Leavanny\n|\n|-heal|p1a: Scovillain|228/266|[from] item: Leftovers\n|upkeep\n|turn|25\n|\n|t:|1732939329\n|switch|p2a: Vaporeon|Vaporeon, L86, M|346/364\n|move|p1a: Scovillain|Flamethrower|p2a: Vaporeon\n|-resisted|p2a: Vaporeon\n|-damage|p2a: Vaporeon|292/364\n|\n|-heal|p1a: Scovillain|244/266|[from] item: Leftovers\n|-heal|p2a: Vaporeon|314/364|[from] item: Leftovers\n|upkeep\n|turn|26\n|\n|t:|1732939347\n|move|p2a: Vaporeon|Protect|p2a: Vaporeon\n|-singleturn|p2a: Vaporeon|Protect\n|move|p1a: Scovillain|Leech Seed|p2a: Vaporeon\n|-activate|p2a: Vaporeon|move: Protect\n|\n|-heal|p1a: Scovillain|260/266|[from] item: Leftovers\n|-heal|p2a: Vaporeon|336/364|[from] item: Leftovers\n|upkeep\n|turn|27\n|\n|t:|1732939355\n|move|p1a: Scovillain|Leech Seed|p2a: Vaporeon\n|-start|p2a: Vaporeon|move: Leech Seed\n|move|p2a: Vaporeon|Scald|p1a: Scovillain\n|-end|p1a: Scovillain|Substitute\n|\n|-heal|p1a: Scovillain|266/266|[from] item: Leftovers\n|-heal|p2a: Vaporeon|358/364|[from] item: Leftovers\n|-damage|p2a: Vaporeon|313/364|[from] Leech Seed|[of] p1a: Scovillain\n|upkeep\n|turn|28\n|\n|t:|1732939370\n|switch|p2a: Amoonguss|Amoonguss, L82, F|152/321\n|move|p1a: Scovillain|Substitute|p1a: Scovillain\n|-start|p1a: Scovillain|Substitute\n|-damage|p1a: Scovillain|200/266\n|\n|-heal|p1a: Scovillain|216/266|[from] item: Leftovers\n|upkeep\n|turn|29\n|\n|t:|1732939378\n|switch|p2a: Vaporeon|Vaporeon, L86, M|313/364\n|move|p1a: Scovillain|Flamethrower|p2a: Vaporeon\n|-resisted|p2a: Vaporeon\n|-damage|p2a: Vaporeon|255/364\n|\n|-heal|p1a: Scovillain|232/266|[from] item: Leftovers\n|-heal|p2a: Vaporeon|277/364|[from] item: Leftovers\n|upkeep\n|turn|30\n|\n|t:|1732939391\n|move|p1a: Scovillain|Leech Seed|p2a: Vaporeon\n|-start|p2a: Vaporeon|move: Leech Seed\n|move|p2a: Vaporeon|Scald|p1a: Scovillain\n|-end|p1a: Scovillain|Substitute\n|\n|-heal|p1a: Scovillain|248/266|[from] item: Leftovers\n|-heal|p2a: Vaporeon|299/364|[from] item: Leftovers\n|-damage|p2a: Vaporeon|254/364|[from] Leech Seed|[of] p1a: Scovillain\n|-heal|p1a: Scovillain|266/266|[silent]\n|upkeep\n|turn|31\n|\n|t:|1732939398\n|move|p1a: Scovillain|Substitute|p1a: Scovillain\n|-start|p1a: Scovillain|Substitute\n|-damage|p1a: Scovillain|200/266\n|move|p2a: Vaporeon|Wish|p2a: Vaporeon\n|\n|-heal|p1a: Scovillain|216/266|[from] item: Leftovers\n|-heal|p2a: Vaporeon|276/364|[from] item: Leftovers\n|-damage|p2a: Vaporeon|231/364|[from] Leech Seed|[of] p1a: Scovillain\n|-heal|p1a: Scovillain|261/266|[silent]\n|upkeep\n|turn|32\n|\n|t:|1732939403\n|move|p1a: Scovillain|Flamethrower|p2a: Vaporeon\n|-resisted|p2a: Vaporeon\n|-damage|p2a: Vaporeon|180/364\n|move|p2a: Vaporeon|Scald|p1a: Scovillain\n|-end|p1a: Scovillain|Substitute\n|\n|-heal|p2a: Vaporeon|362/364|[from] move: Wish|[wisher] Vaporeon\n|-heal|p1a: Scovillain|266/266|[from] item: Leftovers\n|-heal|p2a: Vaporeon|364/364|[from] item: Leftovers\n|-damage|p2a: Vaporeon|319/364|[from] Leech Seed|[of] p1a: Scovillain\n|upkeep\n|turn|33\n|\n|t:|1732939420\n|switch|p1a: Perrserker|Perrserker, L89, M|269/269\n|switch|p2a: Mudsdale|Mudsdale, L84, M|305/305\n|\n|upkeep\n|turn|34\n|\n|t:|1732939441\n|move|p1a: Perrserker|Stealth Rock|p2a: Mudsdale\n|-sidestart|p2: InfiniteAscent|move: Stealth Rock\n|move|p2a: Mudsdale|Stealth Rock|p1a: Perrserker\n|-sidestart|p1: PowerOutage273|move: Stealth Rock\n|\n|upkeep\n|turn|35\n|\n|t:|1732939450\n|move|p1a: Perrserker|U-turn|p2a: Mudsdale\n|-damage|p2a: Mudsdale|214/305\n|-ability|p2a: Mudsdale|Stamina|boost\n|-boost|p2a: Mudsdale|def|1\n|-damage|p1a: Perrserker|243/269|[from] item: Life Orb\n|\n|t:|1732939456\n|switch|p1a: Misdreavus|Misdreavus, L90, F|254/254|[from] U-turn\n|-damage|p1a: Misdreavus|223/254|[from] Stealth Rock\n|move|p2a: Mudsdale|Heavy Slam|p1a: Misdreavus\n|-damage|p1a: Misdreavus|131/254\n|\n|-heal|p2a: Mudsdale|233/305|[from] item: Leftovers\n|upkeep\n|turn|36\n|c|\u2606InfiniteAscent|i was predicting enamorus but good enough\n|\n|t:|1732939478\n|switch|p2a: Ninetales|Ninetales, L85, F|199/263\n|-weather|SunnyDay|[from] ability: Drought|[of] p2a: Ninetales\n|move|p1a: Misdreavus|Will-O-Wisp|p2a: Ninetales\n|-immune|p2a: Ninetales\n|\n|-weather|SunnyDay|[upkeep]\n|upkeep\n|turn|37\n|\n|t:|1732939486\n|move|p2a: Ninetales|Nasty Plot|p2a: Ninetales\n|-boost|p2a: Ninetales|spa|2\n|move|p1a: Misdreavus|Calm Mind|p1a: Misdreavus\n|-boost|p1a: Misdreavus|spa|1\n|-boost|p1a: Misdreavus|spd|1\n|\n|-weather|SunnyDay|[upkeep]\n|upkeep\n|turn|38\n|\n|t:|1732939496\n|move|p2a: Ninetales|Fire Blast|p1a: Misdreavus\n|-damage|p1a: Misdreavus|0 fnt\n|faint|p1a: Misdreavus\n|\n|-weather|SunnyDay|[upkeep]\n|upkeep\n|\n|t:|1732939500\n|switch|p1a: Groudon|Groudon, L72|263/263\n|-damage|p1a: Groudon|247/263|[from] Stealth Rock\n|turn|39\n|inactive|InfiniteAscent has 120 seconds left.\n|\n|t:|1732939545\n|-terastallize|p1a: Groudon|Fire\n|move|p2a: Ninetales|Scorching Sands|p1a: Groudon\n|-supereffective|p1a: Groudon\n|-damage|p1a: Groudon|45/263\n|move|p1a: Groudon|Thunder Wave|p2a: Ninetales\n|-status|p2a: Ninetales|par\n|\n|-weather|SunnyDay|[upkeep]\n|-heal|p1a: Groudon|61/263|[from] item: Leftovers\n|upkeep\n|turn|40\n|\n|t:|1732939562\n|move|p1a: Groudon|Precipice Blades|p2a: Ninetales\n|-supereffective|p2a: Ninetales\n|-crit|p2a: Ninetales\n|-damage|p2a: Ninetales|0 fnt\n|faint|p2a: Ninetales\n|\n|-weather|none\n|-heal|p1a: Groudon|77/263|[from] item: Leftovers\n|upkeep\n|inactive|InfiniteAscent has 90 seconds left.\n|\n|t:|1732939591\n|switch|p2a: Gholdengo|Gholdengo, L77|261/261\n|-damage|p2a: Gholdengo|245/261|[from] Stealth Rock\n|turn|41\n|\n|t:|1732939594\n|move|p2a: Gholdengo|Shadow Ball|p1a: Groudon\n|-damage|p1a: Groudon|0 fnt\n|faint|p1a: Groudon\n|\n|-heal|p2a: Gholdengo|261/261|[from] item: Leftovers\n|upkeep\n|c|\u2606PowerOutage273|ok ngl u win gg\n|-message|PowerOutage273 forfeited.\n|\n|win|InfiniteAscent\n|raw|PowerOutage273's rating: 1639 &rarr; <strong>1622</strong><br />(-17 for losing)\n|raw|InfiniteAscent's rating: 1693 &rarr; <strong>1710</strong><br />(+17 for winning)\n|l|\u2606PowerOutage273\n|player|p1|\n|c|\u2606InfiniteAscent|ggwp\n", "inputlog": ">version b107d77f5c90bd6555267ae244a6264823309ead\n>start {\"formatid\":\"gen9randombattle\",\"seed\":[62069,60703,879,9525],\"rated\":\"Rated battle\"}\n>player p1 {\"name\":\"PowerOutage273\",\"avatar\":\"argenta\",\"rating\":1663,\"seed\":[1798,56671,21357,36188]}\n>player p2 {\"name\":\"InfiniteAscent\",\"avatar\":\"n\",\"rating\":1693,\"seed\":[50694,16543,50528,48834]}\n>p1 move agility\n>p2 move calmmind\n>p1 move moonblast\n>p2 move calmmind\n>p1 move mysticalfire\n>p2 move calmmind\n>p1 move mysticalfire\n>p2 move calmmind\n>p1 move mysticalfire\n>p2 move calmmind\n>p1 move mysticalfire\n>p2 move calmmind\n>p1 move mysticalfire\n>p2 move calmmind\n>p1 move mysticalfire\n>p2 move calmmind\n>p1 move mysticalfire\n>p2 move calmmind\n>p1 switch 4\n>p2 move calmmind\n>p1 move calmmind\n>p2 move scald\n>chat \u2606PowerOutage273|well\n>chat \u2606InfiniteAscent|well\n>chat \u2606PowerOutage273|im not switching\n>chat \u2606InfiniteAscent|i got you\n>p1 move calmmind\n>p2 switch 3\n>p1 move scald\n>p2 move toxic\n>p1 move scald\n>p2 switch 3\n>p1 switch 6\n>p2 move calmmind\n>chat \u2606InfiniteAscent|hm\n>p1 move leechseed\n>p2 switch 6\n>chat \u2606InfiniteAscent|your welcome for chlorophyll\n>p1 move substitute\n>p2 move fireblast\n>p1 move substitute\n>p2 switch 3\n>p1 move flamethrower\n>p2 switch 6\n>p1 move leechseed\n>p2 switch 6\n>p1 move flamethrower\n>p2 move sludgebomb\n>p1 move substitute\n>p2 switch 6\n>p1 move leechseed\n>p2 move protect\n>p1 move leechseed\n>p2 switch 2\n>p1 move flamethrower\n>p2 switch 2\n>p1 move leechseed\n>p2 move protect\n>p1 move leechseed\n>p2 move scald\n>p1 move substitute\n>p2 switch 6\n>p1 move flamethrower\n>p2 switch 6\n>p1 move leechseed\n>p2 move scald\n>p1 move substitute\n>p2 move wish\n>p1 move flamethrower\n>p2 move scald\n>p1 switch 2\n>p2 switch 4\n>p1 move stealthrock\n>p2 move stealthrock\n>p1 move uturn\n>p2 move heavyslam\n>p1 switch 5\n>chat \u2606InfiniteAscent|i was predicting enamorus but good enough\n>p1 move willowisp\n>p2 switch 3\n>p1 move calmmind\n>p2 move nastyplot\n>p1 move calmmind\n>p2 move fireblast\n>p1 switch 3\n>p1 move thunderwave terastallize\n>p2 move scorchingsands\n>p1 move precipiceblades\n>p2 move fireblast\n>p2 switch 5\n>p1 move heatcrash\n>p2 move shadowball\n>chat \u2606PowerOutage273|ok ngl u win gg\n>forcelose p1", "uploadtime": 1732939608, "views": 16, "formatid": "gen9randombattle", "rating": 1622, "private": 0, "password": null}