{"id": "gen9randombattle-2254162188", "format": "[Gen 9] Random Battle", "players": ["krabsolfurretisme", "Dragonite131"], "log": "|j|\u2606krabsolfurretisme\n|j|\u2606Dragonite131\n|t:|1732998909\n|gametype|singles\n|player|p1|krabsolfurretisme|jasmine|1462\n|player|p2|Dragonite131|hilda|1415\n|teamsize|p1|6\n|teamsize|p2|6\n|gen|9\n|tier|[Gen 9] Random Battle\n|rated|\n|rule|Species Clause: Limit one of each Pok\u00e9mon\n|rule|HP Percentage Mod: HP is shown in percentages\n|rule|Sleep Clause Mod: Limit one foe put to sleep\n|rule|Illusion Level Mod: Illusion disguises the Pok\u00e9mon's true level\n|\n|t:|1732998909\n|start\n|switch|p1a: Latios|Latios, L78, M|253/253\n|switch|p2a: Crawdaunt|Crawdaunt, L84, F|243/243\n|turn|1\n|inactive|Battle timer is ON: inactive players will automatically lose when time's up. (requested by Dragonite131)\n|inactive|krabsolfurretisme also wants the timer to be on.\n|inactive|krabsolfurretisme has 120 seconds left.\n|\n|t:|1732998949\n|switch|p1a: Swampert|Swampert, L83, F|302/302\n|move|p2a: Crawdaunt|Knock Off|p1a: Swampert\n|-damage|p1a: Swampert|54/302\n|-enditem|p1a: Swampert|Leftovers|[from] move: Knock Off|[of] p2a: Crawdaunt\n|\n|upkeep\n|turn|2\n|c|\u2606krabsolfurretisme|GOD DAMN\n|\n|t:|1732998967\n|move|p1a: Swampert|Earthquake|p2a: Crawdaunt\n|-damage|p2a: Crawdaunt|134/243\n|move|p2a: Crawdaunt|Knock Off|p1a: Swampert\n|-damage|p1a: Swampert|0 fnt\n|faint|p1a: Swampert\n|\n|upkeep\n|\n|t:|1732998974\n|switch|p1a: Latios|Latios, L78, M|253/253\n|turn|3\n|\n|t:|1732999002\n|move|p1a: Latios|Draco Meteor|p2a: Crawdaunt|[miss]\n|-miss|p1a: Latios|p2a: Crawdaunt\n|move|p2a: Crawdaunt|Knock Off|p1a: Latios\n|-supereffective|p1a: Latios\n|-damage|p1a: Latios|0 fnt\n|-enditem|p1a: Latios|Soul Dew|[from] move: Knock Off|[of] p2a: Crawdaunt\n|faint|p1a: Latios\n|\n|upkeep\n|c|\u2606krabsolfurretisme|yup\n|c|\u2606krabsolfurretisme|10%\n|\n|t:|1732999016\n|switch|p1a: Spiritomb|Spiritomb, L89, F|234/234\n|turn|4\n|\n|t:|1732999024\n|move|p2a: Crawdaunt|Knock Off|p1a: Spiritomb\n|-damage|p1a: Spiritomb|52/234\n|-enditem|p1a: Spiritomb|Leftovers|[from] move: Knock Off|[of] p2a: Crawdaunt\n|move|p1a: Spiritomb|Toxic|p2a: Crawdaunt\n|-status|p2a: Crawdaunt|tox\n|\n|-damage|p2a: Crawdaunt|119/243 tox|[from] psn\n|upkeep\n|turn|5\n|\n|t:|1732999034\n|move|p2a: Crawdaunt|Knock Off|p1a: Spiritomb\n|-damage|p1a: Spiritomb|0 fnt\n|faint|p1a: Spiritomb\n|\n|-damage|p2a: Crawdaunt|89/243 tox|[from] psn\n|upkeep\n|\n|t:|1732999037\n|switch|p1a: Ambipom|Ambipom, L84, M|263/263\n|turn|6\n|\n|t:|1732999041\n|move|p1a: Ambipom|Double-Edge|p2a: Crawdaunt\n|-damage|p2a: Crawdaunt|0 fnt\n|faint|p2a: Crawdaunt\n|-damage|p1a: Ambipom|234/263|[from] Recoil\n|\n|upkeep\n|inactive|Dragonite131 has 120 seconds left.\n|\n|t:|1732999071\n|switch|p2a: Rhydon|Rhydon, L85, M|317/317\n|turn|7\n|inactive|krabsolfurretisme has 120 seconds left.\n|\n|t:|1732999102\n|switch|p1a: Haxorus|Haxorus, L77, F|244/244\n|-ability|p1a: Haxorus|Mold Breaker\n|move|p2a: Rhydon|Earthquake|p1a: Haxorus\n|-damage|p1a: Haxorus|96/244\n|\n|upkeep\n|turn|8\n|inactive|krabsolfurretisme has 120 seconds left.\n|\n|t:|1732999115\n|move|p1a: Haxorus|Outrage|p2a: Rhydon\n|-damage|p2a: Rhydon|235/317\n|move|p2a: Rhydon|Earthquake|p1a: Haxorus\n|-damage|p1a: Haxorus|0 fnt\n|faint|p1a: Haxorus\n|\n|upkeep\n|inactive|krabsolfurretisme has 120 seconds left.\n|\n|t:|1732999121\n|switch|p1a: Ambipom|Ambipom, L84, M|234/263\n|turn|9\n|\n|t:|1732999129\n|move|p1a: Ambipom|Knock Off|p2a: Rhydon\n|-damage|p2a: Rhydon|181/317\n|-enditem|p2a: Rhydon|Eviolite|[from] move: Knock Off|[of] p1a: Ambipom\n|move|p2a: Rhydon|Earthquake|p1a: Ambipom\n|-damage|p1a: Ambipom|71/263\n|\n|upkeep\n|turn|10\n|\n|t:|1732999139\n|move|p1a: Ambipom|Knock Off|p2a: Rhydon\n|-damage|p2a: Rhydon|129/317\n|move|p2a: Rhydon|Earthquake|p1a: Ambipom\n|-damage|p1a: Ambipom|0 fnt\n|faint|p1a: Ambipom\n|\n|upkeep\n|\n|t:|1732999147\n|switch|p1a: Kingambit|Kingambit, L74, M|270/270\n|-activate|p1a: Kingambit|ability: Supreme Overlord\n|-start|p1a: Kingambit|fallen5|[silent]\n|turn|11\n|inactive|Dragonite131 has 120 seconds left.\n|\n|t:|1732999179\n|-terastallize|p1a: Kingambit|Flying\n|move|p2a: Rhydon|Earthquake|p1a: Kingambit\n|-immune|p1a: Kingambit\n|move|p1a: Kingambit|Iron Head|p2a: Rhydon\n|-supereffective|p2a: Rhydon\n|-crit|p2a: Rhydon\n|-damage|p2a: Rhydon|0 fnt\n|faint|p2a: Rhydon\n|\n|upkeep\n|inactive|Dragonite131 has 120 seconds left.\n|\n|t:|1732999190\n|switch|p2a: Bruxish|Bruxish, L85, F|254/254\n|turn|12\n|inactive|Dragonite131 has 120 seconds left.\n|inactive|Dragonite131 has 90 seconds left.\n|\n|t:|1732999226\n|switch|p2a: Wo-Chien|Wo-Chien, L83|277/277\n|-ability|p2a: Wo-Chien|Tablets of Ruin\n|move|p1a: Kingambit|Sucker Punch||[still]\n|-fail|p1a: Kingambit\n|\n|upkeep\n|turn|13\n|\n|t:|1732999242\n|move|p2a: Wo-Chien|Leech Seed|p1a: Kingambit\n|-start|p1a: Kingambit|move: Leech Seed\n|move|p1a: Kingambit|Swords Dance|p1a: Kingambit\n|-boost|p1a: Kingambit|atk|2\n|\n|-damage|p1a: Kingambit|237/270|[from] Leech Seed|[of] p2a: Wo-Chien\n|upkeep\n|turn|14\n|inactive|Dragonite131 has 90 seconds left.\n|\n|t:|1732999261\n|move|p2a: Wo-Chien|Protect|p2a: Wo-Chien\n|-singleturn|p2a: Wo-Chien|Protect\n|move|p1a: Kingambit|Iron Head|p2a: Wo-Chien\n|-activate|p2a: Wo-Chien|move: Protect\n|\n|-heal|p1a: Kingambit|253/270|[from] item: Leftovers\n|-damage|p1a: Kingambit|220/270|[from] Leech Seed|[of] p2a: Wo-Chien\n|upkeep\n|turn|15\n|\n|t:|1732999269\n|move|p2a: Wo-Chien|Knock Off|p1a: Kingambit\n|-damage|p1a: Kingambit|142/270\n|-enditem|p1a: Kingambit|Leftovers|[from] move: Knock Off|[of] p2a: Wo-Chien\n|move|p1a: Kingambit|Iron Head|p2a: Wo-Chien\n|-damage|p2a: Wo-Chien|85/277\n|\n|-heal|p2a: Wo-Chien|102/277|[from] item: Leftovers\n|-damage|p1a: Kingambit|109/270|[from] Leech Seed|[of] p2a: Wo-Chien\n|-heal|p2a: Wo-Chien|135/277|[silent]\n|upkeep\n|turn|16\n|\n|t:|1732999275\n|move|p2a: Wo-Chien|Protect|p2a: Wo-Chien\n|-singleturn|p2a: Wo-Chien|Protect\n|move|p1a: Kingambit|Swords Dance|p1a: Kingambit\n|-boost|p1a: Kingambit|atk|2\n|\n|-heal|p2a: Wo-Chien|152/277|[from] item: Leftovers\n|-damage|p1a: Kingambit|76/270|[from] Leech Seed|[of] p2a: Wo-Chien\n|-heal|p2a: Wo-Chien|185/277|[silent]\n|upkeep\n|turn|17\n|\n|t:|1732999289\n|move|p2a: Wo-Chien|Knock Off|p1a: Kingambit\n|-damage|p1a: Kingambit|22/270\n|move|p1a: Kingambit|Iron Head|p2a: Wo-Chien\n|-damage|p2a: Wo-Chien|0 fnt\n|faint|p2a: Wo-Chien\n|\n|upkeep\n|\n|t:|1732999296\n|switch|p2a: Comfey|Comfey, L85, M|225/225\n|turn|18\n|\n|t:|1732999301\n|move|p2a: Comfey|Draining Kiss|p1a: Kingambit\n|-damage|p1a: Kingambit|0 fnt\n|faint|p1a: Kingambit\n|-end|p1a: Kingambit|fallen5|[silent]\n|\n|win|Dragonite131\n|raw|krabsolfurretisme's rating: 1462 &rarr; <strong>1439</strong><br />(-23 for losing)\n|raw|Dragonite131's rating: 1415 &rarr; <strong>1438</strong><br />(+23 for winning)\n|c|\u2606krabsolfurretisme|gg\n|c|\u2606Dragonite131|gg\n|l|\u2606Dragonite131\n|player|p2|\n", "inputlog": ">version b107d77f5c90bd6555267ae244a6264823309ead\n>start {\"formatid\":\"gen9randombattle\",\"seed\":[20365,2800,13877,51146],\"rated\":\"Rated battle\"}\n>player p1 {\"name\":\"krabsolfurretisme\",\"avatar\":\"jasmine\",\"rating\":1462,\"seed\":[37803,62247,63938,35693]}\n>player p2 {\"name\":\"Dragonite131\",\"avatar\":\"hilda\",\"rating\":1415,\"seed\":[34487,39765,40506,45656]}\n>p1 switch 6\n>p2 move knockoff\n>chat \u2606krabsolfurretisme|GOD DAMN\n>p1 move earthquake\n>p2 move knockoff\n>p1 switch 6\n>p1 move dracometeor\n>p2 move knockoff\n>chat \u2606krabsolfurretisme|yup\n>chat \u2606krabsolfurretisme|10%\n>p1 switch 4\n>p1 move toxic\n>p2 move knockoff\n>p1 move painsplit\n>p2 move knockoff\n>p1 switch 2\n>p1 move doubleedge\n>p2 move knockoff\n>p2 switch 5\n>p1 switch 5\n>p2 move earthquake\n>p1 move outrage\n>p2 move earthquake\n>p1 switch 5\n>p1 move knockoff\n>p2 move earthquake\n>p1 move knockoff\n>p2 move earthquake\n>p1 switch 3\n>p1 move ironhead terastallize\n>p2 move earthquake\n>p2 switch 2\n>p1 move suckerpunch\n>p2 switch 3\n>p1 move swordsdance\n>p2 move leechseed\n>p1 move ironhead\n>p2 move protect\n>p1 move ironhead\n>p2 move knockoff\n>p1 move swordsdance\n>p2 move protect\n>p1 move ironhead\n>p2 move knockoff\n>p2 switch 6\n>p1 move kowtowcleave\n>p2 move drainingkiss", "uploadtime": 1732999325, "views": 1, "formatid": "gen9randombattle", "rating": 1438, "private": 0, "password": null}