{"id": "gen9randombattle-2254019266", "format": "[Gen 9] Random Battle", "players": ["Woodrickz", "TymeSlayerX"], "log": "|j|\u2606Woodrickz\n|j|\u2606TymeSlayerX\n|t:|1732980818\n|gametype|singles\n|player|p1|Woodrickz|266|1089\n|player|p2|TymeSlayerX|266|1045\n|teamsize|p1|6\n|teamsize|p2|6\n|gen|9\n|tier|[Gen 9] Random Battle\n|rated|\n|rule|Species Clause: Limit one of each Pok\u00e9mon\n|rule|HP Percentage Mod: HP is shown in percentages\n|rule|Sleep Clause Mod: Limit one foe put to sleep\n|rule|Illusion Level Mod: Illusion disguises the Pok\u00e9mon's true level\n|\n|t:|1732980818\n|start\n|switch|p1a: Reshiram|Reshiram, L76|277/277\n|switch|p2a: Whiscash|Whiscash, L88, M|337/337\n|-ability|p1a: Reshiram|Turboblaze\n|turn|1\n|\n|t:|1732980835\n|move|p2a: Whiscash|Stone Edge|p1a: Reshiram\n|-supereffective|p1a: Reshiram\n|-damage|p1a: Reshiram|98/277\n|-damage|p2a: Whiscash|304/337|[from] item: Life Orb\n|move|p1a: Reshiram|Dragon Tail|p2a: Whiscash\n|-damage|p2a: Whiscash|232/337\n|drag|p2a: Slither Wing|Slither Wing, L81|270/270\n|-enditem|p2a: Slither Wing|Booster Energy\n|-activate|p2a: Slither Wing|ability: Protosynthesis|[fromitem]\n|-start|p2a: Slither Wing|protosynthesisatk\n|\n|upkeep\n|turn|2\n|\n|t:|1732980849\n|move|p1a: Reshiram|Blue Flare|p2a: Slither Wing\n|-supereffective|p2a: Slither Wing\n|-damage|p2a: Slither Wing|0 fnt\n|faint|p2a: Slither Wing\n|-end|p2a: Slither Wing|Protosynthesis|[silent]\n|\n|upkeep\n|\n|t:|1732980856\n|switch|p2a: Alomomola|Alomomola, L87, M|429/429\n|turn|3\n|\n|t:|1732980863\n|move|p2a: Alomomola|Scald|p1a: Reshiram\n|-damage|p1a: Reshiram|52/277\n|move|p1a: Reshiram|Dragon Tail|p2a: Alomomola\n|-damage|p2a: Alomomola|362/429\n|-damage|p1a: Reshiram|6/277|[from] item: Rocky Helmet|[of] p2a: Alomomola\n|drag|p2a: Whiscash|Whiscash, L88, M|232/337\n|\n|upkeep\n|turn|4\n|\n|t:|1732980873\n|move|p1a: Reshiram|Draco Meteor|p2a: Whiscash\n|-damage|p2a: Whiscash|57/337\n|-unboost|p1a: Reshiram|spa|2\n|move|p2a: Whiscash|Stone Edge|p1a: Reshiram|[miss]\n|-miss|p2a: Whiscash|p1a: Reshiram\n|\n|upkeep\n|turn|5\n|\n|t:|1732980882\n|move|p1a: Reshiram|Draco Meteor|p2a: Whiscash\n|-damage|p2a: Whiscash|0 fnt\n|-unboost|p1a: Reshiram|spa|2\n|faint|p2a: Whiscash\n|\n|upkeep\n|c|\u2606Woodrickz|hahaha\n|\n|t:|1732980890\n|switch|p2a: Skarmory|Skarmory, L80, F|235/235\n|turn|6\n|\n|t:|1732980897\n|move|p1a: Reshiram|Blue Flare|p2a: Skarmory\n|-supereffective|p2a: Skarmory\n|-damage|p2a: Skarmory|101/235\n|-status|p2a: Skarmory|brn\n|move|p2a: Skarmory|Body Press|p1a: Reshiram\n|-damage|p1a: Reshiram|0 fnt\n|faint|p1a: Reshiram\n|\n|-heal|p2a: Skarmory|115/235 brn|[from] item: Leftovers\n|-damage|p2a: Skarmory|101/235 brn|[from] brn\n|upkeep\n|inactive|Battle timer is ON: inactive players will automatically lose when time's up. (requested by TymeSlayerX)\n|\n|t:|1732980914\n|switch|p1a: Hitmontop|Hitmontop, L88, M|231/231\n|-ability|p1a: Hitmontop|Intimidate|boost\n|-unboost|p2a: Skarmory|atk|1\n|turn|7\n|\n|t:|1732980922\n|move|p1a: Hitmontop|Stone Edge|p2a: Skarmory\n|-damage|p2a: Skarmory|42/235 brn\n|move|p2a: Skarmory|Brave Bird|p1a: Hitmontop\n|-supereffective|p1a: Hitmontop\n|-damage|p1a: Hitmontop|165/231\n|-damage|p2a: Skarmory|20/235 brn|[from] Recoil\n|\n|-heal|p2a: Skarmory|34/235 brn|[from] item: Leftovers\n|-damage|p2a: Skarmory|20/235 brn|[from] brn\n|upkeep\n|turn|8\n|\n|t:|1732980939\n|move|p1a: Hitmontop|Stone Edge|p2a: Skarmory\n|-damage|p2a: Skarmory|0 fnt\n|faint|p2a: Skarmory\n|\n|upkeep\n|\n|t:|1732980954\n|switch|p2a: Hitmontop|Hitmontop, L88, M|231/231\n|turn|9\n|\n|t:|1732980959\n|move|p1a: Hitmontop|Sucker Punch|p2a: Hitmontop\n|-resisted|p2a: Hitmontop\n|-damage|p2a: Hitmontop|206/231\n|move|p2a: Hitmontop|Triple Axel|p1a: Hitmontop\n|-damage|p1a: Hitmontop|142/231\n|-damage|p1a: Hitmontop|101/231\n|-crit|p1a: Hitmontop\n|-damage|p1a: Hitmontop|7/231\n|-hitcount|p1a: Hitmontop|3\n|\n|-heal|p2a: Hitmontop|220/231|[from] item: Leftovers\n|upkeep\n|turn|10\n|\n|t:|1732980971\n|move|p1a: Hitmontop|Close Combat|p2a: Hitmontop\n|-damage|p2a: Hitmontop|100/231\n|-unboost|p1a: Hitmontop|def|1\n|-unboost|p1a: Hitmontop|spd|1\n|move|p2a: Hitmontop|Rapid Spin|p1a: Hitmontop\n|-damage|p1a: Hitmontop|0 fnt\n|-boost|p2a: Hitmontop|spe|1\n|faint|p1a: Hitmontop\n|\n|-heal|p2a: Hitmontop|114/231|[from] item: Leftovers\n|upkeep\n|\n|t:|1732980992\n|switch|p1a: Delibird|Delibird, M|252/252\n|turn|11\n|\n|t:|1732981000\n|move|p2a: Hitmontop|Triple Axel|p1a: Delibird\n|-damage|p1a: Delibird|221/252\n|-damage|p1a: Delibird|163/252\n|-damage|p1a: Delibird|68/252\n|-hitcount|p1a: Delibird|3\n|move|p1a: Delibird|Brave Bird|p2a: Hitmontop\n|-supereffective|p2a: Hitmontop\n|-damage|p2a: Hitmontop|0 fnt\n|faint|p2a: Hitmontop\n|-damage|p1a: Delibird|30/252|[from] Recoil\n|\n|upkeep\n|\n|t:|1732981013\n|switch|p2a: Smeargle|Smeargle, L95, M|258/258\n|turn|12\n|\n|t:|1732981023\n|move|p1a: Delibird|Brave Bird|p2a: Smeargle\n|-damage|p2a: Smeargle|59/258\n|-damage|p1a: Delibird|0 fnt|[from] Recoil\n|faint|p1a: Delibird\n|move|p2a: Smeargle|Ceaseless Edge|p1: Delibird|[notarget]\n|-fail|p2a: Smeargle\n|\n|upkeep\n|\n|t:|1732981031\n|switch|p1a: Iron Valiant|Iron Valiant, L78|244/244\n|turn|13\n|\n|t:|1732981036\n|move|p1a: Iron Valiant|Knock Off|p2a: Smeargle\n|-damage|p2a: Smeargle|0 fnt\n|-enditem|p2a: Smeargle|Focus Sash|[from] move: Knock Off|[of] p1a: Iron Valiant\n|faint|p2a: Smeargle\n|-damage|p1a: Iron Valiant|220/244|[from] item: Life Orb\n|\n|upkeep\n|\n|t:|1732981042\n|switch|p2a: Alomomola|Alomomola, L87, M|429/429\n|turn|14\n|\n|t:|1732981050\n|-terastallize|p2a: Alomomola|Steel\n|move|p1a: Iron Valiant|Knock Off|p2a: Alomomola\n|-damage|p2a: Alomomola|326/429\n|-damage|p1a: Iron Valiant|180/244|[from] item: Rocky Helmet|[of] p2a: Alomomola\n|-enditem|p2a: Alomomola|Rocky Helmet|[from] move: Knock Off|[of] p1a: Iron Valiant\n|-damage|p1a: Iron Valiant|156/244|[from] item: Life Orb\n|move|p2a: Alomomola|Scald|p1a: Iron Valiant\n|-damage|p1a: Iron Valiant|92/244\n|\n|upkeep\n|turn|15\n|\n|t:|1732981062\n|-terastallize|p1a: Iron Valiant|Fighting\n|move|p1a: Iron Valiant|Close Combat|p2a: Alomomola\n|-supereffective|p2a: Alomomola\n|-damage|p2a: Alomomola|0 fnt\n|-unboost|p1a: Iron Valiant|def|1\n|-unboost|p1a: Iron Valiant|spd|1\n|faint|p2a: Alomomola\n|-damage|p1a: Iron Valiant|68/244|[from] item: Life Orb\n|\n|win|Woodrickz\n|raw|Woodrickz's rating: 1089 &rarr; <strong>1112</strong><br />(+23 for winning)\n|raw|TymeSlayerX's rating: 1045 &rarr; <strong>1030</strong><br />(-15 for losing)\n|c|\u2606Woodrickz|ez\n", "inputlog": ">version b107d77f5c90bd6555267ae244a6264823309ead\n>start {\"formatid\":\"gen9randombattle\",\"seed\":[12918,18345,55797,7437],\"rated\":\"Rated battle\"}\n>player p1 {\"name\":\"Woodrickz\",\"avatar\":\"266\",\"rating\":1089,\"seed\":[6256,16731,6151,4562]}\n>player p2 {\"name\":\"TymeSlayerX\",\"avatar\":\"266\",\"rating\":1045,\"seed\":[43470,31663,61933,2285]}\n>p1 move dragontail\n>p2 move stoneedge\n>p1 move blueflare\n>p2 move earthquake\n>p2 switch 2\n>p1 move dragontail\n>p2 move scald\n>p1 move dracometeor\n>p2 move stoneedge\n>p1 move dracometeor\n>p2 move stoneedge\n>chat \u2606Woodrickz|hahaha\n>p2 switch 4\n>p1 move blueflare\n>p2 move bodypress\n>p1 switch 3\n>p1 move stoneedge\n>p2 move bravebird\n>p1 move stoneedge\n>p2 move roost\n>p2 switch 5\n>p1 move suckerpunch\n>p2 move tripleaxel\n>p1 move closecombat\n>p2 move rapidspin\n>p1 switch 5\n>p1 move bravebird\n>p2 move tripleaxel\n>p2 switch 3\n>p1 move bravebird\n>p2 move ceaselessedge\n>p1 switch 6\n>p1 move knockoff\n>p2 move ceaselessedge\n>p2 switch 6\n>p1 move knockoff\n>p2 move scald terastallize\n>p1 move closecombat terastallize\n>p2 move scald", "uploadtime": 1732981072, "views": 2, "formatid": "gen9randombattle", "rating": 1030, "private": 0, "password": null}