{"id": "gen9randombattle-2253998177", "format": "[Gen 9] Random Battle", "players": ["Sr_Marco Z", "ncjfjfjjdf"], "log": "|j|\u2606Sr_Marco Z\n|j|\u2606ncjfjfjjdf\n|t:|1732977819\n|gametype|singles\n|player|p1|Sr_Marco Z|riley|1039\n|player|p2|ncjfjfjjdf|brycenman|1000\n|teamsize|p1|6\n|teamsize|p2|6\n|gen|9\n|tier|[Gen 9] Random Battle\n|rated|\n|rule|Species Clause: Limit one of each Pok\u00e9mon\n|rule|HP Percentage Mod: HP is shown in percentages\n|rule|Sleep Clause Mod: Limit one foe put to sleep\n|rule|Illusion Level Mod: Illusion disguises the Pok\u00e9mon's true level\n|\n|t:|1732977819\n|start\n|switch|p1a: Whimsicott|Whimsicott, L85, F|241/241\n|switch|p2a: Crawdaunt|Crawdaunt, L84, M|243/243\n|turn|1\n|inactive|Battle timer is ON: inactive players will automatically lose when time's up. (requested by Sr_Marco Z)\n|\n|t:|1732977843\n|switch|p2a: Hatterene|Hatterene, L85, F|236/236\n|move|p1a: Whimsicott|Stun Spore|p2a: Hatterene\n|move|p2a: Hatterene|Stun Spore|p1a: Whimsicott|[from]ability: Magic Bounce\n|-immune|p1a: Whimsicott\n|\n|upkeep\n|turn|2\n|\n|t:|1732977856\n|move|p1a: Whimsicott|U-turn|p2a: Hatterene\n|-damage|p2a: Hatterene|196/236\n|\n|t:|1732977880\n|switch|p1a: Misdreavus|Misdreavus, L90, F|254/254|[from] U-turn\n|move|p2a: Hatterene|Nuzzle|p1a: Misdreavus\n|-damage|p1a: Misdreavus|242/254\n|-status|p1a: Misdreavus|par\n|\n|upkeep\n|turn|3\n|\n|t:|1732977893\n|switch|p2a: Crawdaunt|Crawdaunt, L84, M|243/243\n|move|p1a: Misdreavus|Shadow Ball|p2a: Crawdaunt\n|-resisted|p2a: Crawdaunt\n|-damage|p2a: Crawdaunt|182/243\n|\n|upkeep\n|turn|4\n|\n|t:|1732977908\n|switch|p1a: Quagsire|Quagsire, L84, M|297/297\n|move|p2a: Crawdaunt|Knock Off|p1a: Quagsire\n|-damage|p1a: Quagsire|68/297\n|-enditem|p1a: Quagsire|Leftovers|[from] move: Knock Off|[of] p2a: Crawdaunt\n|-damage|p2a: Crawdaunt|158/243|[from] item: Life Orb\n|\n|upkeep\n|turn|5\n|inactive|Sr_Marco Z has 120 seconds left.\n|\n|t:|1732977930\n|move|p2a: Crawdaunt|Crabhammer|p1a: Quagsire\n|-damage|p1a: Quagsire|0 fnt\n|faint|p1a: Quagsire\n|-damage|p2a: Crawdaunt|134/243|[from] item: Life Orb\n|\n|upkeep\n|\n|t:|1732977940\n|switch|p1a: Whimsicott|Whimsicott, L85, F|241/241\n|turn|6\n|\n|t:|1732977957\n|switch|p2a: Hatterene|Hatterene, L85, F|196/236\n|move|p1a: Whimsicott|U-turn|p2a: Hatterene\n|-crit|p2a: Hatterene\n|-damage|p2a: Hatterene|140/236\n|inactive|Sr_Marco Z has 90 seconds left.\n|\n|t:|1732977999\n|switch|p1a: Misdreavus|Misdreavus, L90, F|242/254 par|[from] U-turn\n|\n|upkeep\n|turn|7\n|\n|t:|1732978019\n|switch|p2a: Crawdaunt|Crawdaunt, L84, M|134/243\n|move|p1a: Misdreavus|Will-O-Wisp|p2a: Crawdaunt\n|-status|p2a: Crawdaunt|brn\n|\n|-damage|p2a: Crawdaunt|119/243 brn|[from] brn\n|upkeep\n|turn|8\n|inactive|Sr_Marco Z has 90 seconds left.\n|\n|t:|1732978031\n|switch|p1a: Whimsicott|Whimsicott, L85, F|241/241\n|move|p2a: Crawdaunt|Knock Off|p1a: Whimsicott\n|-resisted|p1a: Whimsicott\n|-damage|p1a: Whimsicott|190/241\n|-enditem|p1a: Whimsicott|Heavy-Duty Boots|[from] move: Knock Off|[of] p2a: Crawdaunt\n|-damage|p2a: Crawdaunt|95/243 brn|[from] item: Life Orb\n|\n|-damage|p2a: Crawdaunt|80/243 brn|[from] brn\n|upkeep\n|turn|9\n|inactive|Sr_Marco Z has 90 seconds left.\n|\n|t:|1732978042\n|move|p1a: Whimsicott|Giga Drain|p2a: Crawdaunt\n|-supereffective|p2a: Crawdaunt\n|-damage|p2a: Crawdaunt|0 fnt\n|-heal|p1a: Whimsicott|230/241|[from] drain|[of] p2a: Crawdaunt\n|faint|p2a: Crawdaunt\n|\n|upkeep\n|\n|t:|1732978052\n|switch|p2a: Hatterene|Hatterene, L85, F|140/236\n|turn|10\n|\n|t:|1732978056\n|move|p1a: Whimsicott|Giga Drain|p2a: Hatterene\n|-damage|p2a: Hatterene|100/236\n|-heal|p1a: Whimsicott|241/241|[from] drain|[of] p2a: Hatterene\n|move|p2a: Hatterene|Mystical Fire|p1a: Whimsicott\n|-supereffective|p1a: Whimsicott\n|-damage|p1a: Whimsicott|91/241\n|-unboost|p1a: Whimsicott|spa|1\n|\n|upkeep\n|turn|11\n|\n|t:|1732978065\n|move|p1a: Whimsicott|U-turn|p2a: Hatterene\n|-damage|p2a: Hatterene|65/236\n|\n|t:|1732978072\n|switch|p1a: Kleavor|Kleavor, L78, F|237/237|[from] U-turn\n|move|p2a: Hatterene|Mystical Fire|p1a: Kleavor\n|-damage|p1a: Kleavor|152/237\n|-unboost|p1a: Kleavor|spa|1\n|\n|upkeep\n|turn|12\n|\n|t:|1732978083\n|move|p1a: Kleavor|Stone Axe|p2a: Hatterene\n|-damage|p2a: Hatterene|0 fnt\n|-sidestart|p2: ncjfjfjjdf|move: Stealth Rock\n|faint|p2a: Hatterene\n|\n|upkeep\n|\n|t:|1732978086\n|switch|p2a: Polteageist|Polteageist, L79|224/224\n|-damage|p2a: Polteageist|196/224|[from] Stealth Rock\n|turn|13\n|\n|t:|1732978106\n|move|p1a: Kleavor|Stone Axe|p2a: Polteageist\n|-damage|p2a: Polteageist|52/224\n|move|p2a: Polteageist|Shell Smash|p2a: Polteageist\n|-unboost|p2a: Polteageist|def|1\n|-unboost|p2a: Polteageist|spd|1\n|-boost|p2a: Polteageist|atk|2\n|-boost|p2a: Polteageist|spa|2\n|-boost|p2a: Polteageist|spe|2\n|-enditem|p2a: Polteageist|White Herb\n|-clearnegativeboost|p2a: Polteageist|[silent]\n|\n|upkeep\n|turn|14\n|\n|t:|1732978117\n|move|p2a: Polteageist|Giga Drain|p1a: Kleavor\n|-damage|p1a: Kleavor|11/237\n|-heal|p2a: Polteageist|123/224|[from] drain|[of] p1a: Kleavor\n|move|p1a: Kleavor|Stone Axe|p2a: Polteageist\n|-damage|p2a: Polteageist|0 fnt\n|faint|p2a: Polteageist\n|\n|upkeep\n|inactive|ncjfjfjjdf has 120 seconds left.\n|l|\u2606ncjfjfjjdf\n|inactive|ncjfjfjjdf disconnected and has a minute to reconnect!\n|player|p2|\n|c|\u2606Sr_Marco Z|Zzzz\n|c|\u2606Sr_Marco Z|Zz\n|c|\u2606Sr_Marco Z|Zzz\n|c|\u2606Sr_Marco Z|\ud83d\ude34\n|inactive|ncjfjfjjdf has 30 seconds to reconnect!\n|inactive|ncjfjfjjdf has 20 seconds to reconnect!\n|inactive|ncjfjfjjdf has 15 seconds to reconnect!\n|inactive|ncjfjfjjdf has 10 seconds to reconnect!\n|inactive|ncjfjfjjdf has 5 seconds to reconnect!\n|-message|ncjfjfjjdf lost due to inactivity.\n|\n|win|Sr_Marco Z\n|raw|Sr_Marco Z's rating: 1039 &rarr; <strong>1069</strong><br />(+30 for winning)\n|raw|ncjfjfjjdf's rating: 1000 &rarr; <strong>1000</strong><br />(+0 for losing)\n", "inputlog": ">version b107d77f5c90bd6555267ae244a6264823309ead\n>start {\"formatid\":\"gen9randombattle\",\"seed\":[12953,48403,23649,11785],\"rated\":\"Rated battle\"}\n>player p1 {\"name\":\"Sr_Marco Z\",\"avatar\":\"riley\",\"rating\":1039,\"seed\":[64438,20268,61496,60620]}\n>player p2 {\"name\":\"ncjfjfjjdf\",\"avatar\":\"brycenman\",\"rating\":1000,\"seed\":[48527,35688,30080,48000]}\n>p1 move stunspore\n>p2 switch 2\n>p1 move uturn\n>p2 move nuzzle\n>p1 switch 3\n>p1 move shadowball\n>p2 switch 2\n>p1 switch 5\n>p2 move knockoff\n>p1 move spikes\n>p2 move crabhammer\n>p1 switch 3\n>p1 move uturn\n>p2 switch 2\n>p1 switch 5\n>p1 move willowisp\n>p2 switch 2\n>p1 switch 5\n>p2 move knockoff\n>p1 move gigadrain\n>p2 move crabhammer\n>p2 switch 2\n>p1 move gigadrain\n>p2 move mysticalfire\n>p1 move uturn\n>p2 move mysticalfire\n>p1 switch 2\n>p1 move stoneaxe\n>p2 move nuzzle\n>p2 switch 3\n>p1 move stoneaxe\n>p2 move shellsmash\n>p1 move stoneaxe\n>p2 move gigadrain\n>chat \u2606Sr_Marco Z|Zzzz\n>chat \u2606Sr_Marco Z|Zz\n>chat \u2606Sr_Marco Z|Zzz\n>chat \u2606Sr_Marco Z|\ud83d\ude34 \n>forcelose p2", "uploadtime": 1732978209, "views": 1, "formatid": "gen9randombattle", "rating": 1000, "private": 0, "password": null}