{"id": "gen9randombattle-2254036251", "format": "[Gen 9] Random Battle", "players": ["Dr.Coconut69", "soyjett"], "log": "|j|\u2606Dr.Coconut69\n|j|\u2606soyjett\n|t:|1732983147\n|gametype|singles\n|player|p1|Dr.Coconut69|266|1469\n|player|p2|soyjett|benga|1475\n|teamsize|p1|6\n|teamsize|p2|6\n|gen|9\n|tier|[Gen 9] Random Battle\n|rated|\n|rule|Species Clause: Limit one of each Pok\u00e9mon\n|rule|HP Percentage Mod: HP is shown in percentages\n|rule|Sleep Clause Mod: Limit one foe put to sleep\n|rule|Illusion Level Mod: Illusion disguises the Pok\u00e9mon's true level\n|\n|t:|1732983147\n|start\n|switch|p1a: Kommo-o|Kommo-o, L78, M|245/245\n|switch|p2a: Noivern|Noivern, L82, M|274/274\n|turn|1\n|l|\u2606soyjett\n|player|p2|\n|j|\u2606soyjett\n|player|p2|soyjett|benga|\n|\n|t:|1732983202\n|switch|p1a: Lanturn|Lanturn, L89, M|367/367\n|move|p2a: Noivern|Hurricane|p1a: Lanturn|[miss]\n|-miss|p2a: Noivern|p1a: Lanturn\n|\n|upkeep\n|turn|2\n|inactive|Battle timer is ON: inactive players will automatically lose when time's up. (requested by Dr.Coconut69)\n|\n|t:|1732983218\n|switch|p2a: Regice|Regice, L88|284/284\n|move|p1a: Lanturn|Thunder Wave|p2a: Regice\n|-status|p2a: Regice|par\n|\n|upkeep\n|turn|3\n|inactive|Dr.Coconut69 has 120 seconds left.\n|\n|t:|1732983251\n|switch|p1a: Okidogi|Okidogi, L77, M|262/262\n|move|p2a: Regice|Ice Beam|p1a: Okidogi\n|-damage|p1a: Okidogi|177/262\n|\n|upkeep\n|turn|4\n|\n|t:|1732983261\n|switch|p2a: Charizard|Charizard, L85, M|271/271\n|move|p1a: Okidogi|Drain Punch|p2a: Charizard\n|-resisted|p2a: Charizard\n|-damage|p2a: Charizard|226/271\n|-heal|p1a: Okidogi|200/262|[from] drain|[of] p2a: Charizard\n|\n|upkeep\n|turn|5\n|\n|t:|1732983273\n|switch|p1a: Lanturn|Lanturn, L89, M|367/367\n|move|p2a: Charizard|Earthquake|p1a: Lanturn\n|-supereffective|p1a: Lanturn\n|-damage|p1a: Lanturn|203/367\n|\n|upkeep\n|turn|6\n|\n|t:|1732983284\n|switch|p2a: Regice|Regice, L88|284/284 par\n|move|p1a: Lanturn|Volt Switch|p2a: Regice\n|-damage|p2a: Regice|251/284 par\n|\n|t:|1732983290\n|switch|p1a: Okidogi|Okidogi, L77, M|200/262|[from] Volt Switch\n|\n|upkeep\n|turn|7\n|\n|t:|1732983297\n|move|p1a: Okidogi|Knock Off|p2a: Regice\n|-crit|p2a: Regice\n|-damage|p2a: Regice|165/284 par\n|-enditem|p2a: Regice|Heavy-Duty Boots|[from] move: Knock Off|[of] p1a: Okidogi\n|cant|p2a: Regice|par\n|\n|upkeep\n|turn|8\n|\n|t:|1732983305\n|switch|p2a: Charizard|Charizard, L85, M|226/271\n|move|p1a: Okidogi|Drain Punch|p2a: Charizard\n|-resisted|p2a: Charizard\n|-damage|p2a: Charizard|183/271\n|-heal|p1a: Okidogi|222/262|[from] drain|[of] p2a: Charizard\n|-status|p2a: Charizard|tox|[from] ability: Toxic Chain|[of] p1a: Okidogi\n|\n|-damage|p2a: Charizard|167/271 tox|[from] psn\n|upkeep\n|turn|9\n|\n|t:|1732983331\n|move|p2a: Charizard|Earthquake|p1a: Okidogi\n|-supereffective|p1a: Okidogi\n|-damage|p1a: Okidogi|100/262\n|move|p1a: Okidogi|Psychic Fangs|p2a: Charizard\n|-damage|p2a: Charizard|103/271 tox\n|\n|-damage|p2a: Charizard|71/271 tox|[from] psn\n|upkeep\n|turn|10\n|\n|t:|1732983341\n|move|p2a: Charizard|Hurricane|p1a: Okidogi|[miss]\n|-miss|p2a: Charizard|p1a: Okidogi\n|move|p1a: Okidogi|Psychic Fangs|p2a: Charizard\n|-damage|p2a: Charizard|0 fnt\n|faint|p2a: Charizard\n|\n|upkeep\n|\n|t:|1732983350\n|switch|p2a: Noivern|Noivern, L82, M|274/274\n|turn|11\n|\n|t:|1732983361\n|move|p2a: Noivern|Boomburst|p1a: Okidogi\n|-damage|p1a: Okidogi|0 fnt\n|faint|p1a: Okidogi\n|\n|upkeep\n|\n|t:|1732983367\n|switch|p1a: Lanturn|Lanturn, L89, M|203/367\n|turn|12\n|\n|t:|1732983378\n|switch|p2a: Regice|Regice, L88|165/284 par\n|move|p1a: Lanturn|Thunder Wave|p2a: Regice\n|-fail|p2a: Regice|par\n|\n|upkeep\n|turn|13\n|\n|t:|1732983390\n|move|p1a: Lanturn|Thunderbolt|p2a: Regice\n|-damage|p2a: Regice|123/284 par\n|move|p2a: Regice|Rest|p2a: Regice\n|-status|p2a: Regice|slp|[from] move: Rest\n|-heal|p2a: Regice|284/284 slp|[silent]\n|\n|upkeep\n|turn|14\n|\n|t:|1732983400\n|switch|p1a: Kommo-o|Kommo-o, L78, M|245/245\n|cant|p2a: Regice|slp\n|move|p2a: Regice|Sleep Talk|p2a: Regice\n|move|p2a: Regice|Ice Beam|p1a: Kommo-o|[from]move: Sleep Talk\n|-supereffective|p1a: Kommo-o\n|-damage|p1a: Kommo-o|27/245\n|\n|upkeep\n|turn|15\n|\n|t:|1732983415\n|move|p1a: Kommo-o|Close Combat|p2a: Regice\n|-supereffective|p2a: Regice\n|-damage|p2a: Regice|72/284 slp\n|-unboost|p1a: Kommo-o|def|1\n|-unboost|p1a: Kommo-o|spd|1\n|cant|p2a: Regice|slp\n|move|p2a: Regice|Sleep Talk|p2a: Regice\n|move|p2a: Regice|Rest||[from]move: Sleep Talk|[still]\n|-fail|p2a: Regice\n|\n|upkeep\n|turn|16\n|\n|t:|1732983429\n|move|p1a: Kommo-o|Scale Shot|p2a: Regice|[miss]\n|-miss|p1a: Kommo-o|p2a: Regice\n|-curestatus|p2a: Regice|slp|[msg]\n|move|p2a: Regice|Rest|p2a: Regice\n|-status|p2a: Regice|slp|[from] move: Rest\n|-heal|p2a: Regice|284/284 slp|[silent]\n|\n|upkeep\n|turn|17\n|\n|t:|1732983439\n|move|p1a: Kommo-o|Close Combat|p2a: Regice\n|-supereffective|p2a: Regice\n|-damage|p2a: Regice|56/284 slp\n|-unboost|p1a: Kommo-o|def|1\n|-unboost|p1a: Kommo-o|spd|1\n|cant|p2a: Regice|slp\n|move|p2a: Regice|Sleep Talk|p2a: Regice\n|move|p2a: Regice|Ice Beam|p1a: Kommo-o|[from]move: Sleep Talk\n|-supereffective|p1a: Kommo-o\n|-damage|p1a: Kommo-o|0 fnt\n|faint|p1a: Kommo-o\n|\n|upkeep\n|\n|t:|1732983457\n|switch|p1a: Amoonguss|Amoonguss, L82, F|238/238\n|turn|18\n|\n|t:|1732983464\n|move|p1a: Amoonguss|Psychic|p2a: Regice\n|-damage|p2a: Regice|0 fnt\n|faint|p2a: Regice\n|\n|upkeep\n|\n|t:|1732983476\n|switch|p2a: Chimecho|Chimecho, L94, M|293/293\n|turn|19\n|\n|t:|1732983499\n|switch|p1a: Lanturn|Lanturn, L89, M|203/367\n|move|p2a: Chimecho|Psyshock|p1a: Lanturn\n|-damage|p1a: Lanturn|73/367\n|\n|upkeep\n|turn|20\n|\n|t:|1732983510\n|move|p2a: Chimecho|Psyshock|p1a: Lanturn\n|-crit|p1a: Lanturn\n|-damage|p1a: Lanturn|0 fnt\n|faint|p1a: Lanturn\n|\n|upkeep\n|\n|t:|1732983515\n|switch|p1a: Amoonguss|Amoonguss, L82, F|238/238\n|turn|21\n|\n|t:|1732983524\n|move|p1a: Amoonguss|Dark Pulse|p2a: Chimecho\n|-supereffective|p2a: Chimecho\n|-damage|p2a: Chimecho|15/293\n|move|p2a: Chimecho|Psyshock|p1a: Amoonguss\n|-immune|p1a: Amoonguss\n|\n|-heal|p2a: Chimecho|33/293|[from] item: Leftovers\n|upkeep\n|turn|22\n|\n|t:|1732983537\n|switch|p2a: Copperajah|Copperajah, L86, F|350/350\n|move|p1a: Amoonguss|Dark Pulse|p2a: Copperajah\n|-damage|p2a: Copperajah|176/350\n|\n|upkeep\n|turn|23\n|\n|t:|1732983548\n|move|p1a: Amoonguss|Dark Pulse|p2a: Copperajah\n|-damage|p2a: Copperajah|13/350\n|move|p2a: Copperajah|Heavy Slam|p1a: Amoonguss\n|-damage|p1a: Amoonguss|0 fnt\n|replace|p1a: Zoroark|Zoroark, L84, M\n|-end|p1a: Zoroark|Illusion\n|-hint|Illusion Level Mod is active, so this Pok\u00e9mon's true level was hidden.\n|faint|p1a: Zoroark\n|\n|upkeep\n|\n|t:|1732983558\n|switch|p1a: Milotic|Milotic, L83, F|293/293\n|turn|24\n|\n|t:|1732983565\n|move|p1a: Milotic|Ice Beam|p2a: Copperajah\n|-resisted|p2a: Copperajah\n|-damage|p2a: Copperajah|0 fnt\n|faint|p2a: Copperajah\n|\n|upkeep\n|\n|t:|1732983579\n|switch|p2a: Chimecho|Chimecho, L94, M|33/293\n|turn|25\n|\n|t:|1732983593\n|move|p1a: Milotic|Ice Beam|p2a: Chimecho\n|-damage|p2a: Chimecho|0 fnt\n|faint|p2a: Chimecho\n|\n|upkeep\n|\n|t:|1732983610\n|switch|p2a: Noivern|Noivern, L82, M|274/274\n|turn|26\n|\n|t:|1732983614\n|-terastallize|p2a: Noivern|Normal\n|move|p2a: Noivern|Boomburst|p1a: Milotic\n|-damage|p1a: Milotic|130/293\n|move|p1a: Milotic|Ice Beam|p2a: Noivern\n|-damage|p2a: Noivern|200/274\n|\n|-heal|p1a: Milotic|148/293|[from] item: Leftovers\n|upkeep\n|turn|27\n|\n|t:|1732983626\n|move|p2a: Noivern|Boomburst|p1a: Milotic\n|-damage|p1a: Milotic|0 fnt\n|faint|p1a: Milotic\n|\n|upkeep\n|\n|t:|1732983631\n|switch|p1a: Amoonguss|Amoonguss, L82, F|321/321\n|turn|28\n|\n|t:|1732983635\n|switch|p2a: Stonjourner|Stonjourner, L91, F|330/330\n|move|p1a: Amoonguss|Spore|p2a: Stonjourner\n|-status|p2a: Stonjourner|slp|[from] move: Spore\n|\n|upkeep\n|turn|29\n|\n|t:|1732983642\n|switch|p2a: Noivern|Noivern, L82, M, tera:Normal|200/274\n|move|p1a: Amoonguss|Giga Drain|p2a: Noivern\n|-damage|p2a: Noivern|121/274\n|\n|upkeep\n|turn|30\n|\n|t:|1732983651\n|-terastallize|p1a: Amoonguss|Water\n|move|p2a: Noivern|Boomburst|p1a: Amoonguss\n|-damage|p1a: Amoonguss|102/321\n|move|p1a: Amoonguss|Spore|p2a: Noivern\n|-message|Sleep Clause Mod activated.\n|-hint|Sleep Clause Mod prevents players from putting more than one of their opponent's Pok\u00e9mon to sleep at a time\n|\n|-heal|p1a: Amoonguss|122/321|[from] item: Leftovers\n|upkeep\n|turn|31\n|\n|t:|1732983662\n|move|p2a: Noivern|Boomburst|p1a: Amoonguss\n|-damage|p1a: Amoonguss|0 fnt\n|faint|p1a: Amoonguss\n|\n|win|soyjett\n|raw|Dr.Coconut69's rating: 1469 &rarr; <strong>1449</strong><br />(-20 for losing)\n|raw|soyjett's rating: 1475 &rarr; <strong>1495</strong><br />(+20 for winning)\n|l|\u2606Dr.Coconut69\n|player|p1|\n", "inputlog": ">version b107d77f5c90bd6555267ae244a6264823309ead\n>start {\"formatid\":\"gen9randombattle\",\"seed\":[27765,46702,25363,23145],\"rated\":\"Rated battle\"}\n>player p1 {\"name\":\"Dr.Coconut69\",\"avatar\":\"266\",\"rating\":1469,\"seed\":[20004,24920,48,54021]}\n>player p2 {\"name\":\"soyjett\",\"avatar\":\"benga\",\"rating\":1475,\"seed\":[16991,49765,49240,56862]}\n>p1 switch 5\n>p2 move hurricane\n>p1 move thunderwave\n>p2 switch 5\n>p1 switch 3\n>p2 move icebeam\n>p1 move drainpunch\n>p2 switch 2\n>p1 switch 3\n>p2 move earthquake\n>p1 move voltswitch\n>p2 switch 2\n>p1 switch 3\n>p1 move knockoff\n>p2 move thunderbolt\n>p1 move drainpunch\n>p2 switch 2\n>p1 move psychicfangs\n>p2 move earthquake\n>p1 move psychicfangs\n>p2 move hurricane\n>p2 switch 5\n>p1 move knockoff\n>p2 move boomburst\n>p1 switch 3\n>p1 move thunderwave\n>p2 switch 2\n>p1 move thunderbolt\n>p2 move rest\n>p1 switch 5\n>p2 move sleeptalk\n>p1 move closecombat\n>p2 move sleeptalk\n>p1 move scaleshot\n>p2 move rest\n>p1 move closecombat\n>p2 move sleeptalk\n>p1 switch 4\n>p1 move psychic\n>p2 move sleeptalk\n>p2 switch 4\n>p1 switch 5\n>p2 move psyshock\n>p1 move thunderwave\n>p2 move psyshock\n>p1 switch 5\n>p1 move darkpulse\n>p2 move psyshock\n>p1 move darkpulse\n>p2 switch 3\n>p1 move darkpulse\n>p2 move heavyslam\n>p1 switch 2\n>p1 move icebeam\n>p2 move heavyslam\n>p2 switch 3\n>p1 move icebeam\n>p2 move recover\n>p2 switch 2\n>p1 move icebeam\n>p2 move boomburst terastallize\n>p1 move scald\n>p2 move boomburst\n>p1 switch 6\n>p1 move spore\n>p2 switch 6\n>p1 move gigadrain\n>p2 switch 6\n>p1 move spore terastallize\n>p2 move boomburst\n>p1 move sludgebomb\n>p2 move boomburst", "uploadtime": 1732983666, "views": 4, "formatid": "gen9randombattle", "rating": 1449, "private": 0, "password": null}