{"id": "gen9randombattle-2253842171", "format": "[Gen 9] Random Battle", "players": ["DUDEKRPK", "Pokermanzjayzuzz"], "log": "|j|\u203dDUDEKRPK\n|j|\u2606Pokermanzjayzuzz\n|t:|1732947111\n|gametype|singles\n|player|p1|DUDEKRPK|lucas|1014\n|player|p2|Pokermanzjayzuzz|266|1009\n|teamsize|p1|6\n|teamsize|p2|6\n|gen|9\n|tier|[Gen 9] Random Battle\n|rated|\n|rule|Species Clause: Limit one of each Pok\u00e9mon\n|rule|HP Percentage Mod: HP is shown in percentages\n|rule|Sleep Clause Mod: Limit one foe put to sleep\n|rule|Illusion Level Mod: Illusion disguises the Pok\u00e9mon's true level\n|\n|t:|1732947111\n|start\n|switch|p1a: Oricorio|Oricorio-Pa'u, L87, F|272/272\n|switch|p2a: Slowking|Slowking-Galar, L85, F|300/300\n|turn|1\n|\n|t:|1732947120\n|move|p1a: Oricorio|Quiver Dance|p1a: Oricorio\n|-boost|p1a: Oricorio|spa|1\n|-boost|p1a: Oricorio|spd|1\n|-boost|p1a: Oricorio|spe|1\n|move|p2a: Slowking|Toxic Spikes|p1a: Oricorio\n|-sidestart|p1: DUDEKRPK|move: Toxic Spikes\n|\n|upkeep\n|turn|2\n|inactive|Battle timer is ON: inactive players will automatically lose when time's up. (requested by DUDEKRPK)\n|\n|t:|1732947131\n|move|p1a: Oricorio|Quiver Dance|p1a: Oricorio\n|-boost|p1a: Oricorio|spa|1\n|-boost|p1a: Oricorio|spd|1\n|-boost|p1a: Oricorio|spe|1\n|move|p2a: Slowking|Toxic Spikes|p1a: Oricorio\n|-sidestart|p1: DUDEKRPK|move: Toxic Spikes\n|\n|upkeep\n|turn|3\n|\n|t:|1732947140\n|move|p1a: Oricorio|Hurricane|p2a: Slowking\n|-damage|p2a: Slowking|90/300\n|move|p2a: Slowking|Psyshock|p1a: Oricorio\n|-resisted|p1a: Oricorio\n|-damage|p1a: Oricorio|221/272\n|\n|-heal|p2a: Slowking|108/300|[from] item: Leftovers\n|upkeep\n|turn|4\n|\n|t:|1732947142\n|move|p1a: Oricorio|Hurricane|p2a: Slowking\n|-damage|p2a: Slowking|0 fnt\n|faint|p2a: Slowking\n|\n|upkeep\n|\n|t:|1732947152\n|switch|p2a: Delphox|Delphox, L84, M|263/263\n|turn|5\n|\n|t:|1732947159\n|move|p1a: Oricorio|Hurricane|p2a: Delphox|[miss]\n|-miss|p1a: Oricorio|p2a: Delphox\n|move|p2a: Delphox|Fire Blast|p1a: Oricorio\n|-damage|p1a: Oricorio|142/272\n|\n|upkeep\n|turn|6\n|\n|t:|1732947163\n|move|p1a: Oricorio|Hurricane|p2a: Delphox|[miss]\n|-miss|p1a: Oricorio|p2a: Delphox\n|move|p2a: Delphox|Fire Blast|p1a: Oricorio|[miss]\n|-miss|p2a: Delphox|p1a: Oricorio\n|\n|upkeep\n|turn|7\n|\n|t:|1732947165\n|move|p1a: Oricorio|Hurricane|p2a: Delphox\n|-damage|p2a: Delphox|46/263\n|move|p2a: Delphox|Fire Blast|p1a: Oricorio\n|-damage|p1a: Oricorio|34/272\n|\n|upkeep\n|turn|8\n|\n|t:|1732947176\n|switch|p2a: Dragalge|Dragalge, L88, F|258/258\n|move|p1a: Oricorio|Roost|p1a: Oricorio\n|-heal|p1a: Oricorio|170/272\n|-singleturn|p1a: Oricorio|move: Roost\n|\n|upkeep\n|turn|9\n|\n|t:|1732947184\n|move|p1a: Oricorio|Revelation Dance|p2a: Dragalge\n|-supereffective|p2a: Dragalge\n|-damage|p2a: Dragalge|0 fnt\n|faint|p2a: Dragalge\n|\n|upkeep\n|\n|t:|1732947187\n|switch|p2a: Whimsicott|Whimsicott, L85, M|241/241\n|turn|10\n|\n|t:|1732947192\n|move|p2a: Whimsicott|Encore|p1a: Oricorio\n|-start|p1a: Oricorio|Encore\n|move|p1a: Oricorio|Revelation Dance|p2a: Whimsicott\n|-damage|p2a: Whimsicott|33/241\n|\n|-heal|p2a: Whimsicott|48/241|[from] item: Leftovers\n|upkeep\n|turn|11\n|\n|t:|1732947198\n|move|p2a: Whimsicott|Substitute|p2a: Whimsicott\n|-fail|p2a: Whimsicott|move: Substitute|[weak]\n|move|p1a: Oricorio|Revelation Dance|p2a: Whimsicott\n|-damage|p2a: Whimsicott|0 fnt\n|faint|p2a: Whimsicott\n|\n|upkeep\n|\n|t:|1732947201\n|switch|p2a: Greedent|Greedent, L86, F|347/347\n|turn|12\n|\n|t:|1732947205\n|move|p1a: Oricorio|Revelation Dance|p2a: Greedent\n|-damage|p2a: Greedent|124/347\n|-enditem|p2a: Greedent|Sitrus Berry|[eat]\n|-heal|p2a: Greedent|210/347|[from] item: Sitrus Berry\n|-heal|p2a: Greedent|325/347|[from] ability: Cheek Pouch\n|move|p2a: Greedent|Swords Dance|p2a: Greedent\n|-boost|p2a: Greedent|atk|2\n|-activate|p1a: Oricorio|ability: Dancer\n|move|p1a: Oricorio|Swords Dance|p1a: Oricorio|[from]ability: Dancer\n|-boost|p1a: Oricorio|atk|2\n|\n|-end|p1a: Oricorio|Encore\n|upkeep\n|turn|13\n|\n|t:|1732947210\n|move|p1a: Oricorio|Hurricane|p2a: Greedent\n|-damage|p2a: Greedent|75/347\n|move|p2a: Greedent|Swords Dance|p2a: Greedent\n|-boost|p2a: Greedent|atk|2\n|-activate|p1a: Oricorio|ability: Dancer\n|move|p1a: Oricorio|Swords Dance|p1a: Oricorio|[from]ability: Dancer\n|-boost|p1a: Oricorio|atk|2\n|\n|upkeep\n|turn|14\n|\n|t:|1732947215\n|move|p1a: Oricorio|Revelation Dance|p2a: Greedent\n|-damage|p2a: Greedent|0 fnt\n|faint|p2a: Greedent\n|\n|upkeep\n|\n|t:|1732947217\n|switch|p2a: Delphox|Delphox, L84, M|46/263\n|turn|15\n|\n|t:|1732947238\n|move|p1a: Oricorio|Revelation Dance|p2a: Delphox\n|-resisted|p2a: Delphox\n|-damage|p2a: Delphox|0 fnt\n|faint|p2a: Delphox\n|\n|upkeep\n|\n|t:|1732947240\n|switch|p2a: Gurdurr|Gurdurr, L85, F|283/283\n|turn|16\n|\n|t:|1732947247\n|move|p1a: Oricorio|Hurricane|p2a: Gurdurr\n|-supereffective|p2a: Gurdurr\n|-crit|p2a: Gurdurr\n|-damage|p2a: Gurdurr|0 fnt\n|faint|p2a: Gurdurr\n|\n|win|DUDEKRPK\n|raw|DUDEKRPK's rating: 1014 &rarr; <strong>1051</strong><br />(+37 for winning)\n|raw|Pokermanzjayzuzz's rating: 1009 &rarr; <strong>1000</strong><br />(-9 for losing)\n|l|\u2606Pokermanzjayzuzz\n|player|p2|\n", "inputlog": ">version b107d77f5c90bd6555267ae244a6264823309ead\n>start {\"formatid\":\"gen9randombattle\",\"seed\":[61476,15438,82,10488],\"rated\":\"Rated battle\"}\n>player p1 {\"name\":\"DUDEKRPK\",\"avatar\":\"lucas\",\"rating\":1014,\"seed\":[12168,59616,24747,11647]}\n>player p2 {\"name\":\"Pokermanzjayzuzz\",\"avatar\":\"266\",\"rating\":1009,\"seed\":[52046,53228,45134,37854]}\n>p1 move quiverdance\n>p2 move toxicspikes\n>p1 move quiverdance\n>p2 move toxicspikes\n>p1 move hurricane\n>p2 move psyshock\n>p1 move hurricane\n>p2 move slackoff\n>p2 switch 5\n>p1 move hurricane\n>p2 move fireblast\n>p1 move hurricane\n>p2 move fireblast\n>p1 move hurricane\n>p2 move fireblast\n>p1 move roost\n>p2 switch 6\n>p1 move revelationdance\n>p2 move dracometeor\n>p2 switch 3\n>p1 move hurricane\n>p2 move encore\n>p1 move revelationdance\n>p2 move substitute\n>p2 switch 2\n>p1 move revelationdance\n>p2 move swordsdance\n>p1 move hurricane\n>p2 move swordsdance\n>p1 move revelationdance\n>p2 move bodyslam\n>p2 switch 6\n>p1 move revelationdance\n>p2 move grassknot\n>p2 switch 4\n>p1 move hurricane\n>p2 move knockoff", "uploadtime": 1732947254, "views": 3, "formatid": "gen9randombattle", "rating": 1000, "private": 0, "password": null}