{"id": "gen9randombattle-2254022356", "format": "[Gen 9] Random Battle", "players": ["voxzin098", "barrydoirt"], "log": "|j|\u2606voxzin098\n|j|\u2606barrydoirt\n|t:|1732981237\n|gametype|singles\n|player|p1|voxzin098|red|1000\n|player|p2|barrydoirt|102|1000\n|teamsize|p1|6\n|teamsize|p2|6\n|gen|9\n|tier|[Gen 9] Random Battle\n|rated|\n|rule|Species Clause: Limit one of each Pok\u00e9mon\n|rule|HP Percentage Mod: HP is shown in percentages\n|rule|Sleep Clause Mod: Limit one foe put to sleep\n|rule|Illusion Level Mod: Illusion disguises the Pok\u00e9mon's true level\n|\n|t:|1732981237\n|start\n|switch|p1a: Gogoat|Gogoat, L88, F|360/360\n|switch|p2a: Scovillain|Scovillain, L91, F|266/266\n|turn|1\n|\n|t:|1732981259\n|switch|p1a: Gliscor|Gliscor, L76, M|239/239\n|move|p2a: Scovillain|Flamethrower|p1a: Gliscor\n|-damage|p1a: Gliscor|91/239\n|\n|-status|p1a: Gliscor|tox|[from] item: Toxic Orb\n|upkeep\n|turn|2\n|\n|t:|1732981272\n|move|p2a: Scovillain|Leech Seed|p1a: Gliscor\n|-start|p1a: Gliscor|move: Leech Seed\n|move|p1a: Gliscor|Earthquake|p2a: Scovillain\n|-damage|p2a: Scovillain|166/266\n|\n|-heal|p2a: Scovillain|182/266|[from] item: Leftovers\n|-damage|p1a: Gliscor|62/239 tox|[from] Leech Seed|[of] p2a: Scovillain\n|-heal|p2a: Scovillain|211/266|[silent]\n|-heal|p1a: Gliscor|91/239 tox|[from] ability: Poison Heal\n|upkeep\n|turn|3\n|\n|t:|1732981284\n|move|p2a: Scovillain|Substitute|p2a: Scovillain\n|-start|p2a: Scovillain|Substitute\n|-damage|p2a: Scovillain|145/266\n|move|p1a: Gliscor|Toxic||[still]\n|-fail|p1a: Gliscor\n|\n|-heal|p2a: Scovillain|161/266|[from] item: Leftovers\n|-damage|p1a: Gliscor|62/239 tox|[from] Leech Seed|[of] p2a: Scovillain\n|-heal|p2a: Scovillain|190/266|[silent]\n|-heal|p1a: Gliscor|91/239 tox|[from] ability: Poison Heal\n|upkeep\n|turn|4\n|\n|t:|1732981299\n|move|p1a: Gliscor|Protect|p1a: Gliscor\n|-singleturn|p1a: Gliscor|Protect\n|move|p2a: Scovillain|Flamethrower|p1a: Gliscor\n|-activate|p1a: Gliscor|move: Protect\n|\n|-heal|p2a: Scovillain|206/266|[from] item: Leftovers\n|-damage|p1a: Gliscor|62/239 tox|[from] Leech Seed|[of] p2a: Scovillain\n|-heal|p2a: Scovillain|235/266|[silent]\n|-heal|p1a: Gliscor|91/239 tox|[from] ability: Poison Heal\n|upkeep\n|turn|5\n|\n|t:|1732981313\n|move|p2a: Scovillain|Flamethrower|p1a: Gliscor\n|-damage|p1a: Gliscor|0 fnt\n|faint|p1a: Gliscor\n|\n|-heal|p2a: Scovillain|251/266|[from] item: Leftovers\n|upkeep\n|\n|t:|1732981332\n|switch|p1a: Toucannon|Toucannon, L88, M|284/284\n|turn|6\n|inactive|Battle timer is ON: inactive players will automatically lose when time's up. (requested by barrydoirt)\n|\n|t:|1732981348\n|-singleturn|p1a: Toucannon|move: Beak Blast\n|move|p2a: Scovillain|Leech Seed|p1a: Toucannon|[miss]\n|-miss|p2a: Scovillain|p1a: Toucannon\n|move|p1a: Toucannon|Beak Blast|p2a: Scovillain\n|-supereffective|p2a: Scovillain\n|-end|p2a: Scovillain|Substitute\n|\n|-heal|p2a: Scovillain|266/266|[from] item: Leftovers\n|upkeep\n|turn|7\n|\n|t:|1732981366\n|-singleturn|p1a: Toucannon|move: Beak Blast\n|move|p2a: Scovillain|Leech Seed|p1a: Toucannon\n|-start|p1a: Toucannon|move: Leech Seed\n|move|p1a: Toucannon|Beak Blast|p2a: Scovillain\n|-supereffective|p2a: Scovillain\n|-damage|p2a: Scovillain|0 fnt\n|faint|p2a: Scovillain\n|\n|upkeep\n|\n|t:|1732981375\n|switch|p2a: Bastiodon|Bastiodon, L89, M|252/252\n|turn|8\n|\n|t:|1732981394\n|switch|p1a: Iron Thorns|Iron Thorns, L83|302/302\n|-enditem|p1a: Iron Thorns|Booster Energy\n|-activate|p1a: Iron Thorns|ability: Quark Drive|[fromitem]\n|-start|p1a: Iron Thorns|quarkdriveatk\n|move|p2a: Bastiodon|Iron Defense|p2a: Bastiodon\n|-boost|p2a: Bastiodon|def|2\n|\n|upkeep\n|turn|9\n|\n|t:|1732981408\n|move|p1a: Iron Thorns|Dragon Dance|p1a: Iron Thorns\n|-boost|p1a: Iron Thorns|atk|1\n|-boost|p1a: Iron Thorns|spe|1\n|move|p2a: Bastiodon|Foul Play|p1a: Iron Thorns\n|-damage|p1a: Iron Thorns|190/302\n|\n|upkeep\n|turn|10\n|\n|t:|1732981416\n|move|p1a: Iron Thorns|Ice Punch|p2a: Bastiodon\n|-resisted|p2a: Bastiodon\n|-damage|p2a: Bastiodon|234/252\n|move|p2a: Bastiodon|Body Press|p1a: Iron Thorns\n|-supereffective|p1a: Iron Thorns\n|-damage|p1a: Iron Thorns|0 fnt\n|faint|p1a: Iron Thorns\n|-end|p1a: Iron Thorns|Quark Drive|[silent]\n|\n|upkeep\n|\n|t:|1732981426\n|switch|p1a: Gogoat|Gogoat, L88, F|360/360\n|turn|11\n|\n|t:|1732981446\n|switch|p2a: Venomoth|Venomoth, L84, F|255/255\n|move|p1a: Gogoat|Horn Leech|p2a: Venomoth\n|-resisted|p2a: Venomoth\n|-damage|p2a: Venomoth|224/255\n|\n|upkeep\n|turn|12\n|\n|t:|1732981458\n|switch|p1a: Delphox|Delphox, L84, F|263/263\n|move|p2a: Venomoth|Quiver Dance|p2a: Venomoth\n|-boost|p2a: Venomoth|spa|1\n|-boost|p2a: Venomoth|spd|1\n|-boost|p2a: Venomoth|spe|1\n|\n|upkeep\n|turn|13\n|\n|t:|1732981469\n|move|p1a: Delphox|Fire Blast|p2a: Venomoth\n|-supereffective|p2a: Venomoth\n|-damage|p2a: Venomoth|32/255\n|move|p2a: Venomoth|Sleep Powder|p1a: Delphox\n|-status|p1a: Delphox|slp|[from] move: Sleep Powder\n|\n|upkeep\n|turn|14\n|\n|t:|1732981483\n|cant|p1a: Delphox|slp\n|move|p2a: Venomoth|Sludge Wave|p1a: Delphox\n|-damage|p1a: Delphox|136/263 slp\n|\n|upkeep\n|turn|15\n|\n|t:|1732981489\n|cant|p1a: Delphox|slp\n|move|p2a: Venomoth|Sludge Wave|p1a: Delphox\n|-damage|p1a: Delphox|12/263 slp\n|\n|upkeep\n|turn|16\n|\n|t:|1732981504\n|switch|p1a: Toucannon|Toucannon, L88, M|284/284\n|move|p2a: Venomoth|Sludge Wave|p1a: Toucannon\n|-damage|p1a: Toucannon|134/284\n|\n|upkeep\n|turn|17\n|\n|t:|1732981516\n|move|p2a: Venomoth|Sludge Wave|p1a: Toucannon\n|-damage|p1a: Toucannon|0 fnt\n|faint|p1a: Toucannon\n|\n|upkeep\n|\n|t:|1732981522\n|switch|p1a: Delphox|Delphox, L84, F|12/263 slp\n|turn|18\n|\n|t:|1732981526\n|-curestatus|p1a: Delphox|slp|[msg]\n|move|p1a: Delphox|Focus Blast|p2a: Venomoth\n|-resisted|p2a: Venomoth\n|-damage|p2a: Venomoth|14/255\n|move|p2a: Venomoth|Sludge Wave|p1a: Delphox\n|-damage|p1a: Delphox|0 fnt\n|faint|p1a: Delphox\n|\n|upkeep\n|\n|t:|1732981537\n|switch|p1a: Gogoat|Gogoat, L88, F|360/360\n|turn|19\n|inactive|voxzin098 has 120 seconds left.\n|inactive|voxzin098 has 90 seconds left.\n|inactive|voxzin098 has 60 seconds left.\n|inactive|voxzin098 has 30 seconds left.\n|c|\u2606barrydoirt|Dwg play\n|inactive|voxzin098 has 20 seconds left.\n|inactive|voxzin098 has 15 seconds left.\n|inactive|voxzin098 has 10 seconds left.\n|inactive|voxzin098 has 5 seconds left.\n|-message|voxzin098 lost due to inactivity.\n|\n|win|barrydoirt\n|raw|voxzin098's rating: 1040 &rarr; <strong>1022</strong><br />(-18 for losing)\n|raw|barrydoirt's rating: 1000 &rarr; <strong>1045</strong><br />(+45 for winning)\n", "inputlog": ">version b107d77f5c90bd6555267ae244a6264823309ead\n>start {\"formatid\":\"gen9randombattle\",\"seed\":[22979,31292,9319,50573],\"rated\":\"Rated battle\"}\n>player p1 {\"name\":\"voxzin098\",\"avatar\":\"red\",\"rating\":1000,\"seed\":[46330,11419,56101,43465]}\n>player p2 {\"name\":\"barrydoirt\",\"avatar\":\"102\",\"rating\":1000,\"seed\":[25928,40905,17807,5463]}\n>p1 switch 3\n>p2 move flamethrower\n>p1 move earthquake\n>p2 move leechseed\n>p1 move toxic\n>p2 move substitute\n>p1 move protect\n>p2 move flamethrower\n>p1 move earthquake\n>p2 move flamethrower\n>p1 switch 2\n>p1 move beakblast\n>p2 move leechseed\n>p1 move beakblast\n>p2 move leechseed\n>p2 switch 3\n>p1 switch 6\n>p2 move irondefense\n>p1 move dragondance\n>p2 move foulplay\n>p1 move icepunch\n>p2 move bodypress\n>p1 switch 3\n>p1 move hornleech\n>p2 switch 4\n>p1 switch 4\n>p2 move quiverdance\n>p1 move fireblast\n>p2 move sleeppowder\n>p1 move fireblast\n>p2 move sludgewave\n>p1 move fireblast\n>p2 move sludgewave\n>p1 switch 6\n>p2 move sludgewave\n>p1 move roost\n>p2 move sludgewave\n>p1 switch 6\n>p1 move focusblast\n>p2 move sludgewave\n>p1 switch 4\n>chat \u2606barrydoirt|Dwg play\n>forcelose p1", "uploadtime": 1732981692, "views": 3, "formatid": "gen9randombattle", "rating": 1022, "private": 0, "password": null}