{"id": "gen9randombattle-2253924396", "format": "[Gen 9] Random Battle", "players": ["ballzak35", "cbeezzy"], "log": "|j|\u2606ballzak35\n|j|\u2606cbeezzy\n|t:|1732964888\n|gametype|singles\n|player|p1|ballzak35|zinnia|1258\n|player|p2|cbeezzy|ninjaboy|1259\n|teamsize|p1|6\n|teamsize|p2|6\n|gen|9\n|tier|[Gen 9] Random Battle\n|rated|\n|rule|Species Clause: Limit one of each Pok\u00e9mon\n|rule|HP Percentage Mod: HP is shown in percentages\n|rule|Sleep Clause Mod: Limit one foe put to sleep\n|rule|Illusion Level Mod: Illusion disguises the Pok\u00e9mon's true level\n|\n|t:|1732964888\n|start\n|switch|p1a: Okidogi|Okidogi, L77, M|262/262\n|switch|p2a: Shaymin|Shaymin, L82|298/298\n|turn|1\n|\n|t:|1732964904\n|move|p2a: Shaymin|Substitute|p2a: Shaymin\n|-start|p2a: Shaymin|Substitute\n|-damage|p2a: Shaymin|224/298\n|move|p1a: Okidogi|Knock Off|p2a: Shaymin\n|-activate|p2a: Shaymin|move: Substitute|[damage]\n|\n|-heal|p2a: Shaymin|242/298|[from] item: Leftovers\n|upkeep\n|turn|2\n|\n|t:|1732964921\n|switch|p1a: Corviknight|Corviknight, L80, F|288/288\n|-ability|p1a: Corviknight|Pressure\n|move|p2a: Shaymin|Leech Seed|p1a: Corviknight\n|-start|p1a: Corviknight|move: Leech Seed\n|\n|-heal|p2a: Shaymin|260/298|[from] item: Leftovers\n|-damage|p1a: Corviknight|252/288|[from] Leech Seed|[of] p2a: Shaymin\n|-heal|p2a: Shaymin|296/298|[silent]\n|upkeep\n|turn|3\n|\n|t:|1732964944\n|move|p2a: Shaymin|Air Slash|p1a: Corviknight\n|-resisted|p1a: Corviknight\n|-damage|p1a: Corviknight|227/288\n|move|p1a: Corviknight|Defog||[still]\n|-fail|p1a: Corviknight\n|\n|-heal|p2a: Shaymin|298/298|[from] item: Leftovers\n|-damage|p1a: Corviknight|191/288|[from] Leech Seed|[of] p2a: Shaymin\n|upkeep\n|turn|4\n|\n|t:|1732964959\n|move|p2a: Shaymin|Seed Flare|p1a: Corviknight\n|-resisted|p1a: Corviknight\n|-damage|p1a: Corviknight|156/288\n|move|p1a: Corviknight|U-turn|p2a: Shaymin\n|-supereffective|p2a: Shaymin\n|-end|p2a: Shaymin|Substitute\n|\n|t:|1732964965\n|switch|p1a: Okidogi|Okidogi, L77, M|262/262|[from] U-turn\n|\n|upkeep\n|turn|5\n|\n|t:|1732964971\n|move|p2a: Shaymin|Substitute|p2a: Shaymin\n|-start|p2a: Shaymin|Substitute\n|-damage|p2a: Shaymin|224/298\n|move|p1a: Okidogi|Gunk Shot|p2a: Shaymin\n|-supereffective|p2a: Shaymin\n|-end|p2a: Shaymin|Substitute\n|\n|-heal|p2a: Shaymin|242/298|[from] item: Leftovers\n|upkeep\n|turn|6\n|c|\u2606ballzak35|my dumbass thought defog would remove seeds and subs fuck\n|\n|t:|1732965000\n|move|p2a: Shaymin|Substitute|p2a: Shaymin\n|-start|p2a: Shaymin|Substitute\n|-damage|p2a: Shaymin|168/298\n|move|p1a: Okidogi|Gunk Shot|p2a: Shaymin|[miss]\n|-miss|p1a: Okidogi|p2a: Shaymin\n|\n|-heal|p2a: Shaymin|186/298|[from] item: Leftovers\n|upkeep\n|turn|7\n|\n|t:|1732965022\n|move|p2a: Shaymin|Air Slash|p1a: Okidogi\n|-supereffective|p1a: Okidogi\n|-damage|p1a: Okidogi|182/262\n|move|p1a: Okidogi|Knock Off|p2a: Shaymin\n|-activate|p2a: Shaymin|move: Substitute|[damage]\n|\n|-heal|p2a: Shaymin|204/298|[from] item: Leftovers\n|upkeep\n|turn|8\n|\n|t:|1732965035\n|move|p2a: Shaymin|Air Slash|p1a: Okidogi\n|-supereffective|p1a: Okidogi\n|-damage|p1a: Okidogi|100/262\n|move|p1a: Okidogi|Knock Off|p2a: Shaymin\n|-end|p2a: Shaymin|Substitute\n|\n|-heal|p2a: Shaymin|222/298|[from] item: Leftovers\n|upkeep\n|turn|9\n|\n|t:|1732965045\n|move|p2a: Shaymin|Substitute|p2a: Shaymin\n|-start|p2a: Shaymin|Substitute\n|-damage|p2a: Shaymin|148/298\n|move|p1a: Okidogi|Drain Punch|p2a: Shaymin\n|-end|p2a: Shaymin|Substitute\n|-heal|p1a: Okidogi|137/262|[from] drain|[of] p2a: Shaymin\n|\n|-heal|p2a: Shaymin|166/298|[from] item: Leftovers\n|upkeep\n|turn|10\n|\n|t:|1732965085\n|move|p2a: Shaymin|Leech Seed|p1a: Okidogi\n|-start|p1a: Okidogi|move: Leech Seed\n|move|p1a: Okidogi|Drain Punch|p2a: Shaymin\n|-damage|p2a: Shaymin|84/298\n|-heal|p1a: Okidogi|178/262|[from] drain|[of] p2a: Shaymin\n|\n|-heal|p2a: Shaymin|102/298|[from] item: Leftovers\n|-damage|p1a: Okidogi|146/262|[from] Leech Seed|[of] p2a: Shaymin\n|-heal|p2a: Shaymin|134/298|[silent]\n|upkeep\n|turn|11\n|\n|t:|1732965101\n|move|p2a: Shaymin|Air Slash|p1a: Okidogi\n|-supereffective|p1a: Okidogi\n|-damage|p1a: Okidogi|70/262\n|move|p1a: Okidogi|Gunk Shot|p2a: Shaymin\n|-supereffective|p2a: Shaymin\n|-damage|p2a: Shaymin|0 fnt\n|faint|p2a: Shaymin\n|\n|upkeep\n|\n|t:|1732965113\n|switch|p2a: Poliwrath|Poliwrath, L88, F|302/302\n|turn|12\n|\n|t:|1732965130\n|switch|p1a: Corviknight|Corviknight, L80, F|156/288\n|-ability|p1a: Corviknight|Pressure\n|move|p2a: Poliwrath|Bulk Up|p2a: Poliwrath\n|-boost|p2a: Poliwrath|atk|1\n|-boost|p2a: Poliwrath|def|1\n|\n|upkeep\n|turn|13\n|\n|t:|1732965156\n|move|p2a: Poliwrath|Bulk Up|p2a: Poliwrath\n|-boost|p2a: Poliwrath|atk|1\n|-boost|p2a: Poliwrath|def|1\n|move|p1a: Corviknight|Roost|p1a: Corviknight\n|-heal|p1a: Corviknight|288/288\n|-singleturn|p1a: Corviknight|move: Roost\n|\n|upkeep\n|turn|14\n|\n|t:|1732965171\n|move|p2a: Poliwrath|Bulk Up|p2a: Poliwrath\n|-boost|p2a: Poliwrath|atk|1\n|-boost|p2a: Poliwrath|def|1\n|move|p1a: Corviknight|Brave Bird|p2a: Poliwrath\n|-supereffective|p2a: Poliwrath\n|-damage|p2a: Poliwrath|218/302\n|-damage|p1a: Corviknight|260/288|[from] Recoil\n|\n|-heal|p2a: Poliwrath|236/302|[from] item: Leftovers\n|upkeep\n|turn|15\n|\n|t:|1732965182\n|move|p2a: Poliwrath|Bulk Up|p2a: Poliwrath\n|-boost|p2a: Poliwrath|atk|1\n|-boost|p2a: Poliwrath|def|1\n|move|p1a: Corviknight|Brave Bird|p2a: Poliwrath\n|-supereffective|p2a: Poliwrath\n|-damage|p2a: Poliwrath|164/302\n|-damage|p1a: Corviknight|236/288|[from] Recoil\n|\n|-heal|p2a: Poliwrath|182/302|[from] item: Leftovers\n|upkeep\n|turn|16\n|\n|t:|1732965198\n|move|p2a: Poliwrath|Drain Punch|p1a: Corviknight\n|-damage|p1a: Corviknight|0 fnt\n|-heal|p2a: Poliwrath|300/302|[from] drain|[of] p1a: Corviknight\n|-damage|p2a: Poliwrath|250/302|[from] item: Rocky Helmet|[of] p1a: Corviknight\n|faint|p1a: Corviknight\n|\n|-heal|p2a: Poliwrath|268/302|[from] item: Leftovers\n|upkeep\n|\n|t:|1732965207\n|switch|p1a: Luxray|Luxray, L88, M|283/283\n|turn|17\n|\n|t:|1732965217\n|move|p1a: Luxray|Supercell Slam|p2a: Poliwrath\n|-supereffective|p2a: Poliwrath\n|-damage|p2a: Poliwrath|184/302\n|move|p2a: Poliwrath|Drain Punch|p1a: Luxray\n|-damage|p1a: Luxray|21/283\n|-heal|p2a: Poliwrath|302/302|[from] drain|[of] p1a: Luxray\n|\n|-status|p1a: Luxray|brn|[from] item: Flame Orb\n|upkeep\n|turn|18\n|\n|t:|1732965235\n|move|p1a: Luxray|Facade|p2a: Poliwrath\n|-crit|p2a: Poliwrath\n|-damage|p2a: Poliwrath|46/302\n|move|p2a: Poliwrath|Bulk Up|p2a: Poliwrath\n|-boost|p2a: Poliwrath|atk|1\n|-boost|p2a: Poliwrath|def|1\n|\n|-heal|p2a: Poliwrath|64/302|[from] item: Leftovers\n|-damage|p1a: Luxray|4/283 brn|[from] brn\n|upkeep\n|turn|19\n|\n|t:|1732965266\n|move|p2a: Poliwrath|Liquidation|p1a: Luxray\n|-damage|p1a: Luxray|0 fnt\n|faint|p1a: Luxray\n|\n|-heal|p2a: Poliwrath|82/302|[from] item: Leftovers\n|upkeep\n|\n|t:|1732965277\n|switch|p1a: Flygon|Flygon, L82, F|265/265\n|turn|20\n|\n|t:|1732965291\n|move|p1a: Flygon|Outrage|p2a: Poliwrath\n|-crit|p2a: Poliwrath\n|-damage|p2a: Poliwrath|0 fnt\n|faint|p2a: Poliwrath\n|\n|upkeep\n|\n|t:|1732965302\n|switch|p2a: Piloswine|Piloswine, L85, M|309/309\n|turn|21\n|\n|t:|1732965309\n|move|p1a: Flygon|Outrage|p2a: Piloswine|[from]lockedmove\n|-damage|p2a: Piloswine|228/309\n|-start|p1a: Flygon|confusion|[fatigue]\n|-enditem|p1a: Flygon|Lum Berry|[eat]\n|-end|p1a: Flygon|confusion\n|move|p2a: Piloswine|Icicle Crash|p1a: Flygon\n|-supereffective|p1a: Flygon\n|-damage|p1a: Flygon|0 fnt\n|faint|p1a: Flygon\n|\n|upkeep\n|\n|t:|1732965320\n|switch|p1a: Okidogi|Okidogi, L77, M|70/262\n|turn|22\n|\n|t:|1732965334\n|move|p1a: Okidogi|Drain Punch|p2a: Piloswine\n|-supereffective|p2a: Piloswine\n|-damage|p2a: Piloswine|118/309\n|-heal|p1a: Okidogi|125/262|[from] drain|[of] p2a: Piloswine\n|-status|p2a: Piloswine|tox|[from] ability: Toxic Chain|[of] p1a: Okidogi\n|move|p2a: Piloswine|Earthquake|p1a: Okidogi\n|-supereffective|p1a: Okidogi\n|-damage|p1a: Okidogi|0 fnt\n|faint|p1a: Okidogi\n|\n|-damage|p2a: Piloswine|99/309 tox|[from] psn\n|upkeep\n|\n|t:|1732965346\n|switch|p1a: Gallade|Gallade, L81, M|243/243\n|turn|23\n|\n|t:|1732965365\n|move|p1a: Gallade|Agility|p1a: Gallade\n|-boost|p1a: Gallade|spe|2\n|move|p2a: Piloswine|Stealth Rock|p1a: Gallade\n|-sidestart|p1: ballzak35|move: Stealth Rock\n|\n|-damage|p2a: Piloswine|61/309 tox|[from] psn\n|upkeep\n|turn|24\n|\n|t:|1732965390\n|move|p1a: Gallade|Sacred Sword|p2a: Piloswine\n|-supereffective|p2a: Piloswine\n|-damage|p2a: Piloswine|0 fnt\n|faint|p2a: Piloswine\n|-damage|p1a: Gallade|219/243|[from] item: Life Orb\n|\n|upkeep\n|\n|t:|1732965406\n|switch|p2a: Floatzel|Floatzel, L85, F|283/283\n|turn|25\n|\n|t:|1732965432\n|-terastallize|p1a: Gallade|Fighting\n|move|p1a: Gallade|Sacred Sword|p2a: Floatzel\n|-damage|p2a: Floatzel|0 fnt\n|faint|p2a: Floatzel\n|-damage|p1a: Gallade|195/243|[from] item: Life Orb\n|\n|upkeep\n|\n|t:|1732965443\n|switch|p2a: Salamence|Salamence, L77, F|273/273\n|-ability|p2a: Salamence|Intimidate|boost\n|-unboost|p1a: Gallade|atk|1\n|turn|26\n|\n|t:|1732965460\n|move|p1a: Gallade|Psycho Cut|p2a: Salamence\n|-damage|p2a: Salamence|148/273\n|-damage|p1a: Gallade|171/243|[from] item: Life Orb\n|move|p2a: Salamence|Dual Wingbeat|p1a: Gallade\n|-supereffective|p1a: Gallade\n|-damage|p1a: Gallade|51/243\n|-supereffective|p1a: Gallade\n|-damage|p1a: Gallade|0 fnt\n|faint|p1a: Gallade\n|-hitcount|p1: Gallade|2\n|\n|upkeep\n|\n|t:|1732965469\n|switch|p1a: Slaking|Slaking, L84, F|389/389\n|-damage|p1a: Slaking|341/389|[from] Stealth Rock\n|turn|27\n|\n|t:|1732965491\n|move|p1a: Slaking|Giga Impact|p2a: Salamence\n|-damage|p2a: Salamence|0 fnt\n|-mustrecharge|p1a: Slaking\n|faint|p2a: Salamence\n|\n|upkeep\n|\n|t:|1732965503\n|switch|p2a: Orthworm|Orthworm, L88, F|266/266\n|turn|28\n|-message|ballzak35 forfeited.\n|\n|win|cbeezzy\n", "inputlog": ">version b107d77f5c90bd6555267ae244a6264823309ead\n>start {\"formatid\":\"gen9randombattle\",\"seed\":[48960,24418,23785,39570],\"rated\":\"Rated battle\"}\n>player p1 {\"name\":\"ballzak35\",\"avatar\":\"zinnia\",\"rating\":1258,\"seed\":[57065,35960,36586,25515]}\n>player p2 {\"name\":\"cbeezzy\",\"avatar\":\"ninjaboy\",\"rating\":1259,\"seed\":[8695,25750,2560,24112]}\n>p1 move knockoff\n>p2 move substitute\n>p1 switch 4\n>p2 move leechseed\n>p1 move defog\n>p2 move airslash\n>p1 move uturn\n>p2 move seedflare\n>p1 switch 4\n>p1 move gunkshot\n>p2 move substitute\n>chat \u2606ballzak35|my dumbass thought defog would remove seeds and subs fuck\n>p1 move gunkshot\n>p2 move substitute\n>p1 move knockoff\n>p2 move airslash\n>p1 move knockoff\n>p2 move airslash\n>p1 move drainpunch\n>p2 move substitute\n>p1 move drainpunch\n>p2 move leechseed\n>p1 move gunkshot\n>p2 move airslash\n>p2 switch 5\n>p1 switch 4\n>p2 move bulkup\n>p1 move roost\n>p2 move bulkup\n>p1 move bravebird\n>p2 move bulkup\n>p1 move bravebird\n>p2 move bulkup\n>p1 move bravebird\n>p2 move drainpunch\n>p1 switch 5\n>p1 move supercellslam\n>p2 move drainpunch\n>p1 move facade\n>p2 move bulkup\n>p1 move facade\n>p2 move liquidation\n>p1 switch 3\n>p1 move outrage\n>p2 move drainpunch\n>p2 switch 3\n>p1 move outrage\n>p2 move iciclecrash\n>p1 switch 4\n>p1 move drainpunch\n>p2 move earthquake\n>p1 switch 2\n>p1 move agility\n>p2 move stealthrock\n>p1 move sacredsword\n>p2 move earthquake\n>p2 switch 6\n>p1 move sacredsword terastallize\n>p2 move bulkup\n>p2 switch 2\n>p1 move psychocut\n>p2 move dualwingbeat\n>p1 switch 6\n>p1 move gigaimpact\n>p2 move roost\n>p2 switch 4\n>forcelose p1", "uploadtime": 1732964999, "views": 1, "formatid": "gen9randombattle", "rating": null, "private": 0, "password": null}