{"id": "gen9randombattle-2253892174", "format": "[Gen 9] Random Battle", "players": ["Harryboy92", "Picchiamper"], "log": "|j|\u2606Harryboy92\n|j|\u2606Picchiamper\n|t:|1732957786\n|gametype|singles\n|player|p1|Harryboy92|170|1406\n|player|p2|Picchiamper|silver|1460\n|teamsize|p1|6\n|teamsize|p2|6\n|gen|9\n|tier|[Gen 9] Random Battle\n|rated|\n|rule|Species Clause: Limit one of each Pok\u00e9mon\n|rule|HP Percentage Mod: HP is shown in percentages\n|rule|Sleep Clause Mod: Limit one foe put to sleep\n|rule|Illusion Level Mod: Illusion disguises the Pok\u00e9mon's true level\n|\n|t:|1732957786\n|start\n|switch|p1a: Baxcalibur|Baxcalibur, L75, F|296/296\n|switch|p2a: Iron Leaves|Iron Leaves, L80|275/275\n|turn|1\n|inactive|Battle timer is ON: inactive players will automatically lose when time's up. (requested by Picchiamper)\n|\n|t:|1732957796\n|move|p2a: Iron Leaves|Close Combat|p1a: Baxcalibur\n|-supereffective|p1a: Baxcalibur\n|-damage|p1a: Baxcalibur|0 fnt\n|-unboost|p2a: Iron Leaves|def|1\n|-unboost|p2a: Iron Leaves|spd|1\n|faint|p1a: Baxcalibur\n|\n|upkeep\n|\n|t:|1732957805\n|switch|p1a: Qwilfish|Qwilfish-Hisui, L83, M|244/244\n|-ability|p1a: Qwilfish|Intimidate|boost\n|-unboost|p2a: Iron Leaves|atk|1\n|turn|2\n|\n|t:|1732957814\n|-end|p2a: Iron Leaves|Quark Drive|[silent]\n|switch|p2a: Dachsbun|Dachsbun, L92, F|254/254\n|move|p1a: Qwilfish|Spikes|p2a: Dachsbun\n|-sidestart|p2: Picchiamper|Spikes\n|\n|upkeep\n|turn|3\n|\n|t:|1732957821\n|move|p2a: Dachsbun|Wish|p2a: Dachsbun\n|move|p1a: Qwilfish|Gunk Shot|p2a: Dachsbun|[miss]\n|-miss|p1a: Qwilfish|p2a: Dachsbun\n|\n|upkeep\n|turn|4\n|\n|t:|1732957831\n|move|p2a: Dachsbun|Stomping Tantrum|p1a: Qwilfish\n|-supereffective|p1a: Qwilfish\n|-crit|p1a: Qwilfish\n|-damage|p1a: Qwilfish|132/244\n|move|p1a: Qwilfish|Gunk Shot|p2a: Dachsbun\n|-supereffective|p2a: Dachsbun\n|-damage|p2a: Dachsbun|80/254\n|\n|-heal|p2a: Dachsbun|207/254|[from] move: Wish|[wisher] Dachsbun\n|-heal|p2a: Dachsbun|222/254|[from] item: Leftovers\n|upkeep\n|turn|5\n|\n|t:|1732957843\n|move|p2a: Dachsbun|Wish|p2a: Dachsbun\n|move|p1a: Qwilfish|Gunk Shot|p2a: Dachsbun\n|-supereffective|p2a: Dachsbun\n|-damage|p2a: Dachsbun|30/254\n|\n|-heal|p2a: Dachsbun|45/254|[from] item: Leftovers\n|upkeep\n|turn|6\n|\n|t:|1732957851\n|move|p2a: Dachsbun|Protect|p2a: Dachsbun\n|-singleturn|p2a: Dachsbun|Protect\n|move|p1a: Qwilfish|Taunt|p2a: Dachsbun\n|-activate|p2a: Dachsbun|move: Protect\n|\n|-heal|p2a: Dachsbun|172/254|[from] move: Wish|[wisher] Dachsbun\n|-heal|p2a: Dachsbun|187/254|[from] item: Leftovers\n|upkeep\n|turn|7\n|\n|t:|1732957861\n|move|p2a: Dachsbun|Stomping Tantrum|p1a: Qwilfish\n|-supereffective|p1a: Qwilfish\n|-damage|p1a: Qwilfish|56/244\n|move|p1a: Qwilfish|Taunt|p2a: Dachsbun\n|-start|p2a: Dachsbun|move: Taunt\n|\n|-heal|p2a: Dachsbun|202/254|[from] item: Leftovers\n|upkeep\n|turn|8\n|\n|t:|1732957879\n|switch|p1a: Dodrio|Dodrio, L86, M|243/243\n|move|p2a: Dachsbun|Stomping Tantrum|p1a: Dodrio\n|-immune|p1a: Dodrio\n|\n|-heal|p2a: Dachsbun|217/254|[from] item: Leftovers\n|upkeep\n|turn|9\n|\n|t:|1732957893\n|move|p1a: Dodrio|Swords Dance|p1a: Dodrio\n|-boost|p1a: Dodrio|atk|2\n|move|p2a: Dachsbun|Play Rough|p1a: Dodrio\n|-damage|p1a: Dodrio|138/243\n|\n|-heal|p2a: Dachsbun|232/254|[from] item: Leftovers\n|upkeep\n|turn|10\n|\n|t:|1732957909\n|switch|p2a: Salamence|Salamence, L77, M|273/273\n|-ability|p2a: Salamence|Intimidate|boost\n|-unboost|p1a: Dodrio|atk|1\n|move|p1a: Dodrio|Swords Dance|p1a: Dodrio\n|-boost|p1a: Dodrio|atk|2\n|\n|upkeep\n|turn|11\n|\n|t:|1732957923\n|move|p1a: Dodrio|Brave Bird|p2a: Salamence\n|-damage|p2a: Salamence|0 fnt\n|faint|p2a: Salamence\n|-damage|p1a: Dodrio|48/243|[from] Recoil\n|\n|upkeep\n|\n|t:|1732957928\n|switch|p2a: Crawdaunt|Crawdaunt, L84, F|243/243\n|-damage|p2a: Crawdaunt|213/243|[from] Spikes\n|turn|12\n|\n|t:|1732957936\n|move|p2a: Crawdaunt|Aqua Jet|p1a: Dodrio\n|-damage|p1a: Dodrio|0 fnt\n|faint|p1a: Dodrio\n|\n|upkeep\n|\n|t:|1732957960\n|switch|p1a: Lilligant|Lilligant-Hisui, L79, F|240/240\n|turn|13\n|\n|t:|1732957968\n|switch|p2a: Iron Leaves|Iron Leaves, L80|275/275\n|-damage|p2a: Iron Leaves|241/275|[from] Spikes\n|move|p1a: Lilligant|Victory Dance|p1a: Lilligant\n|-boost|p1a: Lilligant|atk|1\n|-boost|p1a: Lilligant|def|1\n|-boost|p1a: Lilligant|spe|1\n|\n|upkeep\n|turn|14\n|inactive|Harryboy92 has 120 seconds left.\n|\n|t:|1732957993\n|switch|p1a: Qwilfish|Qwilfish-Hisui, L83, M|56/244\n|-ability|p1a: Qwilfish|Intimidate|boost\n|-unboost|p2a: Iron Leaves|atk|1\n|move|p2a: Iron Leaves|Psyblade|p1a: Qwilfish\n|-immune|p1a: Qwilfish\n|\n|upkeep\n|turn|15\n|inactive|Harryboy92 has 120 seconds left.\n|\n|t:|1732958012\n|-end|p2a: Iron Leaves|Quark Drive|[silent]\n|switch|p2a: Dachsbun|Dachsbun, L92, F|232/254\n|-damage|p2a: Dachsbun|201/254|[from] Spikes\n|move|p1a: Qwilfish|Gunk Shot|p2a: Dachsbun\n|-supereffective|p2a: Dachsbun\n|-crit|p2a: Dachsbun\n|-damage|p2a: Dachsbun|0 fnt\n|faint|p2a: Dachsbun\n|\n|upkeep\n|\n|t:|1732958015\n|switch|p2a: Crawdaunt|Crawdaunt, L84, F|213/243\n|-damage|p2a: Crawdaunt|183/243|[from] Spikes\n|turn|16\n|inactive|Harryboy92 has 120 seconds left.\n|\n|t:|1732958032\n|switch|p1a: Lilligant|Lilligant-Hisui, L79, F|240/240\n|move|p2a: Crawdaunt|Aqua Jet|p1a: Lilligant\n|-resisted|p1a: Lilligant\n|-damage|p1a: Lilligant|183/240\n|\n|upkeep\n|turn|17\n|inactive|Harryboy92 has 120 seconds left.\n|\n|t:|1732958042\n|switch|p2a: Iron Leaves|Iron Leaves, L80|241/275\n|-damage|p2a: Iron Leaves|207/275|[from] Spikes\n|move|p1a: Lilligant|Sleep Powder|p2a: Iron Leaves\n|-immune|p2a: Iron Leaves\n|\n|upkeep\n|turn|18\n|inactive|Harryboy92 has 120 seconds left.\n|\n|t:|1732958062\n|switch|p1a: Qwilfish|Qwilfish-Hisui, L83, M|56/244\n|-ability|p1a: Qwilfish|Intimidate|boost\n|-unboost|p2a: Iron Leaves|atk|1\n|move|p2a: Iron Leaves|Close Combat|p1a: Qwilfish\n|-damage|p1a: Qwilfish|0 fnt\n|-unboost|p2a: Iron Leaves|def|1\n|-unboost|p2a: Iron Leaves|spd|1\n|faint|p1a: Qwilfish\n|\n|upkeep\n|inactive|Harryboy92 has 90 seconds left.\n|\n|t:|1732958083\n|switch|p1a: Darkrai|Darkrai, L77|234/234\n|turn|19\n|\n|t:|1732958087\n|move|p1a: Darkrai|Hypnosis|p2a: Iron Leaves|[miss]\n|-miss|p1a: Darkrai|p2a: Iron Leaves\n|move|p2a: Iron Leaves|Close Combat|p1a: Darkrai\n|-supereffective|p1a: Darkrai\n|-damage|p1a: Darkrai|30/234\n|-unboost|p2a: Iron Leaves|def|1\n|-unboost|p2a: Iron Leaves|spd|1\n|\n|upkeep\n|turn|20\n|\n|t:|1732958098\n|move|p1a: Darkrai|Hypnosis|p2a: Iron Leaves\n|-status|p2a: Iron Leaves|slp|[from] move: Hypnosis\n|cant|p2a: Iron Leaves|slp\n|\n|-damage|p2a: Iron Leaves|173/275 slp|[from] ability: Bad Dreams|[of] p1a: Darkrai\n|upkeep\n|turn|21\n|\n|t:|1732958108\n|-end|p2a: Iron Leaves|Quark Drive|[silent]\n|switch|p2a: Crawdaunt|Crawdaunt, L84, F|183/243\n|-damage|p2a: Crawdaunt|153/243|[from] Spikes\n|move|p1a: Darkrai|Nasty Plot|p1a: Darkrai\n|-boost|p1a: Darkrai|spa|2\n|\n|upkeep\n|turn|22\n|\n|t:|1732958119\n|move|p2a: Crawdaunt|Aqua Jet|p1a: Darkrai\n|-damage|p1a: Darkrai|0 fnt\n|faint|p1a: Darkrai\n|\n|upkeep\n|\n|t:|1732958130\n|switch|p1a: Lilligant|Lilligant-Hisui, L79, F|183/240\n|turn|23\n|\n|t:|1732958139\n|move|p2a: Crawdaunt|Aqua Jet|p1a: Lilligant\n|-resisted|p1a: Lilligant\n|-damage|p1a: Lilligant|119/240\n|move|p1a: Lilligant|Leaf Blade|p2a: Crawdaunt\n|-supereffective|p2a: Crawdaunt\n|-crit|p2a: Crawdaunt\n|-damage|p2a: Crawdaunt|0 fnt\n|faint|p2a: Crawdaunt\n|-damage|p1a: Lilligant|95/240|[from] item: Life Orb\n|\n|upkeep\n|\n|t:|1732958145\n|switch|p2a: Walking Wake|Walking Wake, L79|286/286\n|-damage|p2a: Walking Wake|251/286|[from] Spikes\n|turn|24\n|\n|t:|1732958154\n|move|p2a: Walking Wake|Flamethrower|p1a: Lilligant\n|-supereffective|p1a: Lilligant\n|-damage|p1a: Lilligant|0 fnt\n|faint|p1a: Lilligant\n|\n|upkeep\n|\n|t:|1732958167\n|switch|p1a: Mimikyu|Mimikyu, L79, M|216/216\n|turn|25\n|\n|t:|1732958174\n|move|p2a: Walking Wake|Flamethrower|p1a: Mimikyu\n|-activate|p1a: Mimikyu|ability: Disguise\n|-damage|p1a: Mimikyu|216/216\n|detailschange|p1a: Mimikyu|Mimikyu-Busted, L79, M\n|-damage|p1a: Mimikyu|189/216|[from] pokemon: Mimikyu-Busted\n|move|p1a: Mimikyu|Swords Dance|p1a: Mimikyu\n|-boost|p1a: Mimikyu|atk|2\n|\n|upkeep\n|turn|26\n|inactive|Harryboy92 has 120 seconds left.\n|\n|t:|1732958183\n|-terastallize|p2a: Walking Wake|Fire\n|move|p2a: Walking Wake|Flamethrower|p1a: Mimikyu\n|-damage|p1a: Mimikyu|39/216\n|move|p1a: Mimikyu|Play Rough|p2a: Walking Wake\n|-resisted|p2a: Walking Wake\n|-damage|p2a: Walking Wake|150/286\n|-damage|p1a: Mimikyu|18/216|[from] item: Life Orb\n|\n|upkeep\n|turn|27\n|inactive|Harryboy92 has 120 seconds left.\n|\n|t:|1732958195\n|move|p2a: Walking Wake|Flamethrower|p1a: Mimikyu\n|-damage|p1a: Mimikyu|0 fnt\n|faint|p1a: Mimikyu\n|\n|win|Picchiamper\n|raw|Harryboy92's rating: 1406 &rarr; <strong>1389</strong><br />(-17 for losing)\n|raw|Picchiamper's rating: 1460 &rarr; <strong>1477</strong><br />(+17 for winning)\n|c|\u2606Picchiamper|Gg\n", "inputlog": ">version b107d77f5c90bd6555267ae244a6264823309ead\n>start {\"formatid\":\"gen9randombattle\",\"seed\":[34274,33985,41562,55131],\"rated\":\"Rated battle\"}\n>player p1 {\"name\":\"Harryboy92\",\"avatar\":\"170\",\"rating\":1406,\"seed\":[13299,59352,13301,27926]}\n>player p2 {\"name\":\"Picchiamper\",\"avatar\":\"silver\",\"rating\":1460,\"seed\":[17773,1257,37080,6964]}\n>p1 move dragondance\n>p2 move closecombat\n>p1 switch 2\n>p1 move spikes\n>p2 switch 5\n>p1 move gunkshot\n>p2 move wish\n>p1 move gunkshot\n>p2 move stompingtantrum\n>p1 move gunkshot\n>p2 move wish\n>p1 move taunt\n>p2 move protect\n>p1 move taunt\n>p2 move stompingtantrum\n>p1 switch 6\n>p2 move stompingtantrum\n>p1 move swordsdance\n>p2 move playrough\n>p1 move swordsdance\n>p2 switch 3\n>p1 move bravebird\n>p2 move outrage\n>p2 switch 4\n>p1 move doubleedge\n>p2 move aquajet\n>p1 switch 3\n>p1 move victorydance\n>p2 switch 5\n>p1 switch 6\n>p2 move psyblade\n>p1 move gunkshot\n>p2 switch 3\n>p2 switch 5\n>p1 switch 6\n>p2 move aquajet\n>p1 move sleeppowder\n>p2 switch 3\n>p1 switch 6\n>p2 move closecombat\n>p1 switch 4\n>p1 move hypnosis\n>p2 move closecombat\n>p1 move hypnosis\n>p2 move closecombat\n>p1 move nastyplot\n>p2 switch 3\n>p1 move darkpulse\n>p2 move aquajet\n>p1 switch 6\n>p1 move leafblade\n>p2 move aquajet\n>p2 switch 6\n>p1 move leafblade\n>p2 move flamethrower\n>p1 switch 5\n>p1 move swordsdance\n>p2 move flamethrower\n>p1 move playrough\n>p2 move flamethrower terastallize\n>p1 move drainpunch\n>p2 move flamethrower", "uploadtime": 1732958204, "views": 2, "formatid": "gen9randombattle", "rating": 1389, "private": 0, "password": null}