{"id": "gen9randombattle-2254015636", "format": "[Gen 9] Random Battle", "players": ["MarcosDiktador", "conofrito"], "log": "|j|\u2606MarcosDiktador\n|j|\u2606conofrito\n|t:|1732980323\n|gametype|singles\n|player|p1|MarcosDiktador|hiker-gen4|1028\n|player|p2|conofrito|1|1041\n|teamsize|p1|6\n|teamsize|p2|6\n|gen|9\n|tier|[Gen 9] Random Battle\n|rated|\n|rule|Species Clause: Limit one of each Pok\u00e9mon\n|rule|HP Percentage Mod: HP is shown in percentages\n|rule|Sleep Clause Mod: Limit one foe put to sleep\n|rule|Illusion Level Mod: Illusion disguises the Pok\u00e9mon's true level\n|\n|t:|1732980323\n|start\n|switch|p1a: Sandaconda|Sandaconda, L84, M|258/258\n|switch|p2a: Flamigo|Flamigo, L82, F|269/269\n|turn|1\n|\n|t:|1732980337\n|move|p2a: Flamigo|Swords Dance|p2a: Flamigo\n|-boost|p2a: Flamigo|atk|2\n|move|p1a: Sandaconda|Coil|p1a: Sandaconda\n|-boost|p1a: Sandaconda|atk|1\n|-boost|p1a: Sandaconda|def|1\n|-boost|p1a: Sandaconda|accuracy|1\n|\n|upkeep\n|turn|2\n|\n|t:|1732980345\n|move|p2a: Flamigo|Throat Chop|p1a: Sandaconda\n|-damage|p1a: Sandaconda|177/258\n|-start|p1a: Sandaconda|Throat Chop|[silent]\n|-damage|p2a: Flamigo|243/269|[from] item: Life Orb\n|move|p1a: Sandaconda|Glare|p2a: Flamigo\n|-status|p2a: Flamigo|par\n|\n|-heal|p1a: Sandaconda|193/258|[from] item: Leftovers\n|upkeep\n|turn|3\n|\n|t:|1732980367\n|move|p1a: Sandaconda|Stone Edge|p2a: Flamigo\n|-crit|p2a: Flamigo\n|-damage|p2a: Flamigo|53/269 par\n|move|p2a: Flamigo|Close Combat|p1a: Sandaconda\n|-damage|p1a: Sandaconda|20/258\n|-unboost|p2a: Flamigo|def|1\n|-unboost|p2a: Flamigo|spd|1\n|-damage|p2a: Flamigo|27/269 par|[from] item: Life Orb\n|\n|-heal|p1a: Sandaconda|36/258|[from] item: Leftovers\n|-end|p1a: Sandaconda|Throat Chop|[silent]\n|upkeep\n|turn|4\n|\n|t:|1732980385\n|move|p1a: Sandaconda|Stone Edge|p2a: Flamigo\n|-crit|p2a: Flamigo\n|-damage|p2a: Flamigo|0 fnt\n|faint|p2a: Flamigo\n|\n|-heal|p1a: Sandaconda|52/258|[from] item: Leftovers\n|upkeep\n|\n|t:|1732980401\n|switch|p2a: Iron Moth|Iron Moth, L78|253/253\n|turn|5\n|\n|t:|1732980410\n|move|p2a: Iron Moth|Energy Ball|p1a: Sandaconda\n|-supereffective|p1a: Sandaconda\n|-damage|p1a: Sandaconda|0 fnt\n|faint|p1a: Sandaconda\n|\n|upkeep\n|\n|t:|1732980422\n|switch|p1a: Chi-Yu|Chi-Yu, L77|211/211\n|-ability|p1a: Chi-Yu|Beads of Ruin\n|turn|6\n|\n|t:|1732980432\n|move|p2a: Iron Moth|Toxic Spikes|p1a: Chi-Yu\n|-sidestart|p1: MarcosDiktador|move: Toxic Spikes\n|move|p1a: Chi-Yu|Nasty Plot|p1a: Chi-Yu\n|-boost|p1a: Chi-Yu|spa|2\n|\n|upkeep\n|turn|7\n|\n|t:|1732980454\n|-end|p2a: Iron Moth|Quark Drive|[silent]\n|switch|p2a: Manaphy|Manaphy, L78|284/284\n|move|p1a: Chi-Yu|Dark Pulse|p2a: Manaphy\n|-damage|p2a: Manaphy|50/284\n|\n|-heal|p2a: Manaphy|67/284|[from] item: Leftovers\n|upkeep\n|turn|8\n|\n|t:|1732980470\n|move|p2a: Manaphy|Hydro Pump|p1a: Chi-Yu\n|-supereffective|p1a: Chi-Yu\n|-damage|p1a: Chi-Yu|35/211\n|move|p1a: Chi-Yu|Dark Pulse|p2a: Manaphy\n|-damage|p2a: Manaphy|0 fnt\n|faint|p2a: Manaphy\n|\n|upkeep\n|\n|t:|1732980485\n|switch|p2a: Luvdisc|Luvdisc, F|247/247\n|turn|9\n|\n|t:|1732980496\n|move|p2a: Luvdisc|Surf|p1a: Chi-Yu\n|-supereffective|p1a: Chi-Yu\n|-damage|p1a: Chi-Yu|0 fnt\n|faint|p1a: Chi-Yu\n|\n|upkeep\n|\n|t:|1732980500\n|switch|p1a: Zarude|Zarude, L78|292/292\n|-status|p1a: Zarude|psn\n|turn|10\n|\n|t:|1732980513\n|switch|p2a: Iron Moth|Iron Moth, L78|253/253\n|move|p1a: Zarude|Knock Off|p2a: Iron Moth\n|-damage|p2a: Iron Moth|68/253\n|-enditem|p2a: Iron Moth|Heavy-Duty Boots|[from] move: Knock Off|[of] p1a: Zarude\n|-damage|p1a: Zarude|263/292 psn|[from] item: Life Orb\n|\n|-damage|p1a: Zarude|227/292 psn|[from] psn\n|upkeep\n|turn|11\n|\n|t:|1732980529\n|switch|p1a: Samurott|Samurott, L88, F|310/310\n|-status|p1a: Samurott|psn\n|move|p2a: Iron Moth|Fiery Dance|p1a: Samurott\n|-resisted|p1a: Samurott\n|-damage|p1a: Samurott|252/310 psn\n|\n|-damage|p1a: Samurott|214/310 psn|[from] psn\n|upkeep\n|turn|12\n|\n|t:|1732980541\n|move|p2a: Iron Moth|Energy Ball|p1a: Samurott\n|-supereffective|p1a: Samurott\n|-damage|p1a: Samurott|54/310 psn\n|move|p1a: Samurott|Liquidation|p2a: Iron Moth\n|-supereffective|p2a: Iron Moth\n|-damage|p2a: Iron Moth|0 fnt\n|faint|p2a: Iron Moth\n|-end|p2a: Iron Moth|Quark Drive|[silent]\n|-damage|p1a: Samurott|23/310 psn|[from] item: Life Orb\n|\n|-damage|p1a: Samurott|0 fnt|[from] psn\n|faint|p1a: Samurott\n|upkeep\n|\n|t:|1732980562\n|switch|p2a: Mew|Mew, L82|298/298\n|switch|p1a: Iron Bundle|Iron Bundle, L77|213/213\n|-status|p1a: Iron Bundle|psn\n|turn|13\n|\n|t:|1732980583\n|move|p1a: Iron Bundle|Substitute|p1a: Iron Bundle\n|-start|p1a: Iron Bundle|Substitute\n|-damage|p1a: Iron Bundle|160/213 psn\n|move|p2a: Mew|Swords Dance|p2a: Mew\n|-boost|p2a: Mew|atk|2\n|\n|-heal|p1a: Iron Bundle|173/213 psn|[from] item: Leftovers\n|-damage|p1a: Iron Bundle|147/213 psn|[from] psn\n|upkeep\n|turn|14\n|\n|t:|1732980598\n|move|p1a: Iron Bundle|Ice Beam|p2a: Mew\n|-damage|p2a: Mew|208/298\n|move|p2a: Mew|Psychic Fangs|p1a: Iron Bundle\n|-end|p1a: Iron Bundle|Substitute\n|-damage|p2a: Mew|179/298|[from] item: Life Orb\n|\n|-heal|p1a: Iron Bundle|160/213 psn|[from] item: Leftovers\n|-damage|p1a: Iron Bundle|134/213 psn|[from] psn\n|upkeep\n|turn|15\n|\n|t:|1732980612\n|move|p1a: Iron Bundle|Ice Beam|p2a: Mew\n|-damage|p2a: Mew|95/298\n|move|p2a: Mew|Close Combat|p1a: Iron Bundle\n|-supereffective|p1a: Iron Bundle\n|-damage|p1a: Iron Bundle|0 fnt\n|-unboost|p2a: Mew|def|1\n|-unboost|p2a: Mew|spd|1\n|faint|p1a: Iron Bundle\n|-end|p1a: Iron Bundle|Quark Drive|[silent]\n|-damage|p2a: Mew|66/298|[from] item: Life Orb\n|\n|upkeep\n|\n|t:|1732980630\n|switch|p1a: Sneasler|Sneasler, L74, F|240/240\n|-sideend|p1: MarcosDiktador|move: Toxic Spikes|[of] p1a: Sneasler\n|turn|16\n|\n|t:|1732980641\n|move|p1a: Sneasler|Dire Claw|p2a: Mew\n|-damage|p2a: Mew|0 fnt\n|faint|p2a: Mew\n|\n|upkeep\n|\n|t:|1732980658\n|switch|p2a: Illumise|Illumise, L91, F|266/266\n|turn|17\n|\n|t:|1732980664\n|move|p2a: Illumise|Thunder Wave|p1a: Sneasler\n|-status|p1a: Sneasler|par\n|cant|p1a: Sneasler|par\n|\n|upkeep\n|turn|18\n|\n|t:|1732980674\n|move|p2a: Illumise|Bug Buzz|p1a: Sneasler\n|-resisted|p1a: Sneasler\n|-damage|p1a: Sneasler|212/240 par\n|cant|p1a: Sneasler|par\n|\n|upkeep\n|turn|19\n|\n|t:|1732980684\n|move|p2a: Illumise|Encore|p1a: Sneasler\n|-start|p1a: Sneasler|Encore\n|cant|p1a: Sneasler|par\n|\n|upkeep\n|turn|20\n|\n|t:|1732980689\n|move|p2a: Illumise|Bug Buzz|p1a: Sneasler\n|-resisted|p1a: Sneasler\n|-damage|p1a: Sneasler|184/240 par\n|move|p1a: Sneasler|Dire Claw|p2a: Illumise\n|-damage|p2a: Illumise|140/266\n|-status|p2a: Illumise|psn\n|\n|-damage|p2a: Illumise|107/266 psn|[from] psn\n|upkeep\n|turn|21\n|\n|t:|1732980702\n|-terastallize|p2a: Illumise|Steel\n|move|p2a: Illumise|Bug Buzz|p1a: Sneasler\n|-resisted|p1a: Sneasler\n|-damage|p1a: Sneasler|157/240 par\n|move|p1a: Sneasler|Dire Claw|p2a: Illumise\n|-immune|p2a: Illumise\n|\n|-damage|p2a: Illumise|74/266 psn|[from] psn\n|-end|p1a: Sneasler|Encore\n|upkeep\n|turn|22\n|\n|t:|1732980733\n|switch|p1a: Zarude|Zarude, L78|227/292 psn\n|move|p2a: Illumise|Roost|p2a: Illumise\n|-heal|p2a: Illumise|207/266 psn\n|\n|-damage|p1a: Zarude|191/292 psn|[from] psn\n|-damage|p2a: Illumise|174/266 psn|[from] psn\n|upkeep\n|turn|23\n|\n|t:|1732980745\n|move|p2a: Illumise|Roost|p2a: Illumise\n|-heal|p2a: Illumise|266/266 psn\n|move|p1a: Zarude|Close Combat|p2a: Illumise\n|-supereffective|p2a: Illumise\n|-damage|p2a: Illumise|37/266 psn\n|-unboost|p1a: Zarude|def|1\n|-unboost|p1a: Zarude|spd|1\n|-damage|p1a: Zarude|162/292 psn|[from] item: Life Orb\n|\n|-damage|p1a: Zarude|126/292 psn|[from] psn\n|-damage|p2a: Illumise|4/266 psn|[from] psn\n|upkeep\n|turn|24\n|\n|t:|1732980760\n|switch|p1a: Sneasler|Sneasler, L74, F|157/240 par\n|move|p2a: Illumise|Roost|p2a: Illumise\n|-heal|p2a: Illumise|137/266 psn\n|\n|-damage|p2a: Illumise|104/266 psn|[from] psn\n|upkeep\n|turn|25\n|\n|t:|1732980771\n|move|p2a: Illumise|Roost|p2a: Illumise\n|-heal|p2a: Illumise|237/266 psn\n|cant|p1a: Sneasler|par\n|\n|-damage|p2a: Illumise|204/266 psn|[from] psn\n|upkeep\n|turn|26\n|\n|t:|1732980779\n|move|p2a: Illumise|Bug Buzz|p1a: Sneasler\n|-resisted|p1a: Sneasler\n|-damage|p1a: Sneasler|129/240 par\n|cant|p1a: Sneasler|par\n|\n|-damage|p2a: Illumise|171/266 psn|[from] psn\n|upkeep\n|turn|27\n|\n|t:|1732980786\n|move|p2a: Illumise|Bug Buzz|p1a: Sneasler\n|-resisted|p1a: Sneasler\n|-damage|p1a: Sneasler|102/240 par\n|move|p1a: Sneasler|Close Combat|p2a: Illumise\n|-supereffective|p2a: Illumise\n|-damage|p2a: Illumise|0 fnt\n|-unboost|p1a: Sneasler|def|1\n|-unboost|p1a: Sneasler|spd|1\n|faint|p2a: Illumise\n|\n|upkeep\n|\n|t:|1732980799\n|switch|p2a: Luvdisc|Luvdisc, F|247/247\n|turn|28\n|\n|t:|1732980813\n|switch|p1a: Zarude|Zarude, L78|126/292 psn\n|move|p2a: Luvdisc|Surf|p1a: Zarude\n|-resisted|p1a: Zarude\n|-damage|p1a: Zarude|91/292 psn\n|\n|-damage|p1a: Zarude|55/292 psn|[from] psn\n|upkeep\n|turn|29\n|\n|t:|1732980821\n|move|p2a: Luvdisc|Substitute|p2a: Luvdisc\n|-start|p2a: Luvdisc|Substitute\n|-damage|p2a: Luvdisc|186/247\n|move|p1a: Zarude|Knock Off|p2a: Luvdisc\n|-end|p2a: Luvdisc|Substitute\n|-damage|p1a: Zarude|26/292 psn|[from] item: Life Orb\n|\n|-damage|p1a: Zarude|0 fnt|[from] psn\n|faint|p1a: Zarude\n|upkeep\n|\n|t:|1732980824\n|switch|p1a: Sneasler|Sneasler, L74, F|102/240 par\n|turn|30\n|\n|t:|1732980837\n|move|p2a: Luvdisc|Endeavor|p1a: Sneasler\n|-immune|p1a: Sneasler\n|move|p1a: Sneasler|Dire Claw|p2a: Luvdisc\n|-damage|p2a: Luvdisc|30/247\n|-status|p2a: Luvdisc|psn\n|\n|-damage|p2a: Luvdisc|0 fnt|[from] psn\n|faint|p2a: Luvdisc\n|\n|win|MarcosDiktador\n|upkeep\n|raw|MarcosDiktador's rating: 1028 &rarr; <strong>1065</strong><br />(+37 for winning)\n|raw|conofrito's rating: 1041 &rarr; <strong>1024</strong><br />(-17 for losing)\n|l|\u2606conofrito\n|player|p2|\n", "inputlog": ">version b107d77f5c90bd6555267ae244a6264823309ead\n>start {\"formatid\":\"gen9randombattle\",\"seed\":[57808,41618,19307,64763],\"rated\":\"Rated battle\"}\n>player p1 {\"name\":\"MarcosDiktador\",\"avatar\":\"hiker-gen4\",\"rating\":1028,\"seed\":[4143,31309,14182,25432]}\n>player p2 {\"name\":\"conofrito\",\"avatar\":\"1\",\"rating\":1041,\"seed\":[47271,64432,12485,47338]}\n>p1 move coil\n>p2 move swordsdance\n>p1 move glare\n>p2 move throatchop\n>p1 move stoneedge\n>p2 move closecombat\n>p1 move stoneedge\n>p2 move bravebird\n>p2 switch 2\n>p1 move glare\n>p2 move energyball\n>p1 switch 4\n>p1 move nastyplot\n>p2 move toxicspikes\n>p1 move darkpulse\n>p2 switch 3\n>p1 move darkpulse\n>p2 move hydropump\n>p2 switch 4\n>p1 move darkpulse\n>p2 move surf\n>p1 switch 2\n>p1 move knockoff\n>p2 switch 3\n>p1 switch 6\n>p2 move fierydance\n>p1 move liquidation\n>p2 move energyball\n>p1 switch 3\n>p2 switch 5\n>p1 move substitute\n>p2 move swordsdance\n>p1 move icebeam\n>p2 move psychicfangs\n>p1 move icebeam\n>p2 move closecombat\n>p1 switch 5\n>p1 move direclaw\n>p2 move closecombat\n>p2 switch 6\n>p1 move direclaw\n>p2 move thunderwave\n>p1 move direclaw\n>p2 move bugbuzz\n>p1 move direclaw\n>p2 move encore\n>p1 move direclaw\n>p2 move bugbuzz\n>p1 move direclaw\n>p2 move bugbuzz terastallize\n>p1 switch 6\n>p2 move roost\n>p1 move closecombat\n>p2 move roost\n>p1 switch 6\n>p2 move roost\n>p1 move closecombat\n>p2 move roost\n>p1 move closecombat\n>p2 move bugbuzz\n>p1 move closecombat\n>p2 move bugbuzz\n>p2 switch 3\n>p1 switch 6\n>p2 move surf\n>p1 move knockoff\n>p2 move substitute\n>p1 switch 6\n>p1 move direclaw\n>p2 move endeavor", "uploadtime": 1732980847, "views": 2, "formatid": "gen9randombattle", "rating": 1024, "private": 0, "password": null}