{"id": "gen9randombattle-2253985767", "format": "[Gen 9] Random Battle", "players": ["declanwith1n", "ananananji"], "log": "|j|\u2606declanwith1n\n|j|\u2606ananananji\n|t:|1732975924\n|gametype|singles\n|player|p1|declanwith1n|sabrina|2017\n|player|p2|ananananji|102|2202\n|teamsize|p1|6\n|teamsize|p2|6\n|gen|9\n|tier|[Gen 9] Random Battle\n|rated|\n|rule|Species Clause: Limit one of each Pok\u00e9mon\n|rule|HP Percentage Mod: HP is shown in percentages\n|rule|Sleep Clause Mod: Limit one foe put to sleep\n|rule|Illusion Level Mod: Illusion disguises the Pok\u00e9mon's true level\n|\n|t:|1732975924\n|start\n|switch|p1a: Luvdisc|Luvdisc, F|247/247\n|switch|p2a: Metagross|Metagross, L79|256/256\n|turn|1\n|inactive|Battle timer is ON: inactive players will automatically lose when time's up. (requested by declanwith1n)\n|\n|t:|1732975940\n|switch|p2a: Meowstic|Meowstic, L89, M|277/277\n|move|p1a: Luvdisc|Substitute|p1a: Luvdisc\n|-start|p1a: Luvdisc|Substitute\n|-damage|p1a: Luvdisc|186/247\n|\n|upkeep\n|turn|2\n|\n|t:|1732975951\n|move|p1a: Luvdisc|Whirlpool|p2a: Meowstic|[miss]\n|-miss|p1a: Luvdisc|p2a: Meowstic\n|move|p2a: Meowstic|Psychic Noise|p1a: Luvdisc\n|-damage|p1a: Luvdisc|102/247\n|-start|p1a: Luvdisc|move: Heal Block\n|\n|upkeep\n|turn|3\n|\n|t:|1732975965\n|move|p1a: Luvdisc|Whirlpool|p2a: Meowstic\n|-damage|p2a: Meowstic|247/277\n|-activate|p2a: Meowstic|move: Whirlpool|[of] p1a: Luvdisc\n|move|p2a: Meowstic|Psychic Noise|p1a: Luvdisc\n|-damage|p1a: Luvdisc|18/247\n|\n|-damage|p2a: Meowstic|213/277|[from] move: Whirlpool|[partiallytrapped]\n|-end|p1a: Luvdisc|move: Heal Block\n|upkeep\n|turn|4\n|\n|t:|1732975968\n|move|p1a: Luvdisc|Endeavor|p2a: Meowstic\n|-damage|p2a: Meowstic|18/277\n|move|p2a: Meowstic|Psychic Noise|p1a: Luvdisc\n|-damage|p1a: Luvdisc|0 fnt\n|faint|p1a: Luvdisc\n|\n|-end|p2a: Meowstic|Whirlpool|[partiallytrapped]|[silent]\n|upkeep\n|\n|t:|1732975984\n|switch|p1a: Donphan|Donphan, L84, M|288/288\n|turn|5\n|\n|t:|1732975989\n|move|p2a: Meowstic|Reflect|p2a: Meowstic\n|-sidestart|p2: ananananji|Reflect\n|move|p1a: Donphan|Rapid Spin|p2a: Meowstic\n|-damage|p2a: Meowstic|0 fnt\n|-boost|p1a: Donphan|spe|1\n|faint|p2a: Meowstic\n|\n|upkeep\n|\n|t:|1732975992\n|switch|p2a: Quaquaval|Quaquaval, L79, M|264/264\n|turn|6\n|\n|t:|1732976004\n|move|p1a: Donphan|Earthquake|p2a: Quaquaval\n|-damage|p2a: Quaquaval|198/264\n|move|p2a: Quaquaval|Swords Dance|p2a: Quaquaval\n|-boost|p2a: Quaquaval|atk|2\n|\n|upkeep\n|turn|7\n|\n|t:|1732976019\n|move|p1a: Donphan|Earthquake|p2a: Quaquaval\n|-damage|p2a: Quaquaval|128/264\n|move|p2a: Quaquaval|Aqua Step|p1a: Donphan\n|-supereffective|p1a: Donphan\n|-ability|p1a: Donphan|Sturdy\n|-damage|p1a: Donphan|1/288\n|-boost|p2a: Quaquaval|spe|1\n|-damage|p2a: Quaquaval|102/264|[from] item: Life Orb\n|\n|upkeep\n|turn|8\n|\n|t:|1732976027\n|move|p2a: Quaquaval|Roost|p2a: Quaquaval\n|-heal|p2a: Quaquaval|234/264\n|-singleturn|p2a: Quaquaval|move: Roost\n|move|p1a: Donphan|Earthquake|p2a: Quaquaval\n|-damage|p2a: Quaquaval|161/264\n|\n|upkeep\n|turn|9\n|-message|declanwith1n forfeited.\n|\n|win|ananananji\n|raw|declanwith1n's rating: 2017 &rarr; <strong>2007</strong><br />(-10 for losing)\n|raw|ananananji's rating: 2202 &rarr; <strong>2212</strong><br />(+10 for winning)\n|l|\u2606declanwith1n\n|player|p1|\n", "inputlog": ">version b107d77f5c90bd6555267ae244a6264823309ead\n>start {\"formatid\":\"gen9randombattle\",\"seed\":[8817,27996,24957,796],\"rated\":\"Rated battle\"}\n>player p1 {\"name\":\"declanwith1n\",\"avatar\":\"sabrina\",\"rating\":2017,\"seed\":[53801,31645,11218,41540]}\n>player p2 {\"name\":\"ananananji\",\"avatar\":\"102\",\"rating\":2202,\"seed\":[23192,3749,44226,48890]}\n>p1 move substitute\n>p2 switch 3\n>p1 move whirlpool\n>p2 move psychicnoise\n>p1 move whirlpool\n>p2 move psychicnoise\n>p1 move endeavor\n>p2 move psychicnoise\n>p1 switch 3\n>p1 move rapidspin\n>p2 move reflect\n>p2 switch 2\n>p1 move earthquake\n>p2 move swordsdance\n>p1 move earthquake\n>p2 move aquastep\n>p1 move earthquake\n>p2 move roost\n>forcelose p1", "uploadtime": 1732976032, "views": 1, "formatid": "gen9randombattle", "rating": 2007, "private": 0, "password": null}