{"id": "gen9randombattle-2253923830", "format": "[Gen 9] Random Battle", "players": ["wanchienelwanchi", "Snjekwkwmsnndnddn"], "log": "|j|\u2606wanchienelwanchi\n|j|\u2606Snjekwkwmsnndnddn\n|t:|1732964760\n|gametype|singles\n|player|p1|wanchienelwanchi|170|1040\n|player|p2|Snjekwkwmsnndnddn|1|1000\n|teamsize|p1|6\n|teamsize|p2|6\n|gen|9\n|tier|[Gen 9] Random Battle\n|rated|\n|rule|Species Clause: Limit one of each Pok\u00e9mon\n|rule|HP Percentage Mod: HP is shown in percentages\n|rule|Sleep Clause Mod: Limit one foe put to sleep\n|rule|Illusion Level Mod: Illusion disguises the Pok\u00e9mon's true level\n|\n|t:|1732964760\n|start\n|switch|p1a: Altaria|Altaria, L88, F|275/275\n|switch|p2a: Sandslash|Sandslash, L88, F|275/275\n|turn|1\n|inactive|Battle timer is ON: inactive players will automatically lose when time's up. (requested by Snjekwkwmsnndnddn)\n|\n|t:|1732964792\n|switch|p1a: Alomomola|Alomomola, L87, F|429/429\n|move|p2a: Sandslash|Swords Dance|p2a: Sandslash\n|-boost|p2a: Sandslash|atk|2\n|\n|upkeep\n|turn|2\n|inactive|wanchienelwanchi has 120 seconds left.\n|inactive|wanchienelwanchi has 90 seconds left.\n|\n|t:|1732964857\n|move|p2a: Sandslash|Earthquake|p1a: Alomomola\n|-damage|p1a: Alomomola|176/429\n|move|p1a: Alomomola|Scald|p2a: Sandslash\n|-supereffective|p2a: Sandslash\n|-damage|p2a: Sandslash|153/275\n|\n|-heal|p2a: Sandslash|170/275|[from] item: Leftovers\n|-heal|p1a: Alomomola|202/429|[from] item: Leftovers\n|upkeep\n|turn|3\n|\n|t:|1732964872\n|move|p1a: Alomomola|Protect|p1a: Alomomola\n|-singleturn|p1a: Alomomola|Protect\n|move|p2a: Sandslash|Earthquake|p1a: Alomomola\n|-activate|p1a: Alomomola|move: Protect\n|\n|-heal|p2a: Sandslash|187/275|[from] item: Leftovers\n|-heal|p1a: Alomomola|228/429|[from] item: Leftovers\n|upkeep\n|turn|4\n|\n|t:|1732964882\n|move|p2a: Sandslash|Knock Off|p1a: Alomomola\n|-damage|p1a: Alomomola|76/429\n|-enditem|p1a: Alomomola|Leftovers|[from] move: Knock Off|[of] p2a: Sandslash\n|move|p1a: Alomomola|Scald|p2a: Sandslash\n|-supereffective|p2a: Sandslash\n|-damage|p2a: Sandslash|61/275\n|\n|-heal|p2a: Sandslash|78/275|[from] item: Leftovers\n|upkeep\n|turn|5\n|\n|t:|1732964899\n|move|p2a: Sandslash|Rapid Spin|p1a: Alomomola\n|-damage|p1a: Alomomola|0 fnt\n|-boost|p2a: Sandslash|spe|1\n|faint|p1a: Alomomola\n|\n|-heal|p2a: Sandslash|95/275|[from] item: Leftovers\n|upkeep\n|inactive|wanchienelwanchi has 90 seconds left.\n|\n|t:|1732964927\n|switch|p1a: Mesprit|Mesprit, L85|275/275\n|turn|6\n|\n|t:|1732964949\n|move|p1a: Mesprit|Psychic|p2a: Sandslash\n|-damage|p2a: Sandslash|0 fnt\n|faint|p2a: Sandslash\n|\n|upkeep\n|\n|t:|1732964974\n|switch|p2a: Arbok|Arbok, L87, F|246/246\n|-ability|p2a: Arbok|Intimidate|boost\n|-unboost|p1a: Mesprit|atk|1\n|turn|7\n|\n|t:|1732964982\n|-terastallize|p2a: Arbok|Dark\n|move|p1a: Mesprit|Psychic|p2a: Arbok\n|-immune|p2a: Arbok\n|move|p2a: Arbok|Toxic Spikes|p1a: Mesprit\n|-sidestart|p1: wanchienelwanchi|move: Toxic Spikes\n|\n|upkeep\n|turn|8\n|inactive|wanchienelwanchi has 60 seconds left.\n|\n|t:|1732965016\n|switch|p1a: Charizard|Charizard, L85, M|271/271\n|move|p2a: Arbok|Gunk Shot|p1a: Charizard\n|-damage|p1a: Charizard|94/271\n|-damage|p2a: Arbok|222/246|[from] item: Life Orb\n|\n|upkeep\n|turn|9\n|inactive|wanchienelwanchi has 60 seconds left.\n|\n|t:|1732965026\n|move|p2a: Arbok|Sucker Punch|p1a: Charizard\n|-damage|p1a: Charizard|0 fnt\n|faint|p1a: Charizard\n|-damage|p2a: Arbok|198/246|[from] item: Life Orb\n|\n|upkeep\n|\n|t:|1732965038\n|switch|p1a: Mesprit|Mesprit, L85|275/275\n|turn|10\n|\n|t:|1732965048\n|move|p2a: Arbok|Sucker Punch|p1a: Mesprit\n|-supereffective|p1a: Mesprit\n|-damage|p1a: Mesprit|111/275\n|-damage|p2a: Arbok|174/246|[from] item: Life Orb\n|move|p1a: Mesprit|Dazzling Gleam|p2a: Arbok\n|-supereffective|p2a: Arbok\n|-damage|p2a: Arbok|34/246\n|\n|upkeep\n|turn|11\n|\n|t:|1732965062\n|switch|p1a: Roaring Moon|Roaring Moon, L72|270/270\n|-status|p1a: Roaring Moon|psn\n|-enditem|p1a: Roaring Moon|Booster Energy\n|-activate|p1a: Roaring Moon|ability: Protosynthesis|[fromitem]\n|-start|p1a: Roaring Moon|protosynthesisatk\n|move|p2a: Arbok|Sucker Punch||[still]\n|-fail|p2a: Arbok\n|\n|-damage|p1a: Roaring Moon|237/270 psn|[from] psn\n|upkeep\n|turn|12\n|inactive|wanchienelwanchi has 30 seconds left.\n|\n|t:|1732965101\n|move|p1a: Roaring Moon|Dragon Dance|p1a: Roaring Moon\n|-boost|p1a: Roaring Moon|atk|1\n|-boost|p1a: Roaring Moon|spe|1\n|move|p2a: Arbok|Gunk Shot|p1a: Roaring Moon|[miss]\n|-miss|p2a: Arbok|p1a: Roaring Moon\n|\n|-damage|p1a: Roaring Moon|204/270 psn|[from] psn\n|upkeep\n|turn|13\n|inactive|wanchienelwanchi has 30 seconds left.\n|\n|t:|1732965109\n|move|p2a: Arbok|Sucker Punch|p1a: Roaring Moon\n|-resisted|p1a: Roaring Moon\n|-damage|p1a: Roaring Moon|133/270 psn\n|-damage|p2a: Arbok|10/246|[from] item: Life Orb\n|move|p1a: Roaring Moon|Iron Head|p2a: Arbok\n|-damage|p2a: Arbok|0 fnt\n|faint|p2a: Arbok\n|\n|-damage|p1a: Roaring Moon|100/270 psn|[from] psn\n|upkeep\n|\n|t:|1732965115\n|switch|p2a: Dachsbun|Dachsbun, L92, F|254/254\n|turn|14\n|\n|t:|1732965118\n|move|p2a: Dachsbun|Protect|p2a: Dachsbun\n|-singleturn|p2a: Dachsbun|Protect\n|move|p1a: Roaring Moon|Iron Head|p2a: Dachsbun\n|-activate|p2a: Dachsbun|move: Protect\n|\n|-damage|p1a: Roaring Moon|67/270 psn|[from] psn\n|upkeep\n|turn|15\n|\n|t:|1732965123\n|switch|p2a: Rhydon|Rhydon, L85, F|317/317\n|move|p1a: Roaring Moon|Iron Head|p2a: Rhydon\n|-supereffective|p2a: Rhydon\n|-damage|p2a: Rhydon|205/317\n|\n|-damage|p1a: Roaring Moon|34/270 psn|[from] psn\n|upkeep\n|turn|16\n|inactive|wanchienelwanchi has 60 seconds left.\n|\n|t:|1732965136\n|move|p1a: Roaring Moon|Iron Head|p2a: Rhydon\n|-supereffective|p2a: Rhydon\n|-damage|p2a: Rhydon|91/317\n|move|p2a: Rhydon|Earthquake|p1a: Roaring Moon\n|-damage|p1a: Roaring Moon|0 fnt\n|faint|p1a: Roaring Moon\n|-end|p1a: Roaring Moon|Protosynthesis|[silent]\n|\n|upkeep\n|inactive|wanchienelwanchi has 60 seconds left.\n|\n|t:|1732965155\n|switch|p1a: Mesprit|Mesprit, L85|111/275\n|turn|17\n|\n|t:|1732965180\n|move|p1a: Mesprit|Psychic|p2a: Rhydon\n|-damage|p2a: Rhydon|0 fnt\n|faint|p2a: Rhydon\n|\n|upkeep\n|\n|t:|1732965185\n|switch|p2a: Reshiram|Reshiram, L76|277/277\n|-ability|p2a: Reshiram|Turboblaze\n|turn|18\n|\n|t:|1732965192\n|move|p1a: Mesprit|Psychic|p2a: Reshiram\n|-damage|p2a: Reshiram|178/277\n|-unboost|p2a: Reshiram|spd|1\n|move|p2a: Reshiram|Blue Flare|p1a: Mesprit|[miss]\n|-miss|p2a: Reshiram|p1a: Mesprit\n|\n|upkeep\n|turn|19\n|\n|t:|1732965200\n|move|p1a: Mesprit|Psychic|p2a: Reshiram\n|-damage|p2a: Reshiram|45/277\n|move|p2a: Reshiram|Draco Meteor|p1a: Mesprit|[miss]\n|-miss|p2a: Reshiram|p1a: Mesprit\n|\n|upkeep\n|turn|20\n|inactive|wanchienelwanchi has 60 seconds left.\n|\n|t:|1732965209\n|switch|p2a: Dachsbun|Dachsbun, L92, F|254/254\n|move|p1a: Mesprit|Psychic|p2a: Dachsbun\n|-damage|p2a: Dachsbun|142/254\n|\n|-heal|p2a: Dachsbun|157/254|[from] item: Leftovers\n|upkeep\n|turn|21\n|\n|t:|1732965215\n|move|p2a: Dachsbun|Protect|p2a: Dachsbun\n|-singleturn|p2a: Dachsbun|Protect\n|move|p1a: Mesprit|Psychic|p2a: Dachsbun\n|-activate|p2a: Dachsbun|move: Protect\n|\n|-heal|p2a: Dachsbun|172/254|[from] item: Leftovers\n|upkeep\n|turn|22\n|\n|t:|1732965224\n|move|p1a: Mesprit|Psychic|p2a: Dachsbun\n|-damage|p2a: Dachsbun|64/254\n|move|p2a: Dachsbun|Play Rough|p1a: Mesprit\n|-crit|p1a: Mesprit\n|-damage|p1a: Mesprit|0 fnt\n|faint|p1a: Mesprit\n|\n|-heal|p2a: Dachsbun|79/254|[from] item: Leftovers\n|upkeep\n|\n|t:|1732965232\n|switch|p1a: Altaria|Altaria, L88, F|275/275\n|turn|23\n|\n|t:|1732965240\n|move|p2a: Dachsbun|Wish|p2a: Dachsbun\n|move|p1a: Altaria|Brave Bird|p2a: Dachsbun\n|-damage|p2a: Dachsbun|0 fnt\n|faint|p2a: Dachsbun\n|-damage|p1a: Altaria|249/275|[from] Recoil\n|\n|upkeep\n|\n|t:|1732965246\n|switch|p2a: Palafin|Palafin, L77, F|281/281\n|turn|24\n|\n|t:|1732965250\n|detailschange|p2a: Palafin|Palafin-Hero, L77, F\n|switch|p2a: Reshiram|Reshiram, L76|45/277\n|-ability|p2a: Reshiram|Turboblaze\n|move|p1a: Altaria|Brave Bird|p2a: Reshiram\n|-damage|p2a: Reshiram|0 fnt\n|faint|p2a: Reshiram\n|-damage|p1a: Altaria|234/275|[from] Recoil\n|\n|upkeep\n|\n|t:|1732965256\n|switch|p2a: Palafin|Palafin-Hero, L77, F|281/281\n|-activate|p2a: Palafin|ability: Zero to Hero\n|turn|25\n|inactive|wanchienelwanchi has 90 seconds left.\n|\n|t:|1732965277\n|move|p2a: Palafin|Bulk Up|p2a: Palafin\n|-boost|p2a: Palafin|atk|1\n|-boost|p2a: Palafin|def|1\n|move|p1a: Altaria|Brave Bird|p2a: Palafin\n|-damage|p2a: Palafin|202/281\n|-damage|p1a: Altaria|208/275|[from] Recoil\n|\n|-heal|p2a: Palafin|219/281|[from] item: Leftovers\n|upkeep\n|turn|26\n|inactive|wanchienelwanchi has 90 seconds left.\n|\n|t:|1732965289\n|move|p2a: Palafin|Ice Punch|p1a: Altaria\n|-supereffective|p1a: Altaria\n|-damage|p1a: Altaria|0 fnt\n|faint|p1a: Altaria\n|\n|-heal|p2a: Palafin|236/281|[from] item: Leftovers\n|upkeep\n|\n|t:|1732965296\n|switch|p1a: Mew|Mew, L82|298/298\n|-status|p1a: Mew|psn\n|turn|27\n|inactive|wanchienelwanchi has 90 seconds left.\n|\n|t:|1732965304\n|move|p1a: Mew|Psyshock|p2a: Palafin\n|-damage|p2a: Palafin|168/281\n|-damage|p1a: Mew|269/298 psn|[from] item: Life Orb\n|move|p2a: Palafin|Wave Crash|p1a: Mew\n|-damage|p1a: Mew|64/298 psn\n|-damage|p2a: Palafin|100/281|[from] Recoil\n|\n|-heal|p2a: Palafin|117/281|[from] item: Leftovers\n|-damage|p1a: Mew|27/298 psn|[from] psn\n|upkeep\n|turn|28\n|\n|t:|1732965313\n|move|p2a: Palafin|Jet Punch|p1a: Mew\n|-damage|p1a: Mew|0 fnt\n|faint|p1a: Mew\n|\n|win|Snjekwkwmsnndnddn\n|raw|wanchienelwanchi's rating: 1040 &rarr; <strong>1022</strong><br />(-18 for losing)\n|raw|Snjekwkwmsnndnddn's rating: 1000 &rarr; <strong>1045</strong><br />(+45 for winning)\n|l|\u2606wanchienelwanchi\n|player|p1|\n", "inputlog": ">version b107d77f5c90bd6555267ae244a6264823309ead\n>start {\"formatid\":\"gen9randombattle\",\"seed\":[56432,60677,898,57669],\"rated\":\"Rated battle\"}\n>player p1 {\"name\":\"wanchienelwanchi\",\"avatar\":\"170\",\"rating\":1040,\"seed\":[30174,57105,1622,39222]}\n>player p2 {\"name\":\"Snjekwkwmsnndnddn\",\"avatar\":\"1\",\"rating\":1000,\"seed\":[34819,44306,29776,16347]}\n>p1 switch 3\n>p2 move swordsdance\n>p1 move scald\n>p2 move earthquake\n>p1 move protect\n>p2 move earthquake\n>p1 move scald\n>p2 move knockoff\n>p1 move scald\n>p2 move rapidspin\n>p1 switch 4\n>p1 move psychic\n>p2 move knockoff\n>p2 switch 6\n>p1 move psychic\n>p2 move toxicspikes terastallize\n>p1 switch 2\n>p2 move gunkshot\n>p1 move flareblitz\n>p2 move suckerpunch\n>p1 switch 2\n>p1 move dazzlinggleam\n>p2 move suckerpunch\n>p1 switch 5\n>p2 move suckerpunch\n>p1 move dragondance\n>p2 move gunkshot\n>p1 move ironhead\n>p2 move suckerpunch\n>p2 switch 2\n>p1 move ironhead\n>p2 move protect\n>p1 move ironhead\n>p2 switch 5\n>p1 move ironhead\n>p2 move earthquake\n>p1 switch 5\n>p1 move psychic\n>p2 move stoneedge\n>p2 switch 3\n>p1 move psychic\n>p2 move blueflare\n>p1 move psychic\n>p2 move dracometeor\n>p1 move psychic\n>p2 switch 5\n>p1 move psychic\n>p2 move protect\n>p1 move psychic\n>p2 move playrough\n>p1 switch 3\n>p1 move bravebird\n>p2 move wish\n>p2 switch 4\n>p1 move bravebird\n>p2 switch 5\n>p2 switch 5\n>p1 move bravebird\n>p2 move bulkup\n>p1 move bravebird\n>p2 move icepunch\n>p1 switch 6\n>p1 move psyshock\n>p2 move wavecrash\n>p1 move psyshock\n>p2 move jetpunch", "uploadtime": 1732965323, "views": 1, "formatid": "gen9randombattle", "rating": 1022, "private": 0, "password": null}