{"id": "gen9randombattle-2253950842", "format": "[Gen 9] Random Battle", "players": ["jdkdbh", "bobBOB3303"], "log": "|j|\u2606jdkdbh\n|j|\u2606bobBOB3303\n|t:|1732970063\n|gametype|singles\n|player|p1|jdkdbh|backersf|1235\n|player|p2|bobBOB3303|colress|1275\n|teamsize|p1|6\n|teamsize|p2|6\n|gen|9\n|tier|[Gen 9] Random Battle\n|rated|\n|rule|Species Clause: Limit one of each Pok\u00e9mon\n|rule|HP Percentage Mod: HP is shown in percentages\n|rule|Sleep Clause Mod: Limit one foe put to sleep\n|rule|Illusion Level Mod: Illusion disguises the Pok\u00e9mon's true level\n|\n|t:|1732970063\n|start\n|switch|p1a: Persian|Persian-Alola, L86, F|252/252\n|switch|p2a: Hippowdon|Hippowdon, L82, F|311/311\n|-weather|Sandstorm|[from] ability: Sand Stream|[of] p2a: Hippowdon\n|turn|1\n|inactive|Battle timer is ON: inactive players will automatically lose when time's up. (requested by jdkdbh)\n|\n|t:|1732970079\n|switch|p1a: Flygon|Flygon, L82, M|265/265\n|move|p2a: Hippowdon|Stealth Rock|p1a: Flygon\n|-sidestart|p1: jdkdbh|move: Stealth Rock\n|\n|-weather|Sandstorm|[upkeep]\n|upkeep\n|turn|2\n|\n|t:|1732970092\n|switch|p2a: Delibird|Delibird, M|252/252\n|move|p1a: Flygon|Dragon Dance|p1a: Flygon\n|-boost|p1a: Flygon|atk|1\n|-boost|p1a: Flygon|spe|1\n|\n|-weather|Sandstorm|[upkeep]\n|-damage|p2a: Delibird|237/252|[from] Sandstorm\n|upkeep\n|turn|3\n|\n|t:|1732970110\n|move|p2a: Delibird|Ice Shard|p1a: Flygon|[miss]\n|-miss|p2a: Delibird|p1a: Flygon\n|move|p1a: Flygon|Stone Edge|p2a: Delibird\n|-supereffective|p2a: Delibird\n|-damage|p2a: Delibird|0 fnt\n|faint|p2a: Delibird\n|\n|-weather|Sandstorm|[upkeep]\n|upkeep\n|\n|t:|1732970121\n|switch|p2a: Smeargle|Smeargle, L95, M|258/258\n|turn|4\n|\n|t:|1732970136\n|move|p1a: Flygon|Earthquake|p2a: Smeargle\n|-damage|p2a: Smeargle|2/258\n|move|p2a: Smeargle|Spore|p1a: Flygon\n|-status|p1a: Flygon|slp|[from] move: Spore\n|-enditem|p1a: Flygon|Lum Berry|[eat]\n|-curestatus|p1a: Flygon|slp|[msg]\n|\n|-weather|Sandstorm|[upkeep]\n|-damage|p2a: Smeargle|0 fnt|[from] Sandstorm\n|faint|p2a: Smeargle\n|upkeep\n|inactive|bobBOB3303 has 120 seconds left.\n|\n|t:|1732970167\n|switch|p2a: Glastrier|Glastrier, L86|312/312\n|turn|5\n|\n|t:|1732970173\n|move|p1a: Flygon|Stone Edge|p2a: Glastrier\n|-supereffective|p2a: Glastrier\n|-damage|p2a: Glastrier|154/312\n|move|p2a: Glastrier|Icicle Crash|p1a: Flygon\n|-supereffective|p1a: Flygon\n|-damage|p1a: Flygon|0 fnt\n|faint|p1a: Flygon\n|-ability|p2a: Glastrier|Chilling Neigh|boost\n|-boost|p2a: Glastrier|atk|1\n|\n|-weather|none\n|upkeep\n|\n|t:|1732970196\n|switch|p1a: Ceruledge|Ceruledge, L78, F|245/245\n|turn|6\n|inactive|bobBOB3303 has 120 seconds left.\n|\n|t:|1732970207\n|switch|p2a: Clodsire|Clodsire, L81, F|343/343\n|move|p1a: Ceruledge|Swords Dance|p1a: Ceruledge\n|-boost|p1a: Ceruledge|atk|2\n|\n|upkeep\n|turn|7\n|\n|t:|1732970216\n|move|p1a: Ceruledge|Poltergeist|p2a: Clodsire\n|-activate|p2a: Clodsire|move: Poltergeist|Leftovers\n|-damage|p2a: Clodsire|169/343\n|move|p2a: Clodsire|Earthquake|p1a: Ceruledge\n|-supereffective|p1a: Ceruledge\n|-damage|p1a: Ceruledge|47/245\n|-ability|p1a: Ceruledge|Weak Armor|boost\n|-unboost|p1a: Ceruledge|def|1\n|-boost|p1a: Ceruledge|spe|2\n|\n|-heal|p2a: Clodsire|190/343|[from] item: Leftovers\n|upkeep\n|turn|8\n|\n|t:|1732970228\n|move|p1a: Ceruledge|Poltergeist|p2a: Clodsire\n|-activate|p2a: Clodsire|move: Poltergeist|Leftovers\n|-damage|p2a: Clodsire|16/343\n|move|p2a: Clodsire|Toxic|p1a: Ceruledge\n|-status|p1a: Ceruledge|tox\n|\n|-heal|p2a: Clodsire|37/343|[from] item: Leftovers\n|-damage|p1a: Ceruledge|32/245 tox|[from] psn\n|upkeep\n|turn|9\n|\n|t:|1732970239\n|switch|p2a: Hippowdon|Hippowdon, L82, F|311/311\n|-weather|Sandstorm|[from] ability: Sand Stream|[of] p2a: Hippowdon\n|move|p1a: Ceruledge|Poltergeist|p2a: Hippowdon\n|-activate|p2a: Hippowdon|move: Poltergeist|Rocky Helmet\n|-damage|p2a: Hippowdon|92/311\n|\n|-weather|Sandstorm|[upkeep]\n|-damage|p1a: Ceruledge|17/245 tox|[from] Sandstorm\n|-damage|p1a: Ceruledge|0 fnt|[from] psn\n|faint|p1a: Ceruledge\n|upkeep\n|\n|t:|1732970250\n|switch|p1a: Tyranitar|Tyranitar, L79, M|288/288\n|-damage|p1a: Tyranitar|252/288|[from] Stealth Rock\n|turn|10\n|\n|t:|1732970256\n|move|p1a: Tyranitar|Earthquake|p2a: Hippowdon\n|-damage|p2a: Hippowdon|22/311\n|move|p2a: Hippowdon|Slack Off|p2a: Hippowdon\n|-heal|p2a: Hippowdon|178/311\n|\n|-weather|Sandstorm|[upkeep]\n|upkeep\n|turn|11\n|\n|t:|1732970263\n|move|p1a: Tyranitar|Knock Off|p2a: Hippowdon\n|-damage|p2a: Hippowdon|78/311\n|-damage|p1a: Tyranitar|204/288|[from] item: Rocky Helmet|[of] p2a: Hippowdon\n|-enditem|p2a: Hippowdon|Rocky Helmet|[from] move: Knock Off|[of] p1a: Tyranitar\n|move|p2a: Hippowdon|Slack Off|p2a: Hippowdon\n|-heal|p2a: Hippowdon|234/311\n|\n|-weather|Sandstorm|[upkeep]\n|upkeep\n|turn|12\n|\n|t:|1732970277\n|move|p1a: Tyranitar|Dragon Tail|p2a: Hippowdon|[miss]\n|-miss|p1a: Tyranitar|p2a: Hippowdon\n|move|p2a: Hippowdon|Whirlwind|p1a: Tyranitar\n|drag|p1a: Reuniclus|Reuniclus, L88, M|337/337\n|\n|-weather|Sandstorm|[upkeep]\n|upkeep\n|turn|13\n|\n|t:|1732970286\n|move|p2a: Hippowdon|Earthquake|p1a: Reuniclus\n|-damage|p1a: Reuniclus|205/337\n|move|p1a: Reuniclus|Psychic|p2a: Hippowdon\n|-damage|p2a: Hippowdon|26/311\n|\n|-weather|none\n|upkeep\n|turn|14\n|\n|t:|1732970292\n|move|p2a: Hippowdon|Earthquake|p1a: Reuniclus\n|-damage|p1a: Reuniclus|87/337\n|move|p1a: Reuniclus|Psychic|p2a: Hippowdon\n|-damage|p2a: Hippowdon|0 fnt\n|faint|p2a: Hippowdon\n|\n|upkeep\n|\n|t:|1732970302\n|switch|p2a: Zacian|Zacian-Crowned, L64|225/225\n|-ability|p2a: Zacian|Intrepid Sword|boost\n|-boost|p2a: Zacian|atk|1\n|turn|15\n|\n|t:|1732970315\n|move|p2a: Zacian|Behemoth Blade|p1a: Reuniclus\n|-damage|p1a: Reuniclus|0 fnt\n|faint|p1a: Reuniclus\n|\n|upkeep\n|\n|t:|1732970333\n|switch|p1a: Persian|Persian-Alola, L86, F|252/252\n|-damage|p1a: Persian|221/252|[from] Stealth Rock\n|turn|16\n|\n|t:|1732970341\n|move|p1a: Persian|Thunderbolt|p2a: Zacian\n|-damage|p2a: Zacian|144/225\n|-damage|p1a: Persian|196/252|[from] item: Life Orb\n|move|p2a: Zacian|Close Combat|p1a: Persian\n|-supereffective|p1a: Persian\n|-damage|p1a: Persian|52/252\n|-unboost|p2a: Zacian|def|1\n|-unboost|p2a: Zacian|spd|1\n|\n|upkeep\n|turn|17\n|\n|t:|1732970350\n|switch|p2a: Clodsire|Clodsire, L81, F|37/343\n|move|p1a: Persian|Thunderbolt|p2a: Clodsire\n|-immune|p2a: Clodsire\n|\n|-heal|p2a: Clodsire|58/343|[from] item: Leftovers\n|upkeep\n|turn|18\n|\n|t:|1732970358\n|move|p1a: Persian|Dark Pulse|p2a: Clodsire\n|-damage|p2a: Clodsire|0 fnt\n|faint|p2a: Clodsire\n|-damage|p1a: Persian|27/252|[from] item: Life Orb\n|\n|upkeep\n|\n|t:|1732970364\n|switch|p2a: Glastrier|Glastrier, L86|154/312\n|turn|19\n|\n|t:|1732970373\n|move|p1a: Persian|Dark Pulse|p2a: Glastrier\n|-damage|p2a: Glastrier|76/312\n|-damage|p1a: Persian|2/252|[from] item: Life Orb\n|move|p2a: Glastrier|Heavy Slam|p1a: Persian\n|-damage|p1a: Persian|0 fnt\n|faint|p1a: Persian\n|-ability|p2a: Glastrier|Chilling Neigh|boost\n|-boost|p2a: Glastrier|atk|1\n|\n|upkeep\n|\n|t:|1732970378\n|switch|p1a: Tyranitar|Tyranitar, L79, M|204/288\n|-damage|p1a: Tyranitar|168/288|[from] Stealth Rock\n|-weather|Sandstorm|[from] ability: Sand Stream|[of] p1a: Tyranitar\n|turn|20\n|\n|t:|1732970393\n|move|p1a: Tyranitar|Knock Off|p2a: Glastrier\n|-damage|p2a: Glastrier|0 fnt\n|-enditem|p2a: Glastrier|Heavy-Duty Boots|[from] move: Knock Off|[of] p1a: Tyranitar\n|faint|p2a: Glastrier\n|\n|-weather|Sandstorm|[upkeep]\n|upkeep\n|\n|t:|1732970399\n|switch|p2a: Zacian|Zacian-Crowned, L64|144/225\n|turn|21\n|\n|t:|1732970405\n|move|p2a: Zacian|Close Combat|p1a: Tyranitar\n|-supereffective|p1a: Tyranitar\n|-damage|p1a: Tyranitar|0 fnt\n|-unboost|p2a: Zacian|def|1\n|-unboost|p2a: Zacian|spd|1\n|faint|p1a: Tyranitar\n|\n|-weather|Sandstorm|[upkeep]\n|upkeep\n|\n|t:|1732970408\n|switch|p1a: Maushold|Maushold-Four, L76|238/238\n|-damage|p1a: Maushold|209/238|[from] Stealth Rock\n|turn|22\n|\n|t:|1732970417\n|-terastallize|p1a: Maushold|Normal\n|move|p2a: Zacian|Close Combat|p1a: Maushold\n|-supereffective|p1a: Maushold\n|-damage|p1a: Maushold|29/238\n|-unboost|p2a: Zacian|def|1\n|-unboost|p2a: Zacian|spd|1\n|move|p1a: Maushold|Population Bomb|p2a: Zacian\n|-resisted|p2a: Zacian\n|-damage|p2a: Zacian|112/225\n|-resisted|p2a: Zacian\n|-damage|p2a: Zacian|83/225\n|-resisted|p2a: Zacian\n|-damage|p2a: Zacian|52/225\n|-resisted|p2a: Zacian\n|-damage|p2a: Zacian|24/225\n|-resisted|p2a: Zacian\n|-damage|p2a: Zacian|0 fnt\n|faint|p2a: Zacian\n|-hitcount|p2: Zacian|5\n|\n|win|jdkdbh\n|raw|jdkdbh's rating: 1235 &rarr; <strong>1263</strong><br />(+28 for winning)\n|raw|bobBOB3303's rating: 1275 &rarr; <strong>1247</strong><br />(-28 for losing)\n", "inputlog": ">version b107d77f5c90bd6555267ae244a6264823309ead\n>start {\"formatid\":\"gen9randombattle\",\"seed\":[10389,54545,21528,45699],\"rated\":\"Rated battle\"}\n>player p1 {\"name\":\"jdkdbh\",\"avatar\":\"backersf\",\"rating\":1235,\"seed\":[45751,19814,39344,42612]}\n>player p2 {\"name\":\"bobBOB3303\",\"avatar\":\"colress\",\"rating\":1275,\"seed\":[20566,36360,19174,46001]}\n>p1 switch 6\n>p2 move stealthrock\n>p1 move dragondance\n>p2 switch 2\n>p1 move stoneedge\n>p2 move iceshard\n>p2 switch 6\n>p1 move earthquake\n>p2 move spore\n>p2 switch 4\n>p1 move stoneedge\n>p2 move iciclecrash\n>p1 switch 3\n>p1 move swordsdance\n>p2 switch 5\n>p1 move poltergeist\n>p2 move earthquake\n>p1 move poltergeist\n>p2 move toxic\n>p1 move poltergeist\n>p2 switch 2\n>p1 switch 2\n>p1 move earthquake\n>p2 move slackoff\n>p1 move knockoff\n>p2 move slackoff\n>p1 move dragontail\n>p2 move whirlwind\n>p1 move psychic\n>p2 move earthquake\n>p1 move psychic\n>p2 move earthquake\n>p2 switch 3\n>p1 move psychic\n>p2 move behemothblade\n>p1 switch 6\n>p1 move thunderbolt\n>p2 move closecombat\n>p1 move thunderbolt\n>p2 switch 2\n>p1 move darkpulse\n>p2 move recover\n>p2 switch 5\n>p1 move darkpulse\n>p2 move heavyslam\n>p1 switch 5\n>p1 move knockoff\n>p2 move closecombat\n>p2 switch 2\n>p1 move earthquake\n>p2 move closecombat\n>p1 switch 4\n>p1 move populationbomb terastallize\n>p2 move closecombat", "uploadtime": 1732970432, "views": 2, "formatid": "gen9randombattle", "rating": 1247, "private": 0, "password": null}