{"id": "gen9randombattle-2254123648", "format": "[Gen 9] Random Battle", "players": ["steelixprismgx", "Lucario0000"], "log": "|j|\u2606steelixprismgx\n|j|\u2606Lucario0000\n|t:|1732994115\n|gametype|singles\n|player|p1|steelixprismgx|colress|1655\n|player|p2|Lucario0000|miku-flying|1685\n|teamsize|p1|6\n|teamsize|p2|6\n|gen|9\n|tier|[Gen 9] Random Battle\n|rated|\n|rule|Species Clause: Limit one of each Pok\u00e9mon\n|rule|HP Percentage Mod: HP is shown in percentages\n|rule|Sleep Clause Mod: Limit one foe put to sleep\n|rule|Illusion Level Mod: Illusion disguises the Pok\u00e9mon's true level\n|\n|t:|1732994115\n|start\n|switch|p1a: Terrakion|Terrakion, L79|273/273\n|switch|p2a: Whiscash|Whiscash, L88, F|337/337\n|turn|1\n|inactive|Battle timer is ON: inactive players will automatically lose when time's up. (requested by steelixprismgx)\n|\n|t:|1732994148\n|switch|p1a: Raichu|Raichu, L88, F|249/249\n|move|p2a: Whiscash|Earthquake|p1a: Raichu\n|-supereffective|p1a: Raichu\n|-damage|p1a: Raichu|0 fnt\n|faint|p1a: Raichu\n|\n|upkeep\n|c|\u2606steelixprismgx|damn.\n|\n|t:|1732994158\n|switch|p1a: Galvantula|Galvantula, L82, M|249/249\n|turn|2\n|\n|t:|1732994164\n|move|p1a: Galvantula|Sticky Web|p2a: Whiscash\n|-sidestart|p2: Lucario0000|move: Sticky Web\n|move|p2a: Whiscash|Stealth Rock|p1a: Galvantula\n|-sidestart|p1: steelixprismgx|move: Stealth Rock\n|\n|upkeep\n|turn|3\n|\n|t:|1732994168\n|move|p1a: Galvantula|Bug Buzz|p2a: Whiscash\n|-damage|p2a: Whiscash|234/337\n|move|p2a: Whiscash|Earthquake|p1a: Galvantula\n|-damage|p1a: Galvantula|116/249\n|\n|-heal|p2a: Whiscash|255/337|[from] item: Leftovers\n|upkeep\n|turn|4\n|c|\u2606steelixprismgx|i really should have seen that coming\n|\n|t:|1732994183\n|switch|p1a: Mesprit|Mesprit, L85|275/275\n|-damage|p1a: Mesprit|241/275|[from] Stealth Rock\n|move|p2a: Whiscash|Earthquake|p1a: Mesprit\n|-immune|p1a: Mesprit|[from] ability: Levitate\n|\n|-heal|p2a: Whiscash|276/337|[from] item: Leftovers\n|upkeep\n|turn|5\n|\n|t:|1732994205\n|move|p1a: Mesprit|Psychic|p2a: Whiscash\n|-damage|p2a: Whiscash|158/337\n|move|p2a: Whiscash|Hydro Pump|p1a: Mesprit|[miss]\n|-miss|p2a: Whiscash|p1a: Mesprit\n|\n|-heal|p2a: Whiscash|179/337|[from] item: Leftovers\n|upkeep\n|turn|6\n|\n|t:|1732994214\n|move|p1a: Mesprit|Psychic|p2a: Whiscash\n|-damage|p2a: Whiscash|52/337\n|move|p2a: Whiscash|Hydro Pump|p1a: Mesprit\n|-damage|p1a: Mesprit|147/275\n|\n|-heal|p2a: Whiscash|73/337|[from] item: Leftovers\n|upkeep\n|turn|7\n|\n|t:|1732994218\n|move|p1a: Mesprit|Psychic|p2a: Whiscash\n|-damage|p2a: Whiscash|0 fnt\n|faint|p2a: Whiscash\n|\n|upkeep\n|\n|t:|1732994222\n|switch|p2a: Samurott|Samurott-Hisui, L77, F|265/265\n|-activate|p2a: Samurott|move: Sticky Web\n|-unboost|p2a: Samurott|spe|1\n|turn|8\n|\n|t:|1732994248\n|switch|p1a: Terrakion|Terrakion, L79|273/273\n|-damage|p1a: Terrakion|256/273|[from] Stealth Rock\n|move|p2a: Samurott|Ceaseless Edge|p1a: Terrakion\n|-resisted|p1a: Terrakion\n|-damage|p1a: Terrakion|198/273\n|-ability|p1a: Terrakion|Justified|boost\n|-boost|p1a: Terrakion|atk|1\n|-sidestart|p1: steelixprismgx|Spikes\n|-damage|p2a: Samurott|239/265|[from] item: Life Orb\n|\n|upkeep\n|turn|9\n|\n|t:|1732994260\n|-terastallize|p2a: Samurott|Poison\n|move|p1a: Terrakion|Stone Edge|p2a: Samurott\n|-damage|p2a: Samurott|0 fnt\n|faint|p2a: Samurott\n|-damage|p1a: Terrakion|171/273|[from] item: Life Orb\n|\n|upkeep\n|\n|t:|1732994274\n|switch|p2a: Eiscue|Eiscue, L88, M|272/272\n|-activate|p2a: Eiscue|move: Sticky Web\n|-unboost|p2a: Eiscue|spe|1\n|turn|10\n|\n|t:|1732994284\n|move|p1a: Terrakion|Earthquake|p2a: Eiscue\n|-activate|p2a: Eiscue|ability: Ice Face\n|-damage|p2a: Eiscue|272/272\n|detailschange|p2a: Eiscue|Eiscue-Noice, L88, M\n|-damage|p1a: Terrakion|144/273|[from] item: Life Orb\n|move|p2a: Eiscue|Substitute|p2a: Eiscue\n|-start|p2a: Eiscue|Substitute\n|-damage|p2a: Eiscue|204/272\n|\n|upkeep\n|turn|11\n|\n|t:|1732994293\n|move|p1a: Terrakion|Earthquake|p2a: Eiscue\n|-end|p2a: Eiscue|Substitute\n|-damage|p1a: Terrakion|117/273|[from] item: Life Orb\n|move|p2a: Eiscue|Belly Drum|p2a: Eiscue\n|-damage|p2a: Eiscue|68/272\n|-setboost|p2a: Eiscue|atk|6|[from] move: Belly Drum\n|-enditem|p2a: Eiscue|Salac Berry|[eat]\n|-boost|p2a: Eiscue|spe|1|[from] item: Salac Berry\n|\n|upkeep\n|turn|12\n|c|\u2606steelixprismgx|uh oh\n|\n|t:|1732994310\n|switch|p1a: Galvantula|Galvantula, L82, M|116/249\n|move|p2a: Eiscue|Liquidation|p1a: Galvantula\n|-damage|p1a: Galvantula|0 fnt\n|faint|p1a: Galvantula\n|\n|upkeep\n|\n|t:|1732994312\n|switch|p1a: Toxicroak|Toxicroak, L84, M|277/277\n|-damage|p1a: Toxicroak|260/277|[from] Stealth Rock\n|-damage|p1a: Toxicroak|226/277|[from] Spikes\n|turn|13\n|\n|t:|1732994319\n|move|p1a: Toxicroak|Sucker Punch||[still]\n|-fail|p1a: Toxicroak\n|move|p2a: Eiscue|Substitute|p2a: Eiscue\n|-fail|p2a: Eiscue|move: Substitute|[weak]\n|\n|upkeep\n|turn|14\n|c|\u2606steelixprismgx|lmfao.\n|\n|t:|1732994331\n|move|p1a: Toxicroak|Sucker Punch||[still]\n|-fail|p1a: Toxicroak\n|move|p2a: Eiscue|Substitute|p2a: Eiscue\n|-fail|p2a: Eiscue|move: Substitute|[weak]\n|\n|upkeep\n|turn|15\n|c|\u2606steelixprismgx|what the fuck are you doing\n|\n|t:|1732994345\n|switch|p1a: Mesprit|Mesprit, L85|147/275\n|-damage|p1a: Mesprit|113/275|[from] Stealth Rock\n|move|p2a: Eiscue|Ice Spinner|p1a: Mesprit\n|-damage|p1a: Mesprit|0 fnt\n|faint|p1a: Mesprit\n|\n|upkeep\n|c|\u2606steelixprismgx|oh i see\n|\n|t:|1732994351\n|switch|p1a: Toxicroak|Toxicroak, L84, M|226/277\n|-damage|p1a: Toxicroak|209/277|[from] Stealth Rock\n|-damage|p1a: Toxicroak|175/277|[from] Spikes\n|turn|16\n|\n|t:|1732994357\n|move|p1a: Toxicroak|Sucker Punch|p2a: Eiscue\n|-damage|p2a: Eiscue|0 fnt\n|faint|p2a: Eiscue\n|\n|upkeep\n|\n|t:|1732994362\n|switch|p2a: Reuniclus|Reuniclus, L88, F|337/337\n|-activate|p2a: Reuniclus|move: Sticky Web\n|-unboost|p2a: Reuniclus|spe|1\n|turn|17\n|\n|t:|1732994369\n|switch|p1a: Clawitzer|Clawitzer, L87, F|265/265\n|-damage|p1a: Clawitzer|232/265|[from] Stealth Rock\n|-damage|p1a: Clawitzer|199/265|[from] Spikes\n|move|p2a: Reuniclus|Psyshock|p1a: Clawitzer\n|-damage|p1a: Clawitzer|51/265\n|\n|upkeep\n|turn|18\n|\n|t:|1732994381\n|switch|p2a: Bellossom|Bellossom, L84, F|263/263\n|-activate|p2a: Bellossom|move: Sticky Web\n|-unboost|p2a: Bellossom|spe|1\n|move|p1a: Clawitzer|Dark Pulse|p2a: Bellossom\n|-damage|p2a: Bellossom|111/263\n|\n|-heal|p2a: Bellossom|127/263|[from] item: Leftovers\n|upkeep\n|turn|19\n|\n|t:|1732994391\n|move|p1a: Clawitzer|Dark Pulse|p2a: Bellossom\n|-damage|p2a: Bellossom|0 fnt\n|faint|p2a: Bellossom\n|\n|upkeep\n|\n|t:|1732994393\n|switch|p2a: Slither Wing|Slither Wing, L81|270/270\n|-activate|p2a: Slither Wing|move: Sticky Web\n|-unboost|p2a: Slither Wing|spe|1\n|-enditem|p2a: Slither Wing|Booster Energy\n|-activate|p2a: Slither Wing|ability: Protosynthesis|[fromitem]\n|-start|p2a: Slither Wing|protosynthesisatk\n|turn|20\n|\n|t:|1732994399\n|move|p1a: Clawitzer|Dark Pulse|p2a: Slither Wing\n|-resisted|p2a: Slither Wing\n|-damage|p2a: Slither Wing|193/270\n|move|p2a: Slither Wing|Leech Life|p1a: Clawitzer\n|-damage|p1a: Clawitzer|0 fnt\n|-heal|p2a: Slither Wing|219/270|[from] drain|[of] p1a: Clawitzer\n|faint|p1a: Clawitzer\n|\n|upkeep\n|\n|t:|1732994405\n|switch|p1a: Terrakion|Terrakion, L79|117/273\n|-damage|p1a: Terrakion|100/273|[from] Stealth Rock\n|-damage|p1a: Terrakion|66/273|[from] Spikes\n|turn|21\n|\n|t:|1732994410\n|move|p1a: Terrakion|Stone Edge|p2a: Slither Wing\n|-crit|p2a: Slither Wing\n|-damage|p2a: Slither Wing|0 fnt\n|faint|p2a: Slither Wing\n|-end|p2a: Slither Wing|Protosynthesis|[silent]\n|-damage|p1a: Terrakion|39/273|[from] item: Life Orb\n|\n|upkeep\n|\n|t:|1732994413\n|switch|p2a: Reuniclus|Reuniclus, L88, F|337/337\n|-activate|p2a: Reuniclus|move: Sticky Web\n|-unboost|p2a: Reuniclus|spe|1\n|turn|22\n|\n|t:|1732994417\n|move|p1a: Terrakion|Stone Edge|p2a: Reuniclus\n|-crit|p2a: Reuniclus\n|-damage|p2a: Reuniclus|107/337\n|-damage|p1a: Terrakion|12/273|[from] item: Life Orb\n|move|p2a: Reuniclus|Psyshock|p1a: Terrakion\n|-supereffective|p1a: Terrakion\n|-damage|p1a: Terrakion|0 fnt\n|faint|p1a: Terrakion\n|\n|upkeep\n|\n|t:|1732994420\n|switch|p1a: Toxicroak|Toxicroak, L84, M|175/277\n|-damage|p1a: Toxicroak|158/277|[from] Stealth Rock\n|-damage|p1a: Toxicroak|124/277|[from] Spikes\n|turn|23\n|\n|t:|1732994431\n|-terastallize|p1a: Toxicroak|Dark\n|move|p1a: Toxicroak|Knock Off|p2a: Reuniclus\n|-supereffective|p2a: Reuniclus\n|-damage|p2a: Reuniclus|0 fnt\n|-enditem|p2a: Reuniclus|Life Orb|[from] move: Knock Off|[of] p1a: Toxicroak\n|faint|p2a: Reuniclus\n|\n|win|steelixprismgx\n|raw|steelixprismgx's rating: 1655 &rarr; <strong>1677</strong><br />(+22 for winning)\n|raw|Lucario0000's rating: 1685 &rarr; <strong>1663</strong><br />(-22 for losing)\n|c|\u2606steelixprismgx|gg\n|c|\u2606Lucario0000|gg\n|l|\u2606Lucario0000\n|player|p2|\n", "inputlog": ">version b107d77f5c90bd6555267ae244a6264823309ead\n>start {\"formatid\":\"gen9randombattle\",\"seed\":[40752,21158,54460,14084],\"rated\":\"Rated battle\"}\n>player p1 {\"name\":\"steelixprismgx\",\"avatar\":\"colress\",\"rating\":1655,\"seed\":[15684,39147,1746,60544]}\n>player p2 {\"name\":\"Lucario0000\",\"avatar\":\"miku-flying\",\"rating\":1685,\"seed\":[60105,53896,28700,51581]}\n>p1 switch 4\n>p2 move earthquake\n>chat \u2606steelixprismgx|damn.\n>p1 switch 5\n>p1 move stickyweb\n>p2 move stealthrock\n>p1 move bugbuzz\n>p2 move earthquake\n>chat \u2606steelixprismgx|i really should have seen that coming\n>p1 switch 2\n>p2 move earthquake\n>p1 move psychic\n>p2 move hydropump\n>p1 move psychic\n>p2 move hydropump\n>p1 move psychic\n>p2 move hydropump\n>p2 switch 6\n>p1 switch 4\n>p2 move ceaselessedge\n>p1 move stoneedge\n>p2 move razorshell terastallize\n>p2 switch 2\n>p1 move earthquake\n>p2 move substitute\n>p1 move earthquake\n>p2 move bellydrum\n>chat \u2606steelixprismgx|uh oh\n>p1 switch 2\n>p2 move liquidation\n>p1 switch 6\n>p1 move suckerpunch\n>p2 move substitute\n>chat \u2606steelixprismgx|lmfao.\n>p1 move suckerpunch\n>p2 move substitute\n>chat \u2606steelixprismgx|what the fuck are you doing\n>p1 switch 4\n>p2 move icespinner\n>chat \u2606steelixprismgx|oh i see\n>p1 switch 4\n>p1 move suckerpunch\n>p2 move icespinner\n>p2 switch 5\n>p1 switch 3\n>p2 move psyshock\n>p1 move darkpulse\n>p2 switch 4\n>p1 move darkpulse\n>p2 move gigadrain\n>p2 switch 3\n>p1 move darkpulse\n>p2 move leechlife\n>p1 switch 2\n>p1 move stoneedge\n>p2 move closecombat\n>p2 switch 4\n>p1 move stoneedge\n>p2 move psyshock\n>p1 switch 3\n>p1 move knockoff terastallize\n>p2 move recover", "uploadtime": 1732994449, "views": 4, "formatid": "gen9randombattle", "rating": 1663, "private": 0, "password": null}