{"id": "gen9randombattle-2253830146", "format": "[Gen 9] Random Battle", "players": ["Defying Blackity", "starrrrrrrrr"], "log": "|j|\u2606Defying Blackity\n|j|\u2606starrrrrrrrr\n|t:|1732944962\n|gametype|singles\n|player|p1|Defying Blackity|101|1148\n|player|p2|starrrrrrrrr|elesa|1134\n|teamsize|p1|6\n|teamsize|p2|6\n|gen|9\n|tier|[Gen 9] Random Battle\n|rated|\n|rule|Species Clause: Limit one of each Pok\u00e9mon\n|rule|HP Percentage Mod: HP is shown in percentages\n|rule|Sleep Clause Mod: Limit one foe put to sleep\n|rule|Illusion Level Mod: Illusion disguises the Pok\u00e9mon's true level\n|\n|t:|1732944962\n|start\n|switch|p1a: Hydreigon|Hydreigon, L79, M|275/275\n|switch|p2a: Reshiram|Reshiram, L76|277/277\n|-ability|p2a: Reshiram|Turboblaze\n|turn|1\n|inactive|Battle timer is ON: inactive players will automatically lose when time's up. (requested by starrrrrrrrr)\n|\n|t:|1732945018\n|move|p1a: Hydreigon|Draco Meteor|p2a: Reshiram\n|-supereffective|p2a: Reshiram\n|-damage|p2a: Reshiram|0 fnt\n|-unboost|p1a: Hydreigon|spa|2\n|faint|p2a: Reshiram\n|\n|upkeep\n|c|\u2606Defying Blackity|what is your name a reference to?\n|\n|t:|1732945034\n|switch|p2a: Dipplin|Dipplin, L88, M|284/284\n|turn|2\n|\n|t:|1732945060\n|switch|p1a: Delibird|Delibird, F|252/252\n|move|p2a: Dipplin|Dragon Pulse|p1a: Delibird\n|-damage|p1a: Delibird|123/252\n|\n|upkeep\n|turn|3\n|\n|t:|1732945073\n|move|p2a: Dipplin|Sucker Punch||[still]\n|-fail|p2a: Dipplin\n|move|p1a: Delibird|Spikes|p2a: Dipplin\n|-sidestart|p2: starrrrrrrrr|Spikes\n|\n|upkeep\n|turn|4\n|\n|t:|1732945083\n|move|p2a: Dipplin|Sucker Punch|p1a: Delibird\n|-damage|p1a: Delibird|57/252\n|move|p1a: Delibird|Freeze-Dry|p2a: Dipplin\n|-supereffective|p2a: Dipplin\n|-damage|p2a: Dipplin|52/284\n|\n|upkeep\n|turn|5\n|\n|t:|1732945091\n|move|p2a: Dipplin|Sucker Punch||[still]\n|-fail|p2a: Dipplin\n|move|p1a: Delibird|Spikes|p2a: Dipplin\n|-sidestart|p2: starrrrrrrrr|Spikes\n|\n|upkeep\n|turn|6\n|\n|t:|1732945096\n|move|p2a: Dipplin|Sucker Punch||[still]\n|-fail|p2a: Dipplin\n|move|p1a: Delibird|Spikes|p2a: Dipplin\n|-sidestart|p2: starrrrrrrrr|Spikes\n|\n|upkeep\n|turn|7\n|\n|t:|1732945104\n|move|p2a: Dipplin|Sucker Punch|p1a: Delibird\n|-damage|p1a: Delibird|0 fnt\n|faint|p1a: Delibird\n|\n|upkeep\n|\n|t:|1732945109\n|switch|p1a: Cinccino|Cinccino, L83, F|238/238\n|turn|8\n|\n|t:|1732945122\n|move|p2a: Dipplin|Sucker Punch|p1a: Cinccino\n|-resisted|p1a: Cinccino\n|-damage|p1a: Cinccino|208/238\n|replace|p1a: Zoroark|Zoroark, L84, F\n|-end|p1a: Zoroark|Illusion\n|-hint|Illusion Level Mod is active, so this Pok\u00e9mon's true level was hidden.\n|move|p1a: Zoroark|Dark Pulse|p2a: Dipplin\n|-damage|p2a: Dipplin|0 fnt\n|faint|p2a: Dipplin\n|-damage|p1a: Zoroark|185/238|[from] item: Life Orb\n|\n|upkeep\n|\n|t:|1732945140\n|switch|p2a: Qwilfish|Qwilfish-Hisui, L83, F|244/244\n|-damage|p2a: Qwilfish|183/244|[from] Spikes\n|-ability|p2a: Qwilfish|Intimidate|boost\n|-unboost|p1a: Zoroark|atk|1\n|turn|9\n|\n|t:|1732945158\n|switch|p1a: Great Tusk|Great Tusk, L77|304/304\n|-enditem|p1a: Great Tusk|Booster Energy\n|-activate|p1a: Great Tusk|ability: Protosynthesis|[fromitem]\n|-start|p1a: Great Tusk|protosynthesisatk\n|move|p2a: Qwilfish|Toxic Spikes|p1a: Great Tusk\n|-sidestart|p1: Defying Blackity|move: Toxic Spikes\n|\n|upkeep\n|turn|10\n|inactive|starrrrrrrrr has 120 seconds left.\n|\n|t:|1732945180\n|switch|p2a: Ho-Oh|Ho-Oh, L71|268/268\n|move|p1a: Great Tusk|Earthquake|p2a: Ho-Oh\n|-immune|p2a: Ho-Oh\n|\n|upkeep\n|turn|11\n|inactive|starrrrrrrrr has 120 seconds left.\n|inactive|Defying Blackity has 120 seconds left.\n|\n|t:|1732945236\n|move|p1a: Great Tusk|Stone Edge|p2a: Ho-Oh\n|-supereffective|p2a: Ho-Oh\n|-damage|p2a: Ho-Oh|0 fnt\n|faint|p2a: Ho-Oh\n|\n|upkeep\n|inactive|starrrrrrrrr has 120 seconds left.\n|\n|t:|1732945249\n|switch|p2a: Cacturne|Cacturne, L92, M|278/278\n|-damage|p2a: Cacturne|209/278|[from] Spikes\n|turn|12\n|inactive|starrrrrrrrr has 120 seconds left.\n|\n|t:|1732945267\n|move|p1a: Great Tusk|Close Combat|p2a: Cacturne\n|-supereffective|p2a: Cacturne\n|-damage|p2a: Cacturne|0 fnt\n|-unboost|p1a: Great Tusk|def|1\n|-unboost|p1a: Great Tusk|spd|1\n|faint|p2a: Cacturne\n|\n|upkeep\n|\n|t:|1732945276\n|switch|p2a: Slither Wing|Slither Wing, L81|270/270\n|-damage|p2a: Slither Wing|203/270|[from] Spikes\n|turn|13\n|inactive|starrrrrrrrr has 120 seconds left.\n|\n|t:|1732945285\n|move|p2a: Slither Wing|First Impression|p1a: Great Tusk\n|-resisted|p1a: Great Tusk\n|-damage|p1a: Great Tusk|235/304\n|move|p1a: Great Tusk|Bulk Up|p1a: Great Tusk\n|-boost|p1a: Great Tusk|atk|1\n|-boost|p1a: Great Tusk|def|1\n|\n|upkeep\n|turn|14\n|-message|starrrrrrrrr forfeited.\n|\n|win|Defying Blackity\n|raw|Defying Blackity's rating: 1148 &rarr; <strong>1172</strong><br />(+24 for winning)\n|raw|starrrrrrrrr's rating: 1134 &rarr; <strong>1110</strong><br />(-24 for losing)\n|l|\u2606starrrrrrrrr\n|player|p2|\n", "inputlog": ">version b107d77f5c90bd6555267ae244a6264823309ead\n>start {\"formatid\":\"gen9randombattle\",\"seed\":[44455,19503,5822,32403],\"rated\":\"Rated battle\"}\n>player p1 {\"name\":\"Defying Blackity\",\"avatar\":\"101\",\"rating\":1148,\"seed\":[51517,48937,23487,33859]}\n>player p2 {\"name\":\"starrrrrrrrr\",\"avatar\":\"elesa\",\"rating\":1134,\"seed\":[59409,64329,21336,53328]}\n>p1 move dracometeor\n>p2 move dracometeor\n>chat \u2606Defying Blackity|what is your name a reference to?\n>p2 switch 6\n>p1 switch 2\n>p2 move dragonpulse\n>p1 move spikes\n>p2 move suckerpunch\n>p1 move freezedry\n>p2 move suckerpunch\n>p1 move spikes\n>p2 move suckerpunch\n>p1 move spikes\n>p2 move suckerpunch\n>p1 move freezedry\n>p2 move suckerpunch\n>p1 switch 3\n>p1 move darkpulse\n>p2 move suckerpunch\n>p2 switch 4\n>p1 switch 5\n>p2 move toxicspikes\n>p1 move earthquake\n>p2 switch 5\n>p1 move stoneedge\n>p2 move bravebird\n>p2 switch 2\n>p1 move closecombat\n>p2 move seedbomb\n>p2 switch 3\n>p1 move bulkup\n>p2 move firstimpression\n>forcelose p2", "uploadtime": 1732945291, "views": 5, "formatid": "gen9randombattle", "rating": 1110, "private": 0, "password": null}