{"id": "gen9randombattle-2253884736", "format": "[Gen 9] Random Battle", "players": ["frsw", "naheeli"], "log": "|j|\u2606frsw\n|j|\u2606naheeli\n|t:|1732956110\n|gametype|singles\n|player|p1|frsw|169|1108\n|player|p2|naheeli|darach-caitlin|1158\n|teamsize|p1|6\n|teamsize|p2|6\n|gen|9\n|tier|[Gen 9] Random Battle\n|rated|\n|rule|Species Clause: Limit one of each Pok\u00e9mon\n|rule|HP Percentage Mod: HP is shown in percentages\n|rule|Sleep Clause Mod: Limit one foe put to sleep\n|rule|Illusion Level Mod: Illusion disguises the Pok\u00e9mon's true level\n|\n|t:|1732956110\n|start\n|switch|p1a: Talonflame|Talonflame, L84, F|268/268\n|switch|p2a: Zekrom|Zekrom, L71|259/259\n|-ability|p2a: Zekrom|Teravolt\n|turn|1\n|inactive|Battle timer is ON: inactive players will automatically lose when time's up. (requested by frsw)\n|\n|t:|1732956127\n|move|p1a: Talonflame|U-turn|p2a: Zekrom\n|-damage|p2a: Zekrom|221/259\n|\n|t:|1732956137\n|switch|p1a: Decidueye|Decidueye-Hisui, L87, M|295/295|[from] U-turn\n|move|p2a: Zekrom|Bolt Strike|p1a: Decidueye|[miss]\n|-miss|p2a: Zekrom|p1a: Decidueye\n|\n|-heal|p2a: Zekrom|237/259|[from] item: Leftovers\n|upkeep\n|turn|2\n|\n|t:|1732956154\n|switch|p2a: Emboar|Emboar, L84, F|322/322\n|move|p1a: Decidueye|Knock Off|p2a: Emboar\n|-resisted|p2a: Emboar\n|-damage|p2a: Emboar|268/322\n|-enditem|p2a: Emboar|Choice Band|[from] move: Knock Off|[of] p1a: Decidueye\n|\n|upkeep\n|turn|3\n|\n|t:|1732956173\n|switch|p1a: Dipplin|Dipplin, L88, M|284/284\n|move|p2a: Emboar|Flare Blitz|p1a: Dipplin\n|-damage|p1a: Dipplin|178/284\n|-damage|p2a: Emboar|233/322|[from] Recoil\n|\n|upkeep\n|turn|4\n|\n|t:|1732956191\n|switch|p2a: Wigglytuff|Wigglytuff, L96, M|424/424\n|move|p1a: Dipplin|Recover|p1a: Dipplin\n|-heal|p1a: Dipplin|284/284\n|\n|upkeep\n|turn|5\n|\n|t:|1732956203\n|switch|p1a: Regieleki|Regieleki, L79|256/256\n|move|p2a: Wigglytuff|Dazzling Gleam|p1a: Regieleki\n|-damage|p1a: Regieleki|91/256\n|\n|upkeep\n|turn|6\n|\n|t:|1732956209\n|move|p1a: Regieleki|Thunderbolt|p2a: Wigglytuff\n|-damage|p2a: Wigglytuff|252/424\n|move|p2a: Wigglytuff|Dazzling Gleam|p1a: Regieleki\n|-damage|p1a: Regieleki|0 fnt\n|faint|p1a: Regieleki\n|\n|-heal|p2a: Wigglytuff|278/424|[from] item: Leftovers\n|upkeep\n|\n|t:|1732956219\n|switch|p1a: Talonflame|Talonflame, L84, F|268/268\n|turn|7\n|\n|t:|1732956231\n|move|p1a: Talonflame|Brave Bird|p2a: Wigglytuff\n|-damage|p2a: Wigglytuff|137/424\n|-damage|p1a: Talonflame|221/268|[from] Recoil\n|move|p2a: Wigglytuff|Thunder Wave|p1a: Talonflame\n|-status|p1a: Talonflame|par\n|\n|-heal|p2a: Wigglytuff|163/424|[from] item: Leftovers\n|upkeep\n|turn|8\n|\n|t:|1732956247\n|switch|p2a: Zekrom|Zekrom, L71|237/259\n|-ability|p2a: Zekrom|Teravolt\n|move|p1a: Talonflame|U-turn|p2a: Zekrom\n|-damage|p2a: Zekrom|197/259\n|\n|t:|1732956254\n|switch|p1a: Decidueye|Decidueye-Hisui, L87, M|295/295|[from] U-turn\n|\n|-heal|p2a: Zekrom|213/259|[from] item: Leftovers\n|upkeep\n|turn|9\n|\n|t:|1732956264\n|move|p2a: Zekrom|Substitute|p2a: Zekrom\n|-start|p2a: Zekrom|Substitute\n|-damage|p2a: Zekrom|149/259\n|move|p1a: Decidueye|Triple Arrows|p2a: Zekrom\n|-end|p2a: Zekrom|Substitute\n|\n|-heal|p2a: Zekrom|165/259|[from] item: Leftovers\n|upkeep\n|turn|10\n|\n|t:|1732956283\n|switch|p2a: Wigglytuff|Wigglytuff, L96, M|163/424\n|move|p1a: Decidueye|Triple Arrows|p2a: Wigglytuff\n|-damage|p2a: Wigglytuff|0 fnt\n|faint|p2a: Wigglytuff\n|\n|upkeep\n|\n|t:|1732956291\n|switch|p2a: Emboar|Emboar, L84, F|233/322\n|turn|11\n|\n|t:|1732956295\n|switch|p1a: Talonflame|Talonflame, L84, F|221/268 par\n|move|p2a: Emboar|Flare Blitz|p1a: Talonflame\n|-resisted|p1a: Talonflame\n|-crit|p1a: Talonflame\n|-damage|p1a: Talonflame|74/268 par\n|-damage|p2a: Emboar|184/322|[from] Recoil\n|\n|upkeep\n|turn|12\n|\n|t:|1732956304\n|move|p2a: Emboar|Flare Blitz|p1a: Talonflame\n|-resisted|p1a: Talonflame\n|-damage|p1a: Talonflame|0 fnt\n|faint|p1a: Talonflame\n|-damage|p2a: Emboar|160/322|[from] Recoil\n|\n|upkeep\n|\n|t:|1732956315\n|switch|p1a: Raging Bolt|Raging Bolt, L78|323/323\n|turn|13\n|\n|t:|1732956328\n|switch|p2a: Delphox|Delphox, L84, F|263/263\n|move|p1a: Raging Bolt|Volt Switch|p2a: Delphox\n|-damage|p2a: Delphox|181/263\n|\n|t:|1732956334\n|-end|p1a: Raging Bolt|Protosynthesis|[silent]\n|switch|p1a: Dipplin|Dipplin, L88, M|284/284|[from] Volt Switch\n|\n|upkeep\n|turn|14\n|\n|t:|1732956343\n|move|p2a: Delphox|Psyshock|p1a: Dipplin\n|-damage|p1a: Dipplin|230/284\n|move|p1a: Dipplin|Dragon Pulse|p2a: Delphox\n|-damage|p2a: Delphox|99/263\n|\n|upkeep\n|turn|15\n|\n|t:|1732956360\n|move|p2a: Delphox|Nasty Plot|p2a: Delphox\n|-boost|p2a: Delphox|spa|2\n|move|p1a: Dipplin|Dragon Tail|p2a: Delphox\n|-damage|p2a: Delphox|32/263\n|drag|p2a: Falinks|Falinks, L84|246/246\n|\n|upkeep\n|turn|16\n|\n|t:|1732956378\n|move|p2a: Falinks|No Retreat|p2a: Falinks\n|-boost|p2a: Falinks|atk|1\n|-boost|p2a: Falinks|def|1\n|-boost|p2a: Falinks|spa|1\n|-boost|p2a: Falinks|spd|1\n|-boost|p2a: Falinks|spe|1\n|-start|p2a: Falinks|move: No Retreat\n|move|p1a: Dipplin|Dragon Tail|p2a: Falinks\n|-damage|p2a: Falinks|207/246\n|drag|p2a: Eiscue|Eiscue, L88, M|274/274\n|\n|upkeep\n|turn|17\n|\n|t:|1732956395\n|switch|p1a: Decidueye|Decidueye-Hisui, L87, M|295/295\n|move|p2a: Eiscue|Ice Spinner|p1a: Decidueye\n|-supereffective|p1a: Decidueye\n|-damage|p1a: Decidueye|143/295\n|\n|-heal|p1a: Decidueye|161/295|[from] item: Leftovers\n|upkeep\n|turn|18\n|\n|t:|1732956404\n|move|p1a: Decidueye|Triple Arrows|p2a: Eiscue\n|-activate|p2a: Eiscue|ability: Ice Face\n|-damage|p2a: Eiscue|274/274\n|-unboost|p2a: Eiscue|def|1\n|detailschange|p2a: Eiscue|Eiscue-Noice, L88, M\n|cant|p2a: Eiscue|flinch\n|\n|-heal|p1a: Decidueye|179/295|[from] item: Leftovers\n|upkeep\n|turn|19\n|\n|t:|1732956418\n|switch|p2a: Delphox|Delphox, L84, F|32/263\n|move|p1a: Decidueye|Triple Arrows|p2a: Delphox\n|-resisted|p2a: Delphox\n|-damage|p2a: Delphox|0 fnt\n|faint|p2a: Delphox\n|\n|-heal|p1a: Decidueye|197/295|[from] item: Leftovers\n|upkeep\n|\n|t:|1732956429\n|switch|p2a: Emboar|Emboar, L84, F|160/322\n|turn|20\n|\n|t:|1732956440\n|move|p2a: Emboar|Flare Blitz|p1a: Decidueye\n|-supereffective|p1a: Decidueye\n|-damage|p1a: Decidueye|0 fnt\n|faint|p1a: Decidueye\n|-damage|p2a: Emboar|95/322|[from] Recoil\n|\n|upkeep\n|\n|t:|1732956465\n|switch|p1a: Raging Bolt|Raging Bolt, L78|323/323\n|turn|21\n|\n|t:|1732956472\n|move|p1a: Raging Bolt|Thunderbolt|p2a: Emboar\n|-damage|p2a: Emboar|0 fnt\n|faint|p2a: Emboar\n|\n|upkeep\n|\n|t:|1732956485\n|switch|p2a: Falinks|Falinks, L84|207/246\n|turn|22\n|\n|t:|1732956492\n|move|p2a: Falinks|No Retreat|p2a: Falinks\n|-boost|p2a: Falinks|atk|1\n|-boost|p2a: Falinks|def|1\n|-boost|p2a: Falinks|spa|1\n|-boost|p2a: Falinks|spd|1\n|-boost|p2a: Falinks|spe|1\n|-start|p2a: Falinks|move: No Retreat\n|move|p1a: Raging Bolt|Thunderbolt|p2a: Falinks\n|-damage|p2a: Falinks|108/246\n|-status|p2a: Falinks|par\n|\n|upkeep\n|turn|23\n|\n|t:|1732956502\n|move|p1a: Raging Bolt|Thunderbolt|p2a: Falinks\n|-damage|p2a: Falinks|14/246 par\n|move|p2a: Falinks|Close Combat|p1a: Raging Bolt\n|-crit|p1a: Raging Bolt\n|-damage|p1a: Raging Bolt|0 fnt\n|-unboost|p2a: Falinks|def|1\n|-unboost|p2a: Falinks|spd|1\n|faint|p1a: Raging Bolt\n|-end|p1a: Raging Bolt|Protosynthesis|[silent]\n|-damage|p2a: Falinks|0 fnt|[from] item: Life Orb\n|faint|p2a: Falinks\n|\n|upkeep\n|\n|t:|1732956522\n|switch|p2a: Eiscue|Eiscue-Noice, L88, M|274/274\n|switch|p1a: Eiscue|Eiscue, L88, M|274/274\n|turn|24\n|\n|t:|1732956530\n|move|p2a: Eiscue|Belly Drum|p2a: Eiscue\n|-damage|p2a: Eiscue|137/274\n|-setboost|p2a: Eiscue|atk|6|[from] move: Belly Drum\n|-enditem|p2a: Eiscue|Sitrus Berry|[eat]\n|-heal|p2a: Eiscue|205/274|[from] item: Sitrus Berry\n|move|p1a: Eiscue|Belly Drum|p1a: Eiscue\n|-damage|p1a: Eiscue|137/274\n|-setboost|p1a: Eiscue|atk|6|[from] move: Belly Drum\n|-enditem|p1a: Eiscue|Sitrus Berry|[eat]\n|-heal|p1a: Eiscue|205/274|[from] item: Sitrus Berry\n|\n|upkeep\n|turn|25\n|\n|t:|1732956545\n|move|p2a: Eiscue|Liquidation|p1a: Eiscue\n|-activate|p1a: Eiscue|ability: Ice Face\n|-damage|p1a: Eiscue|205/274\n|detailschange|p1a: Eiscue|Eiscue-Noice, L88, M\n|move|p1a: Eiscue|Liquidation|p2a: Eiscue\n|-damage|p2a: Eiscue|0 fnt\n|faint|p2a: Eiscue\n|\n|upkeep\n|\n|t:|1732956555\n|switch|p2a: Zekrom|Zekrom, L71|165/259\n|-ability|p2a: Zekrom|Teravolt\n|turn|26\n|\n|t:|1732956562\n|-terastallize|p2a: Zekrom|Electric\n|move|p1a: Eiscue|Ice Spinner|p2a: Zekrom\n|-damage|p2a: Zekrom|0 fnt\n|faint|p2a: Zekrom\n|\n|win|frsw\n|raw|frsw's rating: 1108 &rarr; <strong>1137</strong><br />(+29 for winning)\n|raw|naheeli's rating: 1158 &rarr; <strong>1129</strong><br />(-29 for losing)\n", "inputlog": ">version b107d77f5c90bd6555267ae244a6264823309ead\n>start {\"formatid\":\"gen9randombattle\",\"seed\":[19446,15448,19428,35492],\"rated\":\"Rated battle\"}\n>player p1 {\"name\":\"frsw\",\"avatar\":\"169\",\"rating\":1108,\"seed\":[34101,38936,608,63161]}\n>player p2 {\"name\":\"naheeli\",\"avatar\":\"darach-caitlin\",\"rating\":1158,\"seed\":[35435,5130,50250,62993]}\n>p1 move uturn\n>p2 move boltstrike\n>p1 switch 6\n>p1 move knockoff\n>p2 switch 5\n>p1 switch 3\n>p2 move flareblitz\n>p1 move recover\n>p2 switch 2\n>p1 switch 5\n>p2 move dazzlinggleam\n>p1 move thunderbolt\n>p2 move dazzlinggleam\n>p1 switch 6\n>p1 move bravebird\n>p2 move thunderwave\n>p1 move uturn\n>p2 switch 5\n>p1 switch 3\n>p1 move triplearrows\n>p2 move substitute\n>p1 move triplearrows\n>p2 switch 5\n>p2 switch 2\n>p1 switch 3\n>p2 move flareblitz\n>p1 move uturn\n>p2 move flareblitz\n>p1 switch 4\n>p1 move voltswitch\n>p2 switch 4\n>p1 switch 5\n>p1 move dragonpulse\n>p2 move psyshock\n>p1 move dragontail\n>p2 move nastyplot\n>p1 move dragontail\n>p2 move noretreat\n>p1 switch 3\n>p2 move icespinner\n>p1 move triplearrows\n>p2 move icespinner\n>p1 move triplearrows\n>p2 switch 6\n>p2 switch 4\n>p1 move triplearrows\n>p2 move flareblitz\n>p1 switch 5\n>p1 move thunderbolt\n>p2 move closecombat\n>p2 switch 3\n>p1 move thunderbolt\n>p2 move noretreat\n>p1 move thunderbolt\n>p2 move closecombat\n>p1 switch 2\n>p2 switch 6\n>p1 move bellydrum\n>p2 move bellydrum\n>p1 move liquidation\n>p2 move liquidation\n>p2 switch 5\n>p1 move icespinner\n>p2 move boltstrike terastallize", "uploadtime": 1732956567, "views": 2, "formatid": "gen9randombattle", "rating": 1129, "private": 0, "password": null}