{"id": "gen9randombattle-2253997789", "format": "[Gen 9] Random Battle", "players": ["unken", "DongX123"], "log": "|j|\u2606unken\n|j|\u2606DongX123\n|t:|1732977760\n|gametype|singles\n|player|p1|unken|102|\n|player|p2|DongX123|265|\n|teamsize|p1|6\n|teamsize|p2|6\n|gen|9\n|tier|[Gen 9] Random Battle\n|rule|Species Clause: Limit one of each Pok\u00e9mon\n|rule|HP Percentage Mod: HP is shown in percentages\n|rule|Sleep Clause Mod: Limit one foe put to sleep\n|rule|Illusion Level Mod: Illusion disguises the Pok\u00e9mon's true level\n|\n|t:|1732977760\n|start\n|switch|p1a: Chesnaught|Chesnaught, L84, F|285/285\n|switch|p2a: Honchkrow|Honchkrow, L86, M|312/312\n|turn|1\n|\n|t:|1732977770\n|move|p2a: Honchkrow|Brave Bird|p1a: Chesnaught\n|-supereffective|p1a: Chesnaught\n|-damage|p1a: Chesnaught|0 fnt\n|-damage|p2a: Honchkrow|260/312|[from] item: Rocky Helmet|[of] p1a: Chesnaught\n|faint|p1a: Chesnaught\n|-ability|p2a: Honchkrow|Moxie|boost\n|-boost|p2a: Honchkrow|atk|1\n|-damage|p2a: Honchkrow|166/312|[from] Recoil\n|\n|upkeep\n|\n|t:|1732977787\n|switch|p1a: Garganacl|Garganacl, L80, F|291/291\n|turn|2\n|\n|t:|1732977795\n|move|p2a: Honchkrow|Brave Bird|p1a: Garganacl\n|-resisted|p1a: Garganacl\n|-crit|p1a: Garganacl\n|-damage|p1a: Garganacl|147/291\n|-damage|p2a: Honchkrow|118/312|[from] Recoil\n|move|p1a: Garganacl|Salt Cure|p2a: Honchkrow\n|-supereffective|p2a: Honchkrow\n|-damage|p2a: Honchkrow|10/312\n|-start|p2a: Honchkrow|Salt Cure\n|\n|-heal|p1a: Garganacl|165/291|[from] item: Leftovers\n|-damage|p2a: Honchkrow|0 fnt|[from] Salt Cure\n|faint|p2a: Honchkrow\n|upkeep\n|\n|t:|1732977811\n|switch|p2a: Lucario|Lucario, L84, M|255/255\n|turn|3\n|\n|t:|1732977822\n|move|p1a: Garganacl|Protect|p1a: Garganacl\n|-singleturn|p1a: Garganacl|Protect\n|move|p2a: Lucario|Meteor Mash|p1a: Garganacl\n|-activate|p1a: Garganacl|move: Protect\n|\n|-heal|p1a: Garganacl|183/291|[from] item: Leftovers\n|upkeep\n|turn|4\n|\n|t:|1732977837\n|-terastallize|p1a: Garganacl|Ghost\n|move|p2a: Lucario|Meteor Mash|p1a: Garganacl\n|-damage|p1a: Garganacl|53/291\n|move|p1a: Garganacl|Salt Cure|p2a: Lucario\n|-resisted|p2a: Lucario\n|-damage|p2a: Lucario|244/255\n|-start|p2a: Lucario|Salt Cure\n|\n|-heal|p1a: Garganacl|71/291|[from] item: Leftovers\n|-damage|p2a: Lucario|181/255|[from] Salt Cure\n|upkeep\n|turn|5\n|\n|t:|1732977850\n|move|p1a: Garganacl|Protect|p1a: Garganacl\n|-singleturn|p1a: Garganacl|Protect\n|move|p2a: Lucario|Meteor Mash|p1a: Garganacl\n|-activate|p1a: Garganacl|move: Protect\n|\n|-heal|p1a: Garganacl|89/291|[from] item: Leftovers\n|-damage|p2a: Lucario|118/255|[from] Salt Cure\n|upkeep\n|turn|6\n|\n|t:|1732977862\n|move|p1a: Garganacl|Protect|p1a: Garganacl\n|-singleturn|p1a: Garganacl|Protect\n|move|p2a: Lucario|Meteor Mash|p1a: Garganacl\n|-activate|p1a: Garganacl|move: Protect\n|\n|-heal|p1a: Garganacl|107/291|[from] item: Leftovers\n|-damage|p2a: Lucario|55/255|[from] Salt Cure\n|upkeep\n|turn|7\n|\n|t:|1732977873\n|move|p2a: Lucario|Meteor Mash|p1a: Garganacl\n|-crit|p1a: Garganacl\n|-damage|p1a: Garganacl|0 fnt\n|faint|p1a: Garganacl\n|\n|-damage|p2a: Lucario|0 fnt|[from] Salt Cure\n|faint|p2a: Lucario\n|upkeep\n|\n|t:|1732977886\n|switch|p2a: Hippowdon|Hippowdon, L82, M|311/311\n|switch|p1a: Malamar|Malamar, L82, M|275/275\n|-weather|Sandstorm|[from] ability: Sand Stream|[of] p2a: Hippowdon\n|turn|8\n|\n|t:|1732977904\n|move|p1a: Malamar|Superpower|p2a: Hippowdon\n|-damage|p2a: Hippowdon|245/311\n|-boost|p1a: Malamar|atk|1\n|-boost|p1a: Malamar|def|1\n|-damage|p1a: Malamar|230/275|[from] item: Rocky Helmet|[of] p2a: Hippowdon\n|move|p2a: Hippowdon|Earthquake|p1a: Malamar\n|-damage|p1a: Malamar|152/275\n|\n|-weather|Sandstorm|[upkeep]\n|-damage|p1a: Malamar|135/275|[from] Sandstorm\n|upkeep\n|turn|9\n|\n|t:|1732977923\n|move|p1a: Malamar|Rest|p1a: Malamar\n|-status|p1a: Malamar|slp|[from] move: Rest\n|-heal|p1a: Malamar|275/275 slp|[silent]\n|-enditem|p1a: Malamar|Chesto Berry|[eat]\n|-curestatus|p1a: Malamar|slp|[msg]\n|move|p2a: Hippowdon|Stone Edge|p1a: Malamar\n|-damage|p1a: Malamar|225/275\n|\n|-weather|Sandstorm|[upkeep]\n|-damage|p1a: Malamar|208/275|[from] Sandstorm\n|upkeep\n|turn|10\n|\n|t:|1732977936\n|move|p1a: Malamar|Superpower|p2a: Hippowdon\n|-damage|p2a: Hippowdon|143/311\n|-boost|p1a: Malamar|atk|1\n|-boost|p1a: Malamar|def|1\n|-damage|p1a: Malamar|163/275|[from] item: Rocky Helmet|[of] p2a: Hippowdon\n|move|p2a: Hippowdon|Earthquake|p1a: Malamar\n|-damage|p1a: Malamar|103/275\n|\n|-weather|Sandstorm|[upkeep]\n|-damage|p1a: Malamar|86/275|[from] Sandstorm\n|upkeep\n|turn|11\n|\n|t:|1732977949\n|switch|p2a: Mimikyu|Mimikyu, L79, F|216/216\n|move|p1a: Malamar|Superpower|p2a: Mimikyu\n|-immune|p2a: Mimikyu\n|\n|-weather|Sandstorm|[upkeep]\n|-damage|p2a: Mimikyu|203/216|[from] Sandstorm\n|-damage|p1a: Malamar|69/275|[from] Sandstorm\n|upkeep\n|turn|12\n|\n|t:|1732977971\n|move|p2a: Mimikyu|Swords Dance|p2a: Mimikyu\n|-boost|p2a: Mimikyu|atk|2\n|move|p1a: Malamar|Knock Off|p2a: Mimikyu\n|-activate|p2a: Mimikyu|ability: Disguise\n|-damage|p2a: Mimikyu|203/216\n|-enditem|p2a: Mimikyu|Life Orb|[from] move: Knock Off|[of] p1a: Malamar\n|detailschange|p2a: Mimikyu|Mimikyu-Busted, L79, F\n|-damage|p2a: Mimikyu|176/216|[from] pokemon: Mimikyu-Busted\n|\n|-weather|none\n|upkeep\n|turn|13\n|\n|t:|1732977985\n|move|p2a: Mimikyu|Shadow Claw|p1a: Malamar\n|-damage|p1a: Malamar|3/275\n|move|p1a: Malamar|Knock Off|p2a: Mimikyu\n|-damage|p2a: Mimikyu|29/216\n|\n|upkeep\n|turn|14\n|\n|t:|1732977993\n|move|p2a: Mimikyu|Shadow Sneak|p1a: Malamar\n|-damage|p1a: Malamar|0 fnt\n|faint|p1a: Malamar\n|\n|upkeep\n|\n|t:|1732978006\n|switch|p1a: Donphan|Donphan, L84, M|288/288\n|turn|15\n|\n|t:|1732978018\n|switch|p2a: Ogerpon|Ogerpon-Wellspring, L76, F|247/247\n|move|p1a: Donphan|Knock Off|p2a: Ogerpon\n|-damage|p2a: Ogerpon|190/247\n|\n|upkeep\n|turn|16\n|\n|t:|1732978037\n|move|p2a: Ogerpon|Swords Dance|p2a: Ogerpon\n|-boost|p2a: Ogerpon|atk|2\n|move|p1a: Donphan|Earthquake|p2a: Ogerpon\n|-resisted|p2a: Ogerpon\n|-damage|p2a: Ogerpon|124/247\n|\n|upkeep\n|turn|17\n|\n|t:|1732978047\n|move|p2a: Ogerpon|Horn Leech|p1a: Donphan\n|-supereffective|p1a: Donphan\n|-damage|p1a: Donphan|10/288\n|-heal|p2a: Ogerpon|247/247|[from] drain|[of] p1a: Donphan\n|move|p1a: Donphan|Earthquake|p2a: Ogerpon\n|-resisted|p2a: Ogerpon\n|-damage|p2a: Ogerpon|178/247\n|\n|-heal|p1a: Donphan|28/288|[from] item: Leftovers\n|upkeep\n|turn|18\n|\n|t:|1732978059\n|-terastallize|p2a: Ogerpon|Water\n|detailschange|p2a: Ogerpon|Ogerpon-Wellspring-Tera, L76, F, tera:Water\n|-ability|p2a: Ogerpon|Embody Aspect (Wellspring)|boost\n|-boost|p2a: Ogerpon|spd|1\n|move|p2a: Ogerpon|Ivy Cudgel|p1a: Donphan|[anim] Ivy Cudgel Water\n|-supereffective|p1a: Donphan\n|-damage|p1a: Donphan|0 fnt\n|faint|p1a: Donphan\n|\n|upkeep\n|\n|t:|1732978070\n|switch|p1a: Conkeldurr|Conkeldurr, L80, F|299/299\n|turn|19\n|\n|t:|1732978084\n|move|p2a: Ogerpon|Play Rough|p1a: Conkeldurr\n|-supereffective|p1a: Conkeldurr\n|-damage|p1a: Conkeldurr|0 fnt\n|faint|p1a: Conkeldurr\n|\n|upkeep\n|\n|t:|1732978090\n|switch|p1a: Dachsbun|Dachsbun, L92, F|254/254\n|turn|20\n|\n|t:|1732978098\n|move|p1a: Dachsbun|Play Rough|p2a: Ogerpon\n|-damage|p2a: Ogerpon|64/247\n|move|p2a: Ogerpon|Horn Leech|p1a: Dachsbun\n|-damage|p1a: Dachsbun|122/254\n|-heal|p2a: Ogerpon|130/247|[from] drain|[of] p1a: Dachsbun\n|\n|-heal|p1a: Dachsbun|137/254|[from] item: Leftovers\n|upkeep\n|turn|21\n|\n|t:|1732978109\n|move|p1a: Dachsbun|Play Rough|p2a: Ogerpon|[miss]\n|-miss|p1a: Dachsbun|p2a: Ogerpon\n|move|p2a: Ogerpon|Horn Leech|p1a: Dachsbun\n|-damage|p1a: Dachsbun|0 fnt\n|-heal|p2a: Ogerpon|199/247|[from] drain|[of] p1a: Dachsbun\n|faint|p1a: Dachsbun\n|\n|win|DongX123\n", "inputlog": ">version b107d77f5c90bd6555267ae244a6264823309ead\n>start {\"formatid\":\"gen9randombattle\",\"seed\":[53976,21481,57817,64456]}\n>player p1 {\"name\":\"unken\",\"avatar\":\"102\",\"rating\":0,\"seed\":[9209,1383,44106,59233]}\n>player p2 {\"name\":\"DongX123\",\"avatar\":\"265\",\"rating\":0,\"seed\":[54819,8156,20014,8485]}\n>p1 move bodypress\n>p2 move bravebird\n>p1 switch 3\n>p1 move saltcure\n>p2 move bravebird\n>p2 switch 4\n>p1 move protect\n>p2 move meteormash\n>p1 move saltcure terastallize\n>p2 move meteormash\n>p1 move protect\n>p2 move meteormash\n>p1 move protect\n>p2 move meteormash\n>p1 move recover\n>p2 move meteormash\n>p1 switch 2\n>p2 switch 6\n>p1 move superpower\n>p2 move earthquake\n>p1 move rest\n>p2 move stoneedge\n>p1 move superpower\n>p2 move earthquake\n>p1 move superpower\n>p2 switch 3\n>p1 move knockoff\n>p2 move swordsdance\n>p1 move knockoff\n>p2 move shadowclaw\n>p1 move knockoff\n>p2 move shadowsneak\n>p1 switch 4\n>p1 move knockoff\n>p2 switch 5\n>p1 move earthquake\n>p2 move swordsdance\n>p1 move earthquake\n>p2 move hornleech\n>p1 move earthquake\n>p2 move ivycudgel terastallize\n>p1 switch 5\n>p1 move closecombat\n>p2 move playrough\n>p1 switch 6\n>p1 move playrough\n>p2 move hornleech\n>p1 move playrough\n>p2 move hornleech", "uploadtime": 1732978110, "views": 1, "formatid": "gen9randombattle", "rating": null, "private": 0, "password": null}