{"id": "gen9randombattle-2254155598", "format": "[Gen 9] Random Battle", "players": ["hdhdhdhdhdhx", "dreadrox"], "log": "|j|\u2606hdhdhdhdhdhx\n|j|\u2606dreadrox\n|t:|1732998080\n|gametype|singles\n|player|p1|hdhdhdhdhdhx|169|1040\n|player|p2|dreadrox|169|1048\n|teamsize|p1|6\n|teamsize|p2|6\n|gen|9\n|tier|[Gen 9] Random Battle\n|rated|\n|rule|Species Clause: Limit one of each Pok\u00e9mon\n|rule|HP Percentage Mod: HP is shown in percentages\n|rule|Sleep Clause Mod: Limit one foe put to sleep\n|rule|Illusion Level Mod: Illusion disguises the Pok\u00e9mon's true level\n|\n|t:|1732998080\n|start\n|switch|p1a: Hoopa|Hoopa, L85|275/275\n|switch|p2a: Regigigas|Regigigas, L84|322/322\n|-start|p2a: Regigigas|ability: Slow Start\n|turn|1\n|\n|t:|1732998091\n|switch|p1a: Grimmsnarl|Grimmsnarl, L83, M|293/293\n|move|p2a: Regigigas|Knock Off|p1a: Grimmsnarl\n|-resisted|p1a: Grimmsnarl\n|-damage|p1a: Grimmsnarl|277/293\n|-enditem|p1a: Grimmsnarl|Light Clay|[from] move: Knock Off|[of] p2a: Regigigas\n|\n|upkeep\n|turn|2\n|\n|t:|1732998118\n|-end|p2a: Regigigas|Slow Start|[silent]\n|switch|p2a: Abomasnow|Abomasnow, L85, M|291/291\n|-weather|Snow|[from] ability: Snow Warning|[of] p2a: Abomasnow\n|move|p1a: Grimmsnarl|Reflect|p1a: Grimmsnarl\n|-sidestart|p1: hdhdhdhdhdhx|Reflect\n|\n|-weather|Snow|[upkeep]\n|upkeep\n|turn|3\n|inactive|Battle timer is ON: inactive players will automatically lose when time's up. (requested by hdhdhdhdhdhx)\n|\n|t:|1732998128\n|move|p1a: Grimmsnarl|Parting Shot|p2a: Abomasnow\n|-unboost|p2a: Abomasnow|atk|1\n|-unboost|p2a: Abomasnow|spa|1\n|\n|t:|1732998143\n|switch|p1a: Hoopa|Hoopa, L85|275/275|[from] Parting Shot\n|move|p2a: Abomasnow|Aurora Veil|p2a: Abomasnow\n|-sidestart|p2: dreadrox|move: Aurora Veil\n|\n|-weather|Snow|[upkeep]\n|upkeep\n|turn|4\n|\n|t:|1732998160\n|switch|p2a: Regigigas|Regigigas, L84|322/322\n|-start|p2a: Regigigas|ability: Slow Start\n|move|p1a: Hoopa|Nasty Plot|p1a: Hoopa\n|-boost|p1a: Hoopa|spa|2\n|\n|-weather|Snow|[upkeep]\n|upkeep\n|turn|5\n|\n|t:|1732998169\n|move|p1a: Hoopa|Focus Blast|p2a: Regigigas\n|-supereffective|p2a: Regigigas\n|-damage|p2a: Regigigas|31/322\n|-damage|p1a: Hoopa|248/275|[from] item: Life Orb\n|move|p2a: Regigigas|Knock Off|p1a: Hoopa\n|-supereffective|p1a: Hoopa\n|-damage|p1a: Hoopa|124/275\n|-enditem|p1a: Hoopa|Life Orb|[from] move: Knock Off|[of] p2a: Regigigas\n|\n|-weather|Snow|[upkeep]\n|-heal|p2a: Regigigas|51/322|[from] item: Leftovers\n|upkeep\n|turn|6\n|\n|t:|1732998187\n|move|p1a: Hoopa|Psyshock|p2a: Regigigas\n|-damage|p2a: Regigigas|0 fnt\n|faint|p2a: Regigigas\n|-end|p2a: Regigigas|Slow Start|[silent]\n|\n|-weather|none\n|-sideend|p1: hdhdhdhdhdhx|Reflect\n|upkeep\n|\n|t:|1732998207\n|switch|p2a: Skeledirge|Skeledirge, L79, F|294/294\n|turn|7\n|\n|t:|1732998222\n|switch|p1a: Grimmsnarl|Grimmsnarl, L83, M|277/293\n|-terastallize|p2a: Skeledirge|Water\n|move|p2a: Skeledirge|Shadow Ball|p1a: Grimmsnarl\n|-resisted|p1a: Grimmsnarl\n|-damage|p1a: Grimmsnarl|226/293\n|\n|upkeep\n|turn|8\n|\n|t:|1732998237\n|move|p2a: Skeledirge|Flame Charge|p1a: Grimmsnarl\n|-damage|p1a: Grimmsnarl|175/293\n|-boost|p2a: Skeledirge|spe|1\n|move|p1a: Grimmsnarl|Spirit Break|p2a: Skeledirge\n|-damage|p2a: Skeledirge|246/294\n|-unboost|p2a: Skeledirge|spa|1\n|\n|upkeep\n|turn|9\n|\n|t:|1732998247\n|move|p2a: Skeledirge|Torch Song|p1a: Grimmsnarl\n|-damage|p1a: Grimmsnarl|108/293\n|-boost|p2a: Skeledirge|spa|1\n|move|p1a: Grimmsnarl|Spirit Break|p2a: Skeledirge\n|-damage|p2a: Skeledirge|199/294\n|-unboost|p2a: Skeledirge|spa|1\n|\n|upkeep\n|turn|10\n|\n|t:|1732998256\n|move|p2a: Skeledirge|Torch Song|p1a: Grimmsnarl\n|-damage|p1a: Grimmsnarl|48/293\n|-boost|p2a: Skeledirge|spa|1\n|move|p1a: Grimmsnarl|Spirit Break|p2a: Skeledirge\n|-damage|p2a: Skeledirge|155/294\n|-unboost|p2a: Skeledirge|spa|1\n|\n|-sideend|p2: dreadrox|move: Aurora Veil\n|upkeep\n|turn|11\n|\n|t:|1732998265\n|move|p1a: Grimmsnarl|Parting Shot|p2a: Skeledirge\n|-unboost|p2a: Skeledirge|atk|1\n|-unboost|p2a: Skeledirge|spa|1\n|\n|t:|1732998268\n|switch|p1a: Lilligant|Lilligant-Hisui, L79, F|240/240|[from] Parting Shot\n|move|p2a: Skeledirge|Torch Song|p1a: Lilligant\n|-supereffective|p1a: Lilligant\n|-damage|p1a: Lilligant|130/240\n|-boost|p2a: Skeledirge|spa|1\n|\n|upkeep\n|turn|12\n|\n|t:|1732998287\n|switch|p1a: Raging Bolt|Raging Bolt, L78|323/323\n|move|p2a: Skeledirge|Torch Song|p1a: Raging Bolt\n|-resisted|p1a: Raging Bolt\n|-damage|p1a: Raging Bolt|294/323\n|-boost|p2a: Skeledirge|spa|1\n|\n|-heal|p1a: Raging Bolt|314/323|[from] item: Leftovers\n|upkeep\n|turn|13\n|\n|t:|1732998312\n|switch|p2a: Abomasnow|Abomasnow, L85, M|291/291\n|-weather|Snow|[from] ability: Snow Warning|[of] p2a: Abomasnow\n|move|p1a: Raging Bolt|Dragon Pulse|p2a: Abomasnow\n|-damage|p2a: Abomasnow|186/291\n|\n|-weather|Snow|[upkeep]\n|-heal|p1a: Raging Bolt|323/323|[from] item: Leftovers\n|upkeep\n|turn|14\n|\n|t:|1732998323\n|move|p1a: Raging Bolt|Dragon Pulse|p2a: Abomasnow\n|-crit|p2a: Abomasnow\n|-damage|p2a: Abomasnow|24/291\n|move|p2a: Abomasnow|Earthquake|p1a: Raging Bolt\n|-supereffective|p1a: Raging Bolt\n|-damage|p1a: Raging Bolt|187/323\n|\n|-weather|Snow|[upkeep]\n|-heal|p1a: Raging Bolt|207/323|[from] item: Leftovers\n|upkeep\n|turn|15\n|\n|t:|1732998333\n|move|p1a: Raging Bolt|Dragon Pulse|p2a: Abomasnow\n|-damage|p2a: Abomasnow|0 fnt\n|faint|p2a: Abomasnow\n|\n|-weather|Snow|[upkeep]\n|-heal|p1a: Raging Bolt|227/323|[from] item: Leftovers\n|upkeep\n|\n|t:|1732998340\n|switch|p2a: Kommo-o|Kommo-o, L78, M|245/245\n|turn|16\n|inactive|dreadrox has 120 seconds left.\n|\n|t:|1732998357\n|-end|p1a: Raging Bolt|Protosynthesis|[silent]\n|switch|p1a: Grimmsnarl|Grimmsnarl, L83, M|48/293\n|move|p2a: Kommo-o|Clanging Scales|p1a: Grimmsnarl\n|-immune|p1a: Grimmsnarl\n|\n|-weather|Snow|[upkeep]\n|upkeep\n|turn|17\n|inactive|dreadrox has 120 seconds left.\n|\n|t:|1732998368\n|move|p1a: Grimmsnarl|Reflect|p1a: Grimmsnarl\n|-sidestart|p1: hdhdhdhdhdhx|Reflect\n|move|p2a: Kommo-o|Iron Head|p1a: Grimmsnarl\n|-supereffective|p1a: Grimmsnarl\n|-damage|p1a: Grimmsnarl|0 fnt\n|faint|p1a: Grimmsnarl\n|\n|-weather|none\n|upkeep\n|\n|t:|1732998374\n|switch|p1a: Lilligant|Lilligant-Hisui, L79, F|130/240\n|turn|18\n|inactive|dreadrox has 120 seconds left.\n|\n|t:|1732998399\n|move|p1a: Lilligant|Victory Dance|p1a: Lilligant\n|-boost|p1a: Lilligant|atk|1\n|-boost|p1a: Lilligant|def|1\n|-boost|p1a: Lilligant|spe|1\n|move|p2a: Kommo-o|Clanging Scales|p1a: Lilligant\n|-damage|p1a: Lilligant|0 fnt\n|faint|p1a: Lilligant\n|-unboost|p2a: Kommo-o|def|1\n|-enditem|p2a: Kommo-o|Throat Spray\n|-boost|p2a: Kommo-o|spa|1|[from] item: Throat Spray\n|\n|upkeep\n|inactive|hdhdhdhdhdhx has 120 seconds left.\n|\n|t:|1732998431\n|switch|p1a: Revavroom|Revavroom, L79, M|256/256\n|turn|19\n|inactive|dreadrox has 120 seconds left.\n|\n|t:|1732998453\n|move|p1a: Revavroom|Shift Gear|p1a: Revavroom\n|-boost|p1a: Revavroom|spe|2\n|-boost|p1a: Revavroom|atk|1\n|move|p2a: Kommo-o|Close Combat|p1a: Revavroom\n|-damage|p1a: Revavroom|195/256\n|-unboost|p2a: Kommo-o|def|1\n|-unboost|p2a: Kommo-o|spd|1\n|\n|upkeep\n|turn|20\n|\n|t:|1732998465\n|switch|p2a: Skeledirge|Skeledirge, L79, F, tera:Water|155/294\n|move|p1a: Revavroom|Gunk Shot|p2a: Skeledirge\n|-damage|p2a: Skeledirge|0 fnt\n|faint|p2a: Skeledirge\n|-damage|p1a: Revavroom|170/256|[from] item: Life Orb\n|\n|upkeep\n|\n|t:|1732998473\n|switch|p2a: Reuniclus|Reuniclus, L88, F|337/337\n|turn|21\n|inactive|dreadrox has 120 seconds left.\n|\n|t:|1732998479\n|move|p1a: Revavroom|Gunk Shot|p2a: Reuniclus\n|-damage|p2a: Reuniclus|71/337\n|-damage|p1a: Revavroom|145/256|[from] item: Life Orb\n|move|p2a: Reuniclus|Psyshock|p1a: Revavroom\n|-damage|p1a: Revavroom|0 fnt\n|faint|p1a: Revavroom\n|\n|-sideend|p1: hdhdhdhdhdhx|Reflect\n|upkeep\n|\n|t:|1732998486\n|switch|p1a: Jumpluff|Jumpluff, L87, F|271/271\n|turn|22\n|\n|t:|1732998490\n|move|p1a: Jumpluff|Acrobatics|p2a: Reuniclus\n|-damage|p2a: Reuniclus|0 fnt\n|faint|p2a: Reuniclus\n|\n|upkeep\n|\n|t:|1732998497\n|switch|p2a: Kommo-o|Kommo-o, L78, M|245/245\n|turn|23\n|\n|t:|1732998509\n|move|p1a: Jumpluff|Acrobatics|p2a: Kommo-o\n|-supereffective|p2a: Kommo-o\n|-damage|p2a: Kommo-o|107/245\n|move|p2a: Kommo-o|Clanging Scales|p1a: Jumpluff\n|-damage|p1a: Jumpluff|169/271\n|-unboost|p2a: Kommo-o|def|1\n|\n|upkeep\n|turn|24\n|-message|dreadrox forfeited.\n|\n|win|hdhdhdhdhdhx\n|raw|hdhdhdhdhdhx's rating: 1040 &rarr; <strong>1075</strong><br />(+35 for winning)\n|raw|dreadrox's rating: 1048 &rarr; <strong>1030</strong><br />(-18 for losing)\n", "inputlog": ">version b107d77f5c90bd6555267ae244a6264823309ead\n>start {\"formatid\":\"gen9randombattle\",\"seed\":[282,44104,22051,61054],\"rated\":\"Rated battle\"}\n>player p1 {\"name\":\"hdhdhdhdhdhx\",\"avatar\":\"169\",\"rating\":1040,\"seed\":[9788,19329,8768,53453]}\n>player p2 {\"name\":\"dreadrox\",\"avatar\":\"169\",\"rating\":1048,\"seed\":[31690,62992,6918,6326]}\n>p1 switch 3\n>p2 move knockoff\n>p1 move reflect\n>p2 switch 3\n>p1 move partingshot\n>p2 move auroraveil\n>p1 switch 3\n>p1 move nastyplot\n>p2 switch 3\n>p1 move focusblast\n>p2 move knockoff\n>p1 move psyshock\n>p2 move rest\n>p2 switch 2\n>p1 switch 3\n>p2 move shadowball terastallize\n>p1 move spiritbreak\n>p2 move flamecharge\n>p1 move spiritbreak\n>p2 move torchsong\n>p1 move spiritbreak\n>p2 move torchsong\n>p1 move partingshot\n>p2 move torchsong\n>p1 switch 2\n>p1 switch 4\n>p2 move torchsong\n>p1 move dragonpulse\n>p2 switch 3\n>p1 move dragonpulse\n>p2 move earthquake\n>p1 move dragonpulse\n>p2 move auroraveil\n>p2 switch 5\n>p1 switch 2\n>p2 move clangingscales\n>p1 move reflect\n>p2 move ironhead\n>p1 switch 4\n>p1 move victorydance\n>p2 move clangingscales\n>p1 switch 5\n>p1 move shiftgear\n>p2 move closecombat\n>p1 move gunkshot\n>p2 switch 3\n>p2 switch 4\n>p1 move gunkshot\n>p2 move psyshock\n>p1 switch 6\n>p1 move acrobatics\n>p2 move recover\n>p2 switch 3\n>p1 move acrobatics\n>p2 move clangingscales\n>forcelose p2", "uploadtime": 1732998517, "views": 1, "formatid": "gen9randombattle", "rating": 1030, "private": 0, "password": null}