{"id": "gen9randombattle-2253791391", "format": "[Gen 9] Random Battle", "players": ["xuxiansheng", "Vitoran"], "log": "|j|\u2606xuxiansheng\n|j|\u2606Vitoran\n|t:|1732938840\n|gametype|singles\n|player|p1|xuxiansheng|mira|2165\n|player|p2|Vitoran|nemona-v|2263\n|teamsize|p1|6\n|teamsize|p2|6\n|gen|9\n|tier|[Gen 9] Random Battle\n|rated|\n|rule|Species Clause: Limit one of each Pok\u00e9mon\n|rule|HP Percentage Mod: HP is shown in percentages\n|rule|Sleep Clause Mod: Limit one foe put to sleep\n|rule|Illusion Level Mod: Illusion disguises the Pok\u00e9mon's true level\n|\n|t:|1732938840\n|start\n|switch|p1a: Scovillain|Scovillain, L91, F|266/266\n|switch|p2a: Seviper|Seviper, L93, M|287/287\n|turn|1\n|inactive|Battle timer is ON: inactive players will automatically lose when time's up. (requested by Vitoran)\n|inactive|xuxiansheng also wants the timer to be on.\n|c|\u2606Vitoran|glhf\n|\n|t:|1732938864\n|move|p2a: Seviper|Gunk Shot|p1a: Scovillain\n|-supereffective|p1a: Scovillain\n|-damage|p1a: Scovillain|0 fnt\n|faint|p1a: Scovillain\n|\n|upkeep\n|\n|t:|1732938867\n|switch|p1a: Palossand|Palossand, L89, F|296/296\n|turn|2\n|\n|t:|1732938876\n|switch|p2a: Piloswine|Piloswine, L85, F|309/309\n|move|p1a: Palossand|Stealth Rock|p2a: Piloswine\n|-sidestart|p2: Vitoran|move: Stealth Rock\n|\n|upkeep\n|turn|3\n|\n|t:|1732938890\n|move|p2a: Piloswine|Stealth Rock|p1a: Palossand\n|-sidestart|p1: xuxiansheng|move: Stealth Rock\n|move|p1a: Palossand|Shadow Ball|p2a: Piloswine\n|-damage|p2a: Piloswine|228/309\n|\n|upkeep\n|turn|4\n|\n|t:|1732938904\n|move|p2a: Piloswine|Icicle Crash|p1a: Palossand\n|-supereffective|p1a: Palossand\n|-crit|p1a: Palossand\n|-damage|p1a: Palossand|68/296\n|move|p1a: Palossand|Shadow Ball|p2a: Piloswine\n|-damage|p2a: Piloswine|152/309\n|\n|-heal|p1a: Palossand|86/296|[from] item: Leftovers\n|upkeep\n|turn|5\n|\n|t:|1732938911\n|move|p2a: Piloswine|Icicle Crash|p1a: Palossand\n|-supereffective|p1a: Palossand\n|-damage|p1a: Palossand|0 fnt\n|faint|p1a: Palossand\n|\n|upkeep\n|\n|t:|1732938914\n|switch|p1a: Torkoal|Torkoal, L88, M|266/266\n|-weather|SunnyDay|[from] ability: Drought|[of] p1a: Torkoal\n|turn|6\n|\n|t:|1732938921\n|move|p2a: Piloswine|Earthquake|p1a: Torkoal\n|-supereffective|p1a: Torkoal\n|-damage|p1a: Torkoal|126/266\n|move|p1a: Torkoal|Rapid Spin|p2a: Piloswine\n|-damage|p2a: Piloswine|128/309\n|-boost|p1a: Torkoal|spe|1\n|-sideend|p1: xuxiansheng|Stealth Rock|[from] move: Rapid Spin|[of] p1a: Torkoal\n|\n|-weather|SunnyDay|[upkeep]\n|upkeep\n|turn|7\n|\n|t:|1732938926\n|switch|p1a: Indeedee|Indeedee-F, L90, F|272/272\n|-fieldstart|move: Psychic Terrain|[from] ability: Psychic Surge|[of] p1a: Indeedee\n|move|p2a: Piloswine|Earthquake|p1a: Indeedee\n|-damage|p1a: Indeedee|134/272\n|\n|-weather|SunnyDay|[upkeep]\n|upkeep\n|turn|8\n|\n|t:|1732938942\n|move|p1a: Indeedee|Psyshock|p2a: Piloswine\n|-damage|p2a: Piloswine|37/309\n|move|p2a: Piloswine|Stealth Rock|p1a: Indeedee\n|-sidestart|p1: xuxiansheng|move: Stealth Rock\n|\n|-weather|SunnyDay|[upkeep]\n|upkeep\n|turn|9\n|\n|t:|1732938949\n|switch|p2a: Exeggutor|Exeggutor-Alola, L89, F|314/314\n|-damage|p2a: Exeggutor|275/314|[from] Stealth Rock\n|move|p1a: Indeedee|Psyshock|p2a: Exeggutor\n|-damage|p2a: Exeggutor|154/314\n|-enditem|p2a: Exeggutor|Sitrus Berry|[eat]\n|-heal|p2a: Exeggutor|232/314|[from] item: Sitrus Berry\n|\n|-weather|SunnyDay|[upkeep]\n|-item|p2a: Exeggutor|Sitrus Berry|[from] ability: Harvest\n|upkeep\n|turn|10\n|\n|t:|1732938962\n|move|p1a: Indeedee|Psyshock|p2a: Exeggutor\n|-damage|p2a: Exeggutor|112/314\n|-enditem|p2a: Exeggutor|Sitrus Berry|[eat]\n|-heal|p2a: Exeggutor|190/314|[from] item: Sitrus Berry\n|move|p2a: Exeggutor|Calm Mind|p2a: Exeggutor\n|-boost|p2a: Exeggutor|spa|1\n|-boost|p2a: Exeggutor|spd|1\n|\n|-weather|none\n|-item|p2a: Exeggutor|Sitrus Berry|[from] ability: Harvest\n|upkeep\n|turn|11\n|\n|t:|1732938970\n|move|p1a: Indeedee|Psyshock|p2a: Exeggutor\n|-damage|p2a: Exeggutor|60/314\n|-enditem|p2a: Exeggutor|Sitrus Berry|[eat]\n|-heal|p2a: Exeggutor|138/314|[from] item: Sitrus Berry\n|move|p2a: Exeggutor|Calm Mind|p2a: Exeggutor\n|-boost|p2a: Exeggutor|spa|1\n|-boost|p2a: Exeggutor|spd|1\n|\n|-fieldend|move: Psychic Terrain\n|upkeep\n|turn|12\n|\n|t:|1732938976\n|move|p1a: Indeedee|Psyshock|p2a: Exeggutor\n|-damage|p2a: Exeggutor|41/314\n|move|p2a: Exeggutor|Giga Drain|p1a: Indeedee\n|-damage|p1a: Indeedee|0 fnt\n|-heal|p2a: Exeggutor|108/314|[from] drain|[of] p1a: Indeedee\n|faint|p1a: Indeedee\n|\n|upkeep\n|\n|t:|1732938979\n|switch|p1a: Skuntank|Skuntank, L84, F|310/310\n|-damage|p1a: Skuntank|272/310|[from] Stealth Rock\n|turn|13\n|\n|t:|1732938983\n|switch|p2a: Piloswine|Piloswine, L85, F|37/309\n|-damage|p2a: Piloswine|0 fnt|[from] Stealth Rock\n|faint|p2a: Piloswine\n|move|p1a: Skuntank|Gunk Shot|p2: Piloswine|[notarget]\n|-fail|p1a: Skuntank\n|\n|upkeep\n|\n|t:|1732938999\n|switch|p2a: Rhydon|Rhydon, L85, M|317/317\n|-damage|p2a: Rhydon|298/317|[from] Stealth Rock\n|turn|14\n|\n|t:|1732939005\n|move|p1a: Skuntank|Knock Off|p2a: Rhydon\n|-damage|p2a: Rhydon|250/317\n|-enditem|p2a: Rhydon|Eviolite|[from] move: Knock Off|[of] p1a: Skuntank\n|move|p2a: Rhydon|Earthquake|p1a: Skuntank\n|-supereffective|p1a: Skuntank\n|-damage|p1a: Skuntank|0 fnt\n|faint|p1a: Skuntank\n|\n|upkeep\n|\n|t:|1732939007\n|switch|p1a: Seviper|Seviper, L93, F|287/287\n|-damage|p1a: Seviper|252/287|[from] Stealth Rock\n|turn|15\n|\n|t:|1732939018\n|-terastallize|p1a: Seviper|Ground\n|move|p1a: Seviper|Swords Dance|p1a: Seviper\n|-boost|p1a: Seviper|atk|2\n|move|p2a: Rhydon|Megahorn|p1a: Seviper\n|-damage|p1a: Seviper|129/287\n|\n|-heal|p1a: Seviper|146/287|[from] item: Leftovers\n|upkeep\n|turn|16\n|\n|t:|1732939028\n|-terastallize|p2a: Rhydon|Fairy\n|move|p1a: Seviper|Trailblaze|p2a: Rhydon\n|-crit|p2a: Rhydon\n|-damage|p2a: Rhydon|141/317\n|-boost|p1a: Seviper|spe|1\n|move|p2a: Rhydon|Earthquake|p1a: Seviper\n|-crit|p1a: Seviper\n|-damage|p1a: Seviper|0 fnt\n|faint|p1a: Seviper\n|\n|upkeep\n|-message|xuxiansheng forfeited.\n|\n|win|Vitoran\n|raw|xuxiansheng's rating: 2165 &rarr; <strong>2150</strong><br />(-15 for losing)\n|raw|Vitoran's rating: 2263 &rarr; <strong>2278</strong><br />(+15 for winning)\n|l|\u2606xuxiansheng\n|player|p1|\n|l|\u2606Vitoran\n|player|p2|\n|j|\u2606Vitoran\n|player|p2|Vitoran|nemona-v|\n", "inputlog": ">version b107d77f5c90bd6555267ae244a6264823309ead\n>start {\"formatid\":\"gen9randombattle\",\"seed\":[24398,25899,33468,17679],\"rated\":\"Rated battle\"}\n>player p1 {\"name\":\"xuxiansheng\",\"avatar\":\"mira\",\"rating\":2165,\"seed\":[43418,8242,11029,62511]}\n>player p2 {\"name\":\"Vitoran\",\"avatar\":\"nemona-v\",\"rating\":2263,\"seed\":[59770,4635,50563,59172]}\n>chat \u2606Vitoran|glhf\n>p1 move leechseed\n>p2 move gunkshot\n>p1 switch 2\n>p1 move stealthrock\n>p2 switch 5\n>p1 move shadowball\n>p2 move stealthrock\n>p1 move shadowball\n>p2 move iciclecrash\n>p1 move shoreup\n>p2 move iciclecrash\n>p1 switch 4\n>p1 move rapidspin\n>p2 move earthquake\n>p1 switch 6\n>p2 move earthquake\n>p1 move psyshock\n>p2 move stealthrock\n>p1 move psyshock\n>p2 switch 6\n>p1 move psyshock\n>p2 move calmmind\n>p1 move psyshock\n>p2 move calmmind\n>p1 move psyshock\n>p2 move gigadrain\n>p1 switch 5\n>p1 move gunkshot\n>p2 switch 6\n>p2 switch 2\n>p1 move knockoff\n>p2 move earthquake\n>p1 switch 3\n>p1 move swordsdance terastallize\n>p2 move megahorn\n>p1 move trailblaze\n>p2 move earthquake terastallize\n>forcelose p1", "uploadtime": 1732939224, "views": 15, "formatid": "gen9randombattle", "rating": 2150, "private": 0, "password": null}