{"id": "gen9randombattle-2254027697", "format": "[Gen 9] Random Battle", "players": ["Carrot076", "Venges life"], "log": "|j|\u2606Carrot076\n|j|\u2606Venges life\n|t:|1732981973\n|gametype|singles\n|player|p1|Carrot076|riley|\n|player|p2|Venges life|drayden|\n|teamsize|p1|6\n|teamsize|p2|6\n|gen|9\n|tier|[Gen 9] Random Battle\n|rule|Species Clause: Limit one of each Pok\u00e9mon\n|rule|HP Percentage Mod: HP is shown in percentages\n|rule|Sleep Clause Mod: Limit one foe put to sleep\n|rule|Illusion Level Mod: Illusion disguises the Pok\u00e9mon's true level\n|\n|t:|1732981973\n|start\n|switch|p1a: Latias|Latias, L79, F|256/256\n|switch|p2a: Archaludon|Archaludon, L78, F|268/268\n|turn|1\n|\n|t:|1732981991\n|move|p1a: Latias|Calm Mind|p1a: Latias\n|-boost|p1a: Latias|spa|1\n|-boost|p1a: Latias|spd|1\n|move|p2a: Archaludon|Draco Meteor|p1a: Latias\n|-supereffective|p1a: Latias\n|-damage|p1a: Latias|98/256\n|-unboost|p2a: Archaludon|spa|2\n|\n|upkeep\n|turn|2\n|\n|t:|1732982002\n|move|p1a: Latias|Draco Meteor|p2a: Archaludon\n|-damage|p2a: Archaludon|0 fnt\n|-unboost|p1a: Latias|spa|2\n|faint|p2a: Archaludon\n|\n|upkeep\n|\n|t:|1732982013\n|switch|p2a: Polteageist|Polteageist-Antique, L79|224/224\n|turn|3\n|\n|t:|1732982017\n|move|p1a: Latias|Recover|p1a: Latias\n|-heal|p1a: Latias|226/256\n|move|p2a: Polteageist|Shell Smash|p2a: Polteageist\n|-unboost|p2a: Polteageist|def|1\n|-unboost|p2a: Polteageist|spd|1\n|-boost|p2a: Polteageist|atk|2\n|-boost|p2a: Polteageist|spa|2\n|-boost|p2a: Polteageist|spe|2\n|-enditem|p2a: Polteageist|White Herb\n|-clearnegativeboost|p2a: Polteageist|[silent]\n|\n|upkeep\n|turn|4\n|\n|t:|1732982034\n|switch|p1a: Eiscue|Eiscue, L88, F|274/274\n|move|p2a: Polteageist|Shadow Ball|p1a: Eiscue\n|-damage|p1a: Eiscue|108/274\n|-enditem|p1a: Eiscue|Sitrus Berry|[eat]\n|-heal|p1a: Eiscue|176/274|[from] item: Sitrus Berry\n|\n|upkeep\n|turn|5\n|\n|t:|1732982048\n|move|p2a: Polteageist|Shadow Ball|p1a: Eiscue\n|-damage|p1a: Eiscue|0 fnt\n|faint|p1a: Eiscue\n|\n|upkeep\n|\n|t:|1732982054\n|switch|p1a: Zapdos|Zapdos, L78|268/268\n|turn|6\n|\n|t:|1732982059\n|move|p2a: Polteageist|Shadow Ball|p1a: Zapdos\n|-damage|p1a: Zapdos|81/268\n|move|p1a: Zapdos|Discharge|p2a: Polteageist\n|-crit|p2a: Polteageist\n|-damage|p2a: Polteageist|100/224\n|-start|p1a: Zapdos|Disable|Discharge|[from] ability: Cursed Body|[of] p2a: Polteageist\n|\n|upkeep\n|turn|7\n|\n|t:|1732982070\n|move|p2a: Polteageist|Strength Sap|p1a: Zapdos\n|-unboost|p1a: Zapdos|atk|1\n|-heal|p2a: Polteageist|224/224\n|move|p1a: Zapdos|Hurricane|p2a: Polteageist\n|-damage|p2a: Polteageist|107/224\n|-start|p2a: Polteageist|confusion\n|\n|upkeep\n|turn|8\n|\n|t:|1732982077\n|-activate|p2a: Polteageist|confusion\n|move|p2a: Polteageist|Shadow Ball|p1a: Zapdos\n|-damage|p1a: Zapdos|0 fnt\n|faint|p1a: Zapdos\n|\n|upkeep\n|\n|t:|1732982083\n|switch|p1a: Palkia|Palkia, L75|259/259\n|-ability|p1a: Palkia|Pressure\n|turn|9\n|\n|t:|1732982090\n|-activate|p2a: Polteageist|confusion\n|-damage|p2a: Polteageist|72/224|[from] confusion\n|move|p1a: Palkia|Spacial Rend|p2a: Polteageist\n|-damage|p2a: Polteageist|0 fnt\n|faint|p2a: Polteageist\n|\n|upkeep\n|\n|t:|1732982101\n|switch|p2a: Dialga|Dialga-Origin, L73|266/266\n|-ability|p2a: Dialga|Pressure\n|turn|10\n|\n|t:|1732982107\n|move|p1a: Palkia|Spacial Rend|p2a: Dialga\n|-damage|p2a: Dialga|152/266\n|move|p2a: Dialga|Draco Meteor|p1a: Palkia\n|-supereffective|p1a: Palkia\n|-damage|p1a: Palkia|0 fnt\n|-unboost|p2a: Dialga|spa|2\n|faint|p1a: Palkia\n|\n|upkeep\n|\n|t:|1732982119\n|switch|p1a: Scream Tail|Scream Tail, L84|330/330\n|turn|11\n|\n|t:|1732982124\n|move|p1a: Scream Tail|Thunder Wave|p2a: Dialga\n|-status|p2a: Dialga|par\n|move|p2a: Dialga|Heavy Slam|p1a: Scream Tail\n|-supereffective|p1a: Scream Tail\n|-damage|p1a: Scream Tail|94/330\n|\n|-heal|p1a: Scream Tail|114/330|[from] item: Leftovers\n|upkeep\n|turn|12\n|\n|t:|1732982134\n|move|p1a: Scream Tail|Protect|p1a: Scream Tail\n|-singleturn|p1a: Scream Tail|Protect\n|cant|p2a: Dialga|par\n|\n|-heal|p1a: Scream Tail|134/330|[from] item: Leftovers\n|upkeep\n|turn|13\n|\n|t:|1732982139\n|move|p1a: Scream Tail|Wish|p1a: Scream Tail\n|cant|p2a: Dialga|par\n|\n|-heal|p1a: Scream Tail|154/330|[from] item: Leftovers\n|upkeep\n|turn|14\n|\n|t:|1732982144\n|move|p1a: Scream Tail|Protect|p1a: Scream Tail\n|-singleturn|p1a: Scream Tail|Protect\n|move|p2a: Dialga|Heavy Slam|p1a: Scream Tail\n|-activate|p1a: Scream Tail|move: Protect\n|\n|-heal|p1a: Scream Tail|319/330|[from] move: Wish|[wisher] Scream Tail\n|-heal|p1a: Scream Tail|330/330|[from] item: Leftovers\n|upkeep\n|turn|15\n|\n|t:|1732982154\n|move|p1a: Scream Tail|Play Rough|p2a: Dialga\n|-damage|p2a: Dialga|91/266 par\n|move|p2a: Dialga|Heavy Slam|p1a: Scream Tail\n|-supereffective|p1a: Scream Tail\n|-damage|p1a: Scream Tail|102/330\n|\n|-heal|p1a: Scream Tail|122/330|[from] item: Leftovers\n|upkeep\n|turn|16\n|\n|t:|1732982187\n|move|p1a: Scream Tail|Wish|p1a: Scream Tail\n|cant|p2a: Dialga|par\n|\n|-heal|p1a: Scream Tail|142/330|[from] item: Leftovers\n|upkeep\n|turn|17\n|\n|t:|1732982191\n|move|p1a: Scream Tail|Protect|p1a: Scream Tail\n|-singleturn|p1a: Scream Tail|Protect\n|move|p2a: Dialga|Heavy Slam|p1a: Scream Tail\n|-activate|p1a: Scream Tail|move: Protect\n|\n|-heal|p1a: Scream Tail|307/330|[from] move: Wish|[wisher] Scream Tail\n|-heal|p1a: Scream Tail|327/330|[from] item: Leftovers\n|upkeep\n|turn|18\n|\n|t:|1732982201\n|-terastallize|p1a: Scream Tail|Steel\n|move|p1a: Scream Tail|Play Rough|p2a: Dialga\n|-damage|p2a: Dialga|31/266 par\n|move|p2a: Dialga|Heavy Slam|p1a: Scream Tail\n|-resisted|p1a: Scream Tail\n|-damage|p1a: Scream Tail|276/330\n|\n|-heal|p1a: Scream Tail|296/330|[from] item: Leftovers\n|upkeep\n|turn|19\n|\n|t:|1732982211\n|move|p1a: Scream Tail|Play Rough|p2a: Dialga\n|-damage|p2a: Dialga|0 fnt\n|faint|p2a: Dialga\n|\n|-heal|p1a: Scream Tail|316/330|[from] item: Leftovers\n|upkeep\n|\n|t:|1732982219\n|switch|p2a: Keldeo|Keldeo-Resolute, L79|273/273\n|turn|20\n|\n|t:|1732982223\n|move|p1a: Scream Tail|Thunder Wave|p2a: Keldeo\n|-status|p2a: Keldeo|par\n|move|p2a: Keldeo|Calm Mind|p2a: Keldeo\n|-boost|p2a: Keldeo|spa|1\n|-boost|p2a: Keldeo|spd|1\n|\n|-heal|p1a: Scream Tail|330/330|[from] item: Leftovers\n|upkeep\n|turn|21\n|\n|t:|1732982232\n|move|p1a: Scream Tail|Play Rough|p2a: Keldeo\n|-supereffective|p2a: Keldeo\n|-damage|p2a: Keldeo|115/273 par\n|move|p2a: Keldeo|Secret Sword|p1a: Scream Tail\n|-supereffective|p1a: Scream Tail\n|-damage|p1a: Scream Tail|46/330\n|\n|-heal|p1a: Scream Tail|66/330|[from] item: Leftovers\n|-heal|p2a: Keldeo|132/273 par|[from] item: Leftovers\n|upkeep\n|turn|22\n|\n|t:|1732982244\n|move|p1a: Scream Tail|Wish|p1a: Scream Tail\n|cant|p2a: Keldeo|par\n|\n|-heal|p1a: Scream Tail|86/330|[from] item: Leftovers\n|-heal|p2a: Keldeo|149/273 par|[from] item: Leftovers\n|upkeep\n|turn|23\n|\n|t:|1732982250\n|move|p1a: Scream Tail|Protect|p1a: Scream Tail\n|-singleturn|p1a: Scream Tail|Protect\n|move|p2a: Keldeo|Secret Sword|p1a: Scream Tail\n|-activate|p1a: Scream Tail|move: Protect\n|\n|-heal|p1a: Scream Tail|251/330|[from] move: Wish|[wisher] Scream Tail\n|-heal|p1a: Scream Tail|271/330|[from] item: Leftovers\n|-heal|p2a: Keldeo|166/273 par|[from] item: Leftovers\n|upkeep\n|turn|24\n|\n|t:|1732982260\n|move|p1a: Scream Tail|Play Rough|p2a: Keldeo\n|-supereffective|p2a: Keldeo\n|-damage|p2a: Keldeo|26/273 par\n|-unboost|p2a: Keldeo|atk|1\n|move|p2a: Keldeo|Secret Sword|p1a: Scream Tail\n|-supereffective|p1a: Scream Tail\n|-damage|p1a: Scream Tail|0 fnt\n|faint|p1a: Scream Tail\n|-end|p1a: Scream Tail|Protosynthesis|[silent]\n|\n|-heal|p2a: Keldeo|43/273 par|[from] item: Leftovers\n|upkeep\n|\n|t:|1732982272\n|switch|p1a: Oricorio|Oricorio-Sensu, L85, M|266/266\n|turn|25\n|\n|t:|1732982276\n|move|p1a: Oricorio|Revelation Dance|p2a: Keldeo\n|-damage|p2a: Keldeo|0 fnt\n|faint|p2a: Keldeo\n|\n|upkeep\n|\n|t:|1732982287\n|switch|p2a: Shaymin|Shaymin-Sky, L73|266/266\n|turn|26\n|\n|t:|1732982291\n|move|p2a: Shaymin|Air Slash|p1a: Oricorio\n|-damage|p1a: Oricorio|146/266\n|cant|p1a: Oricorio|flinch\n|\n|upkeep\n|turn|27\n|\n|t:|1732982297\n|move|p2a: Shaymin|Air Slash|p1a: Oricorio\n|-damage|p1a: Oricorio|26/266\n|move|p1a: Oricorio|Quiver Dance|p1a: Oricorio\n|-boost|p1a: Oricorio|spa|1\n|-boost|p1a: Oricorio|spd|1\n|-boost|p1a: Oricorio|spe|1\n|\n|upkeep\n|turn|28\n|\n|t:|1732982304\n|move|p1a: Oricorio|Hurricane|p2a: Shaymin|[miss]\n|-miss|p1a: Oricorio|p2a: Shaymin\n|move|p2a: Shaymin|Air Slash|p1a: Oricorio\n|-damage|p1a: Oricorio|0 fnt\n|faint|p1a: Oricorio\n|\n|upkeep\n|\n|t:|1732982311\n|switch|p1a: Latias|Latias, L79, F|226/256\n|turn|29\n|\n|t:|1732982316\n|move|p2a: Shaymin|Air Slash|p1a: Latias\n|-damage|p1a: Latias|138/256\n|move|p1a: Latias|Calm Mind|p1a: Latias\n|-boost|p1a: Latias|spa|1\n|-boost|p1a: Latias|spd|1\n|\n|upkeep\n|turn|30\n|\n|t:|1732982321\n|move|p2a: Shaymin|Air Slash|p1a: Latias\n|-damage|p1a: Latias|84/256\n|move|p1a: Latias|Recover|p1a: Latias\n|-heal|p1a: Latias|212/256\n|\n|upkeep\n|turn|31\n|\n|t:|1732982326\n|move|p2a: Shaymin|Air Slash|p1a: Latias\n|-damage|p1a: Latias|154/256\n|cant|p1a: Latias|flinch\n|\n|upkeep\n|turn|32\n|\n|t:|1732982330\n|-terastallize|p2a: Shaymin|Flying\n|move|p2a: Shaymin|Air Slash|p1a: Latias\n|-damage|p1a: Latias|82/256\n|move|p1a: Latias|Recover|p1a: Latias\n|-heal|p1a: Latias|210/256\n|\n|upkeep\n|turn|33\n|\n|t:|1732982338\n|move|p2a: Shaymin|Air Slash|p1a: Latias\n|-damage|p1a: Latias|132/256\n|move|p1a: Latias|Calm Mind|p1a: Latias\n|-boost|p1a: Latias|spa|1\n|-boost|p1a: Latias|spd|1\n|\n|upkeep\n|turn|34\n|\n|t:|1732982344\n|move|p2a: Shaymin|Air Slash|p1a: Latias\n|-damage|p1a: Latias|78/256\n|cant|p1a: Latias|flinch\n|\n|upkeep\n|turn|35\n|\n|t:|1732982350\n|move|p2a: Shaymin|Air Slash|p1a: Latias\n|-damage|p1a: Latias|24/256\n|move|p1a: Latias|Recover|p1a: Latias\n|-heal|p1a: Latias|152/256\n|\n|upkeep\n|turn|36\n|\n|t:|1732982357\n|move|p2a: Shaymin|Air Slash|p1a: Latias\n|-damage|p1a: Latias|94/256\n|cant|p1a: Latias|flinch\n|\n|upkeep\n|turn|37\n|\n|t:|1732982362\n|move|p2a: Shaymin|Air Slash|p1a: Latias\n|-damage|p1a: Latias|38/256\n|move|p1a: Latias|Psyshock|p2a: Shaymin\n|-damage|p2a: Shaymin|19/266\n|\n|upkeep\n|turn|38\n|\n|t:|1732982367\n|move|p2a: Shaymin|Air Slash|p1a: Latias|[miss]\n|-miss|p2a: Shaymin|p1a: Latias\n|move|p1a: Latias|Recover|p1a: Latias\n|-heal|p1a: Latias|166/256\n|\n|upkeep\n|turn|39\n|\n|t:|1732982404\n|move|p2a: Shaymin|Air Slash|p1a: Latias\n|-damage|p1a: Latias|108/256\n|cant|p1a: Latias|flinch\n|\n|upkeep\n|turn|40\n|\n|t:|1732982411\n|move|p2a: Shaymin|Air Slash|p1a: Latias\n|-damage|p1a: Latias|50/256\n|cant|p1a: Latias|flinch\n|\n|upkeep\n|turn|41\n|\n|t:|1732982416\n|move|p2a: Shaymin|Air Slash|p1a: Latias\n|-damage|p1a: Latias|0 fnt\n|faint|p1a: Latias\n|\n|win|Venges life\n", "inputlog": ">version b107d77f5c90bd6555267ae244a6264823309ead\n>start {\"formatid\":\"gen9randombattle\",\"seed\":[16772,47998,57375,60937]}\n>player p1 {\"name\":\"Carrot076\",\"avatar\":\"riley\",\"rating\":0,\"seed\":[36176,14704,19693,43555]}\n>player p2 {\"name\":\"Venges life\",\"avatar\":\"drayden\",\"rating\":0,\"seed\":[25525,32502,10091,53832]}\n>p1 move calmmind\n>p2 move dracometeor\n>p1 move dracometeor\n>p2 move dracometeor\n>p2 switch 3\n>p1 move recover\n>p2 move shellsmash\n>p1 switch 6\n>p2 move shadowball\n>p1 move ironhead\n>p2 move shadowball\n>p1 switch 4\n>p1 move discharge\n>p2 move shadowball\n>p1 move hurricane\n>p2 move strengthsap\n>p1 move roost\n>p2 move shadowball\n>p1 switch 2\n>p1 move spacialrend\n>p2 move strengthsap\n>p2 switch 6\n>p1 move spacialrend\n>p2 move dracometeor\n>p1 switch 5\n>p1 move thunderwave\n>p2 move heavyslam\n>p1 move protect\n>p2 move heavyslam\n>p1 move wish\n>p2 move heavyslam\n>p1 move protect\n>p2 move heavyslam\n>p1 move playrough\n>p2 move heavyslam\n>p1 move wish\n>p2 move heavyslam\n>p1 move protect\n>p2 move heavyslam\n>p1 move playrough terastallize\n>p2 move heavyslam\n>p1 move playrough\n>p2 move thunderwave\n>p2 switch 2\n>p1 move thunderwave\n>p2 move calmmind\n>p1 move playrough\n>p2 move secretsword\n>p1 move wish\n>p2 move secretsword\n>p1 move protect\n>p2 move secretsword\n>p1 move playrough\n>p2 move secretsword\n>p1 switch 3\n>p1 move revelationdance\n>p2 move surf\n>p2 switch 5\n>p1 move quiverdance\n>p2 move airslash\n>p1 move quiverdance\n>p2 move airslash\n>p1 move hurricane\n>p2 move airslash\n>p1 switch 6\n>p1 move calmmind\n>p2 move airslash\n>p1 move recover\n>p2 move airslash\n>p1 move recover\n>p2 move airslash\n>p1 move recover\n>p2 move airslash terastallize\n>p1 move calmmind\n>p2 move airslash\n>p1 move recover\n>p2 move airslash\n>p1 move recover\n>p2 move airslash\n>p1 move psyshock\n>p2 move airslash\n>p1 move psyshock\n>p2 move airslash\n>p1 move recover\n>p2 move airslash\n>p1 move psyshock\n>p2 move airslash\n>p1 move recover\n>p2 move airslash\n>p1 move recover\n>p2 move airslash", "uploadtime": 1732982421, "views": 10, "formatid": "gen9randombattle", "rating": null, "private": 0, "password": null}