{"id": "gen9randombattle-2253984759", "format": "[Gen 9] Random Battle", "players": ["Pokexarex", "ptgkhtmpdpw"], "log": "|j|\u2606Pokexarex\n|j|\u2606ptgkhtmpdpw\n|t:|1732975776\n|gametype|singles\n|player|p1|Pokexarex|102|1000\n|player|p2|ptgkhtmpdpw|265|1000\n|teamsize|p1|6\n|teamsize|p2|6\n|gen|9\n|tier|[Gen 9] Random Battle\n|rated|\n|rule|Species Clause: Limit one of each Pok\u00e9mon\n|rule|HP Percentage Mod: HP is shown in percentages\n|rule|Sleep Clause Mod: Limit one foe put to sleep\n|rule|Illusion Level Mod: Illusion disguises the Pok\u00e9mon's true level\n|\n|t:|1732975776\n|start\n|switch|p1a: Regirock|Regirock, L83|268/268\n|switch|p2a: Altaria|Altaria, L88, M|275/275\n|turn|1\n|\n|t:|1732975801\n|move|p2a: Altaria|Brave Bird|p1a: Regirock\n|-resisted|p1a: Regirock\n|-damage|p1a: Regirock|241/268\n|-damage|p2a: Altaria|266/275|[from] Recoil\n|move|p1a: Regirock|Stealth Rock|p2a: Altaria\n|-sidestart|p2: ptgkhtmpdpw|move: Stealth Rock\n|\n|-heal|p1a: Regirock|257/268|[from] item: Leftovers\n|upkeep\n|turn|2\n|\n|t:|1732975817\n|switch|p2a: Bruxish|Bruxish, L85, M|254/254\n|-damage|p2a: Bruxish|223/254|[from] Stealth Rock\n|move|p1a: Regirock|Stone Edge|p2a: Bruxish\n|-crit|p2a: Bruxish\n|-damage|p2a: Bruxish|19/254\n|\n|-heal|p1a: Regirock|268/268|[from] item: Leftovers\n|upkeep\n|turn|3\n|\n|t:|1732975828\n|move|p2a: Bruxish|Wave Crash|p1a: Regirock\n|-supereffective|p1a: Regirock\n|-damage|p1a: Regirock|86/268\n|-damage|p2a: Bruxish|0 fnt|[from] Recoil\n|faint|p2a: Bruxish\n|move|p1a: Regirock|Thunder Wave|p2: Bruxish|[notarget]\n|-fail|p1a: Regirock\n|\n|-heal|p1a: Regirock|102/268|[from] item: Leftovers\n|upkeep\n|\n|t:|1732975844\n|switch|p2a: Inteleon|Inteleon, L81, F|246/246\n|-damage|p2a: Inteleon|216/246|[from] Stealth Rock\n|turn|4\n|\n|t:|1732975849\n|move|p2a: Inteleon|Hydro Pump|p1a: Regirock\n|-supereffective|p1a: Regirock\n|-damage|p1a: Regirock|0 fnt\n|faint|p1a: Regirock\n|\n|upkeep\n|\n|t:|1732975855\n|switch|p1a: Regieleki|Regieleki, L79|256/256\n|turn|5\n|inactive|Battle timer is ON: inactive players will automatically lose when time's up. (requested by ptgkhtmpdpw)\n|\n|t:|1732975863\n|switch|p2a: Altaria|Altaria, L88, M|266/275\n|move|p1a: Regieleki|Thunderbolt|p2a: Altaria\n|-damage|p2a: Altaria|145/275\n|\n|upkeep\n|turn|6\n|\n|t:|1732975871\n|move|p1a: Regieleki|Thunderbolt|p2a: Altaria\n|-damage|p2a: Altaria|37/275\n|move|p2a: Altaria|Defog|p1a: Regieleki\n|-unboost|p1a: Regieleki|evasion|1\n|-sideend|p2: ptgkhtmpdpw|Stealth Rock|[from] move: Defog|[of] p2a: Altaria\n|\n|upkeep\n|turn|7\n|\n|t:|1732975879\n|move|p1a: Regieleki|Rapid Spin|p2a: Altaria\n|-damage|p2a: Altaria|7/275\n|-boost|p1a: Regieleki|spe|1\n|move|p2a: Altaria|Brave Bird|p1a: Regieleki\n|-resisted|p1a: Regieleki\n|-damage|p1a: Regieleki|172/256\n|-damage|p2a: Altaria|0 fnt|[from] Recoil\n|faint|p2a: Altaria\n|\n|upkeep\n|\n|t:|1732975890\n|switch|p2a: Ninetales|Ninetales-Alola, L78, M|242/242\n|-weather|Snow|[from] ability: Snow Warning|[of] p2a: Ninetales\n|turn|8\n|\n|t:|1732975905\n|move|p1a: Regieleki|Thunderbolt|p2a: Ninetales\n|-damage|p2a: Ninetales|118/242\n|move|p2a: Ninetales|Aurora Veil|p2a: Ninetales\n|-sidestart|p2: ptgkhtmpdpw|move: Aurora Veil\n|\n|-weather|Snow|[upkeep]\n|upkeep\n|turn|9\n|\n|t:|1732975915\n|move|p1a: Regieleki|Thunderbolt|p2a: Ninetales\n|-damage|p2a: Ninetales|55/242\n|move|p2a: Ninetales|Blizzard|p1a: Regieleki\n|-damage|p1a: Regieleki|27/256\n|\n|-weather|Snow|[upkeep]\n|upkeep\n|turn|10\n|\n|t:|1732975923\n|move|p1a: Regieleki|Explosion|p2a: Ninetales\n|-damage|p2a: Ninetales|0 fnt\n|faint|p1a: Regieleki\n|faint|p2a: Ninetales\n|\n|-weather|Snow|[upkeep]\n|upkeep\n|\n|t:|1732975932\n|switch|p1a: Abomasnow|Abomasnow, L85, F|291/291\n|switch|p2a: Vivillon|Vivillon-Garden, L84, M|272/272\n|turn|11\n|\n|t:|1732975939\n|move|p2a: Vivillon|Quiver Dance|p2a: Vivillon\n|-boost|p2a: Vivillon|spa|1\n|-boost|p2a: Vivillon|spd|1\n|-boost|p2a: Vivillon|spe|1\n|move|p1a: Abomasnow|Blizzard|p2a: Vivillon\n|-supereffective|p2a: Vivillon\n|-damage|p2a: Vivillon|161/272\n|\n|-weather|Snow|[upkeep]\n|upkeep\n|turn|12\n|\n|t:|1732975954\n|move|p2a: Vivillon|Bug Buzz|p1a: Abomasnow\n|-supereffective|p1a: Abomasnow\n|-damage|p1a: Abomasnow|0 fnt\n|faint|p1a: Abomasnow\n|\n|-weather|none\n|upkeep\n|\n|t:|1732975962\n|switch|p1a: Zacian|Zacian-Crowned, L64|225/225\n|-ability|p1a: Zacian|Intrepid Sword|boost\n|-boost|p1a: Zacian|atk|1\n|turn|13\n|\n|t:|1732975977\n|move|p2a: Vivillon|Sleep Powder|p1a: Zacian\n|-status|p1a: Zacian|slp|[from] move: Sleep Powder\n|cant|p1a: Zacian|slp\n|\n|upkeep\n|turn|14\n|\n|t:|1732975983\n|move|p2a: Vivillon|Hurricane|p1a: Zacian\n|-resisted|p1a: Zacian\n|-damage|p1a: Zacian|141/225 slp\n|-start|p1a: Zacian|confusion\n|-curestatus|p1a: Zacian|slp|[msg]\n|-activate|p1a: Zacian|confusion\n|move|p1a: Zacian|Behemoth Blade|p2a: Vivillon\n|-damage|p2a: Vivillon|68/272\n|\n|upkeep\n|turn|15\n|\n|t:|1732975995\n|move|p2a: Vivillon|Sleep Powder|p1a: Zacian\n|-status|p1a: Zacian|slp|[from] move: Sleep Powder\n|cant|p1a: Zacian|slp\n|\n|-sideend|p2: ptgkhtmpdpw|move: Aurora Veil\n|upkeep\n|turn|16\n|\n|t:|1732976002\n|move|p2a: Vivillon|Hurricane|p1a: Zacian\n|-resisted|p1a: Zacian\n|-damage|p1a: Zacian|52/225 slp\n|cant|p1a: Zacian|slp\n|\n|upkeep\n|turn|17\n|\n|t:|1732976009\n|move|p2a: Vivillon|Hurricane|p1a: Zacian\n|-resisted|p1a: Zacian\n|-damage|p1a: Zacian|0 fnt\n|faint|p1a: Zacian\n|\n|upkeep\n|\n|t:|1732976015\n|switch|p1a: Cresselia|Cresselia, L80, F|323/323\n|turn|18\n|\n|t:|1732976026\n|move|p2a: Vivillon|Sleep Powder|p1a: Cresselia\n|-status|p1a: Cresselia|slp|[from] move: Sleep Powder\n|cant|p1a: Cresselia|slp\n|\n|upkeep\n|turn|19\n|\n|t:|1732976032\n|move|p2a: Vivillon|Bug Buzz|p1a: Cresselia\n|-supereffective|p1a: Cresselia\n|-damage|p1a: Cresselia|95/323 slp\n|cant|p1a: Cresselia|slp\n|\n|-heal|p1a: Cresselia|115/323 slp|[from] item: Leftovers\n|upkeep\n|turn|20\n|\n|t:|1732976041\n|move|p2a: Vivillon|Bug Buzz|p1a: Cresselia\n|-supereffective|p1a: Cresselia\n|-damage|p1a: Cresselia|0 fnt\n|faint|p1a: Cresselia\n|\n|upkeep\n|\n|t:|1732976048\n|switch|p1a: Leafeon|Leafeon, L88, M|258/258\n|turn|21\n|\n|t:|1732976055\n|move|p2a: Vivillon|Bug Buzz|p1a: Leafeon\n|-supereffective|p1a: Leafeon\n|-damage|p1a: Leafeon|0 fnt\n|faint|p1a: Leafeon\n|\n|win|ptgkhtmpdpw\n|raw|Pokexarex's rating: 1000 &rarr; <strong>1000</strong><br />(+0 for losing)\n|raw|ptgkhtmpdpw's rating: 1000 &rarr; <strong>1040</strong><br />(+40 for winning)\n|l|\u2606Pokexarex\n|player|p1|\n|n|\u2606ptgkhtmpdpw|ptgkhtmpdpw\n", "inputlog": ">version b107d77f5c90bd6555267ae244a6264823309ead\n>start {\"formatid\":\"gen9randombattle\",\"seed\":[63082,19911,25277,47392],\"rated\":\"Rated battle\"}\n>player p1 {\"name\":\"Pokexarex\",\"avatar\":\"102\",\"rating\":1000,\"seed\":[41907,60239,5933,52509]}\n>player p2 {\"name\":\"ptgkhtmpdpw\",\"avatar\":\"265\",\"rating\":1000,\"seed\":[35057,33515,22389,30472]}\n>p1 move stealthrock\n>p2 move bravebird\n>p1 move stoneedge\n>p2 switch 2\n>p1 move thunderwave\n>p2 move wavecrash\n>p2 switch 3\n>p1 move thunderwave\n>p2 move hydropump\n>p1 switch 5\n>p1 move thunderbolt\n>p2 switch 2\n>p1 move thunderbolt\n>p2 move defog\n>p1 move rapidspin\n>p2 move bravebird\n>p2 switch 5\n>p1 move thunderbolt\n>p2 move auroraveil\n>p1 move thunderbolt\n>p2 move blizzard\n>p1 move explosion\n>p2 move moonblast\n>p1 switch 3\n>p2 switch 6\n>p1 move blizzard\n>p2 move quiverdance\n>p1 move blizzard\n>p2 move bugbuzz\n>p1 switch 2\n>p1 move behemothblade\n>p2 move sleeppowder\n>p1 move behemothblade\n>p2 move hurricane\n>p1 move behemothblade\n>p2 move sleeppowder\n>p1 move behemothblade\n>p2 move hurricane\n>p1 move behemothblade\n>p2 move hurricane\n>p1 switch 6\n>p1 move moonblast\n>p2 move sleeppowder\n>p1 move moonblast\n>p2 move bugbuzz\n>p1 move moonblast\n>p2 move bugbuzz\n>p1 switch 4\n>p1 move knockoff\n>p2 move bugbuzz", "uploadtime": 1732976070, "views": 1, "formatid": "gen9randombattle", "rating": 1000, "private": 0, "password": null}