{"id": "gen9randombattle-2253950807", "format": "[Gen 9] Random Battle", "players": ["Hfyufu", "Picchiamper"], "log": "|j|\u2606Hfyufu\n|j|\u2606Picchiamper\n|t:|1732970057\n|gametype|singles\n|player|p1|Hfyufu|102|1537\n|player|p2|Picchiamper|silver|1520\n|teamsize|p1|6\n|teamsize|p2|6\n|gen|9\n|tier|[Gen 9] Random Battle\n|rated|\n|rule|Species Clause: Limit one of each Pok\u00e9mon\n|rule|HP Percentage Mod: HP is shown in percentages\n|rule|Sleep Clause Mod: Limit one foe put to sleep\n|rule|Illusion Level Mod: Illusion disguises the Pok\u00e9mon's true level\n|\n|t:|1732970057\n|start\n|switch|p1a: Serperior|Serperior, L79, F|248/248\n|switch|p2a: Koraidon|Koraidon, L64|235/235\n|-weather|SunnyDay|[from] ability: Orichalcum Pulse|[of] p2a: Koraidon\n|-activate|p2a: Koraidon|Orichalcum Pulse|[source]\n|turn|1\n|inactive|Battle timer is ON: inactive players will automatically lose when time's up. (requested by Picchiamper)\n|\n|t:|1732970063\n|move|p1a: Serperior|Glare|p2a: Koraidon\n|-status|p2a: Koraidon|par\n|move|p2a: Koraidon|U-turn|p1a: Serperior\n|-supereffective|p1a: Serperior\n|-damage|p1a: Serperior|106/248\n|\n|t:|1732970067\n|switch|p2a: Talonflame|Talonflame, L84, F|268/268|[from] U-turn\n|\n|-weather|SunnyDay|[upkeep]\n|upkeep\n|turn|2\n|\n|t:|1732970081\n|switch|p1a: Regirock|Regirock, L83|268/268\n|move|p2a: Talonflame|Brave Bird|p1a: Regirock\n|-resisted|p1a: Regirock\n|-damage|p1a: Regirock|241/268\n|-damage|p2a: Talonflame|259/268|[from] Recoil\n|\n|-weather|SunnyDay|[upkeep]\n|-heal|p1a: Regirock|257/268|[from] item: Leftovers\n|upkeep\n|turn|3\n|\n|t:|1732970090\n|switch|p2a: Koraidon|Koraidon, L64|235/235 par\n|-activate|p2a: Koraidon|ability: Orichalcum Pulse\n|move|p1a: Regirock|Stone Edge|p2a: Koraidon\n|-resisted|p2a: Koraidon\n|-damage|p2a: Koraidon|180/235 par\n|\n|-weather|SunnyDay|[upkeep]\n|-heal|p1a: Regirock|268/268|[from] item: Leftovers\n|upkeep\n|turn|4\n|\n|t:|1732970099\n|move|p1a: Regirock|Body Press|p2a: Koraidon\n|-damage|p2a: Koraidon|81/235 par\n|move|p2a: Koraidon|Close Combat|p1a: Regirock\n|-supereffective|p1a: Regirock\n|-damage|p1a: Regirock|76/268\n|-unboost|p2a: Koraidon|def|1\n|-unboost|p2a: Koraidon|spd|1\n|\n|-weather|SunnyDay|[upkeep]\n|-heal|p1a: Regirock|92/268|[from] item: Leftovers\n|upkeep\n|turn|5\n|\n|t:|1732970110\n|switch|p2a: Oricorio|Oricorio-Pa'u, L87, F|272/272\n|move|p1a: Regirock|Body Press|p2a: Oricorio\n|-resisted|p2a: Oricorio\n|-damage|p2a: Oricorio|244/272\n|\n|-weather|none\n|-heal|p1a: Regirock|108/268|[from] item: Leftovers\n|upkeep\n|turn|6\n|\n|t:|1732970116\n|move|p2a: Oricorio|Revelation Dance|p1a: Regirock\n|-damage|p1a: Regirock|17/268\n|move|p1a: Regirock|Stone Edge|p2a: Oricorio\n|-supereffective|p2a: Oricorio\n|-damage|p2a: Oricorio|4/272\n|\n|-heal|p1a: Regirock|33/268|[from] item: Leftovers\n|upkeep\n|turn|7\n|\n|t:|1732970120\n|move|p2a: Oricorio|Revelation Dance|p1a: Regirock\n|-damage|p1a: Regirock|0 fnt\n|faint|p1a: Regirock\n|\n|upkeep\n|\n|t:|1732970132\n|switch|p1a: Ambipom|Ambipom, L84, F|263/263\n|turn|8\n|\n|t:|1732970138\n|move|p1a: Ambipom|Double-Edge|p2a: Oricorio\n|-damage|p2a: Oricorio|0 fnt\n|faint|p2a: Oricorio\n|-damage|p1a: Ambipom|262/263|[from] Recoil\n|\n|upkeep\n|\n|t:|1732970153\n|switch|p2a: Dunsparce|Dunsparce, L86, M|312/312\n|turn|9\n|\n|t:|1732970158\n|-terastallize|p2a: Dunsparce|Ghost\n|move|p1a: Ambipom|Double-Edge|p2a: Dunsparce\n|-immune|p2a: Dunsparce\n|move|p2a: Dunsparce|Coil|p2a: Dunsparce\n|-boost|p2a: Dunsparce|atk|1\n|-boost|p2a: Dunsparce|def|1\n|-boost|p2a: Dunsparce|accuracy|1\n|\n|upkeep\n|turn|10\n|\n|t:|1732970163\n|switch|p1a: Skuntank|Skuntank, L84, M|310/310\n|move|p2a: Dunsparce|Coil|p2a: Dunsparce\n|-boost|p2a: Dunsparce|atk|1\n|-boost|p2a: Dunsparce|def|1\n|-boost|p2a: Dunsparce|accuracy|1\n|\n|upkeep\n|turn|11\n|\n|t:|1732970173\n|move|p1a: Skuntank|Knock Off|p2a: Dunsparce\n|-supereffective|p2a: Dunsparce\n|-damage|p2a: Dunsparce|208/312\n|-enditem|p2a: Dunsparce|Eviolite|[from] move: Knock Off|[of] p1a: Skuntank\n|-damage|p1a: Skuntank|279/310|[from] item: Life Orb\n|move|p2a: Dunsparce|Earthquake|p1a: Skuntank\n|-supereffective|p1a: Skuntank\n|-damage|p1a: Skuntank|3/310\n|\n|upkeep\n|turn|12\n|\n|t:|1732970179\n|move|p1a: Skuntank|Fire Blast|p2a: Dunsparce\n|-damage|p2a: Dunsparce|114/312\n|-damage|p1a: Skuntank|0 fnt|[from] item: Life Orb\n|faint|p1a: Skuntank\n|move|p2a: Dunsparce|Roost|p2a: Dunsparce\n|-heal|p2a: Dunsparce|270/312\n|\n|upkeep\n|\n|t:|1732970199\n|switch|p1a: Ambipom|Ambipom, L84, F|262/263\n|turn|13\n|\n|t:|1732970200\n|move|p1a: Ambipom|Knock Off|p2a: Dunsparce\n|-supereffective|p2a: Dunsparce\n|-damage|p2a: Dunsparce|194/312\n|move|p2a: Dunsparce|Body Slam|p1a: Ambipom\n|-damage|p1a: Ambipom|64/263\n|-status|p1a: Ambipom|par\n|\n|upkeep\n|turn|14\n|\n|t:|1732970224\n|move|p2a: Dunsparce|Roost|p2a: Dunsparce\n|-heal|p2a: Dunsparce|312/312\n|move|p1a: Ambipom|Knock Off|p2a: Dunsparce\n|-supereffective|p2a: Dunsparce\n|-damage|p2a: Dunsparce|230/312\n|\n|upkeep\n|turn|15\n|\n|t:|1732970228\n|move|p2a: Dunsparce|Body Slam|p1a: Ambipom\n|-damage|p1a: Ambipom|0 fnt\n|faint|p1a: Ambipom\n|\n|upkeep\n|\n|t:|1732970230\n|switch|p1a: Serperior|Serperior, L79, F|106/248\n|turn|16\n|\n|t:|1732970233\n|move|p1a: Serperior|Leaf Storm|p2a: Dunsparce\n|-damage|p2a: Dunsparce|69/312\n|-boost|p1a: Serperior|spa|2\n|-damage|p1a: Serperior|82/248|[from] item: Life Orb\n|move|p2a: Dunsparce|Body Slam|p1a: Serperior\n|-damage|p1a: Serperior|0 fnt\n|faint|p1a: Serperior\n|\n|upkeep\n|\n|t:|1732970239\n|switch|p1a: Hawlucha|Hawlucha, L80, F|256/256\n|turn|17\n|\n|t:|1732970244\n|move|p1a: Hawlucha|Brave Bird|p2a: Dunsparce\n|-damage|p2a: Dunsparce|3/312\n|-damage|p1a: Hawlucha|234/256|[from] Recoil\n|move|p2a: Dunsparce|Body Slam|p1a: Hawlucha\n|-damage|p1a: Hawlucha|74/256\n|\n|upkeep\n|turn|18\n|\n|t:|1732970251\n|move|p1a: Hawlucha|Brave Bird|p2a: Dunsparce\n|-damage|p2a: Dunsparce|0 fnt\n|faint|p2a: Dunsparce\n|-damage|p1a: Hawlucha|73/256|[from] Recoil\n|\n|upkeep\n|\n|t:|1732970254\n|switch|p2a: Talonflame|Talonflame, L84, F|259/268\n|turn|19\n|\n|t:|1732970259\n|move|p2a: Talonflame|Flare Blitz|p1a: Hawlucha\n|-damage|p1a: Hawlucha|0 fnt\n|faint|p1a: Hawlucha\n|-damage|p2a: Talonflame|235/268|[from] Recoil\n|\n|upkeep\n|\n|t:|1732970262\n|switch|p1a: Malamar|Malamar, L82, F|275/275\n|turn|20\n|\n|t:|1732970265\n|move|p2a: Talonflame|Swords Dance|p2a: Talonflame\n|-boost|p2a: Talonflame|atk|2\n|move|p1a: Malamar|Superpower|p2a: Talonflame\n|-resisted|p2a: Talonflame\n|-damage|p2a: Talonflame|188/268\n|-boost|p1a: Malamar|atk|1\n|-boost|p1a: Malamar|def|1\n|-status|p1a: Malamar|brn|[from] ability: Flame Body|[of] p2a: Talonflame\n|\n|-damage|p1a: Malamar|258/275 brn|[from] brn\n|upkeep\n|turn|21\n|\n|t:|1732970268\n|move|p2a: Talonflame|Flare Blitz|p1a: Malamar\n|-damage|p1a: Malamar|98/275 brn\n|-damage|p2a: Talonflame|135/268|[from] Recoil\n|move|p1a: Malamar|Superpower|p2a: Talonflame\n|-resisted|p2a: Talonflame\n|-damage|p2a: Talonflame|101/268\n|-boost|p1a: Malamar|atk|1\n|-boost|p1a: Malamar|def|1\n|\n|-heal|p1a: Malamar|115/275 brn|[from] item: Leftovers\n|-damage|p1a: Malamar|98/275 brn|[from] brn\n|upkeep\n|turn|22\n|\n|t:|1732970270\n|move|p2a: Talonflame|Flare Blitz|p1a: Malamar\n|-crit|p1a: Malamar\n|-damage|p1a: Malamar|0 fnt\n|faint|p1a: Malamar\n|-damage|p2a: Talonflame|69/268|[from] Recoil\n|\n|win|Picchiamper\n|raw|Hfyufu's rating: 1555 &rarr; <strong>1533</strong><br />(-22 for losing)\n|raw|Picchiamper's rating: 1520 &rarr; <strong>1542</strong><br />(+22 for winning)\n", "inputlog": ">version b107d77f5c90bd6555267ae244a6264823309ead\n>start {\"formatid\":\"gen9randombattle\",\"seed\":[24146,32429,20637,58933],\"rated\":\"Rated battle\"}\n>player p1 {\"name\":\"Hfyufu\",\"avatar\":\"102\",\"rating\":1537,\"seed\":[46450,52316,61314,58540]}\n>player p2 {\"name\":\"Picchiamper\",\"avatar\":\"silver\",\"rating\":1520,\"seed\":[31052,36517,55810,18796]}\n>p1 move glare\n>p2 move uturn\n>p2 switch 4\n>p1 switch 3\n>p2 move bravebird\n>p1 move stoneedge\n>p2 switch 4\n>p1 move bodypress\n>p2 move closecombat\n>p1 move bodypress\n>p2 switch 2\n>p1 move stoneedge\n>p2 move revelationdance\n>p1 move stealthrock\n>p2 move revelationdance\n>p1 switch 4\n>p1 move doubleedge\n>p2 move revelationdance\n>p2 switch 3\n>p1 move doubleedge\n>p2 move coil terastallize\n>p1 switch 2\n>p2 move coil\n>p1 move knockoff\n>p2 move earthquake\n>p1 move fireblast\n>p2 move roost\n>p1 switch 2\n>p1 move knockoff\n>p2 move bodyslam\n>p1 move knockoff\n>p2 move roost\n>p1 move knockoff\n>p2 move bodyslam\n>p1 switch 3\n>p1 move leafstorm\n>p2 move bodyslam\n>p1 switch 6\n>p1 move bravebird\n>p2 move bodyslam\n>p1 move bravebird\n>p2 move roost\n>p2 switch 4\n>p1 move closecombat\n>p2 move flareblitz\n>p1 switch 5\n>p1 move superpower\n>p2 move swordsdance\n>p1 move superpower\n>p2 move flareblitz\n>p1 move rest\n>p2 move flareblitz", "uploadtime": 1732970272, "views": 2, "formatid": "gen9randombattle", "rating": 1533, "private": 0, "password": null}