{"id": "gen9randombattle-2253878736", "format": "[Gen 9] Random Battle", "players": ["wanted fame=got it", "Enstrom"], "log": "|badge|p1|bronze|gen9randombattle|100-3\n|uhtml|medal-msg|<div class=\"broadcast-blue\">Curious what those medals under the avatar are? PS now has Ladder Seasons! For more information, check out the <a href=\"https://www.smogon.com/forums/threads/3740067/\">thread on Smogon.</a></div>\n|j|\u2606wanted fame=got it\n|j|\u2606Enstrom\n|t:|1732954746\n|gametype|singles\n|player|p1|wanted fame=got it|aromalady|2353\n|player|p2|Enstrom|rancher|2073\n|teamsize|p1|6\n|teamsize|p2|6\n|gen|9\n|tier|[Gen 9] Random Battle\n|rated|\n|rule|Species Clause: Limit one of each Pok\u00e9mon\n|rule|HP Percentage Mod: HP is shown in percentages\n|rule|Sleep Clause Mod: Limit one foe put to sleep\n|rule|Illusion Level Mod: Illusion disguises the Pok\u00e9mon's true level\n|\n|t:|1732954746\n|start\n|switch|p1a: Mamoswine|Mamoswine, L81, M|311/311\n|switch|p2a: Noctowl|Noctowl, L95, F|344/344\n|turn|1\n|inactive|Battle timer is ON: inactive players will automatically lose when time's up. (requested by Enstrom)\n|inactive|wanted fame=got it also wants the timer to be on.\n|inactive|Enstrom has 120 seconds left.\n|\n|t:|1732954784\n|move|p2a: Noctowl|Hurricane|p1a: Mamoswine\n|-damage|p1a: Mamoswine|133/311\n|move|p1a: Mamoswine|Knock Off|p2a: Noctowl\n|-damage|p2a: Noctowl|183/344\n|-enditem|p2a: Noctowl|Heavy-Duty Boots|[from] move: Knock Off|[of] p1a: Mamoswine\n|\n|upkeep\n|turn|2\n|\n|t:|1732954796\n|switch|p1a: Electivire|Electivire, L84, F|263/263\n|move|p2a: Noctowl|Hyper Voice|p1a: Electivire\n|-damage|p1a: Electivire|149/263\n|\n|upkeep\n|turn|3\n|inactive|Enstrom has 120 seconds left.\n|\n|t:|1732954831\n|switch|p2a: Plusle|Plusle, L95, F|268/268\n|move|p1a: Electivire|Ice Punch|p2a: Plusle\n|-damage|p2a: Plusle|138/268\n|-damage|p1a: Electivire|123/263|[from] item: Life Orb\n|\n|upkeep\n|turn|4\n|inactive|Enstrom has 120 seconds left.\n|\n|t:|1732954843\n|move|p2a: Plusle|Alluring Voice|p1a: Electivire\n|-damage|p1a: Electivire|39/263\n|-damage|p2a: Plusle|112/268|[from] item: Life Orb\n|move|p1a: Electivire|Earthquake|p2a: Plusle\n|-supereffective|p2a: Plusle\n|-damage|p2a: Plusle|0 fnt\n|faint|p2a: Plusle\n|-damage|p1a: Electivire|13/263|[from] item: Life Orb\n|\n|upkeep\n|inactive|Enstrom has 120 seconds left.\n|\n|t:|1732954850\n|switch|p2a: Gothitelle|Gothitelle, L90, M|272/272\n|turn|5\n|\n|t:|1732954855\n|move|p2a: Gothitelle|Psychic|p1a: Electivire\n|-damage|p1a: Electivire|0 fnt\n|faint|p1a: Electivire\n|\n|upkeep\n|\n|t:|1732954864\n|switch|p1a: Forretress|Forretress, L84, F|263/263\n|turn|6\n|\n|t:|1732954886\n|switch|p2a: Kyurem|Kyurem-White, L73|303/303\n|-ability|p2a: Kyurem|Turboblaze\n|move|p1a: Forretress|Toxic Spikes|p2a: Kyurem\n|-sidestart|p2: Enstrom|move: Toxic Spikes\n|\n|upkeep\n|turn|7\n|\n|t:|1732954893\n|switch|p1a: Hariyama|Hariyama, L87, F|392/392\n|move|p2a: Kyurem|Fusion Flare|p1a: Hariyama\n|-damage|p1a: Hariyama|313/392\n|\n|upkeep\n|turn|8\n|inactive|Enstrom has 120 seconds left.\n|\n|t:|1732954924\n|switch|p2a: Gothitelle|Gothitelle, L90, M|272/272\n|-status|p2a: Gothitelle|psn\n|move|p1a: Hariyama|Knock Off|p2a: Gothitelle\n|-supereffective|p2a: Gothitelle\n|-damage|p2a: Gothitelle|126/272 psn\n|-enditem|p2a: Gothitelle|Choice Scarf|[from] move: Knock Off|[of] p1a: Hariyama\n|\n|-damage|p2a: Gothitelle|92/272 psn|[from] psn\n|upkeep\n|turn|9\n|\n|t:|1732954935\n|move|p2a: Gothitelle|Psychic|p1a: Hariyama\n|-supereffective|p1a: Hariyama\n|-damage|p1a: Hariyama|143/392\n|move|p1a: Hariyama|Heavy Slam|p2a: Gothitelle\n|-damage|p2a: Gothitelle|0 fnt\n|faint|p2a: Gothitelle\n|\n|upkeep\n|\n|t:|1732954952\n|switch|p2a: Noctowl|Noctowl, L95, F|183/344\n|turn|10\n|\n|t:|1732954979\n|move|p2a: Noctowl|Hurricane|p1a: Hariyama\n|-supereffective|p1a: Hariyama\n|-damage|p1a: Hariyama|0 fnt\n|faint|p1a: Hariyama\n|\n|upkeep\n|\n|t:|1732954981\n|switch|p1a: Iron Bundle|Iron Bundle, L77|213/213\n|turn|11\n|inactive|Enstrom has 120 seconds left.\n|\n|t:|1732954991\n|move|p1a: Iron Bundle|Ice Beam|p2a: Noctowl\n|-supereffective|p2a: Noctowl\n|-damage|p2a: Noctowl|13/344\n|move|p2a: Noctowl|Defog|p1a: Iron Bundle\n|-unboost|p1a: Iron Bundle|evasion|1\n|-sideend|p2: Enstrom|Toxic Spikes|[from] move: Defog|[of] p2a: Noctowl\n|\n|upkeep\n|turn|12\n|\n|t:|1732954998\n|move|p1a: Iron Bundle|Ice Beam|p2a: Noctowl\n|-supereffective|p2a: Noctowl\n|-damage|p2a: Noctowl|0 fnt\n|faint|p2a: Noctowl\n|\n|upkeep\n|\n|t:|1732955007\n|switch|p2a: Kyurem|Kyurem-White, L73|303/303\n|-ability|p2a: Kyurem|Turboblaze\n|turn|13\n|inactive|Enstrom has 120 seconds left.\n|\n|t:|1732955035\n|-end|p1a: Iron Bundle|Quark Drive|[silent]\n|switch|p1a: Mamoswine|Mamoswine, L81, M|133/311\n|move|p2a: Kyurem|Fusion Flare|p1a: Mamoswine\n|-supereffective|p1a: Mamoswine\n|-damage|p1a: Mamoswine|0 fnt\n|faint|p1a: Mamoswine\n|\n|upkeep\n|inactive|wanted fame=got it has 120 seconds left.\n|\n|t:|1732955057\n|switch|p1a: Forretress|Forretress, L84, F|263/263\n|turn|14\n|inactive|wanted fame=got it has 120 seconds left.\n|\n|t:|1732955068\n|-terastallize|p1a: Forretress|Water\n|move|p2a: Kyurem|Fusion Flare|p1a: Forretress\n|-resisted|p1a: Forretress\n|-damage|p1a: Forretress|211/263\n|move|p1a: Forretress|Iron Head|p2a: Kyurem\n|-supereffective|p2a: Kyurem\n|-damage|p2a: Kyurem|127/303\n|\n|-heal|p1a: Forretress|227/263|[from] item: Leftovers\n|upkeep\n|turn|15\n|\n|t:|1732955082\n|switch|p2a: Scrafty|Scrafty, L84, M|246/246\n|move|p1a: Forretress|Toxic Spikes|p2a: Scrafty\n|-sidestart|p2: Enstrom|move: Toxic Spikes\n|\n|-heal|p1a: Forretress|243/263|[from] item: Leftovers\n|upkeep\n|turn|16\n|\n|t:|1732955096\n|switch|p1a: Jumpluff|Jumpluff, L87, M|271/271\n|move|p2a: Scrafty|Bulk Up|p2a: Scrafty\n|-boost|p2a: Scrafty|atk|1\n|-boost|p2a: Scrafty|def|1\n|\n|upkeep\n|turn|17\n|\n|t:|1732955112\n|move|p1a: Jumpluff|Leech Seed|p2a: Scrafty\n|-start|p2a: Scrafty|move: Leech Seed\n|move|p2a: Scrafty|Bulk Up|p2a: Scrafty\n|-boost|p2a: Scrafty|atk|1\n|-boost|p2a: Scrafty|def|1\n|\n|-damage|p2a: Scrafty|216/246|[from] Leech Seed|[of] p1a: Jumpluff\n|upkeep\n|turn|18\n|\n|t:|1732955120\n|move|p1a: Jumpluff|Substitute|p1a: Jumpluff\n|-start|p1a: Jumpluff|Substitute\n|-damage|p1a: Jumpluff|204/271\n|move|p2a: Scrafty|Knock Off|p1a: Jumpluff\n|-end|p1a: Jumpluff|Substitute\n|\n|-heal|p2a: Scrafty|231/246|[from] item: Leftovers\n|-damage|p2a: Scrafty|201/246|[from] Leech Seed|[of] p1a: Jumpluff\n|-heal|p1a: Jumpluff|234/271|[silent]\n|upkeep\n|turn|19\n|\n|t:|1732955126\n|move|p1a: Jumpluff|Acrobatics|p2a: Scrafty\n|-supereffective|p2a: Scrafty\n|-damage|p2a: Scrafty|133/246\n|move|p2a: Scrafty|Bulk Up|p2a: Scrafty\n|-boost|p2a: Scrafty|atk|1\n|-boost|p2a: Scrafty|def|1\n|\n|-heal|p2a: Scrafty|148/246|[from] item: Leftovers\n|-damage|p2a: Scrafty|118/246|[from] Leech Seed|[of] p1a: Jumpluff\n|-heal|p1a: Jumpluff|264/271|[silent]\n|upkeep\n|turn|20\n|\n|t:|1732955134\n|move|p1a: Jumpluff|Acrobatics|p2a: Scrafty\n|-supereffective|p2a: Scrafty\n|-damage|p2a: Scrafty|64/246\n|move|p2a: Scrafty|Rest|p2a: Scrafty\n|-status|p2a: Scrafty|slp|[from] move: Rest\n|-heal|p2a: Scrafty|246/246 slp|[silent]\n|\n|-activate|p2a: Scrafty|ability: Shed Skin\n|-curestatus|p2a: Scrafty|slp|[msg]\n|-damage|p2a: Scrafty|216/246|[from] Leech Seed|[of] p1a: Jumpluff\n|-heal|p1a: Jumpluff|271/271|[silent]\n|upkeep\n|turn|21\n|\n|t:|1732955138\n|move|p1a: Jumpluff|Acrobatics|p2a: Scrafty\n|-supereffective|p2a: Scrafty\n|-crit|p2a: Scrafty\n|-damage|p2a: Scrafty|24/246\n|move|p2a: Scrafty|Knock Off|p1a: Jumpluff\n|-damage|p1a: Jumpluff|96/271\n|\n|-heal|p2a: Scrafty|39/246|[from] item: Leftovers\n|-damage|p2a: Scrafty|9/246|[from] Leech Seed|[of] p1a: Jumpluff\n|-heal|p1a: Jumpluff|126/271|[silent]\n|upkeep\n|turn|22\n|\n|t:|1732955157\n|move|p1a: Jumpluff|Acrobatics|p2a: Scrafty\n|-supereffective|p2a: Scrafty\n|-damage|p2a: Scrafty|0 fnt\n|faint|p2a: Scrafty\n|\n|upkeep\n|\n|t:|1732955167\n|switch|p2a: Lokix|Lokix, L82, M|251/251\n|-status|p2a: Lokix|psn\n|turn|23\n|\n|t:|1732955176\n|move|p2a: Lokix|First Impression|p1a: Jumpluff\n|-damage|p1a: Jumpluff|0 fnt\n|faint|p1a: Jumpluff\n|-damage|p2a: Lokix|226/251 psn|[from] item: Life Orb\n|\n|-damage|p2a: Lokix|195/251 psn|[from] psn\n|upkeep\n|\n|t:|1732955194\n|switch|p1a: Iron Bundle|Iron Bundle, L77|213/213\n|turn|24\n|\n|t:|1732955222\n|move|p2a: Lokix|Sucker Punch||[still]\n|-fail|p2a: Lokix\n|move|p1a: Iron Bundle|Encore|p2a: Lokix\n|-start|p2a: Lokix|Encore\n|\n|-damage|p2a: Lokix|164/251 psn|[from] psn\n|upkeep\n|turn|25\n|\n|t:|1732955242\n|move|p2a: Lokix|Sucker Punch|p1a: Iron Bundle\n|-damage|p1a: Iron Bundle|127/213\n|-damage|p2a: Lokix|139/251 psn|[from] item: Life Orb\n|move|p1a: Iron Bundle|Ice Beam|p2a: Lokix\n|-damage|p2a: Lokix|4/251 psn\n|\n|-damage|p2a: Lokix|0 fnt|[from] psn\n|faint|p2a: Lokix\n|upkeep\n|\n|t:|1732955256\n|switch|p2a: Kyurem|Kyurem-White, L73|127/303\n|-status|p2a: Kyurem|psn\n|-ability|p2a: Kyurem|Turboblaze\n|turn|26\n|\n|t:|1732955261\n|-terastallize|p2a: Kyurem|Ice\n|move|p2a: Kyurem|Freeze-Dry|p1a: Iron Bundle\n|-damage|p1a: Iron Bundle|0 fnt\n|faint|p1a: Iron Bundle\n|-end|p1a: Iron Bundle|Quark Drive|[silent]\n|\n|-damage|p2a: Kyurem|90/303 psn|[from] psn\n|upkeep\n|\n|t:|1732955264\n|switch|p1a: Forretress|Forretress, L84, F, tera:Water|243/263\n|turn|27\n|\n|t:|1732955266\n|move|p2a: Kyurem|Freeze-Dry|p1a: Forretress\n|-supereffective|p1a: Forretress\n|-damage|p1a: Forretress|0 fnt\n|faint|p1a: Forretress\n|\n|win|Enstrom\n|raw|wanted fame=got it's rating: 2353 &rarr; <strong>2320</strong><br />(-33 for losing)\n|raw|Enstrom's rating: 2073 &rarr; <strong>2106</strong><br />(+33 for winning)\n|l|\u2606wanted fame=got it\n|player|p1|\n", "inputlog": ">version b107d77f5c90bd6555267ae244a6264823309ead\n>start {\"formatid\":\"gen9randombattle\",\"seed\":[27947,51963,54783,16793],\"rated\":\"Rated battle\"}\n>player p1 {\"name\":\"wanted fame=got it\",\"avatar\":\"aromalady\",\"rating\":2353,\"seed\":[58895,24029,31523,29892]}\n>player p2 {\"name\":\"Enstrom\",\"avatar\":\"rancher\",\"rating\":2073,\"seed\":[41014,39318,31168,48151]}\n>p1 move knockoff\n>p2 move hurricane\n>p1 switch 5\n>p2 move hypervoice\n>p1 move icepunch\n>p2 switch 2\n>p1 move earthquake\n>p2 move alluringvoice\n>p2 switch 4\n>p1 move supercellslam\n>p2 move psychic\n>p1 switch 3\n>p1 move toxicspikes\n>p2 switch 3\n>p1 switch 2\n>p2 move fusionflare\n>p1 move knockoff\n>p2 switch 3\n>p1 move heavyslam\n>p2 move psychic\n>p2 switch 2\n>p1 move closecombat\n>p2 move hurricane\n>p1 switch 6\n>p1 move icebeam\n>p2 move defog\n>p1 move icebeam\n>p2 move hypervoice\n>p2 switch 3\n>p1 switch 5\n>p2 move fusionflare\n>p1 switch 2\n>p1 move ironhead terastallize\n>p2 move fusionflare\n>p1 move toxicspikes\n>p2 switch 5\n>p1 switch 4\n>p2 move bulkup\n>p1 move leechseed\n>p2 move bulkup\n>p1 move substitute\n>p2 move knockoff\n>p1 move acrobatics\n>p2 move bulkup\n>p1 move acrobatics\n>p2 move rest\n>p1 move acrobatics\n>p2 move knockoff\n>p1 move acrobatics\n>p2 move knockoff\n>p2 switch 6\n>p1 move strengthsap\n>p2 move firstimpression\n>p1 switch 5\n>p1 move encore\n>p2 move suckerpunch\n>p1 move icebeam\n>p2 move suckerpunch\n>p2 switch 5\n>p1 move icebeam\n>p2 move freezedry terastallize\n>p1 switch 4\n>p1 move ironhead\n>p2 move freezedry", "uploadtime": 1732955299, "views": 2, "formatid": "gen9randombattle", "rating": 2106, "private": 0, "password": null}