{"id": "gen9randombattle-2253844432", "format": "[Gen 9] Random Battle", "players": ["Hi hjj", "tepep528"], "log": "|j|\u2606Hi hjj\n|j|\u2606tepep528\n|t:|1732947525\n|gametype|singles\n|player|p1|Hi hjj|102|1179\n|player|p2|tepep528|1|1180\n|teamsize|p1|6\n|teamsize|p2|6\n|gen|9\n|tier|[Gen 9] Random Battle\n|rated|\n|rule|Species Clause: Limit one of each Pok\u00e9mon\n|rule|HP Percentage Mod: HP is shown in percentages\n|rule|Sleep Clause Mod: Limit one foe put to sleep\n|rule|Illusion Level Mod: Illusion disguises the Pok\u00e9mon's true level\n|\n|t:|1732947525\n|start\n|switch|p1a: Conkeldurr|Conkeldurr, L80, M|299/299\n|switch|p2a: Slither Wing|Slither Wing, L81|270/270\n|turn|1\n|inactive|Battle timer is ON: inactive players will automatically lose when time's up. (requested by Hi hjj)\n|inactive|tepep528 has 120 seconds left.\n|\n|t:|1732947578\n|-end|p2a: Slither Wing|Protosynthesis|[silent]\n|switch|p2a: Girafarig|Girafarig, L89, M|269/269\n|switch|p1a: Overqwil|Overqwil, L82, M|274/274\n|-ability|p1a: Overqwil|Intimidate|boost\n|-unboost|p2a: Girafarig|atk|1\n|\n|upkeep\n|turn|2\n|\n|t:|1732947595\n|switch|p2a: Excadrill|Excadrill, L80, F|307/307\n|-ability|p2a: Excadrill|Mold Breaker\n|move|p1a: Overqwil|Crunch|p2a: Excadrill\n|-damage|p2a: Excadrill|117/307\n|\n|upkeep\n|turn|3\n|\n|t:|1732947611\n|move|p1a: Overqwil|Crunch|p2a: Excadrill\n|-damage|p2a: Excadrill|0 fnt\n|faint|p2a: Excadrill\n|\n|upkeep\n|\n|t:|1732947616\n|switch|p2a: Revavroom|Revavroom, L79, M|256/256\n|turn|4\n|\n|t:|1732947622\n|switch|p1a: Wyrdeer|Wyrdeer, L87, F|321/321\n|-ability|p1a: Wyrdeer|Intimidate|boost\n|-unboost|p2a: Revavroom|atk|1\n|move|p2a: Revavroom|High Horsepower|p1a: Wyrdeer\n|-damage|p1a: Wyrdeer|257/321\n|-damage|p2a: Revavroom|231/256|[from] item: Life Orb\n|\n|upkeep\n|turn|5\n|\n|t:|1732947633\n|switch|p2a: Slither Wing|Slither Wing, L81|270/270\n|move|p1a: Wyrdeer|Earthquake|p2a: Slither Wing\n|-resisted|p2a: Slither Wing\n|-damage|p2a: Slither Wing|227/270\n|\n|upkeep\n|turn|6\n|\n|t:|1732947647\n|switch|p1a: Overqwil|Overqwil, L82, M|274/274\n|-ability|p1a: Overqwil|Intimidate|boost\n|-unboost|p2a: Slither Wing|atk|1\n|move|p2a: Slither Wing|Wild Charge|p1a: Overqwil\n|-damage|p1a: Overqwil|214/274\n|-damage|p2a: Slither Wing|212/270|[from] Recoil\n|-damage|p2a: Slither Wing|185/270|[from] item: Life Orb\n|\n|upkeep\n|turn|7\n|\n|t:|1732947658\n|move|p1a: Overqwil|Gunk Shot|p2a: Slither Wing\n|-damage|p2a: Slither Wing|0 fnt\n|faint|p2a: Slither Wing\n|-end|p2a: Slither Wing|Protosynthesis|[silent]\n|\n|upkeep\n|\n|t:|1732947665\n|switch|p2a: Revavroom|Revavroom, L79, M|231/256\n|turn|8\n|\n|t:|1732947669\n|switch|p1a: Wyrdeer|Wyrdeer, L87, F|257/321\n|-ability|p1a: Wyrdeer|Intimidate|boost\n|-unboost|p2a: Revavroom|atk|1\n|move|p2a: Revavroom|High Horsepower|p1a: Wyrdeer\n|-damage|p1a: Wyrdeer|187/321\n|-damage|p2a: Revavroom|206/256|[from] item: Life Orb\n|\n|upkeep\n|turn|9\n|\n|t:|1732947681\n|move|p2a: Revavroom|Iron Head|p1a: Wyrdeer\n|-damage|p1a: Wyrdeer|97/321\n|-damage|p2a: Revavroom|181/256|[from] item: Life Orb\n|move|p1a: Wyrdeer|Earthquake|p2a: Revavroom\n|-supereffective|p2a: Revavroom\n|-damage|p2a: Revavroom|0 fnt\n|faint|p2a: Revavroom\n|\n|upkeep\n|-message|tepep528 forfeited.\n|\n|win|Hi hjj\n|raw|Hi hjj's rating: 1200 &rarr; <strong>1224</strong><br />(+24 for winning)\n|raw|tepep528's rating: 1180 &rarr; <strong>1156</strong><br />(-24 for losing)\n|l|\u2606tepep528\n|player|p2|\n", "inputlog": ">version b107d77f5c90bd6555267ae244a6264823309ead\n>start {\"formatid\":\"gen9randombattle\",\"seed\":[62300,41073,45331,54392],\"rated\":\"Rated battle\"}\n>player p1 {\"name\":\"Hi hjj\",\"avatar\":\"102\",\"rating\":1179,\"seed\":[62446,47414,55115,14372]}\n>player p2 {\"name\":\"tepep528\",\"avatar\":\"1\",\"rating\":1180,\"seed\":[4481,15053,20760,54107]}\n>p1 switch 3\n>p2 switch 2\n>p1 move crunch\n>p2 switch 6\n>p1 move crunch\n>p2 move earthquake\n>p2 switch 5\n>p1 switch 6\n>p2 move highhorsepower\n>p1 move earthquake\n>p2 switch 2\n>p1 switch 6\n>p2 move wildcharge\n>p1 move gunkshot\n>p2 move earthquake\n>p2 switch 2\n>p1 switch 6\n>p2 move highhorsepower\n>p1 move earthquake\n>p2 move ironhead\n>forcelose p2", "uploadtime": 1732947691, "views": 1, "formatid": "gen9randombattle", "rating": 1156, "private": 0, "password": null}