{"id": "gen9randombattle-2254023537", "format": "[Gen 9] Random Battle", "players": ["bcksh1t", "Inazuma-Fulgur"], "log": "|j|\u2606bcksh1t\n|j|\u2606Inazuma-Fulgur\n|t:|1732981402\n|gametype|singles\n|player|p1|bcksh1t|1|2066\n|player|p2|Inazuma-Fulgur|marley|2080\n|teamsize|p1|6\n|teamsize|p2|6\n|gen|9\n|tier|[Gen 9] Random Battle\n|rated|\n|rule|Species Clause: Limit one of each Pok\u00e9mon\n|rule|HP Percentage Mod: HP is shown in percentages\n|rule|Sleep Clause Mod: Limit one foe put to sleep\n|rule|Illusion Level Mod: Illusion disguises the Pok\u00e9mon's true level\n|\n|t:|1732981402\n|start\n|switch|p1a: Deoxys|Deoxys-Defense, L84|221/221\n|switch|p2a: Cinccino|Cinccino, L83, M|260/260\n|-ability|p1a: Deoxys|Pressure\n|turn|1\n|inactive|Battle timer is ON: inactive players will automatically lose when time's up. (requested by Inazuma-Fulgur)\n|\n|t:|1732981422\n|move|p2a: Cinccino|U-turn|p1a: Deoxys\n|-supereffective|p1a: Deoxys\n|-damage|p1a: Deoxys|159/221\n|\n|t:|1732981426\n|switch|p2a: Furret|Furret, L94, M|312/312|[from] U-turn\n|-item|p1a: Deoxys|Leftovers|[from] ability: Frisk|[of] p2a: Furret\n|move|p1a: Deoxys|Cosmic Power|p1a: Deoxys\n|-boost|p1a: Deoxys|def|1\n|-boost|p1a: Deoxys|spd|1\n|\n|-heal|p1a: Deoxys|172/221|[from] item: Leftovers\n|upkeep\n|turn|2\n|\n|t:|1732981440\n|switch|p1a: Bombirdier|Bombirdier, L85, F|258/258\n|move|p2a: Furret|Trick|p1a: Bombirdier\n|-activate|p2a: Furret|move: Trick|[of] p1a: Bombirdier\n|-item|p1a: Bombirdier|Choice Band|[from] move: Trick\n|-item|p2a: Furret|Heavy-Duty Boots|[from] move: Trick\n|\n|upkeep\n|turn|3\n|\n|t:|1732981448\n|move|p2a: Furret|U-turn|p1a: Bombirdier\n|-damage|p1a: Bombirdier|205/258\n|\n|t:|1732981453\n|switch|p2a: Dachsbun|Dachsbun, L92, F|254/254|[from] U-turn\n|move|p1a: Bombirdier|Brave Bird|p2a: Dachsbun\n|-damage|p2a: Dachsbun|103/254\n|-damage|p1a: Bombirdier|155/258|[from] Recoil\n|\n|-heal|p2a: Dachsbun|118/254|[from] item: Leftovers\n|upkeep\n|turn|4\n|\n|t:|1732981466\n|switch|p1a: Bellossom|Bellossom, L84, F|263/263\n|move|p2a: Dachsbun|Wish|p2a: Dachsbun\n|\n|-heal|p2a: Dachsbun|133/254|[from] item: Leftovers\n|upkeep\n|turn|5\n|\n|t:|1732981478\n|switch|p2a: Sandslash|Sandslash-Alola, L88, F|275/275\n|move|p1a: Bellossom|Quiver Dance|p1a: Bellossom\n|-boost|p1a: Bellossom|spa|1\n|-boost|p1a: Bellossom|spd|1\n|-boost|p1a: Bellossom|spe|1\n|\n|upkeep\n|turn|6\n|\n|t:|1732981489\n|switch|p1a: Deoxys|Deoxys-Defense, L84|172/221\n|-ability|p1a: Deoxys|Pressure\n|move|p2a: Sandslash|Triple Axel|p1a: Deoxys\n|-damage|p1a: Deoxys|156/221\n|-crit|p1a: Deoxys\n|-damage|p1a: Deoxys|114/221\n|-damage|p1a: Deoxys|72/221\n|-hitcount|p1a: Deoxys|3\n|\n|-heal|p1a: Deoxys|85/221|[from] item: Leftovers\n|upkeep\n|turn|7\n|\n|t:|1732981503\n|switch|p2a: Dachsbun|Dachsbun, L92, F|133/254\n|move|p1a: Deoxys|Recover|p1a: Deoxys\n|-heal|p1a: Deoxys|196/221\n|\n|-heal|p2a: Dachsbun|148/254|[from] item: Leftovers\n|-heal|p1a: Deoxys|209/221|[from] item: Leftovers\n|upkeep\n|turn|8\n|\n|t:|1732981508\n|move|p2a: Dachsbun|Wish|p2a: Dachsbun\n|move|p1a: Deoxys|Night Shade|p2a: Dachsbun\n|-damage|p2a: Dachsbun|64/254\n|\n|-heal|p2a: Dachsbun|79/254|[from] item: Leftovers\n|-heal|p1a: Deoxys|221/221|[from] item: Leftovers\n|upkeep\n|turn|9\n|\n|t:|1732981513\n|move|p2a: Dachsbun|Protect|p2a: Dachsbun\n|-singleturn|p2a: Dachsbun|Protect\n|move|p1a: Deoxys|Cosmic Power|p1a: Deoxys\n|-boost|p1a: Deoxys|def|1\n|-boost|p1a: Deoxys|spd|1\n|\n|-heal|p2a: Dachsbun|206/254|[from] move: Wish|[wisher] Dachsbun\n|-heal|p2a: Dachsbun|221/254|[from] item: Leftovers\n|upkeep\n|turn|10\n|\n|t:|1732981526\n|switch|p2a: Exeggutor|Exeggutor, L89, M|312/312\n|move|p1a: Deoxys|Cosmic Power|p1a: Deoxys\n|-boost|p1a: Deoxys|def|1\n|-boost|p1a: Deoxys|spd|1\n|\n|upkeep\n|turn|11\n|\n|t:|1732981533\n|switch|p1a: Bellossom|Bellossom, L84, F|263/263\n|move|p2a: Exeggutor|Leech Seed|p1a: Bellossom\n|-immune|p1a: Bellossom\n|\n|upkeep\n|turn|12\n|\n|t:|1732981555\n|move|p2a: Exeggutor|Psychic Noise|p1a: Bellossom\n|-damage|p1a: Bellossom|169/263\n|-start|p1a: Bellossom|move: Heal Block\n|move|p1a: Bellossom|Sludge Bomb|p2a: Exeggutor\n|-supereffective|p2a: Exeggutor\n|-damage|p2a: Exeggutor|178/312\n|-status|p2a: Exeggutor|psn\n|\n|-damage|p2a: Exeggutor|139/312 psn|[from] psn\n|upkeep\n|-enditem|p2a: Exeggutor|Sitrus Berry|[eat]\n|-heal|p2a: Exeggutor|217/312 psn|[from] item: Sitrus Berry\n|turn|13\n|\n|t:|1732981573\n|switch|p1a: Bombirdier|Bombirdier, L85, F|155/258\n|move|p2a: Exeggutor|Psychic Noise|p1a: Bombirdier\n|-immune|p1a: Bombirdier\n|\n|-damage|p2a: Exeggutor|178/312 psn|[from] psn\n|-item|p2a: Exeggutor|Sitrus Berry|[from] ability: Harvest\n|upkeep\n|turn|14\n|\n|t:|1732981580\n|move|p2a: Exeggutor|Protect|p2a: Exeggutor\n|-singleturn|p2a: Exeggutor|Protect\n|move|p1a: Bombirdier|Brave Bird|p2a: Exeggutor\n|-activate|p2a: Exeggutor|move: Protect\n|\n|-damage|p2a: Exeggutor|139/312 psn|[from] psn\n|upkeep\n|-enditem|p2a: Exeggutor|Sitrus Berry|[eat]\n|-heal|p2a: Exeggutor|217/312 psn|[from] item: Sitrus Berry\n|turn|15\n|\n|t:|1732981587\n|switch|p2a: Sandslash|Sandslash-Alola, L88, F|275/275\n|move|p1a: Bombirdier|Brave Bird|p2a: Sandslash\n|-resisted|p2a: Sandslash\n|-damage|p2a: Sandslash|193/275\n|-damage|p1a: Bombirdier|128/258|[from] Recoil\n|\n|-heal|p2a: Sandslash|210/275|[from] item: Leftovers\n|upkeep\n|turn|16\n|\n|t:|1732981611\n|switch|p1a: Deoxys|Deoxys-Defense, L84|221/221\n|-ability|p1a: Deoxys|Pressure\n|move|p2a: Sandslash|Spikes|p1a: Deoxys\n|-sidestart|p1: bcksh1t|Spikes\n|\n|-heal|p2a: Sandslash|227/275|[from] item: Leftovers\n|upkeep\n|turn|17\n|\n|t:|1732981617\n|switch|p2a: Exeggutor|Exeggutor, L89, M|217/312 psn\n|move|p1a: Deoxys|Night Shade|p2a: Exeggutor\n|-damage|p2a: Exeggutor|133/312 psn\n|\n|-damage|p2a: Exeggutor|94/312 psn|[from] psn\n|upkeep\n|turn|18\n|\n|t:|1732981622\n|move|p1a: Deoxys|Night Shade|p2a: Exeggutor\n|-damage|p2a: Exeggutor|10/312 psn\n|move|p2a: Exeggutor|Leech Seed|p1a: Deoxys\n|-start|p1a: Deoxys|move: Leech Seed\n|\n|-damage|p1a: Deoxys|194/221|[from] Leech Seed|[of] p2a: Exeggutor\n|-heal|p2a: Exeggutor|37/312 psn|[silent]\n|-damage|p2a: Exeggutor|0 fnt|[from] psn\n|faint|p2a: Exeggutor\n|upkeep\n|\n|t:|1732981636\n|switch|p2a: Cinccino|Cinccino, L83, M|260/260\n|turn|19\n|\n|t:|1732981646\n|switch|p1a: Bombirdier|Bombirdier, L85, F|128/258\n|move|p2a: Cinccino|Tail Slap|p1a: Bombirdier\n|-damage|p1a: Bombirdier|86/258\n|-damage|p1a: Bombirdier|47/258\n|-damage|p1a: Bombirdier|8/258\n|-damage|p1a: Bombirdier|0 fnt\n|faint|p1a: Bombirdier\n|-hitcount|p1: Bombirdier|4\n|\n|upkeep\n|\n|t:|1732981666\n|switch|p1a: Deoxys|Deoxys-Defense, L84|194/221\n|-damage|p1a: Deoxys|167/221|[from] Spikes\n|-ability|p1a: Deoxys|Pressure\n|turn|20\n|\n|t:|1732981671\n|move|p2a: Cinccino|Tail Slap|p1a: Deoxys\n|-damage|p1a: Deoxys|142/221\n|-damage|p1a: Deoxys|120/221\n|-damage|p1a: Deoxys|96/221\n|-damage|p1a: Deoxys|69/221\n|-hitcount|p1a: Deoxys|4\n|move|p1a: Deoxys|Cosmic Power|p1a: Deoxys\n|-boost|p1a: Deoxys|def|1\n|-boost|p1a: Deoxys|spd|1\n|\n|-heal|p1a: Deoxys|82/221|[from] item: Leftovers\n|upkeep\n|turn|21\n|\n|t:|1732981687\n|move|p2a: Cinccino|Tail Slap|p1a: Deoxys|[miss]\n|-miss|p2a: Cinccino|p1a: Deoxys\n|move|p1a: Deoxys|Recover|p1a: Deoxys\n|-heal|p1a: Deoxys|193/221\n|\n|-heal|p1a: Deoxys|206/221|[from] item: Leftovers\n|upkeep\n|turn|22\n|\n|t:|1732981700\n|move|p2a: Cinccino|U-turn|p1a: Deoxys\n|-supereffective|p1a: Deoxys\n|-damage|p1a: Deoxys|168/221\n|\n|t:|1732981704\n|switch|p2a: Furret|Furret, L94, M|312/312|[from] U-turn\n|-item|p1a: Deoxys|Leftovers|[from] ability: Frisk|[of] p2a: Furret\n|move|p1a: Deoxys|Cosmic Power|p1a: Deoxys\n|-boost|p1a: Deoxys|def|1\n|-boost|p1a: Deoxys|spd|1\n|\n|-heal|p1a: Deoxys|181/221|[from] item: Leftovers\n|upkeep\n|turn|23\n|\n|t:|1732981707\n|move|p2a: Furret|Knock Off|p1a: Deoxys\n|-supereffective|p1a: Deoxys\n|-damage|p1a: Deoxys|133/221\n|-enditem|p1a: Deoxys|Leftovers|[from] move: Knock Off|[of] p2a: Furret\n|move|p1a: Deoxys|Stored Power|p2a: Furret\n|-damage|p2a: Furret|215/312\n|\n|upkeep\n|turn|24\n|\n|t:|1732981711\n|move|p2a: Furret|Double-Edge|p1a: Deoxys\n|-damage|p1a: Deoxys|91/221\n|-damage|p2a: Furret|201/312|[from] Recoil\n|move|p1a: Deoxys|Recover|p1a: Deoxys\n|-heal|p1a: Deoxys|202/221\n|\n|upkeep\n|turn|25\n|\n|t:|1732981715\n|move|p2a: Furret|U-turn|p1a: Deoxys\n|-supereffective|p1a: Deoxys\n|-damage|p1a: Deoxys|168/221\n|\n|t:|1732981724\n|switch|p2a: Sandslash|Sandslash-Alola, L88, F|227/275|[from] U-turn\n|move|p1a: Deoxys|Cosmic Power|p1a: Deoxys\n|-boost|p1a: Deoxys|def|1\n|-boost|p1a: Deoxys|spd|1\n|\n|-heal|p2a: Sandslash|244/275|[from] item: Leftovers\n|upkeep\n|turn|26\n|\n|t:|1732981730\n|move|p1a: Deoxys|Night Shade|p2a: Sandslash\n|-damage|p2a: Sandslash|160/275\n|move|p2a: Sandslash|Rapid Spin|p1a: Deoxys\n|-damage|p1a: Deoxys|157/221\n|-boost|p2a: Sandslash|spe|1\n|\n|-heal|p2a: Sandslash|177/275|[from] item: Leftovers\n|upkeep\n|turn|27\n|\n|t:|1732981733\n|move|p2a: Sandslash|Iron Head|p1a: Deoxys\n|-damage|p1a: Deoxys|133/221\n|move|p1a: Deoxys|Night Shade|p2a: Sandslash\n|-damage|p2a: Sandslash|93/275\n|\n|-heal|p2a: Sandslash|110/275|[from] item: Leftovers\n|upkeep\n|turn|28\n|\n|t:|1732981737\n|move|p2a: Sandslash|Iron Head|p1a: Deoxys\n|-damage|p1a: Deoxys|109/221\n|move|p1a: Deoxys|Night Shade|p2a: Sandslash\n|-damage|p2a: Sandslash|26/275\n|\n|-heal|p2a: Sandslash|43/275|[from] item: Leftovers\n|upkeep\n|turn|29\n|\n|t:|1732981742\n|move|p2a: Sandslash|Triple Axel|p1a: Deoxys\n|-damage|p1a: Deoxys|102/221\n|-damage|p1a: Deoxys|89/221\n|-damage|p1a: Deoxys|71/221\n|-hitcount|p1a: Deoxys|3\n|move|p1a: Deoxys|Recover|p1a: Deoxys\n|-heal|p1a: Deoxys|182/221\n|\n|-heal|p2a: Sandslash|60/275|[from] item: Leftovers\n|upkeep\n|turn|30\n|\n|t:|1732981749\n|move|p2a: Sandslash|Triple Axel|p1a: Deoxys\n|-damage|p1a: Deoxys|175/221\n|-damage|p1a: Deoxys|162/221\n|-hitcount|p1a: Deoxys|2\n|move|p1a: Deoxys|Night Shade|p2a: Sandslash\n|-damage|p2a: Sandslash|0 fnt\n|faint|p2a: Sandslash\n|\n|upkeep\n|\n|t:|1732981755\n|switch|p2a: Cinccino|Cinccino, L83, M|260/260\n|turn|31\n|\n|t:|1732981760\n|move|p2a: Cinccino|Tail Slap|p1a: Deoxys|[miss]\n|-miss|p2a: Cinccino|p1a: Deoxys\n|move|p1a: Deoxys|Stored Power|p2a: Cinccino\n|-damage|p2a: Cinccino|109/260\n|\n|upkeep\n|turn|32\n|\n|t:|1732981771\n|move|p2a: Cinccino|Tail Slap|p1a: Deoxys|[miss]\n|-miss|p2a: Cinccino|p1a: Deoxys\n|move|p1a: Deoxys|Stored Power|p2a: Cinccino\n|-damage|p2a: Cinccino|0 fnt\n|faint|p2a: Cinccino\n|\n|upkeep\n|\n|t:|1732981774\n|switch|p2a: Furret|Furret, L94, M|201/312\n|turn|33\n|\n|t:|1732981783\n|move|p2a: Furret|Double-Edge|p1a: Deoxys\n|-damage|p1a: Deoxys|126/221\n|-damage|p2a: Furret|189/312|[from] Recoil\n|move|p1a: Deoxys|Stored Power|p2a: Furret\n|-damage|p2a: Furret|48/312\n|\n|upkeep\n|turn|34\n|\n|t:|1732981786\n|move|p2a: Furret|Double-Edge|p1a: Deoxys\n|-damage|p1a: Deoxys|90/221\n|-damage|p2a: Furret|36/312|[from] Recoil\n|move|p1a: Deoxys|Recover|p1a: Deoxys\n|-heal|p1a: Deoxys|201/221\n|\n|upkeep\n|turn|35\n|\n|t:|1732981790\n|move|p2a: Furret|Double-Edge|p1a: Deoxys\n|-damage|p1a: Deoxys|165/221\n|-damage|p2a: Furret|24/312|[from] Recoil\n|move|p1a: Deoxys|Stored Power|p2a: Furret\n|-damage|p2a: Furret|0 fnt\n|faint|p2a: Furret\n|\n|upkeep\n|\n|t:|1732981795\n|switch|p2a: Dachsbun|Dachsbun, L92, F|221/254\n|turn|36\n|inactive|Inazuma-Fulgur has 120 seconds left.\n|\n|t:|1732981830\n|-terastallize|p2a: Dachsbun|Steel\n|move|p2a: Dachsbun|Play Rough|p1a: Deoxys\n|-damage|p1a: Deoxys|138/221\n|move|p1a: Deoxys|Cosmic Power|p1a: Deoxys\n|-boost|p1a: Deoxys|def|1\n|-boost|p1a: Deoxys|spd|1\n|\n|-heal|p2a: Dachsbun|236/254|[from] item: Leftovers\n|upkeep\n|turn|37\n|\n|t:|1732981838\n|move|p2a: Dachsbun|Play Rough|p1a: Deoxys\n|-damage|p1a: Deoxys|117/221\n|move|p1a: Deoxys|Night Shade|p2a: Dachsbun\n|-damage|p2a: Dachsbun|152/254\n|\n|-heal|p2a: Dachsbun|167/254|[from] item: Leftovers\n|upkeep\n|turn|38\n|\n|t:|1732981843\n|move|p2a: Dachsbun|Wish|p2a: Dachsbun\n|move|p1a: Deoxys|Night Shade|p2a: Dachsbun\n|-damage|p2a: Dachsbun|83/254\n|\n|-heal|p2a: Dachsbun|98/254|[from] item: Leftovers\n|upkeep\n|turn|39\n|\n|t:|1732981847\n|move|p2a: Dachsbun|Play Rough|p1a: Deoxys\n|-damage|p1a: Deoxys|95/221\n|move|p1a: Deoxys|Recover|p1a: Deoxys\n|-heal|p1a: Deoxys|206/221\n|\n|-heal|p2a: Dachsbun|225/254|[from] move: Wish|[wisher] Dachsbun\n|-heal|p2a: Dachsbun|240/254|[from] item: Leftovers\n|upkeep\n|turn|40\n|\n|t:|1732981863\n|move|p2a: Dachsbun|Play Rough|p1a: Deoxys\n|-damage|p1a: Deoxys|182/221\n|move|p1a: Deoxys|Cosmic Power|p1a: Deoxys\n|-boost|p1a: Deoxys|def|1\n|-boost|p1a: Deoxys|spd|1\n|\n|-heal|p2a: Dachsbun|254/254|[from] item: Leftovers\n|upkeep\n|turn|41\n|\n|t:|1732981868\n|move|p2a: Dachsbun|Play Rough|p1a: Deoxys\n|-damage|p1a: Deoxys|164/221\n|-unboost|p1a: Deoxys|atk|1\n|move|p1a: Deoxys|Cosmic Power|p1a: Deoxys\n|-boost|p1a: Deoxys|def|1\n|-boost|p1a: Deoxys|spd|1\n|\n|upkeep\n|turn|42\n|\n|t:|1732981876\n|move|p2a: Dachsbun|Stomping Tantrum|p1a: Deoxys\n|-damage|p1a: Deoxys|156/221\n|move|p1a: Deoxys|Stored Power|p2a: Dachsbun\n|-resisted|p2a: Dachsbun\n|-damage|p2a: Dachsbun|156/254\n|\n|-heal|p2a: Dachsbun|171/254|[from] item: Leftovers\n|upkeep\n|turn|43\n|\n|t:|1732981882\n|move|p2a: Dachsbun|Wish|p2a: Dachsbun\n|move|p1a: Deoxys|Stored Power|p2a: Dachsbun\n|-resisted|p2a: Dachsbun\n|-crit|p2a: Dachsbun\n|-damage|p2a: Dachsbun|19/254\n|\n|-heal|p2a: Dachsbun|34/254|[from] item: Leftovers\n|upkeep\n|turn|44\n|\n|t:|1732981890\n|switch|p1a: Bellossom|Bellossom, L84, F|169/263\n|-damage|p1a: Bellossom|137/263|[from] Spikes\n|move|p2a: Dachsbun|Protect||[still]\n|-fail|p2a: Dachsbun\n|\n|-heal|p2a: Dachsbun|161/254|[from] move: Wish|[wisher] Dachsbun\n|-heal|p2a: Dachsbun|176/254|[from] item: Leftovers\n|-heal|p1a: Bellossom|153/263|[from] item: Leftovers\n|upkeep\n|turn|45\n|\n|t:|1732981894\n|switch|p2a: Iron Hands|Iron Hands, L79|373/373\n|move|p1a: Bellossom|Strength Sap|p2a: Iron Hands\n|-unboost|p2a: Iron Hands|atk|1\n|-heal|p1a: Bellossom|263/263\n|\n|upkeep\n|turn|46\n|\n|t:|1732981898\n|move|p1a: Bellossom|Quiver Dance|p1a: Bellossom\n|-boost|p1a: Bellossom|spa|1\n|-boost|p1a: Bellossom|spd|1\n|-boost|p1a: Bellossom|spe|1\n|move|p2a: Iron Hands|Swords Dance|p2a: Iron Hands\n|-boost|p2a: Iron Hands|atk|2\n|\n|upkeep\n|turn|47\n|\n|t:|1732981905\n|move|p1a: Bellossom|Quiver Dance|p1a: Bellossom\n|-boost|p1a: Bellossom|spa|1\n|-boost|p1a: Bellossom|spd|1\n|-boost|p1a: Bellossom|spe|1\n|move|p2a: Iron Hands|Swords Dance|p2a: Iron Hands\n|-boost|p2a: Iron Hands|atk|2\n|\n|upkeep\n|turn|48\n|\n|t:|1732981913\n|-terastallize|p1a: Bellossom|Poison\n|move|p1a: Bellossom|Giga Drain|p2a: Iron Hands\n|-damage|p2a: Iron Hands|177/373\n|move|p2a: Iron Hands|Ice Punch|p1a: Bellossom\n|-damage|p1a: Bellossom|111/263\n|\n|-heal|p1a: Bellossom|127/263|[from] item: Leftovers\n|-heal|p2a: Iron Hands|200/373|[from] item: Leftovers\n|upkeep\n|turn|49\n|\n|t:|1732981922\n|move|p1a: Bellossom|Sludge Bomb|p2a: Iron Hands\n|-damage|p2a: Iron Hands|0 fnt\n|faint|p2a: Iron Hands\n|-end|p2a: Iron Hands|Quark Drive|[silent]\n|\n|-heal|p1a: Bellossom|143/263|[from] item: Leftovers\n|upkeep\n|\n|t:|1732981925\n|switch|p2a: Dachsbun|Dachsbun, L92, F, tera:Steel|176/254\n|turn|50\n|c|\u2606bcksh1t|gg\n|\n|t:|1732981931\n|move|p1a: Bellossom|Giga Drain|p2a: Dachsbun\n|-resisted|p2a: Dachsbun\n|-damage|p2a: Dachsbun|103/254\n|-heal|p1a: Bellossom|180/263|[from] drain|[of] p2a: Dachsbun\n|move|p2a: Dachsbun|Stomping Tantrum|p1a: Bellossom\n|-supereffective|p1a: Bellossom\n|-damage|p1a: Bellossom|80/263\n|\n|-heal|p1a: Bellossom|96/263|[from] item: Leftovers\n|-heal|p2a: Dachsbun|118/254|[from] item: Leftovers\n|upkeep\n|turn|51\n|\n|t:|1732981936\n|move|p1a: Bellossom|Strength Sap|p2a: Dachsbun\n|-unboost|p2a: Dachsbun|atk|1\n|-heal|p1a: Bellossom|263/263\n|move|p2a: Dachsbun|Wish|p2a: Dachsbun\n|\n|-heal|p2a: Dachsbun|133/254|[from] item: Leftovers\n|upkeep\n|turn|52\n|\n|t:|1732981942\n|move|p1a: Bellossom|Quiver Dance|p1a: Bellossom\n|-boost|p1a: Bellossom|spa|1\n|-boost|p1a: Bellossom|spd|1\n|-boost|p1a: Bellossom|spe|1\n|move|p2a: Dachsbun|Stomping Tantrum|p1a: Bellossom\n|-supereffective|p1a: Bellossom\n|-damage|p1a: Bellossom|189/263\n|\n|-heal|p2a: Dachsbun|254/254|[from] move: Wish|[wisher] Dachsbun\n|-heal|p1a: Bellossom|205/263|[from] item: Leftovers\n|upkeep\n|turn|53\n|\n|t:|1732981945\n|move|p1a: Bellossom|Quiver Dance|p1a: Bellossom\n|-boost|p1a: Bellossom|spa|1\n|-boost|p1a: Bellossom|spd|1\n|-boost|p1a: Bellossom|spe|1\n|move|p2a: Dachsbun|Stomping Tantrum|p1a: Bellossom\n|-supereffective|p1a: Bellossom\n|-damage|p1a: Bellossom|137/263\n|\n|-heal|p1a: Bellossom|153/263|[from] item: Leftovers\n|upkeep\n|turn|54\n|\n|t:|1732981949\n|move|p1a: Bellossom|Strength Sap|p2a: Dachsbun\n|-unboost|p2a: Dachsbun|atk|1\n|-heal|p1a: Bellossom|263/263\n|move|p2a: Dachsbun|Stomping Tantrum|p1a: Bellossom\n|-supereffective|p1a: Bellossom\n|-damage|p1a: Bellossom|205/263\n|\n|-heal|p1a: Bellossom|221/263|[from] item: Leftovers\n|upkeep\n|turn|55\n|\n|t:|1732981954\n|move|p1a: Bellossom|Quiver Dance|p1a: Bellossom\n|-boost|p1a: Bellossom|spa|1\n|-boost|p1a: Bellossom|spd|1\n|-boost|p1a: Bellossom|spe|1\n|move|p2a: Dachsbun|Stomping Tantrum|p1a: Bellossom\n|-supereffective|p1a: Bellossom\n|-damage|p1a: Bellossom|169/263\n|\n|-heal|p1a: Bellossom|185/263|[from] item: Leftovers\n|upkeep\n|turn|56\n|\n|t:|1732981962\n|move|p1a: Bellossom|Quiver Dance|p1a: Bellossom\n|-boost|p1a: Bellossom|spa|1\n|-boost|p1a: Bellossom|spd|1\n|-boost|p1a: Bellossom|spe|1\n|move|p2a: Dachsbun|Stomping Tantrum|p1a: Bellossom\n|-supereffective|p1a: Bellossom\n|-damage|p1a: Bellossom|133/263\n|\n|-heal|p1a: Bellossom|149/263|[from] item: Leftovers\n|upkeep\n|turn|57\n|\n|t:|1732981965\n|move|p1a: Bellossom|Giga Drain|p2a: Dachsbun\n|-resisted|p2a: Dachsbun\n|-damage|p2a: Dachsbun|110/254\n|-heal|p1a: Bellossom|221/263|[from] drain|[of] p2a: Dachsbun\n|move|p2a: Dachsbun|Stomping Tantrum|p1a: Bellossom\n|-supereffective|p1a: Bellossom\n|-crit|p1a: Bellossom\n|-damage|p1a: Bellossom|57/263\n|\n|-heal|p1a: Bellossom|73/263|[from] item: Leftovers\n|-heal|p2a: Dachsbun|125/254|[from] item: Leftovers\n|upkeep\n|turn|58\n|\n|t:|1732981974\n|move|p2a: Dachsbun|Protect|p2a: Dachsbun\n|-singleturn|p2a: Dachsbun|Protect\n|move|p1a: Bellossom|Giga Drain|p2a: Dachsbun\n|-activate|p2a: Dachsbun|move: Protect\n|\n|-heal|p1a: Bellossom|89/263|[from] item: Leftovers\n|-heal|p2a: Dachsbun|140/254|[from] item: Leftovers\n|upkeep\n|turn|59\n|\n|t:|1732981980\n|move|p1a: Bellossom|Giga Drain|p2a: Dachsbun\n|-resisted|p2a: Dachsbun\n|-damage|p2a: Dachsbun|4/254\n|-heal|p1a: Bellossom|157/263|[from] drain|[of] p2a: Dachsbun\n|move|p2a: Dachsbun|Stomping Tantrum|p1a: Bellossom\n|-supereffective|p1a: Bellossom\n|-damage|p1a: Bellossom|107/263\n|\n|-heal|p1a: Bellossom|123/263|[from] item: Leftovers\n|-heal|p2a: Dachsbun|19/254|[from] item: Leftovers\n|upkeep\n|turn|60\n|\n|t:|1732981985\n|move|p2a: Dachsbun|Protect|p2a: Dachsbun\n|-singleturn|p2a: Dachsbun|Protect\n|move|p1a: Bellossom|Giga Drain|p2a: Dachsbun\n|-activate|p2a: Dachsbun|move: Protect\n|\n|-heal|p1a: Bellossom|139/263|[from] item: Leftovers\n|-heal|p2a: Dachsbun|34/254|[from] item: Leftovers\n|upkeep\n|turn|61\n|\n|t:|1732981998\n|move|p2a: Dachsbun|Protect||[still]\n|-fail|p2a: Dachsbun\n|move|p1a: Bellossom|Giga Drain|p2a: Dachsbun\n|-resisted|p2a: Dachsbun\n|-damage|p2a: Dachsbun|0 fnt\n|-heal|p1a: Bellossom|156/263|[from] drain|[of] p2a: Dachsbun\n|faint|p2a: Dachsbun\n|\n|win|bcksh1t\n|raw|bcksh1t's rating: 2066 &rarr; <strong>2087</strong><br />(+21 for winning)\n|raw|Inazuma-Fulgur's rating: 2080 &rarr; <strong>2059</strong><br />(-21 for losing)\n", "inputlog": ">version b107d77f5c90bd6555267ae244a6264823309ead\n>start {\"formatid\":\"gen9randombattle\",\"seed\":[28322,3445,18231,55956],\"rated\":\"Rated battle\"}\n>player p1 {\"name\":\"bcksh1t\",\"avatar\":\"1\",\"rating\":2066,\"seed\":[9963,12271,14537,32398]}\n>player p2 {\"name\":\"Inazuma-Fulgur\",\"avatar\":\"marley\",\"rating\":2080,\"seed\":[28449,43710,4096,43531]}\n>p1 move cosmicpower\n>p2 move uturn\n>p2 switch 3\n>p1 switch 6\n>p2 move trick\n>p1 move bravebird\n>p2 move uturn\n>p2 switch 5\n>p1 switch 4\n>p2 move wish\n>p1 move quiverdance\n>p2 switch 2\n>p1 switch 6\n>p2 move tripleaxel\n>p1 move recover\n>p2 switch 2\n>p1 move nightshade\n>p2 move wish\n>p1 move cosmicpower\n>p2 move protect\n>p1 move cosmicpower\n>p2 switch 4\n>p1 switch 6\n>p2 move leechseed\n>p1 move sludgebomb\n>p2 move psychicnoise\n>p1 switch 4\n>p2 move psychicnoise\n>p1 move bravebird\n>p2 move protect\n>p1 move bravebird\n>p2 switch 2\n>p1 switch 6\n>p2 move spikes\n>p1 move nightshade\n>p2 switch 2\n>p1 move nightshade\n>p2 move leechseed\n>p2 switch 3\n>p1 switch 6\n>p2 move tailslap\n>p1 switch 6\n>p1 move cosmicpower\n>p2 move tailslap\n>p1 move recover\n>p2 move tailslap\n>p1 move cosmicpower\n>p2 move uturn\n>p2 switch 5\n>p1 move storedpower\n>p2 move knockoff\n>p1 move recover\n>p2 move doubleedge\n>p1 move cosmicpower\n>p2 move uturn\n>p2 switch 2\n>p1 move nightshade\n>p2 move rapidspin\n>p1 move nightshade\n>p2 move ironhead\n>p1 move nightshade\n>p2 move ironhead\n>p1 move recover\n>p2 move tripleaxel\n>p1 move nightshade\n>p2 move tripleaxel\n>p2 switch 5\n>p1 move storedpower\n>p2 move tailslap\n>p1 move storedpower\n>p2 move tailslap\n>p2 switch 2\n>p1 move storedpower\n>p2 move doubleedge\n>p1 move recover\n>p2 move doubleedge\n>p1 move storedpower\n>p2 move doubleedge\n>p2 switch 4\n>p1 move cosmicpower\n>p2 move playrough terastallize\n>p1 move nightshade\n>p2 move playrough\n>p1 move nightshade\n>p2 move wish\n>p1 move recover\n>p2 move playrough\n>p1 move cosmicpower\n>p2 move playrough\n>p1 move cosmicpower\n>p2 move playrough\n>p1 move storedpower\n>p2 move stompingtantrum\n>p1 move storedpower\n>p2 move wish\n>p1 switch 4\n>p2 move protect\n>p1 move strengthsap\n>p2 switch 6\n>p1 move quiverdance\n>p2 move swordsdance\n>p1 move quiverdance\n>p2 move swordsdance\n>p1 move gigadrain terastallize\n>p2 move icepunch\n>p1 move sludgebomb\n>p2 move wildcharge\n>p2 switch 6\n>chat \u2606bcksh1t|gg\n>p1 move gigadrain\n>p2 move stompingtantrum\n>p1 move strengthsap\n>p2 move wish\n>p1 move quiverdance\n>p2 move stompingtantrum\n>p1 move quiverdance\n>p2 move stompingtantrum\n>p1 move strengthsap\n>p2 move stompingtantrum\n>p1 move quiverdance\n>p2 move stompingtantrum\n>p1 move quiverdance\n>p2 move stompingtantrum\n>p1 move gigadrain\n>p2 move stompingtantrum\n>p1 move gigadrain\n>p2 move protect\n>p1 move gigadrain\n>p2 move stompingtantrum\n>p1 move gigadrain\n>p2 move protect\n>p1 move gigadrain\n>p2 move protect", "uploadtime": 1732982001, "views": 2, "formatid": "gen9randombattle", "rating": 2059, "private": 0, "password": null}