{"id": "gen9randombattle-2254104919", "format": "[Gen 9] Random Battle", "players": ["dubon", "Clack Volley"], "log": "|j|\u2606dubon\n|j|\u2606Clack Volley\n|t:|1732991841\n|gametype|singles\n|player|p1|dubon|1|1577\n|player|p2|Clack Volley|gambler|1561\n|teamsize|p1|6\n|teamsize|p2|6\n|gen|9\n|tier|[Gen 9] Random Battle\n|rated|\n|rule|Species Clause: Limit one of each Pok\u00e9mon\n|rule|HP Percentage Mod: HP is shown in percentages\n|rule|Sleep Clause Mod: Limit one foe put to sleep\n|rule|Illusion Level Mod: Illusion disguises the Pok\u00e9mon's true level\n|\n|t:|1732991841\n|start\n|switch|p1a: Cryogonal|Cryogonal, L89|287/287\n|switch|p2a: Beartic|Beartic, L91, F|321/321\n|turn|1\n|inactive|Battle timer is ON: inactive players will automatically lose when time's up. (requested by dubon)\n|\n|t:|1732991853\n|switch|p1a: Scovillain|Scovillain, L91, F|266/266\n|move|p2a: Beartic|Swords Dance|p2a: Beartic\n|-boost|p2a: Beartic|atk|2\n|\n|upkeep\n|turn|2\n|\n|t:|1732991881\n|move|p1a: Scovillain|Overheat|p2a: Beartic\n|-supereffective|p2a: Beartic\n|-damage|p2a: Beartic|0 fnt\n|-unboost|p1a: Scovillain|spa|2\n|faint|p2a: Beartic\n|\n|upkeep\n|\n|t:|1732991887\n|switch|p2a: Rhyperior|Rhyperior, L82, F|323/323\n|turn|3\n|\n|t:|1732991897\n|switch|p1a: Cryogonal|Cryogonal, L89|287/287\n|move|p2a: Rhyperior|Stone Edge|p1a: Cryogonal\n|-supereffective|p1a: Cryogonal\n|-damage|p1a: Cryogonal|0 fnt\n|faint|p1a: Cryogonal\n|\n|upkeep\n|\n|t:|1732991903\n|switch|p1a: Scovillain|Scovillain, L91, F|266/266\n|turn|4\n|\n|t:|1732991906\n|switch|p2a: Dodrio|Dodrio, L86, F|243/243\n|move|p1a: Scovillain|Leaf Storm|p2a: Dodrio\n|-resisted|p2a: Dodrio\n|-damage|p2a: Dodrio|135/243\n|-unboost|p1a: Scovillain|spa|2\n|\n|upkeep\n|turn|5\n|\n|t:|1732991918\n|switch|p1a: Palossand|Palossand, L89, M|296/296\n|move|p2a: Dodrio|Swords Dance|p2a: Dodrio\n|-boost|p2a: Dodrio|atk|2\n|\n|upkeep\n|turn|6\n|\n|t:|1732991926\n|move|p2a: Dodrio|Brave Bird|p1a: Palossand\n|-damage|p1a: Palossand|76/296\n|-damage|p2a: Dodrio|62/243|[from] Recoil\n|move|p1a: Palossand|Stealth Rock|p2a: Dodrio\n|-sidestart|p2: Clack Volley|move: Stealth Rock\n|\n|-heal|p1a: Palossand|94/296|[from] item: Leftovers\n|upkeep\n|turn|7\n|\n|t:|1732991934\n|move|p2a: Dodrio|Brave Bird|p1a: Palossand\n|-damage|p1a: Palossand|0 fnt\n|faint|p1a: Palossand\n|-damage|p2a: Dodrio|31/243|[from] Recoil\n|\n|upkeep\n|\n|t:|1732991943\n|switch|p1a: Hippowdon|Hippowdon, L82, F|311/311\n|-weather|Sandstorm|[from] ability: Sand Stream|[of] p1a: Hippowdon\n|turn|8\n|\n|t:|1732991954\n|move|p2a: Dodrio|Brave Bird|p1a: Hippowdon\n|-damage|p1a: Hippowdon|85/311\n|-damage|p2a: Dodrio|0 fnt|[from] Recoil\n|faint|p2a: Dodrio\n|move|p1a: Hippowdon|Stone Edge|p2: Dodrio|[notarget]\n|-fail|p1a: Hippowdon\n|\n|-weather|Sandstorm|[upkeep]\n|-heal|p1a: Hippowdon|104/311|[from] item: Leftovers\n|upkeep\n|\n|t:|1732991956\n|switch|p2a: Rhyperior|Rhyperior, L82, F|323/323\n|-damage|p2a: Rhyperior|303/323|[from] Stealth Rock\n|turn|9\n|\n|t:|1732991972\n|move|p1a: Hippowdon|Slack Off|p1a: Hippowdon\n|-heal|p1a: Hippowdon|260/311\n|move|p2a: Rhyperior|Ice Punch|p1a: Hippowdon\n|-supereffective|p1a: Hippowdon\n|-damage|p1a: Hippowdon|110/311\n|\n|-weather|Sandstorm|[upkeep]\n|-heal|p1a: Hippowdon|129/311|[from] item: Leftovers\n|upkeep\n|turn|10\n|\n|t:|1732991983\n|move|p1a: Hippowdon|Slack Off|p1a: Hippowdon\n|-heal|p1a: Hippowdon|285/311\n|move|p2a: Rhyperior|Ice Punch|p1a: Hippowdon\n|-supereffective|p1a: Hippowdon\n|-damage|p1a: Hippowdon|117/311\n|\n|-weather|Sandstorm|[upkeep]\n|-heal|p1a: Hippowdon|136/311|[from] item: Leftovers\n|upkeep\n|turn|11\n|\n|t:|1732991996\n|switch|p1a: Oinkologne|Oinkologne-F, L92, F|361/361\n|move|p2a: Rhyperior|Ice Punch|p1a: Oinkologne\n|-damage|p1a: Oinkologne|310/361\n|-status|p1a: Oinkologne|frz\n|\n|-weather|Sandstorm|[upkeep]\n|-damage|p1a: Oinkologne|288/361 frz|[from] Sandstorm\n|-heal|p1a: Oinkologne|310/361 frz|[from] item: Leftovers\n|upkeep\n|turn|12\n|\n|t:|1732992007\n|switch|p2a: Iron Crown|Iron Crown, L79|272/272\n|-damage|p2a: Iron Crown|255/272|[from] Stealth Rock\n|cant|p1a: Oinkologne|frz\n|\n|-weather|none\n|-heal|p2a: Iron Crown|272/272|[from] item: Leftovers\n|-heal|p1a: Oinkologne|332/361 frz|[from] item: Leftovers\n|upkeep\n|turn|13\n|\n|t:|1732992016\n|move|p2a: Iron Crown|Calm Mind|p2a: Iron Crown\n|-boost|p2a: Iron Crown|spa|1\n|-boost|p2a: Iron Crown|spd|1\n|cant|p1a: Oinkologne|frz\n|\n|-heal|p1a: Oinkologne|354/361 frz|[from] item: Leftovers\n|upkeep\n|turn|14\n|\n|t:|1732992029\n|move|p2a: Iron Crown|Psyshock|p1a: Oinkologne\n|-crit|p1a: Oinkologne\n|-damage|p1a: Oinkologne|138/361 frz\n|cant|p1a: Oinkologne|frz\n|\n|-heal|p1a: Oinkologne|160/361 frz|[from] item: Leftovers\n|upkeep\n|turn|15\n|\n|t:|1732992036\n|move|p2a: Iron Crown|Psyshock|p1a: Oinkologne\n|-damage|p1a: Oinkologne|13/361 frz\n|cant|p1a: Oinkologne|frz\n|\n|-heal|p1a: Oinkologne|35/361 frz|[from] item: Leftovers\n|upkeep\n|turn|16\n|\n|t:|1732992044\n|move|p2a: Iron Crown|Psyshock|p1a: Oinkologne\n|-damage|p1a: Oinkologne|0 fnt\n|faint|p1a: Oinkologne\n|\n|upkeep\n|\n|t:|1732992048\n|switch|p1a: Scovillain|Scovillain, L91, F|266/266\n|turn|17\n|\n|t:|1732992055\n|-terastallize|p2a: Iron Crown|Fighting\n|move|p1a: Scovillain|Overheat|p2a: Iron Crown\n|-damage|p2a: Iron Crown|173/272\n|-unboost|p1a: Scovillain|spa|2\n|move|p2a: Iron Crown|Focus Blast|p1a: Scovillain|[miss]\n|-miss|p2a: Iron Crown|p1a: Scovillain\n|\n|-heal|p2a: Iron Crown|190/272|[from] item: Leftovers\n|upkeep\n|turn|18\n|\n|t:|1732992067\n|switch|p1a: Hippowdon|Hippowdon, L82, F|136/311\n|-weather|Sandstorm|[from] ability: Sand Stream|[of] p1a: Hippowdon\n|move|p2a: Iron Crown|Focus Blast|p1a: Hippowdon\n|-damage|p1a: Hippowdon|0 fnt\n|faint|p1a: Hippowdon\n|\n|-weather|Sandstorm|[upkeep]\n|-damage|p2a: Iron Crown|173/272|[from] Sandstorm\n|-heal|p2a: Iron Crown|190/272|[from] item: Leftovers\n|upkeep\n|\n|t:|1732992077\n|switch|p1a: Bellibolt|Bellibolt, L84, M|320/320\n|turn|19\n|\n|t:|1732992081\n|move|p2a: Iron Crown|Calm Mind|p2a: Iron Crown\n|-boost|p2a: Iron Crown|spa|1\n|-boost|p2a: Iron Crown|spd|1\n|move|p1a: Bellibolt|Toxic|p2a: Iron Crown\n|-status|p2a: Iron Crown|tox\n|\n|-weather|Sandstorm|[upkeep]\n|-damage|p2a: Iron Crown|173/272 tox|[from] Sandstorm\n|-damage|p1a: Bellibolt|300/320|[from] Sandstorm\n|-heal|p2a: Iron Crown|190/272 tox|[from] item: Leftovers\n|-heal|p1a: Bellibolt|320/320|[from] item: Leftovers\n|-damage|p2a: Iron Crown|173/272 tox|[from] psn\n|upkeep\n|turn|20\n|\n|t:|1732992094\n|move|p2a: Iron Crown|Focus Blast|p1a: Bellibolt|[miss]\n|-miss|p2a: Iron Crown|p1a: Bellibolt\n|move|p1a: Bellibolt|Muddy Water|p2a: Iron Crown\n|-damage|p2a: Iron Crown|142/272 tox\n|\n|-weather|Sandstorm|[upkeep]\n|-damage|p2a: Iron Crown|125/272 tox|[from] Sandstorm\n|-damage|p1a: Bellibolt|300/320|[from] Sandstorm\n|-heal|p2a: Iron Crown|142/272 tox|[from] item: Leftovers\n|-heal|p1a: Bellibolt|320/320|[from] item: Leftovers\n|-damage|p2a: Iron Crown|108/272 tox|[from] psn\n|upkeep\n|turn|21\n|\n|t:|1732992105\n|move|p2a: Iron Crown|Focus Blast|p1a: Bellibolt\n|-damage|p1a: Bellibolt|43/320\n|-start|p1a: Bellibolt|Charge|Focus Blast|[from] ability: Electromorphosis\n|move|p1a: Bellibolt|Slack Off|p1a: Bellibolt\n|-heal|p1a: Bellibolt|203/320\n|\n|-weather|Sandstorm|[upkeep]\n|-damage|p2a: Iron Crown|91/272 tox|[from] Sandstorm\n|-damage|p1a: Bellibolt|183/320|[from] Sandstorm\n|-heal|p2a: Iron Crown|108/272 tox|[from] item: Leftovers\n|-heal|p1a: Bellibolt|203/320|[from] item: Leftovers\n|-damage|p2a: Iron Crown|57/272 tox|[from] psn\n|upkeep\n|turn|22\n|\n|t:|1732992118\n|move|p2a: Iron Crown|Focus Blast|p1a: Bellibolt|[miss]\n|-miss|p2a: Iron Crown|p1a: Bellibolt\n|move|p1a: Bellibolt|Slack Off|p1a: Bellibolt\n|-heal|p1a: Bellibolt|320/320\n|\n|-weather|none\n|-heal|p2a: Iron Crown|74/272 tox|[from] item: Leftovers\n|-damage|p2a: Iron Crown|6/272 tox|[from] psn\n|upkeep\n|turn|23\n|\n|t:|1732992127\n|move|p2a: Iron Crown|Focus Blast|p1a: Bellibolt\n|-damage|p1a: Bellibolt|31/320\n|-start|p1a: Bellibolt|Charge|Focus Blast|[from] ability: Electromorphosis\n|move|p1a: Bellibolt|Thunderbolt|p2a: Iron Crown\n|-damage|p2a: Iron Crown|0 fnt\n|faint|p2a: Iron Crown\n|-end|p2a: Iron Crown|Quark Drive|[silent]\n|-end|p1a: Bellibolt|Charge|[silent]\n|\n|-heal|p1a: Bellibolt|51/320|[from] item: Leftovers\n|upkeep\n|\n|t:|1732992132\n|switch|p2a: Rhyperior|Rhyperior, L82, F|303/323\n|-damage|p2a: Rhyperior|283/323|[from] Stealth Rock\n|turn|24\n|\n|t:|1732992141\n|move|p1a: Bellibolt|Muddy Water|p2a: Rhyperior|[miss]\n|-miss|p1a: Bellibolt|p2a: Rhyperior\n|move|p2a: Rhyperior|Earthquake|p1a: Bellibolt\n|-supereffective|p1a: Bellibolt\n|-damage|p1a: Bellibolt|0 fnt\n|faint|p1a: Bellibolt\n|\n|upkeep\n|\n|t:|1732992147\n|switch|p1a: Scovillain|Scovillain, L91, F|266/266\n|turn|25\n|\n|t:|1732992151\n|move|p1a: Scovillain|Energy Ball|p2a: Rhyperior\n|-supereffective|p2a: Rhyperior\n|-damage|p2a: Rhyperior|0 fnt\n|faint|p2a: Rhyperior\n|\n|upkeep\n|\n|t:|1732992153\n|switch|p2a: Klefki|Klefki, L84, M|233/233\n|-damage|p2a: Klefki|219/233|[from] Stealth Rock\n|turn|26\n|\n|t:|1732992160\n|-terastallize|p1a: Scovillain|Fire\n|move|p2a: Klefki|Thunder Wave|p1a: Scovillain\n|-status|p1a: Scovillain|par\n|move|p1a: Scovillain|Energy Ball|p2a: Klefki\n|-resisted|p2a: Klefki\n|-damage|p2a: Klefki|160/233\n|-unboost|p2a: Klefki|spd|1\n|\n|-heal|p2a: Klefki|174/233|[from] item: Leftovers\n|upkeep\n|turn|27\n|\n|t:|1732992169\n|move|p2a: Klefki|Foul Play|p1a: Scovillain\n|-damage|p1a: Scovillain|186/266 par\n|move|p1a: Scovillain|Energy Ball|p2a: Klefki\n|-resisted|p2a: Klefki\n|-damage|p2a: Klefki|86/233\n|\n|-heal|p2a: Klefki|100/233|[from] item: Leftovers\n|upkeep\n|turn|28\n|\n|t:|1732992177\n|move|p2a: Klefki|Foul Play|p1a: Scovillain\n|-damage|p1a: Scovillain|114/266 par\n|cant|p1a: Scovillain|par\n|\n|-heal|p2a: Klefki|114/233|[from] item: Leftovers\n|upkeep\n|turn|29\n|\n|t:|1732992183\n|move|p2a: Klefki|Foul Play|p1a: Scovillain\n|-damage|p1a: Scovillain|42/266 par\n|cant|p1a: Scovillain|par\n|\n|-heal|p2a: Klefki|128/233|[from] item: Leftovers\n|upkeep\n|turn|30\n|-message|dubon forfeited.\n|\n|win|Clack Volley\n|raw|dubon's rating: 1577 &rarr; <strong>1556</strong><br />(-21 for losing)\n|raw|Clack Volley's rating: 1561 &rarr; <strong>1582</strong><br />(+21 for winning)\n|l|\u2606dubon\n|player|p1|\n", "inputlog": ">version b107d77f5c90bd6555267ae244a6264823309ead\n>start {\"formatid\":\"gen9randombattle\",\"seed\":[19353,36042,26992,62239],\"rated\":\"Rated battle\"}\n>player p1 {\"name\":\"dubon\",\"avatar\":\"1\",\"rating\":1577,\"seed\":[23600,61374,11000,53150]}\n>player p2 {\"name\":\"Clack Volley\",\"avatar\":\"gambler\",\"rating\":1561,\"seed\":[42494,33807,8989,21436]}\n>p1 switch 4\n>p2 move swordsdance\n>p1 move overheat\n>p2 move iciclecrash\n>p2 switch 5\n>p1 switch 4\n>p2 move stoneedge\n>p1 switch 4\n>p1 move leafstorm\n>p2 switch 6\n>p1 switch 6\n>p2 move swordsdance\n>p1 move stealthrock\n>p2 move bravebird\n>p1 move shoreup\n>p2 move bravebird\n>p1 switch 5\n>p1 move stoneedge\n>p2 move bravebird\n>p2 switch 6\n>p1 move slackoff\n>p2 move icepunch\n>p1 move slackoff\n>p2 move icepunch\n>p1 switch 2\n>p2 move icepunch\n>p1 move highhorsepower\n>p2 switch 2\n>p1 move highhorsepower\n>p2 move calmmind\n>p1 move highhorsepower\n>p2 move psyshock\n>p1 move highhorsepower\n>p2 move psyshock\n>p1 move highhorsepower\n>p2 move psyshock\n>p1 switch 6\n>p1 move overheat\n>p2 move focusblast terastallize\n>p1 switch 2\n>p2 move focusblast\n>p1 switch 3\n>p1 move toxic\n>p2 move calmmind\n>p1 move muddywater\n>p2 move focusblast\n>p1 move slackoff\n>p2 move focusblast\n>p1 move slackoff\n>p2 move focusblast\n>p1 move thunderbolt\n>p2 move focusblast\n>p2 switch 2\n>p1 move muddywater\n>p2 move earthquake\n>p1 switch 2\n>p1 move energyball\n>p2 move earthquake\n>p2 switch 4\n>p1 move energyball terastallize\n>p2 move thunderwave\n>p1 move energyball\n>p2 move foulplay\n>p1 move energyball\n>p2 move foulplay\n>p1 move energyball\n>p2 move foulplay\n>forcelose p1", "uploadtime": 1732992191, "views": 2, "formatid": "gen9randombattle", "rating": 1556, "private": 0, "password": null}