{"id": "gen9randombattle-2253945694", "format": "[Gen 9] Random Battle", "players": ["EveryMatchIsRigged", "DanBar14"], "log": "|j|\u2606EveryMatchIsRigged\n|j|\u2606DanBar14\n|t:|1732969122\n|gametype|singles\n|player|p1|EveryMatchIsRigged|acetrainerf|1184\n|player|p2|DanBar14|volkner|1187\n|teamsize|p1|6\n|teamsize|p2|6\n|gen|9\n|tier|[Gen 9] Random Battle\n|rated|\n|rule|Species Clause: Limit one of each Pok\u00e9mon\n|rule|HP Percentage Mod: HP is shown in percentages\n|rule|Sleep Clause Mod: Limit one foe put to sleep\n|rule|Illusion Level Mod: Illusion disguises the Pok\u00e9mon's true level\n|\n|t:|1732969122\n|start\n|switch|p1a: Espeon|Espeon, L84, F|246/246\n|switch|p2a: Sceptile|Sceptile, L87, F|264/264\n|turn|1\n|inactive|Battle timer is ON: inactive players will automatically lose when time's up. (requested by EveryMatchIsRigged)\n|\n|t:|1732969143\n|move|p2a: Sceptile|Giga Drain|p1a: Espeon\n|-damage|p1a: Espeon|161/246\n|move|p1a: Espeon|Calm Mind|p1a: Espeon\n|-boost|p1a: Espeon|spa|1\n|-boost|p1a: Espeon|spd|1\n|\n|upkeep\n|turn|2\n|\n|t:|1732969153\n|switch|p2a: Wo-Chien|Wo-Chien, L83|277/277\n|-ability|p2a: Wo-Chien|Tablets of Ruin\n|move|p1a: Espeon|Alluring Voice|p2a: Wo-Chien\n|-supereffective|p2a: Wo-Chien\n|-damage|p2a: Wo-Chien|82/277\n|-damage|p1a: Espeon|137/246|[from] item: Life Orb\n|\n|-heal|p2a: Wo-Chien|99/277|[from] item: Leftovers\n|upkeep\n|turn|3\n|\n|t:|1732969165\n|move|p1a: Espeon|Alluring Voice|p2a: Wo-Chien\n|-supereffective|p2a: Wo-Chien\n|-crit|p2a: Wo-Chien\n|-damage|p2a: Wo-Chien|0 fnt\n|faint|p2a: Wo-Chien\n|-damage|p1a: Espeon|113/246|[from] item: Life Orb\n|\n|upkeep\n|\n|t:|1732969173\n|switch|p2a: Luxray|Luxray, L88, F|284/284\n|-ability|p2a: Luxray|Intimidate|boost\n|-unboost|p1a: Espeon|atk|1\n|turn|4\n|\n|t:|1732969180\n|move|p1a: Espeon|Psyshock|p2a: Luxray\n|-damage|p2a: Luxray|66/284\n|-damage|p1a: Espeon|89/246|[from] item: Life Orb\n|move|p2a: Luxray|Wild Charge|p1a: Espeon\n|-crit|p1a: Espeon\n|-damage|p1a: Espeon|0 fnt\n|faint|p1a: Espeon\n|-damage|p2a: Luxray|44/284|[from] Recoil\n|\n|upkeep\n|\n|t:|1732969197\n|switch|p1a: Rillaboom|Rillaboom, L79, F|288/288\n|-fieldstart|move: Grassy Terrain|[from] ability: Grassy Surge|[of] p1a: Rillaboom\n|turn|5\n|\n|t:|1732969203\n|move|p1a: Rillaboom|Swords Dance|p1a: Rillaboom\n|-boost|p1a: Rillaboom|atk|2\n|move|p2a: Luxray|Ice Fang|p1a: Rillaboom\n|-supereffective|p1a: Rillaboom\n|-damage|p1a: Rillaboom|154/288\n|\n|-heal|p1a: Rillaboom|172/288|[from] Grassy Terrain\n|-heal|p2a: Luxray|61/284|[from] Grassy Terrain\n|upkeep\n|turn|6\n|\n|t:|1732969216\n|move|p1a: Rillaboom|Grassy Glide|p2a: Luxray\n|-damage|p2a: Luxray|0 fnt\n|faint|p2a: Luxray\n|-damage|p1a: Rillaboom|144/288|[from] item: Life Orb\n|\n|-heal|p1a: Rillaboom|162/288|[from] Grassy Terrain\n|upkeep\n|\n|t:|1732969226\n|switch|p2a: Sceptile|Sceptile, L87, F|264/264\n|turn|7\n|\n|t:|1732969234\n|move|p2a: Sceptile|Substitute|p2a: Sceptile\n|-start|p2a: Sceptile|Substitute\n|-damage|p2a: Sceptile|198/264\n|move|p1a: Rillaboom|High Horsepower|p2a: Sceptile\n|-resisted|p2a: Sceptile\n|-end|p2a: Sceptile|Substitute\n|-damage|p1a: Rillaboom|134/288|[from] item: Life Orb\n|\n|-heal|p2a: Sceptile|214/264|[from] Grassy Terrain\n|-heal|p2a: Sceptile|230/264|[from] item: Leftovers\n|-heal|p1a: Rillaboom|152/288|[from] Grassy Terrain\n|upkeep\n|turn|8\n|\n|t:|1732969247\n|move|p2a: Sceptile|Giga Drain|p1a: Rillaboom\n|-resisted|p1a: Rillaboom\n|-damage|p1a: Rillaboom|80/288\n|-heal|p2a: Sceptile|264/264|[from] drain|[of] p1a: Rillaboom\n|move|p1a: Rillaboom|High Horsepower|p2a: Sceptile\n|-resisted|p2a: Sceptile\n|-damage|p2a: Sceptile|159/264\n|-damage|p1a: Rillaboom|52/288|[from] item: Life Orb\n|\n|-heal|p2a: Sceptile|175/264|[from] Grassy Terrain\n|-heal|p2a: Sceptile|191/264|[from] item: Leftovers\n|-heal|p1a: Rillaboom|70/288|[from] Grassy Terrain\n|upkeep\n|turn|9\n|\n|t:|1732969260\n|move|p2a: Sceptile|Giga Drain|p1a: Rillaboom\n|-resisted|p1a: Rillaboom\n|-damage|p1a: Rillaboom|0 fnt\n|-heal|p2a: Sceptile|226/264|[from] drain|[of] p1a: Rillaboom\n|faint|p1a: Rillaboom\n|\n|-heal|p2a: Sceptile|242/264|[from] Grassy Terrain\n|-heal|p2a: Sceptile|258/264|[from] item: Leftovers\n|-fieldend|move: Grassy Terrain\n|upkeep\n|\n|t:|1732969269\n|switch|p1a: Mewtwo|Mewtwo, L72|272/272\n|-ability|p1a: Mewtwo|Unnerve\n|turn|10\n|\n|t:|1732969277\n|move|p2a: Sceptile|Leech Seed|p1a: Mewtwo\n|-start|p1a: Mewtwo|move: Leech Seed\n|move|p1a: Mewtwo|Fire Blast|p2a: Sceptile\n|-supereffective|p2a: Sceptile\n|-damage|p2a: Sceptile|24/264\n|\n|-heal|p2a: Sceptile|40/264|[from] item: Leftovers\n|-damage|p1a: Mewtwo|238/272|[from] Leech Seed|[of] p2a: Sceptile\n|-heal|p2a: Sceptile|74/264|[silent]\n|upkeep\n|turn|11\n|\n|t:|1732969287\n|switch|p2a: Chandelure|Chandelure, L83, F|235/235\n|move|p1a: Mewtwo|Fire Blast|p2a: Chandelure\n|-start|p2a: Chandelure|ability: Flash Fire\n|\n|-damage|p1a: Mewtwo|204/272|[from] Leech Seed|[of] p2a: Chandelure\n|upkeep\n|turn|12\n|\n|t:|1732969303\n|switch|p1a: Lumineon|Lumineon, L93, M|279/279\n|move|p2a: Chandelure|Shadow Ball|p1a: Lumineon\n|-crit|p1a: Lumineon\n|-damage|p1a: Lumineon|107/279\n|\n|upkeep\n|turn|13\n|\n|t:|1732969314\n|-end|p2a: Chandelure|ability: Flash Fire|[silent]\n|switch|p2a: Sceptile|Sceptile, L87, F|74/264\n|move|p1a: Lumineon|Hydro Pump|p2a: Sceptile\n|-resisted|p2a: Sceptile\n|-damage|p2a: Sceptile|0 fnt\n|faint|p2a: Sceptile\n|\n|upkeep\n|\n|t:|1732969322\n|switch|p2a: Reuniclus|Reuniclus, L88, M|337/337\n|turn|14\n|\n|t:|1732969326\n|move|p1a: Lumineon|Hydro Pump|p2a: Reuniclus\n|-damage|p2a: Reuniclus|178/337\n|move|p2a: Reuniclus|Psychic|p1a: Lumineon\n|-damage|p1a: Lumineon|0 fnt\n|faint|p1a: Lumineon\n|\n|upkeep\n|\n|t:|1732969335\n|switch|p1a: Mewtwo|Mewtwo, L72|204/272\n|-ability|p1a: Mewtwo|Unnerve\n|turn|15\n|\n|t:|1732969341\n|-terastallize|p1a: Mewtwo|Dark\n|move|p1a: Mewtwo|Dark Pulse|p2a: Reuniclus\n|-supereffective|p2a: Reuniclus\n|-damage|p2a: Reuniclus|0 fnt\n|faint|p2a: Reuniclus\n|\n|upkeep\n|\n|t:|1732969349\n|switch|p2a: Grafaiai|Grafaiai, L86, M|249/249\n|turn|16\n|\n|t:|1732969358\n|switch|p1a: Sandslash|Sandslash, L88, M|275/275\n|move|p2a: Grafaiai|U-turn|p1a: Sandslash\n|-damage|p1a: Sandslash|233/275\n|-status|p1a: Sandslash|psn|[from] ability: Poison Touch|[of] p2a: Grafaiai\n|\n|t:|1732969365\n|switch|p2a: Chandelure|Chandelure, L83, F|235/235|[from] U-turn\n|\n|-heal|p1a: Sandslash|250/275 psn|[from] item: Leftovers\n|-damage|p1a: Sandslash|216/275 psn|[from] psn\n|upkeep\n|turn|17\n|\n|t:|1732969374\n|move|p2a: Chandelure|Substitute|p2a: Chandelure\n|-start|p2a: Chandelure|Substitute\n|-damage|p2a: Chandelure|177/235\n|move|p1a: Sandslash|Earthquake|p2a: Chandelure\n|-supereffective|p2a: Chandelure\n|-end|p2a: Chandelure|Substitute\n|\n|-heal|p2a: Chandelure|191/235|[from] item: Leftovers\n|-heal|p1a: Sandslash|233/275 psn|[from] item: Leftovers\n|-damage|p1a: Sandslash|199/275 psn|[from] psn\n|upkeep\n|turn|18\n|\n|t:|1732969386\n|-terastallize|p2a: Chandelure|Ghost\n|move|p2a: Chandelure|Substitute|p2a: Chandelure\n|-start|p2a: Chandelure|Substitute\n|-damage|p2a: Chandelure|133/235\n|move|p1a: Sandslash|Earthquake|p2a: Chandelure\n|-end|p2a: Chandelure|Substitute\n|\n|-heal|p2a: Chandelure|147/235|[from] item: Leftovers\n|-heal|p1a: Sandslash|216/275 psn|[from] item: Leftovers\n|-damage|p1a: Sandslash|182/275 psn|[from] psn\n|upkeep\n|turn|19\n|\n|t:|1732969400\n|move|p2a: Chandelure|Shadow Ball|p1a: Sandslash\n|-damage|p1a: Sandslash|0 fnt\n|faint|p1a: Sandslash\n|\n|-heal|p2a: Chandelure|161/235|[from] item: Leftovers\n|upkeep\n|\n|t:|1732969406\n|switch|p1a: Mewtwo|Mewtwo, L72, tera:Dark|204/272\n|-ability|p1a: Mewtwo|Unnerve\n|turn|20\n|\n|t:|1732969412\n|move|p1a: Mewtwo|Dark Pulse|p2a: Chandelure\n|-supereffective|p2a: Chandelure\n|-damage|p2a: Chandelure|0 fnt\n|faint|p2a: Chandelure\n|\n|upkeep\n|\n|t:|1732969418\n|switch|p2a: Grafaiai|Grafaiai, L86, M|249/249\n|turn|21\n|\n|t:|1732969422\n|switch|p1a: Regirock|Regirock, L83|268/268\n|move|p2a: Grafaiai|U-turn|p1a: Regirock\n|-damage|p1a: Regirock|240/268\n|\n|-heal|p1a: Regirock|256/268|[from] item: Leftovers\n|upkeep\n|turn|22\n|\n|t:|1732969431\n|move|p2a: Grafaiai|Super Fang|p1a: Regirock\n|-damage|p1a: Regirock|128/268\n|move|p1a: Regirock|Thunder Wave|p2a: Grafaiai\n|-status|p2a: Grafaiai|par\n|\n|-heal|p1a: Regirock|144/268|[from] item: Leftovers\n|upkeep\n|turn|23\n|\n|t:|1732969439\n|move|p1a: Regirock|Body Press|p2a: Grafaiai\n|-damage|p2a: Grafaiai|124/249 par\n|move|p2a: Grafaiai|Gunk Shot|p1a: Regirock\n|-resisted|p1a: Regirock\n|-damage|p1a: Regirock|109/268\n|\n|-heal|p1a: Regirock|125/268|[from] item: Leftovers\n|upkeep\n|turn|24\n|\n|t:|1732969449\n|move|p1a: Regirock|Body Press|p2a: Grafaiai\n|-damage|p2a: Grafaiai|3/249 par\n|move|p2a: Grafaiai|Knock Off|p1a: Regirock\n|-damage|p1a: Regirock|89/268\n|-enditem|p1a: Regirock|Leftovers|[from] move: Knock Off|[of] p2a: Grafaiai\n|\n|upkeep\n|turn|25\n|\n|t:|1732969463\n|move|p1a: Regirock|Body Press|p2a: Grafaiai\n|-damage|p2a: Grafaiai|0 fnt\n|faint|p2a: Grafaiai\n|\n|win|EveryMatchIsRigged\n|raw|EveryMatchIsRigged's rating: 1184 &rarr; <strong>1209</strong><br />(+25 for winning)\n|raw|DanBar14's rating: 1187 &rarr; <strong>1162</strong><br />(-25 for losing)\n", "inputlog": ">version b107d77f5c90bd6555267ae244a6264823309ead\n>start {\"formatid\":\"gen9randombattle\",\"seed\":[19577,30892,53677,65139],\"rated\":\"Rated battle\"}\n>player p1 {\"name\":\"EveryMatchIsRigged\",\"avatar\":\"acetrainerf\",\"rating\":1184,\"seed\":[43946,41929,27790,37092]}\n>player p2 {\"name\":\"DanBar14\",\"avatar\":\"volkner\",\"rating\":1187,\"seed\":[29839,21447,55365,58244]}\n>p1 move calmmind\n>p2 move gigadrain\n>p1 move alluringvoice\n>p2 switch 3\n>p1 move alluringvoice\n>p2 move knockoff\n>p2 switch 6\n>p1 move psyshock\n>p2 move wildcharge\n>p1 switch 6\n>p1 move swordsdance\n>p2 move icefang\n>p1 move grassyglide\n>p2 move icefang\n>p2 switch 3\n>p1 move highhorsepower\n>p2 move substitute\n>p1 move highhorsepower\n>p2 move gigadrain\n>p1 move highhorsepower\n>p2 move gigadrain\n>p1 switch 2\n>p1 move fireblast\n>p2 move leechseed\n>p1 move fireblast\n>p2 switch 2\n>p1 switch 4\n>p2 move shadowball\n>p1 move hydropump\n>p2 switch 2\n>p2 switch 5\n>p1 move hydropump\n>p2 move psychic\n>p1 switch 4\n>p1 move darkpulse terastallize\n>p2 move shadowball\n>p2 switch 4\n>p1 switch 5\n>p2 move uturn\n>p2 switch 2\n>p1 move earthquake\n>p2 move substitute\n>p1 move earthquake\n>p2 move substitute terastallize\n>p1 move earthquake\n>p2 move shadowball\n>p1 switch 5\n>p1 move darkpulse\n>p2 move shadowball\n>p2 switch 2\n>p1 switch 3\n>p2 move uturn\n>p1 move thunderwave\n>p2 move superfang\n>p1 move bodypress\n>p2 move gunkshot\n>p1 move bodypress\n>p2 move knockoff\n>p1 move bodypress\n>p2 move uturn", "uploadtime": 1732969467, "views": 1, "formatid": "gen9randombattle", "rating": 1162, "private": 0, "password": null}