{"id": "gen9randombattle-2254029074", "format": "[Gen 9] Random Battle", "players": ["Prussian_Jaeger", "Euphobia"], "log": "|j|\u203dPrussian_Jaeger\n|j|\u2606Euphobia\n|t:|1732982160\n|gametype|singles\n|player|p1|Prussian_Jaeger|ltsurge-gen2|1510\n|player|p2|Euphobia|swimmerf-gen4dp|1571\n|teamsize|p1|6\n|teamsize|p2|6\n|gen|9\n|tier|[Gen 9] Random Battle\n|rated|\n|rule|Species Clause: Limit one of each Pok\u00e9mon\n|rule|HP Percentage Mod: HP is shown in percentages\n|rule|Sleep Clause Mod: Limit one foe put to sleep\n|rule|Illusion Level Mod: Illusion disguises the Pok\u00e9mon's true level\n|\n|t:|1732982160\n|start\n|switch|p1a: Rabsca|Rabsca, L91, M|284/284\n|switch|p2a: Gumshoos|Gumshoos, L95, F|321/321\n|turn|1\n|inactive|Battle timer is ON: inactive players will automatically lose when time's up. (requested by Euphobia)\n|inactive|Prussian_Jaeger has 120 seconds left.\n|\n|t:|1732982197\n|switch|p1a: Hitmontop|Hitmontop, L88, M|231/231\n|move|p2a: Gumshoos|Knock Off|p1a: Hitmontop\n|-resisted|p1a: Hitmontop\n|-damage|p1a: Hitmontop|95/231\n|-enditem|p1a: Hitmontop|Leftovers|[from] move: Knock Off|[of] p2a: Gumshoos\n|\n|upkeep\n|turn|2\n|\n|t:|1732982205\n|switch|p2a: Lunala|Lunala, L70|308/308\n|move|p1a: Hitmontop|Close Combat|p2a: Lunala\n|-immune|p2a: Lunala\n|\n|upkeep\n|turn|3\n|\n|t:|1732982221\n|move|p2a: Lunala|Calm Mind|p2a: Lunala\n|-boost|p2a: Lunala|spa|1\n|-boost|p2a: Lunala|spd|1\n|move|p1a: Hitmontop|Triple Axel|p2a: Lunala\n|-damage|p2a: Lunala|295/308\n|-damage|p2a: Lunala|238/308\n|-damage|p2a: Lunala|158/308\n|-hitcount|p2a: Lunala|3\n|\n|-heal|p2a: Lunala|177/308|[from] item: Leftovers\n|upkeep\n|turn|4\n|\n|t:|1732982226\n|move|p2a: Lunala|Psyshock|p1a: Hitmontop\n|-supereffective|p1a: Hitmontop\n|-damage|p1a: Hitmontop|0 fnt\n|faint|p1a: Hitmontop\n|\n|-heal|p2a: Lunala|196/308|[from] item: Leftovers\n|upkeep\n|\n|t:|1732982231\n|switch|p1a: Wigglytuff|Wigglytuff, L96, F|424/424\n|turn|5\n|\n|t:|1732982235\n|move|p2a: Lunala|Moonlight|p2a: Lunala\n|-heal|p2a: Lunala|308/308\n|move|p1a: Wigglytuff|Knock Off|p2a: Lunala\n|-supereffective|p2a: Lunala\n|-damage|p2a: Lunala|142/308\n|-enditem|p2a: Lunala|Leftovers|[from] move: Knock Off|[of] p1a: Wigglytuff\n|\n|upkeep\n|turn|6\n|\n|t:|1732982243\n|switch|p1a: Minior|Minior-Orange, L79|224/224\n|-formechange|p1a: Minior|Minior-Meteor||[from] ability: Shields Down\n|move|p2a: Lunala|Moonlight|p2a: Lunala\n|-heal|p2a: Lunala|296/308\n|\n|upkeep\n|turn|7\n|\n|t:|1732982251\n|move|p2a: Lunala|Moongeist Beam|p1a: Minior\n|-damage|p1a: Minior|77/224\n|move|p1a: Minior|Shell Smash|p1a: Minior\n|-unboost|p1a: Minior|def|1\n|-unboost|p1a: Minior|spd|1\n|-boost|p1a: Minior|atk|2\n|-boost|p1a: Minior|spa|2\n|-boost|p1a: Minior|spe|2\n|-enditem|p1a: Minior|White Herb\n|-clearnegativeboost|p1a: Minior|[silent]\n|\n|-formechange|p1a: Minior|Minior-Orange||[from] ability: Shields Down\n|upkeep\n|turn|8\n|\n|t:|1732982266\n|move|p1a: Minior|Acrobatics|p2a: Lunala\n|-damage|p2a: Lunala|35/308\n|move|p2a: Lunala|Moongeist Beam|p1a: Minior\n|-damage|p1a: Minior|0 fnt\n|faint|p1a: Minior\n|\n|upkeep\n|\n|t:|1732982272\n|switch|p1a: Gallade|Gallade, L81, M|243/243\n|turn|9\n|\n|t:|1732982275\n|-terastallize|p1a: Gallade|Dark\n|move|p2a: Lunala|Moongeist Beam|p1a: Gallade\n|-resisted|p1a: Gallade\n|-damage|p1a: Gallade|179/243\n|move|p1a: Gallade|Agility|p1a: Gallade\n|-boost|p1a: Gallade|spe|2\n|\n|upkeep\n|turn|10\n|\n|t:|1732982283\n|move|p1a: Gallade|Night Slash|p2a: Lunala\n|-supereffective|p2a: Lunala\n|-damage|p2a: Lunala|0 fnt\n|faint|p2a: Lunala\n|-damage|p1a: Gallade|155/243|[from] item: Life Orb\n|\n|upkeep\n|\n|t:|1732982300\n|switch|p2a: Reuniclus|Reuniclus, L88, F|337/337\n|turn|11\n|\n|t:|1732982303\n|-terastallize|p2a: Reuniclus|Fighting\n|move|p1a: Gallade|Night Slash|p2a: Reuniclus\n|-resisted|p2a: Reuniclus\n|-damage|p2a: Reuniclus|246/337\n|-damage|p1a: Gallade|131/243|[from] item: Life Orb\n|move|p2a: Reuniclus|Focus Blast|p1a: Gallade|[miss]\n|-miss|p2a: Reuniclus|p1a: Gallade\n|\n|upkeep\n|turn|12\n|\n|t:|1732982312\n|move|p1a: Gallade|Psycho Cut|p2a: Reuniclus\n|-supereffective|p2a: Reuniclus\n|-damage|p2a: Reuniclus|0 fnt\n|faint|p2a: Reuniclus\n|-damage|p1a: Gallade|107/243|[from] item: Life Orb\n|\n|upkeep\n|\n|t:|1732982315\n|switch|p2a: Oricorio|Oricorio-Pom-Pom, L82, M|257/257\n|turn|13\n|\n|t:|1732982320\n|move|p1a: Gallade|Psycho Cut|p2a: Oricorio\n|-crit|p2a: Oricorio\n|-damage|p2a: Oricorio|0 fnt\n|faint|p2a: Oricorio\n|-damage|p1a: Gallade|83/243|[from] item: Life Orb\n|\n|upkeep\n|\n|t:|1732982323\n|switch|p2a: Heatran|Heatran, L79, F|273/273\n|-item|p2a: Heatran|Air Balloon\n|turn|14\n|\n|t:|1732982327\n|move|p1a: Gallade|Sacred Sword|p2a: Heatran\n|-supereffective|p2a: Heatran\n|-damage|p2a: Heatran|0 fnt\n|-enditem|p2a: Heatran|Air Balloon\n|faint|p2a: Heatran\n|-damage|p1a: Gallade|59/243|[from] item: Life Orb\n|\n|upkeep\n|\n|t:|1732982330\n|switch|p2a: Gumshoos|Gumshoos, L95, F|321/321\n|turn|15\n|\n|t:|1732982333\n|move|p1a: Gallade|Sacred Sword|p2a: Gumshoos\n|-supereffective|p2a: Gumshoos\n|-damage|p2a: Gumshoos|0 fnt\n|faint|p2a: Gumshoos\n|-damage|p1a: Gallade|35/243|[from] item: Life Orb\n|\n|upkeep\n|\n|t:|1732982335\n|switch|p2a: Spectrier|Spectrier, L75|274/274\n|turn|16\n|\n|t:|1732982338\n|move|p1a: Gallade|Night Slash|p2a: Spectrier\n|-supereffective|p2a: Spectrier\n|-damage|p2a: Spectrier|0 fnt\n|faint|p2a: Spectrier\n|-damage|p1a: Gallade|11/243|[from] item: Life Orb\n|\n|win|Prussian_Jaeger\n|raw|Prussian_Jaeger's rating: 1510 &rarr; <strong>1533</strong><br />(+23 for winning)\n|raw|Euphobia's rating: 1571 &rarr; <strong>1548</strong><br />(-23 for losing)\n|l|\u2606Euphobia\n|player|p2|\n", "inputlog": ">version b107d77f5c90bd6555267ae244a6264823309ead\n>start {\"formatid\":\"gen9randombattle\",\"seed\":[32915,48597,37184,43760],\"rated\":\"Rated battle\"}\n>player p1 {\"name\":\"Prussian_Jaeger\",\"avatar\":\"ltsurge-gen2\",\"rating\":1510,\"seed\":[12294,54215,10272,25571]}\n>player p2 {\"name\":\"Euphobia\",\"avatar\":\"swimmerf-gen4dp\",\"rating\":1571,\"seed\":[41139,65303,2625,35712]}\n>p1 switch 6\n>p2 move knockoff\n>p1 move closecombat\n>p2 switch 2\n>p1 move tripleaxel\n>p2 move calmmind\n>p1 move tripleaxel\n>p2 move psyshock\n>p1 switch 4\n>p1 move knockoff\n>p2 move moonlight\n>p1 switch 3\n>p2 move moonlight\n>p1 move shellsmash\n>p2 move moongeistbeam\n>p1 move acrobatics\n>p2 move moongeistbeam\n>p1 switch 5\n>p1 move agility terastallize\n>p2 move moongeistbeam\n>p1 move nightslash\n>p2 move moonlight\n>p2 switch 5\n>p1 move nightslash\n>p2 move focusblast terastallize\n>p1 move psychocut\n>p2 move focusblast\n>p2 switch 3\n>p1 move psychocut\n>p2 move revelationdance\n>p2 switch 4\n>p1 move sacredsword\n>p2 move lavaplume\n>p2 switch 2\n>p1 move sacredsword\n>p2 move uturn\n>p2 switch 6\n>p1 move nightslash\n>p2 move substitute", "uploadtime": 1732982345, "views": 13, "formatid": "gen9randombattle", "rating": 1533, "private": 0, "password": null}