{"id": "gen9randombattle-2253858139", "format": "[Gen 9] Random Battle", "players": ["Destro04", "Reptilor05"], "log": "|j|\u2606Destro04\n|j|\u2606Reptilor05\n|t:|1732950286\n|gametype|singles\n|player|p1|Destro04|bellelba|\n|player|p2|Reptilor05|266|\n|teamsize|p1|6\n|teamsize|p2|6\n|gen|9\n|tier|[Gen 9] Random Battle\n|rule|Species Clause: Limit one of each Pok\u00e9mon\n|rule|HP Percentage Mod: HP is shown in percentages\n|rule|Sleep Clause Mod: Limit one foe put to sleep\n|rule|Illusion Level Mod: Illusion disguises the Pok\u00e9mon's true level\n|\n|t:|1732950286\n|start\n|switch|p1a: Scyther|Scyther, L82, M|249/249\n|switch|p2a: Cloyster|Cloyster, L80, M|211/211\n|turn|1\n|\n|t:|1732950294\n|move|p1a: Scyther|Swords Dance|p1a: Scyther\n|-boost|p1a: Scyther|atk|2\n|move|p2a: Cloyster|Shell Smash|p2a: Cloyster\n|-unboost|p2a: Cloyster|def|1\n|-unboost|p2a: Cloyster|spd|1\n|-boost|p2a: Cloyster|atk|2\n|-boost|p2a: Cloyster|spa|2\n|-boost|p2a: Cloyster|spe|2\n|-enditem|p2a: Cloyster|White Herb\n|-clearnegativeboost|p2a: Cloyster|[silent]\n|\n|upkeep\n|turn|2\n|\n|t:|1732950306\n|move|p2a: Cloyster|Rock Blast|p1a: Scyther\n|-supereffective|p1a: Scyther\n|-damage|p1a: Scyther|157/249\n|-supereffective|p1a: Scyther\n|-damage|p1a: Scyther|57/249\n|-supereffective|p1a: Scyther\n|-crit|p1a: Scyther\n|-damage|p1a: Scyther|0 fnt\n|faint|p1a: Scyther\n|-hitcount|p1: Scyther|3\n|\n|upkeep\n|\n|t:|1732950312\n|switch|p1a: Zebstrika|Zebstrika, L87, F|272/272\n|turn|3\n|\n|t:|1732950327\n|-terastallize|p2a: Cloyster|Rock\n|move|p2a: Cloyster|Shell Smash|p2a: Cloyster\n|-unboost|p2a: Cloyster|def|1\n|-unboost|p2a: Cloyster|spd|1\n|-boost|p2a: Cloyster|atk|2\n|-boost|p2a: Cloyster|spa|2\n|-boost|p2a: Cloyster|spe|2\n|move|p1a: Zebstrika|Supercell Slam|p2a: Cloyster\n|-crit|p2a: Cloyster\n|-damage|p2a: Cloyster|3/211\n|-damage|p1a: Zebstrika|245/272|[from] item: Life Orb\n|\n|upkeep\n|turn|4\n|\n|t:|1732950342\n|move|p2a: Cloyster|Rock Blast|p1a: Zebstrika\n|-damage|p1a: Zebstrika|157/272\n|-damage|p1a: Zebstrika|66/272\n|-damage|p1a: Zebstrika|0 fnt\n|faint|p1a: Zebstrika\n|-hitcount|p1: Zebstrika|3\n|\n|upkeep\n|\n|t:|1732950350\n|switch|p1a: Chimecho|Chimecho, L94, F|293/293\n|turn|5\n|\n|t:|1732950353\n|move|p2a: Cloyster|Rock Blast|p1a: Chimecho|[miss]\n|-miss|p2a: Cloyster|p1a: Chimecho\n|move|p1a: Chimecho|Psychic Noise|p2a: Cloyster\n|-damage|p2a: Cloyster|0 fnt\n|faint|p2a: Cloyster\n|\n|upkeep\n|\n|t:|1732950367\n|switch|p2a: Landorus|Landorus-Therian, L76, M|260/260\n|-ability|p2a: Landorus|Intimidate|boost\n|-unboost|p1a: Chimecho|atk|1\n|turn|6\n|\n|t:|1732950370\n|move|p2a: Landorus|Taunt|p1a: Chimecho\n|-start|p1a: Chimecho|move: Taunt\n|move|p1a: Chimecho|Psychic Noise|p2a: Landorus\n|-crit|p2a: Landorus\n|-damage|p2a: Landorus|86/260\n|-start|p2a: Landorus|move: Heal Block\n|\n|upkeep\n|turn|7\n|\n|t:|1732950381\n|move|p2a: Landorus|Earthquake|p1a: Chimecho\n|-immune|p1a: Chimecho|[from] ability: Levitate\n|move|p1a: Chimecho|Psychic Noise|p2a: Landorus\n|-damage|p2a: Landorus|0 fnt\n|faint|p2a: Landorus\n|\n|upkeep\n|\n|t:|1732950389\n|switch|p2a: Weavile|Weavile, L79, F|240/240\n|turn|8\n|\n|t:|1732950394\n|switch|p1a: Empoleon|Empoleon, L84, F|278/278\n|move|p2a: Weavile|Knock Off|p1a: Empoleon\n|-crit|p1a: Empoleon\n|-damage|p1a: Empoleon|109/278\n|-enditem|p1a: Empoleon|Leftovers|[from] move: Knock Off|[of] p2a: Weavile\n|\n|upkeep\n|turn|9\n|\n|t:|1732950404\n|move|p2a: Weavile|Low Kick|p1a: Empoleon\n|-supereffective|p1a: Empoleon\n|-damage|p1a: Empoleon|0 fnt\n|faint|p1a: Empoleon\n|\n|upkeep\n|\n|t:|1732950410\n|switch|p1a: Iron Crown|Iron Crown, L79|272/272\n|turn|10\n|\n|t:|1732950417\n|move|p2a: Weavile|Knock Off|p1a: Iron Crown\n|-supereffective|p1a: Iron Crown\n|-damage|p1a: Iron Crown|80/272\n|-enditem|p1a: Iron Crown|Leftovers|[from] move: Knock Off|[of] p2a: Weavile\n|move|p1a: Iron Crown|Focus Blast|p2a: Weavile\n|-supereffective|p2a: Weavile\n|-damage|p2a: Weavile|0 fnt\n|faint|p2a: Weavile\n|\n|upkeep\n|\n|t:|1732950431\n|switch|p2a: Flutter Mane|Flutter Mane, L74|203/203\n|turn|11\n|\n|t:|1732950439\n|move|p2a: Flutter Mane|Shadow Ball|p1a: Iron Crown\n|-supereffective|p1a: Iron Crown\n|-damage|p1a: Iron Crown|0 fnt\n|faint|p1a: Iron Crown\n|-end|p1a: Iron Crown|Quark Drive|[silent]\n|-damage|p2a: Flutter Mane|183/203|[from] item: Life Orb\n|\n|upkeep\n|\n|t:|1732950443\n|switch|p1a: Chimecho|Chimecho, L94, F|293/293\n|turn|12\n|\n|t:|1732950447\n|move|p2a: Flutter Mane|Shadow Ball|p1a: Chimecho\n|-supereffective|p1a: Chimecho\n|-damage|p1a: Chimecho|111/293\n|-damage|p2a: Flutter Mane|163/203|[from] item: Life Orb\n|move|p1a: Chimecho|Thunder Wave|p2a: Flutter Mane\n|-status|p2a: Flutter Mane|par\n|\n|-heal|p1a: Chimecho|129/293|[from] item: Leftovers\n|upkeep\n|turn|13\n|\n|t:|1732950455\n|move|p1a: Chimecho|Recover|p1a: Chimecho\n|-heal|p1a: Chimecho|276/293\n|move|p2a: Flutter Mane|Shadow Ball|p1a: Chimecho\n|-supereffective|p1a: Chimecho\n|-damage|p1a: Chimecho|71/293\n|-damage|p2a: Flutter Mane|143/203 par|[from] item: Life Orb\n|\n|-heal|p1a: Chimecho|89/293|[from] item: Leftovers\n|upkeep\n|turn|14\n|\n|t:|1732950465\n|move|p1a: Chimecho|Recover|p1a: Chimecho\n|-heal|p1a: Chimecho|236/293\n|move|p2a: Flutter Mane|Shadow Ball|p1a: Chimecho\n|-supereffective|p1a: Chimecho\n|-crit|p1a: Chimecho\n|-damage|p1a: Chimecho|0 fnt\n|faint|p1a: Chimecho\n|-damage|p2a: Flutter Mane|123/203 par|[from] item: Life Orb\n|\n|upkeep\n|\n|t:|1732950490\n|switch|p1a: Kyurem|Kyurem-White, L73|303/303\n|-ability|p1a: Kyurem|Turboblaze\n|turn|15\n|\n|t:|1732950543\n|-end|p2a: Flutter Mane|Protosynthesis|[silent]\n|switch|p2a: Chansey|Chansey, L85, F|564/564\n|-terastallize|p1a: Kyurem|Fire\n|move|p1a: Kyurem|Fusion Flare|p2a: Chansey\n|-damage|p2a: Chansey|485/564\n|\n|upkeep\n|turn|16\n|\n|t:|1732950573\n|move|p1a: Kyurem|Fusion Flare|p2a: Chansey\n|-damage|p2a: Chansey|406/564\n|move|p2a: Chansey|Thunder Wave|p1a: Kyurem\n|-status|p1a: Kyurem|par\n|\n|upkeep\n|turn|17\n|\n|t:|1732950634\n|move|p1a: Kyurem|Fusion Flare|p2a: Chansey\n|-damage|p2a: Chansey|324/564\n|move|p2a: Chansey|Seismic Toss|p1a: Kyurem\n|-damage|p1a: Kyurem|218/303 par\n|\n|upkeep\n|turn|18\n|\n|t:|1732950659\n|move|p1a: Kyurem|Fusion Flare|p2a: Chansey\n|-damage|p2a: Chansey|248/564\n|move|p2a: Chansey|Seismic Toss|p1a: Kyurem\n|-damage|p1a: Kyurem|133/303 par\n|\n|upkeep\n|turn|19\n|\n|t:|1732950662\n|move|p1a: Kyurem|Fusion Flare|p2a: Chansey\n|-damage|p2a: Chansey|176/564\n|move|p2a: Chansey|Soft-Boiled|p2a: Chansey\n|-heal|p2a: Chansey|458/564\n|\n|upkeep\n|turn|20\n|\n|t:|1732950670\n|move|p1a: Kyurem|Fusion Flare|p2a: Chansey\n|-damage|p2a: Chansey|380/564\n|move|p2a: Chansey|Seismic Toss|p1a: Kyurem\n|-damage|p1a: Kyurem|48/303 par\n|\n|upkeep\n|turn|21\n|\n|t:|1732950677\n|move|p1a: Kyurem|Fusion Flare|p2a: Chansey\n|-damage|p2a: Chansey|308/564\n|move|p2a: Chansey|Thunder Wave|p1a: Kyurem\n|-fail|p1a: Kyurem|par\n|\n|upkeep\n|turn|22\n|\n|t:|1732950681\n|move|p1a: Kyurem|Fusion Flare|p2a: Chansey\n|-damage|p2a: Chansey|230/564\n|move|p2a: Chansey|Soft-Boiled|p2a: Chansey\n|-heal|p2a: Chansey|512/564\n|\n|upkeep\n|turn|23\n|\n|t:|1732950685\n|switch|p2a: Corviknight|Corviknight, L80, F|288/288\n|-ability|p2a: Corviknight|Pressure\n|-activate|p1a: Kyurem|move: Struggle\n|move|p1a: Kyurem|Struggle|p2a: Corviknight\n|-damage|p2a: Corviknight|261/288\n|-damage|p1a: Kyurem|0 fnt|[from] recoil\n|faint|p1a: Kyurem\n|\n|win|Reptilor05\n", "inputlog": ">version b107d77f5c90bd6555267ae244a6264823309ead\n>start {\"formatid\":\"gen9randombattle\",\"seed\":[16640,35009,39972,1082]}\n>player p1 {\"name\":\"Destro04\",\"avatar\":\"bellelba\",\"rating\":0,\"seed\":[34745,6021,28662,10399]}\n>player p2 {\"name\":\"Reptilor05\",\"avatar\":\"266\",\"rating\":0,\"seed\":[57035,44443,37207,2280]}\n>p1 move swordsdance\n>p2 move shellsmash\n>p1 move closecombat\n>p2 move rockblast\n>p1 switch 3\n>p1 move supercellslam\n>p2 move shellsmash terastallize\n>p1 move highhorsepower\n>p2 move rockblast\n>p1 switch 5\n>p1 move psychicnoise\n>p2 move rockblast\n>p2 switch 5\n>p1 move psychicnoise\n>p2 move taunt\n>p1 move psychicnoise\n>p2 move earthquake\n>p2 switch 2\n>p1 switch 6\n>p2 move knockoff\n>p1 move stealthrock\n>p2 move lowkick\n>p1 switch 4\n>p1 move focusblast\n>p2 move knockoff\n>p2 switch 6\n>p1 move tachyoncutter\n>p2 move shadowball\n>p1 switch 6\n>p1 move thunderwave\n>p2 move shadowball\n>p1 move recover\n>p2 move shadowball\n>p1 move recover\n>p2 move shadowball\n>p1 switch 2\n>p1 move fusionflare terastallize\n>p2 switch 4\n>p1 move fusionflare\n>p2 move thunderwave\n>p1 move fusionflare\n>p2 move seismictoss\n>p1 move fusionflare\n>p2 move seismictoss\n>p1 move fusionflare\n>p2 move softboiled\n>p1 move fusionflare\n>p2 move seismictoss\n>p1 move fusionflare\n>p2 move thunderwave\n>p1 move fusionflare\n>p2 move softboiled\n>p1 move struggle\n>p2 switch 3", "uploadtime": 1732950692, "views": 2, "formatid": "gen9randombattle", "rating": null, "private": 0, "password": null}