{"id": "gen9randombattle-2253843815", "format": "[Gen 9] Random Battle", "players": ["Gleepage", "BigBossJnack"], "log": "|j|\u2606Gleepage\n|j|\u2606BigBossJnack\n|t:|1732947419\n|gametype|singles\n|player|p1|Gleepage|265|1977\n|player|p2|BigBossJnack|2|2008\n|teamsize|p1|6\n|teamsize|p2|6\n|gen|9\n|tier|[Gen 9] Random Battle\n|rated|\n|rule|Species Clause: Limit one of each Pok\u00e9mon\n|rule|HP Percentage Mod: HP is shown in percentages\n|rule|Sleep Clause Mod: Limit one foe put to sleep\n|rule|Illusion Level Mod: Illusion disguises the Pok\u00e9mon's true level\n|\n|t:|1732947419\n|start\n|switch|p1a: Annihilape|Annihilape, L76, F|292/292\n|switch|p2a: Rotom|Rotom-Wash, L82|216/216\n|turn|1\n|inactive|Battle timer is ON: inactive players will automatically lose when time's up. (requested by Gleepage)\n|\n|t:|1732947442\n|switch|p1a: Swalot|Swalot, L90, M|326/326\n|move|p2a: Rotom|Will-O-Wisp|p1a: Swalot\n|-status|p1a: Swalot|brn\n|\n|-damage|p1a: Swalot|306/326 brn|[from] brn\n|upkeep\n|turn|2\n|\n|t:|1732947449\n|switch|p2a: Flygon|Flygon, L82, M|265/265\n|move|p1a: Swalot|Gunk Shot|p2a: Flygon\n|-resisted|p2a: Flygon\n|-damage|p2a: Flygon|233/265\n|-status|p2a: Flygon|psn\n|\n|-heal|p1a: Swalot|326/326 brn|[from] item: Leftovers\n|-damage|p2a: Flygon|200/265 psn|[from] psn\n|-damage|p1a: Swalot|306/326 brn|[from] brn\n|upkeep\n|turn|3\n|\n|t:|1732947455\n|switch|p1a: Altaria|Altaria, L88, M|275/275\n|move|p2a: Flygon|Earthquake|p1a: Altaria\n|-immune|p1a: Altaria\n|\n|-damage|p2a: Flygon|167/265 psn|[from] psn\n|upkeep\n|turn|4\n|\n|t:|1732947461\n|switch|p2a: Pincurchin|Pincurchin, F|258/258\n|-fieldstart|move: Electric Terrain|[from] ability: Electric Surge|[of] p2a: Pincurchin\n|move|p1a: Altaria|Brave Bird|p2a: Pincurchin\n|-resisted|p2a: Pincurchin\n|-damage|p2a: Pincurchin|212/258\n|-damage|p1a: Altaria|260/275|[from] Recoil\n|\n|-heal|p2a: Pincurchin|228/258|[from] item: Leftovers\n|upkeep\n|turn|5\n|\n|t:|1732947468\n|switch|p1a: Scizor|Scizor, L79, F|240/240\n|move|p2a: Pincurchin|Curse|p2a: Pincurchin\n|-unboost|p2a: Pincurchin|spe|1\n|-boost|p2a: Pincurchin|atk|1\n|-boost|p2a: Pincurchin|def|1\n|\n|-heal|p2a: Pincurchin|244/258|[from] item: Leftovers\n|upkeep\n|turn|6\n|\n|t:|1732947471\n|move|p1a: Scizor|Knock Off|p2a: Pincurchin\n|-damage|p2a: Pincurchin|181/258\n|-enditem|p2a: Pincurchin|Leftovers|[from] move: Knock Off|[of] p1a: Scizor\n|move|p2a: Pincurchin|Curse|p2a: Pincurchin\n|-unboost|p2a: Pincurchin|spe|1\n|-boost|p2a: Pincurchin|atk|1\n|-boost|p2a: Pincurchin|def|1\n|\n|upkeep\n|turn|7\n|\n|t:|1732947480\n|switch|p1a: Altaria|Altaria, L88, M|260/275\n|move|p2a: Pincurchin|Curse|p2a: Pincurchin\n|-unboost|p2a: Pincurchin|spe|1\n|-boost|p2a: Pincurchin|atk|1\n|-boost|p2a: Pincurchin|def|1\n|\n|upkeep\n|turn|8\n|\n|t:|1732947482\n|move|p1a: Altaria|Haze|p1a: Altaria\n|-clearallboost\n|move|p2a: Pincurchin|Zing Zap|p1a: Altaria\n|-damage|p1a: Altaria|115/275\n|\n|-fieldend|move: Electric Terrain\n|upkeep\n|turn|9\n|\n|t:|1732947486\n|switch|p1a: Swalot|Swalot, L90, M|306/326 brn\n|switch|p2a: Flygon|Flygon, L82, M|167/265 psn\n|\n|-heal|p1a: Swalot|326/326 brn|[from] item: Leftovers\n|-damage|p2a: Flygon|134/265 psn|[from] psn\n|-damage|p1a: Swalot|306/326 brn|[from] brn\n|upkeep\n|turn|10\n|\n|t:|1732947490\n|switch|p1a: Altaria|Altaria, L88, M|115/275\n|move|p2a: Flygon|U-turn|p1a: Altaria\n|-resisted|p1a: Altaria\n|-damage|p1a: Altaria|79/275\n|\n|t:|1732947498\n|switch|p2a: Arceus|Arceus, L68|276/276|[from] U-turn\n|\n|upkeep\n|turn|11\n|\n|t:|1732947504\n|switch|p1a: Scizor|Scizor, L79, F|240/240\n|move|p2a: Arceus|Swords Dance|p2a: Arceus\n|-boost|p2a: Arceus|atk|2\n|\n|upkeep\n|turn|12\n|\n|t:|1732947507\n|move|p2a: Arceus|Earthquake|p1a: Scizor\n|-damage|p1a: Scizor|91/240\n|-damage|p2a: Arceus|249/276|[from] item: Life Orb\n|move|p1a: Scizor|Close Combat|p2a: Arceus\n|-supereffective|p2a: Arceus\n|-damage|p2a: Arceus|0 fnt\n|-unboost|p1a: Scizor|def|1\n|-unboost|p1a: Scizor|spd|1\n|faint|p2a: Arceus\n|\n|upkeep\n|\n|t:|1732947514\n|switch|p2a: Rotom|Rotom-Wash, L82|216/216\n|turn|13\n|\n|t:|1732947518\n|switch|p1a: Swalot|Swalot, L90, M|306/326 brn\n|move|p2a: Rotom|Thunderbolt|p1a: Swalot\n|-damage|p1a: Swalot|219/326 brn\n|\n|-heal|p1a: Swalot|239/326 brn|[from] item: Leftovers\n|-damage|p1a: Swalot|219/326 brn|[from] brn\n|upkeep\n|turn|14\n|\n|t:|1732947522\n|switch|p2a: Flygon|Flygon, L82, M|134/265 psn\n|move|p1a: Swalot|Gunk Shot|p2a: Flygon\n|-resisted|p2a: Flygon\n|-damage|p2a: Flygon|99/265 psn\n|\n|-heal|p1a: Swalot|239/326 brn|[from] item: Leftovers\n|-damage|p2a: Flygon|66/265 psn|[from] psn\n|-damage|p1a: Swalot|219/326 brn|[from] brn\n|upkeep\n|turn|15\n|\n|t:|1732947528\n|switch|p1a: Altaria|Altaria, L88, M|79/275\n|move|p2a: Flygon|Earthquake|p1a: Altaria\n|-immune|p1a: Altaria\n|\n|-damage|p2a: Flygon|33/265 psn|[from] psn\n|upkeep\n|turn|16\n|\n|t:|1732947531\n|switch|p2a: Pincurchin|Pincurchin, F|181/258\n|-fieldstart|move: Electric Terrain|[from] ability: Electric Surge|[of] p2a: Pincurchin\n|move|p1a: Altaria|Roost|p1a: Altaria\n|-heal|p1a: Altaria|217/275\n|-singleturn|p1a: Altaria|move: Roost\n|\n|upkeep\n|turn|17\n|\n|t:|1732947537\n|switch|p1a: Scizor|Scizor, L79, F|91/240\n|move|p2a: Pincurchin|Curse|p2a: Pincurchin\n|-unboost|p2a: Pincurchin|spe|1\n|-boost|p2a: Pincurchin|atk|1\n|-boost|p2a: Pincurchin|def|1\n|\n|upkeep\n|turn|18\n|\n|t:|1732947543\n|move|p1a: Scizor|Close Combat|p2a: Pincurchin\n|-damage|p2a: Pincurchin|101/258\n|-unboost|p1a: Scizor|def|1\n|-unboost|p1a: Scizor|spd|1\n|move|p2a: Pincurchin|Recover|p2a: Pincurchin\n|-heal|p2a: Pincurchin|230/258\n|\n|upkeep\n|turn|19\n|\n|t:|1732947552\n|switch|p1a: Slowking|Slowking, L88, M|310/310\n|move|p2a: Pincurchin|Zing Zap|p1a: Slowking\n|-supereffective|p1a: Slowking\n|-damage|p1a: Slowking|0 fnt\n|faint|p1a: Slowking\n|\n|upkeep\n|\n|t:|1732947560\n|switch|p1a: Feraligatr|Feraligatr, L79, M|264/264\n|turn|20\n|\n|t:|1732947564\n|-terastallize|p1a: Feraligatr|Grass\n|move|p1a: Feraligatr|Dragon Dance|p1a: Feraligatr\n|-boost|p1a: Feraligatr|atk|1\n|-boost|p1a: Feraligatr|spe|1\n|move|p2a: Pincurchin|Zing Zap|p1a: Feraligatr\n|-resisted|p1a: Feraligatr\n|-damage|p1a: Feraligatr|156/264\n|\n|-fieldend|move: Electric Terrain\n|upkeep\n|turn|21\n|\n|t:|1732947570\n|move|p1a: Feraligatr|Liquidation|p2a: Pincurchin\n|-damage|p2a: Pincurchin|121/258\n|move|p2a: Pincurchin|Curse|p2a: Pincurchin\n|-unboost|p2a: Pincurchin|spe|1\n|-boost|p2a: Pincurchin|atk|1\n|-boost|p2a: Pincurchin|def|1\n|\n|upkeep\n|turn|22\n|\n|t:|1732947574\n|move|p1a: Feraligatr|Liquidation|p2a: Pincurchin\n|-damage|p2a: Pincurchin|35/258\n|move|p2a: Pincurchin|Recover|p2a: Pincurchin\n|-heal|p2a: Pincurchin|164/258\n|\n|upkeep\n|turn|23\n|\n|t:|1732947578\n|move|p1a: Feraligatr|Dragon Dance|p1a: Feraligatr\n|-boost|p1a: Feraligatr|atk|1\n|-boost|p1a: Feraligatr|spe|1\n|move|p2a: Pincurchin|Recover|p2a: Pincurchin\n|-heal|p2a: Pincurchin|258/258\n|\n|upkeep\n|turn|24\n|\n|t:|1732947582\n|move|p1a: Feraligatr|Dragon Dance|p1a: Feraligatr\n|-boost|p1a: Feraligatr|atk|1\n|-boost|p1a: Feraligatr|spe|1\n|move|p2a: Pincurchin|Zing Zap|p1a: Feraligatr\n|-resisted|p1a: Feraligatr\n|-damage|p1a: Feraligatr|42/264\n|\n|upkeep\n|turn|25\n|\n|t:|1732947584\n|move|p1a: Feraligatr|Liquidation|p2a: Pincurchin\n|-damage|p2a: Pincurchin|120/258\n|move|p2a: Pincurchin|Zing Zap|p1a: Feraligatr\n|-resisted|p1a: Feraligatr\n|-crit|p1a: Feraligatr\n|-damage|p1a: Feraligatr|0 fnt\n|faint|p1a: Feraligatr\n|\n|upkeep\n|\n|t:|1732947587\n|switch|p1a: Altaria|Altaria, L88, M|217/275\n|turn|26\n|\n|t:|1732947592\n|switch|p2a: Flygon|Flygon, L82, M|33/265 psn\n|move|p1a: Altaria|Haze|p1a: Altaria\n|-clearallboost\n|\n|-damage|p2a: Flygon|0 fnt|[from] psn\n|faint|p2a: Flygon\n|upkeep\n|\n|t:|1732947602\n|switch|p2a: Rotom|Rotom-Wash, L82|216/216\n|turn|27\n|\n|t:|1732947605\n|switch|p1a: Swalot|Swalot, L90, M|219/326 brn\n|move|p2a: Rotom|Thunderbolt|p1a: Swalot\n|-damage|p1a: Swalot|131/326 brn\n|\n|-heal|p1a: Swalot|151/326 brn|[from] item: Leftovers\n|-damage|p1a: Swalot|131/326 brn|[from] brn\n|upkeep\n|turn|28\n|\n|t:|1732947611\n|switch|p2a: Golurk|Golurk, L87|297/297\n|move|p1a: Swalot|Gunk Shot|p2a: Golurk\n|-resisted|p2a: Golurk\n|-damage|p2a: Golurk|282/297\n|-status|p2a: Golurk|psn\n|\n|-heal|p1a: Swalot|151/326 brn|[from] item: Leftovers\n|-damage|p2a: Golurk|245/297 psn|[from] psn\n|-damage|p1a: Swalot|131/326 brn|[from] brn\n|upkeep\n|turn|29\n|\n|t:|1732947617\n|switch|p1a: Scizor|Scizor, L79, F|91/240\n|move|p2a: Golurk|Poltergeist|p1a: Scizor\n|-activate|p1a: Scizor|move: Poltergeist|Choice Band\n|-damage|p1a: Scizor|0 fnt\n|faint|p1a: Scizor\n|-damage|p2a: Golurk|216/297 psn|[from] item: Life Orb\n|\n|-damage|p2a: Golurk|179/297 psn|[from] psn\n|upkeep\n|\n|t:|1732947628\n|switch|p1a: Altaria|Altaria, L88, M|217/275\n|turn|30\n|\n|t:|1732947632\n|move|p1a: Altaria|Brave Bird|p2a: Golurk\n|-damage|p2a: Golurk|68/297 psn\n|-damage|p1a: Altaria|180/275|[from] Recoil\n|move|p2a: Golurk|Stone Edge|p1a: Altaria\n|-supereffective|p1a: Altaria\n|-crit|p1a: Altaria\n|-damage|p1a: Altaria|0 fnt\n|faint|p1a: Altaria\n|-damage|p2a: Golurk|39/297 psn|[from] item: Life Orb\n|\n|-damage|p2a: Golurk|2/297 psn|[from] psn\n|upkeep\n|\n|t:|1732947635\n|switch|p1a: Annihilape|Annihilape, L76, F|292/292\n|turn|31\n|\n|t:|1732947639\n|move|p1a: Annihilape|Rage Fist|p2a: Golurk\n|-supereffective|p2a: Golurk\n|-damage|p2a: Golurk|0 fnt\n|faint|p2a: Golurk\n|\n|upkeep\n|\n|t:|1732947641\n|switch|p2a: Rotom|Rotom-Wash, L82|216/216\n|turn|32\n|\n|t:|1732947644\n|switch|p1a: Swalot|Swalot, L90, M|131/326 brn\n|move|p2a: Rotom|Will-O-Wisp|p1a: Swalot\n|-fail|p1a: Swalot|brn\n|\n|-heal|p1a: Swalot|151/326 brn|[from] item: Leftovers\n|-damage|p1a: Swalot|131/326 brn|[from] brn\n|upkeep\n|turn|33\n|\n|t:|1732947648\n|move|p2a: Rotom|Thunderbolt|p1a: Swalot\n|-damage|p1a: Swalot|32/326 brn\n|move|p1a: Swalot|Gunk Shot|p2a: Rotom\n|-damage|p2a: Rotom|168/216\n|\n|-heal|p2a: Rotom|181/216|[from] item: Leftovers\n|-heal|p1a: Swalot|52/326 brn|[from] item: Leftovers\n|-damage|p1a: Swalot|32/326 brn|[from] brn\n|upkeep\n|turn|34\n|\n|t:|1732947650\n|move|p2a: Rotom|Thunderbolt|p1a: Swalot\n|-damage|p1a: Swalot|0 fnt\n|faint|p1a: Swalot\n|\n|-heal|p2a: Rotom|194/216|[from] item: Leftovers\n|upkeep\n|\n|t:|1732947656\n|switch|p1a: Annihilape|Annihilape, L76, F|292/292\n|turn|35\n|\n|t:|1732947658\n|move|p2a: Rotom|Will-O-Wisp|p1a: Annihilape\n|-status|p1a: Annihilape|brn\n|move|p1a: Annihilape|Bulk Up|p1a: Annihilape\n|-boost|p1a: Annihilape|atk|1\n|-boost|p1a: Annihilape|def|1\n|\n|-heal|p2a: Rotom|207/216|[from] item: Leftovers\n|-damage|p1a: Annihilape|274/292 brn|[from] brn\n|upkeep\n|turn|36\n|\n|t:|1732947663\n|move|p2a: Rotom|Hydro Pump|p1a: Annihilape\n|-damage|p1a: Annihilape|141/292 brn\n|move|p1a: Annihilape|Bulk Up|p1a: Annihilape\n|-boost|p1a: Annihilape|atk|1\n|-boost|p1a: Annihilape|def|1\n|\n|-heal|p2a: Rotom|216/216|[from] item: Leftovers\n|-heal|p1a: Annihilape|159/292 brn|[from] item: Leftovers\n|-damage|p1a: Annihilape|141/292 brn|[from] brn\n|upkeep\n|turn|37\n|\n|t:|1732947666\n|move|p2a: Rotom|Hydro Pump|p1a: Annihilape\n|-damage|p1a: Annihilape|6/292 brn\n|move|p1a: Annihilape|Drain Punch|p2a: Rotom\n|-damage|p2a: Rotom|150/216\n|-heal|p1a: Annihilape|39/292 brn|[from] drain|[of] p2a: Rotom\n|\n|-heal|p2a: Rotom|163/216|[from] item: Leftovers\n|-heal|p1a: Annihilape|57/292 brn|[from] item: Leftovers\n|-damage|p1a: Annihilape|39/292 brn|[from] brn\n|upkeep\n|turn|38\n|\n|t:|1732947669\n|move|p2a: Rotom|Thunderbolt|p1a: Annihilape\n|-damage|p1a: Annihilape|0 fnt\n|faint|p1a: Annihilape\n|\n|win|BigBossJnack\n|raw|Gleepage's rating: 1977 &rarr; <strong>1959</strong><br />(-18 for losing)\n|raw|BigBossJnack's rating: 2008 &rarr; <strong>2026</strong><br />(+18 for winning)\n|l|\u2606Gleepage\n|player|p1|\n", "inputlog": ">version b107d77f5c90bd6555267ae244a6264823309ead\n>start {\"formatid\":\"gen9randombattle\",\"seed\":[4039,8786,34030,22627],\"rated\":\"Rated battle\"}\n>player p1 {\"name\":\"Gleepage\",\"avatar\":\"265\",\"rating\":1977,\"seed\":[31140,12609,31044,8179]}\n>player p2 {\"name\":\"BigBossJnack\",\"avatar\":\"2\",\"rating\":2008,\"seed\":[31920,32040,10387,154]}\n>p1 switch 2\n>p2 move willowisp\n>p1 move gunkshot\n>p2 switch 3\n>p1 switch 3\n>p2 move earthquake\n>p1 move bravebird\n>p2 switch 2\n>p1 switch 4\n>p2 move curse\n>p1 move knockoff\n>p2 move curse\n>p1 switch 4\n>p2 move curse\n>p1 move haze\n>p2 move zingzap\n>p1 switch 3\n>p2 switch 2\n>p1 switch 3\n>p2 move uturn\n>p2 switch 4\n>p1 switch 4\n>p2 move swordsdance\n>p1 move closecombat\n>p2 move earthquake\n>p2 switch 3\n>p1 switch 3\n>p2 move thunderbolt\n>p1 move gunkshot\n>p2 switch 4\n>p1 switch 4\n>p2 move earthquake\n>p1 move roost\n>p2 switch 2\n>p1 switch 3\n>p2 move curse\n>p1 move closecombat\n>p2 move recover\n>p1 switch 5\n>p2 move zingzap\n>p1 switch 6\n>p1 move dragondance terastallize\n>p2 move zingzap\n>p1 move liquidation\n>p2 move curse\n>p1 move liquidation\n>p2 move recover\n>p1 move dragondance\n>p2 move recover\n>p1 move dragondance\n>p2 move zingzap\n>p1 move liquidation\n>p2 move zingzap\n>p1 switch 3\n>p1 move haze\n>p2 switch 2\n>p2 switch 4\n>p1 switch 4\n>p2 move thunderbolt\n>p1 move gunkshot\n>p2 switch 6\n>p1 switch 5\n>p2 move poltergeist\n>p1 switch 4\n>p1 move bravebird\n>p2 move stoneedge\n>p1 switch 2\n>p1 move ragefist\n>p2 move poltergeist\n>p2 switch 6\n>p1 switch 5\n>p2 move willowisp\n>p1 move gunkshot\n>p2 move thunderbolt\n>p1 move gunkshot\n>p2 move thunderbolt\n>p1 switch 5\n>p1 move bulkup\n>p2 move willowisp\n>p1 move bulkup\n>p2 move hydropump\n>p1 move drainpunch\n>p2 move hydropump\n>p1 move ragefist\n>p2 move thunderbolt", "uploadtime": 1732947672, "views": 1, "formatid": "gen9randombattle", "rating": 1959, "private": 0, "password": null}