{"id": "gen9randombattle-2253809109", "format": "[Gen 9] Random Battle", "players": ["ikuika", "hades324"], "log": "|j|\u2606ikuika\n|j|\u2606hades324\n|t:|1732941561\n|gametype|singles\n|player|p1|ikuika|265|1077\n|player|p2|hades324|102|1082\n|teamsize|p1|6\n|teamsize|p2|6\n|gen|9\n|tier|[Gen 9] Random Battle\n|rated|\n|rule|Species Clause: Limit one of each Pok\u00e9mon\n|rule|HP Percentage Mod: HP is shown in percentages\n|rule|Sleep Clause Mod: Limit one foe put to sleep\n|rule|Illusion Level Mod: Illusion disguises the Pok\u00e9mon's true level\n|\n|t:|1732941561\n|start\n|switch|p1a: Polteageist|Polteageist-Antique, L79|224/224\n|switch|p2a: Arceus|Arceus-Rock, L74|300/300\n|turn|1\n|inactive|Battle timer is ON: inactive players will automatically lose when time's up. (requested by hades324)\n|inactive|ikuika has 120 seconds left.\n|\n|t:|1732941600\n|move|p2a: Arceus|Dragon Dance|p2a: Arceus\n|-boost|p2a: Arceus|atk|1\n|-boost|p2a: Arceus|spe|1\n|move|p1a: Polteageist|Shadow Ball|p2a: Arceus\n|-damage|p2a: Arceus|206/300\n|\n|upkeep\n|turn|2\n|\n|t:|1732941613\n|move|p2a: Arceus|Stone Edge|p1a: Polteageist\n|-damage|p1a: Polteageist|0 fnt\n|-start|p2a: Arceus|Disable|Stone Edge|[from] ability: Cursed Body|[of] p1a: Polteageist\n|faint|p1a: Polteageist\n|\n|upkeep\n|\n|t:|1732941627\n|switch|p1a: Camerupt|Camerupt, L91, M|275/275\n|turn|3\n|\n|t:|1732941633\n|move|p2a: Arceus|Earthquake|p1a: Camerupt\n|-supereffective|p1a: Camerupt\n|-damage|p1a: Camerupt|110/275\n|move|p1a: Camerupt|Earthquake|p2a: Arceus\n|-supereffective|p2a: Arceus\n|-damage|p2a: Arceus|0 fnt\n|faint|p2a: Arceus\n|\n|-heal|p1a: Camerupt|127/275|[from] item: Leftovers\n|upkeep\n|\n|t:|1732941646\n|switch|p2a: Altaria|Altaria, L88, F|275/275\n|turn|4\n|\n|t:|1732941667\n|move|p2a: Altaria|Dragon Dance|p2a: Altaria\n|-boost|p2a: Altaria|atk|1\n|-boost|p2a: Altaria|spe|1\n|move|p1a: Camerupt|Overheat|p2a: Altaria\n|-resisted|p2a: Altaria\n|-damage|p2a: Altaria|202/275\n|-unboost|p1a: Camerupt|spa|2\n|\n|-heal|p1a: Camerupt|144/275|[from] item: Leftovers\n|upkeep\n|turn|5\n|\n|t:|1732941682\n|move|p2a: Altaria|Earthquake|p1a: Camerupt\n|-supereffective|p1a: Camerupt\n|-damage|p1a: Camerupt|3/275\n|move|p1a: Camerupt|Stealth Rock|p2a: Altaria\n|-sidestart|p2: hades324|move: Stealth Rock\n|\n|-heal|p1a: Camerupt|20/275|[from] item: Leftovers\n|upkeep\n|turn|6\n|\n|t:|1732941693\n|move|p2a: Altaria|Earthquake|p1a: Camerupt\n|-supereffective|p1a: Camerupt\n|-damage|p1a: Camerupt|0 fnt\n|faint|p1a: Camerupt\n|\n|upkeep\n|\n|t:|1732941704\n|switch|p1a: Wigglytuff|Wigglytuff, L96, F|424/424\n|turn|7\n|inactive|ikuika has 120 seconds left.\n|inactive|hades324 has 120 seconds left.\n|\n|t:|1732941761\n|-terastallize|p2a: Altaria|Ground\n|move|p2a: Altaria|Earthquake|p1a: Wigglytuff\n|-damage|p1a: Wigglytuff|222/424\n|move|p1a: Wigglytuff|Thunder Wave|p2a: Altaria\n|-immune|p2a: Altaria\n|\n|-heal|p1a: Wigglytuff|248/424|[from] item: Leftovers\n|upkeep\n|turn|8\n|\n|t:|1732941773\n|move|p1a: Wigglytuff|Protect|p1a: Wigglytuff\n|-singleturn|p1a: Wigglytuff|Protect\n|move|p2a: Altaria|Earthquake|p1a: Wigglytuff\n|-activate|p1a: Wigglytuff|move: Protect\n|\n|-heal|p1a: Wigglytuff|274/424|[from] item: Leftovers\n|upkeep\n|turn|9\n|\n|t:|1732941794\n|move|p2a: Altaria|Earthquake|p1a: Wigglytuff\n|-damage|p1a: Wigglytuff|72/424\n|move|p1a: Wigglytuff|Dazzling Gleam|p2a: Altaria\n|-damage|p2a: Altaria|123/275\n|\n|-heal|p1a: Wigglytuff|98/424|[from] item: Leftovers\n|upkeep\n|turn|10\n|\n|t:|1732941811\n|move|p2a: Altaria|Earthquake|p1a: Wigglytuff\n|-damage|p1a: Wigglytuff|0 fnt\n|faint|p1a: Wigglytuff\n|\n|upkeep\n|\n|t:|1732941820\n|switch|p1a: Jumpluff|Jumpluff, L87, F|271/271\n|turn|11\n|inactive|hades324 has 120 seconds left.\n|\n|t:|1732941831\n|move|p2a: Altaria|Brave Bird|p1a: Jumpluff\n|-supereffective|p1a: Jumpluff\n|-damage|p1a: Jumpluff|0 fnt\n|faint|p1a: Jumpluff\n|-damage|p2a: Altaria|34/275|[from] Recoil\n|\n|upkeep\n|\n|t:|1732941838\n|switch|p1a: Vivillon|Vivillon-Modern, L84, F|272/272\n|turn|12\n|inactive|hades324 has 120 seconds left.\n|inactive|ikuika has 90 seconds left.\n|\n|t:|1732941862\n|move|p2a: Altaria|Brave Bird|p1a: Vivillon\n|-supereffective|p1a: Vivillon\n|-damage|p1a: Vivillon|0 fnt\n|faint|p1a: Vivillon\n|-damage|p2a: Altaria|0 fnt|[from] Recoil\n|faint|p2a: Altaria\n|\n|upkeep\n|\n|t:|1732941871\n|switch|p1a: Ursaluna|Ursaluna-Bloodmoon, L79, M|308/308\n|switch|p2a: Lokix|Lokix, L82, F|251/251\n|-damage|p2a: Lokix|189/251|[from] Stealth Rock\n|turn|13\n|inactive|ikuika has 90 seconds left.\n|\n|t:|1732941891\n|move|p2a: Lokix|First Impression|p1a: Ursaluna\n|-crit|p1a: Ursaluna\n|-damage|p1a: Ursaluna|161/308\n|move|p1a: Ursaluna|Vacuum Wave|p2a: Lokix\n|-damage|p2a: Lokix|146/251\n|\n|-heal|p1a: Ursaluna|180/308|[from] item: Leftovers\n|upkeep\n|turn|14\n|inactive|ikuika has 90 seconds left.\n|\n|t:|1732941908\n|move|p2a: Lokix|Knock Off|p1a: Ursaluna\n|-damage|p1a: Ursaluna|101/308\n|-enditem|p1a: Ursaluna|Leftovers|[from] move: Knock Off|[of] p2a: Lokix\n|move|p1a: Ursaluna|Blood Moon|p2a: Lokix\n|-damage|p2a: Lokix|0 fnt\n|faint|p2a: Lokix\n|\n|upkeep\n|\n|t:|1732941916\n|switch|p2a: Lucario|Lucario, L84, F|255/255\n|-damage|p2a: Lucario|248/255|[from] Stealth Rock\n|turn|15\n|inactive|ikuika has 90 seconds left.\n|\n|t:|1732941931\n|-terastallize|p1a: Ursaluna|Fighting\n|move|p2a: Lucario|Vacuum Wave|p1a: Ursaluna\n|-crit|p1a: Ursaluna\n|-damage|p1a: Ursaluna|0 fnt\n|faint|p1a: Ursaluna\n|-damage|p2a: Lucario|223/255|[from] item: Life Orb\n|\n|win|hades324\n|raw|ikuika's rating: 1077 &rarr; <strong>1056</strong><br />(-21 for losing)\n|raw|hades324's rating: 1082 &rarr; <strong>1109</strong><br />(+27 for winning)\n|l|\u2606hades324\n|player|p2|\n", "inputlog": ">version b107d77f5c90bd6555267ae244a6264823309ead\n>start {\"formatid\":\"gen9randombattle\",\"seed\":[39360,55751,35757,20982],\"rated\":\"Rated battle\"}\n>player p1 {\"name\":\"ikuika\",\"avatar\":\"265\",\"rating\":1077,\"seed\":[41543,63097,48070,50432]}\n>player p2 {\"name\":\"hades324\",\"avatar\":\"102\",\"rating\":1082,\"seed\":[34897,5479,43496,12735]}\n>p1 move shadowball\n>p2 move dragondance\n>p1 move shadowball\n>p2 move stoneedge\n>p1 switch 6\n>p1 move earthquake\n>p2 move earthquake\n>p2 switch 5\n>p1 move overheat\n>p2 move dragondance\n>p1 move stealthrock\n>p2 move earthquake\n>p1 move overheat\n>p2 move earthquake\n>p1 switch 4\n>p1 move thunderwave\n>p2 move earthquake terastallize\n>p1 move protect\n>p2 move earthquake\n>p1 move dazzlinggleam\n>p2 move earthquake\n>p1 move wish\n>p2 move earthquake\n>p1 switch 3\n>p1 move leechseed\n>p2 move bravebird\n>p1 switch 5\n>p1 move bugbuzz\n>p2 move bravebird\n>p1 switch 2\n>p2 switch 6\n>p1 move vacuumwave\n>p2 move firstimpression\n>p1 move bloodmoon\n>p2 move knockoff\n>p2 switch 3\n>p1 move moonlight terastallize\n>p2 move vacuumwave", "uploadtime": 1732941940, "views": 22, "formatid": "gen9randombattle", "rating": 1056, "private": 0, "password": null}