{"id": "gen9randombattle-2253890510", "format": "[Gen 9] Random Battle", "players": ["Cuak22", "realfortnitepro"], "log": "|j|\u2606Cuak22\n|j|\u2606realfortnitepro\n|t:|1732957413\n|gametype|singles\n|player|p1|Cuak22|266|1400\n|player|p2|realfortnitepro|elesa-gen5bw2|1399\n|teamsize|p1|6\n|teamsize|p2|6\n|gen|9\n|tier|[Gen 9] Random Battle\n|rated|\n|rule|Species Clause: Limit one of each Pok\u00e9mon\n|rule|HP Percentage Mod: HP is shown in percentages\n|rule|Sleep Clause Mod: Limit one foe put to sleep\n|rule|Illusion Level Mod: Illusion disguises the Pok\u00e9mon's true level\n|\n|t:|1732957413\n|start\n|switch|p1a: Gurdurr|Gurdurr, L85, F|283/283\n|switch|p2a: Coalossal|Coalossal, L89, M|341/341\n|turn|1\n|inactive|Battle timer is ON: inactive players will automatically lose when time's up. (requested by realfortnitepro)\n|\n|t:|1732957440\n|switch|p2a: Metagross|Metagross, L79|256/256\n|move|p1a: Gurdurr|Bulk Up|p1a: Gurdurr\n|-boost|p1a: Gurdurr|atk|1\n|-boost|p1a: Gurdurr|def|1\n|\n|upkeep\n|turn|2\n|\n|t:|1732957446\n|move|p2a: Metagross|Agility|p2a: Metagross\n|-boost|p2a: Metagross|spe|2\n|move|p1a: Gurdurr|Drain Punch|p2a: Metagross\n|-damage|p2a: Metagross|153/256\n|\n|upkeep\n|turn|3\n|\n|t:|1732957450\n|move|p2a: Metagross|Knock Off|p1a: Gurdurr\n|-resisted|p1a: Gurdurr\n|-damage|p1a: Gurdurr|266/283\n|-enditem|p1a: Gurdurr|Eviolite|[from] move: Knock Off|[of] p2a: Metagross\n|move|p1a: Gurdurr|Knock Off|p2a: Metagross\n|-supereffective|p2a: Metagross\n|-damage|p2a: Metagross|0 fnt\n|-enditem|p2a: Metagross|Weakness Policy|[from] move: Knock Off|[of] p1a: Gurdurr\n|faint|p2a: Metagross\n|\n|upkeep\n|\n|t:|1732957464\n|switch|p2a: Serperior|Serperior, L79, F|248/248\n|turn|4\n|\n|t:|1732957468\n|move|p2a: Serperior|Leaf Storm|p1a: Gurdurr\n|-damage|p1a: Gurdurr|74/283\n|-boost|p2a: Serperior|spa|2\n|-damage|p2a: Serperior|224/248|[from] item: Life Orb\n|move|p1a: Gurdurr|Knock Off|p2a: Serperior\n|-damage|p2a: Serperior|116/248\n|-enditem|p2a: Serperior|Life Orb|[from] move: Knock Off|[of] p1a: Gurdurr\n|\n|upkeep\n|turn|5\n|\n|t:|1732957476\n|move|p1a: Gurdurr|Mach Punch|p2a: Serperior\n|-damage|p2a: Serperior|50/248\n|move|p2a: Serperior|Leaf Storm|p1a: Gurdurr\n|-damage|p1a: Gurdurr|0 fnt\n|-boost|p2a: Serperior|spa|2\n|faint|p1a: Gurdurr\n|\n|upkeep\n|\n|t:|1732957484\n|switch|p1a: Chansey|Chansey, L85, F|564/564\n|turn|6\n|\n|t:|1732957487\n|move|p2a: Serperior|Synthesis|p2a: Serperior\n|-heal|p2a: Serperior|174/248\n|move|p1a: Chansey|Seismic Toss|p2a: Serperior\n|-damage|p2a: Serperior|89/248\n|\n|upkeep\n|turn|7\n|\n|t:|1732957490\n|move|p2a: Serperior|Synthesis|p2a: Serperior\n|-heal|p2a: Serperior|213/248\n|move|p1a: Chansey|Thunder Wave|p2a: Serperior\n|-status|p2a: Serperior|par\n|\n|upkeep\n|turn|8\n|\n|t:|1732957494\n|move|p1a: Chansey|Seismic Toss|p2a: Serperior\n|-damage|p2a: Serperior|128/248 par\n|cant|p2a: Serperior|par\n|\n|upkeep\n|turn|9\n|\n|t:|1732957499\n|switch|p2a: Komala|Komala, L89, F|260/260\n|-ability|p2a: Komala|Comatose\n|move|p1a: Chansey|Seismic Toss|p2a: Komala\n|-damage|p2a: Komala|175/260\n|\n|upkeep\n|turn|10\n|\n|t:|1732957504\n|move|p2a: Komala|Knock Off|p1a: Chansey\n|-damage|p1a: Chansey|286/564\n|-enditem|p1a: Chansey|Eviolite|[from] move: Knock Off|[of] p2a: Komala\n|move|p1a: Chansey|Thunder Wave|p2a: Komala\n|-immune|p2a: Komala|[from] ability: Comatose\n|\n|upkeep\n|turn|11\n|\n|t:|1732957513\n|move|p2a: Komala|Knock Off|p1a: Chansey\n|-damage|p1a: Chansey|0 fnt\n|faint|p1a: Chansey\n|\n|upkeep\n|\n|t:|1732957520\n|switch|p1a: Hoopa|Hoopa-Unbound, L80|259/259\n|turn|12\n|\n|t:|1732957528\n|move|p1a: Hoopa|Focus Blast|p2a: Komala\n|-supereffective|p2a: Komala\n|-damage|p2a: Komala|0 fnt\n|faint|p2a: Komala\n|\n|upkeep\n|\n|t:|1732957537\n|switch|p2a: Whiscash|Whiscash, L88, M|337/337\n|turn|13\n|\n|t:|1732957548\n|move|p1a: Hoopa|Hyperspace Fury|p2a: Whiscash\n|-damage|p2a: Whiscash|190/337\n|-unboost|p1a: Hoopa|def|1\n|move|p2a: Whiscash|Stealth Rock|p1a: Hoopa\n|-sidestart|p1: Cuak22|move: Stealth Rock\n|\n|-heal|p2a: Whiscash|211/337|[from] item: Leftovers\n|upkeep\n|turn|14\n|\n|t:|1732957554\n|move|p1a: Hoopa|Psychic|p2a: Whiscash\n|-damage|p2a: Whiscash|54/337\n|-unboost|p2a: Whiscash|spd|1\n|move|p2a: Whiscash|Earthquake|p1a: Hoopa\n|-damage|p1a: Hoopa|37/259\n|\n|-heal|p2a: Whiscash|75/337|[from] item: Leftovers\n|upkeep\n|turn|15\n|\n|t:|1732957559\n|move|p1a: Hoopa|Psychic|p2a: Whiscash\n|-damage|p2a: Whiscash|0 fnt\n|faint|p2a: Whiscash\n|\n|upkeep\n|\n|t:|1732957560\n|switch|p2a: Lucario|Lucario, L84, F|255/255\n|turn|16\n|\n|t:|1732957565\n|move|p2a: Lucario|Vacuum Wave|p1a: Hoopa\n|-damage|p1a: Hoopa|6/259\n|-damage|p2a: Lucario|230/255|[from] item: Life Orb\n|move|p1a: Hoopa|Focus Blast|p2a: Lucario\n|-supereffective|p2a: Lucario\n|-damage|p2a: Lucario|0 fnt\n|faint|p2a: Lucario\n|\n|upkeep\n|\n|t:|1732957572\n|switch|p2a: Coalossal|Coalossal, L89, M|341/341\n|turn|17\n|\n|t:|1732957575\n|move|p1a: Hoopa|Focus Blast|p2a: Coalossal\n|-supereffective|p2a: Coalossal\n|-damage|p2a: Coalossal|99/341\n|move|p2a: Coalossal|Rapid Spin|p1a: Hoopa\n|-damage|p1a: Hoopa|0 fnt\n|-boost|p2a: Coalossal|spe|1\n|faint|p1a: Hoopa\n|\n|upkeep\n|\n|t:|1732957580\n|switch|p1a: Donphan|Donphan, L84, F|288/288\n|-damage|p1a: Donphan|270/288|[from] Stealth Rock\n|turn|18\n|\n|t:|1732957587\n|move|p2a: Coalossal|Will-O-Wisp|p1a: Donphan\n|-status|p1a: Donphan|brn\n|move|p1a: Donphan|Rapid Spin|p2a: Coalossal\n|-resisted|p2a: Coalossal\n|-damage|p2a: Coalossal|92/341\n|-boost|p1a: Donphan|spe|1\n|-sideend|p1: Cuak22|Stealth Rock|[from] move: Rapid Spin|[of] p1a: Donphan\n|\n|-heal|p1a: Donphan|288/288 brn|[from] item: Leftovers\n|-damage|p1a: Donphan|270/288 brn|[from] brn\n|upkeep\n|turn|19\n|\n|t:|1732957592\n|move|p1a: Donphan|Earthquake|p2a: Coalossal\n|-supereffective|p2a: Coalossal\n|-damage|p2a: Coalossal|0 fnt\n|faint|p2a: Coalossal\n|\n|-heal|p1a: Donphan|288/288 brn|[from] item: Leftovers\n|-damage|p1a: Donphan|270/288 brn|[from] brn\n|upkeep\n|\n|t:|1732957595\n|switch|p2a: Serperior|Serperior, L79, F|128/248 par\n|turn|20\n|\n|t:|1732957599\n|move|p1a: Donphan|Ice Spinner|p2a: Serperior\n|-supereffective|p2a: Serperior\n|-damage|p2a: Serperior|64/248 par\n|cant|p2a: Serperior|par\n|\n|-heal|p1a: Donphan|288/288 brn|[from] item: Leftovers\n|-damage|p1a: Donphan|270/288 brn|[from] brn\n|upkeep\n|turn|21\n|\n|t:|1732957602\n|move|p1a: Donphan|Ice Spinner|p2a: Serperior\n|-supereffective|p2a: Serperior\n|-damage|p2a: Serperior|2/248 par\n|move|p2a: Serperior|Synthesis|p2a: Serperior\n|-heal|p2a: Serperior|126/248 par\n|\n|-heal|p1a: Donphan|288/288 brn|[from] item: Leftovers\n|-damage|p1a: Donphan|270/288 brn|[from] brn\n|upkeep\n|turn|22\n|\n|t:|1732957606\n|move|p1a: Donphan|Ice Spinner|p2a: Serperior\n|-supereffective|p2a: Serperior\n|-damage|p2a: Serperior|64/248 par\n|move|p2a: Serperior|Synthesis|p2a: Serperior\n|-heal|p2a: Serperior|188/248 par\n|\n|-heal|p1a: Donphan|288/288 brn|[from] item: Leftovers\n|-damage|p1a: Donphan|270/288 brn|[from] brn\n|upkeep\n|turn|23\n|\n|t:|1732957608\n|move|p1a: Donphan|Ice Spinner|p2a: Serperior\n|-supereffective|p2a: Serperior\n|-damage|p2a: Serperior|122/248 par\n|move|p2a: Serperior|Synthesis|p2a: Serperior\n|-heal|p2a: Serperior|246/248 par\n|\n|-heal|p1a: Donphan|288/288 brn|[from] item: Leftovers\n|-damage|p1a: Donphan|270/288 brn|[from] brn\n|upkeep\n|turn|24\n|\n|t:|1732957610\n|move|p1a: Donphan|Ice Spinner|p2a: Serperior\n|-supereffective|p2a: Serperior\n|-damage|p2a: Serperior|181/248 par\n|move|p2a: Serperior|Leaf Storm|p1a: Donphan|[miss]\n|-miss|p2a: Serperior|p1a: Donphan\n|\n|-heal|p1a: Donphan|288/288 brn|[from] item: Leftovers\n|-damage|p1a: Donphan|270/288 brn|[from] brn\n|upkeep\n|turn|25\n|\n|t:|1732957613\n|move|p1a: Donphan|Ice Spinner|p2a: Serperior\n|-supereffective|p2a: Serperior\n|-damage|p2a: Serperior|119/248 par\n|cant|p2a: Serperior|par\n|\n|-heal|p1a: Donphan|288/288 brn|[from] item: Leftovers\n|-damage|p1a: Donphan|270/288 brn|[from] brn\n|upkeep\n|turn|26\n|\n|t:|1732957616\n|move|p1a: Donphan|Ice Spinner|p2a: Serperior\n|-supereffective|p2a: Serperior\n|-damage|p2a: Serperior|53/248 par\n|move|p2a: Serperior|Synthesis|p2a: Serperior\n|-heal|p2a: Serperior|177/248 par\n|\n|-heal|p1a: Donphan|288/288 brn|[from] item: Leftovers\n|-damage|p1a: Donphan|270/288 brn|[from] brn\n|upkeep\n|turn|27\n|\n|t:|1732957618\n|move|p1a: Donphan|Ice Spinner|p2a: Serperior\n|-supereffective|p2a: Serperior\n|-damage|p2a: Serperior|108/248 par\n|move|p2a: Serperior|Synthesis|p2a: Serperior\n|-heal|p2a: Serperior|232/248 par\n|\n|-heal|p1a: Donphan|288/288 brn|[from] item: Leftovers\n|-damage|p1a: Donphan|270/288 brn|[from] brn\n|upkeep\n|turn|28\n|\n|t:|1732957619\n|move|p1a: Donphan|Ice Spinner|p2a: Serperior\n|-supereffective|p2a: Serperior\n|-damage|p2a: Serperior|168/248 par\n|move|p2a: Serperior|Leaf Storm|p1a: Donphan\n|-supereffective|p1a: Donphan\n|-damage|p1a: Donphan|0 fnt\n|-boost|p2a: Serperior|spa|2\n|faint|p1a: Donphan\n|\n|upkeep\n|\n|t:|1732957622\n|switch|p1a: Armarouge|Armarouge, L80, F|267/267\n|turn|29\n|\n|t:|1732957630\n|-terastallize|p2a: Serperior|Fire\n|move|p1a: Armarouge|Armor Cannon|p2a: Serperior\n|-resisted|p2a: Serperior\n|-damage|p2a: Serperior|101/248 par\n|-unboost|p1a: Armarouge|def|1\n|-unboost|p1a: Armarouge|spd|1\n|move|p2a: Serperior|Glare|p1a: Armarouge\n|-status|p1a: Armarouge|par\n|\n|upkeep\n|turn|30\n|\n|t:|1732957636\n|move|p2a: Serperior|Synthesis|p2a: Serperior\n|-heal|p2a: Serperior|225/248 par\n|cant|p1a: Armarouge|par\n|\n|upkeep\n|turn|31\n|\n|t:|1732957640\n|cant|p2a: Serperior|par\n|cant|p1a: Armarouge|par\n|\n|upkeep\n|turn|32\n|\n|t:|1732957642\n|cant|p2a: Serperior|par\n|move|p1a: Armarouge|Meteor Beam||[still]\n|-prepare|p1a: Armarouge|Meteor Beam\n|-boost|p1a: Armarouge|spa|1\n|-enditem|p1a: Armarouge|Power Herb\n|-anim|p1a: Armarouge|Meteor Beam|p2a: Serperior|[miss]\n|-miss|p1a: Armarouge|p2a: Serperior\n|\n|upkeep\n|turn|33\n|\n|t:|1732957647\n|move|p2a: Serperior|Leaf Storm|p1a: Armarouge\n|-resisted|p1a: Armarouge\n|-damage|p1a: Armarouge|105/267 par\n|-boost|p2a: Serperior|spa|2\n|move|p1a: Armarouge|Meteor Beam||[still]\n|-prepare|p1a: Armarouge|Meteor Beam\n|-boost|p1a: Armarouge|spa|1\n|\n|upkeep\n|turn|34\n|\n|t:|1732957653\n|cant|p2a: Serperior|par\n|cant|p1a: Armarouge|par\n|\n|upkeep\n|turn|35\n|\n|t:|1732957658\n|move|p2a: Serperior|Leaf Storm|p1a: Armarouge\n|-resisted|p1a: Armarouge\n|-damage|p1a: Armarouge|0 fnt\n|-boost|p2a: Serperior|spa|2\n|faint|p1a: Armarouge\n|\n|upkeep\n|\n|t:|1732957660\n|switch|p1a: Cyclizar|Cyclizar, L83, M|252/252\n|turn|36\n|\n|t:|1732957666\n|-terastallize|p1a: Cyclizar|Steel\n|move|p1a: Cyclizar|Draco Meteor|p2a: Serperior|[miss]\n|-miss|p1a: Cyclizar|p2a: Serperior\n|move|p2a: Serperior|Glare|p1a: Cyclizar\n|-status|p1a: Cyclizar|par\n|\n|upkeep\n|turn|37\n|\n|t:|1732957672\n|move|p1a: Cyclizar|Draco Meteor|p2a: Serperior\n|-damage|p2a: Serperior|104/248 par\n|-unboost|p1a: Cyclizar|spa|2\n|move|p2a: Serperior|Leaf Storm|p1a: Cyclizar\n|-resisted|p1a: Cyclizar\n|-damage|p1a: Cyclizar|0 fnt\n|faint|p1a: Cyclizar\n|\n|win|realfortnitepro\n|raw|Cuak22's rating: 1400 &rarr; <strong>1380</strong><br />(-20 for losing)\n|raw|realfortnitepro's rating: 1399 &rarr; <strong>1419</strong><br />(+20 for winning)\n|l|\u2606Cuak22\n|player|p1|\n|c|\u2606realfortnitepro|lol\n", "inputlog": ">version b107d77f5c90bd6555267ae244a6264823309ead\n>start {\"formatid\":\"gen9randombattle\",\"seed\":[51776,23574,59501,40850],\"rated\":\"Rated battle\"}\n>player p1 {\"name\":\"Cuak22\",\"avatar\":\"266\",\"rating\":1400,\"seed\":[40427,2008,60769,6270]}\n>player p2 {\"name\":\"realfortnitepro\",\"avatar\":\"elesa-gen5bw2\",\"rating\":1399,\"seed\":[21290,41981,36815,33906]}\n>p1 move bulkup\n>p2 switch 6\n>p1 move drainpunch\n>p2 move agility\n>p1 move knockoff\n>p2 move knockoff\n>p2 switch 2\n>p1 move knockoff\n>p2 move leafstorm\n>p1 move machpunch\n>p2 move leafstorm\n>p1 switch 4\n>p1 move seismictoss\n>p2 move synthesis\n>p1 move thunderwave\n>p2 move synthesis\n>p1 move seismictoss\n>p2 move glare\n>p1 move seismictoss\n>p2 switch 5\n>p1 move thunderwave\n>p2 move knockoff\n>p1 move seismictoss\n>p2 move knockoff\n>p1 switch 5\n>p1 move focusblast\n>p2 move knockoff\n>p2 switch 4\n>p1 move hyperspacefury\n>p2 move stealthrock\n>p1 move psychic\n>p2 move earthquake\n>p1 move psychic\n>p2 move earthquake\n>p2 switch 3\n>p1 move focusblast\n>p2 move vacuumwave\n>p2 switch 6\n>p1 move focusblast\n>p2 move rapidspin\n>p1 switch 2\n>p1 move rapidspin\n>p2 move willowisp\n>p1 move earthquake\n>p2 move flamethrower\n>p2 switch 5\n>p1 move icespinner\n>p2 move synthesis\n>p1 move icespinner\n>p2 move synthesis\n>p1 move icespinner\n>p2 move synthesis\n>p1 move icespinner\n>p2 move synthesis\n>p1 move icespinner\n>p2 move leafstorm\n>p1 move icespinner\n>p2 move synthesis\n>p1 move icespinner\n>p2 move synthesis\n>p1 move icespinner\n>p2 move synthesis\n>p1 move icespinner\n>p2 move leafstorm\n>p1 switch 6\n>p1 move armorcannon\n>p2 move glare terastallize\n>p1 move meteorbeam\n>p2 move synthesis\n>p1 move meteorbeam\n>p2 move leafstorm\n>p1 move meteorbeam\n>p2 move leafstorm\n>p1 move meteorbeam\n>p2 move leafstorm\n>p1 move meteorbeam\n>p2 move leafstorm\n>p1 move psyshock\n>p2 move leafstorm\n>p1 switch 3\n>p1 move dracometeor terastallize\n>p2 move glare\n>p1 move dracometeor\n>p2 move leafstorm", "uploadtime": 1732957680, "views": 17, "formatid": "gen9randombattle", "rating": 1380, "private": 0, "password": null}