{"id": "gen9randombattle-2254168810", "format": "[Gen 9] Random Battle", "players": ["SirEgoist", "owailorddavidareal"], "log": "|j|\u2606SirEgoist\n|j|\u2606owailorddavidareal\n|t:|1732999736\n|gametype|singles\n|player|p1|SirEgoist|n|\n|player|p2|owailorddavidareal|sailor|\n|teamsize|p1|6\n|teamsize|p2|6\n|gen|9\n|tier|[Gen 9] Random Battle\n|rule|Species Clause: Limit one of each Pok\u00e9mon\n|rule|HP Percentage Mod: HP is shown in percentages\n|rule|Sleep Clause Mod: Limit one foe put to sleep\n|rule|Illusion Level Mod: Illusion disguises the Pok\u00e9mon's true level\n|\n|t:|1732999736\n|start\n|switch|p1a: Hitmontop|Hitmontop, L88, M|231/231\n|switch|p2a: Solgaleo|Solgaleo, L74|325/325\n|-ability|p1a: Hitmontop|Intimidate|boost\n|-fail|p2a: Solgaleo|unboost|[from] ability: Full Metal Body|[of] p2a: Solgaleo\n|turn|1\n|inactive|Battle timer is ON: inactive players will automatically lose when time's up. (requested by SirEgoist)\n|inactive|owailorddavidareal also wants the timer to be on.\n|inactive|SirEgoist has 270 seconds left.\n|\n|t:|1732999770\n|switch|p2a: Cacturne|Cacturne, L92, M|278/278\n|switch|p1a: Ditto|Ditto, L87|225/225\n|-transform|p1a: Ditto|p2a: Cacturne|[from] ability: Imposter\n|\n|upkeep\n|turn|2\n|\n|t:|1732999800\n|move|p1a: Ditto|Drain Punch|p2a: Cacturne\n|-supereffective|p2a: Cacturne\n|-damage|p2a: Cacturne|104/278\n|move|p2a: Cacturne|Swords Dance|p2a: Cacturne\n|-boost|p2a: Cacturne|atk|2\n|\n|upkeep\n|turn|3\n|\n|t:|1732999808\n|switch|p2a: Spectrier|Spectrier, L75|274/274\n|move|p1a: Ditto|Drain Punch|p2a: Spectrier\n|-immune|p2a: Spectrier\n|\n|upkeep\n|turn|4\n|\n|t:|1732999821\n|switch|p1a: Emboar|Emboar, L84, F|322/322\n|move|p2a: Spectrier|Substitute|p2a: Spectrier\n|-start|p2a: Spectrier|Substitute\n|-damage|p2a: Spectrier|206/274\n|\n|-heal|p2a: Spectrier|223/274|[from] item: Leftovers\n|upkeep\n|turn|5\n|\n|t:|1732999825\n|move|p2a: Spectrier|Nasty Plot|p2a: Spectrier\n|-boost|p2a: Spectrier|spa|2\n|move|p1a: Emboar|Scald|p2a: Spectrier\n|-end|p2a: Spectrier|Substitute\n|\n|-heal|p2a: Spectrier|240/274|[from] item: Leftovers\n|upkeep\n|turn|6\n|\n|t:|1732999839\n|-terastallize|p2a: Spectrier|Fighting\n|move|p1a: Emboar|Sucker Punch|p2a: Spectrier\n|-resisted|p2a: Spectrier\n|-damage|p2a: Spectrier|200/274\n|move|p2a: Spectrier|Tera Blast|p1a: Emboar|[anim] Tera Blast Fighting\n|-damage|p1a: Emboar|157/322\n|\n|-heal|p2a: Spectrier|217/274|[from] item: Leftovers\n|upkeep\n|turn|7\n|\n|t:|1732999846\n|switch|p1a: Ditto|Ditto, L87|225/225\n|-transform|p1a: Ditto|p2a: Spectrier|[from] ability: Imposter\n|move|p2a: Spectrier|Tera Blast|p1a: Ditto|[anim] Tera Blast Fighting\n|-immune|p1a: Ditto\n|\n|-heal|p2a: Spectrier|234/274|[from] item: Leftovers\n|upkeep\n|-start|p1a: Ditto|typechange|Ghost|[silent]\n|turn|8\n|\n|t:|1732999859\n|move|p1a: Ditto|Shadow Ball|p2a: Spectrier\n|-damage|p2a: Spectrier|0 fnt\n|faint|p2a: Spectrier\n|-ability|p1a: Ditto|Grim Neigh|boost\n|-boost|p1a: Ditto|spa|1\n|\n|upkeep\n|\n|t:|1732999871\n|switch|p2a: Hitmonchan|Hitmonchan, L87, M|229/229\n|turn|9\n|\n|t:|1732999876\n|move|p1a: Ditto|Shadow Ball|p2a: Hitmonchan\n|-damage|p2a: Hitmonchan|13/229\n|move|p2a: Hitmonchan|Bulk Up|p2a: Hitmonchan\n|-boost|p2a: Hitmonchan|atk|1\n|-boost|p2a: Hitmonchan|def|1\n|\n|-heal|p2a: Hitmonchan|27/229|[from] item: Leftovers\n|upkeep\n|turn|10\n|c|\u2606owailorddavidareal|bro?\n|\n|t:|1732999887\n|move|p1a: Ditto|Shadow Ball|p2a: Hitmonchan\n|-damage|p2a: Hitmonchan|0 fnt\n|faint|p2a: Hitmonchan\n|-ability|p1a: Ditto|Grim Neigh|boost\n|-boost|p1a: Ditto|spa|1\n|\n|upkeep\n|\n|t:|1732999892\n|switch|p2a: Gallade|Gallade, L81, M|243/243\n|turn|11\n|\n|t:|1732999898\n|move|p1a: Ditto|Shadow Ball|p2a: Gallade\n|-supereffective|p2a: Gallade\n|-damage|p2a: Gallade|0 fnt\n|faint|p2a: Gallade\n|-ability|p1a: Ditto|Grim Neigh|boost\n|-boost|p1a: Ditto|spa|1\n|\n|upkeep\n|\n|t:|1732999903\n|switch|p2a: Groudon|Groudon, L72|263/263\n|-weather|SunnyDay|[from] ability: Drought|[of] p2a: Groudon\n|turn|12\n|\n|t:|1732999907\n|move|p1a: Ditto|Shadow Ball|p2a: Groudon\n|-damage|p2a: Groudon|0 fnt\n|faint|p2a: Groudon\n|-ability|p1a: Ditto|Grim Neigh|boost\n|-boost|p1a: Ditto|spa|1\n|\n|-weather|SunnyDay|[upkeep]\n|upkeep\n|c|\u2606owailorddavidareal|mamei 2000 aq.w\n|c|\u2606owailorddavidareal|aq.\n|-message|owailorddavidareal forfeited.\n|\n|win|SirEgoist\n|l|\u2606owailorddavidareal\n|player|p2|\n", "inputlog": ">version b107d77f5c90bd6555267ae244a6264823309ead\n>start {\"formatid\":\"gen9randombattle\",\"seed\":[30764,59522,61668,13504]}\n>player p1 {\"name\":\"SirEgoist\",\"avatar\":\"n\",\"rating\":0,\"seed\":[16822,48158,33387,5356]}\n>player p2 {\"name\":\"owailorddavidareal\",\"avatar\":\"sailor\",\"rating\":0,\"seed\":[8709,40665,59340,13258]}\n>p1 switch 4\n>p2 switch 3\n>p1 move drainpunch\n>p2 move swordsdance\n>p1 move drainpunch\n>p2 switch 6\n>p1 switch 2\n>p2 move substitute\n>p1 move scald\n>p2 move nastyplot\n>p1 move suckerpunch\n>p2 move terablast terastallize\n>p1 switch 2\n>p2 move terablast\n>p1 move shadowball\n>p2 move shadowball\n>p2 switch 2\n>p1 move shadowball\n>p2 move bulkup\n>chat \u2606owailorddavidareal|bro?\n>p1 move shadowball\n>p2 move knockoff\n>p2 switch 5\n>p1 move shadowball\n>p2 move nightslash\n>p2 switch 4\n>p1 move shadowball\n>p2 move heatcrash\n>chat \u2606SirEgoist|.\n>chat \u2606owailorddavidareal|mamei 2000 aq.w\n>chat \u2606owailorddavidareal|aq.\n>forcelose p2", "uploadtime": 1732999923, "views": 8, "formatid": "gen9randombattle", "rating": null, "private": 0, "password": null}