{"id": "gen9randombattle-2253816676", "format": "[Gen 9] Random Battle", "players": ["AERIS01", "Juscappin"], "log": "|j|\u2606AERIS01\n|j|\u2606Juscappin\n|t:|1732942758\n|gametype|singles\n|player|p1|AERIS01|266|1000\n|player|p2|Juscappin|265|1000\n|teamsize|p1|6\n|teamsize|p2|6\n|gen|9\n|tier|[Gen 9] Random Battle\n|rated|\n|rule|Species Clause: Limit one of each Pok\u00e9mon\n|rule|HP Percentage Mod: HP is shown in percentages\n|rule|Sleep Clause Mod: Limit one foe put to sleep\n|rule|Illusion Level Mod: Illusion disguises the Pok\u00e9mon's true level\n|\n|t:|1732942758\n|start\n|switch|p1a: Perrserker|Perrserker, L89, M|269/269\n|switch|p2a: Wigglytuff|Wigglytuff, L96, M|424/424\n|turn|1\n|\n|t:|1732942777\n|move|p2a: Wigglytuff|Thunder Wave|p1a: Perrserker\n|-status|p1a: Perrserker|par\n|move|p1a: Perrserker|Stealth Rock|p2a: Wigglytuff\n|-sidestart|p2: Juscappin|move: Stealth Rock\n|\n|upkeep\n|turn|2\n|\n|t:|1732942788\n|move|p2a: Wigglytuff|Alluring Voice|p1a: Perrserker\n|-resisted|p1a: Perrserker\n|-damage|p1a: Perrserker|207/269 par\n|move|p1a: Perrserker|Knock Off|p2a: Wigglytuff\n|-resisted|p2a: Wigglytuff\n|-damage|p2a: Wigglytuff|316/424\n|-enditem|p2a: Wigglytuff|Leftovers|[from] move: Knock Off|[of] p1a: Perrserker\n|-damage|p1a: Perrserker|181/269 par|[from] item: Life Orb\n|\n|upkeep\n|turn|3\n|\n|t:|1732942809\n|move|p2a: Wigglytuff|Fire Blast|p1a: Perrserker|[miss]\n|-miss|p2a: Wigglytuff|p1a: Perrserker\n|move|p1a: Perrserker|Iron Head|p2a: Wigglytuff\n|-supereffective|p2a: Wigglytuff\n|-damage|p2a: Wigglytuff|0 fnt\n|faint|p2a: Wigglytuff\n|-damage|p1a: Perrserker|155/269 par|[from] item: Life Orb\n|\n|upkeep\n|\n|t:|1732942815\n|switch|p2a: Incineroar|Incineroar, L82, M|290/290\n|-damage|p2a: Incineroar|218/290|[from] Stealth Rock\n|-ability|p2a: Incineroar|Intimidate|boost\n|-unboost|p1a: Perrserker|atk|1\n|turn|4\n|\n|t:|1732942823\n|switch|p1a: Altaria|Altaria, L88, M|275/275\n|move|p2a: Incineroar|Overheat|p1a: Altaria\n|-resisted|p1a: Altaria\n|-damage|p1a: Altaria|224/275\n|-unboost|p2a: Incineroar|spa|2\n|\n|upkeep\n|turn|5\n|\n|t:|1732942845\n|move|p1a: Altaria|Will-O-Wisp|p2a: Incineroar\n|-immune|p2a: Incineroar\n|move|p2a: Incineroar|Close Combat|p1a: Altaria\n|-resisted|p1a: Altaria\n|-damage|p1a: Altaria|179/275\n|-unboost|p2a: Incineroar|def|1\n|-unboost|p2a: Incineroar|spd|1\n|\n|upkeep\n|turn|6\n|\n|t:|1732942852\n|move|p1a: Altaria|Roost|p1a: Altaria\n|-heal|p1a: Altaria|275/275\n|-singleturn|p1a: Altaria|move: Roost\n|move|p2a: Incineroar|U-turn|p1a: Altaria\n|-damage|p1a: Altaria|227/275\n|\n|t:|1732942856\n|switch|p2a: Leafeon|Leafeon, L88, F|258/258|[from] U-turn\n|-damage|p2a: Leafeon|226/258|[from] Stealth Rock\n|\n|-heal|p2a: Leafeon|242/258|[from] item: Leftovers\n|upkeep\n|turn|7\n|\n|t:|1732942858\n|move|p2a: Leafeon|Swords Dance|p2a: Leafeon\n|-boost|p2a: Leafeon|atk|2\n|move|p1a: Altaria|Will-O-Wisp|p2a: Leafeon|[miss]\n|-miss|p1a: Altaria|p2a: Leafeon\n|\n|-heal|p2a: Leafeon|258/258|[from] item: Leftovers\n|upkeep\n|turn|8\n|\n|t:|1732942861\n|move|p2a: Leafeon|Swords Dance|p2a: Leafeon\n|-boost|p2a: Leafeon|atk|2\n|move|p1a: Altaria|Will-O-Wisp|p2a: Leafeon\n|-status|p2a: Leafeon|brn\n|\n|-damage|p2a: Leafeon|242/258 brn|[from] brn\n|upkeep\n|turn|9\n|\n|t:|1732942875\n|move|p2a: Leafeon|Leaf Blade|p1a: Altaria\n|-resisted|p1a: Altaria\n|-damage|p1a: Altaria|188/275\n|move|p1a: Altaria|Brave Bird|p2a: Leafeon\n|-supereffective|p2a: Leafeon\n|-damage|p2a: Leafeon|96/258 brn\n|-damage|p1a: Altaria|140/275|[from] Recoil\n|\n|-heal|p2a: Leafeon|112/258 brn|[from] item: Leftovers\n|-damage|p2a: Leafeon|96/258 brn|[from] brn\n|upkeep\n|turn|10\n|\n|t:|1732942880\n|move|p2a: Leafeon|Substitute|p2a: Leafeon\n|-start|p2a: Leafeon|Substitute\n|-damage|p2a: Leafeon|32/258 brn\n|move|p1a: Altaria|Brave Bird|p2a: Leafeon\n|-supereffective|p2a: Leafeon\n|-end|p2a: Leafeon|Substitute\n|-damage|p1a: Altaria|119/275|[from] Recoil|[of] p2a: Leafeon\n|\n|-heal|p2a: Leafeon|48/258 brn|[from] item: Leftovers\n|-damage|p2a: Leafeon|32/258 brn|[from] brn\n|upkeep\n|turn|11\n|\n|t:|1732942886\n|move|p2a: Leafeon|Swords Dance|p2a: Leafeon\n|-boost|p2a: Leafeon|atk|2\n|move|p1a: Altaria|Brave Bird|p2a: Leafeon\n|-supereffective|p2a: Leafeon\n|-damage|p2a: Leafeon|0 fnt\n|faint|p2a: Leafeon\n|-damage|p1a: Altaria|108/275|[from] Recoil\n|\n|upkeep\n|\n|t:|1732942890\n|switch|p2a: Lokix|Lokix, L82, F|251/251\n|-damage|p2a: Lokix|189/251|[from] Stealth Rock\n|turn|12\n|\n|t:|1732942898\n|move|p2a: Lokix|First Impression|p1a: Altaria\n|-resisted|p1a: Altaria\n|-damage|p1a: Altaria|8/275\n|move|p1a: Altaria|Will-O-Wisp|p2a: Lokix|[miss]\n|-miss|p1a: Altaria|p2a: Lokix\n|\n|upkeep\n|turn|13\n|\n|t:|1732942904\n|move|p2a: Lokix|Sucker Punch||[still]\n|-fail|p2a: Lokix\n|move|p1a: Altaria|Roost|p1a: Altaria\n|-heal|p1a: Altaria|146/275\n|-singleturn|p1a: Altaria|move: Roost\n|\n|upkeep\n|turn|14\n|\n|t:|1732942912\n|move|p2a: Lokix|First Impression||[still]\n|-hint|First Impression only works on your first turn out.\n|-fail|p2a: Lokix\n|move|p1a: Altaria|Will-O-Wisp|p2a: Lokix|[miss]\n|-miss|p1a: Altaria|p2a: Lokix\n|\n|upkeep\n|turn|15\n|\n|t:|1732942915\n|move|p2a: Lokix|Sucker Punch||[still]\n|-fail|p2a: Lokix\n|move|p1a: Altaria|Will-O-Wisp|p2a: Lokix\n|-status|p2a: Lokix|brn\n|\n|-damage|p2a: Lokix|174/251 brn|[from] brn\n|upkeep\n|turn|16\n|\n|t:|1732942932\n|move|p2a: Lokix|First Impression||[still]\n|-hint|First Impression only works on your first turn out.\n|-fail|p2a: Lokix\n|move|p1a: Altaria|Roost|p1a: Altaria\n|-heal|p1a: Altaria|275/275\n|-singleturn|p1a: Altaria|move: Roost\n|\n|-damage|p2a: Lokix|159/251 brn|[from] brn\n|upkeep\n|turn|17\n|\n|t:|1732942937\n|-terastallize|p2a: Lokix|Bug\n|move|p2a: Lokix|First Impression||[still]\n|-hint|First Impression only works on your first turn out.\n|-fail|p2a: Lokix\n|move|p1a: Altaria|Brave Bird|p2a: Lokix\n|-supereffective|p2a: Lokix\n|-damage|p2a: Lokix|0 fnt\n|faint|p2a: Lokix\n|-damage|p1a: Altaria|223/275|[from] Recoil\n|\n|upkeep\n|\n|t:|1732942941\n|switch|p2a: Dugtrio|Dugtrio, L84, M|196/196\n|-damage|p2a: Dugtrio|184/196|[from] Stealth Rock\n|turn|18\n|\n|t:|1732942945\n|move|p2a: Dugtrio|Sucker Punch||[still]\n|-fail|p2a: Dugtrio\n|move|p1a: Altaria|Will-O-Wisp|p2a: Dugtrio\n|-status|p2a: Dugtrio|brn\n|\n|-damage|p2a: Dugtrio|172/196 brn|[from] brn\n|upkeep\n|turn|19\n|\n|t:|1732942953\n|switch|p2a: Medicham|Medicham, L86, F|243/243\n|-damage|p2a: Medicham|228/243|[from] Stealth Rock\n|move|p1a: Altaria|Brave Bird|p2a: Medicham\n|-supereffective|p2a: Medicham\n|-damage|p2a: Medicham|0 fnt\n|faint|p2a: Medicham\n|-damage|p1a: Altaria|148/275|[from] Recoil\n|\n|upkeep\n|\n|t:|1732942955\n|switch|p2a: Dugtrio|Dugtrio, L84, M|172/196 brn\n|-damage|p2a: Dugtrio|160/196 brn|[from] Stealth Rock\n|turn|20\n|\n|t:|1732942958\n|move|p2a: Dugtrio|Sucker Punch||[still]\n|-fail|p2a: Dugtrio\n|move|p1a: Altaria|Roost|p1a: Altaria\n|-heal|p1a: Altaria|275/275\n|-singleturn|p1a: Altaria|move: Roost\n|\n|-damage|p2a: Dugtrio|148/196 brn|[from] brn\n|upkeep\n|turn|21\n|\n|t:|1732942959\n|move|p2a: Dugtrio|Sucker Punch|p1a: Altaria\n|-damage|p1a: Altaria|240/275\n|move|p1a: Altaria|Brave Bird|p2a: Dugtrio\n|-damage|p2a: Dugtrio|0 fnt\n|faint|p2a: Dugtrio\n|-damage|p1a: Altaria|191/275|[from] Recoil\n|\n|upkeep\n|\n|t:|1732942961\n|switch|p2a: Incineroar|Incineroar, L82, M|218/290\n|-damage|p2a: Incineroar|146/290|[from] Stealth Rock\n|-ability|p2a: Incineroar|Intimidate|boost\n|-unboost|p1a: Altaria|atk|1\n|turn|22\n|\n|t:|1732942964\n|move|p1a: Altaria|Brave Bird|p2a: Incineroar\n|-damage|p2a: Incineroar|79/290\n|-damage|p1a: Altaria|169/275|[from] Recoil\n|move|p2a: Incineroar|Close Combat|p1a: Altaria\n|-resisted|p1a: Altaria\n|-damage|p1a: Altaria|127/275\n|-unboost|p2a: Incineroar|def|1\n|-unboost|p2a: Incineroar|spd|1\n|\n|upkeep\n|turn|23\n|\n|t:|1732942966\n|move|p1a: Altaria|Roost|p1a: Altaria\n|-heal|p1a: Altaria|265/275\n|-singleturn|p1a: Altaria|move: Roost\n|move|p2a: Incineroar|Close Combat|p1a: Altaria\n|-damage|p1a: Altaria|178/275\n|-unboost|p2a: Incineroar|def|1\n|-unboost|p2a: Incineroar|spd|1\n|\n|upkeep\n|turn|24\n|\n|t:|1732942969\n|move|p1a: Altaria|Brave Bird|p2a: Incineroar\n|-damage|p2a: Incineroar|0 fnt\n|faint|p2a: Incineroar\n|-damage|p1a: Altaria|152/275|[from] Recoil\n|\n|win|AERIS01\n|raw|AERIS01's rating: 1000 &rarr; <strong>1040</strong><br />(+40 for winning)\n|raw|Juscappin's rating: 1000 &rarr; <strong>1000</strong><br />(+0 for losing)\n|l|\u2606Juscappin\n|player|p2|\n|n|\u2606AERIS01|aeris01\n|l|\u2606AERIS01\n|player|p1|\n|j|\u2606AERIS01\n|player|p1|AERIS01|hilbert|\n|l|\u2606AERIS01\n|player|p1|\n|j|\u2606AERIS01\n|player|p1|AERIS01|hilbert|\n|l|\u2606AERIS01\n|player|p1|\n|j|\u2606AERIS01\n|player|p1|AERIS01|hilbert|\n|l|\u2606AERIS01\n|player|p1|\n|j|\u2606aeris01\n|player|p1|aeris01|hilbert|\n|l|\u2606aeris01\n|player|p1|\n|j|\u2606aeris01\n|player|p1|aeris01|hilbert|\n|l|\u2606aeris01\n|player|p1|\n|j|\u2606aeris01\n|player|p1|aeris01|hilbert|\n|l|\u2606aeris01\n|player|p1|\n|j|\u2606aeris01\n|player|p1|aeris01|hilbert|\n", "inputlog": ">version b107d77f5c90bd6555267ae244a6264823309ead\n>start {\"formatid\":\"gen9randombattle\",\"seed\":[56748,6305,26770,45823],\"rated\":\"Rated battle\"}\n>player p1 {\"name\":\"AERIS01\",\"avatar\":\"266\",\"rating\":1000,\"seed\":[48148,41196,23360,44443]}\n>player p2 {\"name\":\"Juscappin\",\"avatar\":\"265\",\"rating\":1000,\"seed\":[9580,24704,45601,50659]}\n>p1 move stealthrock\n>p2 move thunderwave\n>p1 move knockoff\n>p2 move alluringvoice\n>p1 move ironhead\n>p2 move fireblast\n>p2 switch 6\n>p1 switch 5\n>p2 move overheat\n>p1 move willowisp\n>p2 move closecombat\n>p1 move roost\n>p2 move uturn\n>p2 switch 3\n>p1 move willowisp\n>p2 move swordsdance\n>p1 move willowisp\n>p2 move swordsdance\n>p1 move bravebird\n>p2 move leafblade\n>p1 move bravebird\n>p2 move substitute\n>p1 move bravebird\n>p2 move swordsdance\n>p2 switch 2\n>p1 move willowisp\n>p2 move firstimpression\n>p1 move roost\n>p2 move suckerpunch\n>p1 move willowisp\n>p2 move firstimpression\n>p1 move willowisp\n>p2 move suckerpunch\n>p1 move roost\n>p2 move firstimpression\n>p1 move bravebird\n>p2 move firstimpression terastallize\n>p2 switch 5\n>p1 move willowisp\n>p2 move suckerpunch\n>p1 move bravebird\n>p2 switch 4\n>p2 switch 4\n>p1 move roost\n>p2 move suckerpunch\n>p1 move bravebird\n>p2 move suckerpunch\n>p2 switch 3\n>p1 move bravebird\n>p2 move closecombat\n>p1 move roost\n>p2 move closecombat\n>p1 move bravebird\n>p2 move overheat", "uploadtime": 1732943873, "views": 22, "formatid": "gen9randombattle", "rating": 1000, "private": 0, "password": null}