{"id": "gen9randombattle-2254171336", "format": "[Gen 9] Random Battle", "players": ["Delta0199", "Swiftmal"], "log": "|j|\u2606Delta0199\n|j|\u2606Swiftmal\n|t:|1733000045\n|gametype|singles\n|player|p1|Delta0199|101|1235\n|player|p2|Swiftmal|265|1214\n|teamsize|p1|6\n|teamsize|p2|6\n|gen|9\n|tier|[Gen 9] Random Battle\n|rated|\n|rule|Species Clause: Limit one of each Pok\u00e9mon\n|rule|HP Percentage Mod: HP is shown in percentages\n|rule|Sleep Clause Mod: Limit one foe put to sleep\n|rule|Illusion Level Mod: Illusion disguises the Pok\u00e9mon's true level\n|\n|t:|1733000045\n|start\n|switch|p1a: Toxicroak|Toxicroak, L84, F|277/277\n|switch|p2a: Meowscarada|Meowscarada, L78, M|247/247\n|turn|1\n|\n|t:|1733000060\n|-terastallize|p2a: Meowscarada|Dark\n|move|p2a: Meowscarada|Toxic Spikes|p1a: Toxicroak\n|-sidestart|p1: Delta0199|move: Toxic Spikes\n|move|p1a: Toxicroak|Gunk Shot|p2a: Meowscarada\n|-damage|p2a: Meowscarada|20/247\n|-damage|p1a: Toxicroak|250/277|[from] item: Life Orb\n|\n|upkeep\n|turn|2\n|\n|t:|1733000073\n|switch|p1a: Ambipom|Ambipom, L84, F|263/263\n|-status|p1a: Ambipom|psn\n|move|p2a: Meowscarada|Triple Axel|p1a: Ambipom\n|-damage|p1a: Ambipom|246/263 psn\n|-damage|p1a: Ambipom|211/263 psn\n|-damage|p1a: Ambipom|157/263 psn\n|-hitcount|p1a: Ambipom|3\n|\n|-damage|p1a: Ambipom|125/263 psn|[from] psn\n|upkeep\n|turn|3\n|\n|t:|1733000085\n|move|p1a: Ambipom|Triple Axel|p2a: Meowscarada\n|-damage|p2a: Meowscarada|0 fnt\n|faint|p2a: Meowscarada\n|-hitcount|p2: Meowscarada|1\n|\n|-damage|p1a: Ambipom|93/263 psn|[from] psn\n|upkeep\n|\n|t:|1733000092\n|switch|p2a: Urshifu|Urshifu-Rapid-Strike, L75, M|274/274\n|turn|4\n|\n|t:|1733000100\n|move|p2a: Urshifu|U-turn|p1a: Ambipom\n|-damage|p1a: Ambipom|33/263 psn\n|\n|t:|1733000103\n|switch|p2a: Sandaconda|Sandaconda, L84, F|258/258|[from] U-turn\n|move|p1a: Ambipom|Triple Axel|p2a: Sandaconda\n|-supereffective|p2a: Sandaconda\n|-damage|p2a: Sandaconda|210/258\n|-supereffective|p2a: Sandaconda\n|-damage|p2a: Sandaconda|118/258\n|-supereffective|p2a: Sandaconda\n|-damage|p2a: Sandaconda|0 fnt\n|faint|p2a: Sandaconda\n|-hitcount|p2: Sandaconda|3\n|\n|-damage|p1a: Ambipom|1/263 psn|[from] psn\n|upkeep\n|\n|t:|1733000109\n|switch|p2a: Urshifu|Urshifu-Rapid-Strike, L75, M|274/274\n|turn|5\n|\n|t:|1733000113\n|move|p2a: Urshifu|Surging Strikes|p1a: Ambipom\n|-crit|p1a: Ambipom\n|-damage|p1a: Ambipom|0 fnt\n|faint|p1a: Ambipom\n|-hitcount|p1: Ambipom|1\n|\n|upkeep\n|\n|t:|1733000118\n|switch|p1a: Toxicroak|Toxicroak, L84, F|250/277\n|-sideend|p1: Delta0199|move: Toxic Spikes|[of] p1a: Toxicroak\n|turn|6\n|\n|t:|1733000129\n|move|p2a: Urshifu|Surging Strikes|p1a: Toxicroak\n|-heal|p1a: Toxicroak|277/277|[from] ability: Dry Skin|[of] p2a: Urshifu\n|move|p1a: Toxicroak|Knock Off|p2a: Urshifu\n|-resisted|p2a: Urshifu\n|-damage|p2a: Urshifu|229/274\n|-enditem|p2a: Urshifu|Choice Scarf|[from] move: Knock Off|[of] p1a: Toxicroak\n|-damage|p1a: Toxicroak|250/277|[from] item: Life Orb\n|\n|upkeep\n|turn|7\n|\n|t:|1733000137\n|switch|p2a: Vespiquen|Vespiquen, L98, F|296/296\n|-ability|p2a: Vespiquen|Pressure\n|move|p1a: Toxicroak|Swords Dance|p1a: Toxicroak\n|-boost|p1a: Toxicroak|atk|2\n|\n|upkeep\n|turn|8\n|\n|t:|1733000143\n|move|p1a: Toxicroak|Gunk Shot|p2a: Vespiquen\n|-damage|p2a: Vespiquen|37/296\n|-damage|p1a: Toxicroak|223/277|[from] item: Life Orb\n|move|p2a: Vespiquen|Hurricane|p1a: Toxicroak|[miss]\n|-miss|p2a: Vespiquen|p1a: Toxicroak\n|\n|upkeep\n|turn|9\n|-message|Swiftmal forfeited.\n|\n|win|Delta0199\n|raw|Delta0199's rating: 1235 &rarr; <strong>1258</strong><br />(+23 for winning)\n|raw|Swiftmal's rating: 1214 &rarr; <strong>1191</strong><br />(-23 for losing)\n|l|\u2606Swiftmal\n|player|p2|\n|c|\u2606Delta0199|Gg\n", "inputlog": ">version b107d77f5c90bd6555267ae244a6264823309ead\n>start {\"formatid\":\"gen9randombattle\",\"seed\":[35745,16682,15382,11294],\"rated\":\"Rated battle\"}\n>player p1 {\"name\":\"Delta0199\",\"avatar\":\"101\",\"rating\":1235,\"seed\":[14847,38453,59445,49949]}\n>player p2 {\"name\":\"Swiftmal\",\"avatar\":\"265\",\"rating\":1214,\"seed\":[47565,42989,37866,14393]}\n>p1 move gunkshot\n>p2 move toxicspikes terastallize\n>p1 switch 6\n>p2 move tripleaxel\n>p1 move tripleaxel\n>p2 move tripleaxel\n>p2 switch 5\n>p1 move tripleaxel\n>p2 move uturn\n>p2 switch 3\n>p2 switch 3\n>p1 move tripleaxel\n>p2 move surgingstrikes\n>p1 switch 6\n>p1 move knockoff\n>p2 move surgingstrikes\n>p1 move swordsdance\n>p2 switch 4\n>p1 move gunkshot\n>p2 move hurricane\n>forcelose p2", "uploadtime": 1733000159, "views": 10, "formatid": "gen9randombattle", "rating": 1191, "private": 0, "password": null}