{"id": "gen9randombattle-2254031525", "format": "[Gen 9] Random Battle", "players": ["Leohideki", "xndgoat"], "log": "|j|\u2606Leohideki\n|j|\u2606xndgoat\n|t:|1732982496\n|gametype|singles\n|player|p1|Leohideki|1|1041\n|player|p2|xndgoat|supernerd|1000\n|teamsize|p1|6\n|teamsize|p2|6\n|gen|9\n|tier|[Gen 9] Random Battle\n|rated|\n|rule|Species Clause: Limit one of each Pok\u00e9mon\n|rule|HP Percentage Mod: HP is shown in percentages\n|rule|Sleep Clause Mod: Limit one foe put to sleep\n|rule|Illusion Level Mod: Illusion disguises the Pok\u00e9mon's true level\n|\n|t:|1732982496\n|start\n|switch|p1a: Chandelure|Chandelure, L83, F|235/235\n|switch|p2a: Uxie|Uxie, L83|260/260\n|turn|1\n|\n|t:|1732982520\n|move|p1a: Chandelure|Trick|p2a: Uxie\n|-activate|p1a: Chandelure|move: Trick|[of] p2a: Uxie\n|-item|p2a: Uxie|Choice Scarf|[from] move: Trick\n|-item|p1a: Chandelure|Leftovers|[from] move: Trick\n|move|p2a: Uxie|Yawn|p1a: Chandelure\n|-start|p1a: Chandelure|move: Yawn|[of] p2a: Uxie\n|\n|upkeep\n|turn|2\n|\n|t:|1732982554\n|move|p2a: Uxie|Yawn||[still]\n|-fail|p2a: Uxie\n|move|p1a: Chandelure|Trick|p2a: Uxie\n|-activate|p1a: Chandelure|move: Trick|[of] p2a: Uxie\n|-item|p2a: Uxie|Leftovers|[from] move: Trick\n|-item|p1a: Chandelure|Choice Scarf|[from] move: Trick\n|\n|-end|p1a: Chandelure|move: Yawn|[silent]\n|-status|p1a: Chandelure|slp\n|upkeep\n|turn|3\n|\n|t:|1732982573\n|switch|p2a: Grimmsnarl|Grimmsnarl, L83, M|293/293\n|cant|p1a: Chandelure|slp\n|\n|upkeep\n|turn|4\n|\n|t:|1732982583\n|switch|p1a: Virizion|Virizion, L82|283/283\n|move|p2a: Grimmsnarl|Spirit Break|p1a: Virizion\n|-supereffective|p1a: Virizion\n|-damage|p1a: Virizion|55/283\n|-unboost|p1a: Virizion|spa|1\n|\n|upkeep\n|turn|5\n|\n|t:|1732982597\n|switch|p2a: Infernape|Infernape, L82, F|259/259\n|move|p1a: Virizion|Swords Dance|p1a: Virizion\n|-boost|p1a: Virizion|atk|2\n|\n|upkeep\n|turn|6\n|\n|t:|1732982615\n|move|p1a: Virizion|Swords Dance|p1a: Virizion\n|-boost|p1a: Virizion|atk|2\n|move|p2a: Infernape|Knock Off|p1a: Virizion\n|-resisted|p1a: Virizion\n|-damage|p1a: Virizion|4/283\n|-ability|p1a: Virizion|Justified|boost\n|-boost|p1a: Virizion|atk|1\n|-enditem|p1a: Virizion|Life Orb|[from] move: Knock Off|[of] p2a: Infernape\n|-damage|p2a: Infernape|234/259|[from] item: Life Orb\n|\n|upkeep\n|turn|7\n|\n|t:|1732982627\n|move|p2a: Infernape|Mach Punch|p1a: Virizion\n|-damage|p1a: Virizion|0 fnt\n|faint|p1a: Virizion\n|-damage|p2a: Infernape|209/259|[from] item: Life Orb\n|\n|upkeep\n|\n|t:|1732982635\n|switch|p1a: Chandelure|Chandelure, L83, F|235/235 slp\n|turn|8\n|\n|t:|1732982642\n|cant|p1a: Chandelure|slp\n|move|p2a: Infernape|Overheat|p1a: Chandelure\n|-start|p1a: Chandelure|ability: Flash Fire\n|\n|upkeep\n|turn|9\n|\n|t:|1732982651\n|switch|p2a: Grimmsnarl|Grimmsnarl, L83, M|293/293\n|-terastallize|p1a: Chandelure|Grass\n|cant|p1a: Chandelure|slp\n|\n|upkeep\n|turn|10\n|\n|t:|1732982663\n|-curestatus|p1a: Chandelure|slp|[msg]\n|move|p1a: Chandelure|Shadow Ball|p2a: Grimmsnarl\n|-resisted|p2a: Grimmsnarl\n|-damage|p2a: Grimmsnarl|230/293\n|move|p2a: Grimmsnarl|Spirit Break|p1a: Chandelure\n|-damage|p1a: Chandelure|144/235\n|-unboost|p1a: Chandelure|spa|1\n|\n|upkeep\n|turn|11\n|\n|t:|1732982678\n|switch|p2a: Infernape|Infernape, L82, F|209/259\n|move|p1a: Chandelure|Shadow Ball|p2a: Infernape\n|-damage|p2a: Infernape|110/259\n|\n|upkeep\n|turn|12\n|\n|t:|1732982687\n|move|p1a: Chandelure|Shadow Ball|p2a: Infernape\n|-damage|p2a: Infernape|13/259\n|move|p2a: Infernape|Overheat|p1a: Chandelure\n|-immune|p1a: Chandelure|[from] ability: Flash Fire\n|\n|upkeep\n|turn|13\n|\n|t:|1732982696\n|move|p2a: Infernape|Mach Punch|p1a: Chandelure\n|-damage|p1a: Chandelure|82/235\n|-damage|p2a: Infernape|0 fnt|[from] item: Life Orb\n|faint|p2a: Infernape\n|move|p1a: Chandelure|Shadow Ball|p2: Infernape|[notarget]\n|-fail|p1a: Chandelure\n|\n|upkeep\n|\n|t:|1732982705\n|switch|p2a: Uxie|Uxie, L83|260/260\n|turn|14\n|\n|t:|1732982713\n|move|p1a: Chandelure|Shadow Ball|p2a: Uxie\n|-supereffective|p2a: Uxie\n|-damage|p2a: Uxie|138/260\n|move|p2a: Uxie|Yawn|p1a: Chandelure\n|-start|p1a: Chandelure|move: Yawn|[of] p2a: Uxie\n|\n|-heal|p2a: Uxie|154/260|[from] item: Leftovers\n|upkeep\n|turn|15\n|\n|t:|1732982728\n|move|p1a: Chandelure|Shadow Ball|p2a: Uxie\n|-supereffective|p2a: Uxie\n|-damage|p2a: Uxie|32/260\n|move|p2a: Uxie|Stealth Rock|p1a: Chandelure\n|-sidestart|p1: Leohideki|move: Stealth Rock\n|\n|-heal|p2a: Uxie|48/260|[from] item: Leftovers\n|-end|p1a: Chandelure|move: Yawn|[silent]\n|-status|p1a: Chandelure|slp\n|upkeep\n|turn|16\n|\n|t:|1732982738\n|cant|p1a: Chandelure|slp\n|move|p2a: Uxie|Psychic Noise|p1a: Chandelure\n|-damage|p1a: Chandelure|22/235 slp\n|-start|p1a: Chandelure|move: Heal Block\n|\n|-heal|p2a: Uxie|64/260|[from] item: Leftovers\n|upkeep\n|turn|17\n|\n|t:|1732982749\n|cant|p1a: Chandelure|slp\n|move|p2a: Uxie|Psychic Noise|p1a: Chandelure\n|-damage|p1a: Chandelure|0 fnt\n|faint|p1a: Chandelure\n|\n|-heal|p2a: Uxie|80/260|[from] item: Leftovers\n|upkeep\n|\n|t:|1732982764\n|switch|p1a: Conkeldurr|Conkeldurr, L80, M|299/299\n|-damage|p1a: Conkeldurr|281/299|[from] Stealth Rock\n|turn|18\n|\n|t:|1732982775\n|move|p1a: Conkeldurr|Mach Punch|p2a: Uxie\n|-resisted|p2a: Uxie\n|-damage|p2a: Uxie|61/260\n|move|p2a: Uxie|Yawn|p1a: Conkeldurr\n|-start|p1a: Conkeldurr|move: Yawn|[of] p2a: Uxie\n|\n|-heal|p2a: Uxie|77/260|[from] item: Leftovers\n|-status|p1a: Conkeldurr|brn|[from] item: Flame Orb\n|upkeep\n|turn|19\n|\n|t:|1732982806\n|move|p1a: Conkeldurr|Mach Punch|p2a: Uxie\n|-resisted|p2a: Uxie\n|-damage|p2a: Uxie|50/260\n|move|p2a: Uxie|Psychic Noise|p1a: Conkeldurr\n|-supereffective|p1a: Conkeldurr\n|-damage|p1a: Conkeldurr|105/299 brn\n|-start|p1a: Conkeldurr|move: Heal Block\n|\n|-heal|p2a: Uxie|66/260|[from] item: Leftovers\n|-damage|p1a: Conkeldurr|87/299 brn|[from] brn\n|-end|p1a: Conkeldurr|move: Yawn|[silent]\n|upkeep\n|turn|20\n|\n|t:|1732982842\n|move|p1a: Conkeldurr|Mach Punch|p2a: Uxie\n|-resisted|p2a: Uxie\n|-damage|p2a: Uxie|35/260\n|move|p2a: Uxie|Psychic Noise|p1a: Conkeldurr\n|-supereffective|p1a: Conkeldurr\n|-damage|p1a: Conkeldurr|0 fnt\n|faint|p1a: Conkeldurr\n|\n|-heal|p2a: Uxie|51/260|[from] item: Leftovers\n|upkeep\n|l|\u2606Leohideki\n|player|p1|\n|c|\u2606xndgoat|Damn rage quit\n|inactive|Battle timer is ON: inactive players will automatically lose when time's up. (requested by xndgoat)\n|inactive|Leohideki has 30 seconds to reconnect!\n|inactive|Leohideki has 20 seconds to reconnect!\n|inactive|Leohideki has 15 seconds to reconnect!\n|inactive|Leohideki has 10 seconds to reconnect!\n|inactive|Leohideki has 5 seconds to reconnect!\n|-message|Leohideki lost due to inactivity.\n|\n|win|xndgoat\n|raw|Leohideki's rating: 1041 &rarr; <strong>1023</strong><br />(-18 for losing)\n|raw|xndgoat's rating: 1000 &rarr; <strong>1045</strong><br />(+45 for winning)\n", "inputlog": ">version b107d77f5c90bd6555267ae244a6264823309ead\n>start {\"formatid\":\"gen9randombattle\",\"seed\":[21309,53732,55675,9884],\"rated\":\"Rated battle\"}\n>player p1 {\"name\":\"Leohideki\",\"avatar\":\"1\",\"rating\":1041,\"seed\":[46647,4160,52484,33358]}\n>player p2 {\"name\":\"xndgoat\",\"avatar\":\"supernerd\",\"rating\":1000,\"seed\":[42173,44086,10114,58132]}\n>p1 move trick\n>p2 move yawn\n>p1 move trick\n>p2 move yawn\n>p1 move trick\n>p2 switch 4\n>p1 switch 2\n>p2 move spiritbreak\n>p1 move swordsdance\n>p2 switch 2\n>p1 move swordsdance\n>p2 move knockoff\n>p1 move swordsdance\n>p2 move machpunch\n>p1 switch 2\n>p1 move shadowball\n>p2 move overheat\n>p1 move shadowball terastallize\n>p2 switch 2\n>p1 move shadowball\n>p2 move spiritbreak\n>p1 move shadowball\n>p2 switch 2\n>p1 move shadowball\n>p2 move overheat\n>p1 move shadowball\n>p2 move machpunch\n>p2 switch 4\n>p1 move shadowball\n>p2 move yawn\n>p1 move shadowball\n>p2 move stealthrock\n>p1 move shadowball\n>p2 move psychicnoise\n>p1 move shadowball\n>p2 move psychicnoise\n>p1 switch 3\n>p1 move machpunch\n>p2 move yawn\n>p1 move machpunch\n>p2 move psychicnoise\n>p1 move machpunch\n>p2 move psychicnoise\n>chat \u2606xndgoat|Damn rage quit\n>forcelose p1", "uploadtime": 1732982980, "views": 10, "formatid": "gen9randombattle", "rating": 1023, "private": 0, "password": null}