{"id": "gen9randombattle-2253837658", "format": "[Gen 9] Random Battle", "players": ["BigBossJnack", "Gleepage"], "log": "|j|\u2606BigBossJnack\n|j|\u2606Gleepage\n|t:|1732946272\n|gametype|singles\n|player|p1|BigBossJnack|2|1988\n|player|p2|Gleepage|265|2003\n|teamsize|p1|6\n|teamsize|p2|6\n|gen|9\n|tier|[Gen 9] Random Battle\n|rated|\n|rule|Species Clause: Limit one of each Pok\u00e9mon\n|rule|HP Percentage Mod: HP is shown in percentages\n|rule|Sleep Clause Mod: Limit one foe put to sleep\n|rule|Illusion Level Mod: Illusion disguises the Pok\u00e9mon's true level\n|\n|t:|1732946272\n|start\n|switch|p1a: Rayquaza|Rayquaza, L72|270/270\n|switch|p2a: Honchkrow|Honchkrow, L86, F|312/312\n|-ability|p1a: Rayquaza|Air Lock\n|turn|1\n|inactive|Battle timer is ON: inactive players will automatically lose when time's up. (requested by Gleepage)\n|\n|t:|1732946286\n|move|p1a: Rayquaza|Swords Dance|p1a: Rayquaza\n|-boost|p1a: Rayquaza|atk|2\n|move|p2a: Honchkrow|Brave Bird|p1a: Rayquaza\n|-damage|p1a: Rayquaza|84/270\n|-damage|p2a: Honchkrow|251/312|[from] Recoil\n|\n|upkeep\n|turn|2\n|\n|t:|1732946292\n|move|p1a: Rayquaza|Extreme Speed|p2a: Honchkrow\n|-damage|p2a: Honchkrow|98/312\n|move|p2a: Honchkrow|Sucker Punch||[still]\n|-fail|p2a: Honchkrow\n|\n|upkeep\n|turn|3\n|\n|t:|1732946299\n|switch|p2a: Lucario|Lucario, L84, M|255/255\n|move|p1a: Rayquaza|Extreme Speed|p2a: Lucario\n|-resisted|p2a: Lucario\n|-damage|p2a: Lucario|180/255\n|\n|upkeep\n|turn|4\n|\n|t:|1732946305\n|switch|p1a: Corviknight|Corviknight, L80, F|288/288\n|move|p2a: Lucario|Flash Cannon|p1a: Corviknight\n|-resisted|p1a: Corviknight\n|-damage|p1a: Corviknight|222/288\n|-damage|p2a: Lucario|155/255|[from] item: Life Orb\n|\n|upkeep\n|turn|5\n|\n|t:|1732946312\n|move|p2a: Lucario|Focus Blast|p1a: Corviknight\n|-damage|p1a: Corviknight|14/288\n|-ability|p1a: Corviknight|Mirror Armor\n|-unboost|p2a: Lucario|spd|1\n|-damage|p2a: Lucario|130/255|[from] item: Life Orb\n|move|p1a: Corviknight|Body Press|p2a: Lucario\n|-supereffective|p2a: Lucario\n|-damage|p2a: Lucario|8/255\n|\n|upkeep\n|turn|6\n|\n|t:|1732946318\n|move|p2a: Lucario|Flash Cannon|p1a: Corviknight\n|-resisted|p1a: Corviknight\n|-damage|p1a: Corviknight|0 fnt\n|faint|p1a: Corviknight\n|-damage|p2a: Lucario|0 fnt|[from] item: Life Orb\n|faint|p2a: Lucario\n|\n|upkeep\n|\n|t:|1732946325\n|switch|p2a: Camerupt|Camerupt, L91, M|275/275\n|switch|p1a: Luvdisc|Luvdisc, M|247/247\n|turn|7\n|\n|t:|1732946329\n|move|p1a: Luvdisc|Whirlpool|p2a: Camerupt\n|-supereffective|p2a: Camerupt\n|-damage|p2a: Camerupt|185/275\n|-activate|p2a: Camerupt|move: Whirlpool|[of] p1a: Luvdisc\n|move|p2a: Camerupt|Stealth Rock|p1a: Luvdisc\n|-sidestart|p1: BigBossJnack|move: Stealth Rock\n|\n|-heal|p2a: Camerupt|202/275|[from] item: Leftovers\n|-damage|p2a: Camerupt|168/275|[from] move: Whirlpool|[partiallytrapped]\n|upkeep\n|turn|8\n|\n|t:|1732946331\n|move|p1a: Luvdisc|Surf|p2a: Camerupt\n|-supereffective|p2a: Camerupt\n|-damage|p2a: Camerupt|0 fnt\n|faint|p2a: Camerupt\n|\n|upkeep\n|\n|t:|1732946335\n|switch|p2a: Tatsugiri|Tatsugiri-Stretchy, L87, M|260/260\n|turn|9\n|\n|t:|1732946345\n|switch|p1a: Maushold|Maushold, L76|238/238\n|-damage|p1a: Maushold|209/238|[from] Stealth Rock\n|move|p2a: Tatsugiri|Rapid Spin|p1a: Maushold\n|-damage|p1a: Maushold|181/238\n|-boost|p2a: Tatsugiri|spe|1\n|\n|upkeep\n|turn|10\n|\n|t:|1732946355\n|switch|p1a: Rayquaza|Rayquaza, L72|84/270\n|-ability|p1a: Rayquaza|Air Lock\n|move|p2a: Tatsugiri|Draco Meteor|p1a: Rayquaza|[miss]\n|-miss|p2a: Tatsugiri|p1a: Rayquaza\n|\n|upkeep\n|turn|11\n|\n|t:|1732946364\n|-terastallize|p2a: Tatsugiri|Water\n|move|p1a: Rayquaza|Extreme Speed|p2a: Tatsugiri\n|-damage|p2a: Tatsugiri|179/260\n|move|p2a: Tatsugiri|Hydro Pump|p1a: Rayquaza\n|-resisted|p1a: Rayquaza\n|-damage|p1a: Rayquaza|0 fnt\n|faint|p1a: Rayquaza\n|\n|upkeep\n|\n|t:|1732946370\n|switch|p1a: Glastrier|Glastrier, L86|312/312\n|turn|12\n|\n|t:|1732946377\n|-terastallize|p1a: Glastrier|Fighting\n|move|p2a: Tatsugiri|Nasty Plot|p2a: Tatsugiri\n|-boost|p2a: Tatsugiri|spa|2\n|move|p1a: Glastrier|Close Combat|p2a: Tatsugiri\n|-damage|p2a: Tatsugiri|0 fnt\n|-unboost|p1a: Glastrier|def|1\n|-unboost|p1a: Glastrier|spd|1\n|faint|p2a: Tatsugiri\n|-ability|p1a: Glastrier|Chilling Neigh|boost\n|-boost|p1a: Glastrier|atk|1\n|\n|upkeep\n|\n|t:|1732946385\n|switch|p2a: Lugia|Lugia, L72|272/272\n|turn|13\n|\n|t:|1732946389\n|move|p2a: Lugia|Calm Mind|p2a: Lugia\n|-boost|p2a: Lugia|spa|1\n|-boost|p2a: Lugia|spd|1\n|move|p1a: Glastrier|Icicle Crash|p2a: Lugia\n|-supereffective|p2a: Lugia\n|-damage|p2a: Lugia|119/272\n|\n|upkeep\n|turn|14\n|\n|t:|1732946392\n|move|p2a: Lugia|Recover|p2a: Lugia\n|-heal|p2a: Lugia|255/272\n|move|p1a: Glastrier|Icicle Crash|p2a: Lugia\n|-supereffective|p2a: Lugia\n|-damage|p2a: Lugia|0 fnt\n|faint|p2a: Lugia\n|-ability|p1a: Glastrier|Chilling Neigh|boost\n|-boost|p1a: Glastrier|atk|1\n|\n|upkeep\n|\n|t:|1732946401\n|switch|p2a: Honchkrow|Honchkrow, L86, F|98/312\n|turn|15\n|\n|t:|1732946404\n|switch|p1a: Rampardos|Rampardos, L90, M|321/321\n|-damage|p1a: Rampardos|281/321|[from] Stealth Rock\n|move|p2a: Honchkrow|Brave Bird|p1a: Rampardos\n|-resisted|p1a: Rampardos\n|-damage|p1a: Rampardos|179/321\n|-damage|p2a: Honchkrow|64/312|[from] Recoil\n|\n|upkeep\n|turn|16\n|\n|t:|1732946410\n|move|p2a: Honchkrow|Sucker Punch|p1a: Rampardos\n|-damage|p1a: Rampardos|70/321\n|move|p1a: Rampardos|Rock Slide|p2a: Honchkrow\n|-supereffective|p2a: Honchkrow\n|-damage|p2a: Honchkrow|0 fnt\n|faint|p2a: Honchkrow\n|\n|upkeep\n|\n|t:|1732946413\n|switch|p2a: Regigigas|Regigigas, L84|322/322\n|-start|p2a: Regigigas|ability: Slow Start\n|turn|17\n|\n|t:|1732946417\n|switch|p1a: Maushold|Maushold, L76|181/238\n|-damage|p1a: Maushold|152/238|[from] Stealth Rock\n|move|p2a: Regigigas|Knock Off|p1a: Maushold\n|-damage|p1a: Maushold|83/238\n|-enditem|p1a: Maushold|Wide Lens|[from] move: Knock Off|[of] p2a: Regigigas\n|\n|upkeep\n|turn|18\n|\n|t:|1732946425\n|move|p1a: Maushold|Population Bomb|p2a: Regigigas\n|-damage|p2a: Regigigas|303/322\n|-damage|p2a: Regigigas|284/322\n|-damage|p2a: Regigigas|265/322\n|-damage|p2a: Regigigas|247/322\n|-damage|p2a: Regigigas|228/322\n|-damage|p2a: Regigigas|209/322\n|-hitcount|p2a: Regigigas|6\n|move|p2a: Regigigas|Body Slam|p1a: Maushold\n|-damage|p1a: Maushold|0 fnt\n|faint|p1a: Maushold\n|\n|-heal|p2a: Regigigas|229/322|[from] item: Leftovers\n|upkeep\n|\n|t:|1732946434\n|switch|p1a: Glastrier|Glastrier, L86, tera:Fighting|312/312\n|turn|19\n|\n|t:|1732946438\n|move|p2a: Regigigas|Protect|p2a: Regigigas\n|-singleturn|p2a: Regigigas|Protect\n|move|p1a: Glastrier|Close Combat|p2a: Regigigas\n|-activate|p2a: Regigigas|move: Protect\n|\n|-heal|p2a: Regigigas|249/322|[from] item: Leftovers\n|upkeep\n|turn|20\n|\n|t:|1732946440\n|move|p2a: Regigigas|Substitute|p2a: Regigigas\n|-start|p2a: Regigigas|Substitute\n|-damage|p2a: Regigigas|169/322\n|move|p1a: Glastrier|Close Combat|p2a: Regigigas\n|-supereffective|p2a: Regigigas\n|-end|p2a: Regigigas|Substitute\n|-unboost|p1a: Glastrier|def|1\n|-unboost|p1a: Glastrier|spd|1\n|\n|-heal|p2a: Regigigas|189/322|[from] item: Leftovers\n|upkeep\n|turn|21\n|\n|t:|1732946444\n|move|p2a: Regigigas|Protect|p2a: Regigigas\n|-singleturn|p2a: Regigigas|Protect\n|move|p1a: Glastrier|Close Combat|p2a: Regigigas\n|-activate|p2a: Regigigas|move: Protect\n|\n|-heal|p2a: Regigigas|209/322|[from] item: Leftovers\n|-end|p2a: Regigigas|Slow Start\n|upkeep\n|turn|22\n|\n|t:|1732946446\n|move|p2a: Regigigas|Substitute|p2a: Regigigas\n|-start|p2a: Regigigas|Substitute\n|-damage|p2a: Regigigas|129/322\n|move|p1a: Glastrier|Close Combat|p2a: Regigigas\n|-supereffective|p2a: Regigigas\n|-end|p2a: Regigigas|Substitute\n|-unboost|p1a: Glastrier|def|1\n|-unboost|p1a: Glastrier|spd|1\n|\n|-heal|p2a: Regigigas|149/322|[from] item: Leftovers\n|upkeep\n|turn|23\n|\n|t:|1732946450\n|switch|p1a: Rampardos|Rampardos, L90, M|70/321\n|-damage|p1a: Rampardos|30/321|[from] Stealth Rock\n|move|p2a: Regigigas|Protect||[still]\n|-fail|p2a: Regigigas\n|\n|-heal|p2a: Regigigas|169/322|[from] item: Leftovers\n|upkeep\n|turn|24\n|\n|t:|1732946453\n|move|p1a: Rampardos|Head Smash|p2a: Regigigas\n|-damage|p2a: Regigigas|0 fnt\n|faint|p2a: Regigigas\n|-end|p2a: Regigigas|Slow Start|[silent]\n|-damage|p1a: Rampardos|0 fnt|[from] Recoil\n|faint|p1a: Rampardos\n|\n|win|BigBossJnack\n|raw|BigBossJnack's rating: 1988 &rarr; <strong>2009</strong><br />(+21 for winning)\n|raw|Gleepage's rating: 2003 &rarr; <strong>1982</strong><br />(-21 for losing)\n|l|\u2606Gleepage\n|player|p2|\n", "inputlog": ">version b107d77f5c90bd6555267ae244a6264823309ead\n>start {\"formatid\":\"gen9randombattle\",\"seed\":[44940,60079,51222,14651],\"rated\":\"Rated battle\"}\n>player p1 {\"name\":\"BigBossJnack\",\"avatar\":\"2\",\"rating\":1988,\"seed\":[58250,10513,1361,8684]}\n>player p2 {\"name\":\"Gleepage\",\"avatar\":\"265\",\"rating\":2003,\"seed\":[3947,64420,4689,55462]}\n>p1 move swordsdance\n>p2 move bravebird\n>p1 move extremespeed\n>p2 move suckerpunch\n>p1 move extremespeed\n>p2 switch 3\n>p1 switch 3\n>p2 move flashcannon\n>p1 move bodypress\n>p2 move focusblast\n>p1 move roost\n>p2 move flashcannon\n>p1 switch 2\n>p2 switch 4\n>p1 move whirlpool\n>p2 move stealthrock\n>p1 move surf\n>p2 move roar\n>p2 switch 2\n>p1 switch 6\n>p2 move rapidspin\n>p1 switch 3\n>p2 move dracometeor\n>p1 move extremespeed\n>p2 move hydropump terastallize\n>p1 switch 5\n>p1 move closecombat terastallize\n>p2 move nastyplot\n>p2 switch 5\n>p1 move iciclecrash\n>p2 move calmmind\n>p1 move iciclecrash\n>p2 move recover\n>p2 switch 3\n>p1 switch 4\n>p2 move bravebird\n>p1 move rockslide\n>p2 move suckerpunch\n>p2 switch 6\n>p1 switch 3\n>p2 move knockoff\n>p1 move populationbomb\n>p2 move bodyslam\n>p1 switch 4\n>p1 move closecombat\n>p2 move protect\n>p1 move closecombat\n>p2 move substitute\n>p1 move closecombat\n>p2 move protect\n>p1 move closecombat\n>p2 move substitute\n>p1 switch 3\n>p2 move protect\n>p1 move headsmash\n>p2 move knockoff", "uploadtime": 1732946456, "views": 1, "formatid": "gen9randombattle", "rating": 1982, "private": 0, "password": null}