{"id": "gen9randombattle-2254111721", "format": "[Gen 9] Random Battle", "players": ["loudcoringrp", "krillindagoat"], "log": "|j|\u2606loudcoringrp\n|j|\u2606krillindagoat\n|t:|1732992647\n|gametype|singles\n|player|p1|loudcoringrp|101|1091\n|player|p2|krillindagoat|265|1081\n|teamsize|p1|6\n|teamsize|p2|6\n|gen|9\n|tier|[Gen 9] Random Battle\n|rated|\n|rule|Species Clause: Limit one of each Pok\u00e9mon\n|rule|HP Percentage Mod: HP is shown in percentages\n|rule|Sleep Clause Mod: Limit one foe put to sleep\n|rule|Illusion Level Mod: Illusion disguises the Pok\u00e9mon's true level\n|\n|t:|1732992647\n|start\n|switch|p1a: Gothitelle|Gothitelle, L90, M|272/272\n|switch|p2a: Dedenne|Dedenne, L88, F|261/261\n|turn|1\n|\n|t:|1732992657\n|move|p2a: Dedenne|Super Fang|p1a: Gothitelle\n|-damage|p1a: Gothitelle|136/272\n|move|p1a: Gothitelle|Calm Mind|p1a: Gothitelle\n|-boost|p1a: Gothitelle|spa|1\n|-boost|p1a: Gothitelle|spd|1\n|\n|-heal|p1a: Gothitelle|153/272|[from] item: Leftovers\n|upkeep\n|turn|2\n|\n|t:|1732992681\n|move|p2a: Dedenne|Super Fang|p1a: Gothitelle\n|-damage|p1a: Gothitelle|77/272\n|move|p1a: Gothitelle|Psychic Noise|p2a: Dedenne\n|-damage|p2a: Dedenne|102/261\n|-start|p2a: Dedenne|move: Heal Block\n|\n|-heal|p1a: Gothitelle|94/272|[from] item: Leftovers\n|upkeep\n|turn|3\n|\n|t:|1732992708\n|move|p2a: Dedenne|U-turn|p1a: Gothitelle\n|-supereffective|p1a: Gothitelle\n|-damage|p1a: Gothitelle|30/272\n|\n|t:|1732992717\n|switch|p2a: Houndoom|Houndoom, L87, F|272/272|[from] U-turn\n|move|p1a: Gothitelle|Psychic Noise|p2a: Houndoom\n|-immune|p2a: Houndoom\n|\n|-heal|p1a: Gothitelle|47/272|[from] item: Leftovers\n|upkeep\n|turn|4\n|\n|t:|1732992727\n|move|p2a: Houndoom|Dark Pulse|p1a: Gothitelle\n|-supereffective|p1a: Gothitelle\n|-damage|p1a: Gothitelle|0 fnt\n|faint|p1a: Gothitelle\n|\n|upkeep\n|\n|t:|1732992740\n|switch|p1a: Lycanroc|Lycanroc-Dusk, L80, M|251/251\n|turn|5\n|\n|t:|1732992754\n|switch|p2a: Dedenne|Dedenne, L88, F|102/261\n|-enditem|p2a: Dedenne|Sitrus Berry|[eat]\n|-heal|p2a: Dedenne|167/261|[from] item: Sitrus Berry\n|-heal|p2a: Dedenne|254/261|[from] ability: Cheek Pouch\n|move|p1a: Lycanroc|Close Combat|p2a: Dedenne\n|-resisted|p2a: Dedenne\n|-damage|p2a: Dedenne|147/261\n|-unboost|p1a: Lycanroc|def|1\n|-unboost|p1a: Lycanroc|spd|1\n|\n|upkeep\n|turn|6\n|\n|t:|1732992799\n|switch|p1a: Grimmsnarl|Grimmsnarl, L83, M|293/293\n|move|p2a: Dedenne|Thunderbolt|p1a: Grimmsnarl\n|-damage|p1a: Grimmsnarl|182/293\n|\n|upkeep\n|turn|7\n|\n|t:|1732992814\n|move|p1a: Grimmsnarl|Light Screen|p1a: Grimmsnarl\n|-sidestart|p1: loudcoringrp|move: Light Screen\n|move|p2a: Dedenne|Dazzling Gleam|p1a: Grimmsnarl\n|-supereffective|p1a: Grimmsnarl\n|-damage|p1a: Grimmsnarl|92/293\n|\n|upkeep\n|turn|8\n|\n|t:|1732992880\n|move|p2a: Dedenne|Dazzling Gleam|p1a: Grimmsnarl\n|-supereffective|p1a: Grimmsnarl\n|-damage|p1a: Grimmsnarl|1/293\n|move|p1a: Grimmsnarl|Spirit Break|p2a: Dedenne\n|-damage|p2a: Dedenne|23/261\n|-unboost|p2a: Dedenne|spa|1\n|\n|upkeep\n|turn|9\n|\n|t:|1732992902\n|switch|p1a: Toxtricity|Toxtricity, L82, F|257/257\n|move|p2a: Dedenne|U-turn|p1a: Toxtricity\n|-resisted|p1a: Toxtricity\n|-damage|p1a: Toxtricity|234/257\n|\n|t:|1732992914\n|switch|p2a: Iron Leaves|Iron Leaves, L80|275/275|[from] U-turn\n|\n|upkeep\n|turn|10\n|\n|t:|1732992930\n|move|p2a: Iron Leaves|Psyblade|p1a: Toxtricity\n|-supereffective|p1a: Toxtricity\n|-damage|p1a: Toxtricity|0 fnt\n|faint|p1a: Toxtricity\n|-damage|p2a: Iron Leaves|248/275|[from] item: Life Orb\n|\n|upkeep\n|\n|t:|1732992937\n|switch|p1a: Grimmsnarl|Grimmsnarl, L83, M|1/293\n|turn|11\n|\n|t:|1732992965\n|move|p1a: Grimmsnarl|Reflect|p1a: Grimmsnarl\n|-sidestart|p1: loudcoringrp|Reflect\n|move|p2a: Iron Leaves|Leaf Blade|p1a: Grimmsnarl\n|-damage|p1a: Grimmsnarl|0 fnt\n|faint|p1a: Grimmsnarl\n|-damage|p2a: Iron Leaves|221/275|[from] item: Life Orb\n|\n|upkeep\n|\n|t:|1732992975\n|switch|p1a: Armarouge|Armarouge, L80, F|267/267\n|turn|12\n|\n|t:|1732992992\n|-end|p2a: Iron Leaves|Quark Drive|[silent]\n|switch|p2a: Dedenne|Dedenne, L88, F|23/261\n|move|p1a: Armarouge|Meteor Beam||[still]\n|-prepare|p1a: Armarouge|Meteor Beam\n|-boost|p1a: Armarouge|spa|1\n|-enditem|p1a: Armarouge|Power Herb\n|-anim|p1a: Armarouge|Meteor Beam|p2a: Dedenne\n|-damage|p2a: Dedenne|0 fnt\n|faint|p2a: Dedenne\n|\n|upkeep\n|\n|t:|1732993006\n|switch|p2a: Weezing|Weezing, L88, F|258/258\n|turn|13\n|\n|t:|1732993023\n|move|p1a: Armarouge|Psyshock|p2a: Weezing\n|-supereffective|p2a: Weezing\n|-damage|p2a: Weezing|54/258\n|move|p2a: Weezing|Toxic Spikes|p1a: Armarouge\n|-sidestart|p1: loudcoringrp|move: Toxic Spikes\n|\n|-heal|p2a: Weezing|70/258|[from] item: Leftovers\n|upkeep\n|turn|14\n|\n|t:|1732993035\n|move|p1a: Armarouge|Psyshock|p2a: Weezing\n|-supereffective|p2a: Weezing\n|-damage|p2a: Weezing|0 fnt\n|faint|p2a: Weezing\n|\n|-sideend|p1: loudcoringrp|move: Light Screen\n|upkeep\n|\n|t:|1732993038\n|switch|p2a: Houndoom|Houndoom, L87, F|272/272\n|turn|15\n|c|\u2606loudcoringrp|no bro\n|\n|t:|1732993059\n|-terastallize|p1a: Armarouge|Grass\n|move|p2a: Houndoom|Dark Pulse|p1a: Armarouge\n|-damage|p1a: Armarouge|147/267\n|move|p1a: Armarouge|Energy Ball|p2a: Houndoom\n|-resisted|p2a: Houndoom\n|-damage|p2a: Houndoom|194/272\n|\n|upkeep\n|turn|16\n|\n|t:|1732993070\n|move|p2a: Houndoom|Sludge Bomb|p1a: Armarouge\n|-supereffective|p1a: Armarouge\n|-damage|p1a: Armarouge|0 fnt\n|faint|p1a: Armarouge\n|\n|upkeep\n|c|\u2606krillindagoat|yes\n|c|\u2606krillindagoat|twat\n|\n|t:|1732993078\n|switch|p1a: Cacturne|Cacturne, L92, F|278/278\n|-status|p1a: Cacturne|psn\n|turn|17\n|\n|t:|1732993088\n|move|p2a: Houndoom|Fire Blast|p1a: Cacturne|[miss]\n|-miss|p2a: Houndoom|p1a: Cacturne\n|move|p1a: Cacturne|Spikes|p2a: Houndoom\n|-sidestart|p2: krillindagoat|Spikes\n|\n|-damage|p1a: Cacturne|244/278 psn|[from] psn\n|upkeep\n|turn|18\n|\n|t:|1732993107\n|move|p1a: Cacturne|Sucker Punch|p2a: Houndoom\n|-resisted|p2a: Houndoom\n|-damage|p2a: Houndoom|106/272\n|-damage|p1a: Cacturne|217/278 psn|[from] item: Life Orb\n|move|p2a: Houndoom|Fire Blast|p1a: Cacturne\n|-supereffective|p1a: Cacturne\n|-damage|p1a: Cacturne|0 fnt\n|faint|p1a: Cacturne\n|\n|-sideend|p1: loudcoringrp|Reflect\n|upkeep\n|\n|t:|1732993116\n|switch|p1a: Lycanroc|Lycanroc-Dusk, L80, M|251/251\n|-status|p1a: Lycanroc|psn\n|turn|19\n|\n|t:|1732993124\n|move|p2a: Houndoom|Sucker Punch|p1a: Lycanroc\n|-damage|p1a: Lycanroc|154/251 psn\n|move|p1a: Lycanroc|Throat Chop|p2a: Houndoom\n|-resisted|p2a: Houndoom\n|-damage|p2a: Houndoom|17/272\n|-start|p2a: Houndoom|Throat Chop|[silent]\n|\n|-damage|p1a: Lycanroc|123/251 psn|[from] psn\n|upkeep\n|turn|20\n|\n|t:|1732993131\n|move|p2a: Houndoom|Sucker Punch|p1a: Lycanroc\n|-damage|p1a: Lycanroc|32/251 psn\n|move|p1a: Lycanroc|Throat Chop|p2a: Houndoom\n|-resisted|p2a: Houndoom\n|-damage|p2a: Houndoom|0 fnt\n|faint|p2a: Houndoom\n|\n|-damage|p1a: Lycanroc|1/251 psn|[from] psn\n|upkeep\n|c|\u2606loudcoringrp|gg\n|c|\u2606krillindagoat|ggez\n|\n|t:|1732993138\n|switch|p2a: Scyther|Scyther, L82, F|249/249\n|turn|21\n|c|\u2606loudcoringrp|ez -\n|c|\u2606loudcoringrp|dumb\n|c|\u2606loudcoringrp|dumb\n|c|\u2606loudcoringrp|vc e burro\n|c|\u2606loudcoringrp|filho da puta\n|c|\u2606loudcoringrp|vadia arrombado\n|c|\u2606krillindagoat|ahahaha\n|c|\u2606krillindagoat|stay mad\n|c|\u2606loudcoringrp|mama meu pau\n|c|\u2606loudcoringrp|seu sem pau\n|c|\u2606loudcoringrp|vadia\n|c|\u2606krillindagoat|stay mad\n|c|\u2606loudcoringrp|agora vc vai esperar\n|c|\u2606loudcoringrp|arrombado\n|c|\u2606krillindagoat|sweet we wait\n|inactive|Battle timer is ON: inactive players will automatically lose when time's up. (requested by krillindagoat)\n|c|\u2606krillindagoat|zzzzzzzzzzzzz\n|c|\u2606loudcoringrp|translates into Brazilian Portuguese\n|c|\u2606krillindagoat|lol\n|c|\u2606krillindagoat|cant even google right\n|inactive|loudcoringrp has 120 seconds left.\n|c|\u2606loudcoringrp|lol e meu ovo esquerdo\n|c|\u2606krillindagoat|no wonder you elected a facist\n|c|\u2606loudcoringrp|facista e seu pai seu gay arrombado\n|n|!loudcoringrp|loudcoringrp\n|inactive|loudcoringrp has 90 seconds left.\n|\n|t:|1732993328\n|-terastallize|p2a: Scyther|Fighting\n|move|p1a: Lycanroc|Throat Chop|p2a: Scyther\n|-resisted|p2a: Scyther\n|-damage|p2a: Scyther|180/249\n|-start|p2a: Scyther|Throat Chop|[silent]\n|move|p2a: Scyther|Close Combat|p1a: Lycanroc\n|-supereffective|p1a: Lycanroc\n|-damage|p1a: Lycanroc|0 fnt\n|-unboost|p2a: Scyther|def|1\n|-unboost|p2a: Scyther|spd|1\n|faint|p1a: Lycanroc\n|\n|win|krillindagoat\n", "inputlog": ">version b107d77f5c90bd6555267ae244a6264823309ead\n>start {\"formatid\":\"gen9randombattle\",\"seed\":[45130,4904,11695,7393],\"rated\":\"Rated battle\"}\n>player p1 {\"name\":\"loudcoringrp\",\"avatar\":\"101\",\"rating\":1091,\"seed\":[49533,29988,37381,46883]}\n>player p2 {\"name\":\"krillindagoat\",\"avatar\":\"265\",\"rating\":1081,\"seed\":[43792,18103,49432,54190]}\n>p1 move calmmind\n>p2 move superfang\n>p1 move psychicnoise\n>p2 move superfang\n>p1 move psychicnoise\n>p2 move uturn\n>p2 switch 3\n>p1 move focusblast\n>p2 move darkpulse\n>p1 switch 3\n>p1 move closecombat\n>p2 switch 3\n>p1 switch 4\n>p2 move thunderbolt\n>p1 move lightscreen\n>p2 move dazzlinggleam\n>p1 move spiritbreak\n>p2 move dazzlinggleam\n>p1 switch 5\n>p2 move uturn\n>p2 switch 5\n>p1 move sludgewave\n>p2 move psyblade\n>p1 switch 5\n>p1 move reflect\n>p2 move leafblade\n>p1 switch 6\n>p1 move meteorbeam\n>p2 switch 5\n>p2 switch 2\n>p1 move psyshock\n>p2 move toxicspikes\n>p1 move psyshock\n>p2 move toxicspikes\n>p2 switch 3\n>chat \u2606loudcoringrp|no bro\n>p1 move energyball terastallize\n>p2 move darkpulse\n>p1 move armorcannon\n>p2 move sludgebomb\n>chat \u2606krillindagoat|yes\n>chat \u2606krillindagoat|twat\n>p1 switch 2\n>p1 move spikes\n>p2 move fireblast\n>p1 move suckerpunch\n>p2 move fireblast\n>p1 switch 4\n>p1 move throatchop\n>p2 move suckerpunch\n>p1 move throatchop\n>p2 move suckerpunch\n>chat \u2606loudcoringrp|gg\n>chat \u2606krillindagoat|ggez\n>p2 switch 6\n>chat \u2606loudcoringrp|ez -\n>chat \u2606loudcoringrp|dumb\n>chat \u2606loudcoringrp|dumb\n>chat \u2606loudcoringrp|vc e burro\n>chat \u2606loudcoringrp|filho da puta\n>chat \u2606loudcoringrp|vadia arrombado\n>chat \u2606krillindagoat|ahahaha\n>chat \u2606krillindagoat|stay mad\n>chat \u2606loudcoringrp|mama meu pau\n>chat \u2606loudcoringrp|seu sem pau\n>chat \u2606loudcoringrp|vadia\n>chat \u2606krillindagoat|stay mad\n>chat \u2606loudcoringrp|agora vc vai esperar\n>chat \u2606loudcoringrp|arrombado\n>chat \u2606krillindagoat|sweet we wait\n>chat \u2606krillindagoat|zzzzzzzzzzzzz\n>chat \u2606loudcoringrp|translates into Brazilian Portuguese\n>chat \u2606krillindagoat|lol\n>chat \u2606krillindagoat|cant even google right\n>chat \u2606loudcoringrp|lol e meu ovo esquerdo\n>chat \u2606krillindagoat|no wonder you elected a facist\n>chat \u2606loudcoringrp|facista e seu pai seu gay arrombado\n>chat \u2606loudcoringrp|fuck you\n>p1 move throatchop\n>p2 move closecombat terastallize", "uploadtime": 1732993182, "views": 1, "formatid": "gen9randombattle", "rating": null, "private": 0, "password": null}