{"id": "gen9randombattle-2253994325", "format": "[Gen 9] Random Battle", "players": ["gimgie", "Not gimgie"], "log": "|j|\u2606gimgie\n|j|\u2606Not gimgie\n|t:|1732977239\n|gametype|singles\n|player|p1|gimgie|265|\n|player|p2|Not gimgie|delinquent|\n|teamsize|p1|6\n|teamsize|p2|6\n|gen|9\n|tier|[Gen 9] Random Battle\n|rule|Species Clause: Limit one of each Pok\u00e9mon\n|rule|HP Percentage Mod: HP is shown in percentages\n|rule|Sleep Clause Mod: Limit one foe put to sleep\n|rule|Illusion Level Mod: Illusion disguises the Pok\u00e9mon's true level\n|\n|t:|1732977239\n|start\n|switch|p1a: Houndoom|Houndoom, L87, M|272/272\n|switch|p2a: Dragalge|Dragalge, L88, M|258/258\n|turn|1\n|l|\u2606gimgie\n|player|p1|\n|j|\u2606gimgie\n|player|p1|gimgie|265|\n|c|\u2606Not gimgie|same\n|c|\u2606gimgie|HAHA\n|c|\u2606gimgie|i j wanna win\n|c|\u2606gimgie|and leace\n|\n|t:|1732977258\n|move|p1a: Houndoom|Fire Blast|p2a: Dragalge\n|-resisted|p2a: Dragalge\n|-damage|p2a: Dragalge|206/258\n|move|p2a: Dragalge|Draco Meteor|p1a: Houndoom\n|-damage|p1a: Houndoom|0 fnt\n|-unboost|p2a: Dragalge|spa|2\n|faint|p1a: Houndoom\n|\n|upkeep\n|c|\u2606gimgie|A\n|\n|t:|1732977267\n|switch|p1a: Delphox|Delphox, L84, F|263/263\n|turn|2\n|\n|t:|1732977278\n|switch|p2a: Palkia|Palkia, L75|259/259\n|-ability|p2a: Palkia|Pressure\n|move|p1a: Delphox|Nasty Plot|p1a: Delphox\n|-boost|p1a: Delphox|spa|2\n|\n|upkeep\n|turn|3\n|\n|t:|1732977285\n|-terastallize|p1a: Delphox|Psychic\n|move|p2a: Palkia|Hydro Pump|p1a: Delphox\n|-damage|p1a: Delphox|149/263\n|move|p1a: Delphox|Psyshock|p2a: Palkia\n|-damage|p2a: Palkia|0 fnt\n|faint|p2a: Palkia\n|\n|upkeep\n|\n|t:|1732977297\n|switch|p2a: Thundurus|Thundurus-Therian, L80, M|258/258\n|turn|4\n|\n|t:|1732977311\n|move|p1a: Delphox|Psyshock|p2a: Thundurus\n|-crit|p2a: Thundurus\n|-damage|p2a: Thundurus|0 fnt\n|faint|p2a: Thundurus\n|\n|upkeep\n|\n|t:|1732977321\n|switch|p2a: Torkoal|Torkoal, L88, F|266/266\n|-weather|SunnyDay|[from] ability: Drought|[of] p2a: Torkoal\n|turn|5\n|\n|t:|1732977332\n|move|p1a: Delphox|Psyshock|p2a: Torkoal\n|-damage|p2a: Torkoal|100/266\n|move|p2a: Torkoal|Lava Plume|p1a: Delphox\n|-damage|p1a: Delphox|35/263\n|-status|p1a: Delphox|brn\n|\n|-weather|SunnyDay|[upkeep]\n|-damage|p1a: Delphox|19/263 brn|[from] brn\n|upkeep\n|turn|6\n|\n|t:|1732977344\n|switch|p2a: Dragalge|Dragalge, L88, M|206/258\n|move|p1a: Delphox|Psyshock|p2a: Dragalge\n|-supereffective|p2a: Dragalge\n|-damage|p2a: Dragalge|0 fnt\n|faint|p2a: Dragalge\n|\n|-weather|SunnyDay|[upkeep]\n|-damage|p1a: Delphox|3/263 brn|[from] brn\n|upkeep\n|\n|t:|1732977347\n|switch|p2a: Sylveon|Sylveon, L85, F|300/300\n|turn|7\n|\n|t:|1732977355\n|move|p2a: Sylveon|Protect|p2a: Sylveon\n|-singleturn|p2a: Sylveon|Protect\n|move|p1a: Delphox|Psyshock|p2a: Sylveon\n|-activate|p2a: Sylveon|move: Protect\n|\n|-weather|SunnyDay|[upkeep]\n|-damage|p1a: Delphox|0 fnt|[from] brn\n|faint|p1a: Delphox\n|upkeep\n|\n|t:|1732977368\n|switch|p1a: Rhyperior|Rhyperior, L82, F|323/323\n|turn|8\n|\n|t:|1732977375\n|switch|p2a: Venusaur|Venusaur, L84, M|272/272\n|move|p1a: Rhyperior|Megahorn|p2a: Venusaur\n|-damage|p2a: Venusaur|154/272\n|\n|-weather|SunnyDay|[upkeep]\n|-heal|p2a: Venusaur|171/272|[from] item: Leftovers\n|upkeep\n|turn|9\n|\n|t:|1732977381\n|move|p2a: Venusaur|Giga Drain|p1a: Rhyperior\n|-supereffective|p1a: Rhyperior\n|-damage|p1a: Rhyperior|68/323\n|-heal|p2a: Venusaur|272/272|[from] drain|[of] p1a: Rhyperior\n|move|p1a: Rhyperior|Earthquake|p2a: Venusaur\n|-damage|p2a: Venusaur|133/272\n|\n|-weather|none\n|-heal|p2a: Venusaur|150/272|[from] item: Leftovers\n|upkeep\n|turn|10\n|\n|t:|1732977393\n|switch|p1a: Farigiraf|Farigiraf, L91, M|366/366\n|move|p2a: Venusaur|Giga Drain|p1a: Farigiraf\n|-ability|p1a: Farigiraf|Sap Sipper|boost\n|-boost|p1a: Farigiraf|atk|1\n|\n|-heal|p2a: Venusaur|167/272|[from] item: Leftovers\n|upkeep\n|turn|11\n|\n|t:|1732977404\n|switch|p2a: Sylveon|Sylveon, L85, F|300/300\n|move|p1a: Farigiraf|Psychic Noise|p2a: Sylveon\n|-damage|p2a: Sylveon|228/300\n|-start|p2a: Sylveon|move: Heal Block\n|\n|upkeep\n|turn|12\n|\n|t:|1732977409\n|move|p1a: Farigiraf|Body Slam|p2a: Sylveon\n|-damage|p2a: Sylveon|57/300\n|move|p2a: Sylveon|Calm Mind|p2a: Sylveon\n|-boost|p2a: Sylveon|spa|1\n|-boost|p2a: Sylveon|spd|1\n|\n|-end|p2a: Sylveon|move: Heal Block\n|upkeep\n|turn|13\n|\n|t:|1732977414\n|move|p2a: Sylveon|Protect|p2a: Sylveon\n|-singleturn|p2a: Sylveon|Protect\n|move|p1a: Farigiraf|Body Slam|p2a: Sylveon\n|-activate|p2a: Sylveon|move: Protect\n|\n|-heal|p2a: Sylveon|75/300|[from] item: Leftovers\n|upkeep\n|turn|14\n|c|\u2606gimgie|ok gg\n|\n|t:|1732977423\n|move|p1a: Farigiraf|Body Slam|p2a: Sylveon\n|-crit|p2a: Sylveon\n|-damage|p2a: Sylveon|0 fnt\n|faint|p2a: Sylveon\n|\n|upkeep\n|c|\u2606gimgie|ejja se mmur naqbad ttain\n|\n|t:|1732977427\n|switch|p2a: Torkoal|Torkoal, L88, F|100/266\n|-weather|SunnyDay|[from] ability: Drought|[of] p2a: Torkoal\n|turn|15\n|\n|t:|1732977433\n|move|p1a: Farigiraf|Psychic Noise|p2a: Torkoal\n|-damage|p2a: Torkoal|0 fnt\n|faint|p2a: Torkoal\n|\n|-weather|SunnyDay|[upkeep]\n|upkeep\n|\n|t:|1732977436\n|switch|p2a: Venusaur|Venusaur, L84, M|167/272\n|turn|16\n|\n|t:|1732977439\n|-terastallize|p2a: Venusaur|Water\n|move|p2a: Venusaur|Sludge Bomb|p1a: Farigiraf\n|-damage|p1a: Farigiraf|261/366\n|-status|p1a: Farigiraf|psn\n|move|p1a: Farigiraf|Body Slam|p2a: Venusaur\n|-damage|p2a: Venusaur|14/272\n|\n|-weather|SunnyDay|[upkeep]\n|-heal|p2a: Venusaur|31/272|[from] item: Leftovers\n|-heal|p1a: Farigiraf|283/366 psn|[from] item: Leftovers\n|-damage|p1a: Farigiraf|238/366 psn|[from] psn\n|upkeep\n|turn|17\n|\n|t:|1732977443\n|move|p2a: Venusaur|Sludge Bomb|p1a: Farigiraf\n|-damage|p1a: Farigiraf|136/366 psn\n|move|p1a: Farigiraf|Body Slam|p2a: Venusaur\n|-damage|p2a: Venusaur|0 fnt\n|faint|p2a: Venusaur\n|\n|win|gimgie\n|c|\u2606Not gimgie|gg\n|c|\u2606gimgie|gege\n", "inputlog": ">version b107d77f5c90bd6555267ae244a6264823309ead\n>start {\"formatid\":\"gen9randombattle\",\"seed\":[50386,4318,60645,64113]}\n>player p1 {\"name\":\"gimgie\",\"avatar\":\"265\",\"rating\":0,\"seed\":[11238,24865,48921,47816]}\n>player p2 {\"name\":\"Not gimgie\",\"avatar\":\"delinquent\",\"rating\":0,\"seed\":[27844,18754,47277,53609]}\n>chat \u2606Not gimgie|same\n>chat \u2606gimgie|HAHA\n>chat \u2606gimgie|i j wanna win\n>chat \u2606gimgie|and leace\n>p1 move fireblast\n>p2 move dracometeor\n>chat \u2606gimgie|A\n>p1 switch 3\n>p1 move nastyplot\n>p2 switch 6\n>p1 move psyshock terastallize\n>p2 move hydropump\n>p2 switch 5\n>p1 move psyshock\n>p2 move thunderbolt\n>p2 switch 4\n>p1 move psyshock\n>p2 move lavaplume\n>p1 move psyshock\n>p2 switch 6\n>p2 switch 3\n>p1 move psyshock\n>p2 move protect\n>p1 switch 2\n>p1 move megahorn\n>p2 switch 2\n>p1 move earthquake\n>p2 move gigadrain\n>p1 switch 6\n>p2 move gigadrain\n>p1 move psychicnoise\n>p2 switch 2\n>p1 move bodyslam\n>p2 move calmmind\n>p1 move bodyslam\n>p2 move protect\n>chat \u2606gimgie|ok gg\n>p1 move bodyslam\n>p2 move hypervoice\n>chat \u2606gimgie|ejja se mmur naqbad ttain\n>p2 switch 6\n>p1 move psychicnoise\n>p2 move lavaplume\n>p2 switch 2\n>p1 move bodyslam\n>p2 move sludgebomb terastallize\n>p1 move bodyslam\n>p2 move sludgebomb", "uploadtime": 1732977449, "views": 3, "formatid": "gen9randombattle", "rating": null, "private": 0, "password": null}