{"id": "gen9randombattle-2254108972", "format": "[Gen 9] Random Battle", "players": ["MeteoBlitz", "monkeyofcarribean"], "log": "|j|\u2606MeteoBlitz\n|j|\u2606monkeyofcarribean\n|t:|1732992317\n|gametype|singles\n|player|p1|MeteoBlitz|lucas|1147\n|player|p2|monkeyofcarribean|265|1108\n|teamsize|p1|6\n|teamsize|p2|6\n|gen|9\n|tier|[Gen 9] Random Battle\n|rated|\n|rule|Species Clause: Limit one of each Pok\u00e9mon\n|rule|HP Percentage Mod: HP is shown in percentages\n|rule|Sleep Clause Mod: Limit one foe put to sleep\n|rule|Illusion Level Mod: Illusion disguises the Pok\u00e9mon's true level\n|\n|t:|1732992317\n|start\n|switch|p1a: Flamigo|Flamigo, L82, F|269/269\n|switch|p2a: Malamar|Malamar, L82, M|275/275\n|turn|1\n|inactive|Battle timer is ON: inactive players will automatically lose when time's up. (requested by MeteoBlitz)\n|\n|t:|1732992339\n|switch|p2a: Venomoth|Venomoth, L84, F|255/255\n|move|p1a: Flamigo|Brave Bird|p2a: Venomoth\n|-supereffective|p2a: Venomoth\n|-damage|p2a: Venomoth|0 fnt\n|faint|p2a: Venomoth\n|-damage|p1a: Flamigo|185/269|[from] Recoil\n|-damage|p1a: Flamigo|159/269|[from] item: Life Orb\n|\n|upkeep\n|\n|t:|1732992345\n|switch|p2a: Registeel|Registeel, L81|262/262\n|turn|2\n|\n|t:|1732992354\n|move|p1a: Flamigo|Close Combat|p2a: Registeel\n|-supereffective|p2a: Registeel\n|-damage|p2a: Registeel|18/262\n|-unboost|p1a: Flamigo|def|1\n|-unboost|p1a: Flamigo|spd|1\n|-damage|p1a: Flamigo|133/269|[from] item: Life Orb\n|move|p2a: Registeel|Iron Defense|p2a: Registeel\n|-boost|p2a: Registeel|def|2\n|\n|upkeep\n|turn|3\n|\n|t:|1732992362\n|move|p1a: Flamigo|Close Combat|p2a: Registeel\n|-supereffective|p2a: Registeel\n|-damage|p2a: Registeel|0 fnt\n|-unboost|p1a: Flamigo|def|1\n|-unboost|p1a: Flamigo|spd|1\n|faint|p2a: Registeel\n|-damage|p1a: Flamigo|107/269|[from] item: Life Orb\n|\n|upkeep\n|c|\u2606monkeyofcarribean|Im being silly on pourpos\n|\n|t:|1732992376\n|switch|p2a: Passimian|Passimian, L83, M|302/302\n|turn|4\n|\n|t:|1732992383\n|move|p2a: Passimian|Gunk Shot|p1a: Flamigo|[miss]\n|-miss|p2a: Passimian|p1a: Flamigo\n|move|p1a: Flamigo|Brave Bird|p2a: Passimian\n|-supereffective|p2a: Passimian\n|-damage|p2a: Passimian|0 fnt\n|faint|p2a: Passimian\n|-damage|p1a: Flamigo|7/269|[from] Recoil\n|-damage|p1a: Flamigo|0 fnt|[from] item: Life Orb\n|faint|p1a: Flamigo\n|\n|upkeep\n|\n|t:|1732992398\n|switch|p1a: Kleavor|Kleavor, L78, M|237/237\n|switch|p2a: Eiscue|Eiscue, L88, M|272/272\n|turn|5\n|\n|t:|1732992411\n|-terastallize|p2a: Eiscue|Ground\n|move|p1a: Kleavor|X-Scissor|p2a: Eiscue\n|-activate|p2a: Eiscue|ability: Ice Face\n|-damage|p2a: Eiscue|272/272\n|detailschange|p2a: Eiscue|Eiscue-Noice, L88, M, tera:Ground\n|move|p2a: Eiscue|Substitute|p2a: Eiscue\n|-start|p2a: Eiscue|Substitute\n|-damage|p2a: Eiscue|204/272\n|\n|upkeep\n|turn|6\n|\n|t:|1732992428\n|move|p2a: Eiscue|Belly Drum|p2a: Eiscue\n|-damage|p2a: Eiscue|68/272\n|-setboost|p2a: Eiscue|atk|6|[from] move: Belly Drum\n|-enditem|p2a: Eiscue|Salac Berry|[eat]\n|-boost|p2a: Eiscue|spe|1|[from] item: Salac Berry\n|move|p1a: Kleavor|Swords Dance|p1a: Kleavor\n|-boost|p1a: Kleavor|atk|2\n|\n|upkeep\n|turn|7\n|\n|t:|1732992445\n|move|p2a: Eiscue|Tera Blast|p1a: Kleavor|[anim] Tera Blast Ground\n|-damage|p1a: Kleavor|0 fnt\n|faint|p1a: Kleavor\n|\n|upkeep\n|\n|t:|1732992451\n|switch|p1a: Araquanid|Araquanid, L82, F|246/246\n|turn|8\n|c|\u2606monkeyofcarribean|NOW IMA CLITCH\n|\n|t:|1732992457\n|-terastallize|p1a: Araquanid|Water\n|move|p2a: Eiscue|Tera Blast|p1a: Araquanid|[anim] Tera Blast Ground\n|-damage|p1a: Araquanid|0 fnt\n|faint|p1a: Araquanid\n|\n|upkeep\n|c|\u2606monkeyofcarribean|HA\n|\n|t:|1732992469\n|switch|p1a: Gumshoos|Gumshoos, L95, F|321/321\n|turn|9\n|c|\u2606monkeyofcarribean|EVERYONE ELSE IS USED AT THE BEGGING\n|c|\u2606monkeyofcarribean|BEGINNING\n|\n|t:|1732992495\n|move|p2a: Eiscue|Ice Spinner|p1a: Gumshoos\n|-damage|p1a: Gumshoos|0 fnt\n|faint|p1a: Gumshoos\n|\n|upkeep\n|\n|t:|1732992502\n|switch|p1a: Metagross|Metagross, L79|256/256\n|turn|10\n|\n|t:|1732992505\n|move|p2a: Eiscue|Tera Blast|p1a: Metagross|[anim] Tera Blast Ground\n|-supereffective|p1a: Metagross\n|-damage|p1a: Metagross|0 fnt\n|faint|p1a: Metagross\n|\n|upkeep\n|\n|t:|1732992509\n|switch|p1a: Mewtwo|Mewtwo, L72|272/272\n|-ability|p1a: Mewtwo|Unnerve\n|turn|11\n|\n|t:|1732992513\n|move|p2a: Eiscue|Ice Spinner|p1a: Mewtwo\n|-damage|p1a: Mewtwo|0 fnt\n|faint|p1a: Mewtwo\n|\n|win|monkeyofcarribean\n|raw|MeteoBlitz's rating: 1147 &rarr; <strong>1121</strong><br />(-26 for losing)\n|raw|monkeyofcarribean's rating: 1132 &rarr; <strong>1158</strong><br />(+26 for winning)\n", "inputlog": ">version b107d77f5c90bd6555267ae244a6264823309ead\n>start {\"formatid\":\"gen9randombattle\",\"seed\":[36961,12244,59820,52889],\"rated\":\"Rated battle\"}\n>player p1 {\"name\":\"MeteoBlitz\",\"avatar\":\"lucas\",\"rating\":1147,\"seed\":[14557,12599,59281,35159]}\n>player p2 {\"name\":\"monkeyofcarribean\",\"avatar\":\"265\",\"rating\":1108,\"seed\":[8164,17046,63981,18692]}\n>p1 move bravebird\n>p2 switch 4\n>p2 switch 6\n>p1 move closecombat\n>p2 move irondefense\n>p1 move closecombat\n>p2 move rest\n>chat \u2606monkeyofcarribean|Im being silly on pourpos\n>p2 switch 2\n>p1 move bravebird\n>p2 move gunkshot\n>p1 switch 6\n>p2 switch 3\n>p1 move xscissor\n>p2 move substitute terastallize\n>p1 move swordsdance\n>p2 move bellydrum\n>p1 move xscissor\n>p2 move terablast\n>p1 switch 4\n>chat \u2606monkeyofcarribean|NOW IMA CLITCH\n>p1 move liquidation terastallize\n>p2 move terablast\n>chat \u2606monkeyofcarribean|HA\n>p1 switch 2\n>chat \u2606monkeyofcarribean|EVERYONE ELSE IS USED AT THE BEGGING\n>chat \u2606monkeyofcarribean|BEGINNING\n>p1 move doubleedge\n>p2 move icespinner\n>p1 switch 3\n>p1 move earthquake\n>p2 move terablast\n>p1 switch 5\n>p1 move psystrike\n>p2 move icespinner", "uploadtime": 1732992519, "views": 1, "formatid": "gen9randombattle", "rating": 1121, "private": 0, "password": null}