{"id": "gen9randombattle-2253947954", "format": "[Gen 9] Random Battle", "players": ["Jay1998", "manolovm01"], "log": "|j|\u2606Jay1998\n|j|\u2606manolovm01\n|t:|1732969539\n|gametype|singles\n|player|p1|Jay1998|265|1150\n|player|p2|manolovm01|102|1195\n|teamsize|p1|6\n|teamsize|p2|6\n|gen|9\n|tier|[Gen 9] Random Battle\n|rated|\n|rule|Species Clause: Limit one of each Pok\u00e9mon\n|rule|HP Percentage Mod: HP is shown in percentages\n|rule|Sleep Clause Mod: Limit one foe put to sleep\n|rule|Illusion Level Mod: Illusion disguises the Pok\u00e9mon's true level\n|\n|t:|1732969539\n|start\n|switch|p1a: Ceruledge|Ceruledge, L78, F|245/245\n|switch|p2a: Bastiodon|Bastiodon, L89, M|252/252\n|turn|1\n|inactive|Battle timer is ON: inactive players will automatically lose when time's up. (requested by Jay1998)\n|\n|t:|1732969562\n|move|p1a: Ceruledge|Close Combat|p2a: Bastiodon\n|-supereffective|p2a: Bastiodon\n|-damage|p2a: Bastiodon|36/252\n|-unboost|p1a: Ceruledge|def|1\n|-unboost|p1a: Ceruledge|spd|1\n|move|p2a: Bastiodon|Foul Play|p1a: Ceruledge\n|-supereffective|p1a: Ceruledge\n|-damage|p1a: Ceruledge|0 fnt\n|faint|p1a: Ceruledge\n|\n|upkeep\n|\n|t:|1732969573\n|switch|p1a: Lokix|Lokix, L82, F|251/251\n|turn|2\n|\n|t:|1732969589\n|-terastallize|p2a: Bastiodon|Fighting\n|move|p1a: Lokix|Knock Off|p2a: Bastiodon\n|-resisted|p2a: Bastiodon\n|-damage|p2a: Bastiodon|0 fnt\n|-enditem|p2a: Bastiodon|Chesto Berry|[from] move: Knock Off|[of] p1a: Lokix\n|faint|p2a: Bastiodon\n|-damage|p1a: Lokix|226/251|[from] item: Life Orb\n|\n|upkeep\n|\n|t:|1732969604\n|switch|p2a: Cramorant|Cramorant, L86, M|261/261\n|turn|3\n|\n|t:|1732969615\n|switch|p1a: Garganacl|Garganacl, L80, F|291/291\n|move|p2a: Cramorant|Brave Bird|p1a: Garganacl\n|-resisted|p1a: Garganacl\n|-damage|p1a: Garganacl|241/291\n|-damage|p2a: Cramorant|244/261|[from] Recoil\n|\n|-heal|p1a: Garganacl|259/291|[from] item: Leftovers\n|upkeep\n|turn|4\n|\n|t:|1732969628\n|move|p2a: Cramorant|Surf|p1a: Garganacl\n|-formechange|p2a: Cramorant|Cramorant-Gulping|\n|-supereffective|p1a: Garganacl\n|-damage|p1a: Garganacl|73/291\n|move|p1a: Garganacl|Stealth Rock|p2a: Cramorant\n|-sidestart|p2: manolovm01|move: Stealth Rock\n|\n|-heal|p1a: Garganacl|91/291|[from] item: Leftovers\n|upkeep\n|turn|5\n|\n|t:|1732969638\n|move|p1a: Garganacl|Protect|p1a: Garganacl\n|-singleturn|p1a: Garganacl|Protect\n|move|p2a: Cramorant|Surf|p1a: Garganacl\n|-activate|p1a: Garganacl|move: Protect\n|\n|-heal|p1a: Garganacl|109/291|[from] item: Leftovers\n|upkeep\n|turn|6\n|\n|t:|1732969647\n|move|p2a: Cramorant|Surf|p1a: Garganacl\n|-supereffective|p1a: Garganacl\n|-damage|p1a: Garganacl|0 fnt\n|faint|p1a: Garganacl\n|\n|upkeep\n|\n|t:|1732969651\n|switch|p1a: Lokix|Lokix, L82, F|226/251\n|turn|7\n|\n|t:|1732969657\n|move|p1a: Lokix|Swords Dance|p1a: Lokix\n|-boost|p1a: Lokix|atk|2\n|move|p2a: Cramorant|Brave Bird|p1a: Lokix\n|-supereffective|p1a: Lokix\n|-damage|p1a: Lokix|0 fnt\n|faint|p1a: Lokix\n|-damage|p2a: Cramorant|169/261|[from] Recoil\n|\n|upkeep\n|\n|t:|1732969666\n|switch|p1a: Skeledirge|Skeledirge, L79, M|294/294\n|turn|8\n|\n|t:|1732969682\n|move|p2a: Cramorant|Surf|p1a: Skeledirge\n|-supereffective|p1a: Skeledirge\n|-damage|p1a: Skeledirge|60/294\n|move|p1a: Skeledirge|Torch Song|p2a: Cramorant\n|-resisted|p2a: Cramorant\n|-damage|p2a: Cramorant|132/261\n|-boost|p1a: Skeledirge|spa|1\n|-damage|p1a: Skeledirge|0 fnt|[from] ability: Gulp Missile|[of] p2a: Cramorant\n|-formechange|p2a: Cramorant|Cramorant|\n|faint|p1a: Skeledirge\n|\n|upkeep\n|\n|t:|1732969692\n|switch|p1a: Primarina|Primarina, L83, M|268/268\n|turn|9\n|\n|t:|1732969705\n|move|p2a: Cramorant|Brave Bird|p1a: Primarina\n|-damage|p1a: Primarina|135/268\n|-damage|p2a: Cramorant|88/261|[from] Recoil\n|move|p1a: Primarina|Calm Mind|p1a: Primarina\n|-boost|p1a: Primarina|spa|1\n|-boost|p1a: Primarina|spd|1\n|\n|-heal|p1a: Primarina|151/268|[from] item: Leftovers\n|upkeep\n|turn|10\n|\n|t:|1732969716\n|move|p2a: Cramorant|Brave Bird|p1a: Primarina\n|-damage|p1a: Primarina|9/268\n|-damage|p2a: Cramorant|41/261|[from] Recoil\n|move|p1a: Primarina|Draining Kiss|p2a: Cramorant\n|-damage|p2a: Cramorant|0 fnt\n|-heal|p1a: Primarina|40/268|[from] drain|[of] p2a: Cramorant\n|faint|p2a: Cramorant\n|\n|-heal|p1a: Primarina|56/268|[from] item: Leftovers\n|upkeep\n|\n|t:|1732969732\n|switch|p2a: Mimikyu|Mimikyu, L79, F|216/216\n|-damage|p2a: Mimikyu|189/216|[from] Stealth Rock\n|turn|11\n|\n|t:|1732969757\n|-terastallize|p1a: Primarina|Steel\n|move|p2a: Mimikyu|Wood Hammer|p1a: Primarina\n|-resisted|p1a: Primarina\n|-damage|p1a: Primarina|5/268\n|-damage|p2a: Mimikyu|172/216|[from] Recoil\n|-damage|p2a: Mimikyu|151/216|[from] item: Life Orb\n|move|p1a: Primarina|Draining Kiss|p2a: Mimikyu\n|-activate|p2a: Mimikyu|ability: Disguise\n|-damage|p2a: Mimikyu|151/216\n|detailschange|p2a: Mimikyu|Mimikyu-Busted, L79, F\n|-damage|p2a: Mimikyu|124/216|[from] pokemon: Mimikyu-Busted\n|\n|-heal|p1a: Primarina|21/268|[from] item: Leftovers\n|upkeep\n|turn|12\n|\n|t:|1732969781\n|move|p2a: Mimikyu|Wood Hammer|p1a: Primarina\n|-resisted|p1a: Primarina\n|-damage|p1a: Primarina|0 fnt\n|faint|p1a: Primarina\n|-damage|p2a: Mimikyu|117/216|[from] Recoil\n|-damage|p2a: Mimikyu|96/216|[from] item: Life Orb\n|\n|upkeep\n|\n|t:|1732969785\n|switch|p1a: Haxorus|Haxorus, L77, M|244/244\n|-ability|p1a: Haxorus|Mold Breaker\n|turn|13\n|\n|t:|1732969793\n|move|p2a: Mimikyu|Play Rough|p1a: Haxorus\n|-supereffective|p1a: Haxorus\n|-damage|p1a: Haxorus|31/244\n|-unboost|p1a: Haxorus|atk|1\n|-damage|p2a: Mimikyu|75/216|[from] item: Life Orb\n|move|p1a: Haxorus|Scale Shot|p2a: Mimikyu\n|-immune|p2a: Mimikyu\n|\n|upkeep\n|turn|14\n|\n|t:|1732969806\n|move|p2a: Mimikyu|Play Rough|p1a: Haxorus\n|-supereffective|p1a: Haxorus\n|-damage|p1a: Haxorus|0 fnt\n|faint|p1a: Haxorus\n|-damage|p2a: Mimikyu|54/216|[from] item: Life Orb\n|\n|win|manolovm01\n|raw|Jay1998's rating: 1150 &rarr; <strong>1128</strong><br />(-22 for losing)\n|raw|manolovm01's rating: 1195 &rarr; <strong>1217</strong><br />(+22 for winning)\n|l|\u2606Jay1998\n|player|p1|\n", "inputlog": ">version b107d77f5c90bd6555267ae244a6264823309ead\n>start {\"formatid\":\"gen9randombattle\",\"seed\":[33888,52208,38953,60904],\"rated\":\"Rated battle\"}\n>player p1 {\"name\":\"Jay1998\",\"avatar\":\"265\",\"rating\":1150,\"seed\":[8711,55741,22213,30575]}\n>player p2 {\"name\":\"manolovm01\",\"avatar\":\"102\",\"rating\":1195,\"seed\":[33097,9487,38793,62668]}\n>p1 move closecombat\n>p2 move foulplay\n>p1 switch 2\n>p1 move knockoff\n>p2 move rest terastallize\n>p2 switch 6\n>p1 switch 3\n>p2 move bravebird\n>p1 move stealthrock\n>p2 move surf\n>p1 move protect\n>p2 move surf\n>p1 move recover\n>p2 move surf\n>p1 switch 3\n>p1 move swordsdance\n>p2 move bravebird\n>p1 switch 6\n>p1 move torchsong\n>p2 move surf\n>p1 switch 4\n>p1 move calmmind\n>p2 move bravebird\n>p1 move drainingkiss\n>p2 move bravebird\n>p2 switch 5\n>p1 move drainingkiss terastallize\n>p2 move woodhammer\n>p1 move drainingkiss\n>p2 move woodhammer\n>p1 switch 5\n>p1 move scaleshot\n>p2 move playrough\n>p1 move ironhead\n>p2 move playrough", "uploadtime": 1732969813, "views": 1, "formatid": "gen9randombattle", "rating": 1128, "private": 0, "password": null}