{"id": "gen9randombattle-2253858654", "format": "[Gen 9] Random Battle", "players": ["maxter00", "mistergungusflaps"], "log": "|j|\u2606maxter00\n|j|\u2606mistergungusflaps\n|t:|1732950391\n|gametype|singles\n|player|p1|maxter00|266|1115\n|player|p2|mistergungusflaps|rood|1159\n|teamsize|p1|6\n|teamsize|p2|6\n|gen|9\n|tier|[Gen 9] Random Battle\n|rated|\n|rule|Species Clause: Limit one of each Pok\u00e9mon\n|rule|HP Percentage Mod: HP is shown in percentages\n|rule|Sleep Clause Mod: Limit one foe put to sleep\n|rule|Illusion Level Mod: Illusion disguises the Pok\u00e9mon's true level\n|\n|t:|1732950391\n|start\n|switch|p1a: Lycanroc|Lycanroc-Dusk, L80, M|251/251\n|switch|p2a: Spiritomb|Spiritomb, L89, F|234/234\n|turn|1\n|\n|t:|1732950407\n|switch|p1a: Leavanny|Leavanny, L86, F|269/269\n|move|p2a: Spiritomb|Toxic|p1a: Leavanny\n|-status|p1a: Leavanny|tox\n|\n|-damage|p1a: Leavanny|253/269 tox|[from] psn\n|upkeep\n|turn|2\n|\n|t:|1732950423\n|move|p1a: Leavanny|Sticky Web|p2a: Spiritomb\n|-sidestart|p2: mistergungusflaps|move: Sticky Web\n|move|p2a: Spiritomb|Foul Play|p1a: Leavanny\n|-damage|p1a: Leavanny|133/269 tox\n|\n|-damage|p1a: Leavanny|101/269 tox|[from] psn\n|upkeep\n|turn|3\n|\n|t:|1732950434\n|move|p1a: Leavanny|Knock Off|p2a: Spiritomb\n|-damage|p2a: Spiritomb|178/234\n|-enditem|p2a: Spiritomb|Leftovers|[from] move: Knock Off|[of] p1a: Leavanny\n|move|p2a: Spiritomb|Foul Play|p1a: Leavanny\n|-damage|p1a: Leavanny|0 fnt\n|faint|p1a: Leavanny\n|\n|upkeep\n|\n|t:|1732950444\n|switch|p1a: Mabosstiff|Mabosstiff, L86, F|278/278\n|turn|4\n|\n|t:|1732950448\n|move|p1a: Mabosstiff|Play Rough|p2a: Spiritomb\n|-supereffective|p2a: Spiritomb\n|-damage|p2a: Spiritomb|48/234\n|move|p2a: Spiritomb|Toxic|p1a: Mabosstiff|[miss]\n|-miss|p2a: Spiritomb|p1a: Mabosstiff\n|\n|upkeep\n|turn|5\n|\n|t:|1732950455\n|move|p1a: Mabosstiff|Play Rough|p2a: Spiritomb\n|-supereffective|p2a: Spiritomb\n|-damage|p2a: Spiritomb|0 fnt\n|faint|p2a: Spiritomb\n|\n|upkeep\n|\n|t:|1732950478\n|switch|p2a: Weavile|Weavile, L79, F|239/239\n|-activate|p2a: Weavile|move: Sticky Web\n|-unboost|p2a: Weavile|spe|1\n|turn|6\n|\n|t:|1732950486\n|move|p1a: Mabosstiff|Play Rough|p2a: Weavile\n|-supereffective|p2a: Weavile\n|-damage|p2a: Weavile|25/239\n|move|p2a: Weavile|Knock Off|p1a: Mabosstiff\n|-resisted|p1a: Mabosstiff\n|-damage|p1a: Mabosstiff|207/278\n|-enditem|p1a: Mabosstiff|Choice Scarf|[from] move: Knock Off|[of] p2a: Weavile\n|\n|upkeep\n|turn|7\n|\n|t:|1732950496\n|move|p1a: Mabosstiff|Crunch|p2a: Weavile\n|-resisted|p2a: Weavile\n|-damage|p2a: Weavile|0 fnt\n|faint|p2a: Weavile\n|\n|upkeep\n|\n|t:|1732950506\n|switch|p2a: Iron Crown|Iron Crown, L79|272/272\n|-activate|p2a: Iron Crown|move: Sticky Web\n|-unboost|p2a: Iron Crown|spe|1\n|turn|8\n|inactive|Battle timer is ON: inactive players will automatically lose when time's up. (requested by maxter00)\n|\n|t:|1732950515\n|move|p1a: Mabosstiff|Crunch|p2a: Iron Crown\n|-supereffective|p2a: Iron Crown\n|-damage|p2a: Iron Crown|54/272\n|-unboost|p2a: Iron Crown|def|1\n|move|p2a: Iron Crown|Focus Blast|p1a: Mabosstiff\n|-supereffective|p1a: Mabosstiff\n|-damage|p1a: Mabosstiff|15/278\n|\n|-heal|p2a: Iron Crown|71/272|[from] item: Leftovers\n|upkeep\n|turn|9\n|\n|t:|1732950528\n|move|p1a: Mabosstiff|Crunch|p2a: Iron Crown\n|-supereffective|p2a: Iron Crown\n|-damage|p2a: Iron Crown|0 fnt\n|faint|p2a: Iron Crown\n|-end|p2a: Iron Crown|Quark Drive|[silent]\n|\n|upkeep\n|\n|t:|1732950536\n|switch|p2a: Swalot|Swalot, L90, M|326/326\n|-activate|p2a: Swalot|move: Sticky Web\n|-unboost|p2a: Swalot|spe|1\n|turn|10\n|\n|t:|1732950543\n|move|p1a: Mabosstiff|Psychic Fangs|p2a: Swalot\n|-supereffective|p2a: Swalot\n|-damage|p2a: Swalot|190/326\n|move|p2a: Swalot|Knock Off|p1a: Mabosstiff\n|-resisted|p1a: Mabosstiff\n|-damage|p1a: Mabosstiff|0 fnt\n|faint|p1a: Mabosstiff\n|\n|-heal|p2a: Swalot|210/326|[from] item: Leftovers\n|upkeep\n|\n|t:|1732950553\n|switch|p1a: Lycanroc|Lycanroc-Dusk, L80, M|251/251\n|turn|11\n|\n|t:|1732950559\n|move|p1a: Lycanroc|Psychic Fangs|p2a: Swalot\n|-supereffective|p2a: Swalot\n|-damage|p2a: Swalot|0 fnt\n|faint|p2a: Swalot\n|\n|upkeep\n|\n|t:|1732950566\n|switch|p2a: Whiscash|Whiscash, L88, F|337/337\n|-activate|p2a: Whiscash|move: Sticky Web\n|-unboost|p2a: Whiscash|spe|1\n|turn|12\n|\n|t:|1732950578\n|move|p1a: Lycanroc|Psychic Fangs|p2a: Whiscash\n|-damage|p2a: Whiscash|202/337\n|move|p2a: Whiscash|Earthquake|p1a: Lycanroc\n|-supereffective|p1a: Lycanroc\n|-damage|p1a: Lycanroc|0 fnt\n|faint|p1a: Lycanroc\n|\n|-heal|p2a: Whiscash|223/337|[from] item: Leftovers\n|upkeep\n|\n|t:|1732950593\n|switch|p1a: Quaquaval|Quaquaval, L79, F|264/264\n|turn|13\n|\n|t:|1732950602\n|-terastallize|p2a: Whiscash|Poison\n|move|p1a: Quaquaval|Aqua Step|p2a: Whiscash\n|-damage|p2a: Whiscash|101/337\n|-boost|p1a: Quaquaval|spe|1\n|-damage|p1a: Quaquaval|238/264|[from] item: Life Orb\n|move|p2a: Whiscash|Stealth Rock|p1a: Quaquaval\n|-sidestart|p1: maxter00|move: Stealth Rock\n|\n|-heal|p2a: Whiscash|122/337|[from] item: Leftovers\n|upkeep\n|turn|14\n|\n|t:|1732950612\n|move|p1a: Quaquaval|Aqua Step|p2a: Whiscash\n|-damage|p2a: Whiscash|0 fnt\n|-boost|p1a: Quaquaval|spe|1\n|faint|p2a: Whiscash\n|-ability|p1a: Quaquaval|Moxie|boost\n|-boost|p1a: Quaquaval|atk|1\n|-damage|p1a: Quaquaval|212/264|[from] item: Life Orb\n|\n|upkeep\n|\n|t:|1732950619\n|switch|p2a: Meganium|Meganium, L90, M|290/290\n|-activate|p2a: Meganium|move: Sticky Web\n|-unboost|p2a: Meganium|spe|1\n|turn|15\n|\n|t:|1732950628\n|move|p1a: Quaquaval|Close Combat|p2a: Meganium\n|-damage|p2a: Meganium|70/290\n|-unboost|p1a: Quaquaval|def|1\n|-unboost|p1a: Quaquaval|spd|1\n|-damage|p1a: Quaquaval|186/264|[from] item: Life Orb\n|move|p2a: Meganium|Dragon Tail|p1a: Quaquaval\n|-damage|p1a: Quaquaval|111/264\n|drag|p1a: Klefki|Klefki, L84, F|233/233\n|-damage|p1a: Klefki|219/233|[from] Stealth Rock\n|\n|-heal|p1a: Klefki|233/233|[from] item: Leftovers\n|-heal|p2a: Meganium|88/290|[from] item: Leftovers\n|upkeep\n|turn|16\n|\n|t:|1732950642\n|move|p1a: Klefki|Thunder Wave|p2a: Meganium\n|-status|p2a: Meganium|par\n|move|p2a: Meganium|Synthesis|p2a: Meganium\n|-heal|p2a: Meganium|233/290 par\n|\n|-heal|p2a: Meganium|251/290 par|[from] item: Leftovers\n|upkeep\n|turn|17\n|\n|t:|1732950658\n|move|p1a: Klefki|Magnet Rise|p1a: Klefki\n|-start|p1a: Klefki|Magnet Rise\n|move|p2a: Meganium|Knock Off|p1a: Klefki\n|-resisted|p1a: Klefki\n|-damage|p1a: Klefki|198/233\n|-enditem|p1a: Klefki|Leftovers|[from] move: Knock Off|[of] p2a: Meganium\n|\n|-heal|p2a: Meganium|269/290 par|[from] item: Leftovers\n|upkeep\n|turn|18\n|\n|t:|1732950667\n|move|p1a: Klefki|Play Rough|p2a: Meganium\n|-damage|p2a: Meganium|203/290 par\n|move|p2a: Meganium|Energy Ball|p1a: Klefki\n|-resisted|p1a: Klefki\n|-damage|p1a: Klefki|148/233\n|\n|-heal|p2a: Meganium|221/290 par|[from] item: Leftovers\n|upkeep\n|turn|19\n|\n|t:|1732950675\n|move|p1a: Klefki|Play Rough|p2a: Meganium\n|-damage|p2a: Meganium|145/290 par\n|cant|p2a: Meganium|par\n|\n|-heal|p2a: Meganium|163/290 par|[from] item: Leftovers\n|upkeep\n|turn|20\n|\n|t:|1732950681\n|move|p1a: Klefki|Play Rough|p2a: Meganium\n|-damage|p2a: Meganium|96/290 par\n|move|p2a: Meganium|Synthesis|p2a: Meganium\n|-heal|p2a: Meganium|241/290 par\n|\n|-heal|p2a: Meganium|259/290 par|[from] item: Leftovers\n|upkeep\n|turn|21\n|\n|t:|1732950688\n|move|p1a: Klefki|Play Rough|p2a: Meganium\n|-damage|p2a: Meganium|190/290 par\n|cant|p2a: Meganium|par\n|\n|-heal|p2a: Meganium|208/290 par|[from] item: Leftovers\n|-end|p1a: Klefki|Magnet Rise\n|upkeep\n|turn|22\n|\n|t:|1732950694\n|move|p1a: Klefki|Play Rough|p2a: Meganium|[miss]\n|-miss|p1a: Klefki|p2a: Meganium\n|cant|p2a: Meganium|par\n|\n|-heal|p2a: Meganium|226/290 par|[from] item: Leftovers\n|upkeep\n|turn|23\n|\n|t:|1732950701\n|move|p1a: Klefki|Play Rough|p2a: Meganium\n|-damage|p2a: Meganium|162/290 par\n|cant|p2a: Meganium|par\n|\n|-heal|p2a: Meganium|180/290 par|[from] item: Leftovers\n|upkeep\n|turn|24\n|c|\u2606mistergungusflaps|bro\n|\n|t:|1732950716\n|move|p1a: Klefki|Play Rough|p2a: Meganium\n|-damage|p2a: Meganium|114/290 par\n|-unboost|p2a: Meganium|atk|1\n|move|p2a: Meganium|Synthesis|p2a: Meganium\n|-heal|p2a: Meganium|259/290 par\n|\n|-heal|p2a: Meganium|277/290 par|[from] item: Leftovers\n|upkeep\n|turn|25\n|\n|t:|1732950725\n|move|p1a: Klefki|Play Rough|p2a: Meganium|[miss]\n|-miss|p1a: Klefki|p2a: Meganium\n|move|p2a: Meganium|Energy Ball|p1a: Klefki\n|-resisted|p1a: Klefki\n|-crit|p1a: Klefki\n|-damage|p1a: Klefki|69/233\n|\n|-heal|p2a: Meganium|290/290 par|[from] item: Leftovers\n|upkeep\n|turn|26\n|\n|t:|1732950734\n|move|p1a: Klefki|Play Rough|p2a: Meganium|[miss]\n|-miss|p1a: Klefki|p2a: Meganium\n|cant|p2a: Meganium|par\n|\n|upkeep\n|turn|27\n|\n|t:|1732950739\n|move|p1a: Klefki|Play Rough|p2a: Meganium\n|-damage|p2a: Meganium|220/290 par\n|cant|p2a: Meganium|par\n|\n|-heal|p2a: Meganium|238/290 par|[from] item: Leftovers\n|upkeep\n|turn|28\n|\n|t:|1732950745\n|move|p1a: Klefki|Play Rough|p2a: Meganium\n|-damage|p2a: Meganium|165/290 par\n|move|p2a: Meganium|Energy Ball|p1a: Klefki\n|-resisted|p1a: Klefki\n|-damage|p1a: Klefki|20/233\n|\n|-heal|p2a: Meganium|183/290 par|[from] item: Leftovers\n|upkeep\n|turn|29\n|c|\u2606mistergungusflaps|para hax are nuts LMAO\n|\n|t:|1732950760\n|move|p1a: Klefki|Play Rough|p2a: Meganium\n|-damage|p2a: Meganium|110/290 par\n|cant|p2a: Meganium|par\n|\n|-heal|p2a: Meganium|128/290 par|[from] item: Leftovers\n|upkeep\n|turn|30\n|\n|t:|1732950767\n|move|p1a: Klefki|Play Rough|p2a: Meganium|[miss]\n|-miss|p1a: Klefki|p2a: Meganium\n|move|p2a: Meganium|Synthesis|p2a: Meganium\n|-heal|p2a: Meganium|273/290 par\n|\n|-heal|p2a: Meganium|290/290 par|[from] item: Leftovers\n|upkeep\n|turn|31\n|\n|t:|1732950775\n|move|p1a: Klefki|Play Rough|p2a: Meganium\n|-damage|p2a: Meganium|221/290 par\n|move|p2a: Meganium|Energy Ball|p1a: Klefki\n|-resisted|p1a: Klefki\n|-damage|p1a: Klefki|0 fnt\n|faint|p1a: Klefki\n|\n|-heal|p2a: Meganium|239/290 par|[from] item: Leftovers\n|upkeep\n|\n|t:|1732950782\n|switch|p1a: Morpeko|Morpeko, L88, M|245/245\n|turn|32\n|\n|t:|1732950788\n|move|p1a: Morpeko|Rapid Spin|p2a: Meganium\n|-damage|p2a: Meganium|204/290 par\n|-boost|p1a: Morpeko|spe|1\n|-sideend|p1: maxter00|Stealth Rock|[from] move: Rapid Spin|[of] p1a: Morpeko\n|move|p2a: Meganium|Knock Off|p1a: Morpeko\n|-resisted|p1a: Morpeko\n|-damage|p1a: Morpeko|214/245\n|-enditem|p1a: Morpeko|Heavy-Duty Boots|[from] move: Knock Off|[of] p2a: Meganium\n|\n|-heal|p2a: Meganium|222/290 par|[from] item: Leftovers\n|-formechange|p1a: Morpeko|Morpeko-Hangry||[from] ability: Hunger Switch\n|upkeep\n|turn|33\n|\n|t:|1732950805\n|move|p1a: Morpeko|Aura Wheel|p2a: Meganium\n|-damage|p2a: Meganium|122/290 par\n|-boost|p1a: Morpeko|spe|1\n|move|p2a: Meganium|Energy Ball|p1a: Morpeko\n|-damage|p1a: Morpeko|90/245\n|-unboost|p1a: Morpeko|spd|1\n|\n|-heal|p2a: Meganium|140/290 par|[from] item: Leftovers\n|-formechange|p1a: Morpeko|Morpeko||[from] ability: Hunger Switch\n|upkeep\n|turn|34\n|\n|t:|1732950815\n|move|p1a: Morpeko|Aura Wheel|p2a: Meganium\n|-resisted|p2a: Meganium\n|-damage|p2a: Meganium|83/290 par\n|-boost|p1a: Morpeko|spe|1\n|cant|p2a: Meganium|par\n|\n|-heal|p2a: Meganium|101/290 par|[from] item: Leftovers\n|-formechange|p1a: Morpeko|Morpeko-Hangry||[from] ability: Hunger Switch\n|upkeep\n|turn|35\n|\n|t:|1732950824\n|move|p1a: Morpeko|Aura Wheel|p2a: Meganium\n|-damage|p2a: Meganium|0 fnt\n|-boost|p1a: Morpeko|spe|1\n|faint|p2a: Meganium\n|\n|win|maxter00\n|raw|maxter00's rating: 1115 &rarr; <strong>1143</strong><br />(+28 for winning)\n|raw|mistergungusflaps's rating: 1159 &rarr; <strong>1131</strong><br />(-28 for losing)\n|l|\u2606mistergungusflaps\n|player|p2|\n", "inputlog": ">version b107d77f5c90bd6555267ae244a6264823309ead\n>start {\"formatid\":\"gen9randombattle\",\"seed\":[16937,14493,5344,3704],\"rated\":\"Rated battle\"}\n>player p1 {\"name\":\"maxter00\",\"avatar\":\"266\",\"rating\":1115,\"seed\":[24591,41637,16575,1970]}\n>player p2 {\"name\":\"mistergungusflaps\",\"avatar\":\"rood\",\"rating\":1159,\"seed\":[4801,21819,21454,58143]}\n>p1 switch 5\n>p2 move toxic\n>p1 move stickyweb\n>p2 move foulplay\n>p1 move knockoff\n>p2 move foulplay\n>p1 switch 3\n>p1 move playrough\n>p2 move toxic\n>p1 move playrough\n>p2 move toxic\n>p2 switch 2\n>p1 move playrough\n>p2 move knockoff\n>p1 move crunch\n>p2 move knockoff\n>p2 switch 6\n>p1 move crunch\n>p2 move focusblast\n>p1 move crunch\n>p2 move tachyoncutter\n>p2 switch 5\n>p1 move psychicfangs\n>p2 move knockoff\n>p1 switch 5\n>p1 move psychicfangs\n>p2 move painsplit\n>p2 switch 4\n>p1 move psychicfangs\n>p2 move earthquake\n>p1 switch 6\n>p1 move aquastep\n>p2 move stealthrock terastallize\n>p1 move aquastep\n>p2 move icebeam\n>p2 switch 3\n>p1 move closecombat\n>p2 move dragontail\n>p1 move thunderwave\n>p2 move synthesis\n>p1 move magnetrise\n>p2 move knockoff\n>p1 move playrough\n>p2 move energyball\n>p1 move playrough\n>p2 move energyball\n>p1 move playrough\n>p2 move synthesis\n>p1 move playrough\n>p2 move energyball\n>p1 move playrough\n>p2 move energyball\n>p1 move playrough\n>p2 move energyball\n>chat \u2606mistergungusflaps|bro \n>p1 move playrough\n>p2 move synthesis\n>p1 move playrough\n>p2 move energyball\n>p1 move playrough\n>p2 move energyball\n>p1 move playrough\n>p2 move energyball\n>p1 move playrough\n>p2 move energyball\n>chat \u2606mistergungusflaps|para hax are nuts LMAO\n>p1 move playrough\n>p2 move synthesis\n>p1 move playrough\n>p2 move synthesis\n>p1 move playrough\n>p2 move energyball\n>p1 switch 2\n>p1 move rapidspin\n>p2 move knockoff\n>p1 move aurawheel\n>p2 move energyball\n>p1 move aurawheel\n>p2 move synthesis\n>p1 move aurawheel\n>p2 move synthesis", "uploadtime": 1732950831, "views": 2, "formatid": "gen9randombattle", "rating": 1131, "private": 0, "password": null}