{"id": "gen9randombattle-2253842859", "format": "[Gen 9] Random Battle", "players": ["Az1anSensation2", "terry0621"], "log": "|j|\u2606Az1anSensation2\n|j|\u2606terry0621\n|t:|1732947240\n|gametype|singles\n|player|p1|Az1anSensation2|102|1995\n|player|p2|terry0621|1|2064\n|teamsize|p1|6\n|teamsize|p2|6\n|gen|9\n|tier|[Gen 9] Random Battle\n|rated|\n|rule|Species Clause: Limit one of each Pok\u00e9mon\n|rule|HP Percentage Mod: HP is shown in percentages\n|rule|Sleep Clause Mod: Limit one foe put to sleep\n|rule|Illusion Level Mod: Illusion disguises the Pok\u00e9mon's true level\n|\n|t:|1732947240\n|start\n|switch|p1a: Seviper|Seviper, L93, M|287/287\n|switch|p2a: Raichu|Raichu-Alola, L87, M|246/246\n|turn|1\n|inactive|Battle timer is ON: inactive players will automatically lose when time's up. (requested by Az1anSensation2)\n|\n|t:|1732947262\n|switch|p1a: Skuntank|Skuntank, L84, F|310/310\n|move|p2a: Raichu|Psychic|p1a: Skuntank\n|-immune|p1a: Skuntank\n|\n|upkeep\n|turn|2\n|\n|t:|1732947270\n|switch|p2a: Mightyena|Mightyena, L95, F|287/287\n|-ability|p2a: Mightyena|Intimidate|boost\n|-unboost|p1a: Skuntank|atk|1\n|move|p1a: Skuntank|Knock Off|p2a: Mightyena\n|-resisted|p2a: Mightyena\n|-damage|p2a: Mightyena|240/287\n|-enditem|p2a: Mightyena|Choice Band|[from] move: Knock Off|[of] p1a: Skuntank\n|-damage|p1a: Skuntank|279/310|[from] item: Life Orb\n|\n|upkeep\n|turn|3\n|inactive|Az1anSensation2 has 120 seconds left.\n|\n|t:|1732947305\n|switch|p1a: Hitmontop|Hitmontop, L88, M|231/231\n|-ability|p1a: Hitmontop|Intimidate|boost\n|-unboost|p2a: Mightyena|atk|1\n|move|p2a: Mightyena|Throat Chop|p1a: Hitmontop\n|-resisted|p1a: Hitmontop\n|-damage|p1a: Hitmontop|198/231\n|-start|p1a: Hitmontop|Throat Chop|[silent]\n|\n|upkeep\n|turn|4\n|inactive|Az1anSensation2 has 120 seconds left.\n|\n|t:|1732947324\n|switch|p2a: Flutter Mane|Flutter Mane, L74|203/203\n|move|p1a: Hitmontop|Rapid Spin|p2a: Flutter Mane\n|-immune|p2a: Flutter Mane\n|\n|-end|p1a: Hitmontop|Throat Chop|[silent]\n|upkeep\n|turn|5\n|inactive|Az1anSensation2 has 120 seconds left.\n|\n|t:|1732947351\n|switch|p1a: Seviper|Seviper, L93, M|287/287\n|move|p2a: Flutter Mane|Moonblast|p1a: Seviper\n|-resisted|p1a: Seviper\n|-damage|p1a: Seviper|213/287\n|-unboost|p1a: Seviper|spa|1\n|-damage|p2a: Flutter Mane|183/203|[from] item: Life Orb\n|\n|upkeep\n|turn|6\n|\n|t:|1732947357\n|move|p1a: Seviper|Gunk Shot|p2a: Flutter Mane\n|-damage|p2a: Flutter Mane|0 fnt\n|faint|p2a: Flutter Mane\n|-end|p2a: Flutter Mane|Protosynthesis|[silent]\n|\n|upkeep\n|\n|t:|1732947363\n|switch|p2a: Chi-Yu|Chi-Yu, L77|211/211\n|-ability|p2a: Chi-Yu|Beads of Ruin\n|turn|7\n|\n|t:|1732947390\n|switch|p1a: Gyarados|Gyarados, L79, M|280/280\n|move|p2a: Chi-Yu|Overheat|p1a: Gyarados\n|-resisted|p1a: Gyarados\n|-damage|p1a: Gyarados|188/280\n|-unboost|p2a: Chi-Yu|spa|2\n|\n|upkeep\n|turn|8\n|inactive|Az1anSensation2 has 90 seconds left.\n|\n|t:|1732947410\n|switch|p2a: Mightyena|Mightyena, L95, F|240/287\n|-ability|p2a: Mightyena|Intimidate|boost\n|-unboost|p1a: Gyarados|atk|1\n|move|p1a: Gyarados|Waterfall|p2a: Mightyena\n|-damage|p2a: Mightyena|182/287\n|\n|upkeep\n|turn|9\n|inactive|Az1anSensation2 has 90 seconds left.\n|inactive|Az1anSensation2 has 60 seconds left.\n|\n|t:|1732947447\n|switch|p1a: Skuntank|Skuntank, L84, F|279/310\n|move|p2a: Mightyena|Play Rough|p1a: Skuntank|[miss]\n|-miss|p2a: Mightyena|p1a: Skuntank\n|\n|upkeep\n|turn|10\n|\n|t:|1732947474\n|move|p1a: Skuntank|Gunk Shot|p2a: Mightyena\n|-damage|p2a: Mightyena|9/287\n|-damage|p1a: Skuntank|248/310|[from] item: Life Orb\n|move|p2a: Mightyena|Play Rough|p1a: Skuntank\n|-damage|p1a: Skuntank|148/310\n|\n|upkeep\n|turn|11\n|\n|t:|1732947481\n|move|p2a: Mightyena|Sucker Punch|p1a: Skuntank\n|-resisted|p1a: Skuntank\n|-damage|p1a: Skuntank|91/310\n|move|p1a: Skuntank|Knock Off|p2a: Mightyena\n|-resisted|p2a: Mightyena\n|-damage|p2a: Mightyena|0 fnt\n|faint|p2a: Mightyena\n|-damage|p1a: Skuntank|60/310|[from] item: Life Orb\n|\n|upkeep\n|\n|t:|1732947486\n|switch|p2a: Chi-Yu|Chi-Yu, L77|211/211\n|-ability|p2a: Chi-Yu|Beads of Ruin\n|turn|12\n|\n|t:|1732947493\n|move|p1a: Skuntank|Sucker Punch|p2a: Chi-Yu\n|-resisted|p2a: Chi-Yu\n|-damage|p2a: Chi-Yu|154/211\n|-damage|p1a: Skuntank|29/310|[from] item: Life Orb\n|move|p2a: Chi-Yu|Flamethrower|p1a: Skuntank\n|-damage|p1a: Skuntank|0 fnt\n|faint|p1a: Skuntank\n|\n|upkeep\n|\n|t:|1732947514\n|switch|p1a: Seviper|Seviper, L93, M|213/287\n|turn|13\n|\n|t:|1732947520\n|switch|p2a: Alcremie|Alcremie-Lemon-Cream, L90, F|263/263\n|move|p1a: Seviper|Earthquake|p2a: Alcremie\n|-damage|p2a: Alcremie|166/263\n|\n|-heal|p2a: Alcremie|182/263|[from] item: Leftovers\n|upkeep\n|turn|14\n|\n|t:|1732947536\n|switch|p1a: Beartic|Beartic, L91, M|321/321\n|move|p2a: Alcremie|Alluring Voice|p1a: Beartic\n|-damage|p1a: Beartic|215/321\n|\n|-heal|p2a: Alcremie|198/263|[from] item: Leftovers\n|upkeep\n|turn|15\n|\n|t:|1732947555\n|switch|p2a: Chi-Yu|Chi-Yu, L77|154/211\n|-ability|p2a: Chi-Yu|Beads of Ruin\n|move|p1a: Beartic|Snowscape|p1a: Beartic\n|-weather|Snow\n|\n|-weather|Snow|[upkeep]\n|upkeep\n|turn|16\n|\n|t:|1732947560\n|move|p2a: Chi-Yu|Flamethrower|p1a: Beartic\n|-supereffective|p1a: Beartic\n|-damage|p1a: Beartic|0 fnt\n|faint|p1a: Beartic\n|\n|-weather|Snow|[upkeep]\n|upkeep\n|inactive|Az1anSensation2 has 60 seconds left.\n|inactive|Az1anSensation2 has 30 seconds left.\n|\n|t:|1732947617\n|switch|p1a: Seviper|Seviper, L93, M|213/287\n|turn|17\n|\n|t:|1732947620\n|-terastallize|p2a: Chi-Yu|Fire\n|move|p2a: Chi-Yu|Flamethrower|p1a: Seviper\n|-crit|p1a: Seviper\n|-damage|p1a: Seviper|0 fnt\n|faint|p1a: Seviper\n|\n|-weather|Snow|[upkeep]\n|upkeep\n|inactive|Az1anSensation2 has 30 seconds left.\n|\n|t:|1732947631\n|switch|p1a: Gyarados|Gyarados, L79, M|188/280\n|turn|18\n|inactive|Az1anSensation2 has 30 seconds left.\n|\n|t:|1732947641\n|switch|p2a: Kyurem|Kyurem, L77|319/319\n|-ability|p2a: Kyurem|Pressure\n|move|p1a: Gyarados|Dragon Dance|p1a: Gyarados\n|-boost|p1a: Gyarados|atk|1\n|-boost|p1a: Gyarados|spe|1\n|\n|-weather|Snow|[upkeep]\n|upkeep\n|turn|19\n|inactive|Az1anSensation2 has 30 seconds left.\n|\n|t:|1732947653\n|switch|p1a: Hitmontop|Hitmontop, L88, M|198/231\n|-ability|p1a: Hitmontop|Intimidate|boost\n|-unboost|p2a: Kyurem|atk|1\n|move|p2a: Kyurem|Freeze-Dry|p1a: Hitmontop\n|-damage|p1a: Hitmontop|131/231\n|\n|-weather|none\n|upkeep\n|turn|20\n|inactive|Az1anSensation2 has 30 seconds left.\n|inactive|Az1anSensation2 has 20 seconds left.\n|inactive|Az1anSensation2 has 15 seconds left.\n|\n|t:|1732947682\n|switch|p2a: Raichu|Raichu-Alola, L87, M|246/246\n|move|p1a: Hitmontop|Close Combat|p2a: Raichu\n|-resisted|p2a: Raichu\n|-damage|p2a: Raichu|154/246\n|-unboost|p1a: Hitmontop|def|1\n|-unboost|p1a: Hitmontop|spd|1\n|\n|upkeep\n|turn|21\n|inactive|Az1anSensation2 has 25 seconds left this turn.\n|inactive|Az1anSensation2 has 20 seconds left.\n|\n|t:|1732947688\n|move|p1a: Hitmontop|Sucker Punch|p2a: Raichu\n|-supereffective|p2a: Raichu\n|-damage|p2a: Raichu|0 fnt\n|faint|p2a: Raichu\n|\n|upkeep\n|inactive|Az1anSensation2 has 25 seconds left this turn.\n|\n|t:|1732947690\n|switch|p2a: Alcremie|Alcremie-Lemon-Cream, L90, F|198/263\n|turn|22\n|inactive|Az1anSensation2 has 30 seconds left.\n|inactive|Az1anSensation2 has 20 seconds left.\n|\n|t:|1732947709\n|switch|p1a: Gyarados|Gyarados, L79, M|188/280\n|move|p2a: Alcremie|Alluring Voice|p1a: Gyarados\n|-damage|p1a: Gyarados|82/280\n|\n|-heal|p2a: Alcremie|214/263|[from] item: Leftovers\n|upkeep\n|turn|23\n|inactive|Az1anSensation2 has 30 seconds left this turn.\n|\n|t:|1732947715\n|move|p1a: Gyarados|Waterfall|p2a: Alcremie\n|-damage|p2a: Alcremie|109/263\n|cant|p2a: Alcremie|flinch\n|\n|-heal|p2a: Alcremie|125/263|[from] item: Leftovers\n|upkeep\n|turn|24\n|\n|t:|1732947720\n|move|p1a: Gyarados|Waterfall|p2a: Alcremie\n|-damage|p2a: Alcremie|28/263\n|move|p2a: Alcremie|Recover|p2a: Alcremie\n|-heal|p2a: Alcremie|160/263\n|\n|-heal|p2a: Alcremie|176/263|[from] item: Leftovers\n|upkeep\n|turn|25\n|\n|t:|1732947725\n|move|p1a: Gyarados|Waterfall|p2a: Alcremie\n|-damage|p2a: Alcremie|80/263\n|move|p2a: Alcremie|Alluring Voice|p1a: Gyarados\n|-damage|p1a: Gyarados|0 fnt\n|faint|p1a: Gyarados\n|\n|-heal|p2a: Alcremie|96/263|[from] item: Leftovers\n|upkeep\n|\n|t:|1732947738\n|switch|p1a: Minior|Minior-Violet, L79|224/224\n|-formechange|p1a: Minior|Minior-Meteor||[from] ability: Shields Down\n|turn|26\n|\n|t:|1732947746\n|move|p2a: Alcremie|Recover|p2a: Alcremie\n|-heal|p2a: Alcremie|228/263\n|move|p1a: Minior|Shell Smash|p1a: Minior\n|-unboost|p1a: Minior|def|1\n|-unboost|p1a: Minior|spd|1\n|-boost|p1a: Minior|atk|2\n|-boost|p1a: Minior|spa|2\n|-boost|p1a: Minior|spe|2\n|-enditem|p1a: Minior|White Herb\n|-clearnegativeboost|p1a: Minior|[silent]\n|\n|-heal|p2a: Alcremie|244/263|[from] item: Leftovers\n|upkeep\n|turn|27\n|inactive|Az1anSensation2 has 30 seconds left.\n|inactive|Az1anSensation2 has 20 seconds left.\n|\n|t:|1732947778\n|move|p1a: Minior|Shell Smash|p1a: Minior\n|-unboost|p1a: Minior|def|1\n|-unboost|p1a: Minior|spd|1\n|-boost|p1a: Minior|atk|2\n|-boost|p1a: Minior|spa|2\n|-boost|p1a: Minior|spe|2\n|move|p2a: Alcremie|Calm Mind|p2a: Alcremie\n|-boost|p2a: Alcremie|spa|1\n|-boost|p2a: Alcremie|spd|1\n|\n|-heal|p2a: Alcremie|260/263|[from] item: Leftovers\n|upkeep\n|turn|28\n|inactive|Az1anSensation2 has 30 seconds left this turn.\n|inactive|Az1anSensation2 has 20 seconds left.\n|inactive|Az1anSensation2 has 15 seconds left.\n|\n|t:|1732947795\n|move|p1a: Minior|Acrobatics|p2a: Alcremie\n|-damage|p2a: Alcremie|38/263\n|move|p2a: Alcremie|Alluring Voice|p1a: Minior\n|-damage|p1a: Minior|1/224\n|\n|-heal|p2a: Alcremie|54/263|[from] item: Leftovers\n|-formechange|p1a: Minior|Minior-Violet||[from] ability: Shields Down\n|upkeep\n|turn|29\n|inactive|Az1anSensation2 has 25 seconds left this turn.\n|inactive|Az1anSensation2 has 20 seconds left.\n|-message|terry0621 forfeited.\n|\n|win|Az1anSensation2\n|inactive|Az1anSensation2 has 25 seconds left this turn.\n|raw|Az1anSensation2's rating: 1995 &rarr; <strong>2019</strong><br />(+24 for winning)\n|raw|terry0621's rating: 2064 &rarr; <strong>2040</strong><br />(-24 for losing)\n|l|\u2606terry0621\n|player|p2|\n", "inputlog": ">version b107d77f5c90bd6555267ae244a6264823309ead\n>start {\"formatid\":\"gen9randombattle\",\"seed\":[64643,27454,37830,59779],\"rated\":\"Rated battle\"}\n>player p1 {\"name\":\"Az1anSensation2\",\"avatar\":\"102\",\"rating\":1995,\"seed\":[32759,43194,25396,53294]}\n>player p2 {\"name\":\"terry0621\",\"avatar\":\"1\",\"rating\":2064,\"seed\":[24762,54499,12029,47507]}\n>p1 switch 2\n>p2 move psychic\n>p1 move knockoff\n>p2 switch 6\n>p1 switch 3\n>p2 move throatchop\n>p1 move rapidspin\n>p2 switch 2\n>p1 switch 2\n>p2 move moonblast\n>p1 move gunkshot\n>p2 move shadowball\n>p2 switch 5\n>p1 switch 5\n>p2 move overheat\n>p1 move waterfall\n>p2 switch 2\n>p1 switch 3\n>p2 move playrough\n>p1 move gunkshot\n>p2 move playrough\n>p1 move knockoff\n>p2 move suckerpunch\n>p2 switch 2\n>p1 move suckerpunch\n>p2 move flamethrower\n>p1 switch 5\n>p1 move earthquake\n>p2 switch 3\n>p1 switch 6\n>p2 move alluringvoice\n>p1 move snowscape\n>p2 switch 3\n>p1 move earthquake\n>p2 move flamethrower\n>p1 switch 6\n>p1 move gunkshot\n>p2 move flamethrower terastallize\n>p1 switch 3\n>p1 move dragondance\n>p2 switch 4\n>p1 switch 2\n>p2 move freezedry\n>p1 move closecombat\n>p2 switch 6\n>p1 move suckerpunch\n>p2 move voltswitch\n>p2 switch 3\n>p1 switch 2\n>p2 move alluringvoice\n>p1 move waterfall\n>p2 move recover\n>p1 move waterfall\n>p2 move recover\n>p1 move waterfall\n>p2 move alluringvoice\n>p1 switch 4\n>p1 move shellsmash\n>p2 move recover\n>p1 move shellsmash\n>p2 move calmmind\n>p1 move acrobatics\n>p2 move alluringvoice\n>forcelose p2", "uploadtime": 1732947890, "views": 10, "formatid": "gen9randombattle", "rating": 2019, "private": 0, "password": null}