{"id": "gen9randombattle-2253932452", "format": "[Gen 9] Random Battle", "players": ["ivan1656056", "HonkeyCOMP"], "log": "|j|\u203divan1656056\n|j|\u2606HonkeyCOMP\n|t:|1732966555\n|gametype|singles\n|player|p1|ivan1656056|1|1470\n|player|p2|HonkeyCOMP|clay|1428\n|teamsize|p1|6\n|teamsize|p2|6\n|gen|9\n|tier|[Gen 9] Random Battle\n|rated|\n|rule|Species Clause: Limit one of each Pok\u00e9mon\n|rule|HP Percentage Mod: HP is shown in percentages\n|rule|Sleep Clause Mod: Limit one foe put to sleep\n|rule|Illusion Level Mod: Illusion disguises the Pok\u00e9mon's true level\n|\n|t:|1732966555\n|start\n|switch|p1a: Dewgong|Dewgong, L94, M|322/322\n|switch|p2a: Terapagos|Terapagos, L76, F|262/262\n|-activate|p2a: Terapagos|ability: Tera Shift\n|detailschange|p2a: Terapagos|Terapagos-Terastal, L76, F\n|-heal|p2a: Terapagos|269/269|[silent]\n|turn|1\n|inactive|Battle timer is ON: inactive players will automatically lose when time's up. (requested by HonkeyCOMP)\n|inactive|ivan1656056 also wants the timer to be on.\n|inactive|HonkeyCOMP has 120 seconds left.\n|inactive|HonkeyCOMP has 90 seconds left.\n|\n|t:|1732966616\n|move|p1a: Dewgong|Flip Turn|p2a: Terapagos\n|-activate|p2a: Terapagos|ability: Tera Shell\n|-resisted|p2a: Terapagos\n|-damage|p2a: Terapagos|237/269\n|\n|t:|1732966625\n|switch|p1a: Kommo-o|Kommo-o, L78, M|245/245|[from] Flip Turn\n|move|p2a: Terapagos|Calm Mind|p2a: Terapagos\n|-boost|p2a: Terapagos|spa|1\n|-boost|p2a: Terapagos|spd|1\n|\n|upkeep\n|turn|2\n|\n|t:|1732966635\n|move|p1a: Kommo-o|Close Combat|p2a: Terapagos\n|-supereffective|p2a: Terapagos\n|-damage|p2a: Terapagos|19/269\n|-unboost|p1a: Kommo-o|def|1\n|-unboost|p1a: Kommo-o|spd|1\n|move|p2a: Terapagos|Rapid Spin|p1a: Kommo-o\n|-damage|p1a: Kommo-o|194/245\n|-boost|p2a: Terapagos|spe|1\n|\n|upkeep\n|turn|3\n|\n|t:|1732966647\n|-terastallize|p2a: Terapagos|Stellar\n|detailschange|p2a: Terapagos|Terapagos-Stellar, L76, F, tera:Stellar\n|-heal|p2a: Terapagos|118/368|[silent]\n|move|p2a: Terapagos|Tera Starstorm|p1a: Kommo-o\n|-damage|p1a: Kommo-o|0 fnt\n|faint|p1a: Kommo-o\n|\n|upkeep\n|\n|t:|1732966664\n|switch|p1a: Arbok|Arbok, L87, F|246/246\n|-ability|p1a: Arbok|Intimidate|boost\n|-unboost|p2a: Terapagos|atk|1\n|turn|4\n|\n|t:|1732966673\n|move|p1a: Arbok|Sucker Punch|p2a: Terapagos\n|-damage|p2a: Terapagos|54/368\n|-damage|p1a: Arbok|222/246|[from] item: Life Orb\n|move|p2a: Terapagos|Tera Starstorm|p1a: Arbok\n|-damage|p1a: Arbok|56/246\n|\n|upkeep\n|turn|5\n|\n|t:|1732966693\n|move|p1a: Arbok|Sucker Punch|p2a: Terapagos\n|-damage|p2a: Terapagos|0 fnt\n|faint|p2a: Terapagos\n|-damage|p1a: Arbok|32/246|[from] item: Life Orb\n|\n|upkeep\n|\n|t:|1732966704\n|switch|p2a: Iron Jugulis|Iron Jugulis, L78|275/275\n|turn|6\n|\n|t:|1732966711\n|move|p2a: Iron Jugulis|Earth Power|p1a: Arbok\n|-supereffective|p1a: Arbok\n|-damage|p1a: Arbok|0 fnt\n|faint|p1a: Arbok\n|\n|upkeep\n|\n|t:|1732966725\n|switch|p1a: Dewgong|Dewgong, L94, M|322/322\n|turn|7\n|\n|t:|1732966734\n|-end|p2a: Iron Jugulis|Quark Drive|[silent]\n|switch|p2a: Swalot|Swalot, L90, F|326/326\n|move|p1a: Dewgong|Ice Beam|p2a: Swalot\n|-damage|p2a: Swalot|235/326\n|\n|-heal|p2a: Swalot|255/326|[from] item: Leftovers\n|upkeep\n|turn|8\n|\n|t:|1732966742\n|move|p1a: Dewgong|Flip Turn|p2a: Swalot\n|-damage|p2a: Swalot|192/326\n|\n|t:|1732966749\n|switch|p1a: Dusknoir|Dusknoir, L89, F|225/225|[from] Flip Turn\n|-item|p2a: Swalot|Leftovers|[from] ability: Frisk|[of] p1a: Dusknoir\n|move|p2a: Swalot|Toxic Spikes|p1a: Dusknoir\n|-sidestart|p1: ivan1656056|move: Toxic Spikes\n|\n|-heal|p2a: Swalot|212/326|[from] item: Leftovers\n|upkeep\n|turn|9\n|\n|t:|1732966759\n|move|p2a: Swalot|Knock Off|p1a: Dusknoir\n|-supereffective|p1a: Dusknoir\n|-damage|p1a: Dusknoir|133/225\n|-enditem|p1a: Dusknoir|Leftovers|[from] move: Knock Off|[of] p2a: Swalot\n|move|p1a: Dusknoir|Substitute|p1a: Dusknoir\n|-start|p1a: Dusknoir|Substitute\n|-damage|p1a: Dusknoir|77/225\n|\n|-heal|p2a: Swalot|232/326|[from] item: Leftovers\n|upkeep\n|turn|10\n|\n|t:|1732966767\n|move|p2a: Swalot|Knock Off|p1a: Dusknoir\n|-supereffective|p1a: Dusknoir\n|-end|p1a: Dusknoir|Substitute\n|move|p1a: Dusknoir|Poltergeist|p2a: Swalot\n|-activate|p2a: Swalot|move: Poltergeist|Leftovers\n|-damage|p2a: Swalot|96/326\n|\n|-heal|p2a: Swalot|116/326|[from] item: Leftovers\n|upkeep\n|turn|11\n|\n|t:|1732966775\n|move|p2a: Swalot|Knock Off|p1a: Dusknoir\n|-supereffective|p1a: Dusknoir\n|-damage|p1a: Dusknoir|13/225\n|move|p1a: Dusknoir|Poltergeist|p2a: Swalot\n|-activate|p2a: Swalot|move: Poltergeist|Leftovers\n|-damage|p2a: Swalot|0 fnt\n|faint|p2a: Swalot\n|\n|upkeep\n|\n|t:|1732966787\n|switch|p2a: Volcanion|Volcanion, L79|255/255\n|turn|12\n|\n|t:|1732966798\n|move|p2a: Volcanion|Flamethrower|p1a: Dusknoir\n|-damage|p1a: Dusknoir|0 fnt\n|faint|p1a: Dusknoir\n|\n|upkeep\n|\n|t:|1732966806\n|switch|p1a: Hatterene|Hatterene, L85, F|236/236\n|-status|p1a: Hatterene|psn\n|turn|13\n|inactive|HonkeyCOMP has 120 seconds left.\n|inactive|HonkeyCOMP has 90 seconds left.\n|\n|t:|1732966869\n|move|p2a: Volcanion|Flamethrower|p1a: Hatterene\n|-damage|p1a: Hatterene|89/236 psn\n|move|p1a: Hatterene|Calm Mind|p1a: Hatterene\n|-boost|p1a: Hatterene|spa|1\n|-boost|p1a: Hatterene|spd|1\n|\n|-heal|p1a: Hatterene|103/236 psn|[from] item: Leftovers\n|-damage|p1a: Hatterene|74/236 psn|[from] psn\n|upkeep\n|turn|14\n|\n|t:|1732966886\n|move|p2a: Volcanion|Flamethrower|p1a: Hatterene\n|-damage|p1a: Hatterene|0 fnt\n|faint|p1a: Hatterene\n|\n|upkeep\n|\n|t:|1732966894\n|switch|p1a: Ursaring|Ursaring, L84, M|288/288\n|-status|p1a: Ursaring|psn\n|turn|15\n|inactive|HonkeyCOMP has 90 seconds left.\n|\n|t:|1732966918\n|move|p1a: Ursaring|Swords Dance|p1a: Ursaring\n|-boost|p1a: Ursaring|atk|2\n|move|p2a: Volcanion|Flamethrower|p1a: Ursaring\n|-damage|p1a: Ursaring|117/288 psn\n|\n|-damage|p1a: Ursaring|81/288 psn|[from] psn\n|upkeep\n|turn|16\n|\n|t:|1732966925\n|-terastallize|p1a: Ursaring|Normal\n|move|p1a: Ursaring|Facade|p2a: Volcanion\n|-damage|p2a: Volcanion|0 fnt\n|faint|p2a: Volcanion\n|\n|-damage|p1a: Ursaring|45/288 psn|[from] psn\n|upkeep\n|\n|t:|1732966933\n|switch|p2a: Yanmega|Yanmega, L82, M|275/275\n|turn|17\n|\n|t:|1732966937\n|move|p1a: Ursaring|Facade|p2a: Yanmega\n|-damage|p2a: Yanmega|0 fnt\n|faint|p2a: Yanmega\n|\n|-damage|p1a: Ursaring|9/288 psn|[from] psn\n|upkeep\n|\n|t:|1732966947\n|switch|p2a: Blissey|Blissey, L84, F|566/566\n|turn|18\n|\n|t:|1732966951\n|move|p1a: Ursaring|Close Combat|p2a: Blissey\n|-supereffective|p2a: Blissey\n|-damage|p2a: Blissey|0 fnt\n|-unboost|p1a: Ursaring|def|1\n|-unboost|p1a: Ursaring|spd|1\n|faint|p2a: Blissey\n|\n|-damage|p1a: Ursaring|0 fnt|[from] psn\n|faint|p1a: Ursaring\n|upkeep\n|inactive|HonkeyCOMP has 120 seconds left.\n|\n|t:|1732966959\n|switch|p1a: Dewgong|Dewgong, L94, M|322/322\n|switch|p2a: Iron Jugulis|Iron Jugulis, L78|275/275\n|turn|19\n|\n|t:|1732966968\n|move|p2a: Iron Jugulis|Hurricane|p1a: Dewgong\n|-damage|p1a: Dewgong|180/322\n|-start|p1a: Dewgong|confusion\n|-activate|p1a: Dewgong|confusion\n|-damage|p1a: Dewgong|152/322|[from] confusion\n|\n|upkeep\n|turn|20\n|\n|t:|1732966974\n|move|p2a: Iron Jugulis|Hurricane|p1a: Dewgong|[miss]\n|-miss|p2a: Iron Jugulis|p1a: Dewgong\n|-activate|p1a: Dewgong|confusion\n|-damage|p1a: Dewgong|125/322|[from] confusion\n|\n|upkeep\n|turn|21\n|\n|t:|1732966979\n|move|p2a: Iron Jugulis|Hurricane|p1a: Dewgong\n|-damage|p1a: Dewgong|0 fnt\n|faint|p1a: Dewgong\n|\n|win|HonkeyCOMP\n|raw|ivan1656056's rating: 1470 &rarr; <strong>1448</strong><br />(-22 for losing)\n|raw|HonkeyCOMP's rating: 1428 &rarr; <strong>1450</strong><br />(+22 for winning)\n", "inputlog": ">version b107d77f5c90bd6555267ae244a6264823309ead\n>start {\"formatid\":\"gen9randombattle\",\"seed\":[2261,6516,64050,24687],\"rated\":\"Rated battle\"}\n>player p1 {\"name\":\"ivan1656056\",\"avatar\":\"1\",\"rating\":1470,\"seed\":[63382,33597,62012,10107]}\n>player p2 {\"name\":\"HonkeyCOMP\",\"avatar\":\"clay\",\"rating\":1428,\"seed\":[14444,25829,24704,38338]}\n>p1 move flipturn\n>p2 move calmmind\n>p1 switch 4\n>p1 move closecombat\n>p2 move rapidspin\n>p1 move scaleshot\n>p2 move terastarstorm terastallize\n>p1 switch 6\n>p1 move suckerpunch\n>p2 move terastarstorm\n>p1 move suckerpunch\n>p2 move terastarstorm\n>p2 switch 4\n>p1 move gunkshot\n>p2 move earthpower\n>p1 switch 4\n>p1 move icebeam\n>p2 switch 5\n>p1 move flipturn\n>p2 move toxicspikes\n>p1 switch 2\n>p1 move substitute\n>p2 move knockoff\n>p1 move poltergeist\n>p2 move knockoff\n>p1 move poltergeist\n>p2 move knockoff\n>p2 switch 2\n>p1 move poltergeist\n>p2 move flamethrower\n>p1 switch 3\n>p1 move calmmind\n>p2 move flamethrower\n>p1 move psyshock\n>p2 move flamethrower\n>p1 switch 5\n>p1 move swordsdance\n>p2 move flamethrower\n>p1 move facade terastallize\n>p2 move flamethrower\n>p2 switch 3\n>p1 move facade\n>p2 move bugbuzz\n>p2 switch 6\n>p1 move closecombat\n>p2 move seismictoss\n>p1 switch 2\n>p2 switch 5\n>p1 move icebeam\n>p2 move hurricane\n>p1 move icebeam\n>p2 move hurricane\n>p1 move icebeam\n>p2 move hurricane", "uploadtime": 1732966984, "views": 2, "formatid": "gen9randombattle", "rating": 1448, "private": 0, "password": null}