{"id": "gen9randombattle-2254046237", "format": "[Gen 9] Random Battle", "players": ["Kobrastryke5000", "peachfurr"], "log": "|j|\u2606Kobrastryke5000\n|j|\u2606peachfurr\n|t:|1732984467\n|gametype|singles\n|player|p1|Kobrastryke5000|ninjaboy|1046\n|player|p2|peachfurr|1|1050\n|teamsize|p1|6\n|teamsize|p2|6\n|gen|9\n|tier|[Gen 9] Random Battle\n|rated|\n|rule|Species Clause: Limit one of each Pok\u00e9mon\n|rule|HP Percentage Mod: HP is shown in percentages\n|rule|Sleep Clause Mod: Limit one foe put to sleep\n|rule|Illusion Level Mod: Illusion disguises the Pok\u00e9mon's true level\n|\n|t:|1732984467\n|start\n|switch|p1a: Leavanny|Leavanny, L86, M|269/269\n|switch|p2a: Tinkaton|Tinkaton, L82, F|274/274\n|-ability|p2a: Tinkaton|Mold Breaker\n|turn|1\n|inactive|Battle timer is ON: inactive players will automatically lose when time's up. (requested by Kobrastryke5000)\n|inactive|peachfurr has 120 seconds left.\n|\n|t:|1732984512\n|switch|p2a: Ambipom|Ambipom, L84, F|263/263\n|move|p1a: Leavanny|Sticky Web|p2a: Ambipom\n|-sidestart|p2: peachfurr|move: Sticky Web\n|\n|upkeep\n|turn|2\n|\n|t:|1732984535\n|move|p2a: Ambipom|Triple Axel|p1a: Leavanny\n|-supereffective|p1a: Leavanny\n|-damage|p1a: Leavanny|193/269\n|-supereffective|p1a: Leavanny\n|-damage|p1a: Leavanny|45/269\n|-supereffective|p1a: Leavanny\n|-damage|p1a: Leavanny|0 fnt\n|faint|p1a: Leavanny\n|-hitcount|p1: Leavanny|3\n|\n|upkeep\n|inactive|Kobrastryke5000 has 120 seconds left.\n|\n|t:|1732984566\n|switch|p1a: Raichu|Raichu, L88, M|249/249\n|turn|3\n|\n|t:|1732984577\n|switch|p2a: Abomasnow|Abomasnow, L85, F|291/291\n|-activate|p2a: Abomasnow|move: Sticky Web\n|-unboost|p2a: Abomasnow|spe|1\n|-weather|Snow|[from] ability: Snow Warning|[of] p2a: Abomasnow\n|move|p1a: Raichu|Nuzzle|p2a: Abomasnow\n|-resisted|p2a: Abomasnow\n|-damage|p2a: Abomasnow|283/291\n|-status|p2a: Abomasnow|par\n|\n|-weather|Snow|[upkeep]\n|upkeep\n|turn|4\n|inactive|Kobrastryke5000 has 120 seconds left.\n|\n|t:|1732984609\n|switch|p1a: Wigglytuff|Wigglytuff, L96, F|424/424\n|move|p2a: Abomasnow|Earthquake|p1a: Wigglytuff\n|-damage|p1a: Wigglytuff|320/424\n|\n|-weather|Snow|[upkeep]\n|-heal|p1a: Wigglytuff|346/424|[from] item: Leftovers\n|upkeep\n|turn|5\n|inactive|peachfurr has 120 seconds left.\n|\n|t:|1732984639\n|move|p1a: Wigglytuff|Knock Off|p2a: Abomasnow\n|-damage|p2a: Abomasnow|234/291 par\n|-enditem|p2a: Abomasnow|Light Clay|[from] move: Knock Off|[of] p1a: Wigglytuff\n|move|p2a: Abomasnow|Aurora Veil|p2a: Abomasnow\n|-sidestart|p2: peachfurr|move: Aurora Veil\n|\n|-weather|Snow|[upkeep]\n|-heal|p1a: Wigglytuff|372/424|[from] item: Leftovers\n|upkeep\n|turn|6\n|inactive|peachfurr has 120 seconds left.\n|\n|t:|1732984668\n|move|p1a: Wigglytuff|Wish|p1a: Wigglytuff\n|move|p2a: Abomasnow|Wood Hammer|p1a: Wigglytuff\n|-damage|p1a: Wigglytuff|186/424\n|-damage|p2a: Abomasnow|173/291 par|[from] Recoil\n|\n|-weather|Snow|[upkeep]\n|-heal|p1a: Wigglytuff|212/424|[from] item: Leftovers\n|upkeep\n|turn|7\n|\n|t:|1732984684\n|move|p1a: Wigglytuff|Dazzling Gleam|p2a: Abomasnow\n|-damage|p2a: Abomasnow|124/291 par\n|move|p2a: Abomasnow|Blizzard|p1a: Wigglytuff\n|-damage|p1a: Wigglytuff|56/424\n|\n|-weather|none\n|-heal|p1a: Wigglytuff|268/424|[from] move: Wish|[wisher] Wigglytuff\n|-heal|p1a: Wigglytuff|294/424|[from] item: Leftovers\n|upkeep\n|turn|8\n|\n|t:|1732984695\n|move|p1a: Wigglytuff|Wish|p1a: Wigglytuff\n|move|p2a: Abomasnow|Blizzard|p1a: Wigglytuff\n|-damage|p1a: Wigglytuff|143/424\n|\n|-heal|p1a: Wigglytuff|169/424|[from] item: Leftovers\n|upkeep\n|turn|9\n|\n|t:|1732984710\n|move|p1a: Wigglytuff|Dazzling Gleam|p2a: Abomasnow\n|-damage|p2a: Abomasnow|70/291 par\n|move|p2a: Abomasnow|Blizzard|p1a: Wigglytuff\n|-damage|p1a: Wigglytuff|19/424\n|\n|-heal|p1a: Wigglytuff|231/424|[from] move: Wish|[wisher] Wigglytuff\n|-heal|p1a: Wigglytuff|257/424|[from] item: Leftovers\n|-sideend|p2: peachfurr|move: Aurora Veil\n|upkeep\n|turn|10\n|inactive|peachfurr has 120 seconds left.\n|\n|t:|1732984720\n|move|p1a: Wigglytuff|Wish|p1a: Wigglytuff\n|cant|p2a: Abomasnow|par\n|\n|-heal|p1a: Wigglytuff|283/424|[from] item: Leftovers\n|upkeep\n|turn|11\n|\n|t:|1732984724\n|move|p1a: Wigglytuff|Dazzling Gleam|p2a: Abomasnow\n|-damage|p2a: Abomasnow|0 fnt\n|faint|p2a: Abomasnow\n|\n|-heal|p1a: Wigglytuff|424/424|[from] move: Wish|[wisher] Wigglytuff\n|upkeep\n|\n|t:|1732984738\n|switch|p2a: Tinkaton|Tinkaton, L82, F|274/274\n|-activate|p2a: Tinkaton|move: Sticky Web\n|-unboost|p2a: Tinkaton|spe|1\n|-ability|p2a: Tinkaton|Mold Breaker\n|turn|12\n|inactive|Kobrastryke5000 has 120 seconds left.\n|\n|t:|1732984751\n|switch|p1a: Raichu|Raichu, L88, M|249/249\n|move|p2a: Tinkaton|Swords Dance|p2a: Tinkaton\n|-boost|p2a: Tinkaton|atk|2\n|\n|upkeep\n|turn|13\n|inactive|Kobrastryke5000 has 120 seconds left.\n|inactive|peachfurr has 120 seconds left.\n|\n|t:|1732984773\n|move|p1a: Raichu|Thunderbolt|p2a: Tinkaton\n|-damage|p2a: Tinkaton|183/274\n|move|p2a: Tinkaton|Gigaton Hammer|p1a: Raichu\n|-resisted|p1a: Raichu\n|-damage|p1a: Raichu|28/249\n|-damage|p2a: Tinkaton|156/274|[from] item: Life Orb\n|\n|-heal|p1a: Raichu|43/249|[from] item: Leftovers\n|upkeep\n|turn|14\n|inactive|peachfurr has 120 seconds left.\n|\n|t:|1732984787\n|move|p1a: Raichu|Thunderbolt|p2a: Tinkaton\n|-damage|p2a: Tinkaton|74/274\n|move|p2a: Tinkaton|Play Rough|p1a: Raichu\n|-damage|p1a: Raichu|0 fnt\n|faint|p1a: Raichu\n|-damage|p2a: Tinkaton|47/274|[from] item: Life Orb\n|\n|upkeep\n|\n|t:|1732984809\n|switch|p1a: Chansey|Chansey, L85, F|564/564\n|turn|15\n|inactive|peachfurr has 120 seconds left.\n|\n|t:|1732984822\n|move|p2a: Tinkaton|Gigaton Hammer|p1a: Chansey\n|-damage|p1a: Chansey|0 fnt\n|faint|p1a: Chansey\n|-damage|p2a: Tinkaton|20/274|[from] item: Life Orb\n|\n|upkeep\n|\n|t:|1732984834\n|switch|p1a: Oricorio|Oricorio-Pa'u, L87, F|272/272\n|turn|16\n|\n|t:|1732984845\n|move|p1a: Oricorio|Revelation Dance|p2a: Tinkaton\n|-resisted|p2a: Tinkaton\n|-damage|p2a: Tinkaton|0 fnt\n|faint|p2a: Tinkaton\n|\n|upkeep\n|inactive|peachfurr has 120 seconds left.\n|\n|t:|1732984858\n|switch|p2a: Ambipom|Ambipom, L84, F|263/263\n|-activate|p2a: Ambipom|move: Sticky Web\n|-unboost|p2a: Ambipom|spe|1\n|turn|17\n|inactive|peachfurr has 120 seconds left.\n|\n|t:|1732984877\n|-terastallize|p1a: Oricorio|Fighting\n|move|p1a: Oricorio|Quiver Dance|p1a: Oricorio\n|-boost|p1a: Oricorio|spa|1\n|-boost|p1a: Oricorio|spd|1\n|-boost|p1a: Oricorio|spe|1\n|move|p2a: Ambipom|Triple Axel|p1a: Oricorio|[miss]\n|-miss|p2a: Ambipom|p1a: Oricorio\n|\n|upkeep\n|turn|18\n|inactive|peachfurr has 120 seconds left.\n|\n|t:|1732984894\n|move|p1a: Oricorio|Revelation Dance|p2a: Ambipom\n|-supereffective|p2a: Ambipom\n|-damage|p2a: Ambipom|0 fnt\n|faint|p2a: Ambipom\n|\n|upkeep\n|\n|t:|1732984912\n|switch|p2a: Dunsparce|Dunsparce, L86, M|312/312\n|-activate|p2a: Dunsparce|move: Sticky Web\n|-unboost|p2a: Dunsparce|spe|1\n|turn|19\n|inactive|Kobrastryke5000 has 120 seconds left.\n|\n|t:|1732984934\n|-terastallize|p2a: Dunsparce|Ghost\n|move|p1a: Oricorio|Revelation Dance|p2a: Dunsparce\n|-immune|p2a: Dunsparce\n|move|p2a: Dunsparce|Coil|p2a: Dunsparce\n|-boost|p2a: Dunsparce|atk|1\n|-boost|p2a: Dunsparce|def|1\n|-boost|p2a: Dunsparce|accuracy|1\n|\n|upkeep\n|turn|20\n|inactive|Kobrastryke5000 has 120 seconds left.\n|\n|t:|1732984945\n|switch|p1a: Wigglytuff|Wigglytuff, L96, F|424/424\n|move|p2a: Dunsparce|Coil|p2a: Dunsparce\n|-boost|p2a: Dunsparce|atk|1\n|-boost|p2a: Dunsparce|def|1\n|-boost|p2a: Dunsparce|accuracy|1\n|\n|upkeep\n|turn|21\n|inactive|peachfurr has 90 seconds left.\n|\n|t:|1732984963\n|move|p1a: Wigglytuff|Knock Off|p2a: Dunsparce\n|-supereffective|p2a: Dunsparce\n|-damage|p2a: Dunsparce|258/312\n|-enditem|p2a: Dunsparce|Eviolite|[from] move: Knock Off|[of] p1a: Wigglytuff\n|move|p2a: Dunsparce|Earthquake|p1a: Wigglytuff\n|-damage|p1a: Wigglytuff|251/424\n|\n|-heal|p1a: Wigglytuff|277/424|[from] item: Leftovers\n|upkeep\n|turn|22\n|\n|t:|1732984973\n|move|p1a: Wigglytuff|Wish|p1a: Wigglytuff\n|move|p2a: Dunsparce|Body Slam|p1a: Wigglytuff\n|-damage|p1a: Wigglytuff|72/424\n|-status|p1a: Wigglytuff|par\n|\n|-heal|p1a: Wigglytuff|98/424 par|[from] item: Leftovers\n|upkeep\n|turn|23\n|\n|t:|1732984980\n|move|p1a: Wigglytuff|Protect|p1a: Wigglytuff\n|-singleturn|p1a: Wigglytuff|Protect\n|move|p2a: Dunsparce|Body Slam|p1a: Wigglytuff\n|-activate|p1a: Wigglytuff|move: Protect\n|\n|-heal|p1a: Wigglytuff|310/424 par|[from] move: Wish|[wisher] Wigglytuff\n|-heal|p1a: Wigglytuff|336/424 par|[from] item: Leftovers\n|upkeep\n|turn|24\n|\n|t:|1732984988\n|move|p2a: Dunsparce|Body Slam|p1a: Wigglytuff\n|-damage|p1a: Wigglytuff|113/424 par\n|move|p1a: Wigglytuff|Dazzling Gleam|p2a: Dunsparce\n|-damage|p2a: Dunsparce|147/312\n|\n|-heal|p1a: Wigglytuff|139/424 par|[from] item: Leftovers\n|upkeep\n|turn|25\n|\n|t:|1732984995\n|cant|p1a: Wigglytuff|par\n|move|p2a: Dunsparce|Body Slam|p1a: Wigglytuff\n|-damage|p1a: Wigglytuff|0 fnt\n|faint|p1a: Wigglytuff\n|\n|upkeep\n|\n|t:|1732985000\n|switch|p1a: Dragalge|Dragalge, L88, M|258/258\n|turn|26\n|inactive|peachfurr has 120 seconds left.\n|\n|t:|1732985010\n|move|p1a: Dragalge|Draco Meteor|p2a: Dunsparce\n|-damage|p2a: Dunsparce|0 fnt\n|-unboost|p1a: Dragalge|spa|2\n|faint|p2a: Dunsparce\n|\n|upkeep\n|inactive|peachfurr has 120 seconds left.\n|\n|t:|1732985033\n|switch|p2a: Palkia|Palkia, L75|259/259\n|-activate|p2a: Palkia|move: Sticky Web\n|-unboost|p2a: Palkia|spe|1\n|-ability|p2a: Palkia|Pressure\n|turn|27\n|\n|t:|1732985045\n|move|p2a: Palkia|Draco Meteor|p1a: Dragalge\n|-supereffective|p1a: Dragalge\n|-damage|p1a: Dragalge|0 fnt\n|-unboost|p2a: Palkia|spa|2\n|faint|p1a: Dragalge\n|\n|upkeep\n|\n|t:|1732985049\n|switch|p1a: Oricorio|Oricorio-Pa'u, L87, F, tera:Fighting|272/272\n|turn|28\n|\n|t:|1732985052\n|move|p1a: Oricorio|Quiver Dance|p1a: Oricorio\n|-boost|p1a: Oricorio|spa|1\n|-boost|p1a: Oricorio|spd|1\n|-boost|p1a: Oricorio|spe|1\n|move|p2a: Palkia|Draco Meteor|p1a: Oricorio\n|-damage|p1a: Oricorio|173/272\n|-unboost|p2a: Palkia|spa|2\n|\n|upkeep\n|turn|29\n|\n|t:|1732985060\n|switch|p2a: Shaymin|Shaymin, L82|298/298\n|-activate|p2a: Shaymin|move: Sticky Web\n|-unboost|p2a: Shaymin|spe|1\n|move|p1a: Oricorio|Quiver Dance|p1a: Oricorio\n|-boost|p1a: Oricorio|spa|1\n|-boost|p1a: Oricorio|spd|1\n|-boost|p1a: Oricorio|spe|1\n|\n|upkeep\n|turn|30\n|\n|t:|1732985071\n|move|p1a: Oricorio|Hurricane|p2a: Shaymin\n|-supereffective|p2a: Shaymin\n|-damage|p2a: Shaymin|0 fnt\n|faint|p2a: Shaymin\n|\n|upkeep\n|\n|t:|1732985076\n|switch|p2a: Palkia|Palkia, L75|259/259\n|-activate|p2a: Palkia|move: Sticky Web\n|-unboost|p2a: Palkia|spe|1\n|-ability|p2a: Palkia|Pressure\n|turn|31\n|\n|t:|1732985088\n|move|p1a: Oricorio|Roost|p1a: Oricorio\n|-heal|p1a: Oricorio|272/272\n|move|p2a: Palkia|Fire Blast|p1a: Oricorio|[miss]\n|-miss|p2a: Palkia|p1a: Oricorio\n|\n|upkeep\n|turn|32\n|\n|t:|1732985094\n|move|p1a: Oricorio|Quiver Dance|p1a: Oricorio\n|-boost|p1a: Oricorio|spa|1\n|-boost|p1a: Oricorio|spd|1\n|-boost|p1a: Oricorio|spe|1\n|move|p2a: Palkia|Fire Blast|p1a: Oricorio|[miss]\n|-miss|p2a: Palkia|p1a: Oricorio\n|\n|upkeep\n|turn|33\n|\n|t:|1732985102\n|move|p1a: Oricorio|Quiver Dance|p1a: Oricorio\n|-boost|p1a: Oricorio|spa|1\n|-boost|p1a: Oricorio|spd|1\n|-boost|p1a: Oricorio|spe|1\n|move|p2a: Palkia|Fire Blast|p1a: Oricorio\n|-damage|p1a: Oricorio|220/272\n|\n|upkeep\n|turn|34\n|\n|t:|1732985110\n|move|p1a: Oricorio|Quiver Dance|p1a: Oricorio\n|-boost|p1a: Oricorio|spa|1\n|-boost|p1a: Oricorio|spd|1\n|-boost|p1a: Oricorio|spe|1\n|move|p2a: Palkia|Fire Blast|p1a: Oricorio\n|-damage|p1a: Oricorio|177/272\n|\n|upkeep\n|turn|35\n|\n|t:|1732985116\n|move|p1a: Oricorio|Roost|p1a: Oricorio\n|-heal|p1a: Oricorio|272/272\n|move|p2a: Palkia|Fire Blast|p1a: Oricorio\n|-damage|p1a: Oricorio|224/272\n|\n|upkeep\n|turn|36\n|\n|t:|1732985122\n|move|p1a: Oricorio|Quiver Dance|p1a: Oricorio\n|-boost|p1a: Oricorio|spa|1\n|-boost|p1a: Oricorio|spd|1\n|-boost|p1a: Oricorio|spe|1\n|move|p2a: Palkia|Fire Blast|p1a: Oricorio\n|-damage|p1a: Oricorio|188/272\n|\n|upkeep\n|turn|37\n|\n|t:|1732985132\n|move|p1a: Oricorio|Roost|p1a: Oricorio\n|-heal|p1a: Oricorio|272/272\n|move|p2a: Palkia|Fire Blast|p1a: Oricorio\n|-damage|p1a: Oricorio|233/272\n|\n|upkeep\n|turn|38\n|inactive|peachfurr has 120 seconds left.\n|inactive|peachfurr has 90 seconds left.\n|inactive|peachfurr has 60 seconds left.\n|inactive|peachfurr has 30 seconds left.\n|inactive|peachfurr has 20 seconds left.\n|inactive|peachfurr has 15 seconds left.\n|inactive|peachfurr has 10 seconds left.\n|inactive|peachfurr has 5 seconds left.\n|-message|peachfurr lost due to inactivity.\n|\n|win|Kobrastryke5000\n|raw|Kobrastryke5000's rating: 1046 &rarr; <strong>1079</strong><br />(+33 for winning)\n|raw|peachfurr's rating: 1050 &rarr; <strong>1032</strong><br />(-18 for losing)\n", "inputlog": ">version b107d77f5c90bd6555267ae244a6264823309ead\n>start {\"formatid\":\"gen9randombattle\",\"seed\":[43045,59895,38770,9563],\"rated\":\"Rated battle\"}\n>player p1 {\"name\":\"Kobrastryke5000\",\"avatar\":\"ninjaboy\",\"rating\":1046,\"seed\":[33150,19836,35185,35498]}\n>player p2 {\"name\":\"peachfurr\",\"avatar\":\"1\",\"rating\":1050,\"seed\":[45557,41902,20389,63505]}\n>p1 move stickyweb\n>p2 switch 2\n>p1 move lunge\n>p2 move tripleaxel\n>p1 switch 6\n>p1 move nuzzle\n>p2 switch 3\n>p1 switch 3\n>p2 move earthquake\n>p1 move knockoff\n>p2 move auroraveil\n>p1 move wish\n>p2 move woodhammer\n>p1 move dazzlinggleam\n>p2 move blizzard\n>p1 move wish\n>p2 move blizzard\n>p1 move dazzlinggleam\n>p2 move blizzard\n>p1 move wish\n>p2 move auroraveil\n>p1 move dazzlinggleam\n>p2 move auroraveil\n>p2 switch 2\n>p1 switch 3\n>p2 move swordsdance\n>p1 move thunderbolt\n>p2 move gigatonhammer\n>p1 move thunderbolt\n>p2 move playrough\n>p1 switch 2\n>p1 move seismictoss\n>p2 move gigatonhammer\n>p1 switch 5\n>p1 move revelationdance\n>p2 move playrough\n>p2 switch 3\n>p1 move quiverdance terastallize\n>p2 move tripleaxel\n>p1 move revelationdance\n>p2 move tripleaxel\n>p2 switch 5\n>p1 move revelationdance\n>p2 move coil terastallize\n>p1 switch 3\n>p2 move coil\n>p1 move knockoff\n>p2 move earthquake\n>p1 move wish\n>p2 move bodyslam\n>p1 move protect\n>p2 move bodyslam\n>p1 move dazzlinggleam\n>p2 move bodyslam\n>p1 move protect\n>p2 move bodyslam\n>p1 switch 4\n>p1 move dracometeor\n>p2 move roost\n>p2 switch 6\n>p1 move dracometeor\n>p2 move dracometeor\n>p1 switch 3\n>p1 move quiverdance\n>p2 move dracometeor\n>p1 move quiverdance\n>p2 switch 4\n>p1 move hurricane\n>p2 move airslash\n>p2 switch 4\n>p1 move roost\n>p2 move fireblast\n>p1 move quiverdance\n>p2 move fireblast\n>p1 move quiverdance\n>p2 move fireblast\n>p1 move quiverdance\n>p2 move fireblast\n>p1 move roost\n>p2 move fireblast\n>p1 move quiverdance\n>p2 move fireblast\n>p1 move roost\n>p2 move fireblast\n>forcelose p2", "uploadtime": 1732985290, "views": 17, "formatid": "gen9randombattle", "rating": 1032, "private": 0, "password": null}