{"id": "gen9randombattle-2253854687", "format": "[Gen 9] Random Battle", "players": ["Broken Cup B12P6", "Homesie Jonesie"], "log": "|j|\u2606Broken Cup B12P6\n|j|\u2606Homesie Jonesie\n|t:|1732949571\n|gametype|singles\n|player|p1|Broken Cup B12P6|blackbelt-gen4dp|1430\n|player|p2|Homesie Jonesie|volkner|1453\n|teamsize|p1|6\n|teamsize|p2|6\n|gen|9\n|tier|[Gen 9] Random Battle\n|rated|\n|rule|Species Clause: Limit one of each Pok\u00e9mon\n|rule|HP Percentage Mod: HP is shown in percentages\n|rule|Sleep Clause Mod: Limit one foe put to sleep\n|rule|Illusion Level Mod: Illusion disguises the Pok\u00e9mon's true level\n|\n|t:|1732949571\n|start\n|switch|p1a: Haxorus|Haxorus, L77, M|244/244\n|switch|p2a: Mamoswine|Mamoswine, L81, M|311/311\n|-ability|p1a: Haxorus|Mold Breaker\n|turn|1\n|\n|t:|1732949619\n|switch|p1a: Empoleon|Empoleon, L84, F|278/278\n|move|p2a: Mamoswine|Earthquake|p1a: Empoleon\n|-supereffective|p1a: Empoleon\n|-damage|p1a: Empoleon|0 fnt\n|faint|p1a: Empoleon\n|-damage|p2a: Mamoswine|280/311|[from] item: Life Orb\n|\n|upkeep\n|\n|t:|1732949633\n|switch|p1a: Whimsicott|Whimsicott, L85, F|241/241\n|turn|2\n|\n|t:|1732949643\n|move|p1a: Whimsicott|Encore|p2a: Mamoswine\n|-start|p2a: Mamoswine|Encore\n|move|p2a: Mamoswine|Earthquake|p1a: Whimsicott\n|-resisted|p1a: Whimsicott\n|-damage|p1a: Whimsicott|151/241\n|-damage|p2a: Mamoswine|249/311|[from] item: Life Orb\n|\n|upkeep\n|turn|3\n|\n|t:|1732949686\n|switch|p2a: Skuntank|Skuntank, L84, F|310/310\n|move|p1a: Whimsicott|Giga Drain|p2a: Skuntank\n|-resisted|p2a: Skuntank\n|-damage|p2a: Skuntank|262/310\n|-heal|p1a: Whimsicott|175/241|[from] drain|[of] p2a: Skuntank\n|\n|upkeep\n|turn|4\n|\n|t:|1732949717\n|move|p1a: Whimsicott|U-turn|p2a: Skuntank\n|-damage|p2a: Skuntank|215/310\n|\n|t:|1732949722\n|switch|p1a: Greedent|Greedent, L86, F|347/347|[from] U-turn\n|move|p2a: Skuntank|Gunk Shot|p1a: Greedent\n|-damage|p1a: Greedent|207/347\n|-damage|p2a: Skuntank|184/310|[from] item: Life Orb\n|\n|upkeep\n|turn|5\n|\n|t:|1732949732\n|move|p2a: Skuntank|Knock Off|p1a: Greedent\n|-damage|p1a: Greedent|89/347\n|-enditem|p1a: Greedent|Sitrus Berry|[from] move: Knock Off|[of] p2a: Skuntank\n|-damage|p2a: Skuntank|153/310|[from] item: Life Orb\n|move|p1a: Greedent|Swords Dance|p1a: Greedent\n|-boost|p1a: Greedent|atk|2\n|\n|upkeep\n|turn|6\n|\n|t:|1732949744\n|move|p2a: Skuntank|Gunk Shot|p1a: Greedent\n|-damage|p1a: Greedent|0 fnt\n|faint|p1a: Greedent\n|-damage|p2a: Skuntank|122/310|[from] item: Life Orb\n|\n|upkeep\n|\n|t:|1732949747\n|switch|p1a: Haxorus|Haxorus, L77, M|244/244\n|-ability|p1a: Haxorus|Mold Breaker\n|turn|7\n|\n|t:|1732949753\n|-terastallize|p1a: Haxorus|Steel\n|move|p1a: Haxorus|Swords Dance|p1a: Haxorus\n|-boost|p1a: Haxorus|atk|2\n|move|p2a: Skuntank|Knock Off|p1a: Haxorus\n|-damage|p1a: Haxorus|104/244\n|-enditem|p1a: Haxorus|Loaded Dice|[from] move: Knock Off|[of] p2a: Skuntank\n|-damage|p2a: Skuntank|91/310|[from] item: Life Orb\n|\n|upkeep\n|turn|8\n|\n|t:|1732949765\n|move|p2a: Skuntank|Sucker Punch|p1a: Haxorus\n|-damage|p1a: Haxorus|0 fnt\n|faint|p1a: Haxorus\n|-damage|p2a: Skuntank|60/310|[from] item: Life Orb\n|\n|upkeep\n|-message|Broken Cup B12P6 forfeited.\n|\n|win|Homesie Jonesie\n|raw|Broken Cup B12P6's rating: 1450 &rarr; <strong>1430</strong><br />(-20 for losing)\n|raw|Homesie Jonesie's rating: 1453 &rarr; <strong>1473</strong><br />(+20 for winning)\n|l|\u2606Broken Cup B12P6\n|player|p1|\n", "inputlog": ">version b107d77f5c90bd6555267ae244a6264823309ead\n>start {\"formatid\":\"gen9randombattle\",\"seed\":[21778,27478,36664,61765],\"rated\":\"Rated battle\"}\n>player p1 {\"name\":\"Broken Cup B12P6\",\"avatar\":\"blackbelt-gen4dp\",\"rating\":1430,\"seed\":[10975,1582,8621,22802]}\n>player p2 {\"name\":\"Homesie Jonesie\",\"avatar\":\"volkner\",\"rating\":1453,\"seed\":[22486,15368,25274,12259]}\n>p1 switch 4\n>p2 move earthquake\n>p1 switch 5\n>p1 move encore\n>p2 move iciclecrash\n>p1 move gigadrain\n>p2 switch 2\n>p1 move uturn\n>p2 move gunkshot\n>p1 switch 2\n>p1 move swordsdance\n>p2 move knockoff\n>p1 move earthquake\n>p2 move gunkshot\n>p1 switch 4\n>p1 move swordsdance terastallize\n>p2 move knockoff\n>p1 move scaleshot\n>p2 move suckerpunch\n>forcelose p1", "uploadtime": 1732949837, "views": 16, "formatid": "gen9randombattle", "rating": 1430, "private": 0, "password": null}