{"id": "gen9randombattle-2253980187", "format": "[Gen 9] Random Battle", "players": ["alibongo2002", "Aliiiiiiiii"], "log": "|j|\u2606alibongo2002\n|j|\u2606Aliiiiiiiii\n|t:|1732975047\n|gametype|singles\n|player|p1|alibongo2002|ghetsis-gen5bw|1021\n|player|p2|Aliiiiiiiii|2|1064\n|teamsize|p1|6\n|teamsize|p2|6\n|gen|9\n|tier|[Gen 9] Random Battle\n|rated|\n|rule|Species Clause: Limit one of each Pok\u00e9mon\n|rule|HP Percentage Mod: HP is shown in percentages\n|rule|Sleep Clause Mod: Limit one foe put to sleep\n|rule|Illusion Level Mod: Illusion disguises the Pok\u00e9mon's true level\n|\n|t:|1732975047\n|start\n|switch|p1a: Gurdurr|Gurdurr, L85, F|283/283\n|switch|p2a: Dusknoir|Dusknoir, L89, F|225/225\n|-item|p1a: Gurdurr|Eviolite|[from] ability: Frisk|[of] p2a: Dusknoir\n|turn|1\n|\n|t:|1732975068\n|move|p2a: Dusknoir|Trick|p1a: Gurdurr\n|-activate|p2a: Dusknoir|move: Trick|[of] p1a: Gurdurr\n|-item|p1a: Gurdurr|Choice Band|[from] move: Trick\n|-item|p2a: Dusknoir|Eviolite|[from] move: Trick\n|move|p1a: Gurdurr|Bulk Up|p1a: Gurdurr\n|-boost|p1a: Gurdurr|atk|1\n|-boost|p1a: Gurdurr|def|1\n|\n|upkeep\n|turn|2\n|\n|t:|1732975089\n|switch|p1a: Houndoom|Houndoom, L87, F|272/272\n|move|p2a: Dusknoir|Poltergeist|p1a: Houndoom\n|-activate|p1a: Houndoom|move: Poltergeist|Heavy-Duty Boots\n|-resisted|p1a: Houndoom\n|-damage|p1a: Houndoom|181/272\n|\n|upkeep\n|turn|3\n|\n|t:|1732975114\n|switch|p2a: Milotic|Milotic, L83, F|293/293\n|move|p1a: Houndoom|Dark Pulse|p2a: Milotic\n|-crit|p2a: Milotic\n|-damage|p2a: Milotic|173/293\n|\n|-heal|p2a: Milotic|191/293|[from] item: Leftovers\n|upkeep\n|turn|4\n|\n|t:|1732975129\n|switch|p1a: Gurdurr|Gurdurr, L85, F|283/283\n|move|p2a: Milotic|Scald|p1a: Gurdurr\n|-damage|p1a: Gurdurr|157/283\n|\n|-heal|p2a: Milotic|209/293|[from] item: Leftovers\n|upkeep\n|turn|5\n|\n|t:|1732975144\n|move|p2a: Milotic|Recover|p2a: Milotic\n|-heal|p2a: Milotic|293/293\n|move|p1a: Gurdurr|Knock Off|p2a: Milotic\n|-damage|p2a: Milotic|169/293\n|-enditem|p2a: Milotic|Leftovers|[from] move: Knock Off|[of] p1a: Gurdurr\n|\n|upkeep\n|turn|6\n|\n|t:|1732975150\n|move|p2a: Milotic|Recover|p2a: Milotic\n|-heal|p2a: Milotic|293/293\n|move|p1a: Gurdurr|Knock Off|p2a: Milotic\n|-damage|p2a: Milotic|212/293\n|\n|upkeep\n|turn|7\n|\n|t:|1732975155\n|move|p2a: Milotic|Scald|p1a: Gurdurr\n|-damage|p1a: Gurdurr|31/283\n|-status|p1a: Gurdurr|brn\n|move|p1a: Gurdurr|Knock Off|p2a: Milotic\n|-damage|p2a: Milotic|92/293\n|\n|-damage|p1a: Gurdurr|14/283 brn|[from] brn\n|upkeep\n|turn|8\n|\n|t:|1732975167\n|switch|p1a: Raging Bolt|Raging Bolt, L78|323/323\n|move|p2a: Milotic|Recover|p2a: Milotic\n|-heal|p2a: Milotic|239/293\n|\n|upkeep\n|turn|9\n|\n|t:|1732975181\n|switch|p2a: Revavroom|Revavroom, L79, F|256/256\n|move|p1a: Raging Bolt|Calm Mind|p1a: Raging Bolt\n|-boost|p1a: Raging Bolt|spa|1\n|-boost|p1a: Raging Bolt|spd|1\n|\n|upkeep\n|turn|10\n|\n|t:|1732975212\n|move|p2a: Revavroom|High Horsepower|p1a: Raging Bolt\n|-supereffective|p1a: Raging Bolt\n|-damage|p1a: Raging Bolt|125/323\n|-damage|p2a: Revavroom|231/256|[from] item: Life Orb\n|move|p1a: Raging Bolt|Thunderbolt|p2a: Revavroom\n|-damage|p2a: Revavroom|6/256\n|\n|-heal|p1a: Raging Bolt|145/323|[from] item: Leftovers\n|upkeep\n|turn|11\n|\n|t:|1732975223\n|-terastallize|p2a: Revavroom|Ground\n|move|p1a: Raging Bolt|Thunderclap|p2a: Revavroom\n|-immune|p2a: Revavroom\n|move|p2a: Revavroom|High Horsepower|p1a: Raging Bolt\n|-supereffective|p1a: Raging Bolt\n|-damage|p1a: Raging Bolt|0 fnt\n|faint|p1a: Raging Bolt\n|-end|p1a: Raging Bolt|Protosynthesis|[silent]\n|-damage|p2a: Revavroom|0 fnt|[from] item: Life Orb\n|faint|p2a: Revavroom\n|\n|upkeep\n|\n|t:|1732975238\n|switch|p2a: Milotic|Milotic, L83, F|239/293\n|switch|p1a: Reuniclus|Reuniclus, L88, M|337/337\n|turn|12\n|\n|t:|1732975255\n|move|p1a: Reuniclus|Calm Mind|p1a: Reuniclus\n|-boost|p1a: Reuniclus|spa|1\n|-boost|p1a: Reuniclus|spd|1\n|move|p2a: Milotic|Dragon Tail|p1a: Reuniclus|[miss]\n|-miss|p2a: Milotic|p1a: Reuniclus\n|\n|upkeep\n|turn|13\n|\n|t:|1732975265\n|-terastallize|p1a: Reuniclus|Fighting\n|move|p1a: Reuniclus|Focus Blast|p2a: Milotic\n|-damage|p2a: Milotic|0 fnt\n|faint|p2a: Milotic\n|\n|upkeep\n|\n|t:|1732975280\n|switch|p2a: Shaymin|Shaymin-Sky, L73|266/266\n|turn|14\n|\n|t:|1732975294\n|move|p2a: Shaymin|Dazzling Gleam|p1a: Reuniclus\n|-supereffective|p1a: Reuniclus\n|-damage|p1a: Reuniclus|235/337\n|move|p1a: Reuniclus|Psyshock|p2a: Shaymin\n|-damage|p2a: Shaymin|3/266\n|\n|upkeep\n|turn|15\n|\n|t:|1732975300\n|move|p2a: Shaymin|Dazzling Gleam|p1a: Reuniclus\n|-supereffective|p1a: Reuniclus\n|-damage|p1a: Reuniclus|135/337\n|move|p1a: Reuniclus|Psyshock|p2a: Shaymin\n|-damage|p2a: Shaymin|0 fnt\n|faint|p2a: Shaymin\n|\n|upkeep\n|\n|t:|1732975304\n|switch|p2a: Toucannon|Toucannon, L88, M|284/284\n|turn|16\n|\n|t:|1732975310\n|-singleturn|p2a: Toucannon|move: Beak Blast\n|move|p1a: Reuniclus|Recover|p1a: Reuniclus\n|-heal|p1a: Reuniclus|304/337\n|move|p2a: Toucannon|Beak Blast|p1a: Reuniclus\n|-supereffective|p1a: Reuniclus\n|-damage|p1a: Reuniclus|26/337\n|\n|upkeep\n|turn|17\n|\n|t:|1732975323\n|-singleturn|p2a: Toucannon|move: Beak Blast\n|move|p1a: Reuniclus|Focus Blast|p2a: Toucannon|[miss]\n|-miss|p1a: Reuniclus|p2a: Toucannon\n|move|p2a: Toucannon|Beak Blast|p1a: Reuniclus\n|-supereffective|p1a: Reuniclus\n|-damage|p1a: Reuniclus|0 fnt\n|faint|p1a: Reuniclus\n|\n|upkeep\n|\n|t:|1732975329\n|switch|p1a: Gurdurr|Gurdurr, L85, F|14/283 brn\n|turn|18\n|\n|t:|1732975340\n|move|p2a: Toucannon|U-turn|p1a: Gurdurr\n|-resisted|p1a: Gurdurr\n|-damage|p1a: Gurdurr|0 fnt\n|faint|p1a: Gurdurr\n|\n|t:|1732975344\n|switch|p2a: Dusknoir|Dusknoir, L89, F|225/225|[from] U-turn\n|\n|upkeep\n|\n|t:|1732975357\n|switch|p1a: Houndoom|Houndoom, L87, F|181/272\n|turn|19\n|\n|t:|1732975375\n|move|p1a: Houndoom|Dark Pulse|p2a: Dusknoir\n|-supereffective|p2a: Dusknoir\n|-damage|p2a: Dusknoir|103/225\n|move|p2a: Dusknoir|Leech Life|p1a: Houndoom\n|-damage|p1a: Houndoom|81/272\n|-heal|p2a: Dusknoir|153/225|[from] drain|[of] p1a: Houndoom\n|\n|upkeep\n|turn|20\n|\n|t:|1732975385\n|move|p1a: Houndoom|Dark Pulse|p2a: Dusknoir\n|-supereffective|p2a: Dusknoir\n|-damage|p2a: Dusknoir|27/225\n|move|p2a: Dusknoir|Leech Life|p1a: Houndoom\n|-damage|p1a: Houndoom|0 fnt\n|-heal|p2a: Dusknoir|68/225|[from] drain|[of] p1a: Houndoom\n|faint|p1a: Houndoom\n|\n|upkeep\n|inactive|Battle timer is ON: inactive players will automatically lose when time's up. (requested by Aliiiiiiiii)\n|\n|t:|1732975415\n|switch|p1a: Meowstic|Meowstic-F, L89, F|277/277\n|turn|21\n|\n|t:|1732975437\n|move|p2a: Dusknoir|Shadow Sneak|p1a: Meowstic\n|-supereffective|p1a: Meowstic\n|-damage|p1a: Meowstic|181/277\n|move|p1a: Meowstic|Dark Pulse|p2a: Dusknoir\n|-supereffective|p2a: Dusknoir\n|-damage|p2a: Dusknoir|0 fnt\n|faint|p2a: Dusknoir\n|-damage|p1a: Meowstic|154/277|[from] item: Life Orb\n|\n|upkeep\n|\n|t:|1732975447\n|switch|p2a: Sandslash|Sandslash-Alola, L88, F|275/275\n|turn|22\n|\n|t:|1732975464\n|move|p1a: Meowstic|Dark Pulse|p2a: Sandslash\n|-damage|p2a: Sandslash|183/275\n|-damage|p1a: Meowstic|127/277|[from] item: Life Orb\n|move|p2a: Sandslash|Knock Off|p1a: Meowstic\n|-supereffective|p1a: Meowstic\n|-damage|p1a: Meowstic|0 fnt\n|-enditem|p1a: Meowstic|Life Orb|[from] move: Knock Off|[of] p2a: Sandslash\n|faint|p1a: Meowstic\n|-damage|p2a: Sandslash|156/275|[from] item: Life Orb\n|\n|upkeep\n|\n|t:|1732975469\n|switch|p1a: Vespiquen|Vespiquen, L98, F|296/296\n|-ability|p1a: Vespiquen|Pressure\n|turn|23\n|\n|t:|1732975479\n|move|p2a: Sandslash|Triple Axel|p1a: Vespiquen\n|-supereffective|p1a: Vespiquen\n|-damage|p1a: Vespiquen|241/296\n|-supereffective|p1a: Vespiquen\n|-damage|p1a: Vespiquen|140/296\n|-supereffective|p1a: Vespiquen\n|-damage|p1a: Vespiquen|7/296\n|-hitcount|p1a: Vespiquen|3\n|-damage|p2a: Sandslash|129/275|[from] item: Life Orb\n|move|p1a: Vespiquen|Air Slash|p2a: Sandslash\n|-resisted|p2a: Sandslash\n|-damage|p2a: Sandslash|77/275\n|\n|upkeep\n|turn|24\n|-message|alibongo2002 forfeited.\n|\n|win|Aliiiiiiiii\n|raw|alibongo2002's rating: 1021 &rarr; <strong>1009</strong><br />(-12 for losing)\n|raw|Aliiiiiiiii's rating: 1064 &rarr; <strong>1091</strong><br />(+27 for winning)\n|l|\u2606alibongo2002\n|player|p1|\n", "inputlog": ">version b107d77f5c90bd6555267ae244a6264823309ead\n>start {\"formatid\":\"gen9randombattle\",\"seed\":[168,17196,28691,37077],\"rated\":\"Rated battle\"}\n>player p1 {\"name\":\"alibongo2002\",\"avatar\":\"ghetsis-gen5bw\",\"rating\":1021,\"seed\":[32645,12573,43061,2713]}\n>player p2 {\"name\":\"Aliiiiiiiii\",\"avatar\":\"2\",\"rating\":1064,\"seed\":[8641,2421,53224,22386]}\n>p1 move bulkup\n>p2 move trick\n>p1 switch 6\n>p2 move poltergeist\n>p1 move darkpulse\n>p2 switch 6\n>p1 switch 6\n>p2 move scald\n>p1 move knockoff\n>p2 move recover\n>p1 move knockoff\n>p2 move recover\n>p1 move knockoff\n>p2 move scald\n>p1 switch 5\n>p2 move recover\n>p1 move calmmind\n>p2 switch 4\n>p1 move thunderbolt\n>p2 move highhorsepower\n>p1 move thunderclap\n>p2 move highhorsepower terastallize\n>p1 switch 4\n>p2 switch 4\n>p1 move calmmind\n>p2 move dragontail\n>p1 move focusblast terastallize\n>p2 move dragontail\n>p2 switch 3\n>p1 move psyshock\n>p2 move dazzlinggleam\n>p1 move psyshock\n>p2 move dazzlinggleam\n>p2 switch 2\n>p1 move recover\n>p2 move beakblast\n>p1 move focusblast\n>p2 move beakblast\n>p1 switch 5\n>p1 move knockoff\n>p2 move uturn\n>p2 switch 6\n>p1 switch 6\n>p1 move darkpulse\n>p2 move leechlife\n>p1 move darkpulse\n>p2 move leechlife\n>p1 switch 3\n>p1 move darkpulse\n>p2 move shadowsneak\n>p2 switch 5\n>p1 move darkpulse\n>p2 move knockoff\n>p1 switch 2\n>p1 move airslash\n>p2 move tripleaxel\n>forcelose p1", "uploadtime": 1732975507, "views": 13, "formatid": "gen9randombattle", "rating": 1009, "private": 0, "password": null}