{"id": "gen9randombattle-2253914669", "format": "[Gen 9] Random Battle", "players": ["HYDRAx9000", "role Ulty"], "log": "|j|\u2606HYDRAx9000\n|j|\u2606role Ulty\n|t:|1732962771\n|gametype|singles\n|player|p1|HYDRAx9000|266|2002\n|player|p2|role Ulty|101|2087\n|teamsize|p1|6\n|teamsize|p2|6\n|gen|9\n|tier|[Gen 9] Random Battle\n|rated|\n|rule|Species Clause: Limit one of each Pok\u00e9mon\n|rule|HP Percentage Mod: HP is shown in percentages\n|rule|Sleep Clause Mod: Limit one foe put to sleep\n|rule|Illusion Level Mod: Illusion disguises the Pok\u00e9mon's true level\n|\n|t:|1732962771\n|start\n|switch|p1a: Golem|Golem-Alola, L93, M|300/300\n|switch|p2a: Mimikyu|Mimikyu, L79, M|216/216\n|turn|1\n|inactive|Battle timer is ON: inactive players will automatically lose when time's up. (requested by HYDRAx9000)\n|inactive|role Ulty also wants the timer to be on.\n|\n|t:|1732962784\n|switch|p2a: Mightyena|Mightyena, L95, M|287/287\n|-ability|p2a: Mightyena|Intimidate|boost\n|-unboost|p1a: Golem|atk|1\n|switch|p1a: Scyther|Scyther, L82, F|249/249\n|\n|upkeep\n|turn|2\n|\n|t:|1732962793\n|switch|p2a: Mimikyu|Mimikyu, L79, M|216/216\n|move|p1a: Scyther|Swords Dance|p1a: Scyther\n|-boost|p1a: Scyther|atk|2\n|\n|upkeep\n|turn|3\n|\n|t:|1732962800\n|move|p1a: Scyther|Dual Wingbeat|p2a: Mimikyu\n|-activate|p2a: Mimikyu|ability: Disguise\n|-damage|p2a: Mimikyu|216/216\n|detailschange|p2a: Mimikyu|Mimikyu-Busted, L79, M\n|-damage|p2a: Mimikyu|189/216|[from] pokemon: Mimikyu-Busted\n|-damage|p2a: Mimikyu|44/216\n|-hitcount|p2a: Mimikyu|2\n|move|p2a: Mimikyu|Play Rough|p1a: Scyther\n|-damage|p1a: Scyther|124/249\n|-unboost|p1a: Scyther|atk|1\n|-damage|p2a: Mimikyu|23/216|[from] item: Life Orb\n|\n|upkeep\n|turn|4\n|\n|t:|1732962812\n|move|p1a: Scyther|Bug Bite|p2a: Mimikyu\n|-resisted|p2a: Mimikyu\n|-damage|p2a: Mimikyu|0 fnt\n|faint|p2a: Mimikyu\n|\n|upkeep\n|\n|t:|1732962822\n|switch|p2a: Delphox|Delphox, L84, M|263/263\n|turn|5\n|\n|t:|1732962832\n|switch|p1a: Alomomola|Alomomola, L87, F|429/429\n|move|p2a: Delphox|Psyshock|p1a: Alomomola\n|-damage|p1a: Alomomola|320/429\n|\n|upkeep\n|turn|6\n|\n|t:|1732962840\n|switch|p2a: Poliwrath|Poliwrath, L88, M|302/302\n|move|p1a: Alomomola|Flip Turn|p2a: Poliwrath\n|-immune|p2a: Poliwrath|[from] ability: Water Absorb\n|\n|upkeep\n|turn|7\n|\n|t:|1732962844\n|move|p2a: Poliwrath|Bulk Up|p2a: Poliwrath\n|-boost|p2a: Poliwrath|atk|1\n|-boost|p2a: Poliwrath|def|1\n|move|p1a: Alomomola|Wish|p1a: Alomomola\n|\n|upkeep\n|turn|8\n|\n|t:|1732962853\n|move|p1a: Alomomola|Protect|p1a: Alomomola\n|-singleturn|p1a: Alomomola|Protect\n|move|p2a: Poliwrath|Liquidation|p1a: Alomomola\n|-activate|p1a: Alomomola|move: Protect\n|\n|-heal|p1a: Alomomola|429/429|[from] move: Wish|[wisher] Alomomola\n|upkeep\n|turn|9\n|\n|t:|1732962864\n|switch|p1a: Chimecho|Chimecho, L94, F|293/293\n|move|p2a: Poliwrath|Bulk Up|p2a: Poliwrath\n|-boost|p2a: Poliwrath|atk|1\n|-boost|p2a: Poliwrath|def|1\n|\n|upkeep\n|turn|10\n|\n|t:|1732962873\n|switch|p2a: Mightyena|Mightyena, L95, M|287/287\n|-ability|p2a: Mightyena|Intimidate|boost\n|-unboost|p1a: Chimecho|atk|1\n|move|p1a: Chimecho|Dazzling Gleam|p2a: Mightyena\n|-supereffective|p2a: Mightyena\n|-damage|p2a: Mightyena|175/287\n|\n|upkeep\n|turn|11\n|\n|t:|1732962885\n|move|p2a: Mightyena|Crunch|p1a: Chimecho\n|-supereffective|p1a: Chimecho\n|-damage|p1a: Chimecho|101/293\n|move|p1a: Chimecho|Recover|p1a: Chimecho\n|-heal|p1a: Chimecho|248/293\n|\n|-heal|p1a: Chimecho|266/293|[from] item: Leftovers\n|upkeep\n|turn|12\n|\n|t:|1732962890\n|switch|p1a: Scyther|Scyther, L82, F|124/249\n|move|p2a: Mightyena|Crunch|p1a: Scyther\n|-damage|p1a: Scyther|9/249\n|\n|upkeep\n|turn|13\n|\n|t:|1732962902\n|switch|p2a: Magmortar|Magmortar, L88, M|275/275\n|move|p1a: Scyther|Bug Bite|p2a: Magmortar\n|-resisted|p2a: Magmortar\n|-damage|p2a: Magmortar|218/275\n|-status|p1a: Scyther|brn|[from] ability: Flame Body|[of] p2a: Magmortar\n|\n|-damage|p1a: Scyther|0 fnt|[from] brn\n|faint|p1a: Scyther\n|upkeep\n|inactive|HYDRAx9000 has 120 seconds left.\n|\n|t:|1732962943\n|switch|p1a: Chimecho|Chimecho, L94, F|266/293\n|turn|14\n|\n|t:|1732962950\n|switch|p2a: Mightyena|Mightyena, L95, M|175/287\n|-ability|p2a: Mightyena|Intimidate|boost\n|-unboost|p1a: Chimecho|atk|1\n|move|p1a: Chimecho|Dazzling Gleam|p2a: Mightyena\n|-supereffective|p2a: Mightyena\n|-damage|p2a: Mightyena|65/287\n|\n|-heal|p1a: Chimecho|284/293|[from] item: Leftovers\n|upkeep\n|turn|15\n|inactive|HYDRAx9000 has 120 seconds left.\n|\n|t:|1732962962\n|move|p2a: Mightyena|Crunch|p1a: Chimecho\n|-supereffective|p1a: Chimecho\n|-damage|p1a: Chimecho|92/293\n|move|p1a: Chimecho|Dazzling Gleam|p2a: Mightyena\n|-supereffective|p2a: Mightyena\n|-damage|p2a: Mightyena|0 fnt\n|faint|p2a: Mightyena\n|\n|-heal|p1a: Chimecho|110/293|[from] item: Leftovers\n|upkeep\n|\n|t:|1732962971\n|switch|p2a: Magmortar|Magmortar, L88, M|218/275\n|turn|16\n|\n|t:|1732962979\n|switch|p1a: Alomomola|Alomomola, L87, F|429/429\n|move|p2a: Magmortar|Fire Blast|p1a: Alomomola\n|-resisted|p1a: Alomomola\n|-damage|p1a: Alomomola|303/429\n|\n|upkeep\n|turn|17\n|\n|t:|1732962986\n|move|p2a: Magmortar|Thunderbolt|p1a: Alomomola\n|-supereffective|p1a: Alomomola\n|-damage|p1a: Alomomola|45/429\n|move|p1a: Alomomola|Wish|p1a: Alomomola\n|\n|upkeep\n|turn|18\n|\n|t:|1732962991\n|move|p1a: Alomomola|Protect|p1a: Alomomola\n|-singleturn|p1a: Alomomola|Protect\n|move|p2a: Magmortar|Thunderbolt|p1a: Alomomola\n|-activate|p1a: Alomomola|move: Protect\n|\n|-heal|p1a: Alomomola|259/429|[from] move: Wish|[wisher] Alomomola\n|upkeep\n|turn|19\n|inactive|HYDRAx9000 has 120 seconds left.\n|\n|t:|1732963021\n|move|p2a: Magmortar|Thunderbolt|p1a: Alomomola\n|-supereffective|p1a: Alomomola\n|-damage|p1a: Alomomola|0 fnt\n|faint|p1a: Alomomola\n|\n|upkeep\n|inactive|HYDRAx9000 has 120 seconds left.\n|\n|t:|1732963030\n|switch|p1a: Flutter Mane|Flutter Mane, L74|203/203\n|turn|20\n|\n|t:|1732963050\n|move|p1a: Flutter Mane|Shadow Ball|p2a: Magmortar\n|-damage|p2a: Magmortar|103/275\n|-unboost|p2a: Magmortar|spd|1\n|move|p2a: Magmortar|Earthquake|p1a: Flutter Mane\n|-damage|p1a: Flutter Mane|72/203\n|\n|upkeep\n|turn|21\n|\n|t:|1732963064\n|move|p1a: Flutter Mane|Shadow Ball|p2a: Magmortar\n|-damage|p2a: Magmortar|0 fnt\n|faint|p2a: Magmortar\n|\n|upkeep\n|\n|t:|1732963066\n|switch|p2a: Poliwrath|Poliwrath, L88, M|302/302\n|turn|22\n|\n|t:|1732963073\n|-end|p1a: Flutter Mane|Protosynthesis|[silent]\n|switch|p1a: Perrserker|Perrserker, L89, M|269/269\n|move|p2a: Poliwrath|Liquidation|p1a: Perrserker\n|-damage|p1a: Perrserker|182/269\n|-unboost|p1a: Perrserker|def|1\n|\n|upkeep\n|turn|23\n|\n|t:|1732963080\n|move|p2a: Poliwrath|Drain Punch|p1a: Perrserker\n|-supereffective|p1a: Perrserker\n|-damage|p1a: Perrserker|0 fnt\n|faint|p1a: Perrserker\n|\n|upkeep\n|\n|t:|1732963089\n|switch|p1a: Chimecho|Chimecho, L94, F|110/293\n|turn|24\n|\n|t:|1732963098\n|move|p1a: Chimecho|Recover|p1a: Chimecho\n|-heal|p1a: Chimecho|257/293\n|move|p2a: Poliwrath|Knock Off|p1a: Chimecho\n|-supereffective|p1a: Chimecho\n|-damage|p1a: Chimecho|125/293\n|-enditem|p1a: Chimecho|Leftovers|[from] move: Knock Off|[of] p2a: Poliwrath\n|\n|upkeep\n|turn|25\n|\n|t:|1732963116\n|switch|p2a: Delphox|Delphox, L84, M|263/263\n|move|p1a: Chimecho|Psyshock|p2a: Delphox\n|-resisted|p2a: Delphox\n|-damage|p2a: Delphox|202/263\n|\n|upkeep\n|turn|26\n|\n|t:|1732963123\n|move|p2a: Delphox|Fire Blast|p1a: Chimecho\n|-damage|p1a: Chimecho|13/293\n|move|p1a: Chimecho|Recover|p1a: Chimecho\n|-heal|p1a: Chimecho|160/293\n|\n|upkeep\n|turn|27\n|\n|t:|1732963133\n|move|p2a: Delphox|Fire Blast|p1a: Chimecho\n|-damage|p1a: Chimecho|39/293\n|-status|p1a: Chimecho|brn\n|move|p1a: Chimecho|Recover|p1a: Chimecho\n|-heal|p1a: Chimecho|186/293 brn\n|\n|-damage|p1a: Chimecho|168/293 brn|[from] brn\n|upkeep\n|turn|28\n|\n|t:|1732963149\n|switch|p2a: Slowking|Slowking, L88, M|310/310\n|switch|p1a: Golem|Golem-Alola, L93, M|300/300\n|\n|upkeep\n|turn|29\n|\n|t:|1732963163\n|-terastallize|p2a: Slowking|Fairy\n|move|p1a: Golem|Explosion|p2a: Slowking\n|-damage|p2a: Slowking|0 fnt\n|faint|p1a: Golem\n|faint|p2a: Slowking\n|\n|upkeep\n|\n|t:|1732963175\n|switch|p1a: Chimecho|Chimecho, L94, F|168/293 brn\n|switch|p2a: Poliwrath|Poliwrath, L88, M|302/302\n|turn|30\n|\n|t:|1732963182\n|move|p1a: Chimecho|Psyshock|p2a: Poliwrath\n|-supereffective|p2a: Poliwrath\n|-damage|p2a: Poliwrath|98/302\n|move|p2a: Poliwrath|Liquidation|p1a: Chimecho\n|-damage|p1a: Chimecho|68/293 brn\n|\n|-heal|p2a: Poliwrath|116/302|[from] item: Leftovers\n|-damage|p1a: Chimecho|50/293 brn|[from] brn\n|upkeep\n|turn|31\n|\n|t:|1732963195\n|move|p1a: Chimecho|Recover|p1a: Chimecho\n|-heal|p1a: Chimecho|197/293 brn\n|move|p2a: Poliwrath|Liquidation|p1a: Chimecho\n|-crit|p1a: Chimecho\n|-damage|p1a: Chimecho|67/293 brn\n|-unboost|p1a: Chimecho|def|1\n|\n|-heal|p2a: Poliwrath|134/302|[from] item: Leftovers\n|-damage|p1a: Chimecho|49/293 brn|[from] brn\n|upkeep\n|turn|32\n|\n|t:|1732963200\n|move|p1a: Chimecho|Psyshock|p2a: Poliwrath\n|-supereffective|p2a: Poliwrath\n|-damage|p2a: Poliwrath|0 fnt\n|faint|p2a: Poliwrath\n|\n|-damage|p1a: Chimecho|31/293 brn|[from] brn\n|upkeep\n|\n|t:|1732963204\n|switch|p2a: Delphox|Delphox, L84, M|202/263\n|turn|33\n|\n|t:|1732963208\n|move|p2a: Delphox|Psyshock|p1a: Chimecho\n|-resisted|p1a: Chimecho\n|-damage|p1a: Chimecho|0 fnt\n|faint|p1a: Chimecho\n|\n|upkeep\n|\n|t:|1732963211\n|switch|p1a: Flutter Mane|Flutter Mane, L74|72/203\n|turn|34\n|\n|t:|1732963214\n|-terastallize|p1a: Flutter Mane|Psychic\n|move|p2a: Delphox|Psyshock|p1a: Flutter Mane\n|-resisted|p1a: Flutter Mane\n|-damage|p1a: Flutter Mane|0 fnt\n|faint|p1a: Flutter Mane\n|-end|p1a: Flutter Mane|Protosynthesis|[silent]\n|\n|win|role Ulty\n|raw|HYDRAx9000's rating: 2002 &rarr; <strong>1987</strong><br />(-15 for losing)\n|raw|role Ulty's rating: 2087 &rarr; <strong>2102</strong><br />(+15 for winning)\n|l|\u2606role Ulty\n|player|p2|\n", "inputlog": ">version b107d77f5c90bd6555267ae244a6264823309ead\n>start {\"formatid\":\"gen9randombattle\",\"seed\":[3640,24698,18019,32380],\"rated\":\"Rated battle\"}\n>player p1 {\"name\":\"HYDRAx9000\",\"avatar\":\"266\",\"rating\":2002,\"seed\":[25657,49171,7540,2474]}\n>player p2 {\"name\":\"role Ulty\",\"avatar\":\"101\",\"rating\":2087,\"seed\":[21402,27415,28007,42398]}\n>p1 switch 6\n>p2 switch 2\n>p1 move swordsdance\n>p2 switch 2\n>p1 move dualwingbeat\n>p2 move playrough\n>p1 move bugbite\n>p2 move shadowclaw\n>p2 switch 3\n>p1 switch 3\n>p2 move psyshock\n>p1 move flipturn\n>p2 switch 5\n>p1 move wish\n>p2 move bulkup\n>p1 move protect\n>p2 move liquidation\n>p1 switch 5\n>p2 move bulkup\n>p1 move dazzlinggleam\n>p2 switch 2\n>p1 move recover\n>p2 move crunch\n>p1 switch 3\n>p2 move crunch\n>p1 move bugbite\n>p2 switch 4\n>p1 switch 3\n>p1 move dazzlinggleam\n>p2 switch 4\n>p1 move dazzlinggleam\n>p2 move crunch\n>p2 switch 4\n>p1 switch 5\n>p2 move fireblast\n>p1 move wish\n>p2 move thunderbolt\n>p1 move protect\n>p2 move thunderbolt\n>p1 move flipturn\n>p2 move thunderbolt\n>p1 switch 4\n>p1 move shadowball\n>p2 move earthquake\n>p1 move shadowball\n>p2 move earthquake\n>p2 switch 2\n>p1 switch 2\n>p2 move liquidation\n>p1 move uturn\n>p2 move drainpunch\n>p1 switch 5\n>p1 move recover\n>p2 move knockoff\n>p1 move psyshock\n>p2 switch 5\n>p1 move recover\n>p2 move fireblast\n>p1 move recover\n>p2 move fireblast\n>p1 switch 6\n>p2 switch 6\n>p1 move explosion\n>p2 move scald terastallize\n>p1 switch 6\n>p2 switch 5\n>p1 move psyshock\n>p2 move liquidation\n>p1 move recover\n>p2 move liquidation\n>p1 move psyshock\n>p2 move liquidation\n>p2 switch 6\n>p1 move psyshock\n>p2 move psyshock\n>p1 switch 2\n>p1 move shadowball terastallize\n>p2 move psyshock", "uploadtime": 1732963221, "views": 1, "formatid": "gen9randombattle", "rating": 1987, "private": 0, "password": null}