{"id": "gen9randombattle-2254002016", "format": "[Gen 9] Random Battle", "players": ["Ricu47", "boximiya"], "log": "|j|\u2606Ricu47\n|j|\u2606boximiya\n|t:|1732978381\n|gametype|singles\n|player|p1|Ricu47|riley|1832\n|player|p2|boximiya|backersf|1826\n|teamsize|p1|6\n|teamsize|p2|6\n|gen|9\n|tier|[Gen 9] Random Battle\n|rated|\n|rule|Species Clause: Limit one of each Pok\u00e9mon\n|rule|HP Percentage Mod: HP is shown in percentages\n|rule|Sleep Clause Mod: Limit one foe put to sleep\n|rule|Illusion Level Mod: Illusion disguises the Pok\u00e9mon's true level\n|\n|t:|1732978381\n|start\n|switch|p1a: Hawlucha|Hawlucha, L80, F|256/256\n|switch|p2a: Lilligant|Lilligant, L86, F|261/261\n|turn|1\n|inactive|Battle timer is ON: inactive players will automatically lose when time's up. (requested by Ricu47)\n|\n|t:|1732978399\n|move|p1a: Hawlucha|Swords Dance|p1a: Hawlucha\n|-boost|p1a: Hawlucha|atk|2\n|move|p2a: Lilligant|Sleep Powder|p1a: Hawlucha\n|-status|p1a: Hawlucha|slp|[from] move: Sleep Powder\n|\n|upkeep\n|turn|2\n|\n|t:|1732978412\n|cant|p1a: Hawlucha|slp\n|move|p2a: Lilligant|Alluring Voice|p1a: Hawlucha\n|-supereffective|p1a: Hawlucha\n|-damage|p1a: Hawlucha|12/256 slp\n|-damage|p2a: Lilligant|235/261|[from] item: Life Orb\n|\n|upkeep\n|turn|3\n|\n|t:|1732978418\n|cant|p1a: Hawlucha|slp\n|move|p2a: Lilligant|Alluring Voice|p1a: Hawlucha\n|-supereffective|p1a: Hawlucha\n|-damage|p1a: Hawlucha|0 fnt\n|faint|p1a: Hawlucha\n|-damage|p2a: Lilligant|209/261|[from] item: Life Orb\n|\n|upkeep\n|\n|t:|1732978432\n|switch|p1a: Volbeat|Volbeat, L90, M|263/263\n|turn|4\n|\n|t:|1732978438\n|move|p1a: Volbeat|Lunge|p2a: Lilligant\n|-supereffective|p2a: Lilligant\n|-damage|p2a: Lilligant|17/261\n|-unboost|p2a: Lilligant|atk|1\n|move|p2a: Lilligant|Sleep Powder|p1a: Volbeat\n|-status|p1a: Volbeat|slp|[from] move: Sleep Powder\n|\n|upkeep\n|turn|5\n|\n|t:|1732978457\n|cant|p1a: Volbeat|slp\n|move|p2a: Lilligant|Quiver Dance|p2a: Lilligant\n|-boost|p2a: Lilligant|spa|1\n|-boost|p2a: Lilligant|spd|1\n|-boost|p2a: Lilligant|spe|1\n|\n|upkeep\n|turn|6\n|\n|t:|1732978463\n|-curestatus|p1a: Volbeat|slp|[msg]\n|move|p1a: Volbeat|Encore|p2a: Lilligant\n|-start|p2a: Lilligant|Encore\n|move|p2a: Lilligant|Quiver Dance|p2a: Lilligant\n|-boost|p2a: Lilligant|spa|1\n|-boost|p2a: Lilligant|spd|1\n|-boost|p2a: Lilligant|spe|1\n|\n|upkeep\n|turn|7\n|\n|t:|1732978468\n|switch|p2a: Jolteon|Jolteon, L84, M|246/246\n|move|p1a: Volbeat|Lunge|p2a: Jolteon\n|-damage|p2a: Jolteon|149/246\n|-unboost|p2a: Jolteon|atk|1\n|\n|-heal|p2a: Jolteon|164/246|[from] item: Leftovers\n|upkeep\n|turn|8\n|\n|t:|1732978483\n|switch|p1a: Rhyperior|Rhyperior, L82, M|323/323\n|move|p2a: Jolteon|Thunderbolt|p1a: Rhyperior\n|-immune|p1a: Rhyperior\n|\n|-heal|p2a: Jolteon|179/246|[from] item: Leftovers\n|upkeep\n|turn|9\n|\n|t:|1732978501\n|move|p2a: Jolteon|Tera Blast|p1a: Rhyperior\n|-resisted|p1a: Rhyperior\n|-damage|p1a: Rhyperior|276/323\n|move|p1a: Rhyperior|Rock Polish|p1a: Rhyperior\n|-boost|p1a: Rhyperior|spe|2\n|\n|-heal|p2a: Jolteon|194/246|[from] item: Leftovers\n|upkeep\n|turn|10\n|\n|t:|1732978511\n|move|p2a: Jolteon|Tera Blast|p1a: Rhyperior\n|-resisted|p1a: Rhyperior\n|-damage|p1a: Rhyperior|229/323\n|move|p1a: Rhyperior|Earthquake|p2a: Jolteon\n|-supereffective|p2a: Jolteon\n|-damage|p2a: Jolteon|0 fnt\n|faint|p2a: Jolteon\n|\n|upkeep\n|\n|t:|1732978513\n|switch|p2a: Raichu|Raichu-Alola, L87, M|246/246\n|turn|11\n|\n|t:|1732978521\n|move|p2a: Raichu|Surf|p1a: Rhyperior\n|-supereffective|p1a: Rhyperior\n|-damage|p1a: Rhyperior|0 fnt\n|faint|p1a: Rhyperior\n|-damage|p2a: Raichu|222/246|[from] item: Life Orb\n|\n|upkeep\n|\n|t:|1732978533\n|switch|p1a: Volbeat|Volbeat, L90, M|263/263\n|turn|12\n|\n|t:|1732978554\n|move|p2a: Raichu|Thunderbolt|p1a: Volbeat\n|-damage|p1a: Volbeat|146/263\n|-damage|p2a: Raichu|198/246|[from] item: Life Orb\n|move|p1a: Volbeat|Lunge|p2a: Raichu\n|-supereffective|p2a: Raichu\n|-damage|p2a: Raichu|0 fnt\n|faint|p2a: Raichu\n|\n|upkeep\n|\n|t:|1732978554\n|switch|p2a: Iron Valiant|Iron Valiant, L78|244/244\n|turn|13\n|\n|t:|1732978566\n|move|p1a: Volbeat|Thunder Wave|p2a: Iron Valiant\n|-status|p2a: Iron Valiant|par\n|move|p2a: Iron Valiant|Spirit Break|p1a: Volbeat\n|-damage|p1a: Volbeat|32/263\n|-unboost|p1a: Volbeat|spa|1\n|-damage|p2a: Iron Valiant|220/244 par|[from] item: Life Orb\n|\n|upkeep\n|turn|14\n|\n|t:|1732978571\n|move|p1a: Volbeat|Roost|p1a: Volbeat\n|-heal|p1a: Volbeat|164/263\n|-singleturn|p1a: Volbeat|move: Roost\n|move|p2a: Iron Valiant|Spirit Break|p1a: Volbeat\n|-damage|p1a: Volbeat|42/263\n|-unboost|p1a: Volbeat|spa|1\n|-damage|p2a: Iron Valiant|196/244 par|[from] item: Life Orb\n|\n|upkeep\n|turn|15\n|\n|t:|1732978578\n|-terastallize|p2a: Iron Valiant|Dark\n|move|p1a: Volbeat|Roost|p1a: Volbeat\n|-heal|p1a: Volbeat|174/263\n|-singleturn|p1a: Volbeat|move: Roost\n|move|p2a: Iron Valiant|Knock Off|p1a: Volbeat\n|-damage|p1a: Volbeat|5/263\n|-enditem|p1a: Volbeat|Heavy-Duty Boots|[from] move: Knock Off|[of] p2a: Iron Valiant\n|-damage|p2a: Iron Valiant|172/244 par|[from] item: Life Orb\n|\n|upkeep\n|turn|16\n|\n|t:|1732978591\n|move|p1a: Volbeat|Roost|p1a: Volbeat\n|-heal|p1a: Volbeat|137/263\n|-singleturn|p1a: Volbeat|move: Roost\n|move|p2a: Iron Valiant|Swords Dance|p2a: Iron Valiant\n|-boost|p2a: Iron Valiant|atk|2\n|\n|upkeep\n|turn|17\n|\n|t:|1732978596\n|move|p1a: Volbeat|Lunge|p2a: Iron Valiant\n|-supereffective|p2a: Iron Valiant\n|-damage|p2a: Iron Valiant|14/244 par\n|-unboost|p2a: Iron Valiant|atk|1\n|move|p2a: Iron Valiant|Knock Off|p1a: Volbeat\n|-damage|p1a: Volbeat|0 fnt\n|faint|p1a: Volbeat\n|-damage|p2a: Iron Valiant|0 fnt|[from] item: Life Orb\n|faint|p2a: Iron Valiant\n|-end|p2a: Iron Valiant|Quark Drive|[silent]\n|\n|upkeep\n|\n|t:|1732978611\n|switch|p2a: Lilligant|Lilligant, L86, F|17/261\n|switch|p1a: Floatzel|Floatzel, L85, M|283/283\n|turn|18\n|\n|t:|1732978620\n|switch|p2a: Toxicroak|Toxicroak, L84, M|277/277\n|move|p1a: Floatzel|Flip Turn|p2a: Toxicroak\n|-immune|p2a: Toxicroak|[from] ability: Dry Skin\n|\n|upkeep\n|turn|19\n|\n|t:|1732978631\n|switch|p1a: Annihilape|Annihilape, L76, F|292/292\n|move|p2a: Toxicroak|Swords Dance|p2a: Toxicroak\n|-boost|p2a: Toxicroak|atk|2\n|\n|upkeep\n|turn|20\n|\n|t:|1732978636\n|move|p2a: Toxicroak|Swords Dance|p2a: Toxicroak\n|-boost|p2a: Toxicroak|atk|2\n|move|p1a: Annihilape|Bulk Up|p1a: Annihilape\n|-boost|p1a: Annihilape|atk|1\n|-boost|p1a: Annihilape|def|1\n|\n|upkeep\n|turn|21\n|\n|t:|1732978648\n|move|p2a: Toxicroak|Gunk Shot|p1a: Annihilape|[miss]\n|-miss|p2a: Toxicroak|p1a: Annihilape\n|move|p1a: Annihilape|Bulk Up|p1a: Annihilape\n|-boost|p1a: Annihilape|atk|1\n|-boost|p1a: Annihilape|def|1\n|\n|upkeep\n|turn|22\n|\n|t:|1732978652\n|switch|p2a: Girafarig|Girafarig, L89, F|269/269\n|move|p1a: Annihilape|Bulk Up|p1a: Annihilape\n|-boost|p1a: Annihilape|atk|1\n|-boost|p1a: Annihilape|def|1\n|\n|upkeep\n|turn|23\n|\n|t:|1732978661\n|-terastallize|p1a: Annihilape|Water\n|move|p2a: Girafarig|Nasty Plot|p2a: Girafarig\n|-boost|p2a: Girafarig|spa|2\n|move|p1a: Annihilape|Drain Punch|p2a: Girafarig\n|-damage|p2a: Girafarig|116/269\n|\n|upkeep\n|turn|24\n|\n|t:|1732978668\n|move|p2a: Girafarig|Thunderbolt|p1a: Annihilape\n|-supereffective|p1a: Annihilape\n|-damage|p1a: Annihilape|0 fnt\n|faint|p1a: Annihilape\n|\n|upkeep\n|\n|t:|1732978676\n|switch|p1a: Rampardos|Rampardos, L90, F|321/321\n|turn|25\n|\n|t:|1732978680\n|move|p2a: Girafarig|Psychic|p1a: Rampardos\n|-damage|p1a: Rampardos|63/321\n|move|p1a: Rampardos|Rock Slide|p2a: Girafarig\n|-damage|p2a: Girafarig|0 fnt\n|faint|p2a: Girafarig\n|\n|upkeep\n|\n|t:|1732978684\n|switch|p2a: Lilligant|Lilligant, L86, F|17/261\n|turn|26\n|\n|t:|1732978690\n|move|p2a: Lilligant|Petal Dance|p1a: Rampardos\n|-supereffective|p1a: Rampardos\n|-damage|p1a: Rampardos|0 fnt\n|faint|p1a: Rampardos\n|-damage|p2a: Lilligant|0 fnt|[from] item: Life Orb\n|faint|p2a: Lilligant\n|\n|upkeep\n|\n|t:|1732978693\n|switch|p2a: Toxicroak|Toxicroak, L84, M|277/277\n|switch|p1a: Floatzel|Floatzel, L85, M|283/283\n|turn|27\n|\n|t:|1732978699\n|move|p1a: Floatzel|Crunch|p2a: Toxicroak\n|-resisted|p2a: Toxicroak\n|-damage|p2a: Toxicroak|216/277\n|move|p2a: Toxicroak|Gunk Shot|p1a: Floatzel\n|-damage|p1a: Floatzel|24/283\n|-status|p1a: Floatzel|psn\n|-damage|p2a: Toxicroak|189/277|[from] item: Life Orb\n|\n|-damage|p1a: Floatzel|0 fnt|[from] psn\n|faint|p1a: Floatzel\n|\n|win|boximiya\n|upkeep\n|raw|Ricu47's rating: 1832 &rarr; <strong>1812</strong><br />(-20 for losing)\n|raw|boximiya's rating: 1826 &rarr; <strong>1846</strong><br />(+20 for winning)\n|l|\u2606Ricu47\n|player|p1|\n", "inputlog": ">version b107d77f5c90bd6555267ae244a6264823309ead\n>start {\"formatid\":\"gen9randombattle\",\"seed\":[24537,5854,49657,9806],\"rated\":\"Rated battle\"}\n>player p1 {\"name\":\"Ricu47\",\"avatar\":\"riley\",\"rating\":1832,\"seed\":[56455,35404,27729,28831]}\n>player p2 {\"name\":\"boximiya\",\"avatar\":\"backersf\",\"rating\":1826,\"seed\":[63048,24828,2351,10762]}\n>p1 move swordsdance\n>p2 move sleeppowder\n>p1 move closecombat\n>p2 move alluringvoice\n>p1 move closecombat\n>p2 move alluringvoice\n>p1 switch 5\n>p1 move lunge\n>p2 move sleeppowder\n>p1 move thunderwave\n>p2 move quiverdance\n>p1 move encore\n>p2 move alluringvoice\n>p1 move lunge\n>p2 switch 2\n>p1 switch 4\n>p2 move thunderbolt\n>p1 move rockpolish\n>p2 move terablast\n>p1 move earthquake\n>p2 move terablast\n>p2 switch 5\n>p1 move earthquake\n>p2 move surf\n>p1 switch 4\n>p1 move lunge\n>p2 move thunderbolt\n>p2 switch 3\n>p1 move thunderwave\n>p2 move spiritbreak\n>p1 move roost\n>p2 move spiritbreak\n>p1 move roost\n>p2 move knockoff terastallize\n>p1 move roost\n>p2 move swordsdance\n>p1 move lunge\n>p2 move knockoff\n>p1 switch 2\n>p2 switch 2\n>p1 move flipturn\n>p2 switch 4\n>p1 switch 6\n>p2 move swordsdance\n>p1 move bulkup\n>p2 move swordsdance\n>p1 move bulkup\n>p2 move gunkshot\n>p1 move bulkup\n>p2 switch 6\n>p1 move drainpunch terastallize\n>p2 move nastyplot\n>p1 move drainpunch\n>p2 move thunderbolt\n>p1 switch 3\n>p1 move rockslide\n>p2 move psychic\n>p2 switch 4\n>p1 move zenheadbutt\n>p2 move petaldance\n>p1 switch 6\n>p2 switch 6\n>p1 move crunch\n>p2 move gunkshot", "uploadtime": 1732978703, "views": 2, "formatid": "gen9randombattle", "rating": 1812, "private": 0, "password": null}