{"id": "gen9randombattle-2253835941", "format": "[Gen 9] Random Battle", "players": ["forkitover", "Azureity"], "log": "|j|\u2606forkitover\n|j|\u2606Azureity\n|t:|1732945967\n|gametype|singles\n|player|p1|forkitover|red|1050\n|player|p2|Azureity|acetrainer|1024\n|teamsize|p1|6\n|teamsize|p2|6\n|gen|9\n|tier|[Gen 9] Random Battle\n|rated|\n|rule|Species Clause: Limit one of each Pok\u00e9mon\n|rule|HP Percentage Mod: HP is shown in percentages\n|rule|Sleep Clause Mod: Limit one foe put to sleep\n|rule|Illusion Level Mod: Illusion disguises the Pok\u00e9mon's true level\n|\n|t:|1732945967\n|start\n|switch|p1a: Charizard|Charizard, L85, F|271/271\n|switch|p2a: Lycanroc|Lycanroc-Dusk, L80, M|251/251\n|turn|1\n|inactive|Battle timer is ON: inactive players will automatically lose when time's up. (requested by forkitover)\n|inactive|Azureity also wants the timer to be on.\n|\n|t:|1732945980\n|move|p2a: Lycanroc|Swords Dance|p2a: Lycanroc\n|-boost|p2a: Lycanroc|atk|2\n|move|p1a: Charizard|Earthquake|p2a: Lycanroc\n|-supereffective|p2a: Lycanroc\n|-damage|p2a: Lycanroc|85/251\n|\n|upkeep\n|turn|2\n|\n|t:|1732945990\n|move|p2a: Lycanroc|Stone Edge|p1a: Charizard\n|-supereffective|p1a: Charizard\n|-damage|p1a: Charizard|0 fnt\n|faint|p1a: Charizard\n|-damage|p2a: Lycanroc|60/251|[from] item: Life Orb\n|\n|upkeep\n|\n|t:|1732945999\n|switch|p1a: Bruxish|Bruxish, L85, F|254/254\n|turn|3\n|\n|t:|1732946010\n|move|p1a: Bruxish|Wave Crash|p2a: Lycanroc\n|-supereffective|p2a: Lycanroc\n|-damage|p2a: Lycanroc|0 fnt\n|faint|p2a: Lycanroc\n|-damage|p1a: Bruxish|234/254|[from] Recoil\n|\n|upkeep\n|\n|t:|1732946018\n|switch|p2a: Kilowattrel|Kilowattrel, L83, F|252/252\n|turn|4\n|\n|t:|1732946034\n|switch|p1a: Lilligant|Lilligant-Hisui, L79, F|240/240\n|move|p2a: Kilowattrel|Thunderbolt|p1a: Lilligant\n|-resisted|p1a: Lilligant\n|-damage|p1a: Lilligant|183/240\n|\n|upkeep\n|turn|5\n|\n|t:|1732946044\n|move|p2a: Kilowattrel|Hurricane|p1a: Lilligant\n|-supereffective|p1a: Lilligant\n|-damage|p1a: Lilligant|0 fnt\n|faint|p1a: Lilligant\n|\n|upkeep\n|\n|t:|1732946050\n|switch|p1a: Bruxish|Bruxish, L85, F|234/254\n|turn|6\n|\n|t:|1732946056\n|move|p1a: Bruxish|Ice Fang|p2a: Kilowattrel\n|-supereffective|p2a: Kilowattrel\n|-damage|p2a: Kilowattrel|68/252\n|move|p2a: Kilowattrel|Thunderbolt|p1a: Bruxish\n|-supereffective|p1a: Bruxish\n|-damage|p1a: Bruxish|6/254\n|\n|upkeep\n|turn|7\n|\n|t:|1732946065\n|-terastallize|p2a: Kilowattrel|Steel\n|move|p1a: Bruxish|Ice Fang|p2a: Kilowattrel\n|-resisted|p2a: Kilowattrel\n|-damage|p2a: Kilowattrel|22/252\n|-status|p2a: Kilowattrel|frz\n|-curestatus|p2a: Kilowattrel|frz|[msg]\n|move|p2a: Kilowattrel|Thunderbolt|p1a: Bruxish\n|-supereffective|p1a: Bruxish\n|-damage|p1a: Bruxish|0 fnt\n|faint|p1a: Bruxish\n|\n|upkeep\n|\n|t:|1732946081\n|switch|p1a: Urshifu|Urshifu-Rapid-Strike, L75, F|274/274\n|turn|8\n|\n|t:|1732946093\n|move|p2a: Kilowattrel|Hurricane|p1a: Urshifu\n|-supereffective|p1a: Urshifu\n|-damage|p1a: Urshifu|0 fnt\n|faint|p1a: Urshifu\n|\n|upkeep\n|\n|t:|1732946100\n|switch|p1a: Gholdengo|Gholdengo, L77|261/261\n|turn|9\n|\n|t:|1732946108\n|move|p2a: Kilowattrel|Roost|p2a: Kilowattrel\n|-heal|p2a: Kilowattrel|148/252\n|move|p1a: Gholdengo|Shadow Ball|p2a: Kilowattrel\n|-damage|p2a: Kilowattrel|25/252\n|\n|upkeep\n|turn|10\n|\n|t:|1732946115\n|move|p2a: Kilowattrel|Roost|p2a: Kilowattrel\n|-heal|p2a: Kilowattrel|151/252\n|move|p1a: Gholdengo|Shadow Ball|p2a: Kilowattrel\n|-damage|p2a: Kilowattrel|31/252\n|\n|upkeep\n|turn|11\n|\n|t:|1732946122\n|move|p2a: Kilowattrel|Roost|p2a: Kilowattrel\n|-heal|p2a: Kilowattrel|157/252\n|move|p1a: Gholdengo|Nasty Plot|p1a: Gholdengo\n|-boost|p1a: Gholdengo|spa|2\n|\n|upkeep\n|turn|12\n|\n|t:|1732946131\n|switch|p2a: Cinccino|Cinccino, L83, M|260/260\n|move|p1a: Gholdengo|Shadow Ball|p2a: Cinccino\n|-immune|p2a: Cinccino\n|\n|upkeep\n|turn|13\n|\n|t:|1732946148\n|move|p2a: Cinccino|Bullet Seed|p1a: Gholdengo\n|-resisted|p1a: Gholdengo\n|-damage|p1a: Gholdengo|248/261\n|-resisted|p1a: Gholdengo\n|-damage|p1a: Gholdengo|235/261\n|-resisted|p1a: Gholdengo\n|-damage|p1a: Gholdengo|221/261\n|-resisted|p1a: Gholdengo\n|-damage|p1a: Gholdengo|209/261\n|-hitcount|p1a: Gholdengo|4\n|move|p1a: Gholdengo|Make It Rain|p2a: Cinccino\n|-damage|p2a: Cinccino|0 fnt\n|-unboost|p1a: Gholdengo|spa|1\n|faint|p2a: Cinccino\n|\n|-heal|p1a: Gholdengo|225/261|[from] item: Leftovers\n|upkeep\n|\n|t:|1732946167\n|switch|p2a: Basculin|Basculin, L86, F|261/261\n|turn|14\n|\n|t:|1732946174\n|move|p2a: Basculin|Wave Crash|p1a: Gholdengo\n|-damage|p1a: Gholdengo|0 fnt\n|faint|p1a: Gholdengo\n|-damage|p2a: Basculin|187/261|[from] Recoil\n|\n|upkeep\n|\n|t:|1732946180\n|switch|p1a: Thundurus|Thundurus, L80, M|258/258\n|turn|15\n|\n|t:|1732946188\n|switch|p2a: Kilowattrel|Kilowattrel, L83, F, tera:Steel|157/252\n|move|p1a: Thundurus|Thunderbolt|p2a: Kilowattrel\n|-heal|p2a: Kilowattrel|220/252|[from] ability: Volt Absorb|[of] p1a: Thundurus\n|\n|upkeep\n|turn|16\n|\n|t:|1732946200\n|move|p2a: Kilowattrel|Thunderbolt|p1a: Thundurus\n|-damage|p1a: Thundurus|153/258\n|move|p1a: Thundurus|Knock Off|p2a: Kilowattrel\n|-damage|p2a: Kilowattrel|127/252\n|-enditem|p2a: Kilowattrel|Heavy-Duty Boots|[from] move: Knock Off|[of] p1a: Thundurus\n|\n|upkeep\n|turn|17\n|\n|t:|1732946209\n|move|p2a: Kilowattrel|Hurricane|p1a: Thundurus|[miss]\n|-miss|p2a: Kilowattrel|p1a: Thundurus\n|move|p1a: Thundurus|Knock Off|p2a: Kilowattrel\n|-damage|p2a: Kilowattrel|57/252\n|\n|upkeep\n|turn|18\n|\n|t:|1732946216\n|move|p2a: Kilowattrel|Roost|p2a: Kilowattrel\n|-heal|p2a: Kilowattrel|183/252\n|move|p1a: Thundurus|Knock Off|p2a: Kilowattrel\n|-damage|p2a: Kilowattrel|123/252\n|\n|upkeep\n|turn|19\n|\n|t:|1732946223\n|move|p2a: Kilowattrel|Thunderbolt|p1a: Thundurus\n|-damage|p1a: Thundurus|47/258\n|move|p1a: Thundurus|Knock Off|p2a: Kilowattrel\n|-damage|p2a: Kilowattrel|62/252\n|\n|upkeep\n|turn|20\n|\n|t:|1732946229\n|move|p2a: Kilowattrel|Thunderbolt|p1a: Thundurus\n|-damage|p1a: Thundurus|0 fnt\n|faint|p1a: Thundurus\n|\n|win|Azureity\n|raw|forkitover's rating: 1050 &rarr; <strong>1031</strong><br />(-19 for losing)\n|raw|Azureity's rating: 1024 &rarr; <strong>1063</strong><br />(+39 for winning)\n|l|\u2606forkitover\n|player|p1|\n", "inputlog": ">version b107d77f5c90bd6555267ae244a6264823309ead\n>start {\"formatid\":\"gen9randombattle\",\"seed\":[256,47289,36438,58861],\"rated\":\"Rated battle\"}\n>player p1 {\"name\":\"forkitover\",\"avatar\":\"red\",\"rating\":1050,\"seed\":[41308,58168,829,53639]}\n>player p2 {\"name\":\"Azureity\",\"avatar\":\"acetrainer\",\"rating\":1024,\"seed\":[64315,8248,42874,44435]}\n>p1 move earthquake\n>p2 move swordsdance\n>p1 move earthquake\n>p2 move stoneedge\n>p1 switch 6\n>p1 move wavecrash\n>p2 move psychicfangs\n>p2 switch 4\n>p1 switch 2\n>p2 move thunderbolt\n>p1 move icespinner\n>p2 move hurricane\n>p1 switch 2\n>p1 move icefang\n>p2 move thunderbolt\n>p1 move icefang\n>p2 move thunderbolt terastallize\n>p1 switch 3\n>p1 move surgingstrikes\n>p2 move hurricane\n>p1 switch 4\n>p1 move shadowball\n>p2 move roost\n>p1 move shadowball\n>p2 move roost\n>p1 move nastyplot\n>p2 move roost\n>p1 move shadowball\n>p2 switch 2\n>p1 move makeitrain\n>p2 move bulletseed\n>p2 switch 5\n>p1 move makeitrain\n>p2 move wavecrash\n>p1 switch 5\n>p1 move thunderbolt\n>p2 switch 2\n>p1 move knockoff\n>p2 move thunderbolt\n>p1 move knockoff\n>p2 move hurricane\n>p1 move knockoff\n>p2 move roost\n>p1 move knockoff\n>p2 move thunderbolt\n>p1 move knockoff\n>p2 move thunderbolt", "uploadtime": 1732946238, "views": 18, "formatid": "gen9randombattle", "rating": 1031, "private": 0, "password": null}