{"id": "gen9randombattle-2254131285", "format": "[Gen 9] Random Battle", "players": ["SaclaTheRed", "Toto_MS4"], "log": "|j|\u2606SaclaTheRed\n|j|\u2606Toto_MS4\n|t:|1732995056\n|gametype|singles\n|player|p1|SaclaTheRed|102|1245\n|player|p2|Toto_MS4|nate|1191\n|teamsize|p1|6\n|teamsize|p2|6\n|gen|9\n|tier|[Gen 9] Random Battle\n|rated|\n|rule|Species Clause: Limit one of each Pok\u00e9mon\n|rule|HP Percentage Mod: HP is shown in percentages\n|rule|Sleep Clause Mod: Limit one foe put to sleep\n|rule|Illusion Level Mod: Illusion disguises the Pok\u00e9mon's true level\n|\n|t:|1732995056\n|start\n|switch|p1a: Electivire|Electivire, L84, F|263/263\n|switch|p2a: Charizard|Charizard, L85, F|271/271\n|turn|1\n|\n|t:|1732995071\n|-terastallize|p2a: Charizard|Dragon\n|move|p2a: Charizard|Earthquake|p1a: Electivire\n|-supereffective|p1a: Electivire\n|-damage|p1a: Electivire|115/263\n|move|p1a: Electivire|Bulk Up|p1a: Electivire\n|-boost|p1a: Electivire|atk|1\n|-boost|p1a: Electivire|def|1\n|\n|upkeep\n|turn|2\n|\n|t:|1732995088\n|-terastallize|p1a: Electivire|Flying\n|move|p2a: Charizard|Earthquake|p1a: Electivire\n|-immune|p1a: Electivire\n|move|p1a: Electivire|Ice Punch|p2a: Charizard\n|-supereffective|p2a: Charizard\n|-damage|p2a: Charizard|11/271\n|-damage|p1a: Electivire|89/263|[from] item: Life Orb\n|\n|upkeep\n|turn|3\n|\n|t:|1732995121\n|switch|p1a: Misdreavus|Misdreavus, L90, F|254/254\n|move|p2a: Charizard|Flamethrower|p1a: Misdreavus\n|-damage|p1a: Misdreavus|145/254\n|\n|upkeep\n|turn|4\n|\n|t:|1732995139\n|move|p2a: Charizard|Hurricane|p1a: Misdreavus|[miss]\n|-miss|p2a: Charizard|p1a: Misdreavus\n|move|p1a: Misdreavus|Draining Kiss|p2a: Charizard\n|-supereffective|p2a: Charizard\n|-damage|p2a: Charizard|0 fnt\n|-heal|p1a: Misdreavus|153/254|[from] drain|[of] p2a: Charizard\n|faint|p2a: Charizard\n|\n|upkeep\n|\n|t:|1732995148\n|switch|p2a: Sableye|Sableye, L90, M|236/236\n|turn|5\n|\n|t:|1732995170\n|switch|p1a: Porygon2|Porygon2, L82|274/274\n|-ability|p1a: Porygon2|Download|boost\n|-boost|p1a: Porygon2|spa|1\n|move|p2a: Sableye|Knock Off|p1a: Porygon2\n|-damage|p1a: Porygon2|210/274\n|-enditem|p1a: Porygon2|Eviolite|[from] move: Knock Off|[of] p2a: Sableye\n|\n|upkeep\n|turn|6\n|\n|t:|1732995187\n|move|p1a: Porygon2|Discharge|p2a: Sableye\n|-damage|p2a: Sableye|140/236\n|move|p2a: Sableye|Knock Off|p1a: Porygon2\n|-damage|p1a: Porygon2|138/274\n|\n|-heal|p2a: Sableye|154/236|[from] item: Leftovers\n|upkeep\n|turn|7\n|\n|t:|1732995197\n|move|p1a: Porygon2|Discharge|p2a: Sableye\n|-damage|p2a: Sableye|46/236\n|-status|p2a: Sableye|par\n|cant|p2a: Sableye|par\n|\n|-heal|p2a: Sableye|60/236 par|[from] item: Leftovers\n|upkeep\n|turn|8\n|\n|t:|1732995204\n|move|p2a: Sableye|Recover|p2a: Sableye\n|-heal|p2a: Sableye|178/236 par\n|move|p1a: Porygon2|Recover|p1a: Porygon2\n|-heal|p1a: Porygon2|274/274\n|\n|-heal|p2a: Sableye|192/236 par|[from] item: Leftovers\n|upkeep\n|turn|9\n|\n|t:|1732995212\n|move|p1a: Porygon2|Discharge|p2a: Sableye\n|-damage|p2a: Sableye|84/236 par\n|cant|p2a: Sableye|par\n|\n|-heal|p2a: Sableye|98/236 par|[from] item: Leftovers\n|upkeep\n|turn|10\n|\n|t:|1732995219\n|move|p2a: Sableye|Recover|p2a: Sableye\n|-heal|p2a: Sableye|216/236 par\n|move|p1a: Porygon2|Discharge|p2a: Sableye\n|-damage|p2a: Sableye|123/236 par\n|\n|-heal|p2a: Sableye|137/236 par|[from] item: Leftovers\n|upkeep\n|turn|11\n|\n|t:|1732995236\n|switch|p2a: Revavroom|Revavroom, L79, F|256/256\n|move|p1a: Porygon2|Ice Beam|p2a: Revavroom\n|-resisted|p2a: Revavroom\n|-damage|p2a: Revavroom|200/256\n|\n|upkeep\n|turn|12\n|\n|t:|1732995255\n|switch|p1a: Electivire|Electivire, L84, F, tera:Flying|89/263\n|move|p2a: Revavroom|High Horsepower|p1a: Electivire\n|-immune|p1a: Electivire\n|\n|upkeep\n|turn|13\n|\n|t:|1732995263\n|move|p1a: Electivire|Earthquake|p2a: Revavroom\n|-supereffective|p2a: Revavroom\n|-damage|p2a: Revavroom|0 fnt\n|faint|p2a: Revavroom\n|-damage|p1a: Electivire|63/263|[from] item: Life Orb\n|\n|upkeep\n|\n|t:|1732995284\n|switch|p2a: Farigiraf|Farigiraf, L91, M|366/366\n|turn|14\n|\n|t:|1732995300\n|move|p1a: Electivire|Supercell Slam|p2a: Farigiraf\n|-damage|p2a: Farigiraf|170/366\n|-damage|p1a: Electivire|37/263|[from] item: Life Orb\n|move|p2a: Farigiraf|Body Slam|p1a: Electivire\n|-damage|p1a: Electivire|0 fnt\n|faint|p1a: Electivire\n|\n|-heal|p2a: Farigiraf|192/366|[from] item: Leftovers\n|upkeep\n|\n|t:|1732995317\n|switch|p1a: Typhlosion|Typhlosion-Hisui, L83, M|257/257\n|turn|15\n|\n|t:|1732995335\n|move|p1a: Typhlosion|Substitute|p1a: Typhlosion\n|-start|p1a: Typhlosion|Substitute\n|-damage|p1a: Typhlosion|193/257\n|move|p2a: Farigiraf|Body Slam|p1a: Typhlosion\n|-immune|p1a: Typhlosion\n|\n|-heal|p1a: Typhlosion|209/257|[from] item: Leftovers\n|-heal|p2a: Farigiraf|214/366|[from] item: Leftovers\n|upkeep\n|turn|16\n|\n|t:|1732995343\n|move|p1a: Typhlosion|Calm Mind|p1a: Typhlosion\n|-boost|p1a: Typhlosion|spa|1\n|-boost|p1a: Typhlosion|spd|1\n|move|p2a: Farigiraf|Body Slam|p1a: Typhlosion\n|-immune|p1a: Typhlosion\n|\n|-heal|p1a: Typhlosion|225/257|[from] item: Leftovers\n|-heal|p2a: Farigiraf|236/366|[from] item: Leftovers\n|upkeep\n|turn|17\n|\n|t:|1732995359\n|move|p1a: Typhlosion|Calm Mind|p1a: Typhlosion\n|-boost|p1a: Typhlosion|spa|1\n|-boost|p1a: Typhlosion|spd|1\n|move|p2a: Farigiraf|Body Slam|p1a: Typhlosion\n|-immune|p1a: Typhlosion\n|\n|-heal|p1a: Typhlosion|241/257|[from] item: Leftovers\n|-heal|p2a: Farigiraf|258/366|[from] item: Leftovers\n|upkeep\n|turn|18\n|\n|t:|1732995372\n|move|p1a: Typhlosion|Calm Mind|p1a: Typhlosion\n|-boost|p1a: Typhlosion|spa|1\n|-boost|p1a: Typhlosion|spd|1\n|move|p2a: Farigiraf|Body Slam|p1a: Typhlosion\n|-immune|p1a: Typhlosion\n|\n|-heal|p1a: Typhlosion|257/257|[from] item: Leftovers\n|-heal|p2a: Farigiraf|280/366|[from] item: Leftovers\n|upkeep\n|turn|19\n|\n|t:|1732995381\n|switch|p2a: Sableye|Sableye, L90, M|137/236 par\n|move|p1a: Typhlosion|Calm Mind|p1a: Typhlosion\n|-boost|p1a: Typhlosion|spa|1\n|-boost|p1a: Typhlosion|spd|1\n|\n|-heal|p2a: Sableye|151/236 par|[from] item: Leftovers\n|upkeep\n|turn|20\n|\n|t:|1732995391\n|move|p1a: Typhlosion|Fire Blast|p2a: Sableye\n|-damage|p2a: Sableye|0 fnt\n|faint|p2a: Sableye\n|\n|upkeep\n|\n|t:|1732995402\n|switch|p2a: Kommo-o|Kommo-o, L78, F|245/245\n|turn|21\n|\n|t:|1732995409\n|move|p1a: Typhlosion|Shadow Ball|p2a: Kommo-o\n|-crit|p2a: Kommo-o\n|-damage|p2a: Kommo-o|0 fnt\n|faint|p2a: Kommo-o\n|\n|upkeep\n|\n|t:|1732995412\n|switch|p2a: Tropius|Tropius, L91, F|328/328\n|turn|22\n|\n|t:|1732995417\n|move|p1a: Typhlosion|Fire Blast|p2a: Tropius\n|-supereffective|p2a: Tropius\n|-damage|p2a: Tropius|0 fnt\n|faint|p2a: Tropius\n|\n|upkeep\n|\n|t:|1732995420\n|switch|p2a: Farigiraf|Farigiraf, L91, M|280/366\n|turn|23\n|\n|t:|1732995425\n|move|p2a: Farigiraf|Protect|p2a: Farigiraf\n|-singleturn|p2a: Farigiraf|Protect\n|move|p1a: Typhlosion|Fire Blast|p2a: Farigiraf\n|-activate|p2a: Farigiraf|move: Protect\n|\n|-heal|p2a: Farigiraf|302/366|[from] item: Leftovers\n|upkeep\n|turn|24\n|\n|t:|1732995434\n|move|p1a: Typhlosion|Fire Blast|p2a: Farigiraf\n|-damage|p2a: Farigiraf|0 fnt\n|faint|p2a: Farigiraf\n|\n|win|SaclaTheRed\n|raw|SaclaTheRed's rating: 1245 &rarr; <strong>1266</strong><br />(+21 for winning)\n|raw|Toto_MS4's rating: 1191 &rarr; <strong>1170</strong><br />(-21 for losing)\n|l|\u2606Toto_MS4\n|player|p2|\n", "inputlog": ">version b107d77f5c90bd6555267ae244a6264823309ead\n>start {\"formatid\":\"gen9randombattle\",\"seed\":[31003,20080,46967,33520],\"rated\":\"Rated battle\"}\n>player p1 {\"name\":\"SaclaTheRed\",\"avatar\":\"102\",\"rating\":1245,\"seed\":[30923,46346,30902,46628]}\n>player p2 {\"name\":\"Toto_MS4\",\"avatar\":\"nate\",\"rating\":1191,\"seed\":[35231,61750,29273,4867]}\n>p1 move bulkup\n>p2 move earthquake terastallize\n>p1 move icepunch terastallize\n>p2 move earthquake\n>p1 switch 2\n>p2 move flamethrower\n>p1 move drainingkiss\n>p2 move hurricane\n>p2 switch 2\n>p1 switch 6\n>p2 move knockoff\n>p1 move discharge\n>p2 move knockoff\n>p1 move discharge\n>p2 move knockoff\n>p1 move recover\n>p2 move recover\n>p1 move discharge\n>p2 move knockoff\n>p1 move discharge\n>p2 move recover\n>p1 move icebeam\n>p2 switch 3\n>p1 switch 2\n>p2 move highhorsepower\n>p1 move earthquake\n>p2 move gunkshot\n>p2 switch 6\n>p1 move supercellslam\n>p2 move bodyslam\n>p1 switch 4\n>p1 move substitute\n>p2 move bodyslam\n>p1 move calmmind\n>p2 move bodyslam\n>p1 move calmmind\n>p2 move bodyslam\n>p1 move calmmind\n>p2 move bodyslam\n>p1 move calmmind\n>p2 switch 3\n>p1 move fireblast\n>p2 move knockoff\n>p2 switch 5\n>p1 move shadowball\n>p2 move clangingscales\n>p2 switch 4\n>p1 move fireblast\n>p2 move airslash\n>p2 switch 3\n>p1 move fireblast\n>p2 move protect\n>p1 move fireblast\n>p2 move psychicnoise", "uploadtime": 1732995450, "views": 1, "formatid": "gen9randombattle", "rating": 1170, "private": 0, "password": null}