{"id": "gen9randombattle-2254129567", "format": "[Gen 9] Random Battle", "players": ["Colonelsquid", "freyaknightvgc"], "log": "|j|\u2606Colonelsquid\n|j|\u2606freyaknightvgc\n|t:|1732994847\n|gametype|singles\n|player|p1|Colonelsquid|101|2222\n|player|p2|freyaknightvgc|grusha|2204\n|teamsize|p1|6\n|teamsize|p2|6\n|gen|9\n|tier|[Gen 9] Random Battle\n|rated|\n|rule|Species Clause: Limit one of each Pok\u00e9mon\n|rule|HP Percentage Mod: HP is shown in percentages\n|rule|Sleep Clause Mod: Limit one foe put to sleep\n|rule|Illusion Level Mod: Illusion disguises the Pok\u00e9mon's true level\n|\n|t:|1732994847\n|start\n|switch|p1a: Lucario|Lucario, L84, M|255/255\n|switch|p2a: Heatran|Heatran, L79, F|273/273\n|-item|p2a: Heatran|Air Balloon\n|turn|1\n|inactive|Battle timer is ON: inactive players will automatically lose when time's up. (requested by Colonelsquid)\n|j| jojikoja\n|\n|t:|1732994871\n|switch|p2a: Kricketune|Kricketune, L99, M|312/312\n|move|p1a: Lucario|Focus Blast|p2a: Kricketune|[miss]\n|-miss|p1a: Lucario|p2a: Kricketune\n|\n|upkeep\n|turn|2\n|\n|t:|1732994896\n|move|p1a: Lucario|Nasty Plot|p1a: Lucario\n|-boost|p1a: Lucario|spa|2\n|move|p2a: Kricketune|Pounce|p1a: Lucario\n|-resisted|p1a: Lucario\n|-damage|p1a: Lucario|224/255\n|-unboost|p1a: Lucario|spe|1\n|\n|upkeep\n|turn|3\n|\n|t:|1732994900\n|move|p2a: Kricketune|Sticky Web|p1a: Lucario\n|-sidestart|p1: Colonelsquid|move: Sticky Web\n|move|p1a: Lucario|Flash Cannon|p2a: Kricketune\n|-damage|p2a: Kricketune|0 fnt\n|faint|p2a: Kricketune\n|-damage|p1a: Lucario|199/255|[from] item: Life Orb\n|\n|upkeep\n|\n|t:|1732994909\n|switch|p2a: Heatran|Heatran, L79, F|273/273\n|-item|p2a: Heatran|Air Balloon\n|turn|4\n|\n|t:|1732994913\n|move|p2a: Heatran|Lava Plume|p1a: Lucario\n|-supereffective|p1a: Lucario\n|-damage|p1a: Lucario|0 fnt\n|faint|p1a: Lucario\n|\n|upkeep\n|\n|t:|1732994921\n|switch|p1a: Quaquaval|Quaquaval, L79, F|264/264\n|-activate|p1a: Quaquaval|move: Sticky Web\n|-unboost|p1a: Quaquaval|spe|1\n|turn|5\n|\n|t:|1732994945\n|switch|p2a: Braviary|Braviary-Hisui, L85, M|326/326\n|move|p1a: Quaquaval|Aqua Step|p2a: Braviary\n|-damage|p2a: Braviary|180/326\n|-boost|p1a: Quaquaval|spe|1\n|-damage|p1a: Quaquaval|238/264|[from] item: Life Orb\n|\n|upkeep\n|turn|6\n|inactive|freyaknightvgc has 120 seconds left.\n|\n|t:|1732994968\n|switch|p2a: Passimian|Passimian, L83, F|302/302\n|-terastallize|p1a: Quaquaval|Water\n|move|p1a: Quaquaval|Aqua Step|p2a: Passimian\n|-damage|p2a: Passimian|159/302\n|-boost|p1a: Quaquaval|spe|1\n|-damage|p1a: Quaquaval|212/264|[from] item: Life Orb\n|\n|-heal|p2a: Passimian|177/302|[from] item: Leftovers\n|upkeep\n|turn|7\n|inactive|freyaknightvgc has 120 seconds left.\n|\n|t:|1732994980\n|move|p1a: Quaquaval|Swords Dance|p1a: Quaquaval\n|-boost|p1a: Quaquaval|atk|2\n|move|p2a: Passimian|Drain Punch|p1a: Quaquaval\n|-damage|p1a: Quaquaval|115/264\n|-heal|p2a: Passimian|226/302|[from] drain|[of] p1a: Quaquaval\n|\n|-heal|p2a: Passimian|244/302|[from] item: Leftovers\n|upkeep\n|turn|8\n|inactive|freyaknightvgc has 120 seconds left.\n|\n|t:|1732995008\n|move|p1a: Quaquaval|Aqua Step|p2a: Passimian\n|-damage|p2a: Passimian|0 fnt\n|-boost|p1a: Quaquaval|spe|1\n|faint|p2a: Passimian\n|-ability|p1a: Quaquaval|Moxie|boost\n|-boost|p1a: Quaquaval|atk|1\n|-damage|p1a: Quaquaval|89/264|[from] item: Life Orb\n|\n|upkeep\n|\n|t:|1732995019\n|switch|p2a: Heatran|Heatran, L79, F|273/273\n|-item|p2a: Heatran|Air Balloon\n|turn|9\n|\n|t:|1732995033\n|switch|p2a: Braviary|Braviary-Hisui, L85, M|180/326\n|move|p1a: Quaquaval|Close Combat|p2a: Braviary\n|-resisted|p2a: Braviary\n|-damage|p2a: Braviary|55/326\n|-unboost|p1a: Quaquaval|def|1\n|-unboost|p1a: Quaquaval|spd|1\n|-damage|p1a: Quaquaval|63/264|[from] item: Life Orb\n|\n|upkeep\n|turn|10\n|\n|t:|1732995040\n|move|p1a: Quaquaval|Aqua Step|p2a: Braviary\n|-damage|p2a: Braviary|0 fnt\n|-boost|p1a: Quaquaval|spe|1\n|faint|p2a: Braviary\n|-ability|p1a: Quaquaval|Moxie|boost\n|-boost|p1a: Quaquaval|atk|1\n|-damage|p1a: Quaquaval|37/264|[from] item: Life Orb\n|\n|upkeep\n|\n|t:|1732995051\n|switch|p2a: Heatran|Heatran, L79, F|273/273\n|-item|p2a: Heatran|Air Balloon\n|turn|11\n|\n|t:|1732995055\n|move|p1a: Quaquaval|Aqua Step|p2a: Heatran\n|-supereffective|p2a: Heatran\n|-damage|p2a: Heatran|0 fnt\n|-boost|p1a: Quaquaval|spe|1\n|-enditem|p2a: Heatran|Air Balloon\n|faint|p2a: Heatran\n|-ability|p1a: Quaquaval|Moxie|boost\n|-boost|p1a: Quaquaval|atk|1\n|-damage|p1a: Quaquaval|11/264|[from] item: Life Orb\n|\n|upkeep\n|\n|t:|1732995060\n|switch|p2a: Rampardos|Rampardos, L90, M|321/321\n|turn|12\n|\n|t:|1732995063\n|move|p1a: Quaquaval|Aqua Step|p2a: Rampardos\n|-supereffective|p2a: Rampardos\n|-damage|p2a: Rampardos|0 fnt\n|-boost|p1a: Quaquaval|spe|1\n|faint|p2a: Rampardos\n|-ability|p1a: Quaquaval|Moxie|boost\n|-boost|p1a: Quaquaval|atk|1\n|-damage|p1a: Quaquaval|0 fnt|[from] item: Life Orb\n|faint|p1a: Quaquaval\n|\n|upkeep\n|\n|t:|1732995067\n|switch|p1a: Luvdisc|Luvdisc, F|247/247\n|switch|p2a: Pyroar|Pyroar, L88, M|295/295\n|-ability|p2a: Pyroar|Unnerve\n|turn|13\n|\n|t:|1732995077\n|move|p1a: Luvdisc|Surf|p2a: Pyroar\n|-supereffective|p2a: Pyroar\n|-damage|p2a: Pyroar|121/295\n|move|p2a: Pyroar|Work Up|p2a: Pyroar\n|-boost|p2a: Pyroar|atk|1\n|-boost|p2a: Pyroar|spa|1\n|\n|upkeep\n|turn|14\n|\n|t:|1732995083\n|move|p1a: Luvdisc|Surf|p2a: Pyroar\n|-supereffective|p2a: Pyroar\n|-damage|p2a: Pyroar|0 fnt\n|faint|p2a: Pyroar\n|\n|win|Colonelsquid\n|raw|Colonelsquid's rating: 2222 &rarr; <strong>2241</strong><br />(+19 for winning)\n|raw|freyaknightvgc's rating: 2204 &rarr; <strong>2185</strong><br />(-19 for losing)\n|c|\u2606freyaknightvgc|gg\n|c|\u2606Colonelsquid|gg\n|l|\u2606Colonelsquid\n|player|p1|\n", "inputlog": ">version b107d77f5c90bd6555267ae244a6264823309ead\n>start {\"formatid\":\"gen9randombattle\",\"seed\":[43506,1905,12418,55469],\"rated\":\"Rated battle\"}\n>player p1 {\"name\":\"Colonelsquid\",\"avatar\":\"101\",\"rating\":2222,\"seed\":[11445,2221,46829,20587]}\n>player p2 {\"name\":\"freyaknightvgc\",\"avatar\":\"grusha\",\"rating\":2204,\"seed\":[14515,4561,24477,58258]}\n>p1 move focusblast\n>p2 switch 3\n>p1 move nastyplot\n>p2 move pounce\n>p1 move flashcannon\n>p2 move stickyweb\n>p2 switch 3\n>p1 move focusblast\n>p2 move lavaplume\n>p1 switch 6\n>p1 move aquastep\n>p2 switch 5\n>p1 move aquastep terastallize\n>p2 switch 6\n>p1 move swordsdance\n>p2 move drainpunch\n>p1 move aquastep\n>p2 move drainpunch\n>p2 switch 5\n>p1 move closecombat\n>p2 switch 6\n>p1 move aquastep\n>p2 move uturn\n>p2 switch 6\n>p1 move aquastep\n>p2 move flashcannon\n>p2 switch 2\n>p1 move aquastep\n>p2 move firepunch\n>p1 switch 5\n>p2 switch 4\n>p1 move surf\n>p2 move workup\n>p1 move surf\n>p2 move hypervoice", "uploadtime": 1732995092, "views": 2, "formatid": "gen9randombattle", "rating": 2185, "private": 0, "password": null}