{"id": "gen9randombattle-2253897340", "format": "[Gen 9] Random Battle", "players": ["ouhouqwq", "TEDZITO7"], "log": "|j|\u2606ouhouqwq\n|j|\u2606TEDZITO7\n|t:|1732958944\n|gametype|singles\n|player|p1|ouhouqwq|265|1128\n|player|p2|TEDZITO7|red|1162\n|teamsize|p1|6\n|teamsize|p2|6\n|gen|9\n|tier|[Gen 9] Random Battle\n|rated|\n|rule|Species Clause: Limit one of each Pok\u00e9mon\n|rule|HP Percentage Mod: HP is shown in percentages\n|rule|Sleep Clause Mod: Limit one foe put to sleep\n|rule|Illusion Level Mod: Illusion disguises the Pok\u00e9mon's true level\n|\n|t:|1732958944\n|start\n|switch|p1a: Gothitelle|Gothitelle, L90, F|272/272\n|switch|p2a: Malamar|Malamar, L82, F|275/275\n|turn|1\n|inactive|Battle timer is ON: inactive players will automatically lose when time's up. (requested by TEDZITO7)\n|\n|t:|1732958962\n|move|p1a: Gothitelle|Psychic|p2a: Malamar\n|-immune|p2a: Malamar\n|move|p2a: Malamar|Superpower|p1a: Gothitelle\n|-resisted|p1a: Gothitelle\n|-damage|p1a: Gothitelle|235/272\n|-boost|p2a: Malamar|atk|1\n|-boost|p2a: Malamar|def|1\n|\n|upkeep\n|turn|2\n|\n|t:|1732958980\n|switch|p1a: Latios|Latios, L78, M|253/253\n|move|p2a: Malamar|Superpower|p1a: Latios\n|-resisted|p1a: Latios\n|-damage|p1a: Latios|188/253\n|-boost|p2a: Malamar|atk|1\n|-boost|p2a: Malamar|def|1\n|\n|upkeep\n|turn|3\n|inactive|TEDZITO7 has 120 seconds left.\n|\n|t:|1732959022\n|move|p1a: Latios|Draco Meteor|p2a: Malamar\n|-damage|p2a: Malamar|62/275\n|-unboost|p1a: Latios|spa|2\n|move|p2a: Malamar|Knock Off|p1a: Latios\n|-supereffective|p1a: Latios\n|-damage|p1a: Latios|0 fnt\n|-enditem|p1a: Latios|Soul Dew|[from] move: Knock Off|[of] p2a: Malamar\n|faint|p1a: Latios\n|\n|upkeep\n|inactive|ouhouqwq has 120 seconds left.\n|\n|t:|1732959040\n|switch|p1a: Spectrier|Spectrier, L75|274/274\n|turn|4\n|inactive|TEDZITO7 has 120 seconds left.\n|inactive|ouhouqwq has 120 seconds left.\n|\n|t:|1732959068\n|move|p1a: Spectrier|Shadow Ball|p2a: Malamar\n|-crit|p2a: Malamar\n|-damage|p2a: Malamar|0 fnt\n|faint|p2a: Malamar\n|-ability|p1a: Spectrier|Grim Neigh|boost\n|-boost|p1a: Spectrier|spa|1\n|\n|upkeep\n|\n|t:|1732959077\n|switch|p2a: Fezandipiti|Fezandipiti, L82, M|278/278\n|turn|5\n|\n|t:|1732959087\n|-terastallize|p1a: Spectrier|Dark\n|move|p1a: Spectrier|Dark Pulse|p2a: Fezandipiti\n|-resisted|p2a: Fezandipiti\n|-damage|p2a: Fezandipiti|240/278\n|move|p2a: Fezandipiti|Beat Up|p1a: Spectrier\n|-resisted|p1a: Spectrier\n|-damage|p1a: Spectrier|268/274\n|-status|p1a: Spectrier|tox|[from] ability: Toxic Chain|[of] p2a: Fezandipiti\n|-resisted|p1a: Spectrier\n|-damage|p1a: Spectrier|261/274 tox\n|-resisted|p1a: Spectrier\n|-damage|p1a: Spectrier|253/274 tox\n|-resisted|p1a: Spectrier\n|-crit|p1a: Spectrier\n|-damage|p1a: Spectrier|242/274 tox\n|-resisted|p1a: Spectrier\n|-damage|p1a: Spectrier|235/274 tox\n|-hitcount|p1a: Spectrier|5\n|\n|-heal|p1a: Spectrier|252/274 tox|[from] item: Leftovers\n|-damage|p1a: Spectrier|235/274 tox|[from] psn\n|upkeep\n|turn|6\n|inactive|ouhouqwq has 120 seconds left.\n|\n|t:|1732959115\n|move|p1a: Spectrier|Shadow Ball|p2a: Fezandipiti\n|-damage|p2a: Fezandipiti|168/278\n|-unboost|p2a: Fezandipiti|spd|1\n|move|p2a: Fezandipiti|Heat Wave|p1a: Spectrier\n|-damage|p1a: Spectrier|175/274 tox\n|\n|-heal|p1a: Spectrier|192/274 tox|[from] item: Leftovers\n|-damage|p1a: Spectrier|158/274 tox|[from] psn\n|upkeep\n|turn|7\n|inactive|ouhouqwq has 120 seconds left.\n|\n|t:|1732959126\n|move|p1a: Spectrier|Shadow Ball|p2a: Fezandipiti\n|-damage|p2a: Fezandipiti|60/278\n|-unboost|p2a: Fezandipiti|spd|1\n|move|p2a: Fezandipiti|Play Rough|p1a: Spectrier\n|-supereffective|p1a: Spectrier\n|-damage|p1a: Spectrier|0 fnt\n|faint|p1a: Spectrier\n|\n|upkeep\n|inactive|ouhouqwq has 120 seconds left.\n|\n|t:|1732959138\n|switch|p1a: Lilligant|Lilligant-Hisui, L79, F|240/240\n|turn|8\n|inactive|ouhouqwq has 120 seconds left.\n|\n|t:|1732959145\n|move|p1a: Lilligant|Leaf Blade|p2a: Fezandipiti\n|-resisted|p2a: Fezandipiti\n|-damage|p2a: Fezandipiti|0 fnt\n|faint|p2a: Fezandipiti\n|-damage|p1a: Lilligant|216/240|[from] item: Life Orb\n|\n|upkeep\n|\n|t:|1732959149\n|switch|p2a: Kleavor|Kleavor, L78, M|237/237\n|turn|9\n|\n|t:|1732959155\n|move|p1a: Lilligant|Sleep Powder|p2a: Kleavor\n|-status|p2a: Kleavor|slp|[from] move: Sleep Powder\n|cant|p2a: Kleavor|slp\n|\n|upkeep\n|turn|10\n|\n|t:|1732959166\n|move|p1a: Lilligant|Victory Dance|p1a: Lilligant\n|-boost|p1a: Lilligant|atk|1\n|-boost|p1a: Lilligant|def|1\n|-boost|p1a: Lilligant|spe|1\n|cant|p2a: Kleavor|slp\n|\n|upkeep\n|turn|11\n|-message|TEDZITO7 forfeited.\n|\n|win|ouhouqwq\n|raw|ouhouqwq's rating: 1128 &rarr; <strong>1155</strong><br />(+27 for winning)\n|raw|TEDZITO7's rating: 1162 &rarr; <strong>1135</strong><br />(-27 for losing)\n|l|\u2606TEDZITO7\n|player|p2|\n|l|\u2606ouhouqwq\n|player|p1|\n|j|\u2606ouhouqwq\n|player|p1|ouhouqwq|265|\n", "inputlog": ">version b107d77f5c90bd6555267ae244a6264823309ead\n>start {\"formatid\":\"gen9randombattle\",\"seed\":[17518,16862,54296,42995],\"rated\":\"Rated battle\"}\n>player p1 {\"name\":\"ouhouqwq\",\"avatar\":\"265\",\"rating\":1128,\"seed\":[25911,45357,22807,18425]}\n>player p2 {\"name\":\"TEDZITO7\",\"avatar\":\"red\",\"rating\":1162,\"seed\":[46180,14740,36129,50974]}\n>p1 move psychic\n>p2 move superpower\n>p1 switch 5\n>p2 move superpower\n>p1 move dracometeor\n>p2 move knockoff\n>p1 switch 3\n>p1 move shadowball\n>p2 move rest\n>p2 switch 5\n>p1 move darkpulse terastallize\n>p2 move beatup\n>p1 move shadowball\n>p2 move heatwave\n>p1 move shadowball\n>p2 move playrough\n>p1 switch 4\n>p1 move leafblade\n>p2 move gunkshot\n>p2 switch 3\n>p1 move sleeppowder\n>p2 move stoneaxe\n>p1 move victorydance\n>p2 move stoneaxe\n>forcelose p2", "uploadtime": 1732959469, "views": 2, "formatid": "gen9randombattle", "rating": 1135, "private": 0, "password": null}