{"id": "gen9randombattle-2254164593", "format": "[Gen 9] Random Battle", "players": ["ellthesylveon", "Old Almighty"], "log": "|j|\u203dellthesylveon\n|j|\u2606Old Almighty\n|t:|1732999212\n|gametype|singles\n|player|p1|ellthesylveon|lady|1409\n|player|p2|Old Almighty|benga|1411\n|teamsize|p1|6\n|teamsize|p2|6\n|gen|9\n|tier|[Gen 9] Random Battle\n|rated|\n|rule|Species Clause: Limit one of each Pok\u00e9mon\n|rule|HP Percentage Mod: HP is shown in percentages\n|rule|Sleep Clause Mod: Limit one foe put to sleep\n|rule|Illusion Level Mod: Illusion disguises the Pok\u00e9mon's true level\n|\n|t:|1732999212\n|start\n|switch|p1a: Cobalion|Cobalion, L80|277/277\n|switch|p2a: Chien-Pao|Chien-Pao, L72|234/234\n|-ability|p2a: Chien-Pao|Sword of Ruin\n|turn|1\n|inactive|Battle timer is ON: inactive players will automatically lose when time's up. (requested by Old Almighty)\n|inactive|ellthesylveon also wants the timer to be on.\n|inactive|ellthesylveon has 120 seconds left.\n|inactive|Old Almighty has 120 seconds left.\n|\n|t:|1732999244\n|switch|p2a: Golurk|Golurk, L87|297/297\n|move|p1a: Cobalion|Thunder Wave|p2a: Golurk\n|-immune|p2a: Golurk\n|\n|upkeep\n|turn|2\n|\n|t:|1732999269\n|switch|p1a: Indeedee|Indeedee-F, L90, F|272/272\n|-fieldstart|move: Psychic Terrain|[from] ability: Psychic Surge|[of] p1a: Indeedee\n|move|p2a: Golurk|Stealth Rock|p1a: Indeedee\n|-sidestart|p1: ellthesylveon|move: Stealth Rock\n|\n|upkeep\n|turn|3\n|\n|t:|1732999281\n|move|p1a: Indeedee|Shadow Ball|p2a: Golurk\n|-supereffective|p2a: Golurk\n|-damage|p2a: Golurk|136/297\n|-unboost|p2a: Golurk|spd|1\n|-damage|p1a: Indeedee|245/272|[from] item: Life Orb\n|move|p2a: Golurk|Stone Edge|p1a: Indeedee\n|-damage|p1a: Indeedee|98/272\n|-damage|p2a: Golurk|107/297|[from] item: Life Orb\n|\n|upkeep\n|turn|4\n|\n|t:|1732999291\n|move|p1a: Indeedee|Shadow Ball|p2a: Golurk\n|-supereffective|p2a: Golurk\n|-damage|p2a: Golurk|0 fnt\n|faint|p2a: Golurk\n|-damage|p1a: Indeedee|71/272|[from] item: Life Orb\n|\n|upkeep\n|\n|t:|1732999296\n|switch|p2a: Chien-Pao|Chien-Pao, L72|234/234\n|-ability|p2a: Chien-Pao|Sword of Ruin\n|turn|5\n|\n|t:|1732999302\n|move|p2a: Chien-Pao|Swords Dance|p2a: Chien-Pao\n|-boost|p2a: Chien-Pao|atk|2\n|move|p1a: Indeedee|Calm Mind|p1a: Indeedee\n|-boost|p1a: Indeedee|spa|1\n|-boost|p1a: Indeedee|spd|1\n|\n|upkeep\n|turn|6\n|\n|t:|1732999308\n|move|p2a: Chien-Pao|Throat Chop|p1a: Indeedee\n|-supereffective|p1a: Indeedee\n|-crit|p1a: Indeedee\n|-damage|p1a: Indeedee|0 fnt\n|faint|p1a: Indeedee\n|\n|-fieldend|move: Psychic Terrain\n|upkeep\n|\n|t:|1732999313\n|switch|p1a: Cobalion|Cobalion, L80|277/277\n|-damage|p1a: Cobalion|269/277|[from] Stealth Rock\n|turn|7\n|\n|t:|1732999324\n|move|p2a: Chien-Pao|Icicle Crash|p1a: Cobalion\n|-resisted|p1a: Cobalion\n|-damage|p1a: Cobalion|189/277\n|move|p1a: Cobalion|Iron Head|p2a: Chien-Pao\n|-supereffective|p2a: Chien-Pao\n|-damage|p2a: Chien-Pao|48/234\n|\n|-heal|p1a: Cobalion|206/277|[from] item: Leftovers\n|upkeep\n|turn|8\n|\n|t:|1732999342\n|move|p2a: Chien-Pao|Icicle Crash|p1a: Cobalion\n|-resisted|p1a: Cobalion\n|-damage|p1a: Cobalion|121/277\n|move|p1a: Cobalion|Volt Switch|p2a: Chien-Pao\n|-damage|p2a: Chien-Pao|0 fnt\n|faint|p2a: Chien-Pao\n|\n|t:|1732999350\n|switch|p1a: Barraskewda|Barraskewda, L81, M|231/231|[from] Volt Switch\n|-damage|p1a: Barraskewda|203/231|[from] Stealth Rock\n|\n|upkeep\n|\n|t:|1732999359\n|switch|p2a: Cresselia|Cresselia, L80, F|323/323\n|turn|9\n|\n|t:|1732999366\n|move|p1a: Barraskewda|Flip Turn|p2a: Cresselia\n|-damage|p2a: Cresselia|233/323\n|\n|t:|1732999371\n|switch|p1a: Typhlosion|Typhlosion-Hisui, L83, F|257/257|[from] Flip Turn\n|-damage|p1a: Typhlosion|193/257|[from] Stealth Rock\n|move|p2a: Cresselia|Calm Mind|p2a: Cresselia\n|-boost|p2a: Cresselia|spa|1\n|-boost|p2a: Cresselia|spd|1\n|\n|-heal|p2a: Cresselia|253/323|[from] item: Leftovers\n|upkeep\n|turn|10\n|\n|t:|1732999386\n|move|p1a: Typhlosion|Shadow Ball|p2a: Cresselia\n|-supereffective|p2a: Cresselia\n|-damage|p2a: Cresselia|103/323\n|move|p2a: Cresselia|Psyshock|p1a: Typhlosion\n|-damage|p1a: Typhlosion|76/257\n|\n|-heal|p2a: Cresselia|123/323|[from] item: Leftovers\n|upkeep\n|turn|11\n|\n|t:|1732999395\n|-terastallize|p2a: Cresselia|Steel\n|move|p1a: Typhlosion|Shadow Ball|p2a: Cresselia\n|-damage|p2a: Cresselia|47/323\n|move|p2a: Cresselia|Moonlight|p2a: Cresselia\n|-heal|p2a: Cresselia|208/323\n|\n|-heal|p2a: Cresselia|228/323|[from] item: Leftovers\n|upkeep\n|turn|12\n|\n|t:|1732999403\n|move|p1a: Typhlosion|Shadow Ball|p2a: Cresselia\n|-damage|p2a: Cresselia|153/323\n|move|p2a: Cresselia|Psyshock|p1a: Typhlosion\n|-damage|p1a: Typhlosion|0 fnt\n|faint|p1a: Typhlosion\n|\n|-heal|p2a: Cresselia|173/323|[from] item: Leftovers\n|upkeep\n|\n|t:|1732999412\n|switch|p1a: Barraskewda|Barraskewda, L81, M|203/231\n|-damage|p1a: Barraskewda|175/231|[from] Stealth Rock\n|turn|13\n|\n|t:|1732999416\n|move|p1a: Barraskewda|Close Combat|p2a: Cresselia\n|-supereffective|p2a: Cresselia\n|-damage|p2a: Cresselia|0 fnt\n|-unboost|p1a: Barraskewda|def|1\n|-unboost|p1a: Barraskewda|spd|1\n|faint|p2a: Cresselia\n|\n|upkeep\n|\n|t:|1732999423\n|switch|p2a: Overqwil|Overqwil, L82, F|274/274\n|-ability|p2a: Overqwil|Intimidate|boost\n|-unboost|p1a: Barraskewda|atk|1\n|turn|14\n|\n|t:|1732999444\n|switch|p1a: Thundurus|Thundurus-Therian, L80, M|258/258\n|move|p2a: Overqwil|Swords Dance|p2a: Overqwil\n|-boost|p2a: Overqwil|atk|2\n|\n|upkeep\n|turn|15\n|inactive|ellthesylveon has 120 seconds left.\n|\n|t:|1732999464\n|move|p1a: Thundurus|Nasty Plot|p1a: Thundurus\n|-boost|p1a: Thundurus|spa|2\n|move|p2a: Overqwil|Gunk Shot|p1a: Thundurus\n|-damage|p1a: Thundurus|0 fnt\n|faint|p1a: Thundurus\n|-damage|p2a: Overqwil|247/274|[from] item: Life Orb\n|\n|upkeep\n|inactive|ellthesylveon has 120 seconds left.\n|\n|t:|1732999476\n|switch|p1a: Barraskewda|Barraskewda, L81, M|175/231\n|-damage|p1a: Barraskewda|147/231|[from] Stealth Rock\n|turn|16\n|inactive|ellthesylveon has 120 seconds left.\n|\n|t:|1732999483\n|-terastallize|p1a: Barraskewda|Fighting\n|move|p1a: Barraskewda|Close Combat|p2a: Overqwil\n|-crit|p2a: Overqwil\n|-damage|p2a: Overqwil|0 fnt\n|-unboost|p1a: Barraskewda|def|1\n|-unboost|p1a: Barraskewda|spd|1\n|faint|p2a: Overqwil\n|\n|upkeep\n|\n|t:|1732999489\n|switch|p2a: Alomomola|Alomomola, L87, F|429/429\n|turn|17\n|\n|t:|1732999494\n|switch|p1a: Cobalion|Cobalion, L80|121/277\n|-damage|p1a: Cobalion|113/277|[from] Stealth Rock\n|move|p2a: Alomomola|Scald|p1a: Cobalion\n|-crit|p1a: Cobalion\n|-damage|p1a: Cobalion|20/277\n|\n|-heal|p1a: Cobalion|37/277|[from] item: Leftovers\n|upkeep\n|turn|18\n|\n|t:|1732999505\n|move|p1a: Cobalion|Thunder Wave|p2a: Alomomola|[miss]\n|-miss|p1a: Cobalion|p2a: Alomomola\n|move|p2a: Alomomola|Scald|p1a: Cobalion\n|-damage|p1a: Cobalion|0 fnt\n|faint|p1a: Cobalion\n|\n|upkeep\n|\n|t:|1732999512\n|switch|p1a: Dusknoir|Dusknoir, L89, F|225/225\n|-damage|p1a: Dusknoir|197/225|[from] Stealth Rock\n|-item|p2a: Alomomola|Rocky Helmet|[from] ability: Frisk|[of] p1a: Dusknoir\n|turn|19\n|\n|t:|1732999525\n|move|p2a: Alomomola|Wish|p2a: Alomomola\n|move|p1a: Dusknoir|Will-O-Wisp|p2a: Alomomola|[miss]\n|-miss|p1a: Dusknoir|p2a: Alomomola\n|\n|-heal|p1a: Dusknoir|211/225|[from] item: Leftovers\n|upkeep\n|turn|20\n|\n|t:|1732999529\n|move|p2a: Alomomola|Scald|p1a: Dusknoir\n|-damage|p1a: Dusknoir|180/225\n|move|p1a: Dusknoir|Will-O-Wisp|p2a: Alomomola\n|-status|p2a: Alomomola|brn\n|\n|-heal|p1a: Dusknoir|194/225|[from] item: Leftovers\n|-damage|p2a: Alomomola|403/429 brn|[from] brn\n|upkeep\n|turn|21\n|\n|t:|1732999543\n|move|p2a: Alomomola|Scald|p1a: Dusknoir\n|-damage|p1a: Dusknoir|160/225\n|move|p1a: Dusknoir|Poltergeist|p2a: Alomomola\n|-activate|p2a: Alomomola|move: Poltergeist|Rocky Helmet\n|-damage|p2a: Alomomola|255/429 brn\n|\n|-heal|p1a: Dusknoir|174/225|[from] item: Leftovers\n|-damage|p2a: Alomomola|229/429 brn|[from] brn\n|upkeep\n|turn|22\n|\n|t:|1732999552\n|move|p2a: Alomomola|Wish|p2a: Alomomola\n|move|p1a: Dusknoir|Poltergeist|p2a: Alomomola\n|-activate|p2a: Alomomola|move: Poltergeist|Rocky Helmet\n|-damage|p2a: Alomomola|88/429 brn\n|\n|-heal|p1a: Dusknoir|188/225|[from] item: Leftovers\n|-damage|p2a: Alomomola|62/429 brn|[from] brn\n|upkeep\n|turn|23\n|\n|t:|1732999560\n|move|p1a: Dusknoir|Shadow Sneak|p2a: Alomomola\n|-damage|p2a: Alomomola|13/429 brn\n|-damage|p1a: Dusknoir|151/225|[from] item: Rocky Helmet|[of] p2a: Alomomola\n|move|p2a: Alomomola|Scald|p1a: Dusknoir\n|-damage|p1a: Dusknoir|118/225\n|\n|-heal|p2a: Alomomola|227/429 brn|[from] move: Wish|[wisher] Alomomola\n|-heal|p1a: Dusknoir|132/225|[from] item: Leftovers\n|-damage|p2a: Alomomola|201/429 brn|[from] brn\n|upkeep\n|turn|24\n|\n|t:|1732999571\n|move|p2a: Alomomola|Wish|p2a: Alomomola\n|move|p1a: Dusknoir|Poltergeist|p2a: Alomomola\n|-activate|p2a: Alomomola|move: Poltergeist|Rocky Helmet\n|-damage|p2a: Alomomola|63/429 brn\n|\n|-heal|p1a: Dusknoir|146/225|[from] item: Leftovers\n|-damage|p2a: Alomomola|37/429 brn|[from] brn\n|upkeep\n|turn|25\n|\n|t:|1732999578\n|move|p2a: Alomomola|Protect|p2a: Alomomola\n|-singleturn|p2a: Alomomola|Protect\n|move|p1a: Dusknoir|Shadow Sneak|p2a: Alomomola\n|-activate|p2a: Alomomola|move: Protect\n|\n|-heal|p2a: Alomomola|251/429 brn|[from] move: Wish|[wisher] Alomomola\n|-heal|p1a: Dusknoir|160/225|[from] item: Leftovers\n|-damage|p2a: Alomomola|225/429 brn|[from] brn\n|upkeep\n|turn|26\n|\n|t:|1732999585\n|move|p2a: Alomomola|Wish|p2a: Alomomola\n|move|p1a: Dusknoir|Poltergeist|p2a: Alomomola\n|-activate|p2a: Alomomola|move: Poltergeist|Rocky Helmet\n|-damage|p2a: Alomomola|96/429 brn\n|\n|-heal|p1a: Dusknoir|174/225|[from] item: Leftovers\n|-damage|p2a: Alomomola|70/429 brn|[from] brn\n|upkeep\n|turn|27\n|\n|t:|1732999593\n|move|p2a: Alomomola|Protect|p2a: Alomomola\n|-singleturn|p2a: Alomomola|Protect\n|move|p1a: Dusknoir|Earthquake|p2a: Alomomola\n|-activate|p2a: Alomomola|move: Protect\n|\n|-heal|p2a: Alomomola|284/429 brn|[from] move: Wish|[wisher] Alomomola\n|-heal|p1a: Dusknoir|188/225|[from] item: Leftovers\n|-damage|p2a: Alomomola|258/429 brn|[from] brn\n|upkeep\n|turn|28\n|\n|t:|1732999597\n|move|p2a: Alomomola|Scald|p1a: Dusknoir\n|-crit|p1a: Dusknoir\n|-damage|p1a: Dusknoir|134/225\n|move|p1a: Dusknoir|Poltergeist|p2a: Alomomola\n|-activate|p2a: Alomomola|move: Poltergeist|Rocky Helmet\n|-damage|p2a: Alomomola|129/429 brn\n|\n|-heal|p1a: Dusknoir|148/225|[from] item: Leftovers\n|-damage|p2a: Alomomola|103/429 brn|[from] brn\n|upkeep\n|turn|29\n|\n|t:|1732999607\n|move|p2a: Alomomola|Scald|p1a: Dusknoir\n|-damage|p1a: Dusknoir|112/225\n|-status|p1a: Dusknoir|brn\n|move|p1a: Dusknoir|Poltergeist|p2a: Alomomola\n|-activate|p2a: Alomomola|move: Poltergeist|Rocky Helmet\n|-damage|p2a: Alomomola|31/429 brn\n|\n|-heal|p1a: Dusknoir|126/225 brn|[from] item: Leftovers\n|-damage|p2a: Alomomola|5/429 brn|[from] brn\n|-damage|p1a: Dusknoir|112/225 brn|[from] brn\n|upkeep\n|turn|30\n|\n|t:|1732999618\n|move|p1a: Dusknoir|Shadow Sneak|p2a: Alomomola\n|-damage|p2a: Alomomola|0 fnt\n|-damage|p1a: Dusknoir|75/225 brn|[from] item: Rocky Helmet|[of] p2a: Alomomola\n|faint|p2a: Alomomola\n|\n|-heal|p1a: Dusknoir|89/225 brn|[from] item: Leftovers\n|-damage|p1a: Dusknoir|75/225 brn|[from] brn\n|upkeep\n|\n|t:|1732999620\n|switch|p2a: Empoleon|Empoleon, L84, M|278/278\n|turn|31\n|\n|t:|1732999629\n|move|p2a: Empoleon|Surf|p1a: Dusknoir\n|-damage|p1a: Dusknoir|3/225 brn\n|move|p1a: Dusknoir|Earthquake|p2a: Empoleon\n|-supereffective|p2a: Empoleon\n|-damage|p2a: Empoleon|204/278\n|\n|-heal|p2a: Empoleon|221/278|[from] item: Leftovers\n|-heal|p1a: Dusknoir|17/225 brn|[from] item: Leftovers\n|-damage|p1a: Dusknoir|3/225 brn|[from] brn\n|upkeep\n|turn|32\n|\n|t:|1732999639\n|move|p2a: Empoleon|Surf|p1a: Dusknoir\n|-damage|p1a: Dusknoir|0 fnt\n|faint|p1a: Dusknoir\n|\n|-heal|p2a: Empoleon|238/278|[from] item: Leftovers\n|upkeep\n|\n|t:|1732999642\n|switch|p1a: Barraskewda|Barraskewda, L81, M, tera:Fighting|147/231\n|-damage|p1a: Barraskewda|133/231|[from] Stealth Rock\n|turn|33\n|\n|t:|1732999649\n|move|p1a: Barraskewda|Close Combat|p2a: Empoleon\n|-supereffective|p2a: Empoleon\n|-damage|p2a: Empoleon|0 fnt\n|-unboost|p1a: Barraskewda|def|1\n|-unboost|p1a: Barraskewda|spd|1\n|faint|p2a: Empoleon\n|\n|win|ellthesylveon\n|raw|ellthesylveon's rating: 1409 &rarr; <strong>1429</strong><br />(+20 for winning)\n|raw|Old Almighty's rating: 1411 &rarr; <strong>1391</strong><br />(-20 for losing)\n|l|\u2606Old Almighty\n|player|p2|\n", "inputlog": ">version b107d77f5c90bd6555267ae244a6264823309ead\n>start {\"formatid\":\"gen9randombattle\",\"seed\":[38382,10502,23043,29273],\"rated\":\"Rated battle\"}\n>player p1 {\"name\":\"ellthesylveon\",\"avatar\":\"lady\",\"rating\":1409,\"seed\":[42233,55688,34699,46697]}\n>player p2 {\"name\":\"Old Almighty\",\"avatar\":\"benga\",\"rating\":1411,\"seed\":[15487,27540,36800,23750]}\n>p1 move thunderwave\n>p2 switch 2\n>p1 switch 5\n>p2 move stealthrock\n>p1 move shadowball\n>p2 move stoneedge\n>p1 move shadowball\n>p2 move stoneedge\n>p2 switch 2\n>p1 move calmmind\n>p2 move swordsdance\n>p1 move hypervoice\n>p2 move throatchop\n>p1 switch 5\n>p1 move ironhead\n>p2 move iciclecrash\n>p1 move voltswitch\n>p2 move iciclecrash\n>p1 switch 2\n>p2 switch 6\n>p1 move flipturn\n>p2 move calmmind\n>p1 switch 6\n>p1 move shadowball\n>p2 move psyshock\n>p1 move shadowball\n>p2 move moonlight terastallize\n>p1 move shadowball\n>p2 move psyshock\n>p1 switch 6\n>p1 move closecombat\n>p2 move moonlight\n>p2 switch 5\n>p1 switch 4\n>p2 move swordsdance\n>p1 move nastyplot\n>p2 move gunkshot\n>p1 switch 4\n>p1 move closecombat terastallize\n>p2 move crunch\n>p2 switch 3\n>p1 switch 2\n>p2 move scald\n>p1 move thunderwave\n>p2 move scald\n>p1 switch 3\n>p1 move willowisp\n>p2 move wish\n>p1 move willowisp\n>p2 move scald\n>p1 move poltergeist\n>p2 move scald\n>p1 move poltergeist\n>p2 move wish\n>p1 move shadowsneak\n>p2 move scald\n>p1 move poltergeist\n>p2 move wish\n>p1 move shadowsneak\n>p2 move protect\n>p1 move poltergeist\n>p2 move wish\n>p1 move earthquake\n>p2 move protect\n>p1 move poltergeist\n>p2 move scald\n>p1 move poltergeist\n>p2 move scald\n>p1 move shadowsneak\n>p2 move wish\n>p2 switch 4\n>p1 move earthquake\n>p2 move surf\n>p1 move willowisp\n>p2 move surf\n>p1 switch 2\n>p1 move closecombat\n>p2 move yawn", "uploadtime": 1732999654, "views": 18, "formatid": "gen9randombattle", "rating": 1391, "private": 0, "password": null}