{"id": "gen9randombattle-2254049260", "format": "[Gen 9] Random Battle", "players": ["kristoff-mountain", "freyaknightvgc"], "log": "|j|\u2606kristoff-mountain\n|j|\u2606freyaknightvgc\n|t:|1732984859\n|gametype|singles\n|player|p1|kristoff-mountain|102|\n|player|p2|freyaknightvgc|grusha|\n|teamsize|p1|6\n|teamsize|p2|6\n|gen|9\n|tier|[Gen 9] Random Battle\n|rated|Tournament battle\n|rule|Species Clause: Limit one of each Pok\u00e9mon\n|rule|HP Percentage Mod: HP is shown in percentages\n|rule|Sleep Clause Mod: Limit one foe put to sleep\n|rule|Illusion Level Mod: Illusion disguises the Pok\u00e9mon's true level\n|\n|t:|1732984859\n|start\n|switch|p1a: Azumarill|Azumarill, L82, M|298/298\n|switch|p2a: Abomasnow|Abomasnow, L85, F|291/291\n|-weather|Snow|[from] ability: Snow Warning|[of] p2a: Abomasnow\n|turn|1\n|c|\u2606freyaknightvgc|hf\n|\n|t:|1732984868\n|switch|p1a: Entei|Entei, L78|307/307\n|move|p2a: Abomasnow|Aurora Veil|p2a: Abomasnow\n|-sidestart|p2: freyaknightvgc|move: Aurora Veil\n|\n|-weather|Snow|[upkeep]\n|upkeep\n|turn|2\n|\n|t:|1732984873\n|switch|p2a: Primarina|Primarina, L83, F|268/268\n|move|p1a: Entei|Sacred Fire|p2a: Primarina\n|-resisted|p2a: Primarina\n|-damage|p2a: Primarina|221/268\n|\n|-weather|Snow|[upkeep]\n|upkeep\n|turn|3\n|inactive|Battle timer is ON: inactive players will automatically lose when time's up. (requested by kristoff-mountain)\n|\n|t:|1732984880\n|switch|p1a: Raichu|Raichu, L88, M|249/249\n|move|p2a: Primarina|Moonblast|p1a: Raichu\n|-damage|p1a: Raichu|45/249\n|-unboost|p1a: Raichu|spa|1\n|\n|-weather|Snow|[upkeep]\n|upkeep\n|turn|4\n|\n|t:|1732984890\n|switch|p2a: Virizion|Virizion, L82|283/283\n|move|p1a: Raichu|Thunderbolt|p2a: Virizion\n|-resisted|p2a: Virizion\n|-damage|p2a: Virizion|267/283\n|-damage|p1a: Raichu|21/249|[from] item: Life Orb\n|\n|-weather|Snow|[upkeep]\n|upkeep\n|turn|5\n|\n|t:|1732984895\n|move|p1a: Raichu|Tera Blast|p2a: Virizion\n|-damage|p2a: Virizion|247/283\n|-damage|p1a: Raichu|0 fnt|[from] item: Life Orb\n|faint|p1a: Raichu\n|move|p2a: Virizion|Swords Dance|p2a: Virizion\n|-boost|p2a: Virizion|atk|2\n|\n|-weather|none\n|upkeep\n|\n|t:|1732984903\n|switch|p1a: Entei|Entei, L78|307/307\n|turn|6\n|\n|t:|1732984908\n|move|p2a: Virizion|Close Combat|p1a: Entei\n|-damage|p1a: Entei|0 fnt\n|-unboost|p2a: Virizion|def|1\n|-unboost|p2a: Virizion|spd|1\n|faint|p1a: Entei\n|-damage|p2a: Virizion|219/283|[from] item: Life Orb\n|\n|upkeep\n|\n|t:|1732984914\n|switch|p1a: Mismagius|Mismagius, L86, M|243/243\n|turn|7\n|\n|t:|1732984917\n|move|p1a: Mismagius|Mystical Fire|p2a: Virizion\n|-supereffective|p2a: Virizion\n|-damage|p2a: Virizion|135/283\n|-unboost|p2a: Virizion|spa|1\n|-damage|p1a: Mismagius|219/243|[from] item: Life Orb\n|move|p2a: Virizion|Leaf Blade|p1a: Mismagius\n|-damage|p1a: Mismagius|0 fnt\n|faint|p1a: Mismagius\n|-damage|p2a: Virizion|107/283|[from] item: Life Orb\n|\n|upkeep\n|\n|t:|1732984924\n|switch|p1a: Sinistcha|Sinistcha, L83|254/254\n|turn|8\n|\n|t:|1732984938\n|move|p2a: Virizion|Swords Dance|p2a: Virizion\n|-boost|p2a: Virizion|atk|2\n|move|p1a: Sinistcha|Shadow Ball|p2a: Virizion\n|-damage|p2a: Virizion|49/283\n|\n|-sideend|p2: freyaknightvgc|move: Aurora Veil\n|upkeep\n|turn|9\n|\n|t:|1732984944\n|move|p2a: Virizion|Stone Edge|p1a: Sinistcha\n|-damage|p1a: Sinistcha|47/254\n|-damage|p2a: Virizion|21/283|[from] item: Life Orb\n|move|p1a: Sinistcha|Shadow Ball|p2a: Virizion\n|-damage|p2a: Virizion|0 fnt\n|faint|p2a: Virizion\n|\n|-heal|p1a: Sinistcha|62/254|[from] item: Leftovers\n|upkeep\n|\n|t:|1732984950\n|switch|p2a: Abomasnow|Abomasnow, L85, F|291/291\n|-weather|Snow|[from] ability: Snow Warning|[of] p2a: Abomasnow\n|turn|10\n|\n|t:|1732984955\n|move|p1a: Sinistcha|Strength Sap|p2a: Abomasnow\n|-unboost|p2a: Abomasnow|atk|1\n|-heal|p1a: Sinistcha|254/254\n|move|p2a: Abomasnow|Aurora Veil|p2a: Abomasnow\n|-sidestart|p2: freyaknightvgc|move: Aurora Veil\n|\n|-weather|Snow|[upkeep]\n|upkeep\n|turn|11\n|\n|t:|1732984961\n|move|p1a: Sinistcha|Calm Mind|p1a: Sinistcha\n|-boost|p1a: Sinistcha|spa|1\n|-boost|p1a: Sinistcha|spd|1\n|move|p2a: Abomasnow|Blizzard|p1a: Sinistcha\n|-supereffective|p1a: Sinistcha\n|-damage|p1a: Sinistcha|90/254\n|\n|-weather|Snow|[upkeep]\n|-heal|p1a: Sinistcha|105/254|[from] item: Leftovers\n|upkeep\n|turn|12\n|\n|t:|1732984965\n|move|p1a: Sinistcha|Strength Sap|p2a: Abomasnow\n|-unboost|p2a: Abomasnow|atk|1\n|-heal|p1a: Sinistcha|241/254\n|move|p2a: Abomasnow|Blizzard|p1a: Sinistcha\n|-supereffective|p1a: Sinistcha\n|-damage|p1a: Sinistcha|59/254\n|\n|-weather|Snow|[upkeep]\n|-heal|p1a: Sinistcha|74/254|[from] item: Leftovers\n|upkeep\n|turn|13\n|\n|t:|1732984969\n|move|p1a: Sinistcha|Shadow Ball|p2a: Abomasnow\n|-damage|p2a: Abomasnow|211/291\n|move|p2a: Abomasnow|Blizzard|p1a: Sinistcha\n|-supereffective|p1a: Sinistcha\n|-damage|p1a: Sinistcha|0 fnt\n|faint|p1a: Sinistcha\n|\n|-weather|Snow|[upkeep]\n|upkeep\n|\n|t:|1732984973\n|switch|p1a: Blissey|Blissey, L84, F|566/566\n|turn|14\n|\n|t:|1732984987\n|switch|p2a: Greedent|Greedent, L86, M|347/347\n|move|p1a: Blissey|Thunder Wave|p2a: Greedent\n|-status|p2a: Greedent|par\n|\n|-weather|none\n|upkeep\n|turn|15\n|\n|t:|1732984993\n|move|p1a: Blissey|Seismic Toss|p2a: Greedent\n|-damage|p2a: Greedent|263/347 par\n|move|p2a: Greedent|Swords Dance|p2a: Greedent\n|-boost|p2a: Greedent|atk|2\n|\n|upkeep\n|turn|16\n|\n|t:|1732984996\n|move|p1a: Blissey|Seismic Toss|p2a: Greedent\n|-damage|p2a: Greedent|179/347 par\n|cant|p2a: Greedent|par\n|\n|upkeep\n|turn|17\n|\n|t:|1732984999\n|move|p1a: Blissey|Seismic Toss|p2a: Greedent\n|-damage|p2a: Greedent|95/347 par\n|-enditem|p2a: Greedent|Sitrus Berry|[eat]\n|-heal|p2a: Greedent|181/347 par|[from] item: Sitrus Berry\n|-heal|p2a: Greedent|296/347 par|[from] ability: Cheek Pouch\n|cant|p2a: Greedent|par\n|\n|-sideend|p2: freyaknightvgc|move: Aurora Veil\n|upkeep\n|turn|18\n|\n|t:|1732985001\n|move|p1a: Blissey|Seismic Toss|p2a: Greedent\n|-damage|p2a: Greedent|212/347 par\n|move|p2a: Greedent|Body Slam|p1a: Blissey\n|-damage|p1a: Blissey|29/566\n|\n|-heal|p1a: Blissey|64/566|[from] item: Leftovers\n|upkeep\n|turn|19\n|\n|t:|1732985004\n|move|p1a: Blissey|Seismic Toss|p2a: Greedent\n|-damage|p2a: Greedent|128/347 par\n|move|p2a: Greedent|Body Slam|p1a: Blissey\n|-crit|p1a: Blissey\n|-damage|p1a: Blissey|0 fnt\n|faint|p1a: Blissey\n|\n|upkeep\n|\n|t:|1732985007\n|switch|p1a: Azumarill|Azumarill, L82, M|298/298\n|turn|20\n|\n|t:|1732985010\n|-terastallize|p1a: Azumarill|Water\n|move|p1a: Azumarill|Aqua Jet|p2a: Greedent\n|-damage|p2a: Greedent|32/347 par\n|move|p2a: Greedent|Body Slam|p1a: Azumarill\n|-damage|p1a: Azumarill|79/298\n|-status|p1a: Azumarill|par\n|\n|upkeep\n|turn|21\n|c|\u2606kristoff-mountain|gg\n|\n|t:|1732985014\n|cant|p1a: Azumarill|par\n|move|p2a: Greedent|Body Slam|p1a: Azumarill\n|-damage|p1a: Azumarill|0 fnt\n|faint|p1a: Azumarill\n|\n|win|freyaknightvgc\n|n|\u2606kristoff-mountain|kristoffmountain\n|n|\u2606freyaknightvgc|freyaknightvgc\n|l|\u2606kristoff-mountain\n|player|p1|\n|c|\u2606freyaknightvgc|gg\n", "inputlog": ">version b107d77f5c90bd6555267ae244a6264823309ead\n>start {\"formatid\":\"gen9randombattle\",\"seed\":[54942,56469,57903,7305],\"rated\":\"Tournament battle\"}\n>player p1 {\"name\":\"kristoff-mountain\",\"avatar\":\"102\",\"rating\":0,\"seed\":[31709,39516,33700,63832]}\n>player p2 {\"name\":\"freyaknightvgc\",\"avatar\":\"grusha\",\"rating\":0,\"seed\":[13743,17326,31172,38900]}\n>chat \u2606freyaknightvgc|hf\n>p1 switch 3\n>p2 move auroraveil\n>p1 move sacredfire\n>p2 switch 4\n>p1 switch 5\n>p2 move moonblast\n>p1 move thunderbolt\n>p2 switch 6\n>p1 move terablast\n>p2 move swordsdance\n>p1 switch 5\n>p1 move sacredfire\n>p2 move closecombat\n>p1 switch 6\n>p1 move mysticalfire\n>p2 move leafblade\n>p1 switch 4\n>p1 move shadowball\n>p2 move swordsdance\n>p1 move shadowball\n>p2 move stoneedge\n>p2 switch 4\n>p1 move strengthsap\n>p2 move auroraveil\n>p1 move calmmind\n>p2 move blizzard\n>p1 move strengthsap\n>p2 move blizzard\n>p1 move shadowball\n>p2 move blizzard\n>p1 switch 2\n>p1 move thunderwave\n>p2 switch 3\n>p1 move seismictoss\n>p2 move swordsdance\n>p1 move seismictoss\n>p2 move bodyslam\n>p1 move seismictoss\n>p2 move bodyslam\n>p1 move seismictoss\n>p2 move bodyslam\n>p1 move seismictoss\n>p2 move bodyslam\n>p1 switch 3\n>p1 move aquajet terastallize\n>p2 move bodyslam\n>chat \u2606kristoff-mountain|gg\n>p1 move aquajet\n>p2 move bodyslam", "uploadtime": 1732985018, "views": 3, "formatid": "gen9randombattle", "rating": null, "private": 0, "password": null}