{"id": "gen9randombattle-2253858349", "format": "[Gen 9] Random Battle", "players": ["Electricstorm252", "ananananji"], "log": "|j|\u2606Electricstorm252\n|j|\u2606ananananji\n|t:|1732950331\n|gametype|singles\n|player|p1|Electricstorm252|birdkeeper-gen4dp|2088\n|player|p2|ananananji|2|2022\n|teamsize|p1|6\n|teamsize|p2|6\n|gen|9\n|tier|[Gen 9] Random Battle\n|rated|\n|rule|Species Clause: Limit one of each Pok\u00e9mon\n|rule|HP Percentage Mod: HP is shown in percentages\n|rule|Sleep Clause Mod: Limit one foe put to sleep\n|rule|Illusion Level Mod: Illusion disguises the Pok\u00e9mon's true level\n|\n|t:|1732950331\n|start\n|switch|p1a: Camerupt|Camerupt, L91, F|275/275\n|switch|p2a: Dodrio|Dodrio, L86, M|243/243\n|turn|1\n|\n|t:|1732950346\n|move|p2a: Dodrio|Swords Dance|p2a: Dodrio\n|-boost|p2a: Dodrio|atk|2\n|move|p1a: Camerupt|Overheat|p2a: Dodrio\n|-damage|p2a: Dodrio|5/243\n|-unboost|p1a: Camerupt|spa|2\n|\n|upkeep\n|turn|2\n|\n|t:|1732950352\n|move|p2a: Dodrio|Drill Run|p1a: Camerupt\n|-supereffective|p1a: Camerupt\n|-damage|p1a: Camerupt|55/275\n|move|p1a: Camerupt|Stealth Rock|p2a: Dodrio\n|-sidestart|p2: ananananji|move: Stealth Rock\n|\n|-heal|p1a: Camerupt|72/275|[from] item: Leftovers\n|upkeep\n|turn|3\n|\n|t:|1732950357\n|switch|p1a: Alomomola|Alomomola, L87, F|429/429\n|move|p2a: Dodrio|Drill Run|p1a: Alomomola\n|-damage|p1a: Alomomola|296/429\n|-damage|p2a: Dodrio|0 fnt|[from] item: Rocky Helmet|[of] p1a: Alomomola\n|faint|p2a: Dodrio\n|\n|upkeep\n|\n|t:|1732950365\n|switch|p2a: Pecharunt|Pecharunt, L77|262/262\n|-damage|p2a: Pecharunt|230/262|[from] Stealth Rock\n|turn|4\n|inactive|Battle timer is ON: inactive players will automatically lose when time's up. (requested by ananananji)\n|\n|t:|1732950386\n|switch|p1a: Arbok|Arbok, L87, F|246/246\n|-ability|p1a: Arbok|Intimidate|boost\n|-unboost|p2a: Pecharunt|atk|1\n|move|p2a: Pecharunt|Nasty Plot|p2a: Pecharunt\n|-boost|p2a: Pecharunt|spa|2\n|\n|-heal|p2a: Pecharunt|246/262|[from] item: Leftovers\n|upkeep\n|turn|5\n|\n|t:|1732950392\n|move|p1a: Arbok|Glare|p2a: Pecharunt\n|-status|p2a: Pecharunt|par\n|move|p2a: Pecharunt|Shadow Ball|p1a: Arbok\n|-damage|p1a: Arbok|119/246\n|\n|-heal|p2a: Pecharunt|262/262 par|[from] item: Leftovers\n|upkeep\n|turn|6\n|\n|t:|1732950399\n|move|p1a: Arbok|Knock Off|p2a: Pecharunt\n|-supereffective|p2a: Pecharunt\n|-damage|p2a: Pecharunt|142/262 par\n|-enditem|p2a: Pecharunt|Leftovers|[from] move: Knock Off|[of] p1a: Arbok\n|-damage|p1a: Arbok|95/246|[from] item: Life Orb\n|move|p2a: Pecharunt|Shadow Ball|p1a: Arbok\n|-damage|p1a: Arbok|0 fnt\n|faint|p1a: Arbok\n|\n|upkeep\n|\n|t:|1732950416\n|switch|p1a: Camerupt|Camerupt, L91, F|72/275\n|turn|7\n|\n|t:|1732950420\n|switch|p2a: Mismagius|Mismagius, L86, F|243/243\n|-damage|p2a: Mismagius|213/243|[from] Stealth Rock\n|move|p1a: Camerupt|Earthquake|p2a: Mismagius\n|-immune|p2a: Mismagius|[from] ability: Levitate\n|\n|-heal|p2a: Mismagius|228/243|[from] item: Leftovers\n|-heal|p1a: Camerupt|89/275|[from] item: Leftovers\n|upkeep\n|turn|8\n|\n|t:|1732950428\n|move|p2a: Mismagius|Shadow Ball|p1a: Camerupt\n|-crit|p1a: Camerupt\n|-damage|p1a: Camerupt|0 fnt\n|faint|p1a: Camerupt\n|\n|-heal|p2a: Mismagius|243/243|[from] item: Leftovers\n|upkeep\n|\n|t:|1732950434\n|switch|p1a: Calyrex|Calyrex-Ice, L72|263/263\n|-ability|p1a: Calyrex|As One\n|-ability|p1a: Calyrex|Unnerve\n|turn|9\n|\n|t:|1732950442\n|move|p2a: Mismagius|Substitute|p2a: Mismagius\n|-start|p2a: Mismagius|Substitute\n|-damage|p2a: Mismagius|183/243\n|move|p1a: Calyrex|Agility|p1a: Calyrex\n|-boost|p1a: Calyrex|spe|2\n|\n|-heal|p2a: Mismagius|198/243|[from] item: Leftovers\n|upkeep\n|turn|10\n|\n|t:|1732950451\n|move|p2a: Mismagius|Shadow Ball|p1a: Calyrex\n|-supereffective|p1a: Calyrex\n|-damage|p1a: Calyrex|87/263\n|-enditem|p1a: Calyrex|Weakness Policy\n|-boost|p1a: Calyrex|atk|2|[from] item: Weakness Policy\n|-boost|p1a: Calyrex|spa|2|[from] item: Weakness Policy\n|move|p1a: Calyrex|Glacial Lance|p2a: Mismagius\n|-end|p2a: Mismagius|Substitute\n|\n|-heal|p2a: Mismagius|213/243|[from] item: Leftovers\n|upkeep\n|turn|11\n|\n|t:|1732950460\n|switch|p2a: Pecharunt|Pecharunt, L77|142/262 par\n|-damage|p2a: Pecharunt|110/262 par|[from] Stealth Rock\n|move|p1a: Calyrex|Glacial Lance|p2a: Pecharunt\n|-damage|p2a: Pecharunt|0 fnt\n|faint|p2a: Pecharunt\n|-ability|p1a: Calyrex|Chilling Neigh|boost\n|-boost|p1a: Calyrex|atk|1\n|\n|upkeep\n|\n|t:|1732950464\n|switch|p2a: Metagross|Metagross, L79|256/256\n|-damage|p2a: Metagross|240/256|[from] Stealth Rock\n|turn|12\n|\n|t:|1732950471\n|switch|p1a: Alomomola|Alomomola, L87, F|429/429\n|-terastallize|p2a: Metagross|Water\n|move|p2a: Metagross|Knock Off|p1a: Alomomola\n|-damage|p1a: Alomomola|349/429\n|-damage|p2a: Metagross|198/256|[from] item: Rocky Helmet|[of] p1a: Alomomola\n|-enditem|p1a: Alomomola|Rocky Helmet|[from] move: Knock Off|[of] p2a: Metagross\n|\n|-heal|p2a: Metagross|214/256|[from] item: Leftovers\n|upkeep\n|turn|13\n|\n|t:|1732950476\n|move|p1a: Alomomola|Wish|p1a: Alomomola\n|move|p2a: Metagross|Stealth Rock|p1a: Alomomola\n|-sidestart|p1: Electricstorm252|move: Stealth Rock\n|\n|-heal|p2a: Metagross|230/256|[from] item: Leftovers\n|upkeep\n|turn|14\n|\n|t:|1732950483\n|move|p1a: Alomomola|Scald|p2a: Metagross\n|-resisted|p2a: Metagross\n|-damage|p2a: Metagross|206/256\n|move|p2a: Metagross|Knock Off|p1a: Alomomola\n|-damage|p1a: Alomomola|291/429\n|\n|-heal|p1a: Alomomola|429/429|[from] move: Wish|[wisher] Alomomola\n|-heal|p2a: Metagross|222/256|[from] item: Leftovers\n|upkeep\n|turn|15\n|\n|t:|1732950489\n|switch|p2a: Amoonguss|Amoonguss, L82, M|321/321\n|-damage|p2a: Amoonguss|281/321|[from] Stealth Rock\n|move|p1a: Alomomola|Wish|p1a: Alomomola\n|\n|upkeep\n|turn|16\n|\n|t:|1732950499\n|move|p1a: Alomomola|Flip Turn|p2a: Amoonguss\n|-resisted|p2a: Amoonguss\n|-damage|p2a: Amoonguss|245/321\n|-damage|p1a: Alomomola|358/429|[from] item: Rocky Helmet|[of] p2a: Amoonguss\n|\n|t:|1732950501\n|switch|p1a: Calyrex|Calyrex-Ice, L72|87/263|[from] Flip Turn\n|-ability|p1a: Calyrex|As One\n|-ability|p1a: Calyrex|Unnerve\n|-damage|p1a: Calyrex|22/263|[from] Stealth Rock\n|move|p2a: Amoonguss|Giga Drain|p1a: Calyrex\n|-damage|p1a: Calyrex|0 fnt\n|-heal|p2a: Amoonguss|256/321|[from] drain|[of] p1a: Calyrex\n|faint|p1a: Calyrex\n|\n|upkeep\n|\n|t:|1732950503\n|switch|p1a: Kyurem|Kyurem-White, L73|303/303\n|-damage|p1a: Kyurem|228/303|[from] Stealth Rock\n|-ability|p1a: Kyurem|Turboblaze\n|turn|17\n|\n|t:|1732950514\n|move|p1a: Kyurem|Freeze-Dry|p2a: Amoonguss\n|-supereffective|p2a: Amoonguss\n|-damage|p2a: Amoonguss|0 fnt\n|faint|p2a: Amoonguss\n|\n|upkeep\n|\n|t:|1732950517\n|switch|p2a: Mismagius|Mismagius, L86, F|213/243\n|-damage|p2a: Mismagius|183/243|[from] Stealth Rock\n|turn|18\n|\n|t:|1732950522\n|move|p2a: Mismagius|Shadow Ball|p1a: Kyurem\n|-damage|p1a: Kyurem|129/303\n|move|p1a: Kyurem|Freeze-Dry|p2a: Mismagius\n|-damage|p2a: Mismagius|68/243\n|\n|-heal|p2a: Mismagius|83/243|[from] item: Leftovers\n|upkeep\n|turn|19\n|\n|t:|1732950526\n|move|p2a: Mismagius|Shadow Ball|p1a: Kyurem\n|-damage|p1a: Kyurem|38/303\n|move|p1a: Kyurem|Freeze-Dry|p2a: Mismagius\n|-damage|p2a: Mismagius|0 fnt\n|faint|p2a: Mismagius\n|\n|upkeep\n|\n|t:|1732950529\n|switch|p2a: Metagross|Metagross, L79, tera:Water|222/256\n|-damage|p2a: Metagross|190/256|[from] Stealth Rock\n|turn|20\n|\n|t:|1732950533\n|move|p1a: Kyurem|Freeze-Dry|p2a: Metagross\n|-supereffective|p2a: Metagross\n|-damage|p2a: Metagross|0 fnt\n|faint|p2a: Metagross\n|\n|upkeep\n|\n|t:|1732950535\n|switch|p2a: Gogoat|Gogoat, L88, M|360/360\n|-damage|p2a: Gogoat|315/360|[from] Stealth Rock\n|turn|21\n|\n|t:|1732950539\n|move|p1a: Kyurem|Freeze-Dry|p2a: Gogoat\n|-supereffective|p2a: Gogoat\n|-damage|p2a: Gogoat|45/360\n|move|p2a: Gogoat|Horn Leech|p1a: Kyurem\n|-resisted|p1a: Kyurem\n|-damage|p1a: Kyurem|0 fnt\n|-heal|p2a: Gogoat|64/360|[from] drain|[of] p1a: Kyurem\n|faint|p1a: Kyurem\n|\n|-heal|p2a: Gogoat|86/360|[from] item: Leftovers\n|upkeep\n|\n|t:|1732950543\n|switch|p1a: Latios|Latios, L78, M|253/253\n|-damage|p1a: Latios|222/253|[from] Stealth Rock\n|turn|22\n|\n|t:|1732950546\n|move|p1a: Latios|Psyshock|p2a: Gogoat\n|-damage|p2a: Gogoat|0 fnt\n|faint|p2a: Gogoat\n|\n|win|Electricstorm252\n|raw|Electricstorm252's rating: 2088 &rarr; <strong>2104</strong><br />(+16 for winning)\n|raw|ananananji's rating: 2022 &rarr; <strong>2006</strong><br />(-16 for losing)\n", "inputlog": ">version b107d77f5c90bd6555267ae244a6264823309ead\n>start {\"formatid\":\"gen9randombattle\",\"seed\":[14565,32672,54418,10037],\"rated\":\"Rated battle\"}\n>player p1 {\"name\":\"Electricstorm252\",\"avatar\":\"birdkeeper-gen4dp\",\"rating\":2088,\"seed\":[38806,3541,55446,46190]}\n>player p2 {\"name\":\"ananananji\",\"avatar\":\"2\",\"rating\":2022,\"seed\":[28067,7668,9161,25039]}\n>p1 move overheat\n>p2 move swordsdance\n>p1 move stealthrock\n>p2 move drillrun\n>p1 switch 4\n>p2 move drillrun\n>p2 switch 3\n>p1 switch 6\n>p2 move nastyplot\n>p1 move glare\n>p2 move shadowball\n>p1 move knockoff\n>p2 move shadowball\n>p1 switch 4\n>p1 move earthquake\n>p2 switch 6\n>p1 move roar\n>p2 move shadowball\n>p1 switch 2\n>p1 move agility\n>p2 move substitute\n>p1 move glaciallance\n>p2 move shadowball\n>p1 move glaciallance\n>p2 switch 6\n>p2 switch 5\n>p1 switch 6\n>p2 move knockoff terastallize\n>p1 move wish\n>p2 move stealthrock\n>p1 move scald\n>p2 move knockoff\n>p1 move wish\n>p2 switch 4\n>p1 move flipturn\n>p2 move gigadrain\n>p1 switch 6\n>p1 switch 3\n>p1 move freezedry\n>p2 move spore\n>p2 switch 6\n>p1 move freezedry\n>p2 move shadowball\n>p1 move freezedry\n>p2 move shadowball\n>p2 switch 4\n>p1 move freezedry\n>p2 move psychicfangs\n>p2 switch 2\n>p1 move freezedry\n>p2 move hornleech\n>p1 switch 5\n>p1 move psyshock\n>p2 move hornleech", "uploadtime": 1732950549, "views": 1, "formatid": "gen9randombattle", "rating": 2006, "private": 0, "password": null}