{"id": "gen9randombattle-2254065953", "format": "[Gen 9] Random Battle", "players": ["ExplosiveCoke", "Wrcrealsteel"], "log": "|j|\u2606ExplosiveCoke\n|j|\u2606Wrcrealsteel\n|t:|1732986980\n|gametype|singles\n|player|p1|ExplosiveCoke|steven|1414\n|player|p2|Wrcrealsteel|102|1428\n|teamsize|p1|6\n|teamsize|p2|6\n|gen|9\n|tier|[Gen 9] Random Battle\n|rated|\n|rule|Species Clause: Limit one of each Pok\u00e9mon\n|rule|HP Percentage Mod: HP is shown in percentages\n|rule|Sleep Clause Mod: Limit one foe put to sleep\n|rule|Illusion Level Mod: Illusion disguises the Pok\u00e9mon's true level\n|\n|t:|1732986980\n|start\n|switch|p1a: Floatzel|Floatzel, L85, M|283/283\n|switch|p2a: Oricorio|Oricorio-Sensu, L85, M|266/266\n|turn|1\n|inactive|Battle timer is ON: inactive players will automatically lose when time's up. (requested by ExplosiveCoke)\n|\n|t:|1732986995\n|move|p1a: Floatzel|Crunch|p2a: Oricorio\n|-supereffective|p2a: Oricorio\n|-damage|p2a: Oricorio|38/266\n|move|p2a: Oricorio|Quiver Dance|p2a: Oricorio\n|-boost|p2a: Oricorio|spa|1\n|-boost|p2a: Oricorio|spd|1\n|-boost|p2a: Oricorio|spe|1\n|\n|upkeep\n|turn|2\n|\n|t:|1732987013\n|switch|p1a: Gumshoos|Gumshoos, L95, M|321/321\n|move|p2a: Oricorio|Revelation Dance|p1a: Gumshoos\n|-immune|p1a: Gumshoos\n|\n|upkeep\n|turn|3\n|\n|t:|1732987026\n|move|p2a: Oricorio|Hurricane|p1a: Gumshoos\n|-damage|p1a: Gumshoos|98/321\n|move|p1a: Gumshoos|Knock Off|p2a: Oricorio\n|-supereffective|p2a: Oricorio\n|-damage|p2a: Oricorio|0 fnt\n|-enditem|p2a: Oricorio|Heavy-Duty Boots|[from] move: Knock Off|[of] p1a: Gumshoos\n|faint|p2a: Oricorio\n|\n|upkeep\n|\n|t:|1732987036\n|switch|p2a: Hitmonchan|Hitmonchan, L87, M|229/229\n|turn|4\n|\n|t:|1732987042\n|switch|p1a: Granbull|Granbull, L88, M|302/302\n|-ability|p1a: Granbull|Intimidate|boost\n|-unboost|p2a: Hitmonchan|atk|1\n|move|p2a: Hitmonchan|Bulk Up|p2a: Hitmonchan\n|-boost|p2a: Hitmonchan|atk|1\n|-boost|p2a: Hitmonchan|def|1\n|\n|upkeep\n|turn|5\n|\n|t:|1732987051\n|move|p2a: Hitmonchan|Poison Jab|p1a: Granbull\n|-supereffective|p1a: Granbull\n|-damage|p1a: Granbull|162/302\n|-status|p1a: Granbull|psn\n|move|p1a: Granbull|Thunder Wave|p2a: Hitmonchan\n|-status|p2a: Hitmonchan|par\n|\n|-heal|p1a: Granbull|180/302 psn|[from] item: Leftovers\n|-damage|p1a: Granbull|143/302 psn|[from] psn\n|upkeep\n|turn|6\n|\n|t:|1732987064\n|move|p1a: Granbull|Play Rough|p2a: Hitmonchan\n|-supereffective|p2a: Hitmonchan\n|-damage|p2a: Hitmonchan|49/229 par\n|move|p2a: Hitmonchan|Poison Jab|p1a: Granbull\n|-supereffective|p1a: Granbull\n|-damage|p1a: Granbull|0 fnt\n|faint|p1a: Granbull\n|\n|-heal|p2a: Hitmonchan|63/229 par|[from] item: Leftovers\n|upkeep\n|\n|t:|1732987075\n|switch|p1a: Conkeldurr|Conkeldurr, L80, F|299/299\n|turn|7\n|\n|t:|1732987085\n|switch|p2a: Wyrdeer|Wyrdeer, L87, F|321/321\n|-ability|p2a: Wyrdeer|Intimidate|boost\n|-unboost|p1a: Conkeldurr|atk|1\n|move|p1a: Conkeldurr|Knock Off|p2a: Wyrdeer\n|-supereffective|p2a: Wyrdeer\n|-damage|p2a: Wyrdeer|195/321\n|-enditem|p2a: Wyrdeer|Assault Vest|[from] move: Knock Off|[of] p1a: Conkeldurr\n|\n|-status|p1a: Conkeldurr|brn|[from] item: Flame Orb\n|upkeep\n|turn|8\n|\n|t:|1732987098\n|switch|p1a: Gumshoos|Gumshoos, L95, M|98/321\n|move|p2a: Wyrdeer|Psychic Noise|p1a: Gumshoos\n|-damage|p1a: Gumshoos|0 fnt\n|faint|p1a: Gumshoos\n|\n|upkeep\n|\n|t:|1732987107\n|switch|p1a: Floatzel|Floatzel, L85, M|283/283\n|turn|9\n|\n|t:|1732987111\n|switch|p2a: Hitmonchan|Hitmonchan, L87, M|63/229 par\n|move|p1a: Floatzel|Crunch|p2a: Hitmonchan\n|-resisted|p2a: Hitmonchan\n|-damage|p2a: Hitmonchan|17/229 par\n|\n|-heal|p2a: Hitmonchan|31/229 par|[from] item: Leftovers\n|upkeep\n|turn|10\n|\n|t:|1732987119\n|move|p1a: Floatzel|Crunch|p2a: Hitmonchan\n|-resisted|p2a: Hitmonchan\n|-damage|p2a: Hitmonchan|0 fnt\n|faint|p2a: Hitmonchan\n|\n|upkeep\n|\n|t:|1732987126\n|switch|p2a: Wo-Chien|Wo-Chien, L83|277/277\n|-ability|p2a: Wo-Chien|Tablets of Ruin\n|turn|11\n|\n|t:|1732987132\n|switch|p1a: Conkeldurr|Conkeldurr, L80, F|299/299 brn\n|move|p2a: Wo-Chien|Leech Seed|p1a: Conkeldurr\n|-start|p1a: Conkeldurr|move: Leech Seed\n|\n|-damage|p1a: Conkeldurr|262/299 brn|[from] Leech Seed|[of] p2a: Wo-Chien\n|-damage|p1a: Conkeldurr|244/299 brn|[from] brn\n|upkeep\n|turn|12\n|\n|t:|1732987143\n|move|p2a: Wo-Chien|Protect|p2a: Wo-Chien\n|-singleturn|p2a: Wo-Chien|Protect\n|move|p1a: Conkeldurr|Close Combat|p2a: Wo-Chien\n|-activate|p2a: Wo-Chien|move: Protect\n|\n|-damage|p1a: Conkeldurr|207/299 brn|[from] Leech Seed|[of] p2a: Wo-Chien\n|-damage|p1a: Conkeldurr|189/299 brn|[from] brn\n|upkeep\n|turn|13\n|\n|t:|1732987155\n|-terastallize|p2a: Wo-Chien|Poison\n|move|p2a: Wo-Chien|Giga Drain|p1a: Conkeldurr\n|-damage|p1a: Conkeldurr|86/299 brn\n|move|p1a: Conkeldurr|Close Combat|p2a: Wo-Chien\n|-resisted|p2a: Wo-Chien\n|-damage|p2a: Wo-Chien|196/277\n|-unboost|p1a: Conkeldurr|def|1\n|-unboost|p1a: Conkeldurr|spd|1\n|\n|-heal|p2a: Wo-Chien|213/277|[from] item: Leftovers\n|-damage|p1a: Conkeldurr|49/299 brn|[from] Leech Seed|[of] p2a: Wo-Chien\n|-heal|p2a: Wo-Chien|250/277|[silent]\n|-damage|p1a: Conkeldurr|31/299 brn|[from] brn\n|upkeep\n|turn|14\n|\n|t:|1732987170\n|move|p2a: Wo-Chien|Giga Drain|p1a: Conkeldurr\n|-crit|p1a: Conkeldurr\n|-damage|p1a: Conkeldurr|0 fnt\n|-heal|p2a: Wo-Chien|266/277|[from] drain|[of] p1a: Conkeldurr\n|faint|p1a: Conkeldurr\n|\n|-heal|p2a: Wo-Chien|277/277|[from] item: Leftovers\n|upkeep\n|\n|t:|1732987181\n|switch|p1a: Lucario|Lucario, L84, M|255/255\n|turn|15\n|\n|t:|1732987187\n|switch|p2a: Wyrdeer|Wyrdeer, L87, F|195/321\n|-ability|p2a: Wyrdeer|Intimidate|boost\n|-unboost|p1a: Lucario|atk|1\n|move|p1a: Lucario|Meteor Mash|p2a: Wyrdeer\n|-damage|p2a: Wyrdeer|74/321\n|\n|upkeep\n|turn|16\n|\n|t:|1732987197\n|move|p1a: Lucario|Meteor Mash|p2a: Wyrdeer\n|-damage|p2a: Wyrdeer|0 fnt\n|faint|p2a: Wyrdeer\n|\n|upkeep\n|\n|t:|1732987206\n|switch|p2a: Wo-Chien|Wo-Chien, L83, tera:Poison|277/277\n|-ability|p2a: Wo-Chien|Tablets of Ruin\n|turn|17\n|\n|t:|1732987211\n|switch|p1a: Floatzel|Floatzel, L85, M|283/283\n|move|p2a: Wo-Chien|Leech Seed|p1a: Floatzel\n|-start|p1a: Floatzel|move: Leech Seed\n|\n|-damage|p1a: Floatzel|248/283|[from] Leech Seed|[of] p2a: Wo-Chien\n|upkeep\n|turn|18\n|\n|t:|1732987222\n|move|p1a: Floatzel|Wave Crash|p2a: Wo-Chien\n|-damage|p2a: Wo-Chien|126/277\n|-damage|p1a: Floatzel|198/283|[from] Recoil\n|move|p2a: Wo-Chien|Knock Off|p1a: Floatzel\n|-damage|p1a: Floatzel|62/283\n|-enditem|p1a: Floatzel|Choice Band|[from] move: Knock Off|[of] p2a: Wo-Chien\n|\n|-heal|p2a: Wo-Chien|143/277|[from] item: Leftovers\n|-damage|p1a: Floatzel|27/283|[from] Leech Seed|[of] p2a: Wo-Chien\n|-heal|p2a: Wo-Chien|178/277|[silent]\n|upkeep\n|turn|19\n|\n|t:|1732987233\n|move|p2a: Wo-Chien|Protect|p2a: Wo-Chien\n|-singleturn|p2a: Wo-Chien|Protect\n|move|p1a: Floatzel|Wave Crash|p2a: Wo-Chien\n|-activate|p2a: Wo-Chien|move: Protect\n|\n|-heal|p2a: Wo-Chien|195/277|[from] item: Leftovers\n|-damage|p1a: Floatzel|0 fnt|[from] Leech Seed|[of] p2a: Wo-Chien\n|-heal|p2a: Wo-Chien|222/277|[silent]\n|faint|p1a: Floatzel\n|upkeep\n|\n|t:|1732987243\n|switch|p1a: Lucario|Lucario, L84, M|255/255\n|turn|20\n|\n|t:|1732987251\n|move|p2a: Wo-Chien|Protect|p2a: Wo-Chien\n|-singleturn|p2a: Wo-Chien|Protect\n|move|p1a: Lucario|Meteor Mash|p2a: Wo-Chien\n|-activate|p2a: Wo-Chien|move: Protect\n|\n|-heal|p2a: Wo-Chien|239/277|[from] item: Leftovers\n|upkeep\n|turn|21\n|\n|t:|1732987263\n|move|p1a: Lucario|Meteor Mash|p2a: Wo-Chien\n|-damage|p2a: Wo-Chien|139/277\n|-boost|p1a: Lucario|atk|1\n|move|p2a: Wo-Chien|Leech Seed|p1a: Lucario\n|-start|p1a: Lucario|move: Leech Seed\n|\n|-heal|p2a: Wo-Chien|156/277|[from] item: Leftovers\n|-damage|p1a: Lucario|224/255|[from] Leech Seed|[of] p2a: Wo-Chien\n|-heal|p2a: Wo-Chien|187/277|[silent]\n|upkeep\n|turn|22\n|\n|t:|1732987274\n|move|p2a: Wo-Chien|Protect|p2a: Wo-Chien\n|-singleturn|p2a: Wo-Chien|Protect\n|move|p1a: Lucario|Meteor Mash|p2a: Wo-Chien\n|-activate|p2a: Wo-Chien|move: Protect\n|\n|-heal|p2a: Wo-Chien|204/277|[from] item: Leftovers\n|-damage|p1a: Lucario|193/255|[from] Leech Seed|[of] p2a: Wo-Chien\n|-heal|p2a: Wo-Chien|235/277|[silent]\n|upkeep\n|turn|23\n|\n|t:|1732987291\n|move|p1a: Lucario|Meteor Mash|p2a: Wo-Chien|[miss]\n|-miss|p1a: Lucario|p2a: Wo-Chien\n|move|p2a: Wo-Chien|Giga Drain|p1a: Lucario\n|-resisted|p1a: Lucario\n|-damage|p1a: Lucario|144/255\n|-heal|p2a: Wo-Chien|260/277|[from] drain|[of] p1a: Lucario\n|\n|-heal|p2a: Wo-Chien|277/277|[from] item: Leftovers\n|-damage|p1a: Lucario|113/255|[from] Leech Seed|[of] p2a: Wo-Chien\n|upkeep\n|turn|24\n|\n|t:|1732987302\n|move|p2a: Wo-Chien|Protect|p2a: Wo-Chien\n|-singleturn|p2a: Wo-Chien|Protect\n|move|p1a: Lucario|Meteor Mash|p2a: Wo-Chien\n|-activate|p2a: Wo-Chien|move: Protect\n|\n|-damage|p1a: Lucario|82/255|[from] Leech Seed|[of] p2a: Wo-Chien\n|upkeep\n|turn|25\n|\n|t:|1732987310\n|move|p1a: Lucario|Meteor Mash|p2a: Wo-Chien\n|-damage|p2a: Wo-Chien|127/277\n|move|p2a: Wo-Chien|Knock Off|p1a: Lucario\n|-resisted|p1a: Lucario\n|-damage|p1a: Lucario|29/255\n|-ability|p1a: Lucario|Justified|boost\n|-boost|p1a: Lucario|atk|1\n|-enditem|p1a: Lucario|Choice Band|[from] move: Knock Off|[of] p2a: Wo-Chien\n|\n|-heal|p2a: Wo-Chien|144/277|[from] item: Leftovers\n|-damage|p1a: Lucario|0 fnt|[from] Leech Seed|[of] p2a: Wo-Chien\n|-heal|p2a: Wo-Chien|173/277|[silent]\n|faint|p1a: Lucario\n|upkeep\n|-message|ExplosiveCoke forfeited.\n|\n|win|Wrcrealsteel\n|raw|ExplosiveCoke's rating: 1414 &rarr; <strong>1395</strong><br />(-19 for losing)\n|raw|Wrcrealsteel's rating: 1428 &rarr; <strong>1447</strong><br />(+19 for winning)\n|l|\u2606ExplosiveCoke\n|player|p1|\n", "inputlog": ">version b107d77f5c90bd6555267ae244a6264823309ead\n>start {\"formatid\":\"gen9randombattle\",\"seed\":[58828,39365,24025,811],\"rated\":\"Rated battle\"}\n>player p1 {\"name\":\"ExplosiveCoke\",\"avatar\":\"steven\",\"rating\":1414,\"seed\":[577,58688,17201,19176]}\n>player p2 {\"name\":\"Wrcrealsteel\",\"avatar\":\"102\",\"rating\":1428,\"seed\":[40507,5035,59055,50587]}\n>p1 move crunch\n>p2 move quiverdance\n>p1 switch 6\n>p2 move revelationdance\n>p1 move knockoff\n>p2 move hurricane\n>p2 switch 5\n>p1 switch 4\n>p2 move bulkup\n>p1 move thunderwave\n>p2 move poisonjab\n>p1 move playrough\n>p2 move poisonjab\n>p1 switch 2\n>p1 move knockoff\n>p2 switch 2\n>p1 switch 4\n>p2 move psychicnoise\n>p1 switch 6\n>p1 move crunch\n>p2 switch 2\n>p1 move crunch\n>p2 move knockoff\n>p2 switch 4\n>p1 switch 4\n>p2 move leechseed\n>p1 move closecombat\n>p2 move protect\n>p1 move closecombat\n>p2 move gigadrain terastallize\n>p1 move facade\n>p2 move gigadrain\n>p1 switch 3\n>p1 move meteormash\n>p2 switch 2\n>p1 move meteormash\n>p2 move earthquake\n>p2 switch 2\n>p1 switch 4\n>p2 move leechseed\n>p1 move wavecrash\n>p2 move knockoff\n>p1 move wavecrash\n>p2 move protect\n>p1 switch 4\n>p1 move meteormash\n>p2 move protect\n>p1 move meteormash\n>p2 move leechseed\n>p1 move meteormash\n>p2 move protect\n>p1 move meteormash\n>p2 move gigadrain\n>p1 move meteormash\n>p2 move protect\n>p1 move meteormash\n>p2 move knockoff\n>forcelose p1", "uploadtime": 1732987327, "views": 2, "formatid": "gen9randombattle", "rating": 1395, "private": 0, "password": null}