{"id": "gen9randombattle-2253832813", "format": "[Gen 9] Random Battle", "players": ["coo1313", "Saaskin"], "log": "|j|\u2606coo1313\n|j|\u2606Saaskin\n|t:|1732945414\n|gametype|singles\n|player|p1|coo1313|#ndplivgalarianphoenix|1867\n|player|p2|Saaskin|101|1902\n|teamsize|p1|6\n|teamsize|p2|6\n|gen|9\n|tier|[Gen 9] Random Battle\n|rated|\n|rule|Species Clause: Limit one of each Pok\u00e9mon\n|rule|HP Percentage Mod: HP is shown in percentages\n|rule|Sleep Clause Mod: Limit one foe put to sleep\n|rule|Illusion Level Mod: Illusion disguises the Pok\u00e9mon's true level\n|\n|t:|1732945414\n|start\n|switch|p1a: Indeedee|Indeedee, L84, M|238/238\n|switch|p2a: Snorlax|Snorlax, L82, F|397/397\n|-fieldstart|move: Psychic Terrain|[from] ability: Psychic Surge|[of] p1a: Indeedee\n|turn|1\n|inactive|Battle timer is ON: inactive players will automatically lose when time's up. (requested by Saaskin)\n|\n|t:|1732945426\n|move|p1a: Indeedee|Expanding Force|p2a: Snorlax\n|-damage|p2a: Snorlax|258/397\n|move|p2a: Snorlax|Body Slam|p1a: Indeedee\n|-damage|p1a: Indeedee|108/238\n|\n|-heal|p2a: Snorlax|282/397|[from] item: Leftovers\n|upkeep\n|turn|2\n|\n|t:|1732945437\n|move|p1a: Indeedee|Expanding Force|p2a: Snorlax\n|-damage|p2a: Snorlax|122/397\n|move|p2a: Snorlax|Body Slam|p1a: Indeedee\n|-damage|p1a: Indeedee|0 fnt\n|faint|p1a: Indeedee\n|\n|-heal|p2a: Snorlax|146/397|[from] item: Leftovers\n|upkeep\n|\n|t:|1732945441\n|switch|p1a: Vivillon|Vivillon-Ocean, L84, M|272/272\n|turn|3\n|\n|t:|1732945447\n|switch|p2a: Hatterene|Hatterene, L85, F|236/236\n|move|p1a: Vivillon|Sleep Powder|p2a: Hatterene\n|move|p2a: Hatterene|Sleep Powder|p1a: Vivillon|[from]ability: Magic Bounce|[miss]\n|-miss|p2a: Hatterene|p1a: Vivillon\n|\n|upkeep\n|turn|4\n|\n|t:|1732945453\n|move|p1a: Vivillon|Quiver Dance|p1a: Vivillon\n|-boost|p1a: Vivillon|spa|1\n|-boost|p1a: Vivillon|spd|1\n|-boost|p1a: Vivillon|spe|1\n|move|p2a: Hatterene|Nuzzle|p1a: Vivillon\n|-supereffective|p1a: Vivillon\n|-damage|p1a: Vivillon|226/272\n|-status|p1a: Vivillon|par\n|\n|upkeep\n|turn|5\n|\n|t:|1732945459\n|move|p1a: Vivillon|Quiver Dance|p1a: Vivillon\n|-boost|p1a: Vivillon|spa|1\n|-boost|p1a: Vivillon|spd|1\n|-boost|p1a: Vivillon|spe|1\n|move|p2a: Hatterene|Mystical Fire|p1a: Vivillon\n|-supereffective|p1a: Vivillon\n|-damage|p1a: Vivillon|122/272 par\n|-unboost|p1a: Vivillon|spa|1\n|\n|-fieldend|move: Psychic Terrain\n|upkeep\n|turn|6\n|\n|t:|1732945461\n|move|p1a: Vivillon|Bug Buzz|p2a: Hatterene\n|-damage|p2a: Hatterene|154/236\n|move|p2a: Hatterene|Mystical Fire|p1a: Vivillon\n|-supereffective|p1a: Vivillon\n|-damage|p1a: Vivillon|6/272 par\n|-unboost|p1a: Vivillon|spa|1\n|\n|upkeep\n|turn|7\n|\n|t:|1732945466\n|move|p1a: Vivillon|Hurricane|p2a: Hatterene\n|-damage|p2a: Hatterene|96/236\n|move|p2a: Hatterene|Mystical Fire|p1a: Vivillon\n|-supereffective|p1a: Vivillon\n|-damage|p1a: Vivillon|0 fnt\n|faint|p1a: Vivillon\n|\n|upkeep\n|\n|t:|1732945471\n|switch|p1a: Veluza|Veluza, L85, M|292/292\n|turn|8\n|\n|t:|1732945477\n|switch|p2a: Alomomola|Alomomola, L87, M|429/429\n|move|p1a: Veluza|Aqua Cutter|p2a: Alomomola\n|-resisted|p2a: Alomomola\n|-damage|p2a: Alomomola|344/429\n|\n|upkeep\n|turn|9\n|\n|t:|1732945482\n|move|p1a: Veluza|Aqua Cutter|p2a: Alomomola\n|-resisted|p2a: Alomomola\n|-crit|p2a: Alomomola\n|-damage|p2a: Alomomola|206/429\n|move|p2a: Alomomola|Scald|p1a: Veluza\n|-resisted|p1a: Veluza\n|-damage|p1a: Veluza|264/292\n|\n|upkeep\n|turn|10\n|\n|t:|1732945485\n|move|p1a: Veluza|Aqua Cutter|p2a: Alomomola\n|-resisted|p2a: Alomomola\n|-damage|p2a: Alomomola|121/429\n|move|p2a: Alomomola|Wish|p2a: Alomomola\n|\n|upkeep\n|turn|11\n|\n|t:|1732945490\n|move|p1a: Veluza|Aqua Cutter|p2a: Alomomola\n|-resisted|p2a: Alomomola\n|-damage|p2a: Alomomola|27/429\n|move|p2a: Alomomola|Scald|p1a: Veluza\n|-resisted|p1a: Veluza\n|-damage|p1a: Veluza|235/292\n|-status|p1a: Veluza|brn\n|\n|-heal|p2a: Alomomola|241/429|[from] move: Wish|[wisher] Alomomola\n|-damage|p1a: Veluza|217/292 brn|[from] brn\n|upkeep\n|turn|12\n|\n|t:|1732945495\n|switch|p1a: Darkrai|Darkrai, L77|234/234\n|move|p2a: Alomomola|Wish|p2a: Alomomola\n|\n|upkeep\n|turn|13\n|\n|t:|1732945498\n|move|p1a: Darkrai|Nasty Plot|p1a: Darkrai\n|-boost|p1a: Darkrai|spa|2\n|move|p2a: Alomomola|Flip Turn|p1a: Darkrai\n|-damage|p1a: Darkrai|174/234\n|\n|t:|1732945508\n|switch|p2a: Piloswine|Piloswine, L85, M|309/309|[from] Flip Turn\n|\n|upkeep\n|turn|14\n|\n|t:|1732945514\n|move|p1a: Darkrai|Hypnosis|p2a: Piloswine|[miss]\n|-miss|p1a: Darkrai|p2a: Piloswine\n|move|p2a: Piloswine|Earthquake|p1a: Darkrai\n|-damage|p1a: Darkrai|59/234\n|\n|upkeep\n|turn|15\n|\n|t:|1732945521\n|switch|p2a: Hatterene|Hatterene, L85, F|96/236\n|move|p1a: Darkrai|Dark Pulse|p2a: Hatterene\n|-damage|p2a: Hatterene|0 fnt\n|faint|p2a: Hatterene\n|-damage|p1a: Darkrai|36/234|[from] item: Life Orb\n|\n|upkeep\n|\n|t:|1732945529\n|switch|p2a: Alomomola|Alomomola, L87, M|384/429\n|turn|16\n|\n|t:|1732945531\n|move|p1a: Darkrai|Dark Pulse|p2a: Alomomola\n|-damage|p2a: Alomomola|6/429\n|-damage|p1a: Darkrai|13/234|[from] item: Life Orb\n|move|p2a: Alomomola|Scald|p1a: Darkrai\n|-damage|p1a: Darkrai|0 fnt\n|faint|p1a: Darkrai\n|\n|upkeep\n|\n|t:|1732945541\n|switch|p1a: Kommo-o|Kommo-o, L78, F|245/245\n|turn|17\n|\n|t:|1732945548\n|move|p1a: Kommo-o|Clangorous Soul|p1a: Kommo-o\n|-boost|p1a: Kommo-o|atk|1\n|-boost|p1a: Kommo-o|def|1\n|-boost|p1a: Kommo-o|spa|1\n|-boost|p1a: Kommo-o|spd|1\n|-boost|p1a: Kommo-o|spe|1\n|-damage|p1a: Kommo-o|165/245\n|-enditem|p1a: Kommo-o|Throat Spray\n|-boost|p1a: Kommo-o|spa|1|[from] item: Throat Spray\n|move|p2a: Alomomola|Flip Turn|p1a: Kommo-o\n|-resisted|p1a: Kommo-o\n|-damage|p1a: Kommo-o|151/245\n|\n|t:|1732945554\n|switch|p2a: Braviary|Braviary-Hisui, L85, M|326/326|[from] Flip Turn\n|\n|upkeep\n|turn|18\n|\n|t:|1732945564\n|-terastallize|p1a: Kommo-o|Steel\n|move|p1a: Kommo-o|Iron Head|p2a: Braviary\n|-damage|p2a: Braviary|176/326\n|move|p2a: Braviary|Esper Wing|p1a: Kommo-o\n|-resisted|p1a: Kommo-o\n|-damage|p1a: Kommo-o|51/245\n|-boost|p2a: Braviary|spe|1\n|\n|upkeep\n|turn|19\n|\n|t:|1732945574\n|move|p1a: Kommo-o|Clanging Scales|p2a: Braviary\n|-damage|p2a: Braviary|0 fnt\n|faint|p2a: Braviary\n|-unboost|p1a: Kommo-o|def|1\n|\n|upkeep\n|\n|t:|1732945583\n|switch|p2a: Piloswine|Piloswine, L85, M|309/309\n|turn|20\n|\n|t:|1732945591\n|-terastallize|p2a: Piloswine|Poison\n|move|p1a: Kommo-o|Close Combat|p2a: Piloswine\n|-resisted|p2a: Piloswine\n|-damage|p2a: Piloswine|245/309\n|-unboost|p1a: Kommo-o|def|1\n|-unboost|p1a: Kommo-o|spd|1\n|move|p2a: Piloswine|Earthquake|p1a: Kommo-o\n|-supereffective|p1a: Kommo-o\n|-damage|p1a: Kommo-o|0 fnt\n|faint|p1a: Kommo-o\n|\n|upkeep\n|\n|t:|1732945594\n|switch|p1a: Veluza|Veluza, L85, M|217/292 brn\n|turn|21\n|\n|t:|1732945607\n|move|p1a: Veluza|Psycho Cut|p2a: Piloswine\n|-supereffective|p2a: Piloswine\n|-damage|p2a: Piloswine|112/309\n|move|p2a: Piloswine|Earthquake|p1a: Veluza\n|-damage|p1a: Veluza|87/292 brn\n|\n|-damage|p1a: Veluza|69/292 brn|[from] brn\n|upkeep\n|turn|22\n|\n|t:|1732945618\n|move|p1a: Veluza|Psycho Cut|p2a: Piloswine\n|-supereffective|p2a: Piloswine\n|-damage|p2a: Piloswine|0 fnt\n|faint|p2a: Piloswine\n|\n|-damage|p1a: Veluza|51/292 brn|[from] brn\n|upkeep\n|\n|t:|1732945621\n|switch|p2a: Alomomola|Alomomola, L87, M|149/429\n|turn|23\n|\n|t:|1732945624\n|switch|p1a: Pyroar|Pyroar, L88, F|295/295\n|-ability|p1a: Pyroar|Unnerve\n|move|p2a: Alomomola|Wish|p2a: Alomomola\n|\n|upkeep\n|turn|24\n|\n|t:|1732945629\n|move|p1a: Pyroar|Work Up|p1a: Pyroar\n|-boost|p1a: Pyroar|atk|1\n|-boost|p1a: Pyroar|spa|1\n|move|p2a: Alomomola|Flip Turn|p1a: Pyroar\n|-supereffective|p1a: Pyroar\n|-damage|p1a: Pyroar|173/295\n|\n|t:|1732945631\n|switch|p2a: Snorlax|Snorlax, L82, F|146/397|[from] Flip Turn\n|\n|-heal|p2a: Snorlax|360/397|[from] move: Wish|[wisher] Alomomola\n|-heal|p2a: Snorlax|384/397|[from] item: Leftovers\n|upkeep\n|turn|25\n|\n|t:|1732945635\n|move|p1a: Pyroar|Will-O-Wisp|p2a: Snorlax\n|-status|p2a: Snorlax|brn\n|move|p2a: Snorlax|Body Slam|p1a: Pyroar\n|-damage|p1a: Pyroar|125/295\n|\n|-heal|p2a: Snorlax|397/397 brn|[from] item: Leftovers\n|-damage|p2a: Snorlax|373/397 brn|[from] brn\n|upkeep\n|turn|26\n|\n|t:|1732945638\n|move|p1a: Pyroar|Hyper Voice|p2a: Snorlax\n|-damage|p2a: Snorlax|220/397 brn\n|move|p2a: Snorlax|Body Slam|p1a: Pyroar\n|-damage|p1a: Pyroar|71/295\n|\n|-heal|p2a: Snorlax|244/397 brn|[from] item: Leftovers\n|-damage|p2a: Snorlax|220/397 brn|[from] brn\n|upkeep\n|turn|27\n|\n|t:|1732945641\n|move|p1a: Pyroar|Hyper Voice|p2a: Snorlax\n|-damage|p2a: Snorlax|70/397 brn\n|move|p2a: Snorlax|Body Slam|p1a: Pyroar\n|-damage|p1a: Pyroar|20/295\n|\n|-heal|p2a: Snorlax|94/397 brn|[from] item: Leftovers\n|-damage|p2a: Snorlax|70/397 brn|[from] brn\n|upkeep\n|turn|28\n|\n|t:|1732945644\n|move|p1a: Pyroar|Hyper Voice|p2a: Snorlax\n|-damage|p2a: Snorlax|0 fnt\n|faint|p2a: Snorlax\n|\n|upkeep\n|\n|t:|1732945648\n|switch|p2a: Giratina|Giratina, L75|349/349\n|-ability|p2a: Giratina|Pressure\n|turn|29\n|\n|t:|1732945656\n|switch|p2a: Alomomola|Alomomola, L87, M|292/429\n|move|p1a: Pyroar|Will-O-Wisp|p2a: Alomomola\n|-status|p2a: Alomomola|brn\n|\n|-damage|p2a: Alomomola|266/429 brn|[from] brn\n|upkeep\n|turn|30\n|\n|t:|1732945661\n|move|p1a: Pyroar|Hyper Voice|p2a: Alomomola\n|-crit|p2a: Alomomola\n|-damage|p2a: Alomomola|0 fnt\n|faint|p2a: Alomomola\n|\n|upkeep\n|\n|t:|1732945670\n|switch|p2a: Giratina|Giratina, L75|349/349\n|-ability|p2a: Giratina|Pressure\n|turn|31\n|\n|t:|1732945677\n|move|p1a: Pyroar|Will-O-Wisp|p2a: Giratina\n|-status|p2a: Giratina|brn\n|move|p2a: Giratina|Will-O-Wisp|p1a: Pyroar\n|-immune|p1a: Pyroar\n|\n|-damage|p2a: Giratina|328/349 brn|[from] brn\n|upkeep\n|turn|32\n|\n|t:|1732945682\n|move|p1a: Pyroar|Work Up|p1a: Pyroar\n|-boost|p1a: Pyroar|atk|1\n|-boost|p1a: Pyroar|spa|1\n|move|p2a: Giratina|Will-O-Wisp|p1a: Pyroar\n|-immune|p1a: Pyroar\n|\n|-heal|p2a: Giratina|349/349 brn|[from] item: Leftovers\n|-damage|p2a: Giratina|328/349 brn|[from] brn\n|upkeep\n|turn|33\n|\n|t:|1732945685\n|move|p1a: Pyroar|Work Up|p1a: Pyroar\n|-boost|p1a: Pyroar|atk|1\n|-boost|p1a: Pyroar|spa|1\n|move|p2a: Giratina|Will-O-Wisp|p1a: Pyroar|[miss]\n|-miss|p2a: Giratina|p1a: Pyroar\n|\n|-heal|p2a: Giratina|349/349 brn|[from] item: Leftovers\n|-damage|p2a: Giratina|328/349 brn|[from] brn\n|upkeep\n|turn|34\n|\n|t:|1732945687\n|move|p1a: Pyroar|Work Up|p1a: Pyroar\n|-boost|p1a: Pyroar|atk|1\n|-boost|p1a: Pyroar|spa|1\n|move|p2a: Giratina|Will-O-Wisp|p1a: Pyroar\n|-immune|p1a: Pyroar\n|\n|-heal|p2a: Giratina|349/349 brn|[from] item: Leftovers\n|-damage|p2a: Giratina|328/349 brn|[from] brn\n|upkeep\n|turn|35\n|\n|t:|1732945689\n|move|p1a: Pyroar|Fire Blast|p2a: Giratina\n|-resisted|p2a: Giratina\n|-damage|p2a: Giratina|154/349 brn\n|move|p2a: Giratina|Will-O-Wisp|p1a: Pyroar\n|-immune|p1a: Pyroar\n|\n|-heal|p2a: Giratina|175/349 brn|[from] item: Leftovers\n|-damage|p2a: Giratina|154/349 brn|[from] brn\n|upkeep\n|turn|36\n|\n|t:|1732945692\n|move|p1a: Pyroar|Fire Blast|p2a: Giratina\n|-resisted|p2a: Giratina\n|-damage|p2a: Giratina|0 fnt\n|faint|p2a: Giratina\n|\n|win|coo1313\n|raw|coo1313's rating: 1867 &rarr; <strong>1889</strong><br />(+22 for winning)\n|raw|Saaskin's rating: 1902 &rarr; <strong>1880</strong><br />(-22 for losing)\n|l|\u2606Saaskin\n|player|p2|\n|l|\u2606coo1313\n|player|p1|\n|j|\u2606coo1313\n|player|p1|coo1313|#ndplivgalarianphoenix|\n", "inputlog": ">version b107d77f5c90bd6555267ae244a6264823309ead\n>start {\"formatid\":\"gen9randombattle\",\"seed\":[28450,42023,47513,5193],\"rated\":\"Rated battle\"}\n>player p1 {\"name\":\"coo1313\",\"avatar\":\"#ndplivgalarianphoenix\",\"rating\":1867,\"seed\":[54088,41969,56613,25256]}\n>player p2 {\"name\":\"Saaskin\",\"avatar\":\"101\",\"rating\":1902,\"seed\":[27379,47349,28555,35154]}\n>p1 move expandingforce\n>p2 move bodyslam\n>p1 move expandingforce\n>p2 move bodyslam\n>p1 switch 6\n>p1 move sleeppowder\n>p2 switch 4\n>p1 move quiverdance\n>p2 move nuzzle\n>p1 move quiverdance\n>p2 move mysticalfire\n>p1 move bugbuzz\n>p2 move mysticalfire\n>p1 move hurricane\n>p2 move mysticalfire\n>p1 switch 2\n>p1 move aquacutter\n>p2 switch 5\n>p1 move aquacutter\n>p2 move scald\n>p1 move aquacutter\n>p2 move wish\n>p1 move aquacutter\n>p2 move scald\n>p1 switch 5\n>p2 move wish\n>p1 move nastyplot\n>p2 move flipturn\n>p2 switch 3\n>p1 move hypnosis\n>p2 move earthquake\n>p1 move darkpulse\n>p2 switch 5\n>p2 switch 3\n>p1 move darkpulse\n>p2 move scald\n>p1 switch 4\n>p1 move clangoroussoul\n>p2 move flipturn\n>p2 switch 6\n>p1 move ironhead terastallize\n>p2 move esperwing\n>p1 move clangingscales\n>p2 move esperwing\n>p2 switch 5\n>p1 move closecombat\n>p2 move earthquake terastallize\n>p1 switch 5\n>p1 move psychocut\n>p2 move earthquake\n>p1 move psychocut\n>p2 move earthquake\n>p2 switch 6\n>p1 switch 3\n>p2 move wish\n>p1 move workup\n>p2 move flipturn\n>p2 switch 4\n>p1 move willowisp\n>p2 move bodyslam\n>p1 move hypervoice\n>p2 move bodyslam\n>p1 move hypervoice\n>p2 move bodyslam\n>p1 move hypervoice\n>p2 move bodyslam\n>p2 switch 2\n>p1 move willowisp\n>p2 switch 4\n>p1 move hypervoice\n>p2 move scald\n>p2 switch 4\n>p1 move willowisp\n>p2 move willowisp\n>p1 move workup\n>p2 move willowisp\n>p1 move workup\n>p2 move willowisp\n>p1 move workup\n>p2 move willowisp\n>p1 move fireblast\n>p2 move willowisp\n>p1 move fireblast\n>p2 move rest", "uploadtime": 1732945818, "views": 1, "formatid": "gen9randombattle", "rating": 1880, "private": 0, "password": null}