{"id": "gen9randombattle-2254105379", "format": "[Gen 9] Random Battle", "players": ["trashy teams 101", "n bkhjb hv"], "log": "|j|\u2606trashy teams 101\n|j|\u2606n bkhjb hv\n|t:|1732991894\n|gametype|singles\n|player|p1|trashy teams 101|bruno|1266\n|player|p2|n bkhjb hv|2|1243\n|teamsize|p1|6\n|teamsize|p2|6\n|gen|9\n|tier|[Gen 9] Random Battle\n|rated|\n|rule|Species Clause: Limit one of each Pok\u00e9mon\n|rule|HP Percentage Mod: HP is shown in percentages\n|rule|Sleep Clause Mod: Limit one foe put to sleep\n|rule|Illusion Level Mod: Illusion disguises the Pok\u00e9mon's true level\n|\n|t:|1732991894\n|start\n|switch|p1a: Basculin|Basculin-Blue-Striped, L86, F|261/261\n|switch|p2a: Carbink|Carbink, L90|236/236\n|turn|1\n|inactive|Battle timer is ON: inactive players will automatically lose when time's up. (requested by trashy teams 101)\n|\n|t:|1732991910\n|switch|p2a: Manaphy|Manaphy, L78|284/284\n|move|p1a: Basculin|Flip Turn|p2a: Manaphy\n|-resisted|p2a: Manaphy\n|-damage|p2a: Manaphy|218/284\n|\n|t:|1732991922\n|switch|p1a: Arboliva|Arboliva, L91, M|290/290|[from] Flip Turn\n|\n|-heal|p2a: Manaphy|235/284|[from] item: Leftovers\n|upkeep\n|turn|2\n|\n|t:|1732991931\n|-terastallize|p2a: Manaphy|Grass\n|move|p2a: Manaphy|Tail Glow|p2a: Manaphy\n|-boost|p2a: Manaphy|spa|3\n|move|p1a: Arboliva|Energy Ball|p2a: Manaphy\n|-resisted|p2a: Manaphy\n|-damage|p2a: Manaphy|163/284\n|\n|-heal|p2a: Manaphy|180/284|[from] item: Leftovers\n|upkeep\n|turn|3\n|\n|t:|1732991945\n|move|p2a: Manaphy|Ice Beam|p1a: Arboliva\n|-supereffective|p1a: Arboliva\n|-damage|p1a: Arboliva|56/290\n|-fieldstart|move: Grassy Terrain|[from] ability: Seed Sower|[of] p1a: Arboliva\n|move|p1a: Arboliva|Hyper Voice|p2a: Manaphy\n|-damage|p2a: Manaphy|51/284\n|\n|-heal|p2a: Manaphy|68/284|[from] Grassy Terrain\n|-heal|p2a: Manaphy|85/284|[from] item: Leftovers\n|-heal|p1a: Arboliva|74/290|[from] Grassy Terrain\n|-heal|p1a: Arboliva|92/290|[from] item: Leftovers\n|upkeep\n|turn|4\n|\n|t:|1732991957\n|move|p2a: Manaphy|Ice Beam|p1a: Arboliva\n|-supereffective|p1a: Arboliva\n|-damage|p1a: Arboliva|0 fnt\n|faint|p1a: Arboliva\n|\n|-heal|p2a: Manaphy|102/284|[from] Grassy Terrain\n|-heal|p2a: Manaphy|119/284|[from] item: Leftovers\n|upkeep\n|\n|t:|1732991959\n|switch|p1a: Koraidon|Koraidon, L64|235/235\n|-weather|SunnyDay|[from] ability: Orichalcum Pulse|[of] p1a: Koraidon\n|-activate|p1a: Koraidon|Orichalcum Pulse|[source]\n|turn|5\n|\n|t:|1732991968\n|move|p1a: Koraidon|Flare Blitz|p2a: Manaphy\n|-supereffective|p2a: Manaphy\n|-damage|p2a: Manaphy|0 fnt\n|faint|p2a: Manaphy\n|-damage|p1a: Koraidon|196/235|[from] Recoil\n|\n|-weather|SunnyDay|[upkeep]\n|-heal|p1a: Koraidon|210/235|[from] Grassy Terrain\n|upkeep\n|\n|t:|1732991987\n|switch|p2a: Carbink|Carbink, L90|236/236\n|turn|6\n|\n|t:|1732991992\n|switch|p1a: Necrozma|Necrozma-Dusk-Mane, L69|248/248\n|move|p2a: Carbink|Iron Defense|p2a: Carbink\n|-boost|p2a: Carbink|def|2\n|\n|-weather|SunnyDay|[upkeep]\n|upkeep\n|turn|7\n|\n|t:|1732992015\n|move|p1a: Necrozma|Dragon Dance|p1a: Necrozma\n|-boost|p1a: Necrozma|atk|1\n|-boost|p1a: Necrozma|spe|1\n|move|p2a: Carbink|Body Press|p1a: Necrozma\n|-damage|p1a: Necrozma|77/248\n|\n|-weather|SunnyDay|[upkeep]\n|-heal|p1a: Necrozma|92/248|[from] Grassy Terrain\n|-fieldend|move: Grassy Terrain\n|upkeep\n|turn|8\n|\n|t:|1732992023\n|move|p1a: Necrozma|Sunsteel Strike|p2a: Carbink\n|-supereffective|p2a: Carbink\n|-damage|p2a: Carbink|56/236\n|move|p2a: Carbink|Body Press|p1a: Necrozma\n|-damage|p1a: Necrozma|0 fnt\n|faint|p1a: Necrozma\n|\n|-weather|SunnyDay|[upkeep]\n|-heal|p2a: Carbink|70/236|[from] item: Leftovers\n|upkeep\n|\n|t:|1732992033\n|switch|p1a: Basculin|Basculin-Blue-Striped, L86, F|261/261\n|turn|9\n|\n|t:|1732992039\n|switch|p2a: Cyclizar|Cyclizar, L83, M|252/252\n|move|p1a: Basculin|Wave Crash|p2a: Cyclizar\n|-resisted|p2a: Cyclizar\n|-damage|p2a: Cyclizar|174/252\n|-damage|p1a: Basculin|235/261|[from] Recoil\n|\n|-weather|none\n|upkeep\n|turn|10\n|\n|t:|1732992052\n|switch|p1a: Magcargo|Magcargo, L95, F|268/268\n|move|p2a: Cyclizar|Draco Meteor|p1a: Magcargo\n|-damage|p1a: Magcargo|159/268\n|-unboost|p2a: Cyclizar|spa|2\n|\n|upkeep\n|turn|11\n|\n|t:|1732992059\n|move|p2a: Cyclizar|Shed Tail|p2a: Cyclizar\n|-start|p2a: Cyclizar|Substitute|[from] move: Shed Tail\n|-damage|p2a: Cyclizar|48/252\n|\n|t:|1732992065\n|switch|p2a: Raikou|Raikou, L81|278/278|[from] Shed Tail\n|-ability|p2a: Raikou|Pressure\n|move|p1a: Magcargo|Shell Smash|p1a: Magcargo\n|-unboost|p1a: Magcargo|def|1\n|-unboost|p1a: Magcargo|spd|1\n|-boost|p1a: Magcargo|atk|2\n|-boost|p1a: Magcargo|spa|2\n|-boost|p1a: Magcargo|spe|2\n|\n|upkeep\n|turn|12\n|\n|t:|1732992077\n|-terastallize|p1a: Magcargo|Grass\n|move|p2a: Raikou|Scald|p1a: Magcargo\n|-resisted|p1a: Magcargo\n|-damage|p1a: Magcargo|118/268\n|move|p1a: Magcargo|Earth Power|p2a: Raikou\n|-supereffective|p2a: Raikou\n|-end|p2a: Raikou|Substitute\n|\n|upkeep\n|turn|13\n|\n|t:|1732992088\n|move|p2a: Raikou|Thunderbolt|p1a: Magcargo\n|-resisted|p1a: Magcargo\n|-damage|p1a: Magcargo|47/268\n|move|p1a: Magcargo|Earth Power|p2a: Raikou\n|-supereffective|p2a: Raikou\n|-damage|p2a: Raikou|6/278\n|\n|-heal|p2a: Raikou|23/278|[from] item: Leftovers\n|upkeep\n|turn|14\n|\n|t:|1732992095\n|move|p2a: Raikou|Thunderbolt|p1a: Magcargo\n|-resisted|p1a: Magcargo\n|-damage|p1a: Magcargo|0 fnt\n|faint|p1a: Magcargo\n|\n|-heal|p2a: Raikou|40/278|[from] item: Leftovers\n|upkeep\n|\n|t:|1732992101\n|switch|p1a: Koraidon|Koraidon, L64|210/235\n|-weather|SunnyDay|[from] ability: Orichalcum Pulse|[of] p1a: Koraidon\n|-activate|p1a: Koraidon|Orichalcum Pulse|[source]\n|turn|15\n|\n|t:|1732992109\n|switch|p2a: Greedent|Greedent, L86, F|347/347\n|move|p1a: Koraidon|Scale Shot|p2a: Greedent\n|-damage|p2a: Greedent|323/347\n|-damage|p2a: Greedent|298/347\n|-damage|p2a: Greedent|271/347\n|-damage|p2a: Greedent|246/347\n|-hitcount|p2a: Greedent|4\n|-unboost|p1a: Koraidon|def|1\n|-boost|p1a: Koraidon|spe|1\n|\n|-weather|SunnyDay|[upkeep]\n|upkeep\n|turn|16\n|\n|t:|1732992125\n|move|p1a: Koraidon|Collision Course|p2a: Greedent\n|-supereffective|p2a: Greedent\n|-damage|p2a: Greedent|0 fnt\n|faint|p2a: Greedent\n|\n|-weather|SunnyDay|[upkeep]\n|upkeep\n|\n|t:|1732992133\n|switch|p2a: Cyclizar|Cyclizar, L83, M|132/252\n|turn|17\n|\n|t:|1732992136\n|move|p1a: Koraidon|Collision Course|p2a: Cyclizar\n|-supereffective|p2a: Cyclizar\n|-damage|p2a: Cyclizar|0 fnt\n|faint|p2a: Cyclizar\n|\n|-weather|SunnyDay|[upkeep]\n|upkeep\n|\n|t:|1732992142\n|switch|p2a: Carbink|Carbink, L90|70/236\n|turn|18\n|\n|t:|1732992146\n|move|p1a: Koraidon|Collision Course|p2a: Carbink\n|-damage|p2a: Carbink|0 fnt\n|faint|p2a: Carbink\n|\n|-weather|SunnyDay|[upkeep]\n|upkeep\n|\n|t:|1732992152\n|switch|p2a: Sandy Shocks|Sandy Shocks, L80|267/267\n|-activate|p2a: Sandy Shocks|ability: Protosynthesis\n|-start|p2a: Sandy Shocks|protosynthesisspa\n|turn|19\n|\n|t:|1732992180\n|move|p1a: Koraidon|Flare Blitz|p2a: Sandy Shocks\n|-damage|p2a: Sandy Shocks|131/267\n|-damage|p1a: Koraidon|165/235|[from] Recoil\n|move|p2a: Sandy Shocks|Thunder Wave|p1a: Koraidon\n|-status|p1a: Koraidon|par\n|\n|-weather|none\n|-end|p2a: Sandy Shocks|Protosynthesis\n|-heal|p2a: Sandy Shocks|147/267|[from] item: Leftovers\n|upkeep\n|turn|20\n|\n|t:|1732992197\n|move|p2a: Sandy Shocks|Thunderbolt|p1a: Koraidon\n|-resisted|p1a: Koraidon\n|-damage|p1a: Koraidon|105/235 par\n|move|p1a: Koraidon|Scale Shot|p2a: Sandy Shocks\n|-damage|p2a: Sandy Shocks|125/267\n|-crit|p2a: Sandy Shocks\n|-damage|p2a: Sandy Shocks|94/267\n|-damage|p2a: Sandy Shocks|72/267\n|-damage|p2a: Sandy Shocks|51/267\n|-damage|p2a: Sandy Shocks|29/267\n|-hitcount|p2a: Sandy Shocks|5\n|-unboost|p1a: Koraidon|def|1\n|-boost|p1a: Koraidon|spe|1\n|\n|-heal|p2a: Sandy Shocks|45/267|[from] item: Leftovers\n|upkeep\n|turn|21\n|\n|t:|1732992217\n|move|p1a: Koraidon|Scale Shot|p2a: Sandy Shocks\n|-damage|p2a: Sandy Shocks|21/267\n|-damage|p2a: Sandy Shocks|2/267\n|-damage|p2a: Sandy Shocks|0 fnt\n|faint|p2a: Sandy Shocks\n|-end|p2a: Sandy Shocks|Protosynthesis|[silent]\n|-hitcount|p2: Sandy Shocks|3\n|-unboost|p1a: Koraidon|def|1\n|-boost|p1a: Koraidon|spe|1\n|\n|upkeep\n|inactive|n bkhjb hv has 120 seconds left.\n|\n|t:|1732992236\n|switch|p2a: Raikou|Raikou, L81|40/278\n|-ability|p2a: Raikou|Pressure\n|turn|22\n|inactive|n bkhjb hv has 120 seconds left.\n|\n|t:|1732992243\n|move|p1a: Koraidon|Collision Course|p2a: Raikou\n|-damage|p2a: Raikou|0 fnt\n|faint|p2a: Raikou\n|\n|win|trashy teams 101\n|raw|trashy teams 101's rating: 1266 &rarr; <strong>1289</strong><br />(+23 for winning)\n|raw|n bkhjb hv's rating: 1243 &rarr; <strong>1220</strong><br />(-23 for losing)\n", "inputlog": ">version b107d77f5c90bd6555267ae244a6264823309ead\n>start {\"formatid\":\"gen9randombattle\",\"seed\":[59624,4828,41804,34033],\"rated\":\"Rated battle\"}\n>player p1 {\"name\":\"trashy teams 101\",\"avatar\":\"bruno\",\"rating\":1266,\"seed\":[26981,63414,39266,25144]}\n>player p2 {\"name\":\"n bkhjb hv\",\"avatar\":\"2\",\"rating\":1243,\"seed\":[50833,37532,2712,21510]}\n>p1 move flipturn\n>p2 switch 2\n>p1 switch 5\n>p1 move energyball\n>p2 move tailglow terastallize\n>p1 move hypervoice\n>p2 move icebeam\n>p1 move hypervoice\n>p2 move icebeam\n>p1 switch 4\n>p1 move flareblitz\n>p2 move icebeam\n>p2 switch 2\n>p1 switch 3\n>p2 move irondefense\n>p1 move dragondance\n>p2 move bodypress\n>p1 move sunsteelstrike\n>p2 move bodypress\n>p1 switch 5\n>p1 move wavecrash\n>p2 switch 5\n>p1 switch 6\n>p2 move dracometeor\n>p1 move shellsmash\n>p2 move shedtail\n>p2 switch 4\n>p1 move earthpower terastallize\n>p2 move scald\n>p1 move earthpower\n>p2 move thunderbolt\n>p1 move earthpower\n>p2 move thunderbolt\n>p1 switch 3\n>p1 move scaleshot\n>p2 switch 3\n>p1 move collisioncourse\n>p2 move knockoff\n>p2 switch 4\n>p1 move collisioncourse\n>p2 move shedtail\n>p2 switch 5\n>p1 move collisioncourse\n>p2 move moonblast\n>p2 switch 6\n>p1 move flareblitz\n>p2 move thunderwave\n>p1 move scaleshot\n>p2 move thunderbolt\n>p1 move scaleshot\n>p2 move thunderbolt\n>p2 switch 3\n>p1 move collisioncourse\n>p2 move substitute", "uploadtime": 1732992246, "views": 1, "formatid": "gen9randombattle", "rating": 1220, "private": 0, "password": null}