{"id": "gen9randombattle-2253821378", "format": "[Gen 9] Random Battle", "players": ["Bralda", "ecuadorj"], "log": "|j|\u2606Bralda\n|j|\u2606ecuadorj\n|t:|1732943506\n|gametype|singles\n|player|p1|Bralda|iris-gen5bw2|1582\n|player|p2|ecuadorj|170|1610\n|teamsize|p1|6\n|teamsize|p2|6\n|gen|9\n|tier|[Gen 9] Random Battle\n|rated|\n|rule|Species Clause: Limit one of each Pok\u00e9mon\n|rule|HP Percentage Mod: HP is shown in percentages\n|rule|Sleep Clause Mod: Limit one foe put to sleep\n|rule|Illusion Level Mod: Illusion disguises the Pok\u00e9mon's true level\n|\n|t:|1732943506\n|start\n|switch|p1a: Hitmonchan|Hitmonchan, L87, M|229/229\n|switch|p2a: Mismagius|Mismagius, L86, F|243/243\n|turn|1\n|inactive|Battle timer is ON: inactive players will automatically lose when time's up. (requested by Bralda)\n|\n|t:|1732943516\n|move|p2a: Mismagius|Shadow Ball|p1a: Hitmonchan\n|-damage|p1a: Hitmonchan|117/229\n|move|p1a: Hitmonchan|Knock Off|p2a: Mismagius\n|-supereffective|p2a: Mismagius\n|-damage|p2a: Mismagius|4/243\n|-enditem|p2a: Mismagius|Choice Specs|[from] move: Knock Off|[of] p1a: Hitmonchan\n|-damage|p1a: Hitmonchan|95/229|[from] item: Life Orb\n|\n|upkeep\n|turn|2\n|\n|t:|1732943534\n|move|p2a: Mismagius|Shadow Ball|p1a: Hitmonchan\n|-damage|p1a: Hitmonchan|17/229\n|move|p1a: Hitmonchan|Knock Off|p2a: Mismagius\n|-supereffective|p2a: Mismagius\n|-damage|p2a: Mismagius|0 fnt\n|faint|p2a: Mismagius\n|-damage|p1a: Hitmonchan|0 fnt|[from] item: Life Orb\n|faint|p1a: Hitmonchan\n|\n|upkeep\n|\n|t:|1732943545\n|switch|p2a: Tinkaton|Tinkaton, L82, F|274/274\n|switch|p1a: Masquerain|Masquerain, L87, M|264/264\n|-ability|p2a: Tinkaton|Mold Breaker\n|-ability|p1a: Masquerain|Intimidate|boost\n|-unboost|p2a: Tinkaton|atk|1\n|turn|3\n|\n|t:|1732943566\n|move|p2a: Tinkaton|Gigaton Hammer|p1a: Masquerain\n|-damage|p1a: Masquerain|164/264\n|move|p1a: Masquerain|Sticky Web|p2a: Tinkaton\n|-sidestart|p2: ecuadorj|move: Sticky Web\n|\n|upkeep\n|turn|4\n|\n|t:|1732943583\n|move|p2a: Tinkaton|Encore|p1a: Masquerain\n|-start|p1a: Masquerain|Encore\n|move|p1a: Masquerain|Sticky Web||[still]\n|-fail|p1a: Masquerain\n|\n|upkeep\n|turn|5\n|\n|t:|1732943598\n|switch|p1a: Meowstic|Meowstic-F, L89, F|277/277\n|move|p2a: Tinkaton|Knock Off|p1a: Meowstic\n|-supereffective|p1a: Meowstic\n|-damage|p1a: Meowstic|199/277\n|-enditem|p1a: Meowstic|Life Orb|[from] move: Knock Off|[of] p2a: Tinkaton\n|\n|upkeep\n|turn|6\n|\n|t:|1732943616\n|move|p1a: Meowstic|Nasty Plot|p1a: Meowstic\n|-boost|p1a: Meowstic|spa|2\n|move|p2a: Tinkaton|Encore|p1a: Meowstic\n|-start|p1a: Meowstic|Encore\n|\n|upkeep\n|turn|7\n|inactive|Bralda has 120 seconds left.\n|\n|t:|1732943636\n|switch|p1a: Masquerain|Masquerain, L87, M|164/264\n|-ability|p1a: Masquerain|Intimidate|boost\n|-unboost|p2a: Tinkaton|atk|1\n|switch|p2a: Ditto|Ditto, L87|225/225\n|-activate|p2a: Ditto|move: Sticky Web\n|-unboost|p2a: Ditto|spe|1\n|-transform|p2a: Ditto|p1a: Masquerain|[from] ability: Imposter\n|-ability|p2a: Ditto|Intimidate|boost\n|-unboost|p1a: Masquerain|atk|1\n|\n|upkeep\n|turn|8\n|inactive|Bralda has 120 seconds left.\n|\n|t:|1732943649\n|switch|p1a: Meowstic|Meowstic-F, L89, F|199/277\n|move|p2a: Ditto|Sticky Web|p1a: Meowstic\n|-sidestart|p1: Bralda|move: Sticky Web\n|\n|upkeep\n|turn|9\n|inactive|Bralda has 120 seconds left.\n|\n|t:|1732943663\n|switch|p2a: Dialga|Dialga, L73|266/266\n|-activate|p2a: Dialga|move: Sticky Web\n|-unboost|p2a: Dialga|spe|1\n|-ability|p2a: Dialga|Pressure\n|move|p1a: Meowstic|Thunderbolt|p2a: Dialga\n|-resisted|p2a: Dialga\n|-damage|p2a: Dialga|244/266\n|\n|upkeep\n|turn|10\n|inactive|Bralda has 120 seconds left.\n|\n|t:|1732943683\n|move|p1a: Meowstic|Alluring Voice|p2a: Dialga\n|-damage|p2a: Dialga|203/266\n|move|p2a: Dialga|Heavy Slam|p1a: Meowstic\n|-damage|p1a: Meowstic|81/277\n|\n|upkeep\n|turn|11\n|inactive|Bralda has 120 seconds left.\n|\n|t:|1732943713\n|switch|p1a: Masquerain|Masquerain, L87, M|164/264\n|-ability|p1a: Masquerain|Intimidate|boost\n|-unboost|p2a: Dialga|atk|1\n|move|p2a: Dialga|Heavy Slam|p1a: Masquerain\n|-damage|p1a: Masquerain|76/264\n|\n|upkeep\n|turn|12\n|inactive|Bralda has 90 seconds left.\n|\n|t:|1732943729\n|move|p1a: Masquerain|Hurricane|p2a: Dialga\n|-resisted|p2a: Dialga\n|-damage|p2a: Dialga|155/266\n|-start|p2a: Dialga|confusion\n|-activate|p2a: Dialga|confusion\n|move|p2a: Dialga|Fire Blast|p1a: Masquerain\n|-supereffective|p1a: Masquerain\n|-damage|p1a: Masquerain|0 fnt\n|faint|p1a: Masquerain\n|\n|upkeep\n|inactive|Bralda has 90 seconds left.\n|\n|t:|1732943742\n|switch|p1a: Granbull|Granbull, L88, M|302/302\n|-activate|p1a: Granbull|move: Sticky Web\n|-unboost|p1a: Granbull|spe|1\n|-ability|p1a: Granbull|Intimidate|boost\n|-unboost|p2a: Dialga|atk|1\n|turn|13\n|inactive|Bralda has 90 seconds left.\n|\n|t:|1732943751\n|-end|p2a: Dialga|confusion\n|move|p2a: Dialga|Heavy Slam|p1a: Granbull\n|-supereffective|p1a: Granbull\n|-damage|p1a: Granbull|168/302\n|move|p1a: Granbull|Earthquake|p2a: Dialga\n|-supereffective|p2a: Dialga\n|-damage|p2a: Dialga|0 fnt\n|faint|p2a: Dialga\n|\n|-heal|p1a: Granbull|186/302|[from] item: Leftovers\n|upkeep\n|\n|t:|1732943767\n|switch|p2a: Pikachu|Pikachu-Kalos, L93, M|216/216\n|-activate|p2a: Pikachu|move: Sticky Web\n|-unboost|p2a: Pikachu|spe|1\n|turn|14\n|\n|t:|1732943781\n|move|p2a: Pikachu|Volt Tackle|p1a: Granbull\n|-damage|p1a: Granbull|0 fnt\n|faint|p1a: Granbull\n|-damage|p2a: Pikachu|155/216|[from] Recoil\n|\n|upkeep\n|\n|t:|1732943787\n|switch|p1a: Sinistcha|Sinistcha, L83|254/254\n|-activate|p1a: Sinistcha|move: Sticky Web\n|-unboost|p1a: Sinistcha|spe|1\n|turn|15\n|\n|t:|1732943801\n|move|p2a: Pikachu|Play Rough|p1a: Sinistcha\n|-damage|p1a: Sinistcha|155/254\n|move|p1a: Sinistcha|Calm Mind|p1a: Sinistcha\n|-boost|p1a: Sinistcha|spa|1\n|-boost|p1a: Sinistcha|spd|1\n|\n|-heal|p1a: Sinistcha|170/254|[from] item: Leftovers\n|upkeep\n|turn|16\n|inactive|Bralda has 90 seconds left.\n|\n|t:|1732943843\n|move|p2a: Pikachu|Play Rough|p1a: Sinistcha\n|-damage|p1a: Sinistcha|71/254\n|move|p1a: Sinistcha|Matcha Gotcha|p2a: Pikachu\n|-damage|p2a: Pikachu|0 fnt\n|-heal|p1a: Sinistcha|149/254|[from] drain|[of] p2a: Pikachu\n|faint|p2a: Pikachu\n|\n|-heal|p1a: Sinistcha|164/254|[from] item: Leftovers\n|upkeep\n|\n|t:|1732943851\n|switch|p2a: Ditto|Ditto, L87|225/225\n|-activate|p2a: Ditto|move: Sticky Web\n|-unboost|p2a: Ditto|spe|1\n|-transform|p2a: Ditto|p1a: Sinistcha|[from] ability: Imposter\n|turn|17\n|inactive|Bralda has 60 seconds left.\n|\n|t:|1732943884\n|switch|p1a: Ursaluna|Ursaluna-Bloodmoon, L79, M|308/308\n|-activate|p1a: Ursaluna|move: Sticky Web\n|-unboost|p1a: Ursaluna|spe|1\n|move|p2a: Ditto|Shadow Ball|p1a: Ursaluna\n|-immune|p1a: Ursaluna\n|\n|upkeep\n|turn|18\n|inactive|Bralda has 60 seconds left.\n|\n|t:|1732943895\n|switch|p2a: Tinkaton|Tinkaton, L82, F|274/274\n|-activate|p2a: Tinkaton|move: Sticky Web\n|-unboost|p2a: Tinkaton|spe|1\n|-ability|p2a: Tinkaton|Mold Breaker\n|move|p1a: Ursaluna|Blood Moon|p2a: Tinkaton\n|-resisted|p2a: Tinkaton\n|-damage|p2a: Tinkaton|197/274\n|\n|-heal|p2a: Tinkaton|214/274|[from] item: Leftovers\n|upkeep\n|turn|19\n|inactive|Bralda has 60 seconds left.\n|\n|t:|1732943929\n|switch|p1a: Meowstic|Meowstic-F, L89, F|81/277\n|-activate|p1a: Meowstic|move: Sticky Web\n|-unboost|p1a: Meowstic|spe|1\n|-ability|p1a: Meowstic|Competitive|boost\n|-boost|p1a: Meowstic|spa|2\n|move|p2a: Tinkaton|Knock Off|p1a: Meowstic\n|-supereffective|p1a: Meowstic\n|-damage|p1a: Meowstic|0 fnt\n|faint|p1a: Meowstic\n|\n|-heal|p2a: Tinkaton|231/274|[from] item: Leftovers\n|upkeep\n|\n|t:|1732943939\n|switch|p1a: Sinistcha|Sinistcha, L83|164/254\n|-activate|p1a: Sinistcha|move: Sticky Web\n|-unboost|p1a: Sinistcha|spe|1\n|turn|20\n|\n|t:|1732943945\n|move|p2a: Tinkaton|Knock Off|p1a: Sinistcha\n|-supereffective|p1a: Sinistcha\n|-damage|p1a: Sinistcha|72/254\n|-enditem|p1a: Sinistcha|Leftovers|[from] move: Knock Off|[of] p2a: Tinkaton\n|move|p1a: Sinistcha|Strength Sap|p2a: Tinkaton\n|-unboost|p2a: Tinkaton|atk|1\n|-heal|p1a: Sinistcha|242/254\n|\n|-heal|p2a: Tinkaton|248/274|[from] item: Leftovers\n|upkeep\n|turn|21\n|\n|t:|1732943956\n|move|p2a: Tinkaton|Encore|p1a: Sinistcha\n|-start|p1a: Sinistcha|Encore\n|move|p1a: Sinistcha|Strength Sap|p2a: Tinkaton\n|-unboost|p2a: Tinkaton|atk|1\n|-heal|p1a: Sinistcha|254/254\n|\n|-heal|p2a: Tinkaton|265/274|[from] item: Leftovers\n|upkeep\n|turn|22\n|\n|t:|1732943970\n|move|p2a: Tinkaton|Knock Off|p1a: Sinistcha\n|-supereffective|p1a: Sinistcha\n|-damage|p1a: Sinistcha|220/254\n|move|p1a: Sinistcha|Strength Sap|p2a: Tinkaton\n|-unboost|p2a: Tinkaton|atk|1\n|-heal|p1a: Sinistcha|254/254\n|\n|-heal|p2a: Tinkaton|274/274|[from] item: Leftovers\n|upkeep\n|turn|23\n|\n|t:|1732943980\n|move|p2a: Tinkaton|Knock Off|p1a: Sinistcha\n|-supereffective|p1a: Sinistcha\n|-damage|p1a: Sinistcha|226/254\n|move|p1a: Sinistcha|Strength Sap|p2a: Tinkaton\n|-unboost|p2a: Tinkaton|atk|1\n|-heal|p1a: Sinistcha|254/254\n|\n|-end|p1a: Sinistcha|Encore\n|upkeep\n|turn|24\n|\n|t:|1732944006\n|switch|p2a: Weavile|Weavile, L79, F|240/240\n|move|p1a: Sinistcha|Shadow Ball|p2a: Weavile\n|-resisted|p2a: Weavile\n|-damage|p2a: Weavile|183/240\n|\n|upkeep\n|turn|25\n|\n|t:|1732944018\n|-terastallize|p1a: Sinistcha|Steel\n|move|p2a: Weavile|Swords Dance|p2a: Weavile\n|-boost|p2a: Weavile|atk|2\n|move|p1a: Sinistcha|Calm Mind|p1a: Sinistcha\n|-boost|p1a: Sinistcha|spa|1\n|-boost|p1a: Sinistcha|spd|1\n|\n|upkeep\n|turn|26\n|\n|t:|1732944035\n|move|p2a: Weavile|Triple Axel|p1a: Sinistcha\n|-resisted|p1a: Sinistcha\n|-damage|p1a: Sinistcha|233/254\n|-resisted|p1a: Sinistcha\n|-damage|p1a: Sinistcha|191/254\n|-resisted|p1a: Sinistcha\n|-damage|p1a: Sinistcha|128/254\n|-hitcount|p1a: Sinistcha|3\n|move|p1a: Sinistcha|Matcha Gotcha|p2a: Weavile\n|-damage|p2a: Weavile|9/240\n|-heal|p1a: Sinistcha|215/254|[from] drain|[of] p2a: Weavile\n|-status|p2a: Weavile|brn\n|\n|-damage|p2a: Weavile|0 fnt|[from] brn\n|faint|p2a: Weavile\n|upkeep\n|\n|t:|1732944049\n|switch|p2a: Ditto|Ditto, L87|225/225\n|-activate|p2a: Ditto|move: Sticky Web\n|-unboost|p2a: Ditto|spe|1\n|-transform|p2a: Ditto|p1a: Sinistcha|[from] ability: Imposter\n|-start|p2a: Ditto|typechange|Grass/Ghost|[silent]\n|turn|27\n|inactive|ecuadorj has 120 seconds left.\n|\n|t:|1732944077\n|move|p2a: Ditto|Shadow Ball|p1a: Sinistcha\n|-damage|p1a: Sinistcha|94/254\n|move|p1a: Sinistcha|Shadow Ball|p2a: Ditto\n|-supereffective|p2a: Ditto\n|-damage|p2a: Ditto|1/225\n|\n|upkeep\n|turn|28\n|inactive|ecuadorj has 120 seconds left.\n|inactive|Bralda has 30 seconds left.\n|\n|t:|1732944107\n|move|p2a: Ditto|Shadow Ball|p1a: Sinistcha\n|-damage|p1a: Sinistcha|0 fnt\n|faint|p1a: Sinistcha\n|\n|upkeep\n|\n|t:|1732944110\n|switch|p1a: Ursaluna|Ursaluna-Bloodmoon, L79, M|308/308\n|-activate|p1a: Ursaluna|move: Sticky Web\n|-unboost|p1a: Ursaluna|spe|1\n|turn|29\n|\n|t:|1732944117\n|switch|p2a: Tinkaton|Tinkaton, L82, F|274/274\n|-activate|p2a: Tinkaton|move: Sticky Web\n|-unboost|p2a: Tinkaton|spe|1\n|-ability|p2a: Tinkaton|Mold Breaker\n|move|p1a: Ursaluna|Calm Mind|p1a: Ursaluna\n|-boost|p1a: Ursaluna|spa|1\n|-boost|p1a: Ursaluna|spd|1\n|\n|upkeep\n|turn|30\n|\n|t:|1732944132\n|move|p1a: Ursaluna|Vacuum Wave|p2a: Tinkaton\n|-damage|p2a: Tinkaton|227/274\n|move|p2a: Tinkaton|Encore|p1a: Ursaluna\n|-start|p1a: Ursaluna|Encore\n|\n|-heal|p2a: Tinkaton|244/274|[from] item: Leftovers\n|upkeep\n|turn|31\n|\n|t:|1732944137\n|move|p1a: Ursaluna|Vacuum Wave|p2a: Tinkaton\n|-damage|p2a: Tinkaton|199/274\n|move|p2a: Tinkaton|Knock Off|p1a: Ursaluna\n|-damage|p1a: Ursaluna|264/308\n|-enditem|p1a: Ursaluna|Leftovers|[from] move: Knock Off|[of] p2a: Tinkaton\n|\n|-heal|p2a: Tinkaton|216/274|[from] item: Leftovers\n|upkeep\n|turn|32\n|inactive|Bralda has 60 seconds left.\n|\n|t:|1732944142\n|move|p1a: Ursaluna|Vacuum Wave|p2a: Tinkaton\n|-damage|p2a: Tinkaton|168/274\n|move|p2a: Tinkaton|Play Rough|p1a: Ursaluna|[miss]\n|-miss|p2a: Tinkaton|p1a: Ursaluna\n|\n|-heal|p2a: Tinkaton|185/274|[from] item: Leftovers\n|upkeep\n|turn|33\n|\n|t:|1732944146\n|move|p1a: Ursaluna|Vacuum Wave|p2a: Tinkaton\n|-damage|p2a: Tinkaton|138/274\n|move|p2a: Tinkaton|Play Rough|p1a: Ursaluna\n|-damage|p1a: Ursaluna|203/308\n|\n|-heal|p2a: Tinkaton|155/274|[from] item: Leftovers\n|-end|p1a: Ursaluna|Encore\n|upkeep\n|turn|34\n|\n|t:|1732944150\n|move|p1a: Ursaluna|Vacuum Wave|p2a: Tinkaton\n|-damage|p2a: Tinkaton|114/274\n|move|p2a: Tinkaton|Gigaton Hammer|p1a: Ursaluna\n|-damage|p1a: Ursaluna|89/308\n|\n|-heal|p2a: Tinkaton|131/274|[from] item: Leftovers\n|upkeep\n|turn|35\n|\n|t:|1732944157\n|move|p1a: Ursaluna|Vacuum Wave|p2a: Tinkaton\n|-damage|p2a: Tinkaton|88/274\n|move|p2a: Tinkaton|Play Rough|p1a: Ursaluna\n|-damage|p1a: Ursaluna|29/308\n|\n|-heal|p2a: Tinkaton|105/274|[from] item: Leftovers\n|upkeep\n|turn|36\n|inactive|Bralda has 90 seconds left.\n|\n|t:|1732944162\n|move|p2a: Tinkaton|Play Rough|p1a: Ursaluna|[miss]\n|-miss|p2a: Tinkaton|p1a: Ursaluna\n|move|p1a: Ursaluna|Moonlight|p1a: Ursaluna\n|-heal|p1a: Ursaluna|183/308\n|\n|-heal|p2a: Tinkaton|122/274|[from] item: Leftovers\n|upkeep\n|turn|37\n|\n|t:|1732944170\n|move|p1a: Ursaluna|Vacuum Wave|p2a: Tinkaton\n|-damage|p2a: Tinkaton|80/274\n|move|p2a: Tinkaton|Gigaton Hammer|p1a: Ursaluna\n|-damage|p1a: Ursaluna|74/308\n|\n|-heal|p2a: Tinkaton|97/274|[from] item: Leftovers\n|upkeep\n|turn|38\n|\n|t:|1732944179\n|move|p2a: Tinkaton|Play Rough|p1a: Ursaluna\n|-damage|p1a: Ursaluna|14/308\n|move|p1a: Ursaluna|Moonlight|p1a: Ursaluna\n|-heal|p1a: Ursaluna|168/308\n|\n|-heal|p2a: Tinkaton|114/274|[from] item: Leftovers\n|upkeep\n|turn|39\n|\n|t:|1732944191\n|move|p2a: Tinkaton|Gigaton Hammer|p1a: Ursaluna\n|-damage|p1a: Ursaluna|53/308\n|move|p1a: Ursaluna|Calm Mind|p1a: Ursaluna\n|-boost|p1a: Ursaluna|spa|1\n|-boost|p1a: Ursaluna|spd|1\n|\n|-heal|p2a: Tinkaton|131/274|[from] item: Leftovers\n|upkeep\n|turn|40\n|\n|t:|1732944197\n|move|p1a: Ursaluna|Vacuum Wave|p2a: Tinkaton\n|-damage|p2a: Tinkaton|71/274\n|move|p2a: Tinkaton|Play Rough|p1a: Ursaluna\n|-damage|p1a: Ursaluna|0 fnt\n|faint|p1a: Ursaluna\n|\n|win|ecuadorj\n|raw|Bralda's rating: 1582 &rarr; <strong>1564</strong><br />(-18 for losing)\n|raw|ecuadorj's rating: 1610 &rarr; <strong>1628</strong><br />(+18 for winning)\n|l|\u2606Bralda\n|player|p1|\n", "inputlog": ">version b107d77f5c90bd6555267ae244a6264823309ead\n>start {\"formatid\":\"gen9randombattle\",\"seed\":[44736,37860,61109,19843],\"rated\":\"Rated battle\"}\n>player p1 {\"name\":\"Bralda\",\"avatar\":\"iris-gen5bw2\",\"rating\":1582,\"seed\":[40630,1804,35241,15197]}\n>player p2 {\"name\":\"ecuadorj\",\"avatar\":\"170\",\"rating\":1610,\"seed\":[51355,47745,44592,19775]}\n>p1 move knockoff\n>p2 move shadowball\n>p1 move knockoff\n>p2 move shadowball\n>p1 switch 3\n>p2 switch 5\n>p1 move stickyweb\n>p2 move gigatonhammer\n>p1 move hydropump\n>p2 move encore\n>p1 switch 5\n>p2 move knockoff\n>p1 move nastyplot\n>p2 move encore\n>p1 switch 5\n>p2 switch 4\n>p1 switch 5\n>p2 move stickyweb\n>p1 move thunderbolt\n>p2 switch 2\n>p1 move alluringvoice\n>p2 move heavyslam\n>p1 switch 5\n>p2 move heavyslam\n>p1 move hurricane\n>p2 move fireblast\n>p1 switch 6\n>p1 move earthquake\n>p2 move heavyslam\n>p2 switch 6\n>p1 move earthquake\n>p2 move volttackle\n>p1 switch 2\n>p1 move calmmind\n>p2 move playrough\n>p1 move matchagotcha\n>p2 move playrough\n>p2 switch 2\n>p1 switch 4\n>p2 move shadowball\n>p1 move bloodmoon\n>p2 switch 4\n>p1 switch 5\n>p2 move knockoff\n>p1 switch 4\n>p1 move strengthsap\n>p2 move knockoff\n>p1 move shadowball\n>p2 move encore\n>p1 move strengthsap\n>p2 move knockoff\n>p1 move strengthsap\n>p2 move knockoff\n>p1 move shadowball\n>p2 switch 3\n>p1 move calmmind terastallize\n>p2 move swordsdance\n>p1 move matchagotcha\n>p2 move tripleaxel\n>p2 switch 4\n>p1 move shadowball\n>p2 move shadowball\n>p1 move matchagotcha\n>p2 move shadowball\n>p1 switch 5\n>p1 move calmmind\n>p2 switch 3\n>p1 move vacuumwave\n>p2 move encore\n>p1 move vacuumwave\n>p2 move knockoff\n>p1 move vacuumwave\n>p2 move playrough\n>p1 move vacuumwave\n>p2 move playrough\n>p1 move vacuumwave\n>p2 move gigatonhammer\n>p1 move vacuumwave\n>p2 move playrough\n>p1 move moonlight\n>p2 move playrough\n>p1 move vacuumwave\n>p2 move gigatonhammer\n>p1 move moonlight\n>p2 move playrough\n>p1 move calmmind\n>p2 move gigatonhammer\n>p1 move vacuumwave\n>p2 move playrough", "uploadtime": 1732944205, "views": 1, "formatid": "gen9randombattle", "rating": 1564, "private": 0, "password": null}