{"id": "gen9randombattle-2253853960", "format": "[Gen 9] Random Battle", "players": ["Epikace", "underdoge420"], "log": "|j|\u2606Epikace\n|j|\u2606underdoge420\n|t:|1732949425\n|gametype|singles\n|player|p1|Epikace|acetrainer-gen4dp|1367\n|player|p2|underdoge420|265|1350\n|teamsize|p1|6\n|teamsize|p2|6\n|gen|9\n|tier|[Gen 9] Random Battle\n|rated|\n|rule|Species Clause: Limit one of each Pok\u00e9mon\n|rule|HP Percentage Mod: HP is shown in percentages\n|rule|Sleep Clause Mod: Limit one foe put to sleep\n|rule|Illusion Level Mod: Illusion disguises the Pok\u00e9mon's true level\n|\n|t:|1732949425\n|start\n|switch|p1a: Gliscor|Gliscor, L76, F|239/239\n|switch|p2a: Basculegion|Basculegion, L81, M|327/327\n|turn|1\n|inactive|Battle timer is ON: inactive players will automatically lose when time's up. (requested by Epikace)\n|\n|t:|1732949465\n|switch|p1a: Lapras|Lapras, L87, M|368/368\n|move|p2a: Basculegion|Aqua Jet|p1a: Lapras\n|-immune|p1a: Lapras|[from] ability: Water Absorb\n|\n|upkeep\n|turn|2\n|\n|t:|1732949481\n|move|p2a: Basculegion|Shadow Ball|p1a: Lapras\n|-damage|p1a: Lapras|286/368\n|move|p1a: Lapras|Freeze-Dry|p2a: Basculegion\n|-supereffective|p2a: Basculegion\n|-damage|p2a: Basculegion|213/327\n|-status|p2a: Basculegion|frz\n|\n|upkeep\n|turn|3\n|inactive|Epikace has 120 seconds left.\n|\n|t:|1732949520\n|switch|p2a: Wigglytuff|Wigglytuff, L96, F|424/424\n|switch|p1a: Spidops|Spidops, L96, M|271/271\n|\n|upkeep\n|turn|4\n|inactive|Epikace has 120 seconds left.\n|\n|t:|1732949541\n|move|p2a: Wigglytuff|Fire Blast|p1a: Spidops\n|-supereffective|p1a: Spidops\n|-damage|p1a: Spidops|105/271\n|move|p1a: Spidops|Sticky Web|p2a: Wigglytuff\n|-sidestart|p2: underdoge420|move: Sticky Web\n|\n|upkeep\n|turn|5\n|inactive|Epikace has 120 seconds left.\n|\n|t:|1732949571\n|move|p2a: Wigglytuff|Fire Blast|p1a: Spidops\n|-supereffective|p1a: Spidops\n|-damage|p1a: Spidops|0 fnt\n|faint|p1a: Spidops\n|\n|upkeep\n|\n|t:|1732949580\n|switch|p1a: Gliscor|Gliscor, L76, F|239/239\n|turn|6\n|\n|t:|1732949591\n|move|p2a: Wigglytuff|Protect|p2a: Wigglytuff\n|-singleturn|p2a: Wigglytuff|Protect\n|move|p1a: Gliscor|U-turn|p2a: Wigglytuff\n|-activate|p2a: Wigglytuff|move: Protect\n|\n|-status|p1a: Gliscor|tox|[from] item: Toxic Orb\n|upkeep\n|turn|7\n|\n|t:|1732949605\n|move|p1a: Gliscor|Earthquake|p2a: Wigglytuff\n|-damage|p2a: Wigglytuff|304/424\n|move|p2a: Wigglytuff|Fire Blast|p1a: Gliscor\n|-damage|p1a: Gliscor|118/239 tox\n|\n|-heal|p2a: Wigglytuff|330/424|[from] item: Leftovers\n|-heal|p1a: Gliscor|147/239 tox|[from] ability: Poison Heal\n|upkeep\n|turn|8\n|\n|t:|1732949620\n|switch|p1a: Lapras|Lapras, L87, M|286/368\n|move|p2a: Wigglytuff|Fire Blast|p1a: Lapras\n|-damage|p1a: Lapras|195/368\n|\n|-heal|p2a: Wigglytuff|356/424|[from] item: Leftovers\n|upkeep\n|turn|9\n|\n|t:|1732949629\n|move|p1a: Lapras|Sparkling Aria|p2a: Wigglytuff\n|-damage|p2a: Wigglytuff|239/424\n|move|p2a: Wigglytuff|Wish|p2a: Wigglytuff\n|\n|-heal|p2a: Wigglytuff|265/424|[from] item: Leftovers\n|upkeep\n|turn|10\n|inactive|Epikace has 120 seconds left.\n|\n|t:|1732949650\n|switch|p2a: Terapagos|Terapagos, L76, F|262/262\n|-activate|p2a: Terapagos|ability: Tera Shift\n|detailschange|p2a: Terapagos|Terapagos-Terastal, L76, F\n|-heal|p2a: Terapagos|269/269|[silent]\n|move|p1a: Lapras|Sparkling Aria|p2a: Terapagos\n|-activate|p2a: Terapagos|ability: Tera Shell\n|-resisted|p2a: Terapagos\n|-damage|p2a: Terapagos|224/269\n|\n|-heal|p2a: Terapagos|269/269|[from] move: Wish|[wisher] Wigglytuff\n|upkeep\n|turn|11\n|inactive|Epikace has 120 seconds left.\n|inactive|Epikace has 90 seconds left.\n|inactive|Epikace has 60 seconds left.\n|\n|t:|1732949734\n|switch|p1a: Gliscor|Gliscor, L76, F|147/239 tox\n|move|p2a: Terapagos|Rapid Spin|p1a: Gliscor\n|-crit|p1a: Gliscor\n|-damage|p1a: Gliscor|96/239 tox\n|-boost|p2a: Terapagos|spe|1\n|-sideend|p2: underdoge420|Sticky Web|[from] move: Rapid Spin|[of] p2a: Terapagos\n|\n|-heal|p1a: Gliscor|125/239 tox|[from] ability: Poison Heal\n|upkeep\n|turn|12\n|inactive|underdoge420 has 120 seconds left.\n|\n|t:|1732949758\n|move|p2a: Terapagos|Calm Mind|p2a: Terapagos\n|-boost|p2a: Terapagos|spa|1\n|-boost|p2a: Terapagos|spd|1\n|move|p1a: Gliscor|U-turn|p2a: Terapagos\n|-activate|p2a: Terapagos|ability: Tera Shell\n|-resisted|p2a: Terapagos\n|-damage|p2a: Terapagos|250/269\n|\n|t:|1732949761\n|switch|p1a: Koraidon|Koraidon, L64|235/235|[from] U-turn\n|-weather|SunnyDay|[from] ability: Orichalcum Pulse|[of] p1a: Koraidon\n|-activate|p1a: Koraidon|Orichalcum Pulse|[source]\n|\n|-weather|SunnyDay|[upkeep]\n|upkeep\n|turn|13\n|inactive|underdoge420 has 120 seconds left.\n|c|\u2606Epikace|nice def raise\n|\n|t:|1732949789\n|switch|p2a: Wigglytuff|Wigglytuff, L96, F|265/424\n|move|p1a: Koraidon|Close Combat|p2a: Wigglytuff\n|-damage|p2a: Wigglytuff|0 fnt\n|-unboost|p1a: Koraidon|def|1\n|-unboost|p1a: Koraidon|spd|1\n|faint|p2a: Wigglytuff\n|\n|-weather|SunnyDay|[upkeep]\n|upkeep\n|\n|t:|1732949807\n|switch|p2a: Virizion|Virizion, L82|283/283\n|turn|14\n|inactive|Epikace has 60 seconds left.\n|\n|t:|1732949826\n|switch|p1a: Sunflora|Sunflora, M|312/312\n|move|p2a: Virizion|Close Combat|p1a: Sunflora\n|-damage|p1a: Sunflora|129/312\n|-unboost|p2a: Virizion|def|1\n|-unboost|p2a: Virizion|spd|1\n|-damage|p2a: Virizion|255/283|[from] item: Life Orb\n|\n|-weather|SunnyDay|[upkeep]\n|upkeep\n|turn|15\n|inactive|Epikace has 60 seconds left.\n|inactive|underdoge420 has 90 seconds left.\n|\n|t:|1732949846\n|switch|p2a: Umbreon|Umbreon, L84, F|297/297\n|move|p1a: Sunflora|Weather Ball|p2a: Umbreon\n|-damage|p2a: Umbreon|151/297\n|-damage|p1a: Sunflora|98/312|[from] item: Life Orb\n|\n|-weather|SunnyDay|[upkeep]\n|-heal|p2a: Umbreon|169/297|[from] item: Leftovers\n|upkeep\n|turn|16\n|c|\u2606Epikace|shit ass fucking loser\n|n|\u203dEpikace|epikace\n|c|~|/log Epikace was locked from talking by Artemis. (\u2606Epikace: shit ass fucking loser)\n|c|~|/raw <small>This action was done automatically. Want to learn more about the AI? <a href=\"https://www.smogon.com/forums/threads/3570628/#post-9056769\">Visit the information thread</a>.</small>\n|inactive|Epikace has 60 seconds left.\n|inactive|underdoge420 has 90 seconds left.\n|\n|t:|1732949882\n|move|p1a: Sunflora|Solar Beam||[still]\n|-prepare|p1a: Sunflora|Solar Beam\n|-anim|p1a: Sunflora|Solar Beam|p2a: Umbreon\n|-damage|p2a: Umbreon|0 fnt\n|faint|p2a: Umbreon\n|-damage|p1a: Sunflora|67/312|[from] item: Life Orb\n|\n|-weather|none\n|upkeep\n|inactive|underdoge420 has 60 seconds left.\n|\n|t:|1732949906\n|switch|p2a: Skeledirge|Skeledirge, L79, M|294/294\n|turn|17\n|inactive|Epikace has 30 seconds left.\n|\n|t:|1732949933\n|switch|p1a: Gliscor|Gliscor, L76, F|125/239 tox\n|move|p2a: Skeledirge|Shadow Ball|p1a: Gliscor\n|-damage|p1a: Gliscor|23/239 tox\n|\n|-heal|p1a: Gliscor|52/239 tox|[from] ability: Poison Heal\n|upkeep\n|turn|18\n|inactive|Epikace has 30 seconds left.\n|inactive|Epikace has 20 seconds left.\n|inactive|Epikace has 15 seconds left.\n|inactive|underdoge420 has 30 seconds left.\n|inactive|Epikace has 10 seconds left.\n|\n|t:|1732949964\n|move|p1a: Gliscor|Earthquake|p2a: Skeledirge\n|-supereffective|p2a: Skeledirge\n|-damage|p2a: Skeledirge|132/294\n|move|p2a: Skeledirge|Flame Charge|p1a: Gliscor\n|-damage|p1a: Gliscor|19/239 tox\n|-boost|p2a: Skeledirge|spe|1\n|\n|-heal|p1a: Gliscor|48/239 tox|[from] ability: Poison Heal\n|upkeep\n|turn|19\n|inactive|Epikace has 20 seconds left this turn.\n|inactive|Epikace has 15 seconds left.\n|inactive|Epikace has 10 seconds left.\n|inactive|underdoge420 has 30 seconds left.\n|\n|t:|1732949975\n|move|p2a: Skeledirge|Shadow Ball|p1a: Gliscor\n|-damage|p1a: Gliscor|0 fnt\n|faint|p1a: Gliscor\n|\n|upkeep\n|inactive|Epikace has 15 seconds left this turn.\n|\n|t:|1732949978\n|switch|p1a: Lapras|Lapras, L87, M|195/368\n|turn|20\n|inactive|Epikace has 25 seconds left this turn.\n|\n|t:|1732949990\n|move|p2a: Skeledirge|Shadow Ball|p1a: Lapras\n|-damage|p1a: Lapras|123/368\n|move|p1a: Lapras|Sparkling Aria|p2a: Skeledirge\n|-supereffective|p2a: Skeledirge\n|-damage|p2a: Skeledirge|0 fnt\n|faint|p2a: Skeledirge\n|\n|upkeep\n|inactive|Epikace has 30 seconds left this turn.\n|inactive|underdoge420 has 30 seconds left.\n|\n|t:|1732950002\n|switch|p2a: Terapagos|Terapagos-Terastal, L76, F|250/269\n|turn|21\n|inactive|Epikace has 30 seconds left.\n|inactive|Epikace has 20 seconds left.\n|inactive|Epikace has 15 seconds left.\n|\n|t:|1732950028\n|switch|p1a: Koraidon|Koraidon, L64|235/235\n|-weather|SunnyDay|[from] ability: Orichalcum Pulse|[of] p1a: Koraidon\n|-activate|p1a: Koraidon|Orichalcum Pulse|[source]\n|move|p2a: Terapagos|Calm Mind|p2a: Terapagos\n|-boost|p2a: Terapagos|spa|1\n|-boost|p2a: Terapagos|spd|1\n|\n|-weather|SunnyDay|[upkeep]\n|upkeep\n|turn|22\n|inactive|Epikace has 25 seconds left this turn.\n|inactive|Epikace has 20 seconds left.\n|inactive|Epikace has 15 seconds left.\n|inactive|underdoge420 has 30 seconds left.\n|\n|t:|1732950047\n|move|p1a: Koraidon|Close Combat|p2a: Terapagos\n|-supereffective|p2a: Terapagos\n|-damage|p2a: Terapagos|0 fnt\n|-unboost|p1a: Koraidon|def|1\n|-unboost|p1a: Koraidon|spd|1\n|faint|p2a: Terapagos\n|\n|-weather|SunnyDay|[upkeep]\n|upkeep\n|inactive|Epikace has 20 seconds left this turn.\n|inactive|underdoge420 has 30 seconds left.\n|\n|t:|1732950056\n|switch|p2a: Virizion|Virizion, L82|255/283\n|turn|23\n|inactive|Epikace has 30 seconds left this turn.\n|\n|t:|1732950064\n|switch|p1a: Sunflora|Sunflora, M|67/312\n|move|p2a: Virizion|Close Combat|p1a: Sunflora\n|-damage|p1a: Sunflora|0 fnt\n|-unboost|p2a: Virizion|def|1\n|-unboost|p2a: Virizion|spd|1\n|faint|p1a: Sunflora\n|-damage|p2a: Virizion|227/283|[from] item: Life Orb\n|\n|-weather|SunnyDay|[upkeep]\n|upkeep\n|inactive|Epikace has 30 seconds left this turn.\n|\n|t:|1732950073\n|switch|p1a: Deoxys|Deoxys-Speed, L82|216/216\n|-ability|p1a: Deoxys|Pressure\n|turn|24\n|\n|t:|1732950077\n|switch|p2a: Basculegion|Basculegion, L81, M|213/327 frz\n|move|p1a: Deoxys|Psycho Boost|p2a: Basculegion\n|-damage|p2a: Basculegion|79/327 frz\n|-unboost|p1a: Deoxys|spa|2\n|-damage|p1a: Deoxys|195/216|[from] item: Life Orb\n|\n|-weather|SunnyDay|[upkeep]\n|upkeep\n|turn|25\n|\n|t:|1732950091\n|-terastallize|p2a: Basculegion|Water\n|cant|p2a: Basculegion|frz\n|move|p1a: Deoxys|Dark Pulse|p2a: Basculegion\n|-damage|p2a: Basculegion|50/327 frz\n|-damage|p1a: Deoxys|174/216|[from] item: Life Orb\n|\n|-weather|none\n|upkeep\n|turn|26\n|\n|t:|1732950101\n|switch|p1a: Lapras|Lapras, L87, M|123/368\n|cant|p2a: Basculegion|frz\n|\n|upkeep\n|turn|27\n|inactive|underdoge420 has 60 seconds left.\n|\n|t:|1732950112\n|-curestatus|p2a: Basculegion|frz|[msg]\n|move|p2a: Basculegion|Shadow Ball|p1a: Lapras\n|-damage|p1a: Lapras|54/368\n|move|p1a: Lapras|Rest|p1a: Lapras\n|-status|p1a: Lapras|slp|[from] move: Rest\n|-heal|p1a: Lapras|368/368 slp|[silent]\n|\n|upkeep\n|turn|28\n|inactive|underdoge420 has 60 seconds left.\n|\n|t:|1732950123\n|move|p2a: Basculegion|Shadow Ball|p1a: Lapras\n|-damage|p1a: Lapras|305/368 slp\n|-unboost|p1a: Lapras|spd|1\n|cant|p1a: Lapras|slp\n|move|p1a: Lapras|Sleep Talk|p1a: Lapras\n|move|p1a: Lapras|Freeze-Dry|p2a: Basculegion|[from]move: Sleep Talk\n|-supereffective|p2a: Basculegion\n|-damage|p2a: Basculegion|0 fnt\n|faint|p2a: Basculegion\n|\n|upkeep\n|inactive|underdoge420 has 60 seconds left.\n|\n|t:|1732950133\n|switch|p2a: Virizion|Virizion, L82|227/283\n|turn|29\n|inactive|Epikace has 60 seconds left.\n|inactive|underdoge420 has 60 seconds left.\n|\n|t:|1732950148\n|move|p2a: Virizion|Swords Dance|p2a: Virizion\n|-boost|p2a: Virizion|atk|2\n|cant|p1a: Lapras|slp\n|move|p1a: Lapras|Sleep Talk|p1a: Lapras\n|move|p1a: Lapras|Rest||[from]move: Sleep Talk|[still]\n|-fail|p1a: Lapras\n|\n|upkeep\n|turn|30\n|inactive|Epikace has 60 seconds left.\n|\n|t:|1732950157\n|-terastallize|p1a: Lapras|Poison\n|move|p2a: Virizion|Leaf Blade|p1a: Lapras\n|-resisted|p1a: Lapras\n|-damage|p1a: Lapras|183/368 slp\n|-damage|p2a: Virizion|199/283|[from] item: Life Orb\n|-curestatus|p1a: Lapras|slp|[msg]\n|move|p1a: Lapras|Freeze-Dry|p2a: Virizion\n|-supereffective|p2a: Virizion\n|-damage|p2a: Virizion|83/283\n|\n|upkeep\n|turn|31\n|\n|t:|1732950168\n|move|p2a: Virizion|Stone Edge|p1a: Lapras|[miss]\n|-miss|p2a: Virizion|p1a: Lapras\n|move|p1a: Lapras|Freeze-Dry|p2a: Virizion\n|-supereffective|p2a: Virizion\n|-damage|p2a: Virizion|0 fnt\n|faint|p2a: Virizion\n|\n|win|Epikace\n", "inputlog": ">version b107d77f5c90bd6555267ae244a6264823309ead\n>start {\"formatid\":\"gen9randombattle\",\"seed\":[36568,26813,46665,53813],\"rated\":\"Rated battle\"}\n>player p1 {\"name\":\"Epikace\",\"avatar\":\"acetrainer-gen4dp\",\"rating\":1367,\"seed\":[11645,45706,57858,33430]}\n>player p2 {\"name\":\"underdoge420\",\"avatar\":\"265\",\"rating\":1350,\"seed\":[26796,4400,41071,556]}\n>p1 switch 6\n>p2 move aquajet\n>p1 move freezedry\n>p2 move shadowball\n>p1 switch 5\n>p2 switch 4\n>p1 move stickyweb\n>p2 move fireblast\n>p1 move spikes\n>p2 move fireblast\n>p1 switch 6\n>p1 move uturn\n>p2 move protect\n>p1 move earthquake\n>p2 move fireblast\n>p1 switch 5\n>p2 move fireblast\n>p1 move sparklingaria\n>p2 move wish\n>p1 move sparklingaria\n>p2 switch 6\n>p1 switch 5\n>p2 move rapidspin\n>p1 move uturn\n>p2 move calmmind\n>p1 switch 2\n>chat \u2606Epikace|nice def raise\n>p1 move closecombat\n>p2 switch 6\n>p2 switch 5\n>p1 switch 3\n>p2 move closecombat\n>p1 move weatherball\n>p2 switch 3\n>chat \u2606Epikace|shit ass fucking loser\n>p1 move solarbeam\n>p2 move wish\n>p2 switch 2\n>p1 switch 2\n>p2 move shadowball\n>p1 move earthquake\n>p2 move flamecharge\n>p1 move earthquake\n>p2 move shadowball\n>p1 switch 5\n>p1 move sparklingaria\n>p2 move shadowball\n>p2 switch 6\n>p1 switch 3\n>p2 move calmmind\n>p1 move closecombat\n>p2 move terastarstorm\n>p2 switch 3\n>p1 switch 2\n>p2 move closecombat\n>p1 switch 4\n>p1 move psychoboost\n>p2 switch 4\n>p1 move darkpulse\n>p2 move aquajet terastallize\n>p1 switch 3\n>p2 move aquajet\n>p1 move rest\n>p2 move shadowball\n>p1 move sleeptalk\n>p2 move shadowball\n>p2 switch 4\n>p1 move sleeptalk\n>p2 move swordsdance\n>p1 move freezedry terastallize\n>p2 move leafblade\n>p1 move freezedry\n>p2 move stoneedge", "uploadtime": 1732949847, "views": 1, "formatid": "gen9randombattle", "rating": null, "private": 0, "password": null}