{"id": "gen9randombattle-2253964404", "format": "[Gen 9] Random Battle", "players": ["abhiabhiabhi", "RIPRUSHH"], "log": "|j|\u2606abhiabhiabhi\n|j|\u2606RIPRUSHH\n|t:|1732972479\n|gametype|singles\n|player|p1|abhiabhiabhi|266|1205\n|player|p2|RIPRUSHH|266|1194\n|teamsize|p1|6\n|teamsize|p2|6\n|gen|9\n|tier|[Gen 9] Random Battle\n|rated|\n|rule|Species Clause: Limit one of each Pok\u00e9mon\n|rule|HP Percentage Mod: HP is shown in percentages\n|rule|Sleep Clause Mod: Limit one foe put to sleep\n|rule|Illusion Level Mod: Illusion disguises the Pok\u00e9mon's true level\n|\n|t:|1732972479\n|start\n|switch|p1a: Ting-Lu|Ting-Lu, L78|370/370\n|switch|p2a: Tropius|Tropius, L91, M|328/328\n|-ability|p1a: Ting-Lu|Vessel of Ruin\n|turn|1\n|inactive|Battle timer is ON: inactive players will automatically lose when time's up. (requested by abhiabhiabhi)\n|\n|t:|1732972504\n|move|p2a: Tropius|Leech Seed|p1a: Ting-Lu\n|-start|p1a: Ting-Lu|move: Leech Seed\n|move|p1a: Ting-Lu|Ruination|p2a: Tropius|[miss]\n|-miss|p1a: Ting-Lu|p2a: Tropius\n|\n|-damage|p1a: Ting-Lu|324/370|[from] Leech Seed|[of] p2a: Tropius\n|upkeep\n|turn|2\n|\n|t:|1732972512\n|move|p2a: Tropius|Protect|p2a: Tropius\n|-singleturn|p2a: Tropius|Protect\n|move|p1a: Ting-Lu|Ruination|p2a: Tropius\n|-activate|p2a: Tropius|move: Protect\n|\n|-heal|p1a: Ting-Lu|347/370|[from] item: Leftovers\n|-damage|p1a: Ting-Lu|301/370|[from] Leech Seed|[of] p2a: Tropius\n|upkeep\n|turn|3\n|\n|t:|1732972523\n|move|p2a: Tropius|Substitute|p2a: Tropius\n|-start|p2a: Tropius|Substitute\n|-damage|p2a: Tropius|246/328\n|move|p1a: Ting-Lu|Ruination|p2a: Tropius\n|-end|p2a: Tropius|Substitute\n|\n|-heal|p1a: Ting-Lu|324/370|[from] item: Leftovers\n|-damage|p1a: Ting-Lu|278/370|[from] Leech Seed|[of] p2a: Tropius\n|-heal|p2a: Tropius|292/328|[silent]\n|upkeep\n|turn|4\n|\n|t:|1732972532\n|move|p2a: Tropius|Substitute|p2a: Tropius\n|-start|p2a: Tropius|Substitute\n|-damage|p2a: Tropius|210/328\n|move|p1a: Ting-Lu|Spikes|p2a: Tropius\n|-sidestart|p2: RIPRUSHH|Spikes\n|\n|-heal|p1a: Ting-Lu|301/370|[from] item: Leftovers\n|-damage|p1a: Ting-Lu|255/370|[from] Leech Seed|[of] p2a: Tropius\n|-heal|p2a: Tropius|256/328|[silent]\n|upkeep\n|turn|5\n|\n|t:|1732972544\n|move|p2a: Tropius|Air Slash|p1a: Ting-Lu\n|-damage|p1a: Ting-Lu|189/370\n|move|p1a: Ting-Lu|Spikes|p2a: Tropius\n|-sidestart|p2: RIPRUSHH|Spikes\n|\n|-heal|p1a: Ting-Lu|212/370|[from] item: Leftovers\n|-damage|p1a: Ting-Lu|166/370|[from] Leech Seed|[of] p2a: Tropius\n|-heal|p2a: Tropius|302/328|[silent]\n|upkeep\n|turn|6\n|\n|t:|1732972554\n|move|p2a: Tropius|Air Slash|p1a: Ting-Lu|[miss]\n|-miss|p2a: Tropius|p1a: Ting-Lu\n|move|p1a: Ting-Lu|Spikes|p2a: Tropius\n|-sidestart|p2: RIPRUSHH|Spikes\n|\n|-heal|p1a: Ting-Lu|189/370|[from] item: Leftovers\n|-damage|p1a: Ting-Lu|143/370|[from] Leech Seed|[of] p2a: Tropius\n|-heal|p2a: Tropius|328/328|[silent]\n|upkeep\n|turn|7\n|\n|t:|1732972562\n|move|p2a: Tropius|Air Slash|p1a: Ting-Lu\n|-damage|p1a: Ting-Lu|79/370\n|cant|p1a: Ting-Lu|flinch\n|\n|-heal|p1a: Ting-Lu|102/370|[from] item: Leftovers\n|-damage|p1a: Ting-Lu|56/370|[from] Leech Seed|[of] p2a: Tropius\n|upkeep\n|turn|8\n|\n|t:|1732972569\n|move|p2a: Tropius|Air Slash|p1a: Ting-Lu\n|-damage|p1a: Ting-Lu|0 fnt\n|faint|p1a: Ting-Lu\n|\n|upkeep\n|\n|t:|1732972584\n|switch|p1a: Lucario|Lucario, L84, M|255/255\n|turn|9\n|\n|t:|1732972590\n|move|p1a: Lucario|Meteor Mash|p2a: Tropius\n|-end|p2a: Tropius|Substitute\n|-damage|p1a: Lucario|230/255|[from] item: Life Orb\n|move|p2a: Tropius|Leech Seed|p1a: Lucario|[miss]\n|-miss|p2a: Tropius|p1a: Lucario\n|\n|upkeep\n|turn|10\n|\n|t:|1732972597\n|move|p1a: Lucario|Swords Dance|p1a: Lucario\n|-boost|p1a: Lucario|atk|2\n|move|p2a: Tropius|Leech Seed|p1a: Lucario\n|-start|p1a: Lucario|move: Leech Seed\n|\n|-damage|p1a: Lucario|199/255|[from] Leech Seed|[of] p2a: Tropius\n|upkeep\n|turn|11\n|\n|t:|1732972605\n|move|p1a: Lucario|Close Combat|p2a: Tropius\n|-resisted|p2a: Tropius\n|-damage|p2a: Tropius|159/328\n|-unboost|p1a: Lucario|def|1\n|-unboost|p1a: Lucario|spd|1\n|-enditem|p2a: Tropius|Sitrus Berry|[eat]\n|-heal|p2a: Tropius|241/328|[from] item: Sitrus Berry\n|-damage|p1a: Lucario|174/255|[from] item: Life Orb\n|move|p2a: Tropius|Substitute|p2a: Tropius\n|-start|p2a: Tropius|Substitute\n|-damage|p2a: Tropius|159/328\n|\n|-damage|p1a: Lucario|143/255|[from] Leech Seed|[of] p2a: Tropius\n|-heal|p2a: Tropius|190/328|[silent]\n|-item|p2a: Tropius|Sitrus Berry|[from] ability: Harvest\n|upkeep\n|turn|12\n|\n|t:|1732972620\n|move|p1a: Lucario|Meteor Mash|p2a: Tropius\n|-end|p2a: Tropius|Substitute\n|-damage|p1a: Lucario|118/255|[from] item: Life Orb\n|move|p2a: Tropius|Air Slash|p1a: Lucario\n|-crit|p1a: Lucario\n|-damage|p1a: Lucario|0 fnt\n|faint|p1a: Lucario\n|\n|upkeep\n|\n|t:|1732972628\n|switch|p1a: Shiftry|Shiftry, L89, M|305/305\n|turn|13\n|\n|t:|1732972636\n|switch|p2a: Delibird|Delibird, M|252/252\n|move|p1a: Shiftry|Knock Off|p2a: Delibird\n|-damage|p2a: Delibird|32/252\n|-enditem|p2a: Delibird|Heavy-Duty Boots|[from] move: Knock Off|[of] p1a: Shiftry\n|-damage|p1a: Shiftry|275/305|[from] item: Life Orb\n|\n|upkeep\n|turn|14\n|\n|t:|1732972644\n|move|p2a: Delibird|Brave Bird|p1a: Shiftry|[miss]\n|-miss|p2a: Delibird|p1a: Shiftry\n|move|p1a: Shiftry|Knock Off|p2a: Delibird\n|-damage|p2a: Delibird|0 fnt\n|faint|p2a: Delibird\n|-damage|p1a: Shiftry|245/305|[from] item: Life Orb\n|\n|upkeep\n|\n|t:|1732972658\n|switch|p2a: Blissey|Blissey, L84, F|566/566\n|-damage|p2a: Blissey|425/566|[from] Spikes\n|turn|15\n|\n|t:|1732972663\n|move|p1a: Shiftry|Knock Off|p2a: Blissey\n|-damage|p2a: Blissey|0 fnt\n|-enditem|p2a: Blissey|Leftovers|[from] move: Knock Off|[of] p1a: Shiftry\n|faint|p2a: Blissey\n|-damage|p1a: Shiftry|215/305|[from] item: Life Orb\n|\n|upkeep\n|\n|t:|1732972673\n|switch|p2a: Gurdurr|Gurdurr, L85, M|283/283\n|-damage|p2a: Gurdurr|213/283|[from] Spikes\n|turn|16\n|\n|t:|1732972678\n|move|p1a: Shiftry|Will-O-Wisp|p2a: Gurdurr\n|-status|p2a: Gurdurr|brn\n|move|p2a: Gurdurr|Drain Punch|p1a: Shiftry\n|-supereffective|p1a: Shiftry\n|-damage|p1a: Shiftry|0 fnt\n|-heal|p2a: Gurdurr|283/283 brn|[from] drain|[of] p1a: Shiftry\n|faint|p1a: Shiftry\n|\n|-damage|p2a: Gurdurr|266/283 brn|[from] brn\n|upkeep\n|\n|t:|1732972688\n|switch|p1a: Gogoat|Gogoat, L88, F|360/360\n|turn|17\n|c|\u2606RIPRUSHH|bro he has guts\n|\n|t:|1732972697\n|move|p1a: Gogoat|Bulk Up|p1a: Gogoat\n|-boost|p1a: Gogoat|atk|1\n|-boost|p1a: Gogoat|def|1\n|move|p2a: Gurdurr|Drain Punch|p1a: Gogoat\n|-damage|p1a: Gogoat|249/360\n|-heal|p2a: Gurdurr|283/283 brn|[from] drain|[of] p1a: Gogoat\n|\n|-heal|p1a: Gogoat|271/360|[from] item: Leftovers\n|-damage|p2a: Gurdurr|266/283 brn|[from] brn\n|upkeep\n|turn|18\n|c|\u2606abhiabhiabhi|ISNT THE SET IRON FIST???\n|\n|t:|1732972716\n|move|p1a: Gogoat|Bulk Up|p1a: Gogoat\n|-boost|p1a: Gogoat|atk|1\n|-boost|p1a: Gogoat|def|1\n|move|p2a: Gurdurr|Knock Off|p1a: Gogoat\n|-damage|p1a: Gogoat|205/360\n|-enditem|p1a: Gogoat|Leftovers|[from] move: Knock Off|[of] p2a: Gurdurr\n|\n|-damage|p2a: Gurdurr|249/283 brn|[from] brn\n|upkeep\n|turn|19\n|c|\u2606RIPRUSHH|guts eviolite\n|c|\u2606abhiabhiabhi|OMG\ud83d\ude2d\n|\n|t:|1732972737\n|move|p1a: Gogoat|Horn Leech|p2a: Gurdurr\n|-damage|p2a: Gurdurr|125/283 brn\n|-heal|p1a: Gogoat|267/360|[from] drain|[of] p2a: Gurdurr\n|move|p2a: Gurdurr|Drain Punch|p1a: Gogoat\n|-damage|p1a: Gogoat|182/360\n|-heal|p2a: Gurdurr|168/283 brn|[from] drain|[of] p1a: Gogoat\n|\n|-damage|p2a: Gurdurr|151/283 brn|[from] brn\n|upkeep\n|turn|20\n|\n|t:|1732972750\n|-terastallize|p2a: Gurdurr|Steel\n|move|p1a: Gogoat|Horn Leech|p2a: Gurdurr\n|-resisted|p2a: Gurdurr\n|-damage|p2a: Gurdurr|93/283 brn\n|-heal|p1a: Gogoat|211/360|[from] drain|[of] p2a: Gurdurr\n|move|p2a: Gurdurr|Drain Punch|p1a: Gogoat\n|-damage|p1a: Gogoat|127/360\n|-heal|p2a: Gurdurr|135/283 brn|[from] drain|[of] p1a: Gogoat\n|\n|-damage|p2a: Gurdurr|118/283 brn|[from] brn\n|upkeep\n|turn|21\n|\n|t:|1732972761\n|move|p1a: Gogoat|Earthquake|p2a: Gurdurr\n|-supereffective|p2a: Gurdurr\n|-damage|p2a: Gurdurr|0 fnt\n|faint|p2a: Gurdurr\n|\n|upkeep\n|\n|t:|1732972767\n|switch|p2a: Tropius|Tropius, L91, M|190/328\n|turn|22\n|\n|t:|1732972774\n|move|p1a: Gogoat|Milk Drink|p1a: Gogoat\n|-heal|p1a: Gogoat|307/360\n|move|p2a: Tropius|Air Slash|p1a: Gogoat|[miss]\n|-miss|p2a: Tropius|p1a: Gogoat\n|\n|upkeep\n|turn|23\n|\n|t:|1732972782\n|move|p1a: Gogoat|Bulk Up|p1a: Gogoat\n|-boost|p1a: Gogoat|atk|1\n|-boost|p1a: Gogoat|def|1\n|move|p2a: Tropius|Air Slash|p1a: Gogoat\n|-supereffective|p1a: Gogoat\n|-damage|p1a: Gogoat|149/360\n|\n|upkeep\n|turn|24\n|\n|t:|1732972788\n|move|p1a: Gogoat|Horn Leech|p2a: Tropius\n|-resisted|p2a: Tropius\n|-damage|p2a: Tropius|141/328\n|-heal|p1a: Gogoat|174/360|[from] drain|[of] p2a: Tropius\n|-enditem|p2a: Tropius|Sitrus Berry|[eat]\n|-heal|p2a: Tropius|223/328|[from] item: Sitrus Berry\n|move|p2a: Tropius|Air Slash|p1a: Gogoat\n|-supereffective|p1a: Gogoat\n|-damage|p1a: Gogoat|18/360\n|\n|upkeep\n|turn|25\n|\n|t:|1732972802\n|move|p1a: Gogoat|Horn Leech|p2a: Tropius\n|-resisted|p2a: Tropius\n|-damage|p2a: Tropius|171/328\n|-heal|p1a: Gogoat|44/360|[from] drain|[of] p2a: Tropius\n|move|p2a: Tropius|Substitute|p2a: Tropius\n|-start|p2a: Tropius|Substitute\n|-damage|p2a: Tropius|89/328\n|\n|-item|p2a: Tropius|Sitrus Berry|[from] ability: Harvest\n|upkeep\n|-enditem|p2a: Tropius|Sitrus Berry|[eat]\n|-heal|p2a: Tropius|171/328|[from] item: Sitrus Berry\n|turn|26\n|\n|t:|1732972813\n|move|p1a: Gogoat|Horn Leech|p2a: Tropius\n|-resisted|p2a: Tropius\n|-activate|p2a: Tropius|move: Substitute|[damage]\n|-heal|p1a: Gogoat|69/360|[from] drain|[of] p2a: Tropius\n|move|p2a: Tropius|Air Slash|p1a: Gogoat\n|-supereffective|p1a: Gogoat\n|-damage|p1a: Gogoat|0 fnt\n|faint|p1a: Gogoat\n|\n|upkeep\n|\n|t:|1732972823\n|switch|p1a: Lunala|Lunala, L70|308/308\n|turn|27\n|\n|t:|1732972828\n|move|p1a: Lunala|Moongeist Beam|p2a: Tropius\n|-end|p2a: Tropius|Substitute\n|move|p2a: Tropius|Leech Seed|p1a: Lunala\n|-start|p1a: Lunala|move: Leech Seed\n|\n|-damage|p1a: Lunala|270/308|[from] Leech Seed|[of] p2a: Tropius\n|-heal|p2a: Tropius|209/328|[silent]\n|upkeep\n|turn|28\n|\n|t:|1732972837\n|move|p2a: Tropius|Protect|p2a: Tropius\n|-singleturn|p2a: Tropius|Protect\n|move|p1a: Lunala|Moongeist Beam|p2a: Tropius\n|-activate|p2a: Tropius|move: Protect\n|\n|-heal|p1a: Lunala|289/308|[from] item: Leftovers\n|-damage|p1a: Lunala|251/308|[from] Leech Seed|[of] p2a: Tropius\n|-heal|p2a: Tropius|247/328|[silent]\n|-item|p2a: Tropius|Sitrus Berry|[from] ability: Harvest\n|upkeep\n|turn|29\n|\n|t:|1732972849\n|move|p1a: Lunala|Moongeist Beam|p2a: Tropius\n|-damage|p2a: Tropius|145/328\n|-enditem|p2a: Tropius|Sitrus Berry|[eat]\n|-heal|p2a: Tropius|227/328|[from] item: Sitrus Berry\n|move|p2a: Tropius|Substitute|p2a: Tropius\n|-start|p2a: Tropius|Substitute\n|-damage|p2a: Tropius|145/328\n|\n|-heal|p1a: Lunala|270/308|[from] item: Leftovers\n|-damage|p1a: Lunala|232/308|[from] Leech Seed|[of] p2a: Tropius\n|-heal|p2a: Tropius|183/328|[silent]\n|upkeep\n|turn|30\n|\n|t:|1732972860\n|move|p1a: Lunala|Moongeist Beam|p2a: Tropius\n|-end|p2a: Tropius|Substitute\n|move|p2a: Tropius|Air Slash|p1a: Lunala|[miss]\n|-miss|p2a: Tropius|p1a: Lunala\n|\n|-heal|p1a: Lunala|251/308|[from] item: Leftovers\n|-damage|p1a: Lunala|213/308|[from] Leech Seed|[of] p2a: Tropius\n|-heal|p2a: Tropius|221/328|[silent]\n|upkeep\n|turn|31\n|c|\u2606abhiabhiabhi|FUCK THIS STUPID AHH BANANA BITCH\n|\n|t:|1732972877\n|move|p1a: Lunala|Moongeist Beam|p2a: Tropius\n|-damage|p2a: Tropius|130/328\n|move|p2a: Tropius|Air Slash|p1a: Lunala\n|-damage|p1a: Lunala|134/308\n|\n|-heal|p1a: Lunala|153/308|[from] item: Leftovers\n|-damage|p1a: Lunala|115/308|[from] Leech Seed|[of] p2a: Tropius\n|-heal|p2a: Tropius|168/328|[silent]\n|-item|p2a: Tropius|Sitrus Berry|[from] ability: Harvest\n|upkeep\n|turn|32\n|c|\u2606RIPRUSHH|harvest is so broken\n|\n|t:|1732972906\n|move|p1a: Lunala|Moongeist Beam|p2a: Tropius\n|-damage|p2a: Tropius|74/328\n|-enditem|p2a: Tropius|Sitrus Berry|[eat]\n|-heal|p2a: Tropius|156/328|[from] item: Sitrus Berry\n|move|p2a: Tropius|Air Slash|p1a: Lunala\n|-damage|p1a: Lunala|43/308\n|\n|-heal|p1a: Lunala|62/308|[from] item: Leftovers\n|-damage|p1a: Lunala|24/308|[from] Leech Seed|[of] p2a: Tropius\n|-heal|p2a: Tropius|194/328|[silent]\n|-item|p2a: Tropius|Sitrus Berry|[from] ability: Harvest\n|upkeep\n|turn|33\n|\n|t:|1732972918\n|move|p1a: Lunala|Moonlight|p1a: Lunala\n|-heal|p1a: Lunala|178/308\n|move|p2a: Tropius|Air Slash|p1a: Lunala\n|-damage|p1a: Lunala|103/308\n|\n|-heal|p1a: Lunala|122/308|[from] item: Leftovers\n|-damage|p1a: Lunala|84/308|[from] Leech Seed|[of] p2a: Tropius\n|-heal|p2a: Tropius|232/328|[silent]\n|upkeep\n|turn|34\n|\n|t:|1732972928\n|move|p1a: Lunala|Moonlight|p1a: Lunala\n|-heal|p1a: Lunala|238/308\n|move|p2a: Tropius|Air Slash|p1a: Lunala\n|-damage|p1a: Lunala|157/308\n|\n|-heal|p1a: Lunala|176/308|[from] item: Leftovers\n|-damage|p1a: Lunala|138/308|[from] Leech Seed|[of] p2a: Tropius\n|-heal|p2a: Tropius|270/328|[silent]\n|upkeep\n|turn|35\n|\n|t:|1732972937\n|move|p1a: Lunala|Moonlight|p1a: Lunala\n|-heal|p1a: Lunala|292/308\n|move|p2a: Tropius|Substitute|p2a: Tropius\n|-start|p2a: Tropius|Substitute\n|-damage|p2a: Tropius|188/328\n|\n|-heal|p1a: Lunala|308/308|[from] item: Leftovers\n|-damage|p1a: Lunala|270/308|[from] Leech Seed|[of] p2a: Tropius\n|-heal|p2a: Tropius|226/328|[silent]\n|upkeep\n|turn|36\n|\n|t:|1732972946\n|move|p1a: Lunala|Calm Mind|p1a: Lunala\n|-boost|p1a: Lunala|spa|1\n|-boost|p1a: Lunala|spd|1\n|move|p2a: Tropius|Air Slash|p1a: Lunala\n|-damage|p1a: Lunala|218/308\n|\n|-heal|p1a: Lunala|237/308|[from] item: Leftovers\n|-damage|p1a: Lunala|199/308|[from] Leech Seed|[of] p2a: Tropius\n|-heal|p2a: Tropius|264/328|[silent]\n|upkeep\n|turn|37\n|\n|t:|1732972956\n|switch|p2a: Kyogre|Kyogre, L71|259/259\n|-damage|p2a: Kyogre|195/259|[from] Spikes\n|-weather|RainDance|[from] ability: Drizzle|[of] p2a: Kyogre\n|move|p1a: Lunala|Calm Mind|p1a: Lunala\n|-boost|p1a: Lunala|spa|1\n|-boost|p1a: Lunala|spd|1\n|\n|-weather|RainDance|[upkeep]\n|-heal|p1a: Lunala|218/308|[from] item: Leftovers\n|-heal|p2a: Kyogre|211/259|[from] item: Leftovers\n|-damage|p1a: Lunala|180/308|[from] Leech Seed|[of] p2a: Kyogre\n|-heal|p2a: Kyogre|249/259|[silent]\n|upkeep\n|turn|38\n|\n|t:|1732972970\n|move|p1a: Lunala|Moongeist Beam|p2a: Kyogre\n|-damage|p2a: Kyogre|89/259\n|move|p2a: Kyogre|Origin Pulse|p1a: Lunala|[miss]\n|-miss|p2a: Kyogre|p1a: Lunala\n|\n|-weather|RainDance|[upkeep]\n|-heal|p1a: Lunala|199/308|[from] item: Leftovers\n|-heal|p2a: Kyogre|105/259|[from] item: Leftovers\n|-damage|p1a: Lunala|161/308|[from] Leech Seed|[of] p2a: Kyogre\n|-heal|p2a: Kyogre|143/259|[silent]\n|upkeep\n|turn|39\n|c|\u2606abhiabhiabhi|Unfortunate\n|inactive|RIPRUSHH has 120 seconds left.\n|\n|t:|1732973002\n|move|p1a: Lunala|Moongeist Beam|p2a: Kyogre\n|-damage|p2a: Kyogre|0 fnt\n|faint|p2a: Kyogre\n|\n|-weather|RainDance|[upkeep]\n|-heal|p1a: Lunala|180/308|[from] item: Leftovers\n|upkeep\n|inactive|RIPRUSHH has 120 seconds left.\n|\n|t:|1732973011\n|switch|p2a: Bellossom|Bellossom, L84, M|263/263\n|-damage|p2a: Bellossom|198/263|[from] Spikes\n|turn|40\n|\n|t:|1732973017\n|move|p1a: Lunala|Calm Mind|p1a: Lunala\n|-boost|p1a: Lunala|spa|1\n|-boost|p1a: Lunala|spd|1\n|move|p2a: Bellossom|Sleep Powder|p1a: Lunala\n|-status|p1a: Lunala|slp|[from] move: Sleep Powder\n|\n|-weather|RainDance|[upkeep]\n|-heal|p1a: Lunala|199/308 slp|[from] item: Leftovers\n|-heal|p2a: Bellossom|214/263|[from] item: Leftovers\n|-damage|p1a: Lunala|161/308 slp|[from] Leech Seed|[of] p2a: Bellossom\n|-heal|p2a: Bellossom|252/263|[silent]\n|upkeep\n|turn|41\n|\n|t:|1732973029\n|cant|p1a: Lunala|slp\n|move|p2a: Bellossom|Giga Drain|p1a: Lunala\n|-damage|p1a: Lunala|131/308 slp\n|-heal|p2a: Bellossom|263/263|[from] drain|[of] p1a: Lunala\n|\n|-weather|none\n|-heal|p1a: Lunala|150/308 slp|[from] item: Leftovers\n|-damage|p1a: Lunala|112/308 slp|[from] Leech Seed|[of] p2a: Bellossom\n|upkeep\n|turn|42\n|\n|t:|1732973040\n|switch|p1a: Kingdra|Kingdra, L84, M|263/263\n|move|p2a: Bellossom|Quiver Dance|p2a: Bellossom\n|-boost|p2a: Bellossom|spa|1\n|-boost|p2a: Bellossom|spd|1\n|-boost|p2a: Bellossom|spe|1\n|\n|upkeep\n|turn|43\n|\n|t:|1732973049\n|-terastallize|p1a: Kingdra|Steel\n|move|p2a: Bellossom|Giga Drain|p1a: Kingdra\n|-resisted|p1a: Kingdra\n|-damage|p1a: Kingdra|208/263\n|move|p1a: Kingdra|Dragon Dance|p1a: Kingdra\n|-boost|p1a: Kingdra|atk|1\n|-boost|p1a: Kingdra|spe|1\n|\n|upkeep\n|turn|44\n|\n|t:|1732973058\n|move|p1a: Kingdra|Dragon Dance|p1a: Kingdra\n|-boost|p1a: Kingdra|atk|1\n|-boost|p1a: Kingdra|spe|1\n|move|p2a: Bellossom|Strength Sap|p1a: Kingdra\n|-unboost|p1a: Kingdra|atk|1\n|\n|upkeep\n|turn|45\n|-message|RIPRUSHH forfeited.\n|\n|win|abhiabhiabhi\n", "inputlog": ">version b107d77f5c90bd6555267ae244a6264823309ead\n>start {\"formatid\":\"gen9randombattle\",\"seed\":[6390,36402,25360,41212],\"rated\":\"Rated battle\"}\n>player p1 {\"name\":\"abhiabhiabhi\",\"avatar\":\"266\",\"rating\":1205,\"seed\":[33169,50641,54460,44810]}\n>player p2 {\"name\":\"RIPRUSHH\",\"avatar\":\"266\",\"rating\":1194,\"seed\":[31764,18676,1416,52326]}\n>p1 move ruination\n>p2 move leechseed\n>p1 move ruination\n>p2 move protect\n>p1 move ruination\n>p2 move substitute\n>p1 move spikes\n>p2 move substitute\n>p1 move spikes\n>p2 move airslash\n>p1 move spikes\n>p2 move airslash\n>p1 move ruination\n>p2 move airslash\n>p1 move ruination\n>p2 move airslash\n>p1 switch 3\n>p1 move meteormash\n>p2 move leechseed\n>p1 move swordsdance\n>p2 move leechseed\n>p1 move closecombat\n>p2 move substitute\n>p1 move meteormash\n>p2 move airslash\n>p1 switch 4\n>p1 move knockoff\n>p2 switch 5\n>p1 move knockoff\n>p2 move bravebird\n>p2 switch 2\n>p1 move knockoff\n>p2 move seismictoss\n>p2 switch 6\n>p1 move willowisp\n>p2 move drainpunch\n>p1 switch 2\n>chat \u2606RIPRUSHH|bro he has guts\n>p1 move bulkup\n>p2 move drainpunch\n>chat \u2606abhiabhiabhi|ISNT THE SET IRON FIST???\n>p1 move bulkup\n>p2 move knockoff\n>chat \u2606RIPRUSHH|guts eviolite \n>chat \u2606abhiabhiabhi|OMG\ud83d\ude2d\n>p1 move hornleech\n>p2 move drainpunch\n>p1 move hornleech\n>p2 move drainpunch terastallize\n>p1 move earthquake\n>p2 move drainpunch\n>p2 switch 5\n>p1 move milkdrink\n>p2 move airslash\n>p1 move bulkup\n>p2 move airslash\n>p1 move hornleech\n>p2 move airslash\n>p1 move hornleech\n>p2 move substitute\n>p1 move hornleech\n>p2 move airslash\n>p1 switch 6\n>p1 move moongeistbeam\n>p2 move leechseed\n>p1 move moongeistbeam\n>p2 move protect\n>p1 move moongeistbeam\n>p2 move substitute\n>p1 move moongeistbeam\n>p2 move airslash\n>chat \u2606abhiabhiabhi|FUCK THIS STUPID AHH BANANA BITCH\n>p1 move moongeistbeam\n>p2 move airslash\n>chat \u2606RIPRUSHH|harvest is so broken\n>p1 move moongeistbeam\n>p2 move airslash\n>p1 move moonlight\n>p2 move airslash\n>p1 move moonlight\n>p2 move airslash\n>p1 move moonlight\n>p2 move substitute\n>p1 move calmmind\n>p2 move airslash\n>p1 move calmmind\n>p2 switch 3\n>p1 move moongeistbeam\n>p2 move originpulse\n>chat \u2606abhiabhiabhi|Unfortunate\n>p1 move moongeistbeam\n>p2 move thunder\n>p2 switch 4\n>p1 move calmmind\n>p2 move sleeppowder\n>p1 move calmmind\n>p2 move gigadrain\n>p1 switch 5\n>p2 move quiverdance\n>p1 move dragondance terastallize\n>p2 move gigadrain\n>p1 move dragondance\n>p2 move strengthsap\n>forcelose p2", "uploadtime": 1732972868, "views": 1, "formatid": "gen9randombattle", "rating": null, "private": 0, "password": null}