{"id": "gen9randombattle-2254181446", "format": "[Gen 9] Random Battle", "players": ["raymaro", "Isaacdurandlc"], "log": "|j|\u2606raymaro\n|j|\u2606Isaacdurandlc\n|t:|1733001311\n|gametype|singles\n|player|p1|raymaro|102|1231\n|player|p2|Isaacdurandlc|steven|1221\n|teamsize|p1|6\n|teamsize|p2|6\n|gen|9\n|tier|[Gen 9] Random Battle\n|rated|\n|rule|Species Clause: Limit one of each Pok\u00e9mon\n|rule|HP Percentage Mod: HP is shown in percentages\n|rule|Sleep Clause Mod: Limit one foe put to sleep\n|rule|Illusion Level Mod: Illusion disguises the Pok\u00e9mon's true level\n|\n|t:|1733001311\n|start\n|switch|p1a: Slither Wing|Slither Wing, L81|270/270\n|switch|p2a: Lycanroc|Lycanroc-Midnight, L89, M|296/296\n|turn|1\n|\n|t:|1733001338\n|move|p1a: Slither Wing|First Impression|p2a: Lycanroc\n|-damage|p2a: Lycanroc|181/296\n|move|p2a: Lycanroc|Stealth Rock|p1a: Slither Wing\n|-sidestart|p1: raymaro|move: Stealth Rock\n|\n|upkeep\n|turn|2\n|\n|t:|1733001346\n|move|p2a: Lycanroc|Stone Edge|p1a: Slither Wing\n|-damage|p1a: Slither Wing|66/270\n|-damage|p2a: Lycanroc|152/296|[from] item: Life Orb\n|move|p1a: Slither Wing|Close Combat|p2a: Lycanroc\n|-supereffective|p2a: Lycanroc\n|-damage|p2a: Lycanroc|0 fnt\n|-unboost|p1a: Slither Wing|def|1\n|-unboost|p1a: Slither Wing|spd|1\n|faint|p2a: Lycanroc\n|\n|upkeep\n|\n|t:|1733001361\n|switch|p2a: Comfey|Comfey, L85, F|225/225\n|turn|3\n|\n|t:|1733001371\n|move|p2a: Comfey|Draining Kiss|p1a: Slither Wing\n|-supereffective|p1a: Slither Wing\n|-damage|p1a: Slither Wing|0 fnt\n|faint|p1a: Slither Wing\n|-end|p1a: Slither Wing|Protosynthesis|[silent]\n|\n|upkeep\n|\n|t:|1733001392\n|switch|p1a: Trevenant|Trevenant, L88, M|293/293\n|-damage|p1a: Trevenant|257/293|[from] Stealth Rock\n|turn|4\n|\n|t:|1733001400\n|move|p2a: Comfey|Calm Mind|p2a: Comfey\n|-boost|p2a: Comfey|spa|1\n|-boost|p2a: Comfey|spd|1\n|move|p1a: Trevenant|Toxic|p2a: Comfey\n|-status|p2a: Comfey|tox\n|\n|-damage|p2a: Comfey|211/225 tox|[from] psn\n|upkeep\n|turn|5\n|\n|t:|1733001408\n|move|p2a: Comfey|Draining Kiss|p1a: Trevenant\n|-damage|p1a: Trevenant|187/293\n|-heal|p2a: Comfey|225/225 tox|[from] drain|[of] p1a: Trevenant\n|move|p1a: Trevenant|Poltergeist|p2a: Comfey\n|-activate|p2a: Comfey|move: Poltergeist|Leftovers\n|-crit|p2a: Comfey\n|-damage|p2a: Comfey|14/225 tox\n|\n|-heal|p2a: Comfey|28/225 tox|[from] item: Leftovers\n|-damage|p2a: Comfey|0 fnt|[from] psn\n|faint|p2a: Comfey\n|upkeep\n|\n|t:|1733001436\n|switch|p2a: Gliscor|Gliscor, L76, M|239/239\n|turn|6\n|\n|t:|1733001444\n|-terastallize|p1a: Trevenant|Fighting\n|move|p1a: Trevenant|Protect|p1a: Trevenant\n|-singleturn|p1a: Trevenant|Protect\n|move|p2a: Gliscor|U-turn|p1a: Trevenant\n|-activate|p1a: Trevenant|move: Protect\n|\n|-status|p2a: Gliscor|tox|[from] item: Toxic Orb\n|upkeep\n|turn|7\n|\n|t:|1733001463\n|switch|p1a: Chimecho|Chimecho, L94, M|293/293\n|-damage|p1a: Chimecho|257/293|[from] Stealth Rock\n|move|p2a: Gliscor|Toxic|p1a: Chimecho\n|-status|p1a: Chimecho|tox\n|\n|-heal|p1a: Chimecho|275/293 tox|[from] item: Leftovers\n|-damage|p1a: Chimecho|257/293 tox|[from] psn\n|upkeep\n|turn|8\n|\n|t:|1733001483\n|move|p2a: Gliscor|U-turn|p1a: Chimecho\n|-supereffective|p1a: Chimecho\n|-damage|p1a: Chimecho|181/293 tox\n|\n|t:|1733001488\n|switch|p2a: Diancie|Diancie, L82|216/216|[from] U-turn\n|move|p1a: Chimecho|Dazzling Gleam|p2a: Diancie\n|-damage|p2a: Diancie|186/216\n|\n|-heal|p1a: Chimecho|199/293 tox|[from] item: Leftovers\n|-damage|p1a: Chimecho|163/293 tox|[from] psn\n|upkeep\n|turn|9\n|\n|t:|1733001504\n|switch|p1a: Trevenant|Trevenant, L88, M, tera:Fighting|187/293\n|-damage|p1a: Trevenant|169/293|[from] Stealth Rock\n|move|p2a: Diancie|Diamond Storm|p1a: Trevenant|[miss]\n|-miss|p2a: Diancie|p1a: Trevenant\n|\n|upkeep\n|turn|10\n|\n|t:|1733001513\n|move|p1a: Trevenant|Poltergeist|p2a: Diancie|[miss]\n|-miss|p1a: Trevenant|p2a: Diancie\n|move|p2a: Diancie|Moonblast|p1a: Trevenant\n|-supereffective|p1a: Trevenant\n|-damage|p1a: Trevenant|0 fnt\n|faint|p1a: Trevenant\n|\n|upkeep\n|\n|t:|1733001519\n|switch|p1a: Chimecho|Chimecho, L94, M|163/293 tox\n|-damage|p1a: Chimecho|127/293 tox|[from] Stealth Rock\n|turn|11\n|\n|t:|1733001530\n|move|p1a: Chimecho|Recover|p1a: Chimecho\n|-heal|p1a: Chimecho|274/293 tox\n|move|p2a: Diancie|Diamond Storm|p1a: Chimecho\n|-damage|p1a: Chimecho|177/293 tox\n|\n|-heal|p1a: Chimecho|195/293 tox|[from] item: Leftovers\n|-damage|p1a: Chimecho|177/293 tox|[from] psn\n|upkeep\n|turn|12\n|\n|t:|1733001541\n|move|p1a: Chimecho|Cosmic Power|p1a: Chimecho\n|-boost|p1a: Chimecho|def|1\n|-boost|p1a: Chimecho|spd|1\n|move|p2a: Diancie|Moonblast|p1a: Chimecho\n|-damage|p1a: Chimecho|117/293 tox\n|\n|-heal|p1a: Chimecho|135/293 tox|[from] item: Leftovers\n|-damage|p1a: Chimecho|99/293 tox|[from] psn\n|upkeep\n|turn|13\n|\n|t:|1733001553\n|move|p1a: Chimecho|Recover|p1a: Chimecho\n|-heal|p1a: Chimecho|246/293 tox\n|move|p2a: Diancie|Moonblast|p1a: Chimecho\n|-damage|p1a: Chimecho|194/293 tox\n|\n|-heal|p1a: Chimecho|212/293 tox|[from] item: Leftovers\n|-damage|p1a: Chimecho|158/293 tox|[from] psn\n|upkeep\n|turn|14\n|\n|t:|1733001564\n|move|p1a: Chimecho|Stored Power|p2a: Diancie\n|-damage|p2a: Diancie|152/216\n|move|p2a: Diancie|Moonblast|p1a: Chimecho\n|-damage|p1a: Chimecho|104/293 tox\n|\n|-heal|p1a: Chimecho|122/293 tox|[from] item: Leftovers\n|-damage|p1a: Chimecho|50/293 tox|[from] psn\n|upkeep\n|turn|15\n|\n|t:|1733001574\n|move|p1a: Chimecho|Stored Power|p2a: Diancie\n|-damage|p2a: Diancie|118/216\n|move|p2a: Diancie|Moonblast|p1a: Chimecho\n|-damage|p1a: Chimecho|0 fnt\n|faint|p1a: Chimecho\n|\n|upkeep\n|\n|t:|1733001585\n|switch|p1a: Lapras|Lapras, L87, M|367/367\n|-damage|p1a: Lapras|276/367|[from] Stealth Rock\n|turn|16\n|\n|t:|1733001603\n|move|p1a: Lapras|Ice Beam|p2a: Diancie\n|-damage|p2a: Diancie|58/216\n|move|p2a: Diancie|Diamond Storm|p1a: Lapras\n|-supereffective|p1a: Lapras\n|-damage|p1a: Lapras|60/367\n|-boost|p2a: Diancie|def|2\n|\n|upkeep\n|turn|17\n|\n|t:|1733001612\n|move|p1a: Lapras|Ice Beam|p2a: Diancie\n|-damage|p2a: Diancie|0 fnt\n|faint|p2a: Diancie\n|\n|upkeep\n|\n|t:|1733001629\n|switch|p2a: Jolteon|Jolteon, L84, F|246/246\n|turn|18\n|\n|t:|1733001635\n|move|p2a: Jolteon|Thunderbolt|p1a: Lapras\n|-supereffective|p1a: Lapras\n|-damage|p1a: Lapras|0 fnt\n|faint|p1a: Lapras\n|\n|upkeep\n|\n|t:|1733001650\n|switch|p1a: Palkia|Palkia-Origin, L72|249/249\n|-damage|p1a: Palkia|218/249|[from] Stealth Rock\n|-ability|p1a: Palkia|Pressure\n|turn|19\n|\n|t:|1733001663\n|move|p2a: Jolteon|Thunderbolt|p1a: Palkia\n|-damage|p1a: Palkia|76/249\n|move|p1a: Palkia|Spacial Rend|p2a: Jolteon\n|-damage|p2a: Jolteon|114/246\n|\n|upkeep\n|turn|20\n|\n|t:|1733001670\n|move|p2a: Jolteon|Thunderbolt|p1a: Palkia\n|-damage|p1a: Palkia|0 fnt\n|faint|p1a: Palkia\n|\n|upkeep\n|\n|t:|1733001672\n|switch|p1a: Incineroar|Incineroar, L82, F|290/290\n|-ability|p1a: Incineroar|Intimidate|boost\n|-unboost|p2a: Jolteon|atk|1\n|turn|21\n|\n|t:|1733001679\n|move|p2a: Jolteon|Thunderbolt|p1a: Incineroar\n|-damage|p1a: Incineroar|137/290\n|move|p1a: Incineroar|Flare Blitz|p2a: Jolteon\n|-damage|p2a: Jolteon|0 fnt\n|faint|p2a: Jolteon\n|-damage|p1a: Incineroar|99/290|[from] Recoil\n|\n|upkeep\n|\n|t:|1733001689\n|switch|p2a: Gliscor|Gliscor, L76, M|239/239 tox\n|turn|22\n|\n|t:|1733001693\n|move|p2a: Gliscor|Earthquake|p1a: Incineroar\n|-supereffective|p1a: Incineroar\n|-damage|p1a: Incineroar|0 fnt\n|faint|p1a: Incineroar\n|\n|win|Isaacdurandlc\n|raw|raymaro's rating: 1231 &rarr; <strong>1205</strong><br />(-26 for losing)\n|raw|Isaacdurandlc's rating: 1221 &rarr; <strong>1247</strong><br />(+26 for winning)\n", "inputlog": ">version b107d77f5c90bd6555267ae244a6264823309ead\n>start {\"formatid\":\"gen9randombattle\",\"seed\":[16675,18071,17908,64511],\"rated\":\"Rated battle\"}\n>player p1 {\"name\":\"raymaro\",\"avatar\":\"102\",\"rating\":1231,\"seed\":[64448,34248,23046,4710]}\n>player p2 {\"name\":\"Isaacdurandlc\",\"avatar\":\"steven\",\"rating\":1221,\"seed\":[21412,54052,43149,49039]}\n>p1 move firstimpression\n>p2 move stealthrock\n>p1 move closecombat\n>p2 move stoneedge\n>p2 switch 3\n>p1 move uturn\n>p2 move drainingkiss\n>p1 switch 2\n>p1 move toxic\n>p2 move calmmind\n>p1 move poltergeist\n>p2 move drainingkiss\n>p2 switch 4\n>p1 move protect terastallize\n>p2 move uturn\n>p1 switch 4\n>p2 move toxic\n>p1 move dazzlinggleam\n>p2 move uturn\n>p2 switch 6\n>p1 switch 4\n>p2 move diamondstorm\n>p1 move poltergeist\n>p2 move moonblast\n>p1 switch 4\n>p1 move recover\n>p2 move diamondstorm\n>p1 move cosmicpower\n>p2 move moonblast\n>p1 move recover\n>p2 move moonblast\n>p1 move storedpower\n>p2 move moonblast\n>p1 move storedpower\n>p2 move moonblast\n>p1 switch 6\n>p1 move icebeam\n>p2 move diamondstorm\n>p1 move icebeam\n>p2 move moonblast\n>p2 switch 2\n>p1 move icebeam\n>p2 move thunderbolt\n>p1 switch 5\n>p1 move spacialrend\n>p2 move thunderbolt\n>p1 move spacialrend\n>p2 move thunderbolt\n>p1 switch 3\n>p1 move flareblitz\n>p2 move thunderbolt\n>p2 switch 6\n>p1 move trailblaze\n>p2 move earthquake", "uploadtime": 1733001696, "views": 1, "formatid": "gen9randombattle", "rating": 1205, "private": 0, "password": null}