{"id": "gen9randombattle-2253925579", "format": "[Gen 9] Random Battle", "players": ["JayQuazaaa", "mailyducky"], "log": "|j|\u2606JayQuazaaa\n|j|\u2606mailyducky\n|t:|1732965148\n|gametype|singles\n|player|p1|JayQuazaaa|oak-gen1rb|\n|player|p2|mailyducky|102|\n|teamsize|p1|6\n|teamsize|p2|6\n|gen|9\n|tier|[Gen 9] Random Battle\n|rule|Species Clause: Limit one of each Pok\u00e9mon\n|rule|HP Percentage Mod: HP is shown in percentages\n|rule|Sleep Clause Mod: Limit one foe put to sleep\n|rule|Illusion Level Mod: Illusion disguises the Pok\u00e9mon's true level\n|\n|t:|1732965148\n|start\n|switch|p1a: Kommo-o|Kommo-o, L78, F|245/245\n|switch|p2a: Crabominable|Crabominable, L90, F|321/321\n|turn|1\n|\n|t:|1732965174\n|-terastallize|p2a: Crabominable|Ground\n|move|p1a: Kommo-o|Close Combat|p2a: Crabominable\n|-damage|p2a: Crabominable|204/321\n|-unboost|p1a: Kommo-o|def|1\n|-unboost|p1a: Kommo-o|spd|1\n|move|p2a: Crabominable|Earthquake|p1a: Kommo-o\n|-damage|p1a: Kommo-o|58/245\n|\n|upkeep\n|turn|2\n|\n|t:|1732965188\n|move|p1a: Kommo-o|Close Combat|p2a: Crabominable\n|-damage|p2a: Crabominable|74/321\n|-unboost|p1a: Kommo-o|def|1\n|-unboost|p1a: Kommo-o|spd|1\n|move|p2a: Crabominable|Ice Hammer|p1a: Kommo-o\n|-supereffective|p1a: Kommo-o\n|-damage|p1a: Kommo-o|0 fnt\n|-unboost|p2a: Crabominable|spe|1\n|faint|p1a: Kommo-o\n|\n|upkeep\n|\n|t:|1732965200\n|switch|p1a: Tatsugiri|Tatsugiri, L87, M|260/260\n|turn|3\n|\n|t:|1732965209\n|switch|p2a: Flapple|Flapple, L88, M|266/266\n|move|p1a: Tatsugiri|Nasty Plot|p1a: Tatsugiri\n|-boost|p1a: Tatsugiri|spa|2\n|\n|upkeep\n|turn|4\n|\n|t:|1732965219\n|move|p2a: Flapple|Sucker Punch|p1a: Tatsugiri\n|-damage|p1a: Tatsugiri|139/260\n|move|p1a: Tatsugiri|Draco Meteor|p2a: Flapple\n|-supereffective|p2a: Flapple\n|-damage|p2a: Flapple|0 fnt\n|-unboost|p1a: Tatsugiri|spa|2\n|faint|p2a: Flapple\n|\n|upkeep\n|\n|t:|1732965229\n|switch|p2a: Crabominable|Crabominable, L90, F, tera:Ground|74/321\n|turn|5\n|\n|t:|1732965235\n|move|p1a: Tatsugiri|Surf|p2a: Crabominable\n|-supereffective|p2a: Crabominable\n|-damage|p2a: Crabominable|0 fnt\n|faint|p2a: Crabominable\n|\n|upkeep\n|\n|t:|1732965245\n|switch|p2a: Heracross|Heracross, L80, M|259/259\n|turn|6\n|\n|t:|1732965253\n|move|p2a: Heracross|Close Combat|p1a: Tatsugiri\n|-damage|p1a: Tatsugiri|0 fnt\n|-unboost|p2a: Heracross|def|1\n|-unboost|p2a: Heracross|spd|1\n|faint|p1a: Tatsugiri\n|-ability|p2a: Heracross|Moxie|boost\n|-boost|p2a: Heracross|atk|1\n|\n|upkeep\n|\n|t:|1732965264\n|switch|p1a: Ribombee|Ribombee, L82, F|233/233\n|turn|7\n|\n|t:|1732965268\n|move|p2a: Heracross|Close Combat|p1a: Ribombee\n|-resisted|p1a: Ribombee\n|-damage|p1a: Ribombee|160/233\n|-unboost|p2a: Heracross|def|1\n|-unboost|p2a: Heracross|spd|1\n|move|p1a: Ribombee|Moonblast|p2a: Heracross\n|-supereffective|p2a: Heracross\n|-damage|p2a: Heracross|0 fnt\n|faint|p2a: Heracross\n|\n|upkeep\n|\n|t:|1732965274\n|switch|p2a: Glaceon|Glaceon, L94, M|275/275\n|turn|8\n|\n|t:|1732965284\n|move|p1a: Ribombee|Moonblast|p2a: Glaceon\n|-damage|p2a: Glaceon|197/275\n|move|p2a: Glaceon|Freeze-Dry|p1a: Ribombee\n|-damage|p1a: Ribombee|15/233\n|\n|upkeep\n|turn|9\n|\n|t:|1732965294\n|move|p1a: Ribombee|Stun Spore|p2a: Glaceon\n|-status|p2a: Glaceon|par\n|move|p2a: Glaceon|Wish|p2a: Glaceon\n|\n|upkeep\n|turn|10\n|\n|t:|1732965300\n|move|p1a: Ribombee|Sticky Web|p2a: Glaceon\n|-sidestart|p2: mailyducky|move: Sticky Web\n|move|p2a: Glaceon|Mud Shot|p1a: Ribombee|[miss]\n|-miss|p2a: Glaceon|p1a: Ribombee\n|\n|-heal|p2a: Glaceon|275/275 par|[from] move: Wish|[wisher] Glaceon\n|upkeep\n|turn|11\n|\n|t:|1732965309\n|move|p1a: Ribombee|Moonblast|p2a: Glaceon\n|-damage|p2a: Glaceon|196/275 par\n|-unboost|p2a: Glaceon|spa|1\n|cant|p2a: Glaceon|par\n|\n|upkeep\n|turn|12\n|\n|t:|1732965316\n|move|p1a: Ribombee|Moonblast|p2a: Glaceon\n|-damage|p2a: Glaceon|118/275 par\n|move|p2a: Glaceon|Freeze-Dry|p1a: Ribombee\n|-damage|p1a: Ribombee|0 fnt\n|faint|p1a: Ribombee\n|\n|upkeep\n|\n|t:|1732965324\n|switch|p1a: Kingambit|Kingambit, L74, F|270/270\n|-activate|p1a: Kingambit|ability: Supreme Overlord\n|-start|p1a: Kingambit|fallen3|[silent]\n|turn|13\n|\n|t:|1732965331\n|switch|p2a: Wigglytuff|Wigglytuff, L96, M|424/424\n|-activate|p2a: Wigglytuff|move: Sticky Web\n|-unboost|p2a: Wigglytuff|spe|1\n|-ability|p2a: Wigglytuff|Competitive|boost\n|-boost|p2a: Wigglytuff|spa|2\n|move|p1a: Kingambit|Swords Dance|p1a: Kingambit\n|-boost|p1a: Kingambit|atk|2\n|\n|upkeep\n|turn|14\n|\n|t:|1732965343\n|move|p1a: Kingambit|Iron Head|p2a: Wigglytuff\n|-supereffective|p2a: Wigglytuff\n|-damage|p2a: Wigglytuff|0 fnt\n|faint|p2a: Wigglytuff\n|\n|upkeep\n|\n|t:|1732965350\n|switch|p2a: Basculin|Basculin, L86, F|261/261\n|-activate|p2a: Basculin|move: Sticky Web\n|-unboost|p2a: Basculin|spe|1\n|turn|15\n|\n|t:|1732965359\n|move|p2a: Basculin|Wave Crash|p1a: Kingambit\n|-damage|p1a: Kingambit|54/270\n|-damage|p2a: Basculin|190/261|[from] Recoil\n|move|p1a: Kingambit|Kowtow Cleave|p2a: Basculin\n|-damage|p2a: Basculin|0 fnt\n|faint|p2a: Basculin\n|\n|-heal|p1a: Kingambit|70/270|[from] item: Leftovers\n|upkeep\n|\n|t:|1732965370\n|switch|p2a: Glaceon|Glaceon, L94, M|118/275 par\n|turn|16\n|\n|t:|1732965377\n|move|p1a: Kingambit|Iron Head|p2a: Glaceon\n|-supereffective|p2a: Glaceon\n|-damage|p2a: Glaceon|0 fnt\n|faint|p2a: Glaceon\n|\n|win|JayQuazaaa\n", "inputlog": ">version b107d77f5c90bd6555267ae244a6264823309ead\n>start {\"formatid\":\"gen9randombattle\",\"seed\":[27912,29030,28034,8790]}\n>player p1 {\"name\":\"JayQuazaaa\",\"avatar\":\"oak-gen1rb\",\"rating\":0,\"seed\":[54925,1573,18630,13805]}\n>player p2 {\"name\":\"mailyducky\",\"avatar\":\"102\",\"rating\":0,\"seed\":[2090,36335,21238,55719]}\n>p1 move closecombat\n>p2 move earthquake terastallize\n>p1 move closecombat\n>p2 move icehammer\n>p1 switch 3\n>p1 move nastyplot\n>p2 switch 4\n>p1 move dracometeor\n>p2 move suckerpunch\n>p2 switch 4\n>p1 move surf\n>p2 move drainpunch\n>p2 switch 3\n>p1 move nastyplot\n>p2 move closecombat\n>p1 switch 5\n>p1 move moonblast\n>p2 move closecombat\n>p2 switch 5\n>p1 move moonblast\n>p2 move freezedry\n>p1 move stunspore\n>p2 move wish\n>p1 move stickyweb\n>p2 move mudshot\n>p1 move moonblast\n>p2 move freezedry\n>p1 move moonblast\n>p2 move freezedry\n>p1 switch 2\n>p1 move swordsdance\n>p2 switch 6\n>p1 move ironhead\n>p2 move dazzlinggleam\n>p2 switch 2\n>p1 move kowtowcleave\n>p2 move wavecrash\n>p2 switch 6\n>p1 move ironhead\n>p2 move freezedry", "uploadtime": 1732965419, "views": 24, "formatid": "gen9randombattle", "rating": null, "private": 0, "password": null}