{"id": "gen9randombattle-2253808254", "format": "[Gen 9] Random Battle", "players": ["amphyisfluffy~", "Ben the Android"], "log": "|j|\u2606amphyisfluffy~\n|j|\u2606Ben the Android\n|t:|1732941425\n|gametype|singles\n|player|p1|amphyisfluffy~|lady-gen4|1546\n|player|p2|Ben the Android|colress|1518\n|teamsize|p1|6\n|teamsize|p2|6\n|gen|9\n|tier|[Gen 9] Random Battle\n|rated|\n|rule|Species Clause: Limit one of each Pok\u00e9mon\n|rule|HP Percentage Mod: HP is shown in percentages\n|rule|Sleep Clause Mod: Limit one foe put to sleep\n|rule|Illusion Level Mod: Illusion disguises the Pok\u00e9mon's true level\n|\n|t:|1732941425\n|start\n|switch|p1a: Klawf|Klawf, L90, M|272/272\n|switch|p2a: Sableye|Sableye, L90, F|236/236\n|turn|1\n|inactive|Battle timer is ON: inactive players will automatically lose when time's up. (requested by Ben the Android)\n|\n|t:|1732941446\n|move|p2a: Sableye|Thunder Wave|p1a: Klawf\n|-status|p1a: Klawf|par\n|cant|p1a: Klawf|par\n|\n|upkeep\n|turn|2\n|\n|t:|1732941452\n|move|p2a: Sableye|Knock Off|p1a: Klawf\n|-damage|p1a: Klawf|194/272 par\n|-enditem|p1a: Klawf|Choice Band|[from] move: Knock Off|[of] p2a: Sableye\n|cant|p1a: Klawf|par\n|\n|upkeep\n|turn|3\n|\n|t:|1732941466\n|switch|p2a: Regigigas|Regigigas, L84|322/322\n|-start|p2a: Regigigas|ability: Slow Start\n|move|p1a: Klawf|Knock Off|p2a: Regigigas\n|-damage|p2a: Regigigas|258/322\n|-enditem|p2a: Regigigas|Leftovers|[from] move: Knock Off|[of] p1a: Klawf\n|\n|upkeep\n|turn|4\n|\n|t:|1732941478\n|move|p2a: Regigigas|Body Slam|p1a: Klawf\n|-resisted|p1a: Klawf\n|-damage|p1a: Klawf|170/272 par\n|cant|p1a: Klawf|par\n|\n|upkeep\n|turn|5\n|\n|t:|1732941486\n|switch|p1a: Iron Moth|Iron Moth, L78|253/253\n|move|p2a: Regigigas|Body Slam|p1a: Iron Moth\n|-damage|p1a: Iron Moth|159/253\n|\n|upkeep\n|turn|6\n|\n|t:|1732941496\n|move|p1a: Iron Moth|Fire Blast|p2a: Regigigas\n|-damage|p2a: Regigigas|135/322\n|move|p2a: Regigigas|Body Slam|p1a: Iron Moth\n|-damage|p1a: Iron Moth|60/253\n|-status|p1a: Iron Moth|par\n|\n|upkeep\n|turn|7\n|\n|t:|1732941502\n|move|p1a: Iron Moth|Fire Blast|p2a: Regigigas\n|-damage|p2a: Regigigas|24/322\n|move|p2a: Regigigas|Rest|p2a: Regigigas\n|-status|p2a: Regigigas|slp|[from] move: Rest\n|-heal|p2a: Regigigas|322/322 slp|[silent]\n|\n|upkeep\n|turn|8\n|\n|t:|1732941508\n|move|p1a: Iron Moth|Morning Sun|p1a: Iron Moth\n|-heal|p1a: Iron Moth|186/253 par\n|cant|p2a: Regigigas|slp\n|move|p2a: Regigigas|Sleep Talk|p2a: Regigigas\n|move|p2a: Regigigas|Body Slam|p1a: Iron Moth|[from]move: Sleep Talk\n|-damage|p1a: Iron Moth|86/253 par\n|\n|-end|p2a: Regigigas|Slow Start\n|upkeep\n|turn|9\n|\n|t:|1732941516\n|-end|p1a: Iron Moth|Quark Drive|[silent]\n|switch|p1a: Poliwrath|Poliwrath, L88, F|302/302\n|cant|p2a: Regigigas|slp\n|move|p2a: Regigigas|Sleep Talk|p2a: Regigigas\n|move|p2a: Regigigas|Body Slam|p1a: Poliwrath|[from]move: Sleep Talk\n|-damage|p1a: Poliwrath|187/302\n|-status|p1a: Poliwrath|par\n|\n|upkeep\n|turn|10\n|\n|t:|1732941533\n|-curestatus|p2a: Regigigas|slp|[msg]\n|move|p2a: Regigigas|Knock Off|p1a: Poliwrath\n|-resisted|p1a: Poliwrath\n|-damage|p1a: Poliwrath|141/302 par\n|-enditem|p1a: Poliwrath|Life Orb|[from] move: Knock Off|[of] p2a: Regigigas\n|move|p1a: Poliwrath|Close Combat|p2a: Regigigas\n|-supereffective|p2a: Regigigas\n|-damage|p2a: Regigigas|80/322\n|-unboost|p1a: Poliwrath|def|1\n|-unboost|p1a: Poliwrath|spd|1\n|\n|upkeep\n|turn|11\n|\n|t:|1732941542\n|move|p2a: Regigigas|Body Slam|p1a: Poliwrath\n|-damage|p1a: Poliwrath|0 fnt\n|faint|p1a: Poliwrath\n|\n|upkeep\n|inactive|amphyisfluffy~ has 120 seconds left.\n|\n|t:|1732941588\n|switch|p1a: Pikachu|Pikachu-Partner, L93, M|216/216\n|turn|12\n|\n|t:|1732941605\n|move|p1a: Pikachu|Volt Tackle|p2a: Regigigas\n|-damage|p2a: Regigigas|0 fnt\n|faint|p2a: Regigigas\n|-end|p2a: Regigigas|Slow Start|[silent]\n|-damage|p1a: Pikachu|190/216|[from] Recoil\n|\n|upkeep\n|\n|t:|1732941618\n|switch|p2a: Revavroom|Revavroom, L79, M|256/256\n|turn|13\n|inactive|amphyisfluffy~ has 90 seconds left.\n|inactive|amphyisfluffy~ has 60 seconds left.\n|\n|t:|1732941696\n|-terastallize|p2a: Revavroom|Ground\n|move|p1a: Pikachu|Volt Tackle|p2a: Revavroom\n|-immune|p2a: Revavroom\n|move|p2a: Revavroom|Shift Gear|p2a: Revavroom\n|-boost|p2a: Revavroom|spe|2\n|-boost|p2a: Revavroom|atk|1\n|\n|upkeep\n|turn|14\n|\n|t:|1732941705\n|switch|p1a: Hypno|Hypno, L95, M|315/315\n|move|p2a: Revavroom|Shift Gear|p2a: Revavroom\n|-boost|p2a: Revavroom|spe|2\n|-boost|p2a: Revavroom|atk|1\n|\n|upkeep\n|turn|15\n|\n|t:|1732941714\n|move|p2a: Revavroom|High Horsepower|p1a: Hypno\n|-damage|p1a: Hypno|26/315\n|-damage|p2a: Revavroom|231/256|[from] item: Life Orb\n|move|p1a: Hypno|Encore|p2a: Revavroom\n|-start|p2a: Revavroom|Encore\n|\n|-heal|p1a: Hypno|45/315|[from] item: Leftovers\n|upkeep\n|turn|16\n|\n|t:|1732941721\n|switch|p1a: Cryogonal|Cryogonal, L89|287/287\n|move|p2a: Revavroom|High Horsepower|p1a: Cryogonal\n|-immune|p1a: Cryogonal|[from] ability: Levitate\n|\n|upkeep\n|turn|17\n|\n|t:|1732941728\n|move|p2a: Revavroom|High Horsepower|p1a: Cryogonal\n|-immune|p1a: Cryogonal|[from] ability: Levitate\n|move|p1a: Cryogonal|Ice Beam|p2a: Revavroom\n|-supereffective|p2a: Revavroom\n|-damage|p2a: Revavroom|20/256\n|\n|upkeep\n|turn|18\n|\n|t:|1732941732\n|move|p2a: Revavroom|High Horsepower|p1a: Cryogonal\n|-immune|p1a: Cryogonal|[from] ability: Levitate\n|move|p1a: Cryogonal|Ice Beam|p2a: Revavroom\n|-supereffective|p2a: Revavroom\n|-damage|p2a: Revavroom|0 fnt\n|faint|p2a: Revavroom\n|\n|upkeep\n|\n|t:|1732941735\n|switch|p2a: Sableye|Sableye, L90, F|236/236\n|turn|19\n|\n|t:|1732941740\n|move|p1a: Cryogonal|Ice Beam|p2a: Sableye\n|-crit|p2a: Sableye\n|-damage|p2a: Sableye|61/236\n|move|p2a: Sableye|Knock Off|p1a: Cryogonal\n|-damage|p1a: Cryogonal|149/287\n|-enditem|p1a: Cryogonal|Heavy-Duty Boots|[from] move: Knock Off|[of] p2a: Sableye\n|\n|-heal|p2a: Sableye|75/236|[from] item: Leftovers\n|upkeep\n|turn|20\n|\n|t:|1732941745\n|move|p2a: Sableye|Thunder Wave|p1a: Cryogonal\n|-status|p1a: Cryogonal|par\n|move|p1a: Cryogonal|Ice Beam|p2a: Sableye\n|-damage|p2a: Sableye|0 fnt\n|faint|p2a: Sableye\n|\n|upkeep\n|\n|t:|1732941751\n|switch|p2a: Cinderace|Cinderace, L77, F|249/249\n|turn|21\n|inactive|amphyisfluffy~ has 90 seconds left.\n|inactive|amphyisfluffy~ has 60 seconds left.\n|\n|t:|1732941804\n|move|p2a: Cinderace|Pyro Ball|p1a: Cryogonal\n|-supereffective|p1a: Cryogonal\n|-damage|p1a: Cryogonal|0 fnt\n|faint|p1a: Cryogonal\n|\n|upkeep\n|inactive|amphyisfluffy~ has 60 seconds left.\n|\n|t:|1732941811\n|switch|p1a: Klawf|Klawf, L90, M|260/272 par\n|turn|22\n|inactive|Ben the Android has 120 seconds left.\n|\n|t:|1732941848\n|move|p2a: Cinderace|Pyro Ball|p1a: Klawf\n|-resisted|p1a: Klawf\n|-damage|p1a: Klawf|186/272 par\n|move|p1a: Klawf|Crabhammer|p2a: Cinderace\n|-supereffective|p2a: Cinderace\n|-damage|p2a: Cinderace|31/249\n|\n|upkeep\n|turn|23\n|\n|t:|1732941864\n|move|p2a: Cinderace|Pyro Ball|p1a: Klawf|[miss]\n|-miss|p2a: Cinderace|p1a: Klawf\n|cant|p1a: Klawf|par\n|\n|upkeep\n|turn|24\n|\n|t:|1732941870\n|move|p2a: Cinderace|Pyro Ball|p1a: Klawf\n|-resisted|p1a: Klawf\n|-damage|p1a: Klawf|118/272 par\n|move|p1a: Klawf|High Horsepower|p2a: Cinderace\n|-supereffective|p2a: Cinderace\n|-damage|p2a: Cinderace|0 fnt\n|faint|p2a: Cinderace\n|\n|upkeep\n|inactive|Ben the Android has 120 seconds left.\n|\n|t:|1732941905\n|switch|p2a: Dialga|Dialga-Origin, L73|266/266\n|-ability|p2a: Dialga|Pressure\n|turn|25\n|inactive|amphyisfluffy~ has 60 seconds left.\n|\n|t:|1732941943\n|move|p2a: Dialga|Flash Cannon|p1a: Klawf\n|-supereffective|p1a: Klawf\n|-damage|p1a: Klawf|0 fnt\n|faint|p1a: Klawf\n|\n|upkeep\n|\n|t:|1732941950\n|switch|p1a: Pikachu|Pikachu-Partner, L93, M|190/216\n|turn|26\n|inactive|Ben the Android has 90 seconds left.\n|\n|t:|1732941987\n|move|p1a: Pikachu|Fake Out|p2a: Dialga\n|-resisted|p2a: Dialga\n|-damage|p2a: Dialga|246/266\n|cant|p2a: Dialga|flinch\n|\n|upkeep\n|turn|27\n|inactive|amphyisfluffy~ has 60 seconds left.\n|\n|t:|1732942018\n|move|p1a: Pikachu|Play Rough|p2a: Dialga\n|-damage|p2a: Dialga|155/266\n|-unboost|p2a: Dialga|atk|1\n|move|p2a: Dialga|Draco Meteor|p1a: Pikachu\n|-damage|p1a: Pikachu|0 fnt\n|-unboost|p2a: Dialga|spa|2\n|faint|p1a: Pikachu\n|\n|upkeep\n|inactive|amphyisfluffy~ has 30 seconds left.\n|inactive|amphyisfluffy~ has 20 seconds left.\n|inactive|amphyisfluffy~ has 15 seconds left.\n|inactive|amphyisfluffy~ has 10 seconds left.\n|inactive|amphyisfluffy~ has 5 seconds left.\n|-message|amphyisfluffy~ lost due to inactivity.\n|\n|win|Ben the Android\n|raw|amphyisfluffy~'s rating: 1546 &rarr; <strong>1524</strong><br />(-22 for losing)\n|raw|Ben the Android's rating: 1518 &rarr; <strong>1540</strong><br />(+22 for winning)\n", "inputlog": ">version b107d77f5c90bd6555267ae244a6264823309ead\n>start {\"formatid\":\"gen9randombattle\",\"seed\":[34434,47467,49236,13263],\"rated\":\"Rated battle\"}\n>player p1 {\"name\":\"amphyisfluffy~\",\"avatar\":\"lady-gen4\",\"rating\":1546,\"seed\":[8705,578,18984,26099]}\n>player p2 {\"name\":\"Ben the Android\",\"avatar\":\"colress\",\"rating\":1518,\"seed\":[18945,28379,54967,3619]}\n>p1 move knockoff\n>p2 move thunderwave\n>p1 move knockoff\n>p2 move knockoff\n>p1 move knockoff\n>p2 switch 3\n>p1 move crabhammer\n>p2 move bodyslam\n>p1 switch 2\n>p2 move bodyslam\n>p1 move fireblast\n>p2 move bodyslam\n>p1 move fireblast\n>p2 move rest\n>p1 move morningsun\n>p2 move sleeptalk\n>p1 switch 6\n>p2 move sleeptalk\n>p1 move closecombat\n>p2 move knockoff\n>p1 move closecombat\n>p2 move bodyslam\n>p1 switch 4\n>p1 move volttackle\n>p2 move knockoff\n>p2 switch 2\n>p1 move volttackle\n>p2 move shiftgear terastallize\n>p1 switch 5\n>p2 move shiftgear\n>p1 move encore\n>p2 move highhorsepower\n>p1 switch 3\n>p2 move highhorsepower\n>p1 move icebeam\n>p2 move highhorsepower\n>p1 move icebeam\n>p2 move highhorsepower\n>p2 switch 3\n>p1 move icebeam\n>p2 move knockoff\n>p1 move icebeam\n>p2 move thunderwave\n>p2 switch 6\n>p1 move icebeam\n>p2 move pyroball\n>p1 switch 2\n>p1 move crabhammer\n>p2 move pyroball\n>p1 move crabhammer\n>p2 move pyroball\n>p1 move highhorsepower\n>p2 move pyroball\n>p2 switch 4\n>p1 move highhorsepower\n>p2 move flashcannon\n>p1 switch 5\n>p1 move fakeout\n>p2 move dracometeor\n>p1 move playrough\n>p2 move dracometeor\n>forcelose p1", "uploadtime": 1732942070, "views": 18, "formatid": "gen9randombattle", "rating": 1524, "private": 0, "password": null}