{"id": "gen9randombattle-2254059762", "format": "[Gen 9] Random Battle", "players": ["Cucho09", "freyaknightvgc"], "log": "|j|\u2606Cucho09\n|j|\u2606freyaknightvgc\n|t:|1732986196\n|gametype|singles\n|player|p1|Cucho09|roxie|\n|player|p2|freyaknightvgc|grusha|\n|teamsize|p1|6\n|teamsize|p2|6\n|gen|9\n|tier|[Gen 9] Random Battle\n|rated|Tournament battle\n|rule|Species Clause: Limit one of each Pok\u00e9mon\n|rule|HP Percentage Mod: HP is shown in percentages\n|rule|Sleep Clause Mod: Limit one foe put to sleep\n|rule|Illusion Level Mod: Illusion disguises the Pok\u00e9mon's true level\n|\n|t:|1732986196\n|start\n|switch|p1a: Raichu|Raichu, L88, M|249/249\n|switch|p2a: Swanna|Swanna, L88, F|275/275\n|turn|1\n|c|\u2606freyaknightvgc|hf\n|\n|t:|1732986206\n|switch|p2a: Rillaboom|Rillaboom, L79, M|288/288\n|-fieldstart|move: Grassy Terrain|[from] ability: Grassy Surge|[of] p2a: Rillaboom\n|move|p1a: Raichu|Thunderbolt|p2a: Rillaboom\n|-resisted|p2a: Rillaboom\n|-damage|p2a: Rillaboom|222/288\n|\n|-heal|p2a: Rillaboom|240/288|[from] Grassy Terrain\n|upkeep\n|turn|2\n|inactive|Battle timer is ON: inactive players will automatically lose when time's up. (requested by Cucho09)\n|\n|t:|1732986215\n|move|p1a: Raichu|Nuzzle|p2a: Rillaboom\n|-resisted|p2a: Rillaboom\n|-damage|p2a: Rillaboom|229/288\n|-status|p2a: Rillaboom|par\n|move|p2a: Rillaboom|Wood Hammer|p1a: Raichu\n|-damage|p1a: Raichu|0 fnt\n|faint|p1a: Raichu\n|-damage|p2a: Rillaboom|147/288 par|[from] Recoil\n|\n|-heal|p2a: Rillaboom|165/288 par|[from] Grassy Terrain\n|upkeep\n|c|\u2606Cucho09|Hi\n|\n|t:|1732986228\n|switch|p1a: Coalossal|Coalossal, L89, M|341/341\n|turn|3\n|inactive|freyaknightvgc has 120 seconds left.\n|\n|t:|1732986263\n|switch|p2a: Bastiodon|Bastiodon, L89, M|252/252\n|move|p1a: Coalossal|Flamethrower|p2a: Bastiodon\n|-damage|p2a: Bastiodon|191/252\n|\n|-heal|p2a: Bastiodon|206/252|[from] Grassy Terrain\n|upkeep\n|turn|4\n|inactive|freyaknightvgc has 120 seconds left.\n|\n|t:|1732986272\n|switch|p1a: Sableye|Sableye, L90, F|236/236\n|move|p2a: Bastiodon|Iron Defense|p2a: Bastiodon\n|-boost|p2a: Bastiodon|def|2\n|\n|-heal|p2a: Bastiodon|221/252|[from] Grassy Terrain\n|upkeep\n|turn|5\n|inactive|freyaknightvgc has 120 seconds left.\n|\n|t:|1732986287\n|switch|p2a: Swanna|Swanna, L88, F|275/275\n|move|p1a: Sableye|Will-O-Wisp|p2a: Swanna\n|-status|p2a: Swanna|brn\n|\n|-damage|p2a: Swanna|258/275 brn|[from] brn\n|-fieldend|move: Grassy Terrain\n|upkeep\n|turn|6\n|\n|t:|1732986295\n|move|p2a: Swanna|Hydro Pump|p1a: Sableye\n|-crit|p1a: Sableye\n|-damage|p1a: Sableye|23/236\n|move|p1a: Sableye|Knock Off|p2a: Swanna\n|-crit|p2a: Swanna\n|-damage|p2a: Swanna|66/275 brn\n|-enditem|p2a: Swanna|Heavy-Duty Boots|[from] move: Knock Off|[of] p1a: Sableye\n|\n|-heal|p1a: Sableye|37/236|[from] item: Leftovers\n|-damage|p2a: Swanna|49/275 brn|[from] brn\n|upkeep\n|turn|7\n|inactive|freyaknightvgc has 120 seconds left.\n|\n|t:|1732986311\n|move|p1a: Sableye|Recover|p1a: Sableye\n|-heal|p1a: Sableye|155/236\n|move|p2a: Swanna|Hydro Pump|p1a: Sableye\n|-damage|p1a: Sableye|16/236\n|\n|-heal|p1a: Sableye|30/236|[from] item: Leftovers\n|-damage|p2a: Swanna|32/275 brn|[from] brn\n|upkeep\n|turn|8\n|inactive|freyaknightvgc has 120 seconds left.\n|\n|t:|1732986326\n|move|p1a: Sableye|Recover|p1a: Sableye\n|-heal|p1a: Sableye|148/236\n|move|p2a: Swanna|Hydro Pump|p1a: Sableye\n|-damage|p1a: Sableye|12/236\n|\n|-heal|p1a: Sableye|26/236|[from] item: Leftovers\n|-damage|p2a: Swanna|15/275 brn|[from] brn\n|upkeep\n|turn|9\n|inactive|freyaknightvgc has 120 seconds left.\n|\n|t:|1732986333\n|move|p1a: Sableye|Recover|p1a: Sableye\n|-heal|p1a: Sableye|144/236\n|move|p2a: Swanna|Roost|p2a: Swanna\n|-heal|p2a: Swanna|153/275 brn\n|-singleturn|p2a: Swanna|move: Roost\n|\n|-heal|p1a: Sableye|158/236|[from] item: Leftovers\n|-damage|p2a: Swanna|136/275 brn|[from] brn\n|upkeep\n|turn|10\n|\n|t:|1732986348\n|switch|p1a: Ambipom|Ambipom, L84, F|263/263\n|move|p2a: Swanna|Roost|p2a: Swanna\n|-heal|p2a: Swanna|274/275 brn\n|-singleturn|p2a: Swanna|move: Roost\n|\n|-damage|p2a: Swanna|257/275 brn|[from] brn\n|upkeep\n|turn|11\n|\n|t:|1732986357\n|move|p1a: Ambipom|Double-Edge|p2a: Swanna\n|-damage|p2a: Swanna|28/275 brn\n|-damage|p1a: Ambipom|187/263|[from] Recoil\n|move|p2a: Swanna|Roost|p2a: Swanna\n|-heal|p2a: Swanna|166/275 brn\n|-singleturn|p2a: Swanna|move: Roost\n|\n|-damage|p2a: Swanna|149/275 brn|[from] brn\n|upkeep\n|turn|12\n|\n|t:|1732986365\n|switch|p2a: Bastiodon|Bastiodon, L89, M|221/252\n|move|p1a: Ambipom|Double-Edge|p2a: Bastiodon\n|-resisted|p2a: Bastiodon\n|-damage|p2a: Bastiodon|194/252\n|-damage|p1a: Ambipom|178/263|[from] Recoil\n|\n|upkeep\n|turn|13\n|\n|t:|1732986370\n|switch|p1a: Decidueye|Decidueye, L88, F|281/281\n|move|p2a: Bastiodon|Foul Play|p1a: Decidueye\n|-supereffective|p1a: Decidueye\n|-damage|p1a: Decidueye|121/281\n|\n|upkeep\n|turn|14\n|\n|t:|1732986379\n|move|p1a: Decidueye|Swords Dance|p1a: Decidueye\n|-boost|p1a: Decidueye|atk|2\n|move|p2a: Bastiodon|Foul Play|p1a: Decidueye\n|-supereffective|p1a: Decidueye\n|-damage|p1a: Decidueye|0 fnt\n|faint|p1a: Decidueye\n|\n|upkeep\n|-message|Cucho09 forfeited.\n|\n|win|freyaknightvgc\n|n|\u2606Cucho09|cucho09\n|n|\u2606freyaknightvgc|freyaknightvgc\n|l|\u2606Cucho09\n|player|p1|\n", "inputlog": ">version b107d77f5c90bd6555267ae244a6264823309ead\n>start {\"formatid\":\"gen9randombattle\",\"seed\":[2570,44643,22053,46945],\"rated\":\"Tournament battle\"}\n>player p1 {\"name\":\"Cucho09\",\"avatar\":\"roxie\",\"rating\":0,\"seed\":[35134,20110,27121,42596]}\n>player p2 {\"name\":\"freyaknightvgc\",\"avatar\":\"grusha\",\"rating\":0,\"seed\":[17864,7139,28764,11873]}\n>chat \u2606freyaknightvgc|hf\n>p1 move thunderbolt\n>p2 switch 2\n>p1 move nuzzle\n>p2 move woodhammer\n>chat \u2606Cucho09|Hi\n>p1 switch 5\n>p1 move flamethrower\n>p2 switch 6\n>p1 switch 6\n>p2 move irondefense\n>p1 move willowisp\n>p2 switch 2\n>p1 move knockoff\n>p2 move hydropump\n>p1 move recover\n>p2 move hydropump\n>p1 move recover\n>p2 move hydropump\n>p1 move recover\n>p2 move roost\n>p1 switch 2\n>p2 move roost\n>p1 move doubleedge\n>p2 move roost\n>p1 move doubleedge\n>p2 switch 2\n>p1 switch 4\n>p2 move foulplay\n>p1 move swordsdance\n>p2 move foulplay\n>forcelose p1", "uploadtime": 1732986388, "views": 2, "formatid": "gen9randombattle", "rating": null, "private": 0, "password": null}