{"id": "gen9randombattle-2253991981", "format": "[Gen 9] Random Battle", "players": ["Carole Basculin", "Nomimom"], "log": "|j|\u2606Carole Basculin\n|j|\u2606Nomimom\n|t:|1732976886\n|gametype|singles\n|player|p1|Carole Basculin|caitlin|2073\n|player|p2|Nomimom|170|2039\n|teamsize|p1|6\n|teamsize|p2|6\n|gen|9\n|tier|[Gen 9] Random Battle\n|rated|\n|rule|Species Clause: Limit one of each Pok\u00e9mon\n|rule|HP Percentage Mod: HP is shown in percentages\n|rule|Sleep Clause Mod: Limit one foe put to sleep\n|rule|Illusion Level Mod: Illusion disguises the Pok\u00e9mon's true level\n|\n|t:|1732976886\n|start\n|switch|p1a: Venomoth|Venomoth, L84, M|255/255\n|switch|p2a: Avalugg|Avalugg, L88, M|310/310\n|turn|1\n|\n|t:|1732976891\n|switch|p2a: Oricorio|Oricorio-Pa'u, L87, F|272/272\n|move|p1a: Venomoth|Sleep Powder|p2a: Oricorio\n|-status|p2a: Oricorio|slp|[from] move: Sleep Powder\n|\n|upkeep\n|turn|2\n|\n|t:|1732976907\n|cant|p2a: Oricorio|slp\n|move|p1a: Venomoth|Sludge Wave|p2a: Oricorio\n|-damage|p2a: Oricorio|158/272 slp\n|\n|upkeep\n|turn|3\n|\n|t:|1732976911\n|switch|p1a: Hatterene|Hatterene, L85, F|236/236\n|cant|p2a: Oricorio|slp\n|\n|upkeep\n|turn|4\n|\n|t:|1732976917\n|switch|p2a: Rhyperior|Rhyperior, L82, M|323/323\n|move|p1a: Hatterene|Calm Mind|p1a: Hatterene\n|-boost|p1a: Hatterene|spa|1\n|-boost|p1a: Hatterene|spd|1\n|\n|upkeep\n|turn|5\n|\n|t:|1732976934\n|switch|p2a: Grumpig|Grumpig, L92, M|297/297\n|move|p1a: Hatterene|Draining Kiss|p2a: Grumpig\n|-damage|p2a: Grumpig|212/297\n|\n|upkeep\n|turn|6\n|\n|t:|1732976942\n|switch|p1a: Brute Bonnet|Brute Bonnet, L81|312/312\n|move|p2a: Grumpig|Trick|p1a: Brute Bonnet\n|-activate|p2a: Grumpig|move: Trick|[of] p1a: Brute Bonnet\n|-item|p1a: Brute Bonnet|Choice Scarf|[from] move: Trick\n|-item|p2a: Grumpig|Leftovers|[from] move: Trick\n|\n|-heal|p2a: Grumpig|230/297|[from] item: Leftovers\n|upkeep\n|turn|7\n|\n|t:|1732976951\n|switch|p2a: Avalugg|Avalugg, L88, M|310/310\n|move|p1a: Brute Bonnet|Seed Bomb|p2a: Avalugg\n|-damage|p2a: Avalugg|256/310\n|\n|upkeep\n|turn|8\n|\n|t:|1732976969\n|-end|p1a: Brute Bonnet|Protosynthesis|[silent]\n|switch|p1a: Hatterene|Hatterene, L85, F|236/236\n|move|p2a: Avalugg|Avalanche|p1a: Hatterene\n|-damage|p1a: Hatterene|163/236\n|\n|-heal|p1a: Hatterene|177/236|[from] item: Leftovers\n|upkeep\n|turn|9\n|\n|t:|1732976977\n|switch|p2a: Grumpig|Grumpig, L92, M|230/297\n|move|p1a: Hatterene|Calm Mind|p1a: Hatterene\n|-boost|p1a: Hatterene|spa|1\n|-boost|p1a: Hatterene|spd|1\n|\n|-heal|p2a: Grumpig|248/297|[from] item: Leftovers\n|-heal|p1a: Hatterene|191/236|[from] item: Leftovers\n|upkeep\n|turn|10\n|\n|t:|1732976990\n|move|p2a: Grumpig|Shadow Ball|p1a: Hatterene\n|-supereffective|p1a: Hatterene\n|-crit|p1a: Hatterene\n|-damage|p1a: Hatterene|27/236\n|move|p1a: Hatterene|Calm Mind|p1a: Hatterene\n|-boost|p1a: Hatterene|spa|1\n|-boost|p1a: Hatterene|spd|1\n|\n|-heal|p2a: Grumpig|266/297|[from] item: Leftovers\n|-heal|p1a: Hatterene|41/236|[from] item: Leftovers\n|upkeep\n|turn|11\n|\n|t:|1732976998\n|move|p2a: Grumpig|Shadow Ball|p1a: Hatterene\n|-supereffective|p1a: Hatterene\n|-damage|p1a: Hatterene|0 fnt\n|faint|p1a: Hatterene\n|\n|-heal|p2a: Grumpig|284/297|[from] item: Leftovers\n|upkeep\n|\n|t:|1732977004\n|switch|p1a: Yanmega|Yanmega, L82, M|275/275\n|turn|12\n|\n|t:|1732977055\n|move|p1a: Yanmega|Bug Buzz|p2a: Grumpig\n|-supereffective|p2a: Grumpig\n|-damage|p2a: Grumpig|120/297\n|move|p2a: Grumpig|Psychic|p1a: Yanmega\n|-damage|p1a: Yanmega|134/275\n|\n|-heal|p2a: Grumpig|138/297|[from] item: Leftovers\n|-ability|p1a: Yanmega|Speed Boost|boost\n|-boost|p1a: Yanmega|spe|1\n|upkeep\n|turn|13\n|\n|t:|1732977060\n|move|p1a: Yanmega|Bug Buzz|p2a: Grumpig\n|-supereffective|p2a: Grumpig\n|-damage|p2a: Grumpig|0 fnt\n|faint|p2a: Grumpig\n|\n|-ability|p1a: Yanmega|Speed Boost|boost\n|-boost|p1a: Yanmega|spe|1\n|upkeep\n|\n|t:|1732977067\n|switch|p2a: Lycanroc|Lycanroc-Dusk, L80, F|251/251\n|turn|14\n|\n|t:|1732977073\n|-terastallize|p1a: Yanmega|Ground\n|move|p1a: Yanmega|Tera Blast|p2a: Lycanroc|[anim] Tera Blast Ground\n|-supereffective|p2a: Lycanroc\n|-damage|p2a: Lycanroc|3/251\n|move|p2a: Lycanroc|Swords Dance|p2a: Lycanroc\n|-boost|p2a: Lycanroc|atk|2\n|\n|-ability|p1a: Yanmega|Speed Boost|boost\n|-boost|p1a: Yanmega|spe|1\n|upkeep\n|turn|15\n|\n|t:|1732977087\n|move|p2a: Lycanroc|Accelerock|p1a: Yanmega\n|-resisted|p1a: Yanmega\n|-damage|p1a: Yanmega|56/275\n|-damage|p2a: Lycanroc|0 fnt|[from] item: Life Orb\n|faint|p2a: Lycanroc\n|move|p1a: Yanmega|Bug Buzz|p2: Lycanroc|[notarget]\n|-fail|p1a: Yanmega\n|\n|-ability|p1a: Yanmega|Speed Boost|boost\n|-boost|p1a: Yanmega|spe|1\n|upkeep\n|\n|t:|1732977106\n|switch|p2a: Avalugg|Avalugg, L88, M|256/310\n|turn|16\n|\n|t:|1732977110\n|move|p1a: Yanmega|Tera Blast|p2a: Avalugg|[anim] Tera Blast Ground\n|-damage|p2a: Avalugg|124/310\n|move|p2a: Avalugg|Avalanche|p1a: Yanmega\n|-supereffective|p1a: Yanmega\n|-damage|p1a: Yanmega|0 fnt\n|faint|p1a: Yanmega\n|\n|upkeep\n|\n|t:|1732977122\n|switch|p1a: Venomoth|Venomoth, L84, M|255/255\n|turn|17\n|\n|t:|1732977126\n|switch|p2a: Oricorio|Oricorio-Pa'u, L87, F|158/272 slp\n|move|p1a: Venomoth|Quiver Dance|p1a: Venomoth\n|-boost|p1a: Venomoth|spa|1\n|-boost|p1a: Venomoth|spd|1\n|-boost|p1a: Venomoth|spe|1\n|-activate|p2a: Oricorio|ability: Dancer\n|cant|p2a: Oricorio|slp\n|\n|upkeep\n|turn|18\n|\n|t:|1732977134\n|-terastallize|p2a: Oricorio|Ground\n|move|p1a: Venomoth|Sludge Wave|p2a: Oricorio\n|-resisted|p2a: Oricorio\n|-damage|p2a: Oricorio|0 fnt\n|faint|p2a: Oricorio\n|\n|upkeep\n|\n|t:|1732977136\n|switch|p2a: Rhyperior|Rhyperior, L82, M|323/323\n|turn|19\n|\n|t:|1732977142\n|move|p1a: Venomoth|Sleep Powder|p2a: Rhyperior\n|-status|p2a: Rhyperior|slp|[from] move: Sleep Powder\n|cant|p2a: Rhyperior|slp\n|\n|upkeep\n|turn|20\n|\n|t:|1732977148\n|move|p1a: Venomoth|Bug Buzz|p2a: Rhyperior\n|-damage|p2a: Rhyperior|124/323 slp\n|-curestatus|p2a: Rhyperior|slp|[msg]\n|move|p2a: Rhyperior|Stone Edge|p1a: Venomoth\n|-supereffective|p1a: Venomoth\n|-damage|p1a: Venomoth|0 fnt\n|faint|p1a: Venomoth\n|\n|upkeep\n|\n|t:|1732977167\n|switch|p1a: Lunala|Lunala, L70|308/308\n|turn|21\n|\n|t:|1732977182\n|move|p1a: Lunala|Moongeist Beam|p2a: Rhyperior\n|-crit|p2a: Rhyperior\n|-damage|p2a: Rhyperior|0 fnt\n|faint|p2a: Rhyperior\n|\n|upkeep\n|\n|t:|1732977182\n|switch|p2a: Zekrom|Zekrom, L71|259/259\n|-ability|p2a: Zekrom|Teravolt\n|turn|22\n|\n|t:|1732977197\n|switch|p1a: Brute Bonnet|Brute Bonnet, L81|312/312\n|move|p2a: Zekrom|Dragon Dance|p2a: Zekrom\n|-boost|p2a: Zekrom|atk|1\n|-boost|p2a: Zekrom|spe|1\n|\n|upkeep\n|turn|23\n|\n|t:|1732977209\n|move|p2a: Zekrom|Dragon Dance|p2a: Zekrom\n|-boost|p2a: Zekrom|atk|1\n|-boost|p2a: Zekrom|spe|1\n|move|p1a: Brute Bonnet|Spore|p2a: Zekrom\n|-status|p2a: Zekrom|slp|[from] move: Spore\n|\n|upkeep\n|turn|24\n|\n|t:|1732977212\n|-end|p1a: Brute Bonnet|Protosynthesis|[silent]\n|switch|p1a: Miraidon|Miraidon, L65|238/238\n|-fieldstart|move: Electric Terrain|[from] ability: Hadron Engine|[of] p1a: Miraidon\n|cant|p2a: Zekrom|slp\n|\n|upkeep\n|turn|25\n|\n|t:|1732977217\n|-curestatus|p2a: Zekrom|slp|[msg]\n|move|p2a: Zekrom|Substitute|p2a: Zekrom\n|-start|p2a: Zekrom|Substitute\n|-damage|p2a: Zekrom|195/259\n|move|p1a: Miraidon|Draco Meteor|p2a: Zekrom\n|-supereffective|p2a: Zekrom\n|-end|p2a: Zekrom|Substitute\n|-unboost|p1a: Miraidon|spa|2\n|\n|-heal|p2a: Zekrom|211/259|[from] item: Leftovers\n|upkeep\n|turn|26\n|\n|t:|1732977226\n|move|p2a: Zekrom|Outrage|p1a: Miraidon\n|-supereffective|p1a: Miraidon\n|-damage|p1a: Miraidon|0 fnt\n|faint|p1a: Miraidon\n|\n|-heal|p2a: Zekrom|227/259|[from] item: Leftovers\n|upkeep\n|\n|t:|1732977237\n|switch|p1a: Lunala|Lunala, L70|308/308\n|turn|27\n|\n|t:|1732977240\n|switch|p1a: Brute Bonnet|Brute Bonnet, L81|312/312\n|move|p2a: Zekrom|Outrage|p1a: Brute Bonnet|[from]lockedmove\n|-damage|p1a: Brute Bonnet|65/312\n|-start|p2a: Zekrom|confusion|[fatigue]\n|\n|-heal|p2a: Zekrom|243/259|[from] item: Leftovers\n|upkeep\n|turn|28\n|\n|t:|1732977247\n|-activate|p2a: Zekrom|confusion\n|-damage|p2a: Zekrom|189/259|[from] confusion\n|move|p1a: Brute Bonnet|Close Combat|p2a: Zekrom\n|-damage|p2a: Zekrom|104/259\n|-unboost|p1a: Brute Bonnet|def|1\n|-unboost|p1a: Brute Bonnet|spd|1\n|\n|-heal|p2a: Zekrom|120/259|[from] item: Leftovers\n|-fieldend|move: Electric Terrain\n|upkeep\n|turn|29\n|\n|t:|1732977251\n|-activate|p2a: Zekrom|confusion\n|move|p2a: Zekrom|Bolt Strike|p1a: Brute Bonnet\n|-resisted|p1a: Brute Bonnet\n|-damage|p1a: Brute Bonnet|0 fnt\n|faint|p1a: Brute Bonnet\n|-end|p1a: Brute Bonnet|Protosynthesis|[silent]\n|\n|-heal|p2a: Zekrom|136/259|[from] item: Leftovers\n|upkeep\n|\n|t:|1732977254\n|switch|p1a: Lunala|Lunala, L70|308/308\n|turn|30\n|\n|t:|1732977258\n|-activate|p2a: Zekrom|confusion\n|move|p2a: Zekrom|Bolt Strike|p1a: Lunala\n|-damage|p1a: Lunala|132/308\n|move|p1a: Lunala|Moongeist Beam|p2a: Zekrom\n|-damage|p2a: Zekrom|21/259\n|\n|-heal|p2a: Zekrom|37/259|[from] item: Leftovers\n|-heal|p1a: Lunala|151/308|[from] item: Leftovers\n|upkeep\n|turn|31\n|\n|t:|1732977263\n|-end|p2a: Zekrom|confusion\n|move|p2a: Zekrom|Outrage|p1a: Lunala\n|-damage|p1a: Lunala|0 fnt\n|faint|p1a: Lunala\n|\n|win|Nomimom\n|raw|Carole Basculin's rating: 2073 &rarr; <strong>2052</strong><br />(-21 for losing)\n|raw|Nomimom's rating: 2058 &rarr; <strong>2079</strong><br />(+21 for winning)\n", "inputlog": ">version b107d77f5c90bd6555267ae244a6264823309ead\n>start {\"formatid\":\"gen9randombattle\",\"seed\":[43347,17438,20081,60844],\"rated\":\"Rated battle\"}\n>player p1 {\"name\":\"Carole Basculin\",\"avatar\":\"caitlin\",\"rating\":2073,\"seed\":[22518,51667,21851,59323]}\n>player p2 {\"name\":\"Nomimom\",\"avatar\":\"170\",\"rating\":2039,\"seed\":[23007,54483,36124,56357]}\n>p1 move sleeppowder\n>p2 switch 2\n>p1 move sludgewave\n>p2 move revelationdance\n>p1 switch 4\n>p2 move roost\n>p1 move calmmind\n>p2 switch 5\n>p1 move drainingkiss\n>p2 switch 6\n>p1 switch 2\n>p2 move trick\n>p1 move seedbomb\n>p2 switch 2\n>p1 switch 2\n>p2 move avalanche\n>p1 move calmmind\n>p2 switch 2\n>p1 move calmmind\n>p2 move shadowball\n>p1 move drainingkiss\n>p2 move shadowball\n>p1 switch 3\n>p1 move bugbuzz\n>p2 move psychic\n>p1 move bugbuzz\n>p2 move psychic\n>p2 switch 4\n>p1 move terablast terastallize\n>p2 move swordsdance\n>p1 move bugbuzz\n>p2 move accelerock\n>p2 switch 2\n>p1 move terablast\n>p2 move avalanche\n>p1 switch 4\n>p1 move quiverdance\n>p2 switch 5\n>p1 move sludgewave\n>p2 move roost terastallize\n>p2 switch 6\n>p1 move sleeppowder\n>p2 move stoneedge\n>p1 move bugbuzz\n>p2 move stoneedge\n>p1 switch 6\n>p1 move moongeistbeam\n>p2 move stoneedge\n>p2 switch 3\n>p1 switch 2\n>p2 move dragondance\n>p1 move spore\n>p2 move dragondance\n>p1 switch 5\n>p2 move dragondance\n>p1 move dracometeor\n>p2 move substitute\n>p1 move dracometeor\n>p2 move outrage\n>p1 switch 2\n>p1 switch 5\n>p2 move outrage\n>p1 move closecombat\n>p2 move boltstrike\n>p1 move closecombat\n>p2 move boltstrike\n>p1 switch 5\n>p1 move moongeistbeam\n>p2 move boltstrike\n>p1 move moongeistbeam\n>p2 move outrage", "uploadtime": 1732977264, "views": 10, "formatid": "gen9randombattle", "rating": 2052, "private": 0, "password": null}