{"id": "gen9randombattle-2253831941", "format": "[Gen 9] Random Battle", "players": ["Haviiii", "Guildartsz"], "log": "|j|\u2606Haviiii\n|j|\u2606Guildartsz\n|t:|1732945263\n|gametype|singles\n|player|p1|Haviiii|unknown|1061\n|player|p2|Guildartsz|101|1084\n|teamsize|p1|6\n|teamsize|p2|6\n|gen|9\n|tier|[Gen 9] Random Battle\n|rated|\n|rule|Species Clause: Limit one of each Pok\u00e9mon\n|rule|HP Percentage Mod: HP is shown in percentages\n|rule|Sleep Clause Mod: Limit one foe put to sleep\n|rule|Illusion Level Mod: Illusion disguises the Pok\u00e9mon's true level\n|\n|t:|1732945263\n|start\n|switch|p1a: Mabosstiff|Mabosstiff, L86, M|278/278\n|switch|p2a: Banette|Banette, L93, M|270/270\n|-item|p1a: Mabosstiff|Choice Scarf|[from] ability: Frisk|[of] p2a: Banette\n|turn|1\n|inactive|Battle timer is ON: inactive players will automatically lose when time's up. (requested by Guildartsz)\n|\n|t:|1732945279\n|switch|p2a: Hitmonchan|Hitmonchan, L87, M|229/229\n|move|p1a: Mabosstiff|Crunch|p2a: Hitmonchan\n|-resisted|p2a: Hitmonchan\n|-damage|p2a: Hitmonchan|110/229\n|\n|-heal|p2a: Hitmonchan|124/229|[from] item: Leftovers\n|upkeep\n|turn|2\n|inactive|Haviiii has 120 seconds left.\n|\n|t:|1732945313\n|switch|p1a: Meowstic|Meowstic, L89, M|277/277\n|move|p2a: Hitmonchan|Rapid Spin|p1a: Meowstic\n|-damage|p1a: Meowstic|238/277\n|-boost|p2a: Hitmonchan|spe|1\n|\n|-heal|p2a: Hitmonchan|138/229|[from] item: Leftovers\n|-heal|p1a: Meowstic|255/277|[from] item: Leftovers\n|upkeep\n|turn|3\n|inactive|Haviiii has 120 seconds left.\n|\n|t:|1732945342\n|move|p1a: Meowstic|Yawn|p2a: Hitmonchan\n|-start|p2a: Hitmonchan|move: Yawn|[of] p1a: Meowstic\n|move|p2a: Hitmonchan|Knock Off|p1a: Meowstic\n|-supereffective|p1a: Meowstic\n|-damage|p1a: Meowstic|101/277\n|-enditem|p1a: Meowstic|Leftovers|[from] move: Knock Off|[of] p2a: Hitmonchan\n|\n|-heal|p2a: Hitmonchan|152/229|[from] item: Leftovers\n|upkeep\n|turn|4\n|\n|t:|1732945360\n|switch|p2a: Banette|Banette, L93, M|270/270\n|switch|p1a: Electivire|Electivire, L84, F|263/263\n|\n|upkeep\n|turn|5\n|\n|t:|1732945368\n|move|p1a: Electivire|Knock Off|p2a: Banette\n|-supereffective|p2a: Banette\n|-damage|p2a: Banette|44/270\n|-enditem|p2a: Banette|Life Orb|[from] move: Knock Off|[of] p1a: Electivire\n|-damage|p1a: Electivire|237/263|[from] item: Life Orb\n|move|p2a: Banette|Poltergeist|p1a: Electivire\n|-activate|p1a: Electivire|move: Poltergeist|Life Orb\n|-damage|p1a: Electivire|39/263\n|\n|upkeep\n|turn|6\n|\n|t:|1732945380\n|move|p2a: Banette|Shadow Sneak|p1a: Electivire\n|-damage|p1a: Electivire|0 fnt\n|faint|p1a: Electivire\n|\n|upkeep\n|\n|t:|1732945389\n|switch|p1a: Meowstic|Meowstic, L89, M|101/277\n|turn|7\n|\n|t:|1732945405\n|move|p1a: Meowstic|Thunder Wave|p2a: Banette\n|-status|p2a: Banette|par\n|cant|p2a: Banette|par\n|\n|upkeep\n|turn|8\n|inactive|Haviiii has 120 seconds left.\n|\n|t:|1732945418\n|move|p2a: Banette|Shadow Sneak|p1a: Meowstic\n|-supereffective|p1a: Meowstic\n|-damage|p1a: Meowstic|0 fnt\n|faint|p1a: Meowstic\n|\n|upkeep\n|\n|t:|1732945422\n|switch|p1a: Darkrai|Darkrai, L77|234/234\n|turn|9\n|\n|t:|1732945428\n|move|p1a: Darkrai|Nasty Plot|p1a: Darkrai\n|-boost|p1a: Darkrai|spa|2\n|cant|p2a: Banette|par\n|\n|upkeep\n|turn|10\n|\n|t:|1732945434\n|move|p1a: Darkrai|Dark Pulse|p2a: Banette\n|-supereffective|p2a: Banette\n|-damage|p2a: Banette|0 fnt\n|faint|p2a: Banette\n|\n|upkeep\n|\n|t:|1732945437\n|switch|p2a: Hitmonchan|Hitmonchan, L87, M|152/229\n|turn|11\n|\n|t:|1732945444\n|-terastallize|p1a: Darkrai|Poison\n|move|p1a: Darkrai|Sludge Bomb|p2a: Hitmonchan\n|-damage|p2a: Hitmonchan|0 fnt\n|faint|p2a: Hitmonchan\n|\n|upkeep\n|\n|t:|1732945471\n|switch|p2a: Greedent|Greedent, L86, M|347/347\n|turn|12\n|\n|t:|1732945481\n|move|p1a: Darkrai|Nasty Plot|p1a: Darkrai\n|-boost|p1a: Darkrai|spa|2\n|move|p2a: Greedent|Earthquake|p1a: Darkrai\n|-supereffective|p1a: Darkrai\n|-damage|p1a: Darkrai|74/234\n|\n|-heal|p1a: Darkrai|88/234|[from] item: Leftovers\n|upkeep\n|turn|13\n|\n|t:|1732945496\n|move|p1a: Darkrai|Sludge Bomb|p2a: Greedent\n|-damage|p2a: Greedent|1/347\n|-enditem|p2a: Greedent|Sitrus Berry|[eat]\n|-heal|p2a: Greedent|87/347|[from] item: Sitrus Berry\n|-heal|p2a: Greedent|202/347|[from] ability: Cheek Pouch\n|move|p2a: Greedent|Earthquake|p1a: Darkrai\n|-supereffective|p1a: Darkrai\n|-damage|p1a: Darkrai|0 fnt\n|faint|p1a: Darkrai\n|\n|upkeep\n|\n|t:|1732945505\n|switch|p1a: Volbeat|Volbeat, L90, M|263/263\n|turn|14\n|\n|t:|1732945514\n|move|p1a: Volbeat|U-turn|p2a: Greedent\n|-damage|p2a: Greedent|135/347\n|\n|t:|1732945536\n|switch|p1a: Crabominable|Crabominable, L90, M|321/321|[from] U-turn\n|move|p2a: Greedent|Body Slam|p1a: Crabominable\n|-damage|p1a: Crabominable|218/321\n|-status|p1a: Crabominable|par\n|\n|upkeep\n|turn|15\n|\n|t:|1732945553\n|move|p2a: Greedent|Knock Off|p1a: Crabominable\n|-resisted|p1a: Crabominable\n|-damage|p1a: Crabominable|182/321 par\n|-enditem|p1a: Crabominable|Choice Band|[from] move: Knock Off|[of] p2a: Greedent\n|move|p1a: Crabominable|Close Combat|p2a: Greedent\n|-supereffective|p2a: Greedent\n|-damage|p2a: Greedent|0 fnt\n|-unboost|p1a: Crabominable|def|1\n|-unboost|p1a: Crabominable|spd|1\n|faint|p2a: Greedent\n|\n|upkeep\n|\n|t:|1732945565\n|switch|p2a: Zapdos|Zapdos-Galar, L77|265/265\n|turn|16\n|\n|t:|1732945574\n|move|p2a: Zapdos|Brave Bird|p1a: Crabominable\n|-supereffective|p1a: Crabominable\n|-damage|p1a: Crabominable|0 fnt\n|faint|p1a: Crabominable\n|-damage|p2a: Zapdos|205/265|[from] Recoil\n|-damage|p2a: Zapdos|179/265|[from] item: Life Orb\n|\n|upkeep\n|\n|t:|1732945580\n|switch|p1a: Volbeat|Volbeat, L90, M|263/263\n|turn|17\n|\n|t:|1732945589\n|switch|p2a: Garchomp|Garchomp, L74, F|282/282\n|move|p1a: Volbeat|Thunder Wave|p2a: Garchomp\n|-immune|p2a: Garchomp\n|\n|upkeep\n|turn|18\n|\n|t:|1732945601\n|move|p1a: Volbeat|U-turn|p2a: Garchomp\n|-damage|p2a: Garchomp|204/282\n|-damage|p1a: Volbeat|231/263|[from] ability: Rough Skin|[of] p2a: Garchomp\n|\n|t:|1732945605\n|switch|p1a: Mabosstiff|Mabosstiff, L86, M|278/278|[from] U-turn\n|move|p2a: Garchomp|Swords Dance|p2a: Garchomp\n|-boost|p2a: Garchomp|atk|2\n|\n|upkeep\n|turn|19\n|\n|t:|1732945629\n|move|p1a: Mabosstiff|Play Rough|p2a: Garchomp\n|-supereffective|p2a: Garchomp\n|-damage|p2a: Garchomp|34/282\n|-damage|p1a: Mabosstiff|244/278|[from] ability: Rough Skin|[of] p2a: Garchomp\n|move|p2a: Garchomp|Earthquake|p1a: Mabosstiff\n|-damage|p1a: Mabosstiff|40/278\n|\n|upkeep\n|turn|20\n|\n|t:|1732945638\n|move|p1a: Mabosstiff|Play Rough|p2a: Garchomp\n|-supereffective|p2a: Garchomp\n|-damage|p2a: Garchomp|0 fnt\n|-damage|p1a: Mabosstiff|6/278|[from] ability: Rough Skin|[of] p2a: Garchomp\n|faint|p2a: Garchomp\n|\n|upkeep\n|\n|t:|1732945652\n|switch|p2a: Zapdos|Zapdos-Galar, L77|179/265\n|turn|21\n|\n|t:|1732945657\n|move|p1a: Mabosstiff|Play Rough|p2a: Zapdos|[miss]\n|-miss|p1a: Mabosstiff|p2a: Zapdos\n|move|p2a: Zapdos|Brave Bird|p1a: Mabosstiff\n|-damage|p1a: Mabosstiff|0 fnt\n|faint|p1a: Mabosstiff\n|-damage|p2a: Zapdos|177/265|[from] Recoil\n|-damage|p2a: Zapdos|151/265|[from] item: Life Orb\n|\n|upkeep\n|\n|t:|1732945660\n|switch|p1a: Volbeat|Volbeat, L90, M|231/263\n|turn|22\n|\n|t:|1732945666\n|move|p1a: Volbeat|Thunder Wave|p2a: Zapdos\n|-status|p2a: Zapdos|par\n|move|p2a: Zapdos|Bulk Up|p2a: Zapdos\n|-boost|p2a: Zapdos|atk|1\n|-boost|p2a: Zapdos|def|1\n|\n|upkeep\n|turn|23\n|\n|t:|1732945677\n|move|p1a: Volbeat|Encore|p2a: Zapdos\n|-start|p2a: Zapdos|Encore\n|move|p2a: Zapdos|Bulk Up|p2a: Zapdos\n|-boost|p2a: Zapdos|atk|1\n|-boost|p2a: Zapdos|def|1\n|\n|upkeep\n|turn|24\n|\n|t:|1732945699\n|move|p1a: Volbeat|U-turn|p2a: Zapdos\n|-resisted|p2a: Zapdos\n|-damage|p2a: Zapdos|142/265 par\n|move|p2a: Zapdos|Bulk Up|p2a: Zapdos\n|-boost|p2a: Zapdos|atk|1\n|-boost|p2a: Zapdos|def|1\n|\n|upkeep\n|turn|25\n|\n|t:|1732945721\n|move|p1a: Volbeat|U-turn|p2a: Zapdos\n|-resisted|p2a: Zapdos\n|-damage|p2a: Zapdos|134/265 par\n|move|p2a: Zapdos|Bulk Up|p2a: Zapdos\n|-boost|p2a: Zapdos|atk|1\n|-boost|p2a: Zapdos|def|1\n|\n|-end|p2a: Zapdos|Encore\n|upkeep\n|turn|26\n|inactive|Haviiii has 120 seconds left.\n|\n|t:|1732945757\n|move|p1a: Volbeat|Encore|p2a: Zapdos\n|-start|p2a: Zapdos|Encore\n|cant|p2a: Zapdos|par\n|\n|upkeep\n|turn|27\n|\n|t:|1732945768\n|move|p1a: Volbeat|U-turn|p2a: Zapdos\n|-resisted|p2a: Zapdos\n|-damage|p2a: Zapdos|128/265 par\n|cant|p2a: Zapdos|par\n|\n|upkeep\n|turn|28\n|\n|t:|1732945775\n|move|p1a: Volbeat|U-turn|p2a: Zapdos\n|-resisted|p2a: Zapdos\n|-damage|p2a: Zapdos|121/265 par\n|cant|p2a: Zapdos|par\n|\n|-end|p2a: Zapdos|Encore\n|upkeep\n|turn|29\n|\n|t:|1732945782\n|move|p1a: Volbeat|Encore|p2a: Zapdos\n|-start|p2a: Zapdos|Encore\n|move|p2a: Zapdos|Bulk Up|p2a: Zapdos\n|-boost|p2a: Zapdos|atk|1\n|-boost|p2a: Zapdos|def|1\n|\n|upkeep\n|turn|30\n|inactive|Haviiii has 120 seconds left.\n|\n|t:|1732945790\n|move|p1a: Volbeat|U-turn|p2a: Zapdos\n|-resisted|p2a: Zapdos\n|-damage|p2a: Zapdos|116/265 par\n|move|p2a: Zapdos|Bulk Up|p2a: Zapdos\n|-boost|p2a: Zapdos|atk|1\n|-boost|p2a: Zapdos|def|1\n|\n|upkeep\n|turn|31\n|\n|t:|1732945798\n|move|p1a: Volbeat|U-turn|p2a: Zapdos\n|-resisted|p2a: Zapdos\n|-damage|p2a: Zapdos|111/265 par\n|move|p2a: Zapdos|Bulk Up|p2a: Zapdos\n|-boost|p2a: Zapdos|atk|0\n|-boost|p2a: Zapdos|def|0\n|\n|-end|p2a: Zapdos|Encore\n|upkeep\n|turn|32\n|\n|t:|1732945817\n|move|p1a: Volbeat|Encore|p2a: Zapdos\n|-start|p2a: Zapdos|Encore\n|move|p2a: Zapdos|Bulk Up|p2a: Zapdos\n|-boost|p2a: Zapdos|atk|0\n|-boost|p2a: Zapdos|def|0\n|\n|upkeep\n|turn|33\n|\n|t:|1732945825\n|move|p1a: Volbeat|U-turn|p2a: Zapdos\n|-resisted|p2a: Zapdos\n|-damage|p2a: Zapdos|107/265 par\n|move|p2a: Zapdos|Bulk Up|p2a: Zapdos\n|-boost|p2a: Zapdos|atk|0\n|-boost|p2a: Zapdos|def|0\n|\n|upkeep\n|turn|34\n|\n|t:|1732945844\n|move|p1a: Volbeat|U-turn|p2a: Zapdos\n|-resisted|p2a: Zapdos\n|-damage|p2a: Zapdos|103/265 par\n|move|p2a: Zapdos|Bulk Up|p2a: Zapdos\n|-boost|p2a: Zapdos|atk|0\n|-boost|p2a: Zapdos|def|0\n|\n|-end|p2a: Zapdos|Encore\n|upkeep\n|turn|35\n|\n|t:|1732945857\n|move|p1a: Volbeat|Encore|p2a: Zapdos\n|-start|p2a: Zapdos|Encore\n|move|p2a: Zapdos|Bulk Up|p2a: Zapdos\n|-boost|p2a: Zapdos|atk|0\n|-boost|p2a: Zapdos|def|0\n|\n|upkeep\n|turn|36\n|\n|t:|1732945864\n|move|p1a: Volbeat|U-turn|p2a: Zapdos\n|-resisted|p2a: Zapdos\n|-damage|p2a: Zapdos|99/265 par\n|cant|p2a: Zapdos|par\n|\n|upkeep\n|turn|37\n|\n|t:|1732945880\n|move|p1a: Volbeat|U-turn|p2a: Zapdos\n|-resisted|p2a: Zapdos\n|-crit|p2a: Zapdos\n|-damage|p2a: Zapdos|71/265 par\n|move|p2a: Zapdos|Bulk Up|p2a: Zapdos\n|-boost|p2a: Zapdos|atk|0\n|-boost|p2a: Zapdos|def|0\n|\n|-end|p2a: Zapdos|Encore\n|upkeep\n|turn|38\n|\n|t:|1732945894\n|switch|p2a: Qwilfish|Qwilfish, L86, M|252/252\n|-ability|p2a: Qwilfish|Intimidate|boost\n|-unboost|p1a: Volbeat|atk|1\n|move|p1a: Volbeat|Encore||[still]\n|-fail|p1a: Volbeat\n|\n|upkeep\n|turn|39\n|\n|t:|1732945903\n|move|p1a: Volbeat|Thunder Wave|p2a: Qwilfish\n|-status|p2a: Qwilfish|par\n|move|p2a: Qwilfish|Toxic|p1a: Volbeat\n|-status|p1a: Volbeat|tox\n|\n|-damage|p1a: Volbeat|215/263 tox|[from] psn\n|upkeep\n|turn|40\n|\n|t:|1732945911\n|move|p1a: Volbeat|U-turn|p2a: Qwilfish\n|-resisted|p2a: Qwilfish\n|-damage|p2a: Qwilfish|229/252 par\n|cant|p2a: Qwilfish|par\n|\n|-damage|p1a: Volbeat|183/263 tox|[from] psn\n|upkeep\n|turn|41\n|\n|t:|1732945915\n|switch|p2a: Zapdos|Zapdos-Galar, L77|71/265 par\n|move|p1a: Volbeat|Encore||[still]\n|-fail|p1a: Volbeat\n|\n|-damage|p1a: Volbeat|135/263 tox|[from] psn\n|upkeep\n|turn|42\n|\n|t:|1732945921\n|move|p1a: Volbeat|U-turn|p2a: Zapdos\n|-resisted|p2a: Zapdos\n|-damage|p2a: Zapdos|58/265 par\n|cant|p2a: Zapdos|par\n|\n|-damage|p1a: Volbeat|71/263 tox|[from] psn\n|upkeep\n|turn|43\n|\n|t:|1732945926\n|move|p1a: Volbeat|Encore||[still]\n|-fail|p1a: Volbeat\n|move|p2a: Zapdos|Bulk Up|p2a: Zapdos\n|-boost|p2a: Zapdos|atk|1\n|-boost|p2a: Zapdos|def|1\n|\n|-damage|p1a: Volbeat|0 fnt|[from] psn\n|faint|p1a: Volbeat\n|\n|win|Guildartsz\n|upkeep\n|raw|Haviiii's rating: 1061 &rarr; <strong>1043</strong><br />(-18 for losing)\n|raw|Guildartsz's rating: 1084 &rarr; <strong>1110</strong><br />(+26 for winning)\n", "inputlog": ">version b107d77f5c90bd6555267ae244a6264823309ead\n>start {\"formatid\":\"gen9randombattle\",\"seed\":[64874,3590,11158,28960],\"rated\":\"Rated battle\"}\n>player p1 {\"name\":\"Haviiii\",\"avatar\":\"unknown\",\"rating\":1061,\"seed\":[46359,44142,65326,56377]}\n>player p2 {\"name\":\"Guildartsz\",\"avatar\":\"101\",\"rating\":1084,\"seed\":[53789,40533,34779,53822]}\n>p1 move crunch\n>p2 switch 6\n>p1 switch 5\n>p2 move rapidspin\n>p1 move yawn\n>p2 move knockoff\n>p1 switch 3\n>p2 switch 6\n>p1 move knockoff\n>p2 move poltergeist\n>p1 move knockoff\n>p2 move shadowsneak\n>p1 switch 3\n>p1 move thunderwave\n>p2 move shadowsneak\n>p1 move alluringvoice\n>p2 move shadowsneak\n>p1 switch 4\n>p1 move nastyplot\n>p2 move thunderwave\n>p1 move darkpulse\n>p2 move thunderwave\n>p2 switch 6\n>p1 move sludgebomb terastallize\n>p2 move rapidspin\n>p2 switch 4\n>p1 move nastyplot\n>p2 move earthquake\n>p1 move sludgebomb\n>p2 move earthquake\n>p1 switch 6\n>p1 move uturn\n>p2 move bodyslam\n>p1 switch 2\n>p1 move closecombat\n>p2 move knockoff\n>p2 switch 3\n>p1 move icehammer\n>p2 move bravebird\n>p1 switch 2\n>p1 move thunderwave\n>p2 switch 2\n>p1 move uturn\n>p2 move swordsdance\n>p1 switch 5\n>p1 move playrough\n>p2 move earthquake\n>p1 move playrough\n>p2 move scaleshot\n>p2 switch 2\n>p1 move playrough\n>p2 move bravebird\n>p1 switch 5\n>p1 move thunderwave\n>p2 move bulkup\n>p1 move encore\n>p2 move bravebird\n>p1 move uturn\n>p2 move bulkup\n>p1 move uturn\n>p2 move bulkup\n>p1 move encore\n>p2 move bravebird\n>p1 move uturn\n>p2 move bulkup\n>p1 move uturn\n>p2 move bulkup\n>p1 move encore\n>p2 move bravebird\n>p1 move uturn\n>p2 move bulkup\n>p1 move uturn\n>p2 move bulkup\n>p1 move encore\n>p2 move bravebird\n>p1 move uturn\n>p2 move bulkup\n>p1 move uturn\n>p2 move bulkup\n>p1 move encore\n>p2 move bravebird\n>p1 move uturn\n>p2 move bulkup\n>p1 move uturn\n>p2 move bulkup\n>p1 move encore\n>p2 switch 5\n>p1 move thunderwave\n>p2 move toxic\n>p1 move uturn\n>p2 move flipturn\n>p1 move encore\n>p2 switch 5\n>p1 move uturn\n>p2 move bulkup\n>p1 move encore\n>p2 move bulkup", "uploadtime": 1732945934, "views": 17, "formatid": "gen9randombattle", "rating": 1043, "private": 0, "password": null}