{"id": "gen9randombattle-2254044138", "format": "[Gen 9] Random Battle", "players": ["trhooosjid", "xndgoat"], "log": "|j|\u2606trhooosjid\n|j|\u2606xndgoat\n|t:|1732984190\n|gametype|singles\n|player|p1|trhooosjid|1|1000\n|player|p2|xndgoat|supernerd|1045\n|teamsize|p1|6\n|teamsize|p2|6\n|gen|9\n|tier|[Gen 9] Random Battle\n|rated|\n|rule|Species Clause: Limit one of each Pok\u00e9mon\n|rule|HP Percentage Mod: HP is shown in percentages\n|rule|Sleep Clause Mod: Limit one foe put to sleep\n|rule|Illusion Level Mod: Illusion disguises the Pok\u00e9mon's true level\n|\n|t:|1732984190\n|start\n|switch|p1a: Perrserker|Perrserker, L89, M|269/269\n|switch|p2a: Krookodile|Krookodile, L80, M|283/283\n|-ability|p2a: Krookodile|Intimidate|boost\n|-unboost|p1a: Perrserker|atk|1\n|turn|1\n|\n|t:|1732984218\n|move|p2a: Krookodile|Knock Off|p1a: Perrserker\n|-damage|p1a: Perrserker|144/269\n|-enditem|p1a: Perrserker|Life Orb|[from] move: Knock Off|[of] p2a: Krookodile\n|-damage|p2a: Krookodile|255/283|[from] item: Life Orb\n|move|p1a: Perrserker|Close Combat|p2a: Krookodile\n|-supereffective|p2a: Krookodile\n|-damage|p2a: Krookodile|49/283\n|-unboost|p1a: Perrserker|def|1\n|-unboost|p1a: Perrserker|spd|1\n|\n|upkeep\n|turn|2\n|\n|t:|1732984238\n|-terastallize|p1a: Perrserker|Fighting\n|move|p2a: Krookodile|Earthquake|p1a: Perrserker\n|-damage|p1a: Perrserker|0 fnt\n|faint|p1a: Perrserker\n|-damage|p2a: Krookodile|21/283|[from] item: Life Orb\n|\n|upkeep\n|\n|t:|1732984246\n|switch|p1a: Fezandipiti|Fezandipiti, L82, M|278/278\n|turn|3\n|\n|t:|1732984253\n|move|p1a: Fezandipiti|Gunk Shot|p2a: Krookodile\n|-resisted|p2a: Krookodile\n|-damage|p2a: Krookodile|0 fnt\n|faint|p2a: Krookodile\n|\n|upkeep\n|\n|t:|1732984279\n|switch|p2a: Iron Jugulis|Iron Jugulis, L78|275/275\n|turn|4\n|\n|t:|1732984296\n|move|p2a: Iron Jugulis|Hurricane|p1a: Fezandipiti\n|-damage|p1a: Fezandipiti|148/278\n|-start|p1a: Fezandipiti|confusion\n|-activate|p1a: Fezandipiti|confusion\n|-damage|p1a: Fezandipiti|119/278|[from] confusion\n|\n|-heal|p1a: Fezandipiti|136/278|[from] item: Leftovers\n|upkeep\n|turn|5\n|\n|t:|1732984313\n|-end|p2a: Iron Jugulis|Quark Drive|[silent]\n|switch|p2a: Dugtrio|Dugtrio-Alola, L84, F|196/196\n|-activate|p1a: Fezandipiti|confusion\n|move|p1a: Fezandipiti|Gunk Shot|p2a: Dugtrio\n|-immune|p2a: Dugtrio\n|\n|-heal|p1a: Fezandipiti|153/278|[from] item: Leftovers\n|upkeep\n|turn|6\n|\n|t:|1732984326\n|switch|p1a: Luvdisc|Luvdisc, F|247/247\n|move|p2a: Dugtrio|Stealth Rock|p1a: Luvdisc\n|-sidestart|p1: trhooosjid|move: Stealth Rock\n|\n|upkeep\n|turn|7\n|\n|t:|1732984353\n|switch|p2a: Greedent|Greedent, L86, M|347/347\n|move|p1a: Luvdisc|Endeavor|p2a: Greedent\n|-damage|p2a: Greedent|247/347\n|\n|upkeep\n|turn|8\n|\n|t:|1732984361\n|move|p1a: Luvdisc|Surf|p2a: Greedent\n|-damage|p2a: Greedent|165/347\n|-enditem|p2a: Greedent|Sitrus Berry|[eat]\n|-heal|p2a: Greedent|251/347|[from] item: Sitrus Berry\n|-heal|p2a: Greedent|347/347|[from] ability: Cheek Pouch\n|move|p2a: Greedent|Knock Off|p1a: Luvdisc\n|-damage|p1a: Luvdisc|159/247\n|-enditem|p1a: Luvdisc|Heavy-Duty Boots|[from] move: Knock Off|[of] p2a: Greedent\n|\n|upkeep\n|turn|9\n|\n|t:|1732984376\n|switch|p1a: Reshiram|Reshiram, L76|277/277\n|-ability|p1a: Reshiram|Turboblaze\n|move|p2a: Greedent|Body Slam|p1a: Reshiram\n|-damage|p1a: Reshiram|186/277\n|-status|p1a: Reshiram|par\n|\n|upkeep\n|turn|10\n|\n|t:|1732984389\n|move|p1a: Reshiram|Draco Meteor|p2a: Greedent\n|-damage|p2a: Greedent|170/347\n|-unboost|p1a: Reshiram|spa|2\n|move|p2a: Greedent|Knock Off|p1a: Reshiram\n|-damage|p1a: Reshiram|109/277 par\n|-enditem|p1a: Reshiram|Heavy-Duty Boots|[from] move: Knock Off|[of] p2a: Greedent\n|\n|upkeep\n|turn|11\n|\n|t:|1732984401\n|move|p1a: Reshiram|Draco Meteor|p2a: Greedent\n|-damage|p2a: Greedent|79/347\n|-unboost|p1a: Reshiram|spa|2\n|move|p2a: Greedent|Body Slam|p1a: Reshiram\n|-damage|p1a: Reshiram|7/277 par\n|\n|upkeep\n|turn|12\n|\n|t:|1732984414\n|move|p1a: Reshiram|Earth Power|p2a: Greedent\n|-damage|p2a: Greedent|53/347\n|move|p2a: Greedent|Knock Off|p1a: Reshiram\n|-damage|p1a: Reshiram|0 fnt\n|faint|p1a: Reshiram\n|\n|upkeep\n|\n|t:|1732984422\n|switch|p1a: Amoonguss|Amoonguss, L82, M|321/321\n|-damage|p1a: Amoonguss|281/321|[from] Stealth Rock\n|turn|13\n|\n|t:|1732984429\n|move|p1a: Amoonguss|Giga Drain|p2a: Greedent\n|-damage|p2a: Greedent|0 fnt\n|-heal|p1a: Amoonguss|308/321|[from] drain|[of] p2a: Greedent\n|faint|p2a: Greedent\n|\n|upkeep\n|\n|t:|1732984446\n|switch|p2a: Ho-Oh|Ho-Oh, L71|268/268\n|turn|14\n|\n|t:|1732984491\n|move|p2a: Ho-Oh|Sacred Fire|p1a: Amoonguss\n|-supereffective|p1a: Amoonguss\n|-damage|p1a: Amoonguss|86/321\n|move|p1a: Amoonguss|Sludge Bomb|p2a: Ho-Oh\n|-damage|p2a: Ho-Oh|205/268\n|\n|upkeep\n|turn|15\n|\n|t:|1732984513\n|move|p2a: Ho-Oh|Sacred Fire|p1a: Amoonguss\n|-supereffective|p1a: Amoonguss\n|-damage|p1a: Amoonguss|0 fnt\n|faint|p1a: Amoonguss\n|\n|upkeep\n|\n|t:|1732984519\n|switch|p1a: Banette|Banette, L93, F|270/270\n|-damage|p1a: Banette|237/270|[from] Stealth Rock\n|turn|16\n|\n|t:|1732984549\n|move|p1a: Banette|Gunk Shot|p2a: Ho-Oh\n|-damage|p2a: Ho-Oh|23/268\n|-damage|p1a: Banette|210/270|[from] item: Life Orb\n|move|p2a: Ho-Oh|Recover|p2a: Ho-Oh\n|-heal|p2a: Ho-Oh|157/268\n|\n|upkeep\n|turn|17\n|\n|t:|1732984557\n|move|p1a: Banette|Gunk Shot|p2a: Ho-Oh\n|-damage|p2a: Ho-Oh|0 fnt\n|faint|p2a: Ho-Oh\n|-damage|p1a: Banette|183/270|[from] item: Life Orb\n|\n|upkeep\n|\n|t:|1732984566\n|switch|p2a: Dugtrio|Dugtrio-Alola, L84, F|196/196\n|turn|18\n|\n|t:|1732984575\n|move|p2a: Dugtrio|Iron Head|p1a: Banette\n|-damage|p1a: Banette|54/270\n|-damage|p2a: Dugtrio|177/196|[from] item: Life Orb\n|move|p1a: Banette|Poltergeist|p2a: Dugtrio\n|-activate|p2a: Dugtrio|move: Poltergeist|Life Orb\n|-damage|p2a: Dugtrio|0 fnt\n|faint|p2a: Dugtrio\n|-damage|p1a: Banette|27/270|[from] item: Life Orb\n|\n|upkeep\n|\n|t:|1732984587\n|switch|p2a: Pecharunt|Pecharunt, L77|262/262\n|turn|19\n|\n|t:|1732984594\n|move|p2a: Pecharunt|Recover||[still]\n|-fail|p2a: Pecharunt|heal\n|move|p1a: Banette|Gunk Shot|p2a: Pecharunt\n|-resisted|p2a: Pecharunt\n|-damage|p2a: Pecharunt|237/262\n|-damage|p1a: Banette|0 fnt|[from] item: Life Orb\n|faint|p1a: Banette\n|\n|-heal|p2a: Pecharunt|253/262|[from] item: Leftovers\n|upkeep\n|\n|t:|1732984609\n|switch|p1a: Fezandipiti|Fezandipiti, L82, M|153/278\n|-damage|p1a: Fezandipiti|119/278|[from] Stealth Rock\n|turn|20\n|\n|t:|1732984617\n|move|p1a: Fezandipiti|Tera Blast|p2a: Pecharunt\n|-immune|p2a: Pecharunt\n|move|p2a: Pecharunt|Shadow Ball|p1a: Fezandipiti\n|-damage|p1a: Fezandipiti|70/278\n|-unboost|p1a: Fezandipiti|spd|1\n|\n|-heal|p1a: Fezandipiti|87/278|[from] item: Leftovers\n|-heal|p2a: Pecharunt|262/262|[from] item: Leftovers\n|upkeep\n|turn|21\n|\n|t:|1732984633\n|move|p1a: Fezandipiti|Gunk Shot|p2a: Pecharunt\n|-resisted|p2a: Pecharunt\n|-damage|p2a: Pecharunt|244/262\n|move|p2a: Pecharunt|Malignant Chain|p1a: Fezandipiti\n|-damage|p1a: Fezandipiti|0 fnt\n|faint|p1a: Fezandipiti\n|\n|-heal|p2a: Pecharunt|260/262|[from] item: Leftovers\n|upkeep\n|\n|t:|1732984641\n|switch|p1a: Luvdisc|Luvdisc, F|159/247\n|-damage|p1a: Luvdisc|129/247|[from] Stealth Rock\n|turn|22\n|\n|t:|1732984648\n|move|p1a: Luvdisc|Surf|p2a: Pecharunt\n|-damage|p2a: Pecharunt|176/262\n|move|p2a: Pecharunt|Shadow Ball|p1a: Luvdisc\n|-damage|p1a: Luvdisc|53/247\n|-unboost|p1a: Luvdisc|spd|1\n|\n|-heal|p2a: Pecharunt|192/262|[from] item: Leftovers\n|upkeep\n|turn|23\n|\n|t:|1732984660\n|move|p1a: Luvdisc|Whirlpool|p2a: Pecharunt\n|-damage|p2a: Pecharunt|159/262\n|-activate|p2a: Pecharunt|move: Whirlpool|[of] p1a: Luvdisc\n|move|p2a: Pecharunt|Shadow Ball|p1a: Luvdisc\n|-damage|p1a: Luvdisc|0 fnt\n|faint|p1a: Luvdisc\n|\n|win|xndgoat\n|raw|trhooosjid's rating: 1000 &rarr; <strong>1000</strong><br />(+0 for losing)\n|raw|xndgoat's rating: 1045 &rarr; <strong>1074</strong><br />(+29 for winning)\n|l|\u2606trhooosjid\n|player|p1|\n|c|\u2606xndgoat|Gg\n", "inputlog": ">version b107d77f5c90bd6555267ae244a6264823309ead\n>start {\"formatid\":\"gen9randombattle\",\"seed\":[22161,61643,24860,36560],\"rated\":\"Rated battle\"}\n>player p1 {\"name\":\"trhooosjid\",\"avatar\":\"1\",\"rating\":1000,\"seed\":[30785,45825,664,27461]}\n>player p2 {\"name\":\"xndgoat\",\"avatar\":\"supernerd\",\"rating\":1045,\"seed\":[56960,8698,26922,20329]}\n>p1 move closecombat\n>p2 move knockoff\n>p1 move closecombat terastallize\n>p2 move earthquake\n>p1 switch 4\n>p1 move gunkshot\n>p2 move knockoff\n>p2 switch 6\n>p1 move gunkshot\n>p2 move hurricane\n>p1 move gunkshot\n>p2 switch 3\n>p1 switch 2\n>p2 move stealthrock\n>p1 move endeavor\n>p2 switch 5\n>p1 move surf\n>p2 move knockoff\n>p1 switch 3\n>p2 move bodyslam\n>p1 move dracometeor\n>p2 move knockoff\n>p1 move dracometeor\n>p2 move bodyslam\n>p1 move earthpower\n>p2 move knockoff\n>p1 switch 5\n>p1 move gigadrain\n>p2 move knockoff\n>p2 switch 4\n>p1 move sludgebomb\n>p2 move sacredfire\n>p1 move gigadrain\n>p2 move sacredfire\n>p1 switch 6\n>p1 move gunkshot\n>p2 move recover\n>p1 move gunkshot\n>p2 move sacredfire\n>p2 switch 5\n>p1 move poltergeist\n>p2 move ironhead\n>p2 switch 2\n>p1 move gunkshot\n>p2 move recover\n>p1 switch 2\n>p1 move terablast\n>p2 move shadowball\n>p1 move gunkshot\n>p2 move malignantchain\n>p1 switch 3\n>p1 move surf\n>p2 move shadowball\n>p1 move whirlpool\n>p2 move shadowball", "uploadtime": 1732984677, "views": 7, "formatid": "gen9randombattle", "rating": 1000, "private": 0, "password": null}