{"id": "gen9randombattle-2254122961", "format": "[Gen 9] Random Battle", "players": ["khjio", "rattata21112"], "log": "|j|\u2606khjio\n|j|\u2606rattata21112\n|t:|1732994030\n|gametype|singles\n|player|p1|khjio|2|1672\n|player|p2|rattata21112|170|1706\n|teamsize|p1|6\n|teamsize|p2|6\n|gen|9\n|tier|[Gen 9] Random Battle\n|rated|\n|rule|Species Clause: Limit one of each Pok\u00e9mon\n|rule|HP Percentage Mod: HP is shown in percentages\n|rule|Sleep Clause Mod: Limit one foe put to sleep\n|rule|Illusion Level Mod: Illusion disguises the Pok\u00e9mon's true level\n|\n|t:|1732994030\n|start\n|switch|p1a: Sceptile|Sceptile, L87, M|264/264\n|switch|p2a: Scream Tail|Scream Tail, L84|330/330\n|turn|1\n|inactive|Battle timer is ON: inactive players will automatically lose when time's up. (requested by rattata21112)\n|inactive|khjio has 120 seconds left.\n|inactive|rattata21112 has 120 seconds left.\n|inactive|khjio has 90 seconds left.\n|\n|t:|1732994100\n|switch|p1a: Quagsire|Quagsire, L84, M|297/297\n|move|p2a: Scream Tail|Dazzling Gleam|p1a: Quagsire\n|-damage|p1a: Quagsire|213/297\n|\n|-heal|p1a: Quagsire|231/297|[from] item: Leftovers\n|upkeep\n|turn|2\n|\n|t:|1732994107\n|-end|p2a: Scream Tail|Protosynthesis|[silent]\n|switch|p2a: Espeon|Espeon, L84, F|246/246\n|move|p1a: Quagsire|Toxic|p2a: Espeon\n|move|p2a: Espeon|Toxic|p1a: Quagsire|[from]ability: Magic Bounce|[miss]\n|-miss|p2a: Espeon|p1a: Quagsire\n|\n|-heal|p1a: Quagsire|249/297|[from] item: Leftovers\n|upkeep\n|turn|3\n|\n|t:|1732994120\n|switch|p1a: Snorlax|Snorlax, L82, M|397/397\n|move|p2a: Espeon|Psychic|p1a: Snorlax\n|-damage|p1a: Snorlax|253/397\n|-damage|p2a: Espeon|222/246|[from] item: Life Orb\n|\n|-heal|p1a: Snorlax|277/397|[from] item: Leftovers\n|upkeep\n|turn|4\n|inactive|khjio has 120 seconds left.\n|\n|t:|1732994163\n|switch|p2a: Pawmot|Pawmot, L80, F|243/243\n|move|p1a: Snorlax|Body Slam|p2a: Pawmot\n|-damage|p2a: Pawmot|134/243\n|\n|-heal|p1a: Snorlax|301/397|[from] item: Leftovers\n|upkeep\n|turn|5\n|\n|t:|1732994180\n|switch|p1a: Quagsire|Quagsire, L84, M|249/297\n|move|p2a: Pawmot|Close Combat|p1a: Quagsire\n|-damage|p1a: Quagsire|64/297\n|-unboost|p2a: Pawmot|def|1\n|-unboost|p2a: Pawmot|spd|1\n|-damage|p2a: Pawmot|110/243|[from] item: Life Orb\n|\n|-heal|p1a: Quagsire|82/297|[from] item: Leftovers\n|upkeep\n|turn|6\n|\n|t:|1732994187\n|switch|p1a: Ceruledge|Ceruledge, L78, M|245/245\n|move|p2a: Pawmot|Close Combat|p1a: Ceruledge\n|-immune|p1a: Ceruledge\n|\n|upkeep\n|turn|7\n|\n|t:|1732994197\n|switch|p1a: Venusaur|Venusaur, L84, M|272/272\n|-terastallize|p2a: Pawmot|Electric\n|move|p2a: Pawmot|Double Shock|p1a: Venusaur\n|-resisted|p1a: Venusaur\n|-damage|p1a: Venusaur|151/272\n|-start|p2a: Pawmot|typechange|Electric|[from] move: Double Shock\n|-damage|p2a: Pawmot|86/243|[from] item: Life Orb\n|\n|-heal|p1a: Venusaur|168/272|[from] item: Leftovers\n|upkeep\n|turn|8\n|\n|t:|1732994206\n|move|p2a: Pawmot|Ice Punch|p1a: Venusaur\n|-supereffective|p1a: Venusaur\n|-damage|p1a: Venusaur|2/272\n|-damage|p2a: Pawmot|62/243|[from] item: Life Orb\n|move|p1a: Venusaur|Sludge Bomb|p2a: Pawmot\n|-damage|p2a: Pawmot|0 fnt\n|faint|p2a: Pawmot\n|\n|-heal|p1a: Venusaur|19/272|[from] item: Leftovers\n|upkeep\n|c|\u2606khjio|that was a waste\n|c|\u2606rattata21112|oh\n|\n|t:|1732994222\n|switch|p2a: Rillaboom|Rillaboom, L79, M|288/288\n|-fieldstart|move: Grassy Terrain|[from] ability: Grassy Surge|[of] p2a: Rillaboom\n|turn|9\n|\n|t:|1732994227\n|move|p1a: Venusaur|Sludge Bomb|p2a: Rillaboom\n|-supereffective|p2a: Rillaboom\n|-damage|p2a: Rillaboom|24/288\n|move|p2a: Rillaboom|U-turn|p1a: Venusaur\n|-damage|p1a: Venusaur|0 fnt\n|faint|p1a: Venusaur\n|c|\u2606khjio|that was so dumb\n|n|!rattata21112|rattata21112\n|c|\u2606khjio|do you just want to forfeit now>?\n|\n|t:|1732994248\n|switch|p2a: Noivern|Noivern, L82, M|274/274|[from] U-turn\n|\n|upkeep\n|\n|t:|1732994252\n|switch|p1a: Snorlax|Snorlax, L82, M|301/397\n|turn|10\n|inactive|rattata21112 has 120 seconds left.\n|\n|t:|1732994279\n|move|p2a: Noivern|Hurricane|p1a: Snorlax\n|-damage|p1a: Snorlax|151/397\n|-start|p1a: Snorlax|confusion\n|-activate|p1a: Snorlax|confusion\n|-damage|p1a: Snorlax|115/397|[from] confusion\n|\n|-heal|p1a: Snorlax|139/397|[from] Grassy Terrain\n|-heal|p1a: Snorlax|163/397|[from] item: Leftovers\n|upkeep\n|turn|11\n|\n|t:|1732994284\n|move|p2a: Noivern|Hurricane|p1a: Snorlax|[miss]\n|-miss|p2a: Noivern|p1a: Snorlax\n|-end|p1a: Snorlax|confusion\n|move|p1a: Snorlax|Rest|p1a: Snorlax\n|-status|p1a: Snorlax|slp|[from] move: Rest\n|-heal|p1a: Snorlax|397/397 slp|[silent]\n|\n|upkeep\n|turn|12\n|\n|t:|1732994288\n|switch|p2a: Rillaboom|Rillaboom, L79, M|24/288\n|cant|p1a: Snorlax|slp\n|move|p1a: Snorlax|Sleep Talk|p1a: Snorlax\n|move|p1a: Snorlax|Body Slam|p2a: Rillaboom|[from]move: Sleep Talk\n|-damage|p2a: Rillaboom|0 fnt\n|faint|p2a: Rillaboom\n|\n|upkeep\n|\n|t:|1732994298\n|switch|p2a: Groudon|Groudon, L72|263/263\n|-weather|SunnyDay|[from] ability: Drought|[of] p2a: Groudon\n|turn|13\n|\n|t:|1732994307\n|switch|p1a: Oinkologne|Oinkologne, L92, M|352/352\n|move|p2a: Groudon|Precipice Blades|p1a: Oinkologne\n|-damage|p1a: Oinkologne|217/352\n|\n|-weather|SunnyDay|[upkeep]\n|-heal|p1a: Oinkologne|239/352|[from] Grassy Terrain\n|-heal|p1a: Oinkologne|261/352|[from] item: Leftovers\n|-fieldend|move: Grassy Terrain\n|upkeep\n|turn|14\n|\n|t:|1732994314\n|move|p1a: Oinkologne|Body Slam|p2a: Groudon\n|-damage|p2a: Groudon|179/263\n|-status|p2a: Groudon|par\n|move|p2a: Groudon|Will-O-Wisp|p1a: Oinkologne\n|-status|p1a: Oinkologne|brn\n|\n|-weather|SunnyDay|[upkeep]\n|-heal|p1a: Oinkologne|283/352 brn|[from] item: Leftovers\n|-heal|p2a: Groudon|195/263 par|[from] item: Leftovers\n|-damage|p1a: Oinkologne|261/352 brn|[from] brn\n|upkeep\n|turn|15\n|\n|t:|1732994321\n|move|p1a: Oinkologne|Body Slam|p2a: Groudon\n|-damage|p2a: Groudon|154/263 par\n|move|p2a: Groudon|Heat Crash|p1a: Oinkologne\n|-damage|p1a: Oinkologne|186/352 brn\n|\n|-weather|SunnyDay|[upkeep]\n|-heal|p1a: Oinkologne|208/352 brn|[from] item: Leftovers\n|-heal|p2a: Groudon|170/263 par|[from] item: Leftovers\n|-damage|p1a: Oinkologne|186/352 brn|[from] brn\n|upkeep\n|turn|16\n|inactive|rattata21112 has 120 seconds left.\n|\n|t:|1732994361\n|move|p1a: Oinkologne|Curse|p1a: Oinkologne\n|-unboost|p1a: Oinkologne|spe|1\n|-boost|p1a: Oinkologne|atk|1\n|-boost|p1a: Oinkologne|def|1\n|move|p2a: Groudon|Heat Crash|p1a: Oinkologne\n|-damage|p1a: Oinkologne|138/352 brn\n|\n|-weather|SunnyDay|[upkeep]\n|-heal|p1a: Oinkologne|160/352 brn|[from] item: Leftovers\n|-heal|p2a: Groudon|186/263 par|[from] item: Leftovers\n|-damage|p1a: Oinkologne|138/352 brn|[from] brn\n|upkeep\n|turn|17\n|\n|t:|1732994372\n|move|p1a: Oinkologne|Body Slam|p2a: Groudon\n|-damage|p2a: Groudon|123/263 par\n|move|p2a: Groudon|Heat Crash|p1a: Oinkologne\n|-damage|p1a: Oinkologne|90/352 brn\n|\n|-weather|none\n|-heal|p1a: Oinkologne|112/352 brn|[from] item: Leftovers\n|-heal|p2a: Groudon|139/263 par|[from] item: Leftovers\n|-damage|p1a: Oinkologne|90/352 brn|[from] brn\n|upkeep\n|turn|18\n|\n|t:|1732994376\n|move|p1a: Oinkologne|Body Slam|p2a: Groudon\n|-damage|p2a: Groudon|68/263 par\n|cant|p2a: Groudon|par\n|\n|-heal|p1a: Oinkologne|112/352 brn|[from] item: Leftovers\n|-heal|p2a: Groudon|84/263 par|[from] item: Leftovers\n|-damage|p1a: Oinkologne|90/352 brn|[from] brn\n|upkeep\n|turn|19\n|\n|t:|1732994378\n|move|p1a: Oinkologne|Body Slam|p2a: Groudon\n|-damage|p2a: Groudon|15/263 par\n|cant|p2a: Groudon|par\n|\n|-heal|p1a: Oinkologne|112/352 brn|[from] item: Leftovers\n|-heal|p2a: Groudon|31/263 par|[from] item: Leftovers\n|-damage|p1a: Oinkologne|90/352 brn|[from] brn\n|upkeep\n|turn|20\n|\n|t:|1732994380\n|move|p1a: Oinkologne|Body Slam|p2a: Groudon\n|-damage|p2a: Groudon|0 fnt\n|faint|p2a: Groudon\n|\n|-heal|p1a: Oinkologne|112/352 brn|[from] item: Leftovers\n|-damage|p1a: Oinkologne|90/352 brn|[from] brn\n|upkeep\n|c|\u2606khjio|gg\n|\n|t:|1732994400\n|switch|p2a: Espeon|Espeon, L84, F|222/246\n|turn|21\n|\n|t:|1732994404\n|move|p2a: Espeon|Calm Mind|p2a: Espeon\n|-boost|p2a: Espeon|spa|1\n|-boost|p2a: Espeon|spd|1\n|move|p1a: Oinkologne|Lash Out|p2a: Espeon\n|-supereffective|p2a: Espeon\n|-crit|p2a: Espeon\n|-damage|p2a: Espeon|17/246\n|\n|-heal|p1a: Oinkologne|112/352 brn|[from] item: Leftovers\n|-damage|p1a: Oinkologne|90/352 brn|[from] brn\n|upkeep\n|turn|22\n|\n|t:|1732994409\n|move|p2a: Espeon|Psychic|p1a: Oinkologne\n|-damage|p1a: Oinkologne|0 fnt\n|faint|p1a: Oinkologne\n|-damage|p2a: Espeon|0 fnt|[from] item: Life Orb\n|faint|p2a: Espeon\n|\n|upkeep\n|inactive|khjio has 120 seconds left.\n|\n|t:|1732994447\n|switch|p2a: Noivern|Noivern, L82, M|274/274\n|switch|p1a: Snorlax|Snorlax, L82, M|397/397 slp\n|turn|23\n|\n|t:|1732994451\n|move|p2a: Noivern|Hurricane|p1a: Snorlax\n|-damage|p1a: Snorlax|262/397 slp\n|cant|p1a: Snorlax|slp\n|move|p1a: Snorlax|Sleep Talk|p1a: Snorlax\n|move|p1a: Snorlax|Rest||[from]move: Sleep Talk|[still]\n|-fail|p1a: Snorlax\n|\n|-heal|p1a: Snorlax|286/397 slp|[from] item: Leftovers\n|upkeep\n|turn|24\n|c|\u2606khjio|come on man\n|c|\u2606khjio|let's just move along\n|inactive|khjio has 120 seconds left.\n|\n|t:|1732994466\n|move|p2a: Noivern|Hurricane|p1a: Snorlax\n|-damage|p1a: Snorlax|147/397 slp\n|-start|p1a: Snorlax|confusion\n|-curestatus|p1a: Snorlax|slp|[msg]\n|-activate|p1a: Snorlax|confusion\n|-damage|p1a: Snorlax|112/397|[from] confusion\n|\n|-heal|p1a: Snorlax|136/397|[from] item: Leftovers\n|upkeep\n|turn|25\n|\n|t:|1732994470\n|move|p2a: Noivern|Hurricane|p1a: Snorlax\n|-damage|p1a: Snorlax|3/397\n|-activate|p1a: Snorlax|confusion\n|-damage|p1a: Snorlax|0 fnt|[from] confusion\n|faint|p1a: Snorlax\n|\n|upkeep\n|\n|t:|1732994478\n|switch|p1a: Sceptile|Sceptile, L87, M|264/264\n|turn|26\n|\n|t:|1732994481\n|-terastallize|p1a: Sceptile|Rock\n|move|p1a: Sceptile|Rock Slide|p2a: Noivern\n|-supereffective|p2a: Noivern\n|-crit|p2a: Noivern\n|-damage|p2a: Noivern|0 fnt\n|faint|p2a: Noivern\n|-damage|p1a: Sceptile|238/264|[from] item: Life Orb\n|\n|upkeep\n|\n|t:|1732994483\n|switch|p2a: Scream Tail|Scream Tail, L84|330/330\n|turn|27\n|\n|t:|1732994487\n|move|p1a: Sceptile|Rock Slide|p2a: Scream Tail\n|-damage|p2a: Scream Tail|247/330\n|-damage|p1a: Sceptile|212/264|[from] item: Life Orb\n|move|p2a: Scream Tail|Thunder Wave|p1a: Sceptile\n|-status|p1a: Sceptile|par\n|\n|-heal|p2a: Scream Tail|267/330|[from] item: Leftovers\n|upkeep\n|turn|28\n|\n|t:|1732994501\n|move|p2a: Scream Tail|Wish|p2a: Scream Tail\n|move|p1a: Sceptile|Rock Slide|p2a: Scream Tail\n|-crit|p2a: Scream Tail\n|-damage|p2a: Scream Tail|142/330\n|-damage|p1a: Sceptile|186/264 par|[from] item: Life Orb\n|\n|-heal|p2a: Scream Tail|162/330|[from] item: Leftovers\n|upkeep\n|turn|29\n|\n|t:|1732994504\n|move|p2a: Scream Tail|Dazzling Gleam|p1a: Sceptile\n|-damage|p1a: Sceptile|123/264 par\n|move|p1a: Sceptile|Rock Slide|p2a: Scream Tail|[miss]\n|-miss|p1a: Sceptile|p2a: Scream Tail\n|\n|-heal|p2a: Scream Tail|327/330|[from] move: Wish|[wisher] Scream Tail\n|-heal|p2a: Scream Tail|330/330|[from] item: Leftovers\n|upkeep\n|turn|30\n|\n|t:|1732994511\n|move|p2a: Scream Tail|Wish|p2a: Scream Tail\n|cant|p1a: Sceptile|par\n|\n|upkeep\n|turn|31\n|\n|t:|1732994513\n|move|p2a: Scream Tail|Dazzling Gleam|p1a: Sceptile\n|-damage|p1a: Sceptile|60/264 par\n|move|p1a: Sceptile|Rock Slide|p2a: Scream Tail\n|-damage|p2a: Scream Tail|244/330\n|-damage|p1a: Sceptile|34/264 par|[from] item: Life Orb\n|\n|-heal|p2a: Scream Tail|330/330|[from] move: Wish|[wisher] Scream Tail\n|upkeep\n|turn|32\n|\n|t:|1732994515\n|move|p2a: Scream Tail|Wish|p2a: Scream Tail\n|move|p1a: Sceptile|Rock Slide|p2a: Scream Tail\n|-damage|p2a: Scream Tail|235/330\n|-damage|p1a: Sceptile|8/264 par|[from] item: Life Orb\n|\n|-heal|p2a: Scream Tail|255/330|[from] item: Leftovers\n|upkeep\n|turn|33\n|\n|t:|1732994523\n|move|p2a: Scream Tail|Protect|p2a: Scream Tail\n|-singleturn|p2a: Scream Tail|Protect\n|move|p1a: Sceptile|Rock Slide|p2a: Scream Tail\n|-activate|p2a: Scream Tail|move: Protect\n|\n|-heal|p2a: Scream Tail|330/330|[from] move: Wish|[wisher] Scream Tail\n|upkeep\n|turn|34\n|\n|t:|1732994526\n|move|p2a: Scream Tail|Wish|p2a: Scream Tail\n|move|p1a: Sceptile|Rock Slide|p2a: Scream Tail\n|-damage|p2a: Scream Tail|247/330\n|-damage|p1a: Sceptile|0 fnt|[from] item: Life Orb\n|faint|p1a: Sceptile\n|\n|-heal|p2a: Scream Tail|267/330|[from] item: Leftovers\n|upkeep\n|\n|t:|1732994531\n|switch|p1a: Quagsire|Quagsire, L84, M|82/297\n|turn|35\n|\n|t:|1732994533\n|move|p2a: Scream Tail|Dazzling Gleam|p1a: Quagsire\n|-damage|p1a: Quagsire|9/297\n|move|p1a: Quagsire|Recover|p1a: Quagsire\n|-heal|p1a: Quagsire|158/297\n|\n|-heal|p2a: Scream Tail|330/330|[from] move: Wish|[wisher] Scream Tail\n|-heal|p1a: Quagsire|176/297|[from] item: Leftovers\n|upkeep\n|turn|36\n|\n|t:|1732994543\n|move|p2a: Scream Tail|Dazzling Gleam|p1a: Quagsire\n|-damage|p1a: Quagsire|98/297\n|move|p1a: Quagsire|Recover|p1a: Quagsire\n|-heal|p1a: Quagsire|247/297\n|\n|-heal|p1a: Quagsire|265/297|[from] item: Leftovers\n|upkeep\n|turn|37\n|c|\u2606khjio|take your time\n|c|\u2606khjio|I got all day\n|\n|t:|1732994558\n|move|p2a: Scream Tail|Dazzling Gleam|p1a: Quagsire\n|-damage|p1a: Quagsire|186/297\n|move|p1a: Quagsire|Toxic|p2a: Scream Tail\n|-status|p2a: Scream Tail|tox\n|\n|-heal|p1a: Quagsire|204/297|[from] item: Leftovers\n|-damage|p2a: Scream Tail|310/330 tox|[from] psn\n|upkeep\n|turn|38\n|\n|t:|1732994562\n|move|p2a: Scream Tail|Dazzling Gleam|p1a: Quagsire\n|-damage|p1a: Quagsire|122/297\n|move|p1a: Quagsire|Recover|p1a: Quagsire\n|-heal|p1a: Quagsire|271/297\n|\n|-heal|p2a: Scream Tail|330/330 tox|[from] item: Leftovers\n|-heal|p1a: Quagsire|289/297|[from] item: Leftovers\n|-damage|p2a: Scream Tail|290/330 tox|[from] psn\n|upkeep\n|turn|39\n|\n|t:|1732994564\n|move|p2a: Scream Tail|Dazzling Gleam|p1a: Quagsire\n|-damage|p1a: Quagsire|205/297\n|move|p1a: Quagsire|Earthquake|p2a: Scream Tail\n|-damage|p2a: Scream Tail|208/330 tox\n|\n|-heal|p2a: Scream Tail|228/330 tox|[from] item: Leftovers\n|-heal|p1a: Quagsire|223/297|[from] item: Leftovers\n|-damage|p2a: Scream Tail|168/330 tox|[from] psn\n|upkeep\n|turn|40\n|\n|t:|1732994565\n|move|p2a: Scream Tail|Dazzling Gleam|p1a: Quagsire\n|-damage|p1a: Quagsire|144/297\n|move|p1a: Quagsire|Earthquake|p2a: Scream Tail\n|-damage|p2a: Scream Tail|80/330 tox\n|\n|-heal|p2a: Scream Tail|100/330 tox|[from] item: Leftovers\n|-heal|p1a: Quagsire|162/297|[from] item: Leftovers\n|-damage|p2a: Scream Tail|20/330 tox|[from] psn\n|upkeep\n|turn|41\n|\n|t:|1732994567\n|move|p2a: Scream Tail|Dazzling Gleam|p1a: Quagsire\n|-damage|p1a: Quagsire|84/297\n|move|p1a: Quagsire|Earthquake|p2a: Scream Tail\n|-damage|p2a: Scream Tail|0 fnt\n|faint|p2a: Scream Tail\n|-end|p2a: Scream Tail|Protosynthesis|[silent]\n|\n|win|khjio\n", "inputlog": ">version b107d77f5c90bd6555267ae244a6264823309ead\n>start {\"formatid\":\"gen9randombattle\",\"seed\":[13443,32181,65113,23946],\"rated\":\"Rated battle\"}\n>player p1 {\"name\":\"khjio\",\"avatar\":\"2\",\"rating\":1672,\"seed\":[41719,58874,3972,5976]}\n>player p2 {\"name\":\"rattata21112\",\"avatar\":\"170\",\"rating\":1706,\"seed\":[10183,32762,44922,53503]}\n>p1 switch 4\n>p2 move dazzlinggleam\n>p1 move toxic\n>p2 switch 5\n>p1 switch 3\n>p2 move psychic\n>p1 move bodyslam\n>p2 switch 6\n>p1 switch 3\n>p2 move closecombat\n>p1 switch 6\n>p2 move closecombat\n>p1 switch 2\n>p2 move doubleshock terastallize\n>p1 move sludgebomb\n>p2 move icepunch\n>chat \u2606khjio|that was a waste\n>chat \u2606rattata21112|oh\n>p2 switch 4\n>p1 move sludgebomb\n>p2 move uturn\n>chat \u2606khjio|that was so dumb \n>chat \u2606rattata21112|fuck off\n>chat \u2606khjio|do you just want to forfeit now>?\n>p2 switch 3\n>p1 switch 3\n>p1 move bodyslam\n>p2 move hurricane\n>p1 move rest\n>p2 move hurricane\n>p1 move sleeptalk\n>p2 switch 3\n>p2 switch 2\n>p1 switch 5\n>p2 move precipiceblades\n>p1 move bodyslam\n>p2 move willowisp\n>p1 move bodyslam\n>p2 move heatcrash\n>p1 move curse\n>p2 move heatcrash\n>p1 move bodyslam\n>p2 move heatcrash\n>p1 move bodyslam\n>p2 move heatcrash\n>p1 move bodyslam\n>p2 move heatcrash\n>p1 move bodyslam\n>p2 move heatcrash\n>chat \u2606khjio|gg\n>p2 switch 6\n>p1 move lashout\n>p2 move calmmind\n>p1 move bodyslam\n>p2 move psychic\n>p1 switch 5\n>p2 switch 3\n>p1 move sleeptalk\n>p2 move hurricane\n>chat \u2606khjio|come on man\n>chat \u2606khjio|let's just move along\n>p1 move curse\n>p2 move hurricane\n>p1 move rest\n>p2 move hurricane\n>p1 switch 4\n>p1 move rockslide terastallize\n>p2 move hurricane\n>p2 switch 5\n>p1 move rockslide\n>p2 move thunderwave\n>p1 move rockslide\n>p2 move wish\n>p1 move rockslide\n>p2 move dazzlinggleam\n>p1 move rockslide\n>p2 move wish\n>p1 move rockslide\n>p2 move dazzlinggleam\n>p1 move rockslide\n>p2 move wish\n>p1 move rockslide\n>p2 move protect\n>p1 move rockslide\n>p2 move wish\n>p1 switch 6\n>p1 move recover\n>p2 move dazzlinggleam\n>p1 move recover\n>p2 move dazzlinggleam\n>chat \u2606khjio|take your time\n>chat \u2606khjio|I got all day\n>p1 move toxic\n>p2 move dazzlinggleam\n>p1 move recover\n>p2 move dazzlinggleam\n>p1 move earthquake\n>p2 move dazzlinggleam\n>p1 move earthquake\n>p2 move dazzlinggleam\n>p1 move earthquake\n>p2 move dazzlinggleam", "uploadtime": 1732994237, "views": 4, "formatid": "gen9randombattle", "rating": null, "private": 0, "password": null}