{"id": "gen9randombattle-2253924608", "format": "[Gen 9] Random Battle", "players": ["Iced Kafi", "Hanyabal"], "log": "|j|\u2606Iced Kafi\n|j|\u2606Hanyabal\n|t:|1732964931\n|gametype|singles\n|player|p1|Iced Kafi|102|1483\n|player|p2|Hanyabal|burgh|1516\n|teamsize|p1|6\n|teamsize|p2|6\n|gen|9\n|tier|[Gen 9] Random Battle\n|rated|\n|rule|Species Clause: Limit one of each Pok\u00e9mon\n|rule|HP Percentage Mod: HP is shown in percentages\n|rule|Sleep Clause Mod: Limit one foe put to sleep\n|rule|Illusion Level Mod: Illusion disguises the Pok\u00e9mon's true level\n|\n|t:|1732964931\n|start\n|switch|p1a: Milotic|Milotic, L83, M|293/293\n|switch|p2a: Necrozma|Necrozma, L80|286/286\n|turn|1\n|inactive|Battle timer is ON: inactive players will automatically lose when time's up. (requested by Hanyabal)\n|inactive|Hanyabal has 120 seconds left.\n|\n|t:|1732964966\n|move|p1a: Milotic|Scald|p2a: Necrozma\n|-damage|p2a: Necrozma|204/286\n|move|p2a: Necrozma|Knock Off|p1a: Milotic\n|-damage|p1a: Milotic|202/293\n|-enditem|p1a: Milotic|Leftovers|[from] move: Knock Off|[of] p2a: Necrozma\n|-damage|p2a: Necrozma|176/286|[from] item: Life Orb\n|\n|upkeep\n|turn|2\n|\n|t:|1732964974\n|move|p1a: Milotic|Scald|p2a: Necrozma\n|-damage|p2a: Necrozma|85/286\n|move|p2a: Necrozma|Swords Dance|p2a: Necrozma\n|-boost|p2a: Necrozma|atk|2\n|\n|upkeep\n|turn|3\n|\n|t:|1732964984\n|move|p1a: Milotic|Scald|p2a: Necrozma\n|-damage|p2a: Necrozma|3/286\n|move|p2a: Necrozma|Photon Geyser|p1a: Milotic\n|-crit|p1a: Milotic\n|-damage|p1a: Milotic|0 fnt\n|faint|p1a: Milotic\n|-damage|p2a: Necrozma|0 fnt|[from] item: Life Orb\n|faint|p2a: Necrozma\n|\n|upkeep\n|\n|t:|1732964999\n|switch|p1a: Incineroar|Incineroar, L82, M|290/290\n|switch|p2a: Kyurem|Kyurem-White, L73|303/303\n|-ability|p2a: Kyurem|Turboblaze\n|-ability|p1a: Incineroar|Intimidate|boost\n|-unboost|p2a: Kyurem|atk|1\n|turn|4\n|inactive|Iced Kafi has 120 seconds left.\n|\n|t:|1732965028\n|move|p2a: Kyurem|Draco Meteor|p1a: Incineroar\n|-damage|p1a: Incineroar|56/290\n|-unboost|p2a: Kyurem|spa|2\n|move|p1a: Incineroar|Knock Off|p2a: Kyurem\n|-damage|p2a: Kyurem|185/303\n|-enditem|p2a: Kyurem|Choice Specs|[from] move: Knock Off|[of] p1a: Incineroar\n|\n|upkeep\n|turn|5\n|\n|t:|1732965035\n|switch|p1a: Gardevoir|Gardevoir, L83, F|249/249\n|-ability|p1a: Gardevoir|Turboblaze\n|-ability|p1a: Gardevoir|Turboblaze|[from] ability: Trace|[of] p2a: Kyurem\n|move|p2a: Kyurem|Fusion Flare|p1a: Gardevoir\n|-damage|p1a: Gardevoir|216/249\n|\n|upkeep\n|turn|6\n|\n|t:|1732965055\n|switch|p2a: Volcanion|Volcanion, L79|255/255\n|move|p1a: Gardevoir|Focus Blast|p2a: Volcanion\n|-damage|p2a: Volcanion|183/255\n|\n|upkeep\n|turn|7\n|\n|t:|1732965065\n|switch|p1a: Sawsbuck|Sawsbuck-Autumn, L88, F|284/284\n|move|p2a: Volcanion|Flame Charge|p1a: Sawsbuck\n|-supereffective|p1a: Sawsbuck\n|-damage|p1a: Sawsbuck|174/284\n|-boost|p2a: Volcanion|spe|1\n|\n|upkeep\n|turn|8\n|\n|t:|1732965072\n|-terastallize|p1a: Sawsbuck|Ground\n|move|p2a: Volcanion|Flamethrower|p1a: Sawsbuck\n|-damage|p1a: Sawsbuck|42/284\n|-status|p1a: Sawsbuck|brn\n|move|p1a: Sawsbuck|High Horsepower|p2a: Volcanion\n|-supereffective|p2a: Volcanion\n|-damage|p2a: Volcanion|62/255\n|-damage|p1a: Sawsbuck|14/284 brn|[from] item: Life Orb\n|\n|-damage|p1a: Sawsbuck|0 fnt|[from] brn\n|faint|p1a: Sawsbuck\n|upkeep\n|\n|t:|1732965085\n|switch|p1a: Gardevoir|Gardevoir, L83, F|216/249\n|-ability|p1a: Gardevoir|Water Absorb|[from] ability: Trace|[of] p2a: Volcanion\n|turn|9\n|\n|t:|1732965100\n|switch|p2a: Ditto|Ditto, L87|225/225\n|-transform|p2a: Ditto|p1a: Gardevoir|[from] ability: Imposter\n|move|p1a: Gardevoir|Psychic|p2a: Ditto\n|-resisted|p2a: Ditto\n|-damage|p2a: Ditto|177/225\n|\n|upkeep\n|turn|10\n|\n|t:|1732965117\n|switch|p1a: Lurantis|Lurantis, L87, F|264/264\n|move|p2a: Ditto|Moonblast|p1a: Lurantis\n|-damage|p1a: Lurantis|155/264\n|-boost|p1a: Lurantis|spa|1\n|\n|-heal|p1a: Lurantis|171/264|[from] item: Leftovers\n|upkeep\n|turn|11\n|\n|t:|1732965124\n|move|p2a: Ditto|Moonblast|p1a: Lurantis\n|-damage|p1a: Lurantis|54/264\n|-boost|p1a: Lurantis|spa|1\n|move|p1a: Lurantis|Synthesis|p1a: Lurantis\n|-heal|p1a: Lurantis|186/264\n|\n|-heal|p1a: Lurantis|202/264|[from] item: Leftovers\n|upkeep\n|turn|12\n|\n|t:|1732965129\n|move|p2a: Ditto|Moonblast|p1a: Lurantis\n|-damage|p1a: Lurantis|84/264\n|move|p1a: Lurantis|Synthesis|p1a: Lurantis\n|-heal|p1a: Lurantis|216/264\n|\n|-heal|p1a: Lurantis|232/264|[from] item: Leftovers\n|upkeep\n|turn|13\n|\n|t:|1732965143\n|move|p2a: Ditto|Moonblast|p1a: Lurantis\n|-damage|p1a: Lurantis|123/264\n|-boost|p1a: Lurantis|spa|1\n|move|p1a: Lurantis|Leaf Storm|p2a: Ditto\n|-damage|p2a: Ditto|0 fnt\n|-boost|p1a: Lurantis|spa|2\n|faint|p2a: Ditto\n|\n|-heal|p1a: Lurantis|139/264|[from] item: Leftovers\n|upkeep\n|\n|t:|1732965145\n|switch|p2a: Kyurem|Kyurem-White, L73|185/303\n|-ability|p2a: Kyurem|Turboblaze\n|turn|14\n|\n|t:|1732965151\n|switch|p1a: Gardevoir|Gardevoir, L83, F|216/249\n|-ability|p1a: Gardevoir|Turboblaze\n|-ability|p1a: Gardevoir|Turboblaze|[from] ability: Trace|[of] p2a: Kyurem\n|move|p2a: Kyurem|Ice Beam|p1a: Gardevoir\n|-damage|p1a: Gardevoir|116/249\n|-status|p1a: Gardevoir|frz\n|\n|upkeep\n|turn|15\n|\n|t:|1732965157\n|-curestatus|p1a: Gardevoir|frz|[msg]\n|move|p1a: Gardevoir|Moonblast|p2a: Kyurem\n|-supereffective|p2a: Kyurem\n|-damage|p2a: Kyurem|0 fnt\n|faint|p2a: Kyurem\n|\n|upkeep\n|\n|t:|1732965170\n|switch|p2a: Barraskewda|Barraskewda, L81, M|231/231\n|turn|16\n|\n|t:|1732965187\n|switch|p1a: Incineroar|Incineroar, L82, M|56/290\n|-ability|p1a: Incineroar|Intimidate|boost\n|-unboost|p2a: Barraskewda|atk|1\n|move|p2a: Barraskewda|Waterfall|p1a: Incineroar\n|-supereffective|p1a: Incineroar\n|-damage|p1a: Incineroar|0 fnt\n|faint|p1a: Incineroar\n|\n|upkeep\n|\n|t:|1732965191\n|switch|p1a: Lurantis|Lurantis, L87, F|139/264\n|turn|17\n|\n|t:|1732965195\n|-terastallize|p2a: Barraskewda|Water\n|move|p2a: Barraskewda|Waterfall|p1a: Lurantis\n|-resisted|p1a: Lurantis\n|-damage|p1a: Lurantis|82/264\n|move|p1a: Lurantis|Synthesis|p1a: Lurantis\n|-heal|p1a: Lurantis|214/264\n|\n|-heal|p1a: Lurantis|230/264|[from] item: Leftovers\n|upkeep\n|turn|18\n|\n|t:|1732965209\n|switch|p2a: Volcanion|Volcanion, L79|62/255\n|move|p1a: Lurantis|Leaf Storm|p2a: Volcanion\n|-damage|p2a: Volcanion|0 fnt\n|-boost|p1a: Lurantis|spa|2\n|faint|p2a: Volcanion\n|\n|-heal|p1a: Lurantis|246/264|[from] item: Leftovers\n|upkeep\n|\n|t:|1732965214\n|switch|p2a: Regigigas|Regigigas, L84|322/322\n|-start|p2a: Regigigas|ability: Slow Start\n|turn|19\n|\n|t:|1732965219\n|move|p1a: Lurantis|Superpower|p2a: Regigigas\n|-supereffective|p2a: Regigigas\n|-damage|p2a: Regigigas|168/322\n|-boost|p1a: Lurantis|atk|1\n|-boost|p1a: Lurantis|def|1\n|move|p2a: Regigigas|Body Slam|p1a: Lurantis\n|-damage|p1a: Lurantis|204/264\n|-status|p1a: Lurantis|par\n|\n|-heal|p2a: Regigigas|188/322|[from] item: Leftovers\n|-heal|p1a: Lurantis|220/264 par|[from] item: Leftovers\n|upkeep\n|turn|20\n|\n|t:|1732965229\n|move|p2a: Regigigas|Knock Off|p1a: Lurantis\n|-damage|p1a: Lurantis|188/264 par\n|-enditem|p1a: Lurantis|Leftovers|[from] move: Knock Off|[of] p2a: Regigigas\n|cant|p1a: Lurantis|par\n|\n|-heal|p2a: Regigigas|208/322|[from] item: Leftovers\n|upkeep\n|turn|21\n|\n|t:|1732965245\n|move|p2a: Regigigas|Body Slam|p1a: Lurantis\n|-damage|p1a: Lurantis|148/264 par\n|move|p1a: Lurantis|Leaf Storm|p2a: Regigigas\n|-damage|p2a: Regigigas|0 fnt\n|-boost|p1a: Lurantis|spa|2\n|faint|p2a: Regigigas\n|-end|p2a: Regigigas|Slow Start|[silent]\n|\n|upkeep\n|\n|t:|1732965266\n|switch|p2a: Barraskewda|Barraskewda, L81, M, tera:Water|231/231\n|turn|22\n|\n|t:|1732965275\n|move|p2a: Barraskewda|Waterfall|p1a: Lurantis\n|-resisted|p1a: Lurantis\n|-damage|p1a: Lurantis|88/264 par\n|cant|p1a: Lurantis|par\n|\n|upkeep\n|turn|23\n|\n|t:|1732965281\n|switch|p1a: Gardevoir|Gardevoir, L83, F|116/249\n|-ability|p1a: Gardevoir|Swift Swim|[from] ability: Trace|[of] p2a: Barraskewda\n|move|p2a: Barraskewda|Waterfall|p1a: Gardevoir\n|-damage|p1a: Gardevoir|0 fnt\n|faint|p1a: Gardevoir\n|\n|upkeep\n|\n|t:|1732965290\n|switch|p1a: Kingambit|Kingambit, L74, F|270/270\n|-activate|p1a: Kingambit|ability: Supreme Overlord\n|-start|p1a: Kingambit|fallen4|[silent]\n|turn|24\n|\n|t:|1732965296\n|move|p1a: Kingambit|Sucker Punch|p2a: Barraskewda\n|-damage|p2a: Barraskewda|96/231\n|move|p2a: Barraskewda|Waterfall|p1a: Kingambit\n|-damage|p1a: Kingambit|98/270\n|\n|-heal|p1a: Kingambit|114/270|[from] item: Leftovers\n|upkeep\n|turn|25\n|\n|t:|1732965298\n|move|p1a: Kingambit|Sucker Punch|p2a: Barraskewda\n|-damage|p2a: Barraskewda|0 fnt\n|faint|p2a: Barraskewda\n|\n|win|Iced Kafi\n|raw|Iced Kafi's rating: 1483 &rarr; <strong>1505</strong><br />(+22 for winning)\n|raw|Hanyabal's rating: 1516 &rarr; <strong>1494</strong><br />(-22 for losing)\n|l|\u2606Iced Kafi\n|player|p1|\n", "inputlog": ">version b107d77f5c90bd6555267ae244a6264823309ead\n>start {\"formatid\":\"gen9randombattle\",\"seed\":[33208,59125,38303,55573],\"rated\":\"Rated battle\"}\n>player p1 {\"name\":\"Iced Kafi\",\"avatar\":\"102\",\"rating\":1483,\"seed\":[61586,12833,17224,3908]}\n>player p2 {\"name\":\"Hanyabal\",\"avatar\":\"burgh\",\"rating\":1516,\"seed\":[16510,26463,12078,21633]}\n>p1 move scald\n>p2 move knockoff\n>p1 move scald\n>p2 move swordsdance\n>p1 move scald\n>p2 move photongeyser\n>p1 switch 2\n>p2 switch 4\n>p1 move knockoff\n>p2 move dracometeor\n>p1 switch 4\n>p2 move fusionflare\n>p1 move focusblast\n>p2 switch 5\n>p1 switch 5\n>p2 move flamecharge\n>p1 move highhorsepower terastallize\n>p2 move flamethrower\n>p1 switch 5\n>p1 move psychic\n>p2 switch 3\n>p1 switch 6\n>p2 move moonblast\n>p1 move synthesis\n>p2 move moonblast\n>p1 move synthesis\n>p2 move moonblast\n>p1 move leafstorm\n>p2 move moonblast\n>p2 switch 5\n>p1 switch 6\n>p2 move icebeam\n>p1 move moonblast\n>p2 move icebeam\n>p2 switch 6\n>p1 switch 4\n>p2 move waterfall\n>p1 switch 6\n>p1 move synthesis\n>p2 move waterfall terastallize\n>p1 move leafstorm\n>p2 switch 3\n>p2 switch 2\n>p1 move superpower\n>p2 move bodyslam\n>p1 move leafstorm\n>p2 move knockoff\n>p1 move leafstorm\n>p2 move bodyslam\n>p2 switch 3\n>p1 move leafstorm\n>p2 move waterfall\n>p1 switch 4\n>p2 move waterfall\n>p1 switch 3\n>p1 move suckerpunch\n>p2 move waterfall\n>p1 move suckerpunch\n>p2 move waterfall", "uploadtime": 1732965355, "views": 1, "formatid": "gen9randombattle", "rating": 1494, "private": 0, "password": null}