{"id": "gen9randombattle-2254073625", "format": "[Gen 9] Random Battle", "players": ["chinese powerpoint", "BrianLikesTrains"], "log": "|j|\u2606chinese powerpoint\n|j|\u2606BrianLikesTrains\n|t:|1732987963\n|gametype|singles\n|player|p1|chinese powerpoint|leaguestafff|1467\n|player|p2|BrianLikesTrains|fisherman-gen4|1502\n|teamsize|p1|6\n|teamsize|p2|6\n|gen|9\n|tier|[Gen 9] Random Battle\n|rated|\n|rule|Species Clause: Limit one of each Pok\u00e9mon\n|rule|HP Percentage Mod: HP is shown in percentages\n|rule|Sleep Clause Mod: Limit one foe put to sleep\n|rule|Illusion Level Mod: Illusion disguises the Pok\u00e9mon's true level\n|\n|t:|1732987963\n|start\n|switch|p1a: Gurdurr|Gurdurr, L85, F|283/283\n|switch|p2a: Hatterene|Hatterene, L85, F|236/236\n|turn|1\n|inactive|Battle timer is ON: inactive players will automatically lose when time's up. (requested by BrianLikesTrains)\n|inactive|chinese powerpoint also wants the timer to be on.\n|inactive|chinese powerpoint has 120 seconds left.\n|\n|t:|1732988012\n|switch|p1a: Decidueye|Decidueye, L88, M|281/281\n|move|p2a: Hatterene|Nuzzle|p1a: Decidueye\n|-resisted|p1a: Decidueye\n|-damage|p1a: Decidueye|274/281\n|-status|p1a: Decidueye|par\n|\n|upkeep\n|turn|2\n|\n|t:|1732988024\n|move|p2a: Hatterene|Mystical Fire|p1a: Decidueye\n|-supereffective|p1a: Decidueye\n|-damage|p1a: Decidueye|144/281 par\n|-unboost|p1a: Decidueye|spa|1\n|move|p1a: Decidueye|Poltergeist|p2a: Hatterene\n|-activate|p2a: Hatterene|move: Poltergeist|Assault Vest\n|-supereffective|p2a: Hatterene\n|-damage|p2a: Hatterene|0 fnt\n|faint|p2a: Hatterene\n|-damage|p1a: Decidueye|116/281 par|[from] item: Life Orb\n|\n|upkeep\n|\n|t:|1732988040\n|switch|p2a: Zapdos|Zapdos-Galar, L77|265/265\n|turn|3\n|\n|t:|1732988048\n|move|p2a: Zapdos|Bulk Up|p2a: Zapdos\n|-boost|p2a: Zapdos|atk|1\n|-boost|p2a: Zapdos|def|1\n|move|p1a: Decidueye|Poltergeist|p2a: Zapdos\n|-activate|p2a: Zapdos|move: Poltergeist|Life Orb\n|-damage|p2a: Zapdos|132/265\n|-damage|p1a: Decidueye|88/281 par|[from] item: Life Orb\n|\n|upkeep\n|turn|4\n|\n|t:|1732988065\n|move|p1a: Decidueye|Shadow Sneak|p2a: Zapdos\n|-damage|p2a: Zapdos|85/265\n|-damage|p1a: Decidueye|60/281 par|[from] item: Life Orb\n|move|p2a: Zapdos|Knock Off|p1a: Decidueye\n|-supereffective|p1a: Decidueye\n|-damage|p1a: Decidueye|0 fnt\n|-enditem|p1a: Decidueye|Life Orb|[from] move: Knock Off|[of] p2a: Zapdos\n|faint|p1a: Decidueye\n|-damage|p2a: Zapdos|59/265|[from] item: Life Orb\n|\n|upkeep\n|\n|t:|1732988079\n|switch|p1a: Houndoom|Houndoom, L87, F|272/272\n|turn|5\n|\n|t:|1732988089\n|move|p1a: Houndoom|Fire Blast|p2a: Zapdos\n|-damage|p2a: Zapdos|0 fnt\n|faint|p2a: Zapdos\n|\n|upkeep\n|\n|t:|1732988098\n|switch|p2a: Bastiodon|Bastiodon, L89, M|252/252\n|turn|6\n|inactive|chinese powerpoint has 120 seconds left.\n|\n|t:|1732988131\n|switch|p1a: Gurdurr|Gurdurr, L85, F|283/283\n|-terastallize|p2a: Bastiodon|Fighting\n|move|p2a: Bastiodon|Iron Defense|p2a: Bastiodon\n|-boost|p2a: Bastiodon|def|2\n|\n|upkeep\n|turn|7\n|inactive|chinese powerpoint has 120 seconds left.\n|\n|t:|1732988162\n|move|p1a: Gurdurr|Knock Off|p2a: Bastiodon\n|-resisted|p2a: Bastiodon\n|-damage|p2a: Bastiodon|242/252\n|-enditem|p2a: Bastiodon|Chesto Berry|[from] move: Knock Off|[of] p1a: Gurdurr\n|move|p2a: Bastiodon|Iron Defense|p2a: Bastiodon\n|-boost|p2a: Bastiodon|def|2\n|\n|upkeep\n|turn|8\n|inactive|chinese powerpoint has 90 seconds left.\n|\n|t:|1732988195\n|switch|p1a: Armarouge|Armarouge, L80, M|267/267\n|move|p2a: Bastiodon|Body Press|p1a: Armarouge\n|-resisted|p1a: Armarouge\n|-damage|p1a: Armarouge|75/267\n|-ability|p1a: Armarouge|Weak Armor|boost\n|-unboost|p1a: Armarouge|def|1\n|-boost|p1a: Armarouge|spe|2\n|\n|upkeep\n|turn|9\n|\n|t:|1732988217\n|move|p1a: Armarouge|Armor Cannon|p2a: Bastiodon\n|-damage|p2a: Bastiodon|148/252\n|-unboost|p1a: Armarouge|def|1\n|-unboost|p1a: Armarouge|spd|1\n|move|p2a: Bastiodon|Body Press|p1a: Armarouge\n|-resisted|p1a: Armarouge\n|-damage|p1a: Armarouge|0 fnt\n|faint|p1a: Armarouge\n|\n|upkeep\n|inactive|chinese powerpoint has 60 seconds left.\n|\n|t:|1732988240\n|switch|p1a: Klefki|Klefki, L84, F|233/233\n|turn|10\n|inactive|chinese powerpoint has 60 seconds left.\n|\n|t:|1732988264\n|move|p1a: Klefki|Dazzling Gleam|p2a: Bastiodon\n|-supereffective|p2a: Bastiodon\n|-damage|p2a: Bastiodon|46/252\n|move|p2a: Bastiodon|Rest|p2a: Bastiodon\n|-status|p2a: Bastiodon|slp|[from] move: Rest\n|-heal|p2a: Bastiodon|252/252 slp|[silent]\n|\n|upkeep\n|turn|11\n|\n|t:|1732988274\n|move|p1a: Klefki|Dazzling Gleam|p2a: Bastiodon\n|-supereffective|p2a: Bastiodon\n|-damage|p2a: Bastiodon|162/252 slp\n|cant|p2a: Bastiodon|slp\n|\n|upkeep\n|turn|12\n|\n|t:|1732988285\n|switch|p2a: Amoonguss|Amoonguss, L82, M|321/321\n|move|p1a: Klefki|Dazzling Gleam|p2a: Amoonguss\n|-resisted|p2a: Amoonguss\n|-damage|p2a: Amoonguss|283/321\n|\n|upkeep\n|turn|13\n|inactive|chinese powerpoint has 60 seconds left.\n|\n|t:|1732988306\n|switch|p1a: Chansey|Chansey, L85, F|564/564\n|move|p2a: Amoonguss|Spore|p1a: Chansey\n|-status|p1a: Chansey|slp|[from] move: Spore\n|\n|upkeep\n|turn|14\n|inactive|chinese powerpoint has 60 seconds left.\n|\n|t:|1732988338\n|-curestatus|p1a: Chansey|slp|[from] ability: Natural Cure\n|switch|p1a: Houndoom|Houndoom, L87, F|272/272\n|switch|p2a: Bastiodon|Bastiodon, L89, M, tera:Fighting|162/252 slp\n|\n|upkeep\n|turn|15\n|\n|t:|1732988351\n|move|p1a: Houndoom|Nasty Plot|p1a: Houndoom\n|-boost|p1a: Houndoom|spa|2\n|cant|p2a: Bastiodon|slp\n|\n|upkeep\n|turn|16\n|\n|t:|1732988359\n|switch|p2a: Umbreon|Umbreon, L84, F|297/297\n|move|p1a: Houndoom|Fire Blast|p2a: Umbreon\n|-damage|p2a: Umbreon|114/297\n|\n|-heal|p2a: Umbreon|132/297|[from] item: Leftovers\n|upkeep\n|turn|17\n|\n|t:|1732988373\n|move|p2a: Umbreon|Protect|p2a: Umbreon\n|-singleturn|p2a: Umbreon|Protect\n|move|p1a: Houndoom|Fire Blast|p2a: Umbreon\n|-activate|p2a: Umbreon|move: Protect\n|\n|-heal|p2a: Umbreon|150/297|[from] item: Leftovers\n|upkeep\n|turn|18\n|inactive|chinese powerpoint has 30 seconds left.\n|\n|t:|1732988405\n|move|p1a: Houndoom|Fire Blast|p2a: Umbreon\n|-damage|p2a: Umbreon|0 fnt\n|faint|p2a: Umbreon\n|\n|upkeep\n|\n|t:|1732988410\n|switch|p2a: Mismagius|Mismagius, L86, F|243/243\n|turn|19\n|inactive|chinese powerpoint has 30 seconds left.\n|\n|t:|1732988427\n|move|p2a: Mismagius|Substitute|p2a: Mismagius\n|-start|p2a: Mismagius|Substitute\n|-damage|p2a: Mismagius|183/243\n|move|p1a: Houndoom|Dark Pulse|p2a: Mismagius\n|-supereffective|p2a: Mismagius\n|-end|p2a: Mismagius|Substitute\n|\n|-heal|p2a: Mismagius|198/243|[from] item: Leftovers\n|upkeep\n|turn|20\n|\n|t:|1732988437\n|move|p2a: Mismagius|Shadow Ball|p1a: Houndoom\n|-resisted|p1a: Houndoom\n|-damage|p1a: Houndoom|220/272\n|move|p1a: Houndoom|Dark Pulse|p2a: Mismagius\n|-supereffective|p2a: Mismagius\n|-damage|p2a: Mismagius|0 fnt\n|faint|p2a: Mismagius\n|\n|upkeep\n|\n|t:|1732988442\n|switch|p2a: Amoonguss|Amoonguss, L82, M|321/321\n|turn|21\n|\n|t:|1732988446\n|move|p1a: Houndoom|Fire Blast|p2a: Amoonguss|[miss]\n|-miss|p1a: Houndoom|p2a: Amoonguss\n|move|p2a: Amoonguss|Stomping Tantrum|p1a: Houndoom\n|-supereffective|p1a: Houndoom\n|-damage|p1a: Houndoom|86/272\n|\n|upkeep\n|turn|22\n|inactive|chinese powerpoint has 60 seconds left.\n|\n|t:|1732988465\n|-terastallize|p1a: Houndoom|Dark\n|move|p1a: Houndoom|Fire Blast|p2a: Amoonguss|[miss]\n|-miss|p1a: Houndoom|p2a: Amoonguss\n|move|p2a: Amoonguss|Stomping Tantrum|p1a: Houndoom\n|-damage|p1a: Houndoom|18/272\n|\n|upkeep\n|turn|23\n|\n|t:|1732988471\n|move|p1a: Houndoom|Fire Blast|p2a: Amoonguss\n|-supereffective|p2a: Amoonguss\n|-damage|p2a: Amoonguss|0 fnt\n|faint|p2a: Amoonguss\n|\n|upkeep\n|\n|t:|1732988474\n|switch|p2a: Bastiodon|Bastiodon, L89, M, tera:Fighting|162/252 slp\n|turn|24\n|\n|t:|1732988478\n|move|p1a: Houndoom|Fire Blast|p2a: Bastiodon\n|-crit|p2a: Bastiodon\n|-damage|p2a: Bastiodon|0 fnt\n|faint|p2a: Bastiodon\n|\n|win|chinese powerpoint\n|raw|chinese powerpoint's rating: 1467 &rarr; <strong>1489</strong><br />(+22 for winning)\n|raw|BrianLikesTrains's rating: 1502 &rarr; <strong>1480</strong><br />(-22 for losing)\n|c|\u2606BrianLikesTrains|Gg\n|c|\u2606chinese powerpoint|gg\n", "inputlog": ">version b107d77f5c90bd6555267ae244a6264823309ead\n>start {\"formatid\":\"gen9randombattle\",\"seed\":[47885,40580,55093,3359],\"rated\":\"Rated battle\"}\n>player p1 {\"name\":\"chinese powerpoint\",\"avatar\":\"leaguestafff\",\"rating\":1467,\"seed\":[46780,15153,39982,53325]}\n>player p2 {\"name\":\"BrianLikesTrains\",\"avatar\":\"fisherman-gen4\",\"rating\":1502,\"seed\":[28190,110,13271,47052]}\n>p1 switch 6\n>p2 move nuzzle\n>p1 move poltergeist\n>p2 move mysticalfire\n>p2 switch 5\n>p1 move poltergeist\n>p2 move bulkup\n>p1 move shadowsneak\n>p2 move knockoff\n>p1 switch 5\n>p1 move fireblast\n>p2 move closecombat\n>p2 switch 3\n>p1 switch 6\n>p2 move irondefense terastallize\n>p1 move knockoff\n>p2 move irondefense\n>p1 switch 2\n>p2 move bodypress\n>p1 move armorcannon\n>p2 move bodypress\n>p1 switch 4\n>p1 move dazzlinggleam\n>p2 move rest\n>p1 move dazzlinggleam\n>p2 move bodypress\n>p1 move dazzlinggleam\n>p2 switch 6\n>p1 switch 3\n>p2 move spore\n>p1 switch 6\n>p2 switch 6\n>p1 move nastyplot\n>p2 move irondefense\n>p1 move fireblast\n>p2 switch 4\n>p1 move fireblast\n>p2 move protect\n>p1 move fireblast\n>p2 move wish\n>p2 switch 2\n>p1 move darkpulse\n>p2 move substitute\n>p1 move darkpulse\n>p2 move shadowball\n>p2 switch 6\n>p1 move fireblast\n>p2 move stompingtantrum\n>p1 move fireblast terastallize\n>p2 move stompingtantrum\n>p1 move fireblast\n>p2 move sludgebomb\n>p2 switch 4\n>p1 move fireblast\n>p2 move bodypress", "uploadtime": 1732988483, "views": 1, "formatid": "gen9randombattle", "rating": 1480, "private": 0, "password": null}