{"id": "gen9randombattle-2254029451", "format": "[Gen 9] Random Battle", "players": ["Ebu247", "enarch"], "log": "|j|\u2606Ebu247\n|j|\u2606enarch\n|t:|1732982210\n|gametype|singles\n|player|p1|Ebu247|2|1067\n|player|p2|enarch|265|1068\n|teamsize|p1|6\n|teamsize|p2|6\n|gen|9\n|tier|[Gen 9] Random Battle\n|rated|\n|rule|Species Clause: Limit one of each Pok\u00e9mon\n|rule|HP Percentage Mod: HP is shown in percentages\n|rule|Sleep Clause Mod: Limit one foe put to sleep\n|rule|Illusion Level Mod: Illusion disguises the Pok\u00e9mon's true level\n|\n|t:|1732982210\n|start\n|switch|p1a: Dusknoir|Dusknoir, L89, F|225/225\n|switch|p2a: Misdreavus|Misdreavus, L90, M|254/254\n|-item|p2a: Misdreavus|Eviolite|[from] ability: Frisk|[of] p1a: Dusknoir\n|turn|1\n|inactive|Battle timer is ON: inactive players will automatically lose when time's up. (requested by enarch)\n|\n|t:|1732982224\n|-terastallize|p1a: Dusknoir|Fairy\n|move|p2a: Misdreavus|Will-O-Wisp|p1a: Dusknoir\n|-status|p1a: Dusknoir|brn\n|move|p1a: Dusknoir|Poltergeist|p2a: Misdreavus\n|-activate|p2a: Misdreavus|move: Poltergeist|Eviolite\n|-supereffective|p2a: Misdreavus\n|-damage|p2a: Misdreavus|137/254\n|\n|-damage|p1a: Dusknoir|211/225 brn|[from] brn\n|upkeep\n|turn|2\n|\n|t:|1732982253\n|switch|p2a: Azumarill|Azumarill, L82, F|298/298\n|move|p1a: Dusknoir|Shadow Sneak|p2a: Azumarill\n|-damage|p2a: Azumarill|272/298\n|\n|-heal|p1a: Dusknoir|225/225 brn|[from] item: Leftovers\n|-damage|p1a: Dusknoir|211/225 brn|[from] brn\n|upkeep\n|turn|3\n|\n|t:|1732982263\n|move|p1a: Dusknoir|Pain Split|p2a: Azumarill\n|-sethp|p2a: Azumarill|241/298|[from] move: Pain Split|[silent]\n|-sethp|p1a: Dusknoir|225/225 brn|[from] move: Pain Split\n|move|p2a: Azumarill|Liquidation|p1a: Dusknoir\n|-damage|p1a: Dusknoir|114/225 brn\n|\n|-heal|p1a: Dusknoir|128/225 brn|[from] item: Leftovers\n|-damage|p1a: Dusknoir|114/225 brn|[from] brn\n|upkeep\n|turn|4\n|\n|t:|1732982278\n|move|p1a: Dusknoir|Pain Split|p2a: Azumarill\n|-sethp|p2a: Azumarill|177/298|[from] move: Pain Split|[silent]\n|-sethp|p1a: Dusknoir|177/225 brn|[from] move: Pain Split\n|move|p2a: Azumarill|Liquidation|p1a: Dusknoir\n|-damage|p1a: Dusknoir|77/225 brn\n|\n|-heal|p1a: Dusknoir|91/225 brn|[from] item: Leftovers\n|-damage|p1a: Dusknoir|77/225 brn|[from] brn\n|upkeep\n|turn|5\n|\n|t:|1732982287\n|move|p1a: Dusknoir|Pain Split|p2a: Azumarill\n|-sethp|p2a: Azumarill|127/298|[from] move: Pain Split|[silent]\n|-sethp|p1a: Dusknoir|127/225 brn|[from] move: Pain Split\n|move|p2a: Azumarill|Liquidation|p1a: Dusknoir\n|-damage|p1a: Dusknoir|25/225 brn\n|-unboost|p1a: Dusknoir|def|1\n|\n|-heal|p1a: Dusknoir|39/225 brn|[from] item: Leftovers\n|-damage|p1a: Dusknoir|25/225 brn|[from] brn\n|upkeep\n|turn|6\n|\n|t:|1732982298\n|move|p1a: Dusknoir|Earthquake|p2a: Azumarill\n|-damage|p2a: Azumarill|84/298\n|move|p2a: Azumarill|Liquidation|p1a: Dusknoir\n|-damage|p1a: Dusknoir|0 fnt\n|faint|p1a: Dusknoir\n|\n|upkeep\n|\n|t:|1732982312\n|switch|p1a: Oranguru|Oranguru, L92, F|315/315\n|turn|7\n|\n|t:|1732982318\n|move|p1a: Oranguru|Thunderbolt|p2a: Azumarill\n|-supereffective|p2a: Azumarill\n|-damage|p2a: Azumarill|0 fnt\n|faint|p2a: Azumarill\n|\n|upkeep\n|\n|t:|1732982330\n|switch|p2a: Galvantula|Galvantula, L82, M|249/249\n|turn|8\n|\n|t:|1732982341\n|switch|p1a: Excadrill|Excadrill, L80, F|307/307\n|-ability|p1a: Excadrill|Mold Breaker\n|move|p2a: Galvantula|Sticky Web|p1a: Excadrill\n|-sidestart|p1: Ebu247|move: Sticky Web\n|\n|upkeep\n|turn|9\n|\n|t:|1732982349\n|switch|p2a: Misdreavus|Misdreavus, L90, M|137/254\n|move|p1a: Excadrill|Rapid Spin|p2a: Misdreavus\n|-immune|p2a: Misdreavus\n|\n|upkeep\n|turn|10\n|\n|t:|1732982360\n|move|p2a: Misdreavus|Will-O-Wisp|p1a: Excadrill\n|-status|p1a: Excadrill|brn\n|move|p1a: Excadrill|Iron Head|p2a: Misdreavus\n|-damage|p2a: Misdreavus|97/254\n|\n|-damage|p1a: Excadrill|288/307 brn|[from] brn\n|upkeep\n|turn|11\n|\n|t:|1732982372\n|move|p2a: Misdreavus|Calm Mind|p2a: Misdreavus\n|-boost|p2a: Misdreavus|spa|1\n|-boost|p2a: Misdreavus|spd|1\n|move|p1a: Excadrill|Rock Slide|p2a: Misdreavus\n|-damage|p2a: Misdreavus|69/254\n|\n|-damage|p1a: Excadrill|269/307 brn|[from] brn\n|upkeep\n|turn|12\n|\n|t:|1732982384\n|switch|p1a: Mandibuzz|Mandibuzz, L85, F|326/326\n|move|p2a: Misdreavus|Calm Mind|p2a: Misdreavus\n|-boost|p2a: Misdreavus|spa|1\n|-boost|p2a: Misdreavus|spd|1\n|\n|upkeep\n|turn|13\n|\n|t:|1732982391\n|move|p2a: Misdreavus|Draining Kiss|p1a: Mandibuzz\n|-supereffective|p1a: Mandibuzz\n|-damage|p1a: Mandibuzz|196/326\n|-heal|p2a: Misdreavus|167/254|[from] drain|[of] p1a: Mandibuzz\n|move|p1a: Mandibuzz|Foul Play|p2a: Misdreavus\n|-supereffective|p2a: Misdreavus\n|-damage|p2a: Misdreavus|65/254\n|\n|upkeep\n|turn|14\n|\n|t:|1732982411\n|switch|p1a: Oranguru|Oranguru, L92, F|315/315\n|-activate|p1a: Oranguru|move: Sticky Web\n|-unboost|p1a: Oranguru|spe|1\n|-terastallize|p2a: Misdreavus|Fairy\n|move|p2a: Misdreavus|Will-O-Wisp|p1a: Oranguru\n|-status|p1a: Oranguru|brn\n|\n|-damage|p1a: Oranguru|296/315 brn|[from] brn\n|upkeep\n|turn|15\n|\n|t:|1732982432\n|move|p2a: Misdreavus|Draining Kiss|p1a: Oranguru\n|-crit|p1a: Oranguru\n|-damage|p1a: Oranguru|155/315 brn\n|-heal|p2a: Misdreavus|171/254|[from] drain|[of] p1a: Oranguru\n|move|p1a: Oranguru|Thunderbolt|p2a: Misdreavus\n|-damage|p2a: Misdreavus|148/254\n|-status|p2a: Misdreavus|par\n|\n|-heal|p1a: Oranguru|174/315 brn|[from] item: Leftovers\n|-damage|p1a: Oranguru|155/315 brn|[from] brn\n|upkeep\n|turn|16\n|\n|t:|1732982443\n|switch|p1a: Excadrill|Excadrill, L80, F|269/307 brn\n|-activate|p1a: Excadrill|move: Sticky Web\n|-unboost|p1a: Excadrill|spe|1\n|-ability|p1a: Excadrill|Mold Breaker\n|cant|p2a: Misdreavus|par\n|\n|-damage|p1a: Excadrill|250/307 brn|[from] brn\n|upkeep\n|turn|17\n|\n|t:|1732982452\n|switch|p2a: Typhlosion|Typhlosion-Hisui, L83, F|257/257\n|move|p1a: Excadrill|Iron Head|p2a: Typhlosion\n|-resisted|p2a: Typhlosion\n|-crit|p2a: Typhlosion\n|-damage|p2a: Typhlosion|214/257\n|\n|-damage|p1a: Excadrill|231/307 brn|[from] brn\n|upkeep\n|turn|18\n|\n|t:|1732982464\n|move|p2a: Typhlosion|Eruption|p1a: Excadrill\n|-supereffective|p1a: Excadrill\n|-damage|p1a: Excadrill|0 fnt\n|faint|p1a: Excadrill\n|\n|upkeep\n|\n|t:|1732982469\n|switch|p1a: Suicune|Suicune, L82|298/298\n|-activate|p1a: Suicune|move: Sticky Web\n|-unboost|p1a: Suicune|spe|1\n|-ability|p1a: Suicune|Pressure\n|turn|19\n|\n|t:|1732982475\n|switch|p2a: Misdreavus|Misdreavus, L90, M, tera:Fairy|148/254 par\n|move|p1a: Suicune|Scald|p2a: Misdreavus\n|-damage|p2a: Misdreavus|97/254 par\n|\n|upkeep\n|turn|20\n|\n|t:|1732982486\n|move|p1a: Suicune|Calm Mind|p1a: Suicune\n|-boost|p1a: Suicune|spa|1\n|-boost|p1a: Suicune|spd|1\n|cant|p2a: Misdreavus|par\n|\n|upkeep\n|turn|21\n|\n|t:|1732982492\n|move|p1a: Suicune|Scald|p2a: Misdreavus\n|-damage|p2a: Misdreavus|25/254 par\n|cant|p2a: Misdreavus|par\n|\n|upkeep\n|turn|22\n|\n|t:|1732982498\n|move|p1a: Suicune|Scald|p2a: Misdreavus\n|-damage|p2a: Misdreavus|0 fnt\n|faint|p2a: Misdreavus\n|\n|upkeep\n|\n|t:|1732982506\n|switch|p2a: Galvantula|Galvantula, L82, M|249/249\n|turn|23\n|\n|t:|1732982514\n|move|p2a: Galvantula|Thunder|p1a: Suicune\n|-supereffective|p1a: Suicune\n|-damage|p1a: Suicune|172/298\n|move|p1a: Suicune|Substitute|p1a: Suicune\n|-start|p1a: Suicune|Substitute\n|-damage|p1a: Suicune|98/298\n|\n|-heal|p1a: Suicune|116/298|[from] item: Leftovers\n|upkeep\n|turn|24\n|\n|t:|1732982522\n|move|p1a: Suicune|Protect|p1a: Suicune\n|-singleturn|p1a: Suicune|Protect\n|move|p2a: Galvantula|Bug Buzz|p1a: Suicune\n|-activate|p1a: Suicune|move: Protect\n|\n|-heal|p1a: Suicune|134/298|[from] item: Leftovers\n|upkeep\n|turn|25\n|\n|t:|1732982530\n|move|p2a: Galvantula|Bug Buzz|p1a: Suicune\n|-damage|p1a: Suicune|85/298\n|-unboost|p1a: Suicune|spd|1\n|move|p1a: Suicune|Scald|p2a: Galvantula\n|-damage|p2a: Galvantula|99/249\n|\n|-heal|p1a: Suicune|103/298|[from] item: Leftovers\n|upkeep\n|turn|26\n|\n|t:|1732982539\n|move|p2a: Galvantula|Bug Buzz|p1a: Suicune\n|-damage|p1a: Suicune|25/298\n|move|p1a: Suicune|Scald|p2a: Galvantula\n|-damage|p2a: Galvantula|0 fnt\n|faint|p2a: Galvantula\n|\n|-heal|p1a: Suicune|43/298|[from] item: Leftovers\n|upkeep\n|\n|t:|1732982547\n|switch|p2a: Cacturne|Cacturne, L92, M|278/278\n|turn|27\n|\n|t:|1732982556\n|switch|p1a: Mandibuzz|Mandibuzz, L85, F|196/326\n|move|p2a: Cacturne|Sucker Punch||[still]\n|-fail|p2a: Cacturne\n|\n|upkeep\n|turn|28\n|\n|t:|1732982566\n|move|p1a: Mandibuzz|Toxic|p2a: Cacturne\n|-status|p2a: Cacturne|tox\n|move|p2a: Cacturne|Toxic Spikes|p1a: Mandibuzz\n|-sidestart|p1: Ebu247|move: Toxic Spikes\n|\n|-damage|p2a: Cacturne|261/278 tox|[from] psn\n|upkeep\n|turn|29\n|\n|t:|1732982574\n|move|p1a: Mandibuzz|Roost|p1a: Mandibuzz\n|-heal|p1a: Mandibuzz|326/326\n|-singleturn|p1a: Mandibuzz|move: Roost\n|move|p2a: Cacturne|Toxic Spikes|p1a: Mandibuzz\n|-sidestart|p1: Ebu247|move: Toxic Spikes\n|\n|-damage|p2a: Cacturne|227/278 tox|[from] psn\n|upkeep\n|turn|30\n|\n|t:|1732982584\n|move|p1a: Mandibuzz|U-turn|p2a: Cacturne\n|-supereffective|p2a: Cacturne\n|-damage|p2a: Cacturne|47/278 tox\n|\n|t:|1732982590\n|switch|p1a: Blaziken|Blaziken, L76, M|247/247|[from] U-turn\n|-activate|p1a: Blaziken|move: Sticky Web\n|-unboost|p1a: Blaziken|spe|1\n|-status|p1a: Blaziken|tox\n|move|p2a: Cacturne|Knock Off|p1a: Blaziken\n|-resisted|p1a: Blaziken\n|-damage|p1a: Blaziken|138/247 tox\n|-enditem|p1a: Blaziken|Life Orb|[from] move: Knock Off|[of] p2a: Cacturne\n|-damage|p2a: Cacturne|20/278 tox|[from] item: Life Orb\n|\n|-damage|p2a: Cacturne|0 fnt|[from] psn\n|faint|p2a: Cacturne\n|-damage|p1a: Blaziken|123/247 tox|[from] psn\n|upkeep\n|\n|t:|1732982603\n|switch|p2a: Typhlosion|Typhlosion-Hisui, L83, F|214/257\n|turn|31\n|\n|t:|1732982612\n|move|p2a: Typhlosion|Focus Blast|p1a: Blaziken\n|-damage|p1a: Blaziken|0 fnt\n|faint|p1a: Blaziken\n|\n|upkeep\n|\n|t:|1732982617\n|switch|p1a: Suicune|Suicune, L82|43/298\n|-activate|p1a: Suicune|move: Sticky Web\n|-unboost|p1a: Suicune|spe|1\n|-status|p1a: Suicune|tox\n|-ability|p1a: Suicune|Pressure\n|turn|32\n|\n|t:|1732982624\n|move|p2a: Typhlosion|Focus Blast|p1a: Suicune\n|-crit|p1a: Suicune\n|-damage|p1a: Suicune|0 fnt\n|faint|p1a: Suicune\n|\n|upkeep\n|\n|t:|1732982625\n|switch|p1a: Oranguru|Oranguru, L92, F|155/315 brn\n|-activate|p1a: Oranguru|move: Sticky Web\n|-unboost|p1a: Oranguru|spe|1\n|turn|33\n|\n|t:|1732982636\n|move|p2a: Typhlosion|Focus Blast|p1a: Oranguru\n|-damage|p1a: Oranguru|83/315 brn\n|move|p1a: Oranguru|Psyshock|p2a: Typhlosion\n|-damage|p2a: Typhlosion|111/257\n|\n|-heal|p1a: Oranguru|102/315 brn|[from] item: Leftovers\n|-damage|p1a: Oranguru|83/315 brn|[from] brn\n|upkeep\n|turn|34\n|\n|t:|1732982646\n|move|p2a: Typhlosion|Focus Blast|p1a: Oranguru\n|-damage|p1a: Oranguru|6/315 brn\n|move|p1a: Oranguru|Psyshock|p2a: Typhlosion\n|-damage|p2a: Typhlosion|9/257\n|\n|-heal|p1a: Oranguru|25/315 brn|[from] item: Leftovers\n|-damage|p1a: Oranguru|6/315 brn|[from] brn\n|upkeep\n|turn|35\n|l|\u2606Ebu247\n|inactive|Ebu247 disconnected and has a minute to reconnect!\n|player|p1|\n|inactive|Ebu247 has 30 seconds to reconnect!\n|inactive|Ebu247 has 20 seconds to reconnect!\n|inactive|Ebu247 has 15 seconds to reconnect!\n|inactive|Ebu247 has 10 seconds to reconnect!\n|inactive|Ebu247 has 5 seconds to reconnect!\n|-message|Ebu247 lost due to inactivity.\n|\n|win|enarch\n|raw|Ebu247's rating: 1067 &rarr; <strong>1047</strong><br />(-20 for losing)\n|raw|enarch's rating: 1068 &rarr; <strong>1098</strong><br />(+30 for winning)\n|l|\u2606enarch\n|player|p2|\n|j|\u2606enarch\n|player|p2|enarch|265|\n", "inputlog": ">version b107d77f5c90bd6555267ae244a6264823309ead\n>start {\"formatid\":\"gen9randombattle\",\"seed\":[65084,44581,43398,20675],\"rated\":\"Rated battle\"}\n>player p1 {\"name\":\"Ebu247\",\"avatar\":\"2\",\"rating\":1067,\"seed\":[56879,23800,1945,63937]}\n>player p2 {\"name\":\"enarch\",\"avatar\":\"265\",\"rating\":1068,\"seed\":[12730,17583,44874,19150]}\n>p1 move poltergeist terastallize\n>p2 move willowisp\n>p1 move shadowsneak\n>p2 switch 5\n>p1 move painsplit\n>p2 move liquidation\n>p1 move painsplit\n>p2 move liquidation\n>p1 move painsplit\n>p2 move liquidation\n>p1 move earthquake\n>p2 move liquidation\n>p1 switch 2\n>p1 move thunderbolt\n>p2 move liquidation\n>p2 switch 6\n>p1 switch 3\n>p2 move stickyweb\n>p1 move rapidspin\n>p2 switch 5\n>p1 move ironhead\n>p2 move willowisp\n>p1 move rockslide\n>p2 move calmmind\n>p1 switch 4\n>p2 move calmmind\n>p1 move foulplay\n>p2 move drainingkiss\n>p1 switch 3\n>p2 move willowisp terastallize\n>p1 move thunderbolt\n>p2 move drainingkiss\n>p1 switch 4\n>p2 move drainingkiss\n>p1 move ironhead\n>p2 switch 3\n>p1 move earthquake\n>p2 move eruption\n>p1 switch 6\n>p1 move scald\n>p2 switch 3\n>p1 move calmmind\n>p2 move willowisp\n>p1 move scald\n>p2 move willowisp\n>p1 move scald\n>p2 move willowisp\n>p2 switch 5\n>p1 move substitute\n>p2 move thunder\n>p1 move protect\n>p2 move bugbuzz\n>p1 move scald\n>p2 move bugbuzz\n>p1 move scald\n>p2 move bugbuzz\n>p2 switch 2\n>p1 switch 3\n>p2 move suckerpunch\n>p1 move toxic\n>p2 move toxicspikes\n>p1 move roost\n>p2 move toxicspikes\n>p1 move uturn\n>p2 move knockoff\n>p1 switch 5\n>p2 switch 3\n>p1 move stoneedge\n>p2 move focusblast\n>p1 switch 3\n>p1 move scald\n>p2 move focusblast\n>p1 switch 4\n>p1 move psyshock\n>p2 move focusblast\n>p1 move psyshock\n>p2 move focusblast\n>forcelose p1", "uploadtime": 1732982776, "views": 16, "formatid": "gen9randombattle", "rating": 1047, "private": 0, "password": null}