{"id": "gen9randombattle-2253912213", "format": "[Gen 9] Random Battle", "players": ["54188hhh", "Eeeeede"], "log": "|j|\u260654188hhh\n|j|\u2606Eeeeede\n|t:|1732962247\n|gametype|singles\n|player|p1|54188hhh|cynthia|1000\n|player|p2|Eeeeede|170|1012\n|teamsize|p1|6\n|teamsize|p2|6\n|gen|9\n|tier|[Gen 9] Random Battle\n|rated|\n|rule|Species Clause: Limit one of each Pok\u00e9mon\n|rule|HP Percentage Mod: HP is shown in percentages\n|rule|Sleep Clause Mod: Limit one foe put to sleep\n|rule|Illusion Level Mod: Illusion disguises the Pok\u00e9mon's true level\n|\n|t:|1732962247\n|start\n|switch|p1a: Galvantula|Galvantula, L82, F|249/249\n|switch|p2a: Arcanine|Arcanine-Hisui, L81, M|287/287\n|turn|1\n|\n|t:|1732962259\n|move|p1a: Galvantula|Volt Switch|p2a: Arcanine\n|-damage|p2a: Arcanine|202/287\n|\n|t:|1732962266\n|switch|p1a: Avalugg|Avalugg-Hisui, L90, F|317/317|[from] Volt Switch\n|move|p2a: Arcanine|Head Smash|p1a: Avalugg|[miss]\n|-miss|p2a: Arcanine|p1a: Avalugg\n|\n|upkeep\n|turn|2\n|\n|t:|1732962274\n|move|p2a: Arcanine|Flare Blitz|p1a: Avalugg\n|-crit|p1a: Avalugg\n|-damage|p1a: Avalugg|214/317\n|move|p1a: Avalugg|Body Press|p2a: Arcanine\n|-supereffective|p2a: Arcanine\n|-damage|p2a: Arcanine|0 fnt\n|faint|p2a: Arcanine\n|\n|upkeep\n|\n|t:|1732962286\n|switch|p2a: Swalot|Swalot, L90, F|326/326\n|turn|3\n|\n|t:|1732962294\n|move|p2a: Swalot|Sludge Bomb|p1a: Avalugg\n|-resisted|p1a: Avalugg\n|-damage|p1a: Avalugg|139/317\n|-status|p1a: Avalugg|psn\n|move|p1a: Avalugg|Avalanche|p2a: Swalot\n|-damage|p2a: Swalot|149/326\n|\n|-heal|p2a: Swalot|169/326|[from] item: Leftovers\n|-damage|p1a: Avalugg|100/317 psn|[from] psn\n|upkeep\n|turn|4\n|\n|t:|1732962309\n|switch|p1a: Klawf|Klawf, L90, F|272/272\n|move|p2a: Swalot|Earthquake|p1a: Klawf\n|-supereffective|p1a: Klawf\n|-damage|p1a: Klawf|168/272\n|\n|-heal|p2a: Swalot|189/326|[from] item: Leftovers\n|upkeep\n|turn|5\n|inactive|Battle timer is ON: inactive players will automatically lose when time's up. (requested by 54188hhh)\n|\n|t:|1732962321\n|move|p1a: Klawf|High Horsepower|p2a: Swalot|[miss]\n|-miss|p1a: Klawf|p2a: Swalot\n|move|p2a: Swalot|Sludge Bomb|p1a: Klawf\n|-resisted|p1a: Klawf\n|-crit|p1a: Klawf\n|-damage|p1a: Klawf|81/272\n|-ability|p1a: Klawf|Anger Shell|boost\n|-boost|p1a: Klawf|atk|1\n|-boost|p1a: Klawf|spa|1\n|-boost|p1a: Klawf|spe|1\n|-unboost|p1a: Klawf|def|1\n|-unboost|p1a: Klawf|spd|1\n|-enditem|p1a: Klawf|Sitrus Berry|[eat]\n|-heal|p1a: Klawf|149/272|[from] item: Sitrus Berry\n|\n|-heal|p2a: Swalot|209/326|[from] item: Leftovers\n|upkeep\n|turn|6\n|\n|t:|1732962335\n|move|p1a: Klawf|Knock Off|p2a: Swalot\n|-damage|p2a: Swalot|99/326\n|-enditem|p2a: Swalot|Leftovers|[from] move: Knock Off|[of] p1a: Klawf\n|move|p2a: Swalot|Sludge Bomb|p1a: Klawf\n|-resisted|p1a: Klawf\n|-damage|p1a: Klawf|65/272\n|-ability|p1a: Klawf|Anger Shell|boost\n|-boost|p1a: Klawf|atk|1\n|-boost|p1a: Klawf|spa|1\n|-boost|p1a: Klawf|spe|1\n|-unboost|p1a: Klawf|def|1\n|-unboost|p1a: Klawf|spd|1\n|\n|upkeep\n|turn|7\n|\n|t:|1732962353\n|move|p1a: Klawf|Knock Off|p2a: Swalot\n|-damage|p2a: Swalot|1/326\n|move|p2a: Swalot|Sludge Bomb|p1a: Klawf\n|-resisted|p1a: Klawf\n|-damage|p1a: Klawf|0 fnt\n|faint|p1a: Klawf\n|\n|upkeep\n|\n|t:|1732962357\n|switch|p1a: Galvantula|Galvantula, L82, F|249/249\n|turn|8\n|\n|t:|1732962363\n|move|p1a: Galvantula|Bug Buzz|p2a: Swalot\n|-resisted|p2a: Swalot\n|-damage|p2a: Swalot|0 fnt\n|faint|p2a: Swalot\n|\n|upkeep\n|\n|t:|1732962371\n|switch|p2a: Flapple|Flapple, L88, F|266/266\n|turn|9\n|\n|t:|1732962379\n|switch|p1a: Venusaur|Venusaur, L84, M|272/272\n|move|p2a: Flapple|Outrage|p1a: Venusaur\n|-damage|p1a: Venusaur|31/272\n|\n|-heal|p1a: Venusaur|48/272|[from] item: Leftovers\n|upkeep\n|turn|10\n|\n|t:|1732962387\n|move|p1a: Venusaur|Leech Seed|p2a: Flapple\n|-immune|p2a: Flapple\n|move|p2a: Flapple|Outrage|p1a: Venusaur|[from]lockedmove|[miss]\n|-miss|p2a: Flapple|p1a: Venusaur\n|\n|-heal|p1a: Venusaur|65/272|[from] item: Leftovers\n|upkeep\n|turn|11\n|\n|t:|1732962412\n|move|p1a: Venusaur|Sleep Powder|p2a: Flapple\n|-immune|p2a: Flapple\n|move|p2a: Flapple|Outrage|p1a: Venusaur\n|-damage|p1a: Venusaur|0 fnt\n|faint|p1a: Venusaur\n|\n|upkeep\n|\n|t:|1732962416\n|switch|p1a: Tropius|Tropius, L91, M|328/328\n|turn|12\n|\n|t:|1732962422\n|move|p2a: Flapple|Outrage|p1a: Tropius|[from]lockedmove|[miss]\n|-miss|p2a: Flapple|p1a: Tropius\n|-start|p2a: Flapple|confusion|[fatigue]\n|-enditem|p2a: Flapple|Lum Berry|[eat]\n|-end|p2a: Flapple|confusion\n|move|p1a: Tropius|Leech Seed|p2a: Flapple\n|-immune|p2a: Flapple\n|\n|upkeep\n|turn|13\n|\n|t:|1732962441\n|move|p2a: Flapple|Tera Blast|p1a: Tropius\n|-damage|p1a: Tropius|275/328\n|move|p1a: Tropius|Air Slash|p2a: Flapple\n|-supereffective|p2a: Flapple\n|-damage|p2a: Flapple|92/266\n|\n|upkeep\n|turn|14\n|\n|t:|1732962449\n|move|p2a: Flapple|Outrage|p1a: Tropius\n|-damage|p1a: Tropius|32/328\n|-enditem|p1a: Tropius|Sitrus Berry|[eat]\n|-heal|p1a: Tropius|114/328|[from] item: Sitrus Berry\n|move|p1a: Tropius|Air Slash|p2a: Flapple\n|-supereffective|p2a: Flapple\n|-damage|p2a: Flapple|0 fnt\n|faint|p2a: Flapple\n|\n|upkeep\n|\n|t:|1732962459\n|switch|p2a: Abomasnow|Abomasnow, L85, M|291/291\n|-weather|Snow|[from] ability: Snow Warning|[of] p2a: Abomasnow\n|turn|15\n|\n|t:|1732962475\n|switch|p1a: Galvantula|Galvantula, L82, F|249/249\n|move|p2a: Abomasnow|Blizzard|p1a: Galvantula\n|-damage|p1a: Galvantula|95/249\n|\n|-weather|Snow|[upkeep]\n|upkeep\n|turn|16\n|\n|t:|1732962483\n|move|p1a: Galvantula|Volt Switch|p2a: Abomasnow\n|-resisted|p2a: Abomasnow\n|-damage|p2a: Abomasnow|255/291\n|\n|t:|1732962488\n|switch|p1a: Avalugg|Avalugg-Hisui, L90, F|100/317 psn|[from] Volt Switch\n|move|p2a: Abomasnow|Earthquake|p1a: Avalugg\n|-supereffective|p1a: Avalugg\n|-damage|p1a: Avalugg|50/317 psn\n|\n|-weather|Snow|[upkeep]\n|-damage|p1a: Avalugg|11/317 psn|[from] psn\n|upkeep\n|turn|17\n|\n|t:|1732962498\n|move|p2a: Abomasnow|Blizzard|p1a: Avalugg\n|-resisted|p1a: Avalugg\n|-damage|p1a: Avalugg|0 fnt\n|faint|p1a: Avalugg\n|\n|-weather|Snow|[upkeep]\n|upkeep\n|\n|t:|1732962506\n|switch|p1a: Galvantula|Galvantula, L82, F|95/249\n|turn|18\n|\n|t:|1732962510\n|move|p1a: Galvantula|Thunder|p2a: Abomasnow\n|-resisted|p2a: Abomasnow\n|-damage|p2a: Abomasnow|195/291\n|-status|p2a: Abomasnow|par\n|cant|p2a: Abomasnow|par\n|\n|-weather|Snow|[upkeep]\n|upkeep\n|turn|19\n|\n|t:|1732962519\n|move|p1a: Galvantula|Bug Buzz|p2a: Abomasnow\n|-supereffective|p2a: Abomasnow\n|-damage|p2a: Abomasnow|15/291 par\n|move|p2a: Abomasnow|Earthquake|p1a: Galvantula\n|-damage|p1a: Galvantula|7/249\n|\n|-weather|none\n|upkeep\n|turn|20\n|\n|t:|1732962528\n|move|p1a: Galvantula|Bug Buzz|p2a: Abomasnow\n|-supereffective|p2a: Abomasnow\n|-damage|p2a: Abomasnow|0 fnt\n|faint|p2a: Abomasnow\n|\n|upkeep\n|\n|t:|1732962533\n|switch|p2a: Corviknight|Corviknight, L80, F|288/288\n|turn|21\n|\n|t:|1732962538\n|move|p1a: Galvantula|Volt Switch|p2a: Corviknight\n|-supereffective|p2a: Corviknight\n|-damage|p2a: Corviknight|148/288\n|\n|t:|1732962542\n|switch|p1a: Tropius|Tropius, L91, M|114/328|[from] Volt Switch\n|move|p2a: Corviknight|Brave Bird|p1a: Tropius\n|-supereffective|p1a: Tropius\n|-damage|p1a: Tropius|0 fnt\n|faint|p1a: Tropius\n|-damage|p2a: Corviknight|110/288|[from] Recoil\n|\n|upkeep\n|\n|t:|1732962544\n|switch|p1a: Galvantula|Galvantula, L82, F|7/249\n|turn|22\n|\n|t:|1732962554\n|move|p1a: Galvantula|Thunder|p2a: Corviknight\n|-supereffective|p2a: Corviknight\n|-damage|p2a: Corviknight|0 fnt\n|faint|p2a: Corviknight\n|\n|upkeep\n|\n|t:|1732962559\n|switch|p2a: Suicune|Suicune, L82|298/298\n|-ability|p2a: Suicune|Pressure\n|turn|23\n|\n|t:|1732962573\n|move|p1a: Galvantula|Volt Switch|p2a: Suicune\n|-supereffective|p2a: Suicune\n|-damage|p2a: Suicune|182/298\n|\n|t:|1732962576\n|switch|p1a: Miraidon|Miraidon, L65|238/238|[from] Volt Switch\n|-fieldstart|move: Electric Terrain|[from] ability: Hadron Engine|[of] p1a: Miraidon\n|move|p2a: Suicune|Scald|p1a: Miraidon\n|-resisted|p1a: Miraidon\n|-damage|p1a: Miraidon|196/238\n|\n|-heal|p2a: Suicune|200/298|[from] item: Leftovers\n|upkeep\n|turn|24\n|\n|t:|1732962587\n|-terastallize|p1a: Miraidon|Electric\n|move|p1a: Miraidon|Electro Drift|p2a: Suicune\n|-supereffective|p2a: Suicune\n|-damage|p2a: Suicune|0 fnt\n|faint|p2a: Suicune\n|\n|win|54188hhh\n|raw|54188hhh's rating: 1000 &rarr; <strong>1041</strong><br />(+41 for winning)\n|raw|Eeeeede's rating: 1012 &rarr; <strong>1000</strong><br />(-12 for losing)\n|l|\u2606Eeeeede\n|player|p2|\n", "inputlog": ">version b107d77f5c90bd6555267ae244a6264823309ead\n>start {\"formatid\":\"gen9randombattle\",\"seed\":[30195,33000,13144,61254],\"rated\":\"Rated battle\"}\n>player p1 {\"name\":\"54188hhh\",\"avatar\":\"cynthia\",\"rating\":1000,\"seed\":[50975,8338,49822,25323]}\n>player p2 {\"name\":\"Eeeeede\",\"avatar\":\"170\",\"rating\":1012,\"seed\":[62489,64749,13347,41307]}\n>p1 move voltswitch\n>p2 move headsmash\n>p1 switch 3\n>p1 move bodypress\n>p2 move flareblitz\n>p2 switch 2\n>p1 move avalanche\n>p2 move sludgebomb\n>p1 switch 4\n>p2 move earthquake\n>p1 move highhorsepower\n>p2 move sludgebomb\n>p1 move knockoff\n>p2 move sludgebomb\n>p1 move knockoff\n>p2 move sludgebomb\n>p1 switch 3\n>p1 move bugbuzz\n>p2 move earthquake\n>p2 switch 6\n>p1 switch 5\n>p2 move outrage\n>p1 move leechseed\n>p2 move outrage\n>p1 move sleeppowder\n>p2 move outrage\n>p1 switch 2\n>p1 move leechseed\n>p2 move outrage\n>p1 move airslash\n>p2 move terablast\n>p1 move airslash\n>p2 move outrage\n>p2 switch 5\n>p1 switch 5\n>p2 move blizzard\n>p1 move voltswitch\n>p2 move earthquake\n>p1 switch 4\n>p1 move recover\n>p2 move blizzard\n>p1 switch 4\n>p1 move thunder\n>p2 move earthquake\n>p1 move bugbuzz\n>p2 move earthquake\n>p1 move bugbuzz\n>p2 move earthquake\n>p2 switch 3\n>p1 move voltswitch\n>p2 move bravebird\n>p1 switch 5\n>p1 switch 5\n>p1 move thunder\n>p2 move bodypress\n>p2 switch 4\n>p1 move voltswitch\n>p2 move scald\n>p1 switch 6\n>p1 move electrodrift terastallize\n>p2 move scald", "uploadtime": 1732962597, "views": 2, "formatid": "gen9randombattle", "rating": 1000, "private": 0, "password": null}