{"id": "gen9randombattle-2254115626", "format": "[Gen 9] Random Battle", "players": ["gen zek", "Sealed Book"], "log": "|j|\u2606gen zek\n|j|\u2606Sealed Book\n|t:|1732993113\n|gametype|singles\n|player|p1|gen zek|juan|1499\n|player|p2|Sealed Book|lisia|1457\n|teamsize|p1|6\n|teamsize|p2|6\n|gen|9\n|tier|[Gen 9] Random Battle\n|rated|\n|rule|Species Clause: Limit one of each Pok\u00e9mon\n|rule|HP Percentage Mod: HP is shown in percentages\n|rule|Sleep Clause Mod: Limit one foe put to sleep\n|rule|Illusion Level Mod: Illusion disguises the Pok\u00e9mon's true level\n|\n|t:|1732993113\n|start\n|switch|p1a: Ampharos|Ampharos, L88, F|302/302\n|switch|p2a: Azumarill|Azumarill, L82, M|298/298\n|turn|1\n|\n|t:|1732993126\n|switch|p2a: Palossand|Palossand, L89, F|296/296\n|move|p1a: Ampharos|Thunderbolt|p2a: Palossand\n|-immune|p2a: Palossand\n|\n|upkeep\n|turn|2\n|\n|t:|1732993142\n|switch|p1a: Leavanny|Leavanny, L86, M|269/269\n|move|p2a: Palossand|Sludge Bomb|p1a: Leavanny\n|-supereffective|p1a: Leavanny\n|-damage|p1a: Leavanny|113/269\n|-status|p1a: Leavanny|psn\n|\n|-damage|p1a: Leavanny|80/269 psn|[from] psn\n|upkeep\n|turn|3\n|\n|t:|1732993156\n|move|p1a: Leavanny|Knock Off|p2a: Palossand\n|-supereffective|p2a: Palossand\n|-damage|p2a: Palossand|174/296\n|-enditem|p2a: Palossand|Leftovers|[from] move: Knock Off|[of] p1a: Leavanny\n|move|p2a: Palossand|Sludge Bomb|p1a: Leavanny\n|-supereffective|p1a: Leavanny\n|-damage|p1a: Leavanny|0 fnt\n|faint|p1a: Leavanny\n|\n|upkeep\n|inactive|Battle timer is ON: inactive players will automatically lose when time's up. (requested by Sealed Book)\n|\n|t:|1732993171\n|switch|p1a: Iron Treads|Iron Treads, L77|265/265\n|turn|4\n|\n|t:|1732993177\n|move|p1a: Iron Treads|Earthquake|p2a: Palossand\n|-damage|p2a: Palossand|101/296\n|move|p2a: Palossand|Earth Power|p1a: Iron Treads\n|-supereffective|p1a: Iron Treads\n|-damage|p1a: Iron Treads|0 fnt\n|faint|p1a: Iron Treads\n|-end|p1a: Iron Treads|Quark Drive|[silent]\n|\n|upkeep\n|\n|t:|1732993186\n|switch|p1a: Wyrdeer|Wyrdeer, L87, M|321/321\n|-ability|p1a: Wyrdeer|Intimidate|boost\n|-unboost|p2a: Palossand|atk|1\n|turn|5\n|\n|t:|1732993195\n|switch|p2a: Weavile|Weavile, L79, M|240/240\n|move|p1a: Wyrdeer|Psychic Noise|p2a: Weavile\n|-immune|p2a: Weavile\n|\n|upkeep\n|turn|6\n|\n|t:|1732993204\n|switch|p1a: Ampharos|Ampharos, L88, F|302/302\n|move|p2a: Weavile|Knock Off|p1a: Ampharos\n|-damage|p1a: Ampharos|188/302\n|-status|p2a: Weavile|par|[from] ability: Static|[of] p1a: Ampharos\n|-enditem|p1a: Ampharos|Assault Vest|[from] move: Knock Off|[of] p2a: Weavile\n|\n|upkeep\n|turn|7\n|\n|t:|1732993220\n|switch|p2a: Palossand|Palossand, L89, F|101/296\n|move|p1a: Ampharos|Focus Blast|p2a: Palossand\n|-immune|p2a: Palossand\n|\n|upkeep\n|turn|8\n|\n|t:|1732993229\n|switch|p1a: Wyrdeer|Wyrdeer, L87, M|321/321\n|-ability|p1a: Wyrdeer|Intimidate|boost\n|-unboost|p2a: Palossand|atk|1\n|move|p2a: Palossand|Shore Up|p2a: Palossand\n|-heal|p2a: Palossand|249/296\n|\n|upkeep\n|turn|9\n|\n|t:|1732993236\n|switch|p2a: Weavile|Weavile, L79, M|240/240 par\n|move|p1a: Wyrdeer|Earthquake|p2a: Weavile\n|-damage|p2a: Weavile|142/240 par\n|\n|upkeep\n|turn|10\n|\n|t:|1732993246\n|switch|p1a: Oinkologne|Oinkologne, L92, M|352/352\n|move|p2a: Weavile|Knock Off|p1a: Oinkologne\n|-damage|p1a: Oinkologne|246/352\n|-enditem|p1a: Oinkologne|Leftovers|[from] move: Knock Off|[of] p2a: Weavile\n|\n|upkeep\n|turn|11\n|\n|t:|1732993275\n|switch|p2a: Clefable|Clefable, L83, F|293/293\n|move|p1a: Oinkologne|Curse|p1a: Oinkologne\n|-unboost|p1a: Oinkologne|spe|1\n|-boost|p1a: Oinkologne|atk|1\n|-boost|p1a: Oinkologne|def|1\n|\n|upkeep\n|turn|12\n|\n|t:|1732993284\n|move|p2a: Clefable|Moonblast|p1a: Oinkologne\n|-damage|p1a: Oinkologne|146/352\n|-unboost|p1a: Oinkologne|spa|1\n|move|p1a: Oinkologne|Body Slam|p2a: Clefable\n|-damage|p2a: Clefable|166/293\n|-status|p2a: Clefable|par\n|\n|-heal|p2a: Clefable|184/293 par|[from] item: Leftovers\n|upkeep\n|turn|13\n|\n|t:|1732993295\n|move|p1a: Oinkologne|Body Slam|p2a: Clefable\n|-damage|p2a: Clefable|54/293 par\n|move|p2a: Clefable|Moonblast|p1a: Oinkologne\n|-damage|p1a: Oinkologne|56/352\n|\n|-heal|p2a: Clefable|72/293 par|[from] item: Leftovers\n|upkeep\n|turn|14\n|\n|t:|1732993302\n|move|p1a: Oinkologne|Body Slam|p2a: Clefable\n|-damage|p2a: Clefable|0 fnt\n|faint|p2a: Clefable\n|\n|upkeep\n|\n|t:|1732993310\n|switch|p2a: Raging Bolt|Raging Bolt, L78|323/323\n|turn|15\n|\n|t:|1732993323\n|move|p2a: Raging Bolt|Dragon Pulse|p1a: Oinkologne\n|-damage|p1a: Oinkologne|0 fnt\n|faint|p1a: Oinkologne\n|\n|upkeep\n|\n|t:|1732993333\n|switch|p1a: Wyrdeer|Wyrdeer, L87, M|321/321\n|-ability|p1a: Wyrdeer|Intimidate|boost\n|-unboost|p2a: Raging Bolt|atk|1\n|turn|16\n|\n|t:|1732993351\n|move|p1a: Wyrdeer|Earthquake|p2a: Raging Bolt\n|-supereffective|p2a: Raging Bolt\n|-damage|p2a: Raging Bolt|165/323\n|move|p2a: Raging Bolt|Thunderbolt|p1a: Wyrdeer\n|-crit|p1a: Wyrdeer\n|-damage|p1a: Wyrdeer|141/321\n|\n|-heal|p1a: Wyrdeer|161/321|[from] item: Leftovers\n|-heal|p2a: Raging Bolt|185/323|[from] item: Leftovers\n|upkeep\n|turn|17\n|\n|t:|1732993362\n|-terastallize|p1a: Wyrdeer|Ground\n|move|p1a: Wyrdeer|Earthquake|p2a: Raging Bolt\n|-supereffective|p2a: Raging Bolt\n|-damage|p2a: Raging Bolt|0 fnt\n|faint|p2a: Raging Bolt\n|-end|p2a: Raging Bolt|Protosynthesis|[silent]\n|\n|-heal|p1a: Wyrdeer|181/321|[from] item: Leftovers\n|upkeep\n|\n|t:|1732993365\n|switch|p2a: Azumarill|Azumarill, L82, M|298/298\n|turn|18\n|\n|t:|1732993373\n|move|p1a: Wyrdeer|Thunderbolt|p2a: Azumarill\n|-supereffective|p2a: Azumarill\n|-damage|p2a: Azumarill|140/298\n|-enditem|p2a: Azumarill|Sitrus Berry|[eat]\n|-heal|p2a: Azumarill|214/298|[from] item: Sitrus Berry\n|move|p2a: Azumarill|Liquidation|p1a: Wyrdeer\n|-supereffective|p1a: Wyrdeer\n|-damage|p1a: Wyrdeer|0 fnt\n|faint|p1a: Wyrdeer\n|\n|upkeep\n|\n|t:|1732993383\n|switch|p1a: Ampharos|Ampharos, L88, F|188/302\n|turn|19\n|\n|t:|1732993387\n|switch|p2a: Palossand|Palossand, L89, F|249/296\n|move|p1a: Ampharos|Thunderbolt|p2a: Palossand\n|-immune|p2a: Palossand\n|\n|upkeep\n|turn|20\n|\n|t:|1732993394\n|move|p1a: Ampharos|Dazzling Gleam|p2a: Palossand\n|-damage|p2a: Palossand|179/296\n|move|p2a: Palossand|Earth Power|p1a: Ampharos\n|-supereffective|p1a: Ampharos\n|-damage|p1a: Ampharos|0 fnt\n|faint|p1a: Ampharos\n|\n|upkeep\n|\n|t:|1732993401\n|switch|p1a: Pecharunt|Pecharunt, L77|262/262\n|turn|21\n|\n|t:|1732993404\n|move|p1a: Pecharunt|Shadow Ball|p2a: Palossand\n|-supereffective|p2a: Palossand\n|-damage|p2a: Palossand|29/296\n|move|p2a: Palossand|Earth Power|p1a: Pecharunt\n|-supereffective|p1a: Pecharunt\n|-damage|p1a: Pecharunt|4/262\n|\n|-heal|p1a: Pecharunt|20/262|[from] item: Leftovers\n|upkeep\n|turn|22\n|\n|t:|1732993414\n|move|p1a: Pecharunt|Shadow Ball|p2a: Palossand\n|-supereffective|p2a: Palossand\n|-damage|p2a: Palossand|0 fnt\n|faint|p2a: Palossand\n|\n|-heal|p1a: Pecharunt|36/262|[from] item: Leftovers\n|upkeep\n|\n|t:|1732993416\n|switch|p2a: Azumarill|Azumarill, L82, M|214/298\n|turn|23\n|\n|t:|1732993428\n|move|p2a: Azumarill|Aqua Jet|p1a: Pecharunt\n|-damage|p1a: Pecharunt|2/262\n|move|p1a: Pecharunt|Recover|p1a: Pecharunt\n|-heal|p1a: Pecharunt|133/262\n|\n|-heal|p1a: Pecharunt|149/262|[from] item: Leftovers\n|upkeep\n|turn|24\n|\n|t:|1732993437\n|-terastallize|p2a: Azumarill|Water\n|move|p1a: Pecharunt|Recover|p1a: Pecharunt\n|-heal|p1a: Pecharunt|262/262\n|move|p2a: Azumarill|Liquidation|p1a: Pecharunt\n|-damage|p1a: Pecharunt|160/262\n|\n|-heal|p1a: Pecharunt|176/262|[from] item: Leftovers\n|upkeep\n|turn|25\n|\n|t:|1732993446\n|move|p1a: Pecharunt|Malignant Chain|p2a: Azumarill\n|-damage|p2a: Azumarill|118/298\n|-status|p2a: Azumarill|tox\n|-start|p2a: Azumarill|confusion|[from] ability: Poison Puppeteer|[of] p1a: Pecharunt\n|-activate|p2a: Azumarill|confusion\n|move|p2a: Azumarill|Liquidation|p1a: Pecharunt\n|-damage|p1a: Pecharunt|80/262\n|\n|-heal|p1a: Pecharunt|96/262|[from] item: Leftovers\n|-damage|p2a: Azumarill|100/298 tox|[from] psn\n|upkeep\n|turn|26\n|\n|t:|1732993457\n|move|p1a: Pecharunt|Recover|p1a: Pecharunt\n|-heal|p1a: Pecharunt|227/262\n|-activate|p2a: Azumarill|confusion\n|move|p2a: Azumarill|Liquidation|p1a: Pecharunt\n|-damage|p1a: Pecharunt|121/262\n|\n|-heal|p1a: Pecharunt|137/262|[from] item: Leftovers\n|-damage|p2a: Azumarill|64/298 tox|[from] psn\n|upkeep\n|turn|27\n|\n|t:|1732993472\n|move|p1a: Pecharunt|Nasty Plot|p1a: Pecharunt\n|-boost|p1a: Pecharunt|spa|2\n|-activate|p2a: Azumarill|confusion\n|-damage|p2a: Azumarill|44/298 tox|[from] confusion\n|\n|-heal|p1a: Pecharunt|153/262|[from] item: Leftovers\n|-damage|p2a: Azumarill|0 fnt|[from] psn\n|faint|p2a: Azumarill\n|upkeep\n|\n|t:|1732993478\n|switch|p2a: Weavile|Weavile, L79, M|142/240 par\n|turn|28\n|\n|t:|1732993482\n|move|p1a: Pecharunt|Malignant Chain|p2a: Weavile\n|-damage|p2a: Weavile|0 fnt\n|faint|p2a: Weavile\n|\n|-heal|p1a: Pecharunt|169/262|[from] item: Leftovers\n|upkeep\n|\n|t:|1732993484\n|switch|p2a: Kingdra|Kingdra, L84, F|263/263\n|turn|29\n|\n|t:|1732993491\n|move|p2a: Kingdra|Wave Crash|p1a: Pecharunt\n|-damage|p1a: Pecharunt|84/262\n|-damage|p2a: Kingdra|235/263|[from] Recoil\n|move|p1a: Pecharunt|Malignant Chain|p2a: Kingdra\n|-damage|p2a: Kingdra|70/263\n|\n|-heal|p1a: Pecharunt|100/262|[from] item: Leftovers\n|upkeep\n|turn|30\n|\n|t:|1732993499\n|move|p2a: Kingdra|Iron Head|p1a: Pecharunt\n|-damage|p1a: Pecharunt|58/262\n|move|p1a: Pecharunt|Malignant Chain|p2a: Kingdra\n|-damage|p2a: Kingdra|0 fnt\n|faint|p2a: Kingdra\n|\n|win|gen zek\n|raw|gen zek's rating: 1499 &rarr; <strong>1517</strong><br />(+18 for winning)\n|raw|Sealed Book's rating: 1457 &rarr; <strong>1439</strong><br />(-18 for losing)\n|l|\u2606gen zek\n|player|p1|\n|c|\u2606Sealed Book|26 wins - 8 loses\n", "inputlog": ">version b107d77f5c90bd6555267ae244a6264823309ead\n>start {\"formatid\":\"gen9randombattle\",\"seed\":[47106,12826,40330,4320],\"rated\":\"Rated battle\"}\n>player p1 {\"name\":\"gen zek\",\"avatar\":\"juan\",\"rating\":1499,\"seed\":[44650,26502,52260,11726]}\n>player p2 {\"name\":\"Sealed Book\",\"avatar\":\"lisia\",\"rating\":1457,\"seed\":[35952,38462,3062,16267]}\n>p1 move thunderbolt\n>p2 switch 4\n>p1 switch 5\n>p2 move sludgebomb\n>p1 move knockoff\n>p2 move sludgebomb\n>p1 switch 3\n>p1 move earthquake\n>p2 move earthpower\n>p1 switch 4\n>p1 move psychicnoise\n>p2 switch 2\n>p1 switch 5\n>p2 move knockoff\n>p1 move focusblast\n>p2 switch 2\n>p1 switch 5\n>p2 move shoreup\n>p1 move earthquake\n>p2 switch 2\n>p1 switch 6\n>p2 move knockoff\n>p1 move curse\n>p2 switch 6\n>p1 move bodyslam\n>p2 move moonblast\n>p1 move bodyslam\n>p2 move moonblast\n>p1 move bodyslam\n>p2 move moonblast\n>p2 switch 5\n>p1 move highhorsepower\n>p2 move dragonpulse\n>p1 switch 6\n>p1 move earthquake\n>p2 move thunderbolt\n>p1 move earthquake terastallize\n>p2 move thunderbolt\n>p2 switch 4\n>p1 move thunderbolt\n>p2 move liquidation\n>p1 switch 5\n>p1 move thunderbolt\n>p2 switch 2\n>p1 move dazzlinggleam\n>p2 move earthpower\n>p1 switch 2\n>p1 move shadowball\n>p2 move earthpower\n>p1 move shadowball\n>p2 move earthpower\n>p2 switch 2\n>p1 move recover\n>p2 move aquajet\n>p1 move recover\n>p2 move liquidation terastallize\n>p1 move malignantchain\n>p2 move liquidation\n>p1 move recover\n>p2 move liquidation\n>p1 move nastyplot\n>p2 move liquidation\n>p2 switch 6\n>p1 move malignantchain\n>p2 move knockoff\n>p2 switch 3\n>p1 move malignantchain\n>p2 move wavecrash\n>p1 move malignantchain\n>p2 move ironhead", "uploadtime": 1732993511, "views": 1, "formatid": "gen9randombattle", "rating": 1439, "private": 0, "password": null}