{"id": "gen9randombattle-2253804035", "format": "[Gen 9] Random Battle", "players": ["xuxiansheng", "Qiuescent"], "log": "|j|\u2606xuxiansheng\n|j|\u203dQiuescent\n|t:|1732940758\n|gametype|singles\n|player|p1|xuxiansheng|mira|2259\n|player|p2|Qiuescent|1|2299\n|teamsize|p1|6\n|teamsize|p2|6\n|gen|9\n|tier|[Gen 9] Random Battle\n|rated|\n|rule|Species Clause: Limit one of each Pok\u00e9mon\n|rule|HP Percentage Mod: HP is shown in percentages\n|rule|Sleep Clause Mod: Limit one foe put to sleep\n|rule|Illusion Level Mod: Illusion disguises the Pok\u00e9mon's true level\n|\n|t:|1732940758\n|start\n|switch|p1a: Oinkologne|Oinkologne, L92, M|352/352\n|switch|p2a: Groudon|Groudon, L72|263/263\n|-weather|SunnyDay|[from] ability: Drought|[of] p2a: Groudon\n|turn|1\n|inactive|Battle timer is ON: inactive players will automatically lose when time's up. (requested by xuxiansheng)\n|\n|t:|1732940769\n|move|p1a: Oinkologne|Body Slam|p2a: Groudon\n|-damage|p2a: Groudon|179/263\n|move|p2a: Groudon|Swords Dance|p2a: Groudon\n|-boost|p2a: Groudon|atk|2\n|\n|-weather|SunnyDay|[upkeep]\n|-heal|p2a: Groudon|195/263|[from] item: Leftovers\n|upkeep\n|turn|2\n|\n|t:|1732940776\n|move|p2a: Groudon|Precipice Blades|p1a: Oinkologne\n|-damage|p1a: Oinkologne|81/352\n|move|p1a: Oinkologne|Body Slam|p2a: Groudon\n|-damage|p2a: Groudon|113/263\n|\n|-weather|SunnyDay|[upkeep]\n|-heal|p2a: Groudon|129/263|[from] item: Leftovers\n|-heal|p1a: Oinkologne|103/352|[from] item: Leftovers\n|upkeep\n|turn|3\n|\n|t:|1732940779\n|move|p1a: Oinkologne|Body Slam|p2a: Groudon\n|-damage|p2a: Groudon|42/263\n|move|p2a: Groudon|Precipice Blades|p1a: Oinkologne\n|-damage|p1a: Oinkologne|0 fnt\n|faint|p1a: Oinkologne\n|\n|-weather|SunnyDay|[upkeep]\n|-heal|p2a: Groudon|58/263|[from] item: Leftovers\n|upkeep\n|\n|t:|1732940784\n|switch|p1a: Luvdisc|Luvdisc, M|247/247\n|turn|4\n|\n|t:|1732940793\n|move|p1a: Luvdisc|Surf|p2a: Groudon\n|-supereffective|p2a: Groudon\n|-damage|p2a: Groudon|0 fnt\n|faint|p2a: Groudon\n|\n|-weather|SunnyDay|[upkeep]\n|upkeep\n|\n|t:|1732940801\n|switch|p2a: Venusaur|Venusaur, L84, M|272/272\n|turn|5\n|\n|t:|1732940804\n|move|p2a: Venusaur|Sleep Powder|p1a: Luvdisc\n|-status|p1a: Luvdisc|slp|[from] move: Sleep Powder\n|cant|p1a: Luvdisc|slp\n|\n|-weather|none\n|upkeep\n|turn|6\n|\n|t:|1732940810\n|switch|p1a: Slither Wing|Slither Wing, L81|270/270\n|-enditem|p1a: Slither Wing|Booster Energy\n|-activate|p1a: Slither Wing|ability: Protosynthesis|[fromitem]\n|-start|p1a: Slither Wing|protosynthesisatk\n|move|p2a: Venusaur|Knock Off|p1a: Slither Wing\n|-resisted|p1a: Slither Wing\n|-damage|p1a: Slither Wing|247/270\n|\n|upkeep\n|turn|7\n|\n|t:|1732940816\n|move|p2a: Venusaur|Sludge Bomb|p1a: Slither Wing\n|-damage|p1a: Slither Wing|156/270\n|move|p1a: Slither Wing|Bulk Up|p1a: Slither Wing\n|-boost|p1a: Slither Wing|atk|1\n|-boost|p1a: Slither Wing|def|1\n|\n|upkeep\n|turn|8\n|\n|t:|1732940821\n|move|p2a: Venusaur|Sludge Bomb|p1a: Slither Wing\n|-damage|p1a: Slither Wing|66/270\n|-status|p1a: Slither Wing|psn\n|move|p1a: Slither Wing|Earthquake|p2a: Venusaur\n|-damage|p2a: Venusaur|96/272\n|\n|-heal|p2a: Venusaur|113/272|[from] item: Leftovers\n|-damage|p1a: Slither Wing|33/270 psn|[from] psn\n|upkeep\n|turn|9\n|\n|t:|1732940827\n|move|p2a: Venusaur|Sludge Bomb|p1a: Slither Wing\n|-damage|p1a: Slither Wing|0 fnt\n|faint|p1a: Slither Wing\n|-end|p1a: Slither Wing|Protosynthesis|[silent]\n|\n|-heal|p2a: Venusaur|130/272|[from] item: Leftovers\n|upkeep\n|\n|t:|1732940829\n|switch|p1a: Rabsca|Rabsca, L91, M|284/284\n|turn|10\n|\n|t:|1732940836\n|move|p2a: Venusaur|Knock Off|p1a: Rabsca\n|-supereffective|p1a: Rabsca\n|-damage|p1a: Rabsca|162/284\n|-enditem|p1a: Rabsca|Heavy-Duty Boots|[from] move: Knock Off|[of] p2a: Venusaur\n|move|p1a: Rabsca|Psychic|p2a: Venusaur\n|-supereffective|p2a: Venusaur\n|-damage|p2a: Venusaur|0 fnt\n|faint|p2a: Venusaur\n|\n|upkeep\n|\n|t:|1732940853\n|switch|p2a: Iron Treads|Iron Treads, L77|265/265\n|turn|11\n|\n|t:|1732940860\n|move|p2a: Iron Treads|Stealth Rock|p1a: Rabsca\n|-sidestart|p1: xuxiansheng|move: Stealth Rock\n|move|p1a: Rabsca|Recover|p1a: Rabsca\n|-heal|p1a: Rabsca|284/284\n|\n|upkeep\n|turn|12\n|\n|t:|1732940865\n|move|p2a: Iron Treads|Iron Head|p1a: Rabsca\n|-damage|p1a: Rabsca|212/284\n|move|p1a: Rabsca|Revival Blessing|p1a: Rabsca\n|\n|t:|1732940875\n|-heal|p1: Oinkologne|176/352|[from] move: Revival Blessing\n|\n|upkeep\n|turn|13\n|\n|t:|1732940880\n|switch|p1a: Luvdisc|Luvdisc, M|247/247 slp\n|move|p2a: Iron Treads|Iron Head|p1a: Luvdisc\n|-resisted|p1a: Luvdisc\n|-damage|p1a: Luvdisc|203/247 slp\n|\n|upkeep\n|turn|14\n|\n|t:|1732940884\n|cant|p1a: Luvdisc|slp\n|move|p2a: Iron Treads|Earthquake|p1a: Luvdisc\n|-crit|p1a: Luvdisc\n|-damage|p1a: Luvdisc|16/247 slp\n|\n|upkeep\n|turn|15\n|\n|t:|1732940887\n|-curestatus|p1a: Luvdisc|slp|[msg]\n|move|p1a: Luvdisc|Endeavor|p2a: Iron Treads\n|-damage|p2a: Iron Treads|16/265\n|move|p2a: Iron Treads|Rapid Spin|p1a: Luvdisc\n|-damage|p1a: Luvdisc|0 fnt\n|-boost|p2a: Iron Treads|spe|1\n|faint|p1a: Luvdisc\n|\n|-heal|p2a: Iron Treads|32/265|[from] item: Leftovers\n|upkeep\n|\n|t:|1732940892\n|switch|p1a: Oinkologne|Oinkologne, L92, M|176/352\n|-damage|p1a: Oinkologne|132/352|[from] Stealth Rock\n|turn|16\n|\n|t:|1732940895\n|move|p2a: Iron Treads|Earthquake|p1a: Oinkologne\n|-damage|p1a: Oinkologne|21/352\n|move|p1a: Oinkologne|Body Slam|p2a: Iron Treads\n|-resisted|p2a: Iron Treads\n|-damage|p2a: Iron Treads|0 fnt\n|faint|p2a: Iron Treads\n|-end|p2a: Iron Treads|Quark Drive|[silent]\n|\n|-heal|p1a: Oinkologne|43/352|[from] item: Leftovers\n|upkeep\n|\n|t:|1732940900\n|switch|p2a: Kingdra|Kingdra, L84, M|263/263\n|turn|17\n|\n|t:|1732940903\n|move|p2a: Kingdra|Wave Crash|p1a: Oinkologne\n|-damage|p1a: Oinkologne|0 fnt\n|faint|p1a: Oinkologne\n|-damage|p2a: Kingdra|249/263|[from] Recoil\n|\n|upkeep\n|\n|t:|1732940907\n|switch|p1a: Zamazenta|Zamazenta-Crowned, L68|238/238\n|-damage|p1a: Zamazenta|231/238|[from] Stealth Rock\n|-ability|p1a: Zamazenta|Dauntless Shield|boost\n|-boost|p1a: Zamazenta|def|1\n|turn|18\n|\n|t:|1732940912\n|move|p1a: Zamazenta|Iron Defense|p1a: Zamazenta\n|-boost|p1a: Zamazenta|def|2\n|move|p2a: Kingdra|Dragon Dance|p2a: Kingdra\n|-boost|p2a: Kingdra|atk|1\n|-boost|p2a: Kingdra|spe|1\n|\n|upkeep\n|turn|19\n|\n|t:|1732940916\n|move|p2a: Kingdra|Wave Crash|p1a: Zamazenta\n|-damage|p1a: Zamazenta|161/238\n|-damage|p2a: Kingdra|226/263|[from] Recoil\n|move|p1a: Zamazenta|Body Press|p2a: Kingdra\n|-damage|p2a: Kingdra|48/263\n|\n|upkeep\n|turn|20\n|\n|t:|1732940919\n|move|p2a: Kingdra|Wave Crash|p1a: Zamazenta\n|-damage|p1a: Zamazenta|101/238\n|-damage|p2a: Kingdra|28/263|[from] Recoil\n|move|p1a: Zamazenta|Body Press|p2a: Kingdra\n|-damage|p2a: Kingdra|0 fnt\n|faint|p2a: Kingdra\n|\n|upkeep\n|\n|t:|1732940924\n|switch|p2a: Miraidon|Miraidon, L65|238/238\n|-fieldstart|move: Electric Terrain|[from] ability: Hadron Engine|[of] p2a: Miraidon\n|turn|21\n|\n|t:|1732940931\n|switch|p1a: Rhydon|Rhydon, L85, F|317/317\n|-damage|p1a: Rhydon|298/317|[from] Stealth Rock\n|move|p2a: Miraidon|Electro Drift|p1a: Rhydon\n|-ability|p1a: Rhydon|Lightning Rod|boost\n|-boost|p1a: Rhydon|spa|1\n|\n|upkeep\n|turn|22\n|\n|t:|1732940938\n|move|p2a: Miraidon|Substitute|p2a: Miraidon\n|-start|p2a: Miraidon|Substitute\n|-damage|p2a: Miraidon|179/238\n|move|p1a: Rhydon|Earthquake|p2a: Miraidon\n|-supereffective|p2a: Miraidon\n|-end|p2a: Miraidon|Substitute\n|\n|-heal|p2a: Miraidon|193/238|[from] item: Leftovers\n|upkeep\n|turn|23\n|\n|t:|1732940940\n|move|p2a: Miraidon|Draco Meteor|p1a: Rhydon\n|-damage|p1a: Rhydon|133/317\n|-unboost|p2a: Miraidon|spa|2\n|move|p1a: Rhydon|Earthquake|p2a: Miraidon\n|-supereffective|p2a: Miraidon\n|-damage|p2a: Miraidon|0 fnt\n|faint|p2a: Miraidon\n|\n|upkeep\n|\n|t:|1732940943\n|switch|p2a: Zacian|Zacian-Crowned, L64|225/225\n|-ability|p2a: Zacian|Intrepid Sword|boost\n|-boost|p2a: Zacian|atk|1\n|turn|24\n|\n|t:|1732940946\n|-terastallize|p2a: Zacian|Fighting\n|-terastallize|p1a: Rhydon|Water\n|move|p2a: Zacian|Swords Dance|p2a: Zacian\n|-boost|p2a: Zacian|atk|2\n|move|p1a: Rhydon|Earthquake|p2a: Zacian\n|-damage|p2a: Zacian|75/225\n|\n|upkeep\n|turn|25\n|\n|t:|1732940951\n|move|p2a: Zacian|Close Combat|p1a: Rhydon\n|-damage|p1a: Rhydon|0 fnt\n|-unboost|p2a: Zacian|def|1\n|-unboost|p2a: Zacian|spd|1\n|faint|p1a: Rhydon\n|\n|-fieldend|move: Electric Terrain\n|upkeep\n|\n|t:|1732940955\n|switch|p1a: Rabsca|Rabsca, L91, M|212/284\n|-damage|p1a: Rabsca|141/284|[from] Stealth Rock\n|turn|26\n|\n|t:|1732940958\n|move|p2a: Zacian|Behemoth Blade|p1a: Rabsca\n|-damage|p1a: Rabsca|0 fnt\n|faint|p1a: Rabsca\n|\n|upkeep\n|-message|xuxiansheng forfeited.\n|\n|win|Qiuescent\n|raw|xuxiansheng's rating: 2259 &rarr; <strong>2241</strong><br />(-18 for losing)\n|raw|Qiuescent's rating: 2299 &rarr; <strong>2317</strong><br />(+18 for winning)\n|l|\u2606xuxiansheng\n|player|p1|\n", "inputlog": ">version b107d77f5c90bd6555267ae244a6264823309ead\n>start {\"formatid\":\"gen9randombattle\",\"seed\":[9013,63342,8323,25339],\"rated\":\"Rated battle\"}\n>player p1 {\"name\":\"xuxiansheng\",\"avatar\":\"mira\",\"rating\":2259,\"seed\":[30578,1547,22960,53081]}\n>player p2 {\"name\":\"Qiuescent\",\"avatar\":\"1\",\"rating\":2299,\"seed\":[41942,43072,14208,21054]}\n>p1 move bodyslam\n>p2 move swordsdance\n>p1 move bodyslam\n>p2 move precipiceblades\n>p1 move bodyslam\n>p2 move precipiceblades\n>p1 switch 4\n>p1 move surf\n>p2 move precipiceblades\n>p2 switch 5\n>p1 move substitute\n>p2 move sleeppowder\n>p1 switch 2\n>p2 move knockoff\n>p1 move bulkup\n>p2 move sludgebomb\n>p1 move earthquake\n>p2 move sludgebomb\n>p1 move earthquake\n>p2 move sludgebomb\n>p1 switch 5\n>p1 move psychic\n>p2 move knockoff\n>p2 switch 4\n>p1 move recover\n>p2 move stealthrock\n>p1 move revivalblessing\n>p2 move ironhead\n>p1 switch 4\n>p1 switch 2\n>p2 move ironhead\n>p1 move substitute\n>p2 move earthquake\n>p1 move endeavor\n>p2 move rapidspin\n>p1 switch 4\n>p1 move bodyslam\n>p2 move earthquake\n>p2 switch 6\n>p1 move bodyslam\n>p2 move wavecrash\n>p1 switch 3\n>p1 move irondefense\n>p2 move dragondance\n>p1 move bodypress\n>p2 move wavecrash\n>p1 move bodypress\n>p2 move wavecrash\n>p2 switch 3\n>p1 switch 6\n>p2 move electrodrift\n>p1 move earthquake\n>p2 move substitute\n>p1 move earthquake\n>p2 move dracometeor\n>p2 switch 2\n>p1 move earthquake terastallize\n>p2 move swordsdance terastallize\n>p1 move earthquake\n>p2 move closecombat\n>p1 switch 2\n>p1 move recover\n>p2 move behemothblade\n>forcelose p1", "uploadtime": 1732940966, "views": 22, "formatid": "gen9randombattle", "rating": 2241, "private": 0, "password": null}