{"id": "gen9randombattle-2253815163", "format": "[Gen 9] Random Battle", "players": ["Mizgala", "FrotniteBattlepass"], "log": "|j|\u2606Mizgala\n|j|\u2606FrotniteBattlepass\n|t:|1732942513\n|gametype|singles\n|player|p1|Mizgala|169|1573\n|player|p2|FrotniteBattlepass|fisherman-gen4|1528\n|teamsize|p1|6\n|teamsize|p2|6\n|gen|9\n|tier|[Gen 9] Random Battle\n|rated|\n|rule|Species Clause: Limit one of each Pok\u00e9mon\n|rule|HP Percentage Mod: HP is shown in percentages\n|rule|Sleep Clause Mod: Limit one foe put to sleep\n|rule|Illusion Level Mod: Illusion disguises the Pok\u00e9mon's true level\n|\n|t:|1732942513\n|start\n|switch|p1a: Arboliva|Arboliva, L91, F|288/288\n|switch|p2a: Terrakion|Terrakion, L79|273/273\n|turn|1\n|inactive|Battle timer is ON: inactive players will automatically lose when time's up. (requested by Mizgala)\n|\n|t:|1732942526\n|switch|p1a: Rotom|Rotom-Wash, L82|216/216\n|move|p2a: Terrakion|Close Combat|p1a: Rotom\n|-damage|p1a: Rotom|36/216\n|-unboost|p2a: Terrakion|def|1\n|-unboost|p2a: Terrakion|spd|1\n|\n|-heal|p1a: Rotom|49/216|[from] item: Leftovers\n|upkeep\n|turn|2\n|\n|t:|1732942535\n|move|p2a: Terrakion|Close Combat|p1a: Rotom\n|-damage|p1a: Rotom|0 fnt\n|-unboost|p2a: Terrakion|def|1\n|-unboost|p2a: Terrakion|spd|1\n|faint|p1a: Rotom\n|\n|upkeep\n|\n|t:|1732942538\n|switch|p1a: Iron Bundle|Iron Bundle, L77|213/213\n|turn|3\n|\n|t:|1732942544\n|switch|p2a: Vigoroth|Vigoroth, L85, M|275/275\n|move|p1a: Iron Bundle|Hydro Pump|p2a: Vigoroth\n|-damage|p2a: Vigoroth|155/275\n|\n|upkeep\n|turn|4\n|\n|t:|1732942551\n|-end|p1a: Iron Bundle|Quark Drive|[silent]\n|switch|p1a: Krookodile|Krookodile, L80, M|283/283\n|-ability|p1a: Krookodile|Intimidate|boost\n|-unboost|p2a: Vigoroth|atk|1\n|move|p2a: Vigoroth|Slack Off|p2a: Vigoroth\n|-heal|p2a: Vigoroth|275/275\n|\n|upkeep\n|turn|5\n|\n|t:|1732942563\n|switch|p2a: Kyurem|Kyurem-White, L73|303/303\n|-ability|p2a: Kyurem|Turboblaze\n|move|p1a: Krookodile|Earthquake|p2a: Kyurem\n|-damage|p2a: Kyurem|128/303\n|\n|upkeep\n|turn|6\n|\n|t:|1732942574\n|move|p2a: Kyurem|Freeze-Dry|p1a: Krookodile\n|-supereffective|p1a: Krookodile\n|-damage|p1a: Krookodile|43/283\n|move|p1a: Krookodile|Earthquake|p2a: Kyurem\n|-damage|p2a: Kyurem|0 fnt\n|faint|p2a: Kyurem\n|\n|upkeep\n|\n|t:|1732942586\n|switch|p2a: Vigoroth|Vigoroth, L85, M|275/275\n|turn|7\n|\n|t:|1732942593\n|switch|p1a: Arboliva|Arboliva, L91, F|288/288\n|move|p2a: Vigoroth|Body Slam|p1a: Arboliva\n|-damage|p1a: Arboliva|212/288\n|\n|upkeep\n|turn|8\n|\n|t:|1732942601\n|move|p2a: Vigoroth|Knock Off|p1a: Arboliva\n|-damage|p1a: Arboliva|158/288\n|-enditem|p1a: Arboliva|Sitrus Berry|[from] move: Knock Off|[of] p2a: Vigoroth\n|move|p1a: Arboliva|Leech Seed|p2a: Vigoroth\n|-start|p2a: Vigoroth|move: Leech Seed\n|\n|-damage|p2a: Vigoroth|241/275|[from] Leech Seed|[of] p1a: Arboliva\n|-heal|p1a: Arboliva|192/288|[silent]\n|upkeep\n|turn|9\n|\n|t:|1732942609\n|switch|p2a: Victreebel|Victreebel, L90, M|290/290\n|move|p1a: Arboliva|Protect||[still]\n|-fail|p1a: Arboliva\n|\n|upkeep\n|turn|10\n|\n|t:|1732942615\n|switch|p1a: Scizor|Scizor, L79, F|240/240\n|move|p2a: Victreebel|Poison Jab|p1a: Scizor\n|-immune|p1a: Scizor\n|\n|upkeep\n|turn|11\n|\n|t:|1732942622\n|switch|p2a: Noivern|Noivern, L82, M|274/274\n|move|p1a: Scizor|Knock Off|p2a: Noivern\n|-damage|p2a: Noivern|184/274\n|-enditem|p2a: Noivern|Heavy-Duty Boots|[from] move: Knock Off|[of] p1a: Scizor\n|\n|upkeep\n|turn|12\n|\n|t:|1732942630\n|switch|p1a: Flutter Mane|Flutter Mane, L74|203/203\n|move|p2a: Noivern|Hurricane|p1a: Flutter Mane|[miss]\n|-miss|p2a: Noivern|p1a: Flutter Mane\n|\n|upkeep\n|turn|13\n|\n|t:|1732942646\n|switch|p2a: Victreebel|Victreebel, L90, M|290/290\n|move|p1a: Flutter Mane|Moonblast|p2a: Victreebel\n|-resisted|p2a: Victreebel\n|-damage|p2a: Victreebel|220/290\n|-damage|p1a: Flutter Mane|183/203|[from] item: Life Orb\n|\n|upkeep\n|turn|14\n|\n|t:|1732942654\n|-end|p1a: Flutter Mane|Protosynthesis|[silent]\n|switch|p1a: Scizor|Scizor, L79, F|240/240\n|switch|p2a: Vigoroth|Vigoroth, L85, M|241/275\n|\n|upkeep\n|turn|15\n|\n|t:|1732942661\n|move|p2a: Vigoroth|Knock Off|p1a: Scizor\n|-damage|p1a: Scizor|185/240\n|-enditem|p1a: Scizor|Leftovers|[from] move: Knock Off|[of] p2a: Vigoroth\n|move|p1a: Scizor|Knock Off|p2a: Vigoroth\n|-damage|p2a: Vigoroth|187/275\n|-enditem|p2a: Vigoroth|Eviolite|[from] move: Knock Off|[of] p1a: Scizor\n|\n|upkeep\n|turn|16\n|\n|t:|1732942669\n|move|p2a: Vigoroth|Bulk Up|p2a: Vigoroth\n|-boost|p2a: Vigoroth|atk|1\n|-boost|p2a: Vigoroth|def|1\n|move|p1a: Scizor|Close Combat|p2a: Vigoroth\n|-supereffective|p2a: Vigoroth\n|-damage|p2a: Vigoroth|41/275\n|-unboost|p1a: Scizor|def|1\n|-unboost|p1a: Scizor|spd|1\n|\n|upkeep\n|turn|17\n|\n|t:|1732942680\n|switch|p2a: Noivern|Noivern, L82, M|184/274\n|move|p1a: Scizor|Bullet Punch|p2a: Noivern\n|-damage|p2a: Noivern|111/274\n|\n|upkeep\n|turn|18\n|\n|t:|1732942686\n|switch|p1a: Krookodile|Krookodile, L80, M|43/283\n|-ability|p1a: Krookodile|Intimidate|boost\n|-unboost|p2a: Noivern|atk|1\n|move|p2a: Noivern|Roost|p2a: Noivern\n|-heal|p2a: Noivern|248/274\n|-singleturn|p2a: Noivern|move: Roost\n|\n|upkeep\n|turn|19\n|\n|t:|1732942694\n|move|p2a: Noivern|Boomburst|p1a: Krookodile\n|-damage|p1a: Krookodile|0 fnt\n|faint|p1a: Krookodile\n|\n|upkeep\n|\n|t:|1732942703\n|switch|p1a: Iron Bundle|Iron Bundle, L77|213/213\n|turn|20\n|\n|t:|1732942706\n|switch|p2a: Vigoroth|Vigoroth, L85, M|41/275\n|move|p1a: Iron Bundle|Freeze-Dry|p2a: Vigoroth\n|-damage|p2a: Vigoroth|0 fnt\n|faint|p2a: Vigoroth\n|\n|upkeep\n|\n|t:|1732942728\n|switch|p2a: Victreebel|Victreebel, L90, M|220/290\n|turn|21\n|\n|t:|1732942737\n|-end|p1a: Iron Bundle|Quark Drive|[silent]\n|switch|p1a: Arboliva|Arboliva, L91, F|192/288\n|move|p2a: Victreebel|Power Whip|p1a: Arboliva\n|-resisted|p1a: Arboliva\n|-damage|p1a: Arboliva|92/288\n|-damage|p2a: Victreebel|191/290|[from] item: Life Orb\n|\n|upkeep\n|turn|22\n|\n|t:|1732942754\n|move|p2a: Victreebel|Swords Dance|p2a: Victreebel\n|-boost|p2a: Victreebel|atk|2\n|move|p1a: Arboliva|Hyper Voice|p2a: Victreebel\n|-damage|p2a: Victreebel|53/290\n|\n|upkeep\n|turn|23\n|\n|t:|1732942761\n|move|p2a: Victreebel|Poison Jab|p1a: Arboliva\n|-supereffective|p1a: Arboliva\n|-damage|p1a: Arboliva|0 fnt\n|faint|p1a: Arboliva\n|-damage|p2a: Victreebel|24/290|[from] item: Life Orb\n|\n|upkeep\n|\n|t:|1732942769\n|switch|p1a: Iron Bundle|Iron Bundle, L77|213/213\n|turn|24\n|\n|t:|1732942772\n|move|p2a: Victreebel|Sucker Punch|p1a: Iron Bundle\n|-damage|p1a: Iron Bundle|65/213\n|-damage|p2a: Victreebel|0 fnt|[from] item: Life Orb\n|faint|p2a: Victreebel\n|move|p1a: Iron Bundle|Freeze-Dry|p2: Victreebel|[notarget]\n|-fail|p1a: Iron Bundle\n|\n|-heal|p1a: Iron Bundle|78/213|[from] item: Leftovers\n|upkeep\n|\n|t:|1732942782\n|switch|p2a: Spectrier|Spectrier, L75|274/274\n|turn|25\n|\n|t:|1732942787\n|-end|p1a: Iron Bundle|Quark Drive|[silent]\n|switch|p1a: Scizor|Scizor, L79, F|185/240\n|move|p2a: Spectrier|Shadow Ball|p1a: Scizor\n|-damage|p1a: Scizor|41/240\n|-damage|p2a: Spectrier|247/274|[from] item: Life Orb\n|\n|upkeep\n|turn|26\n|\n|t:|1732942797\n|move|p1a: Scizor|Bullet Punch|p2a: Spectrier\n|-damage|p2a: Spectrier|138/274\n|move|p2a: Spectrier|Shadow Ball|p1a: Scizor\n|-damage|p1a: Scizor|0 fnt\n|faint|p1a: Scizor\n|-ability|p2a: Spectrier|Grim Neigh|boost\n|-boost|p2a: Spectrier|spa|1\n|-damage|p2a: Spectrier|111/274|[from] item: Life Orb\n|\n|upkeep\n|\n|t:|1732942804\n|switch|p1a: Flutter Mane|Flutter Mane, L74|183/203\n|turn|27\n|\n|t:|1732942807\n|move|p1a: Flutter Mane|Shadow Ball|p2a: Spectrier\n|-supereffective|p2a: Spectrier\n|-damage|p2a: Spectrier|0 fnt\n|faint|p2a: Spectrier\n|-damage|p1a: Flutter Mane|163/203|[from] item: Life Orb\n|\n|upkeep\n|\n|t:|1732942818\n|switch|p2a: Terrakion|Terrakion, L79|273/273\n|turn|28\n|\n|t:|1732942829\n|move|p1a: Flutter Mane|Shadow Ball|p2a: Terrakion\n|-damage|p2a: Terrakion|160/273\n|-damage|p1a: Flutter Mane|143/203|[from] item: Life Orb\n|move|p2a: Terrakion|Earthquake|p1a: Flutter Mane\n|-damage|p1a: Flutter Mane|0 fnt\n|faint|p1a: Flutter Mane\n|-end|p1a: Flutter Mane|Protosynthesis|[silent]\n|\n|upkeep\n|\n|t:|1732942831\n|switch|p1a: Iron Bundle|Iron Bundle, L77|78/213\n|turn|29\n|\n|t:|1732942838\n|move|p1a: Iron Bundle|Hydro Pump|p2a: Terrakion\n|-supereffective|p2a: Terrakion\n|-damage|p2a: Terrakion|0 fnt\n|faint|p2a: Terrakion\n|\n|-heal|p1a: Iron Bundle|91/213|[from] item: Leftovers\n|upkeep\n|\n|t:|1732942844\n|switch|p2a: Noivern|Noivern, L82, M|248/274\n|turn|30\n|\n|t:|1732942847\n|-terastallize|p2a: Noivern|Normal\n|move|p1a: Iron Bundle|Hydro Pump|p2a: Noivern|[miss]\n|-miss|p1a: Iron Bundle|p2a: Noivern\n|move|p2a: Noivern|Boomburst|p1a: Iron Bundle\n|-crit|p1a: Iron Bundle\n|-damage|p1a: Iron Bundle|0 fnt\n|faint|p1a: Iron Bundle\n|-end|p1a: Iron Bundle|Quark Drive|[silent]\n|\n|win|FrotniteBattlepass\n|raw|Mizgala's rating: 1573 &rarr; <strong>1550</strong><br />(-23 for losing)\n|raw|FrotniteBattlepass's rating: 1528 &rarr; <strong>1551</strong><br />(+23 for winning)\n|l|\u2606Mizgala\n|player|p1|\n|c|\u2606FrotniteBattlepass|why didnt you moon blast\n", "inputlog": ">version b107d77f5c90bd6555267ae244a6264823309ead\n>start {\"formatid\":\"gen9randombattle\",\"seed\":[63228,61529,20413,26851],\"rated\":\"Rated battle\"}\n>player p1 {\"name\":\"Mizgala\",\"avatar\":\"169\",\"rating\":1573,\"seed\":[39401,44992,19023,35630]}\n>player p2 {\"name\":\"FrotniteBattlepass\",\"avatar\":\"fisherman-gen4\",\"rating\":1528,\"seed\":[27826,7706,56382,7190]}\n>p1 switch 6\n>p2 move closecombat\n>p1 move willowisp\n>p2 move closecombat\n>p1 switch 4\n>p1 move hydropump\n>p2 switch 3\n>p1 switch 3\n>p2 move slackoff\n>p1 move earthquake\n>p2 switch 2\n>p1 move earthquake\n>p2 move freezedry\n>p2 switch 2\n>p1 switch 6\n>p2 move bodyslam\n>p1 move leechseed\n>p2 move knockoff\n>p1 move protect\n>p2 switch 6\n>p1 switch 5\n>p2 move poisonjab\n>p1 move knockoff\n>p2 switch 5\n>p1 switch 2\n>p2 move hurricane\n>p1 move moonblast\n>p2 switch 5\n>p1 switch 2\n>p2 switch 6\n>p1 move knockoff\n>p2 move knockoff\n>p1 move closecombat\n>p2 move bulkup\n>p1 move bulletpunch\n>p2 switch 5\n>p1 switch 6\n>p2 move roost\n>p1 move knockoff\n>p2 move boomburst\n>p1 switch 3\n>p1 move freezedry\n>p2 switch 5\n>p2 switch 6\n>p1 switch 5\n>p2 move powerwhip\n>p1 move hypervoice\n>p2 move swordsdance\n>p1 move hypervoice\n>p2 move poisonjab\n>p1 switch 5\n>p1 move freezedry\n>p2 move suckerpunch\n>p2 switch 4\n>p1 switch 6\n>p2 move shadowball\n>p1 move bulletpunch\n>p2 move shadowball\n>p1 switch 2\n>p1 move shadowball\n>p2 move shadowball\n>p2 switch 3\n>p1 move shadowball\n>p2 move earthquake\n>p1 switch 6\n>p1 move hydropump\n>p2 move earthquake\n>p2 switch 5\n>p1 move hydropump\n>p2 move boomburst terastallize", "uploadtime": 1732942860, "views": 23, "formatid": "gen9randombattle", "rating": 1550, "private": 0, "password": null}