{"id": "gen9randombattle-2253903932", "format": "[Gen 9] Random Battle", "players": ["ansh2017", "Lian_Ai"], "log": "|j|\u2606ansh2017\n|j|\u2606Lian_Ai\n|t:|1732960429\n|gametype|singles\n|player|p1|ansh2017|ethan|1065\n|player|p2|Lian_Ai|1|1044\n|teamsize|p1|6\n|teamsize|p2|6\n|gen|9\n|tier|[Gen 9] Random Battle\n|rated|\n|rule|Species Clause: Limit one of each Pok\u00e9mon\n|rule|HP Percentage Mod: HP is shown in percentages\n|rule|Sleep Clause Mod: Limit one foe put to sleep\n|rule|Illusion Level Mod: Illusion disguises the Pok\u00e9mon's true level\n|\n|t:|1732960429\n|start\n|switch|p1a: Goodra|Goodra-Hisui, L82, M|265/265\n|switch|p2a: Palossand|Palossand, L89, F|296/296\n|turn|1\n|\n|t:|1732960456\n|move|p1a: Goodra|Hydro Pump|p2a: Palossand\n|-supereffective|p2a: Palossand\n|-damage|p2a: Palossand|122/296\n|-ability|p2a: Palossand|Water Compaction|boost\n|-boost|p2a: Palossand|def|2\n|move|p2a: Palossand|Earth Power|p1a: Goodra\n|-supereffective|p1a: Goodra\n|-damage|p1a: Goodra|161/265\n|\n|-heal|p2a: Palossand|140/296|[from] item: Leftovers\n|upkeep\n|turn|2\n|\n|t:|1732960481\n|switch|p2a: Ho-Oh|Ho-Oh, L71|268/268\n|move|p1a: Goodra|Hydro Pump|p2a: Ho-Oh\n|-supereffective|p2a: Ho-Oh\n|-damage|p2a: Ho-Oh|140/268\n|\n|upkeep\n|turn|3\n|\n|t:|1732960505\n|move|p2a: Ho-Oh|Sacred Fire|p1a: Goodra\n|-damage|p1a: Goodra|64/265\n|-status|p1a: Goodra|brn\n|move|p1a: Goodra|Hydro Pump|p2a: Ho-Oh\n|-supereffective|p2a: Ho-Oh\n|-damage|p2a: Ho-Oh|20/268\n|\n|-damage|p1a: Goodra|48/265 brn|[from] brn\n|upkeep\n|turn|4\n|\n|t:|1732960531\n|move|p2a: Ho-Oh|Recover|p2a: Ho-Oh\n|-heal|p2a: Ho-Oh|154/268\n|move|p1a: Goodra|Hydro Pump|p2a: Ho-Oh\n|-supereffective|p2a: Ho-Oh\n|-damage|p2a: Ho-Oh|32/268\n|\n|-damage|p1a: Goodra|32/265 brn|[from] brn\n|upkeep\n|turn|5\n|\n|t:|1732960546\n|move|p2a: Ho-Oh|Recover|p2a: Ho-Oh\n|-heal|p2a: Ho-Oh|166/268\n|move|p1a: Goodra|Hydro Pump|p2a: Ho-Oh\n|-supereffective|p2a: Ho-Oh\n|-damage|p2a: Ho-Oh|52/268\n|\n|-damage|p1a: Goodra|16/265 brn|[from] brn\n|upkeep\n|turn|6\n|\n|t:|1732960560\n|move|p2a: Ho-Oh|Recover|p2a: Ho-Oh\n|-heal|p2a: Ho-Oh|186/268\n|move|p1a: Goodra|Draco Meteor|p2a: Ho-Oh\n|-damage|p2a: Ho-Oh|86/268\n|-unboost|p1a: Goodra|spa|2\n|\n|-damage|p1a: Goodra|0 fnt|[from] brn\n|faint|p1a: Goodra\n|upkeep\n|\n|t:|1732960579\n|switch|p1a: Gouging Fire|Gouging Fire, L74|277/277\n|turn|7\n|\n|t:|1732960589\n|move|p1a: Gouging Fire|Dragon Dance|p1a: Gouging Fire\n|-boost|p1a: Gouging Fire|atk|1\n|-boost|p1a: Gouging Fire|spe|1\n|move|p2a: Ho-Oh|Recover|p2a: Ho-Oh\n|-heal|p2a: Ho-Oh|220/268\n|\n|upkeep\n|turn|8\n|\n|t:|1732960603\n|move|p1a: Gouging Fire|Dragon Dance|p1a: Gouging Fire\n|-boost|p1a: Gouging Fire|atk|1\n|-boost|p1a: Gouging Fire|spe|1\n|move|p2a: Ho-Oh|Brave Bird|p1a: Gouging Fire\n|-damage|p1a: Gouging Fire|180/277\n|-damage|p2a: Ho-Oh|188/268|[from] Recoil\n|\n|upkeep\n|turn|9\n|\n|t:|1732960619\n|switch|p2a: Dugtrio|Dugtrio, L84, M|196/196\n|move|p1a: Gouging Fire|Outrage|p2a: Dugtrio\n|-damage|p2a: Dugtrio|0 fnt\n|faint|p2a: Dugtrio\n|\n|upkeep\n|\n|t:|1732960628\n|switch|p2a: Seviper|Seviper, L93, M|287/287\n|turn|10\n|\n|t:|1732960640\n|-terastallize|p2a: Seviper|Dark\n|move|p1a: Gouging Fire|Outrage|p2a: Seviper|[from]lockedmove\n|-damage|p2a: Seviper|22/287\n|move|p2a: Seviper|Knock Off|p1a: Gouging Fire\n|-damage|p1a: Gouging Fire|36/277\n|-enditem|p1a: Gouging Fire|Heavy-Duty Boots|[from] move: Knock Off|[of] p2a: Seviper\n|-damage|p2a: Seviper|0 fnt|[from] item: Life Orb\n|faint|p2a: Seviper\n|\n|upkeep\n|\n|t:|1732960653\n|switch|p2a: Noctowl|Noctowl, L95, M|344/344\n|turn|11\n|\n|t:|1732960658\n|move|p1a: Gouging Fire|Outrage|p2a: Noctowl|[from]lockedmove\n|-damage|p2a: Noctowl|34/344\n|-start|p1a: Gouging Fire|confusion|[fatigue]\n|move|p2a: Noctowl|Hyper Voice|p1a: Gouging Fire\n|-damage|p1a: Gouging Fire|0 fnt\n|faint|p1a: Gouging Fire\n|-end|p1a: Gouging Fire|Protosynthesis|[silent]\n|\n|upkeep\n|\n|t:|1732960675\n|switch|p1a: Chandelure|Chandelure, L83, F|235/235\n|turn|12\n|\n|t:|1732960685\n|move|p2a: Noctowl|Roost|p2a: Noctowl\n|-heal|p2a: Noctowl|206/344\n|-singleturn|p2a: Noctowl|move: Roost\n|move|p1a: Chandelure|Shadow Ball|p2a: Noctowl\n|-immune|p2a: Noctowl\n|\n|upkeep\n|turn|13\n|\n|t:|1732960697\n|move|p2a: Noctowl|Roost|p2a: Noctowl\n|-heal|p2a: Noctowl|344/344\n|-singleturn|p2a: Noctowl|move: Roost\n|move|p1a: Chandelure|Calm Mind|p1a: Chandelure\n|-boost|p1a: Chandelure|spa|1\n|-boost|p1a: Chandelure|spd|1\n|\n|upkeep\n|turn|14\n|\n|t:|1732960707\n|move|p2a: Noctowl|Hurricane|p1a: Chandelure\n|-damage|p1a: Chandelure|136/235\n|move|p1a: Chandelure|Calm Mind|p1a: Chandelure\n|-boost|p1a: Chandelure|spa|1\n|-boost|p1a: Chandelure|spd|1\n|\n|upkeep\n|turn|15\n|\n|t:|1732960718\n|move|p2a: Noctowl|Defog|p1a: Chandelure\n|-unboost|p1a: Chandelure|evasion|1\n|move|p1a: Chandelure|Fire Blast|p2a: Noctowl\n|-damage|p2a: Noctowl|101/344\n|\n|upkeep\n|turn|16\n|\n|t:|1732960726\n|move|p2a: Noctowl|Roost|p2a: Noctowl\n|-heal|p2a: Noctowl|273/344\n|-singleturn|p2a: Noctowl|move: Roost\n|move|p1a: Chandelure|Fire Blast|p2a: Noctowl\n|-damage|p2a: Noctowl|27/344\n|-status|p2a: Noctowl|brn\n|\n|-damage|p2a: Noctowl|6/344 brn|[from] brn\n|upkeep\n|turn|17\n|\n|t:|1732960742\n|switch|p2a: Hitmonchan|Hitmonchan, L87, M|229/229\n|move|p1a: Chandelure|Calm Mind|p1a: Chandelure\n|-boost|p1a: Chandelure|spa|1\n|-boost|p1a: Chandelure|spd|1\n|\n|upkeep\n|turn|18\n|\n|t:|1732960755\n|move|p2a: Hitmonchan|Drain Punch|p1a: Chandelure\n|-immune|p1a: Chandelure\n|move|p1a: Chandelure|Shadow Ball|p2a: Hitmonchan\n|-damage|p2a: Hitmonchan|0 fnt\n|faint|p2a: Hitmonchan\n|\n|upkeep\n|\n|t:|1732960764\n|switch|p2a: Ho-Oh|Ho-Oh, L71|268/268\n|turn|19\n|\n|t:|1732960774\n|move|p1a: Chandelure|Shadow Ball|p2a: Ho-Oh\n|-damage|p2a: Ho-Oh|45/268\n|-unboost|p2a: Ho-Oh|spd|1\n|move|p2a: Ho-Oh|Brave Bird|p1a: Chandelure\n|-damage|p1a: Chandelure|16/235\n|-damage|p2a: Ho-Oh|5/268|[from] Recoil\n|\n|upkeep\n|turn|20\n|\n|t:|1732960784\n|move|p1a: Chandelure|Shadow Ball|p2a: Ho-Oh\n|-damage|p2a: Ho-Oh|0 fnt\n|faint|p2a: Ho-Oh\n|\n|upkeep\n|\n|t:|1732960790\n|switch|p2a: Palossand|Palossand, L89, F|140/296\n|turn|21\n|\n|t:|1732960796\n|move|p1a: Chandelure|Energy Ball|p2a: Palossand\n|-supereffective|p2a: Palossand\n|-damage|p2a: Palossand|0 fnt\n|faint|p2a: Palossand\n|\n|upkeep\n|\n|t:|1732960806\n|switch|p2a: Noctowl|Noctowl, L95, M|6/344 brn\n|turn|22\n|\n|t:|1732960812\n|-terastallize|p1a: Chandelure|Grass\n|move|p2a: Noctowl|Hurricane|p1a: Chandelure|[miss]\n|-miss|p2a: Noctowl|p1a: Chandelure\n|move|p1a: Chandelure|Energy Ball|p2a: Noctowl\n|-resisted|p2a: Noctowl\n|-damage|p2a: Noctowl|0 fnt\n|faint|p2a: Noctowl\n|\n|win|ansh2017\n|raw|ansh2017's rating: 1065 &rarr; <strong>1093</strong><br />(+28 for winning)\n|raw|Lian_Ai's rating: 1044 &rarr; <strong>1028</strong><br />(-16 for losing)\n", "inputlog": ">version b107d77f5c90bd6555267ae244a6264823309ead\n>start {\"formatid\":\"gen9randombattle\",\"seed\":[3188,26905,38201,7856],\"rated\":\"Rated battle\"}\n>player p1 {\"name\":\"ansh2017\",\"avatar\":\"ethan\",\"rating\":1065,\"seed\":[53826,20675,56345,31611]}\n>player p2 {\"name\":\"Lian_Ai\",\"avatar\":\"1\",\"rating\":1044,\"seed\":[63410,58159,62217,54845]}\n>p1 move hydropump\n>p2 move earthpower\n>p1 move hydropump\n>p2 switch 4\n>p1 move hydropump\n>p2 move sacredfire\n>p1 move hydropump\n>p2 move recover\n>p1 move hydropump\n>p2 move recover\n>p1 move dracometeor\n>p2 move recover\n>p1 switch 4\n>p1 move dragondance\n>p2 move recover\n>p1 move dragondance\n>p2 move bravebird\n>p1 move outrage\n>p2 switch 3\n>p2 switch 2\n>p1 move outrage\n>p2 move knockoff terastallize\n>p2 switch 5\n>p1 move outrage\n>p2 move hypervoice\n>p1 switch 2\n>p1 move shadowball\n>p2 move roost\n>p1 move calmmind\n>p2 move roost\n>p1 move calmmind\n>p2 move hurricane\n>p1 move fireblast\n>p2 move defog\n>p1 move fireblast\n>p2 move roost\n>p1 move calmmind\n>p2 switch 6\n>p1 move shadowball\n>p2 move drainpunch\n>p2 switch 3\n>p1 move shadowball\n>p2 move bravebird\n>p1 move shadowball\n>p2 move recover\n>p2 switch 4\n>p1 move energyball\n>p2 move earthpower\n>p2 switch 6\n>p1 move energyball terastallize\n>p2 move hurricane", "uploadtime": 1732960823, "views": 4, "formatid": "gen9randombattle", "rating": 1028, "private": 0, "password": null}