{"id": "gen9randombattle-2253885222", "format": "[Gen 9] Random Battle", "players": ["Luclair", "UtkMal"], "log": "|j|\u2606Luclair\n|j|\u2606UtkMal\n|t:|1732956218\n|gametype|singles\n|player|p1|Luclair|2|1379\n|player|p2|UtkMal|101|1413\n|teamsize|p1|6\n|teamsize|p2|6\n|gen|9\n|tier|[Gen 9] Random Battle\n|rated|\n|rule|Species Clause: Limit one of each Pok\u00e9mon\n|rule|HP Percentage Mod: HP is shown in percentages\n|rule|Sleep Clause Mod: Limit one foe put to sleep\n|rule|Illusion Level Mod: Illusion disguises the Pok\u00e9mon's true level\n|\n|t:|1732956218\n|start\n|switch|p1a: Hydrapple|Hydrapple, L83, M|312/312\n|switch|p2a: Volbeat|Volbeat, L90, M|263/263\n|turn|1\n|inactive|Battle timer is ON: inactive players will automatically lose when time's up. (requested by UtkMal)\n|\n|t:|1732956240\n|switch|p1a: Vespiquen|Vespiquen, L98, F|296/296\n|-ability|p1a: Vespiquen|Pressure\n|move|p2a: Volbeat|U-turn|p1a: Vespiquen\n|-resisted|p1a: Vespiquen\n|-crit|p1a: Vespiquen\n|-damage|p1a: Vespiquen|257/296\n|\n|t:|1732956252\n|switch|p2a: Ho-Oh|Ho-Oh, L71|268/268|[from] U-turn\n|\n|upkeep\n|turn|2\n|\n|t:|1732956264\n|switch|p1a: Dewgong|Dewgong, L94, M|322/322\n|move|p2a: Ho-Oh|Sacred Fire|p1a: Dewgong\n|-damage|p1a: Dewgong|279/322\n|-status|p1a: Dewgong|brn\n|\n|-damage|p1a: Dewgong|259/322 brn|[from] brn\n|upkeep\n|turn|3\n|\n|t:|1732956275\n|switch|p2a: Poliwrath|Poliwrath, L88, M|302/302\n|move|p1a: Dewgong|Knock Off|p2a: Poliwrath\n|-resisted|p2a: Poliwrath\n|-damage|p2a: Poliwrath|286/302\n|-enditem|p2a: Poliwrath|Life Orb|[from] move: Knock Off|[of] p1a: Dewgong\n|\n|-damage|p1a: Dewgong|239/322 brn|[from] brn\n|upkeep\n|turn|4\n|\n|t:|1732956292\n|switch|p1a: Gengar|Gengar, L81, M|230/230\n|move|p2a: Poliwrath|Knock Off|p1a: Gengar\n|-supereffective|p1a: Gengar\n|-damage|p1a: Gengar|32/230\n|-enditem|p1a: Gengar|Life Orb|[from] move: Knock Off|[of] p2a: Poliwrath\n|\n|upkeep\n|turn|5\n|\n|t:|1732956303\n|switch|p2a: Arceus|Arceus-Steel, L70|284/284\n|move|p1a: Gengar|Sludge Wave|p2a: Arceus\n|-immune|p2a: Arceus\n|\n|upkeep\n|turn|6\n|\n|t:|1732956317\n|switch|p1a: Wugtrio|Wugtrio, L91, M|212/212\n|move|p2a: Arceus|Judgment|p1a: Wugtrio\n|-resisted|p1a: Wugtrio\n|-crit|p1a: Wugtrio\n|-damage|p1a: Wugtrio|128/212\n|\n|upkeep\n|turn|7\n|\n|t:|1732956332\n|move|p1a: Wugtrio|Stomping Tantrum|p2a: Arceus\n|-supereffective|p2a: Arceus\n|-damage|p2a: Arceus|98/284\n|move|p2a: Arceus|Earth Power|p1a: Wugtrio\n|-damage|p1a: Wugtrio|69/212\n|\n|upkeep\n|turn|8\n|\n|t:|1732956340\n|switch|p2a: Ho-Oh|Ho-Oh, L71|268/268\n|move|p1a: Wugtrio|Stomping Tantrum|p2a: Ho-Oh\n|-immune|p2a: Ho-Oh\n|\n|upkeep\n|turn|9\n|\n|t:|1732956348\n|switch|p1a: Dewgong|Dewgong, L94, M|239/322 brn\n|move|p2a: Ho-Oh|Brave Bird|p1a: Dewgong\n|-damage|p1a: Dewgong|136/322 brn\n|-damage|p2a: Ho-Oh|234/268|[from] Recoil\n|\n|-damage|p1a: Dewgong|116/322 brn|[from] brn\n|upkeep\n|turn|10\n|\n|t:|1732956365\n|switch|p2a: Poliwrath|Poliwrath, L88, M|286/302\n|move|p1a: Dewgong|Flip Turn|p2a: Poliwrath\n|-resisted|p2a: Poliwrath\n|-damage|p2a: Poliwrath|273/302\n|\n|t:|1732956387\n|switch|p1a: Vespiquen|Vespiquen, L98, F|257/296|[from] Flip Turn\n|-ability|p1a: Vespiquen|Pressure\n|\n|upkeep\n|turn|11\n|\n|t:|1732956398\n|switch|p2a: Arceus|Arceus-Steel, L70|98/284\n|move|p1a: Vespiquen|Hurricane|p2a: Arceus|[miss]\n|-miss|p1a: Vespiquen|p2a: Arceus\n|\n|upkeep\n|turn|12\n|\n|t:|1732956408\n|switch|p1a: Wugtrio|Wugtrio, L91, M|69/212\n|move|p2a: Arceus|Recover|p2a: Arceus\n|-heal|p2a: Arceus|240/284\n|\n|upkeep\n|turn|13\n|\n|t:|1732956419\n|move|p1a: Wugtrio|Stomping Tantrum|p2a: Arceus\n|-supereffective|p2a: Arceus\n|-damage|p2a: Arceus|62/284\n|move|p2a: Arceus|Recover|p2a: Arceus\n|-heal|p2a: Arceus|204/284\n|\n|upkeep\n|turn|14\n|\n|t:|1732956426\n|switch|p2a: Ho-Oh|Ho-Oh, L71|268/268\n|move|p1a: Wugtrio|Stomping Tantrum|p2a: Ho-Oh\n|-immune|p2a: Ho-Oh\n|\n|upkeep\n|turn|15\n|\n|t:|1732956436\n|switch|p1a: Dewgong|Dewgong, L94, M|116/322 brn\n|move|p2a: Ho-Oh|Brave Bird|p1a: Dewgong\n|-damage|p1a: Dewgong|7/322 brn\n|-damage|p2a: Ho-Oh|232/268|[from] Recoil\n|\n|-damage|p1a: Dewgong|0 fnt|[from] brn\n|faint|p1a: Dewgong\n|upkeep\n|\n|t:|1732956447\n|switch|p1a: Wugtrio|Wugtrio, L91, M|69/212\n|turn|16\n|\n|t:|1732956451\n|switch|p2a: Poliwrath|Poliwrath, L88, M|273/302\n|move|p1a: Wugtrio|Liquidation|p2a: Poliwrath\n|-resisted|p2a: Poliwrath\n|-damage|p2a: Poliwrath|199/302\n|\n|upkeep\n|turn|17\n|\n|t:|1732956462\n|switch|p1a: Hydrapple|Hydrapple, L83, M|312/312\n|move|p2a: Poliwrath|Knock Off|p1a: Hydrapple\n|-damage|p1a: Hydrapple|244/312\n|-enditem|p1a: Hydrapple|Choice Specs|[from] move: Knock Off|[of] p2a: Poliwrath\n|\n|upkeep\n|turn|18\n|\n|t:|1732956473\n|switch|p2a: Arceus|Arceus-Steel, L70|204/284\n|move|p1a: Hydrapple|Fickle Beam|p2a: Arceus\n|-resisted|p2a: Arceus\n|-damage|p2a: Arceus|158/284\n|\n|upkeep\n|turn|19\n|\n|t:|1732956480\n|switch|p2a: Ho-Oh|Ho-Oh, L71|268/268\n|move|p1a: Hydrapple|Earth Power|p2a: Ho-Oh\n|-immune|p2a: Ho-Oh\n|\n|upkeep\n|turn|20\n|\n|t:|1732956488\n|switch|p1a: Mightyena|Mightyena, L95, F|287/287\n|-ability|p1a: Mightyena|Intimidate|boost\n|-unboost|p2a: Ho-Oh|atk|1\n|move|p2a: Ho-Oh|Brave Bird|p1a: Mightyena\n|-damage|p1a: Mightyena|208/287\n|-damage|p2a: Ho-Oh|242/268|[from] Recoil\n|\n|-heal|p1a: Mightyena|225/287|[from] item: Leftovers\n|upkeep\n|turn|21\n|\n|t:|1732956502\n|move|p1a: Mightyena|Crunch|p2a: Ho-Oh\n|-crit|p2a: Ho-Oh\n|-damage|p2a: Ho-Oh|56/268\n|move|p2a: Ho-Oh|Sacred Fire|p1a: Mightyena\n|-damage|p1a: Mightyena|158/287\n|-status|p1a: Mightyena|brn\n|\n|-heal|p1a: Mightyena|175/287 brn|[from] item: Leftovers\n|-damage|p1a: Mightyena|158/287 brn|[from] brn\n|upkeep\n|turn|22\n|\n|t:|1732956513\n|move|p1a: Mightyena|Crunch|p2a: Ho-Oh\n|-damage|p2a: Ho-Oh|0 fnt\n|faint|p2a: Ho-Oh\n|\n|-heal|p1a: Mightyena|175/287 brn|[from] item: Leftovers\n|-damage|p1a: Mightyena|158/287 brn|[from] brn\n|upkeep\n|\n|t:|1732956522\n|switch|p2a: Volbeat|Volbeat, L90, M|263/263\n|turn|23\n|\n|t:|1732956529\n|move|p2a: Volbeat|U-turn|p1a: Mightyena\n|-supereffective|p1a: Mightyena\n|-damage|p1a: Mightyena|2/287 brn\n|\n|t:|1732956532\n|switch|p2a: Arceus|Arceus-Steel, L70|158/284|[from] U-turn\n|move|p1a: Mightyena|Crunch|p2a: Arceus\n|-damage|p2a: Arceus|108/284\n|-unboost|p2a: Arceus|def|1\n|\n|-heal|p1a: Mightyena|19/287 brn|[from] item: Leftovers\n|-damage|p1a: Mightyena|2/287 brn|[from] brn\n|upkeep\n|turn|24\n|\n|t:|1732956545\n|move|p2a: Arceus|Recover|p2a: Arceus\n|-heal|p2a: Arceus|250/284\n|move|p1a: Mightyena|Taunt|p2a: Arceus\n|-start|p2a: Arceus|move: Taunt\n|\n|-heal|p1a: Mightyena|19/287 brn|[from] item: Leftovers\n|-damage|p1a: Mightyena|2/287 brn|[from] brn\n|upkeep\n|turn|25\n|\n|t:|1732956555\n|move|p1a: Mightyena|Sucker Punch|p2a: Arceus\n|-damage|p2a: Arceus|190/284\n|move|p2a: Arceus|Earth Power|p1a: Mightyena\n|-damage|p1a: Mightyena|0 fnt\n|faint|p1a: Mightyena\n|\n|upkeep\n|\n|t:|1732956565\n|switch|p1a: Wugtrio|Wugtrio, L91, M|69/212\n|turn|26\n|\n|t:|1732956570\n|switch|p2a: Leafeon|Leafeon, L88, M|258/258\n|move|p1a: Wugtrio|Stomping Tantrum|p2a: Leafeon\n|-resisted|p2a: Leafeon\n|-damage|p2a: Leafeon|223/258\n|\n|upkeep\n|turn|27\n|\n|t:|1732956580\n|switch|p1a: Vespiquen|Vespiquen, L98, F|257/296\n|-ability|p1a: Vespiquen|Pressure\n|move|p2a: Leafeon|Swords Dance|p2a: Leafeon\n|-boost|p2a: Leafeon|atk|2\n|\n|upkeep\n|turn|28\n|\n|t:|1732956588\n|-terastallize|p2a: Leafeon|Normal\n|move|p2a: Leafeon|Double-Edge|p1a: Vespiquen\n|-damage|p1a: Vespiquen|0 fnt\n|faint|p1a: Vespiquen\n|-damage|p2a: Leafeon|138/258|[from] Recoil\n|-damage|p2a: Leafeon|113/258|[from] item: Life Orb\n|\n|upkeep\n|\n|t:|1732956603\n|switch|p1a: Gengar|Gengar, L81, M|32/230\n|turn|29\n|\n|t:|1732956615\n|switch|p2a: Volbeat|Volbeat, L90, M|263/263\n|move|p1a: Gengar|Sludge Wave|p2a: Volbeat\n|-damage|p2a: Volbeat|151/263\n|\n|upkeep\n|turn|30\n|\n|t:|1732956629\n|move|p2a: Volbeat|Thunder Wave|p1a: Gengar\n|-status|p1a: Gengar|par\n|move|p1a: Gengar|Sludge Wave|p2a: Volbeat\n|-damage|p2a: Volbeat|28/263\n|\n|upkeep\n|turn|31\n|\n|t:|1732956636\n|move|p2a: Volbeat|U-turn|p1a: Gengar\n|-resisted|p1a: Gengar\n|-damage|p1a: Gengar|7/230 par\n|-start|p2a: Volbeat|Disable|U-turn|[from] ability: Cursed Body|[of] p1a: Gengar\n|\n|t:|1732956641\n|switch|p2a: Arceus|Arceus-Steel, L70|190/284|[from] U-turn\n|cant|p1a: Gengar|par\n|\n|upkeep\n|turn|32\n|\n|t:|1732956648\n|move|p2a: Arceus|Recover|p2a: Arceus\n|-heal|p2a: Arceus|284/284\n|cant|p1a: Gengar|par\n|\n|upkeep\n|turn|33\n|\n|t:|1732956654\n|move|p2a: Arceus|Earth Power|p1a: Gengar\n|-supereffective|p1a: Gengar\n|-damage|p1a: Gengar|0 fnt\n|-start|p2a: Arceus|Disable|Earth Power|[from] ability: Cursed Body|[of] p1a: Gengar\n|faint|p1a: Gengar\n|\n|upkeep\n|\n|t:|1732956663\n|switch|p1a: Wugtrio|Wugtrio, L91, M|69/212\n|turn|34\n|inactive|Luclair has 120 seconds left.\n|\n|t:|1732956696\n|move|p1a: Wugtrio|Stomping Tantrum|p2a: Arceus\n|-supereffective|p2a: Arceus\n|-damage|p2a: Arceus|102/284\n|move|p2a: Arceus|Judgment|p1a: Wugtrio\n|-resisted|p1a: Wugtrio\n|-damage|p1a: Wugtrio|11/212\n|\n|upkeep\n|turn|35\n|\n|t:|1732956710\n|switch|p2a: Poliwrath|Poliwrath, L88, M|199/302\n|move|p1a: Wugtrio|Stomping Tantrum|p2a: Poliwrath\n|-damage|p2a: Poliwrath|118/302\n|\n|upkeep\n|turn|36\n|\n|t:|1732956719\n|switch|p1a: Hydrapple|Hydrapple, L83, M|312/312\n|move|p2a: Poliwrath|Knock Off|p1a: Hydrapple\n|-damage|p1a: Hydrapple|267/312\n|\n|upkeep\n|turn|37\n|\n|t:|1732956736\n|move|p2a: Poliwrath|Close Combat|p1a: Hydrapple\n|-damage|p1a: Hydrapple|149/312\n|-unboost|p2a: Poliwrath|def|1\n|-unboost|p2a: Poliwrath|spd|1\n|move|p1a: Hydrapple|Earth Power|p2a: Poliwrath\n|-damage|p2a: Poliwrath|10/302\n|\n|upkeep\n|turn|38\n|\n|t:|1732956748\n|move|p2a: Poliwrath|Close Combat|p1a: Hydrapple\n|-damage|p1a: Hydrapple|28/312\n|-unboost|p2a: Poliwrath|def|1\n|-unboost|p2a: Poliwrath|spd|1\n|move|p1a: Hydrapple|Fickle Beam|p2a: Poliwrath\n|-damage|p2a: Poliwrath|0 fnt\n|faint|p2a: Poliwrath\n|\n|upkeep\n|\n|t:|1732956756\n|switch|p2a: Eternatus|Eternatus, L69|308/308\n|-ability|p2a: Eternatus|Pressure\n|turn|39\n|-message|Luclair forfeited.\n|\n|win|UtkMal\n|raw|Luclair's rating: 1379 &rarr; <strong>1361</strong><br />(-18 for losing)\n|raw|UtkMal's rating: 1413 &rarr; <strong>1431</strong><br />(+18 for winning)\n|l|\u2606Luclair\n|player|p1|\n|l|\u2606UtkMal\n|player|p2|\n|j|\u2606UtkMal\n|player|p2|UtkMal|101|\n", "inputlog": ">version b107d77f5c90bd6555267ae244a6264823309ead\n>start {\"formatid\":\"gen9randombattle\",\"seed\":[41504,51499,43726,32391],\"rated\":\"Rated battle\"}\n>player p1 {\"name\":\"Luclair\",\"avatar\":\"2\",\"rating\":1379,\"seed\":[42488,51746,35792,28047]}\n>player p2 {\"name\":\"UtkMal\",\"avatar\":\"101\",\"rating\":1413,\"seed\":[3394,49355,31930,17295]}\n>p1 switch 5\n>p2 move uturn\n>p2 switch 5\n>p1 switch 4\n>p2 move sacredfire\n>p1 move knockoff\n>p2 switch 2\n>p1 switch 3\n>p2 move knockoff\n>p1 move sludgewave\n>p2 switch 3\n>p1 switch 2\n>p2 move judgment\n>p1 move stompingtantrum\n>p2 move earthpower\n>p1 move stompingtantrum\n>p2 switch 2\n>p1 switch 3\n>p2 move bravebird\n>p1 move flipturn\n>p2 switch 3\n>p1 switch 4\n>p1 move hurricane\n>p2 switch 2\n>p1 switch 3\n>p2 move recover\n>p1 move stompingtantrum\n>p2 move recover\n>p1 move stompingtantrum\n>p2 switch 3\n>p1 switch 4\n>p2 move bravebird\n>p1 switch 4\n>p1 move liquidation\n>p2 switch 2\n>p1 switch 5\n>p2 move knockoff\n>p1 move ficklebeam\n>p2 switch 3\n>p1 move earthpower\n>p2 switch 2\n>p1 switch 6\n>p2 move bravebird\n>p1 move crunch\n>p2 move sacredfire\n>p1 move crunch\n>p2 move recover\n>p2 switch 5\n>p1 move crunch\n>p2 move uturn\n>p2 switch 2\n>p1 move taunt\n>p2 move recover\n>p1 move suckerpunch\n>p2 move earthpower\n>p1 switch 5\n>p1 move stompingtantrum\n>p2 switch 4\n>p1 switch 3\n>p2 move swordsdance\n>p1 move hurricane\n>p2 move doubleedge terastallize\n>p1 switch 2\n>p1 move sludgewave\n>p2 switch 2\n>p1 move sludgewave\n>p2 move thunderwave\n>p1 move sludgewave\n>p2 move uturn\n>p2 switch 4\n>p1 move focusblast\n>p2 move recover\n>p1 move focusblast\n>p2 move earthpower\n>p1 switch 3\n>p1 move stompingtantrum\n>p2 move judgment\n>p1 move stompingtantrum\n>p2 switch 3\n>p1 switch 6\n>p2 move knockoff\n>p1 move earthpower\n>p2 move closecombat\n>p1 move ficklebeam\n>p2 move closecombat\n>p2 switch 6\n>forcelose p1", "uploadtime": 1732956785, "views": 5, "formatid": "gen9randombattle", "rating": 1361, "private": 0, "password": null}