{"id": "gen9randombattle-2253807581", "format": "[Gen 9] Random Battle", "players": ["PrestonMonster", "F55"], "log": "|j|\u2606PrestonMonster\n|j|\u2606F55\n|t:|1732941323\n|gametype|singles\n|player|p1|PrestonMonster|wallace|1194\n|player|p2|F55|veteran|1236\n|teamsize|p1|6\n|teamsize|p2|6\n|gen|9\n|tier|[Gen 9] Random Battle\n|rated|\n|rule|Species Clause: Limit one of each Pok\u00e9mon\n|rule|HP Percentage Mod: HP is shown in percentages\n|rule|Sleep Clause Mod: Limit one foe put to sleep\n|rule|Illusion Level Mod: Illusion disguises the Pok\u00e9mon's true level\n|\n|t:|1732941323\n|start\n|switch|p1a: Grumpig|Grumpig, L92, M|297/297\n|switch|p2a: Ariados|Ariados, L95, M|287/287\n|turn|1\n|\n|t:|1732941344\n|move|p1a: Grumpig|Trick|p2a: Ariados\n|-activate|p1a: Grumpig|move: Trick|[of] p2a: Ariados\n|-item|p2a: Ariados|Choice Scarf|[from] move: Trick\n|-item|p1a: Grumpig|Focus Sash|[from] move: Trick\n|move|p2a: Ariados|Sticky Web|p1a: Grumpig\n|-sidestart|p1: PrestonMonster|move: Sticky Web\n|\n|upkeep\n|turn|2\n|\n|t:|1732941353\n|switch|p2a: Azelf|Azelf, L82|257/257\n|move|p1a: Grumpig|Shadow Ball|p2a: Azelf\n|-supereffective|p2a: Azelf\n|-damage|p2a: Azelf|159/257\n|\n|upkeep\n|turn|3\n|\n|t:|1732941364\n|move|p2a: Azelf|Knock Off|p1a: Grumpig\n|-supereffective|p1a: Grumpig\n|-damage|p1a: Grumpig|125/297\n|-enditem|p1a: Grumpig|Focus Sash|[from] move: Knock Off|[of] p2a: Azelf\n|move|p1a: Grumpig|Trick|p2a: Azelf\n|-activate|p1a: Grumpig|move: Trick|[of] p2a: Azelf\n|-enditem|p2a: Azelf|Assault Vest|[silent]|[from] move: Trick\n|-item|p1a: Grumpig|Assault Vest|[from] move: Trick\n|\n|upkeep\n|turn|4\n|\n|t:|1732941380\n|switch|p1a: Volbeat|Volbeat, L90, M, shiny|263/263\n|move|p2a: Azelf|Knock Off|p1a: Volbeat\n|-damage|p1a: Volbeat|176/263\n|-enditem|p1a: Volbeat|Heavy-Duty Boots|[from] move: Knock Off|[of] p2a: Azelf\n|\n|upkeep\n|turn|5\n|\n|t:|1732941394\n|move|p2a: Azelf|Fire Blast|p1a: Volbeat|[miss]\n|-miss|p2a: Azelf|p1a: Volbeat\n|move|p1a: Volbeat|Lunge|p2a: Azelf\n|-supereffective|p2a: Azelf\n|-damage|p2a: Azelf|0 fnt\n|faint|p2a: Azelf\n|\n|upkeep\n|\n|t:|1732941425\n|switch|p2a: Heatran|Heatran, L79, F|273/273\n|-item|p2a: Heatran|Air Balloon\n|turn|6\n|\n|t:|1732941441\n|switch|p1a: Grumpig|Grumpig, L92, M|125/297\n|-activate|p1a: Grumpig|move: Sticky Web\n|-unboost|p1a: Grumpig|spe|1\n|move|p2a: Heatran|Lava Plume|p1a: Grumpig\n|-damage|p1a: Grumpig|98/297\n|\n|upkeep\n|turn|7\n|\n|t:|1732941478\n|move|p2a: Heatran|Lava Plume|p1a: Grumpig\n|-damage|p1a: Grumpig|70/297\n|-status|p1a: Grumpig|brn\n|move|p1a: Grumpig|Earth Power|p2a: Heatran\n|-immune|p2a: Heatran\n|\n|-damage|p1a: Grumpig|52/297 brn|[from] brn\n|upkeep\n|turn|8\n|\n|t:|1732941487\n|move|p2a: Heatran|Heavy Slam|p1a: Grumpig\n|-damage|p1a: Grumpig|0 fnt\n|faint|p1a: Grumpig\n|\n|upkeep\n|\n|t:|1732941504\n|switch|p1a: Oricorio|Oricorio-Pom-Pom, L82, M|257/257\n|turn|9\n|\n|t:|1732941519\n|switch|p2a: Froslass|Froslass, L87, F|263/263\n|move|p1a: Oricorio|Revelation Dance|p2a: Froslass\n|-damage|p2a: Froslass|158/263\n|-start|p1a: Oricorio|Disable|Revelation Dance|[from] ability: Cursed Body|[of] p2a: Froslass\n|\n|upkeep\n|turn|10\n|\n|t:|1732941533\n|switch|p1a: Volbeat|Volbeat, L90, M, shiny|176/263\n|-activate|p1a: Volbeat|move: Sticky Web\n|-unboost|p1a: Volbeat|spe|1\n|move|p2a: Froslass|Triple Axel|p1a: Volbeat\n|-damage|p1a: Volbeat|154/263\n|-damage|p1a: Volbeat|108/263\n|-damage|p1a: Volbeat|47/263\n|-hitcount|p1a: Volbeat|3\n|\n|upkeep\n|turn|11\n|\n|t:|1732941547\n|move|p1a: Volbeat|Thunder Wave|p2a: Froslass\n|-status|p2a: Froslass|par\n|cant|p2a: Froslass|par\n|\n|upkeep\n|turn|12\n|\n|t:|1732941553\n|move|p1a: Volbeat|Roost|p1a: Volbeat\n|-heal|p1a: Volbeat|179/263\n|-singleturn|p1a: Volbeat|move: Roost\n|move|p2a: Froslass|Triple Axel|p1a: Volbeat\n|-damage|p1a: Volbeat|158/263\n|-damage|p1a: Volbeat|116/263\n|-damage|p1a: Volbeat|49/263\n|-hitcount|p1a: Volbeat|3\n|\n|upkeep\n|turn|13\n|\n|t:|1732941608\n|move|p1a: Volbeat|Roost|p1a: Volbeat\n|-heal|p1a: Volbeat|181/263\n|-singleturn|p1a: Volbeat|move: Roost\n|move|p2a: Froslass|Triple Axel|p1a: Volbeat\n|-damage|p1a: Volbeat|162/263\n|-damage|p1a: Volbeat|120/263\n|-damage|p1a: Volbeat|62/263\n|-hitcount|p1a: Volbeat|3\n|\n|upkeep\n|turn|14\n|\n|t:|1732941620\n|switch|p2a: Ariados|Ariados, L95, M|287/287\n|move|p1a: Volbeat|Roost|p1a: Volbeat\n|-heal|p1a: Volbeat|194/263\n|-singleturn|p1a: Volbeat|move: Roost\n|\n|upkeep\n|turn|15\n|\n|t:|1732941627\n|move|p1a: Volbeat|Thunder Wave|p2a: Ariados\n|-status|p2a: Ariados|par\n|move|p2a: Ariados|Megahorn|p1a: Volbeat\n|-damage|p1a: Volbeat|22/263\n|\n|upkeep\n|turn|16\n|\n|t:|1732941644\n|-terastallize|p1a: Volbeat|Steel\n|move|p1a: Volbeat|Roost|p1a: Volbeat\n|-heal|p1a: Volbeat|154/263\n|move|p2a: Ariados|Megahorn|p1a: Volbeat\n|-resisted|p1a: Volbeat\n|-damage|p1a: Volbeat|79/263\n|\n|upkeep\n|turn|17\n|\n|t:|1732941652\n|switch|p2a: Zarude|Zarude, L78|292/292\n|move|p1a: Volbeat|Roost|p1a: Volbeat\n|-heal|p1a: Volbeat|211/263\n|\n|upkeep\n|turn|18\n|\n|t:|1732941659\n|move|p1a: Volbeat|Thunder Wave|p2a: Zarude\n|-hint|Since gen 7, Dark is immune to Prankster moves.\n|-immune|p2a: Zarude\n|move|p2a: Zarude|Close Combat|p1a: Volbeat\n|-supereffective|p1a: Volbeat\n|-damage|p1a: Volbeat|0 fnt\n|-unboost|p2a: Zarude|def|1\n|-unboost|p2a: Zarude|spd|1\n|faint|p1a: Volbeat\n|-damage|p2a: Zarude|263/292|[from] item: Life Orb\n|\n|upkeep\n|\n|t:|1732941669\n|switch|p1a: Oricorio|Oricorio-Pom-Pom, L82, M|257/257\n|turn|19\n|\n|t:|1732941687\n|switch|p2a: Froslass|Froslass, L87, F|158/263 par\n|move|p1a: Oricorio|Quiver Dance|p1a: Oricorio\n|-boost|p1a: Oricorio|spa|1\n|-boost|p1a: Oricorio|spd|1\n|-boost|p1a: Oricorio|spe|1\n|\n|upkeep\n|turn|20\n|\n|t:|1732941694\n|move|p1a: Oricorio|Revelation Dance|p2a: Froslass\n|-damage|p2a: Froslass|11/263 par\n|move|p2a: Froslass|Triple Axel|p1a: Oricorio\n|-supereffective|p1a: Oricorio\n|-damage|p1a: Oricorio|203/257\n|-supereffective|p1a: Oricorio\n|-damage|p1a: Oricorio|107/257\n|-supereffective|p1a: Oricorio\n|-damage|p1a: Oricorio|0 fnt\n|faint|p1a: Oricorio\n|-hitcount|p1: Oricorio|3\n|\n|upkeep\n|\n|t:|1732941718\n|switch|p1a: Azumarill|Azumarill, L82, M|298/298\n|-activate|p1a: Azumarill|move: Sticky Web\n|-unboost|p1a: Azumarill|spe|1\n|turn|21\n|\n|t:|1732941724\n|move|p1a: Azumarill|Aqua Jet|p2a: Froslass\n|-damage|p2a: Froslass|0 fnt\n|faint|p2a: Froslass\n|\n|upkeep\n|\n|t:|1732941732\n|switch|p2a: Zarude|Zarude, L78|263/292\n|turn|22\n|\n|t:|1732941738\n|switch|p1a: Arceus|Arceus-Ice, L72|291/291\n|-activate|p1a: Arceus|move: Sticky Web\n|-unboost|p1a: Arceus|spe|1\n|move|p2a: Zarude|Power Whip|p1a: Arceus\n|-damage|p1a: Arceus|130/291\n|-damage|p2a: Zarude|234/292|[from] item: Life Orb\n|\n|upkeep\n|turn|23\n|\n|t:|1732941755\n|move|p2a: Zarude|Close Combat|p1a: Arceus\n|-supereffective|p1a: Arceus\n|-damage|p1a: Arceus|0 fnt\n|-unboost|p2a: Zarude|def|1\n|-unboost|p2a: Zarude|spd|1\n|faint|p1a: Arceus\n|-damage|p2a: Zarude|205/292|[from] item: Life Orb\n|\n|upkeep\n|\n|t:|1732941764\n|switch|p1a: Ogerpon|Ogerpon-Wellspring, L76, F|247/247\n|-activate|p1a: Ogerpon|move: Sticky Web\n|-unboost|p1a: Ogerpon|spe|1\n|turn|24\n|\n|t:|1732941770\n|switch|p2a: Ariados|Ariados, L95, M|287/287 par\n|move|p1a: Ogerpon|Play Rough|p2a: Ariados\n|-resisted|p2a: Ariados\n|-damage|p2a: Ariados|245/287 par\n|\n|upkeep\n|turn|25\n|\n|t:|1732941779\n|move|p1a: Ogerpon|Swords Dance|p1a: Ogerpon\n|-boost|p1a: Ogerpon|atk|2\n|move|p2a: Ariados|Poison Jab|p1a: Ogerpon\n|-supereffective|p1a: Ogerpon\n|-damage|p1a: Ogerpon|7/247\n|-status|p1a: Ogerpon|psn\n|\n|-damage|p1a: Ogerpon|0 fnt|[from] psn\n|faint|p1a: Ogerpon\n|upkeep\n|-message|PrestonMonster forfeited.\n|\n|win|F55\n|raw|PrestonMonster's rating: 1194 &rarr; <strong>1172</strong><br />(-22 for losing)\n|raw|F55's rating: 1236 &rarr; <strong>1258</strong><br />(+22 for winning)\n|l|\u2606PrestonMonster\n|player|p1|\n", "inputlog": ">version b107d77f5c90bd6555267ae244a6264823309ead\n>start {\"formatid\":\"gen9randombattle\",\"seed\":[52233,46427,576,19786],\"rated\":\"Rated battle\"}\n>player p1 {\"name\":\"PrestonMonster\",\"avatar\":\"wallace\",\"rating\":1194,\"seed\":[39644,60203,32593,9225]}\n>player p2 {\"name\":\"F55\",\"avatar\":\"veteran\",\"rating\":1236,\"seed\":[41735,16286,59471,27636]}\n>p1 move trick\n>p2 move stickyweb\n>p1 move shadowball\n>p2 switch 5\n>p1 move trick\n>p2 move knockoff\n>p1 switch 5\n>p2 move knockoff\n>p1 move lunge\n>p2 move fireblast\n>p2 switch 4\n>p1 switch 5\n>p2 move lavaplume\n>p1 move earthpower\n>p2 move lavaplume\n>p1 move shadowball\n>p2 move heavyslam\n>p1 switch 6\n>p1 move revelationdance\n>p2 switch 2\n>p1 switch 5\n>p2 move tripleaxel\n>p1 move thunderwave\n>p2 move tripleaxel\n>p1 move roost\n>p2 move tripleaxel\n>p1 move roost\n>p2 move tripleaxel\n>p1 move roost\n>p2 switch 5\n>p1 move thunderwave\n>p2 move megahorn\n>p1 move roost terastallize\n>p2 move megahorn\n>p1 move roost\n>p2 switch 3\n>p1 move thunderwave\n>p2 move closecombat\n>p1 switch 5\n>p1 move quiverdance\n>p2 switch 5\n>p1 move revelationdance\n>p2 move tripleaxel\n>p1 switch 3\n>p1 move aquajet\n>p2 move destinybond\n>p2 switch 5\n>p1 switch 4\n>p2 move powerwhip\n>p1 move judgment\n>p2 move closecombat\n>p1 switch 2\n>p1 move playrough\n>p2 switch 3\n>p1 move swordsdance\n>p2 move poisonjab\n>forcelose p1", "uploadtime": 1732941796, "views": 20, "formatid": "gen9randombattle", "rating": 1172, "private": 0, "password": null}