{"id": "gen9randombattle-2253994479", "format": "[Gen 9] Random Battle", "players": ["Graygami3", "Esmolmightbetaken"], "log": "|j|\u2606Graygami3\n|j|\u2606Esmolmightbetaken\n|t:|1732977261\n|gametype|singles\n|player|p1|Graygami3|birdkeeper-gen4dp|1554\n|player|p2|Esmolmightbetaken|170|1567\n|teamsize|p1|6\n|teamsize|p2|6\n|gen|9\n|tier|[Gen 9] Random Battle\n|rated|\n|rule|Species Clause: Limit one of each Pok\u00e9mon\n|rule|HP Percentage Mod: HP is shown in percentages\n|rule|Sleep Clause Mod: Limit one foe put to sleep\n|rule|Illusion Level Mod: Illusion disguises the Pok\u00e9mon's true level\n|\n|t:|1732977261\n|start\n|switch|p1a: Dugtrio|Dugtrio-Alola, L84, M|196/196\n|switch|p2a: Scream Tail|Scream Tail, L84|330/330\n|turn|1\n|\n|t:|1732977270\n|move|p2a: Scream Tail|Wish|p2a: Scream Tail\n|move|p1a: Dugtrio|Iron Head|p2a: Scream Tail\n|-supereffective|p2a: Scream Tail\n|-damage|p2a: Scream Tail|117/330\n|-damage|p1a: Dugtrio|177/196|[from] item: Life Orb\n|\n|-heal|p2a: Scream Tail|137/330|[from] item: Leftovers\n|upkeep\n|turn|2\n|\n|t:|1732977277\n|-end|p2a: Scream Tail|Protosynthesis|[silent]\n|switch|p2a: Electrode|Electrode-Hisui, L87|246/246\n|move|p1a: Dugtrio|Stealth Rock|p2a: Electrode\n|-sidestart|p2: Esmolmightbetaken|move: Stealth Rock\n|\n|upkeep\n|turn|3\n|\n|t:|1732977290\n|move|p2a: Electrode|Substitute|p2a: Electrode\n|-start|p2a: Electrode|Substitute\n|-damage|p2a: Electrode|185/246\n|move|p1a: Dugtrio|Earthquake|p2a: Electrode\n|-end|p2a: Electrode|Substitute\n|-damage|p1a: Dugtrio|158/196|[from] item: Life Orb\n|\n|-heal|p2a: Electrode|200/246|[from] item: Leftovers\n|upkeep\n|turn|4\n|\n|t:|1732977304\n|move|p2a: Electrode|Giga Drain|p1a: Dugtrio\n|-damage|p1a: Dugtrio|65/196\n|-heal|p2a: Electrode|246/246|[from] drain|[of] p1a: Dugtrio\n|move|p1a: Dugtrio|Earthquake|p2a: Electrode\n|-crit|p2a: Electrode\n|-damage|p2a: Electrode|0 fnt\n|faint|p2a: Electrode\n|-damage|p1a: Dugtrio|46/196|[from] item: Life Orb\n|\n|upkeep\n|\n|t:|1732977316\n|switch|p2a: Zamazenta|Zamazenta, L71|248/248\n|-damage|p2a: Zamazenta|233/248|[from] Stealth Rock\n|-ability|p2a: Zamazenta|Dauntless Shield|boost\n|-boost|p2a: Zamazenta|def|1\n|turn|5\n|\n|t:|1732977326\n|move|p2a: Zamazenta|Close Combat|p1a: Dugtrio\n|-supereffective|p1a: Dugtrio\n|-damage|p1a: Dugtrio|0 fnt\n|-unboost|p2a: Zamazenta|def|1\n|-unboost|p2a: Zamazenta|spd|1\n|-ability|p1a: Dugtrio|Tangling Hair\n|-unboost|p2a: Zamazenta|spe|1\n|faint|p1a: Dugtrio\n|\n|upkeep\n|\n|t:|1732977336\n|switch|p1a: Jumpluff|Jumpluff, L87, F|271/271\n|turn|6\n|\n|t:|1732977340\n|switch|p2a: Yanmega|Yanmega, L82, M|275/275\n|-damage|p2a: Yanmega|138/275|[from] Stealth Rock\n|move|p1a: Jumpluff|Acrobatics|p2a: Yanmega\n|-supereffective|p2a: Yanmega\n|-damage|p2a: Yanmega|0 fnt\n|faint|p2a: Yanmega\n|\n|upkeep\n|\n|t:|1732977345\n|switch|p2a: Scream Tail|Scream Tail, L84|137/330\n|-damage|p2a: Scream Tail|96/330|[from] Stealth Rock\n|turn|7\n|\n|t:|1732977351\n|move|p1a: Jumpluff|Acrobatics|p2a: Scream Tail\n|-damage|p2a: Scream Tail|17/330\n|move|p2a: Scream Tail|Wish|p2a: Scream Tail\n|\n|-heal|p2a: Scream Tail|37/330|[from] item: Leftovers\n|upkeep\n|turn|8\n|\n|t:|1732977356\n|move|p2a: Scream Tail|Protect|p2a: Scream Tail\n|-singleturn|p2a: Scream Tail|Protect\n|move|p1a: Jumpluff|Acrobatics|p2a: Scream Tail\n|-activate|p2a: Scream Tail|move: Protect\n|\n|-heal|p2a: Scream Tail|202/330|[from] move: Wish|[wisher] Scream Tail\n|-heal|p2a: Scream Tail|222/330|[from] item: Leftovers\n|upkeep\n|turn|9\n|\n|t:|1732977365\n|move|p1a: Jumpluff|Encore|p2a: Scream Tail\n|-start|p2a: Scream Tail|Encore\n|move|p2a: Scream Tail|Protect||[still]\n|-fail|p2a: Scream Tail\n|\n|-heal|p2a: Scream Tail|242/330|[from] item: Leftovers\n|upkeep\n|turn|10\n|\n|t:|1732977371\n|move|p2a: Scream Tail|Protect|p2a: Scream Tail\n|-singleturn|p2a: Scream Tail|Protect\n|move|p1a: Jumpluff|Acrobatics|p2a: Scream Tail\n|-activate|p2a: Scream Tail|move: Protect\n|\n|-heal|p2a: Scream Tail|262/330|[from] item: Leftovers\n|upkeep\n|turn|11\n|\n|t:|1732977382\n|-end|p2a: Scream Tail|Protosynthesis|[silent]\n|switch|p2a: Suicune|Suicune, L82|298/298\n|-damage|p2a: Suicune|261/298|[from] Stealth Rock\n|-ability|p2a: Suicune|Pressure\n|move|p1a: Jumpluff|Sleep Powder|p2a: Suicune\n|-status|p2a: Suicune|slp|[from] move: Sleep Powder\n|\n|-heal|p2a: Suicune|279/298 slp|[from] item: Leftovers\n|upkeep\n|turn|12\n|\n|t:|1732977391\n|switch|p2a: Zamazenta|Zamazenta, L71|233/248\n|-damage|p2a: Zamazenta|218/248|[from] Stealth Rock\n|move|p1a: Jumpluff|U-turn|p2a: Zamazenta\n|-resisted|p2a: Zamazenta\n|-damage|p2a: Zamazenta|202/248\n|\n|t:|1732977407\n|switch|p1a: Swalot|Swalot, L90, F|326/326|[from] U-turn\n|\n|upkeep\n|turn|13\n|\n|t:|1732977414\n|move|p2a: Zamazenta|Psychic Fangs|p1a: Swalot\n|-supereffective|p1a: Swalot\n|-damage|p1a: Swalot|182/326\n|move|p1a: Swalot|Sludge Bomb|p2a: Zamazenta\n|-crit|p2a: Zamazenta\n|-damage|p2a: Zamazenta|84/248\n|-status|p2a: Zamazenta|psn\n|\n|-heal|p1a: Swalot|202/326|[from] item: Leftovers\n|-damage|p2a: Zamazenta|53/248 psn|[from] psn\n|upkeep\n|turn|14\n|\n|t:|1732977425\n|move|p2a: Zamazenta|Psychic Fangs|p1a: Swalot\n|-supereffective|p1a: Swalot\n|-damage|p1a: Swalot|62/326\n|move|p1a: Swalot|Pain Split|p2a: Zamazenta\n|-sethp|p2a: Zamazenta|57/248 psn|[from] move: Pain Split|[silent]\n|-sethp|p1a: Swalot|57/326|[from] move: Pain Split\n|\n|-heal|p1a: Swalot|77/326|[from] item: Leftovers\n|-damage|p2a: Zamazenta|26/248 psn|[from] psn\n|upkeep\n|turn|15\n|\n|t:|1732977440\n|-terastallize|p1a: Swalot|Dark\n|move|p2a: Zamazenta|Psychic Fangs|p1a: Swalot\n|-immune|p1a: Swalot\n|move|p1a: Swalot|Knock Off|p2a: Zamazenta\n|-resisted|p2a: Zamazenta\n|-damage|p2a: Zamazenta|0 fnt\n|-enditem|p2a: Zamazenta|Choice Band|[from] move: Knock Off|[of] p1a: Swalot\n|faint|p2a: Zamazenta\n|\n|-heal|p1a: Swalot|97/326|[from] item: Leftovers\n|upkeep\n|\n|t:|1732977444\n|switch|p2a: Scream Tail|Scream Tail, L84|262/330\n|-damage|p2a: Scream Tail|221/330|[from] Stealth Rock\n|turn|16\n|\n|t:|1732977454\n|move|p2a: Scream Tail|Dazzling Gleam|p1a: Swalot\n|-supereffective|p1a: Swalot\n|-damage|p1a: Swalot|0 fnt\n|faint|p1a: Swalot\n|\n|-heal|p2a: Scream Tail|241/330|[from] item: Leftovers\n|upkeep\n|\n|t:|1732977462\n|switch|p1a: Cyclizar|Cyclizar, L83, M|252/252\n|turn|17\n|\n|t:|1732977465\n|move|p1a: Cyclizar|Taunt|p2a: Scream Tail\n|-start|p2a: Scream Tail|move: Taunt\n|move|p2a: Scream Tail|Dazzling Gleam|p1a: Cyclizar\n|-supereffective|p1a: Cyclizar\n|-damage|p1a: Cyclizar|100/252\n|\n|-heal|p2a: Scream Tail|261/330|[from] item: Leftovers\n|upkeep\n|turn|18\n|\n|t:|1732977478\n|switch|p1a: Tsareena|Tsareena, L87, F|267/267\n|move|p2a: Scream Tail|Dazzling Gleam|p1a: Tsareena\n|-damage|p1a: Tsareena|213/267\n|\n|-heal|p2a: Scream Tail|281/330|[from] item: Leftovers\n|upkeep\n|turn|19\n|\n|t:|1732977486\n|-end|p2a: Scream Tail|Protosynthesis|[silent]\n|switch|p2a: Araquanid|Araquanid, L82, F|246/246\n|move|p1a: Tsareena|Knock Off|p2a: Araquanid\n|-damage|p2a: Araquanid|133/246\n|-enditem|p2a: Araquanid|Heavy-Duty Boots|[from] move: Knock Off|[of] p1a: Tsareena\n|-damage|p1a: Tsareena|187/267|[from] item: Life Orb\n|\n|upkeep\n|turn|20\n|\n|t:|1732977496\n|switch|p1a: Cyclizar|Cyclizar, L83, M|184/252\n|move|p2a: Araquanid|Leech Life|p1a: Cyclizar\n|-damage|p1a: Cyclizar|105/252\n|-heal|p2a: Araquanid|173/246|[from] drain|[of] p1a: Cyclizar\n|\n|upkeep\n|turn|21\n|\n|t:|1732977506\n|move|p1a: Cyclizar|Taunt|p2a: Araquanid\n|-start|p2a: Araquanid|move: Taunt\n|cant|p2a: Araquanid|move: Taunt|Sticky Web\n|\n|upkeep\n|turn|22\n|\n|t:|1732977511\n|move|p1a: Cyclizar|Draco Meteor|p2a: Araquanid\n|-damage|p2a: Araquanid|80/246\n|-unboost|p1a: Cyclizar|spa|2\n|move|p2a: Araquanid|Leech Life|p1a: Cyclizar\n|-damage|p1a: Cyclizar|27/252\n|-heal|p2a: Araquanid|119/246|[from] drain|[of] p1a: Cyclizar\n|\n|upkeep\n|turn|23\n|\n|t:|1732977519\n|switch|p1a: Jumpluff|Jumpluff, L87, F|271/271\n|move|p2a: Araquanid|Liquidation|p1a: Jumpluff\n|-resisted|p1a: Jumpluff\n|-damage|p1a: Jumpluff|199/271\n|\n|-end|p2a: Araquanid|move: Taunt\n|upkeep\n|turn|24\n|\n|t:|1732977533\n|move|p1a: Jumpluff|Encore|p2a: Araquanid\n|-start|p2a: Araquanid|Encore\n|move|p2a: Araquanid|Liquidation|p1a: Jumpluff\n|-resisted|p1a: Jumpluff\n|-damage|p1a: Jumpluff|127/271\n|\n|upkeep\n|turn|25\n|\n|t:|1732977542\n|move|p1a: Jumpluff|Acrobatics|p2a: Araquanid\n|-supereffective|p2a: Araquanid\n|-damage|p2a: Araquanid|0 fnt\n|faint|p2a: Araquanid\n|\n|upkeep\n|\n|t:|1732977545\n|switch|p2a: Scream Tail|Scream Tail, L84|281/330\n|-damage|p2a: Scream Tail|240/330|[from] Stealth Rock\n|turn|26\n|\n|t:|1732977552\n|move|p1a: Jumpluff|Acrobatics|p2a: Scream Tail\n|-damage|p2a: Scream Tail|164/330\n|move|p2a: Scream Tail|Dazzling Gleam|p1a: Jumpluff\n|-crit|p1a: Jumpluff\n|-damage|p1a: Jumpluff|36/271\n|\n|-heal|p2a: Scream Tail|184/330|[from] item: Leftovers\n|upkeep\n|turn|27\n|\n|t:|1732977559\n|move|p1a: Jumpluff|Acrobatics|p2a: Scream Tail\n|-damage|p2a: Scream Tail|106/330\n|move|p2a: Scream Tail|Dazzling Gleam|p1a: Jumpluff\n|-damage|p1a: Jumpluff|0 fnt\n|faint|p1a: Jumpluff\n|\n|-heal|p2a: Scream Tail|126/330|[from] item: Leftovers\n|upkeep\n|\n|t:|1732977577\n|switch|p1a: Cyclizar|Cyclizar, L83, M|111/252\n|turn|28\n|\n|t:|1732977589\n|move|p2a: Scream Tail|Protect|p2a: Scream Tail\n|-singleturn|p2a: Scream Tail|Protect\n|move|p1a: Cyclizar|Taunt|p2a: Scream Tail\n|-activate|p2a: Scream Tail|move: Protect\n|\n|-heal|p2a: Scream Tail|146/330|[from] item: Leftovers\n|upkeep\n|turn|29\n|\n|t:|1732977599\n|move|p1a: Cyclizar|Taunt|p2a: Scream Tail\n|-start|p2a: Scream Tail|move: Taunt\n|move|p2a: Scream Tail|Dazzling Gleam|p1a: Cyclizar\n|-supereffective|p1a: Cyclizar\n|-damage|p1a: Cyclizar|0 fnt\n|faint|p1a: Cyclizar\n|\n|-heal|p2a: Scream Tail|166/330|[from] item: Leftovers\n|upkeep\n|\n|t:|1732977612\n|switch|p1a: Tsareena|Tsareena, L87, F|187/267\n|turn|30\n|\n|t:|1732977618\n|-terastallize|p2a: Scream Tail|Poison\n|move|p2a: Scream Tail|Dazzling Gleam|p1a: Tsareena\n|-damage|p1a: Tsareena|127/267\n|move|p1a: Tsareena|Triple Axel|p2a: Scream Tail\n|-damage|p2a: Scream Tail|144/330\n|-hitcount|p2a: Scream Tail|1\n|-damage|p1a: Tsareena|101/267|[from] item: Life Orb\n|\n|-heal|p2a: Scream Tail|164/330|[from] item: Leftovers\n|upkeep\n|turn|31\n|c|\u2606Graygami3|damn\n|\n|t:|1732977629\n|move|p2a: Scream Tail|Dazzling Gleam|p1a: Tsareena\n|-damage|p1a: Tsareena|49/267\n|move|p1a: Tsareena|Triple Axel|p2a: Scream Tail|[miss]\n|-miss|p1a: Tsareena|p2a: Scream Tail\n|\n|-heal|p2a: Scream Tail|184/330|[from] item: Leftovers\n|-end|p2a: Scream Tail|move: Taunt\n|upkeep\n|turn|32\n|c|\u2606Graygami3|double damn\n|\n|t:|1732977638\n|move|p2a: Scream Tail|Dazzling Gleam|p1a: Tsareena\n|-damage|p1a: Tsareena|0 fnt\n|faint|p1a: Tsareena\n|\n|-heal|p2a: Scream Tail|204/330|[from] item: Leftovers\n|upkeep\n|\n|t:|1732977644\n|switch|p1a: Pawmot|Pawmot, L80, M|243/243\n|turn|33\n|\n|t:|1732977647\n|move|p2a: Scream Tail|Dazzling Gleam|p1a: Pawmot\n|-supereffective|p1a: Pawmot\n|-damage|p1a: Pawmot|73/243\n|move|p1a: Pawmot|Revival Blessing|p1a: Pawmot\n|\n|t:|1732977655\n|-heal|p1: Tsareena|133/267|[from] move: Revival Blessing\n|\n|-heal|p2a: Scream Tail|224/330|[from] item: Leftovers\n|upkeep\n|turn|34\n|\n|t:|1732977660\n|move|p2a: Scream Tail|Dazzling Gleam|p1a: Pawmot\n|-supereffective|p1a: Pawmot\n|-damage|p1a: Pawmot|0 fnt\n|faint|p1a: Pawmot\n|\n|-heal|p2a: Scream Tail|244/330|[from] item: Leftovers\n|upkeep\n|\n|t:|1732977665\n|switch|p1a: Tsareena|Tsareena, L87, F|133/267\n|turn|35\n|\n|t:|1732977669\n|move|p2a: Scream Tail|Wish|p2a: Scream Tail\n|move|p1a: Tsareena|Synthesis|p1a: Tsareena\n|-heal|p1a: Tsareena|266/267\n|\n|-heal|p2a: Scream Tail|264/330|[from] item: Leftovers\n|upkeep\n|turn|36\n|\n|t:|1732977674\n|move|p2a: Scream Tail|Dazzling Gleam|p1a: Tsareena\n|-damage|p1a: Tsareena|208/267\n|move|p1a: Tsareena|Knock Off|p2a: Scream Tail\n|-damage|p2a: Scream Tail|163/330\n|-enditem|p2a: Scream Tail|Leftovers|[from] move: Knock Off|[of] p1a: Tsareena\n|-damage|p1a: Tsareena|182/267|[from] item: Life Orb\n|\n|-heal|p2a: Scream Tail|328/330|[from] move: Wish|[wisher] Scream Tail\n|upkeep\n|turn|37\n|\n|t:|1732977683\n|move|p2a: Scream Tail|Dazzling Gleam|p1a: Tsareena\n|-damage|p1a: Tsareena|121/267\n|move|p1a: Tsareena|Triple Axel|p2a: Scream Tail\n|-damage|p2a: Scream Tail|306/330\n|-damage|p2a: Scream Tail|263/330\n|-damage|p2a: Scream Tail|197/330\n|-hitcount|p2a: Scream Tail|3\n|-damage|p1a: Tsareena|95/267|[from] item: Life Orb\n|\n|upkeep\n|turn|38\n|\n|t:|1732977692\n|move|p2a: Scream Tail|Encore|p1a: Tsareena\n|-start|p1a: Tsareena|Encore\n|move|p1a: Tsareena|Triple Axel|p2a: Scream Tail\n|-damage|p2a: Scream Tail|176/330\n|-damage|p2a: Scream Tail|131/330\n|-damage|p2a: Scream Tail|63/330\n|-hitcount|p2a: Scream Tail|3\n|-damage|p1a: Tsareena|69/267|[from] item: Life Orb\n|\n|upkeep\n|turn|39\n|\n|t:|1732977701\n|move|p2a: Scream Tail|Dazzling Gleam|p1a: Tsareena\n|-damage|p1a: Tsareena|15/267\n|move|p1a: Tsareena|Triple Axel|p2a: Scream Tail\n|-damage|p2a: Scream Tail|41/330\n|-damage|p2a: Scream Tail|0 fnt\n|faint|p2a: Scream Tail\n|-end|p2a: Scream Tail|Protosynthesis|[silent]\n|-hitcount|p2: Scream Tail|2\n|-damage|p1a: Tsareena|0 fnt|[from] item: Life Orb\n|faint|p1a: Tsareena\n|\n|win|Esmolmightbetaken\n|raw|Graygami3's rating: 1554 &rarr; <strong>1535</strong><br />(-19 for losing)\n|raw|Esmolmightbetaken's rating: 1567 &rarr; <strong>1586</strong><br />(+19 for winning)\n|c|\u2606Esmolmightbetaken|gg\n", "inputlog": ">version b107d77f5c90bd6555267ae244a6264823309ead\n>start {\"formatid\":\"gen9randombattle\",\"seed\":[54565,45509,57193,21889],\"rated\":\"Rated battle\"}\n>player p1 {\"name\":\"Graygami3\",\"avatar\":\"birdkeeper-gen4dp\",\"rating\":1554,\"seed\":[57907,62474,38984,24408]}\n>player p2 {\"name\":\"Esmolmightbetaken\",\"avatar\":\"170\",\"rating\":1567,\"seed\":[39338,31557,63451,14094]}\n>p1 move ironhead\n>p2 move wish\n>p1 move stealthrock\n>p2 switch 4\n>p1 move earthquake\n>p2 move substitute\n>p1 move earthquake\n>p2 move gigadrain\n>p2 switch 6\n>p1 move earthquake\n>p2 move closecombat\n>p1 switch 4\n>p1 move acrobatics\n>p2 switch 5\n>p2 switch 4\n>p1 move acrobatics\n>p2 move wish\n>p1 move acrobatics\n>p2 move protect\n>p1 move encore\n>p2 move dazzlinggleam\n>p1 move acrobatics\n>p2 move protect\n>p1 move sleeppowder\n>p2 switch 2\n>p1 move uturn\n>p2 switch 5\n>p1 switch 6\n>p1 move sludgebomb\n>p2 move psychicfangs\n>p1 move painsplit\n>p2 move psychicfangs\n>p1 move knockoff terastallize\n>p2 move psychicfangs\n>p2 switch 2\n>p1 move painsplit\n>p2 move dazzlinggleam\n>p1 switch 5\n>p1 move taunt\n>p2 move dazzlinggleam\n>p1 switch 2\n>p2 move dazzlinggleam\n>p1 move knockoff\n>p2 switch 3\n>p1 switch 2\n>p2 move leechlife\n>p1 move taunt\n>p2 move stickyweb\n>p1 move dracometeor\n>p2 move leechlife\n>p1 switch 6\n>p2 move liquidation\n>p1 move encore\n>p2 move leechlife\n>p1 move acrobatics\n>p2 move liquidation\n>p2 switch 3\n>p1 move acrobatics\n>p2 move dazzlinggleam\n>p1 move acrobatics\n>p2 move dazzlinggleam\n>p1 switch 6\n>p1 move taunt\n>p2 move protect\n>p1 move taunt\n>p2 move dazzlinggleam\n>p1 switch 2\n>p1 move tripleaxel\n>p2 move dazzlinggleam terastallize\n>chat \u2606Graygami3|damn\n>p1 move tripleaxel\n>p2 move dazzlinggleam\n>chat \u2606Graygami3|double damn\n>p1 move tripleaxel\n>p2 move dazzlinggleam\n>p1 switch 3\n>p1 move revivalblessing\n>p2 move dazzlinggleam\n>p1 switch 3\n>p1 move doubleshock\n>p2 move dazzlinggleam\n>p1 switch 3\n>p1 move synthesis\n>p2 move wish\n>p1 move knockoff\n>p2 move dazzlinggleam\n>p1 move tripleaxel\n>p2 move dazzlinggleam\n>p1 move synthesis\n>p2 move encore\n>p1 move tripleaxel\n>p2 move dazzlinggleam", "uploadtime": 1732977711, "views": 2, "formatid": "gen9randombattle", "rating": 1535, "private": 0, "password": null}