{"id": "gen9randombattle-2253962837", "format": "[Gen 9] Random Battle", "players": ["EL NEGRO 0SCUR0", "Heykoul"], "log": "|j|\u2606EL NEGRO 0SCUR0\n|j|\u2606Heykoul\n|t:|1732972197\n|gametype|singles\n|player|p1|EL NEGRO 0SCUR0|hoopster|1841\n|player|p2|Heykoul|169|1898\n|teamsize|p1|6\n|teamsize|p2|6\n|gen|9\n|tier|[Gen 9] Random Battle\n|rated|\n|rule|Species Clause: Limit one of each Pok\u00e9mon\n|rule|HP Percentage Mod: HP is shown in percentages\n|rule|Sleep Clause Mod: Limit one foe put to sleep\n|rule|Illusion Level Mod: Illusion disguises the Pok\u00e9mon's true level\n|\n|t:|1732972197\n|start\n|switch|p1a: Arcanine|Arcanine, L84, F|288/288\n|switch|p2a: Banette|Banette, L93, F|270/270\n|-ability|p1a: Arcanine|Intimidate|boost\n|-unboost|p2a: Banette|atk|1\n|-item|p1a: Arcanine|Heavy-Duty Boots|[from] ability: Frisk|[of] p2a: Banette\n|turn|1\n|inactive|Battle timer is ON: inactive players will automatically lose when time's up. (requested by Heykoul)\n|\n|t:|1732972224\n|switch|p1a: Eelektross|Eelektross, L87, F|290/290\n|switch|p2a: Clawitzer|Clawitzer, L87, M|265/265\n|\n|upkeep\n|turn|2\n|\n|t:|1732972253\n|move|p2a: Clawitzer|U-turn|p1a: Eelektross\n|-damage|p1a: Eelektross|248/290\n|\n|t:|1732972259\n|switch|p2a: Pyroar|Pyroar, L88, F|295/295|[from] U-turn\n|-ability|p2a: Pyroar|Unnerve\n|move|p1a: Eelektross|Knock Off|p2a: Pyroar\n|-damage|p2a: Pyroar|210/295\n|-enditem|p2a: Pyroar|Heavy-Duty Boots|[from] move: Knock Off|[of] p1a: Eelektross\n|\n|-heal|p1a: Eelektross|266/290|[from] item: Leftovers\n|upkeep\n|turn|3\n|inactive|EL NEGRO 0SCUR0 has 120 seconds left.\n|\n|t:|1732972299\n|switch|p1a: Slaking|Slaking, L84, F|389/389\n|move|p2a: Pyroar|Work Up|p2a: Pyroar\n|-boost|p2a: Pyroar|atk|1\n|-boost|p2a: Pyroar|spa|1\n|\n|upkeep\n|turn|4\n|\n|t:|1732972307\n|move|p1a: Slaking|Earthquake|p2a: Pyroar\n|-supereffective|p2a: Pyroar\n|-damage|p2a: Pyroar|0 fnt\n|faint|p2a: Pyroar\n|\n|upkeep\n|inactive|Heykoul has 120 seconds left.\n|\n|t:|1732972323\n|switch|p2a: Bellossom|Bellossom, L84, M|263/263\n|turn|5\n|\n|t:|1732972333\n|switch|p1a: Gengar|Gengar, L81, F|230/230\n|move|p2a: Bellossom|Quiver Dance|p2a: Bellossom\n|-boost|p2a: Bellossom|spa|1\n|-boost|p2a: Bellossom|spd|1\n|-boost|p2a: Bellossom|spe|1\n|\n|upkeep\n|turn|6\n|\n|t:|1732972341\n|-terastallize|p2a: Bellossom|Rock\n|move|p1a: Gengar|Sludge Wave|p2a: Bellossom\n|-resisted|p2a: Bellossom\n|-damage|p2a: Bellossom|215/263\n|-damage|p1a: Gengar|207/230|[from] item: Life Orb\n|move|p2a: Bellossom|Quiver Dance|p2a: Bellossom\n|-boost|p2a: Bellossom|spa|1\n|-boost|p2a: Bellossom|spd|1\n|-boost|p2a: Bellossom|spe|1\n|\n|-heal|p2a: Bellossom|231/263|[from] item: Leftovers\n|upkeep\n|turn|7\n|\n|t:|1732972350\n|move|p2a: Bellossom|Quiver Dance|p2a: Bellossom\n|-boost|p2a: Bellossom|spa|1\n|-boost|p2a: Bellossom|spd|1\n|-boost|p2a: Bellossom|spe|1\n|move|p1a: Gengar|Focus Blast|p2a: Bellossom\n|-supereffective|p2a: Bellossom\n|-crit|p2a: Bellossom\n|-damage|p2a: Bellossom|0 fnt\n|faint|p2a: Bellossom\n|-damage|p1a: Gengar|184/230|[from] item: Life Orb\n|\n|upkeep\n|\n|t:|1732972356\n|switch|p2a: Barraskewda|Barraskewda, L81, M|231/231\n|turn|8\n|c|\u2606Heykoul|nice\n|\n|t:|1732972367\n|move|p2a: Barraskewda|Flip Turn|p1a: Gengar\n|-damage|p1a: Gengar|42/230\n|-start|p2a: Barraskewda|Disable|Flip Turn|[from] ability: Cursed Body|[of] p1a: Gengar\n|\n|t:|1732972373\n|switch|p2a: Banette|Banette, L93, F|270/270|[from] Flip Turn\n|-item|p1a: Gengar|Life Orb|[from] ability: Frisk|[of] p2a: Banette\n|move|p1a: Gengar|Sludge Wave|p2a: Banette\n|-resisted|p2a: Banette\n|-damage|p2a: Banette|182/270\n|-damage|p1a: Gengar|19/230|[from] item: Life Orb\n|\n|upkeep\n|turn|9\n|\n|t:|1732972378\n|switch|p1a: Slaking|Slaking, L84, F|389/389\n|move|p2a: Banette|Shadow Sneak|p1a: Slaking\n|-immune|p1a: Slaking\n|\n|upkeep\n|turn|10\n|\n|t:|1732972384\n|switch|p2a: Clawitzer|Clawitzer, L87, M|265/265\n|move|p1a: Slaking|Knock Off|p2a: Clawitzer\n|-damage|p2a: Clawitzer|165/265\n|-enditem|p2a: Clawitzer|Choice Specs|[from] move: Knock Off|[of] p1a: Slaking\n|\n|upkeep\n|turn|11\n|\n|t:|1732972397\n|switch|p1a: Gengar|Gengar, L81, F|19/230\n|move|p2a: Clawitzer|Water Pulse|p1a: Gengar\n|-damage|p1a: Gengar|0 fnt\n|-start|p2a: Clawitzer|Disable|Water Pulse|[from] ability: Cursed Body|[of] p1a: Gengar\n|faint|p1a: Gengar\n|\n|upkeep\n|\n|t:|1732972400\n|switch|p1a: Spidops|Spidops, L96, F|271/271\n|turn|12\n|\n|t:|1732972407\n|move|p2a: Clawitzer|U-turn|p1a: Spidops\n|-damage|p1a: Spidops|231/271\n|\n|t:|1732972409\n|switch|p2a: Banette|Banette, L93, F|182/270|[from] U-turn\n|-item|p1a: Spidops|Heavy-Duty Boots|[from] ability: Frisk|[of] p2a: Banette\n|move|p1a: Spidops|Sticky Web|p2a: Banette\n|-sidestart|p2: Heykoul|move: Sticky Web\n|\n|upkeep\n|turn|13\n|\n|t:|1732972418\n|move|p2a: Banette|Gunk Shot|p1a: Spidops\n|-damage|p1a: Spidops|109/271\n|-damage|p2a: Banette|155/270|[from] item: Life Orb\n|move|p1a: Spidops|U-turn|p2a: Banette\n|-resisted|p2a: Banette\n|-damage|p2a: Banette|108/270\n|\n|t:|1732972421\n|switch|p1a: Slaking|Slaking, L84, F|389/389|[from] U-turn\n|\n|upkeep\n|turn|14\n|\n|t:|1732972430\n|move|p1a: Slaking|Knock Off|p2a: Banette\n|-supereffective|p2a: Banette\n|-damage|p2a: Banette|0 fnt\n|-enditem|p2a: Banette|Life Orb|[from] move: Knock Off|[of] p1a: Slaking\n|faint|p2a: Banette\n|\n|upkeep\n|\n|t:|1732972439\n|switch|p2a: Houndoom|Houndoom, L87, M|272/272\n|turn|15\n|\n|t:|1732972442\n|switch|p1a: Spidops|Spidops, L96, F|109/271\n|move|p2a: Houndoom|Nasty Plot|p2a: Houndoom\n|-boost|p2a: Houndoom|spa|2\n|\n|upkeep\n|turn|16\n|\n|t:|1732972447\n|move|p2a: Houndoom|Dark Pulse|p1a: Spidops\n|-damage|p1a: Spidops|0 fnt\n|faint|p1a: Spidops\n|\n|upkeep\n|\n|t:|1732972456\n|switch|p1a: Slaking|Slaking, L84, F|389/389\n|turn|17\n|\n|t:|1732972460\n|switch|p2a: Clawitzer|Clawitzer, L87, M|165/265\n|-activate|p2a: Clawitzer|move: Sticky Web\n|-unboost|p2a: Clawitzer|spe|1\n|move|p1a: Slaking|Earthquake|p2a: Clawitzer\n|-damage|p2a: Clawitzer|64/265\n|\n|upkeep\n|turn|18\n|\n|t:|1732972470\n|switch|p1a: Arcanine|Arcanine, L84, F|288/288\n|-ability|p1a: Arcanine|Intimidate|boost\n|-unboost|p2a: Clawitzer|atk|1\n|move|p2a: Clawitzer|Water Pulse|p1a: Arcanine\n|-supereffective|p1a: Arcanine\n|-damage|p1a: Arcanine|42/288\n|\n|upkeep\n|turn|19\n|\n|t:|1732972477\n|move|p1a: Arcanine|Wild Charge|p2a: Clawitzer\n|-supereffective|p2a: Clawitzer\n|-damage|p2a: Clawitzer|0 fnt\n|faint|p2a: Clawitzer\n|-damage|p1a: Arcanine|26/288|[from] Recoil\n|\n|upkeep\n|\n|t:|1732972482\n|switch|p2a: Houndoom|Houndoom, L87, M|272/272\n|turn|20\n|\n|t:|1732972486\n|move|p2a: Houndoom|Dark Pulse|p1a: Arcanine\n|-damage|p1a: Arcanine|0 fnt\n|faint|p1a: Arcanine\n|\n|upkeep\n|\n|t:|1732972491\n|switch|p1a: Eelektross|Eelektross, L87, F|266/290\n|turn|21\n|\n|t:|1732972495\n|move|p2a: Houndoom|Nasty Plot|p2a: Houndoom\n|-boost|p2a: Houndoom|spa|2\n|move|p1a: Eelektross|Knock Off|p2a: Houndoom\n|-resisted|p2a: Houndoom\n|-damage|p2a: Houndoom|214/272\n|-enditem|p2a: Houndoom|Heavy-Duty Boots|[from] move: Knock Off|[of] p1a: Eelektross\n|\n|-heal|p1a: Eelektross|284/290|[from] item: Leftovers\n|upkeep\n|turn|22\n|\n|t:|1732972500\n|move|p2a: Houndoom|Fire Blast|p1a: Eelektross\n|-damage|p1a: Eelektross|26/290\n|move|p1a: Eelektross|Drain Punch|p2a: Houndoom\n|-supereffective|p2a: Houndoom\n|-damage|p2a: Houndoom|14/272\n|-heal|p1a: Eelektross|126/290|[from] drain|[of] p2a: Houndoom\n|\n|-heal|p1a: Eelektross|144/290|[from] item: Leftovers\n|upkeep\n|turn|23\n|\n|t:|1732972506\n|move|p2a: Houndoom|Dark Pulse|p1a: Eelektross\n|-damage|p1a: Eelektross|0 fnt\n|faint|p1a: Eelektross\n|\n|upkeep\n|\n|t:|1732972507\n|switch|p1a: Slaking|Slaking, L84, F|389/389\n|turn|24\n|\n|t:|1732972512\n|move|p1a: Slaking|Giga Impact|p2a: Houndoom\n|-damage|p2a: Houndoom|0 fnt\n|-mustrecharge|p1a: Slaking\n|faint|p2a: Houndoom\n|\n|upkeep\n|\n|t:|1732972514\n|switch|p2a: Barraskewda|Barraskewda, L81, M|231/231\n|-activate|p2a: Barraskewda|move: Sticky Web\n|-unboost|p2a: Barraskewda|spe|1\n|turn|25\n|\n|t:|1732972517\n|cant|p1a: Slaking|recharge\n|move|p2a: Barraskewda|Close Combat|p1a: Slaking\n|-supereffective|p1a: Slaking\n|-damage|p1a: Slaking|111/389\n|-unboost|p2a: Barraskewda|def|1\n|-unboost|p2a: Barraskewda|spd|1\n|\n|upkeep\n|turn|26\n|\n|t:|1732972521\n|move|p1a: Slaking|Giga Impact|p2a: Barraskewda\n|-damage|p2a: Barraskewda|0 fnt\n|-mustrecharge|p1a: Slaking\n|faint|p2a: Barraskewda\n|\n|win|EL NEGRO 0SCUR0\n|raw|EL NEGRO 0SCUR0's rating: 1841 &rarr; <strong>1864</strong><br />(+23 for winning)\n|raw|Heykoul's rating: 1898 &rarr; <strong>1875</strong><br />(-23 for losing)\n|c|\u2606Heykoul|gg\n|c|\u2606EL NEGRO 0SCUR0|gg\n", "inputlog": ">version b107d77f5c90bd6555267ae244a6264823309ead\n>start {\"formatid\":\"gen9randombattle\",\"seed\":[40038,23459,52985,13855],\"rated\":\"Rated battle\"}\n>player p1 {\"name\":\"EL NEGRO 0SCUR0\",\"avatar\":\"hoopster\",\"rating\":1841,\"seed\":[37886,41983,23089,25024]}\n>player p2 {\"name\":\"Heykoul\",\"avatar\":\"169\",\"rating\":1898,\"seed\":[52217,57196,35065,12174]}\n>p1 switch 2\n>p2 switch 2\n>p1 move knockoff\n>p2 move uturn\n>p2 switch 6\n>p1 switch 3\n>p2 move workup\n>p1 move earthquake\n>p2 move willowisp\n>p2 switch 4\n>p1 switch 5\n>p2 move quiverdance\n>p1 move sludgewave\n>p2 move quiverdance terastallize\n>p1 move focusblast\n>p2 move quiverdance\n>p2 switch 3\n>chat \u2606Heykoul|nice\n>p1 move sludgewave\n>p2 move flipturn\n>p2 switch 2\n>p1 switch 5\n>p2 move shadowsneak\n>p1 move knockoff\n>p2 switch 6\n>p1 switch 5\n>p2 move waterpulse\n>p1 switch 6\n>p1 move stickyweb\n>p2 move uturn\n>p2 switch 6\n>p1 move uturn\n>p2 move gunkshot\n>p1 switch 5\n>p1 move knockoff\n>p2 move gunkshot\n>p2 switch 5\n>p1 switch 5\n>p2 move nastyplot\n>p1 move circlethrow\n>p2 move darkpulse\n>p1 switch 5\n>p1 move earthquake\n>p2 switch 6\n>p1 switch 2\n>p2 move waterpulse\n>p1 move wildcharge\n>p2 move waterpulse\n>p2 switch 6\n>p1 move wildcharge\n>p2 move darkpulse\n>p1 switch 3\n>p1 move knockoff\n>p2 move nastyplot\n>p1 move drainpunch\n>p2 move fireblast\n>p1 move drainpunch\n>p2 move darkpulse\n>p1 switch 2\n>p1 move gigaimpact\n>p2 move darkpulse\n>p2 switch 2\n>p1 move recharge\n>p2 move closecombat\n>p1 move gigaimpact\n>p2 move closecombat", "uploadtime": 1732972530, "views": 1, "formatid": "gen9randombattle", "rating": 1864, "private": 0, "password": null}