{"id": "gen9randombattle-2254083502", "format": "[Gen 9] Random Battle", "players": ["Mit1914", "Infernotgs16"], "log": "|j|\u2606Mit1914\n|j|\u2606Infernotgs16\n|t:|1732989209\n|gametype|singles\n|player|p1|Mit1914|hugh|1501\n|player|p2|Infernotgs16|265|1482\n|teamsize|p1|6\n|teamsize|p2|6\n|gen|9\n|tier|[Gen 9] Random Battle\n|rated|\n|rule|Species Clause: Limit one of each Pok\u00e9mon\n|rule|HP Percentage Mod: HP is shown in percentages\n|rule|Sleep Clause Mod: Limit one foe put to sleep\n|rule|Illusion Level Mod: Illusion disguises the Pok\u00e9mon's true level\n|\n|t:|1732989209\n|start\n|switch|p1a: Empoleon|Empoleon, L84, M|278/278\n|switch|p2a: Gholdengo|Gholdengo, L77|261/261\n|turn|1\n|inactive|Battle timer is ON: inactive players will automatically lose when time's up. (requested by Infernotgs16)\n|inactive|Mit1914 also wants the timer to be on.\n|\n|t:|1732989225\n|move|p2a: Gholdengo|Thunder Wave|p1a: Empoleon\n|-status|p1a: Empoleon|par\n|cant|p1a: Empoleon|par\n|\n|upkeep\n|turn|2\n|\n|t:|1732989230\n|move|p2a: Gholdengo|Shadow Ball|p1a: Empoleon\n|-damage|p1a: Empoleon|196/278 par\n|-unboost|p1a: Empoleon|spd|1\n|-ability|p1a: Empoleon|Competitive|boost\n|-boost|p1a: Empoleon|spa|2\n|move|p1a: Empoleon|Knock Off|p2a: Gholdengo\n|-supereffective|p2a: Gholdengo\n|-damage|p2a: Gholdengo|121/261\n|-enditem|p2a: Gholdengo|Leftovers|[from] move: Knock Off|[of] p1a: Empoleon\n|\n|-heal|p1a: Empoleon|213/278 par|[from] item: Leftovers\n|upkeep\n|turn|3\n|\n|t:|1732989241\n|switch|p2a: Suicune|Suicune, L82|298/298\n|-ability|p2a: Suicune|Pressure\n|cant|p1a: Empoleon|par\n|\n|-heal|p1a: Empoleon|230/278 par|[from] item: Leftovers\n|upkeep\n|turn|4\n|\n|t:|1732989248\n|move|p2a: Suicune|Calm Mind|p2a: Suicune\n|-boost|p2a: Suicune|spa|1\n|-boost|p2a: Suicune|spd|1\n|move|p1a: Empoleon|Knock Off|p2a: Suicune\n|-damage|p2a: Suicune|242/298\n|-enditem|p2a: Suicune|Leftovers|[from] move: Knock Off|[of] p1a: Empoleon\n|\n|-heal|p1a: Empoleon|247/278 par|[from] item: Leftovers\n|upkeep\n|turn|5\n|\n|t:|1732989258\n|switch|p1a: Lucario|Lucario, L84, M|255/255\n|move|p2a: Suicune|Calm Mind|p2a: Suicune\n|-boost|p2a: Suicune|spa|1\n|-boost|p2a: Suicune|spd|1\n|\n|upkeep\n|turn|6\n|\n|t:|1732989267\n|move|p1a: Lucario|Swords Dance|p1a: Lucario\n|-boost|p1a: Lucario|atk|2\n|move|p2a: Suicune|Scald|p1a: Lucario\n|-damage|p1a: Lucario|68/255\n|\n|upkeep\n|turn|7\n|\n|t:|1732989275\n|move|p1a: Lucario|Close Combat|p2a: Suicune\n|-damage|p2a: Suicune|0 fnt\n|-unboost|p1a: Lucario|def|1\n|-unboost|p1a: Lucario|spd|1\n|faint|p2a: Suicune\n|-damage|p1a: Lucario|43/255|[from] item: Life Orb\n|\n|upkeep\n|\n|t:|1732989281\n|switch|p2a: Honchkrow|Honchkrow, L86, F|312/312\n|turn|8\n|\n|t:|1732989285\n|move|p1a: Lucario|Extreme Speed|p2a: Honchkrow\n|-damage|p2a: Honchkrow|72/312\n|-damage|p1a: Lucario|18/255|[from] item: Life Orb\n|move|p2a: Honchkrow|Sucker Punch||[still]\n|-fail|p2a: Honchkrow\n|\n|upkeep\n|turn|9\n|\n|t:|1732989293\n|move|p1a: Lucario|Extreme Speed|p2a: Honchkrow\n|-damage|p2a: Honchkrow|0 fnt\n|faint|p2a: Honchkrow\n|-damage|p1a: Lucario|0 fnt|[from] item: Life Orb\n|faint|p1a: Lucario\n|\n|upkeep\n|\n|t:|1732989305\n|switch|p1a: Wugtrio|Wugtrio, L91, M|212/212\n|switch|p2a: Garganacl|Garganacl, L80, F|291/291\n|turn|10\n|\n|t:|1732989312\n|-terastallize|p2a: Garganacl|Dragon\n|move|p1a: Wugtrio|Liquidation|p2a: Garganacl\n|-resisted|p2a: Garganacl\n|-damage|p2a: Garganacl|231/291\n|move|p2a: Garganacl|Salt Cure|p1a: Wugtrio\n|-damage|p1a: Wugtrio|157/212\n|-start|p1a: Wugtrio|Salt Cure\n|\n|-heal|p2a: Garganacl|249/291|[from] item: Leftovers\n|-damage|p1a: Wugtrio|104/212|[from] Salt Cure\n|upkeep\n|turn|11\n|\n|t:|1732989320\n|switch|p1a: Florges|Florges-Yellow, L85, F|271/271\n|move|p2a: Garganacl|Iron Defense|p2a: Garganacl\n|-boost|p2a: Garganacl|def|2\n|\n|-heal|p2a: Garganacl|267/291|[from] item: Leftovers\n|upkeep\n|turn|12\n|\n|t:|1732989326\n|switch|p2a: Gholdengo|Gholdengo, L77|121/261\n|move|p1a: Florges|Wish|p1a: Florges\n|\n|upkeep\n|turn|13\n|\n|t:|1732989331\n|switch|p1a: Empoleon|Empoleon, L84, M|247/278 par\n|move|p2a: Gholdengo|Thunder Wave|p1a: Empoleon\n|-fail|p1a: Empoleon|par\n|\n|-heal|p1a: Empoleon|278/278 par|[from] move: Wish|[wisher] Florges\n|upkeep\n|turn|14\n|\n|t:|1732989337\n|move|p2a: Gholdengo|Shadow Ball|p1a: Empoleon\n|-damage|p1a: Empoleon|193/278 par\n|move|p1a: Empoleon|Surf|p2a: Gholdengo\n|-damage|p2a: Gholdengo|10/261\n|\n|-heal|p1a: Empoleon|210/278 par|[from] item: Leftovers\n|upkeep\n|turn|15\n|\n|t:|1732989345\n|move|p2a: Gholdengo|Recover|p2a: Gholdengo\n|-heal|p2a: Gholdengo|141/261\n|cant|p1a: Empoleon|par\n|\n|-heal|p1a: Empoleon|227/278 par|[from] item: Leftovers\n|upkeep\n|turn|16\n|\n|t:|1732989348\n|move|p2a: Gholdengo|Recover|p2a: Gholdengo\n|-heal|p2a: Gholdengo|261/261\n|move|p1a: Empoleon|Surf|p2a: Gholdengo\n|-damage|p2a: Gholdengo|156/261\n|\n|-heal|p1a: Empoleon|244/278 par|[from] item: Leftovers\n|upkeep\n|turn|17\n|\n|t:|1732989354\n|switch|p2a: Garganacl|Garganacl, L80, F, tera:Dragon|267/291\n|move|p1a: Empoleon|Surf|p2a: Garganacl\n|-resisted|p2a: Garganacl\n|-damage|p2a: Garganacl|214/291\n|\n|-heal|p2a: Garganacl|232/291|[from] item: Leftovers\n|-heal|p1a: Empoleon|261/278 par|[from] item: Leftovers\n|upkeep\n|turn|18\n|\n|t:|1732989360\n|switch|p1a: Florges|Florges-Yellow, L85, F|271/271\n|move|p2a: Garganacl|Salt Cure|p1a: Florges\n|-damage|p1a: Florges|220/271\n|-start|p1a: Florges|Salt Cure\n|\n|-heal|p1a: Florges|236/271|[from] item: Leftovers\n|-heal|p2a: Garganacl|250/291|[from] item: Leftovers\n|-damage|p1a: Florges|203/271|[from] Salt Cure\n|upkeep\n|turn|19\n|\n|t:|1732989366\n|move|p1a: Florges|Wish|p1a: Florges\n|move|p2a: Garganacl|Recover|p2a: Garganacl\n|-heal|p2a: Garganacl|291/291\n|\n|-heal|p1a: Florges|219/271|[from] item: Leftovers\n|-damage|p1a: Florges|186/271|[from] Salt Cure\n|upkeep\n|turn|20\n|\n|t:|1732989370\n|switch|p2a: Gholdengo|Gholdengo, L77|156/261\n|move|p1a: Florges|Moonblast|p2a: Gholdengo\n|-resisted|p2a: Gholdengo\n|-damage|p2a: Gholdengo|97/261\n|\n|-heal|p1a: Florges|271/271|[from] move: Wish|[wisher] Florges\n|-damage|p1a: Florges|238/271|[from] Salt Cure\n|upkeep\n|turn|21\n|\n|t:|1732989379\n|switch|p1a: Wugtrio|Wugtrio, L91, M|104/212\n|move|p2a: Gholdengo|Recover|p2a: Gholdengo\n|-heal|p2a: Gholdengo|228/261\n|\n|upkeep\n|turn|22\n|\n|t:|1732989386\n|switch|p2a: Spiritomb|Spiritomb, L89, F|234/234\n|move|p1a: Wugtrio|Throat Chop|p2a: Spiritomb\n|-damage|p2a: Spiritomb|149/234\n|-start|p2a: Spiritomb|Throat Chop|[silent]\n|\n|-heal|p2a: Spiritomb|163/234|[from] item: Leftovers\n|upkeep\n|turn|23\n|\n|t:|1732989392\n|switch|p1a: Florges|Florges-Yellow, L85, F|238/271\n|move|p2a: Spiritomb|Foul Play|p1a: Florges\n|-resisted|p1a: Florges\n|-damage|p1a: Florges|206/271\n|\n|-heal|p1a: Florges|222/271|[from] item: Leftovers\n|-heal|p2a: Spiritomb|177/234|[from] item: Leftovers\n|-end|p2a: Spiritomb|Throat Chop|[silent]\n|upkeep\n|turn|24\n|\n|t:|1732989397\n|move|p1a: Florges|Calm Mind|p1a: Florges\n|-boost|p1a: Florges|spa|1\n|-boost|p1a: Florges|spd|1\n|move|p2a: Spiritomb|Toxic|p1a: Florges\n|-status|p1a: Florges|tox\n|\n|-heal|p1a: Florges|238/271 tox|[from] item: Leftovers\n|-heal|p2a: Spiritomb|191/234|[from] item: Leftovers\n|-damage|p1a: Florges|222/271 tox|[from] psn\n|upkeep\n|turn|25\n|\n|t:|1732989401\n|switch|p2a: Gholdengo|Gholdengo, L77|228/261\n|move|p1a: Florges|Wish|p1a: Florges\n|\n|-heal|p1a: Florges|238/271 tox|[from] item: Leftovers\n|-damage|p1a: Florges|206/271 tox|[from] psn\n|upkeep\n|turn|26\n|\n|t:|1732989408\n|move|p1a: Florges|Moonblast|p2a: Gholdengo\n|-resisted|p2a: Gholdengo\n|-damage|p2a: Gholdengo|132/261\n|move|p2a: Gholdengo|Shadow Ball|p1a: Florges\n|-damage|p1a: Florges|170/271 tox\n|\n|-heal|p1a: Florges|271/271 tox|[from] move: Wish|[wisher] Florges\n|-damage|p1a: Florges|223/271 tox|[from] psn\n|upkeep\n|turn|27\n|\n|t:|1732989415\n|move|p1a: Florges|Moonblast|p2a: Gholdengo\n|-resisted|p2a: Gholdengo\n|-damage|p2a: Gholdengo|39/261\n|move|p2a: Gholdengo|Recover|p2a: Gholdengo\n|-heal|p2a: Gholdengo|170/261\n|\n|-heal|p1a: Florges|239/271 tox|[from] item: Leftovers\n|-damage|p1a: Florges|175/271 tox|[from] psn\n|upkeep\n|turn|28\n|\n|t:|1732989421\n|move|p1a: Florges|Calm Mind|p1a: Florges\n|-boost|p1a: Florges|spa|1\n|-boost|p1a: Florges|spd|1\n|move|p2a: Gholdengo|Recover|p2a: Gholdengo\n|-heal|p2a: Gholdengo|261/261\n|\n|-heal|p1a: Florges|191/271 tox|[from] item: Leftovers\n|-damage|p1a: Florges|111/271 tox|[from] psn\n|upkeep\n|turn|29\n|\n|t:|1732989423\n|move|p1a: Florges|Wish|p1a: Florges\n|move|p2a: Gholdengo|Thunder Wave|p1a: Florges|[miss]\n|-miss|p2a: Gholdengo|p1a: Florges\n|\n|-heal|p1a: Florges|127/271 tox|[from] item: Leftovers\n|-damage|p1a: Florges|31/271 tox|[from] psn\n|upkeep\n|turn|30\n|\n|t:|1732989430\n|move|p1a: Florges|Protect|p1a: Florges\n|-singleturn|p1a: Florges|Protect\n|move|p2a: Gholdengo|Shadow Ball|p1a: Florges\n|-activate|p1a: Florges|move: Protect\n|\n|-heal|p1a: Florges|166/271 tox|[from] move: Wish|[wisher] Florges\n|-heal|p1a: Florges|182/271 tox|[from] item: Leftovers\n|-damage|p1a: Florges|70/271 tox|[from] psn\n|upkeep\n|turn|31\n|\n|t:|1732989437\n|switch|p1a: Empoleon|Empoleon, L84, M|261/278 par\n|move|p2a: Gholdengo|Make It Rain|p1a: Empoleon\n|-resisted|p1a: Empoleon\n|-damage|p1a: Empoleon|230/278 par\n|-unboost|p2a: Gholdengo|spa|1\n|\n|-heal|p1a: Empoleon|247/278 par|[from] item: Leftovers\n|upkeep\n|turn|32\n|\n|t:|1732989442\n|switch|p2a: Garganacl|Garganacl, L80, F, tera:Dragon|291/291\n|move|p1a: Empoleon|Knock Off|p2a: Garganacl\n|-damage|p2a: Garganacl|243/291\n|-enditem|p2a: Garganacl|Leftovers|[from] move: Knock Off|[of] p1a: Empoleon\n|\n|-heal|p1a: Empoleon|264/278 par|[from] item: Leftovers\n|upkeep\n|turn|33\n|\n|t:|1732989450\n|move|p2a: Garganacl|Salt Cure|p1a: Empoleon\n|-resisted|p1a: Empoleon\n|-damage|p1a: Empoleon|243/278 par\n|-start|p1a: Empoleon|Salt Cure\n|move|p1a: Empoleon|Ice Beam|p2a: Garganacl\n|-supereffective|p2a: Garganacl\n|-damage|p2a: Garganacl|103/291\n|\n|-heal|p1a: Empoleon|260/278 par|[from] item: Leftovers\n|-damage|p1a: Empoleon|191/278 par|[from] Salt Cure\n|upkeep\n|turn|34\n|\n|t:|1732989461\n|switch|p2a: Gholdengo|Gholdengo, L77|261/261\n|switch|p1a: Houndstone|Houndstone, L86, M|264/264\n|\n|upkeep\n|turn|35\n|\n|t:|1732989468\n|move|p2a: Gholdengo|Thunder Wave|p1a: Houndstone\n|-status|p1a: Houndstone|par\n|cant|p1a: Houndstone|par\n|\n|upkeep\n|turn|36\n|\n|t:|1732989473\n|move|p2a: Gholdengo|Shadow Ball|p1a: Houndstone\n|-supereffective|p1a: Houndstone\n|-damage|p1a: Houndstone|112/264 par\n|move|p1a: Houndstone|Poltergeist||[still]\n|-fail|p1a: Houndstone\n|\n|upkeep\n|turn|37\n|\n|t:|1732989483\n|switch|p1a: Wugtrio|Wugtrio, L91, M|104/212\n|move|p2a: Gholdengo|Shadow Ball|p1a: Wugtrio\n|-damage|p1a: Wugtrio|4/212\n|\n|upkeep\n|turn|38\n|\n|t:|1732989488\n|switch|p2a: Spiritomb|Spiritomb, L89, F|191/234\n|move|p1a: Wugtrio|Throat Chop|p2a: Spiritomb\n|-damage|p2a: Spiritomb|110/234\n|-start|p2a: Spiritomb|Throat Chop|[silent]\n|\n|-heal|p2a: Spiritomb|124/234|[from] item: Leftovers\n|upkeep\n|turn|39\n|\n|t:|1732989491\n|move|p2a: Spiritomb|Shadow Sneak|p1a: Wugtrio\n|-damage|p1a: Wugtrio|0 fnt\n|-ability|p1a: Wugtrio|Gooey\n|-unboost|p2a: Spiritomb|spe|1\n|faint|p1a: Wugtrio\n|\n|-heal|p2a: Spiritomb|138/234|[from] item: Leftovers\n|-end|p2a: Spiritomb|Throat Chop|[silent]\n|upkeep\n|\n|t:|1732989494\n|switch|p1a: Empoleon|Empoleon, L84, M|191/278 par\n|turn|40\n|\n|t:|1732989498\n|move|p2a: Spiritomb|Poltergeist|p1a: Empoleon\n|-activate|p1a: Empoleon|move: Poltergeist|Leftovers\n|-damage|p1a: Empoleon|67/278 par\n|cant|p1a: Empoleon|par\n|\n|-heal|p2a: Spiritomb|152/234|[from] item: Leftovers\n|-heal|p1a: Empoleon|84/278 par|[from] item: Leftovers\n|upkeep\n|turn|41\n|\n|t:|1732989505\n|move|p2a: Spiritomb|Poltergeist|p1a: Empoleon\n|-activate|p1a: Empoleon|move: Poltergeist|Leftovers\n|-damage|p1a: Empoleon|0 fnt\n|faint|p1a: Empoleon\n|\n|-heal|p2a: Spiritomb|166/234|[from] item: Leftovers\n|upkeep\n|\n|t:|1732989512\n|switch|p1a: Florges|Florges-Yellow, L85, F|70/271 tox\n|turn|42\n|\n|t:|1732989517\n|switch|p2a: Gholdengo|Gholdengo, L77|261/261\n|move|p1a: Florges|Moonblast|p2a: Gholdengo\n|-resisted|p2a: Gholdengo\n|-damage|p2a: Gholdengo|198/261\n|\n|-heal|p1a: Florges|86/271 tox|[from] item: Leftovers\n|-damage|p1a: Florges|70/271 tox|[from] psn\n|upkeep\n|turn|43\n|\n|t:|1732989522\n|move|p1a: Florges|Wish|p1a: Florges\n|move|p2a: Gholdengo|Make It Rain|p1a: Florges\n|-supereffective|p1a: Florges\n|-damage|p1a: Florges|0 fnt\n|-unboost|p2a: Gholdengo|spa|1\n|faint|p1a: Florges\n|\n|upkeep\n|\n|t:|1732989531\n|switch|p1a: Eiscue|Eiscue, L88, M|272/272\n|turn|44\n|\n|t:|1732989538\n|move|p2a: Gholdengo|Thunder Wave|p1a: Eiscue\n|-status|p1a: Eiscue|par\n|move|p1a: Eiscue|Belly Drum|p1a: Eiscue\n|-damage|p1a: Eiscue|136/272 par\n|-setboost|p1a: Eiscue|atk|6|[from] move: Belly Drum\n|\n|-heal|p1a: Eiscue|271/272 par|[from] move: Wish|[wisher] Florges\n|upkeep\n|turn|45\n|\n|t:|1732989552\n|switch|p2a: Garganacl|Garganacl, L80, F, tera:Dragon|103/291\n|move|p1a: Eiscue|Substitute|p1a: Eiscue\n|-start|p1a: Eiscue|Substitute\n|-damage|p1a: Eiscue|203/272 par\n|\n|upkeep\n|turn|46\n|\n|t:|1732989557\n|move|p2a: Garganacl|Salt Cure|p1a: Eiscue\n|-supereffective|p1a: Eiscue\n|-end|p1a: Eiscue|Substitute\n|move|p1a: Eiscue|Ice Spinner|p2a: Garganacl\n|-supereffective|p2a: Garganacl\n|-damage|p2a: Garganacl|0 fnt\n|faint|p2a: Garganacl\n|\n|upkeep\n|\n|t:|1732989562\n|switch|p2a: Gholdengo|Gholdengo, L77|198/261\n|turn|47\n|\n|t:|1732989568\n|-terastallize|p1a: Eiscue|Electric\n|move|p2a: Gholdengo|Make It Rain|p1a: Eiscue\n|-resisted|p1a: Eiscue\n|-damage|p1a: Eiscue|140/272 par\n|-unboost|p2a: Gholdengo|spa|1\n|move|p1a: Eiscue|Tera Blast|p2a: Gholdengo|[anim] Tera Blast Electric\n|-damage|p2a: Gholdengo|0 fnt\n|faint|p2a: Gholdengo\n|\n|upkeep\n|\n|t:|1732989575\n|switch|p2a: Spiritomb|Spiritomb, L89, F|166/234\n|turn|48\n|\n|t:|1732989578\n|move|p2a: Spiritomb|Foul Play|p1a: Eiscue\n|-activate|p1a: Eiscue|ability: Ice Face\n|-damage|p1a: Eiscue|140/272 par\n|detailschange|p1a: Eiscue|Eiscue-Noice, L88, M, tera:Electric\n|move|p1a: Eiscue|Ice Spinner|p2a: Spiritomb\n|-damage|p2a: Spiritomb|0 fnt\n|faint|p2a: Spiritomb\n|\n|upkeep\n|\n|t:|1732989581\n|switch|p2a: Haxorus|Haxorus, L77, M|244/244\n|-ability|p2a: Haxorus|Mold Breaker\n|turn|49\n|\n|t:|1732989590\n|move|p2a: Haxorus|Scale Shot|p1a: Eiscue\n|-damage|p1a: Eiscue|103/272 par\n|-damage|p1a: Eiscue|66/272 par\n|-enditem|p1a: Eiscue|Salac Berry|[eat]\n|-boost|p1a: Eiscue|spe|1|[from] item: Salac Berry\n|-damage|p1a: Eiscue|30/272 par\n|-damage|p1a: Eiscue|0 fnt\n|faint|p1a: Eiscue\n|-hitcount|p1: Eiscue|4\n|-unboost|p2a: Haxorus|def|1\n|-boost|p2a: Haxorus|spe|1\n|\n|upkeep\n|\n|t:|1732989607\n|switch|p1a: Houndstone|Houndstone, L86, M|112/264 par\n|turn|50\n|c|\u2606Infernotgs16|Coll game\n|c|\u2606Infernotgs16|Cool\n|c|\u2606Mit1914|yeah\n|\n|t:|1732989616\n|move|p2a: Haxorus|Iron Head|p1a: Houndstone\n|-damage|p1a: Houndstone|56/264 par\n|cant|p1a: Houndstone|flinch\n|\n|upkeep\n|turn|51\n|c|\u2606Mit1914|ggs\n|\n|t:|1732989622\n|move|p2a: Haxorus|Iron Head|p1a: Houndstone\n|-damage|p1a: Houndstone|0 fnt\n|faint|p1a: Houndstone\n|\n|win|Infernotgs16\n|raw|Mit1914's rating: 1501 &rarr; <strong>1480</strong><br />(-21 for losing)\n|raw|Infernotgs16's rating: 1482 &rarr; <strong>1503</strong><br />(+21 for winning)\n|l|\u2606Infernotgs16\n|player|p2|\n", "inputlog": ">version b107d77f5c90bd6555267ae244a6264823309ead\n>start {\"formatid\":\"gen9randombattle\",\"seed\":[20633,49748,44469,24176],\"rated\":\"Rated battle\"}\n>player p1 {\"name\":\"Mit1914\",\"avatar\":\"hugh\",\"rating\":1501,\"seed\":[27045,58015,13049,49474]}\n>player p2 {\"name\":\"Infernotgs16\",\"avatar\":\"265\",\"rating\":1482,\"seed\":[60959,42451,2709,35508]}\n>p1 move knockoff\n>p2 move thunderwave\n>p1 move knockoff\n>p2 move shadowball\n>p1 move surf\n>p2 switch 2\n>p1 move knockoff\n>p2 move calmmind\n>p1 switch 4\n>p2 move calmmind\n>p1 move swordsdance\n>p2 move scald\n>p1 move closecombat\n>p2 move scald\n>p2 switch 3\n>p1 move extremespeed\n>p2 move suckerpunch\n>p1 move extremespeed\n>p2 move suckerpunch\n>p1 switch 5\n>p2 switch 5\n>p1 move liquidation\n>p2 move saltcure terastallize\n>p1 switch 6\n>p2 move irondefense\n>p1 move wish\n>p2 switch 2\n>p1 switch 4\n>p2 move thunderwave\n>p1 move surf\n>p2 move shadowball\n>p1 move knockoff\n>p2 move recover\n>p1 move surf\n>p2 move recover\n>p1 move surf\n>p2 switch 2\n>p1 switch 4\n>p2 move saltcure\n>p1 move wish\n>p2 move recover\n>p1 move moonblast\n>p2 switch 2\n>p1 switch 6\n>p2 move recover\n>p1 move throatchop\n>p2 switch 6\n>p1 switch 6\n>p2 move foulplay\n>p1 move calmmind\n>p2 move toxic\n>p1 move wish\n>p2 switch 6\n>p1 move moonblast\n>p2 move shadowball\n>p1 move moonblast\n>p2 move recover\n>p1 move calmmind\n>p2 move recover\n>p1 move wish\n>p2 move thunderwave\n>p1 move protect\n>p2 move shadowball\n>p1 switch 4\n>p2 move makeitrain\n>p1 move knockoff\n>p2 switch 2\n>p1 move icebeam\n>p2 move saltcure\n>p1 switch 3\n>p2 switch 2\n>p1 move poltergeist\n>p2 move thunderwave\n>p1 move poltergeist\n>p2 move shadowball\n>p1 switch 6\n>p2 move shadowball\n>p1 move throatchop\n>p2 switch 6\n>p1 move throatchop\n>p2 move shadowsneak\n>p1 switch 3\n>p1 move icebeam\n>p2 move poltergeist\n>p1 move knockoff\n>p2 move poltergeist\n>p1 switch 4\n>p1 move moonblast\n>p2 switch 6\n>p1 move wish\n>p2 move makeitrain\n>p1 switch 2\n>p1 move bellydrum\n>p2 move thunderwave\n>p1 move substitute\n>p2 switch 2\n>p1 move icespinner\n>p2 move saltcure\n>p2 switch 2\n>p1 move terablast terastallize\n>p2 move makeitrain\n>p2 switch 6\n>p1 move icespinner\n>p2 move foulplay\n>p2 switch 4\n>p1 move icespinner\n>p2 move scaleshot\n>p1 switch 6\n>chat \u2606Infernotgs16|Coll game\n>chat \u2606Infernotgs16|Cool\n>chat \u2606Mit1914|yeah\n>p1 move playrough\n>p2 move ironhead\n>chat \u2606Mit1914|ggs\n>p1 move playrough\n>p2 move ironhead", "uploadtime": 1732989629, "views": 2, "formatid": "gen9randombattle", "rating": 1480, "private": 0, "password": null}