{"id": "gen9randombattle-2253975108", "format": "[Gen 9] Random Battle", "players": ["Poyamuxa", "jhgdhhhhh"], "log": "|j|\u2606Poyamuxa\n|j|\u2606jhgdhhhhh\n|t:|1732974237\n|gametype|singles\n|player|p1|Poyamuxa|170|1103\n|player|p2|jhgdhhhhh|265|1086\n|teamsize|p1|6\n|teamsize|p2|6\n|gen|9\n|tier|[Gen 9] Random Battle\n|rated|\n|rule|Species Clause: Limit one of each Pok\u00e9mon\n|rule|HP Percentage Mod: HP is shown in percentages\n|rule|Sleep Clause Mod: Limit one foe put to sleep\n|rule|Illusion Level Mod: Illusion disguises the Pok\u00e9mon's true level\n|\n|t:|1732974237\n|start\n|switch|p1a: Spidops|Spidops, L96, M|271/271\n|switch|p2a: Inteleon|Inteleon, L81, M|246/246\n|turn|1\n|\n|t:|1732974251\n|move|p2a: Inteleon|U-turn|p1a: Spidops\n|-damage|p1a: Spidops|238/271\n|\n|t:|1732974261\n|switch|p2a: Ribombee|Ribombee, L82, F|233/233|[from] U-turn\n|move|p1a: Spidops|Sticky Web|p2a: Ribombee\n|-sidestart|p2: jhgdhhhhh|move: Sticky Web\n|\n|upkeep\n|turn|2\n|\n|t:|1732974292\n|switch|p1a: Toxapex|Toxapex, L82, F|216/216\n|move|p2a: Ribombee|Moonblast|p1a: Toxapex\n|-resisted|p1a: Toxapex\n|-damage|p1a: Toxapex|186/216\n|-unboost|p1a: Toxapex|spa|1\n|\n|-heal|p1a: Toxapex|199/216|[from] item: Leftovers\n|upkeep\n|turn|3\n|\n|t:|1732974306\n|move|p2a: Ribombee|Bug Buzz|p1a: Toxapex\n|-resisted|p1a: Toxapex\n|-damage|p1a: Toxapex|166/216\n|move|p1a: Toxapex|Toxic Spikes|p2a: Ribombee\n|-sidestart|p2: jhgdhhhhh|move: Toxic Spikes\n|\n|-heal|p1a: Toxapex|179/216|[from] item: Leftovers\n|upkeep\n|turn|4\n|\n|t:|1732974318\n|move|p2a: Ribombee|U-turn|p1a: Toxapex\n|-resisted|p1a: Toxapex\n|-damage|p1a: Toxapex|163/216\n|\n|t:|1732974329\n|switch|p2a: Pecharunt|Pecharunt, L77|262/262|[from] U-turn\n|-activate|p2a: Pecharunt|move: Sticky Web\n|-unboost|p2a: Pecharunt|spe|1\n|-sideend|p2: jhgdhhhhh|move: Toxic Spikes|[of] p2a: Pecharunt\n|move|p1a: Toxapex|Liquidation|p2a: Pecharunt\n|-damage|p2a: Pecharunt|217/262\n|\n|-heal|p2a: Pecharunt|233/262|[from] item: Leftovers\n|-heal|p1a: Toxapex|176/216|[from] item: Leftovers\n|upkeep\n|turn|5\n|\n|t:|1732974357\n|move|p2a: Pecharunt|Malignant Chain|p1a: Toxapex\n|-resisted|p1a: Toxapex\n|-damage|p1a: Toxapex|144/216\n|move|p1a: Toxapex|Liquidation|p2a: Pecharunt\n|-damage|p2a: Pecharunt|193/262\n|\n|-heal|p2a: Pecharunt|209/262|[from] item: Leftovers\n|-heal|p1a: Toxapex|157/216|[from] item: Leftovers\n|upkeep\n|turn|6\n|\n|t:|1732974372\n|move|p2a: Pecharunt|Malignant Chain|p1a: Toxapex\n|-resisted|p1a: Toxapex\n|-damage|p1a: Toxapex|127/216\n|move|p1a: Toxapex|Liquidation|p2a: Pecharunt\n|-damage|p2a: Pecharunt|167/262\n|\n|-heal|p2a: Pecharunt|183/262|[from] item: Leftovers\n|-heal|p1a: Toxapex|140/216|[from] item: Leftovers\n|upkeep\n|turn|7\n|\n|t:|1732974383\n|move|p2a: Pecharunt|Shadow Ball|p1a: Toxapex\n|-damage|p1a: Toxapex|95/216\n|move|p1a: Toxapex|Liquidation|p2a: Pecharunt\n|-damage|p2a: Pecharunt|144/262\n|\n|-heal|p2a: Pecharunt|160/262|[from] item: Leftovers\n|-heal|p1a: Toxapex|108/216|[from] item: Leftovers\n|upkeep\n|turn|8\n|\n|t:|1732974394\n|move|p2a: Pecharunt|Shadow Ball|p1a: Toxapex\n|-damage|p1a: Toxapex|57/216\n|move|p1a: Toxapex|Recover|p1a: Toxapex\n|-heal|p1a: Toxapex|165/216\n|\n|-heal|p2a: Pecharunt|176/262|[from] item: Leftovers\n|-heal|p1a: Toxapex|178/216|[from] item: Leftovers\n|upkeep\n|turn|9\n|\n|t:|1732974406\n|move|p2a: Pecharunt|Shadow Ball|p1a: Toxapex\n|-damage|p1a: Toxapex|130/216\n|move|p1a: Toxapex|Liquidation|p2a: Pecharunt\n|-damage|p2a: Pecharunt|134/262\n|-unboost|p2a: Pecharunt|def|1\n|\n|-heal|p2a: Pecharunt|150/262|[from] item: Leftovers\n|-heal|p1a: Toxapex|143/216|[from] item: Leftovers\n|upkeep\n|turn|10\n|\n|t:|1732974418\n|move|p2a: Pecharunt|Shadow Ball|p1a: Toxapex\n|-damage|p1a: Toxapex|97/216\n|-unboost|p1a: Toxapex|spd|1\n|move|p1a: Toxapex|Liquidation|p2a: Pecharunt\n|-crit|p2a: Pecharunt\n|-damage|p2a: Pecharunt|54/262\n|-unboost|p2a: Pecharunt|def|1\n|\n|-heal|p2a: Pecharunt|70/262|[from] item: Leftovers\n|-heal|p1a: Toxapex|110/216|[from] item: Leftovers\n|upkeep\n|turn|11\n|\n|t:|1732974432\n|move|p2a: Pecharunt|Recover|p2a: Pecharunt\n|-heal|p2a: Pecharunt|201/262\n|move|p1a: Toxapex|Recover|p1a: Toxapex\n|-heal|p1a: Toxapex|216/216\n|\n|-heal|p2a: Pecharunt|217/262|[from] item: Leftovers\n|upkeep\n|turn|12\n|\n|t:|1732974442\n|move|p2a: Pecharunt|Shadow Ball|p1a: Toxapex\n|-damage|p1a: Toxapex|147/216\n|move|p1a: Toxapex|Liquidation|p2a: Pecharunt\n|-damage|p2a: Pecharunt|136/262\n|\n|-heal|p2a: Pecharunt|152/262|[from] item: Leftovers\n|-heal|p1a: Toxapex|160/216|[from] item: Leftovers\n|upkeep\n|turn|13\n|\n|t:|1732974453\n|move|p2a: Pecharunt|Shadow Ball|p1a: Toxapex\n|-crit|p1a: Toxapex\n|-damage|p1a: Toxapex|55/216\n|move|p1a: Toxapex|Liquidation|p2a: Pecharunt\n|-damage|p2a: Pecharunt|74/262\n|\n|-heal|p2a: Pecharunt|90/262|[from] item: Leftovers\n|-heal|p1a: Toxapex|68/216|[from] item: Leftovers\n|upkeep\n|turn|14\n|\n|t:|1732974465\n|move|p2a: Pecharunt|Shadow Ball|p1a: Toxapex\n|-damage|p1a: Toxapex|0 fnt\n|faint|p1a: Toxapex\n|\n|-heal|p2a: Pecharunt|106/262|[from] item: Leftovers\n|upkeep\n|\n|t:|1732974484\n|switch|p1a: Entei|Entei, L78|307/307\n|turn|15\n|\n|t:|1732974488\n|move|p1a: Entei|Flare Blitz|p2a: Pecharunt\n|-damage|p2a: Pecharunt|0 fnt\n|faint|p2a: Pecharunt\n|-damage|p1a: Entei|272/307|[from] Recoil\n|\n|upkeep\n|\n|t:|1732974496\n|switch|p2a: Inteleon|Inteleon, L81, M|246/246\n|-activate|p2a: Inteleon|move: Sticky Web\n|-unboost|p2a: Inteleon|spe|1\n|turn|16\n|\n|t:|1732974509\n|switch|p1a: Spidops|Spidops, L96, M|238/271\n|move|p2a: Inteleon|Scald|p1a: Spidops\n|-damage|p1a: Spidops|115/271\n|\n|upkeep\n|turn|17\n|\n|t:|1732974519\n|move|p2a: Inteleon|Scald|p1a: Spidops\n|-damage|p1a: Spidops|0 fnt\n|faint|p1a: Spidops\n|\n|upkeep\n|\n|t:|1732974533\n|switch|p1a: Ditto|Ditto, L87|225/225\n|-transform|p1a: Ditto|p2a: Inteleon|[from] ability: Imposter\n|turn|18\n|\n|t:|1732974540\n|move|p1a: Ditto|Scald|p2a: Inteleon\n|-resisted|p2a: Inteleon\n|-damage|p2a: Inteleon|179/246\n|-status|p2a: Inteleon|brn\n|move|p2a: Inteleon|Scald|p1a: Ditto\n|-resisted|p1a: Ditto\n|-damage|p1a: Ditto|129/225\n|\n|-damage|p2a: Inteleon|164/246 brn|[from] brn\n|upkeep\n|turn|19\n|\n|t:|1732974557\n|switch|p2a: Ribombee|Ribombee, L82, F|233/233\n|move|p1a: Ditto|Scald|p2a: Ribombee\n|-crit|p2a: Ribombee\n|-damage|p2a: Ribombee|59/233\n|\n|upkeep\n|turn|20\n|\n|t:|1732974581\n|move|p2a: Ribombee|Bug Buzz|p1a: Ditto\n|-crit|p1a: Ditto\n|-damage|p1a: Ditto|0 fnt\n|faint|p1a: Ditto\n|\n|upkeep\n|\n|t:|1732974593\n|switch|p1a: Entei|Entei, L78|272/307\n|turn|21\n|\n|t:|1732974599\n|move|p2a: Ribombee|Moonblast|p1a: Entei\n|-resisted|p1a: Entei\n|-damage|p1a: Entei|221/307\n|move|p1a: Entei|Flare Blitz|p2a: Ribombee\n|-supereffective|p2a: Ribombee\n|-damage|p2a: Ribombee|0 fnt\n|faint|p2a: Ribombee\n|-damage|p1a: Entei|202/307|[from] Recoil\n|\n|upkeep\n|\n|t:|1732974610\n|switch|p2a: Inteleon|Inteleon, L81, M|164/246 brn\n|-activate|p2a: Inteleon|move: Sticky Web\n|-unboost|p2a: Inteleon|spe|1\n|turn|22\n|\n|t:|1732974636\n|-terastallize|p1a: Entei|Normal\n|move|p1a: Entei|Flare Blitz|p2a: Inteleon\n|-resisted|p2a: Inteleon\n|-crit|p2a: Inteleon\n|-damage|p2a: Inteleon|0 fnt\n|faint|p2a: Inteleon\n|-damage|p1a: Entei|148/307|[from] Recoil\n|\n|upkeep\n|\n|t:|1732974651\n|switch|p2a: Miraidon|Miraidon, L65|238/238\n|-activate|p2a: Miraidon|move: Sticky Web\n|-unboost|p2a: Miraidon|spe|1\n|-fieldstart|move: Electric Terrain|[from] ability: Hadron Engine|[of] p2a: Miraidon\n|turn|23\n|\n|t:|1732974664\n|switch|p1a: Krookodile|Krookodile, L80, M|283/283\n|-ability|p1a: Krookodile|Intimidate|boost\n|-unboost|p2a: Miraidon|atk|1\n|move|p2a: Miraidon|Draco Meteor|p1a: Krookodile\n|-damage|p1a: Krookodile|0 fnt\n|-unboost|p2a: Miraidon|spa|2\n|faint|p1a: Krookodile\n|\n|upkeep\n|\n|t:|1732974674\n|switch|p1a: Entei|Entei, L78, tera:Normal|148/307\n|turn|24\n|\n|t:|1732974701\n|move|p1a: Entei|Extreme Speed|p2a: Miraidon\n|-damage|p2a: Miraidon|99/238\n|move|p2a: Miraidon|Draco Meteor|p1a: Entei\n|-damage|p1a: Entei|10/307\n|-unboost|p2a: Miraidon|spa|2\n|\n|upkeep\n|turn|25\n|\n|t:|1732974714\n|move|p1a: Entei|Extreme Speed|p2a: Miraidon\n|-damage|p2a: Miraidon|0 fnt\n|faint|p2a: Miraidon\n|\n|upkeep\n|\n|t:|1732974720\n|switch|p2a: Medicham|Medicham, L86, F|243/243\n|-activate|p2a: Medicham|move: Sticky Web\n|-unboost|p2a: Medicham|spe|1\n|turn|26\n|\n|t:|1732974735\n|move|p1a: Entei|Extreme Speed|p2a: Medicham\n|-damage|p2a: Medicham|114/243\n|move|p2a: Medicham|Close Combat|p1a: Entei\n|-supereffective|p1a: Entei\n|-damage|p1a: Entei|0 fnt\n|-unboost|p2a: Medicham|def|1\n|-unboost|p2a: Medicham|spd|1\n|faint|p1a: Entei\n|\n|upkeep\n|\n|t:|1732974745\n|switch|p1a: Magcargo|Magcargo, L95, F|268/268\n|turn|27\n|\n|t:|1732974765\n|move|p2a: Medicham|Close Combat|p1a: Magcargo\n|-supereffective|p1a: Magcargo\n|-damage|p1a: Magcargo|2/268\n|-unboost|p2a: Medicham|def|1\n|-unboost|p2a: Medicham|spd|1\n|move|p1a: Magcargo|Lava Plume|p2a: Medicham\n|-damage|p2a: Medicham|0 fnt\n|faint|p2a: Medicham\n|\n|-fieldend|move: Electric Terrain\n|upkeep\n|\n|t:|1732974777\n|switch|p2a: Mewtwo|Mewtwo, L72|272/272\n|-ability|p2a: Mewtwo|Unnerve\n|-activate|p2a: Mewtwo|move: Sticky Web\n|-unboost|p2a: Mewtwo|spe|1\n|turn|28\n|\n|t:|1732974790\n|-terastallize|p2a: Mewtwo|Psychic\n|move|p2a: Mewtwo|Psystrike|p1a: Magcargo\n|-crit|p1a: Magcargo\n|-damage|p1a: Magcargo|0 fnt\n|faint|p1a: Magcargo\n|-damage|p2a: Mewtwo|245/272|[from] item: Life Orb\n|\n|win|jhgdhhhhh\n|raw|Poyamuxa's rating: 1103 &rarr; <strong>1079</strong><br />(-24 for losing)\n|raw|jhgdhhhhh's rating: 1113 &rarr; <strong>1137</strong><br />(+24 for winning)\n", "inputlog": ">version b107d77f5c90bd6555267ae244a6264823309ead\n>start {\"formatid\":\"gen9randombattle\",\"seed\":[4267,25066,64987,60743],\"rated\":\"Rated battle\"}\n>player p1 {\"name\":\"Poyamuxa\",\"avatar\":\"170\",\"rating\":1103,\"seed\":[51408,36245,19861,24471]}\n>player p2 {\"name\":\"jhgdhhhhh\",\"avatar\":\"265\",\"rating\":1086,\"seed\":[24000,59597,1787,3106]}\n>p1 move stickyweb\n>p2 move uturn\n>p2 switch 6\n>p1 switch 6\n>p2 move moonblast\n>p1 move toxicspikes\n>p2 move bugbuzz\n>p1 move liquidation\n>p2 move uturn\n>p2 switch 5\n>p1 move liquidation\n>p2 move malignantchain\n>p1 move liquidation\n>p2 move malignantchain\n>p1 move liquidation\n>p2 move shadowball\n>p1 move recover\n>p2 move shadowball\n>p1 move liquidation\n>p2 move shadowball\n>p1 move liquidation\n>p2 move shadowball\n>p1 move recover\n>p2 move recover\n>p1 move liquidation\n>p2 move shadowball\n>p1 move liquidation\n>p2 move shadowball\n>p1 move recover\n>p2 move shadowball\n>p1 switch 3\n>p1 move flareblitz\n>p2 move recover\n>p2 switch 6\n>p1 switch 6\n>p2 move scald\n>p1 move knockoff\n>p2 move scald\n>p1 switch 5\n>p1 move scald\n>p2 move scald\n>p1 move scald\n>p2 switch 5\n>p1 move scald\n>p2 move bugbuzz\n>p1 switch 6\n>p1 move flareblitz\n>p2 move moonblast\n>p2 switch 5\n>p1 move flareblitz terastallize\n>p2 move scald\n>p2 switch 4\n>p1 switch 4\n>p2 move dracometeor\n>p1 switch 4\n>p1 move extremespeed\n>p2 move dracometeor\n>p1 move extremespeed\n>p2 move dracometeor\n>p2 switch 3\n>p1 move extremespeed\n>p2 move closecombat\n>p1 switch 2\n>p1 move lavaplume\n>p2 move closecombat\n>p2 switch 2\n>p1 move lavaplume\n>p2 move psystrike terastallize", "uploadtime": 1732974803, "views": 1, "formatid": "gen9randombattle", "rating": 1079, "private": 0, "password": null}