{"id": "gen9randombattle-2253812484", "format": "[Gen 9] Random Battle", "players": ["chi12138", "CosmicxAlex"], "log": "|j|\u2606chi12138\n|j|\u2606CosmicxAlex\n|t:|1732942086\n|gametype|singles\n|player|p1|chi12138|cynthia|1442\n|player|p2|CosmicxAlex|265|1397\n|teamsize|p1|6\n|teamsize|p2|6\n|gen|9\n|tier|[Gen 9] Random Battle\n|rated|\n|rule|Species Clause: Limit one of each Pok\u00e9mon\n|rule|HP Percentage Mod: HP is shown in percentages\n|rule|Sleep Clause Mod: Limit one foe put to sleep\n|rule|Illusion Level Mod: Illusion disguises the Pok\u00e9mon's true level\n|\n|t:|1732942086\n|start\n|switch|p1a: Barraskewda|Barraskewda, L81, M|231/231\n|switch|p2a: Rampardos|Rampardos, L90, M|321/321\n|turn|1\n|inactive|Battle timer is ON: inactive players will automatically lose when time's up. (requested by CosmicxAlex)\n|\n|t:|1732942095\n|switch|p2a: Koraidon|Koraidon, L64|235/235\n|-weather|SunnyDay|[from] ability: Orichalcum Pulse|[of] p2a: Koraidon\n|-activate|p2a: Koraidon|Orichalcum Pulse|[source]\n|move|p1a: Barraskewda|Flip Turn|p2a: Koraidon\n|-resisted|p2a: Koraidon\n|-damage|p2a: Koraidon|207/235\n|\n|t:|1732942111\n|switch|p1a: Ceruledge|Ceruledge, L78, F|245/245|[from] Flip Turn\n|\n|-weather|SunnyDay|[upkeep]\n|upkeep\n|turn|2\n|\n|t:|1732942134\n|switch|p2a: Dugtrio|Dugtrio-Alola, L84, F|196/196\n|move|p1a: Ceruledge|Swords Dance|p1a: Ceruledge\n|-boost|p1a: Ceruledge|atk|2\n|\n|-weather|SunnyDay|[upkeep]\n|upkeep\n|turn|3\n|\n|t:|1732942146\n|-terastallize|p1a: Ceruledge|Fighting\n|move|p2a: Dugtrio|Earthquake|p1a: Ceruledge\n|-damage|p1a: Ceruledge|92/245\n|-ability|p1a: Ceruledge|Weak Armor|boost\n|-unboost|p1a: Ceruledge|def|1\n|-boost|p1a: Ceruledge|spe|2\n|-damage|p2a: Dugtrio|177/196|[from] item: Life Orb\n|move|p1a: Ceruledge|Bitter Blade|p2a: Dugtrio\n|-supereffective|p2a: Dugtrio\n|-damage|p2a: Dugtrio|0 fnt\n|-heal|p1a: Ceruledge|181/245|[from] drain|[of] p2a: Dugtrio\n|-ability|p2a: Dugtrio|Tangling Hair\n|-unboost|p1a: Ceruledge|spe|1\n|faint|p2a: Dugtrio\n|\n|-weather|SunnyDay|[upkeep]\n|upkeep\n|inactive|CosmicxAlex has 120 seconds left.\n|\n|t:|1732942166\n|switch|p2a: Mew|Mew, L82|298/298\n|turn|4\n|\n|t:|1732942176\n|-terastallize|p2a: Mew|Dark\n|move|p1a: Ceruledge|Bitter Blade|p2a: Mew\n|-crit|p2a: Mew\n|-damage|p2a: Mew|0 fnt\n|-heal|p1a: Ceruledge|245/245|[from] drain|[of] p2a: Mew\n|faint|p2a: Mew\n|\n|-weather|SunnyDay|[upkeep]\n|upkeep\n|\n|t:|1732942181\n|switch|p2a: Koraidon|Koraidon, L64|207/235\n|-activate|p2a: Koraidon|ability: Orichalcum Pulse\n|turn|5\n|\n|t:|1732942193\n|move|p1a: Ceruledge|Close Combat|p2a: Koraidon\n|-damage|p2a: Koraidon|0 fnt\n|-unboost|p1a: Ceruledge|def|1\n|-unboost|p1a: Ceruledge|spd|1\n|faint|p2a: Koraidon\n|\n|-weather|none\n|upkeep\n|\n|t:|1732942196\n|switch|p2a: Rampardos|Rampardos, L90, M|321/321\n|turn|6\n|\n|t:|1732942203\n|move|p1a: Ceruledge|Close Combat|p2a: Rampardos\n|-supereffective|p2a: Rampardos\n|-damage|p2a: Rampardos|0 fnt\n|-unboost|p1a: Ceruledge|def|1\n|-unboost|p1a: Ceruledge|spd|1\n|faint|p2a: Rampardos\n|\n|upkeep\n|\n|t:|1732942205\n|switch|p2a: Decidueye|Decidueye-Hisui, L87, F|295/295\n|turn|7\n|\n|t:|1732942213\n|move|p1a: Ceruledge|Bitter Blade|p2a: Decidueye\n|-supereffective|p2a: Decidueye\n|-damage|p2a: Decidueye|0 fnt\n|faint|p2a: Decidueye\n|\n|upkeep\n|\n|t:|1732942214\n|switch|p2a: Forretress|Forretress, L84, F|263/263\n|turn|8\n|\n|t:|1732942222\n|move|p1a: Ceruledge|Bitter Blade|p2a: Forretress\n|-supereffective|p2a: Forretress\n|-ability|p2a: Forretress|Sturdy\n|-damage|p2a: Forretress|1/263\n|move|p2a: Forretress|Body Press|p1a: Ceruledge\n|-damage|p1a: Ceruledge|15/245\n|-ability|p1a: Ceruledge|Weak Armor|boost\n|-unboost|p1a: Ceruledge|def|1\n|-boost|p1a: Ceruledge|spe|2\n|\n|-heal|p2a: Forretress|17/263|[from] item: Leftovers\n|upkeep\n|turn|9\n|\n|t:|1732942230\n|move|p1a: Ceruledge|Bitter Blade|p2a: Forretress\n|-supereffective|p2a: Forretress\n|-damage|p2a: Forretress|0 fnt\n|-heal|p1a: Ceruledge|24/245|[from] drain|[of] p2a: Forretress\n|faint|p2a: Forretress\n|\n|win|chi12138\n|raw|chi12138's rating: 1442 &rarr; <strong>1459</strong><br />(+17 for winning)\n|raw|CosmicxAlex's rating: 1397 &rarr; <strong>1380</strong><br />(-17 for losing)\n", "inputlog": ">version b107d77f5c90bd6555267ae244a6264823309ead\n>start {\"formatid\":\"gen9randombattle\",\"seed\":[40772,23631,50109,38257],\"rated\":\"Rated battle\"}\n>player p1 {\"name\":\"chi12138\",\"avatar\":\"cynthia\",\"rating\":1442,\"seed\":[54230,3363,32819,27057]}\n>player p2 {\"name\":\"CosmicxAlex\",\"avatar\":\"265\",\"rating\":1397,\"seed\":[48340,357,49734,40580]}\n>p1 move flipturn\n>p2 switch 3\n>p1 switch 4\n>p1 move swordsdance\n>p2 switch 4\n>p1 move bitterblade terastallize\n>p2 move earthquake\n>p2 switch 6\n>p1 move bitterblade\n>p2 move psychic terastallize\n>p2 switch 4\n>p1 move closecombat\n>p2 move flareblitz\n>p2 switch 3\n>p1 move closecombat\n>p2 move firepunch\n>p2 switch 2\n>p1 move bitterblade\n>p2 move triplearrows\n>p2 switch 5\n>p1 move bitterblade\n>p2 move bodypress\n>p1 move bitterblade\n>p2 move bodypress", "uploadtime": 1732942239, "views": 26, "formatid": "gen9randombattle", "rating": 1380, "private": 0, "password": null}