{"id": "gen9randombattle-2253833038", "format": "[Gen 9] Random Battle", "players": ["cheese xuebao", "Wuloo"], "log": "|j|\u2606cheese xuebao\n|j|\u2606Wuloo\n|t:|1732945454\n|gametype|singles\n|player|p1|cheese xuebao|miku-ground|\n|player|p2|Wuloo|collector|\n|teamsize|p1|6\n|teamsize|p2|6\n|gen|9\n|tier|[Gen 9] Random Battle\n|rule|Species Clause: Limit one of each Pok\u00e9mon\n|rule|HP Percentage Mod: HP is shown in percentages\n|rule|Sleep Clause Mod: Limit one foe put to sleep\n|rule|Illusion Level Mod: Illusion disguises the Pok\u00e9mon's true level\n|\n|t:|1732945454\n|start\n|switch|p1a: Meloetta|Meloetta, L82|298/298\n|switch|p2a: Sunflora|Sunflora, F|312/312\n|turn|1\n|\n|t:|1732945490\n|switch|p2a: Smeargle|Smeargle, L95, M|258/258\n|move|p1a: Meloetta|Relic Song|p2a: Smeargle\n|-damage|p2a: Smeargle|89/258\n|-formechange|p1a: Meloetta|Meloetta-Pirouette|[msg]\n|-damage|p1a: Meloetta|269/298|[from] item: Life Orb\n|\n|upkeep\n|turn|2\n|\n|t:|1732945505\n|-terastallize|p2a: Smeargle|Ghost\n|move|p1a: Meloetta|Knock Off|p2a: Smeargle\n|-supereffective|p2a: Smeargle\n|-damage|p2a: Smeargle|0 fnt\n|-enditem|p2a: Smeargle|Focus Sash|[from] move: Knock Off|[of] p1a: Meloetta\n|faint|p2a: Smeargle\n|-damage|p1a: Meloetta|240/298|[from] item: Life Orb\n|\n|upkeep\n|\n|t:|1732945512\n|switch|p2a: Jirachi|Jirachi, L80|291/291\n|turn|3\n|\n|t:|1732945519\n|move|p1a: Meloetta|Knock Off|p2a: Jirachi\n|-supereffective|p2a: Jirachi\n|-damage|p2a: Jirachi|106/291\n|-enditem|p2a: Jirachi|Assault Vest|[from] move: Knock Off|[of] p1a: Meloetta\n|-damage|p1a: Meloetta|211/298|[from] item: Life Orb\n|move|p2a: Jirachi|Drain Punch|p1a: Meloetta\n|-supereffective|p1a: Meloetta\n|-damage|p1a: Meloetta|117/298\n|-heal|p2a: Jirachi|153/291|[from] drain|[of] p1a: Meloetta\n|\n|upkeep\n|turn|4\n|\n|t:|1732945545\n|switch|p1a: Zacian|Zacian-Crowned, L64|225/225\n|-ability|p1a: Zacian|Intrepid Sword|boost\n|-boost|p1a: Zacian|atk|1\n|move|p2a: Jirachi|U-turn|p1a: Zacian\n|-resisted|p1a: Zacian\n|-damage|p1a: Zacian|213/225\n|\n|t:|1732945570\n|switch|p2a: Sunflora|Sunflora, F|312/312|[from] U-turn\n|\n|upkeep\n|turn|5\n|\n|t:|1732945582\n|move|p1a: Zacian|Behemoth Blade|p2a: Sunflora\n|-damage|p2a: Sunflora|143/312\n|move|p2a: Sunflora|Earth Power|p1a: Zacian\n|-supereffective|p1a: Zacian\n|-damage|p1a: Zacian|0 fnt\n|faint|p1a: Zacian\n|\n|upkeep\n|c|\u2606cheese xuebao|\u6c14\u61f5\u4e86\n|c|\u2606cheese xuebao|\u8d77\u731b\u4e86\n|c|\u2606Wuloo|\u55b5\n|\n|t:|1732945613\n|switch|p1a: Hydreigon|Hydreigon, L79, F|275/275\n|turn|6\n|\n|t:|1732945651\n|switch|p2a: Dewgong|Dewgong, L94, F|322/322\n|move|p1a: Hydreigon|Dark Pulse|p2a: Dewgong\n|-damage|p2a: Dewgong|250/322\n|\n|upkeep\n|turn|7\n|\n|t:|1732945669\n|switch|p1a: Tentacruel|Tentacruel, L84, F|272/272\n|switch|p2a: Sunflora|Sunflora, F|143/312\n|\n|upkeep\n|turn|8\n|\n|t:|1732945696\n|switch|p2a: Jirachi|Jirachi, L80|153/291\n|move|p1a: Tentacruel|Sludge Bomb|p2a: Jirachi\n|-immune|p2a: Jirachi\n|\n|upkeep\n|turn|9\n|\n|t:|1732945713\n|switch|p1a: Hydreigon|Hydreigon, L79, F|275/275\n|switch|p2a: Decidueye|Decidueye-Hisui, L87, F|295/295\n|\n|upkeep\n|turn|10\n|\n|t:|1732945732\n|switch|p1a: Granbull|Granbull, L88, M|302/302\n|-ability|p1a: Granbull|Intimidate|boost\n|-fail|p2a: Decidueye|unboost|Attack|[from] ability: Scrappy|[of] p2a: Decidueye\n|switch|p2a: Sunflora|Sunflora, F|143/312\n|\n|upkeep\n|turn|11\n|\n|t:|1732945748\n|switch|p2a: Jirachi|Jirachi, L80|153/291\n|move|p1a: Granbull|Play Rough|p2a: Jirachi\n|-resisted|p2a: Jirachi\n|-damage|p2a: Jirachi|90/291\n|\n|upkeep\n|turn|12\n|\n|t:|1732945752\n|move|p2a: Jirachi|Iron Head|p1a: Granbull\n|-supereffective|p1a: Granbull\n|-damage|p1a: Granbull|120/302\n|cant|p1a: Granbull|flinch\n|\n|-heal|p1a: Granbull|138/302|[from] item: Leftovers\n|upkeep\n|turn|13\n|\n|t:|1732945759\n|switch|p1a: Hydreigon|Hydreigon, L79, F|275/275\n|move|p2a: Jirachi|Iron Head|p1a: Hydreigon\n|-damage|p1a: Hydreigon|191/275\n|\n|upkeep\n|turn|14\n|\n|t:|1732945767\n|switch|p2a: Sunflora|Sunflora, F|143/312\n|move|p1a: Hydreigon|Fire Blast|p2a: Sunflora\n|-supereffective|p2a: Sunflora\n|-damage|p2a: Sunflora|0 fnt\n|faint|p2a: Sunflora\n|\n|upkeep\n|c|\u2606Wuloo|\uff1f\n|\n|t:|1732945788\n|switch|p2a: Jirachi|Jirachi, L80|90/291\n|turn|15\n|\n|t:|1732945790\n|move|p2a: Jirachi|Drain Punch|p1a: Hydreigon\n|-supereffective|p1a: Hydreigon\n|-damage|p1a: Hydreigon|87/275\n|-heal|p2a: Jirachi|142/291|[from] drain|[of] p1a: Hydreigon\n|move|p1a: Hydreigon|Fire Blast|p2a: Jirachi\n|-supereffective|p2a: Jirachi\n|-damage|p2a: Jirachi|0 fnt\n|faint|p2a: Jirachi\n|\n|upkeep\n|c|\u2606Wuloo|\uff1f\n|\n|t:|1732945820\n|switch|p2a: Decidueye|Decidueye-Hisui, L87, F|295/295\n|turn|16\n|c|\u2606cheese xuebao|85%\u547d\u4e2d\u5462\n|\n|t:|1732945826\n|move|p1a: Hydreigon|Fire Blast|p2a: Decidueye\n|-supereffective|p2a: Decidueye\n|-damage|p2a: Decidueye|77/295\n|move|p2a: Decidueye|Triple Arrows|p1a: Hydreigon\n|-supereffective|p1a: Hydreigon\n|-damage|p1a: Hydreigon|0 fnt\n|faint|p1a: Hydreigon\n|\n|-heal|p2a: Decidueye|95/295|[from] item: Leftovers\n|upkeep\n|\n|t:|1732945833\n|switch|p1a: Granbull|Granbull, L88, M|138/302\n|-ability|p1a: Granbull|Intimidate|boost\n|-fail|p2a: Decidueye|unboost|Attack|[from] ability: Scrappy|[of] p2a: Decidueye\n|turn|17\n|\n|t:|1732945845\n|move|p2a: Decidueye|Roost|p2a: Decidueye\n|-heal|p2a: Decidueye|243/295\n|-singleturn|p2a: Decidueye|move: Roost\n|move|p1a: Granbull|Play Rough|p2a: Decidueye\n|-supereffective|p2a: Decidueye\n|-damage|p2a: Decidueye|0 fnt\n|faint|p2a: Decidueye\n|\n|-heal|p1a: Granbull|156/302|[from] item: Leftovers\n|upkeep\n|\n|t:|1732945851\n|switch|p2a: Dewgong|Dewgong, L94, F|250/322\n|turn|18\n|\n|t:|1732945875\n|move|p2a: Dewgong|Triple Axel|p1a: Granbull\n|-damage|p1a: Granbull|134/302\n|-damage|p1a: Granbull|91/302\n|-damage|p1a: Granbull|24/302\n|-hitcount|p1a: Granbull|3\n|move|p1a: Granbull|Thunder Wave|p2a: Dewgong\n|-status|p2a: Dewgong|par\n|\n|-heal|p1a: Granbull|42/302|[from] item: Leftovers\n|upkeep\n|turn|19\n|\n|t:|1732945884\n|move|p1a: Granbull|Play Rough|p2a: Dewgong\n|-damage|p2a: Dewgong|133/322 par\n|move|p2a: Dewgong|Knock Off|p1a: Granbull\n|-resisted|p1a: Granbull\n|-crit|p1a: Granbull\n|-damage|p1a: Granbull|0 fnt\n|-enditem|p1a: Granbull|Leftovers|[from] move: Knock Off|[of] p2a: Dewgong\n|faint|p1a: Granbull\n|\n|upkeep\n|\n|t:|1732945889\n|switch|p1a: Virizion|Virizion, L82|283/283\n|turn|20\n|\n|t:|1732945916\n|move|p1a: Virizion|Leaf Blade|p2a: Dewgong\n|-supereffective|p2a: Dewgong\n|-damage|p2a: Dewgong|0 fnt\n|faint|p2a: Dewgong\n|-damage|p1a: Virizion|255/283|[from] item: Life Orb\n|\n|upkeep\n|\n|t:|1732945919\n|switch|p2a: Electrode|Electrode, L92|260/260\n|turn|21\n|\n|t:|1732945934\n|move|p2a: Electrode|Thunderbolt|p1a: Virizion\n|-resisted|p1a: Virizion\n|-damage|p1a: Virizion|204/283\n|-status|p1a: Virizion|par\n|-damage|p2a: Electrode|234/260|[from] item: Life Orb\n|move|p1a: Virizion|Leaf Blade|p2a: Electrode\n|-crit|p2a: Electrode\n|-damage|p2a: Electrode|39/260\n|-damage|p1a: Virizion|176/283 par|[from] item: Life Orb\n|\n|upkeep\n|turn|22\n|c|\u2606Wuloo|\u4e0d\u597d\n|\n|t:|1732945946\n|move|p2a: Electrode|Thunderbolt|p1a: Virizion\n|-resisted|p1a: Virizion\n|-damage|p1a: Virizion|125/283 par\n|-damage|p2a: Electrode|13/260|[from] item: Life Orb\n|move|p1a: Virizion|Leaf Blade|p2a: Electrode\n|-damage|p2a: Electrode|0 fnt\n|faint|p2a: Electrode\n|-damage|p1a: Virizion|97/283 par|[from] item: Life Orb\n|\n|win|cheese xuebao\n|l|\u2606cheese xuebao\n|player|p1|\n", "inputlog": ">version b107d77f5c90bd6555267ae244a6264823309ead\n>start {\"formatid\":\"gen9randombattle\",\"seed\":[13791,42688,5113,32774]}\n>player p1 {\"name\":\"cheese xuebao\",\"avatar\":\"miku-ground\",\"rating\":0,\"seed\":[28107,38983,166,10433]}\n>player p2 {\"name\":\"Wuloo\",\"avatar\":\"collector\",\"rating\":0,\"seed\":[8155,17702,51659,12679]}\n>p1 move relicsong\n>p2 switch 4\n>p1 move knockoff\n>p2 move ceaselessedge terastallize\n>p2 switch 5\n>p1 move knockoff\n>p2 move drainpunch\n>p1 switch 4\n>p2 move uturn\n>p2 switch 4\n>p1 move behemothblade\n>p2 move earthpower\n>chat \u2606cheese xuebao|\u6c14\u61f5\u4e86\n>chat \u2606cheese xuebao|\u8d77\u731b\u4e86\n>chat \u2606Wuloo|\u55b5\n>p1 switch 5\n>p1 move darkpulse\n>p2 switch 3\n>p1 switch 6\n>p2 switch 3\n>p1 move sludgebomb\n>p2 switch 4\n>p1 switch 6\n>p2 switch 2\n>p1 switch 3\n>p2 switch 4\n>p1 move playrough\n>p2 switch 2\n>p1 move earthquake\n>p2 move ironhead\n>p1 switch 3\n>p2 move ironhead\n>p1 move fireblast\n>p2 switch 2\n>chat \u2606Wuloo|\uff1f\n>p2 switch 2\n>p1 move fireblast\n>p2 move drainpunch\n>chat \u2606Wuloo|\uff1f\n>p2 switch 4\n>chat \u2606cheese xuebao|85%\u547d\u4e2d\u5462\n>p1 move fireblast\n>p2 move triplearrows\n>p1 switch 3\n>p1 move playrough\n>p2 move roost\n>p2 switch 3\n>p1 move thunderwave\n>p2 move tripleaxel\n>p1 move playrough\n>p2 move knockoff\n>p1 switch 2\n>p1 move leafblade\n>p2 move tripleaxel\n>p2 switch 6\n>p1 move leafblade\n>p2 move thunderbolt\n>chat \u2606Wuloo|\u4e0d\u597d\n>p1 move leafblade\n>p2 move thunderbolt", "uploadtime": 1732945949, "views": 2, "formatid": "gen9randombattle", "rating": null, "private": 0, "password": null}