{"id": "gen9randombattle-2253986502", "format": "[Gen 9] Random Battle", "players": ["ananananji", "drowsy69"], "log": "|j|\u2606ananananji\n|j|\u2606drowsy69\n|t:|1732976039\n|gametype|singles\n|player|p1|ananananji|102|2212\n|player|p2|drowsy69|chef|2158\n|teamsize|p1|6\n|teamsize|p2|6\n|gen|9\n|tier|[Gen 9] Random Battle\n|rated|\n|rule|Species Clause: Limit one of each Pok\u00e9mon\n|rule|HP Percentage Mod: HP is shown in percentages\n|rule|Sleep Clause Mod: Limit one foe put to sleep\n|rule|Illusion Level Mod: Illusion disguises the Pok\u00e9mon's true level\n|\n|t:|1732976040\n|start\n|switch|p1a: Pawmot|Pawmot, L80, F|243/243\n|switch|p2a: Annihilape|Annihilape, L76, M|292/292\n|turn|1\n|inactive|Battle timer is ON: inactive players will automatically lose when time's up. (requested by drowsy69)\n|\n|t:|1732976065\n|move|p1a: Pawmot|Double Shock|p2a: Annihilape\n|-damage|p2a: Annihilape|124/292\n|-start|p1a: Pawmot|typechange|???/Fighting|[from] move: Double Shock\n|move|p2a: Annihilape|Bulk Up|p2a: Annihilape\n|-boost|p2a: Annihilape|atk|1\n|-boost|p2a: Annihilape|def|1\n|\n|-heal|p2a: Annihilape|142/292|[from] item: Leftovers\n|upkeep\n|turn|2\n|\n|t:|1732976071\n|move|p1a: Pawmot|Nuzzle|p2a: Annihilape\n|-damage|p2a: Annihilape|130/292\n|-status|p2a: Annihilape|par\n|move|p2a: Annihilape|Drain Punch|p1a: Pawmot\n|-damage|p1a: Pawmot|92/243\n|-heal|p2a: Annihilape|206/292 par|[from] drain|[of] p1a: Pawmot\n|\n|-heal|p2a: Annihilape|224/292 par|[from] item: Leftovers\n|upkeep\n|turn|3\n|\n|t:|1732976100\n|switch|p1a: Dusknoir|Dusknoir, L89, M|225/225\n|-item|p2a: Annihilape|Leftovers|[from] ability: Frisk|[of] p1a: Dusknoir\n|move|p2a: Annihilape|Drain Punch|p1a: Dusknoir\n|-immune|p1a: Dusknoir\n|\n|-heal|p2a: Annihilape|242/292 par|[from] item: Leftovers\n|upkeep\n|turn|4\n|\n|t:|1732976104\n|move|p1a: Dusknoir|Poltergeist|p2a: Annihilape\n|-activate|p2a: Annihilape|move: Poltergeist|Leftovers\n|-supereffective|p2a: Annihilape\n|-damage|p2a: Annihilape|32/292 par\n|move|p2a: Annihilape|Rage Fist|p1a: Dusknoir\n|-supereffective|p1a: Dusknoir\n|-damage|p1a: Dusknoir|0 fnt\n|faint|p1a: Dusknoir\n|\n|-heal|p2a: Annihilape|50/292 par|[from] item: Leftovers\n|upkeep\n|\n|t:|1732976112\n|switch|p1a: Pawmot|Pawmot, L80, F|92/243\n|turn|5\n|j| gold0987\n|\n|t:|1732976120\n|switch|p2a: Flygon|Flygon, L82, M|265/265\n|move|p1a: Pawmot|Double Shock|p2a: Flygon\n|-immune|p2a: Flygon\n|\n|upkeep\n|turn|6\n|\n|t:|1732976130\n|move|p2a: Flygon|Earthquake|p1a: Pawmot\n|-supereffective|p1a: Pawmot\n|-damage|p1a: Pawmot|0 fnt\n|faint|p1a: Pawmot\n|\n|upkeep\n|\n|t:|1732976137\n|switch|p1a: Calyrex|Calyrex-Ice, L72|263/263\n|-ability|p1a: Calyrex|As One\n|-ability|p1a: Calyrex|Unnerve\n|turn|7\n|\n|t:|1732976158\n|switch|p2a: Regice|Regice, L88|284/284\n|move|p1a: Calyrex|Agility|p1a: Calyrex\n|-boost|p1a: Calyrex|spe|2\n|\n|upkeep\n|turn|8\n|\n|t:|1732976166\n|move|p1a: Calyrex|Close Combat|p2a: Regice\n|-supereffective|p2a: Regice\n|-damage|p2a: Regice|130/284\n|-unboost|p1a: Calyrex|def|1\n|-unboost|p1a: Calyrex|spd|1\n|move|p2a: Regice|Thunder Wave|p1a: Calyrex\n|-status|p1a: Calyrex|par\n|\n|upkeep\n|turn|9\n|\n|t:|1732976175\n|move|p2a: Regice|Body Press|p1a: Calyrex\n|-damage|p1a: Calyrex|196/263 par\n|move|p1a: Calyrex|Close Combat|p2a: Regice\n|-supereffective|p2a: Regice\n|-damage|p2a: Regice|0 fnt\n|-unboost|p1a: Calyrex|def|1\n|-unboost|p1a: Calyrex|spd|1\n|faint|p2a: Regice\n|-ability|p1a: Calyrex|Chilling Neigh|boost\n|-boost|p1a: Calyrex|atk|1\n|\n|upkeep\n|\n|t:|1732976184\n|switch|p2a: Zacian|Zacian, L69|241/241\n|-ability|p2a: Zacian|Intrepid Sword|boost\n|-boost|p2a: Zacian|atk|1\n|turn|10\n|\n|t:|1732976188\n|move|p2a: Zacian|Crunch|p1a: Calyrex\n|-supereffective|p1a: Calyrex\n|-damage|p1a: Calyrex|0 fnt\n|faint|p1a: Calyrex\n|-damage|p2a: Zacian|217/241|[from] item: Life Orb\n|\n|upkeep\n|\n|t:|1732976196\n|switch|p1a: Flareon|Flareon, L90, M|263/263\n|turn|11\n|inactive|drowsy69 has 120 seconds left.\n|\n|t:|1732976227\n|move|p2a: Zacian|Close Combat|p1a: Flareon\n|-damage|p1a: Flareon|88/263\n|-unboost|p2a: Zacian|def|1\n|-unboost|p2a: Zacian|spd|1\n|-damage|p2a: Zacian|193/241|[from] item: Life Orb\n|move|p1a: Flareon|Trailblaze|p2a: Zacian\n|-damage|p2a: Zacian|115/241\n|-boost|p1a: Flareon|spe|1\n|\n|-status|p1a: Flareon|tox|[from] item: Toxic Orb\n|upkeep\n|turn|12\n|\n|t:|1732976235\n|switch|p2a: Toxapex|Toxapex, L82, M|216/216\n|move|p1a: Flareon|Facade|p2a: Toxapex\n|-damage|p2a: Toxapex|80/216\n|\n|-heal|p2a: Toxapex|93/216|[from] item: Leftovers\n|-damage|p1a: Flareon|72/263 tox|[from] psn\n|upkeep\n|turn|13\n|\n|t:|1732976250\n|switch|p2a: Annihilape|Annihilape, L76, M|50/292 par\n|move|p1a: Flareon|Facade|p2a: Annihilape\n|-immune|p2a: Annihilape\n|\n|-heal|p2a: Annihilape|68/292 par|[from] item: Leftovers\n|-damage|p1a: Flareon|40/263 tox|[from] psn\n|upkeep\n|turn|14\n|\n|t:|1732976261\n|move|p1a: Flareon|Flare Blitz|p2a: Annihilape\n|-damage|p2a: Annihilape|0 fnt\n|faint|p2a: Annihilape\n|-damage|p1a: Flareon|18/263 tox|[from] Recoil\n|\n|-damage|p1a: Flareon|0 fnt|[from] psn\n|faint|p1a: Flareon\n|upkeep\n|inactive|drowsy69 has 120 seconds left.\n|\n|t:|1732976283\n|switch|p2a: Toxapex|Toxapex, L82, M|165/216\n|switch|p1a: Mienshao|Mienshao, L83, M|243/243\n|turn|15\n|\n|t:|1732976289\n|move|p1a: Mienshao|High Jump Kick|p2a: Toxapex\n|-resisted|p2a: Toxapex\n|-damage|p2a: Toxapex|65/216\n|move|p2a: Toxapex|Liquidation|p1a: Mienshao\n|-damage|p1a: Mienshao|158/243\n|-unboost|p1a: Mienshao|def|1\n|\n|-heal|p2a: Toxapex|78/216|[from] item: Leftovers\n|upkeep\n|turn|16\n|\n|t:|1732976294\n|switch|p2a: Deoxys|Deoxys-Defense, L84|221/221\n|-ability|p2a: Deoxys|Pressure\n|move|p1a: Mienshao|High Jump Kick|p2a: Deoxys|[miss]\n|-miss|p1a: Mienshao|p2a: Deoxys\n|-damage|p1a: Mienshao|37/243|[from] highjumpkick\n|\n|upkeep\n|turn|17\n|\n|t:|1732976299\n|move|p1a: Mienshao|High Jump Kick|p2a: Deoxys\n|-resisted|p2a: Deoxys\n|-damage|p2a: Deoxys|128/221\n|move|p2a: Deoxys|Psyshock|p1a: Mienshao\n|-supereffective|p1a: Mienshao\n|-damage|p1a: Mienshao|0 fnt\n|faint|p1a: Mienshao\n|\n|-heal|p2a: Deoxys|141/221|[from] item: Leftovers\n|upkeep\n|\n|t:|1732976302\n|switch|p1a: Houndoom|Houndoom, L87, F|272/272\n|turn|18\n|\n|t:|1732976309\n|move|p1a: Houndoom|Nasty Plot|p1a: Houndoom\n|-boost|p1a: Houndoom|spa|2\n|move|p2a: Deoxys|Focus Blast|p1a: Houndoom\n|-supereffective|p1a: Houndoom\n|-damage|p1a: Houndoom|140/272\n|\n|-heal|p2a: Deoxys|154/221|[from] item: Leftovers\n|upkeep\n|turn|19\n|\n|t:|1732976312\n|move|p1a: Houndoom|Dark Pulse|p2a: Deoxys\n|-supereffective|p2a: Deoxys\n|-damage|p2a: Deoxys|0 fnt\n|faint|p2a: Deoxys\n|\n|upkeep\n|\n|t:|1732976314\n|switch|p2a: Flygon|Flygon, L82, M|265/265\n|turn|20\n|\n|t:|1732976317\n|-terastallize|p1a: Houndoom|Dark\n|move|p2a: Flygon|U-turn|p1a: Houndoom\n|-supereffective|p1a: Houndoom\n|-damage|p1a: Houndoom|10/272\n|\n|t:|1732976319\n|switch|p2a: Zacian|Zacian, L69|115/241|[from] U-turn\n|move|p1a: Houndoom|Dark Pulse|p2a: Zacian\n|-resisted|p2a: Zacian\n|-damage|p2a: Zacian|0 fnt\n|faint|p2a: Zacian\n|\n|upkeep\n|\n|t:|1732976321\n|switch|p2a: Flygon|Flygon, L82, M|265/265\n|turn|21\n|c|\u2606drowsy69|gg\n|\n|t:|1732976325\n|move|p1a: Houndoom|Sucker Punch|p2a: Flygon\n|-damage|p2a: Flygon|161/265\n|move|p2a: Flygon|U-turn|p1a: Houndoom\n|-supereffective|p1a: Houndoom\n|-damage|p1a: Houndoom|0 fnt\n|faint|p1a: Houndoom\n|\n|win|drowsy69\n|raw|ananananji's rating: 2212 &rarr; <strong>2189</strong><br />(-23 for losing)\n|raw|drowsy69's rating: 2158 &rarr; <strong>2181</strong><br />(+23 for winning)\n", "inputlog": ">version b107d77f5c90bd6555267ae244a6264823309ead\n>start {\"formatid\":\"gen9randombattle\",\"seed\":[59058,38624,57660,11617],\"rated\":\"Rated battle\"}\n>player p1 {\"name\":\"ananananji\",\"avatar\":\"102\",\"rating\":2212,\"seed\":[33703,64399,7177,19991]}\n>player p2 {\"name\":\"drowsy69\",\"avatar\":\"chef\",\"rating\":2158,\"seed\":[53778,64657,59157,34113]}\n>p1 move doubleshock\n>p2 move bulkup\n>p1 move nuzzle\n>p2 move drainpunch\n>p1 switch 5\n>p2 move drainpunch\n>p1 move poltergeist\n>p2 move ragefist\n>p1 switch 5\n>p1 move doubleshock\n>p2 switch 4\n>p1 move closecombat\n>p2 move earthquake\n>p1 switch 6\n>p1 move agility\n>p2 switch 3\n>p1 move closecombat\n>p2 move thunderwave\n>p1 move closecombat\n>p2 move bodypress\n>p2 switch 2\n>p1 move glaciallance\n>p2 move crunch\n>p1 switch 2\n>p1 move trailblaze\n>p2 move closecombat\n>p1 move facade\n>p2 switch 6\n>p1 move facade\n>p2 switch 4\n>p1 move flareblitz\n>p2 move drainpunch\n>p1 switch 4\n>p2 switch 4\n>p1 move highjumpkick\n>p2 move liquidation\n>p1 move highjumpkick\n>p2 switch 5\n>p1 move highjumpkick\n>p2 move psyshock\n>p1 switch 3\n>p1 move nastyplot\n>p2 move focusblast\n>p1 move darkpulse\n>p2 move focusblast\n>p2 switch 3\n>p1 move darkpulse terastallize\n>p2 move uturn\n>p2 switch 6\n>p2 switch 6\n>chat \u2606drowsy69|gg\n>p1 move suckerpunch\n>p2 move uturn", "uploadtime": 1732976328, "views": 10, "formatid": "gen9randombattle", "rating": 2181, "private": 0, "password": null}