{"id": "gen9randombattle-2253857065", "format": "[Gen 9] Random Battle", "players": ["EdisDnilb", "Huguito10"], "log": "|j|\u2606EdisDnilb\n|j|\u2606Huguito10\n|t:|1732950059\n|gametype|singles\n|player|p1|EdisDnilb|102|1074\n|player|p2|Huguito10|cynthia-gen4|1100\n|teamsize|p1|6\n|teamsize|p2|6\n|gen|9\n|tier|[Gen 9] Random Battle\n|rated|\n|rule|Species Clause: Limit one of each Pok\u00e9mon\n|rule|HP Percentage Mod: HP is shown in percentages\n|rule|Sleep Clause Mod: Limit one foe put to sleep\n|rule|Illusion Level Mod: Illusion disguises the Pok\u00e9mon's true level\n|\n|t:|1732950059\n|start\n|switch|p1a: Hippowdon|Hippowdon, L82, M|311/311\n|switch|p2a: Scream Tail|Scream Tail, L84|330/330\n|-weather|Sandstorm|[from] ability: Sand Stream|[of] p1a: Hippowdon\n|turn|1\n|inactive|Battle timer is ON: inactive players will automatically lose when time's up. (requested by Huguito10)\n|\n|t:|1732950071\n|move|p2a: Scream Tail|Play Rough|p1a: Hippowdon|[miss]\n|-miss|p2a: Scream Tail|p1a: Hippowdon\n|move|p1a: Hippowdon|Stealth Rock|p2a: Scream Tail\n|-sidestart|p2: Huguito10|move: Stealth Rock\n|\n|-weather|Sandstorm|[upkeep]\n|-damage|p2a: Scream Tail|310/330|[from] Sandstorm\n|-heal|p2a: Scream Tail|330/330|[from] item: Leftovers\n|upkeep\n|turn|2\n|\n|t:|1732950084\n|move|p2a: Scream Tail|Encore|p1a: Hippowdon\n|-start|p1a: Hippowdon|Encore\n|move|p1a: Hippowdon|Stealth Rock||[still]\n|-fail|p1a: Hippowdon\n|\n|-weather|Sandstorm|[upkeep]\n|-damage|p2a: Scream Tail|310/330|[from] Sandstorm\n|-heal|p2a: Scream Tail|330/330|[from] item: Leftovers\n|upkeep\n|turn|3\n|\n|t:|1732950099\n|switch|p1a: Groudon|Groudon, L72|263/263\n|-weather|SunnyDay|[from] ability: Drought|[of] p1a: Groudon\n|-activate|p2a: Scream Tail|ability: Protosynthesis\n|-start|p2a: Scream Tail|protosynthesisspd\n|move|p2a: Scream Tail|Play Rough|p1a: Groudon\n|-damage|p1a: Groudon|202/263\n|\n|-weather|SunnyDay|[upkeep]\n|-heal|p1a: Groudon|218/263|[from] item: Leftovers\n|upkeep\n|turn|4\n|\n|t:|1732950119\n|move|p2a: Scream Tail|Wish|p2a: Scream Tail\n|move|p1a: Groudon|Precipice Blades|p2a: Scream Tail\n|-damage|p2a: Scream Tail|207/330\n|\n|-weather|SunnyDay|[upkeep]\n|-heal|p2a: Scream Tail|227/330|[from] item: Leftovers\n|-heal|p1a: Groudon|234/263|[from] item: Leftovers\n|upkeep\n|turn|5\n|\n|t:|1732950131\n|move|p2a: Scream Tail|Encore|p1a: Groudon\n|-start|p1a: Groudon|Encore\n|move|p1a: Groudon|Precipice Blades|p2a: Scream Tail\n|-damage|p2a: Scream Tail|97/330\n|\n|-weather|SunnyDay|[upkeep]\n|-heal|p2a: Scream Tail|262/330|[from] move: Wish|[wisher] Scream Tail\n|-heal|p2a: Scream Tail|282/330|[from] item: Leftovers\n|-heal|p1a: Groudon|250/263|[from] item: Leftovers\n|upkeep\n|turn|6\n|\n|t:|1732950142\n|-end|p2a: Scream Tail|Protosynthesis|[silent]\n|switch|p2a: Skarmory|Skarmory, L80, F|235/235\n|-damage|p2a: Skarmory|206/235|[from] Stealth Rock\n|move|p1a: Groudon|Precipice Blades|p2a: Skarmory\n|-immune|p2a: Skarmory\n|\n|-weather|SunnyDay|[upkeep]\n|-heal|p1a: Groudon|263/263|[from] item: Leftovers\n|upkeep\n|turn|7\n|\n|t:|1732950159\n|switch|p1a: Lucario|Lucario, L84, F|255/255\n|move|p2a: Skarmory|Stealth Rock|p1a: Lucario\n|-sidestart|p1: EdisDnilb|move: Stealth Rock\n|\n|-weather|none\n|upkeep\n|turn|8\n|l|\u2606EdisDnilb\n|inactive|EdisDnilb disconnected and has a minute to reconnect!\n|player|p1|\n|j|\u2606EdisDnilb\n|inactive|EdisDnilb reconnected and has 120 seconds left.\n|player|p1|EdisDnilb|102|\n|\n|t:|1732950182\n|move|p1a: Lucario|Nasty Plot|p1a: Lucario\n|-boost|p1a: Lucario|spa|2\n|move|p2a: Skarmory|Whirlwind|p1a: Lucario\n|drag|p1a: Hippowdon|Hippowdon, L82, M|311/311\n|-damage|p1a: Hippowdon|292/311|[from] Stealth Rock\n|-weather|Sandstorm|[from] ability: Sand Stream|[of] p1a: Hippowdon\n|\n|-weather|Sandstorm|[upkeep]\n|upkeep\n|turn|9\n|inactive|EdisDnilb has 120 seconds left.\n|\n|t:|1732950203\n|move|p2a: Skarmory|Whirlwind|p1a: Hippowdon\n|drag|p1a: Groudon|Groudon, L72|263/263\n|-damage|p1a: Groudon|247/263|[from] Stealth Rock\n|-weather|SunnyDay|[from] ability: Drought|[of] p1a: Groudon\n|\n|-weather|SunnyDay|[upkeep]\n|-heal|p1a: Groudon|263/263|[from] item: Leftovers\n|upkeep\n|turn|10\n|\n|t:|1732950215\n|switch|p2a: Alomomola|Alomomola, L87, M|429/429\n|move|p1a: Groudon|Spikes|p2a: Alomomola\n|-sidestart|p2: Huguito10|Spikes\n|\n|-weather|SunnyDay|[upkeep]\n|upkeep\n|turn|11\n|c|\u2606Huguito10|Bro\n|\n|t:|1732950233\n|switch|p1a: Swanna|Swanna, L88, M|275/275\n|move|p2a: Alomomola|Scald|p1a: Swanna\n|-resisted|p1a: Swanna\n|-damage|p1a: Swanna|259/275\n|-status|p1a: Swanna|brn\n|\n|-weather|SunnyDay|[upkeep]\n|-damage|p1a: Swanna|242/275 brn|[from] brn\n|upkeep\n|turn|12\n|c|\u2606Huguito10|I got a stall team\n|\n|t:|1732950248\n|move|p1a: Swanna|Brave Bird|p2a: Alomomola\n|-damage|p2a: Alomomola|360/429\n|-damage|p1a: Swanna|219/275 brn|[from] Recoil\n|move|p2a: Alomomola|Flip Turn|p1a: Swanna\n|-resisted|p1a: Swanna\n|-damage|p1a: Swanna|204/275 brn\n|\n|t:|1732950264\n|switch|p2a: Scream Tail|Scream Tail, L84|282/330|[from] Flip Turn\n|-damage|p2a: Scream Tail|241/330|[from] Stealth Rock\n|-damage|p2a: Scream Tail|200/330|[from] Spikes\n|-activate|p2a: Scream Tail|ability: Protosynthesis\n|-start|p2a: Scream Tail|protosynthesisspd\n|\n|-weather|SunnyDay|[upkeep]\n|-heal|p2a: Scream Tail|220/330|[from] item: Leftovers\n|-damage|p1a: Swanna|187/275 brn|[from] brn\n|upkeep\n|turn|13\n|inactive|EdisDnilb has 90 seconds left.\n|\n|t:|1732950304\n|move|p2a: Scream Tail|Play Rough|p1a: Swanna\n|-damage|p1a: Swanna|93/275 brn\n|move|p1a: Swanna|Defog|p2a: Scream Tail\n|-unboost|p2a: Scream Tail|evasion|1\n|-sideend|p2: Huguito10|Spikes|[from] move: Defog|[of] p1a: Swanna\n|-sideend|p2: Huguito10|Stealth Rock|[from] move: Defog|[of] p1a: Swanna\n|-sideend|p1: EdisDnilb|Stealth Rock|[from] move: Defog|[of] p1a: Swanna\n|\n|-weather|none\n|-end|p2a: Scream Tail|Protosynthesis\n|-heal|p2a: Scream Tail|240/330|[from] item: Leftovers\n|-damage|p1a: Swanna|76/275 brn|[from] brn\n|upkeep\n|turn|14\n|l|\u2606EdisDnilb\n|inactive|EdisDnilb disconnected and has a minute to reconnect!\n|player|p1|\n|j|\u2606EdisDnilb\n|inactive|EdisDnilb reconnected and has 70 seconds left.\n|player|p1|EdisDnilb|102|\n|\n|t:|1732950333\n|switch|p1a: Groudon|Groudon, L72|263/263\n|-weather|SunnyDay|[from] ability: Drought|[of] p1a: Groudon\n|-activate|p2a: Scream Tail|ability: Protosynthesis\n|-start|p2a: Scream Tail|protosynthesisspd\n|move|p2a: Scream Tail|Wish|p2a: Scream Tail\n|\n|-weather|SunnyDay|[upkeep]\n|-heal|p2a: Scream Tail|260/330|[from] item: Leftovers\n|upkeep\n|turn|15\n|inactive|Huguito10 has 120 seconds left.\n|\n|t:|1732950371\n|move|p2a: Scream Tail|Play Rough|p1a: Groudon\n|-damage|p1a: Groudon|208/263\n|move|p1a: Groudon|Heat Crash|p2a: Scream Tail\n|-damage|p2a: Scream Tail|140/330\n|\n|-weather|SunnyDay|[upkeep]\n|-heal|p2a: Scream Tail|305/330|[from] move: Wish|[wisher] Scream Tail\n|-heal|p2a: Scream Tail|325/330|[from] item: Leftovers\n|-heal|p1a: Groudon|224/263|[from] item: Leftovers\n|upkeep\n|turn|16\n|\n|t:|1732950385\n|-end|p2a: Scream Tail|Protosynthesis|[silent]\n|switch|p2a: Alomomola|Alomomola, L87, M|429/429\n|move|p1a: Groudon|Spikes|p2a: Alomomola\n|-sidestart|p2: Huguito10|Spikes\n|\n|-weather|SunnyDay|[upkeep]\n|-heal|p1a: Groudon|240/263|[from] item: Leftovers\n|upkeep\n|turn|17\n|inactive|EdisDnilb has 60 seconds left.\n|\n|t:|1732950410\n|move|p1a: Groudon|Thunder Wave|p2a: Alomomola\n|-status|p2a: Alomomola|par\n|move|p2a: Alomomola|Flip Turn|p1a: Groudon\n|-supereffective|p1a: Groudon\n|-damage|p1a: Groudon|198/263\n|inactive|Huguito10 has 90 seconds left.\n|\n|t:|1732950426\n|switch|p2a: Slaking|Slaking, L84, M|389/389|[from] Flip Turn\n|-damage|p2a: Slaking|341/389|[from] Spikes\n|\n|-weather|SunnyDay|[upkeep]\n|-heal|p1a: Groudon|214/263|[from] item: Leftovers\n|upkeep\n|turn|18\n|inactive|EdisDnilb has 60 seconds left.\n|\n|t:|1732950442\n|move|p2a: Slaking|Giga Impact|p1a: Groudon\n|-damage|p1a: Groudon|0 fnt\n|-mustrecharge|p2a: Slaking\n|faint|p1a: Groudon\n|\n|-weather|none\n|upkeep\n|\n|t:|1732950451\n|switch|p1a: Keldeo|Keldeo-Resolute, L79|273/273\n|turn|19\n|inactive|EdisDnilb has 60 seconds left.\n|\n|t:|1732950465\n|cant|p2a: Slaking|recharge\n|move|p1a: Keldeo|Flip Turn|p2a: Slaking\n|-damage|p2a: Slaking|298/389\n|\n|t:|1732950471\n|switch|p1a: Lucario|Lucario, L84, F|255/255|[from] Flip Turn\n|\n|upkeep\n|turn|20\n|inactive|EdisDnilb has 60 seconds left.\n|c|\u2606Huguito10|You dumb as f u c k\n|inactive|Huguito10 has 120 seconds left.\n|\n|t:|1732950484\n|-terastallize|p1a: Lucario|Fighting\n|move|p2a: Slaking|Giga Impact|p1a: Lucario|[miss]\n|-miss|p2a: Slaking|p1a: Lucario\n|move|p1a: Lucario|Aura Sphere|p2a: Slaking\n|-supereffective|p2a: Slaking\n|-damage|p2a: Slaking|0 fnt\n|faint|p2a: Slaking\n|-damage|p1a: Lucario|230/255|[from] item: Life Orb\n|\n|upkeep\n|inactive|Huguito10 has 120 seconds left.\n|\n|t:|1732950505\n|switch|p2a: Dondozo|Dondozo, L78, M|362/362\n|-damage|p2a: Dondozo|317/362|[from] Spikes\n|turn|21\n|\n|t:|1732950512\n|move|p1a: Lucario|Nasty Plot|p1a: Lucario\n|-boost|p1a: Lucario|spa|2\n|move|p2a: Dondozo|Wave Crash|p1a: Lucario\n|-damage|p1a: Lucario|104/255\n|-damage|p2a: Dondozo|275/362|[from] Recoil\n|\n|-heal|p2a: Dondozo|297/362|[from] item: Leftovers\n|upkeep\n|turn|22\n|\n|t:|1732950534\n|move|p1a: Lucario|Aura Sphere|p2a: Dondozo\n|-damage|p2a: Dondozo|73/362\n|-damage|p1a: Lucario|79/255|[from] item: Life Orb\n|move|p2a: Dondozo|Wave Crash|p1a: Lucario\n|-damage|p1a: Lucario|0 fnt\n|faint|p1a: Lucario\n|-damage|p2a: Dondozo|47/362|[from] Recoil\n|\n|-heal|p2a: Dondozo|69/362|[from] item: Leftovers\n|upkeep\n|\n|t:|1732950547\n|switch|p1a: Keldeo|Keldeo-Resolute, L79|273/273\n|turn|23\n|\n|t:|1732950555\n|move|p1a: Keldeo|Secret Sword|p2a: Dondozo\n|-damage|p2a: Dondozo|0 fnt\n|faint|p2a: Dondozo\n|\n|upkeep\n|inactive|Huguito10 has 120 seconds left.\n|\n|t:|1732950561\n|switch|p2a: Scream Tail|Scream Tail, L84|325/330\n|-damage|p2a: Scream Tail|284/330|[from] Spikes\n|turn|24\n|\n|t:|1732950567\n|move|p2a: Scream Tail|Play Rough|p1a: Keldeo\n|-supereffective|p1a: Keldeo\n|-damage|p1a: Keldeo|135/273\n|move|p1a: Keldeo|Secret Sword|p2a: Scream Tail\n|-resisted|p2a: Scream Tail\n|-damage|p2a: Scream Tail|251/330\n|\n|-heal|p2a: Scream Tail|271/330|[from] item: Leftovers\n|upkeep\n|turn|25\n|\n|t:|1732950582\n|switch|p1a: Hippowdon|Hippowdon, L82, M|292/311\n|-weather|Sandstorm|[from] ability: Sand Stream|[of] p1a: Hippowdon\n|move|p2a: Scream Tail|Play Rough|p1a: Hippowdon|[miss]\n|-miss|p2a: Scream Tail|p1a: Hippowdon\n|\n|-weather|Sandstorm|[upkeep]\n|-damage|p2a: Scream Tail|251/330|[from] Sandstorm\n|-heal|p2a: Scream Tail|271/330|[from] item: Leftovers\n|upkeep\n|turn|26\n|\n|t:|1732950595\n|-end|p2a: Scream Tail|Protosynthesis|[silent]\n|switch|p2a: Skarmory|Skarmory, L80, F|206/235\n|move|p1a: Hippowdon|Stealth Rock|p2a: Skarmory\n|-sidestart|p2: Huguito10|move: Stealth Rock\n|\n|-weather|Sandstorm|[upkeep]\n|upkeep\n|turn|27\n|\n|t:|1732950604\n|move|p2a: Skarmory|Stealth Rock|p1a: Hippowdon\n|-sidestart|p1: EdisDnilb|move: Stealth Rock\n|move|p1a: Hippowdon|Whirlwind|p2a: Skarmory\n|drag|p2a: Scream Tail|Scream Tail, L84|271/330\n|-damage|p2a: Scream Tail|230/330|[from] Spikes\n|-damage|p2a: Scream Tail|189/330|[from] Stealth Rock\n|\n|-weather|Sandstorm|[upkeep]\n|-damage|p2a: Scream Tail|169/330|[from] Sandstorm\n|-heal|p2a: Scream Tail|189/330|[from] item: Leftovers\n|upkeep\n|turn|28\n|inactive|EdisDnilb has 90 seconds left.\n|\n|t:|1732950616\n|move|p2a: Scream Tail|Wish|p2a: Scream Tail\n|move|p1a: Hippowdon|Whirlwind|p2a: Scream Tail\n|-end|p2a: Scream Tail|Protosynthesis|[silent]\n|drag|p2a: Wigglytuff|Wigglytuff, L96, M|424/424\n|-damage|p2a: Wigglytuff|371/424|[from] Spikes\n|-damage|p2a: Wigglytuff|318/424|[from] Stealth Rock\n|\n|-weather|Sandstorm|[upkeep]\n|-damage|p2a: Wigglytuff|292/424|[from] Sandstorm\n|-heal|p2a: Wigglytuff|318/424|[from] item: Leftovers\n|upkeep\n|turn|29\n|inactive|EdisDnilb has 90 seconds left.\n|j|@Mathy\n|c|@Mathy|/log Huguito10 was warned by Mathy. (Don't insult your opponents)\n|hidelines|unlink|huguito10\n|c|~|/raw If you have questions about this action, please contact staff by making a <a href=\"view-help-request\" class=\"button\">help ticket</a>\n|l|@Mathy\n|\n|t:|1732950637\n|move|p2a: Wigglytuff|Fire Blast|p1a: Hippowdon\n|-damage|p1a: Hippowdon|185/311\n|move|p1a: Hippowdon|Earthquake|p2a: Wigglytuff\n|-damage|p2a: Wigglytuff|149/424\n|\n|-weather|none\n|-heal|p2a: Wigglytuff|314/424|[from] move: Wish|[wisher] Scream Tail\n|-heal|p2a: Wigglytuff|340/424|[from] item: Leftovers\n|upkeep\n|turn|30\n|\n|t:|1732950649\n|move|p2a: Wigglytuff|Fire Blast|p1a: Hippowdon\n|-damage|p1a: Hippowdon|77/311\n|move|p1a: Hippowdon|Earthquake|p2a: Wigglytuff\n|-damage|p2a: Wigglytuff|189/424\n|\n|-heal|p2a: Wigglytuff|215/424|[from] item: Leftovers\n|upkeep\n|turn|31\n|\n|t:|1732950663\n|switch|p1a: Swanna|Swanna, L88, M|76/275 brn\n|move|p2a: Wigglytuff|Fire Blast|p1a: Swanna|[miss]\n|-miss|p2a: Wigglytuff|p1a: Swanna\n|\n|-heal|p2a: Wigglytuff|241/424|[from] item: Leftovers\n|-damage|p1a: Swanna|59/275 brn|[from] brn\n|upkeep\n|turn|32\n|\n|t:|1732950675\n|move|p1a: Swanna|Hydro Pump|p2a: Wigglytuff|[miss]\n|-miss|p1a: Swanna|p2a: Wigglytuff\n|move|p2a: Wigglytuff|Alluring Voice|p1a: Swanna\n|-damage|p1a: Swanna|0 fnt\n|faint|p1a: Swanna\n|\n|-heal|p2a: Wigglytuff|267/424|[from] item: Leftovers\n|upkeep\n|\n|t:|1732950685\n|switch|p1a: Keldeo|Keldeo-Resolute, L79|135/273\n|-damage|p1a: Keldeo|118/273|[from] Stealth Rock\n|turn|33\n|\n|t:|1732950701\n|move|p2a: Wigglytuff|Protect|p2a: Wigglytuff\n|-singleturn|p2a: Wigglytuff|Protect\n|move|p1a: Keldeo|Flip Turn|p2a: Wigglytuff\n|-activate|p2a: Wigglytuff|move: Protect\n|\n|-heal|p2a: Wigglytuff|293/424|[from] item: Leftovers\n|upkeep\n|turn|34\n|\n|t:|1732950710\n|move|p1a: Keldeo|Flip Turn|p2a: Wigglytuff\n|-damage|p2a: Wigglytuff|224/424\n|\n|t:|1732950714\n|switch|p1a: Hippowdon|Hippowdon, L82, M|77/311|[from] Flip Turn\n|-damage|p1a: Hippowdon|58/311|[from] Stealth Rock\n|-weather|Sandstorm|[from] ability: Sand Stream|[of] p1a: Hippowdon\n|move|p2a: Wigglytuff|Wish|p2a: Wigglytuff\n|\n|-weather|Sandstorm|[upkeep]\n|-damage|p2a: Wigglytuff|198/424|[from] Sandstorm\n|-heal|p2a: Wigglytuff|224/424|[from] item: Leftovers\n|upkeep\n|turn|35\n|\n|t:|1732950733\n|switch|p1a: Keldeo|Keldeo-Resolute, L79|118/273\n|-damage|p1a: Keldeo|101/273|[from] Stealth Rock\n|move|p2a: Wigglytuff|Alluring Voice|p1a: Keldeo\n|-supereffective|p1a: Keldeo\n|-damage|p1a: Keldeo|0 fnt\n|faint|p1a: Keldeo\n|\n|-weather|Sandstorm|[upkeep]\n|-damage|p2a: Wigglytuff|198/424|[from] Sandstorm\n|-heal|p2a: Wigglytuff|410/424|[from] move: Wish|[wisher] Wigglytuff\n|-heal|p2a: Wigglytuff|424/424|[from] item: Leftovers\n|upkeep\n|-message|EdisDnilb forfeited.\n|\n|win|Huguito10\n", "inputlog": ">version b107d77f5c90bd6555267ae244a6264823309ead\n>start {\"formatid\":\"gen9randombattle\",\"seed\":[56166,4026,64518,18122],\"rated\":\"Rated battle\"}\n>player p1 {\"name\":\"EdisDnilb\",\"avatar\":\"102\",\"rating\":1074,\"seed\":[10184,26681,18242,47896]}\n>player p2 {\"name\":\"Huguito10\",\"avatar\":\"cynthia-gen4\",\"rating\":1100,\"seed\":[64390,33903,3767,26150]}\n>p1 move stealthrock\n>p2 move playrough\n>p1 move earthquake\n>p2 move encore\n>p1 switch 6\n>p2 move playrough\n>p1 move precipiceblades\n>p2 move wish\n>p1 move spikes\n>p2 move encore\n>p1 move precipiceblades\n>p2 switch 3\n>p1 switch 2\n>p2 move stealthrock\n>p1 move nastyplot\n>p2 move whirlwind\n>p1 move whirlwind\n>p2 move whirlwind\n>p1 move spikes\n>p2 switch 6\n>chat \u2606Huguito10|Bro\n>p1 switch 3\n>p2 move scald\n>chat \u2606Huguito10|I got a stall team\n>p1 move bravebird\n>p2 move flipturn\n>p2 switch 3\n>p1 move defog\n>p2 move playrough\n>p1 switch 3\n>p2 move wish\n>p1 move heatcrash\n>p2 move playrough\n>p1 move spikes\n>p2 switch 3\n>p1 move thunderwave\n>p2 move flipturn\n>p2 switch 5\n>p1 move spikes\n>p2 move gigaimpact\n>p1 switch 4\n>p1 move flipturn\n>p2 move recharge\n>p1 switch 6\n>chat \u2606Huguito10|You dumb as f u c k\n>p1 move aurasphere terastallize\n>p2 move gigaimpact\n>p2 switch 4\n>p1 move nastyplot\n>p2 move wavecrash\n>p1 move aurasphere\n>p2 move wavecrash\n>p1 switch 6\n>p1 move secretsword\n>p2 move rest\n>p2 switch 3\n>p1 move secretsword\n>p2 move playrough\n>p1 switch 2\n>p2 move playrough\n>p1 move stealthrock\n>p2 switch 6\n>p1 move whirlwind\n>p2 move stealthrock\n>p1 move whirlwind\n>p2 move wish\n>p1 move earthquake\n>p2 move fireblast\n>p1 move earthquake\n>p2 move fireblast\n>p1 switch 3\n>p2 move fireblast\n>p1 move hydropump\n>p2 move alluringvoice\n>p1 switch 2\n>p1 move flipturn\n>p2 move protect\n>p1 move flipturn\n>p2 move wish\n>p1 switch 3\n>p1 switch 3\n>p2 move alluringvoice\n>forcelose p1", "uploadtime": 1732950479, "views": 1, "formatid": "gen9randombattle", "rating": null, "private": 0, "password": null}