{"id": "gen9randombattle-2253988366", "format": "[Gen 9] Random Battle", "players": ["ananananji", "Ehnarchy"], "log": "|j|\u2606ananananji\n|j|\u2606Ehnarchy\n|t:|1732976334\n|gametype|singles\n|player|p1|ananananji|102|2189\n|player|p2|Ehnarchy|guitarist|2189\n|teamsize|p1|6\n|teamsize|p2|6\n|gen|9\n|tier|[Gen 9] Random Battle\n|rated|\n|rule|Species Clause: Limit one of each Pok\u00e9mon\n|rule|HP Percentage Mod: HP is shown in percentages\n|rule|Sleep Clause Mod: Limit one foe put to sleep\n|rule|Illusion Level Mod: Illusion disguises the Pok\u00e9mon's true level\n|\n|t:|1732976334\n|start\n|switch|p1a: Luvdisc|Luvdisc, F|247/247\n|switch|p2a: Yanmega|Yanmega, L82, M|275/275\n|turn|1\n|\n|t:|1732976350\n|switch|p2a: Luvdisc|Luvdisc, F|247/247\n|move|p1a: Luvdisc|Surf|p2a: Luvdisc\n|-resisted|p2a: Luvdisc\n|-damage|p2a: Luvdisc|210/247\n|\n|upkeep\n|turn|2\n|\n|t:|1732976362\n|move|p1a: Luvdisc|Whirlpool|p2a: Luvdisc\n|-resisted|p2a: Luvdisc\n|-damage|p2a: Luvdisc|195/247\n|-activate|p2a: Luvdisc|move: Whirlpool|[of] p1a: Luvdisc\n|move|p2a: Luvdisc|Whirlpool|p1a: Luvdisc\n|-resisted|p1a: Luvdisc\n|-damage|p1a: Luvdisc|232/247\n|-activate|p1a: Luvdisc|move: Whirlpool|[of] p2a: Luvdisc\n|\n|-damage|p2a: Luvdisc|165/247|[from] move: Whirlpool|[partiallytrapped]\n|-damage|p1a: Luvdisc|202/247|[from] move: Whirlpool|[partiallytrapped]\n|upkeep\n|turn|3\n|\n|t:|1732976367\n|move|p1a: Luvdisc|Substitute|p1a: Luvdisc\n|-start|p1a: Luvdisc|Substitute\n|-end|p1a: Luvdisc|Whirlpool|[partiallytrapped]|[silent]\n|-damage|p1a: Luvdisc|141/247\n|move|p2a: Luvdisc|Substitute|p2a: Luvdisc\n|-start|p2a: Luvdisc|Substitute\n|-end|p2a: Luvdisc|Whirlpool|[partiallytrapped]|[silent]\n|-damage|p2a: Luvdisc|104/247\n|\n|upkeep\n|turn|4\n|\n|t:|1732976373\n|move|p2a: Luvdisc|Endeavor|p1a: Luvdisc\n|-activate|p1a: Luvdisc|move: Substitute|[damage]\n|move|p1a: Luvdisc|Surf|p2a: Luvdisc\n|-resisted|p2a: Luvdisc\n|-activate|p2a: Luvdisc|move: Substitute|[damage]\n|\n|upkeep\n|turn|5\n|\n|t:|1732976380\n|move|p1a: Luvdisc|Surf|p2a: Luvdisc\n|-resisted|p2a: Luvdisc\n|-end|p2a: Luvdisc|Substitute\n|move|p2a: Luvdisc|Endeavor|p1a: Luvdisc\n|-end|p1a: Luvdisc|Substitute\n|\n|upkeep\n|turn|6\n|\n|t:|1732976391\n|move|p2a: Luvdisc|Substitute|p2a: Luvdisc\n|-start|p2a: Luvdisc|Substitute\n|-damage|p2a: Luvdisc|43/247\n|move|p1a: Luvdisc|Whirlpool|p2a: Luvdisc\n|-resisted|p2a: Luvdisc\n|-activate|p2a: Luvdisc|move: Substitute|[damage]\n|\n|upkeep\n|turn|7\n|\n|t:|1732976394\n|move|p1a: Luvdisc|Surf|p2a: Luvdisc\n|-resisted|p2a: Luvdisc\n|-activate|p2a: Luvdisc|move: Substitute|[damage]\n|move|p2a: Luvdisc|Surf|p1a: Luvdisc\n|-resisted|p1a: Luvdisc\n|-damage|p1a: Luvdisc|104/247\n|\n|upkeep\n|turn|8\n|\n|t:|1732976396\n|move|p2a: Luvdisc|Endeavor|p1a: Luvdisc\n|-damage|p1a: Luvdisc|43/247\n|move|p1a: Luvdisc|Surf|p2a: Luvdisc\n|-resisted|p2a: Luvdisc\n|-end|p2a: Luvdisc|Substitute\n|\n|upkeep\n|turn|9\n|\n|t:|1732976402\n|move|p1a: Luvdisc|Surf|p2a: Luvdisc\n|-resisted|p2a: Luvdisc\n|-damage|p2a: Luvdisc|7/247\n|move|p2a: Luvdisc|Whirlpool|p1a: Luvdisc\n|-resisted|p1a: Luvdisc\n|-damage|p1a: Luvdisc|28/247\n|-activate|p1a: Luvdisc|move: Whirlpool|[of] p2a: Luvdisc\n|\n|-damage|p1a: Luvdisc|0 fnt|[from] move: Whirlpool|[partiallytrapped]\n|faint|p1a: Luvdisc\n|upkeep\n|\n|t:|1732976409\n|switch|p1a: Regigigas|Regigigas, L84|322/322\n|-start|p1a: Regigigas|ability: Slow Start\n|turn|10\n|\n|t:|1732976412\n|move|p2a: Luvdisc|Endeavor|p1a: Regigigas\n|-damage|p1a: Regigigas|7/322\n|move|p1a: Regigigas|Body Slam|p2a: Luvdisc\n|-damage|p2a: Luvdisc|0 fnt\n|faint|p2a: Luvdisc\n|\n|-heal|p1a: Regigigas|27/322|[from] item: Leftovers\n|upkeep\n|\n|t:|1732976415\n|switch|p2a: Yanmega|Yanmega, L82, M|275/275\n|turn|11\n|\n|t:|1732976417\n|move|p2a: Yanmega|Bug Buzz|p1a: Regigigas\n|-damage|p1a: Regigigas|0 fnt\n|faint|p1a: Regigigas\n|-end|p1a: Regigigas|Slow Start|[silent]\n|\n|-ability|p2a: Yanmega|Speed Boost|boost\n|-boost|p2a: Yanmega|spe|1\n|upkeep\n|\n|t:|1732976421\n|switch|p1a: Fezandipiti|Fezandipiti, L82, M|278/278\n|turn|12\n|\n|t:|1732976443\n|move|p2a: Yanmega|Air Slash|p1a: Fezandipiti\n|-damage|p1a: Fezandipiti|215/278\n|cant|p1a: Fezandipiti|flinch\n|\n|-heal|p1a: Fezandipiti|232/278|[from] item: Leftovers\n|-ability|p2a: Yanmega|Speed Boost|boost\n|-boost|p2a: Yanmega|spe|1\n|upkeep\n|turn|13\n|\n|t:|1732976448\n|move|p2a: Yanmega|Air Slash|p1a: Fezandipiti\n|-damage|p1a: Fezandipiti|162/278\n|move|p1a: Fezandipiti|Gunk Shot|p2a: Yanmega\n|-damage|p2a: Yanmega|149/275\n|\n|-heal|p1a: Fezandipiti|179/278|[from] item: Leftovers\n|-ability|p2a: Yanmega|Speed Boost|boost\n|-boost|p2a: Yanmega|spe|1\n|upkeep\n|turn|14\n|inactive|Battle timer is ON: inactive players will automatically lose when time's up. (requested by ananananji)\n|\n|t:|1732976453\n|switch|p2a: Beartic|Beartic, L91, M|321/321\n|move|p1a: Fezandipiti|Roost|p1a: Fezandipiti\n|-heal|p1a: Fezandipiti|278/278\n|-singleturn|p1a: Fezandipiti|move: Roost\n|\n|upkeep\n|turn|15\n|\n|t:|1732976457\n|move|p1a: Fezandipiti|Gunk Shot|p2a: Beartic\n|-damage|p2a: Beartic|204/321\n|move|p2a: Beartic|Earthquake|p1a: Fezandipiti\n|-supereffective|p1a: Fezandipiti\n|-damage|p1a: Fezandipiti|0 fnt\n|faint|p1a: Fezandipiti\n|\n|upkeep\n|\n|t:|1732976466\n|switch|p1a: Munkidori|Munkidori, L79, M|269/269\n|turn|16\n|\n|t:|1732976473\n|move|p1a: Munkidori|Focus Blast|p2a: Beartic|[miss]\n|-miss|p1a: Munkidori|p2a: Beartic\n|move|p2a: Beartic|Earthquake|p1a: Munkidori\n|-supereffective|p1a: Munkidori\n|-crit|p1a: Munkidori\n|-damage|p1a: Munkidori|0 fnt\n|faint|p1a: Munkidori\n|\n|upkeep\n|\n|t:|1732976478\n|switch|p1a: Regirock|Regirock, L83|268/268\n|turn|17\n|\n|t:|1732976487\n|switch|p2a: Tatsugiri|Tatsugiri-Stretchy, L87, F|260/260\n|move|p1a: Regirock|Body Press|p2a: Tatsugiri\n|-damage|p2a: Tatsugiri|132/260\n|\n|upkeep\n|turn|18\n|\n|t:|1732976499\n|move|p2a: Tatsugiri|Nasty Plot|p2a: Tatsugiri\n|-boost|p2a: Tatsugiri|spa|2\n|move|p1a: Regirock|Body Press|p2a: Tatsugiri\n|-damage|p2a: Tatsugiri|0 fnt\n|faint|p2a: Tatsugiri\n|\n|upkeep\n|\n|t:|1732976508\n|switch|p2a: Dudunsparce|Dudunsparce-Three-Segment, L83, F|343/343\n|turn|19\n|\n|t:|1732976514\n|-terastallize|p2a: Dudunsparce|Ghost\n|move|p2a: Dudunsparce|Glare|p1a: Regirock\n|-status|p1a: Regirock|par\n|cant|p1a: Regirock|par\n|\n|upkeep\n|turn|20\n|\n|t:|1732976516\n|move|p2a: Dudunsparce|Earthquake|p1a: Regirock\n|-supereffective|p1a: Regirock\n|-damage|p1a: Regirock|190/268 par\n|move|p1a: Regirock|Curse|p1a: Regirock\n|-unboost|p1a: Regirock|spe|1\n|-boost|p1a: Regirock|atk|1\n|-boost|p1a: Regirock|def|1\n|\n|upkeep\n|turn|21\n|\n|t:|1732976521\n|move|p2a: Dudunsparce|Earthquake|p1a: Regirock\n|-supereffective|p1a: Regirock\n|-damage|p1a: Regirock|142/268 par\n|move|p1a: Regirock|Stone Edge|p2a: Dudunsparce\n|-damage|p2a: Dudunsparce|165/343\n|\n|-heal|p2a: Dudunsparce|186/343|[from] item: Leftovers\n|upkeep\n|turn|22\n|\n|t:|1732976530\n|move|p2a: Dudunsparce|Headbutt|p1a: Regirock\n|-resisted|p1a: Regirock\n|-damage|p1a: Regirock|129/268 par\n|move|p1a: Regirock|Curse|p1a: Regirock\n|-unboost|p1a: Regirock|spe|1\n|-boost|p1a: Regirock|atk|1\n|-boost|p1a: Regirock|def|1\n|\n|-heal|p2a: Dudunsparce|207/343|[from] item: Leftovers\n|upkeep\n|turn|23\n|\n|t:|1732976535\n|move|p2a: Dudunsparce|Headbutt|p1a: Regirock\n|-resisted|p1a: Regirock\n|-damage|p1a: Regirock|120/268 par\n|cant|p1a: Regirock|flinch\n|\n|-heal|p2a: Dudunsparce|228/343|[from] item: Leftovers\n|upkeep\n|turn|24\n|\n|t:|1732976539\n|move|p2a: Dudunsparce|Earthquake|p1a: Regirock\n|-supereffective|p1a: Regirock\n|-damage|p1a: Regirock|84/268 par\n|move|p1a: Regirock|Rest|p1a: Regirock\n|-status|p1a: Regirock|slp|[from] move: Rest\n|-heal|p1a: Regirock|268/268 slp|[silent]\n|-enditem|p1a: Regirock|Chesto Berry|[eat]\n|-curestatus|p1a: Regirock|slp|[msg]\n|\n|-heal|p2a: Dudunsparce|249/343|[from] item: Leftovers\n|upkeep\n|turn|25\n|\n|t:|1732976543\n|move|p2a: Dudunsparce|Headbutt|p1a: Regirock\n|-resisted|p1a: Regirock\n|-damage|p1a: Regirock|258/268\n|move|p1a: Regirock|Stone Edge|p2a: Dudunsparce\n|-damage|p2a: Dudunsparce|36/343\n|\n|-heal|p2a: Dudunsparce|57/343|[from] item: Leftovers\n|upkeep\n|turn|26\n|\n|t:|1732976548\n|move|p2a: Dudunsparce|Roost|p2a: Dudunsparce\n|-heal|p2a: Dudunsparce|229/343\n|move|p1a: Regirock|Stone Edge|p2a: Dudunsparce|[miss]\n|-miss|p1a: Regirock|p2a: Dudunsparce\n|\n|-heal|p2a: Dudunsparce|250/343|[from] item: Leftovers\n|upkeep\n|turn|27\n|\n|t:|1732976552\n|move|p2a: Dudunsparce|Headbutt|p1a: Regirock\n|-resisted|p1a: Regirock\n|-damage|p1a: Regirock|249/268\n|move|p1a: Regirock|Stone Edge|p2a: Dudunsparce\n|-damage|p2a: Dudunsparce|24/343\n|\n|-heal|p2a: Dudunsparce|45/343|[from] item: Leftovers\n|upkeep\n|turn|28\n|\n|t:|1732976557\n|move|p2a: Dudunsparce|Roost|p2a: Dudunsparce\n|-heal|p2a: Dudunsparce|217/343\n|move|p1a: Regirock|Stone Edge|p2a: Dudunsparce\n|-damage|p2a: Dudunsparce|0 fnt\n|faint|p2a: Dudunsparce\n|\n|upkeep\n|\n|t:|1732976565\n|switch|p2a: Yanmega|Yanmega, L82, M|149/275\n|turn|29\n|\n|t:|1732976569\n|move|p2a: Yanmega|Bug Buzz|p1a: Regirock\n|-damage|p1a: Regirock|149/268\n|move|p1a: Regirock|Stone Edge|p2a: Yanmega\n|-supereffective|p2a: Yanmega\n|-damage|p2a: Yanmega|0 fnt\n|faint|p2a: Yanmega\n|\n|upkeep\n|\n|t:|1732976573\n|switch|p2a: Beartic|Beartic, L91, M|204/321\n|turn|30\n|\n|t:|1732976578\n|move|p2a: Beartic|Close Combat|p1a: Regirock\n|-supereffective|p1a: Regirock\n|-damage|p1a: Regirock|55/268\n|-unboost|p2a: Beartic|def|1\n|-unboost|p2a: Beartic|spd|1\n|move|p1a: Regirock|Rest|p1a: Regirock\n|-status|p1a: Regirock|slp|[from] move: Rest\n|-heal|p1a: Regirock|268/268 slp|[silent]\n|\n|upkeep\n|turn|31\n|\n|t:|1732976590\n|move|p2a: Beartic|Close Combat|p1a: Regirock\n|-supereffective|p1a: Regirock\n|-damage|p1a: Regirock|178/268 slp\n|-unboost|p2a: Beartic|def|1\n|-unboost|p2a: Beartic|spd|1\n|cant|p1a: Regirock|slp\n|\n|upkeep\n|turn|32\n|\n|t:|1732976596\n|move|p2a: Beartic|Close Combat|p1a: Regirock\n|-supereffective|p1a: Regirock\n|-damage|p1a: Regirock|74/268 slp\n|-unboost|p2a: Beartic|def|1\n|-unboost|p2a: Beartic|spd|1\n|cant|p1a: Regirock|slp\n|\n|upkeep\n|turn|33\n|\n|t:|1732976601\n|-terastallize|p1a: Regirock|Fighting\n|move|p2a: Beartic|Close Combat|p1a: Regirock\n|-damage|p1a: Regirock|24/268 slp\n|-unboost|p2a: Beartic|def|1\n|-unboost|p2a: Beartic|spd|1\n|-curestatus|p1a: Regirock|slp|[msg]\n|move|p1a: Regirock|Rest|p1a: Regirock\n|-status|p1a: Regirock|slp|[from] move: Rest\n|-heal|p1a: Regirock|268/268 slp|[silent]\n|\n|upkeep\n|turn|34\n|\n|t:|1732976607\n|switch|p2a: Eternatus|Eternatus, L69|308/308\n|-ability|p2a: Eternatus|Pressure\n|cant|p1a: Regirock|slp\n|\n|upkeep\n|turn|35\n|\n|t:|1732976613\n|move|p2a: Eternatus|Dynamax Cannon|p1a: Regirock\n|-damage|p1a: Regirock|178/268 slp\n|cant|p1a: Regirock|slp\n|\n|upkeep\n|turn|36\n|\n|t:|1732976620\n|move|p2a: Eternatus|Dynamax Cannon|p1a: Regirock\n|-damage|p1a: Regirock|85/268 slp\n|-curestatus|p1a: Regirock|slp|[msg]\n|move|p1a: Regirock|Stone Edge|p2a: Eternatus\n|-damage|p2a: Eternatus|46/308\n|\n|upkeep\n|turn|37\n|\n|t:|1732976626\n|move|p2a: Eternatus|Dynamax Cannon|p1a: Regirock\n|-damage|p1a: Regirock|0 fnt\n|faint|p1a: Regirock\n|\n|upkeep\n|\n|t:|1732976627\n|switch|p1a: Bruxish|Bruxish, L85, M|254/254\n|turn|38\n|\n|t:|1732976632\n|move|p2a: Eternatus|Dynamax Cannon|p1a: Bruxish\n|-damage|p1a: Bruxish|139/254\n|move|p1a: Bruxish|Psychic Fangs|p2a: Eternatus\n|-supereffective|p2a: Eternatus\n|-damage|p2a: Eternatus|0 fnt\n|-damage|p1a: Bruxish|97/254|[from] item: Rocky Helmet|[of] p2a: Eternatus\n|faint|p2a: Eternatus\n|-damage|p1a: Bruxish|72/254|[from] item: Life Orb\n|\n|upkeep\n|\n|t:|1732976635\n|switch|p2a: Beartic|Beartic, L91, M|204/321\n|turn|39\n|\n|t:|1732976638\n|move|p1a: Bruxish|Psychic Fangs|p2a: Beartic\n|-damage|p2a: Beartic|21/321\n|-damage|p1a: Bruxish|47/254|[from] item: Life Orb\n|move|p2a: Beartic|Earthquake|p1a: Bruxish\n|-crit|p1a: Bruxish\n|-damage|p1a: Bruxish|0 fnt\n|faint|p1a: Bruxish\n|\n|win|Ehnarchy\n|raw|ananananji's rating: 2189 &rarr; <strong>2169</strong><br />(-20 for losing)\n|raw|Ehnarchy's rating: 2189 &rarr; <strong>2209</strong><br />(+20 for winning)\n", "inputlog": ">version b107d77f5c90bd6555267ae244a6264823309ead\n>start {\"formatid\":\"gen9randombattle\",\"seed\":[44010,10110,32615,10745],\"rated\":\"Rated battle\"}\n>player p1 {\"name\":\"ananananji\",\"avatar\":\"102\",\"rating\":2189,\"seed\":[35945,4574,28465,16158]}\n>player p2 {\"name\":\"Ehnarchy\",\"avatar\":\"guitarist\",\"rating\":2189,\"seed\":[6993,37978,35735,35644]}\n>p1 move surf\n>p2 switch 3\n>p1 move whirlpool\n>p2 move whirlpool\n>p1 move substitute\n>p2 move substitute\n>p1 move surf\n>p2 move endeavor\n>p1 move surf\n>p2 move endeavor\n>p1 move whirlpool\n>p2 move substitute\n>p1 move surf\n>p2 move surf\n>p1 move surf\n>p2 move endeavor\n>p1 move surf\n>p2 move whirlpool\n>p1 switch 5\n>p1 move bodyslam\n>p2 move endeavor\n>p2 switch 3\n>p1 move knockoff\n>p2 move bugbuzz\n>p1 switch 6\n>p1 move gunkshot\n>p2 move airslash\n>p1 move gunkshot\n>p2 move airslash\n>p1 move roost\n>p2 switch 5\n>p1 move gunkshot\n>p2 move earthquake\n>p1 switch 4\n>p1 move focusblast\n>p2 move earthquake\n>p1 switch 3\n>p1 move bodypress\n>p2 switch 2\n>p1 move bodypress\n>p2 move nastyplot\n>p2 switch 6\n>p1 move curse\n>p2 move glare terastallize\n>p1 move curse\n>p2 move earthquake\n>p1 move stoneedge\n>p2 move earthquake\n>p1 move curse\n>p2 move headbutt\n>p1 move stoneedge\n>p2 move headbutt\n>p1 move rest\n>p2 move earthquake\n>p1 move stoneedge\n>p2 move headbutt\n>p1 move stoneedge\n>p2 move roost\n>p1 move stoneedge\n>p2 move headbutt\n>p1 move stoneedge\n>p2 move roost\n>p2 switch 5\n>p1 move stoneedge\n>p2 move bugbuzz\n>p2 switch 2\n>p1 move rest\n>p2 move closecombat\n>p1 move bodypress\n>p2 move closecombat\n>p1 move rest\n>p2 move closecombat\n>p1 move rest terastallize\n>p2 move closecombat\n>p1 move rest\n>p2 switch 4\n>p1 move stoneedge\n>p2 move dynamaxcannon\n>p1 move stoneedge\n>p2 move dynamaxcannon\n>p1 move rest\n>p2 move dynamaxcannon\n>p1 switch 2\n>p1 move psychicfangs\n>p2 move dynamaxcannon\n>p2 switch 4\n>p1 move psychicfangs\n>p2 move earthquake", "uploadtime": 1732976640, "views": 1, "formatid": "gen9randombattle", "rating": 2169, "private": 0, "password": null}