{"id": "gen9randombattle-2253998996", "format": "[Gen 9] Random Battle", "players": ["Anddam", "krabsolfurretisme"], "log": "|j|\u2606Anddam\n|j|\u2606krabsolfurretisme\n|t:|1732977939\n|gametype|singles\n|player|p1|Anddam|170|1461\n|player|p2|krabsolfurretisme|gentleman|1446\n|teamsize|p1|6\n|teamsize|p2|6\n|gen|9\n|tier|[Gen 9] Random Battle\n|rated|\n|rule|Species Clause: Limit one of each Pok\u00e9mon\n|rule|HP Percentage Mod: HP is shown in percentages\n|rule|Sleep Clause Mod: Limit one foe put to sleep\n|rule|Illusion Level Mod: Illusion disguises the Pok\u00e9mon's true level\n|\n|t:|1732977939\n|start\n|switch|p1a: Camerupt|Camerupt, L91, M|275/275\n|switch|p2a: Zapdos|Zapdos-Galar, L77|265/265\n|turn|1\n|inactive|Battle timer is ON: inactive players will automatically lose when time's up. (requested by krabsolfurretisme)\n|\n|t:|1732977954\n|move|p2a: Zapdos|Bulk Up|p2a: Zapdos\n|-boost|p2a: Zapdos|atk|1\n|-boost|p2a: Zapdos|def|1\n|move|p1a: Camerupt|Will-O-Wisp|p2a: Zapdos\n|-status|p2a: Zapdos|brn\n|\n|-damage|p2a: Zapdos|249/265 brn|[from] brn\n|upkeep\n|turn|2\n|\n|t:|1732977963\n|move|p2a: Zapdos|Bulk Up|p2a: Zapdos\n|-boost|p2a: Zapdos|atk|1\n|-boost|p2a: Zapdos|def|1\n|move|p1a: Camerupt|Stealth Rock|p2a: Zapdos\n|-sidestart|p2: krabsolfurretisme|move: Stealth Rock\n|\n|-damage|p2a: Zapdos|233/265 brn|[from] brn\n|upkeep\n|turn|3\n|\n|t:|1732977968\n|move|p2a: Zapdos|Bulk Up|p2a: Zapdos\n|-boost|p2a: Zapdos|atk|1\n|-boost|p2a: Zapdos|def|1\n|move|p1a: Camerupt|Overheat|p2a: Zapdos\n|-damage|p2a: Zapdos|37/265 brn\n|-unboost|p1a: Camerupt|spa|2\n|\n|-damage|p2a: Zapdos|21/265 brn|[from] brn\n|upkeep\n|turn|4\n|l|\u2606Anddam\n|inactive|Anddam disconnected and has a minute to reconnect!\n|player|p1|\n|\n|t:|1732977983\n|move|p2a: Zapdos|Close Combat|p1a: Camerupt\n|-crit|p1a: Camerupt\n|-damage|p1a: Camerupt|0 fnt\n|-unboost|p2a: Zapdos|def|1\n|-unboost|p2a: Zapdos|spd|1\n|faint|p1a: Camerupt\n|-damage|p2a: Zapdos|0 fnt|[from] item: Life Orb\n|faint|p2a: Zapdos\n|\n|upkeep\n|inactive|Anddam has 30 seconds to reconnect!\n|j|\u2606Anddam\n|inactive|Anddam reconnected and has 120 seconds left.\n|player|p1|Anddam|170|\n|\n|t:|1732978031\n|switch|p2a: Oricorio|Oricorio, L84, M|263/263\n|switch|p1a: Garchomp|Garchomp, L74, F|282/282\n|turn|5\n|l|\u2606Anddam\n|inactive|Anddam disconnected and has a minute to reconnect!\n|player|p1|\n|\n|t:|1732978043\n|-terastallize|p2a: Oricorio|Ground\n|move|p2a: Oricorio|Quiver Dance|p2a: Oricorio\n|-boost|p2a: Oricorio|spa|1\n|-boost|p2a: Oricorio|spd|1\n|-boost|p2a: Oricorio|spe|1\n|move|p1a: Garchomp|Stone Edge|p2a: Oricorio\n|-resisted|p2a: Oricorio\n|-crit|p2a: Oricorio\n|-damage|p2a: Oricorio|204/263\n|\n|upkeep\n|turn|6\n|j|\u2606Anddam\n|inactive|Anddam reconnected and has 120 seconds left.\n|player|p1|Anddam|170|\n|inactive|krabsolfurretisme has 120 seconds left.\n|\n|t:|1732978098\n|move|p2a: Oricorio|Quiver Dance|p2a: Oricorio\n|-boost|p2a: Oricorio|spa|1\n|-boost|p2a: Oricorio|spd|1\n|-boost|p2a: Oricorio|spe|1\n|move|p1a: Garchomp|Outrage|p2a: Oricorio\n|-damage|p2a: Oricorio|53/263\n|\n|upkeep\n|turn|7\n|inactive|Anddam has 120 seconds left.\n|\n|t:|1732978108\n|move|p2a: Oricorio|Revelation Dance|p1a: Garchomp\n|-damage|p1a: Garchomp|50/282\n|move|p1a: Garchomp|Outrage|p2a: Oricorio|[from]lockedmove\n|-damage|p2a: Oricorio|0 fnt\n|faint|p2a: Oricorio\n|-start|p1a: Garchomp|confusion|[fatigue]\n|\n|upkeep\n|l|\u2606Anddam\n|inactive|Anddam disconnected and has a minute to reconnect!\n|player|p1|\n|j|\u2606Anddam\n|inactive|Anddam reconnected.\n|player|p1|Anddam|170|\n|\n|t:|1732978120\n|switch|p2a: Comfey|Comfey, L85, F|225/225\n|-damage|p2a: Comfey|197/225|[from] Stealth Rock\n|turn|8\n|\n|t:|1732978126\n|move|p2a: Comfey|Draining Kiss|p1a: Garchomp\n|-supereffective|p1a: Garchomp\n|-damage|p1a: Garchomp|0 fnt\n|-heal|p2a: Comfey|225/225|[from] drain|[of] p1a: Garchomp\n|-damage|p2a: Comfey|197/225|[from] ability: Rough Skin|[of] p1a: Garchomp\n|-damage|p2a: Comfey|160/225|[from] item: Rocky Helmet|[of] p1a: Garchomp\n|faint|p1a: Garchomp\n|\n|-heal|p2a: Comfey|174/225|[from] item: Leftovers\n|upkeep\n|\n|t:|1732978135\n|switch|p1a: Pyroar|Pyroar, L88, M|295/295\n|-ability|p1a: Pyroar|Unnerve\n|turn|9\n|\n|t:|1732978141\n|move|p1a: Pyroar|Fire Blast|p2a: Comfey\n|-damage|p2a: Comfey|51/225\n|move|p2a: Comfey|Calm Mind|p2a: Comfey\n|-boost|p2a: Comfey|spa|1\n|-boost|p2a: Comfey|spd|1\n|\n|-heal|p2a: Comfey|65/225|[from] item: Leftovers\n|upkeep\n|turn|10\n|\n|t:|1732978147\n|move|p2a: Comfey|Draining Kiss|p1a: Pyroar\n|-resisted|p1a: Pyroar\n|-damage|p1a: Pyroar|252/295\n|-heal|p2a: Comfey|97/225|[from] drain|[of] p1a: Pyroar\n|move|p1a: Pyroar|Fire Blast|p2a: Comfey\n|-damage|p2a: Comfey|16/225\n|\n|-heal|p2a: Comfey|30/225|[from] item: Leftovers\n|upkeep\n|turn|11\n|\n|t:|1732978156\n|move|p2a: Comfey|Draining Kiss|p1a: Pyroar\n|-resisted|p1a: Pyroar\n|-damage|p1a: Pyroar|206/295\n|-heal|p2a: Comfey|65/225|[from] drain|[of] p1a: Pyroar\n|move|p1a: Pyroar|Fire Blast|p2a: Comfey\n|-damage|p2a: Comfey|0 fnt\n|faint|p2a: Comfey\n|\n|upkeep\n|\n|t:|1732978158\n|switch|p2a: Quagsire|Quagsire, L84, M|297/297\n|-damage|p2a: Quagsire|279/297|[from] Stealth Rock\n|turn|12\n|\n|t:|1732978164\n|move|p1a: Pyroar|Hyper Voice|p2a: Quagsire\n|-damage|p2a: Quagsire|140/297\n|move|p2a: Quagsire|Toxic|p1a: Pyroar\n|-status|p1a: Pyroar|tox\n|\n|-heal|p2a: Quagsire|158/297|[from] item: Leftovers\n|-damage|p1a: Pyroar|188/295 tox|[from] psn\n|upkeep\n|turn|13\n|\n|t:|1732978168\n|move|p1a: Pyroar|Hyper Voice|p2a: Quagsire\n|-damage|p2a: Quagsire|22/297\n|move|p2a: Quagsire|Earthquake|p1a: Pyroar\n|-supereffective|p1a: Pyroar\n|-damage|p1a: Pyroar|0 fnt\n|faint|p1a: Pyroar\n|\n|-heal|p2a: Quagsire|40/297|[from] item: Leftovers\n|upkeep\n|\n|t:|1732978177\n|switch|p1a: Azelf|Azelf, L82|257/257\n|turn|14\n|\n|t:|1732978180\n|move|p1a: Azelf|Knock Off|p2a: Quagsire\n|-damage|p2a: Quagsire|0 fnt\n|-enditem|p2a: Quagsire|Leftovers|[from] move: Knock Off|[of] p1a: Azelf\n|faint|p2a: Quagsire\n|\n|upkeep\n|\n|t:|1732978182\n|switch|p2a: Blaziken|Blaziken, L76, F|247/247\n|-damage|p2a: Blaziken|217/247|[from] Stealth Rock\n|turn|15\n|\n|t:|1732978187\n|switch|p2a: Umbreon|Umbreon, L84, M|297/297\n|-damage|p2a: Umbreon|260/297|[from] Stealth Rock\n|move|p1a: Azelf|Psychic|p2a: Umbreon\n|-immune|p2a: Umbreon\n|\n|-heal|p2a: Umbreon|278/297|[from] item: Leftovers\n|upkeep\n|turn|16\n|\n|t:|1732978194\n|move|p1a: Azelf|U-turn|p2a: Umbreon\n|-supereffective|p2a: Umbreon\n|-damage|p2a: Umbreon|178/297\n|\n|t:|1732978197\n|switch|p1a: Eiscue|Eiscue, L88, F|272/272|[from] U-turn\n|move|p2a: Umbreon|Toxic|p1a: Eiscue\n|-status|p1a: Eiscue|tox\n|\n|-heal|p2a: Umbreon|196/297|[from] item: Leftovers\n|-damage|p1a: Eiscue|255/272 tox|[from] psn\n|upkeep\n|turn|17\n|inactive|krabsolfurretisme has 120 seconds left.\n|\n|t:|1732978228\n|move|p2a: Umbreon|Wish|p2a: Umbreon\n|move|p1a: Eiscue|Belly Drum|p1a: Eiscue\n|-damage|p1a: Eiscue|119/272 tox\n|-setboost|p1a: Eiscue|atk|6|[from] move: Belly Drum\n|\n|-heal|p2a: Umbreon|214/297|[from] item: Leftovers\n|-damage|p1a: Eiscue|85/272 tox|[from] psn\n|upkeep\n|turn|18\n|\n|t:|1732978241\n|move|p2a: Umbreon|Foul Play|p1a: Eiscue\n|-activate|p1a: Eiscue|ability: Ice Face\n|-damage|p1a: Eiscue|85/272 tox\n|detailschange|p1a: Eiscue|Eiscue-Noice, L88, F\n|move|p1a: Eiscue|Ice Spinner|p2a: Umbreon\n|-damage|p2a: Umbreon|0 fnt\n|faint|p2a: Umbreon\n|\n|-damage|p1a: Eiscue|34/272 tox|[from] psn\n|upkeep\n|-enditem|p1a: Eiscue|Salac Berry|[eat]\n|-boost|p1a: Eiscue|spe|1|[from] item: Salac Berry\n|\n|t:|1732978246\n|switch|p2a: Blaziken|Blaziken, L76, F|217/247\n|-damage|p2a: Blaziken|187/247|[from] Stealth Rock\n|turn|19\n|\n|t:|1732978257\n|move|p1a: Eiscue|Liquidation|p2a: Blaziken\n|-supereffective|p2a: Blaziken\n|-damage|p2a: Blaziken|0 fnt\n|faint|p2a: Blaziken\n|\n|win|Anddam\n|raw|Anddam's rating: 1461 &rarr; <strong>1480</strong><br />(+19 for winning)\n|raw|krabsolfurretisme's rating: 1446 &rarr; <strong>1427</strong><br />(-19 for losing)\n|c|\u2606krabsolfurretisme|gg\n|l|\u2606Anddam\n|player|p1|\n", "inputlog": ">version b107d77f5c90bd6555267ae244a6264823309ead\n>start {\"formatid\":\"gen9randombattle\",\"seed\":[56892,18898,18102,64473],\"rated\":\"Rated battle\"}\n>player p1 {\"name\":\"Anddam\",\"avatar\":\"170\",\"rating\":1461,\"seed\":[9779,25047,25108,57604]}\n>player p2 {\"name\":\"krabsolfurretisme\",\"avatar\":\"gentleman\",\"rating\":1446,\"seed\":[27742,43789,22858,13467]}\n>p1 move willowisp\n>p2 move bulkup\n>p1 move stealthrock\n>p2 move bulkup\n>p1 move overheat\n>p2 move bulkup\n>p1 move overheat\n>p2 move closecombat\n>p1 switch 6\n>p2 switch 4\n>p1 move stoneedge\n>p2 move quiverdance terastallize\n>p1 move outrage\n>p2 move quiverdance\n>p1 move outrage\n>p2 move revelationdance\n>p2 switch 5\n>p1 move spikes\n>p2 move drainingkiss\n>p1 switch 5\n>p1 move fireblast\n>p2 move calmmind\n>p1 move fireblast\n>p2 move drainingkiss\n>p1 move fireblast\n>p2 move drainingkiss\n>p2 switch 2\n>p1 move hypervoice\n>p2 move toxic\n>p1 move hypervoice\n>p2 move earthquake\n>p1 switch 4\n>p1 move knockoff\n>p2 move toxic\n>p2 switch 3\n>p1 move psychic\n>p2 switch 6\n>p1 move uturn\n>p2 move toxic\n>p1 switch 3\n>p1 move bellydrum\n>p2 move wish\n>p1 move icespinner\n>p2 move foulplay\n>p2 switch 6\n>p1 move liquidation\n>p2 move closecombat", "uploadtime": 1732978268, "views": 1, "formatid": "gen9randombattle", "rating": 1427, "private": 0, "password": null}