{"id": "gen9randombattle-2253889555", "format": "[Gen 9] Random Battle", "players": ["yangmuxue", "Furganga"], "log": "|j|\u2606yangmuxue\n|j|\u2606Furganga\n|t:|1732957205\n|gametype|singles\n|player|p1|yangmuxue|swimmerf-gen4dp|1137\n|player|p2|Furganga|170|1172\n|teamsize|p1|6\n|teamsize|p2|6\n|gen|9\n|tier|[Gen 9] Random Battle\n|rated|\n|rule|Species Clause: Limit one of each Pok\u00e9mon\n|rule|HP Percentage Mod: HP is shown in percentages\n|rule|Sleep Clause Mod: Limit one foe put to sleep\n|rule|Illusion Level Mod: Illusion disguises the Pok\u00e9mon's true level\n|\n|t:|1732957205\n|start\n|switch|p1a: Regirock|Regirock, L83|268/268\n|switch|p2a: Fezandipiti|Fezandipiti, L82, M|278/278\n|turn|1\n|inactive|Battle timer is ON: inactive players will automatically lose when time's up. (requested by yangmuxue)\n|inactive|yangmuxue has 120 seconds left.\n|inactive|Furganga has 120 seconds left.\n|\n|t:|1732957256\n|switch|p1a: Grimmsnarl|Grimmsnarl, L83, M|293/293\n|move|p2a: Fezandipiti|Play Rough|p1a: Grimmsnarl\n|-supereffective|p1a: Grimmsnarl\n|-damage|p1a: Grimmsnarl|71/293\n|\n|-heal|p1a: Grimmsnarl|89/293|[from] item: Leftovers\n|upkeep\n|turn|2\n|\n|t:|1732957267\n|switch|p2a: Camerupt|Camerupt, L91, F|275/275\n|-terastallize|p1a: Grimmsnarl|Steel\n|move|p1a: Grimmsnarl|Thunder Wave|p2a: Camerupt\n|-immune|p2a: Camerupt\n|\n|-heal|p1a: Grimmsnarl|107/293|[from] item: Leftovers\n|upkeep\n|turn|3\n|c|\u2606Furganga|Why tf would you terra that just to get a thunder wave off lol\n|\n|t:|1732957297\n|switch|p1a: Donphan|Donphan, L84, F|288/288\n|move|p2a: Camerupt|Stealth Rock|p1a: Donphan\n|-sidestart|p1: yangmuxue|move: Stealth Rock\n|\n|upkeep\n|turn|4\n|inactive|Furganga has 120 seconds left.\n|\n|t:|1732957317\n|move|p1a: Donphan|Stealth Rock|p2a: Camerupt\n|-sidestart|p2: Furganga|move: Stealth Rock\n|move|p2a: Camerupt|Overheat|p1a: Donphan\n|-damage|p1a: Donphan|47/288\n|-unboost|p2a: Camerupt|spa|2\n|\n|-heal|p1a: Donphan|65/288|[from] item: Leftovers\n|upkeep\n|turn|5\n|l|\u2606yangmuxue\n|inactive|yangmuxue disconnected and has a minute to reconnect!\n|player|p1|\n|c|\u2606Furganga|Yea that makes sense\n|c|\u2606Furganga|fucking trash kid\n|j|\u2606yangmuxue\n|inactive|yangmuxue reconnected and has 130 seconds left.\n|player|p1|yangmuxue|swimmerf-gen4dp|\n|inactive|yangmuxue has 120 seconds left.\n|\n|t:|1732957348\n|move|p1a: Donphan|Rapid Spin|p2a: Camerupt\n|-damage|p2a: Camerupt|231/275\n|-boost|p1a: Donphan|spe|1\n|-sideend|p1: yangmuxue|Stealth Rock|[from] move: Rapid Spin|[of] p1a: Donphan\n|move|p2a: Camerupt|Earthquake|p1a: Donphan\n|-damage|p1a: Donphan|0 fnt\n|faint|p1a: Donphan\n|\n|-heal|p2a: Camerupt|248/275|[from] item: Leftovers\n|upkeep\n|inactive|yangmuxue has 120 seconds left.\n|\n|t:|1732957355\n|switch|p1a: Dugtrio|Dugtrio, L84, F|196/196\n|turn|6\n|\n|t:|1732957366\n|move|p1a: Dugtrio|Earthquake|p2a: Camerupt\n|-supereffective|p2a: Camerupt\n|-damage|p2a: Camerupt|35/275\n|-damage|p1a: Dugtrio|177/196|[from] item: Life Orb\n|move|p2a: Camerupt|Roar|p1a: Dugtrio\n|drag|p1a: Jumpluff|Jumpluff, L87, F|271/271\n|\n|-heal|p2a: Camerupt|52/275|[from] item: Leftovers\n|upkeep\n|turn|7\n|\n|t:|1732957376\n|switch|p2a: Shiftry|Shiftry, L89, F|305/305\n|-damage|p2a: Shiftry|267/305|[from] Stealth Rock\n|move|p1a: Jumpluff|Acrobatics|p2a: Shiftry\n|-supereffective|p2a: Shiftry\n|-damage|p2a: Shiftry|73/305\n|\n|upkeep\n|turn|8\n|\n|t:|1732957383\n|move|p1a: Jumpluff|Acrobatics|p2a: Shiftry\n|-supereffective|p2a: Shiftry\n|-damage|p2a: Shiftry|0 fnt\n|faint|p2a: Shiftry\n|\n|upkeep\n|\n|t:|1732957388\n|switch|p2a: Excadrill|Excadrill, L80, F|307/307\n|-damage|p2a: Excadrill|298/307|[from] Stealth Rock\n|-ability|p2a: Excadrill|Mold Breaker\n|turn|9\n|\n|t:|1732957394\n|move|p1a: Jumpluff|Sleep Powder|p2a: Excadrill|[miss]\n|-miss|p1a: Jumpluff|p2a: Excadrill\n|move|p2a: Excadrill|Rapid Spin|p1a: Jumpluff\n|-damage|p1a: Jumpluff|223/271\n|-boost|p2a: Excadrill|spe|1\n|-sideend|p2: Furganga|Stealth Rock|[from] move: Rapid Spin|[of] p2a: Excadrill\n|\n|-heal|p2a: Excadrill|307/307|[from] item: Leftovers\n|upkeep\n|turn|10\n|\n|t:|1732957411\n|-terastallize|p2a: Excadrill|Grass\n|move|p2a: Excadrill|Iron Head|p1a: Jumpluff\n|-damage|p1a: Jumpluff|106/271\n|move|p1a: Jumpluff|Sleep Powder|p2a: Excadrill\n|-immune|p2a: Excadrill\n|\n|upkeep\n|turn|11\n|\n|t:|1732957420\n|move|p2a: Excadrill|Iron Head|p1a: Jumpluff\n|-damage|p1a: Jumpluff|0 fnt\n|faint|p1a: Jumpluff\n|\n|upkeep\n|\n|t:|1732957424\n|switch|p1a: Spidops|Spidops, L96, M|271/271\n|turn|12\n|inactive|Furganga has 120 seconds left.\n|inactive|Furganga has 90 seconds left.\n|\n|t:|1732957497\n|move|p2a: Excadrill|Swords Dance|p2a: Excadrill\n|-boost|p2a: Excadrill|atk|2\n|move|p1a: Spidops|Sticky Web|p2a: Excadrill\n|-sidestart|p2: Furganga|move: Sticky Web\n|\n|upkeep\n|turn|13\n|inactive|Furganga has 60 seconds left.\n|\n|t:|1732957528\n|move|p2a: Excadrill|Rapid Spin|p1a: Spidops\n|-damage|p1a: Spidops|201/271\n|-boost|p2a: Excadrill|spe|1\n|-sideend|p2: Furganga|Sticky Web|[from] move: Rapid Spin|[of] p2a: Excadrill\n|move|p1a: Spidops|Knock Off|p2a: Excadrill\n|-damage|p2a: Excadrill|208/307\n|-enditem|p2a: Excadrill|Leftovers|[from] move: Knock Off|[of] p1a: Spidops\n|\n|upkeep\n|turn|14\n|inactive|yangmuxue has 120 seconds left.\n|\n|t:|1732957573\n|move|p2a: Excadrill|Iron Head|p1a: Spidops\n|-damage|p1a: Spidops|33/271\n|move|p1a: Spidops|U-turn|p2a: Excadrill\n|-supereffective|p2a: Excadrill\n|-damage|p2a: Excadrill|0 fnt\n|faint|p2a: Excadrill\n|\n|t:|1732957583\n|switch|p1a: Dugtrio|Dugtrio, L84, F|177/196|[from] U-turn\n|\n|upkeep\n|\n|t:|1732957601\n|switch|p2a: Greninja|Greninja, L80, M|246/246\n|turn|15\n|inactive|yangmuxue has 90 seconds left.\n|\n|t:|1732957626\n|move|p1a: Dugtrio|Sucker Punch|p2a: Greninja\n|-resisted|p2a: Greninja\n|-damage|p2a: Greninja|202/246\n|-damage|p1a: Dugtrio|158/196|[from] item: Life Orb\n|move|p2a: Greninja|Hydro Pump|p1a: Dugtrio|[miss]\n|-miss|p2a: Greninja|p1a: Dugtrio\n|\n|upkeep\n|turn|16\n|\n|t:|1732957635\n|move|p1a: Dugtrio|Swords Dance|p1a: Dugtrio\n|-boost|p1a: Dugtrio|atk|2\n|move|p2a: Greninja|Hydro Pump|p1a: Dugtrio\n|-supereffective|p1a: Dugtrio\n|-damage|p1a: Dugtrio|0 fnt\n|faint|p1a: Dugtrio\n|-ability|p2a: Greninja|Battle Bond|boost\n|-boost|p2a: Greninja|atk|1\n|-boost|p2a: Greninja|spa|1\n|-boost|p2a: Greninja|spe|1\n|-activate|p2a: Greninja|ability: Battle Bond\n|-damage|p2a: Greninja|178/246|[from] item: Life Orb\n|\n|upkeep\n|c|\u2606Furganga|Dumbass\n|\n|t:|1732957642\n|switch|p1a: Spidops|Spidops, L96, M|33/271\n|turn|17\n|\n|t:|1732957647\n|move|p2a: Greninja|Dark Pulse|p1a: Spidops\n|-damage|p1a: Spidops|0 fnt\n|faint|p1a: Spidops\n|-damage|p2a: Greninja|154/246|[from] item: Life Orb\n|\n|upkeep\n|\n|t:|1732957652\n|switch|p1a: Grimmsnarl|Grimmsnarl, L83, M, tera:Steel|107/293\n|turn|18\n|\n|t:|1732957656\n|move|p1a: Grimmsnarl|Thunder Wave|p2a: Greninja\n|-hint|Since gen 7, Dark is immune to Prankster moves.\n|-immune|p2a: Greninja\n|move|p2a: Greninja|Ice Beam|p1a: Grimmsnarl\n|-resisted|p1a: Grimmsnarl\n|-damage|p1a: Grimmsnarl|39/293\n|-damage|p2a: Greninja|130/246|[from] item: Life Orb\n|\n|-heal|p1a: Grimmsnarl|57/293|[from] item: Leftovers\n|upkeep\n|turn|19\n|inactive|yangmuxue has 120 seconds left.\n|inactive|yangmuxue has 90 seconds left.\n|\n|t:|1732957698\n|move|p2a: Greninja|Dark Pulse|p1a: Grimmsnarl\n|-damage|p1a: Grimmsnarl|0 fnt\n|faint|p1a: Grimmsnarl\n|-damage|p2a: Greninja|106/246|[from] item: Life Orb\n|\n|upkeep\n|inactive|yangmuxue has 90 seconds left.\n|\n|t:|1732957705\n|switch|p1a: Regirock|Regirock, L83|268/268\n|turn|20\n|inactive|Furganga has 120 seconds left.\n|\n|t:|1732957738\n|move|p2a: Greninja|Hydro Pump|p1a: Regirock\n|-supereffective|p1a: Regirock\n|-damage|p1a: Regirock|0 fnt\n|faint|p1a: Regirock\n|-damage|p2a: Greninja|82/246|[from] item: Life Orb\n|\n|win|Furganga\n", "inputlog": ">version b107d77f5c90bd6555267ae244a6264823309ead\n>start {\"formatid\":\"gen9randombattle\",\"seed\":[41499,44233,30678,48921],\"rated\":\"Rated battle\"}\n>player p1 {\"name\":\"yangmuxue\",\"avatar\":\"swimmerf-gen4dp\",\"rating\":1137,\"seed\":[57557,42943,25169,14052]}\n>player p2 {\"name\":\"Furganga\",\"avatar\":\"170\",\"rating\":1172,\"seed\":[59778,10134,39942,54261]}\n>p1 switch 5\n>p2 move playrough\n>p1 move thunderwave terastallize\n>p2 switch 3\n>chat \u2606Furganga|Why tf would you terra that just to get a thunder wave off lol\n>p1 switch 6\n>p2 move stealthrock\n>p1 move stealthrock\n>p2 move overheat\n>chat \u2606Furganga|Yea that makes sense\n>chat \u2606Furganga|fucking trash kid\n>p1 move rapidspin\n>p2 move earthquake\n>p1 switch 3\n>p1 move earthquake\n>p2 move roar\n>p1 move acrobatics\n>p2 switch 5\n>p1 move acrobatics\n>p2 move tailwind\n>p2 switch 6\n>p1 move sleeppowder\n>p2 move rapidspin\n>p1 move sleeppowder\n>p2 move ironhead terastallize\n>p1 move acrobatics\n>p2 move ironhead\n>p1 switch 2\n>p1 move stickyweb\n>p2 move swordsdance\n>p1 move knockoff\n>p2 move rapidspin\n>p1 move uturn\n>p2 move ironhead\n>p1 switch 4\n>p2 switch 2\n>p1 move suckerpunch\n>p2 move hydropump\n>p1 move swordsdance\n>p2 move hydropump\n>chat \u2606Furganga|Dumbass\n>p1 switch 4\n>p1 move stickyweb\n>p2 move darkpulse\n>p1 switch 6\n>p1 move thunderwave\n>p2 move icebeam\n>p1 move spiritbreak\n>p2 move darkpulse\n>p1 switch 5\n>p1 move stoneedge\n>p2 move hydropump", "uploadtime": 1732957339, "views": 3, "formatid": "gen9randombattle", "rating": null, "private": 0, "password": null}