{"id": "gen9randombattle-2253880338", "format": "[Gen 9] Random Battle", "players": ["Kianperry175", "jimmyg91"], "log": "|j|\u2606Kianperry175\n|j|\u2606jimmyg91\n|t:|1732955106\n|gametype|singles\n|player|p1|Kianperry175|265|1293\n|player|p2|jimmyg91|veteran|1322\n|teamsize|p1|6\n|teamsize|p2|6\n|gen|9\n|tier|[Gen 9] Random Battle\n|rated|\n|rule|Species Clause: Limit one of each Pok\u00e9mon\n|rule|HP Percentage Mod: HP is shown in percentages\n|rule|Sleep Clause Mod: Limit one foe put to sleep\n|rule|Illusion Level Mod: Illusion disguises the Pok\u00e9mon's true level\n|\n|t:|1732955106\n|start\n|switch|p1a: Terapagos|Terapagos, L76, F|262/262\n|switch|p2a: Tsareena|Tsareena, L87, F|267/267\n|-activate|p1a: Terapagos|ability: Tera Shift\n|detailschange|p1a: Terapagos|Terapagos-Terastal, L76, F\n|-heal|p1a: Terapagos|269/269|[silent]\n|turn|1\n|inactive|Battle timer is ON: inactive players will automatically lose when time's up. (requested by jimmyg91)\n|inactive|Kianperry175 has 120 seconds left.\n|\n|t:|1732955139\n|switch|p1a: Cramorant|Cramorant, L86, M|261/261\n|move|p2a: Tsareena|Knock Off|p1a: Cramorant\n|-damage|p1a: Cramorant|77/261\n|-enditem|p1a: Cramorant|Heavy-Duty Boots|[from] move: Knock Off|[of] p2a: Tsareena\n|\n|upkeep\n|turn|2\n|\n|t:|1732955153\n|switch|p2a: Wugtrio|Wugtrio, L91, M|212/212\n|move|p1a: Cramorant|Brave Bird|p2a: Wugtrio\n|-damage|p2a: Wugtrio|40/212\n|-ability|p2a: Wugtrio|Gooey\n|-unboost|p1a: Cramorant|spe|1\n|-damage|p1a: Cramorant|20/261|[from] Recoil\n|\n|upkeep\n|turn|3\n|\n|t:|1732955174\n|switch|p1a: Arboliva|Arboliva, L91, M|288/288\n|move|p2a: Wugtrio|Throat Chop|p1a: Arboliva\n|-damage|p1a: Arboliva|189/288\n|-start|p1a: Arboliva|Throat Chop|[silent]\n|\n|upkeep\n|turn|4\n|\n|t:|1732955187\n|switch|p2a: Hypno|Hypno, L95, M|315/315\n|move|p1a: Arboliva|Protect||[still]\n|-fail|p1a: Arboliva\n|\n|-end|p1a: Arboliva|Throat Chop|[silent]\n|upkeep\n|turn|5\n|\n|t:|1732955194\n|move|p1a: Arboliva|Protect|p1a: Arboliva\n|-singleturn|p1a: Arboliva|Protect\n|move|p2a: Hypno|Toxic|p1a: Arboliva\n|-activate|p1a: Arboliva|move: Protect\n|\n|upkeep\n|turn|6\n|\n|t:|1732955216\n|switch|p1a: Cramorant|Cramorant, L86, M|20/261\n|move|p2a: Hypno|Toxic|p1a: Cramorant\n|-status|p1a: Cramorant|tox\n|\n|-damage|p1a: Cramorant|4/261 tox|[from] psn\n|upkeep\n|turn|7\n|\n|t:|1732955224\n|move|p2a: Hypno|Protect|p2a: Hypno\n|-singleturn|p2a: Hypno|Protect\n|move|p1a: Cramorant|Brave Bird|p2a: Hypno\n|-activate|p2a: Hypno|move: Protect\n|\n|-damage|p1a: Cramorant|0 fnt|[from] psn\n|faint|p1a: Cramorant\n|upkeep\n|inactive|Kianperry175 has 120 seconds left.\n|\n|t:|1732955245\n|switch|p1a: Roaring Moon|Roaring Moon, L72|270/270\n|turn|8\n|inactive|Kianperry175 has 120 seconds left.\n|\n|t:|1732955256\n|switch|p2a: Dachsbun|Dachsbun, L92, M|254/254\n|move|p1a: Roaring Moon|Iron Head|p2a: Dachsbun\n|-supereffective|p2a: Dachsbun\n|-crit|p2a: Dachsbun\n|-damage|p2a: Dachsbun|130/254\n|\n|-heal|p2a: Dachsbun|145/254|[from] item: Leftovers\n|upkeep\n|turn|9\n|inactive|Kianperry175 has 120 seconds left.\n|\n|t:|1732955275\n|-end|p1a: Roaring Moon|Protosynthesis|[silent]\n|switch|p1a: Terapagos|Terapagos-Terastal, L76, F|269/269\n|move|p2a: Dachsbun|Play Rough|p1a: Terapagos\n|-activate|p1a: Terapagos|ability: Tera Shell\n|-resisted|p1a: Terapagos\n|-damage|p1a: Terapagos|223/269\n|\n|-heal|p2a: Dachsbun|160/254|[from] item: Leftovers\n|upkeep\n|turn|10\n|\n|t:|1732955297\n|switch|p2a: Wugtrio|Wugtrio, L91, M|40/212\n|move|p1a: Terapagos|Tera Starstorm|p2a: Wugtrio\n|-damage|p2a: Wugtrio|0 fnt\n|faint|p2a: Wugtrio\n|\n|upkeep\n|\n|t:|1732955301\n|switch|p2a: Hypno|Hypno, L95, M|315/315\n|turn|11\n|\n|t:|1732955310\n|move|p2a: Hypno|Toxic|p1a: Terapagos\n|-status|p1a: Terapagos|tox\n|move|p1a: Terapagos|Calm Mind|p1a: Terapagos\n|-boost|p1a: Terapagos|spa|1\n|-boost|p1a: Terapagos|spd|1\n|\n|-damage|p1a: Terapagos|207/269 tox|[from] psn\n|upkeep\n|turn|12\n|inactive|Kianperry175 has 120 seconds left.\n|\n|t:|1732955320\n|move|p2a: Hypno|Psychic Noise|p1a: Terapagos\n|-damage|p1a: Terapagos|155/269 tox\n|-start|p1a: Terapagos|move: Heal Block\n|move|p1a: Terapagos|Calm Mind|p1a: Terapagos\n|-boost|p1a: Terapagos|spa|1\n|-boost|p1a: Terapagos|spd|1\n|\n|-damage|p1a: Terapagos|123/269 tox|[from] psn\n|upkeep\n|turn|13\n|inactive|Kianperry175 has 120 seconds left.\n|\n|t:|1732955330\n|move|p2a: Hypno|Focus Blast|p1a: Terapagos\n|-supereffective|p1a: Terapagos\n|-damage|p1a: Terapagos|41/269 tox\n|move|p1a: Terapagos|Tera Starstorm|p2a: Hypno\n|-damage|p2a: Hypno|167/315\n|\n|-heal|p2a: Hypno|186/315|[from] item: Leftovers\n|-damage|p1a: Terapagos|0 fnt|[from] psn\n|faint|p1a: Terapagos\n|upkeep\n|inactive|Kianperry175 has 120 seconds left.\n|\n|t:|1732955341\n|switch|p1a: Roaring Moon|Roaring Moon, L72|270/270\n|turn|14\n|inactive|Kianperry175 has 120 seconds left.\n|\n|t:|1732955347\n|move|p2a: Hypno|Protect|p2a: Hypno\n|-singleturn|p2a: Hypno|Protect\n|move|p1a: Roaring Moon|Dragon Dance|p1a: Roaring Moon\n|-boost|p1a: Roaring Moon|atk|1\n|-boost|p1a: Roaring Moon|spe|1\n|\n|-heal|p2a: Hypno|205/315|[from] item: Leftovers\n|upkeep\n|turn|15\n|\n|t:|1732955355\n|switch|p2a: Dachsbun|Dachsbun, L92, M|160/254\n|move|p1a: Roaring Moon|Knock Off|p2a: Dachsbun\n|-resisted|p2a: Dachsbun\n|-damage|p2a: Dachsbun|103/254\n|-enditem|p2a: Dachsbun|Leftovers|[from] move: Knock Off|[of] p1a: Roaring Moon\n|\n|upkeep\n|turn|16\n|\n|t:|1732955364\n|move|p1a: Roaring Moon|Iron Head|p2a: Dachsbun\n|-supereffective|p2a: Dachsbun\n|-damage|p2a: Dachsbun|0 fnt\n|faint|p2a: Dachsbun\n|\n|upkeep\n|\n|t:|1732955382\n|switch|p2a: Iron Hands|Iron Hands, L79|373/373\n|turn|17\n|\n|t:|1732955390\n|-end|p1a: Roaring Moon|Protosynthesis|[silent]\n|switch|p1a: Landorus|Landorus, L75, M|257/257\n|move|p2a: Iron Hands|Drain Punch|p1a: Landorus\n|-resisted|p1a: Landorus\n|-damage|p1a: Landorus|209/257\n|\n|upkeep\n|turn|18\n|\n|t:|1732955403\n|-terastallize|p2a: Iron Hands|Electric\n|move|p1a: Landorus|Stealth Rock|p2a: Iron Hands\n|-sidestart|p2: jimmyg91|move: Stealth Rock\n|move|p2a: Iron Hands|Ice Punch|p1a: Landorus\n|-supereffective|p1a: Landorus\n|-crit|p1a: Landorus\n|-damage|p1a: Landorus|0 fnt\n|faint|p1a: Landorus\n|\n|upkeep\n|\n|t:|1732955415\n|switch|p1a: Gallade|Gallade, L81, M|243/243\n|turn|19\n|\n|t:|1732955425\n|-end|p2a: Iron Hands|Quark Drive|[silent]\n|switch|p2a: Hypno|Hypno, L95, M|205/315\n|-damage|p2a: Hypno|166/315|[from] Stealth Rock\n|move|p1a: Gallade|Swords Dance|p1a: Gallade\n|-boost|p1a: Gallade|atk|2\n|\n|-heal|p2a: Hypno|185/315|[from] item: Leftovers\n|upkeep\n|turn|20\n|\n|t:|1732955439\n|move|p2a: Hypno|Toxic|p1a: Gallade\n|-status|p1a: Gallade|tox\n|move|p1a: Gallade|Night Slash|p2a: Hypno\n|-supereffective|p2a: Hypno\n|-damage|p2a: Hypno|0 fnt\n|faint|p2a: Hypno\n|-damage|p1a: Gallade|219/243 tox|[from] item: Life Orb\n|\n|-damage|p1a: Gallade|204/243 tox|[from] psn\n|upkeep\n|\n|t:|1732955456\n|switch|p2a: Tsareena|Tsareena, L87, F|267/267\n|-damage|p2a: Tsareena|234/267|[from] Stealth Rock\n|turn|21\n|\n|t:|1732955463\n|move|p1a: Gallade|Sacred Sword|p2a: Tsareena\n|-damage|p2a: Tsareena|0 fnt\n|faint|p2a: Tsareena\n|-damage|p1a: Gallade|180/243 tox|[from] item: Life Orb\n|\n|-damage|p1a: Gallade|150/243 tox|[from] psn\n|upkeep\n|\n|t:|1732955470\n|switch|p2a: Gallade|Gallade, L81, M|243/243\n|-damage|p2a: Gallade|228/243|[from] Stealth Rock\n|turn|22\n|\n|t:|1732955478\n|-terastallize|p1a: Gallade|Dark\n|move|p2a: Gallade|Psycho Cut|p1a: Gallade\n|-immune|p1a: Gallade\n|move|p1a: Gallade|Night Slash|p2a: Gallade\n|-damage|p2a: Gallade|0 fnt\n|faint|p2a: Gallade\n|-damage|p1a: Gallade|126/243 tox|[from] item: Life Orb\n|\n|-damage|p1a: Gallade|81/243 tox|[from] psn\n|upkeep\n|\n|t:|1732955484\n|switch|p2a: Iron Hands|Iron Hands, L79, tera:Electric|373/373\n|-damage|p2a: Iron Hands|327/373|[from] Stealth Rock\n|turn|23\n|c|\u2606Kianperry175|OHHH THE READD\n|\n|t:|1732955493\n|move|p1a: Gallade|Psycho Cut|p2a: Iron Hands\n|-crit|p2a: Iron Hands\n|-damage|p2a: Iron Hands|0 fnt\n|faint|p2a: Iron Hands\n|-end|p2a: Iron Hands|Quark Drive|[silent]\n|-damage|p1a: Gallade|57/243 tox|[from] item: Life Orb\n|\n|win|Kianperry175\n|raw|Kianperry175's rating: 1293 &rarr; <strong>1320</strong><br />(+27 for winning)\n|raw|jimmyg91's rating: 1322 &rarr; <strong>1300</strong><br />(-22 for losing)\n|l|\u2606jimmyg91\n|player|p2|\n|c|\u2606Kianperry175|Gg\n", "inputlog": ">version b107d77f5c90bd6555267ae244a6264823309ead\n>start {\"formatid\":\"gen9randombattle\",\"seed\":[18842,31971,39020,37314],\"rated\":\"Rated battle\"}\n>player p1 {\"name\":\"Kianperry175\",\"avatar\":\"265\",\"rating\":1293,\"seed\":[29260,44530,12029,64940]}\n>player p2 {\"name\":\"jimmyg91\",\"avatar\":\"veteran\",\"rating\":1322,\"seed\":[19235,43926,52473,36969]}\n>p1 switch 3\n>p2 move knockoff\n>p1 move bravebird\n>p2 switch 3\n>p1 switch 6\n>p2 move throatchop\n>p1 move protect\n>p2 switch 4\n>p1 move protect\n>p2 move toxic\n>p1 switch 6\n>p2 move toxic\n>p1 move bravebird\n>p2 move protect\n>p1 switch 5\n>p1 move ironhead\n>p2 switch 6\n>p1 switch 3\n>p2 move playrough\n>p1 move terastarstorm\n>p2 switch 4\n>p2 switch 6\n>p1 move calmmind\n>p2 move toxic\n>p1 move calmmind\n>p2 move psychicnoise\n>p1 move terastarstorm\n>p2 move focusblast\n>p1 switch 3\n>p1 move dragondance\n>p2 move protect\n>p1 move knockoff\n>p2 switch 4\n>p1 move ironhead\n>p2 move playrough\n>p2 switch 2\n>p1 switch 4\n>p2 move drainpunch\n>p1 move stealthrock\n>p2 move icepunch terastallize\n>p1 switch 2\n>p1 move swordsdance\n>p2 switch 4\n>p1 move nightslash\n>p2 move toxic\n>p2 switch 3\n>p1 move sacredsword\n>p2 move knockoff\n>p2 switch 5\n>p1 move nightslash terastallize\n>p2 move psychocut\n>p2 switch 4\n>chat \u2606Kianperry175|OHHH THE READD\n>p1 move psychocut\n>p2 move drainpunch", "uploadtime": 1732955513, "views": 2, "formatid": "gen9randombattle", "rating": 1300, "private": 0, "password": null}