{"id": "gen9randombattle-2254043091", "format": "[Gen 9] Random Battle", "players": ["JayQuazaaa", "hel_ix_55"], "log": "|j|\u2606JayQuazaaa\n|j|\u2606hel_ix_55\n|t:|1732984052\n|gametype|singles\n|player|p1|JayQuazaaa|oak-gen1rb|\n|player|p2|hel_ix_55|hugh|\n|teamsize|p1|6\n|teamsize|p2|6\n|gen|9\n|tier|[Gen 9] Random Battle\n|rule|Species Clause: Limit one of each Pok\u00e9mon\n|rule|HP Percentage Mod: HP is shown in percentages\n|rule|Sleep Clause Mod: Limit one foe put to sleep\n|rule|Illusion Level Mod: Illusion disguises the Pok\u00e9mon's true level\n|\n|t:|1732984052\n|start\n|switch|p1a: Froslass|Froslass, L87, F|263/263\n|switch|p2a: Electivire|Electivire, L84, M|263/263\n|turn|1\n|\n|t:|1732984099\n|switch|p2a: Houndoom|Houndoom, L87, M|272/272\n|move|p1a: Froslass|Will-O-Wisp|p2a: Houndoom\n|-start|p2a: Houndoom|ability: Flash Fire\n|\n|upkeep\n|turn|2\n|\n|t:|1732984126\n|move|p2a: Houndoom|Sucker Punch|p1a: Froslass\n|-supereffective|p1a: Froslass\n|-damage|p1a: Froslass|89/263\n|move|p1a: Froslass|Poltergeist|p2a: Houndoom\n|-activate|p2a: Houndoom|move: Poltergeist|Heavy-Duty Boots\n|-resisted|p2a: Houndoom\n|-damage|p2a: Houndoom|199/272\n|\n|upkeep\n|turn|3\n|\n|t:|1732984135\n|move|p2a: Houndoom|Sucker Punch||[still]\n|-fail|p2a: Houndoom\n|move|p1a: Froslass|Destiny Bond|p1a: Froslass\n|-singlemove|p1a: Froslass|Destiny Bond\n|\n|upkeep\n|turn|4\n|\n|t:|1732984167\n|move|p1a: Froslass|Poltergeist|p2a: Houndoom\n|-activate|p2a: Houndoom|move: Poltergeist|Heavy-Duty Boots\n|-resisted|p2a: Houndoom\n|-damage|p2a: Houndoom|127/272\n|move|p2a: Houndoom|Sludge Bomb|p1a: Froslass\n|-resisted|p1a: Froslass\n|-damage|p1a: Froslass|49/263\n|-status|p1a: Froslass|psn\n|\n|-damage|p1a: Froslass|17/263 psn|[from] psn\n|upkeep\n|turn|5\n|\n|t:|1732984196\n|move|p2a: Houndoom|Sucker Punch||[still]\n|-fail|p2a: Houndoom\n|move|p1a: Froslass|Destiny Bond|p1a: Froslass\n|-singlemove|p1a: Froslass|Destiny Bond\n|\n|-damage|p1a: Froslass|0 fnt|[from] psn\n|faint|p1a: Froslass\n|upkeep\n|\n|t:|1732984229\n|switch|p1a: Tyranitar|Tyranitar, L79, M|288/288\n|-weather|Sandstorm|[from] ability: Sand Stream|[of] p1a: Tyranitar\n|turn|6\n|\n|t:|1732984249\n|move|p2a: Houndoom|Sludge Bomb|p1a: Tyranitar\n|-resisted|p1a: Tyranitar\n|-damage|p1a: Tyranitar|263/288\n|move|p1a: Tyranitar|Dragon Dance|p1a: Tyranitar\n|-boost|p1a: Tyranitar|atk|1\n|-boost|p1a: Tyranitar|spe|1\n|\n|-weather|Sandstorm|[upkeep]\n|-damage|p2a: Houndoom|110/272|[from] Sandstorm\n|-heal|p1a: Tyranitar|281/288|[from] item: Leftovers\n|upkeep\n|turn|7\n|\n|t:|1732984265\n|-end|p2a: Houndoom|ability: Flash Fire|[silent]\n|switch|p2a: Zacian|Zacian, L69|241/241\n|-ability|p2a: Zacian|Intrepid Sword|boost\n|-boost|p2a: Zacian|atk|1\n|move|p1a: Tyranitar|Dragon Dance|p1a: Tyranitar\n|-boost|p1a: Tyranitar|atk|1\n|-boost|p1a: Tyranitar|spe|1\n|\n|-weather|Sandstorm|[upkeep]\n|-damage|p2a: Zacian|226/241|[from] Sandstorm\n|-heal|p1a: Tyranitar|288/288|[from] item: Leftovers\n|upkeep\n|turn|8\n|\n|t:|1732984276\n|-terastallize|p1a: Tyranitar|Ghost\n|move|p1a: Tyranitar|Earthquake|p2a: Zacian\n|-damage|p2a: Zacian|68/241\n|move|p2a: Zacian|Close Combat|p1a: Tyranitar\n|-immune|p1a: Tyranitar\n|\n|-weather|Sandstorm|[upkeep]\n|-damage|p1a: Tyranitar|270/288|[from] Sandstorm\n|-damage|p2a: Zacian|53/241|[from] Sandstorm\n|-heal|p1a: Tyranitar|288/288|[from] item: Leftovers\n|upkeep\n|turn|9\n|\n|t:|1732984297\n|switch|p2a: Greninja|Greninja, L80, M|246/246\n|move|p1a: Tyranitar|Earthquake|p2a: Greninja\n|-damage|p2a: Greninja|26/246\n|\n|-weather|Sandstorm|[upkeep]\n|-damage|p1a: Tyranitar|270/288|[from] Sandstorm\n|-damage|p2a: Greninja|11/246|[from] Sandstorm\n|-heal|p1a: Tyranitar|288/288|[from] item: Leftovers\n|upkeep\n|turn|10\n|\n|t:|1732984307\n|move|p1a: Tyranitar|Earthquake|p2a: Greninja\n|-damage|p2a: Greninja|0 fnt\n|faint|p2a: Greninja\n|\n|-weather|none\n|upkeep\n|\n|t:|1732984311\n|switch|p2a: Flapple|Flapple, L88, F|266/266\n|turn|11\n|\n|t:|1732984319\n|move|p2a: Flapple|Sucker Punch|p1a: Tyranitar|[miss]\n|-miss|p2a: Flapple|p1a: Tyranitar\n|move|p1a: Tyranitar|Knock Off|p2a: Flapple\n|-damage|p2a: Flapple|8/266\n|-enditem|p2a: Flapple|Choice Band|[from] move: Knock Off|[of] p1a: Tyranitar\n|\n|upkeep\n|turn|12\n|\n|t:|1732984326\n|move|p2a: Flapple|Sucker Punch||[still]\n|-fail|p2a: Flapple\n|move|p1a: Tyranitar|Dragon Dance|p1a: Tyranitar\n|-boost|p1a: Tyranitar|atk|1\n|-boost|p1a: Tyranitar|spe|1\n|\n|upkeep\n|turn|13\n|\n|t:|1732984331\n|move|p2a: Flapple|Sucker Punch||[still]\n|-fail|p2a: Flapple\n|move|p1a: Tyranitar|Dragon Dance|p1a: Tyranitar\n|-boost|p1a: Tyranitar|atk|1\n|-boost|p1a: Tyranitar|spe|1\n|\n|upkeep\n|turn|14\n|\n|t:|1732984341\n|move|p2a: Flapple|Sucker Punch||[still]\n|-fail|p2a: Flapple\n|move|p1a: Tyranitar|Dragon Dance|p1a: Tyranitar\n|-boost|p1a: Tyranitar|atk|1\n|-boost|p1a: Tyranitar|spe|1\n|\n|upkeep\n|turn|15\n|\n|t:|1732984347\n|move|p2a: Flapple|Sucker Punch|p1a: Tyranitar|[miss]\n|-miss|p2a: Flapple|p1a: Tyranitar\n|move|p1a: Tyranitar|Knock Off|p2a: Flapple\n|-damage|p2a: Flapple|0 fnt\n|faint|p2a: Flapple\n|\n|upkeep\n|\n|t:|1732984353\n|switch|p2a: Cinderace|Cinderace, L77, M|249/249\n|turn|16\n|\n|t:|1732984359\n|move|p1a: Tyranitar|Earthquake|p2a: Cinderace\n|-supereffective|p2a: Cinderace\n|-damage|p2a: Cinderace|0 fnt\n|faint|p2a: Cinderace\n|\n|upkeep\n|\n|t:|1732984366\n|switch|p2a: Zacian|Zacian, L69|53/241\n|turn|17\n|\n|t:|1732984371\n|move|p1a: Tyranitar|Earthquake|p2a: Zacian\n|-damage|p2a: Zacian|0 fnt\n|faint|p2a: Zacian\n|\n|upkeep\n|-message|hel_ix_55 forfeited.\n|\n|win|JayQuazaaa\n|l|\u2606hel_ix_55\n|player|p2|\n", "inputlog": ">version b107d77f5c90bd6555267ae244a6264823309ead\n>start {\"formatid\":\"gen9randombattle\",\"seed\":[13128,8524,33845,25849]}\n>player p1 {\"name\":\"JayQuazaaa\",\"avatar\":\"oak-gen1rb\",\"rating\":0,\"seed\":[57704,59951,15227,16504]}\n>player p2 {\"name\":\"hel_ix_55\",\"avatar\":\"hugh\",\"rating\":0,\"seed\":[7346,643,15246,35833]}\n>p1 move willowisp\n>p2 switch 3\n>p1 move poltergeist\n>p2 move suckerpunch\n>p1 move destinybond\n>p2 move suckerpunch\n>p1 move poltergeist\n>p2 move sludgebomb\n>p1 move destinybond\n>p2 move suckerpunch\n>p1 switch 3\n>p1 move dragondance\n>p2 move sludgebomb\n>p1 move dragondance\n>p2 switch 5\n>p1 move earthquake terastallize\n>p2 move closecombat\n>p1 move earthquake\n>p2 switch 6\n>p1 move earthquake\n>p2 move darkpulse\n>p2 switch 4\n>p1 move knockoff\n>p2 move suckerpunch\n>p1 move dragondance\n>p2 move suckerpunch\n>p1 move dragondance\n>p2 move suckerpunch\n>p1 move dragondance\n>p2 move suckerpunch\n>p1 move knockoff\n>p2 move suckerpunch\n>p2 switch 2\n>p1 move earthquake\n>p2 move pyroball\n>p2 switch 6\n>p1 move earthquake\n>p2 move playrough\n>forcelose p2", "uploadtime": 1732984390, "views": 15, "formatid": "gen9randombattle", "rating": null, "private": 0, "password": null}