{"id": "gen9randombattle-2254090142", "format": "[Gen 9] Random Battle", "players": ["dzkop", "Alex Silverwood"], "log": "|j|\u2606dzkop\n|j|\u2606Alex Silverwood\n|t:|1732990033\n|gametype|singles\n|player|p1|dzkop|1|1497\n|player|p2|Alex Silverwood|clerkf|1504\n|teamsize|p1|6\n|teamsize|p2|6\n|gen|9\n|tier|[Gen 9] Random Battle\n|rated|\n|rule|Species Clause: Limit one of each Pok\u00e9mon\n|rule|HP Percentage Mod: HP is shown in percentages\n|rule|Sleep Clause Mod: Limit one foe put to sleep\n|rule|Illusion Level Mod: Illusion disguises the Pok\u00e9mon's true level\n|\n|t:|1732990033\n|start\n|switch|p1a: Goodra|Goodra, L85, F|292/292\n|switch|p2a: Oricorio|Oricorio, L84, F|263/263\n|turn|1\n|\n|t:|1732990040\n|move|p2a: Oricorio|Quiver Dance|p2a: Oricorio\n|-boost|p2a: Oricorio|spa|1\n|-boost|p2a: Oricorio|spd|1\n|-boost|p2a: Oricorio|spe|1\n|move|p1a: Goodra|Draco Meteor|p2a: Oricorio\n|-damage|p2a: Oricorio|142/263\n|-unboost|p1a: Goodra|spa|2\n|\n|upkeep\n|turn|2\n|inactive|Battle timer is ON: inactive players will automatically lose when time's up. (requested by Alex Silverwood)\n|\n|t:|1732990046\n|switch|p1a: Blissey|Blissey, L84, F|566/566\n|move|p2a: Oricorio|Quiver Dance|p2a: Oricorio\n|-boost|p2a: Oricorio|spa|1\n|-boost|p2a: Oricorio|spd|1\n|-boost|p2a: Oricorio|spe|1\n|\n|upkeep\n|turn|3\n|\n|t:|1732990050\n|move|p2a: Oricorio|Roost|p2a: Oricorio\n|-heal|p2a: Oricorio|263/263\n|-singleturn|p2a: Oricorio|move: Roost\n|move|p1a: Blissey|Thunder Wave|p2a: Oricorio\n|-status|p2a: Oricorio|par\n|\n|upkeep\n|turn|4\n|\n|t:|1732990056\n|cant|p2a: Oricorio|par\n|move|p1a: Blissey|Seismic Toss|p2a: Oricorio\n|-damage|p2a: Oricorio|179/263 par\n|\n|upkeep\n|turn|5\n|\n|t:|1732990062\n|move|p2a: Oricorio|Quiver Dance|p2a: Oricorio\n|-boost|p2a: Oricorio|spa|1\n|-boost|p2a: Oricorio|spd|1\n|-boost|p2a: Oricorio|spe|1\n|move|p1a: Blissey|Seismic Toss|p2a: Oricorio\n|-damage|p2a: Oricorio|95/263 par\n|\n|upkeep\n|turn|6\n|\n|t:|1732990065\n|move|p2a: Oricorio|Roost|p2a: Oricorio\n|-heal|p2a: Oricorio|227/263 par\n|-singleturn|p2a: Oricorio|move: Roost\n|move|p1a: Blissey|Seismic Toss|p2a: Oricorio\n|-damage|p2a: Oricorio|143/263 par\n|\n|upkeep\n|turn|7\n|\n|t:|1732990070\n|cant|p2a: Oricorio|par\n|move|p1a: Blissey|Seismic Toss|p2a: Oricorio\n|-damage|p2a: Oricorio|59/263 par\n|\n|upkeep\n|turn|8\n|\n|t:|1732990072\n|move|p2a: Oricorio|Roost|p2a: Oricorio\n|-heal|p2a: Oricorio|191/263 par\n|-singleturn|p2a: Oricorio|move: Roost\n|move|p1a: Blissey|Seismic Toss|p2a: Oricorio\n|-damage|p2a: Oricorio|107/263 par\n|\n|upkeep\n|turn|9\n|\n|t:|1732990075\n|move|p2a: Oricorio|Roost|p2a: Oricorio\n|-heal|p2a: Oricorio|239/263 par\n|-singleturn|p2a: Oricorio|move: Roost\n|move|p1a: Blissey|Seismic Toss|p2a: Oricorio\n|-damage|p2a: Oricorio|155/263 par\n|\n|upkeep\n|turn|10\n|\n|t:|1732990077\n|move|p2a: Oricorio|Hurricane|p1a: Blissey\n|-damage|p1a: Blissey|341/566\n|move|p1a: Blissey|Seismic Toss|p2a: Oricorio\n|-damage|p2a: Oricorio|71/263 par\n|\n|-heal|p1a: Blissey|376/566|[from] item: Leftovers\n|upkeep\n|turn|11\n|\n|t:|1732990082\n|move|p2a: Oricorio|Roost|p2a: Oricorio\n|-heal|p2a: Oricorio|203/263 par\n|-singleturn|p2a: Oricorio|move: Roost\n|move|p1a: Blissey|Soft-Boiled|p1a: Blissey\n|-heal|p1a: Blissey|566/566\n|\n|upkeep\n|turn|12\n|\n|t:|1732990085\n|move|p2a: Oricorio|Hurricane|p1a: Blissey\n|-damage|p1a: Blissey|353/566\n|-start|p1a: Blissey|confusion\n|-activate|p1a: Blissey|confusion\n|move|p1a: Blissey|Seismic Toss|p2a: Oricorio\n|-damage|p2a: Oricorio|119/263 par\n|\n|-heal|p1a: Blissey|388/566|[from] item: Leftovers\n|upkeep\n|turn|13\n|\n|t:|1732990091\n|cant|p2a: Oricorio|par\n|-activate|p1a: Blissey|confusion\n|move|p1a: Blissey|Seismic Toss|p2a: Oricorio\n|-damage|p2a: Oricorio|35/263 par\n|\n|-heal|p1a: Blissey|423/566|[from] item: Leftovers\n|upkeep\n|turn|14\n|\n|t:|1732990094\n|move|p2a: Oricorio|Roost|p2a: Oricorio\n|-heal|p2a: Oricorio|167/263 par\n|-singleturn|p2a: Oricorio|move: Roost\n|-end|p1a: Blissey|confusion\n|move|p1a: Blissey|Seismic Toss|p2a: Oricorio\n|-damage|p2a: Oricorio|83/263 par\n|\n|-heal|p1a: Blissey|458/566|[from] item: Leftovers\n|upkeep\n|turn|15\n|\n|t:|1732990097\n|move|p2a: Oricorio|Roost|p2a: Oricorio\n|-heal|p2a: Oricorio|215/263 par\n|-singleturn|p2a: Oricorio|move: Roost\n|move|p1a: Blissey|Seismic Toss|p2a: Oricorio\n|-damage|p2a: Oricorio|131/263 par\n|\n|-heal|p1a: Blissey|493/566|[from] item: Leftovers\n|upkeep\n|turn|16\n|\n|t:|1732990100\n|move|p2a: Oricorio|Hurricane|p1a: Blissey\n|-damage|p1a: Blissey|298/566\n|-start|p1a: Blissey|confusion\n|-activate|p1a: Blissey|confusion\n|-damage|p1a: Blissey|288/566|[from] confusion\n|\n|-heal|p1a: Blissey|323/566|[from] item: Leftovers\n|upkeep\n|turn|17\n|\n|t:|1732990108\n|move|p2a: Oricorio|Hurricane|p1a: Blissey|[miss]\n|-miss|p2a: Oricorio|p1a: Blissey\n|-end|p1a: Blissey|confusion\n|move|p1a: Blissey|Soft-Boiled|p1a: Blissey\n|-heal|p1a: Blissey|566/566\n|\n|upkeep\n|turn|18\n|\n|t:|1732990111\n|cant|p2a: Oricorio|par\n|move|p1a: Blissey|Seismic Toss|p2a: Oricorio\n|-damage|p2a: Oricorio|47/263 par\n|\n|upkeep\n|turn|19\n|\n|t:|1732990112\n|move|p2a: Oricorio|Roost|p2a: Oricorio\n|-heal|p2a: Oricorio|179/263 par\n|-singleturn|p2a: Oricorio|move: Roost\n|move|p1a: Blissey|Seismic Toss|p2a: Oricorio\n|-damage|p2a: Oricorio|95/263 par\n|\n|upkeep\n|turn|20\n|\n|t:|1732990115\n|move|p2a: Oricorio|Revelation Dance|p1a: Blissey\n|-damage|p1a: Blissey|386/566\n|move|p1a: Blissey|Seismic Toss|p2a: Oricorio\n|-damage|p2a: Oricorio|11/263 par\n|\n|-heal|p1a: Blissey|421/566|[from] item: Leftovers\n|upkeep\n|turn|21\n|\n|t:|1732990120\n|move|p2a: Oricorio|Hurricane|p1a: Blissey\n|-damage|p1a: Blissey|204/566\n|move|p1a: Blissey|Soft-Boiled|p1a: Blissey\n|-heal|p1a: Blissey|487/566\n|\n|-heal|p1a: Blissey|522/566|[from] item: Leftovers\n|upkeep\n|turn|22\n|\n|t:|1732990125\n|move|p2a: Oricorio|Hurricane|p1a: Blissey\n|-damage|p1a: Blissey|300/566\n|move|p1a: Blissey|Seismic Toss|p2a: Oricorio\n|-damage|p2a: Oricorio|0 fnt\n|faint|p2a: Oricorio\n|\n|-heal|p1a: Blissey|335/566|[from] item: Leftovers\n|upkeep\n|\n|t:|1732990134\n|switch|p2a: Sinistcha|Sinistcha, L83|254/254\n|turn|23\n|\n|t:|1732990137\n|move|p2a: Sinistcha|Calm Mind|p2a: Sinistcha\n|-boost|p2a: Sinistcha|spa|1\n|-boost|p2a: Sinistcha|spd|1\n|move|p1a: Blissey|Thunder Wave|p2a: Sinistcha\n|-status|p2a: Sinistcha|par\n|\n|-heal|p1a: Blissey|370/566|[from] item: Leftovers\n|upkeep\n|turn|24\n|\n|t:|1732990140\n|switch|p1a: Cacturne|Cacturne, L92, F|278/278\n|move|p2a: Sinistcha|Calm Mind|p2a: Sinistcha\n|-boost|p2a: Sinistcha|spa|1\n|-boost|p2a: Sinistcha|spd|1\n|\n|upkeep\n|turn|25\n|\n|t:|1732990152\n|switch|p2a: Corviknight|Corviknight, L80, M|288/288\n|-ability|p2a: Corviknight|Pressure\n|move|p1a: Cacturne|Swords Dance|p1a: Cacturne\n|-boost|p1a: Cacturne|atk|2\n|\n|upkeep\n|turn|26\n|\n|t:|1732990159\n|move|p1a: Cacturne|Drain Punch|p2a: Corviknight\n|-damage|p2a: Corviknight|128/288\n|-damage|p1a: Cacturne|251/278|[from] item: Life Orb\n|move|p2a: Corviknight|Brave Bird|p1a: Cacturne\n|-supereffective|p1a: Cacturne\n|-damage|p1a: Cacturne|3/278\n|-damage|p2a: Corviknight|46/288|[from] Recoil\n|\n|-heal|p2a: Corviknight|64/288|[from] item: Leftovers\n|upkeep\n|turn|27\n|\n|t:|1732990181\n|switch|p2a: Grumpig|Grumpig, L92, M|297/297\n|move|p1a: Cacturne|Drain Punch|p2a: Grumpig\n|-resisted|p2a: Grumpig\n|-damage|p2a: Grumpig|194/297\n|-heal|p1a: Cacturne|55/278|[from] drain|[of] p2a: Grumpig\n|-damage|p1a: Cacturne|28/278|[from] item: Life Orb\n|\n|-heal|p2a: Grumpig|212/297|[from] item: Leftovers\n|upkeep\n|turn|28\n|\n|t:|1732990187\n|move|p2a: Grumpig|Dazzling Gleam|p1a: Cacturne\n|-supereffective|p1a: Cacturne\n|-damage|p1a: Cacturne|0 fnt\n|faint|p1a: Cacturne\n|\n|-heal|p2a: Grumpig|230/297|[from] item: Leftovers\n|upkeep\n|\n|t:|1732990197\n|switch|p1a: Blissey|Blissey, L84, F|370/566\n|turn|29\n|\n|t:|1732990202\n|switch|p2a: Sinistcha|Sinistcha, L83|254/254 par\n|move|p1a: Blissey|Thunder Wave|p2a: Sinistcha\n|-fail|p2a: Sinistcha|par\n|\n|-heal|p1a: Blissey|405/566|[from] item: Leftovers\n|upkeep\n|turn|30\n|\n|t:|1732990210\n|switch|p1a: Eternatus|Eternatus, L69|308/308\n|-ability|p1a: Eternatus|Pressure\n|move|p2a: Sinistcha|Calm Mind|p2a: Sinistcha\n|-boost|p2a: Sinistcha|spa|1\n|-boost|p2a: Sinistcha|spd|1\n|\n|upkeep\n|turn|31\n|\n|t:|1732990217\n|-terastallize|p2a: Sinistcha|Steel\n|move|p1a: Eternatus|Meteor Beam||[still]\n|-prepare|p1a: Eternatus|Meteor Beam\n|-boost|p1a: Eternatus|spa|1\n|-enditem|p1a: Eternatus|Power Herb\n|-anim|p1a: Eternatus|Meteor Beam|p2a: Sinistcha\n|-resisted|p2a: Sinistcha\n|-damage|p2a: Sinistcha|209/254 par\n|move|p2a: Sinistcha|Calm Mind|p2a: Sinistcha\n|-boost|p2a: Sinistcha|spa|1\n|-boost|p2a: Sinistcha|spd|1\n|\n|-heal|p2a: Sinistcha|224/254 par|[from] item: Leftovers\n|upkeep\n|turn|32\n|\n|t:|1732990226\n|move|p1a: Eternatus|Fire Blast|p2a: Sinistcha\n|-supereffective|p2a: Sinistcha\n|-damage|p2a: Sinistcha|162/254 par\n|move|p2a: Sinistcha|Calm Mind|p2a: Sinistcha\n|-boost|p2a: Sinistcha|spa|1\n|-boost|p2a: Sinistcha|spd|1\n|\n|-heal|p2a: Sinistcha|177/254 par|[from] item: Leftovers\n|upkeep\n|turn|33\n|\n|t:|1732990232\n|move|p1a: Eternatus|Fire Blast|p2a: Sinistcha|[miss]\n|-miss|p1a: Eternatus|p2a: Sinistcha\n|move|p2a: Sinistcha|Calm Mind|p2a: Sinistcha\n|-boost|p2a: Sinistcha|spa|1\n|-boost|p2a: Sinistcha|spd|1\n|\n|-heal|p2a: Sinistcha|192/254 par|[from] item: Leftovers\n|upkeep\n|turn|34\n|\n|t:|1732990242\n|switch|p1a: Blissey|Blissey, L84, F|405/566\n|cant|p2a: Sinistcha|par\n|\n|-heal|p1a: Blissey|440/566|[from] item: Leftovers\n|-heal|p2a: Sinistcha|207/254 par|[from] item: Leftovers\n|upkeep\n|turn|35\n|\n|t:|1732990246\n|move|p1a: Blissey|Seismic Toss|p2a: Sinistcha\n|-damage|p2a: Sinistcha|123/254 par\n|move|p2a: Sinistcha|Matcha Gotcha|p1a: Blissey\n|-damage|p1a: Blissey|224/566\n|-heal|p2a: Sinistcha|231/254 par|[from] drain|[of] p1a: Blissey\n|\n|-heal|p1a: Blissey|259/566|[from] item: Leftovers\n|-heal|p2a: Sinistcha|246/254 par|[from] item: Leftovers\n|upkeep\n|turn|36\n|\n|t:|1732990255\n|move|p1a: Blissey|Soft-Boiled|p1a: Blissey\n|-heal|p1a: Blissey|542/566\n|cant|p2a: Sinistcha|par\n|\n|-heal|p1a: Blissey|566/566|[from] item: Leftovers\n|-heal|p2a: Sinistcha|254/254 par|[from] item: Leftovers\n|upkeep\n|turn|37\n|\n|t:|1732990259\n|switch|p1a: Goodra|Goodra, L85, F|292/292\n|move|p2a: Sinistcha|Calm Mind|p2a: Sinistcha\n|-boost|p2a: Sinistcha|spa|1\n|-boost|p2a: Sinistcha|spd|1\n|\n|upkeep\n|turn|38\n|\n|t:|1732990262\n|move|p1a: Goodra|Knock Off|p2a: Sinistcha\n|-crit|p2a: Sinistcha\n|-damage|p2a: Sinistcha|151/254 par\n|-enditem|p2a: Sinistcha|Leftovers|[from] move: Knock Off|[of] p1a: Goodra\n|cant|p2a: Sinistcha|par\n|\n|upkeep\n|turn|39\n|\n|t:|1732990271\n|move|p1a: Goodra|Knock Off|p2a: Sinistcha\n|-damage|p2a: Sinistcha|110/254 par\n|move|p2a: Sinistcha|Strength Sap|p1a: Goodra\n|-ability|p1a: Goodra|Sap Sipper|boost\n|-boost|p1a: Goodra|atk|1\n|\n|upkeep\n|turn|40\n|\n|t:|1732990277\n|move|p1a: Goodra|Knock Off|p2a: Sinistcha\n|-damage|p2a: Sinistcha|45/254 par\n|move|p2a: Sinistcha|Shadow Ball|p1a: Goodra\n|-damage|p1a: Goodra|135/292\n|-unboost|p1a: Goodra|spd|1\n|\n|upkeep\n|turn|41\n|\n|t:|1732990304\n|move|p1a: Goodra|Knock Off|p2a: Sinistcha\n|-crit|p2a: Sinistcha\n|-damage|p2a: Sinistcha|0 fnt\n|faint|p2a: Sinistcha\n|\n|upkeep\n|inactive|Alex Silverwood has 120 seconds left.\n|c|\u2606Alex Silverwood|What a bullshit bro, your whole ass team is a counter\n|\n|t:|1732990337\n|switch|p2a: Corviknight|Corviknight, L80, M|64/288\n|-ability|p2a: Corviknight|Pressure\n|turn|42\n|\n|t:|1732990342\n|move|p1a: Goodra|Knock Off|p2a: Corviknight\n|-damage|p2a: Corviknight|0 fnt\n|-enditem|p2a: Corviknight|Leftovers|[from] move: Knock Off|[of] p1a: Goodra\n|faint|p2a: Corviknight\n|\n|upkeep\n|\n|t:|1732990349\n|switch|p2a: Grumpig|Grumpig, L92, M|230/297\n|turn|43\n|\n|t:|1732990352\n|move|p2a: Grumpig|Nasty Plot|p2a: Grumpig\n|-boost|p2a: Grumpig|spa|2\n|move|p1a: Goodra|Knock Off|p2a: Grumpig\n|-supereffective|p2a: Grumpig\n|-damage|p2a: Grumpig|2/297\n|-enditem|p2a: Grumpig|Leftovers|[from] move: Knock Off|[of] p1a: Goodra\n|\n|upkeep\n|turn|44\n|\n|t:|1732990355\n|move|p2a: Grumpig|Dazzling Gleam|p1a: Goodra\n|-supereffective|p1a: Goodra\n|-damage|p1a: Goodra|0 fnt\n|faint|p1a: Goodra\n|\n|upkeep\n|\n|t:|1732990363\n|switch|p1a: Blissey|Blissey, L84, F|566/566\n|turn|45\n|\n|t:|1732990367\n|move|p2a: Grumpig|Psychic|p1a: Blissey\n|-damage|p1a: Blissey|418/566\n|move|p1a: Blissey|Seismic Toss|p2a: Grumpig\n|-damage|p2a: Grumpig|0 fnt\n|faint|p2a: Grumpig\n|\n|-heal|p1a: Blissey|453/566|[from] item: Leftovers\n|upkeep\n|\n|t:|1732990374\n|switch|p2a: Bastiodon|Bastiodon, L89, F|252/252\n|turn|46\n|\n|t:|1732990380\n|move|p1a: Blissey|Seismic Toss|p2a: Bastiodon\n|-damage|p2a: Bastiodon|168/252\n|move|p2a: Bastiodon|Iron Defense|p2a: Bastiodon\n|-boost|p2a: Bastiodon|def|2\n|\n|-heal|p1a: Blissey|488/566|[from] item: Leftovers\n|upkeep\n|turn|47\n|\n|t:|1732990384\n|move|p1a: Blissey|Seismic Toss|p2a: Bastiodon\n|-damage|p2a: Bastiodon|84/252\n|move|p2a: Bastiodon|Body Press|p1a: Blissey\n|-supereffective|p1a: Blissey\n|-damage|p1a: Blissey|0 fnt\n|faint|p1a: Blissey\n|\n|upkeep\n|\n|t:|1732990395\n|switch|p1a: Pecharunt|Pecharunt, L77|262/262\n|turn|48\n|\n|t:|1732990400\n|move|p1a: Pecharunt|Shadow Ball|p2a: Bastiodon\n|-damage|p2a: Bastiodon|36/252\n|-unboost|p2a: Bastiodon|spd|1\n|move|p2a: Bastiodon|Rest|p2a: Bastiodon\n|-status|p2a: Bastiodon|slp|[from] move: Rest\n|-heal|p2a: Bastiodon|252/252 slp|[silent]\n|-enditem|p2a: Bastiodon|Chesto Berry|[eat]\n|-curestatus|p2a: Bastiodon|slp|[msg]\n|\n|upkeep\n|turn|49\n|\n|t:|1732990405\n|move|p1a: Pecharunt|Shadow Ball|p2a: Bastiodon\n|-damage|p2a: Bastiodon|189/252\n|-unboost|p2a: Bastiodon|spd|1\n|move|p2a: Bastiodon|Foul Play|p1a: Pecharunt\n|-supereffective|p1a: Pecharunt\n|-damage|p1a: Pecharunt|192/262\n|-damage|p2a: Bastiodon|147/252|[from] item: Rocky Helmet|[of] p1a: Pecharunt\n|\n|upkeep\n|turn|50\n|c|\u2606Alex Silverwood|Bro\n|\n|t:|1732990427\n|move|p1a: Pecharunt|Shadow Ball|p2a: Bastiodon\n|-damage|p2a: Bastiodon|56/252\n|move|p2a: Bastiodon|Foul Play|p1a: Pecharunt\n|-supereffective|p1a: Pecharunt\n|-damage|p1a: Pecharunt|130/262\n|-damage|p2a: Bastiodon|14/252|[from] item: Rocky Helmet|[of] p1a: Pecharunt\n|\n|upkeep\n|turn|51\n|\n|t:|1732990432\n|move|p1a: Pecharunt|Shadow Ball|p2a: Bastiodon\n|-damage|p2a: Bastiodon|0 fnt\n|faint|p2a: Bastiodon\n|\n|upkeep\n|\n|t:|1732990435\n|switch|p2a: Flapple|Flapple, L88, M|266/266\n|turn|52\n|\n|t:|1732990441\n|move|p1a: Pecharunt|Malignant Chain|p2a: Flapple\n|-supereffective|p2a: Flapple\n|-damage|p2a: Flapple|54/266\n|move|p2a: Flapple|Dragon Dance|p2a: Flapple\n|-boost|p2a: Flapple|atk|1\n|-boost|p2a: Flapple|spe|1\n|\n|upkeep\n|turn|53\n|\n|t:|1732990444\n|move|p2a: Flapple|Outrage|p1a: Pecharunt\n|-damage|p1a: Pecharunt|0 fnt\n|-damage|p2a: Flapple|10/266|[from] item: Rocky Helmet|[of] p1a: Pecharunt\n|faint|p1a: Pecharunt\n|\n|upkeep\n|\n|t:|1732990448\n|switch|p1a: Eternatus|Eternatus, L69|308/308\n|-ability|p1a: Eternatus|Pressure\n|turn|54\n|\n|t:|1732990452\n|-terastallize|p1a: Eternatus|Poison\n|move|p2a: Flapple|Outrage|p1a: Eternatus|[from]lockedmove|[miss]\n|-miss|p2a: Flapple|p1a: Eternatus\n|move|p1a: Eternatus|Dynamax Cannon|p2a: Flapple\n|-supereffective|p2a: Flapple\n|-damage|p2a: Flapple|0 fnt\n|faint|p2a: Flapple\n|\n|win|dzkop\n", "inputlog": ">version b107d77f5c90bd6555267ae244a6264823309ead\n>start {\"formatid\":\"gen9randombattle\",\"seed\":[54102,37298,52816,44803],\"rated\":\"Rated battle\"}\n>player p1 {\"name\":\"dzkop\",\"avatar\":\"1\",\"rating\":1497,\"seed\":[11149,23039,37071,49646]}\n>player p2 {\"name\":\"Alex Silverwood\",\"avatar\":\"clerkf\",\"rating\":1504,\"seed\":[2029,64742,22561,3505]}\n>p1 move dracometeor\n>p2 move quiverdance\n>p1 switch 4\n>p2 move quiverdance\n>p1 move thunderwave\n>p2 move roost\n>p1 move seismictoss\n>p2 move quiverdance\n>p1 move seismictoss\n>p2 move quiverdance\n>p1 move seismictoss\n>p2 move roost\n>p1 move seismictoss\n>p2 move hurricane\n>p1 move seismictoss\n>p2 move roost\n>p1 move seismictoss\n>p2 move roost\n>p1 move seismictoss\n>p2 move hurricane\n>p1 move softboiled\n>p2 move roost\n>p1 move seismictoss\n>p2 move hurricane\n>p1 move seismictoss\n>p2 move hurricane\n>p1 move seismictoss\n>p2 move roost\n>p1 move seismictoss\n>p2 move roost\n>p1 move seismictoss\n>p2 move hurricane\n>p1 move softboiled\n>p2 move hurricane\n>p1 move seismictoss\n>p2 move hurricane\n>p1 move seismictoss\n>p2 move roost\n>p1 move seismictoss\n>p2 move revelationdance\n>p1 move softboiled\n>p2 move hurricane\n>p1 move seismictoss\n>p2 move hurricane\n>p2 switch 3\n>p1 move thunderwave\n>p2 move calmmind\n>p1 switch 3\n>p2 move calmmind\n>p1 move swordsdance\n>p2 switch 4\n>p1 move drainpunch\n>p2 move bravebird\n>p1 move drainpunch\n>p2 switch 5\n>p1 move seedbomb\n>p2 move dazzlinggleam\n>p1 switch 3\n>p1 move thunderwave\n>p2 switch 4\n>p1 switch 2\n>p2 move calmmind\n>p1 move meteorbeam\n>p2 move calmmind terastallize\n>p1 move fireblast\n>p2 move calmmind\n>p1 move fireblast\n>p2 move calmmind\n>p1 switch 2\n>p2 move calmmind\n>p1 move seismictoss\n>p2 move matchagotcha\n>p1 move softboiled\n>p2 move matchagotcha\n>p1 switch 4\n>p2 move calmmind\n>p1 move knockoff\n>p2 move calmmind\n>p1 move knockoff\n>p2 move strengthsap\n>p1 move knockoff\n>p2 move shadowball\n>p1 move knockoff\n>p2 move shadowball\n>chat \u2606Alex Silverwood|What a bullshit bro, your whole ass team is a counter\n>p2 switch 5\n>p1 move knockoff\n>p2 move roost\n>p2 switch 4\n>p1 move knockoff\n>p2 move nastyplot\n>p1 move knockoff\n>p2 move dazzlinggleam\n>p1 switch 4\n>p1 move seismictoss\n>p2 move psychic\n>p2 switch 2\n>p1 move seismictoss\n>p2 move irondefense\n>p1 move seismictoss\n>p2 move bodypress\n>p1 switch 5\n>p1 move shadowball\n>p2 move rest\n>p1 move shadowball\n>p2 move foulplay\n>chat \u2606Alex Silverwood|Bro\n>p1 move shadowball\n>p2 move foulplay\n>p1 move shadowball\n>p2 move foulplay\n>p2 switch 6\n>p1 move malignantchain\n>p2 move dragondance\n>p1 move malignantchain\n>p2 move outrage\n>p1 switch 2\n>p1 move dynamaxcannon terastallize\n>p2 move outrage", "uploadtime": 1732990330, "views": 1, "formatid": "gen9randombattle", "rating": null, "private": 0, "password": null}