{"id": "gen9randombattle-2254101135", "format": "[Gen 9] Random Battle", "players": ["Bruce_Pottr", "Jags14"], "log": "|j|\u2606Bruce_Pottr\n|j|\u2606Jags14\n|t:|1732991382\n|gametype|singles\n|player|p1|Bruce_Pottr|cheryl|1630\n|player|p2|Jags14|blue|1673\n|teamsize|p1|6\n|teamsize|p2|6\n|gen|9\n|tier|[Gen 9] Random Battle\n|rated|\n|rule|Species Clause: Limit one of each Pok\u00e9mon\n|rule|HP Percentage Mod: HP is shown in percentages\n|rule|Sleep Clause Mod: Limit one foe put to sleep\n|rule|Illusion Level Mod: Illusion disguises the Pok\u00e9mon's true level\n|\n|t:|1732991382\n|start\n|switch|p1a: Hitmonlee|Hitmonlee, L85, M|224/224\n|switch|p2a: Reshiram|Reshiram, L76|277/277\n|-ability|p2a: Reshiram|Turboblaze\n|turn|1\n|inactive|Battle timer is ON: inactive players will automatically lose when time's up. (requested by Jags14)\n|inactive|Bruce_Pottr also wants the timer to be on.\n|\n|t:|1732991405\n|switch|p1a: Camerupt|Camerupt, L91, M|275/275\n|move|p2a: Reshiram|Will-O-Wisp|p1a: Camerupt\n|-immune|p1a: Camerupt\n|\n|upkeep\n|turn|2\n|\n|t:|1732991414\n|switch|p2a: Primarina|Primarina, L83, F|268/268\n|move|p1a: Camerupt|Stealth Rock|p2a: Primarina\n|-sidestart|p2: Jags14|move: Stealth Rock\n|\n|upkeep\n|turn|3\n|\n|t:|1732991426\n|switch|p1a: Mismagius|Mismagius, L86, F|243/243\n|move|p2a: Primarina|Sparkling Aria|p1a: Mismagius\n|-damage|p1a: Mismagius|137/243\n|\n|upkeep\n|turn|4\n|\n|t:|1732991438\n|switch|p2a: Golurk|Golurk, L87|297/297\n|-damage|p2a: Golurk|279/297|[from] Stealth Rock\n|move|p1a: Mismagius|Energy Ball|p2a: Golurk\n|-supereffective|p2a: Golurk\n|-crit|p2a: Golurk\n|-damage|p2a: Golurk|0 fnt\n|faint|p2a: Golurk\n|\n|upkeep\n|\n|t:|1732991444\n|switch|p2a: Toedscruel|Toedscruel, L87, F|281/281\n|-damage|p2a: Toedscruel|264/281|[from] Stealth Rock\n|turn|5\n|\n|t:|1732991451\n|switch|p1a: Camerupt|Camerupt, L91, M|275/275\n|move|p2a: Toedscruel|Rapid Spin|p1a: Camerupt\n|-damage|p1a: Camerupt|242/275\n|-boost|p2a: Toedscruel|spe|1\n|-sideend|p2: Jags14|Stealth Rock|[from] move: Rapid Spin|[of] p2a: Toedscruel\n|\n|-heal|p2a: Toedscruel|281/281|[from] item: Leftovers\n|-heal|p1a: Camerupt|259/275|[from] item: Leftovers\n|upkeep\n|turn|6\n|\n|t:|1732991463\n|move|p2a: Toedscruel|Earth Power|p1a: Camerupt\n|-supereffective|p1a: Camerupt\n|-damage|p1a: Camerupt|124/275\n|move|p1a: Camerupt|Stealth Rock|p2a: Toedscruel\n|-sidestart|p2: Jags14|move: Stealth Rock\n|\n|-heal|p1a: Camerupt|141/275|[from] item: Leftovers\n|upkeep\n|turn|7\n|\n|t:|1732991470\n|switch|p1a: Mismagius|Mismagius, L86, F|137/243\n|move|p2a: Toedscruel|Leaf Storm|p1a: Mismagius\n|-damage|p1a: Mismagius|28/243\n|-unboost|p2a: Toedscruel|spa|2\n|\n|upkeep\n|turn|8\n|\n|t:|1732991481\n|switch|p2a: Incineroar|Incineroar, L82, F|290/290\n|-damage|p2a: Incineroar|218/290|[from] Stealth Rock\n|-ability|p2a: Incineroar|Intimidate|boost\n|-unboost|p1a: Mismagius|atk|1\n|move|p1a: Mismagius|Mystical Fire|p2a: Incineroar\n|-resisted|p2a: Incineroar\n|-damage|p2a: Incineroar|186/290\n|-unboost|p2a: Incineroar|spa|1\n|\n|upkeep\n|turn|9\n|inactive|Bruce_Pottr has 120 seconds left.\n|\n|t:|1732991520\n|move|p1a: Mismagius|Mystical Fire|p2a: Incineroar\n|-resisted|p2a: Incineroar\n|-damage|p2a: Incineroar|157/290\n|-unboost|p2a: Incineroar|spa|1\n|move|p2a: Incineroar|U-turn|p1a: Mismagius\n|-resisted|p1a: Mismagius\n|-damage|p1a: Mismagius|0 fnt\n|faint|p1a: Mismagius\n|inactive|Jags14 has 120 seconds left.\n|\n|t:|1732991550\n|switch|p2a: Primarina|Primarina, L83, F|268/268|[from] U-turn\n|-damage|p2a: Primarina|235/268|[from] Stealth Rock\n|\n|-heal|p2a: Primarina|251/268|[from] item: Leftovers\n|upkeep\n|inactive|Bruce_Pottr has 120 seconds left.\n|inactive|Bruce_Pottr has 90 seconds left.\n|\n|t:|1732991588\n|switch|p1a: Houndstone|Houndstone, L86, M|264/264\n|turn|10\n|\n|t:|1732991600\n|switch|p2a: Incineroar|Incineroar, L82, F|157/290\n|-damage|p2a: Incineroar|85/290|[from] Stealth Rock\n|-ability|p2a: Incineroar|Intimidate|boost\n|-unboost|p1a: Houndstone|atk|1\n|move|p1a: Houndstone|Poltergeist|p2a: Incineroar\n|-activate|p2a: Incineroar|move: Poltergeist|Assault Vest\n|-resisted|p2a: Incineroar\n|-damage|p2a: Incineroar|43/290\n|\n|upkeep\n|turn|11\n|inactive|Bruce_Pottr has 90 seconds left.\n|\n|t:|1732991618\n|move|p1a: Houndstone|Body Press|p2a: Incineroar\n|-supereffective|p2a: Incineroar\n|-damage|p2a: Incineroar|0 fnt\n|faint|p2a: Incineroar\n|\n|upkeep\n|inactive|Jags14 has 120 seconds left.\n|\n|t:|1732991643\n|switch|p2a: Reshiram|Reshiram, L76|277/277\n|-ability|p2a: Reshiram|Turboblaze\n|turn|12\n|\n|t:|1732991652\n|switch|p1a: Camerupt|Camerupt, L91, M|141/275\n|move|p2a: Reshiram|Dragon Tail|p1a: Camerupt\n|-damage|p1a: Camerupt|69/275\n|drag|p1a: Houndstone|Houndstone, L86, M|264/264\n|\n|upkeep\n|turn|13\n|inactive|Jags14 has 120 seconds left.\n|\n|t:|1732991682\n|move|p1a: Houndstone|Poltergeist|p2a: Reshiram\n|-activate|p2a: Reshiram|move: Poltergeist|Heavy-Duty Boots\n|-damage|p2a: Reshiram|142/277\n|move|p2a: Reshiram|Dragon Tail|p1a: Houndstone\n|-damage|p1a: Houndstone|209/264\n|drag|p1a: Passimian|Passimian, L83, F|302/302\n|\n|upkeep\n|turn|14\n|\n|t:|1732991705\n|switch|p2a: Primarina|Primarina, L83, F|251/268\n|-damage|p2a: Primarina|218/268|[from] Stealth Rock\n|move|p1a: Passimian|Knock Off|p2a: Primarina\n|-resisted|p2a: Primarina\n|-damage|p2a: Primarina|169/268\n|-enditem|p2a: Primarina|Leftovers|[from] move: Knock Off|[of] p1a: Passimian\n|\n|upkeep\n|turn|15\n|\n|t:|1732991728\n|move|p1a: Passimian|Gunk Shot|p2a: Primarina\n|-supereffective|p2a: Primarina\n|-damage|p2a: Primarina|0 fnt\n|faint|p2a: Primarina\n|\n|upkeep\n|\n|t:|1732991735\n|switch|p2a: Reshiram|Reshiram, L76|142/277\n|-ability|p2a: Reshiram|Turboblaze\n|turn|16\n|\n|t:|1732991738\n|move|p2a: Reshiram|Will-O-Wisp|p1a: Passimian\n|-status|p1a: Passimian|brn\n|move|p1a: Passimian|Knock Off|p2a: Reshiram\n|-damage|p2a: Reshiram|99/277\n|-enditem|p2a: Reshiram|Heavy-Duty Boots|[from] move: Knock Off|[of] p1a: Passimian\n|\n|-damage|p1a: Passimian|284/302 brn|[from] brn\n|upkeep\n|turn|17\n|\n|t:|1732991746\n|move|p2a: Reshiram|Blue Flare|p1a: Passimian\n|-damage|p1a: Passimian|88/302 brn\n|move|p1a: Passimian|Drain Punch|p2a: Reshiram\n|-damage|p2a: Reshiram|56/277\n|-heal|p1a: Passimian|110/302 brn|[from] drain|[of] p2a: Reshiram\n|\n|-heal|p1a: Passimian|128/302 brn|[from] item: Leftovers\n|-damage|p1a: Passimian|110/302 brn|[from] brn\n|upkeep\n|turn|18\n|inactive|Jags14 has 120 seconds left.\n|\n|t:|1732991751\n|move|p2a: Reshiram|Blue Flare|p1a: Passimian\n|-damage|p1a: Passimian|0 fnt\n|faint|p1a: Passimian\n|\n|upkeep\n|\n|t:|1732991759\n|switch|p1a: Camerupt|Camerupt, L91, M|69/275\n|turn|19\n|inactive|Jags14 has 120 seconds left.\n|\n|t:|1732991784\n|move|p2a: Reshiram|Blue Flare|p1a: Camerupt\n|-resisted|p1a: Camerupt\n|-damage|p1a: Camerupt|0 fnt\n|faint|p1a: Camerupt\n|\n|upkeep\n|\n|t:|1732991797\n|switch|p1a: Hitmonlee|Hitmonlee, L85, M|224/224\n|turn|20\n|inactive|Jags14 has 120 seconds left.\n|\n|t:|1732991819\n|move|p1a: Hitmonlee|Close Combat|p2a: Reshiram\n|-damage|p2a: Reshiram|0 fnt\n|-unboost|p1a: Hitmonlee|def|1\n|-unboost|p1a: Hitmonlee|spd|1\n|-enditem|p1a: Hitmonlee|White Herb\n|-clearnegativeboost|p1a: Hitmonlee|[silent]\n|faint|p2a: Reshiram\n|\n|upkeep\n|\n|t:|1732991826\n|switch|p2a: Beartic|Beartic, L91, F|321/321\n|turn|21\n|\n|t:|1732991841\n|-terastallize|p2a: Beartic|Fighting\n|move|p1a: Hitmonlee|Swords Dance|p1a: Hitmonlee\n|-boost|p1a: Hitmonlee|atk|2\n|move|p2a: Beartic|Close Combat|p1a: Hitmonlee\n|-damage|p1a: Hitmonlee|0 fnt\n|-unboost|p2a: Beartic|def|1\n|-unboost|p2a: Beartic|spd|1\n|faint|p1a: Hitmonlee\n|\n|upkeep\n|\n|t:|1732991847\n|switch|p1a: Houndstone|Houndstone, L86, M|209/264\n|turn|22\n|inactive|Jags14 has 120 seconds left.\n|\n|t:|1732991871\n|move|p1a: Houndstone|Poltergeist|p2a: Beartic\n|-activate|p2a: Beartic|move: Poltergeist|Heavy-Duty Boots\n|-damage|p2a: Beartic|126/321\n|move|p2a: Beartic|Icicle Crash|p1a: Houndstone\n|-damage|p1a: Houndstone|98/264\n|\n|-heal|p1a: Houndstone|114/264|[from] item: Leftovers\n|upkeep\n|turn|23\n|inactive|Bruce_Pottr has 120 seconds left.\n|\n|t:|1732991904\n|move|p1a: Houndstone|Poltergeist|p2a: Beartic\n|-activate|p2a: Beartic|move: Poltergeist|Heavy-Duty Boots\n|-damage|p2a: Beartic|0 fnt\n|faint|p2a: Beartic\n|\n|-heal|p1a: Houndstone|130/264|[from] item: Leftovers\n|upkeep\n|inactive|Jags14 has 90 seconds left.\n|inactive|Jags14 has 60 seconds left.\n|\n|t:|1732991987\n|switch|p2a: Toedscruel|Toedscruel, L87, F|281/281\n|-damage|p2a: Toedscruel|264/281|[from] Stealth Rock\n|turn|24\n|inactive|Bruce_Pottr has 120 seconds left.\n|\n|t:|1732992027\n|move|p2a: Toedscruel|Earth Power|p1a: Houndstone\n|-damage|p1a: Houndstone|51/264\n|move|p1a: Houndstone|Rest|p1a: Houndstone\n|-status|p1a: Houndstone|slp|[from] move: Rest\n|-heal|p1a: Houndstone|264/264 slp|[silent]\n|\n|-heal|p2a: Toedscruel|281/281|[from] item: Leftovers\n|upkeep\n|turn|25\n|\n|t:|1732992034\n|move|p2a: Toedscruel|Earth Power|p1a: Houndstone\n|-damage|p1a: Houndstone|177/264 slp\n|cant|p1a: Houndstone|slp\n|move|p1a: Houndstone|Sleep Talk|p1a: Houndstone\n|move|p1a: Houndstone|Body Press|p2a: Toedscruel|[from]move: Sleep Talk\n|-damage|p2a: Toedscruel|213/281\n|\n|-heal|p2a: Toedscruel|230/281|[from] item: Leftovers\n|-heal|p1a: Houndstone|193/264 slp|[from] item: Leftovers\n|upkeep\n|turn|26\n|\n|t:|1732992037\n|move|p2a: Toedscruel|Earth Power|p1a: Houndstone\n|-crit|p1a: Houndstone\n|-damage|p1a: Houndstone|73/264 slp\n|cant|p1a: Houndstone|slp\n|move|p1a: Houndstone|Sleep Talk|p1a: Houndstone\n|move|p1a: Houndstone|Rest||[from]move: Sleep Talk|[still]\n|-fail|p1a: Houndstone\n|\n|-heal|p2a: Toedscruel|247/281|[from] item: Leftovers\n|-heal|p1a: Houndstone|89/264 slp|[from] item: Leftovers\n|upkeep\n|turn|27\n|\n|t:|1732992041\n|move|p2a: Toedscruel|Earth Power|p1a: Houndstone\n|-damage|p1a: Houndstone|8/264 slp\n|-curestatus|p1a: Houndstone|slp|[msg]\n|move|p1a: Houndstone|Rest|p1a: Houndstone\n|-status|p1a: Houndstone|slp|[from] move: Rest\n|-heal|p1a: Houndstone|264/264 slp|[silent]\n|\n|-heal|p2a: Toedscruel|264/281|[from] item: Leftovers\n|upkeep\n|turn|28\n|\n|t:|1732992046\n|move|p2a: Toedscruel|Earth Power|p1a: Houndstone\n|-damage|p1a: Houndstone|180/264 slp\n|cant|p1a: Houndstone|slp\n|move|p1a: Houndstone|Sleep Talk|p1a: Houndstone\n|move|p1a: Houndstone|Body Press|p2a: Toedscruel|[from]move: Sleep Talk\n|-damage|p2a: Toedscruel|195/281\n|\n|-heal|p2a: Toedscruel|212/281|[from] item: Leftovers\n|-heal|p1a: Houndstone|196/264 slp|[from] item: Leftovers\n|upkeep\n|turn|29\n|\n|t:|1732992058\n|move|p2a: Toedscruel|Earth Power|p1a: Houndstone\n|-damage|p1a: Houndstone|114/264 slp\n|cant|p1a: Houndstone|slp\n|move|p1a: Houndstone|Sleep Talk|p1a: Houndstone\n|move|p1a: Houndstone|Body Press|p2a: Toedscruel|[from]move: Sleep Talk\n|-damage|p2a: Toedscruel|138/281\n|\n|-heal|p2a: Toedscruel|155/281|[from] item: Leftovers\n|-heal|p1a: Houndstone|130/264 slp|[from] item: Leftovers\n|upkeep\n|turn|30\n|\n|t:|1732992074\n|move|p2a: Toedscruel|Earth Power|p1a: Houndstone\n|-damage|p1a: Houndstone|52/264 slp\n|-unboost|p1a: Houndstone|spd|1\n|-curestatus|p1a: Houndstone|slp|[msg]\n|move|p1a: Houndstone|Poltergeist|p2a: Toedscruel\n|-activate|p2a: Toedscruel|move: Poltergeist|Leftovers\n|-damage|p2a: Toedscruel|13/281\n|\n|-heal|p2a: Toedscruel|30/281|[from] item: Leftovers\n|-heal|p1a: Houndstone|68/264|[from] item: Leftovers\n|upkeep\n|turn|31\n|\n|t:|1732992083\n|move|p2a: Toedscruel|Earth Power|p1a: Houndstone\n|-damage|p1a: Houndstone|0 fnt\n|faint|p1a: Houndstone\n|\n|-heal|p2a: Toedscruel|47/281|[from] item: Leftovers\n|upkeep\n|\n|t:|1732992087\n|switch|p1a: Deoxys|Deoxys-Attack, L72|191/191\n|-ability|p1a: Deoxys|Pressure\n|turn|32\n|c|\u2606Bruce_Pottr|lol\n|c|\u2606Bruce_Pottr|gg\n|c|\u2606Jags14|gg wp\n|\n|t:|1732992107\n|-terastallize|p1a: Deoxys|Normal\n|move|p1a: Deoxys|Extreme Speed|p2a: Toedscruel\n|-damage|p2a: Toedscruel|0 fnt\n|faint|p2a: Toedscruel\n|-damage|p1a: Deoxys|172/191|[from] item: Life Orb\n|\n|win|Bruce_Pottr\n|raw|Bruce_Pottr's rating: 1630 &rarr; <strong>1650</strong><br />(+20 for winning)\n|raw|Jags14's rating: 1636 &rarr; <strong>1616</strong><br />(-20 for losing)\n|l|\u2606Jags14\n|player|p2|\n", "inputlog": ">version b107d77f5c90bd6555267ae244a6264823309ead\n>start {\"formatid\":\"gen9randombattle\",\"seed\":[53404,49465,30452,10778],\"rated\":\"Rated battle\"}\n>player p1 {\"name\":\"Bruce_Pottr\",\"avatar\":\"cheryl\",\"rating\":1630,\"seed\":[36365,49566,59857,19399]}\n>player p2 {\"name\":\"Jags14\",\"avatar\":\"blue\",\"rating\":1673,\"seed\":[41719,39668,7374,21960]}\n>p1 switch 6\n>p2 move willowisp\n>p1 move stealthrock\n>p2 switch 4\n>p1 switch 4\n>p2 move sparklingaria\n>p1 move energyball\n>p2 switch 3\n>p2 switch 2\n>p1 switch 4\n>p2 move rapidspin\n>p1 move stealthrock\n>p2 move earthpower\n>p1 switch 4\n>p2 move leafstorm\n>p1 move mysticalfire\n>p2 switch 6\n>p1 move mysticalfire\n>p2 move uturn\n>p2 switch 3\n>p1 switch 2\n>p1 move poltergeist\n>p2 switch 3\n>p1 move bodypress\n>p2 move overheat\n>p2 switch 4\n>p1 switch 4\n>p2 move dragontail\n>p1 move poltergeist\n>p2 move dragontail\n>p1 move knockoff\n>p2 switch 3\n>p1 move gunkshot\n>p2 move sparklingaria\n>p2 switch 3\n>p1 move knockoff\n>p2 move willowisp\n>p1 move drainpunch\n>p2 move blueflare\n>p1 move drainpunch\n>p2 move blueflare\n>p1 switch 4\n>p1 move earthquake\n>p2 move blueflare\n>p1 switch 6\n>p1 move closecombat\n>p2 move willowisp\n>p2 switch 5\n>p1 move swordsdance\n>p2 move closecombat terastallize\n>p1 switch 3\n>p1 move poltergeist\n>p2 move iciclecrash\n>p1 move poltergeist\n>p2 move iciclecrash\n>p2 switch 6\n>p1 move rest\n>p2 move earthpower\n>p1 move sleeptalk\n>p2 move earthpower\n>p1 move sleeptalk\n>p2 move earthpower\n>p1 move rest\n>p2 move earthpower\n>p1 move sleeptalk\n>p2 move earthpower\n>p1 move sleeptalk\n>p2 move earthpower\n>p1 move poltergeist\n>p2 move earthpower\n>p1 move bodypress\n>p2 move earthpower\n>p1 switch 5\n>chat \u2606Bruce_Pottr|lol\n>chat \u2606Bruce_Pottr|gg\n>chat \u2606Jags14|gg wp\n>p1 move extremespeed terastallize\n>p2 move leafstorm", "uploadtime": 1732992115, "views": 9, "formatid": "gen9randombattle", "rating": 1616, "private": 0, "password": null}