{"id": "gen9randombattle-2254085222", "format": "[Gen 9] Random Battle", "players": ["Sealed Book", "DMDiddles"], "log": "|j|\u2606Sealed Book\n|j|\u2606DMDiddles\n|t:|1732989419\n|gametype|singles\n|player|p1|Sealed Book|lisia|1438\n|player|p2|DMDiddles|swimmer-gen4dp|1445\n|teamsize|p1|6\n|teamsize|p2|6\n|gen|9\n|tier|[Gen 9] Random Battle\n|rated|\n|rule|Species Clause: Limit one of each Pok\u00e9mon\n|rule|HP Percentage Mod: HP is shown in percentages\n|rule|Sleep Clause Mod: Limit one foe put to sleep\n|rule|Illusion Level Mod: Illusion disguises the Pok\u00e9mon's true level\n|\n|t:|1732989419\n|start\n|switch|p1a: Glastrier|Glastrier, L86|311/311\n|switch|p2a: Dragalge|Dragalge, L88, F|258/258\n|turn|1\n|\n|t:|1732989434\n|move|p2a: Dragalge|Flip Turn|p1a: Glastrier\n|-damage|p1a: Glastrier|281/311\n|\n|t:|1732989436\n|switch|p2a: Swampert|Swampert, L83, F|302/302|[from] Flip Turn\n|move|p1a: Glastrier|Icicle Crash|p2a: Swampert\n|-damage|p2a: Swampert|110/302\n|\n|-heal|p2a: Swampert|128/302|[from] item: Leftovers\n|upkeep\n|turn|2\n|\n|t:|1732989463\n|move|p2a: Swampert|Stealth Rock|p1a: Glastrier\n|-sidestart|p1: Sealed Book|move: Stealth Rock\n|move|p1a: Glastrier|Icicle Crash|p2a: Swampert\n|-damage|p2a: Swampert|0 fnt\n|faint|p2a: Swampert\n|-ability|p1a: Glastrier|Chilling Neigh|boost\n|-boost|p1a: Glastrier|atk|1\n|\n|upkeep\n|\n|t:|1732989472\n|switch|p2a: Dragalge|Dragalge, L88, F|258/258\n|turn|3\n|\n|t:|1732989483\n|move|p2a: Dragalge|Focus Blast|p1a: Glastrier\n|-supereffective|p1a: Glastrier\n|-damage|p1a: Glastrier|67/311\n|move|p1a: Glastrier|Icicle Crash|p2a: Dragalge\n|-supereffective|p2a: Dragalge\n|-damage|p2a: Dragalge|0 fnt\n|faint|p2a: Dragalge\n|-ability|p1a: Glastrier|Chilling Neigh|boost\n|-boost|p1a: Glastrier|atk|1\n|\n|upkeep\n|\n|t:|1732989486\n|switch|p2a: Charizard|Charizard, L85, M|271/271\n|turn|4\n|\n|t:|1732989493\n|move|p2a: Charizard|Flamethrower|p1a: Glastrier\n|-supereffective|p1a: Glastrier\n|-damage|p1a: Glastrier|0 fnt\n|faint|p1a: Glastrier\n|\n|upkeep\n|\n|t:|1732989507\n|switch|p1a: Hoopa|Hoopa, L85|275/275\n|-damage|p1a: Hoopa|241/275|[from] Stealth Rock\n|turn|5\n|\n|t:|1732989510\n|move|p2a: Charizard|Hurricane|p1a: Hoopa\n|-damage|p1a: Hoopa|145/275\n|move|p1a: Hoopa|Shadow Ball|p2a: Charizard\n|-damage|p2a: Charizard|102/271\n|-damage|p1a: Hoopa|118/275|[from] item: Life Orb\n|\n|upkeep\n|turn|6\n|\n|t:|1732989516\n|switch|p2a: Cinccino|Cinccino, L83, F|260/260\n|move|p1a: Hoopa|Shadow Ball|p2a: Cinccino\n|-immune|p2a: Cinccino\n|\n|upkeep\n|turn|7\n|\n|t:|1732989521\n|move|p2a: Cinccino|U-turn|p1a: Hoopa\n|-damage|p1a: Hoopa|53/275\n|\n|t:|1732989526\n|switch|p2a: Charizard|Charizard, L85, M|102/271|[from] U-turn\n|move|p1a: Hoopa|Psyshock|p2a: Charizard\n|-damage|p2a: Charizard|0 fnt\n|faint|p2a: Charizard\n|-damage|p1a: Hoopa|26/275|[from] item: Life Orb\n|\n|upkeep\n|\n|t:|1732989530\n|switch|p2a: Cinccino|Cinccino, L83, F|260/260\n|turn|8\n|\n|t:|1732989535\n|move|p2a: Cinccino|Bullet Seed|p1a: Hoopa\n|-damage|p1a: Hoopa|0 fnt\n|faint|p1a: Hoopa\n|-hitcount|p1: Hoopa|1\n|\n|upkeep\n|\n|t:|1732989542\n|switch|p1a: Probopass|Probopass, L92, F|260/260\n|-damage|p1a: Probopass|244/260|[from] Stealth Rock\n|turn|9\n|\n|t:|1732989547\n|move|p2a: Cinccino|Triple Axel|p1a: Probopass\n|-resisted|p1a: Probopass\n|-damage|p1a: Probopass|237/260\n|-resisted|p1a: Probopass\n|-damage|p1a: Probopass|224/260\n|-resisted|p1a: Probopass\n|-damage|p1a: Probopass|206/260\n|-hitcount|p1a: Probopass|3\n|move|p1a: Probopass|Thunder Wave|p2a: Cinccino\n|-status|p2a: Cinccino|par\n|\n|-heal|p1a: Probopass|222/260|[from] item: Leftovers\n|upkeep\n|turn|10\n|\n|t:|1732989552\n|move|p1a: Probopass|Iron Defense|p1a: Probopass\n|-boost|p1a: Probopass|def|2\n|cant|p2a: Cinccino|par\n|\n|-heal|p1a: Probopass|238/260|[from] item: Leftovers\n|upkeep\n|turn|11\n|\n|t:|1732989555\n|switch|p2a: Donphan|Donphan, L84, F|288/288\n|move|p1a: Probopass|Body Press|p2a: Donphan\n|-damage|p2a: Donphan|141/288\n|\n|-heal|p1a: Probopass|254/260|[from] item: Leftovers\n|upkeep\n|turn|12\n|\n|t:|1732989560\n|move|p2a: Donphan|Knock Off|p1a: Probopass\n|-damage|p1a: Probopass|229/260\n|-enditem|p1a: Probopass|Leftovers|[from] move: Knock Off|[of] p2a: Donphan\n|move|p1a: Probopass|Body Press|p2a: Donphan\n|-damage|p2a: Donphan|3/288\n|\n|upkeep\n|turn|13\n|\n|t:|1732989565\n|move|p2a: Donphan|Earthquake|p1a: Probopass\n|-supereffective|p1a: Probopass\n|-damage|p1a: Probopass|85/260\n|move|p1a: Probopass|Body Press|p2a: Donphan\n|-damage|p2a: Donphan|0 fnt\n|faint|p2a: Donphan\n|\n|upkeep\n|\n|t:|1732989567\n|switch|p2a: Kilowattrel|Kilowattrel, L83, F|252/252\n|turn|14\n|\n|t:|1732989572\n|move|p2a: Kilowattrel|Thunderbolt|p1a: Probopass\n|-damage|p1a: Probopass|24/260\n|move|p1a: Probopass|Body Press|p2a: Kilowattrel\n|-resisted|p2a: Kilowattrel\n|-crit|p2a: Kilowattrel\n|-damage|p2a: Kilowattrel|76/252\n|\n|upkeep\n|turn|15\n|\n|t:|1732989575\n|move|p2a: Kilowattrel|Thunder Wave|p1a: Probopass\n|-status|p1a: Probopass|par\n|move|p1a: Probopass|Body Press|p2a: Kilowattrel\n|-resisted|p2a: Kilowattrel\n|-damage|p2a: Kilowattrel|0 fnt\n|faint|p2a: Kilowattrel\n|\n|upkeep\n|\n|t:|1732989577\n|switch|p2a: Cinccino|Cinccino, L83, F|260/260 par\n|turn|16\n|-message|DMDiddles forfeited.\n|\n|win|Sealed Book\n|raw|Sealed Book's rating: 1438 &rarr; <strong>1458</strong><br />(+20 for winning)\n|raw|DMDiddles's rating: 1445 &rarr; <strong>1425</strong><br />(-20 for losing)\n|l|\u2606DMDiddles\n|player|p2|\n|c|\u2606Sealed Book|22 wins - 3 loses\n", "inputlog": ">version b107d77f5c90bd6555267ae244a6264823309ead\n>start {\"formatid\":\"gen9randombattle\",\"seed\":[42802,16508,2460,39201],\"rated\":\"Rated battle\"}\n>player p1 {\"name\":\"Sealed Book\",\"avatar\":\"lisia\",\"rating\":1438,\"seed\":[59803,16227,46844,48218]}\n>player p2 {\"name\":\"DMDiddles\",\"avatar\":\"swimmer-gen4dp\",\"rating\":1445,\"seed\":[64905,44898,24766,7721]}\n>p1 move iciclecrash\n>p2 move flipturn\n>p2 switch 5\n>p1 move iciclecrash\n>p2 move stealthrock\n>p2 switch 5\n>p1 move iciclecrash\n>p2 move focusblast\n>p2 switch 2\n>p1 move iciclecrash\n>p2 move flamethrower\n>p1 switch 6\n>p1 move shadowball\n>p2 move hurricane\n>p1 move shadowball\n>p2 switch 4\n>p1 move psyshock\n>p2 move uturn\n>p2 switch 4\n>p2 switch 4\n>p1 move psyshock\n>p2 move bulletseed\n>p1 switch 3\n>p1 move thunderwave\n>p2 move tripleaxel\n>p1 move irondefense\n>p2 move uturn\n>p1 move bodypress\n>p2 switch 6\n>p1 move bodypress\n>p2 move knockoff\n>p1 move bodypress\n>p2 move earthquake\n>p2 switch 3\n>p1 move bodypress\n>p2 move thunderbolt\n>p1 move bodypress\n>p2 move thunderwave\n>p2 switch 6\n>forcelose p2", "uploadtime": 1732989589, "views": 1, "formatid": "gen9randombattle", "rating": 1425, "private": 0, "password": null}