{"id": "gen9randombattle-2254038423", "format": "[Gen 9] Random Battle", "players": ["BrianLikesTrains", "luisultimaosha2"], "log": "|j|\u2606BrianLikesTrains\n|j|\u2606luisultimaosha2\n|t:|1732983438\n|gametype|singles\n|player|p1|BrianLikesTrains|fisherman-gen4|1542\n|player|p2|luisultimaosha2|266|1558\n|teamsize|p1|6\n|teamsize|p2|6\n|gen|9\n|tier|[Gen 9] Random Battle\n|rated|\n|rule|Species Clause: Limit one of each Pok\u00e9mon\n|rule|HP Percentage Mod: HP is shown in percentages\n|rule|Sleep Clause Mod: Limit one foe put to sleep\n|rule|Illusion Level Mod: Illusion disguises the Pok\u00e9mon's true level\n|\n|t:|1732983438\n|start\n|switch|p1a: Scream Tail|Scream Tail, L84|330/330\n|switch|p2a: Sunflora|Sunflora, M|312/312\n|turn|1\n|inactive|Battle timer is ON: inactive players will automatically lose when time's up. (requested by BrianLikesTrains)\n|\n|t:|1732983444\n|move|p1a: Scream Tail|Thunder Wave|p2a: Sunflora\n|-status|p2a: Sunflora|par\n|move|p2a: Sunflora|Sludge Bomb|p1a: Scream Tail\n|-supereffective|p1a: Scream Tail\n|-damage|p1a: Scream Tail|116/330\n|\n|-heal|p1a: Scream Tail|136/330|[from] item: Leftovers\n|upkeep\n|turn|2\n|\n|t:|1732983453\n|move|p1a: Scream Tail|Protect|p1a: Scream Tail\n|-singleturn|p1a: Scream Tail|Protect\n|cant|p2a: Sunflora|par\n|\n|-heal|p1a: Scream Tail|156/330|[from] item: Leftovers\n|upkeep\n|turn|3\n|\n|t:|1732983461\n|-end|p1a: Scream Tail|Protosynthesis|[silent]\n|switch|p1a: Hypno|Hypno, L95, M|315/315\n|cant|p2a: Sunflora|par\n|\n|upkeep\n|turn|4\n|\n|t:|1732983468\n|switch|p2a: Spiritomb|Spiritomb, L89, M|234/234\n|move|p1a: Hypno|Knock Off|p2a: Spiritomb\n|-damage|p2a: Spiritomb|178/234\n|-enditem|p2a: Spiritomb|Leftovers|[from] move: Knock Off|[of] p1a: Hypno\n|\n|upkeep\n|turn|5\n|\n|t:|1732983477\n|move|p1a: Hypno|Toxic|p2a: Spiritomb\n|-status|p2a: Spiritomb|tox\n|move|p2a: Spiritomb|Foul Play|p1a: Hypno\n|-supereffective|p1a: Hypno\n|-damage|p1a: Hypno|97/315\n|\n|-heal|p1a: Hypno|116/315|[from] item: Leftovers\n|-damage|p2a: Spiritomb|164/234 tox|[from] psn\n|upkeep\n|turn|6\n|\n|t:|1732983501\n|switch|p2a: Sunflora|Sunflora, M|312/312 par\n|move|p1a: Hypno|Encore||[still]\n|-fail|p1a: Hypno\n|\n|-heal|p1a: Hypno|135/315|[from] item: Leftovers\n|upkeep\n|turn|7\n|\n|t:|1732983514\n|move|p1a: Hypno|Knock Off|p2a: Sunflora\n|-damage|p2a: Sunflora|231/312 par\n|-enditem|p2a: Sunflora|Choice Specs|[from] move: Knock Off|[of] p1a: Hypno\n|move|p2a: Sunflora|Leaf Storm|p1a: Hypno\n|-damage|p1a: Hypno|0 fnt\n|-unboost|p2a: Sunflora|spa|2\n|faint|p1a: Hypno\n|\n|upkeep\n|\n|t:|1732983526\n|switch|p1a: Glaceon|Glaceon, L94, F|275/275\n|turn|8\n|\n|t:|1732983533\n|switch|p2a: Beartic|Beartic, L91, F|321/321\n|move|p1a: Glaceon|Freeze-Dry|p2a: Beartic\n|-resisted|p2a: Beartic\n|-damage|p2a: Beartic|266/321\n|\n|upkeep\n|turn|9\n|\n|t:|1732983541\n|move|p1a: Glaceon|Mud Shot|p2a: Beartic\n|-damage|p2a: Beartic|201/321\n|-unboost|p2a: Beartic|spe|1\n|move|p2a: Beartic|Icicle Crash|p1a: Glaceon\n|-resisted|p1a: Glaceon\n|-damage|p1a: Glaceon|227/275\n|\n|upkeep\n|turn|10\n|\n|t:|1732983549\n|move|p1a: Glaceon|Mud Shot|p2a: Beartic\n|-damage|p2a: Beartic|145/321\n|-unboost|p2a: Beartic|spe|1\n|move|p2a: Beartic|Close Combat|p1a: Glaceon\n|-supereffective|p1a: Glaceon\n|-damage|p1a: Glaceon|35/275\n|-unboost|p2a: Beartic|def|1\n|-unboost|p2a: Beartic|spd|1\n|\n|upkeep\n|turn|11\n|\n|t:|1732983558\n|switch|p1a: Scream Tail|Scream Tail, L84|156/330\n|switch|p2a: Spiritomb|Spiritomb, L89, M|164/234 tox\n|\n|-heal|p1a: Scream Tail|176/330|[from] item: Leftovers\n|-damage|p2a: Spiritomb|150/234 tox|[from] psn\n|upkeep\n|turn|12\n|\n|t:|1732983563\n|move|p1a: Scream Tail|Dazzling Gleam|p2a: Spiritomb\n|-supereffective|p2a: Spiritomb\n|-damage|p2a: Spiritomb|52/234 tox\n|move|p2a: Spiritomb|Poltergeist|p1a: Scream Tail\n|-activate|p1a: Scream Tail|move: Poltergeist|Leftovers\n|-supereffective|p1a: Scream Tail\n|-damage|p1a: Scream Tail|0 fnt\n|faint|p1a: Scream Tail\n|-end|p1a: Scream Tail|Protosynthesis|[silent]\n|\n|-damage|p2a: Spiritomb|24/234 tox|[from] psn\n|upkeep\n|\n|t:|1732983574\n|switch|p1a: Glaceon|Glaceon, L94, F|35/275\n|turn|13\n|\n|t:|1732983578\n|move|p1a: Glaceon|Mud Shot|p2a: Spiritomb\n|-damage|p2a: Spiritomb|0 fnt\n|faint|p2a: Spiritomb\n|\n|upkeep\n|\n|t:|1732983582\n|switch|p2a: Mienshao|Mienshao, L83, M|244/244\n|turn|14\n|\n|t:|1732983592\n|switch|p1a: Granbull|Granbull, L88, F|302/302\n|-ability|p1a: Granbull|Intimidate|boost\n|-unboost|p2a: Mienshao|atk|1\n|move|p2a: Mienshao|Knock Off|p1a: Granbull\n|-resisted|p1a: Granbull\n|-damage|p1a: Granbull|266/302\n|-enditem|p1a: Granbull|Leftovers|[from] move: Knock Off|[of] p2a: Mienshao\n|-damage|p2a: Mienshao|220/244|[from] item: Life Orb\n|\n|upkeep\n|turn|15\n|\n|t:|1732983607\n|switch|p2a: Sunflora|Sunflora, M|231/312 par\n|move|p1a: Granbull|Play Rough|p2a: Sunflora\n|-damage|p2a: Sunflora|89/312 par\n|\n|upkeep\n|turn|16\n|-message|BrianLikesTrains forfeited.\n|\n|win|luisultimaosha2\n|raw|BrianLikesTrains's rating: 1542 &rarr; <strong>1523</strong><br />(-19 for losing)\n|raw|luisultimaosha2's rating: 1558 &rarr; <strong>1577</strong><br />(+19 for winning)\n", "inputlog": ">version b107d77f5c90bd6555267ae244a6264823309ead\n>start {\"formatid\":\"gen9randombattle\",\"seed\":[16539,44639,11174,20255],\"rated\":\"Rated battle\"}\n>player p1 {\"name\":\"BrianLikesTrains\",\"avatar\":\"fisherman-gen4\",\"rating\":1542,\"seed\":[1945,13188,22172,10361]}\n>player p2 {\"name\":\"luisultimaosha2\",\"avatar\":\"266\",\"rating\":1558,\"seed\":[42614,30825,48713,59090]}\n>p1 move thunderwave\n>p2 move sludgebomb\n>p1 move protect\n>p2 move sludgebomb\n>p1 switch 4\n>p2 move sludgebomb\n>p1 move knockoff\n>p2 switch 6\n>p1 move toxic\n>p2 move foulplay\n>p1 move encore\n>p2 switch 6\n>p1 move knockoff\n>p2 move leafstorm\n>p1 switch 2\n>p1 move freezedry\n>p2 switch 2\n>p1 move mudshot\n>p2 move iciclecrash\n>p1 move mudshot\n>p2 move closecombat\n>p1 switch 4\n>p2 switch 6\n>p1 move dazzlinggleam\n>p2 move poltergeist\n>p1 switch 4\n>p1 move mudshot\n>p2 move foulplay\n>p2 switch 4\n>p1 switch 5\n>p2 move knockoff\n>p1 move playrough\n>p2 switch 2\n>forcelose p1", "uploadtime": 1732983644, "views": 3, "formatid": "gen9randombattle", "rating": 1523, "private": 0, "password": null}