{"id": "gen9randombattle-2253927908", "format": "[Gen 9] Random Battle", "players": ["Ironhay", "stsyme"], "log": "|j|\u2606Ironhay\n|j|\u2606stsyme\n|t:|1732965626\n|gametype|singles\n|player|p1|Ironhay|clair|1081\n|player|p2|stsyme|170|1079\n|teamsize|p1|6\n|teamsize|p2|6\n|gen|9\n|tier|[Gen 9] Random Battle\n|rated|\n|rule|Species Clause: Limit one of each Pok\u00e9mon\n|rule|HP Percentage Mod: HP is shown in percentages\n|rule|Sleep Clause Mod: Limit one foe put to sleep\n|rule|Illusion Level Mod: Illusion disguises the Pok\u00e9mon's true level\n|\n|t:|1732965626\n|start\n|switch|p1a: Kommo-o|Kommo-o, L78, F|245/245\n|switch|p2a: Suicune|Suicune, L82|298/298\n|-ability|p2a: Suicune|Pressure\n|turn|1\n|\n|t:|1732965642\n|switch|p1a: Golduck|Golduck, L90, M|290/290\n|-ability|p1a: Golduck|Cloud Nine\n|move|p2a: Suicune|Calm Mind|p2a: Suicune\n|-boost|p2a: Suicune|spa|1\n|-boost|p2a: Suicune|spd|1\n|\n|upkeep\n|turn|2\n|\n|t:|1732965654\n|move|p1a: Golduck|Grass Knot|p2a: Suicune\n|-supereffective|p2a: Suicune\n|-damage|p2a: Suicune|178/298\n|-damage|p1a: Golduck|261/290|[from] item: Life Orb\n|move|p2a: Suicune|Calm Mind|p2a: Suicune\n|-boost|p2a: Suicune|spa|1\n|-boost|p2a: Suicune|spd|1\n|\n|-heal|p2a: Suicune|196/298|[from] item: Leftovers\n|upkeep\n|turn|3\n|\n|t:|1732965667\n|move|p1a: Golduck|Grass Knot|p2a: Suicune\n|-supereffective|p2a: Suicune\n|-crit|p2a: Suicune\n|-damage|p2a: Suicune|0 fnt\n|faint|p2a: Suicune\n|-damage|p1a: Golduck|232/290|[from] item: Life Orb\n|\n|upkeep\n|\n|t:|1732965679\n|switch|p2a: Revavroom|Revavroom, L79, M|256/256\n|turn|4\n|\n|t:|1732965695\n|switch|p1a: Diancie|Diancie, L82|216/216\n|move|p2a: Revavroom|Gunk Shot|p1a: Diancie\n|-damage|p1a: Diancie|98/216\n|-damage|p2a: Revavroom|231/256|[from] item: Life Orb\n|\n|-heal|p1a: Diancie|111/216|[from] item: Leftovers\n|upkeep\n|turn|5\n|\n|t:|1732965711\n|move|p2a: Revavroom|Iron Head|p1a: Diancie\n|-supereffective|p1a: Diancie\n|-damage|p1a: Diancie|0 fnt\n|faint|p1a: Diancie\n|-damage|p2a: Revavroom|206/256|[from] item: Life Orb\n|\n|upkeep\n|\n|t:|1732965721\n|switch|p1a: Dugtrio|Dugtrio-Alola, L84, F|196/196\n|turn|6\n|\n|t:|1732965727\n|move|p1a: Dugtrio|Earthquake|p2a: Revavroom\n|-supereffective|p2a: Revavroom\n|-damage|p2a: Revavroom|0 fnt\n|faint|p2a: Revavroom\n|\n|upkeep\n|\n|t:|1732965738\n|switch|p2a: Orthworm|Orthworm, L88, M|266/266\n|turn|7\n|\n|t:|1732965742\n|move|p1a: Dugtrio|Earthquake|p2a: Orthworm\n|-immune|p2a: Orthworm|[from] ability: Earth Eater\n|move|p2a: Orthworm|Coil|p2a: Orthworm\n|-boost|p2a: Orthworm|atk|1\n|-boost|p2a: Orthworm|def|1\n|-boost|p2a: Orthworm|accuracy|1\n|\n|upkeep\n|turn|8\n|\n|t:|1732965758\n|switch|p1a: Kommo-o|Kommo-o, L78, F|245/245\n|move|p2a: Orthworm|Coil|p2a: Orthworm\n|-boost|p2a: Orthworm|atk|1\n|-boost|p2a: Orthworm|def|1\n|-boost|p2a: Orthworm|accuracy|1\n|\n|upkeep\n|turn|9\n|\n|t:|1732965769\n|-terastallize|p2a: Orthworm|Fighting\n|move|p1a: Kommo-o|Close Combat|p2a: Orthworm\n|-damage|p2a: Orthworm|224/266\n|-unboost|p1a: Kommo-o|def|1\n|-unboost|p1a: Kommo-o|spd|1\n|move|p2a: Orthworm|Coil|p2a: Orthworm\n|-boost|p2a: Orthworm|atk|1\n|-boost|p2a: Orthworm|def|1\n|-boost|p2a: Orthworm|accuracy|1\n|\n|upkeep\n|turn|10\n|\n|t:|1732965791\n|switch|p1a: Dugtrio|Dugtrio-Alola, L84, F|196/196\n|move|p2a: Orthworm|Coil|p2a: Orthworm\n|-boost|p2a: Orthworm|atk|1\n|-boost|p2a: Orthworm|def|1\n|-boost|p2a: Orthworm|accuracy|1\n|\n|upkeep\n|turn|11\n|\n|t:|1732965801\n|move|p1a: Dugtrio|Sucker Punch|p2a: Orthworm\n|-resisted|p2a: Orthworm\n|-damage|p2a: Orthworm|216/266\n|move|p2a: Orthworm|Body Press|p1a: Dugtrio\n|-supereffective|p1a: Dugtrio\n|-damage|p1a: Dugtrio|0 fnt\n|-ability|p1a: Dugtrio|Tangling Hair\n|-unboost|p2a: Orthworm|spe|1\n|faint|p1a: Dugtrio\n|\n|upkeep\n|\n|t:|1732965813\n|switch|p1a: Vespiquen|Vespiquen, L98, F|296/296\n|-ability|p1a: Vespiquen|Pressure\n|turn|12\n|\n|t:|1732965826\n|move|p1a: Vespiquen|Toxic Spikes|p2a: Orthworm\n|-sidestart|p2: stsyme|move: Toxic Spikes\n|move|p2a: Orthworm|Body Press|p1a: Vespiquen\n|-resisted|p1a: Vespiquen\n|-damage|p1a: Vespiquen|222/296\n|\n|upkeep\n|turn|13\n|\n|t:|1732965837\n|move|p1a: Vespiquen|Toxic Spikes|p2a: Orthworm\n|-sidestart|p2: stsyme|move: Toxic Spikes\n|move|p2a: Orthworm|Coil|p2a: Orthworm\n|-boost|p2a: Orthworm|atk|1\n|-boost|p2a: Orthworm|def|1\n|-boost|p2a: Orthworm|accuracy|1\n|\n|upkeep\n|turn|14\n|\n|t:|1732965845\n|move|p1a: Vespiquen|Hurricane|p2a: Orthworm\n|-supereffective|p2a: Orthworm\n|-damage|p2a: Orthworm|0 fnt\n|faint|p2a: Orthworm\n|\n|upkeep\n|\n|t:|1732965860\n|switch|p2a: Jolteon|Jolteon, L84, F|246/246\n|-status|p2a: Jolteon|tox\n|turn|15\n|\n|t:|1732965870\n|move|p2a: Jolteon|Thunderbolt|p1a: Vespiquen\n|-supereffective|p1a: Vespiquen\n|-damage|p1a: Vespiquen|60/296\n|move|p1a: Vespiquen|Hurricane|p2a: Jolteon\n|-resisted|p2a: Jolteon\n|-damage|p2a: Jolteon|181/246 tox\n|\n|-heal|p2a: Jolteon|196/246 tox|[from] item: Leftovers\n|-damage|p2a: Jolteon|181/246 tox|[from] psn\n|upkeep\n|turn|16\n|\n|t:|1732965886\n|switch|p1a: Altaria|Altaria, L88, F|275/275\n|move|p2a: Jolteon|Thunderbolt|p1a: Altaria\n|-damage|p1a: Altaria|184/275\n|-status|p1a: Altaria|par\n|\n|-heal|p2a: Jolteon|196/246 tox|[from] item: Leftovers\n|-damage|p2a: Jolteon|166/246 tox|[from] psn\n|upkeep\n|turn|17\n|\n|t:|1732965898\n|-curestatus|p1a: Altaria|par|[from] ability: Natural Cure\n|switch|p1a: Kommo-o|Kommo-o, L78, F|245/245\n|move|p2a: Jolteon|Calm Mind|p2a: Jolteon\n|-boost|p2a: Jolteon|spa|1\n|-boost|p2a: Jolteon|spd|1\n|\n|-heal|p2a: Jolteon|181/246 tox|[from] item: Leftovers\n|-damage|p2a: Jolteon|136/246 tox|[from] psn\n|upkeep\n|turn|18\n|\n|t:|1732965916\n|move|p2a: Jolteon|Thunderbolt|p1a: Kommo-o\n|-resisted|p1a: Kommo-o\n|-damage|p1a: Kommo-o|169/245\n|move|p1a: Kommo-o|Swords Dance|p1a: Kommo-o\n|-boost|p1a: Kommo-o|atk|2\n|\n|-heal|p2a: Jolteon|151/246 tox|[from] item: Leftovers\n|-damage|p2a: Jolteon|91/246 tox|[from] psn\n|upkeep\n|turn|19\n|\n|t:|1732965927\n|move|p2a: Jolteon|Thunderbolt|p1a: Kommo-o\n|-resisted|p1a: Kommo-o\n|-damage|p1a: Kommo-o|93/245\n|move|p1a: Kommo-o|Swords Dance|p1a: Kommo-o\n|-boost|p1a: Kommo-o|atk|2\n|\n|-heal|p2a: Jolteon|106/246 tox|[from] item: Leftovers\n|-damage|p2a: Jolteon|31/246 tox|[from] psn\n|upkeep\n|turn|20\n|\n|t:|1732965945\n|move|p2a: Jolteon|Thunderbolt|p1a: Kommo-o\n|-resisted|p1a: Kommo-o\n|-damage|p1a: Kommo-o|24/245\n|-status|p1a: Kommo-o|par\n|move|p1a: Kommo-o|Iron Head|p2a: Jolteon\n|-resisted|p2a: Jolteon\n|-damage|p2a: Jolteon|0 fnt\n|faint|p2a: Jolteon\n|\n|upkeep\n|\n|t:|1732965958\n|switch|p2a: Sceptile|Sceptile, L87, F|264/264\n|-status|p2a: Sceptile|tox\n|turn|21\n|\n|t:|1732965967\n|move|p2a: Sceptile|Earthquake|p1a: Kommo-o\n|-damage|p1a: Kommo-o|0 fnt\n|faint|p1a: Kommo-o\n|-damage|p2a: Sceptile|238/264 tox|[from] item: Life Orb\n|\n|-damage|p2a: Sceptile|222/264 tox|[from] psn\n|upkeep\n|\n|t:|1732965980\n|switch|p1a: Altaria|Altaria, L88, F|184/275\n|turn|22\n|\n|t:|1732965991\n|switch|p2a: Lumineon|Lumineon, L93, F|279/279\n|move|p1a: Altaria|Brave Bird|p2a: Lumineon\n|-damage|p2a: Lumineon|171/279\n|-damage|p1a: Altaria|148/275|[from] Recoil\n|\n|upkeep\n|turn|23\n|\n|t:|1732966002\n|move|p2a: Lumineon|Alluring Voice|p1a: Altaria\n|-supereffective|p1a: Altaria\n|-damage|p1a: Altaria|60/275\n|move|p1a: Altaria|Roost|p1a: Altaria\n|-heal|p1a: Altaria|198/275\n|-singleturn|p1a: Altaria|move: Roost\n|\n|upkeep\n|turn|24\n|\n|t:|1732966015\n|move|p2a: Lumineon|Encore|p1a: Altaria\n|-start|p1a: Altaria|Encore\n|move|p1a: Altaria|Roost|p1a: Altaria\n|-heal|p1a: Altaria|275/275\n|-singleturn|p1a: Altaria|move: Roost\n|\n|upkeep\n|turn|25\n|\n|t:|1732966025\n|switch|p1a: Golduck|Golduck, L90, M|232/290\n|-ability|p1a: Golduck|Cloud Nine\n|move|p2a: Lumineon|Alluring Voice|p1a: Golduck\n|-damage|p1a: Golduck|182/290\n|\n|upkeep\n|turn|26\n|\n|t:|1732966035\n|move|p2a: Lumineon|U-turn|p1a: Golduck\n|-damage|p1a: Golduck|131/290\n|\n|t:|1732966038\n|switch|p2a: Sceptile|Sceptile, L87, F|222/264 tox|[from] U-turn\n|move|p1a: Golduck|Grass Knot|p2a: Sceptile\n|-resisted|p2a: Sceptile\n|-damage|p2a: Sceptile|182/264 tox\n|-damage|p1a: Golduck|102/290|[from] item: Life Orb\n|\n|-damage|p2a: Sceptile|166/264 tox|[from] psn\n|upkeep\n|turn|27\n|\n|t:|1732966051\n|move|p2a: Sceptile|Leaf Storm|p1a: Golduck\n|-supereffective|p1a: Golduck\n|-damage|p1a: Golduck|0 fnt\n|-unboost|p2a: Sceptile|spa|2\n|faint|p1a: Golduck\n|-damage|p2a: Sceptile|140/264 tox|[from] item: Life Orb\n|\n|-damage|p2a: Sceptile|108/264 tox|[from] psn\n|upkeep\n|\n|t:|1732966062\n|switch|p1a: Vespiquen|Vespiquen, L98, F|60/296\n|-ability|p1a: Vespiquen|Pressure\n|turn|28\n|\n|t:|1732966073\n|switch|p2a: Lumineon|Lumineon, L93, F|171/279\n|move|p1a: Vespiquen|Roost|p1a: Vespiquen\n|-heal|p1a: Vespiquen|208/296\n|-singleturn|p1a: Vespiquen|move: Roost\n|\n|upkeep\n|turn|29\n|\n|t:|1732966083\n|move|p2a: Lumineon|Encore|p1a: Vespiquen\n|-start|p1a: Vespiquen|Encore\n|move|p1a: Vespiquen|Roost|p1a: Vespiquen\n|-heal|p1a: Vespiquen|296/296\n|-singleturn|p1a: Vespiquen|move: Roost\n|\n|upkeep\n|turn|30\n|\n|t:|1732966091\n|switch|p1a: Altaria|Altaria, L88, F|275/275\n|move|p2a: Lumineon|Hydro Pump|p1a: Altaria\n|-resisted|p1a: Altaria\n|-damage|p1a: Altaria|228/275\n|\n|upkeep\n|turn|31\n|\n|t:|1732966098\n|move|p2a: Lumineon|Alluring Voice|p1a: Altaria\n|-supereffective|p1a: Altaria\n|-damage|p1a: Altaria|142/275\n|move|p1a: Altaria|Brave Bird|p2a: Lumineon\n|-damage|p2a: Lumineon|69/279\n|-damage|p1a: Altaria|108/275|[from] Recoil\n|\n|upkeep\n|turn|32\n|\n|t:|1732966106\n|move|p2a: Lumineon|Alluring Voice|p1a: Altaria\n|-supereffective|p1a: Altaria\n|-damage|p1a: Altaria|18/275\n|move|p1a: Altaria|Brave Bird|p2a: Lumineon\n|-damage|p2a: Lumineon|0 fnt\n|faint|p2a: Lumineon\n|-damage|p1a: Altaria|0 fnt|[from] Recoil\n|faint|p1a: Altaria\n|\n|upkeep\n|\n|t:|1732966117\n|switch|p2a: Sceptile|Sceptile, L87, F|108/264 tox\n|switch|p1a: Vespiquen|Vespiquen, L98, F|296/296\n|-ability|p1a: Vespiquen|Pressure\n|turn|33\n|\n|t:|1732966128\n|-terastallize|p1a: Vespiquen|Steel\n|move|p2a: Sceptile|Focus Blast|p1a: Vespiquen|[miss]\n|-miss|p2a: Sceptile|p1a: Vespiquen\n|move|p1a: Vespiquen|Hurricane|p2a: Sceptile|[miss]\n|-miss|p1a: Vespiquen|p2a: Sceptile\n|\n|-damage|p2a: Sceptile|92/264 tox|[from] psn\n|upkeep\n|turn|34\n|\n|t:|1732966139\n|move|p2a: Sceptile|Focus Blast|p1a: Vespiquen\n|-supereffective|p1a: Vespiquen\n|-crit|p1a: Vespiquen\n|-damage|p1a: Vespiquen|0 fnt\n|faint|p1a: Vespiquen\n|-damage|p2a: Sceptile|66/264 tox|[from] item: Life Orb\n|\n|win|stsyme\n|raw|Ironhay's rating: 1081 &rarr; <strong>1059</strong><br />(-22 for losing)\n|raw|stsyme's rating: 1079 &rarr; <strong>1107</strong><br />(+28 for winning)\n|l|\u2606Ironhay\n|player|p1|\n", "inputlog": ">version b107d77f5c90bd6555267ae244a6264823309ead\n>start {\"formatid\":\"gen9randombattle\",\"seed\":[2191,65083,29255,18514],\"rated\":\"Rated battle\"}\n>player p1 {\"name\":\"Ironhay\",\"avatar\":\"clair\",\"rating\":1081,\"seed\":[51657,16709,53343,46461]}\n>player p2 {\"name\":\"stsyme\",\"avatar\":\"170\",\"rating\":1079,\"seed\":[171,14274,25540,60867]}\n>p1 switch 3\n>p2 move calmmind\n>p1 move grassknot\n>p2 move calmmind\n>p1 move grassknot\n>p2 move scald\n>p2 switch 5\n>p1 switch 5\n>p2 move gunkshot\n>p1 move earthpower\n>p2 move ironhead\n>p1 switch 4\n>p1 move earthquake\n>p2 move highhorsepower\n>p2 switch 6\n>p1 move earthquake\n>p2 move coil\n>p1 switch 3\n>p2 move coil\n>p1 move closecombat\n>p2 move coil terastallize\n>p1 switch 3\n>p2 move coil\n>p1 move suckerpunch\n>p2 move bodypress\n>p1 switch 2\n>p1 move toxicspikes\n>p2 move bodypress\n>p1 move toxicspikes\n>p2 move coil\n>p1 move hurricane\n>p2 move coil\n>p2 switch 3\n>p1 move hurricane\n>p2 move thunderbolt\n>p1 switch 6\n>p2 move thunderbolt\n>p1 switch 3\n>p2 move calmmind\n>p1 move swordsdance\n>p2 move thunderbolt\n>p1 move swordsdance\n>p2 move thunderbolt\n>p1 move ironhead\n>p2 move thunderbolt\n>p2 switch 2\n>p1 move scaleshot\n>p2 move earthquake\n>p1 switch 3\n>p1 move bravebird\n>p2 switch 4\n>p1 move roost\n>p2 move alluringvoice\n>p1 move bravebird\n>p2 move encore\n>p1 switch 5\n>p2 move alluringvoice\n>p1 move grassknot\n>p2 move uturn\n>p2 switch 4\n>p1 move icebeam\n>p2 move leafstorm\n>p1 switch 6\n>p1 move roost\n>p2 switch 4\n>p1 move hurricane\n>p2 move encore\n>p1 switch 5\n>p2 move hydropump\n>p1 move bravebird\n>p2 move alluringvoice\n>p1 move bravebird\n>p2 move alluringvoice\n>p1 switch 5\n>p2 switch 4\n>p1 move hurricane terastallize\n>p2 move focusblast\n>p1 move hurricane\n>p2 move focusblast", "uploadtime": 1732966152, "views": 8, "formatid": "gen9randombattle", "rating": 1059, "private": 0, "password": null}