{"id": "gen9randombattle-2254113084", "format": "[Gen 9] Random Battle", "players": ["Tyrant12345+", "freyaknightvgc"], "log": "|j|\u2606Tyrant12345+\n|j|\u2606freyaknightvgc\n|t:|1732992813\n|gametype|singles\n|player|p1|Tyrant12345+|1|2123\n|player|p2|freyaknightvgc|grusha|2188\n|teamsize|p1|6\n|teamsize|p2|6\n|gen|9\n|tier|[Gen 9] Random Battle\n|rated|\n|rule|Species Clause: Limit one of each Pok\u00e9mon\n|rule|HP Percentage Mod: HP is shown in percentages\n|rule|Sleep Clause Mod: Limit one foe put to sleep\n|rule|Illusion Level Mod: Illusion disguises the Pok\u00e9mon's true level\n|\n|t:|1732992813\n|start\n|switch|p1a: Magcargo|Magcargo, L95, F|268/268\n|switch|p2a: Furret|Furret, L94, M|312/312\n|-item|p1a: Magcargo|Heavy-Duty Boots|[from] ability: Frisk|[of] p2a: Furret\n|turn|1\n|inactive|Battle timer is ON: inactive players will automatically lose when time's up. (requested by Tyrant12345+)\n|\n|t:|1732992834\n|move|p2a: Furret|Trick|p1a: Magcargo\n|-activate|p2a: Furret|move: Trick|[of] p1a: Magcargo\n|-item|p1a: Magcargo|Choice Band|[from] move: Trick\n|-item|p2a: Furret|Heavy-Duty Boots|[from] move: Trick\n|move|p1a: Magcargo|Lava Plume|p2a: Furret\n|-damage|p2a: Furret|185/312\n|-status|p2a: Furret|brn\n|\n|-damage|p2a: Furret|166/312 brn|[from] brn\n|upkeep\n|turn|2\n|\n|t:|1732992847\n|switch|p1a: Spiritomb|Spiritomb, L89, F|234/234\n|move|p2a: Furret|U-turn|p1a: Spiritomb\n|-damage|p1a: Spiritomb|213/234\n|\n|t:|1732992857\n|switch|p2a: Vikavolt|Vikavolt, L83, F|263/263|[from] U-turn\n|\n|-heal|p1a: Spiritomb|227/234|[from] item: Leftovers\n|upkeep\n|turn|3\n|\n|t:|1732992871\n|move|p2a: Vikavolt|Sticky Web|p1a: Spiritomb\n|-sidestart|p1: Tyrant12345+|move: Sticky Web\n|move|p1a: Spiritomb|Poltergeist|p2a: Vikavolt\n|-activate|p2a: Vikavolt|move: Poltergeist|Heavy-Duty Boots\n|-damage|p2a: Vikavolt|136/263\n|\n|-heal|p1a: Spiritomb|234/234|[from] item: Leftovers\n|upkeep\n|turn|4\n|\n|t:|1732992881\n|switch|p2a: Furret|Furret, L94, M|166/312 brn\n|-item|p1a: Spiritomb|Leftovers|[from] ability: Frisk|[of] p2a: Furret\n|move|p1a: Spiritomb|Poltergeist|p2a: Furret\n|-immune|p2a: Furret\n|\n|-damage|p2a: Furret|147/312 brn|[from] brn\n|upkeep\n|turn|5\n|\n|t:|1732992888\n|switch|p1a: Magcargo|Magcargo, L95, F|268/268\n|-activate|p1a: Magcargo|move: Sticky Web\n|-unboost|p1a: Magcargo|spe|1\n|move|p2a: Furret|U-turn|p1a: Magcargo\n|-resisted|p1a: Magcargo\n|-damage|p1a: Magcargo|260/268\n|\n|t:|1732992905\n|switch|p2a: Glimmora|Glimmora, L75, M|248/248|[from] U-turn\n|\n|upkeep\n|turn|6\n|\n|t:|1732992914\n|switch|p1a: Mesprit|Mesprit, L85|275/275\n|move|p2a: Glimmora|Meteor Beam||[still]\n|-prepare|p2a: Glimmora|Meteor Beam\n|-boost|p2a: Glimmora|spa|1\n|-enditem|p2a: Glimmora|Power Herb\n|-anim|p2a: Glimmora|Meteor Beam|p1a: Mesprit\n|-damage|p1a: Mesprit|152/275\n|\n|upkeep\n|turn|7\n|\n|t:|1732992927\n|switch|p2a: Furret|Furret, L94, M|147/312 brn\n|-item|p1a: Mesprit|Assault Vest|[from] ability: Frisk|[of] p2a: Furret\n|move|p1a: Mesprit|Psychic Noise|p2a: Furret\n|-damage|p2a: Furret|29/312 brn\n|-start|p2a: Furret|move: Heal Block\n|\n|-damage|p2a: Furret|10/312 brn|[from] brn\n|upkeep\n|turn|8\n|\n|t:|1732992938\n|switch|p1a: Magcargo|Magcargo, L95, F|260/268\n|-activate|p1a: Magcargo|move: Sticky Web\n|-unboost|p1a: Magcargo|spe|1\n|move|p2a: Furret|U-turn|p1a: Magcargo\n|-resisted|p1a: Magcargo\n|-damage|p1a: Magcargo|251/268\n|\n|t:|1732992960\n|switch|p2a: Rillaboom|Rillaboom, L79, M|288/288|[from] U-turn\n|-fieldstart|move: Grassy Terrain|[from] ability: Grassy Surge|[of] p2a: Rillaboom\n|\n|-heal|p1a: Magcargo|267/268|[from] Grassy Terrain\n|upkeep\n|turn|9\n|\n|t:|1732992973\n|switch|p2a: Glimmora|Glimmora, L75, M|248/248\n|move|p1a: Magcargo|Lava Plume|p2a: Glimmora\n|-resisted|p2a: Glimmora\n|-damage|p2a: Glimmora|186/248\n|\n|-heal|p2a: Glimmora|201/248|[from] Grassy Terrain\n|-heal|p1a: Magcargo|268/268|[from] Grassy Terrain\n|upkeep\n|turn|10\n|\n|t:|1732992989\n|switch|p1a: Spiritomb|Spiritomb, L89, F|234/234\n|-activate|p1a: Spiritomb|move: Sticky Web\n|-unboost|p1a: Spiritomb|spe|1\n|move|p2a: Glimmora|Sludge Wave|p1a: Spiritomb\n|-resisted|p1a: Spiritomb\n|-damage|p1a: Spiritomb|194/234\n|\n|-heal|p2a: Glimmora|216/248|[from] Grassy Terrain\n|-heal|p1a: Spiritomb|208/234|[from] Grassy Terrain\n|-heal|p1a: Spiritomb|222/234|[from] item: Leftovers\n|upkeep\n|turn|11\n|inactive|Tyrant12345+ has 120 seconds left.\n|\n|t:|1732993017\n|switch|p1a: Mesprit|Mesprit, L85|152/275\n|move|p2a: Glimmora|Energy Ball|p1a: Mesprit\n|-damage|p1a: Mesprit|99/275\n|\n|-heal|p2a: Glimmora|231/248|[from] Grassy Terrain\n|upkeep\n|turn|12\n|inactive|freyaknightvgc has 120 seconds left.\n|\n|t:|1732993047\n|switch|p2a: Furret|Furret, L94, M|10/312 brn\n|-item|p1a: Mesprit|Assault Vest|[from] ability: Frisk|[of] p2a: Furret\n|move|p1a: Mesprit|Psychic Noise|p2a: Furret\n|-damage|p2a: Furret|0 fnt\n|faint|p2a: Furret\n|\n|-fieldend|move: Grassy Terrain\n|upkeep\n|inactive|freyaknightvgc has 120 seconds left.\n|\n|t:|1732993068\n|switch|p2a: Vikavolt|Vikavolt, L83, F|136/263\n|turn|13\n|\n|t:|1732993085\n|switch|p1a: Magcargo|Magcargo, L95, F|268/268\n|-activate|p1a: Magcargo|move: Sticky Web\n|-unboost|p1a: Magcargo|spe|1\n|move|p2a: Vikavolt|Discharge|p1a: Magcargo\n|-damage|p1a: Magcargo|154/268\n|-status|p1a: Magcargo|par\n|\n|upkeep\n|turn|14\n|inactive|freyaknightvgc has 90 seconds left.\n|\n|t:|1732993117\n|move|p2a: Vikavolt|Discharge|p1a: Magcargo\n|-damage|p1a: Magcargo|42/268 par\n|move|p1a: Magcargo|Stealth Rock|p2a: Vikavolt\n|-sidestart|p2: freyaknightvgc|move: Stealth Rock\n|\n|upkeep\n|turn|15\n|\n|t:|1732993130\n|switch|p1a: Spiritomb|Spiritomb, L89, F|222/234\n|-activate|p1a: Spiritomb|move: Sticky Web\n|-unboost|p1a: Spiritomb|spe|1\n|move|p2a: Vikavolt|Bug Buzz|p1a: Spiritomb\n|-damage|p1a: Spiritomb|120/234\n|\n|-heal|p1a: Spiritomb|134/234|[from] item: Leftovers\n|upkeep\n|turn|16\n|\n|t:|1732993142\n|move|p2a: Vikavolt|Discharge|p1a: Spiritomb\n|-damage|p1a: Spiritomb|32/234\n|-status|p1a: Spiritomb|par\n|move|p1a: Spiritomb|Poltergeist|p2a: Vikavolt\n|-activate|p2a: Vikavolt|move: Poltergeist|Heavy-Duty Boots\n|-damage|p2a: Vikavolt|19/263\n|\n|-heal|p1a: Spiritomb|46/234 par|[from] item: Leftovers\n|upkeep\n|turn|17\n|\n|t:|1732993152\n|move|p1a: Spiritomb|Shadow Sneak|p2a: Vikavolt\n|-damage|p2a: Vikavolt|0 fnt\n|faint|p2a: Vikavolt\n|\n|-heal|p1a: Spiritomb|60/234 par|[from] item: Leftovers\n|upkeep\n|\n|t:|1732993167\n|switch|p2a: Rillaboom|Rillaboom, L79, M|288/288\n|-damage|p2a: Rillaboom|252/288|[from] Stealth Rock\n|-fieldstart|move: Grassy Terrain|[from] ability: Grassy Surge|[of] p2a: Rillaboom\n|turn|18\n|\n|t:|1732993173\n|switch|p1a: Magcargo|Magcargo, L95, F|42/268 par\n|-activate|p1a: Magcargo|move: Sticky Web\n|-unboost|p1a: Magcargo|spe|1\n|move|p2a: Rillaboom|Grassy Glide|p1a: Magcargo\n|-damage|p1a: Magcargo|0 fnt\n|faint|p1a: Magcargo\n|-damage|p2a: Rillaboom|224/288|[from] item: Life Orb\n|\n|-heal|p2a: Rillaboom|242/288|[from] Grassy Terrain\n|upkeep\n|\n|t:|1732993181\n|switch|p1a: Abomasnow|Abomasnow, L85, M|291/291\n|-activate|p1a: Abomasnow|move: Sticky Web\n|-unboost|p1a: Abomasnow|spe|1\n|-weather|Snow|[from] ability: Snow Warning|[of] p1a: Abomasnow\n|turn|19\n|\n|t:|1732993187\n|switch|p2a: Glaceon|Glaceon, L94, F|275/275\n|move|p1a: Abomasnow|Aurora Veil|p1a: Abomasnow\n|-sidestart|p1: Tyrant12345+|move: Aurora Veil\n|\n|-weather|Snow|[upkeep]\n|upkeep\n|turn|20\n|\n|t:|1732993203\n|switch|p1a: Spiritomb|Spiritomb, L89, F|60/234 par\n|-activate|p1a: Spiritomb|move: Sticky Web\n|-unboost|p1a: Spiritomb|spe|1\n|move|p2a: Glaceon|Calm Mind|p2a: Glaceon\n|-boost|p2a: Glaceon|spa|1\n|-boost|p2a: Glaceon|spd|1\n|\n|-weather|Snow|[upkeep]\n|-heal|p1a: Spiritomb|74/234 par|[from] Grassy Terrain\n|-heal|p1a: Spiritomb|88/234 par|[from] item: Leftovers\n|upkeep\n|turn|21\n|\n|t:|1732993213\n|move|p2a: Glaceon|Calm Mind|p2a: Glaceon\n|-boost|p2a: Glaceon|spa|1\n|-boost|p2a: Glaceon|spd|1\n|move|p1a: Spiritomb|Poltergeist|p2a: Glaceon|[miss]\n|-miss|p1a: Spiritomb|p2a: Glaceon\n|\n|-weather|Snow|[upkeep]\n|-heal|p1a: Spiritomb|102/234 par|[from] Grassy Terrain\n|-heal|p1a: Spiritomb|116/234 par|[from] item: Leftovers\n|upkeep\n|turn|22\n|\n|t:|1732993220\n|move|p2a: Glaceon|Freeze-Dry|p1a: Spiritomb\n|-damage|p1a: Spiritomb|17/234 par\n|cant|p1a: Spiritomb|par\n|\n|-weather|Snow|[upkeep]\n|-heal|p1a: Spiritomb|31/234 par|[from] Grassy Terrain\n|-heal|p1a: Spiritomb|45/234 par|[from] item: Leftovers\n|-fieldend|move: Grassy Terrain\n|upkeep\n|turn|23\n|\n|t:|1732993225\n|move|p2a: Glaceon|Freeze-Dry|p1a: Spiritomb\n|-damage|p1a: Spiritomb|0 fnt\n|faint|p1a: Spiritomb\n|\n|-weather|none\n|upkeep\n|\n|t:|1732993231\n|switch|p1a: Minior|Minior-Blue, L79|224/224\n|-formechange|p1a: Minior|Minior-Meteor||[from] ability: Shields Down\n|turn|24\n|\n|t:|1732993241\n|move|p2a: Glaceon|Calm Mind|p2a: Glaceon\n|-boost|p2a: Glaceon|spa|1\n|-boost|p2a: Glaceon|spd|1\n|move|p1a: Minior|Shell Smash|p1a: Minior\n|-unboost|p1a: Minior|def|1\n|-unboost|p1a: Minior|spd|1\n|-boost|p1a: Minior|atk|2\n|-boost|p1a: Minior|spa|2\n|-boost|p1a: Minior|spe|2\n|-enditem|p1a: Minior|White Herb\n|-clearnegativeboost|p1a: Minior|[silent]\n|\n|upkeep\n|turn|25\n|\n|t:|1732993262\n|move|p1a: Minior|Power Gem|p2a: Glaceon\n|-supereffective|p2a: Glaceon\n|-damage|p2a: Glaceon|203/275\n|move|p2a: Glaceon|Freeze-Dry|p1a: Minior\n|-supereffective|p1a: Minior\n|-damage|p1a: Minior|0 fnt\n|faint|p1a: Minior\n|\n|upkeep\n|c|\u2606Tyrant12345+|gg\n|c|\u2606Tyrant12345+|!showteam\n|c| Tyrant12345+|/raw <div class=\"infobox\"><details><summary>View team</summary>Magcargo @ Heavy-Duty Boots  <br />Ability: Flame Body  <br />Level: 95  <br />Tera Type: Dragon  <br />EVs: 85 HP &#x2f; 85 Def &#x2f; 85 SpA &#x2f; 85 SpD &#x2f; 85 Spe  <br />IVs: 0 Atk  <br />- Recover  <br />- Lava Plume  <br />- Power Gem  <br />- Stealth Rock  <br /><br />Abomasnow @ Light Clay  <br />Ability: Snow Warning  <br />Level: 85  <br />Tera Type: Ice  <br />EVs: 81 HP &#x2f; 85 Atk &#x2f; 85 Def &#x2f; 85 SpA &#x2f; 85 SpD &#x2f; 85 Spe  <br />- Wood Hammer  <br />- Blizzard  <br />- Aurora Veil  <br />- Earthquake  <br /><br />Minior (Minior-Blue) @ White Herb  <br />Ability: Shields Down  <br />Level: 79  <br />Tera Type: Ground  <br />EVs: 85 HP &#x2f; 85 Atk &#x2f; 85 Def &#x2f; 85 SpA &#x2f; 85 SpD &#x2f; 85 Spe  <br />- Earthquake  <br />- Acrobatics  <br />- Shell Smash  <br />- Power Gem  <br /><br />Regieleki @ Magnet  <br />Ability: Transistor  <br />Level: 79  <br />Tera Type: Ice  <br />EVs: 85 HP &#x2f; 85 Atk &#x2f; 85 Def &#x2f; 85 SpA &#x2f; 85 SpD &#x2f; 85 Spe  <br />- Tera Blast  <br />- Volt Switch  <br />- Thunderbolt  <br />- Rapid Spin  <br /><br />Spiritomb @ Leftovers  <br />Ability: Infiltrator  <br />Level: 89  <br />Tera Type: Dark  <br />EVs: 85 HP &#x2f; 85 Atk &#x2f; 85 Def &#x2f; 85 SpA &#x2f; 85 SpD &#x2f; 85 Spe  <br />- Poltergeist  <br />- Pain Split  <br />- Shadow Sneak  <br />- Foul Play  <br /><br />Mesprit @ Assault Vest  <br />Ability: Levitate  <br />Level: 85  <br />Tera Type: Fighting  <br />EVs: 85 HP &#x2f; 85 Atk &#x2f; 85 Def &#x2f; 85 SpA &#x2f; 85 SpD &#x2f; 85 Spe  <br />- Drain Punch  <br />- Ice Beam  <br />- Psychic Noise  <br />- Knock Off  <br /><br /></details></div>\n|c|\u2606freyaknightvgc|gg\n|-message|Tyrant12345+ forfeited.\n|\n|win|freyaknightvgc\n|raw|Tyrant12345+'s rating: 2123 &rarr; <strong>2107</strong><br />(-16 for losing)\n|raw|freyaknightvgc's rating: 2188 &rarr; <strong>2204</strong><br />(+16 for winning)\n|c|\u2606freyaknightvgc|horrible mu glaceon post cm\n", "inputlog": ">version b107d77f5c90bd6555267ae244a6264823309ead\n>start {\"formatid\":\"gen9randombattle\",\"seed\":[61644,28965,44429,48068],\"rated\":\"Rated battle\"}\n>player p1 {\"name\":\"Tyrant12345+\",\"avatar\":\"1\",\"rating\":2123,\"seed\":[54802,5791,25540,32903]}\n>player p2 {\"name\":\"freyaknightvgc\",\"avatar\":\"grusha\",\"rating\":2188,\"seed\":[7559,7701,43365,17372]}\n>p1 move lavaplume\n>p2 move trick\n>p1 switch 5\n>p2 move uturn\n>p2 switch 4\n>p1 move poltergeist\n>p2 move stickyweb\n>p1 move poltergeist\n>p2 switch 4\n>p1 switch 5\n>p2 move uturn\n>p2 switch 5\n>p1 switch 6\n>p2 move meteorbeam\n>p1 move psychicnoise\n>p2 switch 5\n>p1 switch 6\n>p2 move uturn\n>p2 switch 2\n>p1 move lavaplume\n>p2 switch 5\n>p1 switch 5\n>p2 move sludgewave\n>p1 switch 6\n>p2 move energyball\n>p1 move psychicnoise\n>p2 switch 2\n>p2 switch 4\n>p1 switch 5\n>p2 move discharge\n>p1 move stealthrock\n>p2 move discharge\n>p1 switch 6\n>p2 move bugbuzz\n>p1 move poltergeist\n>p2 move discharge\n>p1 move shadowsneak\n>p2 move bugbuzz\n>p2 switch 5\n>p1 switch 6\n>p2 move grassyglide\n>p1 switch 2\n>p1 move auroraveil\n>p2 switch 3\n>p1 switch 6\n>p2 move calmmind\n>p1 move poltergeist\n>p2 move calmmind\n>p1 move poltergeist\n>p2 move freezedry\n>p1 move poltergeist\n>p2 move freezedry\n>p1 switch 3\n>p1 move shellsmash\n>p2 move calmmind\n>p1 move powergem\n>p2 move freezedry\n>chat \u2606Tyrant12345+|gg\n>chat \u2606Tyrant12345+|!showteam\n>chat \u2606freyaknightvgc|gg\n>forcelose p1", "uploadtime": 1732993296, "views": 2, "formatid": "gen9randombattle", "rating": 2107, "private": 0, "password": null}