{"id": "gen9randombattle-2253999948", "format": "[Gen 9] Random Battle", "players": ["Yehom", "bi hunk"], "log": "|j|\u2606Yehom\n|j|\u2606bi hunk\n|t:|1732978075\n|gametype|singles\n|player|p1|Yehom|101|1725\n|player|p2|bi hunk|milo|1713\n|teamsize|p1|6\n|teamsize|p2|6\n|gen|9\n|tier|[Gen 9] Random Battle\n|rated|\n|rule|Species Clause: Limit one of each Pok\u00e9mon\n|rule|HP Percentage Mod: HP is shown in percentages\n|rule|Sleep Clause Mod: Limit one foe put to sleep\n|rule|Illusion Level Mod: Illusion disguises the Pok\u00e9mon's true level\n|\n|t:|1732978075\n|start\n|switch|p1a: Solgaleo|Solgaleo, L74|325/325\n|switch|p2a: Jirachi|Jirachi, L80|291/291\n|turn|1\n|inactive|Battle timer is ON: inactive players will automatically lose when time's up. (requested by bi hunk)\n|\n|t:|1732978097\n|move|p2a: Jirachi|Stealth Rock|p1a: Solgaleo\n|-sidestart|p1: Yehom|move: Stealth Rock\n|move|p1a: Solgaleo|Flare Blitz|p2a: Jirachi\n|-supereffective|p2a: Jirachi\n|-damage|p2a: Jirachi|111/291\n|-damage|p1a: Solgaleo|266/325|[from] Recoil\n|\n|-heal|p2a: Jirachi|129/291|[from] item: Leftovers\n|-heal|p1a: Solgaleo|286/325|[from] item: Leftovers\n|upkeep\n|turn|2\n|\n|t:|1732978108\n|move|p2a: Jirachi|U-turn|p1a: Solgaleo\n|-damage|p1a: Solgaleo|240/325\n|\n|t:|1732978112\n|switch|p2a: Skuntank|Skuntank, L84, F|310/310|[from] U-turn\n|move|p1a: Solgaleo|Flare Blitz|p2a: Skuntank\n|-damage|p2a: Skuntank|213/310\n|-damage|p1a: Solgaleo|208/325|[from] Recoil\n|\n|-heal|p1a: Solgaleo|228/325|[from] item: Leftovers\n|upkeep\n|turn|3\n|\n|t:|1732978122\n|switch|p1a: Magmortar|Magmortar, L88, M|275/275\n|move|p2a: Skuntank|Toxic Spikes|p1a: Magmortar\n|-sidestart|p1: Yehom|move: Toxic Spikes\n|\n|upkeep\n|turn|4\n|\n|t:|1732978131\n|switch|p2a: Cyclizar|Cyclizar, L83, M|252/252\n|move|p1a: Magmortar|Fire Blast|p2a: Cyclizar\n|-resisted|p2a: Cyclizar\n|-damage|p2a: Cyclizar|162/252\n|\n|upkeep\n|turn|5\n|\n|t:|1732978136\n|move|p2a: Cyclizar|Knock Off|p1a: Magmortar\n|-damage|p1a: Magmortar|199/275\n|-status|p2a: Cyclizar|brn|[from] ability: Flame Body|[of] p1a: Magmortar\n|-enditem|p1a: Magmortar|Heavy-Duty Boots|[from] move: Knock Off|[of] p2a: Cyclizar\n|move|p1a: Magmortar|Knock Off|p2a: Cyclizar\n|-damage|p2a: Cyclizar|75/252 brn\n|-enditem|p2a: Cyclizar|Heavy-Duty Boots|[from] move: Knock Off|[of] p1a: Magmortar\n|\n|-damage|p2a: Cyclizar|60/252 brn|[from] brn\n|upkeep\n|turn|6\n|\n|t:|1732978152\n|switch|p2a: Moltres|Moltres-Galar, L79|271/271\n|move|p1a: Magmortar|Fire Blast|p2a: Moltres\n|-damage|p2a: Moltres|133/271\n|-ability|p2a: Moltres|Berserk|boost\n|-boost|p2a: Moltres|spa|1\n|\n|upkeep\n|turn|7\n|\n|t:|1732978160\n|move|p1a: Magmortar|Thunderbolt|p2a: Moltres\n|-supereffective|p2a: Moltres\n|-damage|p2a: Moltres|0 fnt\n|faint|p2a: Moltres\n|\n|upkeep\n|\n|t:|1732978167\n|switch|p2a: Cyclizar|Cyclizar, L83, M|144/252 brn\n|turn|8\n|\n|t:|1732978173\n|move|p2a: Cyclizar|Shed Tail|p2a: Cyclizar\n|-start|p2a: Cyclizar|Substitute|[from] move: Shed Tail\n|-damage|p2a: Cyclizar|18/252 brn\n|\n|t:|1732978181\n|switch|p2a: Skuntank|Skuntank, L84, F|213/310|[from] Shed Tail\n|move|p1a: Magmortar|Focus Blast|p2a: Skuntank|[miss]\n|-miss|p1a: Magmortar|p2a: Skuntank\n|\n|upkeep\n|turn|9\n|\n|t:|1732978187\n|move|p1a: Magmortar|Fire Blast|p2a: Skuntank\n|-end|p2a: Skuntank|Substitute\n|move|p2a: Skuntank|Gunk Shot|p1a: Magmortar\n|-damage|p1a: Magmortar|24/275\n|-damage|p2a: Skuntank|182/310|[from] item: Life Orb\n|\n|upkeep\n|turn|10\n|\n|t:|1732978191\n|move|p2a: Skuntank|Sucker Punch|p1a: Magmortar\n|-damage|p1a: Magmortar|0 fnt\n|faint|p1a: Magmortar\n|-damage|p2a: Skuntank|151/310|[from] item: Life Orb\n|\n|upkeep\n|\n|t:|1732978205\n|switch|p1a: Dodrio|Dodrio, L86, F|243/243\n|turn|11\n|\n|t:|1732978213\n|switch|p2a: Froslass|Froslass, L87, F|263/263\n|move|p1a: Dodrio|Drill Run|p2a: Froslass\n|-damage|p2a: Froslass|188/263\n|\n|upkeep\n|turn|12\n|\n|t:|1732978221\n|move|p2a: Froslass|Spikes|p1a: Dodrio\n|-sidestart|p1: Yehom|Spikes\n|move|p1a: Dodrio|Knock Off|p2a: Froslass\n|-supereffective|p2a: Froslass\n|-damage|p2a: Froslass|4/263\n|-enditem|p2a: Froslass|Wide Lens|[from] move: Knock Off|[of] p1a: Dodrio\n|\n|upkeep\n|turn|13\n|\n|t:|1732978224\n|move|p2a: Froslass|Triple Axel|p1a: Dodrio\n|-supereffective|p1a: Dodrio\n|-damage|p1a: Dodrio|199/243\n|-supereffective|p1a: Dodrio\n|-damage|p1a: Dodrio|109/243\n|-supereffective|p1a: Dodrio\n|-damage|p1a: Dodrio|0 fnt\n|faint|p1a: Dodrio\n|-hitcount|p1: Dodrio|3\n|\n|upkeep\n|\n|t:|1732978238\n|switch|p1a: Copperajah|Copperajah, L86, F|350/350\n|-damage|p1a: Copperajah|329/350|[from] Stealth Rock\n|-damage|p1a: Copperajah|286/350|[from] Spikes\n|turn|14\n|\n|t:|1732978244\n|move|p2a: Froslass|Poltergeist|p1a: Copperajah\n|-activate|p1a: Copperajah|move: Poltergeist|Choice Band\n|-damage|p1a: Copperajah|169/350\n|move|p1a: Copperajah|Heavy Slam|p2a: Froslass\n|-supereffective|p2a: Froslass\n|-damage|p2a: Froslass|0 fnt\n|faint|p2a: Froslass\n|\n|upkeep\n|\n|t:|1732978249\n|switch|p2a: Jirachi|Jirachi, L80|129/291\n|turn|15\n|\n|t:|1732978252\n|move|p2a: Jirachi|Drain Punch|p1a: Copperajah\n|-supereffective|p1a: Copperajah\n|-damage|p1a: Copperajah|61/350\n|-heal|p2a: Jirachi|183/291|[from] drain|[of] p1a: Copperajah\n|move|p1a: Copperajah|Heavy Slam|p2a: Jirachi\n|-resisted|p2a: Jirachi\n|-damage|p2a: Jirachi|57/291\n|\n|-heal|p2a: Jirachi|75/291|[from] item: Leftovers\n|upkeep\n|turn|16\n|\n|t:|1732978257\n|move|p2a: Jirachi|Drain Punch|p1a: Copperajah\n|-supereffective|p1a: Copperajah\n|-damage|p1a: Copperajah|0 fnt\n|-heal|p2a: Jirachi|106/291|[from] drain|[of] p1a: Copperajah\n|faint|p1a: Copperajah\n|\n|-heal|p2a: Jirachi|124/291|[from] item: Leftovers\n|upkeep\n|\n|t:|1732978260\n|switch|p1a: Solgaleo|Solgaleo, L74|228/325\n|-damage|p1a: Solgaleo|208/325|[from] Stealth Rock\n|-damage|p1a: Solgaleo|168/325|[from] Spikes\n|turn|17\n|\n|t:|1732978264\n|move|p2a: Jirachi|U-turn|p1a: Solgaleo\n|-damage|p1a: Solgaleo|120/325\n|\n|t:|1732978266\n|switch|p2a: Skuntank|Skuntank, L84, F|151/310|[from] U-turn\n|move|p1a: Solgaleo|Morning Sun|p1a: Solgaleo\n|-heal|p1a: Solgaleo|282/325\n|\n|-heal|p1a: Solgaleo|302/325|[from] item: Leftovers\n|upkeep\n|turn|18\n|\n|t:|1732978277\n|-terastallize|p1a: Solgaleo|Water\n|move|p2a: Skuntank|Knock Off|p1a: Solgaleo\n|-damage|p1a: Solgaleo|166/325\n|-enditem|p1a: Solgaleo|Leftovers|[from] move: Knock Off|[of] p2a: Skuntank\n|-damage|p2a: Skuntank|120/310|[from] item: Life Orb\n|move|p1a: Solgaleo|Sunsteel Strike|p2a: Skuntank\n|-damage|p2a: Skuntank|0 fnt\n|-damage|p1a: Solgaleo|85/325|[from] ability: Aftermath|[of] p2a: Skuntank\n|faint|p2a: Skuntank\n|\n|upkeep\n|\n|t:|1732978283\n|switch|p2a: Cyclizar|Cyclizar, L83, M|102/252 brn\n|turn|19\n|\n|t:|1732978285\n|move|p2a: Cyclizar|Draco Meteor|p1a: Solgaleo\n|-damage|p1a: Solgaleo|0 fnt\n|-unboost|p2a: Cyclizar|spa|2\n|faint|p1a: Solgaleo\n|\n|-damage|p2a: Cyclizar|87/252 brn|[from] brn\n|upkeep\n|\n|t:|1732978288\n|switch|p1a: Torterra|Torterra, L78, F|276/276\n|-damage|p1a: Torterra|259/276|[from] Stealth Rock\n|-status|p1a: Torterra|psn\n|-damage|p1a: Torterra|225/276 psn|[from] Spikes\n|turn|20\n|\n|t:|1732978296\n|move|p2a: Cyclizar|Knock Off|p1a: Torterra\n|-damage|p1a: Torterra|193/276 psn\n|-enditem|p1a: Torterra|Loaded Dice|[from] move: Knock Off|[of] p2a: Cyclizar\n|move|p1a: Torterra|Shell Smash|p1a: Torterra\n|-unboost|p1a: Torterra|def|1\n|-unboost|p1a: Torterra|spd|1\n|-boost|p1a: Torterra|atk|2\n|-boost|p1a: Torterra|spa|2\n|-boost|p1a: Torterra|spe|2\n|\n|-damage|p1a: Torterra|159/276 psn|[from] psn\n|-damage|p2a: Cyclizar|72/252 brn|[from] brn\n|upkeep\n|turn|21\n|\n|t:|1732978308\n|switch|p2a: Jirachi|Jirachi, L80|124/291\n|move|p1a: Torterra|Rock Blast|p2a: Jirachi\n|-resisted|p2a: Jirachi\n|-damage|p2a: Jirachi|107/291\n|-resisted|p2a: Jirachi\n|-damage|p2a: Jirachi|92/291\n|-resisted|p2a: Jirachi\n|-damage|p2a: Jirachi|77/291\n|-hitcount|p2a: Jirachi|3\n|\n|-heal|p2a: Jirachi|95/291|[from] item: Leftovers\n|-damage|p1a: Torterra|125/276 psn|[from] psn\n|upkeep\n|turn|22\n|\n|t:|1732978313\n|switch|p2a: Vespiquen|Vespiquen, L98, F|296/296\n|-ability|p2a: Vespiquen|Pressure\n|move|p1a: Torterra|Headlong Rush|p2a: Vespiquen\n|-immune|p2a: Vespiquen\n|\n|-damage|p1a: Torterra|91/276 psn|[from] psn\n|upkeep\n|turn|23\n|\n|t:|1732978319\n|-terastallize|p2a: Vespiquen|Steel\n|move|p1a: Torterra|Rock Blast|p2a: Vespiquen|[miss]\n|-miss|p1a: Torterra|p2a: Vespiquen\n|move|p2a: Vespiquen|U-turn|p1a: Torterra\n|-supereffective|p1a: Torterra\n|-damage|p1a: Torterra|0 fnt\n|faint|p1a: Torterra\n|\n|t:|1732978325\n|switch|p2a: Cyclizar|Cyclizar, L83, M|156/252 brn|[from] U-turn\n|\n|-damage|p2a: Cyclizar|141/252 brn|[from] brn\n|upkeep\n|\n|t:|1732978330\n|switch|p1a: Golurk|Golurk, L87|297/297\n|-damage|p1a: Golurk|279/297|[from] Stealth Rock\n|-status|p1a: Golurk|psn\n|-damage|p1a: Golurk|242/297 psn|[from] Spikes\n|turn|24\n|\n|t:|1732978338\n|move|p2a: Cyclizar|Knock Off|p1a: Golurk\n|-supereffective|p1a: Golurk\n|-damage|p1a: Golurk|171/297 psn\n|-enditem|p1a: Golurk|Life Orb|[from] move: Knock Off|[of] p2a: Cyclizar\n|move|p1a: Golurk|Earthquake|p2a: Cyclizar\n|-damage|p2a: Cyclizar|0 fnt\n|faint|p2a: Cyclizar\n|\n|-damage|p1a: Golurk|134/297 psn|[from] psn\n|upkeep\n|\n|t:|1732978348\n|switch|p2a: Jirachi|Jirachi, L80|95/291\n|turn|25\n|\n|t:|1732978351\n|move|p2a: Jirachi|U-turn|p1a: Golurk\n|-resisted|p1a: Golurk\n|-damage|p1a: Golurk|111/297 psn\n|\n|t:|1732978352\n|switch|p2a: Vespiquen|Vespiquen, L98, F, tera:Steel|296/296|[from] U-turn\n|-ability|p2a: Vespiquen|Pressure\n|move|p1a: Golurk|Earthquake|p2a: Vespiquen\n|-supereffective|p2a: Vespiquen\n|-damage|p2a: Vespiquen|96/296\n|\n|-damage|p1a: Golurk|74/297 psn|[from] psn\n|upkeep\n|turn|26\n|\n|t:|1732978358\n|move|p1a: Golurk|Earthquake|p2a: Vespiquen\n|-supereffective|p2a: Vespiquen\n|-damage|p2a: Vespiquen|0 fnt\n|faint|p2a: Vespiquen\n|\n|-damage|p1a: Golurk|37/297 psn|[from] psn\n|upkeep\n|\n|t:|1732978360\n|switch|p2a: Jirachi|Jirachi, L80|95/291\n|turn|27\n|\n|t:|1732978362\n|move|p2a: Jirachi|Iron Head|p1a: Golurk\n|-damage|p1a: Golurk|0 fnt\n|faint|p1a: Golurk\n|\n|win|bi hunk\n|raw|Yehom's rating: 1725 &rarr; <strong>1704</strong><br />(-21 for losing)\n|raw|bi hunk's rating: 1713 &rarr; <strong>1734</strong><br />(+21 for winning)\n|l|\u2606Yehom\n|player|p1|\n", "inputlog": ">version b107d77f5c90bd6555267ae244a6264823309ead\n>start {\"formatid\":\"gen9randombattle\",\"seed\":[35851,46621,13887,23021],\"rated\":\"Rated battle\"}\n>player p1 {\"name\":\"Yehom\",\"avatar\":\"101\",\"rating\":1725,\"seed\":[60034,33103,56780,33010]}\n>player p2 {\"name\":\"bi hunk\",\"avatar\":\"milo\",\"rating\":1713,\"seed\":[27408,30862,64524,9127]}\n>p1 move flareblitz\n>p2 move stealthrock\n>p1 move flareblitz\n>p2 move uturn\n>p2 switch 2\n>p1 switch 5\n>p2 move toxicspikes\n>p1 move fireblast\n>p2 switch 5\n>p1 move knockoff\n>p2 move knockoff\n>p1 move fireblast\n>p2 switch 6\n>p1 move thunderbolt\n>p2 move rest\n>p2 switch 6\n>p1 move focusblast\n>p2 move shedtail\n>p2 switch 5\n>p1 move fireblast\n>p2 move gunkshot\n>p1 move fireblast\n>p2 move suckerpunch\n>p1 switch 6\n>p1 move drillrun\n>p2 switch 3\n>p1 move knockoff\n>p2 move spikes\n>p1 move knockoff\n>p2 move tripleaxel\n>p1 switch 3\n>p1 move heavyslam\n>p2 move poltergeist\n>p2 switch 2\n>p1 move heavyslam\n>p2 move drainpunch\n>p1 move heavyslam\n>p2 move drainpunch\n>p1 switch 5\n>p1 move morningsun\n>p2 move uturn\n>p2 switch 3\n>p1 move sunsteelstrike terastallize\n>p2 move knockoff\n>p2 switch 5\n>p1 move morningsun\n>p2 move dracometeor\n>p1 switch 4\n>p1 move shellsmash\n>p2 move knockoff\n>p1 move rockblast\n>p2 switch 3\n>p1 move headlongrush\n>p2 switch 4\n>p1 move rockblast\n>p2 move uturn terastallize\n>p2 switch 3\n>p1 switch 2\n>p1 move earthquake\n>p2 move knockoff\n>p2 switch 4\n>p1 move earthquake\n>p2 move uturn\n>p2 switch 3\n>p1 move earthquake\n>p2 move airslash\n>p2 switch 3\n>p1 move earthquake\n>p2 move ironhead", "uploadtime": 1732978364, "views": 1, "formatid": "gen9randombattle", "rating": 1704, "private": 0, "password": null}