{"id": "gen9randombattle-2254113606", "format": "[Gen 9] Random Battle", "players": ["wellalpha", "homire"], "log": "|j|\u2606wellalpha\n|j|\u2606homire\n|t:|1732992876\n|gametype|singles\n|player|p1|wellalpha|swimmer-gen4dp|1012\n|player|p2|homire|2|1054\n|teamsize|p1|6\n|teamsize|p2|6\n|gen|9\n|tier|[Gen 9] Random Battle\n|rated|\n|rule|Species Clause: Limit one of each Pok\u00e9mon\n|rule|HP Percentage Mod: HP is shown in percentages\n|rule|Sleep Clause Mod: Limit one foe put to sleep\n|rule|Illusion Level Mod: Illusion disguises the Pok\u00e9mon's true level\n|\n|t:|1732992876\n|start\n|switch|p1a: Cyclizar|Cyclizar, L83, M|252/252\n|switch|p2a: Phione|Phione, L91|293/293\n|turn|1\n|inactive|Battle timer is ON: inactive players will automatically lose when time's up. (requested by wellalpha)\n|\n|t:|1732992891\n|move|p1a: Cyclizar|Taunt|p2a: Phione\n|-start|p2a: Phione|move: Taunt\n|cant|p2a: Phione|move: Taunt|Take Heart\n|\n|upkeep\n|turn|2\n|\n|t:|1732992898\n|switch|p2a: Latios|Latios, L78, M|253/253\n|move|p1a: Cyclizar|Shed Tail|p1a: Cyclizar\n|-start|p1a: Cyclizar|Substitute|[from] move: Shed Tail\n|-damage|p1a: Cyclizar|126/252\n|\n|t:|1732992909\n|switch|p1a: Morpeko|Morpeko, L88, F|245/245|[from] Shed Tail\n|\n|-formechange|p1a: Morpeko|Morpeko-Hangry||[from] ability: Hunger Switch\n|upkeep\n|turn|3\n|\n|t:|1732992919\n|move|p1a: Morpeko|Aura Wheel|p2a: Latios\n|-supereffective|p2a: Latios\n|-damage|p2a: Latios|0 fnt\n|-boost|p1a: Morpeko|spe|1\n|faint|p2a: Latios\n|\n|-formechange|p1a: Morpeko|Morpeko||[from] ability: Hunger Switch\n|upkeep\n|\n|t:|1732992930\n|switch|p2a: Wo-Chien|Wo-Chien, L83|277/277\n|-ability|p2a: Wo-Chien|Tablets of Ruin\n|turn|4\n|\n|t:|1732992949\n|move|p1a: Morpeko|Parting Shot|p2a: Wo-Chien\n|-unboost|p2a: Wo-Chien|atk|1\n|-unboost|p2a: Wo-Chien|spa|1\n|\n|t:|1732992964\n|switch|p1a: Amoonguss|Amoonguss, L82, M|321/321|[from] Parting Shot\n|move|p2a: Wo-Chien|Knock Off|p1a: Amoonguss\n|-damage|p1a: Amoonguss|246/321\n|-enditem|p1a: Amoonguss|Leftovers|[from] move: Knock Off|[of] p2a: Wo-Chien\n|\n|upkeep\n|turn|5\n|inactive|wellalpha has 120 seconds left.\n|\n|t:|1732992985\n|switch|p2a: Wyrdeer|Wyrdeer, L87, F|321/321\n|-ability|p2a: Wyrdeer|Intimidate|boost\n|-unboost|p1a: Amoonguss|atk|1\n|move|p1a: Amoonguss|Sludge Bomb|p2a: Wyrdeer\n|-crit|p2a: Wyrdeer\n|-damage|p2a: Wyrdeer|230/321\n|-status|p2a: Wyrdeer|psn\n|\n|-damage|p2a: Wyrdeer|190/321 psn|[from] psn\n|upkeep\n|turn|6\n|inactive|wellalpha has 120 seconds left.\n|\n|t:|1732993015\n|switch|p1a: Slowking|Slowking-Galar, L85, F|300/300\n|move|p2a: Wyrdeer|Psychic Noise|p1a: Slowking\n|-damage|p1a: Slowking|245/300\n|-start|p1a: Slowking|move: Heal Block\n|\n|-damage|p2a: Wyrdeer|150/321 psn|[from] psn\n|upkeep\n|turn|7\n|\n|t:|1732993034\n|switch|p2a: Toxicroak|Toxicroak, L84, F|277/277\n|move|p1a: Slowking|Sludge Bomb|p2a: Toxicroak\n|-resisted|p2a: Toxicroak\n|-damage|p2a: Toxicroak|208/277\n|\n|-end|p1a: Slowking|move: Heal Block\n|upkeep\n|turn|8\n|\n|t:|1732993046\n|-terastallize|p2a: Toxicroak|Dark\n|move|p2a: Toxicroak|Sucker Punch|p1a: Slowking\n|-supereffective|p1a: Slowking\n|-damage|p1a: Slowking|11/300\n|move|p1a: Slowking|Psychic Noise|p2a: Toxicroak\n|-immune|p2a: Toxicroak\n|\n|upkeep\n|turn|9\n|inactive|wellalpha has 120 seconds left.\n|inactive|wellalpha has 90 seconds left.\n|\n|t:|1732993109\n|switch|p2a: Phione|Phione, L91|293/293\n|switch|p1a: Amoonguss|Amoonguss, L82, M|321/321\n|\n|upkeep\n|turn|10\n|inactive|homire has 120 seconds left.\n|\n|t:|1732993133\n|move|p2a: Phione|Scald|p1a: Amoonguss\n|-resisted|p1a: Amoonguss\n|-damage|p1a: Amoonguss|272/321\n|move|p1a: Amoonguss|Giga Drain|p2a: Phione\n|-supereffective|p2a: Phione\n|-damage|p2a: Phione|165/293\n|-heal|p1a: Amoonguss|321/321|[from] drain|[of] p2a: Phione\n|\n|-heal|p2a: Phione|183/293|[from] item: Leftovers\n|upkeep\n|turn|11\n|inactive|homire has 120 seconds left.\n|\n|t:|1732993143\n|move|p2a: Phione|Take Heart|p2a: Phione\n|-boost|p2a: Phione|spa|1\n|-boost|p2a: Phione|spd|1\n|move|p1a: Amoonguss|Toxic|p2a: Phione\n|-status|p2a: Phione|tox\n|\n|-heal|p2a: Phione|201/293 tox|[from] item: Leftovers\n|-damage|p2a: Phione|183/293 tox|[from] psn\n|upkeep\n|turn|12\n|inactive|homire has 120 seconds left.\n|\n|t:|1732993156\n|switch|p1a: Morpeko|Morpeko, L88, F|245/245\n|move|p2a: Phione|Take Heart|p2a: Phione\n|-boost|p2a: Phione|spa|1\n|-boost|p2a: Phione|spd|1\n|-curestatus|p2a: Phione|tox|[msg]\n|\n|-heal|p2a: Phione|201/293|[from] item: Leftovers\n|-formechange|p1a: Morpeko|Morpeko-Hangry||[from] ability: Hunger Switch\n|upkeep\n|turn|13\n|inactive|homire has 120 seconds left.\n|\n|t:|1732993171\n|move|p1a: Morpeko|Protect|p1a: Morpeko\n|-singleturn|p1a: Morpeko|Protect\n|move|p2a: Phione|Scald|p1a: Morpeko\n|-activate|p1a: Morpeko|move: Protect\n|\n|-heal|p2a: Phione|219/293|[from] item: Leftovers\n|-formechange|p1a: Morpeko|Morpeko||[from] ability: Hunger Switch\n|upkeep\n|turn|14\n|inactive|homire has 120 seconds left.\n|\n|t:|1732993194\n|switch|p2a: Brambleghast|Brambleghast, L88, M|240/240\n|move|p1a: Morpeko|Aura Wheel|p2a: Brambleghast\n|-resisted|p2a: Brambleghast\n|-damage|p2a: Brambleghast|164/240\n|-boost|p1a: Morpeko|spe|1\n|\n|-formechange|p1a: Morpeko|Morpeko-Hangry||[from] ability: Hunger Switch\n|upkeep\n|turn|15\n|inactive|homire has 120 seconds left.\n|\n|t:|1732993207\n|move|p1a: Morpeko|Aura Wheel|p2a: Brambleghast\n|-supereffective|p2a: Brambleghast\n|-damage|p2a: Brambleghast|0 fnt\n|-boost|p1a: Morpeko|spe|1\n|faint|p2a: Brambleghast\n|\n|-formechange|p1a: Morpeko|Morpeko||[from] ability: Hunger Switch\n|upkeep\n|inactive|homire has 120 seconds left.\n|\n|t:|1732993213\n|switch|p2a: Wo-Chien|Wo-Chien, L83|277/277\n|-ability|p2a: Wo-Chien|Tablets of Ruin\n|turn|16\n|\n|t:|1732993225\n|move|p1a: Morpeko|Parting Shot|p2a: Wo-Chien\n|-unboost|p2a: Wo-Chien|atk|1\n|-unboost|p2a: Wo-Chien|spa|1\n|inactive|wellalpha has 60 seconds left.\n|\n|t:|1732993246\n|switch|p1a: Slowking|Slowking-Galar, L85, F|111/300|[from] Parting Shot\n|move|p2a: Wo-Chien|Leech Seed|p1a: Slowking\n|-start|p1a: Slowking|move: Leech Seed\n|\n|-damage|p1a: Slowking|74/300|[from] Leech Seed|[of] p2a: Wo-Chien\n|upkeep\n|turn|17\n|inactive|wellalpha has 60 seconds left.\n|\n|t:|1732993263\n|switch|p1a: Amoonguss|Amoonguss, L82, M|321/321\n|move|p2a: Wo-Chien|Protect||[still]\n|-fail|p2a: Wo-Chien\n|\n|upkeep\n|turn|18\n|inactive|homire has 120 seconds left.\n|\n|t:|1732993294\n|move|p2a: Wo-Chien|Protect|p2a: Wo-Chien\n|-singleturn|p2a: Wo-Chien|Protect\n|move|p1a: Amoonguss|Toxic|p2a: Wo-Chien\n|-activate|p2a: Wo-Chien|move: Protect\n|\n|upkeep\n|turn|19\n|inactive|homire has 120 seconds left.\n|\n|t:|1732993315\n|switch|p2a: Toxicroak|Toxicroak, L84, F, tera:Dark|208/277\n|move|p1a: Amoonguss|Toxic|p2a: Toxicroak\n|-status|p2a: Toxicroak|tox\n|\n|-damage|p2a: Toxicroak|191/277 tox|[from] psn\n|upkeep\n|turn|20\n|inactive|homire has 120 seconds left.\n|inactive|wellalpha has 30 seconds left.\n|\n|t:|1732993340\n|move|p2a: Toxicroak|Close Combat|p1a: Amoonguss\n|-resisted|p1a: Amoonguss\n|-damage|p1a: Amoonguss|201/321\n|-unboost|p2a: Toxicroak|def|1\n|-unboost|p2a: Toxicroak|spd|1\n|move|p1a: Amoonguss|Giga Drain|p2a: Toxicroak\n|-damage|p2a: Toxicroak|55/277 tox\n|-heal|p1a: Amoonguss|269/321|[from] drain|[of] p2a: Toxicroak\n|\n|-damage|p2a: Toxicroak|21/277 tox|[from] psn\n|upkeep\n|turn|21\n|inactive|wellalpha has 30 seconds left.\n|inactive|wellalpha has 20 seconds left.\n|inactive|wellalpha has 15 seconds left.\n|\n|t:|1732993360\n|switch|p1a: Lunala|Lunala, L70|308/308\n|move|p2a: Toxicroak|Close Combat|p1a: Lunala\n|-immune|p1a: Lunala\n|\n|-damage|p2a: Toxicroak|0 fnt|[from] psn\n|faint|p2a: Toxicroak\n|upkeep\n|inactive|wellalpha has 20 seconds left this turn.\n|\n|t:|1732993376\n|switch|p2a: Wo-Chien|Wo-Chien, L83|277/277\n|-ability|p2a: Wo-Chien|Tablets of Ruin\n|turn|22\n|inactive|wellalpha has 30 seconds left this turn.\n|\n|t:|1732993384\n|switch|p1a: Amoonguss|Amoonguss, L82, M|321/321\n|move|p2a: Wo-Chien|Knock Off|p1a: Amoonguss\n|-damage|p1a: Amoonguss|251/321\n|\n|upkeep\n|turn|23\n|inactive|wellalpha has 30 seconds left.\n|inactive|homire has 120 seconds left.\n|inactive|wellalpha has 20 seconds left.\n|inactive|wellalpha has 15 seconds left.\n|inactive|wellalpha has 10 seconds left.\n|inactive|wellalpha has 5 seconds left.\n|\n|t:|1732993415\n|move|p2a: Wo-Chien|Protect|p2a: Wo-Chien\n|-singleturn|p2a: Wo-Chien|Protect\n|move|p1a: Amoonguss|Toxic|p2a: Wo-Chien\n|-activate|p2a: Wo-Chien|move: Protect\n|\n|upkeep\n|turn|24\n|inactive|wellalpha has 15 seconds left this turn.\n|inactive|homire has 120 seconds left.\n|\n|t:|1732993426\n|switch|p2a: Wyrdeer|Wyrdeer, L87, F|150/321 psn\n|-ability|p2a: Wyrdeer|Intimidate|boost\n|-unboost|p1a: Amoonguss|atk|1\n|move|p1a: Amoonguss|Sludge Bomb|p2a: Wyrdeer\n|-damage|p2a: Wyrdeer|87/321 psn\n|\n|-damage|p2a: Wyrdeer|47/321 psn|[from] psn\n|upkeep\n|turn|25\n|inactive|wellalpha has 25 seconds left this turn.\n|inactive|wellalpha has 20 seconds left.\n|inactive|homire has 120 seconds left.\n|inactive|wellalpha has 15 seconds left.\n|inactive|wellalpha has 10 seconds left.\n|inactive|wellalpha has 5 seconds left.\n|-message|wellalpha lost due to inactivity.\n|\n|win|homire\n|raw|wellalpha's rating: 1012 &rarr; <strong>1002</strong><br />(-10 for losing)\n|raw|homire's rating: 1054 &rarr; <strong>1082</strong><br />(+28 for winning)\n|l|\u2606wellalpha\n|player|p1|\n", "inputlog": ">version b107d77f5c90bd6555267ae244a6264823309ead\n>start {\"formatid\":\"gen9randombattle\",\"seed\":[58883,30949,44613,56175],\"rated\":\"Rated battle\"}\n>player p1 {\"name\":\"wellalpha\",\"avatar\":\"swimmer-gen4dp\",\"rating\":1012,\"seed\":[23663,43897,21112,21552]}\n>player p2 {\"name\":\"homire\",\"avatar\":\"2\",\"rating\":1054,\"seed\":[58518,12993,48072,50366]}\n>p1 move taunt\n>p2 move takeheart\n>p1 move shedtail\n>p2 switch 3\n>p1 switch 3\n>p1 move aurawheel\n>p2 move calmmind\n>p2 switch 4\n>p1 move partingshot\n>p2 move knockoff\n>p1 switch 4\n>p1 move sludgebomb\n>p2 switch 2\n>p1 switch 2\n>p2 move psychicnoise\n>p1 move sludgebomb\n>p2 switch 5\n>p1 move psychicnoise\n>p2 move suckerpunch terastallize\n>p1 switch 2\n>p2 switch 3\n>p1 move gigadrain\n>p2 move scald\n>p1 move toxic\n>p2 move takeheart\n>p1 switch 4\n>p2 move takeheart\n>p1 move protect\n>p2 move scald\n>p1 move aurawheel\n>p2 switch 6\n>p1 move aurawheel\n>p2 move powerwhip\n>p2 switch 2\n>p1 move partingshot\n>p2 move leechseed\n>p1 switch 2\n>p1 switch 4\n>p2 move protect\n>p1 move toxic\n>p2 move protect\n>p1 move toxic\n>p2 switch 3\n>p1 move gigadrain\n>p2 move closecombat\n>p1 switch 6\n>p2 move closecombat\n>p2 switch 3\n>p1 switch 6\n>p2 move knockoff\n>p1 move toxic\n>p2 move protect\n>p1 move sludgebomb\n>p2 switch 5\n>forcelose p1", "uploadtime": 1732993457, "views": 1, "formatid": "gen9randombattle", "rating": 1002, "private": 0, "password": null}