{"id": "gen9randombattle-2253821324", "format": "[Gen 9] Random Battle", "players": ["Totalyobivious", "asqre"], "log": "|j|\u2606Totalyobivious\n|j|\u2606asqre\n|t:|1732943498\n|gametype|singles\n|player|p1|Totalyobivious|cheryl|1179\n|player|p2|asqre|101|1180\n|teamsize|p1|6\n|teamsize|p2|6\n|gen|9\n|tier|[Gen 9] Random Battle\n|rated|\n|rule|Species Clause: Limit one of each Pok\u00e9mon\n|rule|HP Percentage Mod: HP is shown in percentages\n|rule|Sleep Clause Mod: Limit one foe put to sleep\n|rule|Illusion Level Mod: Illusion disguises the Pok\u00e9mon's true level\n|\n|t:|1732943498\n|start\n|switch|p1a: Girafarig|Girafarig, L89, F|269/269\n|switch|p2a: Spiritomb|Spiritomb, L89, F|234/234\n|turn|1\n|inactive|Battle timer is ON: inactive players will automatically lose when time's up. (requested by Totalyobivious)\n|\n|t:|1732943515\n|move|p1a: Girafarig|Dazzling Gleam|p2a: Spiritomb\n|-supereffective|p2a: Spiritomb\n|-damage|p2a: Spiritomb|138/234\n|move|p2a: Spiritomb|Will-O-Wisp|p1a: Girafarig\n|-status|p1a: Girafarig|brn\n|\n|-heal|p2a: Spiritomb|152/234|[from] item: Leftovers\n|-damage|p1a: Girafarig|253/269 brn|[from] brn\n|upkeep\n|turn|2\n|\n|t:|1732943523\n|move|p1a: Girafarig|Dazzling Gleam|p2a: Spiritomb\n|-supereffective|p2a: Spiritomb\n|-damage|p2a: Spiritomb|60/234\n|move|p2a: Spiritomb|Pain Split|p1a: Girafarig\n|-sethp|p1a: Girafarig|156/269 brn|[from] move: Pain Split|[silent]\n|-sethp|p2a: Spiritomb|156/234|[from] move: Pain Split\n|\n|-heal|p2a: Spiritomb|170/234|[from] item: Leftovers\n|-damage|p1a: Girafarig|140/269 brn|[from] brn\n|upkeep\n|turn|3\n|\n|t:|1732943545\n|-terastallize|p2a: Spiritomb|Ghost\n|move|p1a: Girafarig|Nasty Plot|p1a: Girafarig\n|-boost|p1a: Girafarig|spa|2\n|move|p2a: Spiritomb|Poltergeist|p1a: Girafarig\n|-immune|p1a: Girafarig\n|\n|-heal|p2a: Spiritomb|184/234|[from] item: Leftovers\n|-damage|p1a: Girafarig|124/269 brn|[from] brn\n|upkeep\n|turn|4\n|\n|t:|1732943556\n|move|p1a: Girafarig|Psyshock|p2a: Spiritomb\n|-crit|p2a: Spiritomb\n|-damage|p2a: Spiritomb|0 fnt\n|faint|p2a: Spiritomb\n|\n|-damage|p1a: Girafarig|108/269 brn|[from] brn\n|upkeep\n|inactive|asqre has 120 seconds left.\n|\n|t:|1732943574\n|switch|p2a: Oranguru|Oranguru, L92, F|315/315\n|turn|5\n|\n|t:|1732943583\n|move|p1a: Girafarig|Thunderbolt|p2a: Oranguru\n|-damage|p2a: Oranguru|209/315\n|move|p2a: Oranguru|Focus Blast|p1a: Girafarig|[miss]\n|-miss|p2a: Oranguru|p1a: Girafarig\n|\n|-damage|p1a: Girafarig|92/269 brn|[from] brn\n|upkeep\n|turn|6\n|\n|t:|1732943593\n|move|p1a: Girafarig|Thunderbolt|p2a: Oranguru\n|-damage|p2a: Oranguru|97/315\n|move|p2a: Oranguru|Focus Blast|p1a: Girafarig\n|-damage|p1a: Girafarig|0 fnt\n|faint|p1a: Girafarig\n|\n|upkeep\n|inactive|Totalyobivious has 120 seconds left.\n|\n|t:|1732943622\n|switch|p1a: Kilowattrel|Kilowattrel, L83, F|252/252\n|turn|7\n|\n|t:|1732943638\n|switch|p2a: Stonjourner|Stonjourner, L91, F|330/330\n|move|p1a: Kilowattrel|U-turn|p2a: Stonjourner\n|-damage|p2a: Stonjourner|305/330\n|\n|t:|1732943644\n|switch|p1a: Kommo-o|Kommo-o, L78, F|245/245|[from] U-turn\n|\n|upkeep\n|turn|8\n|inactive|asqre has 120 seconds left.\n|\n|t:|1732943681\n|switch|p2a: Oranguru|Oranguru, L92, F|97/315\n|move|p1a: Kommo-o|Clangorous Soul|p1a: Kommo-o\n|-boost|p1a: Kommo-o|atk|1\n|-boost|p1a: Kommo-o|def|1\n|-boost|p1a: Kommo-o|spa|1\n|-boost|p1a: Kommo-o|spd|1\n|-boost|p1a: Kommo-o|spe|1\n|-damage|p1a: Kommo-o|165/245\n|-enditem|p1a: Kommo-o|Throat Spray\n|-boost|p1a: Kommo-o|spa|1|[from] item: Throat Spray\n|\n|upkeep\n|turn|9\n|\n|t:|1732943691\n|move|p1a: Kommo-o|Boomburst|p2a: Oranguru\n|-damage|p2a: Oranguru|0 fnt\n|faint|p2a: Oranguru\n|\n|upkeep\n|\n|t:|1732943708\n|switch|p2a: Abomasnow|Abomasnow, L85, F|291/291\n|-weather|Snow|[from] ability: Snow Warning|[of] p2a: Abomasnow\n|turn|10\n|\n|t:|1732943715\n|move|p1a: Kommo-o|Close Combat|p2a: Abomasnow\n|-supereffective|p2a: Abomasnow\n|-damage|p2a: Abomasnow|9/291\n|-unboost|p1a: Kommo-o|def|1\n|-unboost|p1a: Kommo-o|spd|1\n|move|p2a: Abomasnow|Blizzard|p1a: Kommo-o\n|-supereffective|p1a: Kommo-o\n|-damage|p1a: Kommo-o|0 fnt\n|faint|p1a: Kommo-o\n|\n|-weather|Snow|[upkeep]\n|upkeep\n|\n|t:|1732943738\n|switch|p1a: Kilowattrel|Kilowattrel, L83, F|252/252\n|turn|11\n|inactive|asqre has 120 seconds left.\n|\n|t:|1732943745\n|move|p1a: Kilowattrel|U-turn|p2a: Abomasnow\n|-supereffective|p2a: Abomasnow\n|-damage|p2a: Abomasnow|0 fnt\n|faint|p2a: Abomasnow\n|\n|t:|1732943749\n|switch|p1a: Ursaring|Ursaring, L84, M|288/288|[from] U-turn\n|\n|-weather|Snow|[upkeep]\n|upkeep\n|inactive|asqre has 120 seconds left.\n|\n|t:|1732943772\n|switch|p2a: Seviper|Seviper, L93, F|287/287\n|turn|12\n|\n|t:|1732943778\n|move|p2a: Seviper|Swords Dance|p2a: Seviper\n|-boost|p2a: Seviper|atk|2\n|move|p1a: Ursaring|Earthquake|p2a: Seviper\n|-supereffective|p2a: Seviper\n|-damage|p2a: Seviper|61/287\n|\n|-weather|Snow|[upkeep]\n|-heal|p2a: Seviper|78/287|[from] item: Leftovers\n|upkeep\n|turn|13\n|inactive|asqre has 120 seconds left.\n|\n|t:|1732943795\n|move|p2a: Seviper|Gunk Shot|p1a: Ursaring\n|-damage|p1a: Ursaring|39/288\n|move|p1a: Ursaring|Earthquake|p2a: Seviper\n|-supereffective|p2a: Seviper\n|-damage|p2a: Seviper|0 fnt\n|faint|p2a: Seviper\n|\n|-weather|Snow|[upkeep]\n|upkeep\n|\n|t:|1732943803\n|switch|p2a: Skuntank|Skuntank, L84, F|310/310\n|turn|14\n|inactive|asqre has 120 seconds left.\n|\n|t:|1732943808\n|move|p2a: Skuntank|Sucker Punch||[still]\n|-fail|p2a: Skuntank\n|move|p1a: Ursaring|Rest|p1a: Ursaring\n|-status|p1a: Ursaring|slp|[from] move: Rest\n|-heal|p1a: Ursaring|288/288 slp|[silent]\n|\n|-weather|none\n|upkeep\n|turn|15\n|\n|t:|1732943817\n|move|p2a: Skuntank|Knock Off|p1a: Ursaring\n|-damage|p1a: Ursaring|185/288 slp\n|-enditem|p1a: Ursaring|Eviolite|[from] move: Knock Off|[of] p2a: Skuntank\n|-damage|p2a: Skuntank|279/310|[from] item: Life Orb\n|cant|p1a: Ursaring|slp\n|move|p1a: Ursaring|Sleep Talk|p1a: Ursaring\n|move|p1a: Ursaring|Rest||[from]move: Sleep Talk|[still]\n|-fail|p1a: Ursaring\n|\n|upkeep\n|turn|16\n|\n|t:|1732943827\n|move|p2a: Skuntank|Gunk Shot|p1a: Ursaring\n|-damage|p1a: Ursaring|6/288 slp\n|-damage|p2a: Skuntank|248/310|[from] item: Life Orb\n|cant|p1a: Ursaring|slp\n|move|p1a: Ursaring|Sleep Talk|p1a: Ursaring\n|move|p1a: Ursaring|Body Slam|p2a: Skuntank|[from]move: Sleep Talk\n|-damage|p2a: Skuntank|56/310\n|-status|p2a: Skuntank|par\n|\n|upkeep\n|turn|17\n|\n|t:|1732943837\n|move|p2a: Skuntank|Sucker Punch||[still]\n|-fail|p2a: Skuntank\n|-curestatus|p1a: Ursaring|slp|[msg]\n|move|p1a: Ursaring|Rest|p1a: Ursaring\n|-status|p1a: Ursaring|slp|[from] move: Rest\n|-heal|p1a: Ursaring|288/288 slp|[silent]\n|\n|upkeep\n|turn|18\n|\n|t:|1732943845\n|cant|p1a: Ursaring|slp\n|move|p1a: Ursaring|Sleep Talk|p1a: Ursaring\n|move|p1a: Ursaring|Rest||[from]move: Sleep Talk|[still]\n|-fail|p1a: Ursaring\n|move|p2a: Skuntank|Gunk Shot|p1a: Ursaring|[miss]\n|-miss|p2a: Skuntank|p1a: Ursaring\n|\n|upkeep\n|turn|19\n|\n|t:|1732943852\n|cant|p1a: Ursaring|slp\n|move|p1a: Ursaring|Sleep Talk|p1a: Ursaring\n|move|p1a: Ursaring|Body Slam|p2a: Skuntank|[from]move: Sleep Talk\n|-damage|p2a: Skuntank|0 fnt\n|-damage|p1a: Ursaring|216/288 slp|[from] ability: Aftermath|[of] p2a: Skuntank\n|faint|p2a: Skuntank\n|\n|upkeep\n|\n|t:|1732943859\n|switch|p2a: Stonjourner|Stonjourner, L91, F|305/330\n|turn|20\n|\n|t:|1732943871\n|move|p2a: Stonjourner|Heat Crash|p1a: Ursaring\n|-damage|p1a: Ursaring|65/288 slp\n|-damage|p2a: Stonjourner|272/330|[from] item: Life Orb\n|-curestatus|p1a: Ursaring|slp|[msg]\n|move|p1a: Ursaring|Earthquake|p2a: Stonjourner\n|-supereffective|p2a: Stonjourner\n|-damage|p2a: Stonjourner|160/330\n|\n|upkeep\n|turn|21\n|\n|t:|1732943881\n|move|p2a: Stonjourner|Heat Crash|p1a: Ursaring\n|-damage|p1a: Ursaring|0 fnt\n|faint|p1a: Ursaring\n|-damage|p2a: Stonjourner|127/330|[from] item: Life Orb\n|\n|upkeep\n|\n|t:|1732943888\n|switch|p1a: Delibird|Delibird, M|252/252\n|turn|22\n|\n|t:|1732943892\n|move|p1a: Delibird|Drill Run|p2a: Stonjourner|[miss]\n|-miss|p1a: Delibird|p2a: Stonjourner\n|move|p2a: Stonjourner|Stone Edge|p1a: Delibird\n|-supereffective|p1a: Delibird\n|-damage|p1a: Delibird|0 fnt\n|faint|p1a: Delibird\n|-damage|p2a: Stonjourner|94/330|[from] item: Life Orb\n|\n|upkeep\n|\n|t:|1732943901\n|switch|p1a: Rabsca|Rabsca, L91, M, shiny|284/284\n|turn|23\n|\n|t:|1732943910\n|-terastallize|p1a: Rabsca|Steel\n|move|p2a: Stonjourner|Stone Edge|p1a: Rabsca\n|-resisted|p1a: Rabsca\n|-damage|p1a: Rabsca|193/284\n|-damage|p2a: Stonjourner|61/330|[from] item: Life Orb\n|move|p1a: Rabsca|Revival Blessing|p1a: Rabsca\n|\n|t:|1732943919\n|-heal|p1: Kommo-o|122/245|[from] move: Revival Blessing\n|\n|upkeep\n|turn|24\n|c|\u2606asqre|luck\n|\n|t:|1732943926\n|move|p2a: Stonjourner|Heat Crash|p1a: Rabsca\n|-supereffective|p1a: Rabsca\n|-damage|p1a: Rabsca|0 fnt\n|faint|p1a: Rabsca\n|-damage|p2a: Stonjourner|28/330|[from] item: Life Orb\n|\n|upkeep\n|\n|t:|1732943938\n|switch|p1a: Kilowattrel|Kilowattrel, L83, F|252/252\n|turn|25\n|c|\u2606asqre|u only won cause of ur komo o\n|\n|t:|1732943943\n|move|p1a: Kilowattrel|Thunderbolt|p2a: Stonjourner\n|-damage|p2a: Stonjourner|0 fnt\n|faint|p2a: Stonjourner\n|\n|win|Totalyobivious\n|raw|Totalyobivious's rating: 1179 &rarr; <strong>1204</strong><br />(+25 for winning)\n|raw|asqre's rating: 1180 &rarr; <strong>1155</strong><br />(-25 for losing)\n", "inputlog": ">version b107d77f5c90bd6555267ae244a6264823309ead\n>start {\"formatid\":\"gen9randombattle\",\"seed\":[60680,34821,57685,38084],\"rated\":\"Rated battle\"}\n>player p1 {\"name\":\"Totalyobivious\",\"avatar\":\"cheryl\",\"rating\":1179,\"seed\":[58945,39807,40418,18655]}\n>player p2 {\"name\":\"asqre\",\"avatar\":\"101\",\"rating\":1180,\"seed\":[62330,39025,24717,49695]}\n>p1 move dazzlinggleam\n>p2 move willowisp\n>p1 move dazzlinggleam\n>p2 move painsplit\n>p1 move nastyplot\n>p2 move poltergeist terastallize\n>p1 move psyshock\n>p2 move painsplit\n>p2 switch 5\n>p1 move thunderbolt\n>p2 move focusblast\n>p1 move thunderbolt\n>p2 move focusblast\n>p1 switch 3\n>p1 move uturn\n>p2 switch 3\n>p1 switch 2\n>p1 move clangoroussoul\n>p2 switch 3\n>p1 move boomburst\n>p2 move psyshock\n>p2 switch 4\n>p1 move closecombat\n>p2 move blizzard\n>p1 switch 2\n>p1 move uturn\n>p2 move auroraveil\n>p1 switch 4\n>p2 switch 6\n>p1 move earthquake\n>p2 move swordsdance\n>p1 move earthquake\n>p2 move gunkshot\n>p2 switch 2\n>p1 move rest\n>p2 move suckerpunch\n>p1 move sleeptalk\n>p2 move knockoff\n>p1 move sleeptalk\n>p2 move gunkshot\n>p1 move rest\n>p2 move suckerpunch\n>p1 move sleeptalk\n>p2 move gunkshot\n>p1 move sleeptalk\n>p2 move knockoff\n>p2 switch 3\n>p1 move earthquake\n>p2 move heatcrash\n>p1 move rest\n>p2 move heatcrash\n>p1 switch 5\n>p1 move drillrun\n>p2 move stoneedge\n>p1 switch 6\n>p1 move revivalblessing terastallize\n>p2 move stoneedge\n>p1 switch 2\n>chat \u2606asqre|luck\n>p1 move psychic\n>p2 move heatcrash\n>p1 switch 4\n>chat \u2606asqre|u only won cause of ur komo o\n>p1 move thunderbolt\n>p2 move stoneedge", "uploadtime": 1732943950, "views": 3, "formatid": "gen9randombattle", "rating": 1155, "private": 0, "password": null}