{"id": "gen9randombattle-2254128630", "format": "[Gen 9] Random Battle", "players": ["cute anon", "Feraligatr08"], "log": "|j|\u2606cute anon\n|j|\u2606Feraligatr08\n|t:|1732994731\n|gametype|singles\n|player|p1|cute anon|pokemonbreederf-gen4|2262\n|player|p2|Feraligatr08|colress|2244\n|teamsize|p1|6\n|teamsize|p2|6\n|gen|9\n|tier|[Gen 9] Random Battle\n|rated|\n|rule|Species Clause: Limit one of each Pok\u00e9mon\n|rule|HP Percentage Mod: HP is shown in percentages\n|rule|Sleep Clause Mod: Limit one foe put to sleep\n|rule|Illusion Level Mod: Illusion disguises the Pok\u00e9mon's true level\n|\n|t:|1732994731\n|start\n|switch|p1a: Snorlax|Snorlax, L82, F|397/397\n|switch|p2a: Drednaw|Drednaw, L81, F|278/278\n|turn|1\n|inactive|Battle timer is ON: inactive players will automatically lose when time's up. (requested by cute anon)\n|j| frag121\n|\n|t:|1732994755\n|switch|p2a: Gurdurr|Gurdurr, L85, F|283/283\n|move|p1a: Snorlax|Curse|p1a: Snorlax\n|-unboost|p1a: Snorlax|spe|1\n|-boost|p1a: Snorlax|atk|1\n|-boost|p1a: Snorlax|def|1\n|\n|upkeep\n|turn|2\n|\n|t:|1732994767\n|switch|p1a: Hitmonchan|Hitmonchan, L87, M|229/229\n|move|p2a: Gurdurr|Bulk Up|p2a: Gurdurr\n|-boost|p2a: Gurdurr|atk|1\n|-boost|p2a: Gurdurr|def|1\n|\n|upkeep\n|turn|3\n|\n|t:|1732994777\n|move|p1a: Hitmonchan|Knock Off|p2a: Gurdurr\n|-resisted|p2a: Gurdurr\n|-damage|p2a: Gurdurr|260/283\n|-enditem|p2a: Gurdurr|Eviolite|[from] move: Knock Off|[of] p1a: Hitmonchan\n|-damage|p1a: Hitmonchan|207/229|[from] item: Life Orb\n|move|p2a: Gurdurr|Bulk Up|p2a: Gurdurr\n|-boost|p2a: Gurdurr|atk|1\n|-boost|p2a: Gurdurr|def|1\n|\n|upkeep\n|turn|4\n|\n|t:|1732994783\n|move|p1a: Hitmonchan|Swords Dance|p1a: Hitmonchan\n|-boost|p1a: Hitmonchan|atk|2\n|move|p2a: Gurdurr|Drain Punch|p1a: Hitmonchan\n|-damage|p1a: Hitmonchan|18/229\n|-heal|p2a: Gurdurr|283/283|[from] drain|[of] p1a: Hitmonchan\n|\n|upkeep\n|turn|5\n|\n|t:|1732994785\n|move|p2a: Gurdurr|Mach Punch|p1a: Hitmonchan\n|-damage|p1a: Hitmonchan|0 fnt\n|faint|p1a: Hitmonchan\n|\n|upkeep\n|\n|t:|1732994787\n|switch|p1a: Flutter Mane|Flutter Mane, L74|203/203\n|turn|6\n|\n|t:|1732994793\n|-end|p1a: Flutter Mane|Protosynthesis|[silent]\n|switch|p1a: Cobalion|Cobalion, L80|277/277\n|switch|p2a: Excadrill|Excadrill, L80, F|307/307\n|-ability|p2a: Excadrill|Mold Breaker\n|\n|upkeep\n|turn|7\n|\n|t:|1732994810\n|move|p1a: Cobalion|Close Combat|p2a: Excadrill\n|-supereffective|p2a: Excadrill\n|-damage|p2a: Excadrill|0 fnt\n|-unboost|p1a: Cobalion|def|1\n|-unboost|p1a: Cobalion|spd|1\n|faint|p2a: Excadrill\n|\n|upkeep\n|inactive|Feraligatr08 has 120 seconds left.\n|\n|t:|1732994845\n|switch|p2a: Indeedee|Indeedee, L84, M|238/238\n|-fieldstart|move: Psychic Terrain|[from] ability: Psychic Surge|[of] p2a: Indeedee\n|turn|8\n|\n|t:|1732994849\n|switch|p1a: Snorlax|Snorlax, L82, F|397/397\n|move|p2a: Indeedee|Expanding Force|p1a: Snorlax\n|-damage|p1a: Snorlax|241/397\n|\n|-heal|p1a: Snorlax|265/397|[from] item: Leftovers\n|upkeep\n|turn|9\n|inactive|Feraligatr08 has 120 seconds left.\n|\n|t:|1732994860\n|move|p2a: Indeedee|Expanding Force|p1a: Snorlax\n|-damage|p1a: Snorlax|123/397\n|move|p1a: Snorlax|Rest|p1a: Snorlax\n|-status|p1a: Snorlax|slp|[from] move: Rest\n|-heal|p1a: Snorlax|397/397 slp|[silent]\n|\n|upkeep\n|turn|10\n|inactive|Feraligatr08 has 120 seconds left.\n|\n|t:|1732994868\n|switch|p1a: Copperajah|Copperajah, L86, F|349/349\n|move|p2a: Indeedee|Expanding Force|p1a: Copperajah\n|-resisted|p1a: Copperajah\n|-damage|p1a: Copperajah|252/349\n|\n|upkeep\n|turn|11\n|inactive|Feraligatr08 has 120 seconds left.\n|\n|t:|1732994882\n|switch|p2a: Gurdurr|Gurdurr, L85, F|283/283\n|move|p1a: Copperajah|Heavy Slam|p2a: Gurdurr\n|-damage|p2a: Gurdurr|25/283\n|\n|upkeep\n|turn|12\n|\n|t:|1732994888\n|move|p2a: Gurdurr|Knock Off|p1a: Copperajah\n|-damage|p1a: Copperajah|163/349\n|-enditem|p1a: Copperajah|Choice Band|[from] move: Knock Off|[of] p2a: Gurdurr\n|move|p1a: Copperajah|Heavy Slam|p2a: Gurdurr\n|-damage|p2a: Gurdurr|0 fnt\n|faint|p2a: Gurdurr\n|\n|-fieldend|move: Psychic Terrain\n|upkeep\n|j| tuber tim tam\n|inactive|Feraligatr08 has 120 seconds left.\n|c| tuber tim tam|surfs up\n|inactive|Feraligatr08 has 90 seconds left.\n|\n|t:|1732994936\n|switch|p2a: Zarude|Zarude-Dada, L78|292/292\n|turn|13\n|\n|t:|1732994941\n|move|p2a: Zarude|Close Combat|p1a: Copperajah\n|-supereffective|p1a: Copperajah\n|-damage|p1a: Copperajah|0 fnt\n|-unboost|p2a: Zarude|def|1\n|-unboost|p2a: Zarude|spd|1\n|faint|p1a: Copperajah\n|\n|upkeep\n|\n|t:|1732994944\n|switch|p1a: Cobalion|Cobalion, L80|277/277\n|turn|14\n|\n|t:|1732994950\n|switch|p2a: Iron Valiant|Iron Valiant, L78|244/244\n|move|p1a: Cobalion|Close Combat|p2a: Iron Valiant\n|-resisted|p2a: Iron Valiant\n|-damage|p2a: Iron Valiant|186/244\n|-unboost|p1a: Cobalion|def|1\n|-unboost|p1a: Cobalion|spd|1\n|\n|upkeep\n|turn|15\n|\n|t:|1732994958\n|switch|p1a: Clodsire|Clodsire, L81, F|343/343\n|move|p2a: Iron Valiant|Moonblast|p1a: Clodsire\n|-resisted|p1a: Clodsire\n|-damage|p1a: Clodsire|282/343\n|-damage|p2a: Iron Valiant|162/244|[from] item: Life Orb\n|\n|-heal|p1a: Clodsire|303/343|[from] item: Leftovers\n|upkeep\n|turn|16\n|\n|t:|1732994964\n|-end|p2a: Iron Valiant|Quark Drive|[silent]\n|switch|p2a: Indeedee|Indeedee, L84, M|238/238\n|-fieldstart|move: Psychic Terrain|[from] ability: Psychic Surge|[of] p2a: Indeedee\n|move|p1a: Clodsire|Gunk Shot|p2a: Indeedee\n|-damage|p2a: Indeedee|94/238\n|-status|p2a: Indeedee|psn\n|\n|-heal|p1a: Clodsire|324/343|[from] item: Leftovers\n|-damage|p2a: Indeedee|65/238 psn|[from] psn\n|upkeep\n|turn|17\n|inactive|Feraligatr08 has 120 seconds left.\n|\n|t:|1732994970\n|switch|p1a: Snorlax|Snorlax, L82, F|397/397 slp\n|move|p2a: Indeedee|Expanding Force|p1a: Snorlax\n|-damage|p1a: Snorlax|249/397 slp\n|\n|-heal|p1a: Snorlax|273/397 slp|[from] item: Leftovers\n|-damage|p2a: Indeedee|36/238 psn|[from] psn\n|upkeep\n|turn|18\n|\n|t:|1732994979\n|switch|p2a: Iron Valiant|Iron Valiant, L78|162/244\n|cant|p1a: Snorlax|slp\n|move|p1a: Snorlax|Sleep Talk|p1a: Snorlax\n|move|p1a: Snorlax|Rest||[from]move: Sleep Talk|[still]\n|-fail|p1a: Snorlax\n|\n|-heal|p1a: Snorlax|297/397 slp|[from] item: Leftovers\n|upkeep\n|turn|19\n|\n|t:|1732994989\n|move|p2a: Iron Valiant|Close Combat|p1a: Snorlax\n|-supereffective|p1a: Snorlax\n|-damage|p1a: Snorlax|0 fnt\n|-unboost|p2a: Iron Valiant|def|1\n|-unboost|p2a: Iron Valiant|spd|1\n|faint|p1a: Snorlax\n|-damage|p2a: Iron Valiant|138/244|[from] item: Life Orb\n|\n|upkeep\n|\n|t:|1732994994\n|switch|p1a: Flutter Mane|Flutter Mane, L74|203/203\n|turn|20\n|\n|t:|1732995012\n|move|p1a: Flutter Mane|Moonblast|p2a: Iron Valiant\n|-supereffective|p2a: Iron Valiant\n|-damage|p2a: Iron Valiant|0 fnt\n|faint|p2a: Iron Valiant\n|-end|p2a: Iron Valiant|Quark Drive|[silent]\n|\n|-fieldend|move: Psychic Terrain\n|upkeep\n|inactive|Feraligatr08 has 120 seconds left.\n|\n|t:|1732995034\n|switch|p2a: Drednaw|Drednaw, L81, F|278/278\n|turn|21\n|\n|t:|1732995039\n|move|p1a: Flutter Mane|Moonblast|p2a: Drednaw\n|-damage|p2a: Drednaw|95/278\n|move|p2a: Drednaw|Shell Smash|p2a: Drednaw\n|-unboost|p2a: Drednaw|def|1\n|-unboost|p2a: Drednaw|spd|1\n|-boost|p2a: Drednaw|atk|2\n|-boost|p2a: Drednaw|spa|2\n|-boost|p2a: Drednaw|spe|2\n|-enditem|p2a: Drednaw|White Herb\n|-clearnegativeboost|p2a: Drednaw|[silent]\n|\n|upkeep\n|turn|22\n|\n|t:|1732995048\n|-end|p1a: Flutter Mane|Protosynthesis|[silent]\n|switch|p1a: Cobalion|Cobalion, L80|277/277\n|move|p2a: Drednaw|Liquidation|p1a: Cobalion\n|-damage|p1a: Cobalion|129/277\n|\n|-heal|p1a: Cobalion|146/277|[from] item: Leftovers\n|upkeep\n|turn|23\n|\n|t:|1732995053\n|move|p2a: Drednaw|Earthquake|p1a: Cobalion\n|-supereffective|p1a: Cobalion\n|-damage|p1a: Cobalion|0 fnt\n|faint|p1a: Cobalion\n|\n|upkeep\n|\n|t:|1732995055\n|switch|p1a: Clodsire|Clodsire, L81, F|324/343\n|turn|24\n|inactive|Feraligatr08 has 120 seconds left.\n|\n|t:|1732995089\n|-terastallize|p2a: Drednaw|Ground\n|-terastallize|p1a: Clodsire|Flying\n|move|p2a: Drednaw|Earthquake|p1a: Clodsire\n|-immune|p1a: Clodsire\n|move|p1a: Clodsire|Earthquake|p2a: Drednaw\n|-damage|p2a: Drednaw|10/278\n|\n|-heal|p1a: Clodsire|343/343|[from] item: Leftovers\n|upkeep\n|turn|25\n|\n|t:|1732995095\n|move|p2a: Drednaw|Stone Edge|p1a: Clodsire\n|-supereffective|p1a: Clodsire\n|-damage|p1a: Clodsire|0 fnt\n|faint|p1a: Clodsire\n|\n|upkeep\n|\n|t:|1732995097\n|switch|p1a: Flutter Mane|Flutter Mane, L74|203/203\n|turn|26\n|\n|t:|1732995100\n|move|p2a: Drednaw|Liquidation|p1a: Flutter Mane\n|-damage|p1a: Flutter Mane|0 fnt\n|faint|p1a: Flutter Mane\n|-end|p1a: Flutter Mane|Protosynthesis|[silent]\n|\n|win|Feraligatr08\n|raw|cute anon's rating: 2262 &rarr; <strong>2241</strong><br />(-21 for losing)\n|raw|Feraligatr08's rating: 2244 &rarr; <strong>2265</strong><br />(+21 for winning)\n|l|\u2606cute anon\n|player|p1|\n|c|\u2606Feraligatr08|gg\n|l|\u2606Feraligatr08\n|player|p2|\n|l| tuber tim tam\n|j|\u2606Feraligatr08\n|player|p2|Feraligatr08|colress|\n", "inputlog": ">version b107d77f5c90bd6555267ae244a6264823309ead\n>start {\"formatid\":\"gen9randombattle\",\"seed\":[22266,61525,22148,16891],\"rated\":\"Rated battle\"}\n>player p1 {\"name\":\"cute anon\",\"avatar\":\"pokemonbreederf-gen4\",\"rating\":2262,\"seed\":[20599,46625,2572,23702]}\n>player p2 {\"name\":\"Feraligatr08\",\"avatar\":\"colress\",\"rating\":2244,\"seed\":[48614,59110,35997,46074]}\n>p1 move curse\n>p2 switch 2\n>p1 switch 5\n>p2 move bulkup\n>p1 move knockoff\n>p2 move bulkup\n>p1 move swordsdance\n>p2 move drainpunch\n>p1 move drainpunch\n>p2 move machpunch\n>p1 switch 6\n>p1 switch 3\n>p2 switch 3\n>p1 move closecombat\n>p2 move earthquake\n>p2 switch 6\n>p1 switch 5\n>p2 move expandingforce\n>p1 move rest\n>p2 move expandingforce\n>p1 switch 4\n>p2 move expandingforce\n>p1 move heavyslam\n>p2 switch 3\n>p1 move heavyslam\n>p2 move knockoff\n>chat  tuber tim tam|surfs up\n>p2 switch 4\n>p1 move superpower\n>p2 move closecombat\n>p1 switch 5\n>p1 move closecombat\n>p2 switch 5\n>p1 switch 2\n>p2 move moonblast\n>p1 move gunkshot\n>p2 switch 3\n>p1 switch 4\n>p2 move expandingforce\n>p1 move sleeptalk\n>p2 switch 3\n>p1 move sleeptalk\n>p2 move closecombat\n>p1 switch 3\n>p1 move moonblast\n>p2 move knockoff\n>p2 switch 2\n>p1 move moonblast\n>p2 move shellsmash\n>p1 switch 2\n>p2 move liquidation\n>p1 move closecombat\n>p2 move earthquake\n>p1 switch 4\n>p1 move earthquake terastallize\n>p2 move earthquake terastallize\n>p1 move earthquake\n>p2 move stoneedge\n>p1 switch 2\n>p1 move moonblast\n>p2 move liquidation", "uploadtime": 1732995130, "views": 6, "formatid": "gen9randombattle", "rating": 2241, "private": 0, "password": null}