{"id": "gen9randombattle-2253836913", "format": "[Gen 9] Random Battle", "players": ["Starvedkitten", "Flameburst97"], "log": "|j|\u2606Starvedkitten\n|j|\u2606Flameburst97\n|t:|1732946137\n|gametype|singles\n|player|p1|Starvedkitten|aromalady|1630\n|player|p2|Flameburst97|miku-fire|1655\n|teamsize|p1|6\n|teamsize|p2|6\n|gen|9\n|tier|[Gen 9] Random Battle\n|rated|\n|rule|Species Clause: Limit one of each Pok\u00e9mon\n|rule|HP Percentage Mod: HP is shown in percentages\n|rule|Sleep Clause Mod: Limit one foe put to sleep\n|rule|Illusion Level Mod: Illusion disguises the Pok\u00e9mon's true level\n|\n|t:|1732946137\n|start\n|switch|p1a: Manaphy|Manaphy, L78|284/284\n|switch|p2a: Vivillon|Vivillon-Monsoon, L84, F|272/272\n|turn|1\n|inactive|Battle timer is ON: inactive players will automatically lose when time's up. (requested by Starvedkitten)\n|\n|t:|1732946151\n|switch|p2a: Abomasnow|Abomasnow, L85, M|291/291\n|-weather|Snow|[from] ability: Snow Warning|[of] p2a: Abomasnow\n|move|p1a: Manaphy|Tail Glow|p1a: Manaphy\n|-boost|p1a: Manaphy|spa|3\n|\n|-weather|Snow|[upkeep]\n|upkeep\n|turn|2\n|\n|t:|1732946155\n|move|p1a: Manaphy|Ice Beam|p2a: Abomasnow\n|-damage|p2a: Abomasnow|145/291\n|move|p2a: Abomasnow|Wood Hammer|p1a: Manaphy\n|-supereffective|p1a: Manaphy\n|-damage|p1a: Manaphy|32/284\n|-damage|p2a: Abomasnow|62/291|[from] Recoil\n|\n|-weather|Snow|[upkeep]\n|-heal|p1a: Manaphy|49/284|[from] item: Leftovers\n|upkeep\n|turn|3\n|\n|t:|1732946158\n|move|p2a: Abomasnow|Ice Shard|p1a: Manaphy\n|-resisted|p1a: Manaphy\n|-damage|p1a: Manaphy|26/284\n|move|p1a: Manaphy|Ice Beam|p2a: Abomasnow\n|-damage|p2a: Abomasnow|0 fnt\n|faint|p2a: Abomasnow\n|\n|-weather|Snow|[upkeep]\n|-heal|p1a: Manaphy|43/284|[from] item: Leftovers\n|upkeep\n|\n|t:|1732946164\n|switch|p2a: Mamoswine|Mamoswine, L81, F|311/311\n|turn|4\n|\n|t:|1732946184\n|move|p2a: Mamoswine|Ice Shard|p1a: Manaphy\n|-resisted|p1a: Manaphy\n|-damage|p1a: Manaphy|10/284\n|move|p1a: Manaphy|Energy Ball|p2a: Mamoswine\n|-supereffective|p2a: Mamoswine\n|-damage|p2a: Mamoswine|0 fnt\n|faint|p2a: Mamoswine\n|\n|-weather|Snow|[upkeep]\n|-heal|p1a: Manaphy|27/284|[from] item: Leftovers\n|upkeep\n|\n|t:|1732946189\n|switch|p2a: Staraptor|Staraptor, L79, F|263/263\n|turn|5\n|\n|t:|1732946194\n|switch|p1a: Wyrdeer|Wyrdeer, L87, F|321/321\n|-ability|p1a: Wyrdeer|Intimidate|boost\n|-unboost|p2a: Staraptor|atk|1\n|move|p2a: Staraptor|Brave Bird|p1a: Wyrdeer\n|-damage|p1a: Wyrdeer|137/321\n|-damage|p2a: Staraptor|202/263|[from] Recoil\n|\n|-weather|none\n|-heal|p1a: Wyrdeer|157/321|[from] item: Leftovers\n|upkeep\n|turn|6\n|\n|t:|1732946199\n|switch|p1a: Manaphy|Manaphy, L78|27/284\n|move|p2a: Staraptor|Brave Bird|p1a: Manaphy\n|-damage|p1a: Manaphy|0 fnt\n|faint|p1a: Manaphy\n|-damage|p2a: Staraptor|193/263|[from] Recoil\n|\n|upkeep\n|\n|t:|1732946207\n|switch|p1a: Wyrdeer|Wyrdeer, L87, F|157/321\n|-ability|p1a: Wyrdeer|Intimidate|boost\n|-unboost|p2a: Staraptor|atk|1\n|turn|7\n|\n|t:|1732946212\n|switch|p2a: Chimecho|Chimecho, L94, M|293/293\n|move|p1a: Wyrdeer|Thunderbolt|p2a: Chimecho\n|-damage|p2a: Chimecho|229/293\n|\n|-heal|p2a: Chimecho|247/293|[from] item: Leftovers\n|-heal|p1a: Wyrdeer|177/321|[from] item: Leftovers\n|upkeep\n|turn|8\n|\n|t:|1732946215\n|move|p2a: Chimecho|Knock Off|p1a: Wyrdeer\n|-supereffective|p1a: Wyrdeer\n|-crit|p1a: Wyrdeer\n|-damage|p1a: Wyrdeer|13/321\n|-enditem|p1a: Wyrdeer|Leftovers|[from] move: Knock Off|[of] p2a: Chimecho\n|move|p1a: Wyrdeer|Thunder Wave|p2a: Chimecho\n|-status|p2a: Chimecho|par\n|\n|-heal|p2a: Chimecho|265/293 par|[from] item: Leftovers\n|upkeep\n|turn|9\n|\n|t:|1732946218\n|move|p1a: Wyrdeer|Thunderbolt|p2a: Chimecho\n|-damage|p2a: Chimecho|202/293 par\n|move|p2a: Chimecho|Psychic Noise|p1a: Wyrdeer\n|-resisted|p1a: Wyrdeer\n|-damage|p1a: Wyrdeer|0 fnt\n|faint|p1a: Wyrdeer\n|\n|-heal|p2a: Chimecho|220/293 par|[from] item: Leftovers\n|upkeep\n|\n|t:|1732946221\n|switch|p1a: Trevenant|Trevenant, L88, F|293/293\n|turn|10\n|\n|t:|1732946225\n|cant|p2a: Chimecho|par\n|move|p1a: Trevenant|Trick Room|p1a: Trevenant\n|-fieldstart|move: Trick Room|[of] p1a: Trevenant\n|\n|-heal|p2a: Chimecho|238/293 par|[from] item: Leftovers\n|upkeep\n|turn|11\n|\n|t:|1732946227\n|move|p2a: Chimecho|Knock Off|p1a: Trevenant\n|-supereffective|p1a: Trevenant\n|-damage|p1a: Trevenant|173/293\n|-enditem|p1a: Trevenant|Life Orb|[from] move: Knock Off|[of] p2a: Chimecho\n|move|p1a: Trevenant|Poltergeist|p2a: Chimecho\n|-activate|p2a: Chimecho|move: Poltergeist|Leftovers\n|-supereffective|p2a: Chimecho\n|-crit|p2a: Chimecho\n|-damage|p2a: Chimecho|0 fnt\n|faint|p2a: Chimecho\n|\n|upkeep\n|\n|t:|1732946237\n|switch|p2a: Whiscash|Whiscash, L88, F|337/337\n|turn|12\n|\n|t:|1732946252\n|-terastallize|p2a: Whiscash|Poison\n|move|p1a: Trevenant|Wood Hammer|p2a: Whiscash\n|-resisted|p2a: Whiscash\n|-damage|p2a: Whiscash|251/337\n|-damage|p1a: Trevenant|145/293|[from] Recoil\n|move|p2a: Whiscash|Stealth Rock|p1a: Trevenant\n|-sidestart|p1: Starvedkitten|move: Stealth Rock\n|\n|-heal|p2a: Whiscash|272/337|[from] item: Leftovers\n|upkeep\n|turn|13\n|\n|t:|1732946260\n|move|p1a: Trevenant|Poltergeist|p2a: Whiscash\n|-activate|p2a: Whiscash|move: Poltergeist|Leftovers\n|-crit|p2a: Whiscash\n|-damage|p2a: Whiscash|37/337\n|move|p2a: Whiscash|Spikes|p1a: Trevenant\n|-sidestart|p1: Starvedkitten|Spikes\n|\n|-heal|p2a: Whiscash|58/337|[from] item: Leftovers\n|upkeep\n|turn|14\n|\n|t:|1732946262\n|move|p1a: Trevenant|Poltergeist|p2a: Whiscash\n|-activate|p2a: Whiscash|move: Poltergeist|Leftovers\n|-damage|p2a: Whiscash|0 fnt\n|faint|p2a: Whiscash\n|\n|-fieldend|move: Trick Room\n|upkeep\n|\n|t:|1732946264\n|switch|p2a: Staraptor|Staraptor, L79, F|193/263\n|turn|15\n|\n|t:|1732946267\n|move|p2a: Staraptor|Brave Bird|p1a: Trevenant\n|-supereffective|p1a: Trevenant\n|-damage|p1a: Trevenant|0 fnt\n|faint|p1a: Trevenant\n|-damage|p2a: Staraptor|145/263|[from] Recoil\n|\n|upkeep\n|\n|t:|1732946274\n|switch|p1a: Regice|Regice, L88|284/284\n|turn|16\n|\n|t:|1732946278\n|move|p2a: Staraptor|Brave Bird|p1a: Regice\n|-damage|p1a: Regice|76/284\n|-damage|p2a: Staraptor|76/263|[from] Recoil\n|move|p1a: Regice|Ice Beam|p2a: Staraptor\n|-supereffective|p2a: Staraptor\n|-damage|p2a: Staraptor|0 fnt\n|faint|p2a: Staraptor\n|\n|upkeep\n|\n|t:|1732946280\n|switch|p2a: Vivillon|Vivillon-Monsoon, L84, F|272/272\n|turn|17\n|\n|t:|1732946284\n|move|p2a: Vivillon|Sleep Powder|p1a: Regice\n|-status|p1a: Regice|slp|[from] move: Sleep Powder\n|cant|p1a: Regice|slp\n|\n|upkeep\n|turn|18\n|\n|t:|1732946286\n|switch|p1a: Oricorio|Oricorio, L84, M|263/263\n|move|p2a: Vivillon|Quiver Dance|p2a: Vivillon\n|-boost|p2a: Vivillon|spa|1\n|-boost|p2a: Vivillon|spd|1\n|-boost|p2a: Vivillon|spe|1\n|-activate|p1a: Oricorio|ability: Dancer\n|move|p1a: Oricorio|Quiver Dance|p1a: Oricorio|[from]ability: Dancer\n|-boost|p1a: Oricorio|spa|1\n|-boost|p1a: Oricorio|spd|1\n|-boost|p1a: Oricorio|spe|1\n|\n|upkeep\n|turn|19\n|\n|t:|1732946291\n|move|p1a: Oricorio|Quiver Dance|p1a: Oricorio\n|-boost|p1a: Oricorio|spa|1\n|-boost|p1a: Oricorio|spd|1\n|-boost|p1a: Oricorio|spe|1\n|move|p2a: Vivillon|Hurricane|p1a: Oricorio\n|-damage|p1a: Oricorio|164/263\n|\n|upkeep\n|turn|20\n|\n|t:|1732946294\n|move|p1a: Oricorio|Quiver Dance|p1a: Oricorio\n|-boost|p1a: Oricorio|spa|1\n|-boost|p1a: Oricorio|spd|1\n|-boost|p1a: Oricorio|spe|1\n|move|p2a: Vivillon|Hurricane|p1a: Oricorio\n|-damage|p1a: Oricorio|82/263\n|\n|upkeep\n|turn|21\n|\n|t:|1732946296\n|move|p1a: Oricorio|Roost|p1a: Oricorio\n|-heal|p1a: Oricorio|214/263\n|-singleturn|p1a: Oricorio|move: Roost\n|move|p2a: Vivillon|Hurricane|p1a: Oricorio\n|-crit|p1a: Oricorio\n|-damage|p1a: Oricorio|0 fnt\n|faint|p1a: Oricorio\n|\n|upkeep\n|c|\u2606Flameburst97|lol\n|-message|Starvedkitten forfeited.\n|\n|win|Flameburst97\n|raw|Starvedkitten's rating: 1649 &rarr; <strong>1629</strong><br />(-20 for losing)\n|raw|Flameburst97's rating: 1655 &rarr; <strong>1675</strong><br />(+20 for winning)\n|l|\u2606Starvedkitten\n|player|p1|\n", "inputlog": ">version b107d77f5c90bd6555267ae244a6264823309ead\n>start {\"formatid\":\"gen9randombattle\",\"seed\":[61542,54805,20261,7267],\"rated\":\"Rated battle\"}\n>player p1 {\"name\":\"Starvedkitten\",\"avatar\":\"aromalady\",\"rating\":1630,\"seed\":[18063,26771,13833,23877]}\n>player p2 {\"name\":\"Flameburst97\",\"avatar\":\"miku-fire\",\"rating\":1655,\"seed\":[34440,44176,56649,20137]}\n>p1 move tailglow\n>p2 switch 6\n>p1 move icebeam\n>p2 move woodhammer\n>p1 move icebeam\n>p2 move iceshard\n>p2 switch 5\n>p1 move energyball\n>p2 move iceshard\n>p2 switch 2\n>p1 switch 6\n>p2 move bravebird\n>p1 switch 6\n>p2 move bravebird\n>p1 switch 6\n>p1 move thunderbolt\n>p2 switch 3\n>p1 move thunderwave\n>p2 move knockoff\n>p1 move thunderbolt\n>p2 move psychicnoise\n>p1 switch 2\n>p1 move trickroom\n>p2 move knockoff\n>p1 move poltergeist\n>p2 move knockoff\n>p2 switch 4\n>p1 move woodhammer\n>p2 move stealthrock terastallize\n>p1 move poltergeist\n>p2 move spikes\n>p1 move poltergeist\n>p2 move spikes\n>p2 switch 3\n>p1 move drainpunch\n>p2 move bravebird\n>p1 switch 5\n>p1 move icebeam\n>p2 move bravebird\n>p2 switch 6\n>p1 move icebeam\n>p2 move sleeppowder\n>p1 switch 3\n>p2 move quiverdance\n>chat \u2606Starvedkitten|ggwo\n>chat \u2606Starvedkitten|ggwp\n>p1 move quiverdance\n>p2 move hurricane\n>p1 move quiverdance\n>p2 move hurricane\n>p1 move roost\n>p2 move hurricane\n>chat \u2606Starvedkitten|or not\n>chat \u2606Flameburst97|lol\n>chat \u2606Starvedkitten|i thought itd be funny\n>chat \u2606Starvedkitten|if i setup to max\n>chat \u2606Starvedkitten|but rip\n>chat \u2606Starvedkitten|gg\n>forcelose p1", "uploadtime": 1732946325, "views": 1, "formatid": "gen9randombattle", "rating": 1629, "private": 0, "password": null}