{"id": "gen9randombattle-2254048807", "format": "[Gen 9] Random Battle", "players": ["theAR", "oscarlikespokemon"], "log": "|j|\u2606theAR\n|j|\u2606oscarlikespokemon\n|t:|1732984800\n|gametype|singles\n|player|p1|theAR|169|1101\n|player|p2|oscarlikespokemon|1|1108\n|teamsize|p1|6\n|teamsize|p2|6\n|gen|9\n|tier|[Gen 9] Random Battle\n|rated|\n|rule|Species Clause: Limit one of each Pok\u00e9mon\n|rule|HP Percentage Mod: HP is shown in percentages\n|rule|Sleep Clause Mod: Limit one foe put to sleep\n|rule|Illusion Level Mod: Illusion disguises the Pok\u00e9mon's true level\n|\n|t:|1732984801\n|start\n|switch|p1a: Hoopa|Hoopa-Unbound, L80|259/259\n|switch|p2a: Falinks|Falinks, L84|246/246\n|turn|1\n|inactive|Battle timer is ON: inactive players will automatically lose when time's up. (requested by oscarlikespokemon)\n|\n|t:|1732984831\n|switch|p2a: Slither Wing|Slither Wing, L81|270/270\n|-enditem|p2a: Slither Wing|Booster Energy\n|-activate|p2a: Slither Wing|ability: Protosynthesis|[fromitem]\n|-start|p2a: Slither Wing|protosynthesisatk\n|move|p1a: Hoopa|Psychic|p2a: Slither Wing\n|-supereffective|p2a: Slither Wing\n|-damage|p2a: Slither Wing|16/270\n|\n|upkeep\n|turn|2\n|\n|t:|1732984849\n|move|p1a: Hoopa|Psychic|p2a: Slither Wing\n|-supereffective|p2a: Slither Wing\n|-damage|p2a: Slither Wing|0 fnt\n|faint|p2a: Slither Wing\n|-end|p2a: Slither Wing|Protosynthesis|[silent]\n|\n|upkeep\n|inactive|oscarlikespokemon has 120 seconds left.\n|\n|t:|1732984880\n|switch|p2a: Empoleon|Empoleon, L84, M|278/278\n|turn|3\n|\n|t:|1732984898\n|switch|p1a: Trevenant|Trevenant, L88, F|293/293\n|move|p2a: Empoleon|Surf|p1a: Trevenant\n|-resisted|p1a: Trevenant\n|-damage|p1a: Trevenant|239/293\n|\n|upkeep\n|turn|4\n|inactive|oscarlikespokemon has 120 seconds left.\n|\n|t:|1732984913\n|switch|p2a: Oricorio|Oricorio-Pom-Pom, L82, M|257/257\n|move|p1a: Trevenant|Drain Punch|p2a: Oricorio\n|-resisted|p2a: Oricorio\n|-damage|p2a: Oricorio|218/257\n|-heal|p1a: Trevenant|259/293|[from] drain|[of] p2a: Oricorio\n|\n|upkeep\n|turn|5\n|inactive|oscarlikespokemon has 120 seconds left.\n|\n|t:|1732984925\n|move|p2a: Oricorio|Hurricane|p1a: Trevenant\n|-supereffective|p1a: Trevenant\n|-damage|p1a: Trevenant|31/293\n|-enditem|p1a: Trevenant|Sitrus Berry|[eat]\n|-heal|p1a: Trevenant|104/293|[from] item: Sitrus Berry\n|move|p1a: Trevenant|Toxic|p2a: Oricorio\n|-status|p2a: Oricorio|tox\n|\n|-damage|p2a: Oricorio|202/257 tox|[from] psn\n|-item|p1a: Trevenant|Sitrus Berry|[from] ability: Harvest\n|upkeep\n|-enditem|p1a: Trevenant|Sitrus Berry|[eat]\n|-heal|p1a: Trevenant|177/293|[from] item: Sitrus Berry\n|turn|6\n|inactive|oscarlikespokemon has 120 seconds left.\n|\n|t:|1732984938\n|move|p1a: Trevenant|Protect|p1a: Trevenant\n|-singleturn|p1a: Trevenant|Protect\n|move|p2a: Oricorio|Hurricane|p1a: Trevenant\n|-activate|p1a: Trevenant|move: Protect\n|\n|-damage|p2a: Oricorio|170/257 tox|[from] psn\n|upkeep\n|turn|7\n|\n|t:|1732984946\n|switch|p1a: Registeel|Registeel, L81|262/262\n|move|p2a: Oricorio|Hurricane|p1a: Registeel|[miss]\n|-miss|p2a: Oricorio|p1a: Registeel\n|\n|-damage|p2a: Oricorio|122/257 tox|[from] psn\n|upkeep\n|turn|8\n|inactive|oscarlikespokemon has 120 seconds left.\n|\n|t:|1732984966\n|switch|p2a: Falinks|Falinks, L84|246/246\n|switch|p1a: Trevenant|Trevenant, L88, F|177/293\n|\n|upkeep\n|turn|9\n|inactive|oscarlikespokemon has 120 seconds left.\n|\n|t:|1732984979\n|move|p2a: Falinks|No Retreat|p2a: Falinks\n|-boost|p2a: Falinks|atk|1\n|-boost|p2a: Falinks|def|1\n|-boost|p2a: Falinks|spa|1\n|-boost|p2a: Falinks|spd|1\n|-boost|p2a: Falinks|spe|1\n|-start|p2a: Falinks|move: No Retreat\n|move|p1a: Trevenant|Toxic|p2a: Falinks\n|-status|p2a: Falinks|tox\n|\n|-damage|p2a: Falinks|231/246 tox|[from] psn\n|upkeep\n|turn|10\n|\n|t:|1732984988\n|move|p1a: Trevenant|Protect|p1a: Trevenant\n|-singleturn|p1a: Trevenant|Protect\n|move|p2a: Falinks|Close Combat|p1a: Trevenant\n|-activate|p1a: Trevenant|move: Protect\n|\n|-damage|p2a: Falinks|201/246 tox|[from] psn\n|-item|p1a: Trevenant|Sitrus Berry|[from] ability: Harvest\n|upkeep\n|turn|11\n|\n|t:|1732985005\n|move|p2a: Falinks|Knock Off|p1a: Trevenant\n|-supereffective|p1a: Trevenant\n|-damage|p1a: Trevenant|0 fnt\n|-enditem|p1a: Trevenant|Sitrus Berry|[from] move: Knock Off|[of] p2a: Falinks\n|faint|p1a: Trevenant\n|-damage|p2a: Falinks|177/246 tox|[from] item: Life Orb\n|\n|-damage|p2a: Falinks|132/246 tox|[from] psn\n|upkeep\n|\n|t:|1732985011\n|switch|p1a: Toxicroak|Toxicroak, L84, M|277/277\n|turn|12\n|\n|t:|1732985022\n|move|p2a: Falinks|Iron Head|p1a: Toxicroak\n|-damage|p1a: Toxicroak|129/277\n|-damage|p2a: Falinks|108/246 tox|[from] item: Life Orb\n|move|p1a: Toxicroak|Swords Dance|p1a: Toxicroak\n|-boost|p1a: Toxicroak|atk|2\n|\n|-damage|p2a: Falinks|48/246 tox|[from] psn\n|upkeep\n|turn|13\n|\n|t:|1732985034\n|switch|p1a: Registeel|Registeel, L81|262/262\n|move|p2a: Falinks|Iron Head|p1a: Registeel\n|-resisted|p1a: Registeel\n|-damage|p1a: Registeel|227/262\n|-damage|p2a: Falinks|24/246 tox|[from] item: Life Orb\n|\n|-heal|p1a: Registeel|243/262|[from] item: Leftovers\n|-damage|p2a: Falinks|0 fnt|[from] psn\n|faint|p2a: Falinks\n|upkeep\n|\n|t:|1732985048\n|switch|p2a: Sceptile|Sceptile, L87, F|264/264\n|turn|14\n|inactive|theAR has 120 seconds left.\n|\n|t:|1732985102\n|move|p2a: Sceptile|Swords Dance|p2a: Sceptile\n|-boost|p2a: Sceptile|atk|2\n|move|p1a: Registeel|Thunder Wave|p2a: Sceptile\n|-status|p2a: Sceptile|par\n|\n|-heal|p1a: Registeel|259/262|[from] item: Leftovers\n|upkeep\n|turn|15\n|\n|t:|1732985110\n|switch|p1a: Toxicroak|Toxicroak, L84, M|129/277\n|cant|p2a: Sceptile|par\n|\n|upkeep\n|turn|16\n|\n|t:|1732985121\n|-terastallize|p2a: Sceptile|Rock\n|move|p1a: Toxicroak|Swords Dance|p1a: Toxicroak\n|-boost|p1a: Toxicroak|atk|2\n|move|p2a: Sceptile|Earthquake|p1a: Toxicroak\n|-supereffective|p1a: Toxicroak\n|-damage|p1a: Toxicroak|0 fnt\n|faint|p1a: Toxicroak\n|-damage|p2a: Sceptile|238/264 par|[from] item: Life Orb\n|\n|upkeep\n|\n|t:|1732985129\n|switch|p1a: Hawlucha|Hawlucha, L80, F|256/256\n|turn|17\n|inactive|oscarlikespokemon has 120 seconds left.\n|\n|t:|1732985159\n|switch|p2a: Oricorio|Oricorio-Pom-Pom, L82, M|122/257 tox\n|-terastallize|p1a: Hawlucha|Fighting\n|move|p1a: Hawlucha|Close Combat|p2a: Oricorio\n|-resisted|p2a: Oricorio\n|-damage|p2a: Oricorio|36/257 tox\n|-unboost|p1a: Hawlucha|def|1\n|-unboost|p1a: Hawlucha|spd|1\n|-enditem|p1a: Hawlucha|White Herb\n|-clearnegativeboost|p1a: Hawlucha|[silent]\n|\n|-damage|p2a: Oricorio|20/257 tox|[from] psn\n|upkeep\n|turn|18\n|inactive|oscarlikespokemon has 120 seconds left.\n|inactive|theAR has 120 seconds left.\n|inactive|theAR has 90 seconds left.\n|inactive|theAR has 60 seconds left.\n|\n|t:|1732985258\n|move|p1a: Hawlucha|Close Combat|p2a: Oricorio\n|-resisted|p2a: Oricorio\n|-damage|p2a: Oricorio|0 fnt\n|-unboost|p1a: Hawlucha|def|1\n|-unboost|p1a: Hawlucha|spd|1\n|faint|p2a: Oricorio\n|\n|upkeep\n|inactive|oscarlikespokemon has 90 seconds left.\n|\n|t:|1732985286\n|switch|p2a: Empoleon|Empoleon, L84, M|278/278\n|turn|19\n|\n|t:|1732985296\n|move|p1a: Hawlucha|Close Combat|p2a: Empoleon\n|-supereffective|p2a: Empoleon\n|-damage|p2a: Empoleon|0 fnt\n|-unboost|p1a: Hawlucha|def|1\n|-unboost|p1a: Hawlucha|spd|1\n|faint|p2a: Empoleon\n|\n|upkeep\n|\n|t:|1732985303\n|switch|p2a: Glaceon|Glaceon, L94, F|275/275\n|turn|20\n|\n|t:|1732985309\n|move|p2a: Glaceon|Protect|p2a: Glaceon\n|-singleturn|p2a: Glaceon|Protect\n|move|p1a: Hawlucha|Close Combat|p2a: Glaceon\n|-activate|p2a: Glaceon|move: Protect\n|\n|upkeep\n|turn|21\n|inactive|theAR has 60 seconds left.\n|\n|t:|1732985316\n|move|p1a: Hawlucha|Close Combat|p2a: Glaceon\n|-supereffective|p2a: Glaceon\n|-damage|p2a: Glaceon|55/275\n|-unboost|p1a: Hawlucha|def|1\n|-unboost|p1a: Hawlucha|spd|1\n|move|p2a: Glaceon|Freeze-Dry|p1a: Hawlucha\n|-damage|p1a: Hawlucha|0 fnt\n|faint|p1a: Hawlucha\n|\n|upkeep\n|\n|t:|1732985321\n|switch|p1a: Greedent|Greedent, L86, F|347/347\n|turn|22\n|\n|t:|1732985336\n|move|p2a: Glaceon|Wish|p2a: Glaceon\n|move|p1a: Greedent|Swords Dance|p1a: Greedent\n|-boost|p1a: Greedent|atk|2\n|\n|upkeep\n|turn|23\n|\n|t:|1732985341\n|move|p2a: Glaceon|Protect|p2a: Glaceon\n|-singleturn|p2a: Glaceon|Protect\n|move|p1a: Greedent|Double-Edge|p2a: Glaceon\n|-activate|p2a: Glaceon|move: Protect\n|\n|-heal|p2a: Glaceon|192/275|[from] move: Wish|[wisher] Glaceon\n|upkeep\n|turn|24\n|inactive|oscarlikespokemon has 120 seconds left.\n|\n|t:|1732985348\n|move|p2a: Glaceon|Freeze-Dry|p1a: Greedent\n|-damage|p1a: Greedent|226/347\n|move|p1a: Greedent|Double-Edge|p2a: Glaceon\n|-damage|p2a: Glaceon|0 fnt\n|faint|p2a: Glaceon\n|-damage|p1a: Greedent|163/347|[from] Recoil\n|-enditem|p1a: Greedent|Sitrus Berry|[eat]\n|-heal|p1a: Greedent|249/347|[from] item: Sitrus Berry\n|-heal|p1a: Greedent|347/347|[from] ability: Cheek Pouch\n|\n|upkeep\n|inactive|oscarlikespokemon has 120 seconds left.\n|\n|t:|1732985359\n|switch|p2a: Sceptile|Sceptile, L87, F, tera:Rock|238/264 par\n|turn|25\n|inactive|oscarlikespokemon has 120 seconds left.\n|\n|t:|1732985369\n|cant|p2a: Sceptile|par\n|move|p1a: Greedent|Earthquake|p2a: Sceptile\n|-supereffective|p2a: Sceptile\n|-damage|p2a: Sceptile|0 fnt\n|faint|p2a: Sceptile\n|\n|win|theAR\n|raw|theAR's rating: 1101 &rarr; <strong>1127</strong><br />(+26 for winning)\n|raw|oscarlikespokemon's rating: 1108 &rarr; <strong>1082</strong><br />(-26 for losing)\n|c|\u2606theAR|gg\n|l|\u2606oscarlikespokemon\n|player|p2|\n", "inputlog": ">version b107d77f5c90bd6555267ae244a6264823309ead\n>start {\"formatid\":\"gen9randombattle\",\"seed\":[35914,14937,42667,33456],\"rated\":\"Rated battle\"}\n>player p1 {\"name\":\"theAR\",\"avatar\":\"169\",\"rating\":1101,\"seed\":[20327,8038,19950,7789]}\n>player p2 {\"name\":\"oscarlikespokemon\",\"avatar\":\"1\",\"rating\":1108,\"seed\":[36833,16673,33455,28614]}\n>p1 move psychic\n>p2 switch 6\n>p1 move psychic\n>p2 move closecombat\n>p2 switch 5\n>p1 switch 6\n>p2 move surf\n>p1 move drainpunch\n>p2 switch 3\n>p1 move toxic\n>p2 move hurricane\n>p1 move protect\n>p2 move hurricane\n>p1 switch 4\n>p2 move hurricane\n>p1 switch 4\n>p2 switch 6\n>p1 move toxic\n>p2 move noretreat\n>p1 move protect\n>p2 move closecombat\n>p1 move drainpunch\n>p2 move knockoff\n>p1 switch 2\n>p1 move swordsdance\n>p2 move ironhead\n>p1 switch 4\n>p2 move ironhead\n>p2 switch 4\n>p1 move thunderwave\n>p2 move swordsdance\n>p1 switch 4\n>p2 move earthquake\n>p1 move swordsdance\n>p2 move earthquake terastallize\n>p1 switch 3\n>p1 move closecombat terastallize\n>p2 switch 6\n>p1 move closecombat\n>p2 move hurricane\n>p2 switch 3\n>p1 move closecombat\n>p2 move yawn\n>p2 switch 2\n>p1 move closecombat\n>p2 move protect\n>p1 move closecombat\n>p2 move freezedry\n>p1 switch 5\n>p1 move swordsdance\n>p2 move wish\n>p1 move doubleedge\n>p2 move protect\n>p1 move doubleedge\n>p2 move freezedry\n>p2 switch 6\n>p1 move earthquake\n>p2 move earthquake", "uploadtime": 1732985493, "views": 5, "formatid": "gen9randombattle", "rating": 1082, "private": 0, "password": null}