{"id": "gen9randombattle-2254169059", "format": "[Gen 9] Random Battle", "players": ["Kacperol95", "elbow baggins"], "log": "|j|\u2606Kacperol95\n|j|\u2606elbow baggins\n|t:|1732999768\n|gametype|singles\n|player|p1|Kacperol95|hiker-gen4|1525\n|player|p2|elbow baggins|265|1509\n|teamsize|p1|6\n|teamsize|p2|6\n|gen|9\n|tier|[Gen 9] Random Battle\n|rated|\n|rule|Species Clause: Limit one of each Pok\u00e9mon\n|rule|HP Percentage Mod: HP is shown in percentages\n|rule|Sleep Clause Mod: Limit one foe put to sleep\n|rule|Illusion Level Mod: Illusion disguises the Pok\u00e9mon's true level\n|\n|t:|1732999768\n|start\n|switch|p1a: Scizor|Scizor, L79, F|240/240\n|switch|p2a: Arceus|Arceus-Fairy, L69|280/280\n|turn|1\n|c|\u2606elbow baggins|glhf\n|\n|t:|1732999805\n|switch|p2a: Entei|Entei, L78|307/307\n|move|p1a: Scizor|U-turn|p2a: Entei\n|-resisted|p2a: Entei\n|-damage|p2a: Entei|264/307\n|\n|t:|1732999823\n|switch|p1a: Suicune|Suicune, L82|298/298|[from] U-turn\n|-ability|p1a: Suicune|Pressure\n|\n|upkeep\n|turn|2\n|\n|t:|1732999858\n|switch|p2a: Wigglytuff|Wigglytuff, L96, F|424/424\n|move|p1a: Suicune|Substitute|p1a: Suicune\n|-start|p1a: Suicune|Substitute\n|-damage|p1a: Suicune|224/298\n|\n|-heal|p1a: Suicune|242/298|[from] item: Leftovers\n|upkeep\n|turn|3\n|\n|t:|1732999878\n|move|p1a: Suicune|Calm Mind|p1a: Suicune\n|-boost|p1a: Suicune|spa|1\n|-boost|p1a: Suicune|spd|1\n|move|p2a: Wigglytuff|Alluring Voice|p1a: Suicune\n|-damage|p1a: Suicune|188/298\n|-start|p1a: Suicune|confusion\n|\n|-heal|p1a: Suicune|206/298|[from] item: Leftovers\n|upkeep\n|turn|4\n|inactive|Battle timer is ON: inactive players will automatically lose when time's up. (requested by Kacperol95)\n|\n|t:|1732999919\n|-activate|p1a: Suicune|confusion\n|-damage|p1a: Suicune|191/298|[from] confusion\n|move|p2a: Wigglytuff|Knock Off|p1a: Suicune\n|-activate|p1a: Suicune|move: Substitute|[damage]\n|\n|-heal|p1a: Suicune|209/298|[from] item: Leftovers\n|upkeep\n|turn|5\n|\n|t:|1732999930\n|-activate|p1a: Suicune|confusion\n|move|p1a: Suicune|Scald|p2a: Wigglytuff\n|-damage|p2a: Wigglytuff|274/424\n|move|p2a: Wigglytuff|Knock Off|p1a: Suicune\n|-end|p1a: Suicune|Substitute\n|\n|-heal|p1a: Suicune|227/298|[from] item: Leftovers\n|-heal|p2a: Wigglytuff|300/424|[from] item: Leftovers\n|upkeep\n|turn|6\n|\n|t:|1732999943\n|-end|p1a: Suicune|confusion\n|move|p1a: Suicune|Calm Mind|p1a: Suicune\n|-boost|p1a: Suicune|spa|1\n|-boost|p1a: Suicune|spd|1\n|move|p2a: Wigglytuff|Knock Off|p1a: Suicune\n|-damage|p1a: Suicune|164/298\n|-enditem|p1a: Suicune|Leftovers|[from] move: Knock Off|[of] p2a: Wigglytuff\n|\n|-heal|p2a: Wigglytuff|326/424|[from] item: Leftovers\n|upkeep\n|turn|7\n|\n|t:|1732999964\n|move|p1a: Suicune|Scald|p2a: Wigglytuff\n|-damage|p2a: Wigglytuff|136/424\n|move|p2a: Wigglytuff|Alluring Voice|p1a: Suicune\n|-damage|p1a: Suicune|122/298\n|\n|-heal|p2a: Wigglytuff|162/424|[from] item: Leftovers\n|upkeep\n|turn|8\n|inactive|elbow baggins has 120 seconds left.\n|\n|t:|1732999988\n|switch|p2a: Wyrdeer|Wyrdeer, L87, F|321/321\n|-ability|p2a: Wyrdeer|Intimidate|boost\n|-unboost|p1a: Suicune|atk|1\n|move|p1a: Suicune|Scald|p2a: Wyrdeer\n|-damage|p2a: Wyrdeer|209/321\n|\n|upkeep\n|turn|9\n|inactive|elbow baggins has 120 seconds left.\n|\n|t:|1733000003\n|move|p1a: Suicune|Scald|p2a: Wyrdeer\n|-damage|p2a: Wyrdeer|95/321\n|move|p2a: Wyrdeer|Thunderbolt|p1a: Suicune\n|-supereffective|p1a: Suicune\n|-damage|p1a: Suicune|60/298\n|\n|upkeep\n|turn|10\n|inactive|elbow baggins has 120 seconds left.\n|\n|t:|1733000019\n|move|p1a: Suicune|Scald|p2a: Wyrdeer\n|-damage|p2a: Wyrdeer|0 fnt\n|faint|p2a: Wyrdeer\n|\n|upkeep\n|\n|t:|1733000035\n|switch|p2a: Mewtwo|Mewtwo, L72|272/272\n|-ability|p2a: Mewtwo|Unnerve\n|turn|11\n|\n|t:|1733000057\n|move|p2a: Mewtwo|Psystrike|p1a: Suicune\n|-damage|p1a: Suicune|0 fnt\n|faint|p1a: Suicune\n|-damage|p2a: Mewtwo|245/272|[from] item: Life Orb\n|\n|upkeep\n|\n|t:|1733000066\n|switch|p1a: Scizor|Scizor, L79, F|240/240\n|turn|12\n|c|\u2606elbow baggins|it's crazy i've got three legendaries and my team almost gets swept by calm mind sub suicune\n|\n|t:|1733000076\n|-terastallize|p1a: Scizor|Steel\n|move|p2a: Mewtwo|Fire Blast|p1a: Scizor|[miss]\n|-miss|p2a: Mewtwo|p1a: Scizor\n|move|p1a: Scizor|U-turn|p2a: Mewtwo\n|-supereffective|p2a: Mewtwo\n|-damage|p2a: Mewtwo|71/272\n|inactive|Kacperol95 has 120 seconds left.\n|\n|t:|1733000097\n|switch|p1a: Dragonite|Dragonite, L74, M|257/257|[from] U-turn\n|\n|upkeep\n|turn|13\n|inactive|elbow baggins has 120 seconds left.\n|\n|t:|1733000117\n|switch|p2a: Arceus|Arceus-Fairy, L69|280/280\n|move|p1a: Dragonite|Dragon Dance|p1a: Dragonite\n|-boost|p1a: Dragonite|atk|1\n|-boost|p1a: Dragonite|spe|1\n|\n|upkeep\n|turn|14\n|inactive|elbow baggins has 120 seconds left.\n|\n|t:|1733000135\n|move|p1a: Dragonite|Earthquake|p2a: Arceus\n|-damage|p2a: Arceus|170/280\n|move|p2a: Arceus|Judgment|p1a: Dragonite\n|-supereffective|p1a: Dragonite\n|-damage|p1a: Dragonite|151/257\n|\n|upkeep\n|turn|15\n|inactive|elbow baggins has 120 seconds left.\n|\n|t:|1733000149\n|move|p1a: Dragonite|Earthquake|p2a: Arceus\n|-damage|p2a: Arceus|76/280\n|move|p2a: Arceus|Judgment|p1a: Dragonite\n|-supereffective|p1a: Dragonite\n|-damage|p1a: Dragonite|0 fnt\n|faint|p1a: Dragonite\n|\n|upkeep\n|\n|t:|1733000161\n|switch|p1a: Bronzong|Bronzong, L88|261/261\n|turn|16\n|inactive|elbow baggins has 120 seconds left.\n|\n|t:|1733000172\n|switch|p2a: Entei|Entei, L78|264/307\n|move|p1a: Bronzong|Iron Head|p2a: Entei\n|-resisted|p2a: Entei\n|-damage|p2a: Entei|216/307\n|\n|upkeep\n|turn|17\n|inactive|Kacperol95 has 120 seconds left.\n|\n|t:|1733000217\n|move|p2a: Entei|Sacred Fire|p1a: Bronzong\n|-supereffective|p1a: Bronzong\n|-damage|p1a: Bronzong|33/261\n|move|p1a: Bronzong|Psychic Noise|p2a: Entei\n|-damage|p2a: Entei|132/307\n|-start|p2a: Entei|move: Heal Block\n|\n|-heal|p1a: Bronzong|49/261|[from] item: Leftovers\n|upkeep\n|turn|18\n|inactive|elbow baggins has 120 seconds left.\n|\n|t:|1733000235\n|move|p2a: Entei|Sacred Fire|p1a: Bronzong\n|-supereffective|p1a: Bronzong\n|-damage|p1a: Bronzong|0 fnt\n|faint|p1a: Bronzong\n|\n|-end|p2a: Entei|move: Heal Block\n|upkeep\n|\n|t:|1733000244\n|switch|p1a: Seviper|Seviper, L93, M|287/287\n|turn|19\n|inactive|elbow baggins has 120 seconds left.\n|\n|t:|1733000277\n|-terastallize|p2a: Entei|Fire\n|move|p2a: Entei|Sacred Fire|p1a: Seviper\n|-damage|p1a: Seviper|19/287\n|-status|p1a: Seviper|brn\n|move|p1a: Seviper|Earthquake|p2a: Entei\n|-supereffective|p2a: Entei\n|-damage|p2a: Entei|33/307\n|\n|-heal|p1a: Seviper|36/287 brn|[from] item: Leftovers\n|-damage|p1a: Seviper|19/287 brn|[from] brn\n|upkeep\n|turn|20\n|inactive|Kacperol95 has 120 seconds left.\n|inactive|elbow baggins has 90 seconds left.\n|\n|t:|1733000303\n|switch|p2a: Wigglytuff|Wigglytuff, L96, F|162/424\n|move|p1a: Seviper|Earthquake|p2a: Wigglytuff\n|-damage|p2a: Wigglytuff|104/424\n|\n|-heal|p1a: Seviper|36/287 brn|[from] item: Leftovers\n|-heal|p2a: Wigglytuff|130/424|[from] item: Leftovers\n|-damage|p1a: Seviper|19/287 brn|[from] brn\n|upkeep\n|turn|21\n|inactive|Kacperol95 has 120 seconds left.\n|inactive|elbow baggins has 90 seconds left.\n|\n|t:|1733000316\n|move|p1a: Seviper|Gunk Shot|p2a: Wigglytuff\n|-supereffective|p2a: Wigglytuff\n|-damage|p2a: Wigglytuff|0 fnt\n|faint|p2a: Wigglytuff\n|\n|-heal|p1a: Seviper|36/287 brn|[from] item: Leftovers\n|-damage|p1a: Seviper|19/287 brn|[from] brn\n|upkeep\n|inactive|elbow baggins has 90 seconds left.\n|\n|t:|1733000341\n|switch|p2a: Mewtwo|Mewtwo, L72|71/272\n|-ability|p2a: Mewtwo|Unnerve\n|turn|22\n|\n|t:|1733000354\n|move|p2a: Mewtwo|Recover|p2a: Mewtwo\n|-heal|p2a: Mewtwo|207/272\n|move|p1a: Seviper|Gunk Shot|p2a: Mewtwo\n|-damage|p2a: Mewtwo|117/272\n|\n|-heal|p1a: Seviper|36/287 brn|[from] item: Leftovers\n|-damage|p1a: Seviper|19/287 brn|[from] brn\n|upkeep\n|turn|23\n|\n|t:|1733000358\n|move|p2a: Mewtwo|Recover|p2a: Mewtwo\n|-heal|p2a: Mewtwo|253/272\n|move|p1a: Seviper|Trailblaze|p2a: Mewtwo\n|-crit|p2a: Mewtwo\n|-damage|p2a: Mewtwo|214/272\n|-boost|p1a: Seviper|spe|1\n|\n|-heal|p1a: Seviper|36/287 brn|[from] item: Leftovers\n|-damage|p1a: Seviper|19/287 brn|[from] brn\n|upkeep\n|turn|24\n|\n|t:|1733000363\n|move|p1a: Seviper|Gunk Shot|p2a: Mewtwo|[miss]\n|-miss|p1a: Seviper|p2a: Mewtwo\n|move|p2a: Mewtwo|Psystrike|p1a: Seviper\n|-supereffective|p1a: Seviper\n|-damage|p1a: Seviper|0 fnt\n|faint|p1a: Seviper\n|-damage|p2a: Mewtwo|187/272|[from] item: Life Orb\n|\n|upkeep\n|\n|t:|1733000372\n|switch|p1a: Scizor|Scizor, L79, F, tera:Steel|240/240\n|turn|25\n|\n|t:|1733000379\n|move|p2a: Mewtwo|Fire Blast|p1a: Scizor\n|-supereffective|p1a: Scizor\n|-damage|p1a: Scizor|0 fnt\n|faint|p1a: Scizor\n|-damage|p2a: Mewtwo|160/272|[from] item: Life Orb\n|\n|upkeep\n|\n|t:|1733000383\n|switch|p1a: Arceus|Arceus-Ice, L72|291/291\n|turn|26\n|\n|t:|1733000389\n|move|p2a: Mewtwo|Fire Blast|p1a: Arceus\n|-supereffective|p1a: Arceus\n|-damage|p1a: Arceus|83/291\n|-status|p1a: Arceus|brn\n|-damage|p2a: Mewtwo|133/272|[from] item: Life Orb\n|move|p1a: Arceus|Judgment|p2a: Mewtwo\n|-damage|p2a: Mewtwo|6/272\n|\n|-damage|p1a: Arceus|65/291 brn|[from] brn\n|upkeep\n|turn|27\n|inactive|elbow baggins has 120 seconds left.\n|\n|t:|1733000401\n|move|p2a: Mewtwo|Psystrike|p1a: Arceus\n|-damage|p1a: Arceus|0 fnt\n|faint|p1a: Arceus\n|-damage|p2a: Mewtwo|0 fnt|[from] item: Life Orb\n|faint|p2a: Mewtwo\n|\n|win|elbow baggins\n|raw|Kacperol95's rating: 1525 &rarr; <strong>1504</strong><br />(-21 for losing)\n|raw|elbow baggins's rating: 1509 &rarr; <strong>1530</strong><br />(+21 for winning)\n|l|\u2606Kacperol95\n|player|p1|\n|c|\u2606elbow baggins|gg\n", "inputlog": ">version b107d77f5c90bd6555267ae244a6264823309ead\n>start {\"formatid\":\"gen9randombattle\",\"seed\":[46039,62222,23723,57532],\"rated\":\"Rated battle\"}\n>player p1 {\"name\":\"Kacperol95\",\"avatar\":\"hiker-gen4\",\"rating\":1525,\"seed\":[38937,17527,9334,19212]}\n>player p2 {\"name\":\"elbow baggins\",\"avatar\":\"265\",\"rating\":1509,\"seed\":[61088,36475,14012,46341]}\n>chat \u2606elbow baggins|glhf\n>p1 move uturn\n>p2 switch 4\n>p1 switch 4\n>p1 move substitute\n>p2 switch 2\n>p1 move calmmind\n>p2 move alluringvoice\n>p1 move scald\n>p2 move knockoff\n>p1 move scald\n>p2 move knockoff\n>p1 move calmmind\n>p2 move knockoff\n>p1 move scald\n>p2 move alluringvoice\n>p1 move scald\n>p2 switch 3\n>p1 move scald\n>p2 move thunderbolt\n>p1 move scald\n>p2 move thunderbolt\n>p2 switch 6\n>p1 move scald\n>p2 move psystrike\n>p1 switch 4\n>chat \u2606elbow baggins|it's crazy i've got three legendaries and my team almost gets swept by calm mind sub suicune\n>p1 move uturn terastallize\n>p2 move fireblast\n>p1 switch 5\n>p1 move dragondance\n>p2 switch 4\n>p1 move earthquake\n>p2 move judgment\n>p1 move earthquake\n>p2 move judgment\n>p1 switch 6\n>p1 move ironhead\n>p2 switch 2\n>p1 move psychicnoise\n>p2 move sacredfire\n>p1 move psychicnoise\n>p2 move sacredfire\n>p1 switch 3\n>p1 move earthquake\n>p2 move sacredfire terastallize\n>p1 move earthquake\n>p2 switch 3\n>p1 move gunkshot\n>p2 move knockoff\n>p2 switch 4\n>p1 move gunkshot\n>p2 move recover\n>p1 move trailblaze\n>p2 move recover\n>p1 move gunkshot\n>p2 move psystrike\n>p1 switch 5\n>p1 move uturn\n>p2 move fireblast\n>p1 switch 2\n>p1 move judgment\n>p2 move fireblast\n>p1 move thunderbolt\n>p2 move psystrike", "uploadtime": 1733000415, "views": 24, "formatid": "gen9randombattle", "rating": 1504, "private": 0, "password": null}