{"id": "gen9randombattle-2254162444", "format": "[Gen 9] Random Battle", "players": ["juan20101111", "CJSup"], "log": "|j|\u2606juan20101111\n|j|\u2606CJSup\n|t:|1732998943\n|gametype|singles\n|player|p1|juan20101111|101|1000\n|player|p2|CJSup|pokekid|1037\n|teamsize|p1|6\n|teamsize|p2|6\n|gen|9\n|tier|[Gen 9] Random Battle\n|rated|\n|rule|Species Clause: Limit one of each Pok\u00e9mon\n|rule|HP Percentage Mod: HP is shown in percentages\n|rule|Sleep Clause Mod: Limit one foe put to sleep\n|rule|Illusion Level Mod: Illusion disguises the Pok\u00e9mon's true level\n|\n|t:|1732998943\n|start\n|switch|p1a: Baxcalibur|Baxcalibur, L75, F|295/295\n|switch|p2a: Volbeat|Volbeat, L90, M|263/263\n|turn|1\n|\n|t:|1732998953\n|move|p2a: Volbeat|U-turn|p1a: Baxcalibur\n|-damage|p1a: Baxcalibur|217/295\n|\n|t:|1732998957\n|switch|p2a: Blaziken|Blaziken, L76, M|247/247|[from] U-turn\n|move|p1a: Baxcalibur|Swords Dance|p1a: Baxcalibur\n|-boost|p1a: Baxcalibur|atk|2\n|\n|upkeep\n|turn|2\n|\n|t:|1732998969\n|move|p1a: Baxcalibur|Earthquake|p2a: Blaziken\n|-supereffective|p2a: Blaziken\n|-damage|p2a: Blaziken|0 fnt\n|faint|p2a: Blaziken\n|\n|upkeep\n|\n|t:|1732998984\n|switch|p2a: Rotom|Rotom, L88|231/231\n|turn|3\n|\n|t:|1732998997\n|move|p2a: Rotom|Will-O-Wisp|p1a: Baxcalibur\n|-immune|p1a: Baxcalibur|[from] ability: Thermal Exchange\n|move|p1a: Baxcalibur|Swords Dance|p1a: Baxcalibur\n|-boost|p1a: Baxcalibur|atk|2\n|\n|upkeep\n|turn|4\n|\n|t:|1732999005\n|move|p2a: Rotom|Thunderbolt|p1a: Baxcalibur\n|-resisted|p1a: Baxcalibur\n|-damage|p1a: Baxcalibur|142/295\n|-damage|p2a: Rotom|208/231|[from] item: Life Orb\n|move|p1a: Baxcalibur|Scale Shot|p2a: Rotom\n|-damage|p2a: Rotom|108/231\n|-damage|p2a: Rotom|15/231\n|-damage|p2a: Rotom|0 fnt\n|faint|p2a: Rotom\n|-hitcount|p2: Rotom|3\n|-unboost|p1a: Baxcalibur|def|1\n|-boost|p1a: Baxcalibur|spe|1\n|\n|upkeep\n|\n|t:|1732999022\n|switch|p2a: Sinistcha|Sinistcha, L83|254/254\n|turn|5\n|\n|t:|1732999027\n|move|p1a: Baxcalibur|Icicle Spear|p2a: Sinistcha\n|-supereffective|p2a: Sinistcha\n|-damage|p2a: Sinistcha|92/254\n|-supereffective|p2a: Sinistcha\n|-damage|p2a: Sinistcha|0 fnt\n|faint|p2a: Sinistcha\n|-hitcount|p2: Sinistcha|2\n|\n|upkeep\n|\n|t:|1732999033\n|switch|p2a: Tyranitar|Tyranitar, L79, F|288/288\n|-weather|Sandstorm|[from] ability: Sand Stream|[of] p2a: Tyranitar\n|turn|6\n|\n|t:|1732999042\n|move|p1a: Baxcalibur|Icicle Spear|p2a: Tyranitar\n|-damage|p2a: Tyranitar|200/288\n|-damage|p2a: Tyranitar|121/288\n|-damage|p2a: Tyranitar|43/288\n|-damage|p2a: Tyranitar|0 fnt\n|faint|p2a: Tyranitar\n|-hitcount|p2: Tyranitar|4\n|\n|-weather|Sandstorm|[upkeep]\n|-damage|p1a: Baxcalibur|124/295|[from] Sandstorm\n|upkeep\n|\n|t:|1732999061\n|switch|p2a: Forretress|Forretress, L84, F|263/263\n|turn|7\n|\n|t:|1732999073\n|move|p1a: Baxcalibur|Earthquake|p2a: Forretress\n|-damage|p2a: Forretress|92/263\n|move|p2a: Forretress|Toxic Spikes|p1a: Baxcalibur\n|-sidestart|p1: juan20101111|move: Toxic Spikes\n|\n|-weather|Sandstorm|[upkeep]\n|-damage|p1a: Baxcalibur|106/295|[from] Sandstorm\n|-heal|p2a: Forretress|108/263|[from] item: Leftovers\n|upkeep\n|turn|8\n|-message|CJSup forfeited.\n|\n|win|juan20101111\n|raw|juan20101111's rating: 1000 &rarr; <strong>1044</strong><br />(+44 for winning)\n|raw|CJSup's rating: 1037 &rarr; <strong>1020</strong><br />(-17 for losing)\n|l|\u2606CJSup\n|player|p2|\n", "inputlog": ">version b107d77f5c90bd6555267ae244a6264823309ead\n>start {\"formatid\":\"gen9randombattle\",\"seed\":[1780,10280,48984,50338],\"rated\":\"Rated battle\"}\n>player p1 {\"name\":\"juan20101111\",\"avatar\":\"101\",\"rating\":1000,\"seed\":[41835,12043,54219,21555]}\n>player p2 {\"name\":\"CJSup\",\"avatar\":\"pokekid\",\"rating\":1037,\"seed\":[49579,54167,37899,43440]}\n>p1 move swordsdance\n>p2 move uturn\n>p2 switch 5\n>p1 move earthquake\n>p2 move flareblitz\n>p2 switch 6\n>p1 move swordsdance\n>p2 move willowisp\n>p1 move scaleshot\n>p2 move thunderbolt\n>p2 switch 2\n>p1 move iciclespear\n>p2 move matchagotcha\n>p2 switch 4\n>p1 move iciclespear\n>p2 move dragontail\n>p2 switch 3\n>p1 move earthquake\n>p2 move toxicspikes\n>forcelose p2", "uploadtime": 1732999081, "views": 1, "formatid": "gen9randombattle", "rating": 1020, "private": 0, "password": null}