{"id": "gen9randombattle-2254034873", "format": "[Gen 9] Random Battle", "players": ["S4les5", "abcxxx"], "log": "|j|\u2606S4les5\n|j|\u2606abcxxx\n|t:|1732982955\n|gametype|singles\n|player|p1|S4les5|101|1494\n|player|p2|abcxxx|1|1503\n|teamsize|p1|6\n|teamsize|p2|6\n|gen|9\n|tier|[Gen 9] Random Battle\n|rated|\n|rule|Species Clause: Limit one of each Pok\u00e9mon\n|rule|HP Percentage Mod: HP is shown in percentages\n|rule|Sleep Clause Mod: Limit one foe put to sleep\n|rule|Illusion Level Mod: Illusion disguises the Pok\u00e9mon's true level\n|\n|t:|1732982955\n|start\n|switch|p1a: Bronzong|Bronzong, L88|261/261\n|switch|p2a: Pincurchin|Pincurchin, F|258/258\n|-fieldstart|move: Electric Terrain|[from] ability: Electric Surge|[of] p2a: Pincurchin\n|turn|1\n|inactive|Battle timer is ON: inactive players will automatically lose when time's up. (requested by abcxxx)\n|\n|t:|1732982964\n|move|p1a: Bronzong|Stealth Rock|p2a: Pincurchin\n|-sidestart|p2: abcxxx|move: Stealth Rock\n|move|p2a: Pincurchin|Zing Zap|p1a: Bronzong\n|-damage|p1a: Bronzong|141/261\n|\n|-heal|p1a: Bronzong|157/261|[from] item: Leftovers\n|upkeep\n|turn|2\n|\n|t:|1732982979\n|switch|p1a: Iron Crown|Iron Crown, L79|272/272\n|-activate|p1a: Iron Crown|ability: Quark Drive\n|-start|p1a: Iron Crown|quarkdrivespa\n|move|p2a: Pincurchin|Curse|p2a: Pincurchin\n|-unboost|p2a: Pincurchin|spe|1\n|-boost|p2a: Pincurchin|atk|1\n|-boost|p2a: Pincurchin|def|1\n|\n|upkeep\n|turn|3\n|\n|t:|1732983001\n|-end|p1a: Iron Crown|Quark Drive|[silent]\n|switch|p1a: Miraidon|Miraidon, L65|238/238\n|-activate|p1a: Miraidon|ability: Hadron Engine\n|move|p2a: Pincurchin|Zing Zap|p1a: Miraidon\n|-resisted|p1a: Miraidon\n|-damage|p1a: Miraidon|169/238\n|\n|upkeep\n|turn|4\n|\n|t:|1732983011\n|switch|p2a: Torterra|Torterra, L78, F|276/276\n|-damage|p2a: Torterra|259/276|[from] Stealth Rock\n|move|p1a: Miraidon|Draco Meteor|p2a: Torterra\n|-damage|p2a: Torterra|0 fnt\n|-unboost|p1a: Miraidon|spa|2\n|faint|p2a: Torterra\n|\n|upkeep\n|\n|t:|1732983018\n|switch|p2a: Hitmonlee|Hitmonlee, L85, M|224/224\n|-damage|p2a: Hitmonlee|210/224|[from] Stealth Rock\n|turn|5\n|\n|t:|1732983028\n|switch|p1a: Spectrier|Spectrier, L75|274/274\n|move|p2a: Hitmonlee|Swords Dance|p2a: Hitmonlee\n|-boost|p2a: Hitmonlee|atk|2\n|\n|-fieldend|move: Electric Terrain\n|upkeep\n|turn|6\n|\n|t:|1732983036\n|move|p1a: Spectrier|Will-O-Wisp|p2a: Hitmonlee\n|-status|p2a: Hitmonlee|brn\n|move|p2a: Hitmonlee|Knock Off|p1a: Spectrier\n|-supereffective|p1a: Spectrier\n|-damage|p1a: Spectrier|47/274\n|-enditem|p1a: Spectrier|Life Orb|[from] move: Knock Off|[of] p2a: Hitmonlee\n|\n|-damage|p2a: Hitmonlee|196/224 brn|[from] brn\n|upkeep\n|turn|7\n|\n|t:|1732983050\n|move|p1a: Spectrier|Shadow Ball|p2a: Hitmonlee\n|-damage|p2a: Hitmonlee|117/224 brn\n|move|p2a: Hitmonlee|Knock Off|p1a: Spectrier\n|-supereffective|p1a: Spectrier\n|-damage|p1a: Spectrier|0 fnt\n|faint|p1a: Spectrier\n|\n|-damage|p2a: Hitmonlee|103/224 brn|[from] brn\n|upkeep\n|\n|t:|1732983062\n|switch|p1a: Miraidon|Miraidon, L65|169/238\n|-fieldstart|move: Electric Terrain|[from] ability: Hadron Engine|[of] p1a: Miraidon\n|turn|8\n|\n|t:|1732983067\n|move|p1a: Miraidon|Volt Switch|p2a: Hitmonlee\n|-damage|p2a: Hitmonlee|0 fnt\n|faint|p2a: Hitmonlee\n|\n|t:|1732983072\n|switch|p1a: Bronzong|Bronzong, L88|157/261|[from] Volt Switch\n|\n|-heal|p1a: Bronzong|173/261|[from] item: Leftovers\n|upkeep\n|\n|t:|1732983075\n|switch|p2a: Entei|Entei, L78|307/307\n|-damage|p2a: Entei|231/307|[from] Stealth Rock\n|turn|9\n|\n|t:|1732983099\n|move|p2a: Entei|Sacred Fire|p1a: Bronzong\n|-supereffective|p1a: Bronzong\n|-damage|p1a: Bronzong|0 fnt\n|faint|p1a: Bronzong\n|\n|upkeep\n|\n|t:|1732983106\n|switch|p1a: Greninja|Greninja, L80, M|246/246\n|turn|10\n|\n|t:|1732983124\n|switch|p2a: Pincurchin|Pincurchin, F|258/258\n|-damage|p2a: Pincurchin|226/258|[from] Stealth Rock\n|move|p1a: Greninja|Hydro Pump|p2a: Pincurchin\n|-start|p1a: Greninja|typechange|Water|[from] ability: Protean\n|-damage|p2a: Pincurchin|109/258\n|-damage|p1a: Greninja|222/246|[from] item: Life Orb\n|\n|-heal|p2a: Pincurchin|125/258|[from] item: Leftovers\n|upkeep\n|turn|11\n|inactive|S4les5 has 120 seconds left.\n|\n|t:|1732983140\n|switch|p1a: Miraidon|Miraidon, L65|169/238\n|-activate|p1a: Miraidon|ability: Hadron Engine\n|move|p2a: Pincurchin|Recover|p2a: Pincurchin\n|-heal|p2a: Pincurchin|254/258\n|\n|-heal|p2a: Pincurchin|258/258|[from] item: Leftovers\n|upkeep\n|turn|12\n|inactive|S4les5 has 120 seconds left.\n|\n|t:|1732983155\n|move|p1a: Miraidon|Draco Meteor|p2a: Pincurchin\n|-damage|p2a: Pincurchin|57/258\n|-unboost|p1a: Miraidon|spa|2\n|move|p2a: Pincurchin|Recover|p2a: Pincurchin\n|-heal|p2a: Pincurchin|186/258\n|\n|-heal|p2a: Pincurchin|202/258|[from] item: Leftovers\n|-fieldend|move: Electric Terrain\n|upkeep\n|turn|13\n|inactive|S4les5 has 120 seconds left.\n|\n|t:|1732983176\n|switch|p1a: Honchkrow|Honchkrow, L86, F|312/312\n|move|p2a: Pincurchin|Zing Zap|p1a: Honchkrow\n|-supereffective|p1a: Honchkrow\n|-damage|p1a: Honchkrow|0 fnt\n|faint|p1a: Honchkrow\n|\n|-heal|p2a: Pincurchin|218/258|[from] item: Leftovers\n|upkeep\n|\n|t:|1732983186\n|switch|p1a: Greninja|Greninja, L80, M|222/246\n|turn|14\n|\n|t:|1732983190\n|move|p1a: Greninja|Dark Pulse|p2a: Pincurchin\n|-start|p1a: Greninja|typechange|Dark|[from] ability: Protean\n|-damage|p2a: Pincurchin|131/258\n|-damage|p1a: Greninja|198/246|[from] item: Life Orb\n|move|p2a: Pincurchin|Zing Zap|p1a: Greninja\n|-damage|p1a: Greninja|47/246\n|\n|-heal|p2a: Pincurchin|147/258|[from] item: Leftovers\n|upkeep\n|turn|15\n|inactive|S4les5 has 120 seconds left.\n|\n|t:|1732983200\n|move|p1a: Greninja|Hydro Pump|p2a: Pincurchin|[miss]\n|-miss|p1a: Greninja|p2a: Pincurchin\n|move|p2a: Pincurchin|Recover|p2a: Pincurchin\n|-heal|p2a: Pincurchin|258/258\n|\n|upkeep\n|turn|16\n|\n|t:|1732983209\n|move|p1a: Greninja|Dark Pulse|p2a: Pincurchin\n|-damage|p2a: Pincurchin|164/258\n|-damage|p1a: Greninja|23/246|[from] item: Life Orb\n|move|p2a: Pincurchin|Zing Zap|p1a: Greninja\n|-crit|p1a: Greninja\n|-damage|p1a: Greninja|0 fnt\n|faint|p1a: Greninja\n|\n|-heal|p2a: Pincurchin|180/258|[from] item: Leftovers\n|upkeep\n|inactive|S4les5 has 120 seconds left.\n|\n|t:|1732983223\n|switch|p1a: Miraidon|Miraidon, L65|169/238\n|-fieldstart|move: Electric Terrain|[from] ability: Hadron Engine|[of] p1a: Miraidon\n|turn|17\n|\n|t:|1732983229\n|switch|p2a: Entei|Entei, L78|231/307\n|-damage|p2a: Entei|155/307|[from] Stealth Rock\n|move|p1a: Miraidon|Draco Meteor|p2a: Entei\n|-damage|p2a: Entei|0 fnt\n|-unboost|p1a: Miraidon|spa|2\n|faint|p2a: Entei\n|\n|upkeep\n|\n|t:|1732983231\n|switch|p2a: Pincurchin|Pincurchin, F|180/258\n|-damage|p2a: Pincurchin|148/258|[from] Stealth Rock\n|turn|18\n|\n|t:|1732983243\n|switch|p1a: Iron Crown|Iron Crown, L79|272/272\n|-activate|p1a: Iron Crown|ability: Quark Drive\n|-start|p1a: Iron Crown|quarkdrivespa\n|move|p2a: Pincurchin|Recover|p2a: Pincurchin\n|-heal|p2a: Pincurchin|258/258\n|\n|upkeep\n|turn|19\n|\n|t:|1732983252\n|move|p1a: Iron Crown|Calm Mind|p1a: Iron Crown\n|-boost|p1a: Iron Crown|spa|1\n|-boost|p1a: Iron Crown|spd|1\n|move|p2a: Pincurchin|Zing Zap|p1a: Iron Crown\n|-damage|p1a: Iron Crown|125/272\n|\n|-heal|p1a: Iron Crown|142/272|[from] item: Leftovers\n|upkeep\n|turn|20\n|\n|t:|1732983261\n|move|p1a: Iron Crown|Tachyon Cutter|p2a: Pincurchin\n|-resisted|p2a: Pincurchin\n|-damage|p2a: Pincurchin|212/258\n|-resisted|p2a: Pincurchin\n|-damage|p2a: Pincurchin|161/258\n|-hitcount|p2a: Pincurchin|2\n|move|p2a: Pincurchin|Zing Zap|p1a: Iron Crown\n|-damage|p1a: Iron Crown|0 fnt\n|faint|p1a: Iron Crown\n|-end|p1a: Iron Crown|Quark Drive|[silent]\n|\n|-heal|p2a: Pincurchin|177/258|[from] item: Leftovers\n|upkeep\n|\n|t:|1732983275\n|switch|p1a: Miraidon|Miraidon, L65|169/238\n|-activate|p1a: Miraidon|ability: Hadron Engine\n|turn|21\n|\n|t:|1732983280\n|switch|p2a: Braviary|Braviary, L85, M|309/309\n|move|p1a: Miraidon|Electro Drift|p2a: Braviary\n|-supereffective|p2a: Braviary\n|-damage|p2a: Braviary|0 fnt\n|faint|p2a: Braviary\n|\n|-fieldend|move: Electric Terrain\n|upkeep\n|\n|t:|1732983292\n|switch|p2a: Regieleki|Regieleki, L79|256/256\n|-damage|p2a: Regieleki|224/256|[from] Stealth Rock\n|turn|22\n|\n|t:|1732983297\n|-terastallize|p1a: Miraidon|Electric\n|move|p2a: Regieleki|Explosion|p1a: Miraidon\n|-damage|p1a: Miraidon|0 fnt\n|faint|p2a: Regieleki\n|faint|p1a: Miraidon\n|\n|win|abcxxx\n|raw|S4les5's rating: 1494 &rarr; <strong>1475</strong><br />(-19 for losing)\n|raw|abcxxx's rating: 1503 &rarr; <strong>1522</strong><br />(+19 for winning)\n|l|\u2606S4les5\n|player|p1|\n", "inputlog": ">version b107d77f5c90bd6555267ae244a6264823309ead\n>start {\"formatid\":\"gen9randombattle\",\"seed\":[19068,14876,30286,51815],\"rated\":\"Rated battle\"}\n>player p1 {\"name\":\"S4les5\",\"avatar\":\"101\",\"rating\":1494,\"seed\":[33681,14686,56902,44850]}\n>player p2 {\"name\":\"abcxxx\",\"avatar\":\"1\",\"rating\":1503,\"seed\":[63601,53315,50945,34612]}\n>p1 move stealthrock\n>p2 move zingzap\n>p1 switch 5\n>p2 move curse\n>p1 switch 6\n>p2 move zingzap\n>p1 move dracometeor\n>p2 switch 6\n>p2 switch 2\n>p1 switch 2\n>p2 move swordsdance\n>p1 move willowisp\n>p2 move knockoff\n>p1 move shadowball\n>p2 move knockoff\n>p1 switch 2\n>p1 move voltswitch\n>p2 move closecombat\n>p1 switch 5\n>p2 switch 5\n>p1 move hypnosis\n>p2 move sacredfire\n>p1 switch 3\n>p1 move hydropump\n>p2 switch 6\n>p1 switch 5\n>p2 move recover\n>p1 move dracometeor\n>p2 move recover\n>p1 switch 4\n>p2 move zingzap\n>p1 switch 5\n>p1 move darkpulse\n>p2 move zingzap\n>p1 move hydropump\n>p2 move recover\n>p1 move darkpulse\n>p2 move zingzap\n>p1 switch 4\n>p1 move dracometeor\n>p2 switch 6\n>p2 switch 6\n>p1 switch 6\n>p2 move recover\n>p1 move calmmind\n>p2 move zingzap\n>p1 move tachyoncutter\n>p2 move zingzap\n>p1 switch 6\n>p1 move electrodrift\n>p2 switch 4\n>p2 switch 3\n>p1 move electrodrift terastallize\n>p2 move explosion", "uploadtime": 1732983303, "views": 2, "formatid": "gen9randombattle", "rating": 1475, "private": 0, "password": null}