{"id": "gen9randombattle-2253962755", "format": "[Gen 9] Random Battle", "players": ["sourlich", "gengarop"], "log": "|j|\u2606sourlich\n|j|\u2606gengarop\n|t:|1732972184\n|gametype|singles\n|player|p1|sourlich|hexmaniac-gen6|1517\n|player|p2|gengarop|102|1561\n|teamsize|p1|6\n|teamsize|p2|6\n|gen|9\n|tier|[Gen 9] Random Battle\n|rated|\n|rule|Species Clause: Limit one of each Pok\u00e9mon\n|rule|HP Percentage Mod: HP is shown in percentages\n|rule|Sleep Clause Mod: Limit one foe put to sleep\n|rule|Illusion Level Mod: Illusion disguises the Pok\u00e9mon's true level\n|\n|t:|1732972184\n|start\n|switch|p1a: Porygon-Z|Porygon-Z, L83|277/277\n|switch|p2a: Ursaluna|Ursaluna, L79, M|335/335\n|turn|1\n|inactive|Battle timer is ON: inactive players will automatically lose when time's up. (requested by sourlich)\n|\n|t:|1732972195\n|move|p1a: Porygon-Z|Agility|p1a: Porygon-Z\n|-boost|p1a: Porygon-Z|spe|2\n|move|p2a: Ursaluna|Trailblaze|p1a: Porygon-Z\n|-damage|p1a: Porygon-Z|229/277\n|-boost|p2a: Ursaluna|spe|1\n|\n|-status|p2a: Ursaluna|brn|[from] item: Flame Orb\n|upkeep\n|turn|2\n|\n|t:|1732972215\n|move|p1a: Porygon-Z|Nasty Plot|p1a: Porygon-Z\n|-boost|p1a: Porygon-Z|spa|2\n|move|p2a: Ursaluna|Facade|p1a: Porygon-Z\n|-damage|p1a: Porygon-Z|0 fnt\n|faint|p1a: Porygon-Z\n|\n|-damage|p2a: Ursaluna|315/335 brn|[from] brn\n|upkeep\n|\n|t:|1732972229\n|switch|p1a: Giratina|Giratina, L75|349/349\n|-ability|p1a: Giratina|Pressure\n|turn|3\n|\n|t:|1732972242\n|switch|p1a: Noctowl|Noctowl, L95, F|344/344\n|move|p2a: Ursaluna|Throat Chop|p1a: Noctowl\n|-damage|p1a: Noctowl|216/344\n|-start|p1a: Noctowl|Throat Chop|[silent]\n|\n|-damage|p2a: Ursaluna|295/335 brn|[from] brn\n|upkeep\n|turn|4\n|\n|t:|1732972267\n|switch|p2a: Furret|Furret, L94, F|312/312\n|-item|p1a: Noctowl|Heavy-Duty Boots|[from] ability: Frisk|[of] p2a: Furret\n|move|p1a: Noctowl|Hurricane|p2a: Furret\n|-damage|p2a: Furret|143/312\n|\n|-end|p1a: Noctowl|Throat Chop|[silent]\n|upkeep\n|turn|5\n|\n|t:|1732972280\n|move|p2a: Furret|Knock Off|p1a: Noctowl\n|-damage|p1a: Noctowl|98/344\n|-enditem|p1a: Noctowl|Heavy-Duty Boots|[from] move: Knock Off|[of] p2a: Furret\n|-damage|p2a: Furret|112/312|[from] item: Life Orb\n|move|p1a: Noctowl|Hurricane|p2a: Furret\n|-damage|p2a: Furret|0 fnt\n|faint|p2a: Furret\n|\n|upkeep\n|\n|t:|1732972291\n|switch|p2a: Plusle|Plusle, L95, F|268/268\n|turn|6\n|\n|t:|1732972305\n|move|p2a: Plusle|Thunderbolt|p1a: Noctowl\n|-supereffective|p1a: Noctowl\n|-damage|p1a: Noctowl|0 fnt\n|faint|p1a: Noctowl\n|-damage|p2a: Plusle|242/268|[from] item: Life Orb\n|\n|upkeep\n|\n|t:|1732972315\n|switch|p1a: Granbull|Granbull, L88, F|302/302\n|-ability|p1a: Granbull|Intimidate|boost\n|-unboost|p2a: Plusle|atk|1\n|turn|7\n|\n|t:|1732972324\n|switch|p2a: Dialga|Dialga-Origin, L73|266/266\n|-ability|p2a: Dialga|Pressure\n|move|p1a: Granbull|Earthquake|p2a: Dialga\n|-supereffective|p2a: Dialga\n|-damage|p2a: Dialga|94/266\n|\n|upkeep\n|turn|8\n|\n|t:|1732972334\n|switch|p2a: Uxie|Uxie, L83|260/260\n|move|p1a: Granbull|Earthquake|p2a: Uxie\n|-immune|p2a: Uxie|[from] ability: Levitate\n|\n|upkeep\n|turn|9\n|\n|t:|1732972343\n|move|p2a: Uxie|Thunder Wave|p1a: Granbull|[miss]\n|-miss|p2a: Uxie|p1a: Granbull\n|move|p1a: Granbull|Thunder Wave|p2a: Uxie\n|-status|p2a: Uxie|par\n|\n|upkeep\n|turn|10\n|\n|t:|1732972352\n|-terastallize|p1a: Granbull|Ground\n|move|p1a: Granbull|Encore|p2a: Uxie\n|-start|p2a: Uxie|Encore\n|move|p2a: Uxie|Thunder Wave|p1a: Granbull\n|-immune|p1a: Granbull\n|\n|upkeep\n|turn|11\n|\n|t:|1732972364\n|switch|p2a: Dialga|Dialga-Origin, L73|94/266\n|-ability|p2a: Dialga|Pressure\n|move|p1a: Granbull|Play Rough|p2a: Dialga\n|-damage|p2a: Dialga|0 fnt\n|faint|p2a: Dialga\n|\n|upkeep\n|c|\u2606gengarop|wtf is that set\n|\n|t:|1732972375\n|switch|p2a: Scovillain|Scovillain, L91, F|266/266\n|turn|12\n|c|\u2606sourlich|I don't know\n|\n|t:|1732972381\n|move|p2a: Scovillain|Leaf Storm|p1a: Granbull\n|-supereffective|p1a: Granbull\n|-damage|p1a: Granbull|0 fnt\n|-unboost|p2a: Scovillain|spa|2\n|faint|p1a: Granbull\n|\n|upkeep\n|\n|t:|1732972392\n|switch|p1a: Giratina|Giratina, L75|349/349\n|-ability|p1a: Giratina|Pressure\n|turn|13\n|\n|t:|1732972401\n|switch|p2a: Uxie|Uxie, L83|260/260 par\n|move|p1a: Giratina|Shadow Ball|p2a: Uxie\n|-supereffective|p2a: Uxie\n|-damage|p2a: Uxie|152/260 par\n|\n|-heal|p2a: Uxie|168/260 par|[from] item: Leftovers\n|upkeep\n|turn|14\n|\n|t:|1732972410\n|move|p1a: Giratina|Shadow Ball|p2a: Uxie\n|-supereffective|p2a: Uxie\n|-damage|p2a: Uxie|58/260 par\n|cant|p2a: Uxie|par\n|\n|-heal|p2a: Uxie|74/260 par|[from] item: Leftovers\n|upkeep\n|turn|15\n|\n|t:|1732972419\n|move|p1a: Giratina|Shadow Ball|p2a: Uxie\n|-supereffective|p2a: Uxie\n|-damage|p2a: Uxie|0 fnt\n|faint|p2a: Uxie\n|\n|upkeep\n|\n|t:|1732972422\n|switch|p2a: Ursaluna|Ursaluna, L79, M|295/335 brn\n|turn|16\n|\n|t:|1732972430\n|switch|p1a: Clawitzer|Clawitzer, L87, M|265/265\n|move|p2a: Ursaluna|Throat Chop|p1a: Clawitzer\n|-damage|p1a: Clawitzer|175/265\n|-start|p1a: Clawitzer|Throat Chop|[silent]\n|\n|-damage|p2a: Ursaluna|275/335 brn|[from] brn\n|upkeep\n|turn|17\n|\n|t:|1732972443\n|-terastallize|p2a: Ursaluna|Normal\n|move|p1a: Clawitzer|Water Pulse|p2a: Ursaluna\n|-damage|p2a: Ursaluna|128/335 brn\n|move|p2a: Ursaluna|Trailblaze|p1a: Clawitzer\n|-supereffective|p1a: Clawitzer\n|-damage|p1a: Clawitzer|45/265\n|-boost|p2a: Ursaluna|spe|1\n|\n|-damage|p2a: Ursaluna|108/335 brn|[from] brn\n|-end|p1a: Clawitzer|Throat Chop|[silent]\n|upkeep\n|turn|18\n|\n|t:|1732972456\n|move|p2a: Ursaluna|Throat Chop|p1a: Clawitzer\n|-damage|p1a: Clawitzer|0 fnt\n|faint|p1a: Clawitzer\n|\n|-damage|p2a: Ursaluna|88/335 brn|[from] brn\n|upkeep\n|\n|t:|1732972463\n|switch|p1a: Primarina|Primarina, L83, F|268/268\n|turn|19\n|\n|t:|1732972473\n|move|p2a: Ursaluna|Facade|p1a: Primarina\n|-damage|p1a: Primarina|0 fnt\n|faint|p1a: Primarina\n|\n|-damage|p2a: Ursaluna|68/335 brn|[from] brn\n|upkeep\n|\n|t:|1732972480\n|switch|p1a: Giratina|Giratina, L75|349/349\n|-ability|p1a: Giratina|Pressure\n|turn|20\n|\n|t:|1732972487\n|move|p2a: Ursaluna|Throat Chop|p1a: Giratina\n|-supereffective|p1a: Giratina\n|-damage|p1a: Giratina|171/349\n|-start|p1a: Giratina|Throat Chop|[silent]\n|move|p1a: Giratina|Rest|p1a: Giratina\n|-status|p1a: Giratina|slp|[from] move: Rest\n|-heal|p1a: Giratina|349/349 slp|[silent]\n|-enditem|p1a: Giratina|Chesto Berry|[eat]\n|-curestatus|p1a: Giratina|slp|[msg]\n|\n|-damage|p2a: Ursaluna|48/335 brn|[from] brn\n|upkeep\n|turn|21\n|c|\u2606gengarop|can you sleep talk on throat chop?\n|\n|t:|1732972505\n|move|p2a: Ursaluna|Throat Chop|p1a: Giratina\n|-supereffective|p1a: Giratina\n|-damage|p1a: Giratina|169/349\n|move|p1a: Giratina|Rest|p1a: Giratina\n|-status|p1a: Giratina|slp|[from] move: Rest\n|-heal|p1a: Giratina|349/349 slp|[silent]\n|\n|-damage|p2a: Ursaluna|28/335 brn|[from] brn\n|-end|p1a: Giratina|Throat Chop|[silent]\n|upkeep\n|turn|22\n|c|\u2606sourlich|I don't have Sleep Talk\n|c|\u2606sourlich|This set is absurd\n|inactive|sourlich has 120 seconds left.\n|c|\u2606gengarop|also not that set yeah\n|c|\u2606gengarop|what are these sets\n|c|\u2606sourlich|It's Shadow Ball/Rest/Defog/Will-O'-Wisp\n|c|\u2606gengarop|XDD\n|c|\u2606sourlich|All I can do is let you burn to death\n|inactive|sourlich has 90 seconds left.\n|\n|t:|1732972563\n|move|p2a: Ursaluna|Throat Chop|p1a: Giratina\n|-supereffective|p1a: Giratina\n|-damage|p1a: Giratina|159/349 slp\n|-start|p1a: Giratina|Throat Chop|[silent]\n|cant|p1a: Giratina|slp\n|\n|-damage|p2a: Ursaluna|8/335 brn|[from] brn\n|upkeep\n|turn|23\n|c|\u2606gengarop|well i will burn to death\n|c|\u2606gengarop|nvm\n|\n|t:|1732972573\n|move|p2a: Ursaluna|Throat Chop|p1a: Giratina\n|-supereffective|p1a: Giratina\n|-damage|p1a: Giratina|0 fnt\n|faint|p1a: Giratina\n|\n|win|gengarop\n", "inputlog": ">version b107d77f5c90bd6555267ae244a6264823309ead\n>start {\"formatid\":\"gen9randombattle\",\"seed\":[29549,25348,60302,29676],\"rated\":\"Rated battle\"}\n>player p1 {\"name\":\"sourlich\",\"avatar\":\"hexmaniac-gen6\",\"rating\":1517,\"seed\":[60361,58615,20214,51140]}\n>player p2 {\"name\":\"gengarop\",\"avatar\":\"102\",\"rating\":1561,\"seed\":[269,42432,45264,5976]}\n>p1 move agility\n>p2 move trailblaze\n>p1 move nastyplot\n>p2 move facade\n>p1 switch 6\n>p1 switch 2\n>p2 move throatchop\n>p1 move hurricane\n>p2 switch 5\n>p1 move hurricane\n>p2 move knockoff\n>p2 switch 2\n>p1 move hypervoice\n>p2 move thunderbolt\n>p1 switch 4\n>p1 move earthquake\n>p2 switch 4\n>p1 move earthquake\n>p2 switch 6\n>p1 move thunderwave\n>p2 move thunderwave\n>p1 move encore terastallize\n>p2 move knockoff\n>p1 move playrough\n>p2 switch 6\n>chat \u2606gengarop|wtf is that set\n>p2 switch 3\n>chat \u2606sourlich|I don't know\n>p1 move thunderwave\n>p2 move leafstorm\n>p1 switch 2\n>p1 move shadowball\n>p2 switch 6\n>p1 move shadowball\n>p2 move thunderwave\n>p1 move shadowball\n>p2 move thunderwave\n>p2 switch 5\n>p1 switch 5\n>p2 move throatchop\n>p1 move waterpulse\n>p2 move trailblaze terastallize\n>p1 move waterpulse\n>p2 move throatchop\n>p1 switch 3\n>p1 move sparklingaria\n>p2 move facade\n>p1 switch 5\n>p1 move rest\n>p2 move throatchop\n>chat \u2606gengarop|can you sleep talk on throat chop?\n>p1 move rest\n>p2 move throatchop\n>chat \u2606sourlich|I don't have Sleep Talk\n>chat \u2606sourlich|This set is absurd\n>chat \u2606gengarop|also not that set yeah\n>chat \u2606gengarop|what are these sets\n>chat \u2606sourlich|It's Shadow Ball/Rest/Defog/Will-O'-Wisp\n>chat \u2606gengarop|XDD\n>chat \u2606sourlich|All I can do is let you burn to death\n>p1 move rest\n>p2 move throatchop\n>chat \u2606gengarop|well i will burn to death\n>chat \u2606gengarop|nvm\n>p1 move rest\n>p2 move throatchop", "uploadtime": 1732972558, "views": 1, "formatid": "gen9randombattle", "rating": null, "private": 0, "password": null}