{"id": "gen9randombattle-2254022694", "format": "[Gen 9] Random Battle", "players": ["ArrobaKira", "cat3039"], "log": "|j|\u2606ArrobaKira\n|j|\u2606cat3039\n|t:|1732981284\n|gametype|singles\n|player|p1|ArrobaKira|silver|1477\n|player|p2|cat3039|ltsurge|1445\n|teamsize|p1|6\n|teamsize|p2|6\n|gen|9\n|tier|[Gen 9] Random Battle\n|rated|\n|rule|Species Clause: Limit one of each Pok\u00e9mon\n|rule|HP Percentage Mod: HP is shown in percentages\n|rule|Sleep Clause Mod: Limit one foe put to sleep\n|rule|Illusion Level Mod: Illusion disguises the Pok\u00e9mon's true level\n|\n|t:|1732981284\n|start\n|switch|p1a: Eiscue|Eiscue, L88, F|274/274\n|switch|p2a: Hydreigon|Hydreigon, L79, M|275/275\n|turn|1\n|inactive|Battle timer is ON: inactive players will automatically lose when time's up. (requested by ArrobaKira)\n|inactive|cat3039 also wants the timer to be on.\n|\n|t:|1732981306\n|-terastallize|p1a: Eiscue|Ground\n|move|p2a: Hydreigon|Flash Cannon|p1a: Eiscue\n|-damage|p1a: Eiscue|190/274\n|move|p1a: Eiscue|Belly Drum|p1a: Eiscue\n|-damage|p1a: Eiscue|53/274\n|-setboost|p1a: Eiscue|atk|6|[from] move: Belly Drum\n|-enditem|p1a: Eiscue|Sitrus Berry|[eat]\n|-heal|p1a: Eiscue|121/274|[from] item: Sitrus Berry\n|\n|upkeep\n|turn|2\n|\n|t:|1732981335\n|move|p2a: Hydreigon|Flash Cannon|p1a: Eiscue\n|-damage|p1a: Eiscue|28/274\n|move|p1a: Eiscue|Ice Spinner|p2a: Hydreigon\n|-supereffective|p2a: Hydreigon\n|-damage|p2a: Hydreigon|0 fnt\n|faint|p2a: Hydreigon\n|\n|upkeep\n|inactive|cat3039 has 120 seconds left.\n|\n|t:|1732981348\n|switch|p2a: Wo-Chien|Wo-Chien, L83|277/277\n|-ability|p2a: Wo-Chien|Tablets of Ruin\n|turn|3\n|inactive|cat3039 has 120 seconds left.\n|\n|t:|1732981361\n|move|p2a: Wo-Chien|Giga Drain|p1a: Eiscue\n|-supereffective|p1a: Eiscue\n|-damage|p1a: Eiscue|0 fnt\n|faint|p1a: Eiscue\n|\n|upkeep\n|\n|t:|1732981364\n|switch|p1a: Toedscruel|Toedscruel, L87, M|281/281\n|turn|4\n|\n|t:|1732981373\n|move|p2a: Wo-Chien|Knock Off|p1a: Toedscruel\n|-damage|p1a: Toedscruel|170/281\n|-enditem|p1a: Toedscruel|Leftovers|[from] move: Knock Off|[of] p2a: Wo-Chien\n|move|p1a: Toedscruel|Toxic|p2a: Wo-Chien|[miss]\n|-miss|p1a: Toedscruel|p2a: Wo-Chien\n|\n|upkeep\n|turn|5\n|inactive|cat3039 has 120 seconds left.\n|c|\u2606ArrobaKira|wtf why outspeed\n|\n|t:|1732981418\n|move|p2a: Wo-Chien|Ruination|p1a: Toedscruel\n|-damage|p1a: Toedscruel|85/281\n|move|p1a: Toedscruel|Toxic|p2a: Wo-Chien\n|-status|p2a: Wo-Chien|tox\n|\n|-damage|p2a: Wo-Chien|260/277 tox|[from] psn\n|upkeep\n|turn|6\n|c|\u2606cat3039|why\n|inactive|cat3039 has 90 seconds left.\n|c|\u2606ArrobaKira|i dont understand\n|inactive|ArrobaKira has 120 seconds left.\n|\n|t:|1732981454\n|switch|p1a: Inteleon|Inteleon, L81, F|246/246\n|move|p2a: Wo-Chien|Giga Drain|p1a: Inteleon\n|-supereffective|p1a: Inteleon\n|-damage|p1a: Inteleon|54/246\n|-heal|p2a: Wo-Chien|277/277 tox|[from] drain|[of] p1a: Inteleon\n|\n|-damage|p2a: Wo-Chien|243/277 tox|[from] psn\n|upkeep\n|turn|7\n|\n|t:|1732981463\n|move|p1a: Inteleon|U-turn|p2a: Wo-Chien\n|-supereffective|p2a: Wo-Chien\n|-damage|p2a: Wo-Chien|135/277 tox\n|\n|t:|1732981470\n|switch|p1a: Ninetales|Ninetales, L85, F|263/263|[from] U-turn\n|-weather|SunnyDay|[from] ability: Drought|[of] p1a: Ninetales\n|move|p2a: Wo-Chien|Knock Off|p1a: Ninetales\n|-damage|p1a: Ninetales|154/263\n|-enditem|p1a: Ninetales|Heavy-Duty Boots|[from] move: Knock Off|[of] p2a: Wo-Chien\n|\n|-weather|SunnyDay|[upkeep]\n|-heal|p2a: Wo-Chien|152/277 tox|[from] item: Leftovers\n|-damage|p2a: Wo-Chien|101/277 tox|[from] psn\n|upkeep\n|turn|8\n|inactive|cat3039 has 90 seconds left.\n|\n|t:|1732981503\n|switch|p2a: Mewtwo|Mewtwo, L72|272/272\n|-ability|p2a: Mewtwo|Unnerve\n|move|p1a: Ninetales|Fire Blast|p2a: Mewtwo\n|-damage|p2a: Mewtwo|89/272\n|\n|-weather|SunnyDay|[upkeep]\n|upkeep\n|turn|9\n|\n|t:|1732981514\n|move|p2a: Mewtwo|Psystrike|p1a: Ninetales\n|-damage|p1a: Ninetales|0 fnt\n|faint|p1a: Ninetales\n|-damage|p2a: Mewtwo|62/272|[from] item: Life Orb\n|\n|-weather|SunnyDay|[upkeep]\n|upkeep\n|\n|t:|1732981518\n|switch|p1a: Toedscruel|Toedscruel, L87, M|85/281\n|turn|10\n|\n|t:|1732981528\n|move|p2a: Mewtwo|Psystrike|p1a: Toedscruel\n|-damage|p1a: Toedscruel|0 fnt\n|faint|p1a: Toedscruel\n|-damage|p2a: Mewtwo|35/272|[from] item: Life Orb\n|\n|-weather|SunnyDay|[upkeep]\n|upkeep\n|\n|t:|1732981531\n|switch|p1a: Inteleon|Inteleon, L81, F|54/246\n|turn|11\n|\n|t:|1732981546\n|switch|p2a: Swampert|Swampert, L83, F|302/302\n|move|p1a: Inteleon|U-turn|p2a: Swampert\n|-damage|p2a: Swampert|257/302\n|\n|t:|1732981549\n|switch|p1a: Rotom|Rotom, L88|231/231|[from] U-turn\n|\n|-weather|none\n|-heal|p2a: Swampert|275/302|[from] item: Leftovers\n|upkeep\n|turn|12\n|\n|t:|1732981559\n|move|p1a: Rotom|Will-O-Wisp|p2a: Swampert\n|-status|p2a: Swampert|brn\n|move|p2a: Swampert|Stealth Rock|p1a: Rotom\n|-sidestart|p1: ArrobaKira|move: Stealth Rock\n|\n|-heal|p2a: Swampert|293/302 brn|[from] item: Leftovers\n|-damage|p2a: Swampert|275/302 brn|[from] brn\n|upkeep\n|turn|13\n|inactive|cat3039 has 90 seconds left.\n|\n|t:|1732981566\n|move|p1a: Rotom|Nasty Plot|p1a: Rotom\n|-boost|p1a: Rotom|spa|2\n|move|p2a: Swampert|Roar|p1a: Rotom\n|drag|p1a: Inteleon|Inteleon, L81, F|54/246\n|-damage|p1a: Inteleon|24/246|[from] Stealth Rock\n|\n|-heal|p2a: Swampert|293/302 brn|[from] item: Leftovers\n|-damage|p2a: Swampert|275/302 brn|[from] brn\n|upkeep\n|turn|14\n|-message|ArrobaKira forfeited.\n|\n|win|cat3039\n|raw|ArrobaKira's rating: 1477 &rarr; <strong>1455</strong><br />(-22 for losing)\n|raw|cat3039's rating: 1445 &rarr; <strong>1467</strong><br />(+22 for winning)\n|l|\u2606ArrobaKira\n|player|p1|\n", "inputlog": ">version b107d77f5c90bd6555267ae244a6264823309ead\n>start {\"formatid\":\"gen9randombattle\",\"seed\":[40717,22513,59674,14327],\"rated\":\"Rated battle\"}\n>player p1 {\"name\":\"ArrobaKira\",\"avatar\":\"silver\",\"rating\":1477,\"seed\":[17662,11804,59571,28330]}\n>player p2 {\"name\":\"cat3039\",\"avatar\":\"ltsurge\",\"rating\":1445,\"seed\":[29161,15754,57986,41030]}\n>p1 move bellydrum terastallize\n>p2 move flashcannon\n>p1 move icespinner\n>p2 move flashcannon\n>p2 switch 3\n>p1 move icespinner\n>p2 move gigadrain\n>p1 switch 2\n>p1 move toxic\n>p2 move knockoff\n>chat \u2606ArrobaKira|wtf why outspeed\n>p1 move toxic\n>p2 move ruination\n>chat \u2606cat3039|why\n>chat \u2606ArrobaKira|i dont understand\n>p1 switch 5\n>p2 move gigadrain\n>p1 move uturn\n>p2 move knockoff\n>p1 switch 4\n>p1 move fireblast\n>p2 switch 2\n>p1 move fireblast\n>p2 move psystrike\n>p1 switch 5\n>p1 move rapidspin\n>p2 move psystrike\n>p1 switch 4\n>p1 move uturn\n>p2 switch 4\n>p1 switch 6\n>p1 move willowisp\n>p2 move stealthrock\n>p1 move nastyplot\n>p2 move roar\n>forcelose p1", "uploadtime": 1732981577, "views": 2, "formatid": "gen9randombattle", "rating": 1455, "private": 0, "password": null}