{"id": "gen9randombattle-2253845530", "format": "[Gen 9] Random Battle", "players": ["ceo o wo chien", "EVILsera"], "log": "|badge|p1|bronze|gen9ou|100-3\n|uhtml|medal-msg|<div class=\"broadcast-blue\">Curious what those medals under the avatar are? PS now has Ladder Seasons! For more information, check out the <a href=\"https://www.smogon.com/forums/threads/3740067/\">thread on Smogon.</a></div>\n|j|\u2606ceo o wo chien\n|j|\u2606EVILsera\n|t:|1732947746\n|gametype|singles\n|player|p1|ceo o wo chien|blaine|1814\n|player|p2|EVILsera|aromalady|1820\n|teamsize|p1|6\n|teamsize|p2|6\n|gen|9\n|tier|[Gen 9] Random Battle\n|rated|\n|rule|Species Clause: Limit one of each Pok\u00e9mon\n|rule|HP Percentage Mod: HP is shown in percentages\n|rule|Sleep Clause Mod: Limit one foe put to sleep\n|rule|Illusion Level Mod: Illusion disguises the Pok\u00e9mon's true level\n|\n|t:|1732947746\n|start\n|switch|p1a: Volcanion|Volcanion, L79|256/256\n|switch|p2a: Skuntank|Skuntank, L84, F|310/310\n|turn|1\n|inactive|Battle timer is ON: inactive players will automatically lose when time's up. (requested by ceo o wo chien)\n|\n|t:|1732947778\n|move|p2a: Skuntank|Toxic Spikes|p1a: Volcanion\n|-sidestart|p1: ceo o wo chien|move: Toxic Spikes\n|move|p1a: Volcanion|Steam Eruption|p2a: Skuntank\n|-damage|p2a: Skuntank|144/310\n|\n|upkeep\n|turn|2\n|\n|t:|1732947805\n|move|p2a: Skuntank|Gunk Shot|p1a: Volcanion\n|-damage|p1a: Volcanion|159/256\n|move|p1a: Volcanion|Flamethrower|p2a: Skuntank\n|-damage|p2a: Skuntank|0 fnt\n|faint|p2a: Skuntank\n|\n|upkeep\n|inactive|EVILsera has 120 seconds left.\n|\n|t:|1732947824\n|switch|p2a: Miraidon|Miraidon, L65|238/238\n|-fieldstart|move: Electric Terrain|[from] ability: Hadron Engine|[of] p2a: Miraidon\n|turn|3\n|\n|t:|1732947837\n|switch|p1a: Tentacruel|Tentacruel, L84, M|272/272\n|-sideend|p1: ceo o wo chien|move: Toxic Spikes|[of] p1a: Tentacruel\n|move|p2a: Miraidon|Volt Switch|p1a: Tentacruel\n|-supereffective|p1a: Tentacruel\n|-damage|p1a: Tentacruel|38/272\n|inactive|EVILsera has 120 seconds left.\n|\n|t:|1732947850\n|switch|p2a: Espeon|Espeon, L84, M|246/246|[from] Volt Switch\n|\n|-heal|p1a: Tentacruel|55/272|[from] item: Leftovers\n|upkeep\n|turn|4\n|\n|t:|1732947860\n|switch|p1a: Overqwil|Overqwil, L82, M|274/274\n|-ability|p1a: Overqwil|Intimidate|boost\n|-unboost|p2a: Espeon|atk|1\n|move|p2a: Espeon|Shadow Ball|p1a: Overqwil\n|-resisted|p1a: Overqwil\n|-damage|p1a: Overqwil|202/274\n|-unboost|p1a: Overqwil|spd|1\n|\n|upkeep\n|turn|5\n|inactive|EVILsera has 120 seconds left.\n|\n|t:|1732947876\n|switch|p2a: Vaporeon|Vaporeon, L86, M|364/364\n|move|p1a: Overqwil|Gunk Shot|p2a: Vaporeon\n|-damage|p2a: Vaporeon|79/364\n|\n|-heal|p2a: Vaporeon|101/364|[from] item: Leftovers\n|upkeep\n|turn|6\n|inactive|EVILsera has 120 seconds left.\n|\n|t:|1732947894\n|switch|p1a: Volcanion|Volcanion, L79|159/256\n|move|p2a: Vaporeon|Wish|p2a: Vaporeon\n|\n|-heal|p2a: Vaporeon|123/364|[from] item: Leftovers\n|upkeep\n|turn|7\n|inactive|EVILsera has 120 seconds left.\n|\n|t:|1732947912\n|move|p2a: Vaporeon|Protect|p2a: Vaporeon\n|-singleturn|p2a: Vaporeon|Protect\n|move|p1a: Volcanion|Sludge Bomb|p2a: Vaporeon\n|-activate|p2a: Vaporeon|move: Protect\n|\n|-heal|p2a: Vaporeon|305/364|[from] move: Wish|[wisher] Vaporeon\n|-heal|p2a: Vaporeon|327/364|[from] item: Leftovers\n|-fieldend|move: Electric Terrain\n|upkeep\n|turn|8\n|inactive|EVILsera has 120 seconds left.\n|\n|t:|1732947919\n|move|p2a: Vaporeon|Wish|p2a: Vaporeon\n|move|p1a: Volcanion|Sludge Bomb|p2a: Vaporeon\n|-damage|p2a: Vaporeon|260/364\n|\n|-heal|p2a: Vaporeon|282/364|[from] item: Leftovers\n|upkeep\n|turn|9\n|inactive|EVILsera has 120 seconds left.\n|\n|t:|1732947939\n|switch|p2a: Miraidon|Miraidon, L65|238/238\n|-fieldstart|move: Electric Terrain|[from] ability: Hadron Engine|[of] p2a: Miraidon\n|move|p1a: Volcanion|Sludge Bomb|p2a: Miraidon\n|-damage|p2a: Miraidon|166/238\n|\n|-heal|p2a: Miraidon|238/238|[from] move: Wish|[wisher] Vaporeon\n|upkeep\n|turn|10\n|inactive|EVILsera has 120 seconds left.\n|\n|t:|1732947958\n|switch|p1a: Granbull|Granbull, L88, M|302/302\n|-ability|p1a: Granbull|Intimidate|boost\n|-unboost|p2a: Miraidon|atk|1\n|move|p2a: Miraidon|Volt Switch|p1a: Granbull\n|-damage|p1a: Granbull|115/302\n|inactive|EVILsera has 90 seconds left.\n|\n|t:|1732948001\n|switch|p2a: Espeon|Espeon, L84, M|246/246|[from] Volt Switch\n|\n|-heal|p1a: Granbull|133/302|[from] item: Leftovers\n|upkeep\n|turn|11\n|\n|t:|1732948017\n|switch|p1a: Tentacruel|Tentacruel, L84, M|55/272\n|move|p2a: Espeon|Alluring Voice|p1a: Tentacruel\n|-resisted|p1a: Tentacruel\n|-damage|p1a: Tentacruel|12/272\n|\n|-heal|p1a: Tentacruel|29/272|[from] item: Leftovers\n|upkeep\n|turn|12\n|\n|t:|1732948025\n|move|p2a: Espeon|Alluring Voice|p1a: Tentacruel\n|-resisted|p1a: Tentacruel\n|-damage|p1a: Tentacruel|0 fnt\n|faint|p1a: Tentacruel\n|\n|upkeep\n|\n|t:|1732948027\n|switch|p1a: Zarude|Zarude-Dada, L78|292/292\n|turn|13\n|inactive|EVILsera has 90 seconds left.\n|inactive|EVILsera has 60 seconds left.\n|\n|t:|1732948066\n|switch|p2a: Vaporeon|Vaporeon, L86, M|282/364\n|move|p1a: Zarude|Knock Off|p2a: Vaporeon\n|-damage|p2a: Vaporeon|101/364\n|-enditem|p2a: Vaporeon|Leftovers|[from] move: Knock Off|[of] p1a: Zarude\n|-damage|p1a: Zarude|263/292|[from] item: Life Orb\n|\n|-fieldend|move: Electric Terrain\n|upkeep\n|turn|14\n|\n|t:|1732948072\n|move|p1a: Zarude|Swords Dance|p1a: Zarude\n|-boost|p1a: Zarude|atk|2\n|move|p2a: Vaporeon|Wish|p2a: Vaporeon\n|\n|upkeep\n|turn|15\n|\n|t:|1732948081\n|move|p1a: Zarude|Knock Off|p2a: Vaporeon\n|-damage|p2a: Vaporeon|0 fnt\n|faint|p2a: Vaporeon\n|-damage|p1a: Zarude|234/292|[from] item: Life Orb\n|\n|upkeep\n|inactive|EVILsera has 60 seconds left.\n|\n|t:|1732948104\n|switch|p2a: Lugia|Lugia, L72|272/272\n|turn|16\n|inactive|EVILsera has 60 seconds left.\n|\n|t:|1732948124\n|move|p1a: Zarude|Swords Dance|p1a: Zarude\n|-boost|p1a: Zarude|atk|2\n|move|p2a: Lugia|Aeroblast|p1a: Zarude\n|-supereffective|p1a: Zarude\n|-damage|p1a: Zarude|76/292\n|\n|upkeep\n|turn|17\n|\n|t:|1732948136\n|-terastallize|p2a: Lugia|Steel\n|move|p1a: Zarude|Knock Off|p2a: Lugia\n|-damage|p2a: Lugia|93/272\n|-enditem|p2a: Lugia|Heavy-Duty Boots|[from] move: Knock Off|[of] p1a: Zarude\n|-damage|p1a: Zarude|47/292|[from] item: Life Orb\n|move|p2a: Lugia|Aeroblast|p1a: Zarude\n|-supereffective|p1a: Zarude\n|-damage|p1a: Zarude|0 fnt\n|faint|p1a: Zarude\n|\n|upkeep\n|\n|t:|1732948156\n|switch|p1a: Overqwil|Overqwil, L82, M|202/274\n|-ability|p1a: Overqwil|Intimidate|boost\n|-unboost|p2a: Lugia|atk|1\n|turn|18\n|inactive|EVILsera has 60 seconds left.\n|\n|t:|1732948182\n|move|p2a: Lugia|Recover|p2a: Lugia\n|-heal|p2a: Lugia|229/272\n|move|p1a: Overqwil|Crunch|p2a: Lugia\n|-damage|p2a: Lugia|106/272\n|-unboost|p2a: Lugia|def|1\n|\n|upkeep\n|turn|19\n|\n|t:|1732948192\n|switch|p2a: Lanturn|Lanturn, L89, M|367/367\n|move|p1a: Overqwil|Crunch|p2a: Lanturn\n|-damage|p2a: Lanturn|198/367\n|\n|-heal|p2a: Lanturn|220/367|[from] item: Leftovers\n|upkeep\n|turn|20\n|\n|t:|1732948204\n|move|p1a: Overqwil|Crunch|p2a: Lanturn\n|-damage|p2a: Lanturn|51/367\n|-unboost|p2a: Lanturn|def|1\n|move|p2a: Lanturn|Thunderbolt|p1a: Overqwil\n|-damage|p1a: Overqwil|94/274\n|\n|-heal|p2a: Lanturn|73/367|[from] item: Leftovers\n|upkeep\n|turn|21\n|\n|t:|1732948213\n|move|p1a: Overqwil|Crunch|p2a: Lanturn\n|-damage|p2a: Lanturn|0 fnt\n|faint|p2a: Lanturn\n|\n|upkeep\n|\n|t:|1732948220\n|switch|p2a: Miraidon|Miraidon, L65|238/238\n|-fieldstart|move: Electric Terrain|[from] ability: Hadron Engine|[of] p2a: Miraidon\n|turn|22\n|\n|t:|1732948223\n|move|p2a: Miraidon|Volt Switch|p1a: Overqwil\n|-damage|p1a: Overqwil|0 fnt\n|faint|p1a: Overqwil\n|\n|t:|1732948235\n|switch|p2a: Espeon|Espeon, L84, M|246/246|[from] Volt Switch\n|\n|upkeep\n|\n|t:|1732948239\n|switch|p1a: Tropius|Tropius, L91, M|328/328\n|turn|23\n|inactive|EVILsera has 60 seconds left.\n|\n|t:|1732948251\n|switch|p1a: Volcanion|Volcanion, L79|159/256\n|move|p2a: Espeon|Trick|p1a: Volcanion\n|-activate|p2a: Espeon|move: Trick|[of] p1a: Volcanion\n|-item|p1a: Volcanion|Choice Specs|[from] move: Trick\n|-item|p2a: Espeon|Heavy-Duty Boots|[from] move: Trick\n|\n|upkeep\n|turn|24\n|\n|t:|1732948260\n|move|p2a: Espeon|Psychic|p1a: Volcanion\n|-damage|p1a: Volcanion|38/256\n|move|p1a: Volcanion|Steam Eruption|p2a: Espeon\n|-damage|p2a: Espeon|75/246\n|\n|upkeep\n|turn|25\n|\n|t:|1732948267\n|move|p2a: Espeon|Psychic|p1a: Volcanion\n|-damage|p1a: Volcanion|0 fnt\n|faint|p1a: Volcanion\n|\n|upkeep\n|\n|t:|1732948274\n|switch|p1a: Tropius|Tropius, L91, M|328/328\n|turn|26\n|\n|t:|1732948286\n|move|p2a: Espeon|Trick|p1a: Tropius\n|-activate|p2a: Espeon|move: Trick|[of] p1a: Tropius\n|-item|p1a: Tropius|Heavy-Duty Boots|[from] move: Trick\n|-item|p2a: Espeon|Sitrus Berry|[from] move: Trick\n|-enditem|p2a: Espeon|Sitrus Berry|[eat]\n|-heal|p2a: Espeon|136/246|[from] item: Sitrus Berry\n|move|p1a: Tropius|Air Slash|p2a: Espeon\n|-damage|p2a: Espeon|69/246\n|\n|-fieldend|move: Electric Terrain\n|upkeep\n|turn|27\n|\n|t:|1732948301\n|move|p2a: Espeon|Psychic|p1a: Tropius\n|-damage|p1a: Tropius|217/328\n|move|p1a: Tropius|Air Slash|p2a: Espeon\n|-damage|p2a: Espeon|0 fnt\n|faint|p2a: Espeon\n|\n|upkeep\n|inactive|EVILsera has 60 seconds left.\n|\n|t:|1732948329\n|switch|p2a: Miraidon|Miraidon, L65|238/238\n|-fieldstart|move: Electric Terrain|[from] ability: Hadron Engine|[of] p2a: Miraidon\n|turn|28\n|\n|t:|1732948333\n|move|p1a: Tropius|Protect|p1a: Tropius\n|-singleturn|p1a: Tropius|Protect\n|move|p2a: Miraidon|Overheat|p1a: Tropius\n|-activate|p1a: Tropius|move: Protect\n|\n|upkeep\n|turn|29\n|\n|t:|1732948336\n|move|p2a: Miraidon|Overheat|p1a: Tropius\n|-supereffective|p1a: Tropius\n|-damage|p1a: Tropius|0 fnt\n|-unboost|p2a: Miraidon|spa|2\n|faint|p1a: Tropius\n|\n|upkeep\n|\n|t:|1732948338\n|switch|p1a: Granbull|Granbull, L88, M|133/302\n|-ability|p1a: Granbull|Intimidate|boost\n|-unboost|p2a: Miraidon|atk|1\n|turn|30\n|inactive|EVILsera has 90 seconds left.\n|\n|t:|1732948348\n|switch|p2a: Lugia|Lugia, L72, tera:Steel|106/272\n|move|p1a: Granbull|Earthquake|p2a: Lugia\n|-supereffective|p2a: Lugia\n|-damage|p2a: Lugia|0 fnt\n|faint|p2a: Lugia\n|\n|-heal|p1a: Granbull|151/302|[from] item: Leftovers\n|upkeep\n|\n|t:|1732948350\n|switch|p2a: Miraidon|Miraidon, L65|238/238\n|-activate|p2a: Miraidon|ability: Hadron Engine\n|turn|31\n|\n|t:|1732948356\n|-terastallize|p1a: Granbull|Ground\n|move|p2a: Miraidon|Electro Drift|p1a: Granbull\n|-immune|p1a: Granbull\n|move|p1a: Granbull|Earthquake|p2a: Miraidon\n|-supereffective|p2a: Miraidon\n|-damage|p2a: Miraidon|0 fnt\n|faint|p2a: Miraidon\n|\n|win|ceo o wo chien\n|raw|ceo o wo chien's rating: 1814 &rarr; <strong>1834</strong><br />(+20 for winning)\n|raw|EVILsera's rating: 1820 &rarr; <strong>1800</strong><br />(-20 for losing)\n|l|\u2606EVILsera\n|player|p2|\n", "inputlog": ">version b107d77f5c90bd6555267ae244a6264823309ead\n>start {\"formatid\":\"gen9randombattle\",\"seed\":[13852,4370,42849,2906],\"rated\":\"Rated battle\"}\n>player p1 {\"name\":\"ceo o wo chien\",\"avatar\":\"blaine\",\"rating\":1814,\"seed\":[41401,22266,38851,19094]}\n>player p2 {\"name\":\"EVILsera\",\"avatar\":\"aromalady\",\"rating\":1820,\"seed\":[55688,10736,40462,59700]}\n>p1 move steameruption\n>p2 move toxicspikes\n>p1 move flamethrower\n>p2 move gunkshot\n>p2 switch 2\n>p1 switch 6\n>p2 move voltswitch\n>p2 switch 5\n>p1 switch 3\n>p2 move shadowball\n>p1 move gunkshot\n>p2 switch 4\n>p1 switch 6\n>p2 move wish\n>p1 move sludgebomb\n>p2 move protect\n>p1 move sludgebomb\n>p2 move wish\n>p1 move sludgebomb\n>p2 switch 5\n>p1 switch 2\n>p2 move voltswitch\n>p2 switch 4\n>p1 switch 3\n>p2 move alluringvoice\n>p1 move sludgebomb\n>p2 move alluringvoice\n>p1 switch 4\n>p1 move knockoff\n>p2 switch 5\n>p1 move swordsdance\n>p2 move wish\n>p1 move knockoff\n>p2 move scald\n>p2 switch 6\n>p1 move swordsdance\n>p2 move aeroblast\n>p1 move knockoff\n>p2 move aeroblast terastallize\n>p1 switch 6\n>p1 move crunch\n>p2 move recover\n>p1 move crunch\n>p2 switch 3\n>p1 move crunch\n>p2 move thunderbolt\n>p1 move crunch\n>p2 move thunderbolt\n>p2 switch 4\n>p1 move crunch\n>p2 move voltswitch\n>p2 switch 5\n>p1 switch 5\n>p1 switch 2\n>p2 move trick\n>p1 move steameruption\n>p2 move psychic\n>p1 move steameruption\n>p2 move psychic\n>p1 switch 2\n>p1 move airslash\n>p2 move trick\n>p1 move airslash\n>p2 move psychic\n>p2 switch 5\n>p1 move protect\n>p2 move overheat\n>p1 move leechseed\n>p2 move overheat\n>p1 switch 3\n>p1 move earthquake\n>p2 switch 3\n>p2 switch 3\n>p1 move earthquake terastallize\n>p2 move electrodrift", "uploadtime": 1732948363, "views": 3, "formatid": "gen9randombattle", "rating": 1800, "private": 0, "password": null}