{"id": "gen9randombattle-2254019737", "format": "[Gen 9] Random Battle", "players": ["Roggenrolas", "WiseFezFox"], "log": "|j|\u2606Roggenrolas\n|j|\u2606WiseFezFox\n|t:|1732980881\n|gametype|singles\n|player|p1|Roggenrolas|169|1353\n|player|p2|WiseFezFox|veteran|1343\n|teamsize|p1|6\n|teamsize|p2|6\n|gen|9\n|tier|[Gen 9] Random Battle\n|rated|\n|rule|Species Clause: Limit one of each Pok\u00e9mon\n|rule|HP Percentage Mod: HP is shown in percentages\n|rule|Sleep Clause Mod: Limit one foe put to sleep\n|rule|Illusion Level Mod: Illusion disguises the Pok\u00e9mon's true level\n|\n|t:|1732980881\n|start\n|switch|p1a: Clodsire|Clodsire, L81, M|343/343\n|switch|p2a: Scream Tail|Scream Tail, L84|330/330\n|turn|1\n|inactive|Battle timer is ON: inactive players will automatically lose when time's up. (requested by Roggenrolas)\n|\n|t:|1732980907\n|-end|p2a: Scream Tail|Protosynthesis|[silent]\n|switch|p2a: Seviper|Seviper, L93, M|287/287\n|move|p1a: Clodsire|Curse|p1a: Clodsire\n|-unboost|p1a: Clodsire|spe|1\n|-boost|p1a: Clodsire|atk|1\n|-boost|p1a: Clodsire|def|1\n|\n|upkeep\n|turn|2\n|inactive|Roggenrolas has 120 seconds left.\n|\n|t:|1732980938\n|-terastallize|p2a: Seviper|Ground\n|move|p2a: Seviper|Swords Dance|p2a: Seviper\n|-boost|p2a: Seviper|atk|2\n|move|p1a: Clodsire|Earthquake|p2a: Seviper\n|-damage|p2a: Seviper|152/287\n|\n|-heal|p2a: Seviper|169/287|[from] item: Leftovers\n|upkeep\n|turn|3\n|\n|t:|1732980947\n|move|p2a: Seviper|Earthquake|p1a: Clodsire\n|-supereffective|p1a: Clodsire\n|-damage|p1a: Clodsire|89/343\n|move|p1a: Clodsire|Curse|p1a: Clodsire\n|-unboost|p1a: Clodsire|spe|1\n|-boost|p1a: Clodsire|atk|1\n|-boost|p1a: Clodsire|def|1\n|\n|-heal|p2a: Seviper|186/287|[from] item: Leftovers\n|-heal|p1a: Clodsire|110/343|[from] item: Leftovers\n|upkeep\n|turn|4\n|inactive|Roggenrolas has 120 seconds left.\n|\n|t:|1732980971\n|move|p2a: Seviper|Earthquake|p1a: Clodsire\n|-supereffective|p1a: Clodsire\n|-damage|p1a: Clodsire|0 fnt\n|faint|p1a: Clodsire\n|\n|-heal|p2a: Seviper|203/287|[from] item: Leftovers\n|upkeep\n|\n|t:|1732980980\n|switch|p1a: Gliscor|Gliscor, L76, F|239/239\n|turn|5\n|inactive|Roggenrolas has 120 seconds left.\n|\n|t:|1732981004\n|move|p1a: Gliscor|Protect|p1a: Gliscor\n|-singleturn|p1a: Gliscor|Protect\n|move|p2a: Seviper|Trailblaze|p1a: Gliscor\n|-activate|p1a: Gliscor|move: Protect\n|\n|-heal|p2a: Seviper|220/287|[from] item: Leftovers\n|-status|p1a: Gliscor|tox|[from] item: Toxic Orb\n|upkeep\n|turn|6\n|inactive|WiseFezFox has 120 seconds left.\n|c|\u2606WiseFezFox|Is this the fucking toxic/protect/substitute Gliscor\n|\n|t:|1732981044\n|move|p1a: Gliscor|Substitute|p1a: Gliscor\n|-start|p1a: Gliscor|Substitute\n|-damage|p1a: Gliscor|180/239 tox\n|move|p2a: Seviper|Trailblaze|p1a: Gliscor\n|-damage|p1a: Gliscor|104/239 tox\n|-boost|p2a: Seviper|spe|1\n|\n|-heal|p2a: Seviper|237/287|[from] item: Leftovers\n|-heal|p1a: Gliscor|133/239 tox|[from] ability: Poison Heal\n|upkeep\n|turn|7\n|inactive|Roggenrolas has 90 seconds left.\n|\n|t:|1732981071\n|move|p2a: Seviper|Trailblaze|p1a: Gliscor\n|-damage|p1a: Gliscor|61/239 tox\n|-boost|p2a: Seviper|spe|1\n|move|p1a: Gliscor|Earthquake|p2a: Seviper\n|-damage|p2a: Seviper|134/287\n|\n|-heal|p2a: Seviper|151/287|[from] item: Leftovers\n|-heal|p1a: Gliscor|90/239 tox|[from] ability: Poison Heal\n|upkeep\n|turn|8\n|\n|t:|1732981087\n|move|p1a: Gliscor|Protect|p1a: Gliscor\n|-singleturn|p1a: Gliscor|Protect\n|move|p2a: Seviper|Gunk Shot|p1a: Gliscor\n|-activate|p1a: Gliscor|move: Protect\n|\n|-heal|p2a: Seviper|168/287|[from] item: Leftovers\n|-heal|p1a: Gliscor|119/239 tox|[from] ability: Poison Heal\n|upkeep\n|turn|9\n|\n|t:|1732981102\n|move|p2a: Seviper|Gunk Shot|p1a: Gliscor\n|-resisted|p1a: Gliscor\n|-damage|p1a: Gliscor|0 fnt\n|faint|p1a: Gliscor\n|\n|-heal|p2a: Seviper|185/287|[from] item: Leftovers\n|upkeep\n|\n|t:|1732981115\n|switch|p1a: Manaphy|Manaphy, L78|284/284\n|turn|10\n|\n|t:|1732981121\n|move|p2a: Seviper|Trailblaze|p1a: Manaphy\n|-supereffective|p1a: Manaphy\n|-damage|p1a: Manaphy|96/284\n|-boost|p2a: Seviper|spe|1\n|move|p1a: Manaphy|Tail Glow|p1a: Manaphy\n|-boost|p1a: Manaphy|spa|3\n|\n|-heal|p2a: Seviper|202/287|[from] item: Leftovers\n|-heal|p1a: Manaphy|113/284|[from] item: Leftovers\n|upkeep\n|turn|11\n|inactive|Roggenrolas has 90 seconds left.\n|inactive|WiseFezFox has 120 seconds left.\n|\n|t:|1732981149\n|move|p2a: Seviper|Trailblaze|p1a: Manaphy\n|-supereffective|p1a: Manaphy\n|-crit|p1a: Manaphy\n|-damage|p1a: Manaphy|0 fnt\n|-boost|p2a: Seviper|spe|1\n|faint|p1a: Manaphy\n|\n|-heal|p2a: Seviper|219/287|[from] item: Leftovers\n|upkeep\n|\n|t:|1732981160\n|switch|p1a: Cetitan|Cetitan, L82, F|413/413\n|turn|12\n|\n|t:|1732981170\n|move|p2a: Seviper|Gunk Shot|p1a: Cetitan\n|-damage|p1a: Cetitan|16/413\n|move|p1a: Cetitan|Liquidation|p2a: Seviper\n|-supereffective|p2a: Seviper\n|-damage|p2a: Seviper|0 fnt\n|faint|p2a: Seviper\n|\n|upkeep\n|inactive|WiseFezFox has 120 seconds left.\n|\n|t:|1732981187\n|switch|p2a: Grumpig|Grumpig, L92, M|297/297\n|turn|13\n|\n|t:|1732981207\n|move|p2a: Grumpig|Shadow Ball|p1a: Cetitan\n|-damage|p1a: Cetitan|0 fnt\n|faint|p1a: Cetitan\n|\n|upkeep\n|\n|t:|1732981214\n|switch|p1a: Goodra|Goodra-Hisui, L82, F|265/265\n|turn|14\n|inactive|Roggenrolas has 60 seconds left.\n|\n|t:|1732981240\n|switch|p2a: Zamazenta|Zamazenta-Crowned, L68|238/238\n|-ability|p2a: Zamazenta|Dauntless Shield|boost\n|-boost|p2a: Zamazenta|def|1\n|move|p1a: Goodra|Heavy Slam|p2a: Zamazenta\n|-resisted|p2a: Zamazenta\n|-damage|p2a: Zamazenta|226/238\n|\n|upkeep\n|turn|15\n|\n|t:|1732981253\n|move|p2a: Zamazenta|Iron Defense|p2a: Zamazenta\n|-boost|p2a: Zamazenta|def|2\n|move|p1a: Goodra|Hydro Pump|p2a: Zamazenta\n|-damage|p2a: Zamazenta|150/238\n|\n|upkeep\n|turn|16\n|\n|t:|1732981262\n|move|p2a: Zamazenta|Iron Defense|p2a: Zamazenta\n|-boost|p2a: Zamazenta|def|2\n|move|p1a: Goodra|Hydro Pump|p2a: Zamazenta\n|-damage|p2a: Zamazenta|79/238\n|\n|upkeep\n|turn|17\n|inactive|Roggenrolas has 60 seconds left.\n|\n|t:|1732981269\n|move|p2a: Zamazenta|Body Press|p1a: Goodra\n|-supereffective|p1a: Goodra\n|-damage|p1a: Goodra|0 fnt\n|faint|p1a: Goodra\n|\n|upkeep\n|inactive|Roggenrolas has 60 seconds left.\n|\n|t:|1732981277\n|switch|p1a: Rampardos|Rampardos, L90, F|321/321\n|turn|18\n|\n|t:|1732981283\n|move|p2a: Zamazenta|Body Press|p1a: Rampardos\n|-supereffective|p1a: Rampardos\n|-damage|p1a: Rampardos|0 fnt\n|faint|p1a: Rampardos\n|\n|win|WiseFezFox\n|raw|Roggenrolas's rating: 1353 &rarr; <strong>1332</strong><br />(-21 for losing)\n|raw|WiseFezFox's rating: 1343 &rarr; <strong>1364</strong><br />(+21 for winning)\n|l|\u2606Roggenrolas\n|player|p1|\n|c|\u2606WiseFezFox|gg\n", "inputlog": ">version b107d77f5c90bd6555267ae244a6264823309ead\n>start {\"formatid\":\"gen9randombattle\",\"seed\":[2793,12051,935,37393],\"rated\":\"Rated battle\"}\n>player p1 {\"name\":\"Roggenrolas\",\"avatar\":\"169\",\"rating\":1353,\"seed\":[9457,18201,57731,3094]}\n>player p2 {\"name\":\"WiseFezFox\",\"avatar\":\"veteran\",\"rating\":1343,\"seed\":[17311,24080,24368,25843]}\n>p1 move curse\n>p2 switch 3\n>p1 move earthquake\n>p2 move swordsdance terastallize\n>p1 move curse\n>p2 move earthquake\n>p1 move earthquake\n>p2 move earthquake\n>p1 switch 5\n>p1 move protect\n>p2 move trailblaze\n>chat \u2606WiseFezFox|Is this the fucking toxic/protect/substitute Gliscor\n>p1 move substitute\n>p2 move trailblaze\n>p1 move earthquake\n>p2 move trailblaze\n>p1 move protect\n>p2 move gunkshot\n>p1 move earthquake\n>p2 move gunkshot\n>p1 switch 6\n>p1 move tailglow\n>p2 move trailblaze\n>p1 move surf\n>p2 move trailblaze\n>p1 switch 4\n>p1 move liquidation\n>p2 move gunkshot\n>p2 switch 6\n>p1 move liquidation\n>p2 move shadowball\n>p1 switch 2\n>p1 move heavyslam\n>p2 switch 2\n>p1 move hydropump\n>p2 move irondefense\n>p1 move hydropump\n>p2 move irondefense\n>p1 move hydropump\n>p2 move bodypress\n>p1 switch 3\n>p1 move earthquake\n>p2 move bodypress", "uploadtime": 1732981352, "views": 4, "formatid": "gen9randombattle", "rating": 1332, "private": 0, "password": null}