{"id": "gen9randombattle-2254066020", "format": "[Gen 9] Random Battle", "players": ["Rohan11111", "wqjwqjwqj"], "log": "|j|\u2606Rohan11111\n|j|\u2606wqjwqjwqj\n|t:|1732986988\n|gametype|singles\n|player|p1|Rohan11111|2|1054\n|player|p2|wqjwqjwqj|1|1000\n|teamsize|p1|6\n|teamsize|p2|6\n|gen|9\n|tier|[Gen 9] Random Battle\n|rated|\n|rule|Species Clause: Limit one of each Pok\u00e9mon\n|rule|HP Percentage Mod: HP is shown in percentages\n|rule|Sleep Clause Mod: Limit one foe put to sleep\n|rule|Illusion Level Mod: Illusion disguises the Pok\u00e9mon's true level\n|\n|t:|1732986988\n|start\n|switch|p1a: Mimikyu|Mimikyu, L79, M|216/216\n|switch|p2a: Sawsbuck|Sawsbuck-Winter, L88, M|284/284\n|turn|1\n|\n|t:|1732987004\n|move|p2a: Sawsbuck|Horn Leech|p1a: Mimikyu\n|-activate|p1a: Mimikyu|ability: Disguise\n|-damage|p1a: Mimikyu|216/216\n|detailschange|p1a: Mimikyu|Mimikyu-Busted, L79, M\n|-damage|p1a: Mimikyu|189/216|[from] pokemon: Mimikyu-Busted\n|-damage|p2a: Sawsbuck|256/284|[from] item: Life Orb\n|move|p1a: Mimikyu|Play Rough|p2a: Sawsbuck\n|-damage|p2a: Sawsbuck|146/284\n|-damage|p1a: Mimikyu|168/216|[from] item: Life Orb\n|\n|upkeep\n|turn|2\n|\n|t:|1732987018\n|move|p2a: Sawsbuck|High Horsepower|p1a: Mimikyu\n|-damage|p1a: Mimikyu|56/216\n|-damage|p2a: Sawsbuck|118/284|[from] item: Life Orb\n|move|p1a: Mimikyu|Play Rough|p2a: Sawsbuck\n|-damage|p2a: Sawsbuck|0 fnt\n|faint|p2a: Sawsbuck\n|-damage|p1a: Mimikyu|35/216|[from] item: Life Orb\n|\n|upkeep\n|\n|t:|1732987032\n|switch|p2a: Landorus|Landorus-Therian, L76, M|260/260\n|-ability|p2a: Landorus|Intimidate|boost\n|-unboost|p1a: Mimikyu|atk|1\n|turn|3\n|\n|t:|1732987040\n|move|p1a: Mimikyu|Swords Dance|p1a: Mimikyu\n|-boost|p1a: Mimikyu|atk|2\n|move|p2a: Landorus|U-turn|p1a: Mimikyu\n|-resisted|p1a: Mimikyu\n|-damage|p1a: Mimikyu|20/216\n|\n|t:|1732987048\n|switch|p2a: Bellibolt|Bellibolt, L84, F|320/320|[from] U-turn\n|\n|upkeep\n|turn|4\n|\n|t:|1732987055\n|switch|p1a: Emboar|Emboar, L84, F|322/322\n|move|p2a: Bellibolt|Volt Switch|p1a: Emboar\n|-damage|p1a: Emboar|255/322\n|inactive|Battle timer is ON: inactive players will automatically lose when time's up. (requested by Rohan11111)\n|\n|t:|1732987067\n|switch|p2a: Dodrio|Dodrio, L86, F|243/243|[from] Volt Switch\n|\n|upkeep\n|turn|5\n|\n|t:|1732987079\n|-terastallize|p1a: Emboar|Water\n|move|p2a: Dodrio|Brave Bird|p1a: Emboar\n|-damage|p1a: Emboar|68/322\n|-damage|p2a: Dodrio|181/243|[from] Recoil\n|move|p1a: Emboar|Flare Blitz|p2a: Dodrio\n|-damage|p2a: Dodrio|0 fnt\n|faint|p2a: Dodrio\n|-damage|p1a: Emboar|8/322|[from] Recoil\n|\n|upkeep\n|\n|t:|1732987092\n|switch|p2a: Bellibolt|Bellibolt, L84, F|320/320\n|turn|6\n|\n|t:|1732987103\n|switch|p1a: Gastrodon|Gastrodon-East, L86, M|331/331\n|move|p2a: Bellibolt|Muddy Water|p1a: Gastrodon\n|-ability|p1a: Gastrodon|Storm Drain|boost\n|-boost|p1a: Gastrodon|spa|1\n|\n|upkeep\n|turn|7\n|\n|t:|1732987115\n|move|p2a: Bellibolt|Volt Switch|p1a: Gastrodon\n|-immune|p1a: Gastrodon\n|move|p1a: Gastrodon|Earthquake|p2a: Bellibolt\n|-supereffective|p2a: Bellibolt\n|-crit|p2a: Bellibolt\n|-damage|p2a: Bellibolt|20/320\n|-start|p2a: Bellibolt|Charge|Earthquake|[from] ability: Electromorphosis\n|\n|-heal|p2a: Bellibolt|40/320|[from] item: Leftovers\n|upkeep\n|turn|8\n|\n|t:|1732987134\n|switch|p2a: Magmortar|Magmortar, L88, M|275/275\n|move|p1a: Gastrodon|Earthquake|p2a: Magmortar\n|-supereffective|p2a: Magmortar\n|-damage|p2a: Magmortar|33/275\n|\n|upkeep\n|turn|9\n|\n|t:|1732987143\n|move|p2a: Magmortar|Fire Blast|p1a: Gastrodon\n|-resisted|p1a: Gastrodon\n|-damage|p1a: Gastrodon|256/331\n|move|p1a: Gastrodon|Earthquake|p2a: Magmortar\n|-supereffective|p2a: Magmortar\n|-damage|p2a: Magmortar|0 fnt\n|faint|p2a: Magmortar\n|\n|-heal|p1a: Gastrodon|276/331|[from] item: Leftovers\n|upkeep\n|\n|t:|1732987154\n|switch|p2a: Landorus|Landorus-Therian, L76, M|260/260\n|-ability|p2a: Landorus|Intimidate|boost\n|-unboost|p1a: Gastrodon|atk|1\n|turn|10\n|\n|t:|1732987163\n|move|p2a: Landorus|Earthquake|p1a: Gastrodon\n|-damage|p1a: Gastrodon|132/331\n|move|p1a: Gastrodon|Earthquake|p2a: Landorus\n|-immune|p2a: Landorus\n|\n|-heal|p1a: Gastrodon|152/331|[from] item: Leftovers\n|upkeep\n|turn|11\n|\n|t:|1732987172\n|move|p2a: Landorus|Stealth Rock|p1a: Gastrodon\n|-sidestart|p1: Rohan11111|move: Stealth Rock\n|move|p1a: Gastrodon|Sludge Bomb|p2a: Landorus\n|-resisted|p2a: Landorus\n|-damage|p2a: Landorus|199/260\n|\n|-heal|p2a: Landorus|215/260|[from] item: Leftovers\n|-heal|p1a: Gastrodon|172/331|[from] item: Leftovers\n|upkeep\n|turn|12\n|\n|t:|1732987184\n|move|p2a: Landorus|Earthquake|p1a: Gastrodon\n|-damage|p1a: Gastrodon|24/331\n|move|p1a: Gastrodon|Surf|p2a: Landorus\n|-supereffective|p2a: Landorus\n|-damage|p2a: Landorus|0 fnt\n|faint|p2a: Landorus\n|\n|-heal|p1a: Gastrodon|44/331|[from] item: Leftovers\n|upkeep\n|\n|t:|1732987195\n|switch|p2a: Reshiram|Reshiram, L76|277/277\n|-ability|p2a: Reshiram|Turboblaze\n|turn|13\n|\n|t:|1732987203\n|-terastallize|p2a: Reshiram|Fire\n|move|p2a: Reshiram|Flare Blitz|p1a: Gastrodon\n|-resisted|p1a: Gastrodon\n|-damage|p1a: Gastrodon|0 fnt\n|faint|p1a: Gastrodon\n|-damage|p2a: Reshiram|262/277|[from] Recoil\n|\n|upkeep\n|\n|t:|1732987218\n|switch|p1a: Misdreavus|Misdreavus, L90, F|254/254\n|-damage|p1a: Misdreavus|223/254|[from] Stealth Rock\n|turn|14\n|\n|t:|1732987226\n|move|p1a: Misdreavus|Shadow Ball|p2a: Reshiram\n|-damage|p2a: Reshiram|181/277\n|-unboost|p2a: Reshiram|spd|1\n|move|p2a: Reshiram|Stone Edge|p1a: Misdreavus|[miss]\n|-miss|p2a: Reshiram|p1a: Misdreavus\n|\n|upkeep\n|turn|15\n|\n|t:|1732987239\n|move|p1a: Misdreavus|Draining Kiss|p2a: Reshiram\n|-resisted|p2a: Reshiram\n|-damage|p2a: Reshiram|158/277\n|-heal|p1a: Misdreavus|240/254|[from] drain|[of] p2a: Reshiram\n|move|p2a: Reshiram|Outrage|p1a: Misdreavus\n|-damage|p1a: Misdreavus|140/254\n|\n|upkeep\n|turn|16\n|\n|t:|1732987256\n|switch|p1a: Haxorus|Haxorus, L77, M|244/244\n|-damage|p1a: Haxorus|214/244|[from] Stealth Rock\n|-ability|p1a: Haxorus|Mold Breaker\n|move|p2a: Reshiram|Outrage|p1a: Haxorus|[from]lockedmove\n|-supereffective|p1a: Haxorus\n|-damage|p1a: Haxorus|0 fnt\n|faint|p1a: Haxorus\n|-start|p2a: Reshiram|confusion|[fatigue]\n|\n|upkeep\n|\n|t:|1732987271\n|switch|p1a: Metagross|Metagross, L79|256/256\n|-damage|p1a: Metagross|240/256|[from] Stealth Rock\n|turn|17\n|\n|t:|1732987288\n|-activate|p2a: Reshiram|confusion\n|move|p2a: Reshiram|Stone Edge|p1a: Metagross\n|-resisted|p1a: Metagross\n|-damage|p1a: Metagross|214/256\n|move|p1a: Metagross|Earthquake|p2a: Reshiram\n|-supereffective|p2a: Reshiram\n|-damage|p2a: Reshiram|8/277\n|\n|upkeep\n|turn|18\n|\n|t:|1732987297\n|-activate|p2a: Reshiram|confusion\n|move|p2a: Reshiram|Flare Blitz|p1a: Metagross\n|-supereffective|p1a: Metagross\n|-damage|p1a: Metagross|0 fnt\n|faint|p1a: Metagross\n|-damage|p2a: Reshiram|0 fnt|[from] Recoil\n|faint|p2a: Reshiram\n|\n|upkeep\n|\n|t:|1732987307\n|switch|p2a: Bellibolt|Bellibolt, L84, F|40/320\n|switch|p1a: Misdreavus|Misdreavus, L90, F|140/254\n|-damage|p1a: Misdreavus|109/254|[from] Stealth Rock\n|turn|19\n|\n|t:|1732987318\n|move|p1a: Misdreavus|Shadow Ball|p2a: Bellibolt\n|-damage|p2a: Bellibolt|0 fnt\n|faint|p2a: Bellibolt\n|\n|win|Rohan11111\n|raw|Rohan11111's rating: 1054 &rarr; <strong>1081</strong><br />(+27 for winning)\n|raw|wqjwqjwqj's rating: 1000 &rarr; <strong>1000</strong><br />(+0 for losing)\n", "inputlog": ">version b107d77f5c90bd6555267ae244a6264823309ead\n>start {\"formatid\":\"gen9randombattle\",\"seed\":[42332,39049,27123,22344],\"rated\":\"Rated battle\"}\n>player p1 {\"name\":\"Rohan11111\",\"avatar\":\"2\",\"rating\":1054,\"seed\":[26488,26632,42126,48826]}\n>player p2 {\"name\":\"wqjwqjwqj\",\"avatar\":\"1\",\"rating\":1000,\"seed\":[64629,24552,52308,63267]}\n>p1 move playrough\n>p2 move hornleech\n>p1 move playrough\n>p2 move highhorsepower\n>p2 switch 6\n>p1 move swordsdance\n>p2 move uturn\n>p2 switch 5\n>p1 switch 2\n>p2 move voltswitch\n>p2 switch 3\n>p1 move flareblitz terastallize\n>p2 move bravebird\n>p2 switch 3\n>p1 switch 6\n>p2 move muddywater\n>p1 move earthquake\n>p2 move voltswitch\n>p1 move earthquake\n>p2 switch 4\n>p1 move earthquake\n>p2 move fireblast\n>p2 switch 5\n>p1 move earthquake\n>p2 move earthquake\n>p1 move sludgebomb\n>p2 move stealthrock\n>p1 move surf\n>p2 move earthquake\n>p2 switch 2\n>p1 move recover\n>p2 move flareblitz terastallize\n>p1 switch 4\n>p1 move shadowball\n>p2 move stoneedge\n>p1 move drainingkiss\n>p2 move outrage\n>p1 switch 3\n>p2 move outrage\n>p1 switch 5\n>p1 move earthquake\n>p2 move stoneedge\n>p1 move heavyslam\n>p2 move flareblitz\n>p1 switch 3\n>p2 switch 4\n>p1 move shadowball\n>p2 move slackoff", "uploadtime": 1732987326, "views": 7, "formatid": "gen9randombattle", "rating": 1000, "private": 0, "password": null}