{"id": "gen9randombattle-2254178552", "format": "[Gen 9] Random Battle", "players": ["repen", "gooeygoobert"], "log": "|j|\u2606repen\n|j|\u2606gooeygoobert\n|t:|1733000949\n|gametype|singles\n|player|p1|repen|youngster-gen4dp|1186\n|player|p2|gooeygoobert|102|1211\n|teamsize|p1|6\n|teamsize|p2|6\n|gen|9\n|tier|[Gen 9] Random Battle\n|rated|\n|rule|Species Clause: Limit one of each Pok\u00e9mon\n|rule|HP Percentage Mod: HP is shown in percentages\n|rule|Sleep Clause Mod: Limit one foe put to sleep\n|rule|Illusion Level Mod: Illusion disguises the Pok\u00e9mon's true level\n|\n|t:|1733000949\n|start\n|switch|p1a: Electivire|Electivire, L84, F|263/263\n|switch|p2a: Groudon|Groudon, L72|263/263\n|-weather|SunnyDay|[from] ability: Drought|[of] p2a: Groudon\n|turn|1\n|\n|t:|1733000977\n|switch|p1a: Eelektross|Eelektross, L87, M|290/290\n|move|p2a: Groudon|Will-O-Wisp|p1a: Eelektross\n|-status|p1a: Eelektross|brn\n|\n|-weather|SunnyDay|[upkeep]\n|-damage|p1a: Eelektross|272/290 brn|[from] brn\n|upkeep\n|turn|2\n|\n|t:|1733000995\n|move|p2a: Groudon|Stealth Rock|p1a: Eelektross\n|-sidestart|p1: repen|move: Stealth Rock\n|move|p1a: Eelektross|Giga Drain|p2a: Groudon\n|-supereffective|p2a: Groudon\n|-damage|p2a: Groudon|115/263\n|-heal|p1a: Eelektross|290/290 brn|[from] drain|[of] p2a: Groudon\n|\n|-weather|SunnyDay|[upkeep]\n|-heal|p2a: Groudon|131/263|[from] item: Leftovers\n|-damage|p1a: Eelektross|272/290 brn|[from] brn\n|upkeep\n|turn|3\n|\n|t:|1733001003\n|move|p2a: Groudon|Heat Crash|p1a: Eelektross\n|-damage|p1a: Eelektross|128/290 brn\n|move|p1a: Eelektross|Giga Drain|p2a: Groudon\n|-supereffective|p2a: Groudon\n|-crit|p2a: Groudon\n|-damage|p2a: Groudon|0 fnt\n|-heal|p1a: Eelektross|194/290 brn|[from] drain|[of] p2a: Groudon\n|faint|p2a: Groudon\n|\n|-weather|SunnyDay|[upkeep]\n|-damage|p1a: Eelektross|176/290 brn|[from] brn\n|upkeep\n|\n|t:|1733001011\n|switch|p2a: Morpeko|Morpeko, L88, F|245/245\n|turn|4\n|\n|t:|1733001018\n|move|p2a: Morpeko|Knock Off|p1a: Eelektross\n|-damage|p1a: Eelektross|61/290 brn\n|-enditem|p1a: Eelektross|Assault Vest|[from] move: Knock Off|[of] p2a: Morpeko\n|move|p1a: Eelektross|Close Combat|p2a: Morpeko\n|-supereffective|p2a: Morpeko\n|-damage|p2a: Morpeko|101/245\n|-unboost|p1a: Eelektross|def|1\n|-unboost|p1a: Eelektross|spd|1\n|\n|-weather|SunnyDay|[upkeep]\n|-heal|p2a: Morpeko|116/245|[from] item: Leftovers\n|-damage|p1a: Eelektross|43/290 brn|[from] brn\n|-formechange|p2a: Morpeko|Morpeko-Hangry||[from] ability: Hunger Switch\n|upkeep\n|turn|5\n|\n|t:|1733001047\n|switch|p1a: Brute Bonnet|Brute Bonnet, L81|312/312\n|-damage|p1a: Brute Bonnet|273/312|[from] Stealth Rock\n|-activate|p1a: Brute Bonnet|ability: Protosynthesis\n|-start|p1a: Brute Bonnet|protosynthesisatk\n|move|p2a: Morpeko|Protect||[still]\n|-fail|p2a: Morpeko\n|\n|-weather|none\n|-end|p1a: Brute Bonnet|Protosynthesis\n|-heal|p2a: Morpeko|131/245|[from] item: Leftovers\n|-heal|p1a: Brute Bonnet|292/312|[from] item: Leftovers\n|-formechange|p2a: Morpeko|Morpeko||[from] ability: Hunger Switch\n|upkeep\n|turn|6\n|\n|t:|1733001060\n|move|p2a: Morpeko|Knock Off|p1a: Brute Bonnet\n|-resisted|p1a: Brute Bonnet\n|-damage|p1a: Brute Bonnet|239/312\n|-enditem|p1a: Brute Bonnet|Leftovers|[from] move: Knock Off|[of] p2a: Morpeko\n|move|p1a: Brute Bonnet|Spore|p2a: Morpeko\n|-status|p2a: Morpeko|slp|[from] move: Spore\n|\n|-heal|p2a: Morpeko|146/245 slp|[from] item: Leftovers\n|-formechange|p2a: Morpeko|Morpeko-Hangry||[from] ability: Hunger Switch\n|upkeep\n|turn|7\n|\n|t:|1733001084\n|cant|p2a: Morpeko|slp\n|move|p1a: Brute Bonnet|Seed Bomb|p2a: Morpeko\n|-damage|p2a: Morpeko|19/245 slp\n|\n|-heal|p2a: Morpeko|34/245 slp|[from] item: Leftovers\n|-formechange|p2a: Morpeko|Morpeko||[from] ability: Hunger Switch\n|upkeep\n|turn|8\n|\n|t:|1733001093\n|cant|p2a: Morpeko|slp\n|move|p1a: Brute Bonnet|Crunch|p2a: Morpeko\n|-resisted|p2a: Morpeko\n|-damage|p2a: Morpeko|0 fnt\n|faint|p2a: Morpeko\n|\n|upkeep\n|\n|t:|1733001109\n|switch|p2a: Sneasler|Sneasler, L74, M|240/240\n|turn|9\n|\n|t:|1733001115\n|move|p2a: Sneasler|Close Combat|p1a: Brute Bonnet\n|-supereffective|p1a: Brute Bonnet\n|-damage|p1a: Brute Bonnet|11/312\n|-unboost|p2a: Sneasler|def|1\n|-unboost|p2a: Sneasler|spd|1\n|-enditem|p2a: Sneasler|White Herb\n|-clearnegativeboost|p2a: Sneasler|[silent]\n|move|p1a: Brute Bonnet|Spore|p2a: Sneasler\n|-status|p2a: Sneasler|slp|[from] move: Spore\n|\n|upkeep\n|turn|10\n|\n|t:|1733001134\n|cant|p2a: Sneasler|slp\n|move|p1a: Brute Bonnet|Seed Bomb|p2a: Sneasler\n|-resisted|p2a: Sneasler\n|-damage|p2a: Sneasler|164/240 slp\n|\n|upkeep\n|turn|11\n|\n|t:|1733001142\n|cant|p2a: Sneasler|slp\n|move|p1a: Brute Bonnet|Seed Bomb|p2a: Sneasler\n|-resisted|p2a: Sneasler\n|-damage|p2a: Sneasler|88/240 slp\n|\n|upkeep\n|turn|12\n|\n|t:|1733001150\n|cant|p2a: Sneasler|slp\n|move|p1a: Brute Bonnet|Seed Bomb|p2a: Sneasler\n|-resisted|p2a: Sneasler\n|-damage|p2a: Sneasler|10/240 slp\n|\n|upkeep\n|turn|13\n|\n|t:|1733001161\n|move|p1a: Brute Bonnet|Sucker Punch|p2a: Sneasler\n|-resisted|p2a: Sneasler\n|-damage|p2a: Sneasler|0 fnt\n|faint|p2a: Sneasler\n|\n|upkeep\n|\n|t:|1733001171\n|switch|p2a: Volcarona|Volcarona, L77, M|257/257\n|turn|14\n|\n|t:|1733001178\n|move|p2a: Volcarona|Fire Blast|p1a: Brute Bonnet\n|-supereffective|p1a: Brute Bonnet\n|-damage|p1a: Brute Bonnet|0 fnt\n|faint|p1a: Brute Bonnet\n|-end|p1a: Brute Bonnet|Protosynthesis|[silent]\n|\n|upkeep\n|\n|t:|1733001217\n|switch|p1a: Enamorus|Enamorus-Therian, L83, F|259/259\n|-damage|p1a: Enamorus|195/259|[from] Stealth Rock\n|turn|15\n|\n|t:|1733001233\n|move|p2a: Volcarona|Fire Blast|p1a: Enamorus\n|-damage|p1a: Enamorus|71/259\n|move|p1a: Enamorus|Earth Power|p2a: Volcarona\n|-damage|p2a: Volcarona|180/257\n|\n|upkeep\n|turn|16\n|\n|t:|1733001241\n|move|p2a: Volcarona|Fire Blast|p1a: Enamorus\n|-damage|p1a: Enamorus|0 fnt\n|faint|p1a: Enamorus\n|\n|upkeep\n|\n|t:|1733001250\n|switch|p1a: Slither Wing|Slither Wing, L81|270/270\n|-damage|p1a: Slither Wing|237/270|[from] Stealth Rock\n|turn|17\n|\n|t:|1733001259\n|-terastallize|p1a: Slither Wing|Fighting\n|move|p1a: Slither Wing|Earthquake|p2a: Volcarona\n|-damage|p2a: Volcarona|54/257\n|move|p2a: Volcarona|Quiver Dance|p2a: Volcarona\n|-boost|p2a: Volcarona|spa|1\n|-boost|p2a: Volcarona|spd|1\n|-boost|p2a: Volcarona|spe|1\n|\n|upkeep\n|turn|18\n|\n|t:|1733001266\n|move|p2a: Volcarona|Fire Blast|p1a: Slither Wing|[miss]\n|-miss|p2a: Volcarona|p1a: Slither Wing\n|move|p1a: Slither Wing|Earthquake|p2a: Volcarona\n|-damage|p2a: Volcarona|0 fnt\n|faint|p2a: Volcarona\n|\n|upkeep\n|\n|t:|1733001269\n|switch|p2a: Corviknight|Corviknight, L80, M|288/288\n|-ability|p2a: Corviknight|Pressure\n|turn|19\n|\n|t:|1733001277\n|-end|p1a: Slither Wing|Protosynthesis|[silent]\n|switch|p1a: Eelektross|Eelektross, L87, M|43/290 brn\n|-damage|p1a: Eelektross|7/290 brn|[from] Stealth Rock\n|move|p2a: Corviknight|Brave Bird|p1a: Eelektross\n|-resisted|p1a: Eelektross\n|-damage|p1a: Eelektross|0 fnt\n|faint|p1a: Eelektross\n|-damage|p2a: Corviknight|286/288|[from] Recoil\n|\n|-heal|p2a: Corviknight|288/288|[from] item: Leftovers\n|upkeep\n|\n|t:|1733001287\n|switch|p1a: Electivire|Electivire, L84, F|263/263\n|-damage|p1a: Electivire|231/263|[from] Stealth Rock\n|turn|20\n|inactive|Battle timer is ON: inactive players will automatically lose when time's up. (requested by gooeygoobert)\n|\n|t:|1733001296\n|-terastallize|p2a: Corviknight|Dragon\n|move|p1a: Electivire|Bulk Up|p1a: Electivire\n|-boost|p1a: Electivire|atk|1\n|-boost|p1a: Electivire|def|1\n|move|p2a: Corviknight|Body Press|p1a: Electivire\n|-damage|p1a: Electivire|185/263\n|\n|upkeep\n|turn|21\n|\n|t:|1733001306\n|move|p1a: Electivire|Ice Punch|p2a: Corviknight\n|-supereffective|p2a: Corviknight\n|-damage|p2a: Corviknight|72/288\n|-damage|p1a: Electivire|159/263|[from] item: Life Orb\n|move|p2a: Corviknight|Brave Bird|p1a: Electivire\n|-resisted|p1a: Electivire\n|-damage|p1a: Electivire|115/263\n|-damage|p2a: Corviknight|57/288|[from] Recoil\n|\n|-heal|p2a: Corviknight|75/288|[from] item: Leftovers\n|upkeep\n|turn|22\n|\n|t:|1733001321\n|move|p1a: Electivire|Ice Punch|p2a: Corviknight\n|-supereffective|p2a: Corviknight\n|-damage|p2a: Corviknight|0 fnt\n|faint|p2a: Corviknight\n|-damage|p1a: Electivire|89/263|[from] item: Life Orb\n|\n|upkeep\n|\n|t:|1733001323\n|switch|p2a: Phione|Phione, L91|293/293\n|turn|23\n|\n|t:|1733001330\n|move|p1a: Electivire|Supercell Slam|p2a: Phione\n|-supereffective|p2a: Phione\n|-damage|p2a: Phione|0 fnt\n|faint|p2a: Phione\n|-damage|p1a: Electivire|63/263|[from] item: Life Orb\n|\n|win|repen\n|raw|repen's rating: 1186 &rarr; <strong>1213</strong><br />(+27 for winning)\n|raw|gooeygoobert's rating: 1211 &rarr; <strong>1184</strong><br />(-27 for losing)\n", "inputlog": ">version b107d77f5c90bd6555267ae244a6264823309ead\n>start {\"formatid\":\"gen9randombattle\",\"seed\":[26597,57440,41544,485],\"rated\":\"Rated battle\"}\n>player p1 {\"name\":\"repen\",\"avatar\":\"youngster-gen4dp\",\"rating\":1186,\"seed\":[59376,29899,9792,20103]}\n>player p2 {\"name\":\"gooeygoobert\",\"avatar\":\"102\",\"rating\":1211,\"seed\":[32291,2059,45296,52433]}\n>p1 switch 3\n>p2 move willowisp\n>p1 move gigadrain\n>p2 move stealthrock\n>p1 move gigadrain\n>p2 move heatcrash\n>p2 switch 2\n>p1 move closecombat\n>p2 move knockoff\n>p1 switch 4\n>p2 move protect\n>p1 move spore\n>p2 move knockoff\n>p1 move seedbomb\n>p2 move aurawheel\n>p1 move crunch\n>p2 move aurawheel\n>p2 switch 5\n>p1 move spore\n>p2 move closecombat\n>p1 move seedbomb\n>p2 move acrobatics\n>p1 move seedbomb\n>p2 move acrobatics\n>p1 move seedbomb\n>p2 move acrobatics\n>p1 move suckerpunch\n>p2 move acrobatics\n>p2 switch 6\n>p1 move spore\n>p2 move fireblast\n>p1 switch 6\n>p1 move earthpower\n>p2 move fireblast\n>p1 move earthpower\n>p2 move fireblast\n>p1 switch 5\n>p1 move earthquake terastallize\n>p2 move quiverdance\n>p1 move earthquake\n>p2 move fireblast\n>p2 switch 3\n>p1 switch 4\n>p2 move bravebird\n>p1 switch 3\n>p1 move bulkup\n>p2 move bodypress terastallize\n>p1 move icepunch\n>p2 move bravebird\n>p1 move icepunch\n>p2 move bravebird\n>p2 switch 4\n>p1 move supercellslam\n>p2 move scald", "uploadtime": 1733001333, "views": 1, "formatid": "gen9randombattle", "rating": 1184, "private": 0, "password": null}