{"id": "gen9randombattle-2254133374", "format": "[Gen 9] Random Battle", "players": ["Wavetempest", "unalk"], "log": "|j|\u2606Wavetempest\n|j|\u2606unalk\n|t:|1732995310\n|gametype|singles\n|player|p1|Wavetempest|gambler|1031\n|player|p2|unalk|1|1040\n|teamsize|p1|6\n|teamsize|p2|6\n|gen|9\n|tier|[Gen 9] Random Battle\n|rated|\n|rule|Species Clause: Limit one of each Pok\u00e9mon\n|rule|HP Percentage Mod: HP is shown in percentages\n|rule|Sleep Clause Mod: Limit one foe put to sleep\n|rule|Illusion Level Mod: Illusion disguises the Pok\u00e9mon's true level\n|\n|t:|1732995310\n|start\n|switch|p1a: Palkia|Palkia-Origin, L72|249/249\n|switch|p2a: Mimikyu|Mimikyu, L79, M|216/216\n|-ability|p1a: Palkia|Pressure\n|turn|1\n|inactive|Battle timer is ON: inactive players will automatically lose when time's up. (requested by unalk)\n|\n|t:|1732995338\n|switch|p1a: Sceptile|Sceptile, L87, M|264/264\n|move|p2a: Mimikyu|Swords Dance|p2a: Mimikyu\n|-boost|p2a: Mimikyu|atk|2\n|\n|upkeep\n|turn|2\n|\n|t:|1732995351\n|move|p1a: Sceptile|Leech Seed|p2a: Mimikyu\n|-start|p2a: Mimikyu|move: Leech Seed\n|move|p2a: Mimikyu|Play Rough|p1a: Sceptile\n|-damage|p1a: Sceptile|3/264\n|-damage|p2a: Mimikyu|195/216|[from] item: Life Orb\n|\n|-heal|p1a: Sceptile|19/264|[from] item: Leftovers\n|-damage|p2a: Mimikyu|168/216|[from] Leech Seed|[of] p1a: Sceptile\n|-heal|p1a: Sceptile|46/264|[silent]\n|upkeep\n|turn|3\n|\n|t:|1732995364\n|move|p2a: Mimikyu|Shadow Sneak|p1a: Sceptile\n|-damage|p1a: Sceptile|0 fnt\n|faint|p1a: Sceptile\n|-damage|p2a: Mimikyu|147/216|[from] item: Life Orb\n|\n|upkeep\n|\n|t:|1732995371\n|switch|p1a: Farigiraf|Farigiraf, L91, F|366/366\n|turn|4\n|\n|t:|1732995381\n|switch|p2a: Gliscor|Gliscor, L76, F|239/239\n|move|p1a: Farigiraf|Hyper Voice|p2a: Gliscor\n|-damage|p2a: Gliscor|85/239\n|\n|-status|p2a: Gliscor|tox|[from] item: Toxic Orb\n|upkeep\n|turn|5\n|\n|t:|1732995407\n|move|p2a: Gliscor|Protect|p2a: Gliscor\n|-singleturn|p2a: Gliscor|Protect\n|move|p1a: Farigiraf|Protect||[still]\n|-fail|p1a: Farigiraf\n|\n|-heal|p2a: Gliscor|114/239 tox|[from] ability: Poison Heal\n|upkeep\n|turn|6\n|\n|t:|1732995418\n|move|p2a: Gliscor|Knock Off|p1a: Farigiraf\n|-supereffective|p1a: Farigiraf\n|-damage|p1a: Farigiraf|234/366\n|-enditem|p1a: Farigiraf|Leftovers|[from] move: Knock Off|[of] p2a: Gliscor\n|move|p1a: Farigiraf|Hyper Voice|p2a: Gliscor\n|-damage|p2a: Gliscor|0 fnt\n|faint|p2a: Gliscor\n|\n|upkeep\n|\n|t:|1732995436\n|switch|p2a: Mimikyu|Mimikyu, L79, M|147/216\n|turn|7\n|\n|t:|1732995441\n|move|p2a: Mimikyu|Play Rough|p1a: Farigiraf\n|-damage|p1a: Farigiraf|129/366\n|-damage|p2a: Mimikyu|126/216|[from] item: Life Orb\n|move|p1a: Farigiraf|Hyper Voice|p2a: Mimikyu\n|-immune|p2a: Mimikyu\n|\n|upkeep\n|turn|8\n|\n|t:|1732995453\n|move|p2a: Mimikyu|Swords Dance|p2a: Mimikyu\n|-boost|p2a: Mimikyu|atk|2\n|move|p1a: Farigiraf|Future Sight|p2a: Mimikyu\n|-start|p1a: Farigiraf|move: Future Sight\n|\n|upkeep\n|turn|9\n|\n|t:|1732995460\n|move|p1a: Farigiraf|Protect|p1a: Farigiraf\n|-singleturn|p1a: Farigiraf|Protect\n|move|p2a: Mimikyu|Play Rough|p1a: Farigiraf\n|-activate|p1a: Farigiraf|move: Protect\n|\n|upkeep\n|turn|10\n|\n|t:|1732995470\n|move|p2a: Mimikyu|Swords Dance|p2a: Mimikyu\n|-boost|p2a: Mimikyu|atk|2\n|move|p1a: Farigiraf|Wish|p1a: Farigiraf\n|\n|-end|p2a: Mimikyu|move: Future Sight\n|-activate|p2a: Mimikyu|ability: Disguise\n|-damage|p2a: Mimikyu|126/216\n|detailschange|p2a: Mimikyu|Mimikyu-Busted, L79, M\n|-damage|p2a: Mimikyu|99/216|[from] pokemon: Mimikyu-Busted\n|upkeep\n|turn|11\n|\n|t:|1732995488\n|move|p1a: Farigiraf|Protect|p1a: Farigiraf\n|-singleturn|p1a: Farigiraf|Protect\n|move|p2a: Mimikyu|Play Rough|p1a: Farigiraf\n|-activate|p1a: Farigiraf|move: Protect\n|\n|-heal|p1a: Farigiraf|312/366|[from] move: Wish|[wisher] Farigiraf\n|upkeep\n|turn|12\n|\n|t:|1732995500\n|move|p2a: Mimikyu|Play Rough|p1a: Farigiraf\n|-damage|p1a: Farigiraf|0 fnt\n|faint|p1a: Farigiraf\n|-damage|p2a: Mimikyu|78/216|[from] item: Life Orb\n|\n|upkeep\n|\n|t:|1732995509\n|switch|p1a: Beartic|Beartic, L91, M|321/321\n|turn|13\n|\n|t:|1732995513\n|move|p2a: Mimikyu|Play Rough|p1a: Beartic\n|-damage|p1a: Beartic|0 fnt\n|faint|p1a: Beartic\n|-damage|p2a: Mimikyu|57/216|[from] item: Life Orb\n|\n|upkeep\n|\n|t:|1732995522\n|switch|p1a: Dewgong|Dewgong, L94, M|322/322\n|turn|14\n|\n|t:|1732995532\n|move|p2a: Mimikyu|Play Rough|p1a: Dewgong|[miss]\n|-miss|p2a: Mimikyu|p1a: Dewgong\n|move|p1a: Dewgong|Triple Axel|p2a: Mimikyu\n|-damage|p2a: Mimikyu|33/216\n|-damage|p2a: Mimikyu|0 fnt\n|faint|p2a: Mimikyu\n|-hitcount|p2: Mimikyu|2\n|\n|upkeep\n|\n|t:|1732995543\n|switch|p2a: Hitmonchan|Hitmonchan, L87, M|229/229\n|turn|15\n|\n|t:|1732995552\n|move|p1a: Dewgong|Knock Off|p2a: Hitmonchan\n|-resisted|p2a: Hitmonchan\n|-damage|p2a: Hitmonchan|196/229\n|-enditem|p2a: Hitmonchan|Leftovers|[from] move: Knock Off|[of] p1a: Dewgong\n|move|p2a: Hitmonchan|Bulk Up|p2a: Hitmonchan\n|-boost|p2a: Hitmonchan|atk|1\n|-boost|p2a: Hitmonchan|def|1\n|\n|upkeep\n|turn|16\n|\n|t:|1732995562\n|move|p1a: Dewgong|Encore|p2a: Hitmonchan\n|-start|p2a: Hitmonchan|Encore\n|move|p2a: Hitmonchan|Bulk Up|p2a: Hitmonchan\n|-boost|p2a: Hitmonchan|atk|1\n|-boost|p2a: Hitmonchan|def|1\n|\n|upkeep\n|turn|17\n|\n|t:|1732995572\n|move|p1a: Dewgong|Triple Axel|p2a: Hitmonchan\n|-damage|p2a: Hitmonchan|184/229\n|-damage|p2a: Hitmonchan|163/229\n|-damage|p2a: Hitmonchan|130/229\n|-hitcount|p2a: Hitmonchan|3\n|move|p2a: Hitmonchan|Bulk Up|p2a: Hitmonchan\n|-boost|p2a: Hitmonchan|atk|1\n|-boost|p2a: Hitmonchan|def|1\n|\n|upkeep\n|turn|18\n|\n|t:|1732995582\n|move|p1a: Dewgong|Triple Axel|p2a: Hitmonchan\n|-damage|p2a: Hitmonchan|120/229\n|-damage|p2a: Hitmonchan|101/229\n|-damage|p2a: Hitmonchan|76/229\n|-hitcount|p2a: Hitmonchan|3\n|move|p2a: Hitmonchan|Bulk Up|p2a: Hitmonchan\n|-boost|p2a: Hitmonchan|atk|1\n|-boost|p2a: Hitmonchan|def|1\n|\n|-end|p2a: Hitmonchan|Encore\n|upkeep\n|turn|19\n|\n|t:|1732995607\n|move|p1a: Dewgong|Encore|p2a: Hitmonchan\n|-start|p2a: Hitmonchan|Encore\n|move|p2a: Hitmonchan|Bulk Up|p2a: Hitmonchan\n|-boost|p2a: Hitmonchan|atk|1\n|-boost|p2a: Hitmonchan|def|1\n|\n|upkeep\n|turn|20\n|\n|t:|1732995617\n|switch|p2a: Ogerpon|Ogerpon-Hearthflame, L74, F|239/239\n|-ability|p2a: Ogerpon|Mold Breaker\n|move|p1a: Dewgong|Triple Axel|p2a: Ogerpon\n|-damage|p2a: Ogerpon|214/239\n|-damage|p2a: Ogerpon|163/239\n|-damage|p2a: Ogerpon|94/239\n|-hitcount|p2a: Ogerpon|3\n|\n|upkeep\n|turn|21\n|\n|t:|1732995633\n|move|p2a: Ogerpon|Horn Leech|p1a: Dewgong\n|-supereffective|p1a: Dewgong\n|-damage|p1a: Dewgong|140/322\n|-heal|p2a: Ogerpon|185/239|[from] drain|[of] p1a: Dewgong\n|move|p1a: Dewgong|Knock Off|p2a: Ogerpon\n|-damage|p2a: Ogerpon|129/239\n|\n|upkeep\n|turn|22\n|inactive|Wavetempest has 120 seconds left.\n|\n|t:|1732995653\n|-terastallize|p1a: Dewgong|Steel\n|move|p2a: Ogerpon|Horn Leech|p1a: Dewgong\n|-resisted|p1a: Dewgong\n|-damage|p1a: Dewgong|95/322\n|-heal|p2a: Ogerpon|152/239|[from] drain|[of] p1a: Dewgong\n|move|p1a: Dewgong|Encore|p2a: Ogerpon\n|-start|p2a: Ogerpon|Encore\n|\n|upkeep\n|turn|23\n|inactive|Wavetempest has 120 seconds left.\n|\n|t:|1732995665\n|move|p2a: Ogerpon|Horn Leech|p1a: Dewgong\n|-resisted|p1a: Dewgong\n|-damage|p1a: Dewgong|53/322\n|-heal|p2a: Ogerpon|173/239|[from] drain|[of] p1a: Dewgong\n|move|p1a: Dewgong|Surf|p2a: Ogerpon\n|-damage|p2a: Ogerpon|76/239\n|\n|upkeep\n|turn|24\n|inactive|Wavetempest has 120 seconds left.\n|\n|t:|1732995676\n|move|p2a: Ogerpon|Horn Leech|p1a: Dewgong\n|-resisted|p1a: Dewgong\n|-damage|p1a: Dewgong|9/322\n|-heal|p2a: Ogerpon|98/239|[from] drain|[of] p1a: Dewgong\n|move|p1a: Dewgong|Surf|p2a: Ogerpon\n|-damage|p2a: Ogerpon|0 fnt\n|faint|p2a: Ogerpon\n|\n|upkeep\n|\n|t:|1732995691\n|switch|p2a: Hawlucha|Hawlucha, L80, F|256/256\n|turn|25\n|\n|t:|1732995700\n|move|p2a: Hawlucha|Acrobatics|p1a: Dewgong\n|-resisted|p1a: Dewgong\n|-damage|p1a: Dewgong|0 fnt\n|faint|p1a: Dewgong\n|\n|upkeep\n|\n|t:|1732995711\n|switch|p1a: Deoxys|Deoxys-Defense, L84|221/221\n|-ability|p1a: Deoxys|Pressure\n|turn|26\n|\n|t:|1732995725\n|switch|p2a: Stonjourner|Stonjourner, L91, F|330/330\n|move|p1a: Deoxys|Psychic Noise|p2a: Stonjourner\n|-damage|p2a: Stonjourner|191/330\n|-start|p2a: Stonjourner|move: Heal Block\n|\n|upkeep\n|turn|27\n|\n|t:|1732995736\n|move|p1a: Deoxys|Psychic Noise|p2a: Stonjourner\n|-damage|p2a: Stonjourner|56/330\n|move|p2a: Stonjourner|Earthquake|p1a: Deoxys\n|-damage|p1a: Deoxys|138/221\n|-damage|p2a: Stonjourner|23/330|[from] item: Life Orb\n|\n|-heal|p1a: Deoxys|151/221|[from] item: Leftovers\n|-end|p2a: Stonjourner|move: Heal Block\n|upkeep\n|turn|28\n|\n|t:|1732995750\n|move|p1a: Deoxys|Psychic Noise|p2a: Stonjourner\n|-damage|p2a: Stonjourner|0 fnt\n|faint|p2a: Stonjourner\n|\n|-heal|p1a: Deoxys|164/221|[from] item: Leftovers\n|upkeep\n|inactive|unalk has 120 seconds left.\n|n|\u2606unalk|unalk\n|n|!unalk|unalk\n|-message|unalk forfeited.\n|\n|win|Wavetempest\n", "inputlog": ">version b107d77f5c90bd6555267ae244a6264823309ead\n>start {\"formatid\":\"gen9randombattle\",\"seed\":[44347,53489,56823,19772],\"rated\":\"Rated battle\"}\n>player p1 {\"name\":\"Wavetempest\",\"avatar\":\"gambler\",\"rating\":1031,\"seed\":[53808,11975,45899,48103]}\n>player p2 {\"name\":\"unalk\",\"avatar\":\"1\",\"rating\":1040,\"seed\":[54236,45454,64310,9440]}\n>p1 switch 4\n>p2 move swordsdance\n>p1 move leechseed\n>p2 move playrough\n>p1 move gigadrain\n>p2 move shadowsneak\n>p1 switch 6\n>p1 move hypervoice\n>p2 switch 3\n>p1 move protect\n>p2 move protect\n>p1 move hypervoice\n>p2 move knockoff\n>p2 switch 3\n>p1 move hypervoice\n>p2 move playrough\n>p1 move futuresight\n>p2 move swordsdance\n>p1 move protect\n>p2 move playrough\n>p1 move wish\n>p2 move swordsdance\n>p1 move protect\n>p2 move playrough\n>p1 move futuresight\n>p2 move playrough\n>p1 switch 3\n>p1 move closecombat\n>p2 move playrough\n>p1 switch 2\n>p1 move tripleaxel\n>p2 move playrough\n>p2 switch 2\n>p1 move knockoff\n>p2 move bulkup\n>p1 move encore\n>p2 move drainpunch\n>p1 move tripleaxel\n>p2 move bulkup\n>p1 move tripleaxel\n>p2 move bulkup\n>p1 move encore\n>p2 move drainpunch\n>p1 move tripleaxel\n>p2 switch 4\n>p1 move knockoff\n>p2 move hornleech\n>p1 move encore terastallize\n>p2 move hornleech\n>p1 move surf\n>p2 move hornleech\n>p1 move surf\n>p2 move hornleech\n>p2 switch 6\n>p1 move knockoff\n>p2 move acrobatics\n>p1 switch 5\n>p1 move psychicnoise\n>p2 switch 5\n>p1 move psychicnoise\n>p2 move earthquake\n>p1 move psychicnoise\n>p2 move heatcrash\n>chat \u2606unalk|fuck you\n>forcelose p2", "uploadtime": 1732995784, "views": 1, "formatid": "gen9randombattle", "rating": null, "private": 0, "password": null}