{"id": "gen9randombattle-2254027991", "format": "[Gen 9] Random Battle", "players": ["akixeyes", "OGmaster2469"], "log": "|j|\u2606akixeyes\n|j|\u2606OGmaster2469\n|t:|1732982013\n|gametype|singles\n|player|p1|akixeyes|169|1048\n|player|p2|OGmaster2469|ghetsis|1075\n|teamsize|p1|6\n|teamsize|p2|6\n|gen|9\n|tier|[Gen 9] Random Battle\n|rated|\n|rule|Species Clause: Limit one of each Pok\u00e9mon\n|rule|HP Percentage Mod: HP is shown in percentages\n|rule|Sleep Clause Mod: Limit one foe put to sleep\n|rule|Illusion Level Mod: Illusion disguises the Pok\u00e9mon's true level\n|\n|t:|1732982013\n|start\n|switch|p1a: Veluza|Veluza, L85, M|292/292\n|switch|p2a: Meganium|Meganium, L90, M|290/290\n|turn|1\n|inactive|Battle timer is ON: inactive players will automatically lose when time's up. (requested by akixeyes)\n|\n|t:|1732982035\n|move|p2a: Meganium|Swords Dance|p2a: Meganium\n|-boost|p2a: Meganium|atk|2\n|move|p1a: Veluza|Fillet Away|p1a: Veluza\n|-boost|p1a: Veluza|atk|2\n|-boost|p1a: Veluza|spa|2\n|-boost|p1a: Veluza|spe|2\n|-damage|p1a: Veluza|146/292\n|-enditem|p1a: Veluza|Sitrus Berry|[eat]\n|-heal|p1a: Veluza|219/292|[from] item: Sitrus Berry\n|\n|upkeep\n|turn|2\n|\n|t:|1732982064\n|move|p1a: Veluza|Psycho Cut|p2a: Meganium\n|-crit|p2a: Meganium\n|-damage|p2a: Meganium|0 fnt\n|faint|p2a: Meganium\n|\n|upkeep\n|inactive|OGmaster2469 has 120 seconds left.\n|\n|t:|1732982096\n|switch|p2a: Mightyena|Mightyena, L95, F|287/287\n|-ability|p2a: Mightyena|Intimidate|boost\n|-unboost|p1a: Veluza|atk|1\n|turn|3\n|inactive|OGmaster2469 has 120 seconds left.\n|\n|t:|1732982107\n|move|p1a: Veluza|Aqua Cutter|p2a: Mightyena\n|-crit|p2a: Mightyena\n|-damage|p2a: Mightyena|7/287\n|move|p2a: Mightyena|Throat Chop|p1a: Veluza\n|-supereffective|p1a: Veluza\n|-damage|p1a: Veluza|0 fnt\n|faint|p1a: Veluza\n|\n|-heal|p2a: Mightyena|24/287|[from] item: Leftovers\n|upkeep\n|\n|t:|1732982121\n|switch|p1a: Gastrodon|Gastrodon, L86, M|331/331\n|turn|4\n|inactive|OGmaster2469 has 120 seconds left.\n|\n|t:|1732982148\n|-terastallize|p2a: Mightyena|Fairy\n|move|p2a: Mightyena|Play Rough|p1a: Gastrodon\n|-damage|p1a: Gastrodon|202/331\n|move|p1a: Gastrodon|Stealth Rock|p2a: Mightyena\n|-sidestart|p2: OGmaster2469|move: Stealth Rock\n|\n|-heal|p2a: Mightyena|41/287|[from] item: Leftovers\n|-heal|p1a: Gastrodon|222/331|[from] item: Leftovers\n|upkeep\n|turn|5\n|\n|t:|1732982166\n|move|p2a: Mightyena|Sucker Punch|p1a: Gastrodon\n|-damage|p1a: Gastrodon|110/331\n|move|p1a: Gastrodon|Earthquake|p2a: Mightyena\n|-damage|p2a: Mightyena|0 fnt\n|faint|p2a: Mightyena\n|\n|-heal|p1a: Gastrodon|130/331|[from] item: Leftovers\n|upkeep\n|inactive|OGmaster2469 has 90 seconds left.\n|\n|t:|1732982182\n|switch|p2a: Yanmega|Yanmega, L82, M|275/275\n|turn|6\n|inactive|OGmaster2469 has 90 seconds left.\n|\n|t:|1732982208\n|move|p2a: Yanmega|Tera Blast|p1a: Gastrodon\n|-damage|p1a: Gastrodon|66/331\n|move|p1a: Gastrodon|Ice Beam|p2a: Yanmega\n|-supereffective|p2a: Yanmega\n|-damage|p2a: Yanmega|79/275\n|\n|-heal|p1a: Gastrodon|86/331|[from] item: Leftovers\n|-ability|p2a: Yanmega|Speed Boost|boost\n|-boost|p2a: Yanmega|spe|1\n|upkeep\n|turn|7\n|\n|t:|1732982226\n|move|p2a: Yanmega|Bug Buzz|p1a: Gastrodon\n|-damage|p1a: Gastrodon|0 fnt\n|faint|p1a: Gastrodon\n|\n|-ability|p2a: Yanmega|Speed Boost|boost\n|-boost|p2a: Yanmega|spe|1\n|upkeep\n|\n|t:|1732982234\n|switch|p1a: Ninetales|Ninetales, L85, F|263/263\n|-weather|SunnyDay|[from] ability: Drought|[of] p1a: Ninetales\n|turn|8\n|\n|t:|1732982244\n|switch|p2a: Suicune|Suicune, L82|298/298\n|-damage|p2a: Suicune|261/298|[from] Stealth Rock\n|-ability|p2a: Suicune|Pressure\n|move|p1a: Ninetales|Fire Blast|p2a: Suicune\n|-resisted|p2a: Suicune\n|-damage|p2a: Suicune|199/298\n|\n|-weather|SunnyDay|[upkeep]\n|-heal|p2a: Suicune|217/298|[from] item: Leftovers\n|upkeep\n|turn|9\n|\n|t:|1732982258\n|move|p1a: Ninetales|Solar Beam||[still]\n|-prepare|p1a: Ninetales|Solar Beam\n|-anim|p1a: Ninetales|Solar Beam|p2a: Suicune\n|-supereffective|p2a: Suicune\n|-damage|p2a: Suicune|87/298\n|move|p2a: Suicune|Calm Mind|p2a: Suicune\n|-boost|p2a: Suicune|spa|1\n|-boost|p2a: Suicune|spd|1\n|\n|-weather|SunnyDay|[upkeep]\n|-heal|p2a: Suicune|105/298|[from] item: Leftovers\n|upkeep\n|turn|10\n|\n|t:|1732982268\n|move|p1a: Ninetales|Solar Beam||[still]\n|-prepare|p1a: Ninetales|Solar Beam\n|-anim|p1a: Ninetales|Solar Beam|p2a: Suicune\n|-supereffective|p2a: Suicune\n|-damage|p2a: Suicune|25/298\n|move|p2a: Suicune|Scald|p1a: Ninetales\n|-supereffective|p1a: Ninetales\n|-damage|p1a: Ninetales|167/263\n|\n|-weather|SunnyDay|[upkeep]\n|-heal|p2a: Suicune|43/298|[from] item: Leftovers\n|upkeep\n|turn|11\n|inactive|OGmaster2469 has 90 seconds left.\n|\n|t:|1732982279\n|move|p1a: Ninetales|Solar Beam||[still]\n|-prepare|p1a: Ninetales|Solar Beam\n|-anim|p1a: Ninetales|Solar Beam|p2a: Suicune\n|-supereffective|p2a: Suicune\n|-damage|p2a: Suicune|0 fnt\n|faint|p2a: Suicune\n|\n|-weather|SunnyDay|[upkeep]\n|upkeep\n|\n|t:|1732982295\n|switch|p2a: Falinks|Falinks, L84|246/246\n|-damage|p2a: Falinks|231/246|[from] Stealth Rock\n|turn|12\n|\n|t:|1732982303\n|move|p1a: Ninetales|Fire Blast|p2a: Falinks\n|-damage|p2a: Falinks|20/246\n|move|p2a: Falinks|Close Combat|p1a: Ninetales\n|-damage|p1a: Ninetales|0 fnt\n|-unboost|p2a: Falinks|def|1\n|-unboost|p2a: Falinks|spd|1\n|faint|p1a: Ninetales\n|-damage|p2a: Falinks|0 fnt|[from] item: Life Orb\n|faint|p2a: Falinks\n|\n|-weather|none\n|upkeep\n|\n|t:|1732982323\n|switch|p1a: Pikachu|Pikachu-World, L93, M|216/216\n|switch|p2a: Garganacl|Garganacl, L80, F|291/291\n|-damage|p2a: Garganacl|255/291|[from] Stealth Rock\n|turn|13\n|\n|t:|1732982340\n|move|p1a: Pikachu|Surf|p2a: Garganacl\n|-supereffective|p2a: Garganacl\n|-damage|p2a: Garganacl|47/291\n|move|p2a: Garganacl|Salt Cure|p1a: Pikachu\n|-damage|p1a: Pikachu|155/216\n|-start|p1a: Pikachu|Salt Cure\n|\n|-heal|p2a: Garganacl|65/291|[from] item: Leftovers\n|-damage|p1a: Pikachu|128/216|[from] Salt Cure\n|upkeep\n|turn|14\n|\n|t:|1732982351\n|move|p2a: Garganacl|Protect|p2a: Garganacl\n|-singleturn|p2a: Garganacl|Protect\n|move|p1a: Pikachu|Surf|p2a: Garganacl\n|-activate|p2a: Garganacl|move: Protect\n|\n|-heal|p2a: Garganacl|83/291|[from] item: Leftovers\n|-damage|p1a: Pikachu|101/216|[from] Salt Cure\n|upkeep\n|turn|15\n|\n|t:|1732982361\n|move|p2a: Garganacl|Protect|p2a: Garganacl\n|-singleturn|p2a: Garganacl|Protect\n|move|p1a: Pikachu|Surf|p2a: Garganacl\n|-activate|p2a: Garganacl|move: Protect\n|\n|-heal|p2a: Garganacl|101/291|[from] item: Leftovers\n|-damage|p1a: Pikachu|74/216|[from] Salt Cure\n|upkeep\n|turn|16\n|c|\u2606akixeyes|BRO NO WAY\n|\n|t:|1732982370\n|move|p1a: Pikachu|Surf|p2a: Garganacl\n|-supereffective|p2a: Garganacl\n|-damage|p2a: Garganacl|0 fnt\n|faint|p2a: Garganacl\n|\n|-damage|p1a: Pikachu|47/216|[from] Salt Cure\n|upkeep\n|\n|t:|1732982382\n|switch|p2a: Yanmega|Yanmega, L82, M|79/275\n|turn|17\n|c|\u2606akixeyes|blud got a double prot\n|\n|t:|1732982389\n|move|p1a: Pikachu|Volt Switch|p2a: Yanmega\n|-supereffective|p2a: Yanmega\n|-damage|p2a: Yanmega|0 fnt\n|faint|p2a: Yanmega\n|\n|win|akixeyes\n|raw|akixeyes's rating: 1048 &rarr; <strong>1083</strong><br />(+35 for winning)\n|raw|OGmaster2469's rating: 1075 &rarr; <strong>1052</strong><br />(-23 for losing)\n|l|\u2606OGmaster2469\n|player|p2|\n", "inputlog": ">version b107d77f5c90bd6555267ae244a6264823309ead\n>start {\"formatid\":\"gen9randombattle\",\"seed\":[5593,18302,45865,33168],\"rated\":\"Rated battle\"}\n>player p1 {\"name\":\"akixeyes\",\"avatar\":\"169\",\"rating\":1048,\"seed\":[19885,15268,8856,58206]}\n>player p2 {\"name\":\"OGmaster2469\",\"avatar\":\"ghetsis\",\"rating\":1075,\"seed\":[14774,6216,45012,6783]}\n>p1 move filletaway\n>p2 move swordsdance\n>p1 move psychocut\n>p2 move petalblizzard\n>p2 switch 5\n>p1 move aquacutter\n>p2 move throatchop\n>p1 switch 6\n>p1 move stealthrock\n>p2 move playrough terastallize\n>p1 move earthquake\n>p2 move suckerpunch\n>p2 switch 4\n>p1 move icebeam\n>p2 move terablast\n>p1 move recover\n>p2 move bugbuzz\n>p1 switch 3\n>p1 move fireblast\n>p2 switch 2\n>p1 move solarbeam\n>p2 move calmmind\n>p1 move solarbeam\n>p2 move scald\n>p1 move solarbeam\n>p2 move rest\n>p2 switch 3\n>p1 move fireblast\n>p2 move closecombat\n>p1 switch 5\n>p2 switch 6\n>p1 move surf\n>p2 move saltcure\n>p1 move surf\n>p2 move protect\n>p1 move surf\n>p2 move protect\n>chat \u2606akixeyes|BRO NO WAY\n>p1 move surf\n>p2 move recover\n>p2 switch 2\n>chat \u2606akixeyes|blud got a double prot \n>p1 move voltswitch\n>p2 move airslash", "uploadtime": 1732982404, "views": 4, "formatid": "gen9randombattle", "rating": 1052, "private": 0, "password": null}