{"id": "gen9randombattle-2253853121", "format": "[Gen 9] Random Battle", "players": ["krabsolfurretisme", "wspesper"], "log": "|j|\u2606krabsolfurretisme\n|j|\u2606wspesper\n|t:|1732949259\n|gametype|singles\n|player|p1|krabsolfurretisme|gentleman|1423\n|player|p2|wspesper|1|1472\n|teamsize|p1|6\n|teamsize|p2|6\n|gen|9\n|tier|[Gen 9] Random Battle\n|rated|\n|rule|Species Clause: Limit one of each Pok\u00e9mon\n|rule|HP Percentage Mod: HP is shown in percentages\n|rule|Sleep Clause Mod: Limit one foe put to sleep\n|rule|Illusion Level Mod: Illusion disguises the Pok\u00e9mon's true level\n|\n|t:|1732949259\n|start\n|switch|p1a: Zangoose|Zangoose, L85, F|263/263\n|switch|p2a: Ambipom|Ambipom, L84, M|263/263\n|turn|1\n|inactive|Battle timer is ON: inactive players will automatically lose when time's up. (requested by krabsolfurretisme)\n|\n|t:|1732949264\n|move|p2a: Ambipom|Knock Off|p1a: Zangoose\n|-damage|p1a: Zangoose|177/263\n|-enditem|p1a: Zangoose|Toxic Orb|[from] move: Knock Off|[of] p2a: Ambipom\n|move|p1a: Zangoose|Swords Dance|p1a: Zangoose\n|-boost|p1a: Zangoose|atk|2\n|\n|upkeep\n|turn|2\n|l|\u2606krabsolfurretisme\n|inactive|krabsolfurretisme disconnected and has a minute to reconnect!\n|player|p1|\n|\n|t:|1732949275\n|move|p2a: Ambipom|Double-Edge|p1a: Zangoose\n|-damage|p1a: Zangoose|0 fnt\n|faint|p1a: Zangoose\n|-damage|p2a: Ambipom|205/263|[from] Recoil\n|\n|upkeep\n|j|\u2606krabsolfurretisme\n|inactive|krabsolfurretisme reconnected and has 150 seconds left.\n|player|p1|krabsolfurretisme|gentleman|\n|\n|t:|1732949282\n|switch|p1a: Zamazenta|Zamazenta-Crowned, L68|238/238\n|-ability|p1a: Zamazenta|Dauntless Shield|boost\n|-boost|p1a: Zamazenta|def|1\n|turn|3\n|\n|t:|1732949310\n|move|p2a: Ambipom|Low Kick|p1a: Zamazenta\n|-supereffective|p1a: Zamazenta\n|-damage|p1a: Zamazenta|146/238\n|move|p1a: Zamazenta|Iron Defense|p1a: Zamazenta\n|-boost|p1a: Zamazenta|def|2\n|\n|upkeep\n|turn|4\n|\n|t:|1732949323\n|switch|p2a: Clodsire|Clodsire, L81, F|343/343\n|-terastallize|p1a: Zamazenta|Fighting\n|move|p1a: Zamazenta|Body Press|p2a: Clodsire\n|-resisted|p2a: Clodsire\n|-damage|p2a: Clodsire|171/343\n|\n|-heal|p2a: Clodsire|192/343|[from] item: Leftovers\n|upkeep\n|turn|5\n|\n|t:|1732949335\n|move|p1a: Zamazenta|Body Press|p2a: Clodsire\n|-resisted|p2a: Clodsire\n|-damage|p2a: Clodsire|15/343\n|move|p2a: Clodsire|Earthquake|p1a: Zamazenta\n|-damage|p1a: Zamazenta|118/238\n|\n|-heal|p2a: Clodsire|36/343|[from] item: Leftovers\n|upkeep\n|turn|6\n|\n|t:|1732949341\n|move|p1a: Zamazenta|Heavy Slam|p2a: Clodsire\n|-damage|p2a: Clodsire|0 fnt\n|faint|p2a: Clodsire\n|\n|upkeep\n|\n|t:|1732949354\n|switch|p2a: Regieleki|Regieleki, L79|256/256\n|turn|7\n|\n|t:|1732949362\n|move|p2a: Regieleki|Thunderbolt|p1a: Zamazenta\n|-damage|p1a: Zamazenta|9/238\n|move|p1a: Zamazenta|Body Press|p2a: Regieleki\n|-damage|p2a: Regieleki|0 fnt\n|faint|p2a: Regieleki\n|\n|upkeep\n|\n|t:|1732949375\n|switch|p2a: Ambipom|Ambipom, L84, M|205/263\n|turn|8\n|\n|t:|1732949377\n|move|p2a: Ambipom|Fake Out|p1a: Zamazenta\n|-damage|p1a: Zamazenta|0 fnt\n|faint|p1a: Zamazenta\n|\n|upkeep\n|\n|t:|1732949381\n|switch|p1a: Brambleghast|Brambleghast, L88, M|240/240\n|turn|9\n|\n|t:|1732949388\n|move|p2a: Ambipom|Knock Off|p1a: Brambleghast\n|-supereffective|p1a: Brambleghast\n|-damage|p1a: Brambleghast|72/240\n|-enditem|p1a: Brambleghast|Heavy-Duty Boots|[from] move: Knock Off|[of] p2a: Ambipom\n|move|p1a: Brambleghast|Strength Sap|p2a: Ambipom\n|-unboost|p2a: Ambipom|atk|1\n|-heal|p1a: Brambleghast|240/240\n|\n|upkeep\n|turn|10\n|\n|t:|1732949404\n|switch|p2a: Glastrier|Glastrier, L86|312/312\n|move|p1a: Brambleghast|Strength Sap|p2a: Glastrier\n|-unboost|p2a: Glastrier|atk|1\n|\n|upkeep\n|turn|11\n|\n|t:|1732949407\n|move|p1a: Brambleghast|Poltergeist|p2a: Glastrier\n|-activate|p2a: Glastrier|move: Poltergeist|Heavy-Duty Boots\n|-damage|p2a: Glastrier|209/312\n|move|p2a: Glastrier|Swords Dance|p2a: Glastrier\n|-boost|p2a: Glastrier|atk|2\n|\n|upkeep\n|turn|12\n|\n|t:|1732949417\n|move|p1a: Brambleghast|Strength Sap|p2a: Glastrier\n|-unboost|p2a: Glastrier|atk|1\n|move|p2a: Glastrier|Icicle Crash|p1a: Brambleghast\n|-supereffective|p1a: Brambleghast\n|-damage|p1a: Brambleghast|0 fnt\n|faint|p1a: Brambleghast\n|-ability|p2a: Glastrier|Chilling Neigh|boost\n|-boost|p2a: Glastrier|atk|1\n|\n|upkeep\n|\n|t:|1732949428\n|switch|p1a: Meowscarada|Meowscarada, L78, F|247/247\n|turn|13\n|\n|t:|1732949438\n|move|p1a: Meowscarada|Triple Axel|p2a: Glastrier\n|-start|p1a: Meowscarada|typechange|Ice|[from] ability: Protean\n|-resisted|p2a: Glastrier\n|-damage|p2a: Glastrier|200/312\n|-resisted|p2a: Glastrier\n|-damage|p2a: Glastrier|181/312\n|-resisted|p2a: Glastrier\n|-damage|p2a: Glastrier|154/312\n|-hitcount|p2a: Glastrier|3\n|-damage|p1a: Meowscarada|223/247|[from] item: Life Orb\n|move|p2a: Glastrier|Icicle Crash|p1a: Meowscarada\n|-resisted|p1a: Meowscarada\n|-damage|p1a: Meowscarada|91/247\n|\n|upkeep\n|turn|14\n|\n|t:|1732949446\n|move|p1a: Meowscarada|Knock Off|p2a: Glastrier\n|-damage|p2a: Glastrier|89/312\n|-enditem|p2a: Glastrier|Heavy-Duty Boots|[from] move: Knock Off|[of] p1a: Meowscarada\n|-damage|p1a: Meowscarada|67/247|[from] item: Life Orb\n|move|p2a: Glastrier|Icicle Crash|p1a: Meowscarada\n|-resisted|p1a: Meowscarada\n|-damage|p1a: Meowscarada|0 fnt\n|faint|p1a: Meowscarada\n|-ability|p2a: Glastrier|Chilling Neigh|boost\n|-boost|p2a: Glastrier|atk|1\n|\n|upkeep\n|\n|t:|1732949453\n|switch|p1a: Keldeo|Keldeo-Resolute, L79|273/273\n|turn|15\n|\n|t:|1732949458\n|move|p1a: Keldeo|Secret Sword|p2a: Glastrier\n|-supereffective|p2a: Glastrier\n|-damage|p2a: Glastrier|0 fnt\n|faint|p2a: Glastrier\n|\n|upkeep\n|\n|t:|1732949466\n|switch|p2a: Ambipom|Ambipom, L84, M|205/263\n|turn|16\n|\n|t:|1732949473\n|move|p2a: Ambipom|Fake Out|p1a: Keldeo\n|-damage|p1a: Keldeo|197/273\n|cant|p1a: Keldeo|flinch\n|\n|-heal|p1a: Keldeo|214/273|[from] item: Leftovers\n|upkeep\n|turn|17\n|\n|t:|1732949477\n|-terastallize|p2a: Ambipom|Normal\n|move|p2a: Ambipom|Double-Edge|p1a: Keldeo\n|-damage|p1a: Keldeo|0 fnt\n|faint|p1a: Keldeo\n|-damage|p2a: Ambipom|134/263|[from] Recoil\n|\n|upkeep\n|\n|t:|1732949482\n|switch|p1a: Farigiraf|Farigiraf, L91, M|366/366\n|turn|18\n|\n|t:|1732949489\n|switch|p2a: Avalugg|Avalugg, L88, M|310/310\n|move|p1a: Farigiraf|Hyper Voice|p2a: Avalugg\n|-damage|p2a: Avalugg|123/310\n|\n|upkeep\n|turn|19\n|\n|t:|1732949493\n|move|p1a: Farigiraf|Hyper Voice|p2a: Avalugg\n|-damage|p2a: Avalugg|0 fnt\n|faint|p2a: Avalugg\n|\n|upkeep\n|\n|t:|1732949496\n|switch|p2a: Charizard|Charizard, L85, M|271/271\n|turn|20\n|\n|t:|1732949499\n|move|p2a: Charizard|Dragon Dance|p2a: Charizard\n|-boost|p2a: Charizard|atk|1\n|-boost|p2a: Charizard|spe|1\n|move|p1a: Farigiraf|Hyper Voice|p2a: Charizard\n|-damage|p2a: Charizard|153/271\n|\n|upkeep\n|turn|21\n|\n|t:|1732949504\n|move|p2a: Charizard|Flare Blitz|p1a: Farigiraf\n|-damage|p1a: Farigiraf|180/366\n|-damage|p2a: Charizard|92/271|[from] Recoil\n|move|p1a: Farigiraf|Future Sight|p2a: Charizard\n|-start|p1a: Farigiraf|move: Future Sight\n|\n|-heal|p1a: Farigiraf|202/366|[from] item: Leftovers\n|upkeep\n|turn|22\n|\n|t:|1732949507\n|move|p1a: Farigiraf|Protect|p1a: Farigiraf\n|-singleturn|p1a: Farigiraf|Protect\n|move|p2a: Charizard|Flare Blitz|p1a: Farigiraf\n|-activate|p1a: Farigiraf|move: Protect\n|\n|-heal|p1a: Farigiraf|224/366|[from] item: Leftovers\n|upkeep\n|turn|23\n|\n|t:|1732949510\n|move|p2a: Charizard|Flare Blitz|p1a: Farigiraf\n|-damage|p1a: Farigiraf|32/366\n|-damage|p2a: Charizard|29/271|[from] Recoil\n|move|p1a: Farigiraf|Wish|p1a: Farigiraf\n|\n|-end|p2a: Charizard|move: Future Sight\n|-damage|p2a: Charizard|0 fnt\n|faint|p2a: Charizard\n|-heal|p1a: Farigiraf|54/366|[from] item: Leftovers\n|upkeep\n|\n|t:|1732949513\n|switch|p2a: Ambipom|Ambipom, L84, M, tera:Normal|134/263\n|turn|24\n|\n|t:|1732949516\n|move|p1a: Farigiraf|Protect|p1a: Farigiraf\n|-singleturn|p1a: Farigiraf|Protect\n|move|p2a: Ambipom|Fake Out|p1a: Farigiraf\n|-activate|p1a: Farigiraf|move: Protect\n|\n|-heal|p1a: Farigiraf|237/366|[from] move: Wish|[wisher] Farigiraf\n|-heal|p1a: Farigiraf|259/366|[from] item: Leftovers\n|upkeep\n|turn|25\n|\n|t:|1732949524\n|move|p2a: Ambipom|Fake Out||[still]\n|-hint|Fake Out only works on your first turn out.\n|-fail|p2a: Ambipom\n|move|p1a: Farigiraf|Future Sight|p2a: Ambipom\n|-start|p1a: Farigiraf|move: Future Sight\n|\n|-heal|p1a: Farigiraf|281/366|[from] item: Leftovers\n|upkeep\n|turn|26\n|\n|t:|1732949528\n|move|p1a: Farigiraf|Protect|p1a: Farigiraf\n|-singleturn|p1a: Farigiraf|Protect\n|move|p2a: Ambipom|Knock Off|p1a: Farigiraf\n|-activate|p1a: Farigiraf|move: Protect\n|\n|-heal|p1a: Farigiraf|303/366|[from] item: Leftovers\n|upkeep\n|turn|27\n|\n|t:|1732949533\n|move|p1a: Farigiraf|Protect||[still]\n|-fail|p1a: Farigiraf\n|move|p2a: Ambipom|Knock Off|p1a: Farigiraf\n|-supereffective|p1a: Farigiraf\n|-damage|p1a: Farigiraf|157/366\n|-enditem|p1a: Farigiraf|Leftovers|[from] move: Knock Off|[of] p2a: Ambipom\n|\n|-end|p2a: Ambipom|move: Future Sight\n|-damage|p2a: Ambipom|0 fnt\n|faint|p2a: Ambipom\n|\n|win|krabsolfurretisme\n|upkeep\n|raw|krabsolfurretisme's rating: 1423 &rarr; <strong>1446</strong><br />(+23 for winning)\n|raw|wspesper's rating: 1472 &rarr; <strong>1449</strong><br />(-23 for losing)\n|c|\u2606krabsolfurretisme|gg\n|l|\u2606wspesper\n|player|p2|\n|l|\u2606krabsolfurretisme\n|player|p1|\n|j|\u2606krabsolfurretisme\n|player|p1|krabsolfurretisme|gentleman|\n", "inputlog": ">version b107d77f5c90bd6555267ae244a6264823309ead\n>start {\"formatid\":\"gen9randombattle\",\"seed\":[36571,41990,43869,51000],\"rated\":\"Rated battle\"}\n>player p1 {\"name\":\"krabsolfurretisme\",\"avatar\":\"gentleman\",\"rating\":1423,\"seed\":[4472,13195,7415,42985]}\n>player p2 {\"name\":\"wspesper\",\"avatar\":\"1\",\"rating\":1472,\"seed\":[51190,50176,25468,30137]}\n>p1 move swordsdance\n>p2 move knockoff\n>p1 move knockoff\n>p2 move doubleedge\n>p1 switch 2\n>p1 move irondefense\n>p2 move lowkick\n>p1 move bodypress terastallize\n>p2 switch 6\n>p1 move bodypress\n>p2 move earthquake\n>p1 move heavyslam\n>p2 move earthquake\n>p2 switch 4\n>p1 move bodypress\n>p2 move thunderbolt\n>p2 switch 6\n>p1 move bodypress\n>p2 move fakeout\n>p1 switch 6\n>p1 move strengthsap\n>p2 move knockoff\n>p1 move strengthsap\n>p2 switch 5\n>p1 move poltergeist\n>p2 move swordsdance\n>p1 move strengthsap\n>p2 move iciclecrash\n>p1 switch 4\n>p1 move tripleaxel\n>p2 move iciclecrash\n>p1 move knockoff\n>p2 move iciclecrash\n>p1 switch 5\n>p1 move secretsword\n>p2 move highhorsepower\n>p2 switch 5\n>p1 move secretsword\n>p2 move fakeout\n>p1 move secretsword\n>p2 move doubleedge terastallize\n>p1 switch 3\n>p1 move hypervoice\n>p2 switch 2\n>p1 move hypervoice\n>p2 move avalanche\n>p2 switch 3\n>p1 move hypervoice\n>p2 move dragondance\n>p1 move futuresight\n>p2 move flareblitz\n>p1 move protect\n>p2 move flareblitz\n>p1 move wish\n>p2 move flareblitz\n>p2 switch 2\n>p1 move protect\n>p2 move fakeout\n>p1 move futuresight\n>p2 move fakeout\n>p1 move protect\n>p2 move knockoff\n>p1 move protect\n>p2 move knockoff", "uploadtime": 1732949549, "views": 1, "formatid": "gen9randombattle", "rating": 1446, "private": 0, "password": null}