{"id": "gen9randombattle-2253999846", "format": "[Gen 9] Random Battle", "players": ["manolovm01", "makermito"], "log": "|j|\u2606manolovm01\n|j|\u2606makermito\n|t:|1732978060\n|gametype|singles\n|player|p1|manolovm01|102|1149\n|player|p2|makermito|266|1160\n|teamsize|p1|6\n|teamsize|p2|6\n|gen|9\n|tier|[Gen 9] Random Battle\n|rated|\n|rule|Species Clause: Limit one of each Pok\u00e9mon\n|rule|HP Percentage Mod: HP is shown in percentages\n|rule|Sleep Clause Mod: Limit one foe put to sleep\n|rule|Illusion Level Mod: Illusion disguises the Pok\u00e9mon's true level\n|\n|t:|1732978060\n|start\n|switch|p1a: Duraludon|Duraludon, L82, M|249/249\n|switch|p2a: Raging Bolt|Raging Bolt, L78|323/323\n|turn|1\n|inactive|Battle timer is ON: inactive players will automatically lose when time's up. (requested by manolovm01)\n|\n|t:|1732978082\n|move|p1a: Duraludon|Stealth Rock|p2a: Raging Bolt\n|-sidestart|p2: makermito|move: Stealth Rock\n|move|p2a: Raging Bolt|Calm Mind|p2a: Raging Bolt\n|-boost|p2a: Raging Bolt|spa|1\n|-boost|p2a: Raging Bolt|spd|1\n|\n|upkeep\n|turn|2\n|\n|t:|1732978095\n|move|p1a: Duraludon|Draco Meteor|p2a: Raging Bolt\n|-supereffective|p2a: Raging Bolt\n|-damage|p2a: Raging Bolt|107/323\n|-unboost|p1a: Duraludon|spa|2\n|move|p2a: Raging Bolt|Dragon Pulse|p1a: Duraludon\n|-crit|p1a: Duraludon\n|-damage|p1a: Duraludon|32/249\n|\n|-heal|p2a: Raging Bolt|127/323|[from] item: Leftovers\n|upkeep\n|turn|3\n|\n|t:|1732978109\n|move|p2a: Raging Bolt|Thunderclap|p1a: Duraludon\n|-resisted|p1a: Duraludon\n|-damage|p1a: Duraludon|0 fnt\n|faint|p1a: Duraludon\n|\n|-heal|p2a: Raging Bolt|147/323|[from] item: Leftovers\n|upkeep\n|inactive|manolovm01 has 120 seconds left.\n|\n|t:|1732978136\n|switch|p1a: Drednaw|Drednaw, L81, M|278/278\n|turn|4\n|\n|t:|1732978148\n|move|p1a: Drednaw|Earthquake|p2a: Raging Bolt\n|-supereffective|p2a: Raging Bolt\n|-damage|p2a: Raging Bolt|0 fnt\n|faint|p2a: Raging Bolt\n|-end|p2a: Raging Bolt|Protosynthesis|[silent]\n|\n|upkeep\n|\n|t:|1732978154\n|switch|p2a: Victreebel|Victreebel, L90, M|290/290\n|-damage|p2a: Victreebel|254/290|[from] Stealth Rock\n|turn|5\n|\n|t:|1732978162\n|switch|p1a: Emboar|Emboar, L84, M|322/322\n|move|p2a: Victreebel|Power Whip|p1a: Emboar\n|-resisted|p1a: Emboar\n|-damage|p1a: Emboar|188/322\n|-damage|p2a: Victreebel|225/290|[from] item: Life Orb\n|\n|upkeep\n|turn|6\n|\n|t:|1732978175\n|switch|p2a: Grumpig|Grumpig, L92, M|297/297\n|-damage|p2a: Grumpig|260/297|[from] Stealth Rock\n|move|p1a: Emboar|Flare Blitz|p2a: Grumpig\n|-damage|p2a: Grumpig|155/297\n|-status|p2a: Grumpig|brn\n|-damage|p1a: Emboar|153/322|[from] Recoil\n|\n|-heal|p2a: Grumpig|173/297 brn|[from] item: Leftovers\n|-damage|p2a: Grumpig|155/297 brn|[from] brn\n|upkeep\n|turn|7\n|\n|t:|1732978198\n|switch|p1a: Brambleghast|Brambleghast, L88, F|240/240\n|move|p2a: Grumpig|Psyshock|p1a: Brambleghast\n|-damage|p1a: Brambleghast|125/240\n|\n|-heal|p2a: Grumpig|173/297 brn|[from] item: Leftovers\n|-damage|p2a: Grumpig|155/297 brn|[from] brn\n|upkeep\n|turn|8\n|\n|t:|1732978211\n|switch|p2a: Zarude|Zarude, L78|292/292\n|-damage|p2a: Zarude|256/292|[from] Stealth Rock\n|move|p1a: Brambleghast|Poltergeist|p2a: Zarude\n|-activate|p2a: Zarude|move: Poltergeist|Life Orb\n|-resisted|p2a: Zarude\n|-damage|p2a: Zarude|189/292\n|\n|upkeep\n|turn|9\n|\n|t:|1732978229\n|-terastallize|p1a: Brambleghast|Fairy\n|move|p1a: Brambleghast|Strength Sap|p2a: Zarude\n|-unboost|p2a: Zarude|atk|1\n|-heal|p1a: Brambleghast|240/240\n|move|p2a: Zarude|Knock Off|p1a: Brambleghast\n|-resisted|p1a: Brambleghast\n|-crit|p1a: Brambleghast\n|-damage|p1a: Brambleghast|133/240\n|-enditem|p1a: Brambleghast|Heavy-Duty Boots|[from] move: Knock Off|[of] p2a: Zarude\n|-damage|p2a: Zarude|160/292|[from] item: Life Orb\n|\n|upkeep\n|turn|10\n|inactive|manolovm01 has 120 seconds left.\n|\n|t:|1732978248\n|move|p2a: Zarude|Power Whip|p1a: Brambleghast\n|-damage|p1a: Brambleghast|0 fnt\n|faint|p1a: Brambleghast\n|-damage|p2a: Zarude|131/292|[from] item: Life Orb\n|\n|upkeep\n|inactive|manolovm01 has 120 seconds left.\n|\n|t:|1732978265\n|switch|p1a: Emboar|Emboar, L84, M|153/322\n|turn|11\n|\n|t:|1732978274\n|move|p1a: Emboar|Flare Blitz|p2a: Zarude\n|-supereffective|p2a: Zarude\n|-damage|p2a: Zarude|0 fnt\n|faint|p2a: Zarude\n|-damage|p1a: Emboar|110/322|[from] Recoil\n|\n|upkeep\n|\n|t:|1732978282\n|switch|p2a: Grumpig|Grumpig, L92, M|155/297 brn\n|-damage|p2a: Grumpig|118/297 brn|[from] Stealth Rock\n|turn|12\n|\n|t:|1732978287\n|move|p1a: Emboar|Flare Blitz|p2a: Grumpig\n|-damage|p2a: Grumpig|10/297 brn\n|-damage|p1a: Emboar|74/322|[from] Recoil\n|move|p2a: Grumpig|Psyshock|p1a: Emboar\n|-supereffective|p1a: Emboar\n|-crit|p1a: Emboar\n|-damage|p1a: Emboar|0 fnt\n|faint|p1a: Emboar\n|\n|-heal|p2a: Grumpig|28/297 brn|[from] item: Leftovers\n|-damage|p2a: Grumpig|10/297 brn|[from] brn\n|upkeep\n|\n|t:|1732978299\n|switch|p1a: Spectrier|Spectrier, L75|274/274\n|turn|13\n|\n|t:|1732978309\n|move|p1a: Spectrier|Nasty Plot|p1a: Spectrier\n|-boost|p1a: Spectrier|spa|2\n|move|p2a: Grumpig|Shadow Ball|p1a: Spectrier\n|-supereffective|p1a: Spectrier\n|-damage|p1a: Spectrier|112/274\n|-unboost|p1a: Spectrier|spd|1\n|\n|-heal|p1a: Spectrier|129/274|[from] item: Leftovers\n|-heal|p2a: Grumpig|28/297 brn|[from] item: Leftovers\n|-damage|p2a: Grumpig|10/297 brn|[from] brn\n|upkeep\n|turn|14\n|\n|t:|1732978322\n|move|p1a: Spectrier|Shadow Ball|p2a: Grumpig\n|-supereffective|p2a: Grumpig\n|-damage|p2a: Grumpig|0 fnt\n|faint|p2a: Grumpig\n|-ability|p1a: Spectrier|Grim Neigh|boost\n|-boost|p1a: Spectrier|spa|1\n|\n|-heal|p1a: Spectrier|146/274|[from] item: Leftovers\n|upkeep\n|\n|t:|1732978333\n|switch|p2a: Gothitelle|Gothitelle, L90, F|272/272\n|-damage|p2a: Gothitelle|238/272|[from] Stealth Rock\n|turn|15\n|\n|t:|1732978339\n|-terastallize|p2a: Gothitelle|Steel\n|move|p1a: Spectrier|Shadow Ball|p2a: Gothitelle\n|-damage|p2a: Gothitelle|49/272\n|move|p2a: Gothitelle|Dark Pulse|p1a: Spectrier\n|-supereffective|p1a: Spectrier\n|-damage|p1a: Spectrier|0 fnt\n|faint|p1a: Spectrier\n|\n|-heal|p2a: Gothitelle|66/272|[from] item: Leftovers\n|upkeep\n|\n|t:|1732978351\n|switch|p1a: Drednaw|Drednaw, L81, M|278/278\n|turn|16\n|\n|t:|1732978357\n|move|p2a: Gothitelle|Thunderbolt|p1a: Drednaw\n|-supereffective|p1a: Drednaw\n|-damage|p1a: Drednaw|92/278\n|move|p1a: Drednaw|Shell Smash|p1a: Drednaw\n|-unboost|p1a: Drednaw|def|1\n|-unboost|p1a: Drednaw|spd|1\n|-boost|p1a: Drednaw|atk|2\n|-boost|p1a: Drednaw|spa|2\n|-boost|p1a: Drednaw|spe|2\n|-enditem|p1a: Drednaw|White Herb\n|-clearnegativeboost|p1a: Drednaw|[silent]\n|\n|-heal|p2a: Gothitelle|83/272|[from] item: Leftovers\n|upkeep\n|turn|17\n|\n|t:|1732978370\n|move|p1a: Drednaw|Earthquake|p2a: Gothitelle\n|-supereffective|p2a: Gothitelle\n|-damage|p2a: Gothitelle|0 fnt\n|faint|p2a: Gothitelle\n|\n|upkeep\n|\n|t:|1732978373\n|switch|p2a: Victreebel|Victreebel, L90, M|225/290\n|-damage|p2a: Victreebel|189/290|[from] Stealth Rock\n|turn|18\n|\n|t:|1732978387\n|move|p2a: Victreebel|Sucker Punch|p1a: Drednaw\n|-damage|p1a: Drednaw|8/278\n|-damage|p2a: Victreebel|160/290|[from] item: Life Orb\n|move|p1a: Drednaw|Earthquake|p2a: Victreebel\n|-damage|p2a: Victreebel|0 fnt\n|faint|p2a: Victreebel\n|\n|upkeep\n|\n|t:|1732978396\n|switch|p2a: Rampardos|Rampardos, L90, F|321/321\n|-damage|p2a: Rampardos|281/321|[from] Stealth Rock\n|turn|19\n|\n|t:|1732978404\n|move|p1a: Drednaw|Earthquake|p2a: Rampardos\n|-supereffective|p2a: Rampardos\n|-damage|p2a: Rampardos|0 fnt\n|faint|p2a: Rampardos\n|\n|win|manolovm01\n|raw|manolovm01's rating: 1149 &rarr; <strong>1175</strong><br />(+26 for winning)\n|raw|makermito's rating: 1160 &rarr; <strong>1134</strong><br />(-26 for losing)\n", "inputlog": ">version b107d77f5c90bd6555267ae244a6264823309ead\n>start {\"formatid\":\"gen9randombattle\",\"seed\":[33047,25125,5043,26946],\"rated\":\"Rated battle\"}\n>player p1 {\"name\":\"manolovm01\",\"avatar\":\"102\",\"rating\":1149,\"seed\":[53636,11072,13628,12401]}\n>player p2 {\"name\":\"makermito\",\"avatar\":\"266\",\"rating\":1160,\"seed\":[63352,65304,59058,27214]}\n>p1 move stealthrock\n>p2 move calmmind\n>p1 move dracometeor\n>p2 move dragonpulse\n>p1 move dracometeor\n>p2 move thunderclap\n>p1 switch 6\n>p1 move earthquake\n>p2 move thunderbolt\n>p2 switch 6\n>p1 switch 5\n>p2 move powerwhip\n>p1 move flareblitz\n>p2 switch 3\n>p1 switch 4\n>p2 move psyshock\n>p1 move poltergeist\n>p2 switch 2\n>p1 move strengthsap terastallize\n>p2 move knockoff\n>p1 move strengthsap\n>p2 move powerwhip\n>p1 switch 4\n>p1 move flareblitz\n>p2 move closecombat\n>p2 switch 2\n>p1 move flareblitz\n>p2 move psyshock\n>p1 switch 2\n>p1 move nastyplot\n>p2 move shadowball\n>p1 move shadowball\n>p2 move shadowball\n>p2 switch 5\n>p1 move shadowball\n>p2 move darkpulse terastallize\n>p1 switch 5\n>p1 move shellsmash\n>p2 move thunderbolt\n>p1 move earthquake\n>p2 move thunderbolt\n>p2 switch 3\n>p1 move earthquake\n>p2 move suckerpunch\n>p2 switch 4\n>p1 move earthquake\n>p2 move zenheadbutt", "uploadtime": 1732978413, "views": 1, "formatid": "gen9randombattle", "rating": 1134, "private": 0, "password": null}