{"id": "gen9randombattle-2253854426", "format": "[Gen 9] Random Battle", "players": ["ananananji", "LizarDune"], "log": "|badge|p2|silver|gen9randombattle|30-3\n|uhtml|medal-msg|<div class=\"broadcast-blue\">Curious what those medals under the avatar are? PS now has Ladder Seasons! For more information, check out the <a href=\"https://www.smogon.com/forums/threads/3740067/\">thread on Smogon.</a></div>\n|j|\u2606ananananji\n|j|\u2606LizarDune\n|t:|1732949520\n|gametype|singles\n|player|p1|ananananji|2|2077\n|player|p2|LizarDune|musician|2376\n|teamsize|p1|6\n|teamsize|p2|6\n|gen|9\n|tier|[Gen 9] Random Battle\n|rated|\n|rule|Species Clause: Limit one of each Pok\u00e9mon\n|rule|HP Percentage Mod: HP is shown in percentages\n|rule|Sleep Clause Mod: Limit one foe put to sleep\n|rule|Illusion Level Mod: Illusion disguises the Pok\u00e9mon's true level\n|\n|t:|1732949520\n|start\n|switch|p1a: Luxray|Luxray, L88, M|283/283\n|switch|p2a: Mew|Mew, L82|298/298\n|turn|1\n|inactive|Battle timer is ON: inactive players will automatically lose when time's up. (requested by LizarDune)\n|\n|t:|1732949547\n|switch|p2a: Arbok|Arbok, L87, F|246/246\n|-ability|p2a: Arbok|Intimidate|boost\n|-unboost|p1a: Luxray|atk|1\n|move|p1a: Luxray|Trailblaze|p2a: Arbok\n|-resisted|p2a: Arbok\n|-damage|p2a: Arbok|227/246\n|-boost|p1a: Luxray|spe|1\n|\n|-status|p1a: Luxray|brn|[from] item: Flame Orb\n|upkeep\n|turn|2\n|\n|t:|1732949559\n|switch|p1a: Ariados|Ariados, L95, M|287/287\n|move|p2a: Arbok|Earthquake|p1a: Ariados\n|-damage|p1a: Ariados|180/287\n|-damage|p2a: Arbok|203/246|[from] item: Life Orb\n|\n|upkeep\n|turn|3\n|\n|t:|1732949580\n|move|p2a: Arbok|Coil|p2a: Arbok\n|-boost|p2a: Arbok|atk|1\n|-boost|p2a: Arbok|def|1\n|-boost|p2a: Arbok|accuracy|1\n|move|p1a: Ariados|Sticky Web|p2a: Arbok\n|-sidestart|p2: LizarDune|move: Sticky Web\n|\n|upkeep\n|turn|4\n|\n|t:|1732949583\n|move|p2a: Arbok|Coil|p2a: Arbok\n|-boost|p2a: Arbok|atk|1\n|-boost|p2a: Arbok|def|1\n|-boost|p2a: Arbok|accuracy|1\n|move|p1a: Ariados|Knock Off|p2a: Arbok\n|-damage|p2a: Arbok|152/246\n|-enditem|p2a: Arbok|Life Orb|[from] move: Knock Off|[of] p1a: Ariados\n|\n|upkeep\n|turn|5\n|\n|t:|1732949590\n|switch|p1a: Orthworm|Orthworm, L88, M|266/266\n|move|p2a: Arbok|Coil|p2a: Arbok\n|-boost|p2a: Arbok|atk|1\n|-boost|p2a: Arbok|def|1\n|-boost|p2a: Arbok|accuracy|1\n|\n|upkeep\n|turn|6\n|\n|t:|1732949604\n|switch|p2a: Mismagius|Mismagius, L86, F|243/243\n|move|p1a: Orthworm|Coil|p1a: Orthworm\n|-boost|p1a: Orthworm|atk|1\n|-boost|p1a: Orthworm|def|1\n|-boost|p1a: Orthworm|accuracy|1\n|\n|upkeep\n|turn|7\n|\n|t:|1732949617\n|switch|p1a: Luxray|Luxray, L88, M|283/283 brn\n|move|p2a: Mismagius|Shadow Ball|p1a: Luxray\n|-damage|p1a: Luxray|136/283 brn\n|\n|-damage|p1a: Luxray|119/283 brn|[from] brn\n|upkeep\n|turn|8\n|\n|t:|1732949637\n|switch|p2a: Arbok|Arbok, L87, F|152/246\n|-activate|p2a: Arbok|move: Sticky Web\n|-unboost|p2a: Arbok|spe|1\n|-ability|p2a: Arbok|Intimidate|boost\n|-unboost|p1a: Luxray|atk|1\n|-terastallize|p1a: Luxray|Normal\n|move|p1a: Luxray|Supercell Slam|p2a: Arbok\n|-damage|p2a: Arbok|0 fnt\n|faint|p2a: Arbok\n|\n|-damage|p1a: Luxray|102/283 brn|[from] brn\n|upkeep\n|inactive|LizarDune has 120 seconds left.\n|\n|t:|1732949669\n|switch|p2a: Charizard|Charizard, L85, F|271/271\n|turn|9\n|\n|t:|1732949676\n|move|p2a: Charizard|Flare Blitz|p1a: Luxray\n|-damage|p1a: Luxray|0 fnt\n|faint|p1a: Luxray\n|-damage|p2a: Charizard|237/271|[from] Recoil\n|\n|upkeep\n|\n|t:|1732949688\n|switch|p1a: Tatsugiri|Tatsugiri-Stretchy, L87, M|260/260\n|turn|10\n|inactive|LizarDune has 120 seconds left.\n|\n|t:|1732949709\n|switch|p2a: Mismagius|Mismagius, L86, F|243/243\n|move|p1a: Tatsugiri|Hydro Pump|p2a: Mismagius\n|-damage|p2a: Mismagius|117/243\n|\n|upkeep\n|turn|11\n|inactive|LizarDune has 120 seconds left.\n|\n|t:|1732949720\n|switch|p1a: Ariados|Ariados, L95, M|180/287\n|move|p2a: Mismagius|Shadow Ball|p1a: Ariados\n|-damage|p1a: Ariados|32/287\n|\n|upkeep\n|turn|12\n|inactive|LizarDune has 120 seconds left.\n|\n|t:|1732949733\n|switch|p2a: Mew|Mew, L82|298/298\n|-activate|p2a: Mew|move: Sticky Web\n|-unboost|p2a: Mew|spe|1\n|move|p1a: Ariados|Knock Off|p2a: Mew\n|-supereffective|p2a: Mew\n|-damage|p2a: Mew|132/298\n|-enditem|p2a: Mew|Life Orb|[from] move: Knock Off|[of] p1a: Ariados\n|\n|upkeep\n|turn|13\n|\n|t:|1732949738\n|move|p2a: Mew|Psychic Fangs|p1a: Ariados\n|-supereffective|p1a: Ariados\n|-damage|p1a: Ariados|0 fnt\n|faint|p1a: Ariados\n|\n|upkeep\n|\n|t:|1732949743\n|switch|p1a: Tatsugiri|Tatsugiri-Stretchy, L87, M|260/260\n|turn|14\n|\n|t:|1732949753\n|move|p1a: Tatsugiri|Hydro Pump|p2a: Mew\n|-damage|p2a: Mew|0 fnt\n|faint|p2a: Mew\n|\n|upkeep\n|inactive|LizarDune has 120 seconds left.\n|\n|t:|1732949776\n|switch|p2a: Crawdaunt|Crawdaunt, L84, F|243/243\n|-activate|p2a: Crawdaunt|move: Sticky Web\n|-unboost|p2a: Crawdaunt|spe|1\n|turn|15\n|\n|t:|1732949780\n|move|p1a: Tatsugiri|Draco Meteor|p2a: Crawdaunt\n|-damage|p2a: Crawdaunt|23/243\n|-unboost|p1a: Tatsugiri|spa|2\n|move|p2a: Crawdaunt|Knock Off|p1a: Tatsugiri\n|-damage|p1a: Tatsugiri|0 fnt\n|-enditem|p1a: Tatsugiri|Heavy-Duty Boots|[from] move: Knock Off|[of] p2a: Crawdaunt\n|faint|p1a: Tatsugiri\n|-damage|p2a: Crawdaunt|0 fnt|[from] item: Life Orb\n|faint|p2a: Crawdaunt\n|\n|upkeep\n|\n|t:|1732949786\n|switch|p1a: Kingdra|Kingdra, L84, M|263/263\n|switch|p2a: Mismagius|Mismagius, L86, F|117/243\n|turn|16\n|\n|t:|1732949793\n|move|p2a: Mismagius|Trick|p1a: Kingdra\n|-activate|p2a: Mismagius|move: Trick|[of] p1a: Kingdra\n|-item|p1a: Kingdra|Choice Specs|[from] move: Trick\n|-item|p2a: Mismagius|Life Orb|[from] move: Trick\n|move|p1a: Kingdra|Rain Dance|p1a: Kingdra\n|-weather|RainDance\n|\n|-weather|RainDance|[upkeep]\n|upkeep\n|turn|17\n|\n|t:|1732949803\n|switch|p1a: Orthworm|Orthworm, L88, M|266/266\n|move|p2a: Mismagius|Shadow Ball|p1a: Orthworm\n|-damage|p1a: Orthworm|106/266\n|-damage|p2a: Mismagius|93/243|[from] item: Life Orb\n|\n|-weather|RainDance|[upkeep]\n|upkeep\n|turn|18\n|\n|t:|1732949806\n|move|p2a: Mismagius|Shadow Ball|p1a: Orthworm\n|-damage|p1a: Orthworm|0 fnt\n|faint|p1a: Orthworm\n|-damage|p2a: Mismagius|69/243|[from] item: Life Orb\n|\n|-weather|RainDance|[upkeep]\n|upkeep\n|\n|t:|1732949809\n|switch|p1a: Kingdra|Kingdra, L84, M|263/263\n|turn|19\n|\n|t:|1732949822\n|switch|p2a: Gengar|Gengar, L81, M|230/230\n|-activate|p2a: Gengar|move: Sticky Web\n|-unboost|p2a: Gengar|spe|1\n|move|p1a: Kingdra|Wave Crash|p2a: Gengar\n|-damage|p2a: Gengar|0 fnt\n|faint|p2a: Gengar\n|-damage|p1a: Kingdra|187/263|[from] Recoil\n|\n|-weather|RainDance|[upkeep]\n|upkeep\n|\n|t:|1732949832\n|switch|p2a: Charizard|Charizard, L85, F|237/271\n|turn|20\n|\n|t:|1732949836\n|-terastallize|p2a: Charizard|Dragon\n|move|p1a: Kingdra|Wave Crash|p2a: Charizard\n|-resisted|p2a: Charizard\n|-damage|p2a: Charizard|127/271\n|-damage|p1a: Kingdra|151/263|[from] Recoil\n|move|p2a: Charizard|Swords Dance|p2a: Charizard\n|-boost|p2a: Charizard|atk|2\n|\n|-weather|none\n|upkeep\n|turn|21\n|\n|t:|1732949847\n|move|p2a: Charizard|Earthquake|p1a: Kingdra\n|-damage|p1a: Kingdra|28/263\n|move|p1a: Kingdra|Wave Crash|p2a: Charizard\n|-resisted|p2a: Charizard\n|-crit|p2a: Charizard\n|-damage|p2a: Charizard|19/271\n|-damage|p1a: Kingdra|0 fnt|[from] Recoil\n|faint|p1a: Kingdra\n|\n|upkeep\n|\n|t:|1732949849\n|switch|p1a: Excadrill|Excadrill, L80, F|307/307\n|-ability|p1a: Excadrill|Mold Breaker\n|turn|22\n|\n|t:|1732949854\n|move|p2a: Charizard|Flare Blitz|p1a: Excadrill\n|-supereffective|p1a: Excadrill\n|-damage|p1a: Excadrill|0 fnt\n|faint|p1a: Excadrill\n|-damage|p2a: Charizard|0 fnt|[from] Recoil\n|faint|p2a: Charizard\n|\n|win|LizarDune\n|raw|ananananji's rating: 2077 &rarr; <strong>2071</strong><br />(-6 for losing)\n|raw|LizarDune's rating: 2376 &rarr; <strong>2382</strong><br />(+6 for winning)\n", "inputlog": ">version b107d77f5c90bd6555267ae244a6264823309ead\n>start {\"formatid\":\"gen9randombattle\",\"seed\":[37915,32653,47185,54993],\"rated\":\"Rated battle\"}\n>player p1 {\"name\":\"ananananji\",\"avatar\":\"2\",\"rating\":2077,\"seed\":[24960,44120,65004,21367]}\n>player p2 {\"name\":\"LizarDune\",\"avatar\":\"musician\",\"rating\":2376,\"seed\":[48855,43779,12208,41548]}\n>p1 move trailblaze\n>p2 switch 2\n>p1 switch 6\n>p2 move earthquake\n>p1 move stickyweb\n>p2 move coil\n>p1 move knockoff\n>p2 move coil\n>p1 switch 4\n>p2 move coil\n>p1 move coil\n>p2 switch 5\n>p1 switch 6\n>p2 move shadowball\n>p1 move supercellslam terastallize\n>p2 switch 5\n>p2 switch 3\n>p1 move supercellslam\n>p2 move flareblitz\n>p1 switch 2\n>p1 move hydropump\n>p2 switch 5\n>p1 switch 4\n>p2 move shadowball\n>p1 move knockoff\n>p2 switch 2\n>p1 move poisonjab\n>p2 move psychicfangs\n>p1 switch 4\n>p1 move hydropump\n>p2 move psychicfangs\n>p2 switch 4\n>p1 move dracometeor\n>p2 move knockoff\n>p1 switch 3\n>p2 switch 2\n>p1 move raindance\n>p2 move trick\n>p1 switch 6\n>p2 move shadowball\n>p1 move irontail\n>p2 move shadowball\n>p1 switch 6\n>p1 move wavecrash\n>p2 switch 6\n>p2 switch 5\n>p1 move wavecrash\n>p2 move swordsdance terastallize\n>p1 move wavecrash\n>p2 move earthquake\n>p1 switch 5\n>p1 move rapidspin\n>p2 move flareblitz", "uploadtime": 1732949859, "views": 1, "formatid": "gen9randombattle", "rating": 2071, "private": 0, "password": null}