{"id": "gen9randombattle-2254063802", "format": "[Gen 9] Random Battle", "players": ["freyaknightvgc", "CajunSpice38"], "log": "|j|\u2606freyaknightvgc\n|j|\u2606CajunSpice38\n|t:|1732986705\n|gametype|singles\n|player|p1|freyaknightvgc|grusha|\n|player|p2|CajunSpice38|pokefan-gen3|\n|teamsize|p1|6\n|teamsize|p2|6\n|gen|9\n|tier|[Gen 9] Random Battle\n|rated|Tournament battle\n|rule|Species Clause: Limit one of each Pok\u00e9mon\n|rule|HP Percentage Mod: HP is shown in percentages\n|rule|Sleep Clause Mod: Limit one foe put to sleep\n|rule|Illusion Level Mod: Illusion disguises the Pok\u00e9mon's true level\n|\n|t:|1732986705\n|start\n|switch|p1a: Espeon|Espeon, L84, F|246/246\n|switch|p2a: Kricketune|Kricketune, L99, F|311/311\n|turn|1\n|c|\u2606freyaknightvgc|hf :)\n|c|\u2606CajunSpice38|hf\n|j| SuperCyberNova\n|\n|t:|1732986727\n|switch|p1a: Registeel|Registeel, L81|262/262\n|switch|p2a: Iron Boulder|Iron Boulder, L77|265/265\n|-enditem|p2a: Iron Boulder|Booster Energy\n|-activate|p2a: Iron Boulder|ability: Quark Drive|[fromitem]\n|-start|p2a: Iron Boulder|quarkdrivespe\n|\n|upkeep\n|turn|2\n|\n|t:|1732986735\n|move|p2a: Iron Boulder|Swords Dance|p2a: Iron Boulder\n|-boost|p2a: Iron Boulder|atk|2\n|move|p1a: Registeel|Thunder Wave|p2a: Iron Boulder\n|-status|p2a: Iron Boulder|par\n|\n|upkeep\n|turn|3\n|\n|t:|1732986742\n|move|p2a: Iron Boulder|Close Combat|p1a: Registeel\n|-supereffective|p1a: Registeel\n|-damage|p1a: Registeel|22/262\n|-unboost|p2a: Iron Boulder|def|1\n|-unboost|p2a: Iron Boulder|spd|1\n|move|p1a: Registeel|Iron Head|p2a: Iron Boulder\n|-supereffective|p2a: Iron Boulder\n|-damage|p2a: Iron Boulder|31/265 par\n|\n|-heal|p1a: Registeel|38/262|[from] item: Leftovers\n|upkeep\n|turn|4\n|j| risinglion123\n|\n|t:|1732986760\n|move|p2a: Iron Boulder|Close Combat|p1a: Registeel\n|-supereffective|p1a: Registeel\n|-damage|p1a: Registeel|0 fnt\n|-unboost|p2a: Iron Boulder|def|1\n|-unboost|p2a: Iron Boulder|spd|1\n|faint|p1a: Registeel\n|\n|upkeep\n|\n|t:|1732986772\n|switch|p1a: Rayquaza|Rayquaza, L72|270/270\n|-ability|p1a: Rayquaza|Air Lock\n|turn|5\n|\n|t:|1732986775\n|move|p1a: Rayquaza|Earthquake|p2a: Iron Boulder\n|-supereffective|p2a: Iron Boulder\n|-damage|p2a: Iron Boulder|0 fnt\n|faint|p2a: Iron Boulder\n|-end|p2a: Iron Boulder|Quark Drive|[silent]\n|\n|upkeep\n|\n|t:|1732986782\n|switch|p2a: Samurott|Samurott-Hisui, L77, M|265/265\n|turn|6\n|\n|t:|1732986803\n|move|p1a: Rayquaza|Swords Dance|p1a: Rayquaza\n|-boost|p1a: Rayquaza|atk|2\n|move|p2a: Samurott|Ceaseless Edge|p1a: Rayquaza\n|-damage|p1a: Rayquaza|140/270\n|-sidestart|p1: freyaknightvgc|Spikes\n|-damage|p2a: Samurott|239/265|[from] item: Life Orb\n|\n|upkeep\n|turn|7\n|\n|t:|1732986827\n|switch|p2a: Dondozo|Dondozo, L78, M|362/362\n|move|p1a: Rayquaza|Scale Shot|p2a: Dondozo\n|-damage|p2a: Dondozo|337/362\n|-damage|p2a: Dondozo|312/362\n|-damage|p2a: Dondozo|285/362\n|-damage|p2a: Dondozo|261/362\n|-damage|p2a: Dondozo|236/362\n|-hitcount|p2a: Dondozo|5\n|-unboost|p1a: Rayquaza|def|1\n|-boost|p1a: Rayquaza|spe|1\n|\n|-heal|p2a: Dondozo|258/362|[from] item: Leftovers\n|upkeep\n|turn|8\n|\n|t:|1732986849\n|switch|p1a: Bellibolt|Bellibolt, L84, M|320/320\n|-damage|p1a: Bellibolt|280/320|[from] Spikes\n|move|p2a: Dondozo|Rest|p2a: Dondozo\n|-status|p2a: Dondozo|slp|[from] move: Rest\n|-heal|p2a: Dondozo|362/362 slp|[silent]\n|\n|-heal|p1a: Bellibolt|300/320|[from] item: Leftovers\n|upkeep\n|turn|9\n|l| risinglion123\n|\n|t:|1732986874\n|switch|p2a: Sawsbuck|Sawsbuck-Summer, L88, M|284/284\n|move|p1a: Bellibolt|Thunderbolt|p2a: Sawsbuck\n|-resisted|p2a: Sawsbuck\n|-damage|p2a: Sawsbuck|230/284\n|\n|-heal|p1a: Bellibolt|320/320|[from] item: Leftovers\n|upkeep\n|turn|10\n|\n|t:|1732986891\n|move|p2a: Sawsbuck|Headbutt|p1a: Bellibolt\n|-damage|p1a: Bellibolt|203/320\n|-start|p1a: Bellibolt|Charge|Headbutt|[from] ability: Electromorphosis\n|-damage|p2a: Sawsbuck|202/284|[from] item: Life Orb\n|cant|p1a: Bellibolt|flinch\n|-end|p1a: Bellibolt|Charge|[silent]\n|\n|-heal|p1a: Bellibolt|223/320|[from] item: Leftovers\n|upkeep\n|turn|11\n|l| SuperCyberNova\n|\n|t:|1732986898\n|move|p2a: Sawsbuck|High Horsepower|p1a: Bellibolt\n|-supereffective|p1a: Bellibolt\n|-damage|p1a: Bellibolt|20/320\n|-start|p1a: Bellibolt|Charge|High Horsepower|[from] ability: Electromorphosis\n|-damage|p2a: Sawsbuck|174/284|[from] item: Life Orb\n|move|p1a: Bellibolt|Volt Switch|p2a: Sawsbuck\n|-resisted|p2a: Sawsbuck\n|-damage|p2a: Sawsbuck|90/284\n|-end|p1a: Bellibolt|Charge|[silent]\n|\n|t:|1732986903\n|switch|p1a: Espeon|Espeon, L84, F|246/246|[from] Volt Switch\n|-damage|p1a: Espeon|216/246|[from] Spikes\n|\n|upkeep\n|turn|12\n|\n|t:|1732986909\n|move|p1a: Espeon|Alluring Voice|p2a: Sawsbuck\n|-damage|p2a: Sawsbuck|0 fnt\n|faint|p2a: Sawsbuck\n|-damage|p1a: Espeon|192/246|[from] item: Life Orb\n|\n|upkeep\n|\n|t:|1732986921\n|switch|p2a: Kricketune|Kricketune, L99, F|311/311\n|turn|13\n|\n|t:|1732986941\n|switch|p1a: Ampharos|Ampharos, L88, F|302/302\n|-damage|p1a: Ampharos|265/302|[from] Spikes\n|move|p2a: Kricketune|Pounce|p1a: Ampharos\n|-damage|p1a: Ampharos|172/302\n|-unboost|p1a: Ampharos|spe|1\n|\n|upkeep\n|turn|14\n|\n|t:|1732986957\n|switch|p2a: Koraidon|Koraidon, L64|235/235\n|-weather|SunnyDay|[from] ability: Orichalcum Pulse|[of] p2a: Koraidon\n|-activate|p2a: Koraidon|Orichalcum Pulse|[source]\n|move|p1a: Ampharos|Discharge|p2a: Koraidon\n|-resisted|p2a: Koraidon\n|-damage|p2a: Koraidon|169/235\n|\n|-weather|SunnyDay|[upkeep]\n|upkeep\n|turn|15\n|\n|t:|1732986971\n|switch|p1a: Bellibolt|Bellibolt, L84, M|20/320\n|-damage|p1a: Bellibolt|0 fnt|[from] Spikes\n|faint|p1a: Bellibolt\n|move|p2a: Koraidon|Close Combat|p1: Bellibolt|[notarget]\n|-fail|p2a: Koraidon\n|\n|-weather|SunnyDay|[upkeep]\n|upkeep\n|\n|t:|1732986998\n|switch|p1a: Rayquaza|Rayquaza, L72|140/270\n|-ability|p1a: Rayquaza|Air Lock\n|turn|16\n|\n|t:|1732987005\n|switch|p2a: Dondozo|Dondozo, L78, M|362/362 slp\n|move|p1a: Rayquaza|Dragon Ascent|p2a: Dondozo\n|-damage|p2a: Dondozo|251/362 slp\n|-unboost|p1a: Rayquaza|def|1\n|-unboost|p1a: Rayquaza|spd|1\n|\n|-weather|SunnyDay|[upkeep]\n|-heal|p2a: Dondozo|273/362 slp|[from] item: Leftovers\n|upkeep\n|turn|17\n|\n|t:|1732987010\n|switch|p1a: Ampharos|Ampharos, L88, F|172/302\n|-damage|p1a: Ampharos|135/302|[from] Spikes\n|cant|p2a: Dondozo|slp\n|move|p2a: Dondozo|Sleep Talk|p2a: Dondozo\n|move|p2a: Dondozo|Wave Crash|p1a: Ampharos|[from]move: Sleep Talk\n|-damage|p1a: Ampharos|80/302\n|-damage|p2a: Dondozo|255/362 slp|[from] Recoil\n|\n|-weather|SunnyDay|[upkeep]\n|-heal|p2a: Dondozo|277/362 slp|[from] item: Leftovers\n|upkeep\n|turn|18\n|\n|t:|1732987022\n|move|p1a: Ampharos|Discharge|p2a: Dondozo\n|-supereffective|p2a: Dondozo\n|-damage|p2a: Dondozo|1/362 slp\n|cant|p2a: Dondozo|slp\n|move|p2a: Dondozo|Sleep Talk|p2a: Dondozo\n|move|p2a: Dondozo|Curse|p2a: Dondozo|[from]move: Sleep Talk\n|-unboost|p2a: Dondozo|spe|1\n|-boost|p2a: Dondozo|atk|1\n|-boost|p2a: Dondozo|def|1\n|\n|-weather|none\n|-heal|p2a: Dondozo|23/362 slp|[from] item: Leftovers\n|upkeep\n|turn|19\n|\n|t:|1732987036\n|move|p1a: Ampharos|Discharge|p2a: Dondozo\n|-supereffective|p2a: Dondozo\n|-damage|p2a: Dondozo|0 fnt\n|faint|p2a: Dondozo\n|\n|upkeep\n|\n|t:|1732987038\n|switch|p2a: Samurott|Samurott-Hisui, L77, M|239/265\n|turn|20\n|\n|t:|1732987041\n|move|p2a: Samurott|Ceaseless Edge|p1a: Ampharos\n|-damage|p1a: Ampharos|0 fnt\n|-sidestart|p1: freyaknightvgc|Spikes\n|faint|p1a: Ampharos\n|-damage|p2a: Samurott|213/265|[from] item: Life Orb\n|\n|upkeep\n|\n|t:|1732987062\n|switch|p1a: Espeon|Espeon, L84, F|192/246\n|-damage|p1a: Espeon|151/246|[from] Spikes\n|turn|21\n|\n|t:|1732987079\n|-terastallize|p2a: Samurott|Poison\n|move|p2a: Samurott|Sucker Punch|p1a: Espeon\n|-supereffective|p1a: Espeon\n|-damage|p1a: Espeon|0 fnt\n|faint|p1a: Espeon\n|-damage|p2a: Samurott|187/265|[from] item: Life Orb\n|\n|upkeep\n|\n|t:|1732987101\n|switch|p1a: Baxcalibur|Baxcalibur, L75, F|295/295\n|-damage|p1a: Baxcalibur|246/295|[from] Spikes\n|turn|22\n|\n|t:|1732987119\n|-terastallize|p1a: Baxcalibur|Dragon\n|move|p2a: Samurott|Ceaseless Edge|p1a: Baxcalibur|[miss]\n|-miss|p2a: Samurott|p1a: Baxcalibur\n|move|p1a: Baxcalibur|Scale Shot|p2a: Samurott|[miss]\n|-miss|p1a: Baxcalibur|p2a: Samurott\n|\n|upkeep\n|turn|23\n|\n|t:|1732987130\n|move|p2a: Samurott|Ceaseless Edge|p1a: Baxcalibur\n|-damage|p1a: Baxcalibur|110/295\n|-sidestart|p1: freyaknightvgc|Spikes\n|-damage|p2a: Samurott|161/265|[from] item: Life Orb\n|move|p1a: Baxcalibur|Scale Shot|p2a: Samurott|[miss]\n|-miss|p1a: Baxcalibur|p2a: Samurott\n|\n|upkeep\n|turn|24\n|c|\u2606CajunSpice38|sorry\n|\n|t:|1732987146\n|move|p2a: Samurott|Ceaseless Edge|p1a: Baxcalibur\n|-damage|p1a: Baxcalibur|0 fnt\n|faint|p1a: Baxcalibur\n|-damage|p2a: Samurott|135/265|[from] item: Life Orb\n|\n|upkeep\n|c|\u2606freyaknightvgc|yeah...this game sometimes\n|\n|t:|1732987154\n|switch|p1a: Rayquaza|Rayquaza, L72|140/270\n|-ability|p1a: Rayquaza|Air Lock\n|turn|25\n|\n|t:|1732987160\n|move|p1a: Rayquaza|Swords Dance|p1a: Rayquaza\n|-boost|p1a: Rayquaza|atk|2\n|move|p2a: Samurott|Ceaseless Edge|p1a: Rayquaza\n|-crit|p1a: Rayquaza\n|-damage|p1a: Rayquaza|0 fnt\n|faint|p1a: Rayquaza\n|-damage|p2a: Samurott|109/265|[from] item: Life Orb\n|\n|win|CajunSpice38\n|n|\u2606freyaknightvgc|freyaknightvgc\n|n|\u2606CajunSpice38|cajunspice38\n|c|\u2606CajunSpice38|I shouldn't have won\n|c|\u2606CajunSpice38|but gg nonetheless\n|c|\u2606freyaknightvgc|you played well in either case\n|c|\u2606freyaknightvgc|ggwp\n|c|\u2606CajunSpice38|ty\n|l|\u2606CajunSpice38\n|player|p2|\n|c|\u2606freyaknightvgc|gl with final\n", "inputlog": ">version b107d77f5c90bd6555267ae244a6264823309ead\n>start {\"formatid\":\"gen9randombattle\",\"seed\":[61204,32012,53165,57148],\"rated\":\"Tournament battle\"}\n>player p1 {\"name\":\"freyaknightvgc\",\"avatar\":\"grusha\",\"rating\":0,\"seed\":[57779,39200,31895,23364]}\n>player p2 {\"name\":\"CajunSpice38\",\"avatar\":\"pokefan-gen3\",\"rating\":0,\"seed\":[34215,39131,31487,42392]}\n>chat \u2606freyaknightvgc|hf :)\n>chat \u2606CajunSpice38|hf\n>p1 switch 5\n>p2 switch 5\n>p1 move thunderwave\n>p2 move swordsdance\n>p1 move ironhead\n>p2 move closecombat\n>p1 move stealthrock\n>p2 move closecombat\n>p1 switch 4\n>p1 move earthquake\n>p2 move mightycleave\n>p2 switch 3\n>p1 move swordsdance\n>p2 move ceaselessedge\n>p1 move scaleshot\n>p2 switch 6\n>p1 switch 6\n>p2 move rest\n>p1 move thunderbolt\n>p2 switch 4\n>p1 move voltswitch\n>p2 move headbutt\n>p1 move voltswitch\n>p2 move highhorsepower\n>p1 switch 5\n>p1 move alluringvoice\n>p2 move hornleech\n>p2 switch 5\n>p1 switch 2\n>p2 move pounce\n>p1 move discharge\n>p2 switch 2\n>p1 switch 5\n>p2 move closecombat\n>p1 switch 6\n>p1 move dragonascent\n>p2 switch 4\n>p1 switch 5\n>p2 move sleeptalk\n>p1 move discharge\n>p2 move sleeptalk\n>p1 move discharge\n>p2 move rest\n>p2 switch 6\n>p1 move discharge\n>p2 move ceaselessedge\n>p1 switch 2\n>p1 move alluringvoice\n>p2 move suckerpunch terastallize\n>p1 switch 3\n>p1 move scaleshot terastallize\n>p2 move ceaselessedge\n>p1 move scaleshot\n>p2 move ceaselessedge\n>chat \u2606CajunSpice38|sorry\n>p1 move scaleshot\n>p2 move ceaselessedge\n>chat \u2606freyaknightvgc|yeah...this game sometimes\n>p1 switch 5\n>p1 move swordsdance\n>p2 move ceaselessedge", "uploadtime": 1732987189, "views": 2, "formatid": "gen9randombattle", "rating": null, "private": 0, "password": null}