{"id": "gen9randombattle-2253797417", "format": "[Gen 9] Random Battle", "players": ["SoCapable", "Saaskin"], "log": "|j|\u2606SoCapable\n|j|\u2606Saaskin\n|t:|1732939745\n|gametype|singles\n|player|p1|SoCapable|psychic|1831\n|player|p2|Saaskin|101|1862\n|teamsize|p1|6\n|teamsize|p2|6\n|gen|9\n|tier|[Gen 9] Random Battle\n|rated|\n|rule|Species Clause: Limit one of each Pok\u00e9mon\n|rule|HP Percentage Mod: HP is shown in percentages\n|rule|Sleep Clause Mod: Limit one foe put to sleep\n|rule|Illusion Level Mod: Illusion disguises the Pok\u00e9mon's true level\n|\n|t:|1732939745\n|start\n|switch|p1a: Vivillon|Vivillon-Modern, L84, M|272/272\n|switch|p2a: Zebstrika|Zebstrika, L87, M|272/272\n|turn|1\n|inactive|Battle timer is ON: inactive players will automatically lose when time's up. (requested by Saaskin)\n|\n|t:|1732939756\n|switch|p1a: Sandslash|Sandslash, L88, M|275/275\n|move|p2a: Zebstrika|Overheat|p1a: Sandslash\n|-damage|p1a: Sandslash|141/275\n|-unboost|p2a: Zebstrika|spa|2\n|-damage|p2a: Zebstrika|245/272|[from] item: Life Orb\n|\n|-heal|p1a: Sandslash|158/275|[from] item: Leftovers\n|upkeep\n|turn|2\n|\n|t:|1732939774\n|switch|p2a: Hitmontop|Hitmontop, L88, M|231/231\n|move|p1a: Sandslash|Spikes|p2a: Hitmontop\n|-sidestart|p2: Saaskin|Spikes\n|\n|-heal|p1a: Sandslash|175/275|[from] item: Leftovers\n|upkeep\n|turn|3\n|\n|t:|1732939799\n|move|p2a: Hitmontop|Bulk Up|p2a: Hitmontop\n|-boost|p2a: Hitmontop|atk|1\n|-boost|p2a: Hitmontop|def|1\n|move|p1a: Sandslash|Rapid Spin|p2a: Hitmontop\n|-damage|p2a: Hitmontop|207/231\n|-boost|p1a: Sandslash|spe|1\n|\n|-heal|p1a: Sandslash|192/275|[from] item: Leftovers\n|-heal|p2a: Hitmontop|221/231|[from] item: Leftovers\n|upkeep\n|turn|4\n|\n|t:|1732939806\n|move|p1a: Sandslash|Knock Off|p2a: Hitmontop\n|-resisted|p2a: Hitmontop\n|-damage|p2a: Hitmontop|197/231\n|-enditem|p2a: Hitmontop|Leftovers|[from] move: Knock Off|[of] p1a: Sandslash\n|move|p2a: Hitmontop|Rapid Spin|p1a: Sandslash\n|-damage|p1a: Sandslash|123/275\n|-boost|p2a: Hitmontop|spe|1\n|-sideend|p2: Saaskin|Spikes|[from] move: Rapid Spin|[of] p2a: Hitmontop\n|\n|-heal|p1a: Sandslash|140/275|[from] item: Leftovers\n|upkeep\n|turn|5\n|\n|t:|1732939816\n|move|p2a: Hitmontop|Triple Axel|p1a: Sandslash\n|-supereffective|p1a: Sandslash\n|-damage|p1a: Sandslash|82/275\n|-supereffective|p1a: Sandslash\n|-damage|p1a: Sandslash|0 fnt\n|faint|p1a: Sandslash\n|-hitcount|p1: Sandslash|2\n|\n|upkeep\n|\n|t:|1732939817\n|switch|p1a: Diancie|Diancie, L82|216/216\n|turn|6\n|\n|t:|1732939830\n|move|p2a: Hitmontop|Close Combat|p1a: Diancie\n|-damage|p1a: Diancie|81/216\n|-unboost|p2a: Hitmontop|def|1\n|-unboost|p2a: Hitmontop|spd|1\n|move|p1a: Diancie|Moonblast|p2a: Hitmontop\n|-supereffective|p2a: Hitmontop\n|-damage|p2a: Hitmontop|0 fnt\n|faint|p2a: Hitmontop\n|\n|upkeep\n|\n|t:|1732939836\n|switch|p2a: Gumshoos|Gumshoos, L95, F|321/321\n|turn|7\n|\n|t:|1732939843\n|move|p2a: Gumshoos|U-turn|p1a: Diancie\n|-resisted|p1a: Diancie\n|-damage|p1a: Diancie|45/216\n|\n|t:|1732939850\n|switch|p2a: Sylveon|Sylveon, L85, F|300/300|[from] U-turn\n|move|p1a: Diancie|Body Press|p2a: Sylveon\n|-resisted|p2a: Sylveon\n|-damage|p2a: Sylveon|256/300\n|\n|-heal|p2a: Sylveon|274/300|[from] item: Leftovers\n|upkeep\n|turn|8\n|\n|t:|1732939860\n|switch|p1a: Blissey|Blissey, L84, F|566/566\n|move|p2a: Sylveon|Calm Mind|p2a: Sylveon\n|-boost|p2a: Sylveon|spa|1\n|-boost|p2a: Sylveon|spd|1\n|\n|-heal|p2a: Sylveon|292/300|[from] item: Leftovers\n|upkeep\n|turn|9\n|\n|t:|1732939868\n|switch|p2a: Zebstrika|Zebstrika, L87, M|245/272\n|move|p1a: Blissey|Stealth Rock|p2a: Zebstrika\n|-sidestart|p2: Saaskin|move: Stealth Rock\n|\n|upkeep\n|turn|10\n|\n|t:|1732939875\n|switch|p1a: Diancie|Diancie, L82|45/216\n|move|p2a: Zebstrika|Supercell Slam|p1a: Diancie\n|-damage|p1a: Diancie|0 fnt\n|faint|p1a: Diancie\n|-damage|p2a: Zebstrika|218/272|[from] item: Life Orb\n|\n|upkeep\n|\n|t:|1732939886\n|switch|p1a: Probopass|Probopass, L92, F|260/260\n|turn|11\n|\n|t:|1732939894\n|-terastallize|p2a: Zebstrika|Ground\n|-terastallize|p1a: Probopass|Fighting\n|move|p2a: Zebstrika|High Horsepower|p1a: Probopass\n|-crit|p1a: Probopass\n|-damage|p1a: Probopass|138/260\n|-damage|p2a: Zebstrika|191/272|[from] item: Life Orb\n|move|p1a: Probopass|Body Press|p2a: Zebstrika\n|-damage|p2a: Zebstrika|17/272\n|\n|-heal|p1a: Probopass|154/260|[from] item: Leftovers\n|upkeep\n|turn|12\n|\n|t:|1732939905\n|move|p2a: Zebstrika|Overheat|p1a: Probopass\n|-damage|p1a: Probopass|92/260\n|-unboost|p2a: Zebstrika|spa|2\n|-damage|p2a: Zebstrika|0 fnt|[from] item: Life Orb\n|faint|p2a: Zebstrika\n|move|p1a: Probopass|Iron Defense|p1a: Probopass\n|-boost|p1a: Probopass|def|2\n|\n|-heal|p1a: Probopass|108/260|[from] item: Leftovers\n|upkeep\n|\n|t:|1732939911\n|switch|p2a: Sylveon|Sylveon, L85, F|292/300\n|-damage|p2a: Sylveon|255/300|[from] Stealth Rock\n|turn|13\n|\n|t:|1732939915\n|switch|p1a: Blissey|Blissey, L84, F|566/566\n|move|p2a: Sylveon|Wish|p2a: Sylveon\n|\n|-heal|p2a: Sylveon|273/300|[from] item: Leftovers\n|upkeep\n|turn|14\n|\n|t:|1732939920\n|switch|p2a: Gumshoos|Gumshoos, L95, F|321/321\n|-damage|p2a: Gumshoos|281/321|[from] Stealth Rock\n|move|p1a: Blissey|Thunder Wave|p2a: Gumshoos\n|-status|p2a: Gumshoos|par\n|\n|-heal|p2a: Gumshoos|321/321 par|[from] move: Wish|[wisher] Sylveon\n|upkeep\n|turn|15\n|\n|t:|1732939925\n|switch|p1a: Probopass|Probopass, L92, F, tera:Fighting|108/260\n|cant|p2a: Gumshoos|par\n|\n|-heal|p1a: Probopass|124/260|[from] item: Leftovers\n|upkeep\n|turn|16\n|\n|t:|1732939929\n|move|p1a: Probopass|Body Press|p2a: Gumshoos\n|-supereffective|p2a: Gumshoos\n|-damage|p2a: Gumshoos|21/321 par\n|move|p2a: Gumshoos|Double-Edge|p1a: Probopass\n|-damage|p1a: Probopass|0 fnt\n|faint|p1a: Probopass\n|-damage|p2a: Gumshoos|0 fnt|[from] Recoil\n|faint|p2a: Gumshoos\n|\n|upkeep\n|\n|t:|1732939938\n|switch|p2a: Chien-Pao|Chien-Pao, L72|234/234\n|switch|p1a: Blissey|Blissey, L84, F|566/566\n|-ability|p2a: Chien-Pao|Sword of Ruin\n|turn|17\n|\n|t:|1732939944\n|move|p2a: Chien-Pao|Icicle Crash|p1a: Blissey\n|-damage|p1a: Blissey|263/566\n|cant|p1a: Blissey|flinch\n|\n|-heal|p1a: Blissey|298/566|[from] item: Leftovers\n|upkeep\n|turn|18\n|\n|t:|1732939948\n|switch|p1a: Samurott|Samurott-Hisui, L77, M|265/265\n|move|p2a: Chien-Pao|Sacred Sword|p1a: Samurott\n|-supereffective|p1a: Samurott\n|-damage|p1a: Samurott|101/265\n|\n|upkeep\n|turn|19\n|\n|t:|1732939951\n|move|p2a: Chien-Pao|Swords Dance|p2a: Chien-Pao\n|-boost|p2a: Chien-Pao|atk|2\n|move|p1a: Samurott|Razor Shell|p2a: Chien-Pao\n|-damage|p2a: Chien-Pao|66/234\n|-damage|p1a: Samurott|75/265|[from] item: Life Orb\n|\n|upkeep\n|turn|20\n|\n|t:|1732939954\n|move|p1a: Samurott|Sucker Punch|p2a: Chien-Pao\n|-resisted|p2a: Chien-Pao\n|-damage|p2a: Chien-Pao|8/234\n|-damage|p1a: Samurott|49/265|[from] item: Life Orb\n|move|p2a: Chien-Pao|Sacred Sword|p1a: Samurott\n|-supereffective|p1a: Samurott\n|-damage|p1a: Samurott|0 fnt\n|faint|p1a: Samurott\n|\n|upkeep\n|\n|t:|1732939956\n|switch|p1a: Vivillon|Vivillon-Modern, L84, M|272/272\n|turn|21\n|\n|t:|1732939960\n|move|p2a: Chien-Pao|Throat Chop|p1a: Vivillon\n|-damage|p1a: Vivillon|0 fnt\n|faint|p1a: Vivillon\n|\n|upkeep\n|-message|SoCapable forfeited.\n|\n|win|Saaskin\n|raw|SoCapable's rating: 1831 &rarr; <strong>1813</strong><br />(-18 for losing)\n|raw|Saaskin's rating: 1862 &rarr; <strong>1880</strong><br />(+18 for winning)\n|l|\u2606SoCapable\n|player|p1|\n", "inputlog": ">version b107d77f5c90bd6555267ae244a6264823309ead\n>start {\"formatid\":\"gen9randombattle\",\"seed\":[15449,2589,1958,21877],\"rated\":\"Rated battle\"}\n>player p1 {\"name\":\"SoCapable\",\"avatar\":\"psychic\",\"rating\":1831,\"seed\":[10376,42971,2988,19973]}\n>player p2 {\"name\":\"Saaskin\",\"avatar\":\"101\",\"rating\":1862,\"seed\":[56011,24124,45780,24200]}\n>p1 switch 5\n>p2 move overheat\n>p1 move spikes\n>p2 switch 5\n>p1 move rapidspin\n>p2 move bulkup\n>p1 move knockoff\n>p2 move rapidspin\n>p1 move earthquake\n>p2 move tripleaxel\n>p1 switch 2\n>p1 move moonblast\n>p2 move closecombat\n>p2 switch 3\n>p1 move bodypress\n>p2 move uturn\n>p2 switch 6\n>p1 switch 3\n>p2 move calmmind\n>p1 move stealthrock\n>p2 switch 5\n>p1 switch 3\n>p2 move supercellslam\n>p1 switch 6\n>p1 move bodypress terastallize\n>p2 move highhorsepower terastallize\n>p1 move irondefense\n>p2 move overheat\n>p2 switch 5\n>p1 switch 3\n>p2 move wish\n>p1 move thunderwave\n>p2 switch 6\n>p1 switch 3\n>p2 move doubleedge\n>p1 move bodypress\n>p2 move doubleedge\n>p1 switch 3\n>p2 switch 4\n>p1 move thunderwave\n>p2 move iciclecrash\n>p1 switch 4\n>p2 move sacredsword\n>p1 move razorshell\n>p2 move swordsdance\n>p1 move suckerpunch\n>p2 move sacredsword\n>p1 switch 5\n>p1 move sleeppowder\n>p2 move throatchop\n>forcelose p1", "uploadtime": 1732939969, "views": 23, "formatid": "gen9randombattle", "rating": 1813, "private": 0, "password": null}