{"id": "gen9randombattle-2253959931", "format": "[Gen 9] Random Battle", "players": ["MunchyAxolotls", "ggfsb"], "log": "|j|\u2606MunchyAxolotls\n|j|\u2606ggfsb\n|t:|1732971676\n|gametype|singles\n|player|p1|MunchyAxolotls|lillie-masters2|2164\n|player|p2|ggfsb|palmer|2270\n|teamsize|p1|6\n|teamsize|p2|6\n|gen|9\n|tier|[Gen 9] Random Battle\n|rated|\n|rule|Species Clause: Limit one of each Pok\u00e9mon\n|rule|HP Percentage Mod: HP is shown in percentages\n|rule|Sleep Clause Mod: Limit one foe put to sleep\n|rule|Illusion Level Mod: Illusion disguises the Pok\u00e9mon's true level\n|\n|t:|1732971676\n|start\n|switch|p1a: Solgaleo|Solgaleo, L74|325/325\n|switch|p2a: Minior|Minior, L79|224/224\n|-formechange|p2a: Minior|Minior-Meteor||[from] ability: Shields Down\n|turn|1\n|inactive|Battle timer is ON: inactive players will automatically lose when time's up. (requested by MunchyAxolotls)\n|\n|t:|1732971696\n|switch|p2a: Calyrex|Calyrex, L93|337/337\n|-ability|p2a: Calyrex|Unnerve\n|move|p1a: Solgaleo|Psychic Fangs|p2a: Calyrex\n|-resisted|p2a: Calyrex\n|-damage|p2a: Calyrex|288/337\n|\n|-heal|p2a: Calyrex|309/337|[from] item: Leftovers\n|upkeep\n|turn|2\n|\n|t:|1732971705\n|switch|p1a: Kricketune|Kricketune, L99, M|312/312\n|move|p2a: Calyrex|Leech Seed|p1a: Kricketune\n|-start|p1a: Kricketune|move: Leech Seed\n|\n|-heal|p2a: Calyrex|330/337|[from] item: Leftovers\n|-damage|p1a: Kricketune|273/312|[from] Leech Seed|[of] p2a: Calyrex\n|-heal|p2a: Calyrex|337/337|[silent]\n|upkeep\n|turn|3\n|\n|t:|1732971718\n|switch|p2a: Araquanid|Araquanid, L82, M|246/246\n|move|p1a: Kricketune|Sticky Web|p2a: Araquanid\n|-sidestart|p2: ggfsb|move: Sticky Web\n|\n|-damage|p1a: Kricketune|234/312|[from] Leech Seed|[of] p2a: Araquanid\n|upkeep\n|turn|4\n|\n|t:|1732971725\n|move|p1a: Kricketune|Taunt|p2a: Araquanid\n|-start|p2a: Araquanid|move: Taunt\n|move|p2a: Araquanid|Liquidation|p1a: Kricketune\n|-damage|p1a: Kricketune|72/312\n|\n|-damage|p1a: Kricketune|33/312|[from] Leech Seed|[of] p2a: Araquanid\n|upkeep\n|turn|5\n|inactive|ggfsb has 120 seconds left.\n|\n|t:|1732971779\n|switch|p1a: Scrafty|Scrafty, L84, F|246/246\n|-ability|p1a: Scrafty|Intimidate|boost\n|-unboost|p2a: Araquanid|atk|1\n|move|p2a: Araquanid|Liquidation|p1a: Scrafty\n|-damage|p1a: Scrafty|171/246\n|-unboost|p1a: Scrafty|def|1\n|\n|upkeep\n|turn|6\n|\n|t:|1732971787\n|move|p1a: Scrafty|Dragon Dance|p1a: Scrafty\n|-boost|p1a: Scrafty|atk|1\n|-boost|p1a: Scrafty|spe|1\n|move|p2a: Araquanid|Liquidation|p1a: Scrafty\n|-damage|p1a: Scrafty|60/246\n|\n|-end|p2a: Araquanid|move: Taunt\n|upkeep\n|turn|7\n|\n|t:|1732971791\n|move|p1a: Scrafty|Knock Off|p2a: Araquanid\n|-damage|p2a: Araquanid|71/246\n|-enditem|p2a: Araquanid|Heavy-Duty Boots|[from] move: Knock Off|[of] p1a: Scrafty\n|-damage|p1a: Scrafty|36/246|[from] item: Life Orb\n|move|p2a: Araquanid|Sticky Web|p1a: Scrafty\n|-sidestart|p1: MunchyAxolotls|move: Sticky Web\n|\n|upkeep\n|turn|8\n|inactive|ggfsb has 120 seconds left.\n|\n|t:|1732971798\n|move|p1a: Scrafty|Knock Off|p2a: Araquanid\n|-damage|p2a: Araquanid|0 fnt\n|faint|p2a: Araquanid\n|-damage|p1a: Scrafty|12/246|[from] item: Life Orb\n|\n|upkeep\n|inactive|ggfsb has 120 seconds left.\n|\n|t:|1732971807\n|switch|p2a: Minior|Minior, L79|224/224\n|-formechange|p2a: Minior|Minior-Meteor||[from] ability: Shields Down\n|turn|9\n|\n|t:|1732971812\n|move|p1a: Scrafty|Knock Off|p2a: Minior\n|-damage|p2a: Minior|41/224\n|-enditem|p2a: Minior|White Herb|[from] move: Knock Off|[of] p1a: Scrafty\n|-damage|p1a: Scrafty|0 fnt|[from] item: Life Orb\n|faint|p1a: Scrafty\n|move|p2a: Minior|Shell Smash|p2a: Minior\n|-unboost|p2a: Minior|def|1\n|-unboost|p2a: Minior|spd|1\n|-boost|p2a: Minior|atk|2\n|-boost|p2a: Minior|spa|2\n|-boost|p2a: Minior|spe|2\n|\n|-formechange|p2a: Minior|Minior||[from] ability: Shields Down\n|upkeep\n|\n|t:|1732971819\n|switch|p1a: Incineroar|Incineroar, L82, M|290/290\n|-ability|p1a: Incineroar|Intimidate|boost\n|-unboost|p2a: Minior|atk|1\n|turn|10\n|\n|t:|1732971828\n|switch|p1a: Alomomola|Alomomola, L87, M|429/429\n|move|p2a: Minior|Power Gem|p1a: Alomomola\n|-damage|p1a: Alomomola|195/429\n|\n|upkeep\n|turn|11\n|\n|t:|1732971835\n|move|p2a: Minior|Power Gem|p1a: Alomomola\n|-damage|p1a: Alomomola|0 fnt\n|faint|p1a: Alomomola\n|\n|upkeep\n|\n|t:|1732971843\n|switch|p1a: Solgaleo|Solgaleo, L74|325/325\n|-activate|p1a: Solgaleo|move: Sticky Web\n|-fail|p1a: Solgaleo|unboost|[from] ability: Full Metal Body|[of] p1a: Solgaleo\n|turn|12\n|\n|t:|1732971847\n|move|p2a: Minior|Earthquake|p1a: Solgaleo\n|-supereffective|p1a: Solgaleo\n|-damage|p1a: Solgaleo|121/325\n|move|p1a: Solgaleo|Sunsteel Strike|p2a: Minior\n|-supereffective|p2a: Minior\n|-damage|p2a: Minior|0 fnt\n|faint|p2a: Minior\n|\n|-heal|p1a: Solgaleo|141/325|[from] item: Leftovers\n|upkeep\n|\n|t:|1732971871\n|switch|p2a: Uxie|Uxie, L83|260/260\n|turn|13\n|\n|t:|1732971881\n|switch|p1a: Incineroar|Incineroar, L82, M|290/290\n|-ability|p1a: Incineroar|Intimidate|boost\n|-unboost|p2a: Uxie|atk|1\n|move|p2a: Uxie|Yawn|p1a: Incineroar\n|-start|p1a: Incineroar|move: Yawn|[of] p2a: Uxie\n|\n|upkeep\n|turn|14\n|\n|t:|1732971887\n|move|p2a: Uxie|Stealth Rock|p1a: Incineroar\n|-sidestart|p1: MunchyAxolotls|move: Stealth Rock\n|move|p1a: Incineroar|Knock Off|p2a: Uxie\n|-supereffective|p2a: Uxie\n|-damage|p2a: Uxie|98/260\n|-enditem|p2a: Uxie|Leftovers|[from] move: Knock Off|[of] p1a: Incineroar\n|\n|-end|p1a: Incineroar|move: Yawn|[silent]\n|-status|p1a: Incineroar|slp\n|upkeep\n|turn|15\n|\n|t:|1732971893\n|move|p2a: Uxie|U-turn|p1a: Incineroar\n|-damage|p1a: Incineroar|264/290 slp\n|\n|t:|1732971897\n|switch|p2a: Drednaw|Drednaw, L81, M|278/278|[from] U-turn\n|-activate|p2a: Drednaw|move: Sticky Web\n|-unboost|p2a: Drednaw|spe|1\n|-enditem|p2a: Drednaw|White Herb\n|-clearnegativeboost|p2a: Drednaw|[silent]\n|cant|p1a: Incineroar|slp\n|\n|upkeep\n|turn|16\n|\n|t:|1732971906\n|move|p2a: Drednaw|Shell Smash|p2a: Drednaw\n|-unboost|p2a: Drednaw|def|1\n|-unboost|p2a: Drednaw|spd|1\n|-boost|p2a: Drednaw|atk|2\n|-boost|p2a: Drednaw|spa|2\n|-boost|p2a: Drednaw|spe|2\n|cant|p1a: Incineroar|slp\n|\n|upkeep\n|turn|17\n|\n|t:|1732971916\n|-terastallize|p1a: Incineroar|Fighting\n|move|p2a: Drednaw|Liquidation|p1a: Incineroar\n|-damage|p1a: Incineroar|75/290 slp\n|-curestatus|p1a: Incineroar|slp|[msg]\n|move|p1a: Incineroar|Close Combat|p2a: Drednaw\n|-supereffective|p2a: Drednaw\n|-damage|p2a: Drednaw|0 fnt\n|-unboost|p1a: Incineroar|def|1\n|-unboost|p1a: Incineroar|spd|1\n|faint|p2a: Drednaw\n|\n|upkeep\n|\n|t:|1732971930\n|switch|p2a: Skeledirge|Skeledirge, L79, F|294/294\n|turn|18\n|\n|t:|1732971935\n|move|p2a: Skeledirge|Torch Song|p1a: Incineroar\n|-damage|p1a: Incineroar|0 fnt\n|-boost|p2a: Skeledirge|spa|1\n|faint|p1a: Incineroar\n|\n|upkeep\n|\n|t:|1732971944\n|switch|p1a: Kricketune|Kricketune, L99, M|33/312\n|turn|19\n|\n|t:|1732971951\n|move|p1a: Kricketune|Knock Off|p2a: Skeledirge\n|-supereffective|p2a: Skeledirge\n|-damage|p2a: Skeledirge|134/294\n|-enditem|p2a: Skeledirge|Heavy-Duty Boots|[from] move: Knock Off|[of] p1a: Kricketune\n|move|p2a: Skeledirge|Flame Charge|p1a: Kricketune\n|-supereffective|p1a: Kricketune\n|-crit|p1a: Kricketune\n|-damage|p1a: Kricketune|0 fnt\n|-boost|p2a: Skeledirge|spe|1\n|faint|p1a: Kricketune\n|\n|upkeep\n|\n|t:|1732971961\n|switch|p1a: Typhlosion|Typhlosion-Hisui, L83, M|257/257\n|turn|20\n|\n|t:|1732971968\n|move|p2a: Skeledirge|Shadow Ball|p1a: Typhlosion\n|-supereffective|p1a: Typhlosion\n|-damage|p1a: Typhlosion|3/257\n|move|p1a: Typhlosion|Shadow Ball|p2a: Skeledirge\n|-supereffective|p2a: Skeledirge\n|-damage|p2a: Skeledirge|0 fnt\n|faint|p2a: Skeledirge\n|\n|upkeep\n|\n|t:|1732971981\n|switch|p2a: Calyrex|Calyrex, L93|337/337\n|-ability|p2a: Calyrex|Unnerve\n|-activate|p2a: Calyrex|move: Sticky Web\n|-unboost|p2a: Calyrex|spe|1\n|turn|21\n|\n|t:|1732971988\n|-terastallize|p2a: Calyrex|Steel\n|move|p1a: Typhlosion|Fire Blast|p2a: Calyrex\n|-supereffective|p2a: Calyrex\n|-damage|p2a: Calyrex|0 fnt\n|faint|p2a: Calyrex\n|\n|upkeep\n|\n|t:|1732972000\n|switch|p2a: Uxie|Uxie, L83|98/260\n|turn|22\n|\n|t:|1732972004\n|move|p1a: Typhlosion|Shadow Ball|p2a: Uxie\n|-supereffective|p2a: Uxie\n|-damage|p2a: Uxie|0 fnt\n|faint|p2a: Uxie\n|\n|win|MunchyAxolotls\n|raw|MunchyAxolotls's rating: 2164 &rarr; <strong>2190</strong><br />(+26 for winning)\n|raw|ggfsb's rating: 2270 &rarr; <strong>2244</strong><br />(-26 for losing)\n|l|\u2606ggfsb\n|player|p2|\n|l|\u2606MunchyAxolotls\n|player|p1|\n|j|\u2606MunchyAxolotls\n|player|p1|MunchyAxolotls|lillie-masters2|\n", "inputlog": ">version b107d77f5c90bd6555267ae244a6264823309ead\n>start {\"formatid\":\"gen9randombattle\",\"seed\":[64336,584,39398,46636],\"rated\":\"Rated battle\"}\n>player p1 {\"name\":\"MunchyAxolotls\",\"avatar\":\"lillie-masters2\",\"rating\":2164,\"seed\":[53831,64180,13962,26]}\n>player p2 {\"name\":\"ggfsb\",\"avatar\":\"palmer\",\"rating\":2270,\"seed\":[62493,48207,7429,19826]}\n>p1 move psychicfangs\n>p2 switch 5\n>p1 switch 6\n>p2 move leechseed\n>p1 move stickyweb\n>p2 switch 2\n>p1 move taunt\n>p2 move liquidation\n>p1 switch 5\n>p2 move liquidation\n>p1 move dragondance\n>p2 move liquidation\n>p1 move knockoff\n>p2 move stickyweb\n>p1 move knockoff\n>p2 move liquidation\n>p2 switch 5\n>p1 move knockoff\n>p2 move shellsmash\n>p1 switch 4\n>p1 switch 2\n>p2 move powergem\n>p1 move flipturn\n>p2 move powergem\n>p1 switch 6\n>p1 move sunsteelstrike\n>p2 move earthquake\n>p2 switch 3\n>p1 switch 2\n>p2 move yawn\n>p1 move knockoff\n>p2 move stealthrock\n>p1 move knockoff\n>p2 move uturn\n>p2 switch 4\n>p1 move willowisp\n>p2 move shellsmash\n>p1 move closecombat terastallize\n>p2 move liquidation\n>p2 switch 6\n>p1 move knockoff\n>p2 move torchsong\n>p1 switch 5\n>p1 move knockoff\n>p2 move flamecharge\n>p1 switch 3\n>p1 move shadowball\n>p2 move shadowball\n>p2 switch 2\n>p1 move fireblast\n>p2 move gigadrain terastallize\n>p2 switch 4\n>p1 move shadowball\n>p2 move psychicnoise", "uploadtime": 1732972008, "views": 6, "formatid": "gen9randombattle", "rating": 2190, "private": 0, "password": null}