{"id": "gen9randombattle-2254096339", "format": "[Gen 9] Random Battle", "players": ["Fold4", "Ukios'sOtherDeity"], "log": "|j|\u2606Fold4\n|j|\u2606Ukios'sOtherDeity\n|t:|1732990805\n|gametype|singles\n|player|p1|Fold4|unknown|\n|player|p2|Ukios'sOtherDeity|170|\n|teamsize|p1|6\n|teamsize|p2|6\n|gen|9\n|tier|[Gen 9] Random Battle\n|rule|Species Clause: Limit one of each Pok\u00e9mon\n|rule|HP Percentage Mod: HP is shown in percentages\n|rule|Sleep Clause Mod: Limit one foe put to sleep\n|rule|Illusion Level Mod: Illusion disguises the Pok\u00e9mon's true level\n|\n|t:|1732990805\n|start\n|switch|p1a: Zangoose|Zangoose, L85, M|263/263\n|switch|p2a: Misdreavus|Misdreavus, L90, M|254/254\n|turn|1\n|inactive|Battle timer is ON: inactive players will automatically lose when time's up. (requested by Fold4)\n|\n|t:|1732990823\n|move|p2a: Misdreavus|Calm Mind|p2a: Misdreavus\n|-boost|p2a: Misdreavus|spa|1\n|-boost|p2a: Misdreavus|spd|1\n|move|p1a: Zangoose|Knock Off|p2a: Misdreavus\n|-supereffective|p2a: Misdreavus\n|-damage|p2a: Misdreavus|130/254\n|-enditem|p2a: Misdreavus|Eviolite|[from] move: Knock Off|[of] p1a: Zangoose\n|\n|-status|p1a: Zangoose|tox|[from] item: Toxic Orb\n|upkeep\n|turn|2\n|\n|t:|1732990843\n|move|p2a: Misdreavus|Draining Kiss|p1a: Zangoose\n|-damage|p1a: Zangoose|186/263 tox\n|-heal|p2a: Misdreavus|188/254|[from] drain|[of] p1a: Zangoose\n|move|p1a: Zangoose|Knock Off|p2a: Misdreavus\n|-supereffective|p2a: Misdreavus\n|-damage|p2a: Misdreavus|0 fnt\n|faint|p2a: Misdreavus\n|\n|-damage|p1a: Zangoose|170/263 tox|[from] psn\n|upkeep\n|j| dt674846\n|\n|t:|1732990861\n|switch|p2a: Hydrapple|Hydrapple, L83, F|312/312\n|turn|3\n|inactive|Ukios'sOtherDeity has 270 seconds left.\n|\n|t:|1732990879\n|move|p1a: Zangoose|Facade|p2a: Hydrapple\n|-damage|p2a: Hydrapple|69/312\n|move|p2a: Hydrapple|Earth Power|p1a: Zangoose\n|-damage|p1a: Zangoose|18/263 tox\n|-unboost|p1a: Zangoose|spd|1\n|\n|-damage|p1a: Zangoose|0 fnt|[from] psn\n|faint|p1a: Zangoose\n|upkeep\n|\n|t:|1732990890\n|switch|p1a: Eiscue|Eiscue, L88, M|272/272\n|turn|4\n|\n|t:|1732990907\n|move|p1a: Eiscue|Belly Drum|p1a: Eiscue\n|-damage|p1a: Eiscue|136/272\n|-setboost|p1a: Eiscue|atk|6|[from] move: Belly Drum\n|move|p2a: Hydrapple|Earth Power|p1a: Eiscue\n|-damage|p1a: Eiscue|38/272\n|-enditem|p1a: Eiscue|Salac Berry|[eat]\n|-boost|p1a: Eiscue|spe|1|[from] item: Salac Berry\n|\n|upkeep\n|turn|5\n|\n|t:|1732990919\n|move|p1a: Eiscue|Ice Spinner|p2a: Hydrapple\n|-supereffective|p2a: Hydrapple\n|-damage|p2a: Hydrapple|0 fnt\n|faint|p2a: Hydrapple\n|\n|upkeep\n|\n|t:|1732990924\n|switch|p2a: Iron Jugulis|Iron Jugulis, L78|275/275\n|turn|6\n|\n|t:|1732990940\n|move|p2a: Iron Jugulis|Earth Power|p1a: Eiscue\n|-damage|p1a: Eiscue|0 fnt\n|faint|p1a: Eiscue\n|\n|upkeep\n|\n|t:|1732990952\n|switch|p1a: Volbeat|Volbeat, L90, M|263/263\n|turn|7\n|\n|t:|1732990966\n|move|p1a: Volbeat|Thunder Wave|p2a: Iron Jugulis\n|-hint|Since gen 7, Dark is immune to Prankster moves.\n|-immune|p2a: Iron Jugulis\n|move|p2a: Iron Jugulis|Earth Power|p1a: Volbeat\n|-resisted|p1a: Volbeat\n|-damage|p1a: Volbeat|214/263\n|\n|upkeep\n|turn|8\n|\n|t:|1732990974\n|move|p2a: Iron Jugulis|Earth Power|p1a: Volbeat\n|-resisted|p1a: Volbeat\n|-damage|p1a: Volbeat|166/263\n|move|p1a: Volbeat|Lunge|p2a: Iron Jugulis\n|-damage|p2a: Iron Jugulis|184/275\n|-unboost|p2a: Iron Jugulis|atk|1\n|\n|upkeep\n|turn|9\n|\n|t:|1732990982\n|move|p2a: Iron Jugulis|Earth Power|p1a: Volbeat\n|-resisted|p1a: Volbeat\n|-damage|p1a: Volbeat|115/263\n|-unboost|p1a: Volbeat|spd|1\n|move|p1a: Volbeat|Lunge|p2a: Iron Jugulis\n|-damage|p2a: Iron Jugulis|100/275\n|-unboost|p2a: Iron Jugulis|atk|1\n|\n|upkeep\n|turn|10\n|\n|t:|1732991003\n|move|p2a: Iron Jugulis|Earth Power|p1a: Volbeat\n|-resisted|p1a: Volbeat\n|-damage|p1a: Volbeat|40/263\n|move|p1a: Volbeat|Lunge|p2a: Iron Jugulis\n|-damage|p2a: Iron Jugulis|12/275\n|-unboost|p2a: Iron Jugulis|atk|1\n|\n|upkeep\n|turn|11\n|\n|t:|1732991013\n|move|p2a: Iron Jugulis|Earth Power|p1a: Volbeat\n|-resisted|p1a: Volbeat\n|-damage|p1a: Volbeat|0 fnt\n|faint|p1a: Volbeat\n|\n|upkeep\n|\n|t:|1732991029\n|switch|p1a: Gliscor|Gliscor, L76, F|239/239\n|turn|12\n|\n|t:|1732991037\n|move|p2a: Iron Jugulis|Earth Power|p1a: Gliscor\n|-immune|p1a: Gliscor\n|move|p1a: Gliscor|Knock Off|p2a: Iron Jugulis\n|-resisted|p2a: Iron Jugulis\n|-damage|p2a: Iron Jugulis|0 fnt\n|-enditem|p2a: Iron Jugulis|Choice Specs|[from] move: Knock Off|[of] p1a: Gliscor\n|faint|p2a: Iron Jugulis\n|-end|p2a: Iron Jugulis|Quark Drive|[silent]\n|\n|-status|p1a: Gliscor|tox|[from] item: Toxic Orb\n|upkeep\n|\n|t:|1732991058\n|switch|p2a: Moltres|Moltres-Galar, L79|271/271\n|turn|13\n|\n|t:|1732991065\n|move|p2a: Moltres|Hurricane|p1a: Gliscor\n|-damage|p1a: Gliscor|97/239 tox\n|move|p1a: Gliscor|Knock Off|p2a: Moltres\n|-resisted|p2a: Moltres\n|-damage|p2a: Moltres|240/271\n|-enditem|p2a: Moltres|Chesto Berry|[from] move: Knock Off|[of] p1a: Gliscor\n|\n|-heal|p1a: Gliscor|126/239 tox|[from] ability: Poison Heal\n|upkeep\n|turn|14\n|\n|t:|1732991079\n|move|p1a: Gliscor|Toxic Spikes|p2a: Moltres\n|-sidestart|p2: Ukios'sOtherDeity|move: Toxic Spikes\n|move|p2a: Moltres|Nasty Plot|p2a: Moltres\n|-boost|p2a: Moltres|spa|2\n|\n|-heal|p1a: Gliscor|155/239 tox|[from] ability: Poison Heal\n|upkeep\n|turn|15\n|\n|t:|1732991089\n|move|p2a: Moltres|Nasty Plot|p2a: Moltres\n|-boost|p2a: Moltres|spa|2\n|move|p1a: Gliscor|Toxic Spikes|p2a: Moltres\n|-sidestart|p2: Ukios'sOtherDeity|move: Toxic Spikes\n|\n|-heal|p1a: Gliscor|184/239 tox|[from] ability: Poison Heal\n|upkeep\n|turn|16\n|\n|t:|1732991118\n|move|p1a: Gliscor|Knock Off|p2a: Moltres\n|-resisted|p2a: Moltres\n|-damage|p2a: Moltres|219/271\n|move|p2a: Moltres|Hurricane|p1a: Gliscor\n|-damage|p1a: Gliscor|0 fnt\n|faint|p1a: Gliscor\n|\n|upkeep\n|inactive|Fold4 has 270 seconds left.\n|\n|t:|1732991139\n|switch|p1a: Hitmonchan|Hitmonchan, L87, M|229/229\n|turn|17\n|\n|t:|1732991146\n|move|p2a: Moltres|Hurricane|p1a: Hitmonchan\n|-supereffective|p1a: Hitmonchan\n|-damage|p1a: Hitmonchan|0 fnt\n|faint|p1a: Hitmonchan\n|\n|upkeep\n|inactive|Fold4 has 270 seconds left.\n|\n|t:|1732991154\n|switch|p1a: Emboar|Emboar, L84, F|322/322\n|turn|18\n|\n|t:|1732991161\n|-terastallize|p1a: Emboar|Dark\n|move|p2a: Moltres|Hurricane|p1a: Emboar|[miss]\n|-miss|p2a: Moltres|p1a: Emboar\n|move|p1a: Emboar|Close Combat|p2a: Moltres\n|-damage|p2a: Moltres|53/271\n|-unboost|p1a: Emboar|def|1\n|-unboost|p1a: Emboar|spd|1\n|-ability|p2a: Moltres|Berserk|boost\n|-boost|p2a: Moltres|spa|1\n|\n|upkeep\n|turn|19\n|\n|t:|1732991186\n|move|p1a: Emboar|Sucker Punch|p2a: Moltres\n|-resisted|p2a: Moltres\n|-damage|p2a: Moltres|5/271\n|move|p2a: Moltres|Hurricane|p1a: Emboar|[miss]\n|-miss|p2a: Moltres|p1a: Emboar\n|\n|upkeep\n|turn|20\n|\n|t:|1732991195\n|move|p1a: Emboar|Sucker Punch|p2a: Moltres\n|-resisted|p2a: Moltres\n|-damage|p2a: Moltres|0 fnt\n|faint|p2a: Moltres\n|\n|upkeep\n|\n|t:|1732991212\n|switch|p2a: Regieleki|Regieleki, L79|256/256\n|-status|p2a: Regieleki|tox\n|turn|21\n|inactive|Ukios'sOtherDeity has 270 seconds left.\n|\n|t:|1732991248\n|-terastallize|p2a: Regieleki|Ice\n|move|p2a: Regieleki|Thunderbolt|p1a: Emboar\n|-damage|p1a: Emboar|162/322\n|move|p1a: Emboar|Flare Blitz|p2a: Regieleki\n|-supereffective|p2a: Regieleki\n|-damage|p2a: Regieleki|0 fnt\n|faint|p2a: Regieleki\n|-damage|p1a: Emboar|78/322|[from] Recoil\n|\n|upkeep\n|\n|t:|1732991258\n|switch|p2a: Mewtwo|Mewtwo, L72|272/272\n|-ability|p2a: Mewtwo|Unnerve\n|-status|p2a: Mewtwo|tox\n|turn|22\n|inactive|Ukios'sOtherDeity has 240 seconds left.\n|\n|t:|1732991284\n|move|p1a: Emboar|Sucker Punch|p2a: Mewtwo\n|-supereffective|p2a: Mewtwo\n|-damage|p2a: Mewtwo|62/272 tox\n|move|p2a: Mewtwo|Dark Pulse|p1a: Emboar\n|-resisted|p1a: Emboar\n|-damage|p1a: Emboar|33/322\n|-damage|p2a: Mewtwo|35/272 tox|[from] item: Life Orb\n|\n|-damage|p2a: Mewtwo|18/272 tox|[from] psn\n|upkeep\n|turn|23\n|\n|t:|1732991295\n|move|p1a: Emboar|Sucker Punch||[still]\n|-fail|p1a: Emboar\n|move|p2a: Mewtwo|Nasty Plot|p2a: Mewtwo\n|-boost|p2a: Mewtwo|spa|2\n|\n|-damage|p2a: Mewtwo|0 fnt|[from] psn\n|faint|p2a: Mewtwo\n|\n|win|Fold4\n|upkeep\n", "inputlog": ">version b107d77f5c90bd6555267ae244a6264823309ead\n>start {\"formatid\":\"gen9randombattle\",\"seed\":[13417,14035,46719,50318]}\n>player p1 {\"name\":\"Fold4\",\"avatar\":\"unknown\",\"rating\":0,\"seed\":[62263,4238,19390,10705]}\n>player p2 {\"name\":\"Ukios'sOtherDeity\",\"avatar\":\"170\",\"rating\":0,\"seed\":[5253,1060,54340,13431]}\n>p1 move knockoff\n>p2 move calmmind\n>p1 move knockoff\n>p2 move drainingkiss\n>p2 switch 2\n>p1 move facade\n>p2 move earthpower\n>p1 switch 3\n>p1 move bellydrum\n>p2 move earthpower\n>p1 move icespinner\n>p2 move earthpower\n>p2 switch 5\n>p1 move icespinner\n>p2 move earthpower\n>p1 switch 2\n>p1 move thunderwave\n>p2 move earthpower\n>p1 move lunge\n>p2 move earthpower\n>p1 move lunge\n>p2 move earthpower\n>p1 move lunge\n>p2 move earthpower\n>p1 move lunge\n>p2 move earthpower\n>p1 switch 6\n>p1 move knockoff\n>p2 move earthpower\n>p2 switch 4\n>p1 move knockoff\n>p2 move hurricane\n>p1 move toxicspikes\n>p2 move nastyplot\n>p1 move toxicspikes\n>p2 move nastyplot\n>p1 move knockoff\n>p2 move hurricane\n>p1 switch 5\n>p1 move closecombat\n>p2 move hurricane\n>p1 switch 4\n>p1 move closecombat terastallize\n>p2 move hurricane\n>p1 move suckerpunch\n>p2 move hurricane\n>p1 move suckerpunch\n>p2 move fierywrath\n>p2 switch 3\n>p1 move flareblitz\n>p2 move thunderbolt terastallize\n>p2 switch 6\n>p1 move suckerpunch\n>p2 move darkpulse\n>p1 move suckerpunch\n>p2 move nastyplot", "uploadtime": 1732991303, "views": 4, "formatid": "gen9randombattle", "rating": null, "private": 0, "password": null}