{"id": "gen9randombattle-2253944929", "format": "[Gen 9] Random Battle", "players": ["Dolteyee", "Hone Ming"], "log": "|j|\u2606Dolteyee\n|j|\u2606Hone Ming\n|t:|1732968981\n|gametype|singles\n|player|p1|Dolteyee|koga|1449\n|player|p2|Hone Ming|red|1464\n|teamsize|p1|6\n|teamsize|p2|6\n|gen|9\n|tier|[Gen 9] Random Battle\n|rated|\n|rule|Species Clause: Limit one of each Pok\u00e9mon\n|rule|HP Percentage Mod: HP is shown in percentages\n|rule|Sleep Clause Mod: Limit one foe put to sleep\n|rule|Illusion Level Mod: Illusion disguises the Pok\u00e9mon's true level\n|\n|t:|1732968981\n|start\n|switch|p1a: Garganacl|Garganacl, L80, F|291/291\n|switch|p2a: Gogoat|Gogoat, L88, M|360/360\n|turn|1\n|inactive|Battle timer is ON: inactive players will automatically lose when time's up. (requested by Hone Ming)\n|inactive|Dolteyee also wants the timer to be on.\n|\n|t:|1732968991\n|switch|p1a: Misdreavus|Misdreavus, L90, F|254/254\n|move|p2a: Gogoat|Bulk Up|p2a: Gogoat\n|-boost|p2a: Gogoat|atk|1\n|-boost|p2a: Gogoat|def|1\n|\n|upkeep\n|turn|2\n|\n|t:|1732969004\n|move|p1a: Misdreavus|Will-O-Wisp|p2a: Gogoat\n|-status|p2a: Gogoat|brn\n|move|p2a: Gogoat|Bulk Up|p2a: Gogoat\n|-boost|p2a: Gogoat|atk|1\n|-boost|p2a: Gogoat|def|1\n|\n|-damage|p2a: Gogoat|338/360 brn|[from] brn\n|upkeep\n|turn|3\n|\n|t:|1732969024\n|move|p1a: Misdreavus|Shadow Ball|p2a: Gogoat\n|-damage|p2a: Gogoat|251/360 brn\n|move|p2a: Gogoat|Bulk Up|p2a: Gogoat\n|-boost|p2a: Gogoat|atk|1\n|-boost|p2a: Gogoat|def|1\n|\n|-heal|p2a: Gogoat|273/360 brn|[from] item: Leftovers\n|-damage|p2a: Gogoat|251/360 brn|[from] brn\n|upkeep\n|turn|4\n|\n|t:|1732969035\n|move|p1a: Misdreavus|Shadow Ball|p2a: Gogoat\n|-damage|p2a: Gogoat|160/360 brn\n|-unboost|p2a: Gogoat|spd|1\n|move|p2a: Gogoat|Bulk Up|p2a: Gogoat\n|-boost|p2a: Gogoat|atk|1\n|-boost|p2a: Gogoat|def|1\n|\n|-heal|p2a: Gogoat|182/360 brn|[from] item: Leftovers\n|-damage|p2a: Gogoat|160/360 brn|[from] brn\n|upkeep\n|turn|5\n|\n|t:|1732969047\n|move|p1a: Misdreavus|Shadow Ball|p2a: Gogoat\n|-damage|p2a: Gogoat|34/360 brn\n|move|p2a: Gogoat|Horn Leech|p1a: Misdreavus\n|-damage|p1a: Misdreavus|137/254\n|-heal|p2a: Gogoat|93/360 brn|[from] drain|[of] p1a: Misdreavus\n|\n|-heal|p2a: Gogoat|115/360 brn|[from] item: Leftovers\n|-damage|p2a: Gogoat|93/360 brn|[from] brn\n|upkeep\n|turn|6\n|\n|t:|1732969067\n|switch|p2a: Honchkrow|Honchkrow, L86, F|312/312\n|move|p1a: Misdreavus|Shadow Ball|p2a: Honchkrow\n|-resisted|p2a: Honchkrow\n|-damage|p2a: Honchkrow|253/312\n|\n|upkeep\n|turn|7\n|inactive|Hone Ming has 120 seconds left.\n|\n|t:|1732969084\n|switch|p1a: Garganacl|Garganacl, L80, F|291/291\n|move|p2a: Honchkrow|Heat Wave|p1a: Garganacl\n|-resisted|p1a: Garganacl\n|-damage|p1a: Garganacl|255/291\n|\n|-heal|p1a: Garganacl|273/291|[from] item: Leftovers\n|upkeep\n|turn|8\n|inactive|Hone Ming has 120 seconds left.\n|\n|t:|1732969101\n|switch|p2a: Tauros|Tauros-Paldea-Aqua, L81, M|252/252\n|move|p1a: Garganacl|Salt Cure|p2a: Tauros\n|-resisted|p2a: Tauros\n|-damage|p2a: Tauros|234/252\n|-start|p2a: Tauros|Salt Cure\n|\n|-heal|p1a: Garganacl|291/291|[from] item: Leftovers\n|-damage|p2a: Tauros|171/252|[from] Salt Cure\n|upkeep\n|turn|9\n|inactive|Hone Ming has 120 seconds left.\n|\n|t:|1732969121\n|switch|p1a: Misdreavus|Misdreavus, L90, F|137/254\n|move|p2a: Tauros|Liquidation|p1a: Misdreavus\n|-damage|p1a: Misdreavus|56/254\n|\n|-damage|p2a: Tauros|108/252|[from] Salt Cure\n|upkeep\n|-enditem|p2a: Tauros|Sitrus Berry|[eat]\n|-heal|p2a: Tauros|171/252|[from] item: Sitrus Berry\n|turn|10\n|\n|t:|1732969132\n|move|p2a: Tauros|Liquidation|p1a: Misdreavus\n|-damage|p1a: Misdreavus|0 fnt\n|faint|p1a: Misdreavus\n|\n|-damage|p2a: Tauros|108/252|[from] Salt Cure\n|upkeep\n|\n|t:|1732969142\n|switch|p1a: Veluza|Veluza, L85, M|292/292\n|turn|11\n|\n|t:|1732969155\n|switch|p2a: Honchkrow|Honchkrow, L86, F|253/312\n|move|p1a: Veluza|Fillet Away|p1a: Veluza\n|-boost|p1a: Veluza|atk|2\n|-boost|p1a: Veluza|spa|2\n|-boost|p1a: Veluza|spe|2\n|-damage|p1a: Veluza|146/292\n|-enditem|p1a: Veluza|Sitrus Berry|[eat]\n|-heal|p1a: Veluza|219/292|[from] item: Sitrus Berry\n|\n|upkeep\n|turn|12\n|\n|t:|1732969167\n|move|p2a: Honchkrow|Sucker Punch|p1a: Veluza\n|-supereffective|p1a: Veluza\n|-damage|p1a: Veluza|0 fnt\n|faint|p1a: Veluza\n|-ability|p2a: Honchkrow|Moxie|boost\n|-boost|p2a: Honchkrow|atk|1\n|\n|upkeep\n|\n|t:|1732969171\n|switch|p1a: Garganacl|Garganacl, L80, F|291/291\n|turn|13\n|inactive|Hone Ming has 120 seconds left.\n|\n|t:|1732969182\n|switch|p2a: Tauros|Tauros-Paldea-Aqua, L81, M|108/252\n|move|p1a: Garganacl|Salt Cure|p2a: Tauros\n|-resisted|p2a: Tauros\n|-damage|p2a: Tauros|91/252\n|-start|p2a: Tauros|Salt Cure\n|\n|-damage|p2a: Tauros|28/252|[from] Salt Cure\n|upkeep\n|turn|14\n|inactive|Hone Ming has 120 seconds left.\n|\n|t:|1732969192\n|switch|p1a: Giratina|Giratina-Origin, L72|335/335\n|move|p2a: Tauros|Close Combat|p1a: Giratina\n|-immune|p1a: Giratina\n|\n|-damage|p2a: Tauros|0 fnt|[from] Salt Cure\n|faint|p2a: Tauros\n|upkeep\n|inactive|Hone Ming has 120 seconds left.\n|\n|t:|1732969205\n|switch|p2a: Honchkrow|Honchkrow, L86, F|253/312\n|turn|15\n|inactive|Hone Ming has 120 seconds left.\n|\n|t:|1732969222\n|switch|p1a: Garganacl|Garganacl, L80, F|291/291\n|switch|p2a: Gogoat|Gogoat, L88, M|93/360 brn\n|\n|-heal|p2a: Gogoat|115/360 brn|[from] item: Leftovers\n|-damage|p2a: Gogoat|93/360 brn|[from] brn\n|upkeep\n|turn|16\n|\n|t:|1732969243\n|switch|p2a: Wigglytuff|Wigglytuff, L96, F|424/424\n|switch|p1a: Giratina|Giratina-Origin, L72|335/335\n|\n|upkeep\n|turn|17\n|\n|t:|1732969254\n|switch|p1a: Umbreon|Umbreon, L84, M|297/297\n|move|p2a: Wigglytuff|Thunder Wave|p1a: Umbreon|[miss]\n|-miss|p2a: Wigglytuff|p1a: Umbreon\n|\n|upkeep\n|turn|18\n|\n|t:|1732969264\n|move|p2a: Wigglytuff|Protect|p2a: Wigglytuff\n|-singleturn|p2a: Wigglytuff|Protect\n|move|p1a: Umbreon|Toxic|p2a: Wigglytuff\n|-activate|p2a: Wigglytuff|move: Protect\n|\n|upkeep\n|turn|19\n|\n|t:|1732969274\n|switch|p2a: Probopass|Probopass, L92, F|260/260\n|move|p1a: Umbreon|Toxic|p2a: Probopass\n|-immune|p2a: Probopass\n|\n|upkeep\n|turn|20\n|\n|t:|1732969291\n|switch|p1a: Lapras|Lapras, L87, F|367/367\n|move|p2a: Probopass|Power Gem|p1a: Lapras\n|-supereffective|p1a: Lapras\n|-damage|p1a: Lapras|223/367\n|\n|upkeep\n|turn|21\n|\n|t:|1732969310\n|-terastallize|p2a: Probopass|Fighting\n|move|p1a: Lapras|Hydro Pump|p2a: Probopass\n|-damage|p2a: Probopass|155/260\n|move|p2a: Probopass|Iron Defense|p2a: Probopass\n|-boost|p2a: Probopass|def|2\n|\n|upkeep\n|turn|22\n|inactive|Hone Ming has 90 seconds left.\n|\n|t:|1732969325\n|move|p1a: Lapras|Hydro Pump|p2a: Probopass\n|-damage|p2a: Probopass|59/260\n|move|p2a: Probopass|Body Press|p1a: Lapras\n|-supereffective|p1a: Lapras\n|-damage|p1a: Lapras|0 fnt\n|faint|p1a: Lapras\n|\n|upkeep\n|\n|t:|1732969334\n|switch|p1a: Giratina|Giratina-Origin, L72|335/335\n|turn|23\n|\n|t:|1732969339\n|switch|p2a: Wigglytuff|Wigglytuff, L96, F|424/424\n|move|p1a: Giratina|Draco Meteor|p2a: Wigglytuff\n|-immune|p2a: Wigglytuff\n|\n|upkeep\n|turn|24\n|\n|t:|1732969347\n|switch|p1a: Garganacl|Garganacl, L80, F|291/291\n|move|p2a: Wigglytuff|Thunder Wave|p1a: Garganacl\n|-immune|p1a: Garganacl|[from] ability: Purifying Salt\n|\n|upkeep\n|turn|25\n|\n|t:|1732969357\n|switch|p2a: Probopass|Probopass, L92, F, tera:Fighting|59/260\n|move|p1a: Garganacl|Salt Cure|p2a: Probopass\n|-resisted|p2a: Probopass\n|-damage|p2a: Probopass|47/260\n|-start|p2a: Probopass|Salt Cure\n|\n|-damage|p2a: Probopass|15/260|[from] Salt Cure\n|upkeep\n|turn|26\n|\n|t:|1732969370\n|switch|p1a: Giratina|Giratina-Origin, L72|335/335\n|move|p2a: Probopass|Rest|p2a: Probopass\n|-status|p2a: Probopass|slp|[from] move: Rest\n|-heal|p2a: Probopass|260/260 slp|[silent]\n|-enditem|p2a: Probopass|Chesto Berry|[eat]\n|-curestatus|p2a: Probopass|slp|[msg]\n|\n|-damage|p2a: Probopass|228/260|[from] Salt Cure\n|upkeep\n|turn|27\n|\n|t:|1732969385\n|switch|p2a: Wigglytuff|Wigglytuff, L96, F|424/424\n|move|p1a: Giratina|Will-O-Wisp|p2a: Wigglytuff\n|-status|p2a: Wigglytuff|brn\n|\n|-damage|p2a: Wigglytuff|398/424 brn|[from] brn\n|upkeep\n|turn|28\n|\n|t:|1732969401\n|switch|p1a: Garganacl|Garganacl, L80, F|291/291\n|move|p2a: Wigglytuff|Alluring Voice|p1a: Garganacl\n|-damage|p1a: Garganacl|192/291\n|\n|-heal|p2a: Wigglytuff|424/424 brn|[from] item: Leftovers\n|-heal|p1a: Garganacl|210/291|[from] item: Leftovers\n|-damage|p2a: Wigglytuff|398/424 brn|[from] brn\n|upkeep\n|turn|29\n|\n|t:|1732969412\n|move|p2a: Wigglytuff|Protect|p2a: Wigglytuff\n|-singleturn|p2a: Wigglytuff|Protect\n|move|p1a: Garganacl|Salt Cure|p2a: Wigglytuff\n|-activate|p2a: Wigglytuff|move: Protect\n|\n|-heal|p2a: Wigglytuff|424/424 brn|[from] item: Leftovers\n|-heal|p1a: Garganacl|228/291|[from] item: Leftovers\n|-damage|p2a: Wigglytuff|398/424 brn|[from] brn\n|upkeep\n|turn|30\n|\n|t:|1732969423\n|move|p2a: Wigglytuff|Wish|p2a: Wigglytuff\n|move|p1a: Garganacl|Salt Cure|p2a: Wigglytuff\n|-crit|p2a: Wigglytuff\n|-damage|p2a: Wigglytuff|313/424 brn\n|-start|p2a: Wigglytuff|Salt Cure\n|\n|-heal|p2a: Wigglytuff|339/424 brn|[from] item: Leftovers\n|-heal|p1a: Garganacl|246/291|[from] item: Leftovers\n|-damage|p2a: Wigglytuff|313/424 brn|[from] brn\n|-damage|p2a: Wigglytuff|260/424 brn|[from] Salt Cure\n|upkeep\n|turn|31\n|\n|t:|1732969434\n|move|p2a: Wigglytuff|Alluring Voice|p1a: Garganacl\n|-damage|p1a: Garganacl|135/291\n|move|p1a: Garganacl|Stealth Rock|p2a: Wigglytuff\n|-sidestart|p2: Hone Ming|move: Stealth Rock\n|\n|-heal|p2a: Wigglytuff|424/424 brn|[from] move: Wish|[wisher] Wigglytuff\n|-heal|p1a: Garganacl|153/291|[from] item: Leftovers\n|-damage|p2a: Wigglytuff|398/424 brn|[from] brn\n|-damage|p2a: Wigglytuff|345/424 brn|[from] Salt Cure\n|upkeep\n|turn|32\n|\n|t:|1732969445\n|move|p2a: Wigglytuff|Alluring Voice|p1a: Garganacl\n|-damage|p1a: Garganacl|50/291\n|move|p1a: Garganacl|Recover|p1a: Garganacl\n|-heal|p1a: Garganacl|196/291\n|\n|-heal|p2a: Wigglytuff|371/424 brn|[from] item: Leftovers\n|-heal|p1a: Garganacl|214/291|[from] item: Leftovers\n|-damage|p2a: Wigglytuff|345/424 brn|[from] brn\n|-damage|p2a: Wigglytuff|292/424 brn|[from] Salt Cure\n|upkeep\n|turn|33\n|\n|t:|1732969464\n|switch|p2a: Probopass|Probopass, L92, F, tera:Fighting|228/260\n|-damage|p2a: Probopass|212/260|[from] Stealth Rock\n|move|p1a: Garganacl|Recover|p1a: Garganacl\n|-heal|p1a: Garganacl|291/291\n|\n|upkeep\n|turn|34\n|\n|t:|1732969475\n|switch|p1a: Giratina|Giratina-Origin, L72|335/335\n|move|p2a: Probopass|Power Gem|p1a: Giratina\n|-damage|p1a: Giratina|241/335\n|\n|upkeep\n|turn|35\n|\n|t:|1732969482\n|switch|p2a: Wigglytuff|Wigglytuff, L96, F|292/424 brn\n|-damage|p2a: Wigglytuff|239/424 brn|[from] Stealth Rock\n|move|p1a: Giratina|Will-O-Wisp|p2a: Wigglytuff\n|-fail|p2a: Wigglytuff|brn\n|\n|-heal|p2a: Wigglytuff|265/424 brn|[from] item: Leftovers\n|-damage|p2a: Wigglytuff|239/424 brn|[from] brn\n|upkeep\n|turn|36\n|\n|t:|1732969494\n|switch|p1a: Garganacl|Garganacl, L80, F|291/291\n|switch|p2a: Probopass|Probopass, L92, F, tera:Fighting|212/260\n|-damage|p2a: Probopass|196/260|[from] Stealth Rock\n|\n|upkeep\n|turn|37\n|\n|t:|1732969503\n|switch|p1a: Giratina|Giratina-Origin, L72|241/335\n|move|p2a: Probopass|Power Gem|p1a: Giratina\n|-damage|p1a: Giratina|159/335\n|\n|upkeep\n|turn|38\n|\n|t:|1732969511\n|switch|p1a: Garganacl|Garganacl, L80, F|291/291\n|switch|p2a: Wigglytuff|Wigglytuff, L96, F|239/424 brn\n|-damage|p2a: Wigglytuff|186/424 brn|[from] Stealth Rock\n|\n|-heal|p2a: Wigglytuff|212/424 brn|[from] item: Leftovers\n|-damage|p2a: Wigglytuff|186/424 brn|[from] brn\n|upkeep\n|turn|39\n|\n|t:|1732969524\n|switch|p2a: Gogoat|Gogoat, L88, M|93/360 brn\n|-damage|p2a: Gogoat|48/360 brn|[from] Stealth Rock\n|move|p1a: Garganacl|Salt Cure|p2a: Gogoat\n|-damage|p2a: Gogoat|0 fnt\n|faint|p2a: Gogoat\n|\n|upkeep\n|\n|t:|1732969545\n|switch|p2a: Lugia|Lugia, L72|272/272\n|turn|40\n|\n|t:|1732969552\n|move|p2a: Lugia|Calm Mind|p2a: Lugia\n|-boost|p2a: Lugia|spa|1\n|-boost|p2a: Lugia|spd|1\n|move|p1a: Garganacl|Salt Cure|p2a: Lugia\n|-supereffective|p2a: Lugia\n|-damage|p2a: Lugia|238/272\n|-start|p2a: Lugia|Salt Cure\n|\n|-damage|p2a: Lugia|204/272|[from] Salt Cure\n|upkeep\n|turn|41\n|\n|t:|1732969562\n|switch|p1a: Giratina|Giratina-Origin, L72|159/335\n|move|p2a: Lugia|Calm Mind|p2a: Lugia\n|-boost|p2a: Lugia|spa|1\n|-boost|p2a: Lugia|spd|1\n|\n|-damage|p2a: Lugia|170/272|[from] Salt Cure\n|upkeep\n|turn|42\n|\n|t:|1732969576\n|move|p2a: Lugia|Aeroblast|p1a: Giratina\n|-damage|p1a: Giratina|0 fnt\n|faint|p1a: Giratina\n|\n|-damage|p2a: Lugia|136/272|[from] Salt Cure\n|upkeep\n|\n|t:|1732969579\n|switch|p1a: Umbreon|Umbreon, L84, M|297/297\n|turn|43\n|\n|t:|1732969589\n|move|p2a: Lugia|Aeroblast|p1a: Umbreon\n|-damage|p1a: Umbreon|185/297\n|move|p1a: Umbreon|Wish|p1a: Umbreon\n|\n|-heal|p1a: Umbreon|203/297|[from] item: Leftovers\n|-damage|p2a: Lugia|102/272|[from] Salt Cure\n|upkeep\n|turn|44\n|\n|t:|1732969600\n|switch|p2a: Probopass|Probopass, L92, F, tera:Fighting|196/260\n|-damage|p2a: Probopass|180/260|[from] Stealth Rock\n|move|p1a: Umbreon|Toxic|p2a: Probopass|[miss]\n|-miss|p1a: Umbreon|p2a: Probopass\n|\n|-heal|p1a: Umbreon|297/297|[from] move: Wish|[wisher] Umbreon\n|upkeep\n|turn|45\n|\n|t:|1732969610\n|-terastallize|p1a: Umbreon|Poison\n|move|p1a: Umbreon|Toxic|p2a: Probopass\n|-status|p2a: Probopass|tox\n|move|p2a: Probopass|Iron Defense|p2a: Probopass\n|-boost|p2a: Probopass|def|2\n|\n|-damage|p2a: Probopass|164/260 tox|[from] psn\n|upkeep\n|turn|46\n|\n|t:|1732969624\n|move|p1a: Umbreon|Foul Play|p2a: Probopass\n|-resisted|p2a: Probopass\n|-damage|p2a: Probopass|156/260 tox\n|move|p2a: Probopass|Iron Defense|p2a: Probopass\n|-boost|p2a: Probopass|def|2\n|\n|-damage|p2a: Probopass|124/260 tox|[from] psn\n|upkeep\n|turn|47\n|\n|t:|1732969635\n|move|p1a: Umbreon|Protect|p1a: Umbreon\n|-singleturn|p1a: Umbreon|Protect\n|move|p2a: Probopass|Body Press|p1a: Umbreon\n|-activate|p1a: Umbreon|move: Protect\n|\n|-damage|p2a: Probopass|76/260 tox|[from] psn\n|upkeep\n|turn|48\n|\n|t:|1732969645\n|move|p1a: Umbreon|Wish|p1a: Umbreon\n|move|p2a: Probopass|Body Press|p1a: Umbreon\n|-resisted|p1a: Umbreon\n|-damage|p1a: Umbreon|114/297\n|\n|-heal|p1a: Umbreon|132/297|[from] item: Leftovers\n|-damage|p2a: Probopass|12/260 tox|[from] psn\n|upkeep\n|turn|49\n|inactive|Hone Ming has 120 seconds left.\n|\n|t:|1732969654\n|move|p1a: Umbreon|Protect|p1a: Umbreon\n|-singleturn|p1a: Umbreon|Protect\n|move|p2a: Probopass|Rest|p2a: Probopass\n|-status|p2a: Probopass|slp|[from] move: Rest\n|-heal|p2a: Probopass|260/260 slp|[silent]\n|\n|-heal|p1a: Umbreon|280/297|[from] move: Wish|[wisher] Umbreon\n|-heal|p1a: Umbreon|297/297|[from] item: Leftovers\n|upkeep\n|turn|50\n|inactive|Hone Ming has 120 seconds left.\n|\n|t:|1732969671\n|switch|p1a: Garganacl|Garganacl, L80, F|291/291\n|switch|p2a: Lugia|Lugia, L72|102/272\n|\n|upkeep\n|turn|51\n|inactive|Hone Ming has 120 seconds left.\n|\n|t:|1732969687\n|switch|p2a: Probopass|Probopass, L92, F, tera:Fighting|260/260 slp\n|-damage|p2a: Probopass|244/260 slp|[from] Stealth Rock\n|move|p1a: Garganacl|Salt Cure|p2a: Probopass\n|-resisted|p2a: Probopass\n|-damage|p2a: Probopass|231/260 slp\n|-start|p2a: Probopass|Salt Cure\n|\n|-damage|p2a: Probopass|199/260 slp|[from] Salt Cure\n|upkeep\n|turn|52\n|\n|t:|1732969698\n|switch|p1a: Umbreon|Umbreon, L84, M, tera:Poison|297/297\n|cant|p2a: Probopass|slp\n|\n|-damage|p2a: Probopass|167/260 slp|[from] Salt Cure\n|upkeep\n|turn|53\n|\n|t:|1732969710\n|move|p1a: Umbreon|Wish|p1a: Umbreon\n|cant|p2a: Probopass|slp\n|\n|-damage|p2a: Probopass|135/260 slp|[from] Salt Cure\n|upkeep\n|turn|54\n|\n|t:|1732969718\n|switch|p2a: Honchkrow|Honchkrow, L86, F|253/312\n|move|p1a: Umbreon|Toxic|p2a: Honchkrow\n|-status|p2a: Honchkrow|tox\n|\n|-damage|p2a: Honchkrow|234/312 tox|[from] psn\n|upkeep\n|turn|55\n|inactive|Hone Ming has 120 seconds left.\n|\n|t:|1732969732\n|move|p2a: Honchkrow|Brave Bird|p1a: Umbreon\n|-damage|p1a: Umbreon|167/297\n|-damage|p2a: Honchkrow|191/312 tox|[from] Recoil\n|move|p1a: Umbreon|Wish|p1a: Umbreon\n|\n|-heal|p1a: Umbreon|185/297|[from] item: Leftovers\n|-damage|p2a: Honchkrow|153/312 tox|[from] psn\n|upkeep\n|turn|56\n|inactive|Hone Ming has 120 seconds left.\n|\n|t:|1732969742\n|switch|p2a: Lugia|Lugia, L72|102/272\n|move|p1a: Umbreon|Protect||[still]\n|-fail|p1a: Umbreon\n|\n|-heal|p1a: Umbreon|297/297|[from] move: Wish|[wisher] Umbreon\n|upkeep\n|turn|57\n|inactive|Hone Ming has 120 seconds left.\n|\n|t:|1732969752\n|move|p2a: Lugia|Earth Power|p1a: Umbreon\n|-supereffective|p1a: Umbreon\n|-damage|p1a: Umbreon|231/297\n|move|p1a: Umbreon|Toxic|p2a: Lugia\n|-status|p2a: Lugia|tox\n|\n|-heal|p1a: Umbreon|249/297|[from] item: Leftovers\n|-damage|p2a: Lugia|85/272 tox|[from] psn\n|upkeep\n|turn|58\n|inactive|Hone Ming has 120 seconds left.\n|inactive|Hone Ming has 90 seconds left.\n|c|\u2606Dolteyee|so like\n|\n|t:|1732969807\n|move|p2a: Lugia|Recover|p2a: Lugia\n|-heal|p2a: Lugia|221/272 tox\n|move|p1a: Umbreon|Wish|p1a: Umbreon\n|\n|-heal|p1a: Umbreon|267/297|[from] item: Leftovers\n|-damage|p2a: Lugia|187/272 tox|[from] psn\n|upkeep\n|turn|59\n|c|\u2606Dolteyee|how is going to end\n|\n|t:|1732969815\n|move|p2a: Lugia|Calm Mind|p2a: Lugia\n|-boost|p2a: Lugia|spa|1\n|-boost|p2a: Lugia|spd|1\n|move|p1a: Umbreon|Foul Play|p2a: Lugia\n|-supereffective|p2a: Lugia\n|-damage|p2a: Lugia|83/272 tox\n|\n|-heal|p1a: Umbreon|297/297|[from] move: Wish|[wisher] Umbreon\n|-damage|p2a: Lugia|32/272 tox|[from] psn\n|upkeep\n|turn|60\n|\n|t:|1732969826\n|move|p2a: Lugia|Recover|p2a: Lugia\n|-heal|p2a: Lugia|168/272 tox\n|move|p1a: Umbreon|Foul Play|p2a: Lugia\n|-supereffective|p2a: Lugia\n|-damage|p2a: Lugia|54/272 tox\n|\n|-damage|p2a: Lugia|0 fnt|[from] psn\n|faint|p2a: Lugia\n|upkeep\n|\n|t:|1732969838\n|switch|p2a: Probopass|Probopass, L92, F, tera:Fighting|135/260 slp\n|-damage|p2a: Probopass|119/260 slp|[from] Stealth Rock\n|turn|61\n|\n|t:|1732969847\n|move|p1a: Umbreon|Toxic||[still]\n|-fail|p1a: Umbreon\n|-curestatus|p2a: Probopass|slp|[msg]\n|move|p2a: Probopass|Body Press|p1a: Umbreon\n|-resisted|p1a: Umbreon\n|-damage|p1a: Umbreon|241/297\n|\n|-heal|p1a: Umbreon|259/297|[from] item: Leftovers\n|upkeep\n|turn|62\n|\n|t:|1732969864\n|switch|p2a: Wigglytuff|Wigglytuff, L96, F|186/424 brn\n|-damage|p2a: Wigglytuff|133/424 brn|[from] Stealth Rock\n|move|p1a: Umbreon|Toxic||[still]\n|-fail|p1a: Umbreon\n|\n|-heal|p1a: Umbreon|277/297|[from] item: Leftovers\n|-heal|p2a: Wigglytuff|159/424 brn|[from] item: Leftovers\n|-damage|p2a: Wigglytuff|133/424 brn|[from] brn\n|upkeep\n|turn|63\n|\n|t:|1732969877\n|move|p1a: Umbreon|Wish|p1a: Umbreon\n|move|p2a: Wigglytuff|Wish|p2a: Wigglytuff\n|\n|-heal|p1a: Umbreon|295/297|[from] item: Leftovers\n|-heal|p2a: Wigglytuff|159/424 brn|[from] item: Leftovers\n|-damage|p2a: Wigglytuff|133/424 brn|[from] brn\n|upkeep\n|turn|64\n|\n|t:|1732969890\n|switch|p1a: Garganacl|Garganacl, L80, F|291/291\n|move|p2a: Wigglytuff|Thunder Wave|p1a: Garganacl\n|-immune|p1a: Garganacl|[from] ability: Purifying Salt\n|\n|-heal|p2a: Wigglytuff|345/424 brn|[from] move: Wish|[wisher] Wigglytuff\n|-heal|p2a: Wigglytuff|371/424 brn|[from] item: Leftovers\n|-damage|p2a: Wigglytuff|345/424 brn|[from] brn\n|upkeep\n|turn|65\n|\n|t:|1732969902\n|move|p2a: Wigglytuff|Protect|p2a: Wigglytuff\n|-singleturn|p2a: Wigglytuff|Protect\n|move|p1a: Garganacl|Salt Cure|p2a: Wigglytuff\n|-activate|p2a: Wigglytuff|move: Protect\n|\n|-heal|p2a: Wigglytuff|371/424 brn|[from] item: Leftovers\n|-damage|p2a: Wigglytuff|345/424 brn|[from] brn\n|upkeep\n|turn|66\n|c|\u2606Dolteyee|ENOUGH\n|c|\u2606Dolteyee|YOU CANT WIN\n|\n|t:|1732969915\n|move|p2a: Wigglytuff|Alluring Voice|p1a: Garganacl\n|-damage|p1a: Garganacl|182/291\n|move|p1a: Garganacl|Salt Cure|p2a: Wigglytuff\n|-damage|p2a: Wigglytuff|288/424 brn\n|-start|p2a: Wigglytuff|Salt Cure\n|\n|-heal|p2a: Wigglytuff|314/424 brn|[from] item: Leftovers\n|-heal|p1a: Garganacl|200/291|[from] item: Leftovers\n|-damage|p2a: Wigglytuff|288/424 brn|[from] brn\n|-damage|p2a: Wigglytuff|235/424 brn|[from] Salt Cure\n|upkeep\n|turn|67\n|\n|t:|1732969927\n|switch|p2a: Honchkrow|Honchkrow, L86, F|153/312 tox\n|move|p1a: Garganacl|Recover|p1a: Garganacl\n|-heal|p1a: Garganacl|291/291\n|\n|-damage|p2a: Honchkrow|134/312 tox|[from] psn\n|upkeep\n|turn|68\n|\n|t:|1732969938\n|move|p2a: Honchkrow|Heat Wave|p1a: Garganacl\n|-resisted|p1a: Garganacl\n|-damage|p1a: Garganacl|256/291\n|move|p1a: Garganacl|Salt Cure|p2a: Honchkrow\n|-supereffective|p2a: Honchkrow\n|-damage|p2a: Honchkrow|12/312 tox\n|-start|p2a: Honchkrow|Salt Cure\n|\n|-heal|p1a: Garganacl|274/291|[from] item: Leftovers\n|-damage|p2a: Honchkrow|0 fnt|[from] psn\n|faint|p2a: Honchkrow\n|upkeep\n|\n|t:|1732969951\n|switch|p2a: Probopass|Probopass, L92, F, tera:Fighting|119/260\n|-damage|p2a: Probopass|103/260|[from] Stealth Rock\n|turn|69\n|\n|t:|1732969958\n|switch|p1a: Umbreon|Umbreon, L84, M, tera:Poison|295/297\n|move|p2a: Probopass|Power Gem|p1a: Umbreon\n|-damage|p1a: Umbreon|238/297\n|\n|-heal|p1a: Umbreon|256/297|[from] item: Leftovers\n|upkeep\n|turn|70\n|\n|t:|1732969968\n|switch|p2a: Wigglytuff|Wigglytuff, L96, F|235/424 brn\n|-damage|p2a: Wigglytuff|182/424 brn|[from] Stealth Rock\n|move|p1a: Umbreon|Toxic||[still]\n|-fail|p1a: Umbreon\n|\n|-heal|p1a: Umbreon|274/297|[from] item: Leftovers\n|-heal|p2a: Wigglytuff|208/424 brn|[from] item: Leftovers\n|-damage|p2a: Wigglytuff|182/424 brn|[from] brn\n|upkeep\n|turn|71\n|\n|t:|1732969980\n|move|p1a: Umbreon|Foul Play|p2a: Wigglytuff\n|-resisted|p2a: Wigglytuff\n|-damage|p2a: Wigglytuff|137/424 brn\n|move|p2a: Wigglytuff|Alluring Voice|p1a: Umbreon\n|-resisted|p1a: Umbreon\n|-damage|p1a: Umbreon|236/297\n|\n|-heal|p1a: Umbreon|254/297|[from] item: Leftovers\n|-heal|p2a: Wigglytuff|163/424 brn|[from] item: Leftovers\n|-damage|p2a: Wigglytuff|137/424 brn|[from] brn\n|upkeep\n|turn|72\n|\n|t:|1732969992\n|move|p1a: Umbreon|Foul Play|p2a: Wigglytuff\n|-resisted|p2a: Wigglytuff\n|-crit|p2a: Wigglytuff\n|-damage|p2a: Wigglytuff|66/424 brn\n|move|p2a: Wigglytuff|Alluring Voice|p1a: Umbreon\n|-resisted|p1a: Umbreon\n|-damage|p1a: Umbreon|220/297\n|\n|-heal|p1a: Umbreon|238/297|[from] item: Leftovers\n|-heal|p2a: Wigglytuff|92/424 brn|[from] item: Leftovers\n|-damage|p2a: Wigglytuff|66/424 brn|[from] brn\n|upkeep\n|turn|73\n|\n|t:|1732970003\n|move|p1a: Umbreon|Foul Play|p2a: Wigglytuff\n|-resisted|p2a: Wigglytuff\n|-damage|p2a: Wigglytuff|24/424 brn\n|move|p2a: Wigglytuff|Wish|p2a: Wigglytuff\n|\n|-heal|p1a: Umbreon|256/297|[from] item: Leftovers\n|-heal|p2a: Wigglytuff|50/424 brn|[from] item: Leftovers\n|-damage|p2a: Wigglytuff|24/424 brn|[from] brn\n|upkeep\n|turn|74\n|\n|t:|1732970013\n|switch|p1a: Garganacl|Garganacl, L80, F|274/291\n|move|p2a: Wigglytuff|Protect||[still]\n|-fail|p2a: Wigglytuff\n|\n|-heal|p2a: Wigglytuff|236/424 brn|[from] move: Wish|[wisher] Wigglytuff\n|-heal|p2a: Wigglytuff|262/424 brn|[from] item: Leftovers\n|-heal|p1a: Garganacl|291/291|[from] item: Leftovers\n|-damage|p2a: Wigglytuff|236/424 brn|[from] brn\n|upkeep\n|turn|75\n|\n|t:|1732970034\n|move|p2a: Wigglytuff|Protect|p2a: Wigglytuff\n|-singleturn|p2a: Wigglytuff|Protect\n|move|p1a: Garganacl|Salt Cure|p2a: Wigglytuff\n|-activate|p2a: Wigglytuff|move: Protect\n|\n|-heal|p2a: Wigglytuff|262/424 brn|[from] item: Leftovers\n|-damage|p2a: Wigglytuff|236/424 brn|[from] brn\n|upkeep\n|turn|76\n|\n|t:|1732970044\n|switch|p2a: Probopass|Probopass, L92, F, tera:Fighting|103/260\n|-damage|p2a: Probopass|87/260|[from] Stealth Rock\n|move|p1a: Garganacl|Salt Cure|p2a: Probopass\n|-resisted|p2a: Probopass\n|-damage|p2a: Probopass|75/260\n|-start|p2a: Probopass|Salt Cure\n|\n|-damage|p2a: Probopass|43/260|[from] Salt Cure\n|upkeep\n|turn|77\n|\n|t:|1732970055\n|switch|p1a: Umbreon|Umbreon, L84, M, tera:Poison|256/297\n|move|p2a: Probopass|Rest|p2a: Probopass\n|-status|p2a: Probopass|slp|[from] move: Rest\n|-heal|p2a: Probopass|260/260 slp|[silent]\n|\n|-heal|p1a: Umbreon|274/297|[from] item: Leftovers\n|-damage|p2a: Probopass|228/260 slp|[from] Salt Cure\n|upkeep\n|turn|78\n|\n|t:|1732970066\n|switch|p2a: Wigglytuff|Wigglytuff, L96, F|236/424 brn\n|-damage|p2a: Wigglytuff|183/424 brn|[from] Stealth Rock\n|move|p1a: Umbreon|Foul Play|p2a: Wigglytuff\n|-resisted|p2a: Wigglytuff\n|-damage|p2a: Wigglytuff|135/424 brn\n|\n|-heal|p1a: Umbreon|292/297|[from] item: Leftovers\n|-heal|p2a: Wigglytuff|161/424 brn|[from] item: Leftovers\n|-damage|p2a: Wigglytuff|135/424 brn|[from] brn\n|upkeep\n|turn|79\n|\n|t:|1732970078\n|move|p1a: Umbreon|Foul Play|p2a: Wigglytuff\n|-resisted|p2a: Wigglytuff\n|-damage|p2a: Wigglytuff|87/424 brn\n|move|p2a: Wigglytuff|Wish|p2a: Wigglytuff\n|\n|-heal|p1a: Umbreon|297/297|[from] item: Leftovers\n|-heal|p2a: Wigglytuff|113/424 brn|[from] item: Leftovers\n|-damage|p2a: Wigglytuff|87/424 brn|[from] brn\n|upkeep\n|turn|80\n|\n|t:|1732970088\n|move|p1a: Umbreon|Foul Play|p2a: Wigglytuff\n|-resisted|p2a: Wigglytuff\n|-damage|p2a: Wigglytuff|39/424 brn\n|move|p2a: Wigglytuff|Alluring Voice|p1a: Umbreon\n|-resisted|p1a: Umbreon\n|-damage|p1a: Umbreon|258/297\n|\n|-heal|p2a: Wigglytuff|251/424 brn|[from] move: Wish|[wisher] Wigglytuff\n|-heal|p1a: Umbreon|276/297|[from] item: Leftovers\n|-heal|p2a: Wigglytuff|277/424 brn|[from] item: Leftovers\n|-damage|p2a: Wigglytuff|251/424 brn|[from] brn\n|upkeep\n|turn|81\n|\n|t:|1732970101\n|move|p1a: Umbreon|Foul Play|p2a: Wigglytuff\n|-resisted|p2a: Wigglytuff\n|-damage|p2a: Wigglytuff|206/424 brn\n|move|p2a: Wigglytuff|Wish|p2a: Wigglytuff\n|\n|-heal|p1a: Umbreon|294/297|[from] item: Leftovers\n|-heal|p2a: Wigglytuff|232/424 brn|[from] item: Leftovers\n|-damage|p2a: Wigglytuff|206/424 brn|[from] brn\n|upkeep\n|turn|82\n|\n|t:|1732970112\n|move|p2a: Wigglytuff|Protect|p2a: Wigglytuff\n|-singleturn|p2a: Wigglytuff|Protect\n|move|p1a: Umbreon|Foul Play|p2a: Wigglytuff\n|-activate|p2a: Wigglytuff|move: Protect\n|\n|-heal|p2a: Wigglytuff|418/424 brn|[from] move: Wish|[wisher] Wigglytuff\n|-heal|p1a: Umbreon|297/297|[from] item: Leftovers\n|-heal|p2a: Wigglytuff|424/424 brn|[from] item: Leftovers\n|-damage|p2a: Wigglytuff|398/424 brn|[from] brn\n|upkeep\n|turn|83\n|\n|t:|1732970125\n|move|p1a: Umbreon|Foul Play|p2a: Wigglytuff\n|-resisted|p2a: Wigglytuff\n|-damage|p2a: Wigglytuff|356/424 brn\n|move|p2a: Wigglytuff|Thunder Wave||[still]\n|-status|p1a: Umbreon|par\n|-activate|p1a: Umbreon|ability: Synchronize\n|-fail|p1a: Umbreon\n|\n|-heal|p2a: Wigglytuff|382/424 brn|[from] item: Leftovers\n|-damage|p2a: Wigglytuff|356/424 brn|[from] brn\n|upkeep\n|turn|84\n|\n|t:|1732970138\n|switch|p1a: Garganacl|Garganacl, L80, F|291/291\n|move|p2a: Wigglytuff|Alluring Voice|p1a: Garganacl\n|-damage|p1a: Garganacl|182/291\n|\n|-heal|p2a: Wigglytuff|382/424 brn|[from] item: Leftovers\n|-heal|p1a: Garganacl|200/291|[from] item: Leftovers\n|-damage|p2a: Wigglytuff|356/424 brn|[from] brn\n|upkeep\n|turn|85\n|\n|t:|1732970151\n|move|p2a: Wigglytuff|Alluring Voice|p1a: Garganacl\n|-damage|p1a: Garganacl|91/291\n|move|p1a: Garganacl|Salt Cure|p2a: Wigglytuff\n|-damage|p2a: Wigglytuff|304/424 brn\n|-start|p2a: Wigglytuff|Salt Cure\n|\n|-heal|p2a: Wigglytuff|330/424 brn|[from] item: Leftovers\n|-heal|p1a: Garganacl|109/291|[from] item: Leftovers\n|-damage|p2a: Wigglytuff|304/424 brn|[from] brn\n|-damage|p2a: Wigglytuff|251/424 brn|[from] Salt Cure\n|upkeep\n|turn|86\n|\n|t:|1732970163\n|move|p2a: Wigglytuff|Alluring Voice|p1a: Garganacl\n|-damage|p1a: Garganacl|10/291\n|move|p1a: Garganacl|Recover|p1a: Garganacl\n|-heal|p1a: Garganacl|156/291\n|\n|-heal|p2a: Wigglytuff|277/424 brn|[from] item: Leftovers\n|-heal|p1a: Garganacl|174/291|[from] item: Leftovers\n|-damage|p2a: Wigglytuff|251/424 brn|[from] brn\n|-damage|p2a: Wigglytuff|198/424 brn|[from] Salt Cure\n|upkeep\n|turn|87\n|\n|t:|1732970174\n|switch|p2a: Probopass|Probopass, L92, F, tera:Fighting|228/260 slp\n|-damage|p2a: Probopass|212/260 slp|[from] Stealth Rock\n|move|p1a: Garganacl|Recover|p1a: Garganacl\n|-heal|p1a: Garganacl|291/291\n|\n|upkeep\n|turn|88\n|\n|t:|1732970184\n|cant|p2a: Probopass|slp\n|move|p1a: Garganacl|Salt Cure|p2a: Probopass\n|-resisted|p2a: Probopass\n|-crit|p2a: Probopass\n|-damage|p2a: Probopass|194/260 slp\n|-start|p2a: Probopass|Salt Cure\n|\n|-damage|p2a: Probopass|162/260 slp|[from] Salt Cure\n|upkeep\n|turn|89\n|\n|t:|1732970193\n|cant|p2a: Probopass|slp\n|move|p1a: Garganacl|Earthquake|p2a: Probopass\n|-damage|p2a: Probopass|122/260 slp\n|\n|-damage|p2a: Probopass|90/260 slp|[from] Salt Cure\n|upkeep\n|turn|90\n|\n|t:|1732970203\n|-curestatus|p2a: Probopass|slp|[msg]\n|move|p2a: Probopass|Body Press|p1a: Garganacl\n|-supereffective|p1a: Garganacl\n|-damage|p1a: Garganacl|79/291\n|move|p1a: Garganacl|Earthquake|p2a: Probopass\n|-damage|p2a: Probopass|51/260\n|\n|-heal|p1a: Garganacl|97/291|[from] item: Leftovers\n|-damage|p2a: Probopass|19/260|[from] Salt Cure\n|upkeep\n|turn|91\n|inactive|Hone Ming has 90 seconds left.\n|\n|t:|1732970216\n|switch|p1a: Umbreon|Umbreon, L84, M, tera:Poison|297/297 par\n|move|p2a: Probopass|Rest|p2a: Probopass\n|-status|p2a: Probopass|slp|[from] move: Rest\n|-heal|p2a: Probopass|260/260 slp|[silent]\n|\n|-damage|p2a: Probopass|228/260 slp|[from] Salt Cure\n|upkeep\n|turn|92\n|inactive|Hone Ming has 90 seconds left.\n|\n|t:|1732970227\n|switch|p2a: Wigglytuff|Wigglytuff, L96, F|198/424 brn\n|-damage|p2a: Wigglytuff|145/424 brn|[from] Stealth Rock\n|switch|p1a: Garganacl|Garganacl, L80, F|97/291\n|\n|-heal|p2a: Wigglytuff|171/424 brn|[from] item: Leftovers\n|-heal|p1a: Garganacl|115/291|[from] item: Leftovers\n|-damage|p2a: Wigglytuff|145/424 brn|[from] brn\n|upkeep\n|turn|93\n|\n|t:|1732970244\n|move|p2a: Wigglytuff|Wish|p2a: Wigglytuff\n|move|p1a: Garganacl|Recover|p1a: Garganacl\n|-heal|p1a: Garganacl|261/291\n|\n|-heal|p2a: Wigglytuff|171/424 brn|[from] item: Leftovers\n|-heal|p1a: Garganacl|279/291|[from] item: Leftovers\n|-damage|p2a: Wigglytuff|145/424 brn|[from] brn\n|upkeep\n|turn|94\n|inactive|Dolteyee has 120 seconds left.\n|\n|t:|1732970282\n|move|p2a: Wigglytuff|Alluring Voice|p1a: Garganacl\n|-damage|p1a: Garganacl|173/291\n|move|p1a: Garganacl|Salt Cure|p2a: Wigglytuff\n|-damage|p2a: Wigglytuff|88/424 brn\n|-start|p2a: Wigglytuff|Salt Cure\n|\n|-heal|p2a: Wigglytuff|300/424 brn|[from] move: Wish|[wisher] Wigglytuff\n|-heal|p2a: Wigglytuff|326/424 brn|[from] item: Leftovers\n|-heal|p1a: Garganacl|191/291|[from] item: Leftovers\n|-damage|p2a: Wigglytuff|300/424 brn|[from] brn\n|-damage|p2a: Wigglytuff|247/424 brn|[from] Salt Cure\n|upkeep\n|turn|95\n|\n|t:|1732970296\n|switch|p2a: Probopass|Probopass, L92, F, tera:Fighting|228/260 slp\n|-damage|p2a: Probopass|212/260 slp|[from] Stealth Rock\n|move|p1a: Garganacl|Earthquake|p2a: Probopass\n|-damage|p2a: Probopass|174/260 slp\n|\n|-heal|p1a: Garganacl|209/291|[from] item: Leftovers\n|upkeep\n|turn|96\n|\n|t:|1732970305\n|cant|p2a: Probopass|slp\n|move|p1a: Garganacl|Salt Cure|p2a: Probopass\n|-resisted|p2a: Probopass\n|-damage|p2a: Probopass|161/260 slp\n|-start|p2a: Probopass|Salt Cure\n|\n|-heal|p1a: Garganacl|227/291|[from] item: Leftovers\n|-damage|p2a: Probopass|129/260 slp|[from] Salt Cure\n|upkeep\n|turn|97\n|inactive|Dolteyee has 120 seconds left.\n|\n|t:|1732970318\n|cant|p2a: Probopass|slp\n|move|p1a: Garganacl|Earthquake|p2a: Probopass\n|-damage|p2a: Probopass|89/260 slp\n|\n|-heal|p1a: Garganacl|245/291|[from] item: Leftovers\n|-damage|p2a: Probopass|57/260 slp|[from] Salt Cure\n|upkeep\n|turn|98\n|inactive|Dolteyee has 120 seconds left.\n|\n|t:|1732970332\n|-curestatus|p2a: Probopass|slp|[msg]\n|move|p2a: Probopass|Body Press|p1a: Garganacl\n|-supereffective|p1a: Garganacl\n|-damage|p1a: Garganacl|33/291\n|move|p1a: Garganacl|Earthquake|p2a: Probopass\n|-damage|p2a: Probopass|15/260\n|\n|-heal|p1a: Garganacl|51/291|[from] item: Leftovers\n|-damage|p2a: Probopass|0 fnt|[from] Salt Cure\n|faint|p2a: Probopass\n|upkeep\n|c|\u2606Dolteyee|FINALLY\n|inactive|Hone Ming has 60 seconds left.\n|c|\u2606Dolteyee|THANK GOD\n|\n|t:|1732970344\n|switch|p2a: Wigglytuff|Wigglytuff, L96, F|247/424 brn\n|-damage|p2a: Wigglytuff|194/424 brn|[from] Stealth Rock\n|turn|99\n|inactive|Hone Ming has 60 seconds left.\n|\n|t:|1732970351\n|switch|p1a: Umbreon|Umbreon, L84, M, tera:Poison|297/297 par\n|move|p2a: Wigglytuff|Alluring Voice|p1a: Umbreon\n|-resisted|p1a: Umbreon\n|-damage|p1a: Umbreon|261/297 par\n|\n|-heal|p2a: Wigglytuff|220/424 brn|[from] item: Leftovers\n|-heal|p1a: Umbreon|279/297 par|[from] item: Leftovers\n|-damage|p2a: Wigglytuff|194/424 brn|[from] brn\n|upkeep\n|turn|100\n|inactive|Hone Ming has 60 seconds left.\n|\n|t:|1732970364\n|move|p2a: Wigglytuff|Wish|p2a: Wigglytuff\n|move|p1a: Umbreon|Foul Play|p2a: Wigglytuff\n|-resisted|p2a: Wigglytuff\n|-damage|p2a: Wigglytuff|151/424 brn\n|\n|-heal|p2a: Wigglytuff|177/424 brn|[from] item: Leftovers\n|-heal|p1a: Umbreon|297/297 par|[from] item: Leftovers\n|-damage|p2a: Wigglytuff|151/424 brn|[from] brn\n|upkeep\n|turn|101\n|c|\u2606Dolteyee|PLEASE MAN\n|\n|t:|1732970374\n|move|p2a: Wigglytuff|Alluring Voice|p1a: Umbreon\n|-resisted|p1a: Umbreon\n|-damage|p1a: Umbreon|258/297 par\n|cant|p1a: Umbreon|par\n|\n|-heal|p2a: Wigglytuff|363/424 brn|[from] move: Wish|[wisher] Wigglytuff\n|-heal|p2a: Wigglytuff|389/424 brn|[from] item: Leftovers\n|-heal|p1a: Umbreon|276/297 par|[from] item: Leftovers\n|-damage|p2a: Wigglytuff|363/424 brn|[from] brn\n|upkeep\n|turn|102\n|c|\u2606Dolteyee|Just forfeit\n|c|\u2606Dolteyee|im going to win eventually\n|c|\u2606Dolteyee|its just making this hurt so much\n|inactive|Dolteyee has 120 seconds left.\n|\n|t:|1732970394\n|move|p2a: Wigglytuff|Alluring Voice|p1a: Umbreon\n|-resisted|p1a: Umbreon\n|-crit|p1a: Umbreon\n|-damage|p1a: Umbreon|221/297 par\n|cant|p1a: Umbreon|par\n|\n|-heal|p2a: Wigglytuff|389/424 brn|[from] item: Leftovers\n|-heal|p1a: Umbreon|239/297 par|[from] item: Leftovers\n|-damage|p2a: Wigglytuff|363/424 brn|[from] brn\n|upkeep\n|turn|103\n|\n|t:|1732970404\n|move|p2a: Wigglytuff|Alluring Voice|p1a: Umbreon\n|-resisted|p1a: Umbreon\n|-damage|p1a: Umbreon|203/297 par\n|move|p1a: Umbreon|Wish|p1a: Umbreon\n|\n|-heal|p2a: Wigglytuff|389/424 brn|[from] item: Leftovers\n|-heal|p1a: Umbreon|221/297 par|[from] item: Leftovers\n|-damage|p2a: Wigglytuff|363/424 brn|[from] brn\n|upkeep\n|turn|104\n|inactive|Hone Ming has 30 seconds left.\n|\n|t:|1732970421\n|move|p2a: Wigglytuff|Thunder Wave|p1a: Umbreon\n|-fail|p1a: Umbreon|par\n|cant|p1a: Umbreon|par\n|\n|-heal|p1a: Umbreon|297/297 par|[from] move: Wish|[wisher] Umbreon\n|-heal|p2a: Wigglytuff|389/424 brn|[from] item: Leftovers\n|-damage|p2a: Wigglytuff|363/424 brn|[from] brn\n|upkeep\n|turn|105\n|inactive|Hone Ming has 30 seconds left.\n|\n|t:|1732970432\n|move|p2a: Wigglytuff|Wish|p2a: Wigglytuff\n|move|p1a: Umbreon|Wish|p1a: Umbreon\n|\n|-heal|p2a: Wigglytuff|389/424 brn|[from] item: Leftovers\n|-damage|p2a: Wigglytuff|363/424 brn|[from] brn\n|upkeep\n|turn|106\n|inactive|Hone Ming has 30 seconds left this turn.\n|inactive|Hone Ming has 20 seconds left.\n|inactive|Hone Ming has 15 seconds left.\n|\n|t:|1732970449\n|move|p2a: Wigglytuff|Thunder Wave|p1a: Umbreon\n|-fail|p1a: Umbreon|par\n|move|p1a: Umbreon|Foul Play|p2a: Wigglytuff\n|-resisted|p2a: Wigglytuff\n|-crit|p2a: Wigglytuff\n|-damage|p2a: Wigglytuff|290/424 brn\n|\n|-heal|p2a: Wigglytuff|424/424 brn|[from] move: Wish|[wisher] Wigglytuff\n|-damage|p2a: Wigglytuff|398/424 brn|[from] brn\n|upkeep\n|turn|107\n|inactive|Hone Ming has 20 seconds left this turn.\n|inactive|Hone Ming has 15 seconds left.\n|inactive|Hone Ming has 10 seconds left.\n|\n|t:|1732970460\n|move|p2a: Wigglytuff|Thunder Wave|p1a: Umbreon\n|-fail|p1a: Umbreon|par\n|move|p1a: Umbreon|Wish|p1a: Umbreon\n|\n|-heal|p2a: Wigglytuff|424/424 brn|[from] item: Leftovers\n|-damage|p2a: Wigglytuff|398/424 brn|[from] brn\n|upkeep\n|turn|108\n|inactive|Hone Ming has 15 seconds left this turn.\n|inactive|Hone Ming has 10 seconds left.\n|\n|t:|1732970468\n|switch|p1a: Garganacl|Garganacl, L80, F|51/291\n|move|p2a: Wigglytuff|Thunder Wave|p1a: Garganacl\n|-immune|p1a: Garganacl|[from] ability: Purifying Salt\n|\n|-heal|p1a: Garganacl|199/291|[from] move: Wish|[wisher] Umbreon\n|-heal|p2a: Wigglytuff|424/424 brn|[from] item: Leftovers\n|-heal|p1a: Garganacl|217/291|[from] item: Leftovers\n|-damage|p2a: Wigglytuff|398/424 brn|[from] brn\n|upkeep\n|turn|109\n|inactive|Hone Ming has 15 seconds left this turn.\n|inactive|Hone Ming has 10 seconds left.\n|inactive|Hone Ming has 5 seconds left.\n|\n|t:|1732970481\n|move|p2a: Wigglytuff|Alluring Voice|p1a: Garganacl\n|-damage|p1a: Garganacl|117/291\n|move|p1a: Garganacl|Salt Cure|p2a: Wigglytuff\n|-damage|p2a: Wigglytuff|344/424 brn\n|-start|p2a: Wigglytuff|Salt Cure\n|\n|-heal|p2a: Wigglytuff|370/424 brn|[from] item: Leftovers\n|-heal|p1a: Garganacl|135/291|[from] item: Leftovers\n|-damage|p2a: Wigglytuff|344/424 brn|[from] brn\n|-damage|p2a: Wigglytuff|291/424 brn|[from] Salt Cure\n|upkeep\n|turn|110\n|inactive|Hone Ming has 10 seconds left this turn.\n|inactive|Hone Ming has 5 seconds left.\n|-message|Hone Ming lost due to inactivity.\n|\n|win|Dolteyee\n", "inputlog": ">version b107d77f5c90bd6555267ae244a6264823309ead\n>start {\"formatid\":\"gen9randombattle\",\"seed\":[641,28738,46662,43214],\"rated\":\"Rated battle\"}\n>player p1 {\"name\":\"Dolteyee\",\"avatar\":\"koga\",\"rating\":1449,\"seed\":[62623,38107,35015,37383]}\n>player p2 {\"name\":\"Hone Ming\",\"avatar\":\"red\",\"rating\":1464,\"seed\":[2960,29263,3528,773]}\n>p1 switch 4\n>p2 move bulkup\n>p1 move willowisp\n>p2 move bulkup\n>p1 move shadowball\n>p2 move bulkup\n>p1 move shadowball\n>p2 move bulkup\n>p1 move shadowball\n>p2 move hornleech\n>p1 move shadowball\n>p2 switch 4\n>p1 switch 4\n>p2 move heatwave\n>p1 move saltcure\n>p2 switch 3\n>p1 switch 4\n>p2 move liquidation\n>p1 move drainingkiss\n>p2 move liquidation\n>p1 switch 2\n>p1 move filletaway\n>p2 switch 3\n>p1 move aquacutter\n>p2 move suckerpunch\n>p1 switch 4\n>p1 move saltcure\n>p2 switch 3\n>p1 switch 6\n>p2 move closecombat\n>p2 switch 3\n>p1 switch 6\n>p2 switch 4\n>p1 switch 6\n>p2 switch 6\n>p1 switch 5\n>p2 move thunderwave\n>p1 move toxic\n>p2 move protect\n>p1 move toxic\n>p2 switch 5\n>p1 switch 3\n>p2 move powergem\n>p1 move hydropump\n>p2 move irondefense terastallize\n>p1 move hydropump\n>p2 move bodypress\n>p1 switch 5\n>p1 move dracometeor\n>p2 switch 5\n>p1 switch 6\n>p2 move thunderwave\n>p1 move saltcure\n>p2 switch 5\n>p1 switch 6\n>p2 move rest\n>p1 move willowisp\n>p2 switch 5\n>p1 switch 6\n>p2 move alluringvoice\n>p1 move saltcure\n>p2 move protect\n>p1 move saltcure\n>p2 move wish\n>p1 move stealthrock\n>p2 move alluringvoice\n>p1 move recover\n>p2 move alluringvoice\n>p1 move recover\n>p2 switch 5\n>p1 switch 6\n>p2 move powergem\n>p1 move willowisp\n>p2 switch 5\n>p1 switch 6\n>p2 switch 5\n>p1 switch 6\n>p2 move powergem\n>p1 switch 6\n>p2 switch 5\n>p1 move saltcure\n>p2 switch 6\n>p2 switch 2\n>p1 move saltcure\n>p2 move calmmind\n>p1 switch 6\n>p2 move calmmind\n>p1 move poltergeist\n>p2 move aeroblast\n>p1 switch 3\n>p1 move wish\n>p2 move aeroblast\n>p1 move toxic\n>p2 switch 5\n>p1 move toxic terastallize\n>p2 move irondefense\n>p1 move foulplay\n>p2 move irondefense\n>p1 move protect\n>p2 move bodypress\n>p1 move wish\n>p2 move bodypress\n>p1 move protect\n>p2 move rest\n>p1 switch 6\n>p2 switch 5\n>p1 move saltcure\n>p2 switch 5\n>p1 switch 6\n>p2 move bodypress\n>p1 move wish\n>p2 move bodypress\n>p1 move toxic\n>p2 switch 4\n>p1 move wish\n>p2 move bravebird\n>p1 move protect\n>p2 switch 5\n>p1 move toxic\n>p2 move earthpower\n>chat \u2606Dolteyee|so like\n>p1 move wish\n>p2 move recover\n>chat \u2606Dolteyee|how is going to end\n>p1 move foulplay\n>p2 move calmmind\n>p1 move foulplay\n>p2 move recover\n>p2 switch 4\n>p1 move toxic\n>p2 move bodypress\n>p1 move toxic\n>p2 switch 6\n>p1 move wish\n>p2 move wish\n>p1 switch 6\n>p2 move thunderwave\n>p1 move saltcure\n>p2 move protect\n>chat \u2606Dolteyee|ENOUGH\n>chat \u2606Dolteyee|YOU CANT WIN\n>p1 move saltcure\n>p2 move alluringvoice\n>p1 move recover\n>p2 switch 5\n>p1 move saltcure\n>p2 move heatwave\n>p2 switch 6\n>p1 switch 6\n>p2 move powergem\n>p1 move toxic\n>p2 switch 5\n>p1 move foulplay\n>p2 move alluringvoice\n>p1 move foulplay\n>p2 move alluringvoice\n>p1 move foulplay\n>p2 move wish\n>p1 switch 6\n>p2 move protect\n>p1 move saltcure\n>p2 move protect\n>p1 move saltcure\n>p2 switch 5\n>p1 switch 6\n>p2 move rest\n>p1 move foulplay\n>p2 switch 5\n>p1 move foulplay\n>p2 move wish\n>p1 move foulplay\n>p2 move alluringvoice\n>p1 move foulplay\n>p2 move wish\n>p1 move foulplay\n>p2 move protect\n>p1 move foulplay\n>p2 move thunderwave\n>p1 switch 6\n>p2 move alluringvoice\n>p1 move saltcure\n>p2 move alluringvoice\n>p1 move recover\n>p2 move alluringvoice\n>p1 move recover\n>p2 switch 5\n>p1 move saltcure\n>p2 move bodypress\n>p1 move earthquake\n>p2 move bodypress\n>p1 move earthquake\n>p2 move bodypress\n>p1 switch 6\n>p2 move rest\n>p1 switch 6\n>p2 switch 5\n>p1 move recover\n>p2 move wish\n>p1 move saltcure\n>p2 move alluringvoice\n>p1 move earthquake\n>p2 switch 5\n>p1 move saltcure\n>p2 move bodypress\n>p1 move earthquake\n>p2 move bodypress\n>p1 move earthquake\n>p2 move bodypress\n>chat \u2606Dolteyee|FINALLY\n>chat \u2606Dolteyee|THANK GOD\n>p2 switch 5\n>p1 switch 6\n>p2 move alluringvoice\n>p1 move foulplay\n>p2 move wish\n>chat \u2606Dolteyee|PLEASE MAN\n>p1 move foulplay\n>p2 move alluringvoice\n>chat \u2606Dolteyee|Just forfeit\n>chat \u2606Dolteyee|im going to win eventually\n>chat \u2606Dolteyee|its just making this hurt so much\n>p1 move wish\n>p2 move alluringvoice\n>p1 move wish\n>p2 move alluringvoice\n>p1 move foulplay\n>p2 move thunderwave\n>p1 move wish\n>p2 move wish\n>p1 move foulplay\n>p2 move thunderwave\n>p1 move wish\n>p2 move thunderwave\n>p1 switch 6\n>p2 move thunderwave\n>p1 move saltcure\n>p2 move alluringvoice\n>forcelose p2", "uploadtime": 1732970278, "views": 7, "formatid": "gen9randombattle", "rating": null, "private": 0, "password": null}