{"id": "gen9randombattle-2254099229", "format": "[Gen 9] Random Battle", "players": ["kandkad", "paysa"], "log": "|badge|p1|silver|gen9randombattle|30-3\n|uhtml|medal-msg|<div class=\"broadcast-blue\">Curious what those medals under the avatar are? PS now has Ladder Seasons! For more information, check out the <a href=\"https://www.smogon.com/forums/threads/3740067/\">thread on Smogon.</a></div>\n|badge|p2|gold|gen9randombattle|3-3\n|uhtml|medal-msg|<div class=\"broadcast-blue\">Curious what those medals under the avatar are? PS now has Ladder Seasons! For more information, check out the <a href=\"https://www.smogon.com/forums/threads/3740067/\">thread on Smogon.</a></div>\n|j|\u2606kandkad\n|j|\u2606paysa\n|t:|1732991161\n|gametype|singles\n|player|p1|kandkad|wulfric|2441\n|player|p2|paysa|101|2586\n|teamsize|p1|6\n|teamsize|p2|6\n|gen|9\n|tier|[Gen 9] Random Battle\n|rated|\n|rule|Species Clause: Limit one of each Pok\u00e9mon\n|rule|HP Percentage Mod: HP is shown in percentages\n|rule|Sleep Clause Mod: Limit one foe put to sleep\n|rule|Illusion Level Mod: Illusion disguises the Pok\u00e9mon's true level\n|\n|t:|1732991161\n|start\n|switch|p1a: Garganacl|Garganacl, L80, M|291/291\n|switch|p2a: Sinistcha|Sinistcha, L83|254/254\n|turn|1\n|inactive|Battle timer is ON: inactive players will automatically lose when time's up. (requested by paysa)\n|inactive|kandkad also wants the timer to be on.\n|inactive|paysa has 120 seconds left.\n|\n|t:|1732991204\n|switch|p1a: Cacturne|Cacturne, L92, F|278/278\n|move|p2a: Sinistcha|Matcha Gotcha|p1a: Cacturne\n|-resisted|p1a: Cacturne\n|-damage|p1a: Cacturne|218/278\n|\n|upkeep\n|turn|2\n|\n|t:|1732991216\n|switch|p2a: Hydreigon|Hydreigon, L79, F|275/275\n|move|p1a: Cacturne|Knock Off|p2a: Hydreigon\n|-resisted|p2a: Hydreigon\n|-damage|p2a: Hydreigon|175/275\n|-enditem|p2a: Hydreigon|Life Orb|[from] move: Knock Off|[of] p1a: Cacturne\n|-damage|p1a: Cacturne|191/278|[from] item: Life Orb\n|\n|upkeep\n|turn|3\n|j| frag121\n|\n|t:|1732991229\n|switch|p1a: Lumineon|Lumineon, L93, M|279/279\n|move|p2a: Hydreigon|Nasty Plot|p2a: Hydreigon\n|-boost|p2a: Hydreigon|spa|2\n|\n|upkeep\n|turn|4\n|\n|t:|1732991233\n|switch|p2a: Hypno|Hypno, L95, M|315/315\n|move|p1a: Lumineon|U-turn|p2a: Hypno\n|-supereffective|p2a: Hypno\n|-damage|p2a: Hypno|217/315\n|\n|t:|1732991239\n|switch|p1a: Cacturne|Cacturne, L92, F|191/278|[from] U-turn\n|\n|-heal|p2a: Hypno|236/315|[from] item: Leftovers\n|upkeep\n|turn|5\n|\n|t:|1732991248\n|move|p2a: Hypno|Focus Blast|p1a: Cacturne\n|-supereffective|p1a: Cacturne\n|-damage|p1a: Cacturne|0 fnt\n|faint|p1a: Cacturne\n|\n|-heal|p2a: Hypno|255/315|[from] item: Leftovers\n|upkeep\n|\n|t:|1732991256\n|switch|p1a: Urshifu|Urshifu, L74, F|270/270\n|turn|6\n|\n|t:|1732991279\n|switch|p2a: Hydreigon|Hydreigon, L79, F|175/275\n|move|p1a: Urshifu|Wicked Blow|p2a: Hydreigon\n|-resisted|p2a: Hydreigon\n|-crit|p2a: Hydreigon\n|-damage|p2a: Hydreigon|98/275\n|-damage|p1a: Urshifu|243/270|[from] item: Life Orb\n|\n|upkeep\n|turn|7\n|\n|t:|1732991286\n|switch|p1a: Lumineon|Lumineon, L93, M|279/279\n|move|p2a: Hydreigon|Draco Meteor|p1a: Lumineon|[miss]\n|-miss|p2a: Hydreigon|p1a: Lumineon\n|\n|upkeep\n|turn|8\n|\n|t:|1732991293\n|switch|p2a: Venusaur|Venusaur, L84, F|272/272\n|move|p1a: Lumineon|U-turn|p2a: Venusaur\n|-damage|p2a: Venusaur|227/272\n|\n|t:|1732991297\n|switch|p1a: Tauros|Tauros-Paldea-Blaze, L81, M|252/252|[from] U-turn\n|\n|-heal|p2a: Venusaur|244/272|[from] item: Leftovers\n|upkeep\n|turn|9\n|\n|t:|1732991308\n|switch|p2a: Hypno|Hypno, L95, M|255/315\n|move|p1a: Tauros|Bulk Up|p1a: Tauros\n|-boost|p1a: Tauros|atk|1\n|-boost|p1a: Tauros|def|1\n|\n|-heal|p2a: Hypno|274/315|[from] item: Leftovers\n|upkeep\n|turn|10\n|inactive|paysa has 120 seconds left.\n|\n|t:|1732991341\n|switch|p1a: Urshifu|Urshifu, L74, F|243/270\n|move|p2a: Hypno|Psychic Noise|p1a: Urshifu\n|-immune|p1a: Urshifu\n|\n|-heal|p2a: Hypno|293/315|[from] item: Leftovers\n|upkeep\n|turn|11\n|inactive|paysa has 120 seconds left.\n|\n|t:|1732991357\n|switch|p2a: Hydreigon|Hydreigon, L79, F|98/275\n|move|p1a: Urshifu|Wicked Blow|p2a: Hydreigon\n|-resisted|p2a: Hydreigon\n|-crit|p2a: Hydreigon\n|-damage|p2a: Hydreigon|20/275\n|-damage|p1a: Urshifu|216/270|[from] item: Life Orb\n|\n|upkeep\n|turn|12\n|inactive|paysa has 120 seconds left.\n|inactive|paysa has 90 seconds left.\n|\n|t:|1732991411\n|move|p1a: Urshifu|Sucker Punch|p2a: Hydreigon\n|-resisted|p2a: Hydreigon\n|-damage|p2a: Hydreigon|0 fnt\n|faint|p2a: Hydreigon\n|-damage|p1a: Urshifu|189/270|[from] item: Life Orb\n|\n|upkeep\n|\n|t:|1732991423\n|switch|p2a: Porygon-Z|Porygon-Z, L83|277/277\n|turn|13\n|inactive|paysa has 60 seconds left.\n|\n|t:|1732991449\n|switch|p1a: Garganacl|Garganacl, L80, M|291/291\n|move|p2a: Porygon-Z|Tera Blast|p1a: Garganacl\n|-resisted|p1a: Garganacl\n|-damage|p1a: Garganacl|197/291\n|-damage|p2a: Porygon-Z|250/277|[from] item: Life Orb\n|\n|-heal|p1a: Garganacl|215/291|[from] item: Leftovers\n|upkeep\n|turn|14\n|inactive|paysa has 60 seconds left.\n|\n|t:|1732991476\n|switch|p1a: Misdreavus|Misdreavus, L90, F|254/254\n|-terastallize|p2a: Porygon-Z|Fighting\n|move|p2a: Porygon-Z|Tera Blast|p1a: Misdreavus|[anim] Tera Blast Fighting\n|-immune|p1a: Misdreavus\n|\n|upkeep\n|turn|15\n|\n|t:|1732991484\n|switch|p2a: Venusaur|Venusaur, L84, F|244/272\n|move|p1a: Misdreavus|Calm Mind|p1a: Misdreavus\n|-boost|p1a: Misdreavus|spa|1\n|-boost|p1a: Misdreavus|spd|1\n|\n|-heal|p2a: Venusaur|261/272|[from] item: Leftovers\n|upkeep\n|turn|16\n|\n|t:|1732991491\n|switch|p1a: Tauros|Tauros-Paldea-Blaze, L81, M|252/252\n|move|p2a: Venusaur|Leech Seed|p1a: Tauros\n|-start|p1a: Tauros|move: Leech Seed\n|\n|-heal|p2a: Venusaur|272/272|[from] item: Leftovers\n|-damage|p1a: Tauros|221/252|[from] Leech Seed|[of] p2a: Venusaur\n|upkeep\n|turn|17\n|inactive|paysa has 60 seconds left.\n|\n|t:|1732991521\n|switch|p2a: Hypno|Hypno, L95, M|293/315\n|move|p1a: Tauros|Raging Bull|p2a: Hypno\n|-damage|p2a: Hypno|197/315\n|\n|-heal|p2a: Hypno|216/315|[from] item: Leftovers\n|-damage|p1a: Tauros|190/252|[from] Leech Seed|[of] p2a: Hypno\n|-heal|p2a: Hypno|247/315|[silent]\n|upkeep\n|turn|18\n|\n|t:|1732991527\n|switch|p1a: Urshifu|Urshifu, L74, F|189/270\n|move|p2a: Hypno|Focus Blast|p1a: Urshifu|[miss]\n|-miss|p2a: Hypno|p1a: Urshifu\n|\n|-heal|p2a: Hypno|266/315|[from] item: Leftovers\n|upkeep\n|turn|19\n|\n|t:|1732991536\n|switch|p2a: Ditto|Ditto, L87|225/225\n|-transform|p2a: Ditto|p1a: Urshifu|[from] ability: Imposter\n|move|p1a: Urshifu|Wicked Blow|p2a: Ditto\n|-resisted|p2a: Ditto\n|-crit|p2a: Ditto\n|-damage|p2a: Ditto|189/225\n|-damage|p1a: Urshifu|162/270|[from] item: Life Orb\n|\n|upkeep\n|turn|20\n|\n|t:|1732991545\n|switch|p1a: Misdreavus|Misdreavus, L90, F|254/254\n|move|p2a: Ditto|Wicked Blow|p1a: Misdreavus\n|-supereffective|p1a: Misdreavus\n|-crit|p1a: Misdreavus\n|-damage|p1a: Misdreavus|42/254\n|\n|upkeep\n|turn|21\n|inactive|paysa has 60 seconds left.\n|\n|t:|1732991551\n|switch|p2a: Porygon-Z|Porygon-Z, L83, tera:Fighting|250/277\n|switch|p1a: Urshifu|Urshifu, L74, F|162/270\n|\n|upkeep\n|turn|22\n|inactive|paysa has 60 seconds left.\n|\n|t:|1732991564\n|switch|p1a: Misdreavus|Misdreavus, L90, F|42/254\n|move|p2a: Porygon-Z|Shadow Ball|p1a: Misdreavus\n|-supereffective|p1a: Misdreavus\n|-damage|p1a: Misdreavus|0 fnt\n|faint|p1a: Misdreavus\n|-damage|p2a: Porygon-Z|223/277|[from] item: Life Orb\n|\n|upkeep\n|\n|t:|1732991569\n|switch|p1a: Lumineon|Lumineon, L93, M|279/279\n|turn|23\n|inactive|paysa has 60 seconds left.\n|\n|t:|1732991613\n|switch|p2a: Venusaur|Venusaur, L84, F|272/272\n|move|p1a: Lumineon|Alluring Voice|p2a: Venusaur\n|-resisted|p2a: Venusaur\n|-damage|p2a: Venusaur|247/272\n|\n|-heal|p2a: Venusaur|264/272|[from] item: Leftovers\n|upkeep\n|turn|24\n|inactive|paysa has 30 seconds left.\n|\n|t:|1732991630\n|move|p1a: Lumineon|U-turn|p2a: Venusaur\n|-damage|p2a: Venusaur|218/272\n|\n|t:|1732991634\n|switch|p1a: Tauros|Tauros-Paldea-Blaze, L81, M|190/252|[from] U-turn\n|move|p2a: Venusaur|Sludge Bomb|p1a: Tauros\n|-damage|p1a: Tauros|63/252\n|-enditem|p1a: Tauros|Sitrus Berry|[eat]\n|-heal|p1a: Tauros|126/252|[from] item: Sitrus Berry\n|\n|-heal|p2a: Venusaur|235/272|[from] item: Leftovers\n|upkeep\n|turn|25\n|\n|t:|1732991641\n|switch|p2a: Hypno|Hypno, L95, M|266/315\n|move|p1a: Tauros|Raging Bull|p2a: Hypno\n|-damage|p2a: Hypno|155/315\n|\n|-heal|p2a: Hypno|174/315|[from] item: Leftovers\n|-activate|p1a: Tauros|ability: Cud Chew\n|-enditem|p1a: Tauros|Sitrus Berry|[eat]\n|-heal|p1a: Tauros|189/252|[from] item: Sitrus Berry\n|upkeep\n|turn|26\n|\n|t:|1732991644\n|switch|p1a: Urshifu|Urshifu, L74, F|162/270\n|move|p2a: Hypno|Psychic Noise|p1a: Urshifu\n|-immune|p1a: Urshifu\n|\n|-heal|p2a: Hypno|193/315|[from] item: Leftovers\n|upkeep\n|turn|27\n|\n|t:|1732991666\n|switch|p2a: Venusaur|Venusaur, L84, F|235/272\n|move|p1a: Urshifu|Wicked Blow|p2a: Venusaur\n|-crit|p2a: Venusaur\n|-damage|p2a: Venusaur|75/272\n|-damage|p1a: Urshifu|135/270|[from] item: Life Orb\n|\n|-heal|p2a: Venusaur|92/272|[from] item: Leftovers\n|upkeep\n|turn|28\n|\n|t:|1732991669\n|switch|p2a: Ditto|Ditto, L87|189/225\n|-transform|p2a: Ditto|p1a: Urshifu|[from] ability: Imposter\n|move|p1a: Urshifu|Wicked Blow|p2a: Ditto\n|-resisted|p2a: Ditto\n|-crit|p2a: Ditto\n|-damage|p2a: Ditto|149/225\n|-damage|p1a: Urshifu|108/270|[from] item: Life Orb\n|\n|upkeep\n|turn|29\n|\n|t:|1732991685\n|switch|p1a: Lumineon|Lumineon, L93, M|279/279\n|move|p2a: Ditto|Close Combat|p1a: Lumineon\n|-damage|p1a: Lumineon|141/279\n|-unboost|p2a: Ditto|def|1\n|-unboost|p2a: Ditto|spd|1\n|\n|upkeep\n|turn|30\n|inactive|paysa has 60 seconds left.\n|\n|t:|1732991720\n|move|p2a: Ditto|Close Combat|p1a: Lumineon\n|-damage|p1a: Lumineon|0 fnt\n|-unboost|p2a: Ditto|def|1\n|-unboost|p2a: Ditto|spd|1\n|faint|p1a: Lumineon\n|\n|upkeep\n|\n|t:|1732991724\n|switch|p1a: Tauros|Tauros-Paldea-Blaze, L81, M|189/252\n|turn|31\n|\n|t:|1732991729\n|switch|p2a: Hypno|Hypno, L95, M|193/315\n|move|p1a: Tauros|Raging Bull|p2a: Hypno\n|-damage|p2a: Hypno|82/315\n|\n|-heal|p2a: Hypno|101/315|[from] item: Leftovers\n|upkeep\n|turn|32\n|\n|t:|1732991742\n|move|p1a: Tauros|Raging Bull|p2a: Hypno\n|-damage|p2a: Hypno|2/315\n|move|p2a: Hypno|Psychic Noise|p1a: Tauros\n|-supereffective|p1a: Tauros\n|-damage|p1a: Tauros|0 fnt\n|faint|p1a: Tauros\n|\n|-heal|p2a: Hypno|21/315|[from] item: Leftovers\n|upkeep\n|\n|t:|1732991748\n|switch|p1a: Urshifu|Urshifu, L74, F|108/270\n|turn|33\n|inactive|paysa has 60 seconds left.\n|\n|t:|1732991759\n|switch|p2a: Venusaur|Venusaur, L84, F|92/272\n|move|p1a: Urshifu|Wicked Blow|p2a: Venusaur\n|-crit|p2a: Venusaur\n|-damage|p2a: Venusaur|0 fnt\n|faint|p2a: Venusaur\n|-damage|p1a: Urshifu|81/270|[from] item: Life Orb\n|\n|upkeep\n|\n|t:|1732991766\n|switch|p2a: Porygon-Z|Porygon-Z, L83, tera:Fighting|223/277\n|turn|34\n|\n|t:|1732991771\n|move|p1a: Urshifu|Sucker Punch|p2a: Porygon-Z\n|-resisted|p2a: Porygon-Z\n|-damage|p2a: Porygon-Z|163/277\n|-damage|p1a: Urshifu|54/270|[from] item: Life Orb\n|move|p2a: Porygon-Z|Tera Blast|p1a: Urshifu|[anim] Tera Blast Fighting\n|-supereffective|p1a: Urshifu\n|-damage|p1a: Urshifu|0 fnt\n|faint|p1a: Urshifu\n|-damage|p2a: Porygon-Z|136/277|[from] item: Life Orb\n|\n|upkeep\n|\n|t:|1732991773\n|switch|p1a: Garganacl|Garganacl, L80, M|215/291\n|turn|35\n|\n|t:|1732991780\n|-terastallize|p1a: Garganacl|Dragon\n|move|p2a: Porygon-Z|Nasty Plot|p2a: Porygon-Z\n|-boost|p2a: Porygon-Z|spa|2\n|move|p1a: Garganacl|Stealth Rock|p2a: Porygon-Z\n|-sidestart|p2: paysa|move: Stealth Rock\n|\n|-heal|p1a: Garganacl|233/291|[from] item: Leftovers\n|upkeep\n|turn|36\n|c|\u2606paysa|gg\n|c|\u2606kandkad|thats shameless but gg\n|-message|kandkad forfeited.\n|\n|win|paysa\n|raw|kandkad's rating: 2441 &rarr; <strong>2429</strong><br />(-12 for losing)\n|raw|paysa's rating: 2586 &rarr; <strong>2598</strong><br />(+12 for winning)\n|l|\u2606kandkad\n|player|p1|\n", "inputlog": ">version b107d77f5c90bd6555267ae244a6264823309ead\n>start {\"formatid\":\"gen9randombattle\",\"seed\":[20786,15229,22218,58415],\"rated\":\"Rated battle\"}\n>player p1 {\"name\":\"kandkad\",\"avatar\":\"wulfric\",\"rating\":2441,\"seed\":[25146,33335,17484,56345]}\n>player p2 {\"name\":\"paysa\",\"avatar\":\"101\",\"rating\":2586,\"seed\":[23233,18987,8903,3286]}\n>p1 switch 2\n>p2 move matchagotcha\n>p1 move knockoff\n>p2 switch 6\n>p1 switch 5\n>p2 move nastyplot\n>p1 move uturn\n>p2 switch 5\n>p1 switch 5\n>p1 move knockoff\n>p2 move focusblast\n>p1 switch 3\n>p1 move wickedblow\n>p2 switch 5\n>p1 switch 5\n>p2 move dracometeor\n>p1 move uturn\n>p2 switch 2\n>p1 switch 4\n>p1 move bulkup\n>p2 switch 5\n>p1 switch 5\n>p2 move psychicnoise\n>p1 move wickedblow\n>p2 switch 2\n>p1 move suckerpunch\n>p2 move dracometeor\n>p2 switch 4\n>p1 switch 2\n>p2 move terablast\n>p1 switch 6\n>p2 move terablast terastallize\n>p1 move calmmind\n>p2 switch 5\n>p1 switch 5\n>p2 move leechseed\n>p1 move ragingbull\n>p2 switch 2\n>p1 switch 2\n>p2 move focusblast\n>p1 move wickedblow\n>p2 switch 3\n>p1 switch 5\n>p2 move wickedblow\n>p1 switch 5\n>p2 switch 5\n>p1 switch 5\n>p2 move shadowball\n>p1 switch 4\n>p1 move alluringvoice\n>p2 switch 2\n>p1 move uturn\n>p2 move sludgebomb\n>p1 switch 2\n>p1 move ragingbull\n>p2 switch 3\n>p1 switch 5\n>p2 move psychicnoise\n>p1 move wickedblow\n>p2 switch 3\n>p1 move wickedblow\n>p2 switch 5\n>p1 switch 2\n>p2 move closecombat\n>p1 move alluringvoice\n>p2 move closecombat\n>p1 switch 5\n>p1 move ragingbull\n>p2 switch 3\n>p1 move ragingbull\n>p2 move psychicnoise\n>p1 switch 2\n>p1 move wickedblow\n>p2 switch 5\n>p2 switch 2\n>p1 move suckerpunch\n>p2 move terablast\n>p1 switch 6\n>p1 move stealthrock terastallize\n>p2 move nastyplot\n>chat \u2606paysa|gg\n>chat \u2606kandkad|thats shameless but gg\n>forcelose p1", "uploadtime": 1732991808, "views": 43, "formatid": "gen9randombattle", "rating": 2429, "private": 0, "password": null}