{"id": "gen9randombattle-2254018696", "format": "[Gen 9] Random Battle", "players": ["novanitefr", "Thebigmamba'sgoon"], "log": "|j|\u2606novanitefr\n|j|\u2606Thebigmamba'sgoon\n|t:|1732980738\n|gametype|singles\n|player|p1|novanitefr|colress|1955\n|player|p2|Thebigmamba'sgoon|102|2018\n|teamsize|p1|6\n|teamsize|p2|6\n|gen|9\n|tier|[Gen 9] Random Battle\n|rated|\n|rule|Species Clause: Limit one of each Pok\u00e9mon\n|rule|HP Percentage Mod: HP is shown in percentages\n|rule|Sleep Clause Mod: Limit one foe put to sleep\n|rule|Illusion Level Mod: Illusion disguises the Pok\u00e9mon's true level\n|\n|t:|1732980738\n|start\n|switch|p1a: Lumineon|Lumineon, L93, M|279/279\n|switch|p2a: Chi-Yu|Chi-Yu, L77|211/211\n|-ability|p2a: Chi-Yu|Beads of Ruin\n|turn|1\n|inactive|Battle timer is ON: inactive players will automatically lose when time's up. (requested by novanitefr)\n|inactive|Thebigmamba'sgoon has 120 seconds left.\n|inactive|Thebigmamba'sgoon has 90 seconds left.\n|\n|t:|1732980805\n|switch|p2a: Hatterene|Hatterene, L85, F|236/236\n|move|p1a: Lumineon|Hydro Pump|p2a: Hatterene\n|-damage|p2a: Hatterene|157/236\n|-damage|p1a: Lumineon|252/279|[from] item: Life Orb\n|\n|upkeep\n|turn|2\n|\n|t:|1732980819\n|switch|p1a: Hoopa|Hoopa, L85|275/275\n|move|p2a: Hatterene|Nuzzle|p1a: Hoopa\n|-damage|p1a: Hoopa|258/275\n|-status|p1a: Hoopa|par\n|\n|upkeep\n|turn|3\n|\n|t:|1732980826\n|switch|p2a: Chi-Yu|Chi-Yu, L77|211/211\n|-ability|p2a: Chi-Yu|Beads of Ruin\n|move|p1a: Hoopa|Focus Blast|p2a: Chi-Yu\n|-supereffective|p2a: Chi-Yu\n|-damage|p2a: Chi-Yu|15/211\n|\n|upkeep\n|turn|4\n|n|!Thebigmamba'sgoon|thebigmambasgoon\n|\n|t:|1732980843\n|switch|p1a: Mienshao|Mienshao, L83, F|244/244\n|move|p2a: Chi-Yu|Overheat|p1a: Mienshao\n|-damage|p1a: Mienshao|0 fnt\n|-unboost|p2a: Chi-Yu|spa|2\n|faint|p1a: Mienshao\n|\n|upkeep\n|\n|t:|1732980849\n|switch|p1a: Lumineon|Lumineon, L93, M|252/279\n|turn|5\n|\n|t:|1732980854\n|switch|p2a: Hatterene|Hatterene, L85, F|157/236\n|move|p1a: Lumineon|Alluring Voice|p2a: Hatterene\n|-damage|p2a: Hatterene|112/236\n|-damage|p1a: Lumineon|225/279|[from] item: Life Orb\n|\n|upkeep\n|turn|6\n|\n|t:|1732980857\n|move|p1a: Lumineon|Hydro Pump|p2a: Hatterene\n|-damage|p2a: Hatterene|34/236\n|-damage|p1a: Lumineon|198/279|[from] item: Life Orb\n|move|p2a: Hatterene|Draining Kiss|p1a: Lumineon\n|-damage|p1a: Lumineon|131/279\n|-heal|p2a: Hatterene|84/236|[from] drain|[of] p1a: Lumineon\n|\n|upkeep\n|turn|7\n|\n|t:|1732980862\n|move|p1a: Lumineon|Hydro Pump|p2a: Hatterene\n|-damage|p2a: Hatterene|0 fnt\n|faint|p2a: Hatterene\n|-damage|p1a: Lumineon|104/279|[from] item: Life Orb\n|\n|upkeep\n|\n|t:|1732980871\n|switch|p2a: Kyogre|Kyogre, L71|259/259\n|-weather|RainDance|[from] ability: Drizzle|[of] p2a: Kyogre\n|turn|8\n|\n|t:|1732980877\n|switch|p1a: Jolteon|Jolteon, L84, F|246/246\n|move|p2a: Kyogre|Thunder|p1a: Jolteon\n|-immune|p1a: Jolteon|[from] ability: Volt Absorb\n|\n|-weather|RainDance|[upkeep]\n|upkeep\n|turn|9\n|\n|t:|1732980883\n|switch|p2a: Sableye|Sableye, L90, M|236/236\n|move|p1a: Jolteon|Substitute|p1a: Jolteon\n|-start|p1a: Jolteon|Substitute\n|-damage|p1a: Jolteon|185/246\n|\n|-weather|RainDance|[upkeep]\n|-heal|p1a: Jolteon|200/246|[from] item: Leftovers\n|upkeep\n|turn|10\n|\n|t:|1732980888\n|switch|p1a: Lumineon|Lumineon, L93, M|104/279\n|move|p2a: Sableye|Encore||[still]\n|-fail|p2a: Sableye\n|\n|-weather|RainDance|[upkeep]\n|upkeep\n|turn|11\n|\n|t:|1732980892\n|move|p2a: Sableye|Thunder Wave|p1a: Lumineon\n|-status|p1a: Lumineon|par\n|move|p1a: Lumineon|Encore|p2a: Sableye\n|-start|p2a: Sableye|Encore\n|\n|-weather|RainDance|[upkeep]\n|upkeep\n|turn|12\n|\n|t:|1732980896\n|switch|p2a: Kyogre|Kyogre, L71|259/259\n|cant|p1a: Lumineon|par\n|\n|-weather|none\n|upkeep\n|turn|13\n|\n|t:|1732980901\n|move|p2a: Kyogre|Calm Mind|p2a: Kyogre\n|-boost|p2a: Kyogre|spa|1\n|-boost|p2a: Kyogre|spd|1\n|move|p1a: Lumineon|Alluring Voice|p2a: Kyogre\n|-damage|p2a: Kyogre|220/259\n|-start|p2a: Kyogre|confusion\n|-damage|p1a: Lumineon|77/279 par|[from] item: Life Orb\n|\n|-heal|p2a: Kyogre|236/259|[from] item: Leftovers\n|upkeep\n|turn|14\n|\n|t:|1732980906\n|-activate|p2a: Kyogre|confusion\n|-damage|p2a: Kyogre|215/259|[from] confusion\n|move|p1a: Lumineon|Encore|p2a: Kyogre\n|-start|p2a: Kyogre|Encore\n|\n|-heal|p2a: Kyogre|231/259|[from] item: Leftovers\n|upkeep\n|turn|15\n|inactive|novanitefr has 120 seconds left.\n|\n|t:|1732980956\n|-activate|p2a: Kyogre|confusion\n|move|p2a: Kyogre|Calm Mind|p2a: Kyogre\n|-boost|p2a: Kyogre|spa|1\n|-boost|p2a: Kyogre|spd|1\n|move|p1a: Lumineon|Hydro Pump|p2a: Kyogre|[miss]\n|-miss|p1a: Lumineon|p2a: Kyogre\n|\n|-heal|p2a: Kyogre|247/259|[from] item: Leftovers\n|upkeep\n|turn|16\n|inactive|novanitefr has 90 seconds left.\n|inactive|novanitefr has 60 seconds left.\n|\n|t:|1732981032\n|switch|p2a: Sableye|Sableye, L90, M|236/236\n|switch|p1a: Hoopa|Hoopa, L85|258/275 par\n|\n|upkeep\n|turn|17\n|\n|t:|1732981038\n|switch|p1a: Lumineon|Lumineon, L93, M|77/279 par\n|move|p2a: Sableye|Knock Off|p1a: Lumineon\n|-damage|p1a: Lumineon|0 fnt\n|-enditem|p1a: Lumineon|Life Orb|[from] move: Knock Off|[of] p2a: Sableye\n|faint|p1a: Lumineon\n|\n|upkeep\n|\n|t:|1732981047\n|switch|p1a: Noivern|Noivern, L82, M|274/274\n|turn|18\n|\n|t:|1732981066\n|move|p2a: Sableye|Thunder Wave|p1a: Noivern\n|-status|p1a: Noivern|par\n|move|p1a: Noivern|Hurricane|p2a: Sableye\n|-damage|p2a: Sableye|109/236\n|-start|p2a: Sableye|confusion\n|\n|-heal|p2a: Sableye|123/236|[from] item: Leftovers\n|upkeep\n|turn|19\n|\n|t:|1732981075\n|-activate|p2a: Sableye|confusion\n|-damage|p2a: Sableye|94/236|[from] confusion\n|move|p1a: Noivern|Hurricane|p2a: Sableye\n|-damage|p2a: Sableye|0 fnt\n|faint|p2a: Sableye\n|\n|upkeep\n|\n|t:|1732981077\n|switch|p2a: Oricorio|Oricorio-Pom-Pom, L82, F|257/257\n|turn|20\n|\n|t:|1732981085\n|switch|p1a: Jolteon|Jolteon, L84, F|200/246\n|move|p2a: Oricorio|Quiver Dance|p2a: Oricorio\n|-boost|p2a: Oricorio|spa|1\n|-boost|p2a: Oricorio|spd|1\n|-boost|p2a: Oricorio|spe|1\n|\n|-heal|p1a: Jolteon|215/246|[from] item: Leftovers\n|upkeep\n|turn|21\n|\n|t:|1732981090\n|switch|p1a: Hoopa|Hoopa, L85|258/275 par\n|-terastallize|p2a: Oricorio|Ground\n|move|p2a: Oricorio|Revelation Dance|p1a: Hoopa\n|-damage|p1a: Hoopa|153/275 par\n|\n|upkeep\n|turn|22\n|\n|t:|1732981093\n|move|p2a: Oricorio|Quiver Dance|p2a: Oricorio\n|-boost|p2a: Oricorio|spa|1\n|-boost|p2a: Oricorio|spd|1\n|-boost|p2a: Oricorio|spe|1\n|move|p1a: Hoopa|Trick|p2a: Oricorio\n|-activate|p1a: Hoopa|move: Trick|[of] p2a: Oricorio\n|-item|p2a: Oricorio|Choice Scarf|[from] move: Trick\n|-item|p1a: Hoopa|Heavy-Duty Boots|[from] move: Trick\n|\n|upkeep\n|turn|23\n|\n|t:|1732981100\n|move|p2a: Oricorio|Hurricane|p1a: Hoopa\n|-damage|p1a: Hoopa|0 fnt\n|faint|p1a: Hoopa\n|\n|upkeep\n|inactive|novanitefr has 90 seconds left.\n|\n|t:|1732981116\n|switch|p1a: Jolteon|Jolteon, L84, F|215/246\n|turn|24\n|\n|t:|1732981121\n|move|p2a: Oricorio|Hurricane|p1a: Jolteon|[miss]\n|-miss|p2a: Oricorio|p1a: Jolteon\n|move|p1a: Jolteon|Calm Mind|p1a: Jolteon\n|-boost|p1a: Jolteon|spa|1\n|-boost|p1a: Jolteon|spd|1\n|\n|-heal|p1a: Jolteon|230/246|[from] item: Leftovers\n|upkeep\n|turn|25\n|\n|t:|1732981124\n|move|p2a: Oricorio|Hurricane|p1a: Jolteon|[miss]\n|-miss|p2a: Oricorio|p1a: Jolteon\n|move|p1a: Jolteon|Substitute|p1a: Jolteon\n|-start|p1a: Jolteon|Substitute\n|-damage|p1a: Jolteon|169/246\n|\n|-heal|p1a: Jolteon|184/246|[from] item: Leftovers\n|upkeep\n|turn|26\n|\n|t:|1732981126\n|move|p2a: Oricorio|Hurricane|p1a: Jolteon\n|-resisted|p1a: Jolteon\n|-end|p1a: Jolteon|Substitute\n|move|p1a: Jolteon|Calm Mind|p1a: Jolteon\n|-boost|p1a: Jolteon|spa|1\n|-boost|p1a: Jolteon|spd|1\n|\n|-heal|p1a: Jolteon|199/246|[from] item: Leftovers\n|upkeep\n|turn|27\n|\n|t:|1732981129\n|move|p2a: Oricorio|Hurricane|p1a: Jolteon|[miss]\n|-miss|p2a: Oricorio|p1a: Jolteon\n|move|p1a: Jolteon|Substitute|p1a: Jolteon\n|-start|p1a: Jolteon|Substitute\n|-damage|p1a: Jolteon|138/246\n|\n|-heal|p1a: Jolteon|153/246|[from] item: Leftovers\n|upkeep\n|turn|28\n|-message|Thebigmamba'sgoon forfeited.\n|\n|win|novanitefr\n", "inputlog": ">version b107d77f5c90bd6555267ae244a6264823309ead\n>start {\"formatid\":\"gen9randombattle\",\"seed\":[32454,34836,17114,2018],\"rated\":\"Rated battle\"}\n>player p1 {\"name\":\"novanitefr\",\"avatar\":\"colress\",\"rating\":1955,\"seed\":[26531,13307,37843,9968]}\n>player p2 {\"name\":\"Thebigmamba'sgoon\",\"avatar\":\"102\",\"rating\":2018,\"seed\":[6793,42120,15890,4242]}\n>p1 move hydropump\n>p2 switch 3\n>p1 switch 3\n>p2 move nuzzle\n>p1 move focusblast\n>p2 switch 3\n>chat \u2606Thebigmamba'sgoon|fuck you\n>p1 switch 5\n>p2 move overheat\n>p1 switch 3\n>p1 move alluringvoice\n>p2 switch 3\n>p1 move hydropump\n>p2 move drainingkiss\n>p1 move hydropump\n>p2 move drainingkiss\n>p2 switch 6\n>p1 switch 2\n>p2 move thunder\n>p1 move substitute\n>p2 switch 5\n>p1 switch 2\n>p2 move encore\n>p1 move encore\n>p2 move thunderwave\n>p1 move hydropump\n>p2 switch 5\n>p1 move alluringvoice\n>p2 move calmmind\n>p1 move encore\n>p2 move icebeam\n>p1 move hydropump\n>p2 move calmmind\n>p1 switch 5\n>p2 switch 5\n>p1 switch 5\n>p2 move knockoff\n>p1 switch 4\n>p1 move hurricane\n>p2 move thunderwave\n>p1 move hurricane\n>p2 move knockoff\n>p2 switch 4\n>p1 switch 2\n>p2 move quiverdance\n>p1 switch 5\n>p2 move revelationdance terastallize\n>p1 move trick\n>p2 move quiverdance\n>p1 move psyshock\n>p2 move hurricane\n>p1 switch 5\n>p1 move calmmind\n>p2 move hurricane\n>p1 move substitute\n>p2 move hurricane\n>p1 move calmmind\n>p2 move hurricane\n>p1 move substitute\n>p2 move hurricane\n>forcelose p2", "uploadtime": 1732980835, "views": 2, "formatid": "gen9randombattle", "rating": null, "private": 0, "password": null}