{"id": "gen9randombattle-2253922343", "format": "[Gen 9] Random Battle", "players": ["it's godvibes", "Nook1e"], "log": "|j|\u2606it's godvibes\n|j|\u2606Nook1e\n|t:|1732964446\n|gametype|singles\n|player|p1|it's godvibes|169|1009\n|player|p2|Nook1e|2|1000\n|teamsize|p1|6\n|teamsize|p2|6\n|gen|9\n|tier|[Gen 9] Random Battle\n|rated|\n|rule|Species Clause: Limit one of each Pok\u00e9mon\n|rule|HP Percentage Mod: HP is shown in percentages\n|rule|Sleep Clause Mod: Limit one foe put to sleep\n|rule|Illusion Level Mod: Illusion disguises the Pok\u00e9mon's true level\n|\n|t:|1732964446\n|start\n|switch|p1a: Sneasler|Sneasler, L74, F|240/240\n|switch|p2a: Malamar|Malamar, L82, F|275/275\n|turn|1\n|\n|t:|1732964470\n|move|p1a: Sneasler|Gunk Shot|p2a: Malamar|[miss]\n|-miss|p1a: Sneasler|p2a: Malamar\n|move|p2a: Malamar|Psycho Cut|p1a: Sneasler\n|-supereffective|p1a: Sneasler\n|-damage|p1a: Sneasler|0 fnt\n|faint|p1a: Sneasler\n|\n|upkeep\n|inactive|Battle timer is ON: inactive players will automatically lose when time's up. (requested by Nook1e)\n|\n|t:|1732964483\n|switch|p1a: Umbreon|Umbreon, L84, F|297/297\n|turn|2\n|\n|t:|1732964492\n|move|p2a: Malamar|Superpower|p1a: Umbreon\n|-supereffective|p1a: Umbreon\n|-damage|p1a: Umbreon|165/297\n|-boost|p2a: Malamar|atk|1\n|-boost|p2a: Malamar|def|1\n|move|p1a: Umbreon|Foul Play|p2a: Malamar\n|-damage|p2a: Malamar|169/275\n|\n|-heal|p1a: Umbreon|183/297|[from] item: Leftovers\n|upkeep\n|turn|3\n|\n|t:|1732964503\n|move|p2a: Malamar|Superpower|p1a: Umbreon\n|-supereffective|p1a: Umbreon\n|-damage|p1a: Umbreon|0 fnt\n|-boost|p2a: Malamar|atk|1\n|-boost|p2a: Malamar|def|1\n|faint|p1a: Umbreon\n|\n|upkeep\n|\n|t:|1732964513\n|switch|p1a: Flapple|Flapple, L88, M|266/266\n|turn|4\n|\n|t:|1732964523\n|move|p1a: Flapple|Outrage|p2a: Malamar\n|-damage|p2a: Malamar|60/275\n|move|p2a: Malamar|Knock Off|p1a: Flapple\n|-damage|p1a: Flapple|77/266\n|-enditem|p1a: Flapple|Wide Lens|[from] move: Knock Off|[of] p2a: Malamar\n|\n|upkeep\n|turn|5\n|\n|t:|1732964532\n|move|p1a: Flapple|Outrage|p2a: Malamar|[from]lockedmove|[miss]\n|-miss|p1a: Flapple|p2a: Malamar\n|-start|p1a: Flapple|confusion|[fatigue]\n|move|p2a: Malamar|Rest|p2a: Malamar\n|-status|p2a: Malamar|slp|[from] move: Rest\n|-heal|p2a: Malamar|275/275 slp|[silent]\n|-enditem|p2a: Malamar|Chesto Berry|[eat]\n|-curestatus|p2a: Malamar|slp|[msg]\n|\n|upkeep\n|turn|6\n|\n|t:|1732964544\n|-activate|p1a: Flapple|confusion\n|move|p1a: Flapple|Grav Apple|p2a: Malamar\n|-damage|p2a: Malamar|197/275\n|-boost|p2a: Malamar|def|1\n|move|p2a: Malamar|Knock Off|p1a: Flapple\n|-damage|p1a: Flapple|0 fnt\n|faint|p1a: Flapple\n|\n|upkeep\n|\n|t:|1732964555\n|switch|p1a: Banette|Banette, L93, M|270/270\n|turn|7\n|\n|t:|1732964560\n|move|p1a: Banette|Poltergeist||[still]\n|-fail|p1a: Banette\n|move|p2a: Malamar|Knock Off|p1a: Banette\n|-supereffective|p1a: Banette\n|-damage|p1a: Banette|0 fnt\n|-start|p2a: Malamar|Disable|Knock Off|[from] ability: Cursed Body|[of] p1a: Banette\n|-enditem|p1a: Banette|Life Orb|[from] move: Knock Off|[of] p2a: Malamar\n|faint|p1a: Banette\n|\n|upkeep\n|\n|t:|1732964569\n|switch|p1a: Arceus|Arceus-Fire, L72|291/291\n|turn|8\n|\n|t:|1732964574\n|move|p1a: Arceus|Flare Blitz|p2a: Malamar\n|-damage|p2a: Malamar|146/275\n|-damage|p1a: Arceus|274/291|[from] Recoil\n|move|p2a: Malamar|Superpower|p1a: Arceus\n|-damage|p1a: Arceus|139/291\n|-boost|p2a: Malamar|atk|1\n|-boost|p2a: Malamar|def|1\n|\n|upkeep\n|turn|9\n|\n|t:|1732964601\n|-terastallize|p1a: Arceus|Ground\n|move|p1a: Arceus|Earthquake|p2a: Malamar\n|-damage|p2a: Malamar|113/275\n|move|p2a: Malamar|Superpower|p1a: Arceus\n|-damage|p1a: Arceus|0 fnt\n|-boost|p2a: Malamar|atk|1\n|-boost|p2a: Malamar|def|1\n|faint|p1a: Arceus\n|\n|upkeep\n|inactive|it's godvibes has 120 seconds left.\n|\n|t:|1732964617\n|switch|p1a: Floatzel|Floatzel, L85, F|283/283\n|turn|10\n|inactive|it's godvibes has 120 seconds left.\n|-message|it's godvibes forfeited.\n|\n|win|Nook1e\n|raw|it&apos;s godvibes's rating: 1009 &rarr; <strong>1000</strong><br />(-9 for losing)\n|raw|Nook1e's rating: 1000 &rarr; <strong>1041</strong><br />(+41 for winning)\n|l|\u2606it's godvibes\n|player|p1|\n", "inputlog": ">version b107d77f5c90bd6555267ae244a6264823309ead\n>start {\"formatid\":\"gen9randombattle\",\"seed\":[5500,44387,18268,30861],\"rated\":\"Rated battle\"}\n>player p1 {\"name\":\"it's godvibes\",\"avatar\":\"169\",\"rating\":1009,\"seed\":[48168,15433,40973,36889]}\n>player p2 {\"name\":\"Nook1e\",\"avatar\":\"2\",\"rating\":1000,\"seed\":[23788,10994,59763,31785]}\n>p1 move gunkshot\n>p2 move psychocut\n>p1 switch 2\n>p1 move foulplay\n>p2 move superpower\n>p1 move wish\n>p2 move superpower\n>p1 switch 6\n>p1 move outrage\n>p2 move knockoff\n>p1 move outrage\n>p2 move rest\n>p1 move gravapple\n>p2 move knockoff\n>p1 switch 4\n>p1 move poltergeist\n>p2 move knockoff\n>p1 switch 3\n>p1 move flareblitz\n>p2 move superpower\n>p1 move earthquake terastallize\n>p2 move superpower\n>p1 switch 5\n>forcelose p1", "uploadtime": 1732964632, "views": 1, "formatid": "gen9randombattle", "rating": 1000, "private": 0, "password": null}