{"id": "gen9randombattle-2253947441", "format": "[Gen 9] Random Battle", "players": ["Slytherin2009", "ananananji"], "log": "|j|\u2606Slytherin2009\n|j|\u2606ananananji\n|t:|1732969445\n|gametype|singles\n|player|p1|Slytherin2009|2|2036\n|player|p2|ananananji|102|2129\n|teamsize|p1|6\n|teamsize|p2|6\n|gen|9\n|tier|[Gen 9] Random Battle\n|rated|\n|rule|Species Clause: Limit one of each Pok\u00e9mon\n|rule|HP Percentage Mod: HP is shown in percentages\n|rule|Sleep Clause Mod: Limit one foe put to sleep\n|rule|Illusion Level Mod: Illusion disguises the Pok\u00e9mon's true level\n|\n|t:|1732969445\n|start\n|switch|p1a: Calyrex|Calyrex, L93|337/337\n|switch|p2a: Ninetales|Ninetales, L85, M|263/263\n|-ability|p1a: Calyrex|Unnerve\n|-weather|SunnyDay|[from] ability: Drought|[of] p2a: Ninetales\n|turn|1\n|inactive|Battle timer is ON: inactive players will automatically lose when time's up. (requested by Slytherin2009)\n|inactive|Slytherin2009 has 120 seconds left.\n|\n|t:|1732969483\n|move|p2a: Ninetales|Nasty Plot|p2a: Ninetales\n|-boost|p2a: Ninetales|spa|2\n|move|p1a: Calyrex|Psyshock|p2a: Ninetales\n|-damage|p2a: Ninetales|167/263\n|\n|-weather|SunnyDay|[upkeep]\n|upkeep\n|turn|2\n|\n|t:|1732969501\n|move|p2a: Ninetales|Fire Blast|p1a: Calyrex\n|-supereffective|p1a: Calyrex\n|-damage|p1a: Calyrex|0 fnt\n|faint|p1a: Calyrex\n|\n|-weather|SunnyDay|[upkeep]\n|upkeep\n|inactive|Slytherin2009 has 120 seconds left.\n|\n|t:|1732969525\n|switch|p1a: Kilowattrel|Kilowattrel, L83, F|252/252\n|turn|3\n|\n|t:|1732969530\n|move|p1a: Kilowattrel|Thunderbolt|p2a: Ninetales\n|-damage|p2a: Ninetales|71/263\n|move|p2a: Ninetales|Fire Blast|p1a: Kilowattrel\n|-damage|p1a: Kilowattrel|0 fnt\n|faint|p1a: Kilowattrel\n|\n|-weather|SunnyDay|[upkeep]\n|upkeep\n|\n|t:|1732969539\n|switch|p1a: Houndstone|Houndstone, L86, M|264/264\n|turn|4\n|\n|t:|1732969543\n|move|p1a: Houndstone|Shadow Sneak|p2a: Ninetales\n|-damage|p2a: Ninetales|0 fnt\n|faint|p2a: Ninetales\n|\n|-weather|SunnyDay|[upkeep]\n|upkeep\n|\n|t:|1732969547\n|switch|p2a: Persian|Persian-Alola, L86, F|252/252\n|turn|5\n|\n|t:|1732969552\n|switch|p1a: Great Tusk|Great Tusk, L77|304/304\n|-activate|p1a: Great Tusk|ability: Protosynthesis\n|-start|p1a: Great Tusk|protosynthesisatk\n|move|p2a: Persian|Nasty Plot|p2a: Persian\n|-boost|p2a: Persian|spa|2\n|\n|-weather|none\n|-end|p1a: Great Tusk|Protosynthesis\n|upkeep\n|turn|6\n|\n|t:|1732969557\n|-terastallize|p2a: Persian|Fairy\n|move|p2a: Persian|Tera Blast|p1a: Great Tusk|[anim] Tera Blast Fairy\n|-supereffective|p1a: Great Tusk\n|-damage|p1a: Great Tusk|0 fnt\n|faint|p1a: Great Tusk\n|-end|p1a: Great Tusk|Protosynthesis|[silent]\n|-damage|p2a: Persian|227/252|[from] item: Life Orb\n|\n|upkeep\n|\n|t:|1732969568\n|switch|p1a: Suicune|Suicune, L82|298/298\n|-ability|p1a: Suicune|Pressure\n|turn|7\n|\n|t:|1732969571\n|move|p2a: Persian|Thunderbolt|p1a: Suicune\n|-supereffective|p1a: Suicune\n|-damage|p1a: Suicune|72/298\n|-damage|p2a: Persian|202/252|[from] item: Life Orb\n|move|p1a: Suicune|Calm Mind|p1a: Suicune\n|-boost|p1a: Suicune|spa|1\n|-boost|p1a: Suicune|spd|1\n|\n|-heal|p1a: Suicune|90/298|[from] item: Leftovers\n|upkeep\n|turn|8\n|\n|t:|1732969575\n|-terastallize|p1a: Suicune|Steel\n|move|p2a: Persian|Thunderbolt|p1a: Suicune\n|-damage|p1a: Suicune|9/298\n|-damage|p2a: Persian|177/252|[from] item: Life Orb\n|move|p1a: Suicune|Scald|p2a: Persian\n|-crit|p2a: Persian\n|-damage|p2a: Persian|0 fnt\n|faint|p2a: Persian\n|\n|-heal|p1a: Suicune|27/298|[from] item: Leftovers\n|upkeep\n|\n|t:|1732969581\n|switch|p2a: Gallade|Gallade, L81, M|243/243\n|turn|9\n|\n|t:|1732969586\n|move|p1a: Suicune|Scald|p2a: Gallade\n|-damage|p2a: Gallade|147/243\n|-status|p2a: Gallade|brn\n|move|p2a: Gallade|Psycho Cut|p1a: Suicune\n|-resisted|p1a: Suicune\n|-damage|p1a: Suicune|0 fnt\n|faint|p1a: Suicune\n|-damage|p2a: Gallade|123/243 brn|[from] item: Life Orb\n|\n|-damage|p2a: Gallade|108/243 brn|[from] brn\n|upkeep\n|\n|t:|1732969593\n|switch|p1a: Houndstone|Houndstone, L86, M|264/264\n|turn|10\n|\n|t:|1732969595\n|move|p1a: Houndstone|Shadow Sneak|p2a: Gallade\n|-supereffective|p2a: Gallade\n|-damage|p2a: Gallade|0 fnt\n|faint|p2a: Gallade\n|\n|upkeep\n|\n|t:|1732969599\n|switch|p2a: Dialga|Dialga, L73|266/266\n|-ability|p2a: Dialga|Pressure\n|turn|11\n|\n|t:|1732969605\n|switch|p1a: Golem|Golem-Alola, L93, F|300/300\n|move|p2a: Dialga|Fire Blast|p1a: Golem\n|-resisted|p1a: Golem\n|-damage|p1a: Golem|256/300\n|\n|upkeep\n|turn|12\n|\n|t:|1732969612\n|move|p2a: Dialga|Draco Meteor|p1a: Golem\n|-damage|p1a: Golem|81/300\n|-unboost|p2a: Dialga|spa|2\n|move|p1a: Golem|Rock Polish|p1a: Golem\n|-boost|p1a: Golem|spe|2\n|\n|upkeep\n|turn|13\n|\n|t:|1732969615\n|move|p1a: Golem|Earthquake|p2a: Dialga\n|-supereffective|p2a: Dialga\n|-damage|p2a: Dialga|42/266\n|-damage|p1a: Golem|51/300|[from] item: Life Orb\n|move|p2a: Dialga|Dragon Tail|p1a: Golem\n|-damage|p1a: Golem|9/300\n|drag|p1a: Houndstone|Houndstone, L86, M|264/264\n|\n|upkeep\n|turn|14\n|\n|t:|1732969621\n|move|p2a: Dialga|Fire Blast|p1a: Houndstone|[miss]\n|-miss|p2a: Dialga|p1a: Houndstone\n|move|p1a: Houndstone|Body Press|p2a: Dialga\n|-supereffective|p2a: Dialga\n|-damage|p2a: Dialga|0 fnt\n|faint|p2a: Dialga\n|\n|upkeep\n|\n|t:|1732969628\n|switch|p2a: Flapple|Flapple, L88, M|266/266\n|turn|15\n|\n|t:|1732969632\n|switch|p1a: Golem|Golem-Alola, L93, F|9/300\n|move|p2a: Flapple|Outrage|p1a: Golem\n|-damage|p1a: Golem|0 fnt\n|faint|p1a: Golem\n|\n|upkeep\n|\n|t:|1732969634\n|switch|p1a: Houndstone|Houndstone, L86, M|264/264\n|turn|16\n|\n|t:|1732969650\n|move|p2a: Flapple|Outrage|p1a: Houndstone|[from]lockedmove|[miss]\n|-miss|p2a: Flapple|p1a: Houndstone\n|move|p1a: Houndstone|Poltergeist|p2a: Flapple\n|-activate|p2a: Flapple|move: Poltergeist|Choice Band\n|-damage|p2a: Flapple|80/266\n|\n|upkeep\n|turn|17\n|\n|t:|1732969656\n|move|p2a: Flapple|Outrage|p1a: Houndstone\n|-damage|p1a: Houndstone|100/264\n|move|p1a: Houndstone|Poltergeist|p2a: Flapple\n|-activate|p2a: Flapple|move: Poltergeist|Choice Band\n|-crit|p2a: Flapple\n|-damage|p2a: Flapple|0 fnt\n|faint|p2a: Flapple\n|\n|upkeep\n|\n|t:|1732969659\n|switch|p2a: Zamazenta|Zamazenta-Crowned, L68|238/238\n|-ability|p2a: Zamazenta|Dauntless Shield|boost\n|-boost|p2a: Zamazenta|def|1\n|turn|18\n|\n|t:|1732969663\n|move|p2a: Zamazenta|Iron Defense|p2a: Zamazenta\n|-boost|p2a: Zamazenta|def|2\n|move|p1a: Houndstone|Poltergeist|p2a: Zamazenta\n|-activate|p2a: Zamazenta|move: Poltergeist|Rusted Shield\n|-damage|p2a: Zamazenta|172/238\n|\n|upkeep\n|turn|19\n|\n|t:|1732969668\n|move|p2a: Zamazenta|Heavy Slam|p1a: Houndstone\n|-damage|p1a: Houndstone|55/264\n|move|p1a: Houndstone|Poltergeist|p2a: Zamazenta\n|-activate|p2a: Zamazenta|move: Poltergeist|Rusted Shield\n|-damage|p2a: Zamazenta|105/238\n|\n|upkeep\n|turn|20\n|\n|t:|1732969674\n|move|p2a: Zamazenta|Heavy Slam|p1a: Houndstone\n|-damage|p1a: Houndstone|13/264\n|move|p1a: Houndstone|Poltergeist|p2a: Zamazenta\n|-activate|p2a: Zamazenta|move: Poltergeist|Rusted Shield\n|-damage|p2a: Zamazenta|45/238\n|\n|upkeep\n|turn|21\n|\n|t:|1732969680\n|move|p2a: Zamazenta|Heavy Slam|p1a: Houndstone\n|-damage|p1a: Houndstone|0 fnt\n|faint|p1a: Houndstone\n|\n|win|ananananji\n|raw|Slytherin2009's rating: 2036 &rarr; <strong>2021</strong><br />(-15 for losing)\n|raw|ananananji's rating: 2129 &rarr; <strong>2144</strong><br />(+15 for winning)\n", "inputlog": ">version b107d77f5c90bd6555267ae244a6264823309ead\n>start {\"formatid\":\"gen9randombattle\",\"seed\":[45964,53715,51376,12469],\"rated\":\"Rated battle\"}\n>player p1 {\"name\":\"Slytherin2009\",\"avatar\":\"2\",\"rating\":2036,\"seed\":[53617,14026,44814,6688]}\n>player p2 {\"name\":\"ananananji\",\"avatar\":\"102\",\"rating\":2129,\"seed\":[41033,63711,26425,61115]}\n>p1 move psyshock\n>p2 move nastyplot\n>p1 move psyshock\n>p2 move fireblast\n>p1 switch 2\n>p1 move thunderbolt\n>p2 move fireblast\n>p1 switch 6\n>p1 move shadowsneak\n>p2 move fireblast\n>p2 switch 6\n>p1 switch 5\n>p2 move nastyplot\n>p1 move closecombat\n>p2 move terablast terastallize\n>p1 switch 4\n>p1 move calmmind\n>p2 move thunderbolt\n>p1 move scald terastallize\n>p2 move thunderbolt\n>p2 switch 4\n>p1 move scald\n>p2 move psychocut\n>p1 switch 5\n>p1 move shadowsneak\n>p2 move nightslash\n>p2 switch 2\n>p1 switch 3\n>p2 move fireblast\n>p1 move rockpolish\n>p2 move dracometeor\n>p1 move earthquake\n>p2 move dragontail\n>p1 move bodypress\n>p2 move fireblast\n>p2 switch 5\n>p1 switch 3\n>p2 move outrage\n>p1 switch 3\n>p1 move poltergeist\n>p2 move outrage\n>p1 move poltergeist\n>p2 move outrage\n>p2 switch 3\n>p1 move poltergeist\n>p2 move irondefense\n>p1 move poltergeist\n>p2 move heavyslam\n>p1 move poltergeist\n>p2 move heavyslam\n>p1 move poltergeist\n>p2 move heavyslam", "uploadtime": 1732969681, "views": 1, "formatid": "gen9randombattle", "rating": 2021, "private": 0, "password": null}