{"id": "gen9randombattle-2254118038", "format": "[Gen 9] Random Battle", "players": ["dt674846", "Fold4"], "log": "|j|\u2606dt674846\n|j|\u2606Fold4\n|t:|1732993414\n|gametype|singles\n|player|p1|dt674846|ryuki|\n|player|p2|Fold4|unknown|\n|teamsize|p1|6\n|teamsize|p2|6\n|gen|9\n|tier|[Gen 9] Random Battle\n|rule|Species Clause: Limit one of each Pok\u00e9mon\n|rule|HP Percentage Mod: HP is shown in percentages\n|rule|Sleep Clause Mod: Limit one foe put to sleep\n|rule|Illusion Level Mod: Illusion disguises the Pok\u00e9mon's true level\n|\n|t:|1732993414\n|start\n|switch|p1a: Iron Boulder|Iron Boulder, L77|265/265\n|switch|p2a: Staraptor|Staraptor, L79, F|263/263\n|turn|1\n|inactive|Battle timer is ON: inactive players will automatically lose when time's up. (requested by Fold4)\n|\n|t:|1732993428\n|move|p1a: Iron Boulder|Swords Dance|p1a: Iron Boulder\n|-boost|p1a: Iron Boulder|atk|2\n|move|p2a: Staraptor|Brave Bird|p1a: Iron Boulder\n|-resisted|p1a: Iron Boulder\n|-damage|p1a: Iron Boulder|129/265\n|-damage|p2a: Staraptor|218/263|[from] Recoil\n|\n|upkeep\n|turn|2\n|\n|t:|1732993437\n|move|p1a: Iron Boulder|Mighty Cleave|p2a: Staraptor\n|-supereffective|p2a: Staraptor\n|-damage|p2a: Staraptor|0 fnt\n|faint|p2a: Staraptor\n|-damage|p1a: Iron Boulder|103/265|[from] item: Life Orb\n|\n|upkeep\n|\n|t:|1732993449\n|switch|p2a: Hitmonlee|Hitmonlee, L85, M|223/223\n|turn|3\n|\n|t:|1732993453\n|move|p2a: Hitmonlee|Mach Punch|p1a: Iron Boulder\n|-damage|p1a: Iron Boulder|12/265\n|move|p1a: Iron Boulder|Zen Headbutt|p2a: Hitmonlee\n|-supereffective|p2a: Hitmonlee\n|-damage|p2a: Hitmonlee|0 fnt\n|faint|p2a: Hitmonlee\n|-damage|p1a: Iron Boulder|0 fnt|[from] item: Life Orb\n|faint|p1a: Iron Boulder\n|-end|p1a: Iron Boulder|Quark Drive|[silent]\n|\n|upkeep\n|\n|t:|1732993464\n|switch|p1a: Abomasnow|Abomasnow, L85, M|291/291\n|switch|p2a: Blissey|Blissey, L84, F|566/566\n|-weather|Snow|[from] ability: Snow Warning|[of] p1a: Abomasnow\n|turn|4\n|\n|t:|1732993470\n|move|p1a: Abomasnow|Aurora Veil|p1a: Abomasnow\n|-sidestart|p1: dt674846|move: Aurora Veil\n|move|p2a: Blissey|Stealth Rock|p1a: Abomasnow\n|-sidestart|p1: dt674846|move: Stealth Rock\n|\n|-weather|Snow|[upkeep]\n|upkeep\n|turn|5\n|\n|t:|1732993475\n|move|p1a: Abomasnow|Wood Hammer|p2a: Blissey\n|-damage|p2a: Blissey|185/566\n|-damage|p1a: Abomasnow|165/291|[from] Recoil\n|move|p2a: Blissey|Thunder Wave|p1a: Abomasnow|[miss]\n|-miss|p2a: Blissey|p1a: Abomasnow\n|\n|-weather|Snow|[upkeep]\n|-heal|p2a: Blissey|220/566|[from] item: Leftovers\n|upkeep\n|turn|6\n|\n|t:|1732993483\n|move|p1a: Abomasnow|Wood Hammer|p2a: Blissey\n|-damage|p2a: Blissey|0 fnt\n|faint|p2a: Blissey\n|-damage|p1a: Abomasnow|92/291|[from] Recoil\n|\n|-weather|Snow|[upkeep]\n|upkeep\n|\n|t:|1732993492\n|switch|p2a: Dragalge|Dragalge, L88, F|258/258\n|turn|7\n|\n|t:|1732993496\n|move|p1a: Abomasnow|Blizzard|p2a: Dragalge\n|-supereffective|p2a: Dragalge\n|-damage|p2a: Dragalge|82/258\n|move|p2a: Dragalge|Sludge Wave|p1a: Abomasnow\n|-supereffective|p1a: Abomasnow\n|-damage|p1a: Abomasnow|0 fnt\n|faint|p1a: Abomasnow\n|\n|-weather|Snow|[upkeep]\n|-heal|p2a: Dragalge|98/258|[from] item: Leftovers\n|upkeep\n|\n|t:|1732993505\n|switch|p1a: Eternatus|Eternatus, L69|308/308\n|-damage|p1a: Eternatus|270/308|[from] Stealth Rock\n|-ability|p1a: Eternatus|Pressure\n|turn|8\n|\n|t:|1732993511\n|move|p1a: Eternatus|Meteor Beam||[still]\n|-prepare|p1a: Eternatus|Meteor Beam\n|-boost|p1a: Eternatus|spa|1\n|-enditem|p1a: Eternatus|Power Herb\n|-anim|p1a: Eternatus|Meteor Beam|p2a: Dragalge|[miss]\n|-miss|p1a: Eternatus|p2a: Dragalge\n|move|p2a: Dragalge|Draco Meteor|p1a: Eternatus\n|-supereffective|p1a: Eternatus\n|-damage|p1a: Eternatus|32/308\n|-unboost|p2a: Dragalge|spa|2\n|\n|-weather|none\n|-heal|p2a: Dragalge|114/258|[from] item: Leftovers\n|upkeep\n|turn|9\n|\n|t:|1732993523\n|move|p1a: Eternatus|Dynamax Cannon|p2a: Dragalge\n|-supereffective|p2a: Dragalge\n|-damage|p2a: Dragalge|0 fnt\n|faint|p2a: Dragalge\n|\n|upkeep\n|\n|t:|1732993533\n|switch|p2a: Zebstrika|Zebstrika, L87, M|272/272\n|turn|10\n|\n|t:|1732993537\n|move|p2a: Zebstrika|High Horsepower|p1a: Eternatus\n|-supereffective|p1a: Eternatus\n|-damage|p1a: Eternatus|0 fnt\n|faint|p1a: Eternatus\n|-damage|p2a: Zebstrika|245/272|[from] item: Life Orb\n|\n|upkeep\n|\n|t:|1732993545\n|switch|p1a: Cetitan|Cetitan, L82, F|412/412\n|-damage|p1a: Cetitan|309/412|[from] Stealth Rock\n|turn|11\n|\n|t:|1732993549\n|move|p2a: Zebstrika|Overheat|p1a: Cetitan\n|-supereffective|p1a: Cetitan\n|-damage|p1a: Cetitan|139/412\n|-unboost|p2a: Zebstrika|spa|2\n|-enditem|p1a: Cetitan|Sitrus Berry|[eat]\n|-heal|p1a: Cetitan|242/412|[from] item: Sitrus Berry\n|-damage|p2a: Zebstrika|218/272|[from] item: Life Orb\n|move|p1a: Cetitan|Earthquake|p2a: Zebstrika\n|-supereffective|p2a: Zebstrika\n|-damage|p2a: Zebstrika|30/272\n|\n|-sideend|p1: dt674846|move: Aurora Veil\n|upkeep\n|turn|12\n|\n|t:|1732993561\n|move|p1a: Cetitan|Ice Shard|p2a: Zebstrika\n|-damage|p2a: Zebstrika|0 fnt\n|faint|p2a: Zebstrika\n|\n|upkeep\n|\n|t:|1732993565\n|switch|p2a: Chimecho|Chimecho, L94, F|293/293\n|turn|13\n|\n|t:|1732993571\n|-terastallize|p2a: Chimecho|Steel\n|move|p2a: Chimecho|Cosmic Power|p2a: Chimecho\n|-boost|p2a: Chimecho|def|1\n|-boost|p2a: Chimecho|spd|1\n|move|p1a: Cetitan|Ice Spinner|p2a: Chimecho\n|-resisted|p2a: Chimecho\n|-damage|p2a: Chimecho|264/293\n|\n|-heal|p2a: Chimecho|282/293|[from] item: Leftovers\n|upkeep\n|turn|14\n|\n|t:|1732993585\n|move|p2a: Chimecho|Dazzling Gleam|p1a: Cetitan\n|-damage|p1a: Cetitan|142/412\n|move|p1a: Cetitan|Earthquake|p2a: Chimecho\n|-immune|p2a: Chimecho|[from] ability: Levitate\n|\n|-heal|p2a: Chimecho|293/293|[from] item: Leftovers\n|upkeep\n|turn|15\n|\n|t:|1732993592\n|move|p2a: Chimecho|Cosmic Power|p2a: Chimecho\n|-boost|p2a: Chimecho|def|1\n|-boost|p2a: Chimecho|spd|1\n|move|p1a: Cetitan|Ice Spinner|p2a: Chimecho\n|-resisted|p2a: Chimecho\n|-damage|p2a: Chimecho|273/293\n|\n|-heal|p2a: Chimecho|291/293|[from] item: Leftovers\n|upkeep\n|turn|16\n|\n|t:|1732993600\n|switch|p1a: Zekrom|Zekrom, L71|259/259\n|-damage|p1a: Zekrom|227/259|[from] Stealth Rock\n|-ability|p1a: Zekrom|Teravolt\n|move|p2a: Chimecho|Cosmic Power|p2a: Chimecho\n|-boost|p2a: Chimecho|def|1\n|-boost|p2a: Chimecho|spd|1\n|\n|-heal|p2a: Chimecho|293/293|[from] item: Leftovers\n|-heal|p1a: Zekrom|243/259|[from] item: Leftovers\n|upkeep\n|turn|17\n|\n|t:|1732993612\n|-terastallize|p1a: Zekrom|Electric\n|move|p2a: Chimecho|Dazzling Gleam|p1a: Zekrom\n|-damage|p1a: Zekrom|169/259\n|move|p1a: Zekrom|Dragon Dance|p1a: Zekrom\n|-boost|p1a: Zekrom|atk|1\n|-boost|p1a: Zekrom|spe|1\n|\n|-heal|p1a: Zekrom|185/259|[from] item: Leftovers\n|upkeep\n|turn|18\n|\n|t:|1732993622\n|move|p1a: Zekrom|Dragon Dance|p1a: Zekrom\n|-boost|p1a: Zekrom|atk|1\n|-boost|p1a: Zekrom|spe|1\n|move|p2a: Chimecho|Stored Power|p1a: Zekrom\n|-damage|p1a: Zekrom|0 fnt\n|faint|p1a: Zekrom\n|\n|upkeep\n|\n|t:|1732993628\n|switch|p1a: Deoxys|Deoxys, L74|196/196\n|-damage|p1a: Deoxys|172/196|[from] Stealth Rock\n|-ability|p1a: Deoxys|Pressure\n|turn|19\n|\n|t:|1732993634\n|move|p1a: Deoxys|Superpower|p2a: Chimecho\n|-supereffective|p2a: Chimecho\n|-damage|p2a: Chimecho|205/293\n|-unboost|p1a: Deoxys|atk|1\n|-unboost|p1a: Deoxys|def|1\n|-damage|p1a: Deoxys|153/196|[from] item: Life Orb\n|move|p2a: Chimecho|Dazzling Gleam|p1a: Deoxys\n|-damage|p1a: Deoxys|36/196\n|\n|-heal|p2a: Chimecho|223/293|[from] item: Leftovers\n|upkeep\n|turn|20\n|\n|t:|1732993644\n|move|p1a: Deoxys|Knock Off|p2a: Chimecho\n|-damage|p2a: Chimecho|200/293\n|-enditem|p2a: Chimecho|Leftovers|[from] move: Knock Off|[of] p1a: Deoxys\n|-damage|p1a: Deoxys|17/196|[from] item: Life Orb\n|move|p2a: Chimecho|Dazzling Gleam|p1a: Deoxys\n|-damage|p1a: Deoxys|0 fnt\n|faint|p1a: Deoxys\n|\n|upkeep\n|\n|t:|1732993650\n|switch|p1a: Cetitan|Cetitan, L82, F|142/412\n|-damage|p1a: Cetitan|39/412|[from] Stealth Rock\n|turn|21\n|\n|t:|1732993654\n|move|p2a: Chimecho|Stored Power|p1a: Cetitan\n|-damage|p1a: Cetitan|0 fnt\n|faint|p1a: Cetitan\n|\n|win|Fold4\n", "inputlog": ">version b107d77f5c90bd6555267ae244a6264823309ead\n>start {\"formatid\":\"gen9randombattle\",\"seed\":[23445,60103,55264,54401]}\n>player p1 {\"name\":\"dt674846\",\"avatar\":\"ryuki\",\"rating\":0,\"seed\":[59511,47998,29222,22530]}\n>player p2 {\"name\":\"Fold4\",\"avatar\":\"unknown\",\"rating\":0,\"seed\":[34126,61246,47212,55122]}\n>p1 move swordsdance\n>p2 move bravebird\n>p1 move mightycleave\n>p2 move bravebird\n>p2 switch 4\n>p1 move zenheadbutt\n>p2 move machpunch\n>p1 switch 3\n>p2 switch 2\n>p1 move auroraveil\n>p2 move stealthrock\n>p1 move woodhammer\n>p2 move thunderwave\n>p1 move woodhammer\n>p2 move seismictoss\n>p2 switch 5\n>p1 move blizzard\n>p2 move sludgewave\n>p1 switch 4\n>p1 move meteorbeam\n>p2 move dracometeor\n>p1 move dynamaxcannon\n>p2 move dracometeor\n>p2 switch 3\n>p1 move dynamaxcannon\n>p2 move highhorsepower\n>p1 switch 6\n>p1 move earthquake\n>p2 move overheat\n>p1 move iceshard\n>p2 move voltswitch\n>p2 switch 6\n>p1 move icespinner\n>p2 move cosmicpower terastallize\n>p1 move earthquake\n>p2 move dazzlinggleam\n>p1 move icespinner\n>p2 move cosmicpower\n>p1 switch 5\n>p2 move cosmicpower\n>p1 move dragondance terastallize\n>p2 move dazzlinggleam\n>p1 move dragondance\n>p2 move storedpower\n>p1 switch 2\n>p1 move superpower\n>p2 move dazzlinggleam\n>p1 move knockoff\n>p2 move dazzlinggleam\n>p1 switch 5\n>p1 move icespinner\n>p2 move storedpower", "uploadtime": 1732993660, "views": 4, "formatid": "gen9randombattle", "rating": null, "private": 0, "password": null}