{"id": "gen9randombattle-2253926686", "format": "[Gen 9] Random Battle", "players": ["NoExcuses711", "nikoguy"], "log": "|j|\u2606NoExcuses711\n|j|\u2606nikoguy\n|t:|1732965376\n|gametype|singles\n|player|p1|NoExcuses711|170|1463\n|player|p2|nikoguy|ingo|1455\n|teamsize|p1|6\n|teamsize|p2|6\n|gen|9\n|tier|[Gen 9] Random Battle\n|rated|\n|rule|Species Clause: Limit one of each Pok\u00e9mon\n|rule|HP Percentage Mod: HP is shown in percentages\n|rule|Sleep Clause Mod: Limit one foe put to sleep\n|rule|Illusion Level Mod: Illusion disguises the Pok\u00e9mon's true level\n|\n|t:|1732965376\n|start\n|switch|p1a: Cobalion|Cobalion, L80|277/277\n|switch|p2a: Rabsca|Rabsca, L91, F|284/284\n|turn|1\n|inactive|Battle timer is ON: inactive players will automatically lose when time's up. (requested by nikoguy)\n|inactive|nikoguy has 120 seconds left.\n|\n|t:|1732965409\n|move|p1a: Cobalion|Volt Switch|p2a: Rabsca\n|-damage|p2a: Rabsca|248/284\n|\n|t:|1732965414\n|switch|p1a: Honchkrow|Honchkrow, L86, F|312/312|[from] Volt Switch\n|move|p2a: Rabsca|Psychic|p1a: Honchkrow\n|-immune|p1a: Honchkrow\n|\n|upkeep\n|turn|2\n|\n|t:|1732965421\n|switch|p2a: Iron Hands|Iron Hands, L79|373/373\n|move|p1a: Honchkrow|U-turn|p2a: Iron Hands\n|-resisted|p2a: Iron Hands\n|-damage|p2a: Iron Hands|345/373\n|\n|t:|1732965425\n|switch|p1a: Delphox|Delphox, L84, M|263/263|[from] U-turn\n|\n|-heal|p2a: Iron Hands|368/373|[from] item: Leftovers\n|upkeep\n|turn|3\n|\n|t:|1732965448\n|move|p1a: Delphox|Nasty Plot|p1a: Delphox\n|-boost|p1a: Delphox|spa|2\n|move|p2a: Iron Hands|Thunder Punch|p1a: Delphox\n|-damage|p1a: Delphox|155/263\n|-status|p1a: Delphox|par\n|\n|-heal|p2a: Iron Hands|373/373|[from] item: Leftovers\n|upkeep\n|turn|4\n|inactive|NoExcuses711 has 120 seconds left.\n|n|!NoExcuses711|noexcuses711\n|inactive|NoExcuses711 has 90 seconds left.\n|\n|t:|1732965519\n|-end|p2a: Iron Hands|Quark Drive|[silent]\n|switch|p2a: Darkrai|Darkrai, L77|234/234\n|move|p1a: Delphox|Psyshock|p2a: Darkrai\n|-immune|p2a: Darkrai\n|\n|upkeep\n|turn|5\n|inactive|NoExcuses711 has 60 seconds left.\n|\n|t:|1732965553\n|switch|p1a: Wigglytuff|Wigglytuff, L96, M|424/424\n|move|p2a: Darkrai|Dark Pulse|p1a: Wigglytuff\n|-resisted|p1a: Wigglytuff\n|-damage|p1a: Wigglytuff|347/424\n|-damage|p2a: Darkrai|211/234|[from] item: Life Orb\n|\n|-heal|p1a: Wigglytuff|373/424|[from] item: Leftovers\n|upkeep\n|turn|6\n|\n|t:|1732965563\n|move|p2a: Darkrai|Hypnosis|p1a: Wigglytuff\n|-status|p1a: Wigglytuff|slp|[from] move: Hypnosis\n|cant|p1a: Wigglytuff|slp\n|\n|-heal|p1a: Wigglytuff|399/424 slp|[from] item: Leftovers\n|-damage|p1a: Wigglytuff|346/424 slp|[from] ability: Bad Dreams|[of] p2a: Darkrai\n|upkeep\n|turn|7\n|\n|t:|1732965568\n|switch|p2a: Metagross|Metagross, L79|256/256\n|switch|p1a: Honchkrow|Honchkrow, L86, F|312/312\n|\n|upkeep\n|turn|8\n|\n|t:|1732965589\n|move|p1a: Honchkrow|Sucker Punch|p2a: Metagross\n|-supereffective|p2a: Metagross\n|-damage|p2a: Metagross|106/256\n|move|p2a: Metagross|Heavy Slam|p1a: Honchkrow\n|-damage|p1a: Honchkrow|0 fnt\n|faint|p1a: Honchkrow\n|\n|upkeep\n|\n|t:|1732965593\n|switch|p1a: Zapdos|Zapdos, L78|268/268\n|turn|9\n|\n|t:|1732965595\n|move|p1a: Zapdos|Heat Wave|p2a: Metagross\n|-supereffective|p2a: Metagross\n|-damage|p2a: Metagross|0 fnt\n|faint|p2a: Metagross\n|\n|upkeep\n|\n|t:|1732965602\n|switch|p2a: Rabsca|Rabsca, L91, F|248/284\n|turn|10\n|\n|t:|1732965609\n|move|p1a: Zapdos|Hurricane|p2a: Rabsca\n|-supereffective|p2a: Rabsca\n|-damage|p2a: Rabsca|50/284\n|move|p2a: Rabsca|Psychic|p1a: Zapdos\n|-damage|p1a: Zapdos|130/268\n|\n|upkeep\n|turn|11\n|\n|t:|1732965613\n|move|p1a: Zapdos|Heat Wave|p2a: Rabsca\n|-supereffective|p2a: Rabsca\n|-damage|p2a: Rabsca|0 fnt\n|faint|p2a: Rabsca\n|\n|upkeep\n|\n|t:|1732965620\n|switch|p2a: Kilowattrel|Kilowattrel, L83, F|252/252\n|turn|12\n|inactive|NoExcuses711 has 120 seconds left.\n|\n|t:|1732965639\n|move|p2a: Kilowattrel|Thunderbolt|p1a: Zapdos\n|-damage|p1a: Zapdos|31/268\n|move|p1a: Zapdos|Heat Wave|p2a: Kilowattrel\n|-damage|p2a: Kilowattrel|163/252\n|\n|upkeep\n|turn|13\n|\n|t:|1732965642\n|switch|p1a: Groudon|Groudon, L72|263/263\n|-weather|SunnyDay|[from] ability: Drought|[of] p1a: Groudon\n|move|p2a: Kilowattrel|Thunderbolt|p1a: Groudon\n|-immune|p1a: Groudon\n|\n|-weather|SunnyDay|[upkeep]\n|upkeep\n|turn|14\n|\n|t:|1732965650\n|move|p2a: Kilowattrel|U-turn|p1a: Groudon\n|-damage|p1a: Groudon|235/263\n|\n|t:|1732965653\n|switch|p2a: Samurott|Samurott, L88, F|310/310|[from] U-turn\n|move|p1a: Groudon|Heat Crash|p2a: Samurott\n|-resisted|p2a: Samurott\n|-damage|p2a: Samurott|251/310\n|\n|-weather|SunnyDay|[upkeep]\n|-heal|p1a: Groudon|251/263|[from] item: Leftovers\n|upkeep\n|turn|15\n|\n|t:|1732965658\n|move|p2a: Samurott|Knock Off|p1a: Groudon\n|-damage|p1a: Groudon|177/263\n|-enditem|p1a: Groudon|Leftovers|[from] move: Knock Off|[of] p2a: Samurott\n|-damage|p2a: Samurott|220/310|[from] item: Life Orb\n|move|p1a: Groudon|Thunder Wave|p2a: Samurott|[miss]\n|-miss|p1a: Groudon|p2a: Samurott\n|\n|-weather|SunnyDay|[upkeep]\n|upkeep\n|turn|16\n|\n|t:|1732965665\n|move|p2a: Samurott|Liquidation|p1a: Groudon\n|-supereffective|p1a: Groudon\n|-damage|p1a: Groudon|81/263\n|-damage|p2a: Samurott|189/310|[from] item: Life Orb\n|move|p1a: Groudon|Thunder Wave|p2a: Samurott\n|-status|p2a: Samurott|par\n|\n|-weather|SunnyDay|[upkeep]\n|upkeep\n|turn|17\n|\n|t:|1732965669\n|switch|p1a: Cobalion|Cobalion, L80|277/277\n|move|p2a: Samurott|Liquidation|p1a: Cobalion\n|-damage|p1a: Cobalion|229/277\n|-damage|p2a: Samurott|158/310 par|[from] item: Life Orb\n|\n|-weather|none\n|upkeep\n|turn|18\n|inactive|NoExcuses711 has 120 seconds left.\n|inactive|NoExcuses711 has 90 seconds left.\n|inactive|NoExcuses711 has 60 seconds left.\n|\n|t:|1732965783\n|move|p1a: Cobalion|Body Press|p2a: Samurott\n|-damage|p2a: Samurott|61/310 par\n|move|p2a: Samurott|Liquidation|p1a: Cobalion\n|-damage|p1a: Cobalion|72/277\n|-damage|p2a: Samurott|30/310 par|[from] item: Life Orb\n|\n|upkeep\n|turn|19\n|\n|t:|1732965791\n|move|p2a: Samurott|Aqua Jet|p1a: Cobalion\n|-damage|p1a: Cobalion|0 fnt\n|faint|p1a: Cobalion\n|-damage|p2a: Samurott|0 fnt|[from] item: Life Orb\n|faint|p2a: Samurott\n|\n|upkeep\n|\n|t:|1732965804\n|switch|p1a: Wigglytuff|Wigglytuff, L96, M|346/424 slp\n|switch|p2a: Iron Hands|Iron Hands, L79|373/373\n|turn|20\n|\n|t:|1732965807\n|cant|p1a: Wigglytuff|slp\n|move|p2a: Iron Hands|Swords Dance|p2a: Iron Hands\n|-boost|p2a: Iron Hands|atk|2\n|\n|-heal|p1a: Wigglytuff|372/424 slp|[from] item: Leftovers\n|upkeep\n|turn|21\n|\n|t:|1732965809\n|cant|p1a: Wigglytuff|slp\n|move|p2a: Iron Hands|Thunder Punch|p1a: Wigglytuff\n|-damage|p1a: Wigglytuff|92/424 slp\n|\n|-heal|p1a: Wigglytuff|118/424 slp|[from] item: Leftovers\n|upkeep\n|turn|22\n|\n|t:|1732965812\n|-curestatus|p1a: Wigglytuff|slp|[msg]\n|move|p1a: Wigglytuff|Dazzling Gleam|p2a: Iron Hands\n|-supereffective|p2a: Iron Hands\n|-damage|p2a: Iron Hands|101/373\n|move|p2a: Iron Hands|Thunder Punch|p1a: Wigglytuff\n|-damage|p1a: Wigglytuff|0 fnt\n|faint|p1a: Wigglytuff\n|\n|-heal|p2a: Iron Hands|124/373|[from] item: Leftovers\n|upkeep\n|\n|t:|1732965814\n|switch|p1a: Delphox|Delphox, L84, M|155/263 par\n|turn|23\n|\n|t:|1732965831\n|move|p2a: Iron Hands|Thunder Punch|p1a: Delphox\n|-damage|p1a: Delphox|0 fnt\n|faint|p1a: Delphox\n|\n|-heal|p2a: Iron Hands|147/373|[from] item: Leftovers\n|upkeep\n|-message|NoExcuses711 forfeited.\n|\n|win|nikoguy\n", "inputlog": ">version b107d77f5c90bd6555267ae244a6264823309ead\n>start {\"formatid\":\"gen9randombattle\",\"seed\":[47446,47506,42466,18930],\"rated\":\"Rated battle\"}\n>player p1 {\"name\":\"NoExcuses711\",\"avatar\":\"170\",\"rating\":1463,\"seed\":[39914,60187,19091,62410]}\n>player p2 {\"name\":\"nikoguy\",\"avatar\":\"ingo\",\"rating\":1455,\"seed\":[49120,12556,15035,32907]}\n>p1 move voltswitch\n>p2 move psychic\n>p1 switch 6\n>p1 move uturn\n>p2 switch 3\n>p1 switch 2\n>p1 move nastyplot\n>p2 move thunderpunch\n>chat \u2606NoExcuses711|lucky sumb n.ig.g.a\n>chat \u2606NoExcuses711|fuck you\n>p1 move psyshock\n>p2 switch 5\n>p1 switch 4\n>p2 move darkpulse\n>p1 move thunderwave\n>p2 move hypnosis\n>p1 switch 2\n>p2 switch 4\n>p1 move suckerpunch\n>p2 move heavyslam\n>p1 switch 3\n>p1 move heatwave\n>p2 move heavyslam\n>p2 switch 3\n>p1 move hurricane\n>p2 move psychic\n>p1 move heatwave\n>p2 move revivalblessing\n>p2 switch 6\n>p1 move heatwave\n>p2 move thunderbolt\n>p1 switch 5\n>p2 move thunderbolt\n>p1 move heatcrash\n>p2 move uturn\n>p2 switch 2\n>p1 move thunderwave\n>p2 move knockoff\n>p1 move thunderwave\n>p2 move liquidation\n>p1 switch 6\n>p2 move liquidation\n>p1 move bodypress\n>p2 move liquidation\n>p1 move stoneedge\n>p2 move aquajet\n>p1 switch 2\n>p2 switch 5\n>p1 move dazzlinggleam\n>p2 move swordsdance\n>p1 move dazzlinggleam\n>p2 move thunderpunch\n>p1 move dazzlinggleam\n>p2 move thunderpunch\n>p1 switch 4\n>p1 move fireblast\n>p2 move thunderpunch\n>forcelose p1", "uploadtime": 1732965505, "views": 2, "formatid": "gen9randombattle", "rating": null, "private": 0, "password": null}