{"id": "gen9randombattle-2253881851", "format": "[Gen 9] Random Battle", "players": ["YukiShing511", "namit chugh"], "log": "|j|\u2606YukiShing511\n|j|\u2606namit chugh\n|t:|1732955447\n|gametype|singles\n|player|p1|YukiShing511|veteran|1177\n|player|p2|namit chugh|dawn|1138\n|teamsize|p1|6\n|teamsize|p2|6\n|gen|9\n|tier|[Gen 9] Random Battle\n|rated|\n|rule|Species Clause: Limit one of each Pok\u00e9mon\n|rule|HP Percentage Mod: HP is shown in percentages\n|rule|Sleep Clause Mod: Limit one foe put to sleep\n|rule|Illusion Level Mod: Illusion disguises the Pok\u00e9mon's true level\n|\n|t:|1732955447\n|start\n|switch|p1a: Chien-Pao|Chien-Pao, L72|234/234\n|switch|p2a: Milotic|Milotic, L83, F|293/293\n|-ability|p1a: Chien-Pao|Sword of Ruin\n|turn|1\n|\n|t:|1732955468\n|move|p1a: Chien-Pao|Icicle Crash|p2a: Milotic\n|-resisted|p2a: Milotic\n|-damage|p2a: Milotic|207/293\n|move|p2a: Milotic|Dragon Tail|p1a: Chien-Pao\n|-damage|p1a: Chien-Pao|194/234\n|drag|p1a: Kilowattrel|Kilowattrel, L83, M|252/252\n|\n|-heal|p2a: Milotic|225/293|[from] item: Leftovers\n|upkeep\n|turn|2\n|\n|t:|1732955478\n|-terastallize|p2a: Milotic|Steel\n|move|p1a: Kilowattrel|Thunderbolt|p2a: Milotic\n|-damage|p2a: Milotic|144/293\n|move|p2a: Milotic|Ice Beam|p1a: Kilowattrel\n|-supereffective|p1a: Kilowattrel\n|-damage|p1a: Kilowattrel|82/252\n|\n|-heal|p2a: Milotic|162/293|[from] item: Leftovers\n|upkeep\n|turn|3\n|\n|t:|1732955487\n|move|p1a: Kilowattrel|Thunder Wave|p2a: Milotic\n|-status|p2a: Milotic|par\n|cant|p2a: Milotic|par\n|\n|-heal|p2a: Milotic|180/293 par|[from] item: Leftovers\n|upkeep\n|turn|4\n|\n|t:|1732955495\n|move|p1a: Kilowattrel|Roost|p1a: Kilowattrel\n|-heal|p1a: Kilowattrel|208/252\n|-singleturn|p1a: Kilowattrel|move: Roost\n|move|p2a: Milotic|Ice Beam|p1a: Kilowattrel\n|-damage|p1a: Kilowattrel|119/252\n|\n|-heal|p2a: Milotic|198/293 par|[from] item: Leftovers\n|upkeep\n|turn|5\n|\n|t:|1732955503\n|move|p1a: Kilowattrel|Roost|p1a: Kilowattrel\n|-heal|p1a: Kilowattrel|245/252\n|-singleturn|p1a: Kilowattrel|move: Roost\n|cant|p2a: Milotic|par\n|\n|-heal|p2a: Milotic|216/293 par|[from] item: Leftovers\n|upkeep\n|turn|6\n|\n|t:|1732955510\n|move|p1a: Kilowattrel|Thunderbolt|p2a: Milotic\n|-damage|p2a: Milotic|138/293 par\n|move|p2a: Milotic|Recover|p2a: Milotic\n|-heal|p2a: Milotic|285/293 par\n|\n|-heal|p2a: Milotic|293/293 par|[from] item: Leftovers\n|upkeep\n|turn|7\n|inactive|Battle timer is ON: inactive players will automatically lose when time's up. (requested by namit chugh)\n|\n|t:|1732955525\n|move|p1a: Kilowattrel|Hurricane|p2a: Milotic\n|-resisted|p2a: Milotic\n|-damage|p2a: Milotic|242/293 par\n|cant|p2a: Milotic|par\n|\n|-heal|p2a: Milotic|260/293 par|[from] item: Leftovers\n|upkeep\n|turn|8\n|\n|t:|1732955532\n|move|p1a: Kilowattrel|Thunderbolt|p2a: Milotic\n|-damage|p2a: Milotic|185/293 par\n|move|p2a: Milotic|Ice Beam|p1a: Kilowattrel\n|-supereffective|p1a: Kilowattrel\n|-damage|p1a: Kilowattrel|61/252\n|\n|-heal|p2a: Milotic|203/293 par|[from] item: Leftovers\n|upkeep\n|turn|9\n|\n|t:|1732955541\n|move|p1a: Kilowattrel|Roost|p1a: Kilowattrel\n|-heal|p1a: Kilowattrel|187/252\n|-singleturn|p1a: Kilowattrel|move: Roost\n|cant|p2a: Milotic|par\n|\n|-heal|p2a: Milotic|221/293 par|[from] item: Leftovers\n|upkeep\n|turn|10\n|\n|t:|1732955549\n|move|p1a: Kilowattrel|Thunderbolt|p2a: Milotic\n|-damage|p2a: Milotic|146/293 par\n|move|p2a: Milotic|Ice Beam|p1a: Kilowattrel\n|-supereffective|p1a: Kilowattrel\n|-damage|p1a: Kilowattrel|7/252\n|\n|-heal|p2a: Milotic|164/293 par|[from] item: Leftovers\n|upkeep\n|turn|11\n|\n|t:|1732955557\n|move|p1a: Kilowattrel|Roost|p1a: Kilowattrel\n|-heal|p1a: Kilowattrel|133/252\n|-singleturn|p1a: Kilowattrel|move: Roost\n|move|p2a: Milotic|Recover|p2a: Milotic\n|-heal|p2a: Milotic|293/293 par\n|\n|upkeep\n|turn|12\n|\n|t:|1732955565\n|move|p1a: Kilowattrel|Roost|p1a: Kilowattrel\n|-heal|p1a: Kilowattrel|252/252\n|-singleturn|p1a: Kilowattrel|move: Roost\n|move|p2a: Milotic|Ice Beam|p1a: Kilowattrel\n|-damage|p1a: Kilowattrel|169/252\n|\n|upkeep\n|turn|13\n|\n|t:|1732955572\n|move|p1a: Kilowattrel|Thunderbolt|p2a: Milotic\n|-damage|p2a: Milotic|212/293 par\n|move|p2a: Milotic|Dragon Tail|p1a: Kilowattrel\n|-damage|p1a: Kilowattrel|126/252\n|drag|p1a: Chien-Pao|Chien-Pao, L72|194/234\n|-ability|p1a: Chien-Pao|Sword of Ruin\n|\n|-heal|p2a: Milotic|230/293 par|[from] item: Leftovers\n|upkeep\n|turn|14\n|\n|t:|1732955582\n|-terastallize|p1a: Chien-Pao|Fighting\n|move|p1a: Chien-Pao|Sacred Sword|p2a: Milotic\n|-supereffective|p2a: Milotic\n|-damage|p2a: Milotic|0 fnt\n|faint|p2a: Milotic\n|\n|upkeep\n|\n|t:|1732955595\n|switch|p2a: Grumpig|Grumpig, L92, F|297/297\n|turn|15\n|\n|t:|1732955617\n|switch|p1a: Dodrio|Dodrio, L86, F|243/243\n|move|p2a: Grumpig|Shadow Ball|p1a: Dodrio\n|-immune|p1a: Dodrio\n|\n|upkeep\n|turn|16\n|\n|t:|1732955626\n|switch|p2a: Garchomp|Garchomp, L74, F|282/282\n|move|p1a: Dodrio|Swords Dance|p1a: Dodrio\n|-boost|p1a: Dodrio|atk|2\n|\n|upkeep\n|turn|17\n|\n|t:|1732955636\n|move|p1a: Dodrio|Knock Off|p2a: Garchomp\n|-damage|p2a: Garchomp|106/282\n|-damage|p1a: Dodrio|213/243|[from] ability: Rough Skin|[of] p2a: Garchomp\n|-damage|p1a: Dodrio|173/243|[from] item: Rocky Helmet|[of] p2a: Garchomp\n|-enditem|p2a: Garchomp|Rocky Helmet|[from] move: Knock Off|[of] p1a: Dodrio\n|move|p2a: Garchomp|Stone Edge|p1a: Dodrio\n|-supereffective|p1a: Dodrio\n|-damage|p1a: Dodrio|23/243\n|\n|upkeep\n|turn|18\n|\n|t:|1732955649\n|move|p1a: Dodrio|Knock Off|p2a: Garchomp\n|-damage|p2a: Garchomp|0 fnt\n|-damage|p1a: Dodrio|0 fnt|[from] ability: Rough Skin|[of] p2a: Garchomp\n|faint|p2a: Garchomp\n|faint|p1a: Dodrio\n|\n|upkeep\n|\n|t:|1732955657\n|switch|p1a: Kilowattrel|Kilowattrel, L83, M|126/252\n|switch|p2a: Grumpig|Grumpig, L92, F|297/297\n|turn|19\n|\n|t:|1732955661\n|move|p2a: Grumpig|Shadow Ball|p1a: Kilowattrel\n|-damage|p1a: Kilowattrel|43/252\n|move|p1a: Kilowattrel|Thunder Wave|p2a: Grumpig\n|-status|p2a: Grumpig|par\n|\n|upkeep\n|turn|20\n|\n|t:|1732955668\n|move|p1a: Kilowattrel|Roost|p1a: Kilowattrel\n|-heal|p1a: Kilowattrel|169/252\n|-singleturn|p1a: Kilowattrel|move: Roost\n|move|p2a: Grumpig|Shadow Ball|p1a: Kilowattrel\n|-damage|p1a: Kilowattrel|80/252\n|\n|upkeep\n|turn|21\n|\n|t:|1732955680\n|switch|p2a: Koraidon|Koraidon, L64|235/235\n|-weather|SunnyDay|[from] ability: Orichalcum Pulse|[of] p2a: Koraidon\n|-activate|p2a: Koraidon|Orichalcum Pulse|[source]\n|move|p1a: Kilowattrel|Roost|p1a: Kilowattrel\n|-heal|p1a: Kilowattrel|206/252\n|-singleturn|p1a: Kilowattrel|move: Roost\n|\n|-weather|SunnyDay|[upkeep]\n|upkeep\n|turn|22\n|\n|t:|1732955691\n|move|p1a: Kilowattrel|Thunder Wave|p2a: Koraidon\n|-status|p2a: Koraidon|par\n|move|p2a: Koraidon|Flare Blitz|p1a: Kilowattrel\n|-damage|p1a: Kilowattrel|29/252\n|-damage|p2a: Koraidon|177/235 par|[from] Recoil\n|\n|-weather|SunnyDay|[upkeep]\n|upkeep\n|turn|23\n|\n|t:|1732955703\n|move|p1a: Kilowattrel|Hurricane|p2a: Koraidon\n|-supereffective|p2a: Koraidon\n|-damage|p2a: Koraidon|0 fnt\n|faint|p2a: Koraidon\n|\n|-weather|SunnyDay|[upkeep]\n|upkeep\n|\n|t:|1732955712\n|switch|p2a: Porygon2|Porygon2, L82|274/274\n|-ability|p2a: Porygon2|Download|boost\n|-boost|p2a: Porygon2|spa|1\n|turn|24\n|\n|t:|1732955718\n|move|p1a: Kilowattrel|Thunder Wave|p2a: Porygon2\n|-status|p2a: Porygon2|par\n|move|p2a: Porygon2|Thunder Wave|p1a: Kilowattrel\n|-heal|p1a: Kilowattrel|92/252|[from] ability: Volt Absorb|[of] p2a: Porygon2\n|\n|-weather|SunnyDay|[upkeep]\n|upkeep\n|turn|25\n|\n|t:|1732955728\n|move|p1a: Kilowattrel|Roost|p1a: Kilowattrel\n|-heal|p1a: Kilowattrel|218/252\n|-singleturn|p1a: Kilowattrel|move: Roost\n|cant|p2a: Porygon2|par\n|\n|-weather|none\n|upkeep\n|turn|26\n|\n|t:|1732955744\n|move|p1a: Kilowattrel|Thunderbolt|p2a: Porygon2\n|-damage|p2a: Porygon2|208/274 par\n|cant|p2a: Porygon2|par\n|\n|upkeep\n|turn|27\n|\n|t:|1732955750\n|move|p1a: Kilowattrel|Hurricane|p2a: Porygon2\n|-damage|p2a: Porygon2|133/274 par\n|-start|p2a: Porygon2|confusion\n|-activate|p2a: Porygon2|confusion\n|move|p2a: Porygon2|Recover|p2a: Porygon2\n|-heal|p2a: Porygon2|270/274 par\n|\n|upkeep\n|turn|28\n|\n|t:|1732955760\n|switch|p2a: Ursaring|Ursaring, L84, M|288/288\n|move|p1a: Kilowattrel|Hurricane|p2a: Ursaring\n|-damage|p2a: Ursaring|143/288\n|\n|-status|p2a: Ursaring|tox|[from] item: Toxic Orb\n|upkeep\n|turn|29\n|\n|t:|1732955770\n|move|p1a: Kilowattrel|Hurricane|p2a: Ursaring\n|-damage|p2a: Ursaring|1/288 tox\n|move|p2a: Ursaring|Close Combat|p1a: Kilowattrel\n|-resisted|p1a: Kilowattrel\n|-damage|p1a: Kilowattrel|146/252\n|-unboost|p2a: Ursaring|def|1\n|-unboost|p2a: Ursaring|spd|1\n|\n|-damage|p2a: Ursaring|0 fnt|[from] psn\n|faint|p2a: Ursaring\n|upkeep\n|\n|t:|1732955779\n|switch|p2a: Grumpig|Grumpig, L92, F|297/297 par\n|turn|30\n|\n|t:|1732955784\n|move|p1a: Kilowattrel|Thunderbolt|p2a: Grumpig\n|-damage|p2a: Grumpig|224/297 par\n|move|p2a: Grumpig|Psychic|p1a: Kilowattrel\n|-damage|p1a: Kilowattrel|2/252\n|\n|upkeep\n|turn|31\n|\n|t:|1732955791\n|move|p1a: Kilowattrel|Hurricane|p2a: Grumpig\n|-damage|p2a: Grumpig|122/297 par\n|-start|p2a: Grumpig|confusion\n|-activate|p2a: Grumpig|confusion\n|move|p2a: Grumpig|Psychic|p1a: Kilowattrel\n|-damage|p1a: Kilowattrel|0 fnt\n|faint|p1a: Kilowattrel\n|\n|upkeep\n|\n|t:|1732955803\n|switch|p1a: Golem|Golem-Alola, L93, M|300/300\n|turn|32\n|c|\u2606namit chugh|;(\n|c|\u2606YukiShing511|poor guy\n|\n|t:|1732955820\n|switch|p2a: Porygon2|Porygon2, L82|270/274 par\n|-ability|p2a: Porygon2|Download|boost\n|-boost|p2a: Porygon2|spa|1\n|move|p1a: Golem|Earthquake|p2a: Porygon2\n|-damage|p2a: Porygon2|178/274 par\n|-damage|p1a: Golem|270/300|[from] item: Life Orb\n|\n|upkeep\n|turn|33\n|\n|t:|1732955831\n|move|p1a: Golem|Double-Edge|p2a: Porygon2\n|-damage|p2a: Porygon2|0 fnt\n|faint|p2a: Porygon2\n|-damage|p1a: Golem|211/300|[from] Recoil\n|-damage|p1a: Golem|181/300|[from] item: Life Orb\n|\n|upkeep\n|\n|t:|1732955837\n|switch|p2a: Grumpig|Grumpig, L92, F|122/297 par\n|turn|34\n|\n|t:|1732955843\n|move|p2a: Grumpig|Psychic|p1a: Golem\n|-damage|p1a: Golem|63/300\n|move|p1a: Golem|Double-Edge|p2a: Grumpig\n|-damage|p2a: Grumpig|0 fnt\n|faint|p2a: Grumpig\n|-damage|p1a: Golem|23/300|[from] Recoil\n|-damage|p1a: Golem|0 fnt|[from] item: Life Orb\n|faint|p1a: Golem\n|\n|win|YukiShing511\n|raw|YukiShing511's rating: 1177 &rarr; <strong>1199</strong><br />(+22 for winning)\n|raw|namit chugh's rating: 1138 &rarr; <strong>1116</strong><br />(-22 for losing)\n|l|\u2606namit chugh\n|player|p2|\n", "inputlog": ">version b107d77f5c90bd6555267ae244a6264823309ead\n>start {\"formatid\":\"gen9randombattle\",\"seed\":[6779,38124,57315,12910],\"rated\":\"Rated battle\"}\n>player p1 {\"name\":\"YukiShing511\",\"avatar\":\"veteran\",\"rating\":1177,\"seed\":[2711,22700,13950,35754]}\n>player p2 {\"name\":\"namit chugh\",\"avatar\":\"dawn\",\"rating\":1138,\"seed\":[60818,44750,58031,19190]}\n>p1 move iciclecrash\n>p2 move dragontail\n>p1 move thunderbolt\n>p2 move icebeam terastallize\n>p1 move thunderwave\n>p2 move icebeam\n>p1 move roost\n>p2 move icebeam\n>p1 move roost\n>p2 move icebeam\n>p1 move thunderbolt\n>p2 move recover\n>p1 move hurricane\n>p2 move icebeam\n>p1 move thunderbolt\n>p2 move icebeam\n>p1 move roost\n>p2 move icebeam\n>p1 move thunderbolt\n>p2 move icebeam\n>p1 move roost\n>p2 move recover\n>p1 move roost\n>p2 move icebeam\n>p1 move thunderbolt\n>p2 move dragontail\n>p1 move sacredsword terastallize\n>p2 move dragontail\n>p2 switch 6\n>p1 switch 2\n>p2 move shadowball\n>p1 move swordsdance\n>p2 switch 4\n>p1 move knockoff\n>p2 move stoneedge\n>p1 move knockoff\n>p2 move stealthrock\n>p1 switch 5\n>p2 switch 4\n>p1 move thunderwave\n>p2 move shadowball\n>p1 move roost\n>p2 move shadowball\n>p1 move roost\n>p2 switch 5\n>p1 move thunderwave\n>p2 move flareblitz\n>p1 move hurricane\n>p2 move flareblitz\n>p2 switch 2\n>p1 move thunderwave\n>p2 move thunderwave\n>p1 move roost\n>p2 move terablast\n>p1 move thunderbolt\n>p2 move terablast\n>p1 move hurricane\n>p2 move recover\n>p1 move hurricane\n>p2 switch 3\n>p1 move hurricane\n>p2 move closecombat\n>p2 switch 5\n>p1 move thunderbolt\n>p2 move psychic\n>p1 move hurricane\n>p2 move psychic\n>p1 switch 4\n>chat \u2606namit chugh|;(\n>chat \u2606YukiShing511|poor guy\n>p1 move earthquake\n>p2 switch 3\n>p1 move doubleedge\n>p2 move recover\n>p2 switch 3\n>p1 move doubleedge\n>p2 move psychic", "uploadtime": 1732955863, "views": 3, "formatid": "gen9randombattle", "rating": 1116, "private": 0, "password": null}