{"id": "gen9randombattle-2253942678", "format": "[Gen 9] Random Battle", "players": ["PENTAC00L", "ananananji"], "log": "|j|\u2606PENTAC00L\n|j|\u2606ananananji\n|t:|1732968554\n|gametype|singles\n|player|p1|PENTAC00L|cynthia-gen4|2058\n|player|p2|ananananji|102|2098\n|teamsize|p1|6\n|teamsize|p2|6\n|gen|9\n|tier|[Gen 9] Random Battle\n|rated|\n|rule|Species Clause: Limit one of each Pok\u00e9mon\n|rule|HP Percentage Mod: HP is shown in percentages\n|rule|Sleep Clause Mod: Limit one foe put to sleep\n|rule|Illusion Level Mod: Illusion disguises the Pok\u00e9mon's true level\n|\n|t:|1732968554\n|start\n|switch|p1a: Talonflame|Talonflame, L84, M|268/268\n|switch|p2a: Mudsdale|Mudsdale, L84, M|305/305\n|turn|1\n|\n|t:|1732968562\n|switch|p1a: Vileplume|Vileplume, L86, F|269/269\n|move|p2a: Mudsdale|Stealth Rock|p1a: Vileplume\n|-sidestart|p1: PENTAC00L|move: Stealth Rock\n|\n|upkeep\n|turn|2\n|inactive|Battle timer is ON: inactive players will automatically lose when time's up. (requested by PENTAC00L)\n|\n|t:|1732968577\n|move|p1a: Vileplume|Sleep Powder|p2a: Mudsdale\n|-status|p2a: Mudsdale|slp|[from] move: Sleep Powder\n|cant|p2a: Mudsdale|slp\n|\n|upkeep\n|turn|3\n|\n|t:|1732968581\n|switch|p2a: Seviper|Seviper, L93, M|287/287\n|move|p1a: Vileplume|Sludge Bomb|p2a: Seviper\n|-resisted|p2a: Seviper\n|-damage|p2a: Seviper|225/287\n|\n|-heal|p2a: Seviper|242/287|[from] item: Leftovers\n|upkeep\n|turn|4\n|\n|t:|1732968594\n|switch|p1a: Talonflame|Talonflame, L84, M|268/268\n|move|p2a: Seviper|Swords Dance|p2a: Seviper\n|-boost|p2a: Seviper|atk|2\n|\n|-heal|p2a: Seviper|259/287|[from] item: Leftovers\n|upkeep\n|turn|5\n|\n|t:|1732968600\n|move|p1a: Talonflame|Flare Blitz|p2a: Seviper\n|-damage|p2a: Seviper|118/287\n|-damage|p1a: Talonflame|221/268|[from] Recoil\n|move|p2a: Seviper|Trailblaze|p1a: Talonflame\n|-resisted|p1a: Talonflame\n|-damage|p1a: Talonflame|194/268\n|-boost|p2a: Seviper|spe|1\n|-status|p2a: Seviper|brn|[from] ability: Flame Body|[of] p1a: Talonflame\n|\n|-heal|p2a: Seviper|135/287 brn|[from] item: Leftovers\n|-damage|p2a: Seviper|118/287 brn|[from] brn\n|upkeep\n|turn|6\n|\n|t:|1732968609\n|move|p2a: Seviper|Gunk Shot|p1a: Talonflame\n|-damage|p1a: Talonflame|5/268\n|move|p1a: Talonflame|Flare Blitz|p2a: Seviper\n|-damage|p2a: Seviper|0 fnt\n|faint|p2a: Seviper\n|-damage|p1a: Talonflame|0 fnt|[from] Recoil\n|faint|p1a: Talonflame\n|\n|upkeep\n|\n|t:|1732968617\n|switch|p1a: Vileplume|Vileplume, L86, F|269/269\n|switch|p2a: Arbok|Arbok, L87, M|246/246\n|-ability|p2a: Arbok|Intimidate|boost\n|-unboost|p1a: Vileplume|atk|1\n|-damage|p1a: Vileplume|236/269|[from] Stealth Rock\n|turn|7\n|\n|t:|1732968627\n|switch|p1a: Urshifu|Urshifu-Rapid-Strike, L75, M|274/274\n|-damage|p1a: Urshifu|257/274|[from] Stealth Rock\n|move|p2a: Arbok|Coil|p2a: Arbok\n|-boost|p2a: Arbok|atk|1\n|-boost|p2a: Arbok|def|1\n|-boost|p2a: Arbok|accuracy|1\n|\n|upkeep\n|turn|8\n|\n|t:|1732968639\n|-terastallize|p2a: Arbok|Grass\n|-terastallize|p1a: Urshifu|Water\n|move|p2a: Arbok|Trailblaze|p1a: Urshifu\n|-supereffective|p1a: Urshifu\n|-damage|p1a: Urshifu|47/274\n|-boost|p2a: Arbok|spe|1\n|move|p1a: Urshifu|Surging Strikes|p2a: Arbok\n|-resisted|p2a: Arbok\n|-crit|p2a: Arbok\n|-damage|p2a: Arbok|202/246\n|-resisted|p2a: Arbok\n|-crit|p2a: Arbok\n|-damage|p2a: Arbok|157/246\n|-resisted|p2a: Arbok\n|-crit|p2a: Arbok\n|-damage|p2a: Arbok|111/246\n|-hitcount|p2a: Arbok|3\n|\n|-heal|p2a: Arbok|126/246|[from] item: Leftovers\n|upkeep\n|turn|9\n|\n|t:|1732968663\n|switch|p1a: Vileplume|Vileplume, L86, F|236/269\n|-damage|p1a: Vileplume|203/269|[from] Stealth Rock\n|move|p2a: Arbok|Coil|p2a: Arbok\n|-boost|p2a: Arbok|atk|1\n|-boost|p2a: Arbok|def|1\n|-boost|p2a: Arbok|accuracy|1\n|\n|-heal|p2a: Arbok|141/246|[from] item: Leftovers\n|-heal|p1a: Vileplume|219/269|[from] item: Leftovers\n|upkeep\n|turn|10\n|\n|t:|1732968668\n|move|p2a: Arbok|Gunk Shot|p1a: Vileplume\n|-damage|p1a: Vileplume|0 fnt\n|faint|p1a: Vileplume\n|\n|-heal|p2a: Arbok|156/246|[from] item: Leftovers\n|upkeep\n|\n|t:|1732968674\n|switch|p1a: Kyurem|Kyurem, L77|319/319\n|-ability|p1a: Kyurem|Pressure\n|turn|11\n|\n|t:|1732968679\n|move|p2a: Arbok|Gunk Shot|p1a: Kyurem\n|-damage|p1a: Kyurem|40/319\n|move|p1a: Kyurem|Ice Beam|p2a: Arbok\n|-supereffective|p2a: Arbok\n|-damage|p2a: Arbok|0 fnt\n|faint|p2a: Arbok\n|\n|upkeep\n|\n|t:|1732968685\n|switch|p2a: Darkrai|Darkrai, L77|234/234\n|turn|12\n|\n|t:|1732968688\n|move|p2a: Darkrai|Dark Pulse|p1a: Kyurem\n|-damage|p1a: Kyurem|0 fnt\n|faint|p1a: Kyurem\n|-damage|p2a: Darkrai|211/234|[from] item: Life Orb\n|\n|upkeep\n|\n|t:|1732968695\n|switch|p1a: Quaquaval|Quaquaval, L79, M|264/264\n|-damage|p1a: Quaquaval|248/264|[from] Stealth Rock\n|turn|13\n|\n|t:|1732968707\n|move|p2a: Darkrai|Sludge Bomb|p1a: Quaquaval\n|-damage|p1a: Quaquaval|140/264\n|-status|p1a: Quaquaval|psn\n|-damage|p2a: Darkrai|188/234|[from] item: Life Orb\n|move|p1a: Quaquaval|Aqua Step|p2a: Darkrai\n|-crit|p2a: Darkrai\n|-damage|p2a: Darkrai|13/234\n|-boost|p1a: Quaquaval|spe|1\n|-damage|p1a: Quaquaval|114/264 psn|[from] item: Life Orb\n|\n|-damage|p1a: Quaquaval|81/264 psn|[from] psn\n|upkeep\n|turn|14\n|\n|t:|1732968713\n|switch|p2a: Mudsdale|Mudsdale, L84, M|305/305 slp\n|move|p1a: Quaquaval|Aqua Step|p2a: Mudsdale\n|-supereffective|p2a: Mudsdale\n|-damage|p2a: Mudsdale|110/305 slp\n|-boost|p1a: Quaquaval|spe|1\n|-ability|p2a: Mudsdale|Stamina|boost\n|-boost|p2a: Mudsdale|def|1\n|-damage|p1a: Quaquaval|55/264 psn|[from] item: Life Orb\n|\n|-heal|p2a: Mudsdale|129/305 slp|[from] item: Leftovers\n|-damage|p1a: Quaquaval|22/264 psn|[from] psn\n|upkeep\n|turn|15\n|\n|t:|1732968725\n|move|p1a: Quaquaval|Aqua Step|p2a: Mudsdale\n|-supereffective|p2a: Mudsdale\n|-crit|p2a: Mudsdale\n|-damage|p2a: Mudsdale|0 fnt\n|-boost|p1a: Quaquaval|spe|1\n|faint|p2a: Mudsdale\n|-ability|p1a: Quaquaval|Moxie|boost\n|-boost|p1a: Quaquaval|atk|1\n|-damage|p1a: Quaquaval|0 fnt|[from] item: Life Orb\n|faint|p1a: Quaquaval\n|\n|upkeep\n|\n|t:|1732968729\n|switch|p1a: Raichu|Raichu-Alola, L87, M|246/246\n|switch|p2a: Darkrai|Darkrai, L77|13/234\n|-damage|p1a: Raichu|216/246|[from] Stealth Rock\n|turn|16\n|\n|t:|1732968735\n|move|p1a: Raichu|Alluring Voice|p2a: Darkrai\n|-supereffective|p2a: Darkrai\n|-damage|p2a: Darkrai|0 fnt\n|faint|p2a: Darkrai\n|-damage|p1a: Raichu|192/246|[from] item: Life Orb\n|\n|upkeep\n|\n|t:|1732968737\n|switch|p2a: Weavile|Weavile, L79, M|240/240\n|turn|17\n|\n|t:|1732968742\n|move|p2a: Weavile|Knock Off|p1a: Raichu\n|-supereffective|p1a: Raichu\n|-damage|p1a: Raichu|0 fnt\n|-enditem|p1a: Raichu|Life Orb|[from] move: Knock Off|[of] p2a: Weavile\n|faint|p1a: Raichu\n|\n|upkeep\n|-message|PENTAC00L forfeited.\n|\n|win|ananananji\n|raw|PENTAC00L's rating: 2058 &rarr; <strong>2040</strong><br />(-18 for losing)\n|raw|ananananji's rating: 2098 &rarr; <strong>2116</strong><br />(+18 for winning)\n|l|\u2606PENTAC00L\n|player|p1|\n", "inputlog": ">version b107d77f5c90bd6555267ae244a6264823309ead\n>start {\"formatid\":\"gen9randombattle\",\"seed\":[28746,1970,21601,23645],\"rated\":\"Rated battle\"}\n>player p1 {\"name\":\"PENTAC00L\",\"avatar\":\"cynthia-gen4\",\"rating\":2058,\"seed\":[65165,48954,39952,32331]}\n>player p2 {\"name\":\"ananananji\",\"avatar\":\"102\",\"rating\":2098,\"seed\":[2955,1602,64982,47281]}\n>p1 switch 6\n>p2 move stealthrock\n>p1 move sleeppowder\n>p2 move earthquake\n>p1 move sludgebomb\n>p2 switch 6\n>p1 switch 6\n>p2 move swordsdance\n>p1 move flareblitz\n>p2 move trailblaze\n>p1 move flareblitz\n>p2 move gunkshot\n>p1 switch 6\n>p2 switch 3\n>p1 switch 4\n>p2 move coil\n>p1 move surgingstrikes terastallize\n>p2 move trailblaze terastallize\n>p1 switch 4\n>p2 move coil\n>p1 move strengthsap\n>p2 move gunkshot\n>p1 switch 2\n>p1 move icebeam\n>p2 move gunkshot\n>p2 switch 4\n>p1 move icebeam\n>p2 move darkpulse\n>p1 switch 3\n>p1 move aquastep\n>p2 move sludgebomb\n>p1 move aquastep\n>p2 switch 6\n>p1 move aquastep\n>p2 move earthquake\n>p1 switch 5\n>p2 switch 6\n>p1 move alluringvoice\n>p2 move darkpulse\n>p2 switch 2\n>p1 move alluringvoice\n>p2 move knockoff\n>forcelose p1", "uploadtime": 1732968749, "views": 6, "formatid": "gen9randombattle", "rating": 2040, "private": 0, "password": null}