{"id": "gen9randombattle-2253815888", "format": "[Gen 9] Random Battle", "players": ["Arkvoi", "juegomalhecho"], "log": "|j|\u2606Arkvoi\n|j|\u2606juegomalhecho\n|t:|1732942634\n|gametype|singles\n|player|p1|Arkvoi|169|1355\n|player|p2|juegomalhecho|benga|1400\n|teamsize|p1|6\n|teamsize|p2|6\n|gen|9\n|tier|[Gen 9] Random Battle\n|rated|\n|rule|Species Clause: Limit one of each Pok\u00e9mon\n|rule|HP Percentage Mod: HP is shown in percentages\n|rule|Sleep Clause Mod: Limit one foe put to sleep\n|rule|Illusion Level Mod: Illusion disguises the Pok\u00e9mon's true level\n|\n|t:|1732942634\n|start\n|switch|p1a: Shaymin|Shaymin-Sky, L73|266/266\n|switch|p2a: Arceus|Arceus-Fairy, L69|280/280\n|turn|1\n|inactive|Battle timer is ON: inactive players will automatically lose when time's up. (requested by juegomalhecho)\n|\n|t:|1732942669\n|move|p1a: Shaymin|Air Slash|p2a: Arceus|[miss]\n|-miss|p1a: Shaymin|p2a: Arceus\n|move|p2a: Arceus|Calm Mind|p2a: Arceus\n|-boost|p2a: Arceus|spa|1\n|-boost|p2a: Arceus|spd|1\n|\n|upkeep\n|turn|2\n|\n|t:|1732942681\n|move|p1a: Shaymin|Air Slash|p2a: Arceus\n|-damage|p2a: Arceus|232/280\n|cant|p2a: Arceus|flinch\n|\n|upkeep\n|turn|3\n|\n|t:|1732942688\n|move|p1a: Shaymin|Air Slash|p2a: Arceus\n|-damage|p2a: Arceus|184/280\n|cant|p2a: Arceus|flinch\n|\n|upkeep\n|turn|4\n|\n|t:|1732942692\n|move|p1a: Shaymin|Air Slash|p2a: Arceus\n|-crit|p2a: Arceus\n|-damage|p2a: Arceus|72/280\n|cant|p2a: Arceus|flinch\n|\n|upkeep\n|turn|5\n|\n|t:|1732942697\n|-terastallize|p2a: Arceus|Steel\n|move|p1a: Shaymin|Air Slash|p2a: Arceus\n|-resisted|p2a: Arceus\n|-damage|p2a: Arceus|48/280\n|cant|p2a: Arceus|flinch\n|\n|upkeep\n|turn|6\n|\n|t:|1732942704\n|move|p1a: Shaymin|Earth Power|p2a: Arceus\n|-supereffective|p2a: Arceus\n|-crit|p2a: Arceus\n|-damage|p2a: Arceus|0 fnt\n|faint|p2a: Arceus\n|\n|upkeep\n|\n|t:|1732942714\n|switch|p2a: Grafaiai|Grafaiai, L86, M|249/249\n|turn|7\n|\n|t:|1732942720\n|move|p2a: Grafaiai|Gunk Shot|p1a: Shaymin\n|-supereffective|p1a: Shaymin\n|-damage|p1a: Shaymin|0 fnt\n|faint|p1a: Shaymin\n|-damage|p2a: Grafaiai|225/249|[from] item: Life Orb\n|\n|upkeep\n|\n|t:|1732942726\n|switch|p1a: Deoxys|Deoxys-Speed, L82|216/216\n|-ability|p1a: Deoxys|Pressure\n|turn|8\n|\n|t:|1732942732\n|move|p1a: Deoxys|Psycho Boost|p2a: Grafaiai\n|-supereffective|p2a: Grafaiai\n|-damage|p2a: Grafaiai|0 fnt\n|-unboost|p1a: Deoxys|spa|2\n|faint|p2a: Grafaiai\n|-damage|p1a: Deoxys|195/216|[from] item: Life Orb\n|\n|upkeep\n|\n|t:|1732942760\n|switch|p2a: Landorus|Landorus, L75, M|257/257\n|turn|9\n|inactive|Arkvoi has 120 seconds left.\n|\n|t:|1732942791\n|switch|p1a: Toucannon|Toucannon, L88, M|284/284\n|move|p2a: Landorus|Stealth Rock|p1a: Toucannon\n|-sidestart|p1: Arkvoi|move: Stealth Rock\n|\n|upkeep\n|turn|10\n|inactive|Arkvoi has 120 seconds left.\n|\n|t:|1732942801\n|move|p2a: Landorus|Sludge Wave|p1a: Toucannon\n|-damage|p1a: Toucannon|170/284\n|move|p1a: Toucannon|Boomburst|p2a: Landorus\n|-damage|p2a: Landorus|91/257\n|\n|upkeep\n|turn|11\n|n|!juegomalhecho|juegomalhecho\n|inactive|Arkvoi has 120 seconds left.\n|\n|t:|1732942822\n|move|p2a: Landorus|Sludge Wave|p1a: Toucannon\n|-damage|p1a: Toucannon|53/284\n|move|p1a: Toucannon|U-turn|p2a: Landorus\n|-resisted|p2a: Landorus\n|-damage|p2a: Landorus|55/257\n|\n|t:|1732942828\n|switch|p1a: Deoxys|Deoxys-Speed, L82|195/216|[from] U-turn\n|-damage|p1a: Deoxys|168/216|[from] Stealth Rock\n|-ability|p1a: Deoxys|Pressure\n|\n|upkeep\n|turn|12\n|\n|t:|1732942831\n|move|p1a: Deoxys|Dark Pulse|p2a: Landorus\n|-damage|p2a: Landorus|0 fnt\n|faint|p2a: Landorus\n|-damage|p1a: Deoxys|147/216|[from] item: Life Orb\n|\n|upkeep\n|\n|t:|1732942842\n|switch|p2a: Passimian|Passimian, L83, M|302/302\n|turn|13\n|\n|t:|1732942844\n|move|p1a: Deoxys|Psycho Boost|p2a: Passimian\n|-supereffective|p2a: Passimian\n|-damage|p2a: Passimian|0 fnt\n|-unboost|p1a: Deoxys|spa|2\n|faint|p2a: Passimian\n|-damage|p1a: Deoxys|126/216|[from] item: Life Orb\n|\n|upkeep\n|\n|t:|1732942847\n|switch|p2a: Metagross|Metagross, L79|256/256\n|turn|14\n|\n|t:|1732942853\n|switch|p1a: Toucannon|Toucannon, L88, M|53/284\n|move|p2a: Metagross|Heavy Slam|p1a: Toucannon\n|-damage|p1a: Toucannon|0 fnt\n|faint|p1a: Toucannon\n|\n|upkeep\n|\n|t:|1732942873\n|switch|p1a: Okidogi|Okidogi, L77, M|262/262\n|-damage|p1a: Okidogi|246/262|[from] Stealth Rock\n|turn|15\n|\n|t:|1732942880\n|switch|p2a: Sinistcha|Sinistcha, L83|254/254\n|-terastallize|p1a: Okidogi|Dark\n|move|p1a: Okidogi|Knock Off|p2a: Sinistcha\n|-supereffective|p2a: Sinistcha\n|-crit|p2a: Sinistcha\n|-damage|p2a: Sinistcha|0 fnt\n|-enditem|p2a: Sinistcha|Leftovers|[from] move: Knock Off|[of] p1a: Okidogi\n|faint|p2a: Sinistcha\n|\n|upkeep\n|\n|t:|1732942886\n|switch|p2a: Metagross|Metagross, L79|256/256\n|turn|16\n|l|!juegomalhecho\n|inactive|juegomalhecho disconnected and has a minute to reconnect!\n|player|p2|\n|\n|t:|1732942902\n|move|p1a: Okidogi|Knock Off|p2a: Metagross\n|-supereffective|p2a: Metagross\n|-damage|p2a: Metagross|88/256\n|-enditem|p2a: Metagross|Choice Band|[from] move: Knock Off|[of] p1a: Okidogi\n|move|p2a: Metagross|Heavy Slam|p1a: Okidogi\n|-damage|p1a: Okidogi|114/262\n|\n|upkeep\n|turn|17\n|j|!juegomalhecho\n|inactive|juegomalhecho reconnected and has 150 seconds left.\n|player|p2|juegomalhecho|benga|\n|\n|t:|1732942906\n|move|p2a: Metagross|Bullet Punch|p1a: Okidogi\n|-damage|p1a: Okidogi|69/262\n|move|p1a: Okidogi|Knock Off|p2a: Metagross\n|-supereffective|p2a: Metagross\n|-damage|p2a: Metagross|0 fnt\n|faint|p2a: Metagross\n|\n|win|Arkvoi\n", "inputlog": ">version b107d77f5c90bd6555267ae244a6264823309ead\n>start {\"formatid\":\"gen9randombattle\",\"seed\":[47309,47633,41458,37865],\"rated\":\"Rated battle\"}\n>player p1 {\"name\":\"Arkvoi\",\"avatar\":\"169\",\"rating\":1355,\"seed\":[79,44675,52206,39071]}\n>player p2 {\"name\":\"juegomalhecho\",\"avatar\":\"benga\",\"rating\":1400,\"seed\":[21822,14824,19438,41802]}\n>p1 move airslash\n>p2 move calmmind\n>p1 move airslash\n>p2 move calmmind\n>p1 move airslash\n>p2 move calmmind\n>p1 move airslash\n>p2 move calmmind\n>p1 move airslash\n>p2 move recover terastallize\n>p1 move earthpower\n>p2 move recover\n>p2 switch 4\n>p1 move airslash\n>p2 move gunkshot\n>p1 switch 3\n>p1 move psychoboost\n>p2 move knockoff\n>p2 switch 3\n>p1 switch 5\n>p2 move stealthrock\n>p1 move boomburst\n>p2 move sludgewave\n>chat \u2606juegomalhecho|Fuck You\n>p1 move uturn\n>p2 move sludgewave\n>p1 switch 5\n>p1 move darkpulse\n>p2 move sludgewave\n>p2 switch 5\n>p1 move psychoboost\n>p2 move knockoff\n>p2 switch 6\n>p1 switch 5\n>p2 move heavyslam\n>p1 switch 6\n>p1 move knockoff terastallize\n>p2 switch 2\n>p2 switch 2\n>p1 move knockoff\n>p2 move heavyslam\n>p1 move knockoff\n>p2 move bulletpunch", "uploadtime": 1732942809, "views": 21, "formatid": "gen9randombattle", "rating": null, "private": 0, "password": null}