{"id": "gen9randombattle-2253809459", "format": "[Gen 9] Random Battle", "players": ["smooodie", "NoExcuses711"], "log": "|j|\u2606smooodie\n|j|\u2606NoExcuses711\n|t:|1732941613\n|gametype|singles\n|player|p1|smooodie|teammagmagruntf-gen3|1576\n|player|p2|NoExcuses711|2|1566\n|teamsize|p1|6\n|teamsize|p2|6\n|gen|9\n|tier|[Gen 9] Random Battle\n|rated|\n|rule|Species Clause: Limit one of each Pok\u00e9mon\n|rule|HP Percentage Mod: HP is shown in percentages\n|rule|Sleep Clause Mod: Limit one foe put to sleep\n|rule|Illusion Level Mod: Illusion disguises the Pok\u00e9mon's true level\n|\n|t:|1732941613\n|start\n|switch|p1a: Braviary|Braviary, L85, M|309/309\n|switch|p2a: Duraludon|Duraludon, L82, F|249/249\n|turn|1\n|inactive|Battle timer is ON: inactive players will automatically lose when time's up. (requested by NoExcuses711)\n|\n|t:|1732941633\n|move|p2a: Duraludon|Iron Defense|p2a: Duraludon\n|-boost|p2a: Duraludon|def|2\n|move|p1a: Braviary|Bulk Up|p1a: Braviary\n|-boost|p1a: Braviary|atk|1\n|-boost|p1a: Braviary|def|1\n|\n|upkeep\n|turn|2\n|\n|t:|1732941644\n|move|p2a: Duraludon|Iron Defense|p2a: Duraludon\n|-boost|p2a: Duraludon|def|2\n|move|p1a: Braviary|Close Combat|p2a: Duraludon\n|-supereffective|p2a: Duraludon\n|-crit|p2a: Duraludon\n|-damage|p2a: Duraludon|0 fnt\n|-unboost|p1a: Braviary|def|1\n|-unboost|p1a: Braviary|spd|1\n|faint|p2a: Duraludon\n|\n|upkeep\n|c|\u2606NoExcuses711|crit fck you\n|c|\u2606NoExcuses711|so lucky\n|\n|t:|1732941660\n|switch|p2a: Raichu|Raichu, L88, M|249/249\n|turn|3\n|\n|t:|1732941674\n|switch|p1a: Swalot|Swalot, L90, F|326/326\n|move|p2a: Raichu|Thunderbolt|p1a: Swalot\n|-damage|p1a: Swalot|179/326\n|\n|-heal|p1a: Swalot|199/326|[from] item: Leftovers\n|upkeep\n|turn|4\n|c|\u2606smooodie|no excuses\n|inactive|NoExcuses711 has 120 seconds left.\n|\n|t:|1732941719\n|switch|p2a: Tornadus|Tornadus, L82, M|264/264\n|move|p1a: Swalot|Earthquake|p2a: Tornadus\n|-immune|p2a: Tornadus\n|\n|-heal|p1a: Swalot|219/326|[from] item: Leftovers\n|upkeep\n|turn|5\n|\n|t:|1732941725\n|move|p2a: Tornadus|Nasty Plot|p2a: Tornadus\n|-boost|p2a: Tornadus|spa|2\n|move|p1a: Swalot|Knock Off|p2a: Tornadus\n|-damage|p2a: Tornadus|190/264\n|-enditem|p2a: Tornadus|Heavy-Duty Boots|[from] move: Knock Off|[of] p1a: Swalot\n|\n|-heal|p1a: Swalot|239/326|[from] item: Leftovers\n|upkeep\n|turn|6\n|inactive|NoExcuses711 has 120 seconds left.\n|c|\u2606NoExcuses711|shush dumb jigaboo\n|\n|t:|1732941742\n|move|p2a: Tornadus|Bleakwind Storm|p1a: Swalot\n|-damage|p1a: Swalot|0 fnt\n|faint|p1a: Swalot\n|\n|upkeep\n|\n|t:|1732941746\n|switch|p1a: Luxray|Luxray, L88, M|284/284\n|-ability|p1a: Luxray|Intimidate|boost\n|-unboost|p2a: Tornadus|atk|1\n|turn|7\n|\n|t:|1732941756\n|-terastallize|p2a: Tornadus|Fighting\n|move|p2a: Tornadus|Focus Blast|p1a: Luxray|[miss]\n|-miss|p2a: Tornadus|p1a: Luxray\n|move|p1a: Luxray|Wild Charge|p2a: Tornadus\n|-damage|p2a: Tornadus|48/264\n|-damage|p1a: Luxray|248/284|[from] Recoil\n|\n|upkeep\n|turn|8\n|\n|t:|1732941763\n|move|p2a: Tornadus|Focus Blast|p1a: Luxray\n|-damage|p1a: Luxray|49/284\n|move|p1a: Luxray|Volt Switch|p2a: Tornadus\n|-damage|p2a: Tornadus|0 fnt\n|faint|p2a: Tornadus\n|inactive|smooodie has 120 seconds left.\n|\n|t:|1732941822\n|switch|p1a: Cobalion|Cobalion, L80|277/277|[from] Volt Switch\n|\n|upkeep\n|\n|t:|1732941846\n|switch|p2a: Raichu|Raichu, L88, M|249/249\n|turn|9\n|inactive|smooodie has 90 seconds left.\n|\n|t:|1732941895\n|move|p2a: Raichu|Thunderbolt|p1a: Cobalion\n|-damage|p1a: Cobalion|85/277\n|move|p1a: Cobalion|Calm Mind|p1a: Cobalion\n|-boost|p1a: Cobalion|spa|1\n|-boost|p1a: Cobalion|spd|1\n|\n|-heal|p1a: Cobalion|102/277|[from] item: Leftovers\n|upkeep\n|turn|10\n|\n|t:|1732941898\n|move|p1a: Cobalion|Vacuum Wave|p2a: Raichu\n|-damage|p2a: Raichu|195/249\n|move|p2a: Raichu|Thunderbolt|p1a: Cobalion\n|-damage|p1a: Cobalion|0 fnt\n|faint|p1a: Cobalion\n|\n|upkeep\n|\n|t:|1732941908\n|switch|p1a: Vaporeon|Vaporeon, L86, F|364/364\n|turn|11\n|\n|t:|1732941912\n|-terastallize|p1a: Vaporeon|Ground\n|move|p2a: Raichu|Thunderbolt|p1a: Vaporeon\n|-immune|p1a: Vaporeon\n|move|p1a: Vaporeon|Calm Mind|p1a: Vaporeon\n|-boost|p1a: Vaporeon|spa|1\n|-boost|p1a: Vaporeon|spd|1\n|\n|upkeep\n|turn|12\n|\n|t:|1732941917\n|switch|p2a: Dondozo|Dondozo, L78, F|362/362\n|move|p1a: Vaporeon|Calm Mind|p1a: Vaporeon\n|-boost|p1a: Vaporeon|spa|1\n|-boost|p1a: Vaporeon|spd|1\n|\n|upkeep\n|turn|13\n|\n|t:|1732941920\n|move|p1a: Vaporeon|Scald|p2a: Dondozo\n|-resisted|p2a: Dondozo\n|-damage|p2a: Dondozo|293/362\n|move|p2a: Dondozo|Wave Crash|p1a: Vaporeon\n|-immune|p1a: Vaporeon|[from] ability: Water Absorb\n|\n|-heal|p2a: Dondozo|315/362|[from] item: Leftovers\n|upkeep\n|turn|14\n|\n|t:|1732941925\n|switch|p2a: Arboliva|Arboliva, L91, F|288/288\n|move|p1a: Vaporeon|Scald|p2a: Arboliva\n|-resisted|p2a: Arboliva\n|-damage|p2a: Arboliva|216/288\n|-status|p2a: Arboliva|brn\n|\n|-damage|p2a: Arboliva|198/288 brn|[from] brn\n|upkeep\n|turn|15\n|inactive|smooodie has 120 seconds left.\n|-message|NoExcuses711 forfeited.\n|\n|win|smooodie\n", "inputlog": ">version b107d77f5c90bd6555267ae244a6264823309ead\n>start {\"formatid\":\"gen9randombattle\",\"seed\":[10367,23672,9304,31537],\"rated\":\"Rated battle\"}\n>player p1 {\"name\":\"smooodie\",\"avatar\":\"teammagmagruntf-gen3\",\"rating\":1576,\"seed\":[5643,20757,21397,1732]}\n>player p2 {\"name\":\"NoExcuses711\",\"avatar\":\"2\",\"rating\":1566,\"seed\":[3256,28751,10501,27543]}\n>p1 move bulkup\n>p2 move irondefense\n>p1 move closecombat\n>p2 move irondefense\n>chat \u2606NoExcuses711|crit fck you\n>chat \u2606NoExcuses711|so lucky \n>p2 switch 2\n>p1 switch 4\n>p2 move thunderbolt\n>chat \u2606smooodie|no excuses\n>p1 move earthquake\n>p2 switch 5\n>p1 move knockoff\n>p2 move nastyplot\n>chat \u2606NoExcuses711|shutup dumb nig\n>chat \u2606NoExcuses711|shush dumb jigaboo\n>p1 move gunkshot\n>p2 move bleakwindstorm\n>p1 switch 5\n>p1 move wildcharge\n>p2 move focusblast terastallize\n>p1 move voltswitch\n>p2 move focusblast\n>p1 switch 6\n>p2 switch 5\n>p1 move calmmind\n>p2 move thunderbolt\n>p1 move vacuumwave\n>p2 move thunderbolt\n>p1 switch 2\n>p1 move calmmind terastallize\n>p2 move thunderbolt\n>p1 move calmmind\n>p2 switch 4\n>p1 move scald\n>p2 move wavecrash\n>p1 move scald\n>p2 switch 3\n>forcelose p2", "uploadtime": 1732941886, "views": 19, "formatid": "gen9randombattle", "rating": null, "private": 0, "password": null}