{"id": "gen9randombattle-2254162997", "format": "[Gen 9] Random Battle", "players": ["120 HP Shuck", "manolovm01"], "log": "|j|\u2606120 HP Shuck\n|j|\u2606manolovm01\n|t:|1732999006\n|gametype|singles\n|player|p1|120 HP Shuck|cyrus|1312\n|player|p2|manolovm01|1|1288\n|teamsize|p1|6\n|teamsize|p2|6\n|gen|9\n|tier|[Gen 9] Random Battle\n|rated|\n|rule|Species Clause: Limit one of each Pok\u00e9mon\n|rule|HP Percentage Mod: HP is shown in percentages\n|rule|Sleep Clause Mod: Limit one foe put to sleep\n|rule|Illusion Level Mod: Illusion disguises the Pok\u00e9mon's true level\n|\n|t:|1732999006\n|start\n|switch|p1a: Terapagos|Terapagos, L76, F|262/262\n|switch|p2a: Dragalge|Dragalge, L88, M|258/258\n|-activate|p1a: Terapagos|ability: Tera Shift\n|detailschange|p1a: Terapagos|Terapagos-Terastal, L76, F\n|-heal|p1a: Terapagos|269/269|[silent]\n|turn|1\n|inactive|Battle timer is ON: inactive players will automatically lose when time's up. (requested by 120 HP Shuck)\n|inactive|120 HP Shuck has 120 seconds left.\n|inactive|120 HP Shuck has 90 seconds left.\n|\n|t:|1732999070\n|switch|p1a: Gliscor|Gliscor, L76, M|239/239\n|move|p2a: Dragalge|Focus Blast|p1a: Gliscor\n|-resisted|p1a: Gliscor\n|-damage|p1a: Gliscor|179/239\n|\n|-status|p1a: Gliscor|tox|[from] item: Toxic Orb\n|upkeep\n|turn|2\n|\n|t:|1732999087\n|switch|p2a: Scovillain|Scovillain, L91, F|266/266\n|move|p1a: Gliscor|Protect||[still]\n|-fail|p1a: Gliscor\n|\n|-heal|p1a: Gliscor|208/239 tox|[from] ability: Poison Heal\n|upkeep\n|turn|3\n|\n|t:|1732999097\n|move|p2a: Scovillain|Leech Seed|p1a: Gliscor\n|-start|p1a: Gliscor|move: Leech Seed\n|move|p1a: Gliscor|Substitute|p1a: Gliscor\n|-start|p1a: Gliscor|Substitute\n|-damage|p1a: Gliscor|149/239 tox\n|\n|-damage|p1a: Gliscor|120/239 tox|[from] Leech Seed|[of] p2a: Scovillain\n|-heal|p1a: Gliscor|149/239 tox|[from] ability: Poison Heal\n|upkeep\n|turn|4\n|\n|t:|1732999109\n|move|p1a: Gliscor|Toxic|p2a: Scovillain\n|-status|p2a: Scovillain|tox\n|move|p2a: Scovillain|Substitute|p2a: Scovillain\n|-start|p2a: Scovillain|Substitute\n|-damage|p2a: Scovillain|200/266 tox\n|\n|-heal|p2a: Scovillain|216/266 tox|[from] item: Leftovers\n|-damage|p1a: Gliscor|120/239 tox|[from] Leech Seed|[of] p2a: Scovillain\n|-heal|p2a: Scovillain|245/266 tox|[silent]\n|-heal|p1a: Gliscor|149/239 tox|[from] ability: Poison Heal\n|-damage|p2a: Scovillain|229/266 tox|[from] psn\n|upkeep\n|turn|5\n|\n|t:|1732999123\n|move|p2a: Scovillain|Flamethrower|p1a: Gliscor\n|-end|p1a: Gliscor|Substitute\n|move|p1a: Gliscor|Earthquake|p2a: Scovillain\n|-end|p2a: Scovillain|Substitute\n|\n|-heal|p2a: Scovillain|245/266 tox|[from] item: Leftovers\n|-damage|p1a: Gliscor|120/239 tox|[from] Leech Seed|[of] p2a: Scovillain\n|-heal|p2a: Scovillain|266/266 tox|[silent]\n|-damage|p2a: Scovillain|234/266 tox|[from] psn\n|-heal|p1a: Gliscor|149/239 tox|[from] ability: Poison Heal\n|upkeep\n|turn|6\n|\n|t:|1732999137\n|move|p1a: Gliscor|Protect|p1a: Gliscor\n|-singleturn|p1a: Gliscor|Protect\n|move|p2a: Scovillain|Flamethrower|p1a: Gliscor\n|-activate|p1a: Gliscor|move: Protect\n|\n|-heal|p2a: Scovillain|250/266 tox|[from] item: Leftovers\n|-damage|p1a: Gliscor|120/239 tox|[from] Leech Seed|[of] p2a: Scovillain\n|-heal|p2a: Scovillain|266/266 tox|[silent]\n|-heal|p1a: Gliscor|149/239 tox|[from] ability: Poison Heal\n|-damage|p2a: Scovillain|218/266 tox|[from] psn\n|upkeep\n|turn|7\n|\n|t:|1732999154\n|switch|p1a: Tsareena|Tsareena, L87, F|267/267\n|move|p2a: Scovillain|Flamethrower|p1a: Tsareena\n|-supereffective|p1a: Tsareena\n|-damage|p1a: Tsareena|43/267\n|-status|p1a: Tsareena|brn\n|\n|-heal|p2a: Scovillain|234/266 tox|[from] item: Leftovers\n|-damage|p2a: Scovillain|170/266 tox|[from] psn\n|-damage|p1a: Tsareena|27/267 brn|[from] brn\n|upkeep\n|turn|8\n|\n|t:|1732999168\n|move|p1a: Tsareena|Knock Off|p2a: Scovillain\n|-damage|p2a: Scovillain|123/266 tox\n|-enditem|p2a: Scovillain|Leftovers|[from] move: Knock Off|[of] p1a: Tsareena\n|move|p2a: Scovillain|Flamethrower|p1a: Tsareena\n|-supereffective|p1a: Tsareena\n|-damage|p1a: Tsareena|0 fnt\n|faint|p1a: Tsareena\n|\n|-damage|p2a: Scovillain|43/266 tox|[from] psn\n|upkeep\n|\n|t:|1732999185\n|switch|p1a: Gliscor|Gliscor, L76, M|149/239 tox\n|turn|9\n|\n|t:|1732999192\n|move|p1a: Gliscor|Protect|p1a: Gliscor\n|-singleturn|p1a: Gliscor|Protect\n|move|p2a: Scovillain|Leech Seed|p1a: Gliscor\n|-activate|p1a: Gliscor|move: Protect\n|\n|-heal|p1a: Gliscor|178/239 tox|[from] ability: Poison Heal\n|-damage|p2a: Scovillain|0 fnt|[from] psn\n|faint|p2a: Scovillain\n|upkeep\n|inactive|manolovm01 has 120 seconds left.\n|\n|t:|1732999222\n|switch|p2a: Bronzong|Bronzong, L88|261/261\n|turn|10\n|\n|t:|1732999232\n|switch|p1a: Hitmonchan|Hitmonchan, L87, M|229/229\n|move|p2a: Bronzong|Stealth Rock|p1a: Hitmonchan\n|-sidestart|p1: 120 HP Shuck|move: Stealth Rock\n|\n|upkeep\n|turn|11\n|\n|t:|1732999240\n|move|p1a: Hitmonchan|Bulk Up|p1a: Hitmonchan\n|-boost|p1a: Hitmonchan|atk|1\n|-boost|p1a: Hitmonchan|def|1\n|move|p2a: Bronzong|Hypnosis|p1a: Hitmonchan\n|-status|p1a: Hitmonchan|slp|[from] move: Hypnosis\n|\n|upkeep\n|turn|12\n|\n|t:|1732999248\n|cant|p1a: Hitmonchan|slp\n|move|p2a: Bronzong|Psychic|p1a: Hitmonchan\n|-supereffective|p1a: Hitmonchan\n|-damage|p1a: Hitmonchan|89/229 slp\n|\n|-heal|p1a: Hitmonchan|103/229 slp|[from] item: Leftovers\n|upkeep\n|turn|13\n|\n|t:|1732999256\n|cant|p1a: Hitmonchan|slp\n|move|p2a: Bronzong|Psychic|p1a: Hitmonchan\n|-supereffective|p1a: Hitmonchan\n|-damage|p1a: Hitmonchan|0 fnt\n|faint|p1a: Hitmonchan\n|\n|upkeep\n|\n|t:|1732999263\n|switch|p1a: Ursaring|Ursaring, L84, F|288/288\n|-damage|p1a: Ursaring|252/288|[from] Stealth Rock\n|turn|14\n|\n|t:|1732999270\n|move|p1a: Ursaring|Body Slam|p2a: Bronzong\n|-resisted|p2a: Bronzong\n|-damage|p2a: Bronzong|221/261\n|move|p2a: Bronzong|Hypnosis|p1a: Ursaring\n|-status|p1a: Ursaring|slp|[from] move: Hypnosis\n|\n|-heal|p2a: Bronzong|237/261|[from] item: Leftovers\n|upkeep\n|turn|15\n|\n|t:|1732999281\n|cant|p1a: Ursaring|slp\n|move|p1a: Ursaring|Sleep Talk|p1a: Ursaring\n|move|p1a: Ursaring|Rest||[from]move: Sleep Talk|[still]\n|-fail|p1a: Ursaring\n|move|p2a: Bronzong|Psychic|p1a: Ursaring\n|-damage|p1a: Ursaring|185/288 slp\n|\n|-heal|p2a: Bronzong|253/261|[from] item: Leftovers\n|upkeep\n|turn|16\n|\n|t:|1732999301\n|cant|p1a: Ursaring|slp\n|move|p1a: Ursaring|Sleep Talk|p1a: Ursaring\n|move|p1a: Ursaring|Earthquake|p2a: Bronzong|[from]move: Sleep Talk\n|-immune|p2a: Bronzong|[from] ability: Levitate\n|move|p2a: Bronzong|Psychic|p1a: Ursaring\n|-damage|p1a: Ursaring|115/288 slp\n|\n|-heal|p2a: Bronzong|261/261|[from] item: Leftovers\n|upkeep\n|turn|17\n|\n|t:|1732999314\n|-curestatus|p1a: Ursaring|slp|[msg]\n|move|p1a: Ursaring|Rest|p1a: Ursaring\n|-status|p1a: Ursaring|slp|[from] move: Rest\n|-heal|p1a: Ursaring|288/288 slp|[silent]\n|move|p2a: Bronzong|Psychic|p1a: Ursaring\n|-damage|p1a: Ursaring|222/288 slp\n|\n|upkeep\n|turn|18\n|\n|t:|1732999326\n|switch|p1a: Shaymin|Shaymin, L82|298/298\n|-damage|p1a: Shaymin|261/298|[from] Stealth Rock\n|switch|p2a: Staraptor|Staraptor, L79, M|263/263\n|\n|-heal|p1a: Shaymin|279/298|[from] item: Leftovers\n|upkeep\n|turn|19\n|\n|t:|1732999349\n|-terastallize|p1a: Shaymin|Steel\n|move|p1a: Shaymin|Seed Flare|p2a: Staraptor\n|-resisted|p2a: Staraptor\n|-damage|p2a: Staraptor|170/263\n|-unboost|p2a: Staraptor|spd|2\n|move|p2a: Staraptor|Brave Bird|p1a: Shaymin\n|-resisted|p1a: Shaymin\n|-damage|p1a: Shaymin|168/298\n|-damage|p2a: Staraptor|133/263|[from] Recoil\n|\n|-heal|p1a: Shaymin|186/298|[from] item: Leftovers\n|upkeep\n|turn|20\n|\n|t:|1732999367\n|switch|p2a: Flareon|Flareon, L90, M|263/263\n|move|p1a: Shaymin|Seed Flare|p2a: Flareon|[miss]\n|-miss|p1a: Shaymin|p2a: Flareon\n|\n|-heal|p1a: Shaymin|204/298|[from] item: Leftovers\n|-status|p2a: Flareon|tox|[from] item: Toxic Orb\n|upkeep\n|turn|21\n|\n|t:|1732999379\n|switch|p1a: Gliscor|Gliscor, L76, M|178/239 tox\n|-damage|p1a: Gliscor|149/239 tox|[from] Stealth Rock\n|move|p2a: Flareon|Flare Blitz|p1a: Gliscor\n|-damage|p1a: Gliscor|0 fnt\n|faint|p1a: Gliscor\n|-damage|p2a: Flareon|214/263 tox|[from] Recoil\n|\n|-damage|p2a: Flareon|198/263 tox|[from] psn\n|upkeep\n|-message|120 HP Shuck forfeited.\n|\n|win|manolovm01\n|raw|120 HP Shuck's rating: 1312 &rarr; <strong>1291</strong><br />(-21 for losing)\n|raw|manolovm01's rating: 1288 &rarr; <strong>1315</strong><br />(+27 for winning)\n|l|\u2606120 HP Shuck\n|player|p1|\n", "inputlog": ">version b107d77f5c90bd6555267ae244a6264823309ead\n>start {\"formatid\":\"gen9randombattle\",\"seed\":[34287,32383,11419,48522],\"rated\":\"Rated battle\"}\n>player p1 {\"name\":\"120 HP Shuck\",\"avatar\":\"cyrus\",\"rating\":1312,\"seed\":[17699,49000,21452,22313]}\n>player p2 {\"name\":\"manolovm01\",\"avatar\":\"1\",\"rating\":1288,\"seed\":[46043,59709,48654,36198]}\n>p1 switch 2\n>p2 move focusblast\n>p1 move protect\n>p2 switch 2\n>p1 move substitute\n>p2 move leechseed\n>p1 move toxic\n>p2 move substitute\n>p1 move earthquake\n>p2 move flamethrower\n>p1 move protect\n>p2 move flamethrower\n>p1 switch 4\n>p2 move flamethrower\n>p1 move knockoff\n>p2 move flamethrower\n>p1 switch 4\n>p1 move protect\n>p2 move leechseed\n>p2 switch 6\n>p1 switch 6\n>p2 move stealthrock\n>p1 move bulkup\n>p2 move hypnosis\n>p1 move rapidspin\n>p2 move psychic\n>p1 move rapidspin\n>p2 move psychic\n>p1 switch 3\n>p1 move bodyslam\n>p2 move hypnosis\n>p1 move sleeptalk\n>p2 move psychic\n>p1 move sleeptalk\n>p2 move psychic\n>p1 move rest\n>p2 move psychic\n>p1 switch 5\n>p2 switch 3\n>p1 move seedflare terastallize\n>p2 move bravebird\n>p1 move seedflare\n>p2 switch 5\n>p1 switch 6\n>p2 move flareblitz\n>forcelose p1", "uploadtime": 1732999392, "views": 1, "formatid": "gen9randombattle", "rating": 1291, "private": 0, "password": null}