{"id": "gen9randombattle-2254117796", "format": "[Gen 9] Random Battle", "players": ["cantbelieveimemplo", "w3b43w4b5"], "log": "|j|\u2606cantbelieveimemplo\n|j|\u2606w3b43w4b5\n|t:|1732993384\n|gametype|singles\n|player|p1|cantbelieveimemplo|170|\n|player|p2|w3b43w4b5|266|\n|teamsize|p1|6\n|teamsize|p2|6\n|gen|9\n|tier|[Gen 9] Random Battle\n|rule|Species Clause: Limit one of each Pok\u00e9mon\n|rule|HP Percentage Mod: HP is shown in percentages\n|rule|Sleep Clause Mod: Limit one foe put to sleep\n|rule|Illusion Level Mod: Illusion disguises the Pok\u00e9mon's true level\n|\n|t:|1732993384\n|start\n|switch|p1a: Gholdengo|Gholdengo, L77|261/261\n|switch|p2a: Hypno|Hypno, L95, F|315/315\n|turn|1\n|\n|t:|1732993404\n|switch|p2a: Clodsire|Clodsire, L81, F|343/343\n|move|p1a: Gholdengo|Shadow Ball|p2a: Clodsire\n|-damage|p2a: Clodsire|256/343\n|\n|-heal|p2a: Clodsire|277/343|[from] item: Leftovers\n|upkeep\n|turn|2\n|\n|t:|1732993443\n|switch|p1a: Venusaur|Venusaur, L84, F|272/272\n|move|p2a: Clodsire|Earthquake|p1a: Venusaur\n|-damage|p1a: Venusaur|193/272\n|\n|-heal|p1a: Venusaur|210/272|[from] item: Leftovers\n|-heal|p2a: Clodsire|298/343|[from] item: Leftovers\n|upkeep\n|turn|3\n|inactive|Battle timer is ON: inactive players will automatically lose when time's up. (requested by w3b43w4b5)\n|\n|t:|1732993494\n|switch|p2a: Hypno|Hypno, L95, F|315/315\n|move|p1a: Venusaur|Giga Drain|p2a: Hypno\n|-damage|p2a: Hypno|252/315\n|-heal|p1a: Venusaur|242/272|[from] drain|[of] p2a: Hypno\n|\n|-heal|p1a: Venusaur|259/272|[from] item: Leftovers\n|-heal|p2a: Hypno|271/315|[from] item: Leftovers\n|upkeep\n|turn|4\n|inactive|cantbelieveimemplo has 270 seconds left.\n|\n|t:|1732993547\n|switch|p1a: Gholdengo|Gholdengo, L77|261/261\n|move|p2a: Hypno|Psychic Noise|p1a: Gholdengo\n|-resisted|p1a: Gholdengo\n|-damage|p1a: Gholdengo|221/261\n|-start|p1a: Gholdengo|move: Heal Block\n|\n|-heal|p2a: Hypno|290/315|[from] item: Leftovers\n|upkeep\n|turn|5\n|inactive|cantbelieveimemplo has 240 seconds left.\n|inactive|cantbelieveimemplo has 210 seconds left.\n|\n|t:|1732993625\n|switch|p2a: Swampert|Swampert, L83, F|302/302\n|move|p1a: Gholdengo|Shadow Ball|p2a: Swampert\n|-crit|p2a: Swampert\n|-damage|p2a: Swampert|170/302\n|\n|-heal|p2a: Swampert|188/302|[from] item: Leftovers\n|-end|p1a: Gholdengo|move: Heal Block\n|upkeep\n|turn|6\n|inactive|cantbelieveimemplo has 180 seconds left.\n|\n|t:|1732993662\n|switch|p1a: Venusaur|Venusaur, L84, F|259/272\n|move|p2a: Swampert|Stealth Rock|p1a: Venusaur\n|-sidestart|p1: cantbelieveimemplo|move: Stealth Rock\n|\n|-heal|p1a: Venusaur|272/272|[from] item: Leftovers\n|-heal|p2a: Swampert|206/302|[from] item: Leftovers\n|upkeep\n|turn|7\n|\n|t:|1732993665\n|switch|p2a: Hypno|Hypno, L95, F|290/315\n|move|p1a: Venusaur|Giga Drain|p2a: Hypno\n|-damage|p2a: Hypno|236/315\n|\n|-heal|p2a: Hypno|255/315|[from] item: Leftovers\n|upkeep\n|turn|8\n|\n|t:|1732993679\n|switch|p1a: Gholdengo|Gholdengo, L77|221/261\n|-damage|p1a: Gholdengo|205/261|[from] Stealth Rock\n|switch|p2a: Swampert|Swampert, L83, F|206/302\n|\n|-heal|p2a: Swampert|224/302|[from] item: Leftovers\n|upkeep\n|turn|9\n|\n|t:|1732993685\n|move|p1a: Gholdengo|Shadow Ball|p2a: Swampert\n|-damage|p2a: Swampert|131/302\n|move|p2a: Swampert|Knock Off|p1a: Gholdengo\n|-supereffective|p1a: Gholdengo\n|-damage|p1a: Gholdengo|39/261\n|-enditem|p1a: Gholdengo|Choice Scarf|[from] move: Knock Off|[of] p2a: Swampert\n|\n|-heal|p2a: Swampert|149/302|[from] item: Leftovers\n|upkeep\n|turn|10\n|\n|t:|1732993689\n|switch|p1a: Venusaur|Venusaur, L84, F|272/272\n|-damage|p1a: Venusaur|238/272|[from] Stealth Rock\n|move|p2a: Swampert|Earthquake|p1a: Venusaur\n|-crit|p1a: Venusaur\n|-damage|p1a: Venusaur|52/272\n|\n|-heal|p1a: Venusaur|69/272|[from] item: Leftovers\n|-heal|p2a: Swampert|167/302|[from] item: Leftovers\n|upkeep\n|turn|11\n|inactive|cantbelieveimemplo has 180 seconds left.\n|\n|t:|1732993707\n|switch|p2a: Hypno|Hypno, L95, F|255/315\n|move|p1a: Venusaur|Giga Drain|p2a: Hypno\n|-damage|p2a: Hypno|173/315\n|-heal|p1a: Venusaur|110/272|[from] drain|[of] p2a: Hypno\n|\n|-heal|p1a: Venusaur|127/272|[from] item: Leftovers\n|-heal|p2a: Hypno|192/315|[from] item: Leftovers\n|upkeep\n|turn|12\n|\n|t:|1732993712\n|move|p1a: Venusaur|Sludge Bomb|p2a: Hypno\n|-damage|p2a: Hypno|114/315\n|move|p2a: Hypno|Psychic Noise|p1a: Venusaur\n|-supereffective|p1a: Venusaur\n|-damage|p1a: Venusaur|0 fnt\n|faint|p1a: Venusaur\n|\n|-heal|p2a: Hypno|133/315|[from] item: Leftovers\n|upkeep\n|inactive|cantbelieveimemplo has 180 seconds left.\n|inactive|cantbelieveimemplo has 150 seconds left.\n|inactive|cantbelieveimemplo has 120 seconds left.\n|\n|t:|1732993794\n|switch|p1a: Jumpluff|Jumpluff, L87, F|271/271\n|-damage|p1a: Jumpluff|204/271|[from] Stealth Rock\n|turn|13\n|\n|t:|1732993801\n|move|p1a: Jumpluff|Acrobatics|p2a: Hypno\n|-damage|p2a: Hypno|45/315\n|move|p2a: Hypno|Psychic Noise|p1a: Jumpluff\n|-damage|p1a: Jumpluff|135/271\n|-start|p1a: Jumpluff|move: Heal Block\n|\n|-heal|p2a: Hypno|64/315|[from] item: Leftovers\n|upkeep\n|turn|14\n|\n|t:|1732993806\n|move|p2a: Hypno|Protect|p2a: Hypno\n|-singleturn|p2a: Hypno|Protect\n|move|p1a: Jumpluff|Acrobatics|p2a: Hypno\n|-activate|p2a: Hypno|move: Protect\n|\n|-heal|p2a: Hypno|83/315|[from] item: Leftovers\n|-end|p1a: Jumpluff|move: Heal Block\n|upkeep\n|turn|15\n|\n|t:|1732993830\n|move|p2a: Hypno|Protect|p2a: Hypno\n|-singleturn|p2a: Hypno|Protect\n|move|p1a: Jumpluff|U-turn|p2a: Hypno\n|-activate|p2a: Hypno|move: Protect\n|\n|-heal|p2a: Hypno|102/315|[from] item: Leftovers\n|upkeep\n|turn|16\n|\n|t:|1732993844\n|move|p1a: Jumpluff|U-turn|p2a: Hypno\n|-supereffective|p2a: Hypno\n|-damage|p2a: Hypno|30/315\n|\n|t:|1732993850\n|switch|p1a: Poliwrath|Poliwrath, L88, M|302/302|[from] U-turn\n|-damage|p1a: Poliwrath|284/302|[from] Stealth Rock\n|move|p2a: Hypno|Psychic Noise|p1a: Poliwrath\n|-supereffective|p1a: Poliwrath\n|-damage|p1a: Poliwrath|126/302\n|-start|p1a: Poliwrath|move: Heal Block\n|\n|-heal|p2a: Hypno|49/315|[from] item: Leftovers\n|upkeep\n|turn|17\n|\n|t:|1732993854\n|move|p2a: Hypno|Psychic Noise|p1a: Poliwrath\n|-supereffective|p1a: Poliwrath\n|-crit|p1a: Poliwrath\n|-damage|p1a: Poliwrath|0 fnt\n|faint|p1a: Poliwrath\n|\n|-heal|p2a: Hypno|68/315|[from] item: Leftovers\n|upkeep\n|inactive|cantbelieveimemplo has 150 seconds left.\n|c|\u2606w3b43w4b5|never underestimate a hypno this guy is strong as fuck\n|inactive|cantbelieveimemplo has 120 seconds left.\n|\n|t:|1732993889\n|switch|p1a: Jumpluff|Jumpluff, L87, F|135/271\n|-damage|p1a: Jumpluff|68/271|[from] Stealth Rock\n|turn|18\n|\n|t:|1732993894\n|move|p2a: Hypno|Protect|p2a: Hypno\n|-singleturn|p2a: Hypno|Protect\n|move|p1a: Jumpluff|U-turn|p2a: Hypno\n|-activate|p2a: Hypno|move: Protect\n|\n|-heal|p2a: Hypno|87/315|[from] item: Leftovers\n|upkeep\n|turn|19\n|\n|t:|1732993905\n|move|p1a: Jumpluff|Acrobatics|p2a: Hypno\n|-damage|p2a: Hypno|3/315\n|move|p2a: Hypno|Psychic Noise|p1a: Jumpluff\n|-damage|p1a: Jumpluff|0 fnt\n|faint|p1a: Jumpluff\n|\n|-heal|p2a: Hypno|22/315|[from] item: Leftovers\n|upkeep\n|\n|t:|1732993912\n|switch|p1a: Fezandipiti|Fezandipiti, L82, M|278/278\n|-damage|p1a: Fezandipiti|244/278|[from] Stealth Rock\n|turn|20\n|\n|t:|1732993917\n|switch|p2a: Clodsire|Clodsire, L81, F|298/343\n|move|p1a: Fezandipiti|U-turn|p2a: Clodsire\n|-resisted|p2a: Clodsire\n|-damage|p2a: Clodsire|266/343\n|\n|t:|1732993928\n|switch|p1a: Garganacl|Garganacl, L80, M|291/291|[from] U-turn\n|-damage|p1a: Garganacl|255/291|[from] Stealth Rock\n|\n|-heal|p1a: Garganacl|273/291|[from] item: Leftovers\n|-heal|p2a: Clodsire|287/343|[from] item: Leftovers\n|upkeep\n|turn|21\n|\n|t:|1732993937\n|move|p1a: Garganacl|Earthquake|p2a: Clodsire\n|-supereffective|p2a: Clodsire\n|-damage|p2a: Clodsire|105/343\n|move|p2a: Clodsire|Earthquake|p1a: Garganacl\n|-supereffective|p1a: Garganacl\n|-damage|p1a: Garganacl|141/291\n|\n|-heal|p1a: Garganacl|159/291|[from] item: Leftovers\n|-heal|p2a: Clodsire|126/343|[from] item: Leftovers\n|upkeep\n|turn|22\n|\n|t:|1732993942\n|switch|p2a: Hydrapple|Hydrapple, L83, M|312/312\n|move|p1a: Garganacl|Earthquake|p2a: Hydrapple\n|-resisted|p2a: Hydrapple\n|-damage|p2a: Hydrapple|283/312\n|\n|-heal|p1a: Garganacl|177/291|[from] item: Leftovers\n|upkeep\n|turn|23\n|inactive|cantbelieveimemplo has 150 seconds left.\n|\n|t:|1732993963\n|switch|p1a: Fezandipiti|Fezandipiti, L82, M|244/278\n|-damage|p1a: Fezandipiti|210/278|[from] Stealth Rock\n|move|p2a: Hydrapple|Earth Power|p1a: Fezandipiti\n|-supereffective|p1a: Fezandipiti\n|-damage|p1a: Fezandipiti|130/278\n|\n|upkeep\n|turn|24\n|\n|t:|1732993982\n|switch|p2a: Swampert|Swampert, L83, F|167/302\n|move|p1a: Fezandipiti|Gunk Shot|p2a: Swampert\n|-resisted|p2a: Swampert\n|-damage|p2a: Swampert|109/302\n|\n|-heal|p2a: Swampert|127/302|[from] item: Leftovers\n|upkeep\n|turn|25\n|inactive|cantbelieveimemplo has 150 seconds left.\n|\n|t:|1732993999\n|move|p1a: Fezandipiti|Play Rough|p2a: Swampert\n|-damage|p2a: Swampert|39/302\n|move|p2a: Swampert|Earthquake|p1a: Fezandipiti\n|-supereffective|p1a: Fezandipiti\n|-damage|p1a: Fezandipiti|0 fnt\n|faint|p1a: Fezandipiti\n|\n|-heal|p2a: Swampert|57/302|[from] item: Leftovers\n|upkeep\n|\n|t:|1732994007\n|switch|p1a: Gholdengo|Gholdengo, L77|39/261\n|-damage|p1a: Gholdengo|23/261|[from] Stealth Rock\n|turn|26\n|\n|t:|1732994012\n|switch|p2a: Floatzel|Floatzel, L85, F|283/283\n|move|p1a: Gholdengo|Shadow Ball|p2a: Floatzel\n|-damage|p2a: Floatzel|138/283\n|\n|upkeep\n|turn|27\n|\n|t:|1732994027\n|move|p2a: Floatzel|Flip Turn|p1a: Gholdengo\n|-damage|p1a: Gholdengo|0 fnt\n|faint|p1a: Gholdengo\n|\n|t:|1732994033\n|switch|p2a: Mesprit|Mesprit, L85|275/275|[from] Flip Turn\n|\n|upkeep\n|inactive|cantbelieveimemplo has 150 seconds left.\n|inactive|cantbelieveimemplo has 120 seconds left.\n|inactive|cantbelieveimemplo has 90 seconds left.\n|\n|t:|1732994125\n|switch|p1a: Garganacl|Garganacl, L80, M|177/291\n|-damage|p1a: Garganacl|141/291|[from] Stealth Rock\n|turn|28\n|\n|t:|1732994131\n|move|p2a: Mesprit|Psychic|p1a: Garganacl\n|-crit|p1a: Garganacl\n|-damage|p1a: Garganacl|0 fnt\n|faint|p1a: Garganacl\n|-damage|p2a: Mesprit|248/275|[from] item: Life Orb\n|\n|win|w3b43w4b5\n|l|\u2606cantbelieveimemplo\n|player|p1|\n", "inputlog": ">version b107d77f5c90bd6555267ae244a6264823309ead\n>start {\"formatid\":\"gen9randombattle\",\"seed\":[20236,21559,1099,12141]}\n>player p1 {\"name\":\"cantbelieveimemplo\",\"avatar\":\"170\",\"rating\":0,\"seed\":[53705,35868,29939,54177]}\n>player p2 {\"name\":\"w3b43w4b5\",\"avatar\":\"266\",\"rating\":0,\"seed\":[33208,52390,14367,14578]}\n>p1 move shadowball\n>p2 switch 6\n>p1 switch 2\n>p2 move earthquake\n>p1 move gigadrain\n>p2 switch 6\n>p1 switch 2\n>p2 move psychicnoise\n>p1 move shadowball\n>p2 switch 3\n>p1 switch 2\n>p2 move stealthrock\n>p1 move gigadrain\n>p2 switch 3\n>p1 switch 2\n>p2 switch 3\n>p1 move shadowball\n>p2 move knockoff\n>p1 switch 2\n>p2 move earthquake\n>p1 move gigadrain\n>p2 switch 3\n>p1 move sludgebomb\n>p2 move psychicnoise\n>p1 switch 3\n>p1 move acrobatics\n>p2 move psychicnoise\n>p1 move acrobatics\n>p2 move protect\n>p1 move uturn\n>p2 move protect\n>p1 move uturn\n>p2 move psychicnoise\n>p1 switch 4\n>p1 move knockoff\n>p2 move psychicnoise\n>chat \u2606w3b43w4b5|never underestimate a hypno this guy is strong as fuck\n>p1 switch 4\n>p1 move uturn\n>p2 move protect\n>p1 move acrobatics\n>p2 move psychicnoise\n>p1 switch 5\n>p1 move uturn\n>p2 switch 6\n>p1 switch 6\n>p1 move earthquake\n>p2 move earthquake\n>p1 move earthquake\n>p2 switch 2\n>p1 switch 6\n>p2 move earthpower\n>p1 move gunkshot\n>p2 switch 3\n>p1 move playrough\n>p2 move earthquake\n>p1 switch 2\n>p1 move shadowball\n>p2 switch 5\n>p1 move shadowball\n>p2 move flipturn\n>p2 switch 4\n>p1 switch 6\n>p1 move recover\n>p2 move psychic", "uploadtime": 1732994218, "views": 2, "formatid": "gen9randombattle", "rating": null, "private": 0, "password": null}