{"id": "gen9randombattle-2253937885", "format": "[Gen 9] Random Battle", "players": ["DBKS", "ARandomFailure"], "log": "|j|\u2606DBKS\n|j|\u2606ARandomFailure\n|t:|1732967627\n|gametype|singles\n|player|p1|DBKS|lucas|1729\n|player|p2|ARandomFailure|gentleman|1773\n|teamsize|p1|6\n|teamsize|p2|6\n|gen|9\n|tier|[Gen 9] Random Battle\n|rated|\n|rule|Species Clause: Limit one of each Pok\u00e9mon\n|rule|HP Percentage Mod: HP is shown in percentages\n|rule|Sleep Clause Mod: Limit one foe put to sleep\n|rule|Illusion Level Mod: Illusion disguises the Pok\u00e9mon's true level\n|\n|t:|1732967627\n|start\n|switch|p1a: Lapras|Lapras, L87, M|367/367\n|switch|p2a: Houndoom|Houndoom, L87, F|272/272\n|turn|1\n|\n|t:|1732967647\n|switch|p2a: Poliwrath|Poliwrath, L88, F|302/302\n|move|p1a: Lapras|Hydro Pump|p2a: Poliwrath\n|-immune|p2a: Poliwrath|[from] ability: Water Absorb\n|\n|upkeep\n|turn|2\n|\n|t:|1732967664\n|switch|p1a: Dusknoir|Dusknoir, L89, F|225/225\n|-item|p2a: Poliwrath|Assault Vest|[from] ability: Frisk|[of] p1a: Dusknoir\n|move|p2a: Poliwrath|Knock Off|p1a: Dusknoir\n|-supereffective|p1a: Dusknoir\n|-damage|p1a: Dusknoir|129/225\n|-enditem|p1a: Dusknoir|Leftovers|[from] move: Knock Off|[of] p2a: Poliwrath\n|\n|upkeep\n|turn|3\n|\n|t:|1732967679\n|switch|p2a: Houndoom|Houndoom, L87, F|272/272\n|move|p1a: Dusknoir|Earthquake|p2a: Houndoom\n|-supereffective|p2a: Houndoom\n|-damage|p2a: Houndoom|50/272\n|\n|upkeep\n|turn|4\n|\n|t:|1732967690\n|switch|p1a: Houndoom|Houndoom, L87, M|272/272\n|move|p2a: Houndoom|Dark Pulse|p1a: Houndoom\n|-resisted|p1a: Houndoom\n|-damage|p1a: Houndoom|218/272\n|\n|upkeep\n|turn|5\n|\n|t:|1732967700\n|switch|p2a: Ho-Oh|Ho-Oh, L71|268/268\n|move|p1a: Houndoom|Sludge Bomb|p2a: Ho-Oh\n|-damage|p2a: Ho-Oh|209/268\n|\n|upkeep\n|turn|6\n|\n|t:|1732967712\n|move|p1a: Houndoom|Sludge Bomb|p2a: Ho-Oh\n|-damage|p2a: Ho-Oh|153/268\n|move|p2a: Ho-Oh|Sacred Fire|p1a: Houndoom\n|-start|p1a: Houndoom|ability: Flash Fire\n|\n|upkeep\n|turn|7\n|\n|t:|1732967719\n|move|p1a: Houndoom|Fire Blast|p2a: Ho-Oh\n|-resisted|p2a: Ho-Oh\n|-damage|p2a: Ho-Oh|80/268\n|move|p2a: Ho-Oh|Earthquake|p1a: Houndoom\n|-supereffective|p1a: Houndoom\n|-damage|p1a: Houndoom|22/272\n|\n|upkeep\n|turn|8\n|\n|t:|1732967728\n|switch|p2a: Houndoom|Houndoom, L87, F|50/272\n|move|p1a: Houndoom|Sludge Bomb|p2a: Houndoom\n|-damage|p2a: Houndoom|0 fnt\n|faint|p2a: Houndoom\n|\n|upkeep\n|\n|t:|1732967733\n|switch|p2a: Poliwrath|Poliwrath, L88, F|302/302\n|turn|9\n|\n|t:|1732967739\n|-end|p1a: Houndoom|ability: Flash Fire|[silent]\n|switch|p1a: Dusknoir|Dusknoir, L89, F|129/225\n|-item|p2a: Poliwrath|Assault Vest|[from] ability: Frisk|[of] p1a: Dusknoir\n|move|p2a: Poliwrath|Knock Off|p1a: Dusknoir\n|-supereffective|p1a: Dusknoir\n|-damage|p1a: Dusknoir|57/225\n|\n|upkeep\n|turn|10\n|\n|t:|1732967748\n|move|p2a: Poliwrath|Knock Off|p1a: Dusknoir\n|-supereffective|p1a: Dusknoir\n|-damage|p1a: Dusknoir|0 fnt\n|faint|p1a: Dusknoir\n|\n|upkeep\n|\n|t:|1732967753\n|switch|p1a: Arceus|Arceus-Electric, L70|284/284\n|turn|11\n|\n|t:|1732967765\n|switch|p2a: Exeggutor|Exeggutor, L89, M|312/312\n|move|p1a: Arceus|Judgment|p2a: Exeggutor\n|-resisted|p2a: Exeggutor\n|-damage|p2a: Exeggutor|250/312\n|\n|upkeep\n|turn|12\n|\n|t:|1732967789\n|switch|p1a: Houndoom|Houndoom, L87, M|22/272\n|move|p2a: Exeggutor|Leech Seed|p1a: Houndoom\n|-start|p1a: Houndoom|move: Leech Seed\n|\n|-damage|p1a: Houndoom|0 fnt|[from] Leech Seed|[of] p2a: Exeggutor\n|-heal|p2a: Exeggutor|272/312|[silent]\n|faint|p1a: Houndoom\n|upkeep\n|\n|t:|1732967798\n|switch|p1a: Lapras|Lapras, L87, M|367/367\n|turn|13\n|\n|t:|1732967807\n|switch|p2a: Poliwrath|Poliwrath, L88, F|302/302\n|-terastallize|p1a: Lapras|Ice\n|move|p1a: Lapras|Freeze-Dry|p2a: Poliwrath\n|-supereffective|p2a: Poliwrath\n|-damage|p2a: Poliwrath|114/302\n|-status|p2a: Poliwrath|frz\n|\n|upkeep\n|turn|14\n|\n|t:|1732967818\n|cant|p2a: Poliwrath|frz\n|move|p1a: Lapras|Freeze-Dry|p2a: Poliwrath\n|-supereffective|p2a: Poliwrath\n|-damage|p2a: Poliwrath|0 fnt\n|faint|p2a: Poliwrath\n|\n|upkeep\n|\n|t:|1732967821\n|switch|p2a: Necrozma|Necrozma-Dusk-Mane, L69|248/248\n|turn|15\n|\n|t:|1732967831\n|switch|p1a: Froslass|Froslass, L87, F|263/263\n|move|p2a: Necrozma|Dragon Dance|p2a: Necrozma\n|-boost|p2a: Necrozma|atk|1\n|-boost|p2a: Necrozma|spe|1\n|\n|upkeep\n|turn|16\n|\n|t:|1732967852\n|move|p1a: Froslass|Will-O-Wisp|p2a: Necrozma\n|-status|p2a: Necrozma|brn\n|move|p2a: Necrozma|Earthquake|p1a: Froslass\n|-damage|p1a: Froslass|205/263\n|-start|p2a: Necrozma|Disable|Earthquake|[from] ability: Cursed Body|[of] p1a: Froslass\n|\n|-damage|p2a: Necrozma|233/248 brn|[from] brn\n|upkeep\n|turn|17\n|\n|t:|1732967867\n|switch|p1a: Haxorus|Haxorus, L77, F|244/244\n|-ability|p1a: Haxorus|Mold Breaker\n|move|p2a: Necrozma|Dragon Dance|p2a: Necrozma\n|-boost|p2a: Necrozma|atk|1\n|-boost|p2a: Necrozma|spe|1\n|\n|-damage|p2a: Necrozma|218/248 brn|[from] brn\n|upkeep\n|turn|18\n|\n|t:|1732967879\n|move|p2a: Necrozma|Photon Geyser|p1a: Haxorus\n|-damage|p1a: Haxorus|130/244\n|move|p1a: Haxorus|Swords Dance|p1a: Haxorus\n|-boost|p1a: Haxorus|atk|2\n|\n|-damage|p2a: Necrozma|203/248 brn|[from] brn\n|upkeep\n|turn|19\n|\n|t:|1732967894\n|move|p2a: Necrozma|Photon Geyser|p1a: Haxorus\n|-damage|p1a: Haxorus|16/244\n|move|p1a: Haxorus|Close Combat|p2a: Necrozma\n|-damage|p2a: Necrozma|21/248 brn\n|-unboost|p1a: Haxorus|def|1\n|-unboost|p1a: Haxorus|spd|1\n|\n|-damage|p2a: Necrozma|6/248 brn|[from] brn\n|-end|p2a: Necrozma|Disable\n|upkeep\n|turn|20\n|\n|t:|1732967907\n|move|p2a: Necrozma|Sunsteel Strike|p1a: Haxorus\n|-damage|p1a: Haxorus|0 fnt\n|faint|p1a: Haxorus\n|\n|-damage|p2a: Necrozma|0 fnt|[from] brn\n|faint|p2a: Necrozma\n|upkeep\n|\n|t:|1732967922\n|switch|p1a: Lapras|Lapras, L87, M, tera:Ice|367/367\n|switch|p2a: Ho-Oh|Ho-Oh, L71|169/268\n|turn|21\n|\n|t:|1732967929\n|move|p2a: Ho-Oh|Sacred Fire|p1a: Lapras\n|-supereffective|p1a: Lapras\n|-damage|p1a: Lapras|155/367\n|move|p1a: Lapras|Ice Beam|p2a: Ho-Oh\n|-damage|p2a: Ho-Oh|35/268\n|\n|upkeep\n|turn|22\n|\n|t:|1732967937\n|move|p2a: Ho-Oh|Sacred Fire|p1a: Lapras\n|-supereffective|p1a: Lapras\n|-crit|p1a: Lapras\n|-damage|p1a: Lapras|0 fnt\n|faint|p1a: Lapras\n|\n|upkeep\n|\n|t:|1732967944\n|switch|p1a: Arceus|Arceus-Electric, L70|284/284\n|turn|23\n|\n|t:|1732967951\n|move|p1a: Arceus|Calm Mind|p1a: Arceus\n|-boost|p1a: Arceus|spa|1\n|-boost|p1a: Arceus|spd|1\n|move|p2a: Ho-Oh|Recover|p2a: Ho-Oh\n|-heal|p2a: Ho-Oh|169/268\n|\n|upkeep\n|turn|24\n|\n|t:|1732967958\n|-terastallize|p2a: Ho-Oh|Ground\n|move|p1a: Arceus|Calm Mind|p1a: Arceus\n|-boost|p1a: Arceus|spa|1\n|-boost|p1a: Arceus|spd|1\n|move|p2a: Ho-Oh|Earthquake|p1a: Arceus\n|-supereffective|p1a: Arceus\n|-damage|p1a: Arceus|98/284\n|\n|upkeep\n|turn|25\n|\n|t:|1732967966\n|move|p1a: Arceus|Ice Beam|p2a: Ho-Oh\n|-supereffective|p2a: Ho-Oh\n|-damage|p2a: Ho-Oh|5/268\n|move|p2a: Ho-Oh|Earthquake|p1a: Arceus\n|-supereffective|p1a: Arceus\n|-damage|p1a: Arceus|0 fnt\n|faint|p1a: Arceus\n|\n|upkeep\n|\n|t:|1732967973\n|switch|p1a: Froslass|Froslass, L87, F|205/263\n|turn|26\n|\n|t:|1732968009\n|move|p1a: Froslass|Triple Axel|p2a: Ho-Oh\n|-supereffective|p2a: Ho-Oh\n|-damage|p2a: Ho-Oh|0 fnt\n|faint|p2a: Ho-Oh\n|-hitcount|p2: Ho-Oh|1\n|\n|upkeep\n|\n|t:|1732968011\n|switch|p2a: Exeggutor|Exeggutor, L89, M|272/312\n|turn|27\n|\n|t:|1732968019\n|move|p1a: Froslass|Taunt|p2a: Exeggutor\n|-start|p2a: Exeggutor|move: Taunt\n|cant|p2a: Exeggutor|move: Taunt|Leech Seed\n|\n|upkeep\n|turn|28\n|\n|t:|1732968029\n|move|p1a: Froslass|Poltergeist|p2a: Exeggutor\n|-activate|p2a: Exeggutor|move: Poltergeist|Sitrus Berry\n|-supereffective|p2a: Exeggutor\n|-damage|p2a: Exeggutor|72/312\n|-enditem|p2a: Exeggutor|Sitrus Berry|[eat]\n|-heal|p2a: Exeggutor|150/312|[from] item: Sitrus Berry\n|move|p2a: Exeggutor|Psychic Noise|p1a: Froslass\n|-damage|p1a: Froslass|70/263\n|-start|p1a: Froslass|move: Heal Block\n|\n|upkeep\n|turn|29\n|\n|t:|1732968040\n|switch|p2a: Altaria|Altaria, L88, M|275/275\n|move|p1a: Froslass|Poltergeist|p2a: Altaria\n|-activate|p2a: Altaria|move: Poltergeist|Heavy-Duty Boots\n|-damage|p2a: Altaria|170/275\n|\n|-end|p1a: Froslass|move: Heal Block\n|upkeep\n|turn|30\n|\n|t:|1732968050\n|move|p1a: Froslass|Triple Axel|p2a: Altaria\n|-supereffective|p2a: Altaria\n|-damage|p2a: Altaria|94/275\n|-supereffective|p2a: Altaria\n|-damage|p2a: Altaria|0 fnt\n|faint|p2a: Altaria\n|-hitcount|p2: Altaria|2\n|\n|upkeep\n|\n|t:|1732968052\n|switch|p2a: Exeggutor|Exeggutor, L89, M|150/312\n|turn|31\n|\n|t:|1732968062\n|move|p2a: Exeggutor|Protect|p2a: Exeggutor\n|-singleturn|p2a: Exeggutor|Protect\n|move|p1a: Froslass|Taunt|p2a: Exeggutor\n|-activate|p2a: Exeggutor|move: Protect\n|\n|-item|p2a: Exeggutor|Sitrus Berry|[from] ability: Harvest\n|upkeep\n|-enditem|p2a: Exeggutor|Sitrus Berry|[eat]\n|-heal|p2a: Exeggutor|228/312|[from] item: Sitrus Berry\n|turn|32\n|\n|t:|1732968072\n|move|p1a: Froslass|Triple Axel|p2a: Exeggutor\n|-supereffective|p2a: Exeggutor\n|-damage|p2a: Exeggutor|190/312\n|-supereffective|p2a: Exeggutor\n|-damage|p2a: Exeggutor|118/312\n|-supereffective|p2a: Exeggutor\n|-crit|p2a: Exeggutor\n|-damage|p2a: Exeggutor|0 fnt\n|faint|p2a: Exeggutor\n|-hitcount|p2: Exeggutor|3\n|\n|win|DBKS\n|raw|DBKS's rating: 1729 &rarr; <strong>1752</strong><br />(+23 for winning)\n|raw|ARandomFailure's rating: 1773 &rarr; <strong>1750</strong><br />(-23 for losing)\n|l|\u2606ARandomFailure\n|player|p2|\n", "inputlog": ">version b107d77f5c90bd6555267ae244a6264823309ead\n>start {\"formatid\":\"gen9randombattle\",\"seed\":[8858,12953,38801,14194],\"rated\":\"Rated battle\"}\n>player p1 {\"name\":\"DBKS\",\"avatar\":\"lucas\",\"rating\":1729,\"seed\":[52762,17194,46281,43779]}\n>player p2 {\"name\":\"ARandomFailure\",\"avatar\":\"gentleman\",\"rating\":1773,\"seed\":[15941,27771,9334,37720]}\n>p1 move hydropump\n>p2 switch 3\n>p1 switch 4\n>p2 move knockoff\n>p1 move earthquake\n>p2 switch 3\n>p1 switch 6\n>p2 move darkpulse\n>p1 move sludgebomb\n>p2 switch 5\n>p1 move sludgebomb\n>p2 move sacredfire\n>p1 move fireblast\n>p2 move earthquake\n>p1 move sludgebomb\n>p2 switch 5\n>p2 switch 3\n>p1 switch 6\n>p2 move knockoff\n>p1 move poltergeist\n>p2 move knockoff\n>p1 switch 2\n>p1 move judgment\n>p2 switch 6\n>p1 switch 6\n>p2 move leechseed\n>p1 switch 4\n>p1 move freezedry terastallize\n>p2 switch 6\n>p1 move freezedry\n>p2 move closecombat\n>p2 switch 2\n>p1 switch 3\n>p2 move dragondance\n>p1 move willowisp\n>p2 move earthquake\n>p1 switch 5\n>p2 move dragondance\n>p1 move swordsdance\n>p2 move photongeyser\n>p1 move closecombat\n>p2 move photongeyser\n>p1 move closecombat\n>p2 move sunsteelstrike\n>p1 switch 3\n>p2 switch 5\n>p1 move icebeam\n>p2 move sacredfire\n>p1 move icebeam\n>p2 move sacredfire\n>p1 switch 6\n>p1 move calmmind\n>p2 move recover\n>p1 move calmmind\n>p2 move earthquake terastallize\n>p1 move icebeam\n>p2 move earthquake\n>p1 switch 5\n>p1 move tripleaxel\n>p2 move sacredfire\n>p2 switch 6\n>p1 move taunt\n>p2 move leechseed\n>p1 move poltergeist\n>p2 move psychicnoise\n>p1 move poltergeist\n>p2 switch 4\n>p1 move tripleaxel\n>p2 move bravebird\n>p2 switch 4\n>p1 move taunt\n>p2 move protect\n>p1 move tripleaxel\n>p2 move psychicnoise", "uploadtime": 1732968084, "views": 19, "formatid": "gen9randombattle", "rating": 1750, "private": 0, "password": null}