{"id": "gen9randombattle-2253857236", "format": "[Gen 9] Random Battle", "players": ["Chemto", "Az1anSensation2"], "log": "|j|\u2606Chemto\n|j|\u2606Az1anSensation2\n|t:|1732950097\n|gametype|singles\n|player|p1|Chemto|winona|2034\n|player|p2|Az1anSensation2|102|2036\n|teamsize|p1|6\n|teamsize|p2|6\n|gen|9\n|tier|[Gen 9] Random Battle\n|rated|\n|rule|Species Clause: Limit one of each Pok\u00e9mon\n|rule|HP Percentage Mod: HP is shown in percentages\n|rule|Sleep Clause Mod: Limit one foe put to sleep\n|rule|Illusion Level Mod: Illusion disguises the Pok\u00e9mon's true level\n|\n|t:|1732950097\n|start\n|switch|p1a: Farigiraf|Farigiraf, L91, M|366/366\n|switch|p2a: Regidrago|Regidrago, L77|435/435\n|turn|1\n|inactive|Battle timer is ON: inactive players will automatically lose when time's up. (requested by Az1anSensation2)\n|\n|t:|1732950123\n|switch|p2a: Kricketune|Kricketune, L99, F|312/312\n|move|p1a: Farigiraf|Body Slam|p2a: Kricketune\n|-damage|p2a: Kricketune|180/312\n|\n|upkeep\n|turn|2\n|\n|t:|1732950134\n|move|p2a: Kricketune|Sticky Web|p1a: Farigiraf\n|-sidestart|p1: Chemto|move: Sticky Web\n|move|p1a: Farigiraf|Body Slam|p2a: Kricketune\n|-damage|p2a: Kricketune|48/312\n|\n|upkeep\n|turn|3\n|\n|t:|1732950152\n|move|p2a: Kricketune|Knock Off|p1a: Farigiraf\n|-supereffective|p1a: Farigiraf\n|-damage|p1a: Farigiraf|190/366\n|-enditem|p1a: Farigiraf|Leftovers|[from] move: Knock Off|[of] p2a: Kricketune\n|move|p1a: Farigiraf|Body Slam|p2a: Kricketune\n|-damage|p2a: Kricketune|0 fnt\n|faint|p2a: Kricketune\n|\n|upkeep\n|\n|t:|1732950167\n|switch|p2a: Regidrago|Regidrago, L77|435/435\n|turn|4\n|\n|t:|1732950171\n|move|p2a: Regidrago|Draco Meteor|p1a: Farigiraf\n|-damage|p1a: Farigiraf|0 fnt\n|-unboost|p2a: Regidrago|spa|2\n|faint|p1a: Farigiraf\n|\n|upkeep\n|\n|t:|1732950186\n|switch|p1a: Gumshoos|Gumshoos, L95, F|321/321\n|-activate|p1a: Gumshoos|move: Sticky Web\n|-unboost|p1a: Gumshoos|spe|1\n|turn|5\n|\n|t:|1732950203\n|move|p2a: Regidrago|Outrage|p1a: Gumshoos\n|-damage|p1a: Gumshoos|125/321\n|move|p1a: Gumshoos|Knock Off|p2a: Regidrago\n|-damage|p2a: Regidrago|219/435\n|-enditem|p2a: Regidrago|Lum Berry|[from] move: Knock Off|[of] p1a: Gumshoos\n|\n|upkeep\n|turn|6\n|\n|t:|1732950211\n|switch|p1a: Scream Tail|Scream Tail, L84|330/330\n|-activate|p1a: Scream Tail|move: Sticky Web\n|-unboost|p1a: Scream Tail|spe|1\n|move|p2a: Regidrago|Outrage|p1a: Scream Tail|[from]lockedmove\n|-immune|p1a: Scream Tail\n|-start|p2a: Regidrago|confusion|[fatigue]\n|\n|upkeep\n|turn|7\n|inactive|Az1anSensation2 has 120 seconds left.\n|\n|t:|1732950249\n|switch|p2a: Vigoroth|Vigoroth, L85, F|275/275\n|move|p1a: Scream Tail|Thunder Wave|p2a: Vigoroth|[miss]\n|-miss|p1a: Scream Tail|p2a: Vigoroth\n|\n|upkeep\n|turn|8\n|inactive|Az1anSensation2 has 120 seconds left.\n|\n|t:|1732950260\n|move|p2a: Vigoroth|Body Slam|p1a: Scream Tail\n|-damage|p1a: Scream Tail|258/330\n|move|p1a: Scream Tail|Thunder Wave|p2a: Vigoroth|[miss]\n|-miss|p1a: Scream Tail|p2a: Vigoroth\n|\n|-heal|p1a: Scream Tail|278/330|[from] item: Leftovers\n|upkeep\n|turn|9\n|\n|t:|1732950270\n|move|p2a: Vigoroth|Body Slam|p1a: Scream Tail\n|-damage|p1a: Scream Tail|209/330\n|-status|p1a: Scream Tail|par\n|move|p1a: Scream Tail|Dazzling Gleam|p2a: Vigoroth\n|-damage|p2a: Vigoroth|220/275\n|\n|-heal|p1a: Scream Tail|229/330 par|[from] item: Leftovers\n|upkeep\n|turn|10\n|\n|t:|1732950279\n|move|p2a: Vigoroth|Bulk Up|p2a: Vigoroth\n|-boost|p2a: Vigoroth|atk|1\n|-boost|p2a: Vigoroth|def|1\n|cant|p1a: Scream Tail|par\n|\n|-heal|p1a: Scream Tail|249/330 par|[from] item: Leftovers\n|upkeep\n|turn|11\n|\n|t:|1732950286\n|move|p2a: Vigoroth|Bulk Up|p2a: Vigoroth\n|-boost|p2a: Vigoroth|atk|1\n|-boost|p2a: Vigoroth|def|1\n|move|p1a: Scream Tail|Thunder Wave|p2a: Vigoroth\n|-status|p2a: Vigoroth|par\n|\n|-heal|p1a: Scream Tail|269/330 par|[from] item: Leftovers\n|upkeep\n|turn|12\n|\n|t:|1732950304\n|-end|p1a: Scream Tail|Protosynthesis|[silent]\n|switch|p1a: Hariyama|Hariyama, L87, M|392/392\n|-activate|p1a: Hariyama|move: Sticky Web\n|-unboost|p1a: Hariyama|spe|1\n|cant|p2a: Vigoroth|par\n|\n|upkeep\n|turn|13\n|\n|t:|1732950313\n|move|p2a: Vigoroth|Body Slam|p1a: Hariyama\n|-damage|p1a: Hariyama|194/392\n|-status|p1a: Hariyama|par\n|move|p1a: Hariyama|Knock Off|p2a: Vigoroth\n|-damage|p2a: Vigoroth|189/275 par\n|-enditem|p2a: Vigoroth|Eviolite|[from] move: Knock Off|[of] p1a: Hariyama\n|\n|upkeep\n|turn|14\n|\n|t:|1732950324\n|move|p2a: Vigoroth|Body Slam|p1a: Hariyama\n|-damage|p1a: Hariyama|0 fnt\n|faint|p1a: Hariyama\n|\n|upkeep\n|\n|t:|1732950335\n|switch|p1a: Meganium|Meganium, L90, M|290/290\n|-activate|p1a: Meganium|move: Sticky Web\n|-unboost|p1a: Meganium|spe|1\n|turn|15\n|\n|t:|1732950343\n|move|p1a: Meganium|Swords Dance|p1a: Meganium\n|-boost|p1a: Meganium|atk|2\n|cant|p2a: Vigoroth|par\n|\n|upkeep\n|turn|16\n|\n|t:|1732950355\n|move|p1a: Meganium|Petal Blizzard|p2a: Vigoroth\n|-damage|p2a: Vigoroth|59/275 par\n|-damage|p1a: Meganium|261/290|[from] item: Life Orb\n|move|p2a: Vigoroth|Body Slam|p1a: Meganium\n|-damage|p1a: Meganium|122/290\n|\n|upkeep\n|turn|17\n|\n|t:|1732950367\n|move|p1a: Meganium|Petal Blizzard|p2a: Vigoroth\n|-damage|p2a: Vigoroth|0 fnt\n|faint|p2a: Vigoroth\n|-damage|p1a: Meganium|93/290|[from] item: Life Orb\n|\n|upkeep\n|inactive|Az1anSensation2 has 120 seconds left.\n|\n|t:|1732950393\n|switch|p2a: Zacian|Zacian, L69|241/241\n|-ability|p2a: Zacian|Intrepid Sword|boost\n|-boost|p2a: Zacian|atk|1\n|turn|18\n|inactive|Az1anSensation2 has 120 seconds left.\n|\n|t:|1732950415\n|move|p2a: Zacian|Play Rough|p1a: Meganium\n|-crit|p1a: Meganium\n|-damage|p1a: Meganium|0 fnt\n|faint|p1a: Meganium\n|\n|upkeep\n|\n|t:|1732950421\n|switch|p1a: Scream Tail|Scream Tail, L84|269/330 par\n|-activate|p1a: Scream Tail|move: Sticky Web\n|-unboost|p1a: Scream Tail|spe|1\n|turn|19\n|\n|t:|1732950430\n|move|p2a: Zacian|Play Rough|p1a: Scream Tail\n|-damage|p1a: Scream Tail|106/330 par\n|move|p1a: Scream Tail|Thunder Wave|p2a: Zacian|[miss]\n|-miss|p1a: Scream Tail|p2a: Zacian\n|\n|-heal|p1a: Scream Tail|126/330 par|[from] item: Leftovers\n|upkeep\n|turn|20\n|c|\u2606Chemto|.......\n|\n|t:|1732950452\n|move|p1a: Scream Tail|Protect|p1a: Scream Tail\n|-singleturn|p1a: Scream Tail|Protect\n|move|p2a: Zacian|Play Rough|p1a: Scream Tail\n|-activate|p1a: Scream Tail|move: Protect\n|\n|-heal|p1a: Scream Tail|146/330 par|[from] item: Leftovers\n|upkeep\n|turn|21\n|\n|t:|1732950459\n|move|p2a: Zacian|Play Rough|p1a: Scream Tail\n|-damage|p1a: Scream Tail|0 fnt\n|faint|p1a: Scream Tail\n|-end|p1a: Scream Tail|Protosynthesis|[silent]\n|\n|upkeep\n|\n|t:|1732950464\n|switch|p1a: Blastoise|Blastoise, L80, F|258/258\n|-activate|p1a: Blastoise|move: Sticky Web\n|-unboost|p1a: Blastoise|spe|1\n|-enditem|p1a: Blastoise|White Herb\n|-clearnegativeboost|p1a: Blastoise|[silent]\n|turn|22\n|\n|t:|1732950469\n|move|p2a: Zacian|Play Rough|p1a: Blastoise\n|-damage|p1a: Blastoise|98/258\n|move|p1a: Blastoise|Shell Smash|p1a: Blastoise\n|-unboost|p1a: Blastoise|def|1\n|-unboost|p1a: Blastoise|spd|1\n|-boost|p1a: Blastoise|atk|2\n|-boost|p1a: Blastoise|spa|2\n|-boost|p1a: Blastoise|spe|2\n|\n|upkeep\n|turn|23\n|\n|t:|1732950480\n|move|p1a: Blastoise|Hydro Pump|p2a: Zacian|[miss]\n|-miss|p1a: Blastoise|p2a: Zacian\n|move|p2a: Zacian|Play Rough|p1a: Blastoise\n|-damage|p1a: Blastoise|0 fnt\n|faint|p1a: Blastoise\n|\n|upkeep\n|-message|Chemto forfeited.\n|\n|win|Az1anSensation2\n|raw|Chemto's rating: 2034 &rarr; <strong>2014</strong><br />(-20 for losing)\n|raw|Az1anSensation2's rating: 2036 &rarr; <strong>2056</strong><br />(+20 for winning)\n|l|\u2606Chemto\n|player|p1|\n", "inputlog": ">version b107d77f5c90bd6555267ae244a6264823309ead\n>start {\"formatid\":\"gen9randombattle\",\"seed\":[33289,27397,45482,37062],\"rated\":\"Rated battle\"}\n>player p1 {\"name\":\"Chemto\",\"avatar\":\"winona\",\"rating\":2034,\"seed\":[36824,24007,5892,51770]}\n>player p2 {\"name\":\"Az1anSensation2\",\"avatar\":\"102\",\"rating\":2036,\"seed\":[42525,35161,13851,27244]}\n>p1 move bodyslam\n>p2 switch 6\n>p1 move bodyslam\n>p2 move stickyweb\n>p1 move bodyslam\n>p2 move knockoff\n>p2 switch 6\n>p1 move bodyslam\n>p2 move dracometeor\n>p1 switch 3\n>p1 move knockoff\n>p2 move outrage\n>p1 switch 2\n>p2 move outrage\n>p1 move thunderwave\n>p2 switch 5\n>p1 move thunderwave\n>p2 move bodyslam\n>p1 move dazzlinggleam\n>p2 move bodyslam\n>p1 move thunderwave\n>p2 move bulkup\n>p1 move thunderwave\n>p2 move bulkup\n>p1 switch 5\n>p2 move bulkup\n>p1 move knockoff\n>p2 move bodyslam\n>p1 move closecombat\n>p2 move bodyslam\n>p1 switch 4\n>p1 move swordsdance\n>p2 move bodyslam\n>p1 move petalblizzard\n>p2 move bodyslam\n>p1 move petalblizzard\n>p2 move bodyslam\n>p2 switch 4\n>p1 move petalblizzard\n>p2 move playrough\n>p1 switch 5\n>p1 move thunderwave\n>p2 move playrough\n>chat \u2606Chemto|.......\n>p1 move protect\n>p2 move playrough\n>p1 move thunderwave\n>p2 move playrough\n>p1 switch 6\n>p1 move shellsmash\n>p2 move playrough\n>p1 move hydropump\n>p2 move playrough\n>forcelose p1", "uploadtime": 1732950499, "views": 3, "formatid": "gen9randombattle", "rating": 2014, "private": 0, "password": null}