{"id": "gen9randombattle-2253930248", "format": "[Gen 9] Random Battle", "players": ["Botnob 234", "Bentennyson_55"], "log": "|j|\u2606Botnob 234\n|j|\u2606Bentennyson_55\n|t:|1732966109\n|gametype|singles\n|player|p1|Botnob 234|pilot|1143\n|player|p2|Bentennyson_55|red|1149\n|teamsize|p1|6\n|teamsize|p2|6\n|gen|9\n|tier|[Gen 9] Random Battle\n|rated|\n|rule|Species Clause: Limit one of each Pok\u00e9mon\n|rule|HP Percentage Mod: HP is shown in percentages\n|rule|Sleep Clause Mod: Limit one foe put to sleep\n|rule|Illusion Level Mod: Illusion disguises the Pok\u00e9mon's true level\n|\n|t:|1732966109\n|start\n|switch|p1a: Toucannon|Toucannon, L88, M|284/284\n|switch|p2a: Dugtrio|Dugtrio-Alola, L84, M|196/196\n|turn|1\n|\n|t:|1732966122\n|move|p2a: Dugtrio|Stealth Rock|p1a: Toucannon\n|-sidestart|p1: Botnob 234|move: Stealth Rock\n|move|p1a: Toucannon|Bullet Seed|p2a: Dugtrio\n|-damage|p2a: Dugtrio|166/196\n|-damage|p2a: Dugtrio|134/196\n|-damage|p2a: Dugtrio|104/196\n|-damage|p2a: Dugtrio|71/196\n|-damage|p2a: Dugtrio|40/196\n|-hitcount|p2a: Dugtrio|5\n|\n|upkeep\n|turn|2\n|\n|t:|1732966135\n|move|p2a: Dugtrio|Iron Head|p1a: Toucannon\n|-damage|p1a: Toucannon|171/284\n|-damage|p2a: Dugtrio|21/196|[from] item: Life Orb\n|move|p1a: Toucannon|Bullet Seed|p2a: Dugtrio\n|-damage|p2a: Dugtrio|0 fnt\n|faint|p2a: Dugtrio\n|-hitcount|p2: Dugtrio|1\n|\n|upkeep\n|\n|t:|1732966150\n|switch|p2a: Salazzle|Salazzle, L83, F|249/249\n|turn|3\n|\n|t:|1732966173\n|move|p2a: Salazzle|Toxic|p1a: Toucannon\n|-status|p1a: Toucannon|tox\n|move|p1a: Toucannon|Boomburst|p2a: Salazzle\n|-damage|p2a: Salazzle|74/249\n|\n|-heal|p2a: Salazzle|89/249|[from] item: Leftovers\n|-damage|p1a: Toucannon|154/284 tox|[from] psn\n|upkeep\n|turn|4\n|\n|t:|1732966185\n|move|p2a: Salazzle|Protect|p2a: Salazzle\n|-singleturn|p2a: Salazzle|Protect\n|move|p1a: Toucannon|Boomburst|p2a: Salazzle\n|-activate|p2a: Salazzle|move: Protect\n|\n|-heal|p2a: Salazzle|104/249|[from] item: Leftovers\n|-damage|p1a: Toucannon|120/284 tox|[from] psn\n|upkeep\n|turn|5\n|\n|t:|1732966195\n|move|p2a: Salazzle|Flamethrower|p1a: Toucannon\n|-damage|p1a: Toucannon|17/284 tox\n|move|p1a: Toucannon|Roost|p1a: Toucannon\n|-heal|p1a: Toucannon|159/284 tox\n|-singleturn|p1a: Toucannon|move: Roost\n|\n|-heal|p2a: Salazzle|119/249|[from] item: Leftovers\n|-damage|p1a: Toucannon|108/284 tox|[from] psn\n|upkeep\n|turn|6\n|\n|t:|1732966206\n|move|p2a: Salazzle|Protect|p2a: Salazzle\n|-singleturn|p2a: Salazzle|Protect\n|move|p1a: Toucannon|Boomburst|p2a: Salazzle\n|-activate|p2a: Salazzle|move: Protect\n|\n|-heal|p2a: Salazzle|134/249|[from] item: Leftovers\n|-damage|p1a: Toucannon|40/284 tox|[from] psn\n|upkeep\n|turn|7\n|\n|t:|1732966216\n|move|p2a: Salazzle|Flamethrower|p1a: Toucannon\n|-damage|p1a: Toucannon|0 fnt\n|faint|p1a: Toucannon\n|\n|-heal|p2a: Salazzle|149/249|[from] item: Leftovers\n|upkeep\n|\n|t:|1732966229\n|switch|p1a: Gastrodon|Gastrodon-East, L86, M|331/331\n|-damage|p1a: Gastrodon|311/331|[from] Stealth Rock\n|turn|8\n|\n|t:|1732966235\n|move|p2a: Salazzle|Toxic|p1a: Gastrodon\n|-status|p1a: Gastrodon|tox\n|move|p1a: Gastrodon|Surf|p2a: Salazzle\n|-supereffective|p2a: Salazzle\n|-damage|p2a: Salazzle|0 fnt\n|faint|p2a: Salazzle\n|\n|-heal|p1a: Gastrodon|331/331 tox|[from] item: Leftovers\n|-damage|p1a: Gastrodon|311/331 tox|[from] psn\n|upkeep\n|\n|t:|1732966247\n|switch|p2a: Venusaur|Venusaur, L84, F|272/272\n|turn|9\n|\n|t:|1732966259\n|switch|p2a: Appletun|Appletun, L92, M|352/352\n|move|p1a: Gastrodon|Earthquake|p2a: Appletun\n|-resisted|p2a: Appletun\n|-damage|p2a: Appletun|302/352\n|\n|-heal|p1a: Gastrodon|331/331 tox|[from] item: Leftovers\n|-heal|p2a: Appletun|324/352|[from] item: Leftovers\n|-damage|p1a: Gastrodon|291/331 tox|[from] psn\n|upkeep\n|turn|10\n|\n|t:|1732966275\n|move|p1a: Gastrodon|Earthquake|p2a: Appletun\n|-resisted|p2a: Appletun\n|-damage|p2a: Appletun|271/352\n|move|p2a: Appletun|Leech Seed|p1a: Gastrodon\n|-start|p1a: Gastrodon|move: Leech Seed\n|\n|-heal|p1a: Gastrodon|311/331 tox|[from] item: Leftovers\n|-heal|p2a: Appletun|293/352|[from] item: Leftovers\n|-damage|p1a: Gastrodon|270/331 tox|[from] Leech Seed|[of] p2a: Appletun\n|-heal|p2a: Appletun|334/352|[silent]\n|-damage|p1a: Gastrodon|210/331 tox|[from] psn\n|upkeep\n|turn|11\n|\n|t:|1732966290\n|move|p1a: Gastrodon|Surf|p2a: Appletun\n|-resisted|p2a: Appletun\n|-damage|p2a: Appletun|310/352\n|move|p2a: Appletun|Apple Acid|p1a: Gastrodon\n|-supereffective|p1a: Gastrodon\n|-damage|p1a: Gastrodon|0 fnt\n|faint|p1a: Gastrodon\n|\n|-heal|p2a: Appletun|332/352|[from] item: Leftovers\n|upkeep\n|\n|t:|1732966306\n|switch|p1a: Magcargo|Magcargo, L95, M|268/268\n|turn|12\n|\n|t:|1732966312\n|move|p1a: Magcargo|Fire Blast|p2a: Appletun\n|-damage|p2a: Appletun|262/352\n|move|p2a: Appletun|Leech Seed|p1a: Magcargo\n|-start|p1a: Magcargo|move: Leech Seed\n|\n|-heal|p2a: Appletun|284/352|[from] item: Leftovers\n|-damage|p1a: Magcargo|235/268|[from] Leech Seed|[of] p2a: Appletun\n|-heal|p2a: Appletun|317/352|[silent]\n|upkeep\n|turn|13\n|\n|t:|1732966324\n|switch|p1a: Lugia|Lugia, L72|272/272\n|move|p2a: Appletun|Apple Acid|p1a: Lugia\n|-resisted|p1a: Lugia\n|-damage|p1a: Lugia|253/272\n|-unboost|p1a: Lugia|spd|1\n|\n|-heal|p2a: Appletun|339/352|[from] item: Leftovers\n|upkeep\n|turn|14\n|\n|t:|1732966340\n|switch|p2a: Iron Boulder|Iron Boulder, L77|265/265\n|move|p1a: Lugia|Aeroblast|p2a: Iron Boulder\n|-resisted|p2a: Iron Boulder\n|-damage|p2a: Iron Boulder|230/265\n|\n|upkeep\n|turn|15\n|\n|t:|1732966351\n|move|p2a: Iron Boulder|Mighty Cleave|p1a: Lugia\n|-supereffective|p1a: Lugia\n|-damage|p1a: Lugia|48/272\n|-damage|p2a: Iron Boulder|204/265|[from] item: Life Orb\n|move|p1a: Lugia|Earth Power|p2a: Iron Boulder\n|-supereffective|p2a: Iron Boulder\n|-damage|p2a: Iron Boulder|116/265\n|\n|upkeep\n|turn|16\n|\n|t:|1732966368\n|move|p2a: Iron Boulder|Mighty Cleave|p1a: Lugia\n|-supereffective|p1a: Lugia\n|-damage|p1a: Lugia|0 fnt\n|faint|p1a: Lugia\n|-damage|p2a: Iron Boulder|90/265|[from] item: Life Orb\n|\n|upkeep\n|\n|t:|1732966374\n|switch|p1a: Arboliva|Arboliva, L91, M|290/290\n|-damage|p1a: Arboliva|254/290|[from] Stealth Rock\n|turn|17\n|\n|t:|1732966387\n|move|p2a: Iron Boulder|Close Combat|p1a: Arboliva\n|-supereffective|p1a: Arboliva\n|-damage|p1a: Arboliva|56/290\n|-unboost|p2a: Iron Boulder|def|1\n|-unboost|p2a: Iron Boulder|spd|1\n|-fieldstart|move: Grassy Terrain|[from] ability: Seed Sower|[of] p1a: Arboliva\n|-damage|p2a: Iron Boulder|64/265|[from] item: Life Orb\n|move|p1a: Arboliva|Energy Ball|p2a: Iron Boulder\n|-supereffective|p2a: Iron Boulder\n|-damage|p2a: Iron Boulder|0 fnt\n|faint|p2a: Iron Boulder\n|-end|p2a: Iron Boulder|Quark Drive|[silent]\n|\n|-heal|p1a: Arboliva|74/290|[from] Grassy Terrain\n|-heal|p1a: Arboliva|92/290|[from] item: Leftovers\n|upkeep\n|\n|t:|1732966403\n|switch|p2a: Venusaur|Venusaur, L84, F|272/272\n|turn|18\n|\n|t:|1732966408\n|move|p2a: Venusaur|Sludge Bomb|p1a: Arboliva\n|-supereffective|p1a: Arboliva\n|-damage|p1a: Arboliva|0 fnt\n|faint|p1a: Arboliva\n|\n|upkeep\n|\n|t:|1732966414\n|switch|p1a: Magcargo|Magcargo, L95, M|235/268\n|turn|19\n|\n|t:|1732966418\n|move|p2a: Venusaur|Earth Power|p1a: Magcargo\n|-supereffective|p1a: Magcargo\n|-damage|p1a: Magcargo|0 fnt\n|faint|p1a: Magcargo\n|\n|upkeep\n|\n|t:|1732966423\n|switch|p1a: Gardevoir|Gardevoir, L83, F|249/249\n|-damage|p1a: Gardevoir|218/249|[from] Stealth Rock\n|-ability|p1a: Gardevoir|Chlorophyll|[from] ability: Trace|[of] p2a: Venusaur\n|turn|20\n|\n|t:|1732966433\n|move|p2a: Venusaur|Toxic|p1a: Gardevoir\n|-status|p1a: Gardevoir|tox\n|move|p1a: Gardevoir|Psychic|p2a: Venusaur\n|-supereffective|p2a: Venusaur\n|-damage|p2a: Venusaur|0 fnt\n|faint|p2a: Venusaur\n|\n|-heal|p1a: Gardevoir|233/249 tox|[from] Grassy Terrain\n|-damage|p1a: Gardevoir|218/249 tox|[from] psn\n|upkeep\n|\n|t:|1732966445\n|switch|p2a: Feraligatr|Feraligatr, L79, F|264/264\n|turn|21\n|\n|t:|1732966449\n|move|p1a: Gardevoir|Psychic|p2a: Feraligatr\n|-damage|p2a: Feraligatr|80/264\n|move|p2a: Feraligatr|Dragon Dance|p2a: Feraligatr\n|-boost|p2a: Feraligatr|atk|1\n|-boost|p2a: Feraligatr|spe|1\n|\n|-heal|p2a: Feraligatr|96/264|[from] Grassy Terrain\n|-heal|p1a: Gardevoir|233/249 tox|[from] Grassy Terrain\n|-damage|p1a: Gardevoir|203/249 tox|[from] psn\n|-fieldend|move: Grassy Terrain\n|upkeep\n|turn|22\n|\n|t:|1732966463\n|move|p2a: Feraligatr|Liquidation|p1a: Gardevoir\n|-damage|p1a: Gardevoir|0 fnt\n|faint|p1a: Gardevoir\n|\n|win|Bentennyson_55\n|raw|Botnob 234's rating: 1143 &rarr; <strong>1118</strong><br />(-25 for losing)\n|raw|Bentennyson_55's rating: 1149 &rarr; <strong>1174</strong><br />(+25 for winning)\n|l|\u2606Botnob 234\n|player|p1|\n", "inputlog": ">version b107d77f5c90bd6555267ae244a6264823309ead\n>start {\"formatid\":\"gen9randombattle\",\"seed\":[29390,6157,13173,65487],\"rated\":\"Rated battle\"}\n>player p1 {\"name\":\"Botnob 234\",\"avatar\":\"pilot\",\"rating\":1143,\"seed\":[27758,52492,61765,28603]}\n>player p2 {\"name\":\"Bentennyson_55\",\"avatar\":\"red\",\"rating\":1149,\"seed\":[5142,9293,45697,16685]}\n>p1 move bulletseed\n>p2 move stealthrock\n>p1 move bulletseed\n>p2 move ironhead\n>p2 switch 4\n>p1 move boomburst\n>p2 move toxic\n>p1 move boomburst\n>p2 move protect\n>p1 move roost\n>p2 move flamethrower\n>p1 move boomburst\n>p2 move protect\n>p1 move roost\n>p2 move flamethrower\n>p1 switch 4\n>p1 move surf\n>p2 move toxic\n>p2 switch 6\n>p1 move earthquake\n>p2 switch 3\n>p1 move earthquake\n>p2 move leechseed\n>p1 move surf\n>p2 move appleacid\n>p1 switch 2\n>p1 move fireblast\n>p2 move leechseed\n>p1 switch 5\n>p2 move appleacid\n>p1 move aeroblast\n>p2 switch 2\n>p1 move earthpower\n>p2 move mightycleave\n>p1 move aeroblast\n>p2 move mightycleave\n>p1 switch 3\n>p1 move energyball\n>p2 move closecombat\n>p2 switch 3\n>p1 move hypervoice\n>p2 move sludgebomb\n>p1 switch 5\n>p1 move fireblast\n>p2 move earthpower\n>p1 switch 6\n>p1 move psychic\n>p2 move toxic\n>p2 switch 5\n>p1 move psychic\n>p2 move dragondance\n>p1 move psychic\n>p2 move liquidation", "uploadtime": 1732966469, "views": 14, "formatid": "gen9randombattle", "rating": 1118, "private": 0, "password": null}