{"id": "gen9randombattle-2253857460", "format": "[Gen 9] Random Battle", "players": ["chadnan", "Eddygee123"], "log": "|j|\u2606chadnan\n|j|\u2606Eddygee123\n|t:|1732950146\n|gametype|singles\n|player|p1|chadnan|266|1950\n|player|p2|Eddygee123|266|2016\n|teamsize|p1|6\n|teamsize|p2|6\n|gen|9\n|tier|[Gen 9] Random Battle\n|rated|\n|rule|Species Clause: Limit one of each Pok\u00e9mon\n|rule|HP Percentage Mod: HP is shown in percentages\n|rule|Sleep Clause Mod: Limit one foe put to sleep\n|rule|Illusion Level Mod: Illusion disguises the Pok\u00e9mon's true level\n|\n|t:|1732950146\n|start\n|switch|p1a: Tropius|Tropius, L91, M|328/328\n|switch|p2a: Greedent|Greedent, L86, M|347/347\n|turn|1\n|\n|t:|1732950179\n|switch|p1a: Ludicolo|Ludicolo, L90, F|290/290\n|move|p2a: Greedent|Swords Dance|p2a: Greedent\n|-boost|p2a: Greedent|atk|2\n|\n|upkeep\n|turn|2\n|inactive|Battle timer is ON: inactive players will automatically lose when time's up. (requested by chadnan)\n|\n|t:|1732950208\n|move|p1a: Ludicolo|Rain Dance|p1a: Ludicolo\n|-weather|RainDance\n|move|p2a: Greedent|Body Slam|p1a: Ludicolo\n|-damage|p1a: Ludicolo|89/290\n|-status|p1a: Ludicolo|par\n|\n|-weather|RainDance|[upkeep]\n|upkeep\n|turn|3\n|\n|t:|1732950237\n|cant|p1a: Ludicolo|par\n|move|p2a: Greedent|Body Slam|p1a: Ludicolo\n|-damage|p1a: Ludicolo|0 fnt\n|faint|p1a: Ludicolo\n|\n|-weather|RainDance|[upkeep]\n|upkeep\n|inactive|chadnan has 120 seconds left.\n|\n|t:|1732950259\n|switch|p1a: Tropius|Tropius, L91, M|328/328\n|turn|4\n|\n|t:|1732950285\n|move|p1a: Tropius|Dragon Dance|p1a: Tropius\n|-boost|p1a: Tropius|atk|1\n|-boost|p1a: Tropius|spe|1\n|move|p2a: Greedent|Body Slam|p1a: Tropius\n|-damage|p1a: Tropius|157/328\n|-enditem|p1a: Tropius|Sitrus Berry|[eat]\n|-heal|p1a: Tropius|239/328|[from] item: Sitrus Berry\n|\n|-weather|RainDance|[upkeep]\n|upkeep\n|turn|5\n|inactive|chadnan has 120 seconds left.\n|\n|t:|1732950298\n|move|p1a: Tropius|Leaf Blade|p2a: Greedent\n|-damage|p2a: Greedent|238/347\n|move|p2a: Greedent|Body Slam|p1a: Tropius\n|-damage|p1a: Tropius|64/328\n|\n|-weather|RainDance|[upkeep]\n|upkeep\n|turn|6\n|inactive|chadnan has 120 seconds left.\n|\n|t:|1732950311\n|move|p1a: Tropius|Dual Wingbeat|p2a: Greedent\n|-damage|p2a: Greedent|186/347\n|-damage|p2a: Greedent|137/347\n|-enditem|p2a: Greedent|Sitrus Berry|[eat]\n|-heal|p2a: Greedent|223/347|[from] item: Sitrus Berry\n|-heal|p2a: Greedent|338/347|[from] ability: Cheek Pouch\n|-hitcount|p2a: Greedent|2\n|move|p2a: Greedent|Body Slam|p1a: Tropius\n|-damage|p1a: Tropius|0 fnt\n|faint|p1a: Tropius\n|\n|-weather|none\n|upkeep\n|\n|t:|1732950329\n|switch|p1a: Tinkaton|Tinkaton, L82, F|274/274\n|-ability|p1a: Tinkaton|Mold Breaker\n|turn|7\n|\n|t:|1732950336\n|move|p1a: Tinkaton|Gigaton Hammer|p2a: Greedent\n|-damage|p2a: Greedent|182/347\n|-damage|p1a: Tinkaton|247/274|[from] item: Life Orb\n|move|p2a: Greedent|Earthquake|p1a: Tinkaton\n|-supereffective|p1a: Tinkaton\n|-damage|p1a: Tinkaton|0 fnt\n|faint|p1a: Tinkaton\n|\n|upkeep\n|\n|t:|1732950344\n|switch|p1a: Gastrodon|Gastrodon-East, L86, F|331/331\n|turn|8\n|\n|t:|1732950364\n|move|p1a: Gastrodon|Surf|p2a: Greedent\n|-damage|p2a: Greedent|83/347\n|move|p2a: Greedent|Body Slam|p1a: Gastrodon\n|-damage|p1a: Gastrodon|123/331\n|\n|-heal|p1a: Gastrodon|143/331|[from] item: Leftovers\n|upkeep\n|turn|9\n|\n|t:|1732950379\n|move|p1a: Gastrodon|Surf|p2a: Greedent\n|-damage|p2a: Greedent|0 fnt\n|faint|p2a: Greedent\n|\n|-heal|p1a: Gastrodon|163/331|[from] item: Leftovers\n|upkeep\n|\n|t:|1732950398\n|switch|p2a: Terrakion|Terrakion, L79|273/273\n|turn|10\n|\n|t:|1732950411\n|-terastallize|p2a: Terrakion|Fighting\n|move|p2a: Terrakion|Swords Dance|p2a: Terrakion\n|-boost|p2a: Terrakion|atk|2\n|move|p1a: Gastrodon|Spikes|p2a: Terrakion\n|-sidestart|p2: Eddygee123|Spikes\n|\n|-heal|p1a: Gastrodon|183/331|[from] item: Leftovers\n|upkeep\n|turn|11\n|\n|t:|1732950426\n|move|p2a: Terrakion|Close Combat|p1a: Gastrodon\n|-damage|p1a: Gastrodon|0 fnt\n|-unboost|p2a: Terrakion|def|1\n|-unboost|p2a: Terrakion|spd|1\n|faint|p1a: Gastrodon\n|-damage|p2a: Terrakion|246/273|[from] item: Life Orb\n|\n|upkeep\n|\n|t:|1732950434\n|switch|p1a: Bombirdier|Bombirdier, L85, F|258/258\n|turn|12\n|\n|t:|1732950439\n|move|p1a: Bombirdier|Brave Bird|p2a: Terrakion\n|-supereffective|p2a: Terrakion\n|-damage|p2a: Terrakion|0 fnt\n|faint|p2a: Terrakion\n|-damage|p1a: Bombirdier|177/258|[from] Recoil\n|\n|upkeep\n|\n|t:|1732950443\n|switch|p2a: Jolteon|Jolteon, L84, F|246/246\n|-damage|p2a: Jolteon|216/246|[from] Spikes\n|turn|13\n|\n|t:|1732950452\n|move|p1a: Bombirdier|Brave Bird|p2a: Jolteon\n|-resisted|p2a: Jolteon\n|-damage|p2a: Jolteon|123/246\n|-damage|p1a: Bombirdier|146/258|[from] Recoil\n|move|p2a: Jolteon|Substitute|p2a: Jolteon\n|-start|p2a: Jolteon|Substitute\n|-damage|p2a: Jolteon|62/246\n|\n|-heal|p2a: Jolteon|77/246|[from] item: Leftovers\n|upkeep\n|turn|14\n|\n|t:|1732950461\n|move|p1a: Bombirdier|Brave Bird|p2a: Jolteon\n|-resisted|p2a: Jolteon\n|-end|p2a: Jolteon|Substitute\n|-damage|p1a: Bombirdier|126/258|[from] Recoil|[of] p2a: Jolteon\n|move|p2a: Jolteon|Thunderbolt|p1a: Bombirdier\n|-supereffective|p1a: Bombirdier\n|-damage|p1a: Bombirdier|0 fnt\n|faint|p1a: Bombirdier\n|\n|-heal|p2a: Jolteon|92/246|[from] item: Leftovers\n|upkeep\n|\n|t:|1732950475\n|switch|p1a: Frosmoth|Frosmoth, L82, M|249/249\n|turn|15\n|\n|t:|1732950481\n|switch|p2a: Regigigas|Regigigas, L84|322/322\n|-damage|p2a: Regigigas|282/322|[from] Spikes\n|-start|p2a: Regigigas|ability: Slow Start\n|move|p1a: Frosmoth|Quiver Dance|p1a: Frosmoth\n|-boost|p1a: Frosmoth|spa|1\n|-boost|p1a: Frosmoth|spd|1\n|-boost|p1a: Frosmoth|spe|1\n|\n|-heal|p2a: Regigigas|302/322|[from] item: Leftovers\n|upkeep\n|turn|16\n|\n|t:|1732950503\n|move|p1a: Frosmoth|Quiver Dance|p1a: Frosmoth\n|-boost|p1a: Frosmoth|spa|1\n|-boost|p1a: Frosmoth|spd|1\n|-boost|p1a: Frosmoth|spe|1\n|move|p2a: Regigigas|Body Slam|p1a: Frosmoth\n|-damage|p1a: Frosmoth|165/249\n|\n|-heal|p2a: Regigigas|322/322|[from] item: Leftovers\n|upkeep\n|turn|17\n|inactive|chadnan has 120 seconds left.\n|\n|t:|1732950549\n|move|p1a: Frosmoth|Giga Drain|p2a: Regigigas\n|-damage|p2a: Regigigas|214/322\n|-heal|p1a: Frosmoth|219/249|[from] drain|[of] p2a: Regigigas\n|move|p2a: Regigigas|Body Slam|p1a: Frosmoth\n|-damage|p1a: Frosmoth|126/249\n|\n|-heal|p2a: Regigigas|234/322|[from] item: Leftovers\n|upkeep\n|turn|18\n|\n|t:|1732950564\n|move|p1a: Frosmoth|Giga Drain|p2a: Regigigas\n|-damage|p2a: Regigigas|124/322\n|-heal|p1a: Frosmoth|181/249|[from] drain|[of] p2a: Regigigas\n|move|p2a: Regigigas|Body Slam|p1a: Frosmoth\n|-damage|p1a: Frosmoth|97/249\n|\n|-heal|p2a: Regigigas|144/322|[from] item: Leftovers\n|upkeep\n|turn|19\n|\n|t:|1732950584\n|move|p1a: Frosmoth|Ice Beam|p2a: Regigigas\n|-damage|p2a: Regigigas|0 fnt\n|faint|p2a: Regigigas\n|-end|p2a: Regigigas|Slow Start|[silent]\n|\n|upkeep\n|\n|t:|1732950598\n|switch|p2a: Arceus|Arceus-Bug, L73|295/295\n|-damage|p2a: Arceus|259/295|[from] Spikes\n|turn|20\n|\n|t:|1732950604\n|move|p1a: Frosmoth|Hurricane|p2a: Arceus|[miss]\n|-miss|p1a: Frosmoth|p2a: Arceus\n|move|p2a: Arceus|Judgment|p1a: Frosmoth\n|-damage|p1a: Frosmoth|69/249\n|\n|upkeep\n|turn|21\n|\n|t:|1732950611\n|move|p1a: Frosmoth|Hurricane|p2a: Arceus|[miss]\n|-miss|p1a: Frosmoth|p2a: Arceus\n|move|p2a: Arceus|Judgment|p1a: Frosmoth\n|-damage|p1a: Frosmoth|40/249\n|\n|upkeep\n|turn|22\n|inactive|chadnan has 120 seconds left.\n|\n|t:|1732950617\n|move|p1a: Frosmoth|Hurricane|p2a: Arceus|[miss]\n|-miss|p1a: Frosmoth|p2a: Arceus\n|move|p2a: Arceus|Judgment|p1a: Frosmoth\n|-damage|p1a: Frosmoth|11/249\n|\n|upkeep\n|turn|23\n|\n|t:|1732950623\n|move|p1a: Frosmoth|Hurricane|p2a: Arceus\n|-supereffective|p2a: Arceus\n|-damage|p2a: Arceus|0 fnt\n|faint|p2a: Arceus\n|\n|upkeep\n|-message|Eddygee123 forfeited.\n|\n|win|chadnan\n|raw|chadnan's rating: 1950 &rarr; <strong>1974</strong><br />(+24 for winning)\n|raw|Eddygee123's rating: 2016 &rarr; <strong>1992</strong><br />(-24 for losing)\n|l|\u2606Eddygee123\n|player|p2|\n", "inputlog": ">version b107d77f5c90bd6555267ae244a6264823309ead\n>start {\"formatid\":\"gen9randombattle\",\"seed\":[57789,1003,18270,45077],\"rated\":\"Rated battle\"}\n>player p1 {\"name\":\"chadnan\",\"avatar\":\"266\",\"rating\":1950,\"seed\":[27839,12562,57262,39539]}\n>player p2 {\"name\":\"Eddygee123\",\"avatar\":\"266\",\"rating\":2016,\"seed\":[26482,44710,3583,22234]}\n>p1 switch 2\n>p2 move swordsdance\n>p1 move raindance\n>p2 move bodyslam\n>p1 move gigadrain\n>p2 move bodyslam\n>p1 switch 2\n>p1 move dragondance\n>p2 move bodyslam\n>p1 move leafblade\n>p2 move bodyslam\n>p1 move dualwingbeat\n>p2 move bodyslam\n>p1 switch 6\n>p1 move gigatonhammer\n>p2 move earthquake\n>p1 switch 5\n>p1 move surf\n>p2 move bodyslam\n>p1 move surf\n>p2 move bodyslam\n>p2 switch 6\n>p1 move spikes\n>p2 move swordsdance terastallize\n>p1 move earthquake\n>p2 move closecombat\n>p1 switch 3\n>p1 move bravebird\n>p2 move closecombat\n>p2 switch 5\n>p1 move bravebird\n>p2 move substitute\n>p1 move bravebird\n>p2 move thunderbolt\n>p1 switch 4\n>p1 move quiverdance\n>p2 switch 2\n>p1 move quiverdance\n>p2 move bodyslam\n>p1 move gigadrain\n>p2 move bodyslam\n>p1 move gigadrain\n>p2 move bodyslam\n>p1 move icebeam\n>p2 move bodyslam\n>p2 switch 4\n>p1 move hurricane\n>p2 move judgment\n>p1 move hurricane\n>p2 move judgment\n>p1 move hurricane\n>p2 move judgment\n>p1 move hurricane\n>p2 move judgment\n>forcelose p2", "uploadtime": 1732950648, "views": 3, "formatid": "gen9randombattle", "rating": 1974, "private": 0, "password": null}