{"id": "gen9randombattle-2254105827", "format": "[Gen 9] Random Battle", "players": ["Darkexraid", "ikeikef"], "log": "|j|\u2606Darkexraid\n|j|\u2606ikeikef\n|t:|1732991946\n|gametype|singles\n|player|p1|Darkexraid|jasmine|1377\n|player|p2|ikeikef|cynthia|1406\n|teamsize|p1|6\n|teamsize|p2|6\n|gen|9\n|tier|[Gen 9] Random Battle\n|rated|\n|rule|Species Clause: Limit one of each Pok\u00e9mon\n|rule|HP Percentage Mod: HP is shown in percentages\n|rule|Sleep Clause Mod: Limit one foe put to sleep\n|rule|Illusion Level Mod: Illusion disguises the Pok\u00e9mon's true level\n|\n|t:|1732991946\n|start\n|switch|p1a: Kricketune|Kricketune, L99, F|311/311\n|switch|p2a: Ursaring|Ursaring, L84, F|288/288\n|turn|1\n|inactive|Battle timer is ON: inactive players will automatically lose when time's up. (requested by ikeikef)\n|\n|t:|1732991964\n|switch|p1a: Annihilape|Annihilape, L76, F|292/292\n|move|p2a: Ursaring|Swords Dance|p2a: Ursaring\n|-boost|p2a: Ursaring|atk|2\n|\n|-status|p2a: Ursaring|tox|[from] item: Toxic Orb\n|upkeep\n|turn|2\n|\n|t:|1732991982\n|switch|p2a: Seviper|Seviper, L93, F|287/287\n|move|p1a: Annihilape|Bulk Up|p1a: Annihilape\n|-boost|p1a: Annihilape|atk|1\n|-boost|p1a: Annihilape|def|1\n|\n|upkeep\n|turn|3\n|inactive|ikeikef has 120 seconds left.\n|\n|t:|1732992009\n|move|p1a: Annihilape|Bulk Up|p1a: Annihilape\n|-boost|p1a: Annihilape|atk|1\n|-boost|p1a: Annihilape|def|1\n|move|p2a: Seviper|Glare|p1a: Annihilape\n|-status|p1a: Annihilape|par\n|\n|upkeep\n|turn|4\n|\n|t:|1732992019\n|move|p2a: Seviper|Knock Off|p1a: Annihilape\n|-damage|p1a: Annihilape|223/292 par\n|-enditem|p1a: Annihilape|Leftovers|[from] move: Knock Off|[of] p2a: Seviper\n|-damage|p2a: Seviper|259/287|[from] item: Life Orb\n|move|p1a: Annihilape|Rage Fist|p2a: Seviper\n|-damage|p2a: Seviper|28/287\n|\n|upkeep\n|turn|5\n|\n|t:|1732992031\n|switch|p2a: Ditto|Ditto, L87|225/225\n|-transform|p2a: Ditto|p1a: Annihilape|[from] ability: Imposter\n|move|p1a: Annihilape|Drain Punch|p2a: Ditto\n|-immune|p2a: Ditto\n|\n|upkeep\n|turn|6\n|\n|t:|1732992061\n|switch|p1a: Magmortar|Magmortar, L88, M|275/275\n|move|p2a: Ditto|Rage Fist|p1a: Magmortar\n|-damage|p1a: Magmortar|4/275\n|\n|upkeep\n|turn|7\n|\n|t:|1732992068\n|move|p2a: Ditto|Rage Fist|p1a: Magmortar\n|-damage|p1a: Magmortar|0 fnt\n|-status|p2a: Ditto|brn|[from] ability: Flame Body|[of] p1a: Magmortar\n|faint|p1a: Magmortar\n|\n|-damage|p2a: Ditto|211/225 brn|[from] brn\n|upkeep\n|\n|t:|1732992071\n|switch|p1a: Rhyperior|Rhyperior, L82, F|323/323\n|turn|8\n|\n|t:|1732992090\n|switch|p2a: Seviper|Seviper, L93, F|28/287\n|move|p1a: Rhyperior|Dragon Tail|p2a: Seviper\n|-damage|p2a: Seviper|0 fnt\n|faint|p2a: Seviper\n|\n|upkeep\n|\n|t:|1732992101\n|switch|p2a: Dipplin|Dipplin, L88, F|284/284\n|turn|9\n|\n|t:|1732992107\n|switch|p1a: Kricketune|Kricketune, L99, F|311/311\n|move|p2a: Dipplin|Giga Drain|p1a: Kricketune\n|-resisted|p1a: Kricketune\n|-damage|p1a: Kricketune|258/311\n|\n|upkeep\n|turn|10\n|\n|t:|1732992118\n|switch|p2a: Ursaring|Ursaring, L84, F|288/288 tox\n|move|p1a: Kricketune|Sticky Web|p2a: Ursaring\n|-sidestart|p2: ikeikef|move: Sticky Web\n|\n|-damage|p2a: Ursaring|270/288 tox|[from] psn\n|upkeep\n|turn|11\n|\n|t:|1732992125\n|move|p2a: Ursaring|Swords Dance|p2a: Ursaring\n|-boost|p2a: Ursaring|atk|2\n|move|p1a: Kricketune|Taunt|p2a: Ursaring\n|-start|p2a: Ursaring|move: Taunt\n|\n|-damage|p2a: Ursaring|234/288 tox|[from] psn\n|upkeep\n|turn|12\n|\n|t:|1732992145\n|switch|p1a: Annihilape|Annihilape, L76, F|223/292 par\n|move|p2a: Ursaring|Throat Chop|p1a: Annihilape\n|-damage|p1a: Annihilape|62/292 par\n|-start|p1a: Annihilape|Throat Chop|[silent]\n|\n|-damage|p2a: Ursaring|180/288 tox|[from] psn\n|upkeep\n|turn|13\n|\n|t:|1732992153\n|move|p2a: Ursaring|Throat Chop|p1a: Annihilape\n|-damage|p1a: Annihilape|0 fnt\n|faint|p1a: Annihilape\n|\n|-damage|p2a: Ursaring|108/288 tox|[from] psn\n|upkeep\n|\n|t:|1732992165\n|switch|p1a: Hydrapple|Hydrapple, L83, M|312/312\n|turn|14\n|\n|t:|1732992170\n|move|p2a: Ursaring|Facade|p1a: Hydrapple\n|-damage|p1a: Hydrapple|0 fnt\n|faint|p1a: Hydrapple\n|\n|-damage|p2a: Ursaring|18/288 tox|[from] psn\n|-end|p2a: Ursaring|move: Taunt\n|upkeep\n|\n|t:|1732992178\n|switch|p1a: Rhyperior|Rhyperior, L82, F|323/323\n|turn|15\n|\n|t:|1732992182\n|move|p2a: Ursaring|Close Combat|p1a: Rhyperior\n|-supereffective|p1a: Rhyperior\n|-crit|p1a: Rhyperior\n|-damage|p1a: Rhyperior|0 fnt\n|-unboost|p2a: Ursaring|def|1\n|-unboost|p2a: Ursaring|spd|1\n|faint|p1a: Rhyperior\n|\n|-damage|p2a: Ursaring|0 fnt|[from] psn\n|faint|p2a: Ursaring\n|upkeep\n|\n|t:|1732992198\n|switch|p2a: Ditto|Ditto, L87|211/225 brn\n|switch|p1a: Duraludon|Duraludon, L82, M|249/249\n|-activate|p2a: Ditto|move: Sticky Web\n|-unboost|p2a: Ditto|spe|1\n|-transform|p2a: Ditto|p1a: Duraludon|[from] ability: Imposter\n|turn|16\n|\n|t:|1732992211\n|switch|p1a: Kricketune|Kricketune, L99, F|258/311\n|move|p2a: Ditto|Draco Meteor|p1a: Kricketune\n|-damage|p1a: Kricketune|42/311\n|-unboost|p2a: Ditto|spa|2\n|\n|-damage|p2a: Ditto|197/225 brn|[from] brn\n|upkeep\n|turn|17\n|\n|t:|1732992221\n|move|p2a: Ditto|Draco Meteor|p1a: Kricketune\n|-damage|p1a: Kricketune|0 fnt\n|-unboost|p2a: Ditto|spa|2\n|faint|p1a: Kricketune\n|\n|-damage|p2a: Ditto|183/225 brn|[from] brn\n|upkeep\n|\n|t:|1732992222\n|switch|p1a: Duraludon|Duraludon, L82, M|249/249\n|turn|18\n|\n|t:|1732992230\n|switch|p2a: Grumpig|Grumpig, L92, F|297/297\n|-activate|p2a: Grumpig|move: Sticky Web\n|-unboost|p2a: Grumpig|spe|1\n|-terastallize|p1a: Duraludon|Fighting\n|move|p1a: Duraludon|Body Press|p2a: Grumpig\n|-resisted|p2a: Grumpig\n|-damage|p2a: Grumpig|248/297\n|\n|-heal|p2a: Grumpig|266/297|[from] item: Leftovers\n|upkeep\n|turn|19\n|\n|t:|1732992241\n|move|p1a: Duraludon|Flash Cannon|p2a: Grumpig\n|-damage|p2a: Grumpig|199/297\n|move|p2a: Grumpig|Nasty Plot|p2a: Grumpig\n|-boost|p2a: Grumpig|spa|2\n|\n|-heal|p2a: Grumpig|217/297|[from] item: Leftovers\n|upkeep\n|turn|20\n|\n|t:|1732992251\n|move|p2a: Grumpig|Psyshock|p1a: Duraludon\n|-supereffective|p1a: Duraludon\n|-crit|p1a: Duraludon\n|-damage|p1a: Duraludon|0 fnt\n|faint|p1a: Duraludon\n|\n|win|ikeikef\n|raw|Darkexraid's rating: 1377 &rarr; <strong>1359</strong><br />(-18 for losing)\n|raw|ikeikef's rating: 1406 &rarr; <strong>1424</strong><br />(+18 for winning)\n|l|\u2606Darkexraid\n|player|p1|\n", "inputlog": ">version b107d77f5c90bd6555267ae244a6264823309ead\n>start {\"formatid\":\"gen9randombattle\",\"seed\":[43367,27321,28626,12858],\"rated\":\"Rated battle\"}\n>player p1 {\"name\":\"Darkexraid\",\"avatar\":\"jasmine\",\"rating\":1377,\"seed\":[24720,63747,46674,62872]}\n>player p2 {\"name\":\"ikeikef\",\"avatar\":\"cynthia\",\"rating\":1406,\"seed\":[14679,51511,35410,38872]}\n>p1 switch 6\n>p2 move swordsdance\n>p1 move bulkup\n>p2 switch 5\n>p1 move bulkup\n>p2 move glare\n>p1 move ragefist\n>p2 move knockoff\n>p1 move drainpunch\n>p2 switch 4\n>p1 switch 4\n>p2 move ragefist\n>p1 move fireblast\n>p2 move ragefist\n>p1 switch 5\n>p1 move dragontail\n>p2 switch 4\n>p2 switch 6\n>p1 switch 6\n>p2 move gigadrain\n>p1 move stickyweb\n>p2 switch 5\n>p1 move taunt\n>p2 move swordsdance\n>p1 switch 4\n>p2 move throatchop\n>p1 move drainpunch\n>p2 move throatchop\n>p1 switch 3\n>p1 move ficklebeam\n>p2 move facade\n>p1 switch 6\n>p1 move dragontail\n>p2 move closecombat\n>p1 switch 2\n>p2 switch 4\n>p1 switch 4\n>p2 move dracometeor\n>p1 move knockoff\n>p2 move dracometeor\n>p1 switch 4\n>p1 move bodypress terastallize\n>p2 switch 2\n>p1 move flashcannon\n>p2 move nastyplot\n>p1 move dragontail\n>p2 move psyshock", "uploadtime": 1732992258, "views": 1, "formatid": "gen9randombattle", "rating": 1359, "private": 0, "password": null}