{"id": "gen9randombattle-2253892157", "format": "[Gen 9] Random Battle", "players": ["Bentennyson_55", "theinquisition69"], "log": "|j|\u2606Bentennyson_55\n|j|\u2606theinquisition69\n|t:|1732957781\n|gametype|singles\n|player|p1|Bentennyson_55|red|1157\n|player|p2|theinquisition69|101|1124\n|teamsize|p1|6\n|teamsize|p2|6\n|gen|9\n|tier|[Gen 9] Random Battle\n|rated|\n|rule|Species Clause: Limit one of each Pok\u00e9mon\n|rule|HP Percentage Mod: HP is shown in percentages\n|rule|Sleep Clause Mod: Limit one foe put to sleep\n|rule|Illusion Level Mod: Illusion disguises the Pok\u00e9mon's true level\n|\n|t:|1732957781\n|start\n|switch|p1a: Squawkabilly|Squawkabilly-Yellow, L89, F|291/291\n|switch|p2a: Dragonite|Dragonite, L74, M|257/257\n|turn|1\n|\n|t:|1732957802\n|move|p1a: Squawkabilly|Foul Play|p2a: Dragonite|[miss]\n|-miss|p1a: Squawkabilly|p2a: Dragonite\n|move|p2a: Dragonite|Dragon Dance|p2a: Dragonite\n|-boost|p2a: Dragonite|atk|1\n|-boost|p2a: Dragonite|spe|1\n|\n|upkeep\n|turn|2\n|\n|t:|1732957818\n|move|p2a: Dragonite|Dragon Dance|p2a: Dragonite\n|-boost|p2a: Dragonite|atk|1\n|-boost|p2a: Dragonite|spe|1\n|move|p1a: Squawkabilly|Foul Play|p2a: Dragonite\n|-damage|p2a: Dragonite|79/257\n|\n|upkeep\n|turn|3\n|\n|t:|1732957828\n|move|p2a: Dragonite|Outrage|p1a: Squawkabilly\n|-damage|p1a: Squawkabilly|0 fnt\n|faint|p1a: Squawkabilly\n|\n|upkeep\n|\n|t:|1732957838\n|switch|p1a: Scream Tail|Scream Tail, L84|330/330\n|turn|4\n|\n|t:|1732957845\n|move|p2a: Dragonite|Outrage|p1a: Scream Tail|[from]lockedmove\n|-immune|p1a: Scream Tail\n|-start|p2a: Dragonite|confusion|[fatigue]\n|move|p1a: Scream Tail|Dazzling Gleam|p2a: Dragonite\n|-supereffective|p2a: Dragonite\n|-damage|p2a: Dragonite|0 fnt\n|faint|p2a: Dragonite\n|\n|upkeep\n|\n|t:|1732957865\n|switch|p2a: Orthworm|Orthworm, L88, F|266/266\n|turn|5\n|\n|t:|1732957878\n|-end|p1a: Scream Tail|Protosynthesis|[silent]\n|switch|p1a: Eelektross|Eelektross, L87, M|290/290\n|move|p2a: Orthworm|Heavy Slam|p1a: Eelektross\n|-resisted|p1a: Eelektross\n|-damage|p1a: Eelektross|242/290\n|\n|-heal|p1a: Eelektross|260/290|[from] item: Leftovers\n|upkeep\n|turn|6\n|\n|t:|1732957895\n|move|p2a: Orthworm|Body Press|p1a: Eelektross\n|-damage|p1a: Eelektross|178/290\n|move|p1a: Eelektross|Coil|p1a: Eelektross\n|-boost|p1a: Eelektross|atk|1\n|-boost|p1a: Eelektross|def|1\n|-boost|p1a: Eelektross|accuracy|1\n|\n|-heal|p1a: Eelektross|196/290|[from] item: Leftovers\n|upkeep\n|turn|7\n|\n|t:|1732957924\n|move|p2a: Orthworm|Body Press|p1a: Eelektross\n|-damage|p1a: Eelektross|138/290\n|move|p1a: Eelektross|Coil|p1a: Eelektross\n|-boost|p1a: Eelektross|atk|1\n|-boost|p1a: Eelektross|def|1\n|-boost|p1a: Eelektross|accuracy|1\n|\n|-heal|p1a: Eelektross|156/290|[from] item: Leftovers\n|upkeep\n|turn|8\n|\n|t:|1732957959\n|move|p2a: Orthworm|Body Press|p1a: Eelektross\n|-damage|p1a: Eelektross|111/290\n|move|p1a: Eelektross|Knock Off|p2a: Orthworm\n|-crit|p2a: Orthworm\n|-damage|p2a: Orthworm|119/266\n|-enditem|p2a: Orthworm|Chesto Berry|[from] move: Knock Off|[of] p1a: Eelektross\n|\n|-heal|p1a: Eelektross|129/290|[from] item: Leftovers\n|upkeep\n|turn|9\n|\n|t:|1732957972\n|move|p2a: Orthworm|Heavy Slam|p1a: Eelektross\n|-resisted|p1a: Eelektross\n|-damage|p1a: Eelektross|108/290\n|move|p1a: Eelektross|Drain Punch|p2a: Orthworm\n|-supereffective|p2a: Orthworm\n|-damage|p2a: Orthworm|0 fnt\n|-heal|p1a: Eelektross|168/290|[from] drain|[of] p2a: Orthworm\n|faint|p2a: Orthworm\n|\n|-heal|p1a: Eelektross|186/290|[from] item: Leftovers\n|upkeep\n|inactive|Battle timer is ON: inactive players will automatically lose when time's up. (requested by Bentennyson_55)\n|c|\u2606Bentennyson_55|Lets go\n|\n|t:|1732958004\n|switch|p2a: Lurantis|Lurantis, L87, F|264/264\n|turn|10\n|\n|t:|1732958015\n|-terastallize|p1a: Eelektross|Fighting\n|-terastallize|p2a: Lurantis|Fighting\n|move|p1a: Eelektross|Drain Punch|p2a: Lurantis\n|-damage|p2a: Lurantis|92/264\n|-heal|p1a: Eelektross|272/290|[from] drain|[of] p2a: Lurantis\n|move|p2a: Lurantis|Superpower|p1a: Eelektross\n|-damage|p1a: Eelektross|193/290\n|-boost|p2a: Lurantis|atk|1\n|-boost|p2a: Lurantis|def|1\n|\n|-heal|p1a: Eelektross|211/290|[from] item: Leftovers\n|-heal|p2a: Lurantis|108/264|[from] item: Leftovers\n|upkeep\n|turn|11\n|\n|t:|1732958037\n|move|p1a: Eelektross|Drain Punch|p2a: Lurantis\n|-damage|p2a: Lurantis|0 fnt\n|-heal|p1a: Eelektross|265/290|[from] drain|[of] p2a: Lurantis\n|faint|p2a: Lurantis\n|\n|-heal|p1a: Eelektross|283/290|[from] item: Leftovers\n|upkeep\n|\n|t:|1732958042\n|switch|p2a: Mewtwo|Mewtwo, L72|272/272\n|-ability|p2a: Mewtwo|Unnerve\n|turn|12\n|\n|t:|1732958055\n|move|p2a: Mewtwo|Aura Sphere|p1a: Eelektross\n|-damage|p1a: Eelektross|200/290\n|-damage|p2a: Mewtwo|245/272|[from] item: Life Orb\n|move|p1a: Eelektross|Knock Off|p2a: Mewtwo\n|-supereffective|p2a: Mewtwo\n|-damage|p2a: Mewtwo|0 fnt\n|-enditem|p2a: Mewtwo|Life Orb|[from] move: Knock Off|[of] p1a: Eelektross\n|faint|p2a: Mewtwo\n|\n|-heal|p1a: Eelektross|218/290|[from] item: Leftovers\n|upkeep\n|-message|theinquisition69 forfeited.\n|\n|win|Bentennyson_55\n|raw|Bentennyson_55's rating: 1157 &rarr; <strong>1180</strong><br />(+23 for winning)\n|raw|theinquisition69's rating: 1124 &rarr; <strong>1101</strong><br />(-23 for losing)\n|l|\u2606theinquisition69\n|player|p2|\n", "inputlog": ">version b107d77f5c90bd6555267ae244a6264823309ead\n>start {\"formatid\":\"gen9randombattle\",\"seed\":[587,5709,31004,14388],\"rated\":\"Rated battle\"}\n>player p1 {\"name\":\"Bentennyson_55\",\"avatar\":\"red\",\"rating\":1157,\"seed\":[12890,32208,20691,15076]}\n>player p2 {\"name\":\"theinquisition69\",\"avatar\":\"101\",\"rating\":1124,\"seed\":[2369,11427,5782,4722]}\n>p1 move foulplay\n>p2 move dragondance\n>p1 move foulplay\n>p2 move dragondance\n>p1 move foulplay\n>p2 move outrage\n>p1 switch 4\n>p1 move dazzlinggleam\n>p2 move outrage\n>p2 switch 6\n>p1 switch 6\n>p2 move heavyslam\n>p1 move coil\n>p2 move bodypress\n>p1 move coil\n>p2 move bodypress\n>p1 move knockoff\n>p2 move bodypress\n>p1 move drainpunch\n>p2 move heavyslam\n>chat \u2606Bentennyson_55|Lets go\n>p2 switch 5\n>p1 move drainpunch terastallize\n>p2 move superpower terastallize\n>p1 move drainpunch\n>p2 move synthesis\n>p2 switch 2\n>p1 move knockoff\n>p2 move aurasphere\n>forcelose p2", "uploadtime": 1732958072, "views": 14, "formatid": "gen9randombattle", "rating": 1101, "private": 0, "password": null}