{"id": "gen9randombattle-2253898916", "format": "[Gen 9] Random Battle", "players": ["so6790", "Doneld"], "log": "|j|\u2606so6790\n|j|\u2606Doneld\n|t:|1732959298\n|gametype|singles\n|player|p1|so6790|shadowtriad|1266\n|player|p2|Doneld|102|1251\n|teamsize|p1|6\n|teamsize|p2|6\n|gen|9\n|tier|[Gen 9] Random Battle\n|rated|\n|rule|Species Clause: Limit one of each Pok\u00e9mon\n|rule|HP Percentage Mod: HP is shown in percentages\n|rule|Sleep Clause Mod: Limit one foe put to sleep\n|rule|Illusion Level Mod: Illusion disguises the Pok\u00e9mon's true level\n|\n|t:|1732959298\n|start\n|switch|p1a: Kommo-o|Kommo-o, L78, F|245/245\n|switch|p2a: Quaquaval|Quaquaval, L79, M|264/264\n|turn|1\n|inactive|Battle timer is ON: inactive players will automatically lose when time's up. (requested by so6790)\n|\n|t:|1732959309\n|move|p2a: Quaquaval|Swords Dance|p2a: Quaquaval\n|-boost|p2a: Quaquaval|atk|2\n|move|p1a: Kommo-o|Scale Shot|p2a: Quaquaval\n|-damage|p2a: Quaquaval|236/264\n|-damage|p2a: Quaquaval|206/264\n|-damage|p2a: Quaquaval|175/264\n|-damage|p2a: Quaquaval|144/264\n|-hitcount|p2a: Quaquaval|4\n|-unboost|p1a: Kommo-o|def|1\n|-boost|p1a: Kommo-o|spe|1\n|\n|upkeep\n|turn|2\n|\n|t:|1732959323\n|move|p1a: Kommo-o|Close Combat|p2a: Quaquaval\n|-damage|p2a: Quaquaval|0 fnt\n|-unboost|p1a: Kommo-o|def|1\n|-unboost|p1a: Kommo-o|spd|1\n|faint|p2a: Quaquaval\n|\n|upkeep\n|\n|t:|1732959330\n|switch|p2a: Clefable|Clefable, L83, F|293/293\n|turn|3\n|\n|t:|1732959345\n|move|p1a: Kommo-o|Iron Head|p2a: Clefable\n|-supereffective|p2a: Clefable\n|-damage|p2a: Clefable|159/293\n|move|p2a: Clefable|Stealth Rock|p1a: Kommo-o\n|-sidestart|p1: so6790|move: Stealth Rock\n|\n|upkeep\n|turn|4\n|\n|t:|1732959355\n|move|p1a: Kommo-o|Swords Dance|p1a: Kommo-o\n|-boost|p1a: Kommo-o|atk|2\n|move|p2a: Clefable|Moonblast|p1a: Kommo-o\n|-supereffective|p1a: Kommo-o\n|-damage|p1a: Kommo-o|0 fnt\n|faint|p1a: Kommo-o\n|\n|upkeep\n|\n|t:|1732959373\n|switch|p1a: Blastoise|Blastoise, L80, F|258/258\n|-damage|p1a: Blastoise|226/258|[from] Stealth Rock\n|turn|5\n|\n|t:|1732959391\n|move|p1a: Blastoise|Shell Smash|p1a: Blastoise\n|-unboost|p1a: Blastoise|def|1\n|-unboost|p1a: Blastoise|spd|1\n|-boost|p1a: Blastoise|atk|2\n|-boost|p1a: Blastoise|spa|2\n|-boost|p1a: Blastoise|spe|2\n|-enditem|p1a: Blastoise|White Herb\n|-clearnegativeboost|p1a: Blastoise|[silent]\n|move|p2a: Clefable|Moonblast|p1a: Blastoise\n|-damage|p1a: Blastoise|108/258\n|\n|upkeep\n|turn|6\n|inactive|so6790 has 120 seconds left.\n|\n|t:|1732959428\n|move|p1a: Blastoise|Earthquake|p2a: Clefable\n|-damage|p2a: Clefable|25/293\n|move|p2a: Clefable|Moonblast|p1a: Blastoise\n|-damage|p1a: Blastoise|0 fnt\n|faint|p1a: Blastoise\n|\n|upkeep\n|\n|t:|1732959438\n|switch|p1a: Farigiraf|Farigiraf, L91, F|366/366\n|-damage|p1a: Farigiraf|321/366|[from] Stealth Rock\n|turn|7\n|inactive|so6790 has 120 seconds left.\n|inactive|Doneld has 120 seconds left.\n|inactive|Doneld has 90 seconds left.\n|\n|t:|1732959515\n|move|p1a: Farigiraf|Psychic Noise|p2a: Clefable\n|-damage|p2a: Clefable|0 fnt\n|faint|p2a: Clefable\n|\n|-heal|p1a: Farigiraf|343/366|[from] item: Leftovers\n|upkeep\n|c|\u2606so6790|Quick play plz\n|inactive|Doneld has 60 seconds left.\n|\n|t:|1732959537\n|switch|p2a: Tsareena|Tsareena, L87, F|267/267\n|turn|8\n|inactive|so6790 has 120 seconds left.\n|inactive|Doneld has 60 seconds left.\n|c|\u2606Doneld|amma take forever\n|c|\u2606Doneld|fk u\n|c|\u2606so6790|Reported\n|inactive|Doneld has 30 seconds left.\n|\n|t:|1732959583\n|move|p2a: Tsareena|Knock Off|p1a: Farigiraf\n|-supereffective|p1a: Farigiraf\n|-damage|p1a: Farigiraf|153/366\n|-enditem|p1a: Farigiraf|Leftovers|[from] move: Knock Off|[of] p2a: Tsareena\n|move|p1a: Farigiraf|Psychic Noise|p2a: Tsareena\n|-damage|p2a: Tsareena|179/267\n|-start|p2a: Tsareena|move: Heal Block\n|\n|upkeep\n|turn|9\n|inactive|so6790 has 120 seconds left.\n|inactive|Doneld has 30 seconds left.\n|c|\u2606Doneld|.I.\n|\n|t:|1732959608\n|move|p2a: Tsareena|Knock Off|p1a: Farigiraf\n|-supereffective|p1a: Farigiraf\n|-damage|p1a: Farigiraf|33/366\n|move|p1a: Farigiraf|Body Slam|p2a: Tsareena\n|-damage|p2a: Tsareena|82/267\n|\n|-end|p2a: Tsareena|move: Heal Block\n|upkeep\n|turn|10\n|\n|t:|1732959623\n|move|p2a: Tsareena|Knock Off|p1a: Farigiraf\n|-supereffective|p1a: Farigiraf\n|-crit|p1a: Farigiraf\n|-damage|p1a: Farigiraf|0 fnt\n|faint|p1a: Farigiraf\n|\n|upkeep\n|\n|t:|1732959630\n|switch|p1a: Sandslash|Sandslash, L88, F|275/275\n|-damage|p1a: Sandslash|258/275|[from] Stealth Rock\n|turn|11\n|\n|t:|1732959638\n|switch|p2a: Necrozma|Necrozma-Dawn-Wings, L76|272/272\n|-terastallize|p1a: Sandslash|Dragon\n|move|p1a: Sandslash|Rapid Spin|p2a: Necrozma\n|-immune|p2a: Necrozma\n|\n|-heal|p1a: Sandslash|275/275|[from] item: Leftovers\n|upkeep\n|turn|12\n|\n|t:|1732959661\n|move|p1a: Sandslash|Knock Off|p2a: Necrozma\n|-supereffective|p2a: Necrozma\n|-damage|p2a: Necrozma|56/272\n|-enditem|p2a: Necrozma|Life Orb|[from] move: Knock Off|[of] p1a: Sandslash\n|move|p2a: Necrozma|Photon Geyser|p1a: Sandslash\n|-damage|p1a: Sandslash|106/275\n|\n|-heal|p1a: Sandslash|123/275|[from] item: Leftovers\n|upkeep\n|turn|13\n|inactive|so6790 has 120 seconds left.\n|inactive|Doneld has 30 seconds left.\n|\n|t:|1732959681\n|-terastallize|p2a: Necrozma|Fighting\n|move|p1a: Sandslash|Knock Off|p2a: Necrozma\n|-resisted|p2a: Necrozma\n|-damage|p2a: Necrozma|31/272\n|move|p2a: Necrozma|Brick Break|p1a: Sandslash\n|-damage|p1a: Sandslash|66/275\n|\n|-heal|p1a: Sandslash|83/275|[from] item: Leftovers\n|upkeep\n|turn|14\n|inactive|Doneld has 30 seconds left.\n|inactive|so6790 has 120 seconds left.\n|\n|t:|1732959702\n|move|p1a: Sandslash|Earthquake|p2a: Necrozma\n|-damage|p2a: Necrozma|0 fnt\n|faint|p2a: Necrozma\n|\n|-heal|p1a: Sandslash|100/275|[from] item: Leftovers\n|upkeep\n|inactive|Doneld has 30 seconds left.\n|\n|t:|1732959709\n|switch|p2a: Tsareena|Tsareena, L87, F|82/267\n|turn|15\n|\n|t:|1732959715\n|move|p2a: Tsareena|Triple Axel|p1a: Sandslash\n|-supereffective|p1a: Sandslash\n|-damage|p1a: Sandslash|70/275\n|-supereffective|p1a: Sandslash\n|-damage|p1a: Sandslash|8/275\n|-supereffective|p1a: Sandslash\n|-damage|p1a: Sandslash|0 fnt\n|faint|p1a: Sandslash\n|-hitcount|p1: Sandslash|3\n|\n|upkeep\n|\n|t:|1732959720\n|switch|p1a: Beartic|Beartic, L91, F|321/321\n|turn|16\n|\n|t:|1732959726\n|switch|p2a: Gurdurr|Gurdurr, L85, F|283/283\n|move|p1a: Beartic|Icicle Crash|p2a: Gurdurr\n|-damage|p2a: Gurdurr|198/283\n|\n|upkeep\n|turn|17\n|\n|t:|1732959733\n|switch|p1a: Groudon|Groudon, L72|263/263\n|-damage|p1a: Groudon|247/263|[from] Stealth Rock\n|-weather|SunnyDay|[from] ability: Drought|[of] p1a: Groudon\n|move|p2a: Gurdurr|Drain Punch|p1a: Groudon\n|-damage|p1a: Groudon|178/263\n|-heal|p2a: Gurdurr|233/283|[from] drain|[of] p1a: Groudon\n|\n|-weather|SunnyDay|[upkeep]\n|-heal|p1a: Groudon|194/263|[from] item: Leftovers\n|upkeep\n|turn|18\n|\n|t:|1732959746\n|move|p1a: Groudon|Heat Crash|p2a: Gurdurr\n|-damage|p2a: Gurdurr|144/283\n|move|p2a: Gurdurr|Knock Off|p1a: Groudon\n|-damage|p1a: Groudon|130/263\n|-enditem|p1a: Groudon|Leftovers|[from] move: Knock Off|[of] p2a: Gurdurr\n|\n|-weather|SunnyDay|[upkeep]\n|upkeep\n|turn|19\n|\n|t:|1732959761\n|move|p1a: Groudon|Precipice Blades|p2a: Gurdurr\n|-damage|p2a: Gurdurr|54/283\n|move|p2a: Gurdurr|Drain Punch|p1a: Groudon\n|-damage|p1a: Groudon|60/263\n|-heal|p2a: Gurdurr|89/283|[from] drain|[of] p1a: Groudon\n|\n|-weather|SunnyDay|[upkeep]\n|upkeep\n|turn|20\n|inactive|Doneld has 60 seconds left.\n|\n|t:|1732959773\n|move|p2a: Gurdurr|Mach Punch|p1a: Groudon\n|-crit|p1a: Groudon\n|-damage|p1a: Groudon|0 fnt\n|faint|p1a: Groudon\n|\n|-weather|SunnyDay|[upkeep]\n|upkeep\n|\n|t:|1732959775\n|switch|p1a: Beartic|Beartic, L91, F|321/321\n|turn|21\n|\n|t:|1732959781\n|move|p2a: Gurdurr|Mach Punch|p1a: Beartic\n|-supereffective|p1a: Beartic\n|-damage|p1a: Beartic|223/321\n|move|p1a: Beartic|Icicle Crash|p2a: Gurdurr\n|-damage|p2a: Gurdurr|5/283\n|\n|-weather|none\n|upkeep\n|turn|22\n|\n|t:|1732959792\n|move|p2a: Gurdurr|Mach Punch|p1a: Beartic\n|-supereffective|p1a: Beartic\n|-damage|p1a: Beartic|127/321\n|move|p1a: Beartic|Icicle Crash|p2a: Gurdurr\n|-damage|p2a: Gurdurr|0 fnt\n|faint|p2a: Gurdurr\n|\n|upkeep\n|\n|t:|1732959804\n|switch|p2a: Tsareena|Tsareena, L87, F|82/267\n|turn|23\n|\n|t:|1732959808\n|move|p2a: Tsareena|Power Whip|p1a: Beartic|[miss]\n|-miss|p2a: Tsareena|p1a: Beartic\n|move|p1a: Beartic|Icicle Crash|p2a: Tsareena\n|-supereffective|p2a: Tsareena\n|-damage|p2a: Tsareena|0 fnt\n|faint|p2a: Tsareena\n|\n|upkeep\n|\n|t:|1732959816\n|switch|p2a: Greedent|Greedent, L86, F|347/347\n|turn|24\n|\n|t:|1732959822\n|move|p1a: Beartic|Close Combat|p2a: Greedent\n|-supereffective|p2a: Greedent\n|-damage|p2a: Greedent|103/347\n|-unboost|p1a: Beartic|def|1\n|-unboost|p1a: Beartic|spd|1\n|-enditem|p2a: Greedent|Sitrus Berry|[eat]\n|-heal|p2a: Greedent|189/347|[from] item: Sitrus Berry\n|-heal|p2a: Greedent|304/347|[from] ability: Cheek Pouch\n|move|p2a: Greedent|Double-Edge|p1a: Beartic\n|-damage|p1a: Beartic|0 fnt\n|faint|p1a: Beartic\n|-damage|p2a: Greedent|262/347|[from] Recoil\n|\n|win|Doneld\n", "inputlog": ">version b107d77f5c90bd6555267ae244a6264823309ead\n>start {\"formatid\":\"gen9randombattle\",\"seed\":[6354,40416,8494,61800],\"rated\":\"Rated battle\"}\n>player p1 {\"name\":\"so6790\",\"avatar\":\"shadowtriad\",\"rating\":1266,\"seed\":[3148,60315,62628,54648]}\n>player p2 {\"name\":\"Doneld\",\"avatar\":\"102\",\"rating\":1251,\"seed\":[41362,519,48708,33715]}\n>p1 move scaleshot\n>p2 move swordsdance\n>p1 move closecombat\n>p2 move aquastep\n>p2 switch 5\n>p1 move ironhead\n>p2 move stealthrock\n>p1 move swordsdance\n>p2 move moonblast\n>p1 switch 4\n>p1 move shellsmash\n>p2 move moonblast\n>p1 move earthquake\n>p2 move moonblast\n>p1 switch 2\n>p1 move psychicnoise\n>p2 move moonlight\n>chat \u2606so6790|Quick play plz\n>p2 switch 4\n>chat \u2606Doneld|amma take forever \n>chat \u2606Doneld|fk u \n>chat \u2606so6790|Reported\n>p1 move psychicnoise\n>p2 move knockoff\n>chat \u2606Doneld|.I.\n>p1 move bodyslam\n>p2 move knockoff\n>p1 move wish\n>p2 move knockoff\n>p1 switch 5\n>p1 move rapidspin terastallize\n>p2 switch 3\n>p1 move knockoff\n>p2 move photongeyser\n>p1 move knockoff\n>p2 move brickbreak terastallize\n>p1 move earthquake\n>p2 move dragondance\n>p2 switch 3\n>p1 move rapidspin\n>p2 move tripleaxel\n>p1 switch 6\n>p1 move iciclecrash\n>p2 switch 2\n>p1 switch 3\n>p2 move drainpunch\n>p1 move heatcrash\n>p2 move knockoff\n>p1 move precipiceblades\n>p2 move drainpunch\n>p1 move precipiceblades\n>p2 move machpunch\n>p1 switch 3\n>p1 move iciclecrash\n>p2 move machpunch\n>p1 move iciclecrash\n>p2 move machpunch\n>p2 switch 2\n>p1 move iciclecrash\n>p2 move powerwhip\n>p2 switch 6\n>p1 move closecombat\n>p2 move doubleedge", "uploadtime": 1732959616, "views": 3, "formatid": "gen9randombattle", "rating": null, "private": 0, "password": null}