{"id": "gen9randombattle-2253804961", "format": "[Gen 9] Random Battle", "players": ["pedrosousaa", "ikuika"], "log": "|j|\u2606pedrosousaa\n|j|\u2606ikuika\n|t:|1732940910\n|gametype|singles\n|player|p1|pedrosousaa|burglar|1052\n|player|p2|ikuika|265|1043\n|teamsize|p1|6\n|teamsize|p2|6\n|gen|9\n|tier|[Gen 9] Random Battle\n|rated|\n|rule|Species Clause: Limit one of each Pok\u00e9mon\n|rule|HP Percentage Mod: HP is shown in percentages\n|rule|Sleep Clause Mod: Limit one foe put to sleep\n|rule|Illusion Level Mod: Illusion disguises the Pok\u00e9mon's true level\n|\n|t:|1732940910\n|start\n|switch|p1a: Orthworm|Orthworm, L88, M|266/266\n|switch|p2a: Raikou|Raikou, L81|278/278\n|-ability|p2a: Raikou|Pressure\n|turn|1\n|inactive|Battle timer is ON: inactive players will automatically lose when time's up. (requested by pedrosousaa)\n|\n|t:|1732940947\n|move|p2a: Raikou|Thunderbolt|p1a: Orthworm\n|-damage|p1a: Orthworm|134/266\n|move|p1a: Orthworm|Spikes|p2a: Raikou\n|-sidestart|p2: ikuika|Spikes\n|\n|upkeep\n|turn|2\n|\n|t:|1732940972\n|move|p2a: Raikou|Thunderbolt|p1a: Orthworm\n|-damage|p1a: Orthworm|0 fnt\n|faint|p1a: Orthworm\n|\n|upkeep\n|\n|t:|1732940986\n|switch|p1a: Piloswine|Piloswine, L85, F|309/309\n|turn|3\n|\n|t:|1732941002\n|switch|p2a: Salamence|Salamence, L77, M|273/273\n|-ability|p2a: Salamence|Intimidate|boost\n|-unboost|p1a: Piloswine|atk|1\n|-terastallize|p1a: Piloswine|Poison\n|move|p1a: Piloswine|Icicle Crash|p2a: Salamence\n|-supereffective|p2a: Salamence\n|-damage|p2a: Salamence|0 fnt\n|faint|p2a: Salamence\n|\n|upkeep\n|inactive|ikuika has 120 seconds left.\n|\n|t:|1732941033\n|switch|p2a: Scovillain|Scovillain, L91, M|266/266\n|turn|4\n|\n|t:|1732941049\n|move|p2a: Scovillain|Stomping Tantrum|p1a: Piloswine\n|-supereffective|p1a: Piloswine\n|-damage|p1a: Piloswine|215/309\n|move|p1a: Piloswine|Icicle Crash|p2a: Scovillain|[miss]\n|-miss|p1a: Piloswine|p2a: Scovillain\n|\n|upkeep\n|turn|5\n|\n|t:|1732941068\n|move|p2a: Scovillain|Sunny Day|p2a: Scovillain\n|-weather|SunnyDay\n|move|p1a: Piloswine|Icicle Crash|p2a: Scovillain\n|-crit|p2a: Scovillain\n|-damage|p2a: Scovillain|100/266\n|\n|-weather|SunnyDay|[upkeep]\n|upkeep\n|turn|6\n|\n|t:|1732941085\n|move|p2a: Scovillain|Fire Blast|p1a: Piloswine|[miss]\n|-miss|p2a: Scovillain|p1a: Piloswine\n|move|p1a: Piloswine|Earthquake|p2a: Scovillain\n|-damage|p2a: Scovillain|15/266\n|\n|-weather|SunnyDay|[upkeep]\n|upkeep\n|turn|7\n|\n|t:|1732941093\n|move|p2a: Scovillain|Fire Blast|p1a: Piloswine\n|-damage|p1a: Piloswine|121/309\n|move|p1a: Piloswine|Earthquake|p2a: Scovillain\n|-damage|p2a: Scovillain|0 fnt\n|faint|p2a: Scovillain\n|\n|-weather|SunnyDay|[upkeep]\n|upkeep\n|inactive|ikuika has 90 seconds left.\n|\n|t:|1732941111\n|switch|p2a: Heracross|Heracross, L80, M|259/259\n|-damage|p2a: Heracross|227/259|[from] Spikes\n|turn|8\n|inactive|ikuika has 90 seconds left.\n|inactive|pedrosousaa has 120 seconds left.\n|\n|t:|1732941145\n|move|p2a: Heracross|Knock Off|p1a: Piloswine\n|-damage|p1a: Piloswine|67/309\n|-enditem|p1a: Piloswine|Eviolite|[from] move: Knock Off|[of] p2a: Heracross\n|move|p1a: Piloswine|Icicle Crash|p2a: Heracross\n|-damage|p2a: Heracross|152/259\n|\n|-weather|SunnyDay|[upkeep]\n|-status|p2a: Heracross|brn|[from] item: Flame Orb\n|upkeep\n|turn|9\n|inactive|ikuika has 90 seconds left.\n|\n|t:|1732941170\n|move|p2a: Heracross|Facade|p1a: Piloswine\n|-damage|p1a: Piloswine|0 fnt\n|faint|p1a: Piloswine\n|\n|-weather|none\n|-damage|p2a: Heracross|136/259 brn|[from] brn\n|upkeep\n|inactive|pedrosousaa has 120 seconds left.\n|\n|t:|1732941192\n|switch|p1a: Kilowattrel|Kilowattrel, L83, M|252/252\n|turn|10\n|inactive|pedrosousaa has 90 seconds left.\n|\n|t:|1732941248\n|-terastallize|p2a: Heracross|Normal\n|move|p1a: Kilowattrel|Hurricane|p2a: Heracross\n|-damage|p2a: Heracross|4/259 brn\n|move|p2a: Heracross|Facade|p1a: Kilowattrel\n|-damage|p1a: Kilowattrel|0 fnt\n|faint|p1a: Kilowattrel\n|\n|-damage|p2a: Heracross|0 fnt|[from] brn\n|faint|p2a: Heracross\n|upkeep\n|\n|t:|1732941263\n|switch|p1a: Gothitelle|Gothitelle, L90, M|272/272\n|switch|p2a: Raikou|Raikou, L81|278/278\n|-damage|p2a: Raikou|244/278|[from] Spikes\n|-ability|p2a: Raikou|Pressure\n|turn|11\n|\n|t:|1732941281\n|move|p2a: Raikou|Shadow Ball|p1a: Gothitelle\n|-supereffective|p1a: Gothitelle\n|-damage|p1a: Gothitelle|184/272\n|move|p1a: Gothitelle|Calm Mind|p1a: Gothitelle\n|-boost|p1a: Gothitelle|spa|1\n|-boost|p1a: Gothitelle|spd|1\n|\n|-heal|p2a: Raikou|261/278|[from] item: Leftovers\n|-heal|p1a: Gothitelle|201/272|[from] item: Leftovers\n|upkeep\n|turn|12\n|inactive|pedrosousaa has 60 seconds left.\n|\n|t:|1732941307\n|move|p2a: Raikou|Calm Mind|p2a: Raikou\n|-boost|p2a: Raikou|spa|1\n|-boost|p2a: Raikou|spd|1\n|move|p1a: Gothitelle|Psychic Noise|p2a: Raikou\n|-damage|p2a: Raikou|171/278\n|-start|p2a: Raikou|move: Heal Block\n|\n|-heal|p1a: Gothitelle|218/272|[from] item: Leftovers\n|upkeep\n|turn|13\n|inactive|ikuika has 60 seconds left.\n|\n|t:|1732941334\n|move|p2a: Raikou|Shadow Ball|p1a: Gothitelle\n|-supereffective|p1a: Gothitelle\n|-damage|p1a: Gothitelle|118/272\n|move|p1a: Gothitelle|Focus Blast|p2a: Raikou\n|-damage|p2a: Raikou|85/278\n|-unboost|p2a: Raikou|spd|1\n|\n|-heal|p1a: Gothitelle|135/272|[from] item: Leftovers\n|-end|p2a: Raikou|move: Heal Block\n|upkeep\n|turn|14\n|inactive|ikuika has 60 seconds left.\n|inactive|pedrosousaa has 30 seconds left.\n|inactive|pedrosousaa has 20 seconds left.\n|inactive|pedrosousaa has 15 seconds left.\n|inactive|pedrosousaa has 10 seconds left.\n|inactive|pedrosousaa has 5 seconds left.\n|-message|pedrosousaa lost due to inactivity.\n|\n|win|ikuika\n|raw|pedrosousaa's rating: 1052 &rarr; <strong>1034</strong><br />(-18 for losing)\n|raw|ikuika's rating: 1043 &rarr; <strong>1077</strong><br />(+34 for winning)\n|c|\u2606ikuika|gg\n", "inputlog": ">version b107d77f5c90bd6555267ae244a6264823309ead\n>start {\"formatid\":\"gen9randombattle\",\"seed\":[61979,60935,2933,23649],\"rated\":\"Rated battle\"}\n>player p1 {\"name\":\"pedrosousaa\",\"avatar\":\"burglar\",\"rating\":1052,\"seed\":[10153,62653,45335,20651]}\n>player p2 {\"name\":\"ikuika\",\"avatar\":\"265\",\"rating\":1043,\"seed\":[6114,8002,49406,24085]}\n>p1 move spikes\n>p2 move thunderbolt\n>p1 move heavyslam\n>p2 move thunderbolt\n>p1 switch 2\n>p1 move iciclecrash terastallize\n>p2 switch 6\n>p2 switch 4\n>p1 move iciclecrash\n>p2 move stompingtantrum\n>p1 move iciclecrash\n>p2 move sunnyday\n>p1 move earthquake\n>p2 move fireblast\n>p1 move earthquake\n>p2 move fireblast\n>p2 switch 2\n>p1 move iciclecrash\n>p2 move knockoff\n>p1 move earthquake\n>p2 move facade\n>p1 switch 3\n>p1 move hurricane\n>p2 move facade terastallize\n>p1 switch 6\n>p2 switch 6\n>p1 move calmmind\n>p2 move shadowball\n>p1 move psychicnoise\n>p2 move calmmind\n>p1 move focusblast\n>p2 move shadowball\n>forcelose p1", "uploadtime": 1732941405, "views": 19, "formatid": "gen9randombattle", "rating": 1034, "private": 0, "password": null}