{"id": "gen9randombattle-2254086697", "format": "[Gen 9] Random Battle", "players": ["ignaciod", "XxN00bM4st3rxX69"], "log": "|j|\u2606ignaciod\n|j|\u2606XxN00bM4st3rxX69\n|t:|1732989607\n|gametype|singles\n|player|p1|ignaciod|102|1495\n|player|p2|XxN00bM4st3rxX69|169|1518\n|teamsize|p1|6\n|teamsize|p2|6\n|gen|9\n|tier|[Gen 9] Random Battle\n|rated|\n|rule|Species Clause: Limit one of each Pok\u00e9mon\n|rule|HP Percentage Mod: HP is shown in percentages\n|rule|Sleep Clause Mod: Limit one foe put to sleep\n|rule|Illusion Level Mod: Illusion disguises the Pok\u00e9mon's true level\n|\n|t:|1732989607\n|start\n|switch|p1a: Garganacl|Garganacl, L80, F|291/291\n|switch|p2a: Palkia|Palkia, L75|259/259\n|-ability|p2a: Palkia|Pressure\n|turn|1\n|inactive|Battle timer is ON: inactive players will automatically lose when time's up. (requested by XxN00bM4st3rxX69)\n|\n|t:|1732989629\n|move|p1a: Garganacl|Protect|p1a: Garganacl\n|-singleturn|p1a: Garganacl|Protect\n|move|p2a: Palkia|Hydro Pump|p1a: Garganacl\n|-activate|p1a: Garganacl|move: Protect\n|\n|upkeep\n|turn|2\n|\n|t:|1732989647\n|switch|p1a: Farigiraf|Farigiraf, L91, F|366/366\n|move|p2a: Palkia|Thunder Wave|p1a: Farigiraf\n|-status|p1a: Farigiraf|par\n|\n|upkeep\n|turn|3\n|\n|t:|1732989659\n|switch|p2a: Scizor|Scizor, L79, F|240/240\n|move|p1a: Farigiraf|Body Slam|p2a: Scizor\n|-resisted|p2a: Scizor\n|-damage|p2a: Scizor|192/240\n|\n|upkeep\n|turn|4\n|\n|t:|1732989666\n|move|p2a: Scizor|Swords Dance|p2a: Scizor\n|-boost|p2a: Scizor|atk|2\n|move|p1a: Farigiraf|Body Slam|p2a: Scizor\n|-resisted|p2a: Scizor\n|-damage|p2a: Scizor|141/240\n|\n|upkeep\n|turn|5\n|\n|t:|1732989674\n|move|p2a: Scizor|Knock Off|p1a: Farigiraf\n|-supereffective|p1a: Farigiraf\n|-damage|p1a: Farigiraf|0 fnt\n|-enditem|p1a: Farigiraf|Leftovers|[from] move: Knock Off|[of] p2a: Scizor\n|faint|p1a: Farigiraf\n|-damage|p2a: Scizor|117/240|[from] item: Life Orb\n|\n|upkeep\n|\n|t:|1732989682\n|switch|p1a: Garganacl|Garganacl, L80, F|291/291\n|turn|6\n|\n|t:|1732989685\n|move|p2a: Scizor|Bullet Punch|p1a: Garganacl\n|-supereffective|p1a: Garganacl\n|-damage|p1a: Garganacl|2/291\n|-damage|p2a: Scizor|93/240|[from] item: Life Orb\n|move|p1a: Garganacl|Earthquake|p2a: Scizor\n|-damage|p2a: Scizor|29/240\n|\n|-heal|p1a: Garganacl|20/291|[from] item: Leftovers\n|upkeep\n|turn|7\n|c|\u2606XxN00bM4st3rxX69|brosarino\n|\n|t:|1732989695\n|move|p2a: Scizor|Knock Off|p1a: Garganacl\n|-damage|p1a: Garganacl|0 fnt\n|-enditem|p1a: Garganacl|Leftovers|[from] move: Knock Off|[of] p2a: Scizor\n|faint|p1a: Garganacl\n|-damage|p2a: Scizor|5/240|[from] item: Life Orb\n|\n|upkeep\n|c|\u2606XxN00bM4st3rxX69|99\n|\n|t:|1732989721\n|switch|p1a: Tsareena|Tsareena, L87, F|267/267\n|turn|8\n|\n|t:|1732989728\n|move|p1a: Tsareena|Power Whip|p2a: Scizor\n|-resisted|p2a: Scizor\n|-damage|p2a: Scizor|0 fnt\n|faint|p2a: Scizor\n|-damage|p1a: Tsareena|241/267|[from] item: Life Orb\n|\n|upkeep\n|\n|t:|1732989745\n|switch|p2a: Mewtwo|Mewtwo, L72|238/238\n|turn|9\n|inactive|ignaciod has 120 seconds left.\n|\n|t:|1732989774\n|move|p2a: Mewtwo|U-turn|p1a: Tsareena\n|-supereffective|p1a: Tsareena\n|-damage|p1a: Tsareena|139/267\n|\n|t:|1732989780\n|switch|p2a: Palkia|Palkia, L75|259/259|[from] U-turn\n|-ability|p2a: Palkia|Pressure\n|move|p1a: Tsareena|Knock Off|p2a: Palkia\n|-damage|p2a: Palkia|136/259\n|-enditem|p2a: Palkia|Lustrous Orb|[from] move: Knock Off|[of] p1a: Tsareena\n|-damage|p1a: Tsareena|113/267|[from] item: Life Orb\n|\n|upkeep\n|turn|10\n|\n|t:|1732989791\n|move|p2a: Palkia|Thunder Wave|p1a: Tsareena\n|-status|p1a: Tsareena|par\n|cant|p1a: Tsareena|par\n|\n|upkeep\n|turn|11\n|\n|t:|1732989796\n|move|p2a: Palkia|Fire Blast|p1a: Tsareena\n|-supereffective|p1a: Tsareena\n|-damage|p1a: Tsareena|0 fnt\n|faint|p1a: Tsareena\n|\n|upkeep\n|inactive|ignaciod has 120 seconds left.\n|\n|t:|1732989820\n|switch|p1a: Duraludon|Duraludon, L82, F|249/249\n|turn|12\n|inactive|ignaciod has 120 seconds left.\n|\n|t:|1732989829\n|move|p2a: Palkia|Thunder Wave|p1a: Duraludon\n|-status|p1a: Duraludon|par\n|move|p1a: Duraludon|Flash Cannon|p2a: Palkia\n|-resisted|p2a: Palkia\n|-damage|p2a: Palkia|97/259\n|\n|upkeep\n|turn|13\n|\n|t:|1732989837\n|move|p2a: Palkia|Spacial Rend|p1a: Duraludon|[miss]\n|-miss|p2a: Palkia|p1a: Duraludon\n|cant|p1a: Duraludon|par\n|\n|upkeep\n|turn|14\n|\n|t:|1732989847\n|switch|p2a: Clawitzer|Clawitzer, L87, F|265/265\n|move|p1a: Duraludon|Draco Meteor|p2a: Clawitzer\n|-damage|p2a: Clawitzer|124/265\n|-unboost|p1a: Duraludon|spa|2\n|\n|upkeep\n|turn|15\n|\n|t:|1732989856\n|move|p2a: Clawitzer|Aura Sphere|p1a: Duraludon\n|-supereffective|p1a: Duraludon\n|-damage|p1a: Duraludon|0 fnt\n|faint|p1a: Duraludon\n|\n|upkeep\n|\n|t:|1732989863\n|switch|p1a: Lurantis|Lurantis, L87, M|264/264\n|turn|16\n|\n|t:|1732989869\n|move|p2a: Clawitzer|Aura Sphere|p1a: Lurantis\n|-damage|p1a: Lurantis|169/264\n|move|p1a: Lurantis|Superpower|p2a: Clawitzer\n|-damage|p2a: Clawitzer|32/265\n|-boost|p1a: Lurantis|atk|1\n|-boost|p1a: Lurantis|def|1\n|\n|upkeep\n|turn|17\n|\n|t:|1732989882\n|move|p2a: Clawitzer|Aura Sphere|p1a: Lurantis\n|-damage|p1a: Lurantis|61/264\n|move|p1a: Lurantis|Leech Life|p2a: Clawitzer\n|-damage|p2a: Clawitzer|0 fnt\n|-heal|p1a: Lurantis|77/264|[from] drain|[of] p2a: Clawitzer\n|faint|p2a: Clawitzer\n|\n|upkeep\n|\n|t:|1732989889\n|switch|p2a: Mewtwo|Mewtwo, L72|238/238\n|turn|18\n|\n|t:|1732989895\n|move|p2a: Mewtwo|Sludge Bomb|p1a: Lurantis\n|-supereffective|p1a: Lurantis\n|-damage|p1a: Lurantis|0 fnt\n|faint|p1a: Lurantis\n|\n|upkeep\n|\n|t:|1732989900\n|switch|p1a: Cryogonal|Cryogonal, L89|287/287\n|turn|19\n|\n|t:|1732989910\n|switch|p2a: Umbreon|Umbreon, L84, F|297/297\n|move|p1a: Cryogonal|Ice Beam|p2a: Umbreon\n|-damage|p2a: Umbreon|216/297\n|\n|-heal|p2a: Umbreon|234/297|[from] item: Leftovers\n|upkeep\n|turn|20\n|\n|t:|1732989922\n|move|p1a: Cryogonal|Ice Beam|p2a: Umbreon\n|-damage|p2a: Umbreon|153/297\n|move|p2a: Umbreon|Toxic|p1a: Cryogonal\n|-status|p1a: Cryogonal|tox\n|\n|-heal|p2a: Umbreon|171/297|[from] item: Leftovers\n|-damage|p1a: Cryogonal|270/287 tox|[from] psn\n|upkeep\n|turn|21\n|\n|t:|1732989934\n|move|p1a: Cryogonal|Ice Beam|p2a: Umbreon\n|-damage|p2a: Umbreon|90/297\n|move|p2a: Umbreon|Wish|p2a: Umbreon\n|\n|-heal|p2a: Umbreon|108/297|[from] item: Leftovers\n|-damage|p1a: Cryogonal|236/287 tox|[from] psn\n|upkeep\n|turn|22\n|-message|ignaciod forfeited.\n|\n|win|XxN00bM4st3rxX69\n|raw|ignaciod's rating: 1495 &rarr; <strong>1476</strong><br />(-19 for losing)\n|raw|XxN00bM4st3rxX69's rating: 1518 &rarr; <strong>1537</strong><br />(+19 for winning)\n|l|\u2606ignaciod\n|player|p1|\n", "inputlog": ">version b107d77f5c90bd6555267ae244a6264823309ead\n>start {\"formatid\":\"gen9randombattle\",\"seed\":[17984,55787,9220,39491],\"rated\":\"Rated battle\"}\n>player p1 {\"name\":\"ignaciod\",\"avatar\":\"102\",\"rating\":1495,\"seed\":[60092,22819,43859,3634]}\n>player p2 {\"name\":\"XxN00bM4st3rxX69\",\"avatar\":\"169\",\"rating\":1518,\"seed\":[53063,22260,33465,55208]}\n>p1 move protect\n>p2 move hydropump\n>p1 switch 3\n>p2 move thunderwave\n>p1 move bodyslam\n>p2 switch 5\n>p1 move bodyslam\n>p2 move swordsdance\n>p1 move bodyslam\n>p2 move knockoff\n>p1 switch 3\n>p1 move earthquake\n>p2 move bulletpunch\n>chat \u2606XxN00bM4st3rxX69|brosarino\n>p1 move earthquake\n>p2 move knockoff\n>chat \u2606XxN00bM4st3rxX69|99\n>p1 switch 2\n>p1 move powerwhip\n>p2 move closecombat\n>p2 switch 2\n>p1 move knockoff\n>p2 move uturn\n>p2 switch 5\n>p1 move synthesis\n>p2 move thunderwave\n>p1 move synthesis\n>p2 move fireblast\n>p1 switch 6\n>p1 move flashcannon\n>p2 move thunderwave\n>p1 move bodypress\n>p2 move spacialrend\n>p1 move dracometeor\n>p2 switch 4\n>p1 move irondefense\n>p2 move aurasphere\n>p1 switch 4\n>p1 move superpower\n>p2 move aurasphere\n>p1 move leechlife\n>p2 move aurasphere\n>p2 switch 5\n>p1 move knockoff\n>p2 move sludgebomb\n>p1 switch 5\n>p1 move icebeam\n>p2 switch 3\n>p1 move icebeam\n>p2 move toxic\n>p1 move icebeam\n>p2 move wish\n>forcelose p1", "uploadtime": 1732989964, "views": 1, "formatid": "gen9randombattle", "rating": 1476, "private": 0, "password": null}