{"id": "gen9randombattle-2254154060", "format": "[Gen 9] Random Battle", "players": ["Diazex", "Jkwxddd"], "log": "|j|\u2606Diazex\n|j|\u2606Jkwxddd\n|t:|1732997888\n|gametype|singles\n|player|p1|Diazex|bellelba|1599\n|player|p2|Jkwxddd|265|1576\n|teamsize|p1|6\n|teamsize|p2|6\n|gen|9\n|tier|[Gen 9] Random Battle\n|rated|\n|rule|Species Clause: Limit one of each Pok\u00e9mon\n|rule|HP Percentage Mod: HP is shown in percentages\n|rule|Sleep Clause Mod: Limit one foe put to sleep\n|rule|Illusion Level Mod: Illusion disguises the Pok\u00e9mon's true level\n|\n|t:|1732997888\n|start\n|switch|p1a: Pelipper|Pelipper, L86, F|243/243\n|switch|p2a: Gliscor|Gliscor, L76, M|239/239\n|-weather|RainDance|[from] ability: Drizzle|[of] p1a: Pelipper\n|turn|1\n|inactive|Battle timer is ON: inactive players will automatically lose when time's up. (requested by Jkwxddd)\n|\n|t:|1732997896\n|move|p2a: Gliscor|Protect|p2a: Gliscor\n|-singleturn|p2a: Gliscor|Protect\n|move|p1a: Pelipper|Hydro Pump|p2a: Gliscor\n|-activate|p2a: Gliscor|move: Protect\n|\n|-weather|RainDance|[upkeep]\n|-status|p2a: Gliscor|tox|[from] item: Toxic Orb\n|upkeep\n|turn|2\n|\n|t:|1732997903\n|move|p2a: Gliscor|U-turn|p1a: Pelipper\n|-resisted|p1a: Pelipper\n|-damage|p1a: Pelipper|225/243\n|\n|t:|1732997915\n|switch|p2a: Ariados|Ariados, L95, F|287/287|[from] U-turn\n|move|p1a: Pelipper|Hurricane|p2a: Ariados\n|-supereffective|p2a: Ariados\n|-damage|p2a: Ariados|47/287\n|\n|-weather|RainDance|[upkeep]\n|upkeep\n|turn|3\n|\n|t:|1732997924\n|move|p2a: Ariados|Sucker Punch|p1a: Pelipper\n|-damage|p1a: Pelipper|171/243\n|move|p1a: Pelipper|Hurricane|p2a: Ariados\n|-supereffective|p2a: Ariados\n|-damage|p2a: Ariados|0 fnt\n|faint|p2a: Ariados\n|\n|-weather|RainDance|[upkeep]\n|upkeep\n|\n|t:|1732997931\n|switch|p2a: Pawmot|Pawmot, L80, F|243/243\n|turn|4\n|\n|t:|1732997937\n|-terastallize|p2a: Pawmot|Electric\n|-terastallize|p1a: Pelipper|Ground\n|move|p2a: Pawmot|Double Shock|p1a: Pelipper\n|-immune|p1a: Pelipper\n|move|p1a: Pelipper|Hydro Pump|p2a: Pawmot\n|-damage|p2a: Pawmot|0 fnt\n|faint|p2a: Pawmot\n|\n|-weather|RainDance|[upkeep]\n|upkeep\n|\n|t:|1732997950\n|switch|p2a: Furret|Furret, L94, M|312/312\n|-item|p1a: Pelipper|Heavy-Duty Boots|[from] ability: Frisk|[of] p2a: Furret\n|turn|5\n|\n|t:|1732997955\n|move|p2a: Furret|Double-Edge|p1a: Pelipper\n|-damage|p1a: Pelipper|3/243\n|-damage|p2a: Furret|257/312|[from] Recoil\n|move|p1a: Pelipper|Hydro Pump|p2a: Furret\n|-damage|p2a: Furret|46/312\n|\n|-weather|none\n|upkeep\n|turn|6\n|\n|t:|1732997959\n|switch|p1a: Dusknoir|Dusknoir, L89, M|225/225\n|-item|p2a: Furret|Choice Band|[from] ability: Frisk|[of] p1a: Dusknoir\n|move|p2a: Furret|Double-Edge|p1a: Dusknoir\n|-immune|p1a: Dusknoir\n|\n|upkeep\n|turn|7\n|\n|t:|1732997965\n|switch|p2a: Granbull|Granbull, L88, F|302/302\n|-ability|p2a: Granbull|Intimidate|boost\n|-unboost|p1a: Dusknoir|atk|1\n|move|p1a: Dusknoir|Will-O-Wisp|p2a: Granbull\n|-status|p2a: Granbull|brn\n|\n|-damage|p2a: Granbull|284/302 brn|[from] brn\n|upkeep\n|turn|8\n|\n|t:|1732997972\n|switch|p1a: Camerupt|Camerupt, L91, M|275/275\n|move|p2a: Granbull|Thunder Wave|p1a: Camerupt\n|-immune|p1a: Camerupt\n|\n|-heal|p2a: Granbull|302/302 brn|[from] item: Leftovers\n|-damage|p2a: Granbull|284/302 brn|[from] brn\n|upkeep\n|turn|9\n|\n|t:|1732997978\n|switch|p2a: Gliscor|Gliscor, L76, M|239/239 tox\n|move|p1a: Camerupt|Stealth Rock|p2a: Gliscor\n|-sidestart|p2: Jkwxddd|move: Stealth Rock\n|\n|upkeep\n|turn|10\n|\n|t:|1732997984\n|move|p2a: Gliscor|Knock Off|p1a: Camerupt\n|-damage|p1a: Camerupt|219/275\n|-enditem|p1a: Camerupt|Leftovers|[from] move: Knock Off|[of] p2a: Gliscor\n|move|p1a: Camerupt|Overheat|p2a: Gliscor\n|-damage|p2a: Gliscor|16/239 tox\n|-unboost|p1a: Camerupt|spa|2\n|\n|-heal|p2a: Gliscor|45/239 tox|[from] ability: Poison Heal\n|upkeep\n|turn|11\n|\n|t:|1732997992\n|switch|p1a: Cinccino|Cinccino, L83, M|260/260\n|move|p2a: Gliscor|Protect||[still]\n|-fail|p2a: Gliscor\n|\n|-heal|p2a: Gliscor|74/239 tox|[from] ability: Poison Heal\n|upkeep\n|turn|12\n|inactive|Jkwxddd has 120 seconds left.\n|inactive|Jkwxddd has 90 seconds left.\n|inactive|Jkwxddd has 60 seconds left.\n|-message|Jkwxddd forfeited.\n|\n|win|Diazex\n|raw|Diazex's rating: 1599 &rarr; <strong>1618</strong><br />(+19 for winning)\n|raw|Jkwxddd's rating: 1576 &rarr; <strong>1557</strong><br />(-19 for losing)\n|l|\u2606Jkwxddd\n|player|p2|\n", "inputlog": ">version b107d77f5c90bd6555267ae244a6264823309ead\n>start {\"formatid\":\"gen9randombattle\",\"seed\":[9033,38480,21049,41159],\"rated\":\"Rated battle\"}\n>player p1 {\"name\":\"Diazex\",\"avatar\":\"bellelba\",\"rating\":1599,\"seed\":[4895,20300,45401,15659]}\n>player p2 {\"name\":\"Jkwxddd\",\"avatar\":\"265\",\"rating\":1576,\"seed\":[25617,42425,8989,36595]}\n>p1 move hydropump\n>p2 move protect\n>p1 move hurricane\n>p2 move uturn\n>p2 switch 3\n>p1 move hurricane\n>p2 move suckerpunch\n>p2 switch 4\n>p1 move hydropump terastallize\n>p2 move doubleshock terastallize\n>p2 switch 6\n>p1 move hydropump\n>p2 move doubleedge\n>p1 switch 2\n>p2 move doubleedge\n>p1 move willowisp\n>p2 switch 5\n>p1 switch 4\n>p2 move thunderwave\n>p1 move stealthrock\n>p2 switch 3\n>p1 move overheat\n>p2 move knockoff\n>p1 switch 3\n>p2 move protect\n>forcelose p2", "uploadtime": 1732998105, "views": 9, "formatid": "gen9randombattle", "rating": 1557, "private": 0, "password": null}