{"id": "gen9randombattle-2253842343", "format": "[Gen 9] Random Battle", "players": ["yutbhuy", "neomega120"], "log": "|j|\u2606yutbhuy\n|j|\u2606neomega120\n|t:|1732947142\n|gametype|singles\n|player|p1|yutbhuy|265|1290\n|player|p2|neomega120|brock|1316\n|teamsize|p1|6\n|teamsize|p2|6\n|gen|9\n|tier|[Gen 9] Random Battle\n|rated|\n|rule|Species Clause: Limit one of each Pok\u00e9mon\n|rule|HP Percentage Mod: HP is shown in percentages\n|rule|Sleep Clause Mod: Limit one foe put to sleep\n|rule|Illusion Level Mod: Illusion disguises the Pok\u00e9mon's true level\n|\n|t:|1732947142\n|start\n|switch|p1a: Gogoat|Gogoat, L88, M|360/360\n|switch|p2a: Ribombee|Ribombee, L82, M|233/233\n|turn|1\n|inactive|Battle timer is ON: inactive players will automatically lose when time's up. (requested by neomega120)\n|\n|t:|1732947158\n|switch|p1a: Revavroom|Revavroom, L79, M|256/256\n|move|p2a: Ribombee|Quiver Dance|p2a: Ribombee\n|-boost|p2a: Ribombee|spa|1\n|-boost|p2a: Ribombee|spd|1\n|-boost|p2a: Ribombee|spe|1\n|\n|upkeep\n|turn|2\n|\n|t:|1732947165\n|move|p2a: Ribombee|Moonblast|p1a: Revavroom\n|-resisted|p1a: Revavroom\n|-damage|p1a: Revavroom|208/256\n|move|p1a: Revavroom|Shift Gear|p1a: Revavroom\n|-boost|p1a: Revavroom|spe|2\n|-boost|p1a: Revavroom|atk|1\n|\n|upkeep\n|turn|3\n|\n|t:|1732947177\n|-terastallize|p2a: Ribombee|Ground\n|move|p1a: Revavroom|Gunk Shot|p2a: Ribombee\n|-resisted|p2a: Ribombee\n|-damage|p2a: Ribombee|71/233\n|-damage|p1a: Revavroom|183/256|[from] item: Life Orb\n|move|p2a: Ribombee|Quiver Dance|p2a: Ribombee\n|-boost|p2a: Ribombee|spa|1\n|-boost|p2a: Ribombee|spd|1\n|-boost|p2a: Ribombee|spe|1\n|\n|upkeep\n|turn|4\n|\n|t:|1732947190\n|move|p2a: Ribombee|Tera Blast|p1a: Revavroom|[anim] Tera Blast Ground\n|-supereffective|p1a: Revavroom\n|-damage|p1a: Revavroom|0 fnt\n|faint|p1a: Revavroom\n|\n|upkeep\n|\n|t:|1732947197\n|switch|p1a: Donphan|Donphan, L84, F|288/288\n|turn|5\n|\n|t:|1732947202\n|move|p1a: Donphan|Ice Shard|p2a: Ribombee\n|-supereffective|p2a: Ribombee\n|-crit|p2a: Ribombee\n|-damage|p2a: Ribombee|0 fnt\n|faint|p2a: Ribombee\n|\n|upkeep\n|\n|t:|1732947212\n|switch|p2a: Delibird|Delibird, F|252/252\n|turn|6\n|\n|t:|1732947238\n|switch|p1a: Primarina|Primarina, L83, M|268/268\n|move|p2a: Delibird|Ice Spinner|p1a: Primarina\n|-resisted|p1a: Primarina\n|-damage|p1a: Primarina|202/268\n|\n|-heal|p1a: Primarina|218/268|[from] item: Leftovers\n|upkeep\n|turn|7\n|\n|t:|1732947246\n|move|p2a: Delibird|Brave Bird|p1a: Primarina\n|-damage|p1a: Primarina|22/268\n|-damage|p2a: Delibird|187/252|[from] Recoil\n|move|p1a: Primarina|Psychic Noise|p2a: Delibird\n|-damage|p2a: Delibird|54/252\n|-start|p2a: Delibird|move: Heal Block\n|\n|-heal|p1a: Primarina|38/268|[from] item: Leftovers\n|upkeep\n|turn|8\n|\n|t:|1732947259\n|move|p2a: Delibird|Ice Spinner|p1a: Primarina\n|-resisted|p1a: Primarina\n|-damage|p1a: Primarina|0 fnt\n|faint|p1a: Primarina\n|\n|-end|p2a: Delibird|move: Heal Block\n|upkeep\n|\n|t:|1732947264\n|switch|p1a: Donphan|Donphan, L84, F|288/288\n|turn|9\n|\n|t:|1732947277\n|move|p2a: Delibird|Ice Spinner|p1a: Donphan\n|-supereffective|p1a: Donphan\n|-damage|p1a: Donphan|112/288\n|move|p1a: Donphan|Rapid Spin|p2a: Delibird\n|-damage|p2a: Delibird|1/252\n|-boost|p1a: Donphan|spe|1\n|\n|-heal|p1a: Donphan|130/288|[from] item: Leftovers\n|upkeep\n|turn|10\n|\n|t:|1732947283\n|move|p2a: Delibird|Ice Shard|p1a: Donphan\n|-supereffective|p1a: Donphan\n|-damage|p1a: Donphan|38/288\n|move|p1a: Donphan|Ice Shard|p2a: Delibird\n|-damage|p2a: Delibird|0 fnt\n|faint|p2a: Delibird\n|\n|-heal|p1a: Donphan|56/288|[from] item: Leftovers\n|upkeep\n|\n|t:|1732947292\n|switch|p2a: Uxie|Uxie, L83|260/260\n|turn|11\n|\n|t:|1732947299\n|move|p1a: Donphan|Ice Shard|p2a: Uxie\n|-damage|p2a: Uxie|232/260\n|move|p2a: Uxie|Psychic Noise|p1a: Donphan\n|-damage|p1a: Donphan|0 fnt\n|faint|p1a: Donphan\n|\n|-heal|p2a: Uxie|248/260|[from] item: Leftovers\n|upkeep\n|\n|t:|1732947312\n|switch|p1a: Zangoose|Zangoose, L85, F|263/263\n|turn|12\n|\n|t:|1732947322\n|move|p2a: Uxie|Knock Off|p1a: Zangoose\n|-damage|p1a: Zangoose|195/263\n|-enditem|p1a: Zangoose|Toxic Orb|[from] move: Knock Off|[of] p2a: Uxie\n|move|p1a: Zangoose|Knock Off|p2a: Uxie\n|-supereffective|p2a: Uxie\n|-damage|p2a: Uxie|120/260\n|-enditem|p2a: Uxie|Leftovers|[from] move: Knock Off|[of] p1a: Zangoose\n|\n|upkeep\n|turn|13\n|\n|t:|1732947337\n|move|p2a: Uxie|Stealth Rock|p1a: Zangoose\n|-sidestart|p1: yutbhuy|move: Stealth Rock\n|move|p1a: Zangoose|Knock Off|p2a: Uxie\n|-supereffective|p2a: Uxie\n|-damage|p2a: Uxie|38/260\n|\n|upkeep\n|turn|14\n|\n|t:|1732947344\n|move|p1a: Zangoose|Quick Attack|p2a: Uxie\n|-damage|p2a: Uxie|0 fnt\n|faint|p2a: Uxie\n|\n|upkeep\n|\n|t:|1732947352\n|switch|p2a: Araquanid|Araquanid, L82, M|246/246\n|turn|15\n|\n|t:|1732947371\n|switch|p1a: Farigiraf|Farigiraf, L91, F|366/366\n|-damage|p1a: Farigiraf|321/366|[from] Stealth Rock\n|move|p2a: Araquanid|Sticky Web|p1a: Farigiraf\n|-sidestart|p1: yutbhuy|move: Sticky Web\n|\n|-heal|p1a: Farigiraf|343/366|[from] item: Leftovers\n|upkeep\n|turn|16\n|\n|t:|1732947384\n|move|p1a: Farigiraf|Body Slam|p2a: Araquanid\n|-damage|p2a: Araquanid|146/246\n|-status|p2a: Araquanid|par\n|move|p2a: Araquanid|Leech Life|p1a: Farigiraf\n|-supereffective|p1a: Farigiraf\n|-damage|p1a: Farigiraf|209/366\n|-heal|p2a: Araquanid|213/246 par|[from] drain|[of] p1a: Farigiraf\n|\n|-heal|p1a: Farigiraf|231/366|[from] item: Leftovers\n|upkeep\n|turn|17\n|\n|t:|1732947395\n|move|p1a: Farigiraf|Psychic Noise|p2a: Araquanid\n|-damage|p2a: Araquanid|140/246 par\n|-start|p2a: Araquanid|move: Heal Block\n|cant|p2a: Araquanid|move: Heal Block|Leech Life\n|\n|-heal|p1a: Farigiraf|253/366|[from] item: Leftovers\n|upkeep\n|turn|18\n|\n|t:|1732947406\n|move|p1a: Farigiraf|Wish|p1a: Farigiraf\n|move|p2a: Araquanid|Liquidation|p1a: Farigiraf\n|-damage|p1a: Farigiraf|97/366\n|\n|-heal|p1a: Farigiraf|119/366|[from] item: Leftovers\n|-end|p2a: Araquanid|move: Heal Block\n|upkeep\n|turn|19\n|\n|t:|1732947414\n|move|p1a: Farigiraf|Protect|p1a: Farigiraf\n|-singleturn|p1a: Farigiraf|Protect\n|move|p2a: Araquanid|Mirror Coat||[still]\n|-fail|p2a: Araquanid\n|\n|-heal|p1a: Farigiraf|302/366|[from] move: Wish|[wisher] Farigiraf\n|-heal|p1a: Farigiraf|324/366|[from] item: Leftovers\n|upkeep\n|turn|20\n|\n|t:|1732947424\n|move|p1a: Farigiraf|Psychic Noise|p2a: Araquanid\n|-damage|p2a: Araquanid|67/246 par\n|-start|p2a: Araquanid|move: Heal Block\n|move|p2a: Araquanid|Mirror Coat|p1a: Farigiraf\n|-damage|p1a: Farigiraf|178/366\n|\n|-heal|p1a: Farigiraf|200/366|[from] item: Leftovers\n|upkeep\n|turn|21\n|\n|t:|1732947431\n|move|p1a: Farigiraf|Body Slam|p2a: Araquanid\n|-damage|p2a: Araquanid|0 fnt\n|faint|p2a: Araquanid\n|\n|-heal|p1a: Farigiraf|222/366|[from] item: Leftovers\n|upkeep\n|\n|t:|1732947433\n|switch|p2a: Misdreavus|Misdreavus, L90, M|254/254\n|turn|22\n|\n|t:|1732947443\n|move|p1a: Farigiraf|Protect|p1a: Farigiraf\n|-singleturn|p1a: Farigiraf|Protect\n|move|p2a: Misdreavus|Calm Mind|p2a: Misdreavus\n|-boost|p2a: Misdreavus|spa|1\n|-boost|p2a: Misdreavus|spd|1\n|\n|-heal|p1a: Farigiraf|244/366|[from] item: Leftovers\n|upkeep\n|turn|23\n|\n|t:|1732947447\n|move|p2a: Misdreavus|Draining Kiss|p1a: Farigiraf\n|-damage|p1a: Farigiraf|180/366\n|move|p1a: Farigiraf|Psychic Noise|p2a: Misdreavus\n|-damage|p2a: Misdreavus|208/254\n|-start|p2a: Misdreavus|move: Heal Block\n|\n|-heal|p1a: Farigiraf|202/366|[from] item: Leftovers\n|upkeep\n|turn|24\n|\n|t:|1732947460\n|switch|p1a: Zangoose|Zangoose, L85, F|195/263\n|-damage|p1a: Zangoose|163/263|[from] Stealth Rock\n|-activate|p1a: Zangoose|move: Sticky Web\n|-unboost|p1a: Zangoose|spe|1\n|move|p2a: Misdreavus|Calm Mind|p2a: Misdreavus\n|-boost|p2a: Misdreavus|spa|1\n|-boost|p2a: Misdreavus|spd|1\n|\n|-end|p2a: Misdreavus|move: Heal Block\n|upkeep\n|turn|25\n|\n|t:|1732947465\n|move|p2a: Misdreavus|Will-O-Wisp|p1a: Zangoose\n|-status|p1a: Zangoose|brn\n|move|p1a: Zangoose|Knock Off|p2a: Misdreavus\n|-supereffective|p2a: Misdreavus\n|-damage|p2a: Misdreavus|142/254\n|-enditem|p2a: Misdreavus|Eviolite|[from] move: Knock Off|[of] p1a: Zangoose\n|\n|-damage|p1a: Zangoose|147/263 brn|[from] brn\n|upkeep\n|turn|26\n|\n|t:|1732947476\n|switch|p1a: Farigiraf|Farigiraf, L91, F|202/366\n|-damage|p1a: Farigiraf|157/366|[from] Stealth Rock\n|-activate|p1a: Farigiraf|move: Sticky Web\n|-unboost|p1a: Farigiraf|spe|1\n|move|p2a: Misdreavus|Draining Kiss|p1a: Farigiraf\n|-damage|p1a: Farigiraf|76/366\n|-heal|p2a: Misdreavus|203/254|[from] drain|[of] p1a: Farigiraf\n|\n|-heal|p1a: Farigiraf|98/366|[from] item: Leftovers\n|upkeep\n|turn|27\n|\n|t:|1732947490\n|move|p1a: Farigiraf|Protect|p1a: Farigiraf\n|-singleturn|p1a: Farigiraf|Protect\n|move|p2a: Misdreavus|Draining Kiss|p1a: Farigiraf\n|-activate|p1a: Farigiraf|move: Protect\n|\n|-heal|p1a: Farigiraf|120/366|[from] item: Leftovers\n|upkeep\n|turn|28\n|\n|t:|1732947496\n|-terastallize|p1a: Farigiraf|Fairy\n|move|p2a: Misdreavus|Draining Kiss|p1a: Farigiraf\n|-damage|p1a: Farigiraf|36/366\n|-heal|p2a: Misdreavus|254/254|[from] drain|[of] p1a: Farigiraf\n|move|p1a: Farigiraf|Psychic Noise|p2a: Misdreavus\n|-damage|p2a: Misdreavus|202/254\n|-start|p2a: Misdreavus|move: Heal Block\n|\n|-heal|p1a: Farigiraf|58/366|[from] item: Leftovers\n|upkeep\n|turn|29\n|\n|t:|1732947510\n|move|p1a: Farigiraf|Protect|p1a: Farigiraf\n|-singleturn|p1a: Farigiraf|Protect\n|move|p2a: Misdreavus|Calm Mind|p2a: Misdreavus\n|-boost|p2a: Misdreavus|spa|1\n|-boost|p2a: Misdreavus|spd|1\n|\n|-heal|p1a: Farigiraf|80/366|[from] item: Leftovers\n|-end|p2a: Misdreavus|move: Heal Block\n|upkeep\n|turn|30\n|\n|t:|1732947515\n|move|p2a: Misdreavus|Draining Kiss|p1a: Farigiraf\n|-damage|p1a: Farigiraf|0 fnt\n|-heal|p2a: Misdreavus|254/254|[from] drain|[of] p1a: Farigiraf\n|faint|p1a: Farigiraf\n|\n|upkeep\n|\n|t:|1732947524\n|switch|p1a: Zangoose|Zangoose, L85, F|147/263 brn\n|-damage|p1a: Zangoose|115/263 brn|[from] Stealth Rock\n|-activate|p1a: Zangoose|move: Sticky Web\n|-unboost|p1a: Zangoose|spe|1\n|turn|31\n|\n|t:|1732947528\n|move|p2a: Misdreavus|Draining Kiss|p1a: Zangoose\n|-damage|p1a: Zangoose|0 fnt\n|faint|p1a: Zangoose\n|\n|upkeep\n|-message|yutbhuy forfeited.\n|\n|win|neomega120\n|raw|yutbhuy's rating: 1290 &rarr; <strong>1267</strong><br />(-23 for losing)\n|raw|neomega120's rating: 1316 &rarr; <strong>1335</strong><br />(+19 for winning)\n|l|\u2606yutbhuy\n|player|p1|\n", "inputlog": ">version b107d77f5c90bd6555267ae244a6264823309ead\n>start {\"formatid\":\"gen9randombattle\",\"seed\":[44265,30805,54424,10123],\"rated\":\"Rated battle\"}\n>player p1 {\"name\":\"yutbhuy\",\"avatar\":\"265\",\"rating\":1290,\"seed\":[37938,57596,21536,33347]}\n>player p2 {\"name\":\"neomega120\",\"avatar\":\"brock\",\"rating\":1316,\"seed\":[55039,1815,50810,33751]}\n>p1 switch 5\n>p2 move quiverdance\n>p1 move shiftgear\n>p2 move moonblast\n>p1 move gunkshot\n>p2 move quiverdance terastallize\n>p1 move highhorsepower\n>p2 move terablast\n>p1 switch 2\n>p1 move iceshard\n>p2 move moonblast\n>p2 switch 4\n>p1 switch 4\n>p2 move icespinner\n>p1 move psychicnoise\n>p2 move bravebird\n>p1 move psychicnoise\n>p2 move icespinner\n>p1 switch 4\n>p1 move rapidspin\n>p2 move icespinner\n>p1 move iceshard\n>p2 move iceshard\n>p2 switch 2\n>p1 move iceshard\n>p2 move psychicnoise\n>p1 switch 3\n>p1 move knockoff\n>p2 move knockoff\n>p1 move knockoff\n>p2 move stealthrock\n>p1 move quickattack\n>p2 move uturn\n>p2 switch 5\n>p1 switch 6\n>p2 move stickyweb\n>p1 move bodyslam\n>p2 move leechlife\n>p1 move psychicnoise\n>p2 move leechlife\n>p1 move wish\n>p2 move liquidation\n>p1 move protect\n>p2 move mirrorcoat\n>p1 move psychicnoise\n>p2 move mirrorcoat\n>p1 move bodyslam\n>p2 move stickyweb\n>p2 switch 6\n>p1 move protect\n>p2 move calmmind\n>p1 move psychicnoise\n>p2 move drainingkiss\n>p1 switch 6\n>p2 move calmmind\n>p1 move knockoff\n>p2 move willowisp\n>p1 switch 6\n>p2 move drainingkiss\n>p1 move protect\n>p2 move drainingkiss\n>p1 move psychicnoise terastallize\n>p2 move drainingkiss\n>p1 move protect\n>p2 move calmmind\n>p1 move wish\n>p2 move drainingkiss\n>p1 switch 6\n>p1 move knockoff\n>p2 move drainingkiss\n>forcelose p1", "uploadtime": 1732947533, "views": 13, "formatid": "gen9randombattle", "rating": 1267, "private": 0, "password": null}