{"id": "gen9randombattle-2254093566", "format": "[Gen 9] Random Battle", "players": ["bigfisherman", "theAR"], "log": "|j|\u2606bigfisherman\n|j|\u2606theAR\n|t:|1732990458\n|gametype|singles\n|player|p1|bigfisherman|fisherman-gen4|1169\n|player|p2|theAR|169|1140\n|teamsize|p1|6\n|teamsize|p2|6\n|gen|9\n|tier|[Gen 9] Random Battle\n|rated|\n|rule|Species Clause: Limit one of each Pok\u00e9mon\n|rule|HP Percentage Mod: HP is shown in percentages\n|rule|Sleep Clause Mod: Limit one foe put to sleep\n|rule|Illusion Level Mod: Illusion disguises the Pok\u00e9mon's true level\n|\n|t:|1732990458\n|start\n|switch|p1a: Great Tusk|Great Tusk, L77|304/304\n|switch|p2a: Tsareena|Tsareena, L87, F|267/267\n|turn|1\n|inactive|Battle timer is ON: inactive players will automatically lose when time's up. (requested by bigfisherman)\n|\n|t:|1732990476\n|-end|p1a: Great Tusk|Protosynthesis|[silent]\n|switch|p1a: Vivillon|Vivillon-Tundra, L84, M|272/272\n|move|p2a: Tsareena|Triple Axel|p1a: Vivillon\n|-supereffective|p1a: Vivillon\n|-damage|p1a: Vivillon|218/272\n|-supereffective|p1a: Vivillon\n|-damage|p1a: Vivillon|106/272\n|-hitcount|p1a: Vivillon|2\n|\n|upkeep\n|turn|2\n|\n|t:|1732990486\n|move|p2a: Tsareena|Triple Axel|p1a: Vivillon\n|-supereffective|p1a: Vivillon\n|-damage|p1a: Vivillon|56/272\n|-supereffective|p1a: Vivillon\n|-damage|p1a: Vivillon|0 fnt\n|faint|p1a: Vivillon\n|-hitcount|p1: Vivillon|2\n|\n|upkeep\n|\n|t:|1732990501\n|switch|p1a: Entei|Entei, L78|307/307\n|turn|3\n|\n|t:|1732990509\n|switch|p2a: Kyogre|Kyogre, L71|259/259\n|-weather|RainDance|[from] ability: Drizzle|[of] p2a: Kyogre\n|move|p1a: Entei|Stomping Tantrum|p2a: Kyogre\n|-damage|p2a: Kyogre|170/259\n|\n|-weather|RainDance|[upkeep]\n|-heal|p2a: Kyogre|186/259|[from] item: Leftovers\n|upkeep\n|turn|4\n|\n|t:|1732990521\n|switch|p1a: Alomomola|Alomomola, L87, M|429/429\n|move|p2a: Kyogre|Origin Pulse|p1a: Alomomola|[miss]\n|-miss|p2a: Kyogre|p1a: Alomomola\n|\n|-weather|RainDance|[upkeep]\n|-heal|p2a: Kyogre|202/259|[from] item: Leftovers\n|upkeep\n|turn|5\n|\n|t:|1732990530\n|move|p2a: Kyogre|Thunder|p1a: Alomomola\n|-supereffective|p1a: Alomomola\n|-damage|p1a: Alomomola|171/429\n|move|p1a: Alomomola|Flip Turn|p2a: Kyogre\n|-resisted|p2a: Kyogre\n|-damage|p2a: Kyogre|154/259\n|inactive|bigfisherman has 120 seconds left.\n|\n|t:|1732990572\n|switch|p1a: Great Tusk|Great Tusk, L77|304/304|[from] Flip Turn\n|\n|-weather|RainDance|[upkeep]\n|-heal|p2a: Kyogre|170/259|[from] item: Leftovers\n|upkeep\n|turn|6\n|\n|t:|1732990580\n|-terastallize|p1a: Great Tusk|Steel\n|move|p1a: Great Tusk|Bulk Up|p1a: Great Tusk\n|-boost|p1a: Great Tusk|atk|1\n|-boost|p1a: Great Tusk|def|1\n|move|p2a: Kyogre|Origin Pulse|p1a: Great Tusk|[miss]\n|-miss|p2a: Kyogre|p1a: Great Tusk\n|\n|-weather|RainDance|[upkeep]\n|-heal|p2a: Kyogre|186/259|[from] item: Leftovers\n|upkeep\n|turn|7\n|inactive|bigfisherman has 120 seconds left.\n|\n|t:|1732990591\n|move|p1a: Great Tusk|Bulk Up|p1a: Great Tusk\n|-boost|p1a: Great Tusk|atk|1\n|-boost|p1a: Great Tusk|def|1\n|move|p2a: Kyogre|Origin Pulse|p1a: Great Tusk\n|-damage|p1a: Great Tusk|9/304\n|\n|-weather|none\n|-heal|p1a: Great Tusk|28/304|[from] item: Leftovers\n|-heal|p2a: Kyogre|202/259|[from] item: Leftovers\n|upkeep\n|turn|8\n|inactive|bigfisherman has 120 seconds left.\n|\n|t:|1732990611\n|switch|p2a: Mismagius|Mismagius, L86, F|243/243\n|move|p1a: Great Tusk|Earthquake|p2a: Mismagius\n|-immune|p2a: Mismagius|[from] ability: Levitate\n|\n|-heal|p1a: Great Tusk|47/304|[from] item: Leftovers\n|upkeep\n|turn|9\n|inactive|bigfisherman has 120 seconds left.\n|\n|t:|1732990621\n|move|p2a: Mismagius|Shadow Ball|p1a: Great Tusk\n|-damage|p1a: Great Tusk|0 fnt\n|faint|p1a: Great Tusk\n|-end|p1a: Great Tusk|Protosynthesis|[silent]\n|\n|upkeep\n|-message|bigfisherman forfeited.\n|\n|win|theAR\n|raw|bigfisherman's rating: 1169 &rarr; <strong>1142</strong><br />(-27 for losing)\n|raw|theAR's rating: 1140 &rarr; <strong>1167</strong><br />(+27 for winning)\n|l|\u2606bigfisherman\n|player|p1|\n", "inputlog": ">version b107d77f5c90bd6555267ae244a6264823309ead\n>start {\"formatid\":\"gen9randombattle\",\"seed\":[45197,44903,53387,41888],\"rated\":\"Rated battle\"}\n>player p1 {\"name\":\"bigfisherman\",\"avatar\":\"fisherman-gen4\",\"rating\":1169,\"seed\":[44915,49932,29423,20011]}\n>player p2 {\"name\":\"theAR\",\"avatar\":\"169\",\"rating\":1140,\"seed\":[3625,44555,5963,6600]}\n>p1 switch 3\n>p2 move tripleaxel\n>p1 move sleeppowder\n>p2 move tripleaxel\n>p1 switch 5\n>p1 move stompingtantrum\n>p2 switch 6\n>p1 switch 6\n>p2 move originpulse\n>p1 move flipturn\n>p2 move thunder\n>p1 switch 3\n>p1 move bulkup terastallize\n>p2 move originpulse\n>p1 move bulkup\n>p2 move originpulse\n>p1 move earthquake\n>p2 switch 4\n>p1 move stoneedge\n>p2 move shadowball\n>forcelose p1", "uploadtime": 1732990628, "views": 2, "formatid": "gen9randombattle", "rating": 1142, "private": 0, "password": null}