{"id": "gen9randombattle-2253836315", "format": "[Gen 9] Random Battle", "players": ["Jagareth", "UmmHaha"], "log": "|j|\u2606Jagareth\n|j|\u2606UmmHaha\n|t:|1732946031\n|gametype|singles\n|player|p1|Jagareth|red-masters3|1893\n|player|p2|UmmHaha|169|1935\n|teamsize|p1|6\n|teamsize|p2|6\n|gen|9\n|tier|[Gen 9] Random Battle\n|rated|\n|rule|Species Clause: Limit one of each Pok\u00e9mon\n|rule|HP Percentage Mod: HP is shown in percentages\n|rule|Sleep Clause Mod: Limit one foe put to sleep\n|rule|Illusion Level Mod: Illusion disguises the Pok\u00e9mon's true level\n|\n|t:|1732946031\n|start\n|switch|p1a: Meganium|Meganium, L90, F|290/290\n|switch|p2a: Primarina|Primarina, L83, M|268/268\n|turn|1\n|\n|t:|1732946042\n|switch|p2a: Forretress|Forretress, L84, M|263/263\n|move|p1a: Meganium|Knock Off|p2a: Forretress\n|-damage|p2a: Forretress|212/263\n|-enditem|p2a: Forretress|Leftovers|[from] move: Knock Off|[of] p1a: Meganium\n|\n|upkeep\n|turn|2\n|\n|t:|1732946055\n|switch|p1a: Mewtwo|Mewtwo, L72|272/272\n|-ability|p1a: Mewtwo|Unnerve\n|move|p2a: Forretress|Stealth Rock|p1a: Mewtwo\n|-sidestart|p1: Jagareth|move: Stealth Rock\n|\n|upkeep\n|turn|3\n|\n|t:|1732946060\n|move|p1a: Mewtwo|Fire Blast|p2a: Forretress\n|-supereffective|p2a: Forretress\n|-damage|p2a: Forretress|0 fnt\n|faint|p2a: Forretress\n|-damage|p1a: Mewtwo|245/272|[from] item: Life Orb\n|\n|upkeep\n|\n|t:|1732946069\n|switch|p2a: Grafaiai|Grafaiai, L86, F|249/249\n|turn|4\n|\n|t:|1732946079\n|move|p2a: Grafaiai|Knock Off|p1a: Mewtwo\n|-supereffective|p1a: Mewtwo\n|-damage|p1a: Mewtwo|81/272\n|-enditem|p1a: Mewtwo|Life Orb|[from] move: Knock Off|[of] p2a: Grafaiai\n|move|p1a: Mewtwo|Psystrike|p2a: Grafaiai\n|-supereffective|p2a: Grafaiai\n|-damage|p2a: Grafaiai|0 fnt\n|faint|p2a: Grafaiai\n|\n|upkeep\n|\n|t:|1732946089\n|switch|p2a: Primarina|Primarina, L83, M|268/268\n|turn|5\n|\n|t:|1732946094\n|move|p1a: Mewtwo|Psystrike|p2a: Primarina\n|-damage|p2a: Primarina|135/268\n|move|p2a: Primarina|Flip Turn|p1a: Mewtwo\n|-damage|p1a: Mewtwo|20/272\n|\n|t:|1732946098\n|switch|p2a: Noctowl|Noctowl, L95, M|344/344|[from] Flip Turn\n|\n|upkeep\n|turn|6\n|\n|t:|1732946103\n|move|p1a: Mewtwo|Psystrike|p2a: Noctowl\n|-damage|p2a: Noctowl|185/344\n|move|p2a: Noctowl|Hyper Voice|p1a: Mewtwo\n|-damage|p1a: Mewtwo|0 fnt\n|faint|p1a: Mewtwo\n|\n|upkeep\n|\n|t:|1732946113\n|switch|p1a: Sableye|Sableye, L90, M|236/236\n|-damage|p1a: Sableye|207/236|[from] Stealth Rock\n|turn|7\n|\n|t:|1732946118\n|move|p1a: Sableye|Encore|p2a: Noctowl\n|-start|p2a: Noctowl|Encore\n|move|p2a: Noctowl|Hyper Voice|p1a: Sableye\n|-immune|p1a: Sableye\n|\n|-heal|p1a: Sableye|221/236|[from] item: Leftovers\n|upkeep\n|turn|8\n|\n|t:|1732946120\n|switch|p2a: Primarina|Primarina, L83, M|135/268\n|move|p1a: Sableye|Thunder Wave|p2a: Primarina\n|-status|p2a: Primarina|par\n|\n|-heal|p1a: Sableye|235/236|[from] item: Leftovers\n|upkeep\n|turn|9\n|\n|t:|1732946124\n|switch|p1a: Meganium|Meganium, L90, F|290/290\n|-damage|p1a: Meganium|254/290|[from] Stealth Rock\n|cant|p2a: Primarina|par\n|\n|-heal|p1a: Meganium|272/290|[from] item: Leftovers\n|upkeep\n|turn|10\n|\n|t:|1732946127\n|move|p2a: Primarina|Moonblast|p1a: Meganium\n|-damage|p1a: Meganium|122/290\n|move|p1a: Meganium|Dragon Tail|p2a: Primarina\n|-immune|p2a: Primarina\n|\n|-heal|p1a: Meganium|140/290|[from] item: Leftovers\n|upkeep\n|turn|11\n|\n|t:|1732946133\n|move|p1a: Meganium|Synthesis|p1a: Meganium\n|-heal|p1a: Meganium|285/290\n|move|p2a: Primarina|Moonblast|p1a: Meganium\n|-damage|p1a: Meganium|122/290\n|-unboost|p1a: Meganium|spa|1\n|\n|-heal|p1a: Meganium|140/290|[from] item: Leftovers\n|upkeep\n|turn|12\n|\n|t:|1732946135\n|move|p1a: Meganium|Energy Ball|p2a: Primarina\n|-supereffective|p2a: Primarina\n|-damage|p2a: Primarina|27/268 par\n|-unboost|p2a: Primarina|spd|1\n|move|p2a: Primarina|Moonblast|p1a: Meganium\n|-damage|p1a: Meganium|0 fnt\n|faint|p1a: Meganium\n|\n|upkeep\n|\n|t:|1732946139\n|switch|p1a: Torterra|Torterra, L78, M|276/276\n|-damage|p1a: Torterra|259/276|[from] Stealth Rock\n|turn|13\n|\n|t:|1732946141\n|move|p1a: Torterra|Shell Smash|p1a: Torterra\n|-unboost|p1a: Torterra|def|1\n|-unboost|p1a: Torterra|spd|1\n|-boost|p1a: Torterra|atk|2\n|-boost|p1a: Torterra|spa|2\n|-boost|p1a: Torterra|spe|2\n|move|p2a: Primarina|Moonblast|p1a: Torterra\n|-damage|p1a: Torterra|0 fnt\n|faint|p1a: Torterra\n|\n|upkeep\n|\n|t:|1732946148\n|switch|p1a: Mimikyu|Mimikyu, L79, F|216/216\n|-damage|p1a: Mimikyu|189/216|[from] Stealth Rock\n|turn|14\n|inactive|Battle timer is ON: inactive players will automatically lose when time's up. (requested by UmmHaha)\n|\n|t:|1732946151\n|move|p1a: Mimikyu|Swords Dance|p1a: Mimikyu\n|-boost|p1a: Mimikyu|atk|2\n|move|p2a: Primarina|Moonblast|p1a: Mimikyu\n|-activate|p1a: Mimikyu|ability: Disguise\n|-damage|p1a: Mimikyu|189/216\n|detailschange|p1a: Mimikyu|Mimikyu-Busted, L79, F\n|-damage|p1a: Mimikyu|162/216|[from] pokemon: Mimikyu-Busted\n|\n|upkeep\n|turn|15\n|\n|t:|1732946153\n|move|p1a: Mimikyu|Shadow Sneak|p2a: Primarina\n|-damage|p2a: Primarina|0 fnt\n|faint|p2a: Primarina\n|-damage|p1a: Mimikyu|141/216|[from] item: Life Orb\n|\n|upkeep\n|\n|t:|1732946156\n|switch|p2a: Clodsire|Clodsire, L81, M|343/343\n|turn|16\n|\n|t:|1732946159\n|move|p1a: Mimikyu|Shadow Claw|p2a: Clodsire\n|-damage|p2a: Clodsire|230/343\n|-damage|p1a: Mimikyu|120/216|[from] item: Life Orb\n|move|p2a: Clodsire|Gunk Shot|p1a: Mimikyu\n|-damage|p1a: Mimikyu|9/216\n|-status|p1a: Mimikyu|psn\n|\n|-heal|p2a: Clodsire|251/343|[from] item: Leftovers\n|-damage|p1a: Mimikyu|0 fnt|[from] psn\n|faint|p1a: Mimikyu\n|upkeep\n|\n|t:|1732946166\n|switch|p1a: Sableye|Sableye, L90, M|235/236\n|-damage|p1a: Sableye|206/236|[from] Stealth Rock\n|turn|17\n|\n|t:|1732946168\n|move|p1a: Sableye|Encore|p2a: Clodsire\n|-start|p2a: Clodsire|Encore\n|move|p2a: Clodsire|Gunk Shot|p1a: Sableye\n|-resisted|p1a: Sableye\n|-damage|p1a: Sableye|152/236\n|\n|-heal|p1a: Sableye|166/236|[from] item: Leftovers\n|-heal|p2a: Clodsire|272/343|[from] item: Leftovers\n|upkeep\n|turn|18\n|\n|t:|1732946171\n|move|p1a: Sableye|Knock Off|p2a: Clodsire\n|-damage|p2a: Clodsire|134/343\n|-enditem|p2a: Clodsire|Leftovers|[from] move: Knock Off|[of] p1a: Sableye\n|move|p2a: Clodsire|Gunk Shot|p1a: Sableye\n|-resisted|p1a: Sableye\n|-damage|p1a: Sableye|110/236\n|-status|p1a: Sableye|psn\n|\n|-heal|p1a: Sableye|124/236 psn|[from] item: Leftovers\n|-damage|p1a: Sableye|95/236 psn|[from] psn\n|upkeep\n|turn|19\n|\n|t:|1732946176\n|switch|p2a: Noctowl|Noctowl, L95, M|185/344\n|move|p1a: Sableye|Recover|p1a: Sableye\n|-heal|p1a: Sableye|213/236 psn\n|\n|-heal|p1a: Sableye|227/236 psn|[from] item: Leftovers\n|-damage|p1a: Sableye|198/236 psn|[from] psn\n|upkeep\n|turn|20\n|\n|t:|1732946178\n|move|p1a: Sableye|Thunder Wave|p2a: Noctowl\n|-status|p2a: Noctowl|par\n|cant|p2a: Noctowl|par\n|\n|-heal|p1a: Sableye|212/236 psn|[from] item: Leftovers\n|-damage|p1a: Sableye|183/236 psn|[from] psn\n|upkeep\n|turn|21\n|\n|t:|1732946187\n|-terastallize|p1a: Sableye|Steel\n|move|p1a: Sableye|Knock Off|p2a: Noctowl\n|-damage|p2a: Noctowl|47/344 par\n|-enditem|p2a: Noctowl|Heavy-Duty Boots|[from] move: Knock Off|[of] p1a: Sableye\n|move|p2a: Noctowl|Hurricane|p1a: Sableye\n|-resisted|p1a: Sableye\n|-damage|p1a: Sableye|19/236 psn\n|\n|-heal|p1a: Sableye|33/236 psn|[from] item: Leftovers\n|-damage|p1a: Sableye|4/236 psn|[from] psn\n|upkeep\n|turn|22\n|\n|t:|1732946194\n|move|p1a: Sableye|Knock Off|p2a: Noctowl\n|-damage|p2a: Noctowl|0 fnt\n|faint|p2a: Noctowl\n|\n|-heal|p1a: Sableye|18/236 psn|[from] item: Leftovers\n|-damage|p1a: Sableye|0 fnt|[from] psn\n|faint|p1a: Sableye\n|upkeep\n|\n|t:|1732946197\n|switch|p2a: Clodsire|Clodsire, L81, M|134/343\n|switch|p1a: Slither Wing|Slither Wing, L81|270/270\n|-damage|p1a: Slither Wing|237/270|[from] Stealth Rock\n|turn|23\n|\n|t:|1732946200\n|move|p1a: Slither Wing|Flare Blitz|p2a: Clodsire\n|-damage|p2a: Clodsire|2/343\n|-damage|p1a: Slither Wing|193/270|[from] Recoil\n|move|p2a: Clodsire|Gunk Shot|p1a: Slither Wing\n|-damage|p1a: Slither Wing|79/270\n|-status|p1a: Slither Wing|psn\n|\n|-damage|p1a: Slither Wing|46/270 psn|[from] psn\n|upkeep\n|turn|24\n|\n|t:|1732946203\n|move|p1a: Slither Wing|Flare Blitz|p2a: Clodsire\n|-damage|p2a: Clodsire|0 fnt\n|faint|p2a: Clodsire\n|-damage|p1a: Slither Wing|45/270 psn|[from] Recoil\n|\n|-damage|p1a: Slither Wing|12/270 psn|[from] psn\n|upkeep\n|\n|t:|1732946205\n|switch|p2a: Palkia|Palkia, L75|259/259\n|-ability|p2a: Palkia|Pressure\n|turn|25\n|\n|t:|1732946209\n|move|p2a: Palkia|Spacial Rend|p1a: Slither Wing\n|-damage|p1a: Slither Wing|0 fnt\n|faint|p1a: Slither Wing\n|-end|p1a: Slither Wing|Protosynthesis|[silent]\n|\n|win|UmmHaha\n|raw|Jagareth's rating: 1893 &rarr; <strong>1875</strong><br />(-18 for losing)\n|raw|UmmHaha's rating: 1935 &rarr; <strong>1953</strong><br />(+18 for winning)\n|l|\u2606Jagareth\n|player|p1|\n", "inputlog": ">version b107d77f5c90bd6555267ae244a6264823309ead\n>start {\"formatid\":\"gen9randombattle\",\"seed\":[40343,23732,8133,9493],\"rated\":\"Rated battle\"}\n>player p1 {\"name\":\"Jagareth\",\"avatar\":\"red-masters3\",\"rating\":1893,\"seed\":[37367,53768,4981,49743]}\n>player p2 {\"name\":\"UmmHaha\",\"avatar\":\"169\",\"rating\":1935,\"seed\":[29905,15419,39385,41357]}\n>p1 move knockoff\n>p2 switch 4\n>p1 switch 5\n>p2 move stealthrock\n>p1 move fireblast\n>p2 move ironhead\n>p2 switch 6\n>p1 move psystrike\n>p2 move knockoff\n>p2 switch 4\n>p1 move psystrike\n>p2 move flipturn\n>p2 switch 5\n>p1 move psystrike\n>p2 move hypervoice\n>p1 switch 6\n>p1 move encore\n>p2 move hurricane\n>p1 move thunderwave\n>p2 switch 5\n>p1 switch 5\n>p2 move moonblast\n>p1 move dragontail\n>p2 move moonblast\n>p1 move synthesis\n>p2 move moonblast\n>p1 move energyball\n>p2 move moonblast\n>p1 switch 2\n>p1 move shellsmash\n>p2 move moonblast\n>p1 switch 3\n>p1 move swordsdance\n>p2 move moonblast\n>p1 move shadowsneak\n>p2 move moonblast\n>p2 switch 3\n>p1 move shadowclaw\n>p2 move gunkshot\n>p1 switch 5\n>p1 move encore\n>p2 move earthquake\n>p1 move knockoff\n>p2 move gunkshot\n>p1 move recover\n>p2 switch 5\n>p1 move thunderwave\n>p2 move hurricane\n>p1 move knockoff terastallize\n>p2 move hurricane\n>p1 move knockoff\n>p2 move hypervoice\n>p1 switch 4\n>p2 switch 5\n>p1 move flareblitz\n>p2 move gunkshot\n>p1 move flareblitz\n>p2 move gunkshot\n>p2 switch 2\n>p1 move closecombat\n>p2 move spacialrend", "uploadtime": 1732946213, "views": 1, "formatid": "gen9randombattle", "rating": 1875, "private": 0, "password": null}