{"id": "gen9randombattle-2253903957", "format": "[Gen 9] Random Battle", "players": ["Pigeon Trainer", "wanted fame=got it"], "log": "|badge|p2|bronze|gen9randombattle|100-3\n|uhtml|medal-msg|<div class=\"broadcast-blue\">Curious what those medals under the avatar are? PS now has Ladder Seasons! For more information, check out the <a href=\"https://www.smogon.com/forums/threads/3740067/\">thread on Smogon.</a></div>\n|j|\u2606Pigeon Trainer\n|j|\u2606wanted fame=got it\n|t:|1732960433\n|gametype|singles\n|player|p1|Pigeon Trainer|barry|2270\n|player|p2|wanted fame=got it|aromalady|2297\n|teamsize|p1|6\n|teamsize|p2|6\n|gen|9\n|tier|[Gen 9] Random Battle\n|rated|\n|rule|Species Clause: Limit one of each Pok\u00e9mon\n|rule|HP Percentage Mod: HP is shown in percentages\n|rule|Sleep Clause Mod: Limit one foe put to sleep\n|rule|Illusion Level Mod: Illusion disguises the Pok\u00e9mon's true level\n|\n|t:|1732960433\n|start\n|switch|p1a: Minior|Minior-Orange, L79|224/224\n|switch|p2a: Pincurchin|Pincurchin, M|258/258\n|-formechange|p1a: Minior|Minior-Meteor||[from] ability: Shields Down\n|-fieldstart|move: Electric Terrain|[from] ability: Electric Surge|[of] p2a: Pincurchin\n|turn|1\n|inactive|Battle timer is ON: inactive players will automatically lose when time's up. (requested by Pigeon Trainer)\n|inactive|wanted fame=got it also wants the timer to be on.\n|\n|t:|1732960449\n|switch|p1a: Rotom|Rotom-Frost, L87|229/229\n|move|p2a: Pincurchin|Toxic Spikes|p1a: Rotom\n|-sidestart|p1: Pigeon Trainer|move: Toxic Spikes\n|\n|upkeep\n|turn|2\n|\n|t:|1732960469\n|move|p1a: Rotom|Nasty Plot|p1a: Rotom\n|-boost|p1a: Rotom|spa|2\n|move|p2a: Pincurchin|Scald|p1a: Rotom\n|-damage|p1a: Rotom|170/229\n|\n|upkeep\n|turn|3\n|j| FriendlyEnder\n|\n|t:|1732960476\n|move|p1a: Rotom|Blizzard|p2a: Pincurchin\n|-damage|p2a: Pincurchin|44/258\n|move|p2a: Pincurchin|Scald|p1a: Rotom\n|-damage|p1a: Rotom|105/229\n|\n|-heal|p2a: Pincurchin|60/258|[from] item: Leftovers\n|upkeep\n|turn|4\n|\n|t:|1732960482\n|move|p1a: Rotom|Thunderbolt|p2a: Pincurchin\n|-resisted|p2a: Pincurchin\n|-damage|p2a: Pincurchin|0 fnt\n|faint|p2a: Pincurchin\n|\n|upkeep\n|\n|t:|1732960487\n|switch|p2a: Greninja|Greninja, L80, M|246/246\n|turn|5\n|\n|t:|1732960493\n|switch|p1a: Lumineon|Lumineon, L93, M|279/279\n|move|p2a: Greninja|Hydro Pump|p1a: Lumineon\n|-ability|p1a: Lumineon|Storm Drain|boost\n|-boost|p1a: Lumineon|spa|1\n|\n|-fieldend|move: Electric Terrain\n|upkeep\n|turn|6\n|\n|t:|1732960513\n|switch|p2a: Basculegion|Basculegion-F, L83, F|335/335\n|move|p1a: Lumineon|U-turn|p2a: Basculegion\n|-resisted|p2a: Basculegion\n|-damage|p2a: Basculegion|306/335\n|\n|t:|1732960516\n|switch|p1a: Skuntank|Skuntank, L84, M|310/310|[from] U-turn\n|-sideend|p1: Pigeon Trainer|move: Toxic Spikes|[of] p1a: Skuntank\n|\n|upkeep\n|turn|7\n|l|\u2606wanted fame=got it\n|inactive|wanted fame=got it disconnected and has a minute to reconnect!\n|player|p2|\n|j|\u2606wanted fame=got it\n|inactive|wanted fame=got it reconnected and has 105 seconds left.\n|player|p2|wanted fame=got it|aromalady|\n|inactive|wanted fame=got it has 90 seconds left.\n|\n|t:|1732960583\n|switch|p2a: Orthworm|Orthworm, L88, M|266/266\n|move|p1a: Skuntank|Knock Off|p2a: Orthworm\n|-damage|p2a: Orthworm|206/266\n|-enditem|p2a: Orthworm|Chesto Berry|[from] move: Knock Off|[of] p1a: Skuntank\n|\n|upkeep\n|turn|8\n|inactive|wanted fame=got it has 90 seconds left.\n|\n|t:|1732960593\n|move|p1a: Skuntank|Fire Blast|p2a: Orthworm|[miss]\n|-miss|p1a: Skuntank|p2a: Orthworm\n|move|p2a: Orthworm|Iron Tail|p1a: Skuntank\n|-damage|p1a: Skuntank|172/310\n|\n|upkeep\n|turn|9\n|\n|t:|1732960602\n|move|p1a: Skuntank|Fire Blast|p2a: Orthworm\n|-supereffective|p2a: Orthworm\n|-damage|p2a: Orthworm|28/266\n|move|p2a: Orthworm|Iron Tail|p1a: Skuntank\n|-damage|p1a: Skuntank|43/310\n|\n|upkeep\n|turn|10\n|\n|t:|1732960609\n|move|p1a: Skuntank|Knock Off|p2a: Orthworm\n|-damage|p2a: Orthworm|0 fnt\n|faint|p2a: Orthworm\n|\n|upkeep\n|\n|t:|1732960614\n|switch|p2a: Greninja|Greninja, L80, M|246/246\n|turn|11\n|\n|t:|1732960640\n|switch|p1a: Whimsicott|Whimsicott, L85, F|241/241\n|move|p2a: Greninja|Dark Pulse|p1a: Whimsicott\n|-resisted|p1a: Whimsicott\n|-damage|p1a: Whimsicott|179/241\n|-damage|p2a: Greninja|222/246|[from] item: Life Orb\n|\n|-heal|p1a: Whimsicott|194/241|[from] item: Leftovers\n|upkeep\n|turn|12\n|\n|t:|1732960652\n|switch|p2a: Lurantis|Lurantis, L87, M|264/264\n|move|p1a: Whimsicott|Moonblast|p2a: Lurantis\n|-damage|p2a: Lurantis|179/264\n|\n|-heal|p1a: Whimsicott|209/241|[from] item: Leftovers\n|-heal|p2a: Lurantis|195/264|[from] item: Leftovers\n|upkeep\n|turn|13\n|\n|t:|1732960665\n|switch|p1a: Skuntank|Skuntank, L84, M|43/310\n|move|p2a: Lurantis|Leaf Storm|p1a: Skuntank\n|-resisted|p1a: Skuntank\n|-damage|p1a: Skuntank|0 fnt\n|-boost|p2a: Lurantis|spa|2\n|faint|p1a: Skuntank\n|\n|-heal|p2a: Lurantis|211/264|[from] item: Leftovers\n|upkeep\n|\n|t:|1732960676\n|switch|p1a: Rotom|Rotom-Frost, L87|105/229\n|turn|14\n|inactive|wanted fame=got it has 120 seconds left.\n|\n|t:|1732960687\n|move|p1a: Rotom|Blizzard|p2a: Lurantis|[miss]\n|-miss|p1a: Rotom|p2a: Lurantis\n|move|p2a: Lurantis|Superpower|p1a: Rotom\n|-supereffective|p1a: Rotom\n|-damage|p1a: Rotom|0 fnt\n|-boost|p2a: Lurantis|atk|1\n|-boost|p2a: Lurantis|def|1\n|faint|p1a: Rotom\n|\n|-heal|p2a: Lurantis|227/264|[from] item: Leftovers\n|upkeep\n|\n|t:|1732960692\n|switch|p1a: Volbeat|Volbeat, L90, M|263/263\n|turn|15\n|\n|t:|1732960699\n|switch|p2a: Basculegion|Basculegion-F, L83, F|306/335\n|move|p1a: Volbeat|Encore||[still]\n|-fail|p1a: Volbeat\n|\n|upkeep\n|turn|16\n|\n|t:|1732960705\n|move|p1a: Volbeat|Thunder Wave|p2a: Basculegion\n|-status|p2a: Basculegion|par\n|move|p2a: Basculegion|Shadow Ball|p1a: Volbeat\n|-damage|p1a: Volbeat|105/263\n|\n|upkeep\n|turn|17\n|\n|t:|1732960716\n|move|p1a: Volbeat|Lunge|p2a: Basculegion\n|-resisted|p2a: Basculegion\n|-damage|p2a: Basculegion|259/335 par\n|-unboost|p2a: Basculegion|atk|1\n|move|p2a: Basculegion|Shadow Ball|p1a: Volbeat\n|-damage|p1a: Volbeat|0 fnt\n|faint|p1a: Volbeat\n|\n|upkeep\n|\n|t:|1732960722\n|switch|p1a: Minior|Minior-Orange, L79|224/224\n|-formechange|p1a: Minior|Minior-Meteor||[from] ability: Shields Down\n|turn|18\n|\n|t:|1732960735\n|move|p1a: Minior|Shell Smash|p1a: Minior\n|-unboost|p1a: Minior|def|1\n|-unboost|p1a: Minior|spd|1\n|-boost|p1a: Minior|atk|2\n|-boost|p1a: Minior|spa|2\n|-boost|p1a: Minior|spe|2\n|-enditem|p1a: Minior|White Herb\n|-clearnegativeboost|p1a: Minior|[silent]\n|move|p2a: Basculegion|Shadow Ball|p1a: Minior\n|-damage|p1a: Minior|70/224\n|\n|-formechange|p1a: Minior|Minior-Orange||[from] ability: Shields Down\n|upkeep\n|turn|19\n|\n|t:|1732960745\n|move|p1a: Minior|Acrobatics|p2a: Basculegion\n|-damage|p2a: Basculegion|0 fnt\n|faint|p2a: Basculegion\n|\n|upkeep\n|\n|t:|1732960748\n|switch|p2a: Gogoat|Gogoat, L88, F|360/360\n|turn|20\n|\n|t:|1732960764\n|-terastallize|p1a: Minior|Flying\n|-terastallize|p2a: Gogoat|Water\n|move|p1a: Minior|Acrobatics|p2a: Gogoat\n|-damage|p2a: Gogoat|0 fnt\n|faint|p2a: Gogoat\n|\n|upkeep\n|inactive|wanted fame=got it has 120 seconds left.\n|c|\u2606wanted fame=got it|wp\n|l| FriendlyEnder\n|c|\u2606wanted fame=got it|won with 6-0 matchup due to 30% roll\n|c|\u2606wanted fame=got it|)\n|-message|wanted fame=got it forfeited.\n|\n|win|Pigeon Trainer\n|raw|Pigeon Trainer's rating: 2270 &rarr; <strong>2292</strong><br />(+22 for winning)\n|raw|wanted fame=got it's rating: 2297 &rarr; <strong>2275</strong><br />(-22 for losing)\n|l|\u2606wanted fame=got it\n|player|p2|\n|c|\u2606Pigeon Trainer|Gg man\n", "inputlog": ">version b107d77f5c90bd6555267ae244a6264823309ead\n>start {\"formatid\":\"gen9randombattle\",\"seed\":[20248,30876,9299,24881],\"rated\":\"Rated battle\"}\n>player p1 {\"name\":\"Pigeon Trainer\",\"avatar\":\"barry\",\"rating\":2270,\"seed\":[33890,60733,42942,56449]}\n>player p2 {\"name\":\"wanted fame=got it\",\"avatar\":\"aromalady\",\"rating\":2297,\"seed\":[52747,36938,4190,55565]}\n>p1 switch 4\n>p2 move toxicspikes\n>p1 move nastyplot\n>p2 move scald\n>p1 move blizzard\n>p2 move scald\n>p1 move thunderbolt\n>p2 move scald\n>p2 switch 5\n>p1 switch 6\n>p2 move hydropump\n>p1 move uturn\n>p2 switch 2\n>p1 switch 2\n>p1 move knockoff\n>p2 switch 6\n>p1 move fireblast\n>p2 move irontail\n>p1 move fireblast\n>p2 move irontail\n>p1 move knockoff\n>p2 move bodypress\n>p2 switch 2\n>p1 switch 5\n>p2 move darkpulse\n>p1 move moonblast\n>p2 switch 4\n>p1 switch 5\n>p2 move leafstorm\n>p1 switch 6\n>p1 move blizzard\n>p2 move superpower\n>p1 switch 3\n>p1 move encore\n>p2 switch 6\n>p1 move thunderwave\n>p2 move shadowball\n>p1 move lunge\n>p2 move shadowball\n>p1 switch 4\n>p1 move shellsmash\n>p2 move shadowball\n>p1 move acrobatics\n>p2 move shadowball\n>p2 switch 3\n>p1 move acrobatics terastallize\n>p2 move rockslide terastallize\n>chat \u2606wanted fame=got it|wp\n>chat \u2606wanted fame=got it|won with 6-0 matchup due to 30% roll\n>chat \u2606wanted fame=got it|)\n>forcelose p2", "uploadtime": 1732960939, "views": 17, "formatid": "gen9randombattle", "rating": 2275, "private": 0, "password": null}