{"id": "gen9randombattle-2254036958", "format": "[Gen 9] Random Battle", "players": ["poggggerss", "P3D05"], "log": "|j|\u2606poggggerss\n|j|\u2606P3D05\n|t:|1732983241\n|gametype|singles\n|player|p1|poggggerss|266|\n|player|p2|P3D05|unknown|\n|teamsize|p1|6\n|teamsize|p2|6\n|gen|9\n|tier|[Gen 9] Random Battle\n|rule|Species Clause: Limit one of each Pok\u00e9mon\n|rule|HP Percentage Mod: HP is shown in percentages\n|rule|Sleep Clause Mod: Limit one foe put to sleep\n|rule|Illusion Level Mod: Illusion disguises the Pok\u00e9mon's true level\n|\n|t:|1732983241\n|start\n|switch|p1a: Mabosstiff|Mabosstiff, L86, F|278/278\n|switch|p2a: Talonflame|Talonflame, L84, F|268/268\n|turn|1\n|\n|t:|1732983261\n|move|p2a: Talonflame|Brave Bird|p1a: Mabosstiff\n|-crit|p1a: Mabosstiff\n|-damage|p1a: Mabosstiff|122/278\n|-damage|p2a: Talonflame|217/268|[from] Recoil\n|move|p1a: Mabosstiff|Wild Charge|p2a: Talonflame\n|-supereffective|p2a: Talonflame\n|-damage|p2a: Talonflame|0 fnt\n|-status|p1a: Mabosstiff|brn|[from] ability: Flame Body|[of] p2a: Talonflame\n|faint|p2a: Talonflame\n|-damage|p1a: Mabosstiff|68/278 brn|[from] Recoil\n|\n|-damage|p1a: Mabosstiff|51/278 brn|[from] brn\n|upkeep\n|\n|t:|1732983289\n|switch|p2a: Pikachu|Pikachu-Partner, L93, M|216/216\n|turn|2\n|\n|t:|1732983304\n|switch|p1a: Sandaconda|Sandaconda, L84, F|258/258\n|move|p2a: Pikachu|Surf|p1a: Sandaconda\n|-supereffective|p1a: Sandaconda\n|-damage|p1a: Sandaconda|26/258\n|\n|-heal|p1a: Sandaconda|42/258|[from] item: Leftovers\n|upkeep\n|turn|3\n|\n|t:|1732983332\n|-terastallize|p2a: Pikachu|Water\n|-terastallize|p1a: Sandaconda|Dragon\n|move|p2a: Pikachu|Surf|p1a: Sandaconda\n|-resisted|p1a: Sandaconda\n|-damage|p1a: Sandaconda|0 fnt\n|faint|p1a: Sandaconda\n|\n|upkeep\n|\n|t:|1732983370\n|switch|p1a: Kilowattrel|Kilowattrel, L83, M|252/252\n|turn|4\n|\n|t:|1732983424\n|switch|p2a: Iron Valiant|Iron Valiant, L78|244/244\n|move|p1a: Kilowattrel|U-turn|p2a: Iron Valiant\n|-resisted|p2a: Iron Valiant\n|-damage|p2a: Iron Valiant|234/244\n|\n|t:|1732983452\n|switch|p1a: Gholdengo|Gholdengo, L77|261/261|[from] U-turn\n|\n|upkeep\n|turn|5\n|inactive|Battle timer is ON: inactive players will automatically lose when time's up. (requested by poggggerss)\n|\n|t:|1732983528\n|move|p2a: Iron Valiant|Close Combat|p1a: Gholdengo\n|-immune|p1a: Gholdengo\n|move|p1a: Gholdengo|Make It Rain|p2a: Iron Valiant\n|-supereffective|p2a: Iron Valiant\n|-damage|p2a: Iron Valiant|0 fnt\n|-unboost|p1a: Gholdengo|spa|1\n|faint|p2a: Iron Valiant\n|-end|p2a: Iron Valiant|Quark Drive|[silent]\n|\n|upkeep\n|c|\u2606poggggerss|!weak iron valiant\n|c| poggggerss|/raw <div class=\"infobox\">Iron Valiant (ignoring abilities):<br /><span class=\"message-effect-weak\">Weaknesses</span>: Fairy, Flying, Poison, Psychic, Steel<br /><span class=\"message-effect-resist\">Resistances</span>: <b>Bug</b>, <b>Dark</b>, Fighting, Rock<br /><span class=\"message-effect-immune\">Immunities</span>: Dragon</div>\n|\n|t:|1732983550\n|switch|p2a: Pikachu|Pikachu-Partner, L93, M, tera:Water|216/216\n|turn|6\n|\n|t:|1732983571\n|switch|p1a: Kilowattrel|Kilowattrel, L83, M|252/252\n|move|p2a: Pikachu|Volt Tackle|p1a: Kilowattrel\n|-immune|p1a: Kilowattrel|[from] ability: Volt Absorb\n|\n|upkeep\n|turn|7\n|\n|t:|1732983593\n|switch|p2a: Revavroom|Revavroom, L79, F|256/256\n|move|p1a: Kilowattrel|Hurricane|p2a: Revavroom\n|-resisted|p2a: Revavroom\n|-damage|p2a: Revavroom|175/256\n|\n|upkeep\n|turn|8\n|\n|t:|1732983609\n|move|p1a: Kilowattrel|U-turn|p2a: Revavroom\n|-resisted|p2a: Revavroom\n|-damage|p2a: Revavroom|166/256\n|\n|t:|1732983615\n|switch|p1a: Mabosstiff|Mabosstiff, L86, F|51/278 brn|[from] U-turn\n|move|p2a: Revavroom|Shift Gear|p2a: Revavroom\n|-boost|p2a: Revavroom|spe|2\n|-boost|p2a: Revavroom|atk|1\n|\n|-damage|p1a: Mabosstiff|34/278 brn|[from] brn\n|upkeep\n|turn|9\n|inactive|poggggerss has 270 seconds left.\n|\n|t:|1732983631\n|move|p2a: Revavroom|Iron Head|p1a: Mabosstiff\n|-damage|p1a: Mabosstiff|0 fnt\n|faint|p1a: Mabosstiff\n|-damage|p2a: Revavroom|141/256|[from] item: Life Orb\n|\n|upkeep\n|inactive|poggggerss has 270 seconds left.\n|\n|t:|1732983649\n|switch|p1a: Ursaluna|Ursaluna-Bloodmoon, L79, M|308/308\n|turn|10\n|c|\u2606P3D05|!weak ursaluna\n|c| P3D05|/raw <div class=\"infobox\">Ursaluna (ignoring abilities):<br /><span class=\"message-effect-weak\">Weaknesses</span>: Fighting, Grass, Ice, Water<br /><span class=\"message-effect-resist\">Resistances</span>: Poison, Rock<br /><span class=\"message-effect-immune\">Immunities</span>: Electric, Ghost, Sandstorm damage</div>\n|inactive|poggggerss has 240 seconds left.\n|inactive|P3D05 has 270 seconds left.\n|inactive|poggggerss has 210 seconds left.\n|inactive|poggggerss has 180 seconds left.\n|\n|t:|1732983767\n|move|p2a: Revavroom|Iron Head|p1a: Ursaluna\n|-damage|p1a: Ursaluna|168/308\n|-damage|p2a: Revavroom|116/256|[from] item: Life Orb\n|move|p1a: Ursaluna|Earth Power|p2a: Revavroom\n|-supereffective|p2a: Revavroom\n|-crit|p2a: Revavroom\n|-damage|p2a: Revavroom|0 fnt\n|faint|p2a: Revavroom\n|\n|-heal|p1a: Ursaluna|187/308|[from] item: Leftovers\n|upkeep\n|\n|t:|1732983778\n|switch|p2a: Ditto|Ditto, L87|225/225\n|-transform|p2a: Ditto|p1a: Ursaluna|[from] ability: Imposter\n|turn|11\n|inactive|P3D05 has 240 seconds left.\n|\n|t:|1732983794\n|move|p2a: Ditto|Blood Moon|p1a: Ursaluna\n|-damage|p1a: Ursaluna|0 fnt\n|faint|p1a: Ursaluna\n|\n|upkeep\n|\n|t:|1732983807\n|switch|p1a: Phione|Phione, L91|293/293\n|turn|12\n|inactive|poggggerss has 150 seconds left.\n|inactive|P3D05 has 240 seconds left.\n|\n|t:|1732983831\n|move|p1a: Phione|Scald|p2a: Ditto\n|-supereffective|p2a: Ditto\n|-damage|p2a: Ditto|0 fnt\n|faint|p2a: Ditto\n|\n|upkeep\n|\n|t:|1732983836\n|switch|p2a: Pikachu|Pikachu-Partner, L93, M, tera:Water|216/216\n|turn|13\n|\n|t:|1732983844\n|switch|p1a: Kilowattrel|Kilowattrel, L83, M|252/252\n|move|p2a: Pikachu|Volt Tackle|p1a: Kilowattrel\n|-immune|p1a: Kilowattrel|[from] ability: Volt Absorb\n|\n|upkeep\n|turn|14\n|\n|t:|1732983857\n|move|p1a: Kilowattrel|Thunderbolt|p2a: Pikachu\n|-ability|p2a: Pikachu|Lightning Rod|boost\n|-boost|p2a: Pikachu|spa|1\n|move|p2a: Pikachu|Surf|p1a: Kilowattrel\n|-damage|p1a: Kilowattrel|0 fnt\n|faint|p1a: Kilowattrel\n|\n|upkeep\n|\n|t:|1732983868\n|switch|p1a: Gholdengo|Gholdengo, L77|261/261\n|turn|15\n|\n|t:|1732983878\n|move|p2a: Pikachu|Volt Tackle|p1a: Gholdengo\n|-damage|p1a: Gholdengo|62/261\n|-damage|p2a: Pikachu|150/216|[from] Recoil\n|move|p1a: Gholdengo|Make It Rain|p2a: Pikachu\n|-resisted|p2a: Pikachu\n|-damage|p2a: Pikachu|59/216\n|-unboost|p1a: Gholdengo|spa|1\n|\n|-heal|p1a: Gholdengo|78/261|[from] item: Leftovers\n|upkeep\n|turn|16\n|\n|t:|1732983890\n|move|p2a: Pikachu|Volt Tackle|p1a: Gholdengo\n|-damage|p1a: Gholdengo|0 fnt\n|faint|p1a: Gholdengo\n|-damage|p2a: Pikachu|33/216|[from] Recoil\n|\n|upkeep\n|\n|t:|1732983895\n|switch|p1a: Phione|Phione, L91|293/293\n|turn|17\n|\n|t:|1732983903\n|move|p2a: Pikachu|Volt Tackle|p1a: Phione\n|-supereffective|p1a: Phione\n|-damage|p1a: Phione|0 fnt\n|faint|p1a: Phione\n|-damage|p2a: Pikachu|0 fnt|[from] Recoil\n|faint|p2a: Pikachu\n|\n|win|P3D05\n|l|\u2606poggggerss\n|player|p1|\n", "inputlog": ">version b107d77f5c90bd6555267ae244a6264823309ead\n>start {\"formatid\":\"gen9randombattle\",\"seed\":[30872,33030,6207,61891]}\n>player p1 {\"name\":\"poggggerss\",\"avatar\":\"266\",\"rating\":0,\"seed\":[32476,19531,30772,2116]}\n>player p2 {\"name\":\"P3D05\",\"avatar\":\"unknown\",\"rating\":0,\"seed\":[41142,30246,31212,36021]}\n>p1 move wildcharge\n>p2 move bravebird\n>p2 switch 6\n>p1 switch 3\n>p2 move surf\n>p1 move earthquake terastallize\n>p2 move surf terastallize\n>p1 switch 6\n>p1 move uturn\n>p2 switch 5\n>p1 switch 2\n>p1 move makeitrain\n>p2 move closecombat\n>chat \u2606poggggerss|!weak iron valiant\n>p2 switch 5\n>p1 switch 2\n>p2 move volttackle\n>p1 move hurricane\n>p2 switch 2\n>p1 move uturn\n>p2 move shiftgear\n>p1 switch 3\n>p1 move psychicfangs\n>p2 move ironhead\n>p1 switch 4\n>chat \u2606P3D05|!weak ursaluna\n>p1 move earthpower\n>p2 move ironhead\n>p2 switch 3\n>p1 move bloodmoon\n>p2 move bloodmoon\n>p1 switch 5\n>p1 move scald\n>p2 move struggle\n>p2 switch 2\n>p1 switch 3\n>p2 move volttackle\n>p1 move thunderbolt\n>p2 move surf\n>p1 switch 2\n>p1 move makeitrain\n>p2 move volttackle\n>p1 move shadowball\n>p2 move volttackle\n>p1 switch 3\n>p1 move grassknot\n>p2 move volttackle", "uploadtime": 1732983942, "views": 13, "formatid": "gen9randombattle", "rating": null, "private": 0, "password": null}