{"id": "gen9randombattle-2253965133", "format": "[Gen 9] Random Battle", "players": ["EL NEGRO 0SCUR0", "Chaching McChad"], "log": "|j|\u2606EL NEGRO 0SCUR0\n|j|\u2606Chaching McChad\n|t:|1732972603\n|gametype|singles\n|player|p1|EL NEGRO 0SCUR0|hoopster|1864\n|player|p2|Chaching McChad|hiker-gen4|1924\n|teamsize|p1|6\n|teamsize|p2|6\n|gen|9\n|tier|[Gen 9] Random Battle\n|rated|\n|rule|Species Clause: Limit one of each Pok\u00e9mon\n|rule|HP Percentage Mod: HP is shown in percentages\n|rule|Sleep Clause Mod: Limit one foe put to sleep\n|rule|Illusion Level Mod: Illusion disguises the Pok\u00e9mon's true level\n|\n|t:|1732972603\n|start\n|switch|p1a: Delphox|Delphox, L84, M|263/263\n|switch|p2a: Furret|Furret, L94, F|312/312\n|-item|p1a: Delphox|Heavy-Duty Boots|[from] ability: Frisk|[of] p2a: Furret\n|turn|1\n|inactive|Battle timer is ON: inactive players will automatically lose when time's up. (requested by Chaching McChad)\n|\n|t:|1732972617\n|switch|p1a: Ariados|Ariados, L95, F|287/287\n|move|p2a: Furret|Knock Off|p1a: Ariados\n|-damage|p1a: Ariados|175/287\n|-enditem|p1a: Ariados|Heavy-Duty Boots|[from] move: Knock Off|[of] p2a: Furret\n|\n|upkeep\n|turn|2\n|\n|t:|1732972628\n|switch|p2a: Swampert|Swampert, L83, M|302/302\n|move|p1a: Ariados|Sticky Web|p2a: Swampert\n|-sidestart|p2: Chaching McChad|move: Sticky Web\n|\n|upkeep\n|turn|3\n|\n|t:|1732972636\n|move|p2a: Swampert|Stealth Rock|p1a: Ariados\n|-sidestart|p1: EL NEGRO 0SCUR0|move: Stealth Rock\n|move|p1a: Ariados|Megahorn|p2a: Swampert\n|-damage|p2a: Swampert|161/302\n|\n|-heal|p2a: Swampert|179/302|[from] item: Leftovers\n|upkeep\n|turn|4\n|\n|t:|1732972642\n|move|p2a: Swampert|Earthquake|p1a: Ariados\n|-damage|p1a: Ariados|55/287\n|move|p1a: Ariados|Megahorn|p2a: Swampert\n|-damage|p2a: Swampert|0 fnt\n|faint|p2a: Swampert\n|\n|upkeep\n|\n|t:|1732972658\n|switch|p2a: Rotom|Rotom-Mow, L86|226/226\n|turn|5\n|\n|t:|1732972663\n|move|p2a: Rotom|Volt Switch|p1a: Ariados\n|-damage|p1a: Ariados|0 fnt\n|faint|p1a: Ariados\n|\n|t:|1732972666\n|switch|p2a: Furret|Furret, L94, F|312/312|[from] Volt Switch\n|-activate|p2a: Furret|move: Sticky Web\n|-unboost|p2a: Furret|spe|1\n|\n|upkeep\n|\n|t:|1732972677\n|switch|p1a: Infernape|Infernape, L82, F|259/259\n|-damage|p1a: Infernape|227/259|[from] Stealth Rock\n|turn|6\n|\n|t:|1732972687\n|-terastallize|p2a: Furret|Ghost\n|move|p1a: Infernape|Knock Off|p2a: Furret\n|-supereffective|p2a: Furret\n|-damage|p2a: Furret|117/312\n|-enditem|p2a: Furret|Choice Band|[from] move: Knock Off|[of] p1a: Infernape\n|-damage|p1a: Infernape|202/259|[from] item: Life Orb\n|move|p2a: Furret|Double-Edge|p1a: Infernape\n|-damage|p1a: Infernape|37/259\n|-damage|p2a: Furret|63/312|[from] Recoil\n|\n|upkeep\n|turn|7\n|\n|t:|1732972701\n|move|p1a: Infernape|Knock Off|p2a: Furret\n|-supereffective|p2a: Furret\n|-damage|p2a: Furret|0 fnt\n|faint|p2a: Furret\n|-damage|p1a: Infernape|12/259|[from] item: Life Orb\n|\n|upkeep\n|\n|t:|1732972707\n|switch|p2a: Rotom|Rotom-Mow, L86|226/226\n|turn|8\n|\n|t:|1732972718\n|move|p2a: Rotom|Thunderbolt|p1a: Infernape\n|-damage|p1a: Infernape|0 fnt\n|faint|p1a: Infernape\n|\n|upkeep\n|\n|t:|1732972723\n|switch|p1a: Sandy Shocks|Sandy Shocks, L80|267/267\n|-damage|p1a: Sandy Shocks|251/267|[from] Stealth Rock\n|turn|9\n|\n|t:|1732972727\n|switch|p2a: Hydreigon|Hydreigon, L79, M|275/275\n|move|p1a: Sandy Shocks|Thunder Wave|p2a: Hydreigon\n|-status|p2a: Hydreigon|par\n|\n|-heal|p1a: Sandy Shocks|267/267|[from] item: Leftovers\n|upkeep\n|turn|10\n|\n|t:|1732972741\n|move|p1a: Sandy Shocks|Spikes|p2a: Hydreigon\n|-sidestart|p2: Chaching McChad|Spikes\n|move|p2a: Hydreigon|Draco Meteor|p1a: Sandy Shocks|[miss]\n|-miss|p2a: Hydreigon|p1a: Sandy Shocks\n|\n|upkeep\n|turn|11\n|\n|t:|1732972746\n|switch|p2a: Rotom|Rotom-Mow, L86|226/226\n|move|p1a: Sandy Shocks|Spikes|p2a: Rotom\n|-sidestart|p2: Chaching McChad|Spikes\n|\n|upkeep\n|turn|12\n|\n|t:|1732972749\n|-end|p1a: Sandy Shocks|Protosynthesis|[silent]\n|switch|p1a: Cresselia|Cresselia, L80, F|323/323\n|-damage|p1a: Cresselia|283/323|[from] Stealth Rock\n|move|p2a: Rotom|Leaf Storm|p1a: Cresselia\n|-damage|p1a: Cresselia|160/323\n|-unboost|p2a: Rotom|spa|2\n|\n|-heal|p1a: Cresselia|180/323|[from] item: Leftovers\n|upkeep\n|turn|13\n|\n|t:|1732972755\n|switch|p2a: Hydreigon|Hydreigon, L79, M|275/275 par\n|move|p1a: Cresselia|Moonlight|p1a: Cresselia\n|-heal|p1a: Cresselia|323/323\n|\n|upkeep\n|turn|14\n|\n|t:|1732972761\n|switch|p1a: Frosmoth|Frosmoth, L82, F|249/249\n|cant|p2a: Hydreigon|par\n|\n|upkeep\n|turn|15\n|\n|t:|1732972769\n|move|p1a: Frosmoth|Bug Buzz|p2a: Hydreigon\n|-supereffective|p2a: Hydreigon\n|-damage|p2a: Hydreigon|57/275 par\n|move|p2a: Hydreigon|Fire Blast|p1a: Frosmoth\n|-supereffective|p1a: Frosmoth\n|-damage|p1a: Frosmoth|38/249\n|-damage|p2a: Hydreigon|30/275 par|[from] item: Life Orb\n|\n|upkeep\n|turn|16\n|\n|t:|1732972778\n|move|p1a: Frosmoth|Ice Beam|p2a: Hydreigon\n|-supereffective|p2a: Hydreigon\n|-damage|p2a: Hydreigon|0 fnt\n|faint|p2a: Hydreigon\n|\n|upkeep\n|\n|t:|1732972781\n|switch|p2a: Rotom|Rotom-Mow, L86|226/226\n|turn|17\n|\n|t:|1732972786\n|switch|p1a: Cresselia|Cresselia, L80, F|323/323\n|-damage|p1a: Cresselia|283/323|[from] Stealth Rock\n|move|p2a: Rotom|Trick|p1a: Cresselia\n|-activate|p2a: Rotom|move: Trick|[of] p1a: Cresselia\n|-item|p1a: Cresselia|Choice Scarf|[from] move: Trick\n|-item|p2a: Rotom|Leftovers|[from] move: Trick\n|\n|upkeep\n|turn|18\n|\n|t:|1732972793\n|move|p1a: Cresselia|Psyshock|p2a: Rotom\n|-crit|p2a: Rotom\n|-damage|p2a: Rotom|144/226\n|move|p2a: Rotom|Thunderbolt|p1a: Cresselia\n|-damage|p1a: Cresselia|199/323\n|\n|-heal|p2a: Rotom|158/226|[from] item: Leftovers\n|upkeep\n|turn|19\n|\n|t:|1732972798\n|switch|p2a: Okidogi|Okidogi, L77, M|238/238\n|-activate|p2a: Okidogi|move: Sticky Web\n|-unboost|p2a: Okidogi|spe|1\n|-damage|p2a: Okidogi|199/238|[from] Spikes\n|move|p1a: Cresselia|Psyshock|p2a: Okidogi\n|-immune|p2a: Okidogi\n|\n|upkeep\n|turn|20\n|\n|t:|1732972806\n|switch|p1a: Sandy Shocks|Sandy Shocks, L80|267/267\n|-damage|p1a: Sandy Shocks|251/267|[from] Stealth Rock\n|move|p2a: Okidogi|Dark Pulse|p1a: Sandy Shocks\n|-damage|p1a: Sandy Shocks|88/267\n|\n|-heal|p1a: Sandy Shocks|104/267|[from] item: Leftovers\n|upkeep\n|turn|21\n|\n|t:|1732972812\n|move|p1a: Sandy Shocks|Spikes|p2a: Okidogi\n|-sidestart|p2: Chaching McChad|Spikes\n|move|p2a: Okidogi|Dark Pulse|p1a: Sandy Shocks\n|-damage|p1a: Sandy Shocks|0 fnt\n|faint|p1a: Sandy Shocks\n|-end|p1a: Sandy Shocks|Protosynthesis|[silent]\n|\n|upkeep\n|\n|t:|1732972828\n|switch|p1a: Delphox|Delphox, L84, M|263/263\n|turn|22\n|\n|t:|1732972832\n|-terastallize|p1a: Delphox|Grass\n|move|p1a: Delphox|Fire Blast|p2a: Okidogi\n|-damage|p2a: Okidogi|31/238\n|replace|p2a: Zoroark|Zoroark, L84, M\n|-end|p2a: Zoroark|Illusion\n|-hint|Illusion Level Mod is active, so this Pok\u00e9mon's true level was hidden.\n|move|p2a: Zoroark|Dark Pulse|p1a: Delphox\n|-damage|p1a: Delphox|115/263\n|\n|upkeep\n|turn|23\n|\n|t:|1732972846\n|move|p1a: Delphox|Grass Knot|p2a: Zoroark\n|-damage|p2a: Zoroark|0 fnt\n|faint|p2a: Zoroark\n|\n|upkeep\n|\n|t:|1732972851\n|switch|p2a: Rotom|Rotom-Mow, L86|158/226\n|turn|24\n|\n|t:|1732972855\n|move|p1a: Delphox|Fire Blast|p2a: Rotom\n|-supereffective|p2a: Rotom\n|-damage|p2a: Rotom|0 fnt\n|faint|p2a: Rotom\n|\n|upkeep\n|\n|t:|1732972858\n|switch|p2a: Okidogi|Okidogi, L77, M|262/262\n|-activate|p2a: Okidogi|move: Sticky Web\n|-unboost|p2a: Okidogi|spe|1\n|-damage|p2a: Okidogi|197/262|[from] Spikes\n|turn|25\n|\n|t:|1732972862\n|move|p1a: Delphox|Psyshock|p2a: Okidogi\n|-supereffective|p2a: Okidogi\n|-damage|p2a: Okidogi|0 fnt\n|faint|p2a: Okidogi\n|\n|win|EL NEGRO 0SCUR0\n|raw|EL NEGRO 0SCUR0's rating: 1864 &rarr; <strong>1887</strong><br />(+23 for winning)\n|raw|Chaching McChad's rating: 1924 &rarr; <strong>1901</strong><br />(-23 for losing)\n|l|\u2606Chaching McChad\n|player|p2|\n", "inputlog": ">version b107d77f5c90bd6555267ae244a6264823309ead\n>start {\"formatid\":\"gen9randombattle\",\"seed\":[14819,55846,31334,11024],\"rated\":\"Rated battle\"}\n>player p1 {\"name\":\"EL NEGRO 0SCUR0\",\"avatar\":\"hoopster\",\"rating\":1864,\"seed\":[23150,26181,50970,13504]}\n>player p2 {\"name\":\"Chaching McChad\",\"avatar\":\"hiker-gen4\",\"rating\":1924,\"seed\":[2239,43370,37442,53183]}\n>p1 switch 2\n>p2 move knockoff\n>p1 move stickyweb\n>p2 switch 4\n>p1 move megahorn\n>p2 move stealthrock\n>p1 move megahorn\n>p2 move earthquake\n>p2 switch 6\n>p1 move toxicspikes\n>p2 move voltswitch\n>p2 switch 4\n>p1 switch 5\n>p1 move knockoff\n>p2 move doubleedge terastallize\n>p1 move knockoff\n>p2 move doubleedge\n>p2 switch 4\n>p1 move overheat\n>p2 move thunderbolt\n>p1 switch 6\n>p1 move thunderwave\n>p2 switch 3\n>p1 move spikes\n>p2 move dracometeor\n>p1 move spikes\n>p2 switch 3\n>p1 switch 4\n>p2 move leafstorm\n>p1 move moonlight\n>p2 switch 3\n>p1 switch 3\n>p2 move darkpulse\n>p1 move bugbuzz\n>p2 move fireblast\n>p1 move icebeam\n>p2 move darkpulse\n>p2 switch 3\n>p1 switch 3\n>p2 move trick\n>p1 move psyshock\n>p2 move thunderbolt\n>p1 move psyshock\n>p2 switch 2\n>p1 switch 4\n>p2 move darkpulse\n>p1 move spikes\n>p2 move darkpulse\n>p1 switch 2\n>p1 move fireblast terastallize\n>p2 move darkpulse\n>p1 move grassknot\n>p2 move darkpulse\n>p2 switch 2\n>p1 move fireblast\n>p2 move thunderbolt\n>p2 switch 5\n>p1 move psyshock\n>p2 move drainpunch", "uploadtime": 1732972871, "views": 1, "formatid": "gen9randombattle", "rating": 1887, "private": 0, "password": null}