{"id": "gen9randombattle-2253910847", "format": "[Gen 9] Random Battle", "players": ["hamzzash", "Wamoya"], "log": "|j|\u2606hamzzash\n|j|\u2606Wamoya\n|t:|1732961943\n|gametype|singles\n|player|p1|hamzzash|101|1107\n|player|p2|Wamoya|nate|1118\n|teamsize|p1|6\n|teamsize|p2|6\n|gen|9\n|tier|[Gen 9] Random Battle\n|rated|\n|rule|Species Clause: Limit one of each Pok\u00e9mon\n|rule|HP Percentage Mod: HP is shown in percentages\n|rule|Sleep Clause Mod: Limit one foe put to sleep\n|rule|Illusion Level Mod: Illusion disguises the Pok\u00e9mon's true level\n|\n|t:|1732961943\n|start\n|switch|p1a: Dialga|Dialga-Origin, L73|266/266\n|switch|p2a: Bombirdier|Bombirdier, L85, M|258/258\n|-ability|p1a: Dialga|Pressure\n|turn|1\n|inactive|Battle timer is ON: inactive players will automatically lose when time's up. (requested by hamzzash)\n|\n|t:|1732962019\n|move|p2a: Bombirdier|Sucker Punch||[still]\n|-fail|p2a: Bombirdier\n|move|p1a: Dialga|Stealth Rock|p2a: Bombirdier\n|-sidestart|p2: Wamoya|move: Stealth Rock\n|\n|upkeep\n|turn|2\n|\n|t:|1732962033\n|switch|p2a: Dialga|Dialga, L73|266/266\n|-damage|p2a: Dialga|250/266|[from] Stealth Rock\n|-ability|p2a: Dialga|Pressure\n|move|p1a: Dialga|Flash Cannon|p2a: Dialga\n|-resisted|p2a: Dialga\n|-damage|p2a: Dialga|193/266\n|\n|-heal|p2a: Dialga|209/266|[from] item: Leftovers\n|upkeep\n|turn|3\n|\n|t:|1732962054\n|switch|p1a: Volcarona|Volcarona, L77, F|257/257\n|move|p2a: Dialga|Draco Meteor|p1a: Volcarona\n|-damage|p1a: Volcarona|119/257\n|-unboost|p2a: Dialga|spa|2\n|\n|-heal|p2a: Dialga|225/266|[from] item: Leftovers\n|upkeep\n|turn|4\n|inactive|Wamoya has 120 seconds left.\n|\n|t:|1732962083\n|move|p1a: Volcarona|Quiver Dance|p1a: Volcarona\n|-boost|p1a: Volcarona|spa|1\n|-boost|p1a: Volcarona|spd|1\n|-boost|p1a: Volcarona|spe|1\n|move|p2a: Dialga|Thunder Wave|p1a: Volcarona\n|-status|p1a: Volcarona|par\n|\n|-heal|p2a: Dialga|241/266|[from] item: Leftovers\n|upkeep\n|turn|5\n|inactive|Wamoya has 120 seconds left.\n|\n|t:|1732962106\n|move|p2a: Dialga|Fire Blast|p1a: Volcarona\n|-damage|p1a: Volcarona|92/257 par\n|move|p1a: Volcarona|Quiver Dance|p1a: Volcarona\n|-boost|p1a: Volcarona|spa|1\n|-boost|p1a: Volcarona|spd|1\n|-boost|p1a: Volcarona|spe|1\n|\n|-heal|p2a: Dialga|257/266|[from] item: Leftovers\n|upkeep\n|turn|6\n|\n|t:|1732962120\n|switch|p2a: Bombirdier|Bombirdier, L85, M|258/258\n|cant|p1a: Volcarona|par\n|\n|upkeep\n|turn|7\n|\n|t:|1732962129\n|move|p1a: Volcarona|Bug Buzz|p2a: Bombirdier\n|-damage|p2a: Bombirdier|47/258\n|move|p2a: Bombirdier|Brave Bird|p1a: Volcarona\n|-supereffective|p1a: Volcarona\n|-damage|p1a: Volcarona|0 fnt\n|faint|p1a: Volcarona\n|-damage|p2a: Bombirdier|17/258|[from] Recoil\n|\n|upkeep\n|\n|t:|1732962143\n|switch|p1a: Espathra|Espathra, L80, F|283/283\n|turn|8\n|inactive|Wamoya has 120 seconds left.\n|\n|t:|1732962160\n|-terastallize|p1a: Espathra|Fairy\n|move|p2a: Bombirdier|Sucker Punch||[still]\n|-fail|p2a: Bombirdier\n|move|p1a: Espathra|Calm Mind|p1a: Espathra\n|-boost|p1a: Espathra|spa|1\n|-boost|p1a: Espathra|spd|1\n|\n|-ability|p1a: Espathra|Speed Boost|boost\n|-boost|p1a: Espathra|spe|1\n|upkeep\n|turn|9\n|\n|t:|1732962168\n|move|p1a: Espathra|Substitute|p1a: Espathra\n|-start|p1a: Espathra|Substitute\n|-damage|p1a: Espathra|213/283\n|move|p2a: Bombirdier|Knock Off|p1a: Espathra\n|-resisted|p1a: Espathra\n|-end|p1a: Espathra|Substitute\n|\n|-heal|p1a: Espathra|230/283|[from] item: Leftovers\n|-ability|p1a: Espathra|Speed Boost|boost\n|-boost|p1a: Espathra|spe|1\n|upkeep\n|turn|10\n|inactive|Wamoya has 120 seconds left.\n|\n|t:|1732962176\n|move|p1a: Espathra|Dazzling Gleam|p2a: Bombirdier\n|-supereffective|p2a: Bombirdier\n|-damage|p2a: Bombirdier|0 fnt\n|faint|p2a: Bombirdier\n|\n|-heal|p1a: Espathra|247/283|[from] item: Leftovers\n|-ability|p1a: Espathra|Speed Boost|boost\n|-boost|p1a: Espathra|spe|1\n|upkeep\n|inactive|Wamoya has 120 seconds left.\n|\n|t:|1732962194\n|switch|p2a: Chi-Yu|Chi-Yu, L77|211/211\n|-ability|p2a: Chi-Yu|Beads of Ruin\n|turn|11\n|\n|t:|1732962218\n|move|p1a: Espathra|Substitute|p1a: Espathra\n|-start|p1a: Espathra|Substitute\n|-damage|p1a: Espathra|177/283\n|move|p2a: Chi-Yu|Dark Pulse|p1a: Espathra\n|-resisted|p1a: Espathra\n|-activate|p1a: Espathra|move: Substitute|[damage]\n|\n|-heal|p1a: Espathra|194/283|[from] item: Leftovers\n|-ability|p1a: Espathra|Speed Boost|boost\n|-boost|p1a: Espathra|spe|1\n|upkeep\n|turn|12\n|inactive|Wamoya has 90 seconds left.\n|\n|t:|1732962244\n|move|p1a: Espathra|Calm Mind|p1a: Espathra\n|-boost|p1a: Espathra|spa|1\n|-boost|p1a: Espathra|spd|1\n|move|p2a: Chi-Yu|Fire Blast|p1a: Espathra\n|-end|p1a: Espathra|Substitute\n|\n|-heal|p1a: Espathra|211/283|[from] item: Leftovers\n|-ability|p1a: Espathra|Speed Boost|boost\n|-boost|p1a: Espathra|spe|1\n|upkeep\n|turn|13\n|inactive|Wamoya has 90 seconds left.\n|\n|t:|1732962256\n|move|p1a: Espathra|Dazzling Gleam|p2a: Chi-Yu\n|-damage|p2a: Chi-Yu|81/211\n|move|p2a: Chi-Yu|Fire Blast|p1a: Espathra|[miss]\n|-miss|p2a: Chi-Yu|p1a: Espathra\n|\n|-heal|p1a: Espathra|228/283|[from] item: Leftovers\n|-ability|p1a: Espathra|Speed Boost|boost\n|-boost|p1a: Espathra|spe|1\n|upkeep\n|turn|14\n|inactive|Wamoya has 90 seconds left.\n|\n|t:|1732962266\n|move|p1a: Espathra|Dazzling Gleam|p2a: Chi-Yu\n|-damage|p2a: Chi-Yu|0 fnt\n|faint|p2a: Chi-Yu\n|\n|-heal|p1a: Espathra|245/283|[from] item: Leftovers\n|upkeep\n|inactive|Wamoya has 90 seconds left.\n|\n|t:|1732962285\n|switch|p2a: Dialga|Dialga, L73|257/266\n|-damage|p2a: Dialga|241/266|[from] Stealth Rock\n|-ability|p2a: Dialga|Pressure\n|turn|15\n|\n|t:|1732962293\n|move|p1a: Espathra|Substitute|p1a: Espathra\n|-start|p1a: Espathra|Substitute\n|-damage|p1a: Espathra|175/283\n|move|p2a: Dialga|Heavy Slam|p1a: Espathra\n|-supereffective|p1a: Espathra\n|-end|p1a: Espathra|Substitute\n|\n|-heal|p1a: Espathra|192/283|[from] item: Leftovers\n|-heal|p2a: Dialga|257/266|[from] item: Leftovers\n|upkeep\n|turn|16\n|inactive|Wamoya has 90 seconds left.\n|\n|t:|1732962302\n|move|p1a: Espathra|Stored Power|p2a: Dialga\n|-resisted|p2a: Dialga\n|-damage|p2a: Dialga|28/266\n|move|p2a: Dialga|Heavy Slam|p1a: Espathra\n|-supereffective|p1a: Espathra\n|-damage|p1a: Espathra|0 fnt\n|faint|p1a: Espathra\n|\n|-heal|p2a: Dialga|44/266|[from] item: Leftovers\n|upkeep\n|\n|t:|1732962314\n|switch|p1a: Dachsbun|Dachsbun, L92, F|254/254\n|turn|17\n|\n|t:|1732962318\n|move|p1a: Dachsbun|Stomping Tantrum|p2a: Dialga\n|-supereffective|p2a: Dialga\n|-damage|p2a: Dialga|0 fnt\n|faint|p2a: Dialga\n|\n|upkeep\n|inactive|Wamoya has 90 seconds left.\n|\n|t:|1732962367\n|switch|p2a: Brambleghast|Brambleghast, L88, F|240/240\n|-damage|p2a: Brambleghast|210/240|[from] Stealth Rock\n|turn|18\n|inactive|hamzzash has 120 seconds left.\n|\n|t:|1732962406\n|switch|p1a: Dialga|Dialga-Origin, L73|266/266\n|-ability|p1a: Dialga|Pressure\n|move|p2a: Brambleghast|Substitute|p2a: Brambleghast\n|-start|p2a: Brambleghast|Substitute\n|-damage|p2a: Brambleghast|150/240\n|\n|-heal|p2a: Brambleghast|165/240|[from] item: Leftovers\n|upkeep\n|turn|19\n|inactive|hamzzash has 120 seconds left.\n|\n|t:|1732962421\n|move|p2a: Brambleghast|Leech Seed|p1a: Dialga\n|-start|p1a: Dialga|move: Leech Seed\n|move|p1a: Dialga|Fire Blast|p2a: Brambleghast|[miss]\n|-miss|p1a: Dialga|p2a: Brambleghast\n|\n|-heal|p2a: Brambleghast|180/240|[from] item: Leftovers\n|-damage|p1a: Dialga|233/266|[from] Leech Seed|[of] p2a: Brambleghast\n|-heal|p2a: Brambleghast|213/240|[silent]\n|upkeep\n|turn|20\n|inactive|hamzzash has 120 seconds left.\n|\n|t:|1732962437\n|switch|p1a: Azumarill|Azumarill, L82, F|298/298\n|move|p2a: Brambleghast|Poltergeist|p1a: Azumarill\n|-activate|p1a: Azumarill|move: Poltergeist|Choice Band\n|-damage|p1a: Azumarill|150/298\n|\n|-heal|p2a: Brambleghast|228/240|[from] item: Leftovers\n|upkeep\n|turn|21\n|\n|t:|1732962446\n|move|p2a: Brambleghast|Power Whip|p1a: Azumarill\n|-supereffective|p1a: Azumarill\n|-damage|p1a: Azumarill|0 fnt\n|faint|p1a: Azumarill\n|\n|-heal|p2a: Brambleghast|240/240|[from] item: Leftovers\n|upkeep\n|\n|t:|1732962453\n|switch|p1a: Dachsbun|Dachsbun, L92, F|254/254\n|turn|22\n|\n|t:|1732962457\n|move|p1a: Dachsbun|Play Rough|p2a: Brambleghast\n|-end|p2a: Brambleghast|Substitute\n|move|p2a: Brambleghast|Leech Seed|p1a: Dachsbun\n|-start|p1a: Dachsbun|move: Leech Seed\n|\n|-damage|p1a: Dachsbun|223/254|[from] Leech Seed|[of] p2a: Brambleghast\n|upkeep\n|turn|23\n|inactive|Wamoya has 90 seconds left.\n|\n|t:|1732962471\n|-terastallize|p2a: Brambleghast|Steel\n|move|p1a: Dachsbun|Play Rough|p2a: Brambleghast\n|-resisted|p2a: Brambleghast\n|-damage|p2a: Brambleghast|188/240\n|move|p2a: Brambleghast|Substitute|p2a: Brambleghast\n|-start|p2a: Brambleghast|Substitute\n|-damage|p2a: Brambleghast|128/240\n|\n|-heal|p1a: Dachsbun|238/254|[from] item: Leftovers\n|-heal|p2a: Brambleghast|143/240|[from] item: Leftovers\n|-damage|p1a: Dachsbun|207/254|[from] Leech Seed|[of] p2a: Brambleghast\n|-heal|p2a: Brambleghast|174/240|[silent]\n|upkeep\n|turn|24\n|inactive|Wamoya has 90 seconds left.\n|\n|t:|1732962502\n|switch|p1a: Dialga|Dialga-Origin, L73|233/266\n|-ability|p1a: Dialga|Pressure\n|move|p2a: Brambleghast|Poltergeist|p1a: Dialga\n|-activate|p1a: Dialga|move: Poltergeist|Adamant Crystal\n|-damage|p1a: Dialga|92/266\n|\n|-heal|p2a: Brambleghast|189/240|[from] item: Leftovers\n|upkeep\n|turn|25\n|\n|t:|1732962514\n|move|p2a: Brambleghast|Poltergeist|p1a: Dialga\n|-activate|p1a: Dialga|move: Poltergeist|Adamant Crystal\n|-damage|p1a: Dialga|0 fnt\n|faint|p1a: Dialga\n|\n|-heal|p2a: Brambleghast|204/240|[from] item: Leftovers\n|upkeep\n|\n|t:|1732962520\n|switch|p1a: Dachsbun|Dachsbun, L92, F|207/254\n|turn|26\n|\n|t:|1732962523\n|move|p1a: Dachsbun|Protect|p1a: Dachsbun\n|-singleturn|p1a: Dachsbun|Protect\n|move|p2a: Brambleghast|Leech Seed|p1a: Dachsbun\n|-activate|p1a: Dachsbun|move: Protect\n|\n|-heal|p1a: Dachsbun|222/254|[from] item: Leftovers\n|-heal|p2a: Brambleghast|219/240|[from] item: Leftovers\n|upkeep\n|turn|27\n|inactive|Wamoya has 90 seconds left.\n|\n|t:|1732962532\n|move|p1a: Dachsbun|Stomping Tantrum|p2a: Brambleghast\n|-supereffective|p2a: Brambleghast\n|-end|p2a: Brambleghast|Substitute\n|move|p2a: Brambleghast|Leech Seed|p1a: Dachsbun\n|-start|p1a: Dachsbun|move: Leech Seed\n|\n|-heal|p1a: Dachsbun|237/254|[from] item: Leftovers\n|-heal|p2a: Brambleghast|234/240|[from] item: Leftovers\n|-damage|p1a: Dachsbun|206/254|[from] Leech Seed|[of] p2a: Brambleghast\n|-heal|p2a: Brambleghast|240/240|[silent]\n|upkeep\n|turn|28\n|inactive|Wamoya has 90 seconds left.\n|\n|t:|1732962549\n|switch|p2a: Braviary|Braviary, L85, M|309/309\n|move|p1a: Dachsbun|Stomping Tantrum|p2a: Braviary\n|-immune|p2a: Braviary\n|\n|-heal|p1a: Dachsbun|221/254|[from] item: Leftovers\n|-damage|p1a: Dachsbun|190/254|[from] Leech Seed|[of] p2a: Braviary\n|upkeep\n|turn|29\n|inactive|Wamoya has 90 seconds left.\n|\n|t:|1732962572\n|move|p1a: Dachsbun|Wish|p1a: Dachsbun\n|move|p2a: Braviary|Brave Bird|p1a: Dachsbun\n|-damage|p1a: Dachsbun|78/254\n|-damage|p2a: Braviary|272/309|[from] Recoil\n|\n|-heal|p1a: Dachsbun|93/254|[from] item: Leftovers\n|-damage|p1a: Dachsbun|62/254|[from] Leech Seed|[of] p2a: Braviary\n|-heal|p2a: Braviary|303/309|[silent]\n|upkeep\n|turn|30\n|\n|t:|1732962580\n|switch|p1a: Seviper|Seviper, L93, F|287/287\n|move|p2a: Braviary|Brave Bird|p1a: Seviper\n|-damage|p1a: Seviper|89/287\n|-damage|p2a: Braviary|238/309|[from] Recoil\n|\n|-heal|p1a: Seviper|216/287|[from] move: Wish|[wisher] Dachsbun\n|-heal|p1a: Seviper|233/287|[from] item: Leftovers\n|upkeep\n|turn|31\n|\n|t:|1732962604\n|move|p2a: Braviary|Brave Bird|p1a: Seviper\n|-damage|p1a: Seviper|35/287\n|-damage|p2a: Braviary|173/309|[from] Recoil\n|move|p1a: Seviper|Trailblaze|p2a: Braviary\n|-resisted|p2a: Braviary\n|-damage|p2a: Braviary|149/309\n|-boost|p1a: Seviper|spe|1\n|\n|-heal|p1a: Seviper|52/287|[from] item: Leftovers\n|upkeep\n|turn|32\n|\n|t:|1732962614\n|move|p1a: Seviper|Gunk Shot|p2a: Braviary\n|-damage|p2a: Braviary|0 fnt\n|faint|p2a: Braviary\n|\n|-heal|p1a: Seviper|69/287|[from] item: Leftovers\n|upkeep\n|inactive|Wamoya has 60 seconds left.\n|\n|t:|1732962647\n|switch|p2a: Ambipom|Ambipom, L84, M|263/263\n|-damage|p2a: Ambipom|231/263|[from] Stealth Rock\n|turn|33\n|inactive|hamzzash has 120 seconds left.\n|\n|t:|1732962695\n|move|p1a: Seviper|Gunk Shot|p2a: Ambipom\n|-damage|p2a: Ambipom|23/263\n|move|p2a: Ambipom|Double-Edge|p1a: Seviper\n|-damage|p1a: Seviper|0 fnt\n|faint|p1a: Seviper\n|-damage|p2a: Ambipom|0 fnt|[from] Recoil\n|faint|p2a: Ambipom\n|\n|upkeep\n|\n|t:|1732962704\n|switch|p2a: Brambleghast|Brambleghast, L88, F, tera:Steel|240/240\n|switch|p1a: Dachsbun|Dachsbun, L92, F|62/254\n|-damage|p2a: Brambleghast|225/240|[from] Stealth Rock\n|turn|34\n|\n|t:|1732962709\n|move|p1a: Dachsbun|Protect|p1a: Dachsbun\n|-singleturn|p1a: Dachsbun|Protect\n|move|p2a: Brambleghast|Substitute|p2a: Brambleghast\n|-start|p2a: Brambleghast|Substitute\n|-damage|p2a: Brambleghast|165/240\n|\n|-heal|p1a: Dachsbun|77/254|[from] item: Leftovers\n|-heal|p2a: Brambleghast|180/240|[from] item: Leftovers\n|upkeep\n|turn|35\n|\n|t:|1732962723\n|move|p1a: Dachsbun|Wish|p1a: Dachsbun\n|move|p2a: Brambleghast|Poltergeist|p1a: Dachsbun\n|-activate|p1a: Dachsbun|move: Poltergeist|Leftovers\n|-damage|p1a: Dachsbun|0 fnt\n|faint|p1a: Dachsbun\n|\n|win|Wamoya\n|raw|hamzzash's rating: 1107 &rarr; <strong>1083</strong><br />(-24 for losing)\n|raw|Wamoya's rating: 1118 &rarr; <strong>1142</strong><br />(+24 for winning)\n|l|\u2606hamzzash\n|player|p1|\n|c|\u2606Wamoya|gg\n", "inputlog": ">version b107d77f5c90bd6555267ae244a6264823309ead\n>start {\"formatid\":\"gen9randombattle\",\"seed\":[56342,48116,12997,419],\"rated\":\"Rated battle\"}\n>player p1 {\"name\":\"hamzzash\",\"avatar\":\"101\",\"rating\":1107,\"seed\":[49944,50515,37697,60904]}\n>player p2 {\"name\":\"Wamoya\",\"avatar\":\"nate\",\"rating\":1118,\"seed\":[42659,46749,41783,17306]}\n>p1 move stealthrock\n>p2 move suckerpunch\n>p1 move flashcannon\n>p2 switch 3\n>p1 switch 2\n>p2 move dracometeor\n>p1 move quiverdance\n>p2 move thunderwave\n>p1 move quiverdance\n>p2 move fireblast\n>p1 move fierydance\n>p2 switch 3\n>p1 move bugbuzz\n>p2 move bravebird\n>p1 switch 3\n>p1 move calmmind terastallize\n>p2 move suckerpunch\n>p1 move substitute\n>p2 move knockoff\n>p1 move dazzlinggleam\n>p2 move knockoff\n>p2 switch 4\n>p1 move substitute\n>p2 move darkpulse\n>p1 move calmmind\n>p2 move fireblast\n>p1 move dazzlinggleam\n>p2 move fireblast\n>p1 move dazzlinggleam\n>p2 move fireblast\n>p2 switch 3\n>p1 move substitute\n>p2 move heavyslam\n>p1 move storedpower\n>p2 move heavyslam\n>p1 switch 6\n>p1 move stompingtantrum\n>p2 move heavyslam\n>p2 switch 5\n>p1 switch 2\n>p2 move substitute\n>p1 move fireblast\n>p2 move leechseed\n>p1 switch 4\n>p2 move poltergeist\n>p1 move icespinner\n>p2 move powerwhip\n>p1 switch 2\n>p1 move playrough\n>p2 move leechseed\n>p1 move playrough\n>p2 move substitute terastallize\n>p1 switch 4\n>p2 move poltergeist\n>p1 move fireblast\n>p2 move poltergeist\n>p1 switch 4\n>p1 move protect\n>p2 move leechseed\n>p1 move stompingtantrum\n>p2 move leechseed\n>p1 move stompingtantrum\n>p2 switch 6\n>p1 move wish\n>p2 move bravebird\n>p1 switch 5\n>p2 move bravebird\n>p1 move trailblaze\n>p2 move bravebird\n>p1 move gunkshot\n>p2 move roost\n>p2 switch 2\n>p1 move gunkshot\n>p2 move doubleedge\n>p1 switch 5\n>p2 switch 6\n>p1 move protect\n>p2 move substitute\n>p1 move wish\n>p2 move poltergeist", "uploadtime": 1732962738, "views": 4, "formatid": "gen9randombattle", "rating": 1083, "private": 0, "password": null}