{"id": "gen9randombattle-2253888954", "format": "[Gen 9] Random Battle", "players": ["rvalenc", "Ninuga"], "log": "|j|\u2606rvalenc\n|j|\u2606Ninuga\n|t:|1732957071\n|gametype|singles\n|player|p1|rvalenc|ethan|1860\n|player|p2|Ninuga|marlon|1758\n|teamsize|p1|6\n|teamsize|p2|6\n|gen|9\n|tier|[Gen 9] Random Battle\n|rated|\n|rule|Species Clause: Limit one of each Pok\u00e9mon\n|rule|HP Percentage Mod: HP is shown in percentages\n|rule|Sleep Clause Mod: Limit one foe put to sleep\n|rule|Illusion Level Mod: Illusion disguises the Pok\u00e9mon's true level\n|\n|t:|1732957071\n|start\n|switch|p1a: Kricketune|Kricketune, L99, F|311/311\n|switch|p2a: Salazzle|Salazzle, L83, F|249/249\n|turn|1\n|\n|t:|1732957081\n|move|p2a: Salazzle|Fire Blast|p1a: Kricketune|[miss]\n|-miss|p2a: Salazzle|p1a: Kricketune\n|move|p1a: Kricketune|Pounce|p2a: Salazzle\n|-resisted|p2a: Salazzle\n|-damage|p2a: Salazzle|219/249\n|-unboost|p2a: Salazzle|spe|1\n|\n|upkeep\n|turn|2\n|\n|t:|1732957085\n|move|p1a: Kricketune|Sticky Web|p2a: Salazzle\n|-sidestart|p2: Ninuga|move: Sticky Web\n|move|p2a: Salazzle|Fire Blast|p1a: Kricketune\n|-supereffective|p1a: Kricketune\n|-damage|p1a: Kricketune|17/311\n|\n|upkeep\n|turn|3\n|\n|t:|1732957091\n|move|p1a: Kricketune|Knock Off|p2a: Salazzle\n|-damage|p2a: Salazzle|96/249\n|-enditem|p2a: Salazzle|Heavy-Duty Boots|[from] move: Knock Off|[of] p1a: Kricketune\n|move|p2a: Salazzle|Tera Blast|p1a: Kricketune\n|-damage|p1a: Kricketune|0 fnt\n|faint|p1a: Kricketune\n|\n|upkeep\n|\n|t:|1732957105\n|switch|p1a: Thundurus|Thundurus-Therian, L80, M|258/258\n|turn|4\n|\n|t:|1732957110\n|move|p1a: Thundurus|Thunderbolt|p2a: Salazzle\n|-damage|p2a: Salazzle|0 fnt\n|faint|p2a: Salazzle\n|\n|upkeep\n|\n|t:|1732957113\n|switch|p2a: Pachirisu|Pachirisu, L96, M|271/271\n|turn|5\n|\n|t:|1732957124\n|move|p2a: Pachirisu|Super Fang|p1a: Thundurus\n|-damage|p1a: Thundurus|129/258\n|move|p1a: Thundurus|Nasty Plot|p1a: Thundurus\n|-boost|p1a: Thundurus|spa|2\n|\n|upkeep\n|turn|6\n|\n|t:|1732957128\n|move|p2a: Pachirisu|Super Fang|p1a: Thundurus\n|-damage|p1a: Thundurus|65/258\n|move|p1a: Thundurus|Focus Blast|p2a: Pachirisu|[miss]\n|-miss|p1a: Thundurus|p2a: Pachirisu\n|\n|upkeep\n|turn|7\n|\n|t:|1732957139\n|move|p2a: Pachirisu|U-turn|p1a: Thundurus\n|-resisted|p1a: Thundurus\n|-damage|p1a: Thundurus|41/258\n|\n|t:|1732957149\n|switch|p2a: Swalot|Swalot, L90, F|326/326|[from] U-turn\n|-activate|p2a: Swalot|move: Sticky Web\n|-unboost|p2a: Swalot|spe|1\n|move|p1a: Thundurus|Focus Blast|p2a: Swalot\n|-resisted|p2a: Swalot\n|-damage|p2a: Swalot|213/326\n|\n|-heal|p2a: Swalot|233/326|[from] item: Leftovers\n|upkeep\n|turn|8\n|\n|t:|1732957154\n|move|p1a: Thundurus|Thunderbolt|p2a: Swalot\n|-damage|p2a: Swalot|0 fnt\n|faint|p2a: Swalot\n|\n|upkeep\n|\n|t:|1732957156\n|switch|p2a: Bombirdier|Bombirdier, L85, M|258/258\n|turn|9\n|\n|t:|1732957163\n|switch|p1a: Mudsdale|Mudsdale, L84, M|305/305\n|move|p2a: Bombirdier|Sucker Punch||[still]\n|-fail|p2a: Bombirdier\n|\n|upkeep\n|turn|10\n|\n|t:|1732957171\n|switch|p2a: Ambipom|Ambipom, L84, F|263/263\n|-activate|p2a: Ambipom|move: Sticky Web\n|-unboost|p2a: Ambipom|spe|1\n|move|p1a: Mudsdale|Stone Edge|p2a: Ambipom\n|-damage|p2a: Ambipom|116/263\n|\n|upkeep\n|turn|11\n|\n|t:|1732957178\n|switch|p1a: Crabominable|Crabominable, L90, F|321/321\n|move|p2a: Ambipom|Double-Edge|p1a: Crabominable\n|-damage|p1a: Crabominable|165/321\n|-damage|p2a: Ambipom|65/263|[from] Recoil\n|\n|upkeep\n|turn|12\n|\n|t:|1732957184\n|move|p2a: Ambipom|Double-Edge|p1a: Crabominable\n|-damage|p1a: Crabominable|9/321\n|-damage|p2a: Ambipom|14/263|[from] Recoil\n|move|p1a: Crabominable|Drain Punch|p2a: Ambipom\n|-supereffective|p2a: Ambipom\n|-damage|p2a: Ambipom|0 fnt\n|-heal|p1a: Crabominable|16/321|[from] drain|[of] p2a: Ambipom\n|faint|p2a: Ambipom\n|\n|upkeep\n|\n|t:|1732957188\n|switch|p2a: Bombirdier|Bombirdier, L85, M|258/258\n|turn|13\n|\n|t:|1732957194\n|move|p2a: Bombirdier|Knock Off|p1a: Crabominable\n|-resisted|p1a: Crabominable\n|-damage|p1a: Crabominable|0 fnt\n|-enditem|p1a: Crabominable|Choice Band|[from] move: Knock Off|[of] p2a: Bombirdier\n|faint|p1a: Crabominable\n|\n|upkeep\n|\n|t:|1732957200\n|switch|p1a: Dipplin|Dipplin, L88, M|284/284\n|turn|14\n|\n|t:|1732957206\n|move|p2a: Bombirdier|Brave Bird|p1a: Dipplin\n|-supereffective|p1a: Dipplin\n|-damage|p1a: Dipplin|128/284\n|-damage|p2a: Bombirdier|207/258|[from] Recoil\n|move|p1a: Dipplin|Dragon Pulse|p2a: Bombirdier\n|-damage|p2a: Bombirdier|102/258\n|\n|upkeep\n|turn|15\n|\n|t:|1732957214\n|switch|p1a: Mudsdale|Mudsdale, L84, M|305/305\n|move|p2a: Bombirdier|Brave Bird|p1a: Mudsdale\n|-crit|p1a: Mudsdale\n|-damage|p1a: Mudsdale|127/305\n|-ability|p1a: Mudsdale|Stamina|boost\n|-boost|p1a: Mudsdale|def|1\n|-damage|p2a: Bombirdier|43/258|[from] Recoil\n|\n|upkeep\n|turn|16\n|\n|t:|1732957224\n|switch|p2a: Pachirisu|Pachirisu, L96, M|271/271\n|move|p1a: Mudsdale|Heavy Slam|p2a: Pachirisu\n|-resisted|p2a: Pachirisu\n|-damage|p2a: Pachirisu|188/271\n|\n|upkeep\n|turn|17\n|\n|t:|1732957231\n|switch|p1a: Dipplin|Dipplin, L88, M|128/284\n|move|p2a: Pachirisu|Super Fang|p1a: Dipplin\n|-damage|p1a: Dipplin|64/284\n|\n|upkeep\n|turn|18\n|\n|t:|1732957238\n|move|p2a: Pachirisu|Super Fang|p1a: Dipplin\n|-damage|p1a: Dipplin|32/284\n|move|p1a: Dipplin|Recover|p1a: Dipplin\n|-heal|p1a: Dipplin|174/284\n|\n|upkeep\n|turn|19\n|\n|t:|1732957241\n|move|p2a: Pachirisu|Encore|p1a: Dipplin\n|-start|p1a: Dipplin|Encore\n|move|p1a: Dipplin|Recover|p1a: Dipplin\n|-heal|p1a: Dipplin|284/284\n|\n|upkeep\n|turn|20\n|\n|t:|1732957244\n|switch|p1a: Mudsdale|Mudsdale, L84, M|127/305\n|move|p2a: Pachirisu|Super Fang|p1a: Mudsdale\n|-damage|p1a: Mudsdale|64/305\n|-ability|p1a: Mudsdale|Stamina|boost\n|-boost|p1a: Mudsdale|def|1\n|\n|upkeep\n|turn|21\n|\n|t:|1732957256\n|move|p2a: Pachirisu|Super Fang|p1a: Mudsdale\n|-damage|p1a: Mudsdale|32/305\n|-ability|p1a: Mudsdale|Stamina|boost\n|-boost|p1a: Mudsdale|def|1\n|move|p1a: Mudsdale|Body Press|p2a: Pachirisu\n|-damage|p2a: Pachirisu|2/271\n|\n|upkeep\n|turn|22\n|\n|t:|1732957269\n|move|p2a: Pachirisu|U-turn|p1a: Mudsdale\n|-crit|p1a: Mudsdale\n|-damage|p1a: Mudsdale|0 fnt\n|faint|p1a: Mudsdale\n|\n|t:|1732957276\n|switch|p2a: Bombirdier|Bombirdier, L85, M|43/258|[from] U-turn\n|\n|upkeep\n|\n|t:|1732957282\n|switch|p1a: Dipplin|Dipplin, L88, M|284/284\n|turn|23\n|\n|t:|1732957289\n|-terastallize|p2a: Bombirdier|Steel\n|move|p1a: Dipplin|Sucker Punch||[still]\n|-fail|p1a: Dipplin\n|move|p2a: Bombirdier|Roost|p2a: Bombirdier\n|-heal|p2a: Bombirdier|172/258\n|\n|upkeep\n|turn|24\n|\n|t:|1732957299\n|switch|p1a: Cresselia|Cresselia, L80, F|323/323\n|move|p2a: Bombirdier|Roost|p2a: Bombirdier\n|-heal|p2a: Bombirdier|258/258\n|\n|upkeep\n|turn|25\n|\n|t:|1732957305\n|-terastallize|p1a: Cresselia|Steel\n|move|p2a: Bombirdier|Knock Off|p1a: Cresselia\n|-damage|p1a: Cresselia|220/323\n|-enditem|p1a: Cresselia|Leftovers|[from] move: Knock Off|[of] p2a: Bombirdier\n|move|p1a: Cresselia|Calm Mind|p1a: Cresselia\n|-boost|p1a: Cresselia|spa|1\n|-boost|p1a: Cresselia|spd|1\n|\n|upkeep\n|turn|26\n|\n|t:|1732957315\n|switch|p2a: Gumshoos|Gumshoos, L95, F|321/321\n|-activate|p2a: Gumshoos|move: Sticky Web\n|-unboost|p2a: Gumshoos|spe|1\n|move|p1a: Cresselia|Moonlight|p1a: Cresselia\n|-heal|p1a: Cresselia|323/323\n|\n|upkeep\n|turn|27\n|\n|t:|1732957323\n|move|p1a: Cresselia|Calm Mind|p1a: Cresselia\n|-boost|p1a: Cresselia|spa|1\n|-boost|p1a: Cresselia|spd|1\n|move|p2a: Gumshoos|Double-Edge|p1a: Cresselia\n|-resisted|p1a: Cresselia\n|-damage|p1a: Cresselia|203/323\n|-damage|p2a: Gumshoos|281/321|[from] Recoil\n|\n|upkeep\n|turn|28\n|\n|t:|1732957336\n|move|p1a: Cresselia|Moonblast|p2a: Gumshoos\n|-damage|p2a: Gumshoos|165/321\n|move|p2a: Gumshoos|Double-Edge|p1a: Cresselia\n|-resisted|p1a: Cresselia\n|-damage|p1a: Cresselia|85/323\n|-damage|p2a: Gumshoos|126/321|[from] Recoil\n|\n|upkeep\n|turn|29\n|\n|t:|1732957342\n|move|p1a: Cresselia|Moonlight|p1a: Cresselia\n|-heal|p1a: Cresselia|246/323\n|move|p2a: Gumshoos|Double-Edge|p1a: Cresselia\n|-resisted|p1a: Cresselia\n|-damage|p1a: Cresselia|129/323\n|-damage|p2a: Gumshoos|87/321|[from] Recoil\n|\n|upkeep\n|turn|30\n|\n|t:|1732957347\n|move|p1a: Cresselia|Moonlight|p1a: Cresselia\n|-heal|p1a: Cresselia|290/323\n|move|p2a: Gumshoos|Double-Edge|p1a: Cresselia\n|-resisted|p1a: Cresselia\n|-damage|p1a: Cresselia|167/323\n|-damage|p2a: Gumshoos|46/321|[from] Recoil\n|\n|upkeep\n|turn|31\n|\n|t:|1732957355\n|move|p1a: Cresselia|Moonlight|p1a: Cresselia\n|-heal|p1a: Cresselia|323/323\n|move|p2a: Gumshoos|Double-Edge|p1a: Cresselia\n|-resisted|p1a: Cresselia\n|-damage|p1a: Cresselia|201/323\n|-damage|p2a: Gumshoos|6/321|[from] Recoil\n|\n|upkeep\n|turn|32\n|\n|t:|1732957362\n|move|p1a: Cresselia|Moonlight|p1a: Cresselia\n|-heal|p1a: Cresselia|323/323\n|move|p2a: Gumshoos|Double-Edge|p1a: Cresselia\n|-resisted|p1a: Cresselia\n|-damage|p1a: Cresselia|213/323\n|-damage|p2a: Gumshoos|0 fnt|[from] Recoil\n|faint|p2a: Gumshoos\n|\n|upkeep\n|\n|t:|1732957368\n|switch|p2a: Pachirisu|Pachirisu, L96, M|2/271\n|turn|33\n|\n|t:|1732957373\n|move|p2a: Pachirisu|Encore|p1a: Cresselia\n|-start|p1a: Cresselia|Encore\n|move|p1a: Cresselia|Moonlight|p1a: Cresselia\n|-heal|p1a: Cresselia|323/323\n|\n|upkeep\n|turn|34\n|\n|t:|1732957378\n|switch|p1a: Dipplin|Dipplin, L88, M|284/284\n|move|p2a: Pachirisu|Super Fang|p1a: Dipplin\n|-damage|p1a: Dipplin|142/284\n|\n|upkeep\n|turn|35\n|\n|t:|1732957388\n|switch|p2a: Bombirdier|Bombirdier, L85, M, tera:Steel|258/258\n|move|p1a: Dipplin|Dragon Pulse|p2a: Bombirdier\n|-resisted|p2a: Bombirdier\n|-damage|p2a: Bombirdier|204/258\n|\n|upkeep\n|turn|36\n|\n|t:|1732957394\n|move|p2a: Bombirdier|Brave Bird|p1a: Dipplin\n|-supereffective|p1a: Dipplin\n|-crit|p1a: Dipplin\n|-damage|p1a: Dipplin|0 fnt\n|faint|p1a: Dipplin\n|-damage|p2a: Bombirdier|157/258|[from] Recoil\n|\n|upkeep\n|\n|t:|1732957398\n|switch|p1a: Thundurus|Thundurus-Therian, L80, M|41/258\n|turn|37\n|\n|t:|1732957404\n|move|p2a: Bombirdier|Sucker Punch|p1a: Thundurus\n|-damage|p1a: Thundurus|0 fnt\n|faint|p1a: Thundurus\n|\n|upkeep\n|\n|t:|1732957406\n|switch|p1a: Cresselia|Cresselia, L80, F, tera:Steel|323/323\n|turn|38\n|\n|t:|1732957413\n|switch|p2a: Pachirisu|Pachirisu, L96, M|2/271\n|move|p1a: Cresselia|Calm Mind|p1a: Cresselia\n|-boost|p1a: Cresselia|spa|1\n|-boost|p1a: Cresselia|spd|1\n|\n|upkeep\n|turn|39\n|\n|t:|1732957418\n|move|p2a: Pachirisu|Encore|p1a: Cresselia\n|-start|p1a: Cresselia|Encore\n|move|p1a: Cresselia|Calm Mind|p1a: Cresselia\n|-boost|p1a: Cresselia|spa|1\n|-boost|p1a: Cresselia|spd|1\n|\n|upkeep\n|turn|40\n|\n|t:|1732957422\n|move|p2a: Pachirisu|Super Fang|p1a: Cresselia\n|-damage|p1a: Cresselia|162/323\n|move|p1a: Cresselia|Calm Mind|p1a: Cresselia\n|-boost|p1a: Cresselia|spa|1\n|-boost|p1a: Cresselia|spd|1\n|\n|upkeep\n|turn|41\n|\n|t:|1732957424\n|move|p2a: Pachirisu|Super Fang|p1a: Cresselia\n|-damage|p1a: Cresselia|81/323\n|move|p1a: Cresselia|Calm Mind|p1a: Cresselia\n|-boost|p1a: Cresselia|spa|1\n|-boost|p1a: Cresselia|spd|1\n|\n|-end|p1a: Cresselia|Encore\n|upkeep\n|turn|42\n|\n|t:|1732957427\n|move|p2a: Pachirisu|Encore|p1a: Cresselia\n|-start|p1a: Cresselia|Encore\n|move|p1a: Cresselia|Calm Mind|p1a: Cresselia\n|-boost|p1a: Cresselia|spa|1\n|-boost|p1a: Cresselia|spd|1\n|\n|upkeep\n|turn|43\n|\n|t:|1732957430\n|move|p2a: Pachirisu|Super Fang|p1a: Cresselia\n|-damage|p1a: Cresselia|41/323\n|move|p1a: Cresselia|Calm Mind|p1a: Cresselia\n|-boost|p1a: Cresselia|spa|1\n|-boost|p1a: Cresselia|spd|1\n|\n|upkeep\n|turn|44\n|\n|t:|1732957433\n|move|p2a: Pachirisu|Super Fang|p1a: Cresselia\n|-damage|p1a: Cresselia|21/323\n|move|p1a: Cresselia|Calm Mind|p1a: Cresselia\n|-boost|p1a: Cresselia|spa|0\n|-boost|p1a: Cresselia|spd|0\n|\n|-end|p1a: Cresselia|Encore\n|upkeep\n|turn|45\n|\n|t:|1732957435\n|move|p2a: Pachirisu|Encore|p1a: Cresselia\n|-start|p1a: Cresselia|Encore\n|move|p1a: Cresselia|Calm Mind|p1a: Cresselia\n|-boost|p1a: Cresselia|spa|0\n|-boost|p1a: Cresselia|spd|0\n|\n|upkeep\n|turn|46\n|\n|t:|1732957437\n|move|p2a: Pachirisu|Super Fang|p1a: Cresselia\n|-damage|p1a: Cresselia|11/323\n|move|p1a: Cresselia|Calm Mind|p1a: Cresselia\n|-boost|p1a: Cresselia|spa|0\n|-boost|p1a: Cresselia|spd|0\n|\n|upkeep\n|turn|47\n|\n|t:|1732957441\n|move|p2a: Pachirisu|Discharge|p1a: Cresselia\n|-damage|p1a: Cresselia|0 fnt\n|faint|p1a: Cresselia\n|\n|win|Ninuga\n|raw|rvalenc's rating: 1860 &rarr; <strong>1834</strong><br />(-26 for losing)\n|raw|Ninuga's rating: 1758 &rarr; <strong>1784</strong><br />(+26 for winning)\n|l|\u2606rvalenc\n|player|p1|\n", "inputlog": ">version b107d77f5c90bd6555267ae244a6264823309ead\n>start {\"formatid\":\"gen9randombattle\",\"seed\":[64125,56498,45457,5955],\"rated\":\"Rated battle\"}\n>player p1 {\"name\":\"rvalenc\",\"avatar\":\"ethan\",\"rating\":1860,\"seed\":[51841,11152,37278,39199]}\n>player p2 {\"name\":\"Ninuga\",\"avatar\":\"marlon\",\"rating\":1758,\"seed\":[34924,15117,59923,51892]}\n>p1 move pounce\n>p2 move fireblast\n>p1 move stickyweb\n>p2 move fireblast\n>p1 move knockoff\n>p2 move terablast\n>p1 switch 6\n>p1 move thunderbolt\n>p2 move fireblast\n>p2 switch 4\n>p1 move nastyplot\n>p2 move superfang\n>p1 move focusblast\n>p2 move superfang\n>p1 move focusblast\n>p2 move uturn\n>p2 switch 6\n>p1 move thunderbolt\n>p2 move knockoff\n>p2 switch 5\n>p1 switch 4\n>p2 move suckerpunch\n>p1 move stoneedge\n>p2 switch 3\n>p1 switch 2\n>p2 move doubleedge\n>p1 move drainpunch\n>p2 move doubleedge\n>p2 switch 3\n>p1 move drainpunch\n>p2 move knockoff\n>p1 switch 3\n>p1 move dragonpulse\n>p2 move bravebird\n>p1 switch 2\n>p2 move bravebird\n>p1 move heavyslam\n>p2 switch 6\n>p1 switch 2\n>p2 move superfang\n>p1 move recover\n>p2 move superfang\n>p1 move recover\n>p2 move encore\n>p1 switch 2\n>p2 move superfang\n>p1 move bodypress\n>p2 move superfang\n>p1 move bodypress\n>p2 move uturn\n>p2 switch 6\n>p1 switch 2\n>p1 move suckerpunch\n>p2 move roost terastallize\n>p1 switch 5\n>p2 move roost\n>p1 move calmmind terastallize\n>p2 move knockoff\n>p1 move moonlight\n>p2 switch 2\n>p1 move calmmind\n>p2 move doubleedge\n>p1 move moonblast\n>p2 move doubleedge\n>p1 move moonlight\n>p2 move doubleedge\n>p1 move moonlight\n>p2 move doubleedge\n>p1 move moonlight\n>p2 move doubleedge\n>p1 move moonlight\n>p2 move doubleedge\n>p2 switch 6\n>p1 move moonblast\n>p2 move encore\n>p1 switch 5\n>p2 move superfang\n>p1 move dragonpulse\n>p2 switch 2\n>p1 move recover\n>p2 move bravebird\n>p1 switch 4\n>p1 move focusblast\n>p2 move suckerpunch\n>p1 switch 5\n>p1 move calmmind\n>p2 switch 2\n>p1 move moonblast\n>p2 move encore\n>p1 move calmmind\n>p2 move superfang\n>p1 move calmmind\n>p2 move superfang\n>p1 move moonblast\n>p2 move encore\n>p1 move calmmind\n>p2 move superfang\n>p1 move calmmind\n>p2 move superfang\n>p1 move moonlight\n>p2 move encore\n>p1 move calmmind\n>p2 move superfang\n>p1 move calmmind\n>p2 move discharge", "uploadtime": 1732957451, "views": 3, "formatid": "gen9randombattle", "rating": 1784, "private": 0, "password": null}