{"id": "gen9randombattle-2254036838", "format": "[Gen 9] Random Battle", "players": ["Merczyy", "TrivagoGuy"], "log": "|j|\u2606Merczyy\n|j|\u2606TrivagoGuy\n|t:|1732983225\n|gametype|singles\n|player|p1|Merczyy|lucas-gen4pt|1459\n|player|p2|TrivagoGuy|worker|1449\n|teamsize|p1|6\n|teamsize|p2|6\n|gen|9\n|tier|[Gen 9] Random Battle\n|rated|\n|rule|Species Clause: Limit one of each Pok\u00e9mon\n|rule|HP Percentage Mod: HP is shown in percentages\n|rule|Sleep Clause Mod: Limit one foe put to sleep\n|rule|Illusion Level Mod: Illusion disguises the Pok\u00e9mon's true level\n|\n|t:|1732983225\n|start\n|switch|p1a: Cobalion|Cobalion, L80|277/277\n|switch|p2a: Crawdaunt|Crawdaunt, L84, M|243/243\n|turn|1\n|\n|t:|1732983231\n|switch|p2a: Amoonguss|Amoonguss, L82, F|321/321\n|move|p1a: Cobalion|Swords Dance|p1a: Cobalion\n|-boost|p1a: Cobalion|atk|2\n|\n|upkeep\n|turn|2\n|\n|t:|1732983237\n|move|p1a: Cobalion|Iron Head|p2a: Amoonguss\n|-damage|p2a: Amoonguss|95/321\n|-damage|p1a: Cobalion|231/277|[from] item: Rocky Helmet|[of] p2a: Amoonguss\n|-damage|p1a: Cobalion|204/277|[from] item: Life Orb\n|move|p2a: Amoonguss|Spore|p1a: Cobalion\n|-status|p1a: Cobalion|slp|[from] move: Spore\n|\n|upkeep\n|turn|3\n|\n|t:|1732983245\n|cant|p1a: Cobalion|slp\n|move|p2a: Amoonguss|Stomping Tantrum|p1a: Cobalion\n|-supereffective|p1a: Cobalion\n|-damage|p1a: Cobalion|138/277 slp\n|\n|upkeep\n|turn|4\n|\n|t:|1732983270\n|switch|p2a: Golem|Golem, L87, M|281/281\n|cant|p1a: Cobalion|slp\n|\n|upkeep\n|turn|5\n|\n|t:|1732983276\n|cant|p1a: Cobalion|slp\n|move|p2a: Golem|Stealth Rock|p1a: Cobalion\n|-sidestart|p1: Merczyy|move: Stealth Rock\n|\n|upkeep\n|turn|6\n|\n|t:|1732983280\n|-curestatus|p1a: Cobalion|slp|[msg]\n|move|p1a: Cobalion|Close Combat|p2a: Golem\n|-supereffective|p2a: Golem\n|-ability|p2a: Golem|Sturdy\n|-damage|p2a: Golem|1/281\n|-unboost|p1a: Cobalion|def|1\n|-unboost|p1a: Cobalion|spd|1\n|-damage|p1a: Cobalion|111/277|[from] item: Life Orb\n|move|p2a: Golem|Earthquake|p1a: Cobalion\n|-supereffective|p1a: Cobalion\n|-damage|p1a: Cobalion|0 fnt\n|faint|p1a: Cobalion\n|\n|upkeep\n|\n|t:|1732983287\n|switch|p1a: Staraptor|Staraptor, L79, M|263/263\n|-damage|p1a: Staraptor|198/263|[from] Stealth Rock\n|turn|7\n|-enditem|p2a: Golem|Custap Berry|[eat]\n|-activate|p2a: Golem|item: Custap Berry|[consumed]\n|\n|t:|1732983293\n|move|p1a: Staraptor|Quick Attack|p2a: Golem\n|-resisted|p2a: Golem\n|-damage|p2a: Golem|0 fnt\n|faint|p2a: Golem\n|\n|upkeep\n|inactive|Battle timer is ON: inactive players will automatically lose when time's up. (requested by Merczyy)\n|\n|t:|1732983304\n|switch|p2a: Wigglytuff|Wigglytuff, L96, M|424/424\n|turn|8\n|\n|t:|1732983308\n|switch|p1a: Muk|Muk, L86, F|321/321\n|-damage|p1a: Muk|281/321|[from] Stealth Rock\n|move|p2a: Wigglytuff|Thunder Wave|p1a: Muk\n|-status|p1a: Muk|par\n|\n|upkeep\n|turn|9\n|\n|t:|1732983320\n|switch|p2a: Amoonguss|Amoonguss, L82, F|202/321\n|move|p1a: Muk|Poison Jab|p2a: Amoonguss\n|-damage|p2a: Amoonguss|97/321\n|-damage|p1a: Muk|228/321 par|[from] item: Rocky Helmet|[of] p2a: Amoonguss\n|\n|upkeep\n|turn|10\n|\n|t:|1732983326\n|move|p2a: Amoonguss|Stomping Tantrum|p1a: Muk\n|-supereffective|p1a: Muk\n|-damage|p1a: Muk|126/321 par\n|cant|p1a: Muk|par\n|\n|upkeep\n|turn|11\n|\n|t:|1732983332\n|move|p2a: Amoonguss|Stomping Tantrum|p1a: Muk\n|-supereffective|p1a: Muk\n|-damage|p1a: Muk|20/321 par\n|move|p1a: Muk|Poison Jab|p2a: Amoonguss\n|-damage|p2a: Amoonguss|0 fnt\n|-damage|p1a: Muk|0 fnt|[from] item: Rocky Helmet|[of] p2a: Amoonguss\n|faint|p2a: Amoonguss\n|faint|p1a: Muk\n|\n|upkeep\n|\n|t:|1732983344\n|switch|p1a: Vigoroth|Vigoroth, L85, M|275/275\n|switch|p2a: Wigglytuff|Wigglytuff, L96, M|424/424\n|-damage|p1a: Vigoroth|241/275|[from] Stealth Rock\n|turn|12\n|\n|t:|1732983353\n|move|p1a: Vigoroth|Bulk Up|p1a: Vigoroth\n|-boost|p1a: Vigoroth|atk|1\n|-boost|p1a: Vigoroth|def|1\n|move|p2a: Wigglytuff|Thunder Wave|p1a: Vigoroth\n|-status|p1a: Vigoroth|par\n|\n|upkeep\n|turn|13\n|\n|t:|1732983359\n|move|p2a: Wigglytuff|Wish|p2a: Wigglytuff\n|move|p1a: Vigoroth|Body Slam|p2a: Wigglytuff\n|-damage|p2a: Wigglytuff|264/424\n|\n|-heal|p2a: Wigglytuff|290/424|[from] item: Leftovers\n|upkeep\n|turn|14\n|\n|t:|1732983365\n|move|p2a: Wigglytuff|Alluring Voice|p1a: Vigoroth\n|-damage|p1a: Vigoroth|156/275 par\n|cant|p1a: Vigoroth|par\n|\n|-heal|p2a: Wigglytuff|424/424|[from] move: Wish|[wisher] Wigglytuff\n|upkeep\n|turn|15\n|\n|t:|1732983368\n|move|p2a: Wigglytuff|Alluring Voice|p1a: Vigoroth\n|-damage|p1a: Vigoroth|59/275 par\n|move|p1a: Vigoroth|Body Slam|p2a: Wigglytuff\n|-damage|p2a: Wigglytuff|261/424\n|\n|-heal|p2a: Wigglytuff|287/424|[from] item: Leftovers\n|upkeep\n|turn|16\n|\n|t:|1732983373\n|move|p2a: Wigglytuff|Alluring Voice|p1a: Vigoroth\n|-damage|p1a: Vigoroth|0 fnt\n|faint|p1a: Vigoroth\n|\n|-heal|p2a: Wigglytuff|313/424|[from] item: Leftovers\n|upkeep\n|\n|t:|1732983388\n|switch|p1a: Cinderace|Cinderace, L77, F|249/249\n|-damage|p1a: Cinderace|187/249|[from] Stealth Rock\n|turn|17\n|\n|t:|1732983396\n|move|p1a: Cinderace|Gunk Shot|p2a: Wigglytuff|[miss]\n|-start|p1a: Cinderace|typechange|Poison|[from] ability: Libero\n|-miss|p1a: Cinderace|p2a: Wigglytuff\n|move|p2a: Wigglytuff|Thunder Wave|p1a: Cinderace\n|-status|p1a: Cinderace|par\n|\n|-heal|p2a: Wigglytuff|339/424|[from] item: Leftovers\n|upkeep\n|turn|18\n|\n|t:|1732983409\n|-terastallize|p2a: Wigglytuff|Poison\n|move|p2a: Wigglytuff|Wish|p2a: Wigglytuff\n|move|p1a: Cinderace|Gunk Shot|p2a: Wigglytuff\n|-resisted|p2a: Wigglytuff\n|-damage|p2a: Wigglytuff|212/424\n|\n|-heal|p2a: Wigglytuff|238/424|[from] item: Leftovers\n|upkeep\n|turn|19\n|\n|t:|1732983420\n|move|p2a: Wigglytuff|Alluring Voice|p1a: Cinderace\n|-resisted|p1a: Cinderace\n|-damage|p1a: Cinderace|129/249 par\n|move|p1a: Cinderace|Gunk Shot|p2a: Wigglytuff\n|-resisted|p2a: Wigglytuff\n|-damage|p2a: Wigglytuff|103/424\n|\n|-heal|p2a: Wigglytuff|315/424|[from] move: Wish|[wisher] Wigglytuff\n|-heal|p2a: Wigglytuff|341/424|[from] item: Leftovers\n|upkeep\n|turn|20\n|\n|t:|1732983424\n|switch|p1a: Staraptor|Staraptor, L79, M|198/263\n|-damage|p1a: Staraptor|133/263|[from] Stealth Rock\n|move|p2a: Wigglytuff|Wish|p2a: Wigglytuff\n|\n|-heal|p2a: Wigglytuff|367/424|[from] item: Leftovers\n|upkeep\n|turn|21\n|\n|t:|1732983427\n|move|p1a: Staraptor|Brave Bird|p2a: Wigglytuff\n|-damage|p2a: Wigglytuff|52/424\n|-damage|p1a: Staraptor|29/263|[from] Recoil\n|move|p2a: Wigglytuff|Thunder Wave|p1a: Staraptor\n|-status|p1a: Staraptor|par\n|\n|-heal|p2a: Wigglytuff|264/424|[from] move: Wish|[wisher] Wigglytuff\n|-heal|p2a: Wigglytuff|290/424|[from] item: Leftovers\n|upkeep\n|turn|22\n|\n|t:|1732983435\n|move|p2a: Wigglytuff|Protect|p2a: Wigglytuff\n|-singleturn|p2a: Wigglytuff|Protect\n|move|p1a: Staraptor|Brave Bird|p2a: Wigglytuff\n|-activate|p2a: Wigglytuff|move: Protect\n|\n|-heal|p2a: Wigglytuff|316/424|[from] item: Leftovers\n|upkeep\n|turn|23\n|\n|t:|1732983441\n|move|p2a: Wigglytuff|Alluring Voice|p1a: Staraptor\n|-damage|p1a: Staraptor|0 fnt\n|faint|p1a: Staraptor\n|\n|-heal|p2a: Wigglytuff|342/424|[from] item: Leftovers\n|upkeep\n|\n|t:|1732983445\n|switch|p1a: Dipplin|Dipplin, L88, F|284/284\n|-damage|p1a: Dipplin|249/284|[from] Stealth Rock\n|turn|24\n|\n|t:|1732983454\n|-terastallize|p1a: Dipplin|Steel\n|move|p2a: Wigglytuff|Thunder Wave|p1a: Dipplin|[miss]\n|-miss|p2a: Wigglytuff|p1a: Dipplin\n|move|p1a: Dipplin|Dragon Pulse|p2a: Wigglytuff\n|-damage|p2a: Wigglytuff|213/424\n|\n|-heal|p2a: Wigglytuff|239/424|[from] item: Leftovers\n|upkeep\n|turn|25\n|-message|Merczyy forfeited.\n|\n|win|TrivagoGuy\n|raw|Merczyy's rating: 1459 &rarr; <strong>1438</strong><br />(-21 for losing)\n|raw|TrivagoGuy's rating: 1449 &rarr; <strong>1470</strong><br />(+21 for winning)\n|l|\u2606Merczyy\n|player|p1|\n", "inputlog": ">version b107d77f5c90bd6555267ae244a6264823309ead\n>start {\"formatid\":\"gen9randombattle\",\"seed\":[31241,21309,19817,9586],\"rated\":\"Rated battle\"}\n>player p1 {\"name\":\"Merczyy\",\"avatar\":\"lucas-gen4pt\",\"rating\":1459,\"seed\":[10101,17536,7348,41208]}\n>player p2 {\"name\":\"TrivagoGuy\",\"avatar\":\"worker\",\"rating\":1449,\"seed\":[802,24837,38067,60201]}\n>p1 move swordsdance\n>p2 switch 5\n>p1 move ironhead\n>p2 move spore\n>p1 move ironhead\n>p2 move stompingtantrum\n>p1 move ironhead\n>p2 switch 2\n>p1 move ironhead\n>p2 move stealthrock\n>p1 move closecombat\n>p2 move earthquake\n>p1 switch 2\n>p1 move quickattack\n>p2 move explosion\n>p2 switch 3\n>p1 switch 4\n>p2 move thunderwave\n>p1 move poisonjab\n>p2 switch 2\n>p1 move poisonjab\n>p2 move stompingtantrum\n>p1 move poisonjab\n>p2 move stompingtantrum\n>p1 switch 6\n>p2 switch 2\n>p1 move bulkup\n>p2 move thunderwave\n>p1 move bodyslam\n>p2 move wish\n>p1 move bodyslam\n>p2 move alluringvoice\n>p1 move bodyslam\n>p2 move alluringvoice\n>p1 move slackoff\n>p2 move alluringvoice\n>p1 switch 3\n>p1 move gunkshot\n>p2 move thunderwave\n>p1 move gunkshot\n>p2 move wish terastallize\n>p1 move gunkshot\n>p2 move alluringvoice\n>p1 switch 4\n>p2 move wish\n>p1 move bravebird\n>p2 move thunderwave\n>p1 move bravebird\n>p2 move protect\n>p1 move bravebird\n>p2 move alluringvoice\n>p1 switch 5\n>p1 move dragonpulse terastallize\n>p2 move thunderwave\n>forcelose p1", "uploadtime": 1732983464, "views": 2, "formatid": "gen9randombattle", "rating": 1438, "private": 0, "password": null}