{"id": "gen9randombattle-2254025985", "format": "[Gen 9] Random Battle", "players": ["ghoztsfee", "Great_angel"], "log": "|j|\u2606ghoztsfee\n|j|\u2606Great_angel\n|t:|1732981735\n|gametype|singles\n|player|p1|ghoztsfee|1|1404\n|player|p2|Great_angel|2|1364\n|teamsize|p1|6\n|teamsize|p2|6\n|gen|9\n|tier|[Gen 9] Random Battle\n|rated|\n|rule|Species Clause: Limit one of each Pok\u00e9mon\n|rule|HP Percentage Mod: HP is shown in percentages\n|rule|Sleep Clause Mod: Limit one foe put to sleep\n|rule|Illusion Level Mod: Illusion disguises the Pok\u00e9mon's true level\n|\n|t:|1732981736\n|start\n|switch|p1a: Mandibuzz|Mandibuzz, L85, F|326/326\n|switch|p2a: Gogoat|Gogoat, L88, F|219/219\n|turn|1\n|inactive|Battle timer is ON: inactive players will automatically lose when time's up. (requested by Great_angel)\n|\n|t:|1732981753\n|switch|p2a: Scream Tail|Scream Tail, L84|330/330\n|move|p1a: Mandibuzz|Toxic|p2a: Scream Tail\n|-status|p2a: Scream Tail|tox\n|\n|-damage|p2a: Scream Tail|310/330 tox|[from] psn\n|upkeep\n|turn|2\n|\n|t:|1732981763\n|switch|p1a: Corviknight|Corviknight, L80, M|288/288\n|move|p2a: Scream Tail|Thunder Wave|p1a: Corviknight\n|-status|p1a: Corviknight|par\n|\n|-heal|p2a: Scream Tail|330/330 tox|[from] item: Leftovers\n|-damage|p2a: Scream Tail|290/330 tox|[from] psn\n|upkeep\n|turn|3\n|\n|t:|1732981775\n|-end|p2a: Scream Tail|Protosynthesis|[silent]\n|switch|p2a: Gliscor|Gliscor, L76, M|239/239\n|cant|p1a: Corviknight|par\n|\n|-status|p2a: Gliscor|tox|[from] item: Toxic Orb\n|upkeep\n|turn|4\n|\n|t:|1732981787\n|switch|p2a: Wugtrio|Wugtrio, L91, M|212/212\n|cant|p1a: Corviknight|par\n|\n|upkeep\n|turn|5\n|\n|t:|1732981798\n|move|p2a: Wugtrio|Liquidation|p1a: Corviknight\n|-damage|p1a: Corviknight|134/288 par\n|-damage|p2a: Wugtrio|177/212|[from] item: Rocky Helmet|[of] p1a: Corviknight\n|move|p1a: Corviknight|Roost|p1a: Corviknight\n|-heal|p1a: Corviknight|278/288 par\n|-singleturn|p1a: Corviknight|move: Roost\n|\n|upkeep\n|turn|6\n|\n|t:|1732981808\n|move|p2a: Wugtrio|Liquidation|p1a: Corviknight\n|-damage|p1a: Corviknight|143/288 par\n|-damage|p2a: Wugtrio|142/212|[from] item: Rocky Helmet|[of] p1a: Corviknight\n|move|p1a: Corviknight|Roost|p1a: Corviknight\n|-heal|p1a: Corviknight|287/288 par\n|-singleturn|p1a: Corviknight|move: Roost\n|\n|upkeep\n|turn|7\n|\n|t:|1732981817\n|switch|p1a: Trevenant|Trevenant, L88, F|293/293\n|move|p2a: Wugtrio|Liquidation|p1a: Trevenant\n|-resisted|p1a: Trevenant\n|-damage|p1a: Trevenant|202/293\n|\n|upkeep\n|turn|8\n|\n|t:|1732981829\n|switch|p2a: Gliscor|Gliscor, L76, M|239/239 tox\n|move|p1a: Trevenant|Trick Room|p1a: Trevenant\n|-fieldstart|move: Trick Room|[of] p1a: Trevenant\n|\n|upkeep\n|turn|9\n|\n|t:|1732981836\n|move|p1a: Trevenant|Poltergeist|p2a: Gliscor\n|-activate|p2a: Gliscor|move: Poltergeist|Toxic Orb\n|-crit|p2a: Gliscor\n|-damage|p2a: Gliscor|27/239 tox\n|-damage|p1a: Trevenant|173/293|[from] item: Life Orb\n|move|p2a: Gliscor|Toxic|p1a: Trevenant|[miss]\n|-miss|p2a: Gliscor|p1a: Trevenant\n|\n|-heal|p2a: Gliscor|56/239 tox|[from] ability: Poison Heal\n|upkeep\n|turn|10\n|\n|t:|1732981849\n|move|p2a: Gliscor|Protect|p2a: Gliscor\n|-singleturn|p2a: Gliscor|Protect\n|move|p1a: Trevenant|Horn Leech|p2a: Gliscor\n|-activate|p2a: Gliscor|move: Protect\n|\n|-heal|p2a: Gliscor|85/239 tox|[from] ability: Poison Heal\n|upkeep\n|turn|11\n|\n|t:|1732981858\n|switch|p2a: Gogoat|Gogoat, L88, F|360/360\n|move|p1a: Trevenant|Poltergeist|p2a: Gogoat\n|-activate|p2a: Gogoat|move: Poltergeist|Leftovers\n|-damage|p2a: Gogoat|118/360\n|-damage|p1a: Trevenant|144/293|[from] item: Life Orb\n|\n|-heal|p2a: Gogoat|140/360|[from] item: Leftovers\n|upkeep\n|turn|12\n|\n|t:|1732981874\n|-terastallize|p2a: Gogoat|Ground\n|move|p1a: Trevenant|Poltergeist|p2a: Gogoat|[miss]\n|-miss|p1a: Trevenant|p2a: Gogoat\n|move|p2a: Gogoat|Milk Drink|p2a: Gogoat\n|-heal|p2a: Gogoat|320/360\n|\n|-heal|p2a: Gogoat|342/360|[from] item: Leftovers\n|-fieldend|move: Trick Room\n|upkeep\n|turn|13\n|\n|t:|1732981886\n|move|p2a: Gogoat|Bulk Up|p2a: Gogoat\n|-boost|p2a: Gogoat|atk|1\n|-boost|p2a: Gogoat|def|1\n|move|p1a: Trevenant|Trick Room|p1a: Trevenant\n|-fieldstart|move: Trick Room|[of] p1a: Trevenant\n|\n|-heal|p2a: Gogoat|360/360|[from] item: Leftovers\n|upkeep\n|turn|14\n|\n|t:|1732981894\n|move|p1a: Trevenant|Horn Leech|p2a: Gogoat\n|-ability|p2a: Gogoat|Sap Sipper|boost\n|-boost|p2a: Gogoat|atk|1\n|move|p2a: Gogoat|Bulk Up|p2a: Gogoat\n|-boost|p2a: Gogoat|atk|1\n|-boost|p2a: Gogoat|def|1\n|\n|upkeep\n|turn|15\n|\n|t:|1732981902\n|move|p1a: Trevenant|Poltergeist|p2a: Gogoat\n|-activate|p2a: Gogoat|move: Poltergeist|Leftovers\n|-damage|p2a: Gogoat|239/360\n|-damage|p1a: Trevenant|115/293|[from] item: Life Orb\n|move|p2a: Gogoat|Earthquake|p1a: Trevenant\n|-resisted|p1a: Trevenant\n|-damage|p1a: Trevenant|0 fnt\n|faint|p1a: Trevenant\n|\n|-heal|p2a: Gogoat|261/360|[from] item: Leftovers\n|upkeep\n|c|\u2606Great_angel|lol gotcha\n|\n|t:|1732981925\n|switch|p1a: Corviknight|Corviknight, L80, M|287/288 par\n|turn|16\n|\n|t:|1732981932\n|move|p1a: Corviknight|U-turn|p2a: Gogoat\n|-damage|p2a: Gogoat|236/360\n|\n|t:|1732981936\n|switch|p1a: Mandibuzz|Mandibuzz, L85, F|326/326|[from] U-turn\n|move|p2a: Gogoat|Horn Leech|p1a: Mandibuzz\n|-resisted|p1a: Mandibuzz\n|-damage|p1a: Mandibuzz|229/326\n|-heal|p2a: Gogoat|285/360|[from] drain|[of] p1a: Mandibuzz\n|\n|-heal|p2a: Gogoat|307/360|[from] item: Leftovers\n|upkeep\n|turn|17\n|\n|t:|1732981947\n|switch|p2a: Gliscor|Gliscor, L76, M|85/239 tox\n|move|p1a: Mandibuzz|Toxic|p2a: Gliscor\n|-fail|p2a: Gliscor|tox\n|\n|-heal|p2a: Gliscor|114/239 tox|[from] ability: Poison Heal\n|-fieldend|move: Trick Room\n|upkeep\n|turn|18\n|\n|t:|1732981957\n|switch|p1a: Corviknight|Corviknight, L80, M|287/288 par\n|move|p2a: Gliscor|Toxic||[still]\n|-fail|p2a: Gliscor\n|\n|-heal|p2a: Gliscor|143/239 tox|[from] ability: Poison Heal\n|upkeep\n|turn|19\n|\n|t:|1732981965\n|move|p2a: Gliscor|Protect|p2a: Gliscor\n|-singleturn|p2a: Gliscor|Protect\n|cant|p1a: Corviknight|par\n|\n|-heal|p2a: Gliscor|172/239 tox|[from] ability: Poison Heal\n|upkeep\n|turn|20\n|-message|ghoztsfee forfeited.\n|\n|win|Great_angel\n|raw|ghoztsfee's rating: 1404 &rarr; <strong>1382</strong><br />(-22 for losing)\n|raw|Great_angel's rating: 1364 &rarr; <strong>1386</strong><br />(+22 for winning)\n|l|\u2606ghoztsfee\n|player|p1|\n", "inputlog": ">version b107d77f5c90bd6555267ae244a6264823309ead\n>start {\"formatid\":\"gen9randombattle\",\"seed\":[32030,44183,63538,26102],\"rated\":\"Rated battle\"}\n>player p1 {\"name\":\"ghoztsfee\",\"avatar\":\"1\",\"rating\":1404,\"seed\":[12496,790,3677,49153]}\n>player p2 {\"name\":\"Great_angel\",\"avatar\":\"2\",\"rating\":1364,\"seed\":[4430,15952,53869,42842]}\n>p1 move toxic\n>p2 switch 4\n>p1 switch 2\n>p2 move thunderwave\n>p1 move uturn\n>p2 switch 2\n>p1 move bravebird\n>p2 switch 5\n>p1 move roost\n>p2 move liquidation\n>p1 move roost\n>p2 move liquidation\n>p1 switch 3\n>p2 move liquidation\n>p1 move trickroom\n>p2 switch 5\n>p1 move poltergeist\n>p2 move toxic\n>p1 move hornleech\n>p2 move protect\n>p1 move poltergeist\n>p2 switch 6\n>p1 move poltergeist\n>p2 move milkdrink terastallize\n>p1 move trickroom\n>p2 move bulkup\n>p1 move hornleech\n>p2 move bulkup\n>p1 move poltergeist\n>p2 move earthquake\n>chat \u2606Great_angel|lol gotcha\n>p1 switch 3\n>p1 move uturn\n>p2 move hornleech\n>p1 switch 2\n>p1 move toxic\n>p2 switch 6\n>p1 switch 2\n>p2 move toxic\n>p1 move uturn\n>p2 move protect\n>forcelose p1", "uploadtime": 1732981970, "views": 2, "formatid": "gen9randombattle", "rating": 1382, "private": 0, "password": null}