{"id": "gen9randombattle-2253826962", "format": "[Gen 9] Random Battle", "players": ["urmomfavoritesnack", "AmalgamFS"], "log": "|j|\u2606urmomfavoritesnack\n|j|\u2606AmalgamFS\n|t:|1732944434\n|gametype|singles\n|player|p1|urmomfavoritesnack|265|1154\n|player|p2|AmalgamFS|steven|1207\n|teamsize|p1|6\n|teamsize|p2|6\n|gen|9\n|tier|[Gen 9] Random Battle\n|rated|\n|rule|Species Clause: Limit one of each Pok\u00e9mon\n|rule|HP Percentage Mod: HP is shown in percentages\n|rule|Sleep Clause Mod: Limit one foe put to sleep\n|rule|Illusion Level Mod: Illusion disguises the Pok\u00e9mon's true level\n|\n|t:|1732944434\n|start\n|switch|p1a: Lanturn|Lanturn, L89, F|367/367\n|switch|p2a: Scizor|Scizor, L79, M|240/240\n|turn|1\n|inactive|Battle timer is ON: inactive players will automatically lose when time's up. (requested by urmomfavoritesnack)\n|\n|t:|1732944444\n|move|p1a: Lanturn|Thunder Wave|p2a: Scizor\n|-status|p2a: Scizor|par\n|cant|p2a: Scizor|par\n|\n|upkeep\n|turn|2\n|\n|t:|1732944451\n|move|p1a: Lanturn|Volt Switch|p2a: Scizor\n|-damage|p2a: Scizor|156/240 par\n|\n|t:|1732944460\n|switch|p1a: Ceruledge|Ceruledge, L78, F|245/245|[from] Volt Switch\n|move|p2a: Scizor|Knock Off|p1a: Ceruledge\n|-supereffective|p1a: Ceruledge\n|-damage|p1a: Ceruledge|0 fnt\n|-enditem|p1a: Ceruledge|Heavy-Duty Boots|[from] move: Knock Off|[of] p2a: Scizor\n|faint|p1a: Ceruledge\n|\n|upkeep\n|\n|t:|1732944472\n|switch|p1a: Lanturn|Lanturn, L89, F|367/367\n|turn|3\n|\n|t:|1732944475\n|move|p1a: Lanturn|Scald|p2a: Scizor\n|-damage|p2a: Scizor|60/240 par\n|move|p2a: Scizor|Knock Off|p1a: Lanturn\n|-damage|p1a: Lanturn|219/367\n|-enditem|p1a: Lanturn|Heavy-Duty Boots|[from] move: Knock Off|[of] p2a: Scizor\n|\n|upkeep\n|turn|4\n|\n|t:|1732944491\n|switch|p2a: Dragapult|Dragapult, L77, F|262/262\n|move|p1a: Lanturn|Scald|p2a: Dragapult\n|-resisted|p2a: Dragapult\n|-damage|p2a: Dragapult|214/262\n|-start|p1a: Lanturn|Disable|Scald|[from] ability: Cursed Body|[of] p2a: Dragapult\n|\n|upkeep\n|turn|5\n|\n|t:|1732944505\n|move|p2a: Dragapult|Will-O-Wisp|p1a: Lanturn\n|-status|p1a: Lanturn|brn\n|move|p1a: Lanturn|Thunder Wave|p2a: Dragapult\n|-status|p2a: Dragapult|par\n|\n|-damage|p1a: Lanturn|197/367 brn|[from] brn\n|upkeep\n|turn|6\n|\n|t:|1732944512\n|move|p1a: Lanturn|Volt Switch|p2a: Dragapult\n|-resisted|p2a: Dragapult\n|-crit|p2a: Dragapult\n|-damage|p2a: Dragapult|151/262 par\n|\n|t:|1732944518\n|switch|p1a: Hitmonchan|Hitmonchan, L87, M|229/229|[from] Volt Switch\n|move|p2a: Dragapult|Hex|p1a: Hitmonchan\n|-damage|p1a: Hitmonchan|180/229\n|\n|-heal|p1a: Hitmonchan|194/229|[from] item: Leftovers\n|upkeep\n|turn|7\n|\n|t:|1732944526\n|move|p1a: Hitmonchan|Knock Off|p2a: Dragapult\n|-supereffective|p2a: Dragapult\n|-damage|p2a: Dragapult|0 fnt\n|-enditem|p2a: Dragapult|Heavy-Duty Boots|[from] move: Knock Off|[of] p1a: Hitmonchan\n|faint|p2a: Dragapult\n|\n|-heal|p1a: Hitmonchan|208/229|[from] item: Leftovers\n|upkeep\n|\n|t:|1732944540\n|switch|p2a: Arbok|Arbok, L87, M|246/246\n|-ability|p2a: Arbok|Intimidate|boost\n|-unboost|p1a: Hitmonchan|atk|1\n|turn|8\n|\n|t:|1732944549\n|switch|p1a: Lanturn|Lanturn, L89, F|197/367 brn\n|move|p2a: Arbok|Toxic Spikes|p1a: Lanturn\n|-sidestart|p1: urmomfavoritesnack|move: Toxic Spikes\n|\n|-damage|p1a: Lanturn|175/367 brn|[from] brn\n|upkeep\n|turn|9\n|\n|t:|1732944558\n|move|p2a: Arbok|Toxic Spikes|p1a: Lanturn\n|-sidestart|p1: urmomfavoritesnack|move: Toxic Spikes\n|move|p1a: Lanturn|Thunder Wave|p2a: Arbok\n|-status|p2a: Arbok|par\n|\n|-damage|p1a: Lanturn|153/367 brn|[from] brn\n|upkeep\n|turn|10\n|\n|t:|1732944566\n|move|p1a: Lanturn|Thunderbolt|p2a: Arbok\n|-damage|p2a: Arbok|150/246 par\n|cant|p2a: Arbok|par\n|\n|-damage|p1a: Lanturn|131/367 brn|[from] brn\n|upkeep\n|turn|11\n|\n|t:|1732944572\n|move|p1a: Lanturn|Thunderbolt|p2a: Arbok\n|-damage|p2a: Arbok|60/246 par\n|move|p2a: Arbok|Earthquake|p1a: Lanturn\n|-supereffective|p1a: Lanturn\n|-damage|p1a: Lanturn|0 fnt\n|faint|p1a: Lanturn\n|-damage|p2a: Arbok|36/246 par|[from] item: Life Orb\n|\n|upkeep\n|\n|t:|1732944589\n|switch|p1a: Hitmonchan|Hitmonchan, L87, M|208/229\n|-status|p1a: Hitmonchan|tox\n|turn|12\n|\n|t:|1732944595\n|move|p2a: Arbok|Sucker Punch|p1a: Hitmonchan\n|-resisted|p1a: Hitmonchan\n|-damage|p1a: Hitmonchan|176/229 tox\n|-damage|p2a: Arbok|12/246 par|[from] item: Life Orb\n|move|p1a: Hitmonchan|Knock Off|p2a: Arbok\n|-damage|p2a: Arbok|0 fnt\n|-enditem|p2a: Arbok|Life Orb|[from] move: Knock Off|[of] p1a: Hitmonchan\n|faint|p2a: Arbok\n|\n|-heal|p1a: Hitmonchan|190/229 tox|[from] item: Leftovers\n|-damage|p1a: Hitmonchan|176/229 tox|[from] psn\n|upkeep\n|\n|t:|1732944607\n|switch|p2a: Victreebel|Victreebel, L90, F|290/290\n|turn|13\n|\n|t:|1732944618\n|-terastallize|p2a: Victreebel|Fire\n|move|p1a: Hitmonchan|Knock Off|p2a: Victreebel\n|-crit|p2a: Victreebel\n|-damage|p2a: Victreebel|146/290\n|-enditem|p2a: Victreebel|Life Orb|[from] move: Knock Off|[of] p1a: Hitmonchan\n|move|p2a: Victreebel|Sunny Day|p2a: Victreebel\n|-weather|SunnyDay\n|\n|-weather|SunnyDay|[upkeep]\n|-heal|p1a: Hitmonchan|190/229 tox|[from] item: Leftovers\n|-damage|p1a: Hitmonchan|162/229 tox|[from] psn\n|upkeep\n|turn|14\n|\n|t:|1732944636\n|move|p2a: Victreebel|Weather Ball|p1a: Hitmonchan\n|-damage|p1a: Hitmonchan|18/229 tox\n|move|p1a: Hitmonchan|Drain Punch|p2a: Victreebel\n|-damage|p2a: Victreebel|10/290\n|-heal|p1a: Hitmonchan|86/229 tox|[from] drain|[of] p2a: Victreebel\n|\n|-weather|SunnyDay|[upkeep]\n|-heal|p1a: Hitmonchan|100/229 tox|[from] item: Leftovers\n|-damage|p1a: Hitmonchan|58/229 tox|[from] psn\n|upkeep\n|turn|15\n|\n|t:|1732944649\n|move|p2a: Victreebel|Weather Ball|p1a: Hitmonchan\n|-damage|p1a: Hitmonchan|0 fnt\n|faint|p1a: Hitmonchan\n|\n|-weather|SunnyDay|[upkeep]\n|upkeep\n|\n|t:|1732944661\n|switch|p1a: Altaria|Altaria, L88, M|275/275\n|turn|16\n|\n|t:|1732944673\n|move|p2a: Victreebel|Weather Ball|p1a: Altaria\n|-resisted|p1a: Altaria\n|-damage|p1a: Altaria|200/275\n|move|p1a: Altaria|Earthquake|p2a: Victreebel\n|-supereffective|p2a: Victreebel\n|-damage|p2a: Victreebel|0 fnt\n|faint|p2a: Victreebel\n|\n|-weather|SunnyDay|[upkeep]\n|upkeep\n|\n|t:|1732944685\n|switch|p2a: Regirock|Regirock, L83|268/268\n|turn|17\n|\n|t:|1732944696\n|move|p1a: Altaria|Earthquake|p2a: Regirock\n|-supereffective|p2a: Regirock\n|-damage|p2a: Regirock|202/268\n|move|p2a: Regirock|Stone Edge|p1a: Altaria\n|-supereffective|p1a: Altaria\n|-damage|p1a: Altaria|6/275\n|\n|-weather|none\n|-heal|p2a: Regirock|218/268|[from] item: Leftovers\n|upkeep\n|turn|18\n|\n|t:|1732944709\n|move|p1a: Altaria|Earthquake|p2a: Regirock\n|-supereffective|p2a: Regirock\n|-damage|p2a: Regirock|158/268\n|move|p2a: Regirock|Body Press|p1a: Altaria\n|-resisted|p1a: Altaria\n|-damage|p1a: Altaria|0 fnt\n|faint|p1a: Altaria\n|\n|-heal|p2a: Regirock|174/268|[from] item: Leftovers\n|upkeep\n|\n|t:|1732944712\n|switch|p1a: Basculegion|Basculegion-F, L83, F|335/335\n|-status|p1a: Basculegion|tox\n|turn|19\n|\n|t:|1732944722\n|move|p1a: Basculegion|Hydro Pump|p2a: Regirock|[miss]\n|-miss|p1a: Basculegion|p2a: Regirock\n|move|p2a: Regirock|Thunder Wave||[still]\n|-fail|p2a: Regirock\n|\n|-heal|p2a: Regirock|190/268|[from] item: Leftovers\n|-damage|p1a: Basculegion|315/335 tox|[from] psn\n|upkeep\n|turn|20\n|\n|t:|1732944731\n|move|p1a: Basculegion|Hydro Pump|p2a: Regirock\n|-supereffective|p2a: Regirock\n|-damage|p2a: Regirock|0 fnt\n|faint|p2a: Regirock\n|\n|-damage|p1a: Basculegion|275/335 tox|[from] psn\n|upkeep\n|\n|t:|1732944739\n|switch|p2a: Meowscarada|Meowscarada, L78, F|247/247\n|turn|21\n|\n|t:|1732944749\n|move|p2a: Meowscarada|Knock Off|p1a: Basculegion\n|-start|p2a: Meowscarada|typechange|Dark|[from] ability: Protean\n|-supereffective|p1a: Basculegion\n|-damage|p1a: Basculegion|0 fnt\n|-enditem|p1a: Basculegion|Assault Vest|[from] move: Knock Off|[of] p2a: Meowscarada\n|faint|p1a: Basculegion\n|\n|upkeep\n|\n|t:|1732944754\n|switch|p1a: Staraptor|Staraptor, L79, M|263/263\n|turn|22\n|\n|t:|1732944765\n|-terastallize|p1a: Staraptor|Flying\n|move|p2a: Meowscarada|Knock Off|p1a: Staraptor\n|-damage|p1a: Staraptor|64/263\n|-enditem|p1a: Staraptor|Choice Band|[from] move: Knock Off|[of] p2a: Meowscarada\n|move|p1a: Staraptor|Brave Bird|p2a: Meowscarada\n|-damage|p2a: Meowscarada|0 fnt\n|faint|p2a: Meowscarada\n|-damage|p1a: Staraptor|0 fnt|[from] Recoil\n|faint|p1a: Staraptor\n|\n|win|AmalgamFS\n|raw|urmomfavoritesnack's rating: 1154 &rarr; <strong>1133</strong><br />(-21 for losing)\n|raw|AmalgamFS's rating: 1207 &rarr; <strong>1228</strong><br />(+21 for winning)\n", "inputlog": ">version b107d77f5c90bd6555267ae244a6264823309ead\n>start {\"formatid\":\"gen9randombattle\",\"seed\":[12172,14375,22181,48002],\"rated\":\"Rated battle\"}\n>player p1 {\"name\":\"urmomfavoritesnack\",\"avatar\":\"265\",\"rating\":1154,\"seed\":[59148,30449,46444,26019]}\n>player p2 {\"name\":\"AmalgamFS\",\"avatar\":\"steven\",\"rating\":1207,\"seed\":[34912,22285,1091,11101]}\n>p1 move thunderwave\n>p2 move knockoff\n>p1 move voltswitch\n>p2 move knockoff\n>p1 switch 6\n>p1 switch 6\n>p1 move scald\n>p2 move knockoff\n>p1 move scald\n>p2 switch 6\n>p1 move thunderwave\n>p2 move willowisp\n>p1 move voltswitch\n>p2 move hex\n>p1 switch 5\n>p1 move knockoff\n>p2 move willowisp\n>p2 switch 2\n>p1 switch 5\n>p2 move toxicspikes\n>p1 move thunderwave\n>p2 move toxicspikes\n>p1 move thunderbolt\n>p2 move earthquake\n>p1 move thunderbolt\n>p2 move earthquake\n>p1 switch 5\n>p1 move knockoff\n>p2 move suckerpunch\n>p2 switch 4\n>p1 move knockoff\n>p2 move sunnyday terastallize\n>p1 move drainpunch\n>p2 move weatherball\n>p1 move knockoff\n>p2 move weatherball\n>p1 switch 3\n>p1 move earthquake\n>p2 move weatherball\n>p2 switch 3\n>p1 move earthquake\n>p2 move stoneedge\n>p1 move earthquake\n>p2 move bodypress\n>p1 switch 4\n>p1 move hydropump\n>p2 move thunderwave\n>p1 move hydropump\n>p2 move stoneedge\n>p2 switch 5\n>p1 move hydropump\n>p2 move knockoff\n>p1 switch 2\n>p1 move bravebird terastallize\n>p2 move knockoff", "uploadtime": 1732944776, "views": 1, "formatid": "gen9randombattle", "rating": 1133, "private": 0, "password": null}