{"id": "gen9randombattle-2253830249", "format": "[Gen 9] Random Battle", "players": ["YellowChaos", "noobbattler06"], "log": "|j|\u2606YellowChaos\n|j|\u2606noobbattler06\n|t:|1732944980\n|gametype|singles\n|player|p1|YellowChaos|marlon|1597\n|player|p2|noobbattler06|101|1556\n|teamsize|p1|6\n|teamsize|p2|6\n|gen|9\n|tier|[Gen 9] Random Battle\n|rated|\n|rule|Species Clause: Limit one of each Pok\u00e9mon\n|rule|HP Percentage Mod: HP is shown in percentages\n|rule|Sleep Clause Mod: Limit one foe put to sleep\n|rule|Illusion Level Mod: Illusion disguises the Pok\u00e9mon's true level\n|\n|t:|1732944980\n|start\n|switch|p1a: Ditto|Ditto, L87|225/225\n|switch|p2a: Rabsca|Rabsca, L91, M|284/284\n|-transform|p1a: Ditto|p2a: Rabsca|[from] ability: Imposter\n|turn|1\n|\n|t:|1732944998\n|switch|p2a: Landorus|Landorus, L75, M|257/257\n|move|p1a: Ditto|Bug Buzz|p2a: Landorus\n|-resisted|p2a: Landorus\n|-damage|p2a: Landorus|185/257\n|\n|upkeep\n|turn|2\n|\n|t:|1732945045\n|switch|p1a: Azelf|Azelf, L82|257/257\n|move|p2a: Landorus|Nasty Plot|p2a: Landorus\n|-boost|p2a: Landorus|spa|2\n|\n|upkeep\n|turn|3\n|\n|t:|1732945072\n|move|p1a: Azelf|Psychic|p2a: Landorus\n|-damage|p2a: Landorus|58/257\n|move|p2a: Landorus|Sludge Wave|p1a: Azelf\n|-damage|p1a: Azelf|92/257\n|\n|upkeep\n|turn|4\n|\n|t:|1732945081\n|switch|p2a: Skuntank|Skuntank, L84, F|310/310\n|move|p1a: Azelf|Psychic|p2a: Skuntank\n|-immune|p2a: Skuntank\n|\n|upkeep\n|turn|5\n|\n|t:|1732945094\n|move|p1a: Azelf|U-turn|p2a: Skuntank\n|-damage|p2a: Skuntank|241/310\n|\n|t:|1732945102\n|switch|p1a: Hippowdon|Hippowdon, L82, F|311/311|[from] U-turn\n|-weather|Sandstorm|[from] ability: Sand Stream|[of] p1a: Hippowdon\n|move|p2a: Skuntank|Knock Off|p1a: Hippowdon\n|-damage|p1a: Hippowdon|229/311\n|-enditem|p1a: Hippowdon|Leftovers|[from] move: Knock Off|[of] p2a: Skuntank\n|\n|-weather|Sandstorm|[upkeep]\n|-damage|p2a: Skuntank|222/310|[from] Sandstorm\n|-heal|p2a: Skuntank|241/310|[from] item: Leftovers\n|upkeep\n|turn|6\n|inactive|Battle timer is ON: inactive players will automatically lose when time's up. (requested by noobbattler06)\n|\n|t:|1732945142\n|switch|p2a: Landorus|Landorus, L75, M|58/257\n|move|p1a: Hippowdon|Stone Edge|p2a: Landorus\n|-damage|p2a: Landorus|0 fnt\n|faint|p2a: Landorus\n|\n|-weather|Sandstorm|[upkeep]\n|upkeep\n|\n|t:|1732945162\n|switch|p2a: Blastoise|Blastoise, L80, M|258/258\n|turn|7\n|inactive|YellowChaos has 120 seconds left.\n|\n|t:|1732945203\n|switch|p1a: Wyrdeer|Wyrdeer, L87, F|321/321\n|-ability|p1a: Wyrdeer|Intimidate|boost\n|-unboost|p2a: Blastoise|atk|1\n|-enditem|p2a: Blastoise|White Herb\n|-clearnegativeboost|p2a: Blastoise|[silent]\n|move|p2a: Blastoise|Hydro Pump|p1a: Wyrdeer\n|-damage|p1a: Wyrdeer|209/321\n|\n|-weather|Sandstorm|[upkeep]\n|-damage|p2a: Blastoise|242/258|[from] Sandstorm\n|-damage|p1a: Wyrdeer|189/321|[from] Sandstorm\n|-heal|p1a: Wyrdeer|209/321|[from] item: Leftovers\n|upkeep\n|turn|8\n|\n|t:|1732945215\n|switch|p2a: Skuntank|Skuntank, L84, F|241/310\n|move|p1a: Wyrdeer|Thunder Wave|p2a: Skuntank\n|-status|p2a: Skuntank|par\n|\n|-weather|Sandstorm|[upkeep]\n|-damage|p1a: Wyrdeer|189/321|[from] Sandstorm\n|-damage|p2a: Skuntank|222/310 par|[from] Sandstorm\n|-heal|p1a: Wyrdeer|209/321|[from] item: Leftovers\n|-heal|p2a: Skuntank|241/310 par|[from] item: Leftovers\n|upkeep\n|turn|9\n|\n|t:|1732945226\n|move|p1a: Wyrdeer|Earthquake|p2a: Skuntank\n|-supereffective|p2a: Skuntank\n|-damage|p2a: Skuntank|45/310 par\n|move|p2a: Skuntank|Toxic Spikes|p1a: Wyrdeer\n|-sidestart|p1: YellowChaos|move: Toxic Spikes\n|\n|-weather|none\n|-heal|p1a: Wyrdeer|229/321|[from] item: Leftovers\n|-heal|p2a: Skuntank|64/310 par|[from] item: Leftovers\n|upkeep\n|turn|10\n|\n|t:|1732945237\n|move|p1a: Wyrdeer|Earthquake|p2a: Skuntank\n|-supereffective|p2a: Skuntank\n|-damage|p2a: Skuntank|0 fnt\n|faint|p2a: Skuntank\n|\n|-heal|p1a: Wyrdeer|249/321|[from] item: Leftovers\n|upkeep\n|\n|t:|1732945244\n|switch|p2a: Rabsca|Rabsca, L91, M|284/284\n|turn|11\n|inactive|YellowChaos has 120 seconds left.\n|\n|t:|1732945252\n|switch|p1a: Toxtricity|Toxtricity, L82, M|257/257\n|-sideend|p1: YellowChaos|move: Toxic Spikes|[of] p1a: Toxtricity\n|move|p2a: Rabsca|Revival Blessing|p2a: Rabsca\n|\n|t:|1732945256\n|-heal|p2: Landorus|128/257|[from] move: Revival Blessing\n|\n|upkeep\n|turn|12\n|inactive|YellowChaos has 120 seconds left.\n|c|\u2606noobbattler06|!data toxtricity\n|raw|<div class=\"message\"><ul class=\"utilichart\"><li class=\"result\"><span class=\"col numcol\">PU</span> <span class=\"col iconcol\"><psicon pokemon=\"toxtricity\"/></span> <span class=\"col pokemonnamecol\" style=\"white-space:nowrap\"><a href=\"https://dex.pokemonshowdown.com/pokemon/toxtricity\" target=\"_blank\">Toxtricity</a></span> <span class=\"col typecol\"><img src=\"https://play.pokemonshowdown.com/sprites/types/Electric.png\" alt=\"Electric\" height=\"14\" width=\"32\"><img src=\"https://play.pokemonshowdown.com/sprites/types/Poison.png\" alt=\"Poison\" height=\"14\" width=\"32\"></span> <span style=\"float:left;min-height:26px\"><span class=\"col twoabilitycol\">Punk Rock<br />Plus</span><span class=\"col abilitycol\"><em>Technician</em></span></span><span style=\"float:left;min-height:26px\"><span class=\"col statcol\"><em>HP</em><br />75</span> <span class=\"col statcol\"><em>Atk</em><br />98</span> <span class=\"col statcol\"><em>Def</em><br />70</span> <span class=\"col statcol\"><em>SpA</em><br />114</span> <span class=\"col statcol\"><em>SpD</em><br />70</span> <span class=\"col statcol\"><em>Spe</em><br />75</span> <span class=\"col bstcol\"><em>BST<br />502</em></span> </span></li><li style=\"clear:both\"></li></ul></div>\n\n|\n|t:|1732945298\n|switch|p1a: Misdreavus|Misdreavus, L90, F|254/254\n|move|p2a: Rabsca|Earth Power|p1a: Misdreavus\n|-immune|p1a: Misdreavus|[from] ability: Levitate\n|\n|upkeep\n|turn|13\n|\n|t:|1732945327\n|switch|p2a: Dachsbun|Dachsbun, L92, M|254/254\n|move|p1a: Misdreavus|Calm Mind|p1a: Misdreavus\n|-boost|p1a: Misdreavus|spa|1\n|-boost|p1a: Misdreavus|spd|1\n|\n|upkeep\n|turn|14\n|inactive|noobbattler06 has 120 seconds left.\n|\n|t:|1732945344\n|move|p2a: Dachsbun|Wish|p2a: Dachsbun\n|move|p1a: Misdreavus|Calm Mind|p1a: Misdreavus\n|-boost|p1a: Misdreavus|spa|1\n|-boost|p1a: Misdreavus|spd|1\n|\n|upkeep\n|turn|15\n|inactive|noobbattler06 has 120 seconds left.\n|\n|t:|1732945368\n|-terastallize|p1a: Misdreavus|Fairy\n|move|p2a: Dachsbun|Play Rough|p1a: Misdreavus\n|-damage|p1a: Misdreavus|173/254\n|move|p1a: Misdreavus|Draining Kiss|p2a: Dachsbun\n|-damage|p2a: Dachsbun|127/254\n|-heal|p1a: Misdreavus|254/254|[from] drain|[of] p2a: Dachsbun\n|\n|-heal|p2a: Dachsbun|254/254|[from] move: Wish|[wisher] Dachsbun\n|upkeep\n|turn|16\n|\n|t:|1732945393\n|switch|p2a: Rabsca|Rabsca, L91, M|284/284\n|move|p1a: Misdreavus|Calm Mind|p1a: Misdreavus\n|-boost|p1a: Misdreavus|spa|1\n|-boost|p1a: Misdreavus|spd|1\n|\n|upkeep\n|turn|17\n|\n|t:|1732945408\n|move|p1a: Misdreavus|Draining Kiss|p2a: Rabsca\n|-damage|p2a: Rabsca|154/284\n|move|p2a: Rabsca|Psychic|p1a: Misdreavus\n|-damage|p1a: Misdreavus|218/254\n|-unboost|p1a: Misdreavus|spd|1\n|\n|upkeep\n|turn|18\n|\n|t:|1732945414\n|move|p1a: Misdreavus|Calm Mind|p1a: Misdreavus\n|-boost|p1a: Misdreavus|spa|1\n|-boost|p1a: Misdreavus|spd|1\n|move|p2a: Rabsca|Psychic|p1a: Misdreavus\n|-damage|p1a: Misdreavus|185/254\n|\n|upkeep\n|turn|19\n|inactive|YellowChaos has 120 seconds left.\n|\n|t:|1732945420\n|move|p1a: Misdreavus|Calm Mind|p1a: Misdreavus\n|-boost|p1a: Misdreavus|spa|1\n|-boost|p1a: Misdreavus|spd|1\n|move|p2a: Rabsca|Psychic|p1a: Misdreavus\n|-damage|p1a: Misdreavus|160/254\n|\n|upkeep\n|turn|20\n|\n|t:|1732945426\n|move|p1a: Misdreavus|Draining Kiss|p2a: Rabsca\n|-damage|p2a: Rabsca|0 fnt\n|-heal|p1a: Misdreavus|254/254|[from] drain|[of] p2a: Rabsca\n|faint|p2a: Rabsca\n|\n|upkeep\n|inactive|noobbattler06 has 120 seconds left.\n|\n|t:|1732945444\n|switch|p2a: Ditto|Ditto, L87|225/225\n|-transform|p2a: Ditto|p1a: Misdreavus|[from] ability: Imposter\n|-start|p2a: Ditto|typechange|Ghost|[silent]\n|turn|21\n|inactive|noobbattler06 has 120 seconds left.\n|\n|t:|1732945460\n|move|p2a: Ditto|Shadow Ball|p1a: Misdreavus\n|-damage|p1a: Misdreavus|187/254\n|move|p1a: Misdreavus|Shadow Ball|p2a: Ditto\n|-supereffective|p2a: Ditto\n|-damage|p2a: Ditto|39/225\n|\n|upkeep\n|turn|22\n|\n|t:|1732945468\n|move|p2a: Ditto|Shadow Ball|p1a: Misdreavus\n|-damage|p1a: Misdreavus|129/254\n|move|p1a: Misdreavus|Draining Kiss|p2a: Ditto\n|-damage|p2a: Ditto|0 fnt\n|-heal|p1a: Misdreavus|158/254|[from] drain|[of] p2a: Ditto\n|faint|p2a: Ditto\n|\n|upkeep\n|-message|noobbattler06 forfeited.\n|\n|win|YellowChaos\n|raw|YellowChaos's rating: 1597 &rarr; <strong>1615</strong><br />(+18 for winning)\n|raw|noobbattler06's rating: 1556 &rarr; <strong>1538</strong><br />(-18 for losing)\n|l|\u2606noobbattler06\n|player|p2|\n", "inputlog": ">version b107d77f5c90bd6555267ae244a6264823309ead\n>start {\"formatid\":\"gen9randombattle\",\"seed\":[46787,34576,37967,61146],\"rated\":\"Rated battle\"}\n>player p1 {\"name\":\"YellowChaos\",\"avatar\":\"marlon\",\"rating\":1597,\"seed\":[46495,2804,41130,63281]}\n>player p2 {\"name\":\"noobbattler06\",\"avatar\":\"101\",\"rating\":1556,\"seed\":[17360,62746,39039,8582]}\n>p1 move bugbuzz\n>p2 switch 6\n>p1 switch 5\n>p2 move nastyplot\n>p1 move psychic\n>p2 move sludgewave\n>p1 move psychic\n>p2 switch 5\n>p1 move uturn\n>p2 move knockoff\n>p1 switch 3\n>p1 move stoneedge\n>p2 switch 5\n>p2 switch 3\n>p1 switch 2\n>p2 move hydropump\n>p1 move thunderwave\n>p2 switch 5\n>p1 move earthquake\n>p2 move toxicspikes\n>p1 move earthquake\n>p2 move knockoff\n>p2 switch 6\n>p1 switch 4\n>p2 move revivalblessing\n>p2 switch 3\n>chat \u2606noobbattler06|!data toxtricity\n>p1 switch 6\n>p2 move earthpower\n>p1 move calmmind\n>p2 switch 2\n>p1 move calmmind\n>p2 move wish\n>p1 move drainingkiss terastallize\n>p2 move playrough\n>p1 move calmmind\n>p2 switch 2\n>p1 move drainingkiss\n>p2 move psychic\n>p1 move calmmind\n>p2 move psychic\n>p1 move calmmind\n>p2 move psychic\n>p1 move drainingkiss\n>p2 move psychic\n>p2 switch 4\n>p1 move shadowball\n>p2 move shadowball\n>p1 move drainingkiss\n>p2 move shadowball\n>forcelose p2", "uploadtime": 1732945486, "views": 2, "formatid": "gen9randombattle", "rating": 1538, "private": 0, "password": null}