{"id": "gen9randombattle-2254062857", "format": "[Gen 9] Random Battle", "players": ["BigBossJnack", "NormalGymLeaderTed"], "log": "|j|\u2606BigBossJnack\n|j|\u2606NormalGymLeaderTed\n|t:|1732986587\n|gametype|singles\n|player|p1|BigBossJnack|2|2053\n|player|p2|NormalGymLeaderTed|cheren-gen5bw2|2036\n|teamsize|p1|6\n|teamsize|p2|6\n|gen|9\n|tier|[Gen 9] Random Battle\n|rated|\n|rule|Species Clause: Limit one of each Pok\u00e9mon\n|rule|HP Percentage Mod: HP is shown in percentages\n|rule|Sleep Clause Mod: Limit one foe put to sleep\n|rule|Illusion Level Mod: Illusion disguises the Pok\u00e9mon's true level\n|\n|t:|1732986587\n|start\n|switch|p1a: Hatterene|Hatterene, L85, F|236/236\n|switch|p2a: Lugia|Lugia, L72|272/272\n|turn|1\n|\n|t:|1732986605\n|switch|p2a: Grumpig|Grumpig, L92, M|297/297\n|move|p1a: Hatterene|Nuzzle|p2a: Grumpig\n|-damage|p2a: Grumpig|282/297\n|-status|p2a: Grumpig|par\n|\n|upkeep\n|turn|2\n|\n|t:|1732986612\n|switch|p1a: Sandslash|Sandslash-Alola, L88, M|275/275\n|move|p2a: Grumpig|Trick|p1a: Sandslash\n|-activate|p2a: Grumpig|move: Trick|[of] p1a: Sandslash\n|-item|p1a: Sandslash|Choice Scarf|[from] move: Trick\n|-item|p2a: Grumpig|Leftovers|[from] move: Trick\n|\n|-heal|p2a: Grumpig|297/297 par|[from] item: Leftovers\n|upkeep\n|turn|3\n|\n|t:|1732986621\n|switch|p1a: Necrozma|Necrozma-Dawn-Wings, L76|272/272\n|cant|p2a: Grumpig|par\n|\n|upkeep\n|turn|4\n|\n|t:|1732986627\n|move|p1a: Necrozma|Calm Mind|p1a: Necrozma\n|-boost|p1a: Necrozma|spa|1\n|-boost|p1a: Necrozma|spd|1\n|cant|p2a: Grumpig|par\n|\n|upkeep\n|turn|5\n|\n|t:|1732986635\n|move|p1a: Necrozma|Moongeist Beam|p2a: Grumpig\n|-supereffective|p2a: Grumpig\n|-damage|p2a: Grumpig|9/297 par\n|move|p2a: Grumpig|Shadow Ball|p1a: Necrozma\n|-supereffective|p1a: Necrozma\n|-damage|p1a: Necrozma|161/272\n|\n|-heal|p1a: Necrozma|178/272|[from] item: Leftovers\n|-heal|p2a: Grumpig|27/297 par|[from] item: Leftovers\n|upkeep\n|turn|6\n|\n|t:|1732986641\n|move|p1a: Necrozma|Moonlight|p1a: Necrozma\n|-heal|p1a: Necrozma|272/272\n|move|p2a: Grumpig|Shadow Ball|p1a: Necrozma\n|-supereffective|p1a: Necrozma\n|-damage|p1a: Necrozma|173/272\n|\n|-heal|p1a: Necrozma|190/272|[from] item: Leftovers\n|-heal|p2a: Grumpig|45/297 par|[from] item: Leftovers\n|upkeep\n|turn|7\n|\n|t:|1732986647\n|move|p1a: Necrozma|Moonlight|p1a: Necrozma\n|-heal|p1a: Necrozma|272/272\n|move|p2a: Grumpig|Shadow Ball|p1a: Necrozma\n|-supereffective|p1a: Necrozma\n|-damage|p1a: Necrozma|173/272\n|\n|-heal|p1a: Necrozma|190/272|[from] item: Leftovers\n|-heal|p2a: Grumpig|63/297 par|[from] item: Leftovers\n|upkeep\n|turn|8\n|\n|t:|1732986651\n|move|p1a: Necrozma|Moongeist Beam|p2a: Grumpig\n|-supereffective|p2a: Grumpig\n|-damage|p2a: Grumpig|0 fnt\n|faint|p2a: Grumpig\n|\n|-heal|p1a: Necrozma|207/272|[from] item: Leftovers\n|upkeep\n|\n|t:|1732986654\n|switch|p2a: Tinkaton|Tinkaton, L82, F|274/274\n|-ability|p2a: Tinkaton|Mold Breaker\n|turn|9\n|\n|t:|1732986660\n|switch|p1a: Sandslash|Sandslash-Alola, L88, M|275/275\n|move|p2a: Tinkaton|Swords Dance|p2a: Tinkaton\n|-boost|p2a: Tinkaton|atk|2\n|\n|upkeep\n|turn|10\n|\n|t:|1732986670\n|move|p1a: Sandslash|Earthquake|p2a: Tinkaton\n|-supereffective|p2a: Tinkaton\n|-damage|p2a: Tinkaton|102/274\n|move|p2a: Tinkaton|Knock Off|p1a: Sandslash\n|-damage|p1a: Sandslash|171/275\n|-enditem|p1a: Sandslash|Choice Scarf|[from] move: Knock Off|[of] p2a: Tinkaton\n|-damage|p2a: Tinkaton|75/274|[from] item: Life Orb\n|\n|upkeep\n|turn|11\n|\n|t:|1732986687\n|move|p2a: Tinkaton|Gigaton Hammer|p1a: Sandslash\n|-damage|p1a: Sandslash|0 fnt\n|faint|p1a: Sandslash\n|-damage|p2a: Tinkaton|48/274|[from] item: Life Orb\n|\n|upkeep\n|\n|t:|1732986706\n|switch|p1a: Hatterene|Hatterene, L85, F|236/236\n|turn|12\n|j| sheffieldboys2\n|\n|t:|1732986715\n|move|p2a: Tinkaton|Play Rough|p1a: Hatterene|[miss]\n|-miss|p2a: Tinkaton|p1a: Hatterene\n|move|p1a: Hatterene|Mystical Fire|p2a: Tinkaton\n|-supereffective|p2a: Tinkaton\n|-damage|p2a: Tinkaton|0 fnt\n|faint|p2a: Tinkaton\n|\n|upkeep\n|\n|t:|1732986721\n|switch|p2a: Rampardos|Rampardos, L90, M|321/321\n|turn|13\n|\n|t:|1732986735\n|switch|p1a: Carbink|Carbink, L90|236/236\n|move|p2a: Rampardos|Rock Slide|p1a: Carbink\n|-damage|p1a: Carbink|96/236\n|\n|-heal|p1a: Carbink|110/236|[from] item: Leftovers\n|upkeep\n|turn|14\n|\n|t:|1732986749\n|move|p2a: Rampardos|Earthquake|p1a: Carbink\n|-supereffective|p1a: Carbink\n|-damage|p1a: Carbink|0 fnt\n|faint|p1a: Carbink\n|-damage|p2a: Rampardos|289/321|[from] item: Life Orb\n|\n|upkeep\n|\n|t:|1732986754\n|switch|p1a: Sinistcha|Sinistcha-Masterpiece, L83|254/254\n|turn|15\n|\n|t:|1732986775\n|switch|p2a: Blaziken|Blaziken, L76, M|247/247\n|move|p1a: Sinistcha|Calm Mind|p1a: Sinistcha\n|-boost|p1a: Sinistcha|spa|1\n|-boost|p1a: Sinistcha|spd|1\n|\n|upkeep\n|turn|16\n|\n|t:|1732986784\n|move|p2a: Blaziken|Flare Blitz|p1a: Sinistcha\n|-supereffective|p1a: Sinistcha\n|-damage|p1a: Sinistcha|106/254\n|-damage|p2a: Blaziken|198/247|[from] Recoil\n|-damage|p2a: Blaziken|174/247|[from] item: Life Orb\n|move|p1a: Sinistcha|Shadow Ball|p2a: Blaziken\n|-damage|p2a: Blaziken|0 fnt\n|faint|p2a: Blaziken\n|\n|-heal|p1a: Sinistcha|121/254|[from] item: Leftovers\n|upkeep\n|\n|t:|1732986805\n|switch|p2a: Lugia|Lugia, L72|272/272\n|turn|17\n|\n|t:|1732986813\n|move|p2a: Lugia|Calm Mind|p2a: Lugia\n|-boost|p2a: Lugia|spa|1\n|-boost|p2a: Lugia|spd|1\n|move|p1a: Sinistcha|Strength Sap|p2a: Lugia\n|-unboost|p2a: Lugia|atk|1\n|-heal|p1a: Sinistcha|254/254\n|\n|upkeep\n|turn|18\n|\n|t:|1732986817\n|move|p2a: Lugia|Calm Mind|p2a: Lugia\n|-boost|p2a: Lugia|spa|1\n|-boost|p2a: Lugia|spd|1\n|move|p1a: Sinistcha|Matcha Gotcha|p2a: Lugia\n|-resisted|p2a: Lugia\n|-damage|p2a: Lugia|260/272\n|\n|upkeep\n|turn|19\n|\n|t:|1732986824\n|move|p2a: Lugia|Calm Mind|p2a: Lugia\n|-boost|p2a: Lugia|spa|1\n|-boost|p2a: Lugia|spd|1\n|move|p1a: Sinistcha|Shadow Ball|p2a: Lugia\n|-supereffective|p2a: Lugia\n|-damage|p2a: Lugia|168/272\n|\n|upkeep\n|turn|20\n|\n|t:|1732986836\n|-terastallize|p1a: Sinistcha|Steel\n|move|p2a: Lugia|Recover|p2a: Lugia\n|-heal|p2a: Lugia|272/272\n|move|p1a: Sinistcha|Shadow Ball|p2a: Lugia\n|-supereffective|p2a: Lugia\n|-damage|p2a: Lugia|226/272\n|\n|upkeep\n|turn|21\n|\n|t:|1732986848\n|move|p2a: Lugia|Earth Power|p1a: Sinistcha\n|-supereffective|p1a: Sinistcha\n|-damage|p1a: Sinistcha|94/254\n|move|p1a: Sinistcha|Shadow Ball|p2a: Lugia\n|-supereffective|p2a: Lugia\n|-damage|p2a: Lugia|136/272\n|\n|-heal|p1a: Sinistcha|109/254|[from] item: Leftovers\n|upkeep\n|turn|22\n|\n|t:|1732986859\n|switch|p1a: Brute Bonnet|Brute Bonnet, L81|312/312\n|move|p2a: Lugia|Recover|p2a: Lugia\n|-heal|p2a: Lugia|272/272\n|\n|upkeep\n|turn|23\n|\n|t:|1732986871\n|move|p2a: Lugia|Aeroblast|p1a: Brute Bonnet\n|-supereffective|p1a: Brute Bonnet\n|-damage|p1a: Brute Bonnet|0 fnt\n|faint|p1a: Brute Bonnet\n|-end|p1a: Brute Bonnet|Protosynthesis|[silent]\n|\n|upkeep\n|\n|t:|1732986874\n|switch|p1a: Hatterene|Hatterene, L85, F|236/236\n|turn|24\n|inactive|Battle timer is ON: inactive players will automatically lose when time's up. (requested by BigBossJnack)\n|\n|t:|1732986949\n|move|p2a: Lugia|Aeroblast|p1a: Hatterene\n|-damage|p1a: Hatterene|131/236\n|move|p1a: Hatterene|Nuzzle|p2a: Lugia\n|-supereffective|p2a: Lugia\n|-damage|p2a: Lugia|259/272\n|-status|p2a: Lugia|par\n|\n|upkeep\n|turn|25\n|\n|t:|1732986959\n|move|p2a: Lugia|Aeroblast|p1a: Hatterene\n|-damage|p1a: Hatterene|31/236\n|move|p1a: Hatterene|Mystical Fire|p2a: Lugia\n|-damage|p2a: Lugia|236/272 par\n|-unboost|p2a: Lugia|spa|1\n|\n|upkeep\n|turn|26\n|\n|t:|1732986975\n|move|p2a: Lugia|Earth Power|p1a: Hatterene\n|-damage|p1a: Hatterene|0 fnt\n|faint|p1a: Hatterene\n|\n|upkeep\n|\n|t:|1732986978\n|switch|p1a: Necrozma|Necrozma-Dawn-Wings, L76|207/272\n|turn|27\n|\n|t:|1732986994\n|move|p1a: Necrozma|Calm Mind|p1a: Necrozma\n|-boost|p1a: Necrozma|spa|1\n|-boost|p1a: Necrozma|spd|1\n|move|p2a: Lugia|Aeroblast|p1a: Necrozma\n|-damage|p1a: Necrozma|129/272\n|\n|-heal|p1a: Necrozma|146/272|[from] item: Leftovers\n|upkeep\n|turn|28\n|\n|t:|1732987002\n|move|p1a: Necrozma|Moonlight|p1a: Necrozma\n|-heal|p1a: Necrozma|272/272\n|cant|p2a: Lugia|par\n|\n|upkeep\n|turn|29\n|\n|t:|1732987011\n|move|p1a: Necrozma|Calm Mind|p1a: Necrozma\n|-boost|p1a: Necrozma|spa|1\n|-boost|p1a: Necrozma|spd|1\n|cant|p2a: Lugia|par\n|\n|upkeep\n|turn|30\n|\n|t:|1732987021\n|switch|p2a: Breloom|Breloom, L82, M|233/233\n|move|p1a: Necrozma|Moongeist Beam|p2a: Breloom\n|-damage|p2a: Breloom|0 fnt\n|faint|p2a: Breloom\n|\n|upkeep\n|-message|NormalGymLeaderTed forfeited.\n|\n|win|BigBossJnack\n|raw|BigBossJnack's rating: 2053 &rarr; <strong>2072</strong><br />(+19 for winning)\n|raw|NormalGymLeaderTed's rating: 2036 &rarr; <strong>2017</strong><br />(-19 for losing)\n|l|\u2606NormalGymLeaderTed\n|player|p2|\n", "inputlog": ">version b107d77f5c90bd6555267ae244a6264823309ead\n>start {\"formatid\":\"gen9randombattle\",\"seed\":[9196,16036,46045,16237],\"rated\":\"Rated battle\"}\n>player p1 {\"name\":\"BigBossJnack\",\"avatar\":\"2\",\"rating\":2053,\"seed\":[14779,19034,44292,16112]}\n>player p2 {\"name\":\"NormalGymLeaderTed\",\"avatar\":\"cheren-gen5bw2\",\"rating\":2036,\"seed\":[18870,19936,9322,51317]}\n>p1 move nuzzle\n>p2 switch 4\n>p1 switch 6\n>p2 move trick\n>p1 switch 3\n>p2 move focusblast\n>p1 move calmmind\n>p2 move shadowball\n>p1 move moongeistbeam\n>p2 move shadowball\n>p1 move moonlight\n>p2 move shadowball\n>p1 move moonlight\n>p2 move shadowball\n>p1 move moongeistbeam\n>p2 move shadowball\n>p2 switch 3\n>p1 switch 3\n>p2 move swordsdance\n>p1 move earthquake\n>p2 move knockoff\n>p1 move earthquake\n>p2 move gigatonhammer\n>p1 switch 6\n>p1 move mysticalfire\n>p2 move playrough\n>p2 switch 2\n>p1 switch 2\n>p2 move rockslide\n>p1 move irondefense\n>p2 move earthquake\n>p1 switch 4\n>p1 move calmmind\n>p2 switch 5\n>p1 move shadowball\n>p2 move flareblitz\n>p2 switch 4\n>p1 move strengthsap\n>p2 move calmmind\n>p1 move matchagotcha\n>p2 move calmmind\n>p1 move shadowball\n>p2 move calmmind\n>p1 move shadowball terastallize\n>p2 move recover\n>p1 move shadowball\n>p2 move earthpower\n>p1 switch 5\n>p2 move recover\n>p1 move spore\n>p2 move aeroblast\n>p1 switch 2\n>p1 move nuzzle\n>p2 move aeroblast\n>p1 move mysticalfire\n>p2 move aeroblast\n>p1 move mysticalfire\n>p2 move earthpower\n>p1 switch 3\n>p1 move calmmind\n>p2 move aeroblast\n>p1 move moonlight\n>p2 move aeroblast\n>p1 move calmmind\n>p2 move earthpower\n>p1 move moongeistbeam\n>p2 switch 6\n>forcelose p2", "uploadtime": 1732987028, "views": 1, "formatid": "gen9randombattle", "rating": 2017, "private": 0, "password": null}