{"id": "gen9randombattle-2254118893", "format": "[Gen 9] Random Battle", "players": ["Sealed Book", "dobstrich"], "log": "|j|\u2606Sealed Book\n|j|\u2606dobstrich\n|t:|1732993521\n|gametype|singles\n|player|p1|Sealed Book|lisia|1439\n|player|p2|dobstrich|galacticgruntf|1469\n|teamsize|p1|6\n|teamsize|p2|6\n|gen|9\n|tier|[Gen 9] Random Battle\n|rated|\n|rule|Species Clause: Limit one of each Pok\u00e9mon\n|rule|HP Percentage Mod: HP is shown in percentages\n|rule|Sleep Clause Mod: Limit one foe put to sleep\n|rule|Illusion Level Mod: Illusion disguises the Pok\u00e9mon's true level\n|\n|t:|1732993521\n|start\n|switch|p1a: Diancie|Diancie, L82|216/216\n|switch|p2a: Slowbro|Slowbro-Galar, L87, F|307/307\n|turn|1\n|inactive|Battle timer is ON: inactive players will automatically lose when time's up. (requested by dobstrich)\n|\n|t:|1732993574\n|move|p1a: Diancie|Diamond Storm|p2a: Slowbro\n|-damage|p2a: Slowbro|205/307\n|move|p2a: Slowbro|Shell Side Arm|p1a: Diancie|[anim] Shell Side Arm Special\n|-damage|p1a: Diancie|125/216\n|-hint|Special Shell Side Arm\n|-damage|p2a: Slowbro|175/307|[from] item: Life Orb\n|\n|-heal|p1a: Diancie|138/216|[from] item: Leftovers\n|upkeep\n|turn|2\n|\n|t:|1732993597\n|switch|p2a: Registeel|Registeel, L81|262/262\n|move|p1a: Diancie|Diamond Storm|p2a: Registeel\n|-resisted|p2a: Registeel\n|-damage|p2a: Registeel|229/262\n|\n|-heal|p1a: Diancie|151/216|[from] item: Leftovers\n|upkeep\n|turn|3\n|\n|t:|1732993609\n|move|p1a: Diancie|Body Press|p2a: Registeel\n|-supereffective|p2a: Registeel\n|-damage|p2a: Registeel|133/262\n|move|p2a: Registeel|Iron Head|p1a: Diancie\n|-supereffective|p1a: Diancie\n|-damage|p1a: Diancie|0 fnt\n|faint|p1a: Diancie\n|\n|upkeep\n|\n|t:|1732993620\n|switch|p1a: Raging Bolt|Raging Bolt, L78|323/323\n|turn|4\n|\n|t:|1732993628\n|move|p1a: Raging Bolt|Discharge|p2a: Registeel\n|-damage|p2a: Registeel|64/262\n|move|p2a: Registeel|Body Press|p1a: Raging Bolt\n|-damage|p1a: Raging Bolt|247/323\n|\n|upkeep\n|turn|5\n|\n|t:|1732993641\n|move|p1a: Raging Bolt|Discharge|p2a: Registeel\n|-damage|p2a: Registeel|0 fnt\n|faint|p2a: Registeel\n|\n|upkeep\n|\n|t:|1732993646\n|switch|p2a: Slowbro|Slowbro-Galar, L87, F|277/307\n|turn|6\n|\n|t:|1732993655\n|move|p1a: Raging Bolt|Discharge|p2a: Slowbro\n|-damage|p2a: Slowbro|163/307\n|move|p2a: Slowbro|Shell Side Arm|p1a: Raging Bolt|[anim] Shell Side Arm Special\n|-damage|p1a: Raging Bolt|156/323\n|-hint|Special Shell Side Arm\n|-damage|p2a: Slowbro|133/307|[from] item: Life Orb\n|\n|upkeep\n|turn|7\n|\n|t:|1732993674\n|move|p1a: Raging Bolt|Discharge|p2a: Slowbro\n|-damage|p2a: Slowbro|16/307\n|move|p2a: Slowbro|Shell Side Arm|p1a: Raging Bolt|[anim] Shell Side Arm Special\n|-damage|p1a: Raging Bolt|51/323\n|-hint|Special Shell Side Arm\n|-status|p1a: Raging Bolt|psn\n|-damage|p2a: Slowbro|0 fnt|[from] item: Life Orb\n|faint|p2a: Slowbro\n|\n|-damage|p1a: Raging Bolt|11/323 psn|[from] psn\n|upkeep\n|\n|t:|1732993684\n|switch|p2a: Tauros|Tauros, L82, M|257/257\n|turn|8\n|\n|t:|1732993698\n|switch|p2a: Snorlax|Snorlax, L82, F|397/397\n|move|p1a: Raging Bolt|Thunderclap||[still]\n|-fail|p1a: Raging Bolt\n|\n|-damage|p1a: Raging Bolt|0 fnt|[from] psn\n|faint|p1a: Raging Bolt\n|-end|p1a: Raging Bolt|Protosynthesis|[silent]\n|upkeep\n|\n|t:|1732993703\n|switch|p1a: Glastrier|Glastrier, L86|311/311\n|turn|9\n|\n|t:|1732993709\n|move|p1a: Glastrier|Close Combat|p2a: Snorlax\n|-supereffective|p2a: Snorlax\n|-damage|p2a: Snorlax|0 fnt\n|-unboost|p1a: Glastrier|def|1\n|-unboost|p1a: Glastrier|spd|1\n|faint|p2a: Snorlax\n|-ability|p1a: Glastrier|Chilling Neigh|boost\n|-boost|p1a: Glastrier|atk|1\n|\n|upkeep\n|\n|t:|1732993726\n|switch|p2a: Tauros|Tauros, L82, M|257/257\n|turn|10\n|\n|t:|1732993733\n|move|p2a: Tauros|Close Combat|p1a: Glastrier\n|-supereffective|p1a: Glastrier\n|-damage|p1a: Glastrier|67/311\n|-unboost|p2a: Tauros|def|1\n|-unboost|p2a: Tauros|spd|1\n|-damage|p2a: Tauros|232/257|[from] item: Life Orb\n|move|p1a: Glastrier|Close Combat|p2a: Tauros\n|-supereffective|p2a: Tauros\n|-damage|p2a: Tauros|0 fnt\n|-unboost|p1a: Glastrier|def|1\n|-unboost|p1a: Glastrier|spd|1\n|faint|p2a: Tauros\n|-ability|p1a: Glastrier|Chilling Neigh|boost\n|-boost|p1a: Glastrier|atk|1\n|\n|upkeep\n|\n|t:|1732993742\n|switch|p2a: Slowking|Slowking, L88, F|310/310\n|turn|11\n|\n|t:|1732993750\n|move|p2a: Slowking|Scald|p1a: Glastrier\n|-damage|p1a: Glastrier|0 fnt\n|faint|p1a: Glastrier\n|\n|upkeep\n|\n|t:|1732993755\n|switch|p1a: Brambleghast|Brambleghast, L88, M|240/240\n|turn|12\n|\n|t:|1732993763\n|move|p1a: Brambleghast|Power Whip|p2a: Slowking\n|-supereffective|p2a: Slowking\n|-damage|p2a: Slowking|0 fnt\n|faint|p2a: Slowking\n|\n|upkeep\n|\n|t:|1732993766\n|switch|p2a: Hydrapple|Hydrapple, L83, M|312/312\n|turn|13\n|\n|t:|1732993772\n|move|p1a: Brambleghast|Substitute|p1a: Brambleghast\n|-start|p1a: Brambleghast|Substitute\n|-damage|p1a: Brambleghast|180/240\n|move|p2a: Hydrapple|Fickle Beam|p1a: Brambleghast\n|-end|p1a: Brambleghast|Substitute\n|\n|-heal|p1a: Brambleghast|195/240|[from] item: Leftovers\n|upkeep\n|turn|14\n|\n|t:|1732993778\n|move|p1a: Brambleghast|Substitute|p1a: Brambleghast\n|-start|p1a: Brambleghast|Substitute\n|-damage|p1a: Brambleghast|135/240\n|move|p2a: Hydrapple|Fickle Beam|p1a: Brambleghast\n|-end|p1a: Brambleghast|Substitute\n|\n|-heal|p1a: Brambleghast|150/240|[from] item: Leftovers\n|upkeep\n|turn|15\n|\n|t:|1732993783\n|move|p1a: Brambleghast|Substitute|p1a: Brambleghast\n|-start|p1a: Brambleghast|Substitute\n|-damage|p1a: Brambleghast|90/240\n|move|p2a: Hydrapple|Fickle Beam|p1a: Brambleghast\n|-end|p1a: Brambleghast|Substitute\n|\n|-heal|p1a: Brambleghast|105/240|[from] item: Leftovers\n|upkeep\n|turn|16\n|\n|t:|1732993787\n|move|p1a: Brambleghast|Substitute|p1a: Brambleghast\n|-start|p1a: Brambleghast|Substitute\n|-damage|p1a: Brambleghast|45/240\n|move|p2a: Hydrapple|Fickle Beam|p1a: Brambleghast\n|-end|p1a: Brambleghast|Substitute\n|\n|-heal|p1a: Brambleghast|60/240|[from] item: Leftovers\n|upkeep\n|turn|17\n|\n|t:|1732993790\n|move|p1a: Brambleghast|Substitute|p1a: Brambleghast\n|-fail|p1a: Brambleghast|move: Substitute|[weak]\n|move|p2a: Hydrapple|Fickle Beam|p1a: Brambleghast\n|-damage|p1a: Brambleghast|0 fnt\n|faint|p1a: Brambleghast\n|\n|upkeep\n|\n|t:|1732993796\n|switch|p1a: Sawsbuck|Sawsbuck-Autumn, L88, M|284/284\n|turn|18\n|\n|t:|1732993800\n|switch|p1a: Alcremie|Alcremie-Rainbow-Swirl, L90, F|263/263\n|move|p2a: Hydrapple|Fickle Beam|p1a: Alcremie\n|-immune|p1a: Alcremie\n|\n|upkeep\n|turn|19\n|\n|t:|1732993804\n|move|p1a: Alcremie|Alluring Voice|p2a: Hydrapple\n|-supereffective|p2a: Hydrapple\n|-damage|p2a: Hydrapple|60/312\n|move|p2a: Hydrapple|Fickle Beam|p1a: Alcremie\n|-immune|p1a: Alcremie\n|\n|upkeep\n|turn|20\n|\n|t:|1732993807\n|move|p1a: Alcremie|Alluring Voice|p2a: Hydrapple\n|-supereffective|p2a: Hydrapple\n|-damage|p2a: Hydrapple|0 fnt\n|faint|p2a: Hydrapple\n|\n|win|Sealed Book\n|raw|Sealed Book's rating: 1439 &rarr; <strong>1461</strong><br />(+22 for winning)\n|raw|dobstrich's rating: 1469 &rarr; <strong>1447</strong><br />(-22 for losing)\n|l|\u2606dobstrich\n|player|p2|\n|c|\u2606Sealed Book|27 wins - 8 loses\n|l|\u2606Sealed Book\n|player|p1|\n|j|\u2606Sealed Book\n|player|p1|Sealed Book|lisia|\n", "inputlog": ">version b107d77f5c90bd6555267ae244a6264823309ead\n>start {\"formatid\":\"gen9randombattle\",\"seed\":[17789,62746,29287,42123],\"rated\":\"Rated battle\"}\n>player p1 {\"name\":\"Sealed Book\",\"avatar\":\"lisia\",\"rating\":1439,\"seed\":[25985,47371,123,8852]}\n>player p2 {\"name\":\"dobstrich\",\"avatar\":\"galacticgruntf\",\"rating\":1469,\"seed\":[24783,7684,50848,9979]}\n>p1 move diamondstorm\n>p2 move shellsidearm\n>p1 move diamondstorm\n>p2 switch 4\n>p1 move bodypress\n>p2 move ironhead\n>p1 switch 4\n>p1 move discharge\n>p2 move bodypress\n>p1 move discharge\n>p2 move ironhead\n>p2 switch 4\n>p1 move discharge\n>p2 move shellsidearm\n>p1 move discharge\n>p2 move shellsidearm\n>p2 switch 2\n>p1 move thunderclap\n>p2 switch 6\n>p1 switch 2\n>p1 move closecombat\n>p2 move curse\n>p2 switch 6\n>p1 move closecombat\n>p2 move closecombat\n>p2 switch 5\n>p1 move closecombat\n>p2 move scald\n>p1 switch 5\n>p1 move powerwhip\n>p2 move futuresight\n>p2 switch 3\n>p1 move substitute\n>p2 move ficklebeam\n>p1 move substitute\n>p2 move ficklebeam\n>p1 move substitute\n>p2 move ficklebeam\n>p1 move substitute\n>p2 move ficklebeam\n>p1 move substitute\n>p2 move ficklebeam\n>p1 switch 6\n>p1 switch 3\n>p2 move ficklebeam\n>p1 move alluringvoice\n>p2 move ficklebeam\n>p1 move alluringvoice\n>p2 move ficklebeam", "uploadtime": 1732993864, "views": 1, "formatid": "gen9randombattle", "rating": 1447, "private": 0, "password": null}