{"id": "gen9randombattle-2254147292", "format": "[Gen 9] Random Battle", "players": ["I'm With Aegislash", "halcyonfury"], "log": "|j|\u2606I'm With Aegislash\n|j|\u2606halcyonfury\n|t:|1732997023\n|gametype|singles\n|player|p1|I'm With Aegislash|iris-gen5bw2|1562\n|player|p2|halcyonfury|2|1531\n|teamsize|p1|6\n|teamsize|p2|6\n|gen|9\n|tier|[Gen 9] Random Battle\n|rated|\n|rule|Species Clause: Limit one of each Pok\u00e9mon\n|rule|HP Percentage Mod: HP is shown in percentages\n|rule|Sleep Clause Mod: Limit one foe put to sleep\n|rule|Illusion Level Mod: Illusion disguises the Pok\u00e9mon's true level\n|\n|t:|1732997023\n|start\n|switch|p1a: Arcanine|Arcanine, L84, M|288/288\n|switch|p2a: Brute Bonnet|Brute Bonnet, L81|312/312\n|-ability|p1a: Arcanine|Intimidate|boost\n|-unboost|p2a: Brute Bonnet|atk|1\n|turn|1\n|inactive|Battle timer is ON: inactive players will automatically lose when time's up. (requested by halcyonfury)\n|\n|t:|1732997041\n|-end|p2a: Brute Bonnet|Protosynthesis|[silent]\n|switch|p2a: Cloyster|Cloyster, L80, F|211/211\n|move|p1a: Arcanine|Will-O-Wisp|p2a: Cloyster\n|-status|p2a: Cloyster|brn\n|\n|-damage|p2a: Cloyster|198/211 brn|[from] brn\n|upkeep\n|turn|2\n|\n|t:|1732997056\n|switch|p1a: Pachirisu|Pachirisu, L96, F|271/271\n|move|p2a: Cloyster|Shell Smash|p2a: Cloyster\n|-unboost|p2a: Cloyster|def|1\n|-unboost|p2a: Cloyster|spd|1\n|-boost|p2a: Cloyster|atk|2\n|-boost|p2a: Cloyster|spa|2\n|-boost|p2a: Cloyster|spe|2\n|-enditem|p2a: Cloyster|White Herb\n|-clearnegativeboost|p2a: Cloyster|[silent]\n|\n|-damage|p2a: Cloyster|185/211 brn|[from] brn\n|upkeep\n|turn|3\n|\n|t:|1732997068\n|move|p2a: Cloyster|Drill Run|p1a: Pachirisu\n|-supereffective|p1a: Pachirisu\n|-damage|p1a: Pachirisu|160/271\n|move|p1a: Pachirisu|Thunderbolt|p2a: Cloyster\n|-supereffective|p2a: Cloyster\n|-damage|p2a: Cloyster|0 fnt\n|faint|p2a: Cloyster\n|\n|upkeep\n|\n|t:|1732997078\n|switch|p2a: Brute Bonnet|Brute Bonnet, L81|312/312\n|turn|4\n|\n|t:|1732997084\n|move|p1a: Pachirisu|U-turn|p2a: Brute Bonnet\n|-supereffective|p2a: Brute Bonnet\n|-damage|p2a: Brute Bonnet|176/312\n|\n|t:|1732997097\n|switch|p1a: Arcanine|Arcanine, L84, M|288/288|[from] U-turn\n|-ability|p1a: Arcanine|Intimidate|boost\n|-unboost|p2a: Brute Bonnet|atk|1\n|move|p2a: Brute Bonnet|Spore|p1a: Arcanine\n|-status|p1a: Arcanine|slp|[from] move: Spore\n|\n|-heal|p2a: Brute Bonnet|195/312|[from] item: Leftovers\n|upkeep\n|turn|5\n|\n|t:|1732997111\n|-end|p2a: Brute Bonnet|Protosynthesis|[silent]\n|switch|p2a: Rampardos|Rampardos, L90, F|321/321\n|cant|p1a: Arcanine|slp\n|\n|upkeep\n|turn|6\n|\n|t:|1732997121\n|switch|p1a: Gurdurr|Gurdurr, L85, F|283/283\n|move|p2a: Rampardos|Rock Slide|p1a: Gurdurr\n|-resisted|p1a: Gurdurr\n|-damage|p1a: Gurdurr|223/283\n|\n|upkeep\n|turn|7\n|\n|t:|1732997134\n|switch|p2a: Delibird|Delibird, M|252/252\n|move|p1a: Gurdurr|Knock Off|p2a: Delibird\n|-damage|p2a: Delibird|151/252\n|-enditem|p2a: Delibird|Heavy-Duty Boots|[from] move: Knock Off|[of] p1a: Gurdurr\n|\n|upkeep\n|turn|8\n|\n|t:|1732997144\n|switch|p1a: Pachirisu|Pachirisu, L96, F|160/271\n|move|p2a: Delibird|Brave Bird|p1a: Pachirisu\n|-resisted|p1a: Pachirisu\n|-damage|p1a: Pachirisu|73/271\n|-damage|p2a: Delibird|122/252|[from] Recoil\n|\n|upkeep\n|turn|9\n|\n|t:|1732997152\n|switch|p2a: Brute Bonnet|Brute Bonnet, L81|195/312\n|move|p1a: Pachirisu|Thunderbolt|p2a: Brute Bonnet\n|-resisted|p2a: Brute Bonnet\n|-damage|p2a: Brute Bonnet|161/312\n|-status|p2a: Brute Bonnet|par\n|\n|-heal|p2a: Brute Bonnet|180/312 par|[from] item: Leftovers\n|upkeep\n|turn|10\n|\n|t:|1732997162\n|move|p2a: Brute Bonnet|Sucker Punch|p1a: Pachirisu\n|-damage|p1a: Pachirisu|0 fnt\n|faint|p1a: Pachirisu\n|\n|-heal|p2a: Brute Bonnet|199/312 par|[from] item: Leftovers\n|upkeep\n|\n|t:|1732997171\n|switch|p1a: Gurdurr|Gurdurr, L85, F|223/283\n|turn|11\n|\n|t:|1732997178\n|-end|p2a: Brute Bonnet|Protosynthesis|[silent]\n|switch|p2a: Delibird|Delibird, M|122/252\n|move|p1a: Gurdurr|Drain Punch|p2a: Delibird\n|-damage|p2a: Delibird|2/252\n|-heal|p1a: Gurdurr|283/283|[from] drain|[of] p2a: Delibird\n|\n|upkeep\n|turn|12\n|\n|t:|1732997186\n|move|p1a: Gurdurr|Mach Punch|p2a: Delibird\n|-damage|p2a: Delibird|0 fnt\n|faint|p2a: Delibird\n|\n|upkeep\n|\n|t:|1732997191\n|switch|p2a: Raichu|Raichu-Alola, L87, M|246/246\n|turn|13\n|\n|t:|1732997198\n|switch|p1a: Goodra|Goodra-Hisui, L82, M|265/265\n|move|p2a: Raichu|Nasty Plot|p2a: Raichu\n|-boost|p2a: Raichu|spa|2\n|\n|upkeep\n|turn|14\n|\n|t:|1732997223\n|switch|p2a: Brute Bonnet|Brute Bonnet, L81|199/312 par\n|move|p1a: Goodra|Earthquake|p2a: Brute Bonnet\n|-resisted|p2a: Brute Bonnet\n|-damage|p2a: Brute Bonnet|165/312 par\n|\n|-heal|p2a: Brute Bonnet|184/312 par|[from] item: Leftovers\n|upkeep\n|turn|15\n|\n|t:|1732997232\n|switch|p1a: Arcanine|Arcanine, L84, M|288/288 slp\n|-ability|p1a: Arcanine|Intimidate|boost\n|-unboost|p2a: Brute Bonnet|atk|1\n|cant|p2a: Brute Bonnet|par\n|\n|-heal|p2a: Brute Bonnet|203/312 par|[from] item: Leftovers\n|upkeep\n|turn|16\n|\n|t:|1732997246\n|-end|p2a: Brute Bonnet|Protosynthesis|[silent]\n|switch|p2a: Rampardos|Rampardos, L90, F|321/321\n|cant|p1a: Arcanine|slp\n|\n|upkeep\n|turn|17\n|\n|t:|1732997252\n|switch|p1a: Gurdurr|Gurdurr, L85, F|283/283\n|move|p2a: Rampardos|Earthquake|p1a: Gurdurr\n|-damage|p1a: Gurdurr|200/283\n|\n|upkeep\n|turn|18\n|\n|t:|1732997264\n|-terastallize|p2a: Rampardos|Ground\n|move|p2a: Rampardos|Earthquake|p1a: Gurdurr\n|-damage|p1a: Gurdurr|82/283\n|move|p1a: Gurdurr|Knock Off|p2a: Rampardos\n|-damage|p2a: Rampardos|235/321\n|-enditem|p2a: Rampardos|Choice Scarf|[from] move: Knock Off|[of] p1a: Gurdurr\n|\n|upkeep\n|turn|19\n|\n|t:|1732997274\n|switch|p1a: Drifblim|Drifblim, L86, F|396/396\n|move|p2a: Rampardos|Earthquake|p1a: Drifblim\n|-immune|p1a: Drifblim\n|\n|upkeep\n|turn|20\n|\n|t:|1732997290\n|move|p1a: Drifblim|Air Slash|p2a: Rampardos\n|-damage|p2a: Rampardos|120/321\n|cant|p2a: Rampardos|flinch\n|\n|upkeep\n|turn|21\n|\n|t:|1732997296\n|move|p1a: Drifblim|Shadow Ball|p2a: Rampardos\n|-damage|p2a: Rampardos|9/321\n|move|p2a: Rampardos|Head Smash|p1a: Drifblim|[miss]\n|-miss|p2a: Rampardos|p1a: Drifblim\n|\n|upkeep\n|turn|22\n|\n|t:|1732997304\n|move|p1a: Drifblim|Shadow Ball|p2a: Rampardos\n|-damage|p2a: Rampardos|0 fnt\n|faint|p2a: Rampardos\n|\n|upkeep\n|\n|t:|1732997315\n|switch|p2a: Raichu|Raichu-Alola, L87, M|246/246\n|turn|23\n|\n|t:|1732997324\n|switch|p1a: Goodra|Goodra-Hisui, L82, M|265/265\n|move|p2a: Raichu|Nasty Plot|p2a: Raichu\n|-boost|p2a: Raichu|spa|2\n|\n|upkeep\n|turn|24\n|\n|t:|1732997331\n|move|p2a: Raichu|Alluring Voice|p1a: Goodra\n|-damage|p1a: Goodra|197/265\n|-damage|p2a: Raichu|222/246|[from] item: Life Orb\n|move|p1a: Goodra|Heavy Slam|p2a: Raichu\n|-resisted|p2a: Raichu\n|-damage|p2a: Raichu|133/246\n|\n|upkeep\n|turn|25\n|\n|t:|1732997339\n|move|p2a: Raichu|Alluring Voice|p1a: Goodra\n|-damage|p1a: Goodra|129/265\n|-damage|p2a: Raichu|109/246|[from] item: Life Orb\n|move|p1a: Goodra|Earthquake|p2a: Raichu\n|-supereffective|p2a: Raichu\n|-damage|p2a: Raichu|0 fnt\n|faint|p2a: Raichu\n|\n|upkeep\n|\n|t:|1732997349\n|switch|p2a: Brute Bonnet|Brute Bonnet, L81|203/312 par\n|turn|26\n|\n|t:|1732997358\n|switch|p1a: Arcanine|Arcanine, L84, M|288/288 slp\n|-ability|p1a: Arcanine|Intimidate|boost\n|-unboost|p2a: Brute Bonnet|atk|1\n|cant|p2a: Brute Bonnet|par\n|\n|-heal|p2a: Brute Bonnet|222/312 par|[from] item: Leftovers\n|upkeep\n|turn|27\n|\n|t:|1732997370\n|-end|p2a: Brute Bonnet|Protosynthesis|[silent]\n|switch|p2a: Regidrago|Regidrago, L77|435/435\n|cant|p1a: Arcanine|slp\n|\n|upkeep\n|turn|28\n|c|\u2606I'm With Aegislash|ARCANINE WAKE THE FUCK UUUUUUP\n|c|\u2606I'm With Aegislash|ITS BEEN THREE TURNSSSS\n|-message|halcyonfury forfeited.\n|\n|win|I'm With Aegislash\n", "inputlog": ">version b107d77f5c90bd6555267ae244a6264823309ead\n>start {\"formatid\":\"gen9randombattle\",\"seed\":[65229,14363,62392,8446],\"rated\":\"Rated battle\"}\n>player p1 {\"name\":\"I'm With Aegislash\",\"avatar\":\"iris-gen5bw2\",\"rating\":1562,\"seed\":[37238,7526,4691,42310]}\n>player p2 {\"name\":\"halcyonfury\",\"avatar\":\"2\",\"rating\":1531,\"seed\":[53528,53940,20069,55375]}\n>p1 move willowisp\n>p2 switch 2\n>p1 switch 4\n>p2 move shellsmash\n>p1 move thunderbolt\n>p2 move drillrun\n>p2 switch 2\n>p1 move uturn\n>p2 move spore\n>p1 switch 4\n>p1 move willowisp\n>p2 switch 5\n>p1 switch 6\n>p2 move rockslide\n>p1 move knockoff\n>p2 switch 3\n>p1 switch 4\n>p2 move bravebird\n>p1 move thunderbolt\n>p2 switch 5\n>p1 move uturn\n>p2 move suckerpunch\n>p1 switch 4\n>p1 move drainpunch\n>p2 switch 5\n>p1 move machpunch\n>p2 move bravebird\n>p2 switch 6\n>p1 switch 3\n>p2 move nastyplot\n>p1 move earthquake\n>p2 switch 5\n>p1 switch 6\n>p2 move closecombat\n>p1 move willowisp\n>p2 switch 3\n>p1 switch 3\n>p2 move earthquake\n>p1 move knockoff\n>p2 move earthquake terastallize\n>p1 switch 2\n>p2 move earthquake\n>p1 move airslash\n>p2 move headsmash\n>p1 move shadowball\n>p2 move headsmash\n>p1 move shadowball\n>p2 move headsmash\n>p2 switch 5\n>p1 switch 6\n>p2 move nastyplot\n>p1 move heavyslam\n>p2 move alluringvoice\n>p1 move earthquake\n>p2 move alluringvoice\n>p2 switch 3\n>p1 switch 3\n>p2 move closecombat\n>p1 move flareblitz\n>p2 switch 4\n>chat \u2606I'm With Aegislash|ARCANINE WAKE THE FUCK UUUUUUP\n>chat \u2606I'm With Aegislash|ITS BEEN THREE TURNSSSS\n>forcelose p2", "uploadtime": 1732997385, "views": 1, "formatid": "gen9randombattle", "rating": null, "private": 0, "password": null}