{"id": "gen9randombattle-2254037420", "format": "[Gen 9] Random Battle", "players": ["siri505", "masteuss"], "log": "|j|\u2606siri505\n|j|\u2606masteuss\n|t:|1732983304\n|gametype|singles\n|player|p1|siri505|blue|1267\n|player|p2|masteuss|bugcatcher-gen4dp|1273\n|teamsize|p1|6\n|teamsize|p2|6\n|gen|9\n|tier|[Gen 9] Random Battle\n|rated|\n|rule|Species Clause: Limit one of each Pok\u00e9mon\n|rule|HP Percentage Mod: HP is shown in percentages\n|rule|Sleep Clause Mod: Limit one foe put to sleep\n|rule|Illusion Level Mod: Illusion disguises the Pok\u00e9mon's true level\n|\n|t:|1732983304\n|start\n|switch|p1a: Quagsire|Quagsire, L84, F|297/297\n|switch|p2a: Ludicolo|Ludicolo, L90, M|290/290\n|turn|1\n|inactive|Battle timer is ON: inactive players will automatically lose when time's up. (requested by masteuss)\n|\n|t:|1732983318\n|-terastallize|p1a: Quagsire|Fairy\n|move|p2a: Ludicolo|Leaf Storm|p1a: Quagsire\n|-damage|p1a: Quagsire|0 fnt\n|-unboost|p2a: Ludicolo|spa|2\n|faint|p1a: Quagsire\n|\n|upkeep\n|\n|t:|1732983332\n|switch|p1a: Slowking|Slowking-Galar, L85, F|300/300\n|turn|2\n|\n|t:|1732983351\n|switch|p2a: Persian|Persian-Alola, L86, M|252/252\n|move|p1a: Slowking|Sludge Bomb|p2a: Persian\n|-damage|p2a: Persian|114/252\n|\n|upkeep\n|turn|3\n|\n|t:|1732983377\n|switch|p1a: Shiftry|Shiftry, L89, M|305/305\n|move|p2a: Persian|Dark Pulse|p1a: Shiftry\n|-resisted|p1a: Shiftry\n|-damage|p1a: Shiftry|241/305\n|-damage|p2a: Persian|89/252|[from] item: Life Orb\n|\n|upkeep\n|turn|4\n|\n|t:|1732983390\n|-terastallize|p2a: Persian|Poison\n|move|p2a: Persian|Tera Blast|p1a: Shiftry|[anim] Tera Blast Poison\n|-supereffective|p1a: Shiftry\n|-crit|p1a: Shiftry\n|-damage|p1a: Shiftry|0 fnt\n|faint|p1a: Shiftry\n|-damage|p2a: Persian|64/252|[from] item: Life Orb\n|\n|upkeep\n|\n|t:|1732983399\n|switch|p1a: Flygon|Flygon, L82, F|265/265\n|turn|5\n|\n|t:|1732983409\n|switch|p2a: Golduck|Golduck, L90, F|290/290\n|-ability|p2a: Golduck|Cloud Nine\n|move|p1a: Flygon|Earthquake|p2a: Golduck\n|-damage|p2a: Golduck|187/290\n|\n|upkeep\n|turn|6\n|\n|t:|1732983422\n|switch|p1a: Slowking|Slowking-Galar, L85, F|300/300\n|move|p2a: Golduck|Ice Beam|p1a: Slowking\n|-damage|p1a: Slowking|249/300\n|-damage|p2a: Golduck|158/290|[from] item: Life Orb\n|\n|upkeep\n|turn|7\n|\n|t:|1732983431\n|move|p2a: Golduck|Nasty Plot|p2a: Golduck\n|-boost|p2a: Golduck|spa|2\n|move|p1a: Slowking|Future Sight|p2a: Golduck\n|-start|p1a: Slowking|move: Future Sight\n|\n|upkeep\n|turn|8\n|\n|t:|1732983439\n|move|p2a: Golduck|Hydro Pump|p1a: Slowking|[miss]\n|-miss|p2a: Golduck|p1a: Slowking\n|move|p1a: Slowking|Sludge Bomb|p2a: Golduck\n|-crit|p2a: Golduck\n|-damage|p2a: Golduck|1/290\n|-status|p2a: Golduck|psn\n|\n|-damage|p2a: Golduck|0 fnt|[from] psn\n|faint|p2a: Golduck\n|upkeep\n|\n|t:|1732983445\n|switch|p2a: Persian|Persian-Alola, L86, M, tera:Poison|64/252\n|turn|9\n|\n|t:|1732983461\n|move|p2a: Persian|Dark Pulse|p1a: Slowking\n|-supereffective|p1a: Slowking\n|-damage|p1a: Slowking|153/300\n|-damage|p2a: Persian|39/252|[from] item: Life Orb\n|move|p1a: Slowking|Psychic Noise|p2a: Persian\n|-supereffective|p2a: Persian\n|-damage|p2a: Persian|0 fnt\n|faint|p2a: Persian\n|\n|-hint|Future Sight did not hit because the target is fainted.\n|upkeep\n|\n|t:|1732983470\n|switch|p2a: Zangoose|Zangoose, L85, M|263/263\n|turn|10\n|\n|t:|1732983481\n|move|p2a: Zangoose|Swords Dance|p2a: Zangoose\n|-boost|p2a: Zangoose|atk|2\n|move|p1a: Slowking|Sludge Bomb|p2a: Zangoose\n|-damage|p2a: Zangoose|133/263\n|-status|p2a: Zangoose|psn\n|\n|-damage|p2a: Zangoose|101/263 psn|[from] psn\n|upkeep\n|turn|11\n|\n|t:|1732983497\n|move|p2a: Zangoose|Knock Off|p1a: Slowking\n|-supereffective|p1a: Slowking\n|-damage|p1a: Slowking|0 fnt\n|-enditem|p1a: Slowking|Assault Vest|[from] move: Knock Off|[of] p2a: Zangoose\n|faint|p1a: Slowking\n|\n|-damage|p2a: Zangoose|69/263 psn|[from] psn\n|upkeep\n|\n|t:|1732983506\n|switch|p1a: Flygon|Flygon, L82, F|265/265\n|turn|12\n|\n|t:|1732983512\n|move|p1a: Flygon|Earthquake|p2a: Zangoose\n|-damage|p2a: Zangoose|0 fnt\n|faint|p2a: Zangoose\n|\n|upkeep\n|\n|t:|1732983516\n|switch|p2a: Ludicolo|Ludicolo, L90, M|290/290\n|turn|13\n|\n|t:|1732983520\n|switch|p1a: Gumshoos|Gumshoos, L95, F|321/321\n|move|p2a: Ludicolo|Ice Beam|p1a: Gumshoos\n|-damage|p1a: Gumshoos|200/321\n|\n|upkeep\n|turn|14\n|\n|t:|1732983527\n|switch|p2a: Gengar|Gengar, L81, M|230/230\n|move|p1a: Gumshoos|Double-Edge|p2a: Gengar\n|-immune|p2a: Gengar\n|\n|upkeep\n|turn|15\n|\n|t:|1732983535\n|switch|p1a: Flygon|Flygon, L82, F|265/265\n|move|p2a: Gengar|Trick|p1a: Flygon\n|-activate|p2a: Gengar|move: Trick|[of] p1a: Flygon\n|-item|p1a: Flygon|Choice Specs|[from] move: Trick\n|-item|p2a: Gengar|Choice Scarf|[from] move: Trick\n|\n|upkeep\n|turn|16\n|\n|t:|1732983555\n|switch|p2a: Ludicolo|Ludicolo, L90, M|290/290\n|move|p1a: Flygon|Earthquake|p2a: Ludicolo\n|-resisted|p2a: Ludicolo\n|-damage|p2a: Ludicolo|236/290\n|\n|upkeep\n|turn|17\n|\n|t:|1732983563\n|switch|p1a: Gumshoos|Gumshoos, L95, F|200/321\n|move|p2a: Ludicolo|Ice Beam|p1a: Gumshoos\n|-damage|p1a: Gumshoos|81/321\n|\n|upkeep\n|turn|18\n|\n|t:|1732983570\n|switch|p1a: Suicune|Suicune, L82|298/298\n|-ability|p1a: Suicune|Pressure\n|move|p2a: Ludicolo|Ice Beam|p1a: Suicune\n|-resisted|p1a: Suicune\n|-damage|p1a: Suicune|258/298\n|\n|-heal|p1a: Suicune|276/298|[from] item: Leftovers\n|upkeep\n|turn|19\n|\n|t:|1732983583\n|switch|p2a: Gengar|Gengar, L81, M|230/230\n|move|p1a: Suicune|Scald|p2a: Gengar\n|-damage|p2a: Gengar|136/230\n|\n|-heal|p1a: Suicune|294/298|[from] item: Leftovers\n|upkeep\n|turn|20\n|\n|t:|1732983592\n|move|p2a: Gengar|Trick|p1a: Suicune\n|-activate|p2a: Gengar|move: Trick|[of] p1a: Suicune\n|-item|p1a: Suicune|Choice Scarf|[from] move: Trick\n|-item|p2a: Gengar|Leftovers|[from] move: Trick\n|move|p1a: Suicune|Scald|p2a: Gengar\n|-damage|p2a: Gengar|48/230\n|-start|p1a: Suicune|Disable|Scald|[from] ability: Cursed Body|[of] p2a: Gengar\n|\n|-heal|p2a: Gengar|62/230|[from] item: Leftovers\n|upkeep\n|turn|21\n|\n|t:|1732983605\n|-activate|p1a: Suicune|move: Struggle\n|move|p1a: Suicune|Struggle|p2a: Gengar\n|-damage|p2a: Gengar|32/230\n|-damage|p1a: Suicune|219/298|[from] recoil\n|move|p2a: Gengar|Sludge Wave|p1a: Suicune\n|-damage|p1a: Suicune|120/298\n|\n|-heal|p2a: Gengar|46/230|[from] item: Leftovers\n|upkeep\n|turn|22\n|\n|t:|1732983618\n|switch|p1a: Flygon|Flygon, L82, F|265/265\n|move|p2a: Gengar|Sludge Wave|p1a: Flygon\n|-resisted|p1a: Flygon\n|-damage|p1a: Flygon|199/265\n|\n|-heal|p2a: Gengar|60/230|[from] item: Leftovers\n|upkeep\n|turn|23\n|\n|t:|1732983628\n|switch|p2a: Ludicolo|Ludicolo, L90, M|236/290\n|move|p1a: Flygon|Outrage|p2a: Ludicolo\n|-damage|p2a: Ludicolo|109/290\n|\n|upkeep\n|turn|24\n|\n|t:|1732983634\n|move|p1a: Flygon|Outrage|p2a: Ludicolo|[from]lockedmove\n|-damage|p2a: Ludicolo|0 fnt\n|faint|p2a: Ludicolo\n|-start|p1a: Flygon|confusion|[fatigue]\n|\n|upkeep\n|\n|t:|1732983638\n|switch|p2a: Gengar|Gengar, L81, M|60/230\n|turn|25\n|\n|t:|1732983642\n|move|p2a: Gengar|Shadow Ball|p1a: Flygon\n|-damage|p1a: Flygon|97/265\n|-activate|p1a: Flygon|confusion\n|-damage|p1a: Flygon|65/265|[from] confusion\n|\n|-heal|p2a: Gengar|74/230|[from] item: Leftovers\n|upkeep\n|turn|26\n|\n|t:|1732983651\n|switch|p1a: Gumshoos|Gumshoos, L95, F|81/321\n|move|p2a: Gengar|Focus Blast|p1a: Gumshoos\n|-supereffective|p1a: Gumshoos\n|-damage|p1a: Gumshoos|0 fnt\n|faint|p1a: Gumshoos\n|\n|-heal|p2a: Gengar|88/230|[from] item: Leftovers\n|upkeep\n|\n|t:|1732983660\n|switch|p1a: Suicune|Suicune, L82|120/298\n|-ability|p1a: Suicune|Pressure\n|turn|27\n|\n|t:|1732983666\n|move|p1a: Suicune|Scald|p2a: Gengar\n|-damage|p2a: Gengar|6/230\n|move|p2a: Gengar|Sludge Wave|p1a: Suicune\n|-damage|p1a: Suicune|26/298\n|\n|-heal|p2a: Gengar|20/230|[from] item: Leftovers\n|upkeep\n|turn|28\n|\n|t:|1732983674\n|move|p1a: Suicune|Scald|p2a: Gengar\n|-damage|p2a: Gengar|0 fnt\n|-start|p1a: Suicune|Disable|Scald|[from] ability: Cursed Body|[of] p2a: Gengar\n|faint|p2a: Gengar\n|\n|upkeep\n|\n|t:|1732983676\n|switch|p2a: Terrakion|Terrakion, L79|273/273\n|turn|29\n|\n|t:|1732983683\n|switch|p1a: Flygon|Flygon, L82, F|65/265\n|move|p2a: Terrakion|Stone Edge|p1a: Flygon\n|-resisted|p1a: Flygon\n|-damage|p1a: Flygon|0 fnt\n|faint|p1a: Flygon\n|\n|upkeep\n|\n|t:|1732983689\n|switch|p1a: Suicune|Suicune, L82|26/298\n|-ability|p1a: Suicune|Pressure\n|turn|30\n|\n|t:|1732983696\n|move|p1a: Suicune|Rest|p1a: Suicune\n|-status|p1a: Suicune|slp|[from] move: Rest\n|-heal|p1a: Suicune|298/298 slp|[silent]\n|move|p2a: Terrakion|Stone Edge|p1a: Suicune\n|-damage|p1a: Suicune|159/298 slp\n|\n|upkeep\n|turn|31\n|\n|t:|1732983703\n|cant|p1a: Suicune|slp\n|move|p2a: Terrakion|Stone Edge|p1a: Suicune|[miss]\n|-miss|p2a: Terrakion|p1a: Suicune\n|\n|upkeep\n|turn|32\n|\n|t:|1732983708\n|cant|p1a: Suicune|slp\n|move|p2a: Terrakion|Stone Edge|p1a: Suicune\n|-damage|p1a: Suicune|14/298 slp\n|\n|upkeep\n|turn|33\n|\n|t:|1732983713\n|-curestatus|p1a: Suicune|slp|[msg]\n|move|p1a: Suicune|Rest|p1a: Suicune\n|-status|p1a: Suicune|slp|[from] move: Rest\n|-heal|p1a: Suicune|298/298 slp|[silent]\n|move|p2a: Terrakion|Stone Edge|p1a: Suicune|[miss]\n|-miss|p2a: Terrakion|p1a: Suicune\n|\n|upkeep\n|turn|34\n|\n|t:|1732983721\n|cant|p1a: Suicune|slp\n|-activate|p2a: Terrakion|move: Struggle\n|move|p2a: Terrakion|Struggle|p1a: Suicune\n|-damage|p1a: Suicune|248/298 slp\n|-damage|p2a: Terrakion|205/273|[from] recoil\n|\n|upkeep\n|turn|35\n|\n|t:|1732983727\n|cant|p1a: Suicune|slp\n|-activate|p2a: Terrakion|move: Struggle\n|move|p2a: Terrakion|Struggle|p1a: Suicune\n|-damage|p1a: Suicune|197/298 slp\n|-damage|p2a: Terrakion|137/273|[from] recoil\n|\n|upkeep\n|turn|36\n|\n|t:|1732983733\n|-curestatus|p1a: Suicune|slp|[msg]\n|move|p1a: Suicune|Rest|p1a: Suicune\n|-status|p1a: Suicune|slp|[from] move: Rest\n|-heal|p1a: Suicune|298/298 slp|[silent]\n|-activate|p2a: Terrakion|move: Struggle\n|move|p2a: Terrakion|Struggle|p1a: Suicune\n|-damage|p1a: Suicune|251/298 slp\n|-damage|p2a: Terrakion|69/273|[from] recoil\n|\n|upkeep\n|turn|37\n|\n|t:|1732983742\n|cant|p1a: Suicune|slp\n|-activate|p2a: Terrakion|move: Struggle\n|move|p2a: Terrakion|Struggle|p1a: Suicune\n|-damage|p1a: Suicune|205/298 slp\n|-damage|p2a: Terrakion|1/273|[from] recoil\n|\n|upkeep\n|turn|38\n|c|\u2606masteuss|lol\n|\n|t:|1732983752\n|cant|p1a: Suicune|slp\n|-activate|p2a: Terrakion|move: Struggle\n|move|p2a: Terrakion|Struggle|p1a: Suicune\n|-damage|p1a: Suicune|156/298 slp\n|-damage|p2a: Terrakion|0 fnt|[from] recoil\n|faint|p2a: Terrakion\n|\n|win|siri505\n|raw|siri505's rating: 1267 &rarr; <strong>1292</strong><br />(+25 for winning)\n|raw|masteuss's rating: 1273 &rarr; <strong>1248</strong><br />(-25 for losing)\n", "inputlog": ">version b107d77f5c90bd6555267ae244a6264823309ead\n>start {\"formatid\":\"gen9randombattle\",\"seed\":[10569,7842,258,2840],\"rated\":\"Rated battle\"}\n>player p1 {\"name\":\"siri505\",\"avatar\":\"blue\",\"rating\":1267,\"seed\":[5717,45468,47794,41882]}\n>player p2 {\"name\":\"masteuss\",\"avatar\":\"bugcatcher-gen4dp\",\"rating\":1273,\"seed\":[26067,56775,61783,48732]}\n>p1 move toxic terastallize\n>p2 move leafstorm\n>p1 switch 5\n>p1 move sludgebomb\n>p2 switch 6\n>p1 switch 3\n>p2 move darkpulse\n>p1 move tailwind\n>p2 move terablast terastallize\n>p1 switch 2\n>p1 move earthquake\n>p2 switch 3\n>p1 switch 3\n>p2 move icebeam\n>p1 move futuresight\n>p2 move nastyplot\n>p1 move sludgebomb\n>p2 move hydropump\n>p2 switch 3\n>p1 move psychicnoise\n>p2 move darkpulse\n>p2 switch 2\n>p1 move sludgebomb\n>p2 move swordsdance\n>p1 move psychicnoise\n>p2 move knockoff\n>p1 switch 3\n>p1 move earthquake\n>p2 move facade\n>p2 switch 6\n>p1 switch 4\n>p2 move icebeam\n>p1 move doubleedge\n>p2 switch 5\n>p1 switch 4\n>p2 move trick\n>p1 move earthquake\n>p2 switch 5\n>p1 switch 4\n>p2 move icebeam\n>p1 switch 6\n>p2 move icebeam\n>p1 move scald\n>p2 switch 5\n>p1 move scald\n>p2 move trick\n>p1 move struggle\n>p2 move sludgewave\n>p1 switch 4\n>p2 move sludgewave\n>p1 move outrage\n>p2 switch 5\n>p1 move outrage\n>p2 move icebeam\n>p2 switch 5\n>p1 move outrage\n>p2 move shadowball\n>p1 switch 6\n>p2 move focusblast\n>p1 switch 4\n>p1 move scald\n>p2 move sludgewave\n>p1 move scald\n>p2 move sludgewave\n>p2 switch 4\n>p1 switch 6\n>p2 move stoneedge\n>p1 switch 6\n>p1 move rest\n>p2 move stoneedge\n>p1 move rest\n>p2 move stoneedge\n>p1 move rest\n>p2 move stoneedge\n>p1 move rest\n>p2 move stoneedge\n>p1 move rest\n>p2 move struggle\n>p1 move rest\n>p2 move struggle\n>p1 move rest\n>p2 move struggle\n>p1 move rest\n>p2 move struggle\n>chat \u2606masteuss|lol\n>p1 move rest\n>p2 move struggle", "uploadtime": 1732983759, "views": 9, "formatid": "gen9randombattle", "rating": 1248, "private": 0, "password": null}