{"id": "gen9randombattle-2254088803", "format": "[Gen 9] Random Battle", "players": ["dxfgvvcc", "DannyXL"], "log": "|j|\u2606dxfgvvcc\n|j|\u2606DannyXL\n|t:|1732989863\n|gametype|singles\n|player|p1|dxfgvvcc|265|1110\n|player|p2|DannyXL|shadowtriad|1153\n|teamsize|p1|6\n|teamsize|p2|6\n|gen|9\n|tier|[Gen 9] Random Battle\n|rated|\n|rule|Species Clause: Limit one of each Pok\u00e9mon\n|rule|HP Percentage Mod: HP is shown in percentages\n|rule|Sleep Clause Mod: Limit one foe put to sleep\n|rule|Illusion Level Mod: Illusion disguises the Pok\u00e9mon's true level\n|\n|t:|1732989863\n|start\n|switch|p1a: Torkoal|Torkoal, L88, F|266/266\n|switch|p2a: Rayquaza|Rayquaza, L72|270/270\n|-ability|p2a: Rayquaza|Air Lock\n|-weather|SunnyDay|[from] ability: Drought|[of] p1a: Torkoal\n|turn|1\n|inactive|Battle timer is ON: inactive players will automatically lose when time's up. (requested by dxfgvvcc)\n|\n|t:|1732989871\n|move|p2a: Rayquaza|Earthquake|p1a: Torkoal\n|-supereffective|p1a: Torkoal\n|-damage|p1a: Torkoal|158/266\n|move|p1a: Torkoal|Yawn|p2a: Rayquaza\n|-start|p2a: Rayquaza|move: Yawn|[of] p1a: Torkoal\n|\n|-weather|SunnyDay|[upkeep]\n|upkeep\n|turn|2\n|\n|t:|1732989881\n|switch|p2a: Suicune|Suicune, L82|298/298\n|-ability|p2a: Suicune|Pressure\n|move|p1a: Torkoal|Stealth Rock|p2a: Suicune\n|-sidestart|p2: DannyXL|move: Stealth Rock\n|\n|-weather|SunnyDay|[upkeep]\n|upkeep\n|turn|3\n|\n|t:|1732989893\n|switch|p1a: Cyclizar|Cyclizar, L83, F|252/252\n|move|p2a: Suicune|Scald|p1a: Cyclizar\n|-resisted|p1a: Cyclizar\n|-damage|p1a: Cyclizar|229/252\n|-status|p1a: Cyclizar|brn\n|\n|-weather|SunnyDay|[upkeep]\n|-damage|p1a: Cyclizar|214/252 brn|[from] brn\n|upkeep\n|turn|4\n|\n|t:|1732989906\n|switch|p2a: Rayquaza|Rayquaza, L72|270/270\n|-damage|p2a: Rayquaza|203/270|[from] Stealth Rock\n|-ability|p2a: Rayquaza|Air Lock\n|move|p1a: Cyclizar|Taunt|p2a: Rayquaza\n|-start|p2a: Rayquaza|move: Taunt\n|\n|-weather|SunnyDay|[upkeep]\n|-damage|p1a: Cyclizar|199/252 brn|[from] brn\n|upkeep\n|turn|5\n|\n|t:|1732989916\n|move|p1a: Cyclizar|Shed Tail|p1a: Cyclizar\n|-start|p1a: Cyclizar|Substitute|[from] move: Shed Tail\n|-damage|p1a: Cyclizar|73/252 brn\n|\n|t:|1732989930\n|switch|p1a: Magcargo|Magcargo, L95, M|268/268|[from] Shed Tail\n|move|p2a: Rayquaza|Scale Shot|p1a: Magcargo\n|-activate|p1a: Magcargo|move: Substitute|[damage]\n|-activate|p1a: Magcargo|move: Substitute|[damage]\n|-activate|p1a: Magcargo|move: Substitute|[damage]\n|-end|p1a: Magcargo|Substitute\n|-hitcount|p1a: Magcargo|4\n|-unboost|p2a: Rayquaza|def|1\n|-boost|p2a: Rayquaza|spe|1\n|\n|-weather|none\n|upkeep\n|turn|6\n|\n|t:|1732989944\n|-terastallize|p1a: Magcargo|Grass\n|move|p2a: Rayquaza|Earthquake|p1a: Magcargo\n|-resisted|p1a: Magcargo\n|-crit|p1a: Magcargo\n|-damage|p1a: Magcargo|228/268\n|move|p1a: Magcargo|Yawn|p2a: Rayquaza\n|-start|p2a: Rayquaza|move: Yawn|[of] p1a: Magcargo\n|\n|-end|p2a: Rayquaza|move: Taunt\n|upkeep\n|turn|7\n|\n|t:|1732989949\n|switch|p1a: Mandibuzz|Mandibuzz, L85, F|326/326\n|move|p2a: Rayquaza|Dragon Ascent|p1a: Mandibuzz\n|-crit|p1a: Mandibuzz\n|-damage|p1a: Mandibuzz|158/326\n|-unboost|p2a: Rayquaza|def|1\n|-unboost|p2a: Rayquaza|spd|1\n|\n|-end|p2a: Rayquaza|move: Yawn|[silent]\n|-status|p2a: Rayquaza|slp\n|upkeep\n|turn|8\n|\n|t:|1732989962\n|cant|p2a: Rayquaza|slp\n|move|p1a: Mandibuzz|Toxic||[still]\n|-fail|p1a: Mandibuzz\n|\n|upkeep\n|turn|9\n|\n|t:|1732989967\n|-curestatus|p2a: Rayquaza|slp|[msg]\n|move|p2a: Rayquaza|Dragon Ascent|p1a: Mandibuzz\n|-crit|p1a: Mandibuzz\n|-damage|p1a: Mandibuzz|0 fnt\n|-unboost|p2a: Rayquaza|def|1\n|-unboost|p2a: Rayquaza|spd|1\n|faint|p1a: Mandibuzz\n|\n|upkeep\n|\n|t:|1732989970\n|switch|p1a: Snorlax|Snorlax, L82, F|397/397\n|turn|10\n|\n|t:|1732989978\n|switch|p2a: Sinistcha|Sinistcha-Masterpiece, L83|254/254\n|-damage|p2a: Sinistcha|223/254|[from] Stealth Rock\n|move|p1a: Snorlax|Curse|p1a: Snorlax\n|-unboost|p1a: Snorlax|spe|1\n|-boost|p1a: Snorlax|atk|1\n|-boost|p1a: Snorlax|def|1\n|\n|-heal|p2a: Sinistcha|238/254|[from] item: Leftovers\n|upkeep\n|turn|11\n|\n|t:|1732989987\n|switch|p1a: Cyclizar|Cyclizar, L83, F|157/252 brn\n|move|p2a: Sinistcha|Strength Sap|p1a: Cyclizar\n|-unboost|p1a: Cyclizar|atk|1\n|-heal|p2a: Sinistcha|254/254\n|\n|-damage|p1a: Cyclizar|142/252 brn|[from] brn\n|upkeep\n|turn|12\n|\n|t:|1732989995\n|move|p1a: Cyclizar|Shed Tail|p1a: Cyclizar\n|-start|p1a: Cyclizar|Substitute|[from] move: Shed Tail\n|-damage|p1a: Cyclizar|16/252 brn\n|\n|t:|1732990012\n|switch|p1a: Magcargo|Magcargo, L95, M, tera:Grass|228/268|[from] Shed Tail\n|move|p2a: Sinistcha|Matcha Gotcha|p1a: Magcargo\n|-resisted|p1a: Magcargo\n|-activate|p1a: Magcargo|move: Substitute|[damage]\n|\n|upkeep\n|turn|13\n|\n|t:|1732990017\n|move|p2a: Sinistcha|Shadow Ball|p1a: Magcargo\n|-end|p1a: Magcargo|Substitute\n|move|p1a: Magcargo|Lava Plume|p2a: Sinistcha\n|-supereffective|p2a: Sinistcha\n|-damage|p2a: Sinistcha|140/254\n|-status|p2a: Sinistcha|brn\n|\n|-heal|p2a: Sinistcha|155/254 brn|[from] item: Leftovers\n|-damage|p2a: Sinistcha|148/254 brn|[from] brn\n|upkeep\n|turn|14\n|\n|t:|1732990030\n|move|p2a: Sinistcha|Shadow Ball|p1a: Magcargo\n|-damage|p1a: Magcargo|135/268\n|move|p1a: Magcargo|Power Gem|p2a: Sinistcha\n|-damage|p2a: Sinistcha|42/254 brn\n|\n|-heal|p2a: Sinistcha|57/254 brn|[from] item: Leftovers\n|-damage|p2a: Sinistcha|50/254 brn|[from] brn\n|upkeep\n|turn|15\n|\n|t:|1732990035\n|move|p2a: Sinistcha|Strength Sap|p1a: Magcargo\n|-unboost|p1a: Magcargo|atk|1\n|-heal|p2a: Sinistcha|150/254 brn\n|move|p1a: Magcargo|Recover|p1a: Magcargo\n|-heal|p1a: Magcargo|268/268\n|\n|-heal|p2a: Sinistcha|165/254 brn|[from] item: Leftovers\n|-damage|p2a: Sinistcha|158/254 brn|[from] brn\n|upkeep\n|turn|16\n|\n|t:|1732990042\n|move|p2a: Sinistcha|Strength Sap|p1a: Magcargo\n|-unboost|p1a: Magcargo|atk|1\n|-heal|p2a: Sinistcha|224/254 brn\n|move|p1a: Magcargo|Lava Plume|p2a: Sinistcha\n|-supereffective|p2a: Sinistcha\n|-damage|p2a: Sinistcha|104/254 brn\n|\n|-heal|p2a: Sinistcha|119/254 brn|[from] item: Leftovers\n|-damage|p2a: Sinistcha|112/254 brn|[from] brn\n|upkeep\n|turn|17\n|\n|t:|1732990049\n|move|p2a: Sinistcha|Strength Sap|p1a: Magcargo\n|-unboost|p1a: Magcargo|atk|1\n|-heal|p2a: Sinistcha|162/254 brn\n|move|p1a: Magcargo|Lava Plume|p2a: Sinistcha\n|-supereffective|p2a: Sinistcha\n|-damage|p2a: Sinistcha|54/254 brn\n|\n|-heal|p2a: Sinistcha|69/254 brn|[from] item: Leftovers\n|-damage|p2a: Sinistcha|62/254 brn|[from] brn\n|upkeep\n|turn|18\n|\n|t:|1732990055\n|move|p2a: Sinistcha|Shadow Ball|p1a: Magcargo\n|-damage|p1a: Magcargo|181/268\n|move|p1a: Magcargo|Lava Plume|p2a: Sinistcha\n|-supereffective|p2a: Sinistcha\n|-damage|p2a: Sinistcha|0 fnt\n|faint|p2a: Sinistcha\n|\n|upkeep\n|\n|t:|1732990067\n|switch|p2a: Suicune|Suicune, L82|298/298\n|-damage|p2a: Suicune|261/298|[from] Stealth Rock\n|-ability|p2a: Suicune|Pressure\n|turn|19\n|\n|t:|1732990079\n|move|p2a: Suicune|Calm Mind|p2a: Suicune\n|-boost|p2a: Suicune|spa|1\n|-boost|p2a: Suicune|spd|1\n|move|p1a: Magcargo|Yawn|p2a: Suicune\n|-start|p2a: Suicune|move: Yawn|[of] p1a: Magcargo\n|\n|-heal|p2a: Suicune|279/298|[from] item: Leftovers\n|upkeep\n|turn|20\n|\n|t:|1732990085\n|switch|p2a: Torkoal|Torkoal, L88, F|266/266\n|-weather|SunnyDay|[from] ability: Drought|[of] p2a: Torkoal\n|move|p1a: Magcargo|Power Gem|p2a: Torkoal\n|-supereffective|p2a: Torkoal\n|-damage|p2a: Torkoal|36/266\n|\n|-weather|SunnyDay|[upkeep]\n|upkeep\n|turn|21\n|\n|t:|1732990098\n|move|p1a: Magcargo|Power Gem|p2a: Torkoal\n|-supereffective|p2a: Torkoal\n|-damage|p2a: Torkoal|0 fnt\n|faint|p2a: Torkoal\n|\n|-weather|SunnyDay|[upkeep]\n|upkeep\n|\n|t:|1732990105\n|switch|p2a: Uxie|Uxie, L83|260/260\n|-damage|p2a: Uxie|228/260|[from] Stealth Rock\n|turn|22\n|\n|t:|1732990110\n|move|p2a: Uxie|Thunder Wave|p1a: Magcargo\n|-status|p1a: Magcargo|par\n|move|p1a: Magcargo|Lava Plume|p2a: Uxie\n|-damage|p2a: Uxie|120/260\n|\n|-weather|SunnyDay|[upkeep]\n|-heal|p2a: Uxie|136/260|[from] item: Leftovers\n|upkeep\n|turn|23\n|\n|t:|1732990121\n|move|p2a: Uxie|U-turn|p1a: Magcargo\n|-supereffective|p1a: Magcargo\n|-damage|p1a: Magcargo|129/268 par\n|-status|p2a: Uxie|brn|[from] ability: Flame Body|[of] p1a: Magcargo\n|\n|t:|1732990127\n|switch|p2a: Rayquaza|Rayquaza, L72|203/270|[from] U-turn\n|-damage|p2a: Rayquaza|136/270|[from] Stealth Rock\n|-ability|p2a: Rayquaza|Air Lock\n|move|p1a: Magcargo|Recover|p1a: Magcargo\n|-heal|p1a: Magcargo|263/268 par\n|\n|-weather|SunnyDay|[upkeep]\n|upkeep\n|turn|24\n|\n|t:|1732990137\n|move|p2a: Rayquaza|Dragon Ascent|p1a: Magcargo\n|-supereffective|p1a: Magcargo\n|-damage|p1a: Magcargo|77/268 par\n|-unboost|p2a: Rayquaza|def|1\n|-unboost|p2a: Rayquaza|spd|1\n|-status|p2a: Rayquaza|brn|[from] ability: Flame Body|[of] p1a: Magcargo\n|move|p1a: Magcargo|Power Gem|p2a: Rayquaza\n|-supereffective|p2a: Rayquaza\n|-damage|p2a: Rayquaza|0 fnt\n|faint|p2a: Rayquaza\n|\n|-weather|none\n|upkeep\n|\n|t:|1732990148\n|switch|p2a: Uxie|Uxie, L83|136/260 brn\n|-damage|p2a: Uxie|104/260 brn|[from] Stealth Rock\n|turn|25\n|\n|t:|1732990153\n|move|p2a: Uxie|Knock Off|p1a: Magcargo\n|-damage|p1a: Magcargo|57/268 par\n|-enditem|p1a: Magcargo|Heavy-Duty Boots|[from] move: Knock Off|[of] p2a: Uxie\n|cant|p1a: Magcargo|par\n|\n|-heal|p2a: Uxie|120/260 brn|[from] item: Leftovers\n|-damage|p2a: Uxie|104/260 brn|[from] brn\n|upkeep\n|turn|26\n|\n|t:|1732990159\n|move|p2a: Uxie|Psychic Noise|p1a: Magcargo\n|-damage|p1a: Magcargo|0 fnt\n|faint|p1a: Magcargo\n|\n|-heal|p2a: Uxie|120/260 brn|[from] item: Leftovers\n|-damage|p2a: Uxie|104/260 brn|[from] brn\n|upkeep\n|\n|t:|1732990166\n|switch|p1a: Cyclizar|Cyclizar, L83, F|100/252 brn\n|turn|27\n|\n|t:|1732990176\n|move|p1a: Cyclizar|Knock Off|p2a: Uxie\n|-supereffective|p2a: Uxie\n|-damage|p2a: Uxie|50/260 brn\n|-enditem|p2a: Uxie|Leftovers|[from] move: Knock Off|[of] p1a: Cyclizar\n|move|p2a: Uxie|Psychic Noise|p1a: Cyclizar\n|-damage|p1a: Cyclizar|25/252 brn\n|-start|p1a: Cyclizar|move: Heal Block\n|\n|-damage|p1a: Cyclizar|10/252 brn|[from] brn\n|-damage|p2a: Uxie|34/260 brn|[from] brn\n|upkeep\n|turn|28\n|\n|t:|1732990186\n|switch|p1a: Snorlax|Snorlax, L82, F|397/397\n|move|p2a: Uxie|Knock Off|p1a: Snorlax\n|-damage|p1a: Snorlax|360/397\n|-enditem|p1a: Snorlax|Leftovers|[from] move: Knock Off|[of] p2a: Uxie\n|\n|-damage|p2a: Uxie|18/260 brn|[from] brn\n|upkeep\n|turn|29\n|\n|t:|1732990192\n|switch|p1a: Cyclizar|Cyclizar, L83, F|94/252 brn\n|move|p2a: Uxie|Thunder Wave||[still]\n|-fail|p2a: Uxie\n|\n|-damage|p1a: Cyclizar|79/252 brn|[from] brn\n|-damage|p2a: Uxie|2/260 brn|[from] brn\n|upkeep\n|turn|30\n|\n|t:|1732990194\n|switch|p1a: Snorlax|Snorlax, L82, F|360/397\n|move|p2a: Uxie|Psychic Noise|p1a: Snorlax\n|-damage|p1a: Snorlax|300/397\n|-start|p1a: Snorlax|move: Heal Block\n|\n|-damage|p2a: Uxie|0 fnt|[from] brn\n|faint|p2a: Uxie\n|upkeep\n|\n|t:|1732990208\n|switch|p2a: Suicune|Suicune, L82|279/298\n|-damage|p2a: Suicune|242/298|[from] Stealth Rock\n|-ability|p2a: Suicune|Pressure\n|turn|31\n|\n|t:|1732990212\n|move|p2a: Suicune|Scald|p1a: Snorlax\n|-damage|p1a: Snorlax|240/397\n|move|p1a: Snorlax|Body Slam|p2a: Suicune\n|-damage|p2a: Suicune|164/298\n|-status|p2a: Suicune|par\n|\n|-heal|p2a: Suicune|182/298 par|[from] item: Leftovers\n|-end|p1a: Snorlax|move: Heal Block\n|upkeep\n|turn|32\n|\n|t:|1732990218\n|move|p1a: Snorlax|Curse|p1a: Snorlax\n|-unboost|p1a: Snorlax|spe|1\n|-boost|p1a: Snorlax|atk|1\n|-boost|p1a: Snorlax|def|1\n|move|p2a: Suicune|Rest|p2a: Suicune\n|-status|p2a: Suicune|slp|[from] move: Rest\n|-heal|p2a: Suicune|298/298 slp|[silent]\n|\n|upkeep\n|turn|33\n|\n|t:|1732990224\n|cant|p2a: Suicune|slp\n|move|p2a: Suicune|Sleep Talk|p2a: Suicune\n|move|p2a: Suicune|Scald|p1a: Snorlax|[from]move: Sleep Talk\n|-damage|p1a: Snorlax|176/397\n|-status|p1a: Snorlax|brn\n|move|p1a: Snorlax|Body Slam|p2a: Suicune\n|-damage|p2a: Suicune|244/298 slp\n|\n|-heal|p2a: Suicune|262/298 slp|[from] item: Leftovers\n|-damage|p1a: Snorlax|152/397 brn|[from] brn\n|upkeep\n|turn|34\n|\n|t:|1732990233\n|cant|p2a: Suicune|slp\n|move|p2a: Suicune|Sleep Talk|p2a: Suicune\n|move|p2a: Suicune|Scald|p1a: Snorlax|[from]move: Sleep Talk\n|-damage|p1a: Snorlax|89/397 brn\n|move|p1a: Snorlax|Rest|p1a: Snorlax\n|-status|p1a: Snorlax|slp|[from] move: Rest\n|-heal|p1a: Snorlax|397/397 slp|[silent]\n|\n|-heal|p2a: Suicune|280/298 slp|[from] item: Leftovers\n|upkeep\n|turn|35\n|\n|t:|1732990241\n|-curestatus|p2a: Suicune|slp|[msg]\n|move|p2a: Suicune|Calm Mind|p2a: Suicune\n|-boost|p2a: Suicune|spa|1\n|-boost|p2a: Suicune|spd|1\n|cant|p1a: Snorlax|slp\n|move|p1a: Snorlax|Sleep Talk|p1a: Snorlax\n|move|p1a: Snorlax|Curse|p1a: Snorlax|[from]move: Sleep Talk\n|-unboost|p1a: Snorlax|spe|1\n|-boost|p1a: Snorlax|atk|1\n|-boost|p1a: Snorlax|def|1\n|\n|-heal|p2a: Suicune|298/298|[from] item: Leftovers\n|upkeep\n|turn|36\n|\n|t:|1732990246\n|move|p2a: Suicune|Calm Mind|p2a: Suicune\n|-boost|p2a: Suicune|spa|1\n|-boost|p2a: Suicune|spd|1\n|cant|p1a: Snorlax|slp\n|move|p1a: Snorlax|Sleep Talk|p1a: Snorlax\n|move|p1a: Snorlax|Rest||[from]move: Sleep Talk|[still]\n|-fail|p1a: Snorlax\n|\n|upkeep\n|turn|37\n|\n|t:|1732990248\n|move|p2a: Suicune|Calm Mind|p2a: Suicune\n|-boost|p2a: Suicune|spa|1\n|-boost|p2a: Suicune|spd|1\n|-curestatus|p1a: Snorlax|slp|[msg]\n|move|p1a: Snorlax|Body Slam|p2a: Suicune\n|-damage|p2a: Suicune|151/298\n|\n|-heal|p2a: Suicune|169/298|[from] item: Leftovers\n|upkeep\n|turn|38\n|\n|t:|1732990250\n|move|p2a: Suicune|Calm Mind|p2a: Suicune\n|-boost|p2a: Suicune|spa|1\n|-boost|p2a: Suicune|spd|1\n|move|p1a: Snorlax|Body Slam|p2a: Suicune\n|-damage|p2a: Suicune|4/298\n|\n|-heal|p2a: Suicune|22/298|[from] item: Leftovers\n|upkeep\n|turn|39\n|\n|t:|1732990254\n|move|p2a: Suicune|Scald|p1a: Snorlax\n|-damage|p1a: Snorlax|214/397\n|move|p1a: Snorlax|Body Slam|p2a: Suicune\n|-damage|p2a: Suicune|0 fnt\n|faint|p2a: Suicune\n|\n|upkeep\n|\n|t:|1732990260\n|switch|p2a: Oinkologne|Oinkologne, L92, M|352/352\n|-damage|p2a: Oinkologne|308/352|[from] Stealth Rock\n|turn|40\n|\n|t:|1732990267\n|-terastallize|p2a: Oinkologne|Ground\n|move|p2a: Oinkologne|High Horsepower|p1a: Snorlax\n|-damage|p1a: Snorlax|129/397\n|move|p1a: Snorlax|Body Slam|p2a: Oinkologne\n|-damage|p2a: Oinkologne|101/352\n|\n|-heal|p2a: Oinkologne|123/352|[from] item: Leftovers\n|upkeep\n|turn|41\n|\n|t:|1732990274\n|move|p2a: Oinkologne|High Horsepower|p1a: Snorlax\n|-damage|p1a: Snorlax|56/397\n|move|p1a: Snorlax|Body Slam|p2a: Oinkologne\n|-damage|p2a: Oinkologne|0 fnt\n|faint|p2a: Oinkologne\n|\n|win|dxfgvvcc\n|raw|dxfgvvcc's rating: 1110 &rarr; <strong>1138</strong><br />(+28 for winning)\n|raw|DannyXL's rating: 1153 &rarr; <strong>1125</strong><br />(-28 for losing)\n|l|\u2606DannyXL\n|player|p2|\n", "inputlog": ">version b107d77f5c90bd6555267ae244a6264823309ead\n>start {\"formatid\":\"gen9randombattle\",\"seed\":[50129,5748,55066,27954],\"rated\":\"Rated battle\"}\n>player p1 {\"name\":\"dxfgvvcc\",\"avatar\":\"265\",\"rating\":1110,\"seed\":[59558,12489,12339,22734]}\n>player p2 {\"name\":\"DannyXL\",\"avatar\":\"shadowtriad\",\"rating\":1153,\"seed\":[3751,64224,36868,15387]}\n>p1 move yawn\n>p2 move earthquake\n>p1 move stealthrock\n>p2 switch 5\n>p1 switch 4\n>p2 move scald\n>p1 move taunt\n>p2 switch 5\n>p1 move shedtail\n>p2 move scaleshot\n>p1 switch 3\n>p1 move yawn terastallize\n>p2 move earthquake\n>p1 switch 2\n>p2 move dragonascent\n>p1 move toxic\n>p2 move dragonascent\n>p1 move knockoff\n>p2 move dragonascent\n>p1 switch 6\n>p1 move curse\n>p2 switch 4\n>p1 switch 3\n>p2 move strengthsap\n>p1 move shedtail\n>p2 move matchagotcha\n>p1 switch 2\n>p1 move lavaplume\n>p2 move shadowball\n>p1 move powergem\n>p2 move shadowball\n>p1 move recover\n>p2 move strengthsap\n>p1 move lavaplume\n>p2 move strengthsap\n>p1 move lavaplume\n>p2 move strengthsap\n>p1 move lavaplume\n>p2 move shadowball\n>p2 switch 5\n>p1 move yawn\n>p2 move calmmind\n>p1 move powergem\n>p2 switch 2\n>p1 move powergem\n>p2 move rapidspin\n>p2 switch 3\n>p1 move lavaplume\n>p2 move thunderwave\n>p1 move recover\n>p2 move uturn\n>p2 switch 4\n>p1 move powergem\n>p2 move dragonascent\n>p2 switch 4\n>p1 move recover\n>p2 move knockoff\n>p1 move recover\n>p2 move psychicnoise\n>p1 switch 2\n>p1 move knockoff\n>p2 move psychicnoise\n>p1 switch 3\n>p2 move knockoff\n>p1 switch 3\n>p2 move thunderwave\n>p1 switch 3\n>p2 move psychicnoise\n>p2 switch 2\n>p1 move bodyslam\n>p2 move scald\n>p1 move curse\n>p2 move rest\n>p1 move bodyslam\n>p2 move sleeptalk\n>p1 move rest\n>p2 move sleeptalk\n>p1 move sleeptalk\n>p2 move calmmind\n>p1 move sleeptalk\n>p2 move calmmind\n>p1 move bodyslam\n>p2 move calmmind\n>p1 move bodyslam\n>p2 move calmmind\n>p1 move bodyslam\n>p2 move scald\n>p2 switch 6\n>p1 move bodyslam\n>p2 move highhorsepower terastallize\n>p1 move bodyslam\n>p2 move highhorsepower", "uploadtime": 1732990719, "views": 1, "formatid": "gen9randombattle", "rating": 1125, "private": 0, "password": null}