{"id": "gen9randombattle-2254084122", "format": "[Gen 9] Random Battle", "players": ["ganguskungus", "anivaltorres"], "log": "|j|\u2606ganguskungus\n|j|\u2606anivaltorres\n|t:|1732989287\n|gametype|singles\n|player|p1|ganguskungus|266|1000\n|player|p2|anivaltorres|102|1040\n|teamsize|p1|6\n|teamsize|p2|6\n|gen|9\n|tier|[Gen 9] Random Battle\n|rated|\n|rule|Species Clause: Limit one of each Pok\u00e9mon\n|rule|HP Percentage Mod: HP is shown in percentages\n|rule|Sleep Clause Mod: Limit one foe put to sleep\n|rule|Illusion Level Mod: Illusion disguises the Pok\u00e9mon's true level\n|\n|t:|1732989287\n|start\n|switch|p1a: Miraidon|Miraidon, L65|238/238\n|switch|p2a: Dragonite|Dragonite, L74, M|257/257\n|-fieldstart|move: Electric Terrain|[from] ability: Hadron Engine|[of] p1a: Miraidon\n|turn|1\n|inactive|Battle timer is ON: inactive players will automatically lose when time's up. (requested by anivaltorres)\n|inactive|anivaltorres has 120 seconds left.\n|\n|t:|1732989345\n|switch|p2a: Rotom|Rotom-Fan, L86|226/226\n|move|p1a: Miraidon|Volt Switch|p2a: Rotom\n|-damage|p2a: Rotom|96/226\n|\n|t:|1732989365\n|switch|p1a: Munkidori|Munkidori, L79, M|269/269|[from] Volt Switch\n|\n|upkeep\n|turn|2\n|\n|t:|1732989375\n|move|p1a: Munkidori|Fake Out|p2a: Rotom\n|-damage|p2a: Rotom|77/226\n|cant|p2a: Rotom|flinch\n|\n|upkeep\n|turn|3\n|\n|t:|1732989383\n|move|p1a: Munkidori|Sludge Wave|p2a: Rotom\n|-damage|p2a: Rotom|0 fnt\n|faint|p2a: Rotom\n|\n|upkeep\n|inactive|anivaltorres has 120 seconds left.\n|\n|t:|1732989414\n|switch|p2a: Inteleon|Inteleon, L81, F|246/246\n|turn|4\n|\n|t:|1732989425\n|move|p2a: Inteleon|Dark Pulse|p1a: Munkidori\n|-supereffective|p1a: Munkidori\n|-damage|p1a: Munkidori|145/269\n|move|p1a: Munkidori|Sludge Wave|p2a: Inteleon\n|-damage|p2a: Inteleon|105/246\n|\n|upkeep\n|turn|5\n|inactive|anivaltorres has 120 seconds left.\n|\n|t:|1732989442\n|switch|p2a: Avalugg|Avalugg, L88, M|310/310\n|move|p1a: Munkidori|U-turn|p2a: Avalugg\n|-damage|p2a: Avalugg|290/310\n|\n|t:|1732989454\n|switch|p1a: Rotom|Rotom-Wash, L82|216/216|[from] U-turn\n|\n|-fieldend|move: Electric Terrain\n|upkeep\n|turn|6\n|inactive|anivaltorres has 120 seconds left.\n|\n|t:|1732989495\n|move|p1a: Rotom|Will-O-Wisp|p2a: Avalugg\n|-status|p2a: Avalugg|brn\n|move|p2a: Avalugg|Avalanche|p1a: Rotom\n|-resisted|p1a: Rotom\n|-damage|p1a: Rotom|197/216\n|\n|-heal|p1a: Rotom|210/216|[from] item: Leftovers\n|-damage|p2a: Avalugg|271/310 brn|[from] brn\n|upkeep\n|turn|7\n|inactive|anivaltorres has 90 seconds left.\n|\n|t:|1732989511\n|move|p1a: Rotom|Volt Switch|p2a: Avalugg\n|-damage|p2a: Avalugg|168/310 brn\n|\n|t:|1732989517\n|switch|p1a: Munkidori|Munkidori, L79, M|145/269|[from] Volt Switch\n|move|p2a: Avalugg|Body Press|p1a: Munkidori\n|-resisted|p1a: Munkidori\n|-damage|p1a: Munkidori|128/269\n|\n|-damage|p2a: Avalugg|149/310 brn|[from] brn\n|upkeep\n|turn|8\n|inactive|anivaltorres has 90 seconds left.\n|\n|t:|1732989540\n|move|p1a: Munkidori|Fake Out|p2a: Avalugg\n|-damage|p2a: Avalugg|137/310 brn\n|cant|p2a: Avalugg|flinch\n|\n|-damage|p2a: Avalugg|118/310 brn|[from] brn\n|upkeep\n|turn|9\n|\n|t:|1732989547\n|move|p1a: Munkidori|Sludge Wave|p2a: Avalugg\n|-damage|p2a: Avalugg|0 fnt\n|faint|p2a: Avalugg\n|\n|upkeep\n|\n|t:|1732989555\n|switch|p2a: Dragonite|Dragonite, L74, M|257/257\n|turn|10\n|\n|t:|1732989559\n|move|p1a: Munkidori|U-turn|p2a: Dragonite\n|-resisted|p2a: Dragonite\n|-damage|p2a: Dragonite|248/257\n|\n|t:|1732989575\n|switch|p1a: Greedent|Greedent, L86, M|347/347|[from] U-turn\n|move|p2a: Dragonite|Dragon Dance|p2a: Dragonite\n|-boost|p2a: Dragonite|atk|1\n|-boost|p2a: Dragonite|spe|1\n|\n|upkeep\n|turn|11\n|\n|t:|1732989596\n|move|p2a: Dragonite|Earthquake|p1a: Greedent\n|-damage|p1a: Greedent|240/347\n|move|p1a: Greedent|Swords Dance|p1a: Greedent\n|-boost|p1a: Greedent|atk|2\n|\n|upkeep\n|turn|12\n|\n|t:|1732989600\n|move|p2a: Dragonite|Outrage|p1a: Greedent\n|-damage|p1a: Greedent|57/347\n|-enditem|p1a: Greedent|Sitrus Berry|[eat]\n|-heal|p1a: Greedent|143/347|[from] item: Sitrus Berry\n|-heal|p1a: Greedent|258/347|[from] ability: Cheek Pouch\n|move|p1a: Greedent|Double-Edge|p2a: Dragonite\n|-damage|p2a: Dragonite|0 fnt\n|faint|p2a: Dragonite\n|-damage|p1a: Greedent|176/347|[from] Recoil\n|\n|upkeep\n|\n|t:|1732989607\n|switch|p2a: Inteleon|Inteleon, L81, F|105/246\n|turn|13\n|\n|t:|1732989612\n|move|p2a: Inteleon|Hydro Pump|p1a: Greedent\n|-damage|p1a: Greedent|0 fnt\n|faint|p1a: Greedent\n|\n|upkeep\n|\n|t:|1732989615\n|switch|p1a: Miraidon|Miraidon, L65|238/238\n|-fieldstart|move: Electric Terrain|[from] ability: Hadron Engine|[of] p1a: Miraidon\n|turn|14\n|\n|t:|1732989627\n|switch|p2a: Houndstone|Houndstone, L86, F|264/264\n|move|p1a: Miraidon|Electro Drift|p2a: Houndstone\n|-damage|p2a: Houndstone|168/264\n|\n|-heal|p2a: Houndstone|184/264|[from] item: Leftovers\n|upkeep\n|turn|15\n|\n|t:|1732989633\n|switch|p1a: Munkidori|Munkidori, L79, M|128/269\n|move|p2a: Houndstone|Poltergeist|p1a: Munkidori\n|-activate|p1a: Munkidori|move: Poltergeist|Assault Vest\n|-supereffective|p1a: Munkidori\n|-damage|p1a: Munkidori|0 fnt\n|faint|p1a: Munkidori\n|\n|-heal|p2a: Houndstone|200/264|[from] item: Leftovers\n|upkeep\n|\n|t:|1732989640\n|switch|p1a: Rotom|Rotom-Wash, L82|210/216\n|turn|16\n|\n|t:|1732989652\n|move|p1a: Rotom|Will-O-Wisp|p2a: Houndstone\n|-status|p2a: Houndstone|brn\n|move|p2a: Houndstone|Poltergeist|p1a: Rotom\n|-activate|p1a: Rotom|move: Poltergeist|Leftovers\n|-damage|p1a: Rotom|159/216\n|\n|-heal|p1a: Rotom|172/216|[from] item: Leftovers\n|-heal|p2a: Houndstone|216/264 brn|[from] item: Leftovers\n|-damage|p2a: Houndstone|200/264 brn|[from] brn\n|upkeep\n|turn|17\n|\n|t:|1732989664\n|move|p1a: Rotom|Volt Switch|p2a: Houndstone\n|-damage|p2a: Houndstone|134/264 brn\n|\n|t:|1732989665\n|switch|p1a: Cacturne|Cacturne, L92, F|278/278|[from] Volt Switch\n|move|p2a: Houndstone|Rest||[still]\n|-activate|p2a: Houndstone|move: Electric Terrain\n|-fail|p2a: Houndstone\n|\n|-heal|p2a: Houndstone|150/264 brn|[from] item: Leftovers\n|-damage|p2a: Houndstone|134/264 brn|[from] brn\n|upkeep\n|turn|18\n|\n|t:|1732989686\n|switch|p2a: Scrafty|Scrafty, L84, M|246/246\n|-ability|p2a: Scrafty|Intimidate|boost\n|-unboost|p1a: Cacturne|atk|1\n|move|p1a: Cacturne|Knock Off|p2a: Scrafty\n|-resisted|p2a: Scrafty\n|-damage|p2a: Scrafty|223/246\n|-enditem|p2a: Scrafty|Life Orb|[from] move: Knock Off|[of] p1a: Cacturne\n|-damage|p1a: Cacturne|251/278|[from] item: Life Orb\n|\n|-fieldend|move: Electric Terrain\n|upkeep\n|turn|19\n|\n|t:|1732989695\n|move|p1a: Cacturne|Spikes|p2a: Scrafty\n|-sidestart|p2: anivaltorres|Spikes\n|move|p2a: Scrafty|Dragon Dance|p2a: Scrafty\n|-boost|p2a: Scrafty|atk|1\n|-boost|p2a: Scrafty|spe|1\n|\n|upkeep\n|turn|20\n|\n|t:|1732989707\n|move|p2a: Scrafty|Close Combat|p1a: Cacturne\n|-supereffective|p1a: Cacturne\n|-damage|p1a: Cacturne|0 fnt\n|-unboost|p2a: Scrafty|def|1\n|-unboost|p2a: Scrafty|spd|1\n|faint|p1a: Cacturne\n|\n|upkeep\n|\n|t:|1732989720\n|switch|p1a: Miraidon|Miraidon, L65|238/238\n|-fieldstart|move: Electric Terrain|[from] ability: Hadron Engine|[of] p1a: Miraidon\n|turn|21\n|\n|t:|1732989741\n|move|p2a: Scrafty|Close Combat|p1a: Miraidon\n|-damage|p1a: Miraidon|22/238\n|-unboost|p2a: Scrafty|def|1\n|-unboost|p2a: Scrafty|spd|1\n|move|p1a: Miraidon|Electro Drift|p2a: Scrafty\n|-damage|p2a: Scrafty|0 fnt\n|faint|p2a: Scrafty\n|\n|upkeep\n|\n|t:|1732989751\n|switch|p2a: Inteleon|Inteleon, L81, F|105/246\n|-damage|p2a: Inteleon|75/246|[from] Spikes\n|turn|22\n|\n|t:|1732989767\n|switch|p1a: Rotom|Rotom-Wash, L82|172/216\n|move|p2a: Inteleon|U-turn|p1a: Rotom\n|-damage|p1a: Rotom|131/216\n|\n|t:|1732989769\n|switch|p2a: Houndstone|Houndstone, L86, F|134/264 brn|[from] U-turn\n|-damage|p2a: Houndstone|101/264 brn|[from] Spikes\n|\n|-heal|p1a: Rotom|144/216|[from] item: Leftovers\n|-heal|p2a: Houndstone|117/264 brn|[from] item: Leftovers\n|-damage|p2a: Houndstone|101/264 brn|[from] brn\n|upkeep\n|turn|23\n|\n|t:|1732989778\n|move|p1a: Rotom|Thunderbolt|p2a: Houndstone\n|-damage|p2a: Houndstone|7/264 brn\n|move|p2a: Houndstone|Rest||[still]\n|-activate|p2a: Houndstone|move: Electric Terrain\n|-fail|p2a: Houndstone\n|\n|-heal|p1a: Rotom|157/216|[from] item: Leftovers\n|-heal|p2a: Houndstone|23/264 brn|[from] item: Leftovers\n|-damage|p2a: Houndstone|7/264 brn|[from] brn\n|upkeep\n|turn|24\n|\n|t:|1732989784\n|move|p1a: Rotom|Thunderbolt|p2a: Houndstone\n|-damage|p2a: Houndstone|0 fnt\n|faint|p2a: Houndstone\n|\n|-heal|p1a: Rotom|170/216|[from] item: Leftovers\n|upkeep\n|\n|t:|1732989786\n|switch|p2a: Inteleon|Inteleon, L81, F|75/246\n|-damage|p2a: Inteleon|45/246|[from] Spikes\n|turn|25\n|\n|t:|1732989804\n|-terastallize|p2a: Inteleon|Water\n|move|p2a: Inteleon|Dark Pulse|p1a: Rotom\n|-damage|p1a: Rotom|92/216\n|move|p1a: Rotom|Thunderbolt|p2a: Inteleon\n|-supereffective|p2a: Inteleon\n|-damage|p2a: Inteleon|0 fnt\n|faint|p2a: Inteleon\n|\n|win|ganguskungus\n|raw|ganguskungus's rating: 1000 &rarr; <strong>1045</strong><br />(+45 for winning)\n|raw|anivaltorres's rating: 1040 &rarr; <strong>1022</strong><br />(-18 for losing)\n|l|\u2606anivaltorres\n|player|p2|\n", "inputlog": ">version b107d77f5c90bd6555267ae244a6264823309ead\n>start {\"formatid\":\"gen9randombattle\",\"seed\":[48998,60942,3619,24390],\"rated\":\"Rated battle\"}\n>player p1 {\"name\":\"ganguskungus\",\"avatar\":\"266\",\"rating\":1000,\"seed\":[16363,144,63143,16385]}\n>player p2 {\"name\":\"anivaltorres\",\"avatar\":\"102\",\"rating\":1040,\"seed\":[21968,45595,50035,15225]}\n>p1 move voltswitch\n>p2 switch 5\n>p1 switch 5\n>p1 move fakeout\n>p2 move willowisp\n>p1 move sludgewave\n>p2 move willowisp\n>p2 switch 6\n>p1 move sludgewave\n>p2 move darkpulse\n>p1 move uturn\n>p2 switch 2\n>p1 switch 2\n>p1 move willowisp\n>p2 move avalanche\n>p1 move voltswitch\n>p2 move bodypress\n>p1 switch 2\n>p1 move fakeout\n>p2 move avalanche\n>p1 move sludgewave\n>p2 move avalanche\n>p2 switch 5\n>p1 move uturn\n>p2 move dragondance\n>p1 switch 3\n>p1 move swordsdance\n>p2 move earthquake\n>p1 move doubleedge\n>p2 move outrage\n>p2 switch 2\n>p1 move knockoff\n>p2 move hydropump\n>p1 switch 5\n>p1 move electrodrift\n>p2 switch 3\n>p1 switch 3\n>p2 move poltergeist\n>p1 switch 2\n>p1 move willowisp\n>p2 move poltergeist\n>p1 move voltswitch\n>p2 move rest\n>p1 switch 6\n>p1 move knockoff\n>p2 switch 4\n>p1 move spikes\n>p2 move dragondance\n>p1 move leafstorm\n>p2 move closecombat\n>p1 switch 3\n>p1 move electrodrift\n>p2 move closecombat\n>p2 switch 3\n>p1 switch 6\n>p2 move uturn\n>p2 switch 4\n>p1 move thunderbolt\n>p2 move rest\n>p1 move thunderbolt\n>p2 move poltergeist\n>p2 switch 4\n>p1 move thunderbolt\n>p2 move darkpulse terastallize", "uploadtime": 1732989814, "views": 2, "formatid": "gen9randombattle", "rating": 1022, "private": 0, "password": null}