{"id": "gen9randombattle-2254040428", "format": "[Gen 9] Random Battle", "players": ["sovietstonk", "a1236549684"], "log": "|j|\u2606sovietstonk\n|j|\u2606a1236549684\n|t:|1732983707\n|gametype|singles\n|player|p1|sovietstonk|102|1045\n|player|p2|a1236549684|169|1000\n|teamsize|p1|6\n|teamsize|p2|6\n|gen|9\n|tier|[Gen 9] Random Battle\n|rated|\n|rule|Species Clause: Limit one of each Pok\u00e9mon\n|rule|HP Percentage Mod: HP is shown in percentages\n|rule|Sleep Clause Mod: Limit one foe put to sleep\n|rule|Illusion Level Mod: Illusion disguises the Pok\u00e9mon's true level\n|\n|t:|1732983707\n|start\n|switch|p1a: Gholdengo|Gholdengo, L77|261/261\n|switch|p2a: Armarouge|Armarouge, L80, M|267/267\n|turn|1\n|inactive|Battle timer is ON: inactive players will automatically lose when time's up. (requested by a1236549684)\n|inactive|sovietstonk also wants the timer to be on.\n|inactive|a1236549684 has 120 seconds left.\n|n|\u2606a1236549684|a1236549684\n|n|!a1236549684|a1236549684\n|inactive|a1236549684 has 90 seconds left.\n|\n|t:|1732983772\n|switch|p1a: Qwilfish|Qwilfish, L86, M|252/252\n|-ability|p1a: Qwilfish|Intimidate|boost\n|-unboost|p2a: Armarouge|atk|1\n|move|p2a: Armarouge|Meteor Beam||[still]\n|-prepare|p2a: Armarouge|Meteor Beam\n|-boost|p2a: Armarouge|spa|1\n|-enditem|p2a: Armarouge|Power Herb\n|-anim|p2a: Armarouge|Meteor Beam|p1a: Qwilfish\n|-damage|p1a: Qwilfish|60/252\n|\n|-heal|p1a: Qwilfish|75/252|[from] item: Leftovers\n|upkeep\n|turn|2\n|\n|t:|1732983794\n|move|p1a: Qwilfish|Waterfall|p2a: Armarouge\n|-supereffective|p2a: Armarouge\n|-damage|p2a: Armarouge|105/267\n|-ability|p2a: Armarouge|Weak Armor|boost\n|-unboost|p2a: Armarouge|def|1\n|-boost|p2a: Armarouge|spe|2\n|move|p2a: Armarouge|Psyshock|p1a: Qwilfish\n|-supereffective|p1a: Qwilfish\n|-damage|p1a: Qwilfish|0 fnt\n|faint|p1a: Qwilfish\n|\n|upkeep\n|inactive|sovietstonk has 120 seconds left.\n|\n|t:|1732983813\n|switch|p1a: Gastrodon|Gastrodon, L86, F|331/331\n|turn|3\n|\n|t:|1732983835\n|move|p2a: Armarouge|Energy Ball|p1a: Gastrodon\n|-supereffective|p1a: Gastrodon\n|-damage|p1a: Gastrodon|0 fnt\n|faint|p1a: Gastrodon\n|\n|upkeep\n|\n|t:|1732983840\n|switch|p1a: Iron Hands|Iron Hands, L79|373/373\n|turn|4\n|\n|t:|1732983850\n|move|p1a: Iron Hands|Fake Out|p2a: Armarouge\n|-damage|p2a: Armarouge|52/267\n|-ability|p2a: Armarouge|Weak Armor|boost\n|-unboost|p2a: Armarouge|def|1\n|-boost|p2a: Armarouge|spe|2\n|cant|p2a: Armarouge|flinch\n|\n|upkeep\n|turn|5\n|inactive|sovietstonk has 120 seconds left.\n|\n|t:|1732983897\n|move|p2a: Armarouge|Psyshock|p1a: Iron Hands\n|-supereffective|p1a: Iron Hands\n|-damage|p1a: Iron Hands|107/373\n|move|p1a: Iron Hands|Thunder Punch|p2a: Armarouge\n|-crit|p2a: Armarouge\n|-damage|p2a: Armarouge|0 fnt\n|faint|p2a: Armarouge\n|\n|upkeep\n|\n|t:|1732983916\n|switch|p2a: Hippowdon|Hippowdon, L82, M|311/311\n|-weather|Sandstorm|[from] ability: Sand Stream|[of] p2a: Hippowdon\n|turn|6\n|inactive|sovietstonk has 90 seconds left.\n|\n|t:|1732983958\n|move|p1a: Iron Hands|Drain Punch|p2a: Hippowdon\n|-damage|p2a: Hippowdon|232/311\n|-heal|p1a: Iron Hands|147/373|[from] drain|[of] p2a: Hippowdon\n|move|p2a: Hippowdon|Earthquake|p1a: Iron Hands\n|-supereffective|p1a: Iron Hands\n|-damage|p1a: Iron Hands|0 fnt\n|faint|p1a: Iron Hands\n|-end|p1a: Iron Hands|Quark Drive|[silent]\n|\n|-weather|Sandstorm|[upkeep]\n|-heal|p2a: Hippowdon|251/311|[from] item: Leftovers\n|upkeep\n|\n|t:|1732983974\n|switch|p1a: Necrozma|Necrozma, L80|286/286\n|turn|7\n|\n|t:|1732983984\n|move|p1a: Necrozma|Calm Mind|p1a: Necrozma\n|-boost|p1a: Necrozma|spa|1\n|-boost|p1a: Necrozma|spd|1\n|move|p2a: Hippowdon|Stone Edge|p1a: Necrozma\n|-damage|p1a: Necrozma|218/286\n|\n|-weather|Sandstorm|[upkeep]\n|-damage|p1a: Necrozma|201/286|[from] Sandstorm\n|-heal|p1a: Necrozma|218/286|[from] item: Leftovers\n|-heal|p2a: Hippowdon|270/311|[from] item: Leftovers\n|upkeep\n|turn|8\n|\n|t:|1732983989\n|move|p1a: Necrozma|Calm Mind|p1a: Necrozma\n|-boost|p1a: Necrozma|spa|1\n|-boost|p1a: Necrozma|spd|1\n|move|p2a: Hippowdon|Whirlwind|p1a: Necrozma\n|drag|p1a: Girafarig|Girafarig, L89, F|269/269\n|\n|-weather|Sandstorm|[upkeep]\n|-damage|p1a: Girafarig|253/269|[from] Sandstorm\n|-heal|p2a: Hippowdon|289/311|[from] item: Leftovers\n|upkeep\n|turn|9\n|\n|t:|1732984003\n|switch|p2a: Espathra|Espathra, L80, M|283/283\n|move|p1a: Girafarig|Psychic|p2a: Espathra\n|-resisted|p2a: Espathra\n|-damage|p2a: Espathra|217/283\n|-unboost|p2a: Espathra|spd|1\n|\n|-weather|Sandstorm|[upkeep]\n|-damage|p2a: Espathra|200/283|[from] Sandstorm\n|-damage|p1a: Girafarig|237/269|[from] Sandstorm\n|upkeep\n|turn|10\n|\n|t:|1732984012\n|move|p2a: Espathra|U-turn|p1a: Girafarig\n|-supereffective|p1a: Girafarig\n|-damage|p1a: Girafarig|181/269\n|\n|t:|1732984019\n|switch|p2a: Rillaboom|Rillaboom, L79, M|288/288|[from] U-turn\n|-fieldstart|move: Grassy Terrain|[from] ability: Grassy Surge|[of] p2a: Rillaboom\n|move|p1a: Girafarig|Shadow Ball|p2a: Rillaboom\n|-crit|p2a: Rillaboom\n|-damage|p2a: Rillaboom|177/288\n|\n|-weather|none\n|-heal|p1a: Girafarig|197/269|[from] Grassy Terrain\n|-heal|p2a: Rillaboom|195/288|[from] Grassy Terrain\n|upkeep\n|turn|11\n|inactive|sovietstonk has 90 seconds left.\n|\n|t:|1732984033\n|move|p2a: Rillaboom|Grassy Glide|p1a: Girafarig\n|-ability|p1a: Girafarig|Sap Sipper|boost\n|-boost|p1a: Girafarig|atk|1\n|move|p1a: Girafarig|Psychic|p2a: Rillaboom\n|-damage|p2a: Rillaboom|75/288\n|\n|-heal|p1a: Girafarig|213/269|[from] Grassy Terrain\n|-heal|p2a: Rillaboom|93/288|[from] Grassy Terrain\n|upkeep\n|turn|12\n|\n|t:|1732984040\n|switch|p2a: Espathra|Espathra, L80, M|200/283\n|move|p1a: Girafarig|Nasty Plot|p1a: Girafarig\n|-boost|p1a: Girafarig|spa|2\n|\n|-heal|p2a: Espathra|217/283|[from] Grassy Terrain\n|-heal|p1a: Girafarig|229/269|[from] Grassy Terrain\n|upkeep\n|turn|13\n|\n|t:|1732984051\n|move|p2a: Espathra|U-turn|p1a: Girafarig\n|-supereffective|p1a: Girafarig\n|-damage|p1a: Girafarig|173/269\n|\n|t:|1732984054\n|switch|p2a: Rillaboom|Rillaboom, L79, M|93/288|[from] U-turn\n|move|p1a: Girafarig|Shadow Ball|p2a: Rillaboom\n|-damage|p2a: Rillaboom|0 fnt\n|faint|p2a: Rillaboom\n|\n|-heal|p1a: Girafarig|189/269|[from] Grassy Terrain\n|upkeep\n|\n|t:|1732984060\n|switch|p2a: Espathra|Espathra, L80, M|217/283\n|turn|14\n|inactive|sovietstonk has 120 seconds left.\n|\n|t:|1732984066\n|move|p2a: Espathra|U-turn|p1a: Girafarig\n|-supereffective|p1a: Girafarig\n|-damage|p1a: Girafarig|131/269\n|\n|t:|1732984074\n|switch|p2a: Politoed|Politoed, L88, M|302/302|[from] U-turn\n|-weather|RainDance|[from] ability: Drizzle|[of] p2a: Politoed\n|move|p1a: Girafarig|Shadow Ball|p2a: Politoed\n|-damage|p2a: Politoed|207/302\n|-unboost|p2a: Politoed|spd|1\n|\n|-weather|RainDance|[upkeep]\n|-heal|p1a: Girafarig|147/269|[from] Grassy Terrain\n|-heal|p2a: Politoed|225/302|[from] Grassy Terrain\n|-heal|p2a: Politoed|243/302|[from] item: Leftovers\n|-fieldend|move: Grassy Terrain\n|upkeep\n|turn|15\n|\n|t:|1732984086\n|move|p1a: Girafarig|Thunderbolt|p2a: Politoed\n|-supereffective|p2a: Politoed\n|-damage|p2a: Politoed|0 fnt\n|faint|p2a: Politoed\n|\n|-weather|RainDance|[upkeep]\n|upkeep\n|\n|t:|1732984091\n|switch|p2a: Espathra|Espathra, L80, M|217/283\n|turn|16\n|\n|t:|1732984094\n|move|p2a: Espathra|U-turn|p1a: Girafarig\n|-supereffective|p1a: Girafarig\n|-damage|p1a: Girafarig|93/269\n|\n|t:|1732984098\n|switch|p2a: Hippowdon|Hippowdon, L82, M|289/311|[from] U-turn\n|-weather|Sandstorm|[from] ability: Sand Stream|[of] p2a: Hippowdon\n|move|p1a: Girafarig|Psychic|p2a: Hippowdon\n|-damage|p2a: Hippowdon|58/311\n|\n|-weather|Sandstorm|[upkeep]\n|-damage|p1a: Girafarig|77/269|[from] Sandstorm\n|-heal|p2a: Hippowdon|77/311|[from] item: Leftovers\n|upkeep\n|turn|17\n|\n|t:|1732984107\n|switch|p2a: Espathra|Espathra, L80, M|217/283\n|move|p1a: Girafarig|Shadow Ball|p2a: Espathra\n|-supereffective|p2a: Espathra\n|-damage|p2a: Espathra|0 fnt\n|faint|p2a: Espathra\n|\n|-weather|Sandstorm|[upkeep]\n|-damage|p1a: Girafarig|61/269|[from] Sandstorm\n|upkeep\n|\n|t:|1732984112\n|switch|p2a: Hippowdon|Hippowdon, L82, M|77/311\n|turn|18\n|\n|t:|1732984118\n|move|p1a: Girafarig|Psychic|p2a: Hippowdon\n|-damage|p2a: Hippowdon|0 fnt\n|faint|p2a: Hippowdon\n|\n|-weather|Sandstorm|[upkeep]\n|-damage|p1a: Girafarig|45/269|[from] Sandstorm\n|upkeep\n|\n|t:|1732984119\n|switch|p2a: Reshiram|Reshiram, L76|277/277\n|-ability|p2a: Reshiram|Turboblaze\n|turn|19\n|\n|t:|1732984132\n|move|p1a: Girafarig|Psychic|p2a: Reshiram\n|-damage|p2a: Reshiram|91/277\n|move|p2a: Reshiram|Dragon Dance|p2a: Reshiram\n|-boost|p2a: Reshiram|atk|1\n|-boost|p2a: Reshiram|spe|1\n|\n|-weather|Sandstorm|[upkeep]\n|-damage|p2a: Reshiram|74/277|[from] Sandstorm\n|-damage|p1a: Girafarig|29/269|[from] Sandstorm\n|upkeep\n|turn|20\n|\n|t:|1732984139\n|move|p2a: Reshiram|Outrage|p1a: Girafarig\n|-damage|p1a: Girafarig|0 fnt\n|faint|p1a: Girafarig\n|\n|-weather|none\n|upkeep\n|\n|t:|1732984146\n|switch|p1a: Gholdengo|Gholdengo, L77|261/261\n|turn|21\n|\n|t:|1732984152\n|move|p2a: Reshiram|Outrage|p1a: Gholdengo|[from]lockedmove\n|-resisted|p1a: Gholdengo\n|-damage|p1a: Gholdengo|173/261\n|move|p1a: Gholdengo|Shadow Ball|p2a: Reshiram\n|-damage|p2a: Reshiram|0 fnt\n|faint|p2a: Reshiram\n|\n|win|sovietstonk\n", "inputlog": ">version b107d77f5c90bd6555267ae244a6264823309ead\n>start {\"formatid\":\"gen9randombattle\",\"seed\":[21760,23292,56217,59424],\"rated\":\"Rated battle\"}\n>player p1 {\"name\":\"sovietstonk\",\"avatar\":\"102\",\"rating\":1045,\"seed\":[37599,26744,47966,15548]}\n>player p2 {\"name\":\"a1236549684\",\"avatar\":\"169\",\"rating\":1000,\"seed\":[58310,54946,19945,1924]}\n>chat \u2606a1236549684|/me has reported you for using an illegal third party application. Please respond to this accusation by clicking the report window at the top of your screen. If you don't see the window, please press Ctrl + W to open it. Note that failure to respond to an accusation of cheating can lead to permanent suspension.\n>p1 switch 6\n>p2 move meteorbeam\n>p1 move waterfall\n>p2 move psyshock\n>p1 switch 2\n>p1 move earthquake\n>p2 move energyball\n>p1 switch 5\n>p1 move fakeout\n>p2 move psyshock\n>p1 move thunderpunch\n>p2 move psyshock\n>p2 switch 4\n>p1 move drainpunch\n>p2 move earthquake\n>p1 switch 4\n>p1 move calmmind\n>p2 move stoneedge\n>p1 move calmmind\n>p2 move whirlwind\n>p1 move psychic\n>p2 switch 5\n>p1 move shadowball\n>p2 move uturn\n>p2 switch 2\n>p1 move psychic\n>p2 move grassyglide\n>p1 move nastyplot\n>p2 switch 2\n>p1 move shadowball\n>p2 move uturn\n>p2 switch 2\n>p2 switch 2\n>p1 move shadowball\n>p2 move uturn\n>p2 switch 6\n>p1 move thunderbolt\n>p2 move icebeam\n>p2 switch 6\n>p1 move psychic\n>p2 move uturn\n>p2 switch 5\n>p1 move shadowball\n>p2 switch 5\n>p2 switch 5\n>p1 move psychic\n>p2 move slackoff\n>p2 switch 3\n>p1 move psychic\n>p2 move dragondance\n>p1 move psychic\n>p2 move outrage\n>p1 switch 6\n>p1 move shadowball\n>p2 move outrage", "uploadtime": 1732983764, "views": 1, "formatid": "gen9randombattle", "rating": null, "private": 0, "password": null}