{"id": "gen9randombattle-2253932843", "format": "[Gen 9] Random Battle", "players": ["Zer0_Brain", "ananananji"], "log": "|j|\u2606Zer0_Brain\n|j|\u2606ananananji\n|t:|1732966629\n|gametype|singles\n|player|p1|Zer0_Brain|blue|2075\n|player|p2|ananananji|102|2078\n|teamsize|p1|6\n|teamsize|p2|6\n|gen|9\n|tier|[Gen 9] Random Battle\n|rated|\n|rule|Species Clause: Limit one of each Pok\u00e9mon\n|rule|HP Percentage Mod: HP is shown in percentages\n|rule|Sleep Clause Mod: Limit one foe put to sleep\n|rule|Illusion Level Mod: Illusion disguises the Pok\u00e9mon's true level\n|\n|t:|1732966629\n|start\n|switch|p1a: Rampardos|Rampardos, L90, M|321/321\n|switch|p2a: Alcremie|Alcremie-Rainbow-Swirl, L90, F|263/263\n|turn|1\n|inactive|Battle timer is ON: inactive players will automatically lose when time's up. (requested by Zer0_Brain)\n|\n|t:|1732966640\n|move|p1a: Rampardos|Rock Slide|p2a: Alcremie\n|-damage|p2a: Alcremie|85/263\n|move|p2a: Alcremie|Alluring Voice|p1a: Rampardos\n|-damage|p1a: Rampardos|183/321\n|\n|-heal|p2a: Alcremie|101/263|[from] item: Leftovers\n|upkeep\n|turn|2\n|\n|t:|1732966652\n|move|p1a: Rampardos|Rock Slide|p2a: Alcremie\n|-damage|p2a: Alcremie|0 fnt\n|faint|p2a: Alcremie\n|\n|upkeep\n|\n|t:|1732966654\n|switch|p2a: Iron Hands|Iron Hands, L79|373/373\n|turn|3\n|\n|t:|1732966664\n|switch|p1a: Oricorio|Oricorio-Pom-Pom, L82, M|257/257\n|move|p2a: Iron Hands|Swords Dance|p2a: Iron Hands\n|-boost|p2a: Iron Hands|atk|2\n|-activate|p1a: Oricorio|ability: Dancer\n|move|p1a: Oricorio|Swords Dance|p1a: Oricorio|[from]ability: Dancer\n|-boost|p1a: Oricorio|atk|2\n|\n|upkeep\n|turn|4\n|\n|t:|1732966668\n|move|p1a: Oricorio|Hurricane|p2a: Iron Hands\n|-damage|p2a: Iron Hands|219/373\n|-start|p2a: Iron Hands|confusion\n|-activate|p2a: Iron Hands|confusion\n|move|p2a: Iron Hands|Ice Punch|p1a: Oricorio\n|-supereffective|p1a: Oricorio\n|-damage|p1a: Oricorio|0 fnt\n|faint|p1a: Oricorio\n|\n|-heal|p2a: Iron Hands|242/373|[from] item: Leftovers\n|upkeep\n|\n|t:|1732966675\n|switch|p1a: Rampardos|Rampardos, L90, M|183/321\n|turn|5\n|\n|t:|1732966679\n|-end|p2a: Iron Hands|Quark Drive|[silent]\n|switch|p2a: Chimecho|Chimecho, L94, M|293/293\n|move|p1a: Rampardos|Earthquake|p2a: Chimecho\n|-immune|p2a: Chimecho|[from] ability: Levitate\n|\n|upkeep\n|turn|6\n|\n|t:|1732966684\n|switch|p1a: Muk|Muk-Alola, L82, F|306/306\n|move|p2a: Chimecho|Calm Mind|p2a: Chimecho\n|-boost|p2a: Chimecho|spa|1\n|-boost|p2a: Chimecho|spd|1\n|\n|upkeep\n|turn|7\n|\n|t:|1732966688\n|switch|p2a: Tyranitar|Tyranitar, L79, M|288/288\n|-weather|Sandstorm|[from] ability: Sand Stream|[of] p2a: Tyranitar\n|move|p1a: Muk|Knock Off|p2a: Tyranitar\n|-resisted|p2a: Tyranitar\n|-damage|p2a: Tyranitar|240/288\n|-enditem|p2a: Tyranitar|Leftovers|[from] move: Knock Off|[of] p1a: Muk\n|\n|-weather|Sandstorm|[upkeep]\n|-damage|p1a: Muk|287/306|[from] Sandstorm\n|upkeep\n|turn|8\n|\n|t:|1732966691\n|move|p2a: Tyranitar|Dragon Dance|p2a: Tyranitar\n|-boost|p2a: Tyranitar|atk|1\n|-boost|p2a: Tyranitar|spe|1\n|move|p1a: Muk|Drain Punch|p2a: Tyranitar\n|-supereffective|p2a: Tyranitar\n|-damage|p2a: Tyranitar|40/288\n|-heal|p1a: Muk|306/306|[from] drain|[of] p2a: Tyranitar\n|-status|p2a: Tyranitar|psn|[from] ability: Poison Touch|[of] p1a: Muk\n|\n|-weather|Sandstorm|[upkeep]\n|-damage|p1a: Muk|287/306|[from] Sandstorm\n|-damage|p2a: Tyranitar|4/288 psn|[from] psn\n|upkeep\n|turn|9\n|\n|t:|1732966705\n|switch|p1a: Mandibuzz|Mandibuzz, L85, F|326/326\n|move|p2a: Tyranitar|Knock Off|p1a: Mandibuzz\n|-resisted|p1a: Mandibuzz\n|-damage|p1a: Mandibuzz|246/326\n|-enditem|p1a: Mandibuzz|Heavy-Duty Boots|[from] move: Knock Off|[of] p2a: Tyranitar\n|\n|-weather|Sandstorm|[upkeep]\n|-damage|p2a: Tyranitar|0 fnt|[from] psn\n|faint|p2a: Tyranitar\n|upkeep\n|\n|t:|1732966708\n|switch|p2a: Iron Hands|Iron Hands, L79|242/373\n|turn|10\n|\n|t:|1732966713\n|move|p1a: Mandibuzz|Toxic|p2a: Iron Hands\n|-status|p2a: Iron Hands|tox\n|move|p2a: Iron Hands|Wild Charge|p1a: Mandibuzz\n|-supereffective|p1a: Mandibuzz\n|-damage|p1a: Mandibuzz|64/326\n|-damage|p2a: Iron Hands|196/373 tox|[from] Recoil\n|\n|-weather|Sandstorm|[upkeep]\n|-damage|p2a: Iron Hands|173/373 tox|[from] Sandstorm\n|-heal|p2a: Iron Hands|196/373 tox|[from] item: Leftovers\n|-damage|p2a: Iron Hands|173/373 tox|[from] psn\n|upkeep\n|turn|11\n|\n|t:|1732966715\n|move|p1a: Mandibuzz|Roost|p1a: Mandibuzz\n|-heal|p1a: Mandibuzz|227/326\n|-singleturn|p1a: Mandibuzz|move: Roost\n|move|p2a: Iron Hands|Drain Punch|p1a: Mandibuzz\n|-supereffective|p1a: Mandibuzz\n|-crit|p1a: Mandibuzz\n|-damage|p1a: Mandibuzz|0 fnt\n|-heal|p2a: Iron Hands|287/373 tox|[from] drain|[of] p1a: Mandibuzz\n|faint|p1a: Mandibuzz\n|\n|-weather|none\n|-heal|p2a: Iron Hands|310/373 tox|[from] item: Leftovers\n|-damage|p2a: Iron Hands|264/373 tox|[from] psn\n|upkeep\n|\n|t:|1732966720\n|switch|p1a: Rampardos|Rampardos, L90, M|183/321\n|turn|12\n|\n|t:|1732966722\n|move|p1a: Rampardos|Earthquake|p2a: Iron Hands\n|-supereffective|p2a: Iron Hands\n|-damage|p2a: Iron Hands|44/373 tox\n|move|p2a: Iron Hands|Drain Punch|p1a: Rampardos\n|-supereffective|p1a: Rampardos\n|-damage|p1a: Rampardos|0 fnt\n|-heal|p2a: Iron Hands|136/373 tox|[from] drain|[of] p1a: Rampardos\n|faint|p1a: Rampardos\n|\n|-heal|p2a: Iron Hands|159/373 tox|[from] item: Leftovers\n|-damage|p2a: Iron Hands|90/373 tox|[from] psn\n|upkeep\n|\n|t:|1732966732\n|switch|p1a: Basculin|Basculin, L86, M|261/261\n|turn|13\n|\n|t:|1732966736\n|move|p1a: Basculin|Flip Turn|p2a: Iron Hands\n|-crit|p2a: Iron Hands\n|-damage|p2a: Iron Hands|0 fnt\n|faint|p2a: Iron Hands\n|-end|p2a: Iron Hands|Quark Drive|[silent]\n|\n|t:|1732966739\n|switch|p1a: Muk|Muk-Alola, L82, F|287/306|[from] Flip Turn\n|\n|upkeep\n|\n|t:|1732966753\n|switch|p2a: Chimecho|Chimecho, L94, M|293/293\n|turn|14\n|\n|t:|1732966758\n|move|p2a: Chimecho|Dazzling Gleam|p1a: Muk\n|-damage|p1a: Muk|243/306\n|move|p1a: Muk|Knock Off|p2a: Chimecho\n|-supereffective|p2a: Chimecho\n|-damage|p2a: Chimecho|77/293\n|-enditem|p2a: Chimecho|Leftovers|[from] move: Knock Off|[of] p1a: Muk\n|\n|upkeep\n|turn|15\n|\n|t:|1732966765\n|move|p2a: Chimecho|Dazzling Gleam|p1a: Muk\n|-damage|p1a: Muk|202/306\n|move|p1a: Muk|Gunk Shot|p2a: Chimecho\n|-damage|p2a: Chimecho|0 fnt\n|faint|p2a: Chimecho\n|\n|upkeep\n|\n|t:|1732966769\n|switch|p2a: Lilligant|Lilligant, L86, F|261/261\n|turn|16\n|\n|t:|1732966776\n|move|p2a: Lilligant|Sleep Powder|p1a: Muk\n|-status|p1a: Muk|slp|[from] move: Sleep Powder\n|cant|p1a: Muk|slp\n|\n|upkeep\n|turn|17\n|\n|t:|1732966781\n|move|p2a: Lilligant|Quiver Dance|p2a: Lilligant\n|-boost|p2a: Lilligant|spa|1\n|-boost|p2a: Lilligant|spd|1\n|-boost|p2a: Lilligant|spe|1\n|cant|p1a: Muk|slp\n|\n|upkeep\n|turn|18\n|\n|t:|1732966784\n|move|p2a: Lilligant|Alluring Voice|p1a: Muk\n|-damage|p1a: Muk|129/306 slp\n|-damage|p2a: Lilligant|235/261|[from] item: Life Orb\n|-curestatus|p1a: Muk|slp|[msg]\n|move|p1a: Muk|Ice Punch|p2a: Lilligant\n|-supereffective|p2a: Lilligant\n|-damage|p2a: Lilligant|115/261\n|\n|upkeep\n|turn|19\n|\n|t:|1732966792\n|move|p2a: Lilligant|Sleep Powder|p1a: Muk\n|-status|p1a: Muk|slp|[from] move: Sleep Powder\n|cant|p1a: Muk|slp\n|\n|upkeep\n|turn|20\n|\n|t:|1732966797\n|move|p2a: Lilligant|Alluring Voice|p1a: Muk\n|-damage|p1a: Muk|46/306 slp\n|-damage|p2a: Lilligant|89/261|[from] item: Life Orb\n|cant|p1a: Muk|slp\n|\n|upkeep\n|turn|21\n|\n|t:|1732966801\n|move|p2a: Lilligant|Alluring Voice|p1a: Muk\n|-damage|p1a: Muk|0 fnt\n|faint|p1a: Muk\n|-damage|p2a: Lilligant|63/261|[from] item: Life Orb\n|\n|upkeep\n|\n|t:|1732966806\n|switch|p1a: Hitmonlee|Hitmonlee, L85, M|224/224\n|turn|22\n|\n|t:|1732966810\n|-terastallize|p1a: Hitmonlee|Poison\n|move|p2a: Lilligant|Petal Dance|p1a: Hitmonlee\n|-resisted|p1a: Hitmonlee\n|-damage|p1a: Hitmonlee|102/224\n|-damage|p2a: Lilligant|37/261|[from] item: Life Orb\n|move|p1a: Hitmonlee|Close Combat|p2a: Lilligant\n|-damage|p2a: Lilligant|0 fnt\n|-unboost|p1a: Hitmonlee|def|1\n|-unboost|p1a: Hitmonlee|spd|1\n|-enditem|p1a: Hitmonlee|White Herb\n|-clearnegativeboost|p1a: Hitmonlee|[silent]\n|faint|p2a: Lilligant\n|\n|upkeep\n|\n|t:|1732966814\n|switch|p2a: Enamorus|Enamorus-Therian, L83, F|259/259\n|turn|23\n|\n|t:|1732966827\n|move|p1a: Hitmonlee|Knock Off|p2a: Enamorus\n|-resisted|p2a: Enamorus\n|-damage|p2a: Enamorus|225/259\n|-enditem|p2a: Enamorus|Assault Vest|[from] move: Knock Off|[of] p1a: Hitmonlee\n|move|p2a: Enamorus|Psychic|p1a: Hitmonlee\n|-supereffective|p1a: Hitmonlee\n|-damage|p1a: Hitmonlee|0 fnt\n|faint|p1a: Hitmonlee\n|\n|upkeep\n|\n|t:|1732966831\n|switch|p1a: Basculin|Basculin, L86, M|261/261\n|turn|24\n|\n|t:|1732966834\n|-terastallize|p2a: Enamorus|Fairy\n|move|p1a: Basculin|Wave Crash|p2a: Enamorus\n|-damage|p2a: Enamorus|5/259\n|-damage|p1a: Basculin|188/261|[from] Recoil\n|move|p2a: Enamorus|Moonblast|p1a: Basculin\n|-damage|p1a: Basculin|0 fnt\n|faint|p1a: Basculin\n|\n|win|ananananji\n|raw|Zer0_Brain's rating: 2075 &rarr; <strong>2055</strong><br />(-20 for losing)\n|raw|ananananji's rating: 2078 &rarr; <strong>2098</strong><br />(+20 for winning)\n", "inputlog": ">version b107d77f5c90bd6555267ae244a6264823309ead\n>start {\"formatid\":\"gen9randombattle\",\"seed\":[27149,37566,7475,38537],\"rated\":\"Rated battle\"}\n>player p1 {\"name\":\"Zer0_Brain\",\"avatar\":\"blue\",\"rating\":2075,\"seed\":[3353,7181,14320,40126]}\n>player p2 {\"name\":\"ananananji\",\"avatar\":\"102\",\"rating\":2078,\"seed\":[23955,15627,7011,29711]}\n>p1 move rockslide\n>p2 move alluringvoice\n>p1 move rockslide\n>p2 move recover\n>p2 switch 6\n>p1 switch 5\n>p2 move swordsdance\n>p1 move hurricane\n>p2 move icepunch\n>p1 switch 5\n>p1 move earthquake\n>p2 switch 3\n>p1 switch 2\n>p2 move calmmind\n>p1 move knockoff\n>p2 switch 2\n>p1 move drainpunch\n>p2 move dragondance\n>p1 switch 4\n>p2 move knockoff\n>p2 switch 3\n>p1 move toxic\n>p2 move wildcharge\n>p1 move roost\n>p2 move drainpunch\n>p1 switch 2\n>p1 move earthquake\n>p2 move drainpunch\n>p1 switch 6\n>p1 move flipturn\n>p2 move wildcharge\n>p1 switch 4\n>p2 switch 2\n>p1 move knockoff\n>p2 move dazzlinggleam\n>p1 move gunkshot\n>p2 move dazzlinggleam\n>p2 switch 4\n>p1 move icepunch\n>p2 move sleeppowder\n>p1 move icepunch\n>p2 move quiverdance\n>p1 move icepunch\n>p2 move alluringvoice\n>p1 move gunkshot\n>p2 move sleeppowder\n>p1 move gunkshot\n>p2 move alluringvoice\n>p1 move gunkshot\n>p2 move alluringvoice\n>p1 switch 3\n>p1 move closecombat terastallize\n>p2 move petaldance\n>p2 switch 5\n>p1 move knockoff\n>p2 move psychic\n>p1 switch 4\n>p1 move wavecrash\n>p2 move moonblast terastallize", "uploadtime": 1732966839, "views": 1, "formatid": "gen9randombattle", "rating": 2055, "private": 0, "password": null}