{"id": "gen9randombattle-2253898926", "format": "[Gen 9] Random Battle", "players": ["Parashhh", "sugunanmon"], "log": "|j|\u2606Parashhh\n|j|\u2606sugunanmon\n|t:|1732959300\n|gametype|singles\n|player|p1|Parashhh|lucas|1029\n|player|p2|sugunanmon|lucas|1000\n|teamsize|p1|6\n|teamsize|p2|6\n|gen|9\n|tier|[Gen 9] Random Battle\n|rated|\n|rule|Species Clause: Limit one of each Pok\u00e9mon\n|rule|HP Percentage Mod: HP is shown in percentages\n|rule|Sleep Clause Mod: Limit one foe put to sleep\n|rule|Illusion Level Mod: Illusion disguises the Pok\u00e9mon's true level\n|\n|t:|1732959300\n|start\n|switch|p1a: Rotom|Rotom-Fan, L86|226/226\n|switch|p2a: Ninetales|Ninetales, L85, M|263/263\n|-weather|SunnyDay|[from] ability: Drought|[of] p2a: Ninetales\n|turn|1\n|inactive|Battle timer is ON: inactive players will automatically lose when time's up. (requested by sugunanmon)\n|\n|t:|1732959320\n|move|p2a: Ninetales|Nasty Plot|p2a: Ninetales\n|-boost|p2a: Ninetales|spa|2\n|move|p1a: Rotom|Thunderbolt|p2a: Ninetales\n|-damage|p2a: Ninetales|164/263\n|-status|p2a: Ninetales|par\n|\n|-weather|SunnyDay|[upkeep]\n|upkeep\n|turn|2\n|\n|t:|1732959330\n|move|p1a: Rotom|Volt Switch|p2a: Ninetales\n|-damage|p2a: Ninetales|95/263 par\n|\n|t:|1732959338\n|switch|p1a: Zangoose|Zangoose, L85, F|263/263|[from] Volt Switch\n|move|p2a: Ninetales|Fire Blast|p1a: Zangoose\n|-damage|p1a: Zangoose|0 fnt\n|faint|p1a: Zangoose\n|\n|-weather|SunnyDay|[upkeep]\n|upkeep\n|\n|t:|1732959349\n|switch|p1a: Ting-Lu|Ting-Lu, L78|370/370\n|-ability|p1a: Ting-Lu|Vessel of Ruin\n|turn|3\n|\n|t:|1732959354\n|move|p1a: Ting-Lu|Earthquake|p2a: Ninetales\n|-supereffective|p2a: Ninetales\n|-damage|p2a: Ninetales|0 fnt\n|faint|p2a: Ninetales\n|\n|-weather|SunnyDay|[upkeep]\n|upkeep\n|\n|t:|1732959378\n|switch|p2a: Regidrago|Regidrago, L77|435/435\n|turn|4\n|\n|t:|1732959386\n|move|p2a: Regidrago|Dragon Dance|p2a: Regidrago\n|-boost|p2a: Regidrago|atk|1\n|-boost|p2a: Regidrago|spe|1\n|move|p1a: Ting-Lu|Earthquake|p2a: Regidrago\n|-damage|p2a: Regidrago|266/435\n|\n|-weather|SunnyDay|[upkeep]\n|upkeep\n|turn|5\n|\n|t:|1732959396\n|move|p2a: Regidrago|Dragon Dance|p2a: Regidrago\n|-boost|p2a: Regidrago|atk|1\n|-boost|p2a: Regidrago|spe|1\n|move|p1a: Ting-Lu|Throat Chop|p2a: Regidrago\n|-damage|p2a: Regidrago|131/435\n|-start|p2a: Regidrago|Throat Chop|[silent]\n|\n|-weather|none\n|upkeep\n|turn|6\n|\n|t:|1732959407\n|move|p2a: Regidrago|Dragon Claw|p1a: Ting-Lu\n|-damage|p1a: Ting-Lu|124/370\n|-damage|p2a: Regidrago|88/435|[from] item: Life Orb\n|move|p1a: Ting-Lu|Whirlwind|p2a: Regidrago\n|drag|p2a: Granbull|Granbull, L88, F|302/302\n|-ability|p2a: Granbull|Intimidate|boost\n|-unboost|p1a: Ting-Lu|atk|1\n|\n|-heal|p1a: Ting-Lu|147/370|[from] item: Leftovers\n|upkeep\n|turn|7\n|\n|t:|1732959420\n|move|p2a: Granbull|Play Rough|p1a: Ting-Lu\n|-supereffective|p1a: Ting-Lu\n|-damage|p1a: Ting-Lu|0 fnt\n|faint|p1a: Ting-Lu\n|\n|upkeep\n|\n|t:|1732959427\n|switch|p1a: Dusknoir|Dusknoir, L89, M|225/225\n|-item|p2a: Granbull|Leftovers|[from] ability: Frisk|[of] p1a: Dusknoir\n|turn|8\n|\n|t:|1732959432\n|move|p1a: Dusknoir|Shadow Sneak|p2a: Granbull\n|-damage|p2a: Granbull|247/302\n|move|p2a: Granbull|Thunder Wave|p1a: Dusknoir\n|-status|p1a: Dusknoir|par\n|\n|-heal|p2a: Granbull|265/302|[from] item: Leftovers\n|upkeep\n|turn|9\n|\n|t:|1732959441\n|move|p1a: Dusknoir|Poltergeist|p2a: Granbull\n|-activate|p2a: Granbull|move: Poltergeist|Leftovers\n|-damage|p2a: Granbull|126/302\n|move|p2a: Granbull|Roar|p1a: Dusknoir\n|drag|p1a: Rotom|Rotom-Fan, L86|226/226\n|\n|-heal|p2a: Granbull|144/302|[from] item: Leftovers\n|upkeep\n|turn|10\n|\n|t:|1732959456\n|switch|p2a: Regidrago|Regidrago, L77|88/435\n|move|p1a: Rotom|Volt Switch|p2a: Regidrago\n|-resisted|p2a: Regidrago\n|-damage|p2a: Regidrago|20/435\n|\n|t:|1732959464\n|switch|p1a: Dusknoir|Dusknoir, L89, M|225/225 par|[from] Volt Switch\n|-item|p2a: Regidrago|Life Orb|[from] ability: Frisk|[of] p1a: Dusknoir\n|\n|upkeep\n|turn|11\n|\n|t:|1732959473\n|move|p1a: Dusknoir|Shadow Sneak|p2a: Regidrago\n|-damage|p2a: Regidrago|0 fnt\n|faint|p2a: Regidrago\n|\n|upkeep\n|\n|t:|1732959477\n|switch|p2a: Wyrdeer|Wyrdeer, L87, M|321/321\n|-ability|p2a: Wyrdeer|Intimidate|boost\n|-unboost|p1a: Dusknoir|atk|1\n|turn|12\n|\n|t:|1732959484\n|move|p2a: Wyrdeer|Psychic Noise|p1a: Dusknoir\n|-damage|p1a: Dusknoir|167/225 par\n|-start|p1a: Dusknoir|move: Heal Block\n|move|p1a: Dusknoir|Pain Split|p2a: Wyrdeer\n|-sethp|p2a: Wyrdeer|244/321|[from] move: Pain Split|[silent]\n|-sethp|p1a: Dusknoir|225/225 par|[from] move: Pain Split\n|\n|-heal|p2a: Wyrdeer|264/321|[from] item: Leftovers\n|upkeep\n|turn|13\n|\n|t:|1732959498\n|move|p2a: Wyrdeer|Psychic Noise|p1a: Dusknoir\n|-damage|p1a: Dusknoir|158/225 par\n|move|p1a: Dusknoir|Poltergeist|p2a: Wyrdeer\n|-immune|p2a: Wyrdeer\n|\n|-heal|p2a: Wyrdeer|284/321|[from] item: Leftovers\n|-end|p1a: Dusknoir|move: Heal Block\n|upkeep\n|turn|14\n|\n|t:|1732959510\n|move|p2a: Wyrdeer|Psychic Noise|p1a: Dusknoir\n|-damage|p1a: Dusknoir|100/225 par\n|-start|p1a: Dusknoir|move: Heal Block\n|cant|p1a: Dusknoir|par\n|\n|-heal|p2a: Wyrdeer|304/321|[from] item: Leftovers\n|upkeep\n|turn|15\n|\n|t:|1732959519\n|move|p2a: Wyrdeer|Thunderbolt|p1a: Dusknoir\n|-damage|p1a: Dusknoir|54/225 par\n|cant|p1a: Dusknoir|par\n|\n|-heal|p2a: Wyrdeer|321/321|[from] item: Leftovers\n|-end|p1a: Dusknoir|move: Heal Block\n|upkeep\n|turn|16\n|\n|t:|1732959528\n|move|p1a: Dusknoir|Shadow Sneak|p2a: Wyrdeer\n|-immune|p2a: Wyrdeer\n|move|p2a: Wyrdeer|Psychic Noise|p1a: Dusknoir\n|-damage|p1a: Dusknoir|0 fnt\n|faint|p1a: Dusknoir\n|\n|upkeep\n|\n|t:|1732959538\n|switch|p1a: Rotom|Rotom-Fan, L86|226/226\n|turn|17\n|\n|t:|1732959546\n|-terastallize|p2a: Wyrdeer|Ground\n|move|p1a: Rotom|Will-O-Wisp|p2a: Wyrdeer\n|-status|p2a: Wyrdeer|brn\n|move|p2a: Wyrdeer|Psychic Noise|p1a: Rotom\n|-damage|p1a: Rotom|156/226\n|-start|p1a: Rotom|move: Heal Block\n|\n|-damage|p2a: Wyrdeer|301/321 brn|[from] brn\n|upkeep\n|turn|18\n|\n|t:|1732959560\n|move|p1a: Rotom|Air Slash|p2a: Wyrdeer\n|-damage|p2a: Wyrdeer|202/321 brn\n|move|p2a: Wyrdeer|Psychic Noise|p1a: Rotom\n|-damage|p1a: Rotom|81/226\n|\n|-heal|p2a: Wyrdeer|222/321 brn|[from] item: Leftovers\n|-damage|p2a: Wyrdeer|202/321 brn|[from] brn\n|-end|p1a: Rotom|move: Heal Block\n|upkeep\n|turn|19\n|\n|t:|1732959571\n|move|p1a: Rotom|Thunderbolt|p2a: Wyrdeer\n|-immune|p2a: Wyrdeer\n|move|p2a: Wyrdeer|Psychic Noise|p1a: Rotom\n|-crit|p1a: Rotom\n|-damage|p1a: Rotom|0 fnt\n|faint|p1a: Rotom\n|\n|-heal|p2a: Wyrdeer|222/321 brn|[from] item: Leftovers\n|-damage|p2a: Wyrdeer|202/321 brn|[from] brn\n|upkeep\n|\n|t:|1732959583\n|switch|p1a: Reuniclus|Reuniclus, L88, F|337/337\n|turn|20\n|\n|t:|1732959589\n|move|p2a: Wyrdeer|Thunder Wave|p1a: Reuniclus|[miss]\n|-miss|p2a: Wyrdeer|p1a: Reuniclus\n|move|p1a: Reuniclus|Focus Blast|p2a: Wyrdeer|[miss]\n|-miss|p1a: Reuniclus|p2a: Wyrdeer\n|\n|-heal|p2a: Wyrdeer|222/321 brn|[from] item: Leftovers\n|-damage|p2a: Wyrdeer|202/321 brn|[from] brn\n|upkeep\n|turn|21\n|\n|t:|1732959600\n|move|p2a: Wyrdeer|Thunder Wave|p1a: Reuniclus\n|-status|p1a: Reuniclus|par\n|move|p1a: Reuniclus|Psyshock|p2a: Wyrdeer\n|-damage|p2a: Wyrdeer|34/321 brn\n|\n|-heal|p2a: Wyrdeer|54/321 brn|[from] item: Leftovers\n|-damage|p2a: Wyrdeer|34/321 brn|[from] brn\n|upkeep\n|turn|22\n|\n|t:|1732959610\n|move|p2a: Wyrdeer|Thunderbolt|p1a: Reuniclus\n|-damage|p1a: Reuniclus|267/337 par\n|cant|p1a: Reuniclus|par\n|\n|-heal|p2a: Wyrdeer|54/321 brn|[from] item: Leftovers\n|-damage|p2a: Wyrdeer|34/321 brn|[from] brn\n|upkeep\n|turn|23\n|\n|t:|1732959619\n|move|p2a: Wyrdeer|Thunderbolt|p1a: Reuniclus\n|-damage|p1a: Reuniclus|201/337 par\n|move|p1a: Reuniclus|Psyshock|p2a: Wyrdeer\n|-damage|p2a: Wyrdeer|0 fnt\n|faint|p2a: Wyrdeer\n|\n|upkeep\n|\n|t:|1732959626\n|switch|p2a: Dusknoir|Dusknoir, L89, M|225/225\n|-item|p1a: Reuniclus|Life Orb|[from] ability: Frisk|[of] p2a: Dusknoir\n|turn|24\n|\n|t:|1732959631\n|move|p2a: Dusknoir|Substitute|p2a: Dusknoir\n|-start|p2a: Dusknoir|Substitute\n|-damage|p2a: Dusknoir|169/225\n|cant|p1a: Reuniclus|par\n|\n|-heal|p2a: Dusknoir|183/225|[from] item: Leftovers\n|upkeep\n|turn|25\n|\n|t:|1732959639\n|move|p2a: Dusknoir|Poltergeist|p1a: Reuniclus\n|-activate|p1a: Reuniclus|move: Poltergeist|Life Orb\n|-supereffective|p1a: Reuniclus\n|-damage|p1a: Reuniclus|0 fnt\n|faint|p1a: Reuniclus\n|\n|-heal|p2a: Dusknoir|197/225|[from] item: Leftovers\n|upkeep\n|\n|t:|1732959647\n|switch|p1a: Ditto|Ditto, L87|225/225\n|turn|26\n|\n|t:|1732959670\n|move|p1a: Ditto|Transform||[still]\n|-fail|p1a: Ditto\n|move|p2a: Dusknoir|Poltergeist|p1a: Ditto\n|-immune|p1a: Ditto\n|\n|-heal|p2a: Dusknoir|211/225|[from] item: Leftovers\n|upkeep\n|turn|27\n|\n|t:|1732959680\n|-terastallize|p1a: Ditto|Dark\n|-singleturn|p2a: Dusknoir|move: Focus Punch\n|move|p1a: Ditto|Transform||[still]\n|-fail|p1a: Ditto\n|move|p2a: Dusknoir|Focus Punch|p1a: Ditto\n|-supereffective|p1a: Ditto\n|-damage|p1a: Ditto|0 fnt\n|faint|p1a: Ditto\n|\n|win|sugunanmon\n|raw|Parashhh's rating: 1029 &rarr; <strong>1013</strong><br />(-16 for losing)\n|raw|sugunanmon's rating: 1000 &rarr; <strong>1043</strong><br />(+43 for winning)\n", "inputlog": ">version b107d77f5c90bd6555267ae244a6264823309ead\n>start {\"formatid\":\"gen9randombattle\",\"seed\":[1202,36255,2141,22030],\"rated\":\"Rated battle\"}\n>player p1 {\"name\":\"Parashhh\",\"avatar\":\"lucas\",\"rating\":1029,\"seed\":[37917,30200,24358,21915]}\n>player p2 {\"name\":\"sugunanmon\",\"avatar\":\"lucas\",\"rating\":1000,\"seed\":[26566,57074,56852,3515]}\n>p1 move thunderbolt\n>p2 move nastyplot\n>p1 move voltswitch\n>p2 move fireblast\n>p1 switch 6\n>p1 switch 4\n>p1 move earthquake\n>p2 move solarbeam\n>p2 switch 4\n>p1 move earthquake\n>p2 move dragondance\n>p1 move throatchop\n>p2 move dragondance\n>p1 move whirlwind\n>p2 move dragonclaw\n>p1 move earthquake\n>p2 move playrough\n>p1 switch 2\n>p1 move shadowsneak\n>p2 move thunderwave\n>p1 move poltergeist\n>p2 move roar\n>p1 move voltswitch\n>p2 switch 5\n>p1 switch 6\n>p1 move shadowsneak\n>p2 move dragonclaw\n>p2 switch 6\n>p1 move painsplit\n>p2 move psychicnoise\n>p1 move poltergeist\n>p2 move psychicnoise\n>p1 move painsplit\n>p2 move psychicnoise\n>p1 move painsplit\n>p2 move thunderbolt\n>p1 move shadowsneak\n>p2 move psychicnoise\n>p1 switch 6\n>p1 move willowisp\n>p2 move psychicnoise terastallize\n>p1 move airslash\n>p2 move psychicnoise\n>p1 move thunderbolt\n>p2 move psychicnoise\n>p1 switch 5\n>p1 move focusblast\n>p2 move thunderwave\n>p1 move psyshock\n>p2 move thunderwave\n>p1 move psyshock\n>p2 move thunderbolt\n>p1 move psyshock\n>p2 move thunderbolt\n>p2 switch 2\n>p1 move psyshock\n>p2 move substitute\n>p1 move recover\n>p2 move poltergeist\n>p1 switch 3\n>p1 move transform\n>p2 move poltergeist\n>p1 move transform terastallize\n>p2 move focuspunch", "uploadtime": 1732959688, "views": 6, "formatid": "gen9randombattle", "rating": 1013, "private": 0, "password": null}