{"id": "gen9randombattle-2254180081", "format": "[Gen 9] Random Battle", "players": ["ConnorMarapa", "Broci"], "log": "|j|\u2606ConnorMarapa\n|j|\u2606Broci\n|t:|1733001144\n|gametype|singles\n|player|p1|ConnorMarapa|ethan|1197\n|player|p2|Broci|266|1237\n|teamsize|p1|6\n|teamsize|p2|6\n|gen|9\n|tier|[Gen 9] Random Battle\n|rated|\n|rule|Species Clause: Limit one of each Pok\u00e9mon\n|rule|HP Percentage Mod: HP is shown in percentages\n|rule|Sleep Clause Mod: Limit one foe put to sleep\n|rule|Illusion Level Mod: Illusion disguises the Pok\u00e9mon's true level\n|\n|t:|1733001144\n|start\n|switch|p1a: Manaphy|Manaphy, L78|284/284\n|switch|p2a: Mewtwo|Mewtwo, L72|272/272\n|-ability|p2a: Mewtwo|Unnerve\n|turn|1\n|inactive|Battle timer is ON: inactive players will automatically lose when time's up. (requested by ConnorMarapa)\n|\n|t:|1733001158\n|move|p2a: Mewtwo|Psystrike|p1a: Manaphy\n|-damage|p1a: Manaphy|131/284\n|move|p1a: Manaphy|Tail Glow|p1a: Manaphy\n|-boost|p1a: Manaphy|spa|3\n|\n|-heal|p1a: Manaphy|148/284|[from] item: Leftovers\n|upkeep\n|turn|2\n|\n|t:|1733001166\n|move|p2a: Mewtwo|Psystrike|p1a: Manaphy\n|-damage|p1a: Manaphy|0 fnt\n|faint|p1a: Manaphy\n|\n|upkeep\n|\n|t:|1733001187\n|switch|p1a: Golem|Golem, L87, F|281/281\n|turn|3\n|\n|t:|1733001202\n|move|p2a: Mewtwo|Psystrike|p1a: Golem\n|-damage|p1a: Golem|163/281\n|move|p1a: Golem|Earthquake|p2a: Mewtwo\n|-damage|p2a: Mewtwo|121/272\n|\n|upkeep\n|turn|4\n|\n|t:|1733001221\n|switch|p2a: Azumarill|Azumarill, L82, F|298/298\n|move|p1a: Golem|Earthquake|p2a: Azumarill\n|-crit|p2a: Azumarill\n|-damage|p2a: Azumarill|72/298\n|-enditem|p2a: Azumarill|Sitrus Berry|[eat]\n|-heal|p2a: Azumarill|146/298|[from] item: Sitrus Berry\n|\n|upkeep\n|turn|5\n|\n|t:|1733001232\n|switch|p1a: Poliwrath|Poliwrath, L88, F|302/302\n|move|p2a: Azumarill|Aqua Jet|p1a: Poliwrath\n|-immune|p1a: Poliwrath|[from] ability: Water Absorb\n|\n|upkeep\n|turn|6\n|\n|t:|1733001246\n|move|p1a: Poliwrath|Liquidation|p2a: Azumarill\n|-resisted|p2a: Azumarill\n|-damage|p2a: Azumarill|91/298\n|move|p2a: Azumarill|Play Rough|p1a: Poliwrath\n|-supereffective|p1a: Poliwrath\n|-damage|p1a: Poliwrath|84/302\n|\n|upkeep\n|turn|7\n|\n|t:|1733001254\n|switch|p1a: Toxtricity|Toxtricity, L82, F|257/257\n|move|p2a: Azumarill|Play Rough|p1a: Toxtricity\n|-resisted|p1a: Toxtricity\n|-damage|p1a: Toxtricity|188/257\n|\n|upkeep\n|turn|8\n|\n|t:|1733001263\n|switch|p2a: Swampert|Swampert, L83, F|302/302\n|move|p1a: Toxtricity|Overdrive|p2a: Swampert\n|-immune|p2a: Swampert\n|\n|upkeep\n|turn|9\n|\n|t:|1733001272\n|switch|p1a: Dragonite|Dragonite, L74, M|257/257\n|move|p2a: Swampert|Knock Off|p1a: Dragonite\n|-damage|p1a: Dragonite|217/257\n|-enditem|p1a: Dragonite|Heavy-Duty Boots|[from] move: Knock Off|[of] p2a: Swampert\n|\n|upkeep\n|turn|10\n|\n|t:|1733001280\n|move|p1a: Dragonite|Dragon Dance|p1a: Dragonite\n|-boost|p1a: Dragonite|atk|1\n|-boost|p1a: Dragonite|spe|1\n|move|p2a: Swampert|Ice Beam|p1a: Dragonite\n|-supereffective|p1a: Dragonite\n|-damage|p1a: Dragonite|0 fnt\n|faint|p1a: Dragonite\n|\n|upkeep\n|\n|t:|1733001291\n|switch|p1a: Poliwrath|Poliwrath, L88, F|84/302\n|turn|11\n|\n|t:|1733001297\n|move|p1a: Poliwrath|Close Combat|p2a: Swampert\n|-damage|p2a: Swampert|155/302\n|-unboost|p1a: Poliwrath|def|1\n|-unboost|p1a: Poliwrath|spd|1\n|move|p2a: Swampert|Earthquake|p1a: Poliwrath\n|-crit|p1a: Poliwrath\n|-damage|p1a: Poliwrath|0 fnt\n|faint|p1a: Poliwrath\n|\n|-heal|p2a: Swampert|173/302|[from] item: Leftovers\n|upkeep\n|\n|t:|1733001304\n|switch|p1a: Granbull|Granbull, L88, F|302/302\n|-ability|p1a: Granbull|Intimidate|boost\n|-unboost|p2a: Swampert|atk|1\n|turn|12\n|\n|t:|1733001314\n|move|p2a: Swampert|Yawn|p1a: Granbull\n|-start|p1a: Granbull|move: Yawn|[of] p2a: Swampert\n|move|p1a: Granbull|Play Rough|p2a: Swampert|[miss]\n|-miss|p1a: Granbull|p2a: Swampert\n|\n|-heal|p2a: Swampert|191/302|[from] item: Leftovers\n|upkeep\n|turn|13\n|\n|t:|1733001321\n|switch|p1a: Golem|Golem, L87, F|163/281\n|move|p2a: Swampert|Earthquake|p1a: Golem\n|-supereffective|p1a: Golem\n|-damage|p1a: Golem|53/281\n|\n|-heal|p2a: Swampert|209/302|[from] item: Leftovers\n|upkeep\n|turn|14\n|l|\u2606ConnorMarapa\n|inactive|ConnorMarapa disconnected and has a minute to reconnect!\n|player|p1|\n|j|\u2606ConnorMarapa\n|inactive|ConnorMarapa reconnected and has 135 seconds left.\n|player|p1|ConnorMarapa|ethan|\n|-enditem|p1a: Golem|Custap Berry|[eat]\n|-activate|p1a: Golem|item: Custap Berry|[consumed]\n|\n|t:|1733001339\n|move|p1a: Golem|Explosion||[still]\n|cant|p2a: Swampert|ability: Damp|Explosion|[of] p1a: Golem\n|move|p2a: Swampert|Earthquake|p1a: Golem\n|-supereffective|p1a: Golem\n|-damage|p1a: Golem|0 fnt\n|faint|p1a: Golem\n|\n|-heal|p2a: Swampert|227/302|[from] item: Leftovers\n|upkeep\n|-message|ConnorMarapa forfeited.\n|\n|win|Broci\n|raw|ConnorMarapa's rating: 1197 &rarr; <strong>1175</strong><br />(-22 for losing)\n|raw|Broci's rating: 1237 &rarr; <strong>1259</strong><br />(+22 for winning)\n|l|\u2606ConnorMarapa\n|player|p1|\n", "inputlog": ">version b107d77f5c90bd6555267ae244a6264823309ead\n>start {\"formatid\":\"gen9randombattle\",\"seed\":[4562,39912,37725,9552],\"rated\":\"Rated battle\"}\n>player p1 {\"name\":\"ConnorMarapa\",\"avatar\":\"ethan\",\"rating\":1197,\"seed\":[25352,55535,50559,24872]}\n>player p2 {\"name\":\"Broci\",\"avatar\":\"266\",\"rating\":1237,\"seed\":[46236,65287,27271,15279]}\n>p1 move tailglow\n>p2 move psystrike\n>p1 move surf\n>p2 move psystrike\n>p1 switch 2\n>p1 move earthquake\n>p2 move psystrike\n>p1 move earthquake\n>p2 switch 3\n>p1 switch 3\n>p2 move aquajet\n>p1 move liquidation\n>p2 move playrough\n>p1 switch 6\n>p2 move playrough\n>p1 move overdrive\n>p2 switch 2\n>p1 switch 4\n>p2 move knockoff\n>p1 move dragondance\n>p2 move icebeam\n>p1 switch 6\n>p1 move closecombat\n>p2 move earthquake\n>p1 switch 5\n>p1 move playrough\n>p2 move yawn\n>p1 switch 3\n>p2 move earthquake\n>p1 move explosion\n>p2 move earthquake\n>forcelose p1", "uploadtime": 1733001355, "views": 12, "formatid": "gen9randombattle", "rating": 1175, "private": 0, "password": null}