{"id": "gen9randombattle-2253983127", "format": "[Gen 9] Random Battle", "players": ["NatRules09", "Sil0e"], "log": "|j|\u2606NatRules09\n|j|\u2606Sil0e\n|t:|1732975529\n|gametype|singles\n|player|p1|NatRules09|102|1292\n|player|p2|Sil0e|youngn|1339\n|teamsize|p1|6\n|teamsize|p2|6\n|gen|9\n|tier|[Gen 9] Random Battle\n|rated|\n|rule|Species Clause: Limit one of each Pok\u00e9mon\n|rule|HP Percentage Mod: HP is shown in percentages\n|rule|Sleep Clause Mod: Limit one foe put to sleep\n|rule|Illusion Level Mod: Illusion disguises the Pok\u00e9mon's true level\n|\n|t:|1732975529\n|start\n|switch|p1a: Alcremie|Alcremie-Ruby-Swirl, L90, F|263/263\n|switch|p2a: Greninja|Greninja, L80, M|246/246\n|turn|1\n|inactive|Battle timer is ON: inactive players will automatically lose when time's up. (requested by Sil0e)\n|inactive|NatRules09 also wants the timer to be on.\n|\n|t:|1732975534\n|move|p2a: Greninja|U-turn|p1a: Alcremie\n|-start|p2a: Greninja|typechange|Bug|[from] ability: Protean\n|-resisted|p1a: Alcremie\n|-damage|p1a: Alcremie|229/263\n|\n|t:|1732975563\n|switch|p2a: Pecharunt|Pecharunt, L77|262/262|[from] U-turn\n|move|p1a: Alcremie|Calm Mind|p1a: Alcremie\n|-boost|p1a: Alcremie|spa|1\n|-boost|p1a: Alcremie|spd|1\n|\n|-heal|p1a: Alcremie|245/263|[from] item: Leftovers\n|upkeep\n|turn|2\n|\n|t:|1732975571\n|move|p2a: Pecharunt|Nasty Plot|p2a: Pecharunt\n|-boost|p2a: Pecharunt|spa|2\n|move|p1a: Alcremie|Alluring Voice|p2a: Pecharunt\n|-resisted|p2a: Pecharunt\n|-damage|p2a: Pecharunt|181/262\n|-start|p2a: Pecharunt|confusion\n|\n|-heal|p2a: Pecharunt|197/262|[from] item: Leftovers\n|-heal|p1a: Alcremie|261/263|[from] item: Leftovers\n|upkeep\n|turn|3\n|\n|t:|1732975585\n|-activate|p2a: Pecharunt|confusion\n|move|p2a: Pecharunt|Malignant Chain|p1a: Alcremie\n|-supereffective|p1a: Alcremie\n|-damage|p1a: Alcremie|93/263\n|move|p1a: Alcremie|Calm Mind|p1a: Alcremie\n|-boost|p1a: Alcremie|spa|1\n|-boost|p1a: Alcremie|spd|1\n|\n|-heal|p2a: Pecharunt|213/262|[from] item: Leftovers\n|-heal|p1a: Alcremie|109/263|[from] item: Leftovers\n|upkeep\n|turn|4\n|\n|t:|1732975590\n|-activate|p2a: Pecharunt|confusion\n|move|p2a: Pecharunt|Malignant Chain|p1a: Alcremie\n|-supereffective|p1a: Alcremie\n|-damage|p1a: Alcremie|0 fnt\n|faint|p1a: Alcremie\n|\n|-heal|p2a: Pecharunt|229/262|[from] item: Leftovers\n|upkeep\n|\n|t:|1732975595\n|switch|p1a: Sandaconda|Sandaconda, L84, F|258/258\n|turn|5\n|\n|t:|1732975602\n|switch|p2a: Chimecho|Chimecho, L94, M|293/293\n|move|p1a: Sandaconda|Coil|p1a: Sandaconda\n|-boost|p1a: Sandaconda|atk|1\n|-boost|p1a: Sandaconda|def|1\n|-boost|p1a: Sandaconda|accuracy|1\n|\n|upkeep\n|turn|6\n|\n|t:|1732975607\n|move|p2a: Chimecho|Cosmic Power|p2a: Chimecho\n|-boost|p2a: Chimecho|def|1\n|-boost|p2a: Chimecho|spd|1\n|move|p1a: Sandaconda|Scale Shot|p2a: Chimecho\n|-damage|p2a: Chimecho|273/293\n|-damage|p2a: Chimecho|254/293\n|-damage|p2a: Chimecho|235/293\n|-damage|p2a: Chimecho|217/293\n|-hitcount|p2a: Chimecho|4\n|-unboost|p1a: Sandaconda|def|1\n|-boost|p1a: Sandaconda|spe|1\n|\n|-heal|p2a: Chimecho|235/293|[from] item: Leftovers\n|upkeep\n|turn|7\n|\n|t:|1732975619\n|move|p1a: Sandaconda|Coil|p1a: Sandaconda\n|-boost|p1a: Sandaconda|atk|1\n|-boost|p1a: Sandaconda|def|1\n|-boost|p1a: Sandaconda|accuracy|1\n|move|p2a: Chimecho|Cosmic Power|p2a: Chimecho\n|-boost|p2a: Chimecho|def|1\n|-boost|p2a: Chimecho|spd|1\n|\n|-heal|p2a: Chimecho|253/293|[from] item: Leftovers\n|upkeep\n|turn|8\n|\n|t:|1732975632\n|move|p1a: Sandaconda|Coil|p1a: Sandaconda\n|-boost|p1a: Sandaconda|atk|1\n|-boost|p1a: Sandaconda|def|1\n|-boost|p1a: Sandaconda|accuracy|1\n|move|p2a: Chimecho|Cosmic Power|p2a: Chimecho\n|-boost|p2a: Chimecho|def|1\n|-boost|p2a: Chimecho|spd|1\n|\n|-heal|p2a: Chimecho|271/293|[from] item: Leftovers\n|upkeep\n|turn|9\n|\n|t:|1732975644\n|move|p1a: Sandaconda|Rock Blast|p2a: Chimecho\n|-damage|p2a: Chimecho|254/293\n|-crit|p2a: Chimecho\n|-damage|p2a: Chimecho|183/293\n|-damage|p2a: Chimecho|165/293\n|-damage|p2a: Chimecho|145/293\n|-hitcount|p2a: Chimecho|4\n|move|p2a: Chimecho|Cosmic Power|p2a: Chimecho\n|-boost|p2a: Chimecho|def|1\n|-boost|p2a: Chimecho|spd|1\n|\n|-heal|p2a: Chimecho|163/293|[from] item: Leftovers\n|upkeep\n|turn|10\n|\n|t:|1732975652\n|-terastallize|p1a: Sandaconda|Dragon\n|move|p1a: Sandaconda|Coil|p1a: Sandaconda\n|-boost|p1a: Sandaconda|atk|1\n|-boost|p1a: Sandaconda|def|1\n|-boost|p1a: Sandaconda|accuracy|1\n|move|p2a: Chimecho|Recover|p2a: Chimecho\n|-heal|p2a: Chimecho|293/293\n|\n|upkeep\n|turn|11\n|\n|t:|1732975669\n|move|p1a: Sandaconda|Coil|p1a: Sandaconda\n|-boost|p1a: Sandaconda|atk|1\n|-boost|p1a: Sandaconda|def|1\n|-boost|p1a: Sandaconda|accuracy|1\n|move|p2a: Chimecho|Cosmic Power|p2a: Chimecho\n|-boost|p2a: Chimecho|def|1\n|-boost|p2a: Chimecho|spd|1\n|\n|upkeep\n|turn|12\n|\n|t:|1732975674\n|move|p1a: Sandaconda|Coil|p1a: Sandaconda\n|-boost|p1a: Sandaconda|atk|1\n|-boost|p1a: Sandaconda|def|1\n|-boost|p1a: Sandaconda|accuracy|1\n|move|p2a: Chimecho|Cosmic Power|p2a: Chimecho\n|-boost|p2a: Chimecho|def|1\n|-boost|p2a: Chimecho|spd|1\n|\n|upkeep\n|turn|13\n|\n|t:|1732975677\n|move|p1a: Sandaconda|Scale Shot|p2a: Chimecho\n|-damage|p2a: Chimecho|265/293\n|-damage|p2a: Chimecho|238/293\n|-damage|p2a: Chimecho|210/293\n|-damage|p2a: Chimecho|183/293\n|-hitcount|p2a: Chimecho|4\n|-unboost|p1a: Sandaconda|def|1\n|-boost|p1a: Sandaconda|spe|1\n|move|p2a: Chimecho|Stored Power|p1a: Sandaconda\n|-damage|p1a: Sandaconda|0 fnt\n|faint|p1a: Sandaconda\n|\n|-heal|p2a: Chimecho|201/293|[from] item: Leftovers\n|upkeep\n|c|\u2606Sil0e|bet\n|\n|t:|1732975686\n|switch|p1a: Iron Crown|Iron Crown, L79|272/272\n|turn|14\n|\n|t:|1732975691\n|move|p1a: Iron Crown|Tachyon Cutter|p2a: Chimecho\n|-damage|p2a: Chimecho|180/293\n|-damage|p2a: Chimecho|161/293\n|-hitcount|p2a: Chimecho|2\n|move|p2a: Chimecho|Recover|p2a: Chimecho\n|-heal|p2a: Chimecho|293/293\n|\n|upkeep\n|turn|15\n|\n|t:|1732975694\n|move|p1a: Iron Crown|Tachyon Cutter|p2a: Chimecho\n|-damage|p2a: Chimecho|272/293\n|-damage|p2a: Chimecho|251/293\n|-hitcount|p2a: Chimecho|2\n|move|p2a: Chimecho|Stored Power|p1a: Iron Crown\n|-resisted|p1a: Iron Crown\n|-damage|p1a: Iron Crown|193/272\n|\n|-heal|p2a: Chimecho|269/293|[from] item: Leftovers\n|upkeep\n|turn|16\n|c|\u2606Sil0e|i winn\n|\n|t:|1732975699\n|move|p1a: Iron Crown|Tachyon Cutter|p2a: Chimecho\n|-damage|p2a: Chimecho|248/293\n|-damage|p2a: Chimecho|230/293\n|-hitcount|p2a: Chimecho|2\n|move|p2a: Chimecho|Stored Power|p1a: Iron Crown\n|-resisted|p1a: Iron Crown\n|-damage|p1a: Iron Crown|112/272\n|\n|-heal|p2a: Chimecho|248/293|[from] item: Leftovers\n|upkeep\n|turn|17\n|\n|t:|1732975705\n|move|p1a: Iron Crown|Tachyon Cutter|p2a: Chimecho\n|-damage|p2a: Chimecho|227/293\n|-crit|p2a: Chimecho\n|-damage|p2a: Chimecho|110/293\n|-hitcount|p2a: Chimecho|2\n|move|p2a: Chimecho|Stored Power|p1a: Iron Crown\n|-resisted|p1a: Iron Crown\n|-damage|p1a: Iron Crown|41/272\n|\n|-heal|p2a: Chimecho|128/293|[from] item: Leftovers\n|upkeep\n|turn|18\n|\n|t:|1732975711\n|move|p1a: Iron Crown|Tachyon Cutter|p2a: Chimecho\n|-damage|p2a: Chimecho|107/293\n|-damage|p2a: Chimecho|86/293\n|-hitcount|p2a: Chimecho|2\n|move|p2a: Chimecho|Stored Power|p1a: Iron Crown\n|-resisted|p1a: Iron Crown\n|-damage|p1a: Iron Crown|0 fnt\n|faint|p1a: Iron Crown\n|-end|p1a: Iron Crown|Quark Drive|[silent]\n|\n|-heal|p2a: Chimecho|104/293|[from] item: Leftovers\n|upkeep\n|\n|t:|1732975717\n|switch|p1a: Regieleki|Regieleki, L79|256/256\n|turn|19\n|\n|t:|1732975720\n|move|p1a: Regieleki|Explosion|p2a: Chimecho\n|-damage|p2a: Chimecho|63/293\n|faint|p1a: Regieleki\n|move|p2a: Chimecho|Recover|p2a: Chimecho\n|-heal|p2a: Chimecho|210/293\n|\n|-heal|p2a: Chimecho|228/293|[from] item: Leftovers\n|upkeep\n|\n|t:|1732975723\n|switch|p1a: Dondozo|Dondozo, L78, F|362/362\n|turn|20\n|\n|t:|1732975726\n|move|p2a: Chimecho|Stored Power|p1a: Dondozo\n|-damage|p1a: Dondozo|0 fnt\n|faint|p1a: Dondozo\n|\n|-heal|p2a: Chimecho|246/293|[from] item: Leftovers\n|upkeep\n|-message|NatRules09 forfeited.\n|\n|win|Sil0e\n|raw|NatRules09's rating: 1292 &rarr; <strong>1270</strong><br />(-22 for losing)\n|raw|Sil0e's rating: 1339 &rarr; <strong>1356</strong><br />(+17 for winning)\n|l|\u2606NatRules09\n|player|p1|\n", "inputlog": ">version b107d77f5c90bd6555267ae244a6264823309ead\n>start {\"formatid\":\"gen9randombattle\",\"seed\":[26236,50069,32989,62066],\"rated\":\"Rated battle\"}\n>player p1 {\"name\":\"NatRules09\",\"avatar\":\"102\",\"rating\":1292,\"seed\":[14490,63930,12175,4784]}\n>player p2 {\"name\":\"Sil0e\",\"avatar\":\"youngn\",\"rating\":1339,\"seed\":[14441,26665,53937,9115]}\n>p1 move calmmind\n>p2 move uturn\n>p2 switch 3\n>p1 move alluringvoice\n>p2 move nastyplot\n>p1 move calmmind\n>p2 move malignantchain\n>p1 move recover\n>p2 move malignantchain\n>p1 switch 2\n>p1 move coil\n>p2 switch 2\n>p1 move scaleshot\n>p2 move cosmicpower\n>p1 move coil\n>p2 move cosmicpower\n>p1 move coil\n>p2 move cosmicpower\n>p1 move rockblast\n>p2 move cosmicpower\n>p1 move coil terastallize\n>p2 move recover\n>p1 move coil\n>p2 move cosmicpower\n>p1 move coil\n>p2 move cosmicpower\n>p1 move scaleshot\n>p2 move storedpower\n>chat \u2606Sil0e|bet\n>p1 switch 6\n>p1 move tachyoncutter\n>p2 move recover\n>p1 move tachyoncutter\n>p2 move storedpower\n>chat \u2606Sil0e|i winn\n>p1 move tachyoncutter\n>p2 move storedpower\n>p1 move tachyoncutter\n>p2 move storedpower\n>p1 move tachyoncutter\n>p2 move storedpower\n>p1 switch 3\n>p1 move explosion\n>p2 move recover\n>p1 switch 4\n>p1 move rest\n>p2 move storedpower\n>forcelose p1", "uploadtime": 1732975730, "views": 1, "formatid": "gen9randombattle", "rating": 1270, "private": 0, "password": null}