{"id": "gen9randombattle-2253900368", "format": "[Gen 9] Random Battle", "players": ["fatgusgus", "Dousan"], "log": "|j|\u2606fatgusgus\n|j|\u2606Dousan\n|t:|1732959628\n|gametype|singles\n|player|p1|fatgusgus|101|\n|player|p2|Dousan|thorton|\n|teamsize|p1|6\n|teamsize|p2|6\n|gen|9\n|tier|[Gen 9] Random Battle\n|rule|Species Clause: Limit one of each Pok\u00e9mon\n|rule|HP Percentage Mod: HP is shown in percentages\n|rule|Sleep Clause Mod: Limit one foe put to sleep\n|rule|Illusion Level Mod: Illusion disguises the Pok\u00e9mon's true level\n|\n|t:|1732959628\n|start\n|switch|p1a: Decidueye|Decidueye, L88, F|281/281\n|switch|p2a: Glastrier|Glastrier, L86|311/311\n|turn|1\n|inactive|Battle timer is ON: inactive players will automatically lose when time's up. (requested by Dousan)\n|\n|t:|1732959677\n|switch|p1a: Snorlax|Snorlax, L82, M|397/397\n|move|p2a: Glastrier|Icicle Crash|p1a: Snorlax\n|-damage|p1a: Snorlax|264/397\n|\n|-heal|p1a: Snorlax|288/397|[from] item: Leftovers\n|upkeep\n|turn|2\n|\n|t:|1732959699\n|switch|p2a: Tauros|Tauros-Paldea-Combat, L82, M|257/257\n|-ability|p2a: Tauros|Intimidate|boost\n|-unboost|p1a: Snorlax|atk|1\n|move|p1a: Snorlax|Curse|p1a: Snorlax\n|-unboost|p1a: Snorlax|spe|1\n|-boost|p1a: Snorlax|atk|1\n|-boost|p1a: Snorlax|def|1\n|\n|-heal|p1a: Snorlax|312/397|[from] item: Leftovers\n|upkeep\n|turn|3\n|\n|t:|1732959716\n|-terastallize|p1a: Snorlax|Fairy\n|move|p2a: Tauros|Close Combat|p1a: Snorlax\n|-resisted|p1a: Snorlax\n|-damage|p1a: Snorlax|228/397\n|-unboost|p2a: Tauros|def|1\n|-unboost|p2a: Tauros|spd|1\n|move|p1a: Snorlax|Curse|p1a: Snorlax\n|-unboost|p1a: Snorlax|spe|1\n|-boost|p1a: Snorlax|atk|1\n|-boost|p1a: Snorlax|def|1\n|\n|-heal|p1a: Snorlax|252/397|[from] item: Leftovers\n|upkeep\n|turn|4\n|l|\u2606Dousan\n|inactive|Dousan disconnected and has 300 seconds to reconnect!\n|player|p2|\n|inactive|Dousan has 270 seconds to reconnect!\n|inactive|Dousan has 240 seconds to reconnect!\n|j|\u2606Dousan\n|inactive|Dousan reconnected and has 295 seconds left.\n|player|p2|Dousan|thorton|\n|c|\u2606Dousan|ok im back\n|inactive|Dousan has 270 seconds left.\n|\n|t:|1732959812\n|switch|p2a: Kingambit|Kingambit, L74, M|270/270\n|move|p1a: Snorlax|Body Slam|p2a: Kingambit\n|-resisted|p2a: Kingambit\n|-damage|p2a: Kingambit|205/270\n|\n|-heal|p2a: Kingambit|221/270|[from] item: Leftovers\n|-heal|p1a: Snorlax|276/397|[from] item: Leftovers\n|upkeep\n|turn|5\n|inactive|fatgusgus has 270 seconds left.\n|\n|t:|1732959851\n|move|p2a: Kingambit|Swords Dance|p2a: Kingambit\n|-boost|p2a: Kingambit|atk|2\n|move|p1a: Snorlax|Body Slam|p2a: Kingambit\n|-resisted|p2a: Kingambit\n|-damage|p2a: Kingambit|161/270\n|\n|-heal|p2a: Kingambit|177/270|[from] item: Leftovers\n|-heal|p1a: Snorlax|300/397|[from] item: Leftovers\n|upkeep\n|turn|6\n|\n|t:|1732959862\n|move|p2a: Kingambit|Iron Head|p1a: Snorlax\n|-supereffective|p1a: Snorlax\n|-damage|p1a: Snorlax|96/397\n|cant|p1a: Snorlax|flinch\n|\n|-heal|p2a: Kingambit|193/270|[from] item: Leftovers\n|-heal|p1a: Snorlax|120/397|[from] item: Leftovers\n|upkeep\n|turn|7\n|\n|t:|1732959870\n|move|p2a: Kingambit|Iron Head|p1a: Snorlax\n|-supereffective|p1a: Snorlax\n|-damage|p1a: Snorlax|0 fnt\n|faint|p1a: Snorlax\n|\n|-heal|p2a: Kingambit|209/270|[from] item: Leftovers\n|upkeep\n|\n|t:|1732959895\n|switch|p1a: Excadrill|Excadrill, L80, M|307/307\n|-ability|p1a: Excadrill|Mold Breaker\n|turn|8\n|inactive|Dousan has 270 seconds left.\n|\n|t:|1732959935\n|-terastallize|p2a: Kingambit|Flying\n|move|p1a: Excadrill|Earthquake|p2a: Kingambit\n|-immune|p2a: Kingambit\n|move|p2a: Kingambit|Kowtow Cleave|p1a: Excadrill\n|-damage|p1a: Excadrill|76/307\n|\n|-heal|p2a: Kingambit|225/270|[from] item: Leftovers\n|upkeep\n|turn|9\n|inactive|Dousan has 270 seconds left.\n|\n|t:|1732959946\n|move|p2a: Kingambit|Sucker Punch|p1a: Excadrill\n|-damage|p1a: Excadrill|0 fnt\n|faint|p1a: Excadrill\n|\n|-heal|p2a: Kingambit|241/270|[from] item: Leftovers\n|upkeep\n|inactive|fatgusgus has 240 seconds left.\n|\n|t:|1732959969\n|switch|p1a: Arbok|Arbok, L87, F|246/246\n|-ability|p1a: Arbok|Intimidate|boost\n|-unboost|p2a: Kingambit|atk|1\n|turn|10\n|inactive|fatgusgus has 240 seconds left.\n|inactive|Dousan has 270 seconds left.\n|\n|t:|1732959990\n|move|p1a: Arbok|Gunk Shot|p2a: Kingambit\n|-damage|p2a: Kingambit|80/270\n|-damage|p1a: Arbok|222/246|[from] item: Life Orb\n|move|p2a: Kingambit|Swords Dance|p2a: Kingambit\n|-boost|p2a: Kingambit|atk|2\n|\n|-heal|p2a: Kingambit|96/270|[from] item: Leftovers\n|upkeep\n|turn|11\n|\n|t:|1732960003\n|move|p2a: Kingambit|Sucker Punch||[still]\n|-fail|p2a: Kingambit\n|move|p1a: Arbok|Coil|p1a: Arbok\n|-boost|p1a: Arbok|atk|1\n|-boost|p1a: Arbok|def|1\n|-boost|p1a: Arbok|accuracy|1\n|\n|-heal|p2a: Kingambit|112/270|[from] item: Leftovers\n|upkeep\n|turn|12\n|\n|t:|1732960013\n|move|p1a: Arbok|Sucker Punch|p2a: Kingambit\n|-damage|p2a: Kingambit|16/270\n|-damage|p1a: Arbok|198/246|[from] item: Life Orb\n|move|p2a: Kingambit|Kowtow Cleave|p1a: Arbok\n|-damage|p1a: Arbok|14/246\n|\n|-heal|p2a: Kingambit|32/270|[from] item: Leftovers\n|upkeep\n|turn|13\n|inactive|fatgusgus has 240 seconds left.\n|\n|t:|1732960021\n|move|p1a: Arbok|Sucker Punch|p2a: Kingambit\n|-damage|p2a: Kingambit|0 fnt\n|faint|p2a: Kingambit\n|-end|p2a: Kingambit|fallenundefined|[silent]\n|-damage|p1a: Arbok|0 fnt|[from] item: Life Orb\n|faint|p1a: Arbok\n|\n|upkeep\n|\n|t:|1732960030\n|switch|p1a: Solgaleo|Solgaleo, L74|325/325\n|switch|p2a: Tauros|Tauros-Paldea-Combat, L82, M|257/257\n|-ability|p2a: Tauros|Intimidate|boost\n|-fail|p1a: Solgaleo|unboost|[from] ability: Full Metal Body|[of] p1a: Solgaleo\n|turn|14\n|inactive|fatgusgus has 240 seconds left.\n|\n|t:|1732960053\n|move|p2a: Tauros|Earthquake|p1a: Solgaleo\n|-supereffective|p1a: Solgaleo\n|-crit|p1a: Solgaleo\n|-damage|p1a: Solgaleo|0 fnt\n|faint|p1a: Solgaleo\n|\n|upkeep\n|\n|t:|1732960061\n|switch|p1a: Decidueye|Decidueye, L88, F|281/281\n|turn|15\n|\n|t:|1732960065\n|switch|p2a: Glastrier|Glastrier, L86|311/311\n|move|p1a: Decidueye|Knock Off|p2a: Glastrier\n|-damage|p2a: Glastrier|255/311\n|-enditem|p2a: Glastrier|Choice Band|[from] move: Knock Off|[of] p1a: Decidueye\n|\n|upkeep\n|turn|16\n|inactive|fatgusgus has 240 seconds left.\n|\n|t:|1732960101\n|switch|p1a: Pelipper|Pelipper, L86, M|243/243\n|-weather|RainDance|[from] ability: Drizzle|[of] p1a: Pelipper\n|move|p2a: Glastrier|Icicle Crash|p1a: Pelipper\n|-damage|p1a: Pelipper|134/243\n|\n|-weather|RainDance|[upkeep]\n|upkeep\n|turn|17\n|inactive|fatgusgus has 210 seconds left.\n|\n|t:|1732960134\n|move|p1a: Pelipper|Hurricane|p2a: Glastrier\n|-damage|p2a: Glastrier|99/311\n|-start|p2a: Glastrier|confusion\n|-activate|p2a: Glastrier|confusion\n|move|p2a: Glastrier|Heavy Slam|p1a: Pelipper\n|-resisted|p1a: Pelipper\n|-damage|p1a: Pelipper|78/243\n|\n|-weather|RainDance|[upkeep]\n|upkeep\n|turn|18\n|\n|t:|1732960145\n|switch|p2a: Zebstrika|Zebstrika, L87, F|272/272\n|move|p1a: Pelipper|Hurricane|p2a: Zebstrika\n|-resisted|p2a: Zebstrika\n|-crit|p2a: Zebstrika\n|-damage|p2a: Zebstrika|100/272\n|\n|-weather|RainDance|[upkeep]\n|upkeep\n|turn|19\n|inactive|fatgusgus has 210 seconds left.\n|\n|t:|1732960154\n|switch|p1a: Decidueye|Decidueye, L88, F|281/281\n|move|p2a: Zebstrika|Volt Switch|p1a: Decidueye\n|-resisted|p1a: Decidueye\n|-damage|p1a: Decidueye|243/281\n|-damage|p2a: Zebstrika|73/272|[from] item: Life Orb\n|\n|t:|1732960160\n|switch|p2a: Tauros|Tauros-Paldea-Combat, L82, M|257/257|[from] Volt Switch\n|-ability|p2a: Tauros|Intimidate|boost\n|-unboost|p1a: Decidueye|atk|1\n|\n|-weather|RainDance|[upkeep]\n|upkeep\n|turn|20\n|\n|t:|1732960171\n|move|p2a: Tauros|Throat Chop|p1a: Decidueye\n|-supereffective|p1a: Decidueye\n|-damage|p1a: Decidueye|45/281\n|-start|p1a: Decidueye|Throat Chop|[silent]\n|move|p1a: Decidueye|Spirit Shackle|p2a: Tauros\n|-damage|p2a: Tauros|197/257\n|-activate|p2a: Tauros|trapped\n|\n|-weather|none\n|upkeep\n|turn|21\n|\n|t:|1732960179\n|switch|p1a: Pelipper|Pelipper, L86, M|78/243\n|-weather|RainDance|[from] ability: Drizzle|[of] p1a: Pelipper\n|move|p2a: Tauros|Throat Chop|p1a: Pelipper\n|-damage|p1a: Pelipper|4/243\n|-start|p1a: Pelipper|Throat Chop|[silent]\n|\n|-weather|RainDance|[upkeep]\n|upkeep\n|turn|22\n|inactive|fatgusgus has 210 seconds left.\n|\n|t:|1732960199\n|move|p2a: Tauros|Throat Chop|p1a: Pelipper\n|-damage|p1a: Pelipper|0 fnt\n|faint|p1a: Pelipper\n|\n|-weather|RainDance|[upkeep]\n|upkeep\n|\n|t:|1732960204\n|switch|p1a: Decidueye|Decidueye, L88, F|45/281\n|turn|23\n|\n|t:|1732960208\n|move|p2a: Tauros|Throat Chop|p1a: Decidueye\n|-supereffective|p1a: Decidueye\n|-damage|p1a: Decidueye|0 fnt\n|faint|p1a: Decidueye\n|\n|win|Dousan\n", "inputlog": ">version b107d77f5c90bd6555267ae244a6264823309ead\n>start {\"formatid\":\"gen9randombattle\",\"seed\":[23220,21773,44822,37639]}\n>player p1 {\"name\":\"fatgusgus\",\"avatar\":\"101\",\"rating\":0,\"seed\":[19570,24550,20718,59572]}\n>player p2 {\"name\":\"Dousan\",\"avatar\":\"thorton\",\"rating\":0,\"seed\":[9317,57250,19175,61055]}\n>p1 switch 5\n>p2 move iciclecrash\n>p1 move curse\n>p2 switch 5\n>p1 move curse terastallize\n>p2 move closecombat\n>chat \u2606Dousan|ok im back\n>p1 move bodyslam\n>p2 switch 2\n>p1 move bodyslam\n>p2 move swordsdance\n>p1 move bodyslam\n>p2 move ironhead\n>p1 move rest\n>p2 move ironhead\n>p1 switch 3\n>p1 move earthquake\n>p2 move kowtowcleave terastallize\n>p1 move rockslide\n>p2 move suckerpunch\n>p1 switch 2\n>p1 move gunkshot\n>p2 move swordsdance\n>p1 move coil\n>p2 move suckerpunch\n>p1 move suckerpunch\n>p2 move kowtowcleave\n>p1 move suckerpunch\n>p2 move suckerpunch\n>p1 switch 4\n>p2 switch 2\n>p1 move closecombat\n>p2 move earthquake\n>p1 switch 5\n>p1 move knockoff\n>p2 switch 5\n>p1 switch 6\n>p2 move iciclecrash\n>p1 move hurricane\n>p2 move heavyslam\n>p1 move hurricane\n>p2 switch 6\n>p1 switch 6\n>p2 move voltswitch\n>p2 switch 5\n>p1 move spiritshackle\n>p2 move throatchop\n>p1 switch 6\n>p2 move throatchop\n>p1 move hydropump\n>p2 move throatchop\n>p1 switch 6\n>p1 move leafstorm\n>p2 move throatchop", "uploadtime": 1732960221, "views": 2, "formatid": "gen9randombattle", "rating": null, "private": 0, "password": null}