{"id": "gen9randombattle-2254108526", "format": "[Gen 9] Random Battle", "players": ["Just_n0w", "MrCrushCake456"], "log": "|j|\u2606Just_n0w\n|j|\u2606MrCrushCake456\n|t:|1732992269\n|gametype|singles\n|player|p1|Just_n0w|veteran|1175\n|player|p2|MrCrushCake456|102|1147\n|teamsize|p1|6\n|teamsize|p2|6\n|gen|9\n|tier|[Gen 9] Random Battle\n|rated|\n|rule|Species Clause: Limit one of each Pok\u00e9mon\n|rule|HP Percentage Mod: HP is shown in percentages\n|rule|Sleep Clause Mod: Limit one foe put to sleep\n|rule|Illusion Level Mod: Illusion disguises the Pok\u00e9mon's true level\n|\n|t:|1732992269\n|start\n|switch|p1a: Brute Bonnet|Brute Bonnet, L81|312/312\n|switch|p2a: Milotic|Milotic, L83, F|293/293\n|turn|1\n|inactive|Battle timer is ON: inactive players will automatically lose when time's up. (requested by Just_n0w)\n|\n|t:|1732992284\n|move|p2a: Milotic|Ice Beam|p1a: Brute Bonnet\n|-supereffective|p1a: Brute Bonnet\n|-damage|p1a: Brute Bonnet|198/312\n|move|p1a: Brute Bonnet|Spore|p2a: Milotic\n|-status|p2a: Milotic|slp|[from] move: Spore\n|\n|-heal|p1a: Brute Bonnet|217/312|[from] item: Leftovers\n|upkeep\n|turn|2\n|\n|t:|1732992293\n|cant|p2a: Milotic|slp\n|move|p1a: Brute Bonnet|Seed Bomb|p2a: Milotic\n|-supereffective|p2a: Milotic\n|-damage|p2a: Milotic|95/293 slp\n|\n|-heal|p2a: Milotic|113/293 slp|[from] item: Leftovers\n|-heal|p1a: Brute Bonnet|236/312|[from] item: Leftovers\n|upkeep\n|turn|3\n|\n|t:|1732992300\n|cant|p2a: Milotic|slp\n|move|p1a: Brute Bonnet|Seed Bomb|p2a: Milotic\n|-supereffective|p2a: Milotic\n|-damage|p2a: Milotic|0 fnt\n|faint|p2a: Milotic\n|\n|-heal|p1a: Brute Bonnet|255/312|[from] item: Leftovers\n|upkeep\n|\n|t:|1732992310\n|switch|p2a: Calyrex|Calyrex-Ice, L72|263/263\n|-ability|p2a: Calyrex|As One\n|-ability|p2a: Calyrex|Unnerve\n|turn|4\n|\n|t:|1732992316\n|move|p1a: Brute Bonnet|Spore|p2a: Calyrex\n|-status|p2a: Calyrex|slp|[from] move: Spore\n|cant|p2a: Calyrex|slp\n|\n|-heal|p1a: Brute Bonnet|274/312|[from] item: Leftovers\n|upkeep\n|turn|5\n|\n|t:|1732992323\n|move|p1a: Brute Bonnet|Close Combat|p2a: Calyrex\n|-damage|p2a: Calyrex|191/263 slp\n|-unboost|p1a: Brute Bonnet|def|1\n|-unboost|p1a: Brute Bonnet|spd|1\n|-curestatus|p2a: Calyrex|slp|[msg]\n|move|p2a: Calyrex|Agility|p2a: Calyrex\n|-boost|p2a: Calyrex|spe|2\n|\n|-heal|p1a: Brute Bonnet|293/312|[from] item: Leftovers\n|upkeep\n|turn|6\n|\n|t:|1732992333\n|move|p1a: Brute Bonnet|Sucker Punch|p2a: Calyrex\n|-supereffective|p2a: Calyrex\n|-damage|p2a: Calyrex|53/263\n|-enditem|p2a: Calyrex|Weakness Policy\n|-boost|p2a: Calyrex|atk|2|[from] item: Weakness Policy\n|-boost|p2a: Calyrex|spa|2|[from] item: Weakness Policy\n|move|p2a: Calyrex|Glacial Lance|p1a: Brute Bonnet\n|-supereffective|p1a: Brute Bonnet\n|-damage|p1a: Brute Bonnet|0 fnt\n|faint|p1a: Brute Bonnet\n|-end|p1a: Brute Bonnet|Protosynthesis|[silent]\n|-ability|p2a: Calyrex|Chilling Neigh|boost\n|-boost|p2a: Calyrex|atk|1\n|\n|upkeep\n|\n|t:|1732992352\n|switch|p1a: Deoxys|Deoxys, L74|196/196\n|-ability|p1a: Deoxys|Pressure\n|turn|7\n|\n|t:|1732992361\n|move|p1a: Deoxys|Knock Off|p2a: Calyrex\n|-supereffective|p2a: Calyrex\n|-damage|p2a: Calyrex|0 fnt\n|faint|p2a: Calyrex\n|-damage|p1a: Deoxys|177/196|[from] item: Life Orb\n|\n|upkeep\n|\n|t:|1732992369\n|switch|p2a: Overqwil|Overqwil, L82, F|274/274\n|-ability|p2a: Overqwil|Intimidate|boost\n|-unboost|p1a: Deoxys|atk|1\n|turn|8\n|\n|t:|1732992382\n|move|p1a: Deoxys|Knock Off|p2a: Overqwil\n|-resisted|p2a: Overqwil\n|-damage|p2a: Overqwil|242/274\n|-enditem|p2a: Overqwil|Loaded Dice|[from] move: Knock Off|[of] p1a: Deoxys\n|-damage|p1a: Deoxys|158/196|[from] item: Life Orb\n|move|p2a: Overqwil|Swords Dance|p2a: Overqwil\n|-boost|p2a: Overqwil|atk|2\n|\n|upkeep\n|turn|9\n|\n|t:|1732992393\n|move|p1a: Deoxys|Ice Beam|p2a: Overqwil\n|-damage|p2a: Overqwil|132/274\n|-damage|p1a: Deoxys|139/196|[from] item: Life Orb\n|move|p2a: Overqwil|Crunch|p1a: Deoxys\n|-supereffective|p1a: Deoxys\n|-damage|p1a: Deoxys|0 fnt\n|faint|p1a: Deoxys\n|\n|upkeep\n|\n|t:|1732992410\n|switch|p1a: Tatsugiri|Tatsugiri-Stretchy, L87, M|260/260\n|turn|10\n|\n|t:|1732992418\n|move|p1a: Tatsugiri|Draco Meteor|p2a: Overqwil\n|-damage|p2a: Overqwil|0 fnt\n|-unboost|p1a: Tatsugiri|spa|2\n|faint|p2a: Overqwil\n|\n|upkeep\n|\n|t:|1732992423\n|switch|p2a: Primarina|Primarina, L83, M|268/268\n|turn|11\n|\n|t:|1732992434\n|switch|p1a: Lapras|Lapras, L87, F|367/367\n|move|p2a: Primarina|Calm Mind|p2a: Primarina\n|-boost|p2a: Primarina|spa|1\n|-boost|p2a: Primarina|spd|1\n|\n|upkeep\n|turn|12\n|\n|t:|1732992450\n|move|p1a: Lapras|Freeze-Dry|p2a: Primarina\n|-supereffective|p2a: Primarina\n|-damage|p2a: Primarina|158/268\n|move|p2a: Primarina|Calm Mind|p2a: Primarina\n|-boost|p2a: Primarina|spa|1\n|-boost|p2a: Primarina|spd|1\n|\n|-heal|p2a: Primarina|174/268|[from] item: Leftovers\n|upkeep\n|turn|13\n|\n|t:|1732992457\n|move|p1a: Lapras|Freeze-Dry|p2a: Primarina\n|-supereffective|p2a: Primarina\n|-damage|p2a: Primarina|78/268\n|move|p2a: Primarina|Calm Mind|p2a: Primarina\n|-boost|p2a: Primarina|spa|1\n|-boost|p2a: Primarina|spd|1\n|\n|-heal|p2a: Primarina|94/268|[from] item: Leftovers\n|upkeep\n|turn|14\n|\n|t:|1732992464\n|move|p1a: Lapras|Freeze-Dry|p2a: Primarina\n|-supereffective|p2a: Primarina\n|-damage|p2a: Primarina|20/268\n|move|p2a: Primarina|Draining Kiss|p1a: Lapras\n|-damage|p1a: Lapras|223/367\n|-heal|p2a: Primarina|128/268|[from] drain|[of] p1a: Lapras\n|\n|-heal|p2a: Primarina|144/268|[from] item: Leftovers\n|upkeep\n|turn|15\n|\n|t:|1732992472\n|move|p1a: Lapras|Freeze-Dry|p2a: Primarina\n|-supereffective|p2a: Primarina\n|-damage|p2a: Primarina|72/268\n|-status|p2a: Primarina|frz\n|cant|p2a: Primarina|frz\n|\n|-heal|p2a: Primarina|88/268 frz|[from] item: Leftovers\n|upkeep\n|turn|16\n|c|\u2606MrCrushCake456|WHAT ARW THE CHANCES\n|c|\u2606MrCrushCake456|GO FUCKDHS YOURSLEF\n|\n|t:|1732992488\n|move|p1a: Lapras|Freeze-Dry|p2a: Primarina\n|-supereffective|p2a: Primarina\n|-damage|p2a: Primarina|22/268 frz\n|cant|p2a: Primarina|frz\n|\n|-heal|p2a: Primarina|38/268 frz|[from] item: Leftovers\n|upkeep\n|turn|17\n|c|\u2606Just_n0w|JJAAJAJAJAJAAJJAAJAJA\n|\n|t:|1732992514\n|move|p1a: Lapras|Freeze-Dry|p2a: Primarina\n|-supereffective|p2a: Primarina\n|-damage|p2a: Primarina|0 fnt\n|faint|p2a: Primarina\n|\n|upkeep\n|c|\u2606MrCrushCake456|SH IT THE FUCKC YTUPUP\n|n|\u203dMrCrushCake456|mrcrushcake456\n|c|~|/log MrCrushCake456 was locked from talking by Artemis. (\u2606MrCrushCake456: SH IT THE FUCKC YTUPUP)\n|c|~|/raw <small>This action was done automatically. Want to learn more about the AI? <a href=\"https://www.smogon.com/forums/threads/3570628/#post-9056769\">Visit the information thread</a>.</small>\n|\n|t:|1732992534\n|switch|p2a: Venusaur|Venusaur, L84, F|272/272\n|turn|18\n|\n|t:|1732992540\n|move|p2a: Venusaur|Knock Off|p1a: Lapras\n|-damage|p1a: Lapras|164/367\n|-enditem|p1a: Lapras|Choice Specs|[from] move: Knock Off|[of] p2a: Venusaur\n|move|p1a: Lapras|Freeze-Dry|p2a: Venusaur\n|-supereffective|p2a: Venusaur\n|-damage|p2a: Venusaur|138/272\n|\n|-heal|p2a: Venusaur|155/272|[from] item: Leftovers\n|upkeep\n|turn|19\n|\n|t:|1732992553\n|-terastallize|p2a: Venusaur|Dark\n|-terastallize|p1a: Lapras|Ice\n|move|p2a: Venusaur|Synthesis|p2a: Venusaur\n|-heal|p2a: Venusaur|272/272\n|move|p1a: Lapras|Ice Beam|p2a: Venusaur\n|-damage|p2a: Venusaur|156/272\n|\n|-heal|p2a: Venusaur|173/272|[from] item: Leftovers\n|upkeep\n|turn|20\n|\n|t:|1732992563\n|move|p2a: Venusaur|Sludge Bomb|p1a: Lapras\n|-damage|p1a: Lapras|82/367\n|-status|p1a: Lapras|psn\n|move|p1a: Lapras|Hydro Pump|p2a: Venusaur|[miss]\n|-miss|p1a: Lapras|p2a: Venusaur\n|\n|-heal|p2a: Venusaur|190/272|[from] item: Leftovers\n|-damage|p1a: Lapras|37/367 psn|[from] psn\n|upkeep\n|turn|21\n|\n|t:|1732992575\n|move|p2a: Venusaur|Synthesis|p2a: Venusaur\n|-heal|p2a: Venusaur|272/272\n|move|p1a: Lapras|Hydro Pump|p2a: Venusaur\n|-damage|p2a: Venusaur|176/272\n|\n|-heal|p2a: Venusaur|193/272|[from] item: Leftovers\n|-damage|p1a: Lapras|0 fnt|[from] psn\n|faint|p1a: Lapras\n|upkeep\n|\n|t:|1732992586\n|switch|p1a: Glalie|Glalie, L96, F|309/309\n|turn|22\n|\n|t:|1732992593\n|move|p1a: Glalie|Spikes|p2a: Venusaur\n|-sidestart|p2: MrCrushCake456|Spikes\n|move|p2a: Venusaur|Synthesis|p2a: Venusaur\n|-heal|p2a: Venusaur|272/272\n|\n|upkeep\n|turn|23\n|\n|t:|1732992598\n|move|p1a: Glalie|Spikes|p2a: Venusaur\n|-sidestart|p2: MrCrushCake456|Spikes\n|move|p2a: Venusaur|Knock Off|p1a: Glalie\n|-damage|p1a: Glalie|230/309\n|-enditem|p1a: Glalie|Heavy-Duty Boots|[from] move: Knock Off|[of] p2a: Venusaur\n|\n|upkeep\n|turn|24\n|\n|t:|1732992606\n|move|p1a: Glalie|Spikes|p2a: Venusaur\n|-sidestart|p2: MrCrushCake456|Spikes\n|move|p2a: Venusaur|Sludge Bomb|p1a: Glalie\n|-damage|p1a: Glalie|142/309\n|\n|upkeep\n|turn|25\n|\n|t:|1732992613\n|move|p1a: Glalie|Taunt|p2a: Venusaur\n|-start|p2a: Venusaur|move: Taunt\n|move|p2a: Venusaur|Sludge Bomb|p1a: Glalie\n|-damage|p1a: Glalie|46/309\n|\n|upkeep\n|turn|26\n|\n|t:|1732992620\n|move|p1a: Glalie|Earthquake|p2a: Venusaur\n|-damage|p2a: Venusaur|187/272\n|move|p2a: Venusaur|Sludge Bomb|p1a: Glalie\n|-damage|p1a: Glalie|0 fnt\n|faint|p1a: Glalie\n|\n|-heal|p2a: Venusaur|204/272|[from] item: Leftovers\n|upkeep\n|\n|t:|1732992627\n|switch|p1a: Salamence|Salamence, L77, M|273/273\n|turn|27\n|\n|t:|1732992633\n|move|p1a: Salamence|Dragon Dance|p1a: Salamence\n|-boost|p1a: Salamence|atk|1\n|-boost|p1a: Salamence|spe|1\n|move|p2a: Venusaur|Knock Off|p1a: Salamence\n|-damage|p1a: Salamence|174/273\n|-enditem|p1a: Salamence|Heavy-Duty Boots|[from] move: Knock Off|[of] p2a: Venusaur\n|\n|-heal|p2a: Venusaur|221/272|[from] item: Leftovers\n|-end|p2a: Venusaur|move: Taunt\n|upkeep\n|turn|28\n|\n|t:|1732992641\n|move|p1a: Salamence|Dragon Dance|p1a: Salamence\n|-boost|p1a: Salamence|atk|1\n|-boost|p1a: Salamence|spe|1\n|move|p2a: Venusaur|Sludge Bomb|p1a: Salamence\n|-damage|p1a: Salamence|54/273\n|-status|p1a: Salamence|psn\n|\n|-heal|p2a: Venusaur|238/272|[from] item: Leftovers\n|-damage|p1a: Salamence|20/273 psn|[from] psn\n|upkeep\n|turn|29\n|\n|t:|1732992650\n|move|p1a: Salamence|Outrage|p2a: Venusaur\n|-damage|p2a: Venusaur|0 fnt\n|faint|p2a: Venusaur\n|-ability|p1a: Salamence|Moxie|boost\n|-boost|p1a: Salamence|atk|1\n|\n|-damage|p1a: Salamence|0 fnt|[from] psn\n|faint|p1a: Salamence\n|upkeep\n|\n|t:|1732992658\n|switch|p1a: Tatsugiri|Tatsugiri-Stretchy, L87, M|260/260\n|switch|p2a: Tropius|Tropius, L91, F|328/328\n|turn|30\n|\n|t:|1732992667\n|move|p1a: Tatsugiri|Nasty Plot|p1a: Tatsugiri\n|-boost|p1a: Tatsugiri|spa|2\n|move|p2a: Tropius|Leech Seed|p1a: Tatsugiri\n|-start|p1a: Tatsugiri|move: Leech Seed\n|\n|-damage|p1a: Tatsugiri|228/260|[from] Leech Seed|[of] p2a: Tropius\n|upkeep\n|turn|31\n|\n|t:|1732992676\n|move|p2a: Tropius|Protect|p2a: Tropius\n|-singleturn|p2a: Tropius|Protect\n|move|p1a: Tatsugiri|Draco Meteor|p2a: Tropius\n|-activate|p2a: Tropius|move: Protect\n|\n|-damage|p1a: Tatsugiri|196/260|[from] Leech Seed|[of] p2a: Tropius\n|upkeep\n|turn|32\n|\n|t:|1732992683\n|move|p1a: Tatsugiri|Draco Meteor|p2a: Tropius\n|-damage|p2a: Tropius|27/328\n|-unboost|p1a: Tatsugiri|spa|2\n|-enditem|p2a: Tropius|Sitrus Berry|[eat]\n|-heal|p2a: Tropius|109/328|[from] item: Sitrus Berry\n|move|p2a: Tropius|Substitute|p2a: Tropius\n|-start|p2a: Tropius|Substitute\n|-damage|p2a: Tropius|27/328\n|\n|-damage|p1a: Tatsugiri|164/260|[from] Leech Seed|[of] p2a: Tropius\n|-heal|p2a: Tropius|59/328|[silent]\n|upkeep\n|turn|33\n|\n|t:|1732992694\n|move|p2a: Tropius|Protect|p2a: Tropius\n|-singleturn|p2a: Tropius|Protect\n|move|p1a: Tatsugiri|Nasty Plot|p1a: Tatsugiri\n|-boost|p1a: Tatsugiri|spa|2\n|\n|-damage|p1a: Tatsugiri|132/260|[from] Leech Seed|[of] p2a: Tropius\n|-heal|p2a: Tropius|91/328|[silent]\n|upkeep\n|turn|34\n|\n|t:|1732992702\n|move|p1a: Tatsugiri|Surf|p2a: Tropius\n|-resisted|p2a: Tropius\n|-end|p2a: Tropius|Substitute\n|move|p2a: Tropius|Substitute|p2a: Tropius\n|-start|p2a: Tropius|Substitute\n|-damage|p2a: Tropius|9/328\n|\n|-damage|p1a: Tatsugiri|100/260|[from] Leech Seed|[of] p2a: Tropius\n|-heal|p2a: Tropius|41/328|[silent]\n|-item|p2a: Tropius|Sitrus Berry|[from] ability: Harvest\n|upkeep\n|-enditem|p2a: Tropius|Sitrus Berry|[eat]\n|-heal|p2a: Tropius|123/328|[from] item: Sitrus Berry\n|turn|35\n|c|\u2606Just_n0w|You are a fucking rat xD\n|\n|t:|1732992724\n|move|p2a: Tropius|Protect|p2a: Tropius\n|-singleturn|p2a: Tropius|Protect\n|move|p1a: Tatsugiri|Surf|p2a: Tropius\n|-activate|p2a: Tropius|move: Protect\n|\n|-damage|p1a: Tatsugiri|68/260|[from] Leech Seed|[of] p2a: Tropius\n|-heal|p2a: Tropius|155/328|[silent]\n|upkeep\n|turn|36\n|\n|t:|1732992731\n|move|p1a: Tatsugiri|Surf|p2a: Tropius\n|-resisted|p2a: Tropius\n|-end|p2a: Tropius|Substitute\n|move|p2a: Tropius|Substitute|p2a: Tropius\n|-start|p2a: Tropius|Substitute\n|-damage|p2a: Tropius|73/328\n|\n|-damage|p1a: Tatsugiri|36/260|[from] Leech Seed|[of] p2a: Tropius\n|-heal|p2a: Tropius|105/328|[silent]\n|-item|p2a: Tropius|Sitrus Berry|[from] ability: Harvest\n|upkeep\n|-enditem|p2a: Tropius|Sitrus Berry|[eat]\n|-heal|p2a: Tropius|187/328|[from] item: Sitrus Berry\n|turn|37\n|-message|Just_n0w forfeited.\n|\n|win|MrCrushCake456\n", "inputlog": ">version b107d77f5c90bd6555267ae244a6264823309ead\n>start {\"formatid\":\"gen9randombattle\",\"seed\":[392,58857,38853,28875],\"rated\":\"Rated battle\"}\n>player p1 {\"name\":\"Just_n0w\",\"avatar\":\"veteran\",\"rating\":1175,\"seed\":[57890,10540,64320,25251]}\n>player p2 {\"name\":\"MrCrushCake456\",\"avatar\":\"102\",\"rating\":1147,\"seed\":[17846,32619,5068,42953]}\n>p1 move spore\n>p2 move icebeam\n>p1 move seedbomb\n>p2 move recover\n>p1 move seedbomb\n>p2 move recover\n>p2 switch 6\n>p1 move spore\n>p2 move agility\n>p1 move closecombat\n>p2 move agility\n>p1 move suckerpunch\n>p2 move glaciallance\n>p1 switch 2\n>p1 move knockoff\n>p2 move agility\n>p2 switch 5\n>p1 move knockoff\n>p2 move swordsdance\n>p1 move icebeam\n>p2 move crunch\n>p1 switch 3\n>p1 move dracometeor\n>p2 move scaleshot\n>p2 switch 4\n>p1 switch 4\n>p2 move calmmind\n>p1 move freezedry\n>p2 move calmmind\n>p1 move freezedry\n>p2 move calmmind\n>p1 move freezedry\n>p2 move drainingkiss\n>p1 move freezedry\n>p2 move calmmind\n>chat \u2606MrCrushCake456|WHAT ARW THE CHANCES\n>chat \u2606MrCrushCake456|GO FUCKDHS YOURSLEF\n>p1 move freezedry\n>p2 move drainingkiss\n>chat \u2606Just_n0w|JJAAJAJAJAJAAJJAAJAJA\n>p1 move freezedry\n>p2 move drainingkiss\n>chat \u2606MrCrushCake456|SH IT THE FUCKC YTUPUP\n>p2 switch 3\n>p1 move freezedry\n>p2 move knockoff\n>p1 move icebeam terastallize\n>p2 move synthesis terastallize\n>p1 move hydropump\n>p2 move sludgebomb\n>p1 move hydropump\n>p2 move synthesis\n>p1 switch 5\n>p1 move spikes\n>p2 move synthesis\n>p1 move spikes\n>p2 move knockoff\n>p1 move spikes\n>p2 move sludgebomb\n>p1 move taunt\n>p2 move sludgebomb\n>p1 move earthquake\n>p2 move sludgebomb\n>p1 switch 6\n>p1 move dragondance\n>p2 move knockoff\n>p1 move dragondance\n>p2 move sludgebomb\n>p1 move outrage\n>p2 move synthesis\n>p1 switch 4\n>p2 switch 2\n>p1 move nastyplot\n>p2 move leechseed\n>p1 move dracometeor\n>p2 move protect\n>p1 move dracometeor\n>p2 move substitute\n>p1 move nastyplot\n>p2 move protect\n>p1 move surf\n>p2 move substitute\n>chat \u2606Just_n0w|You are a fucking rat xD\n>p1 move surf\n>p2 move protect\n>p1 move surf\n>p2 move substitute\n>forcelose p1", "uploadtime": 1732992485, "views": 1, "formatid": "gen9randombattle", "rating": null, "private": 0, "password": null}