{"id": "gen9randombattle-2254065644", "format": "[Gen 9] Random Battle", "players": ["Zphoenixreborn", "elfo.101"], "log": "|j|\u2606Zphoenixreborn\n|j|\u2606elfo.101\n|t:|1732986942\n|gametype|singles\n|player|p1|Zphoenixreborn|scientistf|1315\n|player|p2|elfo.101|ninjaboy|1367\n|teamsize|p1|6\n|teamsize|p2|6\n|gen|9\n|tier|[Gen 9] Random Battle\n|rated|\n|rule|Species Clause: Limit one of each Pok\u00e9mon\n|rule|HP Percentage Mod: HP is shown in percentages\n|rule|Sleep Clause Mod: Limit one foe put to sleep\n|rule|Illusion Level Mod: Illusion disguises the Pok\u00e9mon's true level\n|\n|t:|1732986942\n|start\n|switch|p1a: Volcarona|Volcarona, L77, M|257/257\n|switch|p2a: Deoxys|Deoxys, L74|196/196\n|-ability|p2a: Deoxys|Pressure\n|turn|1\n|inactive|Battle timer is ON: inactive players will automatically lose when time's up. (requested by Zphoenixreborn)\n|inactive|elfo.101 also wants the timer to be on.\n|inactive|elfo.101 has 120 seconds left.\n|\n|t:|1732986975\n|switch|p2a: Flygon|Flygon, L82, M|265/265\n|move|p1a: Volcarona|Bug Buzz|p2a: Flygon\n|-damage|p2a: Flygon|148/265\n|\n|upkeep\n|turn|2\n|\n|t:|1732986995\n|switch|p1a: Minior|Minior, L79, shiny|224/224\n|-formechange|p1a: Minior|Minior-Meteor||[from] ability: Shields Down\n|move|p2a: Flygon|Earthquake|p1a: Minior\n|-immune|p1a: Minior\n|\n|upkeep\n|turn|3\n|\n|t:|1732987022\n|move|p2a: Flygon|Stone Edge|p1a: Minior\n|-supereffective|p1a: Minior\n|-damage|p1a: Minior|96/224\n|move|p1a: Minior|Shell Smash|p1a: Minior\n|-unboost|p1a: Minior|def|1\n|-unboost|p1a: Minior|spd|1\n|-boost|p1a: Minior|atk|2\n|-boost|p1a: Minior|spa|2\n|-boost|p1a: Minior|spe|2\n|-enditem|p1a: Minior|White Herb\n|-clearnegativeboost|p1a: Minior|[silent]\n|\n|-formechange|p1a: Minior|Minior||[from] ability: Shields Down\n|upkeep\n|turn|4\n|\n|t:|1732987045\n|move|p1a: Minior|Acrobatics|p2a: Flygon\n|-damage|p2a: Flygon|0 fnt\n|faint|p2a: Flygon\n|\n|upkeep\n|inactive|elfo.101 has 120 seconds left.\n|\n|t:|1732987084\n|switch|p2a: Deoxys|Deoxys, L74|196/196\n|-ability|p2a: Deoxys|Pressure\n|turn|5\n|\n|t:|1732987102\n|move|p1a: Minior|Acrobatics|p2a: Deoxys\n|-damage|p2a: Deoxys|0 fnt\n|faint|p2a: Deoxys\n|\n|upkeep\n|\n|t:|1732987112\n|switch|p2a: Ninetales|Ninetales-Alola, L78, F|242/242\n|-weather|Snow|[from] ability: Snow Warning|[of] p2a: Ninetales\n|turn|6\n|\n|t:|1732987122\n|-terastallize|p2a: Ninetales|Steel\n|move|p1a: Minior|Power Gem|p2a: Ninetales\n|-resisted|p2a: Ninetales\n|-damage|p2a: Ninetales|167/242\n|move|p2a: Ninetales|Aurora Veil|p2a: Ninetales\n|-sidestart|p2: elfo.101|move: Aurora Veil\n|\n|-weather|Snow|[upkeep]\n|upkeep\n|turn|7\n|\n|t:|1732987135\n|move|p1a: Minior|Earthquake|p2a: Ninetales\n|-supereffective|p2a: Ninetales\n|-damage|p2a: Ninetales|11/242\n|move|p2a: Ninetales|Moonblast|p1a: Minior\n|-damage|p1a: Minior|0 fnt\n|faint|p1a: Minior\n|\n|-weather|Snow|[upkeep]\n|upkeep\n|\n|t:|1732987156\n|switch|p1a: Keldeo|Keldeo-Resolute, L79|273/273\n|turn|8\n|\n|t:|1732987164\n|switch|p2a: Uxie|Uxie, L83|260/260\n|move|p1a: Keldeo|Vacuum Wave|p2a: Uxie\n|-resisted|p2a: Uxie\n|-damage|p2a: Uxie|248/260\n|\n|-weather|Snow|[upkeep]\n|-heal|p2a: Uxie|260/260|[from] item: Leftovers\n|upkeep\n|turn|9\n|\n|t:|1732987189\n|switch|p1a: Brambleghast|Brambleghast, L88, F|240/240\n|move|p2a: Uxie|Knock Off|p1a: Brambleghast\n|-supereffective|p1a: Brambleghast\n|-damage|p1a: Brambleghast|110/240\n|-enditem|p1a: Brambleghast|Heavy-Duty Boots|[from] move: Knock Off|[of] p2a: Uxie\n|\n|-weather|Snow|[upkeep]\n|upkeep\n|turn|10\n|\n|t:|1732987209\n|move|p1a: Brambleghast|Strength Sap|p2a: Uxie\n|-unboost|p2a: Uxie|atk|1\n|-heal|p1a: Brambleghast|240/240\n|move|p2a: Uxie|Knock Off|p1a: Brambleghast\n|-supereffective|p1a: Brambleghast\n|-damage|p1a: Brambleghast|184/240\n|\n|-weather|none\n|upkeep\n|turn|11\n|\n|t:|1732987221\n|switch|p2a: Ninetales|Ninetales-Alola, L78, F, tera:Steel|11/242\n|-weather|Snow|[from] ability: Snow Warning|[of] p2a: Ninetales\n|move|p1a: Brambleghast|Poltergeist|p2a: Ninetales\n|-activate|p2a: Ninetales|move: Poltergeist|Light Clay\n|-damage|p2a: Ninetales|0 fnt\n|faint|p2a: Ninetales\n|\n|-weather|Snow|[upkeep]\n|upkeep\n|inactive|elfo.101 has 90 seconds left.\n|\n|t:|1732987233\n|switch|p2a: Skeledirge|Skeledirge, L79, M|294/294\n|turn|12\n|inactive|elfo.101 has 90 seconds left.\n|\n|t:|1732987251\n|move|p1a: Brambleghast|Poltergeist|p2a: Skeledirge\n|-activate|p2a: Skeledirge|move: Poltergeist|Heavy-Duty Boots\n|-supereffective|p2a: Skeledirge\n|-damage|p2a: Skeledirge|147/294\n|move|p2a: Skeledirge|Torch Song|p1a: Brambleghast\n|-supereffective|p1a: Brambleghast\n|-damage|p1a: Brambleghast|0 fnt\n|-boost|p2a: Skeledirge|spa|1\n|faint|p1a: Brambleghast\n|\n|-weather|Snow|[upkeep]\n|upkeep\n|inactive|Zphoenixreborn has 120 seconds left.\n|\n|t:|1732987271\n|switch|p1a: Girafarig|Girafarig, L89, M|269/269\n|turn|13\n|\n|t:|1732987279\n|move|p1a: Girafarig|Shadow Ball|p2a: Skeledirge\n|-supereffective|p2a: Skeledirge\n|-damage|p2a: Skeledirge|75/294\n|move|p2a: Skeledirge|Slack Off|p2a: Skeledirge\n|-heal|p2a: Skeledirge|222/294\n|\n|-weather|Snow|[upkeep]\n|-sideend|p2: elfo.101|move: Aurora Veil\n|upkeep\n|turn|14\n|\n|t:|1732987289\n|move|p1a: Girafarig|Nasty Plot|p1a: Girafarig\n|-boost|p1a: Girafarig|spa|2\n|move|p2a: Skeledirge|Shadow Ball|p1a: Girafarig\n|-immune|p1a: Girafarig\n|\n|-weather|Snow|[upkeep]\n|upkeep\n|turn|15\n|\n|t:|1732987302\n|switch|p2a: Uxie|Uxie, L83|260/260\n|move|p1a: Girafarig|Shadow Ball|p2a: Uxie\n|-supereffective|p2a: Uxie\n|-damage|p2a: Uxie|98/260\n|\n|-weather|none\n|-heal|p2a: Uxie|114/260|[from] item: Leftovers\n|upkeep\n|turn|16\n|inactive|elfo.101 has 90 seconds left.\n|\n|t:|1732987317\n|move|p2a: Uxie|Knock Off|p1a: Girafarig\n|-supereffective|p1a: Girafarig\n|-damage|p1a: Girafarig|183/269\n|-enditem|p1a: Girafarig|Eviolite|[from] move: Knock Off|[of] p2a: Uxie\n|move|p1a: Girafarig|Shadow Ball|p2a: Uxie\n|-supereffective|p2a: Uxie\n|-damage|p2a: Uxie|0 fnt\n|faint|p2a: Uxie\n|\n|upkeep\n|inactive|elfo.101 has 90 seconds left.\n|\n|t:|1732987329\n|switch|p2a: Arceus|Arceus-Dragon, L71|288/288\n|turn|17\n|inactive|elfo.101 has 90 seconds left.\n|\n|t:|1732987338\n|move|p2a: Arceus|Calm Mind|p2a: Arceus\n|-boost|p2a: Arceus|spa|1\n|-boost|p2a: Arceus|spd|1\n|move|p1a: Girafarig|Thunderbolt|p2a: Arceus\n|-resisted|p2a: Arceus\n|-damage|p2a: Arceus|246/288\n|\n|upkeep\n|turn|18\n|\n|t:|1732987346\n|move|p2a: Arceus|Calm Mind|p2a: Arceus\n|-boost|p2a: Arceus|spa|1\n|-boost|p2a: Arceus|spd|1\n|move|p1a: Girafarig|Thunderbolt|p2a: Arceus\n|-resisted|p2a: Arceus\n|-damage|p2a: Arceus|212/288\n|\n|upkeep\n|turn|19\n|\n|t:|1732987358\n|move|p2a: Arceus|Judgment|p1a: Girafarig\n|-damage|p1a: Girafarig|0 fnt\n|faint|p1a: Girafarig\n|\n|upkeep\n|\n|t:|1732987375\n|switch|p1a: Volcarona|Volcarona, L77, M|257/257\n|turn|20\n|\n|t:|1732987382\n|move|p2a: Arceus|Judgment|p1a: Volcarona\n|-damage|p1a: Volcarona|37/257\n|move|p1a: Volcarona|Quiver Dance|p1a: Volcarona\n|-boost|p1a: Volcarona|spa|1\n|-boost|p1a: Volcarona|spd|1\n|-boost|p1a: Volcarona|spe|1\n|\n|upkeep\n|turn|21\n|\n|t:|1732987396\n|move|p1a: Volcarona|Bug Buzz|p2a: Arceus\n|-damage|p2a: Arceus|137/288\n|move|p2a: Arceus|Judgment|p1a: Volcarona\n|-damage|p1a: Volcarona|0 fnt\n|faint|p1a: Volcarona\n|\n|upkeep\n|inactive|Zphoenixreborn has 120 seconds left.\n|\n|t:|1732987423\n|switch|p1a: Espathra|Espathra, L80, F|283/283\n|turn|22\n|inactive|elfo.101 has 120 seconds left.\n|\n|t:|1732987440\n|-terastallize|p1a: Espathra|Fairy\n|move|p1a: Espathra|Dazzling Gleam|p2a: Arceus\n|-supereffective|p2a: Arceus\n|-damage|p2a: Arceus|59/288\n|move|p2a: Arceus|Fire Blast|p1a: Espathra\n|-damage|p1a: Espathra|86/283\n|\n|-heal|p1a: Espathra|103/283|[from] item: Leftovers\n|-ability|p1a: Espathra|Speed Boost|boost\n|-boost|p1a: Espathra|spe|1\n|upkeep\n|turn|23\n|inactive|elfo.101 has 120 seconds left.\n|\n|t:|1732987470\n|move|p1a: Espathra|Dazzling Gleam|p2a: Arceus\n|-supereffective|p2a: Arceus\n|-damage|p2a: Arceus|0 fnt\n|faint|p2a: Arceus\n|\n|-heal|p1a: Espathra|120/283|[from] item: Leftovers\n|-ability|p1a: Espathra|Speed Boost|boost\n|-boost|p1a: Espathra|spe|1\n|upkeep\n|\n|t:|1732987478\n|switch|p2a: Skeledirge|Skeledirge, L79, M|222/294\n|turn|24\n|\n|t:|1732987489\n|move|p1a: Espathra|Dazzling Gleam|p2a: Skeledirge\n|-resisted|p2a: Skeledirge\n|-damage|p2a: Skeledirge|175/294\n|move|p2a: Skeledirge|Flame Charge|p1a: Espathra\n|-damage|p1a: Espathra|68/283\n|-boost|p2a: Skeledirge|spe|1\n|\n|-heal|p1a: Espathra|85/283|[from] item: Leftovers\n|-ability|p1a: Espathra|Speed Boost|boost\n|-boost|p1a: Espathra|spe|1\n|upkeep\n|turn|25\n|\n|t:|1732987503\n|move|p1a: Espathra|Roost|p1a: Espathra\n|-heal|p1a: Espathra|227/283\n|move|p2a: Skeledirge|Torch Song|p1a: Espathra\n|-damage|p1a: Espathra|110/283\n|-boost|p2a: Skeledirge|spa|1\n|\n|-heal|p1a: Espathra|127/283|[from] item: Leftovers\n|-ability|p1a: Espathra|Speed Boost|boost\n|-boost|p1a: Espathra|spe|1\n|upkeep\n|turn|26\n|\n|t:|1732987516\n|move|p1a: Espathra|Dazzling Gleam|p2a: Skeledirge\n|-resisted|p2a: Skeledirge\n|-damage|p2a: Skeledirge|127/294\n|move|p2a: Skeledirge|Torch Song|p1a: Espathra\n|-damage|p1a: Espathra|0 fnt\n|-boost|p2a: Skeledirge|spa|1\n|faint|p1a: Espathra\n|\n|upkeep\n|\n|t:|1732987525\n|switch|p1a: Keldeo|Keldeo-Resolute, L79|273/273\n|turn|27\n|\n|t:|1732987536\n|move|p2a: Skeledirge|Slack Off|p2a: Skeledirge\n|-heal|p2a: Skeledirge|274/294\n|move|p1a: Keldeo|Hydro Pump|p2a: Skeledirge\n|-supereffective|p2a: Skeledirge\n|-crit|p2a: Skeledirge\n|-damage|p2a: Skeledirge|0 fnt\n|faint|p2a: Skeledirge\n|\n|win|Zphoenixreborn\n|raw|Zphoenixreborn's rating: 1315 &rarr; <strong>1338</strong><br />(+23 for winning)\n|raw|elfo.101's rating: 1367 &rarr; <strong>1344</strong><br />(-23 for losing)\n|l|\u2606elfo.101\n|player|p2|\n", "inputlog": ">version b107d77f5c90bd6555267ae244a6264823309ead\n>start {\"formatid\":\"gen9randombattle\",\"seed\":[34272,43995,307,3206],\"rated\":\"Rated battle\"}\n>player p1 {\"name\":\"Zphoenixreborn\",\"avatar\":\"scientistf\",\"rating\":1315,\"seed\":[19737,23238,47481,36182]}\n>player p2 {\"name\":\"elfo.101\",\"avatar\":\"ninjaboy\",\"rating\":1367,\"seed\":[19661,33674,10344,36148]}\n>p1 move bugbuzz\n>p2 switch 5\n>p1 switch 6\n>p2 move earthquake\n>p1 move shellsmash\n>p2 move stoneedge\n>p1 move acrobatics\n>p2 move stoneedge\n>p2 switch 5\n>p1 move acrobatics\n>p2 move icebeam\n>p2 switch 4\n>p1 move powergem\n>p2 move auroraveil terastallize\n>p1 move earthquake\n>p2 move moonblast\n>p1 switch 3\n>p1 move vacuumwave\n>p2 switch 3\n>p1 switch 2\n>p2 move knockoff\n>p1 move strengthsap\n>p2 move knockoff\n>p1 move poltergeist\n>p2 switch 3\n>p2 switch 2\n>p1 move poltergeist\n>p2 move torchsong\n>p1 switch 4\n>p1 move shadowball\n>p2 move slackoff\n>p1 move nastyplot\n>p2 move shadowball\n>p1 move shadowball\n>p2 switch 3\n>p1 move shadowball\n>p2 move knockoff\n>p2 switch 6\n>p1 move thunderbolt\n>p2 move calmmind\n>p1 move thunderbolt\n>p2 move calmmind\n>p1 move psychic\n>p2 move judgment\n>p1 switch 6\n>p1 move quiverdance\n>p2 move judgment\n>p1 move bugbuzz\n>p2 move judgment\n>p1 switch 5\n>p1 move dazzlinggleam terastallize\n>p2 move fireblast\n>p1 move dazzlinggleam\n>p2 move recover\n>p2 switch 3\n>p1 move dazzlinggleam\n>p2 move flamecharge\n>p1 move roost\n>p2 move torchsong\n>p1 move dazzlinggleam\n>p2 move torchsong\n>p1 switch 2\n>p1 move hydropump\n>p2 move slackoff", "uploadtime": 1732987550, "views": 1, "formatid": "gen9randombattle", "rating": 1338, "private": 0, "password": null}