{"id": "gen9randombattle-2253996916", "format": "[Gen 9] Random Battle", "players": ["34qt3ij9j034qt", "AminitraboTTT"], "log": "|j|\u260634qt3ij9j034qt\n|j|\u2606AminitraboTTT\n|t:|1732977628\n|gametype|singles\n|player|p1|34qt3ij9j034qt|1|\n|player|p2|AminitraboTTT|supernerd|\n|teamsize|p1|6\n|teamsize|p2|6\n|gen|9\n|tier|[Gen 9] Random Battle\n|rule|Species Clause: Limit one of each Pok\u00e9mon\n|rule|HP Percentage Mod: HP is shown in percentages\n|rule|Sleep Clause Mod: Limit one foe put to sleep\n|rule|Illusion Level Mod: Illusion disguises the Pok\u00e9mon's true level\n|\n|t:|1732977628\n|start\n|switch|p1a: Minun|Minun, L95, F|268/268\n|switch|p2a: Sceptile|Sceptile, L87, M|264/264\n|turn|1\n|c|\u2606AminitraboTTT|Hola, soy AminitraboTTT, el bot de la sala Espa\u00f1ol. gl hf\n|inactive|Battle timer is ON: inactive players will automatically lose when time's up. (requested by AminitraboTTT)\n|inactive|34qt3ij9j034qt also wants the timer to be on.\n|\n|t:|1732977639\n|switch|p2a: Swampert|Swampert, L83, M|302/302\n|move|p1a: Minun|Alluring Voice|p2a: Swampert\n|-crit|p2a: Swampert\n|-damage|p2a: Swampert|184/302\n|-damage|p1a: Minun|242/268|[from] item: Life Orb\n|\n|-heal|p2a: Swampert|202/302|[from] item: Leftovers\n|upkeep\n|turn|2\n|\n|t:|1732977642\n|switch|p1a: Iron Bundle|Iron Bundle, L77|213/213\n|move|p2a: Swampert|Earthquake|p1a: Iron Bundle\n|-damage|p1a: Iron Bundle|101/213\n|\n|-heal|p2a: Swampert|220/302|[from] item: Leftovers\n|upkeep\n|turn|3\n|\n|t:|1732977643\n|move|p1a: Iron Bundle|Freeze-Dry|p2a: Swampert\n|-supereffective|p2a: Swampert\n|-damage|p2a: Swampert|0 fnt\n|faint|p2a: Swampert\n|\n|upkeep\n|\n|t:|1732977644\n|switch|p2a: Wugtrio|Wugtrio, L91, M|212/212\n|turn|4\n|\n|t:|1732977646\n|move|p2a: Wugtrio|Stomping Tantrum|p1a: Iron Bundle\n|-damage|p1a: Iron Bundle|20/213\n|move|p1a: Iron Bundle|Freeze-Dry|p2a: Wugtrio\n|-supereffective|p2a: Wugtrio\n|-crit|p2a: Wugtrio\n|-damage|p2a: Wugtrio|0 fnt\n|faint|p2a: Wugtrio\n|\n|upkeep\n|\n|t:|1732977646\n|switch|p2a: Swalot|Swalot, L90, F|326/326\n|turn|5\n|\n|t:|1732977649\n|move|p1a: Iron Bundle|Hydro Pump|p2a: Swalot\n|-damage|p2a: Swalot|209/326\n|move|p2a: Swalot|Sludge Bomb|p1a: Iron Bundle\n|-damage|p1a: Iron Bundle|0 fnt\n|faint|p1a: Iron Bundle\n|-end|p1a: Iron Bundle|Quark Drive|[silent]\n|\n|-heal|p2a: Swalot|229/326|[from] item: Leftovers\n|upkeep\n|\n|t:|1732977653\n|switch|p1a: Drednaw|Drednaw, L81, F|278/278\n|turn|6\n|\n|t:|1732977655\n|move|p2a: Swalot|Protect|p2a: Swalot\n|-singleturn|p2a: Swalot|Protect\n|move|p1a: Drednaw|Shell Smash|p1a: Drednaw\n|-unboost|p1a: Drednaw|def|1\n|-unboost|p1a: Drednaw|spd|1\n|-boost|p1a: Drednaw|atk|2\n|-boost|p1a: Drednaw|spa|2\n|-boost|p1a: Drednaw|spe|2\n|-enditem|p1a: Drednaw|White Herb\n|-clearnegativeboost|p1a: Drednaw|[silent]\n|\n|-heal|p2a: Swalot|249/326|[from] item: Leftovers\n|upkeep\n|turn|7\n|\n|t:|1732977656\n|-terastallize|p2a: Swalot|Ground\n|move|p1a: Drednaw|Crunch|p2a: Swalot\n|-damage|p2a: Swalot|62/326\n|move|p2a: Swalot|Earthquake|p1a: Drednaw\n|-supereffective|p1a: Drednaw\n|-damage|p1a: Drednaw|62/278\n|\n|-heal|p2a: Swalot|82/326|[from] item: Leftovers\n|upkeep\n|turn|8\n|\n|t:|1732977659\n|move|p1a: Drednaw|Crunch|p2a: Swalot\n|-damage|p2a: Swalot|0 fnt\n|faint|p2a: Swalot\n|\n|upkeep\n|\n|t:|1732977659\n|switch|p2a: Sceptile|Sceptile, L87, M|264/264\n|turn|9\n|\n|t:|1732977684\n|-terastallize|p1a: Drednaw|Dark\n|move|p1a: Drednaw|Crunch|p2a: Sceptile\n|-damage|p2a: Sceptile|0 fnt\n|faint|p2a: Sceptile\n|\n|upkeep\n|\n|t:|1732977685\n|switch|p2a: Comfey|Comfey, L85, M|225/225\n|turn|10\n|\n|t:|1732977686\n|move|p2a: Comfey|Draining Kiss|p1a: Drednaw\n|-supereffective|p1a: Drednaw\n|-crit|p1a: Drednaw\n|-damage|p1a: Drednaw|0 fnt\n|faint|p1a: Drednaw\n|\n|upkeep\n|\n|t:|1732977689\n|switch|p1a: Glastrier|Glastrier, L86|312/312\n|turn|11\n|\n|t:|1732977690\n|move|p2a: Comfey|Giga Drain|p1a: Glastrier\n|-damage|p1a: Glastrier|273/312\n|move|p1a: Glastrier|Swords Dance|p1a: Glastrier\n|-boost|p1a: Glastrier|atk|2\n|\n|upkeep\n|turn|12\n|\n|t:|1732977692\n|move|p2a: Comfey|Giga Drain|p1a: Glastrier\n|-damage|p1a: Glastrier|230/312\n|move|p1a: Glastrier|Icicle Crash|p2a: Comfey\n|-damage|p2a: Comfey|0 fnt\n|faint|p2a: Comfey\n|-ability|p1a: Glastrier|Chilling Neigh|boost\n|-boost|p1a: Glastrier|atk|1\n|\n|upkeep\n|\n|t:|1732977692\n|switch|p2a: Toedscruel|Toedscruel, L87, F|281/281\n|turn|13\n|\n|t:|1732977693\n|move|p1a: Glastrier|Icicle Crash|p2a: Toedscruel\n|-supereffective|p2a: Toedscruel\n|-damage|p2a: Toedscruel|0 fnt\n|faint|p2a: Toedscruel\n|\n|win|34qt3ij9j034qt\n|c|\u2606AminitraboTTT|gg\n|l|\u2606AminitraboTTT\n|player|p2|\n|c|\u260634qt3ij9j034qt|/log 34qt3ij9j034qt made this room public.\n", "inputlog": ">version b107d77f5c90bd6555267ae244a6264823309ead\n>start {\"formatid\":\"gen9randombattle\",\"seed\":[20372,7123,3501,24150]}\n>player p1 {\"name\":\"34qt3ij9j034qt\",\"avatar\":\"1\",\"rating\":0,\"seed\":[34704,53206,64289,41783]}\n>player p2 {\"name\":\"AminitraboTTT\",\"avatar\":\"supernerd\",\"rating\":0,\"seed\":[2383,44,63915,64305]}\n>chat \u2606AminitraboTTT|Hola, soy AminitraboTTT, el bot de la sala Espa\u00f1ol. gl hf\n>p1 move alluringvoice\n>p2 switch 6\n>p1 switch 2\n>p2 move earthquake\n>p1 move freezedry\n>p2 move earthquake\n>p2 switch 5\n>p1 move freezedry\n>p2 move stompingtantrum\n>p2 switch 3\n>p1 move hydropump\n>p2 move sludgebomb\n>p1 switch 4\n>p1 move shellsmash\n>p2 move protect\n>p1 move crunch\n>p2 move earthquake terastallize\n>p1 move crunch\n>p2 move earthquake\n>p2 switch 6\n>p1 move crunch terastallize\n>p2 move leafblade\n>p2 switch 4\n>p1 move liquidation\n>p2 move drainingkiss\n>p1 switch 6\n>p1 move swordsdance\n>p2 move gigadrain\n>p1 move iciclecrash\n>p2 move gigadrain\n>p2 switch 2\n>p1 move iciclecrash\n>p2 move toxic", "uploadtime": 1732977696, "views": 2, "formatid": "gen9randombattle", "rating": null, "private": 0, "password": null}