{"id": "gen9randombattle-2253856433", "format": "[Gen 9] Random Battle", "players": ["TheHungryBlazekin", "bothskillandluck"], "log": "|j|\u2606TheHungryBlazekin\n|j|\u2606bothskillandluck\n|t:|1732949933\n|gametype|singles\n|player|p1|TheHungryBlazekin|clay|1595\n|player|p2|bothskillandluck|brawly|1623\n|teamsize|p1|6\n|teamsize|p2|6\n|gen|9\n|tier|[Gen 9] Random Battle\n|rated|\n|rule|Species Clause: Limit one of each Pok\u00e9mon\n|rule|HP Percentage Mod: HP is shown in percentages\n|rule|Sleep Clause Mod: Limit one foe put to sleep\n|rule|Illusion Level Mod: Illusion disguises the Pok\u00e9mon's true level\n|\n|t:|1732949933\n|start\n|switch|p1a: Oricorio|Oricorio, L84, M|263/263\n|switch|p2a: Salamence|Salamence, L77, F|273/273\n|-ability|p2a: Salamence|Intimidate|boost\n|-unboost|p1a: Oricorio|atk|1\n|turn|1\n|inactive|Battle timer is ON: inactive players will automatically lose when time's up. (requested by bothskillandluck)\n|\n|t:|1732949946\n|move|p1a: Oricorio|Quiver Dance|p1a: Oricorio\n|-boost|p1a: Oricorio|spa|1\n|-boost|p1a: Oricorio|spd|1\n|-boost|p1a: Oricorio|spe|1\n|move|p2a: Salamence|Outrage|p1a: Oricorio\n|-damage|p1a: Oricorio|103/263\n|\n|upkeep\n|turn|2\n|\n|t:|1732949952\n|move|p1a: Oricorio|Hurricane|p2a: Salamence\n|-crit|p2a: Salamence\n|-damage|p2a: Salamence|0 fnt\n|faint|p2a: Salamence\n|\n|upkeep\n|\n|t:|1732949960\n|switch|p2a: Cinderace|Cinderace, L77, F|249/249\n|turn|3\n|\n|t:|1732949962\n|move|p2a: Cinderace|Sucker Punch||[still]\n|-fail|p2a: Cinderace\n|move|p1a: Oricorio|Roost|p1a: Oricorio\n|-heal|p1a: Oricorio|235/263\n|-singleturn|p1a: Oricorio|move: Roost\n|\n|upkeep\n|turn|4\n|\n|t:|1732949968\n|move|p2a: Cinderace|Sucker Punch|p1a: Oricorio\n|-start|p2a: Cinderace|typechange|Dark|[from] ability: Libero\n|-damage|p1a: Oricorio|154/263\n|move|p1a: Oricorio|Hurricane|p2a: Cinderace|[miss]\n|-miss|p1a: Oricorio|p2a: Cinderace\n|\n|upkeep\n|turn|5\n|\n|t:|1732949977\n|move|p1a: Oricorio|Roost|p1a: Oricorio\n|-heal|p1a: Oricorio|263/263\n|-singleturn|p1a: Oricorio|move: Roost\n|move|p2a: Cinderace|Pyro Ball|p1a: Oricorio|[miss]\n|-miss|p2a: Cinderace|p1a: Oricorio\n|\n|upkeep\n|turn|6\n|\n|t:|1732949983\n|move|p2a: Cinderace|Sucker Punch|p1a: Oricorio\n|-damage|p1a: Oricorio|181/263\n|move|p1a: Oricorio|Revelation Dance|p2a: Cinderace\n|-damage|p2a: Cinderace|59/249\n|\n|upkeep\n|turn|7\n|\n|t:|1732949987\n|move|p1a: Oricorio|Quiver Dance|p1a: Oricorio\n|-boost|p1a: Oricorio|spa|1\n|-boost|p1a: Oricorio|spd|1\n|-boost|p1a: Oricorio|spe|1\n|move|p2a: Cinderace|Pyro Ball|p1a: Oricorio\n|-resisted|p1a: Oricorio\n|-damage|p1a: Oricorio|132/263\n|\n|upkeep\n|turn|8\n|\n|t:|1732949990\n|move|p2a: Cinderace|Sucker Punch|p1a: Oricorio\n|-damage|p1a: Oricorio|42/263\n|move|p1a: Oricorio|Revelation Dance|p2a: Cinderace\n|-damage|p2a: Cinderace|0 fnt\n|faint|p2a: Cinderace\n|\n|upkeep\n|\n|t:|1732949996\n|switch|p2a: Frosmoth|Frosmoth, L82, F|249/249\n|turn|9\n|\n|t:|1732950001\n|-terastallize|p2a: Frosmoth|Water\n|move|p1a: Oricorio|Hurricane|p2a: Frosmoth\n|-damage|p2a: Frosmoth|127/249\n|move|p2a: Frosmoth|Ice Beam|p1a: Oricorio\n|-damage|p1a: Oricorio|0 fnt\n|faint|p1a: Oricorio\n|\n|upkeep\n|\n|t:|1732950009\n|switch|p1a: Leavanny|Leavanny, L86, M|269/269\n|turn|10\n|\n|t:|1732950016\n|switch|p2a: Duraludon|Duraludon, L82, M|249/249\n|move|p1a: Leavanny|Leaf Blade|p2a: Duraludon\n|-resisted|p2a: Duraludon\n|-damage|p2a: Duraludon|234/249\n|\n|upkeep\n|turn|11\n|\n|t:|1732950019\n|move|p1a: Leavanny|Knock Off|p2a: Duraludon\n|-damage|p2a: Duraludon|193/249\n|-enditem|p2a: Duraludon|Eviolite|[from] move: Knock Off|[of] p1a: Leavanny\n|move|p2a: Duraludon|Stealth Rock|p1a: Leavanny\n|-sidestart|p1: TheHungryBlazekin|move: Stealth Rock\n|\n|upkeep\n|turn|12\n|\n|t:|1732950022\n|move|p1a: Leavanny|Sticky Web|p2a: Duraludon\n|-sidestart|p2: bothskillandluck|move: Sticky Web\n|move|p2a: Duraludon|Flash Cannon|p1a: Leavanny\n|-damage|p1a: Leavanny|176/269\n|\n|upkeep\n|turn|13\n|\n|t:|1732950026\n|move|p1a: Leavanny|Lunge|p2a: Duraludon\n|-resisted|p2a: Duraludon\n|-damage|p2a: Duraludon|155/249\n|-unboost|p2a: Duraludon|atk|1\n|move|p2a: Duraludon|Draco Meteor|p1a: Leavanny\n|-damage|p1a: Leavanny|20/269\n|-unboost|p2a: Duraludon|spa|2\n|\n|upkeep\n|turn|14\n|\n|t:|1732950035\n|move|p1a: Leavanny|Lunge|p2a: Duraludon\n|-resisted|p2a: Duraludon\n|-damage|p2a: Duraludon|98/249\n|-unboost|p2a: Duraludon|atk|1\n|move|p2a: Duraludon|Body Press|p1a: Leavanny\n|-resisted|p1a: Leavanny\n|-damage|p1a: Leavanny|0 fnt\n|faint|p1a: Leavanny\n|\n|upkeep\n|\n|t:|1732950048\n|switch|p1a: Quagsire|Quagsire, L84, M|297/297\n|-damage|p1a: Quagsire|279/297|[from] Stealth Rock\n|turn|15\n|\n|t:|1732950054\n|switch|p2a: Arceus|Arceus-Grass, L72|292/292\n|-activate|p2a: Arceus|move: Sticky Web\n|-unboost|p2a: Arceus|spe|1\n|move|p1a: Quagsire|Spikes|p2a: Arceus\n|-sidestart|p2: bothskillandluck|Spikes\n|\n|-heal|p1a: Quagsire|297/297|[from] item: Leftovers\n|upkeep\n|turn|16\n|\n|t:|1732950073\n|move|p2a: Arceus|Calm Mind|p2a: Arceus\n|-boost|p2a: Arceus|spa|1\n|-boost|p2a: Arceus|spd|1\n|move|p1a: Quagsire|Spikes|p2a: Arceus\n|-sidestart|p2: bothskillandluck|Spikes\n|\n|upkeep\n|turn|17\n|\n|t:|1732950080\n|-terastallize|p1a: Quagsire|Fairy\n|move|p2a: Arceus|Calm Mind|p2a: Arceus\n|-boost|p2a: Arceus|spa|1\n|-boost|p2a: Arceus|spd|1\n|move|p1a: Quagsire|Toxic|p2a: Arceus\n|-status|p2a: Arceus|tox\n|\n|-damage|p2a: Arceus|274/292 tox|[from] psn\n|upkeep\n|turn|18\n|\n|t:|1732950085\n|move|p2a: Arceus|Judgment|p1a: Quagsire\n|-damage|p1a: Quagsire|165/297\n|move|p1a: Quagsire|Spikes|p2a: Arceus\n|-sidestart|p2: bothskillandluck|Spikes\n|\n|-heal|p1a: Quagsire|183/297|[from] item: Leftovers\n|-damage|p2a: Arceus|238/292 tox|[from] psn\n|upkeep\n|turn|19\n|\n|t:|1732950091\n|move|p2a: Arceus|Judgment|p1a: Quagsire\n|-damage|p1a: Quagsire|51/297\n|move|p1a: Quagsire|Recover|p1a: Quagsire\n|-heal|p1a: Quagsire|200/297\n|\n|-heal|p1a: Quagsire|218/297|[from] item: Leftovers\n|-damage|p2a: Arceus|184/292 tox|[from] psn\n|upkeep\n|turn|20\n|\n|t:|1732950096\n|move|p2a: Arceus|Judgment|p1a: Quagsire\n|-damage|p1a: Quagsire|83/297\n|move|p1a: Quagsire|Recover|p1a: Quagsire\n|-heal|p1a: Quagsire|232/297\n|\n|-heal|p1a: Quagsire|250/297|[from] item: Leftovers\n|-damage|p2a: Arceus|112/292 tox|[from] psn\n|upkeep\n|turn|21\n|\n|t:|1732950103\n|move|p2a: Arceus|Judgment|p1a: Quagsire\n|-damage|p1a: Quagsire|123/297\n|move|p1a: Quagsire|Recover|p1a: Quagsire\n|-heal|p1a: Quagsire|272/297\n|\n|-heal|p1a: Quagsire|290/297|[from] item: Leftovers\n|-damage|p2a: Arceus|22/292 tox|[from] psn\n|upkeep\n|turn|22\n|\n|t:|1732950107\n|move|p2a: Arceus|Judgment|p1a: Quagsire\n|-damage|p1a: Quagsire|157/297\n|move|p1a: Quagsire|Earthquake|p2a: Arceus\n|-resisted|p2a: Arceus\n|-damage|p2a: Arceus|0 fnt\n|faint|p2a: Arceus\n|\n|-heal|p1a: Quagsire|175/297|[from] item: Leftovers\n|upkeep\n|\n|t:|1732950111\n|switch|p2a: Duraludon|Duraludon, L82, M|98/249\n|-activate|p2a: Duraludon|move: Sticky Web\n|-unboost|p2a: Duraludon|spe|1\n|-damage|p2a: Duraludon|36/249|[from] Spikes\n|turn|23\n|\n|t:|1732950116\n|move|p2a: Duraludon|Flash Cannon|p1a: Quagsire\n|-supereffective|p1a: Quagsire\n|-crit|p1a: Quagsire\n|-damage|p1a: Quagsire|0 fnt\n|faint|p1a: Quagsire\n|\n|upkeep\n|\n|t:|1732950124\n|switch|p1a: Lycanroc|Lycanroc, L86, F|269/269\n|-damage|p1a: Lycanroc|236/269|[from] Stealth Rock\n|turn|24\n|\n|t:|1732950128\n|move|p1a: Lycanroc|Close Combat|p2a: Duraludon\n|-supereffective|p2a: Duraludon\n|-damage|p2a: Duraludon|0 fnt\n|-unboost|p1a: Lycanroc|def|1\n|-unboost|p1a: Lycanroc|spd|1\n|faint|p2a: Duraludon\n|-damage|p1a: Lycanroc|210/269|[from] item: Life Orb\n|\n|upkeep\n|\n|t:|1732950133\n|switch|p2a: Inteleon|Inteleon, L81, M|246/246\n|-activate|p2a: Inteleon|move: Sticky Web\n|-unboost|p2a: Inteleon|spe|1\n|-damage|p2a: Inteleon|185/246|[from] Spikes\n|turn|25\n|\n|t:|1732950142\n|move|p1a: Lycanroc|Stone Edge|p2a: Inteleon|[miss]\n|-miss|p1a: Lycanroc|p2a: Inteleon\n|move|p2a: Inteleon|Hydro Pump|p1a: Lycanroc\n|-supereffective|p1a: Lycanroc\n|-damage|p1a: Lycanroc|0 fnt\n|faint|p1a: Lycanroc\n|\n|upkeep\n|\n|t:|1732950152\n|switch|p1a: Glimmora|Glimmora, L75, F|248/248\n|-damage|p1a: Glimmora|217/248|[from] Stealth Rock\n|turn|26\n|\n|t:|1732950155\n|move|p1a: Glimmora|Meteor Beam||[still]\n|-prepare|p1a: Glimmora|Meteor Beam\n|-boost|p1a: Glimmora|spa|1\n|-enditem|p1a: Glimmora|Power Herb\n|-anim|p1a: Glimmora|Meteor Beam|p2a: Inteleon\n|-damage|p2a: Inteleon|0 fnt\n|faint|p2a: Inteleon\n|\n|upkeep\n|\n|t:|1732950161\n|switch|p2a: Frosmoth|Frosmoth, L82, F, tera:Water|127/249\n|turn|27\n|\n|t:|1732950166\n|move|p1a: Glimmora|Energy Ball|p2a: Frosmoth\n|-supereffective|p2a: Frosmoth\n|-damage|p2a: Frosmoth|22/249\n|move|p2a: Frosmoth|Quiver Dance|p2a: Frosmoth\n|-boost|p2a: Frosmoth|spa|1\n|-boost|p2a: Frosmoth|spd|1\n|-boost|p2a: Frosmoth|spe|1\n|\n|upkeep\n|turn|28\n|\n|t:|1732950174\n|move|p2a: Frosmoth|Giga Drain|p1a: Glimmora\n|-damage|p1a: Glimmora|99/248\n|-heal|p2a: Frosmoth|81/249|[from] drain|[of] p1a: Glimmora\n|move|p1a: Glimmora|Energy Ball|p2a: Frosmoth\n|-supereffective|p2a: Frosmoth\n|-damage|p2a: Frosmoth|15/249\n|\n|upkeep\n|turn|29\n|\n|t:|1732950181\n|move|p2a: Frosmoth|Giga Drain|p1a: Glimmora\n|-damage|p1a: Glimmora|0 fnt\n|-heal|p2a: Frosmoth|65/249|[from] drain|[of] p1a: Glimmora\n|faint|p1a: Glimmora\n|\n|upkeep\n|\n|t:|1732950184\n|switch|p1a: Eiscue|Eiscue, L88, M|272/272\n|-damage|p1a: Eiscue|204/272|[from] Stealth Rock\n|turn|30\n|\n|t:|1732950199\n|move|p2a: Frosmoth|Hurricane|p1a: Eiscue\n|-damage|p1a: Eiscue|81/272\n|move|p1a: Eiscue|Tera Blast|p2a: Frosmoth\n|-damage|p2a: Frosmoth|49/249\n|\n|upkeep\n|turn|31\n|\n|t:|1732950208\n|move|p2a: Frosmoth|Giga Drain|p1a: Eiscue\n|-damage|p1a: Eiscue|0 fnt\n|-heal|p2a: Frosmoth|90/249|[from] drain|[of] p1a: Eiscue\n|faint|p1a: Eiscue\n|\n|win|bothskillandluck\n|raw|TheHungryBlazekin's rating: 1595 &rarr; <strong>1577</strong><br />(-18 for losing)\n|raw|bothskillandluck's rating: 1623 &rarr; <strong>1641</strong><br />(+18 for winning)\n|c|\u2606TheHungryBlazekin|gg\n|c|\u2606bothskillandluck|Gg\n|l|\u2606TheHungryBlazekin\n|player|p1|\n", "inputlog": ">version b107d77f5c90bd6555267ae244a6264823309ead\n>start {\"formatid\":\"gen9randombattle\",\"seed\":[54526,19812,29092,64925],\"rated\":\"Rated battle\"}\n>player p1 {\"name\":\"TheHungryBlazekin\",\"avatar\":\"clay\",\"rating\":1595,\"seed\":[59656,26338,65247,59833]}\n>player p2 {\"name\":\"bothskillandluck\",\"avatar\":\"brawly\",\"rating\":1623,\"seed\":[16784,63662,57333,43086]}\n>p1 move quiverdance\n>p2 move outrage\n>p1 move hurricane\n>p2 move outrage\n>p2 switch 5\n>p1 move roost\n>p2 move suckerpunch\n>p1 move hurricane\n>p2 move suckerpunch\n>p1 move roost\n>p2 move pyroball\n>p1 move revelationdance\n>p2 move suckerpunch\n>p1 move quiverdance\n>p2 move pyroball\n>p1 move revelationdance\n>p2 move suckerpunch\n>p2 switch 3\n>p1 move hurricane\n>p2 move icebeam terastallize\n>p1 switch 4\n>p1 move leafblade\n>p2 switch 2\n>p1 move knockoff\n>p2 move stealthrock\n>p1 move stickyweb\n>p2 move flashcannon\n>p1 move lunge\n>p2 move dracometeor\n>p1 move lunge\n>p2 move bodypress\n>p1 switch 3\n>p1 move spikes\n>p2 switch 6\n>p1 move spikes\n>p2 move calmmind\n>p1 move toxic terastallize\n>p2 move calmmind\n>p1 move spikes\n>p2 move judgment\n>p1 move recover\n>p2 move judgment\n>p1 move recover\n>p2 move judgment\n>p1 move recover\n>p2 move judgment\n>p1 move earthquake\n>p2 move judgment\n>p2 switch 6\n>p1 move earthquake\n>p2 move flashcannon\n>p1 switch 6\n>p1 move closecombat\n>p2 move flashcannon\n>p2 switch 4\n>p1 move stoneedge\n>p2 move hydropump\n>p1 switch 5\n>p1 move meteorbeam\n>p2 move hydropump\n>p2 switch 2\n>p1 move energyball\n>p2 move quiverdance\n>p1 move energyball\n>p2 move gigadrain\n>p1 move energyball\n>p2 move gigadrain\n>p1 switch 2\n>p1 move terablast\n>p2 move hurricane\n>p1 move terablast\n>p2 move gigadrain", "uploadtime": 1732950222, "views": 2, "formatid": "gen9randombattle", "rating": 1577, "private": 0, "password": null}