{"id": "gen9randombattle-2253789893", "format": "[Gen 9] Random Battle", "players": ["mi1kweed", "Scholarman"], "log": "|j|\u2606mi1kweed\n|j|\u2606Scholarman\n|t:|1732938617\n|gametype|singles\n|player|p1|mi1kweed|pokemonranger-gen4|1483\n|player|p2|Scholarman|lady-gen4|1514\n|teamsize|p1|6\n|teamsize|p2|6\n|gen|9\n|tier|[Gen 9] Random Battle\n|rated|\n|rule|Species Clause: Limit one of each Pok\u00e9mon\n|rule|HP Percentage Mod: HP is shown in percentages\n|rule|Sleep Clause Mod: Limit one foe put to sleep\n|rule|Illusion Level Mod: Illusion disguises the Pok\u00e9mon's true level\n|\n|t:|1732938617\n|start\n|switch|p1a: Basculin|Basculin-Blue-Striped, L86, F|261/261\n|switch|p2a: Clawitzer|Clawitzer, L87, M|265/265\n|turn|1\n|inactive|Battle timer is ON: inactive players will automatically lose when time's up. (requested by Scholarman)\n|\n|t:|1732938625\n|move|p1a: Basculin|Flip Turn|p2a: Clawitzer\n|-resisted|p2a: Clawitzer\n|-damage|p2a: Clawitzer|204/265\n|\n|t:|1732938632\n|switch|p1a: Dialga|Dialga, L73|266/266|[from] Flip Turn\n|-ability|p1a: Dialga|Pressure\n|move|p2a: Clawitzer|Water Pulse|p1a: Dialga\n|-resisted|p1a: Dialga\n|-damage|p1a: Dialga|221/266\n|\n|upkeep\n|turn|2\n|inactive|mi1kweed has 120 seconds left.\n|inactive|mi1kweed has 90 seconds left.\n|\n|t:|1732938698\n|switch|p1a: Basculin|Basculin-Blue-Striped, L86, F|261/261\n|move|p2a: Clawitzer|Aura Sphere|p1a: Basculin\n|-damage|p1a: Basculin|117/261\n|\n|upkeep\n|turn|3\n|inactive|mi1kweed has 90 seconds left.\n|\n|t:|1732938711\n|move|p1a: Basculin|Flip Turn|p2a: Clawitzer\n|-resisted|p2a: Clawitzer\n|-damage|p2a: Clawitzer|141/265\n|inactive|mi1kweed has 90 seconds left.\n|\n|t:|1732938717\n|switch|p1a: Basculegion|Basculegion-F, L83, F|335/335|[from] Flip Turn\n|move|p2a: Clawitzer|Aura Sphere|p1a: Basculegion\n|-immune|p1a: Basculegion\n|\n|upkeep\n|turn|4\n|\n|t:|1732938722\n|move|p1a: Basculegion|Shadow Ball|p2a: Clawitzer\n|-damage|p2a: Clawitzer|23/265\n|move|p2a: Clawitzer|Dark Pulse|p1a: Basculegion\n|-supereffective|p1a: Basculegion\n|-damage|p1a: Basculegion|91/335\n|\n|upkeep\n|turn|5\n|\n|t:|1732938727\n|switch|p2a: Meloetta|Meloetta, L82|298/298\n|move|p1a: Basculegion|Shadow Ball|p2a: Meloetta\n|-immune|p2a: Meloetta\n|\n|upkeep\n|turn|6\n|\n|t:|1732938737\n|switch|p1a: Chi-Yu|Chi-Yu, L77|211/211\n|-ability|p1a: Chi-Yu|Beads of Ruin\n|move|p2a: Meloetta|Knock Off|p1a: Chi-Yu\n|-resisted|p1a: Chi-Yu\n|-damage|p1a: Chi-Yu|167/211\n|-enditem|p1a: Chi-Yu|Choice Specs|[from] move: Knock Off|[of] p2a: Meloetta\n|-damage|p2a: Meloetta|269/298|[from] item: Life Orb\n|\n|upkeep\n|turn|7\n|inactive|mi1kweed has 120 seconds left.\n|\n|t:|1732938745\n|switch|p2a: Clawitzer|Clawitzer, L87, M|23/265\n|move|p1a: Chi-Yu|Dark Pulse|p2a: Clawitzer\n|-crit|p2a: Clawitzer\n|-damage|p2a: Clawitzer|0 fnt\n|faint|p2a: Clawitzer\n|\n|upkeep\n|\n|t:|1732938748\n|switch|p2a: Virizion|Virizion, L82|283/283\n|turn|8\n|\n|t:|1732938760\n|switch|p1a: Gliscor|Gliscor, L76, M|239/239\n|move|p2a: Virizion|Close Combat|p1a: Gliscor\n|-resisted|p1a: Gliscor\n|-damage|p1a: Gliscor|175/239\n|-unboost|p2a: Virizion|def|1\n|-unboost|p2a: Virizion|spd|1\n|-damage|p2a: Virizion|255/283|[from] item: Life Orb\n|\n|-status|p1a: Gliscor|tox|[from] item: Toxic Orb\n|upkeep\n|turn|9\n|\n|t:|1732938768\n|switch|p2a: Rotom|Rotom-Fan, L86|226/226\n|move|p1a: Gliscor|Toxic|p2a: Rotom\n|-status|p2a: Rotom|tox\n|\n|-damage|p2a: Rotom|212/226 tox|[from] psn\n|-heal|p1a: Gliscor|204/239 tox|[from] ability: Poison Heal\n|upkeep\n|turn|10\n|\n|t:|1732938773\n|switch|p2a: Mamoswine|Mamoswine, L81, M|311/311\n|move|p1a: Gliscor|Protect||[still]\n|-fail|p1a: Gliscor\n|\n|-heal|p1a: Gliscor|233/239 tox|[from] ability: Poison Heal\n|upkeep\n|turn|11\n|\n|t:|1732938785\n|move|p1a: Gliscor|U-turn|p2a: Mamoswine\n|-damage|p2a: Mamoswine|263/311\n|\n|t:|1732938790\n|switch|p1a: Basculin|Basculin-Blue-Striped, L86, F|117/261|[from] U-turn\n|move|p2a: Mamoswine|Icicle Crash|p1a: Basculin\n|-resisted|p1a: Basculin\n|-damage|p1a: Basculin|16/261\n|\n|upkeep\n|turn|12\n|\n|t:|1732938795\n|switch|p2a: Rotom|Rotom-Fan, L86|212/226 tox\n|move|p1a: Basculin|Flip Turn|p2a: Rotom\n|-damage|p2a: Rotom|100/226 tox\n|\n|t:|1732938798\n|switch|p1a: Gliscor|Gliscor, L76, M|233/239 tox|[from] Flip Turn\n|\n|-damage|p2a: Rotom|86/226 tox|[from] psn\n|-heal|p1a: Gliscor|239/239 tox|[from] ability: Poison Heal\n|upkeep\n|turn|13\n|\n|t:|1732938806\n|switch|p2a: Meloetta|Meloetta, L82|269/298\n|move|p1a: Gliscor|Toxic|p2a: Meloetta\n|-status|p2a: Meloetta|tox\n|\n|-damage|p2a: Meloetta|251/298 tox|[from] psn\n|upkeep\n|turn|14\n|\n|t:|1732938814\n|move|p2a: Meloetta|Triple Axel|p1a: Gliscor\n|-supereffective|p1a: Gliscor\n|-damage|p1a: Gliscor|182/239 tox\n|-supereffective|p1a: Gliscor\n|-damage|p1a: Gliscor|78/239 tox\n|-hitcount|p1a: Gliscor|2\n|-damage|p2a: Meloetta|222/298 tox|[from] item: Life Orb\n|move|p1a: Gliscor|U-turn|p2a: Meloetta\n|-supereffective|p2a: Meloetta\n|-damage|p2a: Meloetta|124/298 tox\n|\n|t:|1732938820\n|switch|p1a: Basculin|Basculin-Blue-Striped, L86, F|16/261|[from] U-turn\n|\n|-damage|p2a: Meloetta|88/298 tox|[from] psn\n|upkeep\n|turn|15\n|\n|t:|1732938825\n|move|p1a: Basculin|Flip Turn|p2a: Meloetta\n|-damage|p2a: Meloetta|0 fnt\n|faint|p2a: Meloetta\n|\n|t:|1732938828\n|switch|p1a: Gliscor|Gliscor, L76, M|78/239 tox|[from] Flip Turn\n|\n|-heal|p1a: Gliscor|107/239 tox|[from] ability: Poison Heal\n|upkeep\n|\n|t:|1732938830\n|switch|p2a: Virizion|Virizion, L82|255/283\n|turn|16\n|inactive|mi1kweed has 120 seconds left.\n|\n|t:|1732938866\n|move|p1a: Gliscor|Protect|p1a: Gliscor\n|-singleturn|p1a: Gliscor|Protect\n|move|p2a: Virizion|Leaf Blade|p1a: Gliscor\n|-activate|p1a: Gliscor|move: Protect\n|\n|-heal|p1a: Gliscor|136/239 tox|[from] ability: Poison Heal\n|upkeep\n|turn|17\n|inactive|mi1kweed has 120 seconds left.\n|\n|t:|1732938875\n|switch|p1a: Dialga|Dialga, L73|221/266\n|-ability|p1a: Dialga|Pressure\n|move|p2a: Virizion|Leaf Blade|p1a: Dialga\n|-resisted|p1a: Dialga\n|-damage|p1a: Dialga|194/266\n|-damage|p2a: Virizion|227/283|[from] item: Life Orb\n|\n|upkeep\n|turn|18\n|\n|t:|1732938883\n|switch|p1a: Basculegion|Basculegion-F, L83, F|91/335\n|move|p2a: Virizion|Close Combat|p1a: Basculegion\n|-immune|p1a: Basculegion\n|\n|upkeep\n|turn|19\n|\n|t:|1732938893\n|switch|p1a: Chi-Yu|Chi-Yu, L77|167/211\n|-ability|p1a: Chi-Yu|Beads of Ruin\n|move|p2a: Virizion|Leaf Blade|p1a: Chi-Yu\n|-resisted|p1a: Chi-Yu\n|-damage|p1a: Chi-Yu|103/211\n|-damage|p2a: Virizion|199/283|[from] item: Life Orb\n|\n|upkeep\n|turn|20\n|\n|t:|1732938898\n|switch|p1a: Basculegion|Basculegion-F, L83, F|91/335\n|move|p2a: Virizion|Close Combat|p1a: Basculegion\n|-immune|p1a: Basculegion\n|\n|upkeep\n|turn|21\n|\n|t:|1732938900\n|move|p2a: Virizion|Leaf Blade|p1a: Basculegion\n|-supereffective|p1a: Basculegion\n|-damage|p1a: Basculegion|0 fnt\n|faint|p1a: Basculegion\n|-damage|p2a: Virizion|171/283|[from] item: Life Orb\n|\n|upkeep\n|\n|t:|1732938908\n|switch|p1a: Gliscor|Gliscor, L76, M|136/239 tox\n|turn|22\n|\n|t:|1732938912\n|move|p2a: Virizion|Swords Dance|p2a: Virizion\n|-boost|p2a: Virizion|atk|2\n|move|p1a: Gliscor|Toxic|p2a: Virizion\n|-status|p2a: Virizion|tox\n|\n|-damage|p2a: Virizion|154/283 tox|[from] psn\n|-heal|p1a: Gliscor|165/239 tox|[from] ability: Poison Heal\n|upkeep\n|turn|23\n|\n|t:|1732938919\n|move|p1a: Gliscor|Protect|p1a: Gliscor\n|-singleturn|p1a: Gliscor|Protect\n|move|p2a: Virizion|Leaf Blade|p1a: Gliscor\n|-activate|p1a: Gliscor|move: Protect\n|\n|-damage|p2a: Virizion|120/283 tox|[from] psn\n|-heal|p1a: Gliscor|194/239 tox|[from] ability: Poison Heal\n|upkeep\n|turn|24\n|\n|t:|1732938931\n|switch|p1a: Dialga|Dialga, L73|194/266\n|-ability|p1a: Dialga|Pressure\n|move|p2a: Virizion|Close Combat|p1a: Dialga\n|-supereffective|p1a: Dialga\n|-damage|p1a: Dialga|0 fnt\n|-unboost|p2a: Virizion|def|1\n|-unboost|p2a: Virizion|spd|1\n|faint|p1a: Dialga\n|-damage|p2a: Virizion|92/283 tox|[from] item: Life Orb\n|\n|-damage|p2a: Virizion|41/283 tox|[from] psn\n|upkeep\n|\n|t:|1732938944\n|switch|p1a: Zacian|Zacian-Crowned, L64|225/225\n|-ability|p1a: Zacian|Intrepid Sword|boost\n|-boost|p1a: Zacian|atk|1\n|turn|25\n|\n|t:|1732938953\n|move|p1a: Zacian|Behemoth Blade|p2a: Virizion\n|-damage|p2a: Virizion|0 fnt\n|faint|p2a: Virizion\n|\n|upkeep\n|\n|t:|1732938955\n|switch|p2a: Dialga|Dialga-Origin, L73|266/266\n|-ability|p2a: Dialga|Pressure\n|turn|26\n|\n|t:|1732938964\n|move|p1a: Zacian|Close Combat|p2a: Dialga\n|-supereffective|p2a: Dialga\n|-damage|p2a: Dialga|64/266\n|-unboost|p1a: Zacian|def|1\n|-unboost|p1a: Zacian|spd|1\n|move|p2a: Dialga|Fire Blast|p1a: Zacian\n|-supereffective|p1a: Zacian\n|-damage|p1a: Zacian|0 fnt\n|faint|p1a: Zacian\n|\n|upkeep\n|\n|t:|1732938971\n|switch|p1a: Chi-Yu|Chi-Yu, L77|103/211\n|-ability|p1a: Chi-Yu|Beads of Ruin\n|turn|27\n|\n|t:|1732938980\n|move|p1a: Chi-Yu|Flamethrower|p2a: Dialga\n|-damage|p2a: Dialga|0 fnt\n|faint|p2a: Dialga\n|\n|upkeep\n|\n|t:|1732938984\n|switch|p2a: Mamoswine|Mamoswine, L81, M|263/311\n|turn|28\n|\n|t:|1732938992\n|move|p1a: Chi-Yu|Flamethrower|p2a: Mamoswine\n|-supereffective|p2a: Mamoswine\n|-damage|p2a: Mamoswine|83/311\n|move|p2a: Mamoswine|Earthquake|p1a: Chi-Yu\n|-supereffective|p1a: Chi-Yu\n|-damage|p1a: Chi-Yu|0 fnt\n|faint|p1a: Chi-Yu\n|\n|upkeep\n|\n|t:|1732938998\n|switch|p1a: Gliscor|Gliscor, L76, M|194/239 tox\n|turn|29\n|\n|t:|1732939006\n|switch|p2a: Rotom|Rotom-Fan, L86|86/226 tox\n|move|p1a: Gliscor|U-turn|p2a: Rotom\n|-resisted|p2a: Rotom\n|-damage|p2a: Rotom|69/226 tox\n|\n|t:|1732939009\n|switch|p1a: Basculin|Basculin-Blue-Striped, L86, F|16/261|[from] U-turn\n|\n|-damage|p2a: Rotom|55/226 tox|[from] psn\n|upkeep\n|turn|30\n|\n|t:|1732939012\n|move|p1a: Basculin|Flip Turn|p2a: Rotom\n|-damage|p2a: Rotom|0 fnt\n|faint|p2a: Rotom\n|\n|t:|1732939015\n|switch|p1a: Gliscor|Gliscor, L76, M|194/239 tox|[from] Flip Turn\n|\n|-heal|p1a: Gliscor|223/239 tox|[from] ability: Poison Heal\n|upkeep\n|\n|t:|1732939018\n|switch|p2a: Mamoswine|Mamoswine, L81, M|83/311\n|turn|31\n|\n|t:|1732939027\n|-terastallize|p1a: Gliscor|Water\n|move|p2a: Mamoswine|Ice Shard|p1a: Gliscor\n|-resisted|p1a: Gliscor\n|-damage|p1a: Gliscor|191/239 tox\n|move|p1a: Gliscor|Toxic|p2a: Mamoswine\n|-status|p2a: Mamoswine|tox\n|\n|-heal|p1a: Gliscor|220/239 tox|[from] ability: Poison Heal\n|-damage|p2a: Mamoswine|64/311 tox|[from] psn\n|upkeep\n|turn|32\n|-message|Scholarman forfeited.\n|\n|win|mi1kweed\n|raw|mi1kweed's rating: 1483 &rarr; <strong>1505</strong><br />(+22 for winning)\n|raw|Scholarman's rating: 1514 &rarr; <strong>1492</strong><br />(-22 for losing)\n|l|\u2606Scholarman\n|player|p2|\n", "inputlog": ">version b107d77f5c90bd6555267ae244a6264823309ead\n>start {\"formatid\":\"gen9randombattle\",\"seed\":[34497,49680,12892,17656],\"rated\":\"Rated battle\"}\n>player p1 {\"name\":\"mi1kweed\",\"avatar\":\"pokemonranger-gen4\",\"rating\":1483,\"seed\":[56449,22362,22211,38111]}\n>player p2 {\"name\":\"Scholarman\",\"avatar\":\"lady-gen4\",\"rating\":1514,\"seed\":[6362,330,28923,32543]}\n>p1 move flipturn\n>p2 move waterpulse\n>p1 switch 3\n>p1 switch 3\n>p2 move aurasphere\n>p1 move flipturn\n>p2 move aurasphere\n>p1 switch 4\n>p1 move shadowball\n>p2 move darkpulse\n>p1 move shadowball\n>p2 switch 4\n>p1 switch 5\n>p2 move knockoff\n>p1 move darkpulse\n>p2 switch 4\n>p2 switch 6\n>p1 switch 6\n>p2 move closecombat\n>p1 move toxic\n>p2 switch 2\n>p1 move protect\n>p2 switch 5\n>p1 move uturn\n>p2 move iciclecrash\n>p1 switch 4\n>p1 move flipturn\n>p2 switch 5\n>p1 switch 4\n>p1 move toxic\n>p2 switch 4\n>p1 move uturn\n>p2 move tripleaxel\n>p1 switch 4\n>p1 move flipturn\n>p2 move relicsong\n>p1 switch 4\n>p2 switch 2\n>p1 move protect\n>p2 move leafblade\n>p1 switch 3\n>p2 move leafblade\n>p1 switch 5\n>p2 move closecombat\n>p1 switch 6\n>p2 move leafblade\n>p1 switch 6\n>p2 move closecombat\n>p1 move flipturn\n>p2 move leafblade\n>p1 switch 3\n>p1 move toxic\n>p2 move swordsdance\n>p1 move protect\n>p2 move leafblade\n>p1 switch 5\n>p2 move closecombat\n>p1 switch 2\n>p1 move behemothblade\n>p2 move leafblade\n>p2 switch 3\n>p1 move closecombat\n>p2 move fireblast\n>p1 switch 6\n>p1 move flamethrower\n>p2 move dracometeor\n>p2 switch 5\n>p1 move flamethrower\n>p2 move earthquake\n>p1 switch 5\n>p1 move uturn\n>p2 switch 4\n>p1 switch 4\n>p1 move flipturn\n>p2 move voltswitch\n>p1 switch 4\n>p2 switch 4\n>p1 move toxic terastallize\n>p2 move iceshard\n>forcelose p2", "uploadtime": 1732939034, "views": 15, "formatid": "gen9randombattle", "rating": 1492, "private": 0, "password": null}