{"id": "gen9randombattle-2253822049", "format": "[Gen 9] Random Battle", "players": ["dandan2104", "Gvttbhgff"], "log": "|j|\u2606dandan2104\n|j|\u2606Gvttbhgff\n|t:|1732943616\n|gametype|singles\n|player|p1|dandan2104|pokemonranger-gen4|1186\n|player|p2|Gvttbhgff|1|1133\n|teamsize|p1|6\n|teamsize|p2|6\n|gen|9\n|tier|[Gen 9] Random Battle\n|rated|\n|rule|Species Clause: Limit one of each Pok\u00e9mon\n|rule|HP Percentage Mod: HP is shown in percentages\n|rule|Sleep Clause Mod: Limit one foe put to sleep\n|rule|Illusion Level Mod: Illusion disguises the Pok\u00e9mon's true level\n|\n|t:|1732943616\n|start\n|switch|p1a: Pelipper|Pelipper, L86, F|243/243\n|switch|p2a: Swalot|Swalot, L90, F|326/326\n|-weather|RainDance|[from] ability: Drizzle|[of] p1a: Pelipper\n|turn|1\n|\n|t:|1732943630\n|move|p1a: Pelipper|Hurricane|p2a: Swalot\n|-damage|p2a: Swalot|155/326\n|move|p2a: Swalot|Sludge Bomb|p1a: Pelipper\n|-damage|p1a: Pelipper|140/243\n|\n|-weather|RainDance|[upkeep]\n|-heal|p2a: Swalot|175/326|[from] item: Leftovers\n|upkeep\n|turn|2\n|\n|t:|1732943640\n|move|p1a: Pelipper|Hurricane|p2a: Swalot\n|-damage|p2a: Swalot|9/326\n|move|p2a: Swalot|Sludge Bomb|p1a: Pelipper\n|-damage|p1a: Pelipper|41/243\n|\n|-weather|RainDance|[upkeep]\n|-heal|p2a: Swalot|29/326|[from] item: Leftovers\n|upkeep\n|turn|3\n|\n|t:|1732943650\n|move|p1a: Pelipper|Hurricane|p2a: Swalot\n|-damage|p2a: Swalot|0 fnt\n|faint|p2a: Swalot\n|\n|-weather|RainDance|[upkeep]\n|upkeep\n|\n|t:|1732943652\n|switch|p2a: Hypno|Hypno, L95, M|315/315\n|turn|4\n|\n|t:|1732943664\n|move|p2a: Hypno|Psychic Noise|p1a: Pelipper\n|-damage|p1a: Pelipper|0 fnt\n|faint|p1a: Pelipper\n|\n|-weather|RainDance|[upkeep]\n|upkeep\n|\n|t:|1732943678\n|switch|p1a: Drifblim|Drifblim, L86, F|396/396\n|turn|5\n|\n|t:|1732943690\n|move|p1a: Drifblim|Calm Mind|p1a: Drifblim\n|-boost|p1a: Drifblim|spa|1\n|-boost|p1a: Drifblim|spd|1\n|move|p2a: Hypno|Toxic|p1a: Drifblim\n|-status|p1a: Drifblim|tox\n|\n|-weather|none\n|-damage|p1a: Drifblim|372/396 tox|[from] psn\n|upkeep\n|turn|6\n|\n|t:|1732943700\n|move|p1a: Drifblim|Calm Mind|p1a: Drifblim\n|-boost|p1a: Drifblim|spa|1\n|-boost|p1a: Drifblim|spd|1\n|move|p2a: Hypno|Psychic Noise|p1a: Drifblim\n|-damage|p1a: Drifblim|317/396 tox\n|-start|p1a: Drifblim|move: Heal Block\n|\n|-damage|p1a: Drifblim|269/396 tox|[from] psn\n|upkeep\n|turn|7\n|\n|t:|1732943719\n|move|p2a: Hypno|Protect|p2a: Hypno\n|-singleturn|p2a: Hypno|Protect\n|move|p1a: Drifblim|Shadow Ball|p2a: Hypno\n|-activate|p2a: Hypno|move: Protect\n|\n|-damage|p1a: Drifblim|197/396 tox|[from] psn\n|-end|p1a: Drifblim|move: Heal Block\n|upkeep\n|-enditem|p1a: Drifblim|Sitrus Berry|[eat]\n|-heal|p1a: Drifblim|296/396 tox|[from] item: Sitrus Berry\n|turn|8\n|\n|t:|1732943732\n|switch|p2a: Avalugg|Avalugg, L88, M|310/310\n|move|p1a: Drifblim|Shadow Ball|p2a: Avalugg\n|-damage|p2a: Avalugg|55/310\n|\n|-damage|p1a: Drifblim|200/396 tox|[from] psn\n|upkeep\n|turn|9\n|\n|t:|1732943741\n|move|p1a: Drifblim|Shadow Ball|p2a: Avalugg\n|-crit|p2a: Avalugg\n|-damage|p2a: Avalugg|0 fnt\n|faint|p2a: Avalugg\n|\n|-damage|p1a: Drifblim|80/396 tox|[from] psn\n|upkeep\n|\n|t:|1732943744\n|switch|p2a: Hypno|Hypno, L95, M|315/315\n|turn|10\n|\n|t:|1732943755\n|move|p2a: Hypno|Protect|p2a: Hypno\n|-singleturn|p2a: Hypno|Protect\n|move|p1a: Drifblim|Shadow Ball|p2a: Hypno\n|-activate|p2a: Hypno|move: Protect\n|\n|-damage|p1a: Drifblim|0 fnt|[from] psn\n|faint|p1a: Drifblim\n|upkeep\n|\n|t:|1732943773\n|switch|p1a: Ampharos|Ampharos, L88, M|302/302\n|turn|11\n|\n|t:|1732943783\n|move|p2a: Hypno|Toxic|p1a: Ampharos\n|-status|p1a: Ampharos|tox\n|move|p1a: Ampharos|Discharge|p2a: Hypno\n|-damage|p2a: Hypno|237/315\n|-status|p2a: Hypno|par\n|\n|-heal|p2a: Hypno|256/315 par|[from] item: Leftovers\n|-damage|p1a: Ampharos|284/302 tox|[from] psn\n|upkeep\n|turn|12\n|\n|t:|1732943795\n|move|p1a: Ampharos|Dazzling Gleam|p2a: Hypno\n|-damage|p2a: Hypno|199/315 par\n|cant|p2a: Hypno|par\n|\n|-heal|p2a: Hypno|218/315 par|[from] item: Leftovers\n|-damage|p1a: Ampharos|248/302 tox|[from] psn\n|upkeep\n|turn|13\n|\n|t:|1732943810\n|switch|p1a: Magmortar|Magmortar, L88, M|275/275\n|move|p2a: Hypno|Protect||[still]\n|-fail|p2a: Hypno\n|\n|-heal|p2a: Hypno|237/315 par|[from] item: Leftovers\n|upkeep\n|turn|14\n|\n|t:|1732943842\n|move|p1a: Magmortar|Fire Blast|p2a: Hypno\n|-damage|p2a: Hypno|63/315 par\n|move|p2a: Hypno|Toxic|p1a: Magmortar\n|-status|p1a: Magmortar|tox\n|\n|-heal|p2a: Hypno|82/315 par|[from] item: Leftovers\n|-damage|p1a: Magmortar|258/275 tox|[from] psn\n|upkeep\n|turn|15\n|\n|t:|1732943853\n|move|p2a: Hypno|Protect|p2a: Hypno\n|-singleturn|p2a: Hypno|Protect\n|move|p1a: Magmortar|Fire Blast|p2a: Hypno\n|-activate|p2a: Hypno|move: Protect\n|\n|-heal|p2a: Hypno|101/315 par|[from] item: Leftovers\n|-damage|p1a: Magmortar|224/275 tox|[from] psn\n|upkeep\n|turn|16\n|\n|t:|1732943863\n|move|p1a: Magmortar|Fire Blast|p2a: Hypno|[miss]\n|-miss|p1a: Magmortar|p2a: Hypno\n|move|p2a: Hypno|Psychic Noise|p1a: Magmortar\n|-damage|p1a: Magmortar|151/275 tox\n|-start|p1a: Magmortar|move: Heal Block\n|\n|-heal|p2a: Hypno|120/315 par|[from] item: Leftovers\n|-damage|p1a: Magmortar|100/275 tox|[from] psn\n|upkeep\n|turn|17\n|\n|t:|1732943877\n|switch|p1a: Ampharos|Ampharos, L88, M|248/302 tox\n|move|p2a: Hypno|Psychic Noise|p1a: Ampharos\n|-damage|p1a: Ampharos|200/302 tox\n|-start|p1a: Ampharos|move: Heal Block\n|\n|-heal|p2a: Hypno|139/315 par|[from] item: Leftovers\n|-damage|p1a: Ampharos|182/302 tox|[from] psn\n|upkeep\n|turn|18\n|\n|t:|1732943894\n|move|p2a: Hypno|Protect|p2a: Hypno\n|-singleturn|p2a: Hypno|Protect\n|move|p1a: Ampharos|Volt Switch|p2a: Hypno\n|-activate|p2a: Hypno|move: Protect\n|\n|-heal|p2a: Hypno|158/315 par|[from] item: Leftovers\n|-damage|p1a: Ampharos|146/302 tox|[from] psn\n|-end|p1a: Ampharos|move: Heal Block\n|upkeep\n|turn|19\n|\n|t:|1732943905\n|move|p1a: Ampharos|Volt Switch|p2a: Hypno\n|-damage|p2a: Hypno|88/315 par\n|\n|t:|1732943923\n|switch|p1a: Milotic|Milotic, L83, F|293/293|[from] Volt Switch\n|cant|p2a: Hypno|par\n|\n|-heal|p2a: Hypno|107/315 par|[from] item: Leftovers\n|upkeep\n|turn|20\n|\n|t:|1732943936\n|move|p1a: Milotic|Scald|p2a: Hypno\n|-damage|p2a: Hypno|44/315 par\n|move|p2a: Hypno|Toxic|p1a: Milotic\n|-status|p1a: Milotic|tox\n|\n|-heal|p2a: Hypno|63/315 par|[from] item: Leftovers\n|-damage|p1a: Milotic|275/293 tox|[from] psn\n|upkeep\n|turn|21\n|\n|t:|1732943950\n|move|p2a: Hypno|Protect|p2a: Hypno\n|-singleturn|p2a: Hypno|Protect\n|move|p1a: Milotic|Flip Turn|p2a: Hypno\n|-activate|p2a: Hypno|move: Protect\n|\n|-heal|p1a: Milotic|293/293 tox|[from] item: Leftovers\n|-heal|p2a: Hypno|82/315 par|[from] item: Leftovers\n|-damage|p1a: Milotic|257/293 tox|[from] psn\n|upkeep\n|turn|22\n|\n|t:|1732943971\n|move|p1a: Milotic|Ice Beam|p2a: Hypno\n|-damage|p2a: Hypno|33/315 par\n|move|p2a: Hypno|Psychic Noise|p1a: Milotic\n|-damage|p1a: Milotic|188/293 tox\n|-start|p1a: Milotic|move: Heal Block\n|\n|-heal|p2a: Hypno|52/315 par|[from] item: Leftovers\n|-damage|p1a: Milotic|134/293 tox|[from] psn\n|upkeep\n|turn|23\n|\n|t:|1732943983\n|move|p1a: Milotic|Flip Turn|p2a: Hypno\n|-crit|p2a: Hypno\n|-damage|p2a: Hypno|0 fnt\n|faint|p2a: Hypno\n|\n|t:|1732943989\n|switch|p1a: Glimmora|Glimmora, L75, F|248/248|[from] Flip Turn\n|\n|upkeep\n|\n|t:|1732943995\n|switch|p2a: Ogerpon|Ogerpon-Cornerstone, L76, F|247/247\n|turn|24\n|\n|t:|1732944012\n|-terastallize|p2a: Ogerpon|Rock\n|detailschange|p2a: Ogerpon|Ogerpon-Cornerstone-Tera, L76, F, tera:Rock\n|-ability|p2a: Ogerpon|Embody Aspect (Cornerstone)|boost\n|-boost|p2a: Ogerpon|def|1\n|move|p2a: Ogerpon|Ivy Cudgel|p1a: Glimmora|[anim] Ivy Cudgel Rock\n|-damage|p1a: Glimmora|52/248\n|-activate|p1a: Glimmora|ability: Toxic Debris\n|-sidestart|p2: Gvttbhgff|move: Toxic Spikes\n|move|p1a: Glimmora|Earth Power|p2a: Ogerpon\n|-supereffective|p2a: Ogerpon\n|-damage|p2a: Ogerpon|117/247\n|\n|upkeep\n|turn|25\n|\n|t:|1732944025\n|move|p2a: Ogerpon|Ivy Cudgel|p1a: Glimmora|[anim] Ivy Cudgel Rock\n|-damage|p1a: Glimmora|0 fnt\n|-activate|p1a: Glimmora|ability: Toxic Debris\n|-sidestart|p2: Gvttbhgff|move: Toxic Spikes\n|faint|p1a: Glimmora\n|\n|upkeep\n|\n|t:|1732944033\n|switch|p1a: Milotic|Milotic, L83, F|134/293 tox\n|turn|26\n|\n|t:|1732944038\n|switch|p2a: Venusaur|Venusaur, L84, M|272/272\n|-sideend|p2: Gvttbhgff|move: Toxic Spikes|[of] p2a: Venusaur\n|-terastallize|p1a: Milotic|Steel\n|move|p1a: Milotic|Recover|p1a: Milotic\n|-heal|p1a: Milotic|281/293 tox\n|\n|-heal|p1a: Milotic|293/293 tox|[from] item: Leftovers\n|-damage|p1a: Milotic|275/293 tox|[from] psn\n|upkeep\n|turn|27\n|\n|t:|1732944052\n|switch|p2a: Emboar|Emboar, L84, M|322/322\n|move|p1a: Milotic|Ice Beam|p2a: Emboar\n|-resisted|p2a: Emboar\n|-damage|p2a: Emboar|297/322\n|\n|-heal|p1a: Milotic|293/293 tox|[from] item: Leftovers\n|-damage|p1a: Milotic|257/293 tox|[from] psn\n|upkeep\n|turn|28\n|\n|t:|1732944062\n|move|p1a: Milotic|Scald|p2a: Emboar\n|-supereffective|p2a: Emboar\n|-damage|p2a: Emboar|157/322\n|move|p2a: Emboar|Flare Blitz|p1a: Milotic\n|-supereffective|p1a: Milotic\n|-damage|p1a: Milotic|0 fnt\n|faint|p1a: Milotic\n|-damage|p2a: Emboar|72/322|[from] Recoil\n|\n|upkeep\n|\n|t:|1732944073\n|switch|p1a: Ampharos|Ampharos, L88, M|146/302 tox\n|turn|29\n|\n|t:|1732944079\n|move|p2a: Emboar|Flare Blitz|p1a: Ampharos\n|-damage|p1a: Ampharos|0 fnt\n|-status|p2a: Emboar|par|[from] ability: Static|[of] p1a: Ampharos\n|faint|p1a: Ampharos\n|-damage|p2a: Emboar|24/322 par|[from] Recoil\n|\n|upkeep\n|\n|t:|1732944086\n|switch|p1a: Magmortar|Magmortar, L88, M|100/275 tox\n|turn|30\n|\n|t:|1732944096\n|move|p2a: Emboar|Sucker Punch|p1a: Magmortar\n|-damage|p1a: Magmortar|36/275 tox\n|move|p1a: Magmortar|Fire Blast|p2a: Emboar\n|-resisted|p2a: Emboar\n|-damage|p2a: Emboar|0 fnt\n|faint|p2a: Emboar\n|\n|-damage|p1a: Magmortar|19/275 tox|[from] psn\n|upkeep\n|\n|t:|1732944099\n|switch|p2a: Venusaur|Venusaur, L84, M|272/272\n|turn|31\n|\n|t:|1732944109\n|move|p1a: Magmortar|Fire Blast|p2a: Venusaur\n|-supereffective|p2a: Venusaur\n|-damage|p2a: Venusaur|0 fnt\n|faint|p2a: Venusaur\n|\n|-damage|p1a: Magmortar|0 fnt|[from] psn\n|faint|p1a: Magmortar\n|\n|win|Gvttbhgff\n|upkeep\n|raw|dandan2104's rating: 1186 &rarr; <strong>1157</strong><br />(-29 for losing)\n|raw|Gvttbhgff's rating: 1133 &rarr; <strong>1162</strong><br />(+29 for winning)\n", "inputlog": ">version b107d77f5c90bd6555267ae244a6264823309ead\n>start {\"formatid\":\"gen9randombattle\",\"seed\":[50461,2342,24893,47923],\"rated\":\"Rated battle\"}\n>player p1 {\"name\":\"dandan2104\",\"avatar\":\"pokemonranger-gen4\",\"rating\":1186,\"seed\":[45728,57685,43766,55053]}\n>player p2 {\"name\":\"Gvttbhgff\",\"avatar\":\"1\",\"rating\":1133,\"seed\":[50741,54865,3087,147]}\n>p1 move hurricane\n>p2 move sludgebomb\n>p1 move hurricane\n>p2 move sludgebomb\n>p1 move hurricane\n>p2 move sludgebomb\n>p2 switch 3\n>p1 move hurricane\n>p2 move psychicnoise\n>p1 switch 3\n>p1 move calmmind\n>p2 move toxic\n>p1 move calmmind\n>p2 move psychicnoise\n>p1 move shadowball\n>p2 move protect\n>p1 move shadowball\n>p2 switch 2\n>p1 move shadowball\n>p2 move avalanche\n>p2 switch 2\n>p1 move shadowball\n>p2 move protect\n>p1 switch 6\n>p1 move discharge\n>p2 move toxic\n>p1 move dazzlinggleam\n>p2 move psychicnoise\n>p1 switch 5\n>p2 move protect\n>p1 move fireblast\n>p2 move toxic\n>p1 move fireblast\n>p2 move protect\n>p1 move fireblast\n>p2 move psychicnoise\n>p1 switch 5\n>p2 move psychicnoise\n>p1 move voltswitch\n>p2 move protect\n>p1 move voltswitch\n>p2 move psychicnoise\n>p1 switch 4\n>p1 move scald\n>p2 move toxic\n>p1 move flipturn\n>p2 move protect\n>p1 move icebeam\n>p2 move psychicnoise\n>p1 move flipturn\n>p2 move psychicnoise\n>p1 switch 2\n>p2 switch 6\n>p1 move earthpower\n>p2 move ivycudgel terastallize\n>p1 move earthpower\n>p2 move ivycudgel\n>p1 switch 2\n>p1 move recover terastallize\n>p2 switch 4\n>p1 move icebeam\n>p2 switch 5\n>p1 move scald\n>p2 move flareblitz\n>p1 switch 4\n>p1 move dazzlinggleam\n>p2 move flareblitz\n>p1 switch 5\n>p1 move fireblast\n>p2 move suckerpunch\n>p2 switch 5\n>p1 move fireblast\n>p2 move energyball", "uploadtime": 1732944113, "views": 1, "formatid": "gen9randombattle", "rating": 1157, "private": 0, "password": null}