{"id": "gen9randombattle-2254055016", "format": "[Gen 9] Random Battle", "players": ["Goons of in", "Hubbub hbjb"], "log": "|j|\u2606Goons of in\n|j|\u2606Hubbub hbjb\n|t:|1732985596\n|gametype|singles\n|player|p1|Goons of in|2|1040\n|player|p2|Hubbub hbjb|2|1043\n|teamsize|p1|6\n|teamsize|p2|6\n|gen|9\n|tier|[Gen 9] Random Battle\n|rated|\n|rule|Species Clause: Limit one of each Pok\u00e9mon\n|rule|HP Percentage Mod: HP is shown in percentages\n|rule|Sleep Clause Mod: Limit one foe put to sleep\n|rule|Illusion Level Mod: Illusion disguises the Pok\u00e9mon's true level\n|\n|t:|1732985596\n|start\n|switch|p1a: Tyranitar|Tyranitar, L79, M|288/288\n|switch|p2a: Cryogonal|Cryogonal, L89|287/287\n|-weather|Sandstorm|[from] ability: Sand Stream|[of] p1a: Tyranitar\n|turn|1\n|\n|t:|1732985610\n|-terastallize|p1a: Tyranitar|Rock\n|move|p2a: Cryogonal|Ice Beam|p1a: Tyranitar\n|-damage|p1a: Tyranitar|218/288\n|move|p1a: Tyranitar|Dragon Dance|p1a: Tyranitar\n|-boost|p1a: Tyranitar|atk|1\n|-boost|p1a: Tyranitar|spe|1\n|\n|-weather|Sandstorm|[upkeep]\n|-damage|p2a: Cryogonal|270/287|[from] Sandstorm\n|-heal|p1a: Tyranitar|236/288|[from] item: Leftovers\n|upkeep\n|turn|2\n|inactive|Battle timer is ON: inactive players will automatically lose when time's up. (requested by Goons of in)\n|\n|t:|1732985622\n|move|p2a: Cryogonal|Ice Beam|p1a: Tyranitar\n|-damage|p1a: Tyranitar|164/288\n|move|p1a: Tyranitar|Dragon Dance|p1a: Tyranitar\n|-boost|p1a: Tyranitar|atk|1\n|-boost|p1a: Tyranitar|spe|1\n|\n|-weather|Sandstorm|[upkeep]\n|-damage|p2a: Cryogonal|253/287|[from] Sandstorm\n|-heal|p1a: Tyranitar|182/288|[from] item: Leftovers\n|upkeep\n|turn|3\n|\n|t:|1732985632\n|move|p1a: Tyranitar|Stone Edge|p2a: Cryogonal\n|-supereffective|p2a: Cryogonal\n|-damage|p2a: Cryogonal|0 fnt\n|faint|p2a: Cryogonal\n|\n|-weather|Sandstorm|[upkeep]\n|-heal|p1a: Tyranitar|200/288|[from] item: Leftovers\n|upkeep\n|\n|t:|1732985646\n|switch|p2a: Calyrex|Calyrex-Shadow, L64|235/235\n|-ability|p2a: Calyrex|As One\n|-ability|p2a: Calyrex|Unnerve\n|turn|4\n|\n|t:|1732985662\n|move|p1a: Tyranitar|Knock Off|p2a: Calyrex\n|-supereffective|p2a: Calyrex\n|-damage|p2a: Calyrex|0 fnt\n|-enditem|p2a: Calyrex|Choice Specs|[from] move: Knock Off|[of] p1a: Tyranitar\n|faint|p2a: Calyrex\n|\n|-weather|Sandstorm|[upkeep]\n|-heal|p1a: Tyranitar|218/288|[from] item: Leftovers\n|upkeep\n|\n|t:|1732985670\n|switch|p2a: Tinkaton|Tinkaton, L82, F|274/274\n|-ability|p2a: Tinkaton|Mold Breaker\n|turn|5\n|\n|t:|1732985679\n|move|p1a: Tyranitar|Earthquake|p2a: Tinkaton\n|-supereffective|p2a: Tinkaton\n|-damage|p2a: Tinkaton|0 fnt\n|faint|p2a: Tinkaton\n|\n|-weather|none\n|-heal|p1a: Tyranitar|236/288|[from] item: Leftovers\n|upkeep\n|\n|t:|1732985687\n|switch|p2a: Braviary|Braviary, L85, M|309/309\n|turn|6\n|\n|t:|1732985692\n|move|p1a: Tyranitar|Stone Edge|p2a: Braviary\n|-supereffective|p2a: Braviary\n|-damage|p2a: Braviary|0 fnt\n|faint|p2a: Braviary\n|\n|-heal|p1a: Tyranitar|254/288|[from] item: Leftovers\n|upkeep\n|\n|t:|1732985699\n|switch|p2a: Kingdra|Kingdra, L84, F|263/263\n|turn|7\n|\n|t:|1732985710\n|move|p1a: Tyranitar|Knock Off|p2a: Kingdra\n|-damage|p2a: Kingdra|38/263\n|-enditem|p2a: Kingdra|Lum Berry|[from] move: Knock Off|[of] p1a: Tyranitar\n|move|p2a: Kingdra|Wave Crash|p1a: Tyranitar\n|-supereffective|p1a: Tyranitar\n|-damage|p1a: Tyranitar|42/288\n|-damage|p2a: Kingdra|0 fnt|[from] Recoil\n|faint|p2a: Kingdra\n|\n|-heal|p1a: Tyranitar|60/288|[from] item: Leftovers\n|upkeep\n|-message|Hubbub hbjb forfeited.\n|\n|win|Goons of in\n|raw|Goons of in's rating: 1040 &rarr; <strong>1074</strong><br />(+34 for winning)\n|raw|Hubbub hbjb's rating: 1043 &rarr; <strong>1026</strong><br />(-17 for losing)\n|l|\u2606Hubbub hbjb\n|player|p2|\n", "inputlog": ">version b107d77f5c90bd6555267ae244a6264823309ead\n>start {\"formatid\":\"gen9randombattle\",\"seed\":[61831,43982,40245,52433],\"rated\":\"Rated battle\"}\n>player p1 {\"name\":\"Goons of in\",\"avatar\":\"2\",\"rating\":1040,\"seed\":[25379,1798,6545,23400]}\n>player p2 {\"name\":\"Hubbub hbjb\",\"avatar\":\"2\",\"rating\":1043,\"seed\":[25687,60861,20732,15335]}\n>p1 move dragondance terastallize\n>p2 move icebeam\n>p1 move dragondance\n>p2 move icebeam\n>p1 move stoneedge\n>p2 move icebeam\n>p2 switch 2\n>p1 move knockoff\n>p2 move astralbarrage\n>p2 switch 4\n>p1 move earthquake\n>p2 move knockoff\n>p2 switch 3\n>p1 move stoneedge\n>p2 move closecombat\n>p2 switch 5\n>p1 move knockoff\n>p2 move wavecrash\n>forcelose p2", "uploadtime": 1732985724, "views": 2, "formatid": "gen9randombattle", "rating": 1026, "private": 0, "password": null}