{"id": "gen9randombattle-2253986514", "format": "[Gen 9] Random Battle", "players": ["cfyjcvt", "manolovm01"], "log": "|j|\u2606cfyjcvt\n|j|\u2606manolovm01\n|t:|1732976041\n|gametype|singles\n|player|p1|cfyjcvt|hooligans|1113\n|player|p2|manolovm01|102|1103\n|teamsize|p1|6\n|teamsize|p2|6\n|gen|9\n|tier|[Gen 9] Random Battle\n|rated|\n|rule|Species Clause: Limit one of each Pok\u00e9mon\n|rule|HP Percentage Mod: HP is shown in percentages\n|rule|Sleep Clause Mod: Limit one foe put to sleep\n|rule|Illusion Level Mod: Illusion disguises the Pok\u00e9mon's true level\n|\n|t:|1732976041\n|start\n|switch|p1a: Iron Hands|Iron Hands, L79|373/373\n|switch|p2a: Regieleki|Regieleki, L79|256/256\n|turn|1\n|inactive|Battle timer is ON: inactive players will automatically lose when time's up. (requested by manolovm01)\n|\n|t:|1732976055\n|move|p1a: Iron Hands|Fake Out|p2a: Regieleki\n|-damage|p2a: Regieleki|201/256\n|cant|p2a: Regieleki|flinch\n|\n|upkeep\n|turn|2\n|inactive|manolovm01 has 120 seconds left.\n|\n|t:|1732976087\n|-end|p1a: Iron Hands|Quark Drive|[silent]\n|switch|p1a: Passimian|Passimian, L83, M|302/302\n|move|p2a: Regieleki|Volt Switch|p1a: Passimian\n|-damage|p1a: Passimian|164/302\n|inactive|manolovm01 has 120 seconds left.\n|\n|t:|1732976095\n|switch|p2a: Braviary|Braviary-Hisui, L85, M|326/326|[from] Volt Switch\n|\n|upkeep\n|turn|3\n|inactive|manolovm01 has 120 seconds left.\n|\n|t:|1732976109\n|-terastallize|p2a: Braviary|Psychic\n|move|p1a: Passimian|Rock Slide|p2a: Braviary\n|-damage|p2a: Braviary|251/326\n|cant|p2a: Braviary|flinch\n|\n|upkeep\n|turn|4\n|\n|t:|1732976120\n|move|p1a: Passimian|Rock Slide|p2a: Braviary\n|-damage|p2a: Braviary|180/326\n|cant|p2a: Braviary|flinch\n|\n|upkeep\n|turn|5\n|\n|t:|1732976132\n|move|p1a: Passimian|Rock Slide|p2a: Braviary\n|-damage|p2a: Braviary|106/326\n|cant|p2a: Braviary|flinch\n|\n|upkeep\n|turn|6\n|\n|t:|1732976138\n|move|p1a: Passimian|Rock Slide|p2a: Braviary\n|-damage|p2a: Braviary|38/326\n|move|p2a: Braviary|Agility|p2a: Braviary\n|-boost|p2a: Braviary|spe|2\n|\n|upkeep\n|turn|7\n|inactive|cfyjcvt has 120 seconds left.\n|\n|t:|1732976169\n|move|p2a: Braviary|Psychic|p1a: Passimian\n|-supereffective|p1a: Passimian\n|-damage|p1a: Passimian|0 fnt\n|faint|p1a: Passimian\n|\n|upkeep\n|\n|t:|1732976172\n|switch|p1a: Banette|Banette, L93, F|270/270\n|-item|p2a: Braviary|Life Orb|[from] ability: Frisk|[of] p1a: Banette\n|turn|8\n|\n|t:|1732976182\n|move|p1a: Banette|Shadow Sneak|p2a: Braviary\n|-supereffective|p2a: Braviary\n|-damage|p2a: Braviary|0 fnt\n|faint|p2a: Braviary\n|-damage|p1a: Banette|243/270|[from] item: Life Orb\n|\n|upkeep\n|\n|t:|1732976191\n|switch|p2a: Kricketune|Kricketune, L99, M|312/312\n|turn|9\n|\n|t:|1732976201\n|move|p2a: Kricketune|Sticky Web|p1a: Banette\n|-sidestart|p1: cfyjcvt|move: Sticky Web\n|move|p1a: Banette|Thunder Wave|p2a: Kricketune\n|-status|p2a: Kricketune|par\n|\n|upkeep\n|turn|10\n|inactive|cfyjcvt has 120 seconds left.\n|\n|t:|1732976249\n|move|p1a: Banette|Poltergeist|p2a: Kricketune|[miss]\n|-miss|p1a: Banette|p2a: Kricketune\n|move|p2a: Kricketune|Taunt|p1a: Banette\n|-start|p1a: Banette|move: Taunt\n|\n|upkeep\n|turn|11\n|\n|t:|1732976258\n|move|p1a: Banette|Poltergeist|p2a: Kricketune\n|-activate|p2a: Kricketune|move: Poltergeist|Heavy-Duty Boots\n|-damage|p2a: Kricketune|65/312 par\n|-damage|p1a: Banette|216/270|[from] item: Life Orb\n|cant|p2a: Kricketune|par\n|\n|upkeep\n|turn|12\n|inactive|cfyjcvt has 120 seconds left.\n|inactive|cfyjcvt has 90 seconds left.\n|\n|t:|1732976314\n|move|p1a: Banette|Shadow Sneak|p2a: Kricketune\n|-damage|p2a: Kricketune|0 fnt\n|faint|p2a: Kricketune\n|-damage|p1a: Banette|189/270|[from] item: Life Orb\n|\n|upkeep\n|\n|t:|1732976330\n|switch|p2a: Basculin|Basculin, L86, F|261/261\n|turn|13\n|inactive|cfyjcvt has 60 seconds left.\n|\n|t:|1732976367\n|move|p2a: Basculin|Wave Crash|p1a: Banette\n|-damage|p1a: Banette|0 fnt\n|faint|p1a: Banette\n|-damage|p2a: Basculin|199/261|[from] Recoil\n|\n|upkeep\n|\n|t:|1732976372\n|switch|p1a: Iron Hands|Iron Hands, L79|373/373\n|-activate|p1a: Iron Hands|move: Sticky Web\n|-unboost|p1a: Iron Hands|spe|1\n|turn|14\n|\n|t:|1732976378\n|move|p1a: Iron Hands|Fake Out|p2a: Basculin\n|-damage|p2a: Basculin|161/261\n|cant|p2a: Basculin|flinch\n|\n|upkeep\n|turn|15\n|\n|t:|1732976388\n|move|p2a: Basculin|Wave Crash|p1a: Iron Hands\n|-damage|p1a: Iron Hands|133/373\n|-damage|p2a: Basculin|82/261|[from] Recoil\n|move|p1a: Iron Hands|Wild Charge|p2a: Basculin\n|-supereffective|p2a: Basculin\n|-damage|p2a: Basculin|0 fnt\n|faint|p2a: Basculin\n|-damage|p1a: Iron Hands|112/373|[from] Recoil\n|\n|upkeep\n|\n|t:|1732976401\n|switch|p2a: Sudowoodo|Sudowoodo, L94, F|284/284\n|turn|16\n|\n|t:|1732976407\n|move|p2a: Sudowoodo|Earthquake|p1a: Iron Hands\n|-supereffective|p1a: Iron Hands\n|-damage|p1a: Iron Hands|0 fnt\n|faint|p1a: Iron Hands\n|-end|p1a: Iron Hands|Quark Drive|[silent]\n|\n|upkeep\n|\n|t:|1732976411\n|switch|p1a: Gogoat|Gogoat, L88, F|360/360\n|-activate|p1a: Gogoat|move: Sticky Web\n|-unboost|p1a: Gogoat|spe|1\n|turn|17\n|\n|t:|1732976419\n|switch|p2a: Zapdos|Zapdos, L78|268/268\n|move|p1a: Gogoat|Bulk Up|p1a: Gogoat\n|-boost|p1a: Gogoat|atk|1\n|-boost|p1a: Gogoat|def|1\n|\n|upkeep\n|turn|18\n|inactive|cfyjcvt has 90 seconds left.\n|\n|t:|1732976431\n|move|p2a: Zapdos|Hurricane|p1a: Gogoat|[miss]\n|-miss|p2a: Zapdos|p1a: Gogoat\n|move|p1a: Gogoat|Bulk Up|p1a: Gogoat\n|-boost|p1a: Gogoat|atk|1\n|-boost|p1a: Gogoat|def|1\n|\n|upkeep\n|turn|19\n|\n|t:|1732976441\n|move|p2a: Zapdos|Hurricane|p1a: Gogoat\n|-supereffective|p1a: Gogoat\n|-damage|p1a: Gogoat|96/360\n|move|p1a: Gogoat|Horn Leech|p2a: Zapdos\n|-resisted|p2a: Zapdos\n|-damage|p2a: Zapdos|175/268\n|-heal|p1a: Gogoat|143/360|[from] drain|[of] p2a: Zapdos\n|\n|-heal|p1a: Gogoat|165/360|[from] item: Leftovers\n|upkeep\n|turn|20\n|\n|t:|1732976452\n|move|p2a: Zapdos|Hurricane|p1a: Gogoat|[miss]\n|-miss|p2a: Zapdos|p1a: Gogoat\n|move|p1a: Gogoat|Milk Drink|p1a: Gogoat\n|-heal|p1a: Gogoat|345/360\n|\n|-heal|p1a: Gogoat|360/360|[from] item: Leftovers\n|upkeep\n|turn|21\n|inactive|cfyjcvt has 90 seconds left.\n|\n|t:|1732976494\n|move|p2a: Zapdos|Hurricane|p1a: Gogoat\n|-supereffective|p1a: Gogoat\n|-damage|p1a: Gogoat|124/360\n|move|p1a: Gogoat|Milk Drink|p1a: Gogoat\n|-heal|p1a: Gogoat|304/360\n|\n|-heal|p1a: Gogoat|326/360|[from] item: Leftovers\n|upkeep\n|turn|22\n|\n|t:|1732976511\n|move|p2a: Zapdos|Hurricane|p1a: Gogoat\n|-supereffective|p1a: Gogoat\n|-damage|p1a: Gogoat|74/360\n|-start|p1a: Gogoat|confusion\n|-activate|p1a: Gogoat|confusion\n|move|p1a: Gogoat|Horn Leech|p2a: Zapdos\n|-resisted|p2a: Zapdos\n|-damage|p2a: Zapdos|75/268\n|-heal|p1a: Gogoat|124/360|[from] drain|[of] p2a: Zapdos\n|\n|-heal|p1a: Gogoat|146/360|[from] item: Leftovers\n|upkeep\n|turn|23\n|\n|t:|1732976523\n|move|p2a: Zapdos|Roost|p2a: Zapdos\n|-heal|p2a: Zapdos|209/268\n|-singleturn|p2a: Zapdos|move: Roost\n|-end|p1a: Gogoat|confusion\n|move|p1a: Gogoat|Milk Drink|p1a: Gogoat\n|-heal|p1a: Gogoat|326/360\n|\n|-heal|p1a: Gogoat|348/360|[from] item: Leftovers\n|upkeep\n|turn|24\n|inactive|cfyjcvt has 90 seconds left.\n|\n|t:|1732976538\n|move|p2a: Zapdos|Hurricane|p1a: Gogoat\n|-supereffective|p1a: Gogoat\n|-damage|p1a: Gogoat|100/360\n|move|p1a: Gogoat|Bulk Up|p1a: Gogoat\n|-boost|p1a: Gogoat|atk|1\n|-boost|p1a: Gogoat|def|1\n|\n|-heal|p1a: Gogoat|122/360|[from] item: Leftovers\n|upkeep\n|turn|25\n|\n|t:|1732976549\n|move|p2a: Zapdos|Hurricane|p1a: Gogoat\n|-supereffective|p1a: Gogoat\n|-damage|p1a: Gogoat|0 fnt\n|faint|p1a: Gogoat\n|\n|upkeep\n|inactive|cfyjcvt has 90 seconds left.\n|\n|t:|1732976555\n|switch|p1a: Sinistcha|Sinistcha, L83|254/254\n|-activate|p1a: Sinistcha|move: Sticky Web\n|-unboost|p1a: Sinistcha|spe|1\n|turn|26\n|\n|t:|1732976563\n|move|p2a: Zapdos|Hurricane|p1a: Sinistcha|[miss]\n|-miss|p2a: Zapdos|p1a: Sinistcha\n|move|p1a: Sinistcha|Matcha Gotcha|p2a: Zapdos\n|-resisted|p2a: Zapdos\n|-damage|p2a: Zapdos|158/268\n|-status|p2a: Zapdos|brn\n|\n|-damage|p2a: Zapdos|142/268 brn|[from] brn\n|upkeep\n|turn|27\n|\n|t:|1732976575\n|move|p2a: Zapdos|Hurricane|p1a: Sinistcha\n|-supereffective|p1a: Sinistcha\n|-damage|p1a: Sinistcha|0 fnt\n|faint|p1a: Sinistcha\n|\n|-damage|p2a: Zapdos|126/268 brn|[from] brn\n|upkeep\n|\n|t:|1732976579\n|switch|p1a: Incineroar|Incineroar, L82, F|290/290\n|-ability|p1a: Incineroar|Intimidate|boost\n|-unboost|p2a: Zapdos|atk|1\n|turn|28\n|\n|t:|1732976595\n|move|p2a: Zapdos|Hurricane|p1a: Incineroar\n|-damage|p1a: Incineroar|170/290\n|move|p1a: Incineroar|Flare Blitz|p2a: Zapdos\n|-damage|p2a: Zapdos|0 fnt\n|faint|p2a: Zapdos\n|-damage|p1a: Incineroar|128/290|[from] Recoil\n|\n|upkeep\n|\n|t:|1732976605\n|switch|p2a: Regieleki|Regieleki, L79|201/256\n|turn|29\n|\n|t:|1732976611\n|move|p2a: Regieleki|Thunderbolt|p1a: Incineroar\n|-damage|p1a: Incineroar|0 fnt\n|faint|p1a: Incineroar\n|\n|win|manolovm01\n|raw|cfyjcvt's rating: 1136 &rarr; <strong>1109</strong><br />(-27 for losing)\n|raw|manolovm01's rating: 1103 &rarr; <strong>1130</strong><br />(+27 for winning)\n", "inputlog": ">version b107d77f5c90bd6555267ae244a6264823309ead\n>start {\"formatid\":\"gen9randombattle\",\"seed\":[54586,53976,47329,35344],\"rated\":\"Rated battle\"}\n>player p1 {\"name\":\"cfyjcvt\",\"avatar\":\"hooligans\",\"rating\":1113,\"seed\":[55326,27727,62184,61249]}\n>player p2 {\"name\":\"manolovm01\",\"avatar\":\"102\",\"rating\":1103,\"seed\":[54495,53612,37493,6619]}\n>p1 move fakeout\n>p2 move voltswitch\n>p1 switch 2\n>p2 move voltswitch\n>p2 switch 3\n>p1 move rockslide\n>p2 move agility terastallize\n>p1 move rockslide\n>p2 move agility\n>p1 move rockslide\n>p2 move agility\n>p1 move rockslide\n>p2 move agility\n>p1 move rockslide\n>p2 move psychic\n>p1 switch 3\n>p1 move shadowsneak\n>p2 move hurricane\n>p2 switch 6\n>p1 move thunderwave\n>p2 move stickyweb\n>p1 move poltergeist\n>p2 move taunt\n>p1 move poltergeist\n>p2 move knockoff\n>p1 move shadowsneak\n>p2 move knockoff\n>p2 switch 5\n>p1 move poltergeist\n>p2 move wavecrash\n>p1 switch 2\n>p1 move fakeout\n>p2 move wavecrash\n>p1 move wildcharge\n>p2 move wavecrash\n>p2 switch 2\n>p1 move closecombat\n>p2 move earthquake\n>p1 switch 5\n>p1 move bulkup\n>p2 switch 4\n>p1 move bulkup\n>p2 move hurricane\n>p1 move hornleech\n>p2 move hurricane\n>p1 move milkdrink\n>p2 move hurricane\n>p1 move milkdrink\n>p2 move hurricane\n>p1 move hornleech\n>p2 move hurricane\n>p1 move milkdrink\n>p2 move roost\n>p1 move bulkup\n>p2 move hurricane\n>p1 move milkdrink\n>p2 move hurricane\n>p1 switch 6\n>p1 move matchagotcha\n>p2 move hurricane\n>p1 move calmmind\n>p2 move hurricane\n>p1 switch 4\n>p1 move flareblitz\n>p2 move hurricane\n>p2 switch 3\n>p1 move closecombat\n>p2 move thunderbolt", "uploadtime": 1732976617, "views": 1, "formatid": "gen9randombattle", "rating": 1109, "private": 0, "password": null}