{"id": "gen9randombattle-2254086076", "format": "[Gen 9] Random Battle", "players": ["tyfuerwgerg", "zefera"], "log": "|j|\u2606tyfuerwgerg\n|j|\u2606zefera\n|t:|1732989527\n|gametype|singles\n|player|p1|tyfuerwgerg|169|1145\n|player|p2|zefera|1|1176\n|teamsize|p1|6\n|teamsize|p2|6\n|gen|9\n|tier|[Gen 9] Random Battle\n|rated|\n|rule|Species Clause: Limit one of each Pok\u00e9mon\n|rule|HP Percentage Mod: HP is shown in percentages\n|rule|Sleep Clause Mod: Limit one foe put to sleep\n|rule|Illusion Level Mod: Illusion disguises the Pok\u00e9mon's true level\n|\n|t:|1732989527\n|start\n|switch|p1a: Necrozma|Necrozma, L80|286/286\n|switch|p2a: Jirachi|Jirachi, L80|291/291\n|turn|1\n|inactive|Battle timer is ON: inactive players will automatically lose when time's up. (requested by tyfuerwgerg)\n|\n|t:|1732989541\n|switch|p1a: Pincurchin|Pincurchin, F|258/258\n|-fieldstart|move: Electric Terrain|[from] ability: Electric Surge|[of] p1a: Pincurchin\n|move|p2a: Jirachi|Iron Head|p1a: Pincurchin\n|-resisted|p1a: Pincurchin\n|-damage|p1a: Pincurchin|224/258\n|\n|-heal|p1a: Pincurchin|240/258|[from] item: Leftovers\n|upkeep\n|turn|2\n|\n|t:|1732989556\n|move|p2a: Jirachi|Body Slam|p1a: Pincurchin\n|-damage|p1a: Pincurchin|198/258\n|move|p1a: Pincurchin|Curse|p1a: Pincurchin\n|-unboost|p1a: Pincurchin|spe|1\n|-boost|p1a: Pincurchin|atk|1\n|-boost|p1a: Pincurchin|def|1\n|\n|-heal|p1a: Pincurchin|214/258|[from] item: Leftovers\n|upkeep\n|turn|3\n|\n|t:|1732989568\n|move|p2a: Jirachi|Body Slam|p1a: Pincurchin\n|-damage|p1a: Pincurchin|183/258\n|move|p1a: Pincurchin|Zing Zap|p2a: Jirachi\n|-damage|p2a: Jirachi|56/291\n|\n|-heal|p2a: Jirachi|74/291|[from] item: Leftovers\n|-heal|p1a: Pincurchin|199/258|[from] item: Leftovers\n|upkeep\n|turn|4\n|\n|t:|1732989576\n|move|p2a: Jirachi|Iron Head|p1a: Pincurchin\n|-resisted|p1a: Pincurchin\n|-damage|p1a: Pincurchin|177/258\n|cant|p1a: Pincurchin|flinch\n|\n|-heal|p2a: Jirachi|92/291|[from] item: Leftovers\n|-heal|p1a: Pincurchin|193/258|[from] item: Leftovers\n|upkeep\n|turn|5\n|\n|t:|1732989583\n|move|p2a: Jirachi|Iron Head|p1a: Pincurchin\n|-resisted|p1a: Pincurchin\n|-damage|p1a: Pincurchin|172/258\n|cant|p1a: Pincurchin|flinch\n|\n|-heal|p2a: Jirachi|110/291|[from] item: Leftovers\n|-heal|p1a: Pincurchin|188/258|[from] item: Leftovers\n|-fieldend|move: Electric Terrain\n|upkeep\n|turn|6\n|\n|t:|1732989591\n|move|p2a: Jirachi|Iron Head|p1a: Pincurchin\n|-resisted|p1a: Pincurchin\n|-damage|p1a: Pincurchin|164/258\n|cant|p1a: Pincurchin|flinch\n|\n|-heal|p2a: Jirachi|128/291|[from] item: Leftovers\n|-heal|p1a: Pincurchin|180/258|[from] item: Leftovers\n|upkeep\n|turn|7\n|c|\u2606tyfuerwgerg|arent u a lucky lil cun t\n|\n|t:|1732989604\n|move|p2a: Jirachi|Iron Head|p1a: Pincurchin\n|-resisted|p1a: Pincurchin\n|-damage|p1a: Pincurchin|160/258\n|cant|p1a: Pincurchin|flinch\n|\n|-heal|p2a: Jirachi|146/291|[from] item: Leftovers\n|-heal|p1a: Pincurchin|176/258|[from] item: Leftovers\n|upkeep\n|turn|8\n|\n|t:|1732989612\n|move|p2a: Jirachi|Iron Head|p1a: Pincurchin\n|-resisted|p1a: Pincurchin\n|-damage|p1a: Pincurchin|156/258\n|move|p1a: Pincurchin|Curse|p1a: Pincurchin\n|-unboost|p1a: Pincurchin|spe|1\n|-boost|p1a: Pincurchin|atk|1\n|-boost|p1a: Pincurchin|def|1\n|\n|-heal|p2a: Jirachi|164/291|[from] item: Leftovers\n|-heal|p1a: Pincurchin|172/258|[from] item: Leftovers\n|upkeep\n|turn|9\n|\n|t:|1732989626\n|switch|p2a: Iron Moth|Iron Moth, L78|253/253\n|move|p1a: Pincurchin|Recover|p1a: Pincurchin\n|-heal|p1a: Pincurchin|258/258\n|\n|upkeep\n|turn|10\n|\n|t:|1732989640\n|move|p2a: Iron Moth|Sludge Wave|p1a: Pincurchin\n|-damage|p1a: Pincurchin|93/258\n|move|p1a: Pincurchin|Liquidation|p2a: Iron Moth\n|-supereffective|p2a: Iron Moth\n|-damage|p2a: Iron Moth|0 fnt\n|faint|p2a: Iron Moth\n|-end|p2a: Iron Moth|Quark Drive|[silent]\n|\n|-heal|p1a: Pincurchin|109/258|[from] item: Leftovers\n|upkeep\n|\n|t:|1732989648\n|switch|p2a: Dewgong|Dewgong, L94, F|322/322\n|turn|11\n|\n|t:|1732989657\n|move|p2a: Dewgong|Ice Beam|p1a: Pincurchin\n|-crit|p1a: Pincurchin\n|-damage|p1a: Pincurchin|0 fnt\n|faint|p1a: Pincurchin\n|\n|upkeep\n|c|\u2606tyfuerwgerg|and a crit\n|c|\u2606tyfuerwgerg|go fuc k yourself\n|\n|t:|1732989673\n|switch|p1a: Dedenne|Dedenne, L88, F|261/261\n|turn|12\n|\n|t:|1732989680\n|move|p1a: Dedenne|Nuzzle|p2a: Dewgong\n|-supereffective|p2a: Dewgong\n|-damage|p2a: Dewgong|286/322\n|-status|p2a: Dewgong|par\n|move|p2a: Dewgong|Ice Beam|p1a: Dedenne\n|-damage|p1a: Dedenne|147/261\n|\n|upkeep\n|turn|13\n|\n|t:|1732989690\n|move|p1a: Dedenne|Thunderbolt|p2a: Dewgong\n|-supereffective|p2a: Dewgong\n|-damage|p2a: Dewgong|140/322 par\n|move|p2a: Dewgong|Ice Beam|p1a: Dedenne\n|-damage|p1a: Dedenne|41/261\n|-enditem|p1a: Dedenne|Sitrus Berry|[eat]\n|-heal|p1a: Dedenne|106/261|[from] item: Sitrus Berry\n|-heal|p1a: Dedenne|193/261|[from] ability: Cheek Pouch\n|\n|upkeep\n|turn|14\n|\n|t:|1732989707\n|move|p1a: Dedenne|Thunderbolt|p2a: Dewgong\n|-supereffective|p2a: Dewgong\n|-damage|p2a: Dewgong|0 fnt\n|faint|p2a: Dewgong\n|\n|upkeep\n|\n|t:|1732989712\n|switch|p2a: Cryogonal|Cryogonal, L89|287/287\n|turn|15\n|\n|t:|1732989719\n|move|p2a: Cryogonal|Haze|p2a: Cryogonal\n|-clearallboost\n|move|p1a: Dedenne|Nuzzle|p2a: Cryogonal\n|-damage|p2a: Cryogonal|262/287\n|-status|p2a: Cryogonal|par\n|\n|upkeep\n|turn|16\n|\n|t:|1732989740\n|move|p1a: Dedenne|Super Fang|p2a: Cryogonal\n|-damage|p2a: Cryogonal|131/287 par\n|move|p2a: Cryogonal|Haze|p2a: Cryogonal\n|-clearallboost\n|\n|upkeep\n|turn|17\n|\n|t:|1732989745\n|move|p1a: Dedenne|Thunderbolt|p2a: Cryogonal\n|-damage|p2a: Cryogonal|64/287 par\n|move|p2a: Cryogonal|Freeze-Dry|p1a: Dedenne\n|-damage|p1a: Dedenne|94/261\n|\n|upkeep\n|turn|18\n|\n|t:|1732989751\n|move|p1a: Dedenne|Thunderbolt|p2a: Cryogonal\n|-damage|p2a: Cryogonal|1/287 par\n|move|p2a: Cryogonal|Freeze-Dry|p1a: Dedenne\n|-damage|p1a: Dedenne|6/261\n|\n|upkeep\n|turn|19\n|\n|t:|1732989757\n|move|p1a: Dedenne|Thunderbolt|p2a: Cryogonal\n|-damage|p2a: Cryogonal|0 fnt\n|faint|p2a: Cryogonal\n|\n|upkeep\n|\n|t:|1732989760\n|switch|p2a: Flamigo|Flamigo, L82, M|269/269\n|turn|20\n|\n|t:|1732989773\n|move|p1a: Dedenne|Nuzzle|p2a: Flamigo\n|-supereffective|p2a: Flamigo\n|-damage|p2a: Flamigo|233/269\n|-status|p2a: Flamigo|par\n|move|p2a: Flamigo|Brave Bird|p1a: Dedenne\n|-resisted|p1a: Dedenne\n|-damage|p1a: Dedenne|0 fnt\n|faint|p1a: Dedenne\n|-damage|p2a: Flamigo|231/269 par|[from] Recoil\n|-damage|p2a: Flamigo|205/269 par|[from] item: Life Orb\n|\n|upkeep\n|\n|t:|1732989785\n|switch|p1a: Sudowoodo|Sudowoodo, L94, F|284/284\n|turn|21\n|\n|t:|1732989792\n|move|p1a: Sudowoodo|Stealth Rock|p2a: Flamigo\n|-sidestart|p2: zefera|move: Stealth Rock\n|move|p2a: Flamigo|Close Combat|p1a: Sudowoodo\n|-supereffective|p1a: Sudowoodo\n|-damage|p1a: Sudowoodo|19/284\n|-unboost|p2a: Flamigo|def|1\n|-unboost|p2a: Flamigo|spd|1\n|-damage|p2a: Flamigo|179/269 par|[from] item: Life Orb\n|\n|-heal|p1a: Sudowoodo|36/284|[from] item: Leftovers\n|upkeep\n|turn|22\n|c|\u2606tyfuerwgerg|god go buy a lotto ticket kid\n|\n|t:|1732989814\n|move|p1a: Sudowoodo|Head Smash|p2a: Flamigo\n|-damage|p2a: Flamigo|0 fnt\n|faint|p2a: Flamigo\n|\n|-heal|p1a: Sudowoodo|53/284|[from] item: Leftovers\n|upkeep\n|\n|t:|1732989820\n|switch|p2a: Jirachi|Jirachi, L80|164/291\n|-damage|p2a: Jirachi|146/291|[from] Stealth Rock\n|turn|23\n|\n|t:|1732989825\n|move|p2a: Jirachi|Body Slam|p1a: Sudowoodo\n|-resisted|p1a: Sudowoodo\n|-damage|p1a: Sudowoodo|34/284\n|-status|p1a: Sudowoodo|par\n|cant|p1a: Sudowoodo|par\n|\n|-heal|p2a: Jirachi|164/291|[from] item: Leftovers\n|-heal|p1a: Sudowoodo|51/284 par|[from] item: Leftovers\n|upkeep\n|turn|24\n|c|\u2606tyfuerwgerg|thats wild\n|c|\u2606tyfuerwgerg|and still u clown\n|\n|t:|1732989854\n|move|p2a: Jirachi|Body Slam|p1a: Sudowoodo\n|-resisted|p1a: Sudowoodo\n|-damage|p1a: Sudowoodo|31/284 par\n|move|p1a: Sudowoodo|Head Smash|p2a: Jirachi|[miss]\n|-miss|p1a: Sudowoodo|p2a: Jirachi\n|\n|-heal|p2a: Jirachi|182/291|[from] item: Leftovers\n|-heal|p1a: Sudowoodo|48/284 par|[from] item: Leftovers\n|upkeep\n|turn|25\n|\n|t:|1732989863\n|move|p2a: Jirachi|Iron Head|p1a: Sudowoodo\n|-supereffective|p1a: Sudowoodo\n|-damage|p1a: Sudowoodo|0 fnt\n|faint|p1a: Sudowoodo\n|\n|-heal|p2a: Jirachi|200/291|[from] item: Leftovers\n|upkeep\n|\n|t:|1732989871\n|switch|p1a: Necrozma|Necrozma, L80|286/286\n|turn|26\n|\n|t:|1732989876\n|move|p2a: Jirachi|Iron Head|p1a: Necrozma\n|-damage|p1a: Necrozma|214/286\n|move|p1a: Necrozma|Dragon Dance|p1a: Necrozma\n|-boost|p1a: Necrozma|atk|1\n|-boost|p1a: Necrozma|spe|1\n|\n|-heal|p2a: Jirachi|218/291|[from] item: Leftovers\n|upkeep\n|turn|27\n|\n|t:|1732989883\n|move|p1a: Necrozma|Knock Off|p2a: Jirachi\n|-supereffective|p2a: Jirachi\n|-damage|p2a: Jirachi|0 fnt\n|-enditem|p2a: Jirachi|Leftovers|[from] move: Knock Off|[of] p1a: Necrozma\n|faint|p2a: Jirachi\n|-damage|p1a: Necrozma|186/286|[from] item: Life Orb\n|\n|upkeep\n|\n|t:|1732989886\n|switch|p2a: Raikou|Raikou, L81|278/278\n|-damage|p2a: Raikou|244/278|[from] Stealth Rock\n|-ability|p2a: Raikou|Pressure\n|turn|28\n|c|\u2606tyfuerwgerg|lil bitc h\n|\n|t:|1732989894\n|move|p1a: Necrozma|Earthquake|p2a: Raikou\n|-supereffective|p2a: Raikou\n|-damage|p2a: Raikou|0 fnt\n|faint|p2a: Raikou\n|-damage|p1a: Necrozma|158/286|[from] item: Life Orb\n|\n|win|tyfuerwgerg\n", "inputlog": ">version b107d77f5c90bd6555267ae244a6264823309ead\n>start {\"formatid\":\"gen9randombattle\",\"seed\":[24891,21562,44689,30524],\"rated\":\"Rated battle\"}\n>player p1 {\"name\":\"tyfuerwgerg\",\"avatar\":\"169\",\"rating\":1145,\"seed\":[36728,8945,1996,15644]}\n>player p2 {\"name\":\"zefera\",\"avatar\":\"1\",\"rating\":1176,\"seed\":[28295,31695,55492,41069]}\n>p1 switch 2\n>p2 move ironhead\n>p1 move curse\n>p2 move bodyslam\n>p1 move zingzap\n>p2 move bodyslam\n>p1 move zingzap\n>p2 move ironhead\n>p1 move zingzap\n>p2 move ironhead\n>p1 move zingzap\n>p2 move ironhead\n>chat \u2606tyfuerwgerg|arent u a lucky lil cun t\n>p1 move zingzap\n>p2 move ironhead\n>p1 move curse\n>p2 move ironhead\n>p1 move recover\n>p2 switch 4\n>p1 move liquidation\n>p2 move sludgewave\n>p2 switch 6\n>p1 move recover\n>p2 move icebeam\n>chat \u2606tyfuerwgerg|and a crit \n>chat \u2606tyfuerwgerg|go fuc k yourself \n>p1 switch 4\n>p1 move nuzzle\n>p2 move icebeam\n>p1 move thunderbolt\n>p2 move icebeam\n>p1 move thunderbolt\n>p2 move icebeam\n>p2 switch 2\n>p1 move nuzzle\n>p2 move haze\n>p1 move superfang\n>p2 move haze\n>p1 move thunderbolt\n>p2 move freezedry\n>p1 move thunderbolt\n>p2 move freezedry\n>p1 move thunderbolt\n>p2 move rapidspin\n>p2 switch 3\n>p1 move nuzzle\n>p2 move bravebird\n>p1 switch 3\n>p1 move stealthrock\n>p2 move closecombat\n>chat \u2606tyfuerwgerg|god go buy a lotto ticket kid\n>p1 move headsmash\n>p2 move closecombat\n>p2 switch 4\n>p1 move headsmash\n>p2 move bodyslam\n>chat \u2606tyfuerwgerg|thats wild\n>chat \u2606tyfuerwgerg|and still u clown \n>p1 move headsmash\n>p2 move bodyslam\n>p1 move headsmash\n>p2 move ironhead\n>p1 switch 2\n>p1 move dragondance\n>p2 move ironhead\n>p1 move knockoff\n>p2 move ironhead\n>p2 switch 5\n>chat \u2606tyfuerwgerg|lil bitc h\n>p1 move earthquake\n>p2 move thunderbolt", "uploadtime": 1732989670, "views": 1, "formatid": "gen9randombattle", "rating": null, "private": 0, "password": null}