{"id": "gen9randombattle-2254052050", "format": "[Gen 9] Random Battle", "players": ["Duncleberry", "ShinoKido"], "log": "|j|\u2606Duncleberry\n|j|\u2606ShinoKido\n|t:|1732985214\n|gametype|singles\n|player|p1|Duncleberry|hilbert|1662\n|player|p2|ShinoKido|266|1657\n|teamsize|p1|6\n|teamsize|p2|6\n|gen|9\n|tier|[Gen 9] Random Battle\n|rated|\n|rule|Species Clause: Limit one of each Pok\u00e9mon\n|rule|HP Percentage Mod: HP is shown in percentages\n|rule|Sleep Clause Mod: Limit one foe put to sleep\n|rule|Illusion Level Mod: Illusion disguises the Pok\u00e9mon's true level\n|\n|t:|1732985214\n|start\n|switch|p1a: Hoopa|Hoopa, L85|275/275\n|switch|p2a: Ariados|Ariados, L95, F|287/287\n|turn|1\n|\n|t:|1732985222\n|move|p1a: Hoopa|Psychic|p2a: Ariados\n|-supereffective|p2a: Ariados\n|-enditem|p2a: Ariados|Focus Sash\n|-damage|p2a: Ariados|1/287\n|move|p2a: Ariados|Knock Off|p1a: Hoopa\n|-supereffective|p1a: Hoopa\n|-damage|p1a: Hoopa|0 fnt\n|-enditem|p1a: Hoopa|Choice Scarf|[from] move: Knock Off|[of] p2a: Ariados\n|faint|p1a: Hoopa\n|\n|upkeep\n|inactive|Battle timer is ON: inactive players will automatically lose when time's up. (requested by ShinoKido)\n|\n|t:|1732985229\n|switch|p1a: Honchkrow|Honchkrow, L86, F|312/312\n|turn|2\n|\n|t:|1732985234\n|switch|p2a: Carbink|Carbink, L90|236/236\n|move|p1a: Honchkrow|Brave Bird|p2a: Carbink\n|-resisted|p2a: Carbink\n|-damage|p2a: Carbink|184/236\n|-damage|p1a: Honchkrow|295/312|[from] Recoil\n|\n|upkeep\n|turn|3\n|\n|t:|1732985239\n|move|p1a: Honchkrow|U-turn|p2a: Carbink\n|-resisted|p2a: Carbink\n|-damage|p2a: Carbink|165/236\n|\n|t:|1732985246\n|switch|p1a: Espeon|Espeon, L84, F|246/246|[from] U-turn\n|move|p2a: Carbink|Moonblast|p1a: Espeon\n|-damage|p1a: Espeon|174/246\n|\n|upkeep\n|turn|4\n|\n|t:|1732985260\n|switch|p2a: Wyrdeer|Wyrdeer, L87, M|321/321\n|-ability|p2a: Wyrdeer|Intimidate|boost\n|-unboost|p1a: Espeon|atk|1\n|move|p1a: Espeon|Calm Mind|p1a: Espeon\n|-boost|p1a: Espeon|spa|1\n|-boost|p1a: Espeon|spd|1\n|\n|upkeep\n|turn|5\n|\n|t:|1732985265\n|switch|p1a: Honchkrow|Honchkrow, L86, F|295/312\n|move|p2a: Wyrdeer|Megahorn|p1a: Honchkrow|[miss]\n|-miss|p2a: Wyrdeer|p1a: Honchkrow\n|\n|upkeep\n|turn|6\n|\n|t:|1732985273\n|switch|p2a: Carbink|Carbink, L90|165/236\n|move|p1a: Honchkrow|Sucker Punch||[still]\n|-fail|p1a: Honchkrow\n|\n|upkeep\n|turn|7\n|\n|t:|1732985275\n|move|p1a: Honchkrow|U-turn|p2a: Carbink\n|-resisted|p2a: Carbink\n|-damage|p2a: Carbink|145/236\n|\n|t:|1732985277\n|switch|p1a: Espeon|Espeon, L84, F|174/246|[from] U-turn\n|move|p2a: Carbink|Moonblast|p1a: Espeon\n|-damage|p1a: Espeon|101/246\n|\n|upkeep\n|turn|8\n|\n|t:|1732985280\n|switch|p2a: Wyrdeer|Wyrdeer, L87, M|321/321\n|-ability|p2a: Wyrdeer|Intimidate|boost\n|-unboost|p1a: Espeon|atk|1\n|move|p1a: Espeon|Psychic|p2a: Wyrdeer\n|-resisted|p2a: Wyrdeer\n|-damage|p2a: Wyrdeer|261/321\n|-damage|p1a: Espeon|77/246|[from] item: Life Orb\n|\n|upkeep\n|turn|9\n|\n|t:|1732985287\n|move|p1a: Espeon|Alluring Voice|p2a: Wyrdeer\n|-damage|p2a: Wyrdeer|197/321\n|-damage|p1a: Espeon|53/246|[from] item: Life Orb\n|move|p2a: Wyrdeer|Thunderbolt|p1a: Espeon\n|-damage|p1a: Espeon|0 fnt\n|faint|p1a: Espeon\n|\n|upkeep\n|\n|t:|1732985293\n|switch|p1a: Galvantula|Galvantula, L82, M|249/249\n|turn|10\n|\n|t:|1732985297\n|switch|p2a: Mudsdale|Mudsdale, L84, F|305/305\n|move|p1a: Galvantula|Sticky Web|p2a: Mudsdale\n|-sidestart|p2: ShinoKido|move: Sticky Web\n|\n|upkeep\n|turn|11\n|\n|t:|1732985301\n|switch|p1a: Froslass|Froslass, L87, F|263/263\n|move|p2a: Mudsdale|Stealth Rock|p1a: Froslass\n|-sidestart|p1: Duncleberry|move: Stealth Rock\n|\n|upkeep\n|turn|12\n|\n|t:|1732985313\n|switch|p2a: Ariados|Ariados, L95, F|1/287\n|-activate|p2a: Ariados|move: Sticky Web\n|-unboost|p2a: Ariados|spe|1\n|move|p1a: Froslass|Will-O-Wisp|p2a: Ariados\n|-status|p2a: Ariados|brn\n|\n|-damage|p2a: Ariados|0 fnt|[from] brn\n|faint|p2a: Ariados\n|upkeep\n|\n|t:|1732985321\n|switch|p2a: Carbink|Carbink, L90|145/236\n|-activate|p2a: Carbink|move: Sticky Web\n|-fail|p2a: Carbink|unboost|[from] ability: Clear Body|[of] p2a: Carbink\n|turn|13\n|\n|t:|1732985334\n|move|p1a: Froslass|Poltergeist|p2a: Carbink\n|-activate|p2a: Carbink|move: Poltergeist|Chesto Berry\n|-damage|p2a: Carbink|82/236\n|move|p2a: Carbink|Moonblast|p1a: Froslass\n|-damage|p1a: Froslass|182/263\n|-unboost|p1a: Froslass|spa|1\n|\n|upkeep\n|turn|14\n|\n|t:|1732985344\n|move|p1a: Froslass|Poltergeist|p2a: Carbink\n|-activate|p2a: Carbink|move: Poltergeist|Chesto Berry\n|-damage|p2a: Carbink|19/236\n|move|p2a: Carbink|Rest|p2a: Carbink\n|-status|p2a: Carbink|slp|[from] move: Rest\n|-heal|p2a: Carbink|236/236 slp|[silent]\n|-enditem|p2a: Carbink|Chesto Berry|[eat]\n|-curestatus|p2a: Carbink|slp|[msg]\n|\n|upkeep\n|turn|15\n|\n|t:|1732985351\n|move|p1a: Froslass|Will-O-Wisp|p2a: Carbink\n|-status|p2a: Carbink|brn\n|move|p2a: Carbink|Iron Defense|p2a: Carbink\n|-boost|p2a: Carbink|def|2\n|\n|-damage|p2a: Carbink|222/236 brn|[from] brn\n|upkeep\n|turn|16\n|\n|t:|1732985355\n|move|p1a: Froslass|Spikes|p2a: Carbink\n|-sidestart|p2: ShinoKido|Spikes\n|move|p2a: Carbink|Iron Defense|p2a: Carbink\n|-boost|p2a: Carbink|def|2\n|\n|-damage|p2a: Carbink|208/236 brn|[from] brn\n|upkeep\n|turn|17\n|\n|t:|1732985357\n|move|p1a: Froslass|Spikes|p2a: Carbink\n|-sidestart|p2: ShinoKido|Spikes\n|move|p2a: Carbink|Moonblast|p1a: Froslass\n|-damage|p1a: Froslass|91/263\n|\n|-damage|p2a: Carbink|194/236 brn|[from] brn\n|upkeep\n|turn|18\n|\n|t:|1732985360\n|move|p1a: Froslass|Spikes|p2a: Carbink\n|-sidestart|p2: ShinoKido|Spikes\n|move|p2a: Carbink|Moonblast|p1a: Froslass\n|-damage|p1a: Froslass|12/263\n|\n|-damage|p2a: Carbink|180/236 brn|[from] brn\n|upkeep\n|turn|19\n|\n|t:|1732985362\n|move|p1a: Froslass|Poltergeist||[still]\n|-fail|p1a: Froslass\n|move|p2a: Carbink|Rest|p2a: Carbink\n|-status|p2a: Carbink|slp|[from] move: Rest\n|-heal|p2a: Carbink|236/236 slp|[silent]\n|\n|upkeep\n|turn|20\n|\n|t:|1732985370\n|switch|p1a: Galvantula|Galvantula, L82, M|249/249\n|cant|p2a: Carbink|slp\n|\n|upkeep\n|turn|21\n|\n|t:|1732985373\n|move|p1a: Galvantula|Thunder|p2a: Carbink\n|-damage|p2a: Carbink|170/236 slp\n|cant|p2a: Carbink|slp\n|\n|upkeep\n|turn|22\n|\n|t:|1732985378\n|move|p1a: Galvantula|Thunder|p2a: Carbink\n|-damage|p2a: Carbink|104/236 slp\n|-curestatus|p2a: Carbink|slp|[msg]\n|move|p2a: Carbink|Body Press|p1a: Galvantula\n|-resisted|p1a: Galvantula\n|-damage|p1a: Galvantula|72/249\n|\n|upkeep\n|turn|23\n|\n|t:|1732985387\n|-terastallize|p1a: Galvantula|Electric\n|move|p1a: Galvantula|Thunder|p2a: Carbink\n|-damage|p2a: Carbink|10/236\n|move|p2a: Carbink|Rest|p2a: Carbink\n|-status|p2a: Carbink|slp|[from] move: Rest\n|-heal|p2a: Carbink|236/236 slp|[silent]\n|\n|upkeep\n|turn|24\n|\n|t:|1732985392\n|move|p1a: Galvantula|Thunder|p2a: Carbink\n|-damage|p2a: Carbink|144/236 slp\n|cant|p2a: Carbink|slp\n|\n|upkeep\n|turn|25\n|\n|t:|1732985394\n|move|p1a: Galvantula|Thunder|p2a: Carbink\n|-damage|p2a: Carbink|52/236 slp\n|cant|p2a: Carbink|slp\n|\n|upkeep\n|turn|26\n|\n|t:|1732985396\n|move|p1a: Galvantula|Thunder|p2a: Carbink|[miss]\n|-miss|p1a: Galvantula|p2a: Carbink\n|-curestatus|p2a: Carbink|slp|[msg]\n|move|p2a: Carbink|Rest|p2a: Carbink\n|-status|p2a: Carbink|slp|[from] move: Rest\n|-heal|p2a: Carbink|236/236 slp|[silent]\n|\n|upkeep\n|turn|27\n|\n|t:|1732985401\n|switch|p2a: Mudsdale|Mudsdale, L84, F|305/305\n|-activate|p2a: Mudsdale|move: Sticky Web\n|-unboost|p2a: Mudsdale|spe|1\n|-damage|p2a: Mudsdale|229/305|[from] Spikes\n|move|p1a: Galvantula|Thunder|p2a: Mudsdale\n|-immune|p2a: Mudsdale\n|\n|-heal|p2a: Mudsdale|248/305|[from] item: Leftovers\n|upkeep\n|turn|28\n|\n|t:|1732985411\n|switch|p1a: Froslass|Froslass, L87, F|12/263\n|-damage|p1a: Froslass|0 fnt|[from] Stealth Rock\n|faint|p1a: Froslass\n|move|p2a: Mudsdale|Stone Edge|p1: Froslass|[notarget]\n|-fail|p2a: Mudsdale\n|\n|-heal|p2a: Mudsdale|267/305|[from] item: Leftovers\n|upkeep\n|\n|t:|1732985414\n|switch|p1a: Greedent|Greedent, L86, M|347/347\n|-damage|p1a: Greedent|304/347|[from] Stealth Rock\n|turn|29\n|\n|t:|1732985418\n|switch|p2a: Wyrdeer|Wyrdeer, L87, M|197/321\n|-activate|p2a: Wyrdeer|move: Sticky Web\n|-unboost|p2a: Wyrdeer|spe|1\n|-damage|p2a: Wyrdeer|117/321|[from] Spikes\n|-ability|p2a: Wyrdeer|Intimidate|boost\n|-unboost|p1a: Greedent|atk|1\n|move|p1a: Greedent|Swords Dance|p1a: Greedent\n|-boost|p1a: Greedent|atk|2\n|\n|upkeep\n|turn|30\n|\n|t:|1732985424\n|switch|p2a: Mudsdale|Mudsdale, L84, F|267/305\n|-activate|p2a: Mudsdale|move: Sticky Web\n|-unboost|p2a: Mudsdale|spe|1\n|-damage|p2a: Mudsdale|191/305|[from] Spikes\n|move|p1a: Greedent|Swords Dance|p1a: Greedent\n|-boost|p1a: Greedent|atk|2\n|\n|-heal|p2a: Mudsdale|210/305|[from] item: Leftovers\n|upkeep\n|turn|31\n|\n|t:|1732985431\n|move|p1a: Greedent|Swords Dance|p1a: Greedent\n|-boost|p1a: Greedent|atk|2\n|move|p2a: Mudsdale|Earthquake|p1a: Greedent\n|-damage|p1a: Greedent|178/347\n|\n|-heal|p2a: Mudsdale|229/305|[from] item: Leftovers\n|upkeep\n|turn|32\n|\n|t:|1732985436\n|move|p1a: Greedent|Swords Dance|p1a: Greedent\n|-boost|p1a: Greedent|atk|1\n|move|p2a: Mudsdale|Earthquake|p1a: Greedent\n|-damage|p1a: Greedent|58/347\n|-enditem|p1a: Greedent|Sitrus Berry|[eat]\n|-heal|p1a: Greedent|144/347|[from] item: Sitrus Berry\n|-heal|p1a: Greedent|259/347|[from] ability: Cheek Pouch\n|\n|-heal|p2a: Mudsdale|248/305|[from] item: Leftovers\n|upkeep\n|turn|33\n|\n|t:|1732985449\n|move|p1a: Greedent|Double-Edge|p2a: Mudsdale\n|-damage|p2a: Mudsdale|0 fnt\n|faint|p2a: Mudsdale\n|-damage|p1a: Greedent|177/347|[from] Recoil\n|\n|upkeep\n|\n|t:|1732985466\n|switch|p2a: Sneasler|Sneasler, L74, F|240/240\n|-activate|p2a: Sneasler|move: Sticky Web\n|-unboost|p2a: Sneasler|spe|1\n|-damage|p2a: Sneasler|180/240|[from] Spikes\n|turn|34\n|\n|t:|1732985469\n|move|p2a: Sneasler|Close Combat|p1a: Greedent\n|-supereffective|p1a: Greedent\n|-damage|p1a: Greedent|0 fnt\n|-unboost|p2a: Sneasler|def|1\n|-unboost|p2a: Sneasler|spd|1\n|faint|p1a: Greedent\n|\n|upkeep\n|\n|t:|1732985472\n|switch|p1a: Galvantula|Galvantula, L82, M, tera:Electric|72/249\n|turn|35\n|\n|t:|1732985476\n|switch|p2a: Wyrdeer|Wyrdeer, L87, M|117/321\n|-activate|p2a: Wyrdeer|move: Sticky Web\n|-unboost|p2a: Wyrdeer|spe|1\n|-damage|p2a: Wyrdeer|37/321|[from] Spikes\n|-ability|p2a: Wyrdeer|Intimidate|boost\n|-unboost|p1a: Galvantula|atk|1\n|move|p1a: Galvantula|Thunder|p2a: Wyrdeer\n|-damage|p2a: Wyrdeer|0 fnt\n|faint|p2a: Wyrdeer\n|\n|upkeep\n|\n|t:|1732985481\n|switch|p2a: Carbink|Carbink, L90|236/236 slp\n|-activate|p2a: Carbink|move: Sticky Web\n|-fail|p2a: Carbink|unboost|[from] ability: Clear Body|[of] p2a: Carbink\n|-damage|p2a: Carbink|177/236 slp|[from] Spikes\n|turn|36\n|\n|t:|1732985484\n|move|p1a: Galvantula|Thunder|p2a: Carbink\n|-damage|p2a: Carbink|79/236 slp\n|cant|p2a: Carbink|slp\n|\n|upkeep\n|turn|37\n|\n|t:|1732985486\n|move|p1a: Galvantula|Thunder|p2a: Carbink\n|-damage|p2a: Carbink|0 fnt\n|faint|p2a: Carbink\n|\n|upkeep\n|-message|ShinoKido forfeited.\n|\n|win|Duncleberry\n|raw|Duncleberry's rating: 1662 &rarr; <strong>1682</strong><br />(+20 for winning)\n|raw|ShinoKido's rating: 1657 &rarr; <strong>1637</strong><br />(-20 for losing)\n|l|\u2606ShinoKido\n|player|p2|\n", "inputlog": ">version b107d77f5c90bd6555267ae244a6264823309ead\n>start {\"formatid\":\"gen9randombattle\",\"seed\":[11101,2581,34093,20445],\"rated\":\"Rated battle\"}\n>player p1 {\"name\":\"Duncleberry\",\"avatar\":\"hilbert\",\"rating\":1662,\"seed\":[38518,7902,41305,2377]}\n>player p2 {\"name\":\"ShinoKido\",\"avatar\":\"266\",\"rating\":1657,\"seed\":[6959,40433,48475,62270]}\n>p1 move psychic\n>p2 move knockoff\n>p1 switch 4\n>p1 move bravebird\n>p2 switch 3\n>p1 move uturn\n>p2 move moonblast\n>p1 switch 5\n>p1 move calmmind\n>p2 switch 2\n>p1 switch 5\n>p2 move megahorn\n>p1 move suckerpunch\n>p2 switch 2\n>p1 move uturn\n>p2 move moonblast\n>p1 switch 5\n>p1 move psychic\n>p2 switch 2\n>p1 move alluringvoice\n>p2 move thunderbolt\n>p1 switch 6\n>p1 move stickyweb\n>p2 switch 5\n>p1 switch 3\n>p2 move stealthrock\n>p1 move willowisp\n>p2 switch 3\n>p2 switch 2\n>p1 move poltergeist\n>p2 move moonblast\n>p1 move poltergeist\n>p2 move rest\n>p1 move willowisp\n>p2 move irondefense\n>p1 move spikes\n>p2 move irondefense\n>p1 move spikes\n>p2 move moonblast\n>p1 move spikes\n>p2 move moonblast\n>p1 move poltergeist\n>p2 move rest\n>p1 switch 3\n>p2 move moonblast\n>p1 move thunder\n>p2 move bodypress\n>p1 move thunder\n>p2 move bodypress\n>p1 move thunder terastallize\n>p2 move rest\n>p1 move thunder\n>p2 move moonblast\n>p1 move thunder\n>p2 move moonblast\n>p1 move thunder\n>p2 move rest\n>p1 move thunder\n>p2 switch 3\n>p1 switch 3\n>p2 move stoneedge\n>p1 switch 2\n>p1 move swordsdance\n>p2 switch 5\n>p1 move swordsdance\n>p2 switch 5\n>p1 move swordsdance\n>p2 move earthquake\n>p1 move swordsdance\n>p2 move earthquake\n>p1 move doubleedge\n>p2 move bodypress\n>p2 switch 6\n>p1 move earthquake\n>p2 move closecombat\n>p1 switch 3\n>p1 move thunder\n>p2 switch 5\n>p2 switch 3\n>p1 move thunder\n>p2 move moonblast\n>p1 move thunder\n>p2 move moonblast\n>forcelose p2", "uploadtime": 1732985510, "views": 1, "formatid": "gen9randombattle", "rating": 1637, "private": 0, "password": null}