{"id": "gen9randombattle-2253994890", "format": "[Gen 9] Random Battle", "players": ["4125al41", "ananananji"], "log": "|j|\u26064125al41\n|j|\u2606ananananji\n|t:|1732977323\n|gametype|singles\n|player|p1|4125al41|steven|2200\n|player|p2|ananananji|102|2165\n|teamsize|p1|6\n|teamsize|p2|6\n|gen|9\n|tier|[Gen 9] Random Battle\n|rated|\n|rule|Species Clause: Limit one of each Pok\u00e9mon\n|rule|HP Percentage Mod: HP is shown in percentages\n|rule|Sleep Clause Mod: Limit one foe put to sleep\n|rule|Illusion Level Mod: Illusion disguises the Pok\u00e9mon's true level\n|\n|t:|1732977323\n|start\n|switch|p1a: Dipplin|Dipplin, L88, F|284/284\n|switch|p2a: Electrode|Electrode-Hisui, L87|246/246\n|turn|1\n|\n|t:|1732977332\n|move|p2a: Electrode|Volt Switch|p1a: Dipplin\n|-resisted|p1a: Dipplin\n|-damage|p1a: Dipplin|270/284\n|-damage|p2a: Electrode|222/246|[from] item: Life Orb\n|inactive|Battle timer is ON: inactive players will automatically lose when time's up. (requested by ananananji)\n|\n|t:|1732977334\n|switch|p2a: Salazzle|Salazzle, L83, F|249/249|[from] Volt Switch\n|move|p1a: Dipplin|Dragon Pulse|p2a: Salazzle\n|-damage|p2a: Salazzle|119/249\n|\n|-heal|p2a: Salazzle|134/249|[from] item: Leftovers\n|upkeep\n|turn|2\n|\n|t:|1732977342\n|move|p2a: Salazzle|Substitute|p2a: Salazzle\n|-start|p2a: Salazzle|Substitute\n|-damage|p2a: Salazzle|72/249\n|move|p1a: Dipplin|Dragon Pulse|p2a: Salazzle\n|-end|p2a: Salazzle|Substitute\n|\n|-heal|p2a: Salazzle|87/249|[from] item: Leftovers\n|upkeep\n|turn|3\n|\n|t:|1732977345\n|move|p2a: Salazzle|Toxic|p1a: Dipplin\n|-status|p1a: Dipplin|tox\n|move|p1a: Dipplin|Dragon Pulse|p2a: Salazzle\n|-damage|p2a: Salazzle|0 fnt\n|faint|p2a: Salazzle\n|\n|-damage|p1a: Dipplin|253/284 tox|[from] psn\n|upkeep\n|\n|t:|1732977352\n|switch|p2a: Ribombee|Ribombee, L82, F|233/233\n|turn|4\n|\n|t:|1732977367\n|switch|p1a: Piloswine|Piloswine, L85, M|309/309\n|move|p2a: Ribombee|Quiver Dance|p2a: Ribombee\n|-boost|p2a: Ribombee|spa|1\n|-boost|p2a: Ribombee|spd|1\n|-boost|p2a: Ribombee|spe|1\n|\n|upkeep\n|turn|5\n|\n|t:|1732977382\n|move|p2a: Ribombee|Moonblast|p1a: Piloswine\n|-damage|p1a: Piloswine|179/309\n|move|p1a: Piloswine|Icicle Crash|p2a: Ribombee\n|-damage|p2a: Ribombee|106/233\n|\n|upkeep\n|turn|6\n|\n|t:|1732977388\n|move|p2a: Ribombee|Moonblast|p1a: Piloswine\n|-damage|p1a: Piloswine|47/309\n|move|p1a: Piloswine|Icicle Crash|p2a: Ribombee\n|-damage|p2a: Ribombee|0 fnt\n|faint|p2a: Ribombee\n|\n|upkeep\n|\n|t:|1732977391\n|switch|p2a: Electrode|Electrode-Hisui, L87|222/246\n|turn|7\n|\n|t:|1732977395\n|move|p1a: Piloswine|Ice Shard|p2a: Electrode\n|-supereffective|p2a: Electrode\n|-damage|p2a: Electrode|126/246\n|move|p2a: Electrode|Giga Drain|p1a: Piloswine\n|-supereffective|p1a: Piloswine\n|-damage|p1a: Piloswine|0 fnt\n|-heal|p2a: Electrode|150/246|[from] drain|[of] p1a: Piloswine\n|faint|p1a: Piloswine\n|-damage|p2a: Electrode|126/246|[from] item: Life Orb\n|\n|upkeep\n|\n|t:|1732977402\n|switch|p1a: Dipplin|Dipplin, L88, F|253/284 tox\n|turn|8\n|\n|t:|1732977407\n|move|p2a: Electrode|Volt Switch|p1a: Dipplin\n|-resisted|p1a: Dipplin\n|-damage|p1a: Dipplin|239/284 tox\n|-damage|p2a: Electrode|102/246|[from] item: Life Orb\n|\n|t:|1732977408\n|switch|p2a: Delibird|Delibird, F|252/252|[from] Volt Switch\n|move|p1a: Dipplin|Dragon Pulse|p2a: Delibird\n|-damage|p2a: Delibird|129/252\n|\n|-damage|p1a: Dipplin|222/284 tox|[from] psn\n|upkeep\n|turn|9\n|\n|t:|1732977414\n|switch|p1a: Mesprit|Mesprit, L85|275/275\n|move|p2a: Delibird|Spikes|p1a: Mesprit\n|-sidestart|p1: 4125al41|Spikes\n|\n|upkeep\n|turn|10\n|\n|t:|1732977418\n|move|p2a: Delibird|Brave Bird|p1a: Mesprit|[miss]\n|-miss|p2a: Delibird|p1a: Mesprit\n|move|p1a: Mesprit|Thunder Wave|p2a: Delibird\n|-status|p2a: Delibird|par\n|\n|upkeep\n|turn|11\n|\n|t:|1732977423\n|move|p1a: Mesprit|Psychic Noise|p2a: Delibird\n|-damage|p2a: Delibird|20/252 par\n|-start|p2a: Delibird|move: Heal Block\n|move|p2a: Delibird|Brave Bird|p1a: Mesprit\n|-damage|p1a: Mesprit|130/275\n|-damage|p2a: Delibird|0 fnt|[from] Recoil\n|faint|p2a: Delibird\n|\n|-heal|p1a: Mesprit|147/275|[from] item: Leftovers\n|upkeep\n|\n|t:|1732977432\n|switch|p2a: Electrode|Electrode-Hisui, L87|102/246\n|turn|12\n|\n|t:|1732977434\n|move|p2a: Electrode|Thunder Wave|p1a: Mesprit\n|-status|p1a: Mesprit|par\n|move|p1a: Mesprit|Psychic Noise|p2a: Electrode\n|-damage|p2a: Electrode|6/246\n|-start|p2a: Electrode|move: Heal Block\n|\n|-heal|p1a: Mesprit|164/275 par|[from] item: Leftovers\n|upkeep\n|turn|13\n|\n|t:|1732977446\n|switch|p1a: Dipplin|Dipplin, L88, F|222/284 tox\n|-damage|p1a: Dipplin|187/284 tox|[from] Spikes\n|move|p2a: Electrode|Thunderbolt|p1a: Dipplin\n|-resisted|p1a: Dipplin\n|-damage|p1a: Dipplin|168/284 tox\n|-damage|p2a: Electrode|0 fnt|[from] item: Life Orb\n|faint|p2a: Electrode\n|\n|-damage|p1a: Dipplin|151/284 tox|[from] psn\n|upkeep\n|\n|t:|1732977457\n|switch|p2a: Eelektross|Eelektross, L87, F|290/290\n|turn|14\n|\n|t:|1732977471\n|move|p2a: Eelektross|Coil|p2a: Eelektross\n|-boost|p2a: Eelektross|atk|1\n|-boost|p2a: Eelektross|def|1\n|-boost|p2a: Eelektross|accuracy|1\n|move|p1a: Dipplin|Dragon Pulse|p2a: Eelektross\n|-damage|p2a: Eelektross|179/290\n|\n|-heal|p2a: Eelektross|197/290|[from] item: Leftovers\n|-damage|p1a: Dipplin|117/284 tox|[from] psn\n|upkeep\n|turn|15\n|\n|t:|1732977482\n|move|p2a: Eelektross|Drain Punch|p1a: Dipplin\n|-damage|p1a: Dipplin|68/284 tox\n|-heal|p2a: Eelektross|222/290|[from] drain|[of] p1a: Dipplin\n|move|p1a: Dipplin|Dragon Pulse|p2a: Eelektross\n|-damage|p2a: Eelektross|120/290\n|\n|-heal|p2a: Eelektross|138/290|[from] item: Leftovers\n|-damage|p1a: Dipplin|17/284 tox|[from] psn\n|upkeep\n|turn|16\n|\n|t:|1732977488\n|move|p1a: Dipplin|Sucker Punch|p2a: Eelektross\n|-damage|p2a: Eelektross|106/290\n|move|p2a: Eelektross|Drain Punch|p1a: Dipplin\n|-damage|p1a: Dipplin|0 fnt\n|-heal|p2a: Eelektross|115/290|[from] drain|[of] p1a: Dipplin\n|faint|p1a: Dipplin\n|\n|-heal|p2a: Eelektross|133/290|[from] item: Leftovers\n|upkeep\n|\n|t:|1732977513\n|switch|p1a: Comfey|Comfey, L85, F|225/225\n|-damage|p1a: Comfey|197/225|[from] Spikes\n|turn|17\n|\n|t:|1732977517\n|move|p1a: Comfey|Draining Kiss|p2a: Eelektross\n|-damage|p2a: Eelektross|79/290\n|-heal|p1a: Comfey|225/225|[from] drain|[of] p2a: Eelektross\n|move|p2a: Eelektross|Supercell Slam|p1a: Comfey\n|-damage|p1a: Comfey|36/225\n|\n|-heal|p1a: Comfey|50/225|[from] item: Leftovers\n|-heal|p2a: Eelektross|97/290|[from] item: Leftovers\n|upkeep\n|turn|18\n|\n|t:|1732977524\n|move|p1a: Comfey|Draining Kiss|p2a: Eelektross\n|-damage|p2a: Eelektross|49/290\n|-heal|p1a: Comfey|86/225|[from] drain|[of] p2a: Eelektross\n|move|p2a: Eelektross|Fire Punch|p1a: Comfey\n|-damage|p1a: Comfey|0 fnt\n|faint|p1a: Comfey\n|\n|-heal|p2a: Eelektross|67/290|[from] item: Leftovers\n|upkeep\n|\n|t:|1732977533\n|switch|p1a: Gouging Fire|Gouging Fire, L74|277/277\n|turn|19\n|\n|t:|1732977537\n|move|p1a: Gouging Fire|Heat Crash|p2a: Eelektross\n|-damage|p2a: Eelektross|0 fnt\n|faint|p2a: Eelektross\n|\n|upkeep\n|\n|t:|1732977540\n|switch|p2a: Dudunsparce|Dudunsparce, L83, F|343/343\n|turn|20\n|\n|t:|1732977548\n|move|p1a: Gouging Fire|Dragon Dance|p1a: Gouging Fire\n|-boost|p1a: Gouging Fire|atk|1\n|-boost|p1a: Gouging Fire|spe|1\n|move|p2a: Dudunsparce|Calm Mind|p2a: Dudunsparce\n|-boost|p2a: Dudunsparce|spa|1\n|-boost|p2a: Dudunsparce|spd|1\n|\n|upkeep\n|turn|21\n|\n|t:|1732977555\n|-terastallize|p2a: Dudunsparce|Fairy\n|move|p1a: Gouging Fire|Heat Crash|p2a: Dudunsparce\n|-damage|p2a: Dudunsparce|153/343\n|move|p2a: Dudunsparce|Earth Power|p1a: Gouging Fire\n|-supereffective|p1a: Gouging Fire\n|-damage|p1a: Gouging Fire|79/277\n|\n|-heal|p2a: Dudunsparce|174/343|[from] item: Leftovers\n|upkeep\n|turn|22\n|\n|t:|1732977564\n|move|p1a: Gouging Fire|Heat Crash|p2a: Dudunsparce\n|-damage|p2a: Dudunsparce|0 fnt\n|faint|p2a: Dudunsparce\n|\n|win|4125al41\n|raw|4125al41's rating: 2200 &rarr; <strong>2218</strong><br />(+18 for winning)\n|raw|ananananji's rating: 2165 &rarr; <strong>2147</strong><br />(-18 for losing)\n", "inputlog": ">version b107d77f5c90bd6555267ae244a6264823309ead\n>start {\"formatid\":\"gen9randombattle\",\"seed\":[56939,52521,9645,65169],\"rated\":\"Rated battle\"}\n>player p1 {\"name\":\"4125al41\",\"avatar\":\"steven\",\"rating\":2200,\"seed\":[49124,13371,41438,58781]}\n>player p2 {\"name\":\"ananananji\",\"avatar\":\"102\",\"rating\":2165,\"seed\":[30833,32551,10813,23614]}\n>p1 move dragonpulse\n>p2 move voltswitch\n>p2 switch 3\n>p1 move dragonpulse\n>p2 move substitute\n>p1 move dragonpulse\n>p2 move toxic\n>p2 switch 2\n>p1 switch 4\n>p2 move quiverdance\n>p1 move iciclecrash\n>p2 move moonblast\n>p1 move iciclecrash\n>p2 move moonblast\n>p2 switch 3\n>p1 move iceshard\n>p2 move gigadrain\n>p1 switch 4\n>p1 move dragonpulse\n>p2 move voltswitch\n>p2 switch 4\n>p1 switch 5\n>p2 move spikes\n>p1 move thunderwave\n>p2 move bravebird\n>p1 move psychicnoise\n>p2 move bravebird\n>p2 switch 4\n>p1 move psychicnoise\n>p2 move thunderwave\n>p1 switch 5\n>p2 move thunderbolt\n>p2 switch 6\n>p1 move dragonpulse\n>p2 move coil\n>p1 move dragonpulse\n>p2 move drainpunch\n>p1 move suckerpunch\n>p2 move drainpunch\n>p1 switch 6\n>p1 move drainingkiss\n>p2 move supercellslam\n>p1 move drainingkiss\n>p2 move firepunch\n>p1 switch 3\n>p1 move heatcrash\n>p2 move drainpunch\n>p2 switch 5\n>p1 move dragondance\n>p2 move calmmind\n>p1 move heatcrash\n>p2 move earthpower terastallize\n>p1 move heatcrash\n>p2 move earthpower", "uploadtime": 1732977566, "views": 2, "formatid": "gen9randombattle", "rating": 2147, "private": 0, "password": null}