{"id": "gen9randombattle-2253927195", "format": "[Gen 9] Random Battle", "players": ["ananananji", "distant world star"], "log": "|j|\u2606ananananji\n|j|\u2606distant world star\n|t:|1732965482\n|gametype|singles\n|player|p1|ananananji|102|2083\n|player|p2|distant world star|265|2093\n|teamsize|p1|6\n|teamsize|p2|6\n|gen|9\n|tier|[Gen 9] Random Battle\n|rated|\n|rule|Species Clause: Limit one of each Pok\u00e9mon\n|rule|HP Percentage Mod: HP is shown in percentages\n|rule|Sleep Clause Mod: Limit one foe put to sleep\n|rule|Illusion Level Mod: Illusion disguises the Pok\u00e9mon's true level\n|\n|t:|1732965482\n|start\n|switch|p1a: Vigoroth|Vigoroth, L85, M|275/275\n|switch|p2a: Sneasler|Sneasler, L74, F|240/240\n|turn|1\n|inactive|Battle timer is ON: inactive players will automatically lose when time's up. (requested by ananananji)\n|\n|t:|1732965494\n|switch|p1a: Necrozma|Necrozma-Dawn-Wings, L76|272/272\n|move|p2a: Sneasler|U-turn|p1a: Necrozma\n|-damage|p1a: Necrozma|204/272\n|-status|p1a: Necrozma|psn|[from] ability: Poison Touch|[of] p2a: Sneasler\n|\n|t:|1732965506\n|switch|p2a: Pyroar|Pyroar, L88, M|295/295|[from] U-turn\n|-ability|p2a: Pyroar|Unnerve\n|\n|-heal|p1a: Necrozma|221/272 psn|[from] item: Leftovers\n|-damage|p1a: Necrozma|187/272 psn|[from] psn\n|upkeep\n|turn|2\n|\n|t:|1732965514\n|move|p2a: Pyroar|Work Up|p2a: Pyroar\n|-boost|p2a: Pyroar|atk|1\n|-boost|p2a: Pyroar|spa|1\n|move|p1a: Necrozma|Photon Geyser|p2a: Pyroar\n|-damage|p2a: Pyroar|151/295\n|\n|-heal|p1a: Necrozma|204/272 psn|[from] item: Leftovers\n|-damage|p1a: Necrozma|170/272 psn|[from] psn\n|upkeep\n|turn|3\n|\n|t:|1732965522\n|move|p2a: Pyroar|Fire Blast|p1a: Necrozma\n|-damage|p1a: Necrozma|0 fnt\n|faint|p1a: Necrozma\n|\n|upkeep\n|\n|t:|1732965529\n|switch|p1a: Conkeldurr|Conkeldurr, L80, F|299/299\n|turn|4\n|\n|t:|1732965538\n|move|p1a: Conkeldurr|Mach Punch|p2a: Pyroar\n|-supereffective|p2a: Pyroar\n|-damage|p2a: Pyroar|37/295\n|move|p2a: Pyroar|Fire Blast|p1a: Conkeldurr\n|-damage|p1a: Conkeldurr|8/299\n|\n|-status|p1a: Conkeldurr|brn|[from] item: Flame Orb\n|upkeep\n|turn|5\n|\n|t:|1732965546\n|switch|p2a: Corviknight|Corviknight, L80, M|288/288\n|-ability|p2a: Corviknight|Pressure\n|move|p1a: Conkeldurr|Mach Punch|p2a: Corviknight\n|-damage|p2a: Corviknight|210/288\n|\n|-heal|p2a: Corviknight|228/288|[from] item: Leftovers\n|-damage|p1a: Conkeldurr|0 fnt|[from] brn\n|faint|p1a: Conkeldurr\n|upkeep\n|\n|t:|1732965557\n|switch|p1a: Cloyster|Cloyster, L80, F|211/211\n|turn|6\n|\n|t:|1732965564\n|move|p1a: Cloyster|Shell Smash|p1a: Cloyster\n|-unboost|p1a: Cloyster|def|1\n|-unboost|p1a: Cloyster|spd|1\n|-boost|p1a: Cloyster|atk|2\n|-boost|p1a: Cloyster|spa|2\n|-boost|p1a: Cloyster|spe|2\n|-enditem|p1a: Cloyster|White Herb\n|-clearnegativeboost|p1a: Cloyster|[silent]\n|move|p2a: Corviknight|Body Press|p1a: Cloyster\n|-supereffective|p1a: Cloyster\n|-damage|p1a: Cloyster|151/211\n|\n|-heal|p2a: Corviknight|246/288|[from] item: Leftovers\n|upkeep\n|turn|7\n|\n|t:|1732965572\n|move|p1a: Cloyster|Icicle Spear|p2a: Corviknight\n|-damage|p2a: Corviknight|198/288\n|-crit|p2a: Corviknight\n|-damage|p2a: Corviknight|131/288\n|-damage|p2a: Corviknight|89/288\n|-damage|p2a: Corviknight|47/288\n|-damage|p2a: Corviknight|0 fnt\n|faint|p2a: Corviknight\n|-hitcount|p2: Corviknight|5\n|\n|upkeep\n|\n|t:|1732965592\n|switch|p2a: Braviary|Braviary-Hisui, L85, M|326/326\n|turn|8\n|\n|t:|1732965596\n|-terastallize|p2a: Braviary|Fairy\n|move|p2a: Braviary|Vacuum Wave|p1a: Cloyster\n|-supereffective|p1a: Cloyster\n|-damage|p1a: Cloyster|0 fnt\n|faint|p1a: Cloyster\n|\n|upkeep\n|\n|t:|1732965606\n|switch|p1a: Vigoroth|Vigoroth, L85, M|275/275\n|turn|9\n|\n|t:|1732965614\n|switch|p2a: Pyroar|Pyroar, L88, M|37/295\n|-ability|p2a: Pyroar|Unnerve\n|move|p1a: Vigoroth|Bulk Up|p1a: Vigoroth\n|-boost|p1a: Vigoroth|atk|1\n|-boost|p1a: Vigoroth|def|1\n|\n|upkeep\n|turn|10\n|\n|t:|1732965618\n|move|p2a: Pyroar|Will-O-Wisp|p1a: Vigoroth\n|-status|p1a: Vigoroth|brn\n|move|p1a: Vigoroth|Knock Off|p2a: Pyroar\n|-damage|p2a: Pyroar|0 fnt\n|-enditem|p2a: Pyroar|Heavy-Duty Boots|[from] move: Knock Off|[of] p1a: Vigoroth\n|faint|p2a: Pyroar\n|\n|-damage|p1a: Vigoroth|258/275 brn|[from] brn\n|upkeep\n|\n|t:|1732965624\n|switch|p2a: Braviary|Braviary-Hisui, L85, M, tera:Fairy|326/326\n|turn|11\n|\n|t:|1732965628\n|move|p1a: Vigoroth|Knock Off|p2a: Braviary\n|-resisted|p2a: Braviary\n|-damage|p2a: Braviary|298/326\n|-enditem|p2a: Braviary|Choice Specs|[from] move: Knock Off|[of] p1a: Vigoroth\n|move|p2a: Braviary|Esper Wing|p1a: Vigoroth\n|-damage|p1a: Vigoroth|159/275 brn\n|-boost|p2a: Braviary|spe|1\n|\n|-damage|p1a: Vigoroth|142/275 brn|[from] brn\n|upkeep\n|turn|12\n|\n|t:|1732965633\n|move|p2a: Braviary|Hurricane|p1a: Vigoroth|[miss]\n|-miss|p2a: Braviary|p1a: Vigoroth\n|move|p1a: Vigoroth|Body Slam|p2a: Braviary\n|-damage|p2a: Braviary|227/326\n|\n|-damage|p1a: Vigoroth|125/275 brn|[from] brn\n|upkeep\n|turn|13\n|\n|t:|1732965637\n|move|p2a: Braviary|Hurricane|p1a: Vigoroth\n|-damage|p1a: Vigoroth|7/275 brn\n|move|p1a: Vigoroth|Body Slam|p2a: Braviary\n|-damage|p2a: Braviary|163/326\n|-status|p2a: Braviary|par\n|\n|-damage|p1a: Vigoroth|0 fnt|[from] brn\n|faint|p1a: Vigoroth\n|upkeep\n|\n|t:|1732965643\n|switch|p1a: Crawdaunt|Crawdaunt, L84, M|243/243\n|turn|14\n|\n|t:|1732965648\n|move|p2a: Braviary|Vacuum Wave|p1a: Crawdaunt\n|-supereffective|p1a: Crawdaunt\n|-damage|p1a: Crawdaunt|155/243\n|move|p1a: Crawdaunt|Crabhammer|p2a: Braviary\n|-damage|p2a: Braviary|0 fnt\n|faint|p2a: Braviary\n|\n|upkeep\n|\n|t:|1732965653\n|switch|p2a: Gardevoir|Gardevoir, L83, M|249/249\n|-ability|p2a: Gardevoir|Adaptability|[from] ability: Trace|[of] p1a: Crawdaunt\n|turn|15\n|\n|t:|1732965656\n|move|p2a: Gardevoir|Moonblast|p1a: Crawdaunt\n|-supereffective|p1a: Crawdaunt\n|-damage|p1a: Crawdaunt|0 fnt\n|faint|p1a: Crawdaunt\n|-damage|p2a: Gardevoir|225/249|[from] item: Life Orb\n|\n|upkeep\n|\n|t:|1732965658\n|switch|p1a: Sneasler|Sneasler, L74, M|240/240\n|turn|16\n|\n|t:|1732965665\n|move|p1a: Sneasler|Swords Dance|p1a: Sneasler\n|-boost|p1a: Sneasler|atk|2\n|move|p2a: Gardevoir|Psychic|p1a: Sneasler\n|-supereffective|p1a: Sneasler\n|-damage|p1a: Sneasler|0 fnt\n|faint|p1a: Sneasler\n|-damage|p2a: Gardevoir|201/249|[from] item: Life Orb\n|\n|win|distant world star\n|raw|ananananji's rating: 2083 &rarr; <strong>2064</strong><br />(-19 for losing)\n|raw|distant world star's rating: 2093 &rarr; <strong>2112</strong><br />(+19 for winning)\n", "inputlog": ">version b107d77f5c90bd6555267ae244a6264823309ead\n>start {\"formatid\":\"gen9randombattle\",\"seed\":[56808,57058,31603,58827],\"rated\":\"Rated battle\"}\n>player p1 {\"name\":\"ananananji\",\"avatar\":\"102\",\"rating\":2083,\"seed\":[62202,52902,61989,43328]}\n>player p2 {\"name\":\"distant world star\",\"avatar\":\"265\",\"rating\":2093,\"seed\":[42337,62416,34069,36192]}\n>p1 switch 2\n>p2 move uturn\n>p2 switch 6\n>p1 move photongeyser\n>p2 move workup\n>p1 move photongeyser\n>p2 move fireblast\n>p1 switch 5\n>p1 move machpunch\n>p2 move fireblast\n>p1 move machpunch\n>p2 switch 5\n>p1 switch 3\n>p1 move shellsmash\n>p2 move bodypress\n>p1 move iciclespear\n>p2 move roost\n>p2 switch 2\n>p1 move iciclespear\n>p2 move vacuumwave terastallize\n>p1 switch 2\n>p1 move bulkup\n>p2 switch 5\n>p1 move knockoff\n>p2 move willowisp\n>p2 switch 5\n>p1 move knockoff\n>p2 move esperwing\n>p1 move bodyslam\n>p2 move hurricane\n>p1 move bodyslam\n>p2 move hurricane\n>p1 switch 4\n>p1 move crabhammer\n>p2 move vacuumwave\n>p2 switch 4\n>p1 move crabhammer\n>p2 move moonblast\n>p1 switch 6\n>p1 move swordsdance\n>p2 move psychic", "uploadtime": 1732965669, "views": 1, "formatid": "gen9randombattle", "rating": 2064, "private": 0, "password": null}