{"id": "gen9randombattle-2253936151", "format": "[Gen 9] Random Battle", "players": ["noparg", "starrism"], "log": "|j|\u2606noparg\n|j|\u2606starrism\n|t:|1732967278\n|gametype|singles\n|player|p1|noparg|nate|1756\n|player|p2|starrism|unknownf|1786\n|teamsize|p1|6\n|teamsize|p2|6\n|gen|9\n|tier|[Gen 9] Random Battle\n|rated|\n|rule|Species Clause: Limit one of each Pok\u00e9mon\n|rule|HP Percentage Mod: HP is shown in percentages\n|rule|Sleep Clause Mod: Limit one foe put to sleep\n|rule|Illusion Level Mod: Illusion disguises the Pok\u00e9mon's true level\n|\n|t:|1732967278\n|start\n|switch|p1a: Miraidon|Miraidon, L65|238/238\n|switch|p2a: Dragonite|Dragonite, L74, M|257/257\n|-fieldstart|move: Electric Terrain|[from] ability: Hadron Engine|[of] p1a: Miraidon\n|turn|1\n|inactive|Battle timer is ON: inactive players will automatically lose when time's up. (requested by starrism)\n|\n|t:|1732967289\n|move|p1a: Miraidon|Substitute|p1a: Miraidon\n|-start|p1a: Miraidon|Substitute\n|-damage|p1a: Miraidon|179/238\n|move|p2a: Dragonite|Dragon Dance|p2a: Dragonite\n|-boost|p2a: Dragonite|atk|1\n|-boost|p2a: Dragonite|spe|1\n|\n|-heal|p1a: Miraidon|193/238|[from] item: Leftovers\n|upkeep\n|turn|2\n|\n|t:|1732967295\n|move|p2a: Dragonite|Earthquake|p1a: Miraidon\n|-supereffective|p1a: Miraidon\n|-end|p1a: Miraidon|Substitute\n|move|p1a: Miraidon|Electro Drift|p2a: Dragonite\n|-damage|p2a: Dragonite|186/257\n|\n|-heal|p1a: Miraidon|207/238|[from] item: Leftovers\n|upkeep\n|turn|3\n|\n|t:|1732967307\n|switch|p1a: Granbull|Granbull, L88, M|302/302\n|-ability|p1a: Granbull|Intimidate|boost\n|-unboost|p2a: Dragonite|atk|1\n|move|p2a: Dragonite|Earthquake|p1a: Granbull\n|-damage|p1a: Granbull|223/302\n|\n|-heal|p1a: Granbull|241/302|[from] item: Leftovers\n|upkeep\n|turn|4\n|\n|t:|1732967314\n|move|p2a: Dragonite|Iron Head|p1a: Granbull\n|-supereffective|p1a: Granbull\n|-damage|p1a: Granbull|125/302\n|move|p1a: Granbull|Thunder Wave|p2a: Dragonite\n|-status|p2a: Dragonite|par\n|\n|-heal|p1a: Granbull|143/302|[from] item: Leftovers\n|upkeep\n|turn|5\n|\n|t:|1732967324\n|move|p1a: Granbull|Play Rough|p2a: Dragonite\n|-supereffective|p2a: Dragonite\n|-damage|p2a: Dragonite|0 fnt\n|faint|p2a: Dragonite\n|\n|-heal|p1a: Granbull|161/302|[from] item: Leftovers\n|-fieldend|move: Electric Terrain\n|upkeep\n|\n|t:|1732967334\n|switch|p2a: Luxray|Luxray, L88, M|283/283\n|turn|6\n|\n|t:|1732967338\n|move|p2a: Luxray|Trailblaze|p1a: Granbull\n|-damage|p1a: Granbull|109/302\n|-boost|p2a: Luxray|spe|1\n|move|p1a: Granbull|Earthquake|p2a: Luxray\n|-supereffective|p2a: Luxray\n|-damage|p2a: Luxray|79/283\n|\n|-heal|p1a: Granbull|127/302|[from] item: Leftovers\n|-status|p2a: Luxray|brn|[from] item: Flame Orb\n|upkeep\n|turn|7\n|\n|t:|1732967342\n|move|p2a: Luxray|Supercell Slam|p1a: Granbull\n|-damage|p1a: Granbull|0 fnt\n|faint|p1a: Granbull\n|\n|-damage|p2a: Luxray|62/283 brn|[from] brn\n|upkeep\n|\n|t:|1732967351\n|switch|p1a: Arbok|Arbok, L87, F|246/246\n|-ability|p1a: Arbok|Intimidate|boost\n|-unboost|p2a: Luxray|atk|1\n|turn|8\n|\n|t:|1732967356\n|move|p2a: Luxray|Supercell Slam|p1a: Arbok\n|-damage|p1a: Arbok|87/246\n|move|p1a: Arbok|Coil|p1a: Arbok\n|-boost|p1a: Arbok|atk|1\n|-boost|p1a: Arbok|def|1\n|-boost|p1a: Arbok|accuracy|1\n|\n|-damage|p2a: Luxray|45/283 brn|[from] brn\n|upkeep\n|turn|9\n|\n|t:|1732967361\n|move|p1a: Arbok|Sucker Punch|p2a: Luxray\n|-damage|p2a: Luxray|0 fnt\n|faint|p2a: Luxray\n|-damage|p1a: Arbok|63/246|[from] item: Life Orb\n|\n|upkeep\n|\n|t:|1732967376\n|switch|p2a: Skuntank|Skuntank, L84, F|310/310\n|turn|10\n|\n|t:|1732967381\n|move|p2a: Skuntank|Knock Off|p1a: Arbok\n|-damage|p1a: Arbok|0 fnt\n|-enditem|p1a: Arbok|Life Orb|[from] move: Knock Off|[of] p2a: Skuntank\n|faint|p1a: Arbok\n|-damage|p2a: Skuntank|279/310|[from] item: Life Orb\n|\n|upkeep\n|\n|t:|1732967385\n|switch|p1a: Golem|Golem-Alola, L93, F|300/300\n|turn|11\n|\n|t:|1732967390\n|move|p2a: Skuntank|Knock Off|p1a: Golem\n|-damage|p1a: Golem|214/300\n|-enditem|p1a: Golem|Choice Band|[from] move: Knock Off|[of] p2a: Skuntank\n|-damage|p2a: Skuntank|248/310|[from] item: Life Orb\n|move|p1a: Golem|Earthquake|p2a: Skuntank\n|-supereffective|p2a: Skuntank\n|-damage|p2a: Skuntank|0 fnt\n|faint|p2a: Skuntank\n|\n|upkeep\n|\n|t:|1732967400\n|switch|p2a: Deoxys|Deoxys, L74|196/196\n|-ability|p2a: Deoxys|Pressure\n|turn|12\n|\n|t:|1732967405\n|-terastallize|p1a: Golem|Electric\n|move|p2a: Deoxys|Superpower|p1a: Golem\n|-damage|p1a: Golem|136/300\n|-unboost|p2a: Deoxys|atk|1\n|-unboost|p2a: Deoxys|def|1\n|-damage|p2a: Deoxys|177/196|[from] item: Life Orb\n|move|p1a: Golem|Double-Edge|p2a: Deoxys\n|-damage|p2a: Deoxys|0 fnt\n|faint|p2a: Deoxys\n|-damage|p1a: Golem|78/300|[from] Recoil\n|\n|upkeep\n|l|\u2606starrism\n|inactive|starrism disconnected and has a minute to reconnect!\n|player|p2|\n|inactive|starrism has 30 seconds to reconnect!\n|inactive|starrism has 20 seconds to reconnect!\n|j|\u2606starrism\n|inactive|starrism reconnected and has 90 seconds left.\n|player|p2|starrism|unknownf|\n|\n|t:|1732967472\n|switch|p2a: Venomoth|Venomoth, L84, F|255/255\n|turn|13\n|inactive|starrism has 90 seconds left.\n|\n|t:|1732967478\n|move|p2a: Venomoth|Sleep Powder|p1a: Golem\n|-status|p1a: Golem|slp|[from] move: Sleep Powder\n|cant|p1a: Golem|slp\n|\n|upkeep\n|turn|14\n|\n|t:|1732967483\n|move|p2a: Venomoth|Bug Buzz|p1a: Golem\n|-damage|p1a: Golem|0 fnt\n|faint|p1a: Golem\n|\n|upkeep\n|\n|t:|1732967486\n|switch|p1a: Miraidon|Miraidon, L65|207/238\n|-fieldstart|move: Electric Terrain|[from] ability: Hadron Engine|[of] p1a: Miraidon\n|turn|15\n|\n|t:|1732967492\n|move|p1a: Miraidon|Calm Mind|p1a: Miraidon\n|-boost|p1a: Miraidon|spa|1\n|-boost|p1a: Miraidon|spd|1\n|move|p2a: Venomoth|Quiver Dance|p2a: Venomoth\n|-boost|p2a: Venomoth|spa|1\n|-boost|p2a: Venomoth|spd|1\n|-boost|p2a: Venomoth|spe|1\n|\n|-heal|p1a: Miraidon|221/238|[from] item: Leftovers\n|upkeep\n|turn|16\n|\n|t:|1732967498\n|move|p2a: Venomoth|Sludge Wave|p1a: Miraidon\n|-damage|p1a: Miraidon|122/238\n|-status|p1a: Miraidon|psn\n|move|p1a: Miraidon|Calm Mind|p1a: Miraidon\n|-boost|p1a: Miraidon|spa|1\n|-boost|p1a: Miraidon|spd|1\n|\n|-heal|p1a: Miraidon|136/238 psn|[from] item: Leftovers\n|-damage|p1a: Miraidon|107/238 psn|[from] psn\n|upkeep\n|turn|17\n|\n|t:|1732967507\n|move|p2a: Venomoth|Quiver Dance|p2a: Venomoth\n|-boost|p2a: Venomoth|spa|1\n|-boost|p2a: Venomoth|spd|1\n|-boost|p2a: Venomoth|spe|1\n|move|p1a: Miraidon|Electro Drift|p2a: Venomoth\n|-damage|p2a: Venomoth|95/255\n|\n|-heal|p1a: Miraidon|121/238 psn|[from] item: Leftovers\n|-damage|p1a: Miraidon|92/238 psn|[from] psn\n|upkeep\n|turn|18\n|\n|t:|1732967510\n|move|p2a: Venomoth|Sludge Wave|p1a: Miraidon\n|-damage|p1a: Miraidon|0 fnt\n|faint|p1a: Miraidon\n|\n|upkeep\n|\n|t:|1732967514\n|switch|p1a: Darkrai|Darkrai, L77|234/234\n|turn|19\n|\n|t:|1732967519\n|move|p2a: Venomoth|Bug Buzz|p1a: Darkrai\n|-supereffective|p1a: Darkrai\n|-damage|p1a: Darkrai|0 fnt\n|faint|p1a: Darkrai\n|\n|-fieldend|move: Electric Terrain\n|upkeep\n|\n|t:|1732967522\n|switch|p1a: Maushold|Maushold, L76|238/238\n|turn|20\n|\n|t:|1732967525\n|move|p2a: Venomoth|Sleep Powder|p1a: Maushold\n|-status|p1a: Maushold|slp|[from] move: Sleep Powder\n|cant|p1a: Maushold|slp\n|\n|upkeep\n|turn|21\n|\n|t:|1732967528\n|move|p2a: Venomoth|Sludge Wave|p1a: Maushold\n|-damage|p1a: Maushold|0 fnt\n|faint|p1a: Maushold\n|\n|win|starrism\n|raw|noparg's rating: 1756 &rarr; <strong>1738</strong><br />(-18 for losing)\n|raw|starrism's rating: 1786 &rarr; <strong>1804</strong><br />(+18 for winning)\n|l|\u2606noparg\n|player|p1|\n", "inputlog": ">version b107d77f5c90bd6555267ae244a6264823309ead\n>start {\"formatid\":\"gen9randombattle\",\"seed\":[57408,11908,30680,46327],\"rated\":\"Rated battle\"}\n>player p1 {\"name\":\"noparg\",\"avatar\":\"nate\",\"rating\":1756,\"seed\":[40297,60819,25713,8524]}\n>player p2 {\"name\":\"starrism\",\"avatar\":\"unknownf\",\"rating\":1786,\"seed\":[57127,4831,47053,64811]}\n>p1 move substitute\n>p2 move dragondance\n>p1 move electrodrift\n>p2 move earthquake\n>p1 switch 4\n>p2 move earthquake\n>p1 move thunderwave\n>p2 move ironhead\n>p1 move playrough\n>p2 move ironhead\n>p2 switch 5\n>p1 move earthquake\n>p2 move trailblaze\n>p1 move earthquake\n>p2 move supercellslam\n>p1 switch 2\n>p1 move coil\n>p2 move supercellslam\n>p1 move suckerpunch\n>p2 move supercellslam\n>p2 switch 4\n>p1 move earthquake\n>p2 move knockoff\n>p1 switch 5\n>p1 move earthquake\n>p2 move knockoff\n>p2 switch 6\n>p1 move doubleedge terastallize\n>p2 move superpower\n>p2 switch 3\n>p1 move doubleedge\n>p2 move sleeppowder\n>p1 move doubleedge\n>p2 move bugbuzz\n>p1 switch 4\n>p1 move calmmind\n>p2 move quiverdance\n>p1 move calmmind\n>p2 move sludgewave\n>p1 move electrodrift\n>p2 move quiverdance\n>p1 move electrodrift\n>p2 move sludgewave\n>p1 switch 3\n>p1 move darkpulse\n>p2 move bugbuzz\n>p1 switch 6\n>p1 move populationbomb\n>p2 move sleeppowder\n>p1 move populationbomb\n>p2 move sludgewave", "uploadtime": 1732967534, "views": 1, "formatid": "gen9randombattle", "rating": 1738, "private": 0, "password": null}