{"id": "gen9randombattle-2254067797", "format": "[Gen 9] Random Battle", "players": ["123456789ok", "Kyokuu2"], "log": "|j|\u2606123456789ok\n|j|\u2606Kyokuu2\n|t:|1732987210\n|gametype|singles\n|player|p1|123456789ok|169|1436\n|player|p2|Kyokuu2|benga|1386\n|teamsize|p1|6\n|teamsize|p2|6\n|gen|9\n|tier|[Gen 9] Random Battle\n|rated|\n|rule|Species Clause: Limit one of each Pok\u00e9mon\n|rule|HP Percentage Mod: HP is shown in percentages\n|rule|Sleep Clause Mod: Limit one foe put to sleep\n|rule|Illusion Level Mod: Illusion disguises the Pok\u00e9mon's true level\n|\n|t:|1732987210\n|start\n|switch|p1a: Raging Bolt|Raging Bolt, L78|323/323\n|switch|p2a: Iron Crown|Iron Crown, L79|272/272\n|turn|1\n|inactive|Battle timer is ON: inactive players will automatically lose when time's up. (requested by Kyokuu2)\n|inactive|123456789ok also wants the timer to be on.\n|\n|t:|1732987226\n|-end|p2a: Iron Crown|Quark Drive|[silent]\n|switch|p2a: Grimmsnarl|Grimmsnarl, L83, M|293/293\n|-end|p1a: Raging Bolt|Protosynthesis|[silent]\n|switch|p1a: Poliwrath|Poliwrath, L88, F|302/302\n|\n|upkeep\n|turn|2\n|\n|t:|1732987241\n|move|p2a: Grimmsnarl|Reflect|p2a: Grimmsnarl\n|-sidestart|p2: Kyokuu2|Reflect\n|move|p1a: Poliwrath|Knock Off|p2a: Grimmsnarl\n|-resisted|p2a: Grimmsnarl\n|-damage|p2a: Grimmsnarl|278/293\n|-enditem|p2a: Grimmsnarl|Light Clay|[from] move: Knock Off|[of] p1a: Poliwrath\n|-damage|p1a: Poliwrath|272/302|[from] item: Life Orb\n|\n|upkeep\n|turn|3\n|\n|t:|1732987252\n|switch|p1a: Heatran|Heatran, L79, M|273/273\n|-item|p1a: Heatran|Air Balloon\n|move|p2a: Grimmsnarl|Light Screen|p2a: Grimmsnarl\n|-sidestart|p2: Kyokuu2|move: Light Screen\n|\n|upkeep\n|turn|4\n|\n|t:|1732987262\n|move|p2a: Grimmsnarl|Parting Shot|p1a: Heatran\n|-unboost|p1a: Heatran|atk|1\n|-unboost|p1a: Heatran|spa|1\n|\n|t:|1732987265\n|switch|p2a: Greninja|Greninja, L80, M|246/246|[from] Parting Shot\n|move|p1a: Heatran|Heavy Slam|p2a: Greninja\n|-resisted|p2a: Greninja\n|-damage|p2a: Greninja|225/246\n|\n|upkeep\n|turn|5\n|\n|t:|1732987273\n|switch|p1a: Poliwrath|Poliwrath, L88, F|272/302\n|move|p2a: Greninja|Hydro Pump|p1a: Poliwrath|[miss]\n|-start|p2a: Greninja|typechange|Water|[from] ability: Protean\n|-miss|p2a: Greninja|p1a: Poliwrath\n|\n|upkeep\n|turn|6\n|\n|t:|1732987287\n|move|p2a: Greninja|Gunk Shot|p1a: Poliwrath|[miss]\n|-miss|p2a: Greninja|p1a: Poliwrath\n|move|p1a: Poliwrath|Knock Off|p2a: Greninja\n|-damage|p2a: Greninja|168/246\n|-enditem|p2a: Greninja|Life Orb|[from] move: Knock Off|[of] p1a: Poliwrath\n|-damage|p1a: Poliwrath|242/302|[from] item: Life Orb\n|\n|upkeep\n|turn|7\n|\n|t:|1732987297\n|move|p2a: Greninja|Gunk Shot|p1a: Poliwrath\n|-damage|p1a: Poliwrath|171/302\n|move|p1a: Poliwrath|Liquidation|p2a: Greninja\n|-resisted|p2a: Greninja\n|-damage|p2a: Greninja|127/246\n|-damage|p1a: Poliwrath|141/302|[from] item: Life Orb\n|\n|-sideend|p2: Kyokuu2|move: Light Screen\n|upkeep\n|turn|8\n|\n|t:|1732987309\n|move|p2a: Greninja|Hydro Pump|p1a: Poliwrath|[miss]\n|-miss|p2a: Greninja|p1a: Poliwrath\n|move|p1a: Poliwrath|Rain Dance|p1a: Poliwrath\n|-weather|RainDance\n|\n|-weather|RainDance|[upkeep]\n|upkeep\n|turn|9\n|\n|t:|1732987320\n|move|p1a: Poliwrath|Liquidation|p2a: Greninja\n|-resisted|p2a: Greninja\n|-damage|p2a: Greninja|64/246\n|-damage|p1a: Poliwrath|111/302|[from] item: Life Orb\n|move|p2a: Greninja|Hydro Pump|p1a: Poliwrath\n|-resisted|p1a: Poliwrath\n|-damage|p1a: Poliwrath|30/302\n|\n|-weather|RainDance|[upkeep]\n|-sideend|p2: Kyokuu2|Reflect\n|upkeep\n|turn|10\n|\n|t:|1732987329\n|move|p1a: Poliwrath|Liquidation|p2a: Greninja\n|-resisted|p2a: Greninja\n|-damage|p2a: Greninja|0 fnt\n|faint|p2a: Greninja\n|-damage|p1a: Poliwrath|0 fnt|[from] item: Life Orb\n|faint|p1a: Poliwrath\n|\n|-weather|RainDance|[upkeep]\n|upkeep\n|\n|t:|1732987339\n|switch|p2a: Grimmsnarl|Grimmsnarl, L83, M|278/293\n|switch|p1a: Heatran|Heatran, L79, M|273/273\n|-item|p1a: Heatran|Air Balloon\n|turn|11\n|\n|t:|1732987344\n|move|p2a: Grimmsnarl|Light Screen|p2a: Grimmsnarl\n|-sidestart|p2: Kyokuu2|move: Light Screen\n|move|p1a: Heatran|Heavy Slam|p2a: Grimmsnarl\n|-supereffective|p2a: Grimmsnarl\n|-damage|p2a: Grimmsnarl|32/293\n|\n|-weather|RainDance|[upkeep]\n|upkeep\n|turn|12\n|\n|t:|1732987354\n|move|p2a: Grimmsnarl|Reflect|p2a: Grimmsnarl\n|-sidestart|p2: Kyokuu2|Reflect\n|move|p1a: Heatran|Heavy Slam|p2a: Grimmsnarl\n|-supereffective|p2a: Grimmsnarl\n|-damage|p2a: Grimmsnarl|0 fnt\n|faint|p2a: Grimmsnarl\n|\n|-weather|none\n|upkeep\n|\n|t:|1732987366\n|switch|p2a: Froslass|Froslass, L87, F|263/263\n|turn|13\n|\n|t:|1732987371\n|move|p2a: Froslass|Destiny Bond|p2a: Froslass\n|-singlemove|p2a: Froslass|Destiny Bond\n|move|p1a: Heatran|Heavy Slam|p2a: Froslass\n|-supereffective|p2a: Froslass\n|-damage|p2a: Froslass|142/263\n|-start|p1a: Heatran|Disable|Heavy Slam|[from] ability: Cursed Body|[of] p2a: Froslass\n|\n|upkeep\n|turn|14\n|\n|t:|1732987381\n|move|p2a: Froslass|Poltergeist|p1a: Heatran\n|-activate|p1a: Heatran|move: Poltergeist|Air Balloon\n|-damage|p1a: Heatran|170/273\n|-enditem|p1a: Heatran|Air Balloon\n|move|p1a: Heatran|Magma Storm|p2a: Froslass\n|-supereffective|p2a: Froslass\n|-damage|p2a: Froslass|13/263\n|-activate|p2a: Froslass|move: Magma Storm|[of] p1a: Heatran\n|\n|-damage|p2a: Froslass|0 fnt|[from] move: Magma Storm|[partiallytrapped]\n|faint|p2a: Froslass\n|upkeep\n|\n|t:|1732987395\n|switch|p2a: Ogerpon|Ogerpon-Hearthflame, L74, F|239/239\n|-ability|p2a: Ogerpon|Mold Breaker\n|turn|15\n|\n|t:|1732987401\n|move|p2a: Ogerpon|Knock Off|p1a: Heatran\n|-damage|p1a: Heatran|123/273\n|move|p1a: Heatran|Magma Storm|p2a: Ogerpon\n|-damage|p2a: Ogerpon|172/239\n|-activate|p2a: Ogerpon|move: Magma Storm|[of] p1a: Heatran\n|\n|-damage|p2a: Ogerpon|143/239|[from] move: Magma Storm|[partiallytrapped]\n|-sideend|p2: Kyokuu2|move: Light Screen\n|upkeep\n|turn|16\n|\n|t:|1732987410\n|move|p2a: Ogerpon|Power Whip|p1a: Heatran\n|-resisted|p1a: Heatran\n|-damage|p1a: Heatran|93/273\n|move|p1a: Heatran|Stealth Rock|p2a: Ogerpon\n|-sidestart|p2: Kyokuu2|move: Stealth Rock\n|\n|-damage|p2a: Ogerpon|114/239|[from] move: Magma Storm|[partiallytrapped]\n|-end|p1a: Heatran|Disable\n|-sideend|p2: Kyokuu2|Reflect\n|upkeep\n|turn|17\n|-message|Kyokuu2 forfeited.\n|\n|win|123456789ok\n|raw|123456789ok's rating: 1436 &rarr; <strong>1453</strong><br />(+17 for winning)\n|raw|Kyokuu2's rating: 1386 &rarr; <strong>1369</strong><br />(-17 for losing)\n|l|\u2606Kyokuu2\n|player|p2|\n", "inputlog": ">version b107d77f5c90bd6555267ae244a6264823309ead\n>start {\"formatid\":\"gen9randombattle\",\"seed\":[42374,24870,43138,25660],\"rated\":\"Rated battle\"}\n>player p1 {\"name\":\"123456789ok\",\"avatar\":\"169\",\"rating\":1436,\"seed\":[65326,30516,10211,5201]}\n>player p2 {\"name\":\"Kyokuu2\",\"avatar\":\"benga\",\"rating\":1386,\"seed\":[10132,61781,14789,8339]}\n>p1 switch 3\n>p2 switch 3\n>p1 move knockoff\n>p2 move reflect\n>p1 switch 4\n>p2 move lightscreen\n>p1 move heavyslam\n>p2 move partingshot\n>p2 switch 6\n>p1 switch 4\n>p2 move hydropump\n>p1 move knockoff\n>p2 move gunkshot\n>p1 move liquidation\n>p2 move gunkshot\n>p1 move raindance\n>p2 move hydropump\n>p1 move liquidation\n>p2 move hydropump\n>p1 move liquidation\n>p2 move gunkshot\n>p1 switch 4\n>p2 switch 6\n>p1 move heavyslam\n>p2 move lightscreen\n>p1 move heavyslam\n>p2 move reflect\n>p2 switch 5\n>p1 move heavyslam\n>p2 move destinybond\n>p1 move magmastorm\n>p2 move poltergeist\n>p2 switch 2\n>p1 move magmastorm\n>p2 move knockoff\n>p1 move stealthrock\n>p2 move powerwhip\n>forcelose p2", "uploadtime": 1732987436, "views": 2, "formatid": "gen9randombattle", "rating": 1369, "private": 0, "password": null}