{"id": "gen9randombattle-2254176240", "format": "[Gen 9] Random Battle", "players": ["Per3", "Brezito403"], "log": "|j|\u2606Per3\n|j|\u2606Brezito403\n|t:|1733000660\n|gametype|singles\n|player|p1|Per3|170|1304\n|player|p2|Brezito403|buck|1281\n|teamsize|p1|6\n|teamsize|p2|6\n|gen|9\n|tier|[Gen 9] Random Battle\n|rated|\n|rule|Species Clause: Limit one of each Pok\u00e9mon\n|rule|HP Percentage Mod: HP is shown in percentages\n|rule|Sleep Clause Mod: Limit one foe put to sleep\n|rule|Illusion Level Mod: Illusion disguises the Pok\u00e9mon's true level\n|\n|t:|1733000660\n|start\n|switch|p1a: Venusaur|Venusaur, L84, M|219/219\n|switch|p2a: Pelipper|Pelipper, L86, F|243/243\n|-weather|RainDance|[from] ability: Drizzle|[of] p2a: Pelipper\n|turn|1\n|\n|t:|1733000681\n|switch|p1a: Diancie|Diancie, L82|216/216\n|move|p2a: Pelipper|Knock Off|p1a: Diancie\n|-resisted|p1a: Diancie\n|-damage|p1a: Diancie|202/216\n|-enditem|p1a: Diancie|Leftovers|[from] move: Knock Off|[of] p2a: Pelipper\n|\n|-weather|RainDance|[upkeep]\n|upkeep\n|turn|2\n|\n|t:|1733000694\n|move|p2a: Pelipper|Hydro Pump|p1a: Diancie\n|-supereffective|p1a: Diancie\n|-damage|p1a: Diancie|0 fnt\n|faint|p1a: Diancie\n|\n|-weather|RainDance|[upkeep]\n|upkeep\n|\n|t:|1733000709\n|switch|p1a: Ditto|Ditto, L87|225/225\n|-transform|p1a: Ditto|p2a: Pelipper|[from] ability: Imposter\n|turn|3\n|\n|t:|1733000720\n|move|p1a: Ditto|Hurricane|p2a: Pelipper\n|-damage|p2a: Pelipper|110/243\n|move|p2a: Pelipper|Knock Off|p1a: Ditto\n|-damage|p1a: Ditto|185/225\n|-enditem|p1a: Ditto|Choice Scarf|[from] move: Knock Off|[of] p2a: Pelipper\n|\n|-weather|RainDance|[upkeep]\n|upkeep\n|turn|4\n|\n|t:|1733000730\n|move|p1a: Ditto|Hurricane|p2a: Pelipper\n|-damage|p2a: Pelipper|0 fnt\n|faint|p2a: Pelipper\n|\n|-weather|RainDance|[upkeep]\n|upkeep\n|\n|t:|1733000743\n|switch|p2a: Magearna|Magearna, L77|250/250\n|turn|5\n|\n|t:|1733000754\n|switch|p1a: Honchkrow|Honchkrow, L86, M|312/312\n|move|p2a: Magearna|Volt Switch|p1a: Honchkrow\n|-supereffective|p1a: Honchkrow\n|-damage|p1a: Honchkrow|168/312\n|\n|t:|1733000764\n|switch|p2a: Blastoise|Blastoise, L80, F|258/258|[from] Volt Switch\n|\n|-weather|none\n|upkeep\n|turn|6\n|\n|t:|1733000773\n|move|p1a: Honchkrow|U-turn|p2a: Blastoise\n|-damage|p2a: Blastoise|202/258\n|\n|t:|1733000775\n|switch|p1a: Venusaur|Venusaur, L84, M|272/272|[from] U-turn\n|move|p2a: Blastoise|Hydro Pump|p1a: Venusaur\n|-resisted|p1a: Venusaur\n|-crit|p1a: Venusaur\n|-damage|p1a: Venusaur|207/272\n|\n|-heal|p1a: Venusaur|224/272|[from] item: Leftovers\n|upkeep\n|turn|7\n|\n|t:|1733000788\n|switch|p2a: Oinkologne|Oinkologne-F, L92, F|361/361\n|move|p1a: Venusaur|Sleep Powder|p2a: Oinkologne|[miss]\n|-miss|p1a: Venusaur|p2a: Oinkologne\n|\n|-heal|p1a: Venusaur|241/272|[from] item: Leftovers\n|upkeep\n|turn|8\n|\n|t:|1733000803\n|switch|p1a: Mandibuzz|Mandibuzz, L85, F|326/326\n|-terastallize|p2a: Oinkologne|Ground\n|move|p2a: Oinkologne|High Horsepower|p1a: Mandibuzz\n|-immune|p1a: Mandibuzz\n|\n|upkeep\n|turn|9\n|\n|t:|1733000817\n|move|p1a: Mandibuzz|Foul Play|p2a: Oinkologne\n|-damage|p2a: Oinkologne|255/361\n|move|p2a: Oinkologne|Curse|p2a: Oinkologne\n|-unboost|p2a: Oinkologne|spe|1\n|-boost|p2a: Oinkologne|atk|1\n|-boost|p2a: Oinkologne|def|1\n|\n|-heal|p2a: Oinkologne|277/361|[from] item: Leftovers\n|upkeep\n|turn|10\n|\n|t:|1733000830\n|move|p1a: Mandibuzz|Foul Play|p2a: Oinkologne\n|-damage|p2a: Oinkologne|151/361\n|move|p2a: Oinkologne|Lash Out|p1a: Mandibuzz\n|-resisted|p1a: Mandibuzz\n|-damage|p1a: Mandibuzz|290/326\n|\n|-heal|p2a: Oinkologne|173/361|[from] item: Leftovers\n|upkeep\n|turn|11\n|\n|t:|1733000839\n|move|p1a: Mandibuzz|Foul Play|p2a: Oinkologne\n|-damage|p2a: Oinkologne|67/361\n|move|p2a: Oinkologne|Double-Edge|p1a: Mandibuzz\n|-damage|p1a: Mandibuzz|106/326\n|-damage|p2a: Oinkologne|6/361|[from] Recoil\n|\n|-heal|p2a: Oinkologne|28/361|[from] item: Leftovers\n|upkeep\n|turn|12\n|\n|t:|1733000850\n|move|p1a: Mandibuzz|Foul Play|p2a: Oinkologne\n|-damage|p2a: Oinkologne|0 fnt\n|faint|p2a: Oinkologne\n|\n|upkeep\n|\n|t:|1733000858\n|switch|p2a: Magearna|Magearna, L77|250/250\n|turn|13\n|\n|t:|1733000864\n|move|p1a: Mandibuzz|Roost|p1a: Mandibuzz\n|-heal|p1a: Mandibuzz|269/326\n|-singleturn|p1a: Mandibuzz|move: Roost\n|move|p2a: Magearna|Thunder Wave|p1a: Mandibuzz\n|-status|p1a: Mandibuzz|par\n|\n|upkeep\n|turn|14\n|\n|t:|1733000877\n|move|p2a: Magearna|Flash Cannon|p1a: Mandibuzz\n|-damage|p1a: Mandibuzz|190/326 par\n|move|p1a: Mandibuzz|Brave Bird|p2a: Magearna\n|-resisted|p2a: Magearna\n|-damage|p2a: Magearna|203/250\n|-damage|p1a: Mandibuzz|174/326 par|[from] Recoil\n|\n|-heal|p2a: Magearna|218/250|[from] item: Leftovers\n|upkeep\n|turn|15\n|\n|t:|1733000894\n|move|p2a: Magearna|Flash Cannon|p1a: Mandibuzz\n|-damage|p1a: Mandibuzz|83/326 par\n|move|p1a: Mandibuzz|Roost|p1a: Mandibuzz\n|-heal|p1a: Mandibuzz|246/326 par\n|-singleturn|p1a: Mandibuzz|move: Roost\n|\n|-heal|p2a: Magearna|233/250|[from] item: Leftovers\n|upkeep\n|turn|16\n|\n|t:|1733000914\n|switch|p1a: Ditto|Ditto, L87|185/225\n|-transform|p1a: Ditto|p2a: Magearna|[from] ability: Imposter\n|move|p2a: Magearna|Fleur Cannon|p1a: Ditto\n|-resisted|p1a: Ditto\n|-damage|p1a: Ditto|125/225\n|-unboost|p2a: Magearna|spa|2\n|\n|-heal|p2a: Magearna|248/250|[from] item: Leftovers\n|upkeep\n|turn|17\n|\n|t:|1733000930\n|move|p1a: Ditto|Flash Cannon|p2a: Magearna\n|-damage|p2a: Magearna|154/250\n|move|p2a: Magearna|Volt Switch|p1a: Ditto\n|-damage|p1a: Ditto|103/225\n|\n|t:|1733000941\n|switch|p2a: Blastoise|Blastoise, L80, F|202/258|[from] Volt Switch\n|\n|upkeep\n|turn|18\n|\n|t:|1733000948\n|move|p2a: Blastoise|Shell Smash|p2a: Blastoise\n|-unboost|p2a: Blastoise|def|1\n|-unboost|p2a: Blastoise|spd|1\n|-boost|p2a: Blastoise|atk|2\n|-boost|p2a: Blastoise|spa|2\n|-boost|p2a: Blastoise|spe|2\n|-enditem|p2a: Blastoise|White Herb\n|-clearnegativeboost|p2a: Blastoise|[silent]\n|move|p1a: Ditto|Thunder Wave|p2a: Blastoise\n|-status|p2a: Blastoise|par\n|\n|upkeep\n|turn|19\n|\n|t:|1733000961\n|move|p2a: Blastoise|Earthquake|p1a: Ditto\n|-supereffective|p1a: Ditto\n|-damage|p1a: Ditto|0 fnt\n|faint|p1a: Ditto\n|\n|upkeep\n|\n|t:|1733000976\n|switch|p1a: Venusaur|Venusaur, L84, M|241/272\n|turn|20\n|\n|t:|1733000988\n|move|p1a: Venusaur|Earth Power|p2a: Blastoise\n|-damage|p2a: Blastoise|138/258 par\n|move|p2a: Blastoise|Earthquake|p1a: Venusaur\n|-damage|p1a: Venusaur|122/272\n|\n|-heal|p1a: Venusaur|139/272|[from] item: Leftovers\n|upkeep\n|turn|21\n|\n|t:|1733000997\n|move|p1a: Venusaur|Sludge Bomb|p2a: Blastoise\n|-damage|p2a: Blastoise|45/258 par\n|move|p2a: Blastoise|Ice Beam|p1a: Venusaur\n|-supereffective|p1a: Venusaur\n|-damage|p1a: Venusaur|0 fnt\n|faint|p1a: Venusaur\n|\n|upkeep\n|\n|t:|1733001009\n|switch|p1a: Honchkrow|Honchkrow, L86, M|168/312\n|turn|22\n|\n|t:|1733001014\n|move|p1a: Honchkrow|Brave Bird|p2a: Blastoise\n|-damage|p2a: Blastoise|0 fnt\n|faint|p2a: Blastoise\n|-ability|p1a: Honchkrow|Moxie|boost\n|-boost|p1a: Honchkrow|atk|1\n|-damage|p1a: Honchkrow|153/312|[from] Recoil\n|\n|upkeep\n|\n|t:|1733001021\n|switch|p2a: Magearna|Magearna, L77|154/250\n|turn|23\n|\n|t:|1733001025\n|move|p1a: Honchkrow|Heat Wave|p2a: Magearna\n|-supereffective|p2a: Magearna\n|-damage|p2a: Magearna|32/250\n|move|p2a: Magearna|Thunder Wave|p1a: Honchkrow\n|-status|p1a: Honchkrow|par\n|\n|-heal|p2a: Magearna|47/250|[from] item: Leftovers\n|upkeep\n|turn|24\n|\n|t:|1733001034\n|move|p2a: Magearna|Fleur Cannon|p1a: Honchkrow\n|-supereffective|p1a: Honchkrow\n|-damage|p1a: Honchkrow|0 fnt\n|-unboost|p2a: Magearna|spa|2\n|faint|p1a: Honchkrow\n|-ability|p2a: Magearna|Soul-Heart|boost\n|-boost|p2a: Magearna|spa|1\n|\n|-heal|p2a: Magearna|62/250|[from] item: Leftovers\n|upkeep\n|\n|t:|1733001043\n|switch|p1a: Mandibuzz|Mandibuzz, L85, F|219/219\n|turn|25\n|\n|t:|1733001050\n|switch|p2a: Trevenant|Trevenant, L88, F|293/293\n|move|p1a: Mandibuzz|Flamethrower|p2a: Trevenant\n|-supereffective|p2a: Trevenant\n|-damage|p2a: Trevenant|75/293\n|-enditem|p2a: Trevenant|Sitrus Berry|[eat]\n|-heal|p2a: Trevenant|148/293|[from] item: Sitrus Berry\n|\n|upkeep\n|turn|26\n|\n|t:|1733001060\n|move|p1a: Mandibuzz|Flamethrower|p2a: Trevenant\n|-supereffective|p2a: Trevenant\n|-damage|p2a: Trevenant|0 fnt\n|faint|p2a: Trevenant\n|\n|upkeep\n|\n|t:|1733001065\n|switch|p2a: Serperior|Serperior, L79, M|248/248\n|turn|27\n|\n|t:|1733001071\n|move|p2a: Serperior|Leaf Storm|p1a: Mandibuzz|[miss]\n|-miss|p2a: Serperior|p1a: Mandibuzz\n|move|p1a: Mandibuzz|Flamethrower|p2a: Serperior\n|-supereffective|p2a: Serperior\n|-crit|p2a: Serperior\n|-damage|p2a: Serperior|0 fnt\n|faint|p2a: Serperior\n|\n|upkeep\n|\n|t:|1733001080\n|switch|p2a: Magearna|Magearna, L77|62/250\n|turn|28\n|\n|t:|1733001085\n|move|p1a: Mandibuzz|Flamethrower|p2a: Magearna\n|-supereffective|p2a: Magearna\n|-damage|p2a: Magearna|0 fnt\n|faint|p2a: Magearna\n|\n|win|Per3\n|raw|Per3's rating: 1304 &rarr; <strong>1323</strong><br />(+19 for winning)\n|raw|Brezito403's rating: 1281 &rarr; <strong>1258</strong><br />(-23 for losing)\n|l|\u2606Brezito403\n|player|p2|\n", "inputlog": ">version b107d77f5c90bd6555267ae244a6264823309ead\n>start {\"formatid\":\"gen9randombattle\",\"seed\":[4443,46938,21415,57260],\"rated\":\"Rated battle\"}\n>player p1 {\"name\":\"Per3\",\"avatar\":\"170\",\"rating\":1304,\"seed\":[6677,47085,38251,11553]}\n>player p2 {\"name\":\"Brezito403\",\"avatar\":\"buck\",\"rating\":1281,\"seed\":[62650,31879,36776,12774]}\n>p1 switch 4\n>p2 move knockoff\n>p1 move diamondstorm\n>p2 move hydropump\n>p1 switch 5\n>p1 move hurricane\n>p2 move knockoff\n>p1 move hurricane\n>p2 move hurricane\n>p2 switch 5\n>p1 switch 2\n>p2 move voltswitch\n>p2 switch 6\n>p1 move uturn\n>p2 move hydropump\n>p1 switch 6\n>p1 move sleeppowder\n>p2 switch 3\n>p1 switch 3\n>p2 move highhorsepower terastallize\n>p1 move foulplay\n>p2 move curse\n>p1 move foulplay\n>p2 move lashout\n>p1 move foulplay\n>p2 move doubleedge\n>p1 move foulplay\n>p2 move doubleedge\n>p2 switch 6\n>p1 move roost\n>p2 move thunderwave\n>p1 move bravebird\n>p2 move flashcannon\n>p1 move roost\n>p2 move flashcannon\n>p1 switch 2\n>p2 move fleurcannon\n>p1 move flashcannon\n>p2 move voltswitch\n>p2 switch 3\n>p1 move thunderwave\n>p2 move shellsmash\n>p1 move voltswitch\n>p2 move earthquake\n>p1 switch 3\n>p1 move earthpower\n>p2 move earthquake\n>p1 move sludgebomb\n>p2 move icebeam\n>p1 switch 6\n>p1 move bravebird\n>p2 move icebeam\n>p2 switch 3\n>p1 move heatwave\n>p2 move thunderwave\n>p1 move heatwave\n>p2 move fleurcannon\n>p1 switch 4\n>p1 move flamethrower\n>p2 switch 4\n>p1 move flamethrower\n>p2 move toxic\n>p2 switch 2\n>p1 move flamethrower\n>p2 move leafstorm\n>p2 switch 4\n>p1 move flamethrower\n>p2 move fleurcannon", "uploadtime": 1733001091, "views": 10, "formatid": "gen9randombattle", "rating": 1258, "private": 0, "password": null}