{"id": "gen9randombattle-2254046454", "format": "[Gen 9] Random Battle", "players": ["Sealed Book", "RyanJok"], "log": "|j|\u2606Sealed Book\n|j|\u2606RyanJok\n|t:|1732984493\n|gametype|singles\n|player|p1|Sealed Book|lisia|1220\n|player|p2|RyanJok|169|1205\n|teamsize|p1|6\n|teamsize|p2|6\n|gen|9\n|tier|[Gen 9] Random Battle\n|rated|\n|rule|Species Clause: Limit one of each Pok\u00e9mon\n|rule|HP Percentage Mod: HP is shown in percentages\n|rule|Sleep Clause Mod: Limit one foe put to sleep\n|rule|Illusion Level Mod: Illusion disguises the Pok\u00e9mon's true level\n|\n|t:|1732984493\n|start\n|switch|p1a: Clodsire|Clodsire, L81, F|343/343\n|switch|p2a: Meganium|Meganium, L90, M|290/290\n|turn|1\n|inactive|Battle timer is ON: inactive players will automatically lose when time's up. (requested by RyanJok)\n|\n|t:|1732984525\n|move|p2a: Meganium|Swords Dance|p2a: Meganium\n|-boost|p2a: Meganium|atk|2\n|move|p1a: Clodsire|Poison Jab|p2a: Meganium\n|-supereffective|p2a: Meganium\n|-damage|p2a: Meganium|182/290\n|\n|upkeep\n|turn|2\n|\n|t:|1732984531\n|move|p2a: Meganium|Petal Blizzard|p1a: Clodsire\n|-damage|p1a: Clodsire|170/343\n|-damage|p2a: Meganium|153/290|[from] item: Life Orb\n|move|p1a: Clodsire|Poison Jab|p2a: Meganium\n|-supereffective|p2a: Meganium\n|-damage|p2a: Meganium|49/290\n|\n|-heal|p1a: Clodsire|191/343|[from] item: Leftovers\n|upkeep\n|turn|3\n|\n|t:|1732984539\n|move|p2a: Meganium|Petal Blizzard|p1a: Clodsire\n|-damage|p1a: Clodsire|0 fnt\n|faint|p1a: Clodsire\n|-damage|p2a: Meganium|20/290|[from] item: Life Orb\n|\n|upkeep\n|\n|t:|1732984548\n|switch|p1a: Shaymin|Shaymin-Sky, L73|266/266\n|turn|4\n|\n|t:|1732984558\n|move|p1a: Shaymin|Air Slash|p2a: Meganium\n|-supereffective|p2a: Meganium\n|-damage|p2a: Meganium|0 fnt\n|faint|p2a: Meganium\n|\n|upkeep\n|\n|t:|1732984568\n|switch|p2a: Weezing|Weezing, L88, F|258/258\n|turn|5\n|inactive|Sealed Book has 120 seconds left.\n|inactive|RyanJok has 120 seconds left.\n|\n|t:|1732984605\n|switch|p1a: Venusaur|Venusaur, L84, F|272/272\n|move|p2a: Weezing|Gunk Shot|p1a: Venusaur\n|-damage|p1a: Venusaur|122/272\n|\n|-heal|p1a: Venusaur|139/272|[from] item: Leftovers\n|upkeep\n|turn|6\n|\n|t:|1732984614\n|move|p1a: Venusaur|Substitute|p1a: Venusaur\n|-start|p1a: Venusaur|Substitute\n|-damage|p1a: Venusaur|71/272\n|move|p2a: Weezing|Fire Blast|p1a: Venusaur|[miss]\n|-miss|p2a: Weezing|p1a: Venusaur\n|\n|-heal|p1a: Venusaur|88/272|[from] item: Leftovers\n|upkeep\n|turn|7\n|\n|t:|1732984619\n|move|p1a: Venusaur|Leech Seed|p2a: Weezing\n|-start|p2a: Weezing|move: Leech Seed\n|move|p2a: Weezing|Pain Split||[still]\n|-fail|p2a: Weezing\n|\n|-heal|p1a: Venusaur|105/272|[from] item: Leftovers\n|-damage|p2a: Weezing|226/258|[from] Leech Seed|[of] p1a: Venusaur\n|-heal|p1a: Venusaur|137/272|[silent]\n|upkeep\n|turn|8\n|\n|t:|1732984627\n|move|p1a: Venusaur|Giga Drain|p2a: Weezing\n|-resisted|p2a: Weezing\n|-crit|p2a: Weezing\n|-damage|p2a: Weezing|151/258\n|-heal|p1a: Venusaur|175/272|[from] drain|[of] p2a: Weezing\n|move|p2a: Weezing|Will-O-Wisp||[still]\n|-fail|p2a: Weezing\n|\n|-heal|p1a: Venusaur|192/272|[from] item: Leftovers\n|-heal|p2a: Weezing|167/258|[from] item: Leftovers\n|-damage|p2a: Weezing|135/258|[from] Leech Seed|[of] p1a: Venusaur\n|-heal|p1a: Venusaur|224/272|[silent]\n|upkeep\n|turn|9\n|\n|t:|1732984633\n|move|p1a: Venusaur|Giga Drain|p2a: Weezing\n|-resisted|p2a: Weezing\n|-damage|p2a: Weezing|90/258\n|-heal|p1a: Venusaur|247/272|[from] drain|[of] p2a: Weezing\n|move|p2a: Weezing|Gunk Shot|p1a: Venusaur\n|-end|p1a: Venusaur|Substitute\n|\n|-heal|p1a: Venusaur|264/272|[from] item: Leftovers\n|-heal|p2a: Weezing|106/258|[from] item: Leftovers\n|-damage|p2a: Weezing|74/258|[from] Leech Seed|[of] p1a: Venusaur\n|-heal|p1a: Venusaur|272/272|[silent]\n|upkeep\n|turn|10\n|\n|t:|1732984637\n|move|p1a: Venusaur|Substitute|p1a: Venusaur\n|-start|p1a: Venusaur|Substitute\n|-damage|p1a: Venusaur|204/272\n|move|p2a: Weezing|Gunk Shot|p1a: Venusaur\n|-end|p1a: Venusaur|Substitute\n|\n|-heal|p1a: Venusaur|221/272|[from] item: Leftovers\n|-heal|p2a: Weezing|90/258|[from] item: Leftovers\n|-damage|p2a: Weezing|58/258|[from] Leech Seed|[of] p1a: Venusaur\n|-heal|p1a: Venusaur|253/272|[silent]\n|upkeep\n|turn|11\n|\n|t:|1732984643\n|move|p1a: Venusaur|Substitute|p1a: Venusaur\n|-start|p1a: Venusaur|Substitute\n|-damage|p1a: Venusaur|185/272\n|move|p2a: Weezing|Gunk Shot|p1a: Venusaur\n|-end|p1a: Venusaur|Substitute\n|\n|-heal|p1a: Venusaur|202/272|[from] item: Leftovers\n|-heal|p2a: Weezing|74/258|[from] item: Leftovers\n|-damage|p2a: Weezing|42/258|[from] Leech Seed|[of] p1a: Venusaur\n|-heal|p1a: Venusaur|234/272|[silent]\n|upkeep\n|turn|12\n|\n|t:|1732984650\n|move|p1a: Venusaur|Sludge Bomb|p2a: Weezing\n|-resisted|p2a: Weezing\n|-damage|p2a: Weezing|0 fnt\n|faint|p2a: Weezing\n|\n|-heal|p1a: Venusaur|251/272|[from] item: Leftovers\n|upkeep\n|\n|t:|1732984655\n|switch|p2a: Okidogi|Okidogi, L77, M|262/262\n|turn|13\n|\n|t:|1732984664\n|move|p1a: Venusaur|Leech Seed|p2a: Okidogi\n|-start|p2a: Okidogi|move: Leech Seed\n|move|p2a: Okidogi|Bulk Up|p2a: Okidogi\n|-boost|p2a: Okidogi|atk|1\n|-boost|p2a: Okidogi|def|1\n|\n|-heal|p1a: Venusaur|268/272|[from] item: Leftovers\n|-damage|p2a: Okidogi|230/262|[from] Leech Seed|[of] p1a: Venusaur\n|-heal|p1a: Venusaur|272/272|[silent]\n|upkeep\n|turn|14\n|\n|t:|1732984668\n|move|p1a: Venusaur|Substitute|p1a: Venusaur\n|-start|p1a: Venusaur|Substitute\n|-damage|p1a: Venusaur|204/272\n|move|p2a: Okidogi|Drain Punch|p1a: Venusaur\n|-resisted|p1a: Venusaur\n|-activate|p1a: Venusaur|move: Substitute|[damage]\n|-heal|p2a: Okidogi|262/262|[from] drain|[of] p1a: Venusaur\n|\n|-heal|p1a: Venusaur|221/272|[from] item: Leftovers\n|-damage|p2a: Okidogi|230/262|[from] Leech Seed|[of] p1a: Venusaur\n|-heal|p1a: Venusaur|253/272|[silent]\n|upkeep\n|turn|15\n|\n|t:|1732984673\n|move|p1a: Venusaur|Giga Drain|p2a: Okidogi\n|-resisted|p2a: Okidogi\n|-damage|p2a: Okidogi|188/262\n|-heal|p1a: Venusaur|272/272|[from] drain|[of] p2a: Okidogi\n|move|p2a: Okidogi|Bulk Up|p2a: Okidogi\n|-boost|p2a: Okidogi|atk|1\n|-boost|p2a: Okidogi|def|1\n|\n|-heal|p2a: Okidogi|204/262|[from] item: Leftovers\n|-damage|p2a: Okidogi|172/262|[from] Leech Seed|[of] p1a: Venusaur\n|upkeep\n|turn|16\n|\n|t:|1732984677\n|move|p1a: Venusaur|Sludge Bomb|p2a: Okidogi\n|-resisted|p2a: Okidogi\n|-damage|p2a: Okidogi|118/262\n|move|p2a: Okidogi|Bulk Up|p2a: Okidogi\n|-boost|p2a: Okidogi|atk|1\n|-boost|p2a: Okidogi|def|1\n|\n|-heal|p2a: Okidogi|134/262|[from] item: Leftovers\n|-damage|p2a: Okidogi|102/262|[from] Leech Seed|[of] p1a: Venusaur\n|upkeep\n|turn|17\n|\n|t:|1732984685\n|move|p1a: Venusaur|Sludge Bomb|p2a: Okidogi\n|-resisted|p2a: Okidogi\n|-damage|p2a: Okidogi|48/262\n|move|p2a: Okidogi|Knock Off|p1a: Venusaur\n|-end|p1a: Venusaur|Substitute\n|\n|-heal|p2a: Okidogi|64/262|[from] item: Leftovers\n|-damage|p2a: Okidogi|32/262|[from] Leech Seed|[of] p1a: Venusaur\n|upkeep\n|turn|18\n|\n|t:|1732984691\n|move|p1a: Venusaur|Sludge Bomb|p2a: Okidogi\n|-resisted|p2a: Okidogi\n|-damage|p2a: Okidogi|0 fnt\n|faint|p2a: Okidogi\n|\n|upkeep\n|\n|t:|1732984697\n|switch|p2a: Leavanny|Leavanny, L86, F|269/269\n|turn|19\n|\n|t:|1732984710\n|move|p2a: Leavanny|Lunge|p1a: Venusaur\n|-damage|p1a: Venusaur|181/272\n|-unboost|p1a: Venusaur|atk|1\n|move|p1a: Venusaur|Sludge Bomb|p2a: Leavanny\n|-supereffective|p2a: Leavanny\n|-damage|p2a: Leavanny|53/269\n|-status|p2a: Leavanny|psn\n|\n|-heal|p1a: Venusaur|198/272|[from] item: Leftovers\n|-damage|p2a: Leavanny|20/269 psn|[from] psn\n|upkeep\n|turn|20\n|\n|t:|1732984719\n|move|p2a: Leavanny|Sticky Web|p1a: Venusaur\n|-sidestart|p1: Sealed Book|move: Sticky Web\n|move|p1a: Venusaur|Substitute|p1a: Venusaur\n|-start|p1a: Venusaur|Substitute\n|-damage|p1a: Venusaur|130/272\n|\n|-heal|p1a: Venusaur|147/272|[from] item: Leftovers\n|-damage|p2a: Leavanny|0 fnt|[from] psn\n|faint|p2a: Leavanny\n|upkeep\n|\n|t:|1732984724\n|switch|p2a: Golem|Golem-Alola, L93, F|300/300\n|turn|21\n|\n|t:|1732984733\n|move|p1a: Venusaur|Leech Seed|p2a: Golem\n|-start|p2a: Golem|move: Leech Seed\n|move|p2a: Golem|Rock Polish|p2a: Golem\n|-boost|p2a: Golem|spe|2\n|\n|-heal|p1a: Venusaur|164/272|[from] item: Leftovers\n|-damage|p2a: Golem|263/300|[from] Leech Seed|[of] p1a: Venusaur\n|-heal|p1a: Venusaur|201/272|[silent]\n|upkeep\n|turn|22\n|\n|t:|1732984740\n|move|p2a: Golem|Earthquake|p1a: Venusaur\n|-end|p1a: Venusaur|Substitute\n|-damage|p2a: Golem|233/300|[from] item: Life Orb\n|move|p1a: Venusaur|Giga Drain|p2a: Golem\n|-supereffective|p2a: Golem\n|-damage|p2a: Golem|63/300\n|-heal|p1a: Venusaur|272/272|[from] drain|[of] p2a: Golem\n|\n|-damage|p2a: Golem|26/300|[from] Leech Seed|[of] p1a: Venusaur\n|upkeep\n|turn|23\n|\n|t:|1732984752\n|move|p2a: Golem|Double-Edge|p1a: Venusaur\n|-resisted|p1a: Venusaur\n|-damage|p1a: Venusaur|120/272\n|-damage|p2a: Golem|0 fnt|[from] Recoil\n|faint|p2a: Golem\n|move|p1a: Venusaur|Substitute|p1a: Venusaur\n|-start|p1a: Venusaur|Substitute\n|-damage|p1a: Venusaur|52/272\n|\n|-heal|p1a: Venusaur|69/272|[from] item: Leftovers\n|upkeep\n|\n|t:|1732984757\n|switch|p2a: Garchomp|Garchomp, L74, F|282/282\n|turn|24\n|\n|t:|1732984762\n|move|p2a: Garchomp|Fire Fang|p1a: Venusaur\n|-supereffective|p1a: Venusaur\n|-end|p1a: Venusaur|Substitute\n|move|p1a: Venusaur|Giga Drain|p2a: Garchomp\n|-damage|p2a: Garchomp|146/282\n|-heal|p1a: Venusaur|137/272|[from] drain|[of] p2a: Garchomp\n|\n|-heal|p1a: Venusaur|154/272|[from] item: Leftovers\n|upkeep\n|turn|25\n|\n|t:|1732984768\n|move|p2a: Garchomp|Fire Fang|p1a: Venusaur\n|-supereffective|p1a: Venusaur\n|-damage|p1a: Venusaur|60/272\n|move|p1a: Venusaur|Giga Drain|p2a: Garchomp\n|-crit|p2a: Garchomp\n|-damage|p2a: Garchomp|0 fnt\n|-heal|p1a: Venusaur|133/272|[from] drain|[of] p2a: Garchomp\n|faint|p2a: Garchomp\n|\n|win|Sealed Book\n|raw|Sealed Book's rating: 1220 &rarr; <strong>1244</strong><br />(+24 for winning)\n|raw|RyanJok's rating: 1205 &rarr; <strong>1181</strong><br />(-24 for losing)\n|l|\u2606RyanJok\n|player|p2|\n|c|\u2606Sealed Book|11 wins - 2 loses\n", "inputlog": ">version b107d77f5c90bd6555267ae244a6264823309ead\n>start {\"formatid\":\"gen9randombattle\",\"seed\":[60732,59899,39051,29488],\"rated\":\"Rated battle\"}\n>player p1 {\"name\":\"Sealed Book\",\"avatar\":\"lisia\",\"rating\":1220,\"seed\":[47881,20440,13707,59035]}\n>player p2 {\"name\":\"RyanJok\",\"avatar\":\"169\",\"rating\":1205,\"seed\":[56969,64256,50463,15913]}\n>p1 move poisonjab\n>p2 move swordsdance\n>p1 move poisonjab\n>p2 move petalblizzard\n>p1 move recover\n>p2 move petalblizzard\n>p1 switch 5\n>p1 move airslash\n>p2 move earthquake\n>p2 switch 5\n>p1 switch 4\n>p2 move gunkshot\n>p1 move substitute\n>p2 move fireblast\n>p1 move leechseed\n>p2 move painsplit\n>p1 move gigadrain\n>p2 move willowisp\n>p1 move gigadrain\n>p2 move gunkshot\n>p1 move substitute\n>p2 move gunkshot\n>p1 move substitute\n>p2 move gunkshot\n>p1 move sludgebomb\n>p2 move willowisp\n>p2 switch 4\n>p1 move leechseed\n>p2 move bulkup\n>p1 move substitute\n>p2 move drainpunch\n>p1 move gigadrain\n>p2 move bulkup\n>p1 move sludgebomb\n>p2 move bulkup\n>p1 move sludgebomb\n>p2 move knockoff\n>p1 move sludgebomb\n>p2 move drainpunch\n>p2 switch 2\n>p1 move sludgebomb\n>p2 move lunge\n>p1 move substitute\n>p2 move stickyweb\n>p2 switch 6\n>p1 move leechseed\n>p2 move rockpolish\n>p1 move gigadrain\n>p2 move earthquake\n>p1 move substitute\n>p2 move doubleedge\n>p2 switch 3\n>p1 move gigadrain\n>p2 move firefang\n>p1 move gigadrain\n>p2 move firefang", "uploadtime": 1732984780, "views": 1, "formatid": "gen9randombattle", "rating": 1181, "private": 0, "password": null}