{"id": "gen9randombattle-2254093351", "format": "[Gen 9] Random Battle", "players": ["nu99nuj9u", "Elegant Gentleman"], "log": "|j|\u2606nu99nuj9u\n|j|\u2606Elegant Gentleman\n|t:|1732990431\n|gametype|singles\n|player|p1|nu99nuj9u|265|1000\n|player|p2|Elegant Gentleman|1|1000\n|teamsize|p1|6\n|teamsize|p2|6\n|gen|9\n|tier|[Gen 9] Random Battle\n|rated|\n|rule|Species Clause: Limit one of each Pok\u00e9mon\n|rule|HP Percentage Mod: HP is shown in percentages\n|rule|Sleep Clause Mod: Limit one foe put to sleep\n|rule|Illusion Level Mod: Illusion disguises the Pok\u00e9mon's true level\n|\n|t:|1732990431\n|start\n|switch|p1a: Mewtwo|Mewtwo, L72|272/272\n|switch|p2a: Jumpluff|Jumpluff, L87, F|271/271\n|-ability|p1a: Mewtwo|Unnerve\n|turn|1\n|\n|t:|1732990446\n|move|p2a: Jumpluff|Sleep Powder|p1a: Mewtwo\n|-status|p1a: Mewtwo|slp|[from] move: Sleep Powder\n|cant|p1a: Mewtwo|slp\n|\n|upkeep\n|turn|2\n|\n|t:|1732990453\n|move|p2a: Jumpluff|Acrobatics|p1a: Mewtwo\n|-damage|p1a: Mewtwo|172/272 slp\n|cant|p1a: Mewtwo|slp\n|\n|upkeep\n|turn|3\n|\n|t:|1732990460\n|move|p2a: Jumpluff|U-turn|p1a: Mewtwo\n|-supereffective|p1a: Mewtwo\n|-damage|p1a: Mewtwo|94/272 slp\n|\n|t:|1732990468\n|switch|p2a: Phione|Phione, L91|293/293|[from] U-turn\n|-curestatus|p1a: Mewtwo|slp|[msg]\n|move|p1a: Mewtwo|Recover|p1a: Mewtwo\n|-heal|p1a: Mewtwo|230/272\n|\n|upkeep\n|turn|4\n|\n|t:|1732990480\n|move|p1a: Mewtwo|Psystrike|p2a: Phione\n|-damage|p2a: Phione|137/293\n|-damage|p1a: Mewtwo|203/272|[from] item: Life Orb\n|move|p2a: Phione|Scald|p1a: Mewtwo\n|-damage|p1a: Mewtwo|97/272\n|\n|-heal|p2a: Phione|155/293|[from] item: Leftovers\n|upkeep\n|turn|5\n|\n|t:|1732990491\n|move|p1a: Mewtwo|Recover|p1a: Mewtwo\n|-heal|p1a: Mewtwo|233/272\n|move|p2a: Phione|Scald|p1a: Mewtwo\n|-crit|p1a: Mewtwo\n|-damage|p1a: Mewtwo|88/272\n|-status|p1a: Mewtwo|brn\n|\n|-heal|p2a: Phione|173/293|[from] item: Leftovers\n|-damage|p1a: Mewtwo|71/272 brn|[from] brn\n|upkeep\n|turn|6\n|\n|t:|1732990502\n|move|p1a: Mewtwo|Recover|p1a: Mewtwo\n|-heal|p1a: Mewtwo|207/272 brn\n|move|p2a: Phione|Scald|p1a: Mewtwo\n|-damage|p1a: Mewtwo|107/272 brn\n|\n|-heal|p2a: Phione|191/293|[from] item: Leftovers\n|-damage|p1a: Mewtwo|90/272 brn|[from] brn\n|upkeep\n|turn|7\n|\n|t:|1732990513\n|move|p1a: Mewtwo|Psystrike|p2a: Phione\n|-damage|p2a: Phione|55/293\n|-damage|p1a: Mewtwo|63/272 brn|[from] item: Life Orb\n|move|p2a: Phione|Scald|p1a: Mewtwo\n|-damage|p1a: Mewtwo|0 fnt\n|faint|p1a: Mewtwo\n|\n|-heal|p2a: Phione|73/293|[from] item: Leftovers\n|upkeep\n|\n|t:|1732990536\n|switch|p1a: Glastrier|Glastrier, L86|312/312\n|turn|8\n|\n|t:|1732990546\n|-terastallize|p1a: Glastrier|Fighting\n|move|p2a: Phione|Scald|p1a: Glastrier\n|-damage|p1a: Glastrier|240/312\n|move|p1a: Glastrier|Swords Dance|p1a: Glastrier\n|-boost|p1a: Glastrier|atk|2\n|\n|-heal|p2a: Phione|91/293|[from] item: Leftovers\n|upkeep\n|turn|9\n|\n|t:|1732990561\n|move|p2a: Phione|Scald|p1a: Glastrier\n|-crit|p1a: Glastrier\n|-damage|p1a: Glastrier|140/312\n|move|p1a: Glastrier|High Horsepower|p2a: Phione\n|-damage|p2a: Phione|0 fnt\n|faint|p2a: Phione\n|-ability|p1a: Glastrier|Chilling Neigh|boost\n|-boost|p1a: Glastrier|atk|1\n|\n|upkeep\n|\n|t:|1732990572\n|switch|p2a: Jumpluff|Jumpluff, L87, F|271/271\n|turn|10\n|\n|t:|1732990577\n|move|p2a: Jumpluff|Sleep Powder|p1a: Glastrier\n|-status|p1a: Glastrier|slp|[from] move: Sleep Powder\n|cant|p1a: Glastrier|slp\n|\n|upkeep\n|turn|11\n|\n|t:|1732990583\n|move|p2a: Jumpluff|Acrobatics|p1a: Glastrier\n|-supereffective|p1a: Glastrier\n|-damage|p1a: Glastrier|8/312 slp\n|cant|p1a: Glastrier|slp\n|\n|upkeep\n|turn|12\n|\n|t:|1732990589\n|move|p2a: Jumpluff|Acrobatics|p1a: Glastrier\n|-supereffective|p1a: Glastrier\n|-damage|p1a: Glastrier|0 fnt\n|faint|p1a: Glastrier\n|\n|upkeep\n|\n|t:|1732990608\n|switch|p1a: Swalot|Swalot, L90, F|326/326\n|turn|13\n|\n|t:|1732990615\n|move|p2a: Jumpluff|Sleep Powder|p1a: Swalot\n|-status|p1a: Swalot|slp|[from] move: Sleep Powder\n|cant|p1a: Swalot|slp\n|\n|upkeep\n|turn|14\n|\n|t:|1732990623\n|move|p2a: Jumpluff|U-turn|p1a: Swalot\n|-resisted|p1a: Swalot\n|-damage|p1a: Swalot|309/326 slp\n|\n|t:|1732990628\n|switch|p2a: Barraskewda|Barraskewda, L81, F|231/231|[from] U-turn\n|cant|p1a: Swalot|slp\n|\n|-heal|p1a: Swalot|326/326 slp|[from] item: Leftovers\n|upkeep\n|turn|15\n|\n|t:|1732990641\n|move|p2a: Barraskewda|Psychic Fangs|p1a: Swalot\n|-supereffective|p1a: Swalot\n|-damage|p1a: Swalot|114/326 slp\n|cant|p1a: Swalot|slp\n|\n|-heal|p1a: Swalot|134/326 slp|[from] item: Leftovers\n|upkeep\n|turn|16\n|l|\u2606nu99nuj9u\n|player|p1|\n|inactive|Battle timer is ON: inactive players will automatically lose when time's up. (requested by Elegant Gentleman)\n|inactive|nu99nuj9u has 30 seconds to reconnect!\n|inactive|nu99nuj9u has 20 seconds to reconnect!\n|inactive|nu99nuj9u has 15 seconds to reconnect!\n|inactive|nu99nuj9u has 10 seconds to reconnect!\n|inactive|nu99nuj9u has 5 seconds to reconnect!\n|-message|nu99nuj9u lost due to inactivity.\n|\n|win|Elegant Gentleman\n|raw|nu99nuj9u's rating: 1000 &rarr; <strong>1000</strong><br />(+0 for losing)\n|raw|Elegant Gentleman's rating: 1000 &rarr; <strong>1040</strong><br />(+40 for winning)\n", "inputlog": ">version b107d77f5c90bd6555267ae244a6264823309ead\n>start {\"formatid\":\"gen9randombattle\",\"seed\":[3085,293,61675,53889],\"rated\":\"Rated battle\"}\n>player p1 {\"name\":\"nu99nuj9u\",\"avatar\":\"265\",\"rating\":1000,\"seed\":[53584,7808,57009,15229]}\n>player p2 {\"name\":\"Elegant Gentleman\",\"avatar\":\"1\",\"rating\":1000,\"seed\":[14929,4215,28584,29553]}\n>p1 move fireblast\n>p2 move sleeppowder\n>p1 move psystrike\n>p2 move acrobatics\n>p1 move recover\n>p2 move uturn\n>p2 switch 2\n>p1 move psystrike\n>p2 move scald\n>p1 move recover\n>p2 move scald\n>p1 move recover\n>p2 move scald\n>p1 move psystrike\n>p2 move scald\n>p1 switch 3\n>p1 move swordsdance terastallize\n>p2 move scald\n>p1 move highhorsepower\n>p2 move scald\n>p2 switch 2\n>p1 move iciclecrash\n>p2 move sleeppowder\n>p1 move iciclecrash\n>p2 move acrobatics\n>p1 move iciclecrash\n>p2 move acrobatics\n>p1 switch 6\n>p1 move toxic\n>p2 move sleeppowder\n>p1 move toxic\n>p2 move uturn\n>p2 switch 6\n>p1 move toxic\n>p2 move psychicfangs\n>forcelose p1", "uploadtime": 1732990719, "views": 2, "formatid": "gen9randombattle", "rating": 1000, "private": 0, "password": null}