{"id": "gen9randombattle-2253991642", "format": "[Gen 9] Random Battle", "players": ["gimgie", "Not gimgie"], "log": "|j|\u2606gimgie\n|j|\u2606Not gimgie\n|t:|1732976830\n|gametype|singles\n|player|p1|gimgie|265|\n|player|p2|Not gimgie|delinquent|\n|teamsize|p1|6\n|teamsize|p2|6\n|gen|9\n|tier|[Gen 9] Random Battle\n|rule|Species Clause: Limit one of each Pok\u00e9mon\n|rule|HP Percentage Mod: HP is shown in percentages\n|rule|Sleep Clause Mod: Limit one foe put to sleep\n|rule|Illusion Level Mod: Illusion disguises the Pok\u00e9mon's true level\n|\n|t:|1732976830\n|start\n|switch|p1a: Pachirisu|Pachirisu, L96, F|271/271\n|switch|p2a: Regidrago|Regidrago, L77|435/435\n|turn|1\n|c|\u2606gimgie|ooga booga\n|\n|t:|1732976840\n|move|p1a: Pachirisu|Super Fang|p2a: Regidrago\n|-damage|p2a: Regidrago|218/435\n|move|p2a: Regidrago|Draco Meteor|p1a: Pachirisu\n|-damage|p1a: Pachirisu|124/271\n|-unboost|p2a: Regidrago|spa|2\n|\n|upkeep\n|turn|2\n|\n|t:|1732976853\n|move|p1a: Pachirisu|Discharge|p2a: Regidrago\n|-resisted|p2a: Regidrago\n|-damage|p2a: Regidrago|162/435\n|move|p2a: Regidrago|Earthquake|p1a: Pachirisu\n|-supereffective|p1a: Pachirisu\n|-damage|p1a: Pachirisu|4/271\n|\n|upkeep\n|turn|3\n|\n|t:|1732976859\n|switch|p2a: Kricketune|Kricketune, L99, F|312/312\n|move|p1a: Pachirisu|U-turn|p2a: Kricketune\n|-damage|p2a: Kricketune|265/312\n|\n|t:|1732976870\n|switch|p1a: Bombirdier|Bombirdier, L85, F|258/258|[from] U-turn\n|\n|upkeep\n|turn|4\n|\n|t:|1732976888\n|switch|p2a: Persian|Persian-Alola, L86, F|252/252\n|move|p1a: Bombirdier|Brave Bird|p2a: Persian\n|-damage|p2a: Persian|129/252\n|-damage|p1a: Bombirdier|217/258|[from] Recoil\n|\n|-heal|p2a: Persian|144/252|[from] item: Leftovers\n|upkeep\n|turn|5\n|\n|t:|1732976892\n|move|p2a: Persian|Thunderbolt|p1a: Bombirdier\n|-supereffective|p1a: Bombirdier\n|-damage|p1a: Bombirdier|101/258\n|move|p1a: Bombirdier|Brave Bird|p2a: Persian\n|-damage|p2a: Persian|11/252\n|-damage|p1a: Bombirdier|57/258|[from] Recoil\n|\n|-heal|p2a: Persian|26/252|[from] item: Leftovers\n|upkeep\n|turn|6\n|\n|t:|1732976900\n|switch|p1a: Pachirisu|Pachirisu, L96, F|4/271\n|move|p2a: Persian|Thunderbolt|p1a: Pachirisu\n|-heal|p1a: Pachirisu|71/271|[from] ability: Volt Absorb|[of] p2a: Persian\n|\n|-heal|p2a: Persian|41/252|[from] item: Leftovers\n|upkeep\n|turn|7\n|c|\u2606gimgie|yum\n|\n|t:|1732976914\n|move|p2a: Persian|Dark Pulse|p1a: Pachirisu\n|-damage|p1a: Pachirisu|8/271\n|move|p1a: Pachirisu|Encore|p2a: Persian\n|-start|p2a: Persian|Encore\n|\n|-heal|p2a: Persian|56/252|[from] item: Leftovers\n|upkeep\n|turn|8\n|\n|t:|1732976932\n|move|p2a: Persian|Dark Pulse|p1a: Pachirisu\n|-damage|p1a: Pachirisu|0 fnt\n|faint|p1a: Pachirisu\n|\n|-heal|p2a: Persian|71/252|[from] item: Leftovers\n|upkeep\n|\n|t:|1732976936\n|switch|p1a: Furret|Furret, L94, F|312/312\n|-item|p2a: Persian|Leftovers|[from] ability: Frisk|[of] p1a: Furret\n|turn|9\n|\n|t:|1732976947\n|switch|p2a: Salamence|Salamence, L77, F|273/273\n|-ability|p2a: Salamence|Intimidate|boost\n|-unboost|p1a: Furret|atk|1\n|move|p1a: Furret|Trick|p2a: Salamence\n|-activate|p1a: Furret|move: Trick|[of] p2a: Salamence\n|-item|p2a: Salamence|Choice Band|[from] move: Trick\n|-item|p1a: Furret|Heavy-Duty Boots|[from] move: Trick\n|\n|upkeep\n|turn|10\n|c|\u2606Not gimgie|thank yew\n|\n|t:|1732976960\n|move|p1a: Furret|U-turn|p2a: Salamence\n|-resisted|p2a: Salamence\n|-damage|p2a: Salamence|254/273\n|c|\u2606gimgie|oh no\n|\n|t:|1732976972\n|switch|p1a: Sinistcha|Sinistcha-Masterpiece, L83|254/254|[from] U-turn\n|move|p2a: Salamence|Dual Wingbeat|p1a: Sinistcha\n|-supereffective|p1a: Sinistcha\n|-damage|p1a: Sinistcha|128/254\n|-supereffective|p1a: Sinistcha\n|-damage|p1a: Sinistcha|8/254\n|-hitcount|p1a: Sinistcha|2\n|\n|-heal|p1a: Sinistcha|23/254|[from] item: Leftovers\n|upkeep\n|turn|11\n|\n|t:|1732976975\n|move|p2a: Salamence|Dual Wingbeat|p1a: Sinistcha\n|-supereffective|p1a: Sinistcha\n|-damage|p1a: Sinistcha|0 fnt\n|faint|p1a: Sinistcha\n|-hitcount|p1: Sinistcha|1\n|\n|upkeep\n|\n|t:|1732976978\n|switch|p1a: Electivire|Electivire, L84, M|263/263\n|turn|12\n|\n|t:|1732976984\n|switch|p2a: Swampert|Swampert, L83, M|302/302\n|move|p1a: Electivire|Supercell Slam|p2a: Swampert\n|-immune|p2a: Swampert\n|-damage|p1a: Electivire|132/263|[from] supercellslam\n|\n|upkeep\n|turn|13\n|\n|t:|1732976996\n|switch|p1a: Braviary|Braviary-Hisui, L85, M|326/326\n|move|p2a: Swampert|Knock Off|p1a: Braviary\n|-supereffective|p1a: Braviary\n|-damage|p1a: Braviary|166/326\n|-enditem|p1a: Braviary|Life Orb|[from] move: Knock Off|[of] p2a: Swampert\n|\n|upkeep\n|turn|14\n|\n|t:|1732977003\n|move|p1a: Braviary|Psychic|p2a: Swampert\n|-damage|p2a: Swampert|155/302\n|move|p2a: Swampert|Flip Turn|p1a: Braviary\n|-damage|p1a: Braviary|85/326\n|\n|t:|1732977009\n|switch|p2a: Regidrago|Regidrago, L77|162/435|[from] Flip Turn\n|\n|upkeep\n|turn|15\n|c|\u2606gimgie|all yhesr uturnd and flip turms\n|\n|t:|1732977017\n|move|p2a: Regidrago|Outrage|p1a: Braviary\n|-damage|p1a: Braviary|0 fnt\n|faint|p1a: Braviary\n|\n|upkeep\n|\n|t:|1732977020\n|switch|p1a: Electivire|Electivire, L84, M|132/263\n|turn|16\n|\n|t:|1732977023\n|move|p1a: Electivire|Bulk Up|p1a: Electivire\n|-boost|p1a: Electivire|atk|1\n|-boost|p1a: Electivire|def|1\n|move|p2a: Regidrago|Outrage|p1a: Electivire|[from]lockedmove\n|-damage|p1a: Electivire|0 fnt\n|faint|p1a: Electivire\n|\n|upkeep\n|\n|t:|1732977025\n|switch|p1a: Furret|Furret, L94, F|312/312\n|-item|p2a: Regidrago|Lum Berry|[from] ability: Frisk|[of] p1a: Furret\n|turn|17\n|c|\u2606gimgie|aaaa\n|\n|t:|1732977035\n|move|p1a: Furret|Double-Edge|p2a: Regidrago\n|-damage|p2a: Regidrago|0 fnt\n|faint|p2a: Regidrago\n|-damage|p1a: Furret|259/312|[from] Recoil\n|\n|upkeep\n|\n|t:|1732977043\n|switch|p2a: Salamence|Salamence, L77, F|254/273\n|-ability|p2a: Salamence|Intimidate|boost\n|-unboost|p1a: Furret|atk|1\n|turn|18\n|\n|t:|1732977049\n|move|p1a: Furret|Trick|p2a: Salamence\n|-activate|p1a: Furret|move: Trick|[of] p2a: Salamence\n|-item|p2a: Salamence|Heavy-Duty Boots|[from] move: Trick\n|-item|p1a: Furret|Choice Band|[from] move: Trick\n|move|p2a: Salamence|Outrage|p1a: Furret\n|-damage|p1a: Furret|96/312\n|\n|upkeep\n|turn|19\n|c|\u2606Not gimgie|gg\n|\n|t:|1732977058\n|move|p1a: Furret|Knock Off|p2a: Salamence\n|-crit|p2a: Salamence\n|-damage|p2a: Salamence|84/273\n|-enditem|p2a: Salamence|Heavy-Duty Boots|[from] move: Knock Off|[of] p1a: Furret\n|move|p2a: Salamence|Outrage|p1a: Furret|[from]lockedmove\n|-damage|p1a: Furret|0 fnt\n|faint|p1a: Furret\n|\n|upkeep\n|\n|t:|1732977064\n|switch|p1a: Bombirdier|Bombirdier, L85, F|57/258\n|turn|20\n|c|\u2606gimgie|idk what i\n|c|\u2606gimgie|m doinh\n|\n|t:|1732977074\n|move|p2a: Salamence|Outrage|p1a: Bombirdier|[from]lockedmove\n|-damage|p1a: Bombirdier|0 fnt\n|faint|p1a: Bombirdier\n|-start|p2a: Salamence|confusion|[fatigue]\n|\n|win|Not gimgie\n|c|\u2606gimgie|hg\n|c|\u2606gimgie|gg\n", "inputlog": ">version b107d77f5c90bd6555267ae244a6264823309ead\n>start {\"formatid\":\"gen9randombattle\",\"seed\":[20658,2831,24027,36541]}\n>player p1 {\"name\":\"gimgie\",\"avatar\":\"265\",\"rating\":0,\"seed\":[58777,37847,6281,43221]}\n>player p2 {\"name\":\"Not gimgie\",\"avatar\":\"delinquent\",\"rating\":0,\"seed\":[1813,34504,8063,5794]}\n>chat \u2606gimgie|ooga booga\n>p1 move superfang\n>p2 move dracometeor\n>p1 move discharge\n>p2 move earthquake\n>p1 move uturn\n>p2 switch 5\n>p1 switch 6\n>p1 move bravebird\n>p2 switch 4\n>p1 move bravebird\n>p2 move thunderbolt\n>p1 switch 6\n>p2 move thunderbolt\n>chat \u2606gimgie|yum\n>p1 move encore\n>p2 move darkpulse\n>p1 move discharge\n>p2 move darkpulse\n>p1 switch 2\n>p1 move trick\n>p2 switch 2\n>chat \u2606Not gimgie|thank yew\n>p1 move uturn\n>p2 move dualwingbeat\n>chat \u2606gimgie|oh no\n>p1 switch 5\n>p1 move strengthsap\n>p2 move dualwingbeat\n>p1 switch 4\n>p1 move supercellslam\n>p2 switch 3\n>p1 switch 3\n>p2 move knockoff\n>p1 move psychic\n>p2 move flipturn\n>p2 switch 5\n>chat \u2606gimgie|all yhesr uturnd and flip turms\n>p1 move agility\n>p2 move outrage\n>p1 switch 3\n>p1 move bulkup\n>p2 move outrage\n>p1 switch 5\n>chat \u2606gimgie|aaaa\n>p1 move doubleedge\n>p2 move outrage\n>p2 switch 3\n>p1 move trick\n>p2 move outrage\n>chat \u2606Not gimgie|gg\n>p1 move knockoff\n>p2 move outrage\n>p1 switch 6\n>chat \u2606gimgie|idk what i \n>chat \u2606gimgie|m doinh\n>p1 move stoneedge\n>p2 move outrage", "uploadtime": 1732977079, "views": 1, "formatid": "gen9randombattle", "rating": null, "private": 0, "password": null}