{"id": "gen9randombattle-2254137088", "format": "[Gen 9] Random Battle", "players": ["Albertillo200", "airpersia"], "log": "|j|\u2606Albertillo200\n|j|\u2606airpersia\n|t:|1732995771\n|gametype|singles\n|player|p1|Albertillo200|2|1504\n|player|p2|airpersia|crasherwake|1481\n|teamsize|p1|6\n|teamsize|p2|6\n|gen|9\n|tier|[Gen 9] Random Battle\n|rated|\n|rule|Species Clause: Limit one of each Pok\u00e9mon\n|rule|HP Percentage Mod: HP is shown in percentages\n|rule|Sleep Clause Mod: Limit one foe put to sleep\n|rule|Illusion Level Mod: Illusion disguises the Pok\u00e9mon's true level\n|\n|t:|1732995771\n|start\n|switch|p1a: Morpeko|Morpeko, L88, M|245/245\n|switch|p2a: Masquerain|Masquerain, L87, F|264/264\n|-ability|p2a: Masquerain|Intimidate|boost\n|-unboost|p1a: Morpeko|atk|1\n|turn|1\n|inactive|Battle timer is ON: inactive players will automatically lose when time's up. (requested by airpersia)\n|\n|t:|1732995780\n|switch|p2a: Pikachu|Pikachu-Hoenn, L93, M|216/216\n|move|p1a: Morpeko|Aura Wheel|p2a: Pikachu\n|-ability|p2a: Pikachu|Lightning Rod|boost\n|-boost|p2a: Pikachu|spa|1\n|\n|-formechange|p1a: Morpeko|Morpeko-Hangry||[from] ability: Hunger Switch\n|upkeep\n|turn|2\n|\n|t:|1732995791\n|move|p2a: Pikachu|Fake Out|p1a: Morpeko\n|-damage|p1a: Morpeko|190/245\n|cant|p1a: Morpeko|flinch\n|\n|-formechange|p1a: Morpeko|Morpeko||[from] ability: Hunger Switch\n|upkeep\n|turn|3\n|\n|t:|1732995801\n|move|p1a: Morpeko|Parting Shot|p2a: Pikachu\n|-unboost|p2a: Pikachu|atk|1\n|-unboost|p2a: Pikachu|spa|1\n|\n|t:|1732995815\n|switch|p1a: Altaria|Altaria, L88, M|275/275|[from] Parting Shot\n|move|p2a: Pikachu|Surf|p1a: Altaria\n|-resisted|p1a: Altaria\n|-damage|p1a: Altaria|237/275\n|\n|upkeep\n|turn|4\n|\n|t:|1732995825\n|switch|p2a: Krookodile|Krookodile, L80, M|283/283\n|-ability|p2a: Krookodile|Intimidate|boost\n|-unboost|p1a: Altaria|atk|1\n|move|p1a: Altaria|Dragon Dance|p1a: Altaria\n|-boost|p1a: Altaria|atk|1\n|-boost|p1a: Altaria|spe|1\n|\n|upkeep\n|turn|5\n|\n|t:|1732995838\n|move|p1a: Altaria|Brave Bird|p2a: Krookodile\n|-damage|p2a: Krookodile|156/283\n|-damage|p1a: Altaria|195/275|[from] Recoil\n|move|p2a: Krookodile|Bulk Up|p2a: Krookodile\n|-boost|p2a: Krookodile|atk|1\n|-boost|p2a: Krookodile|def|1\n|\n|upkeep\n|turn|6\n|\n|t:|1732995848\n|move|p1a: Altaria|Brave Bird|p2a: Krookodile\n|-damage|p2a: Krookodile|78/283\n|-damage|p1a: Altaria|169/275|[from] Recoil\n|move|p2a: Krookodile|Knock Off|p1a: Altaria\n|-damage|p1a: Altaria|0 fnt\n|-enditem|p1a: Altaria|Heavy-Duty Boots|[from] move: Knock Off|[of] p2a: Krookodile\n|faint|p1a: Altaria\n|-damage|p2a: Krookodile|50/283|[from] item: Life Orb\n|\n|upkeep\n|\n|t:|1732995853\n|switch|p1a: Whimsicott|Whimsicott, L85, F|241/241\n|turn|7\n|\n|t:|1732995862\n|move|p1a: Whimsicott|Moonblast|p2a: Krookodile\n|-supereffective|p2a: Krookodile\n|-damage|p2a: Krookodile|0 fnt\n|faint|p2a: Krookodile\n|\n|upkeep\n|\n|t:|1732995879\n|switch|p2a: Masquerain|Masquerain, L87, F|264/264\n|-ability|p2a: Masquerain|Intimidate|boost\n|-unboost|p1a: Whimsicott|atk|1\n|turn|8\n|\n|t:|1732995884\n|move|p1a: Whimsicott|Hurricane|p2a: Masquerain\n|-supereffective|p2a: Masquerain\n|-crit|p2a: Masquerain\n|-damage|p2a: Masquerain|64/264\n|move|p2a: Masquerain|Sticky Web|p1a: Whimsicott\n|-sidestart|p1: Albertillo200|move: Sticky Web\n|\n|upkeep\n|turn|9\n|\n|t:|1732995901\n|switch|p2a: Dialga|Dialga-Origin, L73|266/266\n|-ability|p2a: Dialga|Pressure\n|move|p1a: Whimsicott|Moonblast|p2a: Dialga\n|-damage|p2a: Dialga|193/266\n|\n|upkeep\n|turn|10\n|\n|t:|1732995913\n|move|p1a: Whimsicott|Moonblast|p2a: Dialga\n|-damage|p2a: Dialga|111/266\n|-unboost|p2a: Dialga|spa|1\n|move|p2a: Dialga|Heavy Slam|p1a: Whimsicott\n|-supereffective|p1a: Whimsicott\n|-damage|p1a: Whimsicott|0 fnt\n|faint|p1a: Whimsicott\n|\n|upkeep\n|\n|t:|1732995921\n|switch|p1a: Zapdos|Zapdos, L78|268/268\n|turn|11\n|\n|t:|1732995928\n|move|p1a: Zapdos|Heat Wave|p2a: Dialga\n|-damage|p2a: Dialga|41/266\n|move|p2a: Dialga|Heavy Slam|p1a: Zapdos\n|-resisted|p1a: Zapdos\n|-damage|p1a: Zapdos|208/268\n|\n|upkeep\n|turn|12\n|\n|t:|1732995946\n|switch|p2a: Ting-Lu|Ting-Lu, L78|370/370\n|-ability|p2a: Ting-Lu|Vessel of Ruin\n|move|p1a: Zapdos|Heat Wave|p2a: Ting-Lu\n|-damage|p2a: Ting-Lu|330/370\n|-status|p2a: Ting-Lu|brn\n|\n|-damage|p2a: Ting-Lu|307/370 brn|[from] brn\n|upkeep\n|turn|13\n|\n|t:|1732995962\n|move|p1a: Zapdos|Hurricane|p2a: Ting-Lu\n|-damage|p2a: Ting-Lu|237/370 brn\n|move|p2a: Ting-Lu|Ruination|p1a: Zapdos\n|-damage|p1a: Zapdos|104/268\n|\n|-damage|p2a: Ting-Lu|214/370 brn|[from] brn\n|upkeep\n|turn|14\n|\n|t:|1732995984\n|switch|p2a: Pikachu|Pikachu-Hoenn, L93, M|216/216\n|move|p1a: Zapdos|Hurricane|p2a: Pikachu\n|-resisted|p2a: Pikachu\n|-damage|p2a: Pikachu|132/216\n|\n|upkeep\n|turn|15\n|\n|t:|1732995997\n|move|p2a: Pikachu|Fake Out|p1a: Zapdos\n|-damage|p1a: Zapdos|55/268\n|cant|p1a: Zapdos|flinch\n|\n|upkeep\n|turn|16\n|\n|t:|1732996020\n|move|p2a: Pikachu|Volt Tackle|p1a: Zapdos\n|-damage|p1a: Zapdos|0 fnt\n|faint|p1a: Zapdos\n|-damage|p2a: Pikachu|114/216|[from] Recoil\n|\n|upkeep\n|\n|t:|1732996025\n|switch|p1a: Morpeko|Morpeko, L88, M|190/245\n|turn|17\n|\n|t:|1732996038\n|switch|p2a: Ting-Lu|Ting-Lu, L78|214/370 brn\n|-ability|p2a: Ting-Lu|Vessel of Ruin\n|move|p1a: Morpeko|Rapid Spin|p2a: Ting-Lu\n|-damage|p2a: Ting-Lu|185/370 brn\n|-boost|p1a: Morpeko|spe|1\n|-sideend|p1: Albertillo200|Sticky Web|[from] move: Rapid Spin|[of] p1a: Morpeko\n|\n|-damage|p2a: Ting-Lu|162/370 brn|[from] brn\n|-formechange|p1a: Morpeko|Morpeko-Hangry||[from] ability: Hunger Switch\n|upkeep\n|turn|18\n|\n|t:|1732996061\n|move|p1a: Morpeko|Aura Wheel|p2a: Ting-Lu\n|-resisted|p2a: Ting-Lu\n|-damage|p2a: Ting-Lu|111/370 brn\n|-boost|p1a: Morpeko|spe|1\n|move|p2a: Ting-Lu|Ruination|p1a: Morpeko\n|-damage|p1a: Morpeko|95/245\n|\n|-damage|p2a: Ting-Lu|88/370 brn|[from] brn\n|-formechange|p1a: Morpeko|Morpeko||[from] ability: Hunger Switch\n|upkeep\n|turn|19\n|\n|t:|1732996074\n|move|p1a: Morpeko|Parting Shot|p2a: Ting-Lu\n|-unboost|p2a: Ting-Lu|atk|1\n|-unboost|p2a: Ting-Lu|spa|1\n|inactive|Albertillo200 has 120 seconds left.\n|\n|t:|1732996106\n|switch|p1a: Sylveon|Sylveon, L85, F|300/300|[from] Parting Shot\n|move|p2a: Ting-Lu|Earthquake|p1a: Sylveon\n|-damage|p1a: Sylveon|258/300\n|\n|-heal|p1a: Sylveon|276/300|[from] item: Leftovers\n|-damage|p2a: Ting-Lu|65/370 brn|[from] brn\n|upkeep\n|turn|20\n|\n|t:|1732996117\n|move|p1a: Sylveon|Hyper Voice|p2a: Ting-Lu\n|-supereffective|p2a: Ting-Lu\n|-damage|p2a: Ting-Lu|0 fnt\n|faint|p2a: Ting-Lu\n|\n|-heal|p1a: Sylveon|294/300|[from] item: Leftovers\n|upkeep\n|\n|t:|1732996125\n|switch|p2a: Pikachu|Pikachu-Hoenn, L93, M|114/216\n|turn|21\n|\n|t:|1732996130\n|move|p2a: Pikachu|Fake Out|p1a: Sylveon\n|-damage|p1a: Sylveon|234/300\n|cant|p1a: Sylveon|flinch\n|\n|-heal|p1a: Sylveon|252/300|[from] item: Leftovers\n|upkeep\n|turn|22\n|\n|t:|1732996141\n|move|p2a: Pikachu|Volt Tackle|p1a: Sylveon\n|-damage|p1a: Sylveon|0 fnt\n|faint|p1a: Sylveon\n|-damage|p2a: Pikachu|31/216|[from] Recoil\n|\n|upkeep\n|\n|t:|1732996145\n|switch|p1a: Morpeko|Morpeko, L88, M|95/245\n|turn|23\n|\n|t:|1732996160\n|switch|p2a: Dialga|Dialga-Origin, L73|41/266\n|-ability|p2a: Dialga|Pressure\n|move|p1a: Morpeko|Rapid Spin|p2a: Dialga\n|-resisted|p2a: Dialga\n|-damage|p2a: Dialga|23/266\n|-boost|p1a: Morpeko|spe|1\n|\n|-formechange|p1a: Morpeko|Morpeko-Hangry||[from] ability: Hunger Switch\n|upkeep\n|turn|24\n|\n|t:|1732996179\n|move|p1a: Morpeko|Aura Wheel|p2a: Dialga\n|-damage|p2a: Dialga|0 fnt\n|-boost|p1a: Morpeko|spe|1\n|faint|p2a: Dialga\n|\n|-formechange|p1a: Morpeko|Morpeko||[from] ability: Hunger Switch\n|upkeep\n|\n|t:|1732996188\n|switch|p2a: Primarina|Primarina, L83, F|268/268\n|turn|25\n|\n|t:|1732996206\n|-terastallize|p2a: Primarina|Fairy\n|move|p1a: Morpeko|Protect|p1a: Morpeko\n|-singleturn|p1a: Morpeko|Protect\n|move|p2a: Primarina|Calm Mind|p2a: Primarina\n|-boost|p2a: Primarina|spa|1\n|-boost|p2a: Primarina|spd|1\n|\n|-formechange|p1a: Morpeko|Morpeko-Hangry||[from] ability: Hunger Switch\n|upkeep\n|turn|26\n|\n|t:|1732996217\n|move|p1a: Morpeko|Parting Shot|p2a: Primarina\n|-unboost|p2a: Primarina|atk|1\n|-unboost|p2a: Primarina|spa|1\n|\n|t:|1732996221\n|switch|p1a: Infernape|Infernape, L82, M|259/259|[from] Parting Shot\n|move|p2a: Primarina|Calm Mind|p2a: Primarina\n|-boost|p2a: Primarina|spa|1\n|-boost|p2a: Primarina|spd|1\n|\n|upkeep\n|turn|27\n|\n|t:|1732996237\n|switch|p2a: Masquerain|Masquerain, L87, F|64/264\n|-ability|p2a: Masquerain|Intimidate|boost\n|-unboost|p1a: Infernape|atk|1\n|move|p1a: Infernape|Gunk Shot|p2a: Masquerain\n|-damage|p2a: Masquerain|0 fnt\n|faint|p2a: Masquerain\n|-damage|p1a: Infernape|234/259|[from] item: Life Orb\n|\n|upkeep\n|\n|t:|1732996246\n|switch|p2a: Pikachu|Pikachu-Hoenn, L93, M|31/216\n|turn|28\n|c|\u2606Albertillo200|Eres muy puta para la edad que t\u00fa tienes\n|\n|t:|1732996260\n|switch|p1a: Morpeko|Morpeko, L88, M|95/245\n|move|p2a: Pikachu|Fake Out|p1a: Morpeko\n|-damage|p1a: Morpeko|38/245\n|\n|-formechange|p1a: Morpeko|Morpeko-Hangry||[from] ability: Hunger Switch\n|upkeep\n|turn|29\n|\n|t:|1732996269\n|switch|p2a: Primarina|Primarina, L83, F, tera:Fairy|268/268\n|move|p1a: Morpeko|Aura Wheel|p2a: Primarina\n|-resisted|p2a: Primarina\n|-damage|p2a: Primarina|202/268\n|-boost|p1a: Morpeko|spe|1\n|\n|-heal|p2a: Primarina|218/268|[from] item: Leftovers\n|-formechange|p1a: Morpeko|Morpeko||[from] ability: Hunger Switch\n|upkeep\n|turn|30\n|\n|t:|1732996287\n|-terastallize|p1a: Morpeko|Electric\n|move|p1a: Morpeko|Aura Wheel|p2a: Primarina\n|-damage|p2a: Primarina|18/268\n|-boost|p1a: Morpeko|spe|1\n|move|p2a: Primarina|Sparkling Aria|p1a: Morpeko\n|-damage|p1a: Morpeko|0 fnt\n|faint|p1a: Morpeko\n|\n|-heal|p2a: Primarina|34/268|[from] item: Leftovers\n|upkeep\n|\n|t:|1732996293\n|switch|p1a: Infernape|Infernape, L82, M|234/259\n|turn|31\n|-message|airpersia forfeited.\n|\n|win|Albertillo200\n", "inputlog": ">version b107d77f5c90bd6555267ae244a6264823309ead\n>start {\"formatid\":\"gen9randombattle\",\"seed\":[54763,37751,65001,31767],\"rated\":\"Rated battle\"}\n>player p1 {\"name\":\"Albertillo200\",\"avatar\":\"2\",\"rating\":1504,\"seed\":[1608,29259,24868,65228]}\n>player p2 {\"name\":\"airpersia\",\"avatar\":\"crasherwake\",\"rating\":1481,\"seed\":[56142,23999,51759,8063]}\n>p1 move aurawheel\n>p2 switch 5\n>p1 move aurawheel\n>p2 move fakeout\n>p1 move partingshot\n>p2 move surf\n>p1 switch 6\n>p1 move dragondance\n>p2 switch 3\n>p1 move bravebird\n>p2 move bulkup\n>p1 move bravebird\n>p2 move knockoff\n>p1 switch 4\n>p1 move moonblast\n>p2 move gunkshot\n>p2 switch 5\n>p1 move hurricane\n>p2 move stickyweb\n>p1 move moonblast\n>p2 switch 2\n>p1 move moonblast\n>p2 move heavyslam\n>p1 switch 3\n>p1 move heatwave\n>p2 move heavyslam\n>p1 move heatwave\n>p2 switch 4\n>p1 move hurricane\n>p2 move ruination\n>p1 move hurricane\n>p2 switch 3\n>p1 move heatwave\n>p2 move fakeout\n>p1 move heatwave\n>p2 move volttackle\n>p1 switch 6\n>p1 move rapidspin\n>p2 switch 3\n>p1 move aurawheel\n>p2 move ruination\n>p1 move partingshot\n>p2 move earthquake\n>p1 switch 5\n>p1 move hypervoice\n>p2 move ruination\n>p2 switch 3\n>p1 move hypervoice\n>p2 move fakeout\n>p1 move hypervoice\n>p2 move volttackle\n>p1 switch 5\n>p1 move rapidspin\n>p2 switch 4\n>p1 move aurawheel\n>p2 move heavyslam\n>p2 switch 6\n>p1 move protect\n>p2 move calmmind terastallize\n>p1 move partingshot\n>p2 move calmmind\n>p1 switch 2\n>p1 move gunkshot\n>p2 switch 2\n>p2 switch 4\n>chat \u2606Albertillo200|Eres muy puta para la edad que t\u00fa tienes\n>p1 switch 2\n>p2 move fakeout\n>p1 move aurawheel\n>p2 switch 2\n>p1 move aurawheel terastallize\n>p2 move sparklingaria\n>p1 switch 2\n>forcelose p2", "uploadtime": 1732996247, "views": 1, "formatid": "gen9randombattle", "rating": null, "private": 0, "password": null}