{"id": "gen9randombattle-2254037132", "format": "[Gen 9] Random Battle", "players": ["Dnz11", "Mininacho44"], "log": "|j|\u2606Dnz11\n|j|\u2606Mininacho44\n|t:|1732983264\n|gametype|singles\n|player|p1|Dnz11|cynthia-gen4|1435\n|player|p2|Mininacho44|dancer|1452\n|teamsize|p1|6\n|teamsize|p2|6\n|gen|9\n|tier|[Gen 9] Random Battle\n|rated|\n|rule|Species Clause: Limit one of each Pok\u00e9mon\n|rule|HP Percentage Mod: HP is shown in percentages\n|rule|Sleep Clause Mod: Limit one foe put to sleep\n|rule|Illusion Level Mod: Illusion disguises the Pok\u00e9mon's true level\n|\n|t:|1732983264\n|start\n|switch|p1a: Iron Crown|Iron Crown, L79|272/272\n|switch|p2a: Drifblim|Drifblim, L86, F|396/396\n|turn|1\n|inactive|Battle timer is ON: inactive players will automatically lose when time's up. (requested by Dnz11)\n|\n|t:|1732983292\n|-end|p1a: Iron Crown|Quark Drive|[silent]\n|switch|p1a: Oranguru|Oranguru, L92, F|315/315\n|move|p2a: Drifblim|Calm Mind|p2a: Drifblim\n|-boost|p2a: Drifblim|spa|1\n|-boost|p2a: Drifblim|spd|1\n|\n|upkeep\n|turn|2\n|\n|t:|1732983300\n|move|p2a: Drifblim|Calm Mind|p2a: Drifblim\n|-boost|p2a: Drifblim|spa|1\n|-boost|p2a: Drifblim|spd|1\n|move|p1a: Oranguru|Nasty Plot|p1a: Oranguru\n|-boost|p1a: Oranguru|spa|2\n|\n|upkeep\n|turn|3\n|\n|t:|1732983312\n|move|p2a: Drifblim|Air Slash|p1a: Oranguru\n|-damage|p1a: Oranguru|201/315\n|move|p1a: Oranguru|Psyshock|p2a: Drifblim\n|-damage|p2a: Drifblim|114/396\n|-enditem|p2a: Drifblim|Sitrus Berry|[eat]\n|-heal|p2a: Drifblim|213/396|[from] item: Sitrus Berry\n|\n|-heal|p1a: Oranguru|220/315|[from] item: Leftovers\n|upkeep\n|turn|4\n|\n|t:|1732983318\n|move|p2a: Drifblim|Air Slash|p1a: Oranguru\n|-damage|p1a: Oranguru|91/315\n|move|p1a: Oranguru|Psyshock|p2a: Drifblim\n|-damage|p2a: Drifblim|0 fnt\n|faint|p2a: Drifblim\n|\n|-heal|p1a: Oranguru|110/315|[from] item: Leftovers\n|upkeep\n|\n|t:|1732983332\n|switch|p2a: Lugia|Lugia, L72|272/272\n|turn|5\n|\n|t:|1732983336\n|move|p2a: Lugia|Calm Mind|p2a: Lugia\n|-boost|p2a: Lugia|spa|1\n|-boost|p2a: Lugia|spd|1\n|move|p1a: Oranguru|Thunderbolt|p2a: Lugia\n|-supereffective|p2a: Lugia\n|-damage|p2a: Lugia|206/272\n|-status|p2a: Lugia|par\n|\n|-heal|p1a: Oranguru|129/315|[from] item: Leftovers\n|upkeep\n|turn|6\n|\n|t:|1732983349\n|move|p1a: Oranguru|Thunderbolt|p2a: Lugia\n|-supereffective|p2a: Lugia\n|-damage|p2a: Lugia|66/272 par\n|cant|p2a: Lugia|par\n|\n|-heal|p1a: Oranguru|148/315|[from] item: Leftovers\n|upkeep\n|turn|7\n|inactive|Mininacho44 has 120 seconds left.\n|\n|t:|1732983384\n|-terastallize|p2a: Lugia|Ground\n|move|p1a: Oranguru|Thunderbolt|p2a: Lugia\n|-immune|p2a: Lugia\n|move|p2a: Lugia|Aeroblast|p1a: Oranguru\n|-damage|p1a: Oranguru|63/315\n|\n|-heal|p1a: Oranguru|82/315|[from] item: Leftovers\n|upkeep\n|turn|8\n|\n|t:|1732983394\n|move|p1a: Oranguru|Psyshock|p2a: Lugia\n|-damage|p2a: Lugia|0 fnt\n|faint|p2a: Lugia\n|\n|-heal|p1a: Oranguru|101/315|[from] item: Leftovers\n|upkeep\n|\n|t:|1732983398\n|switch|p2a: Magearna|Magearna-Original, L77|250/250\n|turn|9\n|\n|t:|1732983404\n|move|p1a: Oranguru|Thunderbolt|p2a: Magearna\n|-damage|p2a: Magearna|132/250\n|move|p2a: Magearna|Fleur Cannon|p1a: Oranguru\n|-damage|p1a: Oranguru|0 fnt\n|-unboost|p2a: Magearna|spa|2\n|faint|p1a: Oranguru\n|-ability|p2a: Magearna|Soul-Heart|boost\n|-boost|p2a: Magearna|spa|1\n|\n|-heal|p2a: Magearna|147/250|[from] item: Leftovers\n|upkeep\n|\n|t:|1732983414\n|switch|p1a: Iron Crown|Iron Crown, L79|272/272\n|turn|10\n|\n|t:|1732983420\n|move|p1a: Iron Crown|Tachyon Cutter|p2a: Magearna\n|-damage|p2a: Magearna|99/250\n|-damage|p2a: Magearna|51/250\n|-hitcount|p2a: Magearna|2\n|move|p2a: Magearna|Volt Switch|p1a: Iron Crown\n|-damage|p1a: Iron Crown|239/272\n|\n|t:|1732983425\n|switch|p2a: Volcanion|Volcanion, L79|255/255|[from] Volt Switch\n|\n|-heal|p1a: Iron Crown|256/272|[from] item: Leftovers\n|upkeep\n|turn|11\n|inactive|Dnz11 has 120 seconds left.\n|\n|t:|1732983456\n|switch|p2a: Bellossom|Bellossom, L84, F|263/263\n|-end|p1a: Iron Crown|Quark Drive|[silent]\n|switch|p1a: Enamorus|Enamorus-Therian, L83, F|259/259\n|\n|upkeep\n|turn|12\n|\n|t:|1732983461\n|move|p2a: Bellossom|Quiver Dance|p2a: Bellossom\n|-boost|p2a: Bellossom|spa|1\n|-boost|p2a: Bellossom|spd|1\n|-boost|p2a: Bellossom|spe|1\n|move|p1a: Enamorus|Mystical Fire|p2a: Bellossom\n|-supereffective|p2a: Bellossom\n|-damage|p2a: Bellossom|173/263\n|-unboost|p2a: Bellossom|spa|1\n|\n|-heal|p2a: Bellossom|189/263|[from] item: Leftovers\n|upkeep\n|turn|13\n|\n|t:|1732983469\n|move|p2a: Bellossom|Quiver Dance|p2a: Bellossom\n|-boost|p2a: Bellossom|spa|1\n|-boost|p2a: Bellossom|spd|1\n|-boost|p2a: Bellossom|spe|1\n|move|p1a: Enamorus|Superpower|p2a: Bellossom\n|-damage|p2a: Bellossom|96/263\n|-unboost|p1a: Enamorus|atk|1\n|-unboost|p1a: Enamorus|def|1\n|\n|-heal|p2a: Bellossom|112/263|[from] item: Leftovers\n|upkeep\n|turn|14\n|\n|t:|1732983478\n|move|p2a: Bellossom|Strength Sap|p1a: Enamorus\n|-unboost|p1a: Enamorus|atk|1\n|-heal|p2a: Bellossom|263/263\n|move|p1a: Enamorus|Mystical Fire|p2a: Bellossom\n|-supereffective|p2a: Bellossom\n|-damage|p2a: Bellossom|195/263\n|-unboost|p2a: Bellossom|spa|1\n|\n|-heal|p2a: Bellossom|211/263|[from] item: Leftovers\n|upkeep\n|turn|15\n|\n|t:|1732983482\n|move|p2a: Bellossom|Quiver Dance|p2a: Bellossom\n|-boost|p2a: Bellossom|spa|1\n|-boost|p2a: Bellossom|spd|1\n|-boost|p2a: Bellossom|spe|1\n|move|p1a: Enamorus|Mystical Fire|p2a: Bellossom\n|-supereffective|p2a: Bellossom\n|-damage|p2a: Bellossom|159/263\n|-unboost|p2a: Bellossom|spa|1\n|\n|-heal|p2a: Bellossom|175/263|[from] item: Leftovers\n|upkeep\n|turn|16\n|\n|t:|1732983496\n|move|p2a: Bellossom|Quiver Dance|p2a: Bellossom\n|-boost|p2a: Bellossom|spa|1\n|-boost|p2a: Bellossom|spd|1\n|-boost|p2a: Bellossom|spe|1\n|move|p1a: Enamorus|Mystical Fire|p2a: Bellossom\n|-supereffective|p2a: Bellossom\n|-damage|p2a: Bellossom|129/263\n|-unboost|p2a: Bellossom|spa|1\n|\n|-heal|p2a: Bellossom|145/263|[from] item: Leftovers\n|upkeep\n|turn|17\n|\n|t:|1732983514\n|move|p2a: Bellossom|Strength Sap|p1a: Enamorus\n|-unboost|p1a: Enamorus|atk|1\n|-heal|p2a: Bellossom|263/263\n|move|p1a: Enamorus|Mystical Fire|p2a: Bellossom\n|-supereffective|p2a: Bellossom\n|-damage|p2a: Bellossom|221/263\n|-unboost|p2a: Bellossom|spa|1\n|\n|-heal|p2a: Bellossom|237/263|[from] item: Leftovers\n|upkeep\n|turn|18\n|\n|t:|1732983518\n|move|p2a: Bellossom|Quiver Dance|p2a: Bellossom\n|-boost|p2a: Bellossom|spa|1\n|-boost|p2a: Bellossom|spd|1\n|-boost|p2a: Bellossom|spe|1\n|move|p1a: Enamorus|Mystical Fire|p2a: Bellossom\n|-supereffective|p2a: Bellossom\n|-damage|p2a: Bellossom|201/263\n|-unboost|p2a: Bellossom|spa|1\n|\n|-heal|p2a: Bellossom|217/263|[from] item: Leftovers\n|upkeep\n|turn|19\n|inactive|Mininacho44 has 120 seconds left.\n|\n|t:|1732983550\n|move|p2a: Bellossom|Quiver Dance|p2a: Bellossom\n|-boost|p2a: Bellossom|spa|1\n|-boost|p2a: Bellossom|spd|1\n|-boost|p2a: Bellossom|spe|1\n|move|p1a: Enamorus|Mystical Fire|p2a: Bellossom\n|-supereffective|p2a: Bellossom\n|-damage|p2a: Bellossom|185/263\n|-unboost|p2a: Bellossom|spa|1\n|\n|-heal|p2a: Bellossom|201/263|[from] item: Leftovers\n|upkeep\n|turn|20\n|\n|t:|1732983553\n|move|p2a: Bellossom|Quiver Dance|p2a: Bellossom\n|-boost|p2a: Bellossom|spa|1\n|-boost|p2a: Bellossom|spd|0\n|-boost|p2a: Bellossom|spe|0\n|move|p1a: Enamorus|Mystical Fire|p2a: Bellossom\n|-supereffective|p2a: Bellossom\n|-damage|p2a: Bellossom|167/263\n|-unboost|p2a: Bellossom|spa|1\n|\n|-heal|p2a: Bellossom|183/263|[from] item: Leftovers\n|upkeep\n|turn|21\n|\n|t:|1732983557\n|move|p2a: Bellossom|Quiver Dance|p2a: Bellossom\n|-boost|p2a: Bellossom|spa|1\n|-boost|p2a: Bellossom|spd|0\n|-boost|p2a: Bellossom|spe|0\n|move|p1a: Enamorus|Mystical Fire|p2a: Bellossom\n|-supereffective|p2a: Bellossom\n|-damage|p2a: Bellossom|147/263\n|-unboost|p2a: Bellossom|spa|1\n|\n|-heal|p2a: Bellossom|163/263|[from] item: Leftovers\n|upkeep\n|turn|22\n|\n|t:|1732983562\n|move|p2a: Bellossom|Quiver Dance|p2a: Bellossom\n|-boost|p2a: Bellossom|spa|1\n|-boost|p2a: Bellossom|spd|0\n|-boost|p2a: Bellossom|spe|0\n|move|p1a: Enamorus|Mystical Fire|p2a: Bellossom\n|-supereffective|p2a: Bellossom\n|-damage|p2a: Bellossom|131/263\n|-unboost|p2a: Bellossom|spa|1\n|\n|-heal|p2a: Bellossom|147/263|[from] item: Leftovers\n|upkeep\n|turn|23\n|\n|t:|1732983574\n|move|p2a: Bellossom|Quiver Dance|p2a: Bellossom\n|-boost|p2a: Bellossom|spa|1\n|-boost|p2a: Bellossom|spd|0\n|-boost|p2a: Bellossom|spe|0\n|move|p1a: Enamorus|Mystical Fire|p2a: Bellossom\n|-supereffective|p2a: Bellossom\n|-damage|p2a: Bellossom|117/263\n|-unboost|p2a: Bellossom|spa|1\n|\n|-heal|p2a: Bellossom|133/263|[from] item: Leftovers\n|upkeep\n|turn|24\n|\n|t:|1732983576\n|switch|p1a: Seviper|Seviper, L93, M|287/287\n|move|p2a: Bellossom|Quiver Dance|p2a: Bellossom\n|-boost|p2a: Bellossom|spa|1\n|-boost|p2a: Bellossom|spd|0\n|-boost|p2a: Bellossom|spe|0\n|\n|-heal|p2a: Bellossom|149/263|[from] item: Leftovers\n|upkeep\n|turn|25\n|\n|t:|1732983584\n|move|p2a: Bellossom|Strength Sap|p1a: Seviper\n|-unboost|p1a: Seviper|atk|1\n|-heal|p2a: Bellossom|263/263\n|move|p1a: Seviper|Gunk Shot|p2a: Bellossom\n|-supereffective|p2a: Bellossom\n|-damage|p2a: Bellossom|59/263\n|\n|-heal|p2a: Bellossom|75/263|[from] item: Leftovers\n|upkeep\n|turn|26\n|\n|t:|1732983590\n|move|p2a: Bellossom|Strength Sap|p1a: Seviper\n|-unboost|p1a: Seviper|atk|1\n|-heal|p2a: Bellossom|234/263\n|move|p1a: Seviper|Gunk Shot|p2a: Bellossom\n|-supereffective|p2a: Bellossom\n|-damage|p2a: Bellossom|76/263\n|\n|-heal|p2a: Bellossom|92/263|[from] item: Leftovers\n|upkeep\n|turn|27\n|\n|t:|1732983613\n|move|p2a: Bellossom|Strength Sap|p1a: Seviper\n|-unboost|p1a: Seviper|atk|1\n|-heal|p2a: Bellossom|211/263\n|move|p1a: Seviper|Gunk Shot|p2a: Bellossom\n|-supereffective|p2a: Bellossom\n|-damage|p2a: Bellossom|91/263\n|-status|p2a: Bellossom|psn\n|\n|-heal|p2a: Bellossom|107/263 psn|[from] item: Leftovers\n|-damage|p2a: Bellossom|75/263 psn|[from] psn\n|upkeep\n|turn|28\n|\n|t:|1732983620\n|move|p2a: Bellossom|Quiver Dance|p2a: Bellossom\n|-boost|p2a: Bellossom|spa|1\n|-boost|p2a: Bellossom|spd|0\n|-boost|p2a: Bellossom|spe|0\n|move|p1a: Seviper|Gunk Shot|p2a: Bellossom\n|-supereffective|p2a: Bellossom\n|-damage|p2a: Bellossom|0 fnt\n|faint|p2a: Bellossom\n|\n|upkeep\n|\n|t:|1732983641\n|switch|p2a: Volcanion|Volcanion, L79|255/255\n|turn|29\n|\n|t:|1732983645\n|switch|p1a: Enamorus|Enamorus-Therian, L83, F|259/259\n|move|p2a: Volcanion|Flamethrower|p1a: Enamorus\n|-damage|p1a: Enamorus|196/259\n|\n|upkeep\n|turn|30\n|\n|t:|1732983658\n|move|p2a: Volcanion|Flamethrower|p1a: Enamorus\n|-damage|p1a: Enamorus|129/259\n|move|p1a: Enamorus|Superpower|p2a: Volcanion\n|-damage|p2a: Volcanion|180/255\n|-unboost|p1a: Enamorus|atk|1\n|-unboost|p1a: Enamorus|def|1\n|\n|upkeep\n|turn|31\n|\n|t:|1732983674\n|move|p2a: Volcanion|Flamethrower|p1a: Enamorus\n|-damage|p1a: Enamorus|68/259\n|move|p1a: Enamorus|Psychic|p2a: Volcanion\n|-damage|p2a: Volcanion|96/255\n|-unboost|p2a: Volcanion|spd|1\n|\n|upkeep\n|turn|32\n|\n|t:|1732983679\n|move|p2a: Volcanion|Flamethrower|p1a: Enamorus\n|-damage|p1a: Enamorus|2/259\n|move|p1a: Enamorus|Psychic|p2a: Volcanion\n|-damage|p2a: Volcanion|0 fnt\n|faint|p2a: Volcanion\n|\n|upkeep\n|\n|t:|1732983702\n|switch|p2a: Magearna|Magearna-Original, L77|51/250\n|turn|33\n|\n|t:|1732983708\n|move|p2a: Magearna|Flash Cannon|p1a: Enamorus\n|-supereffective|p1a: Enamorus\n|-damage|p1a: Enamorus|0 fnt\n|faint|p1a: Enamorus\n|-ability|p2a: Magearna|Soul-Heart|boost\n|-boost|p2a: Magearna|spa|1\n|\n|-heal|p2a: Magearna|66/250|[from] item: Leftovers\n|upkeep\n|\n|t:|1732983717\n|switch|p1a: Seviper|Seviper, L93, M|287/287\n|turn|34\n|\n|t:|1732983722\n|move|p1a: Seviper|Flamethrower|p2a: Magearna\n|-supereffective|p2a: Magearna\n|-damage|p2a: Magearna|0 fnt\n|faint|p2a: Magearna\n|\n|upkeep\n|\n|t:|1732983725\n|switch|p2a: Swalot|Swalot, L90, M|326/326\n|turn|35\n|\n|t:|1732983739\n|move|p1a: Seviper|Flamethrower|p2a: Swalot\n|-damage|p2a: Swalot|246/326\n|move|p2a: Swalot|Knock Off|p1a: Seviper\n|-damage|p1a: Seviper|211/287\n|-enditem|p1a: Seviper|Choice Scarf|[from] move: Knock Off|[of] p2a: Swalot\n|\n|-heal|p2a: Swalot|266/326|[from] item: Leftovers\n|upkeep\n|turn|36\n|\n|t:|1732983744\n|move|p1a: Seviper|Flamethrower|p2a: Swalot\n|-damage|p2a: Swalot|187/326\n|move|p2a: Swalot|Sludge Bomb|p1a: Seviper\n|-resisted|p1a: Seviper\n|-damage|p1a: Seviper|160/287\n|\n|-heal|p2a: Swalot|207/326|[from] item: Leftovers\n|upkeep\n|turn|37\n|inactive|Mininacho44 has 120 seconds left.\n|\n|t:|1732983793\n|move|p1a: Seviper|Switcheroo|p2a: Swalot\n|-activate|p1a: Seviper|move: Trick|[of] p2a: Swalot\n|-enditem|p2a: Swalot|Leftovers|[silent]|[from] move: Switcheroo\n|-item|p1a: Seviper|Leftovers|[from] move: Switcheroo\n|move|p2a: Swalot|Toxic Spikes|p1a: Seviper\n|-sidestart|p1: Dnz11|move: Toxic Spikes\n|\n|-heal|p1a: Seviper|177/287|[from] item: Leftovers\n|upkeep\n|turn|38\n|\n|t:|1732983808\n|switch|p1a: Iron Jugulis|Iron Jugulis, L78|275/275\n|move|p2a: Swalot|Ice Beam|p1a: Iron Jugulis\n|-supereffective|p1a: Iron Jugulis\n|-damage|p1a: Iron Jugulis|139/275\n|-status|p1a: Iron Jugulis|frz\n|\n|upkeep\n|turn|39\n|c|\u2606Mininacho44|Do earthquake WTF\n|inactive|Mininacho44 has 120 seconds left.\n|c|\u2606Mininacho44|Fucking stuoid\n|\n|t:|1732983818\n|cant|p1a: Iron Jugulis|frz\n|move|p2a: Swalot|Ice Beam|p1a: Iron Jugulis\n|-supereffective|p1a: Iron Jugulis\n|-damage|p1a: Iron Jugulis|9/275 frz\n|\n|upkeep\n|turn|40\n|inactive|Mininacho44 has 120 seconds left.\n|inactive|Mininacho44 has 90 seconds left.\n|l|\u2606Mininacho44\n|inactive|Mininacho44 disconnected and has a minute to reconnect!\n|player|p2|\n|j|\u2606Mininacho44\n|inactive|Mininacho44 reconnected and has 70 seconds left.\n|player|p2|Mininacho44|dancer|\n|inactive|Mininacho44 has 60 seconds left.\n|\n|t:|1732983888\n|cant|p1a: Iron Jugulis|frz\n|move|p2a: Swalot|Ice Beam|p1a: Iron Jugulis\n|-supereffective|p1a: Iron Jugulis\n|-damage|p1a: Iron Jugulis|0 fnt\n|faint|p1a: Iron Jugulis\n|-end|p1a: Iron Jugulis|Quark Drive|[silent]\n|\n|upkeep\n|c|\u2606Dnz11|I don\u2019t have earthquake you stupid idiot\n|inactive|Dnz11 has 120 seconds left.\n|c|\u2606Dnz11|you played terrible the whole Game and try to give me adviced\n|c|\u2606Dnz11|advices\n|\n|t:|1732983937\n|switch|p1a: Iron Crown|Iron Crown, L79|256/272\n|turn|41\n|inactive|Mininacho44 has 60 seconds left.\n|c|\u2606Mininacho44|I play terrible? Look your moons noob player\n|c|\u2606Dnz11|You are loosing man what are you Talking\n|c|\u2606Dnz11|and it\u2019s Not even close\n|inactive|Mininacho44 has 30 seconds left.\n|c|\u2606Mininacho44|Yesterday i was in 1700  Elo , good luck reaching that noob\n|inactive|Mininacho44 has 20 seconds left.\n|inactive|Mininacho44 has 15 seconds left.\n|inactive|Mininacho44 has 10 seconds left.\n|c|\u2606Dnz11|Yeah for sure Brother you play like my 10 yesr old Cousin\n|\n|t:|1732984006\n|move|p1a: Iron Crown|Psyshock|p2a: Swalot\n|-supereffective|p2a: Swalot\n|-damage|p2a: Swalot|43/326\n|move|p2a: Swalot|Sludge Bomb|p1a: Iron Crown\n|-immune|p1a: Iron Crown\n|\n|-heal|p1a: Iron Crown|272/272|[from] item: Leftovers\n|upkeep\n|turn|42\n|inactive|Mininacho44 has 20 seconds left this turn.\n|inactive|Dnz11 has 120 seconds left.\n|inactive|Mininacho44 has 15 seconds left.\n|c|\u2606Mininacho44|Yeyes\n|c|\u2606Dnz11|The whole Lugia Switch was so dumb\n|inactive|Mininacho44 has 10 seconds left.\n|c|\u2606Mininacho44|I am tilted\n|inactive|Mininacho44 has 5 seconds left.\n|c|\u2606Mininacho44|Fuck tour MOTJER\n|c|\u2606Dnz11|And Bad yeah\n|-message|Mininacho44 lost due to inactivity.\n|\n|win|Dnz11\n", "inputlog": ">version b107d77f5c90bd6555267ae244a6264823309ead\n>start {\"formatid\":\"gen9randombattle\",\"seed\":[52188,2339,10083,1550],\"rated\":\"Rated battle\"}\n>player p1 {\"name\":\"Dnz11\",\"avatar\":\"cynthia-gen4\",\"rating\":1435,\"seed\":[40636,34650,30208,56576]}\n>player p2 {\"name\":\"Mininacho44\",\"avatar\":\"dancer\",\"rating\":1452,\"seed\":[38263,3991,45730,23080]}\n>p1 switch 2\n>p2 move calmmind\n>p1 move nastyplot\n>p2 move calmmind\n>p1 move psyshock\n>p2 move airslash\n>p1 move psyshock\n>p2 move airslash\n>p2 switch 4\n>p1 move thunderbolt\n>p2 move calmmind\n>p1 move thunderbolt\n>p2 move calmmind\n>p1 move thunderbolt\n>p2 move aeroblast terastallize\n>p1 move psyshock\n>p2 move aeroblast\n>p2 switch 5\n>p1 move thunderbolt\n>p2 move fleurcannon\n>p1 switch 2\n>p1 move tachyoncutter\n>p2 move voltswitch\n>p2 switch 2\n>p1 switch 5\n>p2 switch 3\n>p1 move mysticalfire\n>p2 move quiverdance\n>p1 move superpower\n>p2 move quiverdance\n>p1 move mysticalfire\n>p2 move strengthsap\n>p1 move mysticalfire\n>p2 move quiverdance\n>p1 move mysticalfire\n>p2 move quiverdance\n>p1 move mysticalfire\n>p2 move strengthsap\n>p1 move mysticalfire\n>p2 move quiverdance\n>p1 move mysticalfire\n>p2 move quiverdance\n>p1 move mysticalfire\n>p2 move quiverdance\n>p1 move mysticalfire\n>p2 move quiverdance\n>p1 move mysticalfire\n>p2 move quiverdance\n>p1 move mysticalfire\n>p2 move quiverdance\n>p1 switch 3\n>p2 move quiverdance\n>p1 move gunkshot\n>p2 move strengthsap\n>p1 move gunkshot\n>p2 move strengthsap\n>p1 move gunkshot\n>p2 move strengthsap\n>p1 move gunkshot\n>p2 move quiverdance\n>p2 switch 3\n>p1 switch 3\n>p2 move flamethrower\n>p1 move superpower\n>p2 move flamethrower\n>p1 move psychic\n>p2 move flamethrower\n>p1 move psychic\n>p2 move flamethrower\n>p2 switch 2\n>p1 move mysticalfire\n>p2 move flashcannon\n>p1 switch 3\n>p1 move flamethrower\n>p2 move flashcannon\n>p2 switch 6\n>p1 move flamethrower\n>p2 move knockoff\n>p1 move flamethrower\n>p2 move sludgebomb\n>p1 move switcheroo\n>p2 move toxicspikes\n>p1 switch 4\n>p2 move icebeam\n>chat \u2606Mininacho44|Do earthquake WTF \n>chat \u2606Mininacho44|Fucking stuoid\n>p1 move earthpower\n>p2 move icebeam\n>p1 move earthpower\n>p2 move icebeam\n>chat \u2606Dnz11|I don\u2019t have earthquake you stupid idiot\n>chat \u2606Dnz11|you played terrible the whole Game and try to give me adviced\n>chat \u2606Dnz11|advices\n>p1 switch 5\n>chat \u2606Mininacho44|I play terrible? Look your moons noob player\n>chat \u2606Dnz11|You are loosing man what are you Talking \n>chat \u2606Dnz11|and it\u2019s Not even close \n>chat \u2606Mininacho44|Yesterday i was in 1700  Elo , good luck reaching that noob\n>chat \u2606Dnz11|Yeah for sure Brother you play like my 10 yesr old Cousin \n>p1 move psyshock\n>p2 move sludgebomb\n>chat \u2606Mininacho44|Yeyes\n>chat \u2606Dnz11|The whole Lugia Switch was so dumb\n>chat \u2606Mininacho44|I am tilted \n>chat \u2606Mininacho44|Fuck tour MOTJER \n>chat \u2606Dnz11|And Bad yeah \n>forcelose p2", "uploadtime": 1732983814, "views": 1, "formatid": "gen9randombattle", "rating": null, "private": 0, "password": null}