{"id": "gen9randombattle-2253816953", "format": "[Gen 9] Random Battle", "players": ["ecuadorj", "spicyyfood"], "log": "|j|\u2606ecuadorj\n|j|\u2606spicyyfood\n|t:|1732942803\n|gametype|singles\n|player|p1|ecuadorj|170|1570\n|player|p2|spicyyfood|265|1543\n|teamsize|p1|6\n|teamsize|p2|6\n|gen|9\n|tier|[Gen 9] Random Battle\n|rated|\n|rule|Species Clause: Limit one of each Pok\u00e9mon\n|rule|HP Percentage Mod: HP is shown in percentages\n|rule|Sleep Clause Mod: Limit one foe put to sleep\n|rule|Illusion Level Mod: Illusion disguises the Pok\u00e9mon's true level\n|\n|t:|1732942803\n|start\n|switch|p1a: Annihilape|Annihilape, L76, M|292/292\n|switch|p2a: Koraidon|Koraidon, L64|235/235\n|-weather|SunnyDay|[from] ability: Orichalcum Pulse|[of] p2a: Koraidon\n|-activate|p2a: Koraidon|Orichalcum Pulse|[source]\n|turn|1\n|inactive|Battle timer is ON: inactive players will automatically lose when time's up. (requested by spicyyfood)\n|\n|t:|1732942814\n|move|p2a: Koraidon|U-turn|p1a: Annihilape\n|-resisted|p1a: Annihilape\n|-damage|p1a: Annihilape|269/292\n|\n|t:|1732942816\n|switch|p2a: Drifblim|Drifblim, L86, M|396/396|[from] U-turn\n|move|p1a: Annihilape|Bulk Up|p1a: Annihilape\n|-boost|p1a: Annihilape|atk|1\n|-boost|p1a: Annihilape|def|1\n|\n|-weather|SunnyDay|[upkeep]\n|-heal|p1a: Annihilape|287/292|[from] item: Leftovers\n|upkeep\n|turn|2\n|\n|t:|1732942835\n|move|p2a: Drifblim|Air Slash|p1a: Annihilape\n|-supereffective|p1a: Annihilape\n|-damage|p1a: Annihilape|101/292\n|move|p1a: Annihilape|Rage Fist|p2a: Drifblim\n|-supereffective|p2a: Drifblim\n|-damage|p2a: Drifblim|0 fnt\n|faint|p2a: Drifblim\n|\n|-weather|SunnyDay|[upkeep]\n|-heal|p1a: Annihilape|119/292|[from] item: Leftovers\n|upkeep\n|\n|t:|1732942851\n|switch|p2a: Koraidon|Koraidon, L64|235/235\n|-activate|p2a: Koraidon|ability: Orichalcum Pulse\n|turn|3\n|\n|t:|1732942865\n|move|p2a: Koraidon|Outrage|p1a: Annihilape\n|-damage|p1a: Annihilape|0 fnt\n|faint|p1a: Annihilape\n|\n|-weather|SunnyDay|[upkeep]\n|upkeep\n|\n|t:|1732942886\n|switch|p1a: Chandelure|Chandelure, L83, M|235/235\n|turn|4\n|\n|t:|1732942897\n|move|p2a: Koraidon|Outrage|p1a: Chandelure|[from]lockedmove\n|-damage|p1a: Chandelure|51/235\n|move|p1a: Chandelure|Pain Split|p2a: Koraidon\n|-sethp|p2a: Koraidon|143/235|[from] move: Pain Split|[silent]\n|-sethp|p1a: Chandelure|143/235|[from] move: Pain Split\n|\n|-weather|SunnyDay|[upkeep]\n|upkeep\n|turn|5\n|\n|t:|1732942907\n|switch|p1a: Heatran|Heatran, L79, F|273/273\n|-item|p1a: Heatran|Air Balloon\n|move|p2a: Koraidon|Outrage|p1a: Heatran|[from]lockedmove\n|-resisted|p1a: Heatran\n|-damage|p1a: Heatran|189/273\n|-enditem|p1a: Heatran|Air Balloon\n|-start|p2a: Koraidon|confusion|[fatigue]\n|\n|-weather|none\n|upkeep\n|turn|6\n|inactive|ecuadorj has 120 seconds left.\n|\n|t:|1732942929\n|switch|p2a: Incineroar|Incineroar, L82, M|290/290\n|-ability|p2a: Incineroar|Intimidate|boost\n|-unboost|p1a: Heatran|atk|1\n|move|p1a: Heatran|Stealth Rock|p2a: Incineroar\n|-sidestart|p2: spicyyfood|move: Stealth Rock\n|\n|upkeep\n|turn|7\n|inactive|ecuadorj has 120 seconds left.\n|\n|t:|1732942935\n|move|p1a: Heatran|Earth Power|p2a: Incineroar\n|-supereffective|p2a: Incineroar\n|-damage|p2a: Incineroar|200/290\n|move|p2a: Incineroar|Close Combat|p1a: Heatran\n|-supereffective|p1a: Heatran\n|-damage|p1a: Heatran|9/273\n|-unboost|p2a: Incineroar|def|1\n|-unboost|p2a: Incineroar|spd|1\n|\n|upkeep\n|turn|8\n|\n|t:|1732942945\n|move|p1a: Heatran|Earth Power|p2a: Incineroar\n|-supereffective|p2a: Incineroar\n|-damage|p2a: Incineroar|66/290\n|move|p2a: Incineroar|Knock Off|p1a: Heatran\n|-damage|p1a: Heatran|0 fnt\n|faint|p1a: Heatran\n|\n|upkeep\n|inactive|ecuadorj has 120 seconds left.\n|\n|t:|1732942963\n|switch|p1a: Venusaur|Venusaur, L84, F|272/272\n|turn|9\n|inactive|ecuadorj has 120 seconds left.\n|\n|t:|1732942969\n|move|p1a: Venusaur|Sludge Bomb|p2a: Incineroar\n|-damage|p2a: Incineroar|0 fnt\n|faint|p2a: Incineroar\n|\n|upkeep\n|\n|t:|1732942974\n|switch|p2a: Koraidon|Koraidon, L64|143/235\n|-damage|p2a: Koraidon|129/235|[from] Stealth Rock\n|-weather|SunnyDay|[from] ability: Orichalcum Pulse|[of] p2a: Koraidon\n|-activate|p2a: Koraidon|Orichalcum Pulse|[source]\n|turn|10\n|\n|t:|1732942981\n|switch|p1a: Chandelure|Chandelure, L83, M|143/235\n|move|p2a: Koraidon|Flare Blitz|p1a: Chandelure\n|-resisted|p1a: Chandelure\n|-damage|p1a: Chandelure|53/235\n|-damage|p2a: Koraidon|99/235|[from] Recoil\n|\n|-weather|SunnyDay|[upkeep]\n|upkeep\n|turn|11\n|\n|t:|1732942991\n|move|p2a: Koraidon|Flare Blitz|p1a: Chandelure\n|-resisted|p1a: Chandelure\n|-damage|p1a: Chandelure|0 fnt\n|faint|p1a: Chandelure\n|-damage|p2a: Koraidon|82/235|[from] Recoil\n|\n|-weather|SunnyDay|[upkeep]\n|upkeep\n|\n|t:|1732943006\n|switch|p1a: Reuniclus|Reuniclus, L88, M|337/337\n|turn|12\n|\n|t:|1732943019\n|switch|p2a: Decidueye|Decidueye, L88, F|281/281\n|-damage|p2a: Decidueye|246/281|[from] Stealth Rock\n|move|p1a: Reuniclus|Recover||[still]\n|-fail|p1a: Reuniclus|heal\n|\n|-weather|SunnyDay|[upkeep]\n|upkeep\n|turn|13\n|\n|t:|1732943033\n|switch|p1a: Gumshoos|Gumshoos, L95, F|321/321\n|move|p2a: Decidueye|Poltergeist|p1a: Gumshoos\n|-immune|p1a: Gumshoos\n|\n|-weather|SunnyDay|[upkeep]\n|upkeep\n|turn|14\n|\n|t:|1732943041\n|move|p2a: Decidueye|Leaf Blade|p1a: Gumshoos\n|-damage|p1a: Gumshoos|164/321\n|-damage|p2a: Decidueye|218/281|[from] item: Life Orb\n|move|p1a: Gumshoos|Knock Off|p2a: Decidueye\n|-supereffective|p2a: Decidueye\n|-damage|p2a: Decidueye|0 fnt\n|-enditem|p2a: Decidueye|Life Orb|[from] move: Knock Off|[of] p1a: Gumshoos\n|faint|p2a: Decidueye\n|\n|-weather|none\n|upkeep\n|\n|t:|1732943045\n|switch|p2a: Zamazenta|Zamazenta, L71|248/248\n|-damage|p2a: Zamazenta|233/248|[from] Stealth Rock\n|-ability|p2a: Zamazenta|Dauntless Shield|boost\n|-boost|p2a: Zamazenta|def|1\n|turn|15\n|\n|t:|1732943054\n|switch|p1a: Venusaur|Venusaur, L84, F|272/272\n|move|p2a: Zamazenta|Iron Defense|p2a: Zamazenta\n|-boost|p2a: Zamazenta|def|2\n|\n|-heal|p2a: Zamazenta|248/248|[from] item: Leftovers\n|upkeep\n|turn|16\n|\n|t:|1732943064\n|move|p2a: Zamazenta|Iron Head|p1a: Venusaur\n|-damage|p1a: Venusaur|217/272\n|move|p1a: Venusaur|Sludge Bomb|p2a: Zamazenta\n|-damage|p2a: Zamazenta|160/248\n|\n|-heal|p2a: Zamazenta|175/248|[from] item: Leftovers\n|-heal|p1a: Venusaur|234/272|[from] item: Leftovers\n|upkeep\n|turn|17\n|\n|t:|1732943072\n|move|p2a: Zamazenta|Body Press|p1a: Venusaur\n|-resisted|p1a: Venusaur\n|-damage|p1a: Venusaur|149/272\n|move|p1a: Venusaur|Sludge Bomb|p2a: Zamazenta\n|-damage|p2a: Zamazenta|88/248\n|\n|-heal|p2a: Zamazenta|103/248|[from] item: Leftovers\n|-heal|p1a: Venusaur|166/272|[from] item: Leftovers\n|upkeep\n|turn|18\n|\n|t:|1732943081\n|move|p2a: Zamazenta|Iron Defense|p2a: Zamazenta\n|-boost|p2a: Zamazenta|def|2\n|move|p1a: Venusaur|Synthesis|p1a: Venusaur\n|-heal|p1a: Venusaur|272/272\n|\n|-heal|p2a: Zamazenta|118/248|[from] item: Leftovers\n|upkeep\n|turn|19\n|\n|t:|1732943089\n|move|p2a: Zamazenta|Body Press|p1a: Venusaur\n|-resisted|p1a: Venusaur\n|-damage|p1a: Venusaur|149/272\n|move|p1a: Venusaur|Sludge Bomb|p2a: Zamazenta\n|-damage|p2a: Zamazenta|25/248\n|-status|p2a: Zamazenta|psn\n|\n|-heal|p2a: Zamazenta|40/248 psn|[from] item: Leftovers\n|-heal|p1a: Venusaur|166/272|[from] item: Leftovers\n|-damage|p2a: Zamazenta|9/248 psn|[from] psn\n|upkeep\n|turn|20\n|\n|t:|1732943101\n|move|p2a: Zamazenta|Body Press|p1a: Venusaur\n|-resisted|p1a: Venusaur\n|-damage|p1a: Venusaur|46/272\n|move|p1a: Venusaur|Synthesis|p1a: Venusaur\n|-heal|p1a: Venusaur|182/272\n|\n|-heal|p2a: Zamazenta|24/248 psn|[from] item: Leftovers\n|-heal|p1a: Venusaur|199/272|[from] item: Leftovers\n|-damage|p2a: Zamazenta|0 fnt|[from] psn\n|faint|p2a: Zamazenta\n|upkeep\n|\n|t:|1732943105\n|switch|p2a: Piloswine|Piloswine, L85, F|309/309\n|-damage|p2a: Piloswine|271/309|[from] Stealth Rock\n|turn|21\n|\n|t:|1732943122\n|-terastallize|p1a: Venusaur|Steel\n|move|p1a: Venusaur|Energy Ball|p2a: Piloswine\n|-supereffective|p2a: Piloswine\n|-damage|p2a: Piloswine|91/309\n|move|p2a: Piloswine|Icicle Crash|p1a: Venusaur\n|-resisted|p1a: Venusaur\n|-damage|p1a: Venusaur|147/272\n|\n|-heal|p1a: Venusaur|164/272|[from] item: Leftovers\n|upkeep\n|turn|22\n|\n|t:|1732943133\n|-terastallize|p2a: Piloswine|Poison\n|move|p1a: Venusaur|Energy Ball|p2a: Piloswine\n|-resisted|p2a: Piloswine\n|-damage|p2a: Piloswine|49/309\n|move|p2a: Piloswine|Earthquake|p1a: Venusaur\n|-supereffective|p1a: Venusaur\n|-damage|p1a: Venusaur|0 fnt\n|faint|p1a: Venusaur\n|\n|upkeep\n|\n|t:|1732943142\n|switch|p1a: Gumshoos|Gumshoos, L95, F|164/321\n|turn|23\n|\n|t:|1732943152\n|move|p2a: Piloswine|Ice Shard|p1a: Gumshoos\n|-damage|p1a: Gumshoos|110/321\n|move|p1a: Gumshoos|Earthquake|p2a: Piloswine\n|-supereffective|p2a: Piloswine\n|-damage|p2a: Piloswine|0 fnt\n|faint|p2a: Piloswine\n|\n|upkeep\n|\n|t:|1732943156\n|switch|p2a: Koraidon|Koraidon, L64|82/235\n|-damage|p2a: Koraidon|68/235|[from] Stealth Rock\n|-weather|SunnyDay|[from] ability: Orichalcum Pulse|[of] p2a: Koraidon\n|-activate|p2a: Koraidon|Orichalcum Pulse|[source]\n|turn|24\n|\n|t:|1732943161\n|move|p2a: Koraidon|Outrage|p1a: Gumshoos\n|-damage|p1a: Gumshoos|0 fnt\n|faint|p1a: Gumshoos\n|\n|-weather|SunnyDay|[upkeep]\n|upkeep\n|\n|t:|1732943164\n|switch|p1a: Reuniclus|Reuniclus, L88, M|337/337\n|turn|25\n|\n|t:|1732943167\n|move|p2a: Koraidon|Outrage|p1a: Reuniclus|[from]lockedmove\n|-damage|p1a: Reuniclus|112/337\n|-start|p2a: Koraidon|confusion|[fatigue]\n|move|p1a: Reuniclus|Psyshock|p2a: Koraidon\n|-supereffective|p2a: Koraidon\n|-damage|p2a: Koraidon|0 fnt\n|faint|p2a: Koraidon\n|\n|win|ecuadorj\n|raw|ecuadorj's rating: 1570 &rarr; <strong>1588</strong><br />(+18 for winning)\n|raw|spicyyfood's rating: 1543 &rarr; <strong>1525</strong><br />(-18 for losing)\n|l|\u2606spicyyfood\n|player|p2|\n", "inputlog": ">version b107d77f5c90bd6555267ae244a6264823309ead\n>start {\"formatid\":\"gen9randombattle\",\"seed\":[22307,32426,44140,10687],\"rated\":\"Rated battle\"}\n>player p1 {\"name\":\"ecuadorj\",\"avatar\":\"170\",\"rating\":1570,\"seed\":[16839,42721,57086,10650]}\n>player p2 {\"name\":\"spicyyfood\",\"avatar\":\"265\",\"rating\":1543,\"seed\":[2227,10224,49610,4902]}\n>p1 move bulkup\n>p2 move uturn\n>p2 switch 5\n>p1 move ragefist\n>p2 move airslash\n>p2 switch 5\n>p1 move ragefist\n>p2 move outrage\n>p1 switch 2\n>p1 move painsplit\n>p2 move outrage\n>p1 switch 6\n>p2 move outrage\n>p1 move stealthrock\n>p2 switch 3\n>p1 move earthpower\n>p2 move closecombat\n>p1 move earthpower\n>p2 move knockoff\n>p1 switch 4\n>p1 move sludgebomb\n>p2 move overheat\n>p2 switch 3\n>p1 switch 6\n>p2 move flareblitz\n>p1 move shadowball\n>p2 move flareblitz\n>p1 switch 3\n>p1 move recover\n>p2 switch 2\n>p1 switch 5\n>p2 move poltergeist\n>p1 move knockoff\n>p2 move leafblade\n>p2 switch 4\n>p1 switch 6\n>p2 move irondefense\n>p1 move sludgebomb\n>p2 move ironhead\n>p1 move sludgebomb\n>p2 move bodypress\n>p1 move synthesis\n>p2 move irondefense\n>p1 move sludgebomb\n>p2 move bodypress\n>p1 move synthesis\n>p2 move bodypress\n>p2 switch 6\n>p1 move energyball terastallize\n>p2 move iciclecrash\n>p1 move energyball\n>p2 move earthquake terastallize\n>p1 switch 6\n>p1 move earthquake\n>p2 move iceshard\n>p2 switch 2\n>p1 move earthquake\n>p2 move outrage\n>p1 switch 5\n>p1 move psyshock\n>p2 move outrage", "uploadtime": 1732943181, "views": 1, "formatid": "gen9randombattle", "rating": 1525, "private": 0, "password": null}