{"id": "gen9randombattle-2253858196", "format": "[Gen 9] Random Battle", "players": ["Lapidarius", "upiolusos"], "log": "|j|\u2606Lapidarius\n|j|\u2606upiolusos\n|t:|1732950299\n|gametype|singles\n|player|p1|Lapidarius|marlon|1054\n|player|p2|upiolusos|benga|1074\n|teamsize|p1|6\n|teamsize|p2|6\n|gen|9\n|tier|[Gen 9] Random Battle\n|rated|\n|rule|Species Clause: Limit one of each Pok\u00e9mon\n|rule|HP Percentage Mod: HP is shown in percentages\n|rule|Sleep Clause Mod: Limit one foe put to sleep\n|rule|Illusion Level Mod: Illusion disguises the Pok\u00e9mon's true level\n|\n|t:|1732950299\n|start\n|switch|p1a: Braviary|Braviary, L85, M|309/309\n|switch|p2a: Lucario|Lucario, L84, M|255/255\n|turn|1\n|inactive|Battle timer is ON: inactive players will automatically lose when time's up. (requested by upiolusos)\n|\n|t:|1732950322\n|-terastallize|p1a: Braviary|Steel\n|move|p2a: Lucario|Swords Dance|p2a: Lucario\n|-boost|p2a: Lucario|atk|2\n|move|p1a: Braviary|Brave Bird|p2a: Lucario\n|-damage|p2a: Lucario|83/255\n|-damage|p1a: Braviary|252/309|[from] Recoil\n|\n|upkeep\n|turn|2\n|\n|t:|1732950330\n|move|p2a: Lucario|Close Combat|p1a: Braviary\n|-supereffective|p1a: Braviary\n|-damage|p1a: Braviary|0 fnt\n|-unboost|p2a: Lucario|def|1\n|-unboost|p2a: Lucario|spd|1\n|faint|p1a: Braviary\n|-damage|p2a: Lucario|58/255|[from] item: Life Orb\n|\n|upkeep\n|\n|t:|1732950348\n|switch|p1a: Incineroar|Incineroar, L82, F|290/290\n|-ability|p1a: Incineroar|Intimidate|boost\n|-unboost|p2a: Lucario|atk|1\n|turn|3\n|\n|t:|1732950355\n|move|p2a: Lucario|Close Combat|p1a: Incineroar\n|-supereffective|p1a: Incineroar\n|-damage|p1a: Incineroar|0 fnt\n|-unboost|p2a: Lucario|def|1\n|-unboost|p2a: Lucario|spd|1\n|faint|p1a: Incineroar\n|-damage|p2a: Lucario|33/255|[from] item: Life Orb\n|\n|upkeep\n|\n|t:|1732950358\n|switch|p1a: Hitmonlee|Hitmonlee, L85, M|224/224\n|turn|4\n|\n|t:|1732950364\n|move|p2a: Lucario|Extreme Speed|p1a: Hitmonlee\n|-crit|p1a: Hitmonlee\n|-damage|p1a: Hitmonlee|0 fnt\n|faint|p1a: Hitmonlee\n|-damage|p2a: Lucario|8/255|[from] item: Life Orb\n|\n|upkeep\n|\n|t:|1732950369\n|switch|p1a: Metagross|Metagross, L79|256/256\n|turn|5\n|\n|t:|1732950374\n|move|p2a: Lucario|Extreme Speed|p1a: Metagross\n|-resisted|p1a: Metagross\n|-damage|p1a: Metagross|211/256\n|-damage|p2a: Lucario|0 fnt|[from] item: Life Orb\n|faint|p2a: Lucario\n|move|p1a: Metagross|Heavy Slam|p2: Lucario|[notarget]\n|-fail|p1a: Metagross\n|\n|upkeep\n|\n|t:|1732950390\n|switch|p2a: Azelf|Azelf, L82|257/257\n|turn|6\n|\n|t:|1732950402\n|move|p2a: Azelf|Fire Blast|p1a: Metagross\n|-supereffective|p1a: Metagross\n|-damage|p1a: Metagross|0 fnt\n|faint|p1a: Metagross\n|\n|upkeep\n|\n|t:|1732950407\n|switch|p1a: Chansey|Chansey, L85, F|564/564\n|turn|7\n|\n|t:|1732950411\n|move|p2a: Azelf|Fire Blast|p1a: Chansey\n|-damage|p1a: Chansey|481/564\n|move|p1a: Chansey|Stealth Rock|p2a: Azelf\n|-sidestart|p2: upiolusos|move: Stealth Rock\n|\n|upkeep\n|turn|8\n|\n|t:|1732950417\n|move|p2a: Azelf|Fire Blast|p1a: Chansey\n|-damage|p1a: Chansey|405/564\n|move|p1a: Chansey|Thunder Wave|p2a: Azelf\n|-status|p2a: Azelf|par\n|\n|upkeep\n|turn|9\n|\n|t:|1732950431\n|move|p1a: Chansey|Seismic Toss|p2a: Azelf\n|-damage|p2a: Azelf|172/257 par\n|move|p2a: Azelf|Fire Blast|p1a: Chansey\n|-damage|p1a: Chansey|323/564\n|\n|upkeep\n|turn|10\n|\n|t:|1732950440\n|move|p1a: Chansey|Seismic Toss|p2a: Azelf\n|-damage|p2a: Azelf|87/257 par\n|move|p2a: Azelf|Fire Blast|p1a: Chansey\n|-damage|p1a: Chansey|241/564\n|\n|upkeep\n|turn|11\n|\n|t:|1732950446\n|move|p1a: Chansey|Soft-Boiled|p1a: Chansey\n|-heal|p1a: Chansey|523/564\n|move|p2a: Azelf|Fire Blast|p1a: Chansey\n|-damage|p1a: Chansey|450/564\n|\n|upkeep\n|turn|12\n|\n|t:|1732950452\n|move|p1a: Chansey|Seismic Toss|p2a: Azelf\n|-damage|p2a: Azelf|2/257 par\n|move|p2a: Azelf|Fire Blast|p1a: Chansey\n|-damage|p1a: Chansey|372/564\n|\n|upkeep\n|turn|13\n|\n|t:|1732950458\n|move|p1a: Chansey|Seismic Toss|p2a: Azelf\n|-damage|p2a: Azelf|0 fnt\n|faint|p2a: Azelf\n|\n|upkeep\n|\n|t:|1732950467\n|switch|p2a: Sandaconda|Sandaconda, L84, F|258/258\n|-damage|p2a: Sandaconda|242/258|[from] Stealth Rock\n|turn|14\n|\n|t:|1732950474\n|move|p2a: Sandaconda|Earthquake|p1a: Chansey\n|-damage|p1a: Chansey|107/564\n|move|p1a: Chansey|Thunder Wave|p2a: Sandaconda\n|-immune|p2a: Sandaconda\n|\n|-heal|p2a: Sandaconda|258/258|[from] item: Leftovers\n|upkeep\n|turn|15\n|\n|t:|1732950481\n|move|p2a: Sandaconda|Earthquake|p1a: Chansey\n|-damage|p1a: Chansey|0 fnt\n|faint|p1a: Chansey\n|\n|upkeep\n|\n|t:|1732950486\n|switch|p1a: Raikou|Raikou, L81|278/278\n|-ability|p1a: Raikou|Pressure\n|turn|16\n|\n|t:|1732950493\n|move|p1a: Raikou|Scald|p2a: Sandaconda\n|-supereffective|p2a: Sandaconda\n|-damage|p2a: Sandaconda|116/258\n|move|p2a: Sandaconda|Earthquake|p1a: Raikou\n|-supereffective|p1a: Raikou\n|-damage|p1a: Raikou|24/278\n|\n|-heal|p1a: Raikou|41/278|[from] item: Leftovers\n|-heal|p2a: Sandaconda|132/258|[from] item: Leftovers\n|upkeep\n|turn|17\n|\n|t:|1732950513\n|switch|p2a: Terapagos|Terapagos, L76, M|262/262\n|-activate|p2a: Terapagos|ability: Tera Shift\n|detailschange|p2a: Terapagos|Terapagos-Terastal, L76, M\n|-heal|p2a: Terapagos|269/269|[silent]\n|-damage|p2a: Terapagos|236/269|[from] Stealth Rock\n|move|p1a: Raikou|Scald|p2a: Terapagos\n|-damage|p2a: Terapagos|174/269\n|\n|-heal|p1a: Raikou|58/278|[from] item: Leftovers\n|upkeep\n|turn|18\n|\n|t:|1732950533\n|-terastallize|p2a: Terapagos|Stellar\n|detailschange|p2a: Terapagos|Terapagos-Stellar, L76, M, tera:Stellar\n|-heal|p2a: Terapagos|273/368|[silent]\n|move|p1a: Raikou|Thunderbolt|p2a: Terapagos\n|-damage|p2a: Terapagos|180/368\n|move|p2a: Terapagos|Tera Starstorm|p1a: Raikou\n|-damage|p1a: Raikou|0 fnt\n|faint|p1a: Raikou\n|\n|win|upiolusos\n|raw|Lapidarius's rating: 1054 &rarr; <strong>1037</strong><br />(-17 for losing)\n|raw|upiolusos's rating: 1074 &rarr; <strong>1101</strong><br />(+27 for winning)\n", "inputlog": ">version b107d77f5c90bd6555267ae244a6264823309ead\n>start {\"formatid\":\"gen9randombattle\",\"seed\":[22939,54964,29029,3591],\"rated\":\"Rated battle\"}\n>player p1 {\"name\":\"Lapidarius\",\"avatar\":\"marlon\",\"rating\":1054,\"seed\":[45289,6078,63207,10157]}\n>player p2 {\"name\":\"upiolusos\",\"avatar\":\"benga\",\"rating\":1074,\"seed\":[32478,54892,44256,38862]}\n>p1 move bravebird terastallize\n>p2 move swordsdance\n>p1 move bravebird\n>p2 move closecombat\n>p1 switch 4\n>p1 move flareblitz\n>p2 move closecombat\n>p1 switch 2\n>p1 move closecombat\n>p2 move extremespeed\n>p1 switch 3\n>p1 move heavyslam\n>p2 move extremespeed\n>p2 switch 4\n>p1 move agility\n>p2 move fireblast\n>p1 switch 6\n>p1 move stealthrock\n>p2 move fireblast\n>p1 move thunderwave\n>p2 move fireblast\n>p1 move seismictoss\n>p2 move fireblast\n>p1 move seismictoss\n>p2 move fireblast\n>p1 move softboiled\n>p2 move fireblast\n>p1 move seismictoss\n>p2 move fireblast\n>p1 move seismictoss\n>p2 move fireblast\n>p2 switch 5\n>p1 move thunderwave\n>p2 move earthquake\n>p1 move softboiled\n>p2 move earthquake\n>p1 switch 5\n>p1 move scald\n>p2 move earthquake\n>p1 move scald\n>p2 switch 2\n>p1 move thunderbolt\n>p2 move terastarstorm terastallize", "uploadtime": 1732950550, "views": 15, "formatid": "gen9randombattle", "rating": 1037, "private": 0, "password": null}