{"id": "gen9randombattle-2254034077", "format": "[Gen 9] Random Battle", "players": ["ScottsTotts", "GoldenStone"], "log": "|j|\u2606ScottsTotts\n|j|\u2606GoldenStone\n|t:|1732982847\n|gametype|singles\n|player|p1|ScottsTotts|lucas-gen4pt|2172\n|player|p2|GoldenStone|caitlin|2097\n|teamsize|p1|6\n|teamsize|p2|6\n|gen|9\n|tier|[Gen 9] Random Battle\n|rated|\n|rule|Species Clause: Limit one of each Pok\u00e9mon\n|rule|HP Percentage Mod: HP is shown in percentages\n|rule|Sleep Clause Mod: Limit one foe put to sleep\n|rule|Illusion Level Mod: Illusion disguises the Pok\u00e9mon's true level\n|\n|t:|1732982847\n|start\n|switch|p1a: Grafaiai|Grafaiai, L86, F|249/249\n|switch|p2a: Smeargle|Smeargle, L95, M|258/258\n|turn|1\n|inactive|Battle timer is ON: inactive players will automatically lose when time's up. (requested by ScottsTotts)\n|j| zyfa19\n|\n|t:|1732982866\n|move|p1a: Grafaiai|Gunk Shot|p2a: Smeargle\n|-enditem|p2a: Smeargle|Focus Sash\n|-damage|p2a: Smeargle|1/258\n|-status|p2a: Smeargle|psn\n|-damage|p1a: Grafaiai|225/249|[from] item: Life Orb\n|move|p2a: Smeargle|Spore|p1a: Grafaiai\n|-status|p1a: Grafaiai|slp|[from] move: Spore\n|\n|-damage|p2a: Smeargle|0 fnt|[from] psn\n|faint|p2a: Smeargle\n|upkeep\n|\n|t:|1732982875\n|switch|p2a: Gyarados|Gyarados, L79, M|280/280\n|turn|2\n|\n|t:|1732982884\n|switch|p1a: Oricorio|Oricorio-Pa'u, L87, M|272/272\n|move|p2a: Gyarados|Dragon Dance|p2a: Gyarados\n|-boost|p2a: Gyarados|atk|1\n|-boost|p2a: Gyarados|spe|1\n|-activate|p1a: Oricorio|ability: Dancer\n|move|p1a: Oricorio|Dragon Dance|p1a: Oricorio|[from]ability: Dancer\n|-boost|p1a: Oricorio|atk|1\n|-boost|p1a: Oricorio|spe|1\n|\n|upkeep\n|turn|3\n|\n|t:|1732982892\n|move|p1a: Oricorio|Quiver Dance|p1a: Oricorio\n|-boost|p1a: Oricorio|spa|1\n|-boost|p1a: Oricorio|spd|1\n|-boost|p1a: Oricorio|spe|1\n|move|p2a: Gyarados|Waterfall|p1a: Oricorio\n|-damage|p1a: Oricorio|118/272\n|\n|upkeep\n|turn|4\n|\n|t:|1732982903\n|move|p1a: Oricorio|Roost|p1a: Oricorio\n|-heal|p1a: Oricorio|254/272\n|-singleturn|p1a: Oricorio|move: Roost\n|move|p2a: Gyarados|Dragon Dance|p2a: Gyarados\n|-boost|p2a: Gyarados|atk|1\n|-boost|p2a: Gyarados|spe|1\n|-activate|p1a: Oricorio|ability: Dancer\n|move|p1a: Oricorio|Dragon Dance|p1a: Oricorio|[from]ability: Dancer\n|-boost|p1a: Oricorio|atk|1\n|-boost|p1a: Oricorio|spe|1\n|\n|upkeep\n|turn|5\n|\n|t:|1732982916\n|move|p1a: Oricorio|Revelation Dance|p2a: Gyarados\n|-crit|p2a: Gyarados\n|-damage|p2a: Gyarados|76/280\n|move|p2a: Gyarados|Waterfall|p1a: Oricorio\n|-damage|p1a: Oricorio|31/272\n|\n|upkeep\n|turn|6\n|\n|t:|1732982923\n|move|p1a: Oricorio|Revelation Dance|p2a: Gyarados\n|-damage|p2a: Gyarados|0 fnt\n|faint|p2a: Gyarados\n|\n|upkeep\n|\n|t:|1732982928\n|switch|p2a: Spiritomb|Spiritomb, L89, M|234/234\n|turn|7\n|\n|t:|1732982949\n|switch|p1a: Meowscarada|Meowscarada, L78, F|247/247\n|move|p2a: Spiritomb|Foul Play|p1a: Meowscarada\n|-resisted|p1a: Meowscarada\n|-damage|p1a: Meowscarada|180/247\n|\n|upkeep\n|turn|8\n|\n|t:|1732982959\n|move|p1a: Meowscarada|U-turn|p2a: Spiritomb\n|-start|p1a: Meowscarada|typechange|Bug|[from] ability: Protean\n|-damage|p2a: Spiritomb|150/234\n|\n|t:|1732982964\n|switch|p1a: Oricorio|Oricorio-Pa'u, L87, M|31/272|[from] U-turn\n|move|p2a: Spiritomb|Foul Play|p1a: Oricorio\n|-supereffective|p1a: Oricorio\n|-damage|p1a: Oricorio|0 fnt\n|faint|p1a: Oricorio\n|\n|-heal|p2a: Spiritomb|164/234|[from] item: Leftovers\n|upkeep\n|\n|t:|1732982978\n|switch|p1a: Meowscarada|Meowscarada, L78, F|180/247\n|turn|9\n|\n|t:|1732982984\n|move|p1a: Meowscarada|Knock Off|p2a: Spiritomb\n|-start|p1a: Meowscarada|typechange|Dark|[from] ability: Protean\n|-damage|p2a: Spiritomb|38/234\n|-enditem|p2a: Spiritomb|Leftovers|[from] move: Knock Off|[of] p1a: Meowscarada\n|move|p2a: Spiritomb|Foul Play|p1a: Meowscarada\n|-resisted|p1a: Meowscarada\n|-damage|p1a: Meowscarada|108/247\n|\n|upkeep\n|turn|10\n|\n|t:|1732982991\n|move|p1a: Meowscarada|Knock Off|p2a: Spiritomb\n|-damage|p2a: Spiritomb|0 fnt\n|faint|p2a: Spiritomb\n|\n|upkeep\n|\n|t:|1732983000\n|switch|p2a: Koraidon|Koraidon, L64|235/235\n|-weather|SunnyDay|[from] ability: Orichalcum Pulse|[of] p2a: Koraidon\n|-activate|p2a: Koraidon|Orichalcum Pulse|[source]\n|turn|11\n|inactive|ScottsTotts has 120 seconds left.\n|\n|t:|1732983031\n|switch|p1a: Grafaiai|Grafaiai, L86, F|225/249 slp\n|move|p2a: Koraidon|U-turn|p1a: Grafaiai\n|-resisted|p1a: Grafaiai\n|-damage|p1a: Grafaiai|177/249 slp\n|\n|t:|1732983036\n|switch|p2a: Victreebel|Victreebel, L90, M|290/290|[from] U-turn\n|\n|-weather|SunnyDay|[upkeep]\n|upkeep\n|turn|12\n|\n|t:|1732983042\n|-terastallize|p2a: Victreebel|Fire\n|move|p2a: Victreebel|Weather Ball|p1a: Grafaiai\n|-damage|p1a: Grafaiai|0 fnt\n|faint|p1a: Grafaiai\n|-damage|p2a: Victreebel|261/290|[from] item: Life Orb\n|\n|-weather|SunnyDay|[upkeep]\n|upkeep\n|inactive|ScottsTotts has 120 seconds left.\n|\n|t:|1732983064\n|switch|p1a: Mabosstiff|Mabosstiff, L86, F|278/278\n|turn|13\n|\n|t:|1732983071\n|move|p2a: Victreebel|Weather Ball|p1a: Mabosstiff\n|-damage|p1a: Mabosstiff|0 fnt\n|faint|p1a: Mabosstiff\n|-damage|p2a: Victreebel|232/290|[from] item: Life Orb\n|\n|-weather|SunnyDay|[upkeep]\n|upkeep\n|\n|t:|1732983085\n|switch|p1a: Meowscarada|Meowscarada, L78, F|108/247\n|turn|14\n|\n|t:|1732983093\n|move|p2a: Victreebel|Weather Ball|p1a: Meowscarada\n|-supereffective|p1a: Meowscarada\n|-crit|p1a: Meowscarada\n|-damage|p1a: Meowscarada|0 fnt\n|faint|p1a: Meowscarada\n|-damage|p2a: Victreebel|203/290|[from] item: Life Orb\n|\n|-weather|SunnyDay|[upkeep]\n|upkeep\n|\n|t:|1732983098\n|switch|p1a: Medicham|Medicham, L86, F|243/243\n|turn|15\n|\n|t:|1732983102\n|move|p2a: Victreebel|Weather Ball|p1a: Medicham\n|-damage|p1a: Medicham|0 fnt\n|faint|p1a: Medicham\n|-damage|p2a: Victreebel|174/290|[from] item: Life Orb\n|\n|-weather|none\n|upkeep\n|\n|t:|1732983104\n|switch|p1a: Cloyster|Cloyster, L80, F|211/211\n|turn|16\n|\n|t:|1732983116\n|move|p2a: Victreebel|Sludge Wave|p1a: Cloyster\n|-damage|p1a: Cloyster|0 fnt\n|faint|p1a: Cloyster\n|-damage|p2a: Victreebel|145/290|[from] item: Life Orb\n|\n|win|GoldenStone\n|raw|ScottsTotts's rating: 2172 &rarr; <strong>2149</strong><br />(-23 for losing)\n|raw|GoldenStone's rating: 2113 &rarr; <strong>2136</strong><br />(+23 for winning)\n|l|\u2606ScottsTotts\n|player|p1|\n", "inputlog": ">version b107d77f5c90bd6555267ae244a6264823309ead\n>start {\"formatid\":\"gen9randombattle\",\"seed\":[47736,53180,6257,42900],\"rated\":\"Rated battle\"}\n>player p1 {\"name\":\"ScottsTotts\",\"avatar\":\"lucas-gen4pt\",\"rating\":2172,\"seed\":[41236,56598,41530,47208]}\n>player p2 {\"name\":\"GoldenStone\",\"avatar\":\"caitlin\",\"rating\":2097,\"seed\":[48151,12124,3918,14992]}\n>p1 move gunkshot\n>p2 move spore\n>p2 switch 2\n>p1 switch 3\n>p2 move dragondance\n>p1 move quiverdance\n>p2 move waterfall\n>p1 move roost\n>p2 move dragondance\n>p1 move revelationdance\n>p2 move waterfall\n>p1 move revelationdance\n>p2 move waterfall\n>p2 switch 3\n>p1 switch 4\n>p2 move foulplay\n>p1 move uturn\n>p2 move foulplay\n>p1 switch 4\n>p1 switch 4\n>p1 move knockoff\n>p2 move foulplay\n>p1 move knockoff\n>p2 move foulplay\n>p2 switch 6\n>p1 switch 3\n>p2 move uturn\n>p2 switch 4\n>p1 move knockoff\n>p2 move weatherball terastallize\n>p1 switch 5\n>p1 move crunch\n>p2 move weatherball\n>p1 switch 3\n>p1 move knockoff\n>p2 move weatherball\n>p1 switch 2\n>p1 move zenheadbutt\n>p2 move weatherball\n>p1 switch 6\n>p1 move shellsmash\n>p2 move sludgewave", "uploadtime": 1732983126, "views": 4, "formatid": "gen9randombattle", "rating": 2136, "private": 0, "password": null}