{"id": "gen9randombattle-2254034374", "format": "[Gen 9] Random Battle", "players": ["Burnt_Kaya_Toast", "martysarc"], "log": "|j|\u2606Burnt_Kaya_Toast\n|j|\u203dmartysarc\n|t:|1732982888\n|gametype|singles\n|player|p1|Burnt_Kaya_Toast|266|1476\n|player|p2|martysarc|102|1461\n|teamsize|p1|6\n|teamsize|p2|6\n|gen|9\n|tier|[Gen 9] Random Battle\n|rated|\n|rule|Species Clause: Limit one of each Pok\u00e9mon\n|rule|HP Percentage Mod: HP is shown in percentages\n|rule|Sleep Clause Mod: Limit one foe put to sleep\n|rule|Illusion Level Mod: Illusion disguises the Pok\u00e9mon's true level\n|\n|t:|1732982888\n|start\n|switch|p1a: Zekrom|Zekrom, L71|259/259\n|switch|p2a: Jirachi|Jirachi, L80|291/291\n|-ability|p1a: Zekrom|Teravolt\n|turn|1\n|\n|t:|1732982899\n|move|p2a: Jirachi|Body Slam|p1a: Zekrom\n|-damage|p1a: Zekrom|203/259\n|move|p1a: Zekrom|Dragon Dance|p1a: Zekrom\n|-boost|p1a: Zekrom|atk|1\n|-boost|p1a: Zekrom|spe|1\n|\n|-heal|p1a: Zekrom|219/259|[from] item: Leftovers\n|upkeep\n|turn|2\n|\n|t:|1732982905\n|move|p1a: Zekrom|Substitute|p1a: Zekrom\n|-start|p1a: Zekrom|Substitute\n|-damage|p1a: Zekrom|155/259\n|move|p2a: Jirachi|Iron Head|p1a: Zekrom\n|-resisted|p1a: Zekrom\n|-activate|p1a: Zekrom|move: Substitute|[damage]\n|\n|-heal|p1a: Zekrom|171/259|[from] item: Leftovers\n|upkeep\n|turn|3\n|\n|t:|1732982907\n|move|p1a: Zekrom|Dragon Dance|p1a: Zekrom\n|-boost|p1a: Zekrom|atk|1\n|-boost|p1a: Zekrom|spe|1\n|move|p2a: Jirachi|Iron Head|p1a: Zekrom\n|-resisted|p1a: Zekrom\n|-end|p1a: Zekrom|Substitute\n|\n|-heal|p1a: Zekrom|187/259|[from] item: Leftovers\n|upkeep\n|turn|4\n|\n|t:|1732982912\n|move|p1a: Zekrom|Bolt Strike|p2a: Jirachi\n|-damage|p2a: Jirachi|15/291\n|move|p2a: Jirachi|Body Slam|p1a: Zekrom\n|-damage|p1a: Zekrom|138/259\n|\n|-heal|p1a: Zekrom|154/259|[from] item: Leftovers\n|-heal|p2a: Jirachi|33/291|[from] item: Leftovers\n|upkeep\n|turn|5\n|\n|t:|1732982921\n|move|p1a: Zekrom|Substitute|p1a: Zekrom\n|-start|p1a: Zekrom|Substitute\n|-damage|p1a: Zekrom|90/259\n|move|p2a: Jirachi|Body Slam|p1a: Zekrom\n|-activate|p1a: Zekrom|move: Substitute|[damage]\n|\n|-heal|p1a: Zekrom|106/259|[from] item: Leftovers\n|-heal|p2a: Jirachi|51/291|[from] item: Leftovers\n|upkeep\n|turn|6\n|\n|t:|1732982925\n|move|p1a: Zekrom|Dragon Dance|p1a: Zekrom\n|-boost|p1a: Zekrom|atk|1\n|-boost|p1a: Zekrom|spe|1\n|move|p2a: Jirachi|Body Slam|p1a: Zekrom\n|-end|p1a: Zekrom|Substitute\n|\n|-heal|p1a: Zekrom|122/259|[from] item: Leftovers\n|-heal|p2a: Jirachi|69/291|[from] item: Leftovers\n|upkeep\n|turn|7\n|\n|t:|1732982929\n|move|p1a: Zekrom|Bolt Strike|p2a: Jirachi\n|-damage|p2a: Jirachi|0 fnt\n|faint|p2a: Jirachi\n|\n|-heal|p1a: Zekrom|138/259|[from] item: Leftovers\n|upkeep\n|\n|t:|1732982937\n|switch|p2a: Klefki|Klefki, L84, F|233/233\n|turn|8\n|\n|t:|1732982944\n|move|p1a: Zekrom|Outrage|p2a: Klefki\n|-immune|p2a: Klefki\n|move|p2a: Klefki|Foul Play|p1a: Zekrom\n|-damage|p1a: Zekrom|0 fnt\n|faint|p1a: Zekrom\n|\n|upkeep\n|\n|t:|1732982962\n|switch|p1a: Toxtricity|Toxtricity, L82, F|257/257\n|turn|9\n|\n|t:|1732982968\n|move|p2a: Klefki|Foul Play|p1a: Toxtricity\n|-crit|p1a: Toxtricity\n|-damage|p1a: Toxtricity|137/257\n|move|p1a: Toxtricity|Overdrive|p2a: Klefki\n|-damage|p2a: Klefki|118/233\n|-enditem|p1a: Toxtricity|Throat Spray\n|-boost|p1a: Toxtricity|spa|1|[from] item: Throat Spray\n|\n|-heal|p2a: Klefki|132/233|[from] item: Leftovers\n|upkeep\n|turn|10\n|\n|t:|1732982978\n|move|p2a: Klefki|Foul Play|p1a: Toxtricity\n|-damage|p1a: Toxtricity|61/257\n|move|p1a: Toxtricity|Shift Gear|p1a: Toxtricity\n|-boost|p1a: Toxtricity|spe|2\n|-boost|p1a: Toxtricity|atk|1\n|\n|-heal|p2a: Klefki|146/233|[from] item: Leftovers\n|upkeep\n|turn|11\n|\n|t:|1732982985\n|move|p1a: Toxtricity|Overdrive|p2a: Klefki\n|-damage|p2a: Klefki|0 fnt\n|faint|p2a: Klefki\n|\n|upkeep\n|\n|t:|1732982988\n|switch|p2a: Banette|Banette, L93, M|270/270\n|turn|12\n|\n|t:|1732982999\n|move|p2a: Banette|Shadow Sneak|p1a: Toxtricity\n|-damage|p1a: Toxtricity|0 fnt\n|faint|p1a: Toxtricity\n|-damage|p2a: Banette|243/270|[from] item: Life Orb\n|\n|upkeep\n|\n|t:|1732983005\n|switch|p1a: Tyranitar|Tyranitar, L79, F|288/288\n|-weather|Sandstorm|[from] ability: Sand Stream|[of] p1a: Tyranitar\n|turn|13\n|\n|t:|1732983054\n|move|p2a: Banette|Gunk Shot|p1a: Tyranitar\n|-resisted|p1a: Tyranitar\n|-damage|p1a: Tyranitar|218/288\n|-damage|p2a: Banette|216/270|[from] item: Life Orb\n|move|p1a: Tyranitar|Thunder Wave|p2a: Banette\n|-status|p2a: Banette|par\n|\n|-weather|Sandstorm|[upkeep]\n|-damage|p2a: Banette|200/270 par|[from] Sandstorm\n|-heal|p1a: Tyranitar|236/288|[from] item: Leftovers\n|upkeep\n|turn|14\n|\n|t:|1732983071\n|switch|p2a: Mienshao|Mienshao, L83, M|244/244\n|move|p1a: Tyranitar|Knock Off|p2a: Mienshao\n|-resisted|p2a: Mienshao\n|-damage|p2a: Mienshao|168/244\n|-enditem|p2a: Mienshao|Life Orb|[from] move: Knock Off|[of] p1a: Tyranitar\n|\n|-weather|Sandstorm|[upkeep]\n|-damage|p2a: Mienshao|153/244|[from] Sandstorm\n|-heal|p1a: Tyranitar|254/288|[from] item: Leftovers\n|upkeep\n|turn|15\n|\n|t:|1732983086\n|switch|p1a: Mesprit|Mesprit, L85|275/275\n|move|p2a: Mienshao|Knock Off|p1a: Mesprit\n|-supereffective|p1a: Mesprit\n|-damage|p1a: Mesprit|135/275\n|-enditem|p1a: Mesprit|Leftovers|[from] move: Knock Off|[of] p2a: Mienshao\n|\n|-weather|Sandstorm|[upkeep]\n|-damage|p2a: Mienshao|138/244|[from] Sandstorm\n|-damage|p1a: Mesprit|118/275|[from] Sandstorm\n|upkeep\n|turn|16\n|\n|t:|1732983095\n|switch|p2a: Banette|Banette, L93, M|200/270 par\n|move|p1a: Mesprit|Psychic Noise|p2a: Banette\n|-damage|p2a: Banette|101/270 par\n|-start|p2a: Banette|move: Heal Block\n|\n|-weather|Sandstorm|[upkeep]\n|-damage|p1a: Mesprit|101/275|[from] Sandstorm\n|-damage|p2a: Banette|85/270 par|[from] Sandstorm\n|upkeep\n|turn|17\n|\n|t:|1732983101\n|switch|p1a: Tyranitar|Tyranitar, L79, F|254/288\n|move|p2a: Banette|Shadow Sneak|p1a: Tyranitar\n|-resisted|p1a: Tyranitar\n|-damage|p1a: Tyranitar|222/288\n|-damage|p2a: Banette|58/270 par|[from] item: Life Orb\n|\n|-weather|none\n|-heal|p1a: Tyranitar|240/288|[from] item: Leftovers\n|-end|p2a: Banette|move: Heal Block\n|upkeep\n|turn|18\n|\n|t:|1732983107\n|switch|p2a: Mienshao|Mienshao, L83, M|219/244\n|move|p1a: Tyranitar|Thunder Wave|p2a: Mienshao\n|-status|p2a: Mienshao|par\n|\n|-heal|p1a: Tyranitar|258/288|[from] item: Leftovers\n|upkeep\n|turn|19\n|\n|t:|1732983116\n|switch|p1a: Mesprit|Mesprit, L85|101/275\n|move|p2a: Mienshao|Close Combat|p1a: Mesprit\n|-resisted|p1a: Mesprit\n|-damage|p1a: Mesprit|32/275\n|-unboost|p2a: Mienshao|def|1\n|-unboost|p2a: Mienshao|spd|1\n|\n|upkeep\n|turn|20\n|\n|t:|1732983124\n|switch|p2a: Banette|Banette, L93, M|58/270 par\n|move|p1a: Mesprit|Psychic Noise|p2a: Banette\n|-damage|p2a: Banette|0 fnt\n|faint|p2a: Banette\n|\n|upkeep\n|\n|t:|1732983130\n|switch|p2a: Basculin|Basculin-Blue-Striped, L86, M|261/261\n|turn|21\n|\n|t:|1732983139\n|move|p2a: Basculin|Wave Crash|p1a: Mesprit\n|-damage|p1a: Mesprit|0 fnt\n|faint|p1a: Mesprit\n|-damage|p2a: Basculin|250/261|[from] Recoil\n|\n|upkeep\n|\n|t:|1732983142\n|switch|p1a: Kommo-o|Kommo-o, L78, F|245/245\n|turn|22\n|\n|t:|1732983147\n|switch|p2a: Mienshao|Mienshao, L83, M|244/244 par\n|move|p1a: Kommo-o|Swords Dance|p1a: Kommo-o\n|-boost|p1a: Kommo-o|atk|2\n|\n|upkeep\n|turn|23\n|\n|t:|1732983154\n|move|p1a: Kommo-o|Iron Head|p2a: Mienshao\n|-damage|p2a: Mienshao|95/244 par\n|move|p2a: Mienshao|Triple Axel|p1a: Kommo-o\n|-supereffective|p1a: Kommo-o\n|-damage|p1a: Kommo-o|213/245\n|-supereffective|p1a: Kommo-o\n|-damage|p1a: Kommo-o|161/245\n|-supereffective|p1a: Kommo-o\n|-damage|p1a: Kommo-o|69/245\n|-hitcount|p1a: Kommo-o|3\n|\n|upkeep\n|turn|24\n|\n|t:|1732983162\n|move|p1a: Kommo-o|Scale Shot|p2a: Mienshao\n|-damage|p2a: Mienshao|26/244 par\n|-damage|p2a: Mienshao|0 fnt\n|faint|p2a: Mienshao\n|-hitcount|p2: Mienshao|2\n|-unboost|p1a: Kommo-o|def|1\n|-boost|p1a: Kommo-o|spe|1\n|\n|upkeep\n|\n|t:|1732983165\n|switch|p2a: Basculin|Basculin-Blue-Striped, L86, M|250/261\n|turn|25\n|\n|t:|1732983175\n|move|p2a: Basculin|Aqua Jet|p1a: Kommo-o\n|-resisted|p1a: Kommo-o\n|-damage|p1a: Kommo-o|13/245\n|move|p1a: Kommo-o|Scale Shot|p2a: Basculin|[miss]\n|-miss|p1a: Kommo-o|p2a: Basculin\n|\n|upkeep\n|turn|26\n|\n|t:|1732983181\n|move|p2a: Basculin|Aqua Jet|p1a: Kommo-o\n|-resisted|p1a: Kommo-o\n|-damage|p1a: Kommo-o|0 fnt\n|faint|p1a: Kommo-o\n|\n|upkeep\n|\n|t:|1732983182\n|switch|p1a: Reuniclus|Reuniclus, L88, F|337/337\n|turn|27\n|\n|t:|1732983192\n|switch|p2a: Terapagos|Terapagos, L76, F|262/262\n|-activate|p2a: Terapagos|ability: Tera Shift\n|detailschange|p2a: Terapagos|Terapagos-Terastal, L76, F\n|-heal|p2a: Terapagos|269/269|[silent]\n|move|p1a: Reuniclus|Psychic|p2a: Terapagos\n|-activate|p2a: Terapagos|ability: Tera Shell\n|-resisted|p2a: Terapagos\n|-damage|p2a: Terapagos|195/269\n|\n|upkeep\n|turn|28\n|\n|t:|1732983201\n|move|p2a: Terapagos|Calm Mind|p2a: Terapagos\n|-boost|p2a: Terapagos|spa|1\n|-boost|p2a: Terapagos|spd|1\n|move|p1a: Reuniclus|Calm Mind|p1a: Reuniclus\n|-boost|p1a: Reuniclus|spa|1\n|-boost|p1a: Reuniclus|spd|1\n|\n|upkeep\n|turn|29\n|\n|t:|1732983207\n|move|p2a: Terapagos|Calm Mind|p2a: Terapagos\n|-boost|p2a: Terapagos|spa|1\n|-boost|p2a: Terapagos|spd|1\n|move|p1a: Reuniclus|Calm Mind|p1a: Reuniclus\n|-boost|p1a: Reuniclus|spa|1\n|-boost|p1a: Reuniclus|spd|1\n|\n|upkeep\n|turn|30\n|\n|t:|1732983213\n|move|p2a: Terapagos|Calm Mind|p2a: Terapagos\n|-boost|p2a: Terapagos|spa|1\n|-boost|p2a: Terapagos|spd|1\n|move|p1a: Reuniclus|Calm Mind|p1a: Reuniclus\n|-boost|p1a: Reuniclus|spa|1\n|-boost|p1a: Reuniclus|spd|1\n|\n|upkeep\n|turn|31\n|\n|t:|1732983222\n|move|p2a: Terapagos|Calm Mind|p2a: Terapagos\n|-boost|p2a: Terapagos|spa|1\n|-boost|p2a: Terapagos|spd|1\n|move|p1a: Reuniclus|Calm Mind|p1a: Reuniclus\n|-boost|p1a: Reuniclus|spa|1\n|-boost|p1a: Reuniclus|spd|1\n|\n|upkeep\n|turn|32\n|\n|t:|1732983226\n|move|p2a: Terapagos|Calm Mind|p2a: Terapagos\n|-boost|p2a: Terapagos|spa|1\n|-boost|p2a: Terapagos|spd|1\n|move|p1a: Reuniclus|Calm Mind|p1a: Reuniclus\n|-boost|p1a: Reuniclus|spa|1\n|-boost|p1a: Reuniclus|spd|1\n|\n|upkeep\n|turn|33\n|\n|t:|1732983234\n|move|p2a: Terapagos|Calm Mind|p2a: Terapagos\n|-boost|p2a: Terapagos|spa|1\n|-boost|p2a: Terapagos|spd|1\n|move|p1a: Reuniclus|Calm Mind|p1a: Reuniclus\n|-boost|p1a: Reuniclus|spa|1\n|-boost|p1a: Reuniclus|spd|1\n|\n|upkeep\n|turn|34\n|\n|t:|1732983243\n|-terastallize|p2a: Terapagos|Stellar\n|detailschange|p2a: Terapagos|Terapagos-Stellar, L76, F, tera:Stellar\n|-heal|p2a: Terapagos|294/368|[silent]\n|move|p2a: Terapagos|Tera Starstorm|p1a: Reuniclus\n|-damage|p1a: Reuniclus|235/337\n|move|p1a: Reuniclus|Psychic|p2a: Terapagos\n|-damage|p2a: Terapagos|138/368\n|\n|upkeep\n|turn|35\n|\n|t:|1732983262\n|move|p2a: Terapagos|Dark Pulse|p1a: Reuniclus\n|-supereffective|p1a: Reuniclus\n|-damage|p1a: Reuniclus|89/337\n|move|p1a: Reuniclus|Recover|p1a: Reuniclus\n|-heal|p1a: Reuniclus|258/337\n|\n|upkeep\n|turn|36\n|\n|t:|1732983273\n|move|p2a: Terapagos|Dark Pulse|p1a: Reuniclus\n|-supereffective|p1a: Reuniclus\n|-damage|p1a: Reuniclus|128/337\n|move|p1a: Reuniclus|Recover|p1a: Reuniclus\n|-heal|p1a: Reuniclus|297/337\n|\n|upkeep\n|turn|37\n|\n|t:|1732983279\n|move|p2a: Terapagos|Dark Pulse|p1a: Reuniclus\n|-supereffective|p1a: Reuniclus\n|-damage|p1a: Reuniclus|169/337\n|move|p1a: Reuniclus|Recover|p1a: Reuniclus\n|-heal|p1a: Reuniclus|337/337\n|\n|upkeep\n|turn|38\n|\n|t:|1732983283\n|move|p2a: Terapagos|Dark Pulse|p1a: Reuniclus\n|-supereffective|p1a: Reuniclus\n|-damage|p1a: Reuniclus|197/337\n|cant|p1a: Reuniclus|flinch\n|\n|upkeep\n|turn|39\n|\n|t:|1732983290\n|move|p2a: Terapagos|Dark Pulse|p1a: Reuniclus\n|-supereffective|p1a: Reuniclus\n|-damage|p1a: Reuniclus|49/337\n|move|p1a: Reuniclus|Recover|p1a: Reuniclus\n|-heal|p1a: Reuniclus|218/337\n|\n|upkeep\n|turn|40\n|\n|t:|1732983296\n|move|p2a: Terapagos|Dark Pulse|p1a: Reuniclus\n|-supereffective|p1a: Reuniclus\n|-damage|p1a: Reuniclus|76/337\n|move|p1a: Reuniclus|Psychic|p2a: Terapagos\n|-damage|p2a: Terapagos|0 fnt\n|faint|p2a: Terapagos\n|\n|upkeep\n|\n|t:|1732983301\n|switch|p2a: Basculin|Basculin-Blue-Striped, L86, M|250/261\n|turn|41\n|\n|t:|1732983307\n|move|p2a: Basculin|Wave Crash|p1a: Reuniclus\n|-damage|p1a: Reuniclus|0 fnt\n|faint|p1a: Reuniclus\n|-damage|p2a: Basculin|225/261|[from] Recoil\n|\n|upkeep\n|\n|t:|1732983311\n|switch|p1a: Tyranitar|Tyranitar, L79, F|258/288\n|-weather|Sandstorm|[from] ability: Sand Stream|[of] p1a: Tyranitar\n|turn|42\n|\n|t:|1732983315\n|-terastallize|p1a: Tyranitar|Ghost\n|move|p2a: Basculin|Wave Crash|p1a: Tyranitar\n|-damage|p1a: Tyranitar|16/288\n|-damage|p2a: Basculin|145/261|[from] Recoil\n|move|p1a: Tyranitar|Thunder Wave|p2a: Basculin\n|-status|p2a: Basculin|par\n|\n|-weather|Sandstorm|[upkeep]\n|-damage|p1a: Tyranitar|0 fnt|[from] Sandstorm\n|-damage|p2a: Basculin|129/261 par|[from] Sandstorm\n|faint|p1a: Tyranitar\n|\n|win|martysarc\n|upkeep\n|raw|Burnt_Kaya_Toast's rating: 1476 &rarr; <strong>1455</strong><br />(-21 for losing)\n|raw|martysarc's rating: 1461 &rarr; <strong>1482</strong><br />(+21 for winning)\n|l|\u2606Burnt_Kaya_Toast\n|player|p1|\n", "inputlog": ">version b107d77f5c90bd6555267ae244a6264823309ead\n>start {\"formatid\":\"gen9randombattle\",\"seed\":[63414,57603,43433,6672],\"rated\":\"Rated battle\"}\n>player p1 {\"name\":\"Burnt_Kaya_Toast\",\"avatar\":\"266\",\"rating\":1476,\"seed\":[5144,64625,17135,51498]}\n>player p2 {\"name\":\"martysarc\",\"avatar\":\"102\",\"rating\":1461,\"seed\":[53638,22353,46648,29563]}\n>p1 move dragondance\n>p2 move bodyslam\n>p1 move substitute\n>p2 move ironhead\n>p1 move dragondance\n>p2 move ironhead\n>p1 move boltstrike\n>p2 move bodyslam\n>p1 move substitute\n>p2 move bodyslam\n>p1 move dragondance\n>p2 move bodyslam\n>p1 move boltstrike\n>p2 move bodyslam\n>p2 switch 2\n>p1 move outrage\n>p2 move foulplay\n>p1 switch 5\n>p1 move overdrive\n>p2 move foulplay\n>p1 move shiftgear\n>p2 move foulplay\n>p1 move overdrive\n>p2 move foulplay\n>p2 switch 5\n>p1 move overdrive\n>p2 move shadowsneak\n>p1 switch 4\n>p1 move thunderwave\n>p2 move gunkshot\n>p1 move knockoff\n>p2 switch 6\n>p1 switch 3\n>p2 move knockoff\n>p1 move psychicnoise\n>p2 switch 6\n>p1 switch 3\n>p2 move shadowsneak\n>p1 move thunderwave\n>p2 switch 6\n>p1 switch 3\n>p2 move closecombat\n>p1 move psychicnoise\n>p2 switch 6\n>p2 switch 4\n>p1 move knockoff\n>p2 move wavecrash\n>p1 switch 6\n>p1 move swordsdance\n>p2 switch 6\n>p1 move ironhead\n>p2 move tripleaxel\n>p1 move scaleshot\n>p2 move tripleaxel\n>p2 switch 6\n>p1 move scaleshot\n>p2 move aquajet\n>p1 move closecombat\n>p2 move aquajet\n>p1 switch 2\n>p1 move psychic\n>p2 switch 3\n>p1 move calmmind\n>p2 move calmmind\n>p1 move calmmind\n>p2 move calmmind\n>p1 move calmmind\n>p2 move calmmind\n>p1 move calmmind\n>p2 move calmmind\n>p1 move calmmind\n>p2 move calmmind\n>p1 move calmmind\n>p2 move calmmind\n>p1 move psychic\n>p2 move terastarstorm terastallize\n>p1 move recover\n>p2 move darkpulse\n>p1 move recover\n>p2 move darkpulse\n>p1 move recover\n>p2 move darkpulse\n>p1 move psychic\n>p2 move darkpulse\n>p1 move recover\n>p2 move darkpulse\n>p1 move psychic\n>p2 move darkpulse\n>p2 switch 3\n>p1 move psychic\n>p2 move wavecrash\n>p1 switch 3\n>p1 move thunderwave terastallize\n>p2 move wavecrash", "uploadtime": 1732983328, "views": 2, "formatid": "gen9randombattle", "rating": 1455, "private": 0, "password": null}