{"id": "gen9randombattle-2253963039", "format": "[Gen 9] Random Battle", "players": ["Primigenium", "Stanley332"], "log": "|j|\u2606Primigenium\n|j|\u2606Stanley332\n|t:|1732972234\n|gametype|singles\n|player|p1|Primigenium|dawn|1405\n|player|p2|Stanley332|266|1365\n|teamsize|p1|6\n|teamsize|p2|6\n|gen|9\n|tier|[Gen 9] Random Battle\n|rated|\n|rule|Species Clause: Limit one of each Pok\u00e9mon\n|rule|HP Percentage Mod: HP is shown in percentages\n|rule|Sleep Clause Mod: Limit one foe put to sleep\n|rule|Illusion Level Mod: Illusion disguises the Pok\u00e9mon's true level\n|\n|t:|1732972234\n|start\n|switch|p1a: Thundurus|Thundurus, L80, M|258/258\n|switch|p2a: Hawlucha|Hawlucha, L80, M|256/256\n|turn|1\n|inactive|Battle timer is ON: inactive players will automatically lose when time's up. (requested by Primigenium)\n|\n|t:|1732972244\n|switch|p2a: Rhydon|Rhydon, L85, F|317/317\n|move|p1a: Thundurus|Knock Off|p2a: Rhydon\n|-damage|p2a: Rhydon|277/317\n|-enditem|p2a: Rhydon|Eviolite|[from] move: Knock Off|[of] p1a: Thundurus\n|\n|upkeep\n|turn|2\n|\n|t:|1732972250\n|move|p1a: Thundurus|Focus Blast|p2a: Rhydon|[miss]\n|-miss|p1a: Thundurus|p2a: Rhydon\n|move|p2a: Rhydon|Stone Edge|p1a: Thundurus\n|-supereffective|p1a: Thundurus\n|-crit|p1a: Thundurus\n|-damage|p1a: Thundurus|0 fnt\n|faint|p1a: Thundurus\n|\n|upkeep\n|\n|t:|1732972264\n|switch|p1a: Lumineon|Lumineon, L93, M|279/279\n|turn|3\n|inactive|Stanley332 has 120 seconds left.\n|\n|t:|1732972313\n|switch|p2a: Lucario|Lucario, L84, M|255/255\n|move|p1a: Lumineon|Hydro Pump|p2a: Lucario\n|-damage|p2a: Lucario|72/255\n|\n|upkeep\n|turn|4\n|\n|t:|1732972321\n|move|p2a: Lucario|Extreme Speed|p1a: Lumineon\n|-damage|p1a: Lumineon|190/279\n|move|p1a: Lumineon|Hydro Pump|p2a: Lucario\n|-damage|p2a: Lucario|0 fnt\n|faint|p2a: Lucario\n|\n|upkeep\n|\n|t:|1732972337\n|switch|p2a: Vigoroth|Vigoroth, L85, M|275/275\n|turn|5\n|\n|t:|1732972344\n|move|p1a: Lumineon|Hydro Pump|p2a: Vigoroth\n|-damage|p2a: Vigoroth|115/275\n|move|p2a: Vigoroth|Knock Off|p1a: Lumineon\n|-damage|p1a: Lumineon|132/279\n|-enditem|p1a: Lumineon|Choice Specs|[from] move: Knock Off|[of] p2a: Vigoroth\n|\n|upkeep\n|turn|6\n|\n|t:|1732972353\n|move|p1a: Lumineon|Hydro Pump|p2a: Vigoroth\n|-damage|p2a: Vigoroth|6/275\n|move|p2a: Vigoroth|Slack Off|p2a: Vigoroth\n|-heal|p2a: Vigoroth|144/275\n|\n|upkeep\n|turn|7\n|\n|t:|1732972379\n|move|p1a: Lumineon|Hydro Pump|p2a: Vigoroth\n|-damage|p2a: Vigoroth|47/275\n|move|p2a: Vigoroth|Slack Off|p2a: Vigoroth\n|-heal|p2a: Vigoroth|185/275\n|\n|upkeep\n|turn|8\n|inactive|Stanley332 has 120 seconds left.\n|l|\u2606Stanley332\n|inactive|Stanley332 disconnected and has a minute to reconnect!\n|player|p2|\n|n|!Primigenium|primigenium\n|inactive|Stanley332 has 30 seconds to reconnect!\n|inactive|Stanley332 has 20 seconds to reconnect!\n|j|\u2606Stanley332\n|inactive|Stanley332 reconnected and has 80 seconds left.\n|player|p2|Stanley332|266|\n|\n|t:|1732972443\n|move|p1a: Lumineon|Hydro Pump|p2a: Vigoroth\n|-damage|p2a: Vigoroth|76/275\n|move|p2a: Vigoroth|Slack Off|p2a: Vigoroth\n|-heal|p2a: Vigoroth|214/275\n|\n|upkeep\n|turn|9\n|\n|t:|1732972447\n|move|p1a: Lumineon|Hydro Pump|p2a: Vigoroth|[miss]\n|-miss|p1a: Lumineon|p2a: Vigoroth\n|move|p2a: Vigoroth|Slack Off|p2a: Vigoroth\n|-heal|p2a: Vigoroth|275/275\n|\n|upkeep\n|turn|10\n|\n|t:|1732972451\n|move|p1a: Lumineon|Alluring Voice|p2a: Vigoroth\n|-damage|p2a: Vigoroth|227/275\n|move|p2a: Vigoroth|Body Slam|p1a: Lumineon\n|-damage|p1a: Lumineon|47/279\n|-status|p1a: Lumineon|par\n|\n|upkeep\n|turn|11\n|\n|t:|1732972454\n|move|p2a: Vigoroth|Bulk Up|p2a: Vigoroth\n|-boost|p2a: Vigoroth|atk|1\n|-boost|p2a: Vigoroth|def|1\n|move|p1a: Lumineon|Hydro Pump|p2a: Vigoroth|[miss]\n|-miss|p1a: Lumineon|p2a: Vigoroth\n|\n|upkeep\n|turn|12\n|\n|t:|1732972458\n|move|p2a: Vigoroth|Bulk Up|p2a: Vigoroth\n|-boost|p2a: Vigoroth|atk|1\n|-boost|p2a: Vigoroth|def|1\n|move|p1a: Lumineon|Alluring Voice|p2a: Vigoroth\n|-damage|p2a: Vigoroth|174/275\n|-start|p2a: Vigoroth|confusion\n|\n|upkeep\n|turn|13\n|\n|t:|1732972464\n|-activate|p2a: Vigoroth|confusion\n|move|p2a: Vigoroth|Slack Off|p2a: Vigoroth\n|-heal|p2a: Vigoroth|275/275\n|move|p1a: Lumineon|Alluring Voice|p2a: Vigoroth\n|-damage|p2a: Vigoroth|226/275\n|\n|upkeep\n|turn|14\n|\n|t:|1732972468\n|-activate|p2a: Vigoroth|confusion\n|move|p2a: Vigoroth|Slack Off|p2a: Vigoroth\n|-heal|p2a: Vigoroth|275/275\n|move|p1a: Lumineon|Alluring Voice|p2a: Vigoroth\n|-damage|p2a: Vigoroth|227/275\n|\n|upkeep\n|turn|15\n|\n|t:|1732972473\n|-activate|p2a: Vigoroth|confusion\n|-damage|p2a: Vigoroth|199/275|[from] confusion\n|move|p1a: Lumineon|Alluring Voice|p2a: Vigoroth\n|-damage|p2a: Vigoroth|144/275\n|\n|upkeep\n|turn|16\n|\n|t:|1732972476\n|-activate|p2a: Vigoroth|confusion\n|move|p2a: Vigoroth|Slack Off|p2a: Vigoroth\n|-heal|p2a: Vigoroth|275/275\n|cant|p1a: Lumineon|par\n|\n|upkeep\n|turn|17\n|\n|t:|1732972481\n|-end|p2a: Vigoroth|confusion\n|move|p2a: Vigoroth|Body Slam|p1a: Lumineon\n|-damage|p1a: Lumineon|0 fnt\n|faint|p1a: Lumineon\n|\n|upkeep\n|\n|t:|1732972494\n|switch|p1a: Zacian|Zacian-Crowned, L64|225/225\n|-ability|p1a: Zacian|Intrepid Sword|boost\n|-boost|p1a: Zacian|atk|1\n|turn|18\n|\n|t:|1732972522\n|-terastallize|p1a: Zacian|Fighting\n|-terastallize|p2a: Vigoroth|Ghost\n|move|p1a: Zacian|Swords Dance|p1a: Zacian\n|-boost|p1a: Zacian|atk|2\n|move|p2a: Vigoroth|Bulk Up|p2a: Vigoroth\n|-boost|p2a: Vigoroth|atk|1\n|-boost|p2a: Vigoroth|def|1\n|\n|upkeep\n|turn|19\n|\n|t:|1732972534\n|move|p1a: Zacian|Play Rough|p2a: Vigoroth\n|-damage|p2a: Vigoroth|220/275\n|move|p2a: Vigoroth|Body Slam|p1a: Zacian\n|-damage|p1a: Zacian|0 fnt\n|faint|p1a: Zacian\n|\n|upkeep\n|\n|t:|1732972541\n|switch|p1a: Gastrodon|Gastrodon, L86, M|331/331\n|turn|20\n|\n|t:|1732972546\n|move|p2a: Vigoroth|Body Slam|p1a: Gastrodon\n|-damage|p1a: Gastrodon|112/331\n|move|p1a: Gastrodon|Ice Beam|p2a: Vigoroth\n|-damage|p2a: Vigoroth|165/275\n|-status|p2a: Vigoroth|frz\n|\n|-heal|p1a: Gastrodon|132/331|[from] item: Leftovers\n|upkeep\n|turn|21\n|\n|t:|1732972554\n|cant|p2a: Vigoroth|frz\n|move|p1a: Gastrodon|Ice Beam|p2a: Vigoroth\n|-damage|p2a: Vigoroth|109/275 frz\n|\n|-heal|p1a: Gastrodon|152/331|[from] item: Leftovers\n|upkeep\n|turn|22\n|\n|t:|1732972556\n|cant|p2a: Vigoroth|frz\n|move|p1a: Gastrodon|Ice Beam|p2a: Vigoroth\n|-damage|p2a: Vigoroth|48/275 frz\n|\n|-heal|p1a: Gastrodon|172/331|[from] item: Leftovers\n|upkeep\n|turn|23\n|\n|t:|1732972558\n|cant|p2a: Vigoroth|frz\n|move|p1a: Gastrodon|Ice Beam|p2a: Vigoroth\n|-damage|p2a: Vigoroth|0 fnt\n|faint|p2a: Vigoroth\n|\n|-heal|p1a: Gastrodon|192/331|[from] item: Leftovers\n|upkeep\n|\n|t:|1732972569\n|switch|p2a: Enamorus|Enamorus-Therian, L83, F|259/259\n|turn|24\n|\n|t:|1732972574\n|move|p2a: Enamorus|Agility|p2a: Enamorus\n|-boost|p2a: Enamorus|spe|2\n|move|p1a: Gastrodon|Recover|p1a: Gastrodon\n|-heal|p1a: Gastrodon|331/331\n|\n|upkeep\n|turn|25\n|\n|t:|1732972593\n|move|p2a: Enamorus|Moonblast|p1a: Gastrodon\n|-damage|p1a: Gastrodon|193/331\n|move|p1a: Gastrodon|Ice Beam|p2a: Enamorus\n|-supereffective|p2a: Enamorus\n|-damage|p2a: Enamorus|143/259\n|-enditem|p2a: Enamorus|Weakness Policy\n|-boost|p2a: Enamorus|atk|2|[from] item: Weakness Policy\n|-boost|p2a: Enamorus|spa|2|[from] item: Weakness Policy\n|\n|-heal|p1a: Gastrodon|213/331|[from] item: Leftovers\n|upkeep\n|turn|26\n|\n|t:|1732972599\n|move|p2a: Enamorus|Moonblast|p1a: Gastrodon\n|-damage|p1a: Gastrodon|0 fnt\n|faint|p1a: Gastrodon\n|\n|upkeep\n|\n|t:|1732972612\n|switch|p1a: Luxray|Luxray, L88, M|283/283\n|turn|27\n|\n|t:|1732972616\n|move|p2a: Enamorus|Earth Power|p1a: Luxray\n|-supereffective|p1a: Luxray\n|-damage|p1a: Luxray|0 fnt\n|faint|p1a: Luxray\n|\n|upkeep\n|\n|t:|1732972619\n|switch|p1a: Tsareena|Tsareena, L87, F|267/267\n|turn|28\n|\n|t:|1732972624\n|move|p2a: Enamorus|Moonblast|p1a: Tsareena\n|-damage|p1a: Tsareena|47/267\n|-unboost|p1a: Tsareena|spa|1\n|move|p1a: Tsareena|Triple Axel|p2a: Enamorus\n|-supereffective|p2a: Enamorus\n|-damage|p2a: Enamorus|113/259\n|-hitcount|p2a: Enamorus|1\n|\n|upkeep\n|turn|29\n|\n|t:|1732972633\n|move|p2a: Enamorus|Moonblast|p1a: Tsareena\n|-damage|p1a: Tsareena|0 fnt\n|faint|p1a: Tsareena\n|\n|win|Stanley332\n", "inputlog": ">version b107d77f5c90bd6555267ae244a6264823309ead\n>start {\"formatid\":\"gen9randombattle\",\"seed\":[63140,18473,26853,54784],\"rated\":\"Rated battle\"}\n>player p1 {\"name\":\"Primigenium\",\"avatar\":\"dawn\",\"rating\":1405,\"seed\":[5966,2062,43970,17810]}\n>player p2 {\"name\":\"Stanley332\",\"avatar\":\"266\",\"rating\":1365,\"seed\":[57035,40845,15123,62550]}\n>p1 move knockoff\n>p2 switch 3\n>p1 move focusblast\n>p2 move stoneedge\n>p1 switch 2\n>p1 move hydropump\n>p2 switch 6\n>p1 move hydropump\n>p2 move extremespeed\n>p2 switch 4\n>p1 move hydropump\n>p2 move knockoff\n>p1 move hydropump\n>p2 move slackoff\n>p1 move hydropump\n>p2 move slackoff\n>chat \u2606Primigenium|Fuck u\n>p1 move hydropump\n>p2 move slackoff\n>p1 move hydropump\n>p2 move slackoff\n>p1 move alluringvoice\n>p2 move bodyslam\n>p1 move hydropump\n>p2 move bulkup\n>p1 move alluringvoice\n>p2 move bulkup\n>p1 move alluringvoice\n>p2 move slackoff\n>p1 move alluringvoice\n>p2 move slackoff\n>p1 move alluringvoice\n>p2 move slackoff\n>p1 move alluringvoice\n>p2 move slackoff\n>p1 move alluringvoice\n>p2 move bodyslam\n>p1 switch 4\n>p1 move swordsdance terastallize\n>p2 move bulkup terastallize\n>p1 move playrough\n>p2 move bodyslam\n>p1 switch 3\n>p1 move icebeam\n>p2 move bodyslam\n>p1 move icebeam\n>p2 move bodyslam\n>p1 move icebeam\n>p2 move bodyslam\n>p1 move icebeam\n>p2 move slackoff\n>p2 switch 2\n>p1 move recover\n>p2 move agility\n>p1 move icebeam\n>p2 move moonblast\n>p1 move icebeam\n>p2 move moonblast\n>p1 switch 6\n>p1 move trailblaze\n>p2 move earthpower\n>p1 switch 5\n>p1 move tripleaxel\n>p2 move moonblast\n>p1 move tripleaxel\n>p2 move moonblast", "uploadtime": 1732972409, "views": 1, "formatid": "gen9randombattle", "rating": null, "private": 0, "password": null}