{"id": "gen9randombattle-2253930833", "format": "[Gen 9] Random Battle", "players": ["Dontoutpizzathehut", "Hone Ming"], "log": "|j|\u2606Dontoutpizzathehut\n|j|\u2606Hone Ming\n|t:|1732966223\n|gametype|singles\n|player|p1|Dontoutpizzathehut|101|1449\n|player|p2|Hone Ming|red|1440\n|teamsize|p1|6\n|teamsize|p2|6\n|gen|9\n|tier|[Gen 9] Random Battle\n|rated|\n|rule|Species Clause: Limit one of each Pok\u00e9mon\n|rule|HP Percentage Mod: HP is shown in percentages\n|rule|Sleep Clause Mod: Limit one foe put to sleep\n|rule|Illusion Level Mod: Illusion disguises the Pok\u00e9mon's true level\n|\n|t:|1732966223\n|start\n|switch|p1a: Vespiquen|Vespiquen, L98, F|296/296\n|switch|p2a: Maushold|Maushold, L76|238/238\n|-ability|p1a: Vespiquen|Pressure\n|turn|1\n|inactive|Battle timer is ON: inactive players will automatically lose when time's up. (requested by Dontoutpizzathehut)\n|inactive|Hone Ming also wants the timer to be on.\n|\n|t:|1732966238\n|move|p2a: Maushold|Tidy Up|p2a: Maushold\n|-boost|p2a: Maushold|atk|1\n|-boost|p2a: Maushold|spe|1\n|move|p1a: Vespiquen|Hurricane|p2a: Maushold\n|-damage|p2a: Maushold|72/238\n|\n|upkeep\n|turn|2\n|\n|t:|1732966254\n|-terastallize|p2a: Maushold|Normal\n|-terastallize|p1a: Vespiquen|Steel\n|move|p2a: Maushold|Population Bomb|p1a: Vespiquen\n|-resisted|p1a: Vespiquen\n|-damage|p1a: Vespiquen|278/296\n|-resisted|p1a: Vespiquen\n|-damage|p1a: Vespiquen|261/296\n|-resisted|p1a: Vespiquen\n|-damage|p1a: Vespiquen|245/296\n|-resisted|p1a: Vespiquen\n|-damage|p1a: Vespiquen|227/296\n|-resisted|p1a: Vespiquen\n|-damage|p1a: Vespiquen|210/296\n|-resisted|p1a: Vespiquen\n|-damage|p1a: Vespiquen|194/296\n|-resisted|p1a: Vespiquen\n|-damage|p1a: Vespiquen|178/296\n|-resisted|p1a: Vespiquen\n|-damage|p1a: Vespiquen|162/296\n|-resisted|p1a: Vespiquen\n|-damage|p1a: Vespiquen|144/296\n|-resisted|p1a: Vespiquen\n|-damage|p1a: Vespiquen|128/296\n|-hitcount|p1a: Vespiquen|10\n|move|p1a: Vespiquen|Hurricane|p2a: Maushold\n|-damage|p2a: Maushold|0 fnt\n|faint|p2a: Maushold\n|\n|upkeep\n|inactive|Hone Ming has 120 seconds left.\n|\n|t:|1732966286\n|switch|p2a: Volcanion|Volcanion, L79|255/255\n|turn|3\n|\n|t:|1732966305\n|switch|p1a: Wugtrio|Wugtrio, L91, M|212/212\n|move|p2a: Volcanion|Flamethrower|p1a: Wugtrio\n|-resisted|p1a: Wugtrio\n|-damage|p1a: Wugtrio|156/212\n|\n|upkeep\n|turn|4\n|\n|t:|1732966319\n|switch|p2a: Dudunsparce|Dudunsparce, L83, F|343/343\n|move|p1a: Wugtrio|Stomping Tantrum|p2a: Dudunsparce\n|-damage|p2a: Dudunsparce|240/343\n|\n|-heal|p2a: Dudunsparce|261/343|[from] item: Leftovers\n|upkeep\n|turn|5\n|\n|t:|1732966334\n|move|p1a: Wugtrio|Stomping Tantrum|p2a: Dudunsparce\n|-damage|p2a: Dudunsparce|164/343\n|move|p2a: Dudunsparce|Calm Mind|p2a: Dudunsparce\n|-boost|p2a: Dudunsparce|spa|1\n|-boost|p2a: Dudunsparce|spd|1\n|\n|-heal|p2a: Dudunsparce|185/343|[from] item: Leftovers\n|upkeep\n|turn|6\n|\n|t:|1732966344\n|move|p1a: Wugtrio|Stomping Tantrum|p2a: Dudunsparce\n|-damage|p2a: Dudunsparce|88/343\n|move|p2a: Dudunsparce|Roost|p2a: Dudunsparce\n|-heal|p2a: Dudunsparce|260/343\n|-singleturn|p2a: Dudunsparce|move: Roost\n|\n|-heal|p2a: Dudunsparce|281/343|[from] item: Leftovers\n|upkeep\n|turn|7\n|inactive|Hone Ming has 120 seconds left.\n|\n|t:|1732966353\n|switch|p1a: Vespiquen|Vespiquen, L98, F, tera:Steel|128/296\n|-ability|p1a: Vespiquen|Pressure\n|move|p2a: Dudunsparce|Calm Mind|p2a: Dudunsparce\n|-boost|p2a: Dudunsparce|spa|1\n|-boost|p2a: Dudunsparce|spd|1\n|\n|-heal|p2a: Dudunsparce|302/343|[from] item: Leftovers\n|upkeep\n|turn|8\n|inactive|Hone Ming has 120 seconds left.\n|\n|t:|1732966366\n|move|p2a: Dudunsparce|Shadow Ball|p1a: Vespiquen\n|-damage|p1a: Vespiquen|43/296\n|move|p1a: Vespiquen|Toxic Spikes|p2a: Dudunsparce\n|-sidestart|p2: Hone Ming|move: Toxic Spikes\n|\n|-heal|p2a: Dudunsparce|323/343|[from] item: Leftovers\n|upkeep\n|turn|9\n|\n|t:|1732966374\n|move|p2a: Dudunsparce|Calm Mind|p2a: Dudunsparce\n|-boost|p2a: Dudunsparce|spa|1\n|-boost|p2a: Dudunsparce|spd|1\n|move|p1a: Vespiquen|Toxic Spikes|p2a: Dudunsparce\n|-sidestart|p2: Hone Ming|move: Toxic Spikes\n|\n|-heal|p2a: Dudunsparce|343/343|[from] item: Leftovers\n|upkeep\n|turn|10\n|\n|t:|1732966383\n|move|p2a: Dudunsparce|Calm Mind|p2a: Dudunsparce\n|-boost|p2a: Dudunsparce|spa|1\n|-boost|p2a: Dudunsparce|spd|1\n|move|p1a: Vespiquen|U-turn|p2a: Dudunsparce\n|-damage|p2a: Dudunsparce|240/343\n|-ability|p2a: Dudunsparce|Rattled|boost\n|-boost|p2a: Dudunsparce|spe|1\n|\n|t:|1732966399\n|switch|p1a: Comfey|Comfey, L85, F|225/225|[from] U-turn\n|\n|-heal|p2a: Dudunsparce|261/343|[from] item: Leftovers\n|upkeep\n|turn|11\n|\n|t:|1732966413\n|move|p1a: Comfey|Draining Kiss|p2a: Dudunsparce\n|-damage|p2a: Dudunsparce|240/343\n|move|p2a: Dudunsparce|Boomburst|p1a: Comfey\n|-damage|p1a: Comfey|0 fnt\n|faint|p1a: Comfey\n|\n|-heal|p2a: Dudunsparce|261/343|[from] item: Leftovers\n|upkeep\n|\n|t:|1732966423\n|switch|p1a: Wugtrio|Wugtrio, L91, M|156/212\n|turn|12\n|\n|t:|1732966427\n|move|p1a: Wugtrio|Throat Chop|p2a: Dudunsparce\n|-damage|p2a: Dudunsparce|143/343\n|-start|p2a: Dudunsparce|Throat Chop|[silent]\n|-ability|p2a: Dudunsparce|Rattled|boost\n|-boost|p2a: Dudunsparce|spe|1\n|cant|p2a: Dudunsparce|move: Throat Chop\n|\n|-heal|p2a: Dudunsparce|164/343|[from] item: Leftovers\n|upkeep\n|turn|13\n|\n|t:|1732966435\n|move|p2a: Dudunsparce|Roost|p2a: Dudunsparce\n|-heal|p2a: Dudunsparce|336/343\n|-singleturn|p2a: Dudunsparce|move: Roost\n|move|p1a: Wugtrio|Throat Chop|p2a: Dudunsparce\n|-damage|p2a: Dudunsparce|226/343\n|-ability|p2a: Dudunsparce|Rattled|boost\n|-boost|p2a: Dudunsparce|spe|1\n|\n|-heal|p2a: Dudunsparce|247/343|[from] item: Leftovers\n|-end|p2a: Dudunsparce|Throat Chop|[silent]\n|upkeep\n|turn|14\n|\n|t:|1732966446\n|move|p2a: Dudunsparce|Calm Mind|p2a: Dudunsparce\n|-boost|p2a: Dudunsparce|spa|1\n|-boost|p2a: Dudunsparce|spd|1\n|move|p1a: Wugtrio|Throat Chop|p2a: Dudunsparce\n|-crit|p2a: Dudunsparce\n|-damage|p2a: Dudunsparce|91/343\n|-start|p2a: Dudunsparce|Throat Chop|[silent]\n|-ability|p2a: Dudunsparce|Rattled|boost\n|-boost|p2a: Dudunsparce|spe|1\n|\n|-heal|p2a: Dudunsparce|112/343|[from] item: Leftovers\n|upkeep\n|turn|15\n|\n|t:|1732966456\n|move|p2a: Dudunsparce|Roost|p2a: Dudunsparce\n|-heal|p2a: Dudunsparce|284/343\n|-singleturn|p2a: Dudunsparce|move: Roost\n|move|p1a: Wugtrio|Throat Chop|p2a: Dudunsparce\n|-damage|p2a: Dudunsparce|180/343\n|-ability|p2a: Dudunsparce|Rattled|boost\n|-boost|p2a: Dudunsparce|spe|1\n|\n|-heal|p2a: Dudunsparce|201/343|[from] item: Leftovers\n|-end|p2a: Dudunsparce|Throat Chop|[silent]\n|upkeep\n|turn|16\n|\n|t:|1732966470\n|move|p2a: Dudunsparce|Shadow Ball|p1a: Wugtrio\n|-damage|p1a: Wugtrio|0 fnt\n|faint|p1a: Wugtrio\n|\n|-heal|p2a: Dudunsparce|222/343|[from] item: Leftovers\n|upkeep\n|\n|t:|1732966481\n|switch|p1a: Necrozma|Necrozma-Dusk-Mane, L69|248/248\n|turn|17\n|\n|t:|1732966486\n|move|p2a: Dudunsparce|Shadow Ball|p1a: Necrozma\n|-supereffective|p1a: Necrozma\n|-damage|p1a: Necrozma|0 fnt\n|faint|p1a: Necrozma\n|\n|-heal|p2a: Dudunsparce|243/343|[from] item: Leftovers\n|upkeep\n|\n|t:|1732966493\n|switch|p1a: Palkia|Palkia-Origin, L72|249/249\n|-ability|p1a: Palkia|Pressure\n|turn|18\n|\n|t:|1732966498\n|move|p2a: Dudunsparce|Boomburst|p1a: Palkia\n|-damage|p1a: Palkia|0 fnt\n|faint|p1a: Palkia\n|\n|-heal|p2a: Dudunsparce|264/343|[from] item: Leftovers\n|upkeep\n|\n|t:|1732966506\n|switch|p1a: Armarouge|Armarouge, L80, F|267/267\n|turn|19\n|\n|t:|1732966510\n|move|p2a: Dudunsparce|Shadow Ball|p1a: Armarouge\n|-supereffective|p1a: Armarouge\n|-damage|p1a: Armarouge|0 fnt\n|faint|p1a: Armarouge\n|\n|-heal|p2a: Dudunsparce|285/343|[from] item: Leftovers\n|upkeep\n|\n|t:|1732966515\n|switch|p1a: Vespiquen|Vespiquen, L98, F, tera:Steel|43/296\n|-ability|p1a: Vespiquen|Pressure\n|turn|20\n|\n|t:|1732966521\n|move|p2a: Dudunsparce|Shadow Ball|p1a: Vespiquen\n|-damage|p1a: Vespiquen|0 fnt\n|faint|p1a: Vespiquen\n|\n|win|Hone Ming\n|raw|Dontoutpizzathehut's rating: 1449 &rarr; <strong>1428</strong><br />(-21 for losing)\n|raw|Hone Ming's rating: 1440 &rarr; <strong>1461</strong><br />(+21 for winning)\n", "inputlog": ">version b107d77f5c90bd6555267ae244a6264823309ead\n>start {\"formatid\":\"gen9randombattle\",\"seed\":[10036,40068,59467,32488],\"rated\":\"Rated battle\"}\n>player p1 {\"name\":\"Dontoutpizzathehut\",\"avatar\":\"101\",\"rating\":1449,\"seed\":[61568,34345,58795,17823]}\n>player p2 {\"name\":\"Hone Ming\",\"avatar\":\"red\",\"rating\":1440,\"seed\":[40300,52562,45146,58106]}\n>p1 move hurricane\n>p2 move tidyup\n>p1 move hurricane terastallize\n>p2 move populationbomb terastallize\n>p2 switch 4\n>p1 switch 6\n>p2 move flamethrower\n>p1 move stompingtantrum\n>p2 switch 2\n>p1 move stompingtantrum\n>p2 move calmmind\n>p1 move stompingtantrum\n>p2 move roost\n>p1 switch 6\n>p2 move calmmind\n>p1 move toxicspikes\n>p2 move shadowball\n>p1 move toxicspikes\n>p2 move calmmind\n>p1 move uturn\n>p2 move calmmind\n>p1 switch 5\n>p1 move drainingkiss\n>p2 move boomburst\n>p1 switch 6\n>p1 move throatchop\n>p2 move boomburst\n>p1 move throatchop\n>p2 move roost\n>p1 move throatchop\n>p2 move calmmind\n>p1 move throatchop\n>p2 move roost\n>p1 move throatchop\n>p2 move shadowball\n>p1 switch 3\n>p1 move sunsteelstrike\n>p2 move shadowball\n>p1 switch 4\n>p1 move thunderwave\n>p2 move boomburst\n>p1 switch 2\n>p1 move meteorbeam\n>p2 move shadowball\n>p1 switch 5\n>p1 move roost\n>p2 move shadowball", "uploadtime": 1732966527, "views": 1, "formatid": "gen9randombattle", "rating": 1428, "private": 0, "password": null}