{"id": "gen9randombattle-2254091609", "format": "[Gen 9] Random Battle", "players": ["NickTheGun", "Sealed Book"], "log": "|j|\u2606NickTheGun\n|j|\u2606Sealed Book\n|t:|1732990213\n|gametype|singles\n|player|p1|NickTheGun|266|1492\n|player|p2|Sealed Book|lisia|1455\n|teamsize|p1|6\n|teamsize|p2|6\n|gen|9\n|tier|[Gen 9] Random Battle\n|rated|\n|rule|Species Clause: Limit one of each Pok\u00e9mon\n|rule|HP Percentage Mod: HP is shown in percentages\n|rule|Sleep Clause Mod: Limit one foe put to sleep\n|rule|Illusion Level Mod: Illusion disguises the Pok\u00e9mon's true level\n|\n|t:|1732990213\n|start\n|switch|p1a: Altaria|Altaria, L88, F|275/275\n|switch|p2a: Manaphy|Manaphy, L78|284/284\n|turn|1\n|inactive|Battle timer is ON: inactive players will automatically lose when time's up. (requested by NickTheGun)\n|c|\u2606NickTheGun|glhf\n|c|\u2606Sealed Book|u too\n|\n|t:|1732990241\n|move|p2a: Manaphy|Tail Glow|p2a: Manaphy\n|-boost|p2a: Manaphy|spa|3\n|move|p1a: Altaria|Brave Bird|p2a: Manaphy\n|-damage|p2a: Manaphy|176/284\n|-damage|p1a: Altaria|239/275|[from] Recoil\n|\n|-heal|p2a: Manaphy|193/284|[from] item: Leftovers\n|upkeep\n|turn|2\n|\n|t:|1732990253\n|switch|p1a: Registeel|Registeel, L81|262/262\n|move|p2a: Manaphy|Ice Beam|p1a: Registeel\n|-resisted|p1a: Registeel\n|-damage|p1a: Registeel|216/262\n|\n|-heal|p2a: Manaphy|210/284|[from] item: Leftovers\n|-heal|p1a: Registeel|232/262|[from] item: Leftovers\n|upkeep\n|turn|3\n|\n|t:|1732990262\n|move|p2a: Manaphy|Surf|p1a: Registeel\n|-damage|p1a: Registeel|100/262\n|move|p1a: Registeel|Thunder Wave|p2a: Manaphy\n|-status|p2a: Manaphy|par\n|\n|-heal|p1a: Registeel|116/262|[from] item: Leftovers\n|-heal|p2a: Manaphy|227/284 par|[from] item: Leftovers\n|upkeep\n|turn|4\n|\n|t:|1732990278\n|switch|p1a: Milotic|Milotic, L83, M|293/293\n|cant|p2a: Manaphy|par\n|\n|-heal|p2a: Manaphy|244/284 par|[from] item: Leftovers\n|upkeep\n|turn|5\n|\n|t:|1732990287\n|move|p1a: Milotic|Haze|p1a: Milotic\n|-clearallboost\n|cant|p2a: Manaphy|par\n|\n|-heal|p2a: Manaphy|261/284 par|[from] item: Leftovers\n|upkeep\n|turn|6\n|\n|t:|1732990306\n|switch|p1a: Registeel|Registeel, L81|116/262\n|move|p2a: Manaphy|Energy Ball|p1a: Registeel\n|-resisted|p1a: Registeel\n|-damage|p1a: Registeel|98/262\n|\n|-heal|p1a: Registeel|114/262|[from] item: Leftovers\n|-heal|p2a: Manaphy|278/284 par|[from] item: Leftovers\n|upkeep\n|turn|7\n|\n|t:|1732990317\n|move|p1a: Registeel|Iron Defense|p1a: Registeel\n|-boost|p1a: Registeel|def|2\n|move|p2a: Manaphy|Tail Glow|p2a: Manaphy\n|-boost|p2a: Manaphy|spa|3\n|\n|-heal|p1a: Registeel|130/262|[from] item: Leftovers\n|-heal|p2a: Manaphy|284/284 par|[from] item: Leftovers\n|upkeep\n|turn|8\n|\n|t:|1732990335\n|move|p1a: Registeel|Body Press|p2a: Manaphy\n|-damage|p2a: Manaphy|126/284 par\n|move|p2a: Manaphy|Surf|p1a: Registeel\n|-damage|p1a: Registeel|0 fnt\n|faint|p1a: Registeel\n|\n|-heal|p2a: Manaphy|143/284 par|[from] item: Leftovers\n|upkeep\n|inactive|NickTheGun has 120 seconds left.\n|\n|t:|1732990352\n|switch|p1a: Torkoal|Torkoal, L88, M|266/266\n|-weather|SunnyDay|[from] ability: Drought|[of] p1a: Torkoal\n|turn|9\n|\n|t:|1732990363\n|move|p2a: Manaphy|Surf|p1a: Torkoal\n|-supereffective|p1a: Torkoal\n|-damage|p1a: Torkoal|38/266\n|move|p1a: Torkoal|Solar Beam||[still]\n|-prepare|p1a: Torkoal|Solar Beam\n|-anim|p1a: Torkoal|Solar Beam|p2a: Manaphy\n|-supereffective|p2a: Manaphy\n|-damage|p2a: Manaphy|0 fnt\n|faint|p2a: Manaphy\n|\n|-weather|SunnyDay|[upkeep]\n|upkeep\n|\n|t:|1732990373\n|switch|p2a: Bombirdier|Bombirdier, L85, M|258/258\n|turn|10\n|c|\u2606NickTheGun|oh wow i didnt realize i was so slow\n|c|\u2606NickTheGun|shouldve figured out on account of it being a turtle\n|c|\u2606Sealed Book|that's what I was going to say\n|inactive|NickTheGun has 120 seconds left.\n|\n|t:|1732990396\n|move|p2a: Bombirdier|Brave Bird|p1a: Torkoal\n|-damage|p1a: Torkoal|0 fnt\n|faint|p1a: Torkoal\n|-damage|p2a: Bombirdier|245/258|[from] Recoil\n|\n|-weather|SunnyDay|[upkeep]\n|upkeep\n|inactive|NickTheGun has 120 seconds left.\n|\n|t:|1732990409\n|switch|p1a: Heatran|Heatran, L79, M|273/273\n|turn|11\n|\n|t:|1732990419\n|switch|p2a: Clawitzer|Clawitzer, L87, M|265/265\n|move|p1a: Heatran|Lava Plume|p2a: Clawitzer\n|-resisted|p2a: Clawitzer\n|-damage|p2a: Clawitzer|219/265\n|-status|p2a: Clawitzer|brn\n|\n|-weather|SunnyDay|[upkeep]\n|-damage|p2a: Clawitzer|203/265 brn|[from] brn\n|upkeep\n|turn|12\n|\n|t:|1732990431\n|switch|p1a: Altaria|Altaria, L88, F|239/275\n|move|p2a: Clawitzer|Dark Pulse|p1a: Altaria\n|-damage|p1a: Altaria|151/275\n|\n|-weather|SunnyDay|[upkeep]\n|-damage|p2a: Clawitzer|187/265 brn|[from] brn\n|upkeep\n|turn|13\n|\n|t:|1732990443\n|move|p1a: Altaria|Roost|p1a: Altaria\n|-heal|p1a: Altaria|275/275\n|-singleturn|p1a: Altaria|move: Roost\n|move|p2a: Clawitzer|Dragon Pulse|p1a: Altaria\n|-supereffective|p1a: Altaria\n|-damage|p1a: Altaria|75/275\n|\n|-weather|none\n|-damage|p2a: Clawitzer|171/265 brn|[from] brn\n|upkeep\n|turn|14\n|c|\u2606NickTheGun|oh\n|\n|t:|1732990453\n|switch|p1a: Heatran|Heatran, L79, M|273/273\n|move|p2a: Clawitzer|Dragon Pulse|p1a: Heatran\n|-resisted|p1a: Heatran\n|-damage|p1a: Heatran|236/273\n|\n|-damage|p2a: Clawitzer|155/265 brn|[from] brn\n|upkeep\n|turn|15\n|\n|t:|1732990464\n|switch|p1a: Milotic|Milotic, L83, M|293/293\n|move|p2a: Clawitzer|Water Pulse|p1a: Milotic\n|-resisted|p1a: Milotic\n|-damage|p1a: Milotic|250/293\n|\n|-heal|p1a: Milotic|268/293|[from] item: Leftovers\n|-damage|p2a: Clawitzer|139/265 brn|[from] brn\n|upkeep\n|turn|16\n|\n|t:|1732990479\n|move|p1a: Milotic|Scald|p2a: Clawitzer\n|-resisted|p2a: Clawitzer\n|-damage|p2a: Clawitzer|110/265 brn\n|move|p2a: Clawitzer|U-turn|p1a: Milotic\n|-damage|p1a: Milotic|246/293\n|\n|t:|1732990484\n|switch|p2a: Bombirdier|Bombirdier, L85, M|245/258|[from] U-turn\n|\n|-heal|p1a: Milotic|264/293|[from] item: Leftovers\n|upkeep\n|turn|17\n|\n|t:|1732990490\n|move|p2a: Bombirdier|Brave Bird|p1a: Milotic\n|-damage|p1a: Milotic|36/293\n|-damage|p2a: Bombirdier|170/258|[from] Recoil\n|move|p1a: Milotic|Scald|p2a: Bombirdier\n|-damage|p2a: Bombirdier|79/258\n|\n|-heal|p1a: Milotic|54/293|[from] item: Leftovers\n|upkeep\n|turn|18\n|c|\u2606NickTheGun|i wouldnt have minded a burn there\n|\n|t:|1732990506\n|switch|p1a: Heatran|Heatran, L79, M|236/273\n|move|p2a: Bombirdier|Brave Bird|p1a: Heatran\n|-resisted|p1a: Heatran\n|-damage|p1a: Heatran|134/273\n|-damage|p2a: Bombirdier|45/258|[from] Recoil\n|\n|upkeep\n|turn|19\n|\n|t:|1732990517\n|switch|p2a: Clawitzer|Clawitzer, L87, M|110/265 brn\n|move|p1a: Heatran|Heavy Slam|p2a: Clawitzer\n|-resisted|p2a: Clawitzer\n|-damage|p2a: Clawitzer|59/265 brn\n|\n|-damage|p2a: Clawitzer|43/265 brn|[from] brn\n|upkeep\n|turn|20\n|\n|t:|1732990532\n|move|p1a: Heatran|Heavy Slam|p2a: Clawitzer\n|-resisted|p2a: Clawitzer\n|-damage|p2a: Clawitzer|0 fnt\n|faint|p2a: Clawitzer\n|\n|upkeep\n|\n|t:|1732990541\n|switch|p2a: Bombirdier|Bombirdier, L85, M|45/258\n|turn|21\n|\n|t:|1732990549\n|switch|p1a: Altaria|Altaria, L88, F|75/275\n|move|p2a: Bombirdier|Knock Off|p1a: Altaria\n|-damage|p1a: Altaria|0 fnt\n|-enditem|p1a: Altaria|Heavy-Duty Boots|[from] move: Knock Off|[of] p2a: Bombirdier\n|faint|p1a: Altaria\n|\n|upkeep\n|\n|t:|1732990558\n|switch|p1a: Floatzel|Floatzel, L85, F|283/283\n|turn|22\n|\n|t:|1732990570\n|move|p1a: Floatzel|Ice Spinner|p2a: Bombirdier\n|-supereffective|p2a: Bombirdier\n|-damage|p2a: Bombirdier|0 fnt\n|faint|p2a: Bombirdier\n|\n|upkeep\n|c|\u2606NickTheGun|i feel like i can turn this around\n|c|\u2606Sealed Book|maybe\n|\n|t:|1732990592\n|switch|p2a: Hatterene|Hatterene, L85, F|236/236\n|turn|23\n|inactive|NickTheGun has 120 seconds left.\n|c|\u2606NickTheGun|oh ur gonna paralyze me\n|c|\u2606NickTheGun|thats me\n|\n|t:|1732990640\n|move|p1a: Floatzel|Bulk Up|p1a: Floatzel\n|-boost|p1a: Floatzel|atk|1\n|-boost|p1a: Floatzel|def|1\n|move|p2a: Hatterene|Nuzzle|p1a: Floatzel\n|-supereffective|p1a: Floatzel\n|-damage|p1a: Floatzel|253/283\n|-status|p1a: Floatzel|par\n|\n|-heal|p1a: Floatzel|270/283 par|[from] item: Leftovers\n|upkeep\n|turn|24\n|c|\u2606NickTheGun|*mean\n|\n|t:|1732990650\n|move|p1a: Floatzel|Bulk Up|p1a: Floatzel\n|-boost|p1a: Floatzel|atk|1\n|-boost|p1a: Floatzel|def|1\n|move|p2a: Hatterene|Psychic Noise|p1a: Floatzel\n|-damage|p1a: Floatzel|108/283 par\n|-start|p1a: Floatzel|move: Heal Block\n|\n|upkeep\n|turn|25\n|c|\u2606NickTheGun|oh wow lmao\n|\n|t:|1732990662\n|-terastallize|p1a: Floatzel|Dark\n|move|p1a: Floatzel|Wave Crash|p2a: Hatterene\n|-damage|p2a: Hatterene|0 fnt\n|faint|p2a: Hatterene\n|-damage|p1a: Floatzel|30/283 par|[from] Recoil\n|\n|-end|p1a: Floatzel|move: Heal Block\n|upkeep\n|c|\u2606NickTheGun|wasted tera smh\n|\n|t:|1732990670\n|switch|p2a: Venomoth|Venomoth, L84, F|255/255\n|turn|26\n|inactive|NickTheGun has 120 seconds left.\n|\n|t:|1732990678\n|move|p2a: Venomoth|Bug Buzz|p1a: Floatzel\n|-supereffective|p1a: Floatzel\n|-damage|p1a: Floatzel|0 fnt\n|faint|p1a: Floatzel\n|\n|upkeep\n|inactive|NickTheGun has 120 seconds left.\n|\n|t:|1732990683\n|switch|p1a: Heatran|Heatran, L79, M|134/273\n|turn|27\n|\n|t:|1732990688\n|switch|p1a: Milotic|Milotic, L83, M|54/293\n|move|p2a: Venomoth|Sleep Powder|p1a: Milotic|[miss]\n|-miss|p2a: Venomoth|p1a: Milotic\n|\n|-heal|p1a: Milotic|72/293|[from] item: Leftovers\n|upkeep\n|turn|28\n|c|\u2606NickTheGun|well this is awkward\n|\n|t:|1732990699\n|move|p2a: Venomoth|Sleep Powder|p1a: Milotic|[miss]\n|-miss|p2a: Venomoth|p1a: Milotic\n|move|p1a: Milotic|Recover|p1a: Milotic\n|-heal|p1a: Milotic|219/293\n|\n|-heal|p1a: Milotic|237/293|[from] item: Leftovers\n|upkeep\n|turn|29\n|c|\u2606NickTheGun|oh cool\n|\n|t:|1732990710\n|move|p2a: Venomoth|Sleep Powder|p1a: Milotic\n|-status|p1a: Milotic|slp|[from] move: Sleep Powder\n|cant|p1a: Milotic|slp\n|\n|-heal|p1a: Milotic|255/293 slp|[from] item: Leftovers\n|upkeep\n|turn|30\n|\n|t:|1732990717\n|switch|p2a: Sableye|Sableye, L90, F|236/236\n|switch|p1a: Heatran|Heatran, L79, M|134/273\n|\n|upkeep\n|turn|31\n|\n|t:|1732990730\n|move|p1a: Heatran|Lava Plume|p2a: Sableye\n|-damage|p2a: Sableye|134/236\n|-status|p2a: Sableye|brn\n|move|p2a: Sableye|Knock Off|p1a: Heatran\n|-damage|p1a: Heatran|86/273\n|-enditem|p1a: Heatran|Assault Vest|[from] move: Knock Off|[of] p2a: Sableye\n|\n|-heal|p2a: Sableye|148/236 brn|[from] item: Leftovers\n|-damage|p2a: Sableye|134/236 brn|[from] brn\n|upkeep\n|turn|32\n|\n|t:|1732990748\n|move|p1a: Heatran|Heavy Slam|p2a: Sableye\n|-damage|p2a: Sableye|31/236 brn\n|move|p2a: Sableye|Knock Off|p1a: Heatran\n|-damage|p1a: Heatran|57/273\n|\n|-heal|p2a: Sableye|45/236 brn|[from] item: Leftovers\n|-damage|p2a: Sableye|31/236 brn|[from] brn\n|upkeep\n|turn|33\n|\n|t:|1732990762\n|move|p2a: Sableye|Recover|p2a: Sableye\n|-heal|p2a: Sableye|149/236 brn\n|move|p1a: Heatran|Lava Plume|p2a: Sableye\n|-damage|p2a: Sableye|32/236 brn\n|\n|-heal|p2a: Sableye|46/236 brn|[from] item: Leftovers\n|-damage|p2a: Sableye|32/236 brn|[from] brn\n|upkeep\n|turn|34\n|\n|t:|1732990770\n|move|p2a: Sableye|Recover|p2a: Sableye\n|-heal|p2a: Sableye|150/236 brn\n|move|p1a: Heatran|Lava Plume|p2a: Sableye\n|-damage|p2a: Sableye|42/236 brn\n|\n|-heal|p2a: Sableye|56/236 brn|[from] item: Leftovers\n|-damage|p2a: Sableye|42/236 brn|[from] brn\n|upkeep\n|turn|35\n|\n|t:|1732990779\n|move|p2a: Sableye|Recover|p2a: Sableye\n|-heal|p2a: Sableye|160/236 brn\n|move|p1a: Heatran|Lava Plume|p2a: Sableye\n|-damage|p2a: Sableye|51/236 brn\n|\n|-heal|p2a: Sableye|65/236 brn|[from] item: Leftovers\n|-damage|p2a: Sableye|51/236 brn|[from] brn\n|upkeep\n|turn|36\n|\n|t:|1732990786\n|move|p2a: Sableye|Recover|p2a: Sableye\n|-heal|p2a: Sableye|169/236 brn\n|move|p1a: Heatran|Lava Plume|p2a: Sableye\n|-damage|p2a: Sableye|58/236 brn\n|\n|-heal|p2a: Sableye|72/236 brn|[from] item: Leftovers\n|-damage|p2a: Sableye|58/236 brn|[from] brn\n|upkeep\n|turn|37\n|\n|t:|1732990797\n|move|p2a: Sableye|Recover|p2a: Sableye\n|-heal|p2a: Sableye|176/236 brn\n|move|p1a: Heatran|Lava Plume|p2a: Sableye\n|-damage|p2a: Sableye|65/236 brn\n|\n|-heal|p2a: Sableye|79/236 brn|[from] item: Leftovers\n|-damage|p2a: Sableye|65/236 brn|[from] brn\n|upkeep\n|turn|38\n|\n|t:|1732990805\n|move|p1a: Heatran|Lava Plume|p2a: Sableye\n|-damage|p2a: Sableye|0 fnt\n|faint|p2a: Sableye\n|\n|upkeep\n|\n|t:|1732990809\n|switch|p2a: Venomoth|Venomoth, L84, F|255/255\n|turn|39\n|\n|t:|1732990812\n|move|p2a: Venomoth|Quiver Dance|p2a: Venomoth\n|-boost|p2a: Venomoth|spa|1\n|-boost|p2a: Venomoth|spd|1\n|-boost|p2a: Venomoth|spe|1\n|move|p1a: Heatran|Lava Plume|p2a: Venomoth\n|-supereffective|p2a: Venomoth\n|-damage|p2a: Venomoth|105/255\n|\n|upkeep\n|turn|40\n|\n|t:|1732990819\n|move|p2a: Venomoth|Bug Buzz|p1a: Heatran\n|-resisted|p1a: Heatran\n|-damage|p1a: Heatran|0 fnt\n|faint|p1a: Heatran\n|\n|upkeep\n|\n|t:|1732990824\n|switch|p1a: Milotic|Milotic, L83, M|255/293 slp\n|turn|41\n|\n|t:|1732990830\n|move|p2a: Venomoth|Bug Buzz|p1a: Milotic\n|-damage|p1a: Milotic|158/293 slp\n|-curestatus|p1a: Milotic|slp|[msg]\n|move|p1a: Milotic|Haze|p1a: Milotic\n|-clearallboost\n|\n|-heal|p1a: Milotic|176/293|[from] item: Leftovers\n|upkeep\n|turn|42\n|c|\u2606NickTheGun|lets see\n|c|\u2606NickTheGun|yay\n|\n|t:|1732990846\n|move|p2a: Venomoth|Sleep Powder|p1a: Milotic|[miss]\n|-miss|p2a: Venomoth|p1a: Milotic\n|move|p1a: Milotic|Scald|p2a: Venomoth\n|-damage|p2a: Venomoth|6/255\n|\n|-heal|p1a: Milotic|194/293|[from] item: Leftovers\n|upkeep\n|turn|43\n|c|\u2606NickTheGun|wow\n|c|\u2606NickTheGun|thats unlucky\n|c|\u2606Sealed Book|I mean\n|\n|t:|1732990857\n|move|p2a: Venomoth|Sleep Powder|p1a: Milotic\n|-status|p1a: Milotic|slp|[from] move: Sleep Powder\n|cant|p1a: Milotic|slp\n|\n|-heal|p1a: Milotic|212/293 slp|[from] item: Leftovers\n|upkeep\n|turn|44\n|c|\u2606Sealed Book|the entire battle was on your side rng wise\n|\n|t:|1732990871\n|move|p2a: Venomoth|Bug Buzz|p1a: Milotic\n|-damage|p1a: Milotic|136/293 slp\n|-curestatus|p1a: Milotic|slp|[msg]\n|move|p1a: Milotic|Scald|p2a: Venomoth\n|-damage|p2a: Venomoth|0 fnt\n|faint|p2a: Venomoth\n|\n|win|NickTheGun\n|raw|NickTheGun's rating: 1492 &rarr; <strong>1510</strong><br />(+18 for winning)\n|raw|Sealed Book's rating: 1455 &rarr; <strong>1437</strong><br />(-18 for losing)\n|c|\u2606NickTheGun|ur not wrong\n|c|\u2606NickTheGun|gg wp\n|c|\u2606Sealed Book|24 wins - 5 loses\n|l|\u2606Sealed Book\n|player|p2|\n|c|\u2606NickTheGun|is that like today?\n|l|\u2606NickTheGun\n|player|p1|\n|j|\u2606Sealed Book\n|player|p2|Sealed Book|lisia|\n|l|\u2606Sealed Book\n|player|p2|\n|j|\u2606Sealed Book\n|player|p2|Sealed Book|lisia|\n|c|\u2606Sealed Book|23 wins - 5 loses, my bad\n|c|\u2606Sealed Book|fixed it\n", "inputlog": ">version b107d77f5c90bd6555267ae244a6264823309ead\n>start {\"formatid\":\"gen9randombattle\",\"seed\":[38664,3342,39970,45384],\"rated\":\"Rated battle\"}\n>player p1 {\"name\":\"NickTheGun\",\"avatar\":\"266\",\"rating\":1492,\"seed\":[8494,10981,49581,45295]}\n>player p2 {\"name\":\"Sealed Book\",\"avatar\":\"lisia\",\"rating\":1455,\"seed\":[21390,3324,8119,26915]}\n>chat \u2606NickTheGun|glhf\n>chat \u2606Sealed Book|u too\n>p1 move bravebird\n>p2 move tailglow\n>p1 switch 3\n>p2 move icebeam\n>p1 move thunderwave\n>p2 move surf\n>p1 switch 6\n>p2 move surf\n>p1 move haze\n>p2 move energyball\n>p1 switch 6\n>p2 move energyball\n>p1 move irondefense\n>p2 move tailglow\n>p1 move bodypress\n>p2 move surf\n>p1 switch 2\n>p1 move solarbeam\n>p2 move surf\n>p2 switch 5\n>chat \u2606NickTheGun|oh wow i didnt realize i was so slow\n>chat \u2606NickTheGun|shouldve figured out on account of it being a turtle\n>chat \u2606Sealed Book|that's what I was going to say\n>p1 move lavaplume\n>p2 move bravebird\n>p1 switch 5\n>p1 move lavaplume\n>p2 switch 4\n>p1 switch 3\n>p2 move darkpulse\n>p1 move roost\n>p2 move dragonpulse\n>chat \u2606NickTheGun|oh\n>p1 switch 3\n>p2 move dragonpulse\n>p1 switch 6\n>p2 move waterpulse\n>p1 move scald\n>p2 move uturn\n>p2 switch 4\n>p1 move scald\n>p2 move bravebird\n>chat \u2606NickTheGun|i wouldnt have minded a burn there\n>p1 switch 6\n>p2 move bravebird\n>p1 move heavyslam\n>p2 switch 4\n>p1 move heavyslam\n>p2 move darkpulse\n>p2 switch 4\n>p1 switch 3\n>p2 move knockoff\n>p1 switch 4\n>p1 move icespinner\n>p2 move knockoff\n>chat \u2606NickTheGun|i feel like i can turn this around\n>chat \u2606Sealed Book|maybe\n>p2 switch 3\n>chat \u2606NickTheGun|oh ur gonna paralyze me\n>chat \u2606NickTheGun|thats me\n>p1 move bulkup\n>p2 move nuzzle\n>chat \u2606NickTheGun|*mean\n>p1 move bulkup\n>p2 move psychicnoise\n>chat \u2606NickTheGun|oh wow lmao\n>p1 move wavecrash terastallize\n>p2 move psychicnoise\n>chat \u2606NickTheGun|wasted tera smh\n>p2 switch 2\n>p1 move wavecrash\n>p2 move bugbuzz\n>p1 switch 3\n>p1 switch 6\n>p2 move sleeppowder\n>chat \u2606NickTheGun|well this is awkward\n>p1 move recover\n>p2 move sleeppowder\n>chat \u2606NickTheGun|oh cool\n>p1 move scald\n>p2 move sleeppowder\n>p1 switch 6\n>p2 switch 6\n>p1 move lavaplume\n>p2 move knockoff\n>p1 move heavyslam\n>p2 move knockoff\n>p1 move lavaplume\n>p2 move recover\n>p1 move lavaplume\n>p2 move recover\n>p1 move lavaplume\n>p2 move recover\n>p1 move lavaplume\n>p2 move recover\n>p1 move lavaplume\n>p2 move recover\n>p1 move lavaplume\n>p2 move knockoff\n>p2 switch 6\n>p1 move lavaplume\n>p2 move quiverdance\n>p1 move heavyslam\n>p2 move bugbuzz\n>p1 switch 6\n>p1 move haze\n>p2 move bugbuzz\n>chat \u2606NickTheGun|lets see\n>chat \u2606NickTheGun|yay\n>p1 move scald\n>p2 move sleeppowder\n>chat \u2606NickTheGun|wow\n>chat \u2606NickTheGun|thats unlucky\n>chat \u2606Sealed Book|I mean\n>p1 move scald\n>p2 move sleeppowder\n>chat \u2606Sealed Book|the entire battle was on your side rng wise\n>p1 move scald\n>p2 move bugbuzz", "uploadtime": 1732990881, "views": 1, "formatid": "gen9randombattle", "rating": 1437, "private": 0, "password": null}