{"id": "gen9randombattle-2253969433", "format": "[Gen 9] Random Battle", "players": ["Shjsjwjsjnxnddn", "Fhddjdj"], "log": "|j|\u2606Shjsjwjsjnxnddn\n|j|\u203dFhddjdj\n|t:|1732973320\n|gametype|singles\n|player|p1|Shjsjwjsjnxnddn|adaman|1040\n|player|p2|Fhddjdj|101|1000\n|teamsize|p1|6\n|teamsize|p2|6\n|gen|9\n|tier|[Gen 9] Random Battle\n|rated|\n|rule|Species Clause: Limit one of each Pok\u00e9mon\n|rule|HP Percentage Mod: HP is shown in percentages\n|rule|Sleep Clause Mod: Limit one foe put to sleep\n|rule|Illusion Level Mod: Illusion disguises the Pok\u00e9mon's true level\n|\n|t:|1732973320\n|start\n|switch|p1a: Great Tusk|Great Tusk, L77|304/304\n|switch|p2a: Azelf|Azelf, L82|257/257\n|turn|1\n|inactive|Battle timer is ON: inactive players will automatically lose when time's up. (requested by Shjsjwjsjnxnddn)\n|\n|t:|1732973334\n|-end|p1a: Great Tusk|Protosynthesis|[silent]\n|switch|p1a: Tyranitar|Tyranitar, L79, F|288/288\n|-weather|Sandstorm|[from] ability: Sand Stream|[of] p1a: Tyranitar\n|move|p2a: Azelf|Psychic|p1a: Tyranitar\n|-immune|p1a: Tyranitar\n|\n|-weather|Sandstorm|[upkeep]\n|-damage|p2a: Azelf|241/257|[from] Sandstorm\n|upkeep\n|turn|2\n|\n|t:|1732973354\n|switch|p2a: Regirock|Regirock, L83|268/268\n|move|p1a: Tyranitar|Dragon Dance|p1a: Tyranitar\n|-boost|p1a: Tyranitar|atk|1\n|-boost|p1a: Tyranitar|spe|1\n|\n|-weather|Sandstorm|[upkeep]\n|upkeep\n|turn|3\n|\n|t:|1732973365\n|move|p1a: Tyranitar|Knock Off|p2a: Regirock\n|-damage|p2a: Regirock|183/268\n|-enditem|p2a: Regirock|Chesto Berry|[from] move: Knock Off|[of] p1a: Tyranitar\n|move|p2a: Regirock|Body Press|p1a: Tyranitar\n|-supereffective|p1a: Tyranitar\n|-damage|p1a: Tyranitar|0 fnt\n|faint|p1a: Tyranitar\n|\n|-weather|Sandstorm|[upkeep]\n|upkeep\n|\n|t:|1732973375\n|switch|p1a: Falinks|Falinks, L84|246/246\n|turn|4\n|\n|t:|1732973385\n|-terastallize|p2a: Regirock|Fighting\n|move|p1a: Falinks|No Retreat|p1a: Falinks\n|-boost|p1a: Falinks|atk|1\n|-boost|p1a: Falinks|def|1\n|-boost|p1a: Falinks|spa|1\n|-boost|p1a: Falinks|spd|1\n|-boost|p1a: Falinks|spe|1\n|-start|p1a: Falinks|move: No Retreat\n|move|p2a: Regirock|Curse|p2a: Regirock\n|-unboost|p2a: Regirock|spe|1\n|-boost|p2a: Regirock|atk|1\n|-boost|p2a: Regirock|def|1\n|\n|-weather|Sandstorm|[upkeep]\n|-damage|p1a: Falinks|231/246|[from] Sandstorm\n|-damage|p2a: Regirock|167/268|[from] Sandstorm\n|upkeep\n|turn|5\n|\n|t:|1732973400\n|move|p1a: Falinks|Close Combat|p2a: Regirock\n|-crit|p2a: Regirock\n|-damage|p2a: Regirock|0 fnt\n|-unboost|p1a: Falinks|def|1\n|-unboost|p1a: Falinks|spd|1\n|faint|p2a: Regirock\n|-damage|p1a: Falinks|207/246|[from] item: Life Orb\n|\n|-weather|none\n|upkeep\n|-message|Fhddjdj forfeited.\n|\n|win|Shjsjwjsjnxnddn\n|raw|Shjsjwjsjnxnddn's rating: 1072 &rarr; <strong>1095</strong><br />(+23 for winning)\n|raw|Fhddjdj's rating: 1000 &rarr; <strong>1000</strong><br />(+0 for losing)\n|l|\u203dFhddjdj\n|player|p2|\n", "inputlog": ">version b107d77f5c90bd6555267ae244a6264823309ead\n>start {\"formatid\":\"gen9randombattle\",\"seed\":[15396,13834,65004,23454],\"rated\":\"Rated battle\"}\n>player p1 {\"name\":\"Shjsjwjsjnxnddn\",\"avatar\":\"adaman\",\"rating\":1040,\"seed\":[57187,14152,58045,47088]}\n>player p2 {\"name\":\"Fhddjdj\",\"avatar\":\"101\",\"rating\":1000,\"seed\":[60743,57117,22141,13062]}\n>p1 switch 4\n>p2 move psychic\n>p1 move dragondance\n>p2 switch 4\n>p1 move knockoff\n>p2 move bodypress\n>p1 switch 2\n>p1 move noretreat\n>p2 move curse terastallize\n>p1 move closecombat\n>p2 move bodypress\n>forcelose p2", "uploadtime": 1732973407, "views": 1, "formatid": "gen9randombattle", "rating": 1000, "private": 0, "password": null}