{"id": "gen9randombattle-2253884466", "format": "[Gen 9] Random Battle", "players": ["gurr20", "Rafael henrilly"], "log": "|j|\u2606gurr20\n|j|\u2606Rafael henrilly\n|t:|1732956049\n|gametype|singles\n|player|p1|gurr20|elesa|1149\n|player|p2|Rafael henrilly|gambler|1124\n|teamsize|p1|6\n|teamsize|p2|6\n|gen|9\n|tier|[Gen 9] Random Battle\n|rated|\n|rule|Species Clause: Limit one of each Pok\u00e9mon\n|rule|HP Percentage Mod: HP is shown in percentages\n|rule|Sleep Clause Mod: Limit one foe put to sleep\n|rule|Illusion Level Mod: Illusion disguises the Pok\u00e9mon's true level\n|\n|t:|1732956049\n|start\n|switch|p1a: Zarude|Zarude-Dada, L78|292/292\n|switch|p2a: Mienshao|Mienshao, L83, F|243/243\n|turn|1\n|\n|t:|1732956065\n|move|p1a: Zarude|U-turn|p2a: Mienshao\n|-resisted|p2a: Mienshao\n|-damage|p2a: Mienshao|206/243\n|\n|t:|1732956072\n|switch|p1a: Tornadus|Tornadus-Therian, L79, M|254/254|[from] U-turn\n|move|p2a: Mienshao|High Jump Kick|p1a: Tornadus\n|-resisted|p1a: Tornadus\n|-damage|p1a: Tornadus|79/254\n|\n|upkeep\n|turn|2\n|\n|t:|1732956085\n|move|p1a: Tornadus|Bleakwind Storm|p2a: Mienshao\n|-supereffective|p2a: Mienshao\n|-damage|p2a: Mienshao|0 fnt\n|faint|p2a: Mienshao\n|\n|upkeep\n|inactive|Battle timer is ON: inactive players will automatically lose when time's up. (requested by gurr20)\n|\n|t:|1732956112\n|switch|p2a: Tatsugiri|Tatsugiri-Stretchy, L87, M|260/260\n|turn|3\n|\n|t:|1732956134\n|move|p1a: Tornadus|Knock Off|p2a: Tatsugiri\n|-damage|p2a: Tatsugiri|182/260\n|-enditem|p2a: Tatsugiri|Heavy-Duty Boots|[from] move: Knock Off|[of] p1a: Tornadus\n|move|p2a: Tatsugiri|Rapid Spin|p1a: Tornadus\n|-damage|p1a: Tornadus|52/254\n|-boost|p2a: Tatsugiri|spe|1\n|\n|upkeep\n|turn|4\n|\n|t:|1732956145\n|move|p2a: Tatsugiri|Rapid Spin|p1a: Tornadus\n|-damage|p1a: Tornadus|25/254\n|-boost|p2a: Tatsugiri|spe|1\n|move|p1a: Tornadus|Bleakwind Storm|p2a: Tatsugiri|[miss]\n|-miss|p1a: Tornadus|p2a: Tatsugiri\n|\n|upkeep\n|turn|5\n|inactive|gurr20 has 120 seconds left.\n|\n|t:|1732956166\n|move|p2a: Tatsugiri|Surf|p1a: Tornadus\n|-damage|p1a: Tornadus|0 fnt\n|faint|p1a: Tornadus\n|\n|upkeep\n|inactive|gurr20 has 120 seconds left.\n|\n|t:|1732956191\n|switch|p1a: Zarude|Zarude-Dada, L78|292/292\n|turn|6\n|\n|t:|1732956203\n|move|p2a: Tatsugiri|Draco Meteor|p1a: Zarude\n|-damage|p1a: Zarude|108/292\n|-unboost|p2a: Tatsugiri|spa|2\n|move|p1a: Zarude|Power Whip|p2a: Tatsugiri\n|-damage|p2a: Tatsugiri|5/260\n|\n|upkeep\n|turn|7\n|\n|t:|1732956216\n|move|p2a: Tatsugiri|Draco Meteor|p1a: Zarude|[miss]\n|-miss|p2a: Tatsugiri|p1a: Zarude\n|move|p1a: Zarude|Power Whip|p2a: Tatsugiri\n|-damage|p2a: Tatsugiri|0 fnt\n|faint|p2a: Tatsugiri\n|\n|upkeep\n|\n|t:|1732956222\n|switch|p2a: Gumshoos|Gumshoos, L95, F|321/321\n|turn|8\n|inactive|gurr20 has 120 seconds left.\n|\n|t:|1732956244\n|switch|p1a: Arcanine|Arcanine, L84, F|288/288\n|-ability|p1a: Arcanine|Intimidate|boost\n|-unboost|p2a: Gumshoos|atk|1\n|move|p2a: Gumshoos|U-turn|p1a: Arcanine\n|-resisted|p1a: Arcanine\n|-damage|p1a: Arcanine|253/288\n|\n|t:|1732956250\n|switch|p2a: Ribombee|Ribombee, L82, M|233/233|[from] U-turn\n|\n|upkeep\n|turn|9\n|inactive|gurr20 has 120 seconds left.\n|\n|t:|1732956265\n|move|p2a: Ribombee|Sticky Web|p1a: Arcanine\n|-sidestart|p1: gurr20|move: Sticky Web\n|move|p1a: Arcanine|Flare Blitz|p2a: Ribombee\n|-supereffective|p2a: Ribombee\n|-damage|p2a: Ribombee|0 fnt\n|faint|p2a: Ribombee\n|-damage|p1a: Arcanine|176/288|[from] Recoil\n|\n|upkeep\n|\n|t:|1732956275\n|switch|p2a: Houndoom|Houndoom, L87, M|272/272\n|turn|10\n|\n|t:|1732956282\n|move|p2a: Houndoom|Nasty Plot|p2a: Houndoom\n|-boost|p2a: Houndoom|spa|2\n|move|p1a: Arcanine|Roar|p2a: Houndoom\n|drag|p2a: Gumshoos|Gumshoos, L95, F|321/321\n|\n|upkeep\n|turn|11\n|\n|t:|1732956290\n|move|p1a: Arcanine|Morning Sun|p1a: Arcanine\n|-heal|p1a: Arcanine|288/288\n|move|p2a: Gumshoos|Earthquake|p1a: Arcanine\n|-supereffective|p1a: Arcanine\n|-damage|p1a: Arcanine|0 fnt\n|faint|p1a: Arcanine\n|\n|upkeep\n|\n|t:|1732956303\n|switch|p1a: Delphox|Delphox, L84, M|263/263\n|turn|12\n|\n|t:|1732956309\n|move|p1a: Delphox|Nasty Plot|p1a: Delphox\n|-boost|p1a: Delphox|spa|2\n|move|p2a: Gumshoos|Earthquake|p1a: Delphox\n|-supereffective|p1a: Delphox\n|-damage|p1a: Delphox|0 fnt\n|faint|p1a: Delphox\n|\n|upkeep\n|\n|t:|1732956318\n|switch|p1a: Great Tusk|Great Tusk, L77|304/304\n|-activate|p1a: Great Tusk|move: Sticky Web\n|-unboost|p1a: Great Tusk|spe|1\n|-enditem|p1a: Great Tusk|Booster Energy\n|-activate|p1a: Great Tusk|ability: Protosynthesis|[fromitem]\n|-start|p1a: Great Tusk|protosynthesisatk\n|turn|13\n|\n|t:|1732956333\n|switch|p2a: Shiftry|Shiftry, L89, M|305/305\n|move|p1a: Great Tusk|Bulk Up|p1a: Great Tusk\n|-boost|p1a: Great Tusk|atk|1\n|-boost|p1a: Great Tusk|def|1\n|\n|upkeep\n|turn|14\n|\n|t:|1732956349\n|-terastallize|p2a: Shiftry|Poison\n|-terastallize|p1a: Great Tusk|Steel\n|move|p2a: Shiftry|Leaf Blade|p1a: Great Tusk\n|-resisted|p1a: Great Tusk\n|-damage|p1a: Great Tusk|266/304\n|-damage|p2a: Shiftry|275/305|[from] item: Life Orb\n|move|p1a: Great Tusk|Close Combat|p2a: Shiftry\n|-resisted|p2a: Shiftry\n|-damage|p2a: Shiftry|103/305\n|-unboost|p1a: Great Tusk|def|1\n|-unboost|p1a: Great Tusk|spd|1\n|\n|upkeep\n|turn|15\n|\n|t:|1732956366\n|move|p2a: Shiftry|Sucker Punch|p1a: Great Tusk\n|-damage|p1a: Great Tusk|180/304\n|-damage|p2a: Shiftry|73/305|[from] item: Life Orb\n|move|p1a: Great Tusk|Earthquake|p2a: Shiftry\n|-supereffective|p2a: Shiftry\n|-damage|p2a: Shiftry|0 fnt\n|faint|p2a: Shiftry\n|\n|upkeep\n|\n|t:|1732956375\n|switch|p2a: Gumshoos|Gumshoos, L95, F|321/321\n|turn|16\n|\n|t:|1732956391\n|move|p2a: Gumshoos|Double-Edge|p1a: Great Tusk\n|-resisted|p1a: Great Tusk\n|-damage|p1a: Great Tusk|39/304\n|-damage|p2a: Gumshoos|274/321|[from] Recoil\n|move|p1a: Great Tusk|Close Combat|p2a: Gumshoos\n|-supereffective|p2a: Gumshoos\n|-damage|p2a: Gumshoos|0 fnt\n|-unboost|p1a: Great Tusk|def|1\n|-unboost|p1a: Great Tusk|spd|1\n|faint|p2a: Gumshoos\n|\n|upkeep\n|\n|t:|1732956397\n|switch|p2a: Houndoom|Houndoom, L87, M|272/272\n|turn|17\n|\n|t:|1732956407\n|move|p2a: Houndoom|Fire Blast|p1a: Great Tusk\n|-supereffective|p1a: Great Tusk\n|-damage|p1a: Great Tusk|0 fnt\n|faint|p1a: Great Tusk\n|-end|p1a: Great Tusk|Protosynthesis|[silent]\n|\n|upkeep\n|\n|t:|1732956416\n|switch|p1a: Skuntank|Skuntank, L84, F|310/310\n|-activate|p1a: Skuntank|move: Sticky Web\n|-unboost|p1a: Skuntank|spe|1\n|turn|18\n|\n|t:|1732956425\n|move|p2a: Houndoom|Nasty Plot|p2a: Houndoom\n|-boost|p2a: Houndoom|spa|2\n|move|p1a: Skuntank|Knock Off|p2a: Houndoom\n|-resisted|p2a: Houndoom\n|-crit|p2a: Houndoom\n|-damage|p2a: Houndoom|130/272\n|-enditem|p2a: Houndoom|Heavy-Duty Boots|[from] move: Knock Off|[of] p1a: Skuntank\n|-damage|p1a: Skuntank|279/310|[from] item: Life Orb\n|\n|upkeep\n|turn|19\n|\n|t:|1732956435\n|move|p2a: Houndoom|Fire Blast|p1a: Skuntank\n|-damage|p1a: Skuntank|0 fnt\n|faint|p1a: Skuntank\n|\n|upkeep\n|\n|t:|1732956446\n|switch|p1a: Zarude|Zarude-Dada, L78|108/292\n|-activate|p1a: Zarude|move: Sticky Web\n|-unboost|p1a: Zarude|spe|1\n|turn|20\n|\n|t:|1732956456\n|move|p2a: Houndoom|Sludge Bomb|p1a: Zarude\n|-supereffective|p1a: Zarude\n|-damage|p1a: Zarude|0 fnt\n|faint|p1a: Zarude\n|\n|win|Rafael henrilly\n|raw|gurr20's rating: 1149 &rarr; <strong>1122</strong><br />(-27 for losing)\n|raw|Rafael henrilly's rating: 1124 &rarr; <strong>1151</strong><br />(+27 for winning)\n|l|\u2606gurr20\n|player|p1|\n", "inputlog": ">version b107d77f5c90bd6555267ae244a6264823309ead\n>start {\"formatid\":\"gen9randombattle\",\"seed\":[37616,34803,222,35411],\"rated\":\"Rated battle\"}\n>player p1 {\"name\":\"gurr20\",\"avatar\":\"elesa\",\"rating\":1149,\"seed\":[47140,15821,62826,12902]}\n>player p2 {\"name\":\"Rafael henrilly\",\"avatar\":\"gambler\",\"rating\":1124,\"seed\":[32677,32089,19640,26552]}\n>p1 move uturn\n>p2 move highjumpkick\n>p1 switch 5\n>p1 move bleakwindstorm\n>p2 move highjumpkick\n>p2 switch 2\n>p1 move knockoff\n>p2 move rapidspin\n>p1 move bleakwindstorm\n>p2 move rapidspin\n>p1 move bleakwindstorm\n>p2 move surf\n>p1 switch 5\n>p1 move powerwhip\n>p2 move dracometeor\n>p1 move powerwhip\n>p2 move dracometeor\n>p2 switch 4\n>p1 switch 3\n>p2 move uturn\n>p2 switch 6\n>p1 move flareblitz\n>p2 move stickyweb\n>p2 switch 5\n>p1 move roar\n>p2 move nastyplot\n>p1 move morningsun\n>p2 move earthquake\n>p1 switch 6\n>p1 move nastyplot\n>p2 move earthquake\n>p1 switch 4\n>p1 move bulkup\n>p2 switch 3\n>p1 move closecombat terastallize\n>p2 move leafblade terastallize\n>p1 move earthquake\n>p2 move suckerpunch\n>p2 switch 3\n>p1 move closecombat\n>p2 move doubleedge\n>p2 switch 6\n>p1 move earthquake\n>p2 move fireblast\n>p1 switch 2\n>p1 move knockoff\n>p2 move nastyplot\n>p1 move taunt\n>p2 move fireblast\n>p1 switch 3\n>p1 move closecombat\n>p2 move sludgebomb", "uploadtime": 1732956466, "views": 10, "formatid": "gen9randombattle", "rating": 1122, "private": 0, "password": null}