{"id": "gen9randombattle-2254030757", "format": "[Gen 9] Random Battle", "players": ["Inazuma-Fulgur", "novanitefr"], "log": "|j|\u2606Inazuma-Fulgur\n|j|\u2606novanitefr\n|t:|1732982390\n|gametype|singles\n|player|p1|Inazuma-Fulgur|marley|2041\n|player|p2|novanitefr|colress|2017\n|teamsize|p1|6\n|teamsize|p2|6\n|gen|9\n|tier|[Gen 9] Random Battle\n|rated|\n|rule|Species Clause: Limit one of each Pok\u00e9mon\n|rule|HP Percentage Mod: HP is shown in percentages\n|rule|Sleep Clause Mod: Limit one foe put to sleep\n|rule|Illusion Level Mod: Illusion disguises the Pok\u00e9mon's true level\n|\n|t:|1732982390\n|start\n|switch|p1a: Meowstic|Meowstic-F, L89, F|277/277\n|switch|p2a: Volbeat|Volbeat, L90, M|263/263\n|turn|1\n|inactive|Battle timer is ON: inactive players will automatically lose when time's up. (requested by novanitefr)\n|inactive|Inazuma-Fulgur also wants the timer to be on.\n|\n|t:|1732982410\n|switch|p1a: Scrafty|Scrafty, L84, F|246/246\n|-ability|p1a: Scrafty|Intimidate|boost\n|-unboost|p2a: Volbeat|atk|1\n|move|p2a: Volbeat|U-turn|p1a: Scrafty\n|-damage|p1a: Scrafty|210/246\n|\n|t:|1732982421\n|switch|p2a: Staraptor|Staraptor, L79, M|263/263|[from] U-turn\n|\n|upkeep\n|turn|2\n|\n|t:|1732982425\n|switch|p1a: Skarmory|Skarmory, L80, M|235/235\n|move|p2a: Staraptor|Brave Bird|p1a: Skarmory\n|-resisted|p1a: Skarmory\n|-damage|p1a: Skarmory|143/235\n|-damage|p2a: Staraptor|233/263|[from] Recoil\n|\n|-heal|p1a: Skarmory|157/235|[from] item: Leftovers\n|upkeep\n|turn|3\n|\n|t:|1732982437\n|switch|p2a: Lunala|Lunala, L70|308/308\n|move|p1a: Skarmory|Stealth Rock|p2a: Lunala\n|-sidestart|p2: novanitefr|move: Stealth Rock\n|\n|-heal|p1a: Skarmory|171/235|[from] item: Leftovers\n|upkeep\n|turn|4\n|\n|t:|1732982447\n|move|p2a: Lunala|Moongeist Beam|p1a: Skarmory\n|-damage|p1a: Skarmory|38/235\n|move|p1a: Skarmory|Whirlwind|p2a: Lunala\n|drag|p2a: Staraptor|Staraptor, L79, M|233/263\n|-damage|p2a: Staraptor|168/263|[from] Stealth Rock\n|\n|-heal|p1a: Skarmory|52/235|[from] item: Leftovers\n|upkeep\n|turn|5\n|\n|t:|1732982456\n|move|p2a: Staraptor|Brave Bird|p1a: Skarmory\n|-resisted|p1a: Skarmory\n|-crit|p1a: Skarmory\n|-damage|p1a: Skarmory|0 fnt\n|faint|p1a: Skarmory\n|-damage|p2a: Staraptor|151/263|[from] Recoil\n|\n|upkeep\n|\n|t:|1732982467\n|switch|p1a: Armarouge|Armarouge, L80, M|267/267\n|turn|6\n|\n|t:|1732982476\n|move|p2a: Staraptor|Brave Bird|p1a: Armarouge\n|-damage|p1a: Armarouge|47/267\n|-ability|p1a: Armarouge|Weak Armor|boost\n|-unboost|p1a: Armarouge|def|1\n|-boost|p1a: Armarouge|spe|2\n|-damage|p2a: Staraptor|78/263|[from] Recoil\n|move|p1a: Armarouge|Meteor Beam||[still]\n|-prepare|p1a: Armarouge|Meteor Beam\n|-boost|p1a: Armarouge|spa|1\n|-enditem|p1a: Armarouge|Power Herb\n|-anim|p1a: Armarouge|Meteor Beam|p2a: Staraptor\n|-supereffective|p2a: Staraptor\n|-crit|p2a: Staraptor\n|-damage|p2a: Staraptor|0 fnt\n|faint|p2a: Staraptor\n|\n|upkeep\n|\n|t:|1732982483\n|switch|p2a: Volbeat|Volbeat, L90, M|263/263\n|turn|7\n|\n|t:|1732982485\n|move|p2a: Volbeat|Encore|p1a: Armarouge\n|-start|p1a: Armarouge|Encore\n|move|p1a: Armarouge|Meteor Beam||[still]\n|-prepare|p1a: Armarouge|Meteor Beam\n|-boost|p1a: Armarouge|spa|1\n|\n|upkeep\n|turn|8\n|\n|t:|1732982489\n|move|p1a: Armarouge|Meteor Beam|p2a: Volbeat|[from]lockedmove\n|-supereffective|p2a: Volbeat\n|-damage|p2a: Volbeat|0 fnt\n|faint|p2a: Volbeat\n|\n|upkeep\n|\n|t:|1732982507\n|switch|p2a: Brute Bonnet|Brute Bonnet, L81|312/312\n|-damage|p2a: Brute Bonnet|273/312|[from] Stealth Rock\n|turn|9\n|\n|t:|1732982510\n|move|p1a: Armarouge|Meteor Beam||[still]\n|-prepare|p1a: Armarouge|Meteor Beam\n|-boost|p1a: Armarouge|spa|1\n|move|p2a: Brute Bonnet|Seed Bomb|p1a: Armarouge\n|-resisted|p1a: Armarouge\n|-crit|p1a: Armarouge\n|-damage|p1a: Armarouge|0 fnt\n|faint|p1a: Armarouge\n|\n|-heal|p2a: Brute Bonnet|292/312|[from] item: Leftovers\n|upkeep\n|\n|t:|1732982515\n|switch|p1a: Scrafty|Scrafty, L84, F|210/246\n|-ability|p1a: Scrafty|Intimidate|boost\n|-unboost|p2a: Brute Bonnet|atk|1\n|turn|10\n|\n|t:|1732982539\n|move|p1a: Scrafty|Dragon Dance|p1a: Scrafty\n|-boost|p1a: Scrafty|atk|1\n|-boost|p1a: Scrafty|spe|1\n|move|p2a: Brute Bonnet|Spore|p1a: Scrafty\n|-status|p1a: Scrafty|slp|[from] move: Spore\n|\n|-heal|p2a: Brute Bonnet|311/312|[from] item: Leftovers\n|upkeep\n|turn|11\n|inactive|novanitefr has 120 seconds left.\n|\n|t:|1732982569\n|-end|p2a: Brute Bonnet|Protosynthesis|[silent]\n|switch|p2a: Falinks|Falinks, L84|246/246\n|-damage|p2a: Falinks|231/246|[from] Stealth Rock\n|cant|p1a: Scrafty|slp\n|\n|upkeep\n|turn|12\n|\n|t:|1732982579\n|cant|p1a: Scrafty|slp\n|move|p2a: Falinks|No Retreat|p2a: Falinks\n|-boost|p2a: Falinks|atk|1\n|-boost|p2a: Falinks|def|1\n|-boost|p2a: Falinks|spa|1\n|-boost|p2a: Falinks|spd|1\n|-boost|p2a: Falinks|spe|1\n|-start|p2a: Falinks|move: No Retreat\n|\n|upkeep\n|turn|13\n|inactive|novanitefr has 120 seconds left.\n|\n|t:|1732982594\n|-terastallize|p1a: Scrafty|Poison\n|move|p2a: Falinks|Iron Head|p1a: Scrafty\n|-damage|p1a: Scrafty|114/246 slp\n|-damage|p2a: Falinks|207/246|[from] item: Life Orb\n|-curestatus|p1a: Scrafty|slp|[msg]\n|move|p1a: Scrafty|Close Combat|p2a: Falinks\n|-damage|p2a: Falinks|77/246\n|-unboost|p1a: Scrafty|def|1\n|-unboost|p1a: Scrafty|spd|1\n|-damage|p1a: Scrafty|90/246|[from] item: Life Orb\n|\n|upkeep\n|turn|14\n|\n|t:|1732982610\n|move|p2a: Falinks|Knock Off|p1a: Scrafty\n|-damage|p1a: Scrafty|0 fnt\n|-enditem|p1a: Scrafty|Life Orb|[from] move: Knock Off|[of] p2a: Falinks\n|faint|p1a: Scrafty\n|-damage|p2a: Falinks|53/246|[from] item: Life Orb\n|\n|upkeep\n|\n|t:|1732982614\n|switch|p1a: Scizor|Scizor, L79, F|240/240\n|turn|15\n|inactive|Inazuma-Fulgur has 120 seconds left.\n|\n|t:|1732982652\n|move|p1a: Scizor|Bullet Punch|p2a: Falinks\n|-damage|p2a: Falinks|0 fnt\n|faint|p2a: Falinks\n|-damage|p1a: Scizor|216/240|[from] item: Life Orb\n|\n|upkeep\n|\n|t:|1732982668\n|switch|p2a: Zekrom|Zekrom, L71|259/259\n|-damage|p2a: Zekrom|227/259|[from] Stealth Rock\n|-ability|p2a: Zekrom|Teravolt\n|turn|16\n|\n|t:|1732982674\n|move|p2a: Zekrom|Dragon Dance|p2a: Zekrom\n|-boost|p2a: Zekrom|atk|1\n|-boost|p2a: Zekrom|spe|1\n|move|p1a: Scizor|Swords Dance|p1a: Scizor\n|-boost|p1a: Scizor|atk|2\n|\n|-heal|p2a: Zekrom|243/259|[from] item: Leftovers\n|upkeep\n|turn|17\n|inactive|Inazuma-Fulgur has 120 seconds left.\n|\n|t:|1732982707\n|move|p2a: Zekrom|Bolt Strike|p1a: Scizor\n|-damage|p1a: Scizor|3/240\n|move|p1a: Scizor|Bug Bite|p2a: Zekrom\n|-damage|p2a: Zekrom|0 fnt\n|faint|p2a: Zekrom\n|-damage|p1a: Scizor|0 fnt|[from] item: Life Orb\n|faint|p1a: Scizor\n|\n|upkeep\n|inactive|novanitefr has 120 seconds left.\n|\n|t:|1732982737\n|switch|p2a: Brute Bonnet|Brute Bonnet, L81|311/312\n|switch|p1a: Froslass|Froslass, L87, F|263/263\n|-damage|p2a: Brute Bonnet|272/312|[from] Stealth Rock\n|turn|18\n|inactive|novanitefr has 120 seconds left.\n|\n|t:|1732982749\n|move|p1a: Froslass|Triple Axel|p2a: Brute Bonnet\n|-supereffective|p2a: Brute Bonnet\n|-damage|p2a: Brute Bonnet|236/312\n|-supereffective|p2a: Brute Bonnet\n|-crit|p2a: Brute Bonnet\n|-damage|p2a: Brute Bonnet|120/312\n|-supereffective|p2a: Brute Bonnet\n|-damage|p2a: Brute Bonnet|6/312\n|-hitcount|p2a: Brute Bonnet|3\n|move|p2a: Brute Bonnet|Spore|p1a: Froslass\n|-status|p1a: Froslass|slp|[from] move: Spore\n|\n|-heal|p2a: Brute Bonnet|25/312|[from] item: Leftovers\n|upkeep\n|turn|19\n|j| ghrey duddy\n|\n|t:|1732982761\n|cant|p1a: Froslass|slp\n|move|p2a: Brute Bonnet|Seed Bomb|p1a: Froslass\n|-damage|p1a: Froslass|151/263 slp\n|\n|-heal|p2a: Brute Bonnet|44/312|[from] item: Leftovers\n|upkeep\n|turn|20\n|\n|t:|1732982767\n|move|p2a: Brute Bonnet|Sucker Punch|p1a: Froslass\n|-supereffective|p1a: Froslass\n|-damage|p1a: Froslass|0 fnt\n|-start|p2a: Brute Bonnet|Disable|Sucker Punch|[from] ability: Cursed Body|[of] p1a: Froslass\n|faint|p1a: Froslass\n|\n|-heal|p2a: Brute Bonnet|63/312|[from] item: Leftovers\n|upkeep\n|\n|t:|1732982770\n|switch|p1a: Meowstic|Meowstic-F, L89, F|277/277\n|turn|21\n|\n|t:|1732982773\n|move|p1a: Meowstic|Alluring Voice|p2a: Brute Bonnet\n|-supereffective|p2a: Brute Bonnet\n|-damage|p2a: Brute Bonnet|0 fnt\n|faint|p2a: Brute Bonnet\n|-end|p2a: Brute Bonnet|Protosynthesis|[silent]\n|-damage|p1a: Meowstic|250/277|[from] item: Life Orb\n|\n|upkeep\n|\n|t:|1732982776\n|switch|p2a: Lunala|Lunala, L70|308/308\n|-damage|p2a: Lunala|270/308|[from] Stealth Rock\n|turn|22\n|\n|t:|1732982782\n|move|p1a: Meowstic|Dark Pulse|p2a: Lunala\n|-supereffective|p2a: Lunala\n|-damage|p2a: Lunala|0 fnt\n|faint|p2a: Lunala\n|-damage|p1a: Meowstic|223/277|[from] item: Life Orb\n|\n|win|Inazuma-Fulgur\n|raw|Inazuma-Fulgur's rating: 2041 &rarr; <strong>2060</strong><br />(+19 for winning)\n|raw|novanitefr's rating: 2017 &rarr; <strong>1998</strong><br />(-19 for losing)\n|l|\u2606novanitefr\n|player|p2|\n|c|\u2606Inazuma-Fulgur|!showteam\n|c| Inazuma-Fulgur|/raw <div class=\"infobox\"><details><summary>View team</summary>Meowstic (Meowstic-F) (F) @ Life Orb  <br />Ability: Competitive  <br />Level: 89  <br />Tera Type: Dark  <br />EVs: 85 HP &#x2f; 85 Def &#x2f; 85 SpA &#x2f; 85 SpD &#x2f; 85 Spe  <br />IVs: 0 Atk  <br />- Dark Pulse  <br />- Nasty Plot  <br />- Alluring Voice  <br />- Psychic  <br /><br />Froslass (F) @ Wide Lens  <br />Ability: Cursed Body  <br />Level: 87  <br />Tera Type: Ice  <br />EVs: 81 HP &#x2f; 85 Atk &#x2f; 85 Def &#x2f; 85 SpA &#x2f; 85 SpD &#x2f; 85 Spe  <br />- Spikes  <br />- Poltergeist  <br />- Taunt  <br />- Triple Axel  <br /><br />Scizor @ Life Orb  <br />Ability: Technician  <br />Level: 79  <br />Tera Type: Steel  <br />EVs: 85 HP &#x2f; 85 Atk &#x2f; 85 Def &#x2f; 85 SpA &#x2f; 85 SpD &#x2f; 85 Spe  <br />- Swords Dance  <br />- Bullet Punch  <br />- Close Combat  <br />- Bug Bite  <br /><br />Skarmory @ Leftovers  <br />Ability: Sturdy  <br />Level: 80  <br />Tera Type: Dragon  <br />EVs: 85 HP &#x2f; 85 Atk &#x2f; 85 Def &#x2f; 85 SpA &#x2f; 85 SpD &#x2f; 85 Spe  <br />- Stealth Rock  <br />- Brave Bird  <br />- Whirlwind  <br />- Roost  <br /><br />Scrafty @ Life Orb  <br />Ability: Intimidate  <br />Level: 84  <br />Tera Type: Poison  <br />EVs: 85 HP &#x2f; 85 Atk &#x2f; 85 Def &#x2f; 85 SpA &#x2f; 85 SpD &#x2f; 85 Spe  <br />- Poison Jab  <br />- Knock Off  <br />- Close Combat  <br />- Dragon Dance  <br /><br />Armarouge @ Power Herb  <br />Ability: Weak Armor  <br />Level: 80  <br />Tera Type: Grass  <br />EVs: 85 HP &#x2f; 85 Def &#x2f; 85 SpA &#x2f; 85 SpD &#x2f; 85 Spe  <br />IVs: 0 Atk  <br />- Energy Ball  <br />- Meteor Beam  <br />- Armor Cannon  <br />- Psyshock  <br /><br /></details></div>\n", "inputlog": ">version b107d77f5c90bd6555267ae244a6264823309ead\n>start {\"formatid\":\"gen9randombattle\",\"seed\":[11488,26652,56262,48025],\"rated\":\"Rated battle\"}\n>player p1 {\"name\":\"Inazuma-Fulgur\",\"avatar\":\"marley\",\"rating\":2041,\"seed\":[21789,59529,54078,21917]}\n>player p2 {\"name\":\"novanitefr\",\"avatar\":\"colress\",\"rating\":2017,\"seed\":[41445,40870,7748,16355]}\n>p1 switch 5\n>p2 move uturn\n>p2 switch 4\n>p1 switch 4\n>p2 move bravebird\n>p1 move stealthrock\n>p2 switch 5\n>p1 move whirlwind\n>p2 move moongeistbeam\n>p1 move roost\n>p2 move bravebird\n>p1 switch 6\n>p1 move meteorbeam\n>p2 move bravebird\n>p2 switch 4\n>p1 move armorcannon\n>p2 move encore\n>p1 move meteorbeam\n>p2 move uturn\n>p2 switch 3\n>p1 move meteorbeam\n>p2 move seedbomb\n>p1 switch 4\n>p1 move dragondance\n>p2 move spore\n>p1 move closecombat\n>p2 switch 2\n>p1 move closecombat\n>p2 move noretreat\n>p1 move closecombat terastallize\n>p2 move ironhead\n>p1 move dragondance\n>p2 move knockoff\n>p1 switch 3\n>p1 move bulletpunch\n>p2 move closecombat\n>p2 switch 6\n>p1 move swordsdance\n>p2 move dragondance\n>p1 move bugbite\n>p2 move boltstrike\n>p1 switch 2\n>p2 switch 2\n>p1 move tripleaxel\n>p2 move spore\n>p1 move tripleaxel\n>p2 move seedbomb\n>p1 move tripleaxel\n>p2 move suckerpunch\n>p1 switch 5\n>p1 move alluringvoice\n>p2 move spore\n>p2 switch 5\n>p1 move darkpulse\n>p2 move moongeistbeam", "uploadtime": 1732982786, "views": 2, "formatid": "gen9randombattle", "rating": 1998, "private": 0, "password": null}