{"id": "gen9randombattle-2253978242", "format": "[Gen 9] Random Battle", "players": ["Hjjjjjjjkskxjd", "rock45697"], "log": "|j|\u2606Hjjjjjjjkskxjd\n|j|\u2606rock45697\n|t:|1732974737\n|gametype|singles\n|player|p1|Hjjjjjjjkskxjd|adaman|1040\n|player|p2|rock45697|hilbert|1082\n|teamsize|p1|6\n|teamsize|p2|6\n|gen|9\n|tier|[Gen 9] Random Battle\n|rated|\n|rule|Species Clause: Limit one of each Pok\u00e9mon\n|rule|HP Percentage Mod: HP is shown in percentages\n|rule|Sleep Clause Mod: Limit one foe put to sleep\n|rule|Illusion Level Mod: Illusion disguises the Pok\u00e9mon's true level\n|\n|t:|1732974737\n|start\n|switch|p1a: Mamoswine|Mamoswine, L81, F|311/311\n|switch|p2a: Masquerain|Masquerain, L87, F|264/264\n|-ability|p2a: Masquerain|Intimidate|boost\n|-unboost|p1a: Mamoswine|atk|1\n|turn|1\n|inactive|Battle timer is ON: inactive players will automatically lose when time's up. (requested by rock45697)\n|inactive|Hjjjjjjjkskxjd also wants the timer to be on.\n|\n|t:|1732974759\n|-terastallize|p2a: Masquerain|Water\n|move|p2a: Masquerain|Quiver Dance|p2a: Masquerain\n|-boost|p2a: Masquerain|spa|1\n|-boost|p2a: Masquerain|spd|1\n|-boost|p2a: Masquerain|spe|1\n|move|p1a: Mamoswine|Icicle Crash|p2a: Masquerain\n|-resisted|p2a: Masquerain\n|-damage|p2a: Masquerain|209/264\n|-damage|p1a: Mamoswine|280/311|[from] item: Life Orb\n|\n|upkeep\n|turn|2\n|c|\u2606Hjjjjjjjkskxjd|Sticky web\n|\n|t:|1732974775\n|move|p2a: Masquerain|Hydro Pump|p1a: Mamoswine\n|-supereffective|p1a: Mamoswine\n|-damage|p1a: Mamoswine|0 fnt\n|faint|p1a: Mamoswine\n|\n|upkeep\n|c|\u2606Hjjjjjjjkskxjd|Lol\n|\n|t:|1732974789\n|switch|p1a: Florges|Florges-Orange, L85, F|271/271\n|turn|3\n|\n|t:|1732974795\n|move|p2a: Masquerain|Hydro Pump|p1a: Florges\n|-damage|p1a: Florges|151/271\n|move|p1a: Florges|Calm Mind|p1a: Florges\n|-boost|p1a: Florges|spa|1\n|-boost|p1a: Florges|spd|1\n|\n|-heal|p1a: Florges|167/271|[from] item: Leftovers\n|upkeep\n|turn|4\n|\n|t:|1732974807\n|move|p2a: Masquerain|Hurricane|p1a: Florges\n|-damage|p1a: Florges|89/271\n|move|p1a: Florges|Wish|p1a: Florges\n|\n|-heal|p1a: Florges|105/271|[from] item: Leftovers\n|upkeep\n|turn|5\n|\n|t:|1732974822\n|switch|p2a: Forretress|Forretress, L84, F|263/263\n|move|p1a: Florges|Calm Mind|p1a: Florges\n|-boost|p1a: Florges|spa|1\n|-boost|p1a: Florges|spd|1\n|\n|-heal|p1a: Florges|240/271|[from] move: Wish|[wisher] Florges\n|-heal|p1a: Florges|256/271|[from] item: Leftovers\n|upkeep\n|turn|6\n|\n|t:|1732974833\n|-terastallize|p1a: Florges|Steel\n|move|p1a: Florges|Moonblast|p2a: Forretress\n|-resisted|p2a: Forretress\n|-damage|p2a: Forretress|123/263\n|move|p2a: Forretress|Iron Head|p1a: Florges\n|-resisted|p1a: Florges\n|-damage|p1a: Florges|208/271\n|\n|-heal|p1a: Florges|224/271|[from] item: Leftovers\n|-heal|p2a: Forretress|139/263|[from] item: Leftovers\n|upkeep\n|turn|7\n|\n|t:|1732974845\n|move|p1a: Florges|Moonblast|p2a: Forretress\n|-resisted|p2a: Forretress\n|-damage|p2a: Forretress|0 fnt\n|faint|p2a: Forretress\n|\n|-heal|p1a: Florges|240/271|[from] item: Leftovers\n|upkeep\n|\n|t:|1732974855\n|switch|p2a: Ogerpon|Ogerpon-Hearthflame, L74, F|239/239\n|-ability|p2a: Ogerpon|Mold Breaker\n|turn|8\n|\n|t:|1732974866\n|switch|p1a: Bastiodon|Bastiodon, L89, M|252/252\n|move|p2a: Ogerpon|Ivy Cudgel|p1a: Bastiodon|[anim] Ivy Cudgel Fire\n|-damage|p1a: Bastiodon|192/252\n|\n|upkeep\n|turn|9\n|\n|t:|1732974875\n|move|p2a: Ogerpon|Horn Leech|p1a: Bastiodon\n|-damage|p1a: Bastiodon|141/252\n|move|p1a: Bastiodon|Body Press|p2a: Ogerpon\n|-damage|p2a: Ogerpon|125/239\n|\n|upkeep\n|turn|10\n|\n|t:|1732974885\n|switch|p2a: Masquerain|Masquerain, L87, F, tera:Water|209/264\n|-ability|p2a: Masquerain|Intimidate|boost\n|-unboost|p1a: Bastiodon|atk|1\n|move|p1a: Bastiodon|Body Press|p2a: Masquerain\n|-damage|p2a: Masquerain|76/264\n|\n|upkeep\n|turn|11\n|\n|t:|1732974896\n|switch|p1a: Florges|Florges-Orange, L85, F, tera:Steel|240/271\n|move|p2a: Masquerain|Hydro Pump|p1a: Florges\n|-damage|p1a: Florges|156/271\n|\n|-heal|p1a: Florges|172/271|[from] item: Leftovers\n|upkeep\n|turn|12\n|\n|t:|1732974905\n|move|p2a: Masquerain|Hurricane|p1a: Florges|[miss]\n|-miss|p2a: Masquerain|p1a: Florges\n|move|p1a: Florges|Moonblast|p2a: Masquerain\n|-damage|p2a: Masquerain|0 fnt\n|faint|p2a: Masquerain\n|\n|-heal|p1a: Florges|188/271|[from] item: Leftovers\n|upkeep\n|\n|t:|1732974915\n|switch|p2a: Ogerpon|Ogerpon-Hearthflame, L74, F|125/239\n|-ability|p2a: Ogerpon|Mold Breaker\n|turn|13\n|\n|t:|1732974920\n|switch|p1a: Bastiodon|Bastiodon, L89, M|141/252\n|move|p2a: Ogerpon|Ivy Cudgel|p1a: Bastiodon|[anim] Ivy Cudgel Fire\n|-crit|p1a: Bastiodon\n|-damage|p1a: Bastiodon|45/252\n|\n|upkeep\n|turn|14\n|\n|t:|1732974929\n|move|p2a: Ogerpon|Knock Off|p1a: Bastiodon\n|-damage|p1a: Bastiodon|4/252\n|-enditem|p1a: Bastiodon|Chesto Berry|[from] move: Knock Off|[of] p2a: Ogerpon\n|move|p1a: Bastiodon|Rest|p1a: Bastiodon\n|-status|p1a: Bastiodon|slp|[from] move: Rest\n|-heal|p1a: Bastiodon|252/252 slp|[silent]\n|\n|upkeep\n|turn|15\n|\n|t:|1732974943\n|switch|p2a: Maushold|Maushold-Four, L76|238/238\n|cant|p1a: Bastiodon|slp\n|\n|upkeep\n|turn|16\n|\n|t:|1732974950\n|move|p2a: Maushold|Tidy Up|p2a: Maushold\n|-boost|p2a: Maushold|atk|1\n|-boost|p2a: Maushold|spe|1\n|cant|p1a: Bastiodon|slp\n|\n|upkeep\n|turn|17\n|\n|t:|1732974957\n|move|p2a: Maushold|Population Bomb|p1a: Bastiodon\n|-resisted|p1a: Bastiodon\n|-damage|p1a: Bastiodon|247/252 slp\n|-resisted|p1a: Bastiodon\n|-damage|p1a: Bastiodon|243/252 slp\n|-resisted|p1a: Bastiodon\n|-damage|p1a: Bastiodon|239/252 slp\n|-resisted|p1a: Bastiodon\n|-damage|p1a: Bastiodon|235/252 slp\n|-resisted|p1a: Bastiodon\n|-damage|p1a: Bastiodon|231/252 slp\n|-resisted|p1a: Bastiodon\n|-damage|p1a: Bastiodon|227/252 slp\n|-resisted|p1a: Bastiodon\n|-damage|p1a: Bastiodon|223/252 slp\n|-resisted|p1a: Bastiodon\n|-damage|p1a: Bastiodon|219/252 slp\n|-hitcount|p1a: Bastiodon|8\n|-curestatus|p1a: Bastiodon|slp|[msg]\n|move|p1a: Bastiodon|Iron Defense|p1a: Bastiodon\n|-boost|p1a: Bastiodon|def|2\n|\n|upkeep\n|turn|18\n|\n|t:|1732974980\n|move|p2a: Maushold|Bite|p1a: Bastiodon\n|-damage|p1a: Bastiodon|199/252\n|move|p1a: Bastiodon|Body Press|p2a: Maushold\n|-supereffective|p2a: Maushold\n|-damage|p2a: Maushold|0 fnt\n|faint|p2a: Maushold\n|\n|upkeep\n|c|\u2606Hjjjjjjjkskxjd|Lol oh no\n|inactive|rock45697 has 120 seconds left.\n|c|\u2606Hjjjjjjjkskxjd|You started off so well too\n|inactive|rock45697 has 90 seconds left.\n|inactive|rock45697 has 60 seconds left.\n|inactive|rock45697 has 30 seconds left.\n|inactive|rock45697 has 20 seconds left.\n|inactive|rock45697 has 15 seconds left.\n|inactive|rock45697 has 10 seconds left.\n|inactive|rock45697 has 5 seconds left.\n|-message|rock45697 lost due to inactivity.\n|\n|win|Hjjjjjjjkskxjd\n|raw|Hjjjjjjjkskxjd's rating: 1040 &rarr; <strong>1078</strong><br />(+38 for winning)\n|raw|rock45697's rating: 1082 &rarr; <strong>1057</strong><br />(-25 for losing)\n", "inputlog": ">version b107d77f5c90bd6555267ae244a6264823309ead\n>start {\"formatid\":\"gen9randombattle\",\"seed\":[30899,62727,6340,60779],\"rated\":\"Rated battle\"}\n>player p1 {\"name\":\"Hjjjjjjjkskxjd\",\"avatar\":\"adaman\",\"rating\":1040,\"seed\":[47305,49996,10270,65439]}\n>player p2 {\"name\":\"rock45697\",\"avatar\":\"hilbert\",\"rating\":1082,\"seed\":[59400,10251,57152,49219]}\n>p1 move iciclecrash\n>p2 move quiverdance terastallize\n>chat \u2606Hjjjjjjjkskxjd|Sticky web \n>p1 move earthquake\n>p2 move hydropump\n>chat \u2606Hjjjjjjjkskxjd|Lol \n>p1 switch 3\n>p1 move calmmind\n>p2 move hydropump\n>p1 move wish\n>p2 move hurricane\n>p1 move calmmind\n>p2 switch 6\n>p1 move moonblast terastallize\n>p2 move ironhead\n>p1 move moonblast\n>p2 move toxicspikes\n>p2 switch 5\n>p1 switch 6\n>p2 move ivycudgel\n>p1 move bodypress\n>p2 move hornleech\n>p1 move bodypress\n>p2 switch 6\n>p1 switch 6\n>p2 move hydropump\n>p1 move moonblast\n>p2 move hurricane\n>p2 switch 6\n>p1 switch 6\n>p2 move ivycudgel\n>p1 move rest\n>p2 move knockoff\n>p1 move bodypress\n>p2 switch 2\n>p1 move bodypress\n>p2 move tidyup\n>p1 move irondefense\n>p2 move populationbomb\n>p1 move bodypress\n>p2 move bite\n>chat \u2606Hjjjjjjjkskxjd|Lol oh no\n>chat \u2606Hjjjjjjjkskxjd|You started off so well too\n>forcelose p2", "uploadtime": 1732975118, "views": 1, "formatid": "gen9randombattle", "rating": 1057, "private": 0, "password": null}