{"id": "gen9randombattle-2254137165", "format": "[Gen 9] Random Battle", "players": ["Bentennyson_55", "StrakaObecna"], "log": "|j|\u2606Bentennyson_55\n|j|\u2606StrakaObecna\n|t:|1732995781\n|gametype|singles\n|player|p1|Bentennyson_55|red|1127\n|player|p2|StrakaObecna|clown|1095\n|teamsize|p1|6\n|teamsize|p2|6\n|gen|9\n|tier|[Gen 9] Random Battle\n|rated|\n|rule|Species Clause: Limit one of each Pok\u00e9mon\n|rule|HP Percentage Mod: HP is shown in percentages\n|rule|Sleep Clause Mod: Limit one foe put to sleep\n|rule|Illusion Level Mod: Illusion disguises the Pok\u00e9mon's true level\n|\n|t:|1732995781\n|start\n|switch|p1a: Cyclizar|Cyclizar, L83, F|252/252\n|switch|p2a: Haxorus|Haxorus, L77, F|244/244\n|-ability|p2a: Haxorus|Mold Breaker\n|turn|1\n|\n|t:|1732995817\n|switch|p2a: Farigiraf|Farigiraf, L91, F|366/366\n|move|p1a: Cyclizar|Draco Meteor|p2a: Farigiraf\n|-damage|p2a: Farigiraf|233/366\n|-unboost|p1a: Cyclizar|spa|2\n|\n|-heal|p2a: Farigiraf|255/366|[from] item: Leftovers\n|upkeep\n|turn|2\n|\n|t:|1732995846\n|move|p1a: Cyclizar|Knock Off|p2a: Farigiraf\n|-supereffective|p2a: Farigiraf\n|-damage|p2a: Farigiraf|117/366\n|-enditem|p2a: Farigiraf|Leftovers|[from] move: Knock Off|[of] p1a: Cyclizar\n|move|p2a: Farigiraf|Future Sight|p1a: Cyclizar\n|-start|p2a: Farigiraf|move: Future Sight\n|\n|upkeep\n|turn|3\n|inactive|Battle timer is ON: inactive players will automatically lose when time's up. (requested by Bentennyson_55)\n|\n|t:|1732995857\n|move|p2a: Farigiraf|Protect|p2a: Farigiraf\n|-singleturn|p2a: Farigiraf|Protect\n|move|p1a: Cyclizar|Knock Off|p2a: Farigiraf\n|-activate|p2a: Farigiraf|move: Protect\n|\n|upkeep\n|turn|4\n|\n|t:|1732995869\n|move|p2a: Farigiraf|Protect||[still]\n|-fail|p2a: Farigiraf\n|move|p1a: Cyclizar|Knock Off|p2a: Farigiraf\n|-supereffective|p2a: Farigiraf\n|-damage|p2a: Farigiraf|27/366\n|\n|-end|p1a: Cyclizar|move: Future Sight\n|-damage|p1a: Cyclizar|42/252\n|upkeep\n|turn|5\n|\n|t:|1732995885\n|switch|p2a: Lokix|Lokix, L82, M|251/251\n|move|p1a: Cyclizar|Knock Off|p2a: Lokix\n|-resisted|p2a: Lokix\n|-damage|p2a: Lokix|211/251\n|-enditem|p2a: Lokix|Life Orb|[from] move: Knock Off|[of] p1a: Cyclizar\n|\n|upkeep\n|turn|6\n|\n|t:|1732995899\n|move|p2a: Lokix|Sucker Punch|p1a: Cyclizar\n|-damage|p1a: Cyclizar|0 fnt\n|faint|p1a: Cyclizar\n|\n|upkeep\n|\n|t:|1732995910\n|switch|p1a: Stonjourner|Stonjourner, L91, F|330/330\n|turn|7\n|\n|t:|1732995925\n|move|p2a: Lokix|Leech Life|p1a: Stonjourner\n|-damage|p1a: Stonjourner|276/330\n|-heal|p2a: Lokix|238/251|[from] drain|[of] p1a: Stonjourner\n|move|p1a: Stonjourner|Rock Polish|p1a: Stonjourner\n|-boost|p1a: Stonjourner|spe|2\n|\n|upkeep\n|turn|8\n|\n|t:|1732995940\n|switch|p2a: Donphan|Donphan, L84, F|288/288\n|move|p1a: Stonjourner|Stone Edge|p2a: Donphan\n|-resisted|p2a: Donphan\n|-damage|p2a: Donphan|210/288\n|-damage|p1a: Stonjourner|243/330|[from] item: Life Orb\n|\n|upkeep\n|turn|9\n|\n|t:|1732995956\n|-terastallize|p1a: Stonjourner|Ground\n|move|p1a: Stonjourner|Earthquake|p2a: Donphan\n|-damage|p2a: Donphan|68/288\n|-damage|p1a: Stonjourner|210/330|[from] item: Life Orb\n|move|p2a: Donphan|Earthquake|p1a: Stonjourner\n|-damage|p1a: Stonjourner|132/330\n|\n|upkeep\n|turn|10\n|\n|t:|1732995968\n|move|p2a: Donphan|Ice Shard|p1a: Stonjourner\n|-supereffective|p1a: Stonjourner\n|-damage|p1a: Stonjourner|88/330\n|move|p1a: Stonjourner|Earthquake|p2a: Donphan\n|-damage|p2a: Donphan|0 fnt\n|faint|p2a: Donphan\n|-damage|p1a: Stonjourner|55/330|[from] item: Life Orb\n|\n|upkeep\n|\n|t:|1732995981\n|switch|p2a: Moltres|Moltres, L81|278/278\n|turn|11\n|inactive|StrakaObecna has 120 seconds left.\n|\n|t:|1732996006\n|move|p1a: Stonjourner|Stone Edge|p2a: Moltres\n|-supereffective|p2a: Moltres\n|-damage|p2a: Moltres|0 fnt\n|faint|p2a: Moltres\n|-damage|p1a: Stonjourner|22/330|[from] item: Life Orb\n|\n|upkeep\n|\n|t:|1732996016\n|switch|p2a: Haxorus|Haxorus, L77, F|244/244\n|-ability|p2a: Haxorus|Mold Breaker\n|turn|12\n|\n|t:|1732996024\n|move|p1a: Stonjourner|Earthquake|p2a: Haxorus\n|-damage|p2a: Haxorus|48/244\n|-damage|p1a: Stonjourner|0 fnt|[from] item: Life Orb\n|faint|p1a: Stonjourner\n|move|p2a: Haxorus|Iron Head|p1: Stonjourner|[notarget]\n|-fail|p2a: Haxorus\n|\n|upkeep\n|\n|t:|1732996036\n|switch|p1a: Scizor|Scizor, L79, M|240/240\n|turn|13\n|inactive|StrakaObecna has 120 seconds left.\n|\n|t:|1732996056\n|move|p1a: Scizor|Bullet Punch|p2a: Haxorus\n|-damage|p2a: Haxorus|0 fnt\n|faint|p2a: Haxorus\n|-damage|p1a: Scizor|216/240|[from] item: Life Orb\n|\n|upkeep\n|\n|t:|1732996064\n|switch|p2a: Lokix|Lokix, L82, M|238/251\n|turn|14\n|\n|t:|1732996068\n|-terastallize|p2a: Lokix|Bug\n|move|p2a: Lokix|Leech Life|p1a: Scizor\n|-resisted|p1a: Scizor\n|-damage|p1a: Scizor|102/240\n|-heal|p2a: Lokix|251/251|[from] drain|[of] p1a: Scizor\n|move|p1a: Scizor|Swords Dance|p1a: Scizor\n|-boost|p1a: Scizor|atk|2\n|\n|upkeep\n|turn|15\n|\n|t:|1732996083\n|move|p1a: Scizor|Bullet Punch|p2a: Lokix\n|-damage|p2a: Lokix|52/251\n|-damage|p1a: Scizor|78/240|[from] item: Life Orb\n|move|p2a: Lokix|Knock Off|p1a: Scizor\n|-damage|p1a: Scizor|0 fnt\n|-enditem|p1a: Scizor|Life Orb|[from] move: Knock Off|[of] p2a: Lokix\n|faint|p1a: Scizor\n|\n|upkeep\n|\n|t:|1732996101\n|switch|p1a: Cloyster|Cloyster, L80, F|211/211\n|turn|16\n|\n|t:|1732996109\n|move|p2a: Lokix|Leech Life|p1a: Cloyster\n|-damage|p1a: Cloyster|151/211\n|-heal|p2a: Lokix|82/251|[from] drain|[of] p1a: Cloyster\n|move|p1a: Cloyster|Shell Smash|p1a: Cloyster\n|-unboost|p1a: Cloyster|def|1\n|-unboost|p1a: Cloyster|spd|1\n|-boost|p1a: Cloyster|atk|2\n|-boost|p1a: Cloyster|spa|2\n|-boost|p1a: Cloyster|spe|2\n|-enditem|p1a: Cloyster|White Herb\n|-clearnegativeboost|p1a: Cloyster|[silent]\n|\n|upkeep\n|turn|17\n|c|\u2606Bentennyson_55|Lets go\n|inactive|StrakaObecna has 120 seconds left.\n|\n|t:|1732996142\n|move|p1a: Cloyster|Rock Blast|p2a: Lokix\n|-supereffective|p2a: Lokix\n|-damage|p2a: Lokix|10/251\n|-supereffective|p2a: Lokix\n|-damage|p2a: Lokix|0 fnt\n|faint|p2a: Lokix\n|-hitcount|p2: Lokix|2\n|\n|upkeep\n|inactive|StrakaObecna has 120 seconds left.\n|\n|t:|1732996149\n|switch|p2a: Muk|Muk, L86, F|321/321\n|turn|18\n|\n|t:|1732996157\n|move|p1a: Cloyster|Icicle Spear|p2a: Muk\n|-damage|p2a: Muk|269/321\n|-crit|p2a: Muk\n|-damage|p2a: Muk|196/321\n|-damage|p2a: Muk|147/321\n|-damage|p2a: Muk|95/321\n|-damage|p2a: Muk|46/321\n|-hitcount|p2a: Muk|5\n|move|p2a: Muk|Poison Jab|p1a: Cloyster\n|-crit|p1a: Cloyster\n|-damage|p1a: Cloyster|70/211\n|\n|upkeep\n|turn|19\n|\n|t:|1732996170\n|move|p1a: Cloyster|Icicle Spear|p2a: Muk\n|-damage|p2a: Muk|0 fnt\n|faint|p2a: Muk\n|-hitcount|p2: Muk|1\n|\n|upkeep\n|\n|t:|1732996173\n|switch|p2a: Farigiraf|Farigiraf, L91, F|27/366\n|turn|20\n|\n|t:|1732996188\n|move|p1a: Cloyster|Hydro Pump|p2a: Farigiraf\n|-damage|p2a: Farigiraf|0 fnt\n|faint|p2a: Farigiraf\n|\n|win|Bentennyson_55\n|raw|Bentennyson_55's rating: 1127 &rarr; <strong>1150</strong><br />(+23 for winning)\n|raw|StrakaObecna's rating: 1095 &rarr; <strong>1073</strong><br />(-22 for losing)\n|l|\u2606StrakaObecna\n|player|p2|\n", "inputlog": ">version b107d77f5c90bd6555267ae244a6264823309ead\n>start {\"formatid\":\"gen9randombattle\",\"seed\":[38529,1256,36632,5125],\"rated\":\"Rated battle\"}\n>player p1 {\"name\":\"Bentennyson_55\",\"avatar\":\"red\",\"rating\":1127,\"seed\":[43216,59869,22098,12709]}\n>player p2 {\"name\":\"StrakaObecna\",\"avatar\":\"clown\",\"rating\":1095,\"seed\":[55562,41025,24985,18189]}\n>p1 move dracometeor\n>p2 switch 4\n>p1 move knockoff\n>p2 move futuresight\n>p1 move knockoff\n>p2 move protect\n>p1 move knockoff\n>p2 move protect\n>p1 move knockoff\n>p2 switch 5\n>p1 move dracometeor\n>p2 move suckerpunch\n>p1 switch 5\n>p1 move rockpolish\n>p2 move leechlife\n>p1 move stoneedge\n>p2 switch 6\n>p1 move earthquake terastallize\n>p2 move earthquake\n>p1 move earthquake\n>p2 move iceshard\n>p2 switch 2\n>p1 move stoneedge\n>p2 move scorchingsands\n>p2 switch 4\n>p1 move earthquake\n>p2 move ironhead\n>p1 switch 6\n>p1 move bulletpunch\n>p2 move earthquake\n>p2 switch 6\n>p1 move swordsdance\n>p2 move leechlife terastallize\n>p1 move bulletpunch\n>p2 move knockoff\n>p1 switch 4\n>p1 move shellsmash\n>p2 move leechlife\n>chat \u2606Bentennyson_55|Lets go \n>p1 move rockblast\n>p2 move leechlife\n>p2 switch 3\n>p1 move iciclespear\n>p2 move poisonjab\n>p1 move iciclespear\n>p2 move drainpunch\n>p2 switch 5\n>p1 move hydropump\n>p2 move hypervoice", "uploadtime": 1732996196, "views": 9, "formatid": "gen9randombattle", "rating": 1073, "private": 0, "password": null}