{"id": "gen9randombattle-2254148663", "format": "[Gen 9] Random Battle", "players": ["YamiKishi64", "Doofy555"], "log": "|j|\u2606YamiKishi64\n|j|\u2606Doofy555\n|t:|1732997198\n|gametype|singles\n|player|p1|YamiKishi64|cynthia-gen4|1137\n|player|p2|Doofy555|102|1144\n|teamsize|p1|6\n|teamsize|p2|6\n|gen|9\n|tier|[Gen 9] Random Battle\n|rated|\n|rule|Species Clause: Limit one of each Pok\u00e9mon\n|rule|HP Percentage Mod: HP is shown in percentages\n|rule|Sleep Clause Mod: Limit one foe put to sleep\n|rule|Illusion Level Mod: Illusion disguises the Pok\u00e9mon's true level\n|\n|t:|1732997198\n|start\n|switch|p1a: Chesnaught|Chesnaught, L84, M|285/285\n|switch|p2a: Wo-Chien|Wo-Chien, L83|277/277\n|-ability|p2a: Wo-Chien|Tablets of Ruin\n|turn|1\n|inactive|Battle timer is ON: inactive players will automatically lose when time's up. (requested by Doofy555)\n|\n|t:|1732997214\n|switch|p2a: Scizor|Scizor, L79, M|240/240\n|move|p1a: Chesnaught|Spikes|p2a: Scizor\n|-sidestart|p2: Doofy555|Spikes\n|\n|upkeep\n|turn|2\n|\n|t:|1732997226\n|-terastallize|p1a: Chesnaught|Steel\n|move|p1a: Chesnaught|Spikes|p2a: Scizor\n|-sidestart|p2: Doofy555|Spikes\n|move|p2a: Scizor|U-turn|p1a: Chesnaught\n|-resisted|p1a: Chesnaught\n|-crit|p1a: Chesnaught\n|-damage|p1a: Chesnaught|213/285\n|\n|t:|1732997234\n|switch|p2a: Krookodile|Krookodile, L80, F|283/283|[from] U-turn\n|-damage|p2a: Krookodile|236/283|[from] Spikes\n|-ability|p2a: Krookodile|Intimidate|boost\n|-unboost|p1a: Chesnaught|atk|1\n|\n|-heal|p1a: Chesnaught|230/285|[from] item: Leftovers\n|upkeep\n|turn|3\n|\n|t:|1732997248\n|move|p2a: Krookodile|Earthquake|p1a: Chesnaught\n|-supereffective|p1a: Chesnaught\n|-damage|p1a: Chesnaught|0 fnt\n|faint|p1a: Chesnaught\n|\n|upkeep\n|\n|t:|1732997261\n|switch|p1a: Keldeo|Keldeo-Resolute, L79|273/273\n|turn|4\n|\n|t:|1732997279\n|switch|p2a: Wo-Chien|Wo-Chien, L83|277/277\n|-damage|p2a: Wo-Chien|231/277|[from] Spikes\n|-ability|p2a: Wo-Chien|Tablets of Ruin\n|move|p1a: Keldeo|Secret Sword|p2a: Wo-Chien\n|-supereffective|p2a: Wo-Chien\n|-damage|p2a: Wo-Chien|0 fnt\n|faint|p2a: Wo-Chien\n|-damage|p1a: Keldeo|246/273|[from] item: Life Orb\n|\n|upkeep\n|\n|t:|1732997293\n|switch|p2a: Minun|Minun, L95, M|268/268\n|-damage|p2a: Minun|224/268|[from] Spikes\n|turn|5\n|\n|t:|1732997305\n|switch|p1a: Iron Leaves|Iron Leaves, L80|275/275\n|-terastallize|p2a: Minun|Fairy\n|move|p2a: Minun|Nasty Plot|p2a: Minun\n|-boost|p2a: Minun|spa|2\n|\n|upkeep\n|turn|6\n|\n|t:|1732997319\n|move|p2a: Minun|Alluring Voice|p1a: Iron Leaves\n|-damage|p1a: Iron Leaves|80/275\n|-damage|p2a: Minun|198/268|[from] item: Life Orb\n|move|p1a: Iron Leaves|Leaf Blade|p2a: Minun\n|-crit|p2a: Minun\n|-damage|p2a: Minun|0 fnt\n|faint|p2a: Minun\n|-damage|p1a: Iron Leaves|53/275|[from] item: Life Orb\n|\n|upkeep\n|\n|t:|1732997330\n|switch|p2a: Krookodile|Krookodile, L80, F|236/283\n|-damage|p2a: Krookodile|189/283|[from] Spikes\n|-ability|p2a: Krookodile|Intimidate|boost\n|-unboost|p1a: Iron Leaves|atk|1\n|turn|7\n|\n|t:|1732997337\n|switch|p2a: Scizor|Scizor, L79, M|240/240\n|-damage|p2a: Scizor|200/240|[from] Spikes\n|move|p1a: Iron Leaves|Close Combat|p2a: Scizor\n|-damage|p2a: Scizor|110/240\n|-unboost|p1a: Iron Leaves|def|1\n|-unboost|p1a: Iron Leaves|spd|1\n|-damage|p1a: Iron Leaves|26/275|[from] item: Life Orb\n|\n|upkeep\n|turn|8\n|\n|t:|1732997354\n|move|p2a: Scizor|Bullet Punch|p1a: Iron Leaves\n|-damage|p1a: Iron Leaves|0 fnt\n|faint|p1a: Iron Leaves\n|-end|p1a: Iron Leaves|Quark Drive|[silent]\n|\n|upkeep\n|inactive|YamiKishi64 has 120 seconds left.\n|\n|t:|1732997377\n|switch|p1a: Keldeo|Keldeo-Resolute, L79|246/273\n|turn|9\n|\n|t:|1732997392\n|switch|p2a: Goodra|Goodra-Hisui, L82, F|265/265\n|-damage|p2a: Goodra|221/265|[from] Spikes\n|move|p1a: Keldeo|Secret Sword|p2a: Goodra\n|-supereffective|p2a: Goodra\n|-damage|p2a: Goodra|0 fnt\n|faint|p2a: Goodra\n|-damage|p1a: Keldeo|219/273|[from] item: Life Orb\n|\n|upkeep\n|\n|t:|1732997402\n|switch|p2a: Deoxys|Deoxys-Attack, L72|191/191\n|-damage|p2a: Deoxys|160/191|[from] Spikes\n|-ability|p2a: Deoxys|Pressure\n|turn|10\n|\n|t:|1732997416\n|switch|p1a: Copperajah|Copperajah, L86, F|350/350\n|move|p2a: Deoxys|Psycho Boost|p1a: Copperajah\n|-resisted|p1a: Copperajah\n|-damage|p1a: Copperajah|217/350\n|-unboost|p2a: Deoxys|spa|2\n|-damage|p2a: Deoxys|141/191|[from] item: Life Orb\n|\n|upkeep\n|turn|11\n|\n|t:|1732997430\n|switch|p2a: Krookodile|Krookodile, L80, F|189/283\n|-damage|p2a: Krookodile|142/283|[from] Spikes\n|-ability|p2a: Krookodile|Intimidate|boost\n|-unboost|p1a: Copperajah|atk|1\n|move|p1a: Copperajah|Stealth Rock|p2a: Krookodile\n|-sidestart|p2: Doofy555|move: Stealth Rock\n|\n|upkeep\n|turn|12\n|\n|t:|1732997439\n|move|p2a: Krookodile|Earthquake|p1a: Copperajah\n|-supereffective|p1a: Copperajah\n|-damage|p1a: Copperajah|0 fnt\n|faint|p1a: Copperajah\n|\n|upkeep\n|\n|t:|1732997445\n|switch|p1a: Keldeo|Keldeo-Resolute, L79|219/273\n|turn|13\n|\n|t:|1732997465\n|switch|p2a: Scizor|Scizor, L79, M|110/240\n|-damage|p2a: Scizor|70/240|[from] Spikes\n|-damage|p2a: Scizor|40/240|[from] Stealth Rock\n|move|p1a: Keldeo|Hydro Pump|p2a: Scizor\n|-damage|p2a: Scizor|0 fnt\n|faint|p2a: Scizor\n|-damage|p1a: Keldeo|192/273|[from] item: Life Orb\n|\n|upkeep\n|\n|t:|1732997479\n|switch|p2a: Deoxys|Deoxys-Attack, L72|141/191\n|-damage|p2a: Deoxys|110/191|[from] Spikes\n|-damage|p2a: Deoxys|87/191|[from] Stealth Rock\n|-ability|p2a: Deoxys|Pressure\n|turn|14\n|\n|t:|1732997488\n|switch|p1a: Dachsbun|Dachsbun, L92, M|254/254\n|move|p2a: Deoxys|Psycho Boost|p1a: Dachsbun\n|-damage|p1a: Dachsbun|28/254\n|-unboost|p2a: Deoxys|spa|2\n|-damage|p2a: Deoxys|68/191|[from] item: Life Orb\n|\n|-heal|p1a: Dachsbun|43/254|[from] item: Leftovers\n|upkeep\n|turn|15\n|\n|t:|1732997499\n|move|p1a: Dachsbun|Protect|p1a: Dachsbun\n|-singleturn|p1a: Dachsbun|Protect\n|move|p2a: Deoxys|Knock Off|p1a: Dachsbun\n|-activate|p1a: Dachsbun|move: Protect\n|\n|-heal|p1a: Dachsbun|58/254|[from] item: Leftovers\n|upkeep\n|turn|16\n|\n|t:|1732997508\n|move|p2a: Deoxys|Knock Off|p1a: Dachsbun\n|-resisted|p1a: Dachsbun\n|-damage|p1a: Dachsbun|22/254\n|-enditem|p1a: Dachsbun|Leftovers|[from] move: Knock Off|[of] p2a: Deoxys\n|-damage|p2a: Deoxys|49/191|[from] item: Life Orb\n|move|p1a: Dachsbun|Wish|p1a: Dachsbun\n|\n|upkeep\n|turn|17\n|\n|t:|1732997518\n|switch|p1a: Staraptor|Staraptor, L79, F|263/263\n|move|p2a: Deoxys|Ice Beam|p1a: Staraptor\n|-supereffective|p1a: Staraptor\n|-damage|p1a: Staraptor|133/263\n|-damage|p2a: Deoxys|30/191|[from] item: Life Orb\n|\n|-heal|p1a: Staraptor|260/263|[from] move: Wish|[wisher] Dachsbun\n|upkeep\n|turn|18\n|\n|t:|1732997534\n|move|p1a: Staraptor|Quick Attack|p2a: Deoxys\n|-damage|p2a: Deoxys|0 fnt\n|faint|p2a: Deoxys\n|\n|upkeep\n|-message|Doofy555 forfeited.\n|\n|win|YamiKishi64\n|raw|YamiKishi64's rating: 1137 &rarr; <strong>1163</strong><br />(+26 for winning)\n|raw|Doofy555's rating: 1144 &rarr; <strong>1118</strong><br />(-26 for losing)\n|l|\u2606Doofy555\n|player|p2|\n|c|\u2606YamiKishi64|gg\n", "inputlog": ">version b107d77f5c90bd6555267ae244a6264823309ead\n>start {\"formatid\":\"gen9randombattle\",\"seed\":[25854,9109,1989,24352],\"rated\":\"Rated battle\"}\n>player p1 {\"name\":\"YamiKishi64\",\"avatar\":\"cynthia-gen4\",\"rating\":1137,\"seed\":[29977,60297,41622,22896]}\n>player p2 {\"name\":\"Doofy555\",\"avatar\":\"102\",\"rating\":1144,\"seed\":[3166,33403,27847,12048]}\n>p1 move spikes\n>p2 switch 4\n>p1 move spikes terastallize\n>p2 move uturn\n>p2 switch 2\n>p1 move bodypress\n>p2 move earthquake\n>p1 switch 2\n>p1 move secretsword\n>p2 switch 4\n>p2 switch 5\n>p1 switch 4\n>p2 move nastyplot terastallize\n>p1 move leafblade\n>p2 move alluringvoice\n>p2 switch 4\n>p1 move closecombat\n>p2 switch 2\n>p1 move leafblade\n>p2 move bulletpunch\n>p1 switch 4\n>p1 move secretsword\n>p2 switch 3\n>p2 switch 6\n>p1 switch 6\n>p2 move psychoboost\n>p1 move stealthrock\n>p2 switch 2\n>p1 move playrough\n>p2 move earthquake\n>p1 switch 6\n>p1 move hydropump\n>p2 switch 3\n>p2 switch 2\n>p1 switch 5\n>p2 move psychoboost\n>p1 move protect\n>p2 move knockoff\n>p1 move wish\n>p2 move knockoff\n>p1 switch 3\n>p2 move icebeam\n>p1 move quickattack\n>p2 move knockoff\n>forcelose p2", "uploadtime": 1732997552, "views": 2, "formatid": "gen9randombattle", "rating": 1118, "private": 0, "password": null}