{"id": "gen9randombattle-2253833738", "format": "[Gen 9] Random Battle", "players": ["Iththhvrb", "selute"], "log": "|j|\u2606Iththhvrb\n|j|\u2606selute\n|t:|1732945571\n|gametype|singles\n|player|p1|Iththhvrb|265|1184\n|player|p2|selute|preschoolerf|1193\n|teamsize|p1|6\n|teamsize|p2|6\n|gen|9\n|tier|[Gen 9] Random Battle\n|rated|\n|rule|Species Clause: Limit one of each Pok\u00e9mon\n|rule|HP Percentage Mod: HP is shown in percentages\n|rule|Sleep Clause Mod: Limit one foe put to sleep\n|rule|Illusion Level Mod: Illusion disguises the Pok\u00e9mon's true level\n|\n|t:|1732945571\n|start\n|switch|p1a: Sceptile|Sceptile, L87, F|264/264\n|switch|p2a: Wyrdeer|Wyrdeer, L87, M|321/321\n|-ability|p2a: Wyrdeer|Intimidate|boost\n|-unboost|p1a: Sceptile|atk|1\n|turn|1\n|\n|t:|1732945588\n|switch|p1a: Sandslash|Sandslash, L88, F|275/275\n|move|p2a: Wyrdeer|Body Slam|p1a: Sandslash\n|-crit|p1a: Sandslash\n|-damage|p1a: Sandslash|152/275\n|-status|p1a: Sandslash|par\n|\n|-heal|p1a: Sandslash|169/275 par|[from] item: Leftovers\n|upkeep\n|turn|2\n|\n|t:|1732945604\n|move|p2a: Wyrdeer|Earthquake|p1a: Sandslash\n|-damage|p1a: Sandslash|108/275 par\n|move|p1a: Sandslash|Earthquake|p2a: Wyrdeer\n|-damage|p2a: Wyrdeer|191/321\n|\n|-heal|p1a: Sandslash|125/275 par|[from] item: Leftovers\n|upkeep\n|turn|3\n|\n|t:|1732945617\n|move|p2a: Wyrdeer|Earthquake|p1a: Sandslash\n|-damage|p1a: Sandslash|62/275 par\n|move|p1a: Sandslash|Earthquake|p2a: Wyrdeer\n|-damage|p2a: Wyrdeer|58/321\n|\n|-heal|p1a: Sandslash|79/275 par|[from] item: Leftovers\n|upkeep\n|turn|4\n|\n|t:|1732945623\n|move|p2a: Wyrdeer|Body Slam|p1a: Sandslash\n|-damage|p1a: Sandslash|0 fnt\n|faint|p1a: Sandslash\n|\n|upkeep\n|\n|t:|1732945638\n|switch|p1a: Sceptile|Sceptile, L87, F|264/264\n|turn|5\n|\n|t:|1732945641\n|move|p1a: Sceptile|Earthquake|p2a: Wyrdeer\n|-damage|p2a: Wyrdeer|0 fnt\n|faint|p2a: Wyrdeer\n|-damage|p1a: Sceptile|238/264|[from] item: Life Orb\n|\n|upkeep\n|\n|t:|1732945654\n|switch|p2a: Swalot|Swalot, L90, F|326/326\n|turn|6\n|\n|t:|1732945659\n|move|p1a: Sceptile|Swords Dance|p1a: Sceptile\n|-boost|p1a: Sceptile|atk|2\n|move|p2a: Swalot|Sludge Bomb|p1a: Sceptile\n|-supereffective|p1a: Sceptile\n|-damage|p1a: Sceptile|74/264\n|\n|upkeep\n|turn|7\n|\n|t:|1732945667\n|move|p1a: Sceptile|Earthquake|p2a: Swalot\n|-supereffective|p2a: Swalot\n|-damage|p2a: Swalot|0 fnt\n|faint|p2a: Swalot\n|-damage|p1a: Sceptile|48/264|[from] item: Life Orb\n|\n|upkeep\n|\n|t:|1732945682\n|switch|p2a: Entei|Entei, L78|307/307\n|turn|8\n|\n|t:|1732945695\n|switch|p1a: Weezing|Weezing, L88, M|258/258\n|move|p2a: Entei|Extreme Speed|p1a: Weezing\n|-damage|p1a: Weezing|200/258\n|\n|-heal|p1a: Weezing|216/258|[from] item: Leftovers\n|upkeep\n|turn|9\n|\n|t:|1732945713\n|switch|p2a: Salazzle|Salazzle, L83, F|249/249\n|move|p1a: Weezing|Gunk Shot|p2a: Salazzle\n|-resisted|p2a: Salazzle\n|-crit|p2a: Salazzle\n|-damage|p2a: Salazzle|108/249\n|\n|-heal|p1a: Weezing|232/258|[from] item: Leftovers\n|upkeep\n|turn|10\n|\n|t:|1732945725\n|move|p2a: Salazzle|Fire Blast|p1a: Weezing\n|-damage|p1a: Weezing|79/258\n|move|p1a: Weezing|Gunk Shot|p2a: Salazzle\n|-resisted|p2a: Salazzle\n|-crit|p2a: Salazzle\n|-damage|p2a: Salazzle|0 fnt\n|faint|p2a: Salazzle\n|\n|-heal|p1a: Weezing|95/258|[from] item: Leftovers\n|upkeep\n|\n|t:|1732945737\n|switch|p2a: Kyogre|Kyogre, L71|259/259\n|-weather|RainDance|[from] ability: Drizzle|[of] p2a: Kyogre\n|turn|11\n|\n|t:|1732945751\n|move|p2a: Kyogre|Origin Pulse|p1a: Weezing\n|-damage|p1a: Weezing|0 fnt\n|faint|p1a: Weezing\n|\n|-weather|RainDance|[upkeep]\n|upkeep\n|\n|t:|1732945755\n|switch|p1a: Iron Bundle|Iron Bundle, L77|213/213\n|turn|12\n|\n|t:|1732945773\n|move|p1a: Iron Bundle|Freeze-Dry|p2a: Kyogre\n|-supereffective|p2a: Kyogre\n|-damage|p2a: Kyogre|125/259\n|move|p2a: Kyogre|Thunder|p1a: Iron Bundle\n|-supereffective|p1a: Iron Bundle\n|-damage|p1a: Iron Bundle|0 fnt\n|faint|p1a: Iron Bundle\n|-end|p1a: Iron Bundle|Quark Drive|[silent]\n|\n|-weather|RainDance|[upkeep]\n|-heal|p2a: Kyogre|141/259|[from] item: Leftovers\n|upkeep\n|\n|t:|1732945780\n|switch|p1a: Sceptile|Sceptile, L87, F|48/264\n|turn|13\n|\n|t:|1732945786\n|move|p1a: Sceptile|Earthquake|p2a: Kyogre\n|-damage|p2a: Kyogre|34/259\n|-damage|p1a: Sceptile|22/264|[from] item: Life Orb\n|move|p2a: Kyogre|Ice Beam|p1a: Sceptile\n|-supereffective|p1a: Sceptile\n|-damage|p1a: Sceptile|0 fnt\n|faint|p1a: Sceptile\n|\n|-weather|RainDance|[upkeep]\n|-heal|p2a: Kyogre|50/259|[from] item: Leftovers\n|upkeep\n|\n|t:|1732945790\n|switch|p1a: Furret|Furret, L94, M|312/312\n|-item|p2a: Kyogre|Leftovers|[from] ability: Frisk|[of] p1a: Furret\n|turn|14\n|\n|t:|1732945796\n|move|p1a: Furret|U-turn|p2a: Kyogre\n|-damage|p2a: Kyogre|0 fnt\n|faint|p2a: Kyogre\n|\n|t:|1732945800\n|switch|p1a: Zekrom|Zekrom, L71|259/259|[from] U-turn\n|-ability|p1a: Zekrom|Teravolt\n|\n|-weather|RainDance|[upkeep]\n|upkeep\n|\n|t:|1732945816\n|switch|p2a: Entei|Entei, L78|307/307\n|turn|15\n|\n|t:|1732945821\n|move|p2a: Entei|Stone Edge|p1a: Zekrom\n|-damage|p1a: Zekrom|159/259\n|move|p1a: Zekrom|Dragon Dance|p1a: Zekrom\n|-boost|p1a: Zekrom|atk|1\n|-boost|p1a: Zekrom|spe|1\n|\n|-weather|none\n|-heal|p1a: Zekrom|175/259|[from] item: Leftovers\n|upkeep\n|turn|16\n|\n|t:|1732945834\n|move|p1a: Zekrom|Bolt Strike|p2a: Entei\n|-damage|p2a: Entei|76/307\n|move|p2a: Entei|Stone Edge|p1a: Zekrom|[miss]\n|-miss|p2a: Entei|p1a: Zekrom\n|\n|-heal|p1a: Zekrom|191/259|[from] item: Leftovers\n|upkeep\n|turn|17\n|-message|selute forfeited.\n|\n|win|Iththhvrb\n|raw|Iththhvrb's rating: 1184 &rarr; <strong>1210</strong><br />(+26 for winning)\n|raw|selute's rating: 1193 &rarr; <strong>1167</strong><br />(-26 for losing)\n|l|\u2606selute\n|player|p2|\n", "inputlog": ">version b107d77f5c90bd6555267ae244a6264823309ead\n>start {\"formatid\":\"gen9randombattle\",\"seed\":[10230,5112,40953,28246],\"rated\":\"Rated battle\"}\n>player p1 {\"name\":\"Iththhvrb\",\"avatar\":\"265\",\"rating\":1184,\"seed\":[51476,36868,17829,17470]}\n>player p2 {\"name\":\"selute\",\"avatar\":\"preschoolerf\",\"rating\":1193,\"seed\":[3337,16644,50000,8052]}\n>p1 switch 6\n>p2 move bodyslam\n>p1 move earthquake\n>p2 move earthquake\n>p1 move earthquake\n>p2 move earthquake\n>p1 move earthquake\n>p2 move bodyslam\n>p1 switch 6\n>p1 move earthquake\n>p2 move bodyslam\n>p2 switch 4\n>p1 move swordsdance\n>p2 move sludgebomb\n>p1 move earthquake\n>p2 move icebeam\n>p2 switch 3\n>p1 switch 2\n>p2 move extremespeed\n>p1 move gunkshot\n>p2 switch 2\n>p1 move gunkshot\n>p2 move fireblast\n>p2 switch 6\n>p1 move painsplit\n>p2 move originpulse\n>p1 switch 4\n>p1 move freezedry\n>p2 move thunder\n>p1 switch 2\n>p1 move earthquake\n>p2 move icebeam\n>p1 switch 5\n>p1 move uturn\n>p2 move thunder\n>p1 switch 3\n>p2 switch 2\n>p1 move dragondance\n>p2 move stoneedge\n>p1 move boltstrike\n>p2 move stoneedge\n>forcelose p2", "uploadtime": 1732945841, "views": 1, "formatid": "gen9randombattle", "rating": 1167, "private": 0, "password": null}