{"id": "gen9randombattle-2254133689", "format": "[Gen 9] Random Battle", "players": ["Lauracomfy", "moribon"], "log": "|j|\u2606Lauracomfy\n|j|\u2606moribon\n|t:|1732995350\n|gametype|singles\n|player|p1|Lauracomfy|102|\n|player|p2|moribon|170|\n|teamsize|p1|6\n|teamsize|p2|6\n|gen|9\n|tier|[Gen 9] Random Battle\n|rule|Species Clause: Limit one of each Pok\u00e9mon\n|rule|HP Percentage Mod: HP is shown in percentages\n|rule|Sleep Clause Mod: Limit one foe put to sleep\n|rule|Illusion Level Mod: Illusion disguises the Pok\u00e9mon's true level\n|\n|t:|1732995350\n|start\n|switch|p1a: Cobalion|Cobalion, L80|277/277\n|switch|p2a: Porygon-Z|Porygon-Z, L83|277/277\n|-ability|p2a: Porygon-Z|Download|boost\n|-boost|p2a: Porygon-Z|spa|1\n|turn|1\n|c|\u2606moribon|gl\n|c|\u2606Lauracomfy|gl\n|\n|t:|1732995378\n|switch|p2a: Torterra|Torterra, L78, F|276/276\n|move|p1a: Cobalion|Swords Dance|p1a: Cobalion\n|-boost|p1a: Cobalion|atk|2\n|\n|upkeep\n|turn|2\n|\n|t:|1732995401\n|move|p1a: Cobalion|Taunt|p2a: Torterra\n|-start|p2a: Torterra|move: Taunt\n|cant|p2a: Torterra|move: Taunt|Shell Smash\n|\n|upkeep\n|turn|3\n|\n|t:|1732995415\n|move|p1a: Cobalion|Iron Head|p2a: Torterra\n|-damage|p2a: Torterra|141/276\n|move|p2a: Torterra|Headlong Rush|p1a: Cobalion\n|-supereffective|p1a: Cobalion\n|-damage|p1a: Cobalion|95/277\n|-unboost|p2a: Torterra|def|1\n|-unboost|p2a: Torterra|spd|1\n|\n|-heal|p1a: Cobalion|112/277|[from] item: Leftovers\n|upkeep\n|turn|4\n|\n|t:|1732995426\n|move|p1a: Cobalion|Iron Head|p2a: Torterra\n|-damage|p2a: Torterra|0 fnt\n|faint|p2a: Torterra\n|\n|-heal|p1a: Cobalion|129/277|[from] item: Leftovers\n|upkeep\n|\n|t:|1732995440\n|switch|p2a: Iron Valiant|Iron Valiant, L78|244/244\n|turn|5\n|\n|t:|1732995457\n|switch|p1a: Orthworm|Orthworm, L88, F|266/266\n|move|p2a: Iron Valiant|Close Combat|p1a: Orthworm\n|-supereffective|p1a: Orthworm\n|-damage|p1a: Orthworm|32/266\n|-unboost|p2a: Iron Valiant|def|1\n|-unboost|p2a: Iron Valiant|spd|1\n|-damage|p2a: Iron Valiant|220/244|[from] item: Life Orb\n|\n|upkeep\n|turn|6\n|\n|t:|1732995472\n|move|p2a: Iron Valiant|Close Combat|p1a: Orthworm\n|-supereffective|p1a: Orthworm\n|-damage|p1a: Orthworm|0 fnt\n|-unboost|p2a: Iron Valiant|def|1\n|-unboost|p2a: Iron Valiant|spd|1\n|faint|p1a: Orthworm\n|-damage|p2a: Iron Valiant|196/244|[from] item: Life Orb\n|\n|upkeep\n|\n|t:|1732995480\n|switch|p1a: Jolteon|Jolteon, L84, M|246/246\n|turn|7\n|\n|t:|1732995490\n|-end|p2a: Iron Valiant|Quark Drive|[silent]\n|switch|p2a: Ogerpon|Ogerpon-Cornerstone, L76, F|247/247\n|move|p1a: Jolteon|Thunderbolt|p2a: Ogerpon\n|-resisted|p2a: Ogerpon\n|-damage|p2a: Ogerpon|174/247\n|-damage|p1a: Jolteon|222/246|[from] item: Life Orb\n|\n|upkeep\n|turn|8\n|\n|t:|1732995521\n|switch|p1a: Palkia|Palkia-Origin, L72|249/249\n|-ability|p1a: Palkia|Pressure\n|move|p2a: Ogerpon|Ivy Cudgel|p1a: Palkia|[anim] Ivy Cudgel Rock\n|-damage|p1a: Palkia|110/249\n|\n|upkeep\n|turn|9\n|\n|t:|1732995534\n|move|p1a: Palkia|Spacial Rend|p2a: Ogerpon\n|-crit|p2a: Ogerpon\n|-damage|p2a: Ogerpon|0 fnt\n|faint|p2a: Ogerpon\n|\n|upkeep\n|\n|t:|1732995547\n|switch|p2a: Iron Valiant|Iron Valiant, L78|196/244\n|turn|10\n|\n|t:|1732995552\n|move|p2a: Iron Valiant|Calm Mind|p2a: Iron Valiant\n|-boost|p2a: Iron Valiant|spa|1\n|-boost|p2a: Iron Valiant|spd|1\n|move|p1a: Palkia|Thunder Wave|p2a: Iron Valiant\n|-status|p2a: Iron Valiant|par\n|\n|upkeep\n|turn|11\n|\n|t:|1732995562\n|move|p1a: Palkia|Hydro Pump|p2a: Iron Valiant\n|-damage|p2a: Iron Valiant|60/244 par\n|cant|p2a: Iron Valiant|par\n|\n|upkeep\n|turn|12\n|\n|t:|1732995568\n|move|p1a: Palkia|Hydro Pump|p2a: Iron Valiant\n|-damage|p2a: Iron Valiant|0 fnt\n|faint|p2a: Iron Valiant\n|-end|p2a: Iron Valiant|Quark Drive|[silent]\n|\n|upkeep\n|c|\u2606Lauracomfy|\u00e7a c'est le skill\n|\n|t:|1732995585\n|switch|p2a: Ursaring|Ursaring, L84, F|288/288\n|turn|13\n|\n|t:|1732995588\n|move|p1a: Palkia|Spacial Rend|p2a: Ursaring\n|-crit|p2a: Ursaring\n|-damage|p2a: Ursaring|147/288\n|move|p2a: Ursaring|Body Slam|p1a: Palkia\n|-damage|p1a: Palkia|1/249\n|\n|upkeep\n|turn|14\n|\n|t:|1732995602\n|move|p1a: Palkia|Spacial Rend|p2a: Ursaring\n|-damage|p2a: Ursaring|51/288\n|move|p2a: Ursaring|Rest|p2a: Ursaring\n|-status|p2a: Ursaring|slp|[from] move: Rest\n|-heal|p2a: Ursaring|288/288 slp|[silent]\n|\n|upkeep\n|turn|15\n|\n|t:|1732995613\n|switch|p1a: Spidops|Spidops, L96, M|271/271\n|cant|p2a: Ursaring|slp\n|move|p2a: Ursaring|Sleep Talk|p2a: Ursaring\n|move|p2a: Ursaring|Throat Chop|p1a: Spidops|[from]move: Sleep Talk\n|-crit|p1a: Spidops\n|-damage|p1a: Spidops|135/271\n|-start|p1a: Spidops|Throat Chop|[silent]\n|\n|upkeep\n|turn|16\n|c|\u2606moribon|t's trop forte lol\n|\n|t:|1732995627\n|cant|p2a: Ursaring|slp\n|move|p2a: Ursaring|Sleep Talk|p2a: Ursaring\n|move|p2a: Ursaring|Throat Chop|p1a: Spidops|[from]move: Sleep Talk\n|-damage|p1a: Spidops|45/271\n|move|p1a: Spidops|Sticky Web|p2a: Ursaring\n|-sidestart|p2: moribon|move: Sticky Web\n|\n|-end|p1a: Spidops|Throat Chop|[silent]\n|upkeep\n|turn|17\n|\n|t:|1732995640\n|-curestatus|p2a: Ursaring|slp|[msg]\n|move|p2a: Ursaring|Body Slam|p1a: Spidops\n|-damage|p1a: Spidops|0 fnt\n|faint|p1a: Spidops\n|\n|upkeep\n|\n|t:|1732995649\n|switch|p1a: Cobalion|Cobalion, L80|129/277\n|turn|18\n|\n|t:|1732995663\n|-terastallize|p2a: Ursaring|Ghost\n|move|p1a: Cobalion|Swords Dance|p1a: Cobalion\n|-boost|p1a: Cobalion|atk|2\n|move|p2a: Ursaring|Throat Chop|p1a: Cobalion\n|-resisted|p1a: Cobalion\n|-damage|p1a: Cobalion|101/277\n|-start|p1a: Cobalion|Throat Chop|[silent]\n|-ability|p1a: Cobalion|Justified|boost\n|-boost|p1a: Cobalion|atk|1\n|\n|-heal|p1a: Cobalion|118/277|[from] item: Leftovers\n|upkeep\n|turn|19\n|\n|t:|1732995677\n|move|p1a: Cobalion|Iron Head|p2a: Ursaring\n|-damage|p2a: Ursaring|155/288\n|move|p2a: Ursaring|Body Slam|p1a: Cobalion\n|-resisted|p1a: Cobalion\n|-damage|p1a: Cobalion|76/277\n|\n|-heal|p1a: Cobalion|93/277|[from] item: Leftovers\n|-end|p1a: Cobalion|Throat Chop|[silent]\n|upkeep\n|turn|20\n|\n|t:|1732995693\n|move|p1a: Cobalion|Iron Head|p2a: Ursaring\n|-damage|p2a: Ursaring|8/288\n|cant|p2a: Ursaring|flinch\n|\n|-heal|p1a: Cobalion|110/277|[from] item: Leftovers\n|upkeep\n|turn|21\n|c|\u2606moribon|ptn j'ai oubli\u00e9 son talent\n|\n|t:|1732995707\n|move|p1a: Cobalion|Iron Head|p2a: Ursaring\n|-damage|p2a: Ursaring|0 fnt\n|faint|p2a: Ursaring\n|\n|-heal|p1a: Cobalion|127/277|[from] item: Leftovers\n|upkeep\n|\n|t:|1732995713\n|switch|p2a: Falinks|Falinks, L84|246/246\n|-activate|p2a: Falinks|move: Sticky Web\n|-unboost|p2a: Falinks|spe|1\n|-ability|p2a: Falinks|Defiant|boost\n|-boost|p2a: Falinks|atk|2\n|turn|22\n|\n|t:|1732995719\n|-terastallize|p1a: Cobalion|Fighting\n|move|p1a: Cobalion|Close Combat|p2a: Falinks\n|-damage|p2a: Falinks|0 fnt\n|-unboost|p1a: Cobalion|def|1\n|-unboost|p1a: Cobalion|spd|1\n|faint|p2a: Falinks\n|\n|-heal|p1a: Cobalion|144/277|[from] item: Leftovers\n|upkeep\n|\n|t:|1732995725\n|switch|p2a: Porygon-Z|Porygon-Z, L83|277/277\n|-activate|p2a: Porygon-Z|move: Sticky Web\n|-unboost|p2a: Porygon-Z|spe|1\n|-ability|p2a: Porygon-Z|Download|boost\n|-boost|p2a: Porygon-Z|spa|1\n|turn|23\n|c|\u2606Lauracomfy|gg\n|c|\u2606moribon|gg\n|\n|t:|1732995736\n|move|p1a: Cobalion|Close Combat|p2a: Porygon-Z\n|-supereffective|p2a: Porygon-Z\n|-damage|p2a: Porygon-Z|0 fnt\n|-unboost|p1a: Cobalion|def|1\n|-unboost|p1a: Cobalion|spd|1\n|faint|p2a: Porygon-Z\n|\n|win|Lauracomfy\n", "inputlog": ">version b107d77f5c90bd6555267ae244a6264823309ead\n>start {\"formatid\":\"gen9randombattle\",\"seed\":[48289,12017,49769,59571]}\n>player p1 {\"name\":\"Lauracomfy\",\"avatar\":\"102\",\"rating\":0,\"seed\":[21339,59640,17139,39583]}\n>player p2 {\"name\":\"moribon\",\"avatar\":\"170\",\"rating\":0,\"seed\":[43169,62411,26346,41943]}\n>chat \u2606moribon|gl\n>chat \u2606Lauracomfy|gl\n>p1 move swordsdance\n>p2 switch 2\n>p1 move taunt\n>p2 move shellsmash\n>p1 move ironhead\n>p2 move headlongrush\n>p1 move ironhead\n>p2 move headlongrush\n>p2 switch 6\n>p1 switch 5\n>p2 move closecombat\n>p1 move rest\n>p2 move closecombat\n>p1 switch 4\n>p1 move thunderbolt\n>p2 switch 3\n>p1 switch 3\n>p2 move ivycudgel\n>p1 move spacialrend\n>p2 move ivycudgel\n>p2 switch 3\n>p1 move thunderwave\n>p2 move calmmind\n>p1 move hydropump\n>p2 move moonblast\n>p1 move hydropump\n>p2 move moonblast\n>chat \u2606Lauracomfy|\u00e7a c'est le skill\n>p2 switch 5\n>p1 move spacialrend\n>p2 move bodyslam\n>p1 move spacialrend\n>p2 move rest\n>p1 switch 6\n>p2 move sleeptalk\n>chat \u2606moribon|t's trop forte lol\n>p1 move stickyweb\n>p2 move sleeptalk\n>p1 move knockoff\n>p2 move bodyslam\n>p1 switch 5\n>p1 move swordsdance\n>p2 move throatchop terastallize\n>p1 move ironhead\n>p2 move bodyslam\n>p1 move ironhead\n>p2 move bodyslam\n>chat \u2606moribon|ptn j'ai oubli\u00e9 son talent\n>p1 move ironhead\n>p2 move bodyslam\n>p2 switch 4\n>p1 move closecombat terastallize\n>p2 move noretreat\n>p2 switch 2\n>chat \u2606Lauracomfy|gg\n>chat \u2606moribon|gg\n>p1 move closecombat\n>p2 move thunderbolt", "uploadtime": 1732995754, "views": 1, "formatid": "gen9randombattle", "rating": null, "private": 0, "password": null}