{"id": "gen9randombattle-2253930119", "format": "[Gen 9] Random Battle", "players": ["Leobattlesyou", "ananananji"], "log": "|j|\u2606Leobattlesyou\n|j|\u2606ananananji\n|t:|1732966084\n|gametype|singles\n|player|p1|Leobattlesyou|ruinmaniac|2089\n|player|p2|ananananji|102|2064\n|teamsize|p1|6\n|teamsize|p2|6\n|gen|9\n|tier|[Gen 9] Random Battle\n|rated|\n|rule|Species Clause: Limit one of each Pok\u00e9mon\n|rule|HP Percentage Mod: HP is shown in percentages\n|rule|Sleep Clause Mod: Limit one foe put to sleep\n|rule|Illusion Level Mod: Illusion disguises the Pok\u00e9mon's true level\n|\n|t:|1732966084\n|start\n|switch|p1a: Hitmonlee|Hitmonlee, L85, M|223/223\n|switch|p2a: Latios|Latios, L78, M|253/253\n|turn|1\n|inactive|Battle timer is ON: inactive players will automatically lose when time's up. (requested by Leobattlesyou)\n|\n|t:|1732966096\n|switch|p1a: Lunala|Lunala, L70|308/308\n|move|p2a: Latios|Flip Turn|p1a: Lunala\n|-damage|p1a: Lunala|287/308\n|\n|t:|1732966106\n|switch|p2a: Goodra|Goodra, L85, F|292/292|[from] Flip Turn\n|\n|-heal|p1a: Lunala|306/308|[from] item: Leftovers\n|upkeep\n|turn|2\n|\n|t:|1732966126\n|switch|p1a: Carbink|Carbink, L90|236/236\n|move|p2a: Goodra|Knock Off|p1a: Carbink\n|-resisted|p1a: Carbink\n|-damage|p1a: Carbink|212/236\n|-enditem|p1a: Carbink|Leftovers|[from] move: Knock Off|[of] p2a: Goodra\n|\n|upkeep\n|turn|3\n|\n|t:|1732966137\n|move|p2a: Goodra|Power Whip|p1a: Carbink\n|-supereffective|p1a: Carbink\n|-damage|p1a: Carbink|106/236\n|move|p1a: Carbink|Rock Polish|p1a: Carbink\n|-boost|p1a: Carbink|spe|2\n|\n|upkeep\n|turn|4\n|\n|t:|1732966144\n|move|p1a: Carbink|Iron Defense|p1a: Carbink\n|-boost|p1a: Carbink|def|2\n|move|p2a: Goodra|Power Whip|p1a: Carbink\n|-supereffective|p1a: Carbink\n|-damage|p1a: Carbink|54/236\n|\n|upkeep\n|turn|5\n|\n|t:|1732966155\n|move|p1a: Carbink|Iron Defense|p1a: Carbink\n|-boost|p1a: Carbink|def|2\n|move|p2a: Goodra|Power Whip|p1a: Carbink|[miss]\n|-miss|p2a: Goodra|p1a: Carbink\n|\n|upkeep\n|turn|6\n|\n|t:|1732966159\n|move|p1a: Carbink|Body Press|p2a: Goodra\n|-damage|p2a: Goodra|0 fnt\n|faint|p2a: Goodra\n|\n|upkeep\n|\n|t:|1732966163\n|switch|p2a: Latios|Latios, L78, M|253/253\n|turn|7\n|\n|t:|1732966170\n|move|p1a: Carbink|Body Press|p2a: Latios\n|-resisted|p2a: Latios\n|-damage|p2a: Latios|101/253\n|move|p2a: Latios|Luster Purge|p1a: Carbink\n|-damage|p1a: Carbink|0 fnt\n|faint|p1a: Carbink\n|\n|upkeep\n|\n|t:|1732966183\n|switch|p1a: Deoxys|Deoxys-Defense, L84|221/221\n|-ability|p1a: Deoxys|Pressure\n|turn|8\n|\n|t:|1732966188\n|switch|p2a: Luxray|Luxray, L88, M|284/284\n|-ability|p2a: Luxray|Intimidate|boost\n|-unboost|p1a: Deoxys|atk|1\n|move|p1a: Deoxys|Calm Mind|p1a: Deoxys\n|-boost|p1a: Deoxys|spa|1\n|-boost|p1a: Deoxys|spd|1\n|\n|upkeep\n|turn|9\n|\n|t:|1732966200\n|move|p1a: Deoxys|Calm Mind|p1a: Deoxys\n|-boost|p1a: Deoxys|spa|1\n|-boost|p1a: Deoxys|spd|1\n|move|p2a: Luxray|Wild Charge|p1a: Deoxys\n|-damage|p1a: Deoxys|140/221\n|-damage|p2a: Luxray|264/284|[from] Recoil\n|\n|-heal|p1a: Deoxys|153/221|[from] item: Leftovers\n|upkeep\n|turn|10\n|\n|t:|1732966211\n|move|p1a: Deoxys|Psyshock|p2a: Luxray\n|-damage|p2a: Luxray|119/284\n|move|p2a: Luxray|Volt Switch|p1a: Deoxys\n|-crit|p1a: Deoxys\n|-damage|p1a: Deoxys|78/221\n|\n|t:|1732966213\n|switch|p2a: Entei|Entei, L78|307/307|[from] Volt Switch\n|\n|-heal|p1a: Deoxys|91/221|[from] item: Leftovers\n|upkeep\n|turn|11\n|\n|t:|1732966221\n|switch|p1a: Barraskewda|Barraskewda, L81, M|231/231\n|move|p2a: Entei|Flare Blitz|p1a: Barraskewda\n|-resisted|p1a: Barraskewda\n|-damage|p1a: Barraskewda|102/231\n|-damage|p2a: Entei|264/307|[from] Recoil\n|\n|upkeep\n|turn|12\n|\n|t:|1732966224\n|switch|p2a: Luxray|Luxray, L88, M|119/284\n|-ability|p2a: Luxray|Intimidate|boost\n|-unboost|p1a: Barraskewda|atk|1\n|move|p1a: Barraskewda|Flip Turn|p2a: Luxray\n|-damage|p2a: Luxray|44/284\n|\n|t:|1732966226\n|switch|p1a: Deoxys|Deoxys-Defense, L84|91/221|[from] Flip Turn\n|-ability|p1a: Deoxys|Pressure\n|\n|-heal|p1a: Deoxys|104/221|[from] item: Leftovers\n|upkeep\n|turn|13\n|\n|t:|1732966233\n|move|p1a: Deoxys|Psyshock|p2a: Luxray\n|-damage|p2a: Luxray|0 fnt\n|faint|p2a: Luxray\n|\n|-heal|p1a: Deoxys|117/221|[from] item: Leftovers\n|upkeep\n|\n|t:|1732966237\n|switch|p2a: Entei|Entei, L78|264/307\n|turn|14\n|\n|t:|1732966243\n|move|p2a: Entei|Flare Blitz|p1a: Deoxys\n|-damage|p1a: Deoxys|2/221\n|-damage|p2a: Entei|226/307|[from] Recoil\n|move|p1a: Deoxys|Recover|p1a: Deoxys\n|-heal|p1a: Deoxys|113/221\n|\n|-heal|p1a: Deoxys|126/221|[from] item: Leftovers\n|upkeep\n|turn|15\n|\n|t:|1732966255\n|move|p2a: Entei|Flare Blitz|p1a: Deoxys\n|-damage|p1a: Deoxys|18/221\n|-damage|p2a: Entei|190/307|[from] Recoil\n|move|p1a: Deoxys|Recover|p1a: Deoxys\n|-heal|p1a: Deoxys|129/221\n|\n|-heal|p1a: Deoxys|142/221|[from] item: Leftovers\n|upkeep\n|turn|16\n|\n|t:|1732966263\n|switch|p2a: Ninetales|Ninetales-Alola, L78, M|242/242\n|-weather|Snow|[from] ability: Snow Warning|[of] p2a: Ninetales\n|move|p1a: Deoxys|Recover|p1a: Deoxys\n|-heal|p1a: Deoxys|221/221\n|\n|-weather|Snow|[upkeep]\n|upkeep\n|turn|17\n|\n|t:|1732966268\n|switch|p1a: Lunala|Lunala, L70|306/308\n|move|p2a: Ninetales|Encore||[still]\n|-fail|p2a: Ninetales\n|\n|-weather|Snow|[upkeep]\n|-heal|p1a: Lunala|308/308|[from] item: Leftovers\n|upkeep\n|turn|18\n|\n|t:|1732966278\n|move|p2a: Ninetales|Moonblast|p1a: Lunala\n|-damage|p1a: Lunala|270/308\n|move|p1a: Lunala|Moongeist Beam|p2a: Ninetales\n|-damage|p2a: Ninetales|140/242\n|\n|-weather|Snow|[upkeep]\n|-heal|p1a: Lunala|289/308|[from] item: Leftovers\n|upkeep\n|turn|19\n|\n|t:|1732966287\n|move|p2a: Ninetales|Aurora Veil|p2a: Ninetales\n|-sidestart|p2: ananananji|move: Aurora Veil\n|move|p1a: Lunala|Moongeist Beam|p2a: Ninetales\n|-damage|p2a: Ninetales|91/242\n|\n|-weather|Snow|[upkeep]\n|-heal|p1a: Lunala|308/308|[from] item: Leftovers\n|upkeep\n|turn|20\n|\n|t:|1732966294\n|move|p2a: Ninetales|Blizzard|p1a: Lunala\n|-damage|p1a: Lunala|261/308\n|move|p1a: Lunala|Moonblast|p2a: Ninetales\n|-damage|p2a: Ninetales|59/242\n|\n|-weather|none\n|-heal|p1a: Lunala|280/308|[from] item: Leftovers\n|upkeep\n|turn|21\n|\n|t:|1732966302\n|move|p2a: Ninetales|Blizzard|p1a: Lunala\n|-damage|p1a: Lunala|193/308\n|-status|p1a: Lunala|frz\n|cant|p1a: Lunala|frz\n|\n|-heal|p1a: Lunala|212/308 frz|[from] item: Leftovers\n|upkeep\n|turn|22\n|\n|t:|1732966307\n|switch|p2a: Ogerpon|Ogerpon-Hearthflame, L74, F|239/239\n|-ability|p2a: Ogerpon|Mold Breaker\n|cant|p1a: Lunala|frz\n|\n|-heal|p1a: Lunala|231/308 frz|[from] item: Leftovers\n|upkeep\n|turn|23\n|\n|t:|1732966320\n|switch|p1a: Brambleghast|Brambleghast, L88, M|240/240\n|move|p2a: Ogerpon|Swords Dance|p2a: Ogerpon\n|-boost|p2a: Ogerpon|atk|2\n|\n|upkeep\n|turn|24\n|\n|t:|1732966326\n|move|p1a: Brambleghast|Poltergeist|p2a: Ogerpon\n|-activate|p2a: Ogerpon|move: Poltergeist|Hearthflame Mask\n|-damage|p2a: Ogerpon|149/239\n|move|p2a: Ogerpon|Ivy Cudgel|p1a: Brambleghast|[anim] Ivy Cudgel Fire\n|-supereffective|p1a: Brambleghast\n|-damage|p1a: Brambleghast|0 fnt\n|faint|p1a: Brambleghast\n|\n|upkeep\n|\n|t:|1732966332\n|switch|p1a: Deoxys|Deoxys-Defense, L84|221/221\n|-ability|p1a: Deoxys|Pressure\n|turn|25\n|inactive|Leobattlesyou has 120 seconds left.\n|l|\u2606Leobattlesyou\n|inactive|Leobattlesyou disconnected and has a minute to reconnect!\n|player|p1|\n|inactive|Leobattlesyou has 30 seconds to reconnect!\n|inactive|Leobattlesyou has 20 seconds to reconnect!\n|inactive|Leobattlesyou has 15 seconds to reconnect!\n|inactive|Leobattlesyou has 10 seconds to reconnect!\n|inactive|Leobattlesyou has 5 seconds to reconnect!\n|-message|Leobattlesyou lost due to inactivity.\n|\n|win|ananananji\n|raw|Leobattlesyou's rating: 2089 &rarr; <strong>2068</strong><br />(-21 for losing)\n|raw|ananananji's rating: 2064 &rarr; <strong>2085</strong><br />(+21 for winning)\n", "inputlog": ">version b107d77f5c90bd6555267ae244a6264823309ead\n>start {\"formatid\":\"gen9randombattle\",\"seed\":[20257,55571,43831,10515],\"rated\":\"Rated battle\"}\n>player p1 {\"name\":\"Leobattlesyou\",\"avatar\":\"ruinmaniac\",\"rating\":2089,\"seed\":[56481,56213,37357,55240]}\n>player p2 {\"name\":\"ananananji\",\"avatar\":\"102\",\"rating\":2064,\"seed\":[52033,25424,45921,64128]}\n>p1 switch 3\n>p2 move flipturn\n>p2 switch 6\n>p1 switch 2\n>p2 move knockoff\n>p1 move rockpolish\n>p2 move powerwhip\n>p1 move irondefense\n>p2 move powerwhip\n>p1 move irondefense\n>p2 move powerwhip\n>p1 move bodypress\n>p2 move powerwhip\n>p2 switch 6\n>p1 move bodypress\n>p2 move lusterpurge\n>p1 switch 4\n>p1 move calmmind\n>p2 switch 3\n>p1 move calmmind\n>p2 move wildcharge\n>p1 move psyshock\n>p2 move voltswitch\n>p2 switch 4\n>p1 switch 5\n>p2 move flareblitz\n>p1 move flipturn\n>p2 switch 4\n>p1 switch 5\n>p1 move psyshock\n>p2 move voltswitch\n>p2 switch 4\n>p1 move recover\n>p2 move flareblitz\n>p1 move recover\n>p2 move flareblitz\n>p1 move recover\n>p2 switch 5\n>p1 switch 2\n>p2 move encore\n>p1 move moongeistbeam\n>p2 move moonblast\n>p1 move moongeistbeam\n>p2 move auroraveil\n>p1 move moonblast\n>p2 move blizzard\n>p1 move moonblast\n>p2 move blizzard\n>p1 move moonlight\n>p2 switch 2\n>p1 switch 6\n>p2 move swordsdance\n>p1 move poltergeist\n>p2 move ivycudgel\n>p1 switch 2\n>forcelose p1", "uploadtime": 1732966424, "views": 1, "formatid": "gen9randombattle", "rating": 2068, "private": 0, "password": null}