{"id": "gen9randombattle-2253792746", "format": "[Gen 9] Random Battle", "players": ["tyronemcride", "Twilight_ICU6790"], "log": "|j|\u2606tyronemcride\n|j|\u2606Twilight_ICU6790\n|t:|1732939046\n|gametype|singles\n|player|p1|tyronemcride|fisherman-gen4|1130\n|player|p2|Twilight_ICU6790|101|1096\n|teamsize|p1|6\n|teamsize|p2|6\n|gen|9\n|tier|[Gen 9] Random Battle\n|rated|\n|rule|Species Clause: Limit one of each Pok\u00e9mon\n|rule|HP Percentage Mod: HP is shown in percentages\n|rule|Sleep Clause Mod: Limit one foe put to sleep\n|rule|Illusion Level Mod: Illusion disguises the Pok\u00e9mon's true level\n|\n|t:|1732939046\n|start\n|switch|p1a: Vaporeon|Vaporeon, L86, F|364/364\n|switch|p2a: Ogerpon|Ogerpon-Wellspring, L76, F|247/247\n|turn|1\n|\n|t:|1732939052\n|move|p2a: Ogerpon|Power Whip|p1a: Vaporeon|[miss]\n|-miss|p2a: Ogerpon|p1a: Vaporeon\n|move|p1a: Vaporeon|Scald|p2a: Ogerpon\n|-immune|p2a: Ogerpon|[from] ability: Water Absorb\n|\n|upkeep\n|turn|2\n|\n|t:|1732939059\n|switch|p1a: Hydreigon|Hydreigon, L79, F|275/275\n|move|p2a: Ogerpon|Power Whip|p1a: Hydreigon\n|-resisted|p1a: Hydreigon\n|-damage|p1a: Hydreigon|194/275\n|\n|upkeep\n|turn|3\n|\n|t:|1732939069\n|move|p1a: Hydreigon|Dark Pulse|p2a: Ogerpon\n|-damage|p2a: Ogerpon|159/247\n|cant|p2a: Ogerpon|flinch\n|\n|upkeep\n|turn|4\n|\n|t:|1732939077\n|move|p1a: Hydreigon|Dark Pulse|p2a: Ogerpon\n|-damage|p2a: Ogerpon|57/247\n|move|p2a: Ogerpon|Play Rough|p1a: Hydreigon|[miss]\n|-miss|p2a: Ogerpon|p1a: Hydreigon\n|\n|upkeep\n|turn|5\n|\n|t:|1732939083\n|move|p1a: Hydreigon|Dark Pulse|p2a: Ogerpon\n|-damage|p2a: Ogerpon|0 fnt\n|faint|p2a: Ogerpon\n|\n|upkeep\n|c|\u2606tyronemcride|lol\n|c|\u2606Twilight_ICU6790|brooo\n|c|\u2606Twilight_ICU6790|this game sucks ass\n|\n|t:|1732939113\n|switch|p2a: Glalie|Glalie, L96, M|309/309\n|turn|6\n|\n|t:|1732939127\n|switch|p1a: Hariyama|Hariyama, L87, M|392/392\n|move|p2a: Glalie|Freeze-Dry|p1a: Hariyama\n|-damage|p1a: Hariyama|355/392\n|\n|upkeep\n|turn|7\n|inactive|Battle timer is ON: inactive players will automatically lose when time's up. (requested by Twilight_ICU6790)\n|\n|t:|1732939146\n|switch|p2a: Hoopa|Hoopa, L85|275/275\n|move|p1a: Hariyama|Knock Off|p2a: Hoopa\n|-supereffective|p2a: Hoopa\n|-damage|p2a: Hoopa|0 fnt\n|-enditem|p2a: Hoopa|Life Orb|[from] move: Knock Off|[of] p1a: Hariyama\n|faint|p2a: Hoopa\n|\n|upkeep\n|c|\u2606tyronemcride|based\n|c|\u2606Twilight_ICU6790|omg\n|c|\u2606Twilight_ICU6790|lol\n|c|\u2606tyronemcride|Feel free to forfeit\n|c|\u2606Twilight_ICU6790|im cooked\n|c|\u2606Twilight_ICU6790|why i so bad\n|inactive|Twilight_ICU6790 has 120 seconds left.\n|\n|t:|1732939183\n|switch|p2a: Regirock|Regirock, L83|268/268\n|turn|8\n|inactive|Twilight_ICU6790 has 120 seconds left.\n|\n|t:|1732939196\n|switch|p1a: Vaporeon|Vaporeon, L86, F|364/364\n|-terastallize|p2a: Regirock|Fighting\n|move|p2a: Regirock|Body Press|p1a: Vaporeon\n|-damage|p1a: Vaporeon|184/364\n|\n|-heal|p1a: Vaporeon|206/364|[from] item: Leftovers\n|upkeep\n|turn|9\n|\n|t:|1732939224\n|move|p1a: Vaporeon|Scald|p2a: Regirock\n|-damage|p2a: Regirock|178/268\n|move|p2a: Regirock|Body Press|p1a: Vaporeon\n|-damage|p1a: Vaporeon|8/364\n|\n|-heal|p1a: Vaporeon|30/364|[from] item: Leftovers\n|upkeep\n|turn|10\n|\n|t:|1732939233\n|switch|p1a: Houndstone|Houndstone, L86, M|264/264\n|move|p2a: Regirock|Body Press|p1a: Houndstone\n|-immune|p1a: Houndstone\n|\n|upkeep\n|turn|11\n|\n|t:|1732939241\n|switch|p1a: Solgaleo|Solgaleo, L74|325/325\n|move|p2a: Regirock|Rest|p2a: Regirock\n|-status|p2a: Regirock|slp|[from] move: Rest\n|-heal|p2a: Regirock|268/268 slp|[silent]\n|-enditem|p2a: Regirock|Chesto Berry|[eat]\n|-curestatus|p2a: Regirock|slp|[msg]\n|\n|upkeep\n|turn|12\n|\n|t:|1732939251\n|move|p1a: Solgaleo|Psychic|p2a: Regirock\n|-supereffective|p2a: Regirock\n|-damage|p2a: Regirock|118/268\n|move|p2a: Regirock|Body Press|p1a: Solgaleo\n|-damage|p1a: Solgaleo|165/325\n|\n|upkeep\n|turn|13\n|\n|t:|1732939258\n|move|p1a: Solgaleo|Psychic|p2a: Regirock\n|-supereffective|p2a: Regirock\n|-damage|p2a: Regirock|0 fnt\n|faint|p2a: Regirock\n|\n|upkeep\n|c|\u2606Twilight_ICU6790|WHAT IS YOUR TEAM\n|c|\u2606Twilight_ICU6790|WHY I GETTING TRASH AND U GET OP\n|inactive|Twilight_ICU6790 has 120 seconds left.\n|\n|t:|1732939283\n|switch|p2a: Kleavor|Kleavor, L78, M|237/237\n|turn|14\n|c|\u2606tyronemcride|Dude you messed up by going for bodyslam on vaporeon when it had no health\n|inactive|Twilight_ICU6790 has 120 seconds left.\n|c|\u2606tyronemcride|And you stayed in on two psychics\n|\n|t:|1732939306\n|move|p1a: Solgaleo|Sunsteel Strike|p2a: Kleavor\n|-supereffective|p2a: Kleavor\n|-damage|p2a: Kleavor|3/237\n|move|p2a: Kleavor|X-Scissor|p1a: Solgaleo\n|-damage|p1a: Solgaleo|36/325\n|\n|upkeep\n|turn|15\n|inactive|Twilight_ICU6790 has 120 seconds left.\n|\n|t:|1732939322\n|move|p1a: Solgaleo|Flame Charge|p2a: Kleavor\n|-damage|p2a: Kleavor|0 fnt\n|-boost|p1a: Solgaleo|spe|1\n|faint|p2a: Kleavor\n|\n|upkeep\n|\n|t:|1732939329\n|switch|p2a: Kyogre|Kyogre, L71|259/259\n|-weather|RainDance|[from] ability: Drizzle|[of] p2a: Kyogre\n|turn|16\n|inactive|Twilight_ICU6790 has 120 seconds left.\n|\n|t:|1732939338\n|move|p1a: Solgaleo|Knock Off|p2a: Kyogre\n|-damage|p2a: Kyogre|176/259\n|-enditem|p2a: Kyogre|Leftovers|[from] move: Knock Off|[of] p1a: Solgaleo\n|move|p2a: Kyogre|Origin Pulse|p1a: Solgaleo\n|-damage|p1a: Solgaleo|0 fnt\n|faint|p1a: Solgaleo\n|\n|-weather|RainDance|[upkeep]\n|upkeep\n|\n|t:|1732939352\n|switch|p1a: Zebstrika|Zebstrika, L87, M|272/272\n|turn|17\n|\n|t:|1732939356\n|switch|p1a: Vaporeon|Vaporeon, L86, F|30/364\n|switch|p2a: Glalie|Glalie, L96, M|309/309\n|\n|-weather|RainDance|[upkeep]\n|-heal|p1a: Vaporeon|52/364|[from] item: Leftovers\n|upkeep\n|turn|18\n|\n|t:|1732939366\n|move|p1a: Vaporeon|Protect|p1a: Vaporeon\n|-singleturn|p1a: Vaporeon|Protect\n|move|p2a: Glalie|Freeze-Dry|p1a: Vaporeon\n|-activate|p1a: Vaporeon|move: Protect\n|\n|-weather|RainDance|[upkeep]\n|-heal|p1a: Vaporeon|74/364|[from] item: Leftovers\n|upkeep\n|turn|19\n|\n|t:|1732939375\n|switch|p1a: Hariyama|Hariyama, L87, M|355/392\n|move|p2a: Glalie|Freeze-Dry|p1a: Hariyama\n|-damage|p1a: Hariyama|319/392\n|\n|-weather|RainDance|[upkeep]\n|upkeep\n|turn|20\n|\n|t:|1732939382\n|switch|p2a: Kyogre|Kyogre, L71|176/259\n|move|p1a: Hariyama|Close Combat|p2a: Kyogre\n|-damage|p2a: Kyogre|0 fnt\n|-unboost|p1a: Hariyama|def|1\n|-unboost|p1a: Hariyama|spd|1\n|faint|p2a: Kyogre\n|\n|-weather|none\n|upkeep\n|\n|t:|1732939390\n|switch|p2a: Glalie|Glalie, L96, M|309/309\n|turn|21\n|\n|t:|1732939395\n|move|p2a: Glalie|Disable|p1a: Hariyama\n|-start|p1a: Hariyama|Disable|Close Combat\n|cant|p1a: Hariyama|Disable|Close Combat\n|\n|upkeep\n|turn|22\n|\n|t:|1732939405\n|switch|p1a: Houndstone|Houndstone, L86, M|264/264\n|move|p2a: Glalie|Freeze-Dry|p1a: Houndstone\n|-damage|p1a: Houndstone|195/264\n|\n|-heal|p1a: Houndstone|211/264|[from] item: Leftovers\n|upkeep\n|turn|23\n|\n|t:|1732939413\n|move|p2a: Glalie|Earthquake|p1a: Houndstone\n|-damage|p1a: Houndstone|139/264\n|move|p1a: Houndstone|Body Press|p2a: Glalie\n|-supereffective|p2a: Glalie\n|-damage|p2a: Glalie|191/309\n|\n|-heal|p1a: Houndstone|155/264|[from] item: Leftovers\n|upkeep\n|turn|24\n|\n|t:|1732939423\n|move|p2a: Glalie|Disable|p1a: Houndstone\n|-start|p1a: Houndstone|Disable|Body Press\n|cant|p1a: Houndstone|Disable|Body Press\n|\n|-heal|p1a: Houndstone|171/264|[from] item: Leftovers\n|upkeep\n|turn|25\n|\n|t:|1732939428\n|switch|p1a: Hariyama|Hariyama, L87, M|319/392\n|move|p2a: Glalie|Freeze-Dry|p1a: Hariyama\n|-damage|p1a: Hariyama|286/392\n|-status|p1a: Hariyama|frz\n|\n|upkeep\n|turn|26\n|\n|t:|1732939437\n|move|p2a: Glalie|Earthquake|p1a: Hariyama\n|-damage|p1a: Hariyama|192/392 frz\n|cant|p1a: Hariyama|frz\n|\n|upkeep\n|turn|27\n|\n|t:|1732939442\n|move|p2a: Glalie|Earthquake|p1a: Hariyama\n|-damage|p1a: Hariyama|89/392 frz\n|-curestatus|p1a: Hariyama|frz|[msg]\n|move|p1a: Hariyama|Close Combat|p2a: Glalie\n|-supereffective|p2a: Glalie\n|-damage|p2a: Glalie|0 fnt\n|-unboost|p1a: Hariyama|def|1\n|-unboost|p1a: Hariyama|spd|1\n|faint|p2a: Glalie\n|\n|win|tyronemcride\n", "inputlog": ">version b107d77f5c90bd6555267ae244a6264823309ead\n>start {\"formatid\":\"gen9randombattle\",\"seed\":[11385,61599,4527,5228],\"rated\":\"Rated battle\"}\n>player p1 {\"name\":\"tyronemcride\",\"avatar\":\"fisherman-gen4\",\"rating\":1130,\"seed\":[38004,61481,34586,64456]}\n>player p2 {\"name\":\"Twilight_ICU6790\",\"avatar\":\"101\",\"rating\":1096,\"seed\":[15427,41317,13958,21684]}\n>p1 move scald\n>p2 move powerwhip\n>p1 switch 4\n>p2 move powerwhip\n>p1 move darkpulse\n>p2 move playrough\n>p1 move darkpulse\n>p2 move playrough\n>p1 move darkpulse\n>p2 move playrough\n>chat \u2606tyronemcride|lol\n>chat \u2606Twilight_ICU6790|brooo\n>chat \u2606Twilight_ICU6790|this game sucks ass\n>p2 switch 2\n>p1 switch 3\n>p2 move freezedry\n>p1 move knockoff\n>p2 switch 5\n>chat \u2606tyronemcride|based\n>chat \u2606Twilight_ICU6790|omg\n>chat \u2606Twilight_ICU6790|lol\n>chat \u2606tyronemcride|Feel free to forfeit\n>chat \u2606Twilight_ICU6790|im cooked\n>chat \u2606Twilight_ICU6790|why i so bad\n>p2 switch 6\n>p1 switch 4\n>p2 move bodypress terastallize\n>p1 move scald\n>p2 move bodypress\n>p1 switch 6\n>p2 move bodypress\n>p1 switch 5\n>p2 move rest\n>p1 move psychic\n>p2 move bodypress\n>p1 move psychic\n>p2 move bodypress\n>chat \u2606Twilight_ICU6790|WHAT IS YOUR TEAM\n>chat \u2606Twilight_ICU6790|WHY I GETTING TRASH AND U GET OP\n>p2 switch 3\n>chat \u2606tyronemcride|Dude you messed up by going for bodyslam on vaporeon when it had no health\n>chat \u2606tyronemcride|And you stayed in on two psychics\n>p1 move sunsteelstrike\n>p2 move xscissor\n>p1 move flamecharge\n>p2 move defog\n>p2 switch 4\n>p1 move knockoff\n>p2 move originpulse\n>p1 switch 2\n>p1 switch 6\n>p2 switch 5\n>p1 move protect\n>p2 move freezedry\n>p1 switch 4\n>p2 move freezedry\n>p1 move closecombat\n>p2 switch 5\n>p2 switch 5\n>p1 move closecombat\n>p2 move disable\n>p1 switch 5\n>p2 move freezedry\n>p1 move bodypress\n>p2 move earthquake\n>p1 move bodypress\n>p2 move disable\n>p1 switch 5\n>p2 move freezedry\n>p1 move closecombat\n>p2 move earthquake\n>p1 move closecombat\n>p2 move earthquake", "uploadtime": 1732939096, "views": 15, "formatid": "gen9randombattle", "rating": null, "private": 0, "password": null}