{"id": "gen9randombattle-2254064467", "format": "[Gen 9] Random Battle", "players": ["galenvarg0", "123456789ok"], "log": "|j|\u2606galenvarg0\n|j|\u2606123456789ok\n|t:|1732986788\n|gametype|singles\n|player|p1|galenvarg0|whitney|1393\n|player|p2|123456789ok|169|1417\n|teamsize|p1|6\n|teamsize|p2|6\n|gen|9\n|tier|[Gen 9] Random Battle\n|rated|\n|rule|Species Clause: Limit one of each Pok\u00e9mon\n|rule|HP Percentage Mod: HP is shown in percentages\n|rule|Sleep Clause Mod: Limit one foe put to sleep\n|rule|Illusion Level Mod: Illusion disguises the Pok\u00e9mon's true level\n|\n|t:|1732986788\n|start\n|switch|p1a: Glimmora|Glimmora, L75, M|248/248\n|switch|p2a: Rotom|Rotom-Fan, L86|226/226\n|turn|1\n|inactive|Battle timer is ON: inactive players will automatically lose when time's up. (requested by 123456789ok)\n|\n|t:|1732986802\n|move|p2a: Rotom|Will-O-Wisp|p1a: Glimmora\n|-status|p1a: Glimmora|brn\n|move|p1a: Glimmora|Meteor Beam||[still]\n|-prepare|p1a: Glimmora|Meteor Beam\n|-boost|p1a: Glimmora|spa|1\n|-enditem|p1a: Glimmora|Power Herb\n|-anim|p1a: Glimmora|Meteor Beam|p2a: Rotom\n|-supereffective|p2a: Rotom\n|-crit|p2a: Rotom\n|-damage|p2a: Rotom|0 fnt\n|faint|p2a: Rotom\n|\n|-damage|p1a: Glimmora|233/248 brn|[from] brn\n|upkeep\n|\n|t:|1732986821\n|switch|p2a: Golduck|Golduck, L90, F|290/290\n|-ability|p2a: Golduck|Cloud Nine\n|turn|2\n|\n|t:|1732986841\n|move|p2a: Golduck|Nasty Plot|p2a: Golduck\n|-boost|p2a: Golduck|spa|2\n|move|p1a: Glimmora|Energy Ball|p2a: Golduck\n|-supereffective|p2a: Golduck\n|-damage|p2a: Golduck|84/290\n|\n|-heal|p2a: Golduck|102/290|[from] item: Leftovers\n|-damage|p1a: Glimmora|218/248 brn|[from] brn\n|upkeep\n|turn|3\n|\n|t:|1732986851\n|move|p2a: Golduck|Hydro Pump|p1a: Glimmora|[miss]\n|-miss|p2a: Golduck|p1a: Glimmora\n|move|p1a: Glimmora|Energy Ball|p2a: Golduck\n|-supereffective|p2a: Golduck\n|-damage|p2a: Golduck|0 fnt\n|faint|p2a: Golduck\n|\n|-damage|p1a: Glimmora|203/248 brn|[from] brn\n|upkeep\n|\n|t:|1732986860\n|switch|p2a: Vileplume|Vileplume, L86, F|269/269\n|turn|4\n|\n|t:|1732986869\n|move|p1a: Glimmora|Meteor Beam||[still]\n|-prepare|p1a: Glimmora|Meteor Beam\n|-boost|p1a: Glimmora|spa|1\n|move|p2a: Vileplume|Giga Drain|p1a: Glimmora\n|-damage|p1a: Glimmora|103/248 brn\n|\n|-damage|p1a: Glimmora|88/248 brn|[from] brn\n|upkeep\n|turn|5\n|\n|t:|1732986883\n|move|p1a: Glimmora|Meteor Beam|p2a: Vileplume|[from]lockedmove\n|-damage|p2a: Vileplume|28/269\n|move|p2a: Vileplume|Strength Sap|p1a: Glimmora\n|-unboost|p1a: Glimmora|atk|1\n|-heal|p2a: Vileplume|115/269\n|\n|-heal|p2a: Vileplume|131/269|[from] item: Leftovers\n|-damage|p1a: Glimmora|73/248 brn|[from] brn\n|upkeep\n|turn|6\n|\n|t:|1732986901\n|move|p1a: Glimmora|Sludge Wave|p2a: Vileplume\n|-damage|p2a: Vileplume|0 fnt\n|faint|p2a: Vileplume\n|\n|-damage|p1a: Glimmora|58/248 brn|[from] brn\n|upkeep\n|\n|t:|1732986906\n|switch|p2a: Pachirisu|Pachirisu, L96, M|271/271\n|turn|7\n|\n|t:|1732986921\n|move|p2a: Pachirisu|Thunderbolt|p1a: Glimmora\n|-damage|p1a: Glimmora|0 fnt\n|faint|p1a: Glimmora\n|\n|upkeep\n|\n|t:|1732986943\n|switch|p1a: Hoopa|Hoopa, L85|275/275\n|turn|8\n|\n|t:|1732986952\n|move|p1a: Hoopa|Psyshock|p2a: Pachirisu\n|-damage|p2a: Pachirisu|133/271\n|move|p2a: Pachirisu|Nuzzle|p1a: Hoopa\n|-crit|p1a: Hoopa\n|-damage|p1a: Hoopa|241/275\n|-status|p1a: Hoopa|par\n|\n|upkeep\n|turn|9\n|\n|t:|1732986967\n|move|p2a: Pachirisu|U-turn|p1a: Hoopa\n|-damage|p1a: Hoopa|189/275 par\n|\n|t:|1732986969\n|switch|p2a: Darkrai|Darkrai, L77|234/234|[from] U-turn\n|cant|p1a: Hoopa|par\n|\n|upkeep\n|turn|10\n|\n|t:|1732986986\n|move|p2a: Darkrai|Dark Pulse|p1a: Hoopa\n|-supereffective|p1a: Hoopa\n|-damage|p1a: Hoopa|0 fnt\n|faint|p1a: Hoopa\n|-damage|p2a: Darkrai|211/234|[from] item: Life Orb\n|\n|upkeep\n|inactive|galenvarg0 has 120 seconds left.\n|\n|t:|1732987003\n|switch|p1a: Vikavolt|Vikavolt, L83, M|263/263\n|turn|11\n|\n|t:|1732987022\n|switch|p2a: Bellossom|Bellossom, L84, F|263/263\n|move|p1a: Vikavolt|Sticky Web|p2a: Bellossom\n|-sidestart|p2: 123456789ok|move: Sticky Web\n|\n|upkeep\n|turn|12\n|\n|t:|1732987028\n|-terastallize|p2a: Bellossom|Water\n|move|p2a: Bellossom|Sleep Powder|p1a: Vikavolt\n|-status|p1a: Vikavolt|slp|[from] move: Sleep Powder\n|cant|p1a: Vikavolt|slp\n|\n|upkeep\n|turn|13\n|\n|t:|1732987042\n|switch|p1a: Arceus|Arceus-Psychic, L69|280/280\n|move|p2a: Bellossom|Quiver Dance|p2a: Bellossom\n|-boost|p2a: Bellossom|spa|1\n|-boost|p2a: Bellossom|spd|1\n|-boost|p2a: Bellossom|spe|1\n|\n|upkeep\n|turn|14\n|\n|t:|1732987051\n|move|p1a: Arceus|Cosmic Power|p1a: Arceus\n|-boost|p1a: Arceus|def|1\n|-boost|p1a: Arceus|spd|1\n|move|p2a: Bellossom|Quiver Dance|p2a: Bellossom\n|-boost|p2a: Bellossom|spa|1\n|-boost|p2a: Bellossom|spd|1\n|-boost|p2a: Bellossom|spe|1\n|\n|upkeep\n|turn|15\n|\n|t:|1732987059\n|move|p2a: Bellossom|Giga Drain|p1a: Arceus\n|-damage|p1a: Arceus|192/280\n|move|p1a: Arceus|Cosmic Power|p1a: Arceus\n|-boost|p1a: Arceus|def|1\n|-boost|p1a: Arceus|spd|1\n|\n|upkeep\n|turn|16\n|\n|t:|1732987068\n|move|p2a: Bellossom|Giga Drain|p1a: Arceus\n|-damage|p1a: Arceus|122/280\n|move|p1a: Arceus|Cosmic Power|p1a: Arceus\n|-boost|p1a: Arceus|def|1\n|-boost|p1a: Arceus|spd|1\n|\n|upkeep\n|turn|17\n|\n|t:|1732987076\n|move|p2a: Bellossom|Quiver Dance|p2a: Bellossom\n|-boost|p2a: Bellossom|spa|1\n|-boost|p2a: Bellossom|spd|1\n|-boost|p2a: Bellossom|spe|1\n|move|p1a: Arceus|Recover|p1a: Arceus\n|-heal|p1a: Arceus|262/280\n|\n|upkeep\n|turn|18\n|\n|t:|1732987084\n|move|p2a: Bellossom|Quiver Dance|p2a: Bellossom\n|-boost|p2a: Bellossom|spa|1\n|-boost|p2a: Bellossom|spd|1\n|-boost|p2a: Bellossom|spe|1\n|move|p1a: Arceus|Body Press|p2a: Bellossom\n|-damage|p2a: Bellossom|161/263\n|\n|-heal|p2a: Bellossom|177/263|[from] item: Leftovers\n|upkeep\n|turn|19\n|\n|t:|1732987098\n|move|p2a: Bellossom|Quiver Dance|p2a: Bellossom\n|-boost|p2a: Bellossom|spa|1\n|-boost|p2a: Bellossom|spd|1\n|-boost|p2a: Bellossom|spe|1\n|move|p1a: Arceus|Cosmic Power|p1a: Arceus\n|-boost|p1a: Arceus|def|1\n|-boost|p1a: Arceus|spd|1\n|\n|-heal|p2a: Bellossom|193/263|[from] item: Leftovers\n|upkeep\n|turn|20\n|\n|t:|1732987107\n|move|p2a: Bellossom|Quiver Dance|p2a: Bellossom\n|-boost|p2a: Bellossom|spa|1\n|-boost|p2a: Bellossom|spd|1\n|-boost|p2a: Bellossom|spe|1\n|move|p1a: Arceus|Cosmic Power|p1a: Arceus\n|-boost|p1a: Arceus|def|1\n|-boost|p1a: Arceus|spd|1\n|\n|-heal|p2a: Bellossom|209/263|[from] item: Leftovers\n|upkeep\n|turn|21\n|\n|t:|1732987117\n|move|p2a: Bellossom|Giga Drain|p1a: Arceus\n|-damage|p1a: Arceus|178/280\n|-heal|p2a: Bellossom|251/263|[from] drain|[of] p1a: Arceus\n|move|p1a: Arceus|Body Press|p2a: Bellossom\n|-damage|p2a: Bellossom|111/263\n|\n|-heal|p2a: Bellossom|127/263|[from] item: Leftovers\n|upkeep\n|turn|22\n|\n|t:|1732987127\n|move|p2a: Bellossom|Giga Drain|p1a: Arceus\n|-damage|p1a: Arceus|90/280\n|-heal|p2a: Bellossom|171/263|[from] drain|[of] p1a: Arceus\n|move|p1a: Arceus|Body Press|p2a: Bellossom\n|-damage|p2a: Bellossom|16/263\n|\n|-heal|p2a: Bellossom|32/263|[from] item: Leftovers\n|upkeep\n|turn|23\n|\n|t:|1732987138\n|move|p2a: Bellossom|Strength Sap|p1a: Arceus\n|-unboost|p1a: Arceus|atk|1\n|-heal|p2a: Bellossom|202/263\n|move|p1a: Arceus|Recover|p1a: Arceus\n|-heal|p1a: Arceus|230/280\n|\n|-heal|p2a: Bellossom|218/263|[from] item: Leftovers\n|upkeep\n|turn|24\n|\n|t:|1732987148\n|move|p2a: Bellossom|Giga Drain|p1a: Arceus\n|-damage|p1a: Arceus|145/280\n|-heal|p2a: Bellossom|261/263|[from] drain|[of] p1a: Arceus\n|move|p1a: Arceus|Cosmic Power|p1a: Arceus\n|-boost|p1a: Arceus|def|1\n|-boost|p1a: Arceus|spd|1\n|\n|-heal|p2a: Bellossom|263/263|[from] item: Leftovers\n|upkeep\n|turn|25\n|\n|t:|1732987158\n|move|p2a: Bellossom|Giga Drain|p1a: Arceus\n|-crit|p1a: Arceus\n|-damage|p1a: Arceus|0 fnt\n|faint|p1a: Arceus\n|\n|upkeep\n|\n|t:|1732987165\n|switch|p1a: Bellossom|Bellossom, L84, F|263/263\n|turn|26\n|\n|t:|1732987176\n|move|p2a: Bellossom|Giga Drain|p1a: Bellossom\n|-resisted|p1a: Bellossom\n|-damage|p1a: Bellossom|128/263\n|move|p1a: Bellossom|Giga Drain|p2a: Bellossom\n|-supereffective|p2a: Bellossom\n|-damage|p2a: Bellossom|227/263\n|-heal|p1a: Bellossom|146/263|[from] drain|[of] p2a: Bellossom\n|\n|-heal|p2a: Bellossom|243/263|[from] item: Leftovers\n|-heal|p1a: Bellossom|162/263|[from] item: Leftovers\n|upkeep\n|turn|27\n|-message|galenvarg0 forfeited.\n|\n|win|123456789ok\n|raw|galenvarg0's rating: 1393 &rarr; <strong>1374</strong><br />(-19 for losing)\n|raw|123456789ok's rating: 1417 &rarr; <strong>1436</strong><br />(+19 for winning)\n|l|\u2606galenvarg0\n|player|p1|\n", "inputlog": ">version b107d77f5c90bd6555267ae244a6264823309ead\n>start {\"formatid\":\"gen9randombattle\",\"seed\":[23949,22016,45437,45372],\"rated\":\"Rated battle\"}\n>player p1 {\"name\":\"galenvarg0\",\"avatar\":\"whitney\",\"rating\":1393,\"seed\":[31170,32671,10298,61298]}\n>player p2 {\"name\":\"123456789ok\",\"avatar\":\"169\",\"rating\":1417,\"seed\":[36268,3082,49833,37888]}\n>p1 move meteorbeam\n>p2 move willowisp\n>p2 switch 3\n>p1 move energyball\n>p2 move nastyplot\n>p1 move energyball\n>p2 move hydropump\n>p2 switch 2\n>p1 move meteorbeam\n>p2 move gigadrain\n>p1 move meteorbeam\n>p2 move strengthsap\n>p1 move sludgewave\n>p2 move gigadrain\n>p2 switch 6\n>p1 move earthpower\n>p2 move thunderbolt\n>p1 switch 6\n>p1 move psyshock\n>p2 move nuzzle\n>p1 move psyshock\n>p2 move uturn\n>p2 switch 5\n>p1 move psyshock\n>p2 move darkpulse\n>p1 switch 4\n>p1 move stickyweb\n>p2 switch 4\n>p1 move bugbuzz\n>p2 move sleeppowder terastallize\n>p1 switch 2\n>p2 move quiverdance\n>p1 move cosmicpower\n>p2 move quiverdance\n>p1 move cosmicpower\n>p2 move gigadrain\n>p1 move cosmicpower\n>p2 move gigadrain\n>p1 move recover\n>p2 move quiverdance\n>p1 move bodypress\n>p2 move quiverdance\n>p1 move cosmicpower\n>p2 move quiverdance\n>p1 move cosmicpower\n>p2 move quiverdance\n>p1 move bodypress\n>p2 move gigadrain\n>p1 move bodypress\n>p2 move gigadrain\n>p1 move recover\n>p2 move strengthsap\n>p1 move cosmicpower\n>p2 move gigadrain\n>p1 move recover\n>p2 move gigadrain\n>p1 switch 3\n>p1 move gigadrain\n>p2 move gigadrain\n>forcelose p1", "uploadtime": 1732987196, "views": 2, "formatid": "gen9randombattle", "rating": 1374, "private": 0, "password": null}