{"id": "gen9randombattle-2253957010", "format": "[Gen 9] Random Battle", "players": ["phap", "Anderj10"], "log": "|j|\u2606phap\n|j|\u2606Anderj10\n|t:|1732971159\n|gametype|singles\n|player|p1|phap|266|1673\n|player|p2|Anderj10|lanette|1680\n|teamsize|p1|6\n|teamsize|p2|6\n|gen|9\n|tier|[Gen 9] Random Battle\n|rated|\n|rule|Species Clause: Limit one of each Pok\u00e9mon\n|rule|HP Percentage Mod: HP is shown in percentages\n|rule|Sleep Clause Mod: Limit one foe put to sleep\n|rule|Illusion Level Mod: Illusion disguises the Pok\u00e9mon's true level\n|\n|t:|1732971159\n|start\n|switch|p1a: Sandy Shocks|Sandy Shocks, L80|267/267\n|switch|p2a: Cyclizar|Cyclizar, L83, M|252/252\n|turn|1\n|\n|t:|1732971183\n|move|p2a: Cyclizar|Shed Tail|p2a: Cyclizar\n|-start|p2a: Cyclizar|Substitute|[from] move: Shed Tail\n|-damage|p2a: Cyclizar|126/252\n|\n|t:|1732971185\n|switch|p2a: Roaring Moon|Roaring Moon, L72|270/270|[from] Shed Tail\n|-enditem|p2a: Roaring Moon|Booster Energy\n|-activate|p2a: Roaring Moon|ability: Protosynthesis|[fromitem]\n|-start|p2a: Roaring Moon|protosynthesisatk\n|move|p1a: Sandy Shocks|Thunder Wave||[still]\n|-fail|p1a: Sandy Shocks\n|\n|upkeep\n|turn|2\n|\n|t:|1732971191\n|move|p2a: Roaring Moon|Dragon Dance|p2a: Roaring Moon\n|-boost|p2a: Roaring Moon|atk|1\n|-boost|p2a: Roaring Moon|spe|1\n|move|p1a: Sandy Shocks|Volt Switch|p2a: Roaring Moon\n|-resisted|p2a: Roaring Moon\n|-activate|p2a: Roaring Moon|move: Substitute|[damage]\n|\n|t:|1732971198\n|-end|p1a: Sandy Shocks|Protosynthesis|[silent]\n|switch|p1a: Florges|Florges-Blue, L85, F|271/271|[from] Volt Switch\n|\n|upkeep\n|turn|3\n|\n|t:|1732971204\n|move|p2a: Roaring Moon|Iron Head|p1a: Florges\n|-supereffective|p1a: Florges\n|-damage|p1a: Florges|11/271\n|move|p1a: Florges|Moonblast|p2a: Roaring Moon\n|-supereffective|p2a: Roaring Moon\n|-end|p2a: Roaring Moon|Substitute\n|\n|-heal|p1a: Florges|27/271|[from] item: Leftovers\n|upkeep\n|turn|4\n|\n|t:|1732971211\n|move|p2a: Roaring Moon|Iron Head|p1a: Florges\n|-supereffective|p1a: Florges\n|-damage|p1a: Florges|0 fnt\n|faint|p1a: Florges\n|\n|upkeep\n|\n|t:|1732971224\n|switch|p1a: Sandy Shocks|Sandy Shocks, L80|267/267\n|turn|5\n|\n|t:|1732971228\n|move|p2a: Roaring Moon|Outrage|p1a: Sandy Shocks\n|-damage|p1a: Sandy Shocks|35/267\n|move|p1a: Sandy Shocks|Thunder Wave|p2a: Roaring Moon\n|-status|p2a: Roaring Moon|par\n|\n|upkeep\n|turn|6\n|\n|t:|1732971235\n|move|p1a: Sandy Shocks|Earth Power|p2a: Roaring Moon\n|-damage|p2a: Roaring Moon|168/270 par\n|cant|p2a: Roaring Moon|par\n|\n|-start|p2a: Roaring Moon|confusion|[fatigue]\n|upkeep\n|turn|7\n|inactive|Battle timer is ON: inactive players will automatically lose when time's up. (requested by Anderj10)\n|inactive|phap has 120 seconds left.\n|\n|t:|1732971326\n|-end|p1a: Sandy Shocks|Protosynthesis|[silent]\n|switch|p1a: Hitmonlee|Hitmonlee, L85, M|224/224\n|-activate|p2a: Roaring Moon|confusion\n|-damage|p2a: Roaring Moon|106/270 par|[from] confusion\n|\n|upkeep\n|turn|8\n|\n|t:|1732971337\n|move|p1a: Hitmonlee|Close Combat|p2a: Roaring Moon\n|-supereffective|p2a: Roaring Moon\n|-crit|p2a: Roaring Moon\n|-damage|p2a: Roaring Moon|0 fnt\n|-unboost|p1a: Hitmonlee|def|1\n|-unboost|p1a: Hitmonlee|spd|1\n|-enditem|p1a: Hitmonlee|White Herb\n|-clearnegativeboost|p1a: Hitmonlee|[silent]\n|faint|p2a: Roaring Moon\n|-end|p2a: Roaring Moon|Protosynthesis|[silent]\n|\n|upkeep\n|\n|t:|1732971340\n|switch|p2a: Munkidori|Munkidori, L79, M|269/269\n|turn|9\n|\n|t:|1732971368\n|switch|p1a: Sandy Shocks|Sandy Shocks, L80|35/267\n|move|p2a: Munkidori|Fake Out|p1a: Sandy Shocks\n|-damage|p1a: Sandy Shocks|15/267\n|\n|upkeep\n|turn|10\n|\n|t:|1732971381\n|move|p2a: Munkidori|U-turn|p1a: Sandy Shocks\n|-damage|p1a: Sandy Shocks|0 fnt\n|faint|p1a: Sandy Shocks\n|-end|p1a: Sandy Shocks|Protosynthesis|[silent]\n|\n|t:|1732971387\n|switch|p2a: Quagsire|Quagsire, L84, M|297/297|[from] U-turn\n|\n|upkeep\n|\n|t:|1732971397\n|switch|p1a: Barraskewda|Barraskewda, L81, M|231/231\n|turn|11\n|\n|t:|1732971404\n|move|p1a: Barraskewda|Waterfall|p2a: Quagsire\n|-damage|p2a: Quagsire|144/297\n|move|p2a: Quagsire|Spikes|p1a: Barraskewda\n|-sidestart|p1: phap|Spikes\n|\n|-heal|p2a: Quagsire|162/297|[from] item: Leftovers\n|upkeep\n|turn|12\n|\n|t:|1732971412\n|switch|p2a: Tropius|Tropius, L91, M|328/328\n|move|p1a: Barraskewda|Waterfall|p2a: Tropius\n|-resisted|p2a: Tropius\n|-crit|p2a: Tropius\n|-damage|p2a: Tropius|232/328\n|\n|upkeep\n|turn|13\n|\n|t:|1732971422\n|switch|p1a: Gengar|Gengar, L81, F|230/230\n|-damage|p1a: Gengar|202/230|[from] Spikes\n|move|p2a: Tropius|Leech Seed|p1a: Gengar\n|-start|p1a: Gengar|move: Leech Seed\n|\n|-damage|p1a: Gengar|174/230|[from] Leech Seed|[of] p2a: Tropius\n|-heal|p2a: Tropius|260/328|[silent]\n|upkeep\n|turn|14\n|\n|t:|1732971428\n|move|p2a: Tropius|Protect|p2a: Tropius\n|-singleturn|p2a: Tropius|Protect\n|move|p1a: Gengar|Sludge Wave|p2a: Tropius\n|-activate|p2a: Tropius|move: Protect\n|\n|-damage|p1a: Gengar|146/230|[from] Leech Seed|[of] p2a: Tropius\n|-heal|p2a: Tropius|288/328|[silent]\n|upkeep\n|turn|15\n|\n|t:|1732971435\n|switch|p2a: Munkidori|Munkidori, L79, M|269/269\n|move|p1a: Gengar|Sludge Wave|p2a: Munkidori\n|-resisted|p2a: Munkidori\n|-damage|p2a: Munkidori|210/269\n|\n|-damage|p1a: Gengar|118/230|[from] Leech Seed|[of] p2a: Munkidori\n|-heal|p2a: Munkidori|238/269|[silent]\n|upkeep\n|turn|16\n|\n|t:|1732971443\n|switch|p1a: Barraskewda|Barraskewda, L81, M|231/231\n|-damage|p1a: Barraskewda|203/231|[from] Spikes\n|switch|p2a: Cyclizar|Cyclizar, L83, M|210/252\n|\n|upkeep\n|turn|17\n|\n|t:|1732971449\n|switch|p2a: Munkidori|Munkidori, L79, M|238/269\n|move|p1a: Barraskewda|Close Combat|p2a: Munkidori\n|-resisted|p2a: Munkidori\n|-damage|p2a: Munkidori|190/269\n|-unboost|p1a: Barraskewda|def|1\n|-unboost|p1a: Barraskewda|spd|1\n|\n|upkeep\n|turn|18\n|\n|t:|1732971458\n|switch|p1a: Gengar|Gengar, L81, F|118/230\n|-damage|p1a: Gengar|90/230|[from] Spikes\n|move|p2a: Munkidori|Psychic Noise|p1a: Gengar\n|-supereffective|p1a: Gengar\n|-damage|p1a: Gengar|0 fnt\n|faint|p1a: Gengar\n|\n|upkeep\n|\n|t:|1732971469\n|switch|p1a: Orthworm|Orthworm, L88, F|266/266\n|-damage|p1a: Orthworm|233/266|[from] Spikes\n|turn|19\n|\n|t:|1732971474\n|move|p2a: Munkidori|Psychic Noise|p1a: Orthworm\n|-resisted|p1a: Orthworm\n|-damage|p1a: Orthworm|171/266\n|-start|p1a: Orthworm|move: Heal Block\n|move|p1a: Orthworm|Coil|p1a: Orthworm\n|-boost|p1a: Orthworm|atk|1\n|-boost|p1a: Orthworm|def|1\n|-boost|p1a: Orthworm|accuracy|1\n|\n|upkeep\n|turn|20\n|\n|t:|1732971487\n|move|p2a: Munkidori|Psychic Noise|p1a: Orthworm\n|-resisted|p1a: Orthworm\n|-damage|p1a: Orthworm|114/266\n|move|p1a: Orthworm|Iron Tail|p2a: Munkidori\n|-damage|p2a: Munkidori|0 fnt\n|faint|p2a: Munkidori\n|\n|-end|p1a: Orthworm|move: Heal Block\n|upkeep\n|\n|t:|1732971495\n|switch|p2a: Meloetta|Meloetta, L82|298/298\n|turn|21\n|\n|t:|1732971501\n|move|p2a: Meloetta|Relic Song|p1a: Orthworm\n|-resisted|p1a: Orthworm\n|-damage|p1a: Orthworm|35/266\n|-formechange|p2a: Meloetta|Meloetta-Pirouette|[msg]\n|-damage|p2a: Meloetta|269/298|[from] item: Life Orb\n|move|p1a: Orthworm|Body Press|p2a: Meloetta\n|-supereffective|p2a: Meloetta\n|-damage|p2a: Meloetta|31/298\n|\n|upkeep\n|turn|22\n|\n|t:|1732971512\n|move|p2a: Meloetta|Knock Off|p1a: Orthworm\n|-damage|p1a: Orthworm|0 fnt\n|-enditem|p1a: Orthworm|Chesto Berry|[from] move: Knock Off|[of] p2a: Meloetta\n|faint|p1a: Orthworm\n|-damage|p2a: Meloetta|2/298|[from] item: Life Orb\n|\n|upkeep\n|\n|t:|1732971519\n|switch|p1a: Barraskewda|Barraskewda, L81, M|203/231\n|-damage|p1a: Barraskewda|175/231|[from] Spikes\n|turn|23\n|\n|t:|1732971526\n|move|p1a: Barraskewda|Waterfall|p2a: Meloetta\n|-damage|p2a: Meloetta|0 fnt\n|faint|p2a: Meloetta\n|\n|upkeep\n|\n|t:|1732971528\n|switch|p2a: Tropius|Tropius, L91, M|288/328\n|turn|24\n|inactive|phap has 120 seconds left.\n|\n|t:|1732971560\n|switch|p1a: Hitmonlee|Hitmonlee, L85, M|224/224\n|-damage|p1a: Hitmonlee|196/224|[from] Spikes\n|move|p2a: Tropius|Leech Seed|p1a: Hitmonlee\n|-start|p1a: Hitmonlee|move: Leech Seed\n|\n|-damage|p1a: Hitmonlee|168/224|[from] Leech Seed|[of] p2a: Tropius\n|-heal|p2a: Tropius|316/328|[silent]\n|upkeep\n|turn|25\n|\n|t:|1732971569\n|move|p2a: Tropius|Protect|p2a: Tropius\n|-singleturn|p2a: Tropius|Protect\n|move|p1a: Hitmonlee|Swords Dance|p1a: Hitmonlee\n|-boost|p1a: Hitmonlee|atk|2\n|\n|-damage|p1a: Hitmonlee|140/224|[from] Leech Seed|[of] p2a: Tropius\n|-heal|p2a: Tropius|328/328|[silent]\n|upkeep\n|turn|26\n|\n|t:|1732971573\n|switch|p2a: Quagsire|Quagsire, L84, M|162/297\n|move|p1a: Hitmonlee|Stone Edge|p2a: Quagsire\n|-resisted|p2a: Quagsire\n|-crit|p2a: Quagsire\n|-damage|p2a: Quagsire|91/297\n|\n|-heal|p2a: Quagsire|109/297|[from] item: Leftovers\n|-damage|p1a: Hitmonlee|112/224|[from] Leech Seed|[of] p2a: Quagsire\n|-heal|p2a: Quagsire|137/297|[silent]\n|upkeep\n|turn|27\n|\n|t:|1732971577\n|move|p1a: Hitmonlee|Close Combat|p2a: Quagsire\n|-damage|p2a: Quagsire|0 fnt\n|-unboost|p1a: Hitmonlee|def|1\n|-unboost|p1a: Hitmonlee|spd|1\n|faint|p2a: Quagsire\n|\n|upkeep\n|\n|t:|1732971582\n|switch|p2a: Tropius|Tropius, L91, M|328/328\n|turn|28\n|\n|t:|1732971591\n|move|p2a: Tropius|Protect|p2a: Tropius\n|-singleturn|p2a: Tropius|Protect\n|move|p1a: Hitmonlee|Stone Edge|p2a: Tropius\n|-activate|p2a: Tropius|move: Protect\n|\n|-damage|p1a: Hitmonlee|84/224|[from] Leech Seed|[of] p2a: Tropius\n|upkeep\n|turn|29\n|\n|t:|1732971599\n|move|p1a: Hitmonlee|Stone Edge|p2a: Tropius\n|-supereffective|p2a: Tropius\n|-crit|p2a: Tropius\n|-damage|p2a: Tropius|0 fnt\n|faint|p2a: Tropius\n|\n|upkeep\n|\n|t:|1732971601\n|switch|p2a: Cyclizar|Cyclizar, L83, M|252/252\n|turn|30\n|\n|t:|1732971609\n|-terastallize|p2a: Cyclizar|Ghost\n|move|p2a: Cyclizar|Rapid Spin|p1a: Hitmonlee\n|-damage|p1a: Hitmonlee|0 fnt\n|-boost|p2a: Cyclizar|spe|1\n|faint|p1a: Hitmonlee\n|\n|upkeep\n|\n|t:|1732971614\n|switch|p1a: Barraskewda|Barraskewda, L81, M|175/231\n|-damage|p1a: Barraskewda|147/231|[from] Spikes\n|turn|31\n|\n|t:|1732971624\n|-terastallize|p1a: Barraskewda|Fighting\n|move|p2a: Cyclizar|Draco Meteor|p1a: Barraskewda\n|-damage|p1a: Barraskewda|0 fnt\n|-unboost|p2a: Cyclizar|spa|2\n|faint|p1a: Barraskewda\n|\n|win|Anderj10\n|raw|phap's rating: 1673 &rarr; <strong>1653</strong><br />(-20 for losing)\n|raw|Anderj10's rating: 1680 &rarr; <strong>1700</strong><br />(+20 for winning)\n|l|\u2606phap\n|player|p1|\n|c|\u2606Anderj10|gg\n", "inputlog": ">version b107d77f5c90bd6555267ae244a6264823309ead\n>start {\"formatid\":\"gen9randombattle\",\"seed\":[61675,29171,3973,10567],\"rated\":\"Rated battle\"}\n>player p1 {\"name\":\"phap\",\"avatar\":\"266\",\"rating\":1673,\"seed\":[57899,7503,13128,41447]}\n>player p2 {\"name\":\"Anderj10\",\"avatar\":\"lanette\",\"rating\":1680,\"seed\":[53148,62105,25030,52960]}\n>p1 move thunderwave\n>p2 move shedtail\n>p2 switch 6\n>p1 move voltswitch\n>p2 move dragondance\n>p1 switch 5\n>p1 move moonblast\n>p2 move ironhead\n>p1 move moonblast\n>p2 move ironhead\n>p1 switch 5\n>p1 move thunderwave\n>p2 move outrage\n>p1 move earthpower\n>p2 move outrage\n>p1 switch 4\n>p2 move dragondance\n>p1 move closecombat\n>p2 move ironhead\n>p2 switch 2\n>p1 switch 4\n>p2 move fakeout\n>p1 move earthpower\n>p2 move uturn\n>p2 switch 5\n>p1 switch 2\n>p1 move waterfall\n>p2 move spikes\n>p1 move waterfall\n>p2 switch 4\n>p1 switch 3\n>p2 move leechseed\n>p1 move sludgewave\n>p2 move protect\n>p1 move sludgewave\n>p2 switch 5\n>p1 switch 3\n>p2 switch 6\n>p1 move closecombat\n>p2 switch 6\n>p1 switch 3\n>p2 move psychicnoise\n>p1 switch 6\n>p1 move coil\n>p2 move psychicnoise\n>p1 move irontail\n>p2 move psychicnoise\n>p2 switch 3\n>p1 move bodypress\n>p2 move relicsong\n>p1 move bodypress\n>p2 move knockoff\n>p1 switch 3\n>p1 move waterfall\n>p2 move closecombat\n>p2 switch 5\n>p1 switch 4\n>p2 move leechseed\n>p1 move swordsdance\n>p2 move protect\n>p1 move stoneedge\n>p2 switch 4\n>p1 move closecombat\n>p2 move recover\n>p2 switch 4\n>p1 move stoneedge\n>p2 move protect\n>p1 move stoneedge\n>p2 move airslash\n>p2 switch 6\n>p1 move closecombat\n>p2 move rapidspin terastallize\n>p1 switch 4\n>p1 move throatchop terastallize\n>p2 move dracometeor", "uploadtime": 1732971644, "views": 1, "formatid": "gen9randombattle", "rating": 1653, "private": 0, "password": null}