{"id": "gen9randombattle-2254173981", "format": "[Gen 9] Random Battle", "players": ["smokedandrolledzzz", "chimaco"], "log": "|j|\u2606smokedandrolledzzz\n|j|\u2606chimaco\n|t:|1733000373\n|gametype|singles\n|player|p1|smokedandrolledzzz|265|1788\n|player|p2|chimaco|265|1767\n|teamsize|p1|6\n|teamsize|p2|6\n|gen|9\n|tier|[Gen 9] Random Battle\n|rated|\n|rule|Species Clause: Limit one of each Pok\u00e9mon\n|rule|HP Percentage Mod: HP is shown in percentages\n|rule|Sleep Clause Mod: Limit one foe put to sleep\n|rule|Illusion Level Mod: Illusion disguises the Pok\u00e9mon's true level\n|\n|t:|1733000373\n|start\n|switch|p1a: Hawlucha|Hawlucha, L80, F|256/256\n|switch|p2a: Conkeldurr|Conkeldurr, L80, M|299/299\n|turn|1\n|inactive|Battle timer is ON: inactive players will automatically lose when time's up. (requested by chimaco)\n|inactive|chimaco has 120 seconds left.\n|\n|t:|1733000412\n|switch|p2a: Vikavolt|Vikavolt, L83, M|263/263\n|move|p1a: Hawlucha|Swords Dance|p1a: Hawlucha\n|-boost|p1a: Hawlucha|atk|2\n|\n|upkeep\n|turn|2\n|\n|t:|1733000428\n|-terastallize|p1a: Hawlucha|Fighting\n|move|p1a: Hawlucha|Close Combat|p2a: Vikavolt\n|-resisted|p2a: Vikavolt\n|-damage|p2a: Vikavolt|117/263\n|-unboost|p1a: Hawlucha|def|1\n|-unboost|p1a: Hawlucha|spd|1\n|-enditem|p1a: Hawlucha|White Herb\n|-clearnegativeboost|p1a: Hawlucha|[silent]\n|move|p2a: Vikavolt|Thunderbolt|p1a: Hawlucha\n|-damage|p1a: Hawlucha|97/256\n|\n|upkeep\n|turn|3\n|\n|t:|1733000455\n|move|p1a: Hawlucha|Acrobatics|p2a: Vikavolt\n|-damage|p2a: Vikavolt|0 fnt\n|faint|p2a: Vikavolt\n|\n|upkeep\n|inactive|chimaco has 120 seconds left.\n|inactive|chimaco has 90 seconds left.\n|\n|t:|1733000498\n|switch|p2a: Glalie|Glalie, L96, M|309/309\n|turn|4\n|\n|t:|1733000523\n|move|p1a: Hawlucha|Close Combat|p2a: Glalie\n|-supereffective|p2a: Glalie\n|-damage|p2a: Glalie|0 fnt\n|-unboost|p1a: Hawlucha|def|1\n|-unboost|p1a: Hawlucha|spd|1\n|faint|p2a: Glalie\n|\n|upkeep\n|\n|t:|1733000526\n|switch|p2a: Conkeldurr|Conkeldurr, L80, M|299/299\n|turn|5\n|\n|t:|1733000533\n|move|p2a: Conkeldurr|Mach Punch|p1a: Hawlucha\n|-damage|p1a: Hawlucha|0 fnt\n|faint|p1a: Hawlucha\n|\n|-status|p2a: Conkeldurr|brn|[from] item: Flame Orb\n|upkeep\n|\n|t:|1733000541\n|switch|p1a: Breloom|Breloom, L82, M|233/233\n|turn|6\n|\n|t:|1733000556\n|-terastallize|p2a: Conkeldurr|Normal\n|move|p1a: Breloom|Bullet Seed|p2a: Conkeldurr\n|-crit|p2a: Conkeldurr\n|-damage|p2a: Conkeldurr|213/299 brn\n|-crit|p2a: Conkeldurr\n|-damage|p2a: Conkeldurr|122/299 brn\n|-damage|p2a: Conkeldurr|58/299 brn\n|-damage|p2a: Conkeldurr|0 fnt\n|faint|p2a: Conkeldurr\n|-hitcount|p2: Conkeldurr|4\n|-damage|p1a: Breloom|210/233|[from] item: Life Orb\n|\n|upkeep\n|\n|t:|1733000574\n|switch|p2a: Moltres|Moltres-Galar, L79|271/271\n|turn|7\n|\n|t:|1733000586\n|switch|p1a: Cryogonal|Cryogonal, L89|287/287\n|move|p2a: Moltres|Nasty Plot|p2a: Moltres\n|-boost|p2a: Moltres|spa|2\n|\n|upkeep\n|turn|8\n|\n|t:|1733000598\n|move|p1a: Cryogonal|Haze|p1a: Cryogonal\n|-clearallboost\n|move|p2a: Moltres|Hurricane|p1a: Cryogonal|[miss]\n|-miss|p2a: Moltres|p1a: Cryogonal\n|\n|upkeep\n|turn|9\n|\n|t:|1733000620\n|move|p1a: Cryogonal|Freeze-Dry|p2a: Moltres\n|-supereffective|p2a: Moltres\n|-damage|p2a: Moltres|127/271\n|-ability|p2a: Moltres|Berserk|boost\n|-boost|p2a: Moltres|spa|1\n|move|p2a: Moltres|Hurricane|p1a: Cryogonal\n|-damage|p1a: Cryogonal|172/287\n|-start|p1a: Cryogonal|confusion\n|\n|upkeep\n|turn|10\n|\n|t:|1733000632\n|switch|p2a: Koraidon|Koraidon, L64|235/235\n|-weather|SunnyDay|[from] ability: Orichalcum Pulse|[of] p2a: Koraidon\n|-activate|p2a: Koraidon|Orichalcum Pulse|[source]\n|-activate|p1a: Cryogonal|confusion\n|move|p1a: Cryogonal|Freeze-Dry|p2a: Koraidon\n|-supereffective|p2a: Koraidon\n|-damage|p2a: Koraidon|41/235\n|\n|-weather|SunnyDay|[upkeep]\n|upkeep\n|turn|11\n|\n|t:|1733000644\n|-end|p1a: Cryogonal|confusion\n|move|p1a: Cryogonal|Freeze-Dry|p2a: Koraidon\n|-supereffective|p2a: Koraidon\n|-damage|p2a: Koraidon|0 fnt\n|faint|p2a: Koraidon\n|\n|-weather|SunnyDay|[upkeep]\n|upkeep\n|\n|t:|1733000649\n|switch|p2a: Sandy Shocks|Sandy Shocks, L80|267/267\n|-activate|p2a: Sandy Shocks|ability: Protosynthesis\n|-start|p2a: Sandy Shocks|protosynthesisspa\n|turn|12\n|\n|t:|1733000655\n|move|p1a: Cryogonal|Freeze-Dry|p2a: Sandy Shocks\n|-supereffective|p2a: Sandy Shocks\n|-damage|p2a: Sandy Shocks|97/267\n|move|p2a: Sandy Shocks|Thunderbolt|p1a: Cryogonal\n|-damage|p1a: Cryogonal|79/287\n|\n|-weather|SunnyDay|[upkeep]\n|upkeep\n|turn|13\n|\n|t:|1733000663\n|move|p1a: Cryogonal|Freeze-Dry|p2a: Sandy Shocks\n|-supereffective|p2a: Sandy Shocks\n|-damage|p2a: Sandy Shocks|0 fnt\n|faint|p2a: Sandy Shocks\n|-end|p2a: Sandy Shocks|Protosynthesis|[silent]\n|\n|-weather|SunnyDay|[upkeep]\n|upkeep\n|\n|t:|1733000666\n|switch|p2a: Moltres|Moltres-Galar, L79|127/271\n|turn|14\n|inactive|smokedandrolledzzz has 120 seconds left.\n|\n|t:|1733000703\n|move|p1a: Cryogonal|Freeze-Dry|p2a: Moltres\n|-supereffective|p2a: Moltres\n|-damage|p2a: Moltres|7/271\n|move|p2a: Moltres|Rest|p2a: Moltres\n|-status|p2a: Moltres|slp|[from] move: Rest\n|-heal|p2a: Moltres|271/271 slp|[silent]\n|-enditem|p2a: Moltres|Chesto Berry|[eat]\n|-curestatus|p2a: Moltres|slp|[msg]\n|\n|-weather|none\n|upkeep\n|turn|15\n|inactive|smokedandrolledzzz has 120 seconds left.\n|inactive|chimaco has 120 seconds left.\n|\n|t:|1733000728\n|move|p1a: Cryogonal|Recover|p1a: Cryogonal\n|-heal|p1a: Cryogonal|223/287\n|move|p2a: Moltres|Fiery Wrath|p1a: Cryogonal\n|-damage|p1a: Cryogonal|160/287\n|\n|upkeep\n|turn|16\n|\n|t:|1733000738\n|move|p1a: Cryogonal|Recover|p1a: Cryogonal\n|-heal|p1a: Cryogonal|287/287\n|move|p2a: Moltres|Nasty Plot|p2a: Moltres\n|-boost|p2a: Moltres|spa|2\n|\n|upkeep\n|turn|17\n|\n|t:|1733000740\n|move|p1a: Cryogonal|Haze|p1a: Cryogonal\n|-clearallboost\n|move|p2a: Moltres|Hurricane|p1a: Cryogonal|[miss]\n|-miss|p2a: Moltres|p1a: Cryogonal\n|\n|upkeep\n|turn|18\n|\n|t:|1733000747\n|move|p1a: Cryogonal|Freeze-Dry|p2a: Moltres\n|-supereffective|p2a: Moltres\n|-damage|p2a: Moltres|149/271\n|move|p2a: Moltres|Nasty Plot|p2a: Moltres\n|-boost|p2a: Moltres|spa|2\n|\n|upkeep\n|turn|19\n|\n|t:|1733000755\n|move|p1a: Cryogonal|Haze|p1a: Cryogonal\n|-clearallboost\n|move|p2a: Moltres|Hurricane|p1a: Cryogonal|[miss]\n|-miss|p2a: Moltres|p1a: Cryogonal\n|\n|upkeep\n|turn|20\n|\n|t:|1733000761\n|move|p1a: Cryogonal|Freeze-Dry|p2a: Moltres\n|-supereffective|p2a: Moltres\n|-damage|p2a: Moltres|9/271\n|-ability|p2a: Moltres|Berserk|boost\n|-boost|p2a: Moltres|spa|1\n|move|p2a: Moltres|Rest|p2a: Moltres\n|-status|p2a: Moltres|slp|[from] move: Rest\n|-heal|p2a: Moltres|271/271 slp|[silent]\n|\n|upkeep\n|turn|21\n|\n|t:|1733000766\n|move|p1a: Cryogonal|Freeze-Dry|p2a: Moltres\n|-supereffective|p2a: Moltres\n|-crit|p2a: Moltres\n|-damage|p2a: Moltres|55/271 slp\n|-ability|p2a: Moltres|Berserk|boost\n|-boost|p2a: Moltres|spa|1\n|cant|p2a: Moltres|slp\n|\n|upkeep\n|turn|22\n|\n|t:|1733000769\n|move|p1a: Cryogonal|Freeze-Dry|p2a: Moltres\n|-supereffective|p2a: Moltres\n|-damage|p2a: Moltres|0 fnt\n|faint|p2a: Moltres\n|\n|win|smokedandrolledzzz\n|raw|smokedandrolledzzz's rating: 1788 &rarr; <strong>1807</strong><br />(+19 for winning)\n|raw|chimaco's rating: 1767 &rarr; <strong>1748</strong><br />(-19 for losing)\n|l|\u2606chimaco\n|player|p2|\n", "inputlog": ">version b107d77f5c90bd6555267ae244a6264823309ead\n>start {\"formatid\":\"gen9randombattle\",\"seed\":[49465,3373,40141,39045],\"rated\":\"Rated battle\"}\n>player p1 {\"name\":\"smokedandrolledzzz\",\"avatar\":\"265\",\"rating\":1788,\"seed\":[18983,17625,29548,19947]}\n>player p2 {\"name\":\"chimaco\",\"avatar\":\"265\",\"rating\":1767,\"seed\":[31635,2194,32106,63870]}\n>p1 move swordsdance\n>p2 switch 6\n>p1 move closecombat terastallize\n>p2 move thunderbolt\n>p1 move acrobatics\n>p2 move thunderbolt\n>p2 switch 4\n>p1 move closecombat\n>p2 move freezedry\n>p2 switch 6\n>p1 move bravebird\n>p2 move machpunch\n>p1 switch 4\n>p1 move bulletseed\n>p2 move facade terastallize\n>p2 switch 3\n>p1 switch 2\n>p2 move nastyplot\n>p1 move haze\n>p2 move hurricane\n>p1 move freezedry\n>p2 move hurricane\n>p1 move freezedry\n>p2 switch 2\n>p1 move freezedry\n>p2 move flareblitz\n>p2 switch 5\n>p1 move freezedry\n>p2 move thunderbolt\n>p1 move freezedry\n>p2 move thunderbolt\n>p2 switch 2\n>p1 move freezedry\n>p2 move rest\n>p1 move recover\n>p2 move fierywrath\n>p1 move recover\n>p2 move nastyplot\n>p1 move haze\n>p2 move hurricane\n>p1 move freezedry\n>p2 move nastyplot\n>p1 move haze\n>p2 move hurricane\n>p1 move freezedry\n>p2 move rest\n>p1 move freezedry\n>p2 move nastyplot\n>p1 move freezedry\n>p2 move nastyplot", "uploadtime": 1733000774, "views": 1, "formatid": "gen9randombattle", "rating": 1748, "private": 0, "password": null}