{"id": "gen9randombattle-2254155396", "format": "[Gen 9] Random Battle", "players": ["Paraspikes", "Z_winter77"], "log": "|j|\u2606Paraspikes\n|j|\u2606Z_winter77\n|t:|1732998053\n|gametype|singles\n|player|p1|Paraspikes|266|1697\n|player|p2|Z_winter77|1|1745\n|teamsize|p1|6\n|teamsize|p2|6\n|gen|9\n|tier|[Gen 9] Random Battle\n|rated|\n|rule|Species Clause: Limit one of each Pok\u00e9mon\n|rule|HP Percentage Mod: HP is shown in percentages\n|rule|Sleep Clause Mod: Limit one foe put to sleep\n|rule|Illusion Level Mod: Illusion disguises the Pok\u00e9mon's true level\n|\n|t:|1732998053\n|start\n|switch|p1a: Sylveon|Sylveon, L85, M|300/300\n|switch|p2a: Delphox|Delphox, L84, M|263/263\n|turn|1\n|\n|t:|1732998062\n|switch|p2a: Vileplume|Vileplume, L86, M|269/269\n|switch|p1a: Persian|Persian-Alola, L86, M|252/252\n|\n|upkeep\n|turn|2\n|\n|t:|1732998075\n|switch|p1a: Terapagos|Terapagos, L76, F|262/262\n|-activate|p1a: Terapagos|ability: Tera Shift\n|detailschange|p1a: Terapagos|Terapagos-Terastal, L76, F\n|-heal|p1a: Terapagos|269/269|[silent]\n|move|p2a: Vileplume|Sleep Powder|p1a: Terapagos\n|-status|p1a: Terapagos|slp|[from] move: Sleep Powder\n|-enditem|p1a: Terapagos|Chesto Berry|[eat]\n|-curestatus|p1a: Terapagos|slp|[msg]\n|\n|upkeep\n|turn|3\n|\n|t:|1732998084\n|move|p1a: Terapagos|Calm Mind|p1a: Terapagos\n|-boost|p1a: Terapagos|spa|1\n|-boost|p1a: Terapagos|spd|1\n|move|p2a: Vileplume|Sludge Bomb|p1a: Terapagos\n|-activate|p1a: Terapagos|ability: Tera Shell\n|-resisted|p1a: Terapagos\n|-damage|p1a: Terapagos|233/269\n|\n|upkeep\n|turn|4\n|\n|t:|1732998090\n|move|p1a: Terapagos|Tera Starstorm|p2a: Vileplume\n|-damage|p2a: Vileplume|103/269\n|move|p2a: Vileplume|Sleep Powder|p1a: Terapagos\n|-status|p1a: Terapagos|slp|[from] move: Sleep Powder\n|\n|-heal|p2a: Vileplume|119/269|[from] item: Leftovers\n|upkeep\n|turn|5\n|\n|t:|1732998099\n|switch|p2a: Annihilape|Annihilape, L76, M|292/292\n|cant|p1a: Terapagos|slp\n|\n|upkeep\n|turn|6\n|\n|t:|1732998109\n|switch|p1a: Sylveon|Sylveon, L85, M|300/300\n|move|p2a: Annihilape|Bulk Up|p2a: Annihilape\n|-boost|p2a: Annihilape|atk|1\n|-boost|p2a: Annihilape|def|1\n|\n|upkeep\n|turn|7\n|\n|t:|1732998121\n|-terastallize|p2a: Annihilape|Ghost\n|move|p2a: Annihilape|Bulk Up|p2a: Annihilape\n|-boost|p2a: Annihilape|atk|1\n|-boost|p2a: Annihilape|def|1\n|move|p1a: Sylveon|Wish|p1a: Sylveon\n|\n|upkeep\n|turn|8\n|\n|t:|1732998139\n|switch|p1a: Grumpig|Grumpig, L92, F|297/297\n|move|p2a: Annihilape|Drain Punch|p1a: Grumpig\n|-resisted|p1a: Grumpig\n|-damage|p1a: Grumpig|207/297\n|\n|-heal|p1a: Grumpig|297/297|[from] move: Wish|[wisher] Sylveon\n|upkeep\n|turn|9\n|\n|t:|1732998173\n|move|p1a: Grumpig|Trick|p2a: Annihilape\n|-activate|p1a: Grumpig|move: Trick|[of] p2a: Annihilape\n|-item|p2a: Annihilape|Choice Scarf|[from] move: Trick\n|-item|p1a: Grumpig|Chesto Berry|[from] move: Trick\n|move|p2a: Annihilape|Rage Fist|p1a: Grumpig\n|-supereffective|p1a: Grumpig\n|-damage|p1a: Grumpig|0 fnt\n|faint|p1a: Grumpig\n|\n|upkeep\n|\n|t:|1732998180\n|switch|p1a: Terapagos|Terapagos-Terastal, L76, F|233/269 slp\n|turn|10\n|\n|t:|1732998185\n|switch|p2a: Vileplume|Vileplume, L86, M|119/269\n|-curestatus|p1a: Terapagos|slp|[msg]\n|move|p1a: Terapagos|Calm Mind|p1a: Terapagos\n|-boost|p1a: Terapagos|spa|1\n|-boost|p1a: Terapagos|spd|1\n|\n|-heal|p2a: Vileplume|135/269|[from] item: Leftovers\n|upkeep\n|turn|11\n|\n|t:|1732998188\n|move|p1a: Terapagos|Tera Starstorm|p2a: Vileplume\n|-damage|p2a: Vileplume|0 fnt\n|faint|p2a: Vileplume\n|\n|upkeep\n|\n|t:|1732998199\n|switch|p2a: Delphox|Delphox, L84, M|263/263\n|turn|12\n|\n|t:|1732998205\n|move|p2a: Delphox|Nasty Plot|p2a: Delphox\n|-boost|p2a: Delphox|spa|2\n|move|p1a: Terapagos|Dark Pulse|p2a: Delphox\n|-supereffective|p2a: Delphox\n|-damage|p2a: Delphox|115/263\n|\n|upkeep\n|turn|13\n|\n|t:|1732998213\n|move|p2a: Delphox|Psyshock|p1a: Terapagos\n|-damage|p1a: Terapagos|58/269\n|move|p1a: Terapagos|Tera Starstorm|p2a: Delphox\n|-damage|p2a: Delphox|0 fnt\n|faint|p2a: Delphox\n|\n|upkeep\n|\n|t:|1732998220\n|switch|p2a: Flareon|Flareon, L90, F|263/263\n|turn|14\n|\n|t:|1732998225\n|switch|p1a: Qwilfish|Qwilfish, L86, F|252/252\n|-ability|p1a: Qwilfish|Intimidate|boost\n|-unboost|p2a: Flareon|atk|1\n|move|p2a: Flareon|Trailblaze|p1a: Qwilfish\n|-damage|p1a: Qwilfish|217/252\n|-boost|p2a: Flareon|spe|1\n|\n|-status|p2a: Flareon|tox|[from] item: Toxic Orb\n|upkeep\n|turn|15\n|\n|t:|1732998232\n|switch|p2a: Eternatus|Eternatus, L69|308/308\n|-ability|p2a: Eternatus|Pressure\n|move|p1a: Qwilfish|Flip Turn|p2a: Eternatus\n|-resisted|p2a: Eternatus\n|-damage|p2a: Eternatus|272/308\n|\n|t:|1732998261\n|switch|p1a: Persian|Persian-Alola, L86, M|252/252|[from] Flip Turn\n|\n|upkeep\n|turn|16\n|\n|t:|1732998268\n|move|p1a: Persian|Nasty Plot|p1a: Persian\n|-boost|p1a: Persian|spa|2\n|move|p2a: Eternatus|Meteor Beam||[still]\n|-prepare|p2a: Eternatus|Meteor Beam\n|-boost|p2a: Eternatus|spa|1\n|-enditem|p2a: Eternatus|Power Herb\n|-anim|p2a: Eternatus|Meteor Beam|p1a: Persian\n|-damage|p1a: Persian|116/252\n|\n|upkeep\n|turn|17\n|\n|t:|1732998271\n|move|p1a: Persian|Dark Pulse|p2a: Eternatus\n|-damage|p2a: Eternatus|68/308\n|-damage|p1a: Persian|91/252|[from] item: Life Orb\n|move|p2a: Eternatus|Fire Blast|p1a: Persian\n|-damage|p1a: Persian|0 fnt\n|faint|p1a: Persian\n|\n|upkeep\n|\n|t:|1732998294\n|switch|p1a: Copperajah|Copperajah, L86, F|350/350\n|turn|18\n|\n|t:|1732998300\n|-terastallize|p1a: Copperajah|Fairy\n|move|p2a: Eternatus|Fire Blast|p1a: Copperajah\n|-damage|p1a: Copperajah|225/350\n|move|p1a: Copperajah|Iron Head|p2a: Eternatus\n|-damage|p2a: Eternatus|0 fnt\n|faint|p2a: Eternatus\n|\n|upkeep\n|\n|t:|1732998312\n|switch|p2a: Oinkologne|Oinkologne, L92, M|352/352\n|turn|19\n|\n|t:|1732998319\n|switch|p1a: Qwilfish|Qwilfish, L86, F|217/252\n|-ability|p1a: Qwilfish|Intimidate|boost\n|-unboost|p2a: Oinkologne|atk|1\n|move|p2a: Oinkologne|Curse|p2a: Oinkologne\n|-unboost|p2a: Oinkologne|spe|1\n|-boost|p2a: Oinkologne|atk|1\n|-boost|p2a: Oinkologne|def|1\n|\n|upkeep\n|turn|20\n|\n|t:|1732998325\n|move|p1a: Qwilfish|Toxic|p2a: Oinkologne\n|-status|p2a: Oinkologne|tox\n|move|p2a: Oinkologne|Curse|p2a: Oinkologne\n|-unboost|p2a: Oinkologne|spe|1\n|-boost|p2a: Oinkologne|atk|1\n|-boost|p2a: Oinkologne|def|1\n|\n|-damage|p2a: Oinkologne|330/352 tox|[from] psn\n|upkeep\n|turn|21\n|\n|t:|1732998328\n|move|p1a: Qwilfish|Flip Turn|p2a: Oinkologne\n|-damage|p2a: Oinkologne|297/352 tox\n|\n|t:|1732998333\n|switch|p1a: Terapagos|Terapagos-Terastal, L76, F|58/269|[from] Flip Turn\n|move|p2a: Oinkologne|Body Slam|p1a: Terapagos\n|-damage|p1a: Terapagos|0 fnt\n|faint|p1a: Terapagos\n|\n|-heal|p2a: Oinkologne|319/352 tox|[from] item: Leftovers\n|-damage|p2a: Oinkologne|275/352 tox|[from] psn\n|upkeep\n|\n|t:|1732998335\n|switch|p1a: Qwilfish|Qwilfish, L86, F|217/252\n|-ability|p1a: Qwilfish|Intimidate|boost\n|-unboost|p2a: Oinkologne|atk|1\n|turn|22\n|\n|t:|1732998340\n|move|p1a: Qwilfish|Flip Turn|p2a: Oinkologne\n|-damage|p2a: Oinkologne|241/352 tox\n|\n|t:|1732998341\n|switch|p1a: Sylveon|Sylveon, L85, M|300/300|[from] Flip Turn\n|move|p2a: Oinkologne|Body Slam|p1a: Sylveon\n|-damage|p1a: Sylveon|162/300\n|\n|-heal|p1a: Sylveon|180/300|[from] item: Leftovers\n|-heal|p2a: Oinkologne|263/352 tox|[from] item: Leftovers\n|-damage|p2a: Oinkologne|197/352 tox|[from] psn\n|upkeep\n|turn|23\n|\n|t:|1732998350\n|switch|p2a: Flareon|Flareon, L90, F|263/263 tox\n|move|p1a: Sylveon|Wish|p1a: Sylveon\n|\n|-heal|p1a: Sylveon|198/300|[from] item: Leftovers\n|-damage|p2a: Flareon|247/263 tox|[from] psn\n|upkeep\n|turn|24\n|\n|t:|1732998359\n|move|p1a: Sylveon|Protect|p1a: Sylveon\n|-singleturn|p1a: Sylveon|Protect\n|move|p2a: Flareon|Facade|p1a: Sylveon\n|-activate|p1a: Sylveon|move: Protect\n|\n|-heal|p1a: Sylveon|300/300|[from] move: Wish|[wisher] Sylveon\n|-damage|p2a: Flareon|215/263 tox|[from] psn\n|upkeep\n|turn|25\n|\n|t:|1732998362\n|switch|p1a: Qwilfish|Qwilfish, L86, F|217/252\n|-ability|p1a: Qwilfish|Intimidate|boost\n|-unboost|p2a: Flareon|atk|1\n|move|p2a: Flareon|Facade|p1a: Qwilfish\n|-damage|p1a: Qwilfish|64/252\n|\n|-damage|p2a: Flareon|167/263 tox|[from] psn\n|upkeep\n|turn|26\n|\n|t:|1732998366\n|move|p1a: Qwilfish|Flip Turn|p2a: Flareon\n|-supereffective|p2a: Flareon\n|-damage|p2a: Flareon|5/263 tox\n|\n|t:|1732998372\n|switch|p1a: Copperajah|Copperajah, L86, F, tera:Fairy|225/350|[from] Flip Turn\n|move|p2a: Flareon|Facade|p1a: Copperajah\n|-damage|p1a: Copperajah|43/350\n|\n|-damage|p2a: Flareon|0 fnt|[from] psn\n|faint|p2a: Flareon\n|upkeep\n|\n|t:|1732998386\n|switch|p2a: Oinkologne|Oinkologne, L92, M|197/352 tox\n|turn|27\n|\n|t:|1732998395\n|move|p2a: Oinkologne|Body Slam|p1a: Copperajah\n|-damage|p1a: Copperajah|0 fnt\n|faint|p1a: Copperajah\n|\n|-heal|p2a: Oinkologne|219/352 tox|[from] item: Leftovers\n|-damage|p2a: Oinkologne|197/352 tox|[from] psn\n|upkeep\n|\n|t:|1732998400\n|switch|p1a: Sylveon|Sylveon, L85, M|300/300\n|turn|28\n|\n|t:|1732998404\n|move|p2a: Oinkologne|Body Slam|p1a: Sylveon\n|-damage|p1a: Sylveon|165/300\n|move|p1a: Sylveon|Wish|p1a: Sylveon\n|\n|-heal|p2a: Oinkologne|219/352 tox|[from] item: Leftovers\n|-heal|p1a: Sylveon|183/300|[from] item: Leftovers\n|-damage|p2a: Oinkologne|175/352 tox|[from] psn\n|upkeep\n|turn|29\n|\n|t:|1732998411\n|move|p2a: Oinkologne|High Horsepower|p1a: Sylveon\n|-damage|p1a: Sylveon|80/300\n|move|p1a: Sylveon|Hyper Voice|p2a: Oinkologne\n|-damage|p2a: Oinkologne|51/352 tox\n|\n|-heal|p1a: Sylveon|230/300|[from] move: Wish|[wisher] Sylveon\n|-heal|p2a: Oinkologne|73/352 tox|[from] item: Leftovers\n|-heal|p1a: Sylveon|248/300|[from] item: Leftovers\n|-damage|p2a: Oinkologne|7/352 tox|[from] psn\n|upkeep\n|turn|30\n|\n|t:|1732998417\n|move|p1a: Sylveon|Protect|p1a: Sylveon\n|-singleturn|p1a: Sylveon|Protect\n|move|p2a: Oinkologne|Body Slam|p1a: Sylveon\n|-activate|p1a: Sylveon|move: Protect\n|\n|-heal|p2a: Oinkologne|29/352 tox|[from] item: Leftovers\n|-heal|p1a: Sylveon|266/300|[from] item: Leftovers\n|-damage|p2a: Oinkologne|0 fnt|[from] psn\n|faint|p2a: Oinkologne\n|upkeep\n|\n|t:|1732998419\n|switch|p2a: Annihilape|Annihilape, L76, M, tera:Ghost|292/292\n|turn|31\n|\n|t:|1732998424\n|move|p2a: Annihilape|Rage Fist|p1a: Sylveon\n|-damage|p1a: Sylveon|166/300\n|move|p1a: Sylveon|Wish|p1a: Sylveon\n|\n|-heal|p1a: Sylveon|184/300|[from] item: Leftovers\n|upkeep\n|turn|32\n|\n|t:|1732998429\n|move|p2a: Annihilape|Rage Fist|p1a: Sylveon\n|-damage|p1a: Sylveon|92/300\n|move|p1a: Sylveon|Calm Mind|p1a: Sylveon\n|-boost|p1a: Sylveon|spa|1\n|-boost|p1a: Sylveon|spd|1\n|\n|-heal|p1a: Sylveon|242/300|[from] move: Wish|[wisher] Sylveon\n|-heal|p1a: Sylveon|260/300|[from] item: Leftovers\n|upkeep\n|turn|33\n|\n|t:|1732998433\n|move|p2a: Annihilape|Rage Fist|p1a: Sylveon\n|-damage|p1a: Sylveon|170/300\n|move|p1a: Sylveon|Wish|p1a: Sylveon\n|\n|-heal|p1a: Sylveon|188/300|[from] item: Leftovers\n|upkeep\n|turn|34\n|\n|t:|1732998435\n|move|p2a: Annihilape|Rage Fist|p1a: Sylveon\n|-damage|p1a: Sylveon|96/300\n|move|p1a: Sylveon|Calm Mind|p1a: Sylveon\n|-boost|p1a: Sylveon|spa|1\n|-boost|p1a: Sylveon|spd|1\n|\n|-heal|p1a: Sylveon|246/300|[from] move: Wish|[wisher] Sylveon\n|-heal|p1a: Sylveon|264/300|[from] item: Leftovers\n|upkeep\n|turn|35\n|\n|t:|1732998437\n|move|p2a: Annihilape|Rage Fist|p1a: Sylveon\n|-damage|p1a: Sylveon|168/300\n|move|p1a: Sylveon|Wish|p1a: Sylveon\n|\n|-heal|p1a: Sylveon|186/300|[from] item: Leftovers\n|upkeep\n|turn|36\n|\n|t:|1732998441\n|move|p2a: Annihilape|Rage Fist|p1a: Sylveon\n|-damage|p1a: Sylveon|84/300\n|move|p1a: Sylveon|Calm Mind|p1a: Sylveon\n|-boost|p1a: Sylveon|spa|1\n|-boost|p1a: Sylveon|spd|1\n|\n|-heal|p1a: Sylveon|234/300|[from] move: Wish|[wisher] Sylveon\n|-heal|p1a: Sylveon|252/300|[from] item: Leftovers\n|upkeep\n|turn|37\n|\n|t:|1732998444\n|move|p1a: Sylveon|Protect|p1a: Sylveon\n|-singleturn|p1a: Sylveon|Protect\n|move|p2a: Annihilape|Rage Fist|p1a: Sylveon\n|-activate|p1a: Sylveon|move: Protect\n|\n|-heal|p1a: Sylveon|270/300|[from] item: Leftovers\n|upkeep\n|turn|38\n|\n|t:|1732998446\n|move|p2a: Annihilape|Rage Fist|p1a: Sylveon\n|-damage|p1a: Sylveon|174/300\n|move|p1a: Sylveon|Wish|p1a: Sylveon\n|\n|-heal|p1a: Sylveon|192/300|[from] item: Leftovers\n|upkeep\n|turn|39\n|\n|t:|1732998449\n|move|p1a: Sylveon|Protect|p1a: Sylveon\n|-singleturn|p1a: Sylveon|Protect\n|move|p2a: Annihilape|Rage Fist|p1a: Sylveon\n|-activate|p1a: Sylveon|move: Protect\n|\n|-heal|p1a: Sylveon|300/300|[from] move: Wish|[wisher] Sylveon\n|upkeep\n|turn|40\n|\n|t:|1732998452\n|move|p2a: Annihilape|Rage Fist|p1a: Sylveon\n|-damage|p1a: Sylveon|200/300\n|move|p1a: Sylveon|Wish|p1a: Sylveon\n|\n|-heal|p1a: Sylveon|218/300|[from] item: Leftovers\n|upkeep\n|turn|41\n|\n|t:|1732998454\n|move|p1a: Sylveon|Protect|p1a: Sylveon\n|-singleturn|p1a: Sylveon|Protect\n|move|p2a: Annihilape|Rage Fist|p1a: Sylveon\n|-activate|p1a: Sylveon|move: Protect\n|\n|-heal|p1a: Sylveon|300/300|[from] move: Wish|[wisher] Sylveon\n|upkeep\n|turn|42\n|\n|t:|1732998457\n|move|p2a: Annihilape|Rage Fist|p1a: Sylveon\n|-damage|p1a: Sylveon|206/300\n|move|p1a: Sylveon|Wish|p1a: Sylveon\n|\n|-heal|p1a: Sylveon|224/300|[from] item: Leftovers\n|upkeep\n|turn|43\n|\n|t:|1732998459\n|move|p1a: Sylveon|Protect|p1a: Sylveon\n|-singleturn|p1a: Sylveon|Protect\n|move|p2a: Annihilape|Rage Fist|p1a: Sylveon\n|-activate|p1a: Sylveon|move: Protect\n|\n|-heal|p1a: Sylveon|300/300|[from] move: Wish|[wisher] Sylveon\n|upkeep\n|turn|44\n|\n|t:|1732998461\n|move|p2a: Annihilape|Rage Fist|p1a: Sylveon\n|-damage|p1a: Sylveon|200/300\n|move|p1a: Sylveon|Wish|p1a: Sylveon\n|\n|-heal|p1a: Sylveon|218/300|[from] item: Leftovers\n|upkeep\n|turn|45\n|\n|t:|1732998465\n|move|p1a: Sylveon|Protect|p1a: Sylveon\n|-singleturn|p1a: Sylveon|Protect\n|move|p2a: Annihilape|Rage Fist|p1a: Sylveon\n|-activate|p1a: Sylveon|move: Protect\n|\n|-heal|p1a: Sylveon|300/300|[from] move: Wish|[wisher] Sylveon\n|upkeep\n|turn|46\n|\n|t:|1732998467\n|-activate|p2a: Annihilape|move: Struggle\n|move|p2a: Annihilape|Struggle|p1a: Sylveon\n|-damage|p1a: Sylveon|258/300\n|-damage|p2a: Annihilape|219/292|[from] recoil\n|move|p1a: Sylveon|Wish|p1a: Sylveon\n|\n|-heal|p1a: Sylveon|276/300|[from] item: Leftovers\n|upkeep\n|turn|47\n|\n|t:|1732998473\n|-activate|p2a: Annihilape|move: Struggle\n|move|p2a: Annihilape|Struggle|p1a: Sylveon\n|-damage|p1a: Sylveon|234/300\n|-damage|p2a: Annihilape|146/292|[from] recoil\n|move|p1a: Sylveon|Hyper Voice|p2a: Annihilape\n|-damage|p2a: Annihilape|0 fnt\n|faint|p2a: Annihilape\n|\n|win|Paraspikes\n|raw|Paraspikes's rating: 1697 &rarr; <strong>1720</strong><br />(+23 for winning)\n|raw|Z_winter77's rating: 1745 &rarr; <strong>1722</strong><br />(-23 for losing)\n|l|\u2606Z_winter77\n|player|p2|\n", "inputlog": ">version b107d77f5c90bd6555267ae244a6264823309ead\n>start {\"formatid\":\"gen9randombattle\",\"seed\":[10906,26313,28260,46609],\"rated\":\"Rated battle\"}\n>player p1 {\"name\":\"Paraspikes\",\"avatar\":\"266\",\"rating\":1697,\"seed\":[57646,36491,14526,34777]}\n>player p2 {\"name\":\"Z_winter77\",\"avatar\":\"1\",\"rating\":1745,\"seed\":[32044,19224,7006,57354]}\n>p1 switch 4\n>p2 switch 6\n>p1 switch 3\n>p2 move sleeppowder\n>p1 move calmmind\n>p2 move sludgebomb\n>p1 move terastarstorm\n>p2 move sleeppowder\n>p1 move terastarstorm\n>p2 switch 2\n>p1 switch 4\n>p2 move bulkup\n>p1 move wish\n>p2 move bulkup terastallize\n>p1 switch 6\n>p2 move drainpunch\n>p1 move trick\n>p2 move ragefist\n>p1 switch 4\n>p1 move calmmind\n>p2 switch 2\n>p1 move terastarstorm\n>p2 move sleeppowder\n>p2 switch 6\n>p1 move darkpulse\n>p2 move nastyplot\n>p1 move terastarstorm\n>p2 move psyshock\n>p2 switch 5\n>p1 switch 5\n>p2 move trailblaze\n>p1 move flipturn\n>p2 switch 3\n>p1 switch 3\n>p1 move nastyplot\n>p2 move meteorbeam\n>p1 move darkpulse\n>p2 move fireblast\n>p1 switch 2\n>p1 move ironhead terastallize\n>p2 move fireblast\n>p2 switch 4\n>p1 switch 3\n>p2 move curse\n>p1 move toxic\n>p2 move curse\n>p1 move flipturn\n>p2 move bodyslam\n>p1 switch 5\n>p1 switch 5\n>p1 move flipturn\n>p2 move bodyslam\n>p1 switch 6\n>p1 move wish\n>p2 switch 3\n>p1 move protect\n>p2 move facade\n>p1 switch 6\n>p2 move facade\n>p1 move flipturn\n>p2 move facade\n>p1 switch 3\n>p2 switch 3\n>p1 move ironhead\n>p2 move bodyslam\n>p1 switch 6\n>p1 move wish\n>p2 move bodyslam\n>p1 move hypervoice\n>p2 move highhorsepower\n>p1 move protect\n>p2 move bodyslam\n>p2 switch 2\n>p1 move wish\n>p2 move ragefist\n>p1 move calmmind\n>p2 move ragefist\n>p1 move wish\n>p2 move ragefist\n>p1 move calmmind\n>p2 move ragefist\n>p1 move wish\n>p2 move ragefist\n>p1 move calmmind\n>p2 move ragefist\n>p1 move protect\n>p2 move ragefist\n>p1 move wish\n>p2 move ragefist\n>p1 move protect\n>p2 move ragefist\n>p1 move wish\n>p2 move ragefist\n>p1 move protect\n>p2 move ragefist\n>p1 move wish\n>p2 move ragefist\n>p1 move protect\n>p2 move ragefist\n>p1 move wish\n>p2 move ragefist\n>p1 move protect\n>p2 move ragefist\n>p1 move wish\n>p2 move struggle\n>p1 move hypervoice\n>p2 move struggle", "uploadtime": 1732998481, "views": 14, "formatid": "gen9randombattle", "rating": 1720, "private": 0, "password": null}