{"id": "gen9randombattle-2253901294", "format": "[Gen 9] Random Battle", "players": ["hpunkkk", "menimenfe"], "log": "|j|\u2606hpunkkk\n|j|\u2606menimenfe\n|t:|1732959835\n|gametype|singles\n|player|p1|hpunkkk|102|1557\n|player|p2|menimenfe|bugcatcher-gen4dp|1511\n|teamsize|p1|6\n|teamsize|p2|6\n|gen|9\n|tier|[Gen 9] Random Battle\n|rated|\n|rule|Species Clause: Limit one of each Pok\u00e9mon\n|rule|HP Percentage Mod: HP is shown in percentages\n|rule|Sleep Clause Mod: Limit one foe put to sleep\n|rule|Illusion Level Mod: Illusion disguises the Pok\u00e9mon's true level\n|\n|t:|1732959835\n|start\n|switch|p1a: Dusknoir|Dusknoir, L89, M|225/225\n|switch|p2a: Orthworm|Orthworm, L88, F|266/266\n|-item|p2a: Orthworm|Chesto Berry|[from] ability: Frisk|[of] p1a: Dusknoir\n|turn|1\n|inactive|Battle timer is ON: inactive players will automatically lose when time's up. (requested by menimenfe)\n|inactive|hpunkkk also wants the timer to be on.\n|\n|t:|1732959865\n|move|p2a: Orthworm|Stealth Rock|p1a: Dusknoir\n|-sidestart|p1: hpunkkk|move: Stealth Rock\n|move|p1a: Dusknoir|Poltergeist|p2a: Orthworm\n|-activate|p2a: Orthworm|move: Poltergeist|Chesto Berry\n|-damage|p2a: Orthworm|152/266\n|-damage|p1a: Dusknoir|203/225|[from] item: Life Orb\n|\n|upkeep\n|turn|2\n|\n|t:|1732959888\n|move|p2a: Orthworm|Heavy Slam|p1a: Dusknoir\n|-damage|p1a: Dusknoir|163/225\n|move|p1a: Dusknoir|Poltergeist|p2a: Orthworm\n|-activate|p2a: Orthworm|move: Poltergeist|Chesto Berry\n|-damage|p2a: Orthworm|43/266\n|-damage|p1a: Dusknoir|141/225|[from] item: Life Orb\n|\n|upkeep\n|turn|3\n|\n|t:|1732959904\n|move|p2a: Orthworm|Rest|p2a: Orthworm\n|-status|p2a: Orthworm|slp|[from] move: Rest\n|-heal|p2a: Orthworm|266/266 slp|[silent]\n|-enditem|p2a: Orthworm|Chesto Berry|[eat]\n|-curestatus|p2a: Orthworm|slp|[msg]\n|move|p1a: Dusknoir|Poltergeist||[still]\n|-fail|p1a: Dusknoir\n|\n|upkeep\n|turn|4\n|\n|t:|1732959914\n|move|p1a: Dusknoir|Shadow Sneak|p2a: Orthworm\n|-damage|p2a: Orthworm|222/266\n|-damage|p1a: Dusknoir|119/225|[from] item: Life Orb\n|move|p2a: Orthworm|Heavy Slam|p1a: Dusknoir\n|-damage|p1a: Dusknoir|77/225\n|\n|upkeep\n|turn|5\n|\n|t:|1732959921\n|move|p2a: Orthworm|Heavy Slam|p1a: Dusknoir\n|-damage|p1a: Dusknoir|32/225\n|move|p1a: Dusknoir|Pain Split|p2a: Orthworm\n|-sethp|p2a: Orthworm|127/266|[from] move: Pain Split|[silent]\n|-sethp|p1a: Dusknoir|127/225|[from] move: Pain Split\n|\n|upkeep\n|turn|6\n|\n|t:|1732959926\n|move|p1a: Dusknoir|Shadow Sneak|p2a: Orthworm\n|-damage|p2a: Orthworm|87/266\n|-damage|p1a: Dusknoir|105/225|[from] item: Life Orb\n|move|p2a: Orthworm|Heavy Slam|p1a: Dusknoir\n|-damage|p1a: Dusknoir|63/225\n|\n|upkeep\n|turn|7\n|\n|t:|1732959934\n|move|p2a: Orthworm|Heavy Slam|p1a: Dusknoir\n|-damage|p1a: Dusknoir|18/225\n|move|p1a: Dusknoir|Pain Split|p2a: Orthworm\n|-sethp|p2a: Orthworm|52/266|[from] move: Pain Split|[silent]\n|-sethp|p1a: Dusknoir|52/225|[from] move: Pain Split\n|\n|upkeep\n|turn|8\n|\n|t:|1732959940\n|move|p1a: Dusknoir|Shadow Sneak|p2a: Orthworm\n|-damage|p2a: Orthworm|9/266\n|-damage|p1a: Dusknoir|30/225|[from] item: Life Orb\n|move|p2a: Orthworm|Heavy Slam|p1a: Dusknoir\n|-damage|p1a: Dusknoir|0 fnt\n|faint|p1a: Dusknoir\n|\n|upkeep\n|\n|t:|1732959948\n|switch|p1a: Lokix|Lokix, L82, F|251/251\n|-damage|p1a: Lokix|189/251|[from] Stealth Rock\n|turn|9\n|\n|t:|1732959953\n|move|p1a: Lokix|Knock Off|p2a: Orthworm\n|-damage|p2a: Orthworm|0 fnt\n|faint|p2a: Orthworm\n|\n|upkeep\n|\n|t:|1732959957\n|switch|p2a: Moltres|Moltres, L81|278/278\n|turn|10\n|\n|t:|1732959967\n|move|p1a: Lokix|Knock Off|p2a: Moltres\n|-damage|p2a: Moltres|178/278\n|-enditem|p2a: Moltres|Heavy-Duty Boots|[from] move: Knock Off|[of] p1a: Lokix\n|move|p2a: Moltres|Fire Blast|p1a: Lokix\n|-supereffective|p1a: Lokix\n|-damage|p1a: Lokix|0 fnt\n|faint|p1a: Lokix\n|\n|upkeep\n|\n|t:|1732959970\n|switch|p1a: Pikachu|Pikachu, L93, M|216/216\n|-damage|p1a: Pikachu|189/216|[from] Stealth Rock\n|turn|11\n|\n|t:|1732959979\n|switch|p2a: Bastiodon|Bastiodon, L89, F|252/252\n|move|p1a: Pikachu|Volt Tackle|p2a: Bastiodon\n|-damage|p2a: Bastiodon|140/252\n|-damage|p1a: Pikachu|152/216|[from] Recoil\n|\n|upkeep\n|turn|12\n|\n|t:|1732959993\n|move|p1a: Pikachu|Surf|p2a: Bastiodon\n|-supereffective|p2a: Bastiodon\n|-damage|p2a: Bastiodon|8/252\n|move|p2a: Bastiodon|Rest|p2a: Bastiodon\n|-status|p2a: Bastiodon|slp|[from] move: Rest\n|-heal|p2a: Bastiodon|252/252 slp|[silent]\n|-enditem|p2a: Bastiodon|Chesto Berry|[eat]\n|-curestatus|p2a: Bastiodon|slp|[msg]\n|\n|upkeep\n|turn|13\n|\n|t:|1732960007\n|switch|p1a: Eternatus|Eternatus, L69|308/308\n|-damage|p1a: Eternatus|270/308|[from] Stealth Rock\n|-ability|p1a: Eternatus|Pressure\n|move|p2a: Bastiodon|Body Press|p1a: Eternatus\n|-resisted|p1a: Eternatus\n|-damage|p1a: Eternatus|211/308\n|\n|upkeep\n|turn|14\n|\n|t:|1732960016\n|switch|p2a: Venomoth|Venomoth, L84, F|255/255\n|move|p1a: Eternatus|Fire Blast|p2a: Venomoth|[miss]\n|-miss|p1a: Eternatus|p2a: Venomoth\n|\n|upkeep\n|turn|15\n|\n|t:|1732960021\n|move|p1a: Eternatus|Meteor Beam||[still]\n|-prepare|p1a: Eternatus|Meteor Beam\n|-boost|p1a: Eternatus|spa|1\n|-enditem|p1a: Eternatus|Power Herb\n|-anim|p1a: Eternatus|Meteor Beam|p2a: Venomoth\n|-supereffective|p2a: Venomoth\n|-damage|p2a: Venomoth|5/255\n|move|p2a: Venomoth|Sleep Powder|p1a: Eternatus\n|-status|p1a: Eternatus|slp|[from] move: Sleep Powder\n|\n|upkeep\n|turn|16\n|\n|t:|1732960036\n|switch|p2a: Oricorio|Oricorio-Pa'u, L87, F|272/272\n|cant|p1a: Eternatus|slp\n|\n|upkeep\n|turn|17\n|\n|t:|1732960044\n|-curestatus|p1a: Eternatus|slp|[msg]\n|move|p1a: Eternatus|Dynamax Cannon|p2a: Oricorio\n|-damage|p2a: Oricorio|94/272\n|move|p2a: Oricorio|Revelation Dance|p1a: Eternatus\n|-supereffective|p1a: Eternatus\n|-damage|p1a: Eternatus|0 fnt\n|faint|p1a: Eternatus\n|\n|upkeep\n|\n|t:|1732960050\n|switch|p1a: Pikachu|Pikachu, L93, M|152/216\n|-damage|p1a: Pikachu|125/216|[from] Stealth Rock\n|turn|18\n|\n|t:|1732960063\n|move|p1a: Pikachu|Volt Tackle|p2a: Oricorio\n|-supereffective|p2a: Oricorio\n|-damage|p2a: Oricorio|0 fnt\n|faint|p2a: Oricorio\n|-damage|p1a: Pikachu|94/216|[from] Recoil\n|\n|upkeep\n|\n|t:|1732960066\n|switch|p2a: Bastiodon|Bastiodon, L89, F|252/252\n|turn|19\n|\n|t:|1732960069\n|switch|p1a: Cresselia|Cresselia, L80, F|323/323\n|-damage|p1a: Cresselia|283/323|[from] Stealth Rock\n|move|p2a: Bastiodon|Body Press|p1a: Cresselia\n|-resisted|p1a: Cresselia\n|-damage|p1a: Cresselia|243/323\n|\n|-heal|p1a: Cresselia|263/323|[from] item: Leftovers\n|upkeep\n|turn|20\n|\n|t:|1732960074\n|switch|p2a: Venomoth|Venomoth, L84, F|5/255\n|move|p1a: Cresselia|Calm Mind|p1a: Cresselia\n|-boost|p1a: Cresselia|spa|1\n|-boost|p1a: Cresselia|spd|1\n|\n|-heal|p1a: Cresselia|283/323|[from] item: Leftovers\n|upkeep\n|turn|21\n|\n|t:|1732960080\n|move|p2a: Venomoth|Sleep Powder|p1a: Cresselia\n|-status|p1a: Cresselia|slp|[from] move: Sleep Powder\n|cant|p1a: Cresselia|slp\n|\n|-heal|p1a: Cresselia|303/323 slp|[from] item: Leftovers\n|upkeep\n|turn|22\n|\n|t:|1732960083\n|move|p2a: Venomoth|Quiver Dance|p2a: Venomoth\n|-boost|p2a: Venomoth|spa|1\n|-boost|p2a: Venomoth|spd|1\n|-boost|p2a: Venomoth|spe|1\n|cant|p1a: Cresselia|slp\n|\n|-heal|p1a: Cresselia|323/323 slp|[from] item: Leftovers\n|upkeep\n|turn|23\n|\n|t:|1732960086\n|move|p2a: Venomoth|Bug Buzz|p1a: Cresselia\n|-supereffective|p1a: Cresselia\n|-damage|p1a: Cresselia|177/323 slp\n|-curestatus|p1a: Cresselia|slp|[msg]\n|move|p1a: Cresselia|Psyshock|p2a: Venomoth\n|-supereffective|p2a: Venomoth\n|-damage|p2a: Venomoth|0 fnt\n|faint|p2a: Venomoth\n|\n|-heal|p1a: Cresselia|197/323|[from] item: Leftovers\n|upkeep\n|\n|t:|1732960089\n|switch|p2a: Mienshao|Mienshao, L83, M|244/244\n|turn|24\n|\n|t:|1732960097\n|-terastallize|p1a: Cresselia|Fairy\n|move|p2a: Mienshao|Fake Out|p1a: Cresselia\n|-damage|p1a: Cresselia|168/323\n|cant|p1a: Cresselia|flinch\n|\n|-heal|p1a: Cresselia|188/323|[from] item: Leftovers\n|upkeep\n|turn|25\n|\n|t:|1732960107\n|move|p2a: Mienshao|U-turn|p1a: Cresselia\n|-resisted|p1a: Cresselia\n|-damage|p1a: Cresselia|163/323\n|\n|t:|1732960111\n|switch|p2a: Moltres|Moltres, L81|178/278|[from] U-turn\n|move|p1a: Cresselia|Moonblast|p2a: Moltres\n|-resisted|p2a: Moltres\n|-damage|p2a: Moltres|117/278\n|\n|-heal|p1a: Cresselia|183/323|[from] item: Leftovers\n|upkeep\n|turn|26\n|\n|t:|1732960120\n|move|p2a: Moltres|Will-O-Wisp|p1a: Cresselia\n|-status|p1a: Cresselia|brn\n|move|p1a: Cresselia|Moonlight|p1a: Cresselia\n|-heal|p1a: Cresselia|323/323 brn\n|\n|-damage|p1a: Cresselia|303/323 brn|[from] brn\n|upkeep\n|turn|27\n|\n|t:|1732960125\n|move|p2a: Moltres|Roost|p2a: Moltres\n|-heal|p2a: Moltres|256/278\n|-singleturn|p2a: Moltres|move: Roost\n|move|p1a: Cresselia|Psyshock|p2a: Moltres\n|-damage|p2a: Moltres|153/278\n|\n|-heal|p1a: Cresselia|323/323 brn|[from] item: Leftovers\n|-damage|p1a: Cresselia|303/323 brn|[from] brn\n|upkeep\n|turn|28\n|\n|t:|1732960137\n|move|p2a: Moltres|Brave Bird|p1a: Cresselia\n|-damage|p1a: Cresselia|186/323 brn\n|-damage|p2a: Moltres|114/278|[from] Recoil\n|move|p1a: Cresselia|Calm Mind|p1a: Cresselia\n|-boost|p1a: Cresselia|spa|1\n|-boost|p1a: Cresselia|spd|1\n|\n|-heal|p1a: Cresselia|206/323 brn|[from] item: Leftovers\n|-damage|p1a: Cresselia|186/323 brn|[from] brn\n|upkeep\n|turn|29\n|\n|t:|1732960143\n|move|p2a: Moltres|Brave Bird|p1a: Cresselia\n|-damage|p1a: Cresselia|80/323 brn\n|-damage|p2a: Moltres|79/278|[from] Recoil\n|move|p1a: Cresselia|Moonlight|p1a: Cresselia\n|-heal|p1a: Cresselia|241/323 brn\n|\n|-heal|p1a: Cresselia|261/323 brn|[from] item: Leftovers\n|-damage|p1a: Cresselia|241/323 brn|[from] brn\n|upkeep\n|turn|30\n|\n|t:|1732960148\n|move|p2a: Moltres|Brave Bird|p1a: Cresselia\n|-damage|p1a: Cresselia|127/323 brn\n|-damage|p2a: Moltres|41/278|[from] Recoil\n|move|p1a: Cresselia|Moonlight|p1a: Cresselia\n|-heal|p1a: Cresselia|288/323 brn\n|\n|-heal|p1a: Cresselia|308/323 brn|[from] item: Leftovers\n|-damage|p1a: Cresselia|288/323 brn|[from] brn\n|upkeep\n|turn|31\n|\n|t:|1732960151\n|move|p2a: Moltres|Roost|p2a: Moltres\n|-heal|p2a: Moltres|180/278\n|-singleturn|p2a: Moltres|move: Roost\n|move|p1a: Cresselia|Psyshock|p2a: Moltres\n|-damage|p2a: Moltres|44/278\n|\n|-heal|p1a: Cresselia|308/323 brn|[from] item: Leftovers\n|-damage|p1a: Cresselia|288/323 brn|[from] brn\n|upkeep\n|turn|32\n|\n|t:|1732960155\n|move|p2a: Moltres|Brave Bird|p1a: Cresselia\n|-damage|p1a: Cresselia|174/323 brn\n|-damage|p2a: Moltres|6/278|[from] Recoil\n|move|p1a: Cresselia|Psyshock|p2a: Moltres\n|-damage|p2a: Moltres|0 fnt\n|faint|p2a: Moltres\n|\n|-heal|p1a: Cresselia|194/323 brn|[from] item: Leftovers\n|-damage|p1a: Cresselia|174/323 brn|[from] brn\n|upkeep\n|\n|t:|1732960163\n|switch|p2a: Bastiodon|Bastiodon, L89, F|252/252\n|turn|33\n|\n|t:|1732960173\n|move|p1a: Cresselia|Psyshock|p2a: Bastiodon\n|-resisted|p2a: Bastiodon\n|-damage|p2a: Bastiodon|219/252\n|move|p2a: Bastiodon|Iron Defense|p2a: Bastiodon\n|-boost|p2a: Bastiodon|def|2\n|\n|-heal|p1a: Cresselia|194/323 brn|[from] item: Leftovers\n|-damage|p1a: Cresselia|174/323 brn|[from] brn\n|upkeep\n|turn|34\n|\n|t:|1732960181\n|move|p1a: Cresselia|Moonblast|p2a: Bastiodon\n|-resisted|p2a: Bastiodon\n|-damage|p2a: Bastiodon|169/252\n|move|p2a: Bastiodon|Body Press|p1a: Cresselia\n|-resisted|p1a: Cresselia\n|-damage|p1a: Cresselia|91/323 brn\n|\n|-heal|p1a: Cresselia|111/323 brn|[from] item: Leftovers\n|-damage|p1a: Cresselia|91/323 brn|[from] brn\n|upkeep\n|turn|35\n|\n|t:|1732960185\n|move|p1a: Cresselia|Moonlight|p1a: Cresselia\n|-heal|p1a: Cresselia|252/323 brn\n|move|p2a: Bastiodon|Body Press|p1a: Cresselia\n|-resisted|p1a: Cresselia\n|-damage|p1a: Cresselia|162/323 brn\n|\n|-heal|p1a: Cresselia|182/323 brn|[from] item: Leftovers\n|-damage|p1a: Cresselia|162/323 brn|[from] brn\n|upkeep\n|turn|36\n|\n|t:|1732960188\n|move|p1a: Cresselia|Moonblast|p2a: Bastiodon\n|-resisted|p2a: Bastiodon\n|-damage|p2a: Bastiodon|117/252\n|move|p2a: Bastiodon|Body Press|p1a: Cresselia\n|-resisted|p1a: Cresselia\n|-damage|p1a: Cresselia|71/323 brn\n|\n|-heal|p1a: Cresselia|91/323 brn|[from] item: Leftovers\n|-damage|p1a: Cresselia|71/323 brn|[from] brn\n|upkeep\n|turn|37\n|\n|t:|1732960193\n|move|p1a: Cresselia|Moonblast|p2a: Bastiodon\n|-resisted|p2a: Bastiodon\n|-damage|p2a: Bastiodon|63/252\n|move|p2a: Bastiodon|Iron Defense|p2a: Bastiodon\n|-boost|p2a: Bastiodon|def|2\n|\n|-heal|p1a: Cresselia|91/323 brn|[from] item: Leftovers\n|-damage|p1a: Cresselia|71/323 brn|[from] brn\n|upkeep\n|turn|38\n|\n|t:|1732960197\n|move|p1a: Cresselia|Moonblast|p2a: Bastiodon\n|-resisted|p2a: Bastiodon\n|-damage|p2a: Bastiodon|11/252\n|move|p2a: Bastiodon|Body Press|p1a: Cresselia\n|-resisted|p1a: Cresselia\n|-damage|p1a: Cresselia|0 fnt\n|faint|p1a: Cresselia\n|\n|upkeep\n|\n|t:|1732960203\n|switch|p1a: Virizion|Virizion, L82|283/283\n|-damage|p1a: Virizion|266/283|[from] Stealth Rock\n|turn|39\n|\n|t:|1732960208\n|move|p1a: Virizion|Leaf Blade|p2a: Bastiodon\n|-damage|p2a: Bastiodon|0 fnt\n|faint|p2a: Bastiodon\n|-damage|p1a: Virizion|238/283|[from] item: Life Orb\n|\n|upkeep\n|\n|t:|1732960210\n|switch|p2a: Mienshao|Mienshao, L83, M|244/244\n|turn|40\n|\n|t:|1732960220\n|move|p2a: Mienshao|Fake Out|p1a: Virizion\n|-damage|p1a: Virizion|198/283\n|cant|p1a: Virizion|flinch\n|\n|upkeep\n|turn|41\n|\n|t:|1732960224\n|move|p1a: Virizion|Close Combat|p2a: Mienshao\n|-damage|p2a: Mienshao|49/244\n|-unboost|p1a: Virizion|def|1\n|-unboost|p1a: Virizion|spd|1\n|-damage|p1a: Virizion|170/283|[from] item: Life Orb\n|move|p2a: Mienshao|Close Combat|p1a: Virizion\n|-damage|p1a: Virizion|0 fnt\n|-unboost|p2a: Mienshao|def|1\n|-unboost|p2a: Mienshao|spd|1\n|faint|p1a: Virizion\n|\n|upkeep\n|\n|t:|1732960232\n|switch|p1a: Pikachu|Pikachu, L93, M|94/216\n|-damage|p1a: Pikachu|67/216|[from] Stealth Rock\n|turn|42\n|\n|t:|1732960239\n|move|p1a: Pikachu|Fake Out|p2a: Mienshao\n|-damage|p2a: Mienshao|0 fnt\n|faint|p2a: Mienshao\n|\n|win|hpunkkk\n|raw|hpunkkk's rating: 1557 &rarr; <strong>1574</strong><br />(+17 for winning)\n|raw|menimenfe's rating: 1511 &rarr; <strong>1494</strong><br />(-17 for losing)\n|l|\u2606menimenfe\n|player|p2|\n", "inputlog": ">version b107d77f5c90bd6555267ae244a6264823309ead\n>start {\"formatid\":\"gen9randombattle\",\"seed\":[48726,37887,33362,9659],\"rated\":\"Rated battle\"}\n>player p1 {\"name\":\"hpunkkk\",\"avatar\":\"102\",\"rating\":1557,\"seed\":[32982,10747,47964,25781]}\n>player p2 {\"name\":\"menimenfe\",\"avatar\":\"bugcatcher-gen4dp\",\"rating\":1511,\"seed\":[53654,8016,25714,18498]}\n>p1 move poltergeist\n>p2 move stealthrock\n>p1 move poltergeist\n>p2 move heavyslam\n>p1 move poltergeist\n>p2 move rest\n>p1 move shadowsneak\n>p2 move heavyslam\n>p1 move painsplit\n>p2 move heavyslam\n>p1 move shadowsneak\n>p2 move heavyslam\n>p1 move painsplit\n>p2 move heavyslam\n>p1 move shadowsneak\n>p2 move heavyslam\n>p1 switch 4\n>p1 move knockoff\n>p2 move rest\n>p2 switch 5\n>p1 move knockoff\n>p2 move fireblast\n>p1 switch 3\n>p1 move volttackle\n>p2 switch 4\n>p1 move surf\n>p2 move rest\n>p1 switch 6\n>p2 move bodypress\n>p1 move fireblast\n>p2 switch 6\n>p1 move meteorbeam\n>p2 move sleeppowder\n>p1 move sludgebomb\n>p2 switch 2\n>p1 move dynamaxcannon\n>p2 move revelationdance\n>p1 switch 6\n>p1 move volttackle\n>p2 move revelationdance\n>p2 switch 6\n>p1 switch 2\n>p2 move bodypress\n>p1 move calmmind\n>p2 switch 2\n>p1 move psyshock\n>p2 move sleeppowder\n>p1 move psyshock\n>p2 move quiverdance\n>p1 move psyshock\n>p2 move bugbuzz\n>p2 switch 3\n>p1 move psyshock terastallize\n>p2 move fakeout\n>p1 move moonblast\n>p2 move uturn\n>p2 switch 4\n>p1 move moonlight\n>p2 move willowisp\n>p1 move psyshock\n>p2 move roost\n>p1 move calmmind\n>p2 move bravebird\n>p1 move moonlight\n>p2 move bravebird\n>p1 move moonlight\n>p2 move bravebird\n>p1 move psyshock\n>p2 move roost\n>p1 move psyshock\n>p2 move bravebird\n>p2 switch 2\n>p1 move psyshock\n>p2 move irondefense\n>p1 move moonblast\n>p2 move bodypress\n>p1 move moonlight\n>p2 move bodypress\n>p1 move moonblast\n>p2 move bodypress\n>p1 move moonblast\n>p2 move irondefense\n>p1 move moonblast\n>p2 move bodypress\n>p1 switch 5\n>p1 move leafblade\n>p2 move rest\n>p2 switch 4\n>p1 move closecombat\n>p2 move fakeout\n>p1 move closecombat\n>p2 move closecombat\n>p1 switch 2\n>p1 move fakeout\n>p2 move closecombat", "uploadtime": 1732960252, "views": 2, "formatid": "gen9randombattle", "rating": 1494, "private": 0, "password": null}