{"id": "gen9randombattle-2253972853", "format": "[Gen 9] Random Battle", "players": ["the_champ12345", "Daruma sama"], "log": "|j|\u2606the_champ12345\n|j|\u2606Daruma sama\n|t:|1732973870\n|gametype|singles\n|player|p1|the_champ12345|2|1522\n|player|p2|Daruma sama|li|1455\n|teamsize|p1|6\n|teamsize|p2|6\n|gen|9\n|tier|[Gen 9] Random Battle\n|rated|\n|rule|Species Clause: Limit one of each Pok\u00e9mon\n|rule|HP Percentage Mod: HP is shown in percentages\n|rule|Sleep Clause Mod: Limit one foe put to sleep\n|rule|Illusion Level Mod: Illusion disguises the Pok\u00e9mon's true level\n|\n|t:|1732973870\n|start\n|switch|p1a: Pecharunt|Pecharunt, L77|262/262\n|switch|p2a: Lycanroc|Lycanroc-Dusk, L80, F|251/251\n|turn|1\n|inactive|Battle timer is ON: inactive players will automatically lose when time's up. (requested by Daruma sama)\n|\n|t:|1732973886\n|move|p2a: Lycanroc|Psychic Fangs|p1a: Pecharunt\n|-supereffective|p1a: Pecharunt\n|-damage|p1a: Pecharunt|124/262\n|-damage|p2a: Lycanroc|226/251|[from] item: Life Orb\n|move|p1a: Pecharunt|Parting Shot|p2a: Lycanroc\n|-unboost|p2a: Lycanroc|atk|1\n|-unboost|p2a: Lycanroc|spa|1\n|\n|t:|1732973914\n|switch|p1a: Brute Bonnet|Brute Bonnet, L81|312/312|[from] Parting Shot\n|\n|upkeep\n|turn|2\n|\n|t:|1732973933\n|switch|p2a: Chesnaught|Chesnaught, L84, M|285/285\n|move|p1a: Brute Bonnet|Seed Bomb|p2a: Chesnaught\n|-immune|p2a: Chesnaught|[from] ability: Bulletproof\n|\n|upkeep\n|turn|3\n|\n|t:|1732973945\n|-end|p1a: Brute Bonnet|Protosynthesis|[silent]\n|switch|p1a: Pecharunt|Pecharunt, L77|124/262\n|move|p2a: Chesnaught|Body Press|p1a: Pecharunt\n|-immune|p1a: Pecharunt\n|\n|-heal|p1a: Pecharunt|140/262|[from] item: Leftovers\n|upkeep\n|turn|4\n|\n|t:|1732973961\n|switch|p2a: Wyrdeer|Wyrdeer, L87, F|321/321\n|-ability|p2a: Wyrdeer|Intimidate|boost\n|-unboost|p1a: Pecharunt|atk|1\n|move|p1a: Pecharunt|Malignant Chain|p2a: Wyrdeer\n|-damage|p2a: Wyrdeer|266/321\n|\n|-heal|p1a: Pecharunt|156/262|[from] item: Leftovers\n|upkeep\n|turn|5\n|\n|t:|1732973977\n|move|p1a: Pecharunt|Parting Shot|p2a: Wyrdeer\n|-unboost|p2a: Wyrdeer|atk|1\n|-unboost|p2a: Wyrdeer|spa|1\n|\n|t:|1732973990\n|switch|p1a: Brute Bonnet|Brute Bonnet, L81|312/312|[from] Parting Shot\n|move|p2a: Wyrdeer|Psychic Noise|p1a: Brute Bonnet\n|-immune|p1a: Brute Bonnet\n|\n|upkeep\n|turn|6\n|\n|t:|1732974004\n|switch|p2a: Chesnaught|Chesnaught, L84, M|285/285\n|move|p1a: Brute Bonnet|Crunch|p2a: Chesnaught\n|-resisted|p2a: Chesnaught\n|-damage|p2a: Chesnaught|249/285\n|-unboost|p2a: Chesnaught|def|1\n|\n|-heal|p2a: Chesnaught|266/285|[from] item: Leftovers\n|upkeep\n|turn|7\n|\n|t:|1732974019\n|-end|p1a: Brute Bonnet|Protosynthesis|[silent]\n|switch|p1a: Pecharunt|Pecharunt, L77|156/262\n|move|p2a: Chesnaught|Knock Off|p1a: Pecharunt\n|-supereffective|p1a: Pecharunt\n|-damage|p1a: Pecharunt|50/262\n|-enditem|p1a: Pecharunt|Leftovers|[from] move: Knock Off|[of] p2a: Chesnaught\n|\n|-heal|p2a: Chesnaught|283/285|[from] item: Leftovers\n|upkeep\n|turn|8\n|\n|t:|1732974035\n|switch|p2a: Wyrdeer|Wyrdeer, L87, F|266/321\n|-ability|p2a: Wyrdeer|Intimidate|boost\n|-unboost|p1a: Pecharunt|atk|1\n|move|p1a: Pecharunt|Malignant Chain|p2a: Wyrdeer\n|-damage|p2a: Wyrdeer|209/321\n|\n|upkeep\n|turn|9\n|\n|t:|1732974053\n|move|p1a: Pecharunt|Malignant Chain|p2a: Wyrdeer\n|-damage|p2a: Wyrdeer|148/321\n|-status|p2a: Wyrdeer|tox\n|-start|p2a: Wyrdeer|confusion|[from] ability: Poison Puppeteer|[of] p1a: Pecharunt\n|-activate|p2a: Wyrdeer|confusion\n|move|p2a: Wyrdeer|Psychic Noise|p1a: Pecharunt\n|-supereffective|p1a: Pecharunt\n|-damage|p1a: Pecharunt|0 fnt\n|faint|p1a: Pecharunt\n|\n|-damage|p2a: Wyrdeer|128/321 tox|[from] psn\n|upkeep\n|\n|t:|1732974062\n|switch|p1a: Brute Bonnet|Brute Bonnet, L81|312/312\n|turn|10\n|\n|t:|1732974069\n|-activate|p2a: Wyrdeer|confusion\n|-damage|p2a: Wyrdeer|90/321 tox|[from] confusion\n|move|p1a: Brute Bonnet|Crunch|p2a: Wyrdeer\n|-supereffective|p2a: Wyrdeer\n|-damage|p2a: Wyrdeer|0 fnt\n|faint|p2a: Wyrdeer\n|\n|upkeep\n|\n|t:|1732974077\n|switch|p2a: Chesnaught|Chesnaught, L84, M|283/285\n|turn|11\n|\n|t:|1732974091\n|-end|p1a: Brute Bonnet|Protosynthesis|[silent]\n|switch|p1a: Cetitan|Cetitan, L82, F|413/413\n|move|p2a: Chesnaught|Body Press|p1a: Cetitan\n|-supereffective|p1a: Cetitan\n|-crit|p1a: Cetitan\n|-damage|p1a: Cetitan|17/413\n|\n|-heal|p2a: Chesnaught|285/285|[from] item: Leftovers\n|upkeep\n|turn|12\n|\n|t:|1732974116\n|switch|p2a: Lycanroc|Lycanroc-Dusk, L80, F|226/251\n|move|p1a: Cetitan|Icicle Crash|p2a: Lycanroc|[miss]\n|-miss|p1a: Cetitan|p2a: Lycanroc\n|\n|upkeep\n|turn|13\n|\n|t:|1732974121\n|move|p1a: Cetitan|Ice Shard|p2a: Lycanroc\n|-damage|p2a: Lycanroc|143/251\n|-damage|p1a: Cetitan|0 fnt|[from] item: Life Orb\n|faint|p1a: Cetitan\n|move|p2a: Lycanroc|Psychic Fangs|p1: Cetitan|[notarget]\n|-fail|p2a: Lycanroc\n|\n|upkeep\n|\n|t:|1732974132\n|switch|p1a: Brute Bonnet|Brute Bonnet, L81|312/312\n|turn|14\n|\n|t:|1732974136\n|switch|p2a: Chesnaught|Chesnaught, L84, M|285/285\n|move|p1a: Brute Bonnet|Seed Bomb|p2a: Chesnaught\n|-immune|p2a: Chesnaught|[from] ability: Bulletproof\n|\n|upkeep\n|turn|15\n|\n|t:|1732974148\n|-end|p1a: Brute Bonnet|Protosynthesis|[silent]\n|switch|p1a: Klawf|Klawf, L90, M|272/272\n|move|p2a: Chesnaught|Body Press|p1a: Klawf\n|-supereffective|p1a: Klawf\n|-damage|p1a: Klawf|114/272\n|\n|upkeep\n|turn|16\n|\n|t:|1732974156\n|move|p1a: Klawf|Knock Off|p2a: Chesnaught\n|-resisted|p2a: Chesnaught\n|-damage|p2a: Chesnaught|234/285\n|-enditem|p2a: Chesnaught|Leftovers|[from] move: Knock Off|[of] p1a: Klawf\n|move|p2a: Chesnaught|Body Press|p1a: Klawf\n|-supereffective|p1a: Klawf\n|-damage|p1a: Klawf|0 fnt\n|faint|p1a: Klawf\n|\n|upkeep\n|\n|t:|1732974162\n|switch|p1a: Florges|Florges-Orange, L85, F|271/271\n|turn|17\n|\n|t:|1732974188\n|switch|p2a: Lycanroc|Lycanroc-Dusk, L80, F|143/251\n|move|p1a: Florges|Calm Mind|p1a: Florges\n|-boost|p1a: Florges|spa|1\n|-boost|p1a: Florges|spd|1\n|\n|upkeep\n|turn|18\n|\n|t:|1732974195\n|move|p2a: Lycanroc|Stone Edge|p1a: Florges\n|-damage|p1a: Florges|86/271\n|-damage|p2a: Lycanroc|118/251|[from] item: Life Orb\n|move|p1a: Florges|Moonblast|p2a: Lycanroc\n|-damage|p2a: Lycanroc|0 fnt\n|faint|p2a: Lycanroc\n|\n|-heal|p1a: Florges|102/271|[from] item: Leftovers\n|upkeep\n|inactive|Daruma sama has 120 seconds left.\n|\n|t:|1732974217\n|switch|p2a: Sneasler|Sneasler, L74, F|240/240\n|turn|19\n|inactive|Daruma sama has 120 seconds left.\n|\n|t:|1732974225\n|-terastallize|p1a: Florges|Steel\n|move|p2a: Sneasler|Gunk Shot|p1a: Florges\n|-immune|p1a: Florges\n|move|p1a: Florges|Moonblast|p2a: Sneasler\n|-damage|p2a: Sneasler|21/240\n|\n|-heal|p1a: Florges|118/271|[from] item: Leftovers\n|upkeep\n|turn|20\n|\n|t:|1732974235\n|move|p2a: Sneasler|Close Combat|p1a: Florges\n|-supereffective|p1a: Florges\n|-damage|p1a: Florges|0 fnt\n|-unboost|p2a: Sneasler|def|1\n|-unboost|p2a: Sneasler|spd|1\n|-enditem|p2a: Sneasler|White Herb\n|-clearnegativeboost|p2a: Sneasler|[silent]\n|faint|p1a: Florges\n|\n|upkeep\n|\n|t:|1732974238\n|switch|p1a: Brute Bonnet|Brute Bonnet, L81|312/312\n|turn|21\n|\n|t:|1732974241\n|move|p2a: Sneasler|Acrobatics|p1a: Brute Bonnet\n|-supereffective|p1a: Brute Bonnet\n|-damage|p1a: Brute Bonnet|162/312\n|move|p1a: Brute Bonnet|Seed Bomb|p2a: Sneasler\n|-resisted|p2a: Sneasler\n|-damage|p2a: Sneasler|0 fnt\n|faint|p2a: Sneasler\n|\n|-heal|p1a: Brute Bonnet|181/312|[from] item: Leftovers\n|upkeep\n|\n|t:|1732974245\n|switch|p2a: Chesnaught|Chesnaught, L84, M|234/285\n|turn|22\n|\n|t:|1732974259\n|move|p2a: Chesnaught|Body Press|p1a: Brute Bonnet\n|-supereffective|p1a: Brute Bonnet\n|-damage|p1a: Brute Bonnet|0 fnt\n|faint|p1a: Brute Bonnet\n|-end|p1a: Brute Bonnet|Protosynthesis|[silent]\n|\n|upkeep\n|\n|t:|1732974269\n|switch|p1a: Iron Crown|Iron Crown, L79|272/272\n|turn|23\n|\n|t:|1732974275\n|move|p1a: Iron Crown|Psyshock|p2a: Chesnaught\n|-supereffective|p2a: Chesnaught\n|-damage|p2a: Chesnaught|10/285\n|move|p2a: Chesnaught|Knock Off|p1a: Iron Crown\n|-supereffective|p1a: Iron Crown\n|-damage|p1a: Iron Crown|140/272\n|-enditem|p1a: Iron Crown|Choice Specs|[from] move: Knock Off|[of] p2a: Chesnaught\n|\n|upkeep\n|turn|24\n|\n|t:|1732974281\n|move|p1a: Iron Crown|Tachyon Cutter|p2a: Chesnaught\n|-damage|p2a: Chesnaught|0 fnt\n|faint|p2a: Chesnaught\n|-hitcount|p2: Chesnaught|1\n|\n|upkeep\n|\n|t:|1732974283\n|switch|p2a: Calyrex|Calyrex-Shadow, L64|235/235\n|-ability|p2a: Calyrex|As One\n|-ability|p2a: Calyrex|Unnerve\n|turn|25\n|\n|t:|1732974292\n|-terastallize|p2a: Calyrex|Ghost\n|move|p2a: Calyrex|Astral Barrage|p1a: Iron Crown\n|-supereffective|p1a: Iron Crown\n|-damage|p1a: Iron Crown|0 fnt\n|faint|p1a: Iron Crown\n|-end|p1a: Iron Crown|Quark Drive|[silent]\n|-damage|p2a: Calyrex|212/235|[from] item: Life Orb\n|\n|win|Daruma sama\n|raw|the_champ12345's rating: 1504 &rarr; <strong>1482</strong><br />(-22 for losing)\n|raw|Daruma sama's rating: 1477 &rarr; <strong>1499</strong><br />(+22 for winning)\n|l|\u2606Daruma sama\n|player|p2|\n", "inputlog": ">version b107d77f5c90bd6555267ae244a6264823309ead\n>start {\"formatid\":\"gen9randombattle\",\"seed\":[13472,605,23351,53537],\"rated\":\"Rated battle\"}\n>player p1 {\"name\":\"the_champ12345\",\"avatar\":\"2\",\"rating\":1522,\"seed\":[6770,38418,8270,55331]}\n>player p2 {\"name\":\"Daruma sama\",\"avatar\":\"li\",\"rating\":1455,\"seed\":[41962,42052,12920,7186]}\n>p1 move partingshot\n>p2 move psychicfangs\n>p1 switch 6\n>p1 move seedbomb\n>p2 switch 5\n>p1 switch 6\n>p2 move bodypress\n>p1 move malignantchain\n>p2 switch 2\n>p1 move partingshot\n>p2 move psychicnoise\n>p1 switch 6\n>p1 move crunch\n>p2 switch 2\n>p1 switch 6\n>p2 move knockoff\n>p1 move malignantchain\n>p2 switch 2\n>p1 move malignantchain\n>p2 move psychicnoise\n>p1 switch 6\n>p1 move crunch\n>p2 move megahorn\n>p2 switch 2\n>p1 switch 5\n>p2 move bodypress\n>p1 move iciclecrash\n>p2 switch 5\n>p1 move iceshard\n>p2 move psychicfangs\n>p1 switch 5\n>p1 move seedbomb\n>p2 switch 5\n>p1 switch 2\n>p2 move bodypress\n>p1 move knockoff\n>p2 move bodypress\n>p1 switch 4\n>p1 move calmmind\n>p2 switch 5\n>p1 move moonblast\n>p2 move stoneedge\n>p2 switch 4\n>p1 move moonblast terastallize\n>p2 move gunkshot\n>p1 move moonblast\n>p2 move closecombat\n>p1 switch 2\n>p1 move seedbomb\n>p2 move acrobatics\n>p2 switch 5\n>p1 move crunch\n>p2 move bodypress\n>p1 switch 3\n>p1 move psyshock\n>p2 move knockoff\n>p1 move tachyoncutter\n>p2 move bodypress\n>p2 switch 3\n>p1 move tachyoncutter\n>p2 move astralbarrage terastallize", "uploadtime": 1732974301, "views": 1, "formatid": "gen9randombattle", "rating": 1482, "private": 0, "password": null}