{"id": "gen9randombattle-2254147107", "format": "[Gen 9] Random Battle", "players": ["sirspiky", "djooz"], "log": "|j|\u2606sirspiky\n|j|\u2606djooz\n|t:|1732996999\n|gametype|singles\n|player|p1|sirspiky|brycenman|1420\n|player|p2|djooz|steven|1426\n|teamsize|p1|6\n|teamsize|p2|6\n|gen|9\n|tier|[Gen 9] Random Battle\n|rated|\n|rule|Species Clause: Limit one of each Pok\u00e9mon\n|rule|HP Percentage Mod: HP is shown in percentages\n|rule|Sleep Clause Mod: Limit one foe put to sleep\n|rule|Illusion Level Mod: Illusion disguises the Pok\u00e9mon's true level\n|\n|t:|1732996999\n|start\n|switch|p1a: Empoleon|Empoleon, L84, M|278/278\n|switch|p2a: Oinkologne|Oinkologne, L92, M|352/352\n|turn|1\n|\n|t:|1732997038\n|move|p2a: Oinkologne|Body Slam|p1a: Empoleon\n|-resisted|p1a: Empoleon\n|-damage|p1a: Empoleon|226/278\n|move|p1a: Empoleon|Surf|p2a: Oinkologne\n|-damage|p2a: Oinkologne|250/352\n|\n|-heal|p2a: Oinkologne|272/352|[from] item: Leftovers\n|-heal|p1a: Empoleon|243/278|[from] item: Leftovers\n|upkeep\n|turn|2\n|\n|t:|1732997048\n|move|p2a: Oinkologne|Body Slam|p1a: Empoleon\n|-resisted|p1a: Empoleon\n|-damage|p1a: Empoleon|184/278\n|move|p1a: Empoleon|Yawn|p2a: Oinkologne\n|-start|p2a: Oinkologne|move: Yawn|[of] p1a: Empoleon\n|\n|-heal|p2a: Oinkologne|294/352|[from] item: Leftovers\n|-heal|p1a: Empoleon|201/278|[from] item: Leftovers\n|upkeep\n|turn|3\n|\n|t:|1732997061\n|switch|p2a: Duraludon|Duraludon, L82, M|249/249\n|move|p1a: Empoleon|Flip Turn|p2a: Duraludon\n|-resisted|p2a: Duraludon\n|-damage|p2a: Duraludon|234/249\n|\n|t:|1732997068\n|switch|p1a: Medicham|Medicham, L86, F|243/243|[from] Flip Turn\n|\n|upkeep\n|turn|4\n|\n|t:|1732997083\n|switch|p2a: Latios|Latios, L78, M|253/253\n|move|p1a: Medicham|Close Combat|p2a: Latios\n|-resisted|p2a: Latios\n|-damage|p2a: Latios|79/253\n|-unboost|p1a: Medicham|def|1\n|-unboost|p1a: Medicham|spd|1\n|\n|upkeep\n|turn|5\n|\n|t:|1732997116\n|switch|p1a: Empoleon|Empoleon, L84, M|201/278\n|move|p2a: Latios|Draco Meteor|p1a: Empoleon\n|-resisted|p1a: Empoleon\n|-damage|p1a: Empoleon|114/278\n|-unboost|p2a: Latios|spa|2\n|\n|-heal|p1a: Empoleon|131/278|[from] item: Leftovers\n|upkeep\n|turn|6\n|\n|t:|1732997135\n|switch|p2a: Pelipper|Pelipper, L86, M|243/243\n|-weather|RainDance|[from] ability: Drizzle|[of] p2a: Pelipper\n|move|p1a: Empoleon|Roost|p1a: Empoleon\n|-heal|p1a: Empoleon|270/278\n|-singleturn|p1a: Empoleon|move: Roost\n|\n|-weather|RainDance|[upkeep]\n|-heal|p1a: Empoleon|278/278|[from] item: Leftovers\n|upkeep\n|turn|7\n|\n|t:|1732997151\n|move|p2a: Pelipper|Hurricane|p1a: Empoleon\n|-resisted|p1a: Empoleon\n|-damage|p1a: Empoleon|222/278\n|move|p1a: Empoleon|Yawn|p2a: Pelipper\n|-start|p2a: Pelipper|move: Yawn|[of] p1a: Empoleon\n|\n|-weather|RainDance|[upkeep]\n|-heal|p1a: Empoleon|239/278|[from] item: Leftovers\n|upkeep\n|turn|8\n|\n|t:|1732997160\n|move|p2a: Pelipper|U-turn|p1a: Empoleon\n|-resisted|p1a: Empoleon\n|-damage|p1a: Empoleon|223/278\n|\n|t:|1732997163\n|switch|p2a: Latios|Latios, L78, M|79/253|[from] U-turn\n|move|p1a: Empoleon|Flip Turn|p2a: Latios\n|-resisted|p2a: Latios\n|-damage|p2a: Latios|25/253\n|\n|t:|1732997179\n|switch|p1a: Pyroar|Pyroar, L88, F|295/295|[from] Flip Turn\n|-ability|p1a: Pyroar|Unnerve\n|\n|-weather|RainDance|[upkeep]\n|upkeep\n|turn|9\n|\n|t:|1732997187\n|move|p1a: Pyroar|Hyper Voice|p2a: Latios\n|-damage|p2a: Latios|0 fnt\n|faint|p2a: Latios\n|\n|-weather|RainDance|[upkeep]\n|upkeep\n|\n|t:|1732997195\n|switch|p2a: Pelipper|Pelipper, L86, M|243/243\n|turn|10\n|\n|t:|1732997203\n|switch|p1a: Empoleon|Empoleon, L84, M|223/278\n|move|p2a: Pelipper|U-turn|p1a: Empoleon\n|-resisted|p1a: Empoleon\n|-damage|p1a: Empoleon|208/278\n|\n|t:|1732997208\n|switch|p2a: Oinkologne|Oinkologne, L92, M|294/352|[from] U-turn\n|\n|-weather|none\n|-heal|p2a: Oinkologne|316/352|[from] item: Leftovers\n|-heal|p1a: Empoleon|225/278|[from] item: Leftovers\n|upkeep\n|turn|11\n|\n|t:|1732997215\n|move|p2a: Oinkologne|High Horsepower|p1a: Empoleon|[miss]\n|-miss|p2a: Oinkologne|p1a: Empoleon\n|move|p1a: Empoleon|Flip Turn|p2a: Oinkologne\n|-damage|p2a: Oinkologne|259/352\n|\n|t:|1732997222\n|switch|p1a: Medicham|Medicham, L86, F|243/243|[from] Flip Turn\n|\n|-heal|p2a: Oinkologne|281/352|[from] item: Leftovers\n|upkeep\n|turn|12\n|\n|t:|1732997245\n|switch|p2a: Pelipper|Pelipper, L86, M|243/243\n|-weather|RainDance|[from] ability: Drizzle|[of] p2a: Pelipper\n|move|p1a: Medicham|Close Combat|p2a: Pelipper\n|-resisted|p2a: Pelipper\n|-damage|p2a: Pelipper|114/243\n|-unboost|p1a: Medicham|def|1\n|-unboost|p1a: Medicham|spd|1\n|\n|-weather|RainDance|[upkeep]\n|upkeep\n|turn|13\n|\n|t:|1732997259\n|move|p1a: Medicham|Close Combat|p2a: Pelipper\n|-resisted|p2a: Pelipper\n|-damage|p2a: Pelipper|0 fnt\n|-unboost|p1a: Medicham|def|1\n|-unboost|p1a: Medicham|spd|1\n|faint|p2a: Pelipper\n|\n|-weather|RainDance|[upkeep]\n|upkeep\n|\n|t:|1732997267\n|switch|p2a: Jirachi|Jirachi, L80|291/291\n|turn|14\n|\n|t:|1732997278\n|switch|p1a: Empoleon|Empoleon, L84, M|225/278\n|move|p2a: Jirachi|Iron Head|p1a: Empoleon\n|-resisted|p1a: Empoleon\n|-damage|p1a: Empoleon|206/278\n|\n|-weather|RainDance|[upkeep]\n|-heal|p1a: Empoleon|223/278|[from] item: Leftovers\n|upkeep\n|turn|15\n|\n|t:|1732997286\n|move|p2a: Jirachi|Drain Punch|p1a: Empoleon\n|-supereffective|p1a: Empoleon\n|-damage|p1a: Empoleon|123/278\n|move|p1a: Empoleon|Yawn|p2a: Jirachi\n|-start|p2a: Jirachi|move: Yawn|[of] p1a: Empoleon\n|\n|-weather|RainDance|[upkeep]\n|-heal|p1a: Empoleon|140/278|[from] item: Leftovers\n|upkeep\n|turn|16\n|\n|t:|1732997296\n|switch|p2a: Oinkologne|Oinkologne, L92, M|281/352\n|move|p1a: Empoleon|Roost|p1a: Empoleon\n|-heal|p1a: Empoleon|278/278\n|-singleturn|p1a: Empoleon|move: Roost\n|\n|-weather|none\n|-heal|p2a: Oinkologne|303/352|[from] item: Leftovers\n|upkeep\n|turn|17\n|\n|t:|1732997309\n|move|p2a: Oinkologne|High Horsepower|p1a: Empoleon\n|-supereffective|p1a: Empoleon\n|-damage|p1a: Empoleon|124/278\n|move|p1a: Empoleon|Yawn|p2a: Oinkologne\n|-start|p2a: Oinkologne|move: Yawn|[of] p1a: Empoleon\n|\n|-heal|p2a: Oinkologne|325/352|[from] item: Leftovers\n|-heal|p1a: Empoleon|141/278|[from] item: Leftovers\n|upkeep\n|turn|18\n|\n|t:|1732997326\n|switch|p1a: Medicham|Medicham, L86, F|243/243\n|move|p2a: Oinkologne|High Horsepower|p1a: Medicham|[miss]\n|-miss|p2a: Oinkologne|p1a: Medicham\n|\n|-heal|p2a: Oinkologne|347/352|[from] item: Leftovers\n|-end|p2a: Oinkologne|move: Yawn|[silent]\n|-status|p2a: Oinkologne|slp\n|upkeep\n|turn|19\n|c|\u2606sirspiky|two high horsepower misses, sheesh\n|\n|t:|1732997346\n|move|p1a: Medicham|Close Combat|p2a: Oinkologne\n|-supereffective|p2a: Oinkologne\n|-damage|p2a: Oinkologne|0 fnt\n|-unboost|p1a: Medicham|def|1\n|-unboost|p1a: Medicham|spd|1\n|faint|p2a: Oinkologne\n|\n|upkeep\n|\n|t:|1732997353\n|switch|p2a: Duraludon|Duraludon, L82, M|234/249\n|turn|20\n|\n|t:|1732997360\n|switch|p1a: Empoleon|Empoleon, L84, M|141/278\n|-terastallize|p2a: Duraludon|Fighting\n|move|p2a: Duraludon|Iron Defense|p2a: Duraludon\n|-boost|p2a: Duraludon|def|2\n|\n|-heal|p1a: Empoleon|158/278|[from] item: Leftovers\n|upkeep\n|turn|21\n|\n|t:|1732997370\n|switch|p1a: Misdreavus|Misdreavus, L90, M|254/254\n|move|p2a: Duraludon|Body Press|p1a: Misdreavus\n|-immune|p1a: Misdreavus\n|\n|upkeep\n|turn|22\n|\n|t:|1732997378\n|move|p1a: Misdreavus|Will-O-Wisp|p2a: Duraludon|[miss]\n|-miss|p1a: Misdreavus|p2a: Duraludon\n|move|p2a: Duraludon|Draco Meteor|p1a: Misdreavus|[miss]\n|-miss|p2a: Duraludon|p1a: Misdreavus\n|\n|upkeep\n|turn|23\n|\n|t:|1732997384\n|move|p1a: Misdreavus|Will-O-Wisp|p2a: Duraludon|[miss]\n|-miss|p1a: Misdreavus|p2a: Duraludon\n|move|p2a: Duraludon|Draco Meteor|p1a: Misdreavus\n|-damage|p1a: Misdreavus|158/254\n|-unboost|p2a: Duraludon|spa|2\n|\n|upkeep\n|turn|24\n|c|\u2606sirspiky|welp\n|\n|t:|1732997393\n|move|p1a: Misdreavus|Will-O-Wisp|p2a: Duraludon\n|-status|p2a: Duraludon|brn\n|move|p2a: Duraludon|Flash Cannon|p1a: Misdreavus\n|-damage|p1a: Misdreavus|128/254\n|\n|-damage|p2a: Duraludon|219/249 brn|[from] brn\n|upkeep\n|turn|25\n|c|\u2606sirspiky|that repays it a little i guess\n|\n|t:|1732997422\n|move|p1a: Misdreavus|Calm Mind|p1a: Misdreavus\n|-boost|p1a: Misdreavus|spa|1\n|-boost|p1a: Misdreavus|spd|1\n|move|p2a: Duraludon|Iron Defense|p2a: Duraludon\n|-boost|p2a: Duraludon|def|2\n|\n|-damage|p2a: Duraludon|204/249 brn|[from] brn\n|upkeep\n|turn|26\n|\n|t:|1732997431\n|switch|p2a: Jirachi|Jirachi, L80|291/291\n|move|p1a: Misdreavus|Draining Kiss|p2a: Jirachi\n|-resisted|p2a: Jirachi\n|-damage|p2a: Jirachi|274/291\n|-heal|p1a: Misdreavus|141/254|[from] drain|[of] p2a: Jirachi\n|\n|upkeep\n|turn|27\n|\n|t:|1732997447\n|switch|p1a: Magcargo|Magcargo, L95, M|268/268\n|move|p2a: Jirachi|Iron Head|p1a: Magcargo\n|-damage|p1a: Magcargo|210/268\n|-status|p2a: Jirachi|brn|[from] ability: Flame Body|[of] p1a: Magcargo\n|\n|-damage|p2a: Jirachi|256/291 brn|[from] brn\n|upkeep\n|turn|28\n|\n|t:|1732997458\n|switch|p2a: Duraludon|Duraludon, L82, M, tera:Fighting|204/249 brn\n|move|p1a: Magcargo|Lava Plume|p2a: Duraludon\n|-damage|p2a: Duraludon|93/249 brn\n|\n|-damage|p2a: Duraludon|78/249 brn|[from] brn\n|upkeep\n|turn|29\n|\n|t:|1732997468\n|switch|p1a: Misdreavus|Misdreavus, L90, M|141/254\n|move|p2a: Duraludon|Draco Meteor|p1a: Misdreavus|[miss]\n|-miss|p2a: Duraludon|p1a: Misdreavus\n|\n|-damage|p2a: Duraludon|63/249 brn|[from] brn\n|upkeep\n|turn|30\n|c|\u2606djooz|yea NO\n|c|\u2606djooz|bye\n|-message|djooz forfeited.\n|\n|win|sirspiky\n|raw|sirspiky's rating: 1420 &rarr; <strong>1440</strong><br />(+20 for winning)\n|raw|djooz's rating: 1426 &rarr; <strong>1406</strong><br />(-20 for losing)\n|l|\u2606djooz\n|player|p2|\n|c|\u2606sirspiky|gg lol\n", "inputlog": ">version b107d77f5c90bd6555267ae244a6264823309ead\n>start {\"formatid\":\"gen9randombattle\",\"seed\":[34160,19339,5213,10120],\"rated\":\"Rated battle\"}\n>player p1 {\"name\":\"sirspiky\",\"avatar\":\"brycenman\",\"rating\":1420,\"seed\":[36047,5763,35080,25194]}\n>player p2 {\"name\":\"djooz\",\"avatar\":\"steven\",\"rating\":1426,\"seed\":[32499,13517,27439,46971]}\n>p1 move surf\n>p2 move bodyslam\n>p1 move yawn\n>p2 move bodyslam\n>p1 move flipturn\n>p2 switch 5\n>p1 switch 2\n>p1 move closecombat\n>p2 switch 4\n>p1 switch 2\n>p2 move dracometeor\n>p1 move roost\n>p2 switch 3\n>p1 move yawn\n>p2 move hurricane\n>p1 move flipturn\n>p2 move uturn\n>p2 switch 3\n>p1 switch 3\n>p1 move hypervoice\n>p2 move aurasphere\n>p2 switch 3\n>p1 switch 3\n>p2 move uturn\n>p2 switch 5\n>p1 move flipturn\n>p2 move highhorsepower\n>p1 switch 2\n>p1 move closecombat\n>p2 switch 5\n>p1 move closecombat\n>p2 move roost\n>p2 switch 6\n>p1 switch 2\n>p2 move ironhead\n>p1 move yawn\n>p2 move drainpunch\n>p1 move roost\n>p2 switch 5\n>p1 move yawn\n>p2 move highhorsepower\n>p1 switch 2\n>p2 move highhorsepower\n>chat \u2606sirspiky|two high horsepower misses, sheesh\n>p1 move closecombat\n>p2 move highhorsepower\n>p2 switch 4\n>p1 switch 2\n>p2 move irondefense terastallize\n>p1 switch 6\n>p2 move bodypress\n>p1 move willowisp\n>p2 move dracometeor\n>p1 move willowisp\n>p2 move dracometeor\n>chat \u2606sirspiky|welp\n>p1 move willowisp\n>p2 move flashcannon\n>chat \u2606sirspiky|that repays it a little i guess\n>p1 move calmmind\n>p2 move irondefense\n>p1 move drainingkiss\n>p2 switch 5\n>p1 switch 4\n>p2 move ironhead\n>p1 move lavaplume\n>p2 switch 5\n>p1 switch 4\n>p2 move dracometeor\n>chat \u2606djooz|yea NO\n>chat \u2606djooz|bye\n>forcelose p2", "uploadtime": 1732997506, "views": 2, "formatid": "gen9randombattle", "rating": 1406, "private": 0, "password": null}