{"id": "gen9randombattle-2253966618", "format": "[Gen 9] Random Battle", "players": ["EveryMatchIsRigged", "varad03"], "log": "|j|\u2606EveryMatchIsRigged\n|j|\u2606varad03\n|t:|1732972853\n|gametype|singles\n|player|p1|EveryMatchIsRigged|acetrainerf|1273\n|player|p2|varad03|266|1310\n|teamsize|p1|6\n|teamsize|p2|6\n|gen|9\n|tier|[Gen 9] Random Battle\n|rated|\n|rule|Species Clause: Limit one of each Pok\u00e9mon\n|rule|HP Percentage Mod: HP is shown in percentages\n|rule|Sleep Clause Mod: Limit one foe put to sleep\n|rule|Illusion Level Mod: Illusion disguises the Pok\u00e9mon's true level\n|\n|t:|1732972853\n|start\n|switch|p1a: Pecharunt|Pecharunt, L77|262/262\n|switch|p2a: Deoxys|Deoxys-Speed, L82|216/216\n|-ability|p2a: Deoxys|Pressure\n|turn|1\n|inactive|Battle timer is ON: inactive players will automatically lose when time's up. (requested by EveryMatchIsRigged)\n|\n|t:|1732972867\n|move|p2a: Deoxys|Nasty Plot|p2a: Deoxys\n|-boost|p2a: Deoxys|spa|2\n|move|p1a: Pecharunt|Shadow Ball|p2a: Deoxys\n|-supereffective|p2a: Deoxys\n|-damage|p2a: Deoxys|90/216\n|-unboost|p2a: Deoxys|spd|1\n|\n|upkeep\n|turn|2\n|\n|t:|1732972877\n|-terastallize|p1a: Pecharunt|Dark\n|move|p2a: Deoxys|Dark Pulse|p1a: Pecharunt\n|-resisted|p1a: Pecharunt\n|-damage|p1a: Pecharunt|188/262\n|-damage|p2a: Deoxys|69/216|[from] item: Life Orb\n|move|p1a: Pecharunt|Shadow Ball|p2a: Deoxys\n|-supereffective|p2a: Deoxys\n|-damage|p2a: Deoxys|0 fnt\n|faint|p2a: Deoxys\n|\n|-heal|p1a: Pecharunt|204/262|[from] item: Leftovers\n|upkeep\n|\n|t:|1732972889\n|switch|p2a: Perrserker|Perrserker, L89, M|269/269\n|turn|3\n|\n|t:|1732972900\n|switch|p1a: Tatsugiri|Tatsugiri, L87, F|260/260\n|move|p2a: Perrserker|Close Combat|p1a: Tatsugiri\n|-damage|p1a: Tatsugiri|55/260\n|-unboost|p2a: Perrserker|def|1\n|-unboost|p2a: Perrserker|spd|1\n|-damage|p2a: Perrserker|243/269|[from] item: Life Orb\n|\n|upkeep\n|turn|4\n|\n|t:|1732972921\n|move|p1a: Tatsugiri|Hydro Pump|p2a: Perrserker\n|-damage|p2a: Perrserker|0 fnt\n|faint|p2a: Perrserker\n|\n|upkeep\n|\n|t:|1732972931\n|switch|p2a: Meowscarada|Meowscarada, L78, F|247/247\n|turn|5\n|\n|t:|1732972940\n|switch|p1a: Arcanine|Arcanine-Hisui, L81, F|287/287\n|move|p2a: Meowscarada|Flower Trick|p1a: Arcanine\n|-start|p2a: Meowscarada|typechange|Grass|[from] ability: Protean\n|-crit|p1a: Arcanine\n|-damage|p1a: Arcanine|138/287\n|-damage|p2a: Meowscarada|223/247|[from] item: Life Orb\n|\n|upkeep\n|turn|6\n|\n|t:|1732972951\n|move|p2a: Meowscarada|Flower Trick|p1a: Arcanine\n|-crit|p1a: Arcanine\n|-damage|p1a: Arcanine|0 fnt\n|faint|p1a: Arcanine\n|-damage|p2a: Meowscarada|199/247|[from] item: Life Orb\n|\n|upkeep\n|\n|t:|1732972958\n|switch|p1a: Scream Tail|Scream Tail, L84|330/330\n|turn|7\n|\n|t:|1732972963\n|move|p2a: Meowscarada|Flower Trick|p1a: Scream Tail\n|-crit|p1a: Scream Tail\n|-damage|p1a: Scream Tail|190/330\n|-damage|p2a: Meowscarada|175/247|[from] item: Life Orb\n|move|p1a: Scream Tail|Thunder Wave|p2a: Meowscarada\n|-status|p2a: Meowscarada|par\n|\n|-heal|p1a: Scream Tail|210/330|[from] item: Leftovers\n|upkeep\n|turn|8\n|\n|t:|1732972974\n|move|p1a: Scream Tail|Wish|p1a: Scream Tail\n|move|p2a: Meowscarada|Toxic Spikes|p1a: Scream Tail\n|-sidestart|p1: EveryMatchIsRigged|move: Toxic Spikes\n|\n|-heal|p1a: Scream Tail|230/330|[from] item: Leftovers\n|upkeep\n|turn|9\n|\n|t:|1732972979\n|move|p1a: Scream Tail|Dazzling Gleam|p2a: Meowscarada\n|-damage|p2a: Meowscarada|96/247 par\n|cant|p2a: Meowscarada|par\n|\n|-heal|p1a: Scream Tail|330/330|[from] move: Wish|[wisher] Scream Tail\n|upkeep\n|turn|10\n|\n|t:|1732972985\n|move|p1a: Scream Tail|Dazzling Gleam|p2a: Meowscarada\n|-damage|p2a: Meowscarada|18/247 par\n|move|p2a: Meowscarada|Toxic Spikes|p1a: Scream Tail\n|-sidestart|p1: EveryMatchIsRigged|move: Toxic Spikes\n|\n|upkeep\n|turn|11\n|\n|t:|1732972992\n|move|p1a: Scream Tail|Dazzling Gleam|p2a: Meowscarada\n|-damage|p2a: Meowscarada|0 fnt\n|faint|p2a: Meowscarada\n|\n|upkeep\n|\n|t:|1732972996\n|switch|p2a: Eternatus|Eternatus, L69|308/308\n|-ability|p2a: Eternatus|Pressure\n|turn|12\n|\n|t:|1732973016\n|move|p1a: Scream Tail|Thunder Wave|p2a: Eternatus\n|-status|p2a: Eternatus|par\n|move|p2a: Eternatus|Sludge Bomb|p1a: Scream Tail\n|-supereffective|p1a: Scream Tail\n|-damage|p1a: Scream Tail|186/330\n|-status|p1a: Scream Tail|psn\n|\n|-heal|p1a: Scream Tail|206/330 psn|[from] item: Leftovers\n|-damage|p1a: Scream Tail|165/330 psn|[from] psn\n|upkeep\n|turn|13\n|\n|t:|1732973025\n|move|p1a: Scream Tail|Dazzling Gleam|p2a: Eternatus\n|-damage|p2a: Eternatus|233/308 par\n|move|p2a: Eternatus|Sludge Bomb|p1a: Scream Tail\n|-supereffective|p1a: Scream Tail\n|-damage|p1a: Scream Tail|25/330 psn\n|\n|-heal|p1a: Scream Tail|45/330 psn|[from] item: Leftovers\n|-damage|p1a: Scream Tail|4/330 psn|[from] psn\n|upkeep\n|turn|14\n|\n|t:|1732973035\n|move|p1a: Scream Tail|Dazzling Gleam|p2a: Eternatus\n|-damage|p2a: Eternatus|155/308 par\n|move|p2a: Eternatus|Recover|p2a: Eternatus\n|-heal|p2a: Eternatus|308/308 par\n|\n|-heal|p1a: Scream Tail|24/330 psn|[from] item: Leftovers\n|-damage|p1a: Scream Tail|0 fnt|[from] psn\n|faint|p1a: Scream Tail\n|-end|p1a: Scream Tail|Protosynthesis|[silent]\n|upkeep\n|\n|t:|1732973047\n|switch|p1a: Minior|Minior-Orange, L79|224/224\n|-formechange|p1a: Minior|Minior-Meteor||[from] ability: Shields Down\n|turn|15\n|\n|t:|1732973053\n|move|p1a: Minior|Shell Smash|p1a: Minior\n|-unboost|p1a: Minior|def|1\n|-unboost|p1a: Minior|spd|1\n|-boost|p1a: Minior|atk|2\n|-boost|p1a: Minior|spa|2\n|-boost|p1a: Minior|spe|2\n|-enditem|p1a: Minior|White Herb\n|-clearnegativeboost|p1a: Minior|[silent]\n|move|p2a: Eternatus|Dynamax Cannon|p1a: Minior\n|-damage|p1a: Minior|128/224\n|\n|upkeep\n|turn|16\n|\n|t:|1732973065\n|move|p1a: Minior|Earthquake|p2a: Eternatus\n|-supereffective|p2a: Eternatus\n|-damage|p2a: Eternatus|120/308 par\n|move|p2a: Eternatus|Sludge Bomb|p1a: Minior\n|-resisted|p1a: Minior\n|-damage|p1a: Minior|86/224\n|\n|-formechange|p1a: Minior|Minior-Orange||[from] ability: Shields Down\n|upkeep\n|turn|17\n|\n|t:|1732973074\n|move|p1a: Minior|Earthquake|p2a: Eternatus\n|-supereffective|p2a: Eternatus\n|-damage|p2a: Eternatus|0 fnt\n|faint|p2a: Eternatus\n|\n|upkeep\n|\n|t:|1732973081\n|switch|p2a: Feraligatr|Feraligatr, L79, F|264/264\n|turn|18\n|\n|t:|1732973087\n|move|p1a: Minior|Acrobatics|p2a: Feraligatr\n|-damage|p2a: Feraligatr|62/264\n|move|p2a: Feraligatr|Dragon Dance|p2a: Feraligatr\n|-boost|p2a: Feraligatr|atk|1\n|-boost|p2a: Feraligatr|spe|1\n|\n|upkeep\n|turn|19\n|\n|t:|1732973095\n|move|p1a: Minior|Acrobatics|p2a: Feraligatr\n|-damage|p2a: Feraligatr|0 fnt\n|faint|p2a: Feraligatr\n|\n|upkeep\n|-message|varad03 forfeited.\n|\n|win|EveryMatchIsRigged\n|raw|EveryMatchIsRigged's rating: 1273 &rarr; <strong>1301</strong><br />(+28 for winning)\n|raw|varad03's rating: 1310 &rarr; <strong>1288</strong><br />(-22 for losing)\n|l|\u2606varad03\n|player|p2|\n", "inputlog": ">version b107d77f5c90bd6555267ae244a6264823309ead\n>start {\"formatid\":\"gen9randombattle\",\"seed\":[41164,22573,51011,28879],\"rated\":\"Rated battle\"}\n>player p1 {\"name\":\"EveryMatchIsRigged\",\"avatar\":\"acetrainerf\",\"rating\":1273,\"seed\":[56419,42439,57598,54385]}\n>player p2 {\"name\":\"varad03\",\"avatar\":\"266\",\"rating\":1310,\"seed\":[29459,42287,43847,26953]}\n>p1 move shadowball\n>p2 move nastyplot\n>p1 move shadowball terastallize\n>p2 move darkpulse\n>p2 switch 2\n>p1 switch 6\n>p2 move closecombat\n>p1 move hydropump\n>p2 move knockoff\n>p2 switch 5\n>p1 switch 2\n>p2 move flowertrick\n>p1 move flareblitz\n>p2 move flowertrick\n>p1 switch 4\n>p1 move thunderwave\n>p2 move flowertrick\n>p1 move wish\n>p2 move toxicspikes\n>p1 move dazzlinggleam\n>p2 move toxicspikes\n>p1 move dazzlinggleam\n>p2 move toxicspikes\n>p1 move dazzlinggleam\n>p2 move flowertrick\n>p2 switch 4\n>p1 move thunderwave\n>p2 move sludgebomb\n>p1 move dazzlinggleam\n>p2 move sludgebomb\n>p1 move dazzlinggleam\n>p2 move recover\n>p1 switch 3\n>p1 move shellsmash\n>p2 move dynamaxcannon\n>p1 move earthquake\n>p2 move sludgebomb\n>p1 move earthquake\n>p2 move sludgebomb\n>p2 switch 6\n>p1 move acrobatics\n>p2 move dragondance\n>p1 move acrobatics\n>p2 move liquidation\n>forcelose p2", "uploadtime": 1732973100, "views": 1, "formatid": "gen9randombattle", "rating": 1288, "private": 0, "password": null}