{"id": "gen9randombattle-2254047732", "format": "[Gen 9] Random Battle", "players": ["lemon_itey", "Ridota"], "log": "|j|\u2606lemon_itey\n|j|\u2606Ridota\n|t:|1732984663\n|gametype|singles\n|player|p1|lemon_itey|2|1334\n|player|p2|Ridota|hilbert-wonderlauncher|1286\n|teamsize|p1|6\n|teamsize|p2|6\n|gen|9\n|tier|[Gen 9] Random Battle\n|rated|\n|rule|Species Clause: Limit one of each Pok\u00e9mon\n|rule|HP Percentage Mod: HP is shown in percentages\n|rule|Sleep Clause Mod: Limit one foe put to sleep\n|rule|Illusion Level Mod: Illusion disguises the Pok\u00e9mon's true level\n|\n|t:|1732984663\n|start\n|switch|p1a: Empoleon|Empoleon, L84, F|278/278\n|switch|p2a: Hypno|Hypno, L95, M|315/315\n|turn|1\n|\n|t:|1732984682\n|move|p2a: Hypno|Focus Blast|p1a: Empoleon\n|-supereffective|p1a: Empoleon\n|-damage|p1a: Empoleon|114/278\n|move|p1a: Empoleon|Knock Off|p2a: Hypno\n|-supereffective|p2a: Hypno\n|-damage|p2a: Hypno|173/315\n|-enditem|p2a: Hypno|Leftovers|[from] move: Knock Off|[of] p1a: Empoleon\n|\n|-heal|p1a: Empoleon|131/278|[from] item: Leftovers\n|upkeep\n|turn|2\n|\n|t:|1732984739\n|move|p2a: Hypno|Focus Blast|p1a: Empoleon|[miss]\n|-miss|p2a: Hypno|p1a: Empoleon\n|move|p1a: Empoleon|Roost|p1a: Empoleon\n|-heal|p1a: Empoleon|270/278\n|-singleturn|p1a: Empoleon|move: Roost\n|\n|-heal|p1a: Empoleon|278/278|[from] item: Leftovers\n|upkeep\n|turn|3\n|\n|t:|1732984756\n|switch|p1a: Meowstic|Meowstic, L89, M|277/277\n|move|p2a: Hypno|Focus Blast|p1a: Meowstic\n|-resisted|p1a: Meowstic\n|-damage|p1a: Meowstic|233/277\n|-unboost|p1a: Meowstic|spd|1\n|\n|upkeep\n|turn|4\n|\n|t:|1732984768\n|move|p1a: Meowstic|Light Screen|p1a: Meowstic\n|-sidestart|p1: lemon_itey|move: Light Screen\n|move|p2a: Hypno|Toxic|p1a: Meowstic\n|-status|p1a: Meowstic|tox\n|\n|-damage|p1a: Meowstic|216/277 tox|[from] psn\n|upkeep\n|turn|5\n|\n|t:|1732984775\n|move|p1a: Meowstic|Reflect|p1a: Meowstic\n|-sidestart|p1: lemon_itey|Reflect\n|move|p2a: Hypno|Psychic Noise|p1a: Meowstic\n|-resisted|p1a: Meowstic\n|-damage|p1a: Meowstic|185/277 tox\n|-start|p1a: Meowstic|move: Heal Block\n|\n|-damage|p1a: Meowstic|151/277 tox|[from] psn\n|upkeep\n|turn|6\n|\n|t:|1732984794\n|switch|p1a: Greninja|Greninja, L80, M|246/246\n|move|p2a: Hypno|Protect||[still]\n|-fail|p2a: Hypno\n|\n|upkeep\n|turn|7\n|\n|t:|1732984811\n|move|p1a: Greninja|Dark Pulse|p2a: Hypno\n|-start|p1a: Greninja|typechange|Dark|[from] ability: Protean\n|-supereffective|p2a: Hypno\n|-damage|p2a: Hypno|3/315\n|move|p2a: Hypno|Toxic|p1a: Greninja|[miss]\n|-miss|p2a: Hypno|p1a: Greninja\n|\n|upkeep\n|turn|8\n|\n|t:|1732984850\n|move|p1a: Greninja|Dark Pulse|p2a: Hypno\n|-supereffective|p2a: Hypno\n|-damage|p2a: Hypno|0 fnt\n|faint|p2a: Hypno\n|\n|upkeep\n|\n|t:|1732984865\n|switch|p2a: Eiscue|Eiscue, L88, M|274/274\n|turn|9\n|\n|t:|1732984871\n|move|p1a: Greninja|Dark Pulse|p2a: Eiscue\n|-damage|p2a: Eiscue|165/274\n|move|p2a: Eiscue|Belly Drum|p2a: Eiscue\n|-damage|p2a: Eiscue|28/274\n|-setboost|p2a: Eiscue|atk|6|[from] move: Belly Drum\n|-enditem|p2a: Eiscue|Sitrus Berry|[eat]\n|-heal|p2a: Eiscue|96/274|[from] item: Sitrus Berry\n|\n|upkeep\n|turn|10\n|\n|t:|1732984896\n|-terastallize|p2a: Eiscue|Water\n|move|p1a: Greninja|Dark Pulse|p2a: Eiscue\n|-damage|p2a: Eiscue|0 fnt\n|faint|p2a: Eiscue\n|\n|upkeep\n|\n|t:|1732984918\n|switch|p2a: Greedent|Greedent, L86, M|347/347\n|turn|11\n|\n|t:|1732984931\n|switch|p1a: Hitmonchan|Hitmonchan, L87, M|229/229\n|move|p2a: Greedent|Swords Dance|p2a: Greedent\n|-boost|p2a: Greedent|atk|2\n|\n|-sideend|p1: lemon_itey|move: Light Screen\n|upkeep\n|turn|12\n|\n|t:|1732984940\n|move|p1a: Hitmonchan|Swords Dance|p1a: Hitmonchan\n|-boost|p1a: Hitmonchan|atk|2\n|move|p2a: Greedent|Body Slam|p1a: Hitmonchan\n|-damage|p1a: Hitmonchan|127/229\n|-status|p1a: Hitmonchan|par\n|\n|-sideend|p1: lemon_itey|Reflect\n|upkeep\n|turn|13\n|\n|t:|1732984945\n|move|p1a: Hitmonchan|Drain Punch|p2a: Greedent\n|-supereffective|p2a: Greedent\n|-damage|p2a: Greedent|0 fnt\n|-heal|p1a: Hitmonchan|229/229 par|[from] drain|[of] p2a: Greedent\n|faint|p2a: Greedent\n|-damage|p1a: Hitmonchan|207/229 par|[from] item: Life Orb\n|\n|upkeep\n|\n|t:|1732984949\n|switch|p2a: Kilowattrel|Kilowattrel, L83, F|252/252\n|turn|14\n|\n|t:|1732984955\n|move|p2a: Kilowattrel|Hurricane|p1a: Hitmonchan|[miss]\n|-miss|p2a: Kilowattrel|p1a: Hitmonchan\n|move|p1a: Hitmonchan|Ice Punch|p2a: Kilowattrel\n|-supereffective|p2a: Kilowattrel\n|-damage|p2a: Kilowattrel|0 fnt\n|faint|p2a: Kilowattrel\n|-damage|p1a: Hitmonchan|185/229 par|[from] item: Life Orb\n|\n|upkeep\n|\n|t:|1732984958\n|switch|p2a: Tatsugiri|Tatsugiri, L87, F|260/260\n|turn|15\n|\n|t:|1732984970\n|move|p2a: Tatsugiri|Nasty Plot|p2a: Tatsugiri\n|-boost|p2a: Tatsugiri|spa|2\n|cant|p1a: Hitmonchan|par\n|\n|upkeep\n|turn|16\n|\n|t:|1732984984\n|move|p2a: Tatsugiri|Rapid Spin|p1a: Hitmonchan\n|-damage|p1a: Hitmonchan|160/229 par\n|-boost|p2a: Tatsugiri|spe|1\n|move|p1a: Hitmonchan|Drain Punch|p2a: Tatsugiri\n|-damage|p2a: Tatsugiri|0 fnt\n|-heal|p1a: Hitmonchan|229/229 par|[from] drain|[of] p2a: Tatsugiri\n|faint|p2a: Tatsugiri\n|-damage|p1a: Hitmonchan|207/229 par|[from] item: Life Orb\n|\n|upkeep\n|c|\u2606Ridota|Stupid setup bitch\n|-message|Ridota forfeited.\n|\n|win|lemon_itey\n", "inputlog": ">version b107d77f5c90bd6555267ae244a6264823309ead\n>start {\"formatid\":\"gen9randombattle\",\"seed\":[28113,34442,25846,61730],\"rated\":\"Rated battle\"}\n>player p1 {\"name\":\"lemon_itey\",\"avatar\":\"2\",\"rating\":1334,\"seed\":[21871,33091,12454,40865]}\n>player p2 {\"name\":\"Ridota\",\"avatar\":\"hilbert-wonderlauncher\",\"rating\":1286,\"seed\":[49228,33535,33763,8764]}\n>p1 move knockoff\n>p2 move focusblast\n>p1 move roost\n>p2 move focusblast\n>p1 switch 2\n>p2 move focusblast\n>p1 move lightscreen\n>p2 move toxic\n>p1 move reflect\n>p2 move psychicnoise\n>p1 switch 3\n>p2 move protect\n>p1 move darkpulse\n>p2 move toxic\n>p1 move darkpulse\n>p2 move toxic\n>p2 switch 2\n>p1 move darkpulse\n>p2 move bellydrum\n>p1 move darkpulse\n>p2 move icespinner terastallize\n>p2 switch 5\n>p1 switch 6\n>p2 move swordsdance\n>p1 move swordsdance\n>p2 move bodyslam\n>p1 move drainpunch\n>p2 move bodyslam\n>p2 switch 6\n>p1 move icepunch\n>p2 move hurricane\n>p2 switch 4\n>p1 move drainpunch\n>p2 move nastyplot\n>p1 move drainpunch\n>p2 move rapidspin\n>chat \u2606Ridota|Stupid setup bitch\n>forcelose p2", "uploadtime": 1732984999, "views": 1, "formatid": "gen9randombattle", "rating": null, "private": 0, "password": null}