{"id": "gen9randombattle-2254118303", "format": "[Gen 9] Random Battle", "players": ["senua11", "seto slima"], "log": "|j|\u2606senua11\n|j|\u2606seto slima\n|t:|1732993448\n|gametype|singles\n|player|p1|senua11|265|1600\n|player|p2|seto slima|steven|1593\n|teamsize|p1|6\n|teamsize|p2|6\n|gen|9\n|tier|[Gen 9] Random Battle\n|rated|\n|rule|Species Clause: Limit one of each Pok\u00e9mon\n|rule|HP Percentage Mod: HP is shown in percentages\n|rule|Sleep Clause Mod: Limit one foe put to sleep\n|rule|Illusion Level Mod: Illusion disguises the Pok\u00e9mon's true level\n|\n|t:|1732993448\n|start\n|switch|p1a: Indeedee|Indeedee-F, L90, F|272/272\n|switch|p2a: Rotom|Rotom, L88|231/231\n|-fieldstart|move: Psychic Terrain|[from] ability: Psychic Surge|[of] p1a: Indeedee\n|turn|1\n|inactive|Battle timer is ON: inactive players will automatically lose when time's up. (requested by senua11)\n|\n|t:|1732993472\n|move|p2a: Rotom|Thunderbolt|p1a: Indeedee\n|-damage|p1a: Indeedee|165/272\n|-damage|p2a: Rotom|208/231|[from] item: Life Orb\n|move|p1a: Indeedee|Psyshock|p2a: Rotom\n|-damage|p2a: Rotom|40/231\n|-damage|p1a: Indeedee|138/272|[from] item: Life Orb\n|\n|upkeep\n|turn|2\n|\n|t:|1732993492\n|switch|p2a: Exeggutor|Exeggutor, L89, M|312/312\n|switch|p1a: Scovillain|Scovillain, L91, M|266/266\n|\n|upkeep\n|turn|3\n|\n|t:|1732993515\n|switch|p2a: Tentacruel|Tentacruel, L84, F|272/272\n|move|p1a: Scovillain|Flamethrower|p2a: Tentacruel\n|-resisted|p2a: Tentacruel\n|-damage|p2a: Tentacruel|223/272\n|\n|-heal|p2a: Tentacruel|240/272|[from] item: Leftovers\n|upkeep\n|turn|4\n|inactive|seto slima has 120 seconds left.\n|\n|t:|1732993542\n|switch|p1a: Wyrdeer|Wyrdeer, L87, M|321/321\n|-ability|p1a: Wyrdeer|Intimidate|boost\n|-unboost|p2a: Tentacruel|atk|1\n|move|p2a: Tentacruel|Sludge Bomb|p1a: Wyrdeer\n|-damage|p1a: Wyrdeer|234/321\n|\n|-heal|p2a: Tentacruel|257/272|[from] item: Leftovers\n|-heal|p1a: Wyrdeer|254/321|[from] item: Leftovers\n|upkeep\n|turn|5\n|inactive|seto slima has 120 seconds left.\n|\n|t:|1732993577\n|switch|p2a: Exeggutor|Exeggutor, L89, M|312/312\n|move|p1a: Wyrdeer|Psychic Noise|p2a: Exeggutor\n|-resisted|p2a: Exeggutor\n|-damage|p2a: Exeggutor|247/312\n|-start|p2a: Exeggutor|move: Heal Block\n|\n|-heal|p1a: Wyrdeer|274/321|[from] item: Leftovers\n|-fieldend|move: Psychic Terrain\n|upkeep\n|turn|6\n|\n|t:|1732993587\n|switch|p2a: Hitmontop|Hitmontop, L88, M|231/231\n|move|p1a: Wyrdeer|Megahorn|p2a: Hitmontop\n|-resisted|p2a: Hitmontop\n|-damage|p2a: Hitmontop|191/231\n|\n|-heal|p2a: Hitmontop|205/231|[from] item: Leftovers\n|-heal|p1a: Wyrdeer|294/321|[from] item: Leftovers\n|upkeep\n|turn|7\n|inactive|seto slima has 90 seconds left.\n|\n|t:|1732993609\n|switch|p1a: Arbok|Arbok, L87, M|246/246\n|-ability|p1a: Arbok|Intimidate|boost\n|-unboost|p2a: Hitmontop|atk|1\n|move|p2a: Hitmontop|Triple Axel|p1a: Arbok\n|-damage|p1a: Arbok|227/246\n|-damage|p1a: Arbok|189/246\n|-damage|p1a: Arbok|133/246\n|-hitcount|p1a: Arbok|3\n|\n|-heal|p1a: Arbok|148/246|[from] item: Leftovers\n|-heal|p2a: Hitmontop|219/231|[from] item: Leftovers\n|upkeep\n|turn|8\n|inactive|seto slima has 90 seconds left.\n|\n|t:|1732993638\n|move|p1a: Arbok|Glare|p2a: Hitmontop\n|-status|p2a: Hitmontop|par\n|move|p2a: Hitmontop|Triple Axel|p1a: Arbok|[miss]\n|-miss|p2a: Hitmontop|p1a: Arbok\n|\n|-heal|p1a: Arbok|163/246|[from] item: Leftovers\n|-heal|p2a: Hitmontop|231/231 par|[from] item: Leftovers\n|upkeep\n|turn|9\n|inactive|senua11 has 120 seconds left.\n|\n|t:|1732993658\n|switch|p1a: Rotom|Rotom-Frost, L87|229/229\n|move|p2a: Hitmontop|Triple Axel|p1a: Rotom\n|-resisted|p1a: Rotom\n|-damage|p1a: Rotom|222/229\n|-resisted|p1a: Rotom\n|-damage|p1a: Rotom|209/229\n|-resisted|p1a: Rotom\n|-damage|p1a: Rotom|189/229\n|-hitcount|p1a: Rotom|3\n|\n|upkeep\n|turn|10\n|inactive|senua11 has 120 seconds left.\n|\n|t:|1732993680\n|move|p1a: Rotom|Nasty Plot|p1a: Rotom\n|-boost|p1a: Rotom|spa|2\n|move|p2a: Hitmontop|Close Combat|p1a: Rotom\n|-supereffective|p1a: Rotom\n|-damage|p1a: Rotom|39/229\n|-unboost|p2a: Hitmontop|def|1\n|-unboost|p2a: Hitmontop|spd|1\n|\n|upkeep\n|turn|11\n|inactive|seto slima has 60 seconds left.\n|\n|t:|1732993703\n|switch|p2a: Exeggutor|Exeggutor, L89, M|247/312\n|move|p1a: Rotom|Thunderbolt|p2a: Exeggutor\n|-resisted|p2a: Exeggutor\n|-damage|p2a: Exeggutor|135/312\n|-enditem|p2a: Exeggutor|Sitrus Berry|[eat]\n|-heal|p2a: Exeggutor|213/312|[from] item: Sitrus Berry\n|\n|-item|p2a: Exeggutor|Sitrus Berry|[from] ability: Harvest\n|upkeep\n|turn|12\n|inactive|seto slima has 60 seconds left.\n|\n|t:|1732993715\n|switch|p2a: Tentacruel|Tentacruel, L84, F|257/272\n|move|p1a: Rotom|Blizzard|p2a: Tentacruel\n|-resisted|p2a: Tentacruel\n|-damage|p2a: Tentacruel|146/272\n|\n|-heal|p2a: Tentacruel|163/272|[from] item: Leftovers\n|upkeep\n|turn|13\n|inactive|seto slima has 60 seconds left.\n|\n|t:|1732993724\n|move|p2a: Tentacruel|Surf|p1a: Rotom\n|-damage|p1a: Rotom|0 fnt\n|faint|p1a: Rotom\n|\n|-heal|p2a: Tentacruel|180/272|[from] item: Leftovers\n|upkeep\n|inactive|senua11 has 120 seconds left.\n|\n|t:|1732993746\n|switch|p1a: Wyrdeer|Wyrdeer, L87, M|294/321\n|-ability|p1a: Wyrdeer|Intimidate|boost\n|-unboost|p2a: Tentacruel|atk|1\n|turn|14\n|inactive|senua11 has 120 seconds left.\n|\n|t:|1732993761\n|switch|p2a: Exeggutor|Exeggutor, L89, M|213/312\n|move|p1a: Wyrdeer|Megahorn|p2a: Exeggutor\n|-supereffective|p2a: Exeggutor\n|-damage|p2a: Exeggutor|0 fnt\n|faint|p2a: Exeggutor\n|\n|-heal|p1a: Wyrdeer|314/321|[from] item: Leftovers\n|upkeep\n|\n|t:|1732993773\n|switch|p2a: Hitmontop|Hitmontop, L88, M|231/231 par\n|turn|15\n|\n|t:|1732993778\n|move|p1a: Wyrdeer|Psychic Noise|p2a: Hitmontop\n|-supereffective|p2a: Hitmontop\n|-damage|p2a: Hitmontop|81/231 par\n|-start|p2a: Hitmontop|move: Heal Block\n|move|p2a: Hitmontop|Triple Axel|p1a: Wyrdeer\n|-damage|p1a: Wyrdeer|285/321\n|-damage|p1a: Wyrdeer|231/321\n|-crit|p1a: Wyrdeer\n|-damage|p1a: Wyrdeer|124/321\n|-hitcount|p1a: Wyrdeer|3\n|\n|-heal|p1a: Wyrdeer|144/321|[from] item: Leftovers\n|upkeep\n|turn|16\n|\n|t:|1732993791\n|move|p1a: Wyrdeer|Psychic Noise|p2a: Hitmontop\n|-supereffective|p2a: Hitmontop\n|-damage|p2a: Hitmontop|0 fnt\n|faint|p2a: Hitmontop\n|\n|-heal|p1a: Wyrdeer|164/321|[from] item: Leftovers\n|upkeep\n|inactive|seto slima has 60 seconds left.\n|\n|t:|1732993813\n|switch|p2a: Rotom|Rotom, L88|40/231\n|turn|17\n|\n|t:|1732993818\n|move|p2a: Rotom|Thunderbolt|p1a: Wyrdeer\n|-damage|p1a: Wyrdeer|30/321\n|-damage|p2a: Rotom|17/231|[from] item: Life Orb\n|move|p1a: Wyrdeer|Psychic Noise|p2a: Rotom\n|-damage|p2a: Rotom|0 fnt\n|faint|p2a: Rotom\n|\n|-heal|p1a: Wyrdeer|50/321|[from] item: Leftovers\n|upkeep\n|inactive|seto slima has 60 seconds left.\n|\n|t:|1732993835\n|switch|p2a: Volbeat|Volbeat, L90, M|263/263\n|turn|18\n|\n|t:|1732993841\n|move|p2a: Volbeat|U-turn|p1a: Wyrdeer\n|-supereffective|p1a: Wyrdeer\n|-damage|p1a: Wyrdeer|0 fnt\n|faint|p1a: Wyrdeer\n|\n|t:|1732993848\n|switch|p2a: Tentacruel|Tentacruel, L84, F|180/272|[from] U-turn\n|\n|-heal|p2a: Tentacruel|197/272|[from] item: Leftovers\n|upkeep\n|\n|t:|1732993863\n|switch|p1a: Indeedee|Indeedee-F, L90, F|138/272\n|-fieldstart|move: Psychic Terrain|[from] ability: Psychic Surge|[of] p1a: Indeedee\n|turn|19\n|\n|t:|1732993877\n|switch|p2a: Probopass|Probopass, L92, F|260/260\n|move|p1a: Indeedee|Psyshock|p2a: Probopass\n|-resisted|p2a: Probopass\n|-damage|p2a: Probopass|211/260\n|-damage|p1a: Indeedee|111/272|[from] item: Life Orb\n|\n|-heal|p2a: Probopass|227/260|[from] item: Leftovers\n|upkeep\n|turn|20\n|\n|t:|1732993905\n|switch|p1a: Scovillain|Scovillain, L91, M|266/266\n|move|p2a: Probopass|Iron Defense|p2a: Probopass\n|-boost|p2a: Probopass|def|2\n|\n|-heal|p2a: Probopass|243/260|[from] item: Leftovers\n|upkeep\n|turn|21\n|inactive|seto slima has 60 seconds left.\n|\n|t:|1732993923\n|-terastallize|p1a: Scovillain|Fire\n|move|p1a: Scovillain|Flamethrower|p2a: Probopass\n|-damage|p2a: Probopass|145/260\n|move|p2a: Probopass|Body Press|p1a: Scovillain\n|-damage|p1a: Scovillain|69/266\n|\n|-heal|p2a: Probopass|161/260|[from] item: Leftovers\n|upkeep\n|turn|22\n|inactive|seto slima has 60 seconds left.\n|\n|t:|1732993935\n|switch|p2a: Tentacruel|Tentacruel, L84, F|197/272\n|move|p1a: Scovillain|Flamethrower|p2a: Tentacruel\n|-resisted|p2a: Tentacruel\n|-crit|p2a: Tentacruel\n|-damage|p2a: Tentacruel|108/272\n|\n|-heal|p2a: Tentacruel|125/272|[from] item: Leftovers\n|upkeep\n|turn|23\n|\n|t:|1732993946\n|switch|p1a: Arbok|Arbok, L87, M|163/246\n|-ability|p1a: Arbok|Intimidate|boost\n|-unboost|p2a: Tentacruel|atk|1\n|move|p2a: Tentacruel|Sludge Bomb|p1a: Arbok\n|-resisted|p1a: Arbok\n|-damage|p1a: Arbok|121/246\n|\n|-heal|p2a: Tentacruel|142/272|[from] item: Leftovers\n|-heal|p1a: Arbok|136/246|[from] item: Leftovers\n|-fieldend|move: Psychic Terrain\n|upkeep\n|turn|24\n|inactive|seto slima has 60 seconds left.\n|\n|t:|1732993965\n|switch|p2a: Volbeat|Volbeat, L90, M|263/263\n|move|p1a: Arbok|Knock Off|p2a: Volbeat\n|-damage|p2a: Volbeat|192/263\n|-enditem|p2a: Volbeat|Heavy-Duty Boots|[from] move: Knock Off|[of] p1a: Arbok\n|\n|-heal|p1a: Arbok|151/246|[from] item: Leftovers\n|upkeep\n|turn|25\n|\n|t:|1732993973\n|move|p2a: Volbeat|Encore|p1a: Arbok\n|-start|p1a: Arbok|Encore\n|move|p1a: Arbok|Knock Off|p2a: Volbeat\n|-damage|p2a: Volbeat|141/263\n|\n|-heal|p1a: Arbok|166/246|[from] item: Leftovers\n|upkeep\n|turn|26\n|\n|t:|1732993987\n|move|p2a: Volbeat|Roost|p2a: Volbeat\n|-heal|p2a: Volbeat|263/263\n|-singleturn|p2a: Volbeat|move: Roost\n|move|p1a: Arbok|Knock Off|p2a: Volbeat\n|-damage|p2a: Volbeat|209/263\n|\n|-heal|p1a: Arbok|181/246|[from] item: Leftovers\n|upkeep\n|turn|27\n|\n|t:|1732993994\n|move|p2a: Volbeat|Thunder Wave|p1a: Arbok\n|-status|p1a: Arbok|par\n|cant|p1a: Arbok|par\n|\n|-heal|p1a: Arbok|196/246 par|[from] item: Leftovers\n|-end|p1a: Arbok|Encore\n|upkeep\n|turn|28\n|\n|t:|1732994011\n|switch|p1a: Houndstone|Houndstone, L86, M|264/264\n|move|p2a: Volbeat|Encore||[still]\n|-fail|p2a: Volbeat\n|\n|upkeep\n|turn|29\n|inactive|seto slima has 90 seconds left.\n|\n|t:|1732994020\n|move|p2a: Volbeat|Thunder Wave|p1a: Houndstone|[miss]\n|-miss|p2a: Volbeat|p1a: Houndstone\n|move|p1a: Houndstone|Poltergeist||[still]\n|-fail|p1a: Houndstone\n|\n|upkeep\n|turn|30\n|c|\u2606senua11|lol oops\n|inactive|seto slima has 90 seconds left.\n|\n|t:|1732994038\n|move|p2a: Volbeat|Encore|p1a: Houndstone\n|-start|p1a: Houndstone|Encore\n|move|p1a: Houndstone|Poltergeist||[still]\n|-fail|p1a: Houndstone\n|\n|upkeep\n|turn|31\n|\n|t:|1732994048\n|switch|p1a: Arbok|Arbok, L87, M|196/246 par\n|-ability|p1a: Arbok|Intimidate|boost\n|-unboost|p2a: Volbeat|atk|1\n|move|p2a: Volbeat|Thunder Wave|p1a: Arbok\n|-fail|p1a: Arbok|par\n|\n|-heal|p1a: Arbok|211/246 par|[from] item: Leftovers\n|upkeep\n|turn|32\n|\n|t:|1732994059\n|move|p2a: Volbeat|Roost|p2a: Volbeat\n|-heal|p2a: Volbeat|263/263\n|-singleturn|p2a: Volbeat|move: Roost\n|cant|p1a: Arbok|par\n|\n|-heal|p1a: Arbok|226/246 par|[from] item: Leftovers\n|upkeep\n|turn|33\n|\n|t:|1732994072\n|move|p2a: Volbeat|U-turn|p1a: Arbok\n|-resisted|p1a: Arbok\n|-damage|p1a: Arbok|197/246 par\n|\n|t:|1732994075\n|switch|p2a: Tentacruel|Tentacruel, L84, F|142/272|[from] U-turn\n|move|p1a: Arbok|Gunk Shot|p2a: Tentacruel\n|-resisted|p2a: Tentacruel\n|-damage|p2a: Tentacruel|55/272\n|\n|-heal|p2a: Tentacruel|72/272|[from] item: Leftovers\n|-heal|p1a: Arbok|212/246 par|[from] item: Leftovers\n|upkeep\n|turn|34\n|\n|t:|1732994090\n|move|p2a: Tentacruel|Surf|p1a: Arbok\n|-damage|p1a: Arbok|124/246 par\n|move|p1a: Arbok|Gunk Shot|p2a: Tentacruel\n|-resisted|p2a: Tentacruel\n|-damage|p2a: Tentacruel|0 fnt\n|faint|p2a: Tentacruel\n|\n|-heal|p1a: Arbok|139/246 par|[from] item: Leftovers\n|upkeep\n|\n|t:|1732994101\n|switch|p2a: Probopass|Probopass, L92, F|161/260\n|turn|35\n|inactive|seto slima has 90 seconds left.\n|\n|t:|1732994118\n|-terastallize|p2a: Probopass|Fighting\n|move|p2a: Probopass|Iron Defense|p2a: Probopass\n|-boost|p2a: Probopass|def|2\n|cant|p1a: Arbok|par\n|\n|-heal|p2a: Probopass|177/260|[from] item: Leftovers\n|-heal|p1a: Arbok|154/246 par|[from] item: Leftovers\n|upkeep\n|turn|36\n|inactive|seto slima has 90 seconds left.\n|\n|t:|1732994130\n|move|p2a: Probopass|Iron Defense|p2a: Probopass\n|-boost|p2a: Probopass|def|2\n|cant|p1a: Arbok|par\n|\n|-heal|p2a: Probopass|193/260|[from] item: Leftovers\n|-heal|p1a: Arbok|169/246 par|[from] item: Leftovers\n|upkeep\n|turn|37\n|c|\u2606senua11|bruh\n|\n|t:|1732994138\n|move|p2a: Probopass|Body Press|p1a: Arbok\n|-resisted|p1a: Arbok\n|-damage|p1a: Arbok|0 fnt\n|faint|p1a: Arbok\n|\n|-heal|p2a: Probopass|209/260|[from] item: Leftovers\n|upkeep\n|\n|t:|1732994154\n|switch|p1a: Indeedee|Indeedee-F, L90, F|111/272\n|-fieldstart|move: Psychic Terrain|[from] ability: Psychic Surge|[of] p1a: Indeedee\n|turn|38\n|\n|t:|1732994164\n|switch|p2a: Volbeat|Volbeat, L90, M|263/263\n|move|p1a: Indeedee|Dazzling Gleam|p2a: Volbeat\n|-damage|p2a: Volbeat|175/263\n|-damage|p1a: Indeedee|84/272|[from] item: Life Orb\n|\n|upkeep\n|turn|39\n|\n|t:|1732994172\n|move|p1a: Indeedee|Psyshock|p2a: Volbeat\n|-damage|p2a: Volbeat|18/263\n|-damage|p1a: Indeedee|57/272|[from] item: Life Orb\n|move|p2a: Volbeat|U-turn|p1a: Indeedee\n|-supereffective|p1a: Indeedee\n|-damage|p1a: Indeedee|0 fnt\n|faint|p1a: Indeedee\n|\n|t:|1732994176\n|switch|p2a: Probopass|Probopass, L92, F, tera:Fighting|209/260|[from] U-turn\n|\n|-heal|p2a: Probopass|225/260|[from] item: Leftovers\n|upkeep\n|\n|t:|1732994186\n|switch|p1a: Houndstone|Houndstone, L86, M|264/264\n|turn|40\n|\n|t:|1732994198\n|switch|p2a: Volbeat|Volbeat, L90, M|18/263\n|move|p1a: Houndstone|Play Rough|p2a: Volbeat\n|-damage|p2a: Volbeat|0 fnt\n|faint|p2a: Volbeat\n|\n|upkeep\n|\n|t:|1732994202\n|switch|p2a: Probopass|Probopass, L92, F, tera:Fighting|225/260\n|turn|41\n|\n|t:|1732994209\n|move|p1a: Houndstone|Play Rough|p2a: Probopass\n|-supereffective|p2a: Probopass\n|-damage|p2a: Probopass|137/260\n|move|p2a: Probopass|Iron Defense|p2a: Probopass\n|-boost|p2a: Probopass|def|2\n|\n|-heal|p2a: Probopass|153/260|[from] item: Leftovers\n|upkeep\n|turn|42\n|\n|t:|1732994222\n|move|p1a: Houndstone|Play Rough|p2a: Probopass|[miss]\n|-miss|p1a: Houndstone|p2a: Probopass\n|move|p2a: Probopass|Iron Defense|p2a: Probopass\n|-boost|p2a: Probopass|def|2\n|\n|-heal|p2a: Probopass|169/260|[from] item: Leftovers\n|-fieldend|move: Psychic Terrain\n|upkeep\n|turn|43\n|\n|t:|1732994230\n|move|p1a: Houndstone|Play Rough|p2a: Probopass\n|-supereffective|p2a: Probopass\n|-damage|p2a: Probopass|141/260\n|move|p2a: Probopass|Iron Defense|p2a: Probopass\n|-boost|p2a: Probopass|def|2\n|\n|-heal|p2a: Probopass|157/260|[from] item: Leftovers\n|upkeep\n|turn|44\n|\n|t:|1732994237\n|move|p1a: Houndstone|Play Rough|p2a: Probopass\n|-supereffective|p2a: Probopass\n|-damage|p2a: Probopass|133/260\n|move|p2a: Probopass|Power Gem|p1a: Houndstone\n|-damage|p1a: Houndstone|212/264\n|\n|-heal|p2a: Probopass|149/260|[from] item: Leftovers\n|upkeep\n|turn|45\n|\n|t:|1732994247\n|move|p1a: Houndstone|Play Rough|p2a: Probopass\n|-supereffective|p2a: Probopass\n|-damage|p2a: Probopass|125/260\n|move|p2a: Probopass|Flash Cannon|p1a: Houndstone\n|-damage|p1a: Houndstone|166/264\n|\n|-heal|p2a: Probopass|141/260|[from] item: Leftovers\n|upkeep\n|turn|46\n|\n|t:|1732994256\n|move|p1a: Houndstone|Play Rough|p2a: Probopass|[miss]\n|-miss|p1a: Houndstone|p2a: Probopass\n|move|p2a: Probopass|Flash Cannon|p1a: Houndstone\n|-damage|p1a: Houndstone|112/264\n|\n|-heal|p2a: Probopass|157/260|[from] item: Leftovers\n|upkeep\n|turn|47\n|\n|t:|1732994264\n|move|p1a: Houndstone|Play Rough|p2a: Probopass\n|-supereffective|p2a: Probopass\n|-damage|p2a: Probopass|135/260\n|move|p2a: Probopass|Power Gem|p1a: Houndstone\n|-damage|p1a: Houndstone|63/264\n|\n|-heal|p2a: Probopass|151/260|[from] item: Leftovers\n|upkeep\n|turn|48\n|\n|t:|1732994271\n|move|p1a: Houndstone|Play Rough|p2a: Probopass|[miss]\n|-miss|p1a: Houndstone|p2a: Probopass\n|move|p2a: Probopass|Power Gem|p1a: Houndstone\n|-damage|p1a: Houndstone|12/264\n|\n|-heal|p2a: Probopass|167/260|[from] item: Leftovers\n|upkeep\n|turn|49\n|c|\u2606senua11|cmon\n|\n|t:|1732994279\n|move|p1a: Houndstone|Play Rough|p2a: Probopass\n|-supereffective|p2a: Probopass\n|-damage|p2a: Probopass|143/260\n|move|p2a: Probopass|Power Gem|p1a: Houndstone\n|-damage|p1a: Houndstone|0 fnt\n|faint|p1a: Houndstone\n|\n|-heal|p2a: Probopass|159/260|[from] item: Leftovers\n|upkeep\n|\n|t:|1732994287\n|switch|p1a: Scovillain|Scovillain, L91, M, tera:Fire|69/266\n|turn|50\n|\n|t:|1732994295\n|move|p1a: Scovillain|Overheat|p2a: Probopass\n|-damage|p2a: Probopass|27/260\n|-unboost|p1a: Scovillain|spa|2\n|move|p2a: Probopass|Power Gem|p1a: Scovillain\n|-supereffective|p1a: Scovillain\n|-damage|p1a: Scovillain|0 fnt\n|faint|p1a: Scovillain\n|\n|win|seto slima\n|raw|senua11's rating: 1600 &rarr; <strong>1580</strong><br />(-20 for losing)\n|raw|seto slima's rating: 1593 &rarr; <strong>1613</strong><br />(+20 for winning)\n|c|\u2606seto slima|gg\n|c|\u2606senua11|gg\n|l|\u2606senua11\n|player|p1|\n", "inputlog": ">version b107d77f5c90bd6555267ae244a6264823309ead\n>start {\"formatid\":\"gen9randombattle\",\"seed\":[54218,61449,31409,54817],\"rated\":\"Rated battle\"}\n>player p1 {\"name\":\"senua11\",\"avatar\":\"265\",\"rating\":1600,\"seed\":[40252,4525,6331,34292]}\n>player p2 {\"name\":\"seto slima\",\"avatar\":\"steven\",\"rating\":1593,\"seed\":[41203,36019,60473,36374]}\n>p1 move psyshock\n>p2 move thunderbolt\n>p1 switch 4\n>p2 switch 6\n>p1 move flamethrower\n>p2 switch 5\n>p1 switch 6\n>p2 move sludgebomb\n>p1 move psychicnoise\n>p2 switch 5\n>p1 move megahorn\n>p2 switch 4\n>p1 switch 2\n>p2 move tripleaxel\n>p1 move glare\n>p2 move tripleaxel\n>p1 switch 3\n>p2 move tripleaxel\n>p1 move nastyplot\n>p2 move closecombat\n>p1 move thunderbolt\n>p2 switch 4\n>p1 move blizzard\n>p2 switch 5\n>p1 move thunderbolt\n>p2 move surf\n>p1 switch 2\n>p1 move megahorn\n>p2 switch 5\n>p2 switch 4\n>p1 move psychicnoise\n>p2 move tripleaxel\n>p1 move psychicnoise\n>p2 move tripleaxel\n>p2 switch 6\n>p1 move psychicnoise\n>p2 move thunderbolt\n>p2 switch 3\n>p1 move thunderwave\n>p2 move uturn\n>p2 switch 5\n>p1 switch 4\n>p1 move psyshock\n>p2 switch 2\n>p1 switch 6\n>p2 move irondefense\n>p1 move flamethrower terastallize\n>p2 move bodypress\n>p1 move flamethrower\n>p2 switch 2\n>p1 switch 3\n>p2 move sludgebomb\n>p1 move knockoff\n>p2 switch 5\n>p1 move glare\n>p2 move encore\n>p1 move knockoff\n>p2 move roost\n>p1 move knockoff\n>p2 move thunderwave\n>p1 switch 5\n>p2 move encore\n>p1 move poltergeist\n>p2 move thunderwave\n>chat \u2606senua11|lol oops\n>p1 move playrough\n>p2 move encore\n>p1 switch 5\n>p2 move thunderwave\n>p1 move gunkshot\n>p2 move roost\n>p1 move gunkshot\n>p2 move uturn\n>p2 switch 5\n>p1 move gunkshot\n>p2 move surf\n>p2 switch 2\n>p1 move knockoff\n>p2 move irondefense terastallize\n>p1 move glare\n>p2 move irondefense\n>chat \u2606senua11|bruh\n>p1 move glare\n>p2 move bodypress\n>p1 switch 6\n>p1 move dazzlinggleam\n>p2 switch 5\n>p1 move psyshock\n>p2 move uturn\n>p2 switch 5\n>p1 switch 5\n>p1 move playrough\n>p2 switch 5\n>p2 switch 5\n>p1 move playrough\n>p2 move irondefense\n>p1 move playrough\n>p2 move irondefense\n>p1 move playrough\n>p2 move irondefense\n>p1 move playrough\n>p2 move powergem\n>p1 move playrough\n>p2 move flashcannon\n>p1 move playrough\n>p2 move flashcannon\n>p1 move playrough\n>p2 move powergem\n>p1 move playrough\n>p2 move powergem\n>chat \u2606senua11|cmon\n>p1 move playrough\n>p2 move powergem\n>p1 switch 3\n>p1 move overheat\n>p2 move powergem", "uploadtime": 1732994308, "views": 12, "formatid": "gen9randombattle", "rating": 1580, "private": 0, "password": null}