{"id": "gen9randombattle-2253792674", "format": "[Gen 9] Random Battle", "players": ["River Plate FC", "shunzim"], "log": "|j|\u2606River Plate FC\n|j|\u2606shunzim\n|t:|1732939034\n|gametype|singles\n|player|p1|River Plate FC|striker|1650\n|player|p2|shunzim|170|1632\n|teamsize|p1|6\n|teamsize|p2|6\n|gen|9\n|tier|[Gen 9] Random Battle\n|rated|\n|rule|Species Clause: Limit one of each Pok\u00e9mon\n|rule|HP Percentage Mod: HP is shown in percentages\n|rule|Sleep Clause Mod: Limit one foe put to sleep\n|rule|Illusion Level Mod: Illusion disguises the Pok\u00e9mon's true level\n|\n|t:|1732939034\n|start\n|switch|p1a: Donphan|Donphan, L84, F|288/288\n|switch|p2a: Froslass|Froslass, L87, F|263/263\n|turn|1\n|inactive|Battle timer is ON: inactive players will automatically lose when time's up. (requested by River Plate FC)\n|\n|t:|1732939054\n|move|p2a: Froslass|Will-O-Wisp|p1a: Donphan\n|-status|p1a: Donphan|brn\n|move|p1a: Donphan|Knock Off|p2a: Froslass\n|-supereffective|p2a: Froslass\n|-damage|p2a: Froslass|177/263\n|-enditem|p2a: Froslass|Wide Lens|[from] move: Knock Off|[of] p1a: Donphan\n|\n|-damage|p1a: Donphan|270/288 brn|[from] brn\n|upkeep\n|turn|2\n|\n|t:|1732939065\n|move|p2a: Froslass|Triple Axel|p1a: Donphan\n|-supereffective|p1a: Donphan\n|-damage|p1a: Donphan|240/288 brn\n|-supereffective|p1a: Donphan\n|-damage|p1a: Donphan|178/288 brn\n|-hitcount|p1a: Donphan|2\n|move|p1a: Donphan|Earthquake|p2a: Froslass\n|-damage|p2a: Froslass|102/263\n|-start|p1a: Donphan|Disable|Earthquake|[from] ability: Cursed Body|[of] p2a: Froslass\n|\n|-damage|p1a: Donphan|160/288 brn|[from] brn\n|upkeep\n|turn|3\n|\n|t:|1732939073\n|move|p2a: Froslass|Triple Axel|p1a: Donphan\n|-supereffective|p1a: Donphan\n|-damage|p1a: Donphan|130/288 brn\n|-supereffective|p1a: Donphan\n|-damage|p1a: Donphan|74/288 brn\n|-supereffective|p1a: Donphan\n|-damage|p1a: Donphan|0 fnt\n|faint|p1a: Donphan\n|-hitcount|p1: Donphan|3\n|\n|upkeep\n|\n|t:|1732939090\n|switch|p1a: Greninja|Greninja, L80, M|246/246\n|turn|4\n|\n|t:|1732939096\n|move|p1a: Greninja|Dark Pulse|p2a: Froslass\n|-supereffective|p2a: Froslass\n|-damage|p2a: Froslass|0 fnt\n|-start|p1a: Greninja|Disable|Dark Pulse|[from] ability: Cursed Body|[of] p2a: Froslass\n|faint|p2a: Froslass\n|-ability|p1a: Greninja|Battle Bond|boost\n|-boost|p1a: Greninja|atk|1\n|-boost|p1a: Greninja|spa|1\n|-boost|p1a: Greninja|spe|1\n|-activate|p1a: Greninja|ability: Battle Bond\n|-damage|p1a: Greninja|222/246|[from] item: Life Orb\n|\n|upkeep\n|\n|t:|1732939107\n|switch|p2a: Jolteon|Jolteon, L84, M|246/246\n|turn|5\n|\n|t:|1732939133\n|switch|p1a: Tsareena|Tsareena, L87, F|267/267\n|move|p2a: Jolteon|Thunderbolt|p1a: Tsareena\n|-resisted|p1a: Tsareena\n|-damage|p1a: Tsareena|219/267\n|\n|upkeep\n|turn|6\n|\n|t:|1732939146\n|switch|p2a: Umbreon|Umbreon, L84, M|297/297\n|move|p1a: Tsareena|U-turn|p2a: Umbreon\n|-supereffective|p2a: Umbreon\n|-damage|p2a: Umbreon|151/297\n|inactive|River Plate FC has 120 seconds left.\n|inactive|River Plate FC has 90 seconds left.\n|\n|t:|1732939200\n|switch|p1a: Delibird|Delibird, F|252/252|[from] U-turn\n|\n|-heal|p2a: Umbreon|169/297|[from] item: Leftovers\n|upkeep\n|turn|7\n|inactive|River Plate FC has 90 seconds left.\n|inactive|River Plate FC has 60 seconds left.\n|inactive|River Plate FC has 30 seconds left.\n|inactive|River Plate FC has 20 seconds left.\n|inactive|River Plate FC has 15 seconds left.\n|\n|t:|1732939284\n|move|p1a: Delibird|Brave Bird|p2a: Umbreon\n|-damage|p2a: Umbreon|60/297\n|-damage|p1a: Delibird|216/252|[from] Recoil\n|move|p2a: Umbreon|Wish|p2a: Umbreon\n|\n|-heal|p2a: Umbreon|78/297|[from] item: Leftovers\n|upkeep\n|turn|8\n|inactive|River Plate FC has 25 seconds left this turn.\n|inactive|River Plate FC has 20 seconds left.\n|\n|t:|1732939293\n|move|p2a: Umbreon|Protect|p2a: Umbreon\n|-singleturn|p2a: Umbreon|Protect\n|move|p1a: Delibird|Spikes|p2a: Umbreon\n|-sidestart|p2: shunzim|Spikes\n|\n|-heal|p2a: Umbreon|226/297|[from] move: Wish|[wisher] Umbreon\n|-heal|p2a: Umbreon|244/297|[from] item: Leftovers\n|upkeep\n|turn|9\n|inactive|River Plate FC has 30 seconds left this turn.\n|\n|t:|1732939297\n|move|p1a: Delibird|Brave Bird|p2a: Umbreon\n|-damage|p2a: Umbreon|150/297\n|-damage|p1a: Delibird|185/252|[from] Recoil\n|move|p2a: Umbreon|Toxic|p1a: Delibird|[miss]\n|-miss|p2a: Umbreon|p1a: Delibird\n|\n|-heal|p2a: Umbreon|168/297|[from] item: Leftovers\n|upkeep\n|turn|10\n|inactive|River Plate FC has 30 seconds left.\n|\n|t:|1732939313\n|switch|p1a: Skarmory|Skarmory, L80, F|235/235\n|move|p2a: Umbreon|Toxic|p1a: Skarmory\n|-immune|p1a: Skarmory\n|\n|-heal|p2a: Umbreon|186/297|[from] item: Leftovers\n|upkeep\n|turn|11\n|\n|t:|1732939319\n|switch|p2a: Jolteon|Jolteon, L84, M|246/246\n|-damage|p2a: Jolteon|216/246|[from] Spikes\n|move|p1a: Skarmory|Stealth Rock|p2a: Jolteon\n|-sidestart|p2: shunzim|move: Stealth Rock\n|\n|-heal|p2a: Jolteon|231/246|[from] item: Leftovers\n|upkeep\n|turn|12\n|inactive|River Plate FC has 30 seconds left.\n|\n|t:|1732939335\n|switch|p1a: Tsareena|Tsareena, L87, F|219/267\n|move|p2a: Jolteon|Substitute|p2a: Jolteon\n|-start|p2a: Jolteon|Substitute\n|-damage|p2a: Jolteon|170/246\n|\n|-heal|p2a: Jolteon|185/246|[from] item: Leftovers\n|upkeep\n|turn|13\n|\n|t:|1732939342\n|move|p2a: Jolteon|Calm Mind|p2a: Jolteon\n|-boost|p2a: Jolteon|spa|1\n|-boost|p2a: Jolteon|spd|1\n|move|p1a: Tsareena|Triple Axel|p2a: Jolteon\n|-activate|p2a: Jolteon|move: Substitute|[damage]\n|-end|p2a: Jolteon|Substitute\n|-damage|p2a: Jolteon|77/246\n|-hitcount|p2a: Jolteon|3\n|\n|-heal|p2a: Jolteon|92/246|[from] item: Leftovers\n|upkeep\n|turn|14\n|\n|t:|1732939353\n|-terastallize|p2a: Jolteon|Ice\n|move|p2a: Jolteon|Tera Blast|p1a: Tsareena|[anim] Tera Blast Ice\n|-supereffective|p1a: Tsareena\n|-damage|p1a: Tsareena|0 fnt\n|faint|p1a: Tsareena\n|\n|-heal|p2a: Jolteon|107/246|[from] item: Leftovers\n|upkeep\n|inactive|River Plate FC has 30 seconds left.\n|inactive|River Plate FC has 20 seconds left.\n|\n|t:|1732939374\n|switch|p1a: Greninja|Greninja, L80, M|222/246\n|turn|15\n|inactive|River Plate FC has 30 seconds left this turn.\n|\n|t:|1732939380\n|-terastallize|p1a: Greninja|Poison\n|move|p2a: Jolteon|Thunderbolt|p1a: Greninja\n|-damage|p1a: Greninja|27/246\n|move|p1a: Greninja|Gunk Shot|p2a: Jolteon\n|-damage|p2a: Jolteon|0 fnt\n|faint|p2a: Jolteon\n|-damage|p1a: Greninja|3/246|[from] item: Life Orb\n|\n|upkeep\n|\n|t:|1732939394\n|switch|p2a: Whiscash|Whiscash, L88, F|337/337\n|-damage|p2a: Whiscash|295/337|[from] Spikes\n|-damage|p2a: Whiscash|274/337|[from] Stealth Rock\n|turn|16\n|\n|t:|1732939407\n|switch|p1a: Skarmory|Skarmory, L80, F|235/235\n|move|p2a: Whiscash|Dragon Dance|p2a: Whiscash\n|-boost|p2a: Whiscash|atk|1\n|-boost|p2a: Whiscash|spe|1\n|\n|upkeep\n|turn|17\n|\n|t:|1732939417\n|move|p2a: Whiscash|Dragon Dance|p2a: Whiscash\n|-boost|p2a: Whiscash|atk|1\n|-boost|p2a: Whiscash|spe|1\n|move|p1a: Skarmory|Brave Bird|p2a: Whiscash\n|-damage|p2a: Whiscash|166/337\n|-damage|p1a: Skarmory|199/235|[from] Recoil\n|\n|-heal|p1a: Skarmory|213/235|[from] item: Leftovers\n|upkeep\n|turn|18\n|\n|t:|1732939433\n|move|p2a: Whiscash|Liquidation|p1a: Skarmory\n|-damage|p1a: Skarmory|53/235\n|-damage|p2a: Whiscash|133/337|[from] item: Life Orb\n|move|p1a: Skarmory|Brave Bird|p2a: Whiscash\n|-damage|p2a: Whiscash|18/337\n|-damage|p1a: Skarmory|15/235|[from] Recoil\n|\n|-heal|p1a: Skarmory|29/235|[from] item: Leftovers\n|upkeep\n|turn|19\n|\n|t:|1732939443\n|move|p2a: Whiscash|Liquidation|p1a: Skarmory\n|-damage|p1a: Skarmory|0 fnt\n|faint|p1a: Skarmory\n|-damage|p2a: Whiscash|0 fnt|[from] item: Life Orb\n|faint|p2a: Whiscash\n|\n|upkeep\n|\n|t:|1732939456\n|switch|p1a: Roaring Moon|Roaring Moon, L72|270/270\n|switch|p2a: Umbreon|Umbreon, L84, M|186/297\n|-damage|p2a: Umbreon|149/297|[from] Spikes\n|-damage|p2a: Umbreon|112/297|[from] Stealth Rock\n|turn|20\n|\n|t:|1732939461\n|move|p1a: Roaring Moon|U-turn|p2a: Umbreon\n|-supereffective|p2a: Umbreon\n|-damage|p2a: Umbreon|0 fnt\n|faint|p2a: Umbreon\n|\n|t:|1732939464\n|-end|p1a: Roaring Moon|Protosynthesis|[silent]\n|switch|p1a: Greninja|Greninja, L80, M, tera:Poison|3/246|[from] U-turn\n|\n|upkeep\n|\n|t:|1732939467\n|switch|p2a: Grimmsnarl|Grimmsnarl, L83, M|293/293\n|-damage|p2a: Grimmsnarl|257/293|[from] Spikes\n|-damage|p2a: Grimmsnarl|221/293|[from] Stealth Rock\n|turn|21\n|\n|t:|1732939476\n|move|p2a: Grimmsnarl|Reflect|p2a: Grimmsnarl\n|-sidestart|p2: shunzim|Reflect\n|move|p1a: Greninja|Gunk Shot|p2a: Grimmsnarl\n|-supereffective|p2a: Grimmsnarl\n|-damage|p2a: Grimmsnarl|40/293\n|-status|p2a: Grimmsnarl|psn\n|-damage|p1a: Greninja|0 fnt|[from] item: Life Orb\n|faint|p1a: Greninja\n|\n|-damage|p2a: Grimmsnarl|4/293 psn|[from] psn\n|upkeep\n|\n|t:|1732939482\n|switch|p1a: Delibird|Delibird, F|185/252\n|turn|22\n|\n|t:|1732939489\n|move|p1a: Delibird|Rapid Spin|p2a: Grimmsnarl\n|-damage|p2a: Grimmsnarl|0 fnt\n|-boost|p1a: Delibird|spe|1\n|faint|p2a: Grimmsnarl\n|\n|upkeep\n|\n|t:|1732939491\n|switch|p2a: Ludicolo|Ludicolo, L90, F|290/290\n|-damage|p2a: Ludicolo|254/290|[from] Spikes\n|-damage|p2a: Ludicolo|218/290|[from] Stealth Rock\n|turn|23\n|\n|t:|1732939497\n|move|p1a: Delibird|Freeze-Dry|p2a: Ludicolo\n|-supereffective|p2a: Ludicolo\n|-damage|p2a: Ludicolo|0 fnt\n|faint|p2a: Ludicolo\n|\n|win|River Plate FC\n|raw|River Plate FC's rating: 1650 &rarr; <strong>1669</strong><br />(+19 for winning)\n|raw|shunzim's rating: 1632 &rarr; <strong>1613</strong><br />(-19 for losing)\n|l|\u2606shunzim\n|player|p2|\n", "inputlog": ">version b107d77f5c90bd6555267ae244a6264823309ead\n>start {\"formatid\":\"gen9randombattle\",\"seed\":[35970,38009,50776,10002],\"rated\":\"Rated battle\"}\n>player p1 {\"name\":\"River Plate FC\",\"avatar\":\"striker\",\"rating\":1650,\"seed\":[51583,65458,60189,63283]}\n>player p2 {\"name\":\"shunzim\",\"avatar\":\"170\",\"rating\":1632,\"seed\":[39092,43706,13676,32258]}\n>p1 move knockoff\n>p2 move willowisp\n>p1 move earthquake\n>p2 move tripleaxel\n>p1 move knockoff\n>p2 move tripleaxel\n>p1 switch 5\n>p1 move darkpulse\n>p2 move destinybond\n>p2 switch 5\n>p1 switch 6\n>p2 move thunderbolt\n>p1 move uturn\n>p2 switch 2\n>p1 switch 4\n>p1 move bravebird\n>p2 move wish\n>p1 move spikes\n>p2 move protect\n>p1 move bravebird\n>p2 move toxic\n>p1 switch 3\n>p2 move toxic\n>p1 move stealthrock\n>p2 switch 2\n>p1 switch 4\n>p2 move substitute\n>p1 move tripleaxel\n>p2 move calmmind\n>p1 move tripleaxel\n>p2 move terablast terastallize\n>p1 switch 6\n>p1 move gunkshot terastallize\n>p2 move thunderbolt\n>p2 switch 4\n>p1 switch 4\n>p2 move dragondance\n>p1 move bravebird\n>p2 move dragondance\n>p1 move bravebird\n>p2 move liquidation\n>p1 move bravebird\n>p2 move liquidation\n>p1 switch 2\n>p2 switch 2\n>p1 move uturn\n>p2 move toxic\n>p1 switch 4\n>p2 switch 6\n>p1 move gunkshot\n>p2 move reflect\n>p1 switch 3\n>p1 move rapidspin\n>p2 move spiritbreak\n>p2 switch 3\n>p1 move freezedry\n>p2 move hydropump", "uploadtime": 1732939503, "views": 15, "formatid": "gen9randombattle", "rating": 1613, "private": 0, "password": null}