{"id": "gen9randombattle-2253847757", "format": "[Gen 9] Random Battle", "players": ["Manectric258", "HelloThere747"], "log": "|j|\u2606Manectric258\n|j|\u2606HelloThere747\n|t:|1732948178\n|gametype|singles\n|player|p1|Manectric258|169|1232\n|player|p2|HelloThere747|2|1201\n|teamsize|p1|6\n|teamsize|p2|6\n|gen|9\n|tier|[Gen 9] Random Battle\n|rated|\n|rule|Species Clause: Limit one of each Pok\u00e9mon\n|rule|HP Percentage Mod: HP is shown in percentages\n|rule|Sleep Clause Mod: Limit one foe put to sleep\n|rule|Illusion Level Mod: Illusion disguises the Pok\u00e9mon's true level\n|\n|t:|1732948178\n|start\n|switch|p1a: Iron Leaves|Iron Leaves, L80|275/275\n|switch|p2a: Yanmega|Yanmega, L82, F|275/275\n|turn|1\n|\n|t:|1732948193\n|-end|p1a: Iron Leaves|Quark Drive|[silent]\n|switch|p1a: Talonflame|Talonflame, L84, F|268/268\n|move|p2a: Yanmega|Bug Buzz|p1a: Talonflame\n|-resisted|p1a: Talonflame\n|-damage|p1a: Talonflame|182/268\n|\n|upkeep\n|turn|2\n|\n|t:|1732948211\n|switch|p2a: Porygon2|Porygon2, L82|274/274\n|-ability|p2a: Porygon2|Download|boost\n|-boost|p2a: Porygon2|spa|1\n|move|p1a: Talonflame|Overheat|p2a: Porygon2\n|-damage|p2a: Porygon2|202/274\n|-unboost|p1a: Talonflame|spa|2\n|\n|upkeep\n|turn|3\n|\n|t:|1732948236\n|switch|p1a: Kilowattrel|Kilowattrel, L83, F|252/252\n|move|p2a: Porygon2|Thunder Wave|p1a: Kilowattrel\n|-immune|p1a: Kilowattrel|[from] ability: Volt Absorb\n|\n|upkeep\n|turn|4\n|\n|t:|1732948251\n|move|p1a: Kilowattrel|Thunder Wave|p2a: Porygon2\n|-status|p2a: Porygon2|par\n|move|p2a: Porygon2|Shadow Ball|p1a: Kilowattrel\n|-damage|p1a: Kilowattrel|134/252\n|\n|upkeep\n|turn|5\n|\n|t:|1732948260\n|move|p1a: Kilowattrel|U-turn|p2a: Porygon2\n|-damage|p2a: Porygon2|175/274 par\n|\n|t:|1732948277\n|switch|p1a: Iron Leaves|Iron Leaves, L80|275/275|[from] U-turn\n|move|p2a: Porygon2|Shadow Ball|p1a: Iron Leaves\n|-supereffective|p1a: Iron Leaves\n|-damage|p1a: Iron Leaves|135/275\n|\n|upkeep\n|turn|6\n|\n|t:|1732948295\n|move|p1a: Iron Leaves|Swords Dance|p1a: Iron Leaves\n|-boost|p1a: Iron Leaves|atk|2\n|move|p2a: Porygon2|Thunder Wave|p1a: Iron Leaves\n|-status|p1a: Iron Leaves|par\n|\n|upkeep\n|turn|7\n|\n|t:|1732948305\n|cant|p1a: Iron Leaves|par\n|move|p2a: Porygon2|Shadow Ball|p1a: Iron Leaves\n|-supereffective|p1a: Iron Leaves\n|-damage|p1a: Iron Leaves|0 fnt\n|faint|p1a: Iron Leaves\n|-end|p1a: Iron Leaves|Quark Drive|[silent]\n|\n|upkeep\n|\n|t:|1732948314\n|switch|p1a: Hydrapple|Hydrapple, L83, F|312/312\n|turn|8\n|\n|t:|1732948332\n|-terastallize|p1a: Hydrapple|Dragon\n|-terastallize|p2a: Porygon2|Fairy\n|move|p1a: Hydrapple|Fickle Beam|p2a: Porygon2\n|-immune|p2a: Porygon2\n|move|p2a: Porygon2|Tera Blast|p1a: Hydrapple|[anim] Tera Blast Fairy\n|-supereffective|p1a: Hydrapple\n|-damage|p1a: Hydrapple|36/312\n|\n|upkeep\n|turn|9\n|\n|t:|1732948344\n|switch|p1a: Kricketune|Kricketune, L99, M|312/312\n|move|p2a: Porygon2|Recover|p2a: Porygon2\n|-heal|p2a: Porygon2|274/274 par\n|\n|upkeep\n|turn|10\n|c|\u2606Manectric258|im being fucked\n|\n|t:|1732948356\n|move|p1a: Kricketune|Sticky Web|p2a: Porygon2\n|-sidestart|p2: HelloThere747|move: Sticky Web\n|cant|p2a: Porygon2|par\n|\n|upkeep\n|turn|11\n|\n|t:|1732948373\n|move|p1a: Kricketune|Knock Off|p2a: Porygon2\n|-resisted|p2a: Porygon2\n|-damage|p2a: Porygon2|244/274 par\n|-enditem|p2a: Porygon2|Eviolite|[from] move: Knock Off|[of] p1a: Kricketune\n|cant|p2a: Porygon2|par\n|\n|upkeep\n|turn|12\n|\n|t:|1732948391\n|move|p1a: Kricketune|Taunt|p2a: Porygon2\n|-start|p2a: Porygon2|move: Taunt\n|move|p2a: Porygon2|Shadow Ball|p1a: Kricketune\n|-damage|p1a: Kricketune|204/312\n|\n|upkeep\n|turn|13\n|\n|t:|1732948418\n|switch|p1a: Regirock|Regirock, L83|268/268\n|cant|p2a: Porygon2|par\n|\n|upkeep\n|turn|14\n|\n|t:|1732948424\n|move|p1a: Regirock|Curse|p1a: Regirock\n|-unboost|p1a: Regirock|spe|1\n|-boost|p1a: Regirock|atk|1\n|-boost|p1a: Regirock|def|1\n|move|p2a: Porygon2|Tera Blast|p1a: Regirock|[anim] Tera Blast Fairy\n|-damage|p1a: Regirock|150/268\n|\n|-end|p2a: Porygon2|move: Taunt\n|upkeep\n|turn|15\n|\n|t:|1732948437\n|move|p1a: Regirock|Body Press|p2a: Porygon2\n|-resisted|p2a: Porygon2\n|-damage|p2a: Porygon2|168/274 par\n|move|p2a: Porygon2|Shadow Ball|p1a: Regirock\n|-damage|p1a: Regirock|78/268\n|\n|upkeep\n|turn|16\n|\n|t:|1732948450\n|move|p1a: Regirock|Rest|p1a: Regirock\n|-status|p1a: Regirock|slp|[from] move: Rest\n|-heal|p1a: Regirock|268/268 slp|[silent]\n|-enditem|p1a: Regirock|Chesto Berry|[eat]\n|-curestatus|p1a: Regirock|slp|[msg]\n|move|p2a: Porygon2|Tera Blast|p1a: Regirock|[anim] Tera Blast Fairy\n|-crit|p1a: Regirock\n|-damage|p1a: Regirock|102/268\n|\n|upkeep\n|turn|17\n|\n|t:|1732948461\n|move|p1a: Regirock|Stone Edge|p2a: Porygon2|[miss]\n|-miss|p1a: Regirock|p2a: Porygon2\n|move|p2a: Porygon2|Shadow Ball|p1a: Regirock\n|-damage|p1a: Regirock|23/268\n|\n|upkeep\n|turn|18\n|\n|t:|1732948468\n|move|p1a: Regirock|Stone Edge|p2a: Porygon2\n|-damage|p2a: Porygon2|20/274 par\n|move|p2a: Porygon2|Shadow Ball|p1a: Regirock\n|-damage|p1a: Regirock|0 fnt\n|faint|p1a: Regirock\n|\n|upkeep\n|c|\u2606Manectric258|:(\n|\n|t:|1732948475\n|switch|p1a: Hydrapple|Hydrapple, L83, F, tera:Dragon|140/312\n|turn|19\n|\n|t:|1732948485\n|switch|p2a: Gholdengo|Gholdengo, L77|261/261\n|-activate|p2a: Gholdengo|move: Sticky Web\n|-unboost|p2a: Gholdengo|spe|1\n|move|p1a: Hydrapple|Earth Power|p2a: Gholdengo\n|-supereffective|p2a: Gholdengo\n|-damage|p2a: Gholdengo|31/261\n|\n|-heal|p2a: Gholdengo|47/261|[from] item: Leftovers\n|upkeep\n|turn|20\n|\n|t:|1732948499\n|switch|p1a: Talonflame|Talonflame, L84, F|182/268\n|move|p2a: Gholdengo|Thunder Wave|p1a: Talonflame\n|-status|p1a: Talonflame|par\n|\n|-heal|p2a: Gholdengo|63/261|[from] item: Leftovers\n|upkeep\n|turn|21\n|\n|t:|1732948517\n|switch|p2a: Chimecho|Chimecho, L94, M|293/293\n|move|p1a: Talonflame|Overheat|p2a: Chimecho\n|-damage|p2a: Chimecho|193/293\n|-unboost|p1a: Talonflame|spa|2\n|\n|-heal|p2a: Chimecho|211/293|[from] item: Leftovers\n|upkeep\n|turn|22\n|\n|t:|1732948533\n|switch|p1a: Kricketune|Kricketune, L99, M|204/312\n|move|p2a: Chimecho|Encore||[still]\n|-fail|p2a: Chimecho\n|\n|-heal|p2a: Chimecho|229/293|[from] item: Leftovers\n|upkeep\n|turn|23\n|\n|t:|1732948549\n|switch|p2a: Glalie|Glalie, L96, F|309/309\n|move|p1a: Kricketune|Taunt|p2a: Glalie\n|-start|p2a: Glalie|move: Taunt\n|\n|upkeep\n|turn|24\n|\n|t:|1732948561\n|move|p2a: Glalie|Freeze-Dry|p1a: Kricketune\n|-damage|p1a: Kricketune|93/312\n|move|p1a: Kricketune|Knock Off|p2a: Glalie\n|-damage|p2a: Glalie|225/309\n|-enditem|p2a: Glalie|Heavy-Duty Boots|[from] move: Knock Off|[of] p1a: Kricketune\n|\n|upkeep\n|turn|25\n|\n|t:|1732948573\n|move|p2a: Glalie|Freeze-Dry|p1a: Kricketune\n|-damage|p1a: Kricketune|0 fnt\n|faint|p1a: Kricketune\n|\n|-end|p2a: Glalie|move: Taunt\n|upkeep\n|\n|t:|1732948584\n|switch|p1a: Talonflame|Talonflame, L84, F|182/268 par\n|turn|26\n|\n|t:|1732948594\n|switch|p2a: Chimecho|Chimecho, L94, M|229/293\n|move|p1a: Talonflame|Overheat|p2a: Chimecho\n|-damage|p2a: Chimecho|133/293\n|-unboost|p1a: Talonflame|spa|2\n|\n|-heal|p2a: Chimecho|151/293|[from] item: Leftovers\n|upkeep\n|turn|27\n|\n|t:|1732948611\n|move|p2a: Chimecho|Encore|p1a: Talonflame\n|-start|p1a: Talonflame|Encore\n|move|p1a: Talonflame|Overheat|p2a: Chimecho\n|-damage|p2a: Chimecho|105/293\n|-unboost|p1a: Talonflame|spa|2\n|\n|-heal|p2a: Chimecho|123/293|[from] item: Leftovers\n|upkeep\n|turn|28\n|\n|t:|1732948624\n|switch|p1a: Hydrapple|Hydrapple, L83, F, tera:Dragon|244/312\n|move|p2a: Chimecho|Recover|p2a: Chimecho\n|-heal|p2a: Chimecho|270/293\n|\n|-heal|p2a: Chimecho|288/293|[from] item: Leftovers\n|upkeep\n|turn|29\n|\n|t:|1732948647\n|move|p2a: Chimecho|Heal Bell|p2a: Chimecho\n|-activate|p2a: Chimecho|move: Heal Bell\n|-curestatus|p2: Porygon2|par|[msg]\n|move|p1a: Hydrapple|Fickle Beam|p2a: Chimecho\n|-damage|p2a: Chimecho|112/293\n|\n|-heal|p2a: Chimecho|130/293|[from] item: Leftovers\n|upkeep\n|turn|30\n|\n|t:|1732948657\n|switch|p2a: Porygon2|Porygon2, L82, tera:Fairy|20/274\n|-activate|p2a: Porygon2|move: Sticky Web\n|-unboost|p2a: Porygon2|spe|1\n|-ability|p2a: Porygon2|Download|boost\n|-boost|p2a: Porygon2|spa|1\n|switch|p1a: Kilowattrel|Kilowattrel, L83, F|134/252\n|\n|upkeep\n|turn|31\n|\n|t:|1732948681\n|switch|p2a: Glalie|Glalie, L96, F|225/309\n|-activate|p2a: Glalie|move: Sticky Web\n|-unboost|p2a: Glalie|spe|1\n|move|p1a: Kilowattrel|Thunderbolt|p2a: Glalie\n|-damage|p2a: Glalie|125/309\n|\n|upkeep\n|turn|32\n|\n|t:|1732948693\n|move|p1a: Kilowattrel|Hurricane|p2a: Glalie\n|-damage|p2a: Glalie|4/309\n|move|p2a: Glalie|Freeze-Dry|p1a: Kilowattrel\n|-supereffective|p1a: Kilowattrel\n|-damage|p1a: Kilowattrel|0 fnt\n|faint|p1a: Kilowattrel\n|\n|upkeep\n|\n|t:|1732948701\n|switch|p1a: Hydrapple|Hydrapple, L83, F, tera:Dragon|312/312\n|turn|33\n|\n|t:|1732948706\n|switch|p1a: Talonflame|Talonflame, L84, F|182/268 par\n|move|p2a: Glalie|Freeze-Dry|p1a: Talonflame\n|-damage|p1a: Talonflame|85/268 par\n|\n|upkeep\n|turn|34\n|-message|Manectric258 forfeited.\n|\n|win|HelloThere747\n|raw|Manectric258's rating: 1232 &rarr; <strong>1205</strong><br />(-27 for losing)\n|raw|HelloThere747's rating: 1201 &rarr; <strong>1228</strong><br />(+27 for winning)\n|l|\u2606Manectric258\n|player|p1|\n", "inputlog": ">version b107d77f5c90bd6555267ae244a6264823309ead\n>start {\"formatid\":\"gen9randombattle\",\"seed\":[21630,51312,54717,49301],\"rated\":\"Rated battle\"}\n>player p1 {\"name\":\"Manectric258\",\"avatar\":\"169\",\"rating\":1232,\"seed\":[43069,46098,30455,34246]}\n>player p2 {\"name\":\"HelloThere747\",\"avatar\":\"2\",\"rating\":1201,\"seed\":[23725,65009,43673,34089]}\n>p1 switch 6\n>p2 move bugbuzz\n>p1 move overheat\n>p2 switch 2\n>p1 switch 2\n>p2 move thunderwave\n>p1 move thunderwave\n>p2 move shadowball\n>p1 move uturn\n>p2 move shadowball\n>p1 switch 6\n>p1 move swordsdance\n>p2 move thunderwave\n>p1 move leafblade\n>p2 move shadowball\n>p1 switch 3\n>p1 move ficklebeam terastallize\n>p2 move terablast terastallize\n>p1 switch 4\n>p2 move recover\n>chat \u2606Manectric258|im being fucked\n>p1 move stickyweb\n>p2 move thunderwave\n>p1 move knockoff\n>p2 move shadowball\n>p1 move taunt\n>p2 move shadowball\n>p1 switch 5\n>p2 move terablast\n>p1 move curse\n>p2 move terablast\n>p1 move bodypress\n>p2 move shadowball\n>p1 move rest\n>p2 move terablast\n>p1 move stoneedge\n>p2 move shadowball\n>p1 move stoneedge\n>p2 move shadowball\n>chat \u2606Manectric258|:(\n>p1 switch 4\n>p1 move earthpower\n>p2 switch 3\n>p1 switch 2\n>p2 move thunderwave\n>p1 move overheat\n>p2 switch 6\n>p1 switch 5\n>p2 move encore\n>p1 move taunt\n>p2 switch 5\n>p1 move knockoff\n>p2 move freezedry\n>p1 move pounce\n>p2 move freezedry\n>p1 switch 5\n>p1 move overheat\n>p2 switch 5\n>p1 move roost\n>p2 move encore\n>p1 switch 2\n>p2 move recover\n>p1 move ficklebeam\n>p2 move healbell\n>p1 switch 6\n>p2 switch 3\n>p1 move thunderbolt\n>p2 switch 5\n>p1 move hurricane\n>p2 move freezedry\n>p1 switch 6\n>p1 switch 2\n>p2 move freezedry\n>forcelose p1", "uploadtime": 1732948723, "views": 1, "formatid": "gen9randombattle", "rating": 1205, "private": 0, "password": null}