{"id": "gen9randombattle-2254038144", "format": "[Gen 9] Random Battle", "players": ["Paysa&LoloStan", "tease89"], "log": "|j|\u2606Paysa&LoloStan\n|j|\u2606tease89\n|t:|1732983398\n|gametype|singles\n|player|p1|Paysa&LoloStan|lucas|1439\n|player|p2|tease89|2|1465\n|teamsize|p1|6\n|teamsize|p2|6\n|gen|9\n|tier|[Gen 9] Random Battle\n|rated|\n|rule|Species Clause: Limit one of each Pok\u00e9mon\n|rule|HP Percentage Mod: HP is shown in percentages\n|rule|Sleep Clause Mod: Limit one foe put to sleep\n|rule|Illusion Level Mod: Illusion disguises the Pok\u00e9mon's true level\n|\n|t:|1732983398\n|start\n|switch|p1a: Brambleghast|Brambleghast, L88, M|240/240\n|switch|p2a: Noctowl|Noctowl, L95, M|344/344\n|turn|1\n|inactive|Battle timer is ON: inactive players will automatically lose when time's up. (requested by Paysa&LoloStan)\n|\n|t:|1732983425\n|switch|p1a: Jolteon|Jolteon, L84, F|246/246\n|switch|p2a: Leavanny|Leavanny, L86, M|269/269\n|\n|upkeep\n|turn|2\n|\n|t:|1732983448\n|switch|p1a: Smeargle|Smeargle, L95, F|258/258\n|move|p2a: Leavanny|Sticky Web|p1a: Smeargle\n|-sidestart|p1: Paysa&LoloStan|move: Sticky Web\n|\n|upkeep\n|turn|3\n|\n|t:|1732983474\n|move|p2a: Leavanny|Lunge|p1a: Smeargle\n|-damage|p1a: Smeargle|105/258\n|-unboost|p1a: Smeargle|atk|1\n|move|p1a: Smeargle|Sticky Web|p2a: Leavanny\n|-sidestart|p2: tease89|move: Sticky Web\n|\n|upkeep\n|turn|4\n|\n|t:|1732983481\n|move|p2a: Leavanny|Lunge|p1a: Smeargle\n|-damage|p1a: Smeargle|0 fnt\n|faint|p1a: Smeargle\n|\n|upkeep\n|\n|t:|1732983489\n|switch|p1a: Brambleghast|Brambleghast, L88, M|240/240\n|-activate|p1a: Brambleghast|move: Sticky Web\n|-unboost|p1a: Brambleghast|spe|1\n|turn|5\n|\n|t:|1732983500\n|move|p2a: Leavanny|Knock Off|p1a: Brambleghast\n|-supereffective|p1a: Brambleghast\n|-crit|p1a: Brambleghast\n|-damage|p1a: Brambleghast|0 fnt\n|-enditem|p1a: Brambleghast|Leftovers|[from] move: Knock Off|[of] p2a: Leavanny\n|faint|p1a: Brambleghast\n|\n|upkeep\n|n|!Paysa&LoloStan|paysalolostan\n|\n|t:|1732983512\n|switch|p1a: Delphox|Delphox, L84, F|263/263\n|turn|6\n|\n|t:|1732983526\n|-terastallize|p1a: Delphox|Fire\n|-terastallize|p2a: Leavanny|Rock\n|move|p1a: Delphox|Fire Blast|p2a: Leavanny\n|-resisted|p2a: Leavanny\n|-damage|p2a: Leavanny|178/269\n|move|p2a: Leavanny|Knock Off|p1a: Delphox\n|-damage|p1a: Delphox|174/263\n|-enditem|p1a: Delphox|Heavy-Duty Boots|[from] move: Knock Off|[of] p2a: Leavanny\n|\n|upkeep\n|turn|7\n|inactive|tease89 has 120 seconds left.\n|\n|t:|1732983577\n|switch|p2a: Noctowl|Noctowl, L95, M|344/344\n|move|p1a: Delphox|Nasty Plot|p1a: Delphox\n|-boost|p1a: Delphox|spa|2\n|\n|upkeep\n|turn|8\n|\n|t:|1732983583\n|move|p1a: Delphox|Fire Blast|p2a: Noctowl\n|-damage|p2a: Noctowl|74/344\n|-status|p2a: Noctowl|brn\n|move|p2a: Noctowl|Hyper Voice|p1a: Delphox\n|-damage|p1a: Delphox|77/263\n|\n|-damage|p2a: Noctowl|53/344 brn|[from] brn\n|upkeep\n|turn|9\n|\n|t:|1732983589\n|move|p1a: Delphox|Psyshock|p2a: Noctowl\n|-damage|p2a: Noctowl|0 fnt\n|faint|p2a: Noctowl\n|\n|upkeep\n|\n|t:|1732983606\n|switch|p2a: Clefable|Clefable, L83, F|293/293\n|-activate|p2a: Clefable|move: Sticky Web\n|-unboost|p2a: Clefable|spe|1\n|turn|10\n|\n|t:|1732983613\n|move|p1a: Delphox|Fire Blast|p2a: Clefable\n|-damage|p2a: Clefable|39/293\n|move|p2a: Clefable|Moonblast|p1a: Delphox\n|-resisted|p1a: Delphox\n|-damage|p1a: Delphox|29/263\n|\n|-heal|p2a: Clefable|57/293|[from] item: Leftovers\n|upkeep\n|turn|11\n|\n|t:|1732983619\n|move|p1a: Delphox|Psyshock|p2a: Clefable\n|-damage|p2a: Clefable|0 fnt\n|faint|p2a: Clefable\n|\n|upkeep\n|\n|t:|1732983624\n|switch|p2a: Meowstic|Meowstic-F, L89, F|277/277\n|-activate|p2a: Meowstic|move: Sticky Web\n|-unboost|p2a: Meowstic|spe|1\n|-ability|p2a: Meowstic|Competitive|boost\n|-boost|p2a: Meowstic|spa|2\n|turn|12\n|\n|t:|1732983627\n|move|p1a: Delphox|Fire Blast|p2a: Meowstic\n|-damage|p2a: Meowstic|0 fnt\n|faint|p2a: Meowstic\n|\n|upkeep\n|\n|t:|1732983631\n|switch|p2a: Mamoswine|Mamoswine, L81, M|311/311\n|-activate|p2a: Mamoswine|move: Sticky Web\n|-unboost|p2a: Mamoswine|spe|1\n|turn|13\n|\n|t:|1732983635\n|move|p2a: Mamoswine|Ice Shard|p1a: Delphox\n|-resisted|p1a: Delphox\n|-damage|p1a: Delphox|0 fnt\n|faint|p1a: Delphox\n|\n|upkeep\n|\n|t:|1732983640\n|switch|p1a: Gardevoir|Gardevoir, L83, M|249/249\n|-activate|p1a: Gardevoir|move: Sticky Web\n|-unboost|p1a: Gardevoir|spe|1\n|-ability|p1a: Gardevoir|Thick Fat|[from] ability: Trace|[of] p2a: Mamoswine\n|turn|14\n|inactive|tease89 has 120 seconds left.\n|\n|t:|1732983680\n|switch|p2a: Espathra|Espathra, L80, F|283/283\n|-activate|p2a: Espathra|move: Sticky Web\n|-unboost|p2a: Espathra|spe|1\n|move|p1a: Gardevoir|Focus Blast|p2a: Espathra\n|-resisted|p2a: Espathra\n|-damage|p2a: Espathra|212/283\n|\n|upkeep\n|turn|15\n|inactive|tease89 has 120 seconds left.\n|\n|t:|1732983693\n|switch|p1a: Jolteon|Jolteon, L84, F|246/246\n|-activate|p1a: Jolteon|move: Sticky Web\n|-unboost|p1a: Jolteon|spe|1\n|move|p2a: Espathra|Lumina Crash|p1a: Jolteon\n|-damage|p1a: Jolteon|140/246\n|-unboost|p1a: Jolteon|spd|2\n|\n|-ability|p2a: Espathra|Speed Boost|boost\n|-boost|p2a: Espathra|spe|1\n|upkeep\n|turn|16\n|inactive|tease89 has 120 seconds left.\n|\n|t:|1732983700\n|move|p2a: Espathra|Lumina Crash|p1a: Jolteon\n|-damage|p1a: Jolteon|0 fnt\n|faint|p1a: Jolteon\n|\n|-ability|p2a: Espathra|Speed Boost|boost\n|-boost|p2a: Espathra|spe|1\n|upkeep\n|\n|t:|1732983702\n|switch|p1a: Sceptile|Sceptile, L87, M|264/264\n|-activate|p1a: Sceptile|move: Sticky Web\n|-unboost|p1a: Sceptile|spe|1\n|turn|17\n|\n|t:|1732983704\n|move|p2a: Espathra|Lumina Crash|p1a: Sceptile\n|-damage|p1a: Sceptile|149/264\n|-unboost|p1a: Sceptile|spd|2\n|move|p1a: Sceptile|Leaf Blade|p2a: Espathra\n|-damage|p2a: Espathra|33/283\n|-damage|p1a: Sceptile|123/264|[from] item: Life Orb\n|\n|-ability|p2a: Espathra|Speed Boost|boost\n|-boost|p2a: Espathra|spe|1\n|upkeep\n|turn|18\n|\n|t:|1732983707\n|move|p2a: Espathra|Lumina Crash|p1a: Sceptile\n|-damage|p1a: Sceptile|0 fnt\n|faint|p1a: Sceptile\n|\n|-ability|p2a: Espathra|Speed Boost|boost\n|-boost|p2a: Espathra|spe|1\n|upkeep\n|\n|t:|1732983709\n|switch|p1a: Gardevoir|Gardevoir, L83, M|249/249\n|-activate|p1a: Gardevoir|move: Sticky Web\n|-unboost|p1a: Gardevoir|spe|1\n|-ability|p1a: Gardevoir|Speed Boost|[from] ability: Trace|[of] p2a: Espathra\n|turn|19\n|\n|t:|1732983710\n|move|p2a: Espathra|Lumina Crash|p1a: Gardevoir\n|-resisted|p1a: Gardevoir\n|-damage|p1a: Gardevoir|199/249\n|-unboost|p1a: Gardevoir|spd|2\n|move|p1a: Gardevoir|Focus Blast|p2a: Espathra\n|-resisted|p2a: Espathra\n|-damage|p2a: Espathra|0 fnt\n|faint|p2a: Espathra\n|\n|-ability|p1a: Gardevoir|Speed Boost|boost\n|-boost|p1a: Gardevoir|spe|1\n|upkeep\n|\n|t:|1732983714\n|switch|p2a: Leavanny|Leavanny, L86, M, tera:Rock|178/269\n|turn|20\n|\n|t:|1732983723\n|move|p1a: Gardevoir|Focus Blast|p2a: Leavanny|[miss]\n|-miss|p1a: Gardevoir|p2a: Leavanny\n|move|p2a: Leavanny|Knock Off|p1a: Gardevoir\n|-damage|p1a: Gardevoir|107/249\n|-enditem|p1a: Gardevoir|Choice Scarf|[from] move: Knock Off|[of] p2a: Leavanny\n|\n|-ability|p1a: Gardevoir|Speed Boost|boost\n|-boost|p1a: Gardevoir|spe|1\n|upkeep\n|turn|21\n|\n|t:|1732983732\n|move|p1a: Gardevoir|Focus Blast|p2a: Leavanny\n|-supereffective|p2a: Leavanny\n|-damage|p2a: Leavanny|0 fnt\n|faint|p2a: Leavanny\n|\n|-ability|p1a: Gardevoir|Speed Boost|boost\n|-boost|p1a: Gardevoir|spe|1\n|upkeep\n|\n|t:|1732983735\n|switch|p2a: Mamoswine|Mamoswine, L81, M|311/311\n|-activate|p2a: Mamoswine|move: Sticky Web\n|-unboost|p2a: Mamoswine|spe|1\n|turn|22\n|\n|t:|1732983744\n|move|p2a: Mamoswine|Ice Shard|p1a: Gardevoir\n|-damage|p1a: Gardevoir|16/249\n|move|p1a: Gardevoir|Focus Blast|p2a: Mamoswine\n|-supereffective|p2a: Mamoswine\n|-damage|p2a: Mamoswine|45/311\n|\n|-ability|p1a: Gardevoir|Speed Boost|boost\n|-boost|p1a: Gardevoir|spe|1\n|upkeep\n|turn|23\n|\n|t:|1732983750\n|move|p2a: Mamoswine|Ice Shard|p1a: Gardevoir\n|-damage|p1a: Gardevoir|0 fnt\n|faint|p1a: Gardevoir\n|\n|win|tease89\n", "inputlog": ">version b107d77f5c90bd6555267ae244a6264823309ead\n>start {\"formatid\":\"gen9randombattle\",\"seed\":[27293,14146,30272,46071],\"rated\":\"Rated battle\"}\n>player p1 {\"name\":\"Paysa&LoloStan\",\"avatar\":\"lucas\",\"rating\":1439,\"seed\":[28379,40073,40098,13209]}\n>player p2 {\"name\":\"tease89\",\"avatar\":\"2\",\"rating\":1465,\"seed\":[27084,13563,60723,42098]}\n>p1 switch 3\n>p2 switch 5\n>p1 switch 4\n>p2 move stickyweb\n>p1 move stickyweb\n>p2 move lunge\n>p1 move ceaselessedge\n>p2 move lunge\n>p1 switch 3\n>p1 move strengthsap\n>p2 move knockoff\n>chat \u2606Paysa&LoloStan|Fuck you leavany\n>p1 switch 6\n>p1 move fireblast terastallize\n>p2 move knockoff terastallize\n>p1 move nastyplot\n>p2 switch 5\n>p1 move fireblast\n>p2 move hypervoice\n>p1 move psyshock\n>p2 move hypervoice\n>p2 switch 3\n>p1 move fireblast\n>p2 move moonblast\n>p1 move psyshock\n>p2 move moonblast\n>p2 switch 2\n>p1 move fireblast\n>p2 move darkpulse\n>p2 switch 6\n>p1 move grassknot\n>p2 move iceshard\n>p1 switch 5\n>p1 move focusblast\n>p2 switch 4\n>p1 switch 4\n>p2 move luminacrash\n>p1 move shadowball\n>p2 move luminacrash\n>p1 switch 2\n>p1 move leafblade\n>p2 move luminacrash\n>p1 move leafblade\n>p2 move luminacrash\n>p1 switch 4\n>p1 move focusblast\n>p2 move luminacrash\n>p2 switch 5\n>p1 move focusblast\n>p2 move knockoff\n>p1 move focusblast\n>p2 move leafblade\n>p2 switch 4\n>p1 move focusblast\n>p2 move iceshard\n>p1 move moonblast\n>p2 move iceshard", "uploadtime": 1732983508, "views": 2, "formatid": "gen9randombattle", "rating": null, "private": 0, "password": null}