{"id": "gen9randombattle-2254121467", "format": "[Gen 9] Random Battle", "players": ["Cha0s Khan", "Pokeboobowl"], "log": "|j|\u2606Cha0s Khan\n|j|\u2606Pokeboobowl\n|t:|1732993848\n|gametype|singles\n|player|p1|Cha0s Khan|2|1484\n|player|p2|Pokeboobowl|battlegirl-gen4|1439\n|teamsize|p1|6\n|teamsize|p2|6\n|gen|9\n|tier|[Gen 9] Random Battle\n|rated|\n|rule|Species Clause: Limit one of each Pok\u00e9mon\n|rule|HP Percentage Mod: HP is shown in percentages\n|rule|Sleep Clause Mod: Limit one foe put to sleep\n|rule|Illusion Level Mod: Illusion disguises the Pok\u00e9mon's true level\n|\n|t:|1732993848\n|start\n|switch|p1a: Vigoroth|Vigoroth, L85, F|275/275\n|switch|p2a: Salazzle|Salazzle, L83, F|249/249\n|turn|1\n|inactive|Battle timer is ON: inactive players will automatically lose when time's up. (requested by Pokeboobowl)\n|\n|t:|1732993860\n|switch|p2a: Umbreon|Umbreon, L84, F|297/297\n|move|p1a: Vigoroth|Earthquake|p2a: Umbreon\n|-damage|p2a: Umbreon|242/297\n|\n|-heal|p2a: Umbreon|260/297|[from] item: Leftovers\n|upkeep\n|turn|2\n|\n|t:|1732993889\n|move|p1a: Vigoroth|Body Slam|p2a: Umbreon\n|-damage|p2a: Umbreon|196/297\n|move|p2a: Umbreon|Toxic|p1a: Vigoroth\n|-status|p1a: Vigoroth|tox\n|\n|-heal|p2a: Umbreon|214/297|[from] item: Leftovers\n|-damage|p1a: Vigoroth|258/275 tox|[from] psn\n|upkeep\n|turn|3\n|\n|t:|1732993896\n|move|p2a: Umbreon|Protect|p2a: Umbreon\n|-singleturn|p2a: Umbreon|Protect\n|move|p1a: Vigoroth|Body Slam|p2a: Umbreon\n|-activate|p2a: Umbreon|move: Protect\n|\n|-heal|p2a: Umbreon|232/297|[from] item: Leftovers\n|-damage|p1a: Vigoroth|224/275 tox|[from] psn\n|upkeep\n|turn|4\n|\n|t:|1732993903\n|switch|p2a: Palossand|Palossand, L89, F|296/296\n|move|p1a: Vigoroth|Body Slam|p2a: Palossand\n|-immune|p2a: Palossand\n|\n|-damage|p1a: Vigoroth|173/275 tox|[from] psn\n|upkeep\n|turn|5\n|\n|t:|1732993909\n|switch|p1a: Toedscruel|Toedscruel, L87, F|281/281\n|switch|p2a: Umbreon|Umbreon, L84, F|232/297\n|\n|-heal|p2a: Umbreon|250/297|[from] item: Leftovers\n|upkeep\n|turn|6\n|\n|t:|1732993914\n|move|p2a: Umbreon|Toxic|p1a: Toedscruel\n|-status|p1a: Toedscruel|tox\n|move|p1a: Toedscruel|Spore|p2a: Umbreon\n|-status|p2a: Umbreon|slp|[from] move: Spore\n|\n|-heal|p2a: Umbreon|268/297 slp|[from] item: Leftovers\n|-damage|p1a: Toedscruel|264/281 tox|[from] psn\n|upkeep\n|turn|7\n|\n|t:|1732993923\n|switch|p1a: Kommo-o|Kommo-o, L78, M|245/245\n|cant|p2a: Umbreon|slp\n|\n|-heal|p2a: Umbreon|286/297 slp|[from] item: Leftovers\n|upkeep\n|turn|8\n|\n|t:|1732993949\n|switch|p2a: Palossand|Palossand, L89, F|296/296\n|move|p1a: Kommo-o|Clangorous Soul|p1a: Kommo-o\n|-boost|p1a: Kommo-o|atk|1\n|-boost|p1a: Kommo-o|def|1\n|-boost|p1a: Kommo-o|spa|1\n|-boost|p1a: Kommo-o|spd|1\n|-boost|p1a: Kommo-o|spe|1\n|-damage|p1a: Kommo-o|165/245\n|-enditem|p1a: Kommo-o|Throat Spray\n|-boost|p1a: Kommo-o|spa|1|[from] item: Throat Spray\n|\n|upkeep\n|turn|9\n|\n|t:|1732993959\n|move|p1a: Kommo-o|Clanging Scales|p2a: Palossand\n|-damage|p2a: Palossand|64/296\n|-unboost|p1a: Kommo-o|def|1\n|move|p2a: Palossand|Shadow Ball|p1a: Kommo-o\n|-damage|p1a: Kommo-o|105/245\n|\n|-heal|p2a: Palossand|82/296|[from] item: Leftovers\n|upkeep\n|turn|10\n|\n|t:|1732993967\n|move|p1a: Kommo-o|Clanging Scales|p2a: Palossand\n|-damage|p2a: Palossand|0 fnt\n|faint|p2a: Palossand\n|-unboost|p1a: Kommo-o|def|1\n|\n|upkeep\n|inactive|Pokeboobowl has 120 seconds left.\n|\n|t:|1732993989\n|switch|p2a: Gholdengo|Gholdengo, L77|261/261\n|turn|11\n|inactive|Pokeboobowl has 120 seconds left.\n|inactive|Cha0s Khan has 120 seconds left.\n|inactive|Cha0s Khan has 90 seconds left.\n|\n|t:|1732994071\n|move|p1a: Kommo-o|Clanging Scales|p2a: Gholdengo\n|-resisted|p2a: Gholdengo\n|-damage|p2a: Gholdengo|147/261\n|-unboost|p1a: Kommo-o|def|1\n|move|p2a: Gholdengo|Shadow Ball|p1a: Kommo-o\n|-crit|p1a: Kommo-o\n|-damage|p1a: Kommo-o|0 fnt\n|faint|p1a: Kommo-o\n|\n|-heal|p2a: Gholdengo|163/261|[from] item: Leftovers\n|upkeep\n|\n|t:|1732994075\n|switch|p1a: Skeledirge|Skeledirge, L79, M|294/294\n|turn|12\n|\n|t:|1732994083\n|-terastallize|p1a: Skeledirge|Water\n|move|p2a: Gholdengo|Shadow Ball|p1a: Skeledirge\n|-damage|p1a: Skeledirge|188/294\n|move|p1a: Skeledirge|Flame Charge|p2a: Gholdengo\n|-supereffective|p2a: Gholdengo\n|-damage|p2a: Gholdengo|85/261\n|-boost|p1a: Skeledirge|spe|1\n|\n|-heal|p2a: Gholdengo|101/261|[from] item: Leftovers\n|upkeep\n|turn|13\n|\n|t:|1732994101\n|move|p1a: Skeledirge|Slack Off|p1a: Skeledirge\n|-heal|p1a: Skeledirge|294/294\n|move|p2a: Gholdengo|Shadow Ball|p1a: Skeledirge\n|-damage|p1a: Skeledirge|177/294\n|\n|-heal|p2a: Gholdengo|117/261|[from] item: Leftovers\n|upkeep\n|turn|14\n|\n|t:|1732994107\n|move|p1a: Skeledirge|Flame Charge|p2a: Gholdengo\n|-supereffective|p2a: Gholdengo\n|-damage|p2a: Gholdengo|43/261\n|-boost|p1a: Skeledirge|spe|1\n|move|p2a: Gholdengo|Recover|p2a: Gholdengo\n|-heal|p2a: Gholdengo|174/261\n|\n|-heal|p2a: Gholdengo|190/261|[from] item: Leftovers\n|upkeep\n|turn|15\n|\n|t:|1732994116\n|move|p1a: Skeledirge|Torch Song|p2a: Gholdengo\n|-supereffective|p2a: Gholdengo\n|-crit|p2a: Gholdengo\n|-damage|p2a: Gholdengo|0 fnt\n|-boost|p1a: Skeledirge|spa|1\n|faint|p2a: Gholdengo\n|\n|upkeep\n|\n|t:|1732994125\n|switch|p2a: Salazzle|Salazzle, L83, F|249/249\n|turn|16\n|\n|t:|1732994134\n|-terastallize|p2a: Salazzle|Grass\n|move|p1a: Skeledirge|Shadow Ball|p2a: Salazzle\n|-damage|p2a: Salazzle|92/249\n|-unboost|p2a: Salazzle|spd|1\n|move|p2a: Salazzle|Tera Blast|p1a: Skeledirge|[anim] Tera Blast Grass\n|-supereffective|p1a: Skeledirge\n|-damage|p1a: Skeledirge|0 fnt\n|faint|p1a: Skeledirge\n|\n|upkeep\n|\n|t:|1732994141\n|switch|p1a: Toedscruel|Toedscruel, L87, F|264/281 tox\n|turn|17\n|\n|t:|1732994155\n|move|p2a: Salazzle|Fire Blast|p1a: Toedscruel\n|-supereffective|p1a: Toedscruel\n|-damage|p1a: Toedscruel|84/281 tox\n|move|p1a: Toedscruel|Rapid Spin|p2a: Salazzle\n|-damage|p2a: Salazzle|50/249\n|-boost|p1a: Toedscruel|spe|1\n|\n|-heal|p1a: Toedscruel|101/281 tox|[from] item: Leftovers\n|-damage|p1a: Toedscruel|84/281 tox|[from] psn\n|upkeep\n|turn|18\n|\n|t:|1732994166\n|switch|p2a: Umbreon|Umbreon, L84, F|286/297 slp\n|move|p1a: Toedscruel|Earth Power|p2a: Umbreon\n|-damage|p2a: Umbreon|216/297 slp\n|\n|-heal|p1a: Toedscruel|101/281 tox|[from] item: Leftovers\n|-heal|p2a: Umbreon|234/297 slp|[from] item: Leftovers\n|-damage|p1a: Toedscruel|67/281 tox|[from] psn\n|upkeep\n|turn|19\n|\n|t:|1732994175\n|switch|p1a: Gouging Fire|Gouging Fire, L74|277/277\n|-curestatus|p2a: Umbreon|slp|[msg]\n|move|p2a: Umbreon|Wish|p2a: Umbreon\n|\n|-heal|p2a: Umbreon|252/297|[from] item: Leftovers\n|upkeep\n|turn|20\n|\n|t:|1732994184\n|move|p1a: Gouging Fire|Dragon Dance|p1a: Gouging Fire\n|-boost|p1a: Gouging Fire|atk|1\n|-boost|p1a: Gouging Fire|spe|1\n|move|p2a: Umbreon|Toxic|p1a: Gouging Fire\n|-status|p1a: Gouging Fire|tox\n|\n|-heal|p2a: Umbreon|297/297|[from] move: Wish|[wisher] Umbreon\n|-damage|p1a: Gouging Fire|260/277 tox|[from] psn\n|upkeep\n|turn|21\n|\n|t:|1732994190\n|move|p1a: Gouging Fire|Dragon Dance|p1a: Gouging Fire\n|-boost|p1a: Gouging Fire|atk|1\n|-boost|p1a: Gouging Fire|spe|1\n|move|p2a: Umbreon|Foul Play|p1a: Gouging Fire\n|-damage|p1a: Gouging Fire|70/277 tox\n|\n|-damage|p1a: Gouging Fire|36/277 tox|[from] psn\n|upkeep\n|turn|22\n|-message|Cha0s Khan forfeited.\n|\n|win|Pokeboobowl\n|raw|Cha0s Khan's rating: 1484 &rarr; <strong>1461</strong><br />(-23 for losing)\n|raw|Pokeboobowl's rating: 1439 &rarr; <strong>1462</strong><br />(+23 for winning)\n|l|\u2606Cha0s Khan\n|player|p1|\n", "inputlog": ">version b107d77f5c90bd6555267ae244a6264823309ead\n>start {\"formatid\":\"gen9randombattle\",\"seed\":[53178,40723,10725,40653],\"rated\":\"Rated battle\"}\n>player p1 {\"name\":\"Cha0s Khan\",\"avatar\":\"2\",\"rating\":1484,\"seed\":[42730,41783,34102,18797]}\n>player p2 {\"name\":\"Pokeboobowl\",\"avatar\":\"battlegirl-gen4\",\"rating\":1439,\"seed\":[16767,46409,30767,39736]}\n>p1 move earthquake\n>p2 switch 6\n>p1 move bodyslam\n>p2 move toxic\n>p1 move bodyslam\n>p2 move protect\n>p1 move bodyslam\n>p2 switch 5\n>p1 switch 6\n>p2 switch 5\n>p1 move spore\n>p2 move toxic\n>p1 switch 4\n>p2 move protect\n>p1 move clangoroussoul\n>p2 switch 5\n>p1 move clangingscales\n>p2 move shadowball\n>p1 move clangingscales\n>p2 move shadowball\n>p2 switch 2\n>p1 move clangingscales\n>p2 move shadowball\n>p1 switch 3\n>p1 move flamecharge terastallize\n>p2 move shadowball\n>p1 move slackoff\n>p2 move shadowball\n>p1 move flamecharge\n>p2 move recover\n>p1 move torchsong\n>p2 move shadowball\n>p2 switch 6\n>p1 move shadowball\n>p2 move terablast terastallize\n>p1 switch 4\n>p1 move rapidspin\n>p2 move fireblast\n>p1 move earthpower\n>p2 switch 5\n>p1 switch 2\n>p2 move wish\n>p1 move dragondance\n>p2 move toxic\n>p1 move dragondance\n>p2 move foulplay\n>forcelose p1", "uploadtime": 1732994196, "views": 1, "formatid": "gen9randombattle", "rating": 1461, "private": 0, "password": null}