{"id": "gen9randombattle-2254101237", "format": "[Gen 9] Random Battle", "players": ["Sealed Book", "pandemolde37"], "log": "|j|\u2606Sealed Book\n|j|\u2606pandemolde37\n|t:|1732991396\n|gametype|singles\n|player|p1|Sealed Book|lisia|1458\n|player|p2|pandemolde37|miku-ground|1406\n|teamsize|p1|6\n|teamsize|p2|6\n|gen|9\n|tier|[Gen 9] Random Battle\n|rated|\n|rule|Species Clause: Limit one of each Pok\u00e9mon\n|rule|HP Percentage Mod: HP is shown in percentages\n|rule|Sleep Clause Mod: Limit one foe put to sleep\n|rule|Illusion Level Mod: Illusion disguises the Pok\u00e9mon's true level\n|\n|t:|1732991396\n|start\n|switch|p1a: Weezing|Weezing-Galar, L86, F|252/252\n|switch|p2a: Poliwrath|Poliwrath, L88, M|302/302\n|turn|1\n|inactive|Battle timer is ON: inactive players will automatically lose when time's up. (requested by pandemolde37)\n|\n|t:|1732991412\n|move|p2a: Poliwrath|Knock Off|p1a: Weezing\n|-resisted|p1a: Weezing\n|-damage|p1a: Weezing|216/252\n|-enditem|p1a: Weezing|Leftovers|[from] move: Knock Off|[of] p2a: Poliwrath\n|-damage|p2a: Poliwrath|272/302|[from] item: Life Orb\n|move|p1a: Weezing|Strange Steam|p2a: Poliwrath\n|-supereffective|p2a: Poliwrath\n|-damage|p2a: Poliwrath|104/302\n|-start|p2a: Poliwrath|confusion\n|\n|upkeep\n|turn|2\n|\n|t:|1732991426\n|switch|p2a: Toedscruel|Toedscruel, L87, M|281/281\n|move|p1a: Weezing|Strange Steam|p2a: Toedscruel|[miss]\n|-miss|p1a: Weezing|p2a: Toedscruel\n|\n|upkeep\n|turn|3\n|\n|t:|1732991442\n|move|p2a: Toedscruel|Earth Power|p1a: Weezing\n|-immune|p1a: Weezing|[from] ability: Levitate\n|move|p1a: Weezing|Gunk Shot|p2a: Toedscruel\n|-damage|p2a: Toedscruel|130/281\n|\n|-heal|p2a: Toedscruel|147/281|[from] item: Leftovers\n|upkeep\n|turn|4\n|\n|t:|1732991458\n|switch|p2a: Sylveon|Sylveon, L85, M|300/300\n|move|p1a: Weezing|Gunk Shot|p2a: Sylveon|[miss]\n|-miss|p1a: Weezing|p2a: Sylveon\n|\n|upkeep\n|turn|5\n|\n|t:|1732991472\n|-terastallize|p2a: Sylveon|Steel\n|move|p1a: Weezing|Gunk Shot|p2a: Sylveon\n|-immune|p2a: Sylveon\n|move|p2a: Sylveon|Calm Mind|p2a: Sylveon\n|-boost|p2a: Sylveon|spa|1\n|-boost|p2a: Sylveon|spd|1\n|\n|upkeep\n|turn|6\n|c|\u2606Sealed Book|wow\n|\n|t:|1732991488\n|switch|p1a: Sandy Shocks|Sandy Shocks, L80|267/267\n|move|p2a: Sylveon|Calm Mind|p2a: Sylveon\n|-boost|p2a: Sylveon|spa|1\n|-boost|p2a: Sylveon|spd|1\n|\n|upkeep\n|turn|7\n|\n|t:|1732991493\n|move|p1a: Sandy Shocks|Thunder Wave|p2a: Sylveon\n|-status|p2a: Sylveon|par\n|move|p2a: Sylveon|Hyper Voice|p1a: Sandy Shocks\n|-damage|p1a: Sandy Shocks|6/267\n|\n|upkeep\n|turn|8\n|\n|t:|1732991506\n|move|p1a: Sandy Shocks|Earth Power|p2a: Sylveon\n|-supereffective|p2a: Sylveon\n|-damage|p2a: Sylveon|216/300 par\n|cant|p2a: Sylveon|par\n|\n|-heal|p2a: Sylveon|234/300 par|[from] item: Leftovers\n|upkeep\n|turn|9\n|\n|t:|1732991511\n|move|p1a: Sandy Shocks|Earth Power|p2a: Sylveon\n|-supereffective|p2a: Sylveon\n|-damage|p2a: Sylveon|150/300 par\n|move|p2a: Sylveon|Wish|p2a: Sylveon\n|\n|-heal|p2a: Sylveon|168/300 par|[from] item: Leftovers\n|upkeep\n|turn|10\n|\n|t:|1732991517\n|move|p1a: Sandy Shocks|Earth Power|p2a: Sylveon\n|-supereffective|p2a: Sylveon\n|-damage|p2a: Sylveon|90/300 par\n|move|p2a: Sylveon|Hyper Voice|p1a: Sandy Shocks\n|-damage|p1a: Sandy Shocks|0 fnt\n|faint|p1a: Sandy Shocks\n|-end|p1a: Sandy Shocks|Protosynthesis|[silent]\n|\n|-heal|p2a: Sylveon|240/300 par|[from] move: Wish|[wisher] Sylveon\n|-heal|p2a: Sylveon|258/300 par|[from] item: Leftovers\n|upkeep\n|\n|t:|1732991520\n|switch|p1a: Mudsdale|Mudsdale, L84, F|305/305\n|turn|11\n|\n|t:|1732991533\n|move|p1a: Mudsdale|Earthquake|p2a: Sylveon\n|-supereffective|p2a: Sylveon\n|-damage|p2a: Sylveon|0 fnt\n|faint|p2a: Sylveon\n|\n|upkeep\n|\n|t:|1732991537\n|switch|p2a: Virizion|Virizion, L82|283/283\n|turn|12\n|\n|t:|1732991552\n|switch|p1a: Weezing|Weezing-Galar, L86, F|216/252\n|move|p2a: Virizion|Swords Dance|p2a: Virizion\n|-boost|p2a: Virizion|atk|2\n|\n|upkeep\n|turn|13\n|\n|t:|1732991570\n|move|p2a: Virizion|Stone Edge|p1a: Weezing\n|-damage|p1a: Weezing|95/252\n|-damage|p2a: Virizion|255/283|[from] item: Life Orb\n|move|p1a: Weezing|Gunk Shot|p2a: Virizion\n|-supereffective|p2a: Virizion\n|-damage|p2a: Virizion|0 fnt\n|faint|p2a: Virizion\n|\n|upkeep\n|\n|t:|1732991583\n|switch|p2a: Poliwrath|Poliwrath, L88, M|104/302\n|turn|14\n|\n|t:|1732991605\n|move|p2a: Poliwrath|Liquidation|p1a: Weezing\n|-damage|p1a: Weezing|0 fnt\n|faint|p1a: Weezing\n|-damage|p2a: Poliwrath|74/302|[from] item: Life Orb\n|\n|upkeep\n|\n|t:|1732991615\n|switch|p1a: Arceus|Arceus-Ice, L72|291/291\n|turn|15\n|\n|t:|1732991621\n|move|p1a: Arceus|Thunderbolt|p2a: Poliwrath\n|-supereffective|p2a: Poliwrath\n|-crit|p2a: Poliwrath\n|-damage|p2a: Poliwrath|0 fnt\n|faint|p2a: Poliwrath\n|\n|upkeep\n|\n|t:|1732991633\n|switch|p2a: Maushold|Maushold-Four, L76|238/238\n|turn|16\n|\n|t:|1732991640\n|move|p1a: Arceus|Judgment|p2a: Maushold\n|-damage|p2a: Maushold|111/238\n|move|p2a: Maushold|Tidy Up|p2a: Maushold\n|-boost|p2a: Maushold|atk|1\n|-boost|p2a: Maushold|spe|1\n|\n|upkeep\n|turn|17\n|\n|t:|1732991647\n|move|p2a: Maushold|Population Bomb|p1a: Arceus\n|-damage|p1a: Arceus|261/291\n|-damage|p1a: Arceus|228/291\n|-damage|p1a: Arceus|198/291\n|-damage|p1a: Arceus|168/291\n|-damage|p1a: Arceus|138/291\n|-damage|p1a: Arceus|105/291\n|-damage|p1a: Arceus|77/291\n|-damage|p1a: Arceus|46/291\n|-crit|p1a: Arceus\n|-damage|p1a: Arceus|3/291\n|-damage|p1a: Arceus|0 fnt\n|faint|p1a: Arceus\n|-hitcount|p1: Arceus|10\n|\n|upkeep\n|\n|t:|1732991650\n|switch|p1a: Mudsdale|Mudsdale, L84, F|305/305\n|turn|18\n|\n|t:|1732991667\n|move|p2a: Maushold|Population Bomb|p1a: Mudsdale\n|-damage|p1a: Mudsdale|277/305\n|-ability|p1a: Mudsdale|Stamina|boost\n|-boost|p1a: Mudsdale|def|1\n|-damage|p1a: Mudsdale|256/305\n|-ability|p1a: Mudsdale|Stamina|boost\n|-boost|p1a: Mudsdale|def|1\n|-damage|p1a: Mudsdale|241/305\n|-ability|p1a: Mudsdale|Stamina|boost\n|-boost|p1a: Mudsdale|def|1\n|-damage|p1a: Mudsdale|226/305\n|-ability|p1a: Mudsdale|Stamina|boost\n|-boost|p1a: Mudsdale|def|1\n|-damage|p1a: Mudsdale|214/305\n|-ability|p1a: Mudsdale|Stamina|boost\n|-boost|p1a: Mudsdale|def|1\n|-damage|p1a: Mudsdale|204/305\n|-ability|p1a: Mudsdale|Stamina|boost\n|-boost|p1a: Mudsdale|def|1\n|-damage|p1a: Mudsdale|195/305\n|-damage|p1a: Mudsdale|186/305\n|-crit|p1a: Mudsdale\n|-damage|p1a: Mudsdale|138/305\n|-crit|p1a: Mudsdale\n|-damage|p1a: Mudsdale|90/305\n|-hitcount|p1a: Mudsdale|10\n|move|p1a: Mudsdale|Earthquake|p2a: Maushold\n|-damage|p2a: Maushold|0 fnt\n|faint|p2a: Maushold\n|\n|-heal|p1a: Mudsdale|109/305|[from] item: Leftovers\n|upkeep\n|\n|t:|1732991677\n|switch|p2a: Toedscruel|Toedscruel, L87, M|147/281\n|turn|19\n|c|\u2606Sealed Book|2 crits\n|c|\u2606Sealed Book|lmfao\n|c|\u2606Sealed Book|and the last ones\n|c|\u2606Sealed Book|rigged asf\n|\n|t:|1732991695\n|move|p2a: Toedscruel|Giga Drain|p1a: Mudsdale\n|-supereffective|p1a: Mudsdale\n|-damage|p1a: Mudsdale|0 fnt\n|-heal|p2a: Toedscruel|202/281|[from] drain|[of] p1a: Mudsdale\n|faint|p1a: Mudsdale\n|\n|-heal|p2a: Toedscruel|219/281|[from] item: Leftovers\n|upkeep\n|\n|t:|1732991697\n|switch|p1a: Weavile|Weavile, L79, M|240/240\n|turn|20\n|\n|t:|1732991704\n|move|p1a: Weavile|Triple Axel|p2a: Toedscruel\n|-supereffective|p2a: Toedscruel\n|-damage|p2a: Toedscruel|107/281\n|-supereffective|p2a: Toedscruel\n|-damage|p2a: Toedscruel|0 fnt\n|faint|p2a: Toedscruel\n|-hitcount|p2: Toedscruel|2\n|\n|upkeep\n|\n|t:|1732991706\n|switch|p2a: Raging Bolt|Raging Bolt, L78|323/323\n|turn|21\n|\n|t:|1732991711\n|move|p2a: Raging Bolt|Thunderclap|p1a: Weavile\n|-damage|p1a: Weavile|140/240\n|move|p1a: Weavile|Triple Axel|p2a: Raging Bolt\n|-supereffective|p2a: Raging Bolt\n|-damage|p2a: Raging Bolt|273/323\n|-supereffective|p2a: Raging Bolt\n|-damage|p2a: Raging Bolt|175/323\n|-supereffective|p2a: Raging Bolt\n|-damage|p2a: Raging Bolt|23/323\n|-hitcount|p2a: Raging Bolt|3\n|\n|-heal|p2a: Raging Bolt|43/323|[from] item: Leftovers\n|upkeep\n|turn|22\n|\n|t:|1732991717\n|move|p1a: Weavile|Ice Shard|p2a: Raging Bolt\n|-supereffective|p2a: Raging Bolt\n|-damage|p2a: Raging Bolt|0 fnt\n|faint|p2a: Raging Bolt\n|-end|p2a: Raging Bolt|Protosynthesis|[silent]\n|\n|win|Sealed Book\n|raw|Sealed Book's rating: 1458 &rarr; <strong>1475</strong><br />(+17 for winning)\n|raw|pandemolde37's rating: 1406 &rarr; <strong>1389</strong><br />(-17 for losing)\n|l|\u2606pandemolde37\n|player|p2|\n|c|\u2606Sealed Book|25 wins - 5 loses\n", "inputlog": ">version b107d77f5c90bd6555267ae244a6264823309ead\n>start {\"formatid\":\"gen9randombattle\",\"seed\":[53886,26626,23119,36430],\"rated\":\"Rated battle\"}\n>player p1 {\"name\":\"Sealed Book\",\"avatar\":\"lisia\",\"rating\":1458,\"seed\":[36845,61929,18457,37331]}\n>player p2 {\"name\":\"pandemolde37\",\"avatar\":\"miku-ground\",\"rating\":1406,\"seed\":[63281,36345,3847,61774]}\n>p1 move strangesteam\n>p2 move knockoff\n>p1 move strangesteam\n>p2 switch 6\n>p1 move gunkshot\n>p2 move earthpower\n>p1 move gunkshot\n>p2 switch 3\n>p1 move gunkshot\n>p2 move calmmind terastallize\n>chat \u2606Sealed Book|wow\n>p1 switch 3\n>p2 move calmmind\n>p1 move thunderwave\n>p2 move hypervoice\n>p1 move earthpower\n>p2 move hypervoice\n>p1 move earthpower\n>p2 move wish\n>p1 move earthpower\n>p2 move hypervoice\n>p1 switch 4\n>p1 move earthquake\n>p2 move hypervoice\n>p2 switch 2\n>p1 switch 3\n>p2 move swordsdance\n>p1 move gunkshot\n>p2 move stoneedge\n>p2 switch 6\n>p1 move strangesteam\n>p2 move liquidation\n>p1 switch 5\n>p1 move thunderbolt\n>p2 move closecombat\n>p2 switch 5\n>p1 move judgment\n>p2 move tidyup\n>p1 move judgment\n>p2 move populationbomb\n>p1 switch 3\n>p1 move earthquake\n>p2 move populationbomb\n>p2 switch 3\n>chat \u2606Sealed Book|2 crits\n>chat \u2606Sealed Book|lmfao\n>chat \u2606Sealed Book|and the last ones\n>chat \u2606Sealed Book|rigged asf\n>p1 move bodypress\n>p2 move gigadrain\n>p1 switch 2\n>p1 move tripleaxel\n>p2 move toxic\n>p2 switch 4\n>p1 move tripleaxel\n>p2 move thunderclap\n>p1 move iceshard\n>p2 move thunderclap", "uploadtime": 1732991727, "views": 1, "formatid": "gen9randombattle", "rating": 1389, "private": 0, "password": null}