{"id": "gen9randombattle-2253891458", "format": "[Gen 9] Random Battle", "players": ["JuanjoNHAF", "BillyBoBaggins"], "log": "|j|\u2606JuanjoNHAF\n|j|\u2606BillyBoBaggins\n|t:|1732957629\n|gametype|singles\n|player|p1|JuanjoNHAF|102|1728\n|player|p2|BillyBoBaggins|lance|1683\n|teamsize|p1|6\n|teamsize|p2|6\n|gen|9\n|tier|[Gen 9] Random Battle\n|rated|\n|rule|Species Clause: Limit one of each Pok\u00e9mon\n|rule|HP Percentage Mod: HP is shown in percentages\n|rule|Sleep Clause Mod: Limit one foe put to sleep\n|rule|Illusion Level Mod: Illusion disguises the Pok\u00e9mon's true level\n|\n|t:|1732957629\n|start\n|switch|p1a: Iron Jugulis|Iron Jugulis, L78|275/275\n|switch|p2a: Slowking|Slowking, L88, F|310/310\n|turn|1\n|inactive|Battle timer is ON: inactive players will automatically lose when time's up. (requested by BillyBoBaggins)\n|\n|t:|1732957643\n|move|p1a: Iron Jugulis|Dark Pulse|p2a: Slowking\n|-supereffective|p2a: Slowking\n|-damage|p2a: Slowking|76/310\n|move|p2a: Slowking|Thunder Wave|p1a: Iron Jugulis\n|-status|p1a: Iron Jugulis|par\n|\n|-heal|p2a: Slowking|95/310|[from] item: Leftovers\n|upkeep\n|turn|2\n|\n|t:|1732957661\n|switch|p2a: Roaring Moon|Roaring Moon, L72|270/270\n|move|p1a: Iron Jugulis|Dark Pulse|p2a: Roaring Moon\n|-resisted|p2a: Roaring Moon\n|-damage|p2a: Roaring Moon|207/270\n|\n|upkeep\n|turn|3\n|\n|t:|1732957671\n|-end|p1a: Iron Jugulis|Quark Drive|[silent]\n|switch|p1a: Grimmsnarl|Grimmsnarl, L83, M|293/293\n|move|p2a: Roaring Moon|Knock Off|p1a: Grimmsnarl\n|-resisted|p1a: Grimmsnarl\n|-damage|p1a: Grimmsnarl|248/293\n|-enditem|p1a: Grimmsnarl|Light Clay|[from] move: Knock Off|[of] p2a: Roaring Moon\n|\n|upkeep\n|turn|4\n|\n|t:|1732957696\n|-end|p2a: Roaring Moon|Protosynthesis|[silent]\n|switch|p2a: Dugtrio|Dugtrio-Alola, L84, F|196/196\n|move|p1a: Grimmsnarl|Spirit Break|p2a: Dugtrio\n|-resisted|p2a: Dugtrio\n|-damage|p2a: Dugtrio|132/196\n|-unboost|p2a: Dugtrio|spa|1\n|-ability|p2a: Dugtrio|Tangling Hair\n|-unboost|p1a: Grimmsnarl|spe|1\n|\n|upkeep\n|turn|5\n|\n|t:|1732957712\n|switch|p1a: Slither Wing|Slither Wing, L81|270/270\n|move|p2a: Dugtrio|Swords Dance|p2a: Dugtrio\n|-boost|p2a: Dugtrio|atk|2\n|\n|upkeep\n|turn|6\n|\n|t:|1732957725\n|move|p1a: Slither Wing|Close Combat|p2a: Dugtrio\n|-supereffective|p2a: Dugtrio\n|-damage|p2a: Dugtrio|0 fnt\n|-unboost|p1a: Slither Wing|def|1\n|-unboost|p1a: Slither Wing|spd|1\n|-ability|p2a: Dugtrio|Tangling Hair\n|-unboost|p1a: Slither Wing|spe|1\n|faint|p2a: Dugtrio\n|\n|upkeep\n|inactive|BillyBoBaggins has 120 seconds left.\n|\n|t:|1732957746\n|switch|p2a: Slowking|Slowking, L88, F|198/310\n|turn|7\n|inactive|BillyBoBaggins has 120 seconds left.\n|\n|t:|1732957754\n|-end|p1a: Slither Wing|Protosynthesis|[silent]\n|switch|p1a: Iron Jugulis|Iron Jugulis, L78|275/275 par\n|move|p2a: Slowking|Scald|p1a: Iron Jugulis\n|-damage|p1a: Iron Jugulis|172/275 par\n|\n|-heal|p2a: Slowking|217/310|[from] item: Leftovers\n|upkeep\n|turn|8\n|\n|t:|1732957764\n|switch|p2a: Roaring Moon|Roaring Moon, L72|207/270\n|move|p1a: Iron Jugulis|U-turn|p2a: Roaring Moon\n|-supereffective|p2a: Roaring Moon\n|-damage|p2a: Roaring Moon|109/270\n|\n|t:|1732957773\n|-end|p1a: Iron Jugulis|Quark Drive|[silent]\n|switch|p1a: Slither Wing|Slither Wing, L81|270/270|[from] U-turn\n|\n|upkeep\n|turn|9\n|\n|t:|1732957784\n|-end|p2a: Roaring Moon|Protosynthesis|[silent]\n|switch|p2a: Electivire|Electivire, L84, F|263/263\n|move|p1a: Slither Wing|U-turn|p2a: Electivire\n|-damage|p2a: Electivire|145/263\n|\n|t:|1732957788\n|-end|p1a: Slither Wing|Protosynthesis|[silent]\n|switch|p1a: Serperior|Serperior, L79, M|248/248|[from] U-turn\n|\n|upkeep\n|turn|10\n|\n|t:|1732957807\n|move|p1a: Serperior|Leaf Storm|p2a: Electivire\n|-damage|p2a: Electivire|15/263\n|-boost|p1a: Serperior|spa|2\n|-damage|p1a: Serperior|224/248|[from] item: Life Orb\n|move|p2a: Electivire|Volt Switch|p1a: Serperior\n|-resisted|p1a: Serperior\n|-damage|p1a: Serperior|177/248\n|-damage|p2a: Electivire|0 fnt|[from] item: Life Orb\n|faint|p2a: Electivire\n|\n|upkeep\n|\n|t:|1732957813\n|switch|p2a: Iron Jugulis|Iron Jugulis, L78|275/275\n|turn|11\n|\n|t:|1732957833\n|move|p1a: Serperior|Dragon Pulse|p2a: Iron Jugulis\n|-damage|p2a: Iron Jugulis|141/275\n|-damage|p1a: Serperior|153/248|[from] item: Life Orb\n|move|p2a: Iron Jugulis|Hurricane|p1a: Serperior|[miss]\n|-miss|p2a: Iron Jugulis|p1a: Serperior\n|\n|upkeep\n|turn|12\n|\n|t:|1732957841\n|move|p1a: Serperior|Leaf Storm|p2a: Iron Jugulis\n|-resisted|p2a: Iron Jugulis\n|-damage|p2a: Iron Jugulis|0 fnt\n|-boost|p1a: Serperior|spa|2\n|faint|p2a: Iron Jugulis\n|-end|p2a: Iron Jugulis|Quark Drive|[silent]\n|-damage|p1a: Serperior|129/248|[from] item: Life Orb\n|\n|upkeep\n|\n|t:|1732957850\n|switch|p2a: Serperior|Serperior, L79, F|248/248\n|turn|13\n|\n|t:|1732957860\n|-terastallize|p2a: Serperior|Fire\n|move|p2a: Serperior|Tera Blast|p1a: Serperior|[anim] Tera Blast Fire\n|-supereffective|p1a: Serperior\n|-damage|p1a: Serperior|1/248\n|move|p1a: Serperior|Glare|p2a: Serperior\n|-status|p2a: Serperior|par\n|\n|upkeep\n|turn|14\n|\n|t:|1732957873\n|move|p1a: Serperior|Leaf Storm|p2a: Serperior\n|-resisted|p2a: Serperior\n|-damage|p2a: Serperior|58/248 par\n|-boost|p1a: Serperior|spa|2\n|-damage|p1a: Serperior|0 fnt|[from] item: Life Orb\n|faint|p1a: Serperior\n|cant|p2a: Serperior|par\n|\n|-heal|p2a: Serperior|73/248 par|[from] item: Leftovers\n|upkeep\n|-message|BillyBoBaggins forfeited.\n|\n|win|JuanjoNHAF\n|raw|JuanjoNHAF's rating: 1728 &rarr; <strong>1745</strong><br />(+17 for winning)\n|raw|BillyBoBaggins's rating: 1683 &rarr; <strong>1666</strong><br />(-17 for losing)\n|l|\u2606BillyBoBaggins\n|player|p2|\n", "inputlog": ">version b107d77f5c90bd6555267ae244a6264823309ead\n>start {\"formatid\":\"gen9randombattle\",\"seed\":[50220,28359,38265,62801],\"rated\":\"Rated battle\"}\n>player p1 {\"name\":\"JuanjoNHAF\",\"avatar\":\"102\",\"rating\":1728,\"seed\":[53135,8575,20709,41135]}\n>player p2 {\"name\":\"BillyBoBaggins\",\"avatar\":\"lance\",\"rating\":1683,\"seed\":[10133,12715,14037,56472]}\n>p1 move darkpulse\n>p2 move thunderwave\n>p1 move darkpulse\n>p2 switch 2\n>p1 switch 3\n>p2 move knockoff\n>p1 move spiritbreak\n>p2 switch 3\n>p1 switch 5\n>p2 move swordsdance\n>p1 move closecombat\n>p2 move stoneedge\n>p2 switch 2\n>p1 switch 3\n>p2 move scald\n>p1 move uturn\n>p2 switch 3\n>p1 switch 3\n>p1 move uturn\n>p2 switch 6\n>p1 switch 6\n>p1 move leafstorm\n>p2 move voltswitch\n>p2 switch 4\n>p1 move dragonpulse\n>p2 move hurricane\n>p1 move leafstorm\n>p2 move hurricane\n>p2 switch 5\n>p1 move glare\n>p2 move terablast terastallize\n>p1 move leafstorm\n>p2 move leafstorm\n>forcelose p2", "uploadtime": 1732957885, "views": 2, "formatid": "gen9randombattle", "rating": 1666, "private": 0, "password": null}