{"id": "gen9randombattle-2254029205", "format": "[Gen 9] Random Battle", "players": ["austraz", "fibelter"], "log": "|j|\u2606austraz\n|j|\u2606fibelter\n|t:|1732982180\n|gametype|singles\n|player|p1|austraz|jupiter|2089\n|player|p2|fibelter|266|2111\n|teamsize|p1|6\n|teamsize|p2|6\n|gen|9\n|tier|[Gen 9] Random Battle\n|rated|\n|rule|Species Clause: Limit one of each Pok\u00e9mon\n|rule|HP Percentage Mod: HP is shown in percentages\n|rule|Sleep Clause Mod: Limit one foe put to sleep\n|rule|Illusion Level Mod: Illusion disguises the Pok\u00e9mon's true level\n|\n|t:|1732982180\n|start\n|switch|p1a: Ursaluna|Ursaluna-Bloodmoon, L79, M|308/308\n|switch|p2a: Basculin|Basculin, L86, M|261/261\n|turn|1\n|\n|t:|1732982195\n|switch|p1a: Keldeo|Keldeo-Resolute, L79|273/273\n|move|p2a: Basculin|Flip Turn|p1a: Keldeo\n|-resisted|p1a: Keldeo\n|-damage|p1a: Keldeo|203/273\n|\n|t:|1732982212\n|switch|p2a: Whimsicott|Whimsicott, L85, F|241/241|[from] Flip Turn\n|\n|upkeep\n|turn|2\n|\n|t:|1732982221\n|switch|p1a: Rotom|Rotom-Frost, L87|229/229\n|move|p2a: Whimsicott|Substitute|p2a: Whimsicott\n|-start|p2a: Whimsicott|Substitute\n|-damage|p2a: Whimsicott|181/241\n|\n|-heal|p2a: Whimsicott|196/241|[from] item: Leftovers\n|upkeep\n|turn|3\n|\n|t:|1732982226\n|move|p2a: Whimsicott|Leech Seed|p1a: Rotom\n|-start|p1a: Rotom|move: Leech Seed\n|move|p1a: Rotom|Blizzard|p2a: Whimsicott|[miss]\n|-miss|p1a: Rotom|p2a: Whimsicott\n|\n|-heal|p2a: Whimsicott|211/241|[from] item: Leftovers\n|-damage|p1a: Rotom|201/229|[from] Leech Seed|[of] p2a: Whimsicott\n|-heal|p2a: Whimsicott|239/241|[silent]\n|upkeep\n|turn|4\n|\n|t:|1732982229\n|move|p2a: Whimsicott|Moonblast|p1a: Rotom\n|-damage|p1a: Rotom|134/229\n|-unboost|p1a: Rotom|spa|1\n|move|p1a: Rotom|Blizzard|p2a: Whimsicott\n|-supereffective|p2a: Whimsicott\n|-end|p2a: Whimsicott|Substitute\n|\n|-heal|p2a: Whimsicott|241/241|[from] item: Leftovers\n|-damage|p1a: Rotom|106/229|[from] Leech Seed|[of] p2a: Whimsicott\n|upkeep\n|turn|5\n|\n|t:|1732982238\n|switch|p1a: Ninetales|Ninetales-Alola, L78, F|242/242\n|-weather|Snow|[from] ability: Snow Warning|[of] p1a: Ninetales\n|move|p2a: Whimsicott|Substitute|p2a: Whimsicott\n|-start|p2a: Whimsicott|Substitute\n|-damage|p2a: Whimsicott|181/241\n|\n|-weather|Snow|[upkeep]\n|-heal|p2a: Whimsicott|196/241|[from] item: Leftovers\n|upkeep\n|turn|6\n|\n|t:|1732982242\n|move|p2a: Whimsicott|Leech Seed|p1a: Ninetales\n|-start|p1a: Ninetales|move: Leech Seed\n|move|p1a: Ninetales|Blizzard|p2a: Whimsicott\n|-supereffective|p2a: Whimsicott\n|-end|p2a: Whimsicott|Substitute\n|\n|-weather|Snow|[upkeep]\n|-heal|p2a: Whimsicott|211/241|[from] item: Leftovers\n|-damage|p1a: Ninetales|212/242|[from] Leech Seed|[of] p2a: Whimsicott\n|-heal|p2a: Whimsicott|241/241|[silent]\n|upkeep\n|turn|7\n|\n|t:|1732982251\n|switch|p1a: Rotom|Rotom-Frost, L87|106/229\n|move|p2a: Whimsicott|Substitute|p2a: Whimsicott\n|-start|p2a: Whimsicott|Substitute\n|-damage|p2a: Whimsicott|181/241\n|\n|-weather|Snow|[upkeep]\n|-heal|p2a: Whimsicott|196/241|[from] item: Leftovers\n|upkeep\n|turn|8\n|\n|t:|1732982260\n|move|p2a: Whimsicott|Moonblast|p1a: Rotom\n|-damage|p1a: Rotom|34/229\n|move|p1a: Rotom|Blizzard|p2a: Whimsicott\n|-supereffective|p2a: Whimsicott\n|-end|p2a: Whimsicott|Substitute\n|\n|-weather|Snow|[upkeep]\n|-heal|p2a: Whimsicott|211/241|[from] item: Leftovers\n|upkeep\n|turn|9\n|\n|t:|1732982264\n|move|p2a: Whimsicott|Substitute|p2a: Whimsicott\n|-start|p2a: Whimsicott|Substitute\n|-damage|p2a: Whimsicott|151/241\n|move|p1a: Rotom|Blizzard|p2a: Whimsicott\n|-supereffective|p2a: Whimsicott\n|-end|p2a: Whimsicott|Substitute\n|\n|-weather|none\n|-heal|p2a: Whimsicott|166/241|[from] item: Leftovers\n|upkeep\n|turn|10\n|\n|t:|1732982271\n|move|p2a: Whimsicott|Moonblast|p1a: Rotom\n|-damage|p1a: Rotom|0 fnt\n|faint|p1a: Rotom\n|\n|-heal|p2a: Whimsicott|181/241|[from] item: Leftovers\n|upkeep\n|\n|t:|1732982273\n|switch|p1a: Ninetales|Ninetales-Alola, L78, F|212/242\n|-weather|Snow|[from] ability: Snow Warning|[of] p1a: Ninetales\n|turn|11\n|\n|t:|1732982280\n|switch|p2a: Ditto|Ditto, L87|225/225\n|-transform|p2a: Ditto|p1a: Ninetales|[from] ability: Imposter\n|move|p1a: Ninetales|Blizzard|p2a: Ditto\n|-resisted|p2a: Ditto\n|-damage|p2a: Ditto|182/225\n|\n|-weather|Snow|[upkeep]\n|upkeep\n|turn|12\n|\n|t:|1732982284\n|move|p2a: Ditto|Aurora Veil|p2a: Ditto\n|-sidestart|p2: fibelter|move: Aurora Veil\n|move|p1a: Ninetales|Aurora Veil|p1a: Ninetales\n|-sidestart|p1: austraz|move: Aurora Veil\n|\n|-weather|Snow|[upkeep]\n|upkeep\n|turn|13\n|\n|t:|1732982293\n|switch|p2a: Basculin|Basculin, L86, M|261/261\n|move|p1a: Ninetales|Nasty Plot|p1a: Ninetales\n|-boost|p1a: Ninetales|spa|2\n|\n|-weather|Snow|[upkeep]\n|upkeep\n|turn|14\n|\n|t:|1732982309\n|move|p2a: Basculin|Flip Turn|p1a: Ninetales\n|-damage|p1a: Ninetales|157/242\n|\n|t:|1732982311\n|switch|p2a: Ditto|Ditto, L87|182/225|[from] Flip Turn\n|-transform|p2a: Ditto|p1a: Ninetales|[from] ability: Imposter\n|move|p1a: Ninetales|Moonblast|p2a: Ditto\n|-damage|p2a: Ditto|104/225\n|\n|-weather|Snow|[upkeep]\n|upkeep\n|turn|15\n|\n|t:|1732982319\n|move|p2a: Ditto|Moonblast|p1a: Ninetales\n|-damage|p1a: Ninetales|81/242\n|move|p1a: Ninetales|Moonblast|p2a: Ditto\n|-damage|p2a: Ditto|33/225\n|\n|-weather|none\n|upkeep\n|turn|16\n|\n|t:|1732982325\n|move|p2a: Ditto|Moonblast|p1a: Ninetales\n|-damage|p1a: Ninetales|6/242\n|move|p1a: Ninetales|Moonblast|p2a: Ditto\n|-damage|p2a: Ditto|0 fnt\n|faint|p2a: Ditto\n|\n|-sideend|p2: fibelter|move: Aurora Veil\n|upkeep\n|\n|t:|1732982333\n|switch|p2a: Whimsicott|Whimsicott, L85, F|181/241\n|turn|17\n|\n|t:|1732982346\n|switch|p1a: Rabsca|Rabsca, L91, M|284/284\n|move|p2a: Whimsicott|Moonblast|p1a: Rabsca\n|-damage|p1a: Rabsca|250/284\n|-unboost|p1a: Rabsca|spa|1\n|\n|-heal|p2a: Whimsicott|196/241|[from] item: Leftovers\n|upkeep\n|turn|18\n|\n|t:|1732982355\n|move|p2a: Whimsicott|Leech Seed|p1a: Rabsca\n|-start|p1a: Rabsca|move: Leech Seed\n|move|p1a: Rabsca|Bug Buzz|p2a: Whimsicott\n|-damage|p2a: Whimsicott|100/241\n|-unboost|p2a: Whimsicott|spd|1\n|\n|-heal|p2a: Whimsicott|115/241|[from] item: Leftovers\n|-damage|p1a: Rabsca|215/284|[from] Leech Seed|[of] p2a: Whimsicott\n|-heal|p2a: Whimsicott|150/241|[silent]\n|upkeep\n|turn|19\n|\n|t:|1732982373\n|switch|p2a: Rayquaza|Rayquaza, L72|270/270\n|-ability|p2a: Rayquaza|Air Lock\n|switch|p1a: Keldeo|Keldeo-Resolute, L79|203/273\n|\n|-sideend|p1: austraz|move: Aurora Veil\n|upkeep\n|turn|20\n|\n|t:|1732982384\n|move|p1a: Keldeo|Air Slash|p2a: Rayquaza\n|-damage|p2a: Rayquaza|197/270\n|cant|p2a: Rayquaza|flinch\n|\n|upkeep\n|turn|21\n|\n|t:|1732982387\n|move|p1a: Keldeo|Air Slash|p2a: Rayquaza\n|-damage|p2a: Rayquaza|130/270\n|cant|p2a: Rayquaza|flinch\n|\n|upkeep\n|turn|22\n|\n|t:|1732982390\n|move|p1a: Keldeo|Air Slash|p2a: Rayquaza\n|-damage|p2a: Rayquaza|67/270\n|cant|p2a: Rayquaza|flinch\n|\n|upkeep\n|turn|23\n|\n|t:|1732982398\n|-terastallize|p2a: Rayquaza|Steel\n|move|p1a: Keldeo|Air Slash|p2a: Rayquaza\n|-resisted|p2a: Rayquaza\n|-damage|p2a: Rayquaza|33/270\n|move|p2a: Rayquaza|Dragon Ascent|p1a: Keldeo\n|-supereffective|p1a: Keldeo\n|-damage|p1a: Keldeo|0 fnt\n|-unboost|p2a: Rayquaza|def|1\n|-unboost|p2a: Rayquaza|spd|1\n|faint|p1a: Keldeo\n|\n|upkeep\n|\n|t:|1732982412\n|switch|p1a: Ninetales|Ninetales-Alola, L78, F|6/242\n|-weather|Snow|[from] ability: Snow Warning|[of] p1a: Ninetales\n|turn|24\n|\n|t:|1732982417\n|move|p1a: Ninetales|Moonblast|p2a: Rayquaza\n|-resisted|p2a: Rayquaza\n|-crit|p2a: Rayquaza\n|-damage|p2a: Rayquaza|0 fnt\n|faint|p2a: Rayquaza\n|\n|-weather|Snow|[upkeep]\n|upkeep\n|\n|t:|1732982423\n|switch|p2a: Basculin|Basculin, L86, M|261/261\n|turn|25\n|\n|t:|1732982429\n|move|p2a: Basculin|Wave Crash|p1a: Ninetales\n|-damage|p1a: Ninetales|0 fnt\n|faint|p1a: Ninetales\n|-damage|p2a: Basculin|259/261|[from] Recoil\n|\n|-weather|Snow|[upkeep]\n|upkeep\n|\n|t:|1732982452\n|switch|p1a: Ursaluna|Ursaluna-Bloodmoon, L79, M|308/308\n|turn|26\n|\n|t:|1732982461\n|switch|p2a: Whimsicott|Whimsicott, L85, F|150/241\n|-terastallize|p1a: Ursaluna|Ghost\n|move|p1a: Ursaluna|Blood Moon|p2a: Whimsicott\n|-damage|p2a: Whimsicott|0 fnt\n|faint|p2a: Whimsicott\n|\n|-weather|Snow|[upkeep]\n|upkeep\n|\n|t:|1732982468\n|switch|p2a: Gumshoos|Gumshoos, L95, F|321/321\n|turn|27\n|\n|t:|1732982473\n|switch|p1a: Arceus|Arceus-Fighting, L70|284/284\n|move|p2a: Gumshoos|Knock Off|p1a: Arceus\n|-resisted|p1a: Arceus\n|-damage|p1a: Arceus|199/284\n|\n|-weather|Snow|[upkeep]\n|upkeep\n|turn|28\n|\n|t:|1732982484\n|switch|p2a: Zapdos|Zapdos-Galar, L77|265/265\n|move|p1a: Arceus|Iron Defense|p1a: Arceus\n|-boost|p1a: Arceus|def|2\n|\n|-weather|none\n|upkeep\n|turn|29\n|\n|t:|1732982491\n|move|p2a: Zapdos|Brave Bird|p1a: Arceus\n|-supereffective|p1a: Arceus\n|-damage|p1a: Arceus|67/284\n|-damage|p2a: Zapdos|221/265|[from] Recoil\n|move|p1a: Arceus|Recover|p1a: Arceus\n|-heal|p1a: Arceus|209/284\n|\n|upkeep\n|turn|30\n|\n|t:|1732982497\n|move|p2a: Zapdos|Brave Bird|p1a: Arceus\n|-supereffective|p1a: Arceus\n|-damage|p1a: Arceus|77/284\n|-damage|p2a: Zapdos|177/265|[from] Recoil\n|move|p1a: Arceus|Recover|p1a: Arceus\n|-heal|p1a: Arceus|219/284\n|\n|upkeep\n|turn|31\n|\n|t:|1732982502\n|move|p2a: Zapdos|Brave Bird|p1a: Arceus\n|-supereffective|p1a: Arceus\n|-damage|p1a: Arceus|103/284\n|-damage|p2a: Zapdos|139/265|[from] Recoil\n|move|p1a: Arceus|Recover|p1a: Arceus\n|-heal|p1a: Arceus|245/284\n|\n|upkeep\n|turn|32\n|\n|t:|1732982505\n|move|p2a: Zapdos|Brave Bird|p1a: Arceus\n|-supereffective|p1a: Arceus\n|-damage|p1a: Arceus|119/284\n|-damage|p2a: Zapdos|97/265|[from] Recoil\n|move|p1a: Arceus|Iron Defense|p1a: Arceus\n|-boost|p1a: Arceus|def|2\n|\n|upkeep\n|turn|33\n|\n|t:|1732982508\n|move|p2a: Zapdos|Brave Bird|p1a: Arceus\n|-supereffective|p1a: Arceus\n|-damage|p1a: Arceus|41/284\n|-damage|p2a: Zapdos|71/265|[from] Recoil\n|move|p1a: Arceus|Recover|p1a: Arceus\n|-heal|p1a: Arceus|183/284\n|\n|upkeep\n|turn|34\n|\n|t:|1732982510\n|move|p2a: Zapdos|Brave Bird|p1a: Arceus\n|-supereffective|p1a: Arceus\n|-damage|p1a: Arceus|97/284\n|-damage|p2a: Zapdos|43/265|[from] Recoil\n|move|p1a: Arceus|Recover|p1a: Arceus\n|-heal|p1a: Arceus|239/284\n|\n|upkeep\n|turn|35\n|\n|t:|1732982516\n|move|p2a: Zapdos|Brave Bird|p1a: Arceus\n|-supereffective|p1a: Arceus\n|-damage|p1a: Arceus|153/284\n|-damage|p2a: Zapdos|15/265|[from] Recoil\n|move|p1a: Arceus|Iron Defense|p1a: Arceus\n|-boost|p1a: Arceus|def|2\n|\n|upkeep\n|turn|36\n|\n|t:|1732982518\n|move|p2a: Zapdos|Brave Bird|p1a: Arceus\n|-supereffective|p1a: Arceus\n|-damage|p1a: Arceus|91/284\n|-damage|p2a: Zapdos|0 fnt|[from] Recoil\n|faint|p2a: Zapdos\n|move|p1a: Arceus|Recover|p1a: Arceus\n|-heal|p1a: Arceus|233/284\n|\n|upkeep\n|\n|t:|1732982521\n|switch|p2a: Gumshoos|Gumshoos, L95, F|321/321\n|turn|37\n|\n|t:|1732982525\n|move|p1a: Arceus|Body Press|p2a: Gumshoos\n|-supereffective|p2a: Gumshoos\n|-damage|p2a: Gumshoos|0 fnt\n|faint|p2a: Gumshoos\n|\n|upkeep\n|\n|t:|1732982527\n|switch|p2a: Basculin|Basculin, L86, M|259/261\n|turn|38\n|\n|t:|1732982528\n|move|p2a: Basculin|Wave Crash|p1a: Arceus\n|-damage|p1a: Arceus|167/284\n|-damage|p2a: Basculin|237/261|[from] Recoil\n|move|p1a: Arceus|Body Press|p2a: Basculin\n|-damage|p2a: Basculin|0 fnt\n|faint|p2a: Basculin\n|\n|win|austraz\n|raw|austraz's rating: 2089 &rarr; <strong>2110</strong><br />(+21 for winning)\n|raw|fibelter's rating: 2111 &rarr; <strong>2090</strong><br />(-21 for losing)\n|l|\u2606fibelter\n|player|p2|\n", "inputlog": ">version b107d77f5c90bd6555267ae244a6264823309ead\n>start {\"formatid\":\"gen9randombattle\",\"seed\":[16261,30535,17295,17043],\"rated\":\"Rated battle\"}\n>player p1 {\"name\":\"austraz\",\"avatar\":\"jupiter\",\"rating\":2089,\"seed\":[33703,31254,46241,6256]}\n>player p2 {\"name\":\"fibelter\",\"avatar\":\"266\",\"rating\":2111,\"seed\":[38781,34133,34796,48834]}\n>p1 switch 6\n>p2 move flipturn\n>p2 switch 2\n>p1 switch 4\n>p2 move substitute\n>p1 move blizzard\n>p2 move leechseed\n>p1 move blizzard\n>p2 move moonblast\n>p1 switch 3\n>p2 move substitute\n>p1 move blizzard\n>p2 move leechseed\n>p1 switch 3\n>p2 move substitute\n>p1 move blizzard\n>p2 move moonblast\n>p1 move blizzard\n>p2 move substitute\n>p1 move blizzard\n>p2 move moonblast\n>p1 switch 3\n>p1 move blizzard\n>p2 switch 3\n>p1 move auroraveil\n>p2 move auroraveil\n>p1 move nastyplot\n>p2 switch 2\n>p1 move moonblast\n>p2 move flipturn\n>p2 switch 2\n>p1 move moonblast\n>p2 move moonblast\n>p1 move moonblast\n>p2 move moonblast\n>p2 switch 3\n>p1 switch 5\n>p2 move moonblast\n>p1 move bugbuzz\n>p2 move leechseed\n>p1 switch 4\n>p2 switch 4\n>p1 move airslash\n>p2 move dragonascent\n>p1 move airslash\n>p2 move dragonascent\n>p1 move airslash\n>p2 move dragonascent\n>p1 move airslash\n>p2 move dragonascent terastallize\n>p1 switch 5\n>p1 move moonblast\n>p2 move earthquake\n>p2 switch 2\n>p1 move auroraveil\n>p2 move wavecrash\n>p1 switch 6\n>p1 move bloodmoon terastallize\n>p2 switch 4\n>p2 switch 5\n>p1 switch 2\n>p2 move knockoff\n>p1 move irondefense\n>p2 switch 6\n>p1 move recover\n>p2 move bravebird\n>p1 move recover\n>p2 move bravebird\n>p1 move recover\n>p2 move bravebird\n>p1 move irondefense\n>p2 move bravebird\n>p1 move recover\n>p2 move bravebird\n>p1 move recover\n>p2 move bravebird\n>p1 move irondefense\n>p2 move bravebird\n>p1 move recover\n>p2 move bravebird\n>p2 switch 6\n>p1 move bodypress\n>p2 move doubleedge\n>p2 switch 4\n>p1 move bodypress\n>p2 move wavecrash", "uploadtime": 1732982531, "views": 3, "formatid": "gen9randombattle", "rating": 2090, "private": 0, "password": null}