{"id": "gen9randombattle-2254061959", "format": "[Gen 9] Random Battle", "players": ["zfrails", "California"], "log": "|j|\u2606zfrails\n|j|\u2606California\n|t:|1732986473\n|gametype|singles\n|player|p1|zfrails|lucas|2020\n|player|p2|California|1|2065\n|teamsize|p1|6\n|teamsize|p2|6\n|gen|9\n|tier|[Gen 9] Random Battle\n|rated|\n|rule|Species Clause: Limit one of each Pok\u00e9mon\n|rule|HP Percentage Mod: HP is shown in percentages\n|rule|Sleep Clause Mod: Limit one foe put to sleep\n|rule|Illusion Level Mod: Illusion disguises the Pok\u00e9mon's true level\n|\n|t:|1732986473\n|start\n|switch|p1a: Hatterene|Hatterene, L85, F|236/236\n|switch|p2a: Ogerpon|Ogerpon-Wellspring, L76, F|247/247\n|turn|1\n|inactive|Battle timer is ON: inactive players will automatically lose when time's up. (requested by zfrails)\n|\n|t:|1732986493\n|switch|p1a: Hydrapple|Hydrapple, L83, F|312/312\n|move|p2a: Ogerpon|Wood Hammer|p1a: Hydrapple\n|-resisted|p1a: Hydrapple\n|-damage|p1a: Hydrapple|278/312\n|-damage|p2a: Ogerpon|236/247|[from] Recoil\n|\n|upkeep\n|turn|2\n|\n|t:|1732986519\n|switch|p2a: Toucannon|Toucannon, L88, F|284/284\n|move|p1a: Hydrapple|Dragon Tail|p2a: Toucannon|[miss]\n|-miss|p1a: Hydrapple|p2a: Toucannon\n|\n|upkeep\n|turn|3\n|\n|t:|1732986533\n|switch|p1a: Carbink|Carbink, L90|236/236\n|-singleturn|p2a: Toucannon|move: Beak Blast\n|move|p2a: Toucannon|Beak Blast|p1a: Carbink\n|-resisted|p1a: Carbink\n|-damage|p1a: Carbink|194/236\n|\n|upkeep\n|turn|4\n|\n|t:|1732986540\n|move|p2a: Toucannon|U-turn|p1a: Carbink\n|-resisted|p1a: Carbink\n|-damage|p1a: Carbink|173/236\n|\n|t:|1732986543\n|switch|p2a: Ogerpon|Ogerpon-Wellspring, L76, F|236/247|[from] U-turn\n|move|p1a: Carbink|Iron Defense|p1a: Carbink\n|-boost|p1a: Carbink|def|2\n|\n|upkeep\n|turn|5\n|\n|t:|1732986548\n|-terastallize|p1a: Carbink|Fighting\n|move|p2a: Ogerpon|Encore|p1a: Carbink\n|-start|p1a: Carbink|Encore\n|move|p1a: Carbink|Iron Defense|p1a: Carbink\n|-boost|p1a: Carbink|def|2\n|\n|upkeep\n|turn|6\n|\n|t:|1732986558\n|switch|p1a: Hydrapple|Hydrapple, L83, F|312/312\n|move|p2a: Ogerpon|Ivy Cudgel|p1a: Hydrapple|[anim] Ivy Cudgel Water\n|-resisted|p1a: Hydrapple\n|-damage|p1a: Hydrapple|287/312\n|\n|upkeep\n|turn|7\n|\n|t:|1732986566\n|switch|p2a: Deoxys|Deoxys-Defense, L84|221/221\n|-ability|p2a: Deoxys|Pressure\n|move|p1a: Hydrapple|Fickle Beam|p2a: Deoxys\n|-damage|p2a: Deoxys|157/221\n|\n|-heal|p2a: Deoxys|170/221|[from] item: Leftovers\n|upkeep\n|turn|8\n|\n|t:|1732986572\n|switch|p1a: Hatterene|Hatterene, L85, F|236/236\n|move|p2a: Deoxys|Night Shade|p1a: Hatterene\n|-damage|p1a: Hatterene|152/236\n|\n|-heal|p2a: Deoxys|183/221|[from] item: Leftovers\n|-heal|p1a: Hatterene|166/236|[from] item: Leftovers\n|upkeep\n|turn|9\n|\n|t:|1732986576\n|move|p2a: Deoxys|Night Shade|p1a: Hatterene\n|-damage|p1a: Hatterene|82/236\n|move|p1a: Hatterene|Calm Mind|p1a: Hatterene\n|-boost|p1a: Hatterene|spa|1\n|-boost|p1a: Hatterene|spd|1\n|\n|-heal|p2a: Deoxys|196/221|[from] item: Leftovers\n|-heal|p1a: Hatterene|96/236|[from] item: Leftovers\n|upkeep\n|turn|10\n|\n|t:|1732986581\n|move|p2a: Deoxys|Night Shade|p1a: Hatterene\n|-damage|p1a: Hatterene|12/236\n|move|p1a: Hatterene|Draining Kiss|p2a: Deoxys\n|-damage|p2a: Deoxys|123/221\n|-heal|p1a: Hatterene|67/236|[from] drain|[of] p2a: Deoxys\n|\n|-heal|p2a: Deoxys|136/221|[from] item: Leftovers\n|-heal|p1a: Hatterene|81/236|[from] item: Leftovers\n|upkeep\n|turn|11\n|\n|t:|1732986592\n|move|p2a: Deoxys|Night Shade|p1a: Hatterene\n|-damage|p1a: Hatterene|0 fnt\n|faint|p1a: Hatterene\n|\n|-heal|p2a: Deoxys|149/221|[from] item: Leftovers\n|upkeep\n|\n|t:|1732986598\n|switch|p1a: Floatzel|Floatzel, L85, M|283/283\n|turn|12\n|\n|t:|1732986602\n|move|p1a: Floatzel|Crunch|p2a: Deoxys\n|-supereffective|p2a: Deoxys\n|-damage|p2a: Deoxys|71/221\n|move|p2a: Deoxys|Cosmic Power|p2a: Deoxys\n|-boost|p2a: Deoxys|def|1\n|-boost|p2a: Deoxys|spd|1\n|\n|-heal|p2a: Deoxys|84/221|[from] item: Leftovers\n|upkeep\n|turn|13\n|\n|t:|1732986607\n|move|p1a: Floatzel|Bulk Up|p1a: Floatzel\n|-boost|p1a: Floatzel|atk|1\n|-boost|p1a: Floatzel|def|1\n|move|p2a: Deoxys|Recover|p2a: Deoxys\n|-heal|p2a: Deoxys|195/221\n|\n|-heal|p2a: Deoxys|208/221|[from] item: Leftovers\n|upkeep\n|turn|14\n|\n|t:|1732986611\n|move|p1a: Floatzel|Bulk Up|p1a: Floatzel\n|-boost|p1a: Floatzel|atk|1\n|-boost|p1a: Floatzel|def|1\n|move|p2a: Deoxys|Cosmic Power|p2a: Deoxys\n|-boost|p2a: Deoxys|def|1\n|-boost|p2a: Deoxys|spd|1\n|\n|-heal|p2a: Deoxys|221/221|[from] item: Leftovers\n|upkeep\n|turn|15\n|\n|t:|1732986618\n|move|p1a: Floatzel|Crunch|p2a: Deoxys\n|-supereffective|p2a: Deoxys\n|-damage|p2a: Deoxys|137/221\n|move|p2a: Deoxys|Cosmic Power|p2a: Deoxys\n|-boost|p2a: Deoxys|def|1\n|-boost|p2a: Deoxys|spd|1\n|\n|-heal|p2a: Deoxys|150/221|[from] item: Leftovers\n|upkeep\n|turn|16\n|\n|t:|1732986622\n|move|p1a: Floatzel|Crunch|p2a: Deoxys\n|-supereffective|p2a: Deoxys\n|-damage|p2a: Deoxys|84/221\n|-unboost|p2a: Deoxys|def|1\n|move|p2a: Deoxys|Cosmic Power|p2a: Deoxys\n|-boost|p2a: Deoxys|def|1\n|-boost|p2a: Deoxys|spd|1\n|\n|-heal|p2a: Deoxys|97/221|[from] item: Leftovers\n|upkeep\n|turn|17\n|\n|t:|1732986625\n|move|p1a: Floatzel|Crunch|p2a: Deoxys\n|-supereffective|p2a: Deoxys\n|-damage|p2a: Deoxys|31/221\n|move|p2a: Deoxys|Recover|p2a: Deoxys\n|-heal|p2a: Deoxys|142/221\n|\n|-heal|p2a: Deoxys|155/221|[from] item: Leftovers\n|upkeep\n|turn|18\n|\n|t:|1732986628\n|move|p1a: Floatzel|Crunch|p2a: Deoxys\n|-supereffective|p2a: Deoxys\n|-damage|p2a: Deoxys|95/221\n|-unboost|p2a: Deoxys|def|1\n|move|p2a: Deoxys|Cosmic Power|p2a: Deoxys\n|-boost|p2a: Deoxys|def|1\n|-boost|p2a: Deoxys|spd|1\n|\n|-heal|p2a: Deoxys|108/221|[from] item: Leftovers\n|upkeep\n|turn|19\n|\n|t:|1732986630\n|move|p1a: Floatzel|Crunch|p2a: Deoxys\n|-supereffective|p2a: Deoxys\n|-damage|p2a: Deoxys|44/221\n|-unboost|p2a: Deoxys|def|1\n|move|p2a: Deoxys|Recover|p2a: Deoxys\n|-heal|p2a: Deoxys|155/221\n|\n|-heal|p2a: Deoxys|168/221|[from] item: Leftovers\n|upkeep\n|turn|20\n|\n|t:|1732986633\n|move|p1a: Floatzel|Crunch|p2a: Deoxys\n|-supereffective|p2a: Deoxys\n|-damage|p2a: Deoxys|94/221\n|-unboost|p2a: Deoxys|def|1\n|move|p2a: Deoxys|Cosmic Power|p2a: Deoxys\n|-boost|p2a: Deoxys|def|1\n|-boost|p2a: Deoxys|spd|1\n|\n|-heal|p2a: Deoxys|107/221|[from] item: Leftovers\n|upkeep\n|turn|21\n|\n|t:|1732986637\n|move|p1a: Floatzel|Crunch|p2a: Deoxys\n|-supereffective|p2a: Deoxys\n|-damage|p2a: Deoxys|25/221\n|move|p2a: Deoxys|Recover|p2a: Deoxys\n|-heal|p2a: Deoxys|136/221\n|\n|-heal|p2a: Deoxys|149/221|[from] item: Leftovers\n|upkeep\n|turn|22\n|\n|t:|1732986641\n|move|p1a: Floatzel|Crunch|p2a: Deoxys\n|-supereffective|p2a: Deoxys\n|-damage|p2a: Deoxys|75/221\n|-unboost|p2a: Deoxys|def|1\n|move|p2a: Deoxys|Stored Power|p1a: Floatzel\n|-damage|p1a: Floatzel|93/283\n|\n|-heal|p1a: Floatzel|110/283|[from] item: Leftovers\n|-heal|p2a: Deoxys|88/221|[from] item: Leftovers\n|upkeep\n|turn|23\n|\n|t:|1732986645\n|move|p1a: Floatzel|Crunch|p2a: Deoxys\n|-supereffective|p2a: Deoxys\n|-damage|p2a: Deoxys|0 fnt\n|faint|p2a: Deoxys\n|\n|-heal|p1a: Floatzel|127/283|[from] item: Leftovers\n|upkeep\n|\n|t:|1732986660\n|switch|p2a: Toucannon|Toucannon, L88, F|284/284\n|turn|24\n|\n|t:|1732986664\n|-singleturn|p2a: Toucannon|move: Beak Blast\n|move|p1a: Floatzel|Ice Spinner|p2a: Toucannon\n|-supereffective|p2a: Toucannon\n|-damage|p2a: Toucannon|6/284\n|move|p2a: Toucannon|Beak Blast|p1a: Floatzel\n|-damage|p1a: Floatzel|33/283\n|\n|-heal|p1a: Floatzel|50/283|[from] item: Leftovers\n|upkeep\n|turn|25\n|\n|t:|1732986678\n|switch|p2a: Vaporeon|Vaporeon, L86, F|364/364\n|move|p1a: Floatzel|Ice Spinner|p2a: Vaporeon\n|-resisted|p2a: Vaporeon\n|-damage|p2a: Vaporeon|284/364\n|\n|-heal|p1a: Floatzel|67/283|[from] item: Leftovers\n|-heal|p2a: Vaporeon|306/364|[from] item: Leftovers\n|upkeep\n|turn|26\n|\n|t:|1732986705\n|move|p1a: Floatzel|Crunch|p2a: Vaporeon\n|-damage|p2a: Vaporeon|139/364\n|move|p2a: Vaporeon|Wish|p2a: Vaporeon\n|\n|-heal|p1a: Floatzel|84/283|[from] item: Leftovers\n|-heal|p2a: Vaporeon|161/364|[from] item: Leftovers\n|upkeep\n|turn|27\n|\n|t:|1732986710\n|move|p2a: Vaporeon|Protect|p2a: Vaporeon\n|-singleturn|p2a: Vaporeon|Protect\n|move|p1a: Floatzel|Bulk Up|p1a: Floatzel\n|-boost|p1a: Floatzel|atk|1\n|-boost|p1a: Floatzel|def|1\n|\n|-heal|p2a: Vaporeon|343/364|[from] move: Wish|[wisher] Vaporeon\n|-heal|p1a: Floatzel|101/283|[from] item: Leftovers\n|-heal|p2a: Vaporeon|364/364|[from] item: Leftovers\n|upkeep\n|turn|28\n|\n|t:|1732986714\n|move|p1a: Floatzel|Crunch|p2a: Vaporeon\n|-damage|p2a: Vaporeon|159/364\n|move|p2a: Vaporeon|Scald|p1a: Floatzel\n|-resisted|p1a: Floatzel\n|-damage|p1a: Floatzel|25/283\n|\n|-heal|p1a: Floatzel|42/283|[from] item: Leftovers\n|-heal|p2a: Vaporeon|181/364|[from] item: Leftovers\n|upkeep\n|turn|29\n|\n|t:|1732986719\n|move|p2a: Vaporeon|Protect|p2a: Vaporeon\n|-singleturn|p2a: Vaporeon|Protect\n|move|p1a: Floatzel|Crunch|p2a: Vaporeon\n|-activate|p2a: Vaporeon|move: Protect\n|\n|-heal|p1a: Floatzel|59/283|[from] item: Leftovers\n|-heal|p2a: Vaporeon|203/364|[from] item: Leftovers\n|upkeep\n|turn|30\n|\n|t:|1732986735\n|switch|p2a: Iron Jugulis|Iron Jugulis, L78|275/275\n|move|p1a: Floatzel|Crunch|p2a: Iron Jugulis\n|-resisted|p2a: Iron Jugulis\n|-damage|p2a: Iron Jugulis|192/275\n|\n|-heal|p1a: Floatzel|76/283|[from] item: Leftovers\n|upkeep\n|turn|31\n|\n|t:|1732986749\n|-end|p2a: Iron Jugulis|Quark Drive|[silent]\n|switch|p2a: Vaporeon|Vaporeon, L86, F|203/364\n|move|p1a: Floatzel|Ice Spinner|p2a: Vaporeon\n|-resisted|p2a: Vaporeon\n|-damage|p2a: Vaporeon|98/364\n|\n|-heal|p1a: Floatzel|93/283|[from] item: Leftovers\n|-heal|p2a: Vaporeon|120/364|[from] item: Leftovers\n|upkeep\n|turn|32\n|\n|t:|1732986756\n|move|p1a: Floatzel|Bulk Up|p1a: Floatzel\n|-boost|p1a: Floatzel|atk|1\n|-boost|p1a: Floatzel|def|1\n|move|p2a: Vaporeon|Wish|p2a: Vaporeon\n|\n|-heal|p1a: Floatzel|110/283|[from] item: Leftovers\n|-heal|p2a: Vaporeon|142/364|[from] item: Leftovers\n|upkeep\n|turn|33\n|\n|t:|1732986761\n|move|p2a: Vaporeon|Protect|p2a: Vaporeon\n|-singleturn|p2a: Vaporeon|Protect\n|move|p1a: Floatzel|Bulk Up|p1a: Floatzel\n|-boost|p1a: Floatzel|atk|1\n|-boost|p1a: Floatzel|def|1\n|\n|-heal|p2a: Vaporeon|324/364|[from] move: Wish|[wisher] Vaporeon\n|-heal|p1a: Floatzel|127/283|[from] item: Leftovers\n|-heal|p2a: Vaporeon|346/364|[from] item: Leftovers\n|upkeep\n|turn|34\n|\n|t:|1732986764\n|move|p1a: Floatzel|Bulk Up|p1a: Floatzel\n|-boost|p1a: Floatzel|atk|1\n|-boost|p1a: Floatzel|def|1\n|move|p2a: Vaporeon|Scald|p1a: Floatzel\n|-resisted|p1a: Floatzel\n|-damage|p1a: Floatzel|61/283\n|\n|-heal|p1a: Floatzel|78/283|[from] item: Leftovers\n|-heal|p2a: Vaporeon|364/364|[from] item: Leftovers\n|upkeep\n|turn|35\n|\n|t:|1732986768\n|move|p1a: Floatzel|Ice Spinner|p2a: Vaporeon\n|-resisted|p2a: Vaporeon\n|-damage|p2a: Vaporeon|217/364\n|move|p2a: Vaporeon|Wish|p2a: Vaporeon\n|\n|-heal|p1a: Floatzel|95/283|[from] item: Leftovers\n|-heal|p2a: Vaporeon|239/364|[from] item: Leftovers\n|upkeep\n|turn|36\n|\n|t:|1732986771\n|switch|p1a: Hydrapple|Hydrapple, L83, F|312/312\n|move|p2a: Vaporeon|Scald|p1a: Hydrapple\n|-resisted|p1a: Hydrapple\n|-crit|p1a: Hydrapple\n|-damage|p1a: Hydrapple|286/312\n|\n|-heal|p2a: Vaporeon|364/364|[from] move: Wish|[wisher] Vaporeon\n|upkeep\n|turn|37\n|\n|t:|1732986777\n|move|p2a: Vaporeon|Flip Turn|p1a: Hydrapple\n|-resisted|p1a: Hydrapple\n|-damage|p1a: Hydrapple|276/312\n|\n|t:|1732986780\n|switch|p2a: Ogerpon|Ogerpon-Wellspring, L76, F|236/247|[from] Flip Turn\n|move|p1a: Hydrapple|Dragon Tail|p2a: Ogerpon\n|-damage|p2a: Ogerpon|169/247\n|drag|p2a: Venomoth|Venomoth, L84, M|255/255\n|\n|upkeep\n|turn|38\n|\n|t:|1732986791\n|switch|p1a: Iron Moth|Iron Moth, L78|253/253\n|move|p2a: Venomoth|Sludge Wave|p1a: Iron Moth\n|-resisted|p1a: Iron Moth\n|-damage|p1a: Iron Moth|161/253\n|\n|upkeep\n|turn|39\n|\n|t:|1732986797\n|switch|p2a: Vaporeon|Vaporeon, L86, F|364/364\n|move|p1a: Iron Moth|Fire Blast|p2a: Vaporeon\n|-resisted|p2a: Vaporeon\n|-damage|p2a: Vaporeon|277/364\n|\n|-heal|p2a: Vaporeon|299/364|[from] item: Leftovers\n|upkeep\n|turn|40\n|\n|t:|1732986801\n|-end|p1a: Iron Moth|Quark Drive|[silent]\n|switch|p1a: Hydrapple|Hydrapple, L83, F|312/312\n|move|p2a: Vaporeon|Wish|p2a: Vaporeon\n|\n|-heal|p2a: Vaporeon|321/364|[from] item: Leftovers\n|upkeep\n|turn|41\n|\n|t:|1732986809\n|move|p2a: Vaporeon|Flip Turn|p1a: Hydrapple\n|-resisted|p1a: Hydrapple\n|-damage|p1a: Hydrapple|302/312\n|\n|t:|1732986813\n|switch|p2a: Venomoth|Venomoth, L84, M|255/255|[from] Flip Turn\n|move|p1a: Hydrapple|Fickle Beam|p2a: Venomoth|[anim] Fickle Beam All Out\n|-activate|p1a: Hydrapple|move: Fickle Beam\n|-damage|p2a: Venomoth|50/255\n|\n|-heal|p2a: Venomoth|232/255|[from] move: Wish|[wisher] Vaporeon\n|upkeep\n|turn|42\n|\n|t:|1732986823\n|move|p2a: Venomoth|Sludge Wave|p1a: Hydrapple\n|-supereffective|p1a: Hydrapple\n|-damage|p1a: Hydrapple|168/312\n|move|p1a: Hydrapple|Dragon Tail|p2a: Venomoth\n|-damage|p2a: Venomoth|159/255\n|drag|p2a: Toucannon|Toucannon, L88, F|6/284\n|\n|upkeep\n|turn|43\n|\n|t:|1732986837\n|switch|p1a: Floatzel|Floatzel, L85, M|95/283\n|move|p2a: Toucannon|Roost|p2a: Toucannon\n|-heal|p2a: Toucannon|148/284\n|-singleturn|p2a: Toucannon|move: Roost\n|\n|-heal|p1a: Floatzel|112/283|[from] item: Leftovers\n|upkeep\n|turn|44\n|\n|t:|1732986845\n|switch|p2a: Vaporeon|Vaporeon, L86, F|321/364\n|move|p1a: Floatzel|Ice Spinner|p2a: Vaporeon\n|-resisted|p2a: Vaporeon\n|-damage|p2a: Vaporeon|280/364\n|\n|-heal|p1a: Floatzel|129/283|[from] item: Leftovers\n|-heal|p2a: Vaporeon|302/364|[from] item: Leftovers\n|upkeep\n|turn|45\n|\n|t:|1732986851\n|switch|p1a: Hydrapple|Hydrapple, L83, F|272/312\n|move|p2a: Vaporeon|Wish|p2a: Vaporeon\n|\n|-heal|p2a: Vaporeon|324/364|[from] item: Leftovers\n|upkeep\n|turn|46\n|\n|t:|1732986856\n|move|p2a: Vaporeon|Flip Turn|p1a: Hydrapple\n|-resisted|p1a: Hydrapple\n|-damage|p1a: Hydrapple|261/312\n|\n|t:|1732986865\n|switch|p2a: Venomoth|Venomoth, L84, M|159/255|[from] Flip Turn\n|move|p1a: Hydrapple|Dragon Tail|p2a: Venomoth|[miss]\n|-miss|p1a: Hydrapple|p2a: Venomoth\n|\n|-heal|p2a: Venomoth|255/255|[from] move: Wish|[wisher] Vaporeon\n|upkeep\n|turn|47\n|\n|t:|1732986873\n|move|p2a: Venomoth|Sludge Wave|p1a: Hydrapple\n|-supereffective|p1a: Hydrapple\n|-damage|p1a: Hydrapple|133/312\n|move|p1a: Hydrapple|Dragon Tail|p2a: Venomoth\n|-damage|p2a: Venomoth|183/255\n|drag|p2a: Vaporeon|Vaporeon, L86, F|324/364\n|\n|-heal|p2a: Vaporeon|346/364|[from] item: Leftovers\n|upkeep\n|turn|48\n|\n|t:|1732986893\n|switch|p1a: Floatzel|Floatzel, L85, M|129/283\n|move|p2a: Vaporeon|Flip Turn|p1a: Floatzel\n|-resisted|p1a: Floatzel\n|-damage|p1a: Floatzel|97/283\n|\n|t:|1732986902\n|switch|p2a: Ogerpon|Ogerpon-Wellspring, L76, F|169/247|[from] Flip Turn\n|\n|-heal|p1a: Floatzel|114/283|[from] item: Leftovers\n|upkeep\n|turn|49\n|\n|t:|1732986910\n|switch|p1a: Hydrapple|Hydrapple, L83, F|237/312\n|switch|p2a: Venomoth|Venomoth, L84, M|183/255\n|\n|upkeep\n|turn|50\n|\n|t:|1732986916\n|move|p2a: Venomoth|Sludge Wave|p1a: Hydrapple\n|-supereffective|p1a: Hydrapple\n|-damage|p1a: Hydrapple|97/312\n|move|p1a: Hydrapple|Dragon Tail|p2a: Venomoth\n|-damage|p2a: Venomoth|114/255\n|drag|p2a: Ogerpon|Ogerpon-Wellspring, L76, F|169/247\n|\n|upkeep\n|turn|51\n|\n|t:|1732986924\n|move|p2a: Ogerpon|Encore|p1a: Hydrapple\n|-start|p1a: Hydrapple|Encore\n|move|p1a: Hydrapple|Dragon Tail|p2a: Ogerpon|[miss]\n|-miss|p1a: Hydrapple|p2a: Ogerpon\n|\n|upkeep\n|turn|52\n|\n|t:|1732986929\n|move|p2a: Ogerpon|Synthesis|p2a: Ogerpon\n|-heal|p2a: Ogerpon|247/247\n|move|p1a: Hydrapple|Dragon Tail|p2a: Ogerpon\n|-damage|p2a: Ogerpon|181/247\n|drag|p2a: Iron Jugulis|Iron Jugulis, L78|192/275\n|\n|upkeep\n|turn|53\n|\n|t:|1732986944\n|switch|p1a: Carbink|Carbink, L90, tera:Fighting|173/236\n|move|p2a: Iron Jugulis|Hurricane|p1a: Carbink\n|-supereffective|p1a: Carbink\n|-damage|p1a: Carbink|0 fnt\n|faint|p1a: Carbink\n|\n|upkeep\n|\n|t:|1732986951\n|switch|p1a: Golduck|Golduck, L90, F|290/290\n|-ability|p1a: Golduck|Cloud Nine\n|turn|54\n|\n|t:|1732986956\n|-end|p2a: Iron Jugulis|Quark Drive|[silent]\n|switch|p2a: Vaporeon|Vaporeon, L86, F|346/364\n|move|p1a: Golduck|Ice Beam|p2a: Vaporeon\n|-resisted|p2a: Vaporeon\n|-damage|p2a: Vaporeon|301/364\n|-damage|p1a: Golduck|261/290|[from] item: Life Orb\n|\n|-heal|p2a: Vaporeon|323/364|[from] item: Leftovers\n|upkeep\n|turn|55\n|\n|t:|1732986962\n|move|p1a: Golduck|Nasty Plot|p1a: Golduck\n|-boost|p1a: Golduck|spa|2\n|move|p2a: Vaporeon|Flip Turn|p1a: Golduck\n|-resisted|p1a: Golduck\n|-damage|p1a: Golduck|237/290\n|\n|t:|1732986964\n|switch|p2a: Ogerpon|Ogerpon-Wellspring, L76, F|181/247|[from] Flip Turn\n|\n|upkeep\n|turn|56\n|\n|t:|1732986971\n|switch|p1a: Hydrapple|Hydrapple, L83, F|201/312\n|move|p2a: Ogerpon|Encore||[still]\n|-fail|p2a: Ogerpon\n|\n|upkeep\n|turn|57\n|\n|t:|1732986977\n|switch|p2a: Toucannon|Toucannon, L88, F|148/284\n|move|p1a: Hydrapple|Dragon Tail|p2a: Toucannon\n|-damage|p2a: Toucannon|93/284\n|drag|p2a: Iron Jugulis|Iron Jugulis, L78|192/275\n|\n|upkeep\n|turn|58\n|\n|t:|1732986998\n|switch|p1a: Golduck|Golduck, L90, F|237/290\n|-ability|p1a: Golduck|Cloud Nine\n|move|p2a: Iron Jugulis|Hurricane|p1a: Golduck\n|-damage|p1a: Golduck|59/290\n|\n|upkeep\n|turn|59\n|\n|t:|1732987002\n|move|p2a: Iron Jugulis|Hurricane|p1a: Golduck\n|-damage|p1a: Golduck|0 fnt\n|faint|p1a: Golduck\n|\n|upkeep\n|\n|t:|1732987006\n|switch|p1a: Floatzel|Floatzel, L85, M|114/283\n|turn|60\n|\n|t:|1732987012\n|switch|p1a: Hydrapple|Hydrapple, L83, F|305/312\n|-end|p2a: Iron Jugulis|Quark Drive|[silent]\n|switch|p2a: Vaporeon|Vaporeon, L86, F|323/364\n|\n|-heal|p2a: Vaporeon|345/364|[from] item: Leftovers\n|upkeep\n|turn|61\n|\n|t:|1732987017\n|move|p2a: Vaporeon|Wish|p2a: Vaporeon\n|move|p1a: Hydrapple|Fickle Beam|p2a: Vaporeon\n|-crit|p2a: Vaporeon\n|-damage|p2a: Vaporeon|209/364\n|\n|-heal|p2a: Vaporeon|231/364|[from] item: Leftovers\n|upkeep\n|turn|62\n|\n|t:|1732987023\n|move|p2a: Vaporeon|Flip Turn|p1a: Hydrapple\n|-resisted|p1a: Hydrapple\n|-damage|p1a: Hydrapple|295/312\n|\n|t:|1732987025\n|switch|p2a: Ogerpon|Ogerpon-Wellspring, L76, F|181/247|[from] Flip Turn\n|move|p1a: Hydrapple|Dragon Tail|p2a: Ogerpon\n|-damage|p2a: Ogerpon|123/247\n|drag|p2a: Vaporeon|Vaporeon, L86, F|231/364\n|\n|-heal|p2a: Vaporeon|364/364|[from] move: Wish|[wisher] Vaporeon\n|upkeep\n|turn|63\n|\n|t:|1732987040\n|move|p2a: Vaporeon|Protect|p2a: Vaporeon\n|-singleturn|p2a: Vaporeon|Protect\n|move|p1a: Hydrapple|Fickle Beam|p2a: Vaporeon\n|-activate|p2a: Vaporeon|move: Protect\n|\n|upkeep\n|turn|64\n|\n|t:|1732987045\n|move|p2a: Vaporeon|Wish|p2a: Vaporeon\n|move|p1a: Hydrapple|Giga Drain|p2a: Vaporeon\n|-supereffective|p2a: Vaporeon\n|-damage|p2a: Vaporeon|200/364\n|-heal|p1a: Hydrapple|312/312|[from] drain|[of] p2a: Vaporeon\n|\n|-heal|p2a: Vaporeon|222/364|[from] item: Leftovers\n|upkeep\n|turn|65\n|\n|t:|1732987053\n|move|p2a: Vaporeon|Flip Turn|p1a: Hydrapple\n|-resisted|p1a: Hydrapple\n|-damage|p1a: Hydrapple|301/312\n|\n|t:|1732987055\n|switch|p2a: Venomoth|Venomoth, L84, M|114/255|[from] Flip Turn\n|move|p1a: Hydrapple|Dragon Tail|p2a: Venomoth\n|-damage|p2a: Venomoth|42/255\n|drag|p2a: Ogerpon|Ogerpon-Wellspring, L76, F|123/247\n|\n|-heal|p2a: Ogerpon|247/247|[from] move: Wish|[wisher] Vaporeon\n|upkeep\n|turn|66\n|\n|t:|1732987068\n|move|p2a: Ogerpon|Encore|p1a: Hydrapple\n|-start|p1a: Hydrapple|Encore\n|move|p1a: Hydrapple|Dragon Tail|p2a: Ogerpon|[miss]\n|-miss|p1a: Hydrapple|p2a: Ogerpon\n|\n|upkeep\n|turn|67\n|\n|t:|1732987074\n|move|p2a: Ogerpon|Wood Hammer|p1a: Hydrapple\n|-resisted|p1a: Hydrapple\n|-damage|p1a: Hydrapple|270/312\n|-damage|p2a: Ogerpon|237/247|[from] Recoil\n|move|p1a: Hydrapple|Dragon Tail|p2a: Ogerpon\n|-damage|p2a: Ogerpon|176/247\n|drag|p2a: Iron Jugulis|Iron Jugulis, L78|192/275\n|\n|upkeep\n|turn|68\n|\n|t:|1732987084\n|switch|p1a: Iron Moth|Iron Moth, L78|161/253\n|move|p2a: Iron Jugulis|Hurricane|p1a: Iron Moth\n|-damage|p1a: Iron Moth|10/253\n|\n|upkeep\n|turn|69\n|\n|t:|1732987097\n|-end|p2a: Iron Jugulis|Quark Drive|[silent]\n|switch|p2a: Toucannon|Toucannon, L88, F|93/284\n|move|p1a: Iron Moth|Sludge Wave|p2a: Toucannon\n|-damage|p2a: Toucannon|0 fnt\n|faint|p2a: Toucannon\n|\n|upkeep\n|j| ugccff\n|\n|t:|1732987109\n|switch|p2a: Vaporeon|Vaporeon, L86, F|222/364\n|turn|70\n|\n|t:|1732987131\n|-end|p1a: Iron Moth|Quark Drive|[silent]\n|switch|p1a: Hydrapple|Hydrapple, L83, F|312/312\n|move|p2a: Vaporeon|Flip Turn|p1a: Hydrapple\n|-resisted|p1a: Hydrapple\n|-damage|p1a: Hydrapple|301/312\n|\n|t:|1732987133\n|switch|p2a: Iron Jugulis|Iron Jugulis, L78|192/275|[from] Flip Turn\n|\n|upkeep\n|turn|71\n|\n|t:|1732987155\n|switch|p1a: Iron Moth|Iron Moth, L78|10/253\n|move|p2a: Iron Jugulis|Hurricane|p1a: Iron Moth|[miss]\n|-miss|p2a: Iron Jugulis|p1a: Iron Moth\n|\n|upkeep\n|turn|72\n|\n|t:|1732987161\n|-terastallize|p2a: Iron Jugulis|Ground\n|move|p1a: Iron Moth|Sludge Wave|p2a: Iron Jugulis\n|-resisted|p2a: Iron Jugulis\n|-damage|p2a: Iron Jugulis|99/275\n|move|p2a: Iron Jugulis|Hurricane|p1a: Iron Moth\n|-damage|p1a: Iron Moth|0 fnt\n|faint|p1a: Iron Moth\n|-end|p1a: Iron Moth|Quark Drive|[silent]\n|\n|upkeep\n|\n|t:|1732987166\n|switch|p1a: Floatzel|Floatzel, L85, M|114/283\n|turn|73\n|\n|t:|1732987173\n|switch|p1a: Hydrapple|Hydrapple, L83, F|312/312\n|-end|p2a: Iron Jugulis|Quark Drive|[silent]\n|switch|p2a: Vaporeon|Vaporeon, L86, F|222/364\n|\n|-heal|p2a: Vaporeon|244/364|[from] item: Leftovers\n|upkeep\n|turn|74\n|\n|t:|1732987195\n|move|p2a: Vaporeon|Flip Turn|p1a: Hydrapple\n|-resisted|p1a: Hydrapple\n|-damage|p1a: Hydrapple|301/312\n|\n|t:|1732987199\n|switch|p2a: Ogerpon|Ogerpon-Wellspring, L76, F|176/247|[from] Flip Turn\n|move|p1a: Hydrapple|Giga Drain|p2a: Ogerpon\n|-crit|p2a: Ogerpon\n|-damage|p2a: Ogerpon|34/247\n|-heal|p1a: Hydrapple|312/312|[from] drain|[of] p2a: Ogerpon\n|\n|upkeep\n|turn|75\n|\n|t:|1732987205\n|move|p2a: Ogerpon|Synthesis|p2a: Ogerpon\n|-heal|p2a: Ogerpon|157/247\n|move|p1a: Hydrapple|Giga Drain|p2a: Ogerpon\n|-damage|p2a: Ogerpon|63/247\n|\n|upkeep\n|turn|76\n|\n|t:|1732987213\n|move|p2a: Ogerpon|Synthesis|p2a: Ogerpon\n|-heal|p2a: Ogerpon|186/247\n|move|p1a: Hydrapple|Fickle Beam|p2a: Ogerpon\n|-damage|p2a: Ogerpon|87/247\n|\n|upkeep\n|turn|77\n|\n|t:|1732987219\n|move|p2a: Ogerpon|Synthesis|p2a: Ogerpon\n|-heal|p2a: Ogerpon|210/247\n|move|p1a: Hydrapple|Fickle Beam|p2a: Ogerpon\n|-damage|p2a: Ogerpon|108/247\n|\n|upkeep\n|turn|78\n|\n|t:|1732987223\n|move|p2a: Ogerpon|Synthesis|p2a: Ogerpon\n|-heal|p2a: Ogerpon|231/247\n|move|p1a: Hydrapple|Fickle Beam|p2a: Ogerpon\n|-damage|p2a: Ogerpon|135/247\n|\n|upkeep\n|turn|79\n|\n|t:|1732987232\n|move|p2a: Ogerpon|Synthesis|p2a: Ogerpon\n|-heal|p2a: Ogerpon|247/247\n|move|p1a: Hydrapple|Giga Drain|p2a: Ogerpon\n|-damage|p2a: Ogerpon|153/247\n|\n|upkeep\n|turn|80\n|\n|t:|1732987237\n|switch|p2a: Venomoth|Venomoth, L84, M|42/255\n|move|p1a: Hydrapple|Giga Drain|p2a: Venomoth\n|-resisted|p2a: Venomoth\n|-damage|p2a: Venomoth|16/255\n|\n|upkeep\n|turn|81\n|\n|t:|1732987244\n|move|p2a: Venomoth|Sludge Wave|p1a: Hydrapple\n|-supereffective|p1a: Hydrapple\n|-damage|p1a: Hydrapple|168/312\n|move|p1a: Hydrapple|Giga Drain|p2a: Venomoth\n|-resisted|p2a: Venomoth\n|-damage|p2a: Venomoth|0 fnt\n|-heal|p1a: Hydrapple|176/312|[from] drain|[of] p2a: Venomoth\n|faint|p2a: Venomoth\n|\n|upkeep\n|\n|t:|1732987246\n|switch|p2a: Iron Jugulis|Iron Jugulis, L78, tera:Ground|99/275\n|turn|82\n|\n|t:|1732987250\n|switch|p1a: Floatzel|Floatzel, L85, M|114/283\n|move|p2a: Iron Jugulis|Hurricane|p1a: Floatzel\n|-damage|p1a: Floatzel|0 fnt\n|faint|p1a: Floatzel\n|\n|upkeep\n|\n|t:|1732987252\n|switch|p1a: Hydrapple|Hydrapple, L83, F|280/312\n|turn|83\n|\n|t:|1732987255\n|move|p2a: Iron Jugulis|Hurricane|p1a: Hydrapple\n|-supereffective|p1a: Hydrapple\n|-damage|p1a: Hydrapple|20/312\n|move|p1a: Hydrapple|Giga Drain|p2a: Iron Jugulis\n|-supereffective|p2a: Iron Jugulis\n|-damage|p2a: Iron Jugulis|0 fnt\n|-heal|p1a: Hydrapple|70/312|[from] drain|[of] p2a: Iron Jugulis\n|faint|p2a: Iron Jugulis\n|-end|p2a: Iron Jugulis|Quark Drive|[silent]\n|\n|upkeep\n|\n|t:|1732987275\n|switch|p2a: Ogerpon|Ogerpon-Wellspring, L76, F|153/247\n|turn|84\n|\n|t:|1732987295\n|move|p2a: Ogerpon|Ivy Cudgel|p1a: Hydrapple|[anim] Ivy Cudgel Water\n|-resisted|p1a: Hydrapple\n|-damage|p1a: Hydrapple|46/312\n|move|p1a: Hydrapple|Giga Drain|p2a: Ogerpon\n|-damage|p2a: Ogerpon|62/247\n|-heal|p1a: Hydrapple|92/312|[from] drain|[of] p2a: Ogerpon\n|\n|upkeep\n|turn|85\n|\n|t:|1732987308\n|move|p2a: Ogerpon|Synthesis|p2a: Ogerpon\n|-heal|p2a: Ogerpon|185/247\n|move|p1a: Hydrapple|Giga Drain|p2a: Ogerpon\n|-damage|p2a: Ogerpon|80/247\n|-heal|p1a: Hydrapple|145/312|[from] drain|[of] p2a: Ogerpon\n|\n|upkeep\n|turn|86\n|\n|t:|1732987315\n|move|p2a: Ogerpon|Synthesis|p2a: Ogerpon\n|-heal|p2a: Ogerpon|203/247\n|move|p1a: Hydrapple|Giga Drain|p2a: Ogerpon\n|-damage|p2a: Ogerpon|110/247\n|-heal|p1a: Hydrapple|192/312|[from] drain|[of] p2a: Ogerpon\n|\n|upkeep\n|turn|87\n|\n|t:|1732987325\n|move|p2a: Ogerpon|Ivy Cudgel|p1a: Hydrapple|[anim] Ivy Cudgel Water\n|-resisted|p1a: Hydrapple\n|-damage|p1a: Hydrapple|166/312\n|move|p1a: Hydrapple|Giga Drain|p2a: Ogerpon\n|-damage|p2a: Ogerpon|10/247\n|-heal|p1a: Hydrapple|216/312|[from] drain|[of] p2a: Ogerpon\n|\n|upkeep\n|turn|88\n|\n|t:|1732987333\n|move|p2a: Ogerpon|Encore|p1a: Hydrapple\n|-start|p1a: Hydrapple|Encore\n|move|p1a: Hydrapple|Giga Drain|p2a: Ogerpon\n|-damage|p2a: Ogerpon|0 fnt\n|-heal|p1a: Hydrapple|221/312|[from] drain|[of] p2a: Ogerpon\n|faint|p2a: Ogerpon\n|\n|upkeep\n|\n|t:|1732987335\n|switch|p2a: Vaporeon|Vaporeon, L86, F|244/364\n|turn|89\n|\n|t:|1732987340\n|move|p2a: Vaporeon|Protect|p2a: Vaporeon\n|-singleturn|p2a: Vaporeon|Protect\n|move|p1a: Hydrapple|Giga Drain|p2a: Vaporeon\n|-activate|p2a: Vaporeon|move: Protect\n|\n|-heal|p2a: Vaporeon|266/364|[from] item: Leftovers\n|upkeep\n|turn|90\n|\n|t:|1732987344\n|move|p2a: Vaporeon|Wish|p2a: Vaporeon\n|move|p1a: Hydrapple|Giga Drain|p2a: Vaporeon\n|-supereffective|p2a: Vaporeon\n|-damage|p2a: Vaporeon|108/364\n|-heal|p1a: Hydrapple|300/312|[from] drain|[of] p2a: Vaporeon\n|\n|-heal|p2a: Vaporeon|130/364|[from] item: Leftovers\n|-end|p1a: Hydrapple|Encore\n|upkeep\n|turn|91\n|\n|t:|1732987350\n|move|p2a: Vaporeon|Protect|p2a: Vaporeon\n|-singleturn|p2a: Vaporeon|Protect\n|move|p1a: Hydrapple|Earth Power|p2a: Vaporeon\n|-activate|p2a: Vaporeon|move: Protect\n|\n|-heal|p2a: Vaporeon|312/364|[from] move: Wish|[wisher] Vaporeon\n|-heal|p2a: Vaporeon|334/364|[from] item: Leftovers\n|upkeep\n|turn|92\n|\n|t:|1732987359\n|move|p2a: Vaporeon|Wish|p2a: Vaporeon\n|move|p1a: Hydrapple|Giga Drain|p2a: Vaporeon\n|-supereffective|p2a: Vaporeon\n|-damage|p2a: Vaporeon|160/364\n|-heal|p1a: Hydrapple|312/312|[from] drain|[of] p2a: Vaporeon\n|\n|-heal|p2a: Vaporeon|182/364|[from] item: Leftovers\n|upkeep\n|turn|93\n|\n|t:|1732987365\n|move|p2a: Vaporeon|Scald|p1a: Hydrapple\n|-resisted|p1a: Hydrapple\n|-damage|p1a: Hydrapple|296/312\n|move|p1a: Hydrapple|Earth Power|p2a: Vaporeon\n|-damage|p2a: Vaporeon|112/364\n|\n|-heal|p2a: Vaporeon|294/364|[from] move: Wish|[wisher] Vaporeon\n|-heal|p2a: Vaporeon|316/364|[from] item: Leftovers\n|upkeep\n|turn|94\n|\n|t:|1732987371\n|move|p2a: Vaporeon|Protect|p2a: Vaporeon\n|-singleturn|p2a: Vaporeon|Protect\n|move|p1a: Hydrapple|Earth Power|p2a: Vaporeon\n|-activate|p2a: Vaporeon|move: Protect\n|\n|-heal|p2a: Vaporeon|338/364|[from] item: Leftovers\n|upkeep\n|turn|95\n|\n|t:|1732987376\n|move|p2a: Vaporeon|Wish|p2a: Vaporeon\n|move|p1a: Hydrapple|Giga Drain|p2a: Vaporeon\n|-supereffective|p2a: Vaporeon\n|-damage|p2a: Vaporeon|168/364\n|-heal|p1a: Hydrapple|312/312|[from] drain|[of] p2a: Vaporeon\n|\n|-heal|p2a: Vaporeon|190/364|[from] item: Leftovers\n|upkeep\n|turn|96\n|\n|t:|1732987385\n|move|p2a: Vaporeon|Scald|p1a: Hydrapple\n|-resisted|p1a: Hydrapple\n|-damage|p1a: Hydrapple|296/312\n|move|p1a: Hydrapple|Dragon Tail|p2a: Vaporeon\n|-crit|p2a: Vaporeon\n|-damage|p2a: Vaporeon|94/364\n|\n|-heal|p2a: Vaporeon|276/364|[from] move: Wish|[wisher] Vaporeon\n|-heal|p2a: Vaporeon|298/364|[from] item: Leftovers\n|upkeep\n|turn|97\n|\n|t:|1732987391\n|move|p2a: Vaporeon|Scald|p1a: Hydrapple\n|-resisted|p1a: Hydrapple\n|-damage|p1a: Hydrapple|278/312\n|move|p1a: Hydrapple|Earth Power|p2a: Vaporeon\n|-damage|p2a: Vaporeon|226/364\n|\n|-heal|p2a: Vaporeon|248/364|[from] item: Leftovers\n|upkeep\n|turn|98\n|\n|t:|1732987394\n|move|p2a: Vaporeon|Scald|p1a: Hydrapple\n|-resisted|p1a: Hydrapple\n|-damage|p1a: Hydrapple|262/312\n|move|p1a: Hydrapple|Earth Power|p2a: Vaporeon\n|-crit|p2a: Vaporeon\n|-damage|p2a: Vaporeon|139/364\n|\n|-heal|p2a: Vaporeon|161/364|[from] item: Leftovers\n|upkeep\n|turn|99\n|\n|t:|1732987398\n|move|p2a: Vaporeon|Protect|p2a: Vaporeon\n|-singleturn|p2a: Vaporeon|Protect\n|move|p1a: Hydrapple|Earth Power|p2a: Vaporeon\n|-activate|p2a: Vaporeon|move: Protect\n|\n|-heal|p2a: Vaporeon|183/364|[from] item: Leftovers\n|upkeep\n|turn|100\n|\n|t:|1732987401\n|move|p2a: Vaporeon|Wish|p2a: Vaporeon\n|move|p1a: Hydrapple|Earth Power|p2a: Vaporeon\n|-damage|p2a: Vaporeon|108/364\n|\n|-heal|p2a: Vaporeon|130/364|[from] item: Leftovers\n|upkeep\n|turn|101\n|\n|t:|1732987405\n|move|p2a: Vaporeon|Protect|p2a: Vaporeon\n|-singleturn|p2a: Vaporeon|Protect\n|move|p1a: Hydrapple|Dragon Tail|p2a: Vaporeon\n|-activate|p2a: Vaporeon|move: Protect\n|\n|-heal|p2a: Vaporeon|312/364|[from] move: Wish|[wisher] Vaporeon\n|-heal|p2a: Vaporeon|334/364|[from] item: Leftovers\n|upkeep\n|turn|102\n|\n|t:|1732987408\n|move|p2a: Vaporeon|Scald|p1a: Hydrapple\n|-resisted|p1a: Hydrapple\n|-damage|p1a: Hydrapple|243/312\n|move|p1a: Hydrapple|Earth Power|p2a: Vaporeon\n|-damage|p2a: Vaporeon|262/364\n|\n|-heal|p2a: Vaporeon|284/364|[from] item: Leftovers\n|upkeep\n|turn|103\n|\n|t:|1732987413\n|move|p2a: Vaporeon|Wish|p2a: Vaporeon\n|move|p1a: Hydrapple|Dragon Tail|p2a: Vaporeon\n|-damage|p2a: Vaporeon|220/364\n|\n|-heal|p2a: Vaporeon|242/364|[from] item: Leftovers\n|upkeep\n|turn|104\n|\n|t:|1732987416\n|move|p2a: Vaporeon|Scald|p1a: Hydrapple\n|-resisted|p1a: Hydrapple\n|-damage|p1a: Hydrapple|226/312\n|move|p1a: Hydrapple|Earth Power|p2a: Vaporeon\n|-damage|p2a: Vaporeon|169/364\n|\n|-heal|p2a: Vaporeon|351/364|[from] move: Wish|[wisher] Vaporeon\n|-heal|p2a: Vaporeon|364/364|[from] item: Leftovers\n|upkeep\n|turn|105\n|\n|t:|1732987419\n|move|p2a: Vaporeon|Scald|p1a: Hydrapple\n|-resisted|p1a: Hydrapple\n|-damage|p1a: Hydrapple|207/312\n|move|p1a: Hydrapple|Earth Power|p2a: Vaporeon\n|-damage|p2a: Vaporeon|296/364\n|\n|-heal|p2a: Vaporeon|318/364|[from] item: Leftovers\n|upkeep\n|turn|106\n|\n|t:|1732987422\n|move|p2a: Vaporeon|Scald|p1a: Hydrapple\n|-resisted|p1a: Hydrapple\n|-damage|p1a: Hydrapple|189/312\n|-status|p1a: Hydrapple|brn\n|move|p1a: Hydrapple|Earth Power|p2a: Vaporeon\n|-damage|p2a: Vaporeon|246/364\n|-unboost|p2a: Vaporeon|spd|1\n|\n|-heal|p2a: Vaporeon|268/364|[from] item: Leftovers\n|-damage|p1a: Hydrapple|170/312 brn|[from] brn\n|upkeep\n|turn|107\n|\n|t:|1732987425\n|move|p2a: Vaporeon|Protect|p2a: Vaporeon\n|-singleturn|p2a: Vaporeon|Protect\n|move|p1a: Hydrapple|Earth Power|p2a: Vaporeon\n|-activate|p2a: Vaporeon|move: Protect\n|\n|-heal|p2a: Vaporeon|290/364|[from] item: Leftovers\n|-damage|p1a: Hydrapple|151/312 brn|[from] brn\n|upkeep\n|turn|108\n|\n|t:|1732987429\n|move|p2a: Vaporeon|Wish|p2a: Vaporeon\n|move|p1a: Hydrapple|Earth Power|p2a: Vaporeon\n|-damage|p2a: Vaporeon|187/364\n|\n|-heal|p2a: Vaporeon|209/364|[from] item: Leftovers\n|-damage|p1a: Hydrapple|132/312 brn|[from] brn\n|upkeep\n|turn|109\n|\n|t:|1732987435\n|move|p2a: Vaporeon|Protect|p2a: Vaporeon\n|-singleturn|p2a: Vaporeon|Protect\n|move|p1a: Hydrapple|Earth Power|p2a: Vaporeon\n|-activate|p2a: Vaporeon|move: Protect\n|\n|-heal|p2a: Vaporeon|364/364|[from] move: Wish|[wisher] Vaporeon\n|-damage|p1a: Hydrapple|113/312 brn|[from] brn\n|upkeep\n|turn|110\n|\n|t:|1732987439\n|move|p2a: Vaporeon|Wish|p2a: Vaporeon\n|move|p1a: Hydrapple|Earth Power|p2a: Vaporeon\n|-damage|p2a: Vaporeon|253/364\n|\n|-heal|p2a: Vaporeon|275/364|[from] item: Leftovers\n|-damage|p1a: Hydrapple|94/312 brn|[from] brn\n|upkeep\n|turn|111\n|\n|t:|1732987443\n|move|p2a: Vaporeon|Protect|p2a: Vaporeon\n|-singleturn|p2a: Vaporeon|Protect\n|move|p1a: Hydrapple|Earth Power|p2a: Vaporeon\n|-activate|p2a: Vaporeon|move: Protect\n|\n|-heal|p2a: Vaporeon|364/364|[from] move: Wish|[wisher] Vaporeon\n|-damage|p1a: Hydrapple|75/312 brn|[from] brn\n|upkeep\n|turn|112\n|\n|t:|1732987445\n|move|p2a: Vaporeon|Wish|p2a: Vaporeon\n|-activate|p1a: Hydrapple|move: Struggle\n|move|p1a: Hydrapple|Struggle|p2a: Vaporeon\n|-damage|p2a: Vaporeon|346/364\n|-damage|p1a: Hydrapple|0 fnt|[from] recoil\n|faint|p1a: Hydrapple\n|\n|win|California\n|raw|zfrails's rating: 2020 &rarr; <strong>2003</strong><br />(-17 for losing)\n|raw|California's rating: 2065 &rarr; <strong>2082</strong><br />(+17 for winning)\n|c|\u2606zfrails|:(\n|c|\u2606zfrails|gg\n|c|\u2606California|Gg\n|c|\u2606California|buddy\n", "inputlog": ">version b107d77f5c90bd6555267ae244a6264823309ead\n>start {\"formatid\":\"gen9randombattle\",\"seed\":[38784,2640,4878,12583],\"rated\":\"Rated battle\"}\n>player p1 {\"name\":\"zfrails\",\"avatar\":\"lucas\",\"rating\":2020,\"seed\":[48943,58469,16816,21527]}\n>player p2 {\"name\":\"California\",\"avatar\":\"1\",\"rating\":2065,\"seed\":[19636,29145,19301,28890]}\n>p1 switch 2\n>p2 move woodhammer\n>p1 move dragontail\n>p2 switch 3\n>p1 switch 5\n>p2 move beakblast\n>p1 move irondefense\n>p2 move uturn\n>p2 switch 3\n>p1 move bodypress terastallize\n>p2 move encore\n>p1 switch 5\n>p2 move ivycudgel\n>p1 move ficklebeam\n>p2 switch 4\n>p1 switch 2\n>p2 move nightshade\n>p1 move calmmind\n>p2 move nightshade\n>p1 move drainingkiss\n>p2 move nightshade\n>p1 move drainingkiss\n>p2 move nightshade\n>p1 switch 6\n>p1 move crunch\n>p2 move cosmicpower\n>p1 move bulkup\n>p2 move recover\n>p1 move bulkup\n>p2 move cosmicpower\n>p1 move crunch\n>p2 move cosmicpower\n>p1 move crunch\n>p2 move cosmicpower\n>p1 move crunch\n>p2 move recover\n>p1 move crunch\n>p2 move cosmicpower\n>p1 move crunch\n>p2 move recover\n>p1 move crunch\n>p2 move cosmicpower\n>p1 move crunch\n>p2 move recover\n>p1 move crunch\n>p2 move storedpower\n>p1 move crunch\n>p2 move recover\n>p2 switch 3\n>p1 move icespinner\n>p2 move beakblast\n>p1 move icespinner\n>p2 switch 2\n>p1 move crunch\n>p2 move wish\n>p1 move bulkup\n>p2 move protect\n>p1 move crunch\n>p2 move scald\n>p1 move crunch\n>p2 move protect\n>p1 move crunch\n>p2 switch 6\n>p1 move icespinner\n>p2 switch 6\n>p1 move bulkup\n>p2 move wish\n>p1 move bulkup\n>p2 move protect\n>p1 move bulkup\n>p2 move scald\n>p1 move icespinner\n>p2 move wish\n>p1 switch 2\n>p2 move scald\n>p1 move dragontail\n>p2 move flipturn\n>p2 switch 4\n>p1 switch 4\n>p2 move sludgewave\n>p1 move fireblast\n>p2 switch 4\n>p1 switch 4\n>p2 move wish\n>p1 move ficklebeam\n>p2 move flipturn\n>p2 switch 4\n>p1 move dragontail\n>p2 move sludgewave\n>p1 switch 2\n>p2 move roost\n>p1 move icespinner\n>p2 switch 4\n>p1 switch 2\n>p2 move wish\n>p1 move dragontail\n>p2 move flipturn\n>p2 switch 2\n>p1 move dragontail\n>p2 move sludgewave\n>p1 switch 2\n>p2 move flipturn\n>p2 switch 5\n>p1 switch 2\n>p2 switch 2\n>p1 move dragontail\n>p2 move sludgewave\n>p1 move gigadrain\n>p2 move encore\n>p1 move dragontail\n>p2 move synthesis\n>p1 switch 5\n>p2 move hurricane\n>p1 switch 3\n>p1 move icebeam\n>p2 switch 5\n>p1 move nastyplot\n>p2 move flipturn\n>p2 switch 6\n>p1 switch 5\n>p2 move encore\n>p1 move dragontail\n>p2 switch 4\n>p1 switch 5\n>p2 move hurricane\n>p1 move icebeam\n>p2 move hurricane\n>p1 switch 2\n>p1 switch 5\n>p2 switch 6\n>p1 move ficklebeam\n>p2 move wish\n>p1 move dragontail\n>p2 move flipturn\n>p2 switch 4\n>p1 move ficklebeam\n>p2 move protect\n>p1 move gigadrain\n>p2 move wish\n>p1 move dragontail\n>p2 move flipturn\n>p2 switch 2\n>p1 move ficklebeam\n>p2 move encore\n>p1 move dragontail\n>p2 move woodhammer\n>p1 switch 4\n>p2 move hurricane\n>p1 move sludgewave\n>p2 switch 5\n>p2 switch 2\n>p1 switch 4\n>p2 move flipturn\n>p2 switch 5\n>p1 switch 4\n>p2 move hurricane\n>p1 move sludgewave\n>p2 move hurricane terastallize\n>p1 switch 5\n>p1 switch 4\n>p2 switch 5\n>p1 move gigadrain\n>p2 move flipturn\n>p2 switch 6\n>p1 move gigadrain\n>p2 move synthesis\n>p1 move ficklebeam\n>p2 move synthesis\n>p1 move ficklebeam\n>p2 move synthesis\n>p1 move ficklebeam\n>p2 move synthesis\n>p1 move gigadrain\n>p2 move synthesis\n>p1 move gigadrain\n>p2 switch 4\n>p1 move gigadrain\n>p2 move sludgewave\n>p2 switch 5\n>p1 switch 4\n>p2 move hurricane\n>p1 switch 4\n>p1 move gigadrain\n>p2 move hurricane\n>p2 switch 4\n>p1 move gigadrain\n>p2 move ivycudgel\n>p1 move gigadrain\n>p2 move synthesis\n>p1 move gigadrain\n>p2 move synthesis\n>p1 move gigadrain\n>p2 move ivycudgel\n>p1 move earthpower\n>p2 move encore\n>p2 switch 6\n>p1 move gigadrain\n>p2 move protect\n>p1 move gigadrain\n>p2 move wish\n>p1 move earthpower\n>p2 move protect\n>p1 move gigadrain\n>p2 move wish\n>p1 move earthpower\n>p2 move scald\n>p1 move earthpower\n>p2 move protect\n>p1 move gigadrain\n>p2 move wish\n>p1 move dragontail\n>p2 move scald\n>p1 move earthpower\n>p2 move scald\n>p1 move earthpower\n>p2 move scald\n>p1 move earthpower\n>p2 move protect\n>p1 move earthpower\n>p2 move wish\n>p1 move dragontail\n>p2 move protect\n>p1 move earthpower\n>p2 move scald\n>p1 move dragontail\n>p2 move wish\n>p1 move earthpower\n>p2 move scald\n>p1 move earthpower\n>p2 move scald\n>p1 move earthpower\n>p2 move scald\n>p1 move earthpower\n>p2 move protect\n>p1 move earthpower\n>p2 move wish\n>p1 move earthpower\n>p2 move protect\n>p1 move earthpower\n>p2 move wish\n>p1 move earthpower\n>p2 move protect\n>p1 move struggle\n>p2 move wish", "uploadtime": 1732987464, "views": 12, "formatid": "gen9randombattle", "rating": 2003, "private": 0, "password": null}