{"id": "gen9randombattle-2253974335", "format": "[Gen 9] Random Battle", "players": ["koopa003", "ananananji"], "log": "|badge|p1|silver|gen9ru|30-3\n|uhtml|medal-msg|<div class=\"broadcast-blue\">Curious what those medals under the avatar are? PS now has Ladder Seasons! For more information, check out the <a href=\"https://www.smogon.com/forums/threads/3740067/\">thread on Smogon.</a></div>\n|j|\u2606koopa003\n|j|\u2606ananananji\n|t:|1732974107\n|gametype|singles\n|player|p1|koopa003|brycenman|2268\n|player|p2|ananananji|102|2185\n|teamsize|p1|6\n|teamsize|p2|6\n|gen|9\n|tier|[Gen 9] Random Battle\n|rated|\n|rule|Species Clause: Limit one of each Pok\u00e9mon\n|rule|HP Percentage Mod: HP is shown in percentages\n|rule|Sleep Clause Mod: Limit one foe put to sleep\n|rule|Illusion Level Mod: Illusion disguises the Pok\u00e9mon's true level\n|\n|t:|1732974107\n|start\n|switch|p1a: Breloom|Breloom, L82, M|233/233\n|switch|p2a: Tyranitar|Tyranitar, L79, M|288/288\n|-weather|Sandstorm|[from] ability: Sand Stream|[of] p2a: Tyranitar\n|turn|1\n|inactive|Battle timer is ON: inactive players will automatically lose when time's up. (requested by koopa003)\n|\n|t:|1732974127\n|move|p1a: Breloom|Bullet Seed|p2a: Tyranitar\n|-supereffective|p2a: Tyranitar\n|-damage|p2a: Tyranitar|168/288\n|-supereffective|p2a: Tyranitar\n|-damage|p2a: Tyranitar|64/288\n|-hitcount|p2a: Tyranitar|2\n|-damage|p1a: Breloom|210/233|[from] item: Life Orb\n|move|p2a: Tyranitar|Dragon Tail|p1a: Breloom\n|-damage|p1a: Breloom|152/233\n|drag|p1a: Flygon|Flygon, L82, F|265/265\n|\n|-weather|Sandstorm|[upkeep]\n|upkeep\n|turn|2\n|\n|t:|1732974133\n|move|p1a: Flygon|U-turn|p2a: Tyranitar\n|-supereffective|p2a: Tyranitar\n|-damage|p2a: Tyranitar|0 fnt\n|faint|p2a: Tyranitar\n|\n|t:|1732974139\n|switch|p1a: Palossand|Palossand, L89, M|296/296|[from] U-turn\n|\n|-weather|Sandstorm|[upkeep]\n|upkeep\n|\n|t:|1732974145\n|switch|p2a: Hoopa|Hoopa, L85|275/275\n|turn|3\n|\n|t:|1732974154\n|switch|p1a: Tinkaton|Tinkaton, L82, F|274/274\n|-ability|p1a: Tinkaton|Mold Breaker\n|move|p2a: Hoopa|Shadow Ball|p1a: Tinkaton\n|-damage|p1a: Tinkaton|132/274\n|-unboost|p1a: Tinkaton|spd|1\n|-damage|p2a: Hoopa|248/275|[from] item: Life Orb\n|\n|-weather|Sandstorm|[upkeep]\n|-damage|p2a: Hoopa|231/275|[from] Sandstorm\n|-heal|p1a: Tinkaton|149/274|[from] item: Leftovers\n|upkeep\n|turn|4\n|\n|t:|1732974166\n|switch|p2a: Gholdengo|Gholdengo, L77|261/261\n|move|p1a: Tinkaton|Knock Off|p2a: Gholdengo\n|-supereffective|p2a: Gholdengo\n|-damage|p2a: Gholdengo|145/261\n|-enditem|p2a: Gholdengo|Leftovers|[from] move: Knock Off|[of] p1a: Tinkaton\n|\n|-weather|Sandstorm|[upkeep]\n|-heal|p1a: Tinkaton|166/274|[from] item: Leftovers\n|upkeep\n|turn|5\n|inactive|koopa003 has 120 seconds left.\n|\n|t:|1732974213\n|move|p1a: Tinkaton|Knock Off|p2a: Gholdengo\n|-supereffective|p2a: Gholdengo\n|-damage|p2a: Gholdengo|65/261\n|move|p2a: Gholdengo|Make It Rain|p1a: Tinkaton\n|-damage|p1a: Tinkaton|0 fnt\n|-unboost|p2a: Gholdengo|spa|1\n|faint|p1a: Tinkaton\n|\n|-weather|none\n|upkeep\n|\n|t:|1732974223\n|switch|p1a: Milotic|Milotic, L83, M|293/293\n|turn|6\n|\n|t:|1732974232\n|switch|p2a: Gothitelle|Gothitelle, L90, M|272/272\n|move|p1a: Milotic|Scald|p2a: Gothitelle\n|-damage|p2a: Gothitelle|208/272\n|-status|p2a: Gothitelle|brn\n|\n|-damage|p2a: Gothitelle|191/272 brn|[from] brn\n|upkeep\n|turn|7\n|\n|t:|1732974241\n|move|p2a: Gothitelle|Psychic|p1a: Milotic\n|-damage|p1a: Milotic|215/293\n|move|p1a: Milotic|Flip Turn|p2a: Gothitelle\n|-damage|p2a: Gothitelle|152/272 brn\n|\n|t:|1732974245\n|switch|p1a: Breloom|Breloom, L82, M|152/233|[from] Flip Turn\n|\n|-damage|p2a: Gothitelle|135/272 brn|[from] brn\n|upkeep\n|turn|8\n|\n|t:|1732974252\n|move|p1a: Breloom|Mach Punch|p2a: Gothitelle\n|-resisted|p2a: Gothitelle\n|-damage|p2a: Gothitelle|93/272 brn\n|-damage|p1a: Breloom|129/233|[from] item: Life Orb\n|move|p2a: Gothitelle|Psychic|p1a: Breloom\n|-supereffective|p1a: Breloom\n|-damage|p1a: Breloom|0 fnt\n|faint|p1a: Breloom\n|\n|-damage|p2a: Gothitelle|76/272 brn|[from] brn\n|upkeep\n|\n|t:|1732974256\n|switch|p1a: Flygon|Flygon, L82, F|265/265\n|turn|9\n|\n|t:|1732974263\n|move|p1a: Flygon|U-turn|p2a: Gothitelle\n|-supereffective|p2a: Gothitelle\n|-damage|p2a: Gothitelle|0 fnt\n|faint|p2a: Gothitelle\n|\n|t:|1732974268\n|switch|p1a: Milotic|Milotic, L83, M|215/293|[from] U-turn\n|\n|-heal|p1a: Milotic|233/293|[from] item: Leftovers\n|upkeep\n|\n|t:|1732974274\n|switch|p2a: Hoopa|Hoopa, L85|231/275\n|turn|10\n|\n|t:|1732974280\n|move|p1a: Milotic|Scald|p2a: Hoopa\n|-damage|p2a: Hoopa|173/275\n|move|p2a: Hoopa|Nasty Plot|p2a: Hoopa\n|-boost|p2a: Hoopa|spa|2\n|\n|-heal|p1a: Milotic|251/293|[from] item: Leftovers\n|upkeep\n|turn|11\n|\n|t:|1732974283\n|move|p1a: Milotic|Scald|p2a: Hoopa\n|-damage|p2a: Hoopa|112/275\n|-status|p2a: Hoopa|brn\n|move|p2a: Hoopa|Psychic|p1a: Milotic\n|-damage|p1a: Milotic|0 fnt\n|faint|p1a: Milotic\n|-damage|p2a: Hoopa|85/275 brn|[from] item: Life Orb\n|\n|-damage|p2a: Hoopa|68/275 brn|[from] brn\n|upkeep\n|\n|t:|1732974287\n|switch|p1a: Flygon|Flygon, L82, F|265/265\n|turn|12\n|\n|t:|1732974296\n|switch|p2a: Gholdengo|Gholdengo, L77|65/261\n|move|p1a: Flygon|U-turn|p2a: Gholdengo\n|-resisted|p2a: Gholdengo\n|-damage|p2a: Gholdengo|54/261\n|\n|t:|1732974306\n|switch|p1a: Eelektross|Eelektross, L87, M|290/290|[from] U-turn\n|\n|upkeep\n|turn|13\n|\n|t:|1732974310\n|move|p2a: Gholdengo|Shadow Ball|p1a: Eelektross\n|-damage|p1a: Eelektross|193/290\n|move|p1a: Eelektross|Fire Punch|p2a: Gholdengo\n|-supereffective|p2a: Gholdengo\n|-damage|p2a: Gholdengo|0 fnt\n|faint|p2a: Gholdengo\n|\n|-heal|p1a: Eelektross|211/290|[from] item: Leftovers\n|upkeep\n|\n|t:|1732974318\n|switch|p2a: Arcanine|Arcanine, L84, F|288/288\n|-ability|p2a: Arcanine|Intimidate|boost\n|-unboost|p1a: Eelektross|atk|1\n|turn|14\n|\n|t:|1732974324\n|switch|p1a: Palossand|Palossand, L89, M|296/296\n|move|p2a: Arcanine|Flare Blitz|p1a: Palossand\n|-damage|p1a: Palossand|182/296\n|-damage|p2a: Arcanine|250/288|[from] Recoil\n|\n|-heal|p1a: Palossand|200/296|[from] item: Leftovers\n|upkeep\n|turn|15\n|\n|t:|1732974330\n|move|p2a: Arcanine|Flare Blitz|p1a: Palossand\n|-damage|p1a: Palossand|85/296\n|-damage|p2a: Arcanine|212/288|[from] Recoil\n|move|p1a: Palossand|Earth Power|p2a: Arcanine\n|-supereffective|p2a: Arcanine\n|-damage|p2a: Arcanine|0 fnt\n|faint|p2a: Arcanine\n|\n|-heal|p1a: Palossand|103/296|[from] item: Leftovers\n|upkeep\n|\n|t:|1732974341\n|switch|p2a: Hoopa|Hoopa, L85|68/275 brn\n|turn|16\n|\n|t:|1732974359\n|move|p2a: Hoopa|Psychic|p1a: Palossand\n|-damage|p1a: Palossand|0 fnt\n|faint|p1a: Palossand\n|-damage|p2a: Hoopa|41/275 brn|[from] item: Life Orb\n|\n|-damage|p2a: Hoopa|24/275 brn|[from] brn\n|upkeep\n|\n|t:|1732974360\n|switch|p1a: Flygon|Flygon, L82, F|265/265\n|turn|17\n|\n|t:|1732974365\n|move|p1a: Flygon|U-turn|p2a: Hoopa\n|-damage|p2a: Hoopa|0 fnt\n|faint|p2a: Hoopa\n|\n|t:|1732974367\n|switch|p1a: Eelektross|Eelektross, L87, M|211/290|[from] U-turn\n|\n|-heal|p1a: Eelektross|229/290|[from] item: Leftovers\n|upkeep\n|\n|t:|1732974368\n|switch|p2a: Dragonite|Dragonite, L74, F|257/257\n|turn|18\n|\n|t:|1732974373\n|move|p2a: Dragonite|Dragon Dance|p2a: Dragonite\n|-boost|p2a: Dragonite|atk|1\n|-boost|p2a: Dragonite|spe|1\n|move|p1a: Eelektross|Coil|p1a: Eelektross\n|-boost|p1a: Eelektross|atk|1\n|-boost|p1a: Eelektross|def|1\n|-boost|p1a: Eelektross|accuracy|1\n|\n|-heal|p1a: Eelektross|247/290|[from] item: Leftovers\n|upkeep\n|turn|19\n|\n|t:|1732974378\n|move|p2a: Dragonite|Dragon Dance|p2a: Dragonite\n|-boost|p2a: Dragonite|atk|1\n|-boost|p2a: Dragonite|spe|1\n|move|p1a: Eelektross|Fire Punch|p2a: Dragonite\n|-resisted|p2a: Dragonite\n|-damage|p2a: Dragonite|231/257\n|\n|-heal|p1a: Eelektross|265/290|[from] item: Leftovers\n|upkeep\n|turn|20\n|\n|t:|1732974381\n|move|p2a: Dragonite|Outrage|p1a: Eelektross\n|-damage|p1a: Eelektross|91/290\n|move|p1a: Eelektross|Supercell Slam|p2a: Dragonite\n|-damage|p2a: Dragonite|9/257\n|\n|-heal|p1a: Eelektross|109/290|[from] item: Leftovers\n|upkeep\n|turn|21\n|\n|t:|1732974390\n|move|p2a: Dragonite|Outrage|p1a: Eelektross|[from]lockedmove\n|-damage|p1a: Eelektross|0 fnt\n|faint|p1a: Eelektross\n|-start|p2a: Dragonite|confusion|[fatigue]\n|\n|upkeep\n|\n|t:|1732974391\n|switch|p1a: Flygon|Flygon, L82, F|265/265\n|turn|22\n|\n|t:|1732974399\n|-terastallize|p1a: Flygon|Rock\n|-activate|p2a: Dragonite|confusion\n|move|p2a: Dragonite|Outrage|p1a: Flygon\n|-damage|p1a: Flygon|0 fnt\n|faint|p1a: Flygon\n|\n|win|ananananji\n|raw|koopa003's rating: 2268 &rarr; <strong>2243</strong><br />(-25 for losing)\n|raw|ananananji's rating: 2185 &rarr; <strong>2210</strong><br />(+25 for winning)\n", "inputlog": ">version b107d77f5c90bd6555267ae244a6264823309ead\n>start {\"formatid\":\"gen9randombattle\",\"seed\":[32636,42107,53704,8535],\"rated\":\"Rated battle\"}\n>player p1 {\"name\":\"koopa003\",\"avatar\":\"brycenman\",\"rating\":2268,\"seed\":[4377,15919,63394,29301]}\n>player p2 {\"name\":\"ananananji\",\"avatar\":\"102\",\"rating\":2185,\"seed\":[54360,59471,2709,34059]}\n>p1 move bulletseed\n>p2 move dragontail\n>p1 move uturn\n>p2 move icebeam\n>p1 switch 2\n>p2 switch 5\n>p1 switch 6\n>p2 move shadowball\n>p1 move knockoff\n>p2 switch 4\n>p1 move knockoff\n>p2 move makeitrain\n>p1 switch 5\n>p1 move scald\n>p2 switch 3\n>p1 move flipturn\n>p2 move psychic\n>p1 switch 4\n>p1 move machpunch\n>p2 move psychic\n>p1 switch 2\n>p1 move uturn\n>p2 move psychic\n>p1 switch 4\n>p2 switch 4\n>p1 move scald\n>p2 move nastyplot\n>p1 move scald\n>p2 move psychic\n>p1 switch 4\n>p1 move uturn\n>p2 switch 3\n>p1 switch 3\n>p1 move firepunch\n>p2 move shadowball\n>p2 switch 6\n>p1 switch 6\n>p2 move flareblitz\n>p1 move earthpower\n>p2 move flareblitz\n>p2 switch 3\n>p1 move shadowball\n>p2 move psychic\n>p1 switch 3\n>p1 move uturn\n>p2 move psychic\n>p1 switch 6\n>p2 switch 2\n>p1 move coil\n>p2 move dragondance\n>p1 move firepunch\n>p2 move dragondance\n>p1 move supercellslam\n>p2 move outrage\n>p1 move supercellslam\n>p2 move outrage\n>p1 switch 6\n>p1 move outrage terastallize\n>p2 move outrage", "uploadtime": 1732974403, "views": 6, "formatid": "gen9randombattle", "rating": 2210, "private": 0, "password": null}