{"id": "gen9randombattle-2253993998", "format": "[Gen 9] Random Battle", "players": ["NexusAS", "drunk landowner"], "log": "|j|\u2606NexusAS\n|j|\u2606drunk landowner\n|t:|1732977188\n|gametype|singles\n|player|p1|NexusAS|red-masters|2212\n|player|p2|drunk landowner|scientist-gen1|2166\n|teamsize|p1|6\n|teamsize|p2|6\n|gen|9\n|tier|[Gen 9] Random Battle\n|rated|\n|rule|Species Clause: Limit one of each Pok\u00e9mon\n|rule|HP Percentage Mod: HP is shown in percentages\n|rule|Sleep Clause Mod: Limit one foe put to sleep\n|rule|Illusion Level Mod: Illusion disguises the Pok\u00e9mon's true level\n|\n|t:|1732977188\n|start\n|switch|p1a: Torterra|Torterra, L78, M|276/276\n|switch|p2a: Latios|Latios, L78, M|253/253\n|turn|1\n|inactive|Battle timer is ON: inactive players will automatically lose when time's up. (requested by NexusAS)\n|inactive|NexusAS has 120 seconds left.\n|\n|t:|1732977231\n|switch|p1a: Porygon-Z|Porygon-Z, L83|277/277\n|-ability|p1a: Porygon-Z|Download|boost\n|-boost|p1a: Porygon-Z|atk|1\n|move|p2a: Latios|Draco Meteor|p1a: Porygon-Z\n|-damage|p1a: Porygon-Z|28/277\n|-unboost|p2a: Latios|spa|2\n|\n|upkeep\n|turn|2\n|\n|t:|1732977248\n|switch|p2a: Iron Treads|Iron Treads, L77|265/265\n|move|p1a: Porygon-Z|Shadow Ball|p2a: Iron Treads\n|-damage|p2a: Iron Treads|206/265\n|\n|upkeep\n|turn|3\n|\n|t:|1732977254\n|switch|p1a: Yanmega|Yanmega, L82, M|275/275\n|move|p2a: Iron Treads|Volt Switch|p1a: Yanmega\n|-supereffective|p1a: Yanmega\n|-damage|p1a: Yanmega|189/275\n|\n|t:|1732977266\n|-end|p2a: Iron Treads|Quark Drive|[silent]\n|switch|p2a: Latios|Latios, L78, M|253/253|[from] Volt Switch\n|\n|upkeep\n|turn|4\n|\n|t:|1732977289\n|move|p2a: Latios|Luster Purge|p1a: Yanmega\n|-damage|p1a: Yanmega|0 fnt\n|faint|p1a: Yanmega\n|\n|upkeep\n|\n|t:|1732977302\n|switch|p1a: Porygon-Z|Porygon-Z, L83|28/277\n|-ability|p1a: Porygon-Z|Download|boost\n|-boost|p1a: Porygon-Z|atk|1\n|turn|5\n|\n|t:|1732977314\n|switch|p2a: Iron Treads|Iron Treads, L77|206/265\n|move|p1a: Porygon-Z|Shadow Ball|p2a: Iron Treads\n|-damage|p2a: Iron Treads|145/265\n|-unboost|p2a: Iron Treads|spd|1\n|\n|upkeep\n|turn|6\n|\n|t:|1732977324\n|switch|p1a: Crabominable|Crabominable, L90, M|321/321\n|move|p2a: Iron Treads|Rapid Spin|p1a: Crabominable\n|-damage|p1a: Crabominable|289/321\n|-boost|p2a: Iron Treads|spe|1\n|\n|upkeep\n|turn|7\n|\n|t:|1732977337\n|-end|p2a: Iron Treads|Quark Drive|[silent]\n|switch|p2a: Banette|Banette, L93, M|270/270\n|move|p1a: Crabominable|Knock Off|p2a: Banette\n|-supereffective|p2a: Banette\n|-damage|p2a: Banette|0 fnt\n|-enditem|p2a: Banette|Life Orb|[from] move: Knock Off|[of] p1a: Crabominable\n|faint|p2a: Banette\n|\n|upkeep\n|\n|t:|1732977358\n|switch|p2a: Koraidon|Koraidon, L64|235/235\n|-weather|SunnyDay|[from] ability: Orichalcum Pulse|[of] p2a: Koraidon\n|-activate|p2a: Koraidon|Orichalcum Pulse|[source]\n|turn|8\n|\n|t:|1732977367\n|move|p2a: Koraidon|Collision Course|p1a: Crabominable\n|-supereffective|p1a: Crabominable\n|-damage|p1a: Crabominable|1/321\n|move|p1a: Crabominable|Knock Off|p2a: Koraidon\n|-resisted|p2a: Koraidon\n|-damage|p2a: Koraidon|151/235\n|-enditem|p2a: Koraidon|Loaded Dice|[from] move: Knock Off|[of] p1a: Crabominable\n|\n|-weather|SunnyDay|[upkeep]\n|upkeep\n|turn|9\n|inactive|drunk landowner has 120 seconds left.\n|\n|t:|1732977396\n|move|p2a: Koraidon|Swords Dance|p2a: Koraidon\n|-boost|p2a: Koraidon|atk|2\n|move|p1a: Crabominable|Knock Off|p2a: Koraidon\n|-resisted|p2a: Koraidon\n|-damage|p2a: Koraidon|101/235\n|\n|-weather|SunnyDay|[upkeep]\n|upkeep\n|turn|10\n|\n|t:|1732977403\n|move|p2a: Koraidon|Scale Shot|p1a: Crabominable\n|-damage|p1a: Crabominable|0 fnt\n|faint|p1a: Crabominable\n|-hitcount|p1: Crabominable|1\n|-unboost|p2a: Koraidon|def|1\n|-boost|p2a: Koraidon|spe|1\n|\n|-weather|SunnyDay|[upkeep]\n|upkeep\n|\n|t:|1732977417\n|switch|p1a: Regidrago|Regidrago, L77|435/435\n|turn|11\n|\n|t:|1732977426\n|move|p2a: Koraidon|Scale Shot|p1a: Regidrago\n|-supereffective|p1a: Regidrago\n|-damage|p1a: Regidrago|261/435\n|-supereffective|p1a: Regidrago\n|-damage|p1a: Regidrago|93/435\n|-hitcount|p1a: Regidrago|2\n|-unboost|p2a: Koraidon|def|1\n|-boost|p2a: Koraidon|spe|1\n|move|p1a: Regidrago|Dragon Claw|p2a: Koraidon\n|-supereffective|p2a: Koraidon\n|-damage|p2a: Koraidon|0 fnt\n|faint|p2a: Koraidon\n|-damage|p1a: Regidrago|50/435|[from] item: Life Orb\n|\n|-weather|SunnyDay|[upkeep]\n|upkeep\n|\n|t:|1732977448\n|switch|p2a: Serperior|Serperior, L79, M|248/248\n|turn|12\n|\n|t:|1732977454\n|move|p2a: Serperior|Leaf Storm|p1a: Regidrago\n|-resisted|p1a: Regidrago\n|-damage|p1a: Regidrago|0 fnt\n|-boost|p2a: Serperior|spa|2\n|faint|p1a: Regidrago\n|-damage|p2a: Serperior|224/248|[from] item: Life Orb\n|\n|-weather|none\n|upkeep\n|\n|t:|1732977461\n|switch|p1a: Porygon-Z|Porygon-Z, L83|28/277\n|-ability|p1a: Porygon-Z|Download|boost\n|-boost|p1a: Porygon-Z|spa|1\n|turn|13\n|\n|t:|1732977468\n|switch|p2a: Iron Treads|Iron Treads, L77|145/265\n|move|p1a: Porygon-Z|Tri Attack|p2a: Iron Treads\n|-resisted|p2a: Iron Treads\n|-damage|p2a: Iron Treads|76/265\n|\n|upkeep\n|turn|14\n|\n|t:|1732977478\n|move|p1a: Porygon-Z|Tri Attack|p2a: Iron Treads\n|-resisted|p2a: Iron Treads\n|-damage|p2a: Iron Treads|0 fnt\n|faint|p2a: Iron Treads\n|-end|p2a: Iron Treads|Quark Drive|[silent]\n|\n|upkeep\n|\n|t:|1732977496\n|switch|p2a: Farigiraf|Farigiraf, L91, F|366/366\n|turn|15\n|\n|t:|1732977499\n|move|p1a: Porygon-Z|Tri Attack|p2a: Farigiraf\n|-damage|p2a: Farigiraf|203/366\n|-status|p2a: Farigiraf|frz\n|cant|p2a: Farigiraf|frz\n|\n|-heal|p2a: Farigiraf|225/366 frz|[from] item: Leftovers\n|upkeep\n|turn|16\n|c|\u2606drunk landowner|goddamn this game sucks\n|\n|t:|1732977518\n|move|p1a: Porygon-Z|Tri Attack|p2a: Farigiraf\n|-damage|p2a: Farigiraf|57/366 frz\n|cant|p2a: Farigiraf|frz\n|\n|-heal|p2a: Farigiraf|79/366 frz|[from] item: Leftovers\n|upkeep\n|turn|17\n|c|\u2606NexusAS|the most painful game\n|\n|t:|1732977523\n|move|p1a: Porygon-Z|Tri Attack|p2a: Farigiraf\n|-damage|p2a: Farigiraf|0 fnt\n|faint|p2a: Farigiraf\n|\n|upkeep\n|\n|t:|1732977526\n|switch|p2a: Latios|Latios, L78, M|253/253\n|turn|18\n|\n|t:|1732977536\n|-terastallize|p2a: Latios|Steel\n|move|p1a: Porygon-Z|Tri Attack|p2a: Latios\n|-resisted|p2a: Latios\n|-damage|p2a: Latios|180/253\n|move|p2a: Latios|Flip Turn|p1a: Porygon-Z\n|-damage|p1a: Porygon-Z|0 fnt\n|faint|p1a: Porygon-Z\n|\n|t:|1732977541\n|switch|p2a: Serperior|Serperior, L79, M|224/248|[from] Flip Turn\n|\n|upkeep\n|\n|t:|1732977542\n|switch|p1a: Torterra|Torterra, L78, M|276/276\n|turn|19\n|\n|t:|1732977554\n|move|p2a: Serperior|Glare|p1a: Torterra\n|-status|p1a: Torterra|par\n|move|p1a: Torterra|Shell Smash|p1a: Torterra\n|-unboost|p1a: Torterra|def|1\n|-unboost|p1a: Torterra|spd|1\n|-boost|p1a: Torterra|atk|2\n|-boost|p1a: Torterra|spa|2\n|-boost|p1a: Torterra|spe|2\n|\n|upkeep\n|turn|20\n|\n|t:|1732977562\n|move|p2a: Serperior|Leaf Storm|p1a: Torterra\n|-damage|p1a: Torterra|77/276 par\n|-boost|p2a: Serperior|spa|2\n|-damage|p2a: Serperior|200/248|[from] item: Life Orb\n|move|p1a: Torterra|Headlong Rush|p2a: Serperior\n|-resisted|p2a: Serperior\n|-damage|p2a: Serperior|71/248\n|-unboost|p1a: Torterra|def|1\n|-unboost|p1a: Torterra|spd|1\n|\n|upkeep\n|turn|21\n|\n|t:|1732977569\n|move|p2a: Serperior|Leaf Storm|p1a: Torterra\n|-crit|p1a: Torterra\n|-damage|p1a: Torterra|0 fnt\n|-boost|p2a: Serperior|spa|2\n|faint|p1a: Torterra\n|-damage|p2a: Serperior|47/248|[from] item: Life Orb\n|\n|upkeep\n|\n|t:|1732977571\n|switch|p1a: Iron Thorns|Iron Thorns, L83|302/302\n|-enditem|p1a: Iron Thorns|Booster Energy\n|-activate|p1a: Iron Thorns|ability: Quark Drive|[fromitem]\n|-start|p1a: Iron Thorns|quarkdriveatk\n|turn|22\n|\n|t:|1732977576\n|move|p2a: Serperior|Leaf Storm|p1a: Iron Thorns\n|-supereffective|p1a: Iron Thorns\n|-damage|p1a: Iron Thorns|0 fnt\n|-boost|p2a: Serperior|spa|2\n|faint|p1a: Iron Thorns\n|-end|p1a: Iron Thorns|Quark Drive|[silent]\n|-damage|p2a: Serperior|23/248|[from] item: Life Orb\n|\n|win|drunk landowner\n", "inputlog": ">version b107d77f5c90bd6555267ae244a6264823309ead\n>start {\"formatid\":\"gen9randombattle\",\"seed\":[32524,11075,39785,16852],\"rated\":\"Rated battle\"}\n>player p1 {\"name\":\"NexusAS\",\"avatar\":\"red-masters\",\"rating\":2212,\"seed\":[56475,62658,57285,62672]}\n>player p2 {\"name\":\"drunk landowner\",\"avatar\":\"scientist-gen1\",\"rating\":2166,\"seed\":[3732,45195,22583,46803]}\n>p1 switch 6\n>p2 move dracometeor\n>p1 move shadowball\n>p2 switch 5\n>p1 switch 2\n>p2 move voltswitch\n>p2 switch 5\n>p1 move bugbuzz\n>p2 move lusterpurge\n>p1 switch 2\n>p1 move shadowball\n>p2 switch 5\n>p1 switch 4\n>p2 move rapidspin\n>p1 move knockoff\n>p2 switch 3\n>p2 switch 2\n>p1 move knockoff\n>p2 move collisioncourse\n>p1 move knockoff\n>p2 move swordsdance\n>p1 move knockoff\n>p2 move scaleshot\n>p1 switch 3\n>p1 move dragonclaw\n>p2 move scaleshot\n>p2 switch 6\n>p1 move dragonclaw\n>p2 move leafstorm\n>p1 switch 4\n>p1 move triattack\n>p2 switch 3\n>p1 move triattack\n>p2 move earthquake\n>p2 switch 4\n>p1 move triattack\n>p2 move bodyslam\n>chat \u2606drunk landowner|goddamn this game sucks\n>p1 move triattack\n>p2 move bodyslam\n>chat \u2606NexusAS|the most painful game\n>p1 move triattack\n>p2 move bodyslam\n>p2 switch 5\n>p1 move triattack\n>p2 move flipturn terastallize\n>p2 switch 3\n>p1 switch 6\n>p1 move shellsmash\n>p2 move glare\n>p1 move headlongrush\n>p2 move leafstorm\n>p1 move rockblast\n>p2 move leafstorm\n>p1 switch 5\n>p1 move dragondance\n>p2 move leafstorm", "uploadtime": 1732977510, "views": 1, "formatid": "gen9randombattle", "rating": null, "private": 0, "password": null}