{"id": "gen9randombattle-2253911591", "format": "[Gen 9] Random Battle", "players": ["dylansaunders", "MrChickenLord101"], "log": "|j|\u2606dylansaunders\n|j|\u2606MrChickenLord101\n|t:|1732962100\n|gametype|singles\n|player|p1|dylansaunders|2|1383\n|player|p2|MrChickenLord101|2|1415\n|teamsize|p1|6\n|teamsize|p2|6\n|gen|9\n|tier|[Gen 9] Random Battle\n|rated|\n|rule|Species Clause: Limit one of each Pok\u00e9mon\n|rule|HP Percentage Mod: HP is shown in percentages\n|rule|Sleep Clause Mod: Limit one foe put to sleep\n|rule|Illusion Level Mod: Illusion disguises the Pok\u00e9mon's true level\n|\n|t:|1732962100\n|start\n|switch|p1a: Ursaluna|Ursaluna, L79, M|335/335\n|switch|p2a: Minior|Minior-Orange, L79|224/224\n|-formechange|p2a: Minior|Minior-Meteor||[from] ability: Shields Down\n|turn|1\n|\n|t:|1732962125\n|switch|p2a: Meloetta|Meloetta, L82|298/298\n|move|p1a: Ursaluna|Trailblaze|p2a: Meloetta\n|-damage|p2a: Meloetta|248/298\n|-boost|p1a: Ursaluna|spe|1\n|\n|-status|p1a: Ursaluna|brn|[from] item: Flame Orb\n|upkeep\n|turn|2\n|inactive|Battle timer is ON: inactive players will automatically lose when time's up. (requested by dylansaunders)\n|\n|t:|1732962133\n|move|p2a: Meloetta|Triple Axel|p1a: Ursaluna|[miss]\n|-miss|p2a: Meloetta|p1a: Ursaluna\n|move|p1a: Ursaluna|Crunch|p2a: Meloetta\n|-supereffective|p2a: Meloetta\n|-damage|p2a: Meloetta|6/298\n|\n|-damage|p1a: Ursaluna|315/335 brn|[from] brn\n|upkeep\n|turn|3\n|\n|t:|1732962142\n|-terastallize|p1a: Ursaluna|Normal\n|move|p2a: Meloetta|Triple Axel|p1a: Ursaluna\n|-damage|p1a: Ursaluna|301/335 brn\n|-damage|p1a: Ursaluna|271/335 brn\n|-damage|p1a: Ursaluna|232/335 brn\n|-hitcount|p1a: Ursaluna|3\n|-damage|p2a: Meloetta|0 fnt|[from] item: Life Orb\n|faint|p2a: Meloetta\n|move|p1a: Ursaluna|Trailblaze|p2: Meloetta|[notarget]\n|-fail|p1a: Ursaluna\n|\n|-damage|p1a: Ursaluna|212/335 brn|[from] brn\n|upkeep\n|\n|t:|1732962157\n|switch|p2a: Scrafty|Scrafty, L84, M|246/246\n|-ability|p2a: Scrafty|Intimidate|boost\n|-unboost|p1a: Ursaluna|atk|1\n|turn|4\n|\n|t:|1732962174\n|move|p1a: Ursaluna|Trailblaze|p2a: Scrafty\n|-damage|p2a: Scrafty|214/246\n|-boost|p1a: Ursaluna|spe|1\n|move|p2a: Scrafty|Close Combat|p1a: Ursaluna\n|-supereffective|p1a: Ursaluna\n|-damage|p1a: Ursaluna|0 fnt\n|-unboost|p2a: Scrafty|def|1\n|-unboost|p2a: Scrafty|spd|1\n|faint|p1a: Ursaluna\n|-damage|p2a: Scrafty|190/246|[from] item: Life Orb\n|\n|upkeep\n|\n|t:|1732962182\n|switch|p1a: Iron Boulder|Iron Boulder, L77|265/265\n|-enditem|p1a: Iron Boulder|Booster Energy\n|-activate|p1a: Iron Boulder|ability: Quark Drive|[fromitem]\n|-start|p1a: Iron Boulder|quarkdrivespe\n|turn|5\n|\n|t:|1732962196\n|move|p1a: Iron Boulder|Close Combat|p2a: Scrafty\n|-supereffective|p2a: Scrafty\n|-damage|p2a: Scrafty|0 fnt\n|-unboost|p1a: Iron Boulder|def|1\n|-unboost|p1a: Iron Boulder|spd|1\n|faint|p2a: Scrafty\n|\n|upkeep\n|\n|t:|1732962209\n|switch|p2a: Delphox|Delphox, L84, M|263/263\n|turn|6\n|\n|t:|1732962237\n|move|p1a: Iron Boulder|Mighty Cleave|p2a: Delphox\n|-supereffective|p2a: Delphox\n|-damage|p2a: Delphox|45/263\n|move|p2a: Delphox|Grass Knot|p1a: Iron Boulder\n|-supereffective|p1a: Iron Boulder\n|-damage|p1a: Iron Boulder|49/265\n|\n|upkeep\n|turn|7\n|\n|t:|1732962252\n|switch|p2a: Breloom|Breloom, L82, M|233/233\n|move|p1a: Iron Boulder|Mighty Cleave|p2a: Breloom\n|-resisted|p2a: Breloom\n|-damage|p2a: Breloom|173/233\n|\n|upkeep\n|turn|8\n|inactive|dylansaunders has 120 seconds left.\n|\n|t:|1732962282\n|-end|p1a: Iron Boulder|Quark Drive|[silent]\n|switch|p1a: Victreebel|Victreebel, L90, F|290/290\n|move|p2a: Breloom|Mach Punch|p1a: Victreebel\n|-resisted|p1a: Victreebel\n|-damage|p1a: Victreebel|232/290\n|-damage|p2a: Breloom|150/233|[from] item: Life Orb\n|\n|upkeep\n|turn|9\n|\n|t:|1732962292\n|switch|p2a: Zapdos|Zapdos, L78|268/268\n|move|p1a: Victreebel|Sludge Wave|p2a: Zapdos\n|-damage|p2a: Zapdos|107/268\n|-damage|p1a: Victreebel|203/290|[from] item: Life Orb\n|\n|upkeep\n|turn|10\n|inactive|dylansaunders has 120 seconds left.\n|\n|t:|1732962307\n|switch|p1a: Carbink|Carbink, L90|236/236\n|move|p2a: Zapdos|Hurricane|p1a: Carbink|[miss]\n|-miss|p2a: Zapdos|p1a: Carbink\n|\n|upkeep\n|turn|11\n|\n|t:|1732962315\n|-terastallize|p2a: Zapdos|Electric\n|move|p2a: Zapdos|Roost|p2a: Zapdos\n|-heal|p2a: Zapdos|241/268\n|move|p1a: Carbink|Moonblast|p2a: Zapdos\n|-damage|p2a: Zapdos|162/268\n|\n|upkeep\n|turn|12\n|inactive|dylansaunders has 120 seconds left.\n|\n|t:|1732962323\n|move|p2a: Zapdos|Thunderbolt|p1a: Carbink\n|-damage|p1a: Carbink|156/236\n|move|p1a: Carbink|Iron Defense|p1a: Carbink\n|-boost|p1a: Carbink|def|2\n|\n|upkeep\n|turn|13\n|\n|t:|1732962329\n|move|p2a: Zapdos|Thunderbolt|p1a: Carbink\n|-damage|p1a: Carbink|66/236\n|move|p1a: Carbink|Body Press|p2a: Zapdos\n|-damage|p2a: Zapdos|0 fnt\n|faint|p2a: Zapdos\n|\n|upkeep\n|\n|t:|1732962334\n|switch|p2a: Minior|Minior-Orange, L79|224/224\n|-formechange|p2a: Minior|Minior-Meteor||[from] ability: Shields Down\n|turn|14\n|\n|t:|1732962343\n|move|p1a: Carbink|Rest|p1a: Carbink\n|-status|p1a: Carbink|slp|[from] move: Rest\n|-heal|p1a: Carbink|236/236 slp|[silent]\n|-enditem|p1a: Carbink|Chesto Berry|[eat]\n|-curestatus|p1a: Carbink|slp|[msg]\n|move|p2a: Minior|Shell Smash|p2a: Minior\n|-unboost|p2a: Minior|def|1\n|-unboost|p2a: Minior|spd|1\n|-boost|p2a: Minior|atk|2\n|-boost|p2a: Minior|spa|2\n|-boost|p2a: Minior|spe|2\n|-enditem|p2a: Minior|White Herb\n|-clearnegativeboost|p2a: Minior|[silent]\n|\n|upkeep\n|turn|15\n|\n|t:|1732962355\n|move|p2a: Minior|Earthquake|p1a: Carbink\n|-supereffective|p1a: Carbink\n|-damage|p1a: Carbink|180/236\n|move|p1a: Carbink|Body Press|p2a: Minior\n|-damage|p2a: Minior|39/224\n|\n|-formechange|p2a: Minior|Minior-Orange||[from] ability: Shields Down\n|upkeep\n|turn|16\n|\n|t:|1732962366\n|move|p2a: Minior|Earthquake|p1a: Carbink\n|-supereffective|p1a: Carbink\n|-damage|p1a: Carbink|96/236\n|move|p1a: Carbink|Moonblast|p2a: Minior\n|-damage|p2a: Minior|0 fnt\n|faint|p2a: Minior\n|\n|upkeep\n|\n|t:|1732962369\n|switch|p2a: Breloom|Breloom, L82, M|150/233\n|turn|17\n|\n|t:|1732962375\n|move|p2a: Breloom|Bullet Seed|p1a: Carbink\n|-supereffective|p1a: Carbink\n|-damage|p1a: Carbink|57/236\n|-supereffective|p1a: Carbink\n|-damage|p1a: Carbink|18/236\n|-hitcount|p1a: Carbink|2\n|-damage|p2a: Breloom|127/233|[from] item: Life Orb\n|move|p1a: Carbink|Moonblast|p2a: Breloom\n|-supereffective|p2a: Breloom\n|-damage|p2a: Breloom|0 fnt\n|faint|p2a: Breloom\n|\n|upkeep\n|\n|t:|1732962383\n|switch|p2a: Delphox|Delphox, L84, M|45/263\n|turn|18\n|\n|t:|1732962388\n|move|p2a: Delphox|Grass Knot|p1a: Carbink\n|-supereffective|p1a: Carbink\n|-damage|p1a: Carbink|0 fnt\n|faint|p1a: Carbink\n|\n|upkeep\n|\n|t:|1732962397\n|switch|p1a: Exeggutor|Exeggutor-Alola, L89, F|314/314\n|turn|19\n|\n|t:|1732962403\n|move|p2a: Delphox|Grass Knot|p1a: Exeggutor\n|-resisted|p1a: Exeggutor\n|-damage|p1a: Exeggutor|290/314\n|move|p1a: Exeggutor|Sleep Powder|p2a: Delphox\n|-status|p2a: Delphox|slp|[from] move: Sleep Powder\n|\n|upkeep\n|turn|20\n|n|!MrChickenLord101|mrchickenlord101\n|\n|t:|1732962422\n|cant|p2a: Delphox|slp\n|move|p1a: Exeggutor|Draco Meteor|p2a: Delphox\n|-damage|p2a: Delphox|0 fnt\n|-unboost|p1a: Exeggutor|spa|2\n|faint|p2a: Delphox\n|\n|win|dylansaunders\n", "inputlog": ">version b107d77f5c90bd6555267ae244a6264823309ead\n>start {\"formatid\":\"gen9randombattle\",\"seed\":[28727,20352,58991,52381],\"rated\":\"Rated battle\"}\n>player p1 {\"name\":\"dylansaunders\",\"avatar\":\"2\",\"rating\":1383,\"seed\":[65230,45291,62251,37253]}\n>player p2 {\"name\":\"MrChickenLord101\",\"avatar\":\"2\",\"rating\":1415,\"seed\":[12098,8536,54291,49233]}\n>p1 move trailblaze\n>p2 switch 5\n>p1 move crunch\n>p2 move tripleaxel\n>p1 move trailblaze terastallize\n>p2 move tripleaxel\n>p2 switch 4\n>p1 move trailblaze\n>p2 move closecombat\n>p1 switch 2\n>p1 move closecombat\n>p2 move knockoff\n>p2 switch 2\n>p1 move mightycleave\n>p2 move grassknot\n>p1 move mightycleave\n>p2 switch 6\n>p1 switch 4\n>p2 move machpunch\n>p1 move sludgewave\n>p2 switch 3\n>p1 switch 5\n>p2 move hurricane\n>p1 move moonblast\n>p2 move roost terastallize\n>p1 move irondefense\n>p2 move thunderbolt\n>p1 move bodypress\n>p2 move thunderbolt\n>p2 switch 5\n>p1 move rest\n>p2 move shellsmash\n>p1 move bodypress\n>p2 move earthquake\n>p1 move moonblast\n>p2 move earthquake\n>p2 switch 3\n>p1 move moonblast\n>p2 move bulletseed\n>p2 switch 6\n>p1 move rest\n>p2 move grassknot\n>p1 switch 6\n>p1 move sleeppowder\n>p2 move grassknot\n>chat \u2606MrChickenLord101|oh you whore\n>p1 move dracometeor\n>p2 move grassknot", "uploadtime": 1732962414, "views": 1, "formatid": "gen9randombattle", "rating": null, "private": 0, "password": null}