{"id": "gen9randombattle-2253825262", "format": "[Gen 9] Random Battle", "players": ["nignognag", "penile failure"], "log": "|j|\u2606nignognag\n|j|\u2606penile failure\n|t:|1732944151\n|gametype|singles\n|player|p1|nignognag|169|\n|player|p2|penile failure|2|\n|teamsize|p1|6\n|teamsize|p2|6\n|gen|9\n|tier|[Gen 9] Random Battle\n|rule|Species Clause: Limit one of each Pok\u00e9mon\n|rule|HP Percentage Mod: HP is shown in percentages\n|rule|Sleep Clause Mod: Limit one foe put to sleep\n|rule|Illusion Level Mod: Illusion disguises the Pok\u00e9mon's true level\n|\n|t:|1732944151\n|start\n|switch|p1a: Salamence|Salamence, L77, F|273/273\n|switch|p2a: Jolteon|Jolteon, L84, F|246/246\n|turn|1\n|\n|t:|1732944172\n|move|p2a: Jolteon|Alluring Voice|p1a: Salamence\n|-supereffective|p1a: Salamence\n|-damage|p1a: Salamence|61/273\n|move|p1a: Salamence|Earthquake|p2a: Jolteon\n|-supereffective|p2a: Jolteon\n|-damage|p2a: Jolteon|34/246\n|\n|upkeep\n|turn|2\n|\n|t:|1732944211\n|switch|p1a: Orthworm|Orthworm, L88, M|266/266\n|move|p2a: Jolteon|Alluring Voice|p1a: Orthworm\n|-resisted|p1a: Orthworm\n|-damage|p1a: Orthworm|206/266\n|\n|upkeep\n|turn|3\n|\n|t:|1732944237\n|switch|p2a: Dragonite|Dragonite, L74, F|257/257\n|move|p1a: Orthworm|Coil|p1a: Orthworm\n|-boost|p1a: Orthworm|atk|1\n|-boost|p1a: Orthworm|def|1\n|-boost|p1a: Orthworm|accuracy|1\n|\n|upkeep\n|turn|4\n|\n|t:|1732944256\n|move|p1a: Orthworm|Iron Tail|p2a: Dragonite\n|-damage|p2a: Dragonite|169/257\n|move|p2a: Dragonite|Dragon Dance|p2a: Dragonite\n|-boost|p2a: Dragonite|atk|1\n|-boost|p2a: Dragonite|spe|1\n|\n|upkeep\n|turn|5\n|\n|t:|1732944269\n|move|p2a: Dragonite|Earthquake|p1a: Orthworm\n|-heal|p1a: Orthworm|266/266|[from] ability: Earth Eater|[of] p2a: Dragonite\n|move|p1a: Orthworm|Body Press|p2a: Dragonite\n|-resisted|p2a: Dragonite\n|-damage|p2a: Dragonite|102/257\n|\n|upkeep\n|turn|6\n|\n|t:|1732944278\n|move|p2a: Dragonite|Roost|p2a: Dragonite\n|-heal|p2a: Dragonite|231/257\n|-singleturn|p2a: Dragonite|move: Roost\n|move|p1a: Orthworm|Iron Tail|p2a: Dragonite\n|-damage|p2a: Dragonite|69/257\n|\n|upkeep\n|turn|7\n|\n|t:|1732944288\n|move|p2a: Dragonite|Roost|p2a: Dragonite\n|-heal|p2a: Dragonite|198/257\n|-singleturn|p2a: Dragonite|move: Roost\n|move|p1a: Orthworm|Iron Tail|p2a: Dragonite\n|-damage|p2a: Dragonite|18/257\n|-unboost|p2a: Dragonite|def|1\n|\n|upkeep\n|turn|8\n|\n|t:|1732944298\n|move|p2a: Dragonite|Outrage|p1a: Orthworm\n|-resisted|p1a: Orthworm\n|-damage|p1a: Orthworm|227/266\n|move|p1a: Orthworm|Iron Tail|p2a: Dragonite\n|-damage|p2a: Dragonite|0 fnt\n|faint|p2a: Dragonite\n|\n|upkeep\n|\n|t:|1732944310\n|switch|p2a: Hitmonlee|Hitmonlee, L85, M|223/223\n|turn|9\n|\n|t:|1732944334\n|switch|p1a: Zapdos|Zapdos-Galar, L77|265/265\n|move|p2a: Hitmonlee|High Jump Kick|p1a: Zapdos\n|-resisted|p1a: Zapdos\n|-damage|p1a: Zapdos|96/265\n|\n|upkeep\n|turn|10\n|\n|t:|1732944346\n|move|p1a: Zapdos|Brave Bird|p2a: Hitmonlee\n|-supereffective|p2a: Hitmonlee\n|-damage|p2a: Hitmonlee|0 fnt\n|faint|p2a: Hitmonlee\n|-damage|p1a: Zapdos|22/265|[from] Recoil\n|\n|upkeep\n|\n|t:|1732944380\n|switch|p2a: Revavroom|Revavroom, L79, F|256/256\n|turn|11\n|\n|t:|1732944396\n|move|p1a: Zapdos|Brave Bird|p2a: Revavroom\n|-resisted|p2a: Revavroom\n|-damage|p2a: Revavroom|160/256\n|-damage|p1a: Zapdos|0 fnt|[from] Recoil\n|faint|p1a: Zapdos\n|move|p2a: Revavroom|Shift Gear|p2a: Revavroom\n|-boost|p2a: Revavroom|spe|2\n|-boost|p2a: Revavroom|atk|1\n|\n|upkeep\n|\n|t:|1732944425\n|switch|p1a: Pachirisu|Pachirisu, L96, M, shiny|271/271\n|turn|12\n|c|\u2606penile failure|NO SHOT\n|c|\u2606penile failure|IS THAT A SHINY\n|\n|t:|1732944464\n|move|p2a: Revavroom|High Horsepower|p1a: Pachirisu\n|-supereffective|p1a: Pachirisu\n|-damage|p1a: Pachirisu|0 fnt\n|faint|p1a: Pachirisu\n|-damage|p2a: Revavroom|135/256|[from] item: Life Orb\n|\n|upkeep\n|\n|t:|1732944471\n|switch|p1a: Salamence|Salamence, L77, F|61/273\n|turn|13\n|\n|t:|1732944479\n|move|p2a: Revavroom|Iron Head|p1a: Salamence\n|-damage|p1a: Salamence|0 fnt\n|faint|p1a: Salamence\n|-damage|p2a: Revavroom|110/256|[from] item: Life Orb\n|\n|upkeep\n|\n|t:|1732944484\n|switch|p1a: Orthworm|Orthworm, L88, M|227/266\n|turn|14\n|\n|t:|1732944508\n|-terastallize|p2a: Revavroom|Ground\n|-terastallize|p1a: Orthworm|Fighting\n|move|p2a: Revavroom|Shift Gear|p2a: Revavroom\n|-boost|p2a: Revavroom|spe|2\n|-boost|p2a: Revavroom|atk|1\n|move|p1a: Orthworm|Body Press|p2a: Revavroom\n|-damage|p2a: Revavroom|0 fnt\n|faint|p2a: Revavroom\n|\n|upkeep\n|\n|t:|1732944523\n|switch|p2a: Lunala|Lunala, L70|308/308\n|turn|15\n|\n|t:|1732944536\n|move|p2a: Lunala|Moongeist Beam|p1a: Orthworm\n|-damage|p1a: Orthworm|82/266\n|move|p1a: Orthworm|Coil|p1a: Orthworm\n|-boost|p1a: Orthworm|atk|1\n|-boost|p1a: Orthworm|def|1\n|-boost|p1a: Orthworm|accuracy|1\n|\n|upkeep\n|turn|16\n|\n|t:|1732944550\n|move|p2a: Lunala|Moongeist Beam|p1a: Orthworm\n|-crit|p1a: Orthworm\n|-damage|p1a: Orthworm|0 fnt\n|faint|p1a: Orthworm\n|\n|upkeep\n|\n|t:|1732944556\n|switch|p1a: Samurott|Samurott-Hisui, L77, F|265/265\n|turn|17\n|\n|t:|1732944571\n|move|p2a: Lunala|Moonblast|p1a: Samurott\n|-supereffective|p1a: Samurott\n|-damage|p1a: Samurott|97/265\n|move|p1a: Samurott|Ceaseless Edge|p2a: Lunala\n|-supereffective|p2a: Lunala\n|-damage|p2a: Lunala|0 fnt\n|-sidestart|p2: penile failure|Spikes\n|faint|p2a: Lunala\n|-damage|p1a: Samurott|71/265|[from] item: Life Orb\n|\n|upkeep\n|\n|t:|1732944588\n|switch|p2a: Jolteon|Jolteon, L84, F|34/246\n|-damage|p2a: Jolteon|4/246|[from] Spikes\n|turn|18\n|\n|t:|1732944609\n|move|p2a: Jolteon|Thunderbolt|p1a: Samurott\n|-supereffective|p1a: Samurott\n|-damage|p1a: Samurott|0 fnt\n|faint|p1a: Samurott\n|\n|upkeep\n|\n|t:|1732944613\n|switch|p1a: Arboliva|Arboliva, L91, M|288/288\n|turn|19\n|\n|t:|1732944619\n|move|p2a: Jolteon|Thunderbolt|p1a: Arboliva\n|-resisted|p1a: Arboliva\n|-damage|p1a: Arboliva|228/288\n|move|p1a: Arboliva|Leech Seed|p2a: Jolteon\n|-start|p2a: Jolteon|move: Leech Seed\n|\n|-damage|p2a: Jolteon|0 fnt|[from] Leech Seed|[of] p1a: Arboliva\n|-heal|p1a: Arboliva|232/288|[silent]\n|faint|p2a: Jolteon\n|upkeep\n|\n|t:|1732944629\n|switch|p2a: Swanna|Swanna, L88, M|275/275\n|turn|20\n|\n|t:|1732944642\n|move|p2a: Swanna|Brave Bird|p1a: Arboliva\n|-supereffective|p1a: Arboliva\n|-damage|p1a: Arboliva|0 fnt\n|faint|p1a: Arboliva\n|-damage|p2a: Swanna|198/275|[from] Recoil\n|\n|win|penile failure\n", "inputlog": ">version b107d77f5c90bd6555267ae244a6264823309ead\n>start {\"formatid\":\"gen9randombattle\",\"seed\":[43769,36926,49932,6316]}\n>player p1 {\"name\":\"nignognag\",\"avatar\":\"169\",\"rating\":0,\"seed\":[44318,2177,61477,8295]}\n>player p2 {\"name\":\"penile failure\",\"avatar\":\"2\",\"rating\":0,\"seed\":[54805,24831,10314,65125]}\n>p1 move earthquake\n>p2 move alluringvoice\n>p1 switch 4\n>p2 move alluringvoice\n>p1 move coil\n>p2 switch 3\n>p1 move irontail\n>p2 move dragondance\n>p1 move bodypress\n>p2 move earthquake\n>p1 move irontail\n>p2 move roost\n>p1 move irontail\n>p2 move roost\n>p1 move irontail\n>p2 move outrage\n>p2 switch 5\n>p1 switch 6\n>p2 move highjumpkick\n>p1 move bravebird\n>p2 move highjumpkick\n>p2 switch 4\n>p1 move bravebird\n>p2 move shiftgear\n>p1 switch 5\n>chat \u2606penile failure|NO SHOT\n>chat \u2606penile failure|IS THAT A SHINY\n>p1 move superfang\n>p2 move highhorsepower\n>p1 switch 4\n>p1 move earthquake\n>p2 move ironhead\n>p1 switch 6\n>p1 move bodypress terastallize\n>p2 move shiftgear terastallize\n>p2 switch 2\n>p1 move coil\n>p2 move moongeistbeam\n>p1 move irontail\n>p2 move moongeistbeam\n>p1 switch 2\n>p1 move ceaselessedge\n>p2 move moonblast\n>p2 switch 3\n>p1 move sacredsword\n>p2 move thunderbolt\n>p1 switch 3\n>p1 move leechseed\n>p2 move thunderbolt\n>p2 switch 6\n>p1 move substitute\n>p2 move bravebird", "uploadtime": 1732944647, "views": 11, "formatid": "gen9randombattle", "rating": null, "private": 0, "password": null}