{"id": "gen9randombattle-2254147165", "format": "[Gen 9] Random Battle", "players": ["Jsox", "Kakatte Koi!!"], "log": "|j|\u2606Jsox\n|j|\u2606Kakatte Koi!!\n|t:|1732997005\n|gametype|singles\n|player|p1|Jsox|steven|1652\n|player|p2|Kakatte Koi!!|crasherwake|1645\n|teamsize|p1|6\n|teamsize|p2|6\n|gen|9\n|tier|[Gen 9] Random Battle\n|rated|\n|rule|Species Clause: Limit one of each Pok\u00e9mon\n|rule|HP Percentage Mod: HP is shown in percentages\n|rule|Sleep Clause Mod: Limit one foe put to sleep\n|rule|Illusion Level Mod: Illusion disguises the Pok\u00e9mon's true level\n|\n|t:|1732997005\n|start\n|switch|p1a: Chandelure|Chandelure, L83, F|235/235\n|switch|p2a: Toxicroak|Toxicroak, L84, M|277/277\n|turn|1\n|\n|t:|1732997037\n|move|p2a: Toxicroak|Earthquake|p1a: Chandelure\n|-supereffective|p1a: Chandelure\n|-damage|p1a: Chandelure|24/235\n|-damage|p2a: Toxicroak|250/277|[from] item: Life Orb\n|move|p1a: Chandelure|Fire Blast|p2a: Toxicroak\n|-damage|p2a: Toxicroak|9/277\n|\n|upkeep\n|turn|2\n|\n|t:|1732997050\n|switch|p1a: Oricorio|Oricorio, L84, M|263/263\n|move|p2a: Toxicroak|Earthquake|p1a: Oricorio\n|-immune|p1a: Oricorio\n|\n|upkeep\n|turn|3\n|\n|t:|1732997065\n|move|p1a: Oricorio|Quiver Dance|p1a: Oricorio\n|-boost|p1a: Oricorio|spa|1\n|-boost|p1a: Oricorio|spd|1\n|-boost|p1a: Oricorio|spe|1\n|move|p2a: Toxicroak|Gunk Shot|p1a: Oricorio\n|-damage|p1a: Oricorio|37/263\n|-status|p1a: Oricorio|psn\n|-damage|p2a: Toxicroak|0 fnt|[from] item: Life Orb\n|faint|p2a: Toxicroak\n|\n|-damage|p1a: Oricorio|5/263 psn|[from] psn\n|upkeep\n|\n|t:|1732997080\n|switch|p2a: Electrode|Electrode, L92|260/260\n|turn|4\n|\n|t:|1732997089\n|move|p2a: Electrode|Thunderbolt|p1a: Oricorio\n|-supereffective|p1a: Oricorio\n|-damage|p1a: Oricorio|0 fnt\n|faint|p1a: Oricorio\n|-damage|p2a: Electrode|234/260|[from] item: Life Orb\n|\n|upkeep\n|\n|t:|1732997091\n|switch|p1a: Lanturn|Lanturn, L89, F|367/367\n|turn|5\n|\n|t:|1732997104\n|switch|p2a: Raichu|Raichu, L88, F|249/249\n|move|p1a: Lanturn|Scald|p2a: Raichu\n|-damage|p2a: Raichu|173/249\n|\n|upkeep\n|turn|6\n|\n|t:|1732997113\n|move|p2a: Raichu|Nasty Plot|p2a: Raichu\n|-boost|p2a: Raichu|spa|2\n|move|p1a: Lanturn|Scald|p2a: Raichu\n|-crit|p2a: Raichu\n|-damage|p2a: Raichu|53/249\n|-status|p2a: Raichu|brn\n|\n|-damage|p2a: Raichu|38/249 brn|[from] brn\n|upkeep\n|turn|7\n|\n|t:|1732997118\n|move|p2a: Raichu|Grass Knot|p1a: Lanturn\n|-supereffective|p1a: Lanturn\n|-damage|p1a: Lanturn|195/367\n|-damage|p2a: Raichu|14/249 brn|[from] item: Life Orb\n|move|p1a: Lanturn|Scald|p2a: Raichu\n|-damage|p2a: Raichu|0 fnt\n|faint|p2a: Raichu\n|\n|-heal|p1a: Lanturn|217/367|[from] item: Leftovers\n|upkeep\n|\n|t:|1732997146\n|switch|p2a: Farigiraf|Farigiraf, L91, M|366/366\n|turn|8\n|\n|t:|1732997152\n|move|p1a: Lanturn|Thunder Wave|p2a: Farigiraf\n|-status|p2a: Farigiraf|par\n|move|p2a: Farigiraf|Future Sight|p1a: Lanturn\n|-start|p2a: Farigiraf|move: Future Sight\n|\n|-heal|p1a: Lanturn|239/367|[from] item: Leftovers\n|upkeep\n|turn|9\n|\n|t:|1732997160\n|move|p1a: Lanturn|Volt Switch|p2a: Farigiraf\n|-damage|p2a: Farigiraf|290/366 par\n|\n|t:|1732997163\n|switch|p1a: Zangoose|Zangoose, L85, F|263/263|[from] Volt Switch\n|move|p2a: Farigiraf|Hyper Voice|p1a: Zangoose\n|-damage|p1a: Zangoose|110/263\n|\n|-heal|p2a: Farigiraf|312/366 par|[from] item: Leftovers\n|-status|p1a: Zangoose|tox|[from] item: Toxic Orb\n|upkeep\n|turn|10\n|\n|t:|1732997175\n|move|p2a: Farigiraf|Protect|p2a: Farigiraf\n|-singleturn|p2a: Farigiraf|Protect\n|move|p1a: Zangoose|Knock Off|p2a: Farigiraf\n|-activate|p2a: Farigiraf|move: Protect\n|\n|-end|p1a: Zangoose|move: Future Sight\n|-damage|p1a: Zangoose|0 fnt\n|faint|p1a: Zangoose\n|-heal|p2a: Farigiraf|334/366 par|[from] item: Leftovers\n|upkeep\n|\n|t:|1732997185\n|switch|p1a: Glalie|Glalie, L96, F|309/309\n|turn|11\n|\n|t:|1732997200\n|move|p1a: Glalie|Freeze-Dry|p2a: Farigiraf\n|-damage|p2a: Farigiraf|237/366 par\n|cant|p2a: Farigiraf|par\n|\n|-heal|p2a: Farigiraf|259/366 par|[from] item: Leftovers\n|upkeep\n|turn|12\n|\n|t:|1732997209\n|move|p1a: Glalie|Freeze-Dry|p2a: Farigiraf\n|-damage|p2a: Farigiraf|160/366 par\n|move|p2a: Farigiraf|Wish|p2a: Farigiraf\n|\n|-heal|p2a: Farigiraf|182/366 par|[from] item: Leftovers\n|upkeep\n|turn|13\n|\n|t:|1732997219\n|move|p1a: Glalie|Freeze-Dry|p2a: Farigiraf\n|-damage|p2a: Farigiraf|95/366 par\n|cant|p2a: Farigiraf|par\n|\n|-heal|p2a: Farigiraf|278/366 par|[from] move: Wish|[wisher] Farigiraf\n|-heal|p2a: Farigiraf|300/366 par|[from] item: Leftovers\n|upkeep\n|turn|14\n|\n|t:|1732997230\n|move|p1a: Glalie|Spikes|p2a: Farigiraf\n|-sidestart|p2: Kakatte Koi!!|Spikes\n|move|p2a: Farigiraf|Future Sight|p1a: Glalie\n|-start|p2a: Farigiraf|move: Future Sight\n|\n|-heal|p2a: Farigiraf|322/366 par|[from] item: Leftovers\n|upkeep\n|turn|15\n|\n|t:|1732997237\n|move|p1a: Glalie|Spikes|p2a: Farigiraf\n|-sidestart|p2: Kakatte Koi!!|Spikes\n|move|p2a: Farigiraf|Hyper Voice|p1a: Glalie\n|-damage|p1a: Glalie|194/309\n|\n|-heal|p2a: Farigiraf|344/366 par|[from] item: Leftovers\n|upkeep\n|turn|16\n|\n|t:|1732997247\n|move|p1a: Glalie|Spikes|p2a: Farigiraf\n|-sidestart|p2: Kakatte Koi!!|Spikes\n|move|p2a: Farigiraf|Hyper Voice|p1a: Glalie\n|-damage|p1a: Glalie|76/309\n|\n|-end|p1a: Glalie|move: Future Sight\n|-damage|p1a: Glalie|0 fnt\n|faint|p1a: Glalie\n|-heal|p2a: Farigiraf|366/366 par|[from] item: Leftovers\n|upkeep\n|\n|t:|1732997251\n|switch|p1a: Chandelure|Chandelure, L83, F|24/235\n|turn|17\n|\n|t:|1732997262\n|-terastallize|p2a: Farigiraf|Fairy\n|move|p1a: Chandelure|Fire Blast|p2a: Farigiraf\n|-damage|p2a: Farigiraf|198/366 par\n|move|p2a: Farigiraf|Future Sight|p1a: Chandelure\n|-start|p2a: Farigiraf|move: Future Sight\n|\n|-heal|p2a: Farigiraf|220/366 par|[from] item: Leftovers\n|upkeep\n|turn|18\n|l|\u2606Kakatte Koi!!\n|player|p2|\n|j|\u2606Kakatte Koi!!\n|player|p2|Kakatte Koi!!|crasherwake|\n|\n|t:|1732997304\n|move|p2a: Farigiraf|Protect|p2a: Farigiraf\n|-singleturn|p2a: Farigiraf|Protect\n|move|p1a: Chandelure|Fire Blast|p2a: Farigiraf\n|-activate|p2a: Farigiraf|move: Protect\n|\n|-heal|p2a: Farigiraf|242/366 par|[from] item: Leftovers\n|upkeep\n|turn|19\n|\n|t:|1732997314\n|move|p1a: Chandelure|Fire Blast|p2a: Farigiraf\n|-damage|p2a: Farigiraf|67/366 par\n|move|p2a: Farigiraf|Wish|p2a: Farigiraf\n|\n|-end|p1a: Chandelure|move: Future Sight\n|-damage|p1a: Chandelure|0 fnt\n|faint|p1a: Chandelure\n|-heal|p2a: Farigiraf|89/366 par|[from] item: Leftovers\n|upkeep\n|\n|t:|1732997352\n|switch|p1a: Lanturn|Lanturn, L89, F|239/367\n|turn|20\n|\n|t:|1732997355\n|move|p2a: Farigiraf|Protect|p2a: Farigiraf\n|-singleturn|p2a: Farigiraf|Protect\n|move|p1a: Lanturn|Thunderbolt|p2a: Farigiraf\n|-activate|p2a: Farigiraf|move: Protect\n|\n|-heal|p2a: Farigiraf|272/366 par|[from] move: Wish|[wisher] Farigiraf\n|-heal|p1a: Lanturn|261/367|[from] item: Leftovers\n|-heal|p2a: Farigiraf|294/366 par|[from] item: Leftovers\n|upkeep\n|turn|21\n|\n|t:|1732997365\n|move|p1a: Lanturn|Thunderbolt|p2a: Farigiraf\n|-damage|p2a: Farigiraf|195/366 par\n|move|p2a: Farigiraf|Future Sight|p1a: Lanturn\n|-start|p2a: Farigiraf|move: Future Sight\n|\n|-heal|p1a: Lanturn|283/367|[from] item: Leftovers\n|-heal|p2a: Farigiraf|217/366 par|[from] item: Leftovers\n|upkeep\n|turn|22\n|\n|t:|1732997375\n|move|p2a: Farigiraf|Protect|p2a: Farigiraf\n|-singleturn|p2a: Farigiraf|Protect\n|move|p1a: Lanturn|Thunderbolt|p2a: Farigiraf\n|-activate|p2a: Farigiraf|move: Protect\n|\n|-heal|p1a: Lanturn|305/367|[from] item: Leftovers\n|-heal|p2a: Farigiraf|239/366 par|[from] item: Leftovers\n|upkeep\n|turn|23\n|\n|t:|1732997386\n|move|p1a: Lanturn|Thunderbolt|p2a: Farigiraf\n|-damage|p2a: Farigiraf|145/366 par\n|move|p2a: Farigiraf|Wish|p2a: Farigiraf\n|\n|-end|p1a: Lanturn|move: Future Sight\n|-crit|p1a: Lanturn\n|-damage|p1a: Lanturn|43/367\n|-heal|p1a: Lanturn|65/367|[from] item: Leftovers\n|-heal|p2a: Farigiraf|167/366 par|[from] item: Leftovers\n|upkeep\n|turn|24\n|\n|t:|1732997398\n|move|p1a: Lanturn|Scald|p2a: Farigiraf\n|-damage|p2a: Farigiraf|83/366 par\n|move|p2a: Farigiraf|Hyper Voice|p1a: Lanturn\n|-damage|p1a: Lanturn|0 fnt\n|faint|p1a: Lanturn\n|\n|-heal|p2a: Farigiraf|266/366 par|[from] move: Wish|[wisher] Farigiraf\n|-heal|p2a: Farigiraf|288/366 par|[from] item: Leftovers\n|upkeep\n|\n|t:|1732997402\n|switch|p1a: Alomomola|Alomomola, L87, M|429/429\n|turn|25\n|\n|t:|1732997414\n|move|p1a: Alomomola|Scald|p2a: Farigiraf\n|-damage|p2a: Farigiraf|237/366 par\n|cant|p2a: Farigiraf|par\n|\n|-heal|p2a: Farigiraf|259/366 par|[from] item: Leftovers\n|upkeep\n|turn|26\n|\n|t:|1732997428\n|move|p1a: Alomomola|Scald|p2a: Farigiraf\n|-crit|p2a: Farigiraf\n|-damage|p2a: Farigiraf|178/366 par\n|cant|p2a: Farigiraf|par\n|\n|-heal|p2a: Farigiraf|200/366 par|[from] item: Leftovers\n|upkeep\n|turn|27\n|\n|t:|1732997435\n|move|p1a: Alomomola|Scald|p2a: Farigiraf\n|-damage|p2a: Farigiraf|148/366 par\n|move|p2a: Farigiraf|Wish|p2a: Farigiraf\n|\n|-heal|p2a: Farigiraf|170/366 par|[from] item: Leftovers\n|upkeep\n|turn|28\n|\n|t:|1732997443\n|move|p1a: Alomomola|Scald|p2a: Farigiraf\n|-damage|p2a: Farigiraf|115/366 par\n|move|p2a: Farigiraf|Future Sight|p1a: Alomomola\n|-start|p2a: Farigiraf|move: Future Sight\n|\n|-heal|p2a: Farigiraf|298/366 par|[from] move: Wish|[wisher] Farigiraf\n|-heal|p2a: Farigiraf|320/366 par|[from] item: Leftovers\n|upkeep\n|turn|29\n|\n|t:|1732997455\n|move|p1a: Alomomola|Scald|p2a: Farigiraf\n|-damage|p2a: Farigiraf|262/366 par\n|move|p2a: Farigiraf|Hyper Voice|p1a: Alomomola\n|-damage|p1a: Alomomola|225/429\n|\n|-heal|p2a: Farigiraf|284/366 par|[from] item: Leftovers\n|upkeep\n|turn|30\n|\n|t:|1732997465\n|move|p1a: Alomomola|Scald|p2a: Farigiraf\n|-damage|p2a: Farigiraf|226/366 par\n|move|p2a: Farigiraf|Hyper Voice|p1a: Alomomola\n|-damage|p1a: Alomomola|44/429\n|\n|-end|p1a: Alomomola|move: Future Sight\n|-damage|p1a: Alomomola|0 fnt\n|faint|p1a: Alomomola\n|\n|win|Kakatte Koi!!\n|upkeep\n|raw|Jsox's rating: 1669 &rarr; <strong>1648</strong><br />(-21 for losing)\n|raw|Kakatte Koi!!'s rating: 1645 &rarr; <strong>1666</strong><br />(+21 for winning)\n", "inputlog": ">version b107d77f5c90bd6555267ae244a6264823309ead\n>start {\"formatid\":\"gen9randombattle\",\"seed\":[6803,19948,1256,5],\"rated\":\"Rated battle\"}\n>player p1 {\"name\":\"Jsox\",\"avatar\":\"steven\",\"rating\":1652,\"seed\":[698,47159,45507,22302]}\n>player p2 {\"name\":\"Kakatte Koi!!\",\"avatar\":\"crasherwake\",\"rating\":1645,\"seed\":[24982,39122,16134,10359]}\n>p1 move fireblast\n>p2 move earthquake\n>p1 switch 4\n>p2 move earthquake\n>p1 move quiverdance\n>p2 move gunkshot\n>p2 switch 2\n>p1 move revelationdance\n>p2 move thunderbolt\n>p1 switch 3\n>p1 move scald\n>p2 switch 4\n>p1 move scald\n>p2 move nastyplot\n>p1 move scald\n>p2 move grassknot\n>p2 switch 6\n>p1 move thunderwave\n>p2 move futuresight\n>p1 move voltswitch\n>p2 move hypervoice\n>p1 switch 2\n>p1 move knockoff\n>p2 move protect\n>p1 switch 5\n>p1 move freezedry\n>p2 move futuresight\n>p1 move freezedry\n>p2 move wish\n>p1 move freezedry\n>p2 move futuresight\n>p1 move spikes\n>p2 move futuresight\n>p1 move spikes\n>p2 move hypervoice\n>p1 move spikes\n>p2 move hypervoice\n>p1 switch 4\n>p1 move fireblast\n>p2 move futuresight terastallize\n>p1 move fireblast\n>p2 move protect\n>p1 move fireblast\n>p2 move wish\n>p1 switch 2\n>p1 move thunderbolt\n>p2 move protect\n>p1 move thunderbolt\n>p2 move futuresight\n>p1 move thunderbolt\n>p2 move protect\n>p1 move thunderbolt\n>p2 move wish\n>p1 move scald\n>p2 move hypervoice\n>p1 switch 6\n>p1 move scald\n>p2 move futuresight\n>p1 move scald\n>p2 move futuresight\n>p1 move scald\n>p2 move wish\n>p1 move scald\n>p2 move futuresight\n>p1 move scald\n>p2 move hypervoice\n>p1 move scald\n>p2 move hypervoice", "uploadtime": 1732997490, "views": 1, "formatid": "gen9randombattle", "rating": 1648, "private": 0, "password": null}