{"id": "gen9randombattle-2254182510", "format": "[Gen 9] Random Battle", "players": ["SirEgoist", "allangames70"], "log": "|j|\u2606SirEgoist\n|j|\u2606allangames70\n|t:|1733001446\n|gametype|singles\n|player|p1|SirEgoist|n|\n|player|p2|allangames70|pokekid|\n|teamsize|p1|6\n|teamsize|p2|6\n|gen|9\n|tier|[Gen 9] Random Battle\n|rule|Species Clause: Limit one of each Pok\u00e9mon\n|rule|HP Percentage Mod: HP is shown in percentages\n|rule|Sleep Clause Mod: Limit one foe put to sleep\n|rule|Illusion Level Mod: Illusion disguises the Pok\u00e9mon's true level\n|\n|t:|1733001446\n|start\n|switch|p1a: Coalossal|Coalossal, L89, M|341/341\n|switch|p2a: Misdreavus|Misdreavus, L90, M|254/254\n|turn|1\n|inactive|Battle timer is ON: inactive players will automatically lose when time's up. (requested by SirEgoist)\n|inactive|SirEgoist has 270 seconds left.\n|inactive|allangames70 has 270 seconds left.\n|\n|t:|1733001491\n|switch|p2a: Primarina|Primarina, L83, M|268/268\n|switch|p1a: Zebstrika|Zebstrika, L87, F|272/272\n|\n|upkeep\n|turn|2\n|\n|t:|1733001516\n|switch|p2a: Iron Hands|Iron Hands, L79|373/373\n|move|p1a: Zebstrika|Supercell Slam|p2a: Iron Hands\n|-resisted|p2a: Iron Hands\n|-damage|p2a: Iron Hands|304/373\n|-damage|p1a: Zebstrika|245/272|[from] item: Life Orb\n|\n|upkeep\n|turn|3\n|inactive|SirEgoist has 270 seconds left.\n|\n|t:|1733001549\n|move|p2a: Iron Hands|Fake Out|p1a: Zebstrika\n|-damage|p1a: Zebstrika|202/272\n|cant|p1a: Zebstrika|flinch\n|\n|upkeep\n|turn|4\n|inactive|allangames70 has 270 seconds left.\n|\n|t:|1733001576\n|move|p1a: Zebstrika|High Horsepower|p2a: Iron Hands\n|-supereffective|p2a: Iron Hands\n|-damage|p2a: Iron Hands|135/373\n|-damage|p1a: Zebstrika|175/272|[from] item: Life Orb\n|move|p2a: Iron Hands|Ice Punch|p1a: Zebstrika\n|-damage|p1a: Zebstrika|96/272\n|\n|upkeep\n|turn|5\n|\n|t:|1733001587\n|-end|p2a: Iron Hands|Quark Drive|[silent]\n|switch|p2a: Misdreavus|Misdreavus, L90, M|254/254\n|move|p1a: Zebstrika|High Horsepower|p2a: Misdreavus\n|-immune|p2a: Misdreavus|[from] ability: Levitate\n|\n|upkeep\n|turn|6\n|\n|t:|1733001597\n|move|p1a: Zebstrika|Supercell Slam|p2a: Misdreavus\n|-damage|p2a: Misdreavus|133/254\n|-damage|p1a: Zebstrika|69/272|[from] item: Life Orb\n|move|p2a: Misdreavus|Will-O-Wisp|p1a: Zebstrika\n|-status|p1a: Zebstrika|brn\n|\n|-damage|p1a: Zebstrika|52/272 brn|[from] brn\n|upkeep\n|turn|7\n|\n|t:|1733001609\n|move|p1a: Zebstrika|Overheat|p2a: Misdreavus\n|-damage|p2a: Misdreavus|60/254\n|-unboost|p1a: Zebstrika|spa|2\n|-damage|p1a: Zebstrika|25/272 brn|[from] item: Life Orb\n|move|p2a: Misdreavus|Draining Kiss|p1a: Zebstrika\n|-damage|p1a: Zebstrika|0 fnt\n|-heal|p2a: Misdreavus|79/254|[from] drain|[of] p1a: Zebstrika\n|faint|p1a: Zebstrika\n|\n|upkeep\n|inactive|SirEgoist has 270 seconds left.\n|\n|t:|1733001644\n|switch|p1a: Ludicolo|Ludicolo, L90, F|290/290\n|turn|8\n|inactive|allangames70 has 270 seconds left.\n|\n|t:|1733001674\n|move|p2a: Misdreavus|Draining Kiss|p1a: Ludicolo\n|-damage|p1a: Ludicolo|258/290\n|-heal|p2a: Misdreavus|103/254|[from] drain|[of] p1a: Ludicolo\n|move|p1a: Ludicolo|Rain Dance|p1a: Ludicolo\n|-weather|RainDance\n|\n|-weather|RainDance|[upkeep]\n|upkeep\n|turn|9\n|inactive|allangames70 has 270 seconds left.\n|\n|t:|1733001694\n|move|p1a: Ludicolo|Ice Beam|p2a: Misdreavus\n|-damage|p2a: Misdreavus|42/254\n|-damage|p1a: Ludicolo|229/290|[from] item: Life Orb\n|move|p2a: Misdreavus|Will-O-Wisp|p1a: Ludicolo\n|-status|p1a: Ludicolo|brn\n|\n|-weather|RainDance|[upkeep]\n|-damage|p1a: Ludicolo|211/290 brn|[from] brn\n|upkeep\n|turn|10\n|inactive|allangames70 has 270 seconds left.\n|\n|t:|1733001703\n|switch|p2a: Cryogonal|Cryogonal, L89|287/287\n|move|p1a: Ludicolo|Ice Beam|p2a: Cryogonal\n|-resisted|p2a: Cryogonal\n|-crit|p2a: Cryogonal\n|-damage|p2a: Cryogonal|244/287\n|-damage|p1a: Ludicolo|182/290 brn|[from] item: Life Orb\n|\n|-weather|RainDance|[upkeep]\n|-damage|p1a: Ludicolo|164/290 brn|[from] brn\n|upkeep\n|turn|11\n|inactive|allangames70 has 270 seconds left.\n|\n|t:|1733001719\n|switch|p1a: Medicham|Medicham, L86, M|243/243\n|move|p2a: Cryogonal|Rapid Spin|p1a: Medicham\n|-damage|p1a: Medicham|214/243\n|-boost|p2a: Cryogonal|spe|1\n|\n|-weather|RainDance|[upkeep]\n|upkeep\n|turn|12\n|inactive|SirEgoist has 270 seconds left.\n|inactive|allangames70 has 270 seconds left.\n|\n|t:|1733001732\n|switch|p2a: Misdreavus|Misdreavus, L90, M|42/254\n|move|p1a: Medicham|Close Combat|p2a: Misdreavus\n|-immune|p2a: Misdreavus\n|\n|-weather|none\n|upkeep\n|turn|13\n|\n|t:|1733001741\n|switch|p1a: Ludicolo|Ludicolo, L90, F|164/290 brn\n|move|p2a: Misdreavus|Will-O-Wisp|p1a: Ludicolo\n|-fail|p1a: Ludicolo|brn\n|\n|-damage|p1a: Ludicolo|146/290 brn|[from] brn\n|upkeep\n|turn|14\n|\n|t:|1733001747\n|switch|p2a: Cryogonal|Cryogonal, L89|244/287\n|move|p1a: Ludicolo|Hydro Pump|p2a: Cryogonal\n|-damage|p2a: Cryogonal|131/287\n|-damage|p1a: Ludicolo|117/290 brn|[from] item: Life Orb\n|\n|-damage|p1a: Ludicolo|99/290 brn|[from] brn\n|upkeep\n|turn|15\n|\n|t:|1733001756\n|switch|p1a: Medicham|Medicham, L86, M|214/243\n|move|p2a: Cryogonal|Freeze-Dry|p1a: Medicham\n|-damage|p1a: Medicham|115/243\n|\n|upkeep\n|turn|16\n|inactive|allangames70 has 270 seconds left.\n|\n|t:|1733001786\n|move|p2a: Cryogonal|Freeze-Dry|p1a: Medicham\n|-damage|p1a: Medicham|24/243\n|move|p1a: Medicham|Poison Jab|p2a: Cryogonal\n|-damage|p2a: Cryogonal|0 fnt\n|faint|p2a: Cryogonal\n|\n|upkeep\n|\n|t:|1733001799\n|switch|p2a: Espathra|Espathra, L80, F|283/283\n|turn|17\n|\n|t:|1733001816\n|move|p2a: Espathra|Substitute|p2a: Espathra\n|-start|p2a: Espathra|Substitute\n|-damage|p2a: Espathra|213/283\n|move|p1a: Medicham|Poison Jab|p2a: Espathra\n|-end|p2a: Espathra|Substitute\n|\n|-heal|p2a: Espathra|230/283|[from] item: Leftovers\n|-ability|p2a: Espathra|Speed Boost|boost\n|-boost|p2a: Espathra|spe|1\n|upkeep\n|turn|18\n|\n|t:|1733001839\n|move|p2a: Espathra|Dazzling Gleam|p1a: Medicham\n|-supereffective|p1a: Medicham\n|-damage|p1a: Medicham|0 fnt\n|faint|p1a: Medicham\n|\n|-heal|p2a: Espathra|247/283|[from] item: Leftovers\n|-ability|p2a: Espathra|Speed Boost|boost\n|-boost|p2a: Espathra|spe|1\n|upkeep\n|\n|t:|1733001849\n|switch|p1a: Misdreavus|Misdreavus, L90, M|254/254\n|turn|19\n|\n|t:|1733001857\n|move|p2a: Espathra|Substitute|p2a: Espathra\n|-start|p2a: Espathra|Substitute\n|-damage|p2a: Espathra|177/283\n|move|p1a: Misdreavus|Shadow Ball|p2a: Espathra\n|-supereffective|p2a: Espathra\n|-end|p2a: Espathra|Substitute\n|\n|-heal|p2a: Espathra|194/283|[from] item: Leftovers\n|-ability|p2a: Espathra|Speed Boost|boost\n|-boost|p2a: Espathra|spe|1\n|upkeep\n|turn|20\n|inactive|allangames70 has 270 seconds left.\n|\n|t:|1733001878\n|-terastallize|p2a: Espathra|Fairy\n|move|p2a: Espathra|Calm Mind|p2a: Espathra\n|-boost|p2a: Espathra|spa|1\n|-boost|p2a: Espathra|spd|1\n|move|p1a: Misdreavus|Calm Mind|p1a: Misdreavus\n|-boost|p1a: Misdreavus|spa|1\n|-boost|p1a: Misdreavus|spd|1\n|\n|-heal|p2a: Espathra|211/283|[from] item: Leftovers\n|-ability|p2a: Espathra|Speed Boost|boost\n|-boost|p2a: Espathra|spe|1\n|upkeep\n|turn|21\n|\n|t:|1733001895\n|move|p2a: Espathra|Calm Mind|p2a: Espathra\n|-boost|p2a: Espathra|spa|1\n|-boost|p2a: Espathra|spd|1\n|move|p1a: Misdreavus|Calm Mind|p1a: Misdreavus\n|-boost|p1a: Misdreavus|spa|1\n|-boost|p1a: Misdreavus|spd|1\n|\n|-heal|p2a: Espathra|228/283|[from] item: Leftovers\n|-ability|p2a: Espathra|Speed Boost|boost\n|-boost|p2a: Espathra|spe|1\n|upkeep\n|turn|22\n|\n|t:|1733001905\n|move|p2a: Espathra|Calm Mind|p2a: Espathra\n|-boost|p2a: Espathra|spa|1\n|-boost|p2a: Espathra|spd|1\n|move|p1a: Misdreavus|Calm Mind|p1a: Misdreavus\n|-boost|p1a: Misdreavus|spa|1\n|-boost|p1a: Misdreavus|spd|1\n|\n|-heal|p2a: Espathra|245/283|[from] item: Leftovers\n|-ability|p2a: Espathra|Speed Boost|boost\n|-boost|p2a: Espathra|spe|1\n|upkeep\n|turn|23\n|\n|t:|1733001915\n|move|p2a: Espathra|Stored Power|p1a: Misdreavus\n|-damage|p1a: Misdreavus|92/254\n|move|p1a: Misdreavus|Calm Mind|p1a: Misdreavus\n|-boost|p1a: Misdreavus|spa|1\n|-boost|p1a: Misdreavus|spd|1\n|\n|-heal|p2a: Espathra|262/283|[from] item: Leftovers\n|upkeep\n|turn|24\n|\n|t:|1733001923\n|move|p2a: Espathra|Stored Power|p1a: Misdreavus\n|-damage|p1a: Misdreavus|0 fnt\n|faint|p1a: Misdreavus\n|\n|-heal|p2a: Espathra|279/283|[from] item: Leftovers\n|upkeep\n|\n|t:|1733001931\n|switch|p1a: Ludicolo|Ludicolo, L90, F|99/290 brn\n|turn|25\n|\n|t:|1733001941\n|move|p2a: Espathra|Stored Power|p1a: Ludicolo\n|-damage|p1a: Ludicolo|0 fnt\n|faint|p1a: Ludicolo\n|\n|-heal|p2a: Espathra|283/283|[from] item: Leftovers\n|upkeep\n|\n|t:|1733001944\n|switch|p1a: Coalossal|Coalossal, L89, M|341/341\n|turn|26\n|\n|t:|1733001952\n|move|p2a: Espathra|Substitute|p2a: Espathra\n|-start|p2a: Espathra|Substitute\n|-damage|p2a: Espathra|213/283\n|move|p1a: Coalossal|Stone Edge|p2a: Espathra|[miss]\n|-miss|p1a: Coalossal|p2a: Espathra\n|\n|-heal|p2a: Espathra|230/283|[from] item: Leftovers\n|upkeep\n|turn|27\n|\n|t:|1733001962\n|move|p2a: Espathra|Calm Mind|p2a: Espathra\n|-boost|p2a: Espathra|spa|1\n|-boost|p2a: Espathra|spd|1\n|move|p1a: Coalossal|Rapid Spin|p2a: Espathra\n|-activate|p2a: Espathra|move: Substitute|[damage]\n|-boost|p1a: Coalossal|spe|1\n|\n|-heal|p2a: Espathra|247/283|[from] item: Leftovers\n|upkeep\n|turn|28\n|\n|t:|1733001972\n|move|p2a: Espathra|Calm Mind|p2a: Espathra\n|-boost|p2a: Espathra|spa|1\n|-boost|p2a: Espathra|spd|1\n|move|p1a: Coalossal|Stone Edge|p2a: Espathra|[miss]\n|-miss|p1a: Coalossal|p2a: Espathra\n|\n|-heal|p2a: Espathra|264/283|[from] item: Leftovers\n|upkeep\n|turn|29\n|\n|t:|1733001981\n|move|p2a: Espathra|Calm Mind|p2a: Espathra\n|-boost|p2a: Espathra|spa|1\n|-boost|p2a: Espathra|spd|1\n|move|p1a: Coalossal|Stone Edge|p2a: Espathra\n|-end|p2a: Espathra|Substitute\n|\n|-heal|p2a: Espathra|281/283|[from] item: Leftovers\n|upkeep\n|turn|30\n|\n|t:|1733001990\n|move|p2a: Espathra|Stored Power|p1a: Coalossal\n|-damage|p1a: Coalossal|0 fnt\n|faint|p1a: Coalossal\n|\n|-heal|p2a: Espathra|283/283|[from] item: Leftovers\n|upkeep\n|\n|t:|1733001993\n|switch|p1a: Appletun|Appletun, L92, F|352/352\n|turn|31\n|\n|t:|1733002002\n|-terastallize|p1a: Appletun|Steel\n|move|p2a: Espathra|Stored Power|p1a: Appletun\n|-resisted|p1a: Appletun\n|-damage|p1a: Appletun|0 fnt\n|faint|p1a: Appletun\n|\n|win|allangames70\n", "inputlog": ">version b107d77f5c90bd6555267ae244a6264823309ead\n>start {\"formatid\":\"gen9randombattle\",\"seed\":[41091,43281,3823,61640]}\n>player p1 {\"name\":\"SirEgoist\",\"avatar\":\"n\",\"rating\":0,\"seed\":[39827,23223,31087,26452]}\n>player p2 {\"name\":\"allangames70\",\"avatar\":\"pokekid\",\"rating\":0,\"seed\":[17129,55800,27157,9058]}\n>p1 switch 4\n>p2 switch 2\n>p1 move supercellslam\n>p2 switch 4\n>p1 move highhorsepower\n>p2 move fakeout\n>p1 move highhorsepower\n>p2 move icepunch\n>p1 move highhorsepower\n>p2 switch 2\n>p1 move supercellslam\n>p2 move willowisp\n>p1 move overheat\n>p2 move drainingkiss\n>p1 switch 3\n>p1 move raindance\n>p2 move drainingkiss\n>p1 move icebeam\n>p2 move willowisp\n>p1 move icebeam\n>p2 switch 6\n>p1 switch 2\n>p2 move rapidspin\n>p1 move closecombat\n>p2 switch 6\n>p1 switch 2\n>p2 move willowisp\n>p1 move hydropump\n>p2 switch 6\n>p1 switch 2\n>p2 move freezedry\n>p1 move poisonjab\n>p2 move freezedry\n>p2 switch 5\n>p1 move poisonjab\n>p2 move substitute\n>p1 move poisonjab\n>p2 move dazzlinggleam\n>p1 switch 6\n>p1 move shadowball\n>p2 move substitute\n>p1 move calmmind\n>p2 move calmmind terastallize\n>p1 move calmmind\n>p2 move calmmind\n>p1 move calmmind\n>p2 move calmmind\n>p1 move calmmind\n>p2 move storedpower\n>p1 move shadowball\n>p2 move storedpower\n>p1 switch 2\n>p1 move hydropump\n>p2 move storedpower\n>p1 switch 4\n>p1 move stoneedge\n>p2 move substitute\n>p1 move rapidspin\n>p2 move calmmind\n>p1 move stoneedge\n>p2 move calmmind\n>p1 move stoneedge\n>p2 move calmmind\n>p1 move stoneedge\n>p2 move storedpower\n>p1 switch 5\n>p1 move appleacid terastallize\n>p2 move storedpower", "uploadtime": 1733002012, "views": 2, "formatid": "gen9randombattle", "rating": null, "private": 0, "password": null}