{"id": "gen9randombattle-2254016345", "format": "[Gen 9] Random Battle", "players": ["Lusta.001", "DonPig"], "log": "|j|\u2606Lusta.001\n|j|\u2606DonPig\n|t:|1732980418\n|gametype|singles\n|player|p1|Lusta.001|266|\n|player|p2|DonPig|ltsurge|\n|teamsize|p1|6\n|teamsize|p2|6\n|gen|9\n|tier|[Gen 9] Random Battle\n|rule|Species Clause: Limit one of each Pok\u00e9mon\n|rule|HP Percentage Mod: HP is shown in percentages\n|rule|Sleep Clause Mod: Limit one foe put to sleep\n|rule|Illusion Level Mod: Illusion disguises the Pok\u00e9mon's true level\n|\n|t:|1732980418\n|start\n|switch|p1a: Palafin|Palafin, L77, F|281/281\n|switch|p2a: Bastiodon|Bastiodon, L89, F|252/252\n|turn|1\n|\n|t:|1732980438\n|detailschange|p1a: Palafin|Palafin-Hero, L77, F\n|switch|p1a: Blissey|Blissey, L84, F|566/566\n|switch|p2a: Toxapex|Toxapex, L82, F|216/216\n|\n|upkeep\n|turn|2\n|\n|t:|1732980451\n|move|p1a: Blissey|Thunder Wave|p2a: Toxapex\n|-status|p2a: Toxapex|par\n|move|p2a: Toxapex|Toxic Spikes|p1a: Blissey\n|-sidestart|p1: Lusta.001|move: Toxic Spikes\n|\n|upkeep\n|turn|3\n|\n|t:|1732980460\n|move|p1a: Blissey|Seismic Toss|p2a: Toxapex\n|-damage|p2a: Toxapex|132/216 par\n|move|p2a: Toxapex|Toxic Spikes|p1a: Blissey\n|-sidestart|p1: Lusta.001|move: Toxic Spikes\n|\n|-heal|p2a: Toxapex|145/216 par|[from] item: Leftovers\n|upkeep\n|turn|4\n|\n|t:|1732980468\n|switch|p2a: Brambleghast|Brambleghast, L88, M|240/240\n|move|p1a: Blissey|Seismic Toss|p2a: Brambleghast\n|-immune|p2a: Brambleghast\n|\n|upkeep\n|turn|5\n|\n|t:|1732980475\n|switch|p2a: Flygon|Flygon, L82, F|265/265\n|move|p1a: Blissey|Thunder Wave|p2a: Flygon\n|-immune|p2a: Flygon\n|\n|upkeep\n|turn|6\n|\n|t:|1732980488\n|move|p2a: Flygon|Earthquake|p1a: Blissey\n|-damage|p1a: Blissey|128/566\n|move|p1a: Blissey|Stealth Rock|p2a: Flygon\n|-sidestart|p2: DonPig|move: Stealth Rock\n|\n|-heal|p1a: Blissey|163/566|[from] item: Leftovers\n|upkeep\n|turn|7\n|\n|t:|1732980509\n|switch|p1a: Palafin|Palafin-Hero, L77, F|281/281\n|-status|p1a: Palafin|tox\n|-activate|p1a: Palafin|ability: Zero to Hero\n|move|p2a: Flygon|Earthquake|p1a: Palafin\n|-damage|p1a: Palafin|134/281 tox\n|\n|-heal|p1a: Palafin|151/281 tox|[from] item: Leftovers\n|-damage|p1a: Palafin|134/281 tox|[from] psn\n|upkeep\n|turn|8\n|\n|t:|1732980523\n|switch|p2a: Toxapex|Toxapex, L82, F|216/216 par\n|-damage|p2a: Toxapex|189/216 par|[from] Stealth Rock\n|move|p1a: Palafin|Ice Punch|p2a: Toxapex\n|-resisted|p2a: Toxapex\n|-damage|p2a: Toxapex|169/216 par\n|\n|-heal|p1a: Palafin|151/281 tox|[from] item: Leftovers\n|-heal|p2a: Toxapex|182/216 par|[from] item: Leftovers\n|-damage|p1a: Palafin|117/281 tox|[from] psn\n|upkeep\n|turn|9\n|\n|t:|1732980537\n|move|p1a: Palafin|Drain Punch|p2a: Toxapex\n|-resisted|p2a: Toxapex\n|-damage|p2a: Toxapex|160/216 par\n|-heal|p1a: Palafin|128/281 tox|[from] drain|[of] p2a: Toxapex\n|move|p2a: Toxapex|Recover|p2a: Toxapex\n|-heal|p2a: Toxapex|216/216 par\n|\n|-heal|p1a: Palafin|145/281 tox|[from] item: Leftovers\n|-damage|p1a: Palafin|94/281 tox|[from] psn\n|upkeep\n|turn|10\n|\n|t:|1732980551\n|move|p1a: Palafin|Bulk Up|p1a: Palafin\n|-boost|p1a: Palafin|atk|1\n|-boost|p1a: Palafin|def|1\n|move|p2a: Toxapex|Liquidation|p1a: Palafin\n|-resisted|p1a: Palafin\n|-damage|p1a: Palafin|73/281 tox\n|\n|-heal|p1a: Palafin|90/281 tox|[from] item: Leftovers\n|-damage|p1a: Palafin|22/281 tox|[from] psn\n|upkeep\n|turn|11\n|\n|t:|1732980567\n|switch|p1a: Rillaboom|Rillaboom, L79, M|288/288\n|-status|p1a: Rillaboom|tox\n|-fieldstart|move: Grassy Terrain|[from] ability: Grassy Surge|[of] p1a: Rillaboom\n|move|p2a: Toxapex|Haze|p2a: Toxapex\n|-clearallboost\n|\n|-damage|p1a: Rillaboom|270/288 tox|[from] psn\n|upkeep\n|turn|12\n|\n|t:|1732980579\n|switch|p2a: Brambleghast|Brambleghast, L88, M|240/240\n|move|p1a: Rillaboom|Swords Dance|p1a: Rillaboom\n|-boost|p1a: Rillaboom|atk|2\n|\n|-heal|p1a: Rillaboom|288/288 tox|[from] Grassy Terrain\n|-damage|p1a: Rillaboom|252/288 tox|[from] psn\n|upkeep\n|turn|13\n|\n|t:|1732980591\n|move|p2a: Brambleghast|Rapid Spin|p1a: Rillaboom\n|-damage|p1a: Rillaboom|202/288 tox\n|-boost|p2a: Brambleghast|spe|1\n|-sideend|p2: DonPig|Stealth Rock|[from] move: Rapid Spin|[of] p2a: Brambleghast\n|move|p1a: Rillaboom|Wood Hammer|p2a: Brambleghast\n|-resisted|p2a: Brambleghast\n|-damage|p2a: Brambleghast|0 fnt\n|faint|p2a: Brambleghast\n|-damage|p1a: Rillaboom|123/288 tox|[from] Recoil\n|-damage|p1a: Rillaboom|95/288 tox|[from] item: Life Orb\n|\n|-heal|p1a: Rillaboom|113/288 tox|[from] Grassy Terrain\n|-damage|p1a: Rillaboom|59/288 tox|[from] psn\n|upkeep\n|\n|t:|1732980615\n|switch|p2a: Solgaleo|Solgaleo, L74|325/325\n|turn|14\n|\n|t:|1732980626\n|switch|p1a: Deoxys|Deoxys-Attack, L72|191/191\n|-status|p1a: Deoxys|tox\n|-ability|p1a: Deoxys|Pressure\n|move|p2a: Solgaleo|Flare Blitz|p1a: Deoxys\n|-damage|p1a: Deoxys|0 fnt\n|faint|p1a: Deoxys\n|-damage|p2a: Solgaleo|262/325|[from] Recoil\n|\n|-heal|p2a: Solgaleo|282/325|[from] Grassy Terrain\n|upkeep\n|\n|t:|1732980649\n|switch|p1a: Dunsparce|Dunsparce, L86, F|312/312\n|-status|p1a: Dunsparce|tox\n|turn|15\n|\n|t:|1732980658\n|switch|p2a: Bastiodon|Bastiodon, L89, F|252/252\n|-terastallize|p1a: Dunsparce|Ground\n|move|p1a: Dunsparce|Earthquake|p2a: Bastiodon\n|-supereffective|p2a: Bastiodon\n|-damage|p2a: Bastiodon|132/252\n|\n|-heal|p2a: Bastiodon|147/252|[from] Grassy Terrain\n|-damage|p1a: Dunsparce|293/312 tox|[from] psn\n|-fieldend|move: Grassy Terrain\n|upkeep\n|turn|16\n|\n|t:|1732980669\n|move|p1a: Dunsparce|Earthquake|p2a: Bastiodon\n|-supereffective|p2a: Bastiodon\n|-damage|p2a: Bastiodon|0 fnt\n|faint|p2a: Bastiodon\n|\n|-damage|p1a: Dunsparce|255/312 tox|[from] psn\n|upkeep\n|\n|t:|1732980689\n|switch|p2a: Flygon|Flygon, L82, F|265/265\n|turn|17\n|\n|t:|1732980693\n|move|p2a: Flygon|Earthquake|p1a: Dunsparce\n|-damage|p1a: Dunsparce|129/312 tox\n|move|p1a: Dunsparce|Earthquake|p2a: Flygon\n|-immune|p2a: Flygon|[from] ability: Levitate\n|\n|-damage|p1a: Dunsparce|72/312 tox|[from] psn\n|upkeep\n|turn|18\n|\n|t:|1732980703\n|move|p2a: Flygon|Earthquake|p1a: Dunsparce\n|-damage|p1a: Dunsparce|0 fnt\n|faint|p1a: Dunsparce\n|\n|upkeep\n|\n|t:|1732980712\n|switch|p1a: Arbok|Arbok, L87, F|246/246\n|-sideend|p1: Lusta.001|move: Toxic Spikes|[of] p1a: Arbok\n|-ability|p1a: Arbok|Intimidate|boost\n|-unboost|p2a: Flygon|atk|1\n|turn|19\n|\n|t:|1732980719\n|switch|p2a: Solgaleo|Solgaleo, L74|282/325\n|move|p1a: Arbok|Gunk Shot|p2a: Solgaleo\n|-immune|p2a: Solgaleo\n|\n|upkeep\n|turn|20\n|\n|t:|1732980729\n|move|p1a: Arbok|Earthquake|p2a: Solgaleo\n|-supereffective|p2a: Solgaleo\n|-damage|p2a: Solgaleo|100/325\n|-damage|p1a: Arbok|222/246|[from] item: Life Orb\n|move|p2a: Solgaleo|Sunsteel Strike|p1a: Arbok\n|-damage|p1a: Arbok|105/246\n|\n|upkeep\n|turn|21\n|\n|t:|1732980738\n|switch|p2a: Flygon|Flygon, L82, F|265/265\n|move|p1a: Arbok|Earthquake|p2a: Flygon\n|-immune|p2a: Flygon|[from] ability: Levitate\n|\n|upkeep\n|turn|22\n|\n|t:|1732980746\n|move|p1a: Arbok|Sucker Punch|p2a: Flygon\n|-damage|p2a: Flygon|188/265\n|-damage|p1a: Arbok|81/246|[from] item: Life Orb\n|move|p2a: Flygon|Earthquake|p1a: Arbok\n|-supereffective|p1a: Arbok\n|-damage|p1a: Arbok|0 fnt\n|faint|p1a: Arbok\n|\n|upkeep\n|\n|t:|1732980757\n|switch|p1a: Rillaboom|Rillaboom, L79, M|59/288 tox\n|-fieldstart|move: Grassy Terrain|[from] ability: Grassy Surge|[of] p1a: Rillaboom\n|turn|23\n|\n|t:|1732980763\n|move|p2a: Flygon|Earthquake|p1a: Rillaboom\n|-resisted|p1a: Rillaboom\n|-damage|p1a: Rillaboom|17/288 tox\n|move|p1a: Rillaboom|Wood Hammer|p2a: Flygon\n|-damage|p2a: Flygon|0 fnt\n|faint|p2a: Flygon\n|-damage|p1a: Rillaboom|0 fnt|[from] Recoil\n|faint|p1a: Rillaboom\n|\n|upkeep\n|\n|t:|1732980775\n|switch|p2a: Samurott|Samurott-Hisui, L77, M|265/265\n|switch|p1a: Blissey|Blissey, L84, F|163/566\n|turn|24\n|\n|t:|1732980785\n|move|p2a: Samurott|Sacred Sword|p1a: Blissey\n|-supereffective|p1a: Blissey\n|-damage|p1a: Blissey|0 fnt\n|faint|p1a: Blissey\n|-damage|p2a: Samurott|239/265|[from] item: Life Orb\n|\n|-heal|p2a: Samurott|255/265|[from] Grassy Terrain\n|upkeep\n|\n|t:|1732980793\n|switch|p1a: Palafin|Palafin-Hero, L77, F|22/281 tox\n|turn|25\n|\n|t:|1732980800\n|-terastallize|p2a: Samurott|Poison\n|move|p1a: Palafin|Drain Punch|p2a: Samurott\n|-resisted|p2a: Samurott\n|-crit|p2a: Samurott\n|-damage|p2a: Samurott|198/265\n|-heal|p1a: Palafin|51/281 tox|[from] drain|[of] p2a: Samurott\n|move|p2a: Samurott|Ceaseless Edge|p1a: Palafin\n|-damage|p1a: Palafin|0 fnt\n|-sidestart|p1: Lusta.001|Spikes\n|faint|p1a: Palafin\n|-damage|p2a: Samurott|172/265|[from] item: Life Orb\n|\n|win|DonPig\n|l|\u2606DonPig\n|player|p2|\n|l|\u2606Lusta.001\n|player|p1|\n|j|\u2606DonPig\n|player|p2|DonPig|ltsurge|\n", "inputlog": ">version b107d77f5c90bd6555267ae244a6264823309ead\n>start {\"formatid\":\"gen9randombattle\",\"seed\":[10302,39034,62478,5538]}\n>player p1 {\"name\":\"Lusta.001\",\"avatar\":\"266\",\"rating\":0,\"seed\":[52359,55795,12741,16066]}\n>player p2 {\"name\":\"DonPig\",\"avatar\":\"ltsurge\",\"rating\":0,\"seed\":[42124,27141,9147,45848]}\n>p1 switch 3\n>p2 switch 3\n>p1 move thunderwave\n>p2 move toxicspikes\n>p1 move seismictoss\n>p2 move toxicspikes\n>p1 move seismictoss\n>p2 switch 5\n>p1 move thunderwave\n>p2 switch 6\n>p1 move stealthrock\n>p2 move earthquake\n>p1 switch 3\n>p2 move earthquake\n>p1 move icepunch\n>p2 switch 5\n>p1 move drainpunch\n>p2 move recover\n>p1 move bulkup\n>p2 move liquidation\n>p1 switch 5\n>p2 move haze\n>p1 move swordsdance\n>p2 switch 6\n>p1 move woodhammer\n>p2 move rapidspin\n>p2 switch 2\n>p1 switch 6\n>p2 move flareblitz\n>p1 switch 4\n>p1 move earthquake terastallize\n>p2 switch 3\n>p1 move earthquake\n>p2 move rest\n>p2 switch 5\n>p1 move earthquake\n>p2 move earthquake\n>p1 move roost\n>p2 move earthquake\n>p1 switch 2\n>p1 move gunkshot\n>p2 switch 3\n>p1 move earthquake\n>p2 move sunsteelstrike\n>p1 move earthquake\n>p2 switch 3\n>p1 move suckerpunch\n>p2 move earthquake\n>p1 switch 6\n>p1 move woodhammer\n>p2 move earthquake\n>p1 switch 3\n>p2 switch 4\n>p1 move thunderwave\n>p2 move sacredsword\n>p1 switch 5\n>p1 move drainpunch\n>p2 move ceaselessedge terastallize", "uploadtime": 1732980821, "views": 4, "formatid": "gen9randombattle", "rating": null, "private": 0, "password": null}