{"id": "gen9randombattle-2253979864", "format": "[Gen 9] Random Battle", "players": ["smallraisinboy", "mathysocks"], "log": "|j|\u2606smallraisinboy\n|j|\u2606mathysocks\n|t:|1732974996\n|gametype|singles\n|player|p1|smallraisinboy|102|1530\n|player|p2|mathysocks|102|1508\n|teamsize|p1|6\n|teamsize|p2|6\n|gen|9\n|tier|[Gen 9] Random Battle\n|rated|\n|rule|Species Clause: Limit one of each Pok\u00e9mon\n|rule|HP Percentage Mod: HP is shown in percentages\n|rule|Sleep Clause Mod: Limit one foe put to sleep\n|rule|Illusion Level Mod: Illusion disguises the Pok\u00e9mon's true level\n|\n|t:|1732974996\n|start\n|switch|p1a: Skeledirge|Skeledirge, L79, F|294/294\n|switch|p2a: Clawitzer|Clawitzer, L87, M|265/265\n|turn|1\n|inactive|Battle timer is ON: inactive players will automatically lose when time's up. (requested by smallraisinboy)\n|c|\u2606smallraisinboy|wow\n|c|\u2606smallraisinboy|how fun\n|\n|t:|1732975009\n|switch|p1a: Wo-Chien|Wo-Chien, L83|277/277\n|-ability|p1a: Wo-Chien|Tablets of Ruin\n|move|p2a: Clawitzer|U-turn|p1a: Wo-Chien\n|-supereffective|p1a: Wo-Chien\n|-damage|p1a: Wo-Chien|157/277\n|\n|t:|1732975018\n|switch|p2a: Skuntank|Skuntank, L84, M|310/310|[from] U-turn\n|\n|-heal|p1a: Wo-Chien|174/277|[from] item: Leftovers\n|upkeep\n|turn|2\n|\n|t:|1732975035\n|switch|p1a: Golurk|Golurk, L87|297/297\n|move|p2a: Skuntank|Gunk Shot|p1a: Golurk\n|-resisted|p1a: Golurk\n|-damage|p1a: Golurk|267/297\n|-status|p1a: Golurk|psn\n|\n|-damage|p1a: Golurk|230/297 psn|[from] psn\n|upkeep\n|turn|3\n|\n|t:|1732975048\n|move|p2a: Skuntank|Knock Off|p1a: Golurk\n|-supereffective|p1a: Golurk\n|-damage|p1a: Golurk|12/297 psn\n|-enditem|p1a: Golurk|Choice Band|[from] move: Knock Off|[of] p2a: Skuntank\n|move|p1a: Golurk|Stone Edge|p2a: Skuntank\n|-crit|p2a: Skuntank\n|-damage|p2a: Skuntank|143/310\n|\n|-damage|p1a: Golurk|0 fnt|[from] psn\n|faint|p1a: Golurk\n|upkeep\n|\n|t:|1732975062\n|switch|p1a: Tauros|Tauros-Paldea-Blaze, L81, M|254/254\n|-ability|p1a: Tauros|Intimidate|boost\n|-unboost|p2a: Skuntank|atk|1\n|turn|4\n|\n|t:|1732975072\n|move|p1a: Tauros|Close Combat|p2a: Skuntank\n|-damage|p2a: Skuntank|0 fnt\n|-unboost|p1a: Tauros|def|1\n|-unboost|p1a: Tauros|spd|1\n|-damage|p1a: Tauros|191/254|[from] ability: Aftermath|[of] p2a: Skuntank\n|faint|p2a: Skuntank\n|\n|upkeep\n|\n|t:|1732975077\n|switch|p2a: Clawitzer|Clawitzer, L87, M|265/265\n|turn|5\n|\n|t:|1732975083\n|switch|p1a: Vespiquen|Vespiquen, L98, F|296/296\n|-ability|p1a: Vespiquen|Pressure\n|move|p2a: Clawitzer|Water Pulse|p1a: Vespiquen\n|-crit|p1a: Vespiquen\n|-damage|p1a: Vespiquen|157/296\n|\n|upkeep\n|turn|6\n|\n|t:|1732975093\n|move|p2a: Clawitzer|Water Pulse|p1a: Vespiquen\n|-damage|p1a: Vespiquen|61/296\n|move|p1a: Vespiquen|Roost|p1a: Vespiquen\n|-heal|p1a: Vespiquen|209/296\n|-singleturn|p1a: Vespiquen|move: Roost\n|\n|upkeep\n|turn|7\n|\n|t:|1732975098\n|move|p2a: Clawitzer|U-turn|p1a: Vespiquen\n|-resisted|p1a: Vespiquen\n|-damage|p1a: Vespiquen|192/296\n|\n|t:|1732975103\n|switch|p2a: Gholdengo|Gholdengo, L77|261/261|[from] U-turn\n|move|p1a: Vespiquen|Toxic|p2a: Gholdengo\n|-immune|p2a: Gholdengo|[from] ability: Good as Gold\n|\n|upkeep\n|turn|8\n|\n|t:|1732975118\n|move|p2a: Gholdengo|Nasty Plot|p2a: Gholdengo\n|-boost|p2a: Gholdengo|spa|2\n|move|p1a: Vespiquen|Air Slash|p2a: Gholdengo\n|-resisted|p2a: Gholdengo\n|-damage|p2a: Gholdengo|207/261\n|\n|-heal|p2a: Gholdengo|223/261|[from] item: Leftovers\n|upkeep\n|turn|9\n|\n|t:|1732975134\n|move|p2a: Gholdengo|Shadow Ball|p1a: Vespiquen\n|-damage|p1a: Vespiquen|41/296\n|move|p1a: Vespiquen|U-turn|p2a: Gholdengo\n|-resisted|p2a: Gholdengo\n|-damage|p2a: Gholdengo|201/261\n|\n|t:|1732975140\n|switch|p1a: Skeledirge|Skeledirge, L79, F|294/294|[from] U-turn\n|\n|-heal|p2a: Gholdengo|217/261|[from] item: Leftovers\n|upkeep\n|turn|10\n|inactive|mathysocks has 120 seconds left.\n|inactive|mathysocks has 90 seconds left.\n|inactive|mathysocks has 60 seconds left.\n|\n|t:|1732975242\n|-terastallize|p1a: Skeledirge|Fairy\n|move|p2a: Gholdengo|Make It Rain|p1a: Skeledirge\n|-supereffective|p1a: Skeledirge\n|-damage|p1a: Skeledirge|0 fnt\n|-unboost|p2a: Gholdengo|spa|1\n|faint|p1a: Skeledirge\n|\n|-heal|p2a: Gholdengo|233/261|[from] item: Leftovers\n|upkeep\n|n|!smallraisinboy|smallraisinboy\n|inactive|smallraisinboy has 120 seconds left.\n|\n|t:|1732975269\n|switch|p1a: Wo-Chien|Wo-Chien, L83|174/277\n|-ability|p1a: Wo-Chien|Tablets of Ruin\n|turn|11\n|inactive|mathysocks has 60 seconds left.\n|\n|t:|1732975286\n|-terastallize|p2a: Gholdengo|Dark\n|move|p2a: Gholdengo|Nasty Plot|p2a: Gholdengo\n|-boost|p2a: Gholdengo|spa|2\n|move|p1a: Wo-Chien|Knock Off|p2a: Gholdengo\n|-resisted|p2a: Gholdengo\n|-damage|p2a: Gholdengo|184/261\n|-enditem|p2a: Gholdengo|Leftovers|[from] move: Knock Off|[of] p1a: Wo-Chien\n|\n|-heal|p1a: Wo-Chien|191/277|[from] item: Leftovers\n|upkeep\n|turn|12\n|\n|t:|1732975295\n|move|p1a: Wo-Chien|Protect|p1a: Wo-Chien\n|-singleturn|p1a: Wo-Chien|Protect\n|move|p2a: Gholdengo|Nasty Plot|p2a: Gholdengo\n|-boost|p2a: Gholdengo|spa|2\n|\n|-heal|p1a: Wo-Chien|208/277|[from] item: Leftovers\n|upkeep\n|turn|13\n|\n|t:|1732975302\n|move|p2a: Gholdengo|Make It Rain|p1a: Wo-Chien\n|-damage|p1a: Wo-Chien|0 fnt\n|-unboost|p2a: Gholdengo|spa|1\n|faint|p1a: Wo-Chien\n|\n|upkeep\n|\n|t:|1732975308\n|switch|p1a: Tauros|Tauros-Paldea-Blaze, L81, M|191/254\n|-ability|p1a: Tauros|Intimidate|boost\n|-unboost|p2a: Gholdengo|atk|1\n|turn|14\n|inactive|mathysocks has 60 seconds left.\n|inactive|mathysocks has 30 seconds left.\n|inactive|mathysocks has 20 seconds left.\n|inactive|mathysocks has 15 seconds left.\n|\n|t:|1732975378\n|move|p1a: Tauros|Close Combat|p2a: Gholdengo\n|-supereffective|p2a: Gholdengo\n|-damage|p2a: Gholdengo|0 fnt\n|-unboost|p1a: Tauros|def|1\n|-unboost|p1a: Tauros|spd|1\n|faint|p2a: Gholdengo\n|\n|upkeep\n|inactive|mathysocks has 20 seconds left this turn.\n|inactive|mathysocks has 15 seconds left.\n|\n|t:|1732975385\n|switch|p2a: Clawitzer|Clawitzer, L87, M|265/265\n|turn|15\n|inactive|mathysocks has 25 seconds left this turn.\n|\n|t:|1732975389\n|move|p1a: Tauros|Close Combat|p2a: Clawitzer\n|-damage|p2a: Clawitzer|81/265\n|-unboost|p1a: Tauros|def|1\n|-unboost|p1a: Tauros|spd|1\n|move|p2a: Clawitzer|Water Pulse|p1a: Tauros\n|-supereffective|p1a: Tauros\n|-damage|p1a: Tauros|0 fnt\n|faint|p1a: Tauros\n|\n|upkeep\n|inactive|mathysocks has 30 seconds left this turn.\n|\n|t:|1732975399\n|switch|p1a: Regice|Regice, L88|284/284\n|turn|16\n|inactive|mathysocks has 30 seconds left.\n|inactive|mathysocks has 20 seconds left.\n|inactive|mathysocks has 15 seconds left.\n|inactive|mathysocks has 10 seconds left.\n|inactive|mathysocks has 5 seconds left.\n|-message|mathysocks lost due to inactivity.\n|\n|win|smallraisinboy\n", "inputlog": ">version b107d77f5c90bd6555267ae244a6264823309ead\n>start {\"formatid\":\"gen9randombattle\",\"seed\":[20831,62795,43485,50134],\"rated\":\"Rated battle\"}\n>player p1 {\"name\":\"smallraisinboy\",\"avatar\":\"102\",\"rating\":1530,\"seed\":[35841,30256,38083,21481]}\n>player p2 {\"name\":\"mathysocks\",\"avatar\":\"102\",\"rating\":1508,\"seed\":[12644,7586,63610,20219]}\n>chat \u2606smallraisinboy|wow\n>chat \u2606smallraisinboy|how fun\n>p1 switch 3\n>p2 move uturn\n>p2 switch 2\n>p1 switch 5\n>p2 move gunkshot\n>p1 move stoneedge\n>p2 move knockoff\n>p1 switch 6\n>p1 move closecombat\n>p2 move gunkshot\n>p2 switch 2\n>p1 switch 2\n>p2 move waterpulse\n>p1 move roost\n>p2 move waterpulse\n>p1 move toxic\n>p2 move uturn\n>p2 switch 5\n>p1 move airslash\n>p2 move nastyplot\n>p1 move uturn\n>p2 move shadowball\n>p1 switch 3\n>p1 move flamecharge terastallize\n>p2 move makeitrain\n>chat \u2606smallraisinboy|oh fuck off\n>p1 switch 5\n>p1 move knockoff\n>p2 move nastyplot terastallize\n>p1 move protect\n>p2 move nastyplot\n>p1 move gigadrain\n>p2 move makeitrain\n>p1 switch 2\n>p1 move closecombat\n>p2 move makeitrain\n>p2 switch 5\n>p1 move closecombat\n>p2 move waterpulse\n>p1 switch 4\n>forcelose p2", "uploadtime": 1732975253, "views": 1, "formatid": "gen9randombattle", "rating": null, "private": 0, "password": null}