{"id": "gen9randombattle-2254022837", "format": "[Gen 9] Random Battle", "players": ["Carrot076", "Venges life"], "log": "|j|\u2606Carrot076\n|j|\u2606Venges life\n|t:|1732981303\n|gametype|singles\n|player|p1|Carrot076|riley|\n|player|p2|Venges life|drayden|\n|teamsize|p1|6\n|teamsize|p2|6\n|gen|9\n|tier|[Gen 9] Random Battle\n|rule|Species Clause: Limit one of each Pok\u00e9mon\n|rule|HP Percentage Mod: HP is shown in percentages\n|rule|Sleep Clause Mod: Limit one foe put to sleep\n|rule|Illusion Level Mod: Illusion disguises the Pok\u00e9mon's true level\n|\n|t:|1732981303\n|start\n|switch|p1a: Hawlucha|Hawlucha, L80, M|256/256\n|switch|p2a: Ursaluna|Ursaluna, L79, M|335/335\n|turn|1\n|\n|t:|1732981316\n|move|p1a: Hawlucha|Swords Dance|p1a: Hawlucha\n|-boost|p1a: Hawlucha|atk|2\n|move|p2a: Ursaluna|Swords Dance|p2a: Ursaluna\n|-boost|p2a: Ursaluna|atk|2\n|\n|-status|p2a: Ursaluna|brn|[from] item: Flame Orb\n|upkeep\n|turn|2\n|\n|t:|1732981326\n|move|p1a: Hawlucha|Close Combat|p2a: Ursaluna\n|-supereffective|p2a: Ursaluna\n|-damage|p2a: Ursaluna|0 fnt\n|-unboost|p1a: Hawlucha|def|1\n|-unboost|p1a: Hawlucha|spd|1\n|-enditem|p1a: Hawlucha|White Herb\n|-clearnegativeboost|p1a: Hawlucha|[silent]\n|faint|p2a: Ursaluna\n|\n|upkeep\n|\n|t:|1732981343\n|switch|p2a: Feraligatr|Feraligatr, L79, M|264/264\n|turn|3\n|\n|t:|1732981348\n|move|p1a: Hawlucha|Swords Dance|p1a: Hawlucha\n|-boost|p1a: Hawlucha|atk|2\n|move|p2a: Feraligatr|Dragon Dance|p2a: Feraligatr\n|-boost|p2a: Feraligatr|atk|1\n|-boost|p2a: Feraligatr|spe|1\n|\n|upkeep\n|turn|4\n|\n|t:|1732981354\n|move|p1a: Hawlucha|Acrobatics|p2a: Feraligatr\n|-damage|p2a: Feraligatr|0 fnt\n|faint|p2a: Feraligatr\n|\n|upkeep\n|\n|t:|1732981362\n|switch|p2a: Seviper|Seviper, L93, M|287/287\n|turn|5\n|\n|t:|1732981372\n|move|p1a: Hawlucha|Acrobatics|p2a: Seviper\n|-damage|p2a: Seviper|0 fnt\n|faint|p2a: Seviper\n|\n|upkeep\n|\n|t:|1732981376\n|switch|p2a: Spiritomb|Spiritomb, L89, M|234/234\n|turn|6\n|\n|t:|1732981383\n|move|p1a: Hawlucha|Acrobatics|p2a: Spiritomb\n|-damage|p2a: Spiritomb|0 fnt\n|faint|p2a: Spiritomb\n|\n|upkeep\n|\n|t:|1732981386\n|switch|p2a: Persian|Persian, L92, F|269/269\n|turn|7\n|\n|t:|1732981391\n|move|p2a: Persian|Fake Out|p1a: Hawlucha\n|-damage|p1a: Hawlucha|168/256\n|cant|p1a: Hawlucha|flinch\n|\n|upkeep\n|turn|8\n|\n|t:|1732981398\n|move|p1a: Hawlucha|Encore|p2a: Persian\n|-start|p2a: Persian|Encore\n|move|p2a: Persian|Fake Out||[still]\n|-hint|Fake Out only works on your first turn out.\n|-fail|p2a: Persian\n|\n|upkeep\n|turn|9\n|\n|t:|1732981444\n|move|p2a: Persian|Fake Out||[still]\n|-hint|Fake Out only works on your first turn out.\n|-fail|p2a: Persian\n|move|p1a: Hawlucha|Acrobatics|p2a: Persian\n|-damage|p2a: Persian|0 fnt\n|faint|p2a: Persian\n|\n|upkeep\n|\n|t:|1732981447\n|switch|p2a: Passimian|Passimian, L83, M|302/302\n|turn|10\n|\n|t:|1732981461\n|move|p1a: Hawlucha|Acrobatics|p2a: Passimian\n|-supereffective|p2a: Passimian\n|-damage|p2a: Passimian|0 fnt\n|faint|p2a: Passimian\n|\n|win|Carrot076\n", "inputlog": ">version b107d77f5c90bd6555267ae244a6264823309ead\n>start {\"formatid\":\"gen9randombattle\",\"seed\":[32243,15683,64771,56804]}\n>player p1 {\"name\":\"Carrot076\",\"avatar\":\"riley\",\"rating\":0,\"seed\":[13130,54933,43709,2719]}\n>player p2 {\"name\":\"Venges life\",\"avatar\":\"drayden\",\"rating\":0,\"seed\":[51910,44127,5534,15065]}\n>p1 move swordsdance\n>p2 move swordsdance\n>p1 move closecombat\n>p2 move facade\n>p2 switch 4\n>p1 move swordsdance\n>p2 move dragondance\n>p1 move acrobatics\n>p2 move icepunch\n>p2 switch 5\n>p1 move acrobatics\n>p2 move gunkshot\n>p2 switch 6\n>p1 move acrobatics\n>p2 move poltergeist\n>p2 switch 2\n>p1 move acrobatics\n>p2 move fakeout\n>p1 move encore\n>p2 move doubleedge\n>p1 move acrobatics\n>p2 move fakeout\n>p2 switch 3\n>p1 move acrobatics\n>p2 move gunkshot", "uploadtime": 1732981468, "views": 5, "formatid": "gen9randombattle", "rating": null, "private": 0, "password": null}