{"id": "gen9randombattle-2254049643", "format": "[Gen 9] Random Battle", "players": ["Nokkoo_", "blaaackito"], "log": "|j|\u2606Nokkoo_\n|j|\u2606blaaackito\n|t:|1732984907\n|gametype|singles\n|player|p1|Nokkoo_|blue-gen7|\n|player|p2|blaaackito|falkner|\n|teamsize|p1|6\n|teamsize|p2|6\n|gen|9\n|tier|[Gen 9] Random Battle\n|rule|Species Clause: Limit one of each Pok\u00e9mon\n|rule|HP Percentage Mod: HP is shown in percentages\n|rule|Sleep Clause Mod: Limit one foe put to sleep\n|rule|Illusion Level Mod: Illusion disguises the Pok\u00e9mon's true level\n|\n|t:|1732984907\n|start\n|switch|p1a: Minior|Minior-Violet, L79|224/224\n|switch|p2a: Inteleon|Inteleon, L81, F|246/246\n|-formechange|p1a: Minior|Minior-Meteor||[from] ability: Shields Down\n|turn|1\n|\n|t:|1732984959\n|switch|p1a: Lanturn|Lanturn, L89, F|367/367\n|move|p2a: Inteleon|Ice Beam|p1a: Lanturn\n|-resisted|p1a: Lanturn\n|-damage|p1a: Lanturn|315/367\n|\n|-heal|p1a: Lanturn|337/367|[from] item: Leftovers\n|upkeep\n|turn|2\n|\n|t:|1732984972\n|switch|p2a: Zapdos|Zapdos, L78|268/268\n|move|p1a: Lanturn|Volt Switch|p2a: Zapdos\n|-damage|p2a: Zapdos|198/268\n|\n|t:|1732984980\n|switch|p1a: Golurk|Golurk, L87|297/297|[from] Volt Switch\n|\n|upkeep\n|turn|3\n|\n|t:|1732984992\n|switch|p2a: Keldeo|Keldeo-Resolute, L79|273/273\n|move|p1a: Golurk|Stone Edge|p2a: Keldeo\n|-resisted|p2a: Keldeo\n|-crit|p2a: Keldeo\n|-damage|p2a: Keldeo|174/273\n|\n|upkeep\n|turn|4\n|\n|t:|1732985002\n|switch|p1a: Electivire|Electivire, L84, F|263/263\n|move|p2a: Keldeo|Secret Sword|p1a: Electivire\n|-damage|p1a: Electivire|99/263\n|-damage|p2a: Keldeo|147/273|[from] item: Life Orb\n|\n|upkeep\n|turn|5\n|\n|t:|1732985012\n|move|p2a: Keldeo|Secret Sword|p1a: Electivire\n|-damage|p1a: Electivire|0 fnt\n|faint|p1a: Electivire\n|-damage|p2a: Keldeo|120/273|[from] item: Life Orb\n|\n|upkeep\n|\n|t:|1732985021\n|switch|p1a: Lanturn|Lanturn, L89, F|337/367\n|turn|6\n|\n|t:|1732985030\n|move|p2a: Keldeo|Secret Sword|p1a: Lanturn\n|-damage|p1a: Lanturn|181/367\n|-damage|p2a: Keldeo|93/273|[from] item: Life Orb\n|move|p1a: Lanturn|Thunderbolt|p2a: Keldeo\n|-supereffective|p2a: Keldeo\n|-damage|p2a: Keldeo|0 fnt\n|faint|p2a: Keldeo\n|\n|-heal|p1a: Lanturn|203/367|[from] item: Leftovers\n|upkeep\n|\n|t:|1732985040\n|switch|p2a: Zapdos|Zapdos, L78|198/268\n|turn|7\n|\n|t:|1732985047\n|move|p2a: Zapdos|Thunderbolt|p1a: Lanturn\n|-heal|p1a: Lanturn|294/367|[from] ability: Volt Absorb|[of] p2a: Zapdos\n|move|p1a: Lanturn|Scald|p2a: Zapdos\n|-damage|p2a: Zapdos|117/268\n|-status|p2a: Zapdos|brn\n|\n|-heal|p1a: Lanturn|316/367|[from] item: Leftovers\n|-damage|p2a: Zapdos|101/268 brn|[from] brn\n|upkeep\n|turn|8\n|\n|t:|1732985057\n|switch|p1a: Golurk|Golurk, L87|297/297\n|move|p2a: Zapdos|Roost|p2a: Zapdos\n|-heal|p2a: Zapdos|235/268 brn\n|-singleturn|p2a: Zapdos|move: Roost\n|\n|-damage|p2a: Zapdos|219/268 brn|[from] brn\n|upkeep\n|turn|9\n|\n|t:|1732985079\n|switch|p2a: Inteleon|Inteleon, L81, F|246/246\n|move|p1a: Golurk|Stone Edge|p2a: Inteleon\n|-damage|p2a: Inteleon|61/246\n|\n|upkeep\n|turn|10\n|\n|t:|1732985087\n|move|p2a: Inteleon|U-turn|p1a: Golurk\n|-resisted|p1a: Golurk\n|-damage|p1a: Golurk|276/297\n|\n|t:|1732985092\n|switch|p2a: Sableye|Sableye, L90, F|236/236|[from] U-turn\n|move|p1a: Golurk|Stone Edge|p2a: Sableye\n|-damage|p2a: Sableye|80/236\n|\n|-heal|p2a: Sableye|94/236|[from] item: Leftovers\n|upkeep\n|turn|11\n|\n|t:|1732985110\n|switch|p1a: Hitmontop|Hitmontop, L88, M|231/231\n|-ability|p1a: Hitmontop|Intimidate|boost\n|-unboost|p2a: Sableye|atk|1\n|-terastallize|p2a: Sableye|Steel\n|move|p2a: Sableye|Knock Off|p1a: Hitmontop\n|-resisted|p1a: Hitmontop\n|-damage|p1a: Hitmontop|201/231\n|-enditem|p1a: Hitmontop|Assault Vest|[from] move: Knock Off|[of] p2a: Sableye\n|\n|-heal|p2a: Sableye|108/236|[from] item: Leftovers\n|upkeep\n|turn|12\n|\n|t:|1732985124\n|switch|p2a: Pawmot|Pawmot, L80, M|243/243\n|move|p1a: Hitmontop|Close Combat|p2a: Pawmot\n|-damage|p2a: Pawmot|69/243\n|-unboost|p1a: Hitmontop|def|1\n|-unboost|p1a: Hitmontop|spd|1\n|\n|upkeep\n|turn|13\n|\n|t:|1732985157\n|move|p2a: Pawmot|Revival Blessing|p2a: Pawmot\n|\n|t:|1732985162\n|-heal|p2: Keldeo|136/273|[from] move: Revival Blessing\n|move|p1a: Hitmontop|Close Combat|p2a: Pawmot\n|-damage|p2a: Pawmot|0 fnt\n|-unboost|p1a: Hitmontop|def|1\n|-unboost|p1a: Hitmontop|spd|1\n|faint|p2a: Pawmot\n|\n|upkeep\n|\n|t:|1732985184\n|switch|p2a: Tauros|Tauros, L82, M|257/257\n|turn|14\n|\n|t:|1732985188\n|switch|p1a: Golurk|Golurk, L87|276/297\n|move|p2a: Tauros|Close Combat|p1a: Golurk\n|-immune|p1a: Golurk\n|\n|upkeep\n|turn|15\n|\n|t:|1732985199\n|switch|p2a: Inteleon|Inteleon, L81, F|61/246\n|move|p1a: Golurk|Dynamic Punch|p2a: Inteleon\n|-damage|p2a: Inteleon|0 fnt\n|faint|p2a: Inteleon\n|\n|upkeep\n|c|\u2606Nokkoo_|tellement ez\n|c|\u2606Nokkoo_|\u00e7a m\u00e9rite un replay\n|\n|t:|1732985220\n|switch|p2a: Zapdos|Zapdos, L78|219/268 brn\n|turn|16\n|\n|t:|1732985225\n|switch|p1a: Lanturn|Lanturn, L89, F|316/367\n|move|p2a: Zapdos|Hurricane|p1a: Lanturn\n|-resisted|p1a: Lanturn\n|-damage|p1a: Lanturn|250/367\n|-start|p1a: Lanturn|confusion\n|\n|-heal|p1a: Lanturn|272/367|[from] item: Leftovers\n|-damage|p2a: Zapdos|203/268 brn|[from] brn\n|upkeep\n|turn|17\n|\n|t:|1732985239\n|switch|p1a: Golurk|Golurk, L87|276/297\n|move|p2a: Zapdos|Heat Wave|p1a: Golurk\n|-damage|p1a: Golurk|197/297\n|\n|-damage|p2a: Zapdos|187/268 brn|[from] brn\n|upkeep\n|turn|18\n|-message|blaaackito forfeited.\n|\n|win|Nokkoo_\n|l|\u2606blaaackito\n|player|p2|\n", "inputlog": ">version b107d77f5c90bd6555267ae244a6264823309ead\n>start {\"formatid\":\"gen9randombattle\",\"seed\":[38660,53043,6666,7514]}\n>player p1 {\"name\":\"Nokkoo_\",\"avatar\":\"blue-gen7\",\"rating\":0,\"seed\":[64563,7976,32293,53704]}\n>player p2 {\"name\":\"blaaackito\",\"avatar\":\"falkner\",\"rating\":0,\"seed\":[64350,37768,48875,1671]}\n>p1 switch 3\n>p2 move icebeam\n>p1 move voltswitch\n>p2 switch 2\n>p1 switch 6\n>p1 move stoneedge\n>p2 switch 5\n>p1 switch 4\n>p2 move secretsword\n>p1 move supercellslam\n>p2 move secretsword\n>p1 switch 6\n>p1 move thunderbolt\n>p2 move secretsword\n>p2 switch 5\n>p1 move scald\n>p2 move thunderbolt\n>p1 switch 4\n>p2 move roost\n>p1 move stoneedge\n>p2 switch 2\n>p1 move stoneedge\n>p2 move uturn\n>p2 switch 3\n>p1 switch 5\n>p2 move knockoff terastallize\n>p1 move closecombat\n>p2 switch 4\n>p1 move closecombat\n>p2 move revivalblessing\n>p2 switch 5\n>p2 switch 6\n>p1 switch 5\n>p2 move closecombat\n>p1 move dynamicpunch\n>p2 switch 3\n>chat \u2606Nokkoo_|tellement ez\n>chat \u2606Nokkoo_|\u00e7a m\u00e9rite un replay\n>p2 switch 2\n>p1 switch 4\n>p2 move hurricane\n>p1 switch 4\n>p2 move heatwave\n>forcelose p2", "uploadtime": 1732985249, "views": 2, "formatid": "gen9randombattle", "rating": null, "private": 0, "password": null}