{"id": "gen9randombattle-2254001301", "format": "[Gen 9] Random Battle", "players": ["neixam", "lasercircus"], "log": "|j|\u2606neixam\n|j|\u2606lasercircus\n|t:|1732978272\n|gametype|singles\n|player|p1|neixam|janitor|1834\n|player|p2|lasercircus|lance|1815\n|teamsize|p1|6\n|teamsize|p2|6\n|gen|9\n|tier|[Gen 9] Random Battle\n|rated|\n|rule|Species Clause: Limit one of each Pok\u00e9mon\n|rule|HP Percentage Mod: HP is shown in percentages\n|rule|Sleep Clause Mod: Limit one foe put to sleep\n|rule|Illusion Level Mod: Illusion disguises the Pok\u00e9mon's true level\n|\n|t:|1732978272\n|start\n|switch|p1a: Cloyster|Cloyster, L80, F|211/211\n|switch|p2a: Ho-Oh|Ho-Oh, L71|268/268\n|turn|1\n|inactive|Battle timer is ON: inactive players will automatically lose when time's up. (requested by neixam)\n|\n|t:|1732978297\n|move|p2a: Ho-Oh|Sacred Fire|p1a: Cloyster\n|-damage|p1a: Cloyster|154/211\n|-status|p1a: Cloyster|brn\n|move|p1a: Cloyster|Shell Smash|p1a: Cloyster\n|-unboost|p1a: Cloyster|def|1\n|-unboost|p1a: Cloyster|spd|1\n|-boost|p1a: Cloyster|atk|2\n|-boost|p1a: Cloyster|spa|2\n|-boost|p1a: Cloyster|spe|2\n|-enditem|p1a: Cloyster|White Herb\n|-clearnegativeboost|p1a: Cloyster|[silent]\n|\n|-damage|p1a: Cloyster|141/211 brn|[from] brn\n|upkeep\n|turn|2\n|inactive|neixam has 120 seconds left.\n|\n|t:|1732978332\n|switch|p2a: Dialga|Dialga-Origin, L73|266/266\n|-ability|p2a: Dialga|Pressure\n|move|p1a: Cloyster|Rock Blast|p2a: Dialga\n|-resisted|p2a: Dialga\n|-damage|p2a: Dialga|259/266\n|-resisted|p2a: Dialga\n|-damage|p2a: Dialga|251/266\n|-resisted|p2a: Dialga\n|-damage|p2a: Dialga|244/266\n|-resisted|p2a: Dialga\n|-damage|p2a: Dialga|236/266\n|-resisted|p2a: Dialga\n|-damage|p2a: Dialga|229/266\n|-hitcount|p2a: Dialga|5\n|\n|-damage|p1a: Cloyster|128/211 brn|[from] brn\n|upkeep\n|turn|3\n|inactive|neixam has 120 seconds left.\n|inactive|lasercircus has 120 seconds left.\n|\n|t:|1732978362\n|move|p1a: Cloyster|Drill Run|p2a: Dialga\n|-supereffective|p2a: Dialga\n|-crit|p2a: Dialga\n|-damage|p2a: Dialga|85/266\n|move|p2a: Dialga|Flash Cannon|p1a: Cloyster\n|-damage|p1a: Cloyster|0 fnt\n|faint|p1a: Cloyster\n|\n|upkeep\n|\n|t:|1732978375\n|switch|p1a: Garchomp|Garchomp, L74, M|282/282\n|turn|4\n|\n|t:|1732978383\n|switch|p2a: Espeon|Espeon, L84, M|246/246\n|move|p1a: Garchomp|Earthquake|p2a: Espeon\n|-damage|p2a: Espeon|114/246\n|\n|upkeep\n|turn|5\n|inactive|neixam has 120 seconds left.\n|\n|t:|1732978420\n|-terastallize|p1a: Garchomp|Ground\n|move|p2a: Espeon|Alluring Voice|p1a: Garchomp\n|-damage|p1a: Garchomp|169/282\n|-damage|p2a: Espeon|90/246|[from] item: Life Orb\n|move|p1a: Garchomp|Scale Shot|p2a: Espeon\n|-damage|p2a: Espeon|57/246\n|-damage|p2a: Espeon|23/246\n|-damage|p2a: Espeon|0 fnt\n|faint|p2a: Espeon\n|-hitcount|p2: Espeon|3\n|-unboost|p1a: Garchomp|def|1\n|-boost|p1a: Garchomp|spe|1\n|\n|upkeep\n|inactive|lasercircus has 120 seconds left.\n|\n|t:|1732978451\n|switch|p2a: Piloswine|Piloswine, L85, M|309/309\n|turn|6\n|\n|t:|1732978460\n|switch|p1a: Falinks|Falinks, L84|246/246\n|move|p2a: Piloswine|Icicle Crash|p1a: Falinks\n|-damage|p1a: Falinks|161/246\n|\n|upkeep\n|turn|7\n|inactive|lasercircus has 120 seconds left.\n|\n|t:|1732978484\n|switch|p2a: Ho-Oh|Ho-Oh, L71|268/268\n|move|p1a: Falinks|Knock Off|p2a: Ho-Oh\n|-damage|p2a: Ho-Oh|164/268\n|-enditem|p2a: Ho-Oh|Heavy-Duty Boots|[from] move: Knock Off|[of] p1a: Falinks\n|-damage|p1a: Falinks|137/246|[from] item: Life Orb\n|\n|upkeep\n|turn|8\n|\n|t:|1732978497\n|switch|p1a: Ludicolo|Ludicolo, L90, F|290/290\n|move|p2a: Ho-Oh|Recover|p2a: Ho-Oh\n|-heal|p2a: Ho-Oh|268/268\n|\n|upkeep\n|turn|9\n|\n|t:|1732978506\n|move|p1a: Ludicolo|Rain Dance|p1a: Ludicolo\n|-weather|RainDance\n|move|p2a: Ho-Oh|Brave Bird|p1a: Ludicolo\n|-supereffective|p1a: Ludicolo\n|-damage|p1a: Ludicolo|50/290\n|-damage|p2a: Ho-Oh|189/268|[from] Recoil\n|\n|-weather|RainDance|[upkeep]\n|upkeep\n|turn|10\n|\n|t:|1732978516\n|switch|p2a: Dialga|Dialga-Origin, L73|85/266\n|-ability|p2a: Dialga|Pressure\n|move|p1a: Ludicolo|Hydro Pump|p2a: Dialga\n|-resisted|p2a: Dialga\n|-damage|p2a: Dialga|0 fnt\n|faint|p2a: Dialga\n|-damage|p1a: Ludicolo|21/290|[from] item: Life Orb\n|\n|-weather|RainDance|[upkeep]\n|upkeep\n|\n|t:|1732978526\n|switch|p2a: Mienshao|Mienshao, L83, F|244/244\n|turn|11\n|\n|t:|1732978535\n|move|p2a: Mienshao|Fake Out|p1a: Ludicolo\n|-damage|p1a: Ludicolo|0 fnt\n|faint|p1a: Ludicolo\n|\n|-weather|RainDance|[upkeep]\n|upkeep\n|\n|t:|1732978548\n|switch|p1a: Furret|Furret, L94, F|312/312\n|-item|p2a: Mienshao|Assault Vest|[from] ability: Frisk|[of] p1a: Furret\n|turn|12\n|\n|t:|1732978562\n|move|p1a: Furret|U-turn|p2a: Mienshao\n|-resisted|p2a: Mienshao\n|-crit|p2a: Mienshao\n|-damage|p2a: Mienshao|170/244\n|\n|t:|1732978568\n|switch|p1a: Falinks|Falinks, L84|137/246|[from] U-turn\n|move|p2a: Mienshao|Close Combat|p1a: Falinks\n|-damage|p1a: Falinks|0 fnt\n|-unboost|p2a: Mienshao|def|1\n|-unboost|p2a: Mienshao|spd|1\n|faint|p1a: Falinks\n|\n|-weather|RainDance|[upkeep]\n|upkeep\n|\n|t:|1732978589\n|switch|p1a: Furret|Furret, L94, F|312/312\n|-item|p2a: Mienshao|Assault Vest|[from] ability: Frisk|[of] p1a: Furret\n|turn|13\n|\n|t:|1732978595\n|switch|p2a: Ho-Oh|Ho-Oh, L71|268/268\n|move|p1a: Furret|Double-Edge|p2a: Ho-Oh\n|-damage|p2a: Ho-Oh|22/268\n|-damage|p1a: Furret|231/312|[from] Recoil\n|\n|-weather|none\n|upkeep\n|turn|14\n|\n|t:|1732978607\n|switch|p2a: Wigglytuff|Wigglytuff, L96, F|424/424\n|move|p1a: Furret|Double-Edge|p2a: Wigglytuff\n|-damage|p2a: Wigglytuff|129/424\n|-damage|p1a: Furret|134/312|[from] Recoil\n|\n|-heal|p2a: Wigglytuff|155/424|[from] item: Leftovers\n|upkeep\n|turn|15\n|\n|t:|1732978620\n|move|p2a: Wigglytuff|Protect|p2a: Wigglytuff\n|-singleturn|p2a: Wigglytuff|Protect\n|move|p1a: Furret|Double-Edge|p2a: Wigglytuff\n|-activate|p2a: Wigglytuff|move: Protect\n|\n|-heal|p2a: Wigglytuff|181/424|[from] item: Leftovers\n|upkeep\n|turn|16\n|\n|t:|1732978632\n|switch|p1a: Golem|Golem-Alola, L93, M|300/300\n|move|p2a: Wigglytuff|Wish|p2a: Wigglytuff\n|\n|-heal|p2a: Wigglytuff|207/424|[from] item: Leftovers\n|upkeep\n|turn|17\n|\n|t:|1732978646\n|switch|p2a: Piloswine|Piloswine, L85, M|309/309\n|move|p1a: Golem|Double-Edge|p2a: Piloswine\n|-immune|p2a: Piloswine\n|\n|upkeep\n|turn|18\n|\n|t:|1732978658\n|switch|p1a: Furret|Furret, L94, F|134/312\n|-item|p2a: Piloswine|Eviolite|[from] ability: Frisk|[of] p1a: Furret\n|move|p2a: Piloswine|Stealth Rock|p1a: Furret\n|-sidestart|p1: neixam|move: Stealth Rock\n|\n|upkeep\n|turn|19\n|\n|t:|1732978668\n|move|p1a: Furret|Knock Off|p2a: Piloswine\n|-damage|p2a: Piloswine|238/309\n|-enditem|p2a: Piloswine|Eviolite|[from] move: Knock Off|[of] p1a: Furret\n|move|p2a: Piloswine|Earthquake|p1a: Furret\n|-damage|p1a: Furret|0 fnt\n|faint|p1a: Furret\n|\n|upkeep\n|\n|t:|1732978680\n|switch|p1a: Golem|Golem-Alola, L93, M|300/300\n|-damage|p1a: Golem|263/300|[from] Stealth Rock\n|turn|20\n|\n|t:|1732978688\n|move|p1a: Golem|Stone Edge|p2a: Piloswine\n|-crit|p2a: Piloswine\n|-damage|p2a: Piloswine|0 fnt\n|faint|p2a: Piloswine\n|\n|upkeep\n|\n|t:|1732978694\n|switch|p2a: Mienshao|Mienshao, L83, F|244/244\n|turn|21\n|\n|t:|1732978701\n|switch|p1a: Garchomp|Garchomp, L74, M, tera:Ground|169/282\n|-damage|p1a: Garchomp|152/282|[from] Stealth Rock\n|move|p2a: Mienshao|Close Combat|p1a: Garchomp\n|-damage|p1a: Garchomp|0 fnt\n|-unboost|p2a: Mienshao|def|1\n|-unboost|p2a: Mienshao|spd|1\n|-damage|p2a: Mienshao|214/244|[from] ability: Rough Skin|[of] p1a: Garchomp\n|faint|p1a: Garchomp\n|\n|upkeep\n|\n|t:|1732978711\n|switch|p1a: Golem|Golem-Alola, L93, M|263/300\n|-damage|p1a: Golem|226/300|[from] Stealth Rock\n|turn|22\n|\n|t:|1732978718\n|move|p2a: Mienshao|U-turn|p1a: Golem\n|-damage|p1a: Golem|187/300\n|\n|t:|1732978725\n|switch|p2a: Wigglytuff|Wigglytuff, L96, F|207/424|[from] U-turn\n|move|p1a: Golem|Explosion|p2a: Wigglytuff\n|-damage|p2a: Wigglytuff|0 fnt\n|faint|p1a: Golem\n|faint|p2a: Wigglytuff\n|\n|win|lasercircus\n|raw|neixam's rating: 1834 &rarr; <strong>1813</strong><br />(-21 for losing)\n|raw|lasercircus's rating: 1815 &rarr; <strong>1836</strong><br />(+21 for winning)\n|c|\u2606lasercircus|gg\n", "inputlog": ">version b107d77f5c90bd6555267ae244a6264823309ead\n>start {\"formatid\":\"gen9randombattle\",\"seed\":[13511,16944,27206,29211],\"rated\":\"Rated battle\"}\n>player p1 {\"name\":\"neixam\",\"avatar\":\"janitor\",\"rating\":1834,\"seed\":[42592,55906,52032,32621]}\n>player p2 {\"name\":\"lasercircus\",\"avatar\":\"lance\",\"rating\":1815,\"seed\":[32309,13178,32697,13006]}\n>p1 move shellsmash\n>p2 move sacredfire\n>p1 move rockblast\n>p2 switch 2\n>p1 move drillrun\n>p2 move flashcannon\n>p1 switch 3\n>p1 move earthquake\n>p2 switch 5\n>p1 move scaleshot terastallize\n>p2 move alluringvoice\n>p2 switch 6\n>p1 switch 6\n>p2 move iciclecrash\n>p1 move knockoff\n>p2 switch 2\n>p1 switch 5\n>p2 move recover\n>p1 move raindance\n>p2 move bravebird\n>p1 move hydropump\n>p2 switch 5\n>p2 switch 3\n>p1 move hydropump\n>p2 move fakeout\n>p1 switch 2\n>p1 move uturn\n>p2 move closecombat\n>p1 switch 5\n>p1 switch 5\n>p1 move doubleedge\n>p2 switch 5\n>p1 move doubleedge\n>p2 switch 4\n>p1 move doubleedge\n>p2 move protect\n>p1 switch 4\n>p2 move wish\n>p1 move doubleedge\n>p2 switch 2\n>p1 switch 4\n>p2 move stealthrock\n>p1 move knockoff\n>p2 move earthquake\n>p1 switch 4\n>p1 move stoneedge\n>p2 move earthquake\n>p2 switch 5\n>p1 switch 6\n>p2 move closecombat\n>p1 switch 6\n>p1 move explosion\n>p2 move uturn\n>p2 switch 2", "uploadtime": 1732978733, "views": 1, "formatid": "gen9randombattle", "rating": 1813, "private": 0, "password": null}