{"id": "gen9randombattle-2254152788", "format": "[Gen 9] Random Battle", "players": ["miltonly6", "jkjiuu08998"], "log": "|j|\u2606miltonly6\n|j|\u2606jkjiuu08998\n|t:|1732997721\n|gametype|singles\n|player|p1|miltonly6|eusine|1011\n|player|p2|jkjiuu08998|hooligans|1000\n|teamsize|p1|6\n|teamsize|p2|6\n|gen|9\n|tier|[Gen 9] Random Battle\n|rated|\n|rule|Species Clause: Limit one of each Pok\u00e9mon\n|rule|HP Percentage Mod: HP is shown in percentages\n|rule|Sleep Clause Mod: Limit one foe put to sleep\n|rule|Illusion Level Mod: Illusion disguises the Pok\u00e9mon's true level\n|\n|t:|1732997721\n|start\n|switch|p1a: Solgaleo|Solgaleo, L74|325/325\n|switch|p2a: Gurdurr|Gurdurr, L85, M|283/283\n|turn|1\n|\n|t:|1732997733\n|switch|p1a: Tauros|Tauros, L82, M|257/257\n|move|p2a: Gurdurr|Drain Punch|p1a: Tauros\n|-supereffective|p1a: Tauros\n|-damage|p1a: Tauros|93/257\n|\n|upkeep\n|turn|2\n|\n|t:|1732997743\n|move|p2a: Gurdurr|Mach Punch|p1a: Tauros\n|-supereffective|p1a: Tauros\n|-damage|p1a: Tauros|0 fnt\n|faint|p1a: Tauros\n|\n|upkeep\n|\n|t:|1732997749\n|switch|p1a: Rillaboom|Rillaboom, L79, M|288/288\n|-fieldstart|move: Grassy Terrain|[from] ability: Grassy Surge|[of] p1a: Rillaboom\n|turn|3\n|\n|t:|1732997756\n|move|p1a: Rillaboom|Grassy Glide|p2a: Gurdurr\n|-damage|p2a: Gurdurr|198/283\n|move|p2a: Gurdurr|Knock Off|p1a: Rillaboom\n|-damage|p1a: Rillaboom|212/288\n|-enditem|p1a: Rillaboom|Choice Band|[from] move: Knock Off|[of] p2a: Gurdurr\n|\n|-heal|p1a: Rillaboom|230/288|[from] Grassy Terrain\n|-heal|p2a: Gurdurr|215/283|[from] Grassy Terrain\n|upkeep\n|turn|4\n|\n|t:|1732997778\n|move|p1a: Rillaboom|Grassy Glide|p2a: Gurdurr\n|-damage|p2a: Gurdurr|160/283\n|move|p2a: Gurdurr|Drain Punch|p1a: Rillaboom\n|-damage|p1a: Rillaboom|143/288\n|-heal|p2a: Gurdurr|204/283|[from] drain|[of] p1a: Rillaboom\n|\n|-heal|p1a: Rillaboom|161/288|[from] Grassy Terrain\n|-heal|p2a: Gurdurr|221/283|[from] Grassy Terrain\n|upkeep\n|turn|5\n|\n|t:|1732997791\n|move|p1a: Rillaboom|Knock Off|p2a: Gurdurr\n|-resisted|p2a: Gurdurr\n|-damage|p2a: Gurdurr|197/283\n|-enditem|p2a: Gurdurr|Eviolite|[from] move: Knock Off|[of] p1a: Rillaboom\n|move|p2a: Gurdurr|Drain Punch|p1a: Rillaboom\n|-damage|p1a: Rillaboom|65/288\n|-heal|p2a: Gurdurr|245/283|[from] drain|[of] p1a: Rillaboom\n|\n|-heal|p1a: Rillaboom|83/288|[from] Grassy Terrain\n|-heal|p2a: Gurdurr|262/283|[from] Grassy Terrain\n|upkeep\n|turn|6\n|\n|t:|1732997803\n|move|p1a: Rillaboom|Grassy Glide|p2a: Gurdurr\n|-damage|p2a: Gurdurr|183/283\n|move|p2a: Gurdurr|Drain Punch|p1a: Rillaboom\n|-damage|p1a: Rillaboom|0 fnt\n|-heal|p2a: Gurdurr|225/283|[from] drain|[of] p1a: Rillaboom\n|faint|p1a: Rillaboom\n|\n|-heal|p2a: Gurdurr|242/283|[from] Grassy Terrain\n|upkeep\n|\n|t:|1732997820\n|switch|p1a: Glalie|Glalie, L96, M|309/309\n|turn|7\n|\n|t:|1732997826\n|move|p1a: Glalie|Disable|p2a: Gurdurr\n|-start|p2a: Gurdurr|Disable|Drain Punch\n|cant|p2a: Gurdurr|Disable|Drain Punch\n|\n|-heal|p2a: Gurdurr|259/283|[from] Grassy Terrain\n|-fieldend|move: Grassy Terrain\n|upkeep\n|turn|8\n|\n|t:|1732997834\n|move|p2a: Gurdurr|Mach Punch|p1a: Glalie\n|-supereffective|p1a: Glalie\n|-damage|p1a: Glalie|217/309\n|move|p1a: Glalie|Spikes|p2a: Gurdurr\n|-sidestart|p2: jkjiuu08998|Spikes\n|\n|upkeep\n|turn|9\n|\n|t:|1732997841\n|move|p2a: Gurdurr|Mach Punch|p1a: Glalie\n|-supereffective|p1a: Glalie\n|-damage|p1a: Glalie|125/309\n|move|p1a: Glalie|Spikes|p2a: Gurdurr\n|-sidestart|p2: jkjiuu08998|Spikes\n|\n|upkeep\n|turn|10\n|\n|t:|1732997849\n|move|p2a: Gurdurr|Mach Punch|p1a: Glalie\n|-supereffective|p1a: Glalie\n|-damage|p1a: Glalie|35/309\n|move|p1a: Glalie|Spikes|p2a: Gurdurr\n|-sidestart|p2: jkjiuu08998|Spikes\n|\n|-end|p2a: Gurdurr|Disable\n|upkeep\n|turn|11\n|\n|t:|1732997857\n|move|p1a: Glalie|Disable|p2a: Gurdurr\n|-start|p2a: Gurdurr|Disable|Mach Punch\n|move|p2a: Gurdurr|Defog|p1a: Glalie\n|-unboost|p1a: Glalie|evasion|1\n|-sideend|p2: jkjiuu08998|Spikes|[from] move: Defog|[of] p2a: Gurdurr\n|\n|upkeep\n|turn|12\n|\n|t:|1732997865\n|move|p1a: Glalie|Spikes|p2a: Gurdurr\n|-sidestart|p2: jkjiuu08998|Spikes\n|move|p2a: Gurdurr|Drain Punch|p1a: Glalie\n|-supereffective|p1a: Glalie\n|-damage|p1a: Glalie|0 fnt\n|-heal|p2a: Gurdurr|277/283|[from] drain|[of] p1a: Glalie\n|faint|p1a: Glalie\n|\n|upkeep\n|\n|t:|1732997875\n|switch|p1a: Charizard|Charizard, L85, F|271/271\n|turn|13\n|\n|t:|1732997880\n|-terastallize|p2a: Gurdurr|Steel\n|move|p1a: Charizard|Dragon Dance|p1a: Charizard\n|-boost|p1a: Charizard|atk|1\n|-boost|p1a: Charizard|spe|1\n|move|p2a: Gurdurr|Defog|p1a: Charizard\n|-unboost|p1a: Charizard|evasion|1\n|-sideend|p2: jkjiuu08998|Spikes|[from] move: Defog|[of] p2a: Gurdurr\n|\n|upkeep\n|turn|14\n|\n|t:|1732997898\n|switch|p2a: Primarina|Primarina, L83, M|268/268\n|move|p1a: Charizard|Dragon Dance|p1a: Charizard\n|-boost|p1a: Charizard|atk|1\n|-boost|p1a: Charizard|spe|1\n|\n|upkeep\n|turn|15\n|\n|t:|1732997907\n|move|p1a: Charizard|Dragon Dance|p1a: Charizard\n|-boost|p1a: Charizard|atk|1\n|-boost|p1a: Charizard|spe|1\n|move|p2a: Primarina|Sparkling Aria|p1a: Charizard\n|-supereffective|p1a: Charizard\n|-damage|p1a: Charizard|37/271\n|\n|upkeep\n|turn|16\n|\n|t:|1732997918\n|move|p1a: Charizard|Earthquake|p2a: Primarina\n|-damage|p2a: Primarina|71/268\n|move|p2a: Primarina|Sparkling Aria|p1a: Charizard\n|-supereffective|p1a: Charizard\n|-damage|p1a: Charizard|0 fnt\n|faint|p1a: Charizard\n|\n|-heal|p2a: Primarina|87/268|[from] item: Leftovers\n|upkeep\n|\n|t:|1732997928\n|switch|p1a: Emboar|Emboar, L84, M|322/322\n|turn|17\n|\n|t:|1732997933\n|move|p1a: Emboar|Trailblaze|p2a: Primarina\n|-supereffective|p2a: Primarina\n|-damage|p2a: Primarina|0 fnt\n|-boost|p1a: Emboar|spe|1\n|faint|p2a: Primarina\n|\n|upkeep\n|\n|t:|1732997944\n|switch|p2a: Gurdurr|Gurdurr, L85, M, tera:Steel|277/283\n|turn|18\n|\n|t:|1732997950\n|move|p1a: Emboar|Bulk Up|p1a: Emboar\n|-boost|p1a: Emboar|atk|1\n|-boost|p1a: Emboar|def|1\n|move|p2a: Gurdurr|Knock Off|p1a: Emboar\n|-resisted|p1a: Emboar\n|-damage|p1a: Emboar|291/322\n|-enditem|p1a: Emboar|Leftovers|[from] move: Knock Off|[of] p2a: Gurdurr\n|\n|upkeep\n|turn|19\n|\n|t:|1732997961\n|move|p2a: Gurdurr|Mach Punch|p1a: Emboar\n|-damage|p1a: Emboar|252/322\n|move|p1a: Emboar|Bulk Up|p1a: Emboar\n|-boost|p1a: Emboar|atk|1\n|-boost|p1a: Emboar|def|1\n|\n|upkeep\n|turn|20\n|\n|t:|1732997969\n|move|p1a: Emboar|Bulk Up|p1a: Emboar\n|-boost|p1a: Emboar|atk|1\n|-boost|p1a: Emboar|def|1\n|move|p2a: Gurdurr|Drain Punch|p1a: Emboar\n|-damage|p1a: Emboar|206/322\n|-heal|p2a: Gurdurr|283/283|[from] drain|[of] p1a: Emboar\n|\n|upkeep\n|turn|21\n|\n|t:|1732997978\n|move|p1a: Emboar|Flare Blitz|p2a: Gurdurr\n|-supereffective|p2a: Gurdurr\n|-damage|p2a: Gurdurr|0 fnt\n|faint|p2a: Gurdurr\n|-damage|p1a: Emboar|113/322|[from] Recoil\n|\n|upkeep\n|\n|t:|1732997988\n|switch|p2a: Vigoroth|Vigoroth, L85, F|275/275\n|turn|22\n|\n|t:|1732997994\n|move|p1a: Emboar|Drain Punch|p2a: Vigoroth\n|-supereffective|p2a: Vigoroth\n|-damage|p2a: Vigoroth|0 fnt\n|-heal|p1a: Emboar|251/322|[from] drain|[of] p2a: Vigoroth\n|faint|p2a: Vigoroth\n|\n|upkeep\n|\n|t:|1732998002\n|switch|p2a: Fezandipiti|Fezandipiti, L82, M|278/278\n|turn|23\n|\n|t:|1732998010\n|move|p1a: Emboar|Flare Blitz|p2a: Fezandipiti\n|-damage|p2a: Fezandipiti|0 fnt\n|faint|p2a: Fezandipiti\n|-damage|p1a: Emboar|159/322|[from] Recoil\n|\n|upkeep\n|\n|t:|1732998018\n|switch|p2a: Brute Bonnet|Brute Bonnet, L81|312/312\n|turn|24\n|\n|t:|1732998023\n|move|p1a: Emboar|Drain Punch|p2a: Brute Bonnet\n|-supereffective|p2a: Brute Bonnet\n|-damage|p2a: Brute Bonnet|0 fnt\n|-heal|p1a: Emboar|315/322|[from] drain|[of] p2a: Brute Bonnet\n|faint|p2a: Brute Bonnet\n|-end|p2a: Brute Bonnet|Protosynthesis|[silent]\n|\n|upkeep\n|-message|jkjiuu08998 forfeited.\n|\n|win|miltonly6\n|raw|miltonly6's rating: 1011 &rarr; <strong>1048</strong><br />(+37 for winning)\n|raw|jkjiuu08998's rating: 1000 &rarr; <strong>1000</strong><br />(+0 for losing)\n|l|\u2606jkjiuu08998\n|player|p2|\n", "inputlog": ">version b107d77f5c90bd6555267ae244a6264823309ead\n>start {\"formatid\":\"gen9randombattle\",\"seed\":[15163,33862,16507,24596],\"rated\":\"Rated battle\"}\n>player p1 {\"name\":\"miltonly6\",\"avatar\":\"eusine\",\"rating\":1011,\"seed\":[64588,36330,29359,59909]}\n>player p2 {\"name\":\"jkjiuu08998\",\"avatar\":\"hooligans\",\"rating\":1000,\"seed\":[36923,13771,61126,51273]}\n>p1 switch 6\n>p2 move drainpunch\n>p1 move bodyslam\n>p2 move machpunch\n>p1 switch 3\n>p1 move grassyglide\n>p2 move knockoff\n>p1 move grassyglide\n>p2 move drainpunch\n>p1 move knockoff\n>p2 move drainpunch\n>p1 move grassyglide\n>p2 move drainpunch\n>p1 switch 4\n>p1 move disable\n>p2 move drainpunch\n>p1 move spikes\n>p2 move machpunch\n>p1 move spikes\n>p2 move machpunch\n>p1 move spikes\n>p2 move machpunch\n>p1 move disable\n>p2 move defog\n>p1 move spikes\n>p2 move drainpunch\n>p1 switch 5\n>p1 move dragondance\n>p2 move defog terastallize\n>p1 move dragondance\n>p2 switch 3\n>p1 move dragondance\n>p2 move sparklingaria\n>p1 move earthquake\n>p2 move sparklingaria\n>p1 switch 2\n>p1 move trailblaze\n>p2 move sparklingaria\n>p2 switch 3\n>p1 move bulkup\n>p2 move knockoff\n>p1 move bulkup\n>p2 move machpunch\n>p1 move bulkup\n>p2 move drainpunch\n>p1 move flareblitz\n>p2 move drainpunch\n>p2 switch 6\n>p1 move drainpunch\n>p2 move bulkup\n>p2 switch 5\n>p1 move flareblitz\n>p2 move gunkshot\n>p2 switch 2\n>p1 move drainpunch\n>p2 move closecombat\n>forcelose p2", "uploadtime": 1732998033, "views": 1, "formatid": "gen9randombattle", "rating": 1000, "private": 0, "password": null}