{"id": "gen9randombattle-2253920234", "format": "[Gen 9] Random Battle", "players": ["Adamsville", "LeSpecialOne"], "log": "|j|\u2606Adamsville\n|j|\u2606LeSpecialOne\n|t:|1732963996\n|gametype|singles\n|player|p1|Adamsville|smasher|1516\n|player|p2|LeSpecialOne|tate|1461\n|teamsize|p1|6\n|teamsize|p2|6\n|gen|9\n|tier|[Gen 9] Random Battle\n|rated|\n|rule|Species Clause: Limit one of each Pok\u00e9mon\n|rule|HP Percentage Mod: HP is shown in percentages\n|rule|Sleep Clause Mod: Limit one foe put to sleep\n|rule|Illusion Level Mod: Illusion disguises the Pok\u00e9mon's true level\n|\n|t:|1732963996\n|start\n|switch|p1a: Sunflora|Sunflora, F|312/312\n|switch|p2a: Indeedee|Indeedee, L84, M|238/238\n|-fieldstart|move: Psychic Terrain|[from] ability: Psychic Surge|[of] p2a: Indeedee\n|turn|1\n|\n|t:|1732964014\n|switch|p1a: Samurott|Samurott-Hisui, L77, M|265/265\n|move|p2a: Indeedee|Expanding Force|p1a: Samurott\n|-immune|p1a: Samurott\n|\n|upkeep\n|turn|2\n|inactive|Battle timer is ON: inactive players will automatically lose when time's up. (requested by LeSpecialOne)\n|\n|t:|1732964032\n|switch|p2a: Koraidon|Koraidon, L64|235/235\n|-weather|SunnyDay|[from] ability: Orichalcum Pulse|[of] p2a: Koraidon\n|-activate|p2a: Koraidon|Orichalcum Pulse|[source]\n|move|p1a: Samurott|Ceaseless Edge|p2a: Koraidon\n|-resisted|p2a: Koraidon\n|-damage|p2a: Koraidon|166/235\n|-sidestart|p2: LeSpecialOne|Spikes\n|\n|-weather|SunnyDay|[upkeep]\n|upkeep\n|turn|3\n|\n|t:|1732964057\n|switch|p1a: Sunflora|Sunflora, F|312/312\n|move|p2a: Koraidon|Swords Dance|p2a: Koraidon\n|-boost|p2a: Koraidon|atk|2\n|\n|-weather|SunnyDay|[upkeep]\n|upkeep\n|turn|4\n|\n|t:|1732964066\n|move|p1a: Sunflora|Dazzling Gleam|p2a: Koraidon\n|-supereffective|p2a: Koraidon\n|-damage|p2a: Koraidon|0 fnt\n|faint|p2a: Koraidon\n|\n|-weather|SunnyDay|[upkeep]\n|upkeep\n|inactive|LeSpecialOne has 120 seconds left.\n|\n|t:|1732964109\n|switch|p2a: Luxray|Luxray, L88, F|283/283\n|-damage|p2a: Luxray|248/283|[from] Spikes\n|turn|5\n|\n|t:|1732964120\n|switch|p1a: Flapple|Flapple, L88, M|266/266\n|move|p2a: Luxray|Trailblaze|p1a: Flapple\n|-resisted|p1a: Flapple\n|-damage|p1a: Flapple|255/266\n|-boost|p2a: Luxray|spe|1\n|\n|-weather|SunnyDay|[upkeep]\n|-fieldend|move: Psychic Terrain\n|-status|p2a: Luxray|brn|[from] item: Flame Orb\n|upkeep\n|turn|6\n|inactive|LeSpecialOne has 120 seconds left.\n|inactive|LeSpecialOne has 90 seconds left.\n|\n|t:|1732964171\n|move|p2a: Luxray|Facade|p1a: Flapple\n|-damage|p1a: Flapple|71/266\n|move|p1a: Flapple|Grav Apple|p2a: Luxray\n|-damage|p2a: Luxray|89/283 brn\n|-unboost|p2a: Luxray|def|1\n|\n|-weather|none\n|-damage|p2a: Luxray|72/283 brn|[from] brn\n|upkeep\n|turn|7\n|\n|t:|1732964182\n|move|p1a: Flapple|Sucker Punch|p2a: Luxray\n|-damage|p2a: Luxray|0 fnt\n|faint|p2a: Luxray\n|\n|upkeep\n|\n|t:|1732964200\n|switch|p2a: Indeedee|Indeedee, L84, M|238/238\n|-damage|p2a: Indeedee|209/238|[from] Spikes\n|-fieldstart|move: Psychic Terrain|[from] ability: Psychic Surge|[of] p2a: Indeedee\n|turn|8\n|\n|t:|1732964209\n|switch|p1a: Copperajah|Copperajah, L86, M|350/350\n|move|p2a: Indeedee|Hyper Voice|p1a: Copperajah\n|-resisted|p1a: Copperajah\n|-damage|p1a: Copperajah|276/350\n|-damage|p2a: Indeedee|186/238|[from] item: Life Orb\n|\n|upkeep\n|turn|9\n|\n|t:|1732964219\n|move|p2a: Indeedee|Expanding Force|p1a: Copperajah\n|-resisted|p1a: Copperajah\n|-damage|p1a: Copperajah|137/350\n|-damage|p2a: Indeedee|163/238|[from] item: Life Orb\n|move|p1a: Copperajah|Iron Head|p2a: Indeedee\n|-damage|p2a: Indeedee|0 fnt\n|faint|p2a: Indeedee\n|\n|upkeep\n|inactive|LeSpecialOne has 60 seconds left.\n|\n|t:|1732964250\n|switch|p2a: Mewtwo|Mewtwo, L72|272/272\n|-ability|p2a: Mewtwo|Unnerve\n|-damage|p2a: Mewtwo|238/272|[from] Spikes\n|turn|10\n|\n|t:|1732964272\n|-terastallize|p1a: Copperajah|Fairy\n|move|p2a: Mewtwo|Aura Sphere|p1a: Copperajah\n|-resisted|p1a: Copperajah\n|-damage|p1a: Copperajah|95/350\n|-damage|p2a: Mewtwo|211/272|[from] item: Life Orb\n|move|p1a: Copperajah|Play Rough|p2a: Mewtwo\n|-damage|p2a: Mewtwo|0 fnt\n|faint|p2a: Mewtwo\n|\n|upkeep\n|\n|t:|1732964283\n|switch|p2a: Carbink|Carbink, L90|236/236\n|-damage|p2a: Carbink|207/236|[from] Spikes\n|turn|11\n|inactive|LeSpecialOne has 60 seconds left.\n|\n|t:|1732964303\n|-terastallize|p2a: Carbink|Fighting\n|move|p2a: Carbink|Iron Defense|p2a: Carbink\n|-boost|p2a: Carbink|def|2\n|move|p1a: Copperajah|Iron Head|p2a: Carbink\n|-damage|p2a: Carbink|147/236\n|\n|upkeep\n|turn|12\n|\n|t:|1732964312\n|move|p2a: Carbink|Iron Defense|p2a: Carbink\n|-boost|p2a: Carbink|def|2\n|move|p1a: Copperajah|Play Rough|p2a: Carbink\n|-supereffective|p2a: Carbink\n|-damage|p2a: Carbink|53/236\n|\n|-fieldend|move: Psychic Terrain\n|upkeep\n|turn|13\n|\n|t:|1732964318\n|move|p2a: Carbink|Rest|p2a: Carbink\n|-status|p2a: Carbink|slp|[from] move: Rest\n|-heal|p2a: Carbink|236/236 slp|[silent]\n|-enditem|p2a: Carbink|Chesto Berry|[eat]\n|-curestatus|p2a: Carbink|slp|[msg]\n|move|p1a: Copperajah|Play Rough|p2a: Carbink\n|-supereffective|p2a: Carbink\n|-damage|p2a: Carbink|142/236\n|\n|upkeep\n|turn|14\n|\n|t:|1732964321\n|move|p2a: Carbink|Iron Defense|p2a: Carbink\n|-boost|p2a: Carbink|def|2\n|move|p1a: Copperajah|Play Rough|p2a: Carbink\n|-supereffective|p2a: Carbink\n|-damage|p2a: Carbink|80/236\n|\n|upkeep\n|turn|15\n|\n|t:|1732964326\n|move|p2a: Carbink|Body Press|p1a: Copperajah\n|-resisted|p1a: Copperajah\n|-damage|p1a: Copperajah|0 fnt\n|faint|p1a: Copperajah\n|\n|upkeep\n|inactive|Adamsville has 120 seconds left.\n|\n|t:|1732964381\n|switch|p1a: Flapple|Flapple, L88, M|71/266\n|turn|16\n|\n|t:|1732964388\n|move|p1a: Flapple|Outrage|p2a: Carbink\n|-damage|p2a: Carbink|44/236\n|move|p2a: Carbink|Rest|p2a: Carbink\n|-status|p2a: Carbink|slp|[from] move: Rest\n|-heal|p2a: Carbink|236/236 slp|[silent]\n|\n|upkeep\n|turn|17\n|\n|t:|1732964401\n|move|p1a: Flapple|Outrage|p2a: Carbink|[from]lockedmove|[miss]\n|-miss|p1a: Flapple|p2a: Carbink\n|cant|p2a: Carbink|slp\n|\n|upkeep\n|turn|18\n|\n|t:|1732964404\n|switch|p1a: Sunflora|Sunflora, F|312/312\n|cant|p2a: Carbink|slp\n|\n|upkeep\n|turn|19\n|\n|t:|1732964408\n|-curestatus|p2a: Carbink|slp|[msg]\n|move|p2a: Carbink|Body Press|p1a: Sunflora\n|-damage|p1a: Sunflora|0 fnt\n|faint|p1a: Sunflora\n|\n|upkeep\n|\n|t:|1732964411\n|switch|p1a: Vikavolt|Vikavolt, L83, M|263/263\n|turn|20\n|\n|t:|1732964414\n|move|p2a: Carbink|Body Press|p1a: Vikavolt\n|-resisted|p1a: Vikavolt\n|-damage|p1a: Vikavolt|0 fnt\n|faint|p1a: Vikavolt\n|\n|upkeep\n|\n|t:|1732964417\n|switch|p1a: Flapple|Flapple, L88, M|71/266\n|turn|21\n|\n|t:|1732964421\n|move|p1a: Flapple|Grav Apple|p2a: Carbink\n|-damage|p2a: Carbink|211/236\n|move|p2a: Carbink|Moonblast|p1a: Flapple\n|-supereffective|p1a: Flapple\n|-damage|p1a: Flapple|0 fnt\n|faint|p1a: Flapple\n|\n|upkeep\n|\n|t:|1732964424\n|switch|p1a: Drednaw|Drednaw, L81, M|278/278\n|turn|22\n|\n|t:|1732964427\n|move|p1a: Drednaw|Liquidation|p2a: Carbink\n|-damage|p2a: Carbink|195/236\n|move|p2a: Carbink|Body Press|p1a: Drednaw\n|-supereffective|p1a: Drednaw\n|-damage|p1a: Drednaw|0 fnt\n|faint|p1a: Drednaw\n|\n|upkeep\n|\n|t:|1732964429\n|switch|p1a: Samurott|Samurott-Hisui, L77, M|265/265\n|turn|23\n|\n|t:|1732964432\n|move|p1a: Samurott|Razor Shell|p2a: Carbink\n|-damage|p2a: Carbink|168/236\n|move|p2a: Carbink|Body Press|p1a: Samurott\n|-supereffective|p1a: Samurott\n|-damage|p1a: Samurott|0 fnt\n|faint|p1a: Samurott\n|\n|win|LeSpecialOne\n|raw|Adamsville's rating: 1516 &rarr; <strong>1493</strong><br />(-23 for losing)\n|raw|LeSpecialOne's rating: 1461 &rarr; <strong>1484</strong><br />(+23 for winning)\n|l|\u2606Adamsville\n|player|p1|\n", "inputlog": ">version b107d77f5c90bd6555267ae244a6264823309ead\n>start {\"formatid\":\"gen9randombattle\",\"seed\":[50403,56203,58299,16778],\"rated\":\"Rated battle\"}\n>player p1 {\"name\":\"Adamsville\",\"avatar\":\"smasher\",\"rating\":1516,\"seed\":[9523,14588,15369,10394]}\n>player p2 {\"name\":\"LeSpecialOne\",\"avatar\":\"tate\",\"rating\":1461,\"seed\":[49198,7769,10933,60801]}\n>p1 switch 2\n>p2 move expandingforce\n>p1 move ceaselessedge\n>p2 switch 5\n>p1 switch 2\n>p2 move swordsdance\n>p1 move dazzlinggleam\n>p2 move scaleshot\n>p2 switch 2\n>p1 switch 4\n>p2 move trailblaze\n>p1 move gravapple\n>p2 move facade\n>p1 move suckerpunch\n>p2 move facade\n>p2 switch 5\n>p1 switch 6\n>p2 move hypervoice\n>p1 move ironhead\n>p2 move expandingforce\n>p2 switch 3\n>p1 move playrough terastallize\n>p2 move aurasphere\n>p2 switch 4\n>p1 move ironhead\n>p2 move irondefense terastallize\n>p1 move playrough\n>p2 move irondefense\n>p1 move playrough\n>p2 move rest\n>p1 move playrough\n>p2 move irondefense\n>p1 move playrough\n>p2 move bodypress\n>p1 switch 6\n>p1 move outrage\n>p2 move rest\n>p1 move outrage\n>p2 move moonblast\n>p1 switch 4\n>p2 move moonblast\n>p1 move dazzlinggleam\n>p2 move bodypress\n>p1 switch 5\n>p1 move thunderbolt\n>p2 move bodypress\n>p1 switch 4\n>p1 move gravapple\n>p2 move moonblast\n>p1 switch 3\n>p1 move liquidation\n>p2 move bodypress\n>p1 switch 2\n>p1 move razorshell\n>p2 move bodypress", "uploadtime": 1732964444, "views": 14, "formatid": "gen9randombattle", "rating": 1484, "private": 0, "password": null}