{"id": "gen9randombattle-2253814316", "format": "[Gen 9] Random Battle", "players": ["NanyeKowest", "Tankbuster627"], "log": "|j|\u2606NanyeKowest\n|j|\u2606Tankbuster627\n|t:|1732942379\n|gametype|singles\n|player|p1|NanyeKowest|n|1586\n|player|p2|Tankbuster627|169|1606\n|teamsize|p1|6\n|teamsize|p2|6\n|gen|9\n|tier|[Gen 9] Random Battle\n|rated|\n|rule|Species Clause: Limit one of each Pok\u00e9mon\n|rule|HP Percentage Mod: HP is shown in percentages\n|rule|Sleep Clause Mod: Limit one foe put to sleep\n|rule|Illusion Level Mod: Illusion disguises the Pok\u00e9mon's true level\n|\n|t:|1732942379\n|start\n|switch|p1a: Sandaconda|Sandaconda, L84, M|258/258\n|switch|p2a: Skuntank|Skuntank, L84, F|310/310\n|turn|1\n|inactive|Battle timer is ON: inactive players will automatically lose when time's up. (requested by NanyeKowest)\n|\n|t:|1732942389\n|switch|p2a: Hitmontop|Hitmontop, L88, M|231/231\n|-ability|p2a: Hitmontop|Intimidate|boost\n|-unboost|p1a: Sandaconda|atk|1\n|move|p1a: Sandaconda|Glare|p2a: Hitmontop\n|-status|p2a: Hitmontop|par\n|\n|upkeep\n|turn|2\n|\n|t:|1732942408\n|switch|p1a: Hypno|Hypno, L95, F|315/315\n|move|p2a: Hitmontop|Close Combat|p1a: Hypno\n|-resisted|p1a: Hypno\n|-damage|p1a: Hypno|248/315\n|-unboost|p2a: Hitmontop|def|1\n|-unboost|p2a: Hitmontop|spd|1\n|\n|-heal|p1a: Hypno|267/315|[from] item: Leftovers\n|upkeep\n|turn|3\n|\n|t:|1732942419\n|switch|p2a: Skuntank|Skuntank, L84, F|310/310\n|move|p1a: Hypno|Encore||[still]\n|-fail|p1a: Hypno\n|\n|-heal|p1a: Hypno|286/315|[from] item: Leftovers\n|upkeep\n|turn|4\n|\n|t:|1732942448\n|switch|p1a: Sandaconda|Sandaconda, L84, M|258/258\n|move|p2a: Skuntank|Toxic Spikes|p1a: Sandaconda\n|-sidestart|p1: NanyeKowest|move: Toxic Spikes\n|\n|upkeep\n|turn|5\n|inactive|NanyeKowest has 120 seconds left.\n|\n|t:|1732942467\n|move|p2a: Skuntank|Toxic Spikes|p1a: Sandaconda\n|-sidestart|p1: NanyeKowest|move: Toxic Spikes\n|move|p1a: Sandaconda|Earthquake|p2a: Skuntank\n|-supereffective|p2a: Skuntank\n|-damage|p2a: Skuntank|8/310\n|\n|upkeep\n|turn|6\n|inactive|NanyeKowest has 120 seconds left.\n|\n|t:|1732942478\n|move|p2a: Skuntank|Knock Off|p1a: Sandaconda\n|-damage|p1a: Sandaconda|186/258\n|-enditem|p1a: Sandaconda|Leftovers|[from] move: Knock Off|[of] p2a: Skuntank\n|move|p1a: Sandaconda|Earthquake|p2a: Skuntank\n|-supereffective|p2a: Skuntank\n|-damage|p2a: Skuntank|0 fnt\n|faint|p2a: Skuntank\n|\n|upkeep\n|\n|t:|1732942489\n|switch|p2a: Umbreon|Umbreon, L84, M|297/297\n|turn|7\n|\n|t:|1732942494\n|move|p1a: Sandaconda|Glare|p2a: Umbreon\n|-status|p2a: Umbreon|par\n|-activate|p2a: Umbreon|ability: Synchronize\n|-status|p1a: Sandaconda|par\n|cant|p2a: Umbreon|par\n|\n|-activate|p1a: Sandaconda|ability: Shed Skin\n|-curestatus|p1a: Sandaconda|par|[msg]\n|upkeep\n|turn|8\n|inactive|NanyeKowest has 120 seconds left.\n|\n|t:|1732942520\n|switch|p1a: Zangoose|Zangoose, L85, M|263/263\n|-status|p1a: Zangoose|tox\n|cant|p2a: Umbreon|par\n|\n|-damage|p1a: Zangoose|247/263 tox|[from] psn\n|upkeep\n|turn|9\n|inactive|NanyeKowest has 120 seconds left.\n|\n|t:|1732942530\n|move|p1a: Zangoose|Close Combat|p2a: Umbreon\n|-supereffective|p2a: Umbreon\n|-crit|p2a: Umbreon\n|-damage|p2a: Umbreon|0 fnt\n|-unboost|p1a: Zangoose|def|1\n|-unboost|p1a: Zangoose|spd|1\n|faint|p2a: Umbreon\n|\n|-damage|p1a: Zangoose|215/263 tox|[from] psn\n|upkeep\n|\n|t:|1732942545\n|switch|p2a: Hitmontop|Hitmontop, L88, M|231/231 par\n|-ability|p2a: Hitmontop|Intimidate|boost\n|-unboost|p1a: Zangoose|atk|1\n|turn|10\n|\n|t:|1732942552\n|switch|p1a: Hypno|Hypno, L95, F|286/315\n|-status|p1a: Hypno|tox\n|move|p2a: Hitmontop|Close Combat|p1a: Hypno\n|-resisted|p1a: Hypno\n|-damage|p1a: Hypno|218/315 tox\n|-unboost|p2a: Hitmontop|def|1\n|-unboost|p2a: Hitmontop|spd|1\n|\n|-heal|p1a: Hypno|237/315 tox|[from] item: Leftovers\n|-damage|p1a: Hypno|218/315 tox|[from] psn\n|upkeep\n|turn|11\n|\n|t:|1732942562\n|switch|p2a: Dialga|Dialga, L73|266/266\n|-ability|p2a: Dialga|Pressure\n|move|p1a: Hypno|Knock Off|p2a: Dialga\n|-crit|p2a: Dialga\n|-damage|p2a: Dialga|167/266\n|-enditem|p2a: Dialga|Leftovers|[from] move: Knock Off|[of] p1a: Hypno\n|\n|-heal|p1a: Hypno|237/315 tox|[from] item: Leftovers\n|-damage|p1a: Hypno|199/315 tox|[from] psn\n|upkeep\n|turn|12\n|inactive|NanyeKowest has 120 seconds left.\n|c|\u2606Tankbuster627|I got nuthin\n|\n|t:|1732942590\n|move|p1a: Hypno|Psychic Noise|p2a: Dialga\n|-resisted|p2a: Dialga\n|-damage|p2a: Dialga|123/266\n|-start|p2a: Dialga|move: Heal Block\n|move|p2a: Dialga|Heavy Slam|p1a: Hypno\n|-damage|p1a: Hypno|82/315 tox\n|\n|-heal|p1a: Hypno|101/315 tox|[from] item: Leftovers\n|-damage|p1a: Hypno|44/315 tox|[from] psn\n|upkeep\n|turn|13\n|inactive|NanyeKowest has 120 seconds left.\n|\n|t:|1732942601\n|move|p1a: Hypno|Psychic Noise|p2a: Dialga\n|-resisted|p2a: Dialga\n|-damage|p2a: Dialga|80/266\n|move|p2a: Dialga|Heavy Slam|p1a: Hypno\n|-damage|p1a: Hypno|0 fnt\n|faint|p1a: Hypno\n|\n|-end|p2a: Dialga|move: Heal Block\n|upkeep\n|\n|t:|1732942617\n|switch|p1a: Sandaconda|Sandaconda, L84, M|186/258\n|-status|p1a: Sandaconda|tox\n|turn|14\n|\n|t:|1732942626\n|-terastallize|p2a: Dialga|Flying\n|move|p2a: Dialga|Draco Meteor|p1a: Sandaconda\n|-damage|p1a: Sandaconda|11/258 tox\n|-unboost|p2a: Dialga|spa|2\n|move|p1a: Sandaconda|Earthquake|p2a: Dialga\n|-immune|p2a: Dialga\n|\n|-damage|p1a: Sandaconda|0 fnt|[from] psn\n|faint|p1a: Sandaconda\n|upkeep\n|\n|t:|1732942642\n|switch|p1a: Zangoose|Zangoose, L85, M|215/263 tox\n|turn|15\n|\n|t:|1732942647\n|switch|p2a: Hitmontop|Hitmontop, L88, M|231/231 par\n|-ability|p2a: Hitmontop|Intimidate|boost\n|-unboost|p1a: Zangoose|atk|1\n|move|p1a: Zangoose|Facade|p2a: Hitmontop\n|-damage|p2a: Hitmontop|81/231 par\n|\n|-damage|p1a: Zangoose|199/263 tox|[from] psn\n|upkeep\n|turn|16\n|\n|t:|1732942657\n|move|p2a: Hitmontop|Sucker Punch|p1a: Zangoose\n|-damage|p1a: Zangoose|126/263 tox\n|move|p1a: Zangoose|Facade|p2a: Hitmontop\n|-damage|p2a: Hitmontop|0 fnt\n|faint|p2a: Hitmontop\n|\n|-damage|p1a: Zangoose|94/263 tox|[from] psn\n|upkeep\n|\n|t:|1732942665\n|switch|p2a: Mudsdale|Mudsdale, L84, F|305/305\n|turn|17\n|inactive|NanyeKowest has 120 seconds left.\n|\n|t:|1732942679\n|move|p1a: Zangoose|Knock Off|p2a: Mudsdale\n|-damage|p2a: Mudsdale|233/305\n|-ability|p2a: Mudsdale|Stamina|boost\n|-boost|p2a: Mudsdale|def|1\n|-enditem|p2a: Mudsdale|Choice Band|[from] move: Knock Off|[of] p1a: Zangoose\n|move|p2a: Mudsdale|Earthquake|p1a: Zangoose\n|-damage|p1a: Zangoose|0 fnt\n|faint|p1a: Zangoose\n|\n|upkeep\n|inactive|NanyeKowest has 120 seconds left.\n|\n|t:|1732942708\n|switch|p1a: Comfey|Comfey, L85, F|225/225\n|-status|p1a: Comfey|tox\n|turn|18\n|\n|t:|1732942713\n|move|p1a: Comfey|Calm Mind|p1a: Comfey\n|-boost|p1a: Comfey|spa|1\n|-boost|p1a: Comfey|spd|1\n|move|p2a: Mudsdale|Heavy Slam|p1a: Comfey\n|-supereffective|p1a: Comfey\n|-damage|p1a: Comfey|25/225 tox\n|\n|-heal|p1a: Comfey|39/225 tox|[from] item: Leftovers\n|-damage|p1a: Comfey|25/225 tox|[from] psn\n|upkeep\n|turn|19\n|\n|t:|1732942722\n|switch|p2a: Dialga|Dialga, L73, tera:Flying|80/266\n|-ability|p2a: Dialga|Pressure\n|move|p1a: Comfey|Giga Drain|p2a: Dialga\n|-resisted|p2a: Dialga\n|-damage|p2a: Dialga|41/266\n|-heal|p1a: Comfey|45/225 tox|[from] drain|[of] p2a: Dialga\n|\n|-heal|p1a: Comfey|59/225 tox|[from] item: Leftovers\n|-damage|p1a: Comfey|31/225 tox|[from] psn\n|upkeep\n|turn|20\n|inactive|NanyeKowest has 120 seconds left.\n|\n|t:|1732942731\n|move|p1a: Comfey|Draining Kiss|p2a: Dialga\n|-damage|p2a: Dialga|0 fnt\n|-heal|p1a: Comfey|62/225 tox|[from] drain|[of] p2a: Dialga\n|faint|p2a: Dialga\n|\n|-heal|p1a: Comfey|76/225 tox|[from] item: Leftovers\n|-damage|p1a: Comfey|34/225 tox|[from] psn\n|upkeep\n|l|\u2606Tankbuster627\n|inactive|Tankbuster627 disconnected and has a minute to reconnect!\n|player|p2|\n|inactive|Tankbuster627 has 30 seconds to reconnect!\n|inactive|Tankbuster627 has 20 seconds to reconnect!\n|inactive|Tankbuster627 has 15 seconds to reconnect!\n|j|\u2606Tankbuster627\n|inactive|Tankbuster627 reconnected and has 80 seconds left.\n|player|p2|Tankbuster627|169|\n|\n|t:|1732942811\n|switch|p2a: Typhlosion|Typhlosion, L84, F|267/267\n|turn|21\n|inactive|NanyeKowest has 120 seconds left.\n|\n|t:|1732942830\n|move|p1a: Comfey|Draining Kiss|p2a: Typhlosion\n|-resisted|p2a: Typhlosion\n|-damage|p2a: Typhlosion|231/267\n|-heal|p1a: Comfey|61/225 tox|[from] drain|[of] p2a: Typhlosion\n|move|p2a: Typhlosion|Eruption|p1a: Comfey\n|-damage|p1a: Comfey|0 fnt\n|faint|p1a: Comfey\n|\n|upkeep\n|inactive|NanyeKowest has 120 seconds left.\n|\n|t:|1732942846\n|switch|p1a: Flamigo|Flamigo, L82, M|269/269\n|turn|22\n|\n|t:|1732942860\n|switch|p2a: Mudsdale|Mudsdale, L84, F|233/305\n|move|p1a: Flamigo|Brave Bird|p2a: Mudsdale\n|-damage|p2a: Mudsdale|72/305\n|-ability|p2a: Mudsdale|Stamina|boost\n|-boost|p2a: Mudsdale|def|1\n|-damage|p1a: Flamigo|216/269|[from] Recoil\n|-damage|p1a: Flamigo|190/269|[from] item: Life Orb\n|\n|upkeep\n|turn|23\n|inactive|Tankbuster627 has 90 seconds left.\n|\n|t:|1732942871\n|move|p1a: Flamigo|Close Combat|p2a: Mudsdale\n|-damage|p2a: Mudsdale|0 fnt\n|-unboost|p1a: Flamigo|def|1\n|-unboost|p1a: Flamigo|spd|1\n|faint|p2a: Mudsdale\n|-damage|p1a: Flamigo|164/269|[from] item: Life Orb\n|\n|upkeep\n|\n|t:|1732942875\n|switch|p2a: Typhlosion|Typhlosion, L84, F|231/267\n|turn|24\n|inactive|NanyeKowest has 120 seconds left.\n|\n|t:|1732942886\n|move|p2a: Typhlosion|Eruption|p1a: Flamigo\n|-damage|p1a: Flamigo|0 fnt\n|faint|p1a: Flamigo\n|\n|upkeep\n|\n|t:|1732942889\n|switch|p1a: Iron Valiant|Iron Valiant, L78|244/244\n|-status|p1a: Iron Valiant|tox\n|turn|25\n|\n|t:|1732942893\n|move|p2a: Typhlosion|Eruption|p1a: Iron Valiant\n|-damage|p1a: Iron Valiant|22/244 tox\n|move|p1a: Iron Valiant|Close Combat|p2a: Typhlosion\n|-damage|p2a: Typhlosion|43/267\n|-unboost|p1a: Iron Valiant|def|1\n|-unboost|p1a: Iron Valiant|spd|1\n|-damage|p1a: Iron Valiant|0 fnt|[from] item: Life Orb\n|faint|p1a: Iron Valiant\n|-end|p1a: Iron Valiant|Quark Drive|[silent]\n|\n|win|Tankbuster627\n|raw|NanyeKowest's rating: 1586 &rarr; <strong>1567</strong><br />(-19 for losing)\n|raw|Tankbuster627's rating: 1606 &rarr; <strong>1625</strong><br />(+19 for winning)\n|c|\u2606NanyeKowest|gg\n|c|\u2606Tankbuster627|gg\n|l|\u2606NanyeKowest\n|player|p1|\n", "inputlog": ">version b107d77f5c90bd6555267ae244a6264823309ead\n>start {\"formatid\":\"gen9randombattle\",\"seed\":[50823,37521,14905,45408],\"rated\":\"Rated battle\"}\n>player p1 {\"name\":\"NanyeKowest\",\"avatar\":\"n\",\"rating\":1586,\"seed\":[53991,2989,53349,41230]}\n>player p2 {\"name\":\"Tankbuster627\",\"avatar\":\"169\",\"rating\":1606,\"seed\":[47396,10322,62400,36545]}\n>p1 move glare\n>p2 switch 3\n>p1 switch 6\n>p2 move closecombat\n>p1 move encore\n>p2 switch 3\n>p1 switch 6\n>p2 move toxicspikes\n>p1 move earthquake\n>p2 move toxicspikes\n>p1 move earthquake\n>p2 move knockoff\n>p2 switch 6\n>p1 move glare\n>p2 move toxic\n>p1 switch 3\n>p2 move toxic\n>p1 move closecombat\n>p2 move foulplay\n>p2 switch 3\n>p1 switch 6\n>p2 move closecombat\n>p1 move knockoff\n>p2 switch 4\n>chat \u2606Tankbuster627|I got nuthin\n>p1 move psychicnoise\n>p2 move heavyslam\n>p1 move psychicnoise\n>p2 move heavyslam\n>p1 switch 3\n>p1 move earthquake\n>p2 move dracometeor terastallize\n>p1 switch 6\n>p1 move facade\n>p2 switch 4\n>p1 move facade\n>p2 move suckerpunch\n>p2 switch 5\n>p1 move knockoff\n>p2 move earthquake\n>p1 switch 2\n>p1 move calmmind\n>p2 move heavyslam\n>p1 move gigadrain\n>p2 switch 4\n>p1 move drainingkiss\n>p2 move heavyslam\n>p2 switch 2\n>p1 move drainingkiss\n>p2 move eruption\n>p1 switch 5\n>p1 move bravebird\n>p2 switch 4\n>p1 move closecombat\n>p2 move earthquake\n>p2 switch 4\n>p1 move closecombat\n>p2 move eruption\n>p1 switch 4\n>p1 move closecombat\n>p2 move eruption", "uploadtime": 1732942908, "views": 21, "formatid": "gen9randombattle", "rating": 1567, "private": 0, "password": null}