{"id": "gen9randombattle-2253811745", "format": "[Gen 9] Random Battle", "players": ["Cake", "Hairoll"], "log": "|j|\u2606Cake\n|j|\u2606Hairoll\n|t:|1732941974\n|gametype|singles\n|player|p1|Cake|#cake2|\n|player|p2|Hairoll|hilbert-masters|\n|teamsize|p1|6\n|teamsize|p2|6\n|gen|9\n|tier|[Gen 9] Random Battle\n|rated|Tournament battle\n|rule|Species Clause: Limit one of each Pok\u00e9mon\n|rule|HP Percentage Mod: HP is shown in percentages\n|rule|Sleep Clause Mod: Limit one foe put to sleep\n|rule|Illusion Level Mod: Illusion disguises the Pok\u00e9mon's true level\n|\n|t:|1732941974\n|start\n|switch|p1a: Infernape|Infernape, L82, F|259/259\n|switch|p2a: Voodoom|Voodoom, L81, F|278/278\n|turn|1\n|inactive|Battle timer is ON: inactive players will automatically lose when time's up. (requested by Hairoll)\n|j|%IcyPenguin604\n|j| Nickelii\n|\n|t:|1732941994\n|switch|p2a: Hemogoblin|Hemogoblin, L78, F|268/268\n|move|p1a: Infernape|Close Combat|p2a: Hemogoblin\n|-resisted|p2a: Hemogoblin\n|-damage|p2a: Hemogoblin|167/268\n|-unboost|p1a: Infernape|def|1\n|-unboost|p1a: Infernape|spd|1\n|\n|upkeep\n|turn|2\n|\n|t:|1732942009\n|switch|p1a: Pyroak|Pyroak, L85, F|343/343\n|move|p2a: Hemogoblin|Spikes|p1a: Pyroak\n|-sidestart|p1: Cake|Spikes\n|\n|upkeep\n|turn|3\n|j| MenosPetit\n|j| Iceman8911\n|inactive|Hairoll has 120 seconds left.\n|\n|t:|1732942044\n|switch|p2a: Dodrio|Dodrio, L86, M|243/243\n|move|p1a: Pyroak|Overheat|p2a: Dodrio\n|-damage|p2a: Dodrio|98/243\n|-boost|p1a: Pyroak|spa|2\n|\n|upkeep\n|turn|4\n|inactive|Hairoll has 120 seconds left.\n|j| witmycrew\n|\n|t:|1732942069\n|switch|p1a: Cetitan|Cetitan, L82, F|412/412\n|-damage|p1a: Cetitan|361/412|[from] Spikes\n|move|p2a: Dodrio|Brave Bird|p1a: Cetitan\n|-damage|p1a: Cetitan|186/412\n|-enditem|p1a: Cetitan|Sitrus Berry|[eat]\n|-heal|p1a: Cetitan|289/412|[from] item: Sitrus Berry\n|-damage|p2a: Dodrio|40/243|[from] Recoil\n|\n|upkeep\n|turn|5\n|inactive|Hairoll has 120 seconds left.\n|\n|t:|1732942084\n|switch|p2a: Ribombee|Ribombee, L82, M|233/233\n|move|p1a: Cetitan|Ice Shard|p2a: Ribombee\n|-damage|p2a: Ribombee|166/233\n|\n|upkeep\n|turn|6\n|\n|t:|1732942091\n|move|p2a: Ribombee|Sticky Web|p1a: Cetitan\n|-sidestart|p1: Cake|move: Sticky Web\n|move|p1a: Cetitan|Belly Drum|p1a: Cetitan\n|-damage|p1a: Cetitan|83/412\n|-setboost|p1a: Cetitan|atk|6|[from] move: Belly Drum\n|\n|upkeep\n|turn|7\n|c|\u2606Cake|ok\n|\n|t:|1732942099\n|move|p1a: Cetitan|Ice Shard|p2a: Ribombee\n|-damage|p2a: Ribombee|0 fnt\n|faint|p2a: Ribombee\n|\n|upkeep\n|\n|t:|1732942102\n|switch|p2a: Hemogoblin|Hemogoblin, L78, F|167/268\n|turn|8\n|\n|t:|1732942107\n|move|p2a: Hemogoblin|Extreme Speed|p1a: Cetitan\n|-damage|p1a: Cetitan|0 fnt\n|faint|p1a: Cetitan\n|\n|upkeep\n|l| Iceman8911\n|\n|t:|1732942116\n|switch|p1a: Pyroak|Pyroak, L85, F|343/343\n|turn|9\n|j| Azmaray\n|c|\u2606Hairoll|wicky seb\n|\n|t:|1732942130\n|move|p1a: Pyroak|Overheat|p2a: Hemogoblin\n|-resisted|p2a: Hemogoblin\n|-damage|p2a: Hemogoblin|106/268\n|-boost|p1a: Pyroak|spa|2\n|move|p2a: Hemogoblin|Overheat|p1a: Pyroak|[miss]\n|-miss|p2a: Hemogoblin|p1a: Pyroak\n|\n|upkeep\n|turn|10\n|\n|t:|1732942138\n|move|p1a: Pyroak|Overheat|p2a: Hemogoblin\n|-resisted|p2a: Hemogoblin\n|-damage|p2a: Hemogoblin|0 fnt\n|-boost|p1a: Pyroak|spa|2\n|faint|p2a: Hemogoblin\n|\n|upkeep\n|\n|t:|1732942141\n|switch|p2a: Dodrio|Dodrio, L86, M|40/243\n|turn|11\n|\n|t:|1732942145\n|-terastallize|p1a: Pyroak|Fire\n|move|p2a: Dodrio|Brave Bird|p1a: Pyroak\n|-damage|p1a: Pyroak|205/343\n|-damage|p2a: Dodrio|0 fnt|[from] Recoil\n|faint|p2a: Dodrio\n|move|p1a: Pyroak|Synthesis|p1a: Pyroak\n|-heal|p1a: Pyroak|343/343\n|\n|upkeep\n|j| Chilling freze\n|\n|t:|1732942166\n|switch|p2a: Voodoom|Voodoom, L81, F|278/278\n|turn|12\n|\n|t:|1732942171\n|move|p2a: Voodoom|Dark Pulse|p1a: Pyroak\n|-damage|p1a: Pyroak|168/343\n|move|p1a: Pyroak|Overheat|p2a: Voodoom\n|-damage|p2a: Voodoom|0 fnt\n|-boost|p1a: Pyroak|spa|2\n|faint|p2a: Voodoom\n|\n|upkeep\n|\n|t:|1732942175\n|switch|p2a: Saharaja|Saharaja, L80, M|243/243\n|turn|13\n|\n|t:|1732942184\n|move|p2a: Saharaja|Earthquake|p1a: Pyroak\n|-supereffective|p1a: Pyroak\n|-damage|p1a: Pyroak|0 fnt\n|faint|p1a: Pyroak\n|\n|upkeep\n|l| Azmaray\n|\n|t:|1732942194\n|switch|p1a: Ambipom|Ambipom, L84, M|263/263\n|-damage|p1a: Ambipom|231/263|[from] Spikes\n|-activate|p1a: Ambipom|move: Sticky Web\n|-unboost|p1a: Ambipom|spe|1\n|turn|14\n|\n|t:|1732942203\n|move|p2a: Saharaja|Diamond Storm|p1a: Ambipom\n|-damage|p1a: Ambipom|144/263\n|-boost|p2a: Saharaja|def|2\n|move|p1a: Ambipom|Triple Axel|p2a: Saharaja\n|-supereffective|p2a: Saharaja\n|-damage|p2a: Saharaja|213/243\n|-supereffective|p2a: Saharaja\n|-damage|p2a: Saharaja|153/243\n|-supereffective|p2a: Saharaja\n|-damage|p2a: Saharaja|61/243\n|-hitcount|p2a: Saharaja|3\n|\n|-heal|p2a: Saharaja|76/243|[from] item: Leftovers\n|upkeep\n|turn|15\n|\n|t:|1732942213\n|move|p2a: Saharaja|Body Press|p1a: Ambipom\n|-supereffective|p1a: Ambipom\n|-damage|p1a: Ambipom|0 fnt\n|faint|p1a: Ambipom\n|\n|-heal|p2a: Saharaja|91/243|[from] item: Leftovers\n|upkeep\n|\n|t:|1732942217\n|switch|p1a: Caribolt|Caribolt, L81, M|269/269\n|-damage|p1a: Caribolt|236/269|[from] Spikes\n|-activate|p1a: Caribolt|move: Sticky Web\n|-unboost|p1a: Caribolt|spe|1\n|turn|16\n|inactive|Hairoll has 120 seconds left.\n|\n|t:|1732942261\n|-terastallize|p2a: Saharaja|Fighting\n|move|p2a: Saharaja|Pain Split|p1a: Caribolt\n|-sethp|p1a: Caribolt|163/269|[from] move: Pain Split|[silent]\n|-sethp|p2a: Saharaja|163/243|[from] move: Pain Split\n|move|p1a: Caribolt|Horn Leech|p2a: Saharaja\n|-crit|p2a: Saharaja\n|-damage|p2a: Saharaja|11/243\n|-heal|p1a: Caribolt|239/269|[from] drain|[of] p2a: Saharaja\n|-damage|p1a: Caribolt|213/269|[from] item: Life Orb\n|\n|-heal|p2a: Saharaja|26/243|[from] item: Leftovers\n|upkeep\n|turn|17\n|c|\u2606Hairoll|:(\n|\n|t:|1732942282\n|move|p1a: Caribolt|Quick Attack|p2a: Saharaja\n|-damage|p2a: Saharaja|0 fnt\n|faint|p2a: Saharaja\n|-damage|p1a: Caribolt|187/269|[from] item: Life Orb\n|\n|upkeep\n|\n|t:|1732942285\n|switch|p2a: Dunsparce|Dunsparce, L86, M|312/312\n|turn|18\n|\n|t:|1732942292\n|move|p1a: Caribolt|Swords Dance|p1a: Caribolt\n|-boost|p1a: Caribolt|atk|2\n|move|p2a: Dunsparce|Coil|p2a: Dunsparce\n|-boost|p2a: Dunsparce|atk|1\n|-boost|p2a: Dunsparce|def|1\n|-boost|p2a: Dunsparce|accuracy|1\n|\n|upkeep\n|turn|19\n|inactive|Hairoll has 120 seconds left.\n|\n|t:|1732942309\n|move|p1a: Caribolt|Swords Dance|p1a: Caribolt\n|-boost|p1a: Caribolt|atk|2\n|move|p2a: Dunsparce|Body Slam|p1a: Caribolt\n|-damage|p1a: Caribolt|73/269\n|\n|upkeep\n|turn|20\n|\n|t:|1732942313\n|move|p1a: Caribolt|Hyper Drill|p2a: Dunsparce\n|-damage|p2a: Dunsparce|42/312\n|-damage|p1a: Caribolt|47/269|[from] item: Life Orb\n|move|p2a: Dunsparce|Roost|p2a: Dunsparce\n|-heal|p2a: Dunsparce|198/312\n|-singleturn|p2a: Dunsparce|move: Roost\n|\n|upkeep\n|turn|21\n|\n|t:|1732942316\n|move|p1a: Caribolt|Hyper Drill|p2a: Dunsparce\n|-damage|p2a: Dunsparce|0 fnt\n|faint|p2a: Dunsparce\n|-damage|p1a: Caribolt|21/269|[from] item: Life Orb\n|\n|win|Cake\n|n|\u2606Cake|cake\n|n|\u2606Hairoll|hairoll\n|n| IcyPenguin604|icypenguin604\n|n| Nickelii|nickelii\n|n| MenosPetit|menospetit\n|n| witmycrew|witmycrew\n|n| Chilling freze|chillingfreze\n", "inputlog": ">version b107d77f5c90bd6555267ae244a6264823309ead\n>start {\"formatid\":\"gen9randombattle@@@+ cap\",\"seed\":[36922,60387,42590,27102],\"rated\":\"Tournament battle\"}\n>player p1 {\"name\":\"Cake\",\"avatar\":\"#cake2\",\"rating\":0,\"seed\":[38398,34331,4478,39181]}\n>player p2 {\"name\":\"Hairoll\",\"avatar\":\"hilbert-masters\",\"rating\":0,\"seed\":[1548,1071,55593,45041]}\n>p1 move closecombat\n>p2 switch 2\n>p1 switch 6\n>p2 move spikes\n>p1 move overheat\n>p2 switch 4\n>p1 switch 4\n>p2 move bravebird\n>p1 move iceshard\n>p2 switch 6\n>p1 move bellydrum\n>p2 move stickyweb\n>chat \u2606Cake|ok\n>p1 move iceshard\n>p2 move moonblast\n>p2 switch 4\n>p1 move earthquake\n>p2 move extremespeed\n>p1 switch 4\n>chat \u2606Hairoll|wicky seb\n>p1 move overheat\n>p2 move overheat\n>p1 move overheat\n>p2 move overheat\n>p2 switch 6\n>p1 move synthesis terastallize\n>p2 move bravebird\n>p2 switch 2\n>p1 move overheat\n>p2 move darkpulse\n>p2 switch 5\n>p1 move energyball\n>p2 move earthquake\n>p1 switch 5\n>p1 move tripleaxel\n>p2 move diamondstorm\n>p1 move tripleaxel\n>p2 move bodypress\n>p1 switch 3\n>p1 move hornleech\n>p2 move painsplit terastallize\n>chat \u2606Hairoll|:(\n>p1 move quickattack\n>p2 move painsplit\n>p2 switch 3\n>p1 move swordsdance\n>p2 move coil\n>p1 move swordsdance\n>p2 move bodyslam\n>p1 move hyperdrill\n>p2 move roost\n>p1 move hyperdrill\n>p2 move roost", "uploadtime": 1732942316, "views": 21, "formatid": "gen9randombattle", "rating": null, "private": 0, "password": null}