{"id": "gen9randombattle-2254030435", "format": "[Gen 9] Random Battle", "players": ["Sneb2010", "zoro_220920"], "log": "|j|\u2606Sneb2010\n|j|\u2606zoro_220920\n|t:|1732982346\n|gametype|singles\n|player|p1|Sneb2010|101|1083\n|player|p2|zoro_220920|169|1133\n|teamsize|p1|6\n|teamsize|p2|6\n|gen|9\n|tier|[Gen 9] Random Battle\n|rated|\n|rule|Species Clause: Limit one of each Pok\u00e9mon\n|rule|HP Percentage Mod: HP is shown in percentages\n|rule|Sleep Clause Mod: Limit one foe put to sleep\n|rule|Illusion Level Mod: Illusion disguises the Pok\u00e9mon's true level\n|\n|t:|1732982346\n|start\n|switch|p1a: Farigiraf|Farigiraf, L91, F|366/366\n|switch|p2a: Bruxish|Bruxish, L85, M|254/254\n|turn|1\n|inactive|Battle timer is ON: inactive players will automatically lose when time's up. (requested by Sneb2010)\n|\n|t:|1732982372\n|switch|p1a: Gogoat|Gogoat, L88, M|360/360\n|move|p2a: Bruxish|Crunch|p1a: Gogoat\n|-damage|p1a: Gogoat|242/360\n|\n|-heal|p1a: Gogoat|264/360|[from] item: Leftovers\n|upkeep\n|turn|2\n|\n|t:|1732982397\n|switch|p2a: Scovillain|Scovillain, L91, M|266/266\n|-terastallize|p1a: Gogoat|Water\n|move|p1a: Gogoat|Horn Leech|p2a: Scovillain\n|-resisted|p2a: Scovillain\n|-damage|p2a: Scovillain|239/266\n|-heal|p1a: Gogoat|278/360|[from] drain|[of] p2a: Scovillain\n|\n|-heal|p1a: Gogoat|300/360|[from] item: Leftovers\n|upkeep\n|turn|3\n|\n|t:|1732982409\n|move|p2a: Scovillain|Energy Ball|p1a: Gogoat\n|-ability|p1a: Gogoat|Sap Sipper|boost\n|-boost|p1a: Gogoat|atk|1\n|move|p1a: Gogoat|Earthquake|p2a: Scovillain\n|-damage|p2a: Scovillain|113/266\n|\n|-heal|p1a: Gogoat|322/360|[from] item: Leftovers\n|upkeep\n|turn|4\n|\n|t:|1732982424\n|move|p2a: Scovillain|Energy Ball|p1a: Gogoat\n|-ability|p1a: Gogoat|Sap Sipper|boost\n|-boost|p1a: Gogoat|atk|1\n|move|p1a: Gogoat|Earthquake|p2a: Scovillain\n|-damage|p2a: Scovillain|0 fnt\n|faint|p2a: Scovillain\n|\n|-heal|p1a: Gogoat|344/360|[from] item: Leftovers\n|upkeep\n|\n|t:|1732982436\n|switch|p2a: Scizor|Scizor, L79, F|240/240\n|turn|5\n|\n|t:|1732982445\n|move|p1a: Gogoat|Earthquake|p2a: Scizor\n|-damage|p2a: Scizor|75/240\n|move|p2a: Scizor|U-turn|p1a: Gogoat\n|-damage|p1a: Gogoat|187/360\n|inactive|zoro_220920 has 120 seconds left.\n|\n|t:|1732982470\n|switch|p2a: Bruxish|Bruxish, L85, M|254/254|[from] U-turn\n|\n|-heal|p1a: Gogoat|209/360|[from] item: Leftovers\n|upkeep\n|turn|6\n|inactive|zoro_220920 has 120 seconds left.\n|\n|t:|1732982478\n|move|p2a: Bruxish|Crunch|p1a: Gogoat\n|-damage|p1a: Gogoat|92/360\n|-unboost|p1a: Gogoat|def|1\n|move|p1a: Gogoat|Horn Leech|p2a: Bruxish\n|-supereffective|p2a: Bruxish\n|-damage|p2a: Bruxish|0 fnt\n|-heal|p1a: Gogoat|219/360|[from] drain|[of] p2a: Bruxish\n|faint|p2a: Bruxish\n|\n|-heal|p1a: Gogoat|241/360|[from] item: Leftovers\n|upkeep\n|inactive|zoro_220920 has 120 seconds left.\n|\n|t:|1732982500\n|switch|p2a: Meowscarada|Meowscarada, L78, M|247/247\n|turn|7\n|\n|t:|1732982513\n|move|p2a: Meowscarada|Triple Axel|p1a: Gogoat\n|-start|p2a: Meowscarada|typechange|Ice|[from] ability: Protean\n|-resisted|p1a: Gogoat\n|-damage|p1a: Gogoat|211/360\n|-hitcount|p1a: Gogoat|1\n|move|p1a: Gogoat|Earthquake|p2a: Meowscarada\n|-damage|p2a: Meowscarada|53/247\n|\n|-heal|p1a: Gogoat|233/360|[from] item: Leftovers\n|upkeep\n|turn|8\n|\n|t:|1732982528\n|move|p2a: Meowscarada|Triple Axel|p1a: Gogoat|[miss]\n|-miss|p2a: Meowscarada|p1a: Gogoat\n|move|p1a: Gogoat|Earthquake|p2a: Meowscarada\n|-damage|p2a: Meowscarada|0 fnt\n|faint|p2a: Meowscarada\n|\n|-heal|p1a: Gogoat|255/360|[from] item: Leftovers\n|upkeep\n|\n|t:|1732982538\n|switch|p2a: Banette|Banette, L93, F|270/270\n|turn|9\n|\n|t:|1732982543\n|move|p2a: Banette|Gunk Shot|p1a: Gogoat\n|-damage|p1a: Gogoat|0 fnt\n|faint|p1a: Gogoat\n|-damage|p2a: Banette|243/270|[from] item: Life Orb\n|\n|upkeep\n|\n|t:|1732982554\n|switch|p1a: Banette|Banette, L93, M|270/270\n|-item|p2a: Banette|Life Orb|[from] ability: Frisk|[of] p1a: Banette\n|turn|10\n|\n|t:|1732982583\n|move|p2a: Banette|Poltergeist|p1a: Banette\n|-activate|p1a: Banette|move: Poltergeist|Life Orb\n|-supereffective|p1a: Banette\n|-damage|p1a: Banette|0 fnt\n|faint|p1a: Banette\n|-damage|p2a: Banette|216/270|[from] item: Life Orb\n|\n|upkeep\n|inactive|Sneb2010 has 120 seconds left.\n|\n|t:|1732982594\n|switch|p1a: Piloswine|Piloswine, L85, M|309/309\n|turn|11\n|inactive|Sneb2010 has 120 seconds left.\n|inactive|zoro_220920 has 120 seconds left.\n|\n|t:|1732982608\n|move|p2a: Banette|Shadow Sneak|p1a: Piloswine\n|-damage|p1a: Piloswine|251/309\n|-damage|p2a: Banette|189/270|[from] item: Life Orb\n|move|p1a: Piloswine|Roar|p2a: Banette\n|drag|p2a: Dachsbun|Dachsbun, L92, F|254/254\n|\n|upkeep\n|turn|12\n|inactive|Sneb2010 has 120 seconds left.\n|inactive|zoro_220920 has 120 seconds left.\n|\n|t:|1732982626\n|move|p2a: Dachsbun|Protect|p2a: Dachsbun\n|-singleturn|p2a: Dachsbun|Protect\n|move|p1a: Piloswine|Icicle Crash|p2a: Dachsbun\n|-activate|p2a: Dachsbun|move: Protect\n|\n|upkeep\n|turn|13\n|inactive|zoro_220920 has 120 seconds left.\n|\n|t:|1732982637\n|move|p2a: Dachsbun|Body Press|p1a: Piloswine\n|-supereffective|p1a: Piloswine\n|-damage|p1a: Piloswine|151/309\n|move|p1a: Piloswine|Icicle Crash|p2a: Dachsbun\n|-damage|p2a: Dachsbun|179/254\n|\n|-heal|p2a: Dachsbun|194/254|[from] item: Leftovers\n|upkeep\n|turn|14\n|inactive|zoro_220920 has 120 seconds left.\n|\n|t:|1732982651\n|move|p2a: Dachsbun|Body Press|p1a: Piloswine\n|-supereffective|p1a: Piloswine\n|-damage|p1a: Piloswine|49/309\n|move|p1a: Piloswine|Icicle Crash|p2a: Dachsbun\n|-damage|p2a: Dachsbun|119/254\n|\n|-heal|p2a: Dachsbun|134/254|[from] item: Leftovers\n|upkeep\n|turn|15\n|inactive|zoro_220920 has 120 seconds left.\n|\n|t:|1732982678\n|move|p1a: Piloswine|Ice Shard|p2a: Dachsbun\n|-damage|p2a: Dachsbun|101/254\n|move|p2a: Dachsbun|Body Press|p1a: Piloswine\n|-supereffective|p1a: Piloswine\n|-damage|p1a: Piloswine|0 fnt\n|faint|p1a: Piloswine\n|\n|-heal|p2a: Dachsbun|116/254|[from] item: Leftovers\n|upkeep\n|\n|t:|1732982688\n|switch|p1a: Farigiraf|Farigiraf, L91, F|366/366\n|turn|16\n|\n|t:|1732982695\n|move|p2a: Dachsbun|Body Press|p1a: Farigiraf\n|-crit|p1a: Farigiraf\n|-damage|p1a: Farigiraf|241/366\n|move|p1a: Farigiraf|Hyper Voice|p2a: Dachsbun\n|-damage|p2a: Dachsbun|0 fnt\n|faint|p2a: Dachsbun\n|\n|-heal|p1a: Farigiraf|263/366|[from] item: Leftovers\n|upkeep\n|\n|t:|1732982706\n|switch|p2a: Scizor|Scizor, L79, F|75/240\n|turn|17\n|\n|t:|1732982715\n|move|p1a: Farigiraf|Hyper Voice|p2a: Scizor\n|-resisted|p2a: Scizor\n|-damage|p2a: Scizor|9/240\n|move|p2a: Scizor|Knock Off|p1a: Farigiraf\n|-supereffective|p1a: Farigiraf\n|-damage|p1a: Farigiraf|17/366\n|-enditem|p1a: Farigiraf|Leftovers|[from] move: Knock Off|[of] p2a: Scizor\n|\n|upkeep\n|turn|18\n|\n|t:|1732982723\n|move|p1a: Farigiraf|Hyper Voice|p2a: Scizor\n|-resisted|p2a: Scizor\n|-damage|p2a: Scizor|0 fnt\n|faint|p2a: Scizor\n|\n|upkeep\n|\n|t:|1732982729\n|switch|p2a: Banette|Banette, L93, F|189/270\n|turn|19\n|\n|t:|1732982741\n|move|p1a: Farigiraf|Protect|p1a: Farigiraf\n|-singleturn|p1a: Farigiraf|Protect\n|move|p2a: Banette|Shadow Sneak|p1a: Farigiraf\n|-activate|p1a: Farigiraf|move: Protect\n|\n|upkeep\n|turn|20\n|\n|t:|1732982750\n|move|p2a: Banette|Shadow Sneak|p1a: Farigiraf\n|-immune|p1a: Farigiraf\n|move|p1a: Farigiraf|Hyper Voice|p2a: Banette\n|-immune|p2a: Banette\n|\n|upkeep\n|turn|21\n|\n|t:|1732982757\n|move|p2a: Banette|Gunk Shot|p1a: Farigiraf\n|-damage|p1a: Farigiraf|0 fnt\n|faint|p1a: Farigiraf\n|-damage|p2a: Banette|162/270|[from] item: Life Orb\n|\n|upkeep\n|\n|t:|1732982762\n|switch|p1a: Cinccino|Cinccino, L83, M|260/260\n|turn|22\n|\n|t:|1732982770\n|move|p1a: Cinccino|Bullet Seed|p2a: Banette\n|-damage|p2a: Banette|130/270\n|-damage|p2a: Banette|102/270\n|-start|p1a: Cinccino|Disable|Bullet Seed|[from] ability: Cursed Body|[of] p2a: Banette\n|-damage|p2a: Banette|72/270\n|-damage|p2a: Banette|43/270\n|-hitcount|p2a: Banette|4\n|move|p2a: Banette|Thunder Wave|p1a: Cinccino\n|-status|p1a: Cinccino|par\n|\n|upkeep\n|turn|23\n|\n|t:|1732982782\n|move|p2a: Banette|Gunk Shot|p1a: Cinccino|[miss]\n|-miss|p2a: Banette|p1a: Cinccino\n|cant|p1a: Cinccino|par\n|\n|upkeep\n|turn|24\n|\n|t:|1732982788\n|move|p2a: Banette|Gunk Shot|p1a: Cinccino\n|-damage|p1a: Cinccino|66/260 par\n|-damage|p2a: Banette|16/270|[from] item: Life Orb\n|move|p1a: Cinccino|Triple Axel|p2a: Banette\n|-damage|p2a: Banette|0 fnt\n|faint|p2a: Banette\n|-hitcount|p2: Banette|1\n|\n|win|Sneb2010\n|raw|Sneb2010's rating: 1083 &rarr; <strong>1114</strong><br />(+31 for winning)\n|raw|zoro_220920's rating: 1133 &rarr; <strong>1104</strong><br />(-29 for losing)\n", "inputlog": ">version b107d77f5c90bd6555267ae244a6264823309ead\n>start {\"formatid\":\"gen9randombattle\",\"seed\":[37154,1607,29361,37305],\"rated\":\"Rated battle\"}\n>player p1 {\"name\":\"Sneb2010\",\"avatar\":\"101\",\"rating\":1083,\"seed\":[27785,31337,59145,34504]}\n>player p2 {\"name\":\"zoro_220920\",\"avatar\":\"169\",\"rating\":1133,\"seed\":[20946,41082,7801,55954]}\n>p1 switch 3\n>p2 move crunch\n>p1 move hornleech terastallize\n>p2 switch 3\n>p1 move earthquake\n>p2 move energyball\n>p1 move earthquake\n>p2 move energyball\n>p2 switch 6\n>p1 move earthquake\n>p2 move uturn\n>p2 switch 3\n>p1 move hornleech\n>p2 move crunch\n>p2 switch 4\n>p1 move earthquake\n>p2 move tripleaxel\n>p1 move earthquake\n>p2 move tripleaxel\n>p2 switch 5\n>p1 move earthquake\n>p2 move gunkshot\n>p1 switch 6\n>p1 move poltergeist\n>p2 move poltergeist\n>p1 switch 4\n>p1 move roar\n>p2 move shadowsneak\n>p1 move iciclecrash\n>p2 move protect\n>p1 move iciclecrash\n>p2 move bodypress\n>p1 move iciclecrash\n>p2 move bodypress\n>p1 move iceshard\n>p2 move bodypress\n>p1 switch 3\n>p1 move hypervoice\n>p2 move bodypress\n>p2 switch 3\n>p1 move hypervoice\n>p2 move knockoff\n>p1 move hypervoice\n>p2 move knockoff\n>p2 switch 2\n>p1 move protect\n>p2 move shadowsneak\n>p1 move hypervoice\n>p2 move shadowsneak\n>p1 move wish\n>p2 move gunkshot\n>p1 switch 2\n>p1 move bulletseed\n>p2 move thunderwave\n>p1 move tripleaxel\n>p2 move gunkshot\n>p1 move tripleaxel\n>p2 move gunkshot", "uploadtime": 1732982796, "views": 2, "formatid": "gen9randombattle", "rating": 1104, "private": 0, "password": null}