{"id": "gen9randombattle-2253918520", "format": "[Gen 9] Random Battle", "players": ["Amenokami", "JoPro8000"], "log": "|j|\u2606Amenokami\n|j|\u2606JoPro8000\n|t:|1732963619\n|gametype|singles\n|player|p1|Amenokami|janine|1478\n|player|p2|JoPro8000|workerice|1488\n|teamsize|p1|6\n|teamsize|p2|6\n|gen|9\n|tier|[Gen 9] Random Battle\n|rated|\n|rule|Species Clause: Limit one of each Pok\u00e9mon\n|rule|HP Percentage Mod: HP is shown in percentages\n|rule|Sleep Clause Mod: Limit one foe put to sleep\n|rule|Illusion Level Mod: Illusion disguises the Pok\u00e9mon's true level\n|\n|t:|1732963619\n|start\n|switch|p1a: Dodrio|Dodrio, L86, F|243/243\n|switch|p2a: Latias|Latias, L79, F, shiny|256/256\n|turn|1\n|inactive|Battle timer is ON: inactive players will automatically lose when time's up. (requested by JoPro8000)\n|c|\u2606JoPro8000|dam\n|\n|t:|1732963648\n|move|p1a: Dodrio|Knock Off|p2a: Latias\n|-supereffective|p2a: Latias\n|-damage|p2a: Latias|98/256\n|-enditem|p2a: Latias|Soul Dew|[from] move: Knock Off|[of] p1a: Dodrio\n|move|p2a: Latias|Draco Meteor|p1a: Dodrio\n|-damage|p1a: Dodrio|84/243\n|-unboost|p2a: Latias|spa|2\n|\n|upkeep\n|turn|2\n|\n|t:|1732963657\n|switch|p2a: Ogerpon|Ogerpon-Cornerstone, L76, F|247/247\n|move|p1a: Dodrio|Knock Off|p2a: Ogerpon\n|-damage|p2a: Ogerpon|182/247\n|\n|upkeep\n|turn|3\n|\n|t:|1732963666\n|switch|p1a: Skuntank|Skuntank, L84, M|310/310\n|move|p2a: Ogerpon|Ivy Cudgel|p1a: Skuntank|[anim] Ivy Cudgel Rock\n|-damage|p1a: Skuntank|156/310\n|\n|upkeep\n|turn|4\n|\n|t:|1732963683\n|switch|p2a: Dudunsparce|Dudunsparce, L83, F|343/343\n|move|p1a: Skuntank|Gunk Shot|p2a: Dudunsparce\n|-crit|p2a: Dudunsparce\n|-damage|p2a: Dudunsparce|96/343\n|-damage|p1a: Skuntank|125/310|[from] item: Life Orb\n|\n|-heal|p2a: Dudunsparce|117/343|[from] item: Leftovers\n|upkeep\n|turn|5\n|\n|t:|1732963690\n|switch|p2a: Slowbro|Slowbro-Galar, L87, M|307/307\n|move|p1a: Skuntank|Knock Off|p2a: Slowbro\n|-supereffective|p2a: Slowbro\n|-damage|p2a: Slowbro|63/307\n|-damage|p1a: Skuntank|74/310|[from] item: Rocky Helmet|[of] p2a: Slowbro\n|-enditem|p2a: Slowbro|Rocky Helmet|[from] move: Knock Off|[of] p1a: Skuntank\n|-damage|p1a: Skuntank|43/310|[from] item: Life Orb\n|\n|upkeep\n|turn|6\n|\n|t:|1732963699\n|move|p1a: Skuntank|Knock Off|p2a: Slowbro\n|-supereffective|p2a: Slowbro\n|-damage|p2a: Slowbro|0 fnt\n|faint|p2a: Slowbro\n|-damage|p1a: Skuntank|12/310|[from] item: Life Orb\n|\n|upkeep\n|\n|t:|1732963702\n|switch|p2a: Ogerpon|Ogerpon-Cornerstone, L76, F|182/247\n|turn|7\n|\n|t:|1732963704\n|move|p1a: Skuntank|Sucker Punch|p2a: Ogerpon\n|-damage|p2a: Ogerpon|75/247\n|-damage|p1a: Skuntank|0 fnt|[from] item: Life Orb\n|faint|p1a: Skuntank\n|move|p2a: Ogerpon|Ivy Cudgel|p1: Skuntank|[notarget]\n|-fail|p2a: Ogerpon\n|\n|upkeep\n|\n|t:|1732963716\n|switch|p1a: Mismagius|Mismagius, L86, F|243/243\n|turn|8\n|\n|t:|1732963729\n|switch|p2a: Dudunsparce|Dudunsparce, L83, F|117/343\n|move|p1a: Mismagius|Dazzling Gleam|p2a: Dudunsparce\n|-damage|p2a: Dudunsparce|29/343\n|-damage|p1a: Mismagius|219/243|[from] item: Life Orb\n|\n|-heal|p2a: Dudunsparce|50/343|[from] item: Leftovers\n|upkeep\n|turn|9\n|\n|t:|1732963735\n|move|p1a: Mismagius|Dazzling Gleam|p2a: Dudunsparce\n|-damage|p2a: Dudunsparce|0 fnt\n|faint|p2a: Dudunsparce\n|-damage|p1a: Mismagius|195/243|[from] item: Life Orb\n|\n|upkeep\n|\n|t:|1732963740\n|switch|p2a: Toxicroak|Toxicroak, L84, M|277/277\n|turn|10\n|\n|t:|1732963747\n|switch|p1a: Kilowattrel|Kilowattrel, L83, M|252/252\n|move|p2a: Toxicroak|Knock Off|p1a: Kilowattrel\n|-damage|p1a: Kilowattrel|151/252\n|-enditem|p1a: Kilowattrel|Heavy-Duty Boots|[from] move: Knock Off|[of] p2a: Toxicroak\n|\n|upkeep\n|turn|11\n|\n|t:|1732963757\n|switch|p2a: Brambleghast|Brambleghast, L88, F|240/240\n|move|p1a: Kilowattrel|Hurricane|p2a: Brambleghast\n|-ability|p2a: Brambleghast|Wind Rider|boost\n|-boost|p2a: Brambleghast|atk|1\n|\n|upkeep\n|turn|12\n|\n|t:|1732963764\n|move|p1a: Kilowattrel|U-turn|p2a: Brambleghast\n|-damage|p2a: Brambleghast|195/240\n|\n|t:|1732963768\n|switch|p1a: Dodrio|Dodrio, L86, F|84/243|[from] U-turn\n|move|p2a: Brambleghast|Rapid Spin|p1a: Dodrio\n|-damage|p1a: Dodrio|4/243\n|-boost|p2a: Brambleghast|spe|1\n|\n|upkeep\n|turn|13\n|\n|t:|1732963775\n|move|p2a: Brambleghast|Rapid Spin|p1a: Dodrio\n|-damage|p1a: Dodrio|0 fnt\n|-boost|p2a: Brambleghast|spe|1\n|faint|p1a: Dodrio\n|\n|upkeep\n|\n|t:|1732963778\n|switch|p1a: Mamoswine|Mamoswine, L81, M|311/311\n|turn|14\n|inactive|JoPro8000 has 120 seconds left.\n|\n|t:|1732963816\n|move|p2a: Brambleghast|Power Whip|p1a: Mamoswine\n|-supereffective|p1a: Mamoswine\n|-damage|p1a: Mamoswine|0 fnt\n|faint|p1a: Mamoswine\n|\n|upkeep\n|-message|Amenokami forfeited.\n|\n|win|JoPro8000\n|raw|Amenokami's rating: 1478 &rarr; <strong>1459</strong><br />(-19 for losing)\n|raw|JoPro8000's rating: 1488 &rarr; <strong>1507</strong><br />(+19 for winning)\n|l|\u2606Amenokami\n|player|p1|\n", "inputlog": ">version b107d77f5c90bd6555267ae244a6264823309ead\n>start {\"formatid\":\"gen9randombattle\",\"seed\":[14099,29546,11573,7666],\"rated\":\"Rated battle\"}\n>player p1 {\"name\":\"Amenokami\",\"avatar\":\"janine\",\"rating\":1478,\"seed\":[22041,61538,19502,39044]}\n>player p2 {\"name\":\"JoPro8000\",\"avatar\":\"workerice\",\"rating\":1488,\"seed\":[3050,46291,38637,40689]}\n>chat \u2606JoPro8000|dam\n>p1 move knockoff\n>p2 move dracometeor\n>p1 move knockoff\n>p2 switch 3\n>p1 switch 6\n>p2 move ivycudgel\n>p1 move gunkshot\n>p2 switch 6\n>p1 move knockoff\n>p2 switch 2\n>p1 move knockoff\n>p2 move shellsidearm\n>p2 switch 6\n>p1 move suckerpunch\n>p2 move ivycudgel\n>p1 switch 3\n>p1 move dazzlinggleam\n>p2 switch 2\n>p1 move dazzlinggleam\n>p2 move roost\n>p2 switch 5\n>p1 switch 2\n>p2 move knockoff\n>p1 move hurricane\n>p2 switch 4\n>p1 move uturn\n>p2 move rapidspin\n>p1 switch 6\n>p1 move bravebird\n>p2 move rapidspin\n>p1 switch 5\n>p1 move iciclecrash\n>p2 move powerwhip\n>forcelose p1", "uploadtime": 1732963838, "views": 57, "formatid": "gen9randombattle", "rating": 1459, "private": 0, "password": null}