{"id": "gen9randombattle-2253915268", "format": "[Gen 9] Random Battle", "players": ["xuzihan88", "jwjsgshsgehhej"], "log": "|j|\u2606xuzihan88\n|j|\u2606jwjsgshsgehhej\n|t:|1732962903\n|gametype|singles\n|player|p1|xuzihan88|266|1000\n|player|p2|jwjsgshsgehhej|101|1000\n|teamsize|p1|6\n|teamsize|p2|6\n|gen|9\n|tier|[Gen 9] Random Battle\n|rated|\n|rule|Species Clause: Limit one of each Pok\u00e9mon\n|rule|HP Percentage Mod: HP is shown in percentages\n|rule|Sleep Clause Mod: Limit one foe put to sleep\n|rule|Illusion Level Mod: Illusion disguises the Pok\u00e9mon's true level\n|\n|t:|1732962903\n|start\n|switch|p1a: Dachsbun|Dachsbun, L92, M|254/254\n|switch|p2a: Torterra|Torterra, L78, M|276/276\n|turn|1\n|inactive|Battle timer is ON: inactive players will automatically lose when time's up. (requested by jwjsgshsgehhej)\n|\n|t:|1732962921\n|switch|p1a: Glalie|Glalie, L96, M|309/309\n|move|p2a: Torterra|Headlong Rush|p1a: Glalie\n|-damage|p1a: Glalie|201/309\n|-unboost|p2a: Torterra|def|1\n|-unboost|p2a: Torterra|spd|1\n|\n|upkeep\n|turn|2\n|\n|t:|1732962930\n|switch|p2a: Torkoal|Torkoal, L88, F|266/266\n|-weather|SunnyDay|[from] ability: Drought|[of] p2a: Torkoal\n|move|p1a: Glalie|Spikes|p2a: Torkoal\n|-sidestart|p2: jwjsgshsgehhej|Spikes\n|\n|-weather|SunnyDay|[upkeep]\n|upkeep\n|turn|3\n|\n|t:|1732962949\n|-terastallize|p1a: Glalie|Ground\n|move|p1a: Glalie|Earthquake|p2a: Torkoal\n|-supereffective|p2a: Torkoal\n|-damage|p2a: Torkoal|110/266\n|move|p2a: Torkoal|Lava Plume|p1a: Glalie\n|-damage|p1a: Glalie|75/309\n|\n|-weather|SunnyDay|[upkeep]\n|upkeep\n|turn|4\n|\n|t:|1732962958\n|switch|p1a: Dachsbun|Dachsbun, L92, M|254/254\n|move|p2a: Torkoal|Lava Plume|p1a: Dachsbun\n|-ability|p1a: Dachsbun|Well-Baked Body|boost\n|-boost|p1a: Dachsbun|def|2\n|\n|-weather|SunnyDay|[upkeep]\n|upkeep\n|turn|5\n|\n|t:|1732962967\n|move|p1a: Dachsbun|Stomping Tantrum|p2a: Torkoal\n|-supereffective|p2a: Torkoal\n|-damage|p2a: Torkoal|40/266\n|move|p2a: Torkoal|Solar Beam||[still]\n|-prepare|p2a: Torkoal|Solar Beam\n|-anim|p2a: Torkoal|Solar Beam|p1a: Dachsbun\n|-damage|p1a: Dachsbun|177/254\n|\n|-weather|SunnyDay|[upkeep]\n|-heal|p1a: Dachsbun|192/254|[from] item: Leftovers\n|upkeep\n|turn|6\n|\n|t:|1732962979\n|move|p1a: Dachsbun|Stomping Tantrum|p2a: Torkoal\n|-supereffective|p2a: Torkoal\n|-damage|p2a: Torkoal|0 fnt\n|faint|p2a: Torkoal\n|\n|-weather|none\n|-heal|p1a: Dachsbun|207/254|[from] item: Leftovers\n|upkeep\n|\n|t:|1732962990\n|switch|p2a: Mew|Mew, L82|298/298\n|-damage|p2a: Mew|261/298|[from] Spikes\n|turn|7\n|\n|t:|1732963000\n|move|p1a: Dachsbun|Protect|p1a: Dachsbun\n|-singleturn|p1a: Dachsbun|Protect\n|move|p2a: Mew|Stealth Rock|p1a: Dachsbun\n|-sidestart|p1: xuzihan88|move: Stealth Rock\n|\n|-heal|p1a: Dachsbun|222/254|[from] item: Leftovers\n|-heal|p2a: Mew|279/298|[from] item: Leftovers\n|upkeep\n|turn|8\n|\n|t:|1732963007\n|move|p1a: Dachsbun|Wish|p1a: Dachsbun\n|move|p2a: Mew|Psychic|p1a: Dachsbun\n|-crit|p1a: Dachsbun\n|-damage|p1a: Dachsbun|83/254\n|\n|-heal|p1a: Dachsbun|98/254|[from] item: Leftovers\n|-heal|p2a: Mew|297/298|[from] item: Leftovers\n|upkeep\n|turn|9\n|\n|t:|1732963015\n|switch|p1a: Glalie|Glalie, L96, M, tera:Ground|75/309\n|move|p2a: Mew|Psychic|p1a: Glalie\n|-damage|p1a: Glalie|0 fnt\n|faint|p1a: Glalie\n|\n|-heal|p2a: Mew|298/298|[from] item: Leftovers\n|upkeep\n|\n|t:|1732963023\n|switch|p1a: Dachsbun|Dachsbun, L92, M|98/254\n|-damage|p1a: Dachsbun|67/254|[from] Stealth Rock\n|turn|10\n|\n|t:|1732963039\n|move|p1a: Dachsbun|Play Rough|p2a: Mew\n|-damage|p2a: Mew|211/298\n|move|p2a: Mew|Psychic|p1a: Dachsbun\n|-damage|p1a: Dachsbun|0 fnt\n|faint|p1a: Dachsbun\n|\n|-heal|p2a: Mew|229/298|[from] item: Leftovers\n|upkeep\n|\n|t:|1732963047\n|switch|p1a: Clawitzer|Clawitzer, L87, F|265/265\n|-damage|p1a: Clawitzer|232/265|[from] Stealth Rock\n|turn|11\n|\n|t:|1732963054\n|move|p2a: Mew|Psychic|p1a: Clawitzer\n|-damage|p1a: Clawitzer|175/265\n|move|p1a: Clawitzer|U-turn|p2a: Mew\n|-supereffective|p2a: Mew\n|-damage|p2a: Mew|149/298\n|\n|t:|1732963063\n|switch|p1a: Kricketune|Kricketune, L99, M|312/312|[from] U-turn\n|\n|-heal|p2a: Mew|167/298|[from] item: Leftovers\n|upkeep\n|turn|12\n|\n|t:|1732963077\n|move|p2a: Mew|Psychic|p1a: Kricketune\n|-damage|p1a: Kricketune|197/312\n|move|p1a: Kricketune|Sticky Web|p2a: Mew\n|-sidestart|p2: jwjsgshsgehhej|move: Sticky Web\n|\n|-heal|p2a: Mew|185/298|[from] item: Leftovers\n|upkeep\n|turn|13\n|\n|t:|1732963087\n|move|p2a: Mew|Psychic|p1a: Kricketune\n|-damage|p1a: Kricketune|89/312\n|move|p1a: Kricketune|Pounce|p2a: Mew\n|-supereffective|p2a: Mew\n|-damage|p2a: Mew|15/298\n|-unboost|p2a: Mew|spe|1\n|\n|-heal|p2a: Mew|33/298|[from] item: Leftovers\n|upkeep\n|turn|14\n|\n|t:|1732963095\n|move|p1a: Kricketune|Knock Off|p2a: Mew\n|-supereffective|p2a: Mew\n|-damage|p2a: Mew|0 fnt\n|-enditem|p2a: Mew|Leftovers|[from] move: Knock Off|[of] p1a: Kricketune\n|faint|p2a: Mew\n|\n|upkeep\n|\n|t:|1732963101\n|switch|p2a: Torterra|Torterra, L78, M|276/276\n|-damage|p2a: Torterra|242/276|[from] Spikes\n|-activate|p2a: Torterra|move: Sticky Web\n|-unboost|p2a: Torterra|spe|1\n|turn|15\n|\n|t:|1732963107\n|move|p1a: Kricketune|Knock Off|p2a: Torterra\n|-damage|p2a: Torterra|162/276\n|-enditem|p2a: Torterra|Loaded Dice|[from] move: Knock Off|[of] p1a: Kricketune\n|move|p2a: Torterra|Bullet Seed|p1a: Kricketune\n|-resisted|p1a: Kricketune\n|-damage|p1a: Kricketune|72/312\n|-resisted|p1a: Kricketune\n|-damage|p1a: Kricketune|55/312\n|-resisted|p1a: Kricketune\n|-damage|p1a: Kricketune|40/312\n|-hitcount|p1a: Kricketune|3\n|\n|upkeep\n|turn|16\n|\n|t:|1732963117\n|move|p1a: Kricketune|Pounce|p2a: Torterra\n|-supereffective|p2a: Torterra\n|-damage|p2a: Torterra|0 fnt\n|faint|p2a: Torterra\n|\n|upkeep\n|\n|t:|1732963121\n|switch|p2a: Bellossom|Bellossom, L84, F|263/263\n|-damage|p2a: Bellossom|231/263|[from] Spikes\n|-activate|p2a: Bellossom|move: Sticky Web\n|-unboost|p2a: Bellossom|spe|1\n|turn|17\n|\n|t:|1732963131\n|move|p1a: Kricketune|Pounce|p2a: Bellossom\n|-supereffective|p2a: Bellossom\n|-damage|p2a: Bellossom|37/263\n|-unboost|p2a: Bellossom|spe|1\n|move|p2a: Bellossom|Giga Drain|p1a: Kricketune\n|-resisted|p1a: Kricketune\n|-damage|p1a: Kricketune|0 fnt\n|-heal|p2a: Bellossom|57/263|[from] drain|[of] p1a: Kricketune\n|faint|p1a: Kricketune\n|\n|-heal|p2a: Bellossom|73/263|[from] item: Leftovers\n|upkeep\n|\n|t:|1732963144\n|switch|p1a: Clawitzer|Clawitzer, L87, F|175/265\n|-damage|p1a: Clawitzer|142/265|[from] Stealth Rock\n|turn|18\n|\n|t:|1732963148\n|move|p1a: Clawitzer|U-turn|p2a: Bellossom\n|-supereffective|p2a: Bellossom\n|-damage|p2a: Bellossom|0 fnt\n|faint|p2a: Bellossom\n|\n|t:|1732963153\n|switch|p1a: Coalossal|Coalossal, L89, F|341/341|[from] U-turn\n|\n|upkeep\n|\n|t:|1732963157\n|switch|p2a: Kyogre|Kyogre, L71|259/259\n|-damage|p2a: Kyogre|227/259|[from] Spikes\n|-activate|p2a: Kyogre|move: Sticky Web\n|-unboost|p2a: Kyogre|spe|1\n|-weather|RainDance|[from] ability: Drizzle|[of] p2a: Kyogre\n|turn|19\n|\n|t:|1732963175\n|-terastallize|p2a: Kyogre|Electric\n|move|p2a: Kyogre|Thunder|p1a: Coalossal\n|-damage|p1a: Coalossal|239/341\n|move|p1a: Coalossal|Rapid Spin|p2a: Kyogre\n|-damage|p2a: Kyogre|190/259\n|-boost|p1a: Coalossal|spe|1\n|-sideend|p1: xuzihan88|Stealth Rock|[from] move: Rapid Spin|[of] p1a: Coalossal\n|\n|-weather|RainDance|[upkeep]\n|-heal|p2a: Kyogre|206/259|[from] item: Leftovers\n|upkeep\n|turn|20\n|\n|t:|1732963188\n|move|p1a: Coalossal|Stone Edge|p2a: Kyogre\n|-damage|p2a: Kyogre|94/259\n|move|p2a: Kyogre|Origin Pulse|p1a: Coalossal\n|-supereffective|p1a: Coalossal\n|-crit|p1a: Coalossal\n|-damage|p1a: Coalossal|0 fnt\n|faint|p1a: Coalossal\n|\n|-weather|RainDance|[upkeep]\n|-heal|p2a: Kyogre|110/259|[from] item: Leftovers\n|upkeep\n|\n|t:|1732963200\n|switch|p1a: Clawitzer|Clawitzer, L87, F|142/265\n|turn|21\n|\n|t:|1732963205\n|move|p1a: Clawitzer|Water Pulse|p2a: Kyogre\n|-damage|p2a: Kyogre|0 fnt\n|faint|p2a: Kyogre\n|\n|-weather|RainDance|[upkeep]\n|upkeep\n|\n|t:|1732963208\n|switch|p2a: Mienshao|Mienshao, L83, M|244/244\n|-damage|p2a: Mienshao|214/244|[from] Spikes\n|-activate|p2a: Mienshao|move: Sticky Web\n|-unboost|p2a: Mienshao|spe|1\n|turn|22\n|inactive|jwjsgshsgehhej has 120 seconds left.\n|inactive|jwjsgshsgehhej has 90 seconds left.\n|inactive|jwjsgshsgehhej has 60 seconds left.\n|inactive|jwjsgshsgehhej has 30 seconds left.\n|inactive|jwjsgshsgehhej has 20 seconds left.\n|inactive|jwjsgshsgehhej has 15 seconds left.\n|inactive|jwjsgshsgehhej has 10 seconds left.\n|inactive|jwjsgshsgehhej has 5 seconds left.\n|-message|jwjsgshsgehhej lost due to inactivity.\n|\n|win|xuzihan88\n|raw|xuzihan88's rating: 1000 &rarr; <strong>1040</strong><br />(+40 for winning)\n|raw|jwjsgshsgehhej's rating: 1000 &rarr; <strong>1000</strong><br />(+0 for losing)\n", "inputlog": ">version b107d77f5c90bd6555267ae244a6264823309ead\n>start {\"formatid\":\"gen9randombattle\",\"seed\":[32188,65316,8400,56227],\"rated\":\"Rated battle\"}\n>player p1 {\"name\":\"xuzihan88\",\"avatar\":\"266\",\"rating\":1000,\"seed\":[38403,11642,48583,1396]}\n>player p2 {\"name\":\"jwjsgshsgehhej\",\"avatar\":\"101\",\"rating\":1000,\"seed\":[6624,736,63503,47003]}\n>p1 switch 2\n>p2 move headlongrush\n>p1 move spikes\n>p2 switch 4\n>p1 move earthquake terastallize\n>p2 move lavaplume\n>p1 switch 2\n>p2 move lavaplume\n>p1 move stompingtantrum\n>p2 move solarbeam\n>p1 move stompingtantrum\n>p2 move solarbeam\n>p2 switch 2\n>p1 move protect\n>p2 move stealthrock\n>p1 move wish\n>p2 move psychic\n>p1 switch 2\n>p2 move psychic\n>p1 switch 2\n>p1 move playrough\n>p2 move psychic\n>p1 switch 6\n>p1 move uturn\n>p2 move psychic\n>p1 switch 3\n>p1 move stickyweb\n>p2 move psychic\n>p1 move pounce\n>p2 move psychic\n>p1 move knockoff\n>p2 move psychic\n>p2 switch 4\n>p1 move knockoff\n>p2 move bulletseed\n>p1 move pounce\n>p2 move rockblast\n>p2 switch 5\n>p1 move pounce\n>p2 move gigadrain\n>p1 switch 3\n>p1 move uturn\n>p2 move gigadrain\n>p1 switch 5\n>p2 switch 6\n>p1 move rapidspin\n>p2 move thunder terastallize\n>p1 move stoneedge\n>p2 move originpulse\n>p1 switch 5\n>p1 move waterpulse\n>p2 move thunder\n>p2 switch 3\n>forcelose p2", "uploadtime": 1732963366, "views": 1, "formatid": "gen9randombattle", "rating": 1000, "private": 0, "password": null}