{"id": "gen9randombattle-2253999332", "format": "[Gen 9] Random Battle", "players": ["alllzz", "Ludibrobro"], "log": "|j|\u2606alllzz\n|j|\u2606Ludibrobro\n|t:|1732977989\n|gametype|singles\n|player|p1|alllzz|266|1610\n|player|p2|Ludibrobro|266|1630\n|teamsize|p1|6\n|teamsize|p2|6\n|gen|9\n|tier|[Gen 9] Random Battle\n|rated|\n|rule|Species Clause: Limit one of each Pok\u00e9mon\n|rule|HP Percentage Mod: HP is shown in percentages\n|rule|Sleep Clause Mod: Limit one foe put to sleep\n|rule|Illusion Level Mod: Illusion disguises the Pok\u00e9mon's true level\n|\n|t:|1732977989\n|start\n|switch|p1a: Qwilfish|Qwilfish, L86, F|252/252\n|switch|p2a: Feraligatr|Feraligatr, L79, F|264/264\n|-ability|p1a: Qwilfish|Intimidate|boost\n|-unboost|p2a: Feraligatr|atk|1\n|turn|1\n|inactive|Battle timer is ON: inactive players will automatically lose when time's up. (requested by alllzz)\n|\n|t:|1732978004\n|switch|p2a: Iron Treads|Iron Treads, L77|265/265\n|move|p1a: Qwilfish|Toxic|p2a: Iron Treads\n|-immune|p2a: Iron Treads\n|\n|upkeep\n|turn|2\n|\n|t:|1732978017\n|switch|p1a: Ursaring|Ursaring, L84, M|288/288\n|move|p2a: Iron Treads|Volt Switch|p1a: Ursaring\n|-damage|p1a: Ursaring|264/288\n|inactive|Ludibrobro has 120 seconds left.\n|\n|t:|1732978048\n|-end|p2a: Iron Treads|Quark Drive|[silent]\n|switch|p2a: Feraligatr|Feraligatr, L79, F|264/264|[from] Volt Switch\n|\n|upkeep\n|turn|3\n|\n|t:|1732978053\n|move|p2a: Feraligatr|Dragon Dance|p2a: Feraligatr\n|-boost|p2a: Feraligatr|atk|1\n|-boost|p2a: Feraligatr|spe|1\n|move|p1a: Ursaring|Body Slam|p2a: Feraligatr\n|-damage|p2a: Feraligatr|150/264\n|-status|p2a: Feraligatr|par\n|\n|upkeep\n|turn|4\n|\n|t:|1732978057\n|move|p1a: Ursaring|Body Slam|p2a: Feraligatr\n|-damage|p2a: Feraligatr|45/264 par\n|move|p2a: Feraligatr|Liquidation|p1a: Ursaring\n|-damage|p1a: Ursaring|115/288\n|\n|upkeep\n|turn|5\n|\n|t:|1732978062\n|move|p1a: Ursaring|Body Slam|p2a: Feraligatr\n|-damage|p2a: Feraligatr|0 fnt\n|faint|p2a: Feraligatr\n|\n|upkeep\n|\n|t:|1732978066\n|switch|p2a: Iron Treads|Iron Treads, L77|265/265\n|turn|6\n|\n|t:|1732978069\n|move|p2a: Iron Treads|Earthquake|p1a: Ursaring\n|-damage|p1a: Ursaring|36/288\n|move|p1a: Ursaring|Rest|p1a: Ursaring\n|-status|p1a: Ursaring|slp|[from] move: Rest\n|-heal|p1a: Ursaring|288/288 slp|[silent]\n|\n|upkeep\n|turn|7\n|\n|t:|1732978076\n|-end|p2a: Iron Treads|Quark Drive|[silent]\n|switch|p2a: Sinistcha|Sinistcha, L83|254/254\n|cant|p1a: Ursaring|slp\n|move|p1a: Ursaring|Sleep Talk|p1a: Ursaring\n|move|p1a: Ursaring|Body Slam|p2a: Sinistcha|[from]move: Sleep Talk\n|-immune|p2a: Sinistcha\n|\n|upkeep\n|turn|8\n|\n|t:|1732978097\n|switch|p1a: Qwilfish|Qwilfish, L86, F|252/252\n|-ability|p1a: Qwilfish|Intimidate|boost\n|-unboost|p2a: Sinistcha|atk|1\n|move|p2a: Sinistcha|Calm Mind|p2a: Sinistcha\n|-boost|p2a: Sinistcha|spa|1\n|-boost|p2a: Sinistcha|spd|1\n|\n|upkeep\n|turn|9\n|\n|t:|1732978103\n|-terastallize|p2a: Sinistcha|Steel\n|move|p1a: Qwilfish|Toxic|p2a: Sinistcha\n|-immune|p2a: Sinistcha\n|move|p2a: Sinistcha|Calm Mind|p2a: Sinistcha\n|-boost|p2a: Sinistcha|spa|1\n|-boost|p2a: Sinistcha|spd|1\n|\n|upkeep\n|turn|10\n|\n|t:|1732978109\n|move|p1a: Qwilfish|Flip Turn|p2a: Sinistcha\n|-damage|p2a: Sinistcha|196/254\n|\n|t:|1732978112\n|switch|p1a: Swalot|Swalot, L90, F|326/326|[from] Flip Turn\n|move|p2a: Sinistcha|Matcha Gotcha|p1a: Swalot\n|-resisted|p1a: Swalot\n|-damage|p1a: Swalot|234/326\n|-damage|p2a: Sinistcha|150/254|[from] ability: Liquid Ooze|[of] p1a: Swalot\n|\n|-heal|p2a: Sinistcha|165/254|[from] item: Leftovers\n|-heal|p1a: Swalot|254/326|[from] item: Leftovers\n|upkeep\n|turn|11\n|\n|t:|1732978122\n|move|p2a: Sinistcha|Strength Sap|p1a: Swalot\n|-unboost|p1a: Swalot|atk|1\n|-damage|p2a: Sinistcha|0 fnt|[from] ability: Liquid Ooze|[of] p1a: Swalot\n|faint|p2a: Sinistcha\n|move|p1a: Swalot|Encore|p2: Sinistcha|[notarget]\n|-fail|p1a: Swalot\n|\n|-heal|p1a: Swalot|274/326|[from] item: Leftovers\n|upkeep\n|\n|t:|1732978134\n|switch|p2a: Gardevoir|Gardevoir, L83, F|249/249\n|-ability|p2a: Gardevoir|Liquid Ooze|[from] ability: Trace|[of] p1a: Swalot\n|turn|12\n|\n|t:|1732978150\n|switch|p1a: Ursaring|Ursaring, L84, M|288/288 slp\n|move|p2a: Gardevoir|Psyshock|p1a: Ursaring\n|-damage|p1a: Ursaring|191/288 slp\n|-damage|p2a: Gardevoir|225/249|[from] item: Life Orb\n|\n|upkeep\n|turn|13\n|\n|t:|1732978157\n|move|p2a: Gardevoir|Calm Mind|p2a: Gardevoir\n|-boost|p2a: Gardevoir|spa|1\n|-boost|p2a: Gardevoir|spd|1\n|cant|p1a: Ursaring|slp\n|move|p1a: Ursaring|Sleep Talk|p1a: Ursaring\n|move|p1a: Ursaring|Body Slam|p2a: Gardevoir|[from]move: Sleep Talk\n|-damage|p2a: Gardevoir|30/249\n|\n|upkeep\n|turn|14\n|\n|t:|1732978161\n|move|p2a: Gardevoir|Moonblast|p1a: Ursaring\n|-damage|p1a: Ursaring|10/288 slp\n|-damage|p2a: Gardevoir|6/249|[from] item: Life Orb\n|-curestatus|p1a: Ursaring|slp|[msg]\n|move|p1a: Ursaring|Body Slam|p2a: Gardevoir\n|-damage|p2a: Gardevoir|0 fnt\n|faint|p2a: Gardevoir\n|\n|upkeep\n|\n|t:|1732978166\n|switch|p2a: Iron Treads|Iron Treads, L77|265/265\n|turn|15\n|\n|t:|1732978172\n|move|p2a: Iron Treads|Rapid Spin|p1a: Ursaring\n|-damage|p1a: Ursaring|0 fnt\n|-boost|p2a: Iron Treads|spe|1\n|faint|p1a: Ursaring\n|\n|upkeep\n|\n|t:|1732978181\n|switch|p1a: Hitmonchan|Hitmonchan, L87, M|229/229\n|turn|16\n|\n|t:|1732978187\n|move|p2a: Iron Treads|Volt Switch|p1a: Hitmonchan\n|-damage|p1a: Hitmonchan|203/229\n|\n|t:|1732978190\n|-end|p2a: Iron Treads|Quark Drive|[silent]\n|switch|p2a: Slowking|Slowking-Galar, L85, F|300/300|[from] Volt Switch\n|move|p1a: Hitmonchan|Bulk Up|p1a: Hitmonchan\n|-boost|p1a: Hitmonchan|atk|1\n|-boost|p1a: Hitmonchan|def|1\n|\n|-heal|p1a: Hitmonchan|217/229|[from] item: Leftovers\n|upkeep\n|turn|17\n|\n|t:|1732978198\n|-terastallize|p1a: Hitmonchan|Dark\n|move|p1a: Hitmonchan|Knock Off|p2a: Slowking\n|-supereffective|p2a: Slowking\n|-damage|p2a: Slowking|0 fnt\n|-enditem|p2a: Slowking|Leftovers|[from] move: Knock Off|[of] p1a: Hitmonchan\n|faint|p2a: Slowking\n|\n|-heal|p1a: Hitmonchan|229/229|[from] item: Leftovers\n|upkeep\n|\n|t:|1732978201\n|switch|p2a: Avalugg|Avalugg-Hisui, L90, M|317/317\n|turn|18\n|\n|t:|1732978207\n|move|p1a: Hitmonchan|Bulk Up|p1a: Hitmonchan\n|-boost|p1a: Hitmonchan|atk|1\n|-boost|p1a: Hitmonchan|def|1\n|move|p2a: Avalugg|Body Press|p1a: Hitmonchan\n|-supereffective|p1a: Hitmonchan\n|-damage|p1a: Hitmonchan|111/229\n|\n|-heal|p1a: Hitmonchan|125/229|[from] item: Leftovers\n|upkeep\n|turn|19\n|\n|t:|1732978210\n|move|p1a: Hitmonchan|Drain Punch|p2a: Avalugg\n|-supereffective|p2a: Avalugg\n|-crit|p2a: Avalugg\n|-ability|p2a: Avalugg|Sturdy\n|-damage|p2a: Avalugg|1/317\n|-heal|p1a: Hitmonchan|229/229|[from] drain|[of] p2a: Avalugg\n|move|p2a: Avalugg|Body Press|p1a: Hitmonchan\n|-supereffective|p1a: Hitmonchan\n|-damage|p1a: Hitmonchan|111/229\n|\n|-heal|p1a: Hitmonchan|125/229|[from] item: Leftovers\n|upkeep\n|turn|20\n|\n|t:|1732978219\n|move|p1a: Hitmonchan|Drain Punch|p2a: Avalugg\n|-supereffective|p2a: Avalugg\n|-damage|p2a: Avalugg|0 fnt\n|-heal|p1a: Hitmonchan|126/229|[from] drain|[of] p2a: Avalugg\n|faint|p2a: Avalugg\n|\n|-heal|p1a: Hitmonchan|140/229|[from] item: Leftovers\n|upkeep\n|\n|t:|1732978222\n|switch|p2a: Iron Treads|Iron Treads, L77|265/265\n|turn|21\n|\n|t:|1732978230\n|move|p2a: Iron Treads|Volt Switch|p1a: Hitmonchan\n|-damage|p1a: Hitmonchan|111/229\n|move|p1a: Hitmonchan|Drain Punch|p2a: Iron Treads\n|-supereffective|p2a: Iron Treads\n|-damage|p2a: Iron Treads|0 fnt\n|-heal|p1a: Hitmonchan|229/229|[from] drain|[of] p2a: Iron Treads\n|faint|p2a: Iron Treads\n|-end|p2a: Iron Treads|Quark Drive|[silent]\n|\n|win|alllzz\n|raw|alllzz's rating: 1610 &rarr; <strong>1631</strong><br />(+21 for winning)\n|raw|Ludibrobro's rating: 1630 &rarr; <strong>1609</strong><br />(-21 for losing)\n|l|\u2606Ludibrobro\n|player|p2|\n", "inputlog": ">version b107d77f5c90bd6555267ae244a6264823309ead\n>start {\"formatid\":\"gen9randombattle\",\"seed\":[64285,39957,53735,51894],\"rated\":\"Rated battle\"}\n>player p1 {\"name\":\"alllzz\",\"avatar\":\"266\",\"rating\":1610,\"seed\":[46187,62826,59396,30865]}\n>player p2 {\"name\":\"Ludibrobro\",\"avatar\":\"266\",\"rating\":1630,\"seed\":[10312,25703,24656,2580]}\n>p1 move toxic\n>p2 switch 5\n>p1 switch 2\n>p2 move voltswitch\n>p2 switch 5\n>p1 move bodyslam\n>p2 move dragondance\n>p1 move bodyslam\n>p2 move liquidation\n>p1 move bodyslam\n>p2 move liquidation\n>p2 switch 5\n>p1 move rest\n>p2 move earthquake\n>p1 move sleeptalk\n>p2 switch 3\n>p1 switch 2\n>p2 move calmmind\n>p1 move toxic\n>p2 move calmmind terastallize\n>p1 move flipturn\n>p2 move matchagotcha\n>p1 switch 3\n>p1 move encore\n>p2 move strengthsap\n>p2 switch 2\n>p1 switch 2\n>p2 move psyshock\n>p1 move sleeptalk\n>p2 move calmmind\n>p1 move bodyslam\n>p2 move moonblast\n>p2 switch 3\n>p1 move earthquake\n>p2 move rapidspin\n>p1 switch 4\n>p1 move bulkup\n>p2 move voltswitch\n>p2 switch 6\n>p1 move knockoff terastallize\n>p2 move psychicnoise\n>p2 switch 4\n>p1 move bulkup\n>p2 move bodypress\n>p1 move drainpunch\n>p2 move bodypress\n>p1 move drainpunch\n>p2 move bodypress\n>p2 switch 6\n>p1 move drainpunch\n>p2 move voltswitch", "uploadtime": 1732978244, "views": 5, "formatid": "gen9randombattle", "rating": 1609, "private": 0, "password": null}