{"id": "gen9randombattle-2253848697", "format": "[Gen 9] Random Battle", "players": ["bpyyds", "cancerbero28"], "log": "|j|\u2606bpyyds\n|j|\u2606cancerbero28\n|t:|1732948376\n|gametype|singles\n|player|p1|bpyyds|backersf|1444\n|player|p2|cancerbero28|170|1447\n|teamsize|p1|6\n|teamsize|p2|6\n|gen|9\n|tier|[Gen 9] Random Battle\n|rated|\n|rule|Species Clause: Limit one of each Pok\u00e9mon\n|rule|HP Percentage Mod: HP is shown in percentages\n|rule|Sleep Clause Mod: Limit one foe put to sleep\n|rule|Illusion Level Mod: Illusion disguises the Pok\u00e9mon's true level\n|\n|t:|1732948376\n|start\n|switch|p1a: Spiritomb|Spiritomb, L89, F|234/234\n|switch|p2a: Ludicolo|Ludicolo, L90, M|290/290\n|turn|1\n|inactive|Battle timer is ON: inactive players will automatically lose when time's up. (requested by bpyyds)\n|\n|t:|1732948383\n|move|p2a: Ludicolo|Leaf Storm|p1a: Spiritomb\n|-damage|p1a: Spiritomb|66/234\n|-unboost|p2a: Ludicolo|spa|2\n|move|p1a: Spiritomb|Poltergeist|p2a: Ludicolo\n|-activate|p2a: Ludicolo|move: Poltergeist|Choice Specs\n|-damage|p2a: Ludicolo|145/290\n|\n|-heal|p1a: Spiritomb|80/234|[from] item: Leftovers\n|upkeep\n|turn|2\n|\n|t:|1732948397\n|switch|p2a: Dodrio|Dodrio, L86, M|243/243\n|move|p1a: Spiritomb|Poltergeist|p2a: Dodrio\n|-immune|p2a: Dodrio\n|\n|-heal|p1a: Spiritomb|94/234|[from] item: Leftovers\n|upkeep\n|turn|3\n|\n|t:|1732948404\n|move|p2a: Dodrio|Brave Bird|p1a: Spiritomb\n|-damage|p1a: Spiritomb|0 fnt\n|faint|p1a: Spiritomb\n|-damage|p2a: Dodrio|212/243|[from] Recoil\n|\n|upkeep\n|\n|t:|1732948410\n|switch|p1a: Muk|Muk, L86, M|321/321\n|turn|4\n|\n|t:|1732948415\n|move|p2a: Dodrio|Knock Off|p1a: Muk\n|-damage|p1a: Muk|228/321\n|-enditem|p1a: Muk|Leftovers|[from] move: Knock Off|[of] p2a: Dodrio\n|move|p1a: Muk|Toxic Spikes|p2a: Dodrio\n|-sidestart|p2: cancerbero28|move: Toxic Spikes\n|\n|upkeep\n|turn|5\n|\n|t:|1732948433\n|move|p2a: Dodrio|Swords Dance|p2a: Dodrio\n|-boost|p2a: Dodrio|atk|2\n|move|p1a: Muk|Toxic Spikes|p2a: Dodrio\n|-sidestart|p2: cancerbero28|move: Toxic Spikes\n|\n|upkeep\n|turn|6\n|\n|t:|1732948437\n|move|p2a: Dodrio|Drill Run|p1a: Muk\n|-supereffective|p1a: Muk\n|-damage|p1a: Muk|0 fnt\n|faint|p1a: Muk\n|\n|upkeep\n|\n|t:|1732948444\n|switch|p1a: Grafaiai|Grafaiai, L86, M|249/249\n|turn|7\n|inactive|cancerbero28 has 120 seconds left.\n|\n|t:|1732948487\n|move|p2a: Dodrio|Knock Off|p1a: Grafaiai\n|-damage|p1a: Grafaiai|60/249\n|-enditem|p1a: Grafaiai|Heavy-Duty Boots|[from] move: Knock Off|[of] p2a: Dodrio\n|move|p1a: Grafaiai|Gunk Shot|p2a: Dodrio\n|-damage|p2a: Dodrio|52/243\n|\n|upkeep\n|turn|8\n|\n|t:|1732948494\n|move|p2a: Dodrio|Knock Off|p1a: Grafaiai\n|-damage|p1a: Grafaiai|0 fnt\n|faint|p1a: Grafaiai\n|\n|upkeep\n|\n|t:|1732948505\n|switch|p1a: Lumineon|Lumineon, L93, M|279/279\n|turn|9\n|\n|t:|1732948508\n|move|p2a: Dodrio|Brave Bird|p1a: Lumineon\n|-damage|p1a: Lumineon|0 fnt\n|faint|p1a: Lumineon\n|-damage|p2a: Dodrio|0 fnt|[from] Recoil\n|faint|p2a: Dodrio\n|\n|upkeep\n|\n|t:|1732948516\n|switch|p2a: Noivern|Noivern, L82, M|274/274\n|switch|p1a: Necrozma|Necrozma, L80|286/286\n|turn|10\n|\n|t:|1732948523\n|move|p2a: Noivern|Draco Meteor|p1a: Necrozma\n|-damage|p1a: Necrozma|153/286\n|-unboost|p2a: Noivern|spa|2\n|move|p1a: Necrozma|Calm Mind|p1a: Necrozma\n|-boost|p1a: Necrozma|spa|1\n|-boost|p1a: Necrozma|spd|1\n|\n|-heal|p1a: Necrozma|170/286|[from] item: Leftovers\n|upkeep\n|turn|11\n|\n|t:|1732948530\n|switch|p2a: Lurantis|Lurantis, L87, F|264/264\n|-status|p2a: Lurantis|tox\n|move|p1a: Necrozma|Calm Mind|p1a: Necrozma\n|-boost|p1a: Necrozma|spa|1\n|-boost|p1a: Necrozma|spd|1\n|\n|-heal|p1a: Necrozma|187/286|[from] item: Leftovers\n|-damage|p2a: Lurantis|248/264 tox|[from] psn\n|upkeep\n|turn|12\n|\n|t:|1732948534\n|move|p1a: Necrozma|Photon Geyser|p2a: Lurantis\n|-damage|p2a: Lurantis|2/264 tox\n|move|p2a: Lurantis|Knock Off|p1a: Necrozma\n|-supereffective|p1a: Necrozma\n|-damage|p1a: Necrozma|81/286\n|-enditem|p1a: Necrozma|Leftovers|[from] move: Knock Off|[of] p2a: Lurantis\n|\n|-heal|p2a: Lurantis|18/264 tox|[from] item: Leftovers\n|-damage|p2a: Lurantis|0 fnt|[from] psn\n|faint|p2a: Lurantis\n|upkeep\n|\n|t:|1732948546\n|switch|p2a: Mismagius|Mismagius, L86, M|243/243\n|turn|13\n|\n|t:|1732948554\n|-terastallize|p1a: Necrozma|Ground\n|move|p2a: Mismagius|Shadow Ball|p1a: Necrozma\n|-damage|p1a: Necrozma|2/286\n|-unboost|p1a: Necrozma|spd|1\n|move|p1a: Necrozma|Moonlight|p1a: Necrozma\n|-heal|p1a: Necrozma|145/286\n|\n|upkeep\n|turn|14\n|\n|t:|1732948562\n|move|p2a: Mismagius|Shadow Ball|p1a: Necrozma\n|-damage|p1a: Necrozma|43/286\n|move|p1a: Necrozma|Moonlight|p1a: Necrozma\n|-heal|p1a: Necrozma|186/286\n|\n|upkeep\n|turn|15\n|\n|t:|1732948567\n|move|p2a: Mismagius|Shadow Ball|p1a: Necrozma\n|-damage|p1a: Necrozma|95/286\n|move|p1a: Necrozma|Moonlight|p1a: Necrozma\n|-heal|p1a: Necrozma|238/286\n|\n|upkeep\n|turn|16\n|\n|t:|1732948572\n|move|p2a: Mismagius|Shadow Ball|p1a: Necrozma\n|-damage|p1a: Necrozma|139/286\n|move|p1a: Necrozma|Calm Mind|p1a: Necrozma\n|-boost|p1a: Necrozma|spa|1\n|-boost|p1a: Necrozma|spd|1\n|\n|upkeep\n|turn|17\n|\n|t:|1732948579\n|switch|p2a: Noivern|Noivern, L82, M|274/274\n|move|p1a: Necrozma|Moonlight|p1a: Necrozma\n|-heal|p1a: Necrozma|282/286\n|\n|upkeep\n|turn|18\n|\n|t:|1732948586\n|move|p2a: Noivern|Hurricane|p1a: Necrozma\n|-damage|p1a: Necrozma|221/286\n|move|p1a: Necrozma|Calm Mind|p1a: Necrozma\n|-boost|p1a: Necrozma|spa|1\n|-boost|p1a: Necrozma|spd|1\n|\n|upkeep\n|turn|19\n|\n|t:|1732948590\n|switch|p2a: Mismagius|Mismagius, L86, M|243/243\n|move|p1a: Necrozma|Calm Mind|p1a: Necrozma\n|-boost|p1a: Necrozma|spa|1\n|-boost|p1a: Necrozma|spd|1\n|\n|upkeep\n|turn|20\n|\n|t:|1732948595\n|move|p2a: Mismagius|Trick|p1a: Necrozma\n|-activate|p2a: Mismagius|move: Trick|[of] p1a: Necrozma\n|-item|p1a: Necrozma|Choice Specs|[from] move: Trick\n|-enditem|p2a: Mismagius|Choice Specs|[silent]|[from] move: Trick\n|move|p1a: Necrozma|Calm Mind|p1a: Necrozma\n|-boost|p1a: Necrozma|spa|1\n|-boost|p1a: Necrozma|spd|1\n|\n|upkeep\n|turn|21\n|-message|bpyyds forfeited.\n|\n|win|cancerbero28\n|raw|bpyyds's rating: 1465 &rarr; <strong>1444</strong><br />(-21 for losing)\n|raw|cancerbero28's rating: 1447 &rarr; <strong>1468</strong><br />(+21 for winning)\n|l|\u2606bpyyds\n|player|p1|\n", "inputlog": ">version b107d77f5c90bd6555267ae244a6264823309ead\n>start {\"formatid\":\"gen9randombattle\",\"seed\":[50135,54160,37079,54497],\"rated\":\"Rated battle\"}\n>player p1 {\"name\":\"bpyyds\",\"avatar\":\"backersf\",\"rating\":1444,\"seed\":[28914,64982,29686,64581]}\n>player p2 {\"name\":\"cancerbero28\",\"avatar\":\"170\",\"rating\":1447,\"seed\":[45297,8280,549,23478]}\n>p1 move poltergeist\n>p2 move leafstorm\n>p1 move poltergeist\n>p2 switch 2\n>p1 move willowisp\n>p2 move bravebird\n>p1 switch 6\n>p1 move toxicspikes\n>p2 move knockoff\n>p1 move toxicspikes\n>p2 move swordsdance\n>p1 move gunkshot\n>p2 move drillrun\n>p1 switch 3\n>p1 move gunkshot\n>p2 move knockoff\n>p1 move knockoff\n>p2 move knockoff\n>p1 switch 2\n>p1 move icebeam\n>p2 move bravebird\n>p1 switch 4\n>p2 switch 5\n>p1 move calmmind\n>p2 move dracometeor\n>p1 move calmmind\n>p2 switch 4\n>p1 move photongeyser\n>p2 move knockoff\n>p2 switch 6\n>p1 move moonlight terastallize\n>p2 move shadowball\n>p1 move moonlight\n>p2 move shadowball\n>p1 move moonlight\n>p2 move shadowball\n>p1 move calmmind\n>p2 move shadowball\n>p1 move moonlight\n>p2 switch 4\n>p1 move calmmind\n>p2 move hurricane\n>p1 move calmmind\n>p2 switch 4\n>p1 move calmmind\n>p2 move trick\n>forcelose p1", "uploadtime": 1732948605, "views": 1, "formatid": "gen9randombattle", "rating": 1444, "private": 0, "password": null}