{"id": "gen9randombattle-2253859343", "format": "[Gen 9] Random Battle", "players": ["gay catgirl commie", "Az1anSensation2"], "log": "|j|\u2606gay catgirl commie\n|j|\u2606Az1anSensation2\n|t:|1732950537\n|gametype|singles\n|player|p1|gay catgirl commie|parasollady-gen4|2143\n|player|p2|Az1anSensation2|102|2056\n|teamsize|p1|6\n|teamsize|p2|6\n|gen|9\n|tier|[Gen 9] Random Battle\n|rated|\n|rule|Species Clause: Limit one of each Pok\u00e9mon\n|rule|HP Percentage Mod: HP is shown in percentages\n|rule|Sleep Clause Mod: Limit one foe put to sleep\n|rule|Illusion Level Mod: Illusion disguises the Pok\u00e9mon's true level\n|\n|t:|1732950537\n|start\n|switch|p1a: Iron Valiant|Iron Valiant, L78|244/244\n|switch|p2a: Greninja|Greninja, L80, M|246/246\n|turn|1\n|inactive|Battle timer is ON: inactive players will automatically lose when time's up. (requested by Az1anSensation2)\n|inactive|gay catgirl commie has 120 seconds left.\n|inactive|Az1anSensation2 has 120 seconds left.\n|inactive|Az1anSensation2 has 90 seconds left.\n|\n|t:|1732950605\n|-end|p1a: Iron Valiant|Quark Drive|[silent]\n|switch|p1a: Volbeat|Volbeat, L90, M|263/263\n|-terastallize|p2a: Greninja|Poison\n|move|p2a: Greninja|Gunk Shot|p1a: Volbeat\n|-damage|p1a: Volbeat|99/263\n|-damage|p2a: Greninja|222/246|[from] item: Life Orb\n|\n|upkeep\n|turn|2\n|inactive|gay catgirl commie has 120 seconds left.\n|\n|t:|1732950652\n|switch|p2a: Spiritomb|Spiritomb, L89, F|234/234\n|move|p1a: Volbeat|Roost|p1a: Volbeat\n|-heal|p1a: Volbeat|231/263\n|-singleturn|p1a: Volbeat|move: Roost\n|\n|upkeep\n|turn|3\n|\n|t:|1732950663\n|move|p1a: Volbeat|U-turn|p2a: Spiritomb\n|-damage|p2a: Spiritomb|180/234\n|\n|t:|1732950679\n|switch|p1a: Garganacl|Garganacl, L80, M|291/291|[from] U-turn\n|move|p2a: Spiritomb|Toxic|p1a: Garganacl|[miss]\n|-miss|p2a: Spiritomb|p1a: Garganacl\n|\n|-heal|p2a: Spiritomb|194/234|[from] item: Leftovers\n|upkeep\n|turn|4\n|\n|t:|1732950705\n|switch|p2a: Greninja|Greninja, L80, M, tera:Poison|222/246\n|move|p1a: Garganacl|Salt Cure|p2a: Greninja\n|-damage|p2a: Greninja|165/246\n|-start|p2a: Greninja|Salt Cure\n|\n|-damage|p2a: Greninja|135/246|[from] Salt Cure\n|upkeep\n|turn|5\n|inactive|gay catgirl commie has 120 seconds left.\n|\n|t:|1732950734\n|switch|p1a: Volbeat|Volbeat, L90, M|231/263\n|move|p2a: Greninja|Hydro Pump|p1a: Volbeat|[miss]\n|-miss|p2a: Greninja|p1a: Volbeat\n|\n|-damage|p2a: Greninja|105/246|[from] Salt Cure\n|upkeep\n|turn|6\n|\n|t:|1732950749\n|switch|p2a: Spiritomb|Spiritomb, L89, F|194/234\n|move|p1a: Volbeat|U-turn|p2a: Spiritomb\n|-damage|p2a: Spiritomb|133/234\n|\n|t:|1732950754\n|switch|p1a: Garganacl|Garganacl, L80, M|291/291|[from] U-turn\n|\n|-heal|p2a: Spiritomb|147/234|[from] item: Leftovers\n|upkeep\n|turn|7\n|inactive|Az1anSensation2 has 120 seconds left.\n|\n|t:|1732950798\n|switch|p2a: Ursaring|Ursaring, L84, M|288/288\n|move|p1a: Garganacl|Salt Cure|p2a: Ursaring\n|-damage|p2a: Ursaring|243/288\n|-start|p2a: Ursaring|Salt Cure\n|\n|-damage|p2a: Ursaring|207/288|[from] Salt Cure\n|-status|p2a: Ursaring|tox|[from] item: Toxic Orb\n|upkeep\n|turn|8\n|inactive|gay catgirl commie has 120 seconds left.\n|\n|t:|1732950815\n|switch|p1a: Volbeat|Volbeat, L90, M|231/263\n|move|p2a: Ursaring|Facade|p1a: Volbeat\n|-damage|p1a: Volbeat|38/263\n|\n|-damage|p2a: Ursaring|189/288 tox|[from] psn\n|-damage|p2a: Ursaring|153/288 tox|[from] Salt Cure\n|upkeep\n|turn|9\n|inactive|gay catgirl commie has 120 seconds left.\n|\n|t:|1732950839\n|move|p1a: Volbeat|Encore|p2a: Ursaring\n|-start|p2a: Ursaring|Encore\n|move|p2a: Ursaring|Facade|p1a: Volbeat\n|-damage|p1a: Volbeat|0 fnt\n|faint|p1a: Volbeat\n|\n|-damage|p2a: Ursaring|117/288 tox|[from] psn\n|-damage|p2a: Ursaring|81/288 tox|[from] Salt Cure\n|upkeep\n|inactive|gay catgirl commie has 120 seconds left.\n|\n|t:|1732950856\n|switch|p1a: Meowstic|Meowstic, L89, M|277/277\n|turn|10\n|inactive|Az1anSensation2 has 90 seconds left.\n|\n|t:|1732950883\n|switch|p2a: Spiritomb|Spiritomb, L89, F|147/234\n|move|p1a: Meowstic|Alluring Voice|p2a: Spiritomb\n|-supereffective|p2a: Spiritomb\n|-damage|p2a: Spiritomb|61/234\n|\n|-heal|p2a: Spiritomb|75/234|[from] item: Leftovers\n|upkeep\n|turn|11\n|inactive|Az1anSensation2 has 90 seconds left.\n|\n|t:|1732950889\n|move|p2a: Spiritomb|Sucker Punch|p1a: Meowstic\n|-supereffective|p1a: Meowstic\n|-damage|p1a: Meowstic|119/277\n|move|p1a: Meowstic|Alluring Voice|p2a: Spiritomb\n|-supereffective|p2a: Spiritomb\n|-damage|p2a: Spiritomb|0 fnt\n|faint|p2a: Spiritomb\n|\n|-heal|p1a: Meowstic|136/277|[from] item: Leftovers\n|upkeep\n|inactive|Az1anSensation2 has 90 seconds left.\n|\n|t:|1732950907\n|switch|p2a: Greninja|Greninja, L80, M, tera:Poison|105/246\n|turn|12\n|\n|t:|1732950920\n|move|p1a: Meowstic|Thunder Wave|p2a: Greninja\n|-status|p2a: Greninja|par\n|move|p2a: Greninja|Hydro Pump|p1a: Meowstic\n|-damage|p1a: Meowstic|0 fnt\n|faint|p1a: Meowstic\n|-ability|p2a: Greninja|Battle Bond|boost\n|-boost|p2a: Greninja|atk|1\n|-boost|p2a: Greninja|spa|1\n|-boost|p2a: Greninja|spe|1\n|-activate|p2a: Greninja|ability: Battle Bond\n|-damage|p2a: Greninja|81/246 par|[from] item: Life Orb\n|\n|upkeep\n|\n|t:|1732950927\n|switch|p1a: Iron Valiant|Iron Valiant, L78|244/244\n|turn|13\n|inactive|Az1anSensation2 has 90 seconds left.\n|\n|t:|1732950954\n|move|p1a: Iron Valiant|Psychic|p2a: Greninja\n|-supereffective|p2a: Greninja\n|-damage|p2a: Greninja|0 fnt\n|faint|p2a: Greninja\n|-damage|p1a: Iron Valiant|220/244|[from] item: Life Orb\n|\n|upkeep\n|inactive|Az1anSensation2 has 60 seconds left.\n|\n|t:|1732950996\n|switch|p2a: Necrozma|Necrozma-Dusk-Mane, L69|248/248\n|turn|14\n|inactive|gay catgirl commie has 120 seconds left.\n|inactive|gay catgirl commie has 90 seconds left.\n|\n|t:|1732951083\n|move|p1a: Iron Valiant|Close Combat|p2a: Necrozma\n|-damage|p2a: Necrozma|92/248\n|-unboost|p1a: Iron Valiant|def|1\n|-unboost|p1a: Iron Valiant|spd|1\n|-damage|p1a: Iron Valiant|196/244|[from] item: Life Orb\n|move|p2a: Necrozma|Sunsteel Strike|p1a: Iron Valiant\n|-supereffective|p1a: Iron Valiant\n|-damage|p1a: Iron Valiant|0 fnt\n|faint|p1a: Iron Valiant\n|-end|p1a: Iron Valiant|Quark Drive|[silent]\n|\n|upkeep\n|inactive|gay catgirl commie has 60 seconds left.\n|\n|t:|1732951100\n|switch|p1a: Revavroom|Revavroom, L79, M|256/256\n|turn|15\n|inactive|Az1anSensation2 has 60 seconds left.\n|\n|t:|1732951128\n|move|p1a: Revavroom|High Horsepower|p2a: Necrozma|[miss]\n|-miss|p1a: Revavroom|p2a: Necrozma\n|move|p2a: Necrozma|Earthquake|p1a: Revavroom\n|-supereffective|p1a: Revavroom\n|-damage|p1a: Revavroom|40/256\n|\n|upkeep\n|turn|16\n|inactive|gay catgirl commie has 60 seconds left.\n|\n|t:|1732951154\n|move|p1a: Revavroom|High Horsepower|p2a: Necrozma\n|-supereffective|p2a: Necrozma\n|-damage|p2a: Necrozma|0 fnt\n|faint|p2a: Necrozma\n|-damage|p1a: Revavroom|15/256|[from] item: Life Orb\n|\n|upkeep\n|inactive|Az1anSensation2 has 30 seconds left.\n|inactive|Az1anSensation2 has 20 seconds left.\n|inactive|Az1anSensation2 has 15 seconds left.\n|\n|t:|1732951184\n|switch|p2a: Vivillon|Vivillon-Jungle, L84, F|272/272\n|turn|17\n|inactive|Az1anSensation2 has 25 seconds left this turn.\n|inactive|gay catgirl commie has 60 seconds left.\n|inactive|Az1anSensation2 has 20 seconds left.\n|\n|t:|1732951193\n|move|p2a: Vivillon|Tera Blast|p1a: Revavroom\n|-resisted|p1a: Revavroom\n|-damage|p1a: Revavroom|0 fnt\n|faint|p1a: Revavroom\n|\n|upkeep\n|inactive|Az1anSensation2 has 25 seconds left this turn.\n|\n|t:|1732951197\n|switch|p1a: Garganacl|Garganacl, L80, M|291/291\n|turn|18\n|inactive|Az1anSensation2 has 30 seconds left.\n|\n|t:|1732951211\n|switch|p2a: Ursaring|Ursaring, L84, M|81/288 tox\n|move|p1a: Garganacl|Salt Cure|p2a: Ursaring\n|-damage|p2a: Ursaring|38/288 tox\n|-start|p2a: Ursaring|Salt Cure\n|\n|-damage|p2a: Ursaring|20/288 tox|[from] psn\n|-damage|p2a: Ursaring|0 fnt|[from] Salt Cure\n|faint|p2a: Ursaring\n|upkeep\n|inactive|Az1anSensation2 has 30 seconds left this turn.\n|\n|t:|1732951216\n|switch|p2a: Iron Valiant|Iron Valiant, L78|244/244\n|turn|19\n|inactive|Az1anSensation2 has 30 seconds left.\n|inactive|Az1anSensation2 has 20 seconds left.\n|inactive|gay catgirl commie has 60 seconds left.\n|\n|t:|1732951261\n|switch|p1a: Gardevoir|Gardevoir, L83, F|249/249\n|move|p2a: Iron Valiant|Close Combat|p1a: Gardevoir\n|-resisted|p1a: Gardevoir\n|-damage|p1a: Gardevoir|191/249\n|-unboost|p2a: Iron Valiant|def|1\n|-unboost|p2a: Iron Valiant|spd|1\n|-damage|p2a: Iron Valiant|220/244|[from] item: Life Orb\n|\n|upkeep\n|turn|20\n|inactive|Az1anSensation2 has 30 seconds left this turn.\n|inactive|Az1anSensation2 has 20 seconds left.\n|inactive|Az1anSensation2 has 15 seconds left.\n|\n|t:|1732951278\n|-end|p2a: Iron Valiant|Quark Drive|[silent]\n|switch|p2a: Vivillon|Vivillon-Jungle, L84, F|272/272\n|-ability|p1a: Gardevoir|Compound Eyes|[from] ability: Trace|[of] p2a: Vivillon\n|move|p1a: Gardevoir|Moonblast|p2a: Vivillon\n|-damage|p2a: Vivillon|107/272\n|\n|upkeep\n|turn|21\n|inactive|Az1anSensation2 has 25 seconds left this turn.\n|inactive|Az1anSensation2 has 20 seconds left.\n|\n|t:|1732951285\n|move|p1a: Gardevoir|Moonblast|p2a: Vivillon\n|-damage|p2a: Vivillon|0 fnt\n|faint|p2a: Vivillon\n|\n|upkeep\n|inactive|Az1anSensation2 has 25 seconds left this turn.\n|\n|t:|1732951287\n|switch|p2a: Iron Valiant|Iron Valiant, L78|220/244\n|turn|22\n|inactive|Az1anSensation2 has 30 seconds left.\n|inactive|gay catgirl commie has 60 seconds left.\n|\n|t:|1732951303\n|-terastallize|p1a: Gardevoir|Fairy\n|move|p1a: Gardevoir|Moonblast|p2a: Iron Valiant\n|-supereffective|p2a: Iron Valiant\n|-damage|p2a: Iron Valiant|0 fnt\n|faint|p2a: Iron Valiant\n|-end|p2a: Iron Valiant|Quark Drive|[silent]\n|\n|win|gay catgirl commie\n|inactive|Az1anSensation2 has 30 seconds left this turn.\n|raw|gay catgirl commie's rating: 2143 &rarr; <strong>2158</strong><br />(+15 for winning)\n|raw|Az1anSensation2's rating: 2056 &rarr; <strong>2041</strong><br />(-15 for losing)\n|l|\u2606gay catgirl commie\n|player|p1|\n", "inputlog": ">version b107d77f5c90bd6555267ae244a6264823309ead\n>start {\"formatid\":\"gen9randombattle\",\"seed\":[61234,22090,40041,63794],\"rated\":\"Rated battle\"}\n>player p1 {\"name\":\"gay catgirl commie\",\"avatar\":\"parasollady-gen4\",\"rating\":2143,\"seed\":[18947,43098,14990,35303]}\n>player p2 {\"name\":\"Az1anSensation2\",\"avatar\":\"102\",\"rating\":2056,\"seed\":[45515,23535,27533,56898]}\n>p1 switch 5\n>p2 move gunkshot terastallize\n>p1 move roost\n>p2 switch 2\n>p1 move uturn\n>p2 move toxic\n>p1 switch 2\n>p1 move saltcure\n>p2 switch 2\n>p1 switch 2\n>p2 move hydropump\n>p1 move uturn\n>p2 switch 2\n>p1 switch 2\n>p1 move saltcure\n>p2 switch 4\n>p1 switch 2\n>p2 move facade\n>p1 move encore\n>p2 move closecombat\n>p1 switch 6\n>p1 move alluringvoice\n>p2 switch 4\n>p1 move alluringvoice\n>p2 move suckerpunch\n>p2 switch 2\n>p1 move thunderwave\n>p2 move hydropump\n>p1 switch 5\n>p1 move psychic\n>p2 move hydropump\n>p2 switch 3\n>p1 move closecombat\n>p2 move sunsteelstrike\n>p1 switch 4\n>p1 move highhorsepower\n>p2 move earthquake\n>p1 move highhorsepower\n>p2 move earthquake\n>p2 switch 6\n>p1 move gunkshot\n>p2 move terablast\n>p1 switch 2\n>p1 move saltcure\n>p2 switch 4\n>p2 switch 5\n>p1 switch 3\n>p2 move closecombat\n>p1 move moonblast\n>p2 switch 4\n>p1 move moonblast\n>p2 move hurricane\n>p2 switch 4\n>p1 move moonblast terastallize\n>p2 move moonblast", "uploadtime": 1732951322, "views": 5, "formatid": "gen9randombattle", "rating": 2041, "private": 0, "password": null}