{"id": "gen9randombattle-2254109171", "format": "[Gen 9] Random Battle", "players": ["krouger", "bloodhooff1"], "log": "|j|\u2606krouger\n|j|\u2606bloodhooff1\n|t:|1732992343\n|gametype|singles\n|player|p1|krouger|170|1445\n|player|p2|bloodhooff1|volo|1398\n|teamsize|p1|6\n|teamsize|p2|6\n|gen|9\n|tier|[Gen 9] Random Battle\n|rated|\n|rule|Species Clause: Limit one of each Pok\u00e9mon\n|rule|HP Percentage Mod: HP is shown in percentages\n|rule|Sleep Clause Mod: Limit one foe put to sleep\n|rule|Illusion Level Mod: Illusion disguises the Pok\u00e9mon's true level\n|\n|t:|1732992343\n|start\n|switch|p1a: Squawkabilly|Squawkabilly-Yellow, L89, M|291/291\n|switch|p2a: Kyurem|Kyurem-Black, L71|295/295\n|-ability|p2a: Kyurem|Teravolt\n|turn|1\n|inactive|Battle timer is ON: inactive players will automatically lose when time's up. (requested by bloodhooff1)\n|\n|t:|1732992359\n|move|p1a: Squawkabilly|Brave Bird|p2a: Kyurem|[miss]\n|-miss|p1a: Squawkabilly|p2a: Kyurem\n|move|p2a: Kyurem|Dragon Dance|p2a: Kyurem\n|-boost|p2a: Kyurem|atk|1\n|-boost|p2a: Kyurem|spe|1\n|\n|upkeep\n|turn|2\n|c|\u2606krouger|HUSTLE SUCKS DICK\n|\n|t:|1732992374\n|move|p2a: Kyurem|Scale Shot|p1a: Squawkabilly\n|-damage|p1a: Squawkabilly|230/291\n|-damage|p1a: Squawkabilly|163/291\n|-damage|p1a: Squawkabilly|103/291\n|-damage|p1a: Squawkabilly|39/291\n|-hitcount|p1a: Squawkabilly|4\n|-unboost|p2a: Kyurem|def|1\n|-boost|p2a: Kyurem|spe|1\n|move|p1a: Squawkabilly|Brave Bird|p2a: Kyurem|[miss]\n|-miss|p1a: Squawkabilly|p2a: Kyurem\n|\n|upkeep\n|turn|3\n|c|\u2606krouger|LOOK AT THIS BULLSHIT\n|c|\u2606krouger|DOUBLE MISS\n|c|\u2606bloodhooff1|i feel for ya\n|c|\u2606krouger|80%\n|c|\u2606krouger|hustle misses more than regular 80% moves\n|inactive|krouger has 120 seconds left.\n|\n|t:|1732992404\n|move|p2a: Kyurem|Icicle Spear|p1a: Squawkabilly\n|-supereffective|p1a: Squawkabilly\n|-damage|p1a: Squawkabilly|0 fnt\n|faint|p1a: Squawkabilly\n|-hitcount|p1: Squawkabilly|1\n|\n|upkeep\n|inactive|krouger has 120 seconds left.\n|\n|t:|1732992410\n|switch|p1a: Cinderace|Cinderace, L77, M|249/249\n|turn|4\n|\n|t:|1732992417\n|move|p2a: Kyurem|Fusion Bolt|p1a: Cinderace\n|-damage|p1a: Cinderace|98/249\n|move|p1a: Cinderace|High Jump Kick|p2a: Kyurem\n|-start|p1a: Cinderace|typechange|Fighting|[from] ability: Libero\n|-supereffective|p2a: Kyurem\n|-damage|p2a: Kyurem|0 fnt\n|faint|p2a: Kyurem\n|\n|upkeep\n|\n|t:|1732992438\n|switch|p2a: Regigigas|Regigigas, L84|322/322\n|-start|p2a: Regigigas|ability: Slow Start\n|turn|5\n|\n|t:|1732992460\n|switch|p1a: Iron Treads|Iron Treads, L77|265/265\n|move|p2a: Regigigas|Substitute|p2a: Regigigas\n|-start|p2a: Regigigas|Substitute\n|-damage|p2a: Regigigas|242/322\n|\n|-heal|p2a: Regigigas|262/322|[from] item: Leftovers\n|upkeep\n|turn|6\n|\n|t:|1732992472\n|move|p2a: Regigigas|Protect|p2a: Regigigas\n|-singleturn|p2a: Regigigas|Protect\n|move|p1a: Iron Treads|Earthquake|p2a: Regigigas\n|-activate|p2a: Regigigas|move: Protect\n|\n|-heal|p2a: Regigigas|282/322|[from] item: Leftovers\n|upkeep\n|turn|7\n|\n|t:|1732992480\n|move|p1a: Iron Treads|Earthquake|p2a: Regigigas\n|-end|p2a: Regigigas|Substitute\n|move|p2a: Regigigas|Knock Off|p1a: Iron Treads\n|-damage|p1a: Iron Treads|223/265\n|-enditem|p1a: Iron Treads|Assault Vest|[from] move: Knock Off|[of] p2a: Regigigas\n|\n|-heal|p2a: Regigigas|302/322|[from] item: Leftovers\n|upkeep\n|turn|8\n|\n|t:|1732992495\n|move|p1a: Iron Treads|Rapid Spin|p2a: Regigigas\n|-damage|p2a: Regigigas|274/322\n|-boost|p1a: Iron Treads|spe|1\n|move|p2a: Regigigas|Substitute|p2a: Regigigas\n|-start|p2a: Regigigas|Substitute\n|-damage|p2a: Regigigas|194/322\n|\n|-heal|p2a: Regigigas|214/322|[from] item: Leftovers\n|upkeep\n|turn|9\n|\n|t:|1732992520\n|move|p1a: Iron Treads|Earthquake|p2a: Regigigas\n|-end|p2a: Regigigas|Substitute\n|move|p2a: Regigigas|Body Slam|p1a: Iron Treads\n|-resisted|p1a: Iron Treads\n|-damage|p1a: Iron Treads|192/265\n|-status|p1a: Iron Treads|par\n|\n|-heal|p2a: Regigigas|234/322|[from] item: Leftovers\n|-end|p2a: Regigigas|Slow Start\n|upkeep\n|turn|10\n|\n|t:|1732992532\n|move|p2a: Regigigas|Body Slam|p1a: Iron Treads\n|-resisted|p1a: Iron Treads\n|-damage|p1a: Iron Treads|137/265 par\n|move|p1a: Iron Treads|Earthquake|p2a: Regigigas\n|-damage|p2a: Regigigas|150/322\n|\n|-heal|p2a: Regigigas|170/322|[from] item: Leftovers\n|upkeep\n|turn|11\n|\n|t:|1732992541\n|move|p2a: Regigigas|Body Slam|p1a: Iron Treads\n|-resisted|p1a: Iron Treads\n|-damage|p1a: Iron Treads|81/265 par\n|move|p1a: Iron Treads|Earthquake|p2a: Regigigas\n|-damage|p2a: Regigigas|94/322\n|\n|-heal|p2a: Regigigas|114/322|[from] item: Leftovers\n|upkeep\n|turn|12\n|\n|t:|1732992550\n|move|p2a: Regigigas|Body Slam|p1a: Iron Treads\n|-resisted|p1a: Iron Treads\n|-damage|p1a: Iron Treads|24/265 par\n|move|p1a: Iron Treads|Earthquake|p2a: Regigigas\n|-damage|p2a: Regigigas|35/322\n|\n|-heal|p2a: Regigigas|55/322|[from] item: Leftovers\n|upkeep\n|turn|13\n|\n|t:|1732992556\n|move|p2a: Regigigas|Body Slam|p1a: Iron Treads\n|-resisted|p1a: Iron Treads\n|-damage|p1a: Iron Treads|0 fnt\n|faint|p1a: Iron Treads\n|-end|p1a: Iron Treads|Quark Drive|[silent]\n|\n|-heal|p2a: Regigigas|75/322|[from] item: Leftovers\n|upkeep\n|inactive|krouger has 120 seconds left.\n|\n|t:|1732992598\n|switch|p1a: Meowscarada|Meowscarada, L78, M|247/247\n|turn|14\n|\n|t:|1732992606\n|move|p2a: Regigigas|Protect|p2a: Regigigas\n|-singleturn|p2a: Regigigas|Protect\n|move|p1a: Meowscarada|Knock Off|p2a: Regigigas\n|-start|p1a: Meowscarada|typechange|Dark|[from] ability: Protean\n|-activate|p2a: Regigigas|move: Protect\n|\n|-heal|p2a: Regigigas|95/322|[from] item: Leftovers\n|upkeep\n|turn|15\n|inactive|krouger has 120 seconds left.\n|\n|t:|1732992625\n|move|p1a: Meowscarada|Knock Off|p2a: Regigigas\n|-damage|p2a: Regigigas|0 fnt\n|-enditem|p2a: Regigigas|Leftovers|[from] move: Knock Off|[of] p1a: Meowscarada\n|faint|p2a: Regigigas\n|-end|p2a: Regigigas|Slow Start|[silent]\n|-damage|p1a: Meowscarada|223/247|[from] item: Life Orb\n|\n|upkeep\n|\n|t:|1732992632\n|switch|p2a: Vileplume|Vileplume, L86, M|269/269\n|turn|16\n|inactive|krouger has 120 seconds left.\n|\n|t:|1732992652\n|move|p1a: Meowscarada|Triple Axel|p2a: Vileplume|[miss]\n|-miss|p1a: Meowscarada|p2a: Vileplume\n|move|p2a: Vileplume|Sleep Powder|p1a: Meowscarada\n|-status|p1a: Meowscarada|slp|[from] move: Sleep Powder\n|\n|upkeep\n|turn|17\n|c|\u2606krouger|i cba\n|c|\u2606krouger|i msis everything\n|inactive|krouger has 120 seconds left.\n|c|\u2606krouger|this game is shit rng vs\n|\n|t:|1732992669\n|switch|p1a: Eternatus|Eternatus, L69|308/308\n|-ability|p1a: Eternatus|Pressure\n|move|p2a: Vileplume|Sludge Bomb|p1a: Eternatus\n|-resisted|p1a: Eternatus\n|-damage|p1a: Eternatus|240/308\n|\n|upkeep\n|turn|18\n|\n|t:|1732992676\n|switch|p2a: Hypno|Hypno, L95, F|315/315\n|move|p1a: Eternatus|Fire Blast|p2a: Hypno\n|-damage|p2a: Hypno|264/315\n|\n|-heal|p2a: Hypno|283/315|[from] item: Leftovers\n|upkeep\n|turn|19\n|c|\u2606krouger|gonna miss everything anyways\n|\n|t:|1732992688\n|switch|p1a: Meowscarada|Meowscarada, L78, M|223/247 slp\n|move|p2a: Hypno|Psychic Noise|p1a: Meowscarada\n|-immune|p1a: Meowscarada\n|\n|-heal|p2a: Hypno|302/315|[from] item: Leftovers\n|upkeep\n|turn|20\n|\n|t:|1732992699\n|cant|p1a: Meowscarada|slp\n|move|p2a: Hypno|Focus Blast|p1a: Meowscarada|[miss]\n|-miss|p2a: Hypno|p1a: Meowscarada\n|\n|-heal|p2a: Hypno|315/315|[from] item: Leftovers\n|upkeep\n|turn|21\n|\n|t:|1732992712\n|cant|p1a: Meowscarada|slp\n|move|p2a: Hypno|Focus Blast|p1a: Meowscarada|[miss]\n|-miss|p2a: Hypno|p1a: Meowscarada\n|\n|upkeep\n|turn|22\n|\n|t:|1732992715\n|cant|p1a: Meowscarada|slp\n|move|p2a: Hypno|Toxic||[still]\n|-fail|p2a: Hypno\n|\n|upkeep\n|turn|23\n|c|\u2606krouger|4 turns sleep\n|c|\u2606bloodhooff1|damn i even tried reading the wake up lol\n|\n|t:|1732992741\n|move|p2a: Hypno|Protect|p2a: Hypno\n|-singleturn|p2a: Hypno|Protect\n|-curestatus|p1a: Meowscarada|slp|[msg]\n|move|p1a: Meowscarada|Flower Trick|p2a: Hypno\n|-start|p1a: Meowscarada|typechange|Grass|[from] ability: Protean\n|-activate|p2a: Hypno|move: Protect\n|\n|upkeep\n|turn|24\n|\n|t:|1732992750\n|move|p1a: Meowscarada|Knock Off|p2a: Hypno\n|-supereffective|p2a: Hypno\n|-damage|p2a: Hypno|141/315\n|-enditem|p2a: Hypno|Leftovers|[from] move: Knock Off|[of] p1a: Meowscarada\n|-damage|p1a: Meowscarada|199/247|[from] item: Life Orb\n|move|p2a: Hypno|Psychic Noise|p1a: Meowscarada\n|-crit|p1a: Meowscarada\n|-damage|p1a: Meowscarada|37/247\n|-start|p1a: Meowscarada|move: Heal Block\n|\n|upkeep\n|turn|25\n|c|\u2606krouger|crit xd\n|\n|t:|1732992764\n|move|p1a: Meowscarada|Flower Trick|p2a: Hypno\n|-crit|p2a: Hypno\n|-damage|p2a: Hypno|5/315\n|-damage|p1a: Meowscarada|13/247|[from] item: Life Orb\n|move|p2a: Hypno|Psychic Noise|p1a: Meowscarada\n|-crit|p1a: Meowscarada\n|-damage|p1a: Meowscarada|0 fnt\n|faint|p1a: Meowscarada\n|\n|upkeep\n|\n|t:|1732992775\n|switch|p1a: Eternatus|Eternatus, L69|240/308\n|-ability|p1a: Eternatus|Pressure\n|turn|26\n|\n|t:|1732992786\n|move|p1a: Eternatus|Dynamax Cannon|p2a: Hypno\n|-damage|p2a: Hypno|0 fnt\n|faint|p2a: Hypno\n|\n|upkeep\n|\n|t:|1732992801\n|switch|p2a: Vileplume|Vileplume, L86, M|269/269\n|turn|27\n|\n|t:|1732992816\n|move|p1a: Eternatus|Fire Blast|p2a: Vileplume|[miss]\n|-miss|p1a: Eternatus|p2a: Vileplume\n|move|p2a: Vileplume|Sleep Powder|p1a: Eternatus\n|-status|p1a: Eternatus|slp|[from] move: Sleep Powder\n|\n|upkeep\n|turn|28\n|c|\u2606krouger|xedddddddddddd\n|\n|t:|1732992824\n|switch|p2a: Lurantis|Lurantis, L87, M|264/264\n|cant|p1a: Eternatus|slp\n|\n|upkeep\n|turn|29\n|c|\u2606krouger|watch me stay asleep for 10 turns\n|\n|t:|1732992848\n|-curestatus|p1a: Eternatus|slp|[msg]\n|move|p1a: Eternatus|Sludge Bomb|p2a: Lurantis\n|-supereffective|p2a: Lurantis\n|-damage|p2a: Lurantis|84/264\n|move|p2a: Lurantis|Superpower|p1a: Eternatus\n|-resisted|p1a: Eternatus\n|-damage|p1a: Eternatus|182/308\n|-boost|p2a: Lurantis|atk|1\n|-boost|p2a: Lurantis|def|1\n|\n|-heal|p2a: Lurantis|100/264|[from] item: Leftovers\n|upkeep\n|turn|30\n|c|\u2606krouger|amazing rng\n|c|\u2606krouger|wow\n|inactive|krouger has 120 seconds left.\n|\n|t:|1732992870\n|move|p1a: Eternatus|Sludge Bomb|p2a: Lurantis\n|-supereffective|p2a: Lurantis\n|-damage|p2a: Lurantis|0 fnt\n|faint|p2a: Lurantis\n|\n|upkeep\n|\n|t:|1732992873\n|switch|p2a: Vileplume|Vileplume, L86, M|269/269\n|turn|31\n|\n|t:|1732992885\n|move|p1a: Eternatus|Fire Blast|p2a: Vileplume\n|-supereffective|p2a: Vileplume\n|-damage|p2a: Vileplume|133/269\n|move|p2a: Vileplume|Sleep Powder|p1a: Eternatus\n|-status|p1a: Eternatus|slp|[from] move: Sleep Powder\n|\n|-heal|p2a: Vileplume|149/269|[from] item: Leftovers\n|upkeep\n|turn|32\n|\n|t:|1732992891\n|cant|p1a: Eternatus|slp\n|move|p2a: Vileplume|Giga Drain|p1a: Eternatus\n|-resisted|p1a: Eternatus\n|-damage|p1a: Eternatus|154/308 slp\n|-heal|p2a: Vileplume|163/269|[from] drain|[of] p1a: Eternatus\n|\n|-heal|p2a: Vileplume|179/269|[from] item: Leftovers\n|upkeep\n|turn|33\n|\n|t:|1732992900\n|cant|p1a: Eternatus|slp\n|move|p2a: Vileplume|Sludge Bomb|p1a: Eternatus\n|-resisted|p1a: Eternatus\n|-damage|p1a: Eternatus|93/308 slp\n|\n|-heal|p2a: Vileplume|195/269|[from] item: Leftovers\n|upkeep\n|turn|34\n|\n|t:|1732992903\n|cant|p1a: Eternatus|slp\n|move|p2a: Vileplume|Sludge Bomb|p1a: Eternatus\n|-resisted|p1a: Eternatus\n|-damage|p1a: Eternatus|30/308 slp\n|\n|-heal|p2a: Vileplume|211/269|[from] item: Leftovers\n|upkeep\n|turn|35\n|\n|t:|1732992907\n|-curestatus|p1a: Eternatus|slp|[msg]\n|move|p1a: Eternatus|Fire Blast|p2a: Vileplume\n|-supereffective|p2a: Vileplume\n|-damage|p2a: Vileplume|79/269\n|move|p2a: Vileplume|Sludge Bomb|p1a: Eternatus\n|-resisted|p1a: Eternatus\n|-damage|p1a: Eternatus|0 fnt\n|faint|p1a: Eternatus\n|\n|-heal|p2a: Vileplume|95/269|[from] item: Leftovers\n|upkeep\n|c|\u2606krouger|finally xd\n|\n|t:|1732992918\n|switch|p1a: Cinderace|Cinderace, L77, M|98/249\n|turn|36\n|\n|t:|1732992928\n|move|p1a: Cinderace|Pyro Ball|p2a: Vileplume\n|-supereffective|p2a: Vileplume\n|-damage|p2a: Vileplume|0 fnt\n|faint|p2a: Vileplume\n|\n|upkeep\n|\n|t:|1732992930\n|switch|p2a: Plusle|Plusle, L95, M|268/268\n|turn|37\n|\n|t:|1732992942\n|move|p1a: Cinderace|Sucker Punch|p2a: Plusle\n|-start|p1a: Cinderace|typechange|Dark|[from] ability: Libero\n|-crit|p2a: Plusle\n|-damage|p2a: Plusle|96/268\n|move|p2a: Plusle|Thunderbolt|p1a: Cinderace\n|-damage|p1a: Cinderace|0 fnt\n|faint|p1a: Cinderace\n|-damage|p2a: Plusle|70/268|[from] item: Life Orb\n|\n|upkeep\n|\n|t:|1732992950\n|switch|p1a: Persian|Persian-Alola, L86, F|252/252\n|turn|38\n|\n|t:|1732992967\n|-terastallize|p1a: Persian|Poison\n|move|p1a: Persian|Dark Pulse|p2a: Plusle\n|-damage|p2a: Plusle|0 fnt\n|faint|p2a: Plusle\n|-damage|p1a: Persian|227/252|[from] item: Life Orb\n|\n|win|krouger\n", "inputlog": ">version b107d77f5c90bd6555267ae244a6264823309ead\n>start {\"formatid\":\"gen9randombattle\",\"seed\":[8238,9713,45781,15919],\"rated\":\"Rated battle\"}\n>player p1 {\"name\":\"krouger\",\"avatar\":\"170\",\"rating\":1445,\"seed\":[21934,16155,49240,64079]}\n>player p2 {\"name\":\"bloodhooff1\",\"avatar\":\"volo\",\"rating\":1398,\"seed\":[1076,37600,13297,52587]}\n>p1 move bravebird\n>p2 move dragondance\n>chat \u2606krouger|HUSTLE SUCKS DICK\n>p1 move bravebird\n>p2 move scaleshot\n>chat \u2606krouger|LOOK AT THIS BULLSHIT\n>chat \u2606krouger|DOUBLE MISS\n>chat \u2606bloodhooff1|i feel for ya\n>chat \u2606krouger|80% \n>chat \u2606krouger|hustle misses more than regular 80% moves\n>p1 move bravebird\n>p2 move iciclespear\n>p1 switch 2\n>p1 move highjumpkick\n>p2 move fusionbolt\n>p2 switch 5\n>p1 switch 6\n>p2 move substitute\n>p1 move earthquake\n>p2 move protect\n>p1 move earthquake\n>p2 move knockoff\n>p1 move rapidspin\n>p2 move substitute\n>p1 move earthquake\n>p2 move bodyslam\n>p1 move earthquake\n>p2 move bodyslam\n>p1 move earthquake\n>p2 move bodyslam\n>p1 move earthquake\n>p2 move bodyslam\n>p1 move earthquake\n>p2 move bodyslam\n>p1 switch 3\n>p1 move knockoff\n>p2 move protect\n>p1 move knockoff\n>p2 move bodyslam\n>p2 switch 4\n>p1 move tripleaxel\n>p2 move sleeppowder\n>chat \u2606krouger|i cba\n>chat \u2606krouger|i msis everything\n>chat \u2606krouger|this game is shit rng vs\n>p1 switch 4\n>p2 move sludgebomb\n>p1 move fireblast\n>p2 switch 3\n>chat \u2606krouger|gonna miss everything anyways\n>p1 switch 4\n>p2 move psychicnoise\n>p1 move knockoff\n>p2 move focusblast\n>p1 move flowertrick\n>p2 move focusblast\n>p1 move flowertrick\n>p2 move toxic\n>chat \u2606krouger|4 turns sleep\n>chat \u2606bloodhooff1|damn i even tried reading the wake up lol\n>p1 move flowertrick\n>p2 move protect\n>p1 move knockoff\n>p2 move psychicnoise\n>chat \u2606krouger|crit xd\n>p1 move flowertrick\n>p2 move psychicnoise\n>p1 switch 4\n>p1 move dynamaxcannon\n>p2 move psychicnoise\n>p2 switch 3\n>p1 move fireblast\n>p2 move sleeppowder\n>chat \u2606krouger|xedddddddddddd\n>p1 move fireblast\n>p2 switch 2\n>chat \u2606krouger|watch me stay asleep for 10 turns\n>p1 move sludgebomb\n>p2 move superpower\n>chat \u2606krouger|amazing rng\n>chat \u2606krouger|wow\n>p1 move sludgebomb\n>p2 move synthesis\n>p2 switch 2\n>p1 move fireblast\n>p2 move sleeppowder\n>p1 move meteorbeam\n>p2 move gigadrain\n>p1 move meteorbeam\n>p2 move sludgebomb\n>p1 move meteorbeam\n>p2 move sludgebomb\n>p1 move fireblast\n>p2 move sludgebomb\n>chat \u2606krouger|finally xd\n>p1 switch 6\n>p1 move pyroball\n>p2 move strengthsap\n>p2 switch 6\n>p1 move suckerpunch\n>p2 move thunderbolt\n>p1 switch 5\n>p1 move darkpulse terastallize\n>p2 move encore", "uploadtime": 1732992374, "views": 1, "formatid": "gen9randombattle", "rating": null, "private": 0, "password": null}