{"id": "gen9randombattle-2254117162", "format": "[Gen 9] Random Battle", "players": ["Pdro18", "sanictnt"], "log": "|j|\u2606Pdro18\n|j|\u2606sanictnt\n|t:|1732993299\n|gametype|singles\n|player|p1|Pdro18|supernerd-gen2|1454\n|player|p2|sanictnt|dancer|1467\n|teamsize|p1|6\n|teamsize|p2|6\n|gen|9\n|tier|[Gen 9] Random Battle\n|rated|\n|rule|Species Clause: Limit one of each Pok\u00e9mon\n|rule|HP Percentage Mod: HP is shown in percentages\n|rule|Sleep Clause Mod: Limit one foe put to sleep\n|rule|Illusion Level Mod: Illusion disguises the Pok\u00e9mon's true level\n|\n|t:|1732993299\n|start\n|switch|p1a: Morpeko|Morpeko, L88, F|245/245\n|switch|p2a: Ting-Lu|Ting-Lu, L78|370/370\n|-ability|p2a: Ting-Lu|Vessel of Ruin\n|turn|1\n|\n|t:|1732993313\n|move|p1a: Morpeko|Parting Shot|p2a: Ting-Lu\n|-unboost|p2a: Ting-Lu|atk|1\n|-unboost|p2a: Ting-Lu|spa|1\n|\n|t:|1732993320\n|switch|p1a: Noivern|Noivern, L82, F|274/274|[from] Parting Shot\n|move|p2a: Ting-Lu|Whirlwind|p1a: Noivern\n|drag|p1a: Mandibuzz|Mandibuzz, L85, F|326/326\n|\n|upkeep\n|turn|2\n|\n|t:|1732993347\n|move|p1a: Mandibuzz|Toxic|p2a: Ting-Lu\n|-status|p2a: Ting-Lu|tox\n|move|p2a: Ting-Lu|Spikes|p1a: Mandibuzz\n|-sidestart|p1: Pdro18|Spikes\n|\n|-damage|p2a: Ting-Lu|347/370 tox|[from] psn\n|upkeep\n|turn|3\n|\n|t:|1732993373\n|move|p1a: Mandibuzz|U-turn|p2a: Ting-Lu\n|-supereffective|p2a: Ting-Lu\n|-damage|p2a: Ting-Lu|281/370 tox\n|\n|t:|1732993376\n|switch|p1a: Maushold|Maushold, L76|238/238|[from] U-turn\n|-damage|p1a: Maushold|209/238|[from] Spikes\n|move|p2a: Ting-Lu|Spikes|p1a: Maushold\n|-sidestart|p1: Pdro18|Spikes\n|\n|-heal|p2a: Ting-Lu|304/370 tox|[from] item: Leftovers\n|-damage|p2a: Ting-Lu|258/370 tox|[from] psn\n|upkeep\n|turn|4\n|\n|t:|1732993389\n|move|p1a: Maushold|Encore|p2a: Ting-Lu\n|-start|p2a: Ting-Lu|Encore\n|move|p2a: Ting-Lu|Spikes|p1a: Maushold\n|-sidestart|p1: Pdro18|Spikes\n|\n|-heal|p2a: Ting-Lu|281/370 tox|[from] item: Leftovers\n|-damage|p2a: Ting-Lu|212/370 tox|[from] psn\n|upkeep\n|turn|5\n|\n|t:|1732993413\n|switch|p2a: Snorlax|Snorlax, L82, F, shiny|397/397\n|move|p1a: Maushold|Tidy Up|p1a: Maushold\n|-sideend|p1: Pdro18|Spikes\n|-activate|p1a: Maushold|move: Tidy Up\n|-boost|p1a: Maushold|atk|1\n|-boost|p1a: Maushold|spe|1\n|\n|upkeep\n|turn|6\n|\n|t:|1732993426\n|move|p1a: Maushold|Population Bomb|p2a: Snorlax\n|-damage|p2a: Snorlax|358/397\n|-damage|p2a: Snorlax|319/397\n|-damage|p2a: Snorlax|276/397\n|-damage|p2a: Snorlax|236/397\n|-damage|p2a: Snorlax|194/397\n|-damage|p2a: Snorlax|154/397\n|-damage|p2a: Snorlax|115/397\n|-damage|p2a: Snorlax|69/397\n|-damage|p2a: Snorlax|24/397\n|-damage|p2a: Snorlax|0 fnt\n|faint|p2a: Snorlax\n|-hitcount|p2: Snorlax|10\n|\n|upkeep\n|c|\u2606Pdro18|omg\n|\n|t:|1732993457\n|switch|p2a: Great Tusk|Great Tusk, L77|304/304\n|turn|7\n|c|\u2606Pdro18|those mouses are no joke\n|\n|t:|1732993472\n|switch|p1a: Dusknoir|Dusknoir, L89, M|225/225\n|-item|p2a: Great Tusk|Choice Scarf|[from] ability: Frisk|[of] p1a: Dusknoir\n|move|p2a: Great Tusk|Close Combat|p1a: Dusknoir\n|-immune|p1a: Dusknoir\n|\n|upkeep\n|turn|8\n|\n|t:|1732993491\n|-end|p2a: Great Tusk|Protosynthesis|[silent]\n|switch|p2a: Cinccino|Cinccino, L83, F|260/260\n|move|p1a: Dusknoir|Leech Life|p2a: Cinccino\n|-damage|p2a: Cinccino|129/260\n|\n|upkeep\n|turn|9\n|\n|t:|1732993503\n|move|p2a: Cinccino|Tidy Up|p2a: Cinccino\n|-boost|p2a: Cinccino|atk|1\n|-boost|p2a: Cinccino|spe|1\n|move|p1a: Dusknoir|Leech Life|p2a: Cinccino\n|-damage|p2a: Cinccino|1/260\n|\n|upkeep\n|turn|10\n|\n|t:|1732993531\n|move|p2a: Cinccino|Triple Axel|p1a: Dusknoir\n|-damage|p1a: Dusknoir|203/225\n|-damage|p1a: Dusknoir|157/225\n|-damage|p1a: Dusknoir|98/225\n|-hitcount|p1a: Dusknoir|3\n|move|p1a: Dusknoir|Leech Life|p2a: Cinccino\n|-damage|p2a: Cinccino|0 fnt\n|-heal|p1a: Dusknoir|99/225|[from] drain|[of] p2a: Cinccino\n|faint|p2a: Cinccino\n|\n|upkeep\n|\n|t:|1732993540\n|switch|p2a: Great Tusk|Great Tusk, L77|304/304\n|turn|11\n|\n|t:|1732993553\n|switch|p1a: Mandibuzz|Mandibuzz, L85, F|326/326\n|move|p2a: Great Tusk|Knock Off|p1a: Mandibuzz\n|-resisted|p1a: Mandibuzz\n|-damage|p1a: Mandibuzz|296/326\n|-enditem|p1a: Mandibuzz|Heavy-Duty Boots|[from] move: Knock Off|[of] p2a: Great Tusk\n|\n|upkeep\n|turn|12\n|\n|t:|1732993566\n|move|p2a: Great Tusk|Knock Off|p1a: Mandibuzz\n|-resisted|p1a: Mandibuzz\n|-damage|p1a: Mandibuzz|273/326\n|move|p1a: Mandibuzz|Toxic|p2a: Great Tusk\n|-status|p2a: Great Tusk|tox\n|\n|-damage|p2a: Great Tusk|285/304 tox|[from] psn\n|upkeep\n|turn|13\n|\n|t:|1732993580\n|-end|p2a: Great Tusk|Protosynthesis|[silent]\n|switch|p2a: Cramorant|Cramorant, L86, M|261/261\n|move|p1a: Mandibuzz|Roost|p1a: Mandibuzz\n|-heal|p1a: Mandibuzz|326/326\n|-singleturn|p1a: Mandibuzz|move: Roost\n|\n|upkeep\n|turn|14\n|\n|t:|1732993608\n|move|p2a: Cramorant|Surf|p1a: Mandibuzz\n|-formechange|p2a: Cramorant|Cramorant-Gulping|\n|-damage|p1a: Mandibuzz|244/326\n|move|p1a: Mandibuzz|Foul Play|p2a: Cramorant\n|-damage|p2a: Cramorant|126/261\n|-damage|p1a: Mandibuzz|163/326|[from] ability: Gulp Missile|[of] p2a: Cramorant\n|-unboost|p1a: Mandibuzz|def|1\n|-formechange|p2a: Cramorant|Cramorant|\n|\n|upkeep\n|turn|15\n|\n|t:|1732993629\n|switch|p1a: Noivern|Noivern, L82, F|274/274\n|move|p2a: Cramorant|Roost|p2a: Cramorant\n|-heal|p2a: Cramorant|257/261\n|-singleturn|p2a: Cramorant|move: Roost\n|\n|upkeep\n|turn|16\n|\n|t:|1732993652\n|move|p1a: Noivern|Hurricane|p2a: Cramorant\n|-damage|p2a: Cramorant|157/261\n|move|p2a: Cramorant|Brave Bird|p1a: Noivern\n|-damage|p1a: Noivern|141/274\n|-damage|p2a: Cramorant|113/261|[from] Recoil\n|\n|upkeep\n|turn|17\n|\n|t:|1732993676\n|move|p1a: Noivern|Hurricane|p2a: Cramorant\n|-damage|p2a: Cramorant|16/261\n|move|p2a: Cramorant|Roost|p2a: Cramorant\n|-heal|p2a: Cramorant|147/261\n|-singleturn|p2a: Cramorant|move: Roost\n|\n|upkeep\n|turn|18\n|\n|t:|1732993691\n|move|p1a: Noivern|Draco Meteor|p2a: Cramorant\n|-damage|p2a: Cramorant|18/261\n|-unboost|p1a: Noivern|spa|2\n|move|p2a: Cramorant|Roost|p2a: Cramorant\n|-heal|p2a: Cramorant|149/261\n|-singleturn|p2a: Cramorant|move: Roost\n|\n|upkeep\n|turn|19\n|inactive|Battle timer is ON: inactive players will automatically lose when time's up. (requested by sanictnt)\n|\n|t:|1732993718\n|switch|p1a: Furret|Furret, L94, F|312/312\n|-item|p2a: Cramorant|Heavy-Duty Boots|[from] ability: Frisk|[of] p1a: Furret\n|move|p2a: Cramorant|Roost|p2a: Cramorant\n|-heal|p2a: Cramorant|261/261\n|-singleturn|p2a: Cramorant|move: Roost\n|\n|upkeep\n|turn|20\n|\n|t:|1732993738\n|switch|p2a: Ting-Lu|Ting-Lu, L78|212/370 tox\n|-ability|p2a: Ting-Lu|Vessel of Ruin\n|move|p1a: Furret|Tidy Up|p1a: Furret\n|-boost|p1a: Furret|atk|1\n|-boost|p1a: Furret|spe|1\n|\n|-heal|p2a: Ting-Lu|235/370 tox|[from] item: Leftovers\n|-damage|p2a: Ting-Lu|212/370 tox|[from] psn\n|upkeep\n|turn|21\n|inactive|Pdro18 has 120 seconds left.\n|\n|t:|1732993770\n|move|p1a: Furret|Brick Break|p2a: Ting-Lu\n|-supereffective|p2a: Ting-Lu\n|-damage|p2a: Ting-Lu|35/370 tox\n|-damage|p1a: Furret|281/312|[from] item: Life Orb\n|move|p2a: Ting-Lu|Earthquake|p1a: Furret\n|-damage|p1a: Furret|155/312\n|\n|-heal|p2a: Ting-Lu|58/370 tox|[from] item: Leftovers\n|-damage|p2a: Ting-Lu|12/370 tox|[from] psn\n|upkeep\n|turn|22\n|inactive|Pdro18 has 120 seconds left.\n|\n|t:|1732993788\n|move|p1a: Furret|Knock Off|p2a: Ting-Lu\n|-resisted|p2a: Ting-Lu\n|-damage|p2a: Ting-Lu|0 fnt\n|-enditem|p2a: Ting-Lu|Leftovers|[from] move: Knock Off|[of] p1a: Furret\n|faint|p2a: Ting-Lu\n|-damage|p1a: Furret|124/312|[from] item: Life Orb\n|\n|upkeep\n|\n|t:|1732993798\n|switch|p2a: Pikachu|Pikachu-Unova, L93, M|216/216\n|turn|23\n|inactive|Pdro18 has 120 seconds left.\n|\n|t:|1732993818\n|move|p2a: Pikachu|Fake Out|p1a: Furret\n|-damage|p1a: Furret|69/312\n|cant|p1a: Furret|flinch\n|\n|upkeep\n|turn|24\n|\n|t:|1732993836\n|move|p2a: Pikachu|Fake Out||[still]\n|-hint|Fake Out only works on your first turn out.\n|-fail|p2a: Pikachu\n|move|p1a: Furret|Knock Off|p2a: Pikachu\n|-damage|p2a: Pikachu|7/216\n|-enditem|p2a: Pikachu|Light Ball|[from] move: Knock Off|[of] p1a: Furret\n|-damage|p1a: Furret|38/312|[from] item: Life Orb\n|\n|upkeep\n|turn|25\n|\n|t:|1732993851\n|move|p1a: Furret|Brick Break|p2a: Pikachu\n|-damage|p2a: Pikachu|0 fnt\n|faint|p2a: Pikachu\n|-damage|p1a: Furret|7/312|[from] item: Life Orb\n|\n|upkeep\n|l|\u2606sanictnt\n|inactive|sanictnt disconnected and has a minute to reconnect!\n|player|p2|\n|c|\u2606Pdro18|CA\n|c|\u2606Pdro18|MI\n|c|\u2606Pdro18|NAR\n|inactive|sanictnt has 30 seconds to reconnect!\n|inactive|sanictnt has 20 seconds to reconnect!\n|inactive|sanictnt has 15 seconds to reconnect!\n|inactive|sanictnt has 10 seconds to reconnect!\n|inactive|sanictnt has 5 seconds to reconnect!\n|-message|sanictnt lost due to inactivity.\n|\n|win|Pdro18\n|raw|Pdro18's rating: 1454 &rarr; <strong>1475</strong><br />(+21 for winning)\n|raw|sanictnt's rating: 1467 &rarr; <strong>1446</strong><br />(-21 for losing)\n", "inputlog": ">version b107d77f5c90bd6555267ae244a6264823309ead\n>start {\"formatid\":\"gen9randombattle\",\"seed\":[11043,43985,8575,64247],\"rated\":\"Rated battle\"}\n>player p1 {\"name\":\"Pdro18\",\"avatar\":\"supernerd-gen2\",\"rating\":1454,\"seed\":[19099,38066,38330,63132]}\n>player p2 {\"name\":\"sanictnt\",\"avatar\":\"dancer\",\"rating\":1467,\"seed\":[59712,43015,6600,52451]}\n>p1 move partingshot\n>p2 move whirlwind\n>p1 switch 6\n>p1 move toxic\n>p2 move spikes\n>p1 move uturn\n>p2 move spikes\n>p1 switch 4\n>p1 move encore\n>p2 move whirlwind\n>p1 move tidyup\n>p2 switch 3\n>p1 move populationbomb\n>p2 move bodyslam\n>chat \u2606Pdro18|omg\n>p2 switch 4\n>chat \u2606Pdro18|those mouses are no joke\n>p1 switch 2\n>p2 move closecombat\n>p1 move leechlife\n>p2 switch 6\n>p1 move leechlife\n>p2 move tidyup\n>p1 move leechlife\n>p2 move tripleaxel\n>p2 switch 6\n>p1 switch 4\n>p2 move knockoff\n>p1 move toxic\n>p2 move knockoff\n>p1 move roost\n>p2 switch 2\n>p1 move foulplay\n>p2 move surf\n>p1 switch 5\n>p2 move roost\n>p1 move hurricane\n>p2 move bravebird\n>p1 move hurricane\n>p2 move roost\n>p1 move dracometeor\n>p2 move roost\n>p1 switch 3\n>p2 move roost\n>p1 move tidyup\n>p2 switch 3\n>p1 move brickbreak\n>p2 move earthquake\n>p1 move knockoff\n>p2 move earthquake\n>p2 switch 5\n>p1 move knockoff\n>p2 move fakeout\n>p1 move knockoff\n>p2 move fakeout\n>p1 move brickbreak\n>p2 move knockoff\n>chat \u2606Pdro18|CA\n>chat \u2606Pdro18|MI\n>chat \u2606Pdro18|NAR\n>forcelose p2", "uploadtime": 1732993929, "views": 11, "formatid": "gen9randombattle", "rating": 1446, "private": 0, "password": null}