{"id": "gen9randombattle-2253832842", "format": "[Gen 9] Random Battle", "players": ["Defying Blackity", "tuchiquitauwu"], "log": "|j|\u2606Defying Blackity\n|j|\u2606tuchiquitauwu\n|t:|1732945419\n|gametype|singles\n|player|p1|Defying Blackity|101|1194\n|player|p2|tuchiquitauwu|hilda-wonderlauncher|1238\n|teamsize|p1|6\n|teamsize|p2|6\n|gen|9\n|tier|[Gen 9] Random Battle\n|rated|\n|rule|Species Clause: Limit one of each Pok\u00e9mon\n|rule|HP Percentage Mod: HP is shown in percentages\n|rule|Sleep Clause Mod: Limit one foe put to sleep\n|rule|Illusion Level Mod: Illusion disguises the Pok\u00e9mon's true level\n|\n|t:|1732945419\n|start\n|switch|p1a: Frosmoth|Frosmoth, L82, M|249/249\n|switch|p2a: Umbreon|Umbreon, L84, F|297/297\n|turn|1\n|\n|t:|1732945428\n|switch|p1a: Skarmory|Skarmory, L80, M|235/235\n|move|p2a: Umbreon|Toxic|p1a: Skarmory\n|-immune|p1a: Skarmory\n|\n|upkeep\n|turn|2\n|\n|t:|1732945435\n|move|p1a: Skarmory|Stealth Rock|p2a: Umbreon\n|-sidestart|p2: tuchiquitauwu|move: Stealth Rock\n|move|p2a: Umbreon|Wish|p2a: Umbreon\n|\n|upkeep\n|turn|3\n|\n|t:|1732945443\n|move|p1a: Skarmory|Body Press|p2a: Umbreon\n|-supereffective|p2a: Umbreon\n|-damage|p2a: Umbreon|167/297\n|move|p2a: Umbreon|Foul Play|p1a: Skarmory\n|-damage|p1a: Skarmory|171/235\n|\n|-heal|p2a: Umbreon|297/297|[from] move: Wish|[wisher] Umbreon\n|-heal|p1a: Skarmory|185/235|[from] item: Leftovers\n|upkeep\n|turn|4\n|\n|t:|1732945454\n|move|p1a: Skarmory|Body Press|p2a: Umbreon\n|-supereffective|p2a: Umbreon\n|-crit|p2a: Umbreon\n|-damage|p2a: Umbreon|133/297\n|move|p2a: Umbreon|Wish|p2a: Umbreon\n|\n|-heal|p1a: Skarmory|199/235|[from] item: Leftovers\n|-heal|p2a: Umbreon|151/297|[from] item: Leftovers\n|upkeep\n|turn|5\n|\n|t:|1732945461\n|switch|p1a: Rotom|Rotom-Heat, L83|219/219\n|move|p2a: Umbreon|Foul Play|p1a: Rotom\n|-damage|p1a: Rotom|173/219\n|\n|-heal|p2a: Umbreon|297/297|[from] move: Wish|[wisher] Umbreon\n|upkeep\n|turn|6\n|\n|t:|1732945467\n|move|p1a: Rotom|Will-O-Wisp|p2a: Umbreon\n|-status|p2a: Umbreon|brn\n|-activate|p2a: Umbreon|ability: Synchronize\n|-immune|p1a: Rotom\n|move|p2a: Umbreon|Toxic|p1a: Rotom\n|-status|p1a: Rotom|tox\n|\n|-damage|p1a: Rotom|160/219 tox|[from] psn\n|-damage|p2a: Umbreon|279/297 brn|[from] brn\n|upkeep\n|turn|7\n|\n|t:|1732945471\n|move|p1a: Rotom|Nasty Plot|p1a: Rotom\n|-boost|p1a: Rotom|spa|2\n|move|p2a: Umbreon|Wish|p2a: Umbreon\n|\n|-heal|p2a: Umbreon|297/297 brn|[from] item: Leftovers\n|-damage|p1a: Rotom|134/219 tox|[from] psn\n|-damage|p2a: Umbreon|279/297 brn|[from] brn\n|upkeep\n|turn|8\n|\n|t:|1732945484\n|move|p1a: Rotom|Overheat|p2a: Umbreon\n|-damage|p2a: Umbreon|62/297 brn\n|-unboost|p1a: Rotom|spa|2\n|move|p2a: Umbreon|Foul Play|p1a: Rotom\n|-damage|p1a: Rotom|111/219 tox\n|\n|-heal|p2a: Umbreon|210/297 brn|[from] move: Wish|[wisher] Umbreon\n|-heal|p2a: Umbreon|228/297 brn|[from] item: Leftovers\n|-damage|p1a: Rotom|72/219 tox|[from] psn\n|-damage|p2a: Umbreon|210/297 brn|[from] brn\n|upkeep\n|turn|9\n|\n|t:|1732945495\n|switch|p1a: Skarmory|Skarmory, L80, M|199/235\n|move|p2a: Umbreon|Wish|p2a: Umbreon\n|\n|-heal|p1a: Skarmory|213/235|[from] item: Leftovers\n|-heal|p2a: Umbreon|228/297 brn|[from] item: Leftovers\n|-damage|p2a: Umbreon|210/297 brn|[from] brn\n|upkeep\n|turn|10\n|\n|t:|1732945501\n|move|p1a: Skarmory|Body Press|p2a: Umbreon\n|-supereffective|p2a: Umbreon\n|-damage|p2a: Umbreon|98/297 brn\n|move|p2a: Umbreon|Foul Play|p1a: Skarmory\n|-damage|p1a: Skarmory|183/235\n|\n|-heal|p2a: Umbreon|246/297 brn|[from] move: Wish|[wisher] Umbreon\n|-heal|p1a: Skarmory|197/235|[from] item: Leftovers\n|-heal|p2a: Umbreon|264/297 brn|[from] item: Leftovers\n|-damage|p2a: Umbreon|246/297 brn|[from] brn\n|upkeep\n|turn|11\n|\n|t:|1732945505\n|move|p1a: Skarmory|Body Press|p2a: Umbreon\n|-supereffective|p2a: Umbreon\n|-damage|p2a: Umbreon|116/297 brn\n|move|p2a: Umbreon|Wish|p2a: Umbreon\n|\n|-heal|p1a: Skarmory|211/235|[from] item: Leftovers\n|-heal|p2a: Umbreon|134/297 brn|[from] item: Leftovers\n|-damage|p2a: Umbreon|116/297 brn|[from] brn\n|upkeep\n|turn|12\n|\n|t:|1732945514\n|switch|p2a: Sandaconda|Sandaconda, L84, M|258/258\n|-damage|p2a: Sandaconda|242/258|[from] Stealth Rock\n|move|p1a: Skarmory|Body Press|p2a: Sandaconda\n|-damage|p2a: Sandaconda|189/258\n|\n|-heal|p2a: Sandaconda|258/258|[from] move: Wish|[wisher] Umbreon\n|-heal|p1a: Skarmory|225/235|[from] item: Leftovers\n|upkeep\n|turn|13\n|\n|t:|1732945522\n|switch|p1a: Brambleghast|Brambleghast, L88, F|240/240\n|move|p2a: Sandaconda|Glare|p1a: Brambleghast\n|-status|p1a: Brambleghast|par\n|\n|upkeep\n|turn|14\n|\n|t:|1732945537\n|switch|p2a: Banette|Banette, L93, F|270/270\n|-damage|p2a: Banette|237/270|[from] Stealth Rock\n|move|p1a: Brambleghast|Power Whip|p2a: Banette\n|-crit|p2a: Banette\n|-damage|p2a: Banette|0 fnt\n|-start|p1a: Brambleghast|Disable|Power Whip|[from] ability: Cursed Body|[of] p2a: Banette\n|faint|p2a: Banette\n|\n|upkeep\n|\n|t:|1732945546\n|switch|p2a: Sawsbuck|Sawsbuck-Autumn, L88, M|284/284\n|-damage|p2a: Sawsbuck|249/284|[from] Stealth Rock\n|turn|15\n|\n|t:|1732945561\n|switch|p1a: Skarmory|Skarmory, L80, M|225/235\n|move|p2a: Sawsbuck|Swords Dance|p2a: Sawsbuck\n|-boost|p2a: Sawsbuck|atk|2\n|\n|-heal|p1a: Skarmory|235/235|[from] item: Leftovers\n|upkeep\n|turn|16\n|\n|t:|1732945566\n|move|p2a: Sawsbuck|Swords Dance|p2a: Sawsbuck\n|-boost|p2a: Sawsbuck|atk|2\n|move|p1a: Skarmory|Body Press|p2a: Sawsbuck\n|-supereffective|p2a: Sawsbuck\n|-damage|p2a: Sawsbuck|103/284\n|\n|upkeep\n|turn|17\n|\n|t:|1732945578\n|move|p2a: Sawsbuck|Horn Leech|p1a: Skarmory\n|-resisted|p1a: Skarmory\n|-damage|p1a: Skarmory|173/235\n|-heal|p2a: Sawsbuck|134/284|[from] drain|[of] p1a: Skarmory\n|-damage|p2a: Sawsbuck|106/284|[from] item: Life Orb\n|move|p1a: Skarmory|Body Press|p2a: Sawsbuck\n|-supereffective|p2a: Sawsbuck\n|-damage|p2a: Sawsbuck|0 fnt\n|faint|p2a: Sawsbuck\n|\n|-heal|p1a: Skarmory|187/235|[from] item: Leftovers\n|upkeep\n|\n|t:|1732945585\n|switch|p2a: Medicham|Medicham, L86, F|243/243\n|-damage|p2a: Medicham|228/243|[from] Stealth Rock\n|turn|18\n|\n|t:|1732945590\n|switch|p1a: Brambleghast|Brambleghast, L88, F|240/240 par\n|move|p2a: Medicham|Close Combat|p1a: Brambleghast\n|-immune|p1a: Brambleghast\n|\n|upkeep\n|turn|19\n|\n|t:|1732945597\n|switch|p2a: Mesprit|Mesprit, L85|275/275\n|-damage|p2a: Mesprit|241/275|[from] Stealth Rock\n|cant|p1a: Brambleghast|par\n|\n|upkeep\n|turn|20\n|\n|t:|1732945603\n|move|p2a: Mesprit|Nasty Plot|p2a: Mesprit\n|-boost|p2a: Mesprit|spa|2\n|move|p1a: Brambleghast|Poltergeist|p2a: Mesprit\n|-activate|p2a: Mesprit|move: Poltergeist|Life Orb\n|-supereffective|p2a: Mesprit\n|-damage|p2a: Mesprit|0 fnt\n|faint|p2a: Mesprit\n|\n|upkeep\n|c|\u2606tuchiquitauwu|hate skarmory\n|c|\u2606Defying Blackity|weird\n|c|\u2606tuchiquitauwu|gg\n|c|\u2606Defying Blackity|gg\n|-message|tuchiquitauwu forfeited.\n|\n|win|Defying Blackity\n|raw|Defying Blackity's rating: 1194 &rarr; <strong>1222</strong><br />(+28 for winning)\n|raw|tuchiquitauwu's rating: 1238 &rarr; <strong>1210</strong><br />(-28 for losing)\n|l|\u2606tuchiquitauwu\n|player|p2|\n", "inputlog": ">version b107d77f5c90bd6555267ae244a6264823309ead\n>start {\"formatid\":\"gen9randombattle\",\"seed\":[49643,57832,28356,55432],\"rated\":\"Rated battle\"}\n>player p1 {\"name\":\"Defying Blackity\",\"avatar\":\"101\",\"rating\":1194,\"seed\":[10812,14504,24696,34581]}\n>player p2 {\"name\":\"tuchiquitauwu\",\"avatar\":\"hilda-wonderlauncher\",\"rating\":1238,\"seed\":[12011,3268,60092,9923]}\n>p1 switch 4\n>p2 move toxic\n>p1 move stealthrock\n>p2 move wish\n>p1 move bodypress\n>p2 move foulplay\n>p1 move bodypress\n>p2 move wish\n>p1 switch 3\n>p2 move foulplay\n>p1 move willowisp\n>p2 move toxic\n>p1 move nastyplot\n>p2 move wish\n>p1 move overheat\n>p2 move foulplay\n>p1 switch 3\n>p2 move wish\n>p1 move bodypress\n>p2 move foulplay\n>p1 move bodypress\n>p2 move wish\n>p1 move bodypress\n>p2 switch 2\n>p1 switch 6\n>p2 move glare\n>p1 move powerwhip\n>p2 switch 3\n>p2 switch 4\n>p1 switch 6\n>p2 move swordsdance\n>p1 move bodypress\n>p2 move swordsdance\n>p1 move bodypress\n>p2 move hornleech\n>p2 switch 6\n>p1 switch 6\n>p2 move closecombat\n>p1 move leechseed\n>p2 switch 5\n>p1 move poltergeist\n>p2 move nastyplot\n>chat \u2606tuchiquitauwu|hate skarmory\n>chat \u2606Defying Blackity|weird\n>chat \u2606tuchiquitauwu|gg\n>chat \u2606Defying Blackity|gg\n>forcelose p2", "uploadtime": 1732945617, "views": 1, "formatid": "gen9randombattle", "rating": 1210, "private": 0, "password": null}