{"id": "gen9randombattle-2253881072", "format": "[Gen 9] Random Battle", "players": ["themautrixpkm", "Ah Hib"], "log": "|j|\u2606themautrixpkm\n|j|\u2606Ah Hib\n|t:|1732955270\n|gametype|singles\n|player|p1|themautrixpkm|170|1717\n|player|p2|Ah Hib|burglar|1697\n|teamsize|p1|6\n|teamsize|p2|6\n|gen|9\n|tier|[Gen 9] Random Battle\n|rated|\n|rule|Species Clause: Limit one of each Pok\u00e9mon\n|rule|HP Percentage Mod: HP is shown in percentages\n|rule|Sleep Clause Mod: Limit one foe put to sleep\n|rule|Illusion Level Mod: Illusion disguises the Pok\u00e9mon's true level\n|\n|t:|1732955270\n|start\n|switch|p1a: Regieleki|Regieleki, L79|256/256\n|switch|p2a: Staraptor|Staraptor, L79, F|263/263\n|turn|1\n|inactive|Battle timer is ON: inactive players will automatically lose when time's up. (requested by Ah Hib)\n|\n|t:|1732955275\n|switch|p2a: Flygon|Flygon, L82, F|265/265\n|move|p1a: Regieleki|Volt Switch|p2a: Flygon\n|-immune|p2a: Flygon\n|\n|upkeep\n|turn|2\n|inactive|themautrixpkm has 120 seconds left.\n|\n|t:|1732955312\n|switch|p2a: Hitmontop|Hitmontop, L88, M|231/231\n|-terastallize|p1a: Regieleki|Ice\n|move|p1a: Regieleki|Tera Blast|p2a: Hitmontop|[anim] Tera Blast Ice\n|-damage|p2a: Hitmontop|164/231\n|\n|-heal|p2a: Hitmontop|178/231|[from] item: Leftovers\n|upkeep\n|turn|3\n|inactive|themautrixpkm has 120 seconds left.\n|\n|t:|1732955319\n|move|p1a: Regieleki|Volt Switch|p2a: Hitmontop\n|-damage|p2a: Hitmontop|94/231\n|inactive|themautrixpkm has 120 seconds left.\n|\n|t:|1732955328\n|switch|p1a: Bellossom|Bellossom, L84, M|263/263|[from] Volt Switch\n|move|p2a: Hitmontop|Rapid Spin|p1a: Bellossom\n|-damage|p1a: Bellossom|212/263\n|-boost|p2a: Hitmontop|spe|1\n|\n|-heal|p2a: Hitmontop|108/231|[from] item: Leftovers\n|-heal|p1a: Bellossom|228/263|[from] item: Leftovers\n|upkeep\n|turn|4\n|\n|t:|1732955335\n|move|p2a: Hitmontop|Bulk Up|p2a: Hitmontop\n|-boost|p2a: Hitmontop|atk|1\n|-boost|p2a: Hitmontop|def|1\n|move|p1a: Bellossom|Sludge Bomb|p2a: Hitmontop\n|-damage|p2a: Hitmontop|59/231\n|-status|p2a: Hitmontop|psn\n|\n|-heal|p2a: Hitmontop|73/231 psn|[from] item: Leftovers\n|-heal|p1a: Bellossom|244/263|[from] item: Leftovers\n|-damage|p2a: Hitmontop|45/231 psn|[from] psn\n|upkeep\n|turn|5\n|\n|t:|1732955343\n|move|p2a: Hitmontop|Triple Axel|p1a: Bellossom\n|-supereffective|p1a: Bellossom\n|-damage|p1a: Bellossom|184/263\n|-supereffective|p1a: Bellossom\n|-damage|p1a: Bellossom|50/263\n|-supereffective|p1a: Bellossom\n|-damage|p1a: Bellossom|0 fnt\n|faint|p1a: Bellossom\n|-hitcount|p1: Bellossom|3\n|\n|-heal|p2a: Hitmontop|59/231 psn|[from] item: Leftovers\n|-damage|p2a: Hitmontop|31/231 psn|[from] psn\n|upkeep\n|\n|t:|1732955351\n|switch|p1a: Regieleki|Regieleki, L79, tera:Ice|256/256\n|turn|6\n|\n|t:|1732955356\n|move|p1a: Regieleki|Volt Switch|p2a: Hitmontop\n|-damage|p2a: Hitmontop|0 fnt\n|faint|p2a: Hitmontop\n|\n|t:|1732955365\n|switch|p1a: Golduck|Golduck, L90, M|290/290|[from] Volt Switch\n|-ability|p1a: Golduck|Cloud Nine\n|\n|upkeep\n|\n|t:|1732955370\n|switch|p2a: Rotom|Rotom, L88|231/231\n|turn|7\n|\n|t:|1732955377\n|move|p2a: Rotom|Thunderbolt|p1a: Golduck\n|-supereffective|p1a: Golduck\n|-damage|p1a: Golduck|38/290\n|-damage|p2a: Rotom|208/231|[from] item: Life Orb\n|move|p1a: Golduck|Hydro Pump|p2a: Rotom\n|-damage|p2a: Rotom|16/231\n|-damage|p1a: Golduck|9/290|[from] item: Life Orb\n|\n|upkeep\n|turn|8\n|\n|t:|1732955386\n|move|p2a: Rotom|Thunderbolt|p1a: Golduck\n|-supereffective|p1a: Golduck\n|-damage|p1a: Golduck|0 fnt\n|faint|p1a: Golduck\n|-damage|p2a: Rotom|0 fnt|[from] item: Life Orb\n|faint|p2a: Rotom\n|\n|upkeep\n|\n|t:|1732955395\n|switch|p2a: Chimecho|Chimecho, L94, F|293/293\n|switch|p1a: Regieleki|Regieleki, L79, tera:Ice|256/256\n|turn|9\n|\n|t:|1732955405\n|move|p1a: Regieleki|Volt Switch|p2a: Chimecho\n|-damage|p2a: Chimecho|196/293\n|\n|t:|1732955416\n|switch|p1a: Hydreigon|Hydreigon, L79, F|275/275|[from] Volt Switch\n|move|p2a: Chimecho|Cosmic Power|p2a: Chimecho\n|-boost|p2a: Chimecho|def|1\n|-boost|p2a: Chimecho|spd|1\n|\n|-heal|p2a: Chimecho|214/293|[from] item: Leftovers\n|upkeep\n|turn|10\n|\n|t:|1732955438\n|-terastallize|p2a: Chimecho|Steel\n|move|p1a: Hydreigon|Dark Pulse|p2a: Chimecho\n|-damage|p2a: Chimecho|133/293\n|move|p2a: Chimecho|Cosmic Power|p2a: Chimecho\n|-boost|p2a: Chimecho|def|1\n|-boost|p2a: Chimecho|spd|1\n|\n|-heal|p2a: Chimecho|151/293|[from] item: Leftovers\n|upkeep\n|turn|11\n|\n|t:|1732955444\n|move|p1a: Hydreigon|Dark Pulse|p2a: Chimecho\n|-damage|p2a: Chimecho|87/293\n|move|p2a: Chimecho|Recover|p2a: Chimecho\n|-heal|p2a: Chimecho|234/293\n|\n|-heal|p2a: Chimecho|252/293|[from] item: Leftovers\n|upkeep\n|turn|12\n|\n|t:|1732955459\n|switch|p1a: Gardevoir|Gardevoir, L83, M|249/249\n|-ability|p1a: Gardevoir|Levitate|[from] ability: Trace|[of] p2a: Chimecho\n|move|p2a: Chimecho|Cosmic Power|p2a: Chimecho\n|-boost|p2a: Chimecho|def|1\n|-boost|p2a: Chimecho|spd|1\n|\n|-heal|p2a: Chimecho|270/293|[from] item: Leftovers\n|upkeep\n|turn|13\n|\n|t:|1732955466\n|move|p1a: Gardevoir|Calm Mind|p1a: Gardevoir\n|-boost|p1a: Gardevoir|spa|1\n|-boost|p1a: Gardevoir|spd|1\n|move|p2a: Chimecho|Dazzling Gleam|p1a: Gardevoir\n|-damage|p1a: Gardevoir|207/249\n|\n|-heal|p2a: Chimecho|288/293|[from] item: Leftovers\n|upkeep\n|turn|14\n|\n|t:|1732955469\n|move|p1a: Gardevoir|Mystical Fire|p2a: Chimecho\n|-supereffective|p2a: Chimecho\n|-damage|p2a: Chimecho|189/293\n|-unboost|p2a: Chimecho|spa|1\n|-damage|p1a: Gardevoir|183/249|[from] item: Life Orb\n|move|p2a: Chimecho|Cosmic Power|p2a: Chimecho\n|-boost|p2a: Chimecho|def|1\n|-boost|p2a: Chimecho|spd|1\n|\n|-heal|p2a: Chimecho|207/293|[from] item: Leftovers\n|upkeep\n|turn|15\n|\n|t:|1732955475\n|move|p1a: Gardevoir|Calm Mind|p1a: Gardevoir\n|-boost|p1a: Gardevoir|spa|1\n|-boost|p1a: Gardevoir|spd|1\n|move|p2a: Chimecho|Recover|p2a: Chimecho\n|-heal|p2a: Chimecho|293/293\n|\n|upkeep\n|turn|16\n|\n|t:|1732955478\n|move|p1a: Gardevoir|Mystical Fire|p2a: Chimecho\n|-supereffective|p2a: Chimecho\n|-damage|p2a: Chimecho|202/293\n|-unboost|p2a: Chimecho|spa|1\n|-damage|p1a: Gardevoir|159/249|[from] item: Life Orb\n|move|p2a: Chimecho|Stored Power|p1a: Gardevoir\n|-resisted|p1a: Gardevoir\n|-damage|p1a: Gardevoir|135/249\n|\n|-heal|p2a: Chimecho|220/293|[from] item: Leftovers\n|upkeep\n|turn|17\n|\n|t:|1732955482\n|move|p1a: Gardevoir|Mystical Fire|p2a: Chimecho\n|-supereffective|p2a: Chimecho\n|-damage|p2a: Chimecho|119/293\n|-unboost|p2a: Chimecho|spa|1\n|-damage|p1a: Gardevoir|111/249|[from] item: Life Orb\n|move|p2a: Chimecho|Cosmic Power|p2a: Chimecho\n|-boost|p2a: Chimecho|def|1\n|-boost|p2a: Chimecho|spd|1\n|\n|-heal|p2a: Chimecho|137/293|[from] item: Leftovers\n|upkeep\n|turn|18\n|\n|t:|1732955485\n|move|p1a: Gardevoir|Mystical Fire|p2a: Chimecho\n|-supereffective|p2a: Chimecho\n|-damage|p2a: Chimecho|49/293\n|-unboost|p2a: Chimecho|spa|1\n|-damage|p1a: Gardevoir|87/249|[from] item: Life Orb\n|move|p2a: Chimecho|Recover|p2a: Chimecho\n|-heal|p2a: Chimecho|196/293\n|\n|-heal|p2a: Chimecho|214/293|[from] item: Leftovers\n|upkeep\n|turn|19\n|\n|t:|1732955489\n|move|p1a: Gardevoir|Calm Mind|p1a: Gardevoir\n|-boost|p1a: Gardevoir|spa|1\n|-boost|p1a: Gardevoir|spd|1\n|move|p2a: Chimecho|Cosmic Power|p2a: Chimecho\n|-boost|p2a: Chimecho|def|1\n|-boost|p2a: Chimecho|spd|1\n|\n|-heal|p2a: Chimecho|232/293|[from] item: Leftovers\n|upkeep\n|turn|20\n|\n|t:|1732955492\n|move|p1a: Gardevoir|Calm Mind|p1a: Gardevoir\n|-boost|p1a: Gardevoir|spa|1\n|-boost|p1a: Gardevoir|spd|1\n|move|p2a: Chimecho|Stored Power|p1a: Gardevoir\n|-resisted|p1a: Gardevoir\n|-damage|p1a: Gardevoir|73/249\n|\n|-heal|p2a: Chimecho|250/293|[from] item: Leftovers\n|upkeep\n|turn|21\n|\n|t:|1732955496\n|move|p1a: Gardevoir|Calm Mind|p1a: Gardevoir\n|-boost|p1a: Gardevoir|spa|1\n|-boost|p1a: Gardevoir|spd|1\n|move|p2a: Chimecho|Stored Power|p1a: Gardevoir\n|-resisted|p1a: Gardevoir\n|-crit|p1a: Gardevoir\n|-damage|p1a: Gardevoir|0 fnt\n|faint|p1a: Gardevoir\n|\n|-heal|p2a: Chimecho|268/293|[from] item: Leftovers\n|upkeep\n|c|\u2606themautrixpkm|nice\n|\n|t:|1732955522\n|switch|p1a: Cresselia|Cresselia, L80, F|323/323\n|turn|22\n|\n|t:|1732955526\n|move|p1a: Cresselia|Calm Mind|p1a: Cresselia\n|-boost|p1a: Cresselia|spa|1\n|-boost|p1a: Cresselia|spd|1\n|move|p2a: Chimecho|Stored Power|p1a: Cresselia\n|-resisted|p1a: Cresselia\n|-damage|p1a: Cresselia|293/323\n|\n|-heal|p1a: Cresselia|313/323|[from] item: Leftovers\n|-heal|p2a: Chimecho|286/293|[from] item: Leftovers\n|upkeep\n|turn|23\n|\n|t:|1732955539\n|switch|p2a: Staraptor|Staraptor, L79, F|263/263\n|move|p1a: Cresselia|Calm Mind|p1a: Cresselia\n|-boost|p1a: Cresselia|spa|1\n|-boost|p1a: Cresselia|spd|1\n|\n|-heal|p1a: Cresselia|323/323|[from] item: Leftovers\n|upkeep\n|turn|24\n|\n|t:|1732955545\n|move|p2a: Staraptor|Brave Bird|p1a: Cresselia\n|-damage|p1a: Cresselia|103/323\n|-damage|p2a: Staraptor|190/263|[from] Recoil\n|move|p1a: Cresselia|Psyshock|p2a: Staraptor\n|-crit|p2a: Staraptor\n|-damage|p2a: Staraptor|0 fnt\n|faint|p2a: Staraptor\n|\n|-heal|p1a: Cresselia|123/323|[from] item: Leftovers\n|upkeep\n|\n|t:|1732955559\n|switch|p2a: Zangoose|Zangoose, L85, M|263/263\n|turn|25\n|inactive|themautrixpkm has 120 seconds left.\n|c|\u2606Ah Hib|Should I say nice too? Or accept that it is just rng?\n|inactive|themautrixpkm has 90 seconds left.\n|\n|t:|1732955620\n|move|p2a: Zangoose|Swords Dance|p2a: Zangoose\n|-boost|p2a: Zangoose|atk|2\n|move|p1a: Cresselia|Psyshock|p2a: Zangoose\n|-damage|p2a: Zangoose|97/263\n|\n|-heal|p1a: Cresselia|143/323|[from] item: Leftovers\n|-status|p2a: Zangoose|tox|[from] item: Toxic Orb\n|upkeep\n|turn|26\n|\n|t:|1732955629\n|move|p2a: Zangoose|Knock Off|p1a: Cresselia\n|-supereffective|p1a: Cresselia\n|-damage|p1a: Cresselia|0 fnt\n|-enditem|p1a: Cresselia|Leftovers|[from] move: Knock Off|[of] p2a: Zangoose\n|faint|p1a: Cresselia\n|\n|-damage|p2a: Zangoose|81/263 tox|[from] psn\n|upkeep\n|\n|t:|1732955632\n|switch|p1a: Regieleki|Regieleki, L79, tera:Ice|256/256\n|turn|27\n|\n|t:|1732955635\n|move|p2a: Zangoose|Quick Attack|p1a: Regieleki\n|-damage|p1a: Regieleki|30/256\n|move|p1a: Regieleki|Thunderbolt|p2a: Zangoose\n|-damage|p2a: Zangoose|0 fnt\n|faint|p2a: Zangoose\n|\n|upkeep\n|\n|t:|1732955638\n|switch|p2a: Chimecho|Chimecho, L94, F, tera:Steel|286/293\n|turn|28\n|inactive|themautrixpkm has 120 seconds left.\n|\n|t:|1732955655\n|move|p1a: Regieleki|Thunderbolt|p2a: Chimecho\n|-damage|p2a: Chimecho|174/293\n|move|p2a: Chimecho|Dazzling Gleam|p1a: Regieleki\n|-damage|p1a: Regieleki|0 fnt\n|faint|p1a: Regieleki\n|\n|-heal|p2a: Chimecho|192/293|[from] item: Leftovers\n|upkeep\n|\n|t:|1732955660\n|switch|p1a: Hydreigon|Hydreigon, L79, F|275/275\n|turn|29\n|\n|t:|1732955662\n|move|p1a: Hydreigon|Fire Blast|p2a: Chimecho\n|-supereffective|p2a: Chimecho\n|-damage|p2a: Chimecho|0 fnt\n|faint|p2a: Chimecho\n|\n|upkeep\n|c|\u2606themautrixpkm|gay\n|\n|t:|1732955665\n|switch|p2a: Flygon|Flygon, L82, F|265/265\n|turn|30\n|-message|themautrixpkm forfeited.\n|\n|win|Ah Hib\n|raw|themautrixpkm's rating: 1717 &rarr; <strong>1696</strong><br />(-21 for losing)\n|raw|Ah Hib's rating: 1697 &rarr; <strong>1718</strong><br />(+21 for winning)\n|l|\u2606themautrixpkm\n|player|p1|\n", "inputlog": ">version b107d77f5c90bd6555267ae244a6264823309ead\n>start {\"formatid\":\"gen9randombattle\",\"seed\":[10965,39143,46611,37125],\"rated\":\"Rated battle\"}\n>player p1 {\"name\":\"themautrixpkm\",\"avatar\":\"170\",\"rating\":1717,\"seed\":[32473,5452,26329,5205]}\n>player p2 {\"name\":\"Ah Hib\",\"avatar\":\"burglar\",\"rating\":1697,\"seed\":[49655,52166,54006,13843]}\n>p1 move voltswitch\n>p2 switch 2\n>p1 move terablast terastallize\n>p2 switch 3\n>p1 move voltswitch\n>p2 move rapidspin\n>p1 switch 4\n>p1 move sludgebomb\n>p2 move bulkup\n>p1 move quiverdance\n>p2 move tripleaxel\n>p1 switch 4\n>p1 move voltswitch\n>p2 move closecombat\n>p1 switch 3\n>p2 switch 4\n>p1 move hydropump\n>p2 move thunderbolt\n>p1 move icebeam\n>p2 move thunderbolt\n>p1 switch 3\n>p2 switch 5\n>p1 move voltswitch\n>p2 move cosmicpower\n>p1 switch 6\n>p1 move darkpulse\n>p2 move cosmicpower terastallize\n>p1 move darkpulse\n>p2 move recover\n>p1 switch 2\n>p2 move cosmicpower\n>p1 move calmmind\n>p2 move dazzlinggleam\n>p1 move mysticalfire\n>p2 move cosmicpower\n>p1 move calmmind\n>p2 move recover\n>p1 move mysticalfire\n>p2 move storedpower\n>p1 move mysticalfire\n>p2 move cosmicpower\n>p1 move mysticalfire\n>p2 move recover\n>p1 move calmmind\n>p2 move cosmicpower\n>p1 move calmmind\n>p2 move storedpower\n>p1 move calmmind\n>p2 move storedpower\n>chat \u2606themautrixpkm|nice\n>p1 switch 5\n>p1 move calmmind\n>p2 move storedpower\n>p1 move calmmind\n>p2 switch 2\n>p1 move psyshock\n>p2 move bravebird\n>p2 switch 6\n>chat \u2606Ah Hib|Should I say nice too? Or accept that it is just rng?\n>p1 move psyshock\n>p2 move swordsdance\n>p1 move psyshock\n>p2 move knockoff\n>p1 switch 6\n>p1 move thunderbolt\n>p2 move quickattack\n>p2 switch 2\n>p1 move thunderbolt\n>p2 move dazzlinggleam\n>p1 switch 2\n>p1 move fireblast\n>p2 move recover\n>chat \u2606themautrixpkm|gay\n>p2 switch 3\n>forcelose p1", "uploadtime": 1732955675, "views": 2, "formatid": "gen9randombattle", "rating": 1696, "private": 0, "password": null}