{"id": "gen9randombattle-2253962360", "format": "[Gen 9] Random Battle", "players": ["Hopeliss", "GashadokuroNoShi"], "log": "|j|\u2606Hopeliss\n|j|\u2606GashadokuroNoShi\n|t:|1732972110\n|gametype|singles\n|player|p1|Hopeliss|265|1908\n|player|p2|GashadokuroNoShi|169|1832\n|teamsize|p1|6\n|teamsize|p2|6\n|gen|9\n|tier|[Gen 9] Random Battle\n|rated|\n|rule|Species Clause: Limit one of each Pok\u00e9mon\n|rule|HP Percentage Mod: HP is shown in percentages\n|rule|Sleep Clause Mod: Limit one foe put to sleep\n|rule|Illusion Level Mod: Illusion disguises the Pok\u00e9mon's true level\n|\n|t:|1732972110\n|start\n|switch|p1a: Ursaring|Ursaring, L84, M|288/288\n|switch|p2a: Appletun|Appletun, L92, F|352/352\n|turn|1\n|inactive|Battle timer is ON: inactive players will automatically lose when time's up. (requested by Hopeliss)\n|\n|t:|1732972122\n|move|p1a: Ursaring|Swords Dance|p1a: Ursaring\n|-boost|p1a: Ursaring|atk|2\n|move|p2a: Appletun|Leech Seed|p1a: Ursaring\n|-start|p1a: Ursaring|move: Leech Seed\n|\n|-damage|p1a: Ursaring|252/288|[from] Leech Seed|[of] p2a: Appletun\n|-status|p1a: Ursaring|tox|[from] item: Toxic Orb\n|upkeep\n|turn|2\n|\n|t:|1732972126\n|move|p1a: Ursaring|Facade|p2a: Appletun\n|-damage|p2a: Appletun|0 fnt\n|faint|p2a: Appletun\n|\n|-damage|p1a: Ursaring|234/288 tox|[from] psn\n|upkeep\n|\n|t:|1732972133\n|switch|p2a: Perrserker|Perrserker, L89, M|269/269\n|turn|3\n|\n|t:|1732972138\n|switch|p2a: Dragapult|Dragapult, L77, F|262/262\n|move|p1a: Ursaring|Close Combat|p2a: Dragapult\n|-immune|p2a: Dragapult\n|\n|-damage|p1a: Ursaring|198/288 tox|[from] Leech Seed|[of] p2a: Dragapult\n|-damage|p1a: Ursaring|162/288 tox|[from] psn\n|upkeep\n|turn|4\n|\n|t:|1732972145\n|switch|p2a: Perrserker|Perrserker, L89, M|269/269\n|move|p1a: Ursaring|Crunch|p2a: Perrserker\n|-damage|p2a: Perrserker|156/269\n|\n|-damage|p1a: Ursaring|126/288 tox|[from] Leech Seed|[of] p2a: Perrserker\n|-heal|p2a: Perrserker|192/269|[silent]\n|-damage|p1a: Ursaring|72/288 tox|[from] psn\n|upkeep\n|turn|5\n|\n|t:|1732972149\n|move|p1a: Ursaring|Close Combat|p2a: Perrserker\n|-supereffective|p2a: Perrserker\n|-damage|p2a: Perrserker|0 fnt\n|-unboost|p1a: Ursaring|def|1\n|-unboost|p1a: Ursaring|spd|1\n|faint|p2a: Perrserker\n|\n|-damage|p1a: Ursaring|0 fnt|[from] psn\n|faint|p1a: Ursaring\n|upkeep\n|\n|t:|1732972155\n|switch|p1a: Crawdaunt|Crawdaunt, L84, F|243/243\n|switch|p2a: Indeedee|Indeedee, L84, M|238/238\n|-fieldstart|move: Psychic Terrain|[from] ability: Psychic Surge|[of] p2a: Indeedee\n|turn|6\n|\n|t:|1732972159\n|move|p2a: Indeedee|Hyper Voice|p1a: Crawdaunt\n|-damage|p1a: Crawdaunt|75/243\n|-damage|p2a: Indeedee|215/238|[from] item: Life Orb\n|move|p1a: Crawdaunt|Knock Off|p2a: Indeedee\n|-supereffective|p2a: Indeedee\n|-damage|p2a: Indeedee|0 fnt\n|-enditem|p2a: Indeedee|Life Orb|[from] move: Knock Off|[of] p1a: Crawdaunt\n|faint|p2a: Indeedee\n|-damage|p1a: Crawdaunt|51/243|[from] item: Life Orb\n|\n|upkeep\n|\n|t:|1732972162\n|switch|p2a: Malamar|Malamar, L82, F|275/275\n|turn|7\n|\n|t:|1732972169\n|move|p1a: Crawdaunt|Aqua Jet|p2a: Malamar\n|-activate|p2a: Malamar|move: Psychic Terrain\n|move|p2a: Malamar|Superpower|p1a: Crawdaunt\n|-supereffective|p1a: Crawdaunt\n|-damage|p1a: Crawdaunt|0 fnt\n|-boost|p2a: Malamar|atk|1\n|-boost|p2a: Malamar|def|1\n|faint|p1a: Crawdaunt\n|\n|upkeep\n|\n|t:|1732972175\n|switch|p1a: Munkidori|Munkidori, L79, M|269/269\n|turn|8\n|\n|t:|1732972180\n|move|p1a: Munkidori|Fake Out|p2a: Malamar\n|-activate|p2a: Malamar|move: Psychic Terrain\n|move|p2a: Malamar|Knock Off|p1a: Munkidori\n|-supereffective|p1a: Munkidori\n|-damage|p1a: Munkidori|0 fnt\n|-enditem|p1a: Munkidori|Assault Vest|[from] move: Knock Off|[of] p2a: Malamar\n|faint|p1a: Munkidori\n|\n|upkeep\n|\n|t:|1732972186\n|switch|p1a: Meowscarada|Meowscarada, L78, F|247/247\n|turn|9\n|\n|t:|1732972192\n|-terastallize|p2a: Malamar|Steel\n|move|p1a: Meowscarada|U-turn|p2a: Malamar\n|-start|p1a: Meowscarada|typechange|Bug|[from] ability: Protean\n|-resisted|p2a: Malamar\n|-damage|p2a: Malamar|236/275\n|\n|t:|1732972198\n|switch|p1a: Vileplume|Vileplume, L86, F|269/269|[from] U-turn\n|move|p2a: Malamar|Superpower|p1a: Vileplume\n|-resisted|p1a: Vileplume\n|-damage|p1a: Vileplume|212/269\n|-boost|p2a: Malamar|atk|1\n|-boost|p2a: Malamar|def|1\n|\n|-heal|p1a: Vileplume|228/269|[from] item: Leftovers\n|upkeep\n|turn|10\n|\n|t:|1732972202\n|move|p2a: Malamar|Psycho Cut|p1a: Vileplume\n|-supereffective|p1a: Vileplume\n|-damage|p1a: Vileplume|0 fnt\n|faint|p1a: Vileplume\n|\n|-fieldend|move: Psychic Terrain\n|upkeep\n|\n|t:|1732972205\n|switch|p1a: Entei|Entei, L78|307/307\n|turn|11\n|\n|t:|1732972215\n|move|p1a: Entei|Flare Blitz|p2a: Malamar\n|-supereffective|p2a: Malamar\n|-damage|p2a: Malamar|56/275\n|-status|p2a: Malamar|brn\n|-damage|p1a: Entei|248/307|[from] Recoil\n|move|p2a: Malamar|Knock Off|p1a: Entei\n|-damage|p1a: Entei|146/307\n|-enditem|p1a: Entei|Choice Band|[from] move: Knock Off|[of] p2a: Malamar\n|\n|-damage|p2a: Malamar|39/275 brn|[from] brn\n|upkeep\n|turn|12\n|\n|t:|1732972222\n|move|p1a: Entei|Sacred Fire|p2a: Malamar\n|-supereffective|p2a: Malamar\n|-damage|p2a: Malamar|0 fnt\n|faint|p2a: Malamar\n|\n|upkeep\n|\n|t:|1732972248\n|switch|p2a: Dragapult|Dragapult, L77, F|262/262\n|turn|13\n|\n|t:|1732972256\n|move|p2a: Dragapult|Dragon Darts|p1a: Entei\n|-damage|p1a: Entei|64/307\n|-anim|p2a: Dragapult|Dragon Darts|p1a: Entei\n|-damage|p1a: Entei|0 fnt\n|faint|p1a: Entei\n|-damage|p2a: Dragapult|236/262|[from] item: Life Orb\n|\n|upkeep\n|\n|t:|1732972258\n|switch|p1a: Meowscarada|Meowscarada, L78, F|247/247\n|turn|14\n|\n|t:|1732972263\n|-terastallize|p1a: Meowscarada|Dark\n|move|p2a: Dragapult|Dragon Darts|p1a: Meowscarada\n|-damage|p1a: Meowscarada|157/247\n|-anim|p2a: Dragapult|Dragon Darts|p1a: Meowscarada\n|-damage|p1a: Meowscarada|67/247\n|-damage|p2a: Dragapult|210/262|[from] item: Life Orb\n|move|p1a: Meowscarada|Knock Off|p2a: Dragapult\n|-supereffective|p2a: Dragapult\n|-damage|p2a: Dragapult|0 fnt\n|-enditem|p2a: Dragapult|Life Orb|[from] move: Knock Off|[of] p1a: Meowscarada\n|faint|p2a: Dragapult\n|\n|upkeep\n|\n|t:|1732972268\n|switch|p2a: Staraptor|Staraptor, L79, M|263/263\n|turn|15\n|\n|t:|1732972271\n|move|p2a: Staraptor|Brave Bird|p1a: Meowscarada\n|-damage|p1a: Meowscarada|0 fnt\n|faint|p1a: Meowscarada\n|-damage|p2a: Staraptor|241/263|[from] Recoil\n|\n|win|GashadokuroNoShi\n|raw|Hopeliss's rating: 1908 &rarr; <strong>1884</strong><br />(-24 for losing)\n|raw|GashadokuroNoShi's rating: 1832 &rarr; <strong>1856</strong><br />(+24 for winning)\n|l|\u2606Hopeliss\n|player|p1|\n", "inputlog": ">version b107d77f5c90bd6555267ae244a6264823309ead\n>start {\"formatid\":\"gen9randombattle\",\"seed\":[13417,58093,32206,6730],\"rated\":\"Rated battle\"}\n>player p1 {\"name\":\"Hopeliss\",\"avatar\":\"265\",\"rating\":1908,\"seed\":[12575,63360,54193,31262]}\n>player p2 {\"name\":\"GashadokuroNoShi\",\"avatar\":\"169\",\"rating\":1832,\"seed\":[26522,8499,8427,16797]}\n>p1 move swordsdance\n>p2 move leechseed\n>p1 move facade\n>p2 move appleacid\n>p2 switch 4\n>p1 move closecombat\n>p2 switch 3\n>p1 move crunch\n>p2 switch 3\n>p1 move closecombat\n>p2 move stealthrock\n>p1 switch 4\n>p2 switch 2\n>p1 move knockoff\n>p2 move hypervoice\n>p2 switch 5\n>p1 move aquajet\n>p2 move superpower\n>p1 switch 5\n>p1 move fakeout\n>p2 move knockoff\n>p1 switch 3\n>p1 move uturn\n>p2 move superpower terastallize\n>p1 switch 2\n>p1 move leechseed\n>p2 move psychocut\n>p1 switch 6\n>p1 move flareblitz\n>p2 move knockoff\n>p1 move sacredfire\n>p2 move knockoff\n>p2 switch 3\n>p1 move stompingtantrum\n>p2 move dragondarts\n>p1 switch 2\n>p1 move knockoff terastallize\n>p2 move dragondarts\n>p2 switch 6\n>p1 move knockoff\n>p2 move bravebird", "uploadtime": 1732972277, "views": 6, "formatid": "gen9randombattle", "rating": 1856, "private": 0, "password": null}