{"id": "gen9randombattle-2253978445", "format": "[Gen 9] Random Battle", "players": ["RedfaceRadio", "Hokulearunning"], "log": "|j|\u2606RedfaceRadio\n|j|\u2606Hokulearunning\n|t:|1732974769\n|gametype|singles\n|player|p1|RedfaceRadio|janitor|1250\n|player|p2|Hokulearunning|266|1235\n|teamsize|p1|6\n|teamsize|p2|6\n|gen|9\n|tier|[Gen 9] Random Battle\n|rated|\n|rule|Species Clause: Limit one of each Pok\u00e9mon\n|rule|HP Percentage Mod: HP is shown in percentages\n|rule|Sleep Clause Mod: Limit one foe put to sleep\n|rule|Illusion Level Mod: Illusion disguises the Pok\u00e9mon's true level\n|\n|t:|1732974769\n|start\n|switch|p1a: Wyrdeer|Wyrdeer, L87, F|321/321\n|switch|p2a: Ambipom|Ambipom, L84, F|263/263\n|-ability|p1a: Wyrdeer|Intimidate|boost\n|-unboost|p2a: Ambipom|atk|1\n|turn|1\n|\n|t:|1732974777\n|move|p2a: Ambipom|Knock Off|p1a: Wyrdeer\n|-supereffective|p1a: Wyrdeer\n|-damage|p1a: Wyrdeer|163/321\n|-enditem|p1a: Wyrdeer|Leftovers|[from] move: Knock Off|[of] p2a: Ambipom\n|move|p1a: Wyrdeer|Body Slam|p2a: Ambipom\n|-damage|p2a: Ambipom|136/263\n|\n|upkeep\n|turn|2\n|inactive|Battle timer is ON: inactive players will automatically lose when time's up. (requested by Hokulearunning)\n|\n|t:|1732974826\n|switch|p2a: Golurk|Golurk, L87|297/297\n|move|p1a: Wyrdeer|Body Slam|p2a: Golurk\n|-immune|p2a: Golurk\n|\n|upkeep\n|turn|3\n|\n|t:|1732974839\n|move|p1a: Wyrdeer|Psychic Noise|p2a: Golurk\n|-crit|p2a: Golurk\n|-damage|p2a: Golurk|152/297\n|-start|p2a: Golurk|move: Heal Block\n|move|p2a: Golurk|Dynamic Punch|p1a: Wyrdeer\n|-damage|p1a: Wyrdeer|19/321\n|-start|p1a: Wyrdeer|confusion\n|-damage|p2a: Golurk|123/297|[from] item: Life Orb\n|\n|upkeep\n|turn|4\n|\n|t:|1732974861\n|-activate|p1a: Wyrdeer|confusion\n|-damage|p1a: Wyrdeer|0 fnt|[from] confusion\n|faint|p1a: Wyrdeer\n|move|p2a: Golurk|Earthquake|p1: Wyrdeer|[notarget]\n|-fail|p2a: Golurk\n|\n|-end|p2a: Golurk|move: Heal Block\n|upkeep\n|inactive|RedfaceRadio has 120 seconds left.\n|\n|t:|1732974878\n|switch|p1a: Kyogre|Kyogre, L71|259/259\n|-weather|RainDance|[from] ability: Drizzle|[of] p1a: Kyogre\n|turn|5\n|\n|t:|1732974900\n|move|p1a: Kyogre|Calm Mind|p1a: Kyogre\n|-boost|p1a: Kyogre|spa|1\n|-boost|p1a: Kyogre|spd|1\n|move|p2a: Golurk|Dynamic Punch|p1a: Kyogre\n|-damage|p1a: Kyogre|112/259\n|-start|p1a: Kyogre|confusion\n|-damage|p2a: Golurk|94/297|[from] item: Life Orb\n|\n|-weather|RainDance|[upkeep]\n|-heal|p1a: Kyogre|128/259|[from] item: Leftovers\n|upkeep\n|turn|6\n|\n|t:|1732974911\n|-activate|p1a: Kyogre|confusion\n|-damage|p1a: Kyogre|107/259|[from] confusion\n|move|p2a: Golurk|Stealth Rock|p1a: Kyogre\n|-sidestart|p1: RedfaceRadio|move: Stealth Rock\n|\n|-weather|RainDance|[upkeep]\n|-heal|p1a: Kyogre|123/259|[from] item: Leftovers\n|upkeep\n|turn|7\n|\n|t:|1732974915\n|-activate|p1a: Kyogre|confusion\n|-damage|p1a: Kyogre|104/259|[from] confusion\n|move|p2a: Golurk|Poltergeist|p1a: Kyogre\n|-activate|p1a: Kyogre|move: Poltergeist|Leftovers\n|-damage|p1a: Kyogre|0 fnt\n|faint|p1a: Kyogre\n|-damage|p2a: Golurk|65/297|[from] item: Life Orb\n|\n|-weather|RainDance|[upkeep]\n|upkeep\n|\n|t:|1732974932\n|switch|p1a: Solgaleo|Solgaleo, L74|325/325\n|-damage|p1a: Solgaleo|305/325|[from] Stealth Rock\n|turn|8\n|\n|t:|1732974947\n|move|p1a: Solgaleo|Knock Off|p2a: Golurk\n|-supereffective|p2a: Golurk\n|-damage|p2a: Golurk|0 fnt\n|-enditem|p2a: Golurk|Life Orb|[from] move: Knock Off|[of] p1a: Solgaleo\n|faint|p2a: Golurk\n|\n|-weather|RainDance|[upkeep]\n|upkeep\n|\n|t:|1732974967\n|switch|p2a: Golem|Golem-Alola, L93, F|300/300\n|turn|9\n|\n|t:|1732974975\n|move|p1a: Solgaleo|Close Combat|p2a: Golem\n|-supereffective|p2a: Golem\n|-damage|p2a: Golem|184/300\n|-unboost|p1a: Solgaleo|def|1\n|-unboost|p1a: Solgaleo|spd|1\n|move|p2a: Golem|Explosion|p1a: Solgaleo\n|-damage|p1a: Solgaleo|0 fnt\n|faint|p2a: Golem\n|faint|p1a: Solgaleo\n|\n|-weather|none\n|upkeep\n|inactive|Hokulearunning has 120 seconds left.\n|\n|t:|1732975006\n|switch|p1a: Donphan|Donphan, L84, M|288/288\n|switch|p2a: Espathra|Espathra, L80, F|283/283\n|-damage|p1a: Donphan|270/288|[from] Stealth Rock\n|turn|10\n|\n|t:|1732975024\n|move|p2a: Espathra|Lumina Crash|p1a: Donphan\n|-damage|p1a: Donphan|102/288\n|-unboost|p1a: Donphan|spd|2\n|move|p1a: Donphan|Rapid Spin|p2a: Espathra\n|-damage|p2a: Espathra|222/283\n|-boost|p1a: Donphan|spe|1\n|-sideend|p1: RedfaceRadio|Stealth Rock|[from] move: Rapid Spin|[of] p1a: Donphan\n|\n|-heal|p1a: Donphan|120/288|[from] item: Leftovers\n|-ability|p2a: Espathra|Speed Boost|boost\n|-boost|p2a: Espathra|spe|1\n|upkeep\n|turn|11\n|\n|t:|1732975037\n|move|p2a: Espathra|Lumina Crash|p1a: Donphan\n|-damage|p1a: Donphan|0 fnt\n|faint|p1a: Donphan\n|\n|-ability|p2a: Espathra|Speed Boost|boost\n|-boost|p2a: Espathra|spe|1\n|upkeep\n|\n|t:|1732975048\n|switch|p1a: Landorus|Landorus, L75, M|257/257\n|turn|12\n|\n|t:|1732975052\n|move|p2a: Espathra|Lumina Crash|p1a: Landorus\n|-damage|p1a: Landorus|109/257\n|-unboost|p1a: Landorus|spd|2\n|move|p1a: Landorus|Sludge Wave|p2a: Espathra\n|-damage|p2a: Espathra|70/283\n|\n|-ability|p2a: Espathra|Speed Boost|boost\n|-boost|p2a: Espathra|spe|1\n|upkeep\n|turn|13\n|\n|t:|1732975060\n|move|p2a: Espathra|Lumina Crash|p1a: Landorus\n|-damage|p1a: Landorus|0 fnt\n|faint|p1a: Landorus\n|\n|-ability|p2a: Espathra|Speed Boost|boost\n|-boost|p2a: Espathra|spe|1\n|upkeep\n|\n|t:|1732975061\n|switch|p1a: Rampardos|Rampardos, L90, M|321/321\n|turn|14\n|\n|t:|1732975066\n|move|p2a: Espathra|Lumina Crash|p1a: Rampardos\n|-damage|p1a: Rampardos|149/321\n|-unboost|p1a: Rampardos|spd|2\n|move|p1a: Rampardos|Zen Headbutt|p2a: Espathra\n|-resisted|p2a: Espathra\n|-damage|p2a: Espathra|0 fnt\n|faint|p2a: Espathra\n|\n|upkeep\n|\n|t:|1732975072\n|switch|p2a: Krookodile|Krookodile, L80, F|283/283\n|-ability|p2a: Krookodile|Intimidate|boost\n|-unboost|p1a: Rampardos|atk|1\n|turn|15\n|\n|t:|1732975080\n|move|p2a: Krookodile|Earthquake|p1a: Rampardos\n|-supereffective|p1a: Rampardos\n|-damage|p1a: Rampardos|0 fnt\n|faint|p1a: Rampardos\n|\n|win|Hokulearunning\n|raw|RedfaceRadio's rating: 1250 &rarr; <strong>1224</strong><br />(-26 for losing)\n|raw|Hokulearunning's rating: 1235 &rarr; <strong>1261</strong><br />(+26 for winning)\n", "inputlog": ">version b107d77f5c90bd6555267ae244a6264823309ead\n>start {\"formatid\":\"gen9randombattle\",\"seed\":[33797,8521,7965,61147],\"rated\":\"Rated battle\"}\n>player p1 {\"name\":\"RedfaceRadio\",\"avatar\":\"janitor\",\"rating\":1250,\"seed\":[3652,51582,8388,53400]}\n>player p2 {\"name\":\"Hokulearunning\",\"avatar\":\"266\",\"rating\":1235,\"seed\":[59712,27670,54288,46779]}\n>p1 move bodyslam\n>p2 move knockoff\n>p1 move bodyslam\n>p2 switch 2\n>p1 move psychicnoise\n>p2 move dynamicpunch\n>p1 move psychicnoise\n>p2 move earthquake\n>p1 switch 5\n>p1 move calmmind\n>p2 move dynamicpunch\n>p1 move icebeam\n>p2 move stealthrock\n>p1 move icebeam\n>p2 move poltergeist\n>p1 switch 2\n>p1 move knockoff\n>p2 move dynamicpunch\n>p2 switch 3\n>p1 move closecombat\n>p2 move explosion\n>p1 switch 4\n>p2 switch 5\n>p1 move rapidspin\n>p2 move luminacrash\n>p1 move earthquake\n>p2 move luminacrash\n>p1 switch 6\n>p1 move sludgewave\n>p2 move luminacrash\n>p1 move psychic\n>p2 move luminacrash\n>p1 switch 3\n>p1 move zenheadbutt\n>p2 move luminacrash\n>p2 switch 4\n>p1 move earthquake\n>p2 move earthquake", "uploadtime": 1732975087, "views": 1, "formatid": "gen9randombattle", "rating": 1224, "private": 0, "password": null}