{"id": "gen9randombattle-2253972530", "format": "[Gen 9] Random Battle", "players": ["pikachinnuuu", "omlettehead"], "log": "|j|\u2606pikachinnuuu\n|j|\u2606omlettehead\n|t:|1732973817\n|gametype|singles\n|player|p1|pikachinnuuu|265|\n|player|p2|omlettehead|steven|\n|teamsize|p1|6\n|teamsize|p2|6\n|gen|9\n|tier|[Gen 9] Random Battle\n|rule|Species Clause: Limit one of each Pok\u00e9mon\n|rule|HP Percentage Mod: HP is shown in percentages\n|rule|Sleep Clause Mod: Limit one foe put to sleep\n|rule|Illusion Level Mod: Illusion disguises the Pok\u00e9mon's true level\n|\n|t:|1732973817\n|start\n|switch|p1a: Mightyena|Mightyena, L95, F|287/287\n|switch|p2a: Leafeon|Leafeon, L88, F|258/258\n|-ability|p1a: Mightyena|Intimidate|boost\n|-unboost|p2a: Leafeon|atk|1\n|turn|1\n|inactive|Battle timer is ON: inactive players will automatically lose when time's up. (requested by omlettehead)\n|\n|t:|1732973833\n|move|p1a: Mightyena|Sucker Punch||[still]\n|-fail|p1a: Mightyena\n|move|p2a: Leafeon|Swords Dance|p2a: Leafeon\n|-boost|p2a: Leafeon|atk|2\n|\n|upkeep\n|turn|2\n|c|\u2606pikachinnuuu|fuck\n|inactive|omlettehead has 270 seconds left.\n|c|\u2606omlettehead|craze\n|inactive|omlettehead has 240 seconds left.\n|c|\u2606pikachinnuuu|attack\n|c|\u2606pikachinnuuu|karo\n|inactive|omlettehead has 210 seconds left.\n|\n|t:|1732973946\n|move|p1a: Mightyena|Sucker Punch|p2a: Leafeon\n|-damage|p2a: Leafeon|167/258\n|move|p2a: Leafeon|Double-Edge|p1a: Mightyena\n|-damage|p1a: Mightyena|83/287\n|-damage|p2a: Leafeon|100/258|[from] Recoil\n|-damage|p2a: Leafeon|75/258|[from] item: Life Orb\n|\n|upkeep\n|turn|3\n|\n|t:|1732973962\n|move|p1a: Mightyena|Sucker Punch||[still]\n|-fail|p1a: Mightyena\n|move|p2a: Leafeon|Swords Dance|p2a: Leafeon\n|-boost|p2a: Leafeon|atk|2\n|\n|upkeep\n|turn|4\n|\n|t:|1732973974\n|move|p1a: Mightyena|Sucker Punch||[still]\n|-fail|p1a: Mightyena\n|move|p2a: Leafeon|Swords Dance|p2a: Leafeon\n|-boost|p2a: Leafeon|atk|2\n|\n|upkeep\n|turn|5\n|\n|t:|1732973980\n|move|p1a: Mightyena|Sucker Punch|p2a: Leafeon\n|-damage|p2a: Leafeon|0 fnt\n|faint|p2a: Leafeon\n|\n|upkeep\n|\n|t:|1732973985\n|switch|p2a: Crabominable|Crabominable, L90, M|321/321\n|turn|6\n|c|\u2606pikachinnuuu|craz\n|\n|t:|1732973997\n|switch|p1a: Gothitelle|Gothitelle, L90, F|272/272\n|move|p2a: Crabominable|Drain Punch|p1a: Gothitelle\n|-resisted|p1a: Gothitelle\n|-damage|p1a: Gothitelle|171/272\n|\n|-heal|p1a: Gothitelle|188/272|[from] item: Leftovers\n|upkeep\n|turn|7\n|inactive|omlettehead has 210 seconds left.\n|\n|t:|1732974036\n|move|p1a: Gothitelle|Psychic Noise|p2a: Crabominable\n|-supereffective|p2a: Crabominable\n|-damage|p2a: Crabominable|115/321\n|-start|p2a: Crabominable|move: Heal Block\n|cant|p2a: Crabominable|move: Heal Block|Drain Punch\n|\n|-heal|p1a: Gothitelle|205/272|[from] item: Leftovers\n|upkeep\n|turn|8\n|inactive|omlettehead has 180 seconds left.\n|\n|t:|1732974067\n|move|p1a: Gothitelle|Focus Blast|p2a: Crabominable\n|-supereffective|p2a: Crabominable\n|-damage|p2a: Crabominable|0 fnt\n|faint|p2a: Crabominable\n|\n|-heal|p1a: Gothitelle|222/272|[from] item: Leftovers\n|upkeep\n|c|\u2606pikachinnuuu|jaldi use attack karo\n|\n|t:|1732974091\n|switch|p2a: Terapagos|Terapagos, L76, F|262/262\n|-activate|p2a: Terapagos|ability: Tera Shift\n|detailschange|p2a: Terapagos|Terapagos-Terastal, L76, F\n|-heal|p2a: Terapagos|269/269|[silent]\n|turn|9\n|\n|t:|1732974102\n|-terastallize|p1a: Gothitelle|Ghost\n|move|p2a: Terapagos|Calm Mind|p2a: Terapagos\n|-boost|p2a: Terapagos|spa|1\n|-boost|p2a: Terapagos|spd|1\n|move|p1a: Gothitelle|Psychic Noise|p2a: Terapagos\n|-activate|p2a: Terapagos|ability: Tera Shell\n|-resisted|p2a: Terapagos\n|-damage|p2a: Terapagos|242/269\n|-start|p2a: Terapagos|move: Heal Block\n|\n|-heal|p1a: Gothitelle|239/272|[from] item: Leftovers\n|upkeep\n|turn|10\n|\n|t:|1732974120\n|move|p2a: Terapagos|Calm Mind|p2a: Terapagos\n|-boost|p2a: Terapagos|spa|1\n|-boost|p2a: Terapagos|spd|1\n|move|p1a: Gothitelle|Psychic Noise|p2a: Terapagos\n|-damage|p2a: Terapagos|197/269\n|\n|-heal|p1a: Gothitelle|256/272|[from] item: Leftovers\n|-end|p2a: Terapagos|move: Heal Block\n|upkeep\n|turn|11\n|\n|t:|1732974133\n|move|p2a: Terapagos|Calm Mind|p2a: Terapagos\n|-boost|p2a: Terapagos|spa|1\n|-boost|p2a: Terapagos|spd|1\n|move|p1a: Gothitelle|Focus Blast|p2a: Terapagos|[miss]\n|-miss|p1a: Gothitelle|p2a: Terapagos\n|\n|-heal|p1a: Gothitelle|272/272|[from] item: Leftovers\n|upkeep\n|turn|12\n|inactive|omlettehead has 180 seconds left.\n|\n|t:|1732974154\n|move|p2a: Terapagos|Dark Pulse|p1a: Gothitelle\n|-supereffective|p1a: Gothitelle\n|-damage|p1a: Gothitelle|72/272\n|move|p1a: Gothitelle|Focus Blast|p2a: Terapagos\n|-supereffective|p2a: Terapagos\n|-crit|p2a: Terapagos\n|-damage|p2a: Terapagos|0 fnt\n|faint|p2a: Terapagos\n|\n|-heal|p1a: Gothitelle|89/272|[from] item: Leftovers\n|upkeep\n|c|\u2606omlettehead|????\n|c|\u2606pikachinnuuu|hehe\n|inactive|omlettehead has 150 seconds left.\n|c|\u2606omlettehead|antha boost unna kuda one shot entra\n|\n|t:|1732974186\n|switch|p2a: Manaphy|Manaphy, L78|284/284\n|turn|13\n|\n|t:|1732974195\n|move|p2a: Manaphy|Tail Glow|p2a: Manaphy\n|-boost|p2a: Manaphy|spa|3\n|move|p1a: Gothitelle|Thunderbolt|p2a: Manaphy\n|-supereffective|p2a: Manaphy\n|-damage|p2a: Manaphy|138/284\n|\n|-heal|p2a: Manaphy|155/284|[from] item: Leftovers\n|-heal|p1a: Gothitelle|106/272|[from] item: Leftovers\n|upkeep\n|turn|14\n|\n|t:|1732974203\n|move|p2a: Manaphy|Ice Beam|p1a: Gothitelle\n|-damage|p1a: Gothitelle|0 fnt\n|faint|p1a: Gothitelle\n|\n|-heal|p2a: Manaphy|172/284|[from] item: Leftovers\n|upkeep\n|\n|t:|1732974212\n|switch|p1a: Mightyena|Mightyena, L95, F|83/287\n|-ability|p1a: Mightyena|Intimidate|boost\n|-unboost|p2a: Manaphy|atk|1\n|turn|15\n|inactive|omlettehead has 150 seconds left.\n|\n|t:|1732974233\n|move|p2a: Manaphy|Ice Beam|p1a: Mightyena\n|-damage|p1a: Mightyena|0 fnt\n|faint|p1a: Mightyena\n|\n|-heal|p2a: Manaphy|189/284|[from] item: Leftovers\n|upkeep\n|\n|t:|1732974239\n|switch|p1a: Slaking|Slaking, L84, M|389/389\n|turn|16\n|inactive|omlettehead has 150 seconds left.\n|c|\u2606pikachinnuuu|comeback antunnav ga\n|\n|t:|1732974279\n|move|p1a: Slaking|Double-Edge|p2a: Manaphy\n|-damage|p2a: Manaphy|0 fnt\n|faint|p2a: Manaphy\n|-damage|p1a: Slaking|327/389|[from] Recoil\n|\n|upkeep\n|\n|t:|1732974285\n|switch|p2a: Iron Boulder|Iron Boulder, L77|265/265\n|turn|17\n|c|\u2606omlettehead|hatt\n|inactive|omlettehead has 120 seconds left.\n|\n|t:|1732974315\n|cant|p1a: Slaking|ability: Truant\n|move|p2a: Iron Boulder|Swords Dance|p2a: Iron Boulder\n|-boost|p2a: Iron Boulder|atk|2\n|\n|upkeep\n|turn|18\n|\n|t:|1732974328\n|move|p1a: Slaking|Double-Edge|p2a: Iron Boulder\n|-resisted|p2a: Iron Boulder\n|-damage|p2a: Iron Boulder|151/265\n|-damage|p1a: Slaking|289/389|[from] Recoil\n|move|p2a: Iron Boulder|Swords Dance|p2a: Iron Boulder\n|-boost|p2a: Iron Boulder|atk|2\n|\n|upkeep\n|turn|19\n|\n|t:|1732974335\n|cant|p1a: Slaking|ability: Truant\n|move|p2a: Iron Boulder|Close Combat|p1a: Slaking\n|-supereffective|p1a: Slaking\n|-damage|p1a: Slaking|0 fnt\n|-unboost|p2a: Iron Boulder|def|1\n|-unboost|p2a: Iron Boulder|spd|1\n|faint|p1a: Slaking\n|-damage|p2a: Iron Boulder|125/265|[from] item: Life Orb\n|\n|upkeep\n|\n|t:|1732974341\n|switch|p1a: Tsareena|Tsareena, L87, F|267/267\n|turn|20\n|\n|t:|1732974358\n|move|p2a: Iron Boulder|Zen Headbutt|p1a: Tsareena\n|-damage|p1a: Tsareena|0 fnt\n|faint|p1a: Tsareena\n|-damage|p2a: Iron Boulder|99/265|[from] item: Life Orb\n|\n|upkeep\n|\n|t:|1732974365\n|switch|p1a: Lunala|Lunala, L70|308/308\n|turn|21\n|\n|t:|1732974379\n|move|p2a: Iron Boulder|Zen Headbutt|p1a: Lunala|[miss]\n|-miss|p2a: Iron Boulder|p1a: Lunala\n|move|p1a: Lunala|Moongeist Beam|p2a: Iron Boulder\n|-supereffective|p2a: Iron Boulder\n|-damage|p2a: Iron Boulder|0 fnt\n|faint|p2a: Iron Boulder\n|-end|p2a: Iron Boulder|Quark Drive|[silent]\n|\n|upkeep\n|\n|t:|1732974383\n|switch|p2a: Snorlax|Snorlax, L82, F|397/397\n|turn|22\n|\n|t:|1732974399\n|move|p1a: Lunala|Moonblast|p2a: Snorlax\n|-damage|p2a: Snorlax|343/397\n|move|p2a: Snorlax|Curse|p2a: Snorlax\n|-unboost|p2a: Snorlax|spe|1\n|-boost|p2a: Snorlax|atk|1\n|-boost|p2a: Snorlax|def|1\n|\n|upkeep\n|turn|23\n|\n|t:|1732974406\n|move|p1a: Lunala|Calm Mind|p1a: Lunala\n|-boost|p1a: Lunala|spa|1\n|-boost|p1a: Lunala|spd|1\n|move|p2a: Snorlax|Curse|p2a: Snorlax\n|-unboost|p2a: Snorlax|spe|1\n|-boost|p2a: Snorlax|atk|1\n|-boost|p2a: Snorlax|def|1\n|\n|upkeep\n|turn|24\n|\n|t:|1732974412\n|move|p1a: Lunala|Moonblast|p2a: Snorlax\n|-damage|p2a: Snorlax|263/397\n|-unboost|p2a: Snorlax|spa|1\n|move|p2a: Snorlax|Crunch|p1a: Lunala\n|-supereffective|p1a: Lunala\n|-damage|p1a: Lunala|40/308\n|-unboost|p1a: Lunala|def|1\n|\n|-heal|p1a: Lunala|59/308|[from] item: Leftovers\n|upkeep\n|turn|25\n|\n|t:|1732974417\n|move|p1a: Lunala|Moonblast|p2a: Snorlax\n|-crit|p2a: Snorlax\n|-damage|p2a: Snorlax|136/397\n|-unboost|p2a: Snorlax|spa|1\n|move|p2a: Snorlax|Crunch|p1a: Lunala\n|-supereffective|p1a: Lunala\n|-damage|p1a: Lunala|0 fnt\n|faint|p1a: Lunala\n|\n|upkeep\n|\n|t:|1732974422\n|switch|p1a: Salazzle|Salazzle, L83, F|249/249\n|turn|26\n|\n|t:|1732974438\n|move|p1a: Salazzle|Fire Blast|p2a: Snorlax\n|-damage|p2a: Snorlax|79/397\n|move|p2a: Snorlax|Body Slam|p1a: Salazzle\n|-damage|p1a: Salazzle|0 fnt\n|faint|p1a: Salazzle\n|\n|win|omlettehead\n|l|\u2606pikachinnuuu\n|player|p1|\n", "inputlog": ">version b107d77f5c90bd6555267ae244a6264823309ead\n>start {\"formatid\":\"gen9randombattle\",\"seed\":[20117,14987,59541,4804]}\n>player p1 {\"name\":\"pikachinnuuu\",\"avatar\":\"265\",\"rating\":0,\"seed\":[31889,18924,5199,58171]}\n>player p2 {\"name\":\"omlettehead\",\"avatar\":\"steven\",\"rating\":0,\"seed\":[34219,7564,22461,25175]}\n>p1 move suckerpunch\n>p2 move swordsdance\n>chat \u2606pikachinnuuu|fuck\n>chat \u2606omlettehead|craze\n>chat \u2606pikachinnuuu|attack\n>chat \u2606pikachinnuuu|karo\n>p1 move suckerpunch\n>p2 move doubleedge\n>p1 move suckerpunch\n>p2 move swordsdance\n>p1 move suckerpunch\n>p2 move swordsdance\n>p1 move suckerpunch\n>p2 move leafblade\n>p2 switch 6\n>chat \u2606pikachinnuuu|craz\n>p1 switch 3\n>p2 move drainpunch\n>p1 move psychicnoise\n>p2 move drainpunch\n>p1 move focusblast\n>p2 move struggle\n>chat \u2606pikachinnuuu|jaldi use attack karo\n>p2 switch 5\n>p1 move psychicnoise terastallize\n>p2 move calmmind\n>p1 move psychicnoise\n>p2 move calmmind\n>p1 move focusblast\n>p2 move calmmind\n>p1 move focusblast\n>p2 move darkpulse\n>chat \u2606omlettehead|????\n>chat \u2606pikachinnuuu|hehe\n>chat \u2606omlettehead|antha boost unna kuda one shot entra\n>p2 switch 4\n>p1 move thunderbolt\n>p2 move tailglow\n>p1 move thunderbolt\n>p2 move icebeam\n>p1 switch 3\n>p1 move poisonfang\n>p2 move icebeam\n>p1 switch 4\n>chat \u2606pikachinnuuu|comeback antunnav ga\n>p1 move doubleedge\n>p2 move hydropump\n>p2 switch 3\n>chat \u2606omlettehead|hatt\n>p1 move doubleedge\n>p2 move swordsdance\n>p1 move doubleedge\n>p2 move swordsdance\n>p1 move doubleedge\n>p2 move closecombat\n>p1 switch 2\n>p1 move highjumpkick\n>p2 move zenheadbutt\n>p1 switch 6\n>p1 move moongeistbeam\n>p2 move zenheadbutt\n>p2 switch 2\n>p1 move moonblast\n>p2 move curse\n>p1 move calmmind\n>p2 move curse\n>p1 move moonblast\n>p2 move crunch\n>p1 move moonblast\n>p2 move crunch\n>p1 switch 5\n>p1 move fireblast\n>p2 move bodyslam", "uploadtime": 1732974462, "views": 2, "formatid": "gen9randombattle", "rating": null, "private": 0, "password": null}