{"id": "gen9randombattle-2253973200", "format": "[Gen 9] Random Battle", "players": ["Tobypoodle", "Carp Aliyah"], "log": "|j|\u2606Tobypoodle\n|j|\u2606Carp Aliyah\n|t:|1732973926\n|gametype|singles\n|player|p1|Tobypoodle|lass-gen4dp|1218\n|player|p2|Carp Aliyah|hilbert|1251\n|teamsize|p1|6\n|teamsize|p2|6\n|gen|9\n|tier|[Gen 9] Random Battle\n|rated|\n|rule|Species Clause: Limit one of each Pok\u00e9mon\n|rule|HP Percentage Mod: HP is shown in percentages\n|rule|Sleep Clause Mod: Limit one foe put to sleep\n|rule|Illusion Level Mod: Illusion disguises the Pok\u00e9mon's true level\n|\n|t:|1732973926\n|start\n|switch|p1a: Pikachu|Pikachu-Sinnoh, L93, M|216/216\n|switch|p2a: Umbreon|Umbreon, L84, F|297/297\n|turn|1\n|inactive|Battle timer is ON: inactive players will automatically lose when time's up. (requested by Tobypoodle)\n|inactive|Carp Aliyah also wants the timer to be on.\n|\n|t:|1732973935\n|move|p2a: Umbreon|Protect|p2a: Umbreon\n|-singleturn|p2a: Umbreon|Protect\n|move|p1a: Pikachu|Play Rough|p2a: Umbreon\n|-activate|p2a: Umbreon|move: Protect\n|\n|upkeep\n|turn|2\n|\n|t:|1732973953\n|move|p1a: Pikachu|Play Rough|p2a: Umbreon|[miss]\n|-miss|p1a: Pikachu|p2a: Umbreon\n|move|p2a: Umbreon|Wish|p2a: Umbreon\n|\n|upkeep\n|turn|3\n|\n|t:|1732973960\n|move|p1a: Pikachu|Play Rough|p2a: Umbreon|[miss]\n|-miss|p1a: Pikachu|p2a: Umbreon\n|move|p2a: Umbreon|Toxic|p1a: Pikachu\n|-status|p1a: Pikachu|tox\n|\n|-damage|p1a: Pikachu|203/216 tox|[from] psn\n|upkeep\n|turn|4\n|\n|t:|1732973968\n|move|p1a: Pikachu|Play Rough|p2a: Umbreon\n|-supereffective|p2a: Umbreon\n|-damage|p2a: Umbreon|109/297\n|move|p2a: Umbreon|Wish|p2a: Umbreon\n|\n|-heal|p2a: Umbreon|127/297|[from] item: Leftovers\n|-damage|p1a: Pikachu|177/216 tox|[from] psn\n|upkeep\n|turn|5\n|\n|t:|1732973983\n|move|p2a: Umbreon|Protect|p2a: Umbreon\n|-singleturn|p2a: Umbreon|Protect\n|move|p1a: Pikachu|Surf|p2a: Umbreon\n|-activate|p2a: Umbreon|move: Protect\n|\n|-heal|p2a: Umbreon|275/297|[from] move: Wish|[wisher] Umbreon\n|-heal|p2a: Umbreon|293/297|[from] item: Leftovers\n|-damage|p1a: Pikachu|138/216 tox|[from] psn\n|upkeep\n|turn|6\n|\n|t:|1732973993\n|move|p1a: Pikachu|Surf|p2a: Umbreon\n|-damage|p2a: Umbreon|227/297\n|move|p2a: Umbreon|Wish|p2a: Umbreon\n|\n|-heal|p2a: Umbreon|245/297|[from] item: Leftovers\n|-damage|p1a: Pikachu|86/216 tox|[from] psn\n|upkeep\n|turn|7\n|\n|t:|1732974005\n|switch|p1a: Wigglytuff|Wigglytuff, L96, F|424/424\n|move|p2a: Umbreon|Foul Play|p1a: Wigglytuff\n|-resisted|p1a: Wigglytuff\n|-damage|p1a: Wigglytuff|361/424\n|\n|-heal|p2a: Umbreon|297/297|[from] move: Wish|[wisher] Umbreon\n|-heal|p1a: Wigglytuff|387/424|[from] item: Leftovers\n|upkeep\n|turn|8\n|\n|t:|1732974027\n|move|p2a: Umbreon|Toxic|p1a: Wigglytuff\n|-status|p1a: Wigglytuff|tox\n|move|p1a: Wigglytuff|Wish|p1a: Wigglytuff\n|\n|-heal|p1a: Wigglytuff|413/424 tox|[from] item: Leftovers\n|-damage|p1a: Wigglytuff|387/424 tox|[from] psn\n|upkeep\n|turn|9\n|\n|t:|1732974035\n|move|p2a: Umbreon|Foul Play|p1a: Wigglytuff\n|-resisted|p1a: Wigglytuff\n|-damage|p1a: Wigglytuff|329/424 tox\n|move|p1a: Wigglytuff|Alluring Voice|p2a: Umbreon\n|-supereffective|p2a: Umbreon\n|-damage|p2a: Umbreon|147/297\n|\n|-heal|p1a: Wigglytuff|424/424 tox|[from] move: Wish|[wisher] Wigglytuff\n|-heal|p2a: Umbreon|165/297|[from] item: Leftovers\n|-damage|p1a: Wigglytuff|372/424 tox|[from] psn\n|upkeep\n|turn|10\n|\n|t:|1732974048\n|move|p2a: Umbreon|Protect|p2a: Umbreon\n|-singleturn|p2a: Umbreon|Protect\n|move|p1a: Wigglytuff|Alluring Voice|p2a: Umbreon\n|-activate|p2a: Umbreon|move: Protect\n|\n|-heal|p2a: Umbreon|183/297|[from] item: Leftovers\n|-heal|p1a: Wigglytuff|398/424 tox|[from] item: Leftovers\n|-damage|p1a: Wigglytuff|320/424 tox|[from] psn\n|upkeep\n|turn|11\n|\n|t:|1732974058\n|move|p2a: Umbreon|Wish|p2a: Umbreon\n|move|p1a: Wigglytuff|Alluring Voice|p2a: Umbreon\n|-supereffective|p2a: Umbreon\n|-damage|p2a: Umbreon|25/297\n|\n|-heal|p2a: Umbreon|43/297|[from] item: Leftovers\n|-heal|p1a: Wigglytuff|346/424 tox|[from] item: Leftovers\n|-damage|p1a: Wigglytuff|242/424 tox|[from] psn\n|upkeep\n|turn|12\n|\n|t:|1732974068\n|move|p2a: Umbreon|Protect|p2a: Umbreon\n|-singleturn|p2a: Umbreon|Protect\n|move|p1a: Wigglytuff|Wish|p1a: Wigglytuff\n|\n|-heal|p2a: Umbreon|191/297|[from] move: Wish|[wisher] Umbreon\n|-heal|p2a: Umbreon|209/297|[from] item: Leftovers\n|-heal|p1a: Wigglytuff|268/424 tox|[from] item: Leftovers\n|-damage|p1a: Wigglytuff|138/424 tox|[from] psn\n|upkeep\n|turn|13\n|\n|t:|1732974081\n|switch|p2a: Regigigas|Regigigas, L84|322/322\n|-start|p2a: Regigigas|ability: Slow Start\n|move|p1a: Wigglytuff|Protect||[still]\n|-fail|p1a: Wigglytuff\n|\n|-heal|p1a: Wigglytuff|350/424 tox|[from] move: Wish|[wisher] Wigglytuff\n|-heal|p1a: Wigglytuff|376/424 tox|[from] item: Leftovers\n|-damage|p1a: Wigglytuff|220/424 tox|[from] psn\n|upkeep\n|turn|14\n|\n|t:|1732974095\n|move|p1a: Wigglytuff|Knock Off|p2a: Regigigas\n|-damage|p2a: Regigigas|267/322\n|-enditem|p2a: Regigigas|Leftovers|[from] move: Knock Off|[of] p1a: Wigglytuff\n|move|p2a: Regigigas|Body Slam|p1a: Wigglytuff\n|-damage|p1a: Wigglytuff|123/424 tox\n|\n|-heal|p1a: Wigglytuff|149/424 tox|[from] item: Leftovers\n|-damage|p1a: Wigglytuff|0 fnt|[from] psn\n|faint|p1a: Wigglytuff\n|upkeep\n|\n|t:|1732974109\n|switch|p1a: Copperajah|Copperajah, L86, M|350/350\n|turn|15\n|\n|t:|1732974120\n|move|p2a: Regigigas|Knock Off|p1a: Copperajah\n|-damage|p1a: Copperajah|293/350\n|-enditem|p1a: Copperajah|Life Orb|[from] move: Knock Off|[of] p2a: Regigigas\n|move|p1a: Copperajah|Superpower|p2a: Regigigas\n|-supereffective|p2a: Regigigas\n|-damage|p2a: Regigigas|87/322\n|-unboost|p1a: Copperajah|atk|1\n|-unboost|p1a: Copperajah|def|1\n|\n|upkeep\n|turn|16\n|\n|t:|1732974132\n|move|p2a: Regigigas|Rest|p2a: Regigigas\n|-status|p2a: Regigigas|slp|[from] move: Rest\n|-heal|p2a: Regigigas|322/322 slp|[silent]\n|move|p1a: Copperajah|Superpower|p2a: Regigigas\n|-supereffective|p2a: Regigigas\n|-damage|p2a: Regigigas|200/322 slp\n|-unboost|p1a: Copperajah|atk|1\n|-unboost|p1a: Copperajah|def|1\n|\n|upkeep\n|turn|17\n|\n|t:|1732974146\n|switch|p1a: Typhlosion|Typhlosion, L84, F|267/267\n|cant|p2a: Regigigas|slp\n|move|p2a: Regigigas|Sleep Talk|p2a: Regigigas\n|move|p2a: Regigigas|Knock Off|p1a: Typhlosion|[from]move: Sleep Talk\n|-damage|p1a: Typhlosion|213/267\n|-enditem|p1a: Typhlosion|Choice Scarf|[from] move: Knock Off|[of] p2a: Regigigas\n|\n|upkeep\n|turn|18\n|\n|t:|1732974158\n|move|p1a: Typhlosion|Focus Blast|p2a: Regigigas\n|-supereffective|p2a: Regigigas\n|-damage|p2a: Regigigas|42/322 slp\n|cant|p2a: Regigigas|slp\n|move|p2a: Regigigas|Sleep Talk|p2a: Regigigas\n|move|p2a: Regigigas|Knock Off|p1a: Typhlosion|[from]move: Sleep Talk\n|-damage|p1a: Typhlosion|174/267\n|\n|-end|p2a: Regigigas|Slow Start\n|upkeep\n|turn|19\n|\n|t:|1732974182\n|-curestatus|p2a: Regigigas|slp|[msg]\n|move|p2a: Regigigas|Rest|p2a: Regigigas\n|-status|p2a: Regigigas|slp|[from] move: Rest\n|-heal|p2a: Regigigas|322/322 slp|[silent]\n|move|p1a: Typhlosion|Scorching Sands|p2a: Regigigas\n|-damage|p2a: Regigigas|273/322 slp\n|\n|upkeep\n|turn|20\n|\n|t:|1732974192\n|cant|p2a: Regigigas|slp\n|move|p2a: Regigigas|Sleep Talk|p2a: Regigigas\n|move|p2a: Regigigas|Rest||[from]move: Sleep Talk|[still]\n|-fail|p2a: Regigigas\n|move|p1a: Typhlosion|Focus Blast|p2a: Regigigas\n|-supereffective|p2a: Regigigas\n|-damage|p2a: Regigigas|125/322 slp\n|\n|upkeep\n|turn|21\n|\n|t:|1732974202\n|move|p1a: Typhlosion|Focus Blast|p2a: Regigigas|[miss]\n|-miss|p1a: Typhlosion|p2a: Regigigas\n|cant|p2a: Regigigas|slp\n|move|p2a: Regigigas|Sleep Talk|p2a: Regigigas\n|move|p2a: Regigigas|Rest||[from]move: Sleep Talk|[still]\n|-fail|p2a: Regigigas\n|\n|upkeep\n|turn|22\n|\n|t:|1732974215\n|-terastallize|p2a: Regigigas|Ghost\n|move|p1a: Typhlosion|Focus Blast|p2a: Regigigas\n|-immune|p2a: Regigigas\n|-curestatus|p2a: Regigigas|slp|[msg]\n|move|p2a: Regigigas|Rest|p2a: Regigigas\n|-status|p2a: Regigigas|slp|[from] move: Rest\n|-heal|p2a: Regigigas|322/322 slp|[silent]\n|\n|upkeep\n|turn|23\n|inactive|Tobypoodle has 120 seconds left.\n|\n|t:|1732974243\n|cant|p2a: Regigigas|slp\n|move|p2a: Regigigas|Sleep Talk|p2a: Regigigas\n|move|p2a: Regigigas|Body Slam|p1a: Typhlosion|[from]move: Sleep Talk\n|-damage|p1a: Typhlosion|33/267\n|move|p1a: Typhlosion|Fire Blast|p2a: Regigigas\n|-damage|p2a: Regigigas|208/322 slp\n|\n|upkeep\n|turn|24\n|inactive|Tobypoodle has 120 seconds left.\n|\n|t:|1732974255\n|move|p1a: Typhlosion|Fire Blast|p2a: Regigigas\n|-damage|p2a: Regigigas|97/322 slp\n|cant|p2a: Regigigas|slp\n|\n|upkeep\n|turn|25\n|inactive|Tobypoodle has 120 seconds left.\n|\n|t:|1732974269\n|-curestatus|p2a: Regigigas|slp|[msg]\n|move|p2a: Regigigas|Rest|p2a: Regigigas\n|-status|p2a: Regigigas|slp|[from] move: Rest\n|-heal|p2a: Regigigas|322/322 slp|[silent]\n|move|p1a: Typhlosion|Eruption|p2a: Regigigas\n|-damage|p2a: Regigigas|303/322 slp\n|\n|upkeep\n|turn|26\n|inactive|Tobypoodle has 120 seconds left.\n|\n|t:|1732974279\n|cant|p2a: Regigigas|slp\n|move|p2a: Regigigas|Sleep Talk|p2a: Regigigas\n|move|p2a: Regigigas|Rest||[from]move: Sleep Talk|[still]\n|-fail|p2a: Regigigas\n|move|p1a: Typhlosion|Fire Blast|p2a: Regigigas\n|-damage|p2a: Regigigas|189/322 slp\n|\n|upkeep\n|turn|27\n|inactive|Tobypoodle has 120 seconds left.\n|\n|t:|1732974292\n|move|p1a: Typhlosion|Fire Blast|p2a: Regigigas\n|-damage|p2a: Regigigas|84/322 slp\n|cant|p2a: Regigigas|slp\n|\n|upkeep\n|turn|28\n|inactive|Tobypoodle has 120 seconds left.\n|\n|t:|1732974298\n|-curestatus|p2a: Regigigas|slp|[msg]\n|move|p2a: Regigigas|Rest|p2a: Regigigas\n|-status|p2a: Regigigas|slp|[from] move: Rest\n|-heal|p2a: Regigigas|322/322 slp|[silent]\n|move|p1a: Typhlosion|Fire Blast|p2a: Regigigas\n|-damage|p2a: Regigigas|207/322 slp\n|\n|upkeep\n|turn|29\n|inactive|Tobypoodle has 120 seconds left.\n|\n|t:|1732974314\n|switch|p1a: Pikachu|Pikachu-Sinnoh, L93, M|86/216 tox\n|cant|p2a: Regigigas|slp\n|move|p2a: Regigigas|Sleep Talk|p2a: Regigigas\n|move|p2a: Regigigas|Rest||[from]move: Sleep Talk|[still]\n|-fail|p2a: Regigigas\n|\n|-damage|p1a: Pikachu|73/216 tox|[from] psn\n|upkeep\n|turn|30\n|inactive|Tobypoodle has 120 seconds left.\n|\n|t:|1732974327\n|move|p1a: Pikachu|Knock Off|p2a: Regigigas\n|-supereffective|p2a: Regigigas\n|-damage|p2a: Regigigas|85/322 slp\n|cant|p2a: Regigigas|slp\n|\n|-damage|p1a: Pikachu|47/216 tox|[from] psn\n|upkeep\n|turn|31\n|inactive|Tobypoodle has 120 seconds left.\n|\n|t:|1732974347\n|move|p1a: Pikachu|Knock Off|p2a: Regigigas\n|-supereffective|p2a: Regigigas\n|-damage|p2a: Regigigas|0 fnt\n|faint|p2a: Regigigas\n|-end|p2a: Regigigas|Slow Start|[silent]\n|\n|-damage|p1a: Pikachu|8/216 tox|[from] psn\n|upkeep\n|\n|t:|1732974362\n|switch|p2a: Umbreon|Umbreon, L84, F|209/297\n|turn|32\n|\n|t:|1732974367\n|move|p2a: Umbreon|Protect|p2a: Umbreon\n|-singleturn|p2a: Umbreon|Protect\n|move|p1a: Pikachu|Play Rough|p2a: Umbreon\n|-activate|p2a: Umbreon|move: Protect\n|\n|-heal|p2a: Umbreon|227/297|[from] item: Leftovers\n|-damage|p1a: Pikachu|0 fnt|[from] psn\n|faint|p1a: Pikachu\n|upkeep\n|inactive|Tobypoodle has 120 seconds left.\n|\n|t:|1732974383\n|switch|p1a: Typhlosion|Typhlosion, L84, F|33/267\n|turn|33\n|inactive|Tobypoodle has 120 seconds left.\n|\n|t:|1732974395\n|move|p1a: Typhlosion|Focus Blast|p2a: Umbreon\n|-supereffective|p2a: Umbreon\n|-damage|p2a: Umbreon|87/297\n|move|p2a: Umbreon|Wish|p2a: Umbreon\n|\n|-heal|p2a: Umbreon|105/297|[from] item: Leftovers\n|upkeep\n|turn|34\n|inactive|Tobypoodle has 120 seconds left.\n|\n|t:|1732974405\n|move|p2a: Umbreon|Protect|p2a: Umbreon\n|-singleturn|p2a: Umbreon|Protect\n|move|p1a: Typhlosion|Focus Blast|p2a: Umbreon\n|-activate|p2a: Umbreon|move: Protect\n|\n|-heal|p2a: Umbreon|253/297|[from] move: Wish|[wisher] Umbreon\n|-heal|p2a: Umbreon|271/297|[from] item: Leftovers\n|upkeep\n|turn|35\n|inactive|Tobypoodle has 120 seconds left.\n|\n|t:|1732974417\n|move|p1a: Typhlosion|Fire Blast|p2a: Umbreon|[miss]\n|-miss|p1a: Typhlosion|p2a: Umbreon\n|move|p2a: Umbreon|Toxic|p1a: Typhlosion\n|-status|p1a: Typhlosion|tox\n|\n|-heal|p2a: Umbreon|289/297|[from] item: Leftovers\n|-damage|p1a: Typhlosion|17/267 tox|[from] psn\n|upkeep\n|turn|36\n|\n|t:|1732974426\n|move|p1a: Typhlosion|Focus Blast|p2a: Umbreon|[miss]\n|-miss|p1a: Typhlosion|p2a: Umbreon\n|move|p2a: Umbreon|Wish|p2a: Umbreon\n|\n|-heal|p2a: Umbreon|297/297|[from] item: Leftovers\n|-damage|p1a: Typhlosion|0 fnt|[from] psn\n|faint|p1a: Typhlosion\n|upkeep\n|inactive|Tobypoodle has 120 seconds left.\n|\n|t:|1732974441\n|switch|p1a: Copperajah|Copperajah, L86, M|293/350\n|turn|37\n|inactive|Tobypoodle has 120 seconds left.\n|\n|t:|1732974466\n|switch|p2a: Weezing|Weezing, L88, M|258/258\n|-terastallize|p1a: Copperajah|Fairy\n|move|p1a: Copperajah|Play Rough|p2a: Weezing\n|-resisted|p2a: Weezing\n|-damage|p2a: Weezing|195/258\n|\n|-heal|p2a: Weezing|258/258|[from] move: Wish|[wisher] Umbreon\n|upkeep\n|turn|38\n|inactive|Tobypoodle has 120 seconds left.\n|inactive|Carp Aliyah has 120 seconds left.\n|\n|t:|1732974485\n|switch|p1a: Barraskewda|Barraskewda, L81, F|231/231\n|move|p2a: Weezing|Gunk Shot|p1a: Barraskewda\n|-damage|p1a: Barraskewda|65/231\n|-status|p1a: Barraskewda|psn\n|\n|-damage|p1a: Barraskewda|37/231 psn|[from] psn\n|upkeep\n|turn|39\n|inactive|Tobypoodle has 120 seconds left.\n|inactive|Carp Aliyah has 120 seconds left.\n|-message|Tobypoodle forfeited.\n|\n|win|Carp Aliyah\n|raw|Tobypoodle's rating: 1218 &rarr; <strong>1195</strong><br />(-23 for losing)\n|raw|Carp Aliyah's rating: 1251 &rarr; <strong>1274</strong><br />(+23 for winning)\n|l|\u2606Tobypoodle\n|player|p1|\n", "inputlog": ">version b107d77f5c90bd6555267ae244a6264823309ead\n>start {\"formatid\":\"gen9randombattle\",\"seed\":[64350,41666,3365,6495],\"rated\":\"Rated battle\"}\n>player p1 {\"name\":\"Tobypoodle\",\"avatar\":\"lass-gen4dp\",\"rating\":1218,\"seed\":[14221,46547,45435,41599]}\n>player p2 {\"name\":\"Carp Aliyah\",\"avatar\":\"hilbert\",\"rating\":1251,\"seed\":[45761,65442,55199,389]}\n>p1 move playrough\n>p2 move protect\n>p1 move playrough\n>p2 move wish\n>p1 move playrough\n>p2 move toxic\n>p1 move playrough\n>p2 move wish\n>p1 move surf\n>p2 move protect\n>p1 move surf\n>p2 move wish\n>p1 switch 5\n>p2 move foulplay\n>p1 move wish\n>p2 move toxic\n>p1 move alluringvoice\n>p2 move foulplay\n>p1 move alluringvoice\n>p2 move protect\n>p1 move alluringvoice\n>p2 move wish\n>p1 move wish\n>p2 move protect\n>p1 move protect\n>p2 switch 3\n>p1 move knockoff\n>p2 move bodyslam\n>p1 switch 3\n>p1 move superpower\n>p2 move knockoff\n>p1 move superpower\n>p2 move rest\n>p1 switch 4\n>p2 move sleeptalk\n>p1 move focusblast\n>p2 move sleeptalk\n>p1 move scorchingsands\n>p2 move rest\n>p1 move focusblast\n>p2 move sleeptalk\n>p1 move focusblast\n>p2 move sleeptalk\n>p1 move focusblast\n>p2 move rest terastallize\n>p1 move fireblast\n>p2 move sleeptalk\n>p1 move fireblast\n>p2 move bodyslam\n>p1 move eruption\n>p2 move rest\n>p1 move fireblast\n>p2 move sleeptalk\n>p1 move fireblast\n>p2 move bodyslam\n>p1 move fireblast\n>p2 move rest\n>p1 switch 5\n>p2 move sleeptalk\n>p1 move knockoff\n>p2 move bodyslam\n>p1 move knockoff\n>p2 move rest\n>p2 switch 3\n>p1 move playrough\n>p2 move protect\n>p1 switch 5\n>p1 move focusblast\n>p2 move wish\n>p1 move focusblast\n>p2 move protect\n>p1 move fireblast\n>p2 move toxic\n>p1 move focusblast\n>p2 move wish\n>p1 switch 4\n>p1 move playrough terastallize\n>p2 switch 2\n>p1 switch 2\n>p2 move gunkshot\n>forcelose p1", "uploadtime": 1732974503, "views": 1, "formatid": "gen9randombattle", "rating": 1195, "private": 0, "password": null}