{"id": "gen9randombattle-2254119121", "format": "[Gen 9] Random Battle", "players": ["BigBossJnack", "sagerazen"], "log": "|j|\u2606BigBossJnack\n|j|\u2606sagerazen\n|t:|1732993547\n|gametype|singles\n|player|p1|BigBossJnack|2|2108\n|player|p2|sagerazen|pryce|2033\n|teamsize|p1|6\n|teamsize|p2|6\n|gen|9\n|tier|[Gen 9] Random Battle\n|rated|\n|rule|Species Clause: Limit one of each Pok\u00e9mon\n|rule|HP Percentage Mod: HP is shown in percentages\n|rule|Sleep Clause Mod: Limit one foe put to sleep\n|rule|Illusion Level Mod: Illusion disguises the Pok\u00e9mon's true level\n|\n|t:|1732993547\n|start\n|switch|p1a: Cramorant|Cramorant, L86, F|261/261\n|switch|p2a: Lapras|Lapras, L87, F|367/367\n|turn|1\n|inactive|Battle timer is ON: inactive players will automatically lose when time's up. (requested by sagerazen)\n|\n|t:|1732993560\n|switch|p1a: Ceruledge|Ceruledge, L78, F|245/245\n|switch|p2a: Raging Bolt|Raging Bolt, L78|323/323\n|\n|upkeep\n|turn|2\n|\n|t:|1732993572\n|move|p1a: Ceruledge|Swords Dance|p1a: Ceruledge\n|-boost|p1a: Ceruledge|atk|2\n|move|p2a: Raging Bolt|Draco Meteor|p1a: Ceruledge\n|-damage|p1a: Ceruledge|98/245\n|-unboost|p2a: Raging Bolt|spa|2\n|\n|upkeep\n|turn|3\n|\n|t:|1732993582\n|-end|p2a: Raging Bolt|Protosynthesis|[silent]\n|switch|p2a: Dunsparce|Dunsparce, L86, M|312/312\n|move|p1a: Ceruledge|Bitter Blade|p2a: Dunsparce\n|-damage|p2a: Dunsparce|159/312\n|-heal|p1a: Ceruledge|175/245|[from] drain|[of] p2a: Dunsparce\n|\n|upkeep\n|turn|4\n|\n|t:|1732993593\n|move|p1a: Ceruledge|Bitter Blade|p2a: Dunsparce\n|-damage|p2a: Dunsparce|11/312\n|-heal|p1a: Ceruledge|245/245|[from] drain|[of] p2a: Dunsparce\n|move|p2a: Dunsparce|Roost|p2a: Dunsparce\n|-heal|p2a: Dunsparce|167/312\n|-singleturn|p2a: Dunsparce|move: Roost\n|\n|upkeep\n|turn|5\n|\n|t:|1732993605\n|switch|p2a: Lumineon|Lumineon, L93, M|279/279\n|move|p1a: Ceruledge|Bitter Blade|p2a: Lumineon\n|-resisted|p2a: Lumineon\n|-damage|p2a: Lumineon|177/279\n|\n|upkeep\n|turn|6\n|\n|t:|1732993611\n|move|p2a: Lumineon|Hydro Pump|p1a: Ceruledge\n|-supereffective|p1a: Ceruledge\n|-damage|p1a: Ceruledge|0 fnt\n|faint|p1a: Ceruledge\n|-damage|p2a: Lumineon|150/279|[from] item: Life Orb\n|\n|upkeep\n|\n|t:|1732993615\n|switch|p1a: Iron Leaves|Iron Leaves, L80|275/275\n|turn|7\n|\n|t:|1732993627\n|switch|p2a: Amoonguss|Amoonguss, L82, M|321/321\n|move|p1a: Iron Leaves|Close Combat|p2a: Amoonguss\n|-resisted|p2a: Amoonguss\n|-damage|p2a: Amoonguss|239/321\n|-unboost|p1a: Iron Leaves|def|1\n|-unboost|p1a: Iron Leaves|spd|1\n|\n|-heal|p2a: Amoonguss|259/321|[from] item: Leftovers\n|upkeep\n|turn|8\n|\n|t:|1732993635\n|-end|p1a: Iron Leaves|Quark Drive|[silent]\n|switch|p1a: Dodrio|Dodrio, L86, F|243/243\n|move|p2a: Amoonguss|Spore|p1a: Dodrio\n|-status|p1a: Dodrio|slp|[from] move: Spore\n|\n|-heal|p2a: Amoonguss|279/321|[from] item: Leftovers\n|upkeep\n|turn|9\n|\n|t:|1732993639\n|switch|p2a: Raging Bolt|Raging Bolt, L78|323/323\n|cant|p1a: Dodrio|slp\n|\n|upkeep\n|turn|10\n|\n|t:|1732993654\n|-terastallize|p1a: Dodrio|Ground\n|-curestatus|p1a: Dodrio|slp|[msg]\n|move|p1a: Dodrio|Swords Dance|p1a: Dodrio\n|-boost|p1a: Dodrio|atk|2\n|move|p2a: Raging Bolt|Volt Switch|p1a: Dodrio\n|-immune|p1a: Dodrio\n|\n|upkeep\n|turn|11\n|inactive|sagerazen has 120 seconds left.\n|\n|t:|1732993686\n|-end|p2a: Raging Bolt|Protosynthesis|[silent]\n|switch|p2a: Lumineon|Lumineon, L93, M|150/279\n|move|p1a: Dodrio|Swords Dance|p1a: Dodrio\n|-boost|p1a: Dodrio|atk|2\n|\n|upkeep\n|turn|12\n|\n|t:|1732993692\n|move|p1a: Dodrio|Double-Edge|p2a: Lumineon\n|-damage|p2a: Lumineon|0 fnt\n|faint|p2a: Lumineon\n|-damage|p1a: Dodrio|193/243|[from] Recoil\n|\n|upkeep\n|\n|t:|1732993701\n|switch|p2a: Amoonguss|Amoonguss, L82, M|321/321\n|turn|13\n|inactive|sagerazen has 120 seconds left.\n|\n|t:|1732993740\n|switch|p2a: Dunsparce|Dunsparce, L86, M|167/312\n|move|p1a: Dodrio|Double-Edge|p2a: Dunsparce\n|-damage|p2a: Dunsparce|0 fnt\n|faint|p2a: Dunsparce\n|-damage|p1a: Dodrio|138/243|[from] Recoil\n|\n|upkeep\n|\n|t:|1732993742\n|switch|p2a: Zacian|Zacian, L69|241/241\n|-ability|p2a: Zacian|Intrepid Sword|boost\n|-boost|p2a: Zacian|atk|1\n|turn|14\n|\n|t:|1732993748\n|move|p1a: Dodrio|Drill Run|p2a: Zacian\n|-damage|p2a: Zacian|0 fnt\n|faint|p2a: Zacian\n|\n|upkeep\n|c|\u2606sagerazen|For some reason I thought he was faster\n|\n|t:|1732993767\n|switch|p2a: Lapras|Lapras, L87, F|367/367\n|turn|15\n|\n|t:|1732993772\n|move|p1a: Dodrio|Double-Edge|p2a: Lapras\n|-damage|p2a: Lapras|0 fnt\n|faint|p2a: Lapras\n|-damage|p1a: Dodrio|17/243|[from] Recoil\n|\n|upkeep\n|\n|t:|1732993777\n|switch|p2a: Amoonguss|Amoonguss, L82, M|321/321\n|turn|16\n|inactive|sagerazen has 120 seconds left.\n|\n|t:|1732993782\n|move|p1a: Dodrio|Drill Run|p2a: Amoonguss\n|-damage|p2a: Amoonguss|0 fnt\n|faint|p2a: Amoonguss\n|\n|upkeep\n|\n|t:|1732993786\n|switch|p2a: Raging Bolt|Raging Bolt, L78|323/323\n|turn|17\n|\n|t:|1732993791\n|-terastallize|p2a: Raging Bolt|Electric\n|move|p2a: Raging Bolt|Thunderclap|p1a: Dodrio\n|-immune|p1a: Dodrio\n|move|p1a: Dodrio|Double-Edge|p2a: Raging Bolt\n|-damage|p2a: Raging Bolt|0 fnt\n|faint|p2a: Raging Bolt\n|-end|p2a: Raging Bolt|Protosynthesis|[silent]\n|-damage|p1a: Dodrio|0 fnt|[from] Recoil\n|faint|p1a: Dodrio\n|\n|win|BigBossJnack\n|raw|BigBossJnack's rating: 2108 &rarr; <strong>2124</strong><br />(+16 for winning)\n|raw|sagerazen's rating: 2033 &rarr; <strong>2017</strong><br />(-16 for losing)\n|c|\u2606sagerazen|gg\n|c|\u2606BigBossJnack|gg\n|l|\u2606sagerazen\n|player|p2|\n", "inputlog": ">version b107d77f5c90bd6555267ae244a6264823309ead\n>start {\"formatid\":\"gen9randombattle\",\"seed\":[52216,59877,18511,26615],\"rated\":\"Rated battle\"}\n>player p1 {\"name\":\"BigBossJnack\",\"avatar\":\"2\",\"rating\":2108,\"seed\":[42730,1318,57759,24172]}\n>player p2 {\"name\":\"sagerazen\",\"avatar\":\"pryce\",\"rating\":2033,\"seed\":[22183,14839,51205,21298]}\n>p1 switch 2\n>p2 switch 2\n>p1 move swordsdance\n>p2 move dracometeor\n>p1 move bitterblade\n>p2 switch 6\n>p1 move bitterblade\n>p2 move roost\n>p1 move bitterblade\n>p2 switch 5\n>p1 move poltergeist\n>p2 move hydropump\n>p1 switch 5\n>p1 move closecombat\n>p2 switch 4\n>p1 switch 3\n>p2 move spore\n>p1 move swordsdance\n>p2 switch 6\n>p1 move swordsdance terastallize\n>p2 move voltswitch\n>p1 move swordsdance\n>p2 switch 4\n>p1 move doubleedge\n>p2 move icebeam\n>p2 switch 6\n>p1 move doubleedge\n>p2 switch 5\n>p2 switch 3\n>p1 move drillrun\n>p2 move playrough\n>chat \u2606sagerazen|For some reason I thought he was faster\n>p2 switch 2\n>p1 move doubleedge\n>p2 move dragondance\n>p2 switch 5\n>p1 move drillrun\n>p2 move gigadrain\n>p2 switch 4\n>p1 move doubleedge\n>p2 move thunderclap terastallize", "uploadtime": 1732993806, "views": 1, "formatid": "gen9randombattle", "rating": 2017, "private": 0, "password": null}