{"id": "gen9randombattle-2254150426", "format": "[Gen 9] Random Battle", "players": ["SkillAndPatience", "meehka"], "log": "|j|\u2606SkillAndPatience\n|j|\u2606meehka\n|t:|1732997421\n|gametype|singles\n|player|p1|SkillAndPatience|bugcatcher-gen4dp|1097\n|player|p2|meehka|cynthia|1116\n|teamsize|p1|6\n|teamsize|p2|6\n|gen|9\n|tier|[Gen 9] Random Battle\n|rated|\n|rule|Species Clause: Limit one of each Pok\u00e9mon\n|rule|HP Percentage Mod: HP is shown in percentages\n|rule|Sleep Clause Mod: Limit one foe put to sleep\n|rule|Illusion Level Mod: Illusion disguises the Pok\u00e9mon's true level\n|\n|t:|1732997421\n|start\n|switch|p1a: Fezandipiti|Fezandipiti, L82, M|278/278\n|switch|p2a: Blaziken|Blaziken, L76, M|247/247\n|turn|1\n|\n|t:|1732997440\n|move|p2a: Blaziken|Protect|p2a: Blaziken\n|-singleturn|p2a: Blaziken|Protect\n|move|p1a: Fezandipiti|Play Rough|p2a: Blaziken\n|-activate|p2a: Blaziken|move: Protect\n|\n|-ability|p2a: Blaziken|Speed Boost|boost\n|-boost|p2a: Blaziken|spe|1\n|upkeep\n|turn|2\n|\n|t:|1732997459\n|switch|p2a: Jirachi|Jirachi, L80|291/291\n|move|p1a: Fezandipiti|Play Rough|p2a: Jirachi\n|-resisted|p2a: Jirachi\n|-damage|p2a: Jirachi|248/291\n|\n|-heal|p2a: Jirachi|266/291|[from] item: Leftovers\n|upkeep\n|turn|3\n|\n|t:|1732997470\n|-terastallize|p1a: Fezandipiti|Ground\n|move|p1a: Fezandipiti|Tera Blast|p2a: Jirachi|[anim] Tera Blast Ground\n|-supereffective|p2a: Jirachi\n|-damage|p2a: Jirachi|116/291\n|move|p2a: Jirachi|Stealth Rock|p1a: Fezandipiti\n|-sidestart|p1: SkillAndPatience|move: Stealth Rock\n|\n|-heal|p2a: Jirachi|134/291|[from] item: Leftovers\n|upkeep\n|turn|4\n|inactive|Battle timer is ON: inactive players will automatically lose when time's up. (requested by SkillAndPatience)\n|\n|t:|1732997502\n|switch|p2a: Lumineon|Lumineon, L93, M|279/279\n|move|p1a: Fezandipiti|Tera Blast|p2a: Lumineon|[anim] Tera Blast Ground\n|-damage|p2a: Lumineon|200/279\n|-status|p2a: Lumineon|tox|[from] ability: Toxic Chain|[of] p1a: Fezandipiti\n|\n|-damage|p2a: Lumineon|183/279 tox|[from] psn\n|upkeep\n|turn|5\n|\n|t:|1732997513\n|move|p2a: Lumineon|Hydro Pump|p1a: Fezandipiti|[miss]\n|-miss|p2a: Lumineon|p1a: Fezandipiti\n|move|p1a: Fezandipiti|Gunk Shot|p2a: Lumineon\n|-damage|p2a: Lumineon|75/279 tox\n|\n|-damage|p2a: Lumineon|41/279 tox|[from] psn\n|upkeep\n|turn|6\n|\n|t:|1732997521\n|move|p2a: Lumineon|Hydro Pump|p1a: Fezandipiti\n|-supereffective|p1a: Fezandipiti\n|-damage|p1a: Fezandipiti|96/278\n|move|p1a: Fezandipiti|Tera Blast|p2a: Lumineon|[anim] Tera Blast Ground\n|-damage|p2a: Lumineon|0 fnt\n|faint|p2a: Lumineon\n|\n|-heal|p1a: Fezandipiti|113/278|[from] item: Leftovers\n|upkeep\n|inactive|meehka has 120 seconds left.\n|\n|t:|1732997551\n|switch|p2a: Azumarill|Azumarill, L82, M|298/298\n|turn|7\n|inactive|meehka has 120 seconds left.\n|\n|t:|1732997562\n|move|p2a: Azumarill|Aqua Jet|p1a: Fezandipiti\n|-supereffective|p1a: Fezandipiti\n|-damage|p1a: Fezandipiti|0 fnt\n|faint|p1a: Fezandipiti\n|\n|upkeep\n|\n|t:|1732997567\n|switch|p1a: Arbok|Arbok, L87, M|246/246\n|-damage|p1a: Arbok|216/246|[from] Stealth Rock\n|-ability|p1a: Arbok|Intimidate|boost\n|-unboost|p2a: Azumarill|atk|1\n|turn|8\n|\n|t:|1732997576\n|switch|p2a: Jirachi|Jirachi, L80|134/291\n|move|p1a: Arbok|Gunk Shot|p2a: Jirachi\n|-immune|p2a: Jirachi\n|\n|-heal|p2a: Jirachi|152/291|[from] item: Leftovers\n|upkeep\n|turn|9\n|\n|t:|1732997594\n|move|p1a: Arbok|Sucker Punch|p2a: Jirachi\n|-supereffective|p2a: Jirachi\n|-damage|p2a: Jirachi|32/291\n|-damage|p1a: Arbok|192/246|[from] item: Life Orb\n|move|p2a: Jirachi|Body Slam|p1a: Arbok\n|-damage|p1a: Arbok|131/246\n|\n|-heal|p2a: Jirachi|50/291|[from] item: Leftovers\n|upkeep\n|turn|10\n|inactive|meehka has 120 seconds left.\n|\n|t:|1732997613\n|switch|p2a: Blaziken|Blaziken, L76, M|247/247\n|move|p1a: Arbok|Coil|p1a: Arbok\n|-boost|p1a: Arbok|atk|1\n|-boost|p1a: Arbok|def|1\n|-boost|p1a: Arbok|accuracy|1\n|\n|upkeep\n|turn|11\n|inactive|meehka has 120 seconds left.\n|\n|t:|1732997624\n|move|p1a: Arbok|Coil|p1a: Arbok\n|-boost|p1a: Arbok|atk|1\n|-boost|p1a: Arbok|def|1\n|-boost|p1a: Arbok|accuracy|1\n|move|p2a: Blaziken|Swords Dance|p2a: Blaziken\n|-boost|p2a: Blaziken|atk|2\n|\n|-ability|p2a: Blaziken|Speed Boost|boost\n|-boost|p2a: Blaziken|spe|1\n|upkeep\n|turn|12\n|\n|t:|1732997633\n|move|p2a: Blaziken|Swords Dance|p2a: Blaziken\n|-boost|p2a: Blaziken|atk|2\n|move|p1a: Arbok|Earthquake|p2a: Blaziken\n|-supereffective|p2a: Blaziken\n|-damage|p2a: Blaziken|0 fnt\n|faint|p2a: Blaziken\n|-damage|p1a: Arbok|107/246|[from] item: Life Orb\n|\n|upkeep\n|inactive|meehka has 120 seconds left.\n|\n|t:|1732997664\n|switch|p2a: Torterra|Torterra, L78, F|276/276\n|turn|13\n|\n|t:|1732997670\n|-terastallize|p2a: Torterra|Ground\n|move|p1a: Arbok|Gunk Shot|p2a: Torterra\n|-resisted|p2a: Torterra\n|-damage|p2a: Torterra|111/276\n|-status|p2a: Torterra|psn\n|-damage|p1a: Arbok|83/246|[from] item: Life Orb\n|move|p2a: Torterra|Shell Smash|p2a: Torterra\n|-unboost|p2a: Torterra|def|1\n|-unboost|p2a: Torterra|spd|1\n|-boost|p2a: Torterra|atk|2\n|-boost|p2a: Torterra|spa|2\n|-boost|p2a: Torterra|spe|2\n|\n|-damage|p2a: Torterra|77/276 psn|[from] psn\n|upkeep\n|turn|14\n|\n|t:|1732997688\n|move|p1a: Arbok|Sucker Punch|p2a: Torterra\n|-damage|p2a: Torterra|0 fnt\n|faint|p2a: Torterra\n|-damage|p1a: Arbok|59/246|[from] item: Life Orb\n|\n|upkeep\n|-message|meehka forfeited.\n|\n|win|SkillAndPatience\n|raw|SkillAndPatience's rating: 1097 &rarr; <strong>1124</strong><br />(+27 for winning)\n|raw|meehka's rating: 1116 &rarr; <strong>1090</strong><br />(-26 for losing)\n|l|\u2606meehka\n|player|p2|\n", "inputlog": ">version b107d77f5c90bd6555267ae244a6264823309ead\n>start {\"formatid\":\"gen9randombattle\",\"seed\":[15158,50863,49663,16108],\"rated\":\"Rated battle\"}\n>player p1 {\"name\":\"SkillAndPatience\",\"avatar\":\"bugcatcher-gen4dp\",\"rating\":1097,\"seed\":[30531,15576,31897,7270]}\n>player p2 {\"name\":\"meehka\",\"avatar\":\"cynthia\",\"rating\":1116,\"seed\":[57850,14580,8759,36004]}\n>p1 move playrough\n>p2 move protect\n>p1 move playrough\n>p2 switch 3\n>p1 move terablast terastallize\n>p2 move stealthrock\n>p1 move terablast\n>p2 switch 5\n>p1 move gunkshot\n>p2 move hydropump\n>p1 move terablast\n>p2 move hydropump\n>p2 switch 4\n>p1 move gunkshot\n>p2 move aquajet\n>p1 switch 3\n>p1 move gunkshot\n>p2 switch 5\n>p1 move suckerpunch\n>p2 move bodyslam\n>p1 move coil\n>p2 switch 3\n>p1 move coil\n>p2 move swordsdance\n>p1 move earthquake\n>p2 move swordsdance\n>p2 switch 2\n>p1 move gunkshot\n>p2 move shellsmash terastallize\n>p1 move suckerpunch\n>p2 move headlongrush\n>forcelose p2", "uploadtime": 1732997697, "views": 1, "formatid": "gen9randombattle", "rating": 1090, "private": 0, "password": null}