{"id": "gen9randombattle-2253855637", "format": "[Gen 9] Random Battle", "players": ["DarkDino4544", "Apollyon ST"], "log": "|j|\u2606DarkDino4544\n|j|\u2606Apollyon ST\n|t:|1732949759\n|gametype|singles\n|player|p1|DarkDino4544|266|1284\n|player|p2|Apollyon ST|unknown|1302\n|teamsize|p1|6\n|teamsize|p2|6\n|gen|9\n|tier|[Gen 9] Random Battle\n|rated|\n|rule|Species Clause: Limit one of each Pok\u00e9mon\n|rule|HP Percentage Mod: HP is shown in percentages\n|rule|Sleep Clause Mod: Limit one foe put to sleep\n|rule|Illusion Level Mod: Illusion disguises the Pok\u00e9mon's true level\n|\n|t:|1732949759\n|start\n|switch|p1a: Leafeon|Leafeon, L88, F|258/258\n|switch|p2a: Feraligatr|Feraligatr, L79, F|264/264\n|turn|1\n|\n|t:|1732949771\n|switch|p2a: Forretress|Forretress, L84, F|263/263\n|move|p1a: Leafeon|Swords Dance|p1a: Leafeon\n|-boost|p1a: Leafeon|atk|2\n|\n|upkeep\n|turn|2\n|\n|t:|1732949781\n|move|p1a: Leafeon|Knock Off|p2a: Forretress\n|-damage|p2a: Forretress|103/263\n|-enditem|p2a: Forretress|Leftovers|[from] move: Knock Off|[of] p1a: Leafeon\n|-damage|p1a: Leafeon|233/258|[from] item: Life Orb\n|move|p2a: Forretress|Stealth Rock|p1a: Leafeon\n|-sidestart|p1: DarkDino4544|move: Stealth Rock\n|\n|upkeep\n|turn|3\n|\n|t:|1732949789\n|move|p1a: Leafeon|Knock Off|p2a: Forretress\n|-damage|p2a: Forretress|2/263\n|-damage|p1a: Leafeon|208/258|[from] item: Life Orb\n|move|p2a: Forretress|Body Press|p1a: Leafeon\n|-damage|p1a: Leafeon|152/258\n|\n|upkeep\n|turn|4\n|\n|t:|1732949800\n|move|p1a: Leafeon|Knock Off|p2a: Forretress\n|-damage|p2a: Forretress|0 fnt\n|faint|p2a: Forretress\n|-damage|p1a: Leafeon|127/258|[from] item: Life Orb\n|\n|upkeep\n|\n|t:|1732949813\n|switch|p2a: Walking Wake|Walking Wake, L79|286/286\n|turn|5\n|\n|t:|1732949825\n|move|p2a: Walking Wake|Flamethrower|p1a: Leafeon\n|-supereffective|p1a: Leafeon\n|-damage|p1a: Leafeon|0 fnt\n|faint|p1a: Leafeon\n|\n|upkeep\n|\n|t:|1732949841\n|switch|p1a: Morpeko|Morpeko, L88, M|245/245\n|-damage|p1a: Morpeko|215/245|[from] Stealth Rock\n|turn|6\n|\n|t:|1732949848\n|-end|p2a: Walking Wake|Protosynthesis|[silent]\n|switch|p2a: Sandy Shocks|Sandy Shocks, L80|267/267\n|move|p1a: Morpeko|Aura Wheel|p2a: Sandy Shocks\n|-immune|p2a: Sandy Shocks\n|\n|-heal|p1a: Morpeko|230/245|[from] item: Leftovers\n|-formechange|p1a: Morpeko|Morpeko-Hangry||[from] ability: Hunger Switch\n|upkeep\n|turn|7\n|\n|t:|1732949862\n|move|p1a: Morpeko|Aura Wheel|p2a: Sandy Shocks\n|-damage|p2a: Sandy Shocks|138/267\n|-boost|p1a: Morpeko|spe|1\n|move|p2a: Sandy Shocks|Earth Power|p1a: Morpeko\n|-supereffective|p1a: Morpeko\n|-damage|p1a: Morpeko|0 fnt\n|faint|p1a: Morpeko\n|\n|upkeep\n|\n|t:|1732949875\n|switch|p1a: Greedent|Greedent, L86, F|347/347\n|-damage|p1a: Greedent|304/347|[from] Stealth Rock\n|turn|8\n|\n|t:|1732949883\n|move|p2a: Sandy Shocks|Volt Switch|p1a: Greedent\n|-crit|p1a: Greedent\n|-damage|p1a: Greedent|159/347\n|-enditem|p1a: Greedent|Sitrus Berry|[eat]\n|-heal|p1a: Greedent|245/347|[from] item: Sitrus Berry\n|-heal|p1a: Greedent|347/347|[from] ability: Cheek Pouch\n|\n|t:|1732949893\n|-end|p2a: Sandy Shocks|Protosynthesis|[silent]\n|switch|p2a: Gothitelle|Gothitelle, L90, M|272/272|[from] Volt Switch\n|move|p1a: Greedent|Swords Dance|p1a: Greedent\n|-boost|p1a: Greedent|atk|2\n|\n|upkeep\n|turn|9\n|\n|t:|1732949902\n|move|p2a: Gothitelle|Trick|p1a: Greedent\n|-activate|p2a: Gothitelle|move: Trick|[of] p1a: Greedent\n|-item|p1a: Greedent|Choice Scarf|[from] move: Trick\n|-enditem|p2a: Gothitelle|Choice Scarf|[silent]|[from] move: Trick\n|move|p1a: Greedent|Knock Off|p2a: Gothitelle\n|-supereffective|p2a: Gothitelle\n|-damage|p2a: Gothitelle|110/272\n|\n|upkeep\n|turn|10\n|\n|t:|1732949930\n|switch|p2a: Sableye|Sableye, L90, F|236/236\n|move|p1a: Greedent|Knock Off|p2a: Sableye\n|-damage|p2a: Sableye|95/236\n|-enditem|p2a: Sableye|Leftovers|[from] move: Knock Off|[of] p1a: Greedent\n|\n|upkeep\n|turn|11\n|\n|t:|1732949941\n|move|p2a: Sableye|Will-O-Wisp|p1a: Greedent\n|-status|p1a: Greedent|brn\n|move|p1a: Greedent|Knock Off|p2a: Sableye\n|-damage|p2a: Sableye|46/236\n|\n|-damage|p1a: Greedent|326/347 brn|[from] brn\n|upkeep\n|turn|12\n|\n|t:|1732949951\n|move|p2a: Sableye|Recover|p2a: Sableye\n|-heal|p2a: Sableye|164/236\n|move|p1a: Greedent|Knock Off|p2a: Sableye\n|-damage|p2a: Sableye|118/236\n|\n|-damage|p1a: Greedent|305/347 brn|[from] brn\n|upkeep\n|turn|13\n|\n|t:|1732949960\n|move|p2a: Sableye|Recover|p2a: Sableye\n|-heal|p2a: Sableye|236/236\n|move|p1a: Greedent|Knock Off|p2a: Sableye\n|-damage|p2a: Sableye|187/236\n|\n|-damage|p1a: Greedent|284/347 brn|[from] brn\n|upkeep\n|turn|14\n|\n|t:|1732949984\n|switch|p2a: Gothitelle|Gothitelle, L90, M|110/272\n|switch|p1a: Volbeat|Volbeat, L90, M|263/263\n|\n|upkeep\n|turn|15\n|\n|t:|1732950000\n|move|p1a: Volbeat|Lunge|p2a: Gothitelle\n|-supereffective|p2a: Gothitelle\n|-damage|p2a: Gothitelle|0 fnt\n|faint|p2a: Gothitelle\n|\n|upkeep\n|\n|t:|1732950006\n|switch|p2a: Walking Wake|Walking Wake, L79|286/286\n|turn|16\n|\n|t:|1732950012\n|move|p2a: Walking Wake|Flamethrower|p1a: Volbeat\n|-supereffective|p1a: Volbeat\n|-damage|p1a: Volbeat|61/263\n|move|p1a: Volbeat|Lunge|p2a: Walking Wake\n|-damage|p2a: Walking Wake|210/286\n|-unboost|p2a: Walking Wake|atk|1\n|\n|upkeep\n|turn|17\n|\n|t:|1732950020\n|move|p1a: Volbeat|Thunder Wave|p2a: Walking Wake\n|-status|p2a: Walking Wake|par\n|cant|p2a: Walking Wake|par\n|\n|upkeep\n|turn|18\n|\n|t:|1732950028\n|move|p1a: Volbeat|Lunge|p2a: Walking Wake\n|-damage|p2a: Walking Wake|132/286 par\n|-unboost|p2a: Walking Wake|atk|1\n|move|p2a: Walking Wake|Flamethrower|p1a: Volbeat\n|-supereffective|p1a: Volbeat\n|-damage|p1a: Volbeat|0 fnt\n|faint|p1a: Volbeat\n|\n|upkeep\n|\n|t:|1732950039\n|switch|p1a: Quaquaval|Quaquaval, L79, F|264/264\n|-damage|p1a: Quaquaval|248/264|[from] Stealth Rock\n|turn|19\n|\n|t:|1732950056\n|-end|p2a: Walking Wake|Protosynthesis|[silent]\n|switch|p2a: Sableye|Sableye, L90, F|187/236\n|move|p1a: Quaquaval|Rapid Spin|p2a: Sableye\n|-immune|p2a: Sableye\n|\n|upkeep\n|turn|20\n|\n|t:|1732950063\n|move|p2a: Sableye|Encore|p1a: Quaquaval\n|-start|p1a: Quaquaval|Encore\n|move|p1a: Quaquaval|Rapid Spin|p2a: Sableye\n|-immune|p2a: Sableye\n|\n|upkeep\n|turn|21\n|\n|t:|1732950069\n|switch|p1a: Greedent|Greedent, L86, F|284/347 brn\n|-damage|p1a: Greedent|241/347 brn|[from] Stealth Rock\n|move|p2a: Sableye|Will-O-Wisp|p1a: Greedent\n|-fail|p1a: Greedent|brn\n|\n|-damage|p1a: Greedent|220/347 brn|[from] brn\n|upkeep\n|turn|22\n|\n|t:|1732950084\n|move|p2a: Sableye|Recover|p2a: Sableye\n|-heal|p2a: Sableye|236/236\n|move|p1a: Greedent|Earthquake|p2a: Sableye\n|-damage|p2a: Sableye|199/236\n|\n|-damage|p1a: Greedent|199/347 brn|[from] brn\n|upkeep\n|turn|23\n|\n|t:|1732950101\n|move|p2a: Sableye|Encore|p1a: Greedent\n|-start|p1a: Greedent|Encore\n|move|p1a: Greedent|Earthquake|p2a: Sableye\n|-damage|p2a: Sableye|161/236\n|\n|-damage|p1a: Greedent|178/347 brn|[from] brn\n|upkeep\n|turn|24\n|\n|t:|1732950111\n|move|p2a: Sableye|Will-O-Wisp|p1a: Greedent\n|-fail|p1a: Greedent|brn\n|move|p1a: Greedent|Earthquake|p2a: Sableye\n|-damage|p2a: Sableye|120/236\n|\n|-damage|p1a: Greedent|157/347 brn|[from] brn\n|upkeep\n|turn|25\n|\n|t:|1732950120\n|move|p2a: Sableye|Recover|p2a: Sableye\n|-heal|p2a: Sableye|236/236\n|move|p1a: Greedent|Earthquake|p2a: Sableye\n|-damage|p2a: Sableye|195/236\n|\n|-damage|p1a: Greedent|136/347 brn|[from] brn\n|-end|p1a: Greedent|Encore\n|upkeep\n|turn|26\n|\n|t:|1732950129\n|move|p2a: Sableye|Will-O-Wisp|p1a: Greedent|[miss]\n|-miss|p2a: Sableye|p1a: Greedent\n|move|p1a: Greedent|Earthquake|p2a: Sableye\n|-damage|p2a: Sableye|159/236\n|\n|-damage|p1a: Greedent|115/347 brn|[from] brn\n|upkeep\n|turn|27\n|\n|t:|1732950138\n|move|p2a: Sableye|Will-O-Wisp|p1a: Greedent\n|-fail|p1a: Greedent|brn\n|move|p1a: Greedent|Earthquake|p2a: Sableye\n|-damage|p2a: Sableye|123/236\n|\n|-damage|p1a: Greedent|94/347 brn|[from] brn\n|upkeep\n|turn|28\n|\n|t:|1732950147\n|move|p2a: Sableye|Will-O-Wisp|p1a: Greedent\n|-fail|p1a: Greedent|brn\n|move|p1a: Greedent|Earthquake|p2a: Sableye\n|-damage|p2a: Sableye|84/236\n|\n|-damage|p1a: Greedent|73/347 brn|[from] brn\n|upkeep\n|turn|29\n|\n|t:|1732950156\n|move|p2a: Sableye|Recover|p2a: Sableye\n|-heal|p2a: Sableye|202/236\n|move|p1a: Greedent|Earthquake|p2a: Sableye\n|-damage|p2a: Sableye|166/236\n|\n|-damage|p1a: Greedent|52/347 brn|[from] brn\n|upkeep\n|turn|30\n|\n|t:|1732950170\n|move|p2a: Sableye|Recover|p2a: Sableye\n|-heal|p2a: Sableye|236/236\n|move|p1a: Greedent|Earthquake|p2a: Sableye\n|-damage|p2a: Sableye|200/236\n|\n|-damage|p1a: Greedent|31/347 brn|[from] brn\n|upkeep\n|turn|31\n|\n|t:|1732950178\n|move|p2a: Sableye|Will-O-Wisp|p1a: Greedent\n|-fail|p1a: Greedent|brn\n|move|p1a: Greedent|Earthquake|p2a: Sableye\n|-damage|p2a: Sableye|162/236\n|\n|-damage|p1a: Greedent|10/347 brn|[from] brn\n|upkeep\n|turn|32\n|\n|t:|1732950187\n|move|p2a: Sableye|Will-O-Wisp|p1a: Greedent\n|-fail|p1a: Greedent|brn\n|move|p1a: Greedent|Earthquake|p2a: Sableye\n|-damage|p2a: Sableye|127/236\n|\n|-damage|p1a: Greedent|0 fnt|[from] brn\n|faint|p1a: Greedent\n|upkeep\n|inactive|Battle timer is ON: inactive players will automatically lose when time's up. (requested by Apollyon ST)\n|\n|t:|1732950200\n|switch|p1a: Quaquaval|Quaquaval, L79, F|248/264\n|-damage|p1a: Quaquaval|232/264|[from] Stealth Rock\n|turn|33\n|\n|t:|1732950207\n|move|p2a: Sableye|Will-O-Wisp|p1a: Quaquaval\n|-status|p1a: Quaquaval|brn\n|move|p1a: Quaquaval|Aqua Step|p2a: Sableye\n|-damage|p2a: Sableye|82/236\n|-boost|p1a: Quaquaval|spe|1\n|\n|-damage|p1a: Quaquaval|216/264 brn|[from] brn\n|upkeep\n|turn|34\n|\n|t:|1732950222\n|move|p2a: Sableye|Recover|p2a: Sableye\n|-heal|p2a: Sableye|200/236\n|move|p1a: Quaquaval|Aqua Step|p2a: Sableye\n|-damage|p2a: Sableye|155/236\n|-boost|p1a: Quaquaval|spe|1\n|\n|-damage|p1a: Quaquaval|200/264 brn|[from] brn\n|upkeep\n|turn|35\n|\n|t:|1732950244\n|move|p1a: Quaquaval|Aqua Step|p2a: Sableye\n|-damage|p2a: Sableye|108/236\n|-boost|p1a: Quaquaval|spe|1\n|move|p2a: Sableye|Knock Off|p1a: Quaquaval\n|-resisted|p1a: Quaquaval\n|-damage|p1a: Quaquaval|140/264 brn\n|-enditem|p1a: Quaquaval|Assault Vest|[from] move: Knock Off|[of] p2a: Sableye\n|\n|-damage|p1a: Quaquaval|124/264 brn|[from] brn\n|upkeep\n|turn|36\n|\n|t:|1732950255\n|move|p2a: Sableye|Recover|p2a: Sableye\n|-heal|p2a: Sableye|226/236\n|move|p1a: Quaquaval|Aqua Step|p2a: Sableye\n|-damage|p2a: Sableye|178/236\n|-boost|p1a: Quaquaval|spe|1\n|\n|-damage|p1a: Quaquaval|108/264 brn|[from] brn\n|upkeep\n|turn|37\n|\n|t:|1732950266\n|move|p2a: Sableye|Encore|p1a: Quaquaval\n|-start|p1a: Quaquaval|Encore\n|move|p1a: Quaquaval|Aqua Step|p2a: Sableye\n|-damage|p2a: Sableye|133/236\n|-boost|p1a: Quaquaval|spe|1\n|\n|-damage|p1a: Quaquaval|92/264 brn|[from] brn\n|upkeep\n|turn|38\n|\n|t:|1732950275\n|move|p1a: Quaquaval|Aqua Step|p2a: Sableye\n|-damage|p2a: Sableye|85/236\n|-boost|p1a: Quaquaval|spe|1\n|move|p2a: Sableye|Knock Off|p1a: Quaquaval\n|-resisted|p1a: Quaquaval\n|-damage|p1a: Quaquaval|51/264 brn\n|\n|-damage|p1a: Quaquaval|35/264 brn|[from] brn\n|upkeep\n|turn|39\n|\n|t:|1732950285\n|move|p1a: Quaquaval|Aqua Step|p2a: Sableye\n|-damage|p2a: Sableye|38/236\n|move|p2a: Sableye|Knock Off|p1a: Quaquaval\n|-resisted|p1a: Quaquaval\n|-damage|p1a: Quaquaval|0 fnt\n|faint|p1a: Quaquaval\n|\n|upkeep\n|\n|t:|1732950292\n|switch|p1a: Rampardos|Rampardos, L90, M|321/321\n|-damage|p1a: Rampardos|281/321|[from] Stealth Rock\n|turn|40\n|\n|t:|1732950309\n|move|p2a: Sableye|Will-O-Wisp|p1a: Rampardos\n|-status|p1a: Rampardos|brn\n|move|p1a: Rampardos|Earthquake|p2a: Sableye\n|-damage|p2a: Sableye|0 fnt\n|faint|p2a: Sableye\n|\n|-damage|p1a: Rampardos|261/321 brn|[from] brn\n|upkeep\n|\n|t:|1732950324\n|switch|p2a: Feraligatr|Feraligatr, L79, F|264/264\n|turn|41\n|\n|t:|1732950333\n|-terastallize|p1a: Rampardos|Ground\n|move|p1a: Rampardos|Earthquake|p2a: Feraligatr\n|-crit|p2a: Feraligatr\n|-damage|p2a: Feraligatr|129/264\n|move|p2a: Feraligatr|Liquidation|p1a: Rampardos\n|-supereffective|p1a: Rampardos\n|-damage|p1a: Rampardos|0 fnt\n|faint|p1a: Rampardos\n|\n|win|Apollyon ST\n|raw|DarkDino4544's rating: 1284 &rarr; <strong>1260</strong><br />(-24 for losing)\n|raw|Apollyon ST's rating: 1302 &rarr; <strong>1321</strong><br />(+19 for winning)\n", "inputlog": ">version b107d77f5c90bd6555267ae244a6264823309ead\n>start {\"formatid\":\"gen9randombattle\",\"seed\":[51478,40271,8494,35794],\"rated\":\"Rated battle\"}\n>player p1 {\"name\":\"DarkDino4544\",\"avatar\":\"266\",\"rating\":1284,\"seed\":[2815,28330,7154,42609]}\n>player p2 {\"name\":\"Apollyon ST\",\"avatar\":\"unknown\",\"rating\":1302,\"seed\":[9435,60216,23124,23200]}\n>p1 move swordsdance\n>p2 switch 5\n>p1 move knockoff\n>p2 move stealthrock\n>p1 move knockoff\n>p2 move bodypress\n>p1 move knockoff\n>p2 move bodypress\n>p2 switch 4\n>p1 move leafblade\n>p2 move flamethrower\n>p1 switch 6\n>p1 move aurawheel\n>p2 switch 6\n>p1 move aurawheel\n>p2 move earthpower\n>p1 switch 3\n>p1 move swordsdance\n>p2 move voltswitch\n>p2 switch 3\n>p1 move knockoff\n>p2 move trick\n>p1 move knockoff\n>p2 switch 2\n>p1 move knockoff\n>p2 move willowisp\n>p1 move knockoff\n>p2 move recover\n>p1 move knockoff\n>p2 move recover\n>p1 switch 2\n>p2 switch 2\n>p1 move lunge\n>p2 move trick\n>p2 switch 6\n>p1 move lunge\n>p2 move flamethrower\n>p1 move thunderwave\n>p2 move flamethrower\n>p1 move lunge\n>p2 move flamethrower\n>p1 switch 5\n>p1 move rapidspin\n>p2 switch 2\n>p1 move aquastep\n>p2 move encore\n>p1 switch 2\n>p2 move willowisp\n>p1 move earthquake\n>p2 move recover\n>p1 move earthquake\n>p2 move encore\n>p1 move earthquake\n>p2 move willowisp\n>p1 move earthquake\n>p2 move recover\n>p1 move earthquake\n>p2 move willowisp\n>p1 move earthquake\n>p2 move willowisp\n>p1 move earthquake\n>p2 move willowisp\n>p1 move earthquake\n>p2 move recover\n>p1 move earthquake\n>p2 move recover\n>p1 move earthquake\n>p2 move willowisp\n>p1 move earthquake\n>p2 move willowisp\n>p1 switch 2\n>p1 move aquastep\n>p2 move willowisp\n>p1 move aquastep\n>p2 move recover\n>p1 move aquastep\n>p2 move knockoff\n>p1 move aquastep\n>p2 move recover\n>p1 move aquastep\n>p2 move encore\n>p1 move aquastep\n>p2 move knockoff\n>p1 move aquastep\n>p2 move knockoff\n>p1 switch 4\n>p1 move earthquake\n>p2 move willowisp\n>p2 switch 5\n>p1 move earthquake terastallize\n>p2 move liquidation", "uploadtime": 1732950342, "views": 1, "formatid": "gen9randombattle", "rating": 1260, "private": 0, "password": null}