{"id": "gen9randombattle-2253924832", "format": "[Gen 9] Random Battle", "players": ["Kateishi", "asshiba"], "log": "|j|\u2606Kateishi\n|j|\u2606asshiba\n|t:|1732964979\n|gametype|singles\n|player|p1|Kateishi|cynthia-gen4|1094\n|player|p2|asshiba|266|1090\n|teamsize|p1|6\n|teamsize|p2|6\n|gen|9\n|tier|[Gen 9] Random Battle\n|rated|\n|rule|Species Clause: Limit one of each Pok\u00e9mon\n|rule|HP Percentage Mod: HP is shown in percentages\n|rule|Sleep Clause Mod: Limit one foe put to sleep\n|rule|Illusion Level Mod: Illusion disguises the Pok\u00e9mon's true level\n|\n|t:|1732964979\n|start\n|switch|p1a: Qwilfish|Qwilfish-Hisui, L83, M|244/244\n|switch|p2a: Tatsugiri|Tatsugiri-Stretchy, L87, M|260/260\n|-ability|p1a: Qwilfish|Intimidate|boost\n|-unboost|p2a: Tatsugiri|atk|1\n|turn|1\n|\n|t:|1732965021\n|move|p2a: Tatsugiri|Surf|p1a: Qwilfish\n|-damage|p1a: Qwilfish|129/244\n|move|p1a: Qwilfish|Taunt|p2a: Tatsugiri\n|-start|p2a: Tatsugiri|move: Taunt\n|\n|upkeep\n|turn|2\n|\n|t:|1732965032\n|move|p2a: Tatsugiri|Surf|p1a: Qwilfish\n|-damage|p1a: Qwilfish|14/244\n|move|p1a: Qwilfish|Gunk Shot|p2a: Tatsugiri\n|-damage|p2a: Tatsugiri|106/260\n|-status|p2a: Tatsugiri|psn\n|\n|-damage|p2a: Tatsugiri|74/260 psn|[from] psn\n|upkeep\n|turn|3\n|\n|t:|1732965046\n|move|p2a: Tatsugiri|Surf|p1a: Qwilfish\n|-damage|p1a: Qwilfish|0 fnt\n|faint|p1a: Qwilfish\n|\n|-damage|p2a: Tatsugiri|42/260 psn|[from] psn\n|upkeep\n|\n|t:|1732965056\n|switch|p1a: Vikavolt|Vikavolt, L83, F|263/263\n|turn|4\n|\n|t:|1732965068\n|move|p2a: Tatsugiri|Draco Meteor|p1a: Vikavolt\n|-damage|p1a: Vikavolt|74/263\n|-unboost|p2a: Tatsugiri|spa|2\n|move|p1a: Vikavolt|Sticky Web|p2a: Tatsugiri\n|-sidestart|p2: asshiba|move: Sticky Web\n|\n|-damage|p2a: Tatsugiri|10/260 psn|[from] psn\n|-end|p2a: Tatsugiri|move: Taunt\n|upkeep\n|turn|5\n|\n|t:|1732965082\n|switch|p1a: Eiscue|Eiscue, L88, M|272/272\n|move|p2a: Tatsugiri|Draco Meteor|p1a: Eiscue\n|-damage|p1a: Eiscue|190/272\n|-unboost|p2a: Tatsugiri|spa|2\n|\n|-damage|p2a: Tatsugiri|0 fnt|[from] psn\n|faint|p2a: Tatsugiri\n|upkeep\n|\n|t:|1732965094\n|switch|p2a: Hitmonlee|Hitmonlee, L85, M|224/224\n|-activate|p2a: Hitmonlee|move: Sticky Web\n|-unboost|p2a: Hitmonlee|spe|1\n|-enditem|p2a: Hitmonlee|White Herb\n|-clearnegativeboost|p2a: Hitmonlee|[silent]\n|turn|6\n|\n|t:|1732965121\n|move|p2a: Hitmonlee|Close Combat|p1a: Eiscue\n|-activate|p1a: Eiscue|ability: Ice Face\n|-damage|p1a: Eiscue|190/272\n|-unboost|p2a: Hitmonlee|def|1\n|-unboost|p2a: Hitmonlee|spd|1\n|detailschange|p1a: Eiscue|Eiscue-Noice, L88, M\n|move|p1a: Eiscue|Tera Blast|p2a: Hitmonlee\n|-damage|p2a: Hitmonlee|163/224\n|\n|upkeep\n|turn|7\n|\n|t:|1732965135\n|move|p2a: Hitmonlee|Close Combat|p1a: Eiscue\n|-supereffective|p1a: Eiscue\n|-crit|p1a: Eiscue\n|-damage|p1a: Eiscue|0 fnt\n|-unboost|p2a: Hitmonlee|def|1\n|-unboost|p2a: Hitmonlee|spd|1\n|faint|p1a: Eiscue\n|\n|upkeep\n|\n|t:|1732965139\n|switch|p1a: Solgaleo|Solgaleo, L74|325/325\n|turn|8\n|\n|t:|1732965149\n|move|p2a: Hitmonlee|Knock Off|p1a: Solgaleo\n|-supereffective|p1a: Solgaleo\n|-damage|p1a: Solgaleo|149/325\n|-enditem|p1a: Solgaleo|Weakness Policy\n|-boost|p1a: Solgaleo|atk|2|[from] item: Weakness Policy\n|-boost|p1a: Solgaleo|spa|2|[from] item: Weakness Policy\n|move|p1a: Solgaleo|Psychic|p2a: Hitmonlee\n|-supereffective|p2a: Hitmonlee\n|-damage|p2a: Hitmonlee|0 fnt\n|faint|p2a: Hitmonlee\n|\n|upkeep\n|\n|t:|1732965166\n|switch|p2a: Slowbro|Slowbro-Galar, L87, F|307/307\n|-activate|p2a: Slowbro|move: Sticky Web\n|-unboost|p2a: Slowbro|spe|1\n|turn|9\n|\n|t:|1732965179\n|move|p1a: Solgaleo|Sunsteel Strike|p2a: Slowbro\n|-damage|p2a: Slowbro|121/307\n|move|p2a: Slowbro|Psychic|p1a: Solgaleo\n|-resisted|p1a: Solgaleo\n|-damage|p1a: Solgaleo|114/325\n|-damage|p2a: Slowbro|91/307|[from] item: Life Orb\n|\n|upkeep\n|turn|10\n|\n|t:|1732965189\n|move|p1a: Solgaleo|Psychic|p2a: Slowbro\n|-damage|p2a: Slowbro|0 fnt\n|faint|p2a: Slowbro\n|\n|upkeep\n|\n|t:|1732965195\n|switch|p2a: Mew|Mew, L82|298/298\n|-activate|p2a: Mew|move: Sticky Web\n|-unboost|p2a: Mew|spe|1\n|turn|11\n|\n|t:|1732965204\n|move|p1a: Solgaleo|Psychic|p2a: Mew\n|-resisted|p2a: Mew\n|-crit|p2a: Mew\n|-damage|p2a: Mew|175/298\n|move|p2a: Mew|Knock Off|p1a: Solgaleo\n|-supereffective|p1a: Solgaleo\n|-damage|p1a: Solgaleo|2/325\n|-damage|p2a: Mew|146/298|[from] item: Life Orb\n|\n|upkeep\n|turn|12\n|\n|t:|1732965214\n|move|p1a: Solgaleo|Sunsteel Strike|p2a: Mew\n|-damage|p2a: Mew|0 fnt\n|faint|p2a: Mew\n|\n|upkeep\n|\n|t:|1732965221\n|switch|p2a: Vespiquen|Vespiquen, L98, F|296/296\n|-ability|p2a: Vespiquen|Pressure\n|turn|13\n|\n|t:|1732965241\n|move|p1a: Solgaleo|Close Combat|p2a: Vespiquen\n|-resisted|p2a: Vespiquen\n|-damage|p2a: Vespiquen|265/296\n|-unboost|p1a: Solgaleo|def|1\n|-unboost|p1a: Solgaleo|spd|1\n|move|p2a: Vespiquen|Air Slash|p1a: Solgaleo\n|-resisted|p1a: Solgaleo\n|-damage|p1a: Solgaleo|0 fnt\n|faint|p1a: Solgaleo\n|\n|upkeep\n|\n|t:|1732965245\n|switch|p1a: Vikavolt|Vikavolt, L83, F|74/263\n|turn|14\n|\n|t:|1732965254\n|move|p2a: Vespiquen|Air Slash|p1a: Vikavolt\n|-damage|p1a: Vikavolt|0 fnt\n|faint|p1a: Vikavolt\n|\n|upkeep\n|\n|t:|1732965261\n|switch|p1a: Iron Hands|Iron Hands, L79|373/373\n|turn|15\n|\n|t:|1732965267\n|move|p2a: Vespiquen|Air Slash|p1a: Iron Hands\n|-damage|p1a: Iron Hands|298/373\n|move|p1a: Iron Hands|Wild Charge|p2a: Vespiquen\n|-supereffective|p2a: Vespiquen\n|-damage|p2a: Vespiquen|97/296\n|-damage|p1a: Iron Hands|256/373|[from] Recoil\n|\n|upkeep\n|turn|16\n|\n|t:|1732965277\n|move|p1a: Iron Hands|Fake Out||[still]\n|-hint|Fake Out only works on your first turn out.\n|-fail|p1a: Iron Hands\n|move|p2a: Vespiquen|Roost|p2a: Vespiquen\n|-heal|p2a: Vespiquen|245/296\n|-singleturn|p2a: Vespiquen|move: Roost\n|\n|upkeep\n|turn|17\n|\n|t:|1732965287\n|move|p2a: Vespiquen|Toxic|p1a: Iron Hands\n|-status|p1a: Iron Hands|tox\n|move|p1a: Iron Hands|Wild Charge|p2a: Vespiquen\n|-supereffective|p2a: Vespiquen\n|-damage|p2a: Vespiquen|65/296\n|-damage|p1a: Iron Hands|211/373 tox|[from] Recoil\n|\n|-damage|p1a: Iron Hands|188/373 tox|[from] psn\n|upkeep\n|turn|18\n|\n|t:|1732965298\n|move|p2a: Vespiquen|Roost|p2a: Vespiquen\n|-heal|p2a: Vespiquen|213/296\n|-singleturn|p2a: Vespiquen|move: Roost\n|move|p1a: Iron Hands|Wild Charge|p2a: Vespiquen\n|-damage|p2a: Vespiquen|126/296\n|-damage|p1a: Iron Hands|166/373 tox|[from] Recoil\n|\n|-damage|p1a: Iron Hands|120/373 tox|[from] psn\n|upkeep\n|turn|19\n|\n|t:|1732965311\n|move|p2a: Vespiquen|Roost|p2a: Vespiquen\n|-heal|p2a: Vespiquen|274/296\n|-singleturn|p2a: Vespiquen|move: Roost\n|move|p1a: Iron Hands|Wild Charge|p2a: Vespiquen\n|-damage|p2a: Vespiquen|180/296\n|-damage|p1a: Iron Hands|96/373 tox|[from] Recoil\n|\n|-damage|p1a: Iron Hands|27/373 tox|[from] psn\n|upkeep\n|turn|20\n|\n|t:|1732965323\n|move|p2a: Vespiquen|Roost|p2a: Vespiquen\n|-heal|p2a: Vespiquen|296/296\n|-singleturn|p2a: Vespiquen|move: Roost\n|move|p1a: Iron Hands|Wild Charge|p2a: Vespiquen\n|-damage|p2a: Vespiquen|214/296\n|-damage|p1a: Iron Hands|6/373 tox|[from] Recoil\n|\n|-damage|p1a: Iron Hands|0 fnt|[from] psn\n|faint|p1a: Iron Hands\n|-end|p1a: Iron Hands|Quark Drive|[silent]\n|upkeep\n|\n|t:|1732965326\n|switch|p1a: Feraligatr|Feraligatr, L79, F|264/264\n|turn|21\n|\n|t:|1732965343\n|move|p1a: Feraligatr|Ice Punch|p2a: Vespiquen\n|-supereffective|p2a: Vespiquen\n|-damage|p2a: Vespiquen|89/296\n|move|p2a: Vespiquen|Toxic|p1a: Feraligatr\n|-status|p1a: Feraligatr|tox\n|\n|-damage|p1a: Feraligatr|248/264 tox|[from] psn\n|upkeep\n|turn|22\n|\n|t:|1732965352\n|move|p1a: Feraligatr|Ice Punch|p2a: Vespiquen\n|-supereffective|p2a: Vespiquen\n|-damage|p2a: Vespiquen|0 fnt\n|faint|p2a: Vespiquen\n|\n|-damage|p1a: Feraligatr|216/264 tox|[from] psn\n|upkeep\n|\n|t:|1732965362\n|switch|p2a: Cloyster|Cloyster, L80, M|211/211\n|-activate|p2a: Cloyster|move: Sticky Web\n|-unboost|p2a: Cloyster|spe|1\n|-enditem|p2a: Cloyster|White Herb\n|-clearnegativeboost|p2a: Cloyster|[silent]\n|turn|23\n|\n|t:|1732965376\n|move|p1a: Feraligatr|Crunch|p2a: Cloyster\n|-damage|p2a: Cloyster|160/211\n|move|p2a: Cloyster|Shell Smash|p2a: Cloyster\n|-unboost|p2a: Cloyster|def|1\n|-unboost|p2a: Cloyster|spd|1\n|-boost|p2a: Cloyster|atk|2\n|-boost|p2a: Cloyster|spa|2\n|-boost|p2a: Cloyster|spe|2\n|\n|-damage|p1a: Feraligatr|168/264 tox|[from] psn\n|upkeep\n|turn|24\n|\n|t:|1732965390\n|-terastallize|p2a: Cloyster|Ground\n|move|p2a: Cloyster|Drill Run|p1a: Feraligatr\n|-damage|p1a: Feraligatr|30/264 tox\n|move|p1a: Feraligatr|Crunch|p2a: Cloyster\n|-damage|p2a: Cloyster|85/211\n|\n|-damage|p1a: Feraligatr|0 fnt|[from] psn\n|faint|p1a: Feraligatr\n|\n|win|asshiba\n|upkeep\n|raw|Kateishi's rating: 1094 &rarr; <strong>1070</strong><br />(-24 for losing)\n|raw|asshiba's rating: 1090 &rarr; <strong>1117</strong><br />(+27 for winning)\n", "inputlog": ">version b107d77f5c90bd6555267ae244a6264823309ead\n>start {\"formatid\":\"gen9randombattle\",\"seed\":[53216,38971,55342,37090],\"rated\":\"Rated battle\"}\n>player p1 {\"name\":\"Kateishi\",\"avatar\":\"cynthia-gen4\",\"rating\":1094,\"seed\":[54010,15178,33455,64998]}\n>player p2 {\"name\":\"asshiba\",\"avatar\":\"266\",\"rating\":1090,\"seed\":[22688,24292,13342,64010]}\n>p1 move taunt\n>p2 move surf\n>p1 move gunkshot\n>p2 move surf\n>p1 move gunkshot\n>p2 move surf\n>p1 switch 6\n>p1 move stickyweb\n>p2 move dracometeor\n>p1 switch 5\n>p2 move dracometeor\n>p2 switch 3\n>p1 move terablast\n>p2 move closecombat\n>p1 move bellydrum\n>p2 move closecombat\n>p1 switch 2\n>p1 move psychic\n>p2 move knockoff\n>p2 switch 6\n>p1 move sunsteelstrike\n>p2 move psychic\n>p1 move psychic\n>p2 move trickroom\n>p2 switch 4\n>p1 move psychic\n>p2 move knockoff\n>p1 move sunsteelstrike\n>p2 move knockoff\n>p2 switch 5\n>p1 move closecombat\n>p2 move airslash\n>p1 switch 5\n>p1 move discharge\n>p2 move airslash\n>p1 switch 3\n>p1 move wildcharge\n>p2 move airslash\n>p1 move fakeout\n>p2 move roost\n>p1 move wildcharge\n>p2 move toxic\n>p1 move wildcharge\n>p2 move roost\n>p1 move wildcharge\n>p2 move roost\n>p1 move wildcharge\n>p2 move roost\n>p1 switch 4\n>p1 move icepunch\n>p2 move toxic\n>p1 move icepunch\n>p2 move roost\n>p2 switch 2\n>p1 move crunch\n>p2 move shellsmash\n>p1 move crunch\n>p2 move drillrun terastallize", "uploadtime": 1732965391, "views": 1, "formatid": "gen9randombattle", "rating": 1070, "private": 0, "password": null}