{"id": "gen9randombattle-2253888403", "format": "[Gen 9] Random Battle", "players": ["igetbitches123", "Picchiamper"], "log": "|j|\u2606igetbitches123\n|j|\u2606Picchiamper\n|t:|1732956942\n|gametype|singles\n|player|p1|igetbitches123|170|1468\n|player|p2|Picchiamper|silver|1479\n|teamsize|p1|6\n|teamsize|p2|6\n|gen|9\n|tier|[Gen 9] Random Battle\n|rated|\n|rule|Species Clause: Limit one of each Pok\u00e9mon\n|rule|HP Percentage Mod: HP is shown in percentages\n|rule|Sleep Clause Mod: Limit one foe put to sleep\n|rule|Illusion Level Mod: Illusion disguises the Pok\u00e9mon's true level\n|\n|t:|1732956942\n|start\n|switch|p1a: Registeel|Registeel, L81|262/262\n|switch|p2a: Latios|Latios, L78, M|253/253\n|turn|1\n|inactive|Battle timer is ON: inactive players will automatically lose when time's up. (requested by Picchiamper)\n|\n|t:|1732956949\n|move|p2a: Latios|Calm Mind|p2a: Latios\n|-boost|p2a: Latios|spa|1\n|-boost|p2a: Latios|spd|1\n|move|p1a: Registeel|Iron Defense|p1a: Registeel\n|-boost|p1a: Registeel|def|2\n|\n|upkeep\n|turn|2\n|\n|t:|1732956955\n|move|p2a: Latios|Aura Sphere|p1a: Registeel\n|-supereffective|p1a: Registeel\n|-damage|p1a: Registeel|130/262\n|move|p1a: Registeel|Iron Head|p2a: Latios\n|-damage|p2a: Latios|178/253\n|\n|upkeep\n|turn|3\n|\n|t:|1732956961\n|move|p2a: Latios|Aura Sphere|p1a: Registeel\n|-supereffective|p1a: Registeel\n|-damage|p1a: Registeel|10/262\n|move|p1a: Registeel|Iron Head|p2a: Latios\n|-damage|p2a: Latios|99/253\n|\n|upkeep\n|turn|4\n|\n|t:|1732956968\n|move|p2a: Latios|Aura Sphere|p1a: Registeel\n|-supereffective|p1a: Registeel\n|-damage|p1a: Registeel|0 fnt\n|faint|p1a: Registeel\n|\n|upkeep\n|\n|t:|1732956988\n|switch|p1a: Rabsca|Rabsca, L91, F|284/284\n|turn|5\n|\n|t:|1732956993\n|move|p2a: Latios|Luster Purge|p1a: Rabsca\n|-resisted|p1a: Rabsca\n|-damage|p1a: Rabsca|202/284\n|move|p1a: Rabsca|Bug Buzz|p2a: Latios\n|-supereffective|p2a: Latios\n|-damage|p2a: Latios|0 fnt\n|faint|p2a: Latios\n|\n|upkeep\n|\n|t:|1732957011\n|switch|p2a: Honchkrow|Honchkrow, L86, F|312/312\n|turn|6\n|inactive|igetbitches123 has 120 seconds left.\n|\n|t:|1732957044\n|move|p2a: Honchkrow|Lash Out|p1a: Rabsca\n|-supereffective|p1a: Rabsca\n|-damage|p1a: Rabsca|0 fnt\n|faint|p1a: Rabsca\n|-ability|p2a: Honchkrow|Moxie|boost\n|-boost|p2a: Honchkrow|atk|1\n|\n|upkeep\n|inactive|igetbitches123 has 120 seconds left.\n|\n|t:|1732957062\n|switch|p1a: Flutter Mane|Flutter Mane, L74|203/203\n|turn|7\n|\n|t:|1732957075\n|move|p2a: Honchkrow|Sucker Punch|p1a: Flutter Mane\n|-damage|p1a: Flutter Mane|0 fnt\n|faint|p1a: Flutter Mane\n|-end|p1a: Flutter Mane|Protosynthesis|[silent]\n|-ability|p2a: Honchkrow|Moxie|boost\n|-boost|p2a: Honchkrow|atk|1\n|\n|upkeep\n|\n|t:|1732957087\n|switch|p1a: Cinderace|Cinderace, L77, M|249/249\n|turn|8\n|\n|t:|1732957101\n|move|p1a: Cinderace|High Jump Kick|p2a: Honchkrow|[miss]\n|-start|p1a: Cinderace|typechange|Fighting|[from] ability: Libero\n|-miss|p1a: Cinderace|p2a: Honchkrow\n|-damage|p1a: Cinderace|125/249|[from] highjumpkick\n|move|p2a: Honchkrow|Brave Bird|p1a: Cinderace\n|-supereffective|p1a: Cinderace\n|-damage|p1a: Cinderace|0 fnt\n|faint|p1a: Cinderace\n|-ability|p2a: Honchkrow|Moxie|boost\n|-boost|p2a: Honchkrow|atk|1\n|-damage|p2a: Honchkrow|271/312|[from] Recoil\n|\n|upkeep\n|-message|igetbitches123 forfeited.\n|\n|win|Picchiamper\n|raw|igetbitches123's rating: 1468 &rarr; <strong>1449</strong><br />(-19 for losing)\n|raw|Picchiamper's rating: 1479 &rarr; <strong>1498</strong><br />(+19 for winning)\n|l|\u2606igetbitches123\n|player|p1|\n", "inputlog": ">version b107d77f5c90bd6555267ae244a6264823309ead\n>start {\"formatid\":\"gen9randombattle\",\"seed\":[60280,8088,30669,37421],\"rated\":\"Rated battle\"}\n>player p1 {\"name\":\"igetbitches123\",\"avatar\":\"170\",\"rating\":1468,\"seed\":[29169,34907,58117,19058]}\n>player p2 {\"name\":\"Picchiamper\",\"avatar\":\"silver\",\"rating\":1479,\"seed\":[36807,41877,43022,23746]}\n>p1 move irondefense\n>p2 move calmmind\n>p1 move ironhead\n>p2 move aurasphere\n>p1 move ironhead\n>p2 move aurasphere\n>p1 move rest\n>p2 move aurasphere\n>p1 switch 3\n>p1 move bugbuzz\n>p2 move lusterpurge\n>p2 switch 5\n>p1 move bugbuzz\n>p2 move lashout\n>p1 switch 6\n>p1 move moonblast\n>p2 move suckerpunch\n>p1 switch 5\n>p1 move highjumpkick\n>p2 move bravebird\n>forcelose p1", "uploadtime": 1732957109, "views": 2, "formatid": "gen9randombattle", "rating": 1449, "private": 0, "password": null}