{"id": "gen9randombattle-2254066607", "format": "[Gen 9] Random Battle", "players": ["BigBossJnack", "xavierjs"], "log": "|j|\u2606BigBossJnack\n|j|\u2606xavierjs\n|t:|1732987060\n|gametype|singles\n|player|p1|BigBossJnack|2|2072\n|player|p2|xavierjs|266|2054\n|teamsize|p1|6\n|teamsize|p2|6\n|gen|9\n|tier|[Gen 9] Random Battle\n|rated|\n|rule|Species Clause: Limit one of each Pok\u00e9mon\n|rule|HP Percentage Mod: HP is shown in percentages\n|rule|Sleep Clause Mod: Limit one foe put to sleep\n|rule|Illusion Level Mod: Illusion disguises the Pok\u00e9mon's true level\n|\n|t:|1732987060\n|start\n|switch|p1a: Dialga|Dialga, L73|266/266\n|switch|p2a: Chi-Yu|Chi-Yu, L77|211/211\n|-ability|p2a: Chi-Yu|Beads of Ruin\n|-ability|p1a: Dialga|Pressure\n|turn|1\n|inactive|Battle timer is ON: inactive players will automatically lose when time's up. (requested by xavierjs)\n|\n|t:|1732987082\n|switch|p1a: Giratina|Giratina, L75|349/349\n|-ability|p1a: Giratina|Pressure\n|move|p2a: Chi-Yu|Overheat|p1a: Giratina\n|-resisted|p1a: Giratina\n|-damage|p1a: Giratina|215/349\n|-unboost|p2a: Chi-Yu|spa|2\n|\n|-heal|p1a: Giratina|236/349|[from] item: Leftovers\n|upkeep\n|turn|2\n|\n|t:|1732987094\n|switch|p2a: Frosmoth|Frosmoth, L82, F|249/249\n|move|p1a: Giratina|Calm Mind|p1a: Giratina\n|-boost|p1a: Giratina|spa|1\n|-boost|p1a: Giratina|spd|1\n|\n|-heal|p1a: Giratina|257/349|[from] item: Leftovers\n|upkeep\n|turn|3\n|\n|t:|1732987099\n|move|p1a: Giratina|Dragon Pulse|p2a: Frosmoth\n|-damage|p2a: Frosmoth|196/249\n|move|p2a: Frosmoth|Quiver Dance|p2a: Frosmoth\n|-boost|p2a: Frosmoth|spa|1\n|-boost|p2a: Frosmoth|spd|1\n|-boost|p2a: Frosmoth|spe|1\n|\n|-heal|p1a: Giratina|278/349|[from] item: Leftovers\n|upkeep\n|turn|4\n|\n|t:|1732987104\n|switch|p1a: Arcanine|Arcanine, L84, M|288/288\n|-ability|p1a: Arcanine|Intimidate|boost\n|-unboost|p2a: Frosmoth|atk|1\n|move|p2a: Frosmoth|Quiver Dance|p2a: Frosmoth\n|-boost|p2a: Frosmoth|spa|1\n|-boost|p2a: Frosmoth|spd|1\n|-boost|p2a: Frosmoth|spe|1\n|\n|upkeep\n|turn|5\n|\n|t:|1732987128\n|switch|p2a: Gyarados|Gyarados, L79, F|280/280\n|move|p1a: Arcanine|Flare Blitz|p2a: Gyarados\n|-resisted|p2a: Gyarados\n|-damage|p2a: Gyarados|205/280\n|-damage|p1a: Arcanine|263/288|[from] Recoil\n|\n|upkeep\n|turn|6\n|\n|t:|1732987137\n|switch|p1a: Dialga|Dialga, L73|266/266\n|-ability|p1a: Dialga|Pressure\n|switch|p2a: Dugtrio|Dugtrio-Alola, L84, M|196/196\n|\n|upkeep\n|turn|7\n|\n|t:|1732987146\n|move|p2a: Dugtrio|Stealth Rock|p1a: Dialga\n|-sidestart|p1: BigBossJnack|move: Stealth Rock\n|move|p1a: Dialga|Fire Blast|p2a: Dugtrio|[miss]\n|-miss|p1a: Dialga|p2a: Dugtrio\n|\n|upkeep\n|turn|8\n|\n|t:|1732987149\n|move|p2a: Dugtrio|Earthquake|p1a: Dialga\n|-supereffective|p1a: Dialga\n|-damage|p1a: Dialga|14/266\n|-damage|p2a: Dugtrio|177/196|[from] item: Life Orb\n|move|p1a: Dialga|Fire Blast|p2a: Dugtrio\n|-supereffective|p2a: Dugtrio\n|-damage|p2a: Dugtrio|0 fnt\n|faint|p2a: Dugtrio\n|\n|-heal|p1a: Dialga|30/266|[from] item: Leftovers\n|upkeep\n|\n|t:|1732987155\n|switch|p2a: Gyarados|Gyarados, L79, F|205/280\n|turn|9\n|\n|t:|1732987161\n|switch|p1a: Giratina|Giratina, L75|278/349\n|-damage|p1a: Giratina|235/349|[from] Stealth Rock\n|-ability|p1a: Giratina|Pressure\n|move|p2a: Gyarados|Earthquake|p1a: Giratina\n|-damage|p1a: Giratina|171/349\n|\n|-heal|p1a: Giratina|192/349|[from] item: Leftovers\n|upkeep\n|turn|10\n|\n|t:|1732987169\n|switch|p2a: Chi-Yu|Chi-Yu, L77|211/211\n|-ability|p2a: Chi-Yu|Beads of Ruin\n|move|p1a: Giratina|Calm Mind|p1a: Giratina\n|-boost|p1a: Giratina|spa|1\n|-boost|p1a: Giratina|spd|1\n|\n|-heal|p1a: Giratina|213/349|[from] item: Leftovers\n|upkeep\n|turn|11\n|\n|t:|1732987175\n|move|p2a: Chi-Yu|Dark Pulse|p1a: Giratina\n|-supereffective|p1a: Giratina\n|-damage|p1a: Giratina|13/349\n|move|p1a: Giratina|Rest|p1a: Giratina\n|-status|p1a: Giratina|slp|[from] move: Rest\n|-heal|p1a: Giratina|349/349 slp|[silent]\n|\n|upkeep\n|turn|12\n|\n|t:|1732987179\n|move|p2a: Chi-Yu|Dark Pulse|p1a: Giratina\n|-supereffective|p1a: Giratina\n|-damage|p1a: Giratina|139/349 slp\n|cant|p1a: Giratina|slp\n|move|p1a: Giratina|Sleep Talk|p1a: Giratina\n|move|p1a: Giratina|Calm Mind|p1a: Giratina|[from]move: Sleep Talk\n|-boost|p1a: Giratina|spa|1\n|-boost|p1a: Giratina|spd|1\n|\n|-heal|p1a: Giratina|160/349 slp|[from] item: Leftovers\n|upkeep\n|turn|13\n|\n|t:|1732987185\n|-terastallize|p1a: Giratina|Fairy\n|move|p2a: Chi-Yu|Dark Pulse|p1a: Giratina\n|-resisted|p1a: Giratina\n|-damage|p1a: Giratina|116/349 slp\n|cant|p1a: Giratina|slp\n|move|p1a: Giratina|Sleep Talk|p1a: Giratina\n|move|p1a: Giratina|Dragon Pulse|p2a: Chi-Yu|[from]move: Sleep Talk\n|-damage|p2a: Chi-Yu|88/211\n|\n|-heal|p1a: Giratina|137/349 slp|[from] item: Leftovers\n|upkeep\n|turn|14\n|\n|t:|1732987192\n|switch|p2a: Frosmoth|Frosmoth, L82, F|196/249\n|-curestatus|p1a: Giratina|slp|[msg]\n|move|p1a: Giratina|Rest|p1a: Giratina\n|-status|p1a: Giratina|slp|[from] move: Rest\n|-heal|p1a: Giratina|349/349 slp|[silent]\n|\n|upkeep\n|turn|15\n|\n|t:|1732987197\n|cant|p1a: Giratina|slp\n|move|p1a: Giratina|Sleep Talk|p1a: Giratina\n|move|p1a: Giratina|Dragon Pulse|p2a: Frosmoth|[from]move: Sleep Talk\n|-damage|p2a: Frosmoth|124/249\n|move|p2a: Frosmoth|Quiver Dance|p2a: Frosmoth\n|-boost|p2a: Frosmoth|spa|1\n|-boost|p2a: Frosmoth|spd|1\n|-boost|p2a: Frosmoth|spe|1\n|\n|upkeep\n|turn|16\n|\n|t:|1732987203\n|move|p2a: Frosmoth|Quiver Dance|p2a: Frosmoth\n|-boost|p2a: Frosmoth|spa|1\n|-boost|p2a: Frosmoth|spd|1\n|-boost|p2a: Frosmoth|spe|1\n|cant|p1a: Giratina|slp\n|move|p1a: Giratina|Sleep Talk|p1a: Giratina\n|move|p1a: Giratina|Rest||[from]move: Sleep Talk|[still]\n|-fail|p1a: Giratina\n|\n|upkeep\n|turn|17\n|\n|t:|1732987208\n|move|p2a: Frosmoth|Quiver Dance|p2a: Frosmoth\n|-boost|p2a: Frosmoth|spa|1\n|-boost|p2a: Frosmoth|spd|1\n|-boost|p2a: Frosmoth|spe|1\n|-curestatus|p1a: Giratina|slp|[msg]\n|move|p1a: Giratina|Dragon Pulse|p2a: Frosmoth\n|-damage|p2a: Frosmoth|95/249\n|\n|upkeep\n|turn|18\n|\n|t:|1732987213\n|move|p2a: Frosmoth|Giga Drain|p1a: Giratina\n|-damage|p1a: Giratina|283/349\n|-heal|p2a: Frosmoth|128/249|[from] drain|[of] p1a: Giratina\n|move|p1a: Giratina|Calm Mind|p1a: Giratina\n|-boost|p1a: Giratina|spa|1\n|-boost|p1a: Giratina|spd|1\n|\n|-heal|p1a: Giratina|304/349|[from] item: Leftovers\n|upkeep\n|turn|19\n|\n|t:|1732987215\n|move|p2a: Frosmoth|Quiver Dance|p2a: Frosmoth\n|-boost|p2a: Frosmoth|spa|1\n|-boost|p2a: Frosmoth|spd|1\n|-boost|p2a: Frosmoth|spe|1\n|move|p1a: Giratina|Calm Mind|p1a: Giratina\n|-boost|p1a: Giratina|spa|1\n|-boost|p1a: Giratina|spd|1\n|\n|-heal|p1a: Giratina|325/349|[from] item: Leftovers\n|upkeep\n|turn|20\n|\n|t:|1732987218\n|move|p2a: Frosmoth|Ice Beam|p1a: Giratina\n|-damage|p1a: Giratina|234/349\n|move|p1a: Giratina|Calm Mind|p1a: Giratina\n|-boost|p1a: Giratina|spa|1\n|-boost|p1a: Giratina|spd|1\n|\n|-heal|p1a: Giratina|255/349|[from] item: Leftovers\n|upkeep\n|turn|21\n|\n|t:|1732987221\n|move|p2a: Frosmoth|Quiver Dance|p2a: Frosmoth\n|-boost|p2a: Frosmoth|spa|1\n|-boost|p2a: Frosmoth|spd|1\n|-boost|p2a: Frosmoth|spe|1\n|move|p1a: Giratina|Calm Mind|p1a: Giratina\n|-boost|p1a: Giratina|spa|1\n|-boost|p1a: Giratina|spd|1\n|\n|-heal|p1a: Giratina|276/349|[from] item: Leftovers\n|upkeep\n|turn|22\n|\n|t:|1732987223\n|move|p2a: Frosmoth|Quiver Dance|p2a: Frosmoth\n|-boost|p2a: Frosmoth|spa|1\n|-boost|p2a: Frosmoth|spd|1\n|-boost|p2a: Frosmoth|spe|1\n|move|p1a: Giratina|Dragon Pulse|p2a: Frosmoth\n|-damage|p2a: Frosmoth|92/249\n|\n|-heal|p1a: Giratina|297/349|[from] item: Leftovers\n|upkeep\n|turn|23\n|\n|t:|1732987225\n|move|p2a: Frosmoth|Ice Beam|p1a: Giratina\n|-damage|p1a: Giratina|203/349\n|move|p1a: Giratina|Dragon Pulse|p2a: Frosmoth\n|-damage|p2a: Frosmoth|56/249\n|\n|-heal|p1a: Giratina|224/349|[from] item: Leftovers\n|upkeep\n|turn|24\n|\n|t:|1732987231\n|move|p2a: Frosmoth|Ice Beam|p1a: Giratina\n|-damage|p1a: Giratina|127/349\n|move|p1a: Giratina|Dragon Pulse|p2a: Frosmoth\n|-damage|p2a: Frosmoth|14/249\n|\n|-heal|p1a: Giratina|148/349|[from] item: Leftovers\n|upkeep\n|turn|25\n|\n|t:|1732987237\n|move|p2a: Frosmoth|Ice Beam|p1a: Giratina\n|-damage|p1a: Giratina|52/349\n|move|p1a: Giratina|Dragon Pulse|p2a: Frosmoth\n|-damage|p2a: Frosmoth|0 fnt\n|faint|p2a: Frosmoth\n|\n|-heal|p1a: Giratina|73/349|[from] item: Leftovers\n|upkeep\n|\n|t:|1732987248\n|switch|p2a: Chi-Yu|Chi-Yu, L77|88/211\n|-ability|p2a: Chi-Yu|Beads of Ruin\n|turn|26\n|\n|t:|1732987252\n|move|p2a: Chi-Yu|Overheat|p1a: Giratina\n|-damage|p1a: Giratina|13/349\n|-unboost|p2a: Chi-Yu|spa|2\n|move|p1a: Giratina|Rest|p1a: Giratina\n|-status|p1a: Giratina|slp|[from] move: Rest\n|-heal|p1a: Giratina|349/349 slp|[silent]\n|\n|upkeep\n|turn|27\n|-message|xavierjs forfeited.\n|\n|win|BigBossJnack\n|raw|BigBossJnack's rating: 2072 &rarr; <strong>2091</strong><br />(+19 for winning)\n|raw|xavierjs's rating: 2054 &rarr; <strong>2035</strong><br />(-19 for losing)\n|l|\u2606xavierjs\n|player|p2|\n", "inputlog": ">version b107d77f5c90bd6555267ae244a6264823309ead\n>start {\"formatid\":\"gen9randombattle\",\"seed\":[35963,9151,43315,6177],\"rated\":\"Rated battle\"}\n>player p1 {\"name\":\"BigBossJnack\",\"avatar\":\"2\",\"rating\":2072,\"seed\":[17200,9066,36034,32919]}\n>player p2 {\"name\":\"xavierjs\",\"avatar\":\"266\",\"rating\":2054,\"seed\":[11626,51312,27427,33353]}\n>p1 switch 6\n>p2 move overheat\n>p1 move calmmind\n>p2 switch 5\n>p1 move dragonpulse\n>p2 move quiverdance\n>p1 switch 4\n>p2 move quiverdance\n>p1 move flareblitz\n>p2 switch 2\n>p1 switch 6\n>p2 switch 3\n>p1 move fireblast\n>p2 move stealthrock\n>p1 move fireblast\n>p2 move earthquake\n>p2 switch 3\n>p1 switch 4\n>p2 move earthquake\n>p1 move calmmind\n>p2 switch 5\n>p1 move rest\n>p2 move darkpulse\n>p1 move sleeptalk\n>p2 move darkpulse\n>p1 move sleeptalk terastallize\n>p2 move darkpulse\n>p1 move rest\n>p2 switch 2\n>p1 move sleeptalk\n>p2 move quiverdance\n>p1 move sleeptalk\n>p2 move quiverdance\n>p1 move dragonpulse\n>p2 move quiverdance\n>p1 move calmmind\n>p2 move gigadrain\n>p1 move calmmind\n>p2 move quiverdance\n>p1 move calmmind\n>p2 move icebeam\n>p1 move calmmind\n>p2 move quiverdance\n>p1 move dragonpulse\n>p2 move quiverdance\n>p1 move dragonpulse\n>p2 move icebeam\n>p1 move dragonpulse\n>p2 move icebeam\n>p1 move dragonpulse\n>p2 move icebeam\n>p2 switch 2\n>p1 move rest\n>p2 move overheat\n>forcelose p2", "uploadtime": 1732987261, "views": 1, "formatid": "gen9randombattle", "rating": 2035, "private": 0, "password": null}