{"id": "gen9randombattle-2254034955", "format": "[Gen 9] Random Battle", "players": ["NailongAiXiao7", "ThisKindaTeamSux"], "log": "|j|\u2606NailongAiXiao7\n|j|\u2606ThisKindaTeamSux\n|t:|1732982968\n|gametype|singles\n|player|p1|NailongAiXiao7|richboy-gen4|1000\n|player|p2|ThisKindaTeamSux|unknown|1000\n|teamsize|p1|6\n|teamsize|p2|6\n|gen|9\n|tier|[Gen 9] Random Battle\n|rated|\n|rule|Species Clause: Limit one of each Pok\u00e9mon\n|rule|HP Percentage Mod: HP is shown in percentages\n|rule|Sleep Clause Mod: Limit one foe put to sleep\n|rule|Illusion Level Mod: Illusion disguises the Pok\u00e9mon's true level\n|\n|t:|1732982968\n|start\n|switch|p1a: Glalie|Glalie, L96, F|309/309\n|switch|p2a: Clefable|Clefable, L83, M|293/293\n|turn|1\n|inactive|Battle timer is ON: inactive players will automatically lose when time's up. (requested by NailongAiXiao7)\n|\n|t:|1732982979\n|move|p1a: Glalie|Taunt|p2a: Clefable\n|-start|p2a: Clefable|move: Taunt\n|cant|p2a: Clefable|move: Taunt|Calm Mind\n|\n|upkeep\n|turn|2\n|\n|t:|1732982985\n|move|p1a: Glalie|Spikes|p2a: Clefable\n|-sidestart|p2: ThisKindaTeamSux|Spikes\n|move|p2a: Clefable|Fire Blast|p1a: Glalie|[miss]\n|-miss|p2a: Clefable|p1a: Glalie\n|\n|upkeep\n|turn|3\n|\n|t:|1732982994\n|switch|p1a: Ursaring|Ursaring, L84, F|288/288\n|move|p2a: Clefable|Fire Blast|p1a: Ursaring\n|-damage|p1a: Ursaring|217/288\n|\n|-end|p2a: Clefable|move: Taunt\n|upkeep\n|turn|4\n|\n|t:|1732983008\n|move|p2a: Clefable|Calm Mind|p2a: Clefable\n|-boost|p2a: Clefable|spa|1\n|-boost|p2a: Clefable|spd|1\n|move|p1a: Ursaring|Body Slam|p2a: Clefable\n|-damage|p2a: Clefable|172/293\n|\n|upkeep\n|turn|5\n|\n|t:|1732983018\n|move|p2a: Clefable|Moonblast|p1a: Ursaring\n|-damage|p1a: Ursaring|69/288\n|-unboost|p1a: Ursaring|spa|1\n|move|p1a: Ursaring|Body Slam|p2a: Clefable\n|-damage|p2a: Clefable|34/293\n|-status|p2a: Clefable|par\n|\n|upkeep\n|turn|6\n|\n|t:|1732983038\n|move|p1a: Ursaring|Rest|p1a: Ursaring\n|-status|p1a: Ursaring|slp|[from] move: Rest\n|-heal|p1a: Ursaring|288/288 slp|[silent]\n|move|p2a: Clefable|Moonblast|p1a: Ursaring\n|-damage|p1a: Ursaring|155/288 slp\n|-unboost|p1a: Ursaring|spa|1\n|\n|upkeep\n|turn|7\n|\n|t:|1732983048\n|cant|p1a: Ursaring|slp\n|move|p1a: Ursaring|Sleep Talk|p1a: Ursaring\n|move|p1a: Ursaring|Rest||[from]move: Sleep Talk|[still]\n|-fail|p1a: Ursaring\n|move|p2a: Clefable|Moonlight|p2a: Clefable\n|-heal|p2a: Clefable|180/293 par\n|\n|upkeep\n|turn|8\n|\n|t:|1732983059\n|cant|p1a: Ursaring|slp\n|move|p1a: Ursaring|Sleep Talk|p1a: Ursaring\n|move|p1a: Ursaring|Rest||[from]move: Sleep Talk|[still]\n|-fail|p1a: Ursaring\n|move|p2a: Clefable|Moonblast|p1a: Ursaring\n|-damage|p1a: Ursaring|15/288 slp\n|\n|upkeep\n|turn|9\n|\n|t:|1732983077\n|-curestatus|p1a: Ursaring|slp|[msg]\n|move|p1a: Ursaring|Body Slam|p2a: Clefable\n|-damage|p2a: Clefable|42/293 par\n|move|p2a: Clefable|Moonblast|p1a: Ursaring\n|-damage|p1a: Ursaring|0 fnt\n|faint|p1a: Ursaring\n|\n|upkeep\n|\n|t:|1732983091\n|switch|p1a: Hitmontop|Hitmontop, L88, M|231/231\n|-ability|p1a: Hitmontop|Intimidate|boost\n|-unboost|p2a: Clefable|atk|1\n|turn|10\n|\n|t:|1732983096\n|move|p1a: Hitmontop|Earthquake|p2a: Clefable\n|-damage|p2a: Clefable|0 fnt\n|faint|p2a: Clefable\n|\n|upkeep\n|\n|t:|1732983111\n|switch|p2a: Meloetta|Meloetta, L82|298/298\n|-damage|p2a: Meloetta|261/298|[from] Spikes\n|turn|11\n|\n|t:|1732983119\n|switch|p1a: Sinistcha|Sinistcha-Masterpiece, L83|254/254\n|move|p2a: Meloetta|Psyshock|p1a: Sinistcha\n|-damage|p1a: Sinistcha|134/254\n|\n|-heal|p1a: Sinistcha|149/254|[from] item: Leftovers\n|upkeep\n|turn|12\n|\n|t:|1732983127\n|move|p2a: Meloetta|Psyshock|p1a: Sinistcha\n|-damage|p1a: Sinistcha|23/254\n|move|p1a: Sinistcha|Strength Sap|p2a: Meloetta\n|-unboost|p2a: Meloetta|atk|1\n|-heal|p1a: Sinistcha|196/254\n|\n|-heal|p1a: Sinistcha|211/254|[from] item: Leftovers\n|upkeep\n|turn|13\n|\n|t:|1732983148\n|move|p2a: Meloetta|Psyshock|p1a: Sinistcha\n|-damage|p1a: Sinistcha|81/254\n|move|p1a: Sinistcha|Matcha Gotcha|p2a: Meloetta\n|-damage|p2a: Meloetta|186/298\n|-heal|p1a: Sinistcha|119/254|[from] drain|[of] p2a: Meloetta\n|\n|-heal|p1a: Sinistcha|134/254|[from] item: Leftovers\n|upkeep\n|turn|14\n|\n|t:|1732983160\n|move|p2a: Meloetta|Psyshock|p1a: Sinistcha\n|-damage|p1a: Sinistcha|13/254\n|move|p1a: Sinistcha|Matcha Gotcha|p2a: Meloetta\n|-damage|p2a: Meloetta|107/298\n|-heal|p1a: Sinistcha|53/254|[from] drain|[of] p2a: Meloetta\n|\n|-heal|p1a: Sinistcha|68/254|[from] item: Leftovers\n|upkeep\n|turn|15\n|\n|t:|1732983171\n|move|p2a: Meloetta|Psyshock|p1a: Sinistcha\n|-damage|p1a: Sinistcha|0 fnt\n|faint|p1a: Sinistcha\n|\n|upkeep\n|\n|t:|1732983175\n|switch|p1a: Ribombee|Ribombee, L82, M|233/233\n|turn|16\n|\n|t:|1732983184\n|switch|p2a: Glalie|Glalie, L96, F|309/309\n|move|p1a: Ribombee|Moonblast|p2a: Glalie\n|-damage|p2a: Glalie|224/309\n|\n|upkeep\n|turn|17\n|\n|t:|1732983193\n|move|p1a: Ribombee|Stun Spore|p2a: Glalie\n|-status|p2a: Glalie|par\n|move|p2a: Glalie|Spikes|p1a: Ribombee\n|-sidestart|p1: NailongAiXiao7|Spikes\n|\n|upkeep\n|turn|18\n|\n|t:|1732983200\n|move|p1a: Ribombee|Sticky Web|p2a: Glalie\n|-sidestart|p2: ThisKindaTeamSux|move: Sticky Web\n|move|p2a: Glalie|Freeze-Dry|p1a: Ribombee\n|-damage|p1a: Ribombee|139/233\n|\n|upkeep\n|turn|19\n|\n|t:|1732983230\n|switch|p1a: Hitmontop|Hitmontop, L88, M|231/231\n|-damage|p1a: Hitmontop|203/231|[from] Spikes\n|-ability|p1a: Hitmontop|Intimidate|boost\n|-fail|p2a: Glalie|unboost|Attack|[from] ability: Inner Focus|[of] p2a: Glalie\n|move|p2a: Glalie|Freeze-Dry|p1a: Hitmontop\n|-damage|p1a: Hitmontop|130/231\n|\n|upkeep\n|turn|20\n|\n|t:|1732983247\n|move|p1a: Hitmontop|Close Combat|p2a: Glalie\n|-supereffective|p2a: Glalie\n|-damage|p2a: Glalie|0 fnt\n|-unboost|p1a: Hitmontop|def|1\n|-unboost|p1a: Hitmontop|spd|1\n|faint|p2a: Glalie\n|\n|upkeep\n|inactive|ThisKindaTeamSux has 120 seconds left.\n|\n|t:|1732983259\n|switch|p2a: Chien-Pao|Chien-Pao, L72|234/234\n|-ability|p2a: Chien-Pao|Sword of Ruin\n|turn|21\n|\n|t:|1732983270\n|switch|p1a: Glalie|Glalie, L96, F|309/309\n|-terastallize|p2a: Chien-Pao|Fighting\n|move|p2a: Chien-Pao|Sacred Sword|p1a: Glalie\n|-supereffective|p1a: Glalie\n|-damage|p1a: Glalie|105/309\n|\n|upkeep\n|turn|22\n|\n|t:|1732983294\n|switch|p1a: Ribombee|Ribombee, L82, M|139/233\n|move|p2a: Chien-Pao|Sacred Sword|p1a: Ribombee\n|-resisted|p1a: Ribombee\n|-damage|p1a: Ribombee|103/233\n|\n|upkeep\n|turn|23\n|\n|t:|1732983307\n|switch|p2a: Leafeon|Leafeon, L88, M|258/258\n|-damage|p2a: Leafeon|226/258|[from] Spikes\n|-activate|p2a: Leafeon|move: Sticky Web\n|-unboost|p2a: Leafeon|spe|1\n|move|p1a: Ribombee|Moonblast|p2a: Leafeon\n|-damage|p2a: Leafeon|121/258\n|-unboost|p2a: Leafeon|spa|1\n|\n|upkeep\n|turn|24\n|\n|t:|1732983319\n|move|p1a: Ribombee|Bug Buzz|p2a: Leafeon\n|-supereffective|p2a: Leafeon\n|-damage|p2a: Leafeon|0 fnt\n|faint|p2a: Leafeon\n|\n|upkeep\n|\n|t:|1732983322\n|switch|p2a: Lunala|Lunala, L70|308/308\n|-damage|p2a: Lunala|270/308|[from] Spikes\n|-activate|p2a: Lunala|move: Sticky Web\n|-unboost|p2a: Lunala|spe|1\n|turn|25\n|\n|t:|1732983335\n|switch|p1a: Donphan|Donphan, L84, F|288/288\n|-damage|p1a: Donphan|252/288|[from] Spikes\n|move|p2a: Lunala|Moonlight|p2a: Lunala\n|-heal|p2a: Lunala|308/308\n|\n|-heal|p1a: Donphan|270/288|[from] item: Leftovers\n|upkeep\n|turn|26\n|\n|t:|1732983354\n|move|p1a: Donphan|Stealth Rock|p2a: Lunala\n|-sidestart|p2: ThisKindaTeamSux|move: Stealth Rock\n|move|p2a: Lunala|Calm Mind|p2a: Lunala\n|-boost|p2a: Lunala|spa|1\n|-boost|p2a: Lunala|spd|1\n|\n|-heal|p1a: Donphan|288/288|[from] item: Leftovers\n|upkeep\n|turn|27\n|\n|t:|1732983364\n|move|p1a: Donphan|Earthquake|p2a: Lunala\n|-damage|p2a: Lunala|239/308\n|move|p2a: Lunala|Moonlight|p2a: Lunala\n|-heal|p2a: Lunala|308/308\n|\n|upkeep\n|turn|28\n|\n|t:|1732983371\n|move|p1a: Donphan|Earthquake|p2a: Lunala\n|-damage|p2a: Lunala|228/308\n|move|p2a: Lunala|Calm Mind|p2a: Lunala\n|-boost|p2a: Lunala|spa|1\n|-boost|p2a: Lunala|spd|1\n|\n|-heal|p2a: Lunala|247/308|[from] item: Leftovers\n|upkeep\n|turn|29\n|\n|t:|1732983377\n|move|p1a: Donphan|Earthquake|p2a: Lunala\n|-damage|p2a: Lunala|108/308\n|move|p2a: Lunala|Moonlight|p2a: Lunala\n|-heal|p2a: Lunala|262/308\n|\n|-heal|p2a: Lunala|281/308|[from] item: Leftovers\n|upkeep\n|turn|30\n|\n|t:|1732983385\n|move|p1a: Donphan|Earthquake|p2a: Lunala\n|-damage|p2a: Lunala|143/308\n|move|p2a: Lunala|Moonlight|p2a: Lunala\n|-heal|p2a: Lunala|297/308\n|\n|-heal|p2a: Lunala|308/308|[from] item: Leftovers\n|upkeep\n|turn|31\n|\n|t:|1732983397\n|move|p1a: Donphan|Earthquake|p2a: Lunala\n|-damage|p2a: Lunala|238/308\n|move|p2a: Lunala|Moongeist Beam|p1a: Donphan\n|-damage|p1a: Donphan|33/288\n|\n|-heal|p1a: Donphan|51/288|[from] item: Leftovers\n|-heal|p2a: Lunala|257/308|[from] item: Leftovers\n|upkeep\n|turn|32\n|\n|t:|1732983407\n|move|p1a: Donphan|Earthquake|p2a: Lunala\n|-damage|p2a: Lunala|107/308\n|move|p2a: Lunala|Moonlight|p2a: Lunala\n|-heal|p2a: Lunala|261/308\n|\n|-heal|p1a: Donphan|69/288|[from] item: Leftovers\n|-heal|p2a: Lunala|280/308|[from] item: Leftovers\n|upkeep\n|turn|33\n|\n|t:|1732983417\n|move|p1a: Donphan|Earthquake|p2a: Lunala\n|-damage|p2a: Lunala|133/308\n|move|p2a: Lunala|Moonlight|p2a: Lunala\n|-heal|p2a: Lunala|287/308\n|\n|-heal|p1a: Donphan|87/288|[from] item: Leftovers\n|-heal|p2a: Lunala|306/308|[from] item: Leftovers\n|upkeep\n|turn|34\n|\n|t:|1732983431\n|move|p1a: Donphan|Earthquake|p2a: Lunala\n|-damage|p2a: Lunala|167/308\n|move|p2a: Lunala|Moongeist Beam|p1a: Donphan\n|-damage|p1a: Donphan|0 fnt\n|faint|p1a: Donphan\n|\n|-heal|p2a: Lunala|186/308|[from] item: Leftovers\n|upkeep\n|\n|t:|1732983438\n|switch|p1a: Hitmontop|Hitmontop, L88, M|130/231\n|-damage|p1a: Hitmontop|102/231|[from] Spikes\n|-ability|p1a: Hitmontop|Intimidate|boost\n|-unboost|p2a: Lunala|atk|1\n|turn|35\n|\n|t:|1732983446\n|move|p1a: Hitmontop|Sucker Punch||[still]\n|-fail|p1a: Hitmontop\n|move|p2a: Lunala|Moonlight|p2a: Lunala\n|-heal|p2a: Lunala|308/308\n|\n|upkeep\n|turn|36\n|\n|t:|1732983461\n|switch|p1a: Glalie|Glalie, L96, F|105/309\n|switch|p2a: Chien-Pao|Chien-Pao, L72, tera:Fighting|234/234\n|-ability|p2a: Chien-Pao|Sword of Ruin\n|\n|upkeep\n|turn|37\n|\n|t:|1732983474\n|-terastallize|p1a: Glalie|Ground\n|move|p2a: Chien-Pao|Swords Dance|p2a: Chien-Pao\n|-boost|p2a: Chien-Pao|atk|2\n|move|p1a: Glalie|Earthquake|p2a: Chien-Pao\n|-damage|p2a: Chien-Pao|86/234\n|\n|upkeep\n|turn|38\n|\n|t:|1732983487\n|move|p2a: Chien-Pao|Icicle Crash|p1a: Glalie\n|-supereffective|p1a: Glalie\n|-damage|p1a: Glalie|0 fnt\n|faint|p1a: Glalie\n|\n|upkeep\n|\n|t:|1732983491\n|switch|p1a: Ribombee|Ribombee, L82, M|103/233\n|turn|39\n|\n|t:|1732983498\n|switch|p2a: Lunala|Lunala, L70|308/308\n|-damage|p2a: Lunala|270/308|[from] Spikes\n|-activate|p2a: Lunala|move: Sticky Web\n|-unboost|p2a: Lunala|spe|1\n|-damage|p2a: Lunala|232/308|[from] Stealth Rock\n|move|p1a: Ribombee|Moonblast|p2a: Lunala\n|-damage|p2a: Lunala|132/308\n|-unboost|p2a: Lunala|spa|1\n|\n|-heal|p2a: Lunala|151/308|[from] item: Leftovers\n|upkeep\n|turn|40\n|\n|t:|1732983511\n|move|p1a: Ribombee|Stun Spore|p2a: Lunala\n|-status|p2a: Lunala|par\n|move|p2a: Lunala|Moonlight|p2a: Lunala\n|-heal|p2a: Lunala|305/308 par\n|\n|-heal|p2a: Lunala|308/308 par|[from] item: Leftovers\n|upkeep\n|turn|41\n|\n|t:|1732983527\n|move|p1a: Ribombee|Bug Buzz|p2a: Lunala\n|-damage|p2a: Lunala|263/308 par\n|cant|p2a: Lunala|par\n|\n|-heal|p2a: Lunala|282/308 par|[from] item: Leftovers\n|upkeep\n|turn|42\n|\n|t:|1732983541\n|move|p1a: Ribombee|Moonblast|p2a: Lunala\n|-damage|p2a: Lunala|188/308 par\n|cant|p2a: Lunala|par\n|\n|-heal|p2a: Lunala|207/308 par|[from] item: Leftovers\n|upkeep\n|turn|43\n|\n|t:|1732983552\n|switch|p1a: Hitmontop|Hitmontop, L88, M|102/231\n|-damage|p1a: Hitmontop|74/231|[from] Spikes\n|-ability|p1a: Hitmontop|Intimidate|boost\n|-unboost|p2a: Lunala|atk|1\n|cant|p2a: Lunala|par\n|\n|-heal|p2a: Lunala|226/308 par|[from] item: Leftovers\n|upkeep\n|turn|44\n|\n|t:|1732983562\n|move|p1a: Hitmontop|Earthquake|p2a: Lunala\n|-damage|p2a: Lunala|85/308 par\n|move|p2a: Lunala|Psyshock|p1a: Hitmontop\n|-supereffective|p1a: Hitmontop\n|-damage|p1a: Hitmontop|0 fnt\n|faint|p1a: Hitmontop\n|\n|-heal|p2a: Lunala|104/308 par|[from] item: Leftovers\n|upkeep\n|\n|t:|1732983567\n|switch|p1a: Ribombee|Ribombee, L82, M|103/233\n|turn|45\n|\n|t:|1732983576\n|move|p1a: Ribombee|Moonblast|p2a: Lunala\n|-damage|p2a: Lunala|10/308 par\n|move|p2a: Lunala|Psyshock|p1a: Ribombee\n|-damage|p1a: Ribombee|33/233\n|\n|-heal|p2a: Lunala|29/308 par|[from] item: Leftovers\n|upkeep\n|turn|46\n|\n|t:|1732983585\n|move|p1a: Ribombee|Moonblast|p2a: Lunala\n|-damage|p2a: Lunala|0 fnt\n|faint|p2a: Lunala\n|\n|upkeep\n|\n|t:|1732983589\n|switch|p2a: Meloetta|Meloetta, L82|107/298\n|-damage|p2a: Meloetta|70/298|[from] Spikes\n|-activate|p2a: Meloetta|move: Sticky Web\n|-unboost|p2a: Meloetta|spe|1\n|-damage|p2a: Meloetta|33/298|[from] Stealth Rock\n|turn|47\n|\n|t:|1732983593\n|move|p1a: Ribombee|Bug Buzz|p2a: Meloetta\n|-supereffective|p2a: Meloetta\n|-damage|p2a: Meloetta|0 fnt\n|faint|p2a: Meloetta\n|\n|upkeep\n|\n|t:|1732983595\n|switch|p2a: Chien-Pao|Chien-Pao, L72, tera:Fighting|86/234\n|-ability|p2a: Chien-Pao|Sword of Ruin\n|turn|48\n|\n|t:|1732983600\n|move|p1a: Ribombee|Moonblast|p2a: Chien-Pao\n|-supereffective|p2a: Chien-Pao\n|-damage|p2a: Chien-Pao|0 fnt\n|faint|p2a: Chien-Pao\n|\n|win|NailongAiXiao7\n|raw|NailongAiXiao7's rating: 1000 &rarr; <strong>1040</strong><br />(+40 for winning)\n|raw|ThisKindaTeamSux's rating: 1000 &rarr; <strong>1000</strong><br />(+0 for losing)\n|l|\u2606ThisKindaTeamSux\n|player|p2|\n", "inputlog": ">version b107d77f5c90bd6555267ae244a6264823309ead\n>start {\"formatid\":\"gen9randombattle\",\"seed\":[39706,14598,23034,45890],\"rated\":\"Rated battle\"}\n>player p1 {\"name\":\"NailongAiXiao7\",\"avatar\":\"richboy-gen4\",\"rating\":1000,\"seed\":[52304,34602,58570,8846]}\n>player p2 {\"name\":\"ThisKindaTeamSux\",\"avatar\":\"unknown\",\"rating\":1000,\"seed\":[45758,30820,39631,51702]}\n>p1 move taunt\n>p2 move calmmind\n>p1 move spikes\n>p2 move fireblast\n>p1 switch 5\n>p2 move fireblast\n>p1 move bodyslam\n>p2 move calmmind\n>p1 move bodyslam\n>p2 move moonblast\n>p1 move rest\n>p2 move moonblast\n>p1 move sleeptalk\n>p2 move moonlight\n>p1 move sleeptalk\n>p2 move moonblast\n>p1 move bodyslam\n>p2 move moonblast\n>p1 switch 6\n>p1 move earthquake\n>p2 move moonblast\n>p2 switch 2\n>p1 switch 3\n>p2 move psyshock\n>p1 move strengthsap\n>p2 move psyshock\n>p1 move matchagotcha\n>p2 move psyshock\n>p1 move matchagotcha\n>p2 move psyshock\n>p1 move matchagotcha\n>p2 move psyshock\n>p1 switch 2\n>p1 move moonblast\n>p2 switch 6\n>p1 move stunspore\n>p2 move spikes\n>p1 move stickyweb\n>p2 move freezedry\n>p1 switch 3\n>p2 move freezedry\n>p1 move closecombat\n>p2 move freezedry\n>p2 switch 5\n>p1 switch 5\n>p2 move sacredsword terastallize\n>p1 switch 3\n>p2 move sacredsword\n>p1 move moonblast\n>p2 switch 4\n>p1 move bugbuzz\n>p2 move doubleedge\n>p2 switch 3\n>p1 switch 4\n>p2 move moonlight\n>p1 move stealthrock\n>p2 move calmmind\n>p1 move earthquake\n>p2 move moonlight\n>p1 move earthquake\n>p2 move calmmind\n>p1 move earthquake\n>p2 move moonlight\n>p1 move earthquake\n>p2 move moonlight\n>p1 move earthquake\n>p2 move moongeistbeam\n>p1 move earthquake\n>p2 move moonlight\n>p1 move earthquake\n>p2 move moonlight\n>p1 move earthquake\n>p2 move moongeistbeam\n>p1 switch 5\n>p1 move suckerpunch\n>p2 move moonlight\n>p1 switch 3\n>p2 switch 4\n>p1 move earthquake terastallize\n>p2 move swordsdance\n>p1 move earthquake\n>p2 move iciclecrash\n>p1 switch 4\n>p1 move moonblast\n>p2 switch 4\n>p1 move stunspore\n>p2 move moonlight\n>p1 move bugbuzz\n>p2 move psyshock\n>p1 move moonblast\n>p2 move psyshock\n>p1 switch 3\n>p2 move psyshock\n>p1 move earthquake\n>p2 move psyshock\n>p1 switch 3\n>p1 move moonblast\n>p2 move psyshock\n>p1 move moonblast\n>p2 move moongeistbeam\n>p2 switch 6\n>p1 move bugbuzz\n>p2 move hypervoice\n>p2 switch 4\n>p1 move moonblast\n>p2 move iciclecrash", "uploadtime": 1732983610, "views": 2, "formatid": "gen9randombattle", "rating": 1000, "private": 0, "password": null}