{"id": "gen9randombattle-2254169620", "format": "[Gen 9] Random Battle", "players": ["Celestial Saiyan", "murdina"], "log": "|j|\u2606Celestial Saiyan\n|j|\u2606murdina\n|t:|1732999840\n|gametype|singles\n|player|p1|Celestial Saiyan|iris-gen5bw2|1861\n|player|p2|murdina|tate|1781\n|teamsize|p1|6\n|teamsize|p2|6\n|gen|9\n|tier|[Gen 9] Random Battle\n|rated|\n|rule|Species Clause: Limit one of each Pok\u00e9mon\n|rule|HP Percentage Mod: HP is shown in percentages\n|rule|Sleep Clause Mod: Limit one foe put to sleep\n|rule|Illusion Level Mod: Illusion disguises the Pok\u00e9mon's true level\n|\n|t:|1732999840\n|start\n|switch|p1a: Victreebel|Victreebel, L90, F|290/290\n|switch|p2a: Moltres|Moltres, L81|278/278\n|turn|1\n|inactive|Battle timer is ON: inactive players will automatically lose when time's up. (requested by Celestial Saiyan)\n|c|\u2606Celestial Saiyan|Glhf\n|\n|t:|1732999866\n|switch|p1a: Latios|Latios, L78, M|253/253\n|move|p2a: Moltres|Fire Blast|p1a: Latios\n|-resisted|p1a: Latios\n|-damage|p1a: Latios|195/253\n|\n|upkeep\n|turn|2\n|\n|t:|1732999871\n|move|p1a: Latios|Luster Purge|p2a: Moltres\n|-damage|p2a: Moltres|95/278\n|move|p2a: Moltres|Brave Bird|p1a: Latios\n|-damage|p1a: Latios|54/253\n|-damage|p2a: Moltres|48/278|[from] Recoil\n|\n|upkeep\n|turn|3\n|\n|t:|1732999880\n|move|p1a: Latios|Luster Purge|p2a: Moltres\n|-damage|p2a: Moltres|0 fnt\n|faint|p2a: Moltres\n|\n|upkeep\n|\n|t:|1732999887\n|switch|p2a: Basculin|Basculin-Blue-Striped, L86, M|261/261\n|turn|4\n|\n|t:|1732999891\n|move|p2a: Basculin|Flip Turn|p1a: Latios\n|-resisted|p1a: Latios\n|-damage|p1a: Latios|0 fnt\n|faint|p1a: Latios\n|\n|t:|1732999907\n|switch|p2a: Gengar|Gengar, L81, F|230/230|[from] Flip Turn\n|\n|upkeep\n|\n|t:|1732999918\n|switch|p1a: Victreebel|Victreebel, L90, F|290/290\n|turn|5\n|\n|t:|1732999938\n|move|p2a: Gengar|Trick|p1a: Victreebel\n|-activate|p2a: Gengar|move: Trick|[of] p1a: Victreebel\n|-item|p1a: Victreebel|Choice Specs|[from] move: Trick\n|-item|p2a: Gengar|Life Orb|[from] move: Trick\n|move|p1a: Victreebel|Sunny Day|p1a: Victreebel\n|-weather|SunnyDay\n|\n|-weather|SunnyDay|[upkeep]\n|upkeep\n|turn|6\n|inactive|murdina has 120 seconds left.\n|\n|t:|1732999961\n|switch|p1a: Probopass|Probopass, L92, F|260/260\n|move|p2a: Gengar|Sludge Wave|p1a: Probopass\n|-immune|p1a: Probopass\n|\n|-weather|SunnyDay|[upkeep]\n|upkeep\n|turn|7\n|\n|t:|1732999971\n|switch|p1a: Victreebel|Victreebel, L90, F|290/290\n|move|p2a: Gengar|Focus Blast|p1a: Victreebel\n|-resisted|p1a: Victreebel\n|-damage|p1a: Victreebel|219/290\n|-damage|p2a: Gengar|207/230|[from] item: Life Orb\n|\n|-weather|SunnyDay|[upkeep]\n|upkeep\n|turn|8\n|\n|t:|1732999989\n|switch|p2a: Basculin|Basculin-Blue-Striped, L86, M|261/261\n|move|p1a: Victreebel|Weather Ball|p2a: Basculin\n|-resisted|p2a: Basculin\n|-damage|p2a: Basculin|130/261\n|\n|-weather|SunnyDay|[upkeep]\n|upkeep\n|turn|9\n|\n|t:|1732999997\n|move|p2a: Basculin|Aqua Jet|p1a: Victreebel\n|-resisted|p1a: Victreebel\n|-damage|p1a: Victreebel|196/290\n|move|p1a: Victreebel|Weather Ball|p2a: Basculin\n|-resisted|p2a: Basculin\n|-crit|p2a: Basculin\n|-damage|p2a: Basculin|0 fnt\n|faint|p2a: Basculin\n|\n|-weather|none\n|upkeep\n|\n|t:|1733000010\n|switch|p2a: Porygon-Z|Porygon-Z, L83|277/277\n|turn|10\n|\n|t:|1733000019\n|switch|p1a: Magearna|Magearna-Original, L77|250/250\n|move|p2a: Porygon-Z|Nasty Plot|p2a: Porygon-Z\n|-boost|p2a: Porygon-Z|spa|2\n|\n|upkeep\n|turn|11\n|\n|t:|1733000029\n|move|p2a: Porygon-Z|Shadow Ball|p1a: Magearna\n|-damage|p1a: Magearna|86/250\n|-unboost|p1a: Magearna|spd|1\n|-damage|p2a: Porygon-Z|250/277|[from] item: Life Orb\n|move|p1a: Magearna|Shift Gear|p1a: Magearna\n|-boost|p1a: Magearna|spe|2\n|-boost|p1a: Magearna|atk|1\n|\n|-heal|p1a: Magearna|101/250|[from] item: Leftovers\n|upkeep\n|turn|12\n|\n|t:|1733000034\n|move|p1a: Magearna|Fleur Cannon|p2a: Porygon-Z\n|-damage|p2a: Porygon-Z|85/277\n|-unboost|p1a: Magearna|spa|2\n|move|p2a: Porygon-Z|Shadow Ball|p1a: Magearna\n|-damage|p1a: Magearna|0 fnt\n|faint|p1a: Magearna\n|-damage|p2a: Porygon-Z|58/277|[from] item: Life Orb\n|\n|upkeep\n|\n|t:|1733000041\n|switch|p1a: Iron Hands|Iron Hands, L79|373/373\n|turn|13\n|\n|t:|1733000053\n|move|p1a: Iron Hands|Fake Out|p2a: Porygon-Z\n|-damage|p2a: Porygon-Z|20/277\n|cant|p2a: Porygon-Z|flinch\n|\n|upkeep\n|turn|14\n|\n|t:|1733000062\n|-end|p1a: Iron Hands|Quark Drive|[silent]\n|switch|p1a: Probopass|Probopass, L92, F|260/260\n|move|p2a: Porygon-Z|Tera Blast|p1a: Probopass\n|-resisted|p1a: Probopass\n|-damage|p1a: Probopass|205/260\n|-damage|p2a: Porygon-Z|0 fnt|[from] item: Life Orb\n|faint|p2a: Porygon-Z\n|\n|-heal|p1a: Probopass|221/260|[from] item: Leftovers\n|upkeep\n|\n|t:|1733000072\n|switch|p2a: Landorus|Landorus, L75, M|257/257\n|turn|15\n|\n|t:|1733000079\n|switch|p1a: Victreebel|Victreebel, L90, F|196/290\n|move|p2a: Landorus|Stealth Rock|p1a: Victreebel\n|-sidestart|p1: Celestial Saiyan|move: Stealth Rock\n|\n|upkeep\n|turn|16\n|\n|t:|1733000091\n|move|p2a: Landorus|Earth Power|p1a: Victreebel\n|-damage|p1a: Victreebel|19/290\n|move|p1a: Victreebel|Power Whip|p2a: Landorus\n|-damage|p2a: Landorus|85/257\n|\n|upkeep\n|turn|17\n|\n|t:|1733000094\n|move|p2a: Landorus|Earth Power|p1a: Victreebel\n|-damage|p1a: Victreebel|0 fnt\n|faint|p1a: Victreebel\n|\n|upkeep\n|\n|t:|1733000106\n|switch|p1a: Haxorus|Haxorus, L77, F|244/244\n|-damage|p1a: Haxorus|214/244|[from] Stealth Rock\n|-ability|p1a: Haxorus|Mold Breaker\n|turn|18\n|\n|t:|1733000120\n|move|p2a: Landorus|Earth Power|p1a: Haxorus\n|-damage|p1a: Haxorus|22/244\n|move|p1a: Haxorus|Outrage|p2a: Landorus\n|-damage|p2a: Landorus|0 fnt\n|faint|p2a: Landorus\n|\n|upkeep\n|\n|t:|1733000133\n|switch|p2a: Gengar|Gengar, L81, F|207/230\n|turn|19\n|\n|t:|1733000135\n|move|p2a: Gengar|Shadow Ball|p1a: Haxorus\n|-crit|p1a: Haxorus\n|-damage|p1a: Haxorus|0 fnt\n|faint|p1a: Haxorus\n|-damage|p2a: Gengar|184/230|[from] item: Life Orb\n|\n|upkeep\n|\n|t:|1733000145\n|switch|p1a: Probopass|Probopass, L92, F|221/260\n|-damage|p1a: Probopass|205/260|[from] Stealth Rock\n|turn|20\n|\n|t:|1733000170\n|-terastallize|p1a: Probopass|Fighting\n|move|p2a: Gengar|Focus Blast|p1a: Probopass\n|-damage|p1a: Probopass|124/260\n|-damage|p2a: Gengar|161/230|[from] item: Life Orb\n|move|p1a: Probopass|Iron Defense|p1a: Probopass\n|-boost|p1a: Probopass|def|2\n|\n|-heal|p1a: Probopass|140/260|[from] item: Leftovers\n|upkeep\n|turn|21\n|\n|t:|1733000182\n|move|p2a: Gengar|Sludge Wave|p1a: Probopass\n|-damage|p1a: Probopass|43/260\n|-damage|p2a: Gengar|138/230|[from] item: Life Orb\n|move|p1a: Probopass|Flash Cannon|p2a: Gengar\n|-damage|p2a: Gengar|44/230\n|-unboost|p2a: Gengar|spd|1\n|\n|-heal|p1a: Probopass|59/260|[from] item: Leftovers\n|upkeep\n|turn|22\n|\n|t:|1733000187\n|move|p2a: Gengar|Sludge Wave|p1a: Probopass\n|-damage|p1a: Probopass|0 fnt\n|faint|p1a: Probopass\n|-damage|p2a: Gengar|21/230|[from] item: Life Orb\n|\n|upkeep\n|\n|t:|1733000189\n|switch|p1a: Iron Hands|Iron Hands, L79|373/373\n|-damage|p1a: Iron Hands|350/373|[from] Stealth Rock\n|turn|23\n|\n|t:|1733000204\n|move|p2a: Gengar|Sludge Wave|p1a: Iron Hands\n|-damage|p1a: Iron Hands|225/373\n|-damage|p2a: Gengar|0 fnt|[from] item: Life Orb\n|faint|p2a: Gengar\n|move|p1a: Iron Hands|Heavy Slam|p2: Gengar|[notarget]\n|-fail|p1a: Iron Hands\n|\n|upkeep\n|\n|t:|1733000207\n|switch|p2a: Terrakion|Terrakion, L79|273/273\n|turn|24\n|\n|t:|1733000221\n|-terastallize|p2a: Terrakion|Fighting\n|move|p2a: Terrakion|Earthquake|p1a: Iron Hands\n|-supereffective|p1a: Iron Hands\n|-damage|p1a: Iron Hands|1/373\n|move|p1a: Iron Hands|Close Combat|p2a: Terrakion\n|-damage|p2a: Terrakion|120/273\n|-unboost|p1a: Iron Hands|def|1\n|-unboost|p1a: Iron Hands|spd|1\n|\n|upkeep\n|turn|25\n|c|\u2606Celestial Saiyan|Gg\n|\n|t:|1733000230\n|move|p2a: Terrakion|Earthquake|p1a: Iron Hands\n|-supereffective|p1a: Iron Hands\n|-damage|p1a: Iron Hands|0 fnt\n|faint|p1a: Iron Hands\n|-end|p1a: Iron Hands|Quark Drive|[silent]\n|\n|win|murdina\n|raw|Celestial Saiyan's rating: 1861 &rarr; <strong>1836</strong><br />(-25 for losing)\n|raw|murdina's rating: 1781 &rarr; <strong>1806</strong><br />(+25 for winning)\n", "inputlog": ">version b107d77f5c90bd6555267ae244a6264823309ead\n>start {\"formatid\":\"gen9randombattle\",\"seed\":[11830,50163,39321,273],\"rated\":\"Rated battle\"}\n>player p1 {\"name\":\"Celestial Saiyan\",\"avatar\":\"iris-gen5bw2\",\"rating\":1861,\"seed\":[63436,10787,10302,54015]}\n>player p2 {\"name\":\"murdina\",\"avatar\":\"tate\",\"rating\":1781,\"seed\":[36485,9334,30326,18835]}\n>chat \u2606Celestial Saiyan|Glhf\n>p1 switch 4\n>p2 move fireblast\n>p1 move lusterpurge\n>p2 move bravebird\n>p1 move lusterpurge\n>p2 move bravebird\n>p2 switch 5\n>p1 move lusterpurge\n>p2 move flipturn\n>p2 switch 6\n>p1 switch 4\n>p1 move sunnyday\n>p2 move trick\n>p1 switch 5\n>p2 move sludgewave\n>p1 switch 5\n>p2 move focusblast\n>p1 move weatherball\n>p2 switch 6\n>p1 move weatherball\n>p2 move aquajet\n>p2 switch 4\n>p1 switch 3\n>p2 move nastyplot\n>p1 move shiftgear\n>p2 move shadowball\n>p1 move fleurcannon\n>p2 move shadowball\n>p1 switch 2\n>p1 move fakeout\n>p2 move terablast\n>p1 switch 5\n>p2 move terablast\n>p2 switch 3\n>p1 switch 3\n>p2 move stealthrock\n>p1 move powerwhip\n>p2 move earthpower\n>p1 move powerwhip\n>p2 move earthpower\n>p1 switch 6\n>p1 move outrage\n>p2 move earthpower\n>p2 switch 6\n>p1 move outrage\n>p2 move shadowball\n>p1 switch 3\n>p1 move irondefense terastallize\n>p2 move focusblast\n>p1 move flashcannon\n>p2 move sludgewave\n>p1 move flashcannon\n>p2 move sludgewave\n>p1 switch 5\n>p1 move heavyslam\n>p2 move sludgewave\n>p2 switch 2\n>p1 move closecombat\n>p2 move earthquake terastallize\n>chat \u2606Celestial Saiyan|Gg\n>p1 move heavyslam\n>p2 move earthquake", "uploadtime": 1733000235, "views": 2, "formatid": "gen9randombattle", "rating": 1806, "private": 0, "password": null}