{"id": "gen9randombattle-2253962107", "format": "[Gen 9] Random Battle", "players": ["12150320A", "kingofinche0n"], "log": "|j|\u260612150320A\n|j|\u2606kingofinche0n\n|t:|1732972069\n|gametype|singles\n|player|p1|12150320A|steven|1040\n|player|p2|kingofinche0n|gardenia-masters|1084\n|teamsize|p1|6\n|teamsize|p2|6\n|gen|9\n|tier|[Gen 9] Random Battle\n|rated|\n|rule|Species Clause: Limit one of each Pok\u00e9mon\n|rule|HP Percentage Mod: HP is shown in percentages\n|rule|Sleep Clause Mod: Limit one foe put to sleep\n|rule|Illusion Level Mod: Illusion disguises the Pok\u00e9mon's true level\n|\n|t:|1732972069\n|start\n|switch|p1a: Incineroar|Incineroar, L82, F|290/290\n|switch|p2a: Hatterene|Hatterene, L85, F|236/236\n|-ability|p1a: Incineroar|Intimidate|boost\n|-unboost|p2a: Hatterene|atk|1\n|turn|1\n|\n|t:|1732972076\n|move|p1a: Incineroar|Earthquake|p2a: Hatterene\n|-damage|p2a: Hatterene|159/236\n|move|p2a: Hatterene|Draining Kiss|p1a: Incineroar\n|-damage|p1a: Incineroar|211/290\n|-heal|p2a: Hatterene|218/236|[from] drain|[of] p1a: Incineroar\n|\n|-heal|p2a: Hatterene|232/236|[from] item: Leftovers\n|upkeep\n|turn|2\n|\n|t:|1732972089\n|switch|p1a: Latias|Latias, L79, F|256/256\n|switch|p2a: Swanna|Swanna, L88, F|275/275\n|\n|upkeep\n|turn|3\n|\n|t:|1732972131\n|switch|p2a: Hatterene|Hatterene, L85, F|232/236\n|move|p1a: Latias|Draco Meteor|p2a: Hatterene\n|-immune|p2a: Hatterene\n|\n|-heal|p2a: Hatterene|236/236|[from] item: Leftovers\n|upkeep\n|turn|4\n|\n|t:|1732972135\n|-terastallize|p1a: Latias|Steel\n|move|p1a: Latias|Draco Meteor|p2a: Hatterene\n|-immune|p2a: Hatterene\n|move|p2a: Hatterene|Calm Mind|p2a: Hatterene\n|-boost|p2a: Hatterene|spa|1\n|-boost|p2a: Hatterene|spd|1\n|\n|upkeep\n|turn|5\n|\n|t:|1732972141\n|move|p1a: Latias|Draco Meteor|p2a: Hatterene\n|-immune|p2a: Hatterene\n|move|p2a: Hatterene|Mystical Fire|p1a: Latias\n|-supereffective|p1a: Latias\n|-damage|p1a: Latias|98/256\n|-unboost|p1a: Latias|spa|1\n|\n|upkeep\n|turn|6\n|\n|t:|1732972145\n|move|p1a: Latias|Psyshock|p2a: Hatterene\n|-resisted|p2a: Hatterene\n|-damage|p2a: Hatterene|205/236\n|move|p2a: Hatterene|Calm Mind|p2a: Hatterene\n|-boost|p2a: Hatterene|spa|1\n|-boost|p2a: Hatterene|spd|1\n|\n|-heal|p2a: Hatterene|219/236|[from] item: Leftovers\n|upkeep\n|turn|7\n|\n|t:|1732972149\n|switch|p1a: Ditto|Ditto, L87|225/225\n|-transform|p1a: Ditto|p2a: Hatterene|[from] ability: Imposter\n|move|p2a: Hatterene|Calm Mind|p2a: Hatterene\n|-boost|p2a: Hatterene|spa|1\n|-boost|p2a: Hatterene|spd|1\n|\n|-heal|p2a: Hatterene|233/236|[from] item: Leftovers\n|upkeep\n|turn|8\n|\n|t:|1732972159\n|move|p1a: Ditto|Mystical Fire|p2a: Hatterene\n|-damage|p2a: Hatterene|182/236\n|-unboost|p2a: Hatterene|spa|1\n|move|p2a: Hatterene|Calm Mind|p2a: Hatterene\n|-boost|p2a: Hatterene|spa|1\n|-boost|p2a: Hatterene|spd|1\n|\n|-heal|p2a: Hatterene|196/236|[from] item: Leftovers\n|upkeep\n|turn|9\n|\n|t:|1732972162\n|move|p1a: Ditto|Mystical Fire|p2a: Hatterene\n|-damage|p2a: Hatterene|152/236\n|-unboost|p2a: Hatterene|spa|1\n|move|p2a: Hatterene|Calm Mind|p2a: Hatterene\n|-boost|p2a: Hatterene|spa|1\n|-boost|p2a: Hatterene|spd|1\n|\n|-heal|p2a: Hatterene|166/236|[from] item: Leftovers\n|upkeep\n|turn|10\n|\n|t:|1732972164\n|move|p1a: Ditto|Mystical Fire|p2a: Hatterene\n|-damage|p2a: Hatterene|130/236\n|-unboost|p2a: Hatterene|spa|1\n|move|p2a: Hatterene|Draining Kiss|p1a: Ditto\n|-damage|p1a: Ditto|158/225\n|-heal|p2a: Hatterene|180/236|[from] drain|[of] p1a: Ditto\n|\n|-heal|p2a: Hatterene|194/236|[from] item: Leftovers\n|upkeep\n|turn|11\n|\n|t:|1732972167\n|move|p1a: Ditto|Mystical Fire|p2a: Hatterene\n|-damage|p2a: Hatterene|159/236\n|-unboost|p2a: Hatterene|spa|1\n|move|p2a: Hatterene|Mystical Fire|p1a: Ditto\n|-damage|p1a: Ditto|111/225\n|-unboost|p1a: Ditto|spa|1\n|\n|-heal|p2a: Hatterene|173/236|[from] item: Leftovers\n|upkeep\n|turn|12\n|\n|t:|1732972175\n|move|p1a: Ditto|Mystical Fire|p2a: Hatterene\n|-damage|p2a: Hatterene|147/236\n|-unboost|p2a: Hatterene|spa|1\n|move|p2a: Hatterene|Mystical Fire|p1a: Ditto\n|-damage|p1a: Ditto|80/225\n|-unboost|p1a: Ditto|spa|1\n|\n|-heal|p2a: Hatterene|161/236|[from] item: Leftovers\n|upkeep\n|turn|13\n|\n|t:|1732972184\n|-activate|p1a: Ditto|move: Struggle\n|move|p1a: Ditto|Struggle|p2a: Hatterene\n|-damage|p2a: Hatterene|133/236\n|-damage|p1a: Ditto|24/225|[from] recoil\n|move|p2a: Hatterene|Draining Kiss|p1a: Ditto\n|-damage|p1a: Ditto|0 fnt\n|-heal|p2a: Hatterene|151/236|[from] drain|[of] p1a: Ditto\n|faint|p1a: Ditto\n|\n|-heal|p2a: Hatterene|165/236|[from] item: Leftovers\n|upkeep\n|\n|t:|1732972188\n|switch|p1a: Jolteon|Jolteon, L84, F|246/246\n|turn|14\n|\n|t:|1732972193\n|move|p1a: Jolteon|Thunderbolt|p2a: Hatterene\n|-damage|p2a: Hatterene|125/236\n|move|p2a: Hatterene|Draining Kiss|p1a: Jolteon\n|-damage|p1a: Jolteon|180/246\n|-heal|p2a: Hatterene|175/236|[from] drain|[of] p1a: Jolteon\n|\n|-heal|p2a: Hatterene|189/236|[from] item: Leftovers\n|upkeep\n|turn|15\n|\n|t:|1732972195\n|move|p1a: Jolteon|Thunderbolt|p2a: Hatterene\n|-damage|p2a: Hatterene|149/236\n|move|p2a: Hatterene|Calm Mind|p2a: Hatterene\n|-boost|p2a: Hatterene|spa|1\n|-boost|p2a: Hatterene|spd|1\n|\n|-heal|p2a: Hatterene|163/236|[from] item: Leftovers\n|upkeep\n|turn|16\n|\n|t:|1732972202\n|switch|p1a: Emboar|Emboar, L84, F|322/322\n|move|p2a: Hatterene|Calm Mind|p2a: Hatterene\n|-boost|p2a: Hatterene|spa|1\n|-boost|p2a: Hatterene|spd|0\n|\n|-heal|p2a: Hatterene|177/236|[from] item: Leftovers\n|upkeep\n|turn|17\n|\n|t:|1732972206\n|move|p1a: Emboar|Wild Charge|p2a: Hatterene\n|-damage|p2a: Hatterene|89/236\n|-damage|p1a: Emboar|300/322|[from] Recoil\n|move|p2a: Hatterene|Draining Kiss|p1a: Emboar\n|-damage|p1a: Emboar|182/322\n|-heal|p2a: Hatterene|178/236|[from] drain|[of] p1a: Emboar\n|\n|-heal|p2a: Hatterene|192/236|[from] item: Leftovers\n|upkeep\n|turn|18\n|\n|t:|1732972210\n|move|p1a: Emboar|Wild Charge|p2a: Hatterene\n|-damage|p2a: Hatterene|113/236\n|-damage|p1a: Emboar|162/322|[from] Recoil\n|move|p2a: Hatterene|Calm Mind|p2a: Hatterene\n|-boost|p2a: Hatterene|spa|1\n|-boost|p2a: Hatterene|spd|0\n|\n|-heal|p2a: Hatterene|127/236|[from] item: Leftovers\n|upkeep\n|turn|19\n|\n|t:|1732972213\n|move|p1a: Emboar|Wild Charge|p2a: Hatterene\n|-damage|p2a: Hatterene|38/236\n|-damage|p1a: Emboar|140/322|[from] Recoil\n|move|p2a: Hatterene|Draining Kiss|p1a: Emboar\n|-damage|p1a: Emboar|0 fnt\n|-heal|p2a: Hatterene|143/236|[from] drain|[of] p1a: Emboar\n|faint|p1a: Emboar\n|\n|-heal|p2a: Hatterene|157/236|[from] item: Leftovers\n|upkeep\n|\n|t:|1732972217\n|switch|p1a: Shiftry|Shiftry, L89, M|305/305\n|turn|20\n|\n|t:|1732972232\n|move|p1a: Shiftry|Defog|p2a: Hatterene\n|move|p2a: Hatterene|Defog|p1a: Shiftry|[from]ability: Magic Bounce\n|-unboost|p1a: Shiftry|evasion|1\n|move|p2a: Hatterene|Draining Kiss|p1a: Shiftry\n|-supereffective|p1a: Shiftry\n|-damage|p1a: Shiftry|0 fnt\n|-heal|p2a: Hatterene|236/236|[from] drain|[of] p1a: Shiftry\n|faint|p1a: Shiftry\n|\n|upkeep\n|\n|t:|1732972235\n|switch|p1a: Incineroar|Incineroar, L82, F|211/290\n|-ability|p1a: Incineroar|Intimidate|boost\n|-unboost|p2a: Hatterene|atk|1\n|turn|21\n|\n|t:|1732972238\n|move|p1a: Incineroar|Earthquake|p2a: Hatterene\n|-damage|p2a: Hatterene|158/236\n|move|p2a: Hatterene|Draining Kiss|p1a: Incineroar\n|-damage|p1a: Incineroar|42/290\n|-heal|p2a: Hatterene|236/236|[from] drain|[of] p1a: Incineroar\n|\n|upkeep\n|turn|22\n|\n|t:|1732972242\n|move|p1a: Incineroar|Flare Blitz|p2a: Hatterene\n|-damage|p2a: Hatterene|110/236\n|-damage|p1a: Incineroar|0 fnt|[from] Recoil\n|faint|p1a: Incineroar\n|move|p2a: Hatterene|Draining Kiss|p1: Incineroar|[notarget]\n|-fail|p2a: Hatterene\n|\n|-heal|p2a: Hatterene|124/236|[from] item: Leftovers\n|upkeep\n|\n|t:|1732972245\n|switch|p1a: Jolteon|Jolteon, L84, F|180/246\n|turn|23\n|\n|t:|1732972256\n|move|p1a: Jolteon|Volt Switch|p2a: Hatterene\n|-damage|p2a: Hatterene|99/236\n|\n|t:|1732972261\n|switch|p1a: Latias|Latias, L79, F, tera:Steel|98/256|[from] Volt Switch\n|move|p2a: Hatterene|Draining Kiss|p1a: Latias\n|-resisted|p1a: Latias\n|-damage|p1a: Latias|31/256\n|-heal|p2a: Hatterene|149/236|[from] drain|[of] p1a: Latias\n|\n|-heal|p2a: Hatterene|163/236|[from] item: Leftovers\n|upkeep\n|turn|24\n|\n|t:|1732972268\n|move|p1a: Latias|Draco Meteor|p2a: Hatterene\n|-immune|p2a: Hatterene\n|move|p2a: Hatterene|Calm Mind|p2a: Hatterene\n|-boost|p2a: Hatterene|spa|1\n|-boost|p2a: Hatterene|spd|0\n|\n|-heal|p2a: Hatterene|177/236|[from] item: Leftovers\n|upkeep\n|turn|25\n|\n|t:|1732972272\n|move|p1a: Latias|Recover|p1a: Latias\n|-heal|p1a: Latias|159/256\n|move|p2a: Hatterene|Calm Mind|p2a: Hatterene\n|-boost|p2a: Hatterene|spa|1\n|-boost|p2a: Hatterene|spd|0\n|\n|-heal|p2a: Hatterene|191/236|[from] item: Leftovers\n|upkeep\n|turn|26\n|\n|t:|1732972277\n|move|p1a: Latias|Psyshock|p2a: Hatterene\n|-resisted|p2a: Hatterene\n|-damage|p2a: Hatterene|143/236\n|move|p2a: Hatterene|Calm Mind|p2a: Hatterene\n|-boost|p2a: Hatterene|spa|1\n|-boost|p2a: Hatterene|spd|0\n|\n|-heal|p2a: Hatterene|157/236|[from] item: Leftovers\n|upkeep\n|turn|27\n|\n|t:|1732972281\n|move|p1a: Latias|Psyshock|p2a: Hatterene\n|-resisted|p2a: Hatterene\n|-damage|p2a: Hatterene|106/236\n|move|p2a: Hatterene|Mystical Fire|p1a: Latias\n|-supereffective|p1a: Latias\n|-damage|p1a: Latias|0 fnt\n|faint|p1a: Latias\n|\n|-heal|p2a: Hatterene|120/236|[from] item: Leftovers\n|upkeep\n|\n|t:|1732972284\n|switch|p1a: Jolteon|Jolteon, L84, F|180/246\n|turn|28\n|\n|t:|1732972286\n|move|p1a: Jolteon|Thunderbolt|p2a: Hatterene\n|-damage|p2a: Hatterene|87/236\n|move|p2a: Hatterene|Draining Kiss|p1a: Jolteon\n|-damage|p1a: Jolteon|0 fnt\n|-heal|p2a: Hatterene|222/236|[from] drain|[of] p1a: Jolteon\n|faint|p1a: Jolteon\n|\n|win|kingofinche0n\n|raw|12150320A's rating: 1025 &rarr; <strong>1014</strong><br />(-11 for losing)\n|raw|kingofinche0n's rating: 1084 &rarr; <strong>1107</strong><br />(+23 for winning)\n", "inputlog": ">version b107d77f5c90bd6555267ae244a6264823309ead\n>start {\"formatid\":\"gen9randombattle\",\"seed\":[28483,44302,5540,26110],\"rated\":\"Rated battle\"}\n>player p1 {\"name\":\"12150320A\",\"avatar\":\"steven\",\"rating\":1040,\"seed\":[23576,47695,29692,5916]}\n>player p2 {\"name\":\"kingofinche0n\",\"avatar\":\"gardenia-masters\",\"rating\":1084,\"seed\":[26350,14618,3429,36356]}\n>p1 move earthquake\n>p2 move drainingkiss\n>p1 switch 6\n>p2 switch 5\n>p1 move dracometeor\n>p2 switch 5\n>p1 move dracometeor terastallize\n>p2 move calmmind\n>p1 move dracometeor\n>p2 move mysticalfire\n>p1 move psyshock\n>p2 move calmmind\n>p1 switch 5\n>p2 move calmmind\n>p1 move mysticalfire\n>p2 move calmmind\n>p1 move mysticalfire\n>p2 move calmmind\n>p1 move mysticalfire\n>p2 move drainingkiss\n>p1 move mysticalfire\n>p2 move mysticalfire\n>p1 move mysticalfire\n>p2 move mysticalfire\n>p1 move struggle\n>p2 move drainingkiss\n>p1 switch 4\n>p1 move thunderbolt\n>p2 move drainingkiss\n>p1 move thunderbolt\n>p2 move calmmind\n>p1 switch 3\n>p2 move calmmind\n>p1 move wildcharge\n>p2 move drainingkiss\n>p1 move wildcharge\n>p2 move calmmind\n>p1 move wildcharge\n>p2 move drainingkiss\n>p1 switch 2\n>p1 move defog\n>p2 move drainingkiss\n>p1 switch 6\n>p1 move earthquake\n>p2 move drainingkiss\n>p1 move flareblitz\n>p2 move drainingkiss\n>p1 switch 3\n>p1 move voltswitch\n>p2 move drainingkiss\n>p1 switch 5\n>p1 move dracometeor\n>p2 move calmmind\n>p1 move recover\n>p2 move calmmind\n>p1 move psyshock\n>p2 move calmmind\n>p1 move psyshock\n>p2 move mysticalfire\n>p1 switch 5\n>p1 move thunderbolt\n>p2 move drainingkiss", "uploadtime": 1732972288, "views": 4, "formatid": "gen9randombattle", "rating": 1014, "private": 0, "password": null}