{"id": "gen9randombattle-2253809463", "format": "[Gen 9] Random Battle", "players": ["Lil bref", "Ratty526"], "log": "|j|\u2606Lil bref\n|j|\u2606Ratty526\n|t:|1732941614\n|gametype|singles\n|player|p1|Lil bref|169|1083\n|player|p2|Ratty526|265|1075\n|teamsize|p1|6\n|teamsize|p2|6\n|gen|9\n|tier|[Gen 9] Random Battle\n|rated|\n|rule|Species Clause: Limit one of each Pok\u00e9mon\n|rule|HP Percentage Mod: HP is shown in percentages\n|rule|Sleep Clause Mod: Limit one foe put to sleep\n|rule|Illusion Level Mod: Illusion disguises the Pok\u00e9mon's true level\n|\n|t:|1732941614\n|start\n|switch|p1a: Granbull|Granbull, L88, M|302/302\n|switch|p2a: Ursaluna|Ursaluna-Bloodmoon, L79, M|308/308\n|-ability|p1a: Granbull|Intimidate|boost\n|-unboost|p2a: Ursaluna|atk|1\n|turn|1\n|inactive|Battle timer is ON: inactive players will automatically lose when time's up. (requested by Lil bref)\n|\n|t:|1732941628\n|move|p1a: Granbull|Play Rough|p2a: Ursaluna\n|-damage|p2a: Ursaluna|208/308\n|move|p2a: Ursaluna|Blood Moon|p1a: Granbull\n|-damage|p1a: Granbull|94/302\n|\n|-heal|p1a: Granbull|112/302|[from] item: Leftovers\n|-heal|p2a: Ursaluna|227/308|[from] item: Leftovers\n|upkeep\n|turn|2\n|\n|t:|1732941644\n|move|p1a: Granbull|Play Rough|p2a: Ursaluna\n|-damage|p2a: Ursaluna|125/308\n|move|p2a: Ursaluna|Moonlight|p2a: Ursaluna\n|-heal|p2a: Ursaluna|279/308\n|\n|-heal|p1a: Granbull|130/302|[from] item: Leftovers\n|-heal|p2a: Ursaluna|298/308|[from] item: Leftovers\n|upkeep\n|turn|3\n|\n|t:|1732941653\n|move|p1a: Granbull|Play Rough|p2a: Ursaluna\n|-damage|p2a: Ursaluna|186/308\n|move|p2a: Ursaluna|Blood Moon|p1a: Granbull\n|-damage|p1a: Granbull|0 fnt\n|faint|p1a: Granbull\n|\n|-heal|p2a: Ursaluna|205/308|[from] item: Leftovers\n|upkeep\n|\n|t:|1732941666\n|switch|p1a: Flapple|Flapple, L88, M|266/266\n|turn|4\n|\n|t:|1732941676\n|move|p1a: Flapple|Grav Apple|p2a: Ursaluna\n|-supereffective|p2a: Ursaluna\n|-damage|p2a: Ursaluna|0 fnt\n|faint|p2a: Ursaluna\n|\n|upkeep\n|\n|t:|1732941690\n|switch|p2a: Magearna|Magearna-Original, L77|250/250\n|turn|5\n|\n|t:|1732941703\n|move|p1a: Flapple|Grav Apple|p2a: Magearna\n|-resisted|p2a: Magearna\n|-damage|p2a: Magearna|181/250\n|-unboost|p2a: Magearna|def|1\n|move|p2a: Magearna|Fleur Cannon|p1a: Flapple\n|-supereffective|p1a: Flapple\n|-damage|p1a: Flapple|0 fnt\n|-unboost|p2a: Magearna|spa|2\n|faint|p1a: Flapple\n|-ability|p2a: Magearna|Soul-Heart|boost\n|-boost|p2a: Magearna|spa|1\n|\n|-heal|p2a: Magearna|196/250|[from] item: Leftovers\n|upkeep\n|\n|t:|1732941719\n|switch|p1a: Bronzong|Bronzong, L88|261/261\n|turn|6\n|\n|t:|1732941728\n|switch|p2a: Reshiram|Reshiram, L76|277/277\n|-ability|p2a: Reshiram|Turboblaze\n|move|p1a: Bronzong|Iron Defense|p1a: Bronzong\n|-boost|p1a: Bronzong|def|2\n|\n|upkeep\n|turn|7\n|\n|t:|1732941739\n|move|p2a: Reshiram|Flare Blitz|p1a: Bronzong\n|-supereffective|p1a: Bronzong\n|-damage|p1a: Bronzong|165/261\n|-damage|p2a: Reshiram|245/277|[from] Recoil\n|move|p1a: Bronzong|Body Press|p2a: Reshiram\n|-damage|p2a: Reshiram|90/277\n|\n|upkeep\n|turn|8\n|\n|t:|1732941753\n|move|p2a: Reshiram|Flare Blitz|p1a: Bronzong\n|-supereffective|p1a: Bronzong\n|-damage|p1a: Bronzong|57/261\n|-status|p1a: Bronzong|brn\n|-damage|p2a: Reshiram|54/277|[from] Recoil\n|move|p1a: Bronzong|Rest|p1a: Bronzong\n|-status|p1a: Bronzong|slp|[from] move: Rest\n|-heal|p1a: Bronzong|261/261 slp|[silent]\n|-enditem|p1a: Bronzong|Chesto Berry|[eat]\n|-curestatus|p1a: Bronzong|slp|[msg]\n|\n|upkeep\n|turn|9\n|\n|t:|1732941766\n|move|p2a: Reshiram|Flare Blitz|p1a: Bronzong\n|-supereffective|p1a: Bronzong\n|-damage|p1a: Bronzong|171/261\n|-damage|p2a: Reshiram|24/277|[from] Recoil\n|move|p1a: Bronzong|Iron Defense|p1a: Bronzong\n|-boost|p1a: Bronzong|def|2\n|\n|upkeep\n|turn|10\n|\n|t:|1732941776\n|move|p2a: Reshiram|Stone Edge|p1a: Bronzong\n|-resisted|p1a: Bronzong\n|-damage|p1a: Bronzong|162/261\n|move|p1a: Bronzong|Rest|p1a: Bronzong\n|-status|p1a: Bronzong|slp|[from] move: Rest\n|-heal|p1a: Bronzong|261/261 slp|[silent]\n|\n|upkeep\n|turn|11\n|\n|t:|1732941787\n|switch|p2a: Decidueye|Decidueye-Hisui, L87, M|295/295\n|cant|p1a: Bronzong|slp\n|\n|upkeep\n|turn|12\n|\n|t:|1732941793\n|move|p2a: Decidueye|Swords Dance|p2a: Decidueye\n|-boost|p2a: Decidueye|atk|2\n|cant|p1a: Bronzong|slp\n|\n|upkeep\n|turn|13\n|\n|t:|1732941799\n|move|p2a: Decidueye|Triple Arrows|p1a: Bronzong\n|-damage|p1a: Bronzong|203/261 slp\n|-unboost|p1a: Bronzong|def|1\n|-curestatus|p1a: Bronzong|slp|[msg]\n|move|p1a: Bronzong|Psychic Noise|p2a: Decidueye\n|-supereffective|p2a: Decidueye\n|-damage|p2a: Decidueye|149/295\n|-start|p2a: Decidueye|move: Heal Block\n|\n|upkeep\n|turn|14\n|\n|t:|1732941820\n|switch|p2a: Reshiram|Reshiram, L76|24/277\n|-ability|p2a: Reshiram|Turboblaze\n|move|p1a: Bronzong|Iron Defense|p1a: Bronzong\n|-boost|p1a: Bronzong|def|2\n|\n|upkeep\n|turn|15\n|\n|t:|1732941829\n|move|p2a: Reshiram|Flare Blitz|p1a: Bronzong\n|-supereffective|p1a: Bronzong\n|-damage|p1a: Bronzong|147/261\n|-damage|p2a: Reshiram|6/277|[from] Recoil\n|move|p1a: Bronzong|Psychic Noise|p2a: Reshiram\n|-damage|p2a: Reshiram|0 fnt\n|faint|p2a: Reshiram\n|\n|upkeep\n|\n|t:|1732941848\n|switch|p2a: Masquerain|Masquerain, L87, M|264/264\n|-ability|p2a: Masquerain|Intimidate|boost\n|-unboost|p1a: Bronzong|atk|1\n|turn|16\n|\n|t:|1732941858\n|move|p2a: Masquerain|Stun Spore|p1a: Bronzong\n|-status|p1a: Bronzong|par\n|move|p1a: Bronzong|Body Press|p2a: Masquerain\n|-resisted|p2a: Masquerain\n|-damage|p2a: Masquerain|185/264\n|\n|upkeep\n|turn|17\n|\n|t:|1732941870\n|move|p2a: Masquerain|Hurricane|p1a: Bronzong\n|-resisted|p1a: Bronzong\n|-damage|p1a: Bronzong|98/261 par\n|move|p1a: Bronzong|Body Press|p2a: Masquerain\n|-resisted|p2a: Masquerain\n|-damage|p2a: Masquerain|111/264\n|\n|upkeep\n|turn|18\n|\n|t:|1732941878\n|move|p2a: Masquerain|Sticky Web|p1a: Bronzong\n|-sidestart|p1: Lil bref|move: Sticky Web\n|move|p1a: Bronzong|Body Press|p2a: Masquerain\n|-resisted|p2a: Masquerain\n|-damage|p2a: Masquerain|36/264\n|\n|upkeep\n|turn|19\n|\n|t:|1732941884\n|move|p2a: Masquerain|Hurricane|p1a: Bronzong\n|-resisted|p1a: Bronzong\n|-damage|p1a: Bronzong|47/261 par\n|-start|p1a: Bronzong|confusion\n|-activate|p1a: Bronzong|confusion\n|move|p1a: Bronzong|Rest|p1a: Bronzong\n|-status|p1a: Bronzong|slp|[from] move: Rest\n|-heal|p1a: Bronzong|261/261 slp|[silent]\n|\n|upkeep\n|turn|20\n|\n|t:|1732941894\n|move|p2a: Masquerain|Hurricane|p1a: Bronzong|[miss]\n|-miss|p2a: Masquerain|p1a: Bronzong\n|cant|p1a: Bronzong|slp\n|\n|upkeep\n|turn|21\n|\n|t:|1732941900\n|move|p2a: Masquerain|Hurricane|p1a: Bronzong\n|-resisted|p1a: Bronzong\n|-damage|p1a: Bronzong|216/261 slp\n|cant|p1a: Bronzong|slp\n|\n|upkeep\n|turn|22\n|\n|t:|1732941908\n|move|p2a: Masquerain|Hurricane|p1a: Bronzong\n|-resisted|p1a: Bronzong\n|-damage|p1a: Bronzong|167/261 slp\n|-curestatus|p1a: Bronzong|slp|[msg]\n|-activate|p1a: Bronzong|confusion\n|move|p1a: Bronzong|Body Press|p2a: Masquerain\n|-resisted|p2a: Masquerain\n|-damage|p2a: Masquerain|0 fnt\n|faint|p2a: Masquerain\n|\n|upkeep\n|\n|t:|1732941924\n|switch|p2a: Magearna|Magearna-Original, L77|196/250\n|turn|23\n|\n|t:|1732941934\n|move|p2a: Magearna|Calm Mind|p2a: Magearna\n|-boost|p2a: Magearna|spa|1\n|-boost|p2a: Magearna|spd|1\n|-activate|p1a: Bronzong|confusion\n|move|p1a: Bronzong|Body Press|p2a: Magearna\n|-damage|p2a: Magearna|0 fnt\n|faint|p2a: Magearna\n|\n|upkeep\n|\n|t:|1732941941\n|switch|p2a: Scream Tail|Scream Tail, L84|330/330\n|turn|24\n|\n|t:|1732941946\n|move|p2a: Scream Tail|Encore|p1a: Bronzong\n|-start|p1a: Bronzong|Encore\n|-end|p1a: Bronzong|confusion\n|move|p1a: Bronzong|Body Press|p2a: Scream Tail\n|-resisted|p2a: Scream Tail\n|-damage|p2a: Scream Tail|276/330\n|\n|-heal|p2a: Scream Tail|296/330|[from] item: Leftovers\n|upkeep\n|turn|25\n|\n|t:|1732941957\n|move|p2a: Scream Tail|Play Rough|p1a: Bronzong\n|-resisted|p1a: Bronzong\n|-damage|p1a: Bronzong|159/261\n|move|p1a: Bronzong|Body Press|p2a: Scream Tail\n|-resisted|p2a: Scream Tail\n|-damage|p2a: Scream Tail|241/330\n|\n|-heal|p2a: Scream Tail|261/330|[from] item: Leftovers\n|upkeep\n|turn|26\n|\n|t:|1732941966\n|move|p2a: Scream Tail|Play Rough|p1a: Bronzong\n|-resisted|p1a: Bronzong\n|-damage|p1a: Bronzong|151/261\n|move|p1a: Bronzong|Body Press|p2a: Scream Tail\n|-resisted|p2a: Scream Tail\n|-damage|p2a: Scream Tail|206/330\n|\n|-heal|p2a: Scream Tail|226/330|[from] item: Leftovers\n|-end|p1a: Bronzong|Encore\n|upkeep\n|turn|27\n|\n|t:|1732941978\n|move|p2a: Scream Tail|Play Rough|p1a: Bronzong\n|-resisted|p1a: Bronzong\n|-damage|p1a: Bronzong|142/261\n|move|p1a: Bronzong|Body Press|p2a: Scream Tail\n|-resisted|p2a: Scream Tail\n|-damage|p2a: Scream Tail|171/330\n|\n|-heal|p2a: Scream Tail|191/330|[from] item: Leftovers\n|upkeep\n|turn|28\n|\n|t:|1732941986\n|move|p2a: Scream Tail|Play Rough|p1a: Bronzong\n|-resisted|p1a: Bronzong\n|-damage|p1a: Bronzong|134/261\n|move|p1a: Bronzong|Body Press|p2a: Scream Tail\n|-resisted|p2a: Scream Tail\n|-damage|p2a: Scream Tail|137/330\n|\n|-heal|p2a: Scream Tail|157/330|[from] item: Leftovers\n|upkeep\n|turn|29\n|\n|t:|1732941994\n|move|p2a: Scream Tail|Play Rough|p1a: Bronzong\n|-resisted|p1a: Bronzong\n|-damage|p1a: Bronzong|125/261\n|-unboost|p1a: Bronzong|atk|1\n|move|p1a: Bronzong|Body Press|p2a: Scream Tail\n|-resisted|p2a: Scream Tail\n|-damage|p2a: Scream Tail|99/330\n|\n|-heal|p2a: Scream Tail|119/330|[from] item: Leftovers\n|upkeep\n|turn|30\n|\n|t:|1732942005\n|move|p2a: Scream Tail|Wish|p2a: Scream Tail\n|move|p1a: Bronzong|Psychic Noise|p2a: Scream Tail\n|-resisted|p2a: Scream Tail\n|-damage|p2a: Scream Tail|89/330\n|-start|p2a: Scream Tail|move: Heal Block\n|\n|upkeep\n|turn|31\n|\n|t:|1732942013\n|move|p2a: Scream Tail|Play Rough|p1a: Bronzong\n|-resisted|p1a: Bronzong\n|-damage|p1a: Bronzong|116/261\n|-unboost|p1a: Bronzong|atk|1\n|move|p1a: Bronzong|Body Press|p2a: Scream Tail\n|-resisted|p2a: Scream Tail\n|-damage|p2a: Scream Tail|35/330\n|\n|-end|p2a: Scream Tail|move: Heal Block\n|upkeep\n|turn|32\n|\n|t:|1732942024\n|move|p2a: Scream Tail|Wish|p2a: Scream Tail\n|move|p1a: Bronzong|Body Press|p2a: Scream Tail\n|-resisted|p2a: Scream Tail\n|-damage|p2a: Scream Tail|0 fnt\n|faint|p2a: Scream Tail\n|-end|p2a: Scream Tail|Protosynthesis|[silent]\n|\n|upkeep\n|\n|t:|1732942029\n|switch|p2a: Decidueye|Decidueye-Hisui, L87, M|149/295\n|turn|33\n|\n|t:|1732942034\n|move|p2a: Decidueye|Roost|p2a: Decidueye\n|-heal|p2a: Decidueye|295/295\n|-singleturn|p2a: Decidueye|move: Roost\n|move|p1a: Bronzong|Psychic Noise|p2a: Decidueye\n|-supereffective|p2a: Decidueye\n|-damage|p2a: Decidueye|151/295\n|-start|p2a: Decidueye|move: Heal Block\n|\n|upkeep\n|turn|34\n|\n|t:|1732942043\n|move|p2a: Decidueye|Triple Arrows|p1a: Bronzong\n|-damage|p1a: Bronzong|88/261\n|-unboost|p1a: Bronzong|def|1\n|move|p1a: Bronzong|Psychic Noise|p2a: Decidueye\n|-supereffective|p2a: Decidueye\n|-damage|p2a: Decidueye|23/295\n|\n|-end|p2a: Decidueye|move: Heal Block\n|upkeep\n|turn|35\n|\n|t:|1732942052\n|move|p2a: Decidueye|Roost|p2a: Decidueye\n|-heal|p2a: Decidueye|171/295\n|-singleturn|p2a: Decidueye|move: Roost\n|move|p1a: Bronzong|Psychic Noise|p2a: Decidueye\n|-supereffective|p2a: Decidueye\n|-damage|p2a: Decidueye|27/295\n|-start|p2a: Decidueye|move: Heal Block\n|\n|upkeep\n|turn|36\n|\n|t:|1732942062\n|move|p2a: Decidueye|Triple Arrows|p1a: Bronzong\n|-crit|p1a: Bronzong\n|-damage|p1a: Bronzong|0 fnt\n|faint|p1a: Bronzong\n|\n|-end|p2a: Decidueye|move: Heal Block\n|upkeep\n|\n|t:|1732942068\n|switch|p1a: Spiritomb|Spiritomb, L89, M|234/234\n|-activate|p1a: Spiritomb|move: Sticky Web\n|-unboost|p1a: Spiritomb|spe|1\n|turn|37\n|\n|t:|1732942072\n|move|p1a: Spiritomb|Shadow Sneak|p2a: Decidueye\n|-damage|p2a: Decidueye|0 fnt\n|faint|p2a: Decidueye\n|\n|win|Lil bref\n|raw|Lil bref's rating: 1083 &rarr; <strong>1110</strong><br />(+27 for winning)\n|raw|Ratty526's rating: 1075 &rarr; <strong>1054</strong><br />(-21 for losing)\n|l|\u2606Ratty526\n|player|p2|\n", "inputlog": ">version b107d77f5c90bd6555267ae244a6264823309ead\n>start {\"formatid\":\"gen9randombattle\",\"seed\":[7719,36881,16181,29715],\"rated\":\"Rated battle\"}\n>player p1 {\"name\":\"Lil bref\",\"avatar\":\"169\",\"rating\":1083,\"seed\":[52509,26745,16064,4555]}\n>player p2 {\"name\":\"Ratty526\",\"avatar\":\"265\",\"rating\":1075,\"seed\":[32776,31170,27942,56456]}\n>p1 move playrough\n>p2 move bloodmoon\n>p1 move playrough\n>p2 move moonlight\n>p1 move playrough\n>p2 move bloodmoon\n>p1 switch 5\n>p1 move gravapple\n>p2 move moonlight\n>p2 switch 2\n>p1 move gravapple\n>p2 move fleurcannon\n>p1 switch 3\n>p1 move irondefense\n>p2 switch 6\n>p1 move bodypress\n>p2 move flareblitz\n>p1 move rest\n>p2 move flareblitz\n>p1 move irondefense\n>p2 move flareblitz\n>p1 move rest\n>p2 move stoneedge\n>p1 move bodypress\n>p2 switch 5\n>p1 move psychicnoise\n>p2 move swordsdance\n>p1 move psychicnoise\n>p2 move triplearrows\n>p1 move irondefense\n>p2 switch 5\n>p1 move psychicnoise\n>p2 move flareblitz\n>p2 switch 4\n>p1 move bodypress\n>p2 move stunspore\n>p1 move bodypress\n>p2 move hurricane\n>p1 move bodypress\n>p2 move stickyweb\n>p1 move rest\n>p2 move hurricane\n>p1 move bodypress\n>p2 move hurricane\n>p1 move bodypress\n>p2 move hurricane\n>p1 move bodypress\n>p2 move hurricane\n>p2 switch 6\n>p1 move bodypress\n>p2 move calmmind\n>p2 switch 3\n>p1 move bodypress\n>p2 move encore\n>p1 move bodypress\n>p2 move playrough\n>p1 move bodypress\n>p2 move playrough\n>p1 move bodypress\n>p2 move playrough\n>p1 move bodypress\n>p2 move playrough\n>p1 move bodypress\n>p2 move playrough\n>p1 move psychicnoise\n>p2 move wish\n>p1 move bodypress\n>p2 move playrough\n>p1 move bodypress\n>p2 move wish\n>p2 switch 5\n>p1 move psychicnoise\n>p2 move roost\n>p1 move psychicnoise\n>p2 move triplearrows\n>p1 move psychicnoise\n>p2 move roost\n>p1 move bodypress\n>p2 move triplearrows\n>p1 switch 6\n>p1 move shadowsneak\n>p2 move roost", "uploadtime": 1732942080, "views": 26, "formatid": "gen9randombattle", "rating": 1054, "private": 0, "password": null}