{"id": "gen9randombattle-2253858551", "format": "[Gen 9] Random Battle", "players": ["johndhungel", "mdjdjchdkaodjjc"], "log": "|j|\u2606johndhungel\n|j|\u2606mdjdjchdkaodjjc\n|t:|1732950373\n|gametype|singles\n|player|p1|johndhungel|benga|1120\n|player|p2|mdjdjchdkaodjjc|2|1135\n|teamsize|p1|6\n|teamsize|p2|6\n|gen|9\n|tier|[Gen 9] Random Battle\n|rated|\n|rule|Species Clause: Limit one of each Pok\u00e9mon\n|rule|HP Percentage Mod: HP is shown in percentages\n|rule|Sleep Clause Mod: Limit one foe put to sleep\n|rule|Illusion Level Mod: Illusion disguises the Pok\u00e9mon's true level\n|\n|t:|1732950373\n|start\n|switch|p1a: Necrozma|Necrozma, L80|286/286\n|switch|p2a: Ursaring|Ursaring, L84, M|288/288\n|turn|1\n|\n|t:|1732950388\n|move|p1a: Necrozma|Photon Geyser|p2a: Ursaring\n|-damage|p2a: Ursaring|144/288\n|move|p2a: Ursaring|Swords Dance|p2a: Ursaring\n|-boost|p2a: Ursaring|atk|2\n|\n|-status|p2a: Ursaring|tox|[from] item: Toxic Orb\n|upkeep\n|turn|2\n|\n|t:|1732950399\n|move|p2a: Ursaring|Crunch|p1a: Necrozma\n|-supereffective|p1a: Necrozma\n|-damage|p1a: Necrozma|85/286\n|move|p1a: Necrozma|Photon Geyser|p2a: Ursaring\n|-damage|p2a: Ursaring|11/288 tox\n|\n|-heal|p1a: Necrozma|102/286|[from] item: Leftovers\n|-damage|p2a: Ursaring|0 fnt|[from] psn\n|faint|p2a: Ursaring\n|upkeep\n|\n|t:|1732950406\n|switch|p2a: Camerupt|Camerupt, L91, F|275/275\n|turn|3\n|\n|t:|1732950424\n|move|p1a: Necrozma|Photon Geyser|p2a: Camerupt\n|-damage|p2a: Camerupt|145/275\n|move|p2a: Camerupt|Stealth Rock|p1a: Necrozma\n|-sidestart|p1: johndhungel|move: Stealth Rock\n|\n|-heal|p1a: Necrozma|119/286|[from] item: Leftovers\n|-heal|p2a: Camerupt|162/275|[from] item: Leftovers\n|upkeep\n|turn|4\n|\n|t:|1732950447\n|move|p1a: Necrozma|Moonlight|p1a: Necrozma\n|-heal|p1a: Necrozma|262/286\n|move|p2a: Camerupt|Overheat|p1a: Necrozma\n|-damage|p1a: Necrozma|81/286\n|-unboost|p2a: Camerupt|spa|2\n|\n|-heal|p1a: Necrozma|98/286|[from] item: Leftovers\n|-heal|p2a: Camerupt|179/275|[from] item: Leftovers\n|upkeep\n|turn|5\n|\n|t:|1732950464\n|move|p1a: Necrozma|Photon Geyser|p2a: Camerupt\n|-damage|p2a: Camerupt|43/275\n|move|p2a: Camerupt|Earthquake|p1a: Necrozma\n|-damage|p1a: Necrozma|0 fnt\n|faint|p1a: Necrozma\n|\n|-heal|p2a: Camerupt|60/275|[from] item: Leftovers\n|upkeep\n|\n|t:|1732950478\n|switch|p1a: Hippowdon|Hippowdon, L82, M|311/311\n|-damage|p1a: Hippowdon|292/311|[from] Stealth Rock\n|-weather|Sandstorm|[from] ability: Sand Stream|[of] p1a: Hippowdon\n|turn|6\n|\n|t:|1732950488\n|move|p1a: Hippowdon|Earthquake|p2a: Camerupt\n|-supereffective|p2a: Camerupt\n|-damage|p2a: Camerupt|0 fnt\n|faint|p2a: Camerupt\n|\n|-weather|Sandstorm|[upkeep]\n|-heal|p1a: Hippowdon|311/311|[from] item: Leftovers\n|upkeep\n|\n|t:|1732950499\n|switch|p2a: Ninetales|Ninetales, L85, M|263/263\n|-weather|SunnyDay|[from] ability: Drought|[of] p2a: Ninetales\n|turn|7\n|\n|t:|1732950505\n|-terastallize|p2a: Ninetales|Grass\n|move|p2a: Ninetales|Nasty Plot|p2a: Ninetales\n|-boost|p2a: Ninetales|spa|2\n|move|p1a: Hippowdon|Earthquake|p2a: Ninetales\n|-resisted|p2a: Ninetales\n|-damage|p2a: Ninetales|201/263\n|\n|-weather|SunnyDay|[upkeep]\n|upkeep\n|turn|8\n|-message|johndhungel forfeited.\n|\n|win|mdjdjchdkaodjjc\n|raw|johndhungel's rating: 1120 &rarr; <strong>1096</strong><br />(-24 for losing)\n|raw|mdjdjchdkaodjjc's rating: 1135 &rarr; <strong>1159</strong><br />(+24 for winning)\n|l|\u2606johndhungel\n|player|p1|\n", "inputlog": ">version b107d77f5c90bd6555267ae244a6264823309ead\n>start {\"formatid\":\"gen9randombattle\",\"seed\":[61346,24959,63967,56150],\"rated\":\"Rated battle\"}\n>player p1 {\"name\":\"johndhungel\",\"avatar\":\"benga\",\"rating\":1120,\"seed\":[37189,3328,36582,30582]}\n>player p2 {\"name\":\"mdjdjchdkaodjjc\",\"avatar\":\"2\",\"rating\":1135,\"seed\":[47589,17645,41346,48027]}\n>p1 move photongeyser\n>p2 move swordsdance\n>p1 move photongeyser\n>p2 move crunch\n>p2 switch 3\n>p1 move photongeyser\n>p2 move stealthrock\n>p1 move moonlight\n>p2 move overheat\n>p1 move photongeyser\n>p2 move earthquake\n>p1 switch 5\n>p1 move earthquake\n>p2 move roar\n>p2 switch 2\n>p1 move earthquake\n>p2 move nastyplot terastallize\n>forcelose p1", "uploadtime": 1732950524, "views": 1, "formatid": "gen9randombattle", "rating": 1096, "private": 0, "password": null}