{"id": "gen9randombattle-2253846537", "format": "[Gen 9] Random Battle", "players": ["Inazuma-Fulgur", "zjy999"], "log": "|j|\u2606Inazuma-Fulgur\n|j|\u2606zjy999\n|t:|1732947945\n|gametype|singles\n|player|p1|Inazuma-Fulgur|marley|2025\n|player|p2|zjy999|101|2010\n|teamsize|p1|6\n|teamsize|p2|6\n|gen|9\n|tier|[Gen 9] Random Battle\n|rated|\n|rule|Species Clause: Limit one of each Pok\u00e9mon\n|rule|HP Percentage Mod: HP is shown in percentages\n|rule|Sleep Clause Mod: Limit one foe put to sleep\n|rule|Illusion Level Mod: Illusion disguises the Pok\u00e9mon's true level\n|\n|t:|1732947945\n|start\n|switch|p1a: Torkoal|Torkoal, L88, M|266/266\n|switch|p2a: Flygon|Flygon, L82, M|265/265\n|-weather|SunnyDay|[from] ability: Drought|[of] p1a: Torkoal\n|turn|1\n|inactive|Battle timer is ON: inactive players will automatically lose when time's up. (requested by Inazuma-Fulgur)\n|\n|t:|1732947970\n|switch|p1a: Yanmega|Yanmega, L82, F|275/275\n|move|p2a: Flygon|Earthquake|p1a: Yanmega\n|-immune|p1a: Yanmega\n|\n|-weather|SunnyDay|[upkeep]\n|upkeep\n|turn|2\n|\n|t:|1732947995\n|switch|p2a: Rotom|Rotom-Wash, L82|216/216\n|move|p1a: Yanmega|Protect||[still]\n|-fail|p1a: Yanmega\n|\n|-weather|SunnyDay|[upkeep]\n|-ability|p1a: Yanmega|Speed Boost|boost\n|-boost|p1a: Yanmega|spe|1\n|upkeep\n|turn|3\n|inactive|Inazuma-Fulgur has 120 seconds left.\n|\n|t:|1732948029\n|move|p1a: Yanmega|Protect|p1a: Yanmega\n|-singleturn|p1a: Yanmega|Protect\n|move|p2a: Rotom|Thunderbolt|p1a: Yanmega\n|-activate|p1a: Yanmega|move: Protect\n|\n|-weather|SunnyDay|[upkeep]\n|-ability|p1a: Yanmega|Speed Boost|boost\n|-boost|p1a: Yanmega|spe|1\n|upkeep\n|turn|4\n|inactive|Inazuma-Fulgur has 120 seconds left.\n|\n|t:|1732948062\n|switch|p1a: Electrode|Electrode, L92|260/260\n|move|p2a: Rotom|Thunderbolt|p1a: Electrode\n|-resisted|p1a: Electrode\n|-damage|p1a: Electrode|209/260\n|\n|-weather|SunnyDay|[upkeep]\n|upkeep\n|turn|5\n|\n|t:|1732948071\n|switch|p2a: Flygon|Flygon, L82, M|265/265\n|move|p1a: Electrode|Foul Play|p2a: Flygon\n|-damage|p2a: Flygon|182/265\n|\n|-weather|none\n|upkeep\n|turn|6\n|inactive|Inazuma-Fulgur has 90 seconds left.\n|\n|t:|1732948111\n|switch|p1a: Zarude|Zarude-Dada, L78|292/292\n|move|p2a: Flygon|U-turn|p1a: Zarude\n|-supereffective|p1a: Zarude\n|-damage|p1a: Zarude|16/292\n|inactive|zjy999 has 120 seconds left.\n|\n|t:|1732948141\n|switch|p2a: Spidops|Spidops, L96, F|271/271|[from] U-turn\n|\n|upkeep\n|turn|7\n|\n|t:|1732948151\n|switch|p1a: Torkoal|Torkoal, L88, M|266/266\n|-weather|SunnyDay|[from] ability: Drought|[of] p1a: Torkoal\n|move|p2a: Spidops|Sticky Web|p1a: Torkoal\n|-sidestart|p1: Inazuma-Fulgur|move: Sticky Web\n|\n|-weather|SunnyDay|[upkeep]\n|upkeep\n|turn|8\n|\n|t:|1732948162\n|move|p2a: Spidops|Knock Off|p1a: Torkoal\n|-damage|p1a: Torkoal|215/266\n|-enditem|p1a: Torkoal|Heavy-Duty Boots|[from] move: Knock Off|[of] p2a: Spidops\n|move|p1a: Torkoal|Rapid Spin|p2a: Spidops\n|-damage|p2a: Spidops|243/271\n|-boost|p1a: Torkoal|spe|1\n|-sideend|p1: Inazuma-Fulgur|Sticky Web|[from] move: Rapid Spin|[of] p1a: Torkoal\n|\n|-weather|SunnyDay|[upkeep]\n|upkeep\n|turn|9\n|\n|t:|1732948168\n|switch|p2a: Skeledirge|Skeledirge, L79, M|294/294\n|move|p1a: Torkoal|Stealth Rock|p2a: Skeledirge\n|-sidestart|p2: zjy999|move: Stealth Rock\n|\n|-weather|SunnyDay|[upkeep]\n|upkeep\n|turn|10\n|\n|t:|1732948173\n|move|p2a: Skeledirge|Torch Song|p1a: Torkoal\n|-resisted|p1a: Torkoal\n|-damage|p1a: Torkoal|148/266\n|-boost|p2a: Skeledirge|spa|1\n|move|p1a: Torkoal|Yawn|p2a: Skeledirge\n|-start|p2a: Skeledirge|move: Yawn|[of] p1a: Torkoal\n|\n|-weather|SunnyDay|[upkeep]\n|upkeep\n|turn|11\n|\n|t:|1732948199\n|switch|p2a: Rotom|Rotom-Wash, L82|216/216\n|-damage|p2a: Rotom|189/216|[from] Stealth Rock\n|switch|p1a: Meloetta|Meloetta, L82|298/298\n|\n|-weather|none\n|-heal|p2a: Rotom|202/216|[from] item: Leftovers\n|upkeep\n|turn|12\n|\n|t:|1732948204\n|move|p1a: Meloetta|Psyshock|p2a: Rotom\n|-damage|p2a: Rotom|72/216\n|move|p2a: Rotom|Pain Split|p1a: Meloetta\n|-sethp|p1a: Meloetta|185/298|[from] move: Pain Split|[silent]\n|-sethp|p2a: Rotom|185/216|[from] move: Pain Split\n|\n|-heal|p2a: Rotom|198/216|[from] item: Leftovers\n|upkeep\n|turn|13\n|\n|t:|1732948212\n|switch|p2a: Grumpig|Grumpig, L92, F|297/297\n|-damage|p2a: Grumpig|260/297|[from] Stealth Rock\n|move|p1a: Meloetta|Psyshock|p2a: Grumpig\n|-resisted|p2a: Grumpig\n|-damage|p2a: Grumpig|178/297\n|\n|upkeep\n|turn|14\n|\n|t:|1732948231\n|switch|p1a: Torkoal|Torkoal, L88, M|148/266\n|-weather|SunnyDay|[from] ability: Drought|[of] p1a: Torkoal\n|move|p2a: Grumpig|Focus Blast|p1a: Torkoal\n|-damage|p1a: Torkoal|0 fnt\n|faint|p1a: Torkoal\n|\n|-weather|SunnyDay|[upkeep]\n|upkeep\n|\n|t:|1732948235\n|switch|p1a: Ceruledge|Ceruledge, L78, F|245/245\n|turn|15\n|inactive|zjy999 has 120 seconds left.\n|\n|t:|1732948273\n|switch|p2a: Dondozo|Dondozo, L78, M|362/362\n|-damage|p2a: Dondozo|317/362|[from] Stealth Rock\n|move|p1a: Ceruledge|Swords Dance|p1a: Ceruledge\n|-boost|p1a: Ceruledge|atk|2\n|\n|-weather|SunnyDay|[upkeep]\n|-heal|p2a: Dondozo|339/362|[from] item: Leftovers\n|upkeep\n|turn|16\n|inactive|zjy999 has 120 seconds left.\n|\n|t:|1732948279\n|switch|p1a: Zarude|Zarude-Dada, L78|16/292\n|move|p2a: Dondozo|Wave Crash|p1a: Zarude\n|-resisted|p1a: Zarude\n|-damage|p1a: Zarude|0 fnt\n|faint|p1a: Zarude\n|-damage|p2a: Dondozo|334/362|[from] Recoil\n|\n|-weather|SunnyDay|[upkeep]\n|-heal|p2a: Dondozo|356/362|[from] item: Leftovers\n|upkeep\n|\n|t:|1732948281\n|switch|p1a: Yanmega|Yanmega, L82, F|275/275\n|turn|17\n|\n|t:|1732948289\n|switch|p2a: Rotom|Rotom-Wash, L82|198/216\n|-damage|p2a: Rotom|171/216|[from] Stealth Rock\n|move|p1a: Yanmega|Bug Buzz|p2a: Rotom\n|-damage|p2a: Rotom|80/216\n|\n|-weather|SunnyDay|[upkeep]\n|-heal|p2a: Rotom|93/216|[from] item: Leftovers\n|-ability|p1a: Yanmega|Speed Boost|boost\n|-boost|p1a: Yanmega|spe|1\n|upkeep\n|turn|18\n|\n|t:|1732948295\n|move|p1a: Yanmega|Bug Buzz|p2a: Rotom\n|-damage|p2a: Rotom|3/216\n|move|p2a: Rotom|Pain Split|p1a: Yanmega\n|-sethp|p1a: Yanmega|139/275|[from] move: Pain Split|[silent]\n|-sethp|p2a: Rotom|139/216|[from] move: Pain Split\n|\n|-weather|none\n|-heal|p2a: Rotom|152/216|[from] item: Leftovers\n|-ability|p1a: Yanmega|Speed Boost|boost\n|-boost|p1a: Yanmega|spe|1\n|upkeep\n|turn|19\n|\n|t:|1732948306\n|-terastallize|p1a: Yanmega|Ground\n|move|p1a: Yanmega|Bug Buzz|p2a: Rotom\n|-damage|p2a: Rotom|64/216\n|move|p2a: Rotom|Thunderbolt|p1a: Yanmega\n|-immune|p1a: Yanmega\n|\n|-heal|p2a: Rotom|77/216|[from] item: Leftovers\n|-ability|p1a: Yanmega|Speed Boost|boost\n|-boost|p1a: Yanmega|spe|1\n|upkeep\n|turn|20\n|inactive|zjy999 has 120 seconds left.\n|\n|t:|1732948336\n|move|p1a: Yanmega|Bug Buzz|p2a: Rotom\n|-damage|p2a: Rotom|0 fnt\n|faint|p2a: Rotom\n|\n|-ability|p1a: Yanmega|Speed Boost|boost\n|-boost|p1a: Yanmega|spe|1\n|upkeep\n|inactive|zjy999 has 120 seconds left.\n|\n|t:|1732948348\n|switch|p2a: Flygon|Flygon, L82, M|182/265\n|-damage|p2a: Flygon|166/265|[from] Stealth Rock\n|turn|21\n|\n|t:|1732948373\n|move|p1a: Yanmega|Air Slash|p2a: Flygon\n|-damage|p2a: Flygon|73/265\n|cant|p2a: Flygon|flinch\n|\n|-ability|p1a: Yanmega|Speed Boost|boost\n|-boost|p1a: Yanmega|spe|1\n|upkeep\n|turn|22\n|\n|t:|1732948381\n|move|p1a: Yanmega|Bug Buzz|p2a: Flygon\n|-damage|p2a: Flygon|0 fnt\n|faint|p2a: Flygon\n|\n|-ability|p1a: Yanmega|Speed Boost|boost\n|-boost|p1a: Yanmega|spe|1\n|upkeep\n|\n|t:|1732948385\n|switch|p2a: Skeledirge|Skeledirge, L79, M|294/294\n|turn|23\n|\n|t:|1732948389\n|-terastallize|p2a: Skeledirge|Water\n|move|p1a: Yanmega|Tera Blast|p2a: Skeledirge|[anim] Tera Blast Ground\n|-damage|p2a: Skeledirge|183/294\n|move|p2a: Skeledirge|Torch Song|p1a: Yanmega\n|-damage|p1a: Yanmega|19/275\n|-boost|p2a: Skeledirge|spa|1\n|\n|upkeep\n|turn|24\n|\n|t:|1732948394\n|move|p1a: Yanmega|Air Slash|p2a: Skeledirge\n|-damage|p2a: Skeledirge|78/294\n|cant|p2a: Skeledirge|flinch\n|\n|upkeep\n|turn|25\n|\n|t:|1732948398\n|move|p1a: Yanmega|Bug Buzz|p2a: Skeledirge\n|-damage|p2a: Skeledirge|0 fnt\n|faint|p2a: Skeledirge\n|\n|upkeep\n|\n|t:|1732948400\n|switch|p2a: Dondozo|Dondozo, L78, M|356/362\n|-damage|p2a: Dondozo|311/362|[from] Stealth Rock\n|turn|26\n|\n|t:|1732948426\n|move|p1a: Yanmega|Bug Buzz|p2a: Dondozo\n|-damage|p2a: Dondozo|160/362\n|move|p2a: Dondozo|Wave Crash|p1a: Yanmega\n|-supereffective|p1a: Yanmega\n|-damage|p1a: Yanmega|0 fnt\n|faint|p1a: Yanmega\n|-damage|p2a: Dondozo|154/362|[from] Recoil\n|\n|-heal|p2a: Dondozo|176/362|[from] item: Leftovers\n|upkeep\n|\n|t:|1732948430\n|switch|p1a: Electrode|Electrode, L92|209/260\n|turn|27\n|\n|t:|1732948449\n|switch|p2a: Grumpig|Grumpig, L92, F|178/297\n|-damage|p2a: Grumpig|141/297|[from] Stealth Rock\n|move|p1a: Electrode|Thunderbolt|p2a: Grumpig\n|-damage|p2a: Grumpig|62/297\n|\n|upkeep\n|turn|28\n|\n|t:|1732948455\n|move|p1a: Electrode|Thunderbolt|p2a: Grumpig\n|-damage|p2a: Grumpig|0 fnt\n|faint|p2a: Grumpig\n|\n|upkeep\n|\n|t:|1732948459\n|switch|p2a: Spidops|Spidops, L96, F|243/271\n|turn|29\n|\n|t:|1732948481\n|move|p1a: Electrode|Taunt|p2a: Spidops\n|-start|p2a: Spidops|move: Taunt\n|move|p2a: Spidops|Knock Off|p1a: Electrode\n|-damage|p1a: Electrode|121/260\n|-enditem|p1a: Electrode|Heavy-Duty Boots|[from] move: Knock Off|[of] p2a: Spidops\n|\n|upkeep\n|turn|30\n|\n|t:|1732948504\n|move|p1a: Electrode|Volt Switch|p2a: Spidops\n|-damage|p2a: Spidops|170/271\n|\n|t:|1732948515\n|switch|p1a: Ceruledge|Ceruledge, L78, F|245/245|[from] Volt Switch\n|move|p2a: Spidops|Circle Throw|p1a: Ceruledge\n|-immune|p1a: Ceruledge\n|\n|upkeep\n|turn|31\n|\n|t:|1732948524\n|move|p1a: Ceruledge|Poltergeist|p2a: Spidops\n|-activate|p2a: Spidops|move: Poltergeist|Heavy-Duty Boots\n|-damage|p2a: Spidops|73/271\n|move|p2a: Spidops|Knock Off|p1a: Ceruledge\n|-supereffective|p1a: Ceruledge\n|-damage|p1a: Ceruledge|75/245\n|-ability|p1a: Ceruledge|Weak Armor|boost\n|-unboost|p1a: Ceruledge|def|1\n|-boost|p1a: Ceruledge|spe|2\n|-enditem|p1a: Ceruledge|Heavy-Duty Boots|[from] move: Knock Off|[of] p2a: Spidops\n|\n|-end|p2a: Spidops|move: Taunt\n|upkeep\n|turn|32\n|\n|t:|1732948534\n|move|p1a: Ceruledge|Poltergeist|p2a: Spidops\n|-activate|p2a: Spidops|move: Poltergeist|Heavy-Duty Boots\n|-damage|p2a: Spidops|0 fnt\n|faint|p2a: Spidops\n|\n|upkeep\n|\n|t:|1732948537\n|switch|p2a: Dondozo|Dondozo, L78, M|176/362\n|-damage|p2a: Dondozo|131/362|[from] Stealth Rock\n|turn|33\n|\n|t:|1732948540\n|switch|p1a: Electrode|Electrode, L92|121/260\n|move|p2a: Dondozo|Rest|p2a: Dondozo\n|-status|p2a: Dondozo|slp|[from] move: Rest\n|-heal|p2a: Dondozo|362/362 slp|[silent]\n|\n|upkeep\n|turn|34\n|\n|t:|1732948543\n|move|p1a: Electrode|Volt Switch|p2a: Dondozo\n|-supereffective|p2a: Dondozo\n|-damage|p2a: Dondozo|150/362 slp\n|\n|t:|1732948546\n|switch|p1a: Meloetta|Meloetta, L82|185/298|[from] Volt Switch\n|cant|p2a: Dondozo|slp\n|move|p2a: Dondozo|Sleep Talk|p2a: Dondozo\n|move|p2a: Dondozo|Rest||[from]move: Sleep Talk|[still]\n|-fail|p2a: Dondozo\n|\n|-heal|p2a: Dondozo|172/362 slp|[from] item: Leftovers\n|upkeep\n|turn|35\n|\n|t:|1732948552\n|move|p1a: Meloetta|Hyper Voice|p2a: Dondozo\n|-damage|p2a: Dondozo|0 fnt\n|faint|p2a: Dondozo\n|\n|win|Inazuma-Fulgur\n|raw|Inazuma-Fulgur's rating: 2025 &rarr; <strong>2044</strong><br />(+19 for winning)\n|raw|zjy999's rating: 2008 &rarr; <strong>1989</strong><br />(-19 for losing)\n|c|\u2606Inazuma-Fulgur|!showteam\n|c| Inazuma-Fulgur|/raw <div class=\"infobox\"><details><summary>View team</summary>Torkoal @ Heavy-Duty Boots  <br />Ability: Drought  <br />Level: 88  <br />Tera Type: Dragon  <br />EVs: 85 HP &#x2f; 85 Atk &#x2f; 85 Def &#x2f; 85 SpA &#x2f; 85 SpD &#x2f; 85 Spe  <br />- Stealth Rock  <br />- Lava Plume  <br />- Yawn  <br />- Rapid Spin  <br /><br />Meloetta @ Choice Specs  <br />Ability: Serene Grace  <br />Level: 82  <br />Tera Type: Fighting  <br />EVs: 85 HP &#x2f; 85 Atk &#x2f; 85 Def &#x2f; 85 SpA &#x2f; 85 SpD &#x2f; 85 Spe  <br />- U-turn  <br />- Focus Blast  <br />- Psyshock  <br />- Hyper Voice  <br /><br />Zarude (Zarude-Dada) @ Life Orb  <br />Ability: Leaf Guard  <br />Level: 78  <br />Tera Type: Fighting  <br />EVs: 85 HP &#x2f; 85 Atk &#x2f; 85 Def &#x2f; 85 SpA &#x2f; 85 SpD &#x2f; 85 Spe  <br />- Swords Dance  <br />- Close Combat  <br />- Power Whip  <br />- Knock Off  <br /><br />Ceruledge @ Heavy-Duty Boots  <br />Ability: Weak Armor  <br />Level: 78  <br />Tera Type: Ghost  <br />EVs: 85 HP &#x2f; 85 Atk &#x2f; 85 Def &#x2f; 85 SpA &#x2f; 85 SpD &#x2f; 85 Spe  <br />- Poltergeist  <br />- Shadow Sneak  <br />- Swords Dance  <br />- Bitter Blade  <br /><br />Yanmega @ Heavy-Duty Boots  <br />Ability: Speed Boost  <br />Level: 82  <br />Tera Type: Ground  <br />EVs: 85 HP &#x2f; 85 Def &#x2f; 85 SpA &#x2f; 85 SpD &#x2f; 85 Spe  <br />IVs: 0 Atk  <br />- Bug Buzz  <br />- Air Slash  <br />- Protect  <br />- Tera Blast  <br /><br />Electrode @ Heavy-Duty Boots  <br />Ability: Aftermath  <br />Level: 92  <br />Tera Type: Dark  <br />EVs: 85 HP &#x2f; 85 Def &#x2f; 85 SpA &#x2f; 85 SpD &#x2f; 85 Spe  <br />IVs: 0 Atk  <br />- Foul Play  <br />- Volt Switch  <br />- Thunderbolt  <br />- Taunt  <br /><br /></details></div>\n", "inputlog": ">version b107d77f5c90bd6555267ae244a6264823309ead\n>start {\"formatid\":\"gen9randombattle\",\"seed\":[31636,54533,62207,48233],\"rated\":\"Rated battle\"}\n>player p1 {\"name\":\"Inazuma-Fulgur\",\"avatar\":\"marley\",\"rating\":2025,\"seed\":[57074,4898,24000,33932]}\n>player p2 {\"name\":\"zjy999\",\"avatar\":\"101\",\"rating\":2010,\"seed\":[14438,34842,59998,42171]}\n>p1 switch 5\n>p2 move earthquake\n>p1 move protect\n>p2 switch 4\n>p1 move protect\n>p2 move thunderbolt\n>p1 switch 6\n>p2 move thunderbolt\n>p1 move foulplay\n>p2 switch 4\n>p1 switch 3\n>p2 move uturn\n>p2 switch 5\n>p1 switch 5\n>p2 move stickyweb\n>p1 move rapidspin\n>p2 move knockoff\n>p1 move stealthrock\n>p2 switch 6\n>p1 move yawn\n>p2 move torchsong\n>p1 switch 2\n>p2 switch 4\n>p1 move psyshock\n>p2 move painsplit\n>p1 move psyshock\n>p2 switch 2\n>p1 switch 2\n>p2 move focusblast\n>p1 switch 4\n>p1 move swordsdance\n>p2 switch 3\n>p1 switch 5\n>p2 move wavecrash\n>p1 switch 6\n>p1 move bugbuzz\n>p2 switch 2\n>p1 move bugbuzz\n>p2 move painsplit\n>p1 move bugbuzz terastallize\n>p2 move thunderbolt\n>p1 move bugbuzz\n>p2 move hydropump\n>p2 switch 5\n>p1 move airslash\n>p2 move earthquake\n>p1 move bugbuzz\n>p2 move earthquake\n>p2 switch 4\n>p1 move terablast\n>p2 move torchsong terastallize\n>p1 move airslash\n>p2 move slackoff\n>p1 move bugbuzz\n>p2 move slackoff\n>p2 switch 2\n>p1 move bugbuzz\n>p2 move wavecrash\n>p1 switch 3\n>p1 move thunderbolt\n>p2 switch 3\n>p1 move thunderbolt\n>p2 move psychic\n>p2 switch 6\n>p1 move taunt\n>p2 move knockoff\n>p1 move voltswitch\n>p2 move circlethrow\n>p1 switch 5\n>p1 move poltergeist\n>p2 move knockoff\n>p1 move poltergeist\n>p2 move knockoff\n>p2 switch 3\n>p1 switch 5\n>p2 move rest\n>p1 move voltswitch\n>p2 move sleeptalk\n>p1 switch 2\n>p1 move hypervoice\n>p2 move sleeptalk", "uploadtime": 1732948556, "views": 1, "formatid": "gen9randombattle", "rating": 1989, "private": 0, "password": null}