{"id": "gen9randombattle-2253966384", "format": "[Gen 9] Random Battle", "players": ["Iridium Moth", "dieselvtw"], "log": "|j|\u2606Iridium Moth\n|j|\u2606dieselvtw\n|t:|1732972813\n|gametype|singles\n|player|p1|Iridium Moth|tulip|1050\n|player|p2|dieselvtw|170|1078\n|teamsize|p1|6\n|teamsize|p2|6\n|gen|9\n|tier|[Gen 9] Random Battle\n|rated|\n|rule|Species Clause: Limit one of each Pok\u00e9mon\n|rule|HP Percentage Mod: HP is shown in percentages\n|rule|Sleep Clause Mod: Limit one foe put to sleep\n|rule|Illusion Level Mod: Illusion disguises the Pok\u00e9mon's true level\n|\n|t:|1732972813\n|start\n|switch|p1a: Barraskewda|Barraskewda, L81, F|231/231\n|switch|p2a: Granbull|Granbull, L88, F|302/302\n|-ability|p2a: Granbull|Intimidate|boost\n|-unboost|p1a: Barraskewda|atk|1\n|turn|1\n|inactive|Battle timer is ON: inactive players will automatically lose when time's up. (requested by Iridium Moth)\n|\n|t:|1732972843\n|move|p1a: Barraskewda|Waterfall|p2a: Granbull\n|-damage|p2a: Granbull|202/302\n|move|p2a: Granbull|Thunder Wave|p1a: Barraskewda\n|-status|p1a: Barraskewda|par\n|\n|-heal|p2a: Granbull|220/302|[from] item: Leftovers\n|upkeep\n|turn|2\n|\n|t:|1732972857\n|cant|p1a: Barraskewda|par\n|move|p2a: Granbull|Play Rough|p1a: Barraskewda\n|-damage|p1a: Barraskewda|69/231 par\n|\n|-heal|p2a: Granbull|238/302|[from] item: Leftovers\n|upkeep\n|turn|3\n|\n|t:|1732972866\n|cant|p1a: Barraskewda|par\n|move|p2a: Granbull|Play Rough|p1a: Barraskewda\n|-damage|p1a: Barraskewda|0 fnt\n|faint|p1a: Barraskewda\n|\n|-heal|p2a: Granbull|256/302|[from] item: Leftovers\n|upkeep\n|\n|t:|1732972873\n|switch|p1a: Copperajah|Copperajah, L86, F|350/350\n|turn|4\n|\n|t:|1732972879\n|move|p2a: Granbull|Thunder Wave|p1a: Copperajah\n|-status|p1a: Copperajah|par\n|move|p1a: Copperajah|Iron Head|p2a: Granbull\n|-supereffective|p2a: Granbull\n|-damage|p2a: Granbull|0 fnt\n|faint|p2a: Granbull\n|\n|upkeep\n|\n|t:|1732972890\n|switch|p2a: Sandy Shocks|Sandy Shocks, L80|267/267\n|turn|5\n|\n|t:|1732972901\n|move|p2a: Sandy Shocks|Earth Power|p1a: Copperajah\n|-supereffective|p1a: Copperajah\n|-damage|p1a: Copperajah|102/350 par\n|move|p1a: Copperajah|Earthquake|p2a: Sandy Shocks\n|-supereffective|p2a: Sandy Shocks\n|-damage|p2a: Sandy Shocks|28/267\n|-damage|p1a: Copperajah|67/350 par|[from] item: Life Orb\n|\n|upkeep\n|turn|6\n|\n|t:|1732972912\n|move|p2a: Sandy Shocks|Earth Power|p1a: Copperajah\n|-supereffective|p1a: Copperajah\n|-damage|p1a: Copperajah|0 fnt\n|faint|p1a: Copperajah\n|\n|upkeep\n|\n|t:|1732972917\n|switch|p1a: Glastrier|Glastrier, L86|311/311\n|turn|7\n|\n|t:|1732972942\n|move|p2a: Sandy Shocks|Volt Switch|p1a: Glastrier\n|-damage|p1a: Glastrier|244/311\n|\n|t:|1732972945\n|-end|p2a: Sandy Shocks|Protosynthesis|[silent]\n|switch|p2a: Tentacruel|Tentacruel, L84, F|272/272|[from] Volt Switch\n|move|p1a: Glastrier|High Horsepower|p2a: Tentacruel\n|-supereffective|p2a: Tentacruel\n|-damage|p2a: Tentacruel|0 fnt\n|faint|p2a: Tentacruel\n|-ability|p1a: Glastrier|Chilling Neigh|boost\n|-boost|p1a: Glastrier|atk|1\n|\n|upkeep\n|\n|t:|1732972950\n|switch|p2a: Banette|Banette, L93, M|270/270\n|-item|p1a: Glastrier|Choice Band|[from] ability: Frisk|[of] p2a: Banette\n|turn|8\n|\n|t:|1732972959\n|move|p2a: Banette|Poltergeist|p1a: Glastrier\n|-activate|p1a: Glastrier|move: Poltergeist|Choice Band\n|-damage|p1a: Glastrier|83/311\n|-damage|p2a: Banette|243/270|[from] item: Life Orb\n|move|p1a: Glastrier|High Horsepower|p2a: Banette\n|-damage|p2a: Banette|0 fnt\n|faint|p2a: Banette\n|-ability|p1a: Glastrier|Chilling Neigh|boost\n|-boost|p1a: Glastrier|atk|1\n|\n|upkeep\n|\n|t:|1732972967\n|switch|p2a: Brambleghast|Brambleghast, L88, M|240/240\n|turn|9\n|\n|t:|1732972972\n|move|p2a: Brambleghast|Poltergeist|p1a: Glastrier\n|-activate|p1a: Glastrier|move: Poltergeist|Choice Band\n|-damage|p1a: Glastrier|0 fnt\n|faint|p1a: Glastrier\n|\n|upkeep\n|\n|t:|1732972990\n|switch|p1a: Ursaring|Ursaring, L84, M|288/288\n|turn|10\n|\n|t:|1732972998\n|move|p2a: Brambleghast|Power Whip|p1a: Ursaring\n|-damage|p1a: Ursaring|120/288\n|move|p1a: Ursaring|Crunch|p2a: Brambleghast\n|-supereffective|p2a: Brambleghast\n|-damage|p2a: Brambleghast|82/240\n|\n|-status|p1a: Ursaring|tox|[from] item: Toxic Orb\n|upkeep\n|turn|11\n|\n|t:|1732973012\n|move|p1a: Ursaring|Crunch|p2a: Brambleghast\n|-supereffective|p2a: Brambleghast\n|-damage|p2a: Brambleghast|0 fnt\n|faint|p2a: Brambleghast\n|\n|-damage|p1a: Ursaring|102/288 tox|[from] psn\n|upkeep\n|\n|t:|1732973019\n|switch|p2a: Sandy Shocks|Sandy Shocks, L80|28/267\n|turn|12\n|\n|t:|1732973024\n|move|p1a: Ursaring|Crunch|p2a: Sandy Shocks\n|-damage|p2a: Sandy Shocks|0 fnt\n|faint|p2a: Sandy Shocks\n|-end|p2a: Sandy Shocks|Protosynthesis|[silent]\n|\n|-damage|p1a: Ursaring|66/288 tox|[from] psn\n|upkeep\n|\n|t:|1732973028\n|switch|p2a: Exeggutor|Exeggutor-Alola, L89, F|314/314\n|turn|13\n|\n|t:|1732973039\n|move|p1a: Ursaring|Facade|p2a: Exeggutor\n|-damage|p2a: Exeggutor|148/314\n|-enditem|p2a: Exeggutor|Sitrus Berry|[eat]\n|-heal|p2a: Exeggutor|226/314|[from] item: Sitrus Berry\n|move|p2a: Exeggutor|Flamethrower|p1a: Ursaring\n|-damage|p1a: Ursaring|0 fnt\n|faint|p1a: Ursaring\n|\n|-item|p2a: Exeggutor|Sitrus Berry|[from] ability: Harvest\n|upkeep\n|\n|t:|1732973069\n|switch|p1a: Manaphy|Manaphy, L78|284/284\n|turn|14\n|\n|t:|1732973078\n|move|p1a: Manaphy|Ice Beam|p2a: Exeggutor\n|-supereffective|p2a: Exeggutor\n|-damage|p2a: Exeggutor|0 fnt\n|faint|p2a: Exeggutor\n|\n|win|Iridium Moth\n|raw|Iridium Moth's rating: 1050 &rarr; <strong>1085</strong><br />(+35 for winning)\n|raw|dieselvtw's rating: 1078 &rarr; <strong>1055</strong><br />(-23 for losing)\n|l|\u2606dieselvtw\n|player|p2|\n|c|\u2606Iridium Moth|gg!\n|c|\u2606Iridium Moth|/log Iridium Moth made this room public.\n", "inputlog": ">version b107d77f5c90bd6555267ae244a6264823309ead\n>start {\"formatid\":\"gen9randombattle\",\"seed\":[41159,8289,26787,16387],\"rated\":\"Rated battle\"}\n>player p1 {\"name\":\"Iridium Moth\",\"avatar\":\"tulip\",\"rating\":1050,\"seed\":[19288,62142,36257,53597]}\n>player p2 {\"name\":\"dieselvtw\",\"avatar\":\"170\",\"rating\":1078,\"seed\":[34391,46409,14243,16302]}\n>p1 move waterfall\n>p2 move thunderwave\n>p1 move waterfall\n>p2 move playrough\n>p1 move waterfall\n>p2 move playrough\n>p1 switch 4\n>p1 move ironhead\n>p2 move thunderwave\n>p2 switch 4\n>p1 move earthquake\n>p2 move earthpower\n>p1 move earthquake\n>p2 move earthpower\n>p1 switch 3\n>p1 move highhorsepower\n>p2 move voltswitch\n>p2 switch 5\n>p2 switch 6\n>p1 move highhorsepower\n>p2 move poltergeist\n>p2 switch 3\n>p1 move highhorsepower\n>p2 move poltergeist\n>p1 switch 6\n>p1 move crunch\n>p2 move powerwhip\n>p1 move crunch\n>p2 move powerwhip\n>p2 switch 5\n>p1 move crunch\n>p2 move earthpower\n>p2 switch 2\n>p1 move facade\n>p2 move flamethrower\n>p1 switch 2\n>p1 move icebeam\n>p2 move woodhammer", "uploadtime": 1732973089, "views": 1, "formatid": "gen9randombattle", "rating": 1055, "private": 0, "password": null}