{"id": "gen9randombattle-2254104285", "format": "[Gen 9] Random Battle", "players": ["Some_Skillz312", "FADAWAN1"], "log": "|j|\u2606Some_Skillz312\n|j|\u2606FADAWAN1\n|t:|1732991765\n|gametype|singles\n|player|p1|Some_Skillz312|benga|1495\n|player|p2|FADAWAN1|101|1497\n|teamsize|p1|6\n|teamsize|p2|6\n|gen|9\n|tier|[Gen 9] Random Battle\n|rated|\n|rule|Species Clause: Limit one of each Pok\u00e9mon\n|rule|HP Percentage Mod: HP is shown in percentages\n|rule|Sleep Clause Mod: Limit one foe put to sleep\n|rule|Illusion Level Mod: Illusion disguises the Pok\u00e9mon's true level\n|\n|t:|1732991765\n|start\n|switch|p1a: Scream Tail|Scream Tail, L84|330/330\n|switch|p2a: Slither Wing|Slither Wing, L81|270/270\n|turn|1\n|\n|t:|1732991774\n|-end|p2a: Slither Wing|Protosynthesis|[silent]\n|switch|p2a: Victreebel|Victreebel, L90, F|290/290\n|move|p1a: Scream Tail|Thunder Wave|p2a: Victreebel\n|-status|p2a: Victreebel|par\n|\n|upkeep\n|turn|2\n|\n|t:|1732991785\n|-end|p1a: Scream Tail|Protosynthesis|[silent]\n|switch|p1a: Probopass|Probopass, L92, M|260/260\n|move|p2a: Victreebel|Sludge Wave|p1a: Probopass\n|-immune|p1a: Probopass\n|\n|upkeep\n|turn|3\n|\n|t:|1732991801\n|switch|p2a: Slither Wing|Slither Wing, L81|270/270\n|move|p1a: Probopass|Iron Defense|p1a: Probopass\n|-boost|p1a: Probopass|def|2\n|\n|upkeep\n|turn|4\n|\n|t:|1732991814\n|-terastallize|p1a: Probopass|Fighting\n|move|p2a: Slither Wing|Close Combat|p1a: Probopass\n|-damage|p1a: Probopass|200/260\n|-unboost|p2a: Slither Wing|def|1\n|-unboost|p2a: Slither Wing|spd|1\n|-damage|p2a: Slither Wing|243/270|[from] item: Life Orb\n|move|p1a: Probopass|Iron Defense|p1a: Probopass\n|-boost|p1a: Probopass|def|2\n|\n|upkeep\n|turn|5\n|\n|t:|1732991820\n|-end|p2a: Slither Wing|Protosynthesis|[silent]\n|switch|p2a: Sableye|Sableye, L90, F|236/236\n|move|p1a: Probopass|Body Press|p2a: Sableye\n|-immune|p2a: Sableye\n|\n|upkeep\n|turn|6\n|\n|t:|1732991827\n|move|p2a: Sableye|Will-O-Wisp|p1a: Probopass\n|-status|p1a: Probopass|brn\n|move|p1a: Probopass|Power Gem|p2a: Sableye\n|-damage|p2a: Sableye|136/236\n|\n|-heal|p2a: Sableye|150/236|[from] item: Leftovers\n|-damage|p1a: Probopass|184/260 brn|[from] brn\n|upkeep\n|turn|7\n|\n|t:|1732991834\n|move|p2a: Sableye|Knock Off|p1a: Probopass\n|-resisted|p1a: Probopass\n|-damage|p1a: Probopass|174/260 brn\n|-enditem|p1a: Probopass|Chesto Berry|[from] move: Knock Off|[of] p2a: Sableye\n|move|p1a: Probopass|Power Gem|p2a: Sableye\n|-damage|p2a: Sableye|47/236\n|\n|-heal|p2a: Sableye|61/236|[from] item: Leftovers\n|-damage|p1a: Probopass|158/260 brn|[from] brn\n|upkeep\n|turn|8\n|\n|t:|1732991841\n|move|p2a: Sableye|Recover|p2a: Sableye\n|-heal|p2a: Sableye|179/236\n|move|p1a: Probopass|Iron Defense|p1a: Probopass\n|-boost|p1a: Probopass|def|2\n|\n|-heal|p2a: Sableye|193/236|[from] item: Leftovers\n|-damage|p1a: Probopass|142/260 brn|[from] brn\n|upkeep\n|turn|9\n|\n|t:|1732991848\n|move|p2a: Sableye|Encore|p1a: Probopass\n|-start|p1a: Probopass|Encore\n|move|p1a: Probopass|Iron Defense|p1a: Probopass\n|-boost|p1a: Probopass|def|0\n|\n|-heal|p2a: Sableye|207/236|[from] item: Leftovers\n|-damage|p1a: Probopass|126/260 brn|[from] brn\n|upkeep\n|turn|10\n|\n|t:|1732991851\n|switch|p1a: Scream Tail|Scream Tail, L84|330/330\n|move|p2a: Sableye|Knock Off|p1a: Scream Tail\n|-damage|p1a: Scream Tail|240/330\n|-enditem|p1a: Scream Tail|Leftovers|[from] move: Knock Off|[of] p2a: Sableye\n|\n|-heal|p2a: Sableye|221/236|[from] item: Leftovers\n|upkeep\n|turn|11\n|\n|t:|1732991856\n|move|p2a: Sableye|Will-O-Wisp|p1a: Scream Tail\n|-status|p1a: Scream Tail|brn\n|move|p1a: Scream Tail|Play Rough|p2a: Sableye\n|-supereffective|p2a: Sableye\n|-damage|p2a: Sableye|151/236\n|\n|-heal|p2a: Sableye|165/236|[from] item: Leftovers\n|-damage|p1a: Scream Tail|220/330 brn|[from] brn\n|upkeep\n|turn|12\n|\n|t:|1732991863\n|switch|p2a: Victreebel|Victreebel, L90, F|290/290 par\n|move|p1a: Scream Tail|Thunder Wave|p2a: Victreebel\n|-fail|p2a: Victreebel|par\n|\n|-damage|p1a: Scream Tail|200/330 brn|[from] brn\n|upkeep\n|turn|13\n|\n|t:|1732991872\n|-end|p1a: Scream Tail|Protosynthesis|[silent]\n|switch|p1a: Probopass|Probopass, L92, M, tera:Fighting|126/260 brn\n|cant|p2a: Victreebel|par\n|\n|-damage|p1a: Probopass|110/260 brn|[from] brn\n|upkeep\n|turn|14\n|\n|t:|1732991877\n|move|p1a: Probopass|Rest|p1a: Probopass\n|-status|p1a: Probopass|slp|[from] move: Rest\n|-heal|p1a: Probopass|260/260 slp|[silent]\n|cant|p2a: Victreebel|par\n|\n|upkeep\n|turn|15\n|\n|t:|1732991883\n|cant|p1a: Probopass|slp\n|move|p2a: Victreebel|Power Whip|p1a: Probopass\n|-damage|p1a: Probopass|138/260 slp\n|-damage|p2a: Victreebel|261/290 par|[from] item: Life Orb\n|\n|upkeep\n|turn|16\n|\n|t:|1732991886\n|cant|p1a: Probopass|slp\n|move|p2a: Victreebel|Power Whip|p1a: Probopass\n|-damage|p1a: Probopass|16/260 slp\n|-damage|p2a: Victreebel|232/290 par|[from] item: Life Orb\n|\n|upkeep\n|turn|17\n|\n|t:|1732991892\n|-curestatus|p1a: Probopass|slp|[msg]\n|move|p1a: Probopass|Rest|p1a: Probopass\n|-status|p1a: Probopass|slp|[from] move: Rest\n|-heal|p1a: Probopass|260/260 slp|[silent]\n|move|p2a: Victreebel|Power Whip|p1a: Probopass\n|-damage|p1a: Probopass|135/260 slp\n|-damage|p2a: Victreebel|203/290 par|[from] item: Life Orb\n|\n|upkeep\n|turn|18\n|\n|t:|1732991907\n|switch|p2a: Sableye|Sableye, L90, F|165/236\n|cant|p1a: Probopass|slp\n|\n|-heal|p2a: Sableye|179/236|[from] item: Leftovers\n|upkeep\n|turn|19\n|\n|t:|1732991913\n|move|p2a: Sableye|Knock Off|p1a: Probopass\n|-resisted|p1a: Probopass\n|-damage|p1a: Probopass|114/260 slp\n|cant|p1a: Probopass|slp\n|\n|-heal|p2a: Sableye|193/236|[from] item: Leftovers\n|upkeep\n|turn|20\n|\n|t:|1732991921\n|move|p2a: Sableye|Knock Off|p1a: Probopass\n|-resisted|p1a: Probopass\n|-damage|p1a: Probopass|94/260 slp\n|-curestatus|p1a: Probopass|slp|[msg]\n|move|p1a: Probopass|Rest|p1a: Probopass\n|-status|p1a: Probopass|slp|[from] move: Rest\n|-heal|p1a: Probopass|260/260 slp|[silent]\n|\n|-heal|p2a: Sableye|207/236|[from] item: Leftovers\n|upkeep\n|turn|21\n|\n|t:|1732991927\n|switch|p1a: Scream Tail|Scream Tail, L84|200/330 brn\n|move|p2a: Sableye|Encore||[still]\n|-fail|p2a: Sableye\n|\n|-heal|p2a: Sableye|221/236|[from] item: Leftovers\n|-damage|p1a: Scream Tail|180/330 brn|[from] brn\n|upkeep\n|turn|22\n|\n|t:|1732991931\n|switch|p2a: Victreebel|Victreebel, L90, F|203/290 par\n|move|p1a: Scream Tail|Wish|p1a: Scream Tail\n|\n|-damage|p1a: Scream Tail|160/330 brn|[from] brn\n|upkeep\n|turn|23\n|\n|t:|1732991938\n|move|p1a: Scream Tail|Protect|p1a: Scream Tail\n|-singleturn|p1a: Scream Tail|Protect\n|move|p2a: Victreebel|Strength Sap|p1a: Scream Tail\n|-activate|p1a: Scream Tail|move: Protect\n|\n|-heal|p1a: Scream Tail|325/330 brn|[from] move: Wish|[wisher] Scream Tail\n|-damage|p1a: Scream Tail|305/330 brn|[from] brn\n|upkeep\n|turn|24\n|\n|t:|1732991947\n|-end|p1a: Scream Tail|Protosynthesis|[silent]\n|switch|p1a: Raging Bolt|Raging Bolt, L78|323/323\n|cant|p2a: Victreebel|par\n|\n|upkeep\n|turn|25\n|\n|t:|1732991961\n|switch|p2a: Zapdos|Zapdos, L78|268/268\n|move|p1a: Raging Bolt|Volt Switch|p2a: Zapdos\n|-damage|p2a: Zapdos|172/268\n|\n|t:|1732991973\n|-end|p1a: Raging Bolt|Protosynthesis|[silent]\n|switch|p1a: Squawkabilly|Squawkabilly-Yellow, L89, F|291/291|[from] Volt Switch\n|\n|upkeep\n|turn|26\n|\n|t:|1732991979\n|move|p1a: Squawkabilly|Parting Shot|p2a: Zapdos\n|-unboost|p2a: Zapdos|atk|1\n|-unboost|p2a: Zapdos|spa|1\n|\n|t:|1732991984\n|switch|p1a: Pikachu|Pikachu-World, L93, M|216/216|[from] Parting Shot\n|move|p2a: Zapdos|Discharge|p1a: Pikachu\n|-ability|p1a: Pikachu|Lightning Rod|boost\n|-boost|p1a: Pikachu|spa|1\n|\n|upkeep\n|turn|27\n|\n|t:|1732991994\n|move|p1a: Pikachu|Surf|p2a: Zapdos\n|-damage|p2a: Zapdos|6/268\n|move|p2a: Zapdos|U-turn|p1a: Pikachu\n|-damage|p1a: Pikachu|176/216\n|\n|t:|1732992009\n|switch|p2a: Slither Wing|Slither Wing, L81|243/270|[from] U-turn\n|\n|upkeep\n|turn|28\n|\n|t:|1732992015\n|move|p1a: Pikachu|Play Rough|p2a: Slither Wing\n|-supereffective|p2a: Slither Wing\n|-damage|p2a: Slither Wing|5/270\n|move|p2a: Slither Wing|Close Combat|p1a: Pikachu\n|-damage|p1a: Pikachu|0 fnt\n|-unboost|p2a: Slither Wing|def|1\n|-unboost|p2a: Slither Wing|spd|1\n|faint|p1a: Pikachu\n|-damage|p2a: Slither Wing|0 fnt|[from] item: Life Orb\n|faint|p2a: Slither Wing\n|-end|p2a: Slither Wing|Protosynthesis|[silent]\n|\n|upkeep\n|\n|t:|1732992030\n|switch|p1a: Scream Tail|Scream Tail, L84|305/330 brn\n|switch|p2a: Chimecho|Chimecho, L94, M|293/293\n|turn|29\n|\n|t:|1732992035\n|move|p1a: Scream Tail|Thunder Wave|p2a: Chimecho\n|-status|p2a: Chimecho|par\n|move|p2a: Chimecho|Calm Mind|p2a: Chimecho\n|-boost|p2a: Chimecho|spa|1\n|-boost|p2a: Chimecho|spd|1\n|\n|-damage|p1a: Scream Tail|285/330 brn|[from] brn\n|upkeep\n|turn|30\n|\n|t:|1732992042\n|-end|p1a: Scream Tail|Protosynthesis|[silent]\n|switch|p1a: Raging Bolt|Raging Bolt, L78|323/323\n|move|p2a: Chimecho|Calm Mind|p2a: Chimecho\n|-boost|p2a: Chimecho|spa|1\n|-boost|p2a: Chimecho|spd|1\n|\n|upkeep\n|turn|31\n|\n|t:|1732992048\n|move|p1a: Raging Bolt|Volt Switch|p2a: Chimecho\n|-damage|p2a: Chimecho|253/293 par\n|\n|t:|1732992058\n|-end|p1a: Raging Bolt|Protosynthesis|[silent]\n|switch|p1a: Zacian|Zacian, L69|241/241|[from] Volt Switch\n|-ability|p1a: Zacian|Intrepid Sword|boost\n|-boost|p1a: Zacian|atk|1\n|move|p2a: Chimecho|Dazzling Gleam|p1a: Zacian\n|-damage|p1a: Zacian|100/241\n|\n|-heal|p2a: Chimecho|271/293 par|[from] item: Leftovers\n|upkeep\n|turn|32\n|\n|t:|1732992066\n|move|p1a: Zacian|Play Rough|p2a: Chimecho\n|-damage|p2a: Chimecho|97/293 par\n|move|p2a: Chimecho|Dazzling Gleam|p1a: Zacian\n|-damage|p1a: Zacian|0 fnt\n|faint|p1a: Zacian\n|\n|-heal|p2a: Chimecho|115/293 par|[from] item: Leftovers\n|upkeep\n|\n|t:|1732992073\n|switch|p1a: Squawkabilly|Squawkabilly-Yellow, L89, F|291/291\n|turn|33\n|\n|t:|1732992079\n|move|p1a: Squawkabilly|Foul Play|p2a: Chimecho\n|-supereffective|p2a: Chimecho\n|-damage|p2a: Chimecho|17/293 par\n|cant|p2a: Chimecho|par\n|\n|-heal|p2a: Chimecho|35/293 par|[from] item: Leftovers\n|upkeep\n|turn|34\n|\n|t:|1732992088\n|move|p1a: Squawkabilly|Foul Play|p2a: Chimecho\n|-supereffective|p2a: Chimecho\n|-damage|p2a: Chimecho|0 fnt\n|faint|p2a: Chimecho\n|\n|upkeep\n|\n|t:|1732992093\n|switch|p2a: Clawitzer|Clawitzer, L87, F|265/265\n|turn|35\n|\n|t:|1732992098\n|move|p1a: Squawkabilly|Parting Shot|p2a: Clawitzer\n|-unboost|p2a: Clawitzer|atk|1\n|-unboost|p2a: Clawitzer|spa|1\n|\n|t:|1732992102\n|switch|p1a: Scream Tail|Scream Tail, L84|285/330 brn|[from] Parting Shot\n|move|p2a: Clawitzer|Water Pulse|p1a: Scream Tail\n|-damage|p1a: Scream Tail|219/330 brn\n|-start|p1a: Scream Tail|confusion\n|\n|-damage|p1a: Scream Tail|199/330 brn|[from] brn\n|upkeep\n|turn|36\n|\n|t:|1732992110\n|switch|p2a: Victreebel|Victreebel, L90, F|203/290 par\n|-activate|p1a: Scream Tail|confusion\n|move|p1a: Scream Tail|Wish|p1a: Scream Tail\n|\n|-damage|p1a: Scream Tail|179/330 brn|[from] brn\n|upkeep\n|turn|37\n|\n|t:|1732992116\n|-activate|p1a: Scream Tail|confusion\n|move|p1a: Scream Tail|Protect|p1a: Scream Tail\n|-singleturn|p1a: Scream Tail|Protect\n|cant|p2a: Victreebel|par\n|\n|-heal|p1a: Scream Tail|330/330 brn|[from] move: Wish|[wisher] Scream Tail\n|-damage|p1a: Scream Tail|310/330 brn|[from] brn\n|upkeep\n|turn|38\n|\n|t:|1732992122\n|-end|p1a: Scream Tail|Protosynthesis|[silent]\n|switch|p1a: Probopass|Probopass, L92, M, tera:Fighting|260/260 slp\n|cant|p2a: Victreebel|par\n|\n|upkeep\n|turn|39\n|\n|t:|1732992130\n|cant|p1a: Probopass|slp\n|move|p2a: Victreebel|Sludge Wave|p1a: Probopass\n|-damage|p1a: Probopass|161/260 slp\n|-damage|p2a: Victreebel|174/290 par|[from] item: Life Orb\n|\n|upkeep\n|turn|40\n|\n|t:|1732992133\n|cant|p1a: Probopass|slp\n|move|p2a: Victreebel|Sludge Wave|p1a: Probopass\n|-damage|p1a: Probopass|71/260 slp\n|-damage|p2a: Victreebel|145/290 par|[from] item: Life Orb\n|\n|upkeep\n|turn|41\n|\n|t:|1732992140\n|-curestatus|p1a: Probopass|slp|[msg]\n|move|p1a: Probopass|Rest|p1a: Probopass\n|-status|p1a: Probopass|slp|[from] move: Rest\n|-heal|p1a: Probopass|260/260 slp|[silent]\n|move|p2a: Victreebel|Strength Sap|p1a: Probopass\n|-unboost|p1a: Probopass|atk|1\n|-heal|p2a: Victreebel|251/290 par\n|\n|upkeep\n|turn|42\n|\n|t:|1732992150\n|cant|p1a: Probopass|slp\n|move|p2a: Victreebel|Power Whip|p1a: Probopass\n|-damage|p1a: Probopass|138/260 slp\n|-damage|p2a: Victreebel|222/290 par|[from] item: Life Orb\n|\n|upkeep\n|turn|43\n|\n|t:|1732992152\n|cant|p1a: Probopass|slp\n|move|p2a: Victreebel|Power Whip|p1a: Probopass|[miss]\n|-miss|p2a: Victreebel|p1a: Probopass\n|\n|upkeep\n|turn|44\n|\n|t:|1732992157\n|-curestatus|p1a: Probopass|slp|[msg]\n|move|p1a: Probopass|Iron Defense|p1a: Probopass\n|-boost|p1a: Probopass|def|2\n|move|p2a: Victreebel|Power Whip|p1a: Probopass\n|-damage|p1a: Probopass|72/260\n|-damage|p2a: Victreebel|193/290 par|[from] item: Life Orb\n|\n|upkeep\n|turn|45\n|\n|t:|1732992164\n|switch|p2a: Zapdos|Zapdos, L78|6/268\n|move|p1a: Probopass|Iron Defense|p1a: Probopass\n|-boost|p1a: Probopass|def|2\n|\n|upkeep\n|turn|46\n|\n|t:|1732992170\n|move|p2a: Zapdos|Hurricane|p1a: Probopass|[miss]\n|-miss|p2a: Zapdos|p1a: Probopass\n|move|p1a: Probopass|Body Press|p2a: Zapdos\n|-resisted|p2a: Zapdos\n|-damage|p2a: Zapdos|0 fnt\n|faint|p2a: Zapdos\n|\n|upkeep\n|\n|t:|1732992177\n|switch|p2a: Clawitzer|Clawitzer, L87, F|265/265\n|turn|47\n|\n|t:|1732992186\n|move|p2a: Clawitzer|Water Pulse|p1a: Probopass\n|-damage|p1a: Probopass|3/260\n|-start|p1a: Probopass|confusion\n|-activate|p1a: Probopass|confusion\n|move|p1a: Probopass|Rest|p1a: Probopass\n|-status|p1a: Probopass|slp|[from] move: Rest\n|-heal|p1a: Probopass|260/260 slp|[silent]\n|\n|upkeep\n|turn|48\n|\n|t:|1732992193\n|switch|p2a: Victreebel|Victreebel, L90, F|193/290 par\n|cant|p1a: Probopass|slp\n|\n|upkeep\n|turn|49\n|\n|t:|1732992196\n|cant|p1a: Probopass|slp\n|move|p2a: Victreebel|Strength Sap|p1a: Probopass\n|-unboost|p1a: Probopass|atk|1\n|-heal|p2a: Victreebel|263/290 par\n|\n|upkeep\n|turn|50\n|\n|t:|1732992201\n|-curestatus|p1a: Probopass|slp|[msg]\n|-end|p1a: Probopass|confusion\n|move|p1a: Probopass|Iron Defense|p1a: Probopass\n|-boost|p1a: Probopass|def|2\n|move|p2a: Victreebel|Strength Sap|p1a: Probopass\n|-unboost|p1a: Probopass|atk|1\n|-heal|p2a: Victreebel|290/290 par\n|\n|upkeep\n|turn|51\n|\n|t:|1732992203\n|move|p1a: Probopass|Body Press|p2a: Victreebel\n|-resisted|p2a: Victreebel\n|-damage|p2a: Victreebel|0 fnt\n|faint|p2a: Victreebel\n|\n|upkeep\n|\n|t:|1732992207\n|switch|p2a: Sableye|Sableye, L90, F|221/236\n|turn|52\n|\n|t:|1732992210\n|move|p2a: Sableye|Will-O-Wisp|p1a: Probopass\n|-status|p1a: Probopass|brn\n|move|p1a: Probopass|Power Gem|p2a: Sableye\n|-damage|p2a: Sableye|124/236\n|\n|-heal|p2a: Sableye|138/236|[from] item: Leftovers\n|-damage|p1a: Probopass|244/260 brn|[from] brn\n|upkeep\n|turn|53\n|\n|t:|1732992216\n|move|p2a: Sableye|Recover|p2a: Sableye\n|-heal|p2a: Sableye|236/236\n|move|p1a: Probopass|Power Gem|p2a: Sableye\n|-damage|p2a: Sableye|134/236\n|\n|-heal|p2a: Sableye|148/236|[from] item: Leftovers\n|-damage|p1a: Probopass|228/260 brn|[from] brn\n|upkeep\n|turn|54\n|\n|t:|1732992220\n|move|p2a: Sableye|Recover|p2a: Sableye\n|-heal|p2a: Sableye|236/236\n|move|p1a: Probopass|Power Gem|p2a: Sableye\n|-damage|p2a: Sableye|142/236\n|\n|-heal|p2a: Sableye|156/236|[from] item: Leftovers\n|-damage|p1a: Probopass|212/260 brn|[from] brn\n|upkeep\n|turn|55\n|\n|t:|1732992224\n|move|p2a: Sableye|Recover|p2a: Sableye\n|-heal|p2a: Sableye|236/236\n|move|p1a: Probopass|Power Gem|p2a: Sableye\n|-damage|p2a: Sableye|137/236\n|\n|-heal|p2a: Sableye|151/236|[from] item: Leftovers\n|-damage|p1a: Probopass|196/260 brn|[from] brn\n|upkeep\n|turn|56\n|\n|t:|1732992227\n|move|p2a: Sableye|Recover|p2a: Sableye\n|-heal|p2a: Sableye|236/236\n|move|p1a: Probopass|Power Gem|p2a: Sableye\n|-damage|p2a: Sableye|131/236\n|\n|-heal|p2a: Sableye|145/236|[from] item: Leftovers\n|-damage|p1a: Probopass|180/260 brn|[from] brn\n|upkeep\n|turn|57\n|\n|t:|1732992233\n|move|p2a: Sableye|Recover|p2a: Sableye\n|-heal|p2a: Sableye|236/236\n|move|p1a: Probopass|Power Gem|p2a: Sableye\n|-damage|p2a: Sableye|142/236\n|\n|-heal|p2a: Sableye|156/236|[from] item: Leftovers\n|-damage|p1a: Probopass|164/260 brn|[from] brn\n|upkeep\n|turn|58\n|\n|t:|1732992237\n|switch|p2a: Clawitzer|Clawitzer, L87, F|265/265\n|move|p1a: Probopass|Power Gem|p2a: Clawitzer\n|-damage|p2a: Clawitzer|214/265\n|\n|-damage|p1a: Probopass|148/260 brn|[from] brn\n|upkeep\n|turn|59\n|\n|t:|1732992244\n|move|p2a: Clawitzer|Water Pulse|p1a: Probopass\n|-damage|p1a: Probopass|72/260 brn\n|move|p1a: Probopass|Body Press|p2a: Clawitzer\n|-damage|p2a: Clawitzer|0 fnt\n|faint|p2a: Clawitzer\n|\n|-damage|p1a: Probopass|56/260 brn|[from] brn\n|upkeep\n|\n|t:|1732992248\n|switch|p2a: Sableye|Sableye, L90, F|156/236\n|turn|60\n|\n|t:|1732992251\n|move|p2a: Sableye|Encore|p1a: Probopass\n|-start|p1a: Probopass|Encore\n|move|p1a: Probopass|Body Press|p2a: Sableye\n|-immune|p2a: Sableye\n|\n|-heal|p2a: Sableye|170/236|[from] item: Leftovers\n|-damage|p1a: Probopass|40/260 brn|[from] brn\n|upkeep\n|turn|61\n|\n|t:|1732992258\n|switch|p1a: Raging Bolt|Raging Bolt, L78|323/323\n|move|p2a: Sableye|Recover|p2a: Sableye\n|-heal|p2a: Sableye|236/236\n|\n|upkeep\n|turn|62\n|\n|t:|1732992268\n|move|p1a: Raging Bolt|Volt Switch|p2a: Sableye\n|-damage|p2a: Sableye|134/236\n|\n|t:|1732992272\n|-end|p1a: Raging Bolt|Protosynthesis|[silent]\n|switch|p1a: Probopass|Probopass, L92, M, tera:Fighting|40/260 brn|[from] Volt Switch\n|move|p2a: Sableye|Knock Off|p1a: Probopass\n|-resisted|p1a: Probopass\n|-damage|p1a: Probopass|20/260 brn\n|\n|-heal|p2a: Sableye|148/236|[from] item: Leftovers\n|-damage|p1a: Probopass|4/260 brn|[from] brn\n|upkeep\n|turn|63\n|\n|t:|1732992277\n|move|p2a: Sableye|Knock Off|p1a: Probopass\n|-resisted|p1a: Probopass\n|-damage|p1a: Probopass|0 fnt\n|faint|p1a: Probopass\n|\n|-heal|p2a: Sableye|162/236|[from] item: Leftovers\n|upkeep\n|\n|t:|1732992285\n|switch|p1a: Scream Tail|Scream Tail, L84|310/330 brn\n|turn|64\n|\n|t:|1732992290\n|-terastallize|p2a: Sableye|Steel\n|move|p2a: Sableye|Recover|p2a: Sableye\n|-heal|p2a: Sableye|236/236\n|move|p1a: Scream Tail|Thunder Wave|p2a: Sableye\n|-status|p2a: Sableye|par\n|\n|-damage|p1a: Scream Tail|290/330 brn|[from] brn\n|upkeep\n|turn|65\n|\n|t:|1732992299\n|-end|p1a: Scream Tail|Protosynthesis|[silent]\n|switch|p1a: Raging Bolt|Raging Bolt, L78|323/323\n|move|p2a: Sableye|Knock Off|p1a: Raging Bolt\n|-damage|p1a: Raging Bolt|212/323\n|-enditem|p1a: Raging Bolt|Assault Vest|[from] move: Knock Off|[of] p2a: Sableye\n|\n|upkeep\n|turn|66\n|\n|t:|1732992303\n|move|p1a: Raging Bolt|Volt Switch|p2a: Sableye\n|-damage|p2a: Sableye|140/236 par\n|\n|t:|1732992308\n|-end|p1a: Raging Bolt|Protosynthesis|[silent]\n|switch|p1a: Scream Tail|Scream Tail, L84|290/330 brn|[from] Volt Switch\n|cant|p2a: Sableye|par\n|\n|-heal|p2a: Sableye|154/236 par|[from] item: Leftovers\n|-damage|p1a: Scream Tail|270/330 brn|[from] brn\n|upkeep\n|turn|67\n|\n|t:|1732992313\n|move|p1a: Scream Tail|Wish|p1a: Scream Tail\n|cant|p2a: Sableye|par\n|\n|-heal|p2a: Sableye|168/236 par|[from] item: Leftovers\n|-damage|p1a: Scream Tail|250/330 brn|[from] brn\n|upkeep\n|turn|68\n|\n|t:|1732992317\n|-end|p1a: Scream Tail|Protosynthesis|[silent]\n|switch|p1a: Raging Bolt|Raging Bolt, L78|212/323\n|move|p2a: Sableye|Knock Off|p1a: Raging Bolt\n|-damage|p1a: Raging Bolt|143/323\n|\n|-heal|p1a: Raging Bolt|308/323|[from] move: Wish|[wisher] Scream Tail\n|-heal|p2a: Sableye|182/236 par|[from] item: Leftovers\n|upkeep\n|turn|69\n|\n|t:|1732992324\n|move|p1a: Raging Bolt|Thunderclap|p2a: Sableye\n|-damage|p2a: Sableye|86/236 par\n|move|p2a: Sableye|Knock Off|p1a: Raging Bolt\n|-damage|p1a: Raging Bolt|235/323\n|\n|-heal|p2a: Sableye|100/236 par|[from] item: Leftovers\n|upkeep\n|turn|70\n|\n|t:|1732992330\n|move|p1a: Raging Bolt|Volt Switch|p2a: Sableye\n|-damage|p2a: Sableye|4/236 par\n|\n|t:|1732992335\n|-end|p1a: Raging Bolt|Protosynthesis|[silent]\n|switch|p1a: Squawkabilly|Squawkabilly-Yellow, L89, F|291/291|[from] Volt Switch\n|move|p2a: Sableye|Knock Off|p1a: Squawkabilly\n|-damage|p1a: Squawkabilly|159/291\n|-enditem|p1a: Squawkabilly|Heavy-Duty Boots|[from] move: Knock Off|[of] p2a: Sableye\n|\n|-heal|p2a: Sableye|18/236 par|[from] item: Leftovers\n|upkeep\n|turn|71\n|\n|t:|1732992340\n|move|p1a: Squawkabilly|Quick Attack|p2a: Sableye\n|-resisted|p2a: Sableye\n|-damage|p2a: Sableye|0 fnt\n|faint|p2a: Sableye\n|\n|win|Some_Skillz312\n|raw|Some_Skillz312's rating: 1495 &rarr; <strong>1515</strong><br />(+20 for winning)\n|raw|FADAWAN1's rating: 1497 &rarr; <strong>1477</strong><br />(-20 for losing)\n|l|\u2606FADAWAN1\n|player|p2|\n|c|\u2606Some_Skillz312|gg\n", "inputlog": ">version b107d77f5c90bd6555267ae244a6264823309ead\n>start {\"formatid\":\"gen9randombattle\",\"seed\":[37117,18120,13204,4953],\"rated\":\"Rated battle\"}\n>player p1 {\"name\":\"Some_Skillz312\",\"avatar\":\"benga\",\"rating\":1495,\"seed\":[49908,30137,49372,53201]}\n>player p2 {\"name\":\"FADAWAN1\",\"avatar\":\"101\",\"rating\":1497,\"seed\":[47153,50755,3897,61544]}\n>p1 move thunderwave\n>p2 switch 2\n>p1 switch 6\n>p2 move sludgewave\n>p1 move irondefense\n>p2 switch 2\n>p1 move irondefense terastallize\n>p2 move closecombat\n>p1 move bodypress\n>p2 switch 6\n>p1 move powergem\n>p2 move willowisp\n>p1 move powergem\n>p2 move knockoff\n>p1 move irondefense\n>p2 move recover\n>p1 move powergem\n>p2 move encore\n>p1 switch 6\n>p2 move knockoff\n>p1 move playrough\n>p2 move willowisp\n>p1 move thunderwave\n>p2 switch 2\n>p1 switch 6\n>p2 move powerwhip\n>p1 move rest\n>p2 move strengthsap\n>p1 move irondefense\n>p2 move powerwhip\n>p1 move irondefense\n>p2 move powerwhip\n>p1 move rest\n>p2 move powerwhip\n>p1 move rest\n>p2 switch 2\n>p1 move powergem\n>p2 move knockoff\n>p1 move rest\n>p2 move knockoff\n>p1 switch 6\n>p2 move encore\n>p1 move wish\n>p2 switch 2\n>p1 move protect\n>p2 move strengthsap\n>p1 switch 2\n>p2 move strengthsap\n>p1 move voltswitch\n>p2 switch 3\n>p1 switch 4\n>p1 move partingshot\n>p2 move discharge\n>p1 switch 5\n>p1 move surf\n>p2 move uturn\n>p2 switch 6\n>p1 move playrough\n>p2 move closecombat\n>p1 switch 2\n>p2 switch 4\n>p1 move thunderwave\n>p2 move calmmind\n>p1 switch 4\n>p2 move calmmind\n>p1 move voltswitch\n>p2 move dazzlinggleam\n>p1 switch 3\n>p1 move playrough\n>p2 move dazzlinggleam\n>p1 switch 5\n>p1 move foulplay\n>p2 move psychicnoise\n>p1 move foulplay\n>p2 move psychicnoise\n>p2 switch 5\n>p1 move partingshot\n>p2 move waterpulse\n>p1 switch 4\n>p1 move wish\n>p2 switch 3\n>p1 move protect\n>p2 move strengthsap\n>p1 switch 6\n>p2 move sludgewave\n>p1 move irondefense\n>p2 move sludgewave\n>p1 move irondefense\n>p2 move sludgewave\n>p1 move rest\n>p2 move strengthsap\n>p1 move irondefense\n>p2 move powerwhip\n>p1 move irondefense\n>p2 move powerwhip\n>p1 move irondefense\n>p2 move powerwhip\n>p1 move irondefense\n>p2 switch 6\n>p1 move bodypress\n>p2 move hurricane\n>p2 switch 3\n>p1 move rest\n>p2 move waterpulse\n>p1 move bodypress\n>p2 switch 6\n>p1 move bodypress\n>p2 move strengthsap\n>p1 move irondefense\n>p2 move strengthsap\n>p1 move bodypress\n>p2 move sludgewave\n>p2 switch 2\n>p1 move powergem\n>p2 move willowisp\n>p1 move powergem\n>p2 move recover\n>p1 move powergem\n>p2 move recover\n>p1 move powergem\n>p2 move recover\n>p1 move powergem\n>p2 move recover\n>p1 move powergem\n>p2 move recover\n>p1 move powergem\n>p2 switch 6\n>p1 move bodypress\n>p2 move waterpulse\n>p2 switch 6\n>p1 move rest\n>p2 move encore\n>p1 switch 3\n>p2 move recover\n>p1 move voltswitch\n>p2 move knockoff\n>p1 switch 3\n>p1 move rest\n>p2 move knockoff\n>p1 switch 6\n>p1 move thunderwave\n>p2 move recover terastallize\n>p1 switch 3\n>p2 move knockoff\n>p1 move voltswitch\n>p2 move knockoff\n>p1 switch 3\n>p1 move wish\n>p2 move knockoff\n>p1 switch 3\n>p2 move knockoff\n>p1 move thunderclap\n>p2 move knockoff\n>p1 move voltswitch\n>p2 move knockoff\n>p1 switch 4\n>p1 move quickattack\n>p2 move willowisp", "uploadtime": 1732992349, "views": 1, "formatid": "gen9randombattle", "rating": 1477, "private": 0, "password": null}