{"id": "gen9randombattle-2254047558", "format": "[Gen 9] Random Battle", "players": ["senkum", "acorlex"], "log": "|j|\u2606senkum\n|j|\u2606acorlex\n|t:|1732984641\n|gametype|singles\n|player|p1|senkum|ethan|1437\n|player|p2|acorlex|alder|1391\n|teamsize|p1|6\n|teamsize|p2|6\n|gen|9\n|tier|[Gen 9] Random Battle\n|rated|\n|rule|Species Clause: Limit one of each Pok\u00e9mon\n|rule|HP Percentage Mod: HP is shown in percentages\n|rule|Sleep Clause Mod: Limit one foe put to sleep\n|rule|Illusion Level Mod: Illusion disguises the Pok\u00e9mon's true level\n|\n|t:|1732984641\n|start\n|switch|p1a: Basculin|Basculin, L86, F|261/261\n|switch|p2a: Sinistcha|Sinistcha, L83|254/254\n|turn|1\n|inactive|Battle timer is ON: inactive players will automatically lose when time's up. (requested by acorlex)\n|\n|t:|1732984651\n|move|p1a: Basculin|Flip Turn|p2a: Sinistcha\n|-resisted|p2a: Sinistcha\n|-crit|p2a: Sinistcha\n|-damage|p2a: Sinistcha|176/254\n|\n|t:|1732984663\n|switch|p1a: Regice|Regice, L88|284/284|[from] Flip Turn\n|move|p2a: Sinistcha|Matcha Gotcha|p1a: Regice\n|-damage|p1a: Regice|232/284\n|-heal|p2a: Sinistcha|202/254|[from] drain|[of] p1a: Regice\n|\n|-heal|p2a: Sinistcha|217/254|[from] item: Leftovers\n|upkeep\n|turn|2\n|\n|t:|1732984686\n|switch|p2a: Reshiram|Reshiram, L76|277/277\n|-ability|p2a: Reshiram|Turboblaze\n|move|p1a: Regice|Thunder Wave|p2a: Reshiram\n|-status|p2a: Reshiram|par\n|\n|upkeep\n|turn|3\n|\n|t:|1732984695\n|switch|p1a: Basculin|Basculin, L86, F|261/261\n|move|p2a: Reshiram|Flare Blitz|p1a: Basculin\n|-resisted|p1a: Basculin\n|-damage|p1a: Basculin|191/261\n|-damage|p2a: Reshiram|254/277 par|[from] Recoil\n|\n|upkeep\n|turn|4\n|\n|t:|1732984700\n|switch|p2a: Sinistcha|Sinistcha, L83|217/254\n|move|p1a: Basculin|Wave Crash|p2a: Sinistcha\n|-resisted|p2a: Sinistcha\n|-damage|p2a: Sinistcha|105/254\n|-damage|p1a: Basculin|154/261|[from] Recoil\n|\n|-heal|p2a: Sinistcha|120/254|[from] item: Leftovers\n|upkeep\n|turn|5\n|\n|t:|1732984707\n|switch|p1a: Regice|Regice, L88|232/284\n|move|p2a: Sinistcha|Strength Sap|p1a: Regice\n|-fail|p1a: Regice|unboost|[from] ability: Clear Body|[of] p1a: Regice\n|-heal|p2a: Sinistcha|213/254\n|\n|-heal|p2a: Sinistcha|228/254|[from] item: Leftovers\n|upkeep\n|turn|6\n|\n|t:|1732984712\n|switch|p2a: Araquanid|Araquanid, L82, F|246/246\n|move|p1a: Regice|Thunder Wave|p2a: Araquanid\n|-status|p2a: Araquanid|par\n|\n|upkeep\n|turn|7\n|\n|t:|1732984729\n|move|p1a: Regice|Thunderbolt|p2a: Araquanid\n|-supereffective|p2a: Araquanid\n|-damage|p2a: Araquanid|138/246 par\n|move|p2a: Araquanid|Sticky Web|p1a: Regice\n|-sidestart|p1: senkum|move: Sticky Web\n|\n|upkeep\n|turn|8\n|\n|t:|1732984739\n|move|p1a: Regice|Thunderbolt|p2a: Araquanid\n|-supereffective|p2a: Araquanid\n|-damage|p2a: Araquanid|38/246 par\n|move|p2a: Araquanid|Leech Life|p1a: Regice\n|-damage|p1a: Regice|178/284\n|-heal|p2a: Araquanid|65/246 par|[from] drain|[of] p1a: Regice\n|\n|upkeep\n|turn|9\n|\n|t:|1732984744\n|move|p1a: Regice|Thunderbolt|p2a: Araquanid\n|-supereffective|p2a: Araquanid\n|-damage|p2a: Araquanid|0 fnt\n|faint|p2a: Araquanid\n|\n|upkeep\n|\n|t:|1732984747\n|switch|p2a: Reshiram|Reshiram, L76|254/277 par\n|-ability|p2a: Reshiram|Turboblaze\n|turn|10\n|\n|t:|1732984755\n|move|p1a: Regice|Ice Beam|p2a: Reshiram\n|-damage|p2a: Reshiram|154/277 par\n|move|p2a: Reshiram|Flare Blitz|p1a: Regice\n|-supereffective|p1a: Regice\n|-damage|p1a: Regice|0 fnt\n|faint|p1a: Regice\n|-damage|p2a: Reshiram|95/277 par|[from] Recoil\n|\n|upkeep\n|\n|t:|1732984763\n|switch|p1a: Feraligatr|Feraligatr, L79, F|264/264\n|-activate|p1a: Feraligatr|move: Sticky Web\n|-unboost|p1a: Feraligatr|spe|1\n|turn|11\n|\n|t:|1732984787\n|move|p1a: Feraligatr|Dragon Dance|p1a: Feraligatr\n|-boost|p1a: Feraligatr|atk|1\n|-boost|p1a: Feraligatr|spe|1\n|move|p2a: Reshiram|Outrage|p1a: Feraligatr\n|-damage|p1a: Feraligatr|134/264\n|\n|upkeep\n|turn|12\n|\n|t:|1732984793\n|move|p1a: Feraligatr|Liquidation|p2a: Reshiram\n|-damage|p2a: Reshiram|0 fnt\n|faint|p2a: Reshiram\n|\n|upkeep\n|\n|t:|1732984806\n|switch|p2a: Sinistcha|Sinistcha, L83|228/254\n|turn|13\n|\n|t:|1732984822\n|-terastallize|p2a: Sinistcha|Steel\n|move|p1a: Feraligatr|Ice Punch|p2a: Sinistcha\n|-resisted|p2a: Sinistcha\n|-damage|p2a: Sinistcha|173/254\n|move|p2a: Sinistcha|Calm Mind|p2a: Sinistcha\n|-boost|p2a: Sinistcha|spa|1\n|-boost|p2a: Sinistcha|spd|1\n|\n|-heal|p2a: Sinistcha|188/254|[from] item: Leftovers\n|upkeep\n|turn|14\n|\n|t:|1732984827\n|move|p1a: Feraligatr|Liquidation|p2a: Sinistcha\n|-crit|p2a: Sinistcha\n|-damage|p2a: Sinistcha|0 fnt\n|faint|p2a: Sinistcha\n|\n|upkeep\n|c|\u2606acorlex|crit\n|c|\u2606acorlex|just before the strength sap\n|c|\u2606senkum|don't cry\n|\n|t:|1732984848\n|switch|p2a: Leavanny|Leavanny, L86, M|269/269\n|turn|15\n|\n|t:|1732984852\n|move|p2a: Leavanny|Leaf Blade|p1a: Feraligatr\n|-supereffective|p1a: Feraligatr\n|-damage|p1a: Feraligatr|0 fnt\n|faint|p1a: Feraligatr\n|\n|upkeep\n|c|\u2606acorlex|too late\n|\n|t:|1732984867\n|switch|p1a: Koraidon|Koraidon, L64|235/235\n|-activate|p1a: Koraidon|move: Sticky Web\n|-unboost|p1a: Koraidon|spe|1\n|-weather|SunnyDay|[from] ability: Orichalcum Pulse|[of] p1a: Koraidon\n|-activate|p1a: Koraidon|Orichalcum Pulse|[source]\n|turn|16\n|c|\u2606acorlex|tears streaming down my face\n|c|\u2606senkum|don't cry bro\n|c|\u2606senkum|you're so bad\n|\n|t:|1732984890\n|switch|p2a: Ampharos|Ampharos, L88, F|302/302\n|move|p1a: Koraidon|Flare Blitz|p2a: Ampharos\n|-damage|p2a: Ampharos|112/302\n|-damage|p1a: Koraidon|172/235|[from] Recoil\n|\n|-weather|SunnyDay|[upkeep]\n|upkeep\n|turn|17\n|\n|t:|1732984896\n|switch|p1a: Pikachu|Pikachu-Partner, L93, M|216/216\n|-activate|p1a: Pikachu|move: Sticky Web\n|-unboost|p1a: Pikachu|spe|1\n|move|p2a: Ampharos|Dazzling Gleam|p1a: Pikachu\n|-damage|p1a: Pikachu|114/216\n|\n|-weather|SunnyDay|[upkeep]\n|upkeep\n|turn|18\n|\n|t:|1732984906\n|move|p2a: Ampharos|Dazzling Gleam|p1a: Pikachu\n|-crit|p1a: Pikachu\n|-damage|p1a: Pikachu|0 fnt\n|faint|p1a: Pikachu\n|\n|-weather|SunnyDay|[upkeep]\n|upkeep\n|\n|t:|1732984910\n|switch|p1a: Lilligant|Lilligant-Hisui, L79, F|240/240\n|-activate|p1a: Lilligant|move: Sticky Web\n|-unboost|p1a: Lilligant|spe|1\n|turn|19\n|c|\u2606acorlex|i know\n|\n|t:|1732984918\n|move|p2a: Ampharos|Dazzling Gleam|p1a: Lilligant\n|-supereffective|p1a: Lilligant\n|-crit|p1a: Lilligant\n|-damage|p1a: Lilligant|0 fnt\n|faint|p1a: Lilligant\n|\n|-weather|SunnyDay|[upkeep]\n|upkeep\n|\n|t:|1732984921\n|switch|p1a: Basculin|Basculin, L86, F|154/261\n|-activate|p1a: Basculin|move: Sticky Web\n|-unboost|p1a: Basculin|spe|1\n|turn|20\n|\n|t:|1732984927\n|move|p1a: Basculin|Aqua Jet|p2a: Ampharos\n|-damage|p2a: Ampharos|74/302\n|move|p2a: Ampharos|Discharge|p1a: Basculin\n|-supereffective|p1a: Basculin\n|-damage|p1a: Basculin|0 fnt\n|faint|p1a: Basculin\n|\n|-weather|none\n|upkeep\n|\n|t:|1732984929\n|switch|p1a: Koraidon|Koraidon, L64|172/235\n|-activate|p1a: Koraidon|move: Sticky Web\n|-unboost|p1a: Koraidon|spe|1\n|-weather|SunnyDay|[from] ability: Orichalcum Pulse|[of] p1a: Koraidon\n|-activate|p1a: Koraidon|Orichalcum Pulse|[source]\n|turn|21\n|\n|t:|1732984938\n|-terastallize|p1a: Koraidon|Fire\n|move|p2a: Ampharos|Dazzling Gleam|p1a: Koraidon\n|-resisted|p1a: Koraidon\n|-damage|p1a: Koraidon|129/235\n|move|p1a: Koraidon|Outrage|p2a: Ampharos\n|-damage|p2a: Ampharos|0 fnt\n|-status|p1a: Koraidon|par|[from] ability: Static|[of] p2a: Ampharos\n|faint|p2a: Ampharos\n|\n|-weather|SunnyDay|[upkeep]\n|upkeep\n|\n|t:|1732984946\n|switch|p2a: Leavanny|Leavanny, L86, M|269/269\n|turn|22\n|\n|t:|1732984949\n|move|p2a: Leavanny|Lunge|p1a: Koraidon\n|-resisted|p1a: Koraidon\n|-damage|p1a: Koraidon|80/235 par\n|-unboost|p1a: Koraidon|atk|1\n|move|p1a: Koraidon|Outrage|p2a: Leavanny|[from]lockedmove\n|-damage|p2a: Leavanny|124/269\n|\n|-weather|SunnyDay|[upkeep]\n|upkeep\n|turn|23\n|\n|t:|1732984957\n|move|p2a: Leavanny|Lunge|p1a: Koraidon\n|-resisted|p1a: Koraidon\n|-damage|p1a: Koraidon|35/235 par\n|-unboost|p1a: Koraidon|atk|1\n|move|p1a: Koraidon|Outrage|p2a: Leavanny|[from]lockedmove\n|-damage|p2a: Leavanny|19/269\n|-start|p1a: Koraidon|confusion|[fatigue]\n|\n|-weather|SunnyDay|[upkeep]\n|upkeep\n|turn|24\n|c|\u2606acorlex|im SO BAD\n|c|\u2606acorlex|IM SO BAD ITS CRAZY\n|c|\u2606acorlex|RIGHT?\n|inactive|acorlex has 120 seconds left.\n|inactive|senkum has 120 seconds left.\n|c|\u2606senkum|your fucking mother son of a bitch\n|n|\u203dsenkum|senkum\n|c|~|/log senkum was locked from talking by Artemis. (\u2606senkum: your fucking mother son of a bitch)\n|c|~|/raw <small>This action was done automatically. Want to learn more about the AI? <a href=\"https://www.smogon.com/forums/threads/3570628/#post-9056769\">Visit the information thread</a>.</small>\n|\n|t:|1732985016\n|move|p2a: Leavanny|Lunge|p1a: Koraidon\n|-resisted|p1a: Koraidon\n|-damage|p1a: Koraidon|0 fnt\n|faint|p1a: Koraidon\n|\n|win|acorlex\n", "inputlog": ">version b107d77f5c90bd6555267ae244a6264823309ead\n>start {\"formatid\":\"gen9randombattle\",\"seed\":[43108,60110,53258,4559],\"rated\":\"Rated battle\"}\n>player p1 {\"name\":\"senkum\",\"avatar\":\"ethan\",\"rating\":1437,\"seed\":[45262,52873,13721,6462]}\n>player p2 {\"name\":\"acorlex\",\"avatar\":\"alder\",\"rating\":1391,\"seed\":[42997,6792,5263,13984]}\n>p1 move flipturn\n>p2 move matchagotcha\n>p1 switch 6\n>p1 move thunderwave\n>p2 switch 5\n>p1 switch 6\n>p2 move flareblitz\n>p1 move wavecrash\n>p2 switch 5\n>p1 switch 6\n>p2 move strengthsap\n>p1 move thunderwave\n>p2 switch 2\n>p1 move thunderbolt\n>p2 move stickyweb\n>p1 move thunderbolt\n>p2 move leechlife\n>p1 move thunderbolt\n>p2 move leechlife\n>p2 switch 5\n>p1 move icebeam\n>p2 move flareblitz\n>p1 switch 5\n>p1 move dragondance\n>p2 move outrage\n>p1 move liquidation\n>p2 move outrage\n>p2 switch 2\n>p1 move icepunch\n>p2 move calmmind terastallize\n>p1 move liquidation\n>p2 move calmmind\n>chat \u2606acorlex|crit\n>chat \u2606acorlex|just before the strength sap\n>chat \u2606senkum|don't cry\n>p2 switch 3\n>p1 move icepunch\n>p2 move leafblade\n>chat \u2606acorlex|too late\n>p1 switch 2\n>chat \u2606acorlex|tears streaming down my face\n>chat \u2606senkum|don't cry bro\n>chat \u2606senkum|you're so bad\n>p1 move flareblitz\n>p2 switch 4\n>p1 switch 3\n>p2 move dazzlinggleam\n>p1 move knockoff\n>p2 move dazzlinggleam\n>p1 switch 4\n>chat \u2606acorlex|i know\n>p1 move victorydance\n>p2 move dazzlinggleam\n>p1 switch 6\n>p1 move aquajet\n>p2 move discharge\n>p1 switch 3\n>p1 move outrage terastallize\n>p2 move dazzlinggleam\n>p2 switch 4\n>p1 move outrage\n>p2 move lunge\n>p1 move outrage\n>p2 move lunge\n>chat \u2606acorlex|im SO BAD\n>chat \u2606acorlex|IM SO BAD ITS CRAZY\n>chat \u2606acorlex|RIGHT?\n>chat \u2606senkum|your fucking mother son of a bitch \n>p1 move outrage\n>p2 move lunge", "uploadtime": 1732984993, "views": 1, "formatid": "gen9randombattle", "rating": null, "private": 0, "password": null}