{"id": "gen9randombattle-2253815970", "format": "[Gen 9] Random Battle", "players": ["CHROMAKOPlA", "Foggy Glasses"], "log": "|j|\u2606CHROMAKOPlA\n|j|\u2606Foggy Glasses\n|t:|1732942647\n|gametype|singles\n|player|p1|CHROMAKOPlA|lusamine-nihilego|1200\n|player|p2|Foggy Glasses|2|1236\n|teamsize|p1|6\n|teamsize|p2|6\n|gen|9\n|tier|[Gen 9] Random Battle\n|rated|\n|rule|Species Clause: Limit one of each Pok\u00e9mon\n|rule|HP Percentage Mod: HP is shown in percentages\n|rule|Sleep Clause Mod: Limit one foe put to sleep\n|rule|Illusion Level Mod: Illusion disguises the Pok\u00e9mon's true level\n|\n|t:|1732942647\n|start\n|switch|p1a: Altaria|Altaria, L88, F|275/275\n|switch|p2a: Basculin|Basculin-Blue-Striped, L86, M|261/261\n|turn|1\n|inactive|Battle timer is ON: inactive players will automatically lose when time's up. (requested by CHROMAKOPlA)\n|\n|t:|1732942653\n|move|p2a: Basculin|Flip Turn|p1a: Altaria\n|-resisted|p1a: Altaria\n|-damage|p1a: Altaria|219/275\n|\n|t:|1732942661\n|switch|p2a: Cresselia|Cresselia, L80, F|323/323|[from] Flip Turn\n|move|p1a: Altaria|Dragon Dance|p1a: Altaria\n|-boost|p1a: Altaria|atk|1\n|-boost|p1a: Altaria|spe|1\n|\n|upkeep\n|turn|2\n|\n|t:|1732942674\n|move|p1a: Altaria|Dragon Dance|p1a: Altaria\n|-boost|p1a: Altaria|atk|1\n|-boost|p1a: Altaria|spe|1\n|move|p2a: Cresselia|Calm Mind|p2a: Cresselia\n|-boost|p2a: Cresselia|spa|1\n|-boost|p2a: Cresselia|spd|1\n|\n|upkeep\n|turn|3\n|\n|t:|1732942681\n|-terastallize|p2a: Cresselia|Fairy\n|move|p1a: Altaria|Earthquake|p2a: Cresselia\n|-immune|p2a: Cresselia|[from] ability: Levitate\n|move|p2a: Cresselia|Calm Mind|p2a: Cresselia\n|-boost|p2a: Cresselia|spa|1\n|-boost|p2a: Cresselia|spd|1\n|\n|upkeep\n|turn|4\n|\n|t:|1732942689\n|move|p1a: Altaria|Dragon Dance|p1a: Altaria\n|-boost|p1a: Altaria|atk|1\n|-boost|p1a: Altaria|spe|1\n|move|p2a: Cresselia|Moonblast|p1a: Altaria\n|-supereffective|p1a: Altaria\n|-damage|p1a: Altaria|0 fnt\n|faint|p1a: Altaria\n|\n|upkeep\n|\n|t:|1732942700\n|switch|p1a: Breloom|Breloom, L82, M|233/233\n|turn|5\n|\n|t:|1732942706\n|move|p2a: Cresselia|Moonblast|p1a: Breloom\n|-supereffective|p1a: Breloom\n|-damage|p1a: Breloom|0 fnt\n|faint|p1a: Breloom\n|\n|upkeep\n|\n|t:|1732942713\n|switch|p1a: Dachsbun|Dachsbun, L92, M|254/254\n|turn|6\n|\n|t:|1732942721\n|move|p1a: Dachsbun|Play Rough|p2a: Cresselia\n|-damage|p2a: Cresselia|233/323\n|move|p2a: Cresselia|Psyshock|p1a: Dachsbun\n|-damage|p1a: Dachsbun|160/254\n|\n|-heal|p1a: Dachsbun|175/254|[from] item: Leftovers\n|-heal|p2a: Cresselia|253/323|[from] item: Leftovers\n|upkeep\n|turn|7\n|\n|t:|1732942731\n|move|p1a: Dachsbun|Play Rough|p2a: Cresselia\n|-damage|p2a: Cresselia|171/323\n|move|p2a: Cresselia|Calm Mind|p2a: Cresselia\n|-boost|p2a: Cresselia|spa|1\n|-boost|p2a: Cresselia|spd|1\n|\n|-heal|p1a: Dachsbun|190/254|[from] item: Leftovers\n|-heal|p2a: Cresselia|191/323|[from] item: Leftovers\n|upkeep\n|turn|8\n|\n|t:|1732942741\n|move|p1a: Dachsbun|Play Rough|p2a: Cresselia\n|-damage|p2a: Cresselia|104/323\n|move|p2a: Cresselia|Moonlight|p2a: Cresselia\n|-heal|p2a: Cresselia|265/323\n|\n|-heal|p1a: Dachsbun|205/254|[from] item: Leftovers\n|-heal|p2a: Cresselia|285/323|[from] item: Leftovers\n|upkeep\n|turn|9\n|\n|t:|1732942753\n|move|p1a: Dachsbun|Stomping Tantrum|p2a: Cresselia\n|-immune|p2a: Cresselia|[from] ability: Levitate\n|move|p2a: Cresselia|Calm Mind|p2a: Cresselia\n|-boost|p2a: Cresselia|spa|1\n|-boost|p2a: Cresselia|spd|1\n|\n|-heal|p1a: Dachsbun|220/254|[from] item: Leftovers\n|-heal|p2a: Cresselia|305/323|[from] item: Leftovers\n|upkeep\n|turn|10\n|\n|t:|1732942765\n|move|p1a: Dachsbun|Play Rough|p2a: Cresselia\n|-damage|p2a: Cresselia|220/323\n|move|p2a: Cresselia|Calm Mind|p2a: Cresselia\n|-boost|p2a: Cresselia|spa|1\n|-boost|p2a: Cresselia|spd|1\n|\n|-heal|p1a: Dachsbun|235/254|[from] item: Leftovers\n|-heal|p2a: Cresselia|240/323|[from] item: Leftovers\n|upkeep\n|turn|11\n|\n|t:|1732942776\n|switch|p1a: Heatran|Heatran, L79, F|273/273\n|-item|p1a: Heatran|Air Balloon\n|move|p2a: Cresselia|Calm Mind|p2a: Cresselia\n|-boost|p2a: Cresselia|spa|1\n|-boost|p2a: Cresselia|spd|1\n|\n|-heal|p2a: Cresselia|260/323|[from] item: Leftovers\n|upkeep\n|turn|12\n|\n|t:|1732942787\n|move|p2a: Cresselia|Psyshock|p1a: Heatran\n|-resisted|p1a: Heatran\n|-damage|p1a: Heatran|148/273\n|-enditem|p1a: Heatran|Air Balloon\n|move|p1a: Heatran|Heavy Slam|p2a: Cresselia\n|-supereffective|p2a: Cresselia\n|-crit|p2a: Cresselia\n|-damage|p2a: Cresselia|0 fnt\n|faint|p2a: Cresselia\n|\n|upkeep\n|\n|t:|1732942795\n|switch|p2a: Greedent|Greedent, L86, M|347/347\n|turn|13\n|\n|t:|1732942803\n|move|p1a: Heatran|Heavy Slam|p2a: Greedent\n|-damage|p2a: Greedent|244/347\n|move|p2a: Greedent|Swords Dance|p2a: Greedent\n|-boost|p2a: Greedent|atk|2\n|\n|upkeep\n|turn|14\n|\n|t:|1732942816\n|move|p1a: Heatran|Lava Plume|p2a: Greedent\n|-damage|p2a: Greedent|145/347\n|-enditem|p2a: Greedent|Sitrus Berry|[eat]\n|-heal|p2a: Greedent|231/347|[from] item: Sitrus Berry\n|-heal|p2a: Greedent|346/347|[from] ability: Cheek Pouch\n|move|p2a: Greedent|Earthquake|p1a: Heatran\n|-supereffective|p1a: Heatran\n|-damage|p1a: Heatran|0 fnt\n|faint|p1a: Heatran\n|\n|upkeep\n|\n|t:|1732942828\n|switch|p1a: Dachsbun|Dachsbun, L92, M|235/254\n|turn|15\n|\n|t:|1732942836\n|move|p1a: Dachsbun|Play Rough|p2a: Greedent\n|-damage|p2a: Greedent|262/347\n|move|p2a: Greedent|Earthquake|p1a: Dachsbun\n|-damage|p1a: Dachsbun|119/254\n|\n|-heal|p1a: Dachsbun|134/254|[from] item: Leftovers\n|upkeep\n|turn|16\n|\n|t:|1732942845\n|move|p1a: Dachsbun|Wish|p1a: Dachsbun\n|move|p2a: Greedent|Earthquake|p1a: Dachsbun\n|-damage|p1a: Dachsbun|20/254\n|\n|-heal|p1a: Dachsbun|35/254|[from] item: Leftovers\n|upkeep\n|turn|17\n|\n|t:|1732942852\n|move|p1a: Dachsbun|Protect|p1a: Dachsbun\n|-singleturn|p1a: Dachsbun|Protect\n|move|p2a: Greedent|Earthquake|p1a: Dachsbun\n|-activate|p1a: Dachsbun|move: Protect\n|\n|-heal|p1a: Dachsbun|162/254|[from] move: Wish|[wisher] Dachsbun\n|-heal|p1a: Dachsbun|177/254|[from] item: Leftovers\n|upkeep\n|turn|18\n|\n|t:|1732942862\n|move|p1a: Dachsbun|Play Rough|p2a: Greedent\n|-damage|p2a: Greedent|169/347\n|move|p2a: Greedent|Earthquake|p1a: Dachsbun\n|-damage|p1a: Dachsbun|64/254\n|\n|-heal|p1a: Dachsbun|79/254|[from] item: Leftovers\n|upkeep\n|turn|19\n|\n|t:|1732942871\n|move|p1a: Dachsbun|Play Rough|p2a: Greedent\n|-crit|p2a: Greedent\n|-damage|p2a: Greedent|40/347\n|move|p2a: Greedent|Earthquake|p1a: Dachsbun\n|-damage|p1a: Dachsbun|0 fnt\n|faint|p1a: Dachsbun\n|\n|upkeep\n|\n|t:|1732942880\n|switch|p1a: Kleavor|Kleavor, L78, F|237/237\n|turn|20\n|\n|t:|1732942898\n|move|p1a: Kleavor|X-Scissor|p2a: Greedent\n|-damage|p2a: Greedent|0 fnt\n|faint|p2a: Greedent\n|\n|upkeep\n|\n|t:|1732942908\n|switch|p2a: Bastiodon|Bastiodon, L89, F|252/252\n|turn|21\n|\n|t:|1732942915\n|move|p1a: Kleavor|X-Scissor|p2a: Bastiodon\n|-resisted|p2a: Bastiodon\n|-damage|p2a: Bastiodon|212/252\n|move|p2a: Bastiodon|Iron Defense|p2a: Bastiodon\n|-boost|p2a: Bastiodon|def|2\n|\n|upkeep\n|turn|22\n|\n|t:|1732942922\n|switch|p1a: Lycanroc|Lycanroc-Midnight, L89, M|296/296\n|move|p2a: Bastiodon|Iron Defense|p2a: Bastiodon\n|-boost|p2a: Bastiodon|def|2\n|\n|upkeep\n|turn|23\n|\n|t:|1732942929\n|move|p1a: Lycanroc|Close Combat|p2a: Bastiodon\n|-supereffective|p2a: Bastiodon\n|-damage|p2a: Bastiodon|108/252\n|-unboost|p1a: Lycanroc|def|1\n|-unboost|p1a: Lycanroc|spd|1\n|-damage|p1a: Lycanroc|267/296|[from] item: Life Orb\n|move|p2a: Bastiodon|Body Press|p1a: Lycanroc\n|-supereffective|p1a: Lycanroc\n|-crit|p1a: Lycanroc\n|-damage|p1a: Lycanroc|0 fnt\n|faint|p1a: Lycanroc\n|\n|upkeep\n|\n|t:|1732942940\n|switch|p1a: Kleavor|Kleavor, L78, F|237/237\n|turn|24\n|\n|t:|1732942945\n|move|p1a: Kleavor|Close Combat|p2a: Bastiodon\n|-supereffective|p2a: Bastiodon\n|-damage|p2a: Bastiodon|40/252\n|-unboost|p1a: Kleavor|def|1\n|-unboost|p1a: Kleavor|spd|1\n|move|p2a: Bastiodon|Body Press|p1a: Kleavor\n|-damage|p1a: Kleavor|0 fnt\n|faint|p1a: Kleavor\n|\n|win|Foggy Glasses\n|raw|CHROMAKOPlA's rating: 1200 &rarr; <strong>1178</strong><br />(-22 for losing)\n|raw|Foggy Glasses's rating: 1236 &rarr; <strong>1258</strong><br />(+22 for winning)\n", "inputlog": ">version b107d77f5c90bd6555267ae244a6264823309ead\n>start {\"formatid\":\"gen9randombattle\",\"seed\":[45036,36922,4096,724],\"rated\":\"Rated battle\"}\n>player p1 {\"name\":\"CHROMAKOPlA\",\"avatar\":\"lusamine-nihilego\",\"rating\":1200,\"seed\":[56907,18791,34520,64549]}\n>player p2 {\"name\":\"Foggy Glasses\",\"avatar\":\"2\",\"rating\":1236,\"seed\":[5015,40487,53192,13125]}\n>p1 move dragondance\n>p2 move flipturn\n>p2 switch 4\n>p1 move dragondance\n>p2 move calmmind\n>p1 move earthquake\n>p2 move calmmind terastallize\n>p1 move dragondance\n>p2 move moonblast\n>p1 switch 4\n>p1 move spore\n>p2 move moonblast\n>p1 switch 6\n>p1 move playrough\n>p2 move psyshock\n>p1 move playrough\n>p2 move calmmind\n>p1 move playrough\n>p2 move moonlight\n>p1 move stompingtantrum\n>p2 move calmmind\n>p1 move playrough\n>p2 move calmmind\n>p1 switch 2\n>p2 move calmmind\n>p1 move heavyslam\n>p2 move psyshock\n>p2 switch 2\n>p1 move heavyslam\n>p2 move swordsdance\n>p1 move lavaplume\n>p2 move earthquake\n>p1 switch 2\n>p1 move playrough\n>p2 move earthquake\n>p1 move wish\n>p2 move earthquake\n>p1 move protect\n>p2 move earthquake\n>p1 move playrough\n>p2 move earthquake\n>p1 move playrough\n>p2 move earthquake\n>p1 switch 5\n>p1 move xscissor\n>p2 move earthquake\n>p2 switch 6\n>p1 move xscissor\n>p2 move irondefense\n>p1 switch 3\n>p2 move irondefense\n>p1 move closecombat\n>p2 move bodypress\n>p1 switch 3\n>p1 move closecombat\n>p2 move bodypress", "uploadtime": 1732942948, "views": 21, "formatid": "gen9randombattle", "rating": 1178, "private": 0, "password": null}