{"id": "gen9randombattle-2253818878", "format": "[Gen 9] Random Battle", "players": ["jrmehsid", "bugguy123"], "log": "|j|\u2606jrmehsid\n|j|\u2606bugguy123\n|t:|1732943104\n|gametype|singles\n|player|p1|jrmehsid|1|1000\n|player|p2|bugguy123|265|1000\n|teamsize|p1|6\n|teamsize|p2|6\n|gen|9\n|tier|[Gen 9] Random Battle\n|rated|\n|rule|Species Clause: Limit one of each Pok\u00e9mon\n|rule|HP Percentage Mod: HP is shown in percentages\n|rule|Sleep Clause Mod: Limit one foe put to sleep\n|rule|Illusion Level Mod: Illusion disguises the Pok\u00e9mon's true level\n|\n|t:|1732943104\n|start\n|switch|p1a: Luxray|Luxray, L88, F|284/284\n|switch|p2a: Oranguru|Oranguru, L92, M|315/315\n|-ability|p1a: Luxray|Intimidate|boost\n|-fail|p2a: Oranguru|unboost|Attack|[from] ability: Inner Focus|[of] p2a: Oranguru\n|turn|1\n|\n|t:|1732943123\n|switch|p1a: Oranguru|Oranguru, L92, F|315/315\n|move|p2a: Oranguru|Nasty Plot|p2a: Oranguru\n|-boost|p2a: Oranguru|spa|2\n|\n|upkeep\n|turn|2\n|\n|t:|1732943133\n|move|p1a: Oranguru|Thunderbolt|p2a: Oranguru\n|-damage|p2a: Oranguru|256/315\n|move|p2a: Oranguru|Focus Blast|p1a: Oranguru\n|-damage|p1a: Oranguru|169/315\n|\n|-heal|p1a: Oranguru|188/315|[from] item: Leftovers\n|-heal|p2a: Oranguru|275/315|[from] item: Leftovers\n|upkeep\n|turn|3\n|\n|t:|1732943146\n|switch|p1a: Hatterene|Hatterene, L85, F|236/236\n|move|p2a: Oranguru|Nasty Plot|p2a: Oranguru\n|-boost|p2a: Oranguru|spa|2\n|\n|-heal|p2a: Oranguru|294/315|[from] item: Leftovers\n|upkeep\n|turn|4\n|\n|t:|1732943157\n|move|p2a: Oranguru|Psychic|p1a: Hatterene\n|-resisted|p1a: Hatterene\n|-damage|p1a: Hatterene|137/236\n|move|p1a: Hatterene|Draining Kiss|p2a: Oranguru\n|-damage|p2a: Oranguru|237/315\n|-heal|p1a: Hatterene|180/236|[from] drain|[of] p2a: Oranguru\n|\n|-heal|p2a: Oranguru|256/315|[from] item: Leftovers\n|upkeep\n|turn|5\n|\n|t:|1732943168\n|move|p2a: Oranguru|Nasty Plot|p2a: Oranguru\n|-boost|p2a: Oranguru|spa|2\n|move|p1a: Hatterene|Mystical Fire|p2a: Oranguru\n|-damage|p2a: Oranguru|201/315\n|-unboost|p2a: Oranguru|spa|1\n|\n|-heal|p2a: Oranguru|220/315|[from] item: Leftovers\n|upkeep\n|turn|6\n|\n|t:|1732943184\n|move|p2a: Oranguru|Focus Blast|p1a: Hatterene\n|-resisted|p1a: Hatterene\n|-damage|p1a: Hatterene|132/236\n|move|p1a: Hatterene|Nuzzle|p2a: Oranguru\n|-damage|p2a: Oranguru|205/315\n|-status|p2a: Oranguru|par\n|\n|-heal|p2a: Oranguru|224/315 par|[from] item: Leftovers\n|upkeep\n|turn|7\n|\n|t:|1732943198\n|switch|p1a: Stonjourner|Stonjourner, L91, M|330/330\n|move|p2a: Oranguru|Thunderbolt|p1a: Stonjourner\n|-damage|p1a: Stonjourner|0 fnt\n|faint|p1a: Stonjourner\n|\n|-heal|p2a: Oranguru|243/315 par|[from] item: Leftovers\n|upkeep\n|\n|t:|1732943208\n|switch|p1a: Probopass|Probopass, L92, F|260/260\n|turn|8\n|\n|t:|1732943216\n|move|p1a: Probopass|Body Press|p2a: Oranguru\n|-damage|p2a: Oranguru|146/315 par\n|move|p2a: Oranguru|Thunderbolt|p1a: Probopass\n|-damage|p1a: Probopass|109/260\n|\n|-heal|p1a: Probopass|125/260|[from] item: Leftovers\n|-heal|p2a: Oranguru|165/315 par|[from] item: Leftovers\n|upkeep\n|turn|9\n|\n|t:|1732943227\n|move|p1a: Probopass|Body Press|p2a: Oranguru\n|-damage|p2a: Oranguru|70/315 par\n|move|p2a: Oranguru|Thunderbolt|p1a: Probopass\n|-damage|p1a: Probopass|0 fnt\n|faint|p1a: Probopass\n|\n|-heal|p2a: Oranguru|89/315 par|[from] item: Leftovers\n|upkeep\n|\n|t:|1732943239\n|switch|p1a: Alcremie|Alcremie-Matcha-Cream, L90, F|263/263\n|turn|10\n|\n|t:|1732943245\n|move|p1a: Alcremie|Psyshock|p2a: Oranguru\n|-resisted|p2a: Oranguru\n|-damage|p2a: Oranguru|54/315 par\n|move|p2a: Oranguru|Thunderbolt|p1a: Alcremie\n|-damage|p1a: Alcremie|97/263\n|\n|-heal|p1a: Alcremie|113/263|[from] item: Leftovers\n|-heal|p2a: Oranguru|73/315 par|[from] item: Leftovers\n|upkeep\n|turn|11\n|\n|t:|1732943256\n|move|p1a: Alcremie|Psyshock|p2a: Oranguru\n|-resisted|p2a: Oranguru\n|-damage|p2a: Oranguru|36/315 par\n|cant|p2a: Oranguru|par\n|\n|-heal|p1a: Alcremie|129/263|[from] item: Leftovers\n|-heal|p2a: Oranguru|55/315 par|[from] item: Leftovers\n|upkeep\n|turn|12\n|\n|t:|1732943264\n|move|p1a: Alcremie|Psyshock|p2a: Oranguru\n|-resisted|p2a: Oranguru\n|-damage|p2a: Oranguru|23/315 par\n|move|p2a: Oranguru|Thunderbolt|p1a: Alcremie\n|-damage|p1a: Alcremie|0 fnt\n|faint|p1a: Alcremie\n|\n|-heal|p2a: Oranguru|42/315 par|[from] item: Leftovers\n|upkeep\n|\n|t:|1732943268\n|switch|p1a: Luxray|Luxray, L88, F|284/284\n|-ability|p1a: Luxray|Intimidate|boost\n|-fail|p2a: Oranguru|unboost|Attack|[from] ability: Inner Focus|[of] p2a: Oranguru\n|turn|13\n|\n|t:|1732943274\n|move|p1a: Luxray|Ice Fang|p2a: Oranguru\n|-damage|p2a: Oranguru|0 fnt\n|faint|p2a: Oranguru\n|\n|upkeep\n|\n|t:|1732943288\n|switch|p2a: Landorus|Landorus-Therian, L76, M|260/260\n|-ability|p2a: Landorus|Intimidate|boost\n|-unboost|p1a: Luxray|atk|1\n|turn|14\n|\n|t:|1732943304\n|move|p2a: Landorus|Stone Edge|p1a: Luxray\n|-damage|p1a: Luxray|201/284\n|move|p1a: Luxray|Play Rough|p2a: Landorus\n|-damage|p2a: Landorus|198/260\n|\n|-heal|p2a: Landorus|214/260|[from] item: Leftovers\n|upkeep\n|turn|15\n|\n|t:|1732943314\n|move|p2a: Landorus|U-turn|p1a: Luxray\n|-damage|p1a: Luxray|146/284\n|\n|t:|1732943318\n|switch|p2a: Gengar|Gengar, L81, F|230/230|[from] U-turn\n|move|p1a: Luxray|Ice Fang|p2a: Gengar\n|-damage|p2a: Gengar|177/230\n|\n|upkeep\n|turn|16\n|\n|t:|1732943332\n|move|p2a: Gengar|Sludge Wave|p1a: Luxray\n|-damage|p1a: Luxray|26/284\n|move|p1a: Luxray|Wild Charge|p2a: Gengar\n|-crit|p2a: Gengar\n|-damage|p2a: Gengar|0 fnt\n|-start|p1a: Luxray|Disable|Wild Charge|[from] ability: Cursed Body|[of] p2a: Gengar\n|faint|p2a: Gengar\n|-damage|p1a: Luxray|0 fnt|[from] Recoil\n|faint|p1a: Luxray\n|\n|upkeep\n|inactive|Battle timer is ON: inactive players will automatically lose when time's up. (requested by bugguy123)\n|inactive|jrmehsid has 120 seconds left.\n|inactive|jrmehsid has 90 seconds left.\n|\n|t:|1732943423\n|switch|p2a: Iron Valiant|Iron Valiant, L78|244/244\n|switch|p1a: Oranguru|Oranguru, L92, F|188/315\n|turn|17\n|\n|t:|1732943441\n|move|p2a: Iron Valiant|Calm Mind|p2a: Iron Valiant\n|-boost|p2a: Iron Valiant|spa|1\n|-boost|p2a: Iron Valiant|spd|1\n|move|p1a: Oranguru|Nasty Plot|p1a: Oranguru\n|-boost|p1a: Oranguru|spa|2\n|\n|-heal|p1a: Oranguru|207/315|[from] item: Leftovers\n|upkeep\n|turn|18\n|\n|t:|1732943451\n|move|p2a: Iron Valiant|Close Combat|p1a: Oranguru\n|-damage|p1a: Oranguru|24/315\n|-unboost|p2a: Iron Valiant|def|1\n|-unboost|p2a: Iron Valiant|spd|1\n|-damage|p2a: Iron Valiant|220/244|[from] item: Life Orb\n|move|p1a: Oranguru|Thunderbolt|p2a: Iron Valiant\n|-damage|p2a: Iron Valiant|30/244\n|\n|-heal|p1a: Oranguru|43/315|[from] item: Leftovers\n|upkeep\n|turn|19\n|\n|t:|1732943464\n|move|p2a: Iron Valiant|Moonblast|p1a: Oranguru\n|-damage|p1a: Oranguru|0 fnt\n|faint|p1a: Oranguru\n|-damage|p2a: Iron Valiant|6/244|[from] item: Life Orb\n|\n|upkeep\n|\n|t:|1732943471\n|switch|p1a: Hatterene|Hatterene, L85, F|132/236\n|turn|20\n|\n|t:|1732943476\n|-terastallize|p1a: Hatterene|Steel\n|move|p2a: Iron Valiant|Close Combat|p1a: Hatterene\n|-supereffective|p1a: Hatterene\n|-damage|p1a: Hatterene|0 fnt\n|-unboost|p2a: Iron Valiant|def|1\n|-unboost|p2a: Iron Valiant|spd|1\n|faint|p1a: Hatterene\n|-damage|p2a: Iron Valiant|0 fnt|[from] item: Life Orb\n|faint|p2a: Iron Valiant\n|-end|p2a: Iron Valiant|Quark Drive|[silent]\n|\n|win|bugguy123\n|raw|jrmehsid's rating: 1000 &rarr; <strong>1000</strong><br />(+0 for losing)\n|raw|bugguy123's rating: 1000 &rarr; <strong>1040</strong><br />(+40 for winning)\n", "inputlog": ">version b107d77f5c90bd6555267ae244a6264823309ead\n>start {\"formatid\":\"gen9randombattle\",\"seed\":[29208,3844,21520,40545],\"rated\":\"Rated battle\"}\n>player p1 {\"name\":\"jrmehsid\",\"avatar\":\"1\",\"rating\":1000,\"seed\":[9595,85,34535,1008]}\n>player p2 {\"name\":\"bugguy123\",\"avatar\":\"265\",\"rating\":1000,\"seed\":[35752,27511,58391,52929]}\n>p1 switch 6\n>p2 move nastyplot\n>p1 move thunderbolt\n>p2 move focusblast\n>p1 switch 5\n>p2 move nastyplot\n>p1 move drainingkiss\n>p2 move psychic\n>p1 move mysticalfire\n>p2 move nastyplot\n>p1 move nuzzle\n>p2 move focusblast\n>p1 switch 2\n>p2 move thunderbolt\n>p1 switch 4\n>p1 move bodypress\n>p2 move thunderbolt\n>p1 move bodypress\n>p2 move thunderbolt\n>p1 switch 3\n>p1 move psyshock\n>p2 move thunderbolt\n>p1 move psyshock\n>p2 move thunderbolt\n>p1 move psyshock\n>p2 move thunderbolt\n>p1 switch 6\n>p1 move icefang\n>p2 move focusblast\n>p2 switch 5\n>p1 move playrough\n>p2 move stoneedge\n>p1 move icefang\n>p2 move uturn\n>p2 switch 3\n>p1 move wildcharge\n>p2 move sludgewave\n>p1 switch 5\n>p2 switch 6\n>p1 move nastyplot\n>p2 move calmmind\n>p1 move thunderbolt\n>p2 move closecombat\n>p1 move thunderbolt\n>p2 move moonblast\n>p1 switch 2\n>p1 move drainingkiss terastallize\n>p2 move closecombat", "uploadtime": 1732943485, "views": 1, "formatid": "gen9randombattle", "rating": 1000, "private": 0, "password": null}