{"id": "gen9randombattle-2253961885", "format": "[Gen 9] Random Battle", "players": ["EveryMatchIsRigged", "ttt_homas_sss//"], "log": "|j|\u2606EveryMatchIsRigged\n|j|\u2606ttt_homas_sss//\n|t:|1732972032\n|gametype|singles\n|player|p1|EveryMatchIsRigged|acetrainerf|1221\n|player|p2|ttt_homas_sss//|swimmer-gen4|1219\n|teamsize|p1|6\n|teamsize|p2|6\n|gen|9\n|tier|[Gen 9] Random Battle\n|rated|\n|rule|Species Clause: Limit one of each Pok\u00e9mon\n|rule|HP Percentage Mod: HP is shown in percentages\n|rule|Sleep Clause Mod: Limit one foe put to sleep\n|rule|Illusion Level Mod: Illusion disguises the Pok\u00e9mon's true level\n|\n|t:|1732972032\n|start\n|switch|p1a: Azelf|Azelf, L82|257/257\n|switch|p2a: Dragonite|Dragonite, L74, M|257/257\n|turn|1\n|inactive|Battle timer is ON: inactive players will automatically lose when time's up. (requested by EveryMatchIsRigged)\n|\n|t:|1732972040\n|move|p1a: Azelf|Dazzling Gleam|p2a: Dragonite\n|-supereffective|p2a: Dragonite\n|-damage|p2a: Dragonite|156/257\n|move|p2a: Dragonite|Dragon Dance|p2a: Dragonite\n|-boost|p2a: Dragonite|atk|1\n|-boost|p2a: Dragonite|spe|1\n|\n|upkeep\n|turn|2\n|\n|t:|1732972047\n|-terastallize|p2a: Dragonite|Steel\n|move|p2a: Dragonite|Iron Head|p1a: Azelf\n|-damage|p1a: Azelf|110/257\n|cant|p1a: Azelf|flinch\n|\n|upkeep\n|turn|3\n|\n|t:|1732972064\n|switch|p1a: Cacturne|Cacturne, L92, F|278/278\n|move|p2a: Dragonite|Iron Head|p1a: Cacturne\n|-damage|p1a: Cacturne|115/278\n|\n|upkeep\n|turn|4\n|\n|t:|1732972074\n|move|p1a: Cacturne|Sucker Punch|p2a: Dragonite\n|-damage|p2a: Dragonite|14/257\n|-damage|p1a: Cacturne|88/278|[from] item: Life Orb\n|move|p2a: Dragonite|Iron Head|p1a: Cacturne\n|-damage|p1a: Cacturne|0 fnt\n|faint|p1a: Cacturne\n|\n|upkeep\n|\n|t:|1732972083\n|switch|p1a: Vikavolt|Vikavolt, L83, M|263/263\n|turn|5\n|\n|t:|1732972089\n|move|p2a: Dragonite|Iron Head|p1a: Vikavolt\n|-resisted|p1a: Vikavolt\n|-damage|p1a: Vikavolt|199/263\n|move|p1a: Vikavolt|Bug Buzz|p2a: Dragonite\n|-resisted|p2a: Dragonite\n|-damage|p2a: Dragonite|0 fnt\n|faint|p2a: Dragonite\n|\n|upkeep\n|\n|t:|1732972101\n|switch|p2a: Whiscash|Whiscash, L88, M|337/337\n|turn|6\n|inactive|EveryMatchIsRigged has 120 seconds left.\n|\n|t:|1732972131\n|move|p2a: Whiscash|Ice Beam|p1a: Vikavolt\n|-damage|p1a: Vikavolt|137/263\n|move|p1a: Vikavolt|Energy Ball|p2a: Whiscash\n|-supereffective|p2a: Whiscash\n|-damage|p2a: Whiscash|0 fnt\n|faint|p2a: Whiscash\n|\n|upkeep\n|\n|t:|1732972137\n|switch|p2a: Hariyama|Hariyama, L87, F|392/392\n|turn|7\n|\n|t:|1732972142\n|move|p2a: Hariyama|Facade|p1a: Vikavolt\n|-damage|p1a: Vikavolt|74/263\n|move|p1a: Vikavolt|Sticky Web|p2a: Hariyama\n|-sidestart|p2: ttt_homas_sss//|move: Sticky Web\n|\n|-status|p2a: Hariyama|brn|[from] item: Flame Orb\n|upkeep\n|turn|8\n|\n|t:|1732972157\n|move|p2a: Hariyama|Facade|p1a: Vikavolt\n|-damage|p1a: Vikavolt|0 fnt\n|faint|p1a: Vikavolt\n|\n|-damage|p2a: Hariyama|368/392 brn|[from] brn\n|upkeep\n|\n|t:|1732972169\n|switch|p1a: Azelf|Azelf, L82|110/257\n|turn|9\n|\n|t:|1732972174\n|move|p1a: Azelf|Psyshock|p2a: Hariyama\n|-supereffective|p2a: Hariyama\n|-damage|p2a: Hariyama|0 fnt\n|faint|p2a: Hariyama\n|\n|upkeep\n|\n|t:|1732972177\n|switch|p2a: Blissey|Blissey, L84, F|566/566\n|-activate|p2a: Blissey|move: Sticky Web\n|-unboost|p2a: Blissey|spe|1\n|turn|10\n|\n|t:|1732972191\n|move|p1a: Azelf|Psyshock|p2a: Blissey\n|-damage|p2a: Blissey|95/566\n|move|p2a: Blissey|Thunder Wave|p1a: Azelf|[miss]\n|-miss|p2a: Blissey|p1a: Azelf\n|\n|-heal|p2a: Blissey|130/566|[from] item: Leftovers\n|upkeep\n|turn|11\n|\n|t:|1732972198\n|move|p1a: Azelf|Psyshock|p2a: Blissey\n|-damage|p2a: Blissey|0 fnt\n|faint|p2a: Blissey\n|\n|upkeep\n|-message|ttt_homas_sss// forfeited.\n|\n|win|EveryMatchIsRigged\n|raw|EveryMatchIsRigged's rating: 1221 &rarr; <strong>1246</strong><br />(+25 for winning)\n|raw|ttt_homas_sss&#x2f;&#x2f;'s rating: 1219 &rarr; <strong>1194</strong><br />(-25 for losing)\n|l|\u2606ttt_homas_sss//\n|player|p2|\n", "inputlog": ">version b107d77f5c90bd6555267ae244a6264823309ead\n>start {\"formatid\":\"gen9randombattle\",\"seed\":[25224,5366,15755,58150],\"rated\":\"Rated battle\"}\n>player p1 {\"name\":\"EveryMatchIsRigged\",\"avatar\":\"acetrainerf\",\"rating\":1221,\"seed\":[45633,31395,54384,22766]}\n>player p2 {\"name\":\"ttt_homas_sss//\",\"avatar\":\"swimmer-gen4\",\"rating\":1219,\"seed\":[56957,32085,36107,63743]}\n>p1 move dazzlinggleam\n>p2 move dragondance\n>p1 move dazzlinggleam\n>p2 move ironhead terastallize\n>p1 switch 3\n>p2 move ironhead\n>p1 move suckerpunch\n>p2 move ironhead\n>p1 switch 6\n>p1 move bugbuzz\n>p2 move ironhead\n>p2 switch 4\n>p1 move energyball\n>p2 move icebeam\n>p2 switch 5\n>p1 move stickyweb\n>p2 move facade\n>p1 move bugbuzz\n>p2 move facade\n>p1 switch 3\n>p1 move psyshock\n>p2 move facade\n>p2 switch 6\n>p1 move psyshock\n>p2 move thunderwave\n>p1 move psyshock\n>p2 move seismictoss\n>forcelose p2", "uploadtime": 1732972203, "views": 5, "formatid": "gen9randombattle", "rating": 1194, "private": 0, "password": null}