{"id": "gen9randombattle-2253952870", "format": "[Gen 9] Random Battle", "players": ["Fire Strait", "the pisanc"], "log": "|j|\u2606Fire Strait\n|j|\u2606the pisanc\n|t:|1732970423\n|gametype|singles\n|player|p1|Fire Strait|red-gen1main|2000\n|player|p2|the pisanc|n|2061\n|teamsize|p1|6\n|teamsize|p2|6\n|gen|9\n|tier|[Gen 9] Random Battle\n|rated|\n|rule|Species Clause: Limit one of each Pok\u00e9mon\n|rule|HP Percentage Mod: HP is shown in percentages\n|rule|Sleep Clause Mod: Limit one foe put to sleep\n|rule|Illusion Level Mod: Illusion disguises the Pok\u00e9mon's true level\n|\n|t:|1732970423\n|start\n|switch|p1a: Frosmoth|Frosmoth, L82, M|249/249\n|switch|p2a: Ogerpon|Ogerpon-Hearthflame, L74, F|239/239\n|-ability|p2a: Ogerpon|Mold Breaker\n|turn|1\n|inactive|Battle timer is ON: inactive players will automatically lose when time's up. (requested by the pisanc)\n|\n|t:|1732970440\n|switch|p1a: Cramorant|Cramorant, L86, M|261/261\n|move|p2a: Ogerpon|Swords Dance|p2a: Ogerpon\n|-boost|p2a: Ogerpon|atk|2\n|\n|upkeep\n|turn|2\n|\n|t:|1732970446\n|move|p2a: Ogerpon|Power Whip|p1a: Cramorant|[miss]\n|-miss|p2a: Ogerpon|p1a: Cramorant\n|move|p1a: Cramorant|Brave Bird|p2a: Ogerpon\n|-supereffective|p2a: Ogerpon\n|-crit|p2a: Ogerpon\n|-damage|p2a: Ogerpon|0 fnt\n|faint|p2a: Ogerpon\n|-damage|p1a: Cramorant|182/261|[from] Recoil\n|\n|upkeep\n|\n|t:|1732970465\n|switch|p2a: Cyclizar|Cyclizar, L83, M|252/252\n|turn|3\n|\n|t:|1732970471\n|move|p2a: Cyclizar|Shed Tail|p2a: Cyclizar\n|-start|p2a: Cyclizar|Substitute|[from] move: Shed Tail\n|-damage|p2a: Cyclizar|126/252\n|\n|t:|1732970473\n|switch|p2a: Magcargo|Magcargo, L95, F|268/268|[from] Shed Tail\n|move|p1a: Cramorant|Surf|p2a: Magcargo\n|-formechange|p1a: Cramorant|Cramorant-Gulping|\n|-supereffective|p2a: Magcargo\n|-end|p2a: Magcargo|Substitute\n|\n|upkeep\n|turn|4\n|c|\u2606the pisanc|u surfed\n|c|\u2606the pisanc|jesus fucking christ\n|\n|t:|1732970484\n|-terastallize|p2a: Magcargo|Grass\n|move|p1a: Cramorant|Surf|p2a: Magcargo\n|-resisted|p2a: Magcargo\n|-damage|p2a: Magcargo|226/268\n|move|p2a: Magcargo|Shell Smash|p2a: Magcargo\n|-unboost|p2a: Magcargo|def|1\n|-unboost|p2a: Magcargo|spd|1\n|-boost|p2a: Magcargo|atk|2\n|-boost|p2a: Magcargo|spa|2\n|-boost|p2a: Magcargo|spe|2\n|\n|upkeep\n|turn|5\n|\n|t:|1732970488\n|move|p2a: Magcargo|Power Gem|p1a: Cramorant\n|-supereffective|p1a: Cramorant\n|-damage|p1a: Cramorant|0 fnt\n|-damage|p2a: Magcargo|159/268|[from] ability: Gulp Missile|[of] p1a: Cramorant\n|-unboost|p2a: Magcargo|def|1\n|-formechange|p1a: Cramorant|Cramorant|\n|faint|p1a: Cramorant\n|\n|upkeep\n|\n|t:|1732970499\n|switch|p1a: Ditto|Ditto, L87|225/225\n|-transform|p1a: Ditto|p2a: Magcargo|[from] ability: Imposter\n|-start|p1a: Ditto|typechange|Fire/Rock|[silent]\n|turn|6\n|\n|t:|1732970509\n|switch|p2a: Gogoat|Gogoat, L88, M|360/360\n|move|p1a: Ditto|Power Gem|p2a: Gogoat\n|-damage|p2a: Gogoat|156/360\n|\n|-heal|p2a: Gogoat|178/360|[from] item: Leftovers\n|upkeep\n|turn|7\n|\n|t:|1732970518\n|switch|p2a: Luxray|Luxray, L88, F|284/284\n|-ability|p2a: Luxray|Intimidate|boost\n|-unboost|p1a: Ditto|atk|1\n|move|p1a: Ditto|Power Gem|p2a: Luxray\n|-damage|p2a: Luxray|149/284\n|\n|upkeep\n|turn|8\n|\n|t:|1732970530\n|switch|p1a: Venusaur|Venusaur, L84, F|272/272\n|switch|p2a: Gogoat|Gogoat, L88, M|178/360\n|\n|-heal|p2a: Gogoat|200/360|[from] item: Leftovers\n|upkeep\n|turn|9\n|\n|t:|1732970533\n|move|p1a: Venusaur|Sludge Bomb|p2a: Gogoat\n|-supereffective|p2a: Gogoat\n|-damage|p2a: Gogoat|18/360\n|move|p2a: Gogoat|Earthquake|p1a: Venusaur\n|-damage|p1a: Venusaur|184/272\n|\n|-heal|p1a: Venusaur|201/272|[from] item: Leftovers\n|-heal|p2a: Gogoat|40/360|[from] item: Leftovers\n|upkeep\n|turn|10\n|\n|t:|1732970539\n|move|p1a: Venusaur|Knock Off|p2a: Gogoat\n|-damage|p2a: Gogoat|0 fnt\n|-enditem|p2a: Gogoat|Leftovers|[from] move: Knock Off|[of] p1a: Venusaur\n|faint|p2a: Gogoat\n|\n|-heal|p1a: Venusaur|218/272|[from] item: Leftovers\n|upkeep\n|\n|t:|1732970554\n|switch|p2a: Suicune|Suicune, L82|298/298\n|-ability|p2a: Suicune|Pressure\n|turn|11\n|\n|t:|1732970562\n|move|p2a: Suicune|Calm Mind|p2a: Suicune\n|-boost|p2a: Suicune|spa|1\n|-boost|p2a: Suicune|spd|1\n|move|p1a: Venusaur|Sludge Bomb|p2a: Suicune\n|-damage|p2a: Suicune|247/298\n|\n|-heal|p2a: Suicune|265/298|[from] item: Leftovers\n|-heal|p1a: Venusaur|235/272|[from] item: Leftovers\n|upkeep\n|turn|12\n|\n|t:|1732970572\n|switch|p1a: Ogerpon|Ogerpon, L80, F|259/259\n|move|p2a: Suicune|Substitute|p2a: Suicune\n|-start|p2a: Suicune|Substitute\n|-damage|p2a: Suicune|191/298\n|\n|-heal|p2a: Suicune|209/298|[from] item: Leftovers\n|upkeep\n|turn|13\n|\n|t:|1732970575\n|move|p1a: Ogerpon|Ivy Cudgel|p2a: Suicune\n|-supereffective|p2a: Suicune\n|-end|p2a: Suicune|Substitute\n|-damage|p1a: Ogerpon|234/259|[from] item: Life Orb\n|move|p2a: Suicune|Ice Beam|p1a: Ogerpon\n|-supereffective|p1a: Ogerpon\n|-damage|p1a: Ogerpon|66/259\n|\n|-heal|p2a: Suicune|227/298|[from] item: Leftovers\n|upkeep\n|turn|14\n|\n|t:|1732970581\n|switch|p2a: Magcargo|Magcargo, L95, F, tera:Grass|159/268\n|move|p1a: Ogerpon|Ivy Cudgel|p2a: Magcargo\n|-resisted|p2a: Magcargo\n|-damage|p2a: Magcargo|110/268\n|-ability|p2a: Magcargo|Weak Armor|boost\n|-unboost|p2a: Magcargo|def|1\n|-boost|p2a: Magcargo|spe|2\n|-damage|p1a: Ogerpon|41/259|[from] item: Life Orb\n|\n|upkeep\n|turn|15\n|\n|t:|1732970595\n|switch|p1a: Sandy Shocks|Sandy Shocks, L80|267/267\n|move|p2a: Magcargo|Power Gem|p1a: Sandy Shocks\n|-resisted|p1a: Sandy Shocks\n|-damage|p1a: Sandy Shocks|211/267\n|\n|upkeep\n|turn|16\n|\n|t:|1732970602\n|move|p2a: Magcargo|Earth Power|p1a: Sandy Shocks\n|-supereffective|p1a: Sandy Shocks\n|-damage|p1a: Sandy Shocks|33/267\n|move|p1a: Sandy Shocks|Thunderbolt|p2a: Magcargo\n|-resisted|p2a: Magcargo\n|-damage|p2a: Magcargo|56/268\n|\n|upkeep\n|turn|17\n|\n|t:|1732970628\n|move|p2a: Magcargo|Earth Power|p1a: Sandy Shocks\n|-supereffective|p1a: Sandy Shocks\n|-damage|p1a: Sandy Shocks|0 fnt\n|faint|p1a: Sandy Shocks\n|-end|p1a: Sandy Shocks|Protosynthesis|[silent]\n|\n|upkeep\n|\n|t:|1732970630\n|switch|p1a: Ditto|Ditto, L87|225/225\n|-transform|p1a: Ditto|p2a: Magcargo|[from] ability: Imposter\n|turn|18\n|\n|t:|1732970639\n|move|p1a: Ditto|Earth Power|p2a: Magcargo\n|-resisted|p2a: Magcargo\n|-damage|p2a: Magcargo|24/268\n|move|p2a: Magcargo|Earth Power|p1a: Ditto\n|-supereffective|p1a: Ditto\n|-damage|p1a: Ditto|0 fnt\n|faint|p1a: Ditto\n|\n|upkeep\n|\n|t:|1732970647\n|switch|p1a: Frosmoth|Frosmoth, L82, M|249/249\n|turn|19\n|\n|t:|1732970651\n|-terastallize|p1a: Frosmoth|Water\n|move|p2a: Magcargo|Fire Blast|p1a: Frosmoth\n|-resisted|p1a: Frosmoth\n|-damage|p1a: Frosmoth|216/249\n|-status|p1a: Frosmoth|brn\n|move|p1a: Frosmoth|Quiver Dance|p1a: Frosmoth\n|-boost|p1a: Frosmoth|spa|1\n|-boost|p1a: Frosmoth|spd|1\n|-boost|p1a: Frosmoth|spe|1\n|\n|-damage|p1a: Frosmoth|201/249 brn|[from] brn\n|upkeep\n|turn|20\n|\n|t:|1732970660\n|move|p1a: Frosmoth|Quiver Dance|p1a: Frosmoth\n|-boost|p1a: Frosmoth|spa|1\n|-boost|p1a: Frosmoth|spd|1\n|-boost|p1a: Frosmoth|spe|1\n|move|p2a: Magcargo|Power Gem|p1a: Frosmoth\n|-damage|p1a: Frosmoth|176/249 brn\n|\n|-damage|p1a: Frosmoth|161/249 brn|[from] brn\n|upkeep\n|turn|21\n|\n|t:|1732970672\n|move|p1a: Frosmoth|Quiver Dance|p1a: Frosmoth\n|-boost|p1a: Frosmoth|spa|1\n|-boost|p1a: Frosmoth|spd|1\n|-boost|p1a: Frosmoth|spe|1\n|move|p2a: Magcargo|Power Gem|p1a: Frosmoth\n|-damage|p1a: Frosmoth|140/249 brn\n|\n|-damage|p1a: Frosmoth|125/249 brn|[from] brn\n|upkeep\n|turn|22\n|\n|t:|1732970680\n|move|p1a: Frosmoth|Ice Beam|p2a: Magcargo\n|-supereffective|p2a: Magcargo\n|-damage|p2a: Magcargo|0 fnt\n|faint|p2a: Magcargo\n|\n|-damage|p1a: Frosmoth|110/249 brn|[from] brn\n|upkeep\n|\n|t:|1732970692\n|switch|p2a: Luxray|Luxray, L88, F|149/284\n|-ability|p2a: Luxray|Intimidate|boost\n|-unboost|p1a: Frosmoth|atk|1\n|turn|23\n|\n|t:|1732970701\n|move|p1a: Frosmoth|Bug Buzz|p2a: Luxray\n|-damage|p2a: Luxray|0 fnt\n|faint|p2a: Luxray\n|\n|-damage|p1a: Frosmoth|95/249 brn|[from] brn\n|upkeep\n|\n|t:|1732970704\n|switch|p2a: Suicune|Suicune, L82|227/298\n|-ability|p2a: Suicune|Pressure\n|turn|24\n|\n|t:|1732970710\n|move|p1a: Frosmoth|Bug Buzz|p2a: Suicune\n|-damage|p2a: Suicune|0 fnt\n|faint|p2a: Suicune\n|\n|-damage|p1a: Frosmoth|80/249 brn|[from] brn\n|upkeep\n|\n|t:|1732970712\n|switch|p2a: Cyclizar|Cyclizar, L83, M|210/252\n|turn|25\n|\n|t:|1732970715\n|move|p1a: Frosmoth|Ice Beam|p2a: Cyclizar\n|-supereffective|p2a: Cyclizar\n|-damage|p2a: Cyclizar|0 fnt\n|faint|p2a: Cyclizar\n|\n|win|Fire Strait\n", "inputlog": ">version b107d77f5c90bd6555267ae244a6264823309ead\n>start {\"formatid\":\"gen9randombattle\",\"seed\":[35932,11155,35655,56755],\"rated\":\"Rated battle\"}\n>player p1 {\"name\":\"Fire Strait\",\"avatar\":\"red-gen1main\",\"rating\":2000,\"seed\":[26807,51103,25306,51719]}\n>player p2 {\"name\":\"the pisanc\",\"avatar\":\"n\",\"rating\":2061,\"seed\":[4848,33547,51932,29034]}\n>p1 switch 6\n>p2 move swordsdance\n>p1 move bravebird\n>p2 move powerwhip\n>p2 switch 4\n>p1 move surf\n>p2 move shedtail\n>p2 switch 5\n>chat \u2606the pisanc|u surfed\n>chat \u2606the pisanc|jesus fucking christ\n>p1 move surf\n>p2 move shellsmash terastallize\n>p1 move bravebird\n>p2 move powergem\n>p1 switch 3\n>p1 move powergem\n>p2 switch 3\n>p1 move powergem\n>p2 switch 6\n>p1 switch 5\n>p2 switch 6\n>p1 move sludgebomb\n>p2 move earthquake\n>p1 move knockoff\n>p2 move earthquake\n>p2 switch 2\n>p1 move sludgebomb\n>p2 move calmmind\n>p1 switch 4\n>p2 move substitute\n>p1 move ivycudgel\n>p2 move icebeam\n>p1 move ivycudgel\n>p2 switch 3\n>p1 switch 2\n>p2 move powergem\n>p1 move thunderbolt\n>p2 move earthpower\n>p1 move thunderbolt\n>p2 move earthpower\n>p1 switch 5\n>p1 move earthpower\n>p2 move earthpower\n>p1 switch 6\n>p1 move quiverdance terastallize\n>p2 move fireblast\n>p1 move quiverdance\n>p2 move powergem\n>p1 move quiverdance\n>p2 move powergem\n>p1 move icebeam\n>p2 move powergem\n>p2 switch 6\n>p1 move bugbuzz\n>p2 move wildcharge\n>p2 switch 3\n>p1 move bugbuzz\n>p2 move scald\n>p2 switch 5\n>p1 move icebeam\n>p2 move rapidspin", "uploadtime": 1732970480, "views": 1, "formatid": "gen9randombattle", "rating": null, "private": 0, "password": null}