{"id": "gen9randombattle-2254125064", "format": "[Gen 9] Random Battle", "players": ["Yuvthboss", "ogtru"], "log": "|j|\u2606Yuvthboss\n|j|\u2606ogtru\n|t:|1732994294\n|gametype|singles\n|player|p1|Yuvthboss|266|1437\n|player|p2|ogtru|riley|1393\n|teamsize|p1|6\n|teamsize|p2|6\n|gen|9\n|tier|[Gen 9] Random Battle\n|rated|\n|rule|Species Clause: Limit one of each Pok\u00e9mon\n|rule|HP Percentage Mod: HP is shown in percentages\n|rule|Sleep Clause Mod: Limit one foe put to sleep\n|rule|Illusion Level Mod: Illusion disguises the Pok\u00e9mon's true level\n|\n|t:|1732994294\n|start\n|switch|p1a: Cetitan|Cetitan, L82, M|412/412\n|switch|p2a: Kricketune|Kricketune, L99, M|311/311\n|turn|1\n|\n|t:|1732994305\n|move|p2a: Kricketune|Sticky Web|p1a: Cetitan\n|-sidestart|p1: Yuvthboss|move: Sticky Web\n|move|p1a: Cetitan|Belly Drum|p1a: Cetitan\n|-damage|p1a: Cetitan|206/412\n|-setboost|p1a: Cetitan|atk|6|[from] move: Belly Drum\n|-enditem|p1a: Cetitan|Sitrus Berry|[eat]\n|-heal|p1a: Cetitan|309/412|[from] item: Sitrus Berry\n|\n|upkeep\n|turn|2\n|\n|t:|1732994312\n|move|p1a: Cetitan|Ice Shard|p2a: Kricketune\n|-damage|p2a: Kricketune|76/311\n|move|p2a: Kricketune|Pounce|p1a: Cetitan\n|-damage|p1a: Cetitan|185/412\n|-unboost|p1a: Cetitan|spe|1\n|\n|upkeep\n|turn|3\n|\n|t:|1732994317\n|move|p1a: Cetitan|Ice Shard|p2a: Kricketune\n|-damage|p2a: Kricketune|0 fnt\n|faint|p2a: Kricketune\n|\n|upkeep\n|\n|t:|1732994320\n|switch|p2a: Ninetales|Ninetales, L85, M|263/263\n|-weather|SunnyDay|[from] ability: Drought|[of] p2a: Ninetales\n|turn|4\n|\n|t:|1732994328\n|move|p1a: Cetitan|Ice Shard|p2a: Ninetales\n|-resisted|p2a: Ninetales\n|-damage|p2a: Ninetales|169/263\n|move|p2a: Ninetales|Solar Beam||[still]\n|-prepare|p2a: Ninetales|Solar Beam\n|-anim|p2a: Ninetales|Solar Beam|p1a: Cetitan\n|-damage|p1a: Cetitan|84/412\n|\n|-weather|SunnyDay|[upkeep]\n|upkeep\n|turn|5\n|\n|t:|1732994334\n|move|p2a: Ninetales|Fire Blast|p1a: Cetitan\n|-supereffective|p1a: Cetitan\n|-damage|p1a: Cetitan|0 fnt\n|faint|p1a: Cetitan\n|\n|-weather|SunnyDay|[upkeep]\n|upkeep\n|\n|t:|1732994339\n|switch|p1a: Donphan|Donphan, L84, M|288/288\n|-activate|p1a: Donphan|move: Sticky Web\n|-unboost|p1a: Donphan|spe|1\n|turn|6\n|\n|t:|1732994349\n|move|p2a: Ninetales|Solar Beam||[still]\n|-prepare|p2a: Ninetales|Solar Beam\n|-anim|p2a: Ninetales|Solar Beam|p1a: Donphan\n|-supereffective|p1a: Donphan\n|-damage|p1a: Donphan|70/288\n|move|p1a: Donphan|Rapid Spin|p2a: Ninetales\n|-damage|p2a: Ninetales|120/263\n|-boost|p1a: Donphan|spe|1\n|-sideend|p1: Yuvthboss|Sticky Web|[from] move: Rapid Spin|[of] p1a: Donphan\n|\n|-weather|SunnyDay|[upkeep]\n|-heal|p1a: Donphan|88/288|[from] item: Leftovers\n|upkeep\n|turn|7\n|\n|t:|1732994361\n|move|p2a: Ninetales|Solar Beam||[still]\n|-prepare|p2a: Ninetales|Solar Beam\n|-anim|p2a: Ninetales|Solar Beam|p1a: Donphan\n|-supereffective|p1a: Donphan\n|-damage|p1a: Donphan|0 fnt\n|faint|p1a: Donphan\n|\n|-weather|SunnyDay|[upkeep]\n|upkeep\n|\n|t:|1732994368\n|switch|p1a: Flygon|Flygon, L82, F|265/265\n|turn|8\n|\n|t:|1732994374\n|move|p1a: Flygon|Earthquake|p2a: Ninetales\n|-supereffective|p2a: Ninetales\n|-damage|p2a: Ninetales|0 fnt\n|faint|p2a: Ninetales\n|\n|-weather|none\n|upkeep\n|\n|t:|1732994381\n|switch|p2a: Zarude|Zarude-Dada, L78|292/292\n|turn|9\n|\n|t:|1732994388\n|switch|p1a: Muk|Muk-Alola, L82, M|306/306\n|move|p2a: Zarude|Knock Off|p1a: Muk\n|-resisted|p1a: Muk\n|-damage|p1a: Muk|227/306\n|-enditem|p1a: Muk|Assault Vest|[from] move: Knock Off|[of] p2a: Zarude\n|-damage|p2a: Zarude|263/292|[from] item: Life Orb\n|\n|upkeep\n|turn|10\n|\n|t:|1732994397\n|switch|p2a: Pecharunt|Pecharunt, L77|262/262\n|move|p1a: Muk|Poison Jab|p2a: Pecharunt\n|-resisted|p2a: Pecharunt\n|-damage|p2a: Pecharunt|248/262\n|\n|-heal|p2a: Pecharunt|262/262|[from] item: Leftovers\n|upkeep\n|turn|11\n|\n|t:|1732994405\n|move|p2a: Pecharunt|Shadow Ball|p1a: Muk\n|-resisted|p1a: Muk\n|-damage|p1a: Muk|197/306\n|move|p1a: Muk|Knock Off|p2a: Pecharunt\n|-supereffective|p2a: Pecharunt\n|-damage|p2a: Pecharunt|134/262\n|-enditem|p2a: Pecharunt|Leftovers|[from] move: Knock Off|[of] p1a: Muk\n|\n|upkeep\n|turn|12\n|\n|t:|1732994416\n|move|p2a: Pecharunt|Recover|p2a: Pecharunt\n|-heal|p2a: Pecharunt|262/262\n|move|p1a: Muk|Knock Off|p2a: Pecharunt\n|-supereffective|p2a: Pecharunt\n|-damage|p2a: Pecharunt|172/262\n|\n|upkeep\n|turn|13\n|\n|t:|1732994426\n|move|p2a: Pecharunt|Nasty Plot|p2a: Pecharunt\n|-boost|p2a: Pecharunt|spa|2\n|move|p1a: Muk|Knock Off|p2a: Pecharunt\n|-supereffective|p2a: Pecharunt\n|-damage|p2a: Pecharunt|80/262\n|\n|upkeep\n|turn|14\n|\n|t:|1732994434\n|-terastallize|p1a: Muk|Dark\n|move|p2a: Pecharunt|Recover|p2a: Pecharunt\n|-heal|p2a: Pecharunt|211/262\n|move|p1a: Muk|Knock Off|p2a: Pecharunt\n|-supereffective|p2a: Pecharunt\n|-damage|p2a: Pecharunt|79/262\n|\n|upkeep\n|turn|15\n|\n|t:|1732994443\n|move|p2a: Pecharunt|Malignant Chain|p1a: Muk\n|-damage|p1a: Muk|49/306\n|move|p1a: Muk|Knock Off|p2a: Pecharunt\n|-supereffective|p2a: Pecharunt\n|-damage|p2a: Pecharunt|0 fnt\n|faint|p2a: Pecharunt\n|\n|upkeep\n|\n|t:|1732994451\n|switch|p2a: Jumpluff|Jumpluff, L87, M|271/271\n|turn|16\n|\n|t:|1732994455\n|move|p2a: Jumpluff|U-turn|p1a: Muk\n|-supereffective|p1a: Muk\n|-damage|p1a: Muk|0 fnt\n|faint|p1a: Muk\n|\n|t:|1732994459\n|switch|p2a: Zarude|Zarude-Dada, L78|263/292|[from] U-turn\n|\n|upkeep\n|\n|t:|1732994467\n|switch|p1a: Flygon|Flygon, L82, F|265/265\n|turn|17\n|\n|t:|1732994471\n|move|p1a: Flygon|U-turn|p2a: Zarude\n|-supereffective|p2a: Zarude\n|-damage|p2a: Zarude|91/292\n|\n|t:|1732994474\n|switch|p1a: Lunala|Lunala, L70|308/308|[from] U-turn\n|move|p2a: Zarude|Knock Off|p1a: Lunala\n|-supereffective|p1a: Lunala\n|-damage|p1a: Lunala|0 fnt\n|-enditem|p1a: Lunala|Leftovers|[from] move: Knock Off|[of] p2a: Zarude\n|faint|p1a: Lunala\n|-damage|p2a: Zarude|62/292|[from] item: Life Orb\n|\n|upkeep\n|\n|t:|1732994481\n|switch|p1a: Flygon|Flygon, L82, F|265/265\n|turn|18\n|\n|t:|1732994485\n|move|p1a: Flygon|U-turn|p2a: Zarude\n|-supereffective|p2a: Zarude\n|-damage|p2a: Zarude|0 fnt\n|faint|p2a: Zarude\n|\n|t:|1732994488\n|switch|p1a: Polteageist|Polteageist, L79|224/224|[from] U-turn\n|\n|upkeep\n|\n|t:|1732994495\n|switch|p2a: Jumpluff|Jumpluff, L87, M|271/271\n|turn|19\n|\n|t:|1732994497\n|move|p2a: Jumpluff|Sleep Powder|p1a: Polteageist\n|-status|p1a: Polteageist|slp|[from] move: Sleep Powder\n|cant|p1a: Polteageist|slp\n|\n|upkeep\n|turn|20\n|\n|t:|1732994500\n|move|p2a: Jumpluff|Acrobatics|p1a: Polteageist\n|-damage|p1a: Polteageist|109/224 slp\n|cant|p1a: Polteageist|slp\n|\n|upkeep\n|turn|21\n|\n|t:|1732994503\n|move|p2a: Jumpluff|Acrobatics|p1a: Polteageist\n|-damage|p1a: Polteageist|0 fnt\n|-start|p2a: Jumpluff|Disable|Acrobatics|[from] ability: Cursed Body|[of] p1a: Polteageist\n|faint|p1a: Polteageist\n|\n|upkeep\n|\n|t:|1732994505\n|switch|p1a: Flygon|Flygon, L82, F|265/265\n|turn|22\n|\n|t:|1732994509\n|move|p1a: Flygon|Outrage|p2a: Jumpluff\n|-damage|p2a: Jumpluff|138/271\n|move|p2a: Jumpluff|Sleep Powder|p1a: Flygon\n|-status|p1a: Flygon|slp|[from] move: Sleep Powder\n|\n|upkeep\n|turn|23\n|\n|t:|1732994513\n|cant|p1a: Flygon|slp\n|move|p2a: Jumpluff|U-turn|p1a: Flygon\n|-damage|p1a: Flygon|224/265 slp\n|\n|t:|1732994515\n|switch|p2a: Deoxys|Deoxys-Speed, L82|216/216|[from] U-turn\n|-ability|p2a: Deoxys|Pressure\n|\n|upkeep\n|turn|24\n|\n|t:|1732994518\n|move|p2a: Deoxys|Psycho Boost|p1a: Flygon\n|-damage|p1a: Flygon|76/265 slp\n|-unboost|p2a: Deoxys|spa|2\n|cant|p1a: Flygon|slp\n|\n|upkeep\n|turn|25\n|\n|t:|1732994522\n|move|p2a: Deoxys|Superpower|p1a: Flygon\n|-damage|p1a: Flygon|0 fnt\n|-unboost|p2a: Deoxys|atk|1\n|-unboost|p2a: Deoxys|def|1\n|faint|p1a: Flygon\n|\n|win|ogtru\n|raw|Yuvthboss's rating: 1437 &rarr; <strong>1414</strong><br />(-23 for losing)\n|raw|ogtru's rating: 1393 &rarr; <strong>1416</strong><br />(+23 for winning)\n|l|\u2606Yuvthboss\n|player|p1|\n", "inputlog": ">version b107d77f5c90bd6555267ae244a6264823309ead\n>start {\"formatid\":\"gen9randombattle\",\"seed\":[14199,60115,4024,2097],\"rated\":\"Rated battle\"}\n>player p1 {\"name\":\"Yuvthboss\",\"avatar\":\"266\",\"rating\":1437,\"seed\":[13428,33045,52517,6277]}\n>player p2 {\"name\":\"ogtru\",\"avatar\":\"riley\",\"rating\":1393,\"seed\":[40742,50175,3727,3539]}\n>p1 move bellydrum\n>p2 move stickyweb\n>p1 move iceshard\n>p2 move pounce\n>p1 move iceshard\n>p2 move pounce\n>p2 switch 3\n>p1 move iceshard\n>p2 move solarbeam\n>p1 move earthquake\n>p2 move fireblast\n>p1 switch 6\n>p1 move rapidspin\n>p2 move solarbeam\n>p1 move stealthrock\n>p2 move solarbeam\n>p1 switch 3\n>p1 move earthquake\n>p2 move solarbeam\n>p2 switch 2\n>p1 switch 4\n>p2 move knockoff\n>p1 move poisonjab\n>p2 switch 5\n>p1 move knockoff\n>p2 move shadowball\n>p1 move knockoff\n>p2 move recover\n>p1 move knockoff\n>p2 move nastyplot\n>p1 move knockoff terastallize\n>p2 move recover\n>p1 move knockoff\n>p2 move malignantchain\n>p2 switch 4\n>p1 move icepunch\n>p2 move uturn\n>p2 switch 5\n>p1 switch 4\n>p1 move uturn\n>p2 move knockoff\n>p1 switch 5\n>p1 switch 5\n>p1 move uturn\n>p2 move knockoff\n>p1 switch 2\n>p2 switch 5\n>p1 move shellsmash\n>p2 move sleeppowder\n>p1 move shellsmash\n>p2 move acrobatics\n>p1 move shellsmash\n>p2 move acrobatics\n>p1 switch 2\n>p1 move outrage\n>p2 move sleeppowder\n>p1 move outrage\n>p2 move uturn\n>p2 switch 6\n>p1 move outrage\n>p2 move psychoboost\n>p1 move outrage\n>p2 move superpower", "uploadtime": 1732994529, "views": 1, "formatid": "gen9randombattle", "rating": 1414, "private": 0, "password": null}