{"id": "gen9randombattle-2253856162", "format": "[Gen 9] Random Battle", "players": ["annya", "jtmd"], "log": "|j|\u2606annya\n|j|\u2606jtmd\n|t:|1732949870\n|gametype|singles\n|player|p1|annya|102|1688\n|player|p2|jtmd|102|1664\n|teamsize|p1|6\n|teamsize|p2|6\n|gen|9\n|tier|[Gen 9] Random Battle\n|rated|\n|rule|Species Clause: Limit one of each Pok\u00e9mon\n|rule|HP Percentage Mod: HP is shown in percentages\n|rule|Sleep Clause Mod: Limit one foe put to sleep\n|rule|Illusion Level Mod: Illusion disguises the Pok\u00e9mon's true level\n|\n|t:|1732949870\n|start\n|switch|p1a: Regidrago|Regidrago, L77|435/435\n|switch|p2a: Sandslash|Sandslash, L88, M|275/275\n|turn|1\n|\n|t:|1732949877\n|move|p1a: Regidrago|Dragon Dance|p1a: Regidrago\n|-boost|p1a: Regidrago|atk|1\n|-boost|p1a: Regidrago|spe|1\n|move|p2a: Sandslash|Rapid Spin|p1a: Regidrago\n|-damage|p1a: Regidrago|372/435\n|-boost|p2a: Sandslash|spe|1\n|\n|upkeep\n|turn|2\n|\n|t:|1732949889\n|move|p1a: Regidrago|Outrage|p2a: Sandslash\n|-damage|p2a: Sandslash|70/275\n|move|p2a: Sandslash|Earthquake|p1a: Regidrago\n|-damage|p1a: Regidrago|192/435\n|\n|-heal|p2a: Sandslash|87/275|[from] item: Leftovers\n|upkeep\n|turn|3\n|\n|t:|1732949900\n|switch|p2a: Qwilfish|Qwilfish-Hisui, L83, M|244/244\n|-ability|p2a: Qwilfish|Intimidate|boost\n|-unboost|p1a: Regidrago|atk|1\n|move|p1a: Regidrago|Outrage|p2a: Qwilfish|[from]lockedmove\n|-damage|p2a: Qwilfish|130/244\n|-start|p1a: Regidrago|confusion|[fatigue]\n|-enditem|p1a: Regidrago|Lum Berry|[eat]\n|-end|p1a: Regidrago|confusion\n|\n|upkeep\n|turn|4\n|\n|t:|1732949906\n|move|p1a: Regidrago|Draco Meteor|p2a: Qwilfish\n|-damage|p2a: Qwilfish|0 fnt\n|-unboost|p1a: Regidrago|spa|2\n|faint|p2a: Qwilfish\n|\n|upkeep\n|inactive|Battle timer is ON: inactive players will automatically lose when time's up. (requested by annya)\n|\n|t:|1732949915\n|switch|p2a: Probopass|Probopass, L92, F|260/260\n|turn|5\n|\n|t:|1732949923\n|move|p1a: Regidrago|Earthquake|p2a: Probopass\n|-supereffective|p2a: Probopass\n|-damage|p2a: Probopass|112/260\n|move|p2a: Probopass|Iron Defense|p2a: Probopass\n|-boost|p2a: Probopass|def|2\n|\n|upkeep\n|turn|6\n|\n|t:|1732949930\n|switch|p1a: Slowking|Slowking, L88, F|310/310\n|move|p2a: Probopass|Body Press|p1a: Slowking\n|-resisted|p1a: Slowking\n|-damage|p1a: Slowking|219/310\n|\n|upkeep\n|turn|7\n|\n|t:|1732949936\n|switch|p2a: Decidueye|Decidueye, L88, M|281/281\n|move|p1a: Slowking|Scald|p2a: Decidueye\n|-resisted|p2a: Decidueye\n|-damage|p2a: Decidueye|255/281\n|-status|p2a: Decidueye|brn\n|\n|-damage|p2a: Decidueye|238/281 brn|[from] brn\n|upkeep\n|turn|8\n|\n|t:|1732949945\n|switch|p1a: Trevenant|Trevenant, L88, M|293/293\n|move|p2a: Decidueye|Knock Off|p1a: Trevenant\n|-supereffective|p1a: Trevenant\n|-damage|p1a: Trevenant|209/293\n|-enditem|p1a: Trevenant|Sitrus Berry|[from] move: Knock Off|[of] p2a: Decidueye\n|\n|-damage|p2a: Decidueye|221/281 brn|[from] brn\n|upkeep\n|turn|9\n|\n|t:|1732949953\n|move|p2a: Decidueye|U-turn|p1a: Trevenant\n|-damage|p1a: Trevenant|177/293\n|\n|t:|1732949955\n|switch|p2a: Pyroar|Pyroar, L88, F|295/295|[from] U-turn\n|-ability|p2a: Pyroar|Unnerve\n|move|p1a: Trevenant|Poltergeist|p2a: Pyroar\n|-immune|p2a: Pyroar\n|\n|upkeep\n|turn|10\n|\n|t:|1732949960\n|move|p2a: Pyroar|Fire Blast|p1a: Trevenant\n|-supereffective|p1a: Trevenant\n|-damage|p1a: Trevenant|0 fnt\n|faint|p1a: Trevenant\n|\n|upkeep\n|\n|t:|1732949963\n|switch|p1a: Slowking|Slowking, L88, F|310/310\n|turn|11\n|\n|t:|1732949967\n|switch|p2a: Decidueye|Decidueye, L88, M|221/281 brn\n|move|p1a: Slowking|Scald|p2a: Decidueye\n|-resisted|p2a: Decidueye\n|-damage|p2a: Decidueye|193/281 brn\n|\n|-damage|p2a: Decidueye|176/281 brn|[from] brn\n|upkeep\n|turn|12\n|\n|t:|1732949972\n|switch|p1a: Carbink|Carbink, L90|236/236\n|move|p2a: Decidueye|Knock Off|p1a: Carbink\n|-resisted|p1a: Carbink\n|-damage|p1a: Carbink|224/236\n|-enditem|p1a: Carbink|Leftovers|[from] move: Knock Off|[of] p2a: Decidueye\n|\n|-damage|p2a: Decidueye|159/281 brn|[from] brn\n|upkeep\n|turn|13\n|\n|t:|1732949980\n|switch|p1a: Regidrago|Regidrago, L77|192/435\n|move|p2a: Decidueye|Leaf Storm|p1a: Regidrago\n|-resisted|p1a: Regidrago\n|-damage|p1a: Regidrago|67/435\n|-unboost|p2a: Decidueye|spa|2\n|\n|-damage|p2a: Decidueye|142/281 brn|[from] brn\n|upkeep\n|turn|14\n|\n|t:|1732949985\n|move|p2a: Decidueye|U-turn|p1a: Regidrago\n|-damage|p1a: Regidrago|16/435\n|\n|t:|1732949989\n|switch|p2a: Sandslash|Sandslash, L88, M|87/275|[from] U-turn\n|move|p1a: Regidrago|Draco Meteor|p2a: Sandslash\n|-damage|p2a: Sandslash|0 fnt\n|-unboost|p1a: Regidrago|spa|2\n|faint|p2a: Sandslash\n|\n|upkeep\n|\n|t:|1732949995\n|switch|p2a: Decidueye|Decidueye, L88, M|142/281 brn\n|turn|15\n|\n|t:|1732949997\n|move|p2a: Decidueye|U-turn|p1a: Regidrago\n|-damage|p1a: Regidrago|0 fnt\n|faint|p1a: Regidrago\n|\n|t:|1732950003\n|switch|p2a: Probopass|Probopass, L92, F|112/260|[from] U-turn\n|\n|upkeep\n|\n|t:|1732950008\n|switch|p1a: Carbink|Carbink, L90|224/236\n|turn|16\n|\n|t:|1732950014\n|move|p1a: Carbink|Rock Polish|p1a: Carbink\n|-boost|p1a: Carbink|spe|2\n|move|p2a: Probopass|Iron Defense|p2a: Probopass\n|-boost|p2a: Probopass|def|2\n|\n|upkeep\n|turn|17\n|\n|t:|1732950021\n|move|p1a: Carbink|Body Press|p2a: Probopass\n|-supereffective|p2a: Probopass\n|-crit|p2a: Probopass\n|-damage|p2a: Probopass|0 fnt\n|faint|p2a: Probopass\n|\n|upkeep\n|\n|t:|1732950029\n|switch|p2a: Decidueye|Decidueye, L88, M|142/281 brn\n|turn|18\n|\n|t:|1732950046\n|switch|p1a: Slowking|Slowking, L88, F|310/310\n|move|p2a: Decidueye|Leaf Storm|p1a: Slowking\n|-supereffective|p1a: Slowking\n|-damage|p1a: Slowking|46/310\n|-unboost|p2a: Decidueye|spa|2\n|\n|-damage|p2a: Decidueye|125/281 brn|[from] brn\n|upkeep\n|turn|19\n|\n|t:|1732950052\n|move|p2a: Decidueye|U-turn|p1a: Slowking\n|-supereffective|p1a: Slowking\n|-damage|p1a: Slowking|0 fnt\n|faint|p1a: Slowking\n|\n|t:|1732950055\n|switch|p2a: Pyroar|Pyroar, L88, F|295/295|[from] U-turn\n|-ability|p2a: Pyroar|Unnerve\n|\n|upkeep\n|\n|t:|1732950059\n|switch|p1a: Drednaw|Drednaw, L81, M|278/278\n|turn|20\n|\n|t:|1732950062\n|move|p2a: Pyroar|Will-O-Wisp|p1a: Drednaw\n|-status|p1a: Drednaw|brn\n|move|p1a: Drednaw|Shell Smash|p1a: Drednaw\n|-unboost|p1a: Drednaw|def|1\n|-unboost|p1a: Drednaw|spd|1\n|-boost|p1a: Drednaw|atk|2\n|-boost|p1a: Drednaw|spa|2\n|-boost|p1a: Drednaw|spe|2\n|-enditem|p1a: Drednaw|White Herb\n|-clearnegativeboost|p1a: Drednaw|[silent]\n|\n|-damage|p1a: Drednaw|261/278 brn|[from] brn\n|upkeep\n|turn|21\n|\n|t:|1732950070\n|move|p1a: Drednaw|Stone Edge|p2a: Pyroar\n|-supereffective|p2a: Pyroar\n|-damage|p2a: Pyroar|63/295\n|move|p2a: Pyroar|Fire Blast|p1a: Drednaw\n|-resisted|p1a: Drednaw\n|-damage|p1a: Drednaw|214/278 brn\n|\n|-damage|p1a: Drednaw|197/278 brn|[from] brn\n|upkeep\n|turn|22\n|\n|t:|1732950074\n|move|p1a: Drednaw|Earthquake|p2a: Pyroar\n|-supereffective|p2a: Pyroar\n|-damage|p2a: Pyroar|0 fnt\n|faint|p2a: Pyroar\n|\n|-damage|p1a: Drednaw|180/278 brn|[from] brn\n|upkeep\n|\n|t:|1732950076\n|switch|p2a: Decidueye|Decidueye, L88, M|125/281 brn\n|turn|23\n|\n|t:|1732950080\n|move|p1a: Drednaw|Stone Edge|p2a: Decidueye\n|-damage|p2a: Decidueye|12/281 brn\n|move|p2a: Decidueye|Leaf Storm|p1a: Drednaw\n|-supereffective|p1a: Drednaw\n|-damage|p1a: Drednaw|0 fnt\n|-unboost|p2a: Decidueye|spa|2\n|faint|p1a: Drednaw\n|\n|-damage|p2a: Decidueye|0 fnt|[from] brn\n|faint|p2a: Decidueye\n|upkeep\n|\n|t:|1732950083\n|switch|p2a: Koraidon|Koraidon, L64|235/235\n|switch|p1a: Carbink|Carbink, L90|224/236\n|-weather|SunnyDay|[from] ability: Orichalcum Pulse|[of] p2a: Koraidon\n|-activate|p2a: Koraidon|Orichalcum Pulse|[source]\n|turn|24\n|\n|t:|1732950090\n|move|p2a: Koraidon|Close Combat|p1a: Carbink\n|-damage|p1a: Carbink|104/236\n|-unboost|p2a: Koraidon|def|1\n|-unboost|p2a: Koraidon|spd|1\n|move|p1a: Carbink|Moonblast|p2a: Koraidon\n|-supereffective|p2a: Koraidon\n|-damage|p2a: Koraidon|0 fnt\n|faint|p2a: Koraidon\n|\n|win|annya\n|raw|annya's rating: 1688 &rarr; <strong>1707</strong><br />(+19 for winning)\n|raw|jtmd's rating: 1664 &rarr; <strong>1645</strong><br />(-19 for losing)\n|l|\u2606jtmd\n|player|p2|\n", "inputlog": ">version b107d77f5c90bd6555267ae244a6264823309ead\n>start {\"formatid\":\"gen9randombattle\",\"seed\":[14980,52581,54868,29638],\"rated\":\"Rated battle\"}\n>player p1 {\"name\":\"annya\",\"avatar\":\"102\",\"rating\":1688,\"seed\":[41221,8486,21852,16890]}\n>player p2 {\"name\":\"jtmd\",\"avatar\":\"102\",\"rating\":1664,\"seed\":[29112,57930,52784,34642]}\n>p1 move dragondance\n>p2 move rapidspin\n>p1 move outrage\n>p2 move earthquake\n>p1 move outrage\n>p2 switch 2\n>p1 move dracometeor\n>p2 move toxicspikes\n>p2 switch 4\n>p1 move earthquake\n>p2 move irondefense\n>p1 switch 2\n>p2 move bodypress\n>p1 move scald\n>p2 switch 6\n>p1 switch 4\n>p2 move knockoff\n>p1 move poltergeist\n>p2 move uturn\n>p2 switch 5\n>p1 move toxic\n>p2 move fireblast\n>p1 switch 4\n>p1 move scald\n>p2 switch 5\n>p1 switch 6\n>p2 move knockoff\n>p1 switch 2\n>p2 move leafstorm\n>p1 move dracometeor\n>p2 move uturn\n>p2 switch 2\n>p2 switch 2\n>p1 move dragondance\n>p2 move uturn\n>p2 switch 6\n>p1 switch 2\n>p1 move rockpolish\n>p2 move irondefense\n>p1 move bodypress\n>p2 move bodypress\n>p2 switch 6\n>p1 switch 6\n>p2 move leafstorm\n>p1 move futuresight\n>p2 move uturn\n>p2 switch 5\n>p1 switch 3\n>p1 move shellsmash\n>p2 move willowisp\n>p1 move stoneedge\n>p2 move fireblast\n>p1 move earthquake\n>p2 move fireblast\n>p2 switch 5\n>p1 move stoneedge\n>p2 move leafstorm\n>p1 switch 6\n>p2 switch 3\n>p1 move moonblast\n>p2 move closecombat", "uploadtime": 1732950093, "views": 1, "formatid": "gen9randombattle", "rating": 1645, "private": 0, "password": null}