{"id": "gen9randombattle-2254147663", "format": "[Gen 9] Random Battle", "players": ["Moj0000", "gippysidechickx2"], "log": "|j|\u2606Moj0000\n|j|\u2606gippysidechickx2\n|t:|1732997072\n|gametype|singles\n|player|p1|Moj0000|102|\n|player|p2|gippysidechickx2|102|\n|teamsize|p1|6\n|teamsize|p2|6\n|gen|9\n|tier|[Gen 9] Random Battle\n|rule|Species Clause: Limit one of each Pok\u00e9mon\n|rule|HP Percentage Mod: HP is shown in percentages\n|rule|Sleep Clause Mod: Limit one foe put to sleep\n|rule|Illusion Level Mod: Illusion disguises the Pok\u00e9mon's true level\n|\n|t:|1732997072\n|start\n|switch|p1a: Lokix|Lokix, L82, F|251/251\n|switch|p2a: Garchomp|Garchomp, L74, F|282/282\n|turn|1\n|\n|t:|1732997090\n|move|p1a: Lokix|Swords Dance|p1a: Lokix\n|-boost|p1a: Lokix|atk|2\n|move|p2a: Garchomp|Earthquake|p1a: Lokix\n|-resisted|p1a: Lokix\n|-damage|p1a: Lokix|191/251\n|\n|upkeep\n|turn|2\n|\n|t:|1732997106\n|move|p1a: Lokix|Swords Dance|p1a: Lokix\n|-boost|p1a: Lokix|atk|2\n|move|p2a: Garchomp|Swords Dance|p2a: Garchomp\n|-boost|p2a: Garchomp|atk|2\n|\n|upkeep\n|turn|3\n|\n|t:|1732997120\n|-terastallize|p1a: Lokix|Dark\n|move|p1a: Lokix|Knock Off|p2a: Garchomp\n|-damage|p2a: Garchomp|0 fnt\n|-damage|p1a: Lokix|160/251|[from] ability: Rough Skin|[of] p2a: Garchomp\n|-enditem|p2a: Garchomp|Loaded Dice|[from] move: Knock Off|[of] p1a: Lokix\n|faint|p2a: Garchomp\n|-damage|p1a: Lokix|135/251|[from] item: Life Orb\n|\n|upkeep\n|\n|t:|1732997132\n|switch|p2a: Klawf|Klawf, L90, F|272/272\n|turn|4\n|\n|t:|1732997149\n|move|p1a: Lokix|Sucker Punch|p2a: Klawf\n|-damage|p2a: Klawf|0 fnt\n|faint|p2a: Klawf\n|-damage|p1a: Lokix|110/251|[from] item: Life Orb\n|\n|upkeep\n|\n|t:|1732997154\n|switch|p2a: Samurott|Samurott, L88, M|310/310\n|turn|5\n|\n|t:|1732997167\n|move|p1a: Lokix|Knock Off|p2a: Samurott\n|-damage|p2a: Samurott|0 fnt\n|-enditem|p2a: Samurott|Life Orb|[from] move: Knock Off|[of] p1a: Lokix\n|faint|p2a: Samurott\n|-damage|p1a: Lokix|85/251|[from] item: Life Orb\n|\n|upkeep\n|\n|t:|1732997173\n|switch|p2a: Thundurus|Thundurus-Therian, L80, M|258/258\n|turn|6\n|\n|t:|1732997185\n|move|p1a: Lokix|Sucker Punch|p2a: Thundurus\n|-damage|p2a: Thundurus|0 fnt\n|faint|p2a: Thundurus\n|-damage|p1a: Lokix|60/251|[from] item: Life Orb\n|\n|upkeep\n|\n|t:|1732997190\n|switch|p2a: Amoonguss|Amoonguss, L82, F|321/321\n|turn|7\n|\n|t:|1732997196\n|move|p1a: Lokix|Knock Off|p2a: Amoonguss\n|-damage|p2a: Amoonguss|0 fnt\n|-damage|p1a: Lokix|19/251|[from] item: Rocky Helmet|[of] p2a: Amoonguss\n|-enditem|p2a: Amoonguss|Rocky Helmet|[from] move: Knock Off|[of] p1a: Lokix\n|faint|p2a: Amoonguss\n|-damage|p1a: Lokix|0 fnt|[from] item: Life Orb\n|faint|p1a: Lokix\n|\n|upkeep\n|\n|t:|1732997221\n|switch|p1a: Quagsire|Quagsire, L84, M|297/297\n|switch|p2a: Necrozma|Necrozma, L80|286/286\n|turn|8\n|\n|t:|1732997230\n|move|p2a: Necrozma|Dragon Dance|p2a: Necrozma\n|-boost|p2a: Necrozma|atk|1\n|-boost|p2a: Necrozma|spe|1\n|move|p1a: Quagsire|Toxic|p2a: Necrozma\n|-status|p2a: Necrozma|tox\n|\n|-damage|p2a: Necrozma|269/286 tox|[from] psn\n|upkeep\n|turn|9\n|\n|t:|1732997249\n|-terastallize|p2a: Necrozma|Dark\n|move|p2a: Necrozma|Earthquake|p1a: Quagsire\n|-damage|p1a: Quagsire|210/297\n|-damage|p2a: Necrozma|241/286 tox|[from] item: Life Orb\n|move|p1a: Quagsire|Earthquake|p2a: Necrozma\n|-damage|p2a: Necrozma|142/286 tox\n|\n|-heal|p1a: Quagsire|228/297|[from] item: Leftovers\n|-damage|p2a: Necrozma|108/286 tox|[from] psn\n|upkeep\n|turn|10\n|\n|t:|1732997262\n|move|p2a: Necrozma|Dragon Dance|p2a: Necrozma\n|-boost|p2a: Necrozma|atk|1\n|-boost|p2a: Necrozma|spe|1\n|move|p1a: Quagsire|Earthquake|p2a: Necrozma\n|-damage|p2a: Necrozma|9/286 tox\n|\n|-heal|p1a: Quagsire|246/297|[from] item: Leftovers\n|-damage|p2a: Necrozma|0 fnt|[from] psn\n|faint|p2a: Necrozma\n|\n|win|Moj0000\n|upkeep\n|l|\u2606gippysidechickx2\n|player|p2|\n", "inputlog": ">version b107d77f5c90bd6555267ae244a6264823309ead\n>start {\"formatid\":\"gen9randombattle\",\"seed\":[22108,30855,12786,44107]}\n>player p1 {\"name\":\"Moj0000\",\"avatar\":\"102\",\"rating\":0,\"seed\":[19560,52597,14348,26898]}\n>player p2 {\"name\":\"gippysidechickx2\",\"avatar\":\"102\",\"rating\":0,\"seed\":[53388,59354,49092,12163]}\n>p1 move swordsdance\n>p2 move earthquake\n>p1 move swordsdance\n>p2 move swordsdance\n>p1 move knockoff terastallize\n>p2 move swordsdance\n>p2 switch 6\n>p1 move suckerpunch\n>p2 move stoneedge\n>p2 switch 5\n>p1 move knockoff\n>p2 move liquidation\n>p2 switch 4\n>p1 move suckerpunch\n>p2 move thunderbolt\n>p2 switch 3\n>p1 move knockoff\n>p2 move spore\n>p1 switch 2\n>p2 switch 2\n>p1 move toxic\n>p2 move dragondance\n>p1 move earthquake\n>p2 move earthquake terastallize\n>p1 move earthquake\n>p2 move dragondance", "uploadtime": 1732997273, "views": 3, "formatid": "gen9randombattle", "rating": null, "private": 0, "password": null}