{"id": "gen9randombattle-2254074567", "format": "[Gen 9] Random Battle", "players": ["econox99", "Sealed Book"], "log": "|j|\u2606econox99\n|j|\u2606Sealed Book\n|t:|1732988084\n|gametype|singles\n|player|p1|econox99|2|1384\n|player|p2|Sealed Book|lisia|1375\n|teamsize|p1|6\n|teamsize|p2|6\n|gen|9\n|tier|[Gen 9] Random Battle\n|rated|\n|rule|Species Clause: Limit one of each Pok\u00e9mon\n|rule|HP Percentage Mod: HP is shown in percentages\n|rule|Sleep Clause Mod: Limit one foe put to sleep\n|rule|Illusion Level Mod: Illusion disguises the Pok\u00e9mon's true level\n|\n|t:|1732988084\n|start\n|switch|p1a: Blissey|Blissey, L84, F|566/566\n|switch|p2a: Slaking|Slaking, L84, M|389/389\n|turn|1\n|inactive|Battle timer is ON: inactive players will automatically lose when time's up. (requested by Sealed Book)\n|inactive|econox99 has 120 seconds left.\n|\n|t:|1732988135\n|-terastallize|p1a: Blissey|Ghost\n|move|p2a: Slaking|Double-Edge|p1a: Blissey\n|-immune|p1a: Blissey\n|move|p1a: Blissey|Thunder Wave|p2a: Slaking\n|-status|p2a: Slaking|par\n|\n|upkeep\n|turn|2\n|\n|t:|1732988155\n|switch|p2a: Lokix|Lokix, L82, F|251/251\n|move|p1a: Blissey|Seismic Toss|p2a: Lokix\n|-damage|p2a: Lokix|167/251\n|\n|upkeep\n|turn|3\n|c|\u2606Sealed Book|what a waste of a tera\n|\n|t:|1732988175\n|switch|p1a: Passimian|Passimian, L83, M|302/302\n|move|p2a: Lokix|Knock Off|p1a: Passimian\n|-resisted|p1a: Passimian\n|-damage|p1a: Passimian|169/302\n|-enditem|p1a: Passimian|Choice Band|[from] move: Knock Off|[of] p2a: Lokix\n|-damage|p2a: Lokix|142/251|[from] item: Life Orb\n|\n|upkeep\n|turn|4\n|inactive|econox99 has 120 seconds left.\n|\n|t:|1732988194\n|move|p2a: Lokix|Leech Life|p1a: Passimian\n|-resisted|p1a: Passimian\n|-damage|p1a: Passimian|65/302\n|-heal|p2a: Lokix|194/251|[from] drain|[of] p1a: Passimian\n|-damage|p2a: Lokix|169/251|[from] item: Life Orb\n|move|p1a: Passimian|Rock Slide|p2a: Lokix\n|-supereffective|p2a: Lokix\n|-damage|p2a: Lokix|29/251\n|\n|upkeep\n|turn|5\n|\n|t:|1732988201\n|move|p2a: Lokix|Leech Life|p1a: Passimian\n|-resisted|p1a: Passimian\n|-damage|p1a: Passimian|0 fnt\n|-heal|p2a: Lokix|62/251|[from] drain|[of] p1a: Passimian\n|faint|p1a: Passimian\n|-damage|p2a: Lokix|37/251|[from] item: Life Orb\n|\n|upkeep\n|\n|t:|1732988210\n|switch|p1a: Minun|Minun, L95, M|268/268\n|turn|6\n|\n|t:|1732988233\n|move|p1a: Minun|Thunderbolt|p2a: Lokix\n|-damage|p2a: Lokix|0 fnt\n|faint|p2a: Lokix\n|-damage|p1a: Minun|242/268|[from] item: Life Orb\n|\n|upkeep\n|\n|t:|1732988244\n|switch|p2a: Sylveon|Sylveon, L85, M|300/300\n|turn|7\n|\n|t:|1732988257\n|switch|p1a: Blissey|Blissey, L84, F, tera:Ghost|566/566\n|move|p2a: Sylveon|Hyper Voice|p1a: Blissey\n|-damage|p1a: Blissey|475/566\n|\n|-heal|p1a: Blissey|510/566|[from] item: Leftovers\n|upkeep\n|turn|8\n|inactive|Sealed Book has 120 seconds left.\n|\n|t:|1732988296\n|switch|p2a: Slaking|Slaking, L84, M|389/389 par\n|move|p1a: Blissey|Seismic Toss|p2a: Slaking\n|-damage|p2a: Slaking|305/389 par\n|\n|-heal|p1a: Blissey|545/566|[from] item: Leftovers\n|upkeep\n|turn|9\n|inactive|econox99 has 120 seconds left.\n|\n|t:|1732988343\n|switch|p1a: Crawdaunt|Crawdaunt, L84, M|243/243\n|move|p2a: Slaking|Knock Off|p1a: Crawdaunt\n|-resisted|p1a: Crawdaunt\n|-damage|p1a: Crawdaunt|192/243\n|-enditem|p1a: Crawdaunt|Life Orb|[from] move: Knock Off|[of] p2a: Slaking\n|\n|upkeep\n|turn|10\n|\n|t:|1732988353\n|switch|p2a: Dipplin|Dipplin, L88, M|284/284\n|move|p1a: Crawdaunt|Dragon Dance|p1a: Crawdaunt\n|-boost|p1a: Crawdaunt|atk|1\n|-boost|p1a: Crawdaunt|spe|1\n|\n|upkeep\n|turn|11\n|\n|t:|1732988361\n|move|p1a: Crawdaunt|Knock Off|p2a: Dipplin\n|-damage|p2a: Dipplin|158/284\n|-activate|p2a: Dipplin|ability: Sticky Hold\n|move|p2a: Dipplin|Giga Drain|p1a: Crawdaunt\n|-supereffective|p1a: Crawdaunt\n|-damage|p1a: Crawdaunt|0 fnt\n|-heal|p2a: Dipplin|254/284|[from] drain|[of] p1a: Crawdaunt\n|faint|p1a: Crawdaunt\n|\n|upkeep\n|inactive|econox99 has 90 seconds left.\n|\n|t:|1732988383\n|switch|p1a: Persian|Persian, L92, M|269/269\n|turn|12\n|\n|t:|1732988401\n|switch|p2a: Mandibuzz|Mandibuzz, L85, F|326/326\n|move|p1a: Persian|Gunk Shot|p2a: Mandibuzz\n|-damage|p2a: Mandibuzz|232/326\n|\n|upkeep\n|turn|13\n|\n|t:|1732988411\n|move|p1a: Persian|Gunk Shot|p2a: Mandibuzz\n|-damage|p2a: Mandibuzz|129/326\n|move|p2a: Mandibuzz|Roost|p2a: Mandibuzz\n|-heal|p2a: Mandibuzz|292/326\n|-singleturn|p2a: Mandibuzz|move: Roost\n|\n|upkeep\n|turn|14\n|\n|t:|1732988420\n|move|p1a: Persian|Gunk Shot|p2a: Mandibuzz\n|-damage|p2a: Mandibuzz|191/326\n|-status|p2a: Mandibuzz|psn\n|move|p2a: Mandibuzz|Toxic|p1a: Persian\n|-status|p1a: Persian|tox\n|\n|-damage|p1a: Persian|253/269 tox|[from] psn\n|-damage|p2a: Mandibuzz|151/326 psn|[from] psn\n|upkeep\n|turn|15\n|\n|t:|1732988437\n|switch|p1a: Minun|Minun, L95, M|242/268\n|move|p2a: Mandibuzz|Roost|p2a: Mandibuzz\n|-heal|p2a: Mandibuzz|314/326 psn\n|-singleturn|p2a: Mandibuzz|move: Roost\n|\n|-damage|p2a: Mandibuzz|274/326 psn|[from] psn\n|upkeep\n|turn|16\n|\n|t:|1732988442\n|switch|p2a: Sylveon|Sylveon, L85, M|300/300\n|move|p1a: Minun|Thunderbolt|p2a: Sylveon\n|-damage|p2a: Sylveon|201/300\n|-damage|p1a: Minun|216/268|[from] item: Life Orb\n|\n|-heal|p2a: Sylveon|219/300|[from] item: Leftovers\n|upkeep\n|turn|17\n|inactive|econox99 has 120 seconds left.\n|\n|t:|1732988451\n|move|p1a: Minun|Nasty Plot|p1a: Minun\n|-boost|p1a: Minun|spa|2\n|move|p2a: Sylveon|Hyper Voice|p1a: Minun\n|-damage|p1a: Minun|90/268\n|\n|-heal|p2a: Sylveon|237/300|[from] item: Leftovers\n|upkeep\n|turn|18\n|\n|t:|1732988457\n|move|p1a: Minun|Thunderbolt|p2a: Sylveon\n|-damage|p2a: Sylveon|58/300\n|-damage|p1a: Minun|64/268|[from] item: Life Orb\n|move|p2a: Sylveon|Hyper Voice|p1a: Minun\n|-damage|p1a: Minun|0 fnt\n|faint|p1a: Minun\n|\n|-heal|p2a: Sylveon|76/300|[from] item: Leftovers\n|upkeep\n|inactive|econox99 has 120 seconds left.\n|\n|t:|1732988467\n|switch|p1a: Persian|Persian, L92, M|253/269 tox\n|turn|19\n|\n|t:|1732988479\n|move|p2a: Sylveon|Protect|p2a: Sylveon\n|-singleturn|p2a: Sylveon|Protect\n|move|p1a: Persian|Double-Edge|p2a: Sylveon\n|-activate|p2a: Sylveon|move: Protect\n|\n|-heal|p2a: Sylveon|94/300|[from] item: Leftovers\n|-damage|p1a: Persian|237/269 tox|[from] psn\n|upkeep\n|turn|20\n|inactive|econox99 has 120 seconds left.\n|\n|t:|1732988506\n|switch|p2a: Slowbro|Slowbro, L85, F|300/300\n|move|p1a: Persian|Double-Edge|p2a: Slowbro\n|-damage|p2a: Slowbro|164/300\n|-damage|p1a: Persian|192/269 tox|[from] Recoil\n|\n|-heal|p2a: Slowbro|182/300|[from] item: Leftovers\n|-damage|p1a: Persian|160/269 tox|[from] psn\n|upkeep\n|turn|21\n|inactive|econox99 has 120 seconds left.\n|\n|t:|1732988515\n|switch|p1a: Blissey|Blissey, L84, F, tera:Ghost|545/566\n|move|p2a: Slowbro|Slack Off|p2a: Slowbro\n|-heal|p2a: Slowbro|300/300\n|\n|-heal|p1a: Blissey|566/566|[from] item: Leftovers\n|upkeep\n|turn|22\n|\n|t:|1732988523\n|switch|p2a: Mandibuzz|Mandibuzz, L85, F|274/326 psn\n|move|p1a: Blissey|Seismic Toss|p2a: Mandibuzz\n|-damage|p2a: Mandibuzz|190/326 psn\n|\n|-damage|p2a: Mandibuzz|150/326 psn|[from] psn\n|upkeep\n|turn|23\n|\n|t:|1732988533\n|switch|p1a: Persian|Persian, L92, M|160/269 tox\n|move|p2a: Mandibuzz|Roost|p2a: Mandibuzz\n|-heal|p2a: Mandibuzz|313/326 psn\n|-singleturn|p2a: Mandibuzz|move: Roost\n|\n|-damage|p1a: Persian|144/269 tox|[from] psn\n|-damage|p2a: Mandibuzz|273/326 psn|[from] psn\n|upkeep\n|turn|24\n|\n|t:|1732988541\n|move|p1a: Persian|Knock Off|p2a: Mandibuzz\n|-resisted|p2a: Mandibuzz\n|-damage|p2a: Mandibuzz|230/326 psn\n|-enditem|p2a: Mandibuzz|Heavy-Duty Boots|[from] move: Knock Off|[of] p1a: Persian\n|move|p2a: Mandibuzz|Foul Play|p1a: Persian\n|-damage|p1a: Persian|41/269 tox\n|\n|-damage|p1a: Persian|9/269 tox|[from] psn\n|-damage|p2a: Mandibuzz|190/326 psn|[from] psn\n|upkeep\n|turn|25\n|\n|t:|1732988549\n|move|p1a: Persian|Knock Off|p2a: Mandibuzz\n|-resisted|p2a: Mandibuzz\n|-damage|p2a: Mandibuzz|161/326 psn\n|move|p2a: Mandibuzz|Roost|p2a: Mandibuzz\n|-heal|p2a: Mandibuzz|324/326 psn\n|-singleturn|p2a: Mandibuzz|move: Roost\n|\n|-damage|p1a: Persian|0 fnt|[from] psn\n|faint|p1a: Persian\n|-damage|p2a: Mandibuzz|284/326 psn|[from] psn\n|upkeep\n|\n|t:|1732988551\n|switch|p1a: Floatzel|Floatzel, L85, M|283/283\n|turn|26\n|\n|t:|1732988558\n|move|p1a: Floatzel|Bulk Up|p1a: Floatzel\n|-boost|p1a: Floatzel|atk|1\n|-boost|p1a: Floatzel|def|1\n|move|p2a: Mandibuzz|Foul Play|p1a: Floatzel\n|-damage|p1a: Floatzel|123/283\n|\n|-heal|p1a: Floatzel|140/283|[from] item: Leftovers\n|-damage|p2a: Mandibuzz|244/326 psn|[from] psn\n|upkeep\n|turn|27\n|\n|t:|1732988567\n|move|p1a: Floatzel|Ice Spinner|p2a: Mandibuzz\n|-supereffective|p2a: Mandibuzz\n|-damage|p2a: Mandibuzz|84/326 psn\n|move|p2a: Mandibuzz|Foul Play|p1a: Floatzel\n|-crit|p1a: Floatzel\n|-damage|p1a: Floatzel|0 fnt\n|faint|p1a: Floatzel\n|\n|-damage|p2a: Mandibuzz|44/326 psn|[from] psn\n|upkeep\n|-message|econox99 forfeited.\n|\n|win|Sealed Book\n|raw|econox99's rating: 1384 &rarr; <strong>1363</strong><br />(-21 for losing)\n|raw|Sealed Book's rating: 1375 &rarr; <strong>1396</strong><br />(+21 for winning)\n|l|\u2606econox99\n|player|p1|\n|c|\u2606Sealed Book|19 wins - 3 loses\n|l|\u2606Sealed Book\n|player|p2|\n|j|\u2606Sealed Book\n|player|p2|Sealed Book|lisia|\n", "inputlog": ">version b107d77f5c90bd6555267ae244a6264823309ead\n>start {\"formatid\":\"gen9randombattle\",\"seed\":[24562,48061,9124,27580],\"rated\":\"Rated battle\"}\n>player p1 {\"name\":\"econox99\",\"avatar\":\"2\",\"rating\":1384,\"seed\":[39500,58469,31231,63726]}\n>player p2 {\"name\":\"Sealed Book\",\"avatar\":\"lisia\",\"rating\":1375,\"seed\":[32791,29056,18801,25730]}\n>p1 move thunderwave terastallize\n>p2 move doubleedge\n>p1 move seismictoss\n>p2 switch 6\n>chat \u2606Sealed Book|what a waste of a tera\n>p1 switch 3\n>p2 move knockoff\n>p1 move rockslide\n>p2 move leechlife\n>p1 move knockoff\n>p2 move leechlife\n>p1 switch 5\n>p1 move thunderbolt\n>p2 move leechlife\n>p2 switch 3\n>p1 switch 3\n>p2 move hypervoice\n>p1 move seismictoss\n>p2 switch 6\n>p1 switch 2\n>p2 move knockoff\n>p1 move dragondance\n>p2 switch 5\n>p1 move knockoff\n>p2 move gigadrain\n>p1 switch 4\n>p1 move gunkshot\n>p2 switch 4\n>p1 move gunkshot\n>p2 move roost\n>p1 move gunkshot\n>p2 move toxic\n>p1 switch 3\n>p2 move roost\n>p1 move thunderbolt\n>p2 switch 6\n>p1 move nastyplot\n>p2 move hypervoice\n>p1 move thunderbolt\n>p2 move hypervoice\n>p1 switch 3\n>p1 move doubleedge\n>p2 move protect\n>p1 move doubleedge\n>p2 switch 2\n>p1 switch 2\n>p2 move slackoff\n>p1 move seismictoss\n>p2 switch 6\n>p1 switch 2\n>p2 move roost\n>p1 move knockoff\n>p2 move foulplay\n>p1 move knockoff\n>p2 move roost\n>p1 switch 6\n>p1 move bulkup\n>p2 move foulplay\n>p1 move icespinner\n>p2 move foulplay\n>forcelose p1", "uploadtime": 1732988598, "views": 1, "formatid": "gen9randombattle", "rating": 1363, "private": 0, "password": null}