{"id": "gen9randombattle-2254108690", "format": "[Gen 9] Random Battle", "players": ["Plastificadora", "panxitoklk"], "log": "|j|\u2606Plastificadora\n|j|\u2606panxitoklk\n|t:|1732992287\n|gametype|singles\n|player|p1|Plastificadora|dancer|\n|player|p2|panxitoklk|170|\n|teamsize|p1|6\n|teamsize|p2|6\n|gen|9\n|tier|[Gen 9] Random Battle\n|rule|Species Clause: Limit one of each Pok\u00e9mon\n|rule|HP Percentage Mod: HP is shown in percentages\n|rule|Sleep Clause Mod: Limit one foe put to sleep\n|rule|Illusion Level Mod: Illusion disguises the Pok\u00e9mon's true level\n|\n|t:|1732992287\n|start\n|switch|p1a: Lilligant|Lilligant-Hisui, L79, F|240/240\n|switch|p2a: Eternatus|Eternatus, L69|308/308\n|-ability|p2a: Eternatus|Pressure\n|turn|1\n|\n|t:|1732992335\n|-terastallize|p1a: Lilligant|Steel\n|move|p2a: Eternatus|Sludge Bomb|p1a: Lilligant\n|-immune|p1a: Lilligant\n|move|p1a: Lilligant|Sleep Powder|p2a: Eternatus\n|-status|p2a: Eternatus|slp|[from] move: Sleep Powder\n|\n|upkeep\n|turn|2\n|\n|t:|1732992373\n|switch|p2a: Iron Valiant|Iron Valiant, L78|244/244\n|move|p1a: Lilligant|Victory Dance|p1a: Lilligant\n|-boost|p1a: Lilligant|atk|1\n|-boost|p1a: Lilligant|def|1\n|-boost|p1a: Lilligant|spe|1\n|\n|upkeep\n|turn|3\n|\n|t:|1732992389\n|move|p1a: Lilligant|Sleep Powder|p2a: Iron Valiant|[miss]\n|-miss|p1a: Lilligant|p2a: Iron Valiant\n|move|p2a: Iron Valiant|Close Combat|p1a: Lilligant\n|-supereffective|p1a: Lilligant\n|-damage|p1a: Lilligant|0 fnt\n|-unboost|p2a: Iron Valiant|def|1\n|-unboost|p2a: Iron Valiant|spd|1\n|faint|p1a: Lilligant\n|-damage|p2a: Iron Valiant|220/244|[from] item: Life Orb\n|\n|upkeep\n|\n|t:|1732992407\n|switch|p1a: Metagross|Metagross, L79|256/256\n|turn|4\n|\n|t:|1732992437\n|move|p2a: Iron Valiant|Knock Off|p1a: Metagross\n|-supereffective|p1a: Metagross\n|-damage|p1a: Metagross|95/256\n|-enditem|p1a: Metagross|Weakness Policy\n|-boost|p1a: Metagross|atk|2|[from] item: Weakness Policy\n|-boost|p1a: Metagross|spa|2|[from] item: Weakness Policy\n|-damage|p2a: Iron Valiant|196/244|[from] item: Life Orb\n|move|p1a: Metagross|Heavy Slam|p2a: Iron Valiant\n|-supereffective|p2a: Iron Valiant\n|-damage|p2a: Iron Valiant|0 fnt\n|faint|p2a: Iron Valiant\n|-end|p2a: Iron Valiant|Quark Drive|[silent]\n|\n|upkeep\n|\n|t:|1732992452\n|switch|p2a: Dragapult|Dragapult, L77, F|262/262\n|turn|5\n|\n|t:|1732992458\n|move|p2a: Dragapult|Fire Blast|p1a: Metagross\n|-supereffective|p1a: Metagross\n|-damage|p1a: Metagross|0 fnt\n|faint|p1a: Metagross\n|\n|upkeep\n|\n|t:|1732992467\n|switch|p1a: Baxcalibur|Baxcalibur, L75, M|296/296\n|turn|6\n|\n|t:|1732992477\n|-terastallize|p2a: Dragapult|Fire\n|move|p2a: Dragapult|Fire Blast|p1a: Baxcalibur\n|-damage|p1a: Baxcalibur|136/296\n|-ability|p1a: Baxcalibur|Thermal Exchange|boost\n|-boost|p1a: Baxcalibur|atk|1\n|move|p1a: Baxcalibur|Glaive Rush|p2a: Dragapult\n|-damage|p2a: Dragapult|0 fnt\n|-singlemove|p1a: Baxcalibur|Glaive Rush|[silent]\n|faint|p2a: Dragapult\n|\n|upkeep\n|\n|t:|1732992511\n|switch|p2a: Mismagius|Mismagius, L86, F|243/243\n|turn|7\n|\n|t:|1732992535\n|move|p2a: Mismagius|Substitute|p2a: Mismagius\n|-start|p2a: Mismagius|Substitute\n|-damage|p2a: Mismagius|183/243\n|move|p1a: Baxcalibur|Glaive Rush|p2a: Mismagius\n|-end|p2a: Mismagius|Substitute\n|-singlemove|p1a: Baxcalibur|Glaive Rush|[silent]\n|\n|-heal|p2a: Mismagius|198/243|[from] item: Leftovers\n|upkeep\n|turn|8\n|\n|t:|1732992558\n|move|p2a: Mismagius|Shadow Ball|p1a: Baxcalibur\n|-damage|p1a: Baxcalibur|0 fnt\n|faint|p1a: Baxcalibur\n|\n|-heal|p2a: Mismagius|213/243|[from] item: Leftovers\n|upkeep\n|\n|t:|1732992578\n|switch|p1a: Kyogre|Kyogre, L71|259/259\n|-weather|RainDance|[from] ability: Drizzle|[of] p1a: Kyogre\n|turn|9\n|\n|t:|1732992603\n|move|p1a: Kyogre|Ice Beam|p2a: Mismagius\n|-crit|p2a: Mismagius\n|-damage|p2a: Mismagius|133/243\n|move|p2a: Mismagius|Nasty Plot|p2a: Mismagius\n|-boost|p2a: Mismagius|spa|2\n|\n|-weather|RainDance|[upkeep]\n|-heal|p2a: Mismagius|148/243|[from] item: Leftovers\n|upkeep\n|turn|10\n|\n|t:|1732992614\n|switch|p1a: Muk|Muk, L86, M|321/321\n|move|p2a: Mismagius|Substitute|p2a: Mismagius\n|-start|p2a: Mismagius|Substitute\n|-damage|p2a: Mismagius|88/243\n|\n|-weather|RainDance|[upkeep]\n|-heal|p2a: Mismagius|103/243|[from] item: Leftovers\n|upkeep\n|turn|11\n|\n|t:|1732992626\n|move|p1a: Muk|Shadow Sneak|p2a: Mismagius\n|-supereffective|p2a: Mismagius\n|-end|p2a: Mismagius|Substitute\n|move|p2a: Mismagius|Shadow Ball|p1a: Muk\n|-damage|p1a: Muk|212/321\n|\n|-weather|RainDance|[upkeep]\n|-heal|p2a: Mismagius|118/243|[from] item: Leftovers\n|upkeep\n|turn|12\n|\n|t:|1732992662\n|move|p1a: Muk|Shadow Sneak|p2a: Mismagius\n|-supereffective|p2a: Mismagius\n|-damage|p2a: Mismagius|30/243\n|move|p2a: Mismagius|Shadow Ball|p1a: Muk\n|-damage|p1a: Muk|106/321\n|\n|-weather|RainDance|[upkeep]\n|-heal|p2a: Mismagius|45/243|[from] item: Leftovers\n|upkeep\n|turn|13\n|\n|t:|1732992672\n|move|p1a: Muk|Shadow Sneak|p2a: Mismagius\n|-supereffective|p2a: Mismagius\n|-damage|p2a: Mismagius|0 fnt\n|faint|p2a: Mismagius\n|\n|-weather|none\n|upkeep\n|\n|t:|1732992677\n|switch|p2a: Glaceon|Glaceon, L94, M|275/275\n|turn|14\n|\n|t:|1732992693\n|move|p1a: Muk|Shadow Sneak|p2a: Glaceon\n|-damage|p2a: Glaceon|251/275\n|move|p2a: Glaceon|Mud Shot|p1a: Muk\n|-supereffective|p1a: Muk\n|-damage|p1a: Muk|34/321\n|-unboost|p1a: Muk|spe|1\n|\n|upkeep\n|turn|15\n|\n|t:|1732992711\n|move|p1a: Muk|Shadow Sneak|p2a: Glaceon\n|-damage|p2a: Glaceon|228/275\n|move|p2a: Glaceon|Mud Shot|p1a: Muk|[miss]\n|-miss|p2a: Glaceon|p1a: Muk\n|\n|upkeep\n|turn|16\n|\n|t:|1732992719\n|move|p1a: Muk|Shadow Sneak|p2a: Glaceon\n|-damage|p2a: Glaceon|204/275\n|move|p2a: Glaceon|Mud Shot|p1a: Muk\n|-supereffective|p1a: Muk\n|-damage|p1a: Muk|0 fnt\n|faint|p1a: Muk\n|\n|upkeep\n|\n|t:|1732992727\n|switch|p1a: Vigoroth|Vigoroth, L85, F|275/275\n|turn|17\n|\n|t:|1732992731\n|move|p1a: Vigoroth|Body Slam|p2a: Glaceon\n|-damage|p2a: Glaceon|137/275\n|move|p2a: Glaceon|Wish|p2a: Glaceon\n|\n|upkeep\n|turn|18\n|\n|t:|1732992744\n|move|p2a: Glaceon|Protect|p2a: Glaceon\n|-singleturn|p2a: Glaceon|Protect\n|move|p1a: Vigoroth|Bulk Up|p1a: Vigoroth\n|-boost|p1a: Vigoroth|atk|1\n|-boost|p1a: Vigoroth|def|1\n|\n|-heal|p2a: Glaceon|274/275|[from] move: Wish|[wisher] Glaceon\n|upkeep\n|turn|19\n|\n|t:|1732992756\n|move|p1a: Vigoroth|Body Slam|p2a: Glaceon\n|-damage|p2a: Glaceon|181/275\n|-status|p2a: Glaceon|par\n|cant|p2a: Glaceon|par\n|\n|upkeep\n|turn|20\n|\n|t:|1732992764\n|move|p1a: Vigoroth|Bulk Up|p1a: Vigoroth\n|-boost|p1a: Vigoroth|atk|1\n|-boost|p1a: Vigoroth|def|1\n|cant|p2a: Glaceon|par\n|\n|upkeep\n|turn|21\n|\n|t:|1732992773\n|move|p1a: Vigoroth|Body Slam|p2a: Glaceon\n|-damage|p2a: Glaceon|54/275 par\n|move|p2a: Glaceon|Freeze-Dry|p1a: Vigoroth\n|-damage|p1a: Vigoroth|170/275\n|\n|upkeep\n|turn|22\n|\n|t:|1732992783\n|move|p1a: Vigoroth|Body Slam|p2a: Glaceon\n|-damage|p2a: Glaceon|0 fnt\n|faint|p2a: Glaceon\n|\n|upkeep\n|\n|t:|1732992791\n|switch|p2a: Eternatus|Eternatus, L69|308/308 slp\n|-ability|p2a: Eternatus|Pressure\n|turn|23\n|\n|t:|1732992811\n|cant|p2a: Eternatus|slp\n|move|p1a: Vigoroth|Slack Off|p1a: Vigoroth\n|-heal|p1a: Vigoroth|275/275\n|\n|upkeep\n|turn|24\n|\n|t:|1732992816\n|cant|p2a: Eternatus|slp\n|move|p1a: Vigoroth|Earthquake|p2a: Eternatus\n|-supereffective|p2a: Eternatus\n|-damage|p2a: Eternatus|24/308 slp\n|\n|-heal|p2a: Eternatus|43/308 slp|[from] item: Leftovers\n|upkeep\n|turn|25\n|\n|t:|1732992829\n|-curestatus|p2a: Eternatus|slp|[msg]\n|move|p2a: Eternatus|Recover|p2a: Eternatus\n|-heal|p2a: Eternatus|197/308\n|move|p1a: Vigoroth|Earthquake|p2a: Eternatus\n|-supereffective|p2a: Eternatus\n|-damage|p2a: Eternatus|0 fnt\n|faint|p2a: Eternatus\n|\n|upkeep\n|\n|t:|1732992837\n|switch|p2a: Morpeko|Morpeko, L88, M|245/245\n|turn|26\n|\n|t:|1732992855\n|move|p2a: Morpeko|Aura Wheel|p1a: Vigoroth\n|-damage|p1a: Vigoroth|232/275\n|-boost|p2a: Morpeko|spe|1\n|move|p1a: Vigoroth|Earthquake|p2a: Morpeko\n|-supereffective|p2a: Morpeko\n|-damage|p2a: Morpeko|0 fnt\n|faint|p2a: Morpeko\n|\n|win|Plastificadora\n", "inputlog": ">version b107d77f5c90bd6555267ae244a6264823309ead\n>start {\"formatid\":\"gen9randombattle\",\"seed\":[159,49094,37052,64344]}\n>player p1 {\"name\":\"Plastificadora\",\"avatar\":\"dancer\",\"rating\":0,\"seed\":[16767,41269,33381,13405]}\n>player p2 {\"name\":\"panxitoklk\",\"avatar\":\"170\",\"rating\":0,\"seed\":[65064,33708,59710,61876]}\n>p1 move sleeppowder terastallize\n>p2 move sludgebomb\n>p1 move victorydance\n>p2 switch 3\n>p1 move sleeppowder\n>p2 move closecombat\n>p1 switch 4\n>p1 move heavyslam\n>p2 move knockoff\n>p2 switch 4\n>p1 move heavyslam\n>p2 move fireblast\n>p1 switch 6\n>p1 move glaiverush\n>p2 move fireblast terastallize\n>p2 switch 6\n>p1 move glaiverush\n>p2 move substitute\n>p1 move glaiverush\n>p2 move shadowball\n>p1 switch 5\n>p1 move icebeam\n>p2 move nastyplot\n>p1 switch 3\n>p2 move substitute\n>p1 move shadowsneak\n>p2 move shadowball\n>p1 move shadowsneak\n>p2 move shadowball\n>p1 move shadowsneak\n>p2 move shadowball\n>p2 switch 5\n>p1 move shadowsneak\n>p2 move mudshot\n>p1 move shadowsneak\n>p2 move mudshot\n>p1 move shadowsneak\n>p2 move mudshot\n>p1 switch 2\n>p1 move bodyslam\n>p2 move wish\n>p1 move bulkup\n>p2 move protect\n>p1 move bodyslam\n>p2 move freezedry\n>p1 move bulkup\n>p2 move wish\n>p1 move bodyslam\n>p2 move freezedry\n>p1 move bodyslam\n>p2 move freezedry\n>p2 switch 3\n>p1 move slackoff\n>p2 move dynamaxcannon\n>p1 move earthquake\n>p2 move dynamaxcannon\n>p1 move earthquake\n>p2 move recover\n>p2 switch 2\n>p1 move earthquake\n>p2 move aurawheel", "uploadtime": 1732992862, "views": 1, "formatid": "gen9randombattle", "rating": null, "private": 0, "password": null}