{"id": "gen9randombattle-2254127355", "format": "[Gen 9] Random Battle", "players": ["khjio", "Lady Two"], "log": "|j|\u2606khjio\n|j|\u2606Lady Two\n|t:|1732994576\n|gametype|singles\n|player|p1|khjio|2|1694\n|player|p2|Lady Two|swimmerf-gen4dp|1681\n|teamsize|p1|6\n|teamsize|p2|6\n|gen|9\n|tier|[Gen 9] Random Battle\n|rated|\n|rule|Species Clause: Limit one of each Pok\u00e9mon\n|rule|HP Percentage Mod: HP is shown in percentages\n|rule|Sleep Clause Mod: Limit one foe put to sleep\n|rule|Illusion Level Mod: Illusion disguises the Pok\u00e9mon's true level\n|\n|t:|1732994576\n|start\n|switch|p1a: Groudon|Groudon, L72|263/263\n|switch|p2a: Gastrodon|Gastrodon, L86, M|331/331\n|-weather|SunnyDay|[from] ability: Drought|[of] p1a: Groudon\n|turn|1\n|inactive|Battle timer is ON: inactive players will automatically lose when time's up. (requested by khjio)\n|\n|t:|1732994592\n|switch|p1a: Farigiraf|Farigiraf, L91, F|366/366\n|move|p2a: Gastrodon|Surf|p1a: Farigiraf\n|-damage|p1a: Farigiraf|317/366\n|\n|-weather|SunnyDay|[upkeep]\n|-heal|p1a: Farigiraf|339/366|[from] item: Leftovers\n|upkeep\n|turn|2\n|\n|t:|1732994599\n|move|p1a: Farigiraf|Future Sight|p2a: Gastrodon\n|-start|p1a: Farigiraf|move: Future Sight\n|move|p2a: Gastrodon|Sludge Bomb|p1a: Farigiraf\n|-damage|p1a: Farigiraf|270/366\n|\n|-weather|SunnyDay|[upkeep]\n|-heal|p1a: Farigiraf|292/366|[from] item: Leftovers\n|upkeep\n|turn|3\n|\n|t:|1732994608\n|switch|p2a: Grimmsnarl|Grimmsnarl, L83, M|293/293\n|move|p1a: Farigiraf|Wish|p1a: Farigiraf\n|\n|-weather|SunnyDay|[upkeep]\n|-heal|p1a: Farigiraf|314/366|[from] item: Leftovers\n|upkeep\n|turn|4\n|\n|t:|1732994613\n|switch|p1a: Groudon|Groudon, L72|263/263\n|move|p2a: Grimmsnarl|Light Screen|p2a: Grimmsnarl\n|-sidestart|p2: Lady Two|move: Light Screen\n|\n|-weather|SunnyDay|[upkeep]\n|-end|p2a: Grimmsnarl|move: Future Sight\n|-immune|p2a: Grimmsnarl\n|upkeep\n|turn|5\n|\n|t:|1732994625\n|move|p2a: Grimmsnarl|Reflect|p2a: Grimmsnarl\n|-sidestart|p2: Lady Two|Reflect\n|move|p1a: Groudon|Swords Dance|p1a: Groudon\n|-boost|p1a: Groudon|atk|2\n|\n|-weather|none\n|upkeep\n|turn|6\n|\n|t:|1732994630\n|move|p2a: Grimmsnarl|Parting Shot|p1a: Groudon\n|-unboost|p1a: Groudon|atk|1\n|-unboost|p1a: Groudon|spa|1\n|\n|t:|1732994632\n|switch|p2a: Tatsugiri|Tatsugiri-Droopy, L87, M|260/260|[from] Parting Shot\n|move|p1a: Groudon|Precipice Blades|p2a: Tatsugiri\n|-damage|p2a: Tatsugiri|128/260\n|\n|upkeep\n|turn|7\n|\n|t:|1732994639\n|switch|p1a: Toxapex|Toxapex, L82, F|216/216\n|move|p2a: Tatsugiri|Surf|p1a: Toxapex\n|-resisted|p1a: Toxapex\n|-damage|p1a: Toxapex|175/216\n|\n|upkeep\n|turn|8\n|\n|t:|1732994644\n|move|p2a: Tatsugiri|Nasty Plot|p2a: Tatsugiri\n|-boost|p2a: Tatsugiri|spa|2\n|move|p1a: Toxapex|Haze|p1a: Toxapex\n|-clearallboost\n|\n|upkeep\n|turn|9\n|\n|t:|1732994647\n|move|p2a: Tatsugiri|Nasty Plot|p2a: Tatsugiri\n|-boost|p2a: Tatsugiri|spa|2\n|move|p1a: Toxapex|Haze|p1a: Toxapex\n|-clearallboost\n|\n|upkeep\n|turn|10\n|\n|t:|1732994662\n|move|p2a: Tatsugiri|Nasty Plot|p2a: Tatsugiri\n|-boost|p2a: Tatsugiri|spa|2\n|move|p1a: Toxapex|Haze|p1a: Toxapex\n|-clearallboost\n|\n|upkeep\n|turn|11\n|\n|t:|1732994666\n|move|p2a: Tatsugiri|Nasty Plot|p2a: Tatsugiri\n|-boost|p2a: Tatsugiri|spa|2\n|move|p1a: Toxapex|Haze|p1a: Toxapex\n|-clearallboost\n|\n|-sideend|p2: Lady Two|move: Light Screen\n|upkeep\n|turn|12\n|\n|t:|1732994668\n|switch|p1a: Hitmonlee|Hitmonlee, L85, M|223/223\n|move|p2a: Tatsugiri|Draco Meteor|p1a: Hitmonlee\n|-damage|p1a: Hitmonlee|67/223\n|-unboost|p2a: Tatsugiri|spa|2\n|\n|-sideend|p2: Lady Two|Reflect\n|upkeep\n|turn|13\n|\n|t:|1732994675\n|switch|p2a: Gastrodon|Gastrodon, L86, M|331/331\n|move|p1a: Hitmonlee|High Jump Kick|p2a: Gastrodon\n|-crit|p2a: Gastrodon\n|-damage|p2a: Gastrodon|0 fnt\n|faint|p2a: Gastrodon\n|\n|upkeep\n|\n|t:|1732994686\n|switch|p2a: Grafaiai|Grafaiai, L86, M|249/249\n|turn|14\n|\n|t:|1732994690\n|switch|p1a: Toxapex|Toxapex, L82, F|216/216\n|move|p2a: Grafaiai|Gunk Shot|p1a: Toxapex\n|-resisted|p1a: Toxapex\n|-damage|p1a: Toxapex|176/216\n|\n|upkeep\n|turn|15\n|\n|t:|1732994693\n|switch|p2a: Tatsugiri|Tatsugiri-Droopy, L87, M|128/260\n|move|p1a: Toxapex|Haze|p1a: Toxapex\n|-clearallboost\n|\n|upkeep\n|turn|16\n|\n|t:|1732994713\n|move|p2a: Tatsugiri|Nasty Plot|p2a: Tatsugiri\n|-boost|p2a: Tatsugiri|spa|2\n|move|p1a: Toxapex|Haze|p1a: Toxapex\n|-clearallboost\n|\n|upkeep\n|turn|17\n|\n|t:|1732994715\n|move|p2a: Tatsugiri|Draco Meteor|p1a: Toxapex|[miss]\n|-miss|p2a: Tatsugiri|p1a: Toxapex\n|move|p1a: Toxapex|Haze|p1a: Toxapex\n|-clearallboost\n|\n|upkeep\n|turn|18\n|\n|t:|1732994719\n|move|p2a: Tatsugiri|Nasty Plot|p2a: Tatsugiri\n|-boost|p2a: Tatsugiri|spa|2\n|move|p1a: Toxapex|Haze|p1a: Toxapex\n|-clearallboost\n|\n|upkeep\n|turn|19\n|\n|t:|1732994721\n|move|p2a: Tatsugiri|Draco Meteor|p1a: Toxapex\n|-damage|p1a: Toxapex|56/216\n|-unboost|p2a: Tatsugiri|spa|2\n|move|p1a: Toxapex|Haze|p1a: Toxapex\n|-clearallboost\n|\n|upkeep\n|turn|20\n|\n|t:|1732994726\n|switch|p1a: Farigiraf|Farigiraf, L91, F|314/366\n|move|p2a: Tatsugiri|Nasty Plot|p2a: Tatsugiri\n|-boost|p2a: Tatsugiri|spa|2\n|\n|-heal|p1a: Farigiraf|336/366|[from] item: Leftovers\n|upkeep\n|turn|21\n|\n|t:|1732994739\n|move|p2a: Tatsugiri|Draco Meteor|p1a: Farigiraf\n|-damage|p1a: Farigiraf|0 fnt\n|-unboost|p2a: Tatsugiri|spa|2\n|faint|p1a: Farigiraf\n|\n|upkeep\n|\n|t:|1732994741\n|switch|p1a: Hitmonlee|Hitmonlee, L85, M|67/223\n|turn|22\n|\n|t:|1732994745\n|switch|p2a: Grafaiai|Grafaiai, L86, M|249/249\n|move|p1a: Hitmonlee|High Jump Kick|p2a: Grafaiai\n|-damage|p2a: Grafaiai|0 fnt\n|faint|p2a: Grafaiai\n|\n|upkeep\n|\n|t:|1732994759\n|switch|p2a: Grimmsnarl|Grimmsnarl, L83, M|293/293\n|turn|23\n|\n|t:|1732994762\n|move|p1a: Hitmonlee|High Jump Kick|p2a: Grimmsnarl\n|-damage|p2a: Grimmsnarl|0 fnt\n|faint|p2a: Grimmsnarl\n|\n|upkeep\n|c|\u2606khjio|gg\n|\n|t:|1732994767\n|switch|p2a: Hydrapple|Hydrapple, L83, F|312/312\n|turn|24\n|\n|t:|1732994777\n|switch|p1a: Toxapex|Toxapex, L82, F|128/216\n|move|p2a: Hydrapple|Giga Drain|p1a: Toxapex\n|-damage|p1a: Toxapex|61/216\n|\n|upkeep\n|turn|25\n|\n|t:|1732994780\n|move|p2a: Hydrapple|Fickle Beam|p1a: Toxapex\n|-damage|p1a: Toxapex|0 fnt\n|faint|p1a: Toxapex\n|\n|upkeep\n|\n|t:|1732994792\n|switch|p1a: Oricorio|Oricorio, L84, M|263/263\n|turn|26\n|\n|t:|1732994797\n|move|p1a: Oricorio|Quiver Dance|p1a: Oricorio\n|-boost|p1a: Oricorio|spa|1\n|-boost|p1a: Oricorio|spd|1\n|-boost|p1a: Oricorio|spe|1\n|move|p2a: Hydrapple|Dragon Tail|p1a: Oricorio\n|-damage|p1a: Oricorio|194/263\n|drag|p1a: Groudon|Groudon, L72|263/263\n|-weather|SunnyDay|[from] ability: Drought|[of] p1a: Groudon\n|\n|-weather|SunnyDay|[upkeep]\n|upkeep\n|turn|27\n|\n|t:|1732994802\n|switch|p1a: Oricorio|Oricorio, L84, M|194/263\n|move|p2a: Hydrapple|Giga Drain|p1a: Oricorio\n|-resisted|p1a: Oricorio\n|-damage|p1a: Oricorio|166/263\n|\n|-weather|SunnyDay|[upkeep]\n|upkeep\n|turn|28\n|\n|t:|1732994807\n|move|p1a: Oricorio|Revelation Dance|p2a: Hydrapple\n|-damage|p2a: Hydrapple|198/312\n|move|p2a: Hydrapple|Dragon Tail|p1a: Oricorio|[miss]\n|-miss|p2a: Hydrapple|p1a: Oricorio\n|\n|-weather|SunnyDay|[upkeep]\n|upkeep\n|turn|29\n|\n|t:|1732994811\n|move|p1a: Oricorio|Revelation Dance|p2a: Hydrapple\n|-damage|p2a: Hydrapple|86/312\n|move|p2a: Hydrapple|Dragon Tail|p1a: Oricorio\n|-damage|p1a: Oricorio|100/263\n|drag|p1a: Necrozma|Necrozma-Dusk-Mane, L69|248/248\n|\n|-weather|SunnyDay|[upkeep]\n|upkeep\n|turn|30\n|\n|t:|1732994817\n|move|p1a: Necrozma|Dragon Dance|p1a: Necrozma\n|-boost|p1a: Necrozma|atk|1\n|-boost|p1a: Necrozma|spe|1\n|move|p2a: Hydrapple|Giga Drain|p1a: Necrozma\n|-resisted|p1a: Necrozma\n|-damage|p1a: Necrozma|202/248\n|-heal|p2a: Hydrapple|109/312|[from] drain|[of] p1a: Necrozma\n|\n|-weather|none\n|upkeep\n|turn|31\n|c|\u2606khjio|you can forfeit whenever\n|\n|t:|1732994824\n|move|p1a: Necrozma|Photon Geyser|p2a: Hydrapple\n|-damage|p2a: Hydrapple|0 fnt\n|faint|p2a: Hydrapple\n|\n|upkeep\n|\n|t:|1732994827\n|switch|p2a: Arboliva|Arboliva, L91, M|290/290\n|turn|32\n|\n|t:|1732994832\n|move|p1a: Necrozma|Photon Geyser|p2a: Arboliva\n|-damage|p2a: Arboliva|155/290\n|-fieldstart|move: Grassy Terrain|[from] ability: Seed Sower|[of] p2a: Arboliva\n|move|p2a: Arboliva|Strength Sap|p1a: Necrozma\n|-unboost|p1a: Necrozma|atk|1\n|-heal|p2a: Arboliva|290/290\n|\n|-heal|p1a: Necrozma|217/248|[from] Grassy Terrain\n|upkeep\n|turn|33\n|\n|t:|1732994840\n|move|p1a: Necrozma|Dragon Dance|p1a: Necrozma\n|-boost|p1a: Necrozma|atk|1\n|-boost|p1a: Necrozma|spe|1\n|move|p2a: Arboliva|Hyper Voice|p1a: Necrozma\n|-resisted|p1a: Necrozma\n|-damage|p1a: Necrozma|153/248\n|\n|-heal|p1a: Necrozma|168/248|[from] Grassy Terrain\n|upkeep\n|turn|34\n|\n|t:|1732994843\n|move|p1a: Necrozma|Dragon Dance|p1a: Necrozma\n|-boost|p1a: Necrozma|atk|1\n|-boost|p1a: Necrozma|spe|1\n|move|p2a: Arboliva|Strength Sap|p1a: Necrozma\n|-unboost|p1a: Necrozma|atk|1\n|\n|-heal|p1a: Necrozma|183/248|[from] Grassy Terrain\n|upkeep\n|turn|35\n|\n|t:|1732994846\n|move|p1a: Necrozma|Dragon Dance|p1a: Necrozma\n|-boost|p1a: Necrozma|atk|1\n|-boost|p1a: Necrozma|spe|1\n|move|p2a: Arboliva|Strength Sap|p1a: Necrozma\n|-unboost|p1a: Necrozma|atk|1\n|\n|-heal|p1a: Necrozma|198/248|[from] Grassy Terrain\n|upkeep\n|turn|36\n|\n|t:|1732994855\n|switch|p1a: Groudon|Groudon, L72|263/263\n|-weather|SunnyDay|[from] ability: Drought|[of] p1a: Groudon\n|move|p2a: Arboliva|Earth Power|p1a: Groudon\n|-damage|p1a: Groudon|162/263\n|\n|-weather|SunnyDay|[upkeep]\n|-heal|p1a: Groudon|178/263|[from] Grassy Terrain\n|-heal|p1a: Groudon|194/263|[from] item: Leftovers\n|-fieldend|move: Grassy Terrain\n|upkeep\n|turn|37\n|\n|t:|1732994861\n|move|p1a: Groudon|Thunder Wave|p2a: Arboliva\n|-status|p2a: Arboliva|par\n|move|p2a: Arboliva|Energy Ball|p1a: Groudon\n|-supereffective|p1a: Groudon\n|-crit|p1a: Groudon\n|-damage|p1a: Groudon|0 fnt\n|faint|p1a: Groudon\n|\n|-weather|SunnyDay|[upkeep]\n|upkeep\n|\n|t:|1732994864\n|switch|p1a: Oricorio|Oricorio, L84, M|100/263\n|turn|38\n|\n|t:|1732994871\n|-terastallize|p2a: Arboliva|Ground\n|move|p1a: Oricorio|Roost|p1a: Oricorio\n|-heal|p1a: Oricorio|232/263\n|-singleturn|p1a: Oricorio|move: Roost\n|move|p2a: Arboliva|Hyper Voice|p1a: Oricorio\n|-damage|p1a: Oricorio|73/263\n|\n|-weather|SunnyDay|[upkeep]\n|upkeep\n|turn|39\n|\n|t:|1732994878\n|move|p1a: Oricorio|Quiver Dance|p1a: Oricorio\n|-boost|p1a: Oricorio|spa|1\n|-boost|p1a: Oricorio|spd|1\n|-boost|p1a: Oricorio|spe|1\n|move|p2a: Arboliva|Hyper Voice|p1a: Oricorio\n|-damage|p1a: Oricorio|0 fnt\n|faint|p1a: Oricorio\n|\n|-weather|SunnyDay|[upkeep]\n|upkeep\n|\n|t:|1732994883\n|switch|p1a: Hitmonlee|Hitmonlee, L85, M|67/223\n|turn|40\n|\n|t:|1732994886\n|-terastallize|p1a: Hitmonlee|Fighting\n|move|p1a: Hitmonlee|High Jump Kick|p2a: Arboliva\n|-damage|p2a: Arboliva|0 fnt\n|-fieldstart|move: Grassy Terrain|[from] ability: Seed Sower|[of] p2a: Arboliva\n|faint|p2a: Arboliva\n|\n|-weather|none\n|-heal|p1a: Hitmonlee|80/223|[from] Grassy Terrain\n|upkeep\n|\n|t:|1732994889\n|switch|p2a: Tatsugiri|Tatsugiri-Droopy, L87, M|128/260\n|turn|41\n|\n|t:|1732994892\n|move|p1a: Hitmonlee|High Jump Kick|p2a: Tatsugiri\n|-damage|p2a: Tatsugiri|0 fnt\n|faint|p2a: Tatsugiri\n|\n|win|khjio\n|raw|khjio's rating: 1694 &rarr; <strong>1713</strong><br />(+19 for winning)\n|raw|Lady Two's rating: 1681 &rarr; <strong>1662</strong><br />(-19 for losing)\n|c|\u2606khjio|see\n|l|\u2606Lady Two\n|player|p2|\n", "inputlog": ">version b107d77f5c90bd6555267ae244a6264823309ead\n>start {\"formatid\":\"gen9randombattle\",\"seed\":[49877,24464,5168,15555],\"rated\":\"Rated battle\"}\n>player p1 {\"name\":\"khjio\",\"avatar\":\"2\",\"rating\":1694,\"seed\":[21386,62484,64161,9800]}\n>player p2 {\"name\":\"Lady Two\",\"avatar\":\"swimmerf-gen4dp\",\"rating\":1681,\"seed\":[15672,51504,41343,58866]}\n>p1 switch 4\n>p2 move surf\n>p1 move futuresight\n>p2 move sludgebomb\n>p1 move wish\n>p2 switch 3\n>p1 switch 4\n>p2 move lightscreen\n>p1 move swordsdance\n>p2 move reflect\n>p1 move precipiceblades\n>p2 move partingshot\n>p2 switch 4\n>p1 switch 5\n>p2 move surf\n>p1 move haze\n>p2 move nastyplot\n>p1 move haze\n>p2 move nastyplot\n>p1 move haze\n>p2 move nastyplot\n>p1 move haze\n>p2 move nastyplot\n>p1 switch 6\n>p2 move dracometeor\n>p1 move highjumpkick\n>p2 switch 3\n>p2 switch 6\n>p1 switch 6\n>p2 move gunkshot\n>p1 move haze\n>p2 switch 3\n>p1 move haze\n>p2 move nastyplot\n>p1 move haze\n>p2 move dracometeor\n>p1 move haze\n>p2 move nastyplot\n>p1 move haze\n>p2 move dracometeor\n>p1 switch 4\n>p2 move nastyplot\n>p1 move futuresight\n>p2 move dracometeor\n>p1 switch 6\n>p1 move highjumpkick\n>p2 switch 3\n>p2 switch 4\n>p1 move highjumpkick\n>p2 move spiritbreak\n>chat \u2606khjio|gg\n>p2 switch 2\n>p1 switch 4\n>p2 move gigadrain\n>p1 move recover\n>p2 move ficklebeam\n>p1 switch 2\n>p1 move quiverdance\n>p2 move dragontail\n>p1 switch 5\n>p2 move gigadrain\n>p1 move revelationdance\n>p2 move dragontail\n>p1 move revelationdance\n>p2 move dragontail\n>p1 move dragondance\n>p2 move gigadrain\n>chat \u2606khjio|you can forfeit whenever\n>p1 move photongeyser\n>p2 move gigadrain\n>p2 switch 5\n>p1 move photongeyser\n>p2 move strengthsap\n>p1 move dragondance\n>p2 move hypervoice\n>p1 move dragondance\n>p2 move strengthsap\n>p1 move dragondance\n>p2 move strengthsap\n>p1 switch 5\n>p2 move earthpower\n>p1 move thunderwave\n>p2 move energyball\n>p1 switch 3\n>p1 move roost\n>p2 move hypervoice terastallize\n>p1 move quiverdance\n>p2 move hypervoice\n>p1 switch 4\n>p1 move highjumpkick terastallize\n>p2 move strengthsap\n>p2 switch 3\n>p1 move highjumpkick\n>p2 move rapidspin", "uploadtime": 1732994894, "views": 2, "formatid": "gen9randombattle", "rating": 1662, "private": 0, "password": null}