{"id": "gen9randombattle-2253827579", "format": "[Gen 9] Random Battle", "players": ["123456789ok", "Megaxblaziken"], "log": "|j|\u2606123456789ok\n|j|\u2606Megaxblaziken\n|t:|1732944538\n|gametype|singles\n|player|p1|123456789ok|101|1337\n|player|p2|Megaxblaziken|2|1291\n|teamsize|p1|6\n|teamsize|p2|6\n|gen|9\n|tier|[Gen 9] Random Battle\n|rated|\n|rule|Species Clause: Limit one of each Pok\u00e9mon\n|rule|HP Percentage Mod: HP is shown in percentages\n|rule|Sleep Clause Mod: Limit one foe put to sleep\n|rule|Illusion Level Mod: Illusion disguises the Pok\u00e9mon's true level\n|\n|t:|1732944538\n|start\n|switch|p1a: Glalie|Glalie, L96, M|309/309\n|switch|p2a: Cinderace|Cinderace, L77, M|249/249\n|turn|1\n|inactive|Battle timer is ON: inactive players will automatically lose when time's up. (requested by Megaxblaziken)\n|inactive|123456789ok also wants the timer to be on.\n|\n|t:|1732944549\n|switch|p1a: Golduck|Golduck, L90, F|290/290\n|-ability|p1a: Golduck|Cloud Nine\n|move|p2a: Cinderace|High Jump Kick|p1a: Golduck\n|-start|p2a: Cinderace|typechange|Fighting|[from] ability: Libero\n|-damage|p1a: Golduck|146/290\n|\n|upkeep\n|turn|2\n|\n|t:|1732944568\n|switch|p2a: Manaphy|Manaphy, L78|284/284\n|move|p1a: Golduck|Hydro Pump|p2a: Manaphy\n|-resisted|p2a: Manaphy\n|-damage|p2a: Manaphy|194/284\n|-damage|p1a: Golduck|117/290|[from] item: Life Orb\n|\n|-heal|p2a: Manaphy|211/284|[from] item: Leftovers\n|upkeep\n|turn|3\n|\n|t:|1732944576\n|move|p1a: Golduck|Grass Knot|p2a: Manaphy\n|-supereffective|p2a: Manaphy\n|-damage|p2a: Manaphy|169/284\n|-damage|p1a: Golduck|88/290|[from] item: Life Orb\n|move|p2a: Manaphy|Tail Glow|p2a: Manaphy\n|-boost|p2a: Manaphy|spa|3\n|\n|-heal|p2a: Manaphy|186/284|[from] item: Leftovers\n|upkeep\n|turn|4\n|\n|t:|1732944582\n|move|p1a: Golduck|Grass Knot|p2a: Manaphy\n|-supereffective|p2a: Manaphy\n|-crit|p2a: Manaphy\n|-damage|p2a: Manaphy|121/284\n|-damage|p1a: Golduck|59/290|[from] item: Life Orb\n|move|p2a: Manaphy|Energy Ball|p1a: Golduck\n|-supereffective|p1a: Golduck\n|-damage|p1a: Golduck|0 fnt\n|faint|p1a: Golduck\n|\n|-heal|p2a: Manaphy|138/284|[from] item: Leftovers\n|upkeep\n|\n|t:|1732944588\n|switch|p1a: Minun|Minun, L95, M|268/268\n|turn|5\n|\n|t:|1732944594\n|move|p1a: Minun|Thunderbolt|p2a: Manaphy\n|-supereffective|p2a: Manaphy\n|-damage|p2a: Manaphy|0 fnt\n|faint|p2a: Manaphy\n|-damage|p1a: Minun|242/268|[from] item: Life Orb\n|\n|upkeep\n|\n|t:|1732944612\n|switch|p2a: Indeedee|Indeedee-F, L90, F|272/272\n|-fieldstart|move: Psychic Terrain|[from] ability: Psychic Surge|[of] p2a: Indeedee\n|turn|6\n|\n|t:|1732944625\n|switch|p1a: Glalie|Glalie, L96, M|309/309\n|move|p2a: Indeedee|Hyper Voice|p1a: Glalie\n|-damage|p1a: Glalie|152/309\n|\n|upkeep\n|turn|7\n|\n|t:|1732944635\n|move|p1a: Glalie|Taunt|p2a: Indeedee\n|-start|p2a: Indeedee|move: Taunt\n|move|p2a: Indeedee|Hyper Voice|p1a: Glalie\n|-damage|p1a: Glalie|0 fnt\n|faint|p1a: Glalie\n|\n|upkeep\n|\n|t:|1732944643\n|switch|p1a: Furret|Furret, L94, F|312/312\n|-item|p2a: Indeedee|Choice Specs|[from] ability: Frisk|[of] p1a: Furret\n|turn|8\n|\n|t:|1732944647\n|move|p1a: Furret|Tidy Up|p1a: Furret\n|-boost|p1a: Furret|atk|1\n|-boost|p1a: Furret|spe|1\n|move|p2a: Indeedee|Hyper Voice|p1a: Furret\n|-damage|p1a: Furret|105/312\n|\n|upkeep\n|turn|9\n|\n|t:|1732944652\n|move|p1a: Furret|Knock Off|p2a: Indeedee\n|-supereffective|p2a: Indeedee\n|-damage|p2a: Indeedee|0 fnt\n|-enditem|p2a: Indeedee|Choice Specs|[from] move: Knock Off|[of] p1a: Furret\n|faint|p2a: Indeedee\n|-damage|p1a: Furret|74/312|[from] item: Life Orb\n|\n|upkeep\n|\n|t:|1732944661\n|switch|p2a: Umbreon|Umbreon, L84, F|297/297\n|turn|10\n|\n|t:|1732944667\n|move|p1a: Furret|Brick Break|p2a: Umbreon\n|-supereffective|p2a: Umbreon\n|-damage|p2a: Umbreon|118/297\n|-damage|p1a: Furret|43/312|[from] item: Life Orb\n|move|p2a: Umbreon|Foul Play|p1a: Furret\n|-damage|p1a: Furret|0 fnt\n|faint|p1a: Furret\n|\n|-heal|p2a: Umbreon|136/297|[from] item: Leftovers\n|-fieldend|move: Psychic Terrain\n|upkeep\n|\n|t:|1732944674\n|switch|p1a: Minun|Minun, L95, M|242/268\n|turn|11\n|\n|t:|1732944679\n|move|p1a: Minun|Alluring Voice|p2a: Umbreon\n|-supereffective|p2a: Umbreon\n|-damage|p2a: Umbreon|22/297\n|-damage|p1a: Minun|216/268|[from] item: Life Orb\n|move|p2a: Umbreon|Toxic|p1a: Minun\n|-status|p1a: Minun|tox\n|\n|-heal|p2a: Umbreon|40/297|[from] item: Leftovers\n|-damage|p1a: Minun|200/268 tox|[from] psn\n|upkeep\n|turn|12\n|\n|t:|1732944685\n|move|p2a: Umbreon|Protect|p2a: Umbreon\n|-singleturn|p2a: Umbreon|Protect\n|move|p1a: Minun|Alluring Voice|p2a: Umbreon\n|-activate|p2a: Umbreon|move: Protect\n|\n|-heal|p2a: Umbreon|58/297|[from] item: Leftovers\n|-damage|p1a: Minun|168/268 tox|[from] psn\n|upkeep\n|turn|13\n|\n|t:|1732944690\n|move|p1a: Minun|Alluring Voice|p2a: Umbreon\n|-supereffective|p2a: Umbreon\n|-damage|p2a: Umbreon|0 fnt\n|faint|p2a: Umbreon\n|-damage|p1a: Minun|142/268 tox|[from] item: Life Orb\n|\n|-damage|p1a: Minun|94/268 tox|[from] psn\n|upkeep\n|\n|t:|1732944696\n|switch|p2a: Rotom|Rotom-Fan, L86|226/226\n|turn|14\n|\n|t:|1732944709\n|move|p1a: Minun|Alluring Voice|p2a: Rotom\n|-damage|p2a: Rotom|161/226\n|-damage|p1a: Minun|68/268 tox|[from] item: Life Orb\n|move|p2a: Rotom|Thunderbolt|p1a: Minun\n|-heal|p1a: Minun|135/268 tox|[from] ability: Volt Absorb|[of] p2a: Rotom\n|\n|-damage|p1a: Minun|71/268 tox|[from] psn\n|upkeep\n|turn|15\n|\n|t:|1732944718\n|move|p1a: Minun|Alluring Voice|p2a: Rotom\n|-damage|p2a: Rotom|97/226\n|-damage|p1a: Minun|45/268 tox|[from] item: Life Orb\n|move|p2a: Rotom|Air Slash|p1a: Minun\n|-resisted|p1a: Minun\n|-damage|p1a: Minun|1/268 tox\n|\n|-damage|p1a: Minun|0 fnt|[from] psn\n|faint|p1a: Minun\n|upkeep\n|\n|t:|1732944732\n|switch|p1a: Tornadus|Tornadus-Therian, L79, M|254/254\n|turn|16\n|\n|t:|1732944742\n|-terastallize|p2a: Rotom|Steel\n|move|p1a: Tornadus|Heat Wave|p2a: Rotom\n|-supereffective|p2a: Rotom\n|-damage|p2a: Rotom|0 fnt\n|faint|p2a: Rotom\n|\n|upkeep\n|\n|t:|1732944750\n|switch|p2a: Magcargo|Magcargo, L95, M|268/268\n|turn|17\n|\n|t:|1732944761\n|switch|p1a: Reshiram|Reshiram, L76|277/277\n|-ability|p1a: Reshiram|Turboblaze\n|move|p2a: Magcargo|Yawn|p1a: Reshiram\n|-start|p1a: Reshiram|move: Yawn|[of] p2a: Magcargo\n|\n|upkeep\n|turn|18\n|\n|t:|1732944770\n|move|p1a: Reshiram|Earth Power|p2a: Magcargo\n|-supereffective|p2a: Magcargo\n|-damage|p2a: Magcargo|0 fnt\n|faint|p2a: Magcargo\n|\n|-end|p1a: Reshiram|move: Yawn|[silent]\n|-status|p1a: Reshiram|slp\n|upkeep\n|\n|t:|1732944773\n|switch|p2a: Cinderace|Cinderace, L77, M|249/249\n|turn|19\n|\n|t:|1732944785\n|move|p2a: Cinderace|High Jump Kick|p1a: Reshiram\n|-start|p2a: Cinderace|typechange|Fighting|[from] ability: Libero\n|-damage|p1a: Reshiram|138/277 slp\n|cant|p1a: Reshiram|slp\n|\n|upkeep\n|turn|20\n|\n|t:|1732944794\n|move|p2a: Cinderace|High Jump Kick|p1a: Reshiram\n|-damage|p1a: Reshiram|6/277 slp\n|cant|p1a: Reshiram|slp\n|\n|upkeep\n|turn|21\n|\n|t:|1732944799\n|move|p2a: Cinderace|Pyro Ball|p1a: Reshiram\n|-resisted|p1a: Reshiram\n|-damage|p1a: Reshiram|0 fnt\n|faint|p1a: Reshiram\n|\n|upkeep\n|\n|t:|1732944803\n|switch|p1a: Tornadus|Tornadus-Therian, L79, M|254/254\n|turn|22\n|\n|t:|1732944811\n|move|p1a: Tornadus|Bleakwind Storm|p2a: Cinderace\n|-supereffective|p2a: Cinderace\n|-damage|p2a: Cinderace|15/249\n|move|p2a: Cinderace|Pyro Ball|p1a: Tornadus\n|-damage|p1a: Tornadus|155/254\n|\n|upkeep\n|turn|23\n|\n|t:|1732944819\n|move|p2a: Cinderace|Sucker Punch|p1a: Tornadus\n|-damage|p1a: Tornadus|102/254\n|move|p1a: Tornadus|Knock Off|p2a: Cinderace\n|-resisted|p2a: Cinderace\n|-damage|p2a: Cinderace|0 fnt\n|-enditem|p2a: Cinderace|Heavy-Duty Boots|[from] move: Knock Off|[of] p1a: Tornadus\n|faint|p2a: Cinderace\n|\n|win|123456789ok\n|raw|123456789ok's rating: 1337 &rarr; <strong>1354</strong><br />(+17 for winning)\n|raw|Megaxblaziken's rating: 1291 &rarr; <strong>1269</strong><br />(-22 for losing)\n|l|\u2606Megaxblaziken\n|player|p2|\n", "inputlog": ">version b107d77f5c90bd6555267ae244a6264823309ead\n>start {\"formatid\":\"gen9randombattle\",\"seed\":[327,10602,43066,45001],\"rated\":\"Rated battle\"}\n>player p1 {\"name\":\"123456789ok\",\"avatar\":\"101\",\"rating\":1337,\"seed\":[30224,12323,53169,60117]}\n>player p2 {\"name\":\"Megaxblaziken\",\"avatar\":\"2\",\"rating\":1291,\"seed\":[3537,65047,44141,65492]}\n>p1 switch 4\n>p2 move highjumpkick\n>p1 move hydropump\n>p2 switch 3\n>p1 move grassknot\n>p2 move tailglow\n>p1 move grassknot\n>p2 move energyball\n>p1 switch 6\n>p1 move thunderbolt\n>p2 move hydropump\n>p2 switch 5\n>p1 switch 4\n>p2 move hypervoice\n>p1 move taunt\n>p2 move hypervoice\n>p1 switch 3\n>p1 move tidyup\n>p2 move hypervoice\n>p1 move knockoff\n>p2 move hypervoice\n>p2 switch 6\n>p1 move brickbreak\n>p2 move foulplay\n>p1 switch 4\n>p1 move alluringvoice\n>p2 move toxic\n>p1 move alluringvoice\n>p2 move protect\n>p1 move alluringvoice\n>p2 move wish\n>p2 switch 4\n>p1 move alluringvoice\n>p2 move thunderbolt\n>p1 move alluringvoice\n>p2 move airslash\n>p1 switch 2\n>p1 move heatwave\n>p2 move willowisp terastallize\n>p2 switch 2\n>p1 switch 5\n>p2 move yawn\n>p1 move earthpower\n>p2 move stealthrock\n>p2 switch 3\n>p1 move willowisp\n>p2 move highjumpkick\n>p1 move willowisp\n>p2 move highjumpkick\n>p1 move willowisp\n>p2 move pyroball\n>p1 switch 5\n>p1 move bleakwindstorm\n>p2 move pyroball\n>p1 move knockoff\n>p2 move suckerpunch", "uploadtime": 1732944840, "views": 2, "formatid": "gen9randombattle", "rating": 1269, "private": 0, "password": null}