{"id": "gen9randombattle-2253826424", "format": "[Gen 9] Random Battle", "players": ["Defying Blackity", "Sodson"], "log": "|j|\u2606Defying Blackity\n|j|\u2606Sodson\n|t:|1732944340\n|gametype|singles\n|player|p1|Defying Blackity|101|1074\n|player|p2|Sodson|101|1101\n|teamsize|p1|6\n|teamsize|p2|6\n|gen|9\n|tier|[Gen 9] Random Battle\n|rated|\n|rule|Species Clause: Limit one of each Pok\u00e9mon\n|rule|HP Percentage Mod: HP is shown in percentages\n|rule|Sleep Clause Mod: Limit one foe put to sleep\n|rule|Illusion Level Mod: Illusion disguises the Pok\u00e9mon's true level\n|\n|t:|1732944340\n|start\n|switch|p1a: Cetitan|Cetitan, L82, F|412/412\n|switch|p2a: Kyogre|Kyogre, L71|259/259\n|-weather|RainDance|[from] ability: Drizzle|[of] p2a: Kyogre\n|turn|1\n|inactive|Battle timer is ON: inactive players will automatically lose when time's up. (requested by Sodson)\n|inactive|Defying Blackity has 120 seconds left.\n|\n|t:|1732944389\n|switch|p1a: Feraligatr|Feraligatr, L79, F|264/264\n|move|p2a: Kyogre|Thunder|p1a: Feraligatr\n|-supereffective|p1a: Feraligatr\n|-damage|p1a: Feraligatr|102/264\n|\n|-weather|RainDance|[upkeep]\n|upkeep\n|turn|2\n|\n|t:|1732944397\n|switch|p1a: Latias|Latias, L79, F|256/256\n|move|p2a: Kyogre|Thunder|p1a: Latias\n|-resisted|p1a: Latias\n|-damage|p1a: Latias|224/256\n|-status|p1a: Latias|par\n|\n|-weather|RainDance|[upkeep]\n|upkeep\n|turn|3\n|\n|t:|1732944403\n|move|p2a: Kyogre|Ice Beam|p1a: Latias\n|-supereffective|p1a: Latias\n|-crit|p1a: Latias\n|-damage|p1a: Latias|78/256 par\n|move|p1a: Latias|Draco Meteor|p2a: Kyogre\n|-damage|p2a: Kyogre|121/259\n|-unboost|p1a: Latias|spa|2\n|\n|-weather|RainDance|[upkeep]\n|-heal|p2a: Kyogre|137/259|[from] item: Leftovers\n|upkeep\n|turn|4\n|\n|t:|1732944412\n|move|p2a: Kyogre|Ice Beam|p1a: Latias\n|-supereffective|p1a: Latias\n|-damage|p1a: Latias|0 fnt\n|faint|p1a: Latias\n|\n|-weather|RainDance|[upkeep]\n|-heal|p2a: Kyogre|153/259|[from] item: Leftovers\n|upkeep\n|\n|t:|1732944414\n|switch|p1a: Zebstrika|Zebstrika, L87, F|272/272\n|turn|5\n|\n|t:|1732944421\n|move|p1a: Zebstrika|Volt Switch|p2a: Kyogre\n|-supereffective|p2a: Kyogre\n|-damage|p2a: Kyogre|0 fnt\n|faint|p2a: Kyogre\n|-damage|p1a: Zebstrika|245/272|[from] item: Life Orb\n|\n|t:|1732944431\n|switch|p1a: Feraligatr|Feraligatr, L79, F|102/264|[from] Volt Switch\n|\n|-weather|none\n|upkeep\n|\n|t:|1732944439\n|switch|p2a: Spidops|Spidops, L96, M|271/271\n|turn|6\n|\n|t:|1732944451\n|move|p1a: Feraligatr|Liquidation|p2a: Spidops\n|-damage|p2a: Spidops|146/271\n|move|p2a: Spidops|Toxic Spikes|p1a: Feraligatr\n|-sidestart|p1: Defying Blackity|move: Toxic Spikes\n|\n|upkeep\n|turn|7\n|\n|t:|1732944460\n|move|p1a: Feraligatr|Dragon Dance|p1a: Feraligatr\n|-boost|p1a: Feraligatr|atk|1\n|-boost|p1a: Feraligatr|spe|1\n|move|p2a: Spidops|Spikes|p1a: Feraligatr\n|-sidestart|p1: Defying Blackity|Spikes\n|\n|upkeep\n|turn|8\n|\n|t:|1732944465\n|move|p1a: Feraligatr|Liquidation|p2a: Spidops\n|-damage|p2a: Spidops|0 fnt\n|faint|p2a: Spidops\n|\n|upkeep\n|\n|t:|1732944470\n|switch|p2a: Eternatus|Eternatus, L69|308/308\n|-ability|p2a: Eternatus|Pressure\n|turn|9\n|\n|t:|1732944480\n|move|p1a: Feraligatr|Ice Punch|p2a: Eternatus\n|-supereffective|p2a: Eternatus\n|-crit|p2a: Eternatus\n|-damage|p2a: Eternatus|0 fnt\n|faint|p2a: Eternatus\n|\n|upkeep\n|\n|t:|1732944486\n|switch|p2a: Espeon|Espeon, L84, M|246/246\n|turn|10\n|\n|t:|1732944492\n|move|p1a: Feraligatr|Crunch|p2a: Espeon\n|-supereffective|p2a: Espeon\n|-damage|p2a: Espeon|0 fnt\n|faint|p2a: Espeon\n|\n|upkeep\n|\n|t:|1732944494\n|switch|p2a: Rhydon|Rhydon, L85, F|317/317\n|turn|11\n|\n|t:|1732944499\n|-terastallize|p2a: Rhydon|Water\n|move|p1a: Feraligatr|Liquidation|p2a: Rhydon\n|-resisted|p2a: Rhydon\n|-damage|p2a: Rhydon|265/317\n|move|p2a: Rhydon|Megahorn|p1a: Feraligatr\n|-damage|p1a: Feraligatr|0 fnt\n|faint|p1a: Feraligatr\n|\n|upkeep\n|\n|t:|1732944506\n|switch|p1a: Thundurus|Thundurus, L80, M|258/258\n|turn|12\n|\n|t:|1732944514\n|-terastallize|p1a: Thundurus|Grass\n|move|p1a: Thundurus|Grass Knot|p2a: Rhydon\n|-supereffective|p2a: Rhydon\n|-damage|p2a: Rhydon|0 fnt\n|faint|p2a: Rhydon\n|\n|upkeep\n|\n|t:|1732944519\n|switch|p2a: Krookodile|Krookodile, L80, M|283/283\n|-ability|p2a: Krookodile|Intimidate|boost\n|-unboost|p1a: Thundurus|atk|1\n|-ability|p1a: Thundurus|Defiant|boost\n|-boost|p1a: Thundurus|atk|2\n|turn|13\n|\n|t:|1732944524\n|move|p1a: Thundurus|Grass Knot|p2a: Krookodile\n|-supereffective|p2a: Krookodile\n|-damage|p2a: Krookodile|0 fnt\n|faint|p2a: Krookodile\n|\n|win|Defying Blackity\n|raw|Defying Blackity's rating: 1098 &rarr; <strong>1124</strong><br />(+26 for winning)\n|raw|Sodson's rating: 1101 &rarr; <strong>1076</strong><br />(-25 for losing)\n|l|\u2606Sodson\n|player|p2|\n", "inputlog": ">version b107d77f5c90bd6555267ae244a6264823309ead\n>start {\"formatid\":\"gen9randombattle\",\"seed\":[23739,34477,45134,7111],\"rated\":\"Rated battle\"}\n>player p1 {\"name\":\"Defying Blackity\",\"avatar\":\"101\",\"rating\":1074,\"seed\":[93,14480,27507,62350]}\n>player p2 {\"name\":\"Sodson\",\"avatar\":\"101\",\"rating\":1101,\"seed\":[203,19385,55334,21363]}\n>p1 switch 2\n>p2 move thunder\n>p1 switch 5\n>p2 move thunder\n>p1 move dracometeor\n>p2 move icebeam\n>p1 move psyshock\n>p2 move icebeam\n>p1 switch 4\n>p1 move voltswitch\n>p2 move icebeam\n>p1 switch 5\n>p2 switch 4\n>p1 move liquidation\n>p2 move toxicspikes\n>p1 move dragondance\n>p2 move spikes\n>p1 move liquidation\n>p2 move stickyweb\n>p2 switch 2\n>p1 move icepunch\n>p2 move sludgebomb\n>p2 switch 6\n>p1 move crunch\n>p2 move psyshock\n>p2 switch 3\n>p1 move liquidation\n>p2 move megahorn terastallize\n>p1 switch 6\n>p1 move grassknot terastallize\n>p2 move earthquake\n>p2 switch 5\n>p1 move grassknot\n>p2 move gunkshot", "uploadtime": 1732944527, "views": 1, "formatid": "gen9randombattle", "rating": 1076, "private": 0, "password": null}