{"id": "gen9randombattle-2253838554", "format": "[Gen 9] Random Battle", "players": ["Luna Arch", "rgeer"], "log": "|j|\u2606Luna Arch\n|j|\u2606rgeer\n|t:|1732946439\n|gametype|singles\n|player|p1|Luna Arch|burgh|1075\n|player|p2|rgeer|benga|1070\n|teamsize|p1|6\n|teamsize|p2|6\n|gen|9\n|tier|[Gen 9] Random Battle\n|rated|\n|rule|Species Clause: Limit one of each Pok\u00e9mon\n|rule|HP Percentage Mod: HP is shown in percentages\n|rule|Sleep Clause Mod: Limit one foe put to sleep\n|rule|Illusion Level Mod: Illusion disguises the Pok\u00e9mon's true level\n|\n|t:|1732946439\n|start\n|switch|p1a: Klawf|Klawf, L90, F|272/272\n|switch|p2a: Annihilape|Annihilape, L76, F|292/292\n|turn|1\n|inactive|Battle timer is ON: inactive players will automatically lose when time's up. (requested by rgeer)\n|\n|t:|1732946466\n|move|p1a: Klawf|Knock Off|p2a: Annihilape\n|-damage|p2a: Annihilape|190/292\n|-enditem|p2a: Annihilape|Leftovers|[from] move: Knock Off|[of] p1a: Klawf\n|move|p2a: Annihilape|Taunt|p1a: Klawf\n|-start|p1a: Klawf|move: Taunt\n|\n|upkeep\n|turn|2\n|\n|t:|1732946475\n|move|p1a: Klawf|Knock Off|p2a: Annihilape\n|-damage|p2a: Annihilape|123/292\n|move|p2a: Annihilape|Bulk Up|p2a: Annihilape\n|-boost|p2a: Annihilape|atk|1\n|-boost|p2a: Annihilape|def|1\n|\n|upkeep\n|turn|3\n|\n|t:|1732946481\n|move|p1a: Klawf|Knock Off|p2a: Annihilape\n|-damage|p2a: Annihilape|80/292\n|move|p2a: Annihilape|Drain Punch|p1a: Klawf\n|-supereffective|p1a: Klawf\n|-damage|p1a: Klawf|114/272\n|-heal|p2a: Annihilape|159/292|[from] drain|[of] p1a: Klawf\n|-ability|p1a: Klawf|Anger Shell|boost\n|-boost|p1a: Klawf|atk|1\n|-boost|p1a: Klawf|spa|1\n|-boost|p1a: Klawf|spe|1\n|-unboost|p1a: Klawf|def|1\n|-unboost|p1a: Klawf|spd|1\n|\n|upkeep\n|turn|4\n|\n|t:|1732946500\n|move|p1a: Klawf|Stone Edge|p2a: Annihilape\n|-resisted|p2a: Annihilape\n|-damage|p2a: Annihilape|90/292\n|move|p2a: Annihilape|Drain Punch|p1a: Klawf\n|-supereffective|p1a: Klawf\n|-damage|p1a: Klawf|0 fnt\n|-heal|p2a: Annihilape|147/292|[from] drain|[of] p1a: Klawf\n|faint|p1a: Klawf\n|\n|upkeep\n|\n|t:|1732946519\n|switch|p1a: Spidops|Spidops, L96, F|271/271\n|turn|5\n|\n|t:|1732946529\n|move|p2a: Annihilape|Rage Fist|p1a: Spidops\n|-damage|p1a: Spidops|0 fnt\n|faint|p1a: Spidops\n|\n|upkeep\n|\n|t:|1732946539\n|switch|p1a: Lycanroc|Lycanroc-Midnight, L89, F|296/296\n|turn|6\n|\n|t:|1732946547\n|move|p1a: Lycanroc|Sucker Punch|p2a: Annihilape\n|-damage|p2a: Annihilape|86/292\n|-damage|p1a: Lycanroc|267/296|[from] item: Life Orb\n|move|p2a: Annihilape|Drain Punch|p1a: Lycanroc\n|-supereffective|p1a: Lycanroc\n|-damage|p1a: Lycanroc|13/296\n|-heal|p2a: Annihilape|213/292|[from] drain|[of] p1a: Lycanroc\n|\n|upkeep\n|turn|7\n|-message|Luna Arch forfeited.\n|\n|win|rgeer\n|raw|Luna Arch's rating: 1075 &rarr; <strong>1053</strong><br />(-22 for losing)\n|raw|rgeer's rating: 1070 &rarr; <strong>1100</strong><br />(+30 for winning)\n|l|\u2606Luna Arch\n|player|p1|\n", "inputlog": ">version b107d77f5c90bd6555267ae244a6264823309ead\n>start {\"formatid\":\"gen9randombattle\",\"seed\":[893,43096,31628,64590],\"rated\":\"Rated battle\"}\n>player p1 {\"name\":\"Luna Arch\",\"avatar\":\"burgh\",\"rating\":1075,\"seed\":[53818,28123,58438,62336]}\n>player p2 {\"name\":\"rgeer\",\"avatar\":\"benga\",\"rating\":1070,\"seed\":[8197,39285,15723,40610]}\n>p1 move knockoff\n>p2 move taunt\n>p1 move knockoff\n>p2 move bulkup\n>p1 move knockoff\n>p2 move drainpunch\n>p1 move stoneedge\n>p2 move drainpunch\n>p1 switch 3\n>p1 move stickyweb\n>p2 move ragefist\n>p1 switch 2\n>p1 move suckerpunch\n>p2 move drainpunch\n>forcelose p1", "uploadtime": 1732946558, "views": 10, "formatid": "gen9randombattle", "rating": 1053, "private": 0, "password": null}