{"id": "gen9randombattle-2253849660", "format": "[Gen 9] Random Battle", "players": ["tirkeyb4con", "beasta1234"], "log": "|j|\u2606tirkeyb4con\n|j|\u2606beasta1234\n|t:|1732948569\n|gametype|singles\n|player|p1|tirkeyb4con|101|\n|player|p2|beasta1234|102|\n|teamsize|p1|6\n|teamsize|p2|6\n|gen|9\n|tier|[Gen 9] Random Battle\n|rule|Species Clause: Limit one of each Pok\u00e9mon\n|rule|HP Percentage Mod: HP is shown in percentages\n|rule|Sleep Clause Mod: Limit one foe put to sleep\n|rule|Illusion Level Mod: Illusion disguises the Pok\u00e9mon's true level\n|\n|t:|1732948569\n|start\n|switch|p1a: Shiftry|Shiftry, L89, F|305/305\n|switch|p2a: Flareon|Flareon, L90, M|263/263\n|turn|1\n|\n|t:|1732948610\n|switch|p1a: Pyroar|Pyroar, L88, F|295/295\n|-ability|p1a: Pyroar|Unnerve\n|move|p2a: Flareon|Flare Blitz|p1a: Pyroar\n|-resisted|p1a: Pyroar\n|-damage|p1a: Pyroar|193/295\n|-damage|p2a: Flareon|229/263|[from] Recoil\n|\n|-status|p2a: Flareon|tox|[from] item: Toxic Orb\n|upkeep\n|turn|2\n|\n|t:|1732948626\n|move|p1a: Pyroar|Fire Blast|p2a: Flareon\n|-resisted|p2a: Flareon\n|-damage|p2a: Flareon|172/263 tox\n|move|p2a: Flareon|Will-O-Wisp|p1a: Pyroar\n|-immune|p1a: Pyroar\n|\n|-damage|p2a: Flareon|156/263 tox|[from] psn\n|upkeep\n|turn|3\n|\n|t:|1732948637\n|move|p2a: Flareon|Quick Attack|p1a: Pyroar\n|-damage|p1a: Pyroar|121/295\n|move|p1a: Pyroar|Dark Pulse|p2a: Flareon\n|-damage|p2a: Flareon|100/263 tox\n|\n|-damage|p2a: Flareon|68/263 tox|[from] psn\n|upkeep\n|turn|4\n|\n|t:|1732948652\n|move|p1a: Pyroar|Hyper Voice|p2a: Flareon\n|-damage|p2a: Flareon|0 fnt\n|faint|p2a: Flareon\n|\n|upkeep\n|\n|t:|1732948664\n|switch|p2a: Cinccino|Cinccino, L83, F|260/260\n|turn|5\n|\n|t:|1732948678\n|switch|p1a: Shiftry|Shiftry, L89, F|305/305\n|move|p2a: Cinccino|U-turn|p1a: Shiftry\n|-supereffective|p1a: Shiftry\n|-crit|p1a: Shiftry\n|-damage|p1a: Shiftry|0 fnt\n|faint|p1a: Shiftry\n|\n|t:|1732948686\n|switch|p2a: Tsareena|Tsareena, L87, F|267/267|[from] U-turn\n|\n|upkeep\n|\n|t:|1732948694\n|switch|p1a: Pyroar|Pyroar, L88, F|121/295\n|-ability|p1a: Pyroar|Unnerve\n|turn|6\n|\n|t:|1732948706\n|-terastallize|p1a: Pyroar|Fire\n|move|p1a: Pyroar|Fire Blast|p2a: Tsareena\n|-supereffective|p2a: Tsareena\n|-damage|p2a: Tsareena|0 fnt\n|faint|p2a: Tsareena\n|\n|upkeep\n|\n|t:|1732948712\n|switch|p2a: Raichu|Raichu-Alola, L87, F|246/246\n|turn|7\n|\n|t:|1732948720\n|switch|p1a: Pikachu|Pikachu-Sinnoh, L93, M|216/216\n|move|p2a: Raichu|Psychic|p1a: Pikachu\n|-damage|p1a: Pikachu|29/216\n|\n|upkeep\n|turn|8\n|\n|t:|1732948727\n|move|p2a: Raichu|Psychic|p1a: Pikachu\n|-damage|p1a: Pikachu|0 fnt\n|faint|p1a: Pikachu\n|\n|upkeep\n|\n|t:|1732948742\n|switch|p1a: Illumise|Illumise, L91, F|266/266\n|turn|9\n|\n|t:|1732948749\n|move|p1a: Illumise|Encore|p2a: Raichu\n|-start|p2a: Raichu|Encore\n|move|p2a: Raichu|Psychic|p1a: Illumise\n|-damage|p1a: Illumise|125/266\n|\n|upkeep\n|turn|10\n|\n|t:|1732948755\n|move|p2a: Raichu|Psychic|p1a: Illumise\n|-damage|p1a: Illumise|0 fnt\n|faint|p1a: Illumise\n|\n|upkeep\n|\n|t:|1732948760\n|switch|p1a: Pyroar|Pyroar, L88, F, tera:Fire|121/295\n|-ability|p1a: Pyroar|Unnerve\n|turn|11\n|\n|t:|1732948766\n|move|p2a: Raichu|Psychic|p1a: Pyroar\n|-damage|p1a: Pyroar|0 fnt\n|faint|p1a: Pyroar\n|\n|-end|p2a: Raichu|Encore\n|upkeep\n|\n|t:|1732948772\n|switch|p1a: Haxorus|Haxorus, L77, M|244/244\n|-ability|p1a: Haxorus|Mold Breaker\n|turn|12\n|\n|t:|1732948777\n|switch|p2a: Cryogonal|Cryogonal, L89|287/287\n|move|p1a: Haxorus|Dragon Dance|p1a: Haxorus\n|-boost|p1a: Haxorus|atk|1\n|-boost|p1a: Haxorus|spe|1\n|\n|upkeep\n|turn|13\n|\n|t:|1732948798\n|move|p1a: Haxorus|Earthquake|p2a: Cryogonal\n|-damage|p2a: Cryogonal|114/287\n|move|p2a: Cryogonal|Freeze-Dry|p1a: Haxorus\n|-supereffective|p1a: Haxorus\n|-damage|p1a: Haxorus|40/244\n|\n|upkeep\n|turn|14\n|\n|t:|1732948806\n|move|p1a: Haxorus|Earthquake|p2a: Cryogonal\n|-damage|p2a: Cryogonal|0 fnt\n|faint|p2a: Cryogonal\n|\n|upkeep\n|\n|t:|1732948810\n|switch|p2a: Cinccino|Cinccino, L83, F|260/260\n|turn|15\n|\n|t:|1732948817\n|move|p1a: Haxorus|Outrage|p2a: Cinccino\n|-damage|p2a: Cinccino|0 fnt\n|faint|p2a: Cinccino\n|\n|upkeep\n|\n|t:|1732948823\n|switch|p2a: Raichu|Raichu-Alola, L87, F|246/246\n|turn|16\n|\n|t:|1732948828\n|move|p1a: Haxorus|Outrage|p2a: Raichu|[from]lockedmove\n|-damage|p2a: Raichu|0 fnt\n|faint|p2a: Raichu\n|\n|upkeep\n|\n|t:|1732948833\n|switch|p2a: Gouging Fire|Gouging Fire, L74|277/277\n|turn|17\n|\n|t:|1732948838\n|move|p1a: Haxorus|Outrage|p2a: Gouging Fire|[from]lockedmove\n|-supereffective|p2a: Gouging Fire\n|-damage|p2a: Gouging Fire|0 fnt\n|faint|p2a: Gouging Fire\n|-end|p2a: Gouging Fire|Protosynthesis|[silent]\n|-start|p1a: Haxorus|confusion|[fatigue]\n|\n|win|tirkeyb4con\n", "inputlog": ">version b107d77f5c90bd6555267ae244a6264823309ead\n>start {\"formatid\":\"gen9randombattle\",\"seed\":[50518,10311,11635,26809]}\n>player p1 {\"name\":\"tirkeyb4con\",\"avatar\":\"101\",\"rating\":0,\"seed\":[42407,58831,34925,49455]}\n>player p2 {\"name\":\"beasta1234\",\"avatar\":\"102\",\"rating\":0,\"seed\":[35417,62589,62530,51531]}\n>p1 switch 6\n>p2 move flareblitz\n>p1 move fireblast\n>p2 move willowisp\n>p1 move darkpulse\n>p2 move quickattack\n>p1 move hypervoice\n>p2 move willowisp\n>p2 switch 6\n>p1 switch 6\n>p2 move uturn\n>p2 switch 4\n>p1 switch 6\n>p1 move fireblast terastallize\n>p2 move knockoff\n>p2 switch 3\n>p1 switch 5\n>p2 move psychic\n>p1 move voltswitch\n>p2 move psychic\n>p1 switch 2\n>p1 move encore\n>p2 move psychic\n>p1 move bugbuzz\n>p2 move psychic\n>p1 switch 5\n>p1 move hypervoice\n>p2 move psychic\n>p1 switch 4\n>p1 move dragondance\n>p2 switch 5\n>p1 move earthquake\n>p2 move freezedry\n>p1 move earthquake\n>p2 move recover\n>p2 switch 4\n>p1 move outrage\n>p2 move uturn\n>p2 switch 5\n>p1 move outrage\n>p2 move thunderbolt\n>p2 switch 2\n>p1 move outrage\n>p2 move outrage", "uploadtime": 1732948841, "views": 1, "formatid": "gen9randombattle", "rating": null, "private": 0, "password": null}