{"id": "gen9randombattle-2254017034", "format": "[Gen 9] Random Battle", "players": ["Espiio", "Inazuma-Fulgur"], "log": "|j|\u2606Espiio\n|j|\u2606Inazuma-Fulgur\n|t:|1732980510\n|gametype|singles\n|player|p1|Espiio|169|2158\n|player|p2|Inazuma-Fulgur|marley|2114\n|teamsize|p1|6\n|teamsize|p2|6\n|gen|9\n|tier|[Gen 9] Random Battle\n|rated|\n|rule|Species Clause: Limit one of each Pok\u00e9mon\n|rule|HP Percentage Mod: HP is shown in percentages\n|rule|Sleep Clause Mod: Limit one foe put to sleep\n|rule|Illusion Level Mod: Illusion disguises the Pok\u00e9mon's true level\n|\n|t:|1732980510\n|start\n|switch|p1a: Gliscor|Gliscor, L76, M|239/239\n|switch|p2a: Zekrom|Zekrom, L71|259/259\n|-ability|p2a: Zekrom|Teravolt\n|turn|1\n|inactive|Battle timer is ON: inactive players will automatically lose when time's up. (requested by Inazuma-Fulgur)\n|\n|t:|1732980525\n|switch|p2a: Kingambit|Kingambit, L74, M|270/270\n|move|p1a: Gliscor|Knock Off|p2a: Kingambit\n|-resisted|p2a: Kingambit\n|-damage|p2a: Kingambit|246/270\n|-enditem|p2a: Kingambit|Leftovers|[from] move: Knock Off|[of] p1a: Gliscor\n|\n|-status|p1a: Gliscor|tox|[from] item: Toxic Orb\n|upkeep\n|turn|2\n|\n|t:|1732980538\n|-end|p2a: Kingambit|fallenundefined|[silent]\n|switch|p2a: Lilligant|Lilligant, L86, F|261/261\n|move|p1a: Gliscor|Earthquake|p2a: Lilligant\n|-resisted|p2a: Lilligant\n|-damage|p2a: Lilligant|216/261\n|\n|upkeep\n|turn|3\n|\n|t:|1732980545\n|move|p2a: Lilligant|Petal Dance|p1a: Gliscor\n|-damage|p1a: Gliscor|4/239 tox\n|-damage|p2a: Lilligant|190/261|[from] item: Life Orb\n|move|p1a: Gliscor|Toxic|p2a: Lilligant\n|-status|p2a: Lilligant|tox\n|\n|-damage|p2a: Lilligant|174/261 tox|[from] psn\n|-heal|p1a: Gliscor|33/239 tox|[from] ability: Poison Heal\n|upkeep\n|turn|4\n|\n|t:|1732980556\n|move|p1a: Gliscor|Protect|p1a: Gliscor\n|-singleturn|p1a: Gliscor|Protect\n|move|p2a: Lilligant|Petal Dance|p1a: Gliscor|[from]lockedmove\n|-activate|p1a: Gliscor|move: Protect\n|\n|-damage|p2a: Lilligant|142/261 tox|[from] psn\n|-heal|p1a: Gliscor|62/239 tox|[from] ability: Poison Heal\n|upkeep\n|turn|5\n|\n|t:|1732980568\n|switch|p1a: Ogerpon|Ogerpon-Hearthflame, L74, F|239/239\n|-ability|p1a: Ogerpon|Mold Breaker\n|move|p2a: Lilligant|Petal Dance|p1a: Ogerpon\n|-resisted|p1a: Ogerpon\n|-damage|p1a: Ogerpon|188/239\n|-damage|p2a: Lilligant|116/261 tox|[from] item: Life Orb\n|\n|-damage|p2a: Lilligant|68/261 tox|[from] psn\n|upkeep\n|turn|6\n|\n|t:|1732980580\n|move|p1a: Ogerpon|Swords Dance|p1a: Ogerpon\n|-boost|p1a: Ogerpon|atk|2\n|move|p2a: Lilligant|Petal Dance|p1a: Ogerpon|[from]lockedmove\n|-resisted|p1a: Ogerpon\n|-damage|p1a: Ogerpon|136/239\n|-damage|p2a: Lilligant|42/261 tox|[from] item: Life Orb\n|\n|-damage|p2a: Lilligant|0 fnt|[from] psn\n|faint|p2a: Lilligant\n|upkeep\n|inactive|Inazuma-Fulgur has 120 seconds left.\n|\n|t:|1732980621\n|switch|p2a: Zekrom|Zekrom, L71|259/259\n|-ability|p2a: Zekrom|Teravolt\n|turn|7\n|\n|t:|1732980627\n|move|p1a: Ogerpon|Stomping Tantrum|p2a: Zekrom\n|-supereffective|p2a: Zekrom\n|-damage|p2a: Zekrom|57/259\n|move|p2a: Zekrom|Dragon Dance|p2a: Zekrom\n|-boost|p2a: Zekrom|atk|1\n|-boost|p2a: Zekrom|spe|1\n|\n|-heal|p2a: Zekrom|73/259|[from] item: Leftovers\n|upkeep\n|turn|8\n|\n|t:|1732980638\n|switch|p1a: Dondozo|Dondozo, L78, M|362/362\n|move|p2a: Zekrom|Outrage|p1a: Dondozo\n|-damage|p1a: Dondozo|205/362\n|\n|-heal|p2a: Zekrom|89/259|[from] item: Leftovers\n|-heal|p1a: Dondozo|227/362|[from] item: Leftovers\n|upkeep\n|turn|9\n|\n|t:|1732980649\n|move|p2a: Zekrom|Outrage|p1a: Dondozo|[from]lockedmove\n|-damage|p1a: Dondozo|47/362\n|move|p1a: Dondozo|Wave Crash|p2a: Zekrom\n|-resisted|p2a: Zekrom\n|-damage|p2a: Zekrom|40/259\n|-damage|p1a: Dondozo|31/362|[from] Recoil\n|\n|-heal|p2a: Zekrom|56/259|[from] item: Leftovers\n|-heal|p1a: Dondozo|53/362|[from] item: Leftovers\n|upkeep\n|turn|10\n|\n|t:|1732980663\n|move|p2a: Zekrom|Outrage|p1a: Dondozo|[from]lockedmove\n|-damage|p1a: Dondozo|0 fnt\n|faint|p1a: Dondozo\n|-start|p2a: Zekrom|confusion|[fatigue]\n|\n|-heal|p2a: Zekrom|72/259|[from] item: Leftovers\n|upkeep\n|l|\u2606Espiio\n|inactive|Espiio disconnected and has a minute to reconnect!\n|player|p1|\n|j|\u2606Espiio\n|inactive|Espiio reconnected and has 120 seconds left.\n|player|p1|Espiio|169|\n|\n|t:|1732980696\n|switch|p1a: Bastiodon|Bastiodon, L89, M|252/252\n|turn|11\n|\n|t:|1732980702\n|-activate|p2a: Zekrom|confusion\n|move|p2a: Zekrom|Bolt Strike|p1a: Bastiodon\n|-damage|p1a: Bastiodon|137/252\n|move|p1a: Bastiodon|Iron Defense|p1a: Bastiodon\n|-boost|p1a: Bastiodon|def|2\n|\n|-heal|p2a: Zekrom|88/259|[from] item: Leftovers\n|upkeep\n|turn|12\n|inactive|Espiio has 120 seconds left.\n|\n|t:|1732980719\n|switch|p2a: Iron Bundle|Iron Bundle, L77|213/213\n|move|p1a: Bastiodon|Body Press|p2a: Iron Bundle\n|-supereffective|p2a: Iron Bundle\n|-damage|p2a: Iron Bundle|0 fnt\n|faint|p2a: Iron Bundle\n|-end|p2a: Iron Bundle|Quark Drive|[silent]\n|\n|upkeep\n|\n|t:|1732980730\n|switch|p2a: Falinks|Falinks, L84|246/246\n|turn|13\n|\n|t:|1732980742\n|switch|p2a: Gardevoir|Gardevoir, L83, M|249/249\n|-ability|p2a: Gardevoir|Soundproof|[from] ability: Trace|[of] p1a: Bastiodon\n|-terastallize|p1a: Bastiodon|Fighting\n|move|p1a: Bastiodon|Iron Defense|p1a: Bastiodon\n|-boost|p1a: Bastiodon|def|2\n|\n|upkeep\n|turn|14\n|inactive|Espiio has 120 seconds left.\n|\n|t:|1732980760\n|switch|p1a: Gliscor|Gliscor, L76, M|62/239 tox\n|move|p2a: Gardevoir|Moonblast|p1a: Gliscor\n|-damage|p1a: Gliscor|0 fnt\n|faint|p1a: Gliscor\n|\n|upkeep\n|inactive|Espiio has 120 seconds left.\n|\n|t:|1732980769\n|switch|p1a: Ogerpon|Ogerpon-Hearthflame, L74, F|136/239\n|-ability|p1a: Ogerpon|Mold Breaker\n|turn|15\n|\n|t:|1732980776\n|move|p2a: Gardevoir|Moonblast|p1a: Ogerpon\n|-resisted|p1a: Ogerpon\n|-damage|p1a: Ogerpon|76/239\n|move|p1a: Ogerpon|Ivy Cudgel|p2a: Gardevoir|[anim] Ivy Cudgel Fire\n|-damage|p2a: Gardevoir|99/249\n|\n|upkeep\n|turn|16\n|\n|t:|1732980785\n|switch|p2a: Zekrom|Zekrom, L71|88/259\n|-ability|p2a: Zekrom|Teravolt\n|move|p1a: Ogerpon|Ivy Cudgel|p2a: Zekrom|[anim] Ivy Cudgel Fire\n|-resisted|p2a: Zekrom\n|-damage|p2a: Zekrom|32/259\n|\n|-heal|p2a: Zekrom|48/259|[from] item: Leftovers\n|upkeep\n|turn|17\n|\n|t:|1732980795\n|move|p1a: Ogerpon|Ivy Cudgel|p2a: Zekrom|[anim] Ivy Cudgel Fire\n|-resisted|p2a: Zekrom\n|-damage|p2a: Zekrom|0 fnt\n|faint|p2a: Zekrom\n|\n|upkeep\n|\n|t:|1732980798\n|switch|p2a: Gardevoir|Gardevoir, L83, M|99/249\n|-ability|p2a: Gardevoir|Mold Breaker\n|-ability|p2a: Gardevoir|Mold Breaker|[from] ability: Trace|[of] p1a: Ogerpon\n|turn|18\n|\n|t:|1732980809\n|switch|p1a: Bastiodon|Bastiodon, L89, M, tera:Fighting|137/252\n|move|p2a: Gardevoir|Psyshock|p1a: Bastiodon\n|-supereffective|p1a: Bastiodon\n|-damage|p1a: Bastiodon|15/252\n|\n|upkeep\n|turn|19\n|\n|t:|1732980816\n|move|p2a: Gardevoir|Psyshock|p1a: Bastiodon\n|-supereffective|p1a: Bastiodon\n|-damage|p1a: Bastiodon|0 fnt\n|faint|p1a: Bastiodon\n|\n|upkeep\n|\n|t:|1732980823\n|switch|p1a: Zebstrika|Zebstrika, L87, M|272/272\n|turn|20\n|\n|t:|1732980828\n|switch|p2a: Kingambit|Kingambit, L74, M|246/270\n|-activate|p2a: Kingambit|ability: Supreme Overlord\n|-start|p2a: Kingambit|fallen3|[silent]\n|move|p1a: Zebstrika|Supercell Slam|p2a: Kingambit\n|-damage|p2a: Kingambit|120/270\n|-damage|p1a: Zebstrika|245/272|[from] item: Life Orb\n|\n|upkeep\n|turn|21\n|\n|t:|1732980839\n|move|p1a: Zebstrika|Supercell Slam|p2a: Kingambit\n|-damage|p2a: Kingambit|0 fnt\n|faint|p2a: Kingambit\n|-end|p2a: Kingambit|fallen3|[silent]\n|-damage|p1a: Zebstrika|218/272|[from] item: Life Orb\n|\n|upkeep\n|\n|t:|1732980842\n|switch|p2a: Falinks|Falinks, L84|246/246\n|turn|22\n|\n|t:|1732980852\n|move|p1a: Zebstrika|Supercell Slam|p2a: Falinks\n|-crit|p2a: Falinks\n|-damage|p2a: Falinks|47/246\n|-damage|p1a: Zebstrika|191/272|[from] item: Life Orb\n|move|p2a: Falinks|No Retreat|p2a: Falinks\n|-boost|p2a: Falinks|atk|1\n|-boost|p2a: Falinks|def|1\n|-boost|p2a: Falinks|spa|1\n|-boost|p2a: Falinks|spd|1\n|-boost|p2a: Falinks|spe|1\n|-start|p2a: Falinks|move: No Retreat\n|\n|upkeep\n|turn|23\n|\n|t:|1732980862\n|switch|p1a: Ogerpon|Ogerpon-Hearthflame, L74, F|76/239\n|-ability|p1a: Ogerpon|Mold Breaker\n|move|p2a: Falinks|Close Combat|p1a: Ogerpon\n|-damage|p1a: Ogerpon|0 fnt\n|-unboost|p2a: Falinks|def|1\n|-unboost|p2a: Falinks|spd|1\n|faint|p1a: Ogerpon\n|-damage|p2a: Falinks|23/246|[from] item: Life Orb\n|\n|upkeep\n|\n|t:|1732980876\n|switch|p1a: Koraidon|Koraidon, L64|235/235\n|-weather|SunnyDay|[from] ability: Orichalcum Pulse|[of] p1a: Koraidon\n|-activate|p1a: Koraidon|Orichalcum Pulse|[source]\n|turn|24\n|\n|t:|1732980884\n|move|p2a: Falinks|Close Combat|p1a: Koraidon\n|-damage|p1a: Koraidon|0 fnt\n|-unboost|p2a: Falinks|def|1\n|-unboost|p2a: Falinks|spd|1\n|faint|p1a: Koraidon\n|-damage|p2a: Falinks|0 fnt|[from] item: Life Orb\n|faint|p2a: Falinks\n|\n|-weather|SunnyDay|[upkeep]\n|upkeep\n|\n|t:|1732980897\n|switch|p1a: Zebstrika|Zebstrika, L87, M|191/272\n|switch|p2a: Gardevoir|Gardevoir, L83, M|99/249\n|-ability|p2a: Gardevoir|Sap Sipper|[from] ability: Trace|[of] p1a: Zebstrika\n|turn|25\n|\n|t:|1732980923\n|-terastallize|p2a: Gardevoir|Fighting\n|move|p2a: Gardevoir|Focus Blast|p1a: Zebstrika\n|-damage|p1a: Zebstrika|14/272\n|move|p1a: Zebstrika|Supercell Slam|p2a: Gardevoir\n|-damage|p2a: Gardevoir|0 fnt\n|faint|p2a: Gardevoir\n|-damage|p1a: Zebstrika|0 fnt|[from] item: Life Orb\n|faint|p1a: Zebstrika\n|\n|win|Espiio\n|raw|Espiio's rating: 2158 &rarr; <strong>2175</strong><br />(+17 for winning)\n|raw|Inazuma-Fulgur's rating: 2114 &rarr; <strong>2097</strong><br />(-17 for losing)\n|c|\u2606Inazuma-Fulgur|!showteam\n|c| Inazuma-Fulgur|/raw <div class=\"infobox\"><details><summary>View team</summary>Zekrom @ Leftovers  <br />Ability: Teravolt  <br />Level: 71  <br />Tera Type: Electric  <br />EVs: 85 HP &#x2f; 85 Atk &#x2f; 85 Def &#x2f; 85 SpA &#x2f; 85 SpD &#x2f; 85 Spe  <br />- Bolt Strike  <br />- Dragon Dance  <br />- Outrage  <br />- Substitute  <br /><br />Falinks @ Life Orb  <br />Ability: Defiant  <br />Level: 84  <br />Tera Type: Dark  <br />EVs: 85 HP &#x2f; 85 Atk &#x2f; 85 Def &#x2f; 85 SpA &#x2f; 85 SpD &#x2f; 85 Spe  <br />- Iron Head  <br />- Knock Off  <br />- Close Combat  <br />- No Retreat  <br /><br />Iron Bundle @ Leftovers  <br />Ability: Quark Drive  <br />Level: 77  <br />Tera Type: Ice  <br />EVs: 85 HP &#x2f; 85 Def &#x2f; 85 SpA &#x2f; 85 SpD &#x2f; 85 Spe  <br />IVs: 0 Atk  <br />- Substitute  <br />- Freeze-Dry  <br />- Ice Beam  <br />- Hydro Pump  <br /><br />Kingambit @ Leftovers  <br />Ability: Supreme Overlord  <br />Level: 74  <br />Tera Type: Flying  <br />EVs: 85 HP &#x2f; 85 Atk &#x2f; 85 Def &#x2f; 85 SpA &#x2f; 85 SpD &#x2f; 85 Spe  <br />- Swords Dance  <br />- Sucker Punch  <br />- Iron Head  <br />- Kowtow Cleave  <br /><br />Lilligant (F) @ Life Orb  <br />Ability: Own Tempo  <br />Level: 86  <br />Tera Type: Grass  <br />EVs: 85 HP &#x2f; 85 Def &#x2f; 85 SpA &#x2f; 85 SpD &#x2f; 85 Spe  <br />IVs: 0 Atk  <br />- Quiver Dance  <br />- Alluring Voice  <br />- Sleep Powder  <br />- Petal Dance  <br /><br />Gardevoir @ Choice Scarf  <br />Ability: Trace  <br />Level: 83  <br />Tera Type: Fighting  <br />EVs: 85 HP &#x2f; 85 Def &#x2f; 85 SpA &#x2f; 85 SpD &#x2f; 85 Spe  <br />IVs: 0 Atk  <br />- Mystical Fire  <br />- Psyshock  <br />- Focus Blast  <br />- Moonblast  <br /><br /></details></div>\n", "inputlog": ">version b107d77f5c90bd6555267ae244a6264823309ead\n>start {\"formatid\":\"gen9randombattle\",\"seed\":[11793,21814,10313,22873],\"rated\":\"Rated battle\"}\n>player p1 {\"name\":\"Espiio\",\"avatar\":\"169\",\"rating\":2158,\"seed\":[64398,6508,24347,14062]}\n>player p2 {\"name\":\"Inazuma-Fulgur\",\"avatar\":\"marley\",\"rating\":2114,\"seed\":[21816,18413,47999,56548]}\n>p1 move knockoff\n>p2 switch 4\n>p1 move earthquake\n>p2 switch 5\n>p1 move toxic\n>p2 move petaldance\n>p1 move protect\n>p2 move petaldance\n>p1 switch 5\n>p2 move petaldance\n>p1 move swordsdance\n>p2 move petaldance\n>p2 switch 4\n>p1 move stompingtantrum\n>p2 move dragondance\n>p1 switch 3\n>p2 move outrage\n>p1 move wavecrash\n>p2 move outrage\n>p1 move wavecrash\n>p2 move outrage\n>p1 switch 2\n>p1 move irondefense\n>p2 move boltstrike\n>p1 move bodypress\n>p2 switch 3\n>p2 switch 2\n>p1 move irondefense terastallize\n>p2 switch 6\n>p1 switch 5\n>p2 move moonblast\n>p1 switch 3\n>p1 move ivycudgel\n>p2 move moonblast\n>p1 move ivycudgel\n>p2 switch 3\n>p1 move ivycudgel\n>p2 move dragondance\n>p2 switch 3\n>p1 switch 5\n>p2 move psyshock\n>p1 move bodypress\n>p2 move psyshock\n>p1 switch 6\n>p1 move supercellslam\n>p2 switch 5\n>p1 move supercellslam\n>p2 move kowtowcleave\n>p2 switch 6\n>p1 move supercellslam\n>p2 move noretreat\n>p1 switch 5\n>p2 move closecombat\n>p1 switch 4\n>p1 move swordsdance\n>p2 move closecombat\n>p1 switch 5\n>p2 switch 5\n>p1 move supercellslam\n>p2 move focusblast terastallize", "uploadtime": 1732980930, "views": 2, "formatid": "gen9randombattle", "rating": 2097, "private": 0, "password": null}