{"id": "gen9randombattle-2253799729", "format": "[Gen 9] Random Battle", "players": ["CfdadvbfssS", "fake kuroo"], "log": "|j|\u2606CfdadvbfssS\n|j|\u2606fake kuroo\n|t:|1732940096\n|gametype|singles\n|player|p1|CfdadvbfssS|cyrus|1070\n|player|p2|fake kuroo|266|1042\n|teamsize|p1|6\n|teamsize|p2|6\n|gen|9\n|tier|[Gen 9] Random Battle\n|rated|\n|rule|Species Clause: Limit one of each Pok\u00e9mon\n|rule|HP Percentage Mod: HP is shown in percentages\n|rule|Sleep Clause Mod: Limit one foe put to sleep\n|rule|Illusion Level Mod: Illusion disguises the Pok\u00e9mon's true level\n|\n|t:|1732940096\n|start\n|switch|p1a: Articuno|Articuno, L86|295/295\n|switch|p2a: Noivern|Noivern, L82, F|274/274\n|-ability|p1a: Articuno|Pressure\n|turn|1\n|\n|t:|1732940106\n|switch|p2a: Quaquaval|Quaquaval, L79, M|264/264\n|move|p1a: Articuno|Freeze-Dry|p2a: Quaquaval\n|-supereffective|p2a: Quaquaval\n|-damage|p2a: Quaquaval|96/264\n|\n|upkeep\n|turn|2\n|\n|t:|1732940123\n|move|p1a: Articuno|Freeze-Dry|p2a: Quaquaval\n|-supereffective|p2a: Quaquaval\n|-damage|p2a: Quaquaval|0 fnt\n|faint|p2a: Quaquaval\n|\n|upkeep\n|\n|t:|1732940130\n|switch|p2a: Iron Boulder|Iron Boulder, L77|265/265\n|turn|3\n|inactive|Battle timer is ON: inactive players will automatically lose when time's up. (requested by fake kuroo)\n|\n|t:|1732940171\n|switch|p1a: Sceptile|Sceptile, L87, F|264/264\n|move|p2a: Iron Boulder|Mighty Cleave|p1a: Sceptile\n|-damage|p1a: Sceptile|99/264\n|-damage|p2a: Iron Boulder|239/265|[from] item: Life Orb\n|\n|upkeep\n|turn|4\n|\n|t:|1732940179\n|move|p1a: Sceptile|Leaf Storm|p2a: Iron Boulder\n|-supereffective|p2a: Iron Boulder\n|-damage|p2a: Iron Boulder|0 fnt\n|-unboost|p1a: Sceptile|spa|2\n|faint|p2a: Iron Boulder\n|-end|p2a: Iron Boulder|Quark Drive|[silent]\n|-damage|p1a: Sceptile|73/264|[from] item: Life Orb\n|\n|upkeep\n|\n|t:|1732940185\n|switch|p2a: Illumise|Illumise, L91, F|266/266\n|turn|5\n|\n|t:|1732940214\n|move|p1a: Sceptile|Rock Slide|p2a: Illumise\n|-supereffective|p2a: Illumise\n|-damage|p2a: Illumise|133/266\n|-damage|p1a: Sceptile|47/264|[from] item: Life Orb\n|move|p2a: Illumise|Bug Buzz|p1a: Sceptile\n|-supereffective|p1a: Sceptile\n|-damage|p1a: Sceptile|0 fnt\n|faint|p1a: Sceptile\n|\n|upkeep\n|\n|t:|1732940222\n|switch|p1a: Articuno|Articuno, L86|295/295\n|-ability|p1a: Articuno|Pressure\n|turn|6\n|\n|t:|1732940242\n|move|p2a: Illumise|Thunder Wave|p1a: Articuno\n|-status|p1a: Articuno|par\n|move|p1a: Articuno|Brave Bird|p2a: Illumise\n|-supereffective|p2a: Illumise\n|-damage|p2a: Illumise|0 fnt\n|faint|p2a: Illumise\n|-damage|p1a: Articuno|251/295 par|[from] Recoil\n|\n|upkeep\n|\n|t:|1732940251\n|switch|p2a: Eiscue|Eiscue, L88, F|274/274\n|turn|7\n|\n|t:|1732940267\n|switch|p1a: Milotic|Milotic, L83, M|293/293\n|move|p2a: Eiscue|Ice Spinner|p1a: Milotic\n|-resisted|p1a: Milotic\n|-damage|p1a: Milotic|252/293\n|\n|-heal|p1a: Milotic|270/293|[from] item: Leftovers\n|upkeep\n|turn|8\n|\n|t:|1732940280\n|move|p1a: Milotic|Ice Beam|p2a: Eiscue\n|-resisted|p2a: Eiscue\n|-damage|p2a: Eiscue|242/274\n|move|p2a: Eiscue|Ice Spinner|p1a: Milotic\n|-resisted|p1a: Milotic\n|-damage|p1a: Milotic|222/293\n|\n|-heal|p1a: Milotic|240/293|[from] item: Leftovers\n|upkeep\n|turn|9\n|\n|t:|1732940288\n|move|p1a: Milotic|Scald|p2a: Eiscue\n|-damage|p2a: Eiscue|157/274\n|move|p2a: Eiscue|Liquidation|p1a: Milotic\n|-resisted|p1a: Milotic\n|-damage|p1a: Milotic|210/293\n|-unboost|p1a: Milotic|def|1\n|-ability|p1a: Milotic|Competitive|boost\n|-boost|p1a: Milotic|spa|2\n|\n|-heal|p1a: Milotic|228/293|[from] item: Leftovers\n|upkeep\n|turn|10\n|\n|t:|1732940297\n|move|p1a: Milotic|Scald|p2a: Eiscue\n|-damage|p2a: Eiscue|0 fnt\n|faint|p2a: Eiscue\n|\n|-heal|p1a: Milotic|246/293|[from] item: Leftovers\n|upkeep\n|\n|t:|1732940303\n|switch|p2a: Noivern|Noivern, L82, F|274/274\n|turn|11\n|\n|t:|1732940313\n|move|p2a: Noivern|Draco Meteor|p1a: Milotic\n|-crit|p1a: Milotic\n|-damage|p1a: Milotic|95/293\n|-unboost|p2a: Noivern|spa|2\n|move|p1a: Milotic|Ice Beam|p2a: Noivern\n|-supereffective|p2a: Noivern\n|-damage|p2a: Noivern|0 fnt\n|faint|p2a: Noivern\n|\n|-heal|p1a: Milotic|113/293|[from] item: Leftovers\n|upkeep\n|\n|t:|1732940323\n|switch|p2a: Gothitelle|Gothitelle, L90, M|272/272\n|turn|12\n|\n|t:|1732940327\n|move|p2a: Gothitelle|Psychic|p1a: Milotic\n|-damage|p1a: Milotic|25/293\n|move|p1a: Milotic|Recover|p1a: Milotic\n|-heal|p1a: Milotic|172/293\n|\n|-heal|p1a: Milotic|190/293|[from] item: Leftovers\n|upkeep\n|turn|13\n|\n|t:|1732940334\n|move|p2a: Gothitelle|Psychic|p1a: Milotic\n|-damage|p1a: Milotic|111/293\n|move|p1a: Milotic|Recover|p1a: Milotic\n|-heal|p1a: Milotic|258/293\n|\n|-heal|p1a: Milotic|276/293|[from] item: Leftovers\n|upkeep\n|turn|14\n|\n|t:|1732940340\n|move|p2a: Gothitelle|Psychic|p1a: Milotic\n|-damage|p1a: Milotic|192/293\n|move|p1a: Milotic|Scald|p2a: Gothitelle\n|-damage|p2a: Gothitelle|140/272\n|-status|p2a: Gothitelle|brn\n|\n|-heal|p1a: Milotic|210/293|[from] item: Leftovers\n|-damage|p2a: Gothitelle|123/272 brn|[from] brn\n|upkeep\n|turn|15\n|\n|t:|1732940349\n|move|p2a: Gothitelle|Psychic|p1a: Milotic\n|-crit|p1a: Milotic\n|-damage|p1a: Milotic|95/293\n|move|p1a: Milotic|Scald|p2a: Gothitelle\n|-damage|p2a: Gothitelle|0 fnt\n|faint|p2a: Gothitelle\n|\n|win|CfdadvbfssS\n|raw|CfdadvbfssS's rating: 1070 &rarr; <strong>1097</strong><br />(+27 for winning)\n|raw|fake kuroo's rating: 1042 &rarr; <strong>1027</strong><br />(-15 for losing)\n", "inputlog": ">version b107d77f5c90bd6555267ae244a6264823309ead\n>start {\"formatid\":\"gen9randombattle\",\"seed\":[45477,19863,55694,4792],\"rated\":\"Rated battle\"}\n>player p1 {\"name\":\"CfdadvbfssS\",\"avatar\":\"cyrus\",\"rating\":1070,\"seed\":[33739,1490,40502,54185]}\n>player p2 {\"name\":\"fake kuroo\",\"avatar\":\"266\",\"rating\":1042,\"seed\":[30862,8477,42132,47560]}\n>p1 move freezedry\n>p2 switch 3\n>p1 move freezedry\n>p2 move knockoff\n>p2 switch 2\n>p1 switch 2\n>p2 move mightycleave\n>p1 move leafstorm\n>p2 move zenheadbutt\n>p2 switch 4\n>p1 move rockslide\n>p2 move bugbuzz\n>p1 switch 2\n>p1 move bravebird\n>p2 move thunderwave\n>p2 switch 5\n>p1 switch 5\n>p2 move icespinner\n>p1 move icebeam\n>p2 move icespinner\n>p1 move scald\n>p2 move liquidation\n>p1 move scald\n>p2 move liquidation\n>p2 switch 3\n>p1 move icebeam\n>p2 move dracometeor\n>p2 switch 6\n>p1 move recover\n>p2 move psychic\n>p1 move recover\n>p2 move psychic\n>p1 move scald\n>p2 move psychic\n>p1 move scald\n>p2 move psychic", "uploadtime": 1732940352, "views": 17, "formatid": "gen9randombattle", "rating": 1027, "private": 0, "password": null}