{"id": "gen9randombattle-2253805249", "format": "[Gen 9] Random Battle", "players": ["MidnightMadman", "pierogru"], "log": "|j|\u2606MidnightMadman\n|j|\u2606pierogru\n|t:|1732940954\n|gametype|singles\n|player|p1|MidnightMadman|170|1374\n|player|p2|pierogru|richboy|1333\n|teamsize|p1|6\n|teamsize|p2|6\n|gen|9\n|tier|[Gen 9] Random Battle\n|rated|\n|rule|Species Clause: Limit one of each Pok\u00e9mon\n|rule|HP Percentage Mod: HP is shown in percentages\n|rule|Sleep Clause Mod: Limit one foe put to sleep\n|rule|Illusion Level Mod: Illusion disguises the Pok\u00e9mon's true level\n|\n|t:|1732940954\n|start\n|switch|p1a: Masquerain|Masquerain, L87, M|264/264\n|switch|p2a: Golem|Golem-Alola, L93, M|300/300\n|-ability|p1a: Masquerain|Intimidate|boost\n|-unboost|p2a: Golem|atk|1\n|turn|1\n|inactive|Battle timer is ON: inactive players will automatically lose when time's up. (requested by MidnightMadman)\n|inactive|pierogru has 120 seconds left.\n|\n|t:|1732940985\n|switch|p1a: Groudon|Groudon, L72|263/263\n|-weather|SunnyDay|[from] ability: Drought|[of] p1a: Groudon\n|switch|p2a: Forretress|Forretress, L84, F|263/263\n|\n|-weather|SunnyDay|[upkeep]\n|upkeep\n|turn|2\n|\n|t:|1732941001\n|move|p1a: Groudon|Heat Crash|p2a: Forretress\n|-supereffective|p2a: Forretress\n|-ability|p2a: Forretress|Sturdy\n|-damage|p2a: Forretress|1/263\n|move|p2a: Forretress|Stealth Rock|p1a: Groudon\n|-sidestart|p1: MidnightMadman|move: Stealth Rock\n|\n|-weather|SunnyDay|[upkeep]\n|-heal|p2a: Forretress|17/263|[from] item: Leftovers\n|upkeep\n|turn|3\n|\n|t:|1732941012\n|move|p1a: Groudon|Heat Crash|p2a: Forretress\n|-supereffective|p2a: Forretress\n|-damage|p2a: Forretress|0 fnt\n|faint|p2a: Forretress\n|\n|-weather|SunnyDay|[upkeep]\n|upkeep\n|\n|t:|1732941015\n|switch|p2a: Ursaluna|Ursaluna-Bloodmoon, L79, M|308/308\n|turn|4\n|\n|t:|1732941027\n|switch|p1a: Masquerain|Masquerain, L87, M|264/264\n|-ability|p1a: Masquerain|Intimidate|boost\n|-unboost|p2a: Ursaluna|atk|1\n|move|p2a: Ursaluna|Blood Moon|p1a: Masquerain\n|-damage|p1a: Masquerain|99/264\n|\n|-weather|SunnyDay|[upkeep]\n|upkeep\n|turn|5\n|\n|t:|1732941044\n|move|p1a: Masquerain|Hydro Pump|p2a: Ursaluna\n|-supereffective|p2a: Ursaluna\n|-damage|p2a: Ursaluna|204/308\n|move|p2a: Ursaluna|Calm Mind|p2a: Ursaluna\n|-boost|p2a: Ursaluna|spa|1\n|-boost|p2a: Ursaluna|spd|1\n|\n|-weather|none\n|-heal|p2a: Ursaluna|223/308|[from] item: Leftovers\n|upkeep\n|turn|6\n|\n|t:|1732941052\n|move|p1a: Masquerain|Quiver Dance|p1a: Masquerain\n|-boost|p1a: Masquerain|spa|1\n|-boost|p1a: Masquerain|spd|1\n|-boost|p1a: Masquerain|spe|1\n|move|p2a: Ursaluna|Calm Mind|p2a: Ursaluna\n|-boost|p2a: Ursaluna|spa|1\n|-boost|p2a: Ursaluna|spd|1\n|\n|-heal|p2a: Ursaluna|242/308|[from] item: Leftovers\n|upkeep\n|turn|7\n|\n|t:|1732941062\n|move|p1a: Masquerain|Quiver Dance|p1a: Masquerain\n|-boost|p1a: Masquerain|spa|1\n|-boost|p1a: Masquerain|spd|1\n|-boost|p1a: Masquerain|spe|1\n|move|p2a: Ursaluna|Blood Moon|p1a: Masquerain\n|-damage|p1a: Masquerain|0 fnt\n|faint|p1a: Masquerain\n|\n|-heal|p2a: Ursaluna|261/308|[from] item: Leftovers\n|upkeep\n|\n|t:|1732941069\n|switch|p1a: Perrserker|Perrserker, L89, M|269/269\n|-damage|p1a: Perrserker|253/269|[from] Stealth Rock\n|turn|8\n|\n|t:|1732941076\n|move|p1a: Perrserker|Close Combat|p2a: Ursaluna\n|-supereffective|p2a: Ursaluna\n|-damage|p2a: Ursaluna|0 fnt\n|-unboost|p1a: Perrserker|def|1\n|-unboost|p1a: Perrserker|spd|1\n|faint|p2a: Ursaluna\n|\n|upkeep\n|\n|t:|1732941089\n|switch|p2a: Arceus|Arceus-Fighting, L70|284/284\n|turn|9\n|c|\u2606pierogru|grt\n|\n|t:|1732941101\n|switch|p1a: Necrozma|Necrozma-Dawn-Wings, L76|272/272\n|-damage|p1a: Necrozma|238/272|[from] Stealth Rock\n|move|p2a: Arceus|Body Press|p1a: Necrozma\n|-immune|p1a: Necrozma\n|\n|-heal|p1a: Necrozma|255/272|[from] item: Leftovers\n|upkeep\n|turn|10\n|\n|t:|1732941114\n|switch|p2a: Golem|Golem-Alola, L93, M|300/300\n|-terastallize|p1a: Necrozma|Fairy\n|move|p1a: Necrozma|Calm Mind|p1a: Necrozma\n|-boost|p1a: Necrozma|spa|1\n|-boost|p1a: Necrozma|spd|1\n|\n|-heal|p1a: Necrozma|272/272|[from] item: Leftovers\n|upkeep\n|turn|11\n|\n|t:|1732941127\n|move|p1a: Necrozma|Photon Geyser|p2a: Golem\n|-damage|p2a: Golem|96/300\n|move|p2a: Golem|Explosion|p1a: Necrozma\n|-damage|p1a: Necrozma|0 fnt\n|faint|p2a: Golem\n|faint|p1a: Necrozma\n|\n|upkeep\n|\n|t:|1732941143\n|switch|p1a: Groudon|Groudon, L72|263/263\n|switch|p2a: Arceus|Arceus-Fighting, L70|284/284\n|-damage|p1a: Groudon|247/263|[from] Stealth Rock\n|-weather|SunnyDay|[from] ability: Drought|[of] p1a: Groudon\n|turn|12\n|\n|t:|1732941150\n|move|p2a: Arceus|Cosmic Power|p2a: Arceus\n|-boost|p2a: Arceus|def|1\n|-boost|p2a: Arceus|spd|1\n|move|p1a: Groudon|Heat Crash|p2a: Arceus\n|-damage|p2a: Arceus|239/284\n|\n|-weather|SunnyDay|[upkeep]\n|-heal|p1a: Groudon|263/263|[from] item: Leftovers\n|upkeep\n|turn|13\n|\n|t:|1732941157\n|move|p2a: Arceus|Cosmic Power|p2a: Arceus\n|-boost|p2a: Arceus|def|1\n|-boost|p2a: Arceus|spd|1\n|move|p1a: Groudon|Roar|p2a: Arceus\n|drag|p2a: Lunala|Lunala, L70|308/308\n|\n|-weather|SunnyDay|[upkeep]\n|upkeep\n|turn|14\n|\n|t:|1732941165\n|move|p2a: Lunala|Moongeist Beam|p1a: Groudon\n|-damage|p1a: Groudon|146/263\n|move|p1a: Groudon|Heat Crash|p2a: Lunala\n|-damage|p2a: Lunala|227/308\n|\n|-weather|SunnyDay|[upkeep]\n|-heal|p2a: Lunala|246/308|[from] item: Leftovers\n|-heal|p1a: Groudon|162/263|[from] item: Leftovers\n|upkeep\n|turn|15\n|\n|t:|1732941174\n|move|p2a: Lunala|Moongeist Beam|p1a: Groudon\n|-damage|p1a: Groudon|56/263\n|move|p1a: Groudon|Precipice Blades|p2a: Lunala\n|-damage|p2a: Lunala|83/308\n|\n|-weather|SunnyDay|[upkeep]\n|-heal|p2a: Lunala|102/308|[from] item: Leftovers\n|-heal|p1a: Groudon|72/263|[from] item: Leftovers\n|upkeep\n|turn|16\n|\n|t:|1732941185\n|switch|p1a: Shiftry|Shiftry, L89, M|305/305\n|-damage|p1a: Shiftry|267/305|[from] Stealth Rock\n|move|p2a: Lunala|Moongeist Beam|p1a: Shiftry\n|-resisted|p1a: Shiftry\n|-damage|p1a: Shiftry|208/305\n|\n|-weather|none\n|-heal|p2a: Lunala|121/308|[from] item: Leftovers\n|upkeep\n|turn|17\n|\n|t:|1732941193\n|move|p1a: Shiftry|Leaf Blade|p2a: Lunala\n|-damage|p2a: Lunala|0 fnt\n|faint|p2a: Lunala\n|-damage|p1a: Shiftry|178/305|[from] item: Life Orb\n|\n|upkeep\n|\n|t:|1732941197\n|switch|p2a: Cobalion|Cobalion, L80|277/277\n|turn|18\n|\n|t:|1732941203\n|move|p2a: Cobalion|Calm Mind|p2a: Cobalion\n|-boost|p2a: Cobalion|spa|1\n|-boost|p2a: Cobalion|spd|1\n|move|p1a: Shiftry|Leaf Blade|p2a: Cobalion\n|-resisted|p2a: Cobalion\n|-damage|p2a: Cobalion|219/277\n|-damage|p1a: Shiftry|148/305|[from] item: Life Orb\n|\n|-heal|p2a: Cobalion|236/277|[from] item: Leftovers\n|upkeep\n|turn|19\n|\n|t:|1732941213\n|move|p2a: Cobalion|Vacuum Wave|p1a: Shiftry\n|-supereffective|p1a: Shiftry\n|-damage|p1a: Shiftry|20/305\n|move|p1a: Shiftry|Leaf Blade|p2a: Cobalion\n|-resisted|p2a: Cobalion\n|-crit|p2a: Cobalion\n|-damage|p2a: Cobalion|154/277\n|-damage|p1a: Shiftry|0 fnt|[from] item: Life Orb\n|faint|p1a: Shiftry\n|\n|-heal|p2a: Cobalion|171/277|[from] item: Leftovers\n|upkeep\n|\n|t:|1732941240\n|switch|p1a: Emboar|Emboar, L84, F|322/322\n|-damage|p1a: Emboar|282/322|[from] Stealth Rock\n|turn|20\n|\n|t:|1732941251\n|-terastallize|p2a: Cobalion|Fighting\n|move|p1a: Emboar|Close Combat|p2a: Cobalion\n|-damage|p2a: Cobalion|44/277\n|-unboost|p1a: Emboar|def|1\n|-unboost|p1a: Emboar|spd|1\n|move|p2a: Cobalion|Calm Mind|p2a: Cobalion\n|-boost|p2a: Cobalion|spa|1\n|-boost|p2a: Cobalion|spd|1\n|\n|-heal|p2a: Cobalion|61/277|[from] item: Leftovers\n|upkeep\n|turn|21\n|\n|t:|1732941259\n|move|p2a: Cobalion|Vacuum Wave|p1a: Emboar\n|-damage|p1a: Emboar|102/322\n|move|p1a: Emboar|Close Combat|p2a: Cobalion\n|-damage|p2a: Cobalion|0 fnt\n|-unboost|p1a: Emboar|def|1\n|-unboost|p1a: Emboar|spd|1\n|faint|p2a: Cobalion\n|\n|upkeep\n|\n|t:|1732941263\n|switch|p2a: Arceus|Arceus-Fighting, L70|239/284\n|turn|22\n|\n|t:|1732941266\n|move|p1a: Emboar|Close Combat|p2a: Arceus\n|-damage|p2a: Arceus|94/284\n|-unboost|p1a: Emboar|def|1\n|-unboost|p1a: Emboar|spd|1\n|move|p2a: Arceus|Recover|p2a: Arceus\n|-heal|p2a: Arceus|236/284\n|\n|upkeep\n|turn|23\n|\n|t:|1732941271\n|move|p1a: Emboar|Close Combat|p2a: Arceus\n|-damage|p2a: Arceus|97/284\n|-unboost|p1a: Emboar|def|1\n|-unboost|p1a: Emboar|spd|1\n|move|p2a: Arceus|Recover|p2a: Arceus\n|-heal|p2a: Arceus|239/284\n|\n|upkeep\n|turn|24\n|\n|t:|1732941276\n|move|p1a: Emboar|Close Combat|p2a: Arceus\n|-damage|p2a: Arceus|94/284\n|-unboost|p1a: Emboar|def|1\n|-unboost|p1a: Emboar|spd|1\n|move|p2a: Arceus|Body Press|p1a: Emboar\n|-crit|p1a: Emboar\n|-damage|p1a: Emboar|0 fnt\n|faint|p1a: Emboar\n|\n|upkeep\n|\n|t:|1732941291\n|switch|p1a: Perrserker|Perrserker, L89, M|253/269\n|-damage|p1a: Perrserker|237/269|[from] Stealth Rock\n|turn|25\n|\n|t:|1732941297\n|move|p2a: Arceus|Recover|p2a: Arceus\n|-heal|p2a: Arceus|236/284\n|move|p1a: Perrserker|Close Combat|p2a: Arceus\n|-damage|p2a: Arceus|101/284\n|-unboost|p1a: Perrserker|def|1\n|-unboost|p1a: Perrserker|spd|1\n|\n|upkeep\n|turn|26\n|\n|t:|1732941305\n|move|p2a: Arceus|Recover|p2a: Arceus\n|-heal|p2a: Arceus|243/284\n|move|p1a: Perrserker|Close Combat|p2a: Arceus\n|-damage|p2a: Arceus|96/284\n|-unboost|p1a: Perrserker|def|1\n|-unboost|p1a: Perrserker|spd|1\n|\n|upkeep\n|turn|27\n|\n|t:|1732941313\n|move|p2a: Arceus|Recover|p2a: Arceus\n|-heal|p2a: Arceus|238/284\n|move|p1a: Perrserker|Close Combat|p2a: Arceus\n|-damage|p2a: Arceus|100/284\n|-unboost|p1a: Perrserker|def|1\n|-unboost|p1a: Perrserker|spd|1\n|\n|upkeep\n|turn|28\n|\n|t:|1732941319\n|move|p2a: Arceus|Recover|p2a: Arceus\n|-heal|p2a: Arceus|242/284\n|move|p1a: Perrserker|Close Combat|p2a: Arceus\n|-damage|p2a: Arceus|98/284\n|-unboost|p1a: Perrserker|def|1\n|-unboost|p1a: Perrserker|spd|1\n|\n|upkeep\n|turn|29\n|\n|t:|1732941326\n|move|p2a: Arceus|Recover|p2a: Arceus\n|-heal|p2a: Arceus|240/284\n|move|p1a: Perrserker|Close Combat|p2a: Arceus\n|-damage|p2a: Arceus|91/284\n|-unboost|p1a: Perrserker|def|1\n|-unboost|p1a: Perrserker|spd|1\n|\n|upkeep\n|turn|30\n|\n|t:|1732941337\n|move|p2a: Arceus|Body Press|p1a: Perrserker\n|-supereffective|p1a: Perrserker\n|-damage|p1a: Perrserker|0 fnt\n|faint|p1a: Perrserker\n|\n|upkeep\n|\n|t:|1732941339\n|switch|p1a: Groudon|Groudon, L72|72/263\n|-damage|p1a: Groudon|56/263|[from] Stealth Rock\n|-weather|SunnyDay|[from] ability: Drought|[of] p1a: Groudon\n|turn|31\n|\n|t:|1732941346\n|move|p2a: Arceus|Recover|p2a: Arceus\n|-heal|p2a: Arceus|233/284\n|move|p1a: Groudon|Precipice Blades|p2a: Arceus\n|-damage|p2a: Arceus|101/284\n|\n|-weather|SunnyDay|[upkeep]\n|-heal|p1a: Groudon|72/263|[from] item: Leftovers\n|upkeep\n|turn|32\n|\n|t:|1732941351\n|move|p2a: Arceus|Body Press|p1a: Groudon\n|-damage|p1a: Groudon|5/263\n|move|p1a: Groudon|Precipice Blades|p2a: Arceus\n|-damage|p2a: Arceus|0 fnt\n|faint|p2a: Arceus\n|\n|win|MidnightMadman\n|raw|MidnightMadman's rating: 1374 &rarr; <strong>1392</strong><br />(+18 for winning)\n|raw|pierogru's rating: 1333 &rarr; <strong>1315</strong><br />(-18 for losing)\n|l|\u2606pierogru\n|player|p2|\n|c|\u2606MidnightMadman|gg wp\n", "inputlog": ">version b107d77f5c90bd6555267ae244a6264823309ead\n>start {\"formatid\":\"gen9randombattle\",\"seed\":[3584,62165,58861,2432],\"rated\":\"Rated battle\"}\n>player p1 {\"name\":\"MidnightMadman\",\"avatar\":\"170\",\"rating\":1374,\"seed\":[58043,28381,58916,30313]}\n>player p2 {\"name\":\"pierogru\",\"avatar\":\"richboy\",\"rating\":1333,\"seed\":[63665,8086,33363,49031]}\n>p1 switch 5\n>p2 switch 5\n>p1 move heatcrash\n>p2 move stealthrock\n>p1 move heatcrash\n>p2 move rapidspin\n>p2 switch 4\n>p1 switch 5\n>p2 move bloodmoon\n>p1 move hydropump\n>p2 move calmmind\n>p1 move quiverdance\n>p2 move calmmind\n>p1 move quiverdance\n>p2 move bloodmoon\n>p1 switch 3\n>p1 move closecombat\n>p2 move calmmind\n>p2 switch 2\n>chat \u2606pierogru|grt\n>p1 switch 6\n>p2 move bodypress\n>p1 move calmmind terastallize\n>p2 switch 5\n>p1 move photongeyser\n>p2 move explosion\n>p1 switch 5\n>p2 switch 5\n>p1 move heatcrash\n>p2 move cosmicpower\n>p1 move roar\n>p2 move cosmicpower\n>p1 move heatcrash\n>p2 move moongeistbeam\n>p1 move precipiceblades\n>p2 move moongeistbeam\n>p1 switch 2\n>p2 move moongeistbeam\n>p1 move leafblade\n>p2 move moonlight\n>p2 switch 3\n>p1 move leafblade\n>p2 move calmmind\n>p1 move leafblade\n>p2 move vacuumwave\n>p1 switch 4\n>p1 move closecombat\n>p2 move calmmind terastallize\n>p1 move closecombat\n>p2 move vacuumwave\n>p2 switch 6\n>p1 move closecombat\n>p2 move recover\n>p1 move closecombat\n>p2 move recover\n>p1 move closecombat\n>p2 move bodypress\n>p1 switch 6\n>p1 move closecombat\n>p2 move recover\n>p1 move closecombat\n>p2 move recover\n>p1 move closecombat\n>p2 move recover\n>p1 move closecombat\n>p2 move recover\n>p1 move closecombat\n>p2 move recover\n>p1 move closecombat\n>p2 move bodypress\n>p1 switch 2\n>p1 move precipiceblades\n>p2 move recover\n>p1 move precipiceblades\n>p2 move bodypress", "uploadtime": 1732941362, "views": 19, "formatid": "gen9randombattle", "rating": 1315, "private": 0, "password": null}