{"id": "gen9randombattle-2253802807", "format": "[Gen 9] Random Battle", "players": ["Alexpokemaniacx3", "bbbbbbbsbbbsbbbsbb"], "log": "|j|\u2606Alexpokemaniacx3\n|j|\u2606bbbbbbbsbbbsbbbsbb\n|t:|1732940573\n|gametype|singles\n|player|p1|Alexpokemaniacx3|pokemaniac|1000\n|player|p2|bbbbbbbsbbbsbbbsbb|102|1000\n|teamsize|p1|6\n|teamsize|p2|6\n|gen|9\n|tier|[Gen 9] Random Battle\n|rated|\n|rule|Species Clause: Limit one of each Pok\u00e9mon\n|rule|HP Percentage Mod: HP is shown in percentages\n|rule|Sleep Clause Mod: Limit one foe put to sleep\n|rule|Illusion Level Mod: Illusion disguises the Pok\u00e9mon's true level\n|\n|t:|1732940573\n|start\n|switch|p1a: Brambleghast|Brambleghast, L88, F|240/240\n|switch|p2a: Iron Jugulis|Iron Jugulis, L78|275/275\n|turn|1\n|\n|t:|1732940586\n|move|p2a: Iron Jugulis|Fire Blast|p1a: Brambleghast\n|-supereffective|p1a: Brambleghast\n|-damage|p1a: Brambleghast|0 fnt\n|faint|p1a: Brambleghast\n|\n|upkeep\n|\n|t:|1732940608\n|switch|p1a: Slowking|Slowking, L88, M|310/310\n|turn|2\n|\n|t:|1732940618\n|-end|p2a: Iron Jugulis|Quark Drive|[silent]\n|switch|p2a: Mightyena|Mightyena, L95, M|287/287\n|-ability|p2a: Mightyena|Intimidate|boost\n|-unboost|p1a: Slowking|atk|1\n|move|p1a: Slowking|Chilly Reception|p1a: Slowking\n|-weather|Snow\n|\n|t:|1732940639\n|switch|p1a: Keldeo|Keldeo-Resolute, L79|273/273|[from] Chilly Reception\n|\n|-weather|Snow|[upkeep]\n|upkeep\n|turn|3\n|\n|t:|1732940652\n|switch|p2a: Iron Jugulis|Iron Jugulis, L78|275/275\n|move|p1a: Keldeo|Calm Mind|p1a: Keldeo\n|-boost|p1a: Keldeo|spa|1\n|-boost|p1a: Keldeo|spd|1\n|\n|-weather|Snow|[upkeep]\n|upkeep\n|turn|4\n|\n|t:|1732940667\n|move|p1a: Keldeo|Secret Sword|p2a: Iron Jugulis\n|-damage|p2a: Iron Jugulis|125/275\n|move|p2a: Iron Jugulis|Hurricane|p1a: Keldeo|[miss]\n|-miss|p2a: Iron Jugulis|p1a: Keldeo\n|\n|-weather|Snow|[upkeep]\n|upkeep\n|turn|5\n|\n|t:|1732940686\n|move|p1a: Keldeo|Secret Sword|p2a: Iron Jugulis\n|-damage|p2a: Iron Jugulis|0 fnt\n|faint|p2a: Iron Jugulis\n|-end|p2a: Iron Jugulis|Quark Drive|[silent]\n|\n|-weather|Snow|[upkeep]\n|upkeep\n|\n|t:|1732940693\n|switch|p2a: Houndstone|Houndstone, L86, F|264/264\n|turn|6\n|\n|t:|1732940701\n|move|p1a: Keldeo|Hydro Pump|p2a: Houndstone|[miss]\n|-miss|p1a: Keldeo|p2a: Houndstone\n|move|p2a: Houndstone|Poltergeist|p1a: Keldeo\n|-activate|p1a: Keldeo|move: Poltergeist|Leftovers\n|-crit|p1a: Keldeo\n|-damage|p1a: Keldeo|87/273\n|\n|-weather|none\n|-heal|p1a: Keldeo|104/273|[from] item: Leftovers\n|upkeep\n|turn|7\n|\n|t:|1732940714\n|move|p2a: Houndstone|Shadow Sneak|p1a: Keldeo\n|-damage|p1a: Keldeo|50/273\n|move|p1a: Keldeo|Hydro Pump|p2a: Houndstone\n|-damage|p2a: Houndstone|83/264\n|\n|-heal|p1a: Keldeo|67/273|[from] item: Leftovers\n|-heal|p2a: Houndstone|99/264|[from] item: Leftovers\n|upkeep\n|turn|8\n|\n|t:|1732940727\n|move|p1a: Keldeo|Hydro Pump|p2a: Houndstone\n|-damage|p2a: Houndstone|0 fnt\n|faint|p2a: Houndstone\n|\n|-heal|p1a: Keldeo|84/273|[from] item: Leftovers\n|upkeep\n|\n|t:|1732940735\n|switch|p2a: Gardevoir|Gardevoir, L83, F|249/249\n|-ability|p2a: Gardevoir|Justified|[from] ability: Trace|[of] p1a: Keldeo\n|turn|9\n|\n|t:|1732940744\n|move|p2a: Gardevoir|Psychic|p1a: Keldeo\n|-supereffective|p1a: Keldeo\n|-damage|p1a: Keldeo|0 fnt\n|faint|p1a: Keldeo\n|\n|upkeep\n|\n|t:|1732940757\n|switch|p1a: Camerupt|Camerupt, L91, M|275/275\n|turn|10\n|\n|t:|1732940763\n|move|p2a: Gardevoir|Psychic|p1a: Camerupt\n|-damage|p1a: Camerupt|161/275\n|move|p1a: Camerupt|Earthquake|p2a: Gardevoir\n|-damage|p2a: Gardevoir|101/249\n|\n|-heal|p1a: Camerupt|178/275|[from] item: Leftovers\n|upkeep\n|turn|11\n|\n|t:|1732940775\n|switch|p2a: Manaphy|Manaphy, L78|284/284\n|move|p1a: Camerupt|Earthquake|p2a: Manaphy\n|-damage|p2a: Manaphy|167/284\n|\n|-heal|p2a: Manaphy|184/284|[from] item: Leftovers\n|-heal|p1a: Camerupt|195/275|[from] item: Leftovers\n|upkeep\n|turn|12\n|\n|t:|1732940786\n|move|p2a: Manaphy|Surf|p1a: Camerupt\n|-supereffective|p1a: Camerupt\n|-damage|p1a: Camerupt|0 fnt\n|faint|p1a: Camerupt\n|\n|-heal|p2a: Manaphy|201/284|[from] item: Leftovers\n|upkeep\n|\n|t:|1732940792\n|switch|p1a: Jolteon|Jolteon, L84, M|246/246\n|turn|13\n|\n|t:|1732940799\n|switch|p2a: Mightyena|Mightyena, L95, M|287/287\n|-ability|p2a: Mightyena|Intimidate|boost\n|-unboost|p1a: Jolteon|atk|1\n|move|p1a: Jolteon|Calm Mind|p1a: Jolteon\n|-boost|p1a: Jolteon|spa|1\n|-boost|p1a: Jolteon|spd|1\n|\n|upkeep\n|turn|14\n|\n|t:|1732940818\n|move|p1a: Jolteon|Thunderbolt|p2a: Mightyena\n|-damage|p2a: Mightyena|118/287\n|move|p2a: Mightyena|Taunt|p1a: Jolteon\n|-start|p1a: Jolteon|move: Taunt\n|\n|-heal|p2a: Mightyena|135/287|[from] item: Leftovers\n|upkeep\n|turn|15\n|\n|t:|1732940834\n|move|p2a: Mightyena|Sucker Punch|p1a: Jolteon\n|-damage|p1a: Jolteon|134/246\n|move|p1a: Jolteon|Thunderbolt|p2a: Mightyena\n|-damage|p2a: Mightyena|0 fnt\n|faint|p2a: Mightyena\n|\n|-heal|p1a: Jolteon|149/246|[from] item: Leftovers\n|upkeep\n|\n|t:|1732940843\n|switch|p2a: Glaceon|Glaceon, L94, M|275/275\n|turn|16\n|\n|t:|1732940851\n|move|p1a: Jolteon|Thunderbolt|p2a: Glaceon\n|-damage|p2a: Glaceon|152/275\n|move|p2a: Glaceon|Freeze-Dry|p1a: Jolteon\n|-damage|p1a: Jolteon|80/246\n|\n|-heal|p1a: Jolteon|95/246|[from] item: Leftovers\n|upkeep\n|turn|17\n|\n|t:|1732940860\n|move|p1a: Jolteon|Thunderbolt|p2a: Glaceon\n|-damage|p2a: Glaceon|17/275\n|move|p2a: Glaceon|Freeze-Dry|p1a: Jolteon\n|-damage|p1a: Jolteon|20/246\n|\n|-heal|p1a: Jolteon|35/246|[from] item: Leftovers\n|-end|p1a: Jolteon|move: Taunt\n|upkeep\n|turn|18\n|\n|t:|1732940871\n|move|p1a: Jolteon|Thunderbolt|p2a: Glaceon\n|-damage|p2a: Glaceon|0 fnt\n|faint|p2a: Glaceon\n|\n|-heal|p1a: Jolteon|50/246|[from] item: Leftovers\n|upkeep\n|\n|t:|1732940874\n|switch|p2a: Gardevoir|Gardevoir, L83, F|101/249\n|-ability|p2a: Gardevoir|Volt Absorb|[from] ability: Trace|[of] p1a: Jolteon\n|turn|19\n|\n|t:|1732940882\n|move|p2a: Gardevoir|Psychic|p1a: Jolteon\n|-damage|p1a: Jolteon|0 fnt\n|faint|p1a: Jolteon\n|\n|upkeep\n|\n|t:|1732940892\n|switch|p1a: Slowking|Slowking, L88, M|310/310\n|turn|20\n|\n|t:|1732940900\n|move|p2a: Gardevoir|Psychic|p1a: Slowking\n|-resisted|p1a: Slowking\n|-damage|p1a: Slowking|267/310\n|-unboost|p1a: Slowking|spd|1\n|move|p1a: Slowking|Future Sight|p2a: Gardevoir\n|-start|p1a: Slowking|move: Future Sight\n|\n|upkeep\n|turn|21\n|\n|t:|1732940911\n|switch|p2a: Manaphy|Manaphy, L78|201/284\n|move|p1a: Slowking|Slack Off|p1a: Slowking\n|-heal|p1a: Slowking|310/310\n|\n|-heal|p2a: Manaphy|218/284|[from] item: Leftovers\n|upkeep\n|turn|22\n|\n|t:|1732940922\n|move|p2a: Manaphy|Tail Glow|p2a: Manaphy\n|-boost|p2a: Manaphy|spa|3\n|move|p1a: Slowking|Scald|p2a: Manaphy\n|-resisted|p2a: Manaphy\n|-damage|p2a: Manaphy|176/284\n|\n|-end|p2a: Manaphy|move: Future Sight\n|-damage|p2a: Manaphy|38/284\n|-heal|p2a: Manaphy|55/284|[from] item: Leftovers\n|upkeep\n|turn|23\n|\n|t:|1732940968\n|move|p2a: Manaphy|Energy Ball|p1a: Slowking\n|-supereffective|p1a: Slowking\n|-damage|p1a: Slowking|0 fnt\n|faint|p1a: Slowking\n|\n|-heal|p2a: Manaphy|72/284|[from] item: Leftovers\n|upkeep\n|\n|t:|1732940974\n|switch|p1a: Pachirisu|Pachirisu, L96, F|271/271\n|turn|24\n|\n|t:|1732940985\n|switch|p2a: Gardevoir|Gardevoir, L83, F|101/249\n|-ability|p2a: Gardevoir|Volt Absorb|[from] ability: Trace|[of] p1a: Pachirisu\n|move|p1a: Pachirisu|Thunderbolt|p2a: Gardevoir\n|-heal|p2a: Gardevoir|163/249|[from] ability: Volt Absorb|[of] p1a: Pachirisu\n|\n|upkeep\n|turn|25\n|c|\u2606Alexpokemaniacx3|gg\n|\n|t:|1732941008\n|move|p2a: Gardevoir|Moonblast|p1a: Pachirisu\n|-damage|p1a: Pachirisu|207/271\n|-unboost|p1a: Pachirisu|spa|1\n|move|p1a: Pachirisu|Super Fang|p2a: Gardevoir\n|-damage|p2a: Gardevoir|82/249\n|\n|upkeep\n|turn|26\n|\n|t:|1732941019\n|-terastallize|p2a: Gardevoir|Fairy\n|move|p2a: Gardevoir|Moonblast|p1a: Pachirisu\n|-damage|p1a: Pachirisu|121/271\n|-unboost|p1a: Pachirisu|spa|1\n|move|p1a: Pachirisu|U-turn|p2a: Gardevoir\n|-resisted|p2a: Gardevoir\n|-damage|p2a: Gardevoir|58/249\n|\n|upkeep\n|turn|27\n|\n|t:|1732941031\n|move|p2a: Gardevoir|Moonblast|p1a: Pachirisu\n|-damage|p1a: Pachirisu|33/271\n|move|p1a: Pachirisu|Super Fang|p2a: Gardevoir\n|-damage|p2a: Gardevoir|29/249\n|\n|upkeep\n|turn|28\n|\n|t:|1732941039\n|move|p2a: Gardevoir|Moonblast|p1a: Pachirisu\n|-damage|p1a: Pachirisu|0 fnt\n|faint|p1a: Pachirisu\n|\n|win|bbbbbbbsbbbsbbbsbb\n|raw|Alexpokemaniacx3's rating: 1000 &rarr; <strong>1000</strong><br />(+0 for losing)\n|raw|bbbbbbbsbbbsbbbsbb's rating: 1000 &rarr; <strong>1040</strong><br />(+40 for winning)\n|l|\u2606Alexpokemaniacx3\n|player|p1|\n", "inputlog": ">version b107d77f5c90bd6555267ae244a6264823309ead\n>start {\"formatid\":\"gen9randombattle\",\"seed\":[58924,27483,24449,1632],\"rated\":\"Rated battle\"}\n>player p1 {\"name\":\"Alexpokemaniacx3\",\"avatar\":\"pokemaniac\",\"rating\":1000,\"seed\":[9473,24017,30310,44190]}\n>player p2 {\"name\":\"bbbbbbbsbbbsbbbsbb\",\"avatar\":\"102\",\"rating\":1000,\"seed\":[9698,37318,49745,19636]}\n>p1 move substitute\n>p2 move fireblast\n>p1 switch 6\n>p1 move chillyreception\n>p2 switch 3\n>p1 switch 5\n>p1 move calmmind\n>p2 switch 3\n>p1 move secretsword\n>p2 move hurricane\n>p1 move secretsword\n>p2 move hurricane\n>p2 switch 5\n>p1 move hydropump\n>p2 move poltergeist\n>p1 move hydropump\n>p2 move shadowsneak\n>p1 move hydropump\n>p2 move bodypress\n>p2 switch 6\n>p1 move hydropump\n>p2 move psychic\n>p1 switch 3\n>p1 move earthquake\n>p2 move psychic\n>p1 move earthquake\n>p2 switch 4\n>p1 move willowisp\n>p2 move surf\n>p1 switch 2\n>p1 move calmmind\n>p2 switch 3\n>p1 move thunderbolt\n>p2 move taunt\n>p1 move thunderbolt\n>p2 move suckerpunch\n>p2 switch 2\n>p1 move thunderbolt\n>p2 move freezedry\n>p1 move thunderbolt\n>p2 move freezedry\n>p1 move thunderbolt\n>p2 move calmmind\n>p2 switch 4\n>p1 move thunderbolt\n>p2 move psychic\n>p1 switch 5\n>p1 move futuresight\n>p2 move psychic\n>p1 move slackoff\n>p2 switch 3\n>p1 move scald\n>p2 move tailglow\n>p1 move scald\n>p2 move energyball\n>p1 switch 4\n>p1 move thunderbolt\n>p2 switch 3\n>chat \u2606Alexpokemaniacx3|gg\n>p1 move superfang\n>p2 move moonblast\n>p1 move uturn\n>p2 move moonblast terastallize\n>p1 move superfang\n>p2 move moonblast\n>p1 move uturn\n>p2 move moonblast", "uploadtime": 1732941045, "views": 18, "formatid": "gen9randombattle", "rating": 1000, "private": 0, "password": null}