{"id": "gen9randombattle-2254101909", "format": "[Gen 9] Random Battle", "players": ["Alex Silverwood", "Mik22"], "log": "|j|\u2606Alex Silverwood\n|j|\u2606Mik22\n|t:|1732991475\n|gametype|singles\n|player|p1|Alex Silverwood|clerkf|1467\n|player|p2|Mik22|101|1506\n|teamsize|p1|6\n|teamsize|p2|6\n|gen|9\n|tier|[Gen 9] Random Battle\n|rated|\n|rule|Species Clause: Limit one of each Pok\u00e9mon\n|rule|HP Percentage Mod: HP is shown in percentages\n|rule|Sleep Clause Mod: Limit one foe put to sleep\n|rule|Illusion Level Mod: Illusion disguises the Pok\u00e9mon's true level\n|\n|t:|1732991475\n|start\n|switch|p1a: Vaporeon|Vaporeon, L86, F|364/364\n|switch|p2a: Chi-Yu|Chi-Yu, L77|211/211\n|-ability|p2a: Chi-Yu|Beads of Ruin\n|turn|1\n|inactive|Battle timer is ON: inactive players will automatically lose when time's up. (requested by Mik22)\n|\n|t:|1732991515\n|switch|p2a: Hypno|Hypno, L95, F|315/315\n|move|p1a: Vaporeon|Calm Mind|p1a: Vaporeon\n|-boost|p1a: Vaporeon|spa|1\n|-boost|p1a: Vaporeon|spd|1\n|\n|upkeep\n|turn|2\n|\n|t:|1732991536\n|move|p1a: Vaporeon|Protect|p1a: Vaporeon\n|-singleturn|p1a: Vaporeon|Protect\n|move|p2a: Hypno|Knock Off|p1a: Vaporeon\n|-activate|p1a: Vaporeon|move: Protect\n|\n|upkeep\n|turn|3\n|\n|t:|1732991562\n|switch|p1a: Kricketune|Kricketune, L99, M|312/312\n|move|p2a: Hypno|Encore||[still]\n|-fail|p2a: Hypno\n|\n|upkeep\n|turn|4\n|\n|t:|1732991571\n|switch|p2a: Chi-Yu|Chi-Yu, L77|211/211\n|-ability|p2a: Chi-Yu|Beads of Ruin\n|move|p1a: Kricketune|Taunt|p2a: Chi-Yu\n|-start|p2a: Chi-Yu|move: Taunt\n|\n|upkeep\n|turn|5\n|\n|t:|1732991585\n|switch|p1a: Tyranitar|Tyranitar, L79, F|288/288\n|-weather|Sandstorm|[from] ability: Sand Stream|[of] p1a: Tyranitar\n|move|p2a: Chi-Yu|Flamethrower|p1a: Tyranitar\n|-resisted|p1a: Tyranitar\n|-damage|p1a: Tyranitar|241/288\n|\n|-weather|Sandstorm|[upkeep]\n|-damage|p2a: Chi-Yu|198/211|[from] Sandstorm\n|-heal|p1a: Tyranitar|259/288|[from] item: Leftovers\n|upkeep\n|turn|6\n|\n|t:|1732991593\n|switch|p2a: Floatzel|Floatzel, L85, M|283/283\n|move|p1a: Tyranitar|Dragon Dance|p1a: Tyranitar\n|-boost|p1a: Tyranitar|atk|1\n|-boost|p1a: Tyranitar|spe|1\n|\n|-weather|Sandstorm|[upkeep]\n|-damage|p2a: Floatzel|266/283|[from] Sandstorm\n|-heal|p1a: Tyranitar|277/288|[from] item: Leftovers\n|upkeep\n|turn|7\n|\n|t:|1732991601\n|switch|p1a: Vaporeon|Vaporeon, L86, F|364/364\n|move|p2a: Floatzel|Wave Crash|p1a: Vaporeon\n|-immune|p1a: Vaporeon|[from] ability: Water Absorb\n|\n|-weather|Sandstorm|[upkeep]\n|-damage|p2a: Floatzel|249/283|[from] Sandstorm\n|-damage|p1a: Vaporeon|342/364|[from] Sandstorm\n|-heal|p1a: Vaporeon|364/364|[from] item: Leftovers\n|upkeep\n|turn|8\n|\n|t:|1732991608\n|switch|p2a: Hypno|Hypno, L95, F|315/315\n|move|p1a: Vaporeon|Calm Mind|p1a: Vaporeon\n|-boost|p1a: Vaporeon|spa|1\n|-boost|p1a: Vaporeon|spd|1\n|\n|-weather|Sandstorm|[upkeep]\n|-damage|p2a: Hypno|296/315|[from] Sandstorm\n|-damage|p1a: Vaporeon|342/364|[from] Sandstorm\n|-heal|p2a: Hypno|315/315|[from] item: Leftovers\n|-heal|p1a: Vaporeon|364/364|[from] item: Leftovers\n|upkeep\n|turn|9\n|\n|t:|1732991613\n|move|p2a: Hypno|Thunder Wave|p1a: Vaporeon\n|-status|p1a: Vaporeon|par\n|cant|p1a: Vaporeon|par\n|\n|-weather|none\n|upkeep\n|turn|10\n|\n|t:|1732991619\n|move|p2a: Hypno|Psychic Noise|p1a: Vaporeon\n|-damage|p1a: Vaporeon|316/364 par\n|-start|p1a: Vaporeon|move: Heal Block\n|move|p1a: Vaporeon|Scald|p2a: Hypno\n|-damage|p2a: Hypno|213/315\n|\n|-heal|p2a: Hypno|232/315|[from] item: Leftovers\n|upkeep\n|turn|11\n|\n|t:|1732991633\n|switch|p2a: Arceus|Arceus-Ice, L72|291/291\n|move|p1a: Vaporeon|Calm Mind|p1a: Vaporeon\n|-boost|p1a: Vaporeon|spa|1\n|-boost|p1a: Vaporeon|spd|1\n|\n|-end|p1a: Vaporeon|move: Heal Block\n|upkeep\n|turn|12\n|\n|t:|1732991639\n|move|p2a: Arceus|Calm Mind|p2a: Arceus\n|-boost|p2a: Arceus|spa|1\n|-boost|p2a: Arceus|spd|1\n|move|p1a: Vaporeon|Calm Mind|p1a: Vaporeon\n|-boost|p1a: Vaporeon|spa|1\n|-boost|p1a: Vaporeon|spd|1\n|\n|-heal|p1a: Vaporeon|338/364 par|[from] item: Leftovers\n|upkeep\n|turn|13\n|\n|t:|1732991642\n|move|p2a: Arceus|Calm Mind|p2a: Arceus\n|-boost|p2a: Arceus|spa|1\n|-boost|p2a: Arceus|spd|1\n|move|p1a: Vaporeon|Calm Mind|p1a: Vaporeon\n|-boost|p1a: Vaporeon|spa|1\n|-boost|p1a: Vaporeon|spd|1\n|\n|-heal|p1a: Vaporeon|360/364 par|[from] item: Leftovers\n|upkeep\n|turn|14\n|\n|t:|1732991644\n|move|p2a: Arceus|Calm Mind|p2a: Arceus\n|-boost|p2a: Arceus|spa|1\n|-boost|p2a: Arceus|spd|1\n|cant|p1a: Vaporeon|par\n|\n|-heal|p1a: Vaporeon|364/364 par|[from] item: Leftovers\n|upkeep\n|turn|15\n|\n|t:|1732991649\n|move|p2a: Arceus|Calm Mind|p2a: Arceus\n|-boost|p2a: Arceus|spa|1\n|-boost|p2a: Arceus|spd|1\n|move|p1a: Vaporeon|Scald|p2a: Arceus\n|-damage|p2a: Arceus|195/291\n|\n|upkeep\n|turn|16\n|\n|t:|1732991656\n|move|p2a: Arceus|Calm Mind|p2a: Arceus\n|-boost|p2a: Arceus|spa|1\n|-boost|p2a: Arceus|spd|1\n|move|p1a: Vaporeon|Scald|p2a: Arceus\n|-damage|p2a: Arceus|117/291\n|\n|upkeep\n|turn|17\n|\n|t:|1732991658\n|move|p2a: Arceus|Recover|p2a: Arceus\n|-heal|p2a: Arceus|263/291\n|move|p1a: Vaporeon|Calm Mind|p1a: Vaporeon\n|-boost|p1a: Vaporeon|spa|1\n|-boost|p1a: Vaporeon|spd|1\n|\n|upkeep\n|turn|18\n|\n|t:|1732991662\n|move|p2a: Arceus|Calm Mind|p2a: Arceus\n|-boost|p2a: Arceus|spa|1\n|-boost|p2a: Arceus|spd|1\n|move|p1a: Vaporeon|Calm Mind|p1a: Vaporeon\n|-boost|p1a: Vaporeon|spa|1\n|-boost|p1a: Vaporeon|spd|1\n|\n|upkeep\n|turn|19\n|\n|t:|1732991668\n|move|p2a: Arceus|Judgment|p1a: Vaporeon\n|-resisted|p1a: Vaporeon\n|-crit|p1a: Vaporeon\n|-damage|p1a: Vaporeon|36/364 par\n|move|p1a: Vaporeon|Scald|p2a: Arceus\n|-damage|p2a: Arceus|181/291\n|-status|p2a: Arceus|brn\n|\n|-heal|p1a: Vaporeon|58/364 par|[from] item: Leftovers\n|-damage|p2a: Arceus|163/291 brn|[from] brn\n|upkeep\n|turn|20\n|c|\u2606Alex Silverwood|Wait\n|inactive|Alex Silverwood has 120 seconds left.\n|n|!Alex Silverwood|alexsilverwood\n|\n|t:|1732991716\n|move|p2a: Arceus|Judgment|p1a: Vaporeon\n|-resisted|p1a: Vaporeon\n|-damage|p1a: Vaporeon|12/364 par\n|cant|p1a: Vaporeon|par\n|\n|-heal|p1a: Vaporeon|34/364 par|[from] item: Leftovers\n|-damage|p2a: Arceus|145/291 brn|[from] brn\n|upkeep\n|turn|21\n|\n|t:|1732991725\n|move|p2a: Arceus|Judgment|p1a: Vaporeon\n|-resisted|p1a: Vaporeon\n|-damage|p1a: Vaporeon|0 fnt\n|faint|p1a: Vaporeon\n|\n|-damage|p2a: Arceus|127/291 brn|[from] brn\n|upkeep\n|\n|t:|1732991741\n|switch|p1a: Leafeon|Leafeon, L88, F|258/258\n|turn|22\n|\n|t:|1732991749\n|move|p1a: Leafeon|Leaf Blade|p2a: Arceus\n|-damage|p2a: Arceus|0 fnt\n|faint|p2a: Arceus\n|-damage|p1a: Leafeon|233/258|[from] item: Life Orb\n|\n|upkeep\n|\n|t:|1732991753\n|switch|p2a: Chi-Yu|Chi-Yu, L77|198/211\n|-ability|p2a: Chi-Yu|Beads of Ruin\n|turn|23\n|inactive|Alex Silverwood has 120 seconds left.\n|\n|t:|1732991759\n|switch|p1a: Tyranitar|Tyranitar, L79, F|277/288\n|-weather|Sandstorm|[from] ability: Sand Stream|[of] p1a: Tyranitar\n|move|p2a: Chi-Yu|Overheat|p1a: Tyranitar\n|-resisted|p1a: Tyranitar\n|-damage|p1a: Tyranitar|208/288\n|-unboost|p2a: Chi-Yu|spa|2\n|\n|-weather|Sandstorm|[upkeep]\n|-damage|p2a: Chi-Yu|185/211|[from] Sandstorm\n|-heal|p1a: Tyranitar|226/288|[from] item: Leftovers\n|upkeep\n|turn|24\n|\n|t:|1732991769\n|switch|p2a: Floatzel|Floatzel, L85, M|249/283\n|move|p1a: Tyranitar|Knock Off|p2a: Floatzel\n|-damage|p2a: Floatzel|81/283\n|-enditem|p2a: Floatzel|Choice Band|[from] move: Knock Off|[of] p1a: Tyranitar\n|\n|-weather|Sandstorm|[upkeep]\n|-damage|p2a: Floatzel|64/283|[from] Sandstorm\n|-heal|p1a: Tyranitar|244/288|[from] item: Leftovers\n|upkeep\n|turn|25\n|\n|t:|1732991774\n|switch|p1a: Leafeon|Leafeon, L88, F|233/258\n|move|p2a: Floatzel|Wave Crash|p1a: Leafeon\n|-resisted|p1a: Leafeon\n|-damage|p1a: Leafeon|186/258\n|-damage|p2a: Floatzel|48/283|[from] Recoil\n|\n|-weather|Sandstorm|[upkeep]\n|-damage|p2a: Floatzel|31/283|[from] Sandstorm\n|-damage|p1a: Leafeon|170/258|[from] Sandstorm\n|upkeep\n|turn|26\n|\n|t:|1732991780\n|switch|p1a: Kricketune|Kricketune, L99, M|312/312\n|move|p2a: Floatzel|Ice Spinner|p1a: Kricketune\n|-damage|p1a: Kricketune|228/312\n|\n|-weather|Sandstorm|[upkeep]\n|-damage|p2a: Floatzel|14/283|[from] Sandstorm\n|-damage|p1a: Kricketune|209/312|[from] Sandstorm\n|upkeep\n|turn|27\n|\n|t:|1732991784\n|move|p2a: Floatzel|Wave Crash|p1a: Kricketune\n|-damage|p1a: Kricketune|46/312\n|-damage|p2a: Floatzel|0 fnt|[from] Recoil\n|faint|p2a: Floatzel\n|move|p1a: Kricketune|Sticky Web|p2: Floatzel\n|-sidestart|p2: Mik22|move: Sticky Web\n|\n|-weather|none\n|upkeep\n|\n|t:|1732991789\n|switch|p2a: Noivern|Noivern, L82, M|274/274\n|turn|28\n|\n|t:|1732991796\n|move|p2a: Noivern|Boomburst|p1a: Kricketune\n|-damage|p1a: Kricketune|0 fnt\n|faint|p1a: Kricketune\n|\n|upkeep\n|\n|t:|1732991799\n|switch|p1a: Tyranitar|Tyranitar, L79, F|244/288\n|-weather|Sandstorm|[from] ability: Sand Stream|[of] p1a: Tyranitar\n|turn|29\n|\n|t:|1732991823\n|switch|p2a: Hypno|Hypno, L95, F|232/315\n|-activate|p2a: Hypno|move: Sticky Web\n|-unboost|p2a: Hypno|spe|1\n|move|p1a: Tyranitar|Dragon Dance|p1a: Tyranitar\n|-boost|p1a: Tyranitar|atk|1\n|-boost|p1a: Tyranitar|spe|1\n|\n|-weather|Sandstorm|[upkeep]\n|-damage|p2a: Hypno|213/315|[from] Sandstorm\n|-heal|p1a: Tyranitar|262/288|[from] item: Leftovers\n|-heal|p2a: Hypno|232/315|[from] item: Leftovers\n|upkeep\n|turn|30\n|\n|t:|1732991826\n|move|p1a: Tyranitar|Knock Off|p2a: Hypno\n|-supereffective|p2a: Hypno\n|-damage|p2a: Hypno|0 fnt\n|-enditem|p2a: Hypno|Leftovers|[from] move: Knock Off|[of] p1a: Tyranitar\n|faint|p2a: Hypno\n|\n|-weather|Sandstorm|[upkeep]\n|-heal|p1a: Tyranitar|280/288|[from] item: Leftovers\n|upkeep\n|\n|t:|1732991831\n|switch|p2a: Kingdra|Kingdra, L84, F|263/263\n|-activate|p2a: Kingdra|move: Sticky Web\n|-unboost|p2a: Kingdra|spe|1\n|turn|31\n|\n|t:|1732991839\n|move|p1a: Tyranitar|Knock Off|p2a: Kingdra\n|-damage|p2a: Kingdra|97/263\n|-enditem|p2a: Kingdra|Lum Berry|[from] move: Knock Off|[of] p1a: Tyranitar\n|move|p2a: Kingdra|Wave Crash|p1a: Tyranitar\n|-supereffective|p1a: Tyranitar\n|-damage|p1a: Tyranitar|52/288\n|-damage|p2a: Kingdra|22/263|[from] Recoil\n|\n|-weather|Sandstorm|[upkeep]\n|-damage|p2a: Kingdra|6/263|[from] Sandstorm\n|-heal|p1a: Tyranitar|70/288|[from] item: Leftovers\n|upkeep\n|turn|32\n|\n|t:|1732991848\n|move|p1a: Tyranitar|Knock Off|p2a: Kingdra\n|-crit|p2a: Kingdra\n|-damage|p2a: Kingdra|0 fnt\n|faint|p2a: Kingdra\n|\n|-weather|Sandstorm|[upkeep]\n|-heal|p1a: Tyranitar|88/288|[from] item: Leftovers\n|upkeep\n|\n|t:|1732991855\n|switch|p2a: Noivern|Noivern, L82, M|274/274\n|turn|33\n|\n|t:|1732991858\n|-terastallize|p2a: Noivern|Normal\n|move|p2a: Noivern|Boomburst|p1a: Tyranitar\n|-resisted|p1a: Tyranitar\n|-damage|p1a: Tyranitar|17/288\n|move|p1a: Tyranitar|Stone Edge|p2a: Noivern\n|-damage|p2a: Noivern|90/274\n|\n|-weather|none\n|-heal|p1a: Tyranitar|35/288|[from] item: Leftovers\n|upkeep\n|turn|34\n|\n|t:|1732991874\n|move|p2a: Noivern|Boomburst|p1a: Tyranitar\n|-resisted|p1a: Tyranitar\n|-damage|p1a: Tyranitar|0 fnt\n|faint|p1a: Tyranitar\n|\n|upkeep\n|\n|t:|1732991882\n|switch|p1a: Honchkrow|Honchkrow, L86, M|312/312\n|turn|35\n|\n|t:|1732991885\n|move|p1a: Honchkrow|Sucker Punch|p2a: Noivern\n|-damage|p2a: Noivern|0 fnt\n|faint|p2a: Noivern\n|-ability|p1a: Honchkrow|Moxie|boost\n|-boost|p1a: Honchkrow|atk|1\n|\n|upkeep\n|\n|t:|1732991888\n|switch|p2a: Chi-Yu|Chi-Yu, L77|185/211\n|-activate|p2a: Chi-Yu|move: Sticky Web\n|-unboost|p2a: Chi-Yu|spe|1\n|-ability|p2a: Chi-Yu|Beads of Ruin\n|turn|36\n|\n|t:|1732991893\n|-terastallize|p1a: Honchkrow|Dark\n|move|p1a: Honchkrow|Sucker Punch|p2a: Chi-Yu\n|-resisted|p2a: Chi-Yu\n|-damage|p2a: Chi-Yu|79/211\n|move|p2a: Chi-Yu|Flamethrower|p1a: Honchkrow\n|-damage|p1a: Honchkrow|125/312\n|-status|p1a: Honchkrow|brn\n|\n|-damage|p1a: Honchkrow|106/312 brn|[from] brn\n|upkeep\n|turn|37\n|\n|t:|1732991901\n|move|p1a: Honchkrow|Sucker Punch|p2a: Chi-Yu\n|-resisted|p2a: Chi-Yu\n|-damage|p2a: Chi-Yu|21/211\n|move|p2a: Chi-Yu|Flamethrower|p1a: Honchkrow\n|-damage|p1a: Honchkrow|0 fnt\n|faint|p1a: Honchkrow\n|\n|upkeep\n|\n|t:|1732991910\n|switch|p1a: Vespiquen|Vespiquen, L98, F|296/296\n|-ability|p1a: Vespiquen|Pressure\n|turn|38\n|\n|t:|1732991914\n|move|p2a: Chi-Yu|Flamethrower|p1a: Vespiquen\n|-supereffective|p1a: Vespiquen\n|-damage|p1a: Vespiquen|98/296\n|move|p1a: Vespiquen|U-turn|p2a: Chi-Yu\n|-damage|p2a: Chi-Yu|0 fnt\n|faint|p2a: Chi-Yu\n|\n|win|Alex Silverwood\n", "inputlog": ">version b107d77f5c90bd6555267ae244a6264823309ead\n>start {\"formatid\":\"gen9randombattle\",\"seed\":[15500,43382,54087,40193],\"rated\":\"Rated battle\"}\n>player p1 {\"name\":\"Alex Silverwood\",\"avatar\":\"clerkf\",\"rating\":1467,\"seed\":[39063,17189,56709,21442]}\n>player p2 {\"name\":\"Mik22\",\"avatar\":\"101\",\"rating\":1506,\"seed\":[54061,59568,12508,30690]}\n>p1 move calmmind\n>p2 switch 6\n>p1 move protect\n>p2 move knockoff\n>p1 switch 5\n>p2 move encore\n>p1 move taunt\n>p2 switch 6\n>p1 switch 6\n>p2 move flamethrower\n>p1 move dragondance\n>p2 switch 5\n>p1 switch 5\n>p2 move wavecrash\n>p1 move calmmind\n>p2 switch 6\n>p1 move scald\n>p2 move thunderwave\n>p1 move scald\n>p2 move psychicnoise\n>p1 move calmmind\n>p2 switch 3\n>p1 move calmmind\n>p2 move calmmind\n>p1 move calmmind\n>p2 move calmmind\n>p1 move scald\n>p2 move calmmind\n>p1 move scald\n>p2 move calmmind\n>p1 move scald\n>p2 move calmmind\n>p1 move calmmind\n>p2 move recover\n>p1 move calmmind\n>p2 move calmmind\n>p1 move scald\n>p2 move judgment\n>chat \u2606Alex Silverwood|Wait\n>chat \u2606Alex Silverwood|FUCK YOU ARE ICE\n>p1 move scald\n>p2 move judgment\n>p1 move wish\n>p2 move judgment\n>p1 switch 4\n>p1 move leafblade\n>p2 move recover\n>p2 switch 5\n>p1 switch 5\n>p2 move overheat\n>p1 move knockoff\n>p2 switch 6\n>p1 switch 5\n>p2 move wavecrash\n>p1 switch 6\n>p2 move icespinner\n>p1 move stickyweb\n>p2 move wavecrash\n>p2 switch 4\n>p1 move knockoff\n>p2 move boomburst\n>p1 switch 5\n>p1 move dragondance\n>p2 switch 3\n>p1 move knockoff\n>p2 move thunderwave\n>p2 switch 2\n>p1 move knockoff\n>p2 move wavecrash\n>p1 move knockoff\n>p2 move waterfall\n>p2 switch 3\n>p1 move stoneedge\n>p2 move boomburst terastallize\n>p1 move knockoff\n>p2 move boomburst\n>p1 switch 2\n>p1 move suckerpunch\n>p2 move boomburst\n>p2 switch 6\n>p1 move suckerpunch terastallize\n>p2 move flamethrower\n>p1 move suckerpunch\n>p2 move flamethrower\n>p1 switch 3\n>p1 move uturn\n>p2 move flamethrower", "uploadtime": 1732991700, "views": 1, "formatid": "gen9randombattle", "rating": null, "private": 0, "password": null}