{"id": "gen9randombattle-2253986165", "format": "[Gen 9] Random Battle", "players": ["vellez", "so6790"], "log": "|j|\u2606vellez\n|j|\u2606so6790\n|t:|1732975988\n|gametype|singles\n|player|p1|vellez|bellelba|1235\n|player|p2|so6790|shadowtriad|1239\n|teamsize|p1|6\n|teamsize|p2|6\n|gen|9\n|tier|[Gen 9] Random Battle\n|rated|\n|rule|Species Clause: Limit one of each Pok\u00e9mon\n|rule|HP Percentage Mod: HP is shown in percentages\n|rule|Sleep Clause Mod: Limit one foe put to sleep\n|rule|Illusion Level Mod: Illusion disguises the Pok\u00e9mon's true level\n|\n|t:|1732975988\n|start\n|switch|p1a: Palafin|Palafin, L77, F|281/281\n|switch|p2a: Glimmora|Glimmora, L75, M|248/248\n|turn|1\n|inactive|Battle timer is ON: inactive players will automatically lose when time's up. (requested by so6790)\n|\n|t:|1732976010\n|detailschange|p1a: Palafin|Palafin-Hero, L77, F\n|switch|p1a: Gliscor|Gliscor, L76, M|239/239\n|switch|p2a: Inteleon|Inteleon, L81, M|246/246\n|\n|-status|p1a: Gliscor|tox|[from] item: Toxic Orb\n|upkeep\n|turn|2\n|\n|t:|1732976032\n|switch|p1a: Meowscarada|Meowscarada, L78, F|247/247\n|move|p2a: Inteleon|Ice Beam|p1a: Meowscarada\n|-supereffective|p1a: Meowscarada\n|-damage|p1a: Meowscarada|0 fnt\n|faint|p1a: Meowscarada\n|\n|upkeep\n|\n|t:|1732976044\n|switch|p1a: Palafin|Palafin-Hero, L77, F|281/281\n|-activate|p1a: Palafin|ability: Zero to Hero\n|turn|3\n|\n|t:|1732976069\n|switch|p2a: Glimmora|Glimmora, L75, M|248/248\n|move|p1a: Palafin|Bulk Up|p1a: Palafin\n|-boost|p1a: Palafin|atk|1\n|-boost|p1a: Palafin|def|1\n|\n|upkeep\n|turn|4\n|\n|t:|1732976080\n|move|p1a: Palafin|Jet Punch|p2a: Glimmora\n|-supereffective|p2a: Glimmora\n|-enditem|p2a: Glimmora|Focus Sash\n|-damage|p2a: Glimmora|1/248\n|-activate|p2a: Glimmora|ability: Toxic Debris\n|-sidestart|p1: vellez|move: Toxic Spikes\n|move|p2a: Glimmora|Stealth Rock|p1a: Palafin\n|-sidestart|p1: vellez|move: Stealth Rock\n|\n|upkeep\n|turn|5\n|\n|t:|1732976089\n|-terastallize|p1a: Palafin|Steel\n|move|p1a: Palafin|Bulk Up|p1a: Palafin\n|-boost|p1a: Palafin|atk|1\n|-boost|p1a: Palafin|def|1\n|move|p2a: Glimmora|Sludge Wave|p1a: Palafin\n|-immune|p1a: Palafin\n|\n|upkeep\n|turn|6\n|\n|t:|1732976097\n|move|p1a: Palafin|Bulk Up|p1a: Palafin\n|-boost|p1a: Palafin|atk|1\n|-boost|p1a: Palafin|def|1\n|move|p2a: Glimmora|Earth Power|p1a: Palafin\n|-supereffective|p1a: Palafin\n|-damage|p1a: Palafin|139/281\n|\n|-heal|p1a: Palafin|156/281|[from] item: Leftovers\n|upkeep\n|turn|7\n|\n|t:|1732976104\n|move|p1a: Palafin|Jet Punch|p2a: Glimmora\n|-supereffective|p2a: Glimmora\n|-crit|p2a: Glimmora\n|-damage|p2a: Glimmora|0 fnt\n|-activate|p2a: Glimmora|ability: Toxic Debris\n|-sidestart|p1: vellez|move: Toxic Spikes\n|faint|p2a: Glimmora\n|\n|-heal|p1a: Palafin|173/281|[from] item: Leftovers\n|upkeep\n|\n|t:|1732976126\n|switch|p2a: Inteleon|Inteleon, L81, M|246/246\n|turn|8\n|\n|t:|1732976130\n|move|p1a: Palafin|Jet Punch|p2a: Inteleon\n|-resisted|p2a: Inteleon\n|-damage|p2a: Inteleon|126/246\n|move|p2a: Inteleon|Scald|p1a: Palafin\n|-damage|p1a: Palafin|20/281\n|\n|-heal|p1a: Palafin|37/281|[from] item: Leftovers\n|upkeep\n|turn|9\n|\n|t:|1732976138\n|move|p1a: Palafin|Jet Punch|p2a: Inteleon\n|-resisted|p2a: Inteleon\n|-damage|p2a: Inteleon|0 fnt\n|faint|p2a: Inteleon\n|\n|-heal|p1a: Palafin|54/281|[from] item: Leftovers\n|upkeep\n|\n|t:|1732976153\n|switch|p2a: Deoxys|Deoxys-Defense, L84|221/221\n|-ability|p2a: Deoxys|Pressure\n|turn|10\n|\n|t:|1732976159\n|move|p1a: Palafin|Jet Punch|p2a: Deoxys\n|-damage|p2a: Deoxys|103/221\n|move|p2a: Deoxys|Psyshock|p1a: Palafin\n|-resisted|p1a: Palafin\n|-damage|p1a: Palafin|39/281\n|\n|-heal|p1a: Palafin|56/281|[from] item: Leftovers\n|-heal|p2a: Deoxys|116/221|[from] item: Leftovers\n|upkeep\n|turn|11\n|\n|t:|1732976171\n|move|p1a: Palafin|Jet Punch|p2a: Deoxys\n|-damage|p2a: Deoxys|0 fnt\n|faint|p2a: Deoxys\n|\n|-heal|p1a: Palafin|73/281|[from] item: Leftovers\n|upkeep\n|\n|t:|1732976178\n|switch|p2a: Hippowdon|Hippowdon, L82, F|311/311\n|-weather|Sandstorm|[from] ability: Sand Stream|[of] p2a: Hippowdon\n|turn|12\n|\n|t:|1732976183\n|-terastallize|p2a: Hippowdon|Steel\n|move|p1a: Palafin|Jet Punch|p2a: Hippowdon\n|-damage|p2a: Hippowdon|136/311\n|-damage|p1a: Palafin|27/281|[from] item: Rocky Helmet|[of] p2a: Hippowdon\n|move|p2a: Hippowdon|Earthquake|p1a: Palafin\n|-supereffective|p1a: Palafin\n|-damage|p1a: Palafin|0 fnt\n|faint|p1a: Palafin\n|\n|-weather|Sandstorm|[upkeep]\n|upkeep\n|\n|t:|1732976189\n|switch|p1a: Gliscor|Gliscor, L76, M|239/239 tox\n|-damage|p1a: Gliscor|210/239 tox|[from] Stealth Rock\n|turn|13\n|\n|t:|1732976194\n|move|p1a: Gliscor|Earthquake|p2a: Hippowdon\n|-supereffective|p2a: Hippowdon\n|-damage|p2a: Hippowdon|4/311\n|move|p2a: Hippowdon|Stone Edge|p1a: Gliscor\n|-damage|p1a: Gliscor|152/239 tox\n|\n|-weather|Sandstorm|[upkeep]\n|-heal|p1a: Gliscor|181/239 tox|[from] ability: Poison Heal\n|upkeep\n|turn|14\n|\n|t:|1732976210\n|move|p1a: Gliscor|Earthquake|p2a: Hippowdon\n|-supereffective|p2a: Hippowdon\n|-damage|p2a: Hippowdon|0 fnt\n|faint|p2a: Hippowdon\n|\n|-weather|Sandstorm|[upkeep]\n|-heal|p1a: Gliscor|210/239 tox|[from] ability: Poison Heal\n|upkeep\n|\n|t:|1732976213\n|switch|p2a: Drednaw|Drednaw, L81, F|278/278\n|turn|15\n|\n|t:|1732976219\n|move|p1a: Gliscor|Toxic|p2a: Drednaw\n|-status|p2a: Drednaw|tox\n|move|p2a: Drednaw|Shell Smash|p2a: Drednaw\n|-unboost|p2a: Drednaw|def|1\n|-unboost|p2a: Drednaw|spd|1\n|-boost|p2a: Drednaw|atk|2\n|-boost|p2a: Drednaw|spa|2\n|-boost|p2a: Drednaw|spe|2\n|-enditem|p2a: Drednaw|White Herb\n|-clearnegativeboost|p2a: Drednaw|[silent]\n|\n|-weather|Sandstorm|[upkeep]\n|-damage|p2a: Drednaw|261/278 tox|[from] psn\n|-heal|p1a: Gliscor|239/239 tox|[from] ability: Poison Heal\n|upkeep\n|turn|16\n|\n|t:|1732976228\n|move|p1a: Gliscor|Protect|p1a: Gliscor\n|-singleturn|p1a: Gliscor|Protect\n|move|p2a: Drednaw|Liquidation|p1a: Gliscor\n|-activate|p1a: Gliscor|move: Protect\n|\n|-weather|none\n|-damage|p2a: Drednaw|227/278 tox|[from] psn\n|upkeep\n|turn|17\n|\n|t:|1732976232\n|switch|p1a: Eternatus|Eternatus, L69|308/308\n|-sideend|p1: vellez|move: Toxic Spikes|[of] p1a: Eternatus\n|-damage|p1a: Eternatus|270/308|[from] Stealth Rock\n|-ability|p1a: Eternatus|Pressure\n|move|p2a: Drednaw|Liquidation|p1a: Eternatus\n|-resisted|p1a: Eternatus\n|-damage|p1a: Eternatus|161/308\n|-unboost|p1a: Eternatus|def|1\n|-damage|p2a: Drednaw|181/278 tox|[from] item: Rocky Helmet|[of] p1a: Eternatus\n|\n|-damage|p2a: Drednaw|130/278 tox|[from] psn\n|upkeep\n|turn|18\n|-message|so6790 forfeited.\n|\n|win|vellez\n|raw|vellez's rating: 1235 &rarr; <strong>1260</strong><br />(+25 for winning)\n|raw|so6790's rating: 1239 &rarr; <strong>1214</strong><br />(-25 for losing)\n|l|\u2606so6790\n|player|p2|\n|j|\u2606so6790\n|player|p2|so6790|shadowtriad|\n", "inputlog": ">version b107d77f5c90bd6555267ae244a6264823309ead\n>start {\"formatid\":\"gen9randombattle\",\"seed\":[61090,31077,14380,6480],\"rated\":\"Rated battle\"}\n>player p1 {\"name\":\"vellez\",\"avatar\":\"bellelba\",\"rating\":1235,\"seed\":[25132,40250,55339,35274]}\n>player p2 {\"name\":\"so6790\",\"avatar\":\"shadowtriad\",\"rating\":1239,\"seed\":[9894,32509,53137,22525]}\n>p1 switch 4\n>p2 switch 2\n>p1 switch 3\n>p2 move icebeam\n>p1 switch 4\n>p1 move bulkup\n>p2 switch 2\n>p1 move jetpunch\n>p2 move stealthrock\n>p1 move bulkup terastallize\n>p2 move sludgewave\n>p1 move bulkup\n>p2 move earthpower\n>p1 move jetpunch\n>p2 move earthpower\n>p2 switch 2\n>p1 move jetpunch\n>p2 move scald\n>p1 move jetpunch\n>p2 move scald\n>p2 switch 4\n>p1 move jetpunch\n>p2 move psyshock\n>p1 move jetpunch\n>p2 move focusblast\n>p2 switch 5\n>p1 move jetpunch\n>p2 move earthquake terastallize\n>p1 switch 3\n>p1 move earthquake\n>p2 move stoneedge\n>p1 move earthquake\n>p2 move whirlwind\n>p2 switch 3\n>p1 move toxic\n>p2 move shellsmash\n>p1 move protect\n>p2 move liquidation\n>p1 switch 6\n>p2 move liquidation\n>forcelose p2", "uploadtime": 1732976249, "views": 3, "formatid": "gen9randombattle", "rating": 1214, "private": 0, "password": null}