{"id": "gen9randombattle-2254139268", "format": "[Gen 9] Random Battle", "players": ["manolovm01", "joseiba"], "log": "|j|\u2606manolovm01\n|j|\u2606joseiba\n|t:|1732996040\n|gametype|singles\n|player|p1|manolovm01|1|1198\n|player|p2|joseiba|101|1151\n|teamsize|p1|6\n|teamsize|p2|6\n|gen|9\n|tier|[Gen 9] Random Battle\n|rated|\n|rule|Species Clause: Limit one of each Pok\u00e9mon\n|rule|HP Percentage Mod: HP is shown in percentages\n|rule|Sleep Clause Mod: Limit one foe put to sleep\n|rule|Illusion Level Mod: Illusion disguises the Pok\u00e9mon's true level\n|\n|t:|1732996040\n|start\n|switch|p1a: Hitmontop|Hitmontop, L88, M|231/231\n|switch|p2a: Necrozma|Necrozma, L80|286/286\n|turn|1\n|inactive|Battle timer is ON: inactive players will automatically lose when time's up. (requested by manolovm01)\n|\n|t:|1732996069\n|switch|p1a: Ting-Lu|Ting-Lu, L78|370/370\n|-ability|p1a: Ting-Lu|Vessel of Ruin\n|move|p2a: Necrozma|Dragon Dance|p2a: Necrozma\n|-boost|p2a: Necrozma|atk|1\n|-boost|p2a: Necrozma|spe|1\n|\n|upkeep\n|turn|2\n|\n|t:|1732996092\n|-terastallize|p2a: Necrozma|Ground\n|move|p2a: Necrozma|Dragon Dance|p2a: Necrozma\n|-boost|p2a: Necrozma|atk|1\n|-boost|p2a: Necrozma|spe|1\n|move|p1a: Ting-Lu|Whirlwind|p2a: Necrozma\n|drag|p2a: Chien-Pao|Chien-Pao, L72|234/234\n|-ability|p2a: Chien-Pao|Sword of Ruin\n|\n|upkeep\n|turn|3\n|\n|t:|1732996107\n|switch|p1a: Copperajah|Copperajah, L86, M|350/350\n|move|p2a: Chien-Pao|Icicle Crash|p1a: Copperajah\n|-resisted|p1a: Copperajah\n|-damage|p1a: Copperajah|263/350\n|\n|upkeep\n|turn|4\n|\n|t:|1732996119\n|switch|p2a: Entei|Entei, L78|307/307\n|move|p1a: Copperajah|Stealth Rock|p2a: Entei\n|-sidestart|p2: joseiba|move: Stealth Rock\n|\n|upkeep\n|turn|5\n|\n|t:|1732996129\n|-terastallize|p1a: Copperajah|Fairy\n|move|p2a: Entei|Stomping Tantrum|p1a: Copperajah\n|-damage|p1a: Copperajah|177/350\n|move|p1a: Copperajah|Rock Slide|p2a: Entei\n|-supereffective|p2a: Entei\n|-damage|p2a: Entei|57/307\n|\n|upkeep\n|turn|6\n|\n|t:|1732996141\n|move|p2a: Entei|Stomping Tantrum|p1a: Copperajah\n|-damage|p1a: Copperajah|92/350\n|move|p1a: Copperajah|Rock Slide|p2a: Entei\n|-supereffective|p2a: Entei\n|-damage|p2a: Entei|0 fnt\n|faint|p2a: Entei\n|\n|upkeep\n|\n|t:|1732996154\n|switch|p2a: Polteageist|Polteageist-Antique, L79|224/224\n|-damage|p2a: Polteageist|196/224|[from] Stealth Rock\n|turn|7\n|\n|t:|1732996163\n|move|p2a: Polteageist|Shadow Ball|p1a: Copperajah\n|-damage|p1a: Copperajah|0 fnt\n|faint|p1a: Copperajah\n|\n|upkeep\n|\n|t:|1732996179\n|switch|p1a: Froslass|Froslass, L87, F|263/263\n|turn|8\n|\n|t:|1732996197\n|move|p1a: Froslass|Poltergeist|p2a: Polteageist\n|-activate|p2a: Polteageist|move: Poltergeist|White Herb\n|-supereffective|p2a: Polteageist\n|-damage|p2a: Polteageist|0 fnt\n|faint|p2a: Polteageist\n|\n|upkeep\n|\n|t:|1732996208\n|switch|p2a: Chien-Pao|Chien-Pao, L72|234/234\n|-damage|p2a: Chien-Pao|176/234|[from] Stealth Rock\n|-ability|p2a: Chien-Pao|Sword of Ruin\n|turn|9\n|\n|t:|1732996225\n|switch|p1a: Quaquaval|Quaquaval, L79, F|264/264\n|move|p2a: Chien-Pao|Crunch|p1a: Quaquaval\n|-resisted|p1a: Quaquaval\n|-damage|p1a: Quaquaval|175/264\n|\n|upkeep\n|turn|10\n|\n|t:|1732996242\n|move|p2a: Chien-Pao|Crunch|p1a: Quaquaval\n|-resisted|p1a: Quaquaval\n|-damage|p1a: Quaquaval|87/264\n|move|p1a: Quaquaval|Aqua Step|p2a: Chien-Pao\n|-damage|p2a: Chien-Pao|40/234\n|-boost|p1a: Quaquaval|spe|1\n|-damage|p1a: Quaquaval|61/264|[from] item: Life Orb\n|\n|upkeep\n|turn|11\n|\n|t:|1732996253\n|move|p1a: Quaquaval|Aqua Step|p2a: Chien-Pao\n|-damage|p2a: Chien-Pao|0 fnt\n|-boost|p1a: Quaquaval|spe|1\n|faint|p2a: Chien-Pao\n|-ability|p1a: Quaquaval|Moxie|boost\n|-boost|p1a: Quaquaval|atk|1\n|-damage|p1a: Quaquaval|35/264|[from] item: Life Orb\n|\n|upkeep\n|\n|t:|1732996263\n|switch|p2a: Muk|Muk, L86, F|321/321\n|-damage|p2a: Muk|281/321|[from] Stealth Rock\n|turn|12\n|\n|t:|1732996277\n|move|p2a: Muk|Shadow Sneak|p1a: Quaquaval\n|-damage|p1a: Quaquaval|1/264\n|move|p1a: Quaquaval|Triple Axel|p2a: Muk|[miss]\n|-miss|p1a: Quaquaval|p2a: Muk\n|\n|-heal|p2a: Muk|301/321|[from] item: Leftovers\n|upkeep\n|turn|13\n|\n|t:|1732996287\n|move|p2a: Muk|Shadow Sneak|p1a: Quaquaval\n|-damage|p1a: Quaquaval|0 fnt\n|faint|p1a: Quaquaval\n|\n|-heal|p2a: Muk|321/321|[from] item: Leftovers\n|upkeep\n|\n|t:|1732996299\n|switch|p1a: Ting-Lu|Ting-Lu, L78|370/370\n|-ability|p1a: Ting-Lu|Vessel of Ruin\n|turn|14\n|\n|t:|1732996311\n|move|p2a: Muk|Gunk Shot|p1a: Ting-Lu\n|-resisted|p1a: Ting-Lu\n|-damage|p1a: Ting-Lu|317/370\n|-status|p1a: Ting-Lu|psn\n|move|p1a: Ting-Lu|Earthquake|p2a: Muk\n|-supereffective|p2a: Muk\n|-damage|p2a: Muk|111/321\n|\n|-heal|p2a: Muk|131/321|[from] item: Leftovers\n|-heal|p1a: Ting-Lu|340/370 psn|[from] item: Leftovers\n|-damage|p1a: Ting-Lu|294/370 psn|[from] psn\n|upkeep\n|turn|15\n|\n|t:|1732996334\n|move|p2a: Muk|Toxic Spikes|p1a: Ting-Lu\n|-sidestart|p1: manolovm01|move: Toxic Spikes\n|move|p1a: Ting-Lu|Earthquake|p2a: Muk\n|-supereffective|p2a: Muk\n|-damage|p2a: Muk|0 fnt\n|faint|p2a: Muk\n|\n|-heal|p1a: Ting-Lu|317/370 psn|[from] item: Leftovers\n|-damage|p1a: Ting-Lu|271/370 psn|[from] psn\n|upkeep\n|\n|t:|1732996344\n|switch|p2a: Calyrex|Calyrex-Ice, L72|263/263\n|-ability|p2a: Calyrex|As One\n|-ability|p2a: Calyrex|Unnerve\n|-damage|p2a: Calyrex|198/263|[from] Stealth Rock\n|turn|16\n|\n|t:|1732996357\n|move|p1a: Ting-Lu|Throat Chop|p2a: Calyrex\n|-supereffective|p2a: Calyrex\n|-damage|p2a: Calyrex|82/263\n|-start|p2a: Calyrex|Throat Chop|[silent]\n|-enditem|p2a: Calyrex|Weakness Policy\n|-boost|p2a: Calyrex|atk|2|[from] item: Weakness Policy\n|-boost|p2a: Calyrex|spa|2|[from] item: Weakness Policy\n|move|p2a: Calyrex|Glacial Lance|p1a: Ting-Lu\n|-supereffective|p1a: Ting-Lu\n|-damage|p1a: Ting-Lu|0 fnt\n|faint|p1a: Ting-Lu\n|-ability|p2a: Calyrex|Chilling Neigh|boost\n|-boost|p2a: Calyrex|atk|1\n|\n|upkeep\n|\n|t:|1732996374\n|switch|p1a: Froslass|Froslass, L87, F|263/263\n|-status|p1a: Froslass|psn\n|turn|17\n|\n|t:|1732996381\n|move|p1a: Froslass|Poltergeist||[still]\n|-fail|p1a: Froslass\n|move|p2a: Calyrex|Close Combat|p1a: Froslass\n|-immune|p1a: Froslass\n|\n|-damage|p1a: Froslass|231/263 psn|[from] psn\n|-end|p2a: Calyrex|Throat Chop|[silent]\n|upkeep\n|turn|18\n|\n|t:|1732996394\n|move|p1a: Froslass|Destiny Bond|p1a: Froslass\n|-singlemove|p1a: Froslass|Destiny Bond\n|move|p2a: Calyrex|High Horsepower|p1a: Froslass|[miss]\n|-miss|p2a: Calyrex|p1a: Froslass\n|\n|-damage|p1a: Froslass|199/263 psn|[from] psn\n|upkeep\n|turn|19\n|\n|t:|1732996406\n|move|p1a: Froslass|Triple Axel|p2a: Calyrex\n|-resisted|p2a: Calyrex\n|-damage|p2a: Calyrex|75/263\n|-resisted|p2a: Calyrex\n|-damage|p2a: Calyrex|60/263\n|-resisted|p2a: Calyrex\n|-damage|p2a: Calyrex|39/263\n|-hitcount|p2a: Calyrex|3\n|move|p2a: Calyrex|Agility|p2a: Calyrex\n|-boost|p2a: Calyrex|spe|2\n|\n|-damage|p1a: Froslass|167/263 psn|[from] psn\n|upkeep\n|turn|20\n|\n|t:|1732996430\n|move|p1a: Froslass|Triple Axel|p2a: Calyrex\n|-resisted|p2a: Calyrex\n|-damage|p2a: Calyrex|31/263\n|-resisted|p2a: Calyrex\n|-damage|p2a: Calyrex|16/263\n|-resisted|p2a: Calyrex\n|-damage|p2a: Calyrex|0 fnt\n|faint|p2a: Calyrex\n|-hitcount|p2: Calyrex|3\n|\n|-damage|p1a: Froslass|135/263 psn|[from] psn\n|upkeep\n|\n|t:|1732996440\n|switch|p2a: Necrozma|Necrozma, L80, tera:Ground|286/286\n|-damage|p2a: Necrozma|269/286|[from] Stealth Rock\n|turn|21\n|\n|t:|1732996450\n|move|p1a: Froslass|Triple Axel|p2a: Necrozma\n|-supereffective|p2a: Necrozma\n|-damage|p2a: Necrozma|241/286\n|-supereffective|p2a: Necrozma\n|-damage|p2a: Necrozma|183/286\n|-supereffective|p2a: Necrozma\n|-damage|p2a: Necrozma|93/286\n|-hitcount|p2a: Necrozma|3\n|move|p2a: Necrozma|Photon Geyser|p1a: Froslass\n|-damage|p1a: Froslass|0 fnt\n|-start|p2a: Necrozma|Disable|Photon Geyser|[from] ability: Cursed Body|[of] p1a: Froslass\n|faint|p1a: Froslass\n|-damage|p2a: Necrozma|65/286|[from] item: Life Orb\n|\n|upkeep\n|\n|t:|1732996469\n|switch|p1a: Hitmontop|Hitmontop, L88, M|231/231\n|-status|p1a: Hitmontop|psn\n|turn|22\n|\n|t:|1732996474\n|move|p2a: Necrozma|Knock Off|p1a: Hitmontop\n|-resisted|p1a: Hitmontop\n|-damage|p1a: Hitmontop|195/231 psn\n|-enditem|p1a: Hitmontop|Leftovers|[from] move: Knock Off|[of] p2a: Necrozma\n|-damage|p2a: Necrozma|37/286|[from] item: Life Orb\n|move|p1a: Hitmontop|Triple Axel|p2a: Necrozma\n|-supereffective|p2a: Necrozma\n|-damage|p2a: Necrozma|4/286\n|-hitcount|p2a: Necrozma|1\n|\n|-damage|p1a: Hitmontop|167/231 psn|[from] psn\n|upkeep\n|turn|23\n|\n|t:|1732996487\n|move|p1a: Hitmontop|Rapid Spin|p2a: Necrozma\n|-damage|p2a: Necrozma|0 fnt\n|-boost|p1a: Hitmontop|spe|1\n|-sideend|p1: manolovm01|Toxic Spikes|[from] move: Rapid Spin|[of] p1a: Hitmontop\n|faint|p2a: Necrozma\n|\n|win|manolovm01\n|raw|manolovm01's rating: 1198 &rarr; <strong>1220</strong><br />(+22 for winning)\n|raw|joseiba's rating: 1151 &rarr; <strong>1129</strong><br />(-22 for losing)\n|l|\u2606joseiba\n|player|p2|\n", "inputlog": ">version b107d77f5c90bd6555267ae244a6264823309ead\n>start {\"formatid\":\"gen9randombattle\",\"seed\":[36759,15529,47716,45256],\"rated\":\"Rated battle\"}\n>player p1 {\"name\":\"manolovm01\",\"avatar\":\"1\",\"rating\":1198,\"seed\":[29798,10631,45118,32604]}\n>player p2 {\"name\":\"joseiba\",\"avatar\":\"101\",\"rating\":1151,\"seed\":[10099,56661,5542,21256]}\n>p1 switch 4\n>p2 move dragondance\n>p1 move whirlwind\n>p2 move dragondance terastallize\n>p1 switch 2\n>p2 move iciclecrash\n>p1 move stealthrock\n>p2 switch 6\n>p1 move rockslide terastallize\n>p2 move stompingtantrum\n>p1 move rockslide\n>p2 move stompingtantrum\n>p2 switch 3\n>p1 move playrough\n>p2 move shadowball\n>p1 switch 5\n>p1 move poltergeist\n>p2 move shadowball\n>p2 switch 6\n>p1 switch 3\n>p2 move crunch\n>p1 move aquastep\n>p2 move crunch\n>p1 move aquastep\n>p2 move crunch\n>p2 switch 2\n>p1 move tripleaxel\n>p2 move shadowsneak\n>p1 move roost\n>p2 move shadowsneak\n>p1 switch 2\n>p1 move earthquake\n>p2 move gunkshot\n>p1 move earthquake\n>p2 move toxicspikes\n>p2 switch 4\n>p1 move throatchop\n>p2 move glaciallance\n>p1 switch 3\n>p1 move poltergeist\n>p2 move closecombat\n>p1 move destinybond\n>p2 move highhorsepower\n>p1 move tripleaxel\n>p2 move agility\n>p1 move tripleaxel\n>p2 move highhorsepower\n>p2 switch 5\n>p1 move tripleaxel\n>p2 move photongeyser\n>p1 switch 4\n>p1 move tripleaxel\n>p2 move knockoff\n>p1 move rapidspin\n>p2 move earthquake", "uploadtime": 1732996496, "views": 1, "formatid": "gen9randombattle", "rating": 1129, "private": 0, "password": null}