{"id": "gen9randombattle-2254127549", "format": "[Gen 9] Random Battle", "players": ["greninja1910", "popplio70"], "log": "|j|\u2606greninja1910\n|j|\u2606popplio70\n|t:|1732994598\n|gametype|singles\n|player|p1|greninja1910|170|\n|player|p2|popplio70|riley|\n|teamsize|p1|6\n|teamsize|p2|6\n|gen|9\n|tier|[Gen 9] Random Battle\n|rule|Species Clause: Limit one of each Pok\u00e9mon\n|rule|HP Percentage Mod: HP is shown in percentages\n|rule|Sleep Clause Mod: Limit one foe put to sleep\n|rule|Illusion Level Mod: Illusion disguises the Pok\u00e9mon's true level\n|\n|t:|1732994598\n|start\n|switch|p1a: Sawsbuck|Sawsbuck-Winter, L88, M|284/284\n|switch|p2a: Regieleki|Regieleki, L79|256/256\n|turn|1\n|inactive|Battle timer is ON: inactive players will automatically lose when time's up. (requested by popplio70)\n|\n|t:|1732994615\n|move|p2a: Regieleki|Volt Switch|p1a: Sawsbuck\n|-resisted|p1a: Sawsbuck\n|-damage|p1a: Sawsbuck|228/284\n|\n|t:|1732994619\n|switch|p2a: Chimecho|Chimecho, L94, F|293/293|[from] Volt Switch\n|move|p1a: Sawsbuck|High Horsepower|p2a: Chimecho\n|-immune|p2a: Chimecho|[from] ability: Levitate\n|\n|upkeep\n|turn|2\n|\n|t:|1732994635\n|-terastallize|p2a: Chimecho|Steel\n|move|p1a: Sawsbuck|Swords Dance|p1a: Sawsbuck\n|-boost|p1a: Sawsbuck|atk|2\n|move|p2a: Chimecho|Cosmic Power|p2a: Chimecho\n|-boost|p2a: Chimecho|def|1\n|-boost|p2a: Chimecho|spd|1\n|\n|upkeep\n|turn|3\n|\n|t:|1732994649\n|move|p1a: Sawsbuck|Double-Edge|p2a: Chimecho\n|-resisted|p2a: Chimecho\n|-damage|p2a: Chimecho|167/293\n|-damage|p1a: Sawsbuck|186/284|[from] Recoil\n|-damage|p1a: Sawsbuck|158/284|[from] item: Life Orb\n|move|p2a: Chimecho|Cosmic Power|p2a: Chimecho\n|-boost|p2a: Chimecho|def|1\n|-boost|p2a: Chimecho|spd|1\n|\n|-heal|p2a: Chimecho|185/293|[from] item: Leftovers\n|upkeep\n|turn|4\n|\n|t:|1732994665\n|switch|p1a: Krookodile|Krookodile, L80, M|283/283\n|-ability|p1a: Krookodile|Intimidate|boost\n|-unboost|p2a: Chimecho|atk|1\n|move|p2a: Chimecho|Recover|p2a: Chimecho\n|-heal|p2a: Chimecho|293/293\n|\n|upkeep\n|turn|5\n|\n|t:|1732994678\n|move|p1a: Krookodile|Earthquake|p2a: Chimecho\n|-immune|p2a: Chimecho|[from] ability: Levitate\n|move|p2a: Chimecho|Cosmic Power|p2a: Chimecho\n|-boost|p2a: Chimecho|def|1\n|-boost|p2a: Chimecho|spd|1\n|\n|upkeep\n|turn|6\n|\n|t:|1732994687\n|switch|p1a: Clefable|Clefable, L83, M|293/293\n|move|p2a: Chimecho|Dazzling Gleam|p1a: Clefable\n|-damage|p1a: Clefable|228/293\n|\n|-heal|p1a: Clefable|246/293|[from] item: Leftovers\n|upkeep\n|turn|7\n|\n|t:|1732994697\n|move|p2a: Chimecho|Cosmic Power|p2a: Chimecho\n|-boost|p2a: Chimecho|def|1\n|-boost|p2a: Chimecho|spd|1\n|move|p1a: Clefable|Fire Blast|p2a: Chimecho\n|-supereffective|p2a: Chimecho\n|-damage|p2a: Chimecho|149/293\n|\n|-heal|p2a: Chimecho|167/293|[from] item: Leftovers\n|-heal|p1a: Clefable|264/293|[from] item: Leftovers\n|upkeep\n|turn|8\n|\n|t:|1732994707\n|move|p2a: Chimecho|Cosmic Power|p2a: Chimecho\n|-boost|p2a: Chimecho|def|1\n|-boost|p2a: Chimecho|spd|1\n|move|p1a: Clefable|Fire Blast|p2a: Chimecho\n|-supereffective|p2a: Chimecho\n|-damage|p2a: Chimecho|29/293\n|-status|p2a: Chimecho|brn\n|\n|-heal|p2a: Chimecho|47/293 brn|[from] item: Leftovers\n|-heal|p1a: Clefable|282/293|[from] item: Leftovers\n|-damage|p2a: Chimecho|29/293 brn|[from] brn\n|upkeep\n|turn|9\n|\n|t:|1732994718\n|move|p2a: Chimecho|Recover|p2a: Chimecho\n|-heal|p2a: Chimecho|176/293 brn\n|move|p1a: Clefable|Fire Blast|p2a: Chimecho\n|-supereffective|p2a: Chimecho\n|-damage|p2a: Chimecho|54/293 brn\n|\n|-heal|p2a: Chimecho|72/293 brn|[from] item: Leftovers\n|-heal|p1a: Clefable|293/293|[from] item: Leftovers\n|-damage|p2a: Chimecho|54/293 brn|[from] brn\n|upkeep\n|turn|10\n|\n|t:|1732994731\n|move|p2a: Chimecho|Recover|p2a: Chimecho\n|-heal|p2a: Chimecho|201/293 brn\n|move|p1a: Clefable|Fire Blast|p2a: Chimecho\n|-supereffective|p2a: Chimecho\n|-damage|p2a: Chimecho|73/293 brn\n|\n|-heal|p2a: Chimecho|91/293 brn|[from] item: Leftovers\n|-damage|p2a: Chimecho|73/293 brn|[from] brn\n|upkeep\n|turn|11\n|\n|t:|1732994744\n|move|p2a: Chimecho|Recover|p2a: Chimecho\n|-heal|p2a: Chimecho|220/293 brn\n|move|p1a: Clefable|Thunder Wave||[still]\n|-fail|p1a: Clefable\n|\n|-heal|p2a: Chimecho|238/293 brn|[from] item: Leftovers\n|-damage|p2a: Chimecho|220/293 brn|[from] brn\n|upkeep\n|turn|12\n|\n|t:|1732994751\n|move|p2a: Chimecho|Cosmic Power|p2a: Chimecho\n|-boost|p2a: Chimecho|def|1\n|-boost|p2a: Chimecho|spd|1\n|move|p1a: Clefable|Thunder Wave||[still]\n|-fail|p1a: Clefable\n|\n|-heal|p2a: Chimecho|238/293 brn|[from] item: Leftovers\n|-damage|p2a: Chimecho|220/293 brn|[from] brn\n|upkeep\n|turn|13\n|\n|t:|1732994761\n|move|p2a: Chimecho|Stored Power|p1a: Clefable\n|-damage|p1a: Clefable|0 fnt\n|faint|p1a: Clefable\n|\n|-heal|p2a: Chimecho|238/293 brn|[from] item: Leftovers\n|-damage|p2a: Chimecho|220/293 brn|[from] brn\n|upkeep\n|\n|t:|1732994770\n|switch|p1a: Krookodile|Krookodile, L80, M|283/283\n|-ability|p1a: Krookodile|Intimidate|boost\n|-unboost|p2a: Chimecho|atk|1\n|turn|14\n|\n|t:|1732994777\n|move|p1a: Krookodile|Earthquake|p2a: Chimecho\n|-immune|p2a: Chimecho|[from] ability: Levitate\n|move|p2a: Chimecho|Dazzling Gleam|p1a: Krookodile\n|-supereffective|p1a: Krookodile\n|-damage|p1a: Krookodile|101/283\n|\n|-heal|p2a: Chimecho|238/293 brn|[from] item: Leftovers\n|-damage|p2a: Chimecho|220/293 brn|[from] brn\n|upkeep\n|turn|15\n|\n|t:|1732994787\n|switch|p1a: Bronzong|Bronzong, L88|261/261\n|move|p2a: Chimecho|Dazzling Gleam|p1a: Bronzong\n|-resisted|p1a: Bronzong\n|-damage|p1a: Bronzong|237/261\n|\n|-heal|p2a: Chimecho|238/293 brn|[from] item: Leftovers\n|-heal|p1a: Bronzong|253/261|[from] item: Leftovers\n|-damage|p2a: Chimecho|220/293 brn|[from] brn\n|upkeep\n|turn|16\n|\n|t:|1732994804\n|move|p2a: Chimecho|Stored Power|p1a: Bronzong\n|-resisted|p1a: Bronzong\n|-damage|p1a: Bronzong|189/261\n|move|p1a: Bronzong|Psychic Noise|p2a: Chimecho\n|-resisted|p2a: Chimecho\n|-damage|p2a: Chimecho|211/293 brn\n|-start|p2a: Chimecho|move: Heal Block\n|\n|-heal|p1a: Bronzong|205/261|[from] item: Leftovers\n|-damage|p2a: Chimecho|193/293 brn|[from] brn\n|upkeep\n|turn|17\n|\n|t:|1732994819\n|switch|p1a: Krookodile|Krookodile, L80, M|101/283\n|-ability|p1a: Krookodile|Intimidate|boost\n|-unboost|p2a: Chimecho|atk|1\n|move|p2a: Chimecho|Stored Power|p1a: Krookodile\n|-immune|p1a: Krookodile\n|\n|-damage|p2a: Chimecho|175/293 brn|[from] brn\n|-end|p2a: Chimecho|move: Heal Block\n|upkeep\n|turn|18\n|\n|t:|1732994832\n|-terastallize|p1a: Krookodile|Ground\n|move|p1a: Krookodile|Stone Edge|p2a: Chimecho\n|-resisted|p2a: Chimecho\n|-damage|p2a: Chimecho|166/293 brn\n|move|p2a: Chimecho|Dazzling Gleam|p1a: Krookodile\n|-damage|p1a: Krookodile|10/283\n|\n|-heal|p2a: Chimecho|184/293 brn|[from] item: Leftovers\n|-damage|p2a: Chimecho|166/293 brn|[from] brn\n|upkeep\n|turn|19\n|\n|t:|1732994844\n|switch|p1a: Zacian|Zacian-Crowned, L64|225/225\n|-ability|p1a: Zacian|Intrepid Sword|boost\n|-boost|p1a: Zacian|atk|1\n|move|p2a: Chimecho|Recover|p2a: Chimecho\n|-heal|p2a: Chimecho|293/293 brn\n|\n|-damage|p2a: Chimecho|275/293 brn|[from] brn\n|upkeep\n|turn|20\n|\n|t:|1732994856\n|move|p1a: Zacian|Close Combat|p2a: Chimecho\n|-supereffective|p2a: Chimecho\n|-damage|p2a: Chimecho|225/293 brn\n|-unboost|p1a: Zacian|def|1\n|-unboost|p1a: Zacian|spd|1\n|move|p2a: Chimecho|Stored Power|p1a: Zacian\n|-resisted|p1a: Zacian\n|-damage|p1a: Zacian|0 fnt\n|faint|p1a: Zacian\n|\n|-heal|p2a: Chimecho|243/293 brn|[from] item: Leftovers\n|-damage|p2a: Chimecho|225/293 brn|[from] brn\n|upkeep\n|\n|t:|1732994869\n|switch|p1a: Bronzong|Bronzong, L88|205/261\n|turn|21\n|\n|t:|1732994873\n|move|p2a: Chimecho|Stored Power|p1a: Bronzong\n|-resisted|p1a: Bronzong\n|-crit|p1a: Bronzong\n|-damage|p1a: Bronzong|100/261\n|move|p1a: Bronzong|Psychic Noise|p2a: Chimecho\n|-resisted|p2a: Chimecho\n|-damage|p2a: Chimecho|216/293 brn\n|-start|p2a: Chimecho|move: Heal Block\n|\n|-heal|p1a: Bronzong|116/261|[from] item: Leftovers\n|-damage|p2a: Chimecho|198/293 brn|[from] brn\n|upkeep\n|turn|22\n|\n|t:|1732994889\n|move|p2a: Chimecho|Stored Power|p1a: Bronzong\n|-resisted|p1a: Bronzong\n|-damage|p1a: Bronzong|56/261\n|move|p1a: Bronzong|Hypnosis|p2a: Chimecho|[miss]\n|-miss|p1a: Bronzong|p2a: Chimecho\n|\n|-heal|p1a: Bronzong|72/261|[from] item: Leftovers\n|-damage|p2a: Chimecho|180/293 brn|[from] brn\n|-end|p2a: Chimecho|move: Heal Block\n|upkeep\n|turn|23\n|\n|t:|1732994909\n|move|p2a: Chimecho|Stored Power|p1a: Bronzong\n|-resisted|p1a: Bronzong\n|-damage|p1a: Bronzong|5/261\n|move|p1a: Bronzong|Hypnosis||[still]\n|-fail|p1a: Bronzong\n|\n|-heal|p2a: Chimecho|198/293 brn|[from] item: Leftovers\n|-heal|p1a: Bronzong|21/261|[from] item: Leftovers\n|-damage|p2a: Chimecho|180/293 brn|[from] brn\n|upkeep\n|turn|24\n|\n|t:|1732994919\n|switch|p1a: Bruxish|Bruxish, L85, F|254/254\n|move|p2a: Chimecho|Stored Power|p1a: Bruxish\n|-resisted|p1a: Bruxish\n|-damage|p1a: Bruxish|47/254\n|\n|-heal|p2a: Chimecho|198/293 brn|[from] item: Leftovers\n|-damage|p2a: Chimecho|180/293 brn|[from] brn\n|upkeep\n|turn|25\n|inactive|greninja1910 has 270 seconds left.\n|\n|t:|1732994942\n|move|p1a: Bruxish|Wave Crash|p2a: Chimecho\n|-damage|p2a: Chimecho|132/293 brn\n|-damage|p1a: Bruxish|31/254|[from] Recoil\n|-damage|p1a: Bruxish|6/254|[from] item: Life Orb\n|move|p2a: Chimecho|Recover|p2a: Chimecho\n|-heal|p2a: Chimecho|279/293 brn\n|\n|-heal|p2a: Chimecho|293/293 brn|[from] item: Leftovers\n|-damage|p2a: Chimecho|275/293 brn|[from] brn\n|upkeep\n|turn|26\n|inactive|greninja1910 has 270 seconds left.\n|\n|t:|1732994953\n|move|p1a: Bruxish|Psychic Fangs|p2a: Chimecho\n|-resisted|p2a: Chimecho\n|-damage|p2a: Chimecho|252/293 brn\n|-damage|p1a: Bruxish|0 fnt|[from] item: Life Orb\n|faint|p1a: Bruxish\n|move|p2a: Chimecho|Recover|p2a: Chimecho\n|-heal|p2a: Chimecho|293/293 brn\n|\n|-damage|p2a: Chimecho|275/293 brn|[from] brn\n|upkeep\n|inactive|greninja1910 has 270 seconds left.\n|\n|t:|1732994964\n|switch|p1a: Bronzong|Bronzong, L88|21/261\n|turn|27\n|inactive|greninja1910 has 270 seconds left.\n|\n|t:|1732994970\n|move|p2a: Chimecho|Stored Power|p1a: Bronzong\n|-resisted|p1a: Bronzong\n|-damage|p1a: Bronzong|0 fnt\n|faint|p1a: Bronzong\n|\n|-heal|p2a: Chimecho|293/293 brn|[from] item: Leftovers\n|-damage|p2a: Chimecho|275/293 brn|[from] brn\n|upkeep\n|inactive|greninja1910 has 270 seconds left.\n|\n|t:|1732994976\n|switch|p1a: Krookodile|Krookodile, L80, M, tera:Ground|10/283\n|-ability|p1a: Krookodile|Intimidate|boost\n|-unboost|p2a: Chimecho|atk|1\n|turn|28\n|inactive|greninja1910 has 270 seconds left.\n|\n|t:|1732994987\n|move|p1a: Krookodile|Stone Edge|p2a: Chimecho\n|-resisted|p2a: Chimecho\n|-damage|p2a: Chimecho|265/293 brn\n|move|p2a: Chimecho|Stored Power|p1a: Krookodile\n|-damage|p1a: Krookodile|0 fnt\n|faint|p1a: Krookodile\n|\n|-heal|p2a: Chimecho|283/293 brn|[from] item: Leftovers\n|-damage|p2a: Chimecho|265/293 brn|[from] brn\n|upkeep\n|inactive|greninja1910 has 270 seconds left.\n|\n|t:|1732994997\n|switch|p1a: Sawsbuck|Sawsbuck-Winter, L88, M|158/284\n|turn|29\n|\n|t:|1732995003\n|move|p1a: Sawsbuck|Double-Edge|p2a: Chimecho\n|-resisted|p2a: Chimecho\n|-crit|p2a: Chimecho\n|-damage|p2a: Chimecho|119/293 brn\n|-damage|p1a: Sawsbuck|110/284|[from] Recoil\n|-damage|p1a: Sawsbuck|82/284|[from] item: Life Orb\n|move|p2a: Chimecho|Stored Power|p1a: Sawsbuck\n|-damage|p1a: Sawsbuck|0 fnt\n|faint|p1a: Sawsbuck\n|\n|win|popplio70\n", "inputlog": ">version b107d77f5c90bd6555267ae244a6264823309ead\n>start {\"formatid\":\"gen9randombattle\",\"seed\":[59628,6601,8314,6822]}\n>player p1 {\"name\":\"greninja1910\",\"avatar\":\"170\",\"rating\":0,\"seed\":[49246,63862,15601,63584]}\n>player p2 {\"name\":\"popplio70\",\"avatar\":\"riley\",\"rating\":0,\"seed\":[35895,29510,8178,49571]}\n>p1 move highhorsepower\n>p2 move voltswitch\n>p2 switch 6\n>p1 move swordsdance\n>p2 move cosmicpower terastallize\n>p1 move doubleedge\n>p2 move cosmicpower\n>p1 switch 4\n>p2 move recover\n>p1 move earthquake\n>p2 move cosmicpower\n>p1 switch 6\n>p2 move dazzlinggleam\n>p1 move fireblast\n>p2 move cosmicpower\n>p1 move fireblast\n>p2 move cosmicpower\n>p1 move fireblast\n>p2 move recover\n>p1 move fireblast\n>p2 move recover\n>p1 move thunderwave\n>p2 move recover\n>p1 move thunderwave\n>p2 move cosmicpower\n>p1 move fireblast\n>p2 move storedpower\n>p1 switch 6\n>p1 move earthquake\n>p2 move dazzlinggleam\n>p1 switch 3\n>p2 move dazzlinggleam\n>p1 move psychicnoise\n>p2 move storedpower\n>p1 switch 3\n>p2 move storedpower\n>p1 move stoneedge terastallize\n>p2 move dazzlinggleam\n>p1 switch 2\n>p2 move recover\n>p1 move closecombat\n>p2 move storedpower\n>p1 switch 3\n>p1 move psychicnoise\n>p2 move storedpower\n>p1 move hypnosis\n>p2 move storedpower\n>p1 move hypnosis\n>p2 move storedpower\n>p1 switch 5\n>p2 move storedpower\n>p1 move wavecrash\n>p2 move recover\n>p1 move psychicfangs\n>p2 move recover\n>p1 switch 5\n>p1 move hypnosis\n>p2 move storedpower\n>p1 switch 2\n>p1 move stoneedge\n>p2 move storedpower\n>p1 switch 4\n>p1 move doubleedge\n>p2 move storedpower", "uploadtime": 1732995011, "views": 3, "formatid": "gen9randombattle", "rating": null, "private": 0, "password": null}