{"id": "gen9randombattle-2254114338", "format": "[Gen 9] Random Battle", "players": ["hulinian", "NeonNugets"], "log": "|j|\u2606hulinian\n|j|\u2606NeonNugets\n|t:|1732992960\n|gametype|singles\n|player|p1|hulinian|hilbert|1533\n|player|p2|NeonNugets|170|1555\n|teamsize|p1|6\n|teamsize|p2|6\n|gen|9\n|tier|[Gen 9] Random Battle\n|rated|\n|rule|Species Clause: Limit one of each Pok\u00e9mon\n|rule|HP Percentage Mod: HP is shown in percentages\n|rule|Sleep Clause Mod: Limit one foe put to sleep\n|rule|Illusion Level Mod: Illusion disguises the Pok\u00e9mon's true level\n|\n|t:|1732992960\n|start\n|switch|p1a: Ninetales|Ninetales, L85, F|263/263\n|switch|p2a: Wugtrio|Wugtrio, L91, M|212/212\n|-weather|SunnyDay|[from] ability: Drought|[of] p1a: Ninetales\n|turn|1\n|inactive|Battle timer is ON: inactive players will automatically lose when time's up. (requested by hulinian)\n|\n|t:|1732993003\n|switch|p2a: Talonflame|Talonflame, L84, F|268/268\n|switch|p1a: Bellibolt|Bellibolt, L84, F|320/320\n|\n|-weather|SunnyDay|[upkeep]\n|upkeep\n|turn|2\n|\n|t:|1732993025\n|switch|p2a: Tinkaton|Tinkaton, L82, F|274/274\n|-ability|p2a: Tinkaton|Mold Breaker\n|move|p1a: Bellibolt|Volt Switch|p2a: Tinkaton\n|-damage|p2a: Tinkaton|207/274\n|\n|t:|1732993031\n|switch|p1a: Ninetales|Ninetales, L85, F|263/263|[from] Volt Switch\n|\n|-weather|SunnyDay|[upkeep]\n|-heal|p2a: Tinkaton|224/274|[from] item: Leftovers\n|upkeep\n|turn|3\n|\n|t:|1732993043\n|switch|p2a: Talonflame|Talonflame, L84, F|268/268\n|move|p1a: Ninetales|Nasty Plot|p1a: Ninetales\n|-boost|p1a: Ninetales|spa|2\n|\n|-weather|SunnyDay|[upkeep]\n|upkeep\n|turn|4\n|\n|t:|1732993062\n|switch|p1a: Bellibolt|Bellibolt, L84, F|320/320\n|move|p2a: Talonflame|Brave Bird|p1a: Bellibolt\n|-resisted|p1a: Bellibolt\n|-damage|p1a: Bellibolt|263/320\n|-start|p1a: Bellibolt|Charge|Brave Bird|[from] ability: Electromorphosis\n|-damage|p2a: Talonflame|249/268|[from] Recoil\n|\n|-weather|SunnyDay|[upkeep]\n|-heal|p1a: Bellibolt|283/320|[from] item: Leftovers\n|upkeep\n|turn|5\n|\n|t:|1732993081\n|-terastallize|p2a: Talonflame|Ground\n|move|p2a: Talonflame|Overheat|p1a: Bellibolt\n|-damage|p1a: Bellibolt|111/320\n|-unboost|p2a: Talonflame|spa|2\n|-start|p1a: Bellibolt|Charge|Overheat|[from] ability: Electromorphosis\n|move|p1a: Bellibolt|Volt Switch|p2a: Talonflame\n|-immune|p2a: Talonflame\n|-end|p1a: Bellibolt|Charge|[silent]\n|\n|-weather|none\n|-heal|p1a: Bellibolt|131/320|[from] item: Leftovers\n|upkeep\n|turn|6\n|inactive|NeonNugets has 120 seconds left.\n|\n|t:|1732993103\n|move|p2a: Talonflame|Will-O-Wisp|p1a: Bellibolt\n|-status|p1a: Bellibolt|brn\n|move|p1a: Bellibolt|Slack Off|p1a: Bellibolt\n|-heal|p1a: Bellibolt|291/320 brn\n|\n|-heal|p1a: Bellibolt|311/320 brn|[from] item: Leftovers\n|-damage|p1a: Bellibolt|291/320 brn|[from] brn\n|upkeep\n|turn|7\n|inactive|NeonNugets has 120 seconds left.\n|\n|t:|1732993122\n|switch|p2a: Tinkaton|Tinkaton, L82, F|224/274\n|-ability|p2a: Tinkaton|Mold Breaker\n|move|p1a: Bellibolt|Volt Switch|p2a: Tinkaton\n|-crit|p2a: Tinkaton\n|-damage|p2a: Tinkaton|118/274\n|\n|t:|1732993126\n|switch|p1a: Ninetales|Ninetales, L85, F|263/263|[from] Volt Switch\n|-weather|SunnyDay|[from] ability: Drought|[of] p1a: Ninetales\n|\n|-weather|SunnyDay|[upkeep]\n|-heal|p2a: Tinkaton|135/274|[from] item: Leftovers\n|upkeep\n|turn|8\n|\n|t:|1732993130\n|move|p1a: Ninetales|Fire Blast|p2a: Tinkaton\n|-supereffective|p2a: Tinkaton\n|-damage|p2a: Tinkaton|0 fnt\n|faint|p2a: Tinkaton\n|\n|-weather|SunnyDay|[upkeep]\n|upkeep\n|\n|t:|1732993133\n|switch|p2a: Wugtrio|Wugtrio, L91, M|212/212\n|turn|9\n|\n|t:|1732993139\n|switch|p1a: Bellibolt|Bellibolt, L84, F|291/320 brn\n|move|p2a: Wugtrio|Liquidation|p1a: Bellibolt\n|-damage|p1a: Bellibolt|215/320 brn\n|-start|p1a: Bellibolt|Charge|Liquidation|[from] ability: Electromorphosis\n|\n|-weather|SunnyDay|[upkeep]\n|-heal|p1a: Bellibolt|235/320 brn|[from] item: Leftovers\n|-damage|p1a: Bellibolt|215/320 brn|[from] brn\n|upkeep\n|turn|10\n|\n|t:|1732993149\n|switch|p2a: Talonflame|Talonflame, L84, F, tera:Ground|249/268\n|move|p1a: Bellibolt|Slack Off|p1a: Bellibolt\n|-heal|p1a: Bellibolt|320/320 brn\n|\n|-weather|SunnyDay|[upkeep]\n|-damage|p1a: Bellibolt|300/320 brn|[from] brn\n|upkeep\n|turn|11\n|\n|t:|1732993169\n|move|p2a: Talonflame|Overheat|p1a: Bellibolt\n|-damage|p1a: Bellibolt|135/320 brn\n|-unboost|p2a: Talonflame|spa|2\n|-start|p1a: Bellibolt|Charge|Overheat|[from] ability: Electromorphosis\n|move|p1a: Bellibolt|Slack Off|p1a: Bellibolt\n|-heal|p1a: Bellibolt|295/320 brn\n|\n|-weather|none\n|-heal|p1a: Bellibolt|315/320 brn|[from] item: Leftovers\n|-damage|p1a: Bellibolt|295/320 brn|[from] brn\n|upkeep\n|turn|12\n|\n|t:|1732993177\n|move|p2a: Talonflame|Overheat|p1a: Bellibolt\n|-damage|p1a: Bellibolt|240/320 brn\n|-unboost|p2a: Talonflame|spa|2\n|-start|p1a: Bellibolt|Charge|Overheat|[from] ability: Electromorphosis\n|move|p1a: Bellibolt|Muddy Water|p2a: Talonflame\n|-supereffective|p2a: Talonflame\n|-damage|p2a: Talonflame|77/268\n|-unboost|p2a: Talonflame|accuracy|1\n|\n|-heal|p1a: Bellibolt|260/320 brn|[from] item: Leftovers\n|-damage|p1a: Bellibolt|240/320 brn|[from] brn\n|upkeep\n|turn|13\n|\n|t:|1732993187\n|move|p2a: Talonflame|Roost|p2a: Talonflame\n|-heal|p2a: Talonflame|211/268\n|move|p1a: Bellibolt|Muddy Water|p2a: Talonflame\n|-supereffective|p2a: Talonflame\n|-damage|p2a: Talonflame|65/268\n|\n|-heal|p1a: Bellibolt|260/320 brn|[from] item: Leftovers\n|-damage|p1a: Bellibolt|240/320 brn|[from] brn\n|upkeep\n|turn|14\n|\n|t:|1732993196\n|move|p2a: Talonflame|Roost|p2a: Talonflame\n|-heal|p2a: Talonflame|199/268\n|move|p1a: Bellibolt|Muddy Water|p2a: Talonflame\n|-supereffective|p2a: Talonflame\n|-damage|p2a: Talonflame|41/268\n|-unboost|p2a: Talonflame|accuracy|1\n|\n|-heal|p1a: Bellibolt|260/320 brn|[from] item: Leftovers\n|-damage|p1a: Bellibolt|240/320 brn|[from] brn\n|upkeep\n|turn|15\n|\n|t:|1732993203\n|move|p2a: Talonflame|Roost|p2a: Talonflame\n|-heal|p2a: Talonflame|175/268\n|move|p1a: Bellibolt|Muddy Water|p2a: Talonflame\n|-supereffective|p2a: Talonflame\n|-damage|p2a: Talonflame|17/268\n|-unboost|p2a: Talonflame|accuracy|1\n|\n|-heal|p1a: Bellibolt|260/320 brn|[from] item: Leftovers\n|-damage|p1a: Bellibolt|240/320 brn|[from] brn\n|upkeep\n|turn|16\n|\n|t:|1732993211\n|switch|p2a: Wugtrio|Wugtrio, L91, M|212/212\n|move|p1a: Bellibolt|Muddy Water|p2a: Wugtrio|[miss]\n|-miss|p1a: Bellibolt|p2a: Wugtrio\n|\n|-heal|p1a: Bellibolt|260/320 brn|[from] item: Leftovers\n|-damage|p1a: Bellibolt|240/320 brn|[from] brn\n|upkeep\n|turn|17\n|\n|t:|1732993217\n|move|p2a: Wugtrio|Stomping Tantrum|p1a: Bellibolt\n|-supereffective|p1a: Bellibolt\n|-damage|p1a: Bellibolt|42/320 brn\n|-start|p1a: Bellibolt|Charge|Stomping Tantrum|[from] ability: Electromorphosis\n|move|p1a: Bellibolt|Muddy Water|p2a: Wugtrio\n|-resisted|p2a: Wugtrio\n|-damage|p2a: Wugtrio|177/212\n|-unboost|p2a: Wugtrio|accuracy|1\n|\n|-heal|p1a: Bellibolt|62/320 brn|[from] item: Leftovers\n|-damage|p1a: Bellibolt|42/320 brn|[from] brn\n|upkeep\n|turn|18\n|\n|t:|1732993226\n|switch|p1a: Virizion|Virizion, L82|283/283\n|move|p2a: Wugtrio|Stomping Tantrum|p1a: Virizion\n|-resisted|p1a: Virizion\n|-damage|p1a: Virizion|226/283\n|\n|upkeep\n|turn|19\n|\n|t:|1732993240\n|switch|p2a: Talonflame|Talonflame, L84, F, tera:Ground|17/268\n|move|p1a: Virizion|Leaf Blade|p2a: Talonflame\n|-supereffective|p2a: Talonflame\n|-damage|p2a: Talonflame|0 fnt\n|faint|p2a: Talonflame\n|-damage|p1a: Virizion|198/283|[from] item: Life Orb\n|\n|upkeep\n|\n|t:|1732993259\n|switch|p2a: Medicham|Medicham, L86, M|243/243\n|turn|20\n|inactive|hulinian has 120 seconds left.\n|\n|t:|1732993309\n|switch|p1a: Bellibolt|Bellibolt, L84, F|42/320 brn\n|move|p2a: Medicham|Zen Headbutt|p1a: Bellibolt\n|-damage|p1a: Bellibolt|0 fnt\n|faint|p1a: Bellibolt\n|\n|upkeep\n|\n|t:|1732993312\n|switch|p1a: Swanna|Swanna, L88, M|275/275\n|turn|21\n|\n|t:|1732993329\n|switch|p2a: Floatzel|Floatzel, L85, F|283/283\n|move|p1a: Swanna|Brave Bird|p2a: Floatzel\n|-damage|p2a: Floatzel|105/283\n|-damage|p1a: Swanna|216/275|[from] Recoil\n|\n|upkeep\n|turn|22\n|inactive|hulinian has 120 seconds left.\n|\n|t:|1732993361\n|move|p2a: Floatzel|Ice Spinner|p1a: Swanna\n|-damage|p1a: Swanna|100/275\n|move|p1a: Swanna|Roost|p1a: Swanna\n|-heal|p1a: Swanna|238/275\n|-singleturn|p1a: Swanna|move: Roost\n|\n|upkeep\n|turn|23\n|\n|t:|1732993372\n|move|p2a: Floatzel|Ice Spinner|p1a: Swanna\n|-damage|p1a: Swanna|123/275\n|move|p1a: Swanna|Knock Off|p2a: Floatzel\n|-damage|p2a: Floatzel|7/283\n|-enditem|p2a: Floatzel|Choice Band|[from] move: Knock Off|[of] p1a: Swanna\n|\n|upkeep\n|turn|24\n|\n|t:|1732993380\n|move|p2a: Floatzel|Wave Crash|p1a: Swanna\n|-resisted|p1a: Swanna\n|-damage|p1a: Swanna|45/275\n|-damage|p2a: Floatzel|0 fnt|[from] Recoil\n|faint|p2a: Floatzel\n|move|p1a: Swanna|Roost|p1a: Swanna\n|-heal|p1a: Swanna|183/275\n|-singleturn|p1a: Swanna|move: Roost\n|\n|upkeep\n|inactive|NeonNugets has 120 seconds left.\n|\n|t:|1732993409\n|switch|p2a: Maushold|Maushold-Four, L76|238/238\n|turn|25\n|inactive|NeonNugets has 120 seconds left.\n|\n|t:|1732993421\n|move|p1a: Swanna|Knock Off|p2a: Maushold\n|-damage|p2a: Maushold|150/238\n|-enditem|p2a: Maushold|Wide Lens|[from] move: Knock Off|[of] p1a: Swanna\n|move|p2a: Maushold|Tidy Up|p2a: Maushold\n|-boost|p2a: Maushold|atk|1\n|-boost|p2a: Maushold|spe|1\n|\n|upkeep\n|turn|26\n|inactive|NeonNugets has 120 seconds left.\n|inactive|hulinian has 120 seconds left.\n|\n|t:|1732993447\n|switch|p1a: Basculegion|Basculegion, L81, M|327/327\n|move|p2a: Maushold|Population Bomb|p1a: Basculegion\n|-immune|p1a: Basculegion\n|\n|upkeep\n|turn|27\n|inactive|NeonNugets has 120 seconds left.\n|\n|t:|1732993466\n|switch|p2a: Wugtrio|Wugtrio, L91, M|177/212\n|move|p1a: Basculegion|Aqua Jet|p2a: Wugtrio\n|-resisted|p2a: Wugtrio\n|-damage|p2a: Wugtrio|135/212\n|-ability|p2a: Wugtrio|Gooey\n|-unboost|p1a: Basculegion|spe|1\n|\n|upkeep\n|turn|28\n|inactive|NeonNugets has 120 seconds left.\n|\n|t:|1732993482\n|switch|p1a: Virizion|Virizion, L82|198/283\n|move|p2a: Wugtrio|Liquidation|p1a: Virizion\n|-resisted|p1a: Virizion\n|-damage|p1a: Virizion|96/283\n|\n|upkeep\n|turn|29\n|\n|t:|1732993491\n|move|p2a: Wugtrio|Liquidation|p1a: Virizion\n|-resisted|p1a: Virizion\n|-crit|p1a: Virizion\n|-damage|p1a: Virizion|0 fnt\n|faint|p1a: Virizion\n|\n|upkeep\n|\n|t:|1732993496\n|switch|p1a: Regieleki|Regieleki, L79|256/256\n|turn|30\n|inactive|NeonNugets has 120 seconds left.\n|\n|t:|1732993522\n|move|p1a: Regieleki|Volt Switch|p2a: Wugtrio\n|-supereffective|p2a: Wugtrio\n|-damage|p2a: Wugtrio|0 fnt\n|faint|p2a: Wugtrio\n|inactive|hulinian has 120 seconds left.\n|\n|t:|1732993541\n|switch|p1a: Swanna|Swanna, L88, M|183/275|[from] Volt Switch\n|\n|upkeep\n|inactive|NeonNugets has 120 seconds left.\n|\n|t:|1732993565\n|switch|p2a: Maushold|Maushold-Four, L76|150/238\n|turn|31\n|\n|t:|1732993570\n|move|p1a: Swanna|Brave Bird|p2a: Maushold\n|-damage|p2a: Maushold|0 fnt\n|faint|p2a: Maushold\n|-damage|p1a: Swanna|133/275|[from] Recoil\n|\n|upkeep\n|\n|t:|1732993572\n|switch|p2a: Medicham|Medicham, L86, M|243/243\n|turn|32\n|c|\u2606hulinian|gg\n|\n|t:|1732993579\n|move|p1a: Swanna|Brave Bird|p2a: Medicham\n|-supereffective|p2a: Medicham\n|-damage|p2a: Medicham|0 fnt\n|faint|p2a: Medicham\n|-damage|p1a: Swanna|53/275|[from] Recoil\n|\n|win|hulinian\n|raw|hulinian's rating: 1533 &rarr; <strong>1554</strong><br />(+21 for winning)\n|raw|NeonNugets's rating: 1555 &rarr; <strong>1534</strong><br />(-21 for losing)\n|l|\u2606NeonNugets\n|player|p2|\n", "inputlog": ">version b107d77f5c90bd6555267ae244a6264823309ead\n>start {\"formatid\":\"gen9randombattle\",\"seed\":[36678,16363,53470,2398],\"rated\":\"Rated battle\"}\n>player p1 {\"name\":\"hulinian\",\"avatar\":\"hilbert\",\"rating\":1533,\"seed\":[39922,14696,32768,61678]}\n>player p2 {\"name\":\"NeonNugets\",\"avatar\":\"170\",\"rating\":1555,\"seed\":[55761,57123,30580,29865]}\n>p1 switch 5\n>p2 switch 4\n>p1 move voltswitch\n>p2 switch 5\n>p1 switch 5\n>p1 move nastyplot\n>p2 switch 5\n>p1 switch 5\n>p2 move bravebird\n>p1 move voltswitch\n>p2 move overheat terastallize\n>p1 move slackoff\n>p2 move willowisp\n>p1 move voltswitch\n>p2 switch 5\n>p1 switch 5\n>p1 move fireblast\n>p2 move thunderwave\n>p2 switch 4\n>p1 switch 5\n>p2 move liquidation\n>p1 move slackoff\n>p2 switch 5\n>p1 move slackoff\n>p2 move overheat\n>p1 move muddywater\n>p2 move overheat\n>p1 move muddywater\n>p2 move roost\n>p1 move muddywater\n>p2 move roost\n>p1 move muddywater\n>p2 move roost\n>p1 move muddywater\n>p2 switch 5\n>p1 move muddywater\n>p2 move stompingtantrum\n>p1 switch 3\n>p2 move stompingtantrum\n>p1 move leafblade\n>p2 switch 5\n>p2 switch 6\n>p1 switch 3\n>p2 move zenheadbutt\n>p1 switch 6\n>p1 move bravebird\n>p2 switch 2\n>p1 move roost\n>p2 move icespinner\n>p1 move knockoff\n>p2 move icespinner\n>p1 move roost\n>p2 move wavecrash\n>p2 switch 3\n>p1 move knockoff\n>p2 move tidyup\n>p1 switch 4\n>p2 move populationbomb\n>p1 move aquajet\n>p2 switch 5\n>p1 switch 3\n>p2 move liquidation\n>p1 move leafblade\n>p2 move liquidation\n>p1 switch 2\n>p1 move voltswitch\n>p2 move liquidation\n>p1 switch 4\n>p2 switch 5\n>p1 move bravebird\n>p2 move populationbomb\n>p2 switch 2\n>chat \u2606hulinian|gg\n>p1 move bravebird\n>p2 move zenheadbutt", "uploadtime": 1732993856, "views": 1, "formatid": "gen9randombattle", "rating": 1534, "private": 0, "password": null}