{"id": "gen9randombattle-2254037739", "format": "[Gen 9] Random Battle", "players": ["marcobolado123", "johannesbestie"], "log": "|j|\u2606marcobolado123\n|j|\u2606johannesbestie\n|t:|1732983346\n|gametype|singles\n|player|p1|marcobolado123|101|1199\n|player|p2|johannesbestie|169|1234\n|teamsize|p1|6\n|teamsize|p2|6\n|gen|9\n|tier|[Gen 9] Random Battle\n|rated|\n|rule|Species Clause: Limit one of each Pok\u00e9mon\n|rule|HP Percentage Mod: HP is shown in percentages\n|rule|Sleep Clause Mod: Limit one foe put to sleep\n|rule|Illusion Level Mod: Illusion disguises the Pok\u00e9mon's true level\n|\n|t:|1732983346\n|start\n|switch|p1a: Samurott|Samurott-Hisui, L77, M|265/265\n|switch|p2a: Vileplume|Vileplume, L86, M|269/269\n|turn|1\n|inactive|Battle timer is ON: inactive players will automatically lose when time's up. (requested by marcobolado123)\n|\n|t:|1732983370\n|move|p1a: Samurott|Flip Turn|p2a: Vileplume\n|-resisted|p2a: Vileplume\n|-damage|p2a: Vileplume|227/269\n|\n|t:|1732983375\n|switch|p1a: Hypno|Hypno, L95, M|315/315|[from] Flip Turn\n|move|p2a: Vileplume|Strength Sap|p1a: Hypno\n|-unboost|p1a: Hypno|atk|1\n|-heal|p2a: Vileplume|269/269\n|\n|upkeep\n|turn|2\n|\n|t:|1732983396\n|switch|p2a: Tyranitar|Tyranitar, L79, M|288/288\n|-weather|Sandstorm|[from] ability: Sand Stream|[of] p2a: Tyranitar\n|move|p1a: Hypno|Psychic Noise|p2a: Tyranitar\n|-immune|p2a: Tyranitar\n|\n|-weather|Sandstorm|[upkeep]\n|-damage|p1a: Hypno|296/315|[from] Sandstorm\n|-heal|p1a: Hypno|315/315|[from] item: Leftovers\n|upkeep\n|turn|3\n|\n|t:|1732983409\n|switch|p1a: Samurott|Samurott-Hisui, L77, M|265/265\n|move|p2a: Tyranitar|Knock Off|p1a: Samurott\n|-resisted|p1a: Samurott\n|-damage|p1a: Samurott|202/265\n|-enditem|p1a: Samurott|Choice Band|[from] move: Knock Off|[of] p2a: Tyranitar\n|\n|-weather|Sandstorm|[upkeep]\n|-damage|p1a: Samurott|186/265|[from] Sandstorm\n|upkeep\n|turn|4\n|\n|t:|1732983424\n|switch|p2a: Vileplume|Vileplume, L86, M|269/269\n|move|p1a: Samurott|Razor Shell|p2a: Vileplume\n|-resisted|p2a: Vileplume\n|-damage|p2a: Vileplume|213/269\n|-unboost|p2a: Vileplume|def|1\n|\n|-weather|Sandstorm|[upkeep]\n|-damage|p1a: Samurott|170/265|[from] Sandstorm\n|-damage|p2a: Vileplume|197/269|[from] Sandstorm\n|-heal|p2a: Vileplume|213/269|[from] item: Leftovers\n|upkeep\n|turn|5\n|\n|t:|1732983436\n|move|p1a: Samurott|Flip Turn|p2a: Vileplume\n|-resisted|p2a: Vileplume\n|-damage|p2a: Vileplume|171/269\n|\n|t:|1732983448\n|switch|p1a: Hypno|Hypno, L95, M|315/315|[from] Flip Turn\n|move|p2a: Vileplume|Leech Seed|p1a: Hypno\n|-start|p1a: Hypno|move: Leech Seed\n|\n|-weather|Sandstorm|[upkeep]\n|-damage|p1a: Hypno|296/315|[from] Sandstorm\n|-damage|p2a: Vileplume|155/269|[from] Sandstorm\n|-heal|p1a: Hypno|315/315|[from] item: Leftovers\n|-heal|p2a: Vileplume|171/269|[from] item: Leftovers\n|-damage|p1a: Hypno|276/315|[from] Leech Seed|[of] p2a: Vileplume\n|-heal|p2a: Vileplume|210/269|[silent]\n|upkeep\n|turn|6\n|\n|t:|1732983468\n|switch|p1a: Cramorant|Cramorant, L86, F|261/261\n|-terastallize|p2a: Vileplume|Steel\n|move|p2a: Vileplume|Giga Drain|p1a: Cramorant\n|-damage|p1a: Cramorant|170/261\n|-heal|p2a: Vileplume|256/269|[from] drain|[of] p1a: Cramorant\n|\n|-weather|none\n|-heal|p2a: Vileplume|269/269|[from] item: Leftovers\n|upkeep\n|turn|7\n|\n|t:|1732983482\n|switch|p1a: Swalot|Swalot, L90, M|326/326\n|move|p2a: Vileplume|Leech Seed|p1a: Swalot\n|-start|p1a: Swalot|move: Leech Seed\n|\n|-damage|p1a: Swalot|286/326|[from] Leech Seed|[of] p2a: Vileplume\n|-damage|p2a: Vileplume|229/269|[from] ability: Liquid Ooze|[of] p1a: Swalot\n|upkeep\n|turn|8\n|\n|t:|1732983493\n|move|p1a: Swalot|Earthquake|p2a: Vileplume\n|-supereffective|p2a: Vileplume\n|-damage|p2a: Vileplume|19/269\n|move|p2a: Vileplume|Strength Sap|p1a: Swalot\n|-unboost|p1a: Swalot|atk|1\n|-damage|p2a: Vileplume|0 fnt|[from] ability: Liquid Ooze|[of] p1a: Swalot\n|faint|p2a: Vileplume\n|\n|-heal|p1a: Swalot|306/326|[from] item: Leftovers\n|upkeep\n|inactive|johannesbestie has 120 seconds left.\n|\n|t:|1732983506\n|switch|p2a: Tyranitar|Tyranitar, L79, M|288/288\n|-weather|Sandstorm|[from] ability: Sand Stream|[of] p2a: Tyranitar\n|turn|9\n|\n|t:|1732983512\n|switch|p1a: Cramorant|Cramorant, L86, F|170/261\n|move|p2a: Tyranitar|Knock Off|p1a: Cramorant\n|-damage|p1a: Cramorant|1/261\n|-enditem|p1a: Cramorant|Heavy-Duty Boots|[from] move: Knock Off|[of] p2a: Tyranitar\n|\n|-weather|Sandstorm|[upkeep]\n|-damage|p1a: Cramorant|0 fnt|[from] Sandstorm\n|faint|p1a: Cramorant\n|upkeep\n|\n|t:|1732983521\n|switch|p1a: Samurott|Samurott-Hisui, L77, M|170/265\n|turn|10\n|\n|t:|1732983529\n|move|p1a: Samurott|Razor Shell|p2a: Tyranitar\n|-supereffective|p2a: Tyranitar\n|-damage|p2a: Tyranitar|102/288\n|move|p2a: Tyranitar|Stone Edge|p1a: Samurott\n|-damage|p1a: Samurott|32/265\n|\n|-weather|Sandstorm|[upkeep]\n|-damage|p1a: Samurott|16/265|[from] Sandstorm\n|-heal|p2a: Tyranitar|120/288|[from] item: Leftovers\n|upkeep\n|turn|11\n|\n|t:|1732983551\n|switch|p2a: Clawitzer|Clawitzer, L87, F|265/265\n|move|p1a: Samurott|Razor Shell|p2a: Clawitzer\n|-resisted|p2a: Clawitzer\n|-damage|p2a: Clawitzer|211/265\n|\n|-weather|Sandstorm|[upkeep]\n|-damage|p1a: Samurott|0 fnt|[from] Sandstorm\n|-damage|p2a: Clawitzer|195/265|[from] Sandstorm\n|faint|p1a: Samurott\n|upkeep\n|\n|t:|1732983560\n|switch|p1a: Hypno|Hypno, L95, M|276/315\n|turn|12\n|\n|t:|1732983565\n|move|p1a: Hypno|Knock Off|p2a: Clawitzer\n|-damage|p2a: Clawitzer|131/265\n|-enditem|p2a: Clawitzer|Assault Vest|[from] move: Knock Off|[of] p1a: Hypno\n|move|p2a: Clawitzer|U-turn|p1a: Hypno\n|-supereffective|p1a: Hypno\n|-damage|p1a: Hypno|180/315\n|\n|t:|1732983573\n|switch|p2a: Tyranitar|Tyranitar, L79, M|120/288|[from] U-turn\n|\n|-weather|Sandstorm|[upkeep]\n|-damage|p1a: Hypno|161/315|[from] Sandstorm\n|-heal|p1a: Hypno|180/315|[from] item: Leftovers\n|-heal|p2a: Tyranitar|138/288|[from] item: Leftovers\n|upkeep\n|turn|13\n|\n|t:|1732983587\n|move|p1a: Hypno|Knock Off|p2a: Tyranitar\n|-resisted|p2a: Tyranitar\n|-damage|p2a: Tyranitar|107/288\n|-enditem|p2a: Tyranitar|Leftovers|[from] move: Knock Off|[of] p1a: Hypno\n|move|p2a: Tyranitar|Stealth Rock|p1a: Hypno\n|-sidestart|p1: marcobolado123|move: Stealth Rock\n|\n|-weather|none\n|-heal|p1a: Hypno|199/315|[from] item: Leftovers\n|upkeep\n|turn|14\n|\n|t:|1732983597\n|switch|p1a: Swalot|Swalot, L90, M|306/326\n|-damage|p1a: Swalot|266/326|[from] Stealth Rock\n|move|p2a: Tyranitar|Knock Off|p1a: Swalot\n|-damage|p1a: Swalot|148/326\n|-enditem|p1a: Swalot|Leftovers|[from] move: Knock Off|[of] p2a: Tyranitar\n|\n|upkeep\n|turn|15\n|\n|t:|1732983614\n|move|p1a: Swalot|Earthquake|p2a: Tyranitar\n|-supereffective|p2a: Tyranitar\n|-damage|p2a: Tyranitar|0 fnt\n|faint|p2a: Tyranitar\n|\n|upkeep\n|\n|t:|1732983620\n|switch|p2a: Raging Bolt|Raging Bolt, L78|323/323\n|turn|16\n|\n|t:|1732983629\n|move|p2a: Raging Bolt|Thunderclap|p1a: Swalot\n|-damage|p1a: Swalot|64/326\n|move|p1a: Swalot|Earthquake|p2a: Raging Bolt\n|-supereffective|p2a: Raging Bolt\n|-damage|p2a: Raging Bolt|171/323\n|\n|-heal|p2a: Raging Bolt|191/323|[from] item: Leftovers\n|upkeep\n|turn|17\n|\n|t:|1732983646\n|move|p2a: Raging Bolt|Dragon Pulse|p1a: Swalot\n|-damage|p1a: Swalot|0 fnt\n|faint|p1a: Swalot\n|\n|-heal|p2a: Raging Bolt|211/323|[from] item: Leftovers\n|upkeep\n|\n|t:|1732983650\n|switch|p1a: Klefki|Klefki, L84, M|233/233\n|-damage|p1a: Klefki|219/233|[from] Stealth Rock\n|turn|18\n|inactive|johannesbestie has 120 seconds left.\n|\n|t:|1732983695\n|-end|p2a: Raging Bolt|Protosynthesis|[silent]\n|switch|p2a: Clawitzer|Clawitzer, L87, F|131/265\n|move|p1a: Klefki|Spikes|p2a: Clawitzer\n|-sidestart|p2: johannesbestie|Spikes\n|\n|-heal|p1a: Klefki|233/233|[from] item: Leftovers\n|upkeep\n|turn|19\n|\n|t:|1732983706\n|move|p1a: Klefki|Foul Play|p2a: Clawitzer\n|-damage|p2a: Clawitzer|81/265\n|move|p2a: Clawitzer|Water Pulse|p1a: Klefki\n|-damage|p1a: Klefki|109/233\n|\n|-heal|p1a: Klefki|123/233|[from] item: Leftovers\n|upkeep\n|turn|20\n|\n|t:|1732983714\n|switch|p1a: Hypno|Hypno, L95, M|199/315\n|-damage|p1a: Hypno|160/315|[from] Stealth Rock\n|move|p2a: Clawitzer|Water Pulse|p1a: Hypno\n|-damage|p1a: Hypno|72/315\n|\n|-heal|p1a: Hypno|91/315|[from] item: Leftovers\n|upkeep\n|turn|21\n|\n|t:|1732983738\n|switch|p2a: Enamorus|Enamorus-Therian, L83, F|259/259\n|move|p1a: Hypno|Psychic Noise|p2a: Enamorus\n|-damage|p2a: Enamorus|189/259\n|-start|p2a: Enamorus|move: Heal Block\n|\n|-heal|p1a: Hypno|110/315|[from] item: Leftovers\n|upkeep\n|turn|22\n|\n|t:|1732983750\n|move|p1a: Hypno|Knock Off|p2a: Enamorus\n|-resisted|p2a: Enamorus\n|-damage|p2a: Enamorus|157/259\n|-enditem|p2a: Enamorus|Choice Specs|[from] move: Knock Off|[of] p1a: Hypno\n|move|p2a: Enamorus|Mystical Fire|p1a: Hypno\n|-damage|p1a: Hypno|65/315\n|-unboost|p1a: Hypno|spa|1\n|\n|-heal|p1a: Hypno|84/315|[from] item: Leftovers\n|-end|p2a: Enamorus|move: Heal Block\n|upkeep\n|turn|23\n|\n|t:|1732983767\n|move|p1a: Hypno|Psychic Noise|p2a: Enamorus\n|-damage|p2a: Enamorus|109/259\n|-start|p2a: Enamorus|move: Heal Block\n|move|p2a: Enamorus|Moonblast|p1a: Hypno\n|-damage|p1a: Hypno|0 fnt\n|faint|p1a: Hypno\n|\n|upkeep\n|\n|t:|1732983784\n|switch|p1a: Klefki|Klefki, L84, M|123/233\n|-damage|p1a: Klefki|109/233|[from] Stealth Rock\n|turn|24\n|\n|t:|1732983789\n|move|p1a: Klefki|Thunder Wave|p2a: Enamorus|[miss]\n|-miss|p1a: Klefki|p2a: Enamorus\n|move|p2a: Enamorus|Mystical Fire|p1a: Klefki\n|-supereffective|p1a: Klefki\n|-damage|p1a: Klefki|0 fnt\n|faint|p1a: Klefki\n|\n|-end|p2a: Enamorus|move: Heal Block\n|upkeep\n|\n|t:|1732983793\n|switch|p1a: Roaring Moon|Roaring Moon, L72|270/270\n|-damage|p1a: Roaring Moon|237/270|[from] Stealth Rock\n|-enditem|p1a: Roaring Moon|Booster Energy\n|-activate|p1a: Roaring Moon|ability: Protosynthesis|[fromitem]\n|-start|p1a: Roaring Moon|protosynthesisatk\n|turn|25\n|inactive|johannesbestie has 120 seconds left.\n|\n|t:|1732983805\n|-terastallize|p1a: Roaring Moon|Flying\n|move|p1a: Roaring Moon|Dragon Dance|p1a: Roaring Moon\n|-boost|p1a: Roaring Moon|atk|1\n|-boost|p1a: Roaring Moon|spe|1\n|move|p2a: Enamorus|Moonblast|p1a: Roaring Moon\n|-damage|p1a: Roaring Moon|105/270\n|-unboost|p1a: Roaring Moon|spa|1\n|\n|upkeep\n|turn|26\n|inactive|johannesbestie has 120 seconds left.\n|\n|t:|1732983815\n|move|p1a: Roaring Moon|Outrage|p2a: Enamorus\n|-immune|p2a: Enamorus\n|move|p2a: Enamorus|Moonblast|p1a: Roaring Moon\n|-damage|p1a: Roaring Moon|0 fnt\n|faint|p1a: Roaring Moon\n|-end|p1a: Roaring Moon|Protosynthesis|[silent]\n|\n|win|johannesbestie\n|raw|marcobolado123's rating: 1199 &rarr; <strong>1177</strong><br />(-22 for losing)\n|raw|johannesbestie's rating: 1234 &rarr; <strong>1256</strong><br />(+22 for winning)\n|l|\u2606marcobolado123\n|player|p1|\n", "inputlog": ">version b107d77f5c90bd6555267ae244a6264823309ead\n>start {\"formatid\":\"gen9randombattle\",\"seed\":[39006,55124,31064,49651],\"rated\":\"Rated battle\"}\n>player p1 {\"name\":\"marcobolado123\",\"avatar\":\"101\",\"rating\":1199,\"seed\":[61538,37657,7461,44797]}\n>player p2 {\"name\":\"johannesbestie\",\"avatar\":\"169\",\"rating\":1234,\"seed\":[13730,44920,47631,34146]}\n>p1 move flipturn\n>p2 move strengthsap\n>p1 switch 3\n>p1 move psychicnoise\n>p2 switch 5\n>p1 switch 3\n>p2 move knockoff\n>p1 move razorshell\n>p2 switch 5\n>p1 move flipturn\n>p2 move leechseed\n>p1 switch 3\n>p1 switch 4\n>p2 move gigadrain terastallize\n>p1 switch 5\n>p2 move leechseed\n>p1 move earthquake\n>p2 move strengthsap\n>p2 switch 5\n>p1 switch 5\n>p2 move knockoff\n>p1 switch 3\n>p1 move razorshell\n>p2 move stoneedge\n>p1 move razorshell\n>p2 switch 6\n>p1 switch 4\n>p1 move knockoff\n>p2 move uturn\n>p2 switch 6\n>p1 move knockoff\n>p2 move stealthrock\n>p1 switch 5\n>p2 move knockoff\n>p1 move earthquake\n>p2 move knockoff\n>p2 switch 3\n>p1 move earthquake\n>p2 move thunderclap\n>p1 move earthquake\n>p2 move dragonpulse\n>p1 switch 6\n>p1 move spikes\n>p2 switch 6\n>p1 move foulplay\n>p2 move waterpulse\n>p1 switch 5\n>p2 move waterpulse\n>p1 move psychicnoise\n>p2 switch 4\n>p1 move knockoff\n>p2 move mysticalfire\n>p1 move psychicnoise\n>p2 move moonblast\n>p1 switch 5\n>p1 move thunderwave\n>p2 move mysticalfire\n>p1 switch 2\n>p1 move dragondance terastallize\n>p2 move moonblast\n>p1 move outrage\n>p2 move moonblast", "uploadtime": 1732983829, "views": 2, "formatid": "gen9randombattle", "rating": 1177, "private": 0, "password": null}