{"id": "gen9randombattle-2254136278", "format": "[Gen 9] Random Battle", "players": ["Ilovetaylorswift45", "Xhyaun05"], "log": "|j|\u203dIlovetaylorswift45\n|j|\u2606Xhyaun05\n|t:|1732995669\n|gametype|singles\n|player|p1|Ilovetaylorswift45|unknown|1256\n|player|p2|Xhyaun05|alder|1274\n|teamsize|p1|6\n|teamsize|p2|6\n|gen|9\n|tier|[Gen 9] Random Battle\n|rated|\n|rule|Species Clause: Limit one of each Pok\u00e9mon\n|rule|HP Percentage Mod: HP is shown in percentages\n|rule|Sleep Clause Mod: Limit one foe put to sleep\n|rule|Illusion Level Mod: Illusion disguises the Pok\u00e9mon's true level\n|\n|t:|1732995669\n|start\n|switch|p1a: Weezing|Weezing-Galar, L86, F|252/252\n|switch|p2a: Floatzel|Floatzel, L85, M|283/283\n|turn|1\n|\n|t:|1732995682\n|move|p2a: Floatzel|Flip Turn|p1a: Weezing\n|-damage|p1a: Weezing|164/252\n|\n|t:|1732995688\n|switch|p2a: Hypno|Hypno, L95, M|315/315|[from] Flip Turn\n|move|p1a: Weezing|Will-O-Wisp|p2a: Hypno\n|-status|p2a: Hypno|brn\n|\n|-heal|p1a: Weezing|179/252|[from] item: Leftovers\n|-damage|p2a: Hypno|296/315 brn|[from] brn\n|upkeep\n|turn|2\n|\n|t:|1732995702\n|switch|p1a: Vespiquen|Vespiquen, L98, F|296/296\n|-ability|p1a: Vespiquen|Pressure\n|move|p2a: Hypno|Psychic Noise|p1a: Vespiquen\n|-damage|p1a: Vespiquen|227/296\n|-start|p1a: Vespiquen|move: Heal Block\n|\n|-heal|p2a: Hypno|315/315 brn|[from] item: Leftovers\n|-damage|p2a: Hypno|296/315 brn|[from] brn\n|upkeep\n|turn|3\n|\n|t:|1732995723\n|switch|p2a: Floatzel|Floatzel, L85, M|283/283\n|move|p1a: Vespiquen|U-turn|p2a: Floatzel\n|-damage|p2a: Floatzel|153/283\n|\n|t:|1732995729\n|switch|p1a: Weezing|Weezing-Galar, L86, F|179/252|[from] U-turn\n|\n|-heal|p1a: Weezing|194/252|[from] item: Leftovers\n|upkeep\n|turn|4\n|\n|t:|1732995740\n|move|p2a: Floatzel|Wave Crash|p1a: Weezing\n|-damage|p1a: Weezing|28/252\n|-damage|p2a: Floatzel|98/283|[from] Recoil\n|move|p1a: Weezing|Will-O-Wisp|p2a: Floatzel|[miss]\n|-miss|p1a: Weezing|p2a: Floatzel\n|\n|-heal|p1a: Weezing|43/252|[from] item: Leftovers\n|upkeep\n|turn|5\n|\n|t:|1732995748\n|move|p2a: Floatzel|Wave Crash|p1a: Weezing\n|-damage|p1a: Weezing|0 fnt\n|faint|p1a: Weezing\n|-damage|p2a: Floatzel|84/283|[from] Recoil\n|\n|upkeep\n|inactive|Battle timer is ON: inactive players will automatically lose when time's up. (requested by Xhyaun05)\n|\n|t:|1732995763\n|switch|p1a: Vespiquen|Vespiquen, L98, F|227/296\n|-ability|p1a: Vespiquen|Pressure\n|turn|6\n|\n|t:|1732995769\n|switch|p2a: Hypno|Hypno, L95, M|296/315 brn\n|move|p1a: Vespiquen|U-turn|p2a: Hypno\n|-supereffective|p2a: Hypno\n|-damage|p2a: Hypno|122/315 brn\n|\n|t:|1732995790\n|switch|p1a: Skeledirge|Skeledirge, L79, F|294/294|[from] U-turn\n|\n|-heal|p2a: Hypno|141/315 brn|[from] item: Leftovers\n|-damage|p2a: Hypno|122/315 brn|[from] brn\n|upkeep\n|turn|7\n|\n|t:|1732995801\n|-terastallize|p1a: Skeledirge|Water\n|move|p2a: Hypno|Thunder Wave|p1a: Skeledirge\n|-status|p1a: Skeledirge|par\n|move|p1a: Skeledirge|Torch Song|p2a: Hypno\n|-damage|p2a: Hypno|61/315 brn\n|-boost|p1a: Skeledirge|spa|1\n|\n|-heal|p2a: Hypno|80/315 brn|[from] item: Leftovers\n|-damage|p2a: Hypno|61/315 brn|[from] brn\n|upkeep\n|turn|8\n|\n|t:|1732995813\n|move|p2a: Hypno|Knock Off|p1a: Skeledirge\n|-damage|p1a: Skeledirge|260/294 par\n|-enditem|p1a: Skeledirge|Heavy-Duty Boots|[from] move: Knock Off|[of] p2a: Hypno\n|move|p1a: Skeledirge|Flame Charge|p2a: Hypno\n|-damage|p2a: Hypno|19/315 brn\n|-boost|p1a: Skeledirge|spe|1\n|\n|-heal|p2a: Hypno|38/315 brn|[from] item: Leftovers\n|-damage|p2a: Hypno|19/315 brn|[from] brn\n|upkeep\n|turn|9\n|\n|t:|1732995839\n|move|p2a: Hypno|Psychic Noise|p1a: Skeledirge\n|-damage|p1a: Skeledirge|157/294 par\n|-start|p1a: Skeledirge|move: Heal Block\n|cant|p1a: Skeledirge|par\n|\n|-heal|p2a: Hypno|38/315 brn|[from] item: Leftovers\n|-damage|p2a: Hypno|19/315 brn|[from] brn\n|upkeep\n|turn|10\n|\n|t:|1732995849\n|move|p2a: Hypno|Psychic Noise|p1a: Skeledirge\n|-damage|p1a: Skeledirge|55/294 par\n|move|p1a: Skeledirge|Flame Charge|p2a: Hypno\n|-damage|p2a: Hypno|0 fnt\n|-boost|p1a: Skeledirge|spe|1\n|faint|p2a: Hypno\n|\n|-end|p1a: Skeledirge|move: Heal Block\n|upkeep\n|\n|t:|1732995859\n|switch|p2a: Floatzel|Floatzel, L85, M|84/283\n|turn|11\n|\n|t:|1732995864\n|move|p2a: Floatzel|Crunch|p1a: Skeledirge\n|-damage|p1a: Skeledirge|0 fnt\n|faint|p1a: Skeledirge\n|\n|upkeep\n|\n|t:|1732995868\n|switch|p1a: Conkeldurr|Conkeldurr, L80, F|299/299\n|turn|12\n|\n|t:|1732995875\n|switch|p2a: Sunflora|Sunflora, F|312/312\n|move|p1a: Conkeldurr|Mach Punch|p2a: Sunflora\n|-damage|p2a: Sunflora|254/312\n|\n|-status|p1a: Conkeldurr|brn|[from] item: Flame Orb\n|upkeep\n|turn|13\n|\n|t:|1732995883\n|move|p1a: Conkeldurr|Facade|p2a: Sunflora\n|-damage|p2a: Sunflora|41/312\n|move|p2a: Sunflora|Sunny Day|p2a: Sunflora\n|-weather|SunnyDay\n|\n|-weather|SunnyDay|[upkeep]\n|-damage|p1a: Conkeldurr|281/299 brn|[from] brn\n|upkeep\n|turn|14\n|\n|t:|1732995891\n|move|p1a: Conkeldurr|Mach Punch|p2a: Sunflora\n|-damage|p2a: Sunflora|0 fnt\n|faint|p2a: Sunflora\n|\n|-weather|SunnyDay|[upkeep]\n|-damage|p1a: Conkeldurr|263/299 brn|[from] brn\n|upkeep\n|\n|t:|1732995897\n|switch|p2a: Floatzel|Floatzel, L85, M|84/283\n|turn|15\n|\n|t:|1732995906\n|switch|p2a: Flutter Mane|Flutter Mane, L74|203/203\n|-activate|p2a: Flutter Mane|ability: Protosynthesis\n|-start|p2a: Flutter Mane|protosynthesisspa\n|move|p1a: Conkeldurr|Mach Punch|p2a: Flutter Mane\n|-immune|p2a: Flutter Mane\n|\n|-weather|SunnyDay|[upkeep]\n|-damage|p1a: Conkeldurr|245/299 brn|[from] brn\n|upkeep\n|turn|16\n|\n|t:|1732995916\n|switch|p1a: Munkidori|Munkidori, L79, M|269/269\n|move|p2a: Flutter Mane|Moonblast|p1a: Munkidori\n|-resisted|p1a: Munkidori\n|-damage|p1a: Munkidori|175/269\n|-unboost|p1a: Munkidori|spa|1\n|-damage|p2a: Flutter Mane|183/203|[from] item: Life Orb\n|\n|-weather|SunnyDay|[upkeep]\n|upkeep\n|turn|17\n|\n|t:|1732995927\n|move|p2a: Flutter Mane|Mystical Fire|p1a: Munkidori\n|-damage|p1a: Munkidori|40/269\n|-unboost|p1a: Munkidori|spa|1\n|-damage|p2a: Flutter Mane|163/203|[from] item: Life Orb\n|move|p1a: Munkidori|Sludge Wave|p2a: Flutter Mane\n|-damage|p2a: Flutter Mane|91/203\n|\n|-weather|none\n|-end|p2a: Flutter Mane|Protosynthesis\n|upkeep\n|turn|18\n|\n|t:|1732995935\n|move|p2a: Flutter Mane|Mystical Fire|p1a: Munkidori\n|-damage|p1a: Munkidori|0 fnt\n|faint|p1a: Munkidori\n|-damage|p2a: Flutter Mane|71/203|[from] item: Life Orb\n|\n|upkeep\n|\n|t:|1732995940\n|switch|p1a: Gastrodon|Gastrodon, L86, F|331/331\n|turn|19\n|\n|t:|1732995950\n|-end|p2a: Flutter Mane|Protosynthesis|[silent]\n|switch|p2a: Floatzel|Floatzel, L85, M|84/283\n|move|p1a: Gastrodon|Earthquake|p2a: Floatzel\n|-damage|p2a: Floatzel|0 fnt\n|faint|p2a: Floatzel\n|\n|upkeep\n|\n|t:|1732995969\n|switch|p2a: Chien-Pao|Chien-Pao, L72|234/234\n|-ability|p2a: Chien-Pao|Sword of Ruin\n|turn|20\n|\n|t:|1732995982\n|move|p2a: Chien-Pao|Swords Dance|p2a: Chien-Pao\n|-boost|p2a: Chien-Pao|atk|2\n|move|p1a: Gastrodon|Earthquake|p2a: Chien-Pao\n|-damage|p2a: Chien-Pao|104/234\n|\n|upkeep\n|turn|21\n|\n|t:|1732995996\n|switch|p1a: Vespiquen|Vespiquen, L98, F|227/296\n|-ability|p1a: Vespiquen|Pressure\n|move|p2a: Chien-Pao|Throat Chop|p1a: Vespiquen\n|-damage|p1a: Vespiquen|67/296\n|-start|p1a: Vespiquen|Throat Chop|[silent]\n|\n|upkeep\n|turn|22\n|\n|t:|1732996004\n|move|p2a: Chien-Pao|Icicle Crash|p1a: Vespiquen\n|-supereffective|p1a: Vespiquen\n|-damage|p1a: Vespiquen|0 fnt\n|faint|p1a: Vespiquen\n|\n|upkeep\n|\n|t:|1732996006\n|switch|p1a: Conkeldurr|Conkeldurr, L80, F|245/299 brn\n|turn|23\n|\n|t:|1732996010\n|move|p2a: Chien-Pao|Sucker Punch|p1a: Conkeldurr\n|-resisted|p1a: Conkeldurr\n|-damage|p1a: Conkeldurr|162/299 brn\n|move|p1a: Conkeldurr|Mach Punch|p2a: Chien-Pao\n|-supereffective|p2a: Chien-Pao\n|-damage|p2a: Chien-Pao|0 fnt\n|faint|p2a: Chien-Pao\n|\n|-damage|p1a: Conkeldurr|144/299 brn|[from] brn\n|upkeep\n|\n|t:|1732996018\n|switch|p2a: Flutter Mane|Flutter Mane, L74|71/203\n|turn|24\n|\n|t:|1732996023\n|switch|p1a: Gastrodon|Gastrodon, L86, F|331/331\n|move|p2a: Flutter Mane|Moonblast|p1a: Gastrodon\n|-damage|p1a: Gastrodon|191/331\n|-damage|p2a: Flutter Mane|51/203|[from] item: Life Orb\n|\n|-heal|p1a: Gastrodon|211/331|[from] item: Leftovers\n|upkeep\n|turn|25\n|\n|t:|1732996032\n|move|p2a: Flutter Mane|Moonblast|p1a: Gastrodon\n|-damage|p1a: Gastrodon|62/331\n|-damage|p2a: Flutter Mane|31/203|[from] item: Life Orb\n|move|p1a: Gastrodon|Earthquake|p2a: Flutter Mane\n|-damage|p2a: Flutter Mane|0 fnt\n|faint|p2a: Flutter Mane\n|-end|p2a: Flutter Mane|Protosynthesis|[silent]\n|\n|-heal|p1a: Gastrodon|82/331|[from] item: Leftovers\n|upkeep\n|\n|t:|1732996040\n|switch|p2a: Arceus|Arceus-Ground, L70|284/284\n|turn|26\n|\n|t:|1732996045\n|move|p2a: Arceus|Dragon Dance|p2a: Arceus\n|-boost|p2a: Arceus|atk|1\n|-boost|p2a: Arceus|spe|1\n|move|p1a: Gastrodon|Recover|p1a: Gastrodon\n|-heal|p1a: Gastrodon|248/331\n|\n|-heal|p1a: Gastrodon|268/331|[from] item: Leftovers\n|upkeep\n|turn|27\n|\n|t:|1732996055\n|move|p2a: Arceus|Earthquake|p1a: Gastrodon\n|-damage|p1a: Gastrodon|66/331\n|move|p1a: Gastrodon|Surf|p2a: Arceus\n|-supereffective|p2a: Arceus\n|-damage|p2a: Arceus|98/284\n|\n|-heal|p1a: Gastrodon|86/331|[from] item: Leftovers\n|upkeep\n|turn|28\n|\n|t:|1732996063\n|move|p2a: Arceus|Earthquake|p1a: Gastrodon\n|-damage|p1a: Gastrodon|0 fnt\n|faint|p1a: Gastrodon\n|\n|upkeep\n|\n|t:|1732996065\n|switch|p1a: Conkeldurr|Conkeldurr, L80, F|144/299 brn\n|turn|29\n|\n|t:|1732996070\n|move|p1a: Conkeldurr|Mach Punch|p2a: Arceus\n|-damage|p2a: Arceus|31/284\n|move|p2a: Arceus|Earthquake|p1a: Conkeldurr\n|-damage|p1a: Conkeldurr|0 fnt\n|faint|p1a: Conkeldurr\n|\n|win|Xhyaun05\n|raw|Ilovetaylorswift45's rating: 1256 &rarr; <strong>1232</strong><br />(-24 for losing)\n|raw|Xhyaun05's rating: 1274 &rarr; <strong>1298</strong><br />(+24 for winning)\n|c|\u2606Xhyaun05|gg wp\n|l|\u203dIlovetaylorswift45\n|player|p1|\n", "inputlog": ">version b107d77f5c90bd6555267ae244a6264823309ead\n>start {\"formatid\":\"gen9randombattle\",\"seed\":[37985,16950,63225,6731],\"rated\":\"Rated battle\"}\n>player p1 {\"name\":\"Ilovetaylorswift45\",\"avatar\":\"unknown\",\"rating\":1256,\"seed\":[53058,64699,50852,29507]}\n>player p2 {\"name\":\"Xhyaun05\",\"avatar\":\"alder\",\"rating\":1274,\"seed\":[3961,35118,4972,37952]}\n>p1 move willowisp\n>p2 move flipturn\n>p2 switch 4\n>p1 switch 6\n>p2 move psychicnoise\n>p1 move uturn\n>p2 switch 4\n>p1 switch 6\n>p1 move willowisp\n>p2 move wavecrash\n>p1 move willowisp\n>p2 move wavecrash\n>p1 switch 6\n>p1 move uturn\n>p2 switch 4\n>p1 switch 2\n>p1 move torchsong terastallize\n>p2 move thunderwave\n>p1 move flamecharge\n>p2 move knockoff\n>p1 move flamecharge\n>p2 move psychicnoise\n>p1 move flamecharge\n>p2 move psychicnoise\n>p2 switch 4\n>p1 move torchsong\n>p2 move crunch\n>p1 switch 5\n>p1 move machpunch\n>p2 switch 3\n>p1 move facade\n>p2 move sunnyday\n>p1 move machpunch\n>p2 move solarbeam\n>p2 switch 3\n>p1 move machpunch\n>p2 switch 5\n>p1 switch 3\n>p2 move moonblast\n>p1 move sludgewave\n>p2 move mysticalfire\n>p1 move sludgewave\n>p2 move mysticalfire\n>p1 switch 4\n>p1 move earthquake\n>p2 switch 5\n>p2 switch 6\n>p1 move earthquake\n>p2 move swordsdance\n>p1 switch 2\n>p2 move throatchop\n>p1 move roost\n>p2 move iciclecrash\n>p1 switch 3\n>p1 move machpunch\n>p2 move suckerpunch\n>p2 switch 5\n>p1 switch 2\n>p2 move moonblast\n>p1 move earthquake\n>p2 move moonblast\n>p2 switch 2\n>p1 move recover\n>p2 move dragondance\n>p1 move surf\n>p2 move earthquake\n>p1 move surf\n>p2 move earthquake\n>p1 switch 2\n>p1 move machpunch\n>p2 move earthquake", "uploadtime": 1732996077, "views": 2, "formatid": "gen9randombattle", "rating": 1232, "private": 0, "password": null}