{"id": "gen9randombattle-2253947367", "format": "[Gen 9] Random Battle", "players": ["Jacobtk", "sqrtof15"], "log": "|j|\u2606Jacobtk\n|j|\u2606sqrtof15\n|t:|1732969431\n|gametype|singles\n|player|p1|Jacobtk|101|1436\n|player|p2|sqrtof15|steven|1391\n|teamsize|p1|6\n|teamsize|p2|6\n|gen|9\n|tier|[Gen 9] Random Battle\n|rated|\n|rule|Species Clause: Limit one of each Pok\u00e9mon\n|rule|HP Percentage Mod: HP is shown in percentages\n|rule|Sleep Clause Mod: Limit one foe put to sleep\n|rule|Illusion Level Mod: Illusion disguises the Pok\u00e9mon's true level\n|\n|t:|1732969431\n|start\n|switch|p1a: Iron Valiant|Iron Valiant, L78|244/244\n|switch|p2a: Raikou|Raikou, L81|278/278\n|-ability|p2a: Raikou|Pressure\n|turn|1\n|inactive|Battle timer is ON: inactive players will automatically lose when time's up. (requested by Jacobtk)\n|\n|t:|1732969442\n|move|p2a: Raikou|Calm Mind|p2a: Raikou\n|-boost|p2a: Raikou|spa|1\n|-boost|p2a: Raikou|spd|1\n|move|p1a: Iron Valiant|Knock Off|p2a: Raikou\n|-crit|p2a: Raikou\n|-damage|p2a: Raikou|93/278\n|-enditem|p2a: Raikou|Leftovers|[from] move: Knock Off|[of] p1a: Iron Valiant\n|-damage|p1a: Iron Valiant|220/244|[from] item: Life Orb\n|\n|upkeep\n|turn|2\n|\n|t:|1732969455\n|move|p2a: Raikou|Thunderbolt|p1a: Iron Valiant\n|-damage|p1a: Iron Valiant|3/244\n|move|p1a: Iron Valiant|Moonblast|p2a: Raikou\n|-damage|p2a: Raikou|11/278\n|-damage|p1a: Iron Valiant|0 fnt|[from] item: Life Orb\n|faint|p1a: Iron Valiant\n|-end|p1a: Iron Valiant|Quark Drive|[silent]\n|\n|upkeep\n|\n|t:|1732969467\n|switch|p1a: Dudunsparce|Dudunsparce-Three-Segment, L83, M|343/343\n|turn|3\n|\n|t:|1732969475\n|move|p2a: Raikou|Thunderbolt|p1a: Dudunsparce\n|-damage|p1a: Dudunsparce|159/343\n|move|p1a: Dudunsparce|Earth Power|p2a: Raikou\n|-supereffective|p2a: Raikou\n|-damage|p2a: Raikou|0 fnt\n|faint|p2a: Raikou\n|\n|-heal|p1a: Dudunsparce|180/343|[from] item: Leftovers\n|upkeep\n|\n|t:|1732969487\n|switch|p2a: Regice|Regice, L88|284/284\n|turn|4\n|\n|t:|1732969493\n|switch|p1a: Okidogi|Okidogi, L77, M|262/262\n|move|p2a: Regice|Body Press|p1a: Okidogi\n|-resisted|p1a: Okidogi\n|-damage|p1a: Okidogi|236/262\n|\n|-heal|p1a: Okidogi|252/262|[from] item: Leftovers\n|upkeep\n|turn|5\n|\n|t:|1732969503\n|move|p1a: Okidogi|Drain Punch|p2a: Regice\n|-supereffective|p2a: Regice\n|-damage|p2a: Regice|140/284\n|-heal|p1a: Okidogi|262/262|[from] drain|[of] p2a: Regice\n|-status|p2a: Regice|tox|[from] ability: Toxic Chain|[of] p1a: Okidogi\n|move|p2a: Regice|Thunder Wave|p1a: Okidogi\n|-status|p1a: Okidogi|par\n|\n|-damage|p2a: Regice|123/284 tox|[from] psn\n|upkeep\n|turn|6\n|\n|t:|1732969512\n|move|p2a: Regice|Ice Beam|p1a: Okidogi\n|-damage|p1a: Okidogi|145/262 par\n|move|p1a: Okidogi|Bulk Up|p1a: Okidogi\n|-boost|p1a: Okidogi|atk|1\n|-boost|p1a: Okidogi|def|1\n|\n|-heal|p1a: Okidogi|161/262 par|[from] item: Leftovers\n|-damage|p2a: Regice|89/284 tox|[from] psn\n|upkeep\n|turn|7\n|\n|t:|1732969517\n|move|p2a: Regice|Ice Beam|p1a: Okidogi\n|-damage|p1a: Okidogi|41/262 par\n|cant|p1a: Okidogi|par\n|\n|-heal|p1a: Okidogi|57/262 par|[from] item: Leftovers\n|-damage|p2a: Regice|38/284 tox|[from] psn\n|upkeep\n|turn|8\n|\n|t:|1732969523\n|move|p2a: Regice|Ice Beam|p1a: Okidogi\n|-damage|p1a: Okidogi|0 fnt\n|faint|p1a: Okidogi\n|\n|-damage|p2a: Regice|0 fnt|[from] psn\n|faint|p2a: Regice\n|upkeep\n|\n|t:|1732969531\n|switch|p1a: Uxie|Uxie, L83|260/260\n|switch|p2a: Dragonite|Dragonite, L74, M|257/257\n|turn|9\n|\n|t:|1732969534\n|move|p1a: Uxie|Thunder Wave|p2a: Dragonite\n|-status|p2a: Dragonite|par\n|cant|p2a: Dragonite|par\n|\n|upkeep\n|turn|10\n|\n|t:|1732969545\n|move|p1a: Uxie|Psychic Noise|p2a: Dragonite\n|-damage|p2a: Dragonite|224/257 par\n|-start|p2a: Dragonite|move: Heal Block\n|cant|p2a: Dragonite|par\n|\n|upkeep\n|turn|11\n|\n|t:|1732969559\n|move|p1a: Uxie|Psychic Noise|p2a: Dragonite\n|-damage|p2a: Dragonite|161/257 par\n|move|p2a: Dragonite|Dragon Dance|p2a: Dragonite\n|-boost|p2a: Dragonite|atk|1\n|-boost|p2a: Dragonite|spe|1\n|\n|-end|p2a: Dragonite|move: Heal Block\n|upkeep\n|turn|12\n|\n|t:|1732969571\n|move|p1a: Uxie|U-turn|p2a: Dragonite\n|-resisted|p2a: Dragonite\n|-damage|p2a: Dragonite|141/257 par\n|\n|t:|1732969576\n|switch|p1a: Espeon|Espeon, L84, M|246/246|[from] U-turn\n|move|p2a: Dragonite|Roost|p2a: Dragonite\n|-heal|p2a: Dragonite|257/257 par\n|-singleturn|p2a: Dragonite|move: Roost\n|\n|upkeep\n|turn|13\n|\n|t:|1732969586\n|move|p1a: Espeon|Shadow Ball|p2a: Dragonite\n|-damage|p2a: Dragonite|209/257 par\n|-damage|p1a: Espeon|222/246|[from] item: Life Orb\n|move|p2a: Dragonite|Dragon Dance|p2a: Dragonite\n|-boost|p2a: Dragonite|atk|1\n|-boost|p2a: Dragonite|spe|1\n|\n|upkeep\n|turn|14\n|\n|t:|1732969592\n|-terastallize|p1a: Espeon|Fairy\n|move|p1a: Espeon|Alluring Voice|p2a: Dragonite\n|-supereffective|p2a: Dragonite\n|-damage|p2a: Dragonite|0 fnt\n|faint|p2a: Dragonite\n|-damage|p1a: Espeon|198/246|[from] item: Life Orb\n|\n|upkeep\n|\n|t:|1732969606\n|switch|p2a: Rampardos|Rampardos, L90, F|321/321\n|turn|15\n|\n|t:|1732969613\n|move|p1a: Espeon|Psyshock|p2a: Rampardos\n|-damage|p2a: Rampardos|140/321\n|-damage|p1a: Espeon|174/246|[from] item: Life Orb\n|move|p2a: Rampardos|Rock Slide|p1a: Espeon\n|-damage|p1a: Espeon|0 fnt\n|faint|p1a: Espeon\n|\n|upkeep\n|\n|t:|1732969620\n|switch|p1a: Vileplume|Vileplume, L86, M|269/269\n|turn|16\n|\n|t:|1732969627\n|move|p2a: Rampardos|Fire Punch|p1a: Vileplume\n|-supereffective|p1a: Vileplume\n|-damage|p1a: Vileplume|0 fnt\n|faint|p1a: Vileplume\n|\n|upkeep\n|\n|t:|1732969631\n|switch|p1a: Dudunsparce|Dudunsparce-Three-Segment, L83, M|180/343\n|turn|17\n|\n|t:|1732969639\n|move|p2a: Rampardos|Rock Slide|p1a: Dudunsparce\n|-damage|p1a: Dudunsparce|0 fnt\n|faint|p1a: Dudunsparce\n|\n|upkeep\n|\n|t:|1732969642\n|switch|p1a: Uxie|Uxie, L83|260/260\n|turn|18\n|\n|t:|1732969651\n|move|p1a: Uxie|Psychic Noise|p2a: Rampardos\n|-damage|p2a: Rampardos|56/321\n|-start|p2a: Rampardos|move: Heal Block\n|move|p2a: Rampardos|Rock Slide|p1a: Uxie\n|-damage|p1a: Uxie|72/260\n|\n|-heal|p1a: Uxie|88/260|[from] item: Leftovers\n|upkeep\n|turn|19\n|\n|t:|1732969660\n|move|p1a: Uxie|Psychic Noise|p2a: Rampardos\n|-damage|p2a: Rampardos|0 fnt\n|faint|p2a: Rampardos\n|\n|-heal|p1a: Uxie|104/260|[from] item: Leftovers\n|upkeep\n|\n|t:|1732969665\n|switch|p2a: Mabosstiff|Mabosstiff, L86, F|278/278\n|turn|20\n|\n|t:|1732969672\n|move|p1a: Uxie|U-turn|p2a: Mabosstiff\n|-supereffective|p2a: Mabosstiff\n|-damage|p2a: Mabosstiff|196/278\n|move|p2a: Mabosstiff|Crunch|p1a: Uxie\n|-supereffective|p1a: Uxie\n|-damage|p1a: Uxie|0 fnt\n|faint|p1a: Uxie\n|\n|win|sqrtof15\n|raw|Jacobtk's rating: 1436 &rarr; <strong>1413</strong><br />(-23 for losing)\n|raw|sqrtof15's rating: 1391 &rarr; <strong>1414</strong><br />(+23 for winning)\n|l|\u2606Jacobtk\n|player|p1|\n", "inputlog": ">version b107d77f5c90bd6555267ae244a6264823309ead\n>start {\"formatid\":\"gen9randombattle\",\"seed\":[7407,58278,53013,30084],\"rated\":\"Rated battle\"}\n>player p1 {\"name\":\"Jacobtk\",\"avatar\":\"101\",\"rating\":1436,\"seed\":[58431,49127,10286,39863]}\n>player p2 {\"name\":\"sqrtof15\",\"avatar\":\"steven\",\"rating\":1391,\"seed\":[15545,52603,11109,6722]}\n>p1 move knockoff\n>p2 move calmmind\n>p1 move moonblast\n>p2 move thunderbolt\n>p1 switch 6\n>p1 move earthpower\n>p2 move thunderbolt\n>p2 switch 3\n>p1 switch 4\n>p2 move bodypress\n>p1 move drainpunch\n>p2 move thunderwave\n>p1 move bulkup\n>p2 move icebeam\n>p1 move drainpunch\n>p2 move icebeam\n>p1 move drainpunch\n>p2 move icebeam\n>p1 switch 2\n>p2 switch 5\n>p1 move thunderwave\n>p2 move dragondance\n>p1 move psychicnoise\n>p2 move dragondance\n>p1 move psychicnoise\n>p2 move dragondance\n>p1 move uturn\n>p2 move roost\n>p1 switch 5\n>p1 move shadowball\n>p2 move dragondance\n>p1 move alluringvoice terastallize\n>p2 move roost\n>p2 switch 6\n>p1 move psyshock\n>p2 move rockslide\n>p1 switch 3\n>p1 move gigadrain\n>p2 move firepunch\n>p1 switch 4\n>p1 move earthpower\n>p2 move rockslide\n>p1 switch 5\n>p1 move psychicnoise\n>p2 move rockslide\n>p1 move psychicnoise\n>p2 move firepunch\n>p2 switch 2\n>p1 move uturn\n>p2 move crunch", "uploadtime": 1732969682, "views": 1, "formatid": "gen9randombattle", "rating": 1413, "private": 0, "password": null}