{"id": "gen9randombattle-2253990604", "format": "[Gen 9] Random Battle", "players": ["meritacastro11", "Skkekendnd"], "log": "|j|\u2606meritacastro11\n|j|\u2606Skkekendnd\n|t:|1732976674\n|gametype|singles\n|player|p1|meritacastro11|roughneck-gen4|1076\n|player|p2|Skkekendnd|adaman|1105\n|teamsize|p1|6\n|teamsize|p2|6\n|gen|9\n|tier|[Gen 9] Random Battle\n|rated|\n|rule|Species Clause: Limit one of each Pok\u00e9mon\n|rule|HP Percentage Mod: HP is shown in percentages\n|rule|Sleep Clause Mod: Limit one foe put to sleep\n|rule|Illusion Level Mod: Illusion disguises the Pok\u00e9mon's true level\n|\n|t:|1732976674\n|start\n|switch|p1a: Scream Tail|Scream Tail, L84|330/330\n|switch|p2a: Quagsire|Quagsire, L84, F|297/297\n|turn|1\n|inactive|Battle timer is ON: inactive players will automatically lose when time's up. (requested by Skkekendnd)\n|\n|t:|1732976700\n|move|p1a: Scream Tail|Protect|p1a: Scream Tail\n|-singleturn|p1a: Scream Tail|Protect\n|move|p2a: Quagsire|Earthquake|p1a: Scream Tail\n|-activate|p1a: Scream Tail|move: Protect\n|\n|upkeep\n|turn|2\n|\n|t:|1732976710\n|move|p1a: Scream Tail|Play Rough|p2a: Quagsire\n|-damage|p2a: Quagsire|218/297\n|move|p2a: Quagsire|Toxic|p1a: Scream Tail\n|-status|p1a: Scream Tail|tox\n|\n|-heal|p2a: Quagsire|236/297|[from] item: Leftovers\n|-damage|p1a: Scream Tail|310/330 tox|[from] psn\n|upkeep\n|turn|3\n|\n|t:|1732976724\n|move|p1a: Scream Tail|Encore|p2a: Quagsire\n|-start|p2a: Quagsire|Encore\n|move|p2a: Quagsire|Toxic|p1a: Scream Tail|[miss]\n|-miss|p2a: Quagsire|p1a: Scream Tail\n|\n|-heal|p1a: Scream Tail|330/330 tox|[from] item: Leftovers\n|-heal|p2a: Quagsire|254/297|[from] item: Leftovers\n|-damage|p1a: Scream Tail|290/330 tox|[from] psn\n|upkeep\n|turn|4\n|c|\u2606Skkekendnd|Lol gotcha\n|\n|t:|1732976738\n|switch|p2a: Hatterene|Hatterene, L85, F|236/236\n|move|p1a: Scream Tail|Play Rough|p2a: Hatterene\n|-damage|p2a: Hatterene|167/236\n|\n|-heal|p1a: Scream Tail|310/330 tox|[from] item: Leftovers\n|-heal|p2a: Hatterene|181/236|[from] item: Leftovers\n|-damage|p1a: Scream Tail|250/330 tox|[from] psn\n|upkeep\n|turn|5\n|\n|t:|1732976749\n|move|p1a: Scream Tail|Protect|p1a: Scream Tail\n|-singleturn|p1a: Scream Tail|Protect\n|move|p2a: Hatterene|Calm Mind|p2a: Hatterene\n|-boost|p2a: Hatterene|spa|1\n|-boost|p2a: Hatterene|spd|1\n|\n|-heal|p1a: Scream Tail|270/330 tox|[from] item: Leftovers\n|-heal|p2a: Hatterene|195/236|[from] item: Leftovers\n|-damage|p1a: Scream Tail|190/330 tox|[from] psn\n|upkeep\n|turn|6\n|c|\u2606Skkekendnd|Lol nope\n|\n|t:|1732976760\n|move|p1a: Scream Tail|Play Rough|p2a: Hatterene\n|-damage|p2a: Hatterene|123/236\n|-unboost|p2a: Hatterene|atk|1\n|move|p2a: Hatterene|Calm Mind|p2a: Hatterene\n|-boost|p2a: Hatterene|spa|1\n|-boost|p2a: Hatterene|spd|1\n|\n|-heal|p1a: Scream Tail|210/330 tox|[from] item: Leftovers\n|-heal|p2a: Hatterene|137/236|[from] item: Leftovers\n|-damage|p1a: Scream Tail|110/330 tox|[from] psn\n|upkeep\n|turn|7\n|\n|t:|1732976771\n|move|p1a: Scream Tail|Play Rough|p2a: Hatterene\n|-damage|p2a: Hatterene|65/236\n|move|p2a: Hatterene|Draining Kiss|p1a: Scream Tail\n|-damage|p1a: Scream Tail|0 fnt\n|-heal|p2a: Hatterene|148/236|[from] drain|[of] p1a: Scream Tail\n|faint|p1a: Scream Tail\n|-end|p1a: Scream Tail|Protosynthesis|[silent]\n|\n|-heal|p2a: Hatterene|162/236|[from] item: Leftovers\n|upkeep\n|inactive|meritacastro11 has 120 seconds left.\n|\n|t:|1732976825\n|switch|p1a: Slither Wing|Slither Wing, L81|270/270\n|turn|8\n|inactive|meritacastro11 has 90 seconds left.\n|\n|t:|1732976844\n|move|p1a: Slither Wing|Wild Charge|p2a: Hatterene\n|-damage|p2a: Hatterene|63/236\n|-damage|p1a: Slither Wing|245/270|[from] Recoil\n|move|p2a: Hatterene|Draining Kiss|p1a: Slither Wing\n|-supereffective|p1a: Slither Wing\n|-damage|p1a: Slither Wing|0 fnt\n|-heal|p2a: Hatterene|236/236|[from] drain|[of] p1a: Slither Wing\n|faint|p1a: Slither Wing\n|-end|p1a: Slither Wing|Protosynthesis|[silent]\n|\n|upkeep\n|inactive|meritacastro11 has 90 seconds left.\n|c|\u2606meritacastro11|gg\n|c|\u2606Skkekendnd|Yup\n|\n|t:|1732976859\n|switch|p1a: Zapdos|Zapdos, L78|268/268\n|turn|9\n|c|\u2606Skkekendnd|lol\n|\n|t:|1732976864\n|move|p1a: Zapdos|U-turn|p2a: Hatterene\n|-damage|p2a: Hatterene|198/236\n|\n|t:|1732976867\n|switch|p1a: Stonjourner|Stonjourner, L91, M|330/330|[from] U-turn\n|move|p2a: Hatterene|Mystical Fire|p1a: Stonjourner\n|-resisted|p1a: Stonjourner\n|-damage|p1a: Stonjourner|158/330\n|-unboost|p1a: Stonjourner|spa|1\n|\n|-heal|p2a: Hatterene|212/236|[from] item: Leftovers\n|upkeep\n|turn|10\n|\n|t:|1732976882\n|move|p1a: Stonjourner|Stealth Rock|p2a: Hatterene\n|move|p2a: Hatterene|Stealth Rock|p1a: Stonjourner|[from]ability: Magic Bounce\n|-sidestart|p1: meritacastro11|move: Stealth Rock\n|move|p2a: Hatterene|Draining Kiss|p1a: Stonjourner\n|-damage|p1a: Stonjourner|0 fnt\n|-heal|p2a: Hatterene|236/236|[from] drain|[of] p1a: Stonjourner\n|faint|p1a: Stonjourner\n|\n|upkeep\n|c|\u2606Skkekendnd|Yuppers\n|\n|t:|1732976892\n|switch|p1a: Tornadus|Tornadus, L82, M|263/263\n|-damage|p1a: Tornadus|198/263|[from] Stealth Rock\n|turn|11\n|\n|t:|1732976903\n|move|p1a: Tornadus|Bleakwind Storm|p2a: Hatterene\n|-damage|p2a: Hatterene|157/236\n|move|p2a: Hatterene|Draining Kiss|p1a: Tornadus\n|-damage|p1a: Tornadus|35/263\n|-heal|p2a: Hatterene|236/236|[from] drain|[of] p1a: Tornadus\n|\n|upkeep\n|turn|12\n|\n|t:|1732976910\n|move|p1a: Tornadus|Bleakwind Storm|p2a: Hatterene\n|-damage|p2a: Hatterene|158/236\n|-unboost|p2a: Hatterene|spe|1\n|move|p2a: Hatterene|Draining Kiss|p1a: Tornadus\n|-damage|p1a: Tornadus|0 fnt\n|-heal|p2a: Hatterene|184/236|[from] drain|[of] p1a: Tornadus\n|faint|p1a: Tornadus\n|\n|-heal|p2a: Hatterene|198/236|[from] item: Leftovers\n|upkeep\n|\n|t:|1732976920\n|switch|p1a: Mimikyu|Mimikyu, L79, M|216/216\n|-damage|p1a: Mimikyu|189/216|[from] Stealth Rock\n|turn|13\n|inactive|meritacastro11 has 90 seconds left.\n|\n|t:|1732976948\n|move|p1a: Mimikyu|Shadow Sneak|p2a: Hatterene\n|-supereffective|p2a: Hatterene\n|-damage|p2a: Hatterene|112/236\n|-damage|p1a: Mimikyu|168/216|[from] item: Life Orb\n|move|p2a: Hatterene|Draining Kiss|p1a: Mimikyu\n|-activate|p1a: Mimikyu|ability: Disguise\n|-damage|p1a: Mimikyu|168/216\n|detailschange|p1a: Mimikyu|Mimikyu-Busted, L79, M\n|-damage|p1a: Mimikyu|141/216|[from] pokemon: Mimikyu-Busted\n|\n|-heal|p2a: Hatterene|126/236|[from] item: Leftovers\n|upkeep\n|turn|14\n|inactive|meritacastro11 has 90 seconds left.\n|\n|t:|1732976961\n|switch|p2a: Quagsire|Quagsire, L84, F|254/297\n|move|p1a: Mimikyu|Swords Dance|p1a: Mimikyu\n|-boost|p1a: Mimikyu|atk|2\n|\n|-heal|p2a: Quagsire|272/297|[from] item: Leftovers\n|upkeep\n|turn|15\n|inactive|meritacastro11 has 90 seconds left.\n|\n|t:|1732976971\n|move|p1a: Mimikyu|Wood Hammer|p2a: Quagsire\n|-supereffective|p2a: Quagsire\n|-damage|p2a: Quagsire|0 fnt\n|faint|p2a: Quagsire\n|-damage|p1a: Mimikyu|51/216|[from] Recoil\n|-damage|p1a: Mimikyu|30/216|[from] item: Life Orb\n|\n|upkeep\n|c|\u2606Skkekendnd|Free gaza\n|\n|t:|1732976986\n|switch|p2a: Zamazenta|Zamazenta, L71|248/248\n|-ability|p2a: Zamazenta|Dauntless Shield|boost\n|-boost|p2a: Zamazenta|def|1\n|turn|16\n|inactive|meritacastro11 has 90 seconds left.\n|\n|t:|1732977018\n|move|p2a: Zamazenta|Crunch|p1a: Mimikyu\n|-damage|p1a: Mimikyu|0 fnt\n|faint|p1a: Mimikyu\n|\n|upkeep\n|\n|t:|1732977022\n|switch|p1a: Zapdos|Zapdos, L78|268/268\n|turn|17\n|\n|t:|1732977029\n|switch|p2a: Cryogonal|Cryogonal, L89|287/287\n|move|p1a: Zapdos|Hurricane|p2a: Cryogonal\n|-damage|p2a: Cryogonal|202/287\n|-start|p2a: Cryogonal|confusion\n|\n|upkeep\n|turn|18\n|\n|t:|1732977041\n|switch|p2a: Hatterene|Hatterene, L85, F|126/236\n|move|p1a: Zapdos|Discharge|p2a: Hatterene\n|-damage|p2a: Hatterene|50/236\n|\n|-heal|p2a: Hatterene|64/236|[from] item: Leftovers\n|upkeep\n|turn|19\n|\n|t:|1732977050\n|move|p1a: Zapdos|U-turn|p2a: Hatterene\n|-damage|p2a: Hatterene|25/236\n|move|p2a: Hatterene|Psyshock|p1a: Zapdos\n|-damage|p1a: Zapdos|141/268\n|\n|-heal|p2a: Hatterene|39/236|[from] item: Leftovers\n|upkeep\n|turn|20\n|inactive|meritacastro11 has 90 seconds left.\n|\n|t:|1732977060\n|move|p1a: Zapdos|Discharge|p2a: Hatterene\n|-damage|p2a: Hatterene|0 fnt\n|faint|p2a: Hatterene\n|\n|upkeep\n|c|\u2606Skkekendnd|This was hella boring bro\n|\n|t:|1732977078\n|switch|p2a: Cryogonal|Cryogonal, L89|202/287\n|turn|21\n|\n|t:|1732977082\n|move|p2a: Cryogonal|Ice Beam|p1a: Zapdos\n|-supereffective|p1a: Zapdos\n|-damage|p1a: Zapdos|0 fnt\n|faint|p1a: Zapdos\n|\n|win|Skkekendnd\n|raw|meritacastro11's rating: 1076 &rarr; <strong>1056</strong><br />(-20 for losing)\n|raw|Skkekendnd's rating: 1105 &rarr; <strong>1128</strong><br />(+23 for winning)\n|c|\u2606meritacastro11|gg\n|c|\u2606Skkekendnd|Bg\n|l|\u2606meritacastro11\n|player|p1|\n", "inputlog": ">version b107d77f5c90bd6555267ae244a6264823309ead\n>start {\"formatid\":\"gen9randombattle\",\"seed\":[5445,1167,7994,37173],\"rated\":\"Rated battle\"}\n>player p1 {\"name\":\"meritacastro11\",\"avatar\":\"roughneck-gen4\",\"rating\":1076,\"seed\":[411,55992,15326,12582]}\n>player p2 {\"name\":\"Skkekendnd\",\"avatar\":\"adaman\",\"rating\":1105,\"seed\":[50928,6435,13206,33014]}\n>p1 move protect\n>p2 move earthquake\n>p1 move playrough\n>p2 move toxic\n>p1 move encore\n>p2 move spikes\n>chat \u2606Skkekendnd|Lol gotcha \n>p1 move playrough\n>p2 switch 3\n>p1 move protect\n>p2 move calmmind\n>chat \u2606Skkekendnd|Lol nope \n>p1 move playrough\n>p2 move calmmind\n>p1 move playrough\n>p2 move drainingkiss\n>p1 switch 3\n>p1 move wildcharge\n>p2 move drainingkiss\n>chat \u2606meritacastro11|gg\n>chat \u2606Skkekendnd|Yup \n>p1 switch 4\n>chat \u2606Skkekendnd|lol \n>p1 move uturn\n>p2 move mysticalfire\n>p1 switch 2\n>p1 move stealthrock\n>p2 move drainingkiss\n>chat \u2606Skkekendnd|Yuppers \n>p1 switch 5\n>p1 move bleakwindstorm\n>p2 move drainingkiss\n>p1 move bleakwindstorm\n>p2 move drainingkiss\n>p1 switch 6\n>p1 move shadowsneak\n>p2 move drainingkiss\n>p1 move swordsdance\n>p2 switch 3\n>p1 move woodhammer\n>p2 move earthquake\n>chat \u2606Skkekendnd|Free gaza \n>p2 switch 2\n>p1 move woodhammer\n>p2 move crunch\n>p1 switch 2\n>p1 move hurricane\n>p2 switch 6\n>p1 move discharge\n>p2 switch 3\n>p1 move uturn\n>p2 move psyshock\n>p1 move discharge\n>p2 move psyshock\n>chat \u2606Skkekendnd|This was hella boring bro \n>p2 switch 3\n>p1 move roost\n>p2 move icebeam", "uploadtime": 1732977104, "views": 1, "formatid": "gen9randombattle", "rating": 1056, "private": 0, "password": null}