{"id": "gen9randombattle-2254130206", "format": "[Gen 9] Random Battle", "players": ["PanicBetrayer", "Andras14"], "log": "|j|\u2606PanicBetrayer\n|j|\u2606Andras14\n|t:|1732994927\n|gametype|singles\n|player|p1|PanicBetrayer|morty|1364\n|player|p2|Andras14|harlequin|1333\n|teamsize|p1|6\n|teamsize|p2|6\n|gen|9\n|tier|[Gen 9] Random Battle\n|rated|\n|rule|Species Clause: Limit one of each Pok\u00e9mon\n|rule|HP Percentage Mod: HP is shown in percentages\n|rule|Sleep Clause Mod: Limit one foe put to sleep\n|rule|Illusion Level Mod: Illusion disguises the Pok\u00e9mon's true level\n|\n|t:|1732994927\n|start\n|switch|p1a: Orthworm|Orthworm, L88, M|266/266\n|switch|p2a: Entei|Entei, L78|307/307\n|turn|1\n|inactive|Battle timer is ON: inactive players will automatically lose when time's up. (requested by Andras14)\n|inactive|PanicBetrayer has 120 seconds left.\n|\n|t:|1732994961\n|switch|p1a: Regirock|Regirock, L83|268/268\n|move|p2a: Entei|Sacred Fire|p1a: Regirock\n|-resisted|p1a: Regirock\n|-damage|p1a: Regirock|223/268\n|-status|p1a: Regirock|brn\n|\n|-damage|p1a: Regirock|207/268 brn|[from] brn\n|upkeep\n|turn|2\n|\n|t:|1732994980\n|switch|p2a: Iron Thorns|Iron Thorns, L83|302/302\n|-enditem|p2a: Iron Thorns|Booster Energy\n|-activate|p2a: Iron Thorns|ability: Quark Drive|[fromitem]\n|-start|p2a: Iron Thorns|quarkdriveatk\n|move|p1a: Regirock|Stone Edge|p2a: Iron Thorns\n|-damage|p2a: Iron Thorns|257/302\n|\n|-damage|p1a: Regirock|191/268 brn|[from] brn\n|upkeep\n|turn|3\n|\n|t:|1732995002\n|switch|p1a: Garchomp|Garchomp, L74, F|282/282\n|move|p2a: Iron Thorns|Dragon Dance|p2a: Iron Thorns\n|-boost|p2a: Iron Thorns|atk|1\n|-boost|p2a: Iron Thorns|spe|1\n|\n|upkeep\n|turn|4\n|inactive|PanicBetrayer has 120 seconds left.\n|\n|t:|1732995031\n|move|p2a: Iron Thorns|Ice Punch|p1a: Garchomp\n|-supereffective|p1a: Garchomp\n|-damage|p1a: Garchomp|0 fnt\n|-damage|p2a: Iron Thorns|220/302|[from] ability: Rough Skin|[of] p1a: Garchomp\n|faint|p1a: Garchomp\n|\n|upkeep\n|\n|t:|1732995048\n|switch|p1a: Kleavor|Kleavor, L78, M|237/237\n|turn|5\n|\n|t:|1732995056\n|move|p2a: Iron Thorns|Stone Edge|p1a: Kleavor\n|-supereffective|p1a: Kleavor\n|-damage|p1a: Kleavor|0 fnt\n|faint|p1a: Kleavor\n|\n|upkeep\n|\n|t:|1732995062\n|switch|p1a: Orthworm|Orthworm, L88, M|266/266\n|turn|6\n|\n|t:|1732995074\n|move|p2a: Iron Thorns|Wild Charge|p1a: Orthworm\n|-damage|p1a: Orthworm|101/266\n|-damage|p2a: Iron Thorns|179/302|[from] Recoil\n|move|p1a: Orthworm|Coil|p1a: Orthworm\n|-boost|p1a: Orthworm|atk|1\n|-boost|p1a: Orthworm|def|1\n|-boost|p1a: Orthworm|accuracy|1\n|\n|upkeep\n|turn|7\n|\n|t:|1732995085\n|move|p2a: Iron Thorns|Wild Charge|p1a: Orthworm\n|-damage|p1a: Orthworm|0 fnt\n|faint|p1a: Orthworm\n|-damage|p2a: Iron Thorns|154/302|[from] Recoil\n|\n|upkeep\n|\n|t:|1732995097\n|switch|p1a: Ursaring|Ursaring, L84, F|288/288\n|turn|8\n|\n|t:|1732995102\n|-terastallize|p1a: Ursaring|Ground\n|move|p2a: Iron Thorns|Wild Charge|p1a: Ursaring\n|-immune|p1a: Ursaring\n|move|p1a: Ursaring|Earthquake|p2a: Iron Thorns\n|-supereffective|p2a: Iron Thorns\n|-damage|p2a: Iron Thorns|0 fnt\n|faint|p2a: Iron Thorns\n|-end|p2a: Iron Thorns|Quark Drive|[silent]\n|\n|upkeep\n|\n|t:|1732995115\n|switch|p2a: Latios|Latios, L78, M|253/253\n|turn|9\n|inactive|PanicBetrayer has 120 seconds left.\n|\n|t:|1732995123\n|move|p2a: Latios|Calm Mind|p2a: Latios\n|-boost|p2a: Latios|spa|1\n|-boost|p2a: Latios|spd|1\n|move|p1a: Ursaring|Body Slam|p2a: Latios\n|-damage|p2a: Latios|127/253\n|\n|upkeep\n|turn|10\n|inactive|PanicBetrayer has 120 seconds left.\n|\n|t:|1732995136\n|move|p2a: Latios|Draco Meteor|p1a: Ursaring\n|-damage|p1a: Ursaring|87/288\n|-unboost|p2a: Latios|spa|2\n|move|p1a: Ursaring|Body Slam|p2a: Latios\n|-crit|p2a: Latios\n|-damage|p2a: Latios|0 fnt\n|faint|p2a: Latios\n|\n|upkeep\n|\n|t:|1732995153\n|switch|p2a: Mabosstiff|Mabosstiff, L86, F|278/278\n|turn|11\n|\n|t:|1732995160\n|move|p2a: Mabosstiff|Crunch|p1a: Ursaring\n|-damage|p1a: Ursaring|0 fnt\n|faint|p1a: Ursaring\n|\n|upkeep\n|\n|t:|1732995166\n|switch|p1a: Gyarados|Gyarados, L79, F|280/280\n|-ability|p1a: Gyarados|Intimidate|boost\n|-unboost|p2a: Mabosstiff|atk|1\n|turn|12\n|\n|t:|1732995177\n|move|p2a: Mabosstiff|Crunch|p1a: Gyarados\n|-damage|p1a: Gyarados|154/280\n|move|p1a: Gyarados|Dragon Dance|p1a: Gyarados\n|-boost|p1a: Gyarados|atk|1\n|-boost|p1a: Gyarados|spe|1\n|\n|upkeep\n|turn|13\n|\n|t:|1732995188\n|move|p1a: Gyarados|Waterfall|p2a: Mabosstiff\n|-damage|p2a: Mabosstiff|154/278\n|cant|p2a: Mabosstiff|flinch\n|\n|upkeep\n|turn|14\n|\n|t:|1732995195\n|move|p1a: Gyarados|Waterfall|p2a: Mabosstiff\n|-crit|p2a: Mabosstiff\n|-damage|p2a: Mabosstiff|0 fnt\n|faint|p2a: Mabosstiff\n|\n|upkeep\n|\n|t:|1732995204\n|switch|p2a: Tornadus|Tornadus-Therian, L79, M|254/254\n|turn|15\n|\n|t:|1732995211\n|move|p1a: Gyarados|Waterfall|p2a: Tornadus\n|-damage|p2a: Tornadus|85/254\n|move|p2a: Tornadus|Bleakwind Storm|p1a: Gyarados\n|-damage|p1a: Gyarados|7/280\n|\n|upkeep\n|turn|16\n|\n|t:|1732995220\n|move|p1a: Gyarados|Waterfall|p2a: Tornadus\n|-damage|p2a: Tornadus|0 fnt\n|faint|p2a: Tornadus\n|\n|upkeep\n|\n|t:|1732995225\n|switch|p2a: Entei|Entei, L78|307/307\n|turn|17\n|\n|t:|1732995233\n|switch|p1a: Regirock|Regirock, L83|191/268 brn\n|move|p2a: Entei|Extreme Speed|p1a: Regirock\n|-resisted|p1a: Regirock\n|-damage|p1a: Regirock|169/268 brn\n|\n|-damage|p1a: Regirock|153/268 brn|[from] brn\n|upkeep\n|turn|18\n|\n|t:|1732995245\n|switch|p2a: Stonjourner|Stonjourner, L91, F|330/330\n|move|p1a: Regirock|Rest|p1a: Regirock\n|-status|p1a: Regirock|slp|[from] move: Rest\n|-heal|p1a: Regirock|268/268 slp|[silent]\n|-enditem|p1a: Regirock|Chesto Berry|[eat]\n|-curestatus|p1a: Regirock|slp|[msg]\n|\n|upkeep\n|turn|19\n|\n|t:|1732995258\n|move|p2a: Stonjourner|Stealth Rock|p1a: Regirock\n|-sidestart|p1: PanicBetrayer|move: Stealth Rock\n|move|p1a: Regirock|Iron Defense|p1a: Regirock\n|-boost|p1a: Regirock|def|2\n|\n|upkeep\n|turn|20\n|\n|t:|1732995266\n|-terastallize|p2a: Stonjourner|Ground\n|move|p2a: Stonjourner|Earthquake|p1a: Regirock\n|-supereffective|p1a: Regirock\n|-damage|p1a: Regirock|167/268\n|-damage|p2a: Stonjourner|297/330|[from] item: Life Orb\n|move|p1a: Regirock|Iron Defense|p1a: Regirock\n|-boost|p1a: Regirock|def|2\n|\n|upkeep\n|turn|21\n|\n|t:|1732995281\n|move|p2a: Stonjourner|Earthquake|p1a: Regirock\n|-supereffective|p1a: Regirock\n|-damage|p1a: Regirock|97/268\n|-damage|p2a: Stonjourner|264/330|[from] item: Life Orb\n|move|p1a: Regirock|Body Press|p2a: Stonjourner\n|-damage|p2a: Stonjourner|72/330\n|\n|upkeep\n|turn|22\n|\n|t:|1732995290\n|move|p2a: Stonjourner|Earthquake|p1a: Regirock\n|-supereffective|p1a: Regirock\n|-crit|p1a: Regirock\n|-damage|p1a: Regirock|0 fnt\n|faint|p1a: Regirock\n|-damage|p2a: Stonjourner|39/330|[from] item: Life Orb\n|\n|upkeep\n|\n|t:|1732995297\n|switch|p1a: Gyarados|Gyarados, L79, F|7/280\n|-ability|p1a: Gyarados|Intimidate|boost\n|-unboost|p2a: Stonjourner|atk|1\n|turn|23\n|\n|t:|1732995303\n|move|p2a: Stonjourner|Heat Crash|p1a: Gyarados\n|-resisted|p1a: Gyarados\n|-damage|p1a: Gyarados|0 fnt\n|faint|p1a: Gyarados\n|-damage|p2a: Stonjourner|6/330|[from] item: Life Orb\n|\n|win|Andras14\n|raw|PanicBetrayer's rating: 1364 &rarr; <strong>1342</strong><br />(-22 for losing)\n|raw|Andras14's rating: 1333 &rarr; <strong>1355</strong><br />(+22 for winning)\n", "inputlog": ">version b107d77f5c90bd6555267ae244a6264823309ead\n>start {\"formatid\":\"gen9randombattle\",\"seed\":[6548,57518,12854,45763],\"rated\":\"Rated battle\"}\n>player p1 {\"name\":\"PanicBetrayer\",\"avatar\":\"morty\",\"rating\":1364,\"seed\":[37512,23176,18402,54230]}\n>player p2 {\"name\":\"Andras14\",\"avatar\":\"harlequin\",\"rating\":1333,\"seed\":[31556,51994,52505,15787]}\n>p1 switch 2\n>p2 move sacredfire\n>p1 move stoneedge\n>p2 switch 2\n>p1 switch 4\n>p2 move dragondance\n>p1 move earthquake\n>p2 move icepunch\n>p1 switch 6\n>p1 move closecombat\n>p2 move stoneedge\n>p1 switch 2\n>p1 move coil\n>p2 move wildcharge\n>p1 move rest\n>p2 move wildcharge\n>p1 switch 3\n>p1 move earthquake terastallize\n>p2 move wildcharge\n>p2 switch 5\n>p1 move bodyslam\n>p2 move calmmind\n>p1 move bodyslam\n>p2 move dracometeor\n>p2 switch 3\n>p1 move rest\n>p2 move crunch\n>p1 switch 5\n>p1 move dragondance\n>p2 move crunch\n>p1 move waterfall\n>p2 move crunch\n>p1 move waterfall\n>p2 move crunch\n>p2 switch 6\n>p1 move waterfall\n>p2 move bleakwindstorm\n>p1 move waterfall\n>p2 move bleakwindstorm\n>p2 switch 2\n>p1 switch 4\n>p2 move extremespeed\n>p1 move rest\n>p2 switch 4\n>p1 move irondefense\n>p2 move stealthrock\n>p1 move irondefense\n>p2 move earthquake terastallize\n>p1 move bodypress\n>p2 move earthquake\n>p1 move rest\n>p2 move earthquake\n>p1 switch 4\n>p1 move waterfall\n>p2 move heatcrash", "uploadtime": 1732995309, "views": 1, "formatid": "gen9randombattle", "rating": 1342, "private": 0, "password": null}