{"id": "gen9randombattle-2253820110", "format": "[Gen 9] Random Battle", "players": ["bomberman68", "coolcerul"], "log": "|j|\u2606bomberman68\n|j|\u2606coolcerul\n|t:|1732943298\n|gametype|singles\n|player|p1|bomberman68|170|\n|player|p2|coolcerul|169|\n|teamsize|p1|6\n|teamsize|p2|6\n|gen|9\n|tier|[Gen 9] Random Battle\n|rule|Species Clause: Limit one of each Pok\u00e9mon\n|rule|HP Percentage Mod: HP is shown in percentages\n|rule|Sleep Clause Mod: Limit one foe put to sleep\n|rule|Illusion Level Mod: Illusion disguises the Pok\u00e9mon's true level\n|\n|t:|1732943298\n|start\n|switch|p1a: Charizard|Charizard, L85, M|271/271\n|switch|p2a: Eternatus|Eternatus, L69|308/308\n|-ability|p2a: Eternatus|Pressure\n|turn|1\n|c|\u2606bomberman68|Big nooob\n|\n|t:|1732943313\n|move|p2a: Eternatus|Meteor Beam||[still]\n|-prepare|p2a: Eternatus|Meteor Beam\n|-boost|p2a: Eternatus|spa|1\n|-enditem|p2a: Eternatus|Power Herb\n|-anim|p2a: Eternatus|Meteor Beam|p1a: Charizard\n|-supereffective|p1a: Charizard\n|-damage|p1a: Charizard|0 fnt\n|faint|p1a: Charizard\n|\n|upkeep\n|c|\u2606bomberman68|What the fuck\n|c|\u2606bomberman68|Meteor beam\n|c|\u2606bomberman68|What the shit is tha\n|\n|t:|1732943337\n|switch|p1a: Donphan|Donphan, L84, M|288/288\n|turn|2\n|\n|t:|1732943344\n|move|p2a: Eternatus|Dynamax Cannon|p1a: Donphan\n|-crit|p1a: Donphan\n|-ability|p1a: Donphan|Sturdy\n|-damage|p1a: Donphan|1/288\n|move|p1a: Donphan|Stealth Rock|p2a: Eternatus\n|-sidestart|p2: coolcerul|move: Stealth Rock\n|\n|-heal|p1a: Donphan|19/288|[from] item: Leftovers\n|upkeep\n|turn|3\n|\n|t:|1732943353\n|move|p2a: Eternatus|Sludge Bomb|p1a: Donphan\n|-resisted|p1a: Donphan\n|-damage|p1a: Donphan|0 fnt\n|faint|p1a: Donphan\n|\n|upkeep\n|\n|t:|1732943356\n|switch|p1a: Cresselia|Cresselia, L80, F|323/323\n|turn|4\n|c|\u2606bomberman68|No obbers\n|\n|t:|1732943364\n|move|p2a: Eternatus|Fire Blast|p1a: Cresselia\n|-damage|p1a: Cresselia|231/323\n|move|p1a: Cresselia|Psyshock|p2a: Eternatus\n|-supereffective|p2a: Eternatus\n|-damage|p2a: Eternatus|164/308\n|\n|-heal|p1a: Cresselia|251/323|[from] item: Leftovers\n|upkeep\n|turn|5\n|\n|t:|1732943370\n|move|p2a: Eternatus|Dynamax Cannon|p1a: Cresselia\n|-damage|p1a: Cresselia|133/323\n|move|p1a: Cresselia|Calm Mind|p1a: Cresselia\n|-boost|p1a: Cresselia|spa|1\n|-boost|p1a: Cresselia|spd|1\n|\n|-heal|p1a: Cresselia|153/323|[from] item: Leftovers\n|upkeep\n|turn|6\n|\n|t:|1732943374\n|move|p2a: Eternatus|Meteor Beam||[still]\n|-prepare|p2a: Eternatus|Meteor Beam\n|-boost|p2a: Eternatus|spa|1\n|move|p1a: Cresselia|Moonlight|p1a: Cresselia\n|-heal|p1a: Cresselia|314/323\n|\n|-heal|p1a: Cresselia|323/323|[from] item: Leftovers\n|upkeep\n|turn|7\n|\n|t:|1732943377\n|move|p2a: Eternatus|Meteor Beam|p1a: Cresselia|[from]lockedmove\n|-damage|p1a: Cresselia|235/323\n|move|p1a: Cresselia|Calm Mind|p1a: Cresselia\n|-boost|p1a: Cresselia|spa|1\n|-boost|p1a: Cresselia|spd|1\n|\n|-heal|p1a: Cresselia|255/323|[from] item: Leftovers\n|upkeep\n|turn|8\n|\n|t:|1732943395\n|move|p2a: Eternatus|Sludge Bomb|p1a: Cresselia\n|-damage|p1a: Cresselia|179/323\n|move|p1a: Cresselia|Calm Mind|p1a: Cresselia\n|-boost|p1a: Cresselia|spa|1\n|-boost|p1a: Cresselia|spd|1\n|\n|-heal|p1a: Cresselia|199/323|[from] item: Leftovers\n|upkeep\n|turn|9\n|\n|t:|1732943410\n|move|p2a: Eternatus|Sludge Bomb|p1a: Cresselia\n|-damage|p1a: Cresselia|133/323\n|move|p1a: Cresselia|Moonlight|p1a: Cresselia\n|-heal|p1a: Cresselia|294/323\n|\n|-heal|p1a: Cresselia|314/323|[from] item: Leftovers\n|upkeep\n|turn|10\n|\n|t:|1732943412\n|move|p2a: Eternatus|Sludge Bomb|p1a: Cresselia\n|-damage|p1a: Cresselia|250/323\n|-status|p1a: Cresselia|psn\n|move|p1a: Cresselia|Psyshock|p2a: Eternatus\n|-supereffective|p2a: Eternatus\n|-damage|p2a: Eternatus|0 fnt\n|faint|p2a: Eternatus\n|\n|-heal|p1a: Cresselia|270/323 psn|[from] item: Leftovers\n|-damage|p1a: Cresselia|230/323 psn|[from] psn\n|upkeep\n|\n|t:|1732943415\n|switch|p2a: Ludicolo|Ludicolo, L90, F|290/290\n|-damage|p2a: Ludicolo|254/290|[from] Stealth Rock\n|turn|11\n|\n|t:|1732943421\n|move|p1a: Cresselia|Psyshock|p2a: Ludicolo\n|-damage|p2a: Ludicolo|65/290\n|move|p2a: Ludicolo|Rain Dance|p2a: Ludicolo\n|-weather|RainDance\n|\n|-weather|RainDance|[upkeep]\n|-heal|p1a: Cresselia|250/323 psn|[from] item: Leftovers\n|-damage|p1a: Cresselia|210/323 psn|[from] psn\n|upkeep\n|turn|12\n|\n|t:|1732943432\n|move|p2a: Ludicolo|Hydro Pump|p1a: Cresselia\n|-damage|p1a: Cresselia|131/323 psn\n|-damage|p2a: Ludicolo|36/290|[from] item: Life Orb\n|move|p1a: Cresselia|Moonlight|p1a: Cresselia\n|-heal|p1a: Cresselia|212/323 psn\n|\n|-weather|RainDance|[upkeep]\n|-heal|p1a: Cresselia|232/323 psn|[from] item: Leftovers\n|-damage|p1a: Cresselia|192/323 psn|[from] psn\n|upkeep\n|turn|13\n|\n|t:|1732943436\n|move|p2a: Ludicolo|Giga Drain|p1a: Cresselia\n|-damage|p1a: Cresselia|156/323 psn\n|-heal|p2a: Ludicolo|54/290|[from] drain|[of] p1a: Cresselia\n|-damage|p2a: Ludicolo|25/290|[from] item: Life Orb\n|move|p1a: Cresselia|Moonlight|p1a: Cresselia\n|-heal|p1a: Cresselia|237/323 psn\n|\n|-weather|RainDance|[upkeep]\n|-heal|p1a: Cresselia|257/323 psn|[from] item: Leftovers\n|-damage|p1a: Cresselia|217/323 psn|[from] psn\n|upkeep\n|turn|14\n|\n|t:|1732943439\n|move|p2a: Ludicolo|Hydro Pump|p1a: Cresselia\n|-damage|p1a: Cresselia|127/323 psn\n|-damage|p2a: Ludicolo|0 fnt|[from] item: Life Orb\n|faint|p2a: Ludicolo\n|move|p1a: Cresselia|Moonlight|p1a: Cresselia\n|-heal|p1a: Cresselia|208/323 psn\n|\n|-weather|RainDance|[upkeep]\n|-heal|p1a: Cresselia|228/323 psn|[from] item: Leftovers\n|-damage|p1a: Cresselia|188/323 psn|[from] psn\n|upkeep\n|\n|t:|1732943448\n|switch|p2a: Lapras|Lapras, L87, F|367/367\n|-damage|p2a: Lapras|276/367|[from] Stealth Rock\n|turn|15\n|\n|t:|1732943454\n|move|p1a: Cresselia|Thunderbolt|p2a: Lapras\n|-supereffective|p2a: Lapras\n|-damage|p2a: Lapras|40/367\n|move|p2a: Lapras|Dragon Dance|p2a: Lapras\n|-boost|p2a: Lapras|atk|1\n|-boost|p2a: Lapras|spe|1\n|\n|-weather|none\n|-heal|p1a: Cresselia|208/323 psn|[from] item: Leftovers\n|-damage|p1a: Cresselia|168/323 psn|[from] psn\n|upkeep\n|turn|16\n|c|\u2606bomberman68|Bruh\n|\n|t:|1732943467\n|move|p2a: Lapras|Waterfall|p1a: Cresselia\n|-damage|p1a: Cresselia|50/323 psn\n|move|p1a: Cresselia|Moonlight|p1a: Cresselia\n|-heal|p1a: Cresselia|211/323 psn\n|\n|-heal|p1a: Cresselia|231/323 psn|[from] item: Leftovers\n|-damage|p1a: Cresselia|191/323 psn|[from] psn\n|upkeep\n|turn|17\n|c|\u2606bomberman68|Dragon dance lapras\n|\n|t:|1732943471\n|move|p2a: Lapras|Waterfall|p1a: Cresselia\n|-damage|p1a: Cresselia|82/323 psn\n|cant|p1a: Cresselia|flinch\n|\n|-heal|p1a: Cresselia|102/323 psn|[from] item: Leftovers\n|-damage|p1a: Cresselia|62/323 psn|[from] psn\n|upkeep\n|turn|18\n|\n|t:|1732943516\n|switch|p1a: Torkoal|Torkoal, L88, M|266/266\n|-weather|SunnyDay|[from] ability: Drought|[of] p1a: Torkoal\n|move|p2a: Lapras|Waterfall|p1a: Torkoal\n|-supereffective|p1a: Torkoal\n|-damage|p1a: Torkoal|182/266\n|\n|-weather|SunnyDay|[upkeep]\n|upkeep\n|turn|19\n|\n|t:|1732943521\n|move|p2a: Lapras|Earthquake|p1a: Torkoal\n|-supereffective|p1a: Torkoal\n|-damage|p1a: Torkoal|36/266\n|move|p1a: Torkoal|Rapid Spin|p2a: Lapras\n|-damage|p2a: Lapras|1/367\n|-boost|p1a: Torkoal|spe|1\n|\n|-weather|SunnyDay|[upkeep]\n|upkeep\n|turn|20\n|\n|t:|1732943532\n|move|p2a: Lapras|Waterfall|p1a: Torkoal\n|-supereffective|p1a: Torkoal\n|-damage|p1a: Torkoal|0 fnt\n|faint|p1a: Torkoal\n|\n|-weather|SunnyDay|[upkeep]\n|upkeep\n|\n|t:|1732943534\n|switch|p1a: Volbeat|Volbeat, L90, M|263/263\n|turn|21\n|\n|t:|1732943551\n|move|p2a: Lapras|Icicle Spear|p1a: Volbeat\n|-damage|p1a: Volbeat|226/263\n|-damage|p1a: Volbeat|186/263\n|-damage|p1a: Volbeat|141/263\n|-damage|p1a: Volbeat|102/263\n|-hitcount|p1a: Volbeat|4\n|move|p1a: Volbeat|Lunge|p2a: Lapras\n|-damage|p2a: Lapras|0 fnt\n|faint|p2a: Lapras\n|\n|-weather|SunnyDay|[upkeep]\n|upkeep\n|\n|t:|1732943565\n|switch|p2a: Ambipom|Ambipom, L84, F|263/263\n|-damage|p2a: Ambipom|231/263|[from] Stealth Rock\n|turn|22\n|\n|t:|1732943569\n|switch|p1a: Cresselia|Cresselia, L80, F|62/323 psn\n|move|p2a: Ambipom|Fake Out|p1a: Cresselia\n|-damage|p1a: Cresselia|0 fnt\n|faint|p1a: Cresselia\n|\n|-weather|none\n|upkeep\n|\n|t:|1732943575\n|switch|p1a: Volbeat|Volbeat, L90, M|102/263\n|turn|23\n|\n|t:|1732943591\n|move|p1a: Volbeat|Encore|p2a: Ambipom\n|-start|p2a: Ambipom|Encore\n|move|p2a: Ambipom|Fake Out||[still]\n|-hint|Fake Out only works on your first turn out.\n|-fail|p2a: Ambipom\n|\n|upkeep\n|turn|24\n|\n|t:|1732943594\n|switch|p2a: Dudunsparce|Dudunsparce, L83, F|343/343\n|-damage|p2a: Dudunsparce|301/343|[from] Stealth Rock\n|move|p1a: Volbeat|Roost|p1a: Volbeat\n|-heal|p1a: Volbeat|234/263\n|-singleturn|p1a: Volbeat|move: Roost\n|\n|-heal|p2a: Dudunsparce|322/343|[from] item: Leftovers\n|upkeep\n|turn|25\n|\n|t:|1732943596\n|move|p1a: Volbeat|Thunder Wave|p2a: Dudunsparce\n|-status|p2a: Dudunsparce|par\n|move|p2a: Dudunsparce|Calm Mind|p2a: Dudunsparce\n|-boost|p2a: Dudunsparce|spa|1\n|-boost|p2a: Dudunsparce|spd|1\n|\n|-heal|p2a: Dudunsparce|343/343 par|[from] item: Leftovers\n|upkeep\n|turn|26\n|\n|t:|1732943599\n|move|p1a: Volbeat|Encore|p2a: Dudunsparce\n|-start|p2a: Dudunsparce|Encore\n|move|p2a: Dudunsparce|Calm Mind|p2a: Dudunsparce\n|-boost|p2a: Dudunsparce|spa|1\n|-boost|p2a: Dudunsparce|spd|1\n|\n|upkeep\n|turn|27\n|\n|t:|1732943602\n|move|p1a: Volbeat|Lunge|p2a: Dudunsparce\n|-damage|p2a: Dudunsparce|255/343 par\n|-unboost|p2a: Dudunsparce|atk|1\n|-ability|p2a: Dudunsparce|Rattled|boost\n|-boost|p2a: Dudunsparce|spe|1\n|cant|p2a: Dudunsparce|par\n|\n|-heal|p2a: Dudunsparce|276/343 par|[from] item: Leftovers\n|upkeep\n|turn|28\n|\n|t:|1732943604\n|move|p1a: Volbeat|Lunge|p2a: Dudunsparce\n|-damage|p2a: Dudunsparce|195/343 par\n|-unboost|p2a: Dudunsparce|atk|1\n|-ability|p2a: Dudunsparce|Rattled|boost\n|-boost|p2a: Dudunsparce|spe|1\n|cant|p2a: Dudunsparce|par\n|\n|-heal|p2a: Dudunsparce|216/343 par|[from] item: Leftovers\n|-end|p2a: Dudunsparce|Encore\n|upkeep\n|turn|29\n|\n|t:|1732943614\n|move|p1a: Volbeat|Encore|p2a: Dudunsparce\n|-start|p2a: Dudunsparce|Encore\n|move|p2a: Dudunsparce|Calm Mind|p2a: Dudunsparce\n|-boost|p2a: Dudunsparce|spa|1\n|-boost|p2a: Dudunsparce|spd|1\n|\n|-heal|p2a: Dudunsparce|237/343 par|[from] item: Leftovers\n|upkeep\n|turn|30\n|\n|t:|1732943617\n|move|p1a: Volbeat|Lunge|p2a: Dudunsparce\n|-damage|p2a: Dudunsparce|143/343 par\n|-unboost|p2a: Dudunsparce|atk|1\n|-ability|p2a: Dudunsparce|Rattled|boost\n|-boost|p2a: Dudunsparce|spe|1\n|move|p2a: Dudunsparce|Calm Mind|p2a: Dudunsparce\n|-boost|p2a: Dudunsparce|spa|1\n|-boost|p2a: Dudunsparce|spd|1\n|\n|-heal|p2a: Dudunsparce|164/343 par|[from] item: Leftovers\n|upkeep\n|turn|31\n|\n|t:|1732943619\n|move|p1a: Volbeat|Lunge|p2a: Dudunsparce\n|-damage|p2a: Dudunsparce|82/343 par\n|-unboost|p2a: Dudunsparce|atk|1\n|-ability|p2a: Dudunsparce|Rattled|boost\n|-boost|p2a: Dudunsparce|spe|1\n|move|p2a: Dudunsparce|Calm Mind|p2a: Dudunsparce\n|-boost|p2a: Dudunsparce|spa|1\n|-boost|p2a: Dudunsparce|spd|1\n|\n|-heal|p2a: Dudunsparce|103/343 par|[from] item: Leftovers\n|-end|p2a: Dudunsparce|Encore\n|upkeep\n|turn|32\n|\n|t:|1732943628\n|-terastallize|p2a: Dudunsparce|Ghost\n|move|p1a: Volbeat|Encore|p2a: Dudunsparce\n|-start|p2a: Dudunsparce|Encore\n|cant|p2a: Dudunsparce|par\n|\n|-heal|p2a: Dudunsparce|124/343 par|[from] item: Leftovers\n|upkeep\n|turn|33\n|\n|t:|1732943632\n|move|p2a: Dudunsparce|Calm Mind|p2a: Dudunsparce\n|-boost|p2a: Dudunsparce|spa|1\n|-boost|p2a: Dudunsparce|spd|1\n|move|p1a: Volbeat|Lunge|p2a: Dudunsparce\n|-resisted|p2a: Dudunsparce\n|-damage|p2a: Dudunsparce|84/343 par\n|-unboost|p2a: Dudunsparce|atk|1\n|-ability|p2a: Dudunsparce|Rattled|boost\n|-boost|p2a: Dudunsparce|spe|1\n|\n|-heal|p2a: Dudunsparce|105/343 par|[from] item: Leftovers\n|upkeep\n|turn|34\n|\n|t:|1732943634\n|cant|p2a: Dudunsparce|par\n|move|p1a: Volbeat|Lunge|p2a: Dudunsparce\n|-resisted|p2a: Dudunsparce\n|-damage|p2a: Dudunsparce|64/343 par\n|-unboost|p2a: Dudunsparce|atk|1\n|-ability|p2a: Dudunsparce|Rattled|boost\n|-boost|p2a: Dudunsparce|spe|1\n|\n|-heal|p2a: Dudunsparce|85/343 par|[from] item: Leftovers\n|-end|p2a: Dudunsparce|Encore\n|upkeep\n|turn|35\n|\n|t:|1732943648\n|move|p1a: Volbeat|Encore|p2a: Dudunsparce\n|-start|p2a: Dudunsparce|Encore\n|move|p2a: Dudunsparce|Calm Mind|p2a: Dudunsparce\n|-boost|p2a: Dudunsparce|spa|0\n|-boost|p2a: Dudunsparce|spd|0\n|\n|-heal|p2a: Dudunsparce|106/343 par|[from] item: Leftovers\n|upkeep\n|turn|36\n|\n|t:|1732943652\n|cant|p2a: Dudunsparce|par\n|move|p1a: Volbeat|Lunge|p2a: Dudunsparce\n|-resisted|p2a: Dudunsparce\n|-damage|p2a: Dudunsparce|64/343 par\n|\n|-heal|p2a: Dudunsparce|85/343 par|[from] item: Leftovers\n|upkeep\n|turn|37\n|\n|t:|1732943654\n|move|p2a: Dudunsparce|Calm Mind|p2a: Dudunsparce\n|-boost|p2a: Dudunsparce|spa|0\n|-boost|p2a: Dudunsparce|spd|0\n|move|p1a: Volbeat|Lunge|p2a: Dudunsparce\n|-resisted|p2a: Dudunsparce\n|-damage|p2a: Dudunsparce|39/343 par\n|\n|-heal|p2a: Dudunsparce|60/343 par|[from] item: Leftovers\n|-end|p2a: Dudunsparce|Encore\n|upkeep\n|turn|38\n|\n|t:|1732943660\n|move|p1a: Volbeat|Encore|p2a: Dudunsparce\n|-start|p2a: Dudunsparce|Encore\n|move|p2a: Dudunsparce|Calm Mind|p2a: Dudunsparce\n|-boost|p2a: Dudunsparce|spa|0\n|-boost|p2a: Dudunsparce|spd|0\n|\n|-heal|p2a: Dudunsparce|81/343 par|[from] item: Leftovers\n|upkeep\n|turn|39\n|\n|t:|1732943663\n|move|p2a: Dudunsparce|Calm Mind|p2a: Dudunsparce\n|-boost|p2a: Dudunsparce|spa|0\n|-boost|p2a: Dudunsparce|spd|0\n|move|p1a: Volbeat|Lunge|p2a: Dudunsparce\n|-resisted|p2a: Dudunsparce\n|-crit|p2a: Dudunsparce\n|-damage|p2a: Dudunsparce|12/343 par\n|\n|-heal|p2a: Dudunsparce|33/343 par|[from] item: Leftovers\n|upkeep\n|turn|40\n|\n|t:|1732943666\n|cant|p2a: Dudunsparce|par\n|move|p1a: Volbeat|Lunge|p2a: Dudunsparce\n|-resisted|p2a: Dudunsparce\n|-damage|p2a: Dudunsparce|0 fnt\n|faint|p2a: Dudunsparce\n|\n|upkeep\n|\n|t:|1732943668\n|switch|p2a: Jumpluff|Jumpluff, L87, M|271/271\n|-damage|p2a: Jumpluff|204/271|[from] Stealth Rock\n|turn|41\n|c|\u2606bomberman68|Lmao\n|c|\u2606bomberman68|What a noob\n|\n|t:|1732943676\n|-terastallize|p1a: Volbeat|Steel\n|move|p1a: Volbeat|Thunder Wave|p2a: Jumpluff\n|-status|p2a: Jumpluff|par\n|move|p2a: Jumpluff|Acrobatics|p1a: Volbeat\n|-resisted|p1a: Volbeat\n|-crit|p1a: Volbeat\n|-damage|p1a: Volbeat|173/263\n|\n|upkeep\n|turn|42\n|\n|t:|1732943684\n|move|p1a: Volbeat|Lunge|p2a: Jumpluff\n|-damage|p2a: Jumpluff|113/271 par\n|-unboost|p2a: Jumpluff|atk|1\n|move|p2a: Jumpluff|Leech Seed|p1a: Volbeat\n|-start|p1a: Volbeat|move: Leech Seed\n|\n|-damage|p1a: Volbeat|141/263|[from] Leech Seed|[of] p2a: Jumpluff\n|-heal|p2a: Jumpluff|145/271 par|[silent]\n|upkeep\n|turn|43\n|\n|t:|1732943690\n|move|p1a: Volbeat|Encore|p2a: Jumpluff\n|-start|p2a: Jumpluff|Encore\n|move|p2a: Jumpluff|Leech Seed||[still]\n|-fail|p2a: Jumpluff\n|\n|-damage|p1a: Volbeat|109/263|[from] Leech Seed|[of] p2a: Jumpluff\n|-heal|p2a: Jumpluff|177/271 par|[silent]\n|upkeep\n|turn|44\n|\n|t:|1732943693\n|move|p1a: Volbeat|Roost|p1a: Volbeat\n|-heal|p1a: Volbeat|241/263\n|move|p2a: Jumpluff|Leech Seed|p1a: Volbeat|[miss]\n|-miss|p2a: Jumpluff|p1a: Volbeat\n|\n|-damage|p1a: Volbeat|209/263|[from] Leech Seed|[of] p2a: Jumpluff\n|-heal|p2a: Jumpluff|209/271 par|[silent]\n|upkeep\n|turn|45\n|\n|t:|1732943698\n|switch|p2a: Ambipom|Ambipom, L84, F|231/263\n|-damage|p2a: Ambipom|199/263|[from] Stealth Rock\n|move|p1a: Volbeat|Lunge|p2a: Ambipom\n|-damage|p2a: Ambipom|105/263\n|-unboost|p2a: Ambipom|atk|1\n|\n|-damage|p1a: Volbeat|177/263|[from] Leech Seed|[of] p2a: Ambipom\n|-heal|p2a: Ambipom|137/263|[silent]\n|upkeep\n|turn|46\n|inactive|Battle timer is ON: inactive players will automatically lose when time's up. (requested by bomberman68)\n|\n|t:|1732943735\n|switch|p1a: Urshifu|Urshifu-Rapid-Strike, L75, F|274/274\n|move|p2a: Ambipom|Fake Out|p1a: Urshifu\n|-damage|p1a: Urshifu|225/274\n|\n|upkeep\n|turn|47\n|\n|t:|1732943740\n|move|p2a: Ambipom|Low Kick|p1a: Urshifu\n|-damage|p1a: Urshifu|178/274\n|move|p1a: Urshifu|Close Combat|p2a: Ambipom\n|-supereffective|p2a: Ambipom\n|-damage|p2a: Ambipom|0 fnt\n|-unboost|p1a: Urshifu|def|1\n|-unboost|p1a: Urshifu|spd|1\n|faint|p2a: Ambipom\n|-damage|p1a: Urshifu|151/274|[from] item: Life Orb\n|\n|upkeep\n|\n|t:|1732943743\n|switch|p2a: Jumpluff|Jumpluff, L87, M|209/271 par\n|-damage|p2a: Jumpluff|142/271 par|[from] Stealth Rock\n|turn|48\n|\n|t:|1732943746\n|move|p1a: Urshifu|Surging Strikes|p2a: Jumpluff\n|-resisted|p2a: Jumpluff\n|-crit|p2a: Jumpluff\n|-damage|p2a: Jumpluff|111/271 par\n|-resisted|p2a: Jumpluff\n|-crit|p2a: Jumpluff\n|-damage|p2a: Jumpluff|77/271 par\n|-resisted|p2a: Jumpluff\n|-crit|p2a: Jumpluff\n|-damage|p2a: Jumpluff|45/271 par\n|-hitcount|p2a: Jumpluff|3\n|-damage|p1a: Urshifu|124/274|[from] item: Life Orb\n|move|p2a: Jumpluff|Acrobatics|p1a: Urshifu\n|-supereffective|p1a: Urshifu\n|-damage|p1a: Urshifu|0 fnt\n|faint|p1a: Urshifu\n|\n|upkeep\n|\n|t:|1732943748\n|switch|p1a: Volbeat|Volbeat, L90, M, tera:Steel|177/263\n|turn|49\n|c|\u2606bomberman68|Ez win\n|c|\u2606bomberman68|Bitch\n|\n|t:|1732943760\n|move|p1a: Volbeat|Lunge|p2a: Jumpluff\n|-damage|p2a: Jumpluff|0 fnt\n|faint|p2a: Jumpluff\n|\n|win|bomberman68\n|c|\u2606coolcerul|Breh\n|c|\u2606coolcerul|Rematch me\n", "inputlog": ">version b107d77f5c90bd6555267ae244a6264823309ead\n>start {\"formatid\":\"gen9randombattle\",\"seed\":[42615,22952,46142,33605]}\n>player p1 {\"name\":\"bomberman68\",\"avatar\":\"170\",\"rating\":0,\"seed\":[33833,22865,27242,41027]}\n>player p2 {\"name\":\"coolcerul\",\"avatar\":\"169\",\"rating\":0,\"seed\":[30556,56762,50021,19475]}\n>chat \u2606bomberman68|Big nooob\n>p1 move earthquake\n>p2 move meteorbeam\n>chat \u2606bomberman68|What the fuck\n>chat \u2606bomberman68|Meteor beam\n>chat \u2606bomberman68|What the shit is tha\n>p1 switch 6\n>p1 move stealthrock\n>p2 move dynamaxcannon\n>p1 move knockoff\n>p2 move sludgebomb\n>p1 switch 4\n>chat \u2606bomberman68|No obbers\n>p1 move psyshock\n>p2 move fireblast\n>p1 move calmmind\n>p2 move dynamaxcannon\n>p1 move moonlight\n>p2 move meteorbeam\n>p1 move calmmind\n>p2 move meteorbeam\n>p1 move calmmind\n>p2 move sludgebomb\n>p1 move moonlight\n>p2 move sludgebomb\n>p1 move psyshock\n>p2 move sludgebomb\n>p2 switch 2\n>p1 move psyshock\n>p2 move raindance\n>p1 move moonlight\n>p2 move hydropump\n>p1 move moonlight\n>p2 move gigadrain\n>p1 move moonlight\n>p2 move hydropump\n>p2 switch 3\n>p1 move thunderbolt\n>p2 move dragondance\n>chat \u2606bomberman68|Bruh\n>p1 move moonlight\n>p2 move waterfall\n>chat \u2606bomberman68|Dragon dance lapras\n>p1 move thunderbolt\n>p2 move waterfall\n>p1 switch 2\n>p2 move waterfall\n>p1 move rapidspin\n>p2 move earthquake\n>p1 move rapidspin\n>p2 move waterfall\n>p1 switch 3\n>p1 move lunge\n>p2 move iciclespear\n>p2 switch 4\n>p1 switch 2\n>p2 move fakeout\n>p1 switch 2\n>p1 move encore\n>p2 move doubleedge\n>p1 move roost\n>p2 switch 5\n>p1 move thunderwave\n>p2 move calmmind\n>p1 move encore\n>p2 move calmmind\n>p1 move lunge\n>p2 move calmmind\n>p1 move lunge\n>p2 move calmmind\n>p1 move encore\n>p2 move boomburst\n>p1 move lunge\n>p2 move calmmind\n>p1 move lunge\n>p2 move calmmind\n>p1 move encore\n>p2 move shadowball terastallize\n>p1 move lunge\n>p2 move calmmind\n>p1 move lunge\n>p2 move calmmind\n>p1 move encore\n>p2 move boomburst\n>p1 move lunge\n>p2 move calmmind\n>p1 move lunge\n>p2 move calmmind\n>p1 move encore\n>p2 move roost\n>p1 move lunge\n>p2 move calmmind\n>p1 move lunge\n>p2 move calmmind\n>p2 switch 6\n>chat \u2606bomberman68|Lmao\n>chat \u2606bomberman68|What a noob\n>p1 move thunderwave terastallize\n>p2 move acrobatics\n>p1 move lunge\n>p2 move leechseed\n>p1 move encore\n>p2 move acrobatics\n>p1 move roost\n>p2 move leechseed\n>p1 move lunge\n>p2 switch 5\n>p1 switch 5\n>p2 move fakeout\n>p1 move closecombat\n>p2 move lowkick\n>p2 switch 5\n>p1 move surgingstrikes\n>p2 move acrobatics\n>p1 switch 5\n>chat \u2606bomberman68|Ez win\n>chat \u2606bomberman68|Bitch\n>p1 move lunge\n>p2 move strengthsap", "uploadtime": 1732943772, "views": 1, "formatid": "gen9randombattle", "rating": null, "private": 0, "password": null}