{"id": "gen9randombattle-2253917418", "format": "[Gen 9] Random Battle", "players": ["manolovm01", "zulhilmi_bruh"], "log": "|j|\u2606manolovm01\n|j|\u2606zulhilmi_bruh\n|t:|1732963376\n|gametype|singles\n|player|p1|manolovm01|102|1135\n|player|p2|zulhilmi_bruh|flannery|1087\n|teamsize|p1|6\n|teamsize|p2|6\n|gen|9\n|tier|[Gen 9] Random Battle\n|rated|\n|rule|Species Clause: Limit one of each Pok\u00e9mon\n|rule|HP Percentage Mod: HP is shown in percentages\n|rule|Sleep Clause Mod: Limit one foe put to sleep\n|rule|Illusion Level Mod: Illusion disguises the Pok\u00e9mon's true level\n|\n|t:|1732963376\n|start\n|switch|p1a: Scream Tail|Scream Tail, L84|330/330\n|switch|p2a: Tatsugiri|Tatsugiri, L87, F|260/260\n|turn|1\n|inactive|Battle timer is ON: inactive players will automatically lose when time's up. (requested by manolovm01)\n|\n|t:|1732963391\n|move|p1a: Scream Tail|Wish|p1a: Scream Tail\n|move|p2a: Tatsugiri|Nasty Plot|p2a: Tatsugiri\n|-boost|p2a: Tatsugiri|spa|2\n|\n|upkeep\n|turn|2\n|\n|t:|1732963400\n|move|p1a: Scream Tail|Play Rough|p2a: Tatsugiri\n|-supereffective|p2a: Tatsugiri\n|-damage|p2a: Tatsugiri|72/260\n|move|p2a: Tatsugiri|Surf|p1a: Scream Tail\n|-damage|p1a: Scream Tail|131/330\n|\n|-heal|p1a: Scream Tail|296/330|[from] move: Wish|[wisher] Scream Tail\n|-heal|p1a: Scream Tail|316/330|[from] item: Leftovers\n|upkeep\n|turn|3\n|\n|t:|1732963411\n|move|p1a: Scream Tail|Play Rough|p2a: Tatsugiri\n|-supereffective|p2a: Tatsugiri\n|-damage|p2a: Tatsugiri|0 fnt\n|faint|p2a: Tatsugiri\n|\n|-heal|p1a: Scream Tail|330/330|[from] item: Leftovers\n|upkeep\n|\n|t:|1732963433\n|switch|p2a: Skarmory|Skarmory, L80, F|235/235\n|turn|4\n|\n|t:|1732963441\n|move|p1a: Scream Tail|Wish|p1a: Scream Tail\n|move|p2a: Skarmory|Iron Defense|p2a: Skarmory\n|-boost|p2a: Skarmory|def|2\n|\n|upkeep\n|turn|5\n|\n|t:|1732963459\n|-end|p1a: Scream Tail|Protosynthesis|[silent]\n|switch|p1a: Toxtricity|Toxtricity, L82, M|257/257\n|move|p2a: Skarmory|Iron Defense|p2a: Skarmory\n|-boost|p2a: Skarmory|def|2\n|\n|upkeep\n|turn|6\n|\n|t:|1732963472\n|move|p1a: Toxtricity|Overdrive|p2a: Skarmory\n|-supereffective|p2a: Skarmory\n|-ability|p2a: Skarmory|Sturdy\n|-damage|p2a: Skarmory|1/235\n|-enditem|p1a: Toxtricity|Throat Spray\n|-boost|p1a: Toxtricity|spa|1|[from] item: Throat Spray\n|move|p2a: Skarmory|Body Press|p1a: Toxtricity\n|-resisted|p1a: Toxtricity\n|-damage|p1a: Toxtricity|131/257\n|\n|-heal|p2a: Skarmory|15/235|[from] item: Leftovers\n|upkeep\n|turn|7\n|\n|t:|1732963486\n|move|p1a: Toxtricity|Boomburst|p2a: Skarmory\n|-resisted|p2a: Skarmory\n|-damage|p2a: Skarmory|0 fnt\n|faint|p2a: Skarmory\n|\n|upkeep\n|\n|t:|1732963495\n|switch|p2a: Solgaleo|Solgaleo, L74|325/325\n|turn|8\n|\n|t:|1732963509\n|move|p2a: Solgaleo|Sunsteel Strike|p1a: Toxtricity\n|-resisted|p1a: Toxtricity\n|-damage|p1a: Toxtricity|62/257\n|move|p1a: Toxtricity|Shift Gear|p1a: Toxtricity\n|-boost|p1a: Toxtricity|spe|2\n|-boost|p1a: Toxtricity|atk|1\n|\n|upkeep\n|turn|9\n|\n|t:|1732963526\n|move|p1a: Toxtricity|Overdrive|p2a: Solgaleo\n|-damage|p2a: Solgaleo|144/325\n|move|p2a: Solgaleo|Sunsteel Strike|p1a: Toxtricity\n|-resisted|p1a: Toxtricity\n|-damage|p1a: Toxtricity|0 fnt\n|faint|p1a: Toxtricity\n|\n|-heal|p2a: Solgaleo|164/325|[from] item: Leftovers\n|upkeep\n|\n|t:|1732963541\n|switch|p1a: Talonflame|Talonflame, L84, M|268/268\n|turn|10\n|\n|t:|1732963561\n|switch|p2a: Cramorant|Cramorant, L86, F|261/261\n|move|p1a: Talonflame|Swords Dance|p1a: Talonflame\n|-boost|p1a: Talonflame|atk|2\n|\n|upkeep\n|turn|11\n|\n|t:|1732963570\n|move|p1a: Talonflame|Brave Bird|p2a: Cramorant\n|-damage|p2a: Cramorant|0 fnt\n|faint|p2a: Cramorant\n|-damage|p1a: Talonflame|182/268|[from] Recoil\n|\n|upkeep\n|\n|t:|1732963578\n|switch|p2a: Dragalge|Dragalge, L88, M|258/258\n|turn|12\n|\n|t:|1732963584\n|-terastallize|p1a: Talonflame|Ground\n|move|p1a: Talonflame|Brave Bird|p2a: Dragalge\n|-damage|p2a: Dragalge|39/258\n|-damage|p1a: Talonflame|110/268|[from] Recoil\n|move|p2a: Dragalge|Toxic Spikes|p1a: Talonflame\n|-sidestart|p1: manolovm01|move: Toxic Spikes\n|\n|-heal|p2a: Dragalge|55/258|[from] item: Leftovers\n|upkeep\n|turn|13\n|\n|t:|1732963595\n|move|p1a: Talonflame|Brave Bird|p2a: Dragalge\n|-crit|p2a: Dragalge\n|-damage|p2a: Dragalge|0 fnt\n|faint|p2a: Dragalge\n|-damage|p1a: Talonflame|92/268|[from] Recoil\n|\n|upkeep\n|\n|t:|1732963602\n|switch|p2a: Leafeon|Leafeon, L88, F|258/258\n|turn|14\n|\n|t:|1732963614\n|move|p1a: Talonflame|Brave Bird|p2a: Leafeon\n|-supereffective|p2a: Leafeon\n|-damage|p2a: Leafeon|0 fnt\n|faint|p2a: Leafeon\n|-damage|p1a: Talonflame|7/268|[from] Recoil\n|\n|upkeep\n|\n|t:|1732963620\n|switch|p2a: Solgaleo|Solgaleo, L74|164/325\n|turn|15\n|\n|t:|1732963624\n|move|p1a: Talonflame|Flare Blitz|p2a: Solgaleo\n|-supereffective|p2a: Solgaleo\n|-damage|p2a: Solgaleo|0 fnt\n|faint|p2a: Solgaleo\n|-damage|p1a: Talonflame|0 fnt|[from] Recoil\n|faint|p1a: Talonflame\n|\n|win|manolovm01\n|raw|manolovm01's rating: 1135 &rarr; <strong>1157</strong><br />(+22 for winning)\n|raw|zulhilmi_bruh's rating: 1087 &rarr; <strong>1067</strong><br />(-20 for losing)\n|l|\u2606zulhilmi_bruh\n|player|p2|\n", "inputlog": ">version b107d77f5c90bd6555267ae244a6264823309ead\n>start {\"formatid\":\"gen9randombattle\",\"seed\":[21784,55224,6070,12006],\"rated\":\"Rated battle\"}\n>player p1 {\"name\":\"manolovm01\",\"avatar\":\"102\",\"rating\":1135,\"seed\":[44301,3082,21573,25162]}\n>player p2 {\"name\":\"zulhilmi_bruh\",\"avatar\":\"flannery\",\"rating\":1087,\"seed\":[63659,30533,2347,12192]}\n>p1 move wish\n>p2 move nastyplot\n>p1 move playrough\n>p2 move surf\n>p1 move playrough\n>p2 move dracometeor\n>p2 switch 2\n>p1 move wish\n>p2 move irondefense\n>p1 switch 2\n>p2 move irondefense\n>p1 move overdrive\n>p2 move bodypress\n>p1 move boomburst\n>p2 move roost\n>p2 switch 6\n>p1 move shiftgear\n>p2 move sunsteelstrike\n>p1 move overdrive\n>p2 move sunsteelstrike\n>p1 switch 5\n>p1 move swordsdance\n>p2 switch 3\n>p1 move bravebird\n>p2 move surf\n>p2 switch 4\n>p1 move bravebird terastallize\n>p2 move toxicspikes\n>p1 move bravebird\n>p2 move dracometeor\n>p2 switch 5\n>p1 move bravebird\n>p2 move knockoff\n>p2 switch 3\n>p1 move flareblitz\n>p2 move morningsun", "uploadtime": 1732963632, "views": 1, "formatid": "gen9randombattle", "rating": 1067, "private": 0, "password": null}