{"id": "gen9randombattle-2254034372", "format": "[Gen 9] Random Battle", "players": ["DylanRodz", "zhangkun2001"], "log": "|j|\u2606DylanRodz\n|j|\u2606zhangkun2001\n|t:|1732982888\n|gametype|singles\n|player|p1|DylanRodz|266|1070\n|player|p2|zhangkun2001|169|1055\n|teamsize|p1|6\n|teamsize|p2|6\n|gen|9\n|tier|[Gen 9] Random Battle\n|rated|\n|rule|Species Clause: Limit one of each Pok\u00e9mon\n|rule|HP Percentage Mod: HP is shown in percentages\n|rule|Sleep Clause Mod: Limit one foe put to sleep\n|rule|Illusion Level Mod: Illusion disguises the Pok\u00e9mon's true level\n|\n|t:|1732982888\n|start\n|switch|p1a: Volcarona|Volcarona, L77, F|257/257\n|switch|p2a: Mismagius|Mismagius, L86, M|243/243\n|turn|1\n|inactive|Battle timer is ON: inactive players will automatically lose when time's up. (requested by zhangkun2001)\n|\n|t:|1732982923\n|switch|p1a: Oranguru|Oranguru, L92, M|315/315\n|move|p2a: Mismagius|Nasty Plot|p2a: Mismagius\n|-boost|p2a: Mismagius|spa|2\n|\n|upkeep\n|turn|2\n|\n|t:|1732982934\n|move|p2a: Mismagius|Shadow Ball|p1a: Oranguru\n|-immune|p1a: Oranguru\n|move|p1a: Oranguru|Nasty Plot|p1a: Oranguru\n|-boost|p1a: Oranguru|spa|2\n|\n|upkeep\n|turn|3\n|\n|t:|1732982949\n|switch|p2a: Tyranitar|Tyranitar, L79, F|288/288\n|-weather|Sandstorm|[from] ability: Sand Stream|[of] p2a: Tyranitar\n|move|p1a: Oranguru|Psychic|p2a: Tyranitar\n|-immune|p2a: Tyranitar\n|\n|-weather|Sandstorm|[upkeep]\n|-damage|p1a: Oranguru|296/315|[from] Sandstorm\n|-heal|p1a: Oranguru|315/315|[from] item: Leftovers\n|upkeep\n|turn|4\n|inactive|DylanRodz has 120 seconds left.\n|\n|t:|1732982997\n|switch|p1a: Shiftry|Shiftry, L89, M|305/305\n|move|p2a: Tyranitar|Knock Off|p1a: Shiftry\n|-resisted|p1a: Shiftry\n|-damage|p1a: Shiftry|230/305\n|-enditem|p1a: Shiftry|Life Orb|[from] move: Knock Off|[of] p2a: Tyranitar\n|\n|-weather|Sandstorm|[upkeep]\n|-damage|p1a: Shiftry|211/305|[from] Sandstorm\n|upkeep\n|turn|5\n|\n|t:|1732983014\n|-terastallize|p2a: Tyranitar|Rock\n|move|p1a: Shiftry|Knock Off|p2a: Tyranitar\n|-damage|p2a: Tyranitar|188/288\n|-enditem|p2a: Tyranitar|Leftovers|[from] move: Knock Off|[of] p1a: Shiftry\n|move|p2a: Tyranitar|Dragon Dance|p2a: Tyranitar\n|-boost|p2a: Tyranitar|atk|1\n|-boost|p2a: Tyranitar|spe|1\n|\n|-weather|Sandstorm|[upkeep]\n|-damage|p1a: Shiftry|192/305|[from] Sandstorm\n|upkeep\n|turn|6\n|\n|t:|1732983034\n|move|p2a: Tyranitar|Knock Off|p1a: Shiftry\n|-resisted|p1a: Shiftry\n|-damage|p1a: Shiftry|121/305\n|move|p1a: Shiftry|Low Kick|p2a: Tyranitar\n|-supereffective|p2a: Tyranitar\n|-damage|p2a: Tyranitar|22/288\n|\n|-weather|Sandstorm|[upkeep]\n|-damage|p1a: Shiftry|102/305|[from] Sandstorm\n|upkeep\n|turn|7\n|\n|t:|1732983046\n|move|p2a: Tyranitar|Earthquake|p1a: Shiftry\n|-resisted|p1a: Shiftry\n|-damage|p1a: Shiftry|23/305\n|move|p1a: Shiftry|Knock Off|p2a: Tyranitar\n|-damage|p2a: Tyranitar|0 fnt\n|faint|p2a: Tyranitar\n|\n|-weather|none\n|upkeep\n|inactive|zhangkun2001 has 120 seconds left.\n|\n|t:|1732983060\n|switch|p2a: Ninetales|Ninetales-Alola, L78, M|242/242\n|-weather|Snow|[from] ability: Snow Warning|[of] p2a: Ninetales\n|turn|8\n|\n|t:|1732983082\n|switch|p1a: Volcarona|Volcarona, L77, F|257/257\n|move|p2a: Ninetales|Blizzard|p1a: Volcarona\n|-resisted|p1a: Volcarona\n|-damage|p1a: Volcarona|212/257\n|\n|-weather|Snow|[upkeep]\n|upkeep\n|turn|9\n|inactive|zhangkun2001 has 120 seconds left.\n|\n|t:|1732983101\n|move|p2a: Ninetales|Aurora Veil|p2a: Ninetales\n|-sidestart|p2: zhangkun2001|move: Aurora Veil\n|move|p1a: Volcarona|Quiver Dance|p1a: Volcarona\n|-boost|p1a: Volcarona|spa|1\n|-boost|p1a: Volcarona|spd|1\n|-boost|p1a: Volcarona|spe|1\n|\n|-weather|Snow|[upkeep]\n|upkeep\n|turn|10\n|\n|t:|1732983113\n|move|p1a: Volcarona|Bug Buzz|p2a: Ninetales\n|-resisted|p2a: Ninetales\n|-damage|p2a: Ninetales|202/242\n|-unboost|p2a: Ninetales|spd|1\n|move|p2a: Ninetales|Moonblast|p1a: Volcarona\n|-resisted|p1a: Volcarona\n|-damage|p1a: Volcarona|190/257\n|\n|-weather|Snow|[upkeep]\n|upkeep\n|turn|11\n|\n|t:|1732983126\n|switch|p2a: Zacian|Zacian, L69|241/241\n|-ability|p2a: Zacian|Intrepid Sword|boost\n|-boost|p2a: Zacian|atk|1\n|move|p1a: Volcarona|Quiver Dance|p1a: Volcarona\n|-boost|p1a: Volcarona|spa|1\n|-boost|p1a: Volcarona|spd|1\n|-boost|p1a: Volcarona|spe|1\n|\n|-weather|Snow|[upkeep]\n|upkeep\n|turn|12\n|inactive|zhangkun2001 has 120 seconds left.\n|\n|t:|1732983144\n|move|p1a: Volcarona|Fiery Dance|p2a: Zacian\n|-damage|p2a: Zacian|148/241\n|move|p2a: Zacian|Close Combat|p1a: Volcarona\n|-resisted|p1a: Volcarona\n|-damage|p1a: Volcarona|104/257\n|-unboost|p2a: Zacian|def|1\n|-unboost|p2a: Zacian|spd|1\n|-damage|p2a: Zacian|124/241|[from] item: Life Orb\n|\n|-weather|none\n|upkeep\n|turn|13\n|inactive|zhangkun2001 has 120 seconds left.\n|inactive|DylanRodz has 90 seconds left.\n|\n|t:|1732983164\n|move|p1a: Volcarona|Bug Buzz|p2a: Zacian\n|-resisted|p2a: Zacian\n|-damage|p2a: Zacian|46/241\n|move|p2a: Zacian|Crunch|p1a: Volcarona\n|-damage|p1a: Volcarona|0 fnt\n|faint|p1a: Volcarona\n|-damage|p2a: Zacian|22/241|[from] item: Life Orb\n|\n|upkeep\n|\n|t:|1732983181\n|switch|p1a: Darkrai|Darkrai, L77|234/234\n|turn|14\n|\n|t:|1732983188\n|move|p1a: Darkrai|Dark Pulse|p2a: Zacian\n|-resisted|p2a: Zacian\n|-damage|p2a: Zacian|0 fnt\n|faint|p2a: Zacian\n|\n|upkeep\n|\n|t:|1732983196\n|switch|p2a: Vileplume|Vileplume, L86, F|269/269\n|turn|15\n|inactive|DylanRodz has 90 seconds left.\n|\n|t:|1732983208\n|move|p1a: Darkrai|Nasty Plot|p1a: Darkrai\n|-boost|p1a: Darkrai|spa|2\n|move|p2a: Vileplume|Leech Seed|p1a: Darkrai\n|-start|p1a: Darkrai|move: Leech Seed\n|\n|-damage|p1a: Darkrai|205/234|[from] Leech Seed|[of] p2a: Vileplume\n|upkeep\n|turn|16\n|inactive|DylanRodz has 90 seconds left.\n|\n|t:|1732983218\n|move|p1a: Darkrai|Dark Pulse|p2a: Vileplume\n|-damage|p2a: Vileplume|175/269\n|move|p2a: Vileplume|Giga Drain|p1a: Darkrai\n|-damage|p1a: Darkrai|109/234\n|-heal|p2a: Vileplume|223/269|[from] drain|[of] p1a: Darkrai\n|\n|-heal|p1a: Darkrai|123/234|[from] item: Leftovers\n|-heal|p2a: Vileplume|239/269|[from] item: Leftovers\n|-damage|p1a: Darkrai|94/234|[from] Leech Seed|[of] p2a: Vileplume\n|-heal|p2a: Vileplume|268/269|[silent]\n|-sideend|p2: zhangkun2001|move: Aurora Veil\n|upkeep\n|turn|17\n|inactive|DylanRodz has 90 seconds left.\n|\n|t:|1732983235\n|move|p1a: Darkrai|Sludge Bomb|p2a: Vileplume\n|-damage|p2a: Vileplume|136/269\n|move|p2a: Vileplume|Strength Sap|p1a: Darkrai\n|-unboost|p1a: Darkrai|atk|1\n|-heal|p2a: Vileplume|269/269\n|\n|-heal|p1a: Darkrai|108/234|[from] item: Leftovers\n|-damage|p1a: Darkrai|79/234|[from] Leech Seed|[of] p2a: Vileplume\n|upkeep\n|turn|18\n|inactive|DylanRodz has 90 seconds left.\n|\n|t:|1732983254\n|switch|p1a: Oranguru|Oranguru, L92, M|315/315\n|move|p2a: Vileplume|Giga Drain|p1a: Oranguru\n|-damage|p1a: Oranguru|246/315\n|\n|-heal|p1a: Oranguru|265/315|[from] item: Leftovers\n|upkeep\n|turn|19\n|\n|t:|1732983267\n|move|p1a: Oranguru|Psychic|p2a: Vileplume\n|-supereffective|p2a: Vileplume\n|-damage|p2a: Vileplume|53/269\n|move|p2a: Vileplume|Leech Seed|p1a: Oranguru\n|-start|p1a: Oranguru|move: Leech Seed\n|\n|-heal|p1a: Oranguru|284/315|[from] item: Leftovers\n|-heal|p2a: Vileplume|69/269|[from] item: Leftovers\n|-damage|p1a: Oranguru|245/315|[from] Leech Seed|[of] p2a: Vileplume\n|-heal|p2a: Vileplume|108/269|[silent]\n|upkeep\n|turn|20\n|inactive|zhangkun2001 has 120 seconds left.\n|\n|t:|1732983297\n|switch|p2a: Scyther|Scyther, L82, F|249/249\n|move|p1a: Oranguru|Psychic|p2a: Scyther\n|-damage|p2a: Scyther|135/249\n|\n|-heal|p1a: Oranguru|264/315|[from] item: Leftovers\n|-damage|p1a: Oranguru|225/315|[from] Leech Seed|[of] p2a: Scyther\n|-heal|p2a: Scyther|174/249|[silent]\n|upkeep\n|turn|21\n|inactive|zhangkun2001 has 120 seconds left.\n|\n|t:|1732983311\n|move|p2a: Scyther|Dual Wingbeat|p1a: Oranguru\n|-damage|p1a: Oranguru|159/315\n|-damage|p1a: Oranguru|93/315\n|-hitcount|p1a: Oranguru|2\n|move|p1a: Oranguru|Thunderbolt|p2a: Scyther\n|-supereffective|p2a: Scyther\n|-damage|p2a: Scyther|28/249\n|\n|-heal|p1a: Oranguru|112/315|[from] item: Leftovers\n|-damage|p1a: Oranguru|73/315|[from] Leech Seed|[of] p2a: Scyther\n|-heal|p2a: Scyther|67/249|[silent]\n|upkeep\n|turn|22\n|inactive|zhangkun2001 has 120 seconds left.\n|\n|t:|1732983324\n|move|p2a: Scyther|Dual Wingbeat|p1a: Oranguru|[miss]\n|-miss|p2a: Scyther|p1a: Oranguru\n|move|p1a: Oranguru|Thunderbolt|p2a: Scyther\n|-supereffective|p2a: Scyther\n|-damage|p2a: Scyther|0 fnt\n|faint|p2a: Scyther\n|\n|-heal|p1a: Oranguru|92/315|[from] item: Leftovers\n|upkeep\n|\n|t:|1732983335\n|switch|p2a: Ninetales|Ninetales-Alola, L78, M|202/242\n|-weather|Snow|[from] ability: Snow Warning|[of] p2a: Ninetales\n|turn|23\n|inactive|DylanRodz has 90 seconds left.\n|\n|t:|1732983349\n|move|p2a: Ninetales|Aurora Veil|p2a: Ninetales\n|-sidestart|p2: zhangkun2001|move: Aurora Veil\n|move|p1a: Oranguru|Thunderbolt|p2a: Ninetales\n|-damage|p2a: Ninetales|169/242\n|\n|-weather|Snow|[upkeep]\n|-heal|p1a: Oranguru|111/315|[from] item: Leftovers\n|-damage|p1a: Oranguru|72/315|[from] Leech Seed|[of] p2a: Ninetales\n|-heal|p2a: Ninetales|208/242|[silent]\n|upkeep\n|turn|24\n|inactive|DylanRodz has 90 seconds left.\n|inactive|zhangkun2001 has 120 seconds left.\n|\n|t:|1732983382\n|move|p2a: Ninetales|Blizzard|p1a: Oranguru\n|-damage|p1a: Oranguru|6/315\n|move|p1a: Oranguru|Psychic|p2a: Ninetales\n|-damage|p2a: Ninetales|156/242\n|\n|-weather|Snow|[upkeep]\n|-heal|p1a: Oranguru|25/315|[from] item: Leftovers\n|-damage|p1a: Oranguru|0 fnt|[from] Leech Seed|[of] p2a: Ninetales\n|-heal|p2a: Ninetales|181/242|[silent]\n|faint|p1a: Oranguru\n|upkeep\n|inactive|DylanRodz has 60 seconds left.\n|\n|t:|1732983394\n|switch|p1a: Empoleon|Empoleon, L84, F|278/278\n|turn|25\n|inactive|zhangkun2001 has 120 seconds left.\n|inactive|DylanRodz has 60 seconds left.\n|\n|t:|1732983411\n|move|p2a: Ninetales|Moonblast|p1a: Empoleon\n|-resisted|p1a: Empoleon\n|-damage|p1a: Empoleon|246/278\n|move|p1a: Empoleon|Roar|p2a: Ninetales\n|drag|p2a: Mismagius|Mismagius, L86, M|243/243\n|\n|-weather|Snow|[upkeep]\n|-heal|p1a: Empoleon|263/278|[from] item: Leftovers\n|upkeep\n|turn|26\n|inactive|DylanRodz has 60 seconds left.\n|inactive|zhangkun2001 has 120 seconds left.\n|\n|t:|1732983443\n|switch|p2a: Vileplume|Vileplume, L86, F|108/269\n|move|p1a: Empoleon|Flip Turn|p2a: Vileplume\n|-resisted|p2a: Vileplume\n|-damage|p2a: Vileplume|95/269\n|inactive|DylanRodz has 30 seconds left.\n|\n|t:|1732983454\n|switch|p1a: Shiftry|Shiftry, L89, M|23/305|[from] Flip Turn\n|\n|-weather|Snow|[upkeep]\n|-heal|p2a: Vileplume|111/269|[from] item: Leftovers\n|upkeep\n|turn|27\n|inactive|DylanRodz has 30 seconds left.\n|inactive|DylanRodz has 20 seconds left.\n|\n|t:|1732983474\n|move|p1a: Shiftry|Tailwind|p1a: Shiftry\n|-sidestart|p1: DylanRodz|move: Tailwind\n|-ability|p1a: Shiftry|Wind Rider|boost\n|-boost|p1a: Shiftry|atk|1\n|move|p2a: Vileplume|Giga Drain|p1a: Shiftry\n|-resisted|p1a: Shiftry\n|-damage|p1a: Shiftry|0 fnt\n|-heal|p2a: Vileplume|123/269|[from] drain|[of] p1a: Shiftry\n|faint|p1a: Shiftry\n|\n|-weather|none\n|-heal|p2a: Vileplume|139/269|[from] item: Leftovers\n|upkeep\n|inactive|DylanRodz has 25 seconds left this turn.\n|inactive|DylanRodz has 20 seconds left.\n|inactive|DylanRodz has 15 seconds left.\n|\n|t:|1732983486\n|switch|p1a: Darkrai|Darkrai, L77|79/234\n|turn|28\n|inactive|DylanRodz has 25 seconds left this turn.\n|inactive|DylanRodz has 20 seconds left.\n|inactive|DylanRodz has 15 seconds left.\n|\n|t:|1732983497\n|move|p1a: Darkrai|Dark Pulse|p2a: Vileplume\n|-damage|p2a: Vileplume|91/269\n|move|p2a: Vileplume|Giga Drain|p1a: Darkrai\n|-damage|p1a: Darkrai|0 fnt\n|-heal|p2a: Vileplume|131/269|[from] drain|[of] p1a: Darkrai\n|faint|p1a: Darkrai\n|\n|-heal|p2a: Vileplume|147/269|[from] item: Leftovers\n|upkeep\n|inactive|DylanRodz has 20 seconds left this turn.\n|inactive|DylanRodz has 15 seconds left.\n|inactive|DylanRodz has 10 seconds left.\n|\n|t:|1732983508\n|switch|p1a: Empoleon|Empoleon, L84, F|263/278\n|turn|29\n|inactive|DylanRodz has 20 seconds left this turn.\n|inactive|DylanRodz has 15 seconds left.\n|inactive|DylanRodz has 10 seconds left.\n|\n|t:|1732983522\n|move|p1a: Empoleon|Surf|p2a: Vileplume\n|-resisted|p2a: Vileplume\n|-damage|p2a: Vileplume|121/269\n|move|p2a: Vileplume|Giga Drain|p1a: Empoleon\n|-damage|p1a: Empoleon|187/278\n|-heal|p2a: Vileplume|159/269|[from] drain|[of] p1a: Empoleon\n|\n|-heal|p1a: Empoleon|204/278|[from] item: Leftovers\n|-heal|p2a: Vileplume|175/269|[from] item: Leftovers\n|upkeep\n|turn|30\n|inactive|DylanRodz has 20 seconds left this turn.\n|inactive|DylanRodz has 15 seconds left.\n|inactive|DylanRodz has 10 seconds left.\n|\n|t:|1732983535\n|move|p1a: Empoleon|Flip Turn|p2a: Vileplume\n|-resisted|p2a: Vileplume\n|-damage|p2a: Vileplume|162/269\n|inactive|DylanRodz has 15 seconds left this turn.\n|\n|t:|1732983539\n|switch|p1a: Rotom|Rotom-Wash, L82|216/216|[from] Flip Turn\n|move|p2a: Vileplume|Leech Seed|p1a: Rotom\n|-start|p1a: Rotom|move: Leech Seed\n|\n|-heal|p2a: Vileplume|178/269|[from] item: Leftovers\n|-damage|p1a: Rotom|189/216|[from] Leech Seed|[of] p2a: Vileplume\n|-heal|p2a: Vileplume|205/269|[silent]\n|-sideend|p1: DylanRodz|move: Tailwind\n|-sideend|p2: zhangkun2001|move: Aurora Veil\n|upkeep\n|turn|31\n|inactive|DylanRodz has 25 seconds left this turn.\n|inactive|DylanRodz has 20 seconds left.\n|inactive|DylanRodz has 15 seconds left.\n|inactive|DylanRodz has 10 seconds left.\n|inactive|DylanRodz has 5 seconds left.\n|\n|t:|1732983563\n|move|p1a: Rotom|Thunderbolt|p2a: Vileplume\n|-resisted|p2a: Vileplume\n|-damage|p2a: Vileplume|159/269\n|move|p2a: Vileplume|Giga Drain|p1a: Rotom\n|-supereffective|p1a: Rotom\n|-damage|p1a: Rotom|37/216\n|-heal|p2a: Vileplume|235/269|[from] drain|[of] p1a: Rotom\n|\n|-heal|p1a: Rotom|50/216|[from] item: Leftovers\n|-heal|p2a: Vileplume|251/269|[from] item: Leftovers\n|-damage|p1a: Rotom|23/216|[from] Leech Seed|[of] p2a: Vileplume\n|-heal|p2a: Vileplume|269/269|[silent]\n|upkeep\n|turn|32\n|inactive|DylanRodz has 15 seconds left this turn.\n|inactive|DylanRodz has 10 seconds left.\n|inactive|DylanRodz has 5 seconds left.\n|\n|t:|1732983576\n|move|p1a: Rotom|Volt Switch|p2a: Vileplume\n|-resisted|p2a: Vileplume\n|-damage|p2a: Vileplume|234/269\n|inactive|DylanRodz has 10 seconds left this turn.\n|\n|t:|1732983580\n|switch|p1a: Empoleon|Empoleon, L84, F|204/278|[from] Volt Switch\n|move|p2a: Vileplume|Giga Drain|p1a: Empoleon\n|-damage|p1a: Empoleon|119/278\n|-heal|p2a: Vileplume|269/269|[from] drain|[of] p1a: Empoleon\n|\n|-heal|p1a: Empoleon|136/278|[from] item: Leftovers\n|upkeep\n|turn|33\n|inactive|DylanRodz has 20 seconds left this turn.\n|inactive|DylanRodz has 15 seconds left.\n|inactive|DylanRodz has 10 seconds left.\n|\n|t:|1732983591\n|-terastallize|p1a: Empoleon|Flying\n|move|p1a: Empoleon|Roost|p1a: Empoleon\n|-heal|p1a: Empoleon|275/278\n|-hint|If a Terastallized Pokemon uses Roost, it remains Flying-type.\n|move|p2a: Vileplume|Giga Drain|p1a: Empoleon\n|-resisted|p1a: Empoleon\n|-damage|p1a: Empoleon|231/278\n|\n|-heal|p1a: Empoleon|248/278|[from] item: Leftovers\n|upkeep\n|turn|34\n|inactive|DylanRodz has 20 seconds left this turn.\n|inactive|DylanRodz has 15 seconds left.\n|inactive|DylanRodz has 10 seconds left.\n|\n|t:|1732983606\n|switch|p2a: Mismagius|Mismagius, L86, M|243/243\n|move|p1a: Empoleon|Surf|p2a: Mismagius\n|-damage|p2a: Mismagius|144/243\n|\n|-heal|p2a: Mismagius|159/243|[from] item: Leftovers\n|-heal|p1a: Empoleon|265/278|[from] item: Leftovers\n|upkeep\n|turn|35\n|inactive|DylanRodz has 20 seconds left this turn.\n|inactive|DylanRodz has 15 seconds left.\n|inactive|DylanRodz has 10 seconds left.\n|\n|t:|1732983617\n|move|p2a: Mismagius|Shadow Ball|p1a: Empoleon\n|-damage|p1a: Empoleon|178/278\n|move|p1a: Empoleon|Surf|p2a: Mismagius\n|-damage|p2a: Mismagius|71/243\n|\n|-heal|p2a: Mismagius|86/243|[from] item: Leftovers\n|-heal|p1a: Empoleon|195/278|[from] item: Leftovers\n|upkeep\n|turn|36\n|inactive|DylanRodz has 20 seconds left this turn.\n|inactive|DylanRodz has 15 seconds left.\n|\n|t:|1732983628\n|move|p2a: Mismagius|Shadow Ball|p1a: Empoleon\n|-damage|p1a: Empoleon|116/278\n|move|p1a: Empoleon|Surf|p2a: Mismagius\n|-damage|p2a: Mismagius|0 fnt\n|faint|p2a: Mismagius\n|\n|-heal|p1a: Empoleon|133/278|[from] item: Leftovers\n|upkeep\n|inactive|DylanRodz has 20 seconds left this turn.\n|\n|t:|1732983639\n|switch|p2a: Ninetales|Ninetales-Alola, L78, M|181/242\n|-weather|Snow|[from] ability: Snow Warning|[of] p2a: Ninetales\n|turn|37\n|inactive|DylanRodz has 30 seconds left this turn.\n|\n|t:|1732983645\n|move|p2a: Ninetales|Aurora Veil|p2a: Ninetales\n|-sidestart|p2: zhangkun2001|move: Aurora Veil\n|move|p1a: Empoleon|Roost|p1a: Empoleon\n|-heal|p1a: Empoleon|272/278\n|-hint|If a Terastallized Pokemon uses Roost, it remains Flying-type.\n|\n|-weather|Snow|[upkeep]\n|-heal|p1a: Empoleon|278/278|[from] item: Leftovers\n|upkeep\n|turn|38\n|inactive|DylanRodz has 30 seconds left.\n|\n|t:|1732983653\n|move|p2a: Ninetales|Blizzard|p1a: Empoleon\n|-supereffective|p1a: Empoleon\n|-damage|p1a: Empoleon|120/278\n|move|p1a: Empoleon|Surf|p2a: Ninetales\n|-damage|p2a: Ninetales|125/242\n|\n|-weather|Snow|[upkeep]\n|-heal|p1a: Empoleon|137/278|[from] item: Leftovers\n|upkeep\n|turn|39\n|\n|t:|1732983663\n|move|p2a: Ninetales|Blizzard|p1a: Empoleon\n|-supereffective|p1a: Empoleon\n|-damage|p1a: Empoleon|0 fnt\n|faint|p1a: Empoleon\n|\n|-weather|Snow|[upkeep]\n|upkeep\n|\n|t:|1732983670\n|switch|p1a: Rotom|Rotom-Wash, L82|23/216\n|turn|40\n|inactive|DylanRodz has 30 seconds left.\n|\n|t:|1732983687\n|switch|p2a: Vileplume|Vileplume, L86, F|269/269\n|move|p1a: Rotom|Thunderbolt|p2a: Vileplume\n|-resisted|p2a: Vileplume\n|-damage|p2a: Vileplume|245/269\n|\n|-weather|Snow|[upkeep]\n|-heal|p1a: Rotom|36/216|[from] item: Leftovers\n|-heal|p2a: Vileplume|261/269|[from] item: Leftovers\n|upkeep\n|turn|41\n|inactive|DylanRodz has 30 seconds left.\n|\n|t:|1732983698\n|move|p1a: Rotom|Pain Split|p2a: Vileplume\n|-sethp|p2a: Vileplume|148/269|[from] move: Pain Split|[silent]\n|-sethp|p1a: Rotom|148/216|[from] move: Pain Split\n|move|p2a: Vileplume|Leech Seed|p1a: Rotom\n|-start|p1a: Rotom|move: Leech Seed\n|\n|-weather|none\n|-heal|p1a: Rotom|161/216|[from] item: Leftovers\n|-heal|p2a: Vileplume|164/269|[from] item: Leftovers\n|-damage|p1a: Rotom|134/216|[from] Leech Seed|[of] p2a: Vileplume\n|-heal|p2a: Vileplume|191/269|[silent]\n|upkeep\n|turn|42\n|inactive|DylanRodz has 30 seconds left.\n|\n|t:|1732983711\n|move|p1a: Rotom|Hydro Pump|p2a: Vileplume\n|-resisted|p2a: Vileplume\n|-damage|p2a: Vileplume|164/269\n|move|p2a: Vileplume|Giga Drain|p1a: Rotom\n|-supereffective|p1a: Rotom\n|-damage|p1a: Rotom|0 fnt\n|-heal|p2a: Vileplume|231/269|[from] drain|[of] p1a: Rotom\n|faint|p1a: Rotom\n|\n|win|zhangkun2001\n|raw|DylanRodz's rating: 1070 &rarr; <strong>1049</strong><br />(-21 for losing)\n|raw|zhangkun2001's rating: 1055 &rarr; <strong>1088</strong><br />(+33 for winning)\n|l|\u2606DylanRodz\n|player|p1|\n", "inputlog": ">version b107d77f5c90bd6555267ae244a6264823309ead\n>start {\"formatid\":\"gen9randombattle\",\"seed\":[18633,1251,60315,62902],\"rated\":\"Rated battle\"}\n>player p1 {\"name\":\"DylanRodz\",\"avatar\":\"266\",\"rating\":1070,\"seed\":[42971,57704,33642,15535]}\n>player p2 {\"name\":\"zhangkun2001\",\"avatar\":\"169\",\"rating\":1055,\"seed\":[45934,3160,54591,45220]}\n>p1 switch 4\n>p2 move nastyplot\n>p1 move nastyplot\n>p2 move shadowball\n>p1 move psychic\n>p2 switch 2\n>p1 switch 3\n>p2 move knockoff\n>p1 move knockoff\n>p2 move dragondance terastallize\n>p1 move lowkick\n>p2 move knockoff\n>p1 move knockoff\n>p2 move earthquake\n>p2 switch 3\n>p1 switch 4\n>p2 move blizzard\n>p1 move quiverdance\n>p2 move auroraveil\n>p1 move bugbuzz\n>p2 move moonblast\n>p1 move quiverdance\n>p2 switch 6\n>p1 move fierydance\n>p2 move closecombat\n>p1 move bugbuzz\n>p2 move crunch\n>p1 switch 2\n>p1 move darkpulse\n>p2 move playrough\n>p2 switch 4\n>p1 move nastyplot\n>p2 move leechseed\n>p1 move darkpulse\n>p2 move gigadrain\n>p1 move sludgebomb\n>p2 move strengthsap\n>p1 switch 3\n>p2 move gigadrain\n>p1 move psychic\n>p2 move leechseed\n>p1 move psychic\n>p2 switch 5\n>p1 move thunderbolt\n>p2 move dualwingbeat\n>p1 move thunderbolt\n>p2 move dualwingbeat\n>p2 switch 6\n>p1 move thunderbolt\n>p2 move auroraveil\n>p1 move psychic\n>p2 move blizzard\n>p1 switch 6\n>p1 move roar\n>p2 move moonblast\n>p1 move flipturn\n>p2 switch 5\n>p1 switch 4\n>p1 move tailwind\n>p2 move gigadrain\n>p1 switch 3\n>p1 move darkpulse\n>p2 move gigadrain\n>p1 switch 4\n>p1 move surf\n>p2 move gigadrain\n>p1 move flipturn\n>p2 move leechseed\n>p1 switch 5\n>p1 move thunderbolt\n>p2 move gigadrain\n>p1 move voltswitch\n>p2 move gigadrain\n>p1 switch 5\n>p1 move roost terastallize\n>p2 move gigadrain\n>p1 move surf\n>p2 switch 5\n>p1 move surf\n>p2 move shadowball\n>p1 move surf\n>p2 move shadowball\n>p2 switch 2\n>p1 move roost\n>p2 move auroraveil\n>p1 move surf\n>p2 move blizzard\n>p1 move surf\n>p2 move blizzard\n>p1 switch 5\n>p1 move thunderbolt\n>p2 switch 5\n>p1 move painsplit\n>p2 move leechseed\n>p1 move hydropump\n>p2 move gigadrain", "uploadtime": 1732983724, "views": 6, "formatid": "gen9randombattle", "rating": 1049, "private": 0, "password": null}