{"id": "gen9randombattle-2253807733", "format": "[Gen 9] Random Battle", "players": ["lilidae", "URRRGL"], "log": "|j|\u2606lilidae\n|j|\u2606URRRGL\n|t:|1732941345\n|gametype|singles\n|player|p1|lilidae|schoolkidf-gen4|1695\n|player|p2|URRRGL|wallace|1690\n|teamsize|p1|6\n|teamsize|p2|6\n|gen|9\n|tier|[Gen 9] Random Battle\n|rated|\n|rule|Species Clause: Limit one of each Pok\u00e9mon\n|rule|HP Percentage Mod: HP is shown in percentages\n|rule|Sleep Clause Mod: Limit one foe put to sleep\n|rule|Illusion Level Mod: Illusion disguises the Pok\u00e9mon's true level\n|\n|t:|1732941345\n|start\n|switch|p1a: Salamence|Salamence, L77, F|273/273\n|switch|p2a: Florges|Florges-Blue, L85, F|271/271\n|turn|1\n|\n|t:|1732941436\n|switch|p1a: Tinkaton|Tinkaton, L82, F|274/274\n|-ability|p1a: Tinkaton|Mold Breaker\n|move|p2a: Florges|Moonblast|p1a: Tinkaton\n|-resisted|p1a: Tinkaton\n|-damage|p1a: Tinkaton|220/274\n|\n|-heal|p1a: Tinkaton|237/274|[from] item: Leftovers\n|upkeep\n|turn|2\n|\n|t:|1732941451\n|switch|p2a: Uxie|Uxie, L83|260/260\n|move|p1a: Tinkaton|Stealth Rock|p2a: Uxie\n|-sidestart|p2: URRRGL|move: Stealth Rock\n|\n|-heal|p1a: Tinkaton|254/274|[from] item: Leftovers\n|upkeep\n|turn|3\n|\n|t:|1732941457\n|move|p2a: Uxie|Encore|p1a: Tinkaton\n|-start|p1a: Tinkaton|Encore\n|move|p1a: Tinkaton|Stealth Rock||[still]\n|-fail|p1a: Tinkaton\n|\n|-heal|p1a: Tinkaton|271/274|[from] item: Leftovers\n|upkeep\n|turn|4\n|\n|t:|1732941467\n|switch|p1a: Hydreigon|Hydreigon, L79, M|275/275\n|move|p2a: Uxie|Stealth Rock|p1a: Hydreigon\n|-sidestart|p1: lilidae|move: Stealth Rock\n|\n|upkeep\n|turn|5\n|\n|t:|1732941473\n|switch|p2a: Florges|Florges-Blue, L85, F|271/271\n|-damage|p2a: Florges|238/271|[from] Stealth Rock\n|move|p1a: Hydreigon|Dark Pulse|p2a: Florges\n|-resisted|p2a: Florges\n|-damage|p2a: Florges|198/271\n|-damage|p1a: Hydreigon|248/275|[from] item: Life Orb\n|\n|-heal|p2a: Florges|214/271|[from] item: Leftovers\n|upkeep\n|turn|6\n|\n|t:|1732941483\n|switch|p1a: Tinkaton|Tinkaton, L82, F|271/274\n|-damage|p1a: Tinkaton|254/274|[from] Stealth Rock\n|-ability|p1a: Tinkaton|Mold Breaker\n|move|p2a: Florges|Wish|p2a: Florges\n|\n|-heal|p1a: Tinkaton|271/274|[from] item: Leftovers\n|-heal|p2a: Florges|230/271|[from] item: Leftovers\n|upkeep\n|turn|7\n|\n|t:|1732941491\n|switch|p2a: Azumarill|Azumarill, L82, F|298/298\n|-damage|p2a: Azumarill|261/298|[from] Stealth Rock\n|move|p1a: Tinkaton|Knock Off|p2a: Azumarill\n|-resisted|p2a: Azumarill\n|-damage|p2a: Azumarill|231/298\n|-enditem|p2a: Azumarill|Choice Band|[from] move: Knock Off|[of] p1a: Tinkaton\n|\n|-heal|p2a: Azumarill|298/298|[from] move: Wish|[wisher] Florges\n|-heal|p1a: Tinkaton|274/274|[from] item: Leftovers\n|upkeep\n|turn|8\n|\n|t:|1732941510\n|move|p1a: Tinkaton|Gigaton Hammer|p2a: Azumarill\n|-damage|p2a: Azumarill|154/298\n|move|p2a: Azumarill|Knock Off|p1a: Tinkaton\n|-resisted|p1a: Tinkaton\n|-damage|p1a: Tinkaton|230/274\n|-enditem|p1a: Tinkaton|Leftovers|[from] move: Knock Off|[of] p2a: Azumarill\n|\n|upkeep\n|turn|9\n|\n|t:|1732941518\n|move|p1a: Tinkaton|Play Rough|p2a: Azumarill\n|-damage|p2a: Azumarill|75/298\n|move|p2a: Azumarill|Liquidation|p1a: Tinkaton\n|-damage|p1a: Tinkaton|119/274\n|\n|upkeep\n|turn|10\n|\n|t:|1732941525\n|move|p2a: Azumarill|Aqua Jet|p1a: Tinkaton\n|-damage|p1a: Tinkaton|64/274\n|move|p1a: Tinkaton|Gigaton Hammer|p2a: Azumarill\n|-damage|p2a: Azumarill|0 fnt\n|faint|p2a: Azumarill\n|\n|upkeep\n|\n|t:|1732941536\n|switch|p2a: Uxie|Uxie, L83|260/260\n|-damage|p2a: Uxie|228/260|[from] Stealth Rock\n|turn|11\n|\n|t:|1732941539\n|switch|p1a: Hydreigon|Hydreigon, L79, M|248/275\n|-damage|p1a: Hydreigon|214/275|[from] Stealth Rock\n|move|p2a: Uxie|Encore||[still]\n|-fail|p2a: Uxie\n|\n|-heal|p2a: Uxie|244/260|[from] item: Leftovers\n|upkeep\n|turn|12\n|\n|t:|1732941543\n|move|p2a: Uxie|Knock Off|p1a: Hydreigon\n|-resisted|p1a: Hydreigon\n|-damage|p1a: Hydreigon|186/275\n|-enditem|p1a: Hydreigon|Life Orb|[from] move: Knock Off|[of] p2a: Uxie\n|move|p1a: Hydreigon|Nasty Plot|p1a: Hydreigon\n|-boost|p1a: Hydreigon|spa|2\n|\n|-heal|p2a: Uxie|260/260|[from] item: Leftovers\n|upkeep\n|turn|13\n|\n|t:|1732941550\n|move|p2a: Uxie|Encore|p1a: Hydreigon\n|-start|p1a: Hydreigon|Encore\n|move|p1a: Hydreigon|Nasty Plot|p1a: Hydreigon\n|-boost|p1a: Hydreigon|spa|2\n|\n|upkeep\n|turn|14\n|\n|t:|1732941554\n|switch|p2a: Florges|Florges-Blue, L85, F|230/271\n|-damage|p2a: Florges|197/271|[from] Stealth Rock\n|switch|p1a: Tinkaton|Tinkaton, L82, F|64/274\n|-damage|p1a: Tinkaton|47/274|[from] Stealth Rock\n|-ability|p1a: Tinkaton|Mold Breaker\n|\n|-heal|p2a: Florges|213/271|[from] item: Leftovers\n|upkeep\n|turn|15\n|\n|t:|1732941564\n|move|p2a: Florges|Protect|p2a: Florges\n|-singleturn|p2a: Florges|Protect\n|move|p1a: Tinkaton|Gigaton Hammer|p2a: Florges\n|-activate|p2a: Florges|move: Protect\n|\n|-heal|p2a: Florges|229/271|[from] item: Leftovers\n|upkeep\n|turn|16\n|\n|t:|1732941569\n|move|p1a: Tinkaton|Knock Off|p2a: Florges\n|-resisted|p2a: Florges\n|-damage|p2a: Florges|198/271\n|-enditem|p2a: Florges|Leftovers|[from] move: Knock Off|[of] p1a: Tinkaton\n|move|p2a: Florges|Wish|p2a: Florges\n|\n|upkeep\n|turn|17\n|\n|t:|1732941573\n|move|p1a: Tinkaton|Gigaton Hammer|p2a: Florges\n|-supereffective|p2a: Florges\n|-damage|p2a: Florges|0 fnt\n|faint|p2a: Florges\n|\n|upkeep\n|\n|t:|1732941578\n|switch|p2a: Zarude|Zarude, L78|292/292\n|-damage|p2a: Zarude|256/292|[from] Stealth Rock\n|turn|18\n|\n|t:|1732941584\n|move|p2a: Zarude|Close Combat|p1a: Tinkaton\n|-damage|p1a: Tinkaton|0 fnt\n|-unboost|p2a: Zarude|def|1\n|-unboost|p2a: Zarude|spd|1\n|faint|p1a: Tinkaton\n|\n|upkeep\n|\n|t:|1732941602\n|switch|p1a: Salamence|Salamence, L77, F|273/273\n|turn|19\n|\n|t:|1732941607\n|switch|p2a: Uxie|Uxie, L83|260/260\n|-damage|p2a: Uxie|228/260|[from] Stealth Rock\n|move|p1a: Salamence|Dragon Dance|p1a: Salamence\n|-boost|p1a: Salamence|atk|1\n|-boost|p1a: Salamence|spe|1\n|\n|-heal|p2a: Uxie|244/260|[from] item: Leftovers\n|upkeep\n|turn|20\n|\n|t:|1732941614\n|move|p1a: Salamence|Dual Wingbeat|p2a: Uxie|[miss]\n|-miss|p1a: Salamence|p2a: Uxie\n|move|p2a: Uxie|Knock Off|p1a: Salamence\n|-damage|p1a: Salamence|212/273\n|-enditem|p1a: Salamence|Heavy-Duty Boots|[from] move: Knock Off|[of] p2a: Uxie\n|\n|-heal|p2a: Uxie|260/260|[from] item: Leftovers\n|upkeep\n|turn|21\n|\n|t:|1732941620\n|move|p1a: Salamence|Dual Wingbeat|p2a: Uxie\n|-damage|p2a: Uxie|205/260\n|-damage|p2a: Uxie|156/260\n|-hitcount|p2a: Uxie|2\n|move|p2a: Uxie|Psychic Noise|p1a: Salamence\n|-damage|p1a: Salamence|136/273\n|-start|p1a: Salamence|move: Heal Block\n|\n|-heal|p2a: Uxie|172/260|[from] item: Leftovers\n|upkeep\n|turn|22\n|\n|t:|1732941632\n|move|p1a: Salamence|Outrage|p2a: Uxie\n|-damage|p2a: Uxie|12/260\n|move|p2a: Uxie|Psychic Noise|p1a: Salamence\n|-crit|p1a: Salamence\n|-damage|p1a: Salamence|15/273\n|\n|-heal|p2a: Uxie|28/260|[from] item: Leftovers\n|-end|p1a: Salamence|move: Heal Block\n|upkeep\n|turn|23\n|\n|t:|1732941644\n|move|p1a: Salamence|Outrage|p2a: Uxie|[from]lockedmove\n|-damage|p2a: Uxie|0 fnt\n|faint|p2a: Uxie\n|-ability|p1a: Salamence|Moxie|boost\n|-boost|p1a: Salamence|atk|1\n|\n|upkeep\n|\n|t:|1732941652\n|switch|p2a: Zarude|Zarude, L78|256/292\n|-damage|p2a: Zarude|220/292|[from] Stealth Rock\n|turn|24\n|\n|t:|1732941655\n|move|p2a: Zarude|Close Combat|p1a: Salamence\n|-resisted|p1a: Salamence\n|-damage|p1a: Salamence|0 fnt\n|-unboost|p2a: Zarude|def|1\n|-unboost|p2a: Zarude|spd|1\n|faint|p1a: Salamence\n|\n|upkeep\n|\n|t:|1732941663\n|switch|p1a: Sinistcha|Sinistcha, L83|254/254\n|-damage|p1a: Sinistcha|223/254|[from] Stealth Rock\n|turn|25\n|\n|t:|1732941666\n|switch|p2a: Beartic|Beartic, L91, M|321/321\n|-damage|p2a: Beartic|241/321|[from] Stealth Rock\n|move|p1a: Sinistcha|Calm Mind|p1a: Sinistcha\n|-boost|p1a: Sinistcha|spa|1\n|-boost|p1a: Sinistcha|spd|1\n|\n|-heal|p1a: Sinistcha|238/254|[from] item: Leftovers\n|upkeep\n|turn|26\n|\n|t:|1732941691\n|-terastallize|p1a: Sinistcha|Steel\n|move|p1a: Sinistcha|Calm Mind|p1a: Sinistcha\n|-boost|p1a: Sinistcha|spa|1\n|-boost|p1a: Sinistcha|spd|1\n|move|p2a: Beartic|Icicle Crash|p1a: Sinistcha\n|-resisted|p1a: Sinistcha\n|-damage|p1a: Sinistcha|157/254\n|\n|-heal|p1a: Sinistcha|172/254|[from] item: Leftovers\n|upkeep\n|turn|27\n|\n|t:|1732941700\n|switch|p2a: Raging Bolt|Raging Bolt, L78|323/323\n|-damage|p2a: Raging Bolt|283/323|[from] Stealth Rock\n|move|p1a: Sinistcha|Strength Sap|p2a: Raging Bolt\n|-unboost|p2a: Raging Bolt|atk|1\n|-heal|p1a: Sinistcha|254/254\n|\n|upkeep\n|turn|28\n|\n|t:|1732941708\n|move|p1a: Sinistcha|Shadow Ball|p2a: Raging Bolt\n|-damage|p2a: Raging Bolt|133/323\n|move|p2a: Raging Bolt|Discharge|p1a: Sinistcha\n|-damage|p1a: Sinistcha|199/254\n|\n|-heal|p1a: Sinistcha|214/254|[from] item: Leftovers\n|upkeep\n|turn|29\n|\n|t:|1732941715\n|move|p2a: Raging Bolt|Thunderclap|p1a: Sinistcha\n|-damage|p1a: Sinistcha|165/254\n|move|p1a: Sinistcha|Matcha Gotcha|p2a: Raging Bolt\n|-resisted|p2a: Raging Bolt\n|-damage|p2a: Raging Bolt|63/323\n|-heal|p1a: Sinistcha|200/254|[from] drain|[of] p2a: Raging Bolt\n|\n|-heal|p1a: Sinistcha|215/254|[from] item: Leftovers\n|upkeep\n|turn|30\n|\n|t:|1732941721\n|move|p2a: Raging Bolt|Thunderclap||[still]\n|-fail|p2a: Raging Bolt\n|move|p1a: Sinistcha|Calm Mind|p1a: Sinistcha\n|-boost|p1a: Sinistcha|spa|1\n|-boost|p1a: Sinistcha|spd|1\n|\n|-heal|p1a: Sinistcha|230/254|[from] item: Leftovers\n|upkeep\n|turn|31\n|\n|t:|1732941725\n|move|p1a: Sinistcha|Matcha Gotcha|p2a: Raging Bolt\n|-resisted|p2a: Raging Bolt\n|-damage|p2a: Raging Bolt|0 fnt\n|-heal|p1a: Sinistcha|254/254|[from] drain|[of] p2a: Raging Bolt\n|faint|p2a: Raging Bolt\n|-end|p2a: Raging Bolt|Protosynthesis|[silent]\n|\n|upkeep\n|\n|t:|1732941728\n|switch|p2a: Zarude|Zarude, L78|220/292\n|-damage|p2a: Zarude|184/292|[from] Stealth Rock\n|turn|32\n|\n|t:|1732941733\n|-terastallize|p2a: Zarude|Fighting\n|move|p2a: Zarude|Close Combat|p1a: Sinistcha\n|-supereffective|p1a: Sinistcha\n|-damage|p1a: Sinistcha|2/254\n|-unboost|p2a: Zarude|def|1\n|-unboost|p2a: Zarude|spd|1\n|move|p1a: Sinistcha|Strength Sap|p2a: Zarude\n|-unboost|p2a: Zarude|atk|1\n|-heal|p1a: Sinistcha|234/254\n|\n|-heal|p1a: Sinistcha|249/254|[from] item: Leftovers\n|upkeep\n|turn|33\n|-message|URRRGL forfeited.\n|\n|win|lilidae\n|raw|lilidae's rating: 1695 &rarr; <strong>1715</strong><br />(+20 for winning)\n|raw|URRRGL's rating: 1690 &rarr; <strong>1670</strong><br />(-20 for losing)\n|l|\u2606URRRGL\n|player|p2|\n", "inputlog": ">version b107d77f5c90bd6555267ae244a6264823309ead\n>start {\"formatid\":\"gen9randombattle\",\"seed\":[64655,49850,60326,52329],\"rated\":\"Rated battle\"}\n>player p1 {\"name\":\"lilidae\",\"avatar\":\"schoolkidf-gen4\",\"rating\":1695,\"seed\":[27853,61086,40752,42059]}\n>player p2 {\"name\":\"URRRGL\",\"avatar\":\"wallace\",\"rating\":1690,\"seed\":[13601,51260,23001,11930]}\n>p1 switch 6\n>p2 move moonblast\n>p1 move stealthrock\n>p2 switch 3\n>p1 move knockoff\n>p2 move encore\n>p1 switch 2\n>p2 move stealthrock\n>p1 move darkpulse\n>p2 switch 3\n>p1 switch 2\n>p2 move wish\n>p1 move knockoff\n>p2 switch 2\n>p1 move gigatonhammer\n>p2 move knockoff\n>p1 move playrough\n>p2 move liquidation\n>p1 move gigatonhammer\n>p2 move aquajet\n>p2 switch 3\n>p1 switch 2\n>p2 move encore\n>p1 move nastyplot\n>p2 move knockoff\n>p1 move darkpulse\n>p2 move encore\n>p1 switch 2\n>p2 switch 2\n>p1 move gigatonhammer\n>p2 move protect\n>p1 move knockoff\n>p2 move wish\n>p1 move gigatonhammer\n>p2 move moonblast\n>p2 switch 5\n>p1 move playrough\n>p2 move closecombat\n>p1 switch 6\n>p1 move dragondance\n>p2 switch 2\n>p1 move dualwingbeat\n>p2 move knockoff\n>p1 move dualwingbeat\n>p2 move psychicnoise\n>p1 move outrage\n>p2 move psychicnoise\n>p1 move outrage\n>p2 move psychicnoise\n>p2 switch 2\n>p1 move outrage\n>p2 move closecombat\n>p1 switch 3\n>p1 move calmmind\n>p2 switch 6\n>p1 move calmmind terastallize\n>p2 move iciclecrash\n>p1 move strengthsap\n>p2 switch 4\n>p1 move shadowball\n>p2 move discharge\n>p1 move matchagotcha\n>p2 move thunderclap\n>p1 move calmmind\n>p2 move thunderclap\n>p1 move matchagotcha\n>p2 move discharge\n>p2 switch 6\n>p1 move strengthsap\n>p2 move closecombat terastallize\n>forcelose p2", "uploadtime": 1732941753, "views": 21, "formatid": "gen9randombattle", "rating": 1670, "private": 0, "password": null}