{"id": "gen9randombattle-2253834715", "format": "[Gen 9] Random Battle", "players": ["Td-titan", "Freaky79"], "log": "|j|\u2606Td-titan\n|j|\u2606Freaky79\n|t:|1732945745\n|gametype|singles\n|player|p1|Td-titan|1|1274\n|player|p2|Freaky79|2|1325\n|teamsize|p1|6\n|teamsize|p2|6\n|gen|9\n|tier|[Gen 9] Random Battle\n|rated|\n|rule|Species Clause: Limit one of each Pok\u00e9mon\n|rule|HP Percentage Mod: HP is shown in percentages\n|rule|Sleep Clause Mod: Limit one foe put to sleep\n|rule|Illusion Level Mod: Illusion disguises the Pok\u00e9mon's true level\n|\n|t:|1732945745\n|start\n|switch|p1a: Dedenne|Dedenne, L88, M|261/261\n|switch|p2a: Landorus|Landorus, L75, M|257/257\n|turn|1\n|\n|t:|1732945761\n|move|p1a: Dedenne|Super Fang|p2a: Landorus\n|-damage|p2a: Landorus|129/257\n|move|p2a: Landorus|Rock Slide|p1a: Dedenne\n|-damage|p1a: Dedenne|148/261\n|\n|upkeep\n|turn|2\n|\n|t:|1732945768\n|move|p1a: Dedenne|U-turn|p2a: Landorus\n|-resisted|p2a: Landorus\n|-damage|p2a: Landorus|108/257\n|\n|t:|1732945783\n|switch|p1a: Flamigo|Flamigo, L82, M|269/269|[from] U-turn\n|move|p2a: Landorus|Earth Power|p1a: Flamigo\n|-immune|p1a: Flamigo\n|\n|upkeep\n|turn|3\n|inactive|Battle timer is ON: inactive players will automatically lose when time's up. (requested by Freaky79)\n|\n|t:|1732945802\n|move|p1a: Flamigo|Brave Bird|p2a: Landorus\n|-damage|p2a: Landorus|0 fnt\n|faint|p2a: Landorus\n|-damage|p1a: Flamigo|233/269|[from] Recoil\n|-damage|p1a: Flamigo|207/269|[from] item: Life Orb\n|\n|upkeep\n|\n|t:|1732945822\n|switch|p2a: Arceus|Arceus, L68|276/276\n|turn|4\n|\n|t:|1732945832\n|-terastallize|p2a: Arceus|Ghost\n|move|p2a: Arceus|Swords Dance|p2a: Arceus\n|-boost|p2a: Arceus|atk|2\n|move|p1a: Flamigo|Close Combat|p2a: Arceus\n|-damage|p2a: Arceus|115/276\n|-unboost|p1a: Flamigo|def|1\n|-unboost|p1a: Flamigo|spd|1\n|-damage|p1a: Flamigo|181/269|[from] item: Life Orb\n|\n|-heal|p2a: Arceus|132/276|[from] item: Leftovers\n|upkeep\n|turn|5\n|c|\u2606Freaky79|Wtf\n|c|\u2606Freaky79|thats a glitch\n|inactive|Freaky79 has 120 seconds left.\n|\n|t:|1732945878\n|move|p2a: Arceus|Recover|p2a: Arceus\n|-heal|p2a: Arceus|270/276\n|move|p1a: Flamigo|Close Combat|p2a: Arceus\n|-damage|p2a: Arceus|95/276\n|-unboost|p1a: Flamigo|def|1\n|-unboost|p1a: Flamigo|spd|1\n|-damage|p1a: Flamigo|155/269|[from] item: Life Orb\n|\n|-heal|p2a: Arceus|112/276|[from] item: Leftovers\n|upkeep\n|turn|6\n|\n|t:|1732945889\n|move|p2a: Arceus|Extreme Speed|p1a: Flamigo\n|-damage|p1a: Flamigo|0 fnt\n|faint|p1a: Flamigo\n|\n|-heal|p2a: Arceus|129/276|[from] item: Leftovers\n|upkeep\n|\n|t:|1732945903\n|switch|p1a: Sableye|Sableye, L90, M|236/236\n|turn|7\n|inactive|Freaky79 has 120 seconds left.\n|\n|t:|1732945921\n|move|p1a: Sableye|Encore|p2a: Arceus\n|-start|p2a: Arceus|Encore\n|move|p2a: Arceus|Extreme Speed|p1a: Sableye\n|-immune|p1a: Sableye\n|\n|-heal|p2a: Arceus|146/276|[from] item: Leftovers\n|upkeep\n|turn|8\n|inactive|Freaky79 has 90 seconds left.\n|\n|t:|1732945953\n|switch|p2a: Iron Jugulis|Iron Jugulis, L78|275/275\n|move|p1a: Sableye|Thunder Wave|p2a: Iron Jugulis\n|-hint|Since gen 7, Dark is immune to Prankster moves.\n|-immune|p2a: Iron Jugulis\n|\n|upkeep\n|turn|9\n|inactive|Freaky79 has 90 seconds left.\n|\n|t:|1732945977\n|switch|p1a: Galvantula|Galvantula, L82, F|249/249\n|move|p2a: Iron Jugulis|Hurricane|p1a: Galvantula\n|-damage|p1a: Galvantula|95/249\n|-start|p1a: Galvantula|confusion\n|\n|upkeep\n|turn|10\n|\n|t:|1732945990\n|move|p2a: Iron Jugulis|Hurricane|p1a: Galvantula\n|-damage|p1a: Galvantula|0 fnt\n|faint|p1a: Galvantula\n|\n|upkeep\n|\n|t:|1732945997\n|switch|p1a: Dedenne|Dedenne, L88, M|148/261\n|turn|11\n|inactive|Freaky79 has 90 seconds left.\n|\n|t:|1732946009\n|-end|p2a: Iron Jugulis|Quark Drive|[silent]\n|switch|p2a: Arceus|Arceus, L68, tera:Ghost|146/276\n|move|p1a: Dedenne|Super Fang|p2a: Arceus\n|-immune|p2a: Arceus\n|\n|-heal|p2a: Arceus|163/276|[from] item: Leftovers\n|upkeep\n|turn|12\n|inactive|Freaky79 has 90 seconds left.\n|\n|t:|1732946020\n|move|p1a: Dedenne|U-turn|p2a: Arceus\n|-resisted|p2a: Arceus\n|-damage|p2a: Arceus|145/276\n|\n|t:|1732946027\n|switch|p1a: Sableye|Sableye, L90, M|236/236|[from] U-turn\n|move|p2a: Arceus|Swords Dance|p2a: Arceus\n|-boost|p2a: Arceus|atk|2\n|\n|-heal|p2a: Arceus|162/276|[from] item: Leftovers\n|upkeep\n|turn|13\n|inactive|Freaky79 has 90 seconds left.\n|\n|t:|1732946063\n|switch|p2a: Iron Jugulis|Iron Jugulis, L78|275/275\n|move|p1a: Sableye|Knock Off|p2a: Iron Jugulis\n|-resisted|p2a: Iron Jugulis\n|-damage|p2a: Iron Jugulis|225/275\n|-enditem|p2a: Iron Jugulis|Choice Scarf|[from] move: Knock Off|[of] p1a: Sableye\n|\n|upkeep\n|turn|14\n|\n|t:|1732946077\n|switch|p1a: Dedenne|Dedenne, L88, M|148/261\n|move|p2a: Iron Jugulis|Dark Pulse|p1a: Dedenne\n|-resisted|p1a: Dedenne\n|-damage|p1a: Dedenne|93/261\n|-enditem|p1a: Dedenne|Sitrus Berry|[eat]\n|-heal|p1a: Dedenne|158/261|[from] item: Sitrus Berry\n|-heal|p1a: Dedenne|245/261|[from] ability: Cheek Pouch\n|\n|upkeep\n|turn|15\n|inactive|Freaky79 has 60 seconds left.\n|\n|t:|1732946121\n|-end|p2a: Iron Jugulis|Quark Drive|[silent]\n|switch|p2a: Arceus|Arceus, L68, tera:Ghost|162/276\n|move|p1a: Dedenne|Thunderbolt|p2a: Arceus\n|-damage|p2a: Arceus|78/276\n|\n|-heal|p2a: Arceus|95/276|[from] item: Leftovers\n|upkeep\n|turn|16\n|inactive|Td-titan has 120 seconds left.\n|\n|t:|1732946146\n|move|p1a: Dedenne|U-turn|p2a: Arceus\n|-resisted|p2a: Arceus\n|-damage|p2a: Arceus|77/276\n|\n|t:|1732946149\n|switch|p1a: Sableye|Sableye, L90, M|236/236|[from] U-turn\n|move|p2a: Arceus|Recover|p2a: Arceus\n|-heal|p2a: Arceus|215/276\n|\n|-heal|p2a: Arceus|232/276|[from] item: Leftovers\n|upkeep\n|turn|17\n|inactive|Td-titan has 120 seconds left.\n|\n|t:|1732946166\n|switch|p2a: Iron Jugulis|Iron Jugulis, L78|225/275\n|move|p1a: Sableye|Knock Off|p2a: Iron Jugulis\n|-resisted|p2a: Iron Jugulis\n|-damage|p2a: Iron Jugulis|188/275\n|\n|upkeep\n|turn|18\n|\n|t:|1732946178\n|switch|p1a: Dedenne|Dedenne, L88, M|245/261\n|move|p2a: Iron Jugulis|Hurricane|p1a: Dedenne\n|-resisted|p1a: Dedenne\n|-damage|p1a: Dedenne|180/261\n|\n|upkeep\n|turn|19\n|\n|t:|1732946189\n|-end|p2a: Iron Jugulis|Quark Drive|[silent]\n|switch|p2a: Arceus|Arceus, L68, tera:Ghost|232/276\n|move|p1a: Dedenne|Thunderbolt|p2a: Arceus\n|-damage|p2a: Arceus|150/276\n|\n|-heal|p2a: Arceus|167/276|[from] item: Leftovers\n|upkeep\n|turn|20\n|\n|t:|1732946198\n|move|p1a: Dedenne|U-turn|p2a: Arceus\n|-resisted|p2a: Arceus\n|-damage|p2a: Arceus|148/276\n|\n|t:|1732946202\n|switch|p1a: Sableye|Sableye, L90, M|236/236|[from] U-turn\n|move|p2a: Arceus|Shadow Claw|p1a: Sableye\n|-damage|p1a: Sableye|175/236\n|\n|-heal|p2a: Arceus|165/276|[from] item: Leftovers\n|-heal|p1a: Sableye|189/236|[from] item: Leftovers\n|upkeep\n|turn|21\n|inactive|Freaky79 has 60 seconds left.\n|\n|t:|1732946223\n|switch|p2a: Cacturne|Cacturne, L92, F|278/278\n|switch|p1a: Venomoth|Venomoth, L84, M|255/255\n|\n|upkeep\n|turn|22\n|\n|t:|1732946235\n|switch|p2a: Hitmonchan|Hitmonchan, L87, M|229/229\n|move|p1a: Venomoth|Quiver Dance|p1a: Venomoth\n|-boost|p1a: Venomoth|spa|1\n|-boost|p1a: Venomoth|spd|1\n|-boost|p1a: Venomoth|spe|1\n|\n|upkeep\n|turn|23\n|\n|t:|1732946249\n|move|p1a: Venomoth|Sleep Powder|p2a: Hitmonchan\n|-status|p2a: Hitmonchan|slp|[from] move: Sleep Powder\n|cant|p2a: Hitmonchan|slp\n|\n|upkeep\n|turn|24\n|inactive|Freaky79 has 30 seconds left.\n|\n|t:|1732946286\n|switch|p2a: Arceus|Arceus, L68, tera:Ghost|165/276\n|move|p1a: Venomoth|Quiver Dance|p1a: Venomoth\n|-boost|p1a: Venomoth|spa|1\n|-boost|p1a: Venomoth|spd|1\n|-boost|p1a: Venomoth|spe|1\n|\n|-heal|p2a: Arceus|182/276|[from] item: Leftovers\n|upkeep\n|turn|25\n|inactive|Freaky79 has 30 seconds left.\n|\n|t:|1732946303\n|move|p1a: Venomoth|Sludge Wave|p2a: Arceus\n|-resisted|p2a: Arceus\n|-damage|p2a: Arceus|6/276\n|move|p2a: Arceus|Shadow Claw|p1a: Venomoth\n|-damage|p1a: Venomoth|174/255\n|\n|-heal|p2a: Arceus|23/276|[from] item: Leftovers\n|upkeep\n|turn|26\n|inactive|Freaky79 has 30 seconds left.\n|inactive|Freaky79 has 20 seconds left.\n|\n|t:|1732946329\n|move|p2a: Arceus|Extreme Speed|p1a: Venomoth\n|-damage|p1a: Venomoth|86/255\n|move|p1a: Venomoth|Bug Buzz|p2a: Arceus\n|-resisted|p2a: Arceus\n|-damage|p2a: Arceus|0 fnt\n|faint|p2a: Arceus\n|\n|upkeep\n|inactive|Freaky79 has 25 seconds left this turn.\n|inactive|Freaky79 has 20 seconds left.\n|inactive|Freaky79 has 15 seconds left.\n|inactive|Freaky79 has 10 seconds left.\n|inactive|Freaky79 has 5 seconds left.\n|\n|t:|1732946353\n|switch|p2a: Iron Jugulis|Iron Jugulis, L78|188/275\n|turn|27\n|inactive|Freaky79 has 15 seconds left this turn.\n|inactive|Freaky79 has 10 seconds left.\n|\n|t:|1732946364\n|move|p1a: Venomoth|Sludge Wave|p2a: Iron Jugulis\n|-damage|p2a: Iron Jugulis|0 fnt\n|faint|p2a: Iron Jugulis\n|-end|p2a: Iron Jugulis|Quark Drive|[silent]\n|\n|upkeep\n|inactive|Freaky79 has 15 seconds left this turn.\n|inactive|Freaky79 has 10 seconds left.\n|\n|t:|1732946370\n|switch|p2a: Cacturne|Cacturne, L92, F|278/278\n|turn|28\n|inactive|Freaky79 has 20 seconds left this turn.\n|\n|t:|1732946374\n|move|p2a: Cacturne|Sucker Punch|p1a: Venomoth\n|-damage|p1a: Venomoth|0 fnt\n|faint|p1a: Venomoth\n|-damage|p2a: Cacturne|251/278|[from] item: Life Orb\n|\n|upkeep\n|inactive|Freaky79 has 25 seconds left this turn.\n|\n|t:|1732946385\n|switch|p1a: Skuntank|Skuntank, L84, M|310/310\n|turn|29\n|inactive|Freaky79 has 30 seconds left.\n|inactive|Freaky79 has 20 seconds left.\n|\n|t:|1732946402\n|switch|p2a: Hitmonchan|Hitmonchan, L87, M|229/229 slp\n|move|p1a: Skuntank|Gunk Shot|p2a: Hitmonchan\n|-damage|p2a: Hitmonchan|57/229 slp\n|-damage|p1a: Skuntank|279/310|[from] item: Life Orb\n|\n|-heal|p2a: Hitmonchan|71/229 slp|[from] item: Leftovers\n|upkeep\n|turn|30\n|inactive|Freaky79 has 30 seconds left this turn.\n|\n|t:|1732946414\n|move|p1a: Skuntank|Gunk Shot|p2a: Hitmonchan\n|-damage|p2a: Hitmonchan|0 fnt\n|faint|p2a: Hitmonchan\n|-damage|p1a: Skuntank|248/310|[from] item: Life Orb\n|\n|upkeep\n|\n|t:|1732946416\n|switch|p2a: Feraligatr|Feraligatr, L79, M|264/264\n|turn|31\n|\n|t:|1732946423\n|move|p1a: Skuntank|Knock Off|p2a: Feraligatr\n|-damage|p2a: Feraligatr|130/264\n|-enditem|p2a: Feraligatr|Life Orb|[from] move: Knock Off|[of] p1a: Skuntank\n|-damage|p1a: Skuntank|217/310|[from] item: Life Orb\n|move|p2a: Feraligatr|Dragon Dance|p2a: Feraligatr\n|-boost|p2a: Feraligatr|atk|1\n|-boost|p2a: Feraligatr|spe|1\n|\n|upkeep\n|turn|32\n|\n|t:|1732946441\n|move|p1a: Skuntank|Sucker Punch|p2a: Feraligatr\n|-damage|p2a: Feraligatr|40/264\n|-damage|p1a: Skuntank|186/310|[from] item: Life Orb\n|move|p2a: Feraligatr|Liquidation|p1a: Skuntank\n|-damage|p1a: Skuntank|0 fnt\n|-damage|p2a: Feraligatr|0 fnt|[from] ability: Aftermath|[of] p1a: Skuntank\n|faint|p1a: Skuntank\n|faint|p2a: Feraligatr\n|\n|upkeep\n|\n|t:|1732946455\n|switch|p1a: Dedenne|Dedenne, L88, M|180/261\n|switch|p2a: Cacturne|Cacturne, L92, F|251/278\n|turn|33\n|\n|t:|1732946466\n|move|p1a: Dedenne|Dazzling Gleam|p2a: Cacturne\n|-supereffective|p2a: Cacturne\n|-damage|p2a: Cacturne|35/278\n|move|p2a: Cacturne|Leaf Storm|p1a: Dedenne\n|-damage|p1a: Dedenne|0 fnt\n|-unboost|p2a: Cacturne|spa|2\n|faint|p1a: Dedenne\n|-damage|p2a: Cacturne|8/278|[from] item: Life Orb\n|\n|upkeep\n|\n|t:|1732946476\n|switch|p1a: Sableye|Sableye, L90, M|189/236\n|turn|34\n|inactive|Freaky79 has 60 seconds left.\n|\n|t:|1732946487\n|-terastallize|p1a: Sableye|Steel\n|move|p2a: Cacturne|Knock Off|p1a: Sableye\n|-damage|p1a: Sableye|4/236\n|-enditem|p1a: Sableye|Leftovers|[from] move: Knock Off|[of] p2a: Cacturne\n|-damage|p2a: Cacturne|0 fnt|[from] item: Life Orb\n|faint|p2a: Cacturne\n|\n|win|Td-titan\n|raw|Td-titan's rating: 1274 &rarr; <strong>1303</strong><br />(+29 for winning)\n|raw|Freaky79's rating: 1325 &rarr; <strong>1302</strong><br />(-23 for losing)\n", "inputlog": ">version b107d77f5c90bd6555267ae244a6264823309ead\n>start {\"formatid\":\"gen9randombattle\",\"seed\":[19854,16604,1523,52847],\"rated\":\"Rated battle\"}\n>player p1 {\"name\":\"Td-titan\",\"avatar\":\"1\",\"rating\":1274,\"seed\":[25626,18816,51711,64037]}\n>player p2 {\"name\":\"Freaky79\",\"avatar\":\"2\",\"rating\":1325,\"seed\":[24666,29735,20757,7712]}\n>p1 move superfang\n>p2 move rockslide\n>p1 move uturn\n>p2 move earthpower\n>p1 switch 6\n>p1 move bravebird\n>p2 move rockslide\n>p2 switch 4\n>p1 move closecombat\n>p2 move swordsdance terastallize\n>chat \u2606Freaky79|Wtf\n>chat \u2606Freaky79|thats a glitch\n>p1 move closecombat\n>p2 move recover\n>p1 move closecombat\n>p2 move extremespeed\n>p1 switch 4\n>p1 move encore\n>p2 move recover\n>p1 move thunderwave\n>p2 switch 3\n>p1 switch 5\n>p2 move hurricane\n>p1 move bugbuzz\n>p2 move hurricane\n>p1 switch 6\n>p1 move superfang\n>p2 switch 3\n>p1 move uturn\n>p2 move swordsdance\n>p1 switch 5\n>p1 move knockoff\n>p2 switch 3\n>p1 switch 5\n>p2 move darkpulse\n>p1 move thunderbolt\n>p2 switch 3\n>p1 move uturn\n>p2 move recover\n>p1 switch 5\n>p1 move knockoff\n>p2 switch 3\n>p1 switch 5\n>p2 move hurricane\n>p1 move thunderbolt\n>p2 switch 3\n>p1 move uturn\n>p2 move shadowclaw\n>p1 switch 5\n>p1 switch 2\n>p2 switch 2\n>p1 move quiverdance\n>p2 switch 6\n>p1 move sleeppowder\n>p2 move drainpunch\n>p1 move quiverdance\n>p2 switch 2\n>p1 move sludgewave\n>p2 move shadowclaw\n>p1 move bugbuzz\n>p2 move extremespeed\n>p2 switch 3\n>p1 move sludgewave\n>p2 move fireblast\n>p2 switch 6\n>p1 move bugbuzz\n>p2 move suckerpunch\n>p1 switch 3\n>p1 move gunkshot\n>p2 switch 2\n>p1 move gunkshot\n>p2 move drainpunch\n>p2 switch 5\n>p1 move knockoff\n>p2 move dragondance\n>p1 move suckerpunch\n>p2 move liquidation\n>p1 switch 5\n>p2 switch 2\n>p1 move dazzlinggleam\n>p2 move leafstorm\n>p1 switch 2\n>p1 move knockoff terastallize\n>p2 move knockoff", "uploadtime": 1732946504, "views": 9, "formatid": "gen9randombattle", "rating": 1302, "private": 0, "password": null}