{"id": "gen9randombattle-2254146369", "format": "[Gen 9] Random Battle", "players": ["Emilpup", "jordie13"], "log": "|j|\u2606Emilpup\n|j|\u2606jordie13\n|t:|1732996907\n|gametype|singles\n|player|p1|Emilpup|leon-tower|1520\n|player|p2|jordie13|red|1560\n|teamsize|p1|6\n|teamsize|p2|6\n|gen|9\n|tier|[Gen 9] Random Battle\n|rated|\n|rule|Species Clause: Limit one of each Pok\u00e9mon\n|rule|HP Percentage Mod: HP is shown in percentages\n|rule|Sleep Clause Mod: Limit one foe put to sleep\n|rule|Illusion Level Mod: Illusion disguises the Pok\u00e9mon's true level\n|\n|t:|1732996907\n|start\n|switch|p1a: Suicune|Suicune, L82|298/298\n|switch|p2a: Whiscash|Whiscash, L88, M|337/337\n|-ability|p1a: Suicune|Pressure\n|turn|1\n|inactive|Battle timer is ON: inactive players will automatically lose when time's up. (requested by Emilpup)\n|\n|t:|1732996922\n|move|p1a: Suicune|Substitute|p1a: Suicune\n|-start|p1a: Suicune|Substitute\n|-damage|p1a: Suicune|224/298\n|move|p2a: Whiscash|Stealth Rock|p1a: Suicune\n|-sidestart|p1: Emilpup|move: Stealth Rock\n|\n|-heal|p1a: Suicune|242/298|[from] item: Leftovers\n|upkeep\n|turn|2\n|\n|t:|1732996930\n|move|p1a: Suicune|Protect|p1a: Suicune\n|-singleturn|p1a: Suicune|Protect\n|move|p2a: Whiscash|Earthquake|p1a: Suicune\n|-activate|p1a: Suicune|move: Protect\n|\n|-heal|p1a: Suicune|260/298|[from] item: Leftovers\n|upkeep\n|turn|3\n|\n|t:|1732996937\n|switch|p2a: Thundurus|Thundurus-Therian, L80, M|258/258\n|move|p1a: Suicune|Calm Mind|p1a: Suicune\n|-boost|p1a: Suicune|spa|1\n|-boost|p1a: Suicune|spd|1\n|\n|-heal|p1a: Suicune|278/298|[from] item: Leftovers\n|upkeep\n|turn|4\n|\n|t:|1732996946\n|move|p2a: Thundurus|Nasty Plot|p2a: Thundurus\n|-boost|p2a: Thundurus|spa|2\n|move|p1a: Suicune|Scald|p2a: Thundurus\n|-damage|p2a: Thundurus|132/258\n|\n|-heal|p1a: Suicune|296/298|[from] item: Leftovers\n|upkeep\n|turn|5\n|\n|t:|1732996948\n|move|p2a: Thundurus|Thunderbolt|p1a: Suicune\n|-supereffective|p1a: Suicune\n|-end|p1a: Suicune|Substitute\n|move|p1a: Suicune|Scald|p2a: Thundurus\n|-damage|p2a: Thundurus|2/258\n|\n|-heal|p1a: Suicune|298/298|[from] item: Leftovers\n|upkeep\n|turn|6\n|\n|t:|1732996953\n|move|p2a: Thundurus|Thunderbolt|p1a: Suicune\n|-supereffective|p1a: Suicune\n|-damage|p1a: Suicune|28/298\n|-status|p1a: Suicune|par\n|move|p1a: Suicune|Scald|p2a: Thundurus\n|-damage|p2a: Thundurus|0 fnt\n|faint|p2a: Thundurus\n|\n|-heal|p1a: Suicune|46/298 par|[from] item: Leftovers\n|upkeep\n|\n|t:|1732996978\n|switch|p2a: Sunflora|Sunflora, F|312/312\n|turn|7\n|\n|t:|1732996992\n|move|p1a: Suicune|Protect|p1a: Suicune\n|-singleturn|p1a: Suicune|Protect\n|move|p2a: Sunflora|Leaf Storm|p1a: Suicune\n|-activate|p1a: Suicune|move: Protect\n|\n|-heal|p1a: Suicune|64/298 par|[from] item: Leftovers\n|upkeep\n|turn|8\n|\n|t:|1732997009\n|switch|p1a: Grafaiai|Grafaiai, L86, M|249/249\n|-damage|p1a: Grafaiai|218/249|[from] Stealth Rock\n|move|p2a: Sunflora|Leaf Storm|p1a: Grafaiai|[miss]\n|-miss|p2a: Sunflora|p1a: Grafaiai\n|\n|upkeep\n|turn|9\n|\n|t:|1732997015\n|switch|p2a: Whiscash|Whiscash, L88, M|337/337\n|move|p1a: Grafaiai|Knock Off|p2a: Whiscash\n|-damage|p2a: Whiscash|256/337\n|-enditem|p2a: Whiscash|Leftovers|[from] move: Knock Off|[of] p1a: Grafaiai\n|\n|upkeep\n|turn|10\n|\n|t:|1732997020\n|move|p1a: Grafaiai|U-turn|p2a: Whiscash\n|-crit|p2a: Whiscash\n|-damage|p2a: Whiscash|165/337\n|\n|t:|1732997029\n|switch|p1a: Suicune|Suicune, L82|64/298 par|[from] U-turn\n|-damage|p1a: Suicune|27/298 par|[from] Stealth Rock\n|-ability|p1a: Suicune|Pressure\n|move|p2a: Whiscash|Earthquake|p1a: Suicune\n|-damage|p1a: Suicune|0 fnt\n|faint|p1a: Suicune\n|\n|upkeep\n|\n|t:|1732997042\n|switch|p1a: Gogoat|Gogoat, L88, F|360/360\n|-damage|p1a: Gogoat|315/360|[from] Stealth Rock\n|turn|11\n|\n|t:|1732997053\n|switch|p2a: Sunflora|Sunflora, F|312/312\n|move|p1a: Gogoat|Horn Leech|p2a: Sunflora\n|-resisted|p2a: Sunflora\n|-damage|p2a: Sunflora|258/312\n|-heal|p1a: Gogoat|342/360|[from] drain|[of] p2a: Sunflora\n|\n|-heal|p1a: Gogoat|360/360|[from] item: Leftovers\n|upkeep\n|turn|12\n|\n|t:|1732997061\n|switch|p1a: Grafaiai|Grafaiai, L86, M|218/249\n|-damage|p1a: Grafaiai|187/249|[from] Stealth Rock\n|move|p2a: Sunflora|Sludge Bomb|p1a: Grafaiai\n|-resisted|p1a: Grafaiai\n|-damage|p1a: Grafaiai|135/249\n|\n|upkeep\n|turn|13\n|\n|t:|1732997068\n|switch|p2a: Solgaleo|Solgaleo, L74|325/325\n|move|p1a: Grafaiai|Gunk Shot|p2a: Solgaleo\n|-immune|p2a: Solgaleo\n|\n|upkeep\n|turn|14\n|\n|t:|1732997075\n|move|p1a: Grafaiai|Super Fang|p2a: Solgaleo\n|-damage|p2a: Solgaleo|163/325\n|move|p2a: Solgaleo|Sunsteel Strike|p1a: Grafaiai\n|-damage|p1a: Grafaiai|0 fnt\n|faint|p1a: Grafaiai\n|\n|-heal|p2a: Solgaleo|183/325|[from] item: Leftovers\n|upkeep\n|\n|t:|1732997080\n|switch|p1a: Talonflame|Talonflame, L84, M|268/268\n|turn|15\n|\n|t:|1732997089\n|switch|p2a: Swanna|Swanna, L88, M|275/275\n|move|p1a: Talonflame|Flare Blitz|p2a: Swanna\n|-resisted|p2a: Swanna\n|-damage|p2a: Swanna|211/275\n|-damage|p1a: Talonflame|247/268|[from] Recoil\n|\n|upkeep\n|turn|16\n|\n|t:|1732997098\n|switch|p1a: Alcremie|Alcremie-Caramel-Swirl, L90, F|263/263\n|-damage|p1a: Alcremie|231/263|[from] Stealth Rock\n|move|p2a: Swanna|Hydro Pump|p1a: Alcremie\n|-damage|p1a: Alcremie|146/263\n|\n|-heal|p1a: Alcremie|162/263|[from] item: Leftovers\n|upkeep\n|turn|17\n|\n|t:|1732997105\n|move|p2a: Swanna|Brave Bird|p1a: Alcremie\n|-damage|p1a: Alcremie|33/263\n|-damage|p2a: Swanna|168/275|[from] Recoil\n|move|p1a: Alcremie|Recover|p1a: Alcremie\n|-heal|p1a: Alcremie|165/263\n|\n|-heal|p1a: Alcremie|181/263|[from] item: Leftovers\n|upkeep\n|turn|18\n|\n|t:|1732997116\n|move|p2a: Swanna|Brave Bird|p1a: Alcremie\n|-damage|p1a: Alcremie|48/263\n|-damage|p2a: Swanna|124/275|[from] Recoil\n|move|p1a: Alcremie|Recover|p1a: Alcremie\n|-heal|p1a: Alcremie|180/263\n|\n|-heal|p1a: Alcremie|196/263|[from] item: Leftovers\n|upkeep\n|turn|19\n|\n|t:|1732997124\n|move|p2a: Swanna|Roost|p2a: Swanna\n|-heal|p2a: Swanna|262/275\n|-singleturn|p2a: Swanna|move: Roost\n|move|p1a: Alcremie|Alluring Voice|p2a: Swanna\n|-damage|p2a: Swanna|135/275\n|\n|-heal|p1a: Alcremie|212/263|[from] item: Leftovers\n|upkeep\n|turn|20\n|\n|t:|1732997141\n|switch|p2a: Solgaleo|Solgaleo, L74|183/325\n|move|p1a: Alcremie|Psyshock|p2a: Solgaleo\n|-resisted|p2a: Solgaleo\n|-damage|p2a: Solgaleo|166/325\n|\n|-heal|p2a: Solgaleo|186/325|[from] item: Leftovers\n|-heal|p1a: Alcremie|228/263|[from] item: Leftovers\n|upkeep\n|turn|21\n|\n|t:|1732997154\n|switch|p1a: Gogoat|Gogoat, L88, F|360/360\n|-damage|p1a: Gogoat|315/360|[from] Stealth Rock\n|move|p2a: Solgaleo|Sunsteel Strike|p1a: Gogoat\n|-damage|p1a: Gogoat|174/360\n|\n|-heal|p2a: Solgaleo|206/325|[from] item: Leftovers\n|-heal|p1a: Gogoat|196/360|[from] item: Leftovers\n|upkeep\n|turn|22\n|\n|t:|1732997164\n|move|p2a: Solgaleo|Sunsteel Strike|p1a: Gogoat\n|-damage|p1a: Gogoat|66/360\n|move|p1a: Gogoat|Horn Leech|p2a: Solgaleo\n|-resisted|p2a: Solgaleo\n|-damage|p2a: Solgaleo|164/325\n|-heal|p1a: Gogoat|87/360|[from] drain|[of] p2a: Solgaleo\n|\n|-heal|p2a: Solgaleo|184/325|[from] item: Leftovers\n|-heal|p1a: Gogoat|109/360|[from] item: Leftovers\n|upkeep\n|turn|23\n|\n|t:|1732997172\n|move|p2a: Solgaleo|Sunsteel Strike|p1a: Gogoat\n|-crit|p1a: Gogoat\n|-damage|p1a: Gogoat|0 fnt\n|faint|p1a: Gogoat\n|\n|-heal|p2a: Solgaleo|204/325|[from] item: Leftovers\n|upkeep\n|\n|t:|1732997177\n|switch|p1a: Talonflame|Talonflame, L84, M|247/268\n|turn|24\n|\n|t:|1732997191\n|switch|p2a: Whiscash|Whiscash, L88, M|165/337\n|move|p1a: Talonflame|Swords Dance|p1a: Talonflame\n|-boost|p1a: Talonflame|atk|2\n|\n|upkeep\n|turn|25\n|\n|t:|1732997195\n|move|p1a: Talonflame|Brave Bird|p2a: Whiscash\n|-damage|p2a: Whiscash|0 fnt\n|faint|p2a: Whiscash\n|-damage|p1a: Talonflame|193/268|[from] Recoil\n|\n|upkeep\n|\n|t:|1732997203\n|switch|p2a: Cinderace|Cinderace, L77, M|249/249\n|turn|26\n|\n|t:|1732997218\n|-terastallize|p1a: Talonflame|Ground\n|move|p1a: Talonflame|Flare Blitz|p2a: Cinderace\n|-resisted|p2a: Cinderace\n|-damage|p2a: Cinderace|111/249\n|-damage|p1a: Talonflame|147/268|[from] Recoil\n|move|p2a: Cinderace|Gunk Shot|p1a: Talonflame\n|-start|p2a: Cinderace|typechange|Poison|[from] ability: Libero\n|-resisted|p1a: Talonflame\n|-damage|p1a: Talonflame|39/268\n|\n|upkeep\n|turn|27\n|\n|t:|1732997247\n|move|p1a: Talonflame|Tera Blast|p2a: Cinderace|[anim] Tera Blast Ground\n|-supereffective|p2a: Cinderace\n|-damage|p2a: Cinderace|0 fnt\n|faint|p2a: Cinderace\n|\n|upkeep\n|\n|t:|1732997272\n|switch|p2a: Swanna|Swanna, L88, M|135/275\n|turn|28\n|\n|t:|1732997284\n|move|p1a: Talonflame|Brave Bird|p2a: Swanna\n|-damage|p2a: Swanna|0 fnt\n|faint|p2a: Swanna\n|-damage|p1a: Talonflame|0 fnt|[from] Recoil\n|faint|p1a: Talonflame\n|\n|upkeep\n|\n|t:|1732997290\n|switch|p1a: Necrozma|Necrozma-Dusk-Mane, L69|248/248\n|switch|p2a: Solgaleo|Solgaleo, L74|204/325\n|-damage|p1a: Necrozma|233/248|[from] Stealth Rock\n|turn|29\n|\n|t:|1732997300\n|move|p2a: Solgaleo|Morning Sun|p2a: Solgaleo\n|-heal|p2a: Solgaleo|325/325\n|move|p1a: Necrozma|Dragon Dance|p1a: Necrozma\n|-boost|p1a: Necrozma|atk|1\n|-boost|p1a: Necrozma|spe|1\n|\n|upkeep\n|turn|30\n|\n|t:|1732997306\n|move|p1a: Necrozma|Dragon Dance|p1a: Necrozma\n|-boost|p1a: Necrozma|atk|1\n|-boost|p1a: Necrozma|spe|1\n|move|p2a: Solgaleo|Knock Off|p1a: Necrozma\n|-supereffective|p1a: Necrozma\n|-damage|p1a: Necrozma|130/248\n|-enditem|p1a: Necrozma|Weakness Policy\n|-boost|p1a: Necrozma|atk|2|[from] item: Weakness Policy\n|-boost|p1a: Necrozma|spa|2|[from] item: Weakness Policy\n|\n|upkeep\n|turn|31\n|\n|t:|1732997311\n|move|p1a: Necrozma|Earthquake|p2a: Solgaleo\n|-supereffective|p2a: Solgaleo\n|-damage|p2a: Solgaleo|0 fnt\n|faint|p2a: Solgaleo\n|\n|upkeep\n|\n|t:|1732997314\n|switch|p2a: Sunflora|Sunflora, F|258/312\n|turn|32\n|\n|t:|1732997323\n|move|p1a: Necrozma|Photon Geyser|p2a: Sunflora\n|-damage|p2a: Sunflora|0 fnt\n|faint|p2a: Sunflora\n|\n|win|Emilpup\n|raw|Emilpup's rating: 1520 &rarr; <strong>1542</strong><br />(+22 for winning)\n|raw|jordie13's rating: 1560 &rarr; <strong>1538</strong><br />(-22 for losing)\n|l|\u2606jordie13\n|player|p2|\n", "inputlog": ">version b107d77f5c90bd6555267ae244a6264823309ead\n>start {\"formatid\":\"gen9randombattle\",\"seed\":[10385,4539,36991,12488],\"rated\":\"Rated battle\"}\n>player p1 {\"name\":\"Emilpup\",\"avatar\":\"leon-tower\",\"rating\":1520,\"seed\":[37311,14323,1083,62726]}\n>player p2 {\"name\":\"jordie13\",\"avatar\":\"red\",\"rating\":1560,\"seed\":[56682,28879,4682,23359]}\n>p1 move substitute\n>p2 move stealthrock\n>p1 move protect\n>p2 move earthquake\n>p1 move calmmind\n>p2 switch 4\n>p1 move scald\n>p2 move nastyplot\n>p1 move scald\n>p2 move thunderbolt\n>p1 move scald\n>p2 move thunderbolt\n>p2 switch 6\n>p1 move protect\n>p2 move leafstorm\n>p1 switch 6\n>p2 move leafstorm\n>p1 move knockoff\n>p2 switch 4\n>p1 move uturn\n>p2 move earthquake\n>p1 switch 6\n>p1 switch 2\n>p1 move hornleech\n>p2 switch 4\n>p1 switch 6\n>p2 move sludgebomb\n>p1 move gunkshot\n>p2 switch 2\n>p1 move superfang\n>p2 move sunsteelstrike\n>p1 switch 3\n>p1 move flareblitz\n>p2 switch 3\n>p1 switch 4\n>p2 move hydropump\n>p1 move recover\n>p2 move bravebird\n>p1 move recover\n>p2 move bravebird\n>p1 move alluringvoice\n>p2 move roost\n>p1 move psyshock\n>p2 switch 3\n>p1 switch 6\n>p2 move sunsteelstrike\n>p1 move hornleech\n>p2 move sunsteelstrike\n>p1 move hornleech\n>p2 move sunsteelstrike\n>p1 switch 4\n>p1 move swordsdance\n>p2 switch 4\n>p1 move bravebird\n>p2 move hydropump\n>p2 switch 5\n>p1 move flareblitz terastallize\n>p2 move gunkshot\n>p1 move terablast\n>p2 move gunkshot\n>p2 switch 3\n>p1 move bravebird\n>p2 move roost\n>p1 switch 5\n>p2 switch 4\n>p1 move dragondance\n>p2 move morningsun\n>p1 move dragondance\n>p2 move knockoff\n>p1 move earthquake\n>p2 move knockoff\n>p2 switch 2\n>p1 move photongeyser\n>p2 move earthpower", "uploadtime": 1732997329, "views": 1, "formatid": "gen9randombattle", "rating": 1538, "private": 0, "password": null}