{"id": "gen9randombattle-2253950425", "format": "[Gen 9] Random Battle", "players": ["ananananji", "Flo-ooooo"], "log": "|j|\u2606ananananji\n|j|\u2606Flo-ooooo\n|t:|1732969986\n|gametype|singles\n|player|p1|ananananji|102|2133\n|player|p2|Flo-ooooo|2|2239\n|teamsize|p1|6\n|teamsize|p2|6\n|gen|9\n|tier|[Gen 9] Random Battle\n|rated|\n|rule|Species Clause: Limit one of each Pok\u00e9mon\n|rule|HP Percentage Mod: HP is shown in percentages\n|rule|Sleep Clause Mod: Limit one foe put to sleep\n|rule|Illusion Level Mod: Illusion disguises the Pok\u00e9mon's true level\n|\n|t:|1732969986\n|start\n|switch|p1a: Bombirdier|Bombirdier, L85, M|258/258\n|switch|p2a: Eelektross|Eelektross, L87, F|290/290\n|turn|1\n|\n|t:|1732969996\n|switch|p1a: Swampert|Swampert, L83, F|302/302\n|move|p2a: Eelektross|Coil|p2a: Eelektross\n|-boost|p2a: Eelektross|atk|1\n|-boost|p2a: Eelektross|def|1\n|-boost|p2a: Eelektross|accuracy|1\n|\n|upkeep\n|turn|2\n|\n|t:|1732970002\n|move|p1a: Swampert|Knock Off|p2a: Eelektross\n|-damage|p2a: Eelektross|241/290\n|-enditem|p2a: Eelektross|Leftovers|[from] move: Knock Off|[of] p1a: Swampert\n|move|p2a: Eelektross|Coil|p2a: Eelektross\n|-boost|p2a: Eelektross|atk|1\n|-boost|p2a: Eelektross|def|1\n|-boost|p2a: Eelektross|accuracy|1\n|\n|upkeep\n|turn|3\n|\n|t:|1732970008\n|move|p1a: Swampert|Yawn|p2a: Eelektross\n|-start|p2a: Eelektross|move: Yawn|[of] p1a: Swampert\n|move|p2a: Eelektross|Drain Punch|p1a: Swampert\n|-damage|p1a: Swampert|168/302\n|-heal|p2a: Eelektross|290/290|[from] drain|[of] p1a: Swampert\n|\n|-heal|p1a: Swampert|186/302|[from] item: Leftovers\n|upkeep\n|turn|4\n|\n|t:|1732970019\n|move|p1a: Swampert|Flip Turn|p2a: Eelektross\n|-damage|p2a: Eelektross|254/290\n|\n|t:|1732970029\n|switch|p1a: Comfey|Comfey, L85, M|225/225|[from] Flip Turn\n|move|p2a: Eelektross|Fire Punch|p1a: Comfey\n|-damage|p1a: Comfey|99/225\n|\n|-heal|p1a: Comfey|113/225|[from] item: Leftovers\n|-end|p2a: Eelektross|move: Yawn|[silent]\n|-status|p2a: Eelektross|slp\n|upkeep\n|turn|5\n|\n|t:|1732970049\n|switch|p2a: Victreebel|Victreebel, L90, F|290/290\n|move|p1a: Comfey|Calm Mind|p1a: Comfey\n|-boost|p1a: Comfey|spa|1\n|-boost|p1a: Comfey|spd|1\n|\n|-heal|p1a: Comfey|127/225|[from] item: Leftovers\n|upkeep\n|turn|6\n|\n|t:|1732970073\n|-terastallize|p1a: Comfey|Ground\n|move|p1a: Comfey|Tera Blast|p2a: Victreebel|[anim] Tera Blast Ground\n|-damage|p2a: Victreebel|170/290\n|move|p2a: Victreebel|Poison Jab|p1a: Comfey\n|-resisted|p1a: Comfey\n|-damage|p1a: Comfey|57/225\n|-damage|p2a: Victreebel|141/290|[from] item: Life Orb\n|\n|-heal|p1a: Comfey|71/225|[from] item: Leftovers\n|upkeep\n|turn|7\n|\n|t:|1732970090\n|move|p1a: Comfey|Tera Blast|p2a: Victreebel|[anim] Tera Blast Ground\n|-damage|p2a: Victreebel|8/290\n|move|p2a: Victreebel|Power Whip|p1a: Comfey\n|-supereffective|p1a: Comfey\n|-damage|p1a: Comfey|0 fnt\n|faint|p1a: Comfey\n|-damage|p2a: Victreebel|0 fnt|[from] item: Life Orb\n|faint|p2a: Victreebel\n|\n|upkeep\n|\n|t:|1732970105\n|switch|p1a: Leavanny|Leavanny, L86, M|269/269\n|switch|p2a: Tyranitar|Tyranitar, L79, F|288/288\n|-weather|Sandstorm|[from] ability: Sand Stream|[of] p2a: Tyranitar\n|turn|8\n|\n|t:|1732970112\n|move|p1a: Leavanny|Sticky Web|p2a: Tyranitar\n|-sidestart|p2: Flo-ooooo|move: Sticky Web\n|move|p2a: Tyranitar|Stone Edge|p1a: Leavanny\n|-supereffective|p1a: Leavanny\n|-damage|p1a: Leavanny|3/269\n|\n|-weather|Sandstorm|[upkeep]\n|-damage|p1a: Leavanny|0 fnt|[from] Sandstorm\n|faint|p1a: Leavanny\n|upkeep\n|\n|t:|1732970117\n|switch|p1a: Swampert|Swampert, L83, F|186/302\n|turn|9\n|\n|t:|1732970123\n|move|p1a: Swampert|Flip Turn|p2a: Tyranitar\n|-supereffective|p2a: Tyranitar\n|-damage|p2a: Tyranitar|168/288\n|\n|t:|1732970128\n|switch|p1a: Bombirdier|Bombirdier, L85, M|258/258|[from] Flip Turn\n|move|p2a: Tyranitar|Knock Off|p1a: Bombirdier\n|-resisted|p1a: Bombirdier\n|-damage|p1a: Bombirdier|201/258\n|-enditem|p1a: Bombirdier|Heavy-Duty Boots|[from] move: Knock Off|[of] p2a: Tyranitar\n|\n|-weather|Sandstorm|[upkeep]\n|-damage|p1a: Bombirdier|185/258|[from] Sandstorm\n|-heal|p2a: Tyranitar|186/288|[from] item: Leftovers\n|upkeep\n|turn|10\n|\n|t:|1732970138\n|move|p1a: Bombirdier|Stealth Rock|p2a: Tyranitar\n|-sidestart|p2: Flo-ooooo|move: Stealth Rock\n|move|p2a: Tyranitar|Stealth Rock|p1a: Bombirdier\n|-sidestart|p1: ananananji|move: Stealth Rock\n|\n|-weather|Sandstorm|[upkeep]\n|-damage|p1a: Bombirdier|169/258|[from] Sandstorm\n|-heal|p2a: Tyranitar|204/288|[from] item: Leftovers\n|upkeep\n|turn|11\n|\n|t:|1732970142\n|move|p1a: Bombirdier|Knock Off|p2a: Tyranitar\n|-resisted|p2a: Tyranitar\n|-damage|p2a: Tyranitar|154/288\n|-enditem|p2a: Tyranitar|Leftovers|[from] move: Knock Off|[of] p1a: Bombirdier\n|move|p2a: Tyranitar|Dragon Tail|p1a: Bombirdier\n|-damage|p1a: Bombirdier|123/258\n|drag|p1a: Mienshao|Mienshao, L83, F|244/244\n|-damage|p1a: Mienshao|229/244|[from] Stealth Rock\n|\n|-weather|Sandstorm|[upkeep]\n|-damage|p1a: Mienshao|214/244|[from] Sandstorm\n|upkeep\n|turn|12\n|\n|t:|1732970156\n|move|p1a: Mienshao|Close Combat|p2a: Tyranitar\n|-supereffective|p2a: Tyranitar\n|-damage|p2a: Tyranitar|0 fnt\n|-unboost|p1a: Mienshao|def|1\n|-unboost|p1a: Mienshao|spd|1\n|faint|p2a: Tyranitar\n|-damage|p1a: Mienshao|190/244|[from] item: Life Orb\n|\n|-weather|none\n|upkeep\n|\n|t:|1732970170\n|switch|p2a: Koraidon|Koraidon, L64|235/235\n|-activate|p2a: Koraidon|move: Sticky Web\n|-unboost|p2a: Koraidon|spe|1\n|-damage|p2a: Koraidon|221/235|[from] Stealth Rock\n|-weather|SunnyDay|[from] ability: Orichalcum Pulse|[of] p2a: Koraidon\n|-activate|p2a: Koraidon|Orichalcum Pulse|[source]\n|turn|13\n|\n|t:|1732970173\n|move|p1a: Mienshao|Triple Axel|p2a: Koraidon\n|-supereffective|p2a: Koraidon\n|-crit|p2a: Koraidon\n|-damage|p2a: Koraidon|151/235\n|-supereffective|p2a: Koraidon\n|-damage|p2a: Koraidon|52/235\n|-supereffective|p2a: Koraidon\n|-damage|p2a: Koraidon|0 fnt\n|faint|p2a: Koraidon\n|-hitcount|p2: Koraidon|3\n|-damage|p1a: Mienshao|166/244|[from] item: Life Orb\n|\n|-weather|SunnyDay|[upkeep]\n|upkeep\n|\n|t:|1732970180\n|switch|p2a: Arceus|Arceus-Psychic, L69|280/280\n|-activate|p2a: Arceus|move: Sticky Web\n|-unboost|p2a: Arceus|spe|1\n|-damage|p2a: Arceus|245/280|[from] Stealth Rock\n|turn|14\n|\n|t:|1732970188\n|move|p1a: Mienshao|Knock Off|p2a: Arceus\n|-supereffective|p2a: Arceus\n|-damage|p2a: Arceus|102/280\n|-damage|p1a: Mienshao|142/244|[from] item: Life Orb\n|move|p2a: Arceus|Cosmic Power|p2a: Arceus\n|-boost|p2a: Arceus|def|1\n|-boost|p2a: Arceus|spd|1\n|\n|-weather|SunnyDay|[upkeep]\n|upkeep\n|turn|15\n|\n|t:|1732970191\n|move|p1a: Mienshao|Knock Off|p2a: Arceus\n|-supereffective|p2a: Arceus\n|-damage|p2a: Arceus|8/280\n|-damage|p1a: Mienshao|118/244|[from] item: Life Orb\n|move|p2a: Arceus|Recover|p2a: Arceus\n|-heal|p2a: Arceus|148/280\n|\n|-weather|SunnyDay|[upkeep]\n|upkeep\n|turn|16\n|\n|t:|1732970195\n|move|p1a: Mienshao|Knock Off|p2a: Arceus\n|-supereffective|p2a: Arceus\n|-damage|p2a: Arceus|49/280\n|-damage|p1a: Mienshao|94/244|[from] item: Life Orb\n|move|p2a: Arceus|Recover|p2a: Arceus\n|-heal|p2a: Arceus|189/280\n|\n|-weather|SunnyDay|[upkeep]\n|upkeep\n|turn|17\n|\n|t:|1732970204\n|switch|p1a: Wigglytuff|Wigglytuff, L96, M|424/424\n|-damage|p1a: Wigglytuff|371/424|[from] Stealth Rock\n|move|p2a: Arceus|Recover|p2a: Arceus\n|-heal|p2a: Arceus|280/280\n|\n|-weather|none\n|-heal|p1a: Wigglytuff|397/424|[from] item: Leftovers\n|upkeep\n|turn|18\n|\n|t:|1732970209\n|move|p1a: Wigglytuff|Thunder Wave|p2a: Arceus\n|-status|p2a: Arceus|par\n|move|p2a: Arceus|Cosmic Power|p2a: Arceus\n|-boost|p2a: Arceus|def|1\n|-boost|p2a: Arceus|spd|1\n|\n|-heal|p1a: Wigglytuff|423/424|[from] item: Leftovers\n|upkeep\n|turn|19\n|\n|t:|1732970213\n|move|p1a: Wigglytuff|Alluring Voice|p2a: Arceus\n|-crit|p2a: Arceus\n|-damage|p2a: Arceus|150/280 par\n|move|p2a: Arceus|Stored Power|p1a: Wigglytuff\n|-damage|p1a: Wigglytuff|296/424\n|\n|-heal|p1a: Wigglytuff|322/424|[from] item: Leftovers\n|upkeep\n|turn|20\n|\n|t:|1732970219\n|move|p1a: Wigglytuff|Alluring Voice|p2a: Arceus\n|-damage|p2a: Arceus|105/280 par\n|move|p2a: Arceus|Recover|p2a: Arceus\n|-heal|p2a: Arceus|245/280 par\n|\n|-heal|p1a: Wigglytuff|348/424|[from] item: Leftovers\n|upkeep\n|turn|21\n|\n|t:|1732970228\n|move|p1a: Wigglytuff|Knock Off|p2a: Arceus\n|-supereffective|p2a: Arceus\n|-crit|p2a: Arceus\n|-damage|p2a: Arceus|121/280 par\n|cant|p2a: Arceus|par\n|\n|-heal|p1a: Wigglytuff|374/424|[from] item: Leftovers\n|upkeep\n|turn|22\n|\n|t:|1732970232\n|move|p1a: Wigglytuff|Knock Off|p2a: Arceus\n|-supereffective|p2a: Arceus\n|-damage|p2a: Arceus|73/280 par\n|cant|p2a: Arceus|par\n|\n|-heal|p1a: Wigglytuff|400/424|[from] item: Leftovers\n|upkeep\n|turn|23\n|\n|t:|1732970235\n|move|p1a: Wigglytuff|Knock Off|p2a: Arceus\n|-supereffective|p2a: Arceus\n|-damage|p2a: Arceus|29/280 par\n|cant|p2a: Arceus|par\n|\n|-heal|p1a: Wigglytuff|424/424|[from] item: Leftovers\n|upkeep\n|turn|24\n|c|\u2606Flo-ooooo|Really\n|\n|t:|1732970248\n|-terastallize|p2a: Arceus|Steel\n|move|p1a: Wigglytuff|Knock Off|p2a: Arceus\n|-damage|p2a: Arceus|7/280 par\n|move|p2a: Arceus|Recover|p2a: Arceus\n|-heal|p2a: Arceus|147/280 par\n|\n|upkeep\n|turn|25\n|\n|t:|1732970251\n|move|p1a: Wigglytuff|Fire Blast|p2a: Arceus\n|-supereffective|p2a: Arceus\n|-damage|p2a: Arceus|61/280 par\n|move|p2a: Arceus|Recover|p2a: Arceus\n|-heal|p2a: Arceus|201/280 par\n|\n|upkeep\n|turn|26\n|\n|t:|1732970255\n|move|p1a: Wigglytuff|Fire Blast|p2a: Arceus\n|-supereffective|p2a: Arceus\n|-damage|p2a: Arceus|113/280 par\n|move|p2a: Arceus|Cosmic Power|p2a: Arceus\n|-boost|p2a: Arceus|def|1\n|-boost|p2a: Arceus|spd|1\n|\n|upkeep\n|turn|27\n|\n|t:|1732970258\n|move|p1a: Wigglytuff|Fire Blast|p2a: Arceus|[miss]\n|-miss|p1a: Wigglytuff|p2a: Arceus\n|move|p2a: Arceus|Recover|p2a: Arceus\n|-heal|p2a: Arceus|253/280 par\n|\n|upkeep\n|turn|28\n|\n|t:|1732970266\n|move|p1a: Wigglytuff|Fire Blast|p2a: Arceus\n|-supereffective|p2a: Arceus\n|-damage|p2a: Arceus|183/280 par\n|move|p2a: Arceus|Cosmic Power|p2a: Arceus\n|-boost|p2a: Arceus|def|1\n|-boost|p2a: Arceus|spd|1\n|\n|upkeep\n|turn|29\n|\n|t:|1732970275\n|move|p1a: Wigglytuff|Fire Blast|p2a: Arceus\n|-supereffective|p2a: Arceus\n|-damage|p2a: Arceus|125/280 par\n|cant|p2a: Arceus|par\n|\n|upkeep\n|turn|30\n|\n|t:|1732970280\n|switch|p1a: Swampert|Swampert, L83, F|186/302\n|-damage|p1a: Swampert|168/302|[from] Stealth Rock\n|move|p2a: Arceus|Recover|p2a: Arceus\n|-heal|p2a: Arceus|265/280 par\n|\n|-heal|p1a: Swampert|186/302|[from] item: Leftovers\n|upkeep\n|turn|31\n|\n|t:|1732970287\n|move|p1a: Swampert|Earthquake|p2a: Arceus\n|-supereffective|p2a: Arceus\n|-damage|p2a: Arceus|193/280 par\n|move|p2a: Arceus|Body Press|p1a: Swampert\n|-damage|p1a: Swampert|57/302\n|\n|-heal|p1a: Swampert|75/302|[from] item: Leftovers\n|upkeep\n|turn|32\n|\n|t:|1732970290\n|move|p1a: Swampert|Earthquake|p2a: Arceus\n|-supereffective|p2a: Arceus\n|-damage|p2a: Arceus|113/280 par\n|move|p2a: Arceus|Body Press|p1a: Swampert\n|-damage|p1a: Swampert|0 fnt\n|faint|p1a: Swampert\n|\n|upkeep\n|\n|t:|1732970293\n|switch|p1a: Mienshao|Mienshao, L83, F|175/244\n|-damage|p1a: Mienshao|160/244|[from] Stealth Rock\n|turn|33\n|\n|t:|1732970295\n|move|p1a: Mienshao|Close Combat|p2a: Arceus\n|-supereffective|p2a: Arceus\n|-damage|p2a: Arceus|0 fnt\n|-unboost|p1a: Mienshao|def|1\n|-unboost|p1a: Mienshao|spd|1\n|faint|p2a: Arceus\n|-damage|p1a: Mienshao|136/244|[from] item: Life Orb\n|\n|upkeep\n|\n|t:|1732970300\n|switch|p2a: Ting-Lu|Ting-Lu, L78|370/370\n|-activate|p2a: Ting-Lu|move: Sticky Web\n|-unboost|p2a: Ting-Lu|spe|1\n|-damage|p2a: Ting-Lu|347/370|[from] Stealth Rock\n|-ability|p2a: Ting-Lu|Vessel of Ruin\n|turn|34\n|\n|t:|1732970303\n|switch|p1a: Bombirdier|Bombirdier, L85, M|123/258\n|-damage|p1a: Bombirdier|59/258|[from] Stealth Rock\n|move|p2a: Ting-Lu|Earthquake|p1a: Bombirdier\n|-immune|p1a: Bombirdier\n|\n|-heal|p2a: Ting-Lu|370/370|[from] item: Leftovers\n|upkeep\n|turn|35\n|\n|t:|1732970309\n|move|p1a: Bombirdier|Roost|p1a: Bombirdier\n|-heal|p1a: Bombirdier|188/258\n|-singleturn|p1a: Bombirdier|move: Roost\n|move|p2a: Ting-Lu|Spikes|p1a: Bombirdier\n|-sidestart|p1: ananananji|Spikes\n|\n|upkeep\n|turn|36\n|\n|t:|1732970316\n|move|p1a: Bombirdier|Knock Off|p2a: Ting-Lu\n|-resisted|p2a: Ting-Lu\n|-damage|p2a: Ting-Lu|328/370\n|-enditem|p2a: Ting-Lu|Leftovers|[from] move: Knock Off|[of] p1a: Bombirdier\n|move|p2a: Ting-Lu|Whirlwind|p1a: Bombirdier\n|drag|p1a: Wigglytuff|Wigglytuff, L96, M|424/424\n|-damage|p1a: Wigglytuff|371/424|[from] Stealth Rock\n|-damage|p1a: Wigglytuff|318/424|[from] Spikes\n|\n|-heal|p1a: Wigglytuff|344/424|[from] item: Leftovers\n|upkeep\n|turn|37\n|\n|t:|1732970321\n|move|p1a: Wigglytuff|Alluring Voice|p2a: Ting-Lu\n|-supereffective|p2a: Ting-Lu\n|-damage|p2a: Ting-Lu|158/370\n|move|p2a: Ting-Lu|Earthquake|p1a: Wigglytuff\n|-damage|p1a: Wigglytuff|205/424\n|\n|-heal|p1a: Wigglytuff|231/424|[from] item: Leftovers\n|upkeep\n|turn|38\n|\n|t:|1732970324\n|move|p1a: Wigglytuff|Alluring Voice|p2a: Ting-Lu\n|-supereffective|p2a: Ting-Lu\n|-damage|p2a: Ting-Lu|0 fnt\n|faint|p2a: Ting-Lu\n|\n|-heal|p1a: Wigglytuff|257/424|[from] item: Leftovers\n|upkeep\n|\n|t:|1732970325\n|switch|p2a: Eelektross|Eelektross, L87, F|254/290 slp\n|-damage|p2a: Eelektross|218/290 slp|[from] Stealth Rock\n|turn|39\n|\n|t:|1732970330\n|move|p1a: Wigglytuff|Alluring Voice|p2a: Eelektross\n|-damage|p2a: Eelektross|124/290 slp\n|cant|p2a: Eelektross|slp\n|\n|-heal|p1a: Wigglytuff|283/424|[from] item: Leftovers\n|upkeep\n|turn|40\n|\n|t:|1732970334\n|move|p1a: Wigglytuff|Alluring Voice|p2a: Eelektross\n|-damage|p2a: Eelektross|30/290 slp\n|-curestatus|p2a: Eelektross|slp|[msg]\n|move|p2a: Eelektross|Supercell Slam|p1a: Wigglytuff\n|-damage|p1a: Wigglytuff|114/424\n|\n|-heal|p1a: Wigglytuff|140/424|[from] item: Leftovers\n|upkeep\n|turn|41\n|\n|t:|1732970337\n|move|p1a: Wigglytuff|Alluring Voice|p2a: Eelektross\n|-damage|p2a: Eelektross|0 fnt\n|faint|p2a: Eelektross\n|\n|win|ananananji\n|raw|ananananji's rating: 2133 &rarr; <strong>2159</strong><br />(+26 for winning)\n|raw|Flo-ooooo's rating: 2239 &rarr; <strong>2213</strong><br />(-26 for losing)\n", "inputlog": ">version b107d77f5c90bd6555267ae244a6264823309ead\n>start {\"formatid\":\"gen9randombattle\",\"seed\":[52212,45987,22451,48068],\"rated\":\"Rated battle\"}\n>player p1 {\"name\":\"ananananji\",\"avatar\":\"102\",\"rating\":2133,\"seed\":[50084,5615,25728,54607]}\n>player p2 {\"name\":\"Flo-ooooo\",\"avatar\":\"2\",\"rating\":2239,\"seed\":[37522,28545,35707,30763]}\n>p1 switch 2\n>p2 move coil\n>p1 move knockoff\n>p2 move coil\n>p1 move yawn\n>p2 move drainpunch\n>p1 move flipturn\n>p2 move firepunch\n>p1 switch 6\n>p1 move calmmind\n>p2 switch 3\n>p1 move terablast terastallize\n>p2 move poisonjab\n>p1 move terablast\n>p2 move powerwhip\n>p1 switch 3\n>p2 switch 6\n>p1 move stickyweb\n>p2 move stoneedge\n>p1 switch 6\n>p1 move flipturn\n>p2 move knockoff\n>p1 switch 2\n>p1 move stealthrock\n>p2 move stealthrock\n>p1 move knockoff\n>p2 move dragontail\n>p1 move closecombat\n>p2 move stoneedge\n>p2 switch 4\n>p1 move tripleaxel\n>p2 move collisioncourse\n>p2 switch 5\n>p1 move knockoff\n>p2 move cosmicpower\n>p1 move knockoff\n>p2 move recover\n>p1 move knockoff\n>p2 move recover\n>p1 switch 4\n>p2 move recover\n>p1 move thunderwave\n>p2 move cosmicpower\n>p1 move alluringvoice\n>p2 move storedpower\n>p1 move alluringvoice\n>p2 move recover\n>p1 move knockoff\n>p2 move cosmicpower\n>p1 move knockoff\n>p2 move recover\n>p1 move knockoff\n>p2 move recover\n>chat \u2606Flo-ooooo|Really\n>p1 move knockoff\n>p2 move recover terastallize\n>p1 move fireblast\n>p2 move recover\n>p1 move fireblast\n>p2 move cosmicpower\n>p1 move fireblast\n>p2 move recover\n>p1 move fireblast\n>p2 move cosmicpower\n>p1 move fireblast\n>p2 move cosmicpower\n>p1 switch 2\n>p2 move recover\n>p1 move earthquake\n>p2 move bodypress\n>p1 move earthquake\n>p2 move bodypress\n>p1 switch 4\n>p1 move closecombat\n>p2 move storedpower\n>p2 switch 2\n>p1 switch 5\n>p2 move earthquake\n>p1 move roost\n>p2 move spikes\n>p1 move knockoff\n>p2 move whirlwind\n>p1 move alluringvoice\n>p2 move earthquake\n>p1 move alluringvoice\n>p2 move whirlwind\n>p2 switch 3\n>p1 move alluringvoice\n>p2 move coil\n>p1 move alluringvoice\n>p2 move supercellslam\n>p1 move alluringvoice\n>p2 move drainpunch", "uploadtime": 1732970339, "views": 2, "formatid": "gen9randombattle", "rating": 2159, "private": 0, "password": null}