{"id": "gen9randombattle-2253963625", "format": "[Gen 9] Random Battle", "players": ["bullrunner", "hellbaby55"], "log": "|j|\u2606bullrunner\n|j|\u2606hellbaby55\n|t:|1732972340\n|gametype|singles\n|player|p1|bullrunner|bruno|1012\n|player|p2|hellbaby55|101|1000\n|teamsize|p1|6\n|teamsize|p2|6\n|gen|9\n|tier|[Gen 9] Random Battle\n|rated|\n|rule|Species Clause: Limit one of each Pok\u00e9mon\n|rule|HP Percentage Mod: HP is shown in percentages\n|rule|Sleep Clause Mod: Limit one foe put to sleep\n|rule|Illusion Level Mod: Illusion disguises the Pok\u00e9mon's true level\n|\n|t:|1732972340\n|start\n|switch|p1a: Iron Jugulis|Iron Jugulis, L78|275/275\n|switch|p2a: Necrozma|Necrozma, L80|286/286\n|turn|1\n|inactive|Battle timer is ON: inactive players will automatically lose when time's up. (requested by bullrunner)\n|\n|t:|1732972371\n|move|p1a: Iron Jugulis|Dark Pulse|p2a: Necrozma\n|-supereffective|p2a: Necrozma\n|-damage|p2a: Necrozma|145/286\n|move|p2a: Necrozma|Earth Power|p1a: Iron Jugulis\n|-immune|p1a: Iron Jugulis\n|\n|-heal|p2a: Necrozma|162/286|[from] item: Leftovers\n|upkeep\n|turn|2\n|\n|t:|1732972388\n|move|p1a: Iron Jugulis|Dark Pulse|p2a: Necrozma\n|-supereffective|p2a: Necrozma\n|-damage|p2a: Necrozma|17/286\n|move|p2a: Necrozma|Moonlight|p2a: Necrozma\n|-heal|p2a: Necrozma|160/286\n|\n|-heal|p2a: Necrozma|177/286|[from] item: Leftovers\n|upkeep\n|turn|3\n|\n|t:|1732972408\n|switch|p2a: Koraidon|Koraidon, L64|235/235\n|-weather|SunnyDay|[from] ability: Orichalcum Pulse|[of] p2a: Koraidon\n|-activate|p2a: Koraidon|Orichalcum Pulse|[source]\n|move|p1a: Iron Jugulis|Dark Pulse|p2a: Koraidon\n|-resisted|p2a: Koraidon\n|-damage|p2a: Koraidon|182/235\n|\n|-weather|SunnyDay|[upkeep]\n|upkeep\n|turn|4\n|\n|t:|1732972440\n|-end|p1a: Iron Jugulis|Quark Drive|[silent]\n|switch|p1a: Espeon|Espeon, L84, F|246/246\n|move|p2a: Koraidon|Scale Shot|p1a: Espeon|[miss]\n|-miss|p2a: Koraidon|p1a: Espeon\n|\n|-weather|SunnyDay|[upkeep]\n|upkeep\n|turn|5\n|\n|t:|1732972453\n|move|p1a: Espeon|Psychic|p2a: Koraidon\n|-supereffective|p2a: Koraidon\n|-damage|p2a: Koraidon|0 fnt\n|faint|p2a: Koraidon\n|-damage|p1a: Espeon|222/246|[from] item: Life Orb\n|\n|-weather|SunnyDay|[upkeep]\n|upkeep\n|inactive|hellbaby55 has 120 seconds left.\n|\n|t:|1732972469\n|switch|p2a: Necrozma|Necrozma, L80|177/286\n|turn|6\n|\n|t:|1732972479\n|switch|p1a: Iron Jugulis|Iron Jugulis, L78|275/275\n|move|p2a: Necrozma|Moonlight|p2a: Necrozma\n|-heal|p2a: Necrozma|286/286\n|\n|-weather|SunnyDay|[upkeep]\n|upkeep\n|turn|7\n|inactive|hellbaby55 has 120 seconds left.\n|\n|t:|1732972505\n|switch|p2a: Girafarig|Girafarig, L89, M|269/269\n|move|p1a: Iron Jugulis|Hurricane|p2a: Girafarig\n|-damage|p2a: Girafarig|170/269\n|-start|p2a: Girafarig|confusion\n|\n|-weather|none\n|upkeep\n|turn|8\n|inactive|bullrunner has 120 seconds left.\n|\n|t:|1732972535\n|-end|p1a: Iron Jugulis|Quark Drive|[silent]\n|switch|p1a: Espeon|Espeon, L84, F|222/246\n|-activate|p2a: Girafarig|confusion\n|-damage|p2a: Girafarig|143/269|[from] confusion\n|\n|upkeep\n|turn|9\n|\n|t:|1732972545\n|move|p1a: Espeon|Alluring Voice|p2a: Girafarig\n|-damage|p2a: Girafarig|69/269\n|-damage|p1a: Espeon|198/246|[from] item: Life Orb\n|-activate|p2a: Girafarig|confusion\n|move|p2a: Girafarig|Thunderbolt|p1a: Espeon\n|-damage|p1a: Espeon|140/246\n|\n|upkeep\n|turn|10\n|inactive|bullrunner has 120 seconds left.\n|\n|t:|1732972560\n|-terastallize|p2a: Girafarig|Electric\n|move|p1a: Espeon|Alluring Voice|p2a: Girafarig\n|-damage|p2a: Girafarig|0 fnt\n|faint|p2a: Girafarig\n|-damage|p1a: Espeon|116/246|[from] item: Life Orb\n|\n|upkeep\n|\n|t:|1732972569\n|switch|p2a: Necrozma|Necrozma, L80|286/286\n|turn|11\n|\n|t:|1732972577\n|switch|p1a: Iron Jugulis|Iron Jugulis, L78|275/275\n|move|p2a: Necrozma|Earth Power|p1a: Iron Jugulis\n|-immune|p1a: Iron Jugulis\n|\n|upkeep\n|turn|12\n|inactive|hellbaby55 has 120 seconds left.\n|\n|t:|1732972590\n|switch|p2a: Floatzel|Floatzel, L85, M|283/283\n|move|p1a: Iron Jugulis|Dark Pulse|p2a: Floatzel\n|-damage|p2a: Floatzel|151/283\n|\n|-heal|p2a: Floatzel|168/283|[from] item: Leftovers\n|upkeep\n|turn|13\n|inactive|hellbaby55 has 120 seconds left.\n|\n|t:|1732972603\n|move|p1a: Iron Jugulis|Dark Pulse|p2a: Floatzel\n|-damage|p2a: Floatzel|41/283\n|move|p2a: Floatzel|Ice Spinner|p1a: Iron Jugulis\n|-supereffective|p1a: Iron Jugulis\n|-damage|p1a: Iron Jugulis|135/275\n|\n|-heal|p2a: Floatzel|58/283|[from] item: Leftovers\n|upkeep\n|turn|14\n|inactive|hellbaby55 has 120 seconds left.\n|\n|t:|1732972615\n|move|p1a: Iron Jugulis|Dark Pulse|p2a: Floatzel\n|-damage|p2a: Floatzel|0 fnt\n|faint|p2a: Floatzel\n|\n|upkeep\n|\n|t:|1732972621\n|switch|p2a: Ambipom|Ambipom, L84, M|263/263\n|turn|15\n|inactive|hellbaby55 has 120 seconds left.\n|\n|t:|1732972642\n|-end|p1a: Iron Jugulis|Quark Drive|[silent]\n|switch|p1a: Heracross|Heracross, L80, M|259/259\n|move|p2a: Ambipom|Double-Edge|p1a: Heracross\n|-damage|p1a: Heracross|75/259\n|-damage|p2a: Ambipom|202/263|[from] Recoil\n|\n|upkeep\n|turn|16\n|\n|t:|1732972654\n|move|p2a: Ambipom|Knock Off|p1a: Heracross\n|-resisted|p1a: Heracross\n|-damage|p1a: Heracross|35/259\n|-enditem|p1a: Heracross|Choice Band|[from] move: Knock Off|[of] p2a: Ambipom\n|move|p1a: Heracross|Close Combat|p2a: Ambipom\n|-supereffective|p2a: Ambipom\n|-damage|p2a: Ambipom|0 fnt\n|-unboost|p1a: Heracross|def|1\n|-unboost|p1a: Heracross|spd|1\n|faint|p2a: Ambipom\n|-ability|p1a: Heracross|Moxie|boost\n|-boost|p1a: Heracross|atk|1\n|\n|upkeep\n|\n|t:|1732972666\n|switch|p2a: Flareon|Flareon, L90, F|263/263\n|turn|17\n|\n|t:|1732972674\n|move|p1a: Heracross|Earthquake|p2a: Flareon\n|-supereffective|p2a: Flareon\n|-damage|p2a: Flareon|0 fnt\n|faint|p2a: Flareon\n|-ability|p1a: Heracross|Moxie|boost\n|-boost|p1a: Heracross|atk|1\n|\n|upkeep\n|\n|t:|1732972680\n|switch|p2a: Necrozma|Necrozma, L80|286/286\n|turn|18\n|inactive|hellbaby55 has 120 seconds left.\n|\n|t:|1732972694\n|move|p1a: Heracross|Megahorn|p2a: Necrozma|[miss]\n|-miss|p1a: Heracross|p2a: Necrozma\n|move|p2a: Necrozma|Earth Power|p1a: Heracross\n|-resisted|p1a: Heracross\n|-damage|p1a: Heracross|0 fnt\n|faint|p1a: Heracross\n|\n|upkeep\n|\n|t:|1732972704\n|switch|p1a: Iron Jugulis|Iron Jugulis, L78|135/275\n|turn|19\n|\n|t:|1732972712\n|move|p1a: Iron Jugulis|Dark Pulse|p2a: Necrozma\n|-supereffective|p2a: Necrozma\n|-crit|p2a: Necrozma\n|-damage|p2a: Necrozma|66/286\n|move|p2a: Necrozma|Photon Geyser|p1a: Iron Jugulis\n|-immune|p1a: Iron Jugulis\n|\n|-heal|p2a: Necrozma|83/286|[from] item: Leftovers\n|upkeep\n|turn|20\n|\n|t:|1732972723\n|move|p1a: Iron Jugulis|Dark Pulse|p2a: Necrozma\n|-supereffective|p2a: Necrozma\n|-damage|p2a: Necrozma|0 fnt\n|faint|p2a: Necrozma\n|\n|win|bullrunner\n|raw|bullrunner's rating: 1012 &rarr; <strong>1049</strong><br />(+37 for winning)\n|raw|hellbaby55's rating: 1000 &rarr; <strong>1000</strong><br />(+0 for losing)\n|l|\u2606hellbaby55\n|player|p2|\n", "inputlog": ">version b107d77f5c90bd6555267ae244a6264823309ead\n>start {\"formatid\":\"gen9randombattle\",\"seed\":[55914,27709,9776,27358],\"rated\":\"Rated battle\"}\n>player p1 {\"name\":\"bullrunner\",\"avatar\":\"bruno\",\"rating\":1012,\"seed\":[25754,55021,35126,39290]}\n>player p2 {\"name\":\"hellbaby55\",\"avatar\":\"101\",\"rating\":1000,\"seed\":[27541,8658,30563,18996]}\n>p1 move darkpulse\n>p2 move earthpower\n>p1 move darkpulse\n>p2 move moonlight\n>p1 move darkpulse\n>p2 switch 6\n>p1 switch 2\n>p2 move scaleshot\n>p1 move psychic\n>p2 move swordsdance\n>p2 switch 6\n>p1 switch 2\n>p2 move moonlight\n>p1 move hurricane\n>p2 switch 5\n>p1 switch 2\n>p2 move shadowball\n>p1 move alluringvoice\n>p2 move thunderbolt\n>p1 move alluringvoice\n>p2 move thunderbolt terastallize\n>p2 switch 5\n>p1 switch 2\n>p2 move earthpower\n>p1 move darkpulse\n>p2 switch 2\n>p1 move darkpulse\n>p2 move icespinner\n>p1 move darkpulse\n>p2 move icespinner\n>p2 switch 4\n>p1 switch 4\n>p2 move doubleedge\n>p1 move closecombat\n>p2 move knockoff\n>p2 switch 3\n>p1 move earthquake\n>p2 move flareblitz\n>p2 switch 2\n>p1 move megahorn\n>p2 move earthpower\n>p1 switch 4\n>p1 move darkpulse\n>p2 move photongeyser\n>p1 move darkpulse\n>p2 move moonlight", "uploadtime": 1732972741, "views": 2, "formatid": "gen9randombattle", "rating": 1000, "private": 0, "password": null}