{"id": "gen9randombattle-2253975355", "format": "[Gen 9] Random Battle", "players": ["ItsMemu", "JayQuazaaa"], "log": "|j|\u2606ItsMemu\n|j|\u2606JayQuazaaa\n|t:|1732974278\n|gametype|singles\n|player|p1|ItsMemu|giovanni|\n|player|p2|JayQuazaaa|oak-gen1rb|\n|teamsize|p1|6\n|teamsize|p2|6\n|gen|9\n|tier|[Gen 9] Random Battle\n|rule|Species Clause: Limit one of each Pok\u00e9mon\n|rule|HP Percentage Mod: HP is shown in percentages\n|rule|Sleep Clause Mod: Limit one foe put to sleep\n|rule|Illusion Level Mod: Illusion disguises the Pok\u00e9mon's true level\n|\n|t:|1732974278\n|start\n|switch|p1a: Toxapex|Toxapex, L82, F|216/216\n|switch|p2a: Annihilape|Annihilape, L76, F|292/292\n|turn|1\n|j| hel_ix_55\n|\n|t:|1732974302\n|move|p2a: Annihilape|Bulk Up|p2a: Annihilape\n|-boost|p2a: Annihilape|atk|1\n|-boost|p2a: Annihilape|def|1\n|move|p1a: Toxapex|Liquidation|p2a: Annihilape\n|-damage|p2a: Annihilape|241/292\n|\n|upkeep\n|turn|2\n|\n|t:|1732974308\n|move|p2a: Annihilape|Bulk Up|p2a: Annihilape\n|-boost|p2a: Annihilape|atk|1\n|-boost|p2a: Annihilape|def|1\n|move|p1a: Toxapex|Haze|p1a: Toxapex\n|-clearallboost\n|\n|upkeep\n|turn|3\n|\n|t:|1732974319\n|move|p2a: Annihilape|Bulk Up|p2a: Annihilape\n|-boost|p2a: Annihilape|atk|1\n|-boost|p2a: Annihilape|def|1\n|move|p1a: Toxapex|Toxic Spikes|p2a: Annihilape\n|-sidestart|p2: JayQuazaaa|move: Toxic Spikes\n|\n|upkeep\n|turn|4\n|\n|t:|1732974327\n|move|p2a: Annihilape|Drain Punch|p1a: Toxapex\n|-resisted|p1a: Toxapex\n|-damage|p1a: Toxapex|177/216\n|-heal|p2a: Annihilape|261/292|[from] drain|[of] p1a: Toxapex\n|move|p1a: Toxapex|Haze|p1a: Toxapex\n|-clearallboost\n|\n|-heal|p1a: Toxapex|190/216|[from] item: Leftovers\n|upkeep\n|turn|5\n|\n|t:|1732974344\n|move|p2a: Annihilape|Bulk Up|p2a: Annihilape\n|-boost|p2a: Annihilape|atk|1\n|-boost|p2a: Annihilape|def|1\n|move|p1a: Toxapex|Liquidation|p2a: Annihilape\n|-damage|p2a: Annihilape|213/292\n|-unboost|p2a: Annihilape|def|1\n|-ability|p2a: Annihilape|Defiant|boost\n|-boost|p2a: Annihilape|atk|2\n|\n|-heal|p1a: Toxapex|203/216|[from] item: Leftovers\n|upkeep\n|turn|6\n|\n|t:|1732974358\n|move|p2a: Annihilape|Drain Punch|p1a: Toxapex\n|-resisted|p1a: Toxapex\n|-damage|p1a: Toxapex|144/216\n|-heal|p2a: Annihilape|243/292|[from] drain|[of] p1a: Toxapex\n|move|p1a: Toxapex|Haze|p1a: Toxapex\n|-clearallboost\n|\n|-heal|p1a: Toxapex|157/216|[from] item: Leftovers\n|upkeep\n|turn|7\n|\n|t:|1732974366\n|move|p2a: Annihilape|Bulk Up|p2a: Annihilape\n|-boost|p2a: Annihilape|atk|1\n|-boost|p2a: Annihilape|def|1\n|move|p1a: Toxapex|Recover|p1a: Toxapex\n|-heal|p1a: Toxapex|216/216\n|\n|upkeep\n|turn|8\n|\n|t:|1732974373\n|move|p2a: Annihilape|Drain Punch|p1a: Toxapex\n|-resisted|p1a: Toxapex\n|-damage|p1a: Toxapex|178/216\n|-heal|p2a: Annihilape|262/292|[from] drain|[of] p1a: Toxapex\n|move|p1a: Toxapex|Haze|p1a: Toxapex\n|-clearallboost\n|\n|-heal|p1a: Toxapex|191/216|[from] item: Leftovers\n|upkeep\n|turn|9\n|\n|t:|1732974435\n|move|p2a: Annihilape|Bulk Up|p2a: Annihilape\n|-boost|p2a: Annihilape|atk|1\n|-boost|p2a: Annihilape|def|1\n|move|p1a: Toxapex|Haze|p1a: Toxapex\n|-clearallboost\n|\n|-heal|p1a: Toxapex|204/216|[from] item: Leftovers\n|upkeep\n|turn|10\n|\n|t:|1732974449\n|move|p2a: Annihilape|Drain Punch|p1a: Toxapex\n|-resisted|p1a: Toxapex\n|-damage|p1a: Toxapex|180/216\n|-heal|p2a: Annihilape|274/292|[from] drain|[of] p1a: Toxapex\n|move|p1a: Toxapex|Liquidation|p2a: Annihilape\n|-damage|p2a: Annihilape|207/292\n|\n|-heal|p1a: Toxapex|193/216|[from] item: Leftovers\n|upkeep\n|turn|11\n|\n|t:|1732974459\n|move|p2a: Annihilape|Bulk Up|p2a: Annihilape\n|-boost|p2a: Annihilape|atk|1\n|-boost|p2a: Annihilape|def|1\n|move|p1a: Toxapex|Liquidation|p2a: Annihilape\n|-damage|p2a: Annihilape|158/292\n|-unboost|p2a: Annihilape|def|1\n|-ability|p2a: Annihilape|Defiant|boost\n|-boost|p2a: Annihilape|atk|2\n|\n|-heal|p1a: Toxapex|206/216|[from] item: Leftovers\n|upkeep\n|turn|12\n|\n|t:|1732974472\n|move|p2a: Annihilape|Rest|p2a: Annihilape\n|-status|p2a: Annihilape|slp|[from] move: Rest\n|-heal|p2a: Annihilape|292/292 slp|[silent]\n|-enditem|p2a: Annihilape|Chesto Berry|[eat]\n|-curestatus|p2a: Annihilape|slp|[msg]\n|move|p1a: Toxapex|Haze|p1a: Toxapex\n|-clearallboost\n|\n|-heal|p1a: Toxapex|216/216|[from] item: Leftovers\n|upkeep\n|turn|13\n|\n|t:|1732974491\n|move|p2a: Annihilape|Bulk Up|p2a: Annihilape\n|-boost|p2a: Annihilape|atk|1\n|-boost|p2a: Annihilape|def|1\n|move|p1a: Toxapex|Haze|p1a: Toxapex\n|-clearallboost\n|\n|upkeep\n|turn|14\n|\n|t:|1732974523\n|move|p2a: Annihilape|Drain Punch|p1a: Toxapex\n|-resisted|p1a: Toxapex\n|-damage|p1a: Toxapex|193/216\n|move|p1a: Toxapex|Haze|p1a: Toxapex\n|-clearallboost\n|\n|-heal|p1a: Toxapex|206/216|[from] item: Leftovers\n|upkeep\n|turn|15\n|\n|t:|1732974530\n|move|p2a: Annihilape|Bulk Up|p2a: Annihilape\n|-boost|p2a: Annihilape|atk|1\n|-boost|p2a: Annihilape|def|1\n|move|p1a: Toxapex|Toxic Spikes|p2a: Annihilape\n|-sidestart|p2: JayQuazaaa|move: Toxic Spikes\n|\n|-heal|p1a: Toxapex|216/216|[from] item: Leftovers\n|upkeep\n|turn|16\n|\n|t:|1732974542\n|move|p2a: Annihilape|Rage Fist|p1a: Toxapex\n|-damage|p1a: Toxapex|0 fnt\n|faint|p1a: Toxapex\n|\n|upkeep\n|\n|t:|1732974563\n|switch|p1a: Groudon|Groudon, L72|263/263\n|-weather|SunnyDay|[from] ability: Drought|[of] p1a: Groudon\n|turn|17\n|\n|t:|1732974581\n|-terastallize|p1a: Groudon|Fire\n|move|p2a: Annihilape|Rage Fist|p1a: Groudon\n|-damage|p1a: Groudon|0 fnt\n|faint|p1a: Groudon\n|\n|-weather|SunnyDay|[upkeep]\n|upkeep\n|\n|t:|1732974598\n|switch|p1a: Cacturne|Cacturne, L92, M|278/278\n|turn|18\n|\n|t:|1732974608\n|move|p2a: Annihilape|Drain Punch|p1a: Cacturne\n|-supereffective|p1a: Cacturne\n|-damage|p1a: Cacturne|0 fnt\n|faint|p1a: Cacturne\n|\n|-weather|SunnyDay|[upkeep]\n|upkeep\n|\n|t:|1732974612\n|switch|p1a: Golurk|Golurk, L87|297/297\n|turn|19\n|\n|t:|1732974618\n|move|p2a: Annihilape|Rage Fist|p1a: Golurk\n|-supereffective|p1a: Golurk\n|-damage|p1a: Golurk|0 fnt\n|faint|p1a: Golurk\n|\n|-weather|SunnyDay|[upkeep]\n|upkeep\n|\n|t:|1732974621\n|switch|p1a: Slowbro|Slowbro-Galar, L87, F|307/307\n|turn|20\n|\n|t:|1732974629\n|move|p2a: Annihilape|Rage Fist|p1a: Slowbro\n|-supereffective|p1a: Slowbro\n|-damage|p1a: Slowbro|0 fnt\n|faint|p1a: Slowbro\n|\n|-weather|SunnyDay|[upkeep]\n|upkeep\n|\n|t:|1732974633\n|switch|p1a: Blaziken|Blaziken, L76, F|247/247\n|turn|21\n|\n|t:|1732974638\n|move|p1a: Blaziken|Protect|p1a: Blaziken\n|-singleturn|p1a: Blaziken|Protect\n|move|p2a: Annihilape|Rage Fist|p1a: Blaziken\n|-activate|p1a: Blaziken|move: Protect\n|\n|-weather|none\n|-ability|p1a: Blaziken|Speed Boost|boost\n|-boost|p1a: Blaziken|spe|1\n|upkeep\n|turn|22\n|\n|t:|1732974659\n|-terastallize|p2a: Annihilape|Water\n|move|p1a: Blaziken|Close Combat|p2a: Annihilape\n|-damage|p2a: Annihilape|159/292\n|-unboost|p1a: Blaziken|def|1\n|-unboost|p1a: Blaziken|spd|1\n|-damage|p1a: Blaziken|223/247|[from] item: Life Orb\n|move|p2a: Annihilape|Rage Fist|p1a: Blaziken\n|-damage|p1a: Blaziken|0 fnt\n|faint|p1a: Blaziken\n|\n|win|JayQuazaaa\n|l|\u2606ItsMemu\n|player|p1|\n", "inputlog": ">version b107d77f5c90bd6555267ae244a6264823309ead\n>start {\"formatid\":\"gen9randombattle\",\"seed\":[43501,46488,25908,20542]}\n>player p1 {\"name\":\"ItsMemu\",\"avatar\":\"giovanni\",\"rating\":0,\"seed\":[23068,62164,9145,3517]}\n>player p2 {\"name\":\"JayQuazaaa\",\"avatar\":\"oak-gen1rb\",\"rating\":0,\"seed\":[17718,22594,29793,7231]}\n>p1 move liquidation\n>p2 move bulkup\n>p1 move haze\n>p2 move bulkup\n>p1 move toxicspikes\n>p2 move bulkup\n>p1 move haze\n>p2 move drainpunch\n>p1 move liquidation\n>p2 move bulkup\n>p1 move haze\n>p2 move drainpunch\n>p1 move recover\n>p2 move bulkup\n>p1 move haze\n>p2 move drainpunch\n>p1 move haze\n>p2 move bulkup\n>p1 move liquidation\n>p2 move drainpunch\n>p1 move liquidation\n>p2 move bulkup\n>p1 move haze\n>p2 move rest\n>p1 move haze\n>p2 move bulkup\n>p1 move haze\n>p2 move drainpunch\n>p1 move toxicspikes\n>p2 move bulkup\n>p1 move haze\n>p2 move ragefist\n>p1 switch 4\n>p1 move heatcrash terastallize\n>p2 move ragefist\n>p1 switch 5\n>p1 move leafstorm\n>p2 move drainpunch\n>p1 switch 6\n>p1 move poltergeist\n>p2 move ragefist\n>p1 switch 3\n>p1 move shellsidearm\n>p2 move ragefist\n>p1 switch 2\n>p1 move protect\n>p2 move ragefist\n>p1 move closecombat\n>p2 move ragefist terastallize", "uploadtime": 1732974672, "views": 2, "formatid": "gen9randombattle", "rating": null, "private": 0, "password": null}