{"id": "gen9randombattle-2253797884", "format": "[Gen 9] Random Battle", "players": ["tbdenjoyer", "Piggyrunt"], "log": "|j|\u2606tbdenjoyer\n|j|\u203dPiggyrunt\n|t:|1732939813\n|gametype|singles\n|player|p1|tbdenjoyer|265|1163\n|player|p2|Piggyrunt|169|1149\n|teamsize|p1|6\n|teamsize|p2|6\n|gen|9\n|tier|[Gen 9] Random Battle\n|rated|\n|rule|Species Clause: Limit one of each Pok\u00e9mon\n|rule|HP Percentage Mod: HP is shown in percentages\n|rule|Sleep Clause Mod: Limit one foe put to sleep\n|rule|Illusion Level Mod: Illusion disguises the Pok\u00e9mon's true level\n|\n|t:|1732939813\n|start\n|switch|p1a: Pyroar|Pyroar, L88, F|295/295\n|switch|p2a: Perrserker|Perrserker, L89, F|269/269\n|-ability|p1a: Pyroar|Unnerve\n|turn|1\n|inactive|Battle timer is ON: inactive players will automatically lose when time's up. (requested by Piggyrunt)\n|\n|t:|1732939829\n|switch|p2a: Mightyena|Mightyena, L95, M|287/287\n|-ability|p2a: Mightyena|Intimidate|boost\n|-unboost|p1a: Pyroar|atk|1\n|move|p1a: Pyroar|Work Up|p1a: Pyroar\n|-boost|p1a: Pyroar|atk|1\n|-boost|p1a: Pyroar|spa|1\n|\n|upkeep\n|turn|2\n|\n|t:|1732939847\n|move|p1a: Pyroar|Will-O-Wisp|p2a: Mightyena\n|-status|p2a: Mightyena|brn\n|move|p2a: Mightyena|Poison Fang|p1a: Pyroar\n|-damage|p1a: Pyroar|270/295\n|-status|p1a: Pyroar|tox\n|\n|-damage|p1a: Pyroar|252/295 tox|[from] psn\n|-damage|p2a: Mightyena|270/287 brn|[from] brn\n|upkeep\n|turn|3\n|\n|t:|1732939864\n|move|p1a: Pyroar|Fire Blast|p2a: Mightyena|[miss]\n|-miss|p1a: Pyroar|p2a: Mightyena\n|move|p2a: Mightyena|Throat Chop|p1a: Pyroar\n|-damage|p1a: Pyroar|195/295 tox\n|-start|p1a: Pyroar|Throat Chop|[silent]\n|\n|-damage|p1a: Pyroar|159/295 tox|[from] psn\n|-damage|p2a: Mightyena|253/287 brn|[from] brn\n|upkeep\n|turn|4\n|\n|t:|1732939876\n|move|p1a: Pyroar|Fire Blast|p2a: Mightyena\n|-damage|p2a: Mightyena|88/287 brn\n|move|p2a: Mightyena|Play Rough|p1a: Pyroar\n|-resisted|p1a: Pyroar\n|-damage|p1a: Pyroar|138/295 tox\n|\n|-damage|p1a: Pyroar|84/295 tox|[from] psn\n|-damage|p2a: Mightyena|71/287 brn|[from] brn\n|-end|p1a: Pyroar|Throat Chop|[silent]\n|upkeep\n|turn|5\n|\n|t:|1732939887\n|move|p1a: Pyroar|Fire Blast|p2a: Mightyena\n|-damage|p2a: Mightyena|0 fnt\n|faint|p2a: Mightyena\n|\n|-damage|p1a: Pyroar|12/295 tox|[from] psn\n|upkeep\n|\n|t:|1732939910\n|switch|p2a: Masquerain|Masquerain, L87, F|264/264\n|-ability|p2a: Masquerain|Intimidate|boost\n|-unboost|p1a: Pyroar|atk|1\n|turn|6\n|\n|t:|1732939917\n|-terastallize|p2a: Masquerain|Ground\n|move|p1a: Pyroar|Fire Blast|p2a: Masquerain\n|-damage|p2a: Masquerain|63/264\n|move|p2a: Masquerain|Sticky Web|p1a: Pyroar\n|-sidestart|p1: tbdenjoyer|move: Sticky Web\n|\n|-damage|p1a: Pyroar|0 fnt|[from] psn\n|faint|p1a: Pyroar\n|upkeep\n|\n|t:|1732939933\n|switch|p1a: Delibird|Delibird, F|252/252\n|turn|7\n|\n|t:|1732939945\n|switch|p2a: Perrserker|Perrserker, L89, F|269/269\n|move|p1a: Delibird|Ice Shard|p2a: Perrserker\n|-resisted|p2a: Perrserker\n|-damage|p2a: Perrserker|242/269\n|\n|upkeep\n|turn|8\n|\n|t:|1732939961\n|switch|p1a: Phione|Phione, L91|293/293\n|-activate|p1a: Phione|move: Sticky Web\n|-unboost|p1a: Phione|spe|1\n|move|p2a: Perrserker|Iron Head|p1a: Phione\n|-resisted|p1a: Phione\n|-damage|p1a: Phione|170/293\n|\n|-heal|p1a: Phione|188/293|[from] item: Leftovers\n|upkeep\n|turn|9\n|inactive|tbdenjoyer has 120 seconds left.\n|\n|t:|1732939987\n|move|p2a: Perrserker|Iron Head|p1a: Phione\n|-resisted|p1a: Phione\n|-damage|p1a: Phione|79/293\n|cant|p1a: Phione|flinch\n|\n|-heal|p1a: Phione|97/293|[from] item: Leftovers\n|upkeep\n|turn|10\n|\n|t:|1732939996\n|move|p2a: Perrserker|Iron Head|p1a: Phione\n|-resisted|p1a: Phione\n|-damage|p1a: Phione|0 fnt\n|faint|p1a: Phione\n|\n|upkeep\n|\n|t:|1732940001\n|switch|p1a: Manaphy|Manaphy, L78|284/284\n|-activate|p1a: Manaphy|move: Sticky Web\n|-unboost|p1a: Manaphy|spe|1\n|turn|11\n|inactive|tbdenjoyer has 120 seconds left.\n|\n|t:|1732940020\n|move|p2a: Perrserker|Iron Head|p1a: Manaphy\n|-resisted|p1a: Manaphy\n|-damage|p1a: Manaphy|179/284\n|cant|p1a: Manaphy|flinch\n|\n|-heal|p1a: Manaphy|196/284|[from] item: Leftovers\n|upkeep\n|turn|12\n|\n|t:|1732940028\n|move|p2a: Perrserker|Iron Head|p1a: Manaphy\n|-resisted|p1a: Manaphy\n|-damage|p1a: Manaphy|85/284\n|move|p1a: Manaphy|Hydro Pump|p2a: Perrserker\n|-damage|p2a: Perrserker|115/269\n|\n|-heal|p1a: Manaphy|102/284|[from] item: Leftovers\n|upkeep\n|turn|13\n|\n|t:|1732940037\n|move|p2a: Perrserker|Iron Head|p1a: Manaphy\n|-resisted|p1a: Manaphy\n|-damage|p1a: Manaphy|0 fnt\n|faint|p1a: Manaphy\n|\n|upkeep\n|\n|t:|1732940045\n|switch|p1a: Exeggutor|Exeggutor, L89, M|312/312\n|-activate|p1a: Exeggutor|move: Sticky Web\n|-unboost|p1a: Exeggutor|spe|1\n|turn|14\n|\n|t:|1732940051\n|move|p2a: Perrserker|Iron Head|p1a: Exeggutor\n|-damage|p1a: Exeggutor|89/312\n|-enditem|p1a: Exeggutor|Sitrus Berry|[eat]\n|-heal|p1a: Exeggutor|167/312|[from] item: Sitrus Berry\n|cant|p1a: Exeggutor|flinch\n|\n|-item|p1a: Exeggutor|Sitrus Berry|[from] ability: Harvest\n|upkeep\n|turn|15\n|c|\u2606tbdenjoyer|Go fuck urself\n|\n|t:|1732940073\n|move|p2a: Perrserker|Iron Head|p1a: Exeggutor\n|-damage|p1a: Exeggutor|0 fnt\n|faint|p1a: Exeggutor\n|\n|upkeep\n|inactive|tbdenjoyer has 120 seconds left.\n|\n|t:|1732940083\n|switch|p1a: Delibird|Delibird, F|252/252\n|turn|16\n|\n|t:|1732940110\n|move|p1a: Delibird|Brave Bird|p2a: Perrserker\n|-resisted|p2a: Perrserker\n|-damage|p2a: Perrserker|35/269\n|-damage|p1a: Delibird|226/252|[from] Recoil\n|move|p2a: Perrserker|Iron Head|p1a: Delibird\n|-supereffective|p1a: Delibird\n|-damage|p1a: Delibird|0 fnt\n|faint|p1a: Delibird\n|\n|upkeep\n|\n|t:|1732940120\n|switch|p1a: Whimsicott|Whimsicott, L85, M|241/241\n|turn|17\n|\n|t:|1732940128\n|move|p1a: Whimsicott|Giga Drain|p2a: Perrserker\n|-resisted|p2a: Perrserker\n|-damage|p2a: Perrserker|0 fnt\n|faint|p2a: Perrserker\n|\n|upkeep\n|\n|t:|1732940135\n|switch|p2a: Masquerain|Masquerain, L87, F, tera:Ground|63/264\n|-ability|p2a: Masquerain|Intimidate|boost\n|-unboost|p1a: Whimsicott|atk|1\n|turn|18\n|\n|t:|1732940146\n|move|p1a: Whimsicott|Giga Drain|p2a: Masquerain\n|-supereffective|p2a: Masquerain\n|-crit|p2a: Masquerain\n|-damage|p2a: Masquerain|0 fnt\n|faint|p2a: Masquerain\n|\n|upkeep\n|\n|t:|1732940153\n|switch|p2a: Noctowl|Noctowl, L95, F|344/344\n|turn|19\n|\n|t:|1732940163\n|-terastallize|p1a: Whimsicott|Poison\n|move|p1a: Whimsicott|Moonblast|p2a: Noctowl\n|-damage|p2a: Noctowl|268/344\n|-unboost|p2a: Noctowl|spa|1\n|move|p2a: Noctowl|Hurricane|p1a: Whimsicott\n|-damage|p1a: Whimsicott|144/241\n|\n|upkeep\n|turn|20\n|\n|t:|1732940176\n|switch|p2a: Mismagius|Mismagius, L86, M|243/243\n|move|p1a: Whimsicott|Stun Spore|p2a: Mismagius\n|-status|p2a: Mismagius|par\n|\n|upkeep\n|turn|21\n|\n|t:|1732940184\n|move|p1a: Whimsicott|Giga Drain|p2a: Mismagius\n|-crit|p2a: Mismagius\n|-damage|p2a: Mismagius|158/243 par\n|-heal|p1a: Whimsicott|187/241|[from] drain|[of] p2a: Mismagius\n|move|p2a: Mismagius|Mystical Fire|p1a: Whimsicott\n|-damage|p1a: Whimsicott|95/241\n|-unboost|p1a: Whimsicott|spa|1\n|\n|upkeep\n|turn|22\n|\n|t:|1732940194\n|move|p1a: Whimsicott|Moonblast|p2a: Mismagius\n|-damage|p2a: Mismagius|103/243 par\n|-unboost|p2a: Mismagius|spa|1\n|move|p2a: Mismagius|Mystical Fire|p1a: Whimsicott\n|-damage|p1a: Whimsicott|24/241\n|-unboost|p1a: Whimsicott|spa|1\n|\n|upkeep\n|turn|23\n|-message|tbdenjoyer forfeited.\n|\n|win|Piggyrunt\n", "inputlog": ">version b107d77f5c90bd6555267ae244a6264823309ead\n>start {\"formatid\":\"gen9randombattle\",\"seed\":[32055,51813,5395,46674],\"rated\":\"Rated battle\"}\n>player p1 {\"name\":\"tbdenjoyer\",\"avatar\":\"265\",\"rating\":1163,\"seed\":[50470,5943,63427,29244]}\n>player p2 {\"name\":\"Piggyrunt\",\"avatar\":\"169\",\"rating\":1149,\"seed\":[45613,8819,26447,62945]}\n>p1 move workup\n>p2 switch 5\n>p1 move willowisp\n>p2 move poisonfang\n>p1 move fireblast\n>p2 move throatchop\n>p1 move fireblast\n>p2 move playrough\n>p1 move fireblast\n>p2 move throatchop\n>p2 switch 4\n>p1 move fireblast\n>p2 move stickyweb terastallize\n>p1 switch 6\n>p1 move iceshard\n>p2 switch 5\n>p1 switch 5\n>p2 move ironhead\n>p1 move scald\n>p2 move ironhead\n>p1 move scald\n>p2 move ironhead\n>p1 switch 4\n>p1 move tailglow\n>p2 move ironhead\n>p1 move hydropump\n>p2 move ironhead\n>p1 move hydropump\n>p2 move ironhead\n>p1 switch 3\n>p1 move leechseed\n>p2 move ironhead\n>chat \u2606tbdenjoyer|Go fuck urself\n>p1 move psychicnoise\n>p2 move ironhead\n>p1 switch 5\n>p1 move bravebird\n>p2 move ironhead\n>p1 switch 2\n>p1 move gigadrain\n>p2 move ironhead\n>p2 switch 5\n>p1 move gigadrain\n>p2 move hurricane\n>p2 switch 3\n>p1 move moonblast terastallize\n>p2 move hurricane\n>p1 move stunspore\n>p2 switch 2\n>p1 move gigadrain\n>p2 move mysticalfire\n>p1 move moonblast\n>p2 move mysticalfire\n>forcelose p1", "uploadtime": 1732940063, "views": 16, "formatid": "gen9randombattle", "rating": null, "private": 0, "password": null}