{"id": "gen9randombattle-2253920685", "format": "[Gen 9] Random Battle", "players": ["natsudarganell", "BubbleDaTea"], "log": "|j|\u2606natsudarganell\n|j|\u2606BubbleDaTea\n|t:|1732964096\n|gametype|singles\n|player|p1|natsudarganell|169|1166\n|player|p2|BubbleDaTea|101|1220\n|teamsize|p1|6\n|teamsize|p2|6\n|gen|9\n|tier|[Gen 9] Random Battle\n|rated|\n|rule|Species Clause: Limit one of each Pok\u00e9mon\n|rule|HP Percentage Mod: HP is shown in percentages\n|rule|Sleep Clause Mod: Limit one foe put to sleep\n|rule|Illusion Level Mod: Illusion disguises the Pok\u00e9mon's true level\n|\n|t:|1732964096\n|start\n|switch|p1a: Vespiquen|Vespiquen, L98, F|296/296\n|switch|p2a: Bellossom|Bellossom, L84, F|263/263\n|-ability|p1a: Vespiquen|Pressure\n|turn|1\n|inactive|Battle timer is ON: inactive players will automatically lose when time's up. (requested by natsudarganell)\n|\n|t:|1732964131\n|-terastallize|p2a: Bellossom|Fire\n|move|p1a: Vespiquen|Toxic|p2a: Bellossom\n|-status|p2a: Bellossom|tox\n|move|p2a: Bellossom|Quiver Dance|p2a: Bellossom\n|-boost|p2a: Bellossom|spa|1\n|-boost|p2a: Bellossom|spd|1\n|-boost|p2a: Bellossom|spe|1\n|\n|-damage|p2a: Bellossom|247/263 tox|[from] psn\n|upkeep\n|turn|2\n|\n|t:|1732964148\n|move|p2a: Bellossom|Tera Blast|p1a: Vespiquen|[anim] Tera Blast Fire\n|-supereffective|p1a: Vespiquen\n|-damage|p1a: Vespiquen|108/296\n|move|p1a: Vespiquen|Spikes|p2a: Bellossom\n|-sidestart|p2: BubbleDaTea|Spikes\n|\n|-heal|p2a: Bellossom|263/263 tox|[from] item: Leftovers\n|-damage|p2a: Bellossom|231/263 tox|[from] psn\n|upkeep\n|turn|3\n|c|\u2606natsudarganell|NAH BELSPROUT AINT NO FIRETYPE\n|c|\u2606natsudarganell|I THOUGHT IT WAS BLUFF\n|c|\u2606natsudarganell|ANYWAYS\n|c|\u2606natsudarganell|NOW I AM CHARED\n|inactive|natsudarganell has 120 seconds left.\n|inactive|BubbleDaTea has 120 seconds left.\n|\n|t:|1732964192\n|switch|p1a: Ninetales|Ninetales, L85, F|263/263\n|-weather|SunnyDay|[from] ability: Drought|[of] p1a: Ninetales\n|move|p2a: Bellossom|Tera Blast|p1a: Ninetales|[anim] Tera Blast Fire\n|-resisted|p1a: Ninetales\n|-damage|p1a: Ninetales|182/263\n|\n|-weather|SunnyDay|[upkeep]\n|-heal|p2a: Bellossom|247/263 tox|[from] item: Leftovers\n|-damage|p2a: Bellossom|199/263 tox|[from] psn\n|upkeep\n|turn|4\n|inactive|BubbleDaTea has 120 seconds left.\n|\n|t:|1732964209\n|switch|p2a: Goodra|Goodra-Hisui, L82, F|265/265\n|-damage|p2a: Goodra|232/265|[from] Spikes\n|move|p1a: Ninetales|Nasty Plot|p1a: Ninetales\n|-boost|p1a: Ninetales|spa|2\n|\n|-weather|SunnyDay|[upkeep]\n|upkeep\n|turn|5\n|c|\u2606natsudarganell|UR GONNA BECOMEPOWDER\n|\n|t:|1732964237\n|move|p1a: Ninetales|Fire Blast|p2a: Goodra\n|-damage|p2a: Goodra|91/265\n|move|p2a: Goodra|Earthquake|p1a: Ninetales\n|-supereffective|p1a: Ninetales\n|-damage|p1a: Ninetales|38/263\n|\n|-weather|SunnyDay|[upkeep]\n|upkeep\n|turn|6\n|inactive|natsudarganell has 120 seconds left.\n|c|\u2606natsudarganell|HAVE U SEEN ARCANE\n|inactive|BubbleDaTea has 90 seconds left.\n|\n|t:|1732964264\n|switch|p2a: Snorlax|Snorlax, L82, F|397/397\n|-damage|p2a: Snorlax|348/397|[from] Spikes\n|move|p1a: Ninetales|Fire Blast|p2a: Snorlax\n|-damage|p2a: Snorlax|219/397\n|\n|-weather|SunnyDay|[upkeep]\n|-heal|p2a: Snorlax|243/397|[from] item: Leftovers\n|upkeep\n|turn|7\n|inactive|natsudarganell has 120 seconds left.\n|\n|t:|1732964280\n|move|p1a: Ninetales|Solar Beam||[still]\n|-prepare|p1a: Ninetales|Solar Beam\n|-anim|p1a: Ninetales|Solar Beam|p2a: Snorlax\n|-damage|p2a: Snorlax|106/397\n|move|p2a: Snorlax|Rest|p2a: Snorlax\n|-status|p2a: Snorlax|slp|[from] move: Rest\n|-heal|p2a: Snorlax|397/397 slp|[silent]\n|\n|-weather|none\n|upkeep\n|turn|8\n|c|\u2606natsudarganell|WTF WHY U SO TANKY\n|inactive|natsudarganell has 90 seconds left.\n|\n|t:|1732964317\n|switch|p1a: Rayquaza|Rayquaza, L72|270/270\n|-ability|p1a: Rayquaza|Air Lock\n|cant|p2a: Snorlax|slp\n|move|p2a: Snorlax|Sleep Talk|p2a: Snorlax\n|move|p2a: Snorlax|Rest||[from]move: Sleep Talk|[still]\n|-fail|p2a: Snorlax\n|\n|upkeep\n|turn|9\n|inactive|natsudarganell has 90 seconds left.\n|inactive|BubbleDaTea has 90 seconds left.\n|\n|t:|1732964333\n|move|p1a: Rayquaza|Swords Dance|p1a: Rayquaza\n|-boost|p1a: Rayquaza|atk|2\n|cant|p2a: Snorlax|slp\n|move|p2a: Snorlax|Sleep Talk|p2a: Snorlax\n|move|p2a: Snorlax|Body Slam|p1a: Rayquaza|[from]move: Sleep Talk\n|-damage|p1a: Rayquaza|167/270\n|-status|p1a: Rayquaza|par\n|\n|upkeep\n|turn|10\n|inactive|natsudarganell has 90 seconds left.\n|\n|t:|1732964353\n|-curestatus|p2a: Snorlax|slp|[msg]\n|move|p2a: Snorlax|Curse|p2a: Snorlax\n|-unboost|p2a: Snorlax|spe|1\n|-boost|p2a: Snorlax|atk|1\n|-boost|p2a: Snorlax|def|1\n|move|p1a: Rayquaza|Scale Shot|p2a: Snorlax\n|-damage|p2a: Snorlax|349/397\n|-damage|p2a: Snorlax|300/397\n|-damage|p2a: Snorlax|255/397\n|-damage|p2a: Snorlax|207/397\n|-hitcount|p2a: Snorlax|4\n|-unboost|p1a: Rayquaza|def|1\n|-boost|p1a: Rayquaza|spe|1\n|\n|-heal|p2a: Snorlax|231/397|[from] item: Leftovers\n|upkeep\n|turn|11\n|c|\u2606natsudarganell|HUSH LITTLE BABY\n|\n|t:|1732964377\n|move|p1a: Rayquaza|Dragon Ascent|p2a: Snorlax\n|-damage|p2a: Snorlax|21/397\n|-unboost|p1a: Rayquaza|def|1\n|-unboost|p1a: Rayquaza|spd|1\n|move|p2a: Snorlax|Rest|p2a: Snorlax\n|-status|p2a: Snorlax|slp|[from] move: Rest\n|-heal|p2a: Snorlax|397/397 slp|[silent]\n|\n|upkeep\n|turn|12\n|n|!natsudarganell|natsudarganell\n|\n|t:|1732964396\n|move|p1a: Rayquaza|Swords Dance|p1a: Rayquaza\n|-boost|p1a: Rayquaza|atk|2\n|cant|p2a: Snorlax|slp\n|move|p2a: Snorlax|Sleep Talk|p2a: Snorlax\n|move|p2a: Snorlax|Rest||[from]move: Sleep Talk|[still]\n|-fail|p2a: Snorlax\n|\n|upkeep\n|turn|13\n|inactive|BubbleDaTea has 90 seconds left.\n|\n|t:|1732964404\n|move|p1a: Rayquaza|Scale Shot|p2a: Snorlax\n|-damage|p2a: Snorlax|322/397 slp\n|-damage|p2a: Snorlax|244/397 slp\n|-damage|p2a: Snorlax|172/397 slp\n|-damage|p2a: Snorlax|105/397 slp\n|-damage|p2a: Snorlax|38/397 slp\n|-hitcount|p2a: Snorlax|5\n|-unboost|p1a: Rayquaza|def|1\n|-boost|p1a: Rayquaza|spe|1\n|cant|p2a: Snorlax|slp\n|move|p2a: Snorlax|Sleep Talk|p2a: Snorlax\n|move|p2a: Snorlax|Rest||[from]move: Sleep Talk|[still]\n|-fail|p2a: Snorlax\n|\n|-heal|p2a: Snorlax|62/397 slp|[from] item: Leftovers\n|upkeep\n|turn|14\n|inactive|BubbleDaTea has 90 seconds left.\n|\n|t:|1732964431\n|move|p1a: Rayquaza|Scale Shot|p2a: Snorlax\n|-damage|p2a: Snorlax|0 fnt\n|faint|p2a: Snorlax\n|-hitcount|p2: Snorlax|1\n|-unboost|p1a: Rayquaza|def|1\n|-boost|p1a: Rayquaza|spe|1\n|\n|upkeep\n|\n|t:|1732964445\n|switch|p2a: Azelf|Azelf, L82|257/257\n|turn|15\n|\n|t:|1732964454\n|move|p2a: Azelf|Psychic|p1a: Rayquaza\n|-damage|p1a: Rayquaza|0 fnt\n|faint|p1a: Rayquaza\n|-damage|p2a: Azelf|232/257|[from] item: Life Orb\n|\n|upkeep\n|inactive|natsudarganell has 60 seconds left.\n|\n|t:|1732964477\n|switch|p1a: Gothitelle|Gothitelle, L90, M|272/272\n|turn|16\n|inactive|BubbleDaTea has 90 seconds left.\n|\n|t:|1732964485\n|move|p1a: Gothitelle|Dark Pulse|p2a: Azelf\n|-supereffective|p2a: Azelf\n|-damage|p2a: Azelf|84/257\n|move|p2a: Azelf|Knock Off|p1a: Gothitelle\n|-supereffective|p1a: Gothitelle\n|-damage|p1a: Gothitelle|90/272\n|-enditem|p1a: Gothitelle|Choice Scarf|[from] move: Knock Off|[of] p2a: Azelf\n|-damage|p2a: Azelf|59/257|[from] item: Life Orb\n|\n|upkeep\n|turn|17\n|inactive|natsudarganell has 60 seconds left.\n|\n|t:|1732964503\n|move|p2a: Azelf|U-turn|p1a: Gothitelle\n|-supereffective|p1a: Gothitelle\n|-damage|p1a: Gothitelle|0 fnt\n|faint|p1a: Gothitelle\n|-damage|p2a: Azelf|34/257|[from] item: Life Orb\n|inactive|BubbleDaTea has 90 seconds left.\n|\n|t:|1732964524\n|switch|p2a: Lokix|Lokix, L82, F|251/251|[from] U-turn\n|-damage|p2a: Lokix|220/251|[from] Spikes\n|\n|upkeep\n|inactive|natsudarganell has 60 seconds left.\n|\n|t:|1732964542\n|switch|p1a: Ninetales|Ninetales, L85, F|38/263\n|-weather|SunnyDay|[from] ability: Drought|[of] p1a: Ninetales\n|turn|18\n|inactive|natsudarganell has 60 seconds left.\n|inactive|BubbleDaTea has 90 seconds left.\n|\n|t:|1732964551\n|move|p2a: Lokix|Sucker Punch|p1a: Ninetales\n|-damage|p1a: Ninetales|0 fnt\n|faint|p1a: Ninetales\n|-damage|p2a: Lokix|195/251|[from] item: Life Orb\n|\n|-weather|SunnyDay|[upkeep]\n|upkeep\n|inactive|natsudarganell has 60 seconds left.\n|\n|t:|1732964565\n|switch|p1a: Ambipom|Ambipom, L84, M|263/263\n|turn|19\n|inactive|natsudarganell has 60 seconds left.\n|inactive|BubbleDaTea has 90 seconds left.\n|\n|t:|1732964581\n|switch|p2a: Goodra|Goodra-Hisui, L82, F|91/265\n|-damage|p2a: Goodra|58/265|[from] Spikes\n|move|p1a: Ambipom|Triple Axel|p2a: Goodra\n|-damage|p2a: Goodra|24/265\n|-damage|p2a: Goodra|0 fnt\n|faint|p2a: Goodra\n|-hitcount|p2: Goodra|2\n|\n|-weather|SunnyDay|[upkeep]\n|upkeep\n|inactive|BubbleDaTea has 90 seconds left.\n|\n|t:|1732964591\n|switch|p2a: Vigoroth|Vigoroth, L85, M|275/275\n|-damage|p2a: Vigoroth|241/275|[from] Spikes\n|turn|20\n|inactive|natsudarganell has 60 seconds left.\n|inactive|BubbleDaTea has 90 seconds left.\n|\n|t:|1732964608\n|move|p1a: Ambipom|Triple Axel|p2a: Vigoroth\n|-damage|p2a: Vigoroth|216/275\n|-damage|p2a: Vigoroth|173/275\n|-damage|p2a: Vigoroth|109/275\n|-hitcount|p2a: Vigoroth|3\n|move|p2a: Vigoroth|Bulk Up|p2a: Vigoroth\n|-boost|p2a: Vigoroth|atk|1\n|-boost|p2a: Vigoroth|def|1\n|\n|-weather|SunnyDay|[upkeep]\n|upkeep\n|turn|21\n|inactive|BubbleDaTea has 90 seconds left.\n|\n|t:|1732964622\n|move|p1a: Ambipom|Triple Axel|p2a: Vigoroth\n|-damage|p2a: Vigoroth|93/275\n|-damage|p2a: Vigoroth|62/275\n|-damage|p2a: Vigoroth|17/275\n|-hitcount|p2a: Vigoroth|3\n|move|p2a: Vigoroth|Slack Off|p2a: Vigoroth\n|-heal|p2a: Vigoroth|155/275\n|\n|-weather|SunnyDay|[upkeep]\n|upkeep\n|turn|22\n|inactive|BubbleDaTea has 90 seconds left.\n|\n|t:|1732964647\n|switch|p1a: Vespiquen|Vespiquen, L98, F|108/296\n|-ability|p1a: Vespiquen|Pressure\n|move|p2a: Vigoroth|Slack Off|p2a: Vigoroth\n|-heal|p2a: Vigoroth|275/275\n|\n|-weather|none\n|upkeep\n|turn|23\n|\n|t:|1732964657\n|move|p2a: Vigoroth|Body Slam|p1a: Vespiquen\n|-damage|p1a: Vespiquen|23/296\n|-status|p1a: Vespiquen|par\n|cant|p1a: Vespiquen|par\n|\n|upkeep\n|turn|24\n|\n|t:|1732964668\n|move|p2a: Vigoroth|Body Slam|p1a: Vespiquen\n|-damage|p1a: Vespiquen|0 fnt\n|faint|p1a: Vespiquen\n|\n|upkeep\n|\n|t:|1732964674\n|switch|p1a: Barraskewda|Barraskewda, L81, F|231/231\n|turn|25\n|inactive|BubbleDaTea has 90 seconds left.\n|\n|t:|1732964688\n|move|p1a: Barraskewda|Close Combat|p2a: Vigoroth\n|-supereffective|p2a: Vigoroth\n|-damage|p2a: Vigoroth|129/275\n|-unboost|p1a: Barraskewda|def|1\n|-unboost|p1a: Barraskewda|spd|1\n|move|p2a: Vigoroth|Body Slam|p1a: Barraskewda\n|-damage|p1a: Barraskewda|0 fnt\n|faint|p1a: Barraskewda\n|\n|upkeep\n|\n|t:|1732964703\n|switch|p1a: Ambipom|Ambipom, L84, M|263/263\n|turn|26\n|inactive|BubbleDaTea has 90 seconds left.\n|\n|t:|1732964720\n|-terastallize|p1a: Ambipom|Ice\n|move|p1a: Ambipom|Triple Axel|p2a: Vigoroth\n|-damage|p2a: Vigoroth|104/275\n|-hitcount|p2a: Vigoroth|1\n|move|p2a: Vigoroth|Slack Off|p2a: Vigoroth\n|-heal|p2a: Vigoroth|242/275\n|\n|upkeep\n|turn|27\n|inactive|BubbleDaTea has 90 seconds left.\n|\n|t:|1732964731\n|move|p1a: Ambipom|Triple Axel|p2a: Vigoroth\n|-damage|p2a: Vigoroth|217/275\n|-damage|p2a: Vigoroth|171/275\n|-damage|p2a: Vigoroth|101/275\n|-hitcount|p2a: Vigoroth|3\n|move|p2a: Vigoroth|Bulk Up|p2a: Vigoroth\n|-boost|p2a: Vigoroth|atk|1\n|-boost|p2a: Vigoroth|def|1\n|\n|upkeep\n|turn|28\n|\n|t:|1732964741\n|move|p1a: Ambipom|Triple Axel|p2a: Vigoroth\n|-damage|p2a: Vigoroth|80/275\n|-hitcount|p2a: Vigoroth|1\n|move|p2a: Vigoroth|Slack Off|p2a: Vigoroth\n|-heal|p2a: Vigoroth|218/275\n|\n|upkeep\n|turn|29\n|\n|t:|1732964750\n|move|p1a: Ambipom|Triple Axel|p2a: Vigoroth\n|-damage|p2a: Vigoroth|200/275\n|-damage|p2a: Vigoroth|166/275\n|-damage|p2a: Vigoroth|112/275\n|-hitcount|p2a: Vigoroth|3\n|move|p2a: Vigoroth|Body Slam|p1a: Ambipom\n|-damage|p1a: Ambipom|56/263\n|\n|upkeep\n|turn|30\n|\n|t:|1732964759\n|move|p1a: Ambipom|Triple Axel|p2a: Vigoroth\n|-damage|p2a: Vigoroth|96/275\n|-damage|p2a: Vigoroth|62/275\n|-damage|p2a: Vigoroth|11/275\n|-hitcount|p2a: Vigoroth|3\n|move|p2a: Vigoroth|Body Slam|p1a: Ambipom\n|-damage|p1a: Ambipom|0 fnt\n|faint|p1a: Ambipom\n|\n|win|BubbleDaTea\n", "inputlog": ">version b107d77f5c90bd6555267ae244a6264823309ead\n>start {\"formatid\":\"gen9randombattle\",\"seed\":[24944,36129,54889,18223],\"rated\":\"Rated battle\"}\n>player p1 {\"name\":\"natsudarganell\",\"avatar\":\"169\",\"rating\":1166,\"seed\":[35661,91,53036,29785]}\n>player p2 {\"name\":\"BubbleDaTea\",\"avatar\":\"101\",\"rating\":1220,\"seed\":[46493,56602,63758,61187]}\n>p1 move toxic\n>p2 move quiverdance terastallize\n>p1 move spikes\n>p2 move terablast\n>chat \u2606natsudarganell|NAH BELSPROUT AINT NO FIRETYPE\n>chat \u2606natsudarganell|I THOUGHT IT WAS BLUFF\n>chat \u2606natsudarganell|ANYWAYS\n>chat \u2606natsudarganell|NOW I AM CHARED\n>p1 switch 4\n>p2 move terablast\n>p1 move nastyplot\n>p2 switch 5\n>chat \u2606natsudarganell|UR GONNA BECOMEPOWDER\n>p1 move fireblast\n>p2 move earthquake\n>chat \u2606natsudarganell|HAVE U SEEN ARCANE\n>p1 move fireblast\n>p2 switch 3\n>p1 move solarbeam\n>p2 move rest\n>chat \u2606natsudarganell|WTF WHY U SO TANKY\n>p1 switch 5\n>p2 move sleeptalk\n>p1 move swordsdance\n>p2 move sleeptalk\n>p1 move scaleshot\n>p2 move curse\n>chat \u2606natsudarganell|HUSH LITTLE BABY \n>p1 move dragonascent\n>p2 move rest\n>chat \u2606natsudarganell|NAH PUSSY\n>p1 move swordsdance\n>p2 move sleeptalk\n>p1 move scaleshot\n>p2 move sleeptalk\n>p1 move scaleshot\n>p2 move bodyslam\n>p2 switch 2\n>p1 move scaleshot\n>p2 move psychic\n>p1 switch 2\n>p1 move darkpulse\n>p2 move knockoff\n>p1 move psychic\n>p2 move uturn\n>p2 switch 6\n>p1 switch 5\n>p1 move fireblast\n>p2 move suckerpunch\n>p1 switch 6\n>p1 move tripleaxel\n>p2 switch 3\n>p2 switch 4\n>p1 move tripleaxel\n>p2 move bulkup\n>p1 move tripleaxel\n>p2 move slackoff\n>p1 switch 4\n>p2 move slackoff\n>p1 move toxic\n>p2 move bodyslam\n>p1 move toxic\n>p2 move bodyslam\n>p1 switch 3\n>p1 move closecombat\n>p2 move bodyslam\n>p1 switch 4\n>p1 move tripleaxel terastallize\n>p2 move slackoff\n>p1 move tripleaxel\n>p2 move bulkup\n>p1 move tripleaxel\n>p2 move slackoff\n>p1 move tripleaxel\n>p2 move bodyslam\n>p1 move tripleaxel\n>p2 move bodyslam", "uploadtime": 1732964388, "views": 1, "formatid": "gen9randombattle", "rating": null, "private": 0, "password": null}