{"id": "gen9randombattle-2254061110", "format": "[Gen 9] Random Battle", "players": ["BZJ HCX", "Batmaroc"], "log": "|j|\u2606BZJ HCX\n|j|\u2606Batmaroc\n|t:|1732986367\n|gametype|singles\n|player|p1|BZJ HCX|101|1087\n|player|p2|Batmaroc|swimmer-gen4dp|1078\n|teamsize|p1|6\n|teamsize|p2|6\n|gen|9\n|tier|[Gen 9] Random Battle\n|rated|\n|rule|Species Clause: Limit one of each Pok\u00e9mon\n|rule|HP Percentage Mod: HP is shown in percentages\n|rule|Sleep Clause Mod: Limit one foe put to sleep\n|rule|Illusion Level Mod: Illusion disguises the Pok\u00e9mon's true level\n|\n|t:|1732986367\n|start\n|switch|p1a: Excadrill|Excadrill, L80, F|307/307\n|switch|p2a: Raging Bolt|Raging Bolt, L78|323/323\n|-ability|p1a: Excadrill|Mold Breaker\n|turn|1\n|\n|t:|1732986385\n|-end|p2a: Raging Bolt|Protosynthesis|[silent]\n|switch|p2a: Gyarados|Gyarados, L79, F|280/280\n|move|p1a: Excadrill|Swords Dance|p1a: Excadrill\n|-boost|p1a: Excadrill|atk|2\n|\n|upkeep\n|turn|2\n|\n|t:|1732986394\n|move|p1a: Excadrill|Iron Head|p2a: Gyarados\n|-resisted|p2a: Gyarados\n|-damage|p2a: Gyarados|169/280\n|cant|p2a: Gyarados|flinch\n|\n|upkeep\n|turn|3\n|\n|t:|1732986418\n|switch|p1a: Sunflora|Sunflora, M|312/312\n|move|p2a: Gyarados|Waterfall|p1a: Sunflora\n|-resisted|p1a: Sunflora\n|-damage|p1a: Sunflora|261/312\n|\n|upkeep\n|turn|4\n|\n|t:|1732986439\n|switch|p2a: Glalie|Glalie, L96, F|309/309\n|move|p1a: Sunflora|Earth Power|p2a: Glalie\n|-damage|p2a: Glalie|184/309\n|-damage|p1a: Sunflora|230/312|[from] item: Life Orb\n|\n|upkeep\n|turn|5\n|\n|t:|1732986459\n|-terastallize|p1a: Sunflora|Fire\n|move|p2a: Glalie|Freeze-Dry|p1a: Sunflora\n|-resisted|p1a: Sunflora\n|-damage|p1a: Sunflora|191/312\n|move|p1a: Sunflora|Sunny Day|p1a: Sunflora\n|-weather|SunnyDay\n|\n|-weather|SunnyDay|[upkeep]\n|upkeep\n|turn|6\n|\n|t:|1732986480\n|switch|p2a: Gyarados|Gyarados, L79, F|169/280\n|move|p1a: Sunflora|Weather Ball|p2a: Gyarados\n|-resisted|p2a: Gyarados\n|-damage|p2a: Gyarados|14/280\n|-damage|p1a: Sunflora|160/312|[from] item: Life Orb\n|\n|-weather|SunnyDay|[upkeep]\n|upkeep\n|turn|7\n|\n|t:|1732986492\n|move|p1a: Sunflora|Solar Beam||[still]\n|-prepare|p1a: Sunflora|Solar Beam\n|-anim|p1a: Sunflora|Solar Beam|p2a: Gyarados\n|-damage|p2a: Gyarados|0 fnt\n|faint|p2a: Gyarados\n|-damage|p1a: Sunflora|129/312|[from] item: Life Orb\n|\n|-weather|SunnyDay|[upkeep]\n|upkeep\n|inactive|Battle timer is ON: inactive players will automatically lose when time's up. (requested by BZJ HCX)\n|\n|t:|1732986521\n|switch|p2a: Raging Bolt|Raging Bolt, L78|323/323\n|-activate|p2a: Raging Bolt|ability: Protosynthesis\n|-start|p2a: Raging Bolt|protosynthesisspa\n|turn|8\n|\n|t:|1732986535\n|move|p2a: Raging Bolt|Thunderclap|p1a: Sunflora\n|-damage|p1a: Sunflora|33/312\n|move|p1a: Sunflora|Solar Beam||[still]\n|-prepare|p1a: Sunflora|Solar Beam\n|-anim|p1a: Sunflora|Solar Beam|p2a: Raging Bolt\n|-resisted|p2a: Raging Bolt\n|-damage|p2a: Raging Bolt|194/323\n|-damage|p1a: Sunflora|2/312|[from] item: Life Orb\n|\n|-weather|SunnyDay|[upkeep]\n|-heal|p2a: Raging Bolt|214/323|[from] item: Leftovers\n|upkeep\n|turn|9\n|\n|t:|1732986550\n|move|p1a: Sunflora|Weather Ball|p2a: Raging Bolt\n|-resisted|p2a: Raging Bolt\n|-damage|p2a: Raging Bolt|42/323\n|-damage|p1a: Sunflora|0 fnt|[from] item: Life Orb\n|faint|p1a: Sunflora\n|move|p2a: Raging Bolt|Thunderbolt|p1: Sunflora|[notarget]\n|-fail|p2a: Raging Bolt\n|\n|-weather|none\n|-end|p2a: Raging Bolt|Protosynthesis\n|-heal|p2a: Raging Bolt|62/323|[from] item: Leftovers\n|upkeep\n|\n|t:|1732986562\n|switch|p1a: Excadrill|Excadrill, L80, F|307/307\n|-ability|p1a: Excadrill|Mold Breaker\n|turn|10\n|\n|t:|1732986571\n|-end|p2a: Raging Bolt|Protosynthesis|[silent]\n|switch|p2a: Meganium|Meganium, L90, M|290/290\n|move|p1a: Excadrill|Earthquake|p2a: Meganium\n|-resisted|p2a: Meganium\n|-damage|p2a: Meganium|231/290\n|\n|-heal|p2a: Meganium|249/290|[from] item: Leftovers\n|upkeep\n|turn|11\n|\n|t:|1732986586\n|switch|p1a: Noctowl|Noctowl, L95, F|344/344\n|move|p2a: Meganium|Energy Ball|p1a: Noctowl\n|-resisted|p1a: Noctowl\n|-damage|p1a: Noctowl|305/344\n|\n|-heal|p2a: Meganium|267/290|[from] item: Leftovers\n|upkeep\n|turn|12\n|\n|t:|1732986602\n|move|p1a: Noctowl|Nasty Plot|p1a: Noctowl\n|-boost|p1a: Noctowl|spa|2\n|move|p2a: Meganium|Dragon Tail|p1a: Noctowl|[miss]\n|-miss|p2a: Meganium|p1a: Noctowl\n|\n|-heal|p2a: Meganium|285/290|[from] item: Leftovers\n|upkeep\n|turn|13\n|\n|t:|1732986615\n|move|p2a: Meganium|Knock Off|p1a: Noctowl\n|-damage|p1a: Noctowl|205/344\n|-enditem|p1a: Noctowl|Heavy-Duty Boots|[from] move: Knock Off|[of] p2a: Meganium\n|move|p1a: Noctowl|Hurricane|p2a: Meganium\n|-supereffective|p2a: Meganium\n|-damage|p2a: Meganium|0 fnt\n|faint|p2a: Meganium\n|\n|upkeep\n|\n|t:|1732986629\n|switch|p2a: Glalie|Glalie, L96, F|184/309\n|turn|14\n|\n|t:|1732986653\n|move|p2a: Glalie|Freeze-Dry|p1a: Noctowl\n|-supereffective|p1a: Noctowl\n|-damage|p1a: Noctowl|65/344\n|move|p1a: Noctowl|Hyper Voice|p2a: Glalie\n|-damage|p2a: Glalie|0 fnt\n|faint|p2a: Glalie\n|\n|upkeep\n|\n|t:|1732986666\n|switch|p2a: Salazzle|Salazzle, L83, F|249/249\n|turn|15\n|\n|t:|1732986674\n|switch|p1a: Whiscash|Whiscash, L88, M|337/337\n|move|p2a: Salazzle|Flamethrower|p1a: Whiscash\n|-resisted|p1a: Whiscash\n|-damage|p1a: Whiscash|277/337\n|-status|p1a: Whiscash|brn\n|\n|-heal|p1a: Whiscash|298/337 brn|[from] item: Leftovers\n|-damage|p1a: Whiscash|277/337 brn|[from] brn\n|upkeep\n|turn|16\n|\n|t:|1732986688\n|-terastallize|p2a: Salazzle|Grass\n|move|p2a: Salazzle|Toxic||[still]\n|-fail|p2a: Salazzle\n|move|p1a: Whiscash|Stealth Rock|p2a: Salazzle\n|-sidestart|p2: Batmaroc|move: Stealth Rock\n|\n|-heal|p1a: Whiscash|298/337 brn|[from] item: Leftovers\n|-damage|p1a: Whiscash|277/337 brn|[from] brn\n|upkeep\n|turn|17\n|\n|t:|1732986705\n|move|p2a: Salazzle|Flamethrower|p1a: Whiscash\n|-resisted|p1a: Whiscash\n|-damage|p1a: Whiscash|218/337 brn\n|move|p1a: Whiscash|Ice Beam|p2a: Salazzle\n|-supereffective|p2a: Salazzle\n|-damage|p2a: Salazzle|95/249\n|\n|-heal|p2a: Salazzle|110/249|[from] item: Leftovers\n|-heal|p1a: Whiscash|239/337 brn|[from] item: Leftovers\n|-damage|p1a: Whiscash|218/337 brn|[from] brn\n|upkeep\n|turn|18\n|\n|t:|1732986720\n|move|p2a: Salazzle|Substitute|p2a: Salazzle\n|-start|p2a: Salazzle|Substitute\n|-damage|p2a: Salazzle|48/249\n|move|p1a: Whiscash|Ice Beam|p2a: Salazzle\n|-supereffective|p2a: Salazzle\n|-end|p2a: Salazzle|Substitute\n|\n|-heal|p2a: Salazzle|63/249|[from] item: Leftovers\n|-heal|p1a: Whiscash|239/337 brn|[from] item: Leftovers\n|-damage|p1a: Whiscash|218/337 brn|[from] brn\n|upkeep\n|turn|19\n|\n|t:|1732986731\n|move|p2a: Salazzle|Protect|p2a: Salazzle\n|-singleturn|p2a: Salazzle|Protect\n|move|p1a: Whiscash|Ice Beam|p2a: Salazzle\n|-activate|p2a: Salazzle|move: Protect\n|\n|-heal|p2a: Salazzle|78/249|[from] item: Leftovers\n|-heal|p1a: Whiscash|239/337 brn|[from] item: Leftovers\n|-damage|p1a: Whiscash|218/337 brn|[from] brn\n|upkeep\n|turn|20\n|\n|t:|1732986743\n|move|p2a: Salazzle|Flamethrower|p1a: Whiscash\n|-resisted|p1a: Whiscash\n|-damage|p1a: Whiscash|157/337 brn\n|move|p1a: Whiscash|Ice Beam|p2a: Salazzle\n|-supereffective|p2a: Salazzle\n|-damage|p2a: Salazzle|0 fnt\n|faint|p2a: Salazzle\n|\n|-heal|p1a: Whiscash|178/337 brn|[from] item: Leftovers\n|-damage|p1a: Whiscash|157/337 brn|[from] brn\n|upkeep\n|\n|t:|1732986755\n|switch|p2a: Raging Bolt|Raging Bolt, L78|62/323\n|-damage|p2a: Raging Bolt|22/323|[from] Stealth Rock\n|turn|21\n|\n|t:|1732986761\n|move|p2a: Raging Bolt|Thunderclap|p1a: Whiscash\n|-immune|p1a: Whiscash\n|move|p1a: Whiscash|Ice Beam|p2a: Raging Bolt\n|-supereffective|p2a: Raging Bolt\n|-damage|p2a: Raging Bolt|0 fnt\n|faint|p2a: Raging Bolt\n|-end|p2a: Raging Bolt|Protosynthesis|[silent]\n|\n|-heal|p1a: Whiscash|178/337 brn|[from] item: Leftovers\n|-damage|p1a: Whiscash|157/337 brn|[from] brn\n|upkeep\n|\n|t:|1732986772\n|switch|p2a: Tinkaton|Tinkaton, L82, F|274/274\n|-damage|p2a: Tinkaton|257/274|[from] Stealth Rock\n|-ability|p2a: Tinkaton|Mold Breaker\n|turn|22\n|\n|t:|1732986780\n|move|p2a: Tinkaton|Gigaton Hammer|p1a: Whiscash\n|-resisted|p1a: Whiscash\n|-damage|p1a: Whiscash|56/337 brn\n|-damage|p2a: Tinkaton|230/274|[from] item: Life Orb\n|move|p1a: Whiscash|Earthquake|p2a: Tinkaton\n|-supereffective|p2a: Tinkaton\n|-damage|p2a: Tinkaton|119/274\n|\n|-heal|p1a: Whiscash|77/337 brn|[from] item: Leftovers\n|-damage|p1a: Whiscash|56/337 brn|[from] brn\n|upkeep\n|turn|23\n|\n|t:|1732986795\n|move|p2a: Tinkaton|Knock Off|p1a: Whiscash\n|-damage|p1a: Whiscash|0 fnt\n|-enditem|p1a: Whiscash|Leftovers|[from] move: Knock Off|[of] p2a: Tinkaton\n|faint|p1a: Whiscash\n|-damage|p2a: Tinkaton|92/274|[from] item: Life Orb\n|\n|upkeep\n|\n|t:|1732986800\n|switch|p1a: Excadrill|Excadrill, L80, F|307/307\n|-ability|p1a: Excadrill|Mold Breaker\n|turn|24\n|\n|t:|1732986809\n|move|p2a: Tinkaton|Play Rough|p1a: Excadrill\n|-resisted|p1a: Excadrill\n|-damage|p1a: Excadrill|239/307\n|-damage|p2a: Tinkaton|65/274|[from] item: Life Orb\n|move|p1a: Excadrill|Earthquake|p2a: Tinkaton\n|-supereffective|p2a: Tinkaton\n|-damage|p2a: Tinkaton|0 fnt\n|faint|p2a: Tinkaton\n|\n|win|BZJ HCX\n|raw|BZJ HCX's rating: 1087 &rarr; <strong>1113</strong><br />(+26 for winning)\n|raw|Batmaroc's rating: 1078 &rarr; <strong>1057</strong><br />(-21 for losing)\n|l|\u2606Batmaroc\n|player|p2|\n", "inputlog": ">version b107d77f5c90bd6555267ae244a6264823309ead\n>start {\"formatid\":\"gen9randombattle\",\"seed\":[9164,10854,45461,516],\"rated\":\"Rated battle\"}\n>player p1 {\"name\":\"BZJ HCX\",\"avatar\":\"101\",\"rating\":1087,\"seed\":[26139,27229,47843,39582]}\n>player p2 {\"name\":\"Batmaroc\",\"avatar\":\"swimmer-gen4dp\",\"rating\":1078,\"seed\":[3354,49046,6456,26604]}\n>p1 move swordsdance\n>p2 switch 3\n>p1 move ironhead\n>p2 move dragondance\n>p1 switch 3\n>p2 move waterfall\n>p1 move earthpower\n>p2 switch 5\n>p1 move sunnyday terastallize\n>p2 move freezedry\n>p1 move weatherball\n>p2 switch 5\n>p1 move solarbeam\n>p2 move waterfall\n>p2 switch 3\n>p1 move solarbeam\n>p2 move thunderclap\n>p1 move weatherball\n>p2 move thunderbolt\n>p1 switch 3\n>p1 move earthquake\n>p2 switch 2\n>p1 switch 2\n>p2 move energyball\n>p1 move nastyplot\n>p2 move dragontail\n>p1 move hurricane\n>p2 move knockoff\n>p2 switch 5\n>p1 move hypervoice\n>p2 move freezedry\n>p2 switch 4\n>p1 switch 5\n>p2 move flamethrower\n>p1 move stealthrock\n>p2 move toxic terastallize\n>p1 move icebeam\n>p2 move flamethrower\n>p1 move icebeam\n>p2 move substitute\n>p1 move icebeam\n>p2 move protect\n>p1 move icebeam\n>p2 move flamethrower\n>p2 switch 2\n>p1 move icebeam\n>p2 move thunderclap\n>p2 switch 6\n>p1 move earthquake\n>p2 move gigatonhammer\n>p1 move earthquake\n>p2 move knockoff\n>p1 switch 2\n>p1 move earthquake\n>p2 move playrough", "uploadtime": 1732986823, "views": 3, "formatid": "gen9randombattle", "rating": 1057, "private": 0, "password": null}