{"id": "gen9randombattle-2254137668", "format": "[Gen 9] Random Battle", "players": ["Ninjakirby7", "doothdooth"], "log": "|j|\u2606Ninjakirby7\n|j|\u2606doothdooth\n|t:|1732995844\n|gametype|singles\n|player|p1|Ninjakirby7|psychicf-gen4|1729\n|player|p2|doothdooth|2|1747\n|teamsize|p1|6\n|teamsize|p2|6\n|gen|9\n|tier|[Gen 9] Random Battle\n|rated|\n|rule|Species Clause: Limit one of each Pok\u00e9mon\n|rule|HP Percentage Mod: HP is shown in percentages\n|rule|Sleep Clause Mod: Limit one foe put to sleep\n|rule|Illusion Level Mod: Illusion disguises the Pok\u00e9mon's true level\n|\n|t:|1732995844\n|start\n|switch|p1a: Overqwil|Overqwil, L82, M|274/274\n|switch|p2a: Jumpluff|Jumpluff, L87, M|271/271\n|-ability|p1a: Overqwil|Intimidate|boost\n|-unboost|p2a: Jumpluff|atk|1\n|turn|1\n|\n|t:|1732995853\n|move|p2a: Jumpluff|Sleep Powder|p1a: Overqwil\n|-status|p1a: Overqwil|slp|[from] move: Sleep Powder\n|cant|p1a: Overqwil|slp\n|\n|upkeep\n|turn|2\n|\n|t:|1732995856\n|move|p2a: Jumpluff|U-turn|p1a: Overqwil\n|-damage|p1a: Overqwil|253/274 slp\n|\n|t:|1732995890\n|switch|p2a: Mienshao|Mienshao, L83, F|243/243|[from] U-turn\n|cant|p1a: Overqwil|slp\n|\n|upkeep\n|turn|3\n|\n|t:|1732995900\n|switch|p1a: Giratina|Giratina, L75|349/349\n|-ability|p1a: Giratina|Pressure\n|move|p2a: Mienshao|High Jump Kick|p1a: Giratina\n|-immune|p1a: Giratina\n|-damage|p2a: Mienshao|122/243|[from] highjumpkick\n|\n|upkeep\n|turn|4\n|\n|t:|1732995908\n|switch|p2a: Umbreon|Umbreon, L84, F|297/297\n|move|p1a: Giratina|Dragon Pulse|p2a: Umbreon\n|-damage|p2a: Umbreon|237/297\n|\n|-heal|p2a: Umbreon|255/297|[from] item: Leftovers\n|upkeep\n|turn|5\n|\n|t:|1732995913\n|switch|p1a: Garganacl|Garganacl, L80, F|291/291\n|move|p2a: Umbreon|Wish|p2a: Umbreon\n|\n|-heal|p2a: Umbreon|273/297|[from] item: Leftovers\n|upkeep\n|turn|6\n|\n|t:|1732995918\n|switch|p2a: Mienshao|Mienshao, L83, F|122/243\n|move|p1a: Garganacl|Iron Defense|p1a: Garganacl\n|-boost|p1a: Garganacl|def|2\n|\n|-heal|p2a: Mienshao|243/243|[from] move: Wish|[wisher] Umbreon\n|upkeep\n|turn|7\n|\n|t:|1732995940\n|switch|p2a: Scream Tail|Scream Tail, L84|330/330\n|move|p1a: Garganacl|Salt Cure|p2a: Scream Tail\n|-damage|p2a: Scream Tail|290/330\n|-start|p2a: Scream Tail|Salt Cure\n|\n|-heal|p2a: Scream Tail|310/330|[from] item: Leftovers\n|-damage|p2a: Scream Tail|269/330|[from] Salt Cure\n|upkeep\n|turn|8\n|\n|t:|1732995945\n|move|p2a: Scream Tail|Thunder Wave|p1a: Garganacl\n|-immune|p1a: Garganacl|[from] ability: Purifying Salt\n|move|p1a: Garganacl|Iron Defense|p1a: Garganacl\n|-boost|p1a: Garganacl|def|2\n|\n|-heal|p2a: Scream Tail|289/330|[from] item: Leftovers\n|-damage|p2a: Scream Tail|248/330|[from] Salt Cure\n|upkeep\n|turn|9\n|\n|t:|1732995949\n|move|p2a: Scream Tail|Wish|p2a: Scream Tail\n|move|p1a: Garganacl|Iron Defense|p1a: Garganacl\n|-boost|p1a: Garganacl|def|2\n|\n|-heal|p2a: Scream Tail|268/330|[from] item: Leftovers\n|-damage|p2a: Scream Tail|227/330|[from] Salt Cure\n|upkeep\n|turn|10\n|\n|t:|1732995952\n|move|p2a: Scream Tail|Protect|p2a: Scream Tail\n|-singleturn|p2a: Scream Tail|Protect\n|move|p1a: Garganacl|Body Press|p2a: Scream Tail\n|-activate|p2a: Scream Tail|move: Protect\n|\n|-heal|p2a: Scream Tail|330/330|[from] move: Wish|[wisher] Scream Tail\n|-damage|p2a: Scream Tail|289/330|[from] Salt Cure\n|upkeep\n|turn|11\n|\n|t:|1732995957\n|move|p2a: Scream Tail|Wish|p2a: Scream Tail\n|move|p1a: Garganacl|Body Press|p2a: Scream Tail\n|-resisted|p2a: Scream Tail\n|-damage|p2a: Scream Tail|231/330\n|\n|-heal|p2a: Scream Tail|251/330|[from] item: Leftovers\n|-damage|p2a: Scream Tail|210/330|[from] Salt Cure\n|upkeep\n|turn|12\n|\n|t:|1732995985\n|move|p2a: Scream Tail|Dazzling Gleam|p1a: Garganacl\n|-damage|p1a: Garganacl|228/291\n|move|p1a: Garganacl|Iron Defense|p1a: Garganacl\n|-boost|p1a: Garganacl|def|0\n|\n|-heal|p2a: Scream Tail|330/330|[from] move: Wish|[wisher] Scream Tail\n|-heal|p1a: Garganacl|246/291|[from] item: Leftovers\n|-damage|p2a: Scream Tail|289/330|[from] Salt Cure\n|upkeep\n|turn|13\n|\n|t:|1732996001\n|move|p2a: Scream Tail|Wish|p2a: Scream Tail\n|move|p1a: Garganacl|Iron Defense|p1a: Garganacl\n|-boost|p1a: Garganacl|def|0\n|\n|-heal|p2a: Scream Tail|309/330|[from] item: Leftovers\n|-heal|p1a: Garganacl|264/291|[from] item: Leftovers\n|-damage|p2a: Scream Tail|268/330|[from] Salt Cure\n|upkeep\n|turn|14\n|\n|t:|1732996005\n|-end|p2a: Scream Tail|Protosynthesis|[silent]\n|switch|p2a: Walking Wake|Walking Wake, L79|286/286\n|move|p1a: Garganacl|Iron Defense|p1a: Garganacl\n|-boost|p1a: Garganacl|def|0\n|\n|-heal|p1a: Garganacl|282/291|[from] item: Leftovers\n|upkeep\n|turn|15\n|\n|t:|1732996029\n|-terastallize|p1a: Garganacl|Ghost\n|move|p2a: Walking Wake|Sunny Day|p2a: Walking Wake\n|-weather|SunnyDay\n|-activate|p2a: Walking Wake|ability: Protosynthesis\n|-start|p2a: Walking Wake|protosynthesisspa\n|move|p1a: Garganacl|Salt Cure|p2a: Walking Wake\n|-damage|p2a: Walking Wake|240/286\n|-start|p2a: Walking Wake|Salt Cure\n|\n|-weather|SunnyDay|[upkeep]\n|-heal|p1a: Garganacl|291/291|[from] item: Leftovers\n|-damage|p2a: Walking Wake|169/286|[from] Salt Cure\n|upkeep\n|turn|16\n|\n|t:|1732996041\n|move|p2a: Walking Wake|Hydro Steam|p1a: Garganacl\n|-damage|p1a: Garganacl|32/291\n|-damage|p2a: Walking Wake|141/286|[from] item: Life Orb\n|move|p1a: Garganacl|Body Press|p2a: Walking Wake\n|-damage|p2a: Walking Wake|0 fnt\n|faint|p2a: Walking Wake\n|-end|p2a: Walking Wake|Protosynthesis|[silent]\n|\n|-weather|SunnyDay|[upkeep]\n|-heal|p1a: Garganacl|50/291|[from] item: Leftovers\n|upkeep\n|\n|t:|1732996067\n|switch|p2a: Mienshao|Mienshao, L83, F|243/243\n|turn|17\n|\n|t:|1732996071\n|move|p2a: Mienshao|Knock Off|p1a: Garganacl\n|-supereffective|p1a: Garganacl\n|-damage|p1a: Garganacl|4/291\n|-enditem|p1a: Garganacl|Leftovers|[from] move: Knock Off|[of] p2a: Mienshao\n|move|p1a: Garganacl|Recover|p1a: Garganacl\n|-heal|p1a: Garganacl|150/291\n|\n|-weather|SunnyDay|[upkeep]\n|upkeep\n|turn|18\n|\n|t:|1732996080\n|switch|p2a: Scream Tail|Scream Tail, L84|268/330\n|-activate|p2a: Scream Tail|ability: Protosynthesis\n|-start|p2a: Scream Tail|protosynthesisspd\n|move|p1a: Garganacl|Recover|p1a: Garganacl\n|-heal|p1a: Garganacl|291/291\n|\n|-weather|SunnyDay|[upkeep]\n|-heal|p2a: Scream Tail|288/330|[from] item: Leftovers\n|upkeep\n|turn|19\n|\n|t:|1732996084\n|move|p2a: Scream Tail|Wish|p2a: Scream Tail\n|move|p1a: Garganacl|Salt Cure|p2a: Scream Tail\n|-damage|p2a: Scream Tail|246/330\n|-start|p2a: Scream Tail|Salt Cure\n|\n|-weather|none\n|-end|p2a: Scream Tail|Protosynthesis\n|-heal|p2a: Scream Tail|266/330|[from] item: Leftovers\n|-damage|p2a: Scream Tail|225/330|[from] Salt Cure\n|upkeep\n|turn|20\n|\n|t:|1732996092\n|-end|p2a: Scream Tail|Protosynthesis|[silent]\n|switch|p2a: Umbreon|Umbreon, L84, F|273/297\n|move|p1a: Garganacl|Iron Defense|p1a: Garganacl\n|-boost|p1a: Garganacl|def|0\n|\n|-heal|p2a: Umbreon|297/297|[from] move: Wish|[wisher] Scream Tail\n|upkeep\n|turn|21\n|\n|t:|1732996096\n|move|p2a: Umbreon|Foul Play|p1a: Garganacl\n|-supereffective|p1a: Garganacl\n|-damage|p1a: Garganacl|249/291\n|move|p1a: Garganacl|Body Press|p2a: Umbreon\n|-supereffective|p2a: Umbreon\n|-damage|p2a: Umbreon|0 fnt\n|faint|p2a: Umbreon\n|\n|upkeep\n|\n|t:|1732996100\n|switch|p2a: Scream Tail|Scream Tail, L84|225/330\n|turn|22\n|\n|t:|1732996105\n|move|p2a: Scream Tail|Wish|p2a: Scream Tail\n|move|p1a: Garganacl|Salt Cure|p2a: Scream Tail\n|-damage|p2a: Scream Tail|186/330\n|-start|p2a: Scream Tail|Salt Cure\n|\n|-heal|p2a: Scream Tail|206/330|[from] item: Leftovers\n|-damage|p2a: Scream Tail|165/330|[from] Salt Cure\n|upkeep\n|turn|23\n|\n|t:|1732996109\n|move|p2a: Scream Tail|Protect|p2a: Scream Tail\n|-singleturn|p2a: Scream Tail|Protect\n|move|p1a: Garganacl|Iron Defense|p1a: Garganacl\n|-boost|p1a: Garganacl|def|0\n|\n|-heal|p2a: Scream Tail|330/330|[from] move: Wish|[wisher] Scream Tail\n|-damage|p2a: Scream Tail|289/330|[from] Salt Cure\n|upkeep\n|turn|24\n|-message|doothdooth forfeited.\n|\n|win|Ninjakirby7\n|raw|Ninjakirby7's rating: 1729 &rarr; <strong>1750</strong><br />(+21 for winning)\n|raw|doothdooth's rating: 1747 &rarr; <strong>1726</strong><br />(-21 for losing)\n|l|\u2606doothdooth\n|player|p2|\n", "inputlog": ">version b107d77f5c90bd6555267ae244a6264823309ead\n>start {\"formatid\":\"gen9randombattle\",\"seed\":[48553,56697,43950,565],\"rated\":\"Rated battle\"}\n>player p1 {\"name\":\"Ninjakirby7\",\"avatar\":\"psychicf-gen4\",\"rating\":1729,\"seed\":[46063,11591,49481,44921]}\n>player p2 {\"name\":\"doothdooth\",\"avatar\":\"2\",\"rating\":1747,\"seed\":[38293,8715,10323,39121]}\n>p1 move gunkshot\n>p2 move sleeppowder\n>p1 move gunkshot\n>p2 move uturn\n>p2 switch 3\n>p1 switch 3\n>p2 move highjumpkick\n>p1 move dragonpulse\n>p2 switch 2\n>p1 switch 2\n>p2 move wish\n>p1 move irondefense\n>p2 switch 2\n>p1 move saltcure\n>p2 switch 6\n>p1 move irondefense\n>p2 move thunderwave\n>p1 move irondefense\n>p2 move wish\n>p1 move bodypress\n>p2 move protect\n>p1 move bodypress\n>p2 move wish\n>p1 move irondefense\n>p2 move dazzlinggleam\n>p1 move irondefense\n>p2 move wish\n>p1 move irondefense\n>p2 switch 4\n>p1 move saltcure terastallize\n>p2 move sunnyday\n>p1 move bodypress\n>p2 move hydrosteam\n>p2 switch 6\n>p1 move recover\n>p2 move knockoff\n>p1 move recover\n>p2 switch 4\n>p1 move saltcure\n>p2 move wish\n>p1 move irondefense\n>p2 switch 2\n>p1 move bodypress\n>p2 move foulplay\n>p2 switch 2\n>p1 move saltcure\n>p2 move wish\n>p1 move irondefense\n>p2 move protect\n>forcelose p2", "uploadtime": 1732996117, "views": 12, "formatid": "gen9randombattle", "rating": 1726, "private": 0, "password": null}