{"id": "gen9randombattle-2253959746", "format": "[Gen 9] Random Battle", "players": ["Phu_Magic", "NeonAAA"], "log": "|j|\u2606Phu_Magic\n|j|\u2606NeonAAA\n|t:|1732971647\n|gametype|singles\n|player|p1|Phu_Magic|artist|1593\n|player|p2|NeonAAA|n|1619\n|teamsize|p1|6\n|teamsize|p2|6\n|gen|9\n|tier|[Gen 9] Random Battle\n|rated|\n|rule|Species Clause: Limit one of each Pok\u00e9mon\n|rule|HP Percentage Mod: HP is shown in percentages\n|rule|Sleep Clause Mod: Limit one foe put to sleep\n|rule|Illusion Level Mod: Illusion disguises the Pok\u00e9mon's true level\n|\n|t:|1732971647\n|start\n|switch|p1a: Sneasler|Sneasler, L74, F|240/240\n|switch|p2a: Baxcalibur|Baxcalibur, L75, M|296/296\n|turn|1\n|inactive|Battle timer is ON: inactive players will automatically lose when time's up. (requested by NeonAAA)\n|inactive|NeonAAA has 120 seconds left.\n|\n|t:|1732971684\n|switch|p2a: Weezing|Weezing-Galar, L86, M|252/252\n|move|p1a: Sneasler|U-turn|p2a: Weezing\n|-resisted|p2a: Weezing\n|-damage|p2a: Weezing|239/252\n|inactive|Phu_Magic has 120 seconds left.\n|\n|t:|1732971718\n|switch|p1a: Torkoal|Torkoal, L88, F|266/266|[from] U-turn\n|-weather|SunnyDay|[from] ability: Drought|[of] p1a: Torkoal\n|\n|-weather|SunnyDay|[upkeep]\n|-heal|p2a: Weezing|252/252|[from] item: Leftovers\n|upkeep\n|turn|2\n|inactive|Phu_Magic has 120 seconds left.\n|\n|t:|1732971737\n|switch|p1a: Charizard|Charizard, L85, F|271/271\n|move|p2a: Weezing|Strange Steam|p1a: Charizard\n|-resisted|p1a: Charizard\n|-damage|p1a: Charizard|223/271\n|-start|p1a: Charizard|confusion\n|\n|-weather|SunnyDay|[upkeep]\n|upkeep\n|turn|3\n|inactive|Phu_Magic has 120 seconds left.\n|\n|t:|1732971761\n|switch|p2a: Abomasnow|Abomasnow, L85, F|291/291\n|-weather|Snow|[from] ability: Snow Warning|[of] p2a: Abomasnow\n|-terastallize|p1a: Charizard|Fire\n|-activate|p1a: Charizard|confusion\n|move|p1a: Charizard|Flamethrower|p2a: Abomasnow\n|-supereffective|p2a: Abomasnow\n|-damage|p2a: Abomasnow|0 fnt\n|faint|p2a: Abomasnow\n|\n|-weather|Snow|[upkeep]\n|upkeep\n|inactive|NeonAAA has 120 seconds left.\n|\n|t:|1732971774\n|switch|p2a: Baxcalibur|Baxcalibur, L75, M|296/296\n|turn|4\n|inactive|Phu_Magic has 120 seconds left.\n|\n|t:|1732971794\n|switch|p1a: Sneasler|Sneasler, L74, F|240/240\n|move|p2a: Baxcalibur|Dragon Dance|p2a: Baxcalibur\n|-boost|p2a: Baxcalibur|atk|1\n|-boost|p2a: Baxcalibur|spe|1\n|\n|-weather|Snow|[upkeep]\n|upkeep\n|turn|5\n|\n|t:|1732971813\n|switch|p1a: Scream Tail|Scream Tail, L84|330/330\n|move|p2a: Baxcalibur|Earthquake|p1a: Scream Tail\n|-damage|p1a: Scream Tail|215/330\n|\n|-weather|Snow|[upkeep]\n|-heal|p1a: Scream Tail|235/330|[from] item: Leftovers\n|upkeep\n|turn|6\n|inactive|Phu_Magic has 120 seconds left.\n|\n|t:|1732971836\n|move|p1a: Scream Tail|Protect|p1a: Scream Tail\n|-singleturn|p1a: Scream Tail|Protect\n|move|p2a: Baxcalibur|Dragon Dance|p2a: Baxcalibur\n|-boost|p2a: Baxcalibur|atk|1\n|-boost|p2a: Baxcalibur|spe|1\n|\n|-weather|Snow|[upkeep]\n|-heal|p1a: Scream Tail|255/330|[from] item: Leftovers\n|upkeep\n|turn|7\n|inactive|NeonAAA has 120 seconds left.\n|\n|t:|1732971862\n|-end|p1a: Scream Tail|Protosynthesis|[silent]\n|switch|p1a: Torkoal|Torkoal, L88, F|266/266\n|-weather|SunnyDay|[from] ability: Drought|[of] p1a: Torkoal\n|move|p2a: Baxcalibur|Icicle Crash|p1a: Torkoal\n|-resisted|p1a: Torkoal\n|-damage|p1a: Torkoal|201/266\n|\n|-weather|SunnyDay|[upkeep]\n|upkeep\n|turn|8\n|\n|t:|1732971868\n|move|p2a: Baxcalibur|Earthquake|p1a: Torkoal\n|-supereffective|p1a: Torkoal\n|-damage|p1a: Torkoal|0 fnt\n|faint|p1a: Torkoal\n|\n|-weather|SunnyDay|[upkeep]\n|upkeep\n|\n|t:|1732971875\n|switch|p1a: Charizard|Charizard, L85, F, tera:Fire|223/271\n|turn|9\n|inactive|Phu_Magic has 120 seconds left.\n|inactive|NeonAAA has 120 seconds left.\n|\n|t:|1732971894\n|switch|p1a: Scream Tail|Scream Tail, L84|255/330\n|-activate|p1a: Scream Tail|ability: Protosynthesis\n|-start|p1a: Scream Tail|protosynthesisspd\n|move|p2a: Baxcalibur|Earthquake|p1a: Scream Tail\n|-damage|p1a: Scream Tail|117/330\n|\n|-weather|SunnyDay|[upkeep]\n|-heal|p1a: Scream Tail|137/330|[from] item: Leftovers\n|upkeep\n|turn|10\n|inactive|NeonAAA has 120 seconds left.\n|\n|t:|1732971908\n|move|p2a: Baxcalibur|Icicle Crash|p1a: Scream Tail\n|-damage|p1a: Scream Tail|0 fnt\n|faint|p1a: Scream Tail\n|-end|p1a: Scream Tail|Protosynthesis|[silent]\n|\n|-weather|SunnyDay|[upkeep]\n|upkeep\n|\n|t:|1732971916\n|switch|p1a: Dunsparce|Dunsparce, L86, M|312/312\n|turn|11\n|c|\u2606Phu_Magic|pls\n|\n|t:|1732971926\n|move|p2a: Baxcalibur|Icicle Crash|p1a: Dunsparce\n|-damage|p1a: Dunsparce|152/312\n|move|p1a: Dunsparce|Body Slam|p2a: Baxcalibur\n|-damage|p2a: Baxcalibur|209/296\n|-status|p2a: Baxcalibur|par\n|\n|-weather|none\n|upkeep\n|turn|12\n|c|\u2606Phu_Magic|let go!!!\n|\n|t:|1732971942\n|switch|p1a: Sneasler|Sneasler, L74, F|240/240\n|cant|p2a: Baxcalibur|par\n|\n|upkeep\n|turn|13\n|inactive|NeonAAA has 120 seconds left.\n|\n|t:|1732971970\n|switch|p2a: Yanmega|Yanmega, L82, F|275/275\n|move|p1a: Sneasler|Close Combat|p2a: Yanmega\n|-resisted|p2a: Yanmega\n|-damage|p2a: Yanmega|226/275\n|-unboost|p1a: Sneasler|def|1\n|-unboost|p1a: Sneasler|spd|1\n|\n|upkeep\n|turn|14\n|inactive|NeonAAA has 120 seconds left.\n|\n|t:|1732971987\n|switch|p1a: Charizard|Charizard, L85, F, tera:Fire|223/271\n|move|p2a: Yanmega|Air Slash|p1a: Charizard|[miss]\n|-miss|p2a: Yanmega|p1a: Charizard\n|\n|-ability|p2a: Yanmega|Speed Boost|boost\n|-boost|p2a: Yanmega|spe|1\n|upkeep\n|turn|15\n|\n|t:|1732972003\n|switch|p2a: Plusle|Plusle, L95, M|268/268\n|move|p1a: Charizard|Flamethrower|p2a: Plusle\n|-damage|p2a: Plusle|130/268\n|\n|upkeep\n|turn|16\n|inactive|Phu_Magic has 120 seconds left.\n|\n|t:|1732972031\n|move|p2a: Plusle|Encore|p1a: Charizard\n|-start|p1a: Charizard|Encore\n|move|p1a: Charizard|Flamethrower|p2a: Plusle\n|-damage|p2a: Plusle|0 fnt\n|faint|p2a: Plusle\n|\n|upkeep\n|inactive|NeonAAA has 90 seconds left.\n|\n|t:|1732972064\n|switch|p2a: Hariyama|Hariyama, L87, M|392/392\n|turn|17\n|inactive|Phu_Magic has 120 seconds left.\n|\n|t:|1732972076\n|switch|p1a: Sneasler|Sneasler, L74, F|240/240\n|move|p2a: Hariyama|Fake Out|p1a: Sneasler\n|-damage|p1a: Sneasler|190/240\n|\n|-status|p2a: Hariyama|brn|[from] item: Flame Orb\n|upkeep\n|turn|18\n|inactive|Phu_Magic has 120 seconds left.\n|\n|t:|1732972088\n|move|p1a: Sneasler|U-turn|p2a: Hariyama\n|-resisted|p2a: Hariyama\n|-damage|p2a: Hariyama|350/392 brn\n|\n|t:|1732972091\n|switch|p1a: Charizard|Charizard, L85, F, tera:Fire|223/271|[from] U-turn\n|move|p2a: Hariyama|Facade|p1a: Charizard\n|-damage|p1a: Charizard|12/271\n|\n|-damage|p2a: Hariyama|326/392 brn|[from] brn\n|upkeep\n|turn|19\n|inactive|NeonAAA has 90 seconds left.\n|\n|t:|1732972107\n|move|p1a: Charizard|Hurricane|p2a: Hariyama\n|-supereffective|p2a: Hariyama\n|-damage|p2a: Hariyama|6/392 brn\n|-start|p2a: Hariyama|confusion\n|-activate|p2a: Hariyama|confusion\n|move|p2a: Hariyama|Knock Off|p1a: Charizard\n|-damage|p1a: Charizard|0 fnt\n|-enditem|p1a: Charizard|Heavy-Duty Boots|[from] move: Knock Off|[of] p2a: Hariyama\n|faint|p1a: Charizard\n|\n|-damage|p2a: Hariyama|0 fnt|[from] brn\n|faint|p2a: Hariyama\n|upkeep\n|inactive|NeonAAA has 90 seconds left.\n|\n|t:|1732972125\n|switch|p1a: Dunsparce|Dunsparce, L86, M|152/312\n|switch|p2a: Weezing|Weezing-Galar, L86, M|252/252\n|turn|20\n|\n|t:|1732972142\n|move|p2a: Weezing|Strange Steam|p1a: Dunsparce\n|-damage|p1a: Dunsparce|83/312\n|move|p1a: Dunsparce|Roost|p1a: Dunsparce\n|-heal|p1a: Dunsparce|239/312\n|-singleturn|p1a: Dunsparce|move: Roost\n|\n|upkeep\n|turn|21\n|\n|t:|1732972147\n|move|p2a: Weezing|Strange Steam|p1a: Dunsparce|[miss]\n|-miss|p2a: Weezing|p1a: Dunsparce\n|move|p1a: Dunsparce|Coil|p1a: Dunsparce\n|-boost|p1a: Dunsparce|atk|1\n|-boost|p1a: Dunsparce|def|1\n|-boost|p1a: Dunsparce|accuracy|1\n|\n|upkeep\n|turn|22\n|\n|t:|1732972153\n|move|p2a: Weezing|Strange Steam|p1a: Dunsparce\n|-damage|p1a: Dunsparce|169/312\n|move|p1a: Dunsparce|Body Slam|p2a: Weezing\n|-damage|p2a: Weezing|167/252\n|-status|p2a: Weezing|par\n|\n|-heal|p2a: Weezing|182/252 par|[from] item: Leftovers\n|upkeep\n|turn|23\n|\n|t:|1732972161\n|move|p1a: Dunsparce|Roost|p1a: Dunsparce\n|-heal|p1a: Dunsparce|312/312\n|-singleturn|p1a: Dunsparce|move: Roost\n|move|p2a: Weezing|Strange Steam|p1a: Dunsparce\n|-damage|p1a: Dunsparce|233/312\n|\n|-heal|p2a: Weezing|197/252 par|[from] item: Leftovers\n|upkeep\n|turn|24\n|\n|t:|1732972166\n|move|p1a: Dunsparce|Coil|p1a: Dunsparce\n|-boost|p1a: Dunsparce|atk|1\n|-boost|p1a: Dunsparce|def|1\n|-boost|p1a: Dunsparce|accuracy|1\n|move|p2a: Weezing|Gunk Shot|p1a: Dunsparce\n|-damage|p1a: Dunsparce|182/312\n|\n|-heal|p2a: Weezing|212/252 par|[from] item: Leftovers\n|upkeep\n|turn|25\n|\n|t:|1732972168\n|move|p1a: Dunsparce|Roost|p1a: Dunsparce\n|-heal|p1a: Dunsparce|312/312\n|-singleturn|p1a: Dunsparce|move: Roost\n|move|p2a: Weezing|Gunk Shot|p1a: Dunsparce\n|-damage|p1a: Dunsparce|260/312\n|\n|-heal|p2a: Weezing|227/252 par|[from] item: Leftovers\n|upkeep\n|turn|26\n|inactive|NeonAAA has 120 seconds left.\n|\n|t:|1732972175\n|move|p1a: Dunsparce|Coil|p1a: Dunsparce\n|-boost|p1a: Dunsparce|atk|1\n|-boost|p1a: Dunsparce|def|1\n|-boost|p1a: Dunsparce|accuracy|1\n|move|p2a: Weezing|Gunk Shot|p1a: Dunsparce\n|-damage|p1a: Dunsparce|223/312\n|\n|-heal|p2a: Weezing|242/252 par|[from] item: Leftovers\n|upkeep\n|turn|27\n|\n|t:|1732972177\n|move|p1a: Dunsparce|Coil|p1a: Dunsparce\n|-boost|p1a: Dunsparce|atk|1\n|-boost|p1a: Dunsparce|def|1\n|-boost|p1a: Dunsparce|accuracy|1\n|cant|p2a: Weezing|par\n|\n|-heal|p2a: Weezing|252/252 par|[from] item: Leftovers\n|upkeep\n|turn|28\n|c|\u2606NeonAAA|gg\n|c|\u2606Phu_Magic|gg\n|\n|t:|1732972187\n|move|p1a: Dunsparce|Body Slam|p2a: Weezing\n|-damage|p2a: Weezing|95/252 par\n|move|p2a: Weezing|Gunk Shot|p1a: Dunsparce\n|-damage|p1a: Dunsparce|186/312\n|-status|p1a: Dunsparce|psn\n|\n|-heal|p2a: Weezing|110/252 par|[from] item: Leftovers\n|-damage|p1a: Dunsparce|147/312 psn|[from] psn\n|upkeep\n|turn|29\n|\n|t:|1732972199\n|move|p1a: Dunsparce|Roost|p1a: Dunsparce\n|-heal|p1a: Dunsparce|303/312 psn\n|-singleturn|p1a: Dunsparce|move: Roost\n|cant|p2a: Weezing|par\n|\n|-heal|p2a: Weezing|125/252 par|[from] item: Leftovers\n|-damage|p1a: Dunsparce|264/312 psn|[from] psn\n|upkeep\n|turn|30\n|\n|t:|1732972202\n|move|p1a: Dunsparce|Body Slam|p2a: Weezing\n|-damage|p2a: Weezing|0 fnt\n|faint|p2a: Weezing\n|\n|-damage|p1a: Dunsparce|225/312 psn|[from] psn\n|upkeep\n|c|\u2606NeonAAA|the luck is crazy\n|\n|t:|1732972211\n|switch|p2a: Yanmega|Yanmega, L82, F|226/275\n|turn|31\n|\n|t:|1732972219\n|move|p2a: Yanmega|Air Slash|p1a: Dunsparce\n|-damage|p1a: Dunsparce|156/312 psn\n|cant|p1a: Dunsparce|flinch\n|\n|-damage|p1a: Dunsparce|117/312 psn|[from] psn\n|-ability|p2a: Yanmega|Speed Boost|boost\n|-boost|p2a: Yanmega|spe|1\n|upkeep\n|turn|32\n|\n|t:|1732972227\n|move|p2a: Yanmega|Bug Buzz|p1a: Dunsparce\n|-damage|p1a: Dunsparce|27/312 psn\n|move|p1a: Dunsparce|Roost|p1a: Dunsparce\n|-heal|p1a: Dunsparce|183/312 psn\n|-singleturn|p1a: Dunsparce|move: Roost\n|\n|-damage|p1a: Dunsparce|144/312 psn|[from] psn\n|-ability|p2a: Yanmega|Speed Boost|boost\n|-boost|p2a: Yanmega|spe|1\n|upkeep\n|turn|33\n|\n|t:|1732972241\n|move|p2a: Yanmega|Air Slash|p1a: Dunsparce\n|-damage|p1a: Dunsparce|74/312 psn\n|move|p1a: Dunsparce|Body Slam|p2a: Yanmega\n|-crit|p2a: Yanmega\n|-damage|p2a: Yanmega|0 fnt\n|faint|p2a: Yanmega\n|\n|-damage|p1a: Dunsparce|35/312 psn|[from] psn\n|upkeep\n|-message|NeonAAA forfeited.\n|\n|win|Phu_Magic\n|raw|Phu_Magic's rating: 1593 &rarr; <strong>1614</strong><br />(+21 for winning)\n|raw|NeonAAA's rating: 1619 &rarr; <strong>1598</strong><br />(-21 for losing)\n|l|\u2606NeonAAA\n|player|p2|\n", "inputlog": ">version b107d77f5c90bd6555267ae244a6264823309ead\n>start {\"formatid\":\"gen9randombattle\",\"seed\":[35512,28191,12479,16154],\"rated\":\"Rated battle\"}\n>player p1 {\"name\":\"Phu_Magic\",\"avatar\":\"artist\",\"rating\":1593,\"seed\":[35851,29184,19773,25608]}\n>player p2 {\"name\":\"NeonAAA\",\"avatar\":\"n\",\"rating\":1619,\"seed\":[50015,12403,8388,61071]}\n>p1 move uturn\n>p2 switch 6\n>p1 switch 2\n>p1 switch 5\n>p2 move strangesteam\n>p1 move flamethrower terastallize\n>p2 switch 2\n>p2 switch 6\n>p1 switch 2\n>p2 move dragondance\n>p1 switch 6\n>p2 move earthquake\n>p1 move protect\n>p2 move dragondance\n>p1 switch 5\n>p2 move iciclecrash\n>p1 move yawn\n>p2 move earthquake\n>p1 switch 2\n>p1 switch 5\n>p2 move earthquake\n>p1 move encore\n>p2 move iciclecrash\n>p1 switch 4\n>chat \u2606Phu_Magic|pls\n>p1 move bodyslam\n>p2 move iciclecrash\n>chat \u2606Phu_Magic|let go!!!\n>p1 switch 6\n>p2 move glaiverush\n>p1 move closecombat\n>p2 switch 3\n>p1 switch 5\n>p2 move airslash\n>p1 move flamethrower\n>p2 switch 5\n>p1 move flamethrower\n>p2 move encore\n>p2 switch 4\n>p1 switch 5\n>p2 move fakeout\n>p1 move uturn\n>p2 move facade\n>p1 switch 5\n>p1 move hurricane\n>p2 move knockoff\n>p1 switch 6\n>p2 switch 2\n>p1 move roost\n>p2 move strangesteam\n>p1 move coil\n>p2 move strangesteam\n>p1 move bodyslam\n>p2 move strangesteam\n>p1 move roost\n>p2 move strangesteam\n>p1 move coil\n>p2 move gunkshot\n>p1 move roost\n>p2 move gunkshot\n>p1 move coil\n>p2 move gunkshot\n>p1 move coil\n>p2 move gunkshot\n>chat \u2606NeonAAA|gg\n>chat \u2606Phu_Magic|gg\n>p1 move bodyslam\n>p2 move gunkshot\n>p1 move roost\n>p2 move strangesteam\n>p1 move bodyslam\n>p2 move strangesteam\n>chat \u2606NeonAAA|the luck is crazy\n>p2 switch 5\n>p1 move bodyslam\n>p2 move airslash\n>p1 move roost\n>p2 move bugbuzz\n>p1 move bodyslam\n>p2 move airslash\n>forcelose p2", "uploadtime": 1732972282, "views": 6, "formatid": "gen9randombattle", "rating": 1598, "private": 0, "password": null}