{"id": "gen9randombattle-2253935471", "format": "[Gen 9] Random Battle", "players": ["manolovm01", "shawn1153"], "log": "|j|\u2606manolovm01\n|j|\u2606shawn1153\n|t:|1732967140\n|gametype|singles\n|player|p1|manolovm01|102|1187\n|player|p2|shawn1153|palmer|1241\n|teamsize|p1|6\n|teamsize|p2|6\n|gen|9\n|tier|[Gen 9] Random Battle\n|rated|\n|rule|Species Clause: Limit one of each Pok\u00e9mon\n|rule|HP Percentage Mod: HP is shown in percentages\n|rule|Sleep Clause Mod: Limit one foe put to sleep\n|rule|Illusion Level Mod: Illusion disguises the Pok\u00e9mon's true level\n|\n|t:|1732967140\n|start\n|switch|p1a: Lurantis|Lurantis, L87, F|264/264\n|switch|p2a: Oinkologne|Oinkologne-F, L92, F|361/361\n|turn|1\n|inactive|Battle timer is ON: inactive players will automatically lose when time's up. (requested by shawn1153)\n|\n|t:|1732967153\n|move|p2a: Oinkologne|Body Slam|p1a: Lurantis\n|-damage|p1a: Lurantis|168/264\n|move|p1a: Lurantis|Superpower|p2a: Oinkologne\n|-supereffective|p2a: Oinkologne\n|-crit|p2a: Oinkologne\n|-damage|p2a: Oinkologne|47/361\n|-boost|p1a: Lurantis|atk|1\n|-boost|p1a: Lurantis|def|1\n|\n|-heal|p2a: Oinkologne|69/361|[from] item: Leftovers\n|-heal|p1a: Lurantis|184/264|[from] item: Leftovers\n|upkeep\n|turn|2\n|\n|t:|1732967166\n|move|p2a: Oinkologne|Body Slam|p1a: Lurantis\n|-damage|p1a: Lurantis|121/264\n|-status|p1a: Lurantis|par\n|move|p1a: Lurantis|Synthesis|p1a: Lurantis\n|-heal|p1a: Lurantis|253/264 par\n|\n|-heal|p2a: Oinkologne|91/361|[from] item: Leftovers\n|-heal|p1a: Lurantis|264/264 par|[from] item: Leftovers\n|upkeep\n|turn|3\n|\n|t:|1732967177\n|move|p2a: Oinkologne|Body Slam|p1a: Lurantis\n|-damage|p1a: Lurantis|204/264 par\n|move|p1a: Lurantis|Superpower|p2a: Oinkologne\n|-supereffective|p2a: Oinkologne\n|-damage|p2a: Oinkologne|0 fnt\n|-boost|p1a: Lurantis|atk|1\n|-boost|p1a: Lurantis|def|1\n|faint|p2a: Oinkologne\n|\n|-heal|p1a: Lurantis|220/264 par|[from] item: Leftovers\n|upkeep\n|\n|t:|1732967186\n|switch|p2a: Deoxys|Deoxys-Defense, L84|221/221\n|-ability|p2a: Deoxys|Pressure\n|turn|4\n|\n|t:|1732967193\n|move|p2a: Deoxys|Cosmic Power|p2a: Deoxys\n|-boost|p2a: Deoxys|def|1\n|-boost|p2a: Deoxys|spd|1\n|move|p1a: Lurantis|Leaf Storm|p2a: Deoxys\n|-damage|p2a: Deoxys|170/221\n|-boost|p1a: Lurantis|spa|2\n|\n|-heal|p2a: Deoxys|183/221|[from] item: Leftovers\n|-heal|p1a: Lurantis|236/264 par|[from] item: Leftovers\n|upkeep\n|turn|5\n|\n|t:|1732967206\n|move|p2a: Deoxys|Cosmic Power|p2a: Deoxys\n|-boost|p2a: Deoxys|def|1\n|-boost|p2a: Deoxys|spd|1\n|move|p1a: Lurantis|Leaf Storm|p2a: Deoxys\n|-damage|p2a: Deoxys|108/221\n|-boost|p1a: Lurantis|spa|2\n|\n|-heal|p2a: Deoxys|121/221|[from] item: Leftovers\n|-heal|p1a: Lurantis|252/264 par|[from] item: Leftovers\n|upkeep\n|turn|6\n|\n|t:|1732967216\n|move|p2a: Deoxys|Cosmic Power|p2a: Deoxys\n|-boost|p2a: Deoxys|def|1\n|-boost|p2a: Deoxys|spd|1\n|move|p1a: Lurantis|Leaf Storm|p2a: Deoxys\n|-damage|p2a: Deoxys|33/221\n|-boost|p1a: Lurantis|spa|2\n|\n|-heal|p2a: Deoxys|46/221|[from] item: Leftovers\n|-heal|p1a: Lurantis|264/264 par|[from] item: Leftovers\n|upkeep\n|turn|7\n|\n|t:|1732967227\n|move|p2a: Deoxys|Recover|p2a: Deoxys\n|-heal|p2a: Deoxys|157/221\n|move|p1a: Lurantis|Leaf Storm|p2a: Deoxys\n|-damage|p2a: Deoxys|39/221\n|\n|-heal|p2a: Deoxys|52/221|[from] item: Leftovers\n|upkeep\n|turn|8\n|\n|t:|1732967244\n|switch|p1a: Luxray|Luxray, L88, F|283/283\n|move|p2a: Deoxys|Stored Power|p1a: Luxray\n|-damage|p1a: Luxray|172/283\n|\n|-heal|p2a: Deoxys|65/221|[from] item: Leftovers\n|-status|p1a: Luxray|brn|[from] item: Flame Orb\n|upkeep\n|turn|9\n|\n|t:|1732967256\n|move|p2a: Deoxys|Recover|p2a: Deoxys\n|-heal|p2a: Deoxys|176/221\n|move|p1a: Luxray|Throat Chop|p2a: Deoxys\n|-supereffective|p2a: Deoxys\n|-damage|p2a: Deoxys|122/221\n|-start|p2a: Deoxys|Throat Chop|[silent]\n|\n|-heal|p2a: Deoxys|135/221|[from] item: Leftovers\n|-damage|p1a: Luxray|155/283 brn|[from] brn\n|upkeep\n|turn|10\n|\n|t:|1732967266\n|move|p2a: Deoxys|Recover|p2a: Deoxys\n|-heal|p2a: Deoxys|221/221\n|move|p1a: Luxray|Facade|p2a: Deoxys\n|-crit|p2a: Deoxys\n|-damage|p2a: Deoxys|48/221\n|\n|-heal|p2a: Deoxys|61/221|[from] item: Leftovers\n|-damage|p1a: Luxray|138/283 brn|[from] brn\n|-end|p2a: Deoxys|Throat Chop|[silent]\n|upkeep\n|turn|11\n|\n|t:|1732967276\n|move|p2a: Deoxys|Stored Power|p1a: Luxray\n|-damage|p1a: Luxray|17/283 brn\n|move|p1a: Luxray|Facade|p2a: Deoxys\n|-damage|p2a: Deoxys|15/221\n|\n|-heal|p2a: Deoxys|28/221|[from] item: Leftovers\n|-damage|p1a: Luxray|0 fnt|[from] brn\n|faint|p1a: Luxray\n|upkeep\n|\n|t:|1732967293\n|switch|p1a: Mismagius|Mismagius, L86, M|243/243\n|turn|12\n|\n|t:|1732967302\n|move|p1a: Mismagius|Shadow Ball|p2a: Deoxys\n|-supereffective|p2a: Deoxys\n|-damage|p2a: Deoxys|0 fnt\n|faint|p2a: Deoxys\n|\n|upkeep\n|\n|t:|1732967310\n|switch|p2a: Rhydon|Rhydon, L85, F|317/317\n|turn|13\n|\n|t:|1732967318\n|switch|p1a: Lurantis|Lurantis, L87, F|264/264 par\n|move|p2a: Rhydon|Swords Dance|p2a: Rhydon\n|-boost|p2a: Rhydon|atk|2\n|\n|upkeep\n|turn|14\n|\n|t:|1732967325\n|move|p2a: Rhydon|Megahorn|p1a: Lurantis\n|-supereffective|p1a: Lurantis\n|-damage|p1a: Lurantis|0 fnt\n|faint|p1a: Lurantis\n|\n|upkeep\n|\n|t:|1732967330\n|switch|p1a: Bruxish|Bruxish, L85, F|254/254\n|turn|15\n|\n|t:|1732967338\n|-terastallize|p2a: Rhydon|Grass\n|move|p1a: Bruxish|Wave Crash|p2a: Rhydon\n|-resisted|p2a: Rhydon\n|-damage|p2a: Rhydon|282/317\n|-damage|p1a: Bruxish|242/254|[from] Recoil\n|move|p2a: Rhydon|Megahorn|p1a: Bruxish\n|-supereffective|p1a: Bruxish\n|-damage|p1a: Bruxish|0 fnt\n|faint|p1a: Bruxish\n|\n|upkeep\n|\n|t:|1732967359\n|switch|p1a: Mismagius|Mismagius, L86, M|243/243\n|turn|16\n|\n|t:|1732967368\n|move|p1a: Mismagius|Mystical Fire|p2a: Rhydon\n|-supereffective|p2a: Rhydon\n|-damage|p2a: Rhydon|110/317\n|-unboost|p2a: Rhydon|spa|1\n|move|p2a: Rhydon|Megahorn|p1a: Mismagius\n|-resisted|p1a: Mismagius\n|-damage|p1a: Mismagius|111/243\n|\n|upkeep\n|turn|17\n|\n|t:|1732967377\n|move|p1a: Mismagius|Mystical Fire|p2a: Rhydon\n|-supereffective|p2a: Rhydon\n|-damage|p2a: Rhydon|0 fnt\n|faint|p2a: Rhydon\n|\n|upkeep\n|\n|t:|1732967385\n|switch|p2a: Dudunsparce|Dudunsparce-Three-Segment, L83, M|343/343\n|turn|18\n|\n|t:|1732967393\n|move|p1a: Mismagius|Mystical Fire|p2a: Dudunsparce\n|-damage|p2a: Dudunsparce|248/343\n|-unboost|p2a: Dudunsparce|spa|1\n|move|p2a: Dudunsparce|Calm Mind|p2a: Dudunsparce\n|-boost|p2a: Dudunsparce|spa|1\n|-boost|p2a: Dudunsparce|spd|1\n|\n|-heal|p2a: Dudunsparce|269/343|[from] item: Leftovers\n|upkeep\n|turn|19\n|\n|t:|1732967407\n|switch|p1a: Maushold|Maushold-Four, L76|238/238\n|move|p2a: Dudunsparce|Calm Mind|p2a: Dudunsparce\n|-boost|p2a: Dudunsparce|spa|1\n|-boost|p2a: Dudunsparce|spd|1\n|\n|-heal|p2a: Dudunsparce|290/343|[from] item: Leftovers\n|upkeep\n|turn|20\n|\n|t:|1732967424\n|move|p1a: Maushold|Encore|p2a: Dudunsparce\n|-start|p2a: Dudunsparce|Encore\n|move|p2a: Dudunsparce|Calm Mind|p2a: Dudunsparce\n|-boost|p2a: Dudunsparce|spa|1\n|-boost|p2a: Dudunsparce|spd|1\n|\n|-heal|p2a: Dudunsparce|311/343|[from] item: Leftovers\n|upkeep\n|turn|21\n|\n|t:|1732967439\n|switch|p2a: Mimikyu|Mimikyu, L79, F|216/216\n|move|p1a: Maushold|Tidy Up|p1a: Maushold\n|-boost|p1a: Maushold|atk|1\n|-boost|p1a: Maushold|spe|1\n|\n|upkeep\n|turn|22\n|\n|t:|1732967451\n|move|p1a: Maushold|Bite|p2a: Mimikyu\n|-activate|p2a: Mimikyu|ability: Disguise\n|-damage|p2a: Mimikyu|216/216\n|detailschange|p2a: Mimikyu|Mimikyu-Busted, L79, F\n|-damage|p2a: Mimikyu|189/216|[from] pokemon: Mimikyu-Busted\n|cant|p2a: Mimikyu|flinch\n|\n|upkeep\n|turn|23\n|\n|t:|1732967460\n|move|p1a: Maushold|Bite|p2a: Mimikyu\n|-damage|p2a: Mimikyu|117/216\n|cant|p2a: Mimikyu|flinch\n|\n|upkeep\n|turn|24\n|\n|t:|1732967466\n|move|p1a: Maushold|Bite|p2a: Mimikyu\n|-damage|p2a: Mimikyu|43/216\n|cant|p2a: Mimikyu|flinch\n|\n|upkeep\n|turn|25\n|\n|t:|1732967472\n|move|p1a: Maushold|Bite|p2a: Mimikyu\n|-damage|p2a: Mimikyu|0 fnt\n|faint|p2a: Mimikyu\n|\n|upkeep\n|\n|t:|1732967477\n|switch|p2a: Kleavor|Kleavor, L78, F|237/237\n|turn|26\n|\n|t:|1732967497\n|move|p1a: Maushold|Population Bomb|p2a: Kleavor\n|-resisted|p2a: Kleavor\n|-damage|p2a: Kleavor|220/237\n|-resisted|p2a: Kleavor\n|-damage|p2a: Kleavor|203/237\n|-resisted|p2a: Kleavor\n|-damage|p2a: Kleavor|188/237\n|-resisted|p2a: Kleavor\n|-damage|p2a: Kleavor|170/237\n|-resisted|p2a: Kleavor\n|-damage|p2a: Kleavor|152/237\n|-resisted|p2a: Kleavor\n|-damage|p2a: Kleavor|137/237\n|-resisted|p2a: Kleavor\n|-damage|p2a: Kleavor|119/237\n|-resisted|p2a: Kleavor\n|-damage|p2a: Kleavor|101/237\n|-resisted|p2a: Kleavor\n|-damage|p2a: Kleavor|83/237\n|-resisted|p2a: Kleavor\n|-damage|p2a: Kleavor|65/237\n|-hitcount|p2a: Kleavor|10\n|move|p2a: Kleavor|Stone Axe|p1a: Maushold\n|-damage|p1a: Maushold|79/238\n|-sidestart|p1: manolovm01|move: Stealth Rock\n|\n|upkeep\n|turn|27\n|\n|t:|1732967520\n|move|p1a: Maushold|Population Bomb|p2a: Kleavor\n|-resisted|p2a: Kleavor\n|-damage|p2a: Kleavor|47/237\n|-resisted|p2a: Kleavor\n|-damage|p2a: Kleavor|30/237\n|-resisted|p2a: Kleavor\n|-damage|p2a: Kleavor|15/237\n|-resisted|p2a: Kleavor\n|-damage|p2a: Kleavor|0 fnt\n|faint|p2a: Kleavor\n|-hitcount|p2: Kleavor|4\n|\n|upkeep\n|\n|t:|1732967521\n|switch|p2a: Dudunsparce|Dudunsparce-Three-Segment, L83, M|311/343\n|turn|28\n|\n|t:|1732967533\n|move|p1a: Maushold|Population Bomb|p2a: Dudunsparce\n|-damage|p2a: Dudunsparce|275/343\n|-damage|p2a: Dudunsparce|238/343\n|-damage|p2a: Dudunsparce|199/343\n|-damage|p2a: Dudunsparce|165/343\n|-damage|p2a: Dudunsparce|126/343\n|-damage|p2a: Dudunsparce|87/343\n|-damage|p2a: Dudunsparce|53/343\n|-damage|p2a: Dudunsparce|17/343\n|-damage|p2a: Dudunsparce|0 fnt\n|faint|p2a: Dudunsparce\n|-hitcount|p2: Dudunsparce|9\n|\n|win|manolovm01\n|raw|manolovm01's rating: 1187 &rarr; <strong>1216</strong><br />(+29 for winning)\n|raw|shawn1153's rating: 1241 &rarr; <strong>1212</strong><br />(-29 for losing)\n|l|\u2606shawn1153\n|player|p2|\n", "inputlog": ">version b107d77f5c90bd6555267ae244a6264823309ead\n>start {\"formatid\":\"gen9randombattle\",\"seed\":[7049,39047,23569,65199],\"rated\":\"Rated battle\"}\n>player p1 {\"name\":\"manolovm01\",\"avatar\":\"102\",\"rating\":1187,\"seed\":[35254,30523,19340,49405]}\n>player p2 {\"name\":\"shawn1153\",\"avatar\":\"palmer\",\"rating\":1241,\"seed\":[8982,61788,42580,50283]}\n>p1 move superpower\n>p2 move bodyslam\n>p1 move synthesis\n>p2 move bodyslam\n>p1 move superpower\n>p2 move bodyslam\n>p2 switch 5\n>p1 move leafstorm\n>p2 move cosmicpower\n>p1 move leafstorm\n>p2 move cosmicpower\n>p1 move leafstorm\n>p2 move cosmicpower\n>p1 move leafstorm\n>p2 move recover\n>p1 switch 3\n>p2 move storedpower\n>p1 move throatchop\n>p2 move recover\n>p1 move facade\n>p2 move recover\n>p1 move facade\n>p2 move storedpower\n>p1 switch 4\n>p1 move shadowball\n>p2 move recover\n>p2 switch 4\n>p1 switch 3\n>p2 move swordsdance\n>p1 move superpower\n>p2 move megahorn\n>p1 switch 5\n>p1 move wavecrash\n>p2 move megahorn terastallize\n>p1 switch 3\n>p1 move mysticalfire\n>p2 move megahorn\n>p1 move mysticalfire\n>p2 move megahorn\n>p2 switch 3\n>p1 move mysticalfire\n>p2 move calmmind\n>p1 switch 2\n>p2 move calmmind\n>p1 move encore\n>p2 move boomburst\n>p1 move tidyup\n>p2 switch 6\n>p1 move bite\n>p2 move swordsdance\n>p1 move bite\n>p2 move playrough\n>p1 move bite\n>p2 move playrough\n>p1 move bite\n>p2 move playrough\n>p2 switch 2\n>p1 move populationbomb\n>p2 move stoneaxe\n>p1 move populationbomb\n>p2 move closecombat\n>p2 switch 6\n>p1 move populationbomb\n>p2 move boomburst", "uploadtime": 1732967548, "views": 1, "formatid": "gen9randombattle", "rating": 1212, "private": 0, "password": null}