{"id": "gen9randombattle-2253798010", "format": "[Gen 9] Random Battle", "players": ["poopymane9001", "yayasisterhood69"], "log": "|j|\u2606poopymane9001\n|j|\u2606yayasisterhood69\n|t:|1732939833\n|gametype|singles\n|player|p1|poopymane9001|170|1153\n|player|p2|yayasisterhood69|265|1138\n|teamsize|p1|6\n|teamsize|p2|6\n|gen|9\n|tier|[Gen 9] Random Battle\n|rated|\n|rule|Species Clause: Limit one of each Pok\u00e9mon\n|rule|HP Percentage Mod: HP is shown in percentages\n|rule|Sleep Clause Mod: Limit one foe put to sleep\n|rule|Illusion Level Mod: Illusion disguises the Pok\u00e9mon's true level\n|\n|t:|1732939833\n|start\n|switch|p1a: Goodra|Goodra-Hisui, L82, M|265/265\n|switch|p2a: Dialga|Dialga, L73|266/266\n|-ability|p2a: Dialga|Pressure\n|turn|1\n|\n|t:|1732939869\n|switch|p2a: Enamorus|Enamorus-Therian, L83, F|259/259\n|move|p1a: Goodra|Earthquake|p2a: Enamorus\n|-immune|p2a: Enamorus\n|\n|upkeep\n|turn|2\n|\n|t:|1732939880\n|move|p1a: Goodra|Heavy Slam|p2a: Enamorus\n|-supereffective|p2a: Enamorus\n|-damage|p2a: Enamorus|49/259\n|move|p2a: Enamorus|Moonblast|p1a: Goodra\n|-damage|p1a: Goodra|211/265\n|\n|upkeep\n|turn|3\n|\n|t:|1732939892\n|switch|p2a: Slowbro|Slowbro, L85, M|300/300\n|move|p1a: Goodra|Heavy Slam|p2a: Slowbro\n|-resisted|p2a: Slowbro\n|-damage|p2a: Slowbro|257/300\n|\n|upkeep\n|turn|4\n|\n|t:|1732939918\n|move|p1a: Goodra|Draco Meteor|p2a: Slowbro\n|-damage|p2a: Slowbro|149/300\n|-unboost|p1a: Goodra|spa|2\n|move|p2a: Slowbro|Body Press|p1a: Goodra\n|-supereffective|p1a: Goodra\n|-damage|p1a: Goodra|87/265\n|\n|upkeep\n|turn|5\n|inactive|Battle timer is ON: inactive players will automatically lose when time's up. (requested by yayasisterhood69)\n|\n|t:|1732939988\n|move|p1a: Goodra|Draco Meteor|p2a: Slowbro\n|-damage|p2a: Slowbro|97/300\n|-unboost|p1a: Goodra|spa|2\n|move|p2a: Slowbro|Body Press|p1a: Goodra\n|-supereffective|p1a: Goodra\n|-damage|p1a: Goodra|0 fnt\n|faint|p1a: Goodra\n|\n|upkeep\n|\n|t:|1732940017\n|switch|p1a: Articuno|Articuno, L86|295/295\n|-ability|p1a: Articuno|Pressure\n|turn|6\n|\n|t:|1732940036\n|move|p1a: Articuno|Freeze-Dry|p2a: Slowbro\n|-supereffective|p2a: Slowbro\n|-damage|p2a: Slowbro|0 fnt\n|faint|p2a: Slowbro\n|\n|upkeep\n|\n|t:|1732940044\n|switch|p2a: Dialga|Dialga, L73|266/266\n|-ability|p2a: Dialga|Pressure\n|turn|7\n|\n|t:|1732940060\n|move|p1a: Articuno|U-turn|p2a: Dialga\n|-resisted|p2a: Dialga\n|-damage|p2a: Dialga|246/266\n|\n|t:|1732940064\n|switch|p1a: Registeel|Registeel, L81|262/262|[from] U-turn\n|move|p2a: Dialga|Heavy Slam|p1a: Registeel\n|-resisted|p1a: Registeel\n|-damage|p1a: Registeel|235/262\n|\n|upkeep\n|turn|8\n|\n|t:|1732940073\n|move|p2a: Dialga|Fire Blast|p1a: Registeel\n|-supereffective|p1a: Registeel\n|-damage|p1a: Registeel|127/262\n|move|p1a: Registeel|Iron Defense|p1a: Registeel\n|-boost|p1a: Registeel|def|2\n|\n|upkeep\n|turn|9\n|\n|t:|1732940095\n|move|p1a: Registeel|Body Press|p2a: Dialga\n|-supereffective|p2a: Dialga\n|-damage|p2a: Dialga|0 fnt\n|faint|p2a: Dialga\n|\n|upkeep\n|\n|t:|1732940104\n|switch|p2a: Enamorus|Enamorus-Therian, L83, F|49/259\n|turn|10\n|inactive|poopymane9001 has 120 seconds left.\n|\n|t:|1732940129\n|move|p1a: Registeel|Rest|p1a: Registeel\n|-status|p1a: Registeel|slp|[from] move: Rest\n|-heal|p1a: Registeel|262/262 slp|[silent]\n|-enditem|p1a: Registeel|Chesto Berry|[eat]\n|-curestatus|p1a: Registeel|slp|[msg]\n|move|p2a: Enamorus|Mystical Fire|p1a: Registeel\n|-supereffective|p1a: Registeel\n|-damage|p1a: Registeel|160/262\n|\n|upkeep\n|turn|11\n|inactive|poopymane9001 has 120 seconds left.\n|\n|t:|1732940149\n|move|p1a: Registeel|Iron Head|p2a: Enamorus\n|-supereffective|p2a: Enamorus\n|-damage|p2a: Enamorus|0 fnt\n|faint|p2a: Enamorus\n|\n|upkeep\n|\n|t:|1732940168\n|switch|p2a: Chesnaught|Chesnaught, L84, F|285/285\n|turn|12\n|\n|t:|1732940179\n|move|p2a: Chesnaught|Body Press|p1a: Registeel\n|-supereffective|p1a: Registeel\n|-damage|p1a: Registeel|86/262\n|move|p1a: Registeel|Body Press|p2a: Chesnaught\n|-damage|p2a: Chesnaught|168/285\n|\n|-heal|p2a: Chesnaught|185/285|[from] item: Leftovers\n|upkeep\n|turn|13\n|inactive|poopymane9001 has 120 seconds left.\n|inactive|yayasisterhood69 has 120 seconds left.\n|\n|t:|1732940213\n|-terastallize|p1a: Registeel|Fighting\n|move|p2a: Chesnaught|Body Press|p1a: Registeel\n|-damage|p1a: Registeel|53/262\n|move|p1a: Registeel|Iron Defense|p1a: Registeel\n|-boost|p1a: Registeel|def|2\n|\n|-heal|p2a: Chesnaught|202/285|[from] item: Leftovers\n|upkeep\n|turn|14\n|inactive|yayasisterhood69 has 120 seconds left.\n|\n|t:|1732940230\n|switch|p2a: Mandibuzz|Mandibuzz, L85, F|326/326\n|move|p1a: Registeel|Rest|p1a: Registeel\n|-status|p1a: Registeel|slp|[from] move: Rest\n|-heal|p1a: Registeel|262/262 slp|[silent]\n|\n|upkeep\n|turn|15\n|inactive|yayasisterhood69 has 120 seconds left.\n|\n|t:|1732940239\n|move|p2a: Mandibuzz|Brave Bird|p1a: Registeel\n|-supereffective|p1a: Registeel\n|-damage|p1a: Registeel|218/262 slp\n|-damage|p2a: Mandibuzz|311/326|[from] Recoil\n|cant|p1a: Registeel|slp\n|\n|upkeep\n|turn|16\n|inactive|poopymane9001 has 120 seconds left.\n|inactive|yayasisterhood69 has 120 seconds left.\n|\n|t:|1732940256\n|switch|p2a: Froslass|Froslass, L87, F|263/263\n|cant|p1a: Registeel|slp\n|\n|upkeep\n|turn|17\n|inactive|yayasisterhood69 has 120 seconds left.\n|\n|t:|1732940265\n|move|p2a: Froslass|Destiny Bond|p2a: Froslass\n|-singlemove|p2a: Froslass|Destiny Bond\n|-curestatus|p1a: Registeel|slp|[msg]\n|move|p1a: Registeel|Iron Head|p2a: Froslass\n|-supereffective|p2a: Froslass\n|-damage|p2a: Froslass|119/263\n|\n|upkeep\n|turn|18\n|\n|t:|1732940275\n|move|p2a: Froslass|Will-O-Wisp|p1a: Registeel|[miss]\n|-miss|p2a: Froslass|p1a: Registeel\n|move|p1a: Registeel|Iron Defense|p1a: Registeel\n|-boost|p1a: Registeel|def|2\n|\n|upkeep\n|turn|19\n|inactive|poopymane9001 has 120 seconds left.\n|\n|t:|1732940292\n|move|p2a: Froslass|Destiny Bond|p2a: Froslass\n|-singlemove|p2a: Froslass|Destiny Bond\n|move|p1a: Registeel|Rest|p1a: Registeel\n|-status|p1a: Registeel|slp|[from] move: Rest\n|-heal|p1a: Registeel|262/262 slp|[silent]\n|\n|upkeep\n|turn|20\n|inactive|poopymane9001 has 120 seconds left.\n|\n|t:|1732940306\n|move|p2a: Froslass|Will-O-Wisp||[still]\n|-fail|p2a: Froslass\n|cant|p1a: Registeel|slp\n|\n|upkeep\n|turn|21\n|\n|t:|1732940330\n|move|p2a: Froslass|Triple Axel|p1a: Registeel\n|-crit|p1a: Registeel\n|-damage|p1a: Registeel|243/262 slp\n|-damage|p1a: Registeel|236/262 slp\n|-damage|p1a: Registeel|224/262 slp\n|-hitcount|p1a: Registeel|3\n|cant|p1a: Registeel|slp\n|\n|upkeep\n|turn|22\n|inactive|poopymane9001 has 120 seconds left.\n|\n|t:|1732940351\n|move|p2a: Froslass|Poltergeist||[still]\n|-fail|p2a: Froslass\n|-curestatus|p1a: Registeel|slp|[msg]\n|move|p1a: Registeel|Iron Head|p2a: Froslass\n|-supereffective|p2a: Froslass\n|-damage|p2a: Froslass|0 fnt\n|faint|p2a: Froslass\n|\n|upkeep\n|inactive|yayasisterhood69 has 120 seconds left.\n|\n|t:|1732940367\n|switch|p2a: Mandibuzz|Mandibuzz, L85, F|311/326\n|turn|23\n|\n|t:|1732940375\n|move|p2a: Mandibuzz|Brave Bird|p1a: Registeel\n|-supereffective|p1a: Registeel\n|-damage|p1a: Registeel|188/262\n|-damage|p2a: Mandibuzz|299/326|[from] Recoil\n|move|p1a: Registeel|Body Press|p2a: Mandibuzz\n|-damage|p2a: Mandibuzz|0 fnt\n|faint|p2a: Mandibuzz\n|\n|upkeep\n|inactive|yayasisterhood69 has 120 seconds left.\n|\n|t:|1732940404\n|switch|p2a: Chesnaught|Chesnaught, L84, F|202/285\n|turn|24\n|\n|t:|1732940409\n|move|p2a: Chesnaught|Wood Hammer|p1a: Registeel\n|-damage|p1a: Registeel|163/262\n|-damage|p2a: Chesnaught|194/285|[from] Recoil\n|move|p1a: Registeel|Body Press|p2a: Chesnaught\n|-damage|p2a: Chesnaught|0 fnt\n|faint|p2a: Chesnaught\n|\n|win|poopymane9001\n|raw|poopymane9001's rating: 1153 &rarr; <strong>1177</strong><br />(+24 for winning)\n|raw|yayasisterhood69's rating: 1138 &rarr; <strong>1114</strong><br />(-24 for losing)\n|l|\u2606yayasisterhood69\n|player|p2|\n", "inputlog": ">version b107d77f5c90bd6555267ae244a6264823309ead\n>start {\"formatid\":\"gen9randombattle\",\"seed\":[19968,19772,555,10541],\"rated\":\"Rated battle\"}\n>player p1 {\"name\":\"poopymane9001\",\"avatar\":\"170\",\"rating\":1153,\"seed\":[130,63279,39480,22300]}\n>player p2 {\"name\":\"yayasisterhood69\",\"avatar\":\"265\",\"rating\":1138,\"seed\":[30607,59856,63913,21519]}\n>p1 move earthquake\n>p2 switch 3\n>p1 move heavyslam\n>p2 move moonblast\n>p1 move heavyslam\n>p2 switch 5\n>p1 move dracometeor\n>p2 move bodypress\n>p1 move dracometeor\n>p2 move bodypress\n>p1 switch 6\n>p1 move freezedry\n>p2 move fireblast\n>p2 switch 3\n>p1 move uturn\n>p2 move heavyslam\n>p1 switch 2\n>p1 move irondefense\n>p2 move fireblast\n>p1 move bodypress\n>p2 move dragontail\n>p2 switch 5\n>p1 move rest\n>p2 move mysticalfire\n>p1 move ironhead\n>p2 move earthpower\n>p2 switch 4\n>p1 move bodypress\n>p2 move bodypress\n>p1 move irondefense terastallize\n>p2 move bodypress\n>p1 move rest\n>p2 switch 2\n>p1 move bodypress\n>p2 move bravebird\n>p1 move bodypress\n>p2 switch 6\n>p1 move ironhead\n>p2 move destinybond\n>p1 move irondefense\n>p2 move willowisp\n>p1 move rest\n>p2 move destinybond\n>p1 move irondefense\n>p2 move willowisp\n>p1 move irondefense\n>p2 move tripleaxel\n>p1 move ironhead\n>p2 move poltergeist\n>p2 switch 6\n>p1 move bodypress\n>p2 move bravebird\n>p2 switch 2\n>p1 move bodypress\n>p2 move woodhammer", "uploadtime": 1732940429, "views": 18, "formatid": "gen9randombattle", "rating": 1114, "private": 0, "password": null}