{"id": "gen9randombattle-2253936048", "format": "[Gen 9] Random Battle", "players": ["ananananji", "PENTAC00L"], "log": "|j|\u2606ananananji\n|j|\u2606PENTAC00L\n|t:|1732967261\n|gametype|singles\n|player|p1|ananananji|102|2098\n|player|p2|PENTAC00L|cynthia-gen4|2121\n|teamsize|p1|6\n|teamsize|p2|6\n|gen|9\n|tier|[Gen 9] Random Battle\n|rated|\n|rule|Species Clause: Limit one of each Pok\u00e9mon\n|rule|HP Percentage Mod: HP is shown in percentages\n|rule|Sleep Clause Mod: Limit one foe put to sleep\n|rule|Illusion Level Mod: Illusion disguises the Pok\u00e9mon's true level\n|\n|t:|1732967261\n|start\n|switch|p1a: Magearna|Magearna, L77|250/250\n|switch|p2a: Dusknoir|Dusknoir, L89, F|225/225\n|-item|p1a: Magearna|Leftovers|[from] ability: Frisk|[of] p2a: Dusknoir\n|turn|1\n|\n|t:|1732967276\n|switch|p1a: Regigigas|Regigigas, L84|322/322\n|-start|p1a: Regigigas|ability: Slow Start\n|move|p2a: Dusknoir|Earthquake|p1a: Regigigas\n|-damage|p1a: Regigigas|226/322\n|-damage|p2a: Dusknoir|203/225|[from] item: Life Orb\n|\n|-heal|p1a: Regigigas|246/322|[from] item: Leftovers\n|upkeep\n|turn|2\n|\n|t:|1732967286\n|switch|p2a: Magnezone|Magnezone, L85|258/258\n|move|p1a: Regigigas|Knock Off|p2a: Magnezone\n|-damage|p2a: Magnezone|218/258\n|-enditem|p2a: Magnezone|Choice Scarf|[from] move: Knock Off|[of] p1a: Regigigas\n|\n|-heal|p1a: Regigigas|266/322|[from] item: Leftovers\n|upkeep\n|turn|3\n|\n|t:|1732967293\n|move|p2a: Magnezone|Body Press|p1a: Regigigas\n|-supereffective|p1a: Regigigas\n|-damage|p1a: Regigigas|146/322\n|move|p1a: Regigigas|Body Slam|p2a: Magnezone\n|-resisted|p2a: Magnezone\n|-damage|p2a: Magnezone|192/258\n|\n|-heal|p1a: Regigigas|166/322|[from] item: Leftovers\n|upkeep\n|turn|4\n|inactive|Battle timer is ON: inactive players will automatically lose when time's up. (requested by PENTAC00L)\n|\n|t:|1732967299\n|move|p2a: Magnezone|Body Press|p1a: Regigigas\n|-supereffective|p1a: Regigigas\n|-damage|p1a: Regigigas|56/322\n|move|p1a: Regigigas|Rest|p1a: Regigigas\n|-status|p1a: Regigigas|slp|[from] move: Rest\n|-heal|p1a: Regigigas|322/322 slp|[silent]\n|\n|upkeep\n|turn|5\n|\n|t:|1732967304\n|move|p2a: Magnezone|Body Press|p1a: Regigigas\n|-supereffective|p1a: Regigigas\n|-damage|p1a: Regigigas|208/322 slp\n|cant|p1a: Regigigas|slp\n|move|p1a: Regigigas|Sleep Talk|p1a: Regigigas\n|move|p1a: Regigigas|Rest||[from]move: Sleep Talk|[still]\n|-fail|p1a: Regigigas\n|\n|-heal|p1a: Regigigas|228/322 slp|[from] item: Leftovers\n|upkeep\n|turn|6\n|\n|t:|1732967310\n|move|p2a: Magnezone|Body Press|p1a: Regigigas\n|-supereffective|p1a: Regigigas\n|-damage|p1a: Regigigas|108/322 slp\n|cant|p1a: Regigigas|slp\n|move|p1a: Regigigas|Sleep Talk|p1a: Regigigas\n|move|p1a: Regigigas|Body Slam|p2a: Magnezone|[from]move: Sleep Talk\n|-resisted|p2a: Magnezone\n|-damage|p2a: Magnezone|165/258\n|\n|-heal|p1a: Regigigas|128/322 slp|[from] item: Leftovers\n|-end|p1a: Regigigas|Slow Start\n|upkeep\n|turn|7\n|\n|t:|1732967318\n|-curestatus|p1a: Regigigas|slp|[msg]\n|move|p1a: Regigigas|Rest|p1a: Regigigas\n|-status|p1a: Regigigas|slp|[from] move: Rest\n|-heal|p1a: Regigigas|322/322 slp|[silent]\n|move|p2a: Magnezone|Body Press|p1a: Regigigas\n|-supereffective|p1a: Regigigas\n|-damage|p1a: Regigigas|218/322 slp\n|\n|-heal|p1a: Regigigas|238/322 slp|[from] item: Leftovers\n|upkeep\n|turn|8\n|\n|t:|1732967324\n|cant|p1a: Regigigas|slp\n|move|p1a: Regigigas|Sleep Talk|p1a: Regigigas\n|move|p1a: Regigigas|Rest||[from]move: Sleep Talk|[still]\n|-fail|p1a: Regigigas\n|move|p2a: Magnezone|Body Press|p1a: Regigigas\n|-supereffective|p1a: Regigigas\n|-damage|p1a: Regigigas|128/322 slp\n|\n|-heal|p1a: Regigigas|148/322 slp|[from] item: Leftovers\n|upkeep\n|turn|9\n|\n|t:|1732967329\n|cant|p1a: Regigigas|slp\n|move|p1a: Regigigas|Sleep Talk|p1a: Regigigas\n|move|p1a: Regigigas|Body Slam|p2a: Magnezone|[from]move: Sleep Talk\n|-resisted|p2a: Magnezone\n|-damage|p2a: Magnezone|106/258\n|move|p2a: Magnezone|Volt Switch|p1a: Regigigas\n|-damage|p1a: Regigigas|63/322 slp\n|\n|t:|1732967339\n|switch|p2a: Azumarill|Azumarill, L82, F|298/298|[from] Volt Switch\n|\n|-heal|p1a: Regigigas|83/322 slp|[from] item: Leftovers\n|upkeep\n|turn|10\n|\n|t:|1732967342\n|move|p2a: Azumarill|Aqua Jet|p1a: Regigigas\n|-damage|p1a: Regigigas|25/322 slp\n|-curestatus|p1a: Regigigas|slp|[msg]\n|move|p1a: Regigigas|Knock Off|p2a: Azumarill\n|-resisted|p2a: Azumarill\n|-damage|p2a: Azumarill|243/298\n|-enditem|p2a: Azumarill|Choice Band|[from] move: Knock Off|[of] p1a: Regigigas\n|\n|-heal|p1a: Regigigas|45/322|[from] item: Leftovers\n|upkeep\n|turn|11\n|\n|t:|1732967349\n|move|p2a: Azumarill|Aqua Jet|p1a: Regigigas\n|-damage|p1a: Regigigas|0 fnt\n|faint|p1a: Regigigas\n|-end|p1a: Regigigas|Slow Start|[silent]\n|\n|upkeep\n|\n|t:|1732967356\n|switch|p1a: Exeggutor|Exeggutor-Alola, L89, M|314/314\n|turn|12\n|\n|t:|1732967361\n|switch|p2a: Arboliva|Arboliva, L91, M|288/288\n|move|p1a: Exeggutor|Giga Drain|p2a: Arboliva\n|-resisted|p2a: Arboliva\n|-damage|p2a: Arboliva|247/288\n|\n|upkeep\n|turn|13\n|\n|t:|1732967366\n|move|p1a: Exeggutor|Calm Mind|p1a: Exeggutor\n|-boost|p1a: Exeggutor|spa|1\n|-boost|p1a: Exeggutor|spd|1\n|move|p2a: Arboliva|Substitute|p2a: Arboliva\n|-start|p2a: Arboliva|Substitute\n|-damage|p2a: Arboliva|175/288\n|\n|upkeep\n|turn|14\n|\n|t:|1732967369\n|move|p1a: Exeggutor|Flamethrower|p2a: Arboliva\n|-supereffective|p2a: Arboliva\n|-end|p2a: Arboliva|Substitute\n|move|p2a: Arboliva|Hyper Voice|p1a: Exeggutor\n|-damage|p1a: Exeggutor|211/314\n|\n|upkeep\n|turn|15\n|\n|t:|1732967374\n|switch|p2a: Dusknoir|Dusknoir, L89, F|203/225\n|-item|p1a: Exeggutor|Sitrus Berry|[from] ability: Frisk|[of] p2a: Dusknoir\n|move|p1a: Exeggutor|Flamethrower|p2a: Dusknoir\n|-damage|p2a: Dusknoir|123/225\n|\n|upkeep\n|turn|16\n|\n|t:|1732967382\n|move|p2a: Dusknoir|Poltergeist|p1a: Exeggutor\n|-activate|p1a: Exeggutor|move: Poltergeist|Sitrus Berry\n|-damage|p1a: Exeggutor|28/314\n|-enditem|p1a: Exeggutor|Sitrus Berry|[eat]\n|-heal|p1a: Exeggutor|106/314|[from] item: Sitrus Berry\n|-damage|p2a: Dusknoir|101/225|[from] item: Life Orb\n|move|p1a: Exeggutor|Giga Drain|p2a: Dusknoir\n|-damage|p2a: Dusknoir|0 fnt\n|-heal|p1a: Exeggutor|157/314|[from] drain|[of] p2a: Dusknoir\n|faint|p2a: Dusknoir\n|\n|-item|p1a: Exeggutor|Sitrus Berry|[from] ability: Harvest\n|upkeep\n|-enditem|p1a: Exeggutor|Sitrus Berry|[eat]\n|-heal|p1a: Exeggutor|235/314|[from] item: Sitrus Berry\n|\n|t:|1732967394\n|switch|p2a: Oricorio|Oricorio-Sensu, L85, M|266/266\n|turn|17\n|\n|t:|1732967402\n|switch|p1a: Grimmsnarl|Grimmsnarl, L83, M|293/293\n|move|p2a: Oricorio|Quiver Dance|p2a: Oricorio\n|-boost|p2a: Oricorio|spa|1\n|-boost|p2a: Oricorio|spd|1\n|-boost|p2a: Oricorio|spe|1\n|\n|upkeep\n|turn|18\n|\n|t:|1732967409\n|switch|p2a: Magnezone|Magnezone, L85|106/258\n|move|p1a: Grimmsnarl|Taunt|p2a: Magnezone\n|-start|p2a: Magnezone|move: Taunt\n|\n|upkeep\n|turn|19\n|\n|t:|1732967413\n|move|p1a: Grimmsnarl|Parting Shot|p2a: Magnezone\n|-unboost|p2a: Magnezone|atk|1\n|-unboost|p2a: Magnezone|spa|1\n|\n|t:|1732967415\n|switch|p1a: Exeggutor|Exeggutor-Alola, L89, M|235/314|[from] Parting Shot\n|move|p2a: Magnezone|Flash Cannon|p1a: Exeggutor\n|-damage|p1a: Exeggutor|156/314\n|\n|-item|p1a: Exeggutor|Sitrus Berry|[from] ability: Harvest\n|upkeep\n|-enditem|p1a: Exeggutor|Sitrus Berry|[eat]\n|-heal|p1a: Exeggutor|234/314|[from] item: Sitrus Berry\n|turn|20\n|\n|t:|1732967422\n|move|p2a: Magnezone|Volt Switch|p1a: Exeggutor\n|-resisted|p1a: Exeggutor\n|-damage|p1a: Exeggutor|218/314\n|\n|t:|1732967424\n|switch|p2a: Oricorio|Oricorio-Sensu, L85, M|266/266|[from] Volt Switch\n|move|p1a: Exeggutor|Flamethrower|p2a: Oricorio\n|-damage|p2a: Oricorio|156/266\n|\n|upkeep\n|turn|21\n|\n|t:|1732967431\n|move|p2a: Oricorio|Hurricane|p1a: Exeggutor|[miss]\n|-miss|p2a: Oricorio|p1a: Exeggutor\n|move|p1a: Exeggutor|Dragon Pulse|p2a: Oricorio\n|-damage|p2a: Oricorio|14/266\n|\n|-item|p1a: Exeggutor|Sitrus Berry|[from] ability: Harvest\n|upkeep\n|turn|22\n|\n|t:|1732967440\n|switch|p1a: Grimmsnarl|Grimmsnarl, L83, M|293/293\n|move|p2a: Oricorio|Hurricane|p1a: Grimmsnarl\n|-damage|p1a: Grimmsnarl|145/293\n|\n|-heal|p1a: Grimmsnarl|163/293|[from] item: Leftovers\n|upkeep\n|turn|23\n|\n|t:|1732967446\n|switch|p2a: Magnezone|Magnezone, L85|106/258\n|move|p1a: Grimmsnarl|Taunt|p2a: Magnezone\n|-start|p2a: Magnezone|move: Taunt\n|\n|-heal|p1a: Grimmsnarl|181/293|[from] item: Leftovers\n|upkeep\n|turn|24\n|\n|t:|1732967449\n|move|p1a: Grimmsnarl|Parting Shot|p2a: Magnezone\n|-unboost|p2a: Magnezone|atk|1\n|-unboost|p2a: Magnezone|spa|1\n|\n|t:|1732967453\n|switch|p1a: Exeggutor|Exeggutor-Alola, L89, M|218/314|[from] Parting Shot\n|move|p2a: Magnezone|Volt Switch|p1a: Exeggutor\n|-resisted|p1a: Exeggutor\n|-damage|p1a: Exeggutor|200/314\n|\n|t:|1732967455\n|switch|p2a: Oricorio|Oricorio-Sensu, L85, M|14/266|[from] Volt Switch\n|\n|upkeep\n|turn|25\n|\n|t:|1732967460\n|move|p2a: Oricorio|Hurricane|p1a: Exeggutor|[miss]\n|-miss|p2a: Oricorio|p1a: Exeggutor\n|move|p1a: Exeggutor|Dragon Pulse|p2a: Oricorio\n|-damage|p2a: Oricorio|0 fnt\n|faint|p2a: Oricorio\n|\n|upkeep\n|c|\u2606PENTAC00L|Great player\n|\n|t:|1732967474\n|switch|p2a: Indeedee|Indeedee-F, L90, F|272/272\n|-fieldstart|move: Psychic Terrain|[from] ability: Psychic Surge|[of] p2a: Indeedee\n|turn|26\n|\n|t:|1732967480\n|switch|p1a: Skuntank|Skuntank, L84, F|310/310\n|-terastallize|p2a: Indeedee|Fairy\n|move|p2a: Indeedee|Dazzling Gleam|p1a: Skuntank\n|-damage|p1a: Skuntank|183/310\n|\n|upkeep\n|turn|27\n|\n|t:|1732967488\n|switch|p2a: Magnezone|Magnezone, L85|106/258\n|move|p1a: Skuntank|Fire Blast|p2a: Magnezone\n|-supereffective|p2a: Magnezone\n|-damage|p2a: Magnezone|0 fnt\n|faint|p2a: Magnezone\n|\n|upkeep\n|\n|t:|1732967494\n|switch|p2a: Arboliva|Arboliva, L91, M|175/288\n|turn|28\n|\n|t:|1732967497\n|move|p1a: Skuntank|Gunk Shot|p2a: Arboliva\n|-supereffective|p2a: Arboliva\n|-damage|p2a: Arboliva|0 fnt\n|faint|p2a: Arboliva\n|\n|upkeep\n|\n|t:|1732967499\n|switch|p2a: Indeedee|Indeedee-F, L90, F, tera:Fairy|272/272\n|turn|29\n|\n|t:|1732967505\n|move|p2a: Indeedee|Hyper Voice|p1a: Skuntank\n|-damage|p1a: Skuntank|35/310\n|move|p1a: Skuntank|Gunk Shot|p2a: Indeedee\n|-supereffective|p2a: Indeedee\n|-damage|p2a: Indeedee|0 fnt\n|faint|p2a: Indeedee\n|\n|upkeep\n|-message|PENTAC00L forfeited.\n|\n|win|ananananji\n|raw|ananananji's rating: 2098 &rarr; <strong>2119</strong><br />(+21 for winning)\n|raw|PENTAC00L's rating: 2121 &rarr; <strong>2100</strong><br />(-21 for losing)\n|l|\u2606PENTAC00L\n|player|p2|\n", "inputlog": ">version b107d77f5c90bd6555267ae244a6264823309ead\n>start {\"formatid\":\"gen9randombattle\",\"seed\":[50169,18729,57179,16670],\"rated\":\"Rated battle\"}\n>player p1 {\"name\":\"ananananji\",\"avatar\":\"102\",\"rating\":2098,\"seed\":[4236,15237,63687,7635]}\n>player p2 {\"name\":\"PENTAC00L\",\"avatar\":\"cynthia-gen4\",\"rating\":2121,\"seed\":[6206,43701,65083,32304]}\n>p1 switch 2\n>p2 move earthquake\n>p1 move knockoff\n>p2 switch 3\n>p1 move bodyslam\n>p2 move bodypress\n>p1 move rest\n>p2 move bodypress\n>p1 move sleeptalk\n>p2 move bodypress\n>p1 move sleeptalk\n>p2 move bodypress\n>p1 move rest\n>p2 move bodypress\n>p1 move sleeptalk\n>p2 move bodypress\n>p1 move sleeptalk\n>p2 move voltswitch\n>p2 switch 4\n>p1 move knockoff\n>p2 move aquajet\n>p1 move rest\n>p2 move aquajet\n>p1 switch 4\n>p1 move gigadrain\n>p2 switch 5\n>p1 move calmmind\n>p2 move substitute\n>p1 move flamethrower\n>p2 move hypervoice\n>p1 move flamethrower\n>p2 switch 3\n>p1 move gigadrain\n>p2 move poltergeist\n>p2 switch 6\n>p1 switch 3\n>p2 move quiverdance\n>p1 move taunt\n>p2 switch 4\n>p1 move partingshot\n>p2 move flashcannon\n>p1 switch 3\n>p1 move flamethrower\n>p2 move voltswitch\n>p2 switch 4\n>p1 move dragonpulse\n>p2 move hurricane\n>p1 switch 3\n>p2 move hurricane\n>p1 move taunt\n>p2 switch 4\n>p1 move partingshot\n>p2 move voltswitch\n>p1 switch 3\n>p2 switch 4\n>p1 move dragonpulse\n>p2 move hurricane\n>chat \u2606PENTAC00L|Great player\n>p2 switch 2\n>p1 switch 5\n>p2 move dazzlinggleam terastallize\n>p1 move fireblast\n>p2 switch 4\n>p2 switch 3\n>p1 move gunkshot\n>p2 move leechseed\n>p2 switch 4\n>p1 move gunkshot\n>p2 move hypervoice\n>forcelose p2", "uploadtime": 1732967511, "views": 1, "formatid": "gen9randombattle", "rating": 2100, "private": 0, "password": null}