{"id": "gen9randombattle-2254162691", "format": "[Gen 9] Random Battle", "players": ["inanismortissss", "PitoVerde"], "log": "|j|\u2606inanismortissss\n|j|\u2606PitoVerde\n|t:|1732998972\n|gametype|singles\n|player|p1|inanismortissss|clair|1070\n|player|p2|PitoVerde|benga|1038\n|teamsize|p1|6\n|teamsize|p2|6\n|gen|9\n|tier|[Gen 9] Random Battle\n|rated|\n|rule|Species Clause: Limit one of each Pok\u00e9mon\n|rule|HP Percentage Mod: HP is shown in percentages\n|rule|Sleep Clause Mod: Limit one foe put to sleep\n|rule|Illusion Level Mod: Illusion disguises the Pok\u00e9mon's true level\n|\n|t:|1732998972\n|start\n|switch|p1a: Shiftry|Shiftry, L89, F|305/305\n|switch|p2a: Great Tusk|Great Tusk, L77|304/304\n|turn|1\n|inactive|Battle timer is ON: inactive players will automatically lose when time's up. (requested by inanismortissss)\n|\n|t:|1732998996\n|switch|p1a: Dragapult|Dragapult, L77, F|262/262\n|move|p2a: Great Tusk|Close Combat|p1a: Dragapult\n|-immune|p1a: Dragapult\n|\n|upkeep\n|turn|2\n|\n|t:|1732999022\n|-end|p2a: Great Tusk|Protosynthesis|[silent]\n|switch|p2a: Smeargle|Smeargle, L95, F|258/258\n|move|p1a: Dragapult|Dragon Dance|p1a: Dragapult\n|-boost|p1a: Dragapult|atk|1\n|-boost|p1a: Dragapult|spe|1\n|\n|upkeep\n|turn|3\n|\n|t:|1732999034\n|move|p1a: Dragapult|Dragon Darts|p2a: Smeargle\n|-damage|p2a: Smeargle|98/258\n|-anim|p1a: Dragapult|Dragon Darts|p2a: Smeargle\n|-damage|p2a: Smeargle|0 fnt\n|faint|p2a: Smeargle\n|-damage|p1a: Dragapult|236/262|[from] item: Life Orb\n|\n|upkeep\n|\n|t:|1732999043\n|switch|p2a: Froslass|Froslass, L87, F|263/263\n|turn|4\n|\n|t:|1732999050\n|move|p1a: Dragapult|Fire Blast|p2a: Froslass\n|-supereffective|p2a: Froslass\n|-damage|p2a: Froslass|71/263\n|-damage|p1a: Dragapult|210/262|[from] item: Life Orb\n|move|p2a: Froslass|Triple Axel|p1a: Dragapult\n|-supereffective|p1a: Dragapult\n|-damage|p1a: Dragapult|156/262\n|-supereffective|p1a: Dragapult\n|-damage|p1a: Dragapult|58/262\n|-supereffective|p1a: Dragapult\n|-damage|p1a: Dragapult|0 fnt\n|faint|p1a: Dragapult\n|-hitcount|p1: Dragapult|3\n|\n|upkeep\n|\n|t:|1732999063\n|switch|p1a: Lokix|Lokix, L82, F|251/251\n|turn|5\n|\n|t:|1732999071\n|move|p1a: Lokix|First Impression|p2a: Froslass\n|-resisted|p2a: Froslass\n|-damage|p2a: Froslass|0 fnt\n|faint|p2a: Froslass\n|-damage|p1a: Lokix|226/251|[from] item: Life Orb\n|\n|upkeep\n|\n|t:|1732999087\n|switch|p2a: Hydreigon|Hydreigon, L79, M|275/275\n|turn|6\n|\n|t:|1732999096\n|move|p2a: Hydreigon|Fire Blast|p1a: Lokix\n|-supereffective|p1a: Lokix\n|-damage|p1a: Lokix|0 fnt\n|faint|p1a: Lokix\n|\n|upkeep\n|\n|t:|1732999112\n|switch|p1a: Sneasler|Sneasler, L74, M|240/240\n|turn|7\n|\n|t:|1732999120\n|switch|p2a: Great Tusk|Great Tusk, L77|304/304\n|move|p1a: Sneasler|Swords Dance|p1a: Sneasler\n|-boost|p1a: Sneasler|atk|2\n|\n|upkeep\n|turn|8\n|\n|t:|1732999130\n|move|p1a: Sneasler|Close Combat|p2a: Great Tusk\n|-damage|p2a: Great Tusk|120/304\n|-unboost|p1a: Sneasler|def|1\n|-unboost|p1a: Sneasler|spd|1\n|-enditem|p1a: Sneasler|White Herb\n|-clearnegativeboost|p1a: Sneasler|[silent]\n|move|p2a: Great Tusk|Close Combat|p1a: Sneasler\n|-resisted|p1a: Sneasler\n|-damage|p1a: Sneasler|133/240\n|-unboost|p2a: Great Tusk|def|1\n|-unboost|p2a: Great Tusk|spd|1\n|\n|-heal|p2a: Great Tusk|139/304|[from] item: Leftovers\n|upkeep\n|turn|9\n|\n|t:|1732999144\n|move|p1a: Sneasler|Acrobatics|p2a: Great Tusk\n|-supereffective|p2a: Great Tusk\n|-damage|p2a: Great Tusk|0 fnt\n|faint|p2a: Great Tusk\n|-end|p2a: Great Tusk|Protosynthesis|[silent]\n|\n|upkeep\n|-message|PitoVerde forfeited.\n|\n|win|inanismortissss\n|raw|inanismortissss's rating: 1070 &rarr; <strong>1097</strong><br />(+27 for winning)\n|raw|PitoVerde's rating: 1038 &rarr; <strong>1024</strong><br />(-14 for losing)\n|l|\u2606PitoVerde\n|player|p2|\n", "inputlog": ">version b107d77f5c90bd6555267ae244a6264823309ead\n>start {\"formatid\":\"gen9randombattle\",\"seed\":[17615,53456,56960,10055],\"rated\":\"Rated battle\"}\n>player p1 {\"name\":\"inanismortissss\",\"avatar\":\"clair\",\"rating\":1070,\"seed\":[53374,22512,45207,20979]}\n>player p2 {\"name\":\"PitoVerde\",\"avatar\":\"benga\",\"rating\":1038,\"seed\":[39994,17007,37690,17434]}\n>p1 switch 2\n>p2 move closecombat\n>p1 move dragondance\n>p2 switch 4\n>p1 move dragondarts\n>p2 move spore\n>p2 switch 3\n>p1 move fireblast\n>p2 move tripleaxel\n>p1 switch 3\n>p1 move firstimpression\n>p2 move willowisp\n>p2 switch 2\n>p1 move leechlife\n>p2 move fireblast\n>p1 switch 5\n>p1 move swordsdance\n>p2 switch 4\n>p1 move closecombat\n>p2 move closecombat\n>p1 move acrobatics\n>p2 move earthquake\n>forcelose p2", "uploadtime": 1732999160, "views": 1, "formatid": "gen9randombattle", "rating": 1024, "private": 0, "password": null}