{"id": "gen9randombattle-2254077793", "format": "[Gen 9] Random Battle", "players": ["ddemon24", "Magikarpitalism"], "log": "|j|\u2606ddemon24\n|j|\u2606Magikarpitalism\n|t:|1732988492\n|gametype|singles\n|player|p1|ddemon24|102|1986\n|player|p2|Magikarpitalism|adaman|2053\n|teamsize|p1|6\n|teamsize|p2|6\n|gen|9\n|tier|[Gen 9] Random Battle\n|rated|\n|rule|Species Clause: Limit one of each Pok\u00e9mon\n|rule|HP Percentage Mod: HP is shown in percentages\n|rule|Sleep Clause Mod: Limit one foe put to sleep\n|rule|Illusion Level Mod: Illusion disguises the Pok\u00e9mon's true level\n|\n|t:|1732988492\n|start\n|switch|p1a: Sandaconda|Sandaconda, L84, M|258/258\n|switch|p2a: Terapagos|Terapagos, L76, F|262/262\n|-activate|p2a: Terapagos|ability: Tera Shift\n|detailschange|p2a: Terapagos|Terapagos-Terastal, L76, F\n|-heal|p2a: Terapagos|269/269|[silent]\n|turn|1\n|\n|t:|1732988516\n|switch|p2a: Vaporeon|Vaporeon, L86, F|364/364\n|move|p1a: Sandaconda|Scale Shot|p2a: Vaporeon\n|-damage|p2a: Vaporeon|336/364\n|-damage|p2a: Vaporeon|309/364\n|-damage|p2a: Vaporeon|283/364\n|-damage|p2a: Vaporeon|255/364\n|-hitcount|p2a: Vaporeon|4\n|-unboost|p1a: Sandaconda|def|1\n|-boost|p1a: Sandaconda|spe|1\n|\n|-heal|p2a: Vaporeon|277/364|[from] item: Leftovers\n|upkeep\n|turn|2\n|\n|t:|1732988522\n|switch|p1a: Vikavolt|Vikavolt, L83, M|263/263\n|move|p2a: Vaporeon|Scald|p1a: Vikavolt\n|-crit|p1a: Vikavolt\n|-damage|p1a: Vikavolt|88/263\n|\n|-heal|p2a: Vaporeon|299/364|[from] item: Leftovers\n|upkeep\n|turn|3\n|\n|t:|1732988544\n|switch|p1a: Blastoise|Blastoise, L80, M|258/258\n|move|p2a: Vaporeon|Scald|p1a: Blastoise\n|-resisted|p1a: Blastoise\n|-damage|p1a: Blastoise|212/258\n|\n|-heal|p2a: Vaporeon|321/364|[from] item: Leftovers\n|upkeep\n|turn|4\n|\n|t:|1732988576\n|move|p1a: Blastoise|Shell Smash|p1a: Blastoise\n|-unboost|p1a: Blastoise|def|1\n|-unboost|p1a: Blastoise|spd|1\n|-boost|p1a: Blastoise|atk|2\n|-boost|p1a: Blastoise|spa|2\n|-boost|p1a: Blastoise|spe|2\n|-enditem|p1a: Blastoise|White Herb\n|-clearnegativeboost|p1a: Blastoise|[silent]\n|move|p2a: Vaporeon|Calm Mind|p2a: Vaporeon\n|-boost|p2a: Vaporeon|spa|1\n|-boost|p2a: Vaporeon|spd|1\n|\n|-heal|p2a: Vaporeon|343/364|[from] item: Leftovers\n|upkeep\n|turn|5\n|\n|t:|1732988581\n|move|p1a: Blastoise|Earthquake|p2a: Vaporeon\n|-damage|p2a: Vaporeon|193/364\n|move|p2a: Vaporeon|Scald|p1a: Blastoise\n|-resisted|p1a: Blastoise\n|-damage|p1a: Blastoise|148/258\n|-status|p1a: Blastoise|brn\n|\n|-heal|p2a: Vaporeon|215/364|[from] item: Leftovers\n|-damage|p1a: Blastoise|132/258 brn|[from] brn\n|upkeep\n|turn|6\n|\n|t:|1732988611\n|switch|p1a: Medicham|Medicham, L86, F|243/243\n|move|p2a: Vaporeon|Scald|p1a: Medicham\n|-damage|p1a: Medicham|83/243\n|-status|p1a: Medicham|brn\n|\n|-heal|p2a: Vaporeon|237/364|[from] item: Leftovers\n|-damage|p1a: Medicham|68/243 brn|[from] brn\n|upkeep\n|turn|7\n|-message|ddemon24 forfeited.\n|\n|win|Magikarpitalism\n|raw|ddemon24's rating: 1986 &rarr; <strong>1970</strong><br />(-16 for losing)\n|raw|Magikarpitalism's rating: 2053 &rarr; <strong>2069</strong><br />(+16 for winning)\n|l|\u2606ddemon24\n|player|p1|\n", "inputlog": ">version b107d77f5c90bd6555267ae244a6264823309ead\n>start {\"formatid\":\"gen9randombattle\",\"seed\":[8240,9554,52523,1005],\"rated\":\"Rated battle\"}\n>player p1 {\"name\":\"ddemon24\",\"avatar\":\"102\",\"rating\":1986,\"seed\":[51546,22077,39270,50433]}\n>player p2 {\"name\":\"Magikarpitalism\",\"avatar\":\"adaman\",\"rating\":2053,\"seed\":[1566,62800,41753,42532]}\n>p1 move scaleshot\n>p2 switch 5\n>p1 switch 6\n>p2 move scald\n>p1 switch 3\n>p2 move scald\n>p1 move shellsmash\n>p2 move calmmind\n>p1 move earthquake\n>p2 move scald\n>p1 switch 2\n>p2 move scald\n>forcelose p1", "uploadtime": 1732988654, "views": 2, "formatid": "gen9randombattle", "rating": 1970, "private": 0, "password": null}