{"id": "gen9randombattle-2253926587", "format": "[Gen 9] Random Battle", "players": ["Snjekwkwmsnndnddn", "hbddgfw"], "log": "|j|\u2606Snjekwkwmsnndnddn\n|j|\u2606hbddgfw\n|t:|1732965353\n|gametype|singles\n|player|p1|Snjekwkwmsnndnddn|1|1045\n|player|p2|hbddgfw|102|1055\n|teamsize|p1|6\n|teamsize|p2|6\n|gen|9\n|tier|[Gen 9] Random Battle\n|rated|\n|rule|Species Clause: Limit one of each Pok\u00e9mon\n|rule|HP Percentage Mod: HP is shown in percentages\n|rule|Sleep Clause Mod: Limit one foe put to sleep\n|rule|Illusion Level Mod: Illusion disguises the Pok\u00e9mon's true level\n|\n|t:|1732965353\n|start\n|switch|p1a: Shaymin|Shaymin-Sky, L73|266/266\n|switch|p2a: Toxapex|Toxapex, L82, F|216/216\n|turn|1\n|inactive|Battle timer is ON: inactive players will automatically lose when time's up. (requested by Snjekwkwmsnndnddn)\n|\n|t:|1732965390\n|switch|p1a: Tinkaton|Tinkaton, L82, F|274/274\n|-ability|p1a: Tinkaton|Mold Breaker\n|-terastallize|p2a: Toxapex|Steel\n|move|p2a: Toxapex|Toxic Spikes|p1a: Tinkaton\n|-sidestart|p1: Snjekwkwmsnndnddn|move: Toxic Spikes\n|\n|upkeep\n|turn|2\n|\n|t:|1732965402\n|move|p1a: Tinkaton|Encore|p2a: Toxapex\n|-start|p2a: Toxapex|Encore\n|move|p2a: Toxapex|Toxic Spikes|p1a: Tinkaton\n|-sidestart|p1: Snjekwkwmsnndnddn|move: Toxic Spikes\n|\n|upkeep\n|turn|3\n|\n|t:|1732965407\n|move|p1a: Tinkaton|Stealth Rock|p2a: Toxapex\n|-sidestart|p2: hbddgfw|move: Stealth Rock\n|move|p2a: Toxapex|Toxic Spikes||[still]\n|-fail|p2a: Toxapex\n|\n|upkeep\n|turn|4\n|inactive|hbddgfw has 120 seconds left.\n|\n|t:|1732965442\n|switch|p2a: Gurdurr|Gurdurr, L85, F|283/283\n|-damage|p2a: Gurdurr|266/283|[from] Stealth Rock\n|move|p1a: Tinkaton|Gigaton Hammer|p2a: Gurdurr\n|-damage|p2a: Gurdurr|178/283\n|\n|upkeep\n|turn|5\n|inactive|hbddgfw has 120 seconds left.\n|\n|t:|1732965473\n|move|p1a: Tinkaton|Play Rough|p2a: Gurdurr\n|-supereffective|p2a: Gurdurr\n|-damage|p2a: Gurdurr|68/283\n|move|p2a: Gurdurr|Drain Punch|p1a: Tinkaton\n|-damage|p1a: Tinkaton|180/274\n|-heal|p2a: Gurdurr|115/283|[from] drain|[of] p1a: Tinkaton\n|\n|-heal|p1a: Tinkaton|197/274|[from] item: Leftovers\n|upkeep\n|turn|6\n|\n|t:|1732965482\n|move|p1a: Tinkaton|Play Rough|p2a: Gurdurr\n|-supereffective|p2a: Gurdurr\n|-damage|p2a: Gurdurr|11/283\n|move|p2a: Gurdurr|Drain Punch|p1a: Tinkaton\n|-damage|p1a: Tinkaton|98/274\n|-heal|p2a: Gurdurr|61/283|[from] drain|[of] p1a: Tinkaton\n|\n|-heal|p1a: Tinkaton|115/274|[from] item: Leftovers\n|upkeep\n|turn|7\n|\n|t:|1732965493\n|switch|p2a: Scizor|Scizor, L79, M|240/240\n|-damage|p2a: Scizor|210/240|[from] Stealth Rock\n|move|p1a: Tinkaton|Gigaton Hammer|p2a: Scizor\n|-resisted|p2a: Scizor\n|-damage|p2a: Scizor|143/240\n|\n|-heal|p1a: Tinkaton|132/274|[from] item: Leftovers\n|upkeep\n|turn|8\n|\n|t:|1732965504\n|move|p1a: Tinkaton|Play Rough|p2a: Scizor\n|-resisted|p2a: Scizor\n|-damage|p2a: Scizor|110/240\n|move|p2a: Scizor|Close Combat|p1a: Tinkaton\n|-damage|p1a: Tinkaton|0 fnt\n|-unboost|p2a: Scizor|def|1\n|-unboost|p2a: Scizor|spd|1\n|faint|p1a: Tinkaton\n|\n|upkeep\n|\n|t:|1732965530\n|switch|p1a: Shaymin|Shaymin-Sky, L73|266/266\n|turn|9\n|\n|t:|1732965553\n|switch|p2a: Toxapex|Toxapex, L82, F, tera:Steel|216/216\n|-damage|p2a: Toxapex|203/216|[from] Stealth Rock\n|move|p1a: Shaymin|Air Slash|p2a: Toxapex\n|-resisted|p2a: Toxapex\n|-crit|p2a: Toxapex\n|-damage|p2a: Toxapex|143/216\n|\n|-heal|p2a: Toxapex|156/216|[from] item: Leftovers\n|upkeep\n|turn|10\n|inactive|hbddgfw has 90 seconds left.\n|\n|t:|1732965583\n|switch|p1a: Meloetta|Meloetta, L82|298/298\n|-status|p1a: Meloetta|tox\n|switch|p2a: Gurdurr|Gurdurr, L85, F|61/283\n|-damage|p2a: Gurdurr|44/283|[from] Stealth Rock\n|\n|-damage|p1a: Meloetta|280/298 tox|[from] psn\n|upkeep\n|turn|11\n|\n|t:|1732965593\n|move|p1a: Meloetta|Relic Song|p2a: Gurdurr\n|-damage|p2a: Gurdurr|0 fnt\n|faint|p2a: Gurdurr\n|-formechange|p1a: Meloetta|Meloetta-Pirouette|[msg]\n|-damage|p1a: Meloetta|251/298 tox|[from] item: Life Orb\n|\n|-damage|p1a: Meloetta|215/298 tox|[from] psn\n|upkeep\n|\n|t:|1732965610\n|switch|p2a: Sylveon|Sylveon, L85, M|300/300\n|-damage|p2a: Sylveon|263/300|[from] Stealth Rock\n|turn|12\n|\n|t:|1732965615\n|move|p1a: Meloetta|Triple Axel|p2a: Sylveon\n|-damage|p2a: Sylveon|236/300\n|-crit|p2a: Sylveon\n|-damage|p2a: Sylveon|153/300\n|-crit|p2a: Sylveon\n|-damage|p2a: Sylveon|37/300\n|-hitcount|p2a: Sylveon|3\n|-damage|p1a: Meloetta|186/298 tox|[from] item: Life Orb\n|move|p2a: Sylveon|Calm Mind|p2a: Sylveon\n|-boost|p2a: Sylveon|spa|1\n|-boost|p2a: Sylveon|spd|1\n|\n|-heal|p2a: Sylveon|55/300|[from] item: Leftovers\n|-damage|p1a: Meloetta|132/298 tox|[from] psn\n|upkeep\n|turn|13\n|\n|t:|1732965623\n|move|p2a: Sylveon|Protect|p2a: Sylveon\n|-singleturn|p2a: Sylveon|Protect\n|move|p1a: Meloetta|Knock Off|p2a: Sylveon\n|-activate|p2a: Sylveon|move: Protect\n|\n|-heal|p2a: Sylveon|73/300|[from] item: Leftovers\n|-damage|p1a: Meloetta|60/298 tox|[from] psn\n|upkeep\n|turn|14\n|\n|t:|1732965631\n|move|p2a: Sylveon|Protect||[still]\n|-fail|p2a: Sylveon\n|move|p1a: Meloetta|Close Combat|p2a: Sylveon\n|-resisted|p2a: Sylveon\n|-damage|p2a: Sylveon|0 fnt\n|-unboost|p1a: Meloetta|def|1\n|-unboost|p1a: Meloetta|spd|1\n|faint|p2a: Sylveon\n|-damage|p1a: Meloetta|31/298 tox|[from] item: Life Orb\n|\n|-damage|p1a: Meloetta|0 fnt|[from] psn\n|faint|p1a: Meloetta\n|upkeep\n|inactive|hbddgfw has 90 seconds left.\n|\n|t:|1732965657\n|switch|p1a: Shaymin|Shaymin-Sky, L73|266/266\n|switch|p2a: Scizor|Scizor, L79, M|110/240\n|-damage|p2a: Scizor|80/240|[from] Stealth Rock\n|turn|15\n|\n|t:|1732965664\n|move|p1a: Shaymin|Earth Power|p2a: Scizor\n|-damage|p2a: Scizor|0 fnt\n|faint|p2a: Scizor\n|\n|upkeep\n|\n|t:|1732965677\n|switch|p2a: Passimian|Passimian, L83, F|302/302\n|-damage|p2a: Passimian|284/302|[from] Stealth Rock\n|turn|16\n|\n|t:|1732965682\n|move|p1a: Shaymin|Earth Power|p2a: Passimian\n|-damage|p2a: Passimian|169/302\n|move|p2a: Passimian|Rock Slide|p1a: Shaymin\n|-supereffective|p1a: Shaymin\n|-damage|p1a: Shaymin|22/266\n|\n|upkeep\n|turn|17\n|\n|t:|1732965688\n|move|p1a: Shaymin|Earth Power|p2a: Passimian\n|-damage|p2a: Passimian|57/302\n|move|p2a: Passimian|Rock Slide|p1a: Shaymin\n|-supereffective|p1a: Shaymin\n|-damage|p1a: Shaymin|0 fnt\n|faint|p1a: Shaymin\n|\n|upkeep\n|\n|t:|1732965690\n|switch|p1a: Araquanid|Araquanid, L82, M|246/246\n|turn|18\n|inactive|hbddgfw has 90 seconds left.\n|\n|t:|1732965713\n|switch|p2a: Ogerpon|Ogerpon, L80, F|259/259\n|-damage|p2a: Ogerpon|227/259|[from] Stealth Rock\n|move|p1a: Araquanid|Liquidation|p2a: Ogerpon\n|-resisted|p2a: Ogerpon\n|-damage|p2a: Ogerpon|158/259\n|\n|-heal|p2a: Ogerpon|174/259|[from] item: Leftovers\n|upkeep\n|turn|19\n|\n|t:|1732965722\n|move|p2a: Ogerpon|Ivy Cudgel|p1a: Araquanid\n|-damage|p1a: Araquanid|128/246\n|move|p1a: Araquanid|Leech Life|p2a: Ogerpon\n|-supereffective|p2a: Ogerpon\n|-damage|p2a: Ogerpon|34/259\n|-heal|p1a: Araquanid|198/246|[from] drain|[of] p2a: Ogerpon\n|\n|-heal|p2a: Ogerpon|50/259|[from] item: Leftovers\n|upkeep\n|turn|20\n|inactive|hbddgfw has 90 seconds left.\n|\n|t:|1732965729\n|move|p2a: Ogerpon|Ivy Cudgel|p1a: Araquanid\n|-damage|p1a: Araquanid|89/246\n|move|p1a: Araquanid|Sticky Web|p2a: Ogerpon\n|-sidestart|p2: hbddgfw|move: Sticky Web\n|\n|-heal|p2a: Ogerpon|66/259|[from] item: Leftovers\n|upkeep\n|turn|21\n|\n|t:|1732965733\n|move|p2a: Ogerpon|Ivy Cudgel|p1a: Araquanid\n|-damage|p1a: Araquanid|0 fnt\n|faint|p1a: Araquanid\n|\n|-heal|p2a: Ogerpon|82/259|[from] item: Leftovers\n|upkeep\n|\n|t:|1732965735\n|switch|p1a: Spectrier|Spectrier, L75|274/274\n|-status|p1a: Spectrier|tox\n|turn|22\n|\n|t:|1732965741\n|move|p1a: Spectrier|Shadow Ball|p2a: Ogerpon\n|-damage|p2a: Ogerpon|0 fnt\n|faint|p2a: Ogerpon\n|-ability|p1a: Spectrier|Grim Neigh|boost\n|-boost|p1a: Spectrier|spa|1\n|-damage|p1a: Spectrier|247/274 tox|[from] item: Life Orb\n|\n|-damage|p1a: Spectrier|230/274 tox|[from] psn\n|upkeep\n|\n|t:|1732965749\n|switch|p2a: Toxapex|Toxapex, L82, F, tera:Steel|216/216\n|-damage|p2a: Toxapex|203/216|[from] Stealth Rock\n|-activate|p2a: Toxapex|move: Sticky Web\n|-unboost|p2a: Toxapex|spe|1\n|turn|23\n|\n|t:|1732965759\n|-terastallize|p1a: Spectrier|Fighting\n|move|p1a: Spectrier|Tera Blast|p2a: Toxapex|[anim] Tera Blast Fighting\n|-supereffective|p2a: Toxapex\n|-damage|p2a: Toxapex|0 fnt\n|faint|p2a: Toxapex\n|-ability|p1a: Spectrier|Grim Neigh|boost\n|-boost|p1a: Spectrier|spa|1\n|-damage|p1a: Spectrier|203/274 tox|[from] item: Life Orb\n|\n|-damage|p1a: Spectrier|169/274 tox|[from] psn\n|upkeep\n|\n|t:|1732965765\n|switch|p2a: Passimian|Passimian, L83, F|57/302\n|-damage|p2a: Passimian|39/302|[from] Stealth Rock\n|-activate|p2a: Passimian|move: Sticky Web\n|-unboost|p2a: Passimian|spe|1\n|-ability|p2a: Passimian|Defiant|boost\n|-boost|p2a: Passimian|atk|2\n|turn|24\n|inactive|hbddgfw has 120 seconds left.\n|-message|hbddgfw forfeited.\n|\n|win|Snjekwkwmsnndnddn\n|raw|Snjekwkwmsnndnddn's rating: 1045 &rarr; <strong>1079</strong><br />(+34 for winning)\n|raw|hbddgfw's rating: 1055 &rarr; <strong>1036</strong><br />(-19 for losing)\n|l|\u2606hbddgfw\n|player|p2|\n", "inputlog": ">version b107d77f5c90bd6555267ae244a6264823309ead\n>start {\"formatid\":\"gen9randombattle\",\"seed\":[2970,36654,56971,53758],\"rated\":\"Rated battle\"}\n>player p1 {\"name\":\"Snjekwkwmsnndnddn\",\"avatar\":\"1\",\"rating\":1045,\"seed\":[56460,8674,46550,31603]}\n>player p2 {\"name\":\"hbddgfw\",\"avatar\":\"102\",\"rating\":1055,\"seed\":[31750,37346,46878,17139]}\n>p1 switch 3\n>p2 move toxicspikes terastallize\n>p1 move encore\n>p2 move toxicspikes\n>p1 move stealthrock\n>p2 move toxicspikes\n>p1 move gigatonhammer\n>p2 switch 2\n>p1 move playrough\n>p2 move drainpunch\n>p1 move playrough\n>p2 move drainpunch\n>p1 move gigatonhammer\n>p2 switch 3\n>p1 move playrough\n>p2 move closecombat\n>p1 switch 3\n>p1 move airslash\n>p2 switch 2\n>p1 switch 4\n>p2 switch 3\n>p1 move relicsong\n>p2 move knockoff\n>p2 switch 5\n>p1 move tripleaxel\n>p2 move calmmind\n>p1 move knockoff\n>p2 move protect\n>p1 move closecombat\n>p2 move protect\n>p1 switch 4\n>p2 switch 2\n>p1 move earthpower\n>p2 move uturn\n>p2 switch 4\n>p1 move earthpower\n>p2 move rockslide\n>p1 move earthpower\n>p2 move rockslide\n>p1 switch 5\n>p1 move liquidation\n>p2 switch 6\n>p1 move leechlife\n>p2 move ivycudgel\n>p1 move stickyweb\n>p2 move ivycudgel\n>p1 move leechlife\n>p2 move ivycudgel\n>p1 switch 2\n>p1 move shadowball\n>p2 move ivycudgel\n>p2 switch 3\n>p1 move terablast terastallize\n>p2 move recover\n>p2 switch 6\n>forcelose p2", "uploadtime": 1732965773, "views": 1, "formatid": "gen9randombattle", "rating": 1036, "private": 0, "password": null}