{"id": "gen9randombattle-2253996277", "format": "[Gen 9] Random Battle", "players": ["Juann25", "Pneop"], "log": "|j|\u2606Juann25\n|j|\u203dPneop\n|t:|1732977536\n|gametype|singles\n|player|p1|Juann25|hilbert|1133\n|player|p2|Pneop|dawn-gen4pt|1100\n|teamsize|p1|6\n|teamsize|p2|6\n|gen|9\n|tier|[Gen 9] Random Battle\n|rated|\n|rule|Species Clause: Limit one of each Pok\u00e9mon\n|rule|HP Percentage Mod: HP is shown in percentages\n|rule|Sleep Clause Mod: Limit one foe put to sleep\n|rule|Illusion Level Mod: Illusion disguises the Pok\u00e9mon's true level\n|\n|t:|1732977536\n|start\n|switch|p1a: Regidrago|Regidrago, L77|435/435\n|switch|p2a: Rillaboom|Rillaboom, L79, M|288/288\n|-fieldstart|move: Grassy Terrain|[from] ability: Grassy Surge|[of] p2a: Rillaboom\n|turn|1\n|inactive|Battle timer is ON: inactive players will automatically lose when time's up. (requested by Pneop)\n|\n|t:|1732977552\n|move|p2a: Rillaboom|Knock Off|p1a: Regidrago\n|-damage|p1a: Regidrago|293/435\n|-enditem|p1a: Regidrago|Life Orb|[from] move: Knock Off|[of] p2a: Rillaboom\n|-damage|p2a: Rillaboom|260/288|[from] item: Life Orb\n|move|p1a: Regidrago|Dragon Dance|p1a: Regidrago\n|-boost|p1a: Regidrago|atk|1\n|-boost|p1a: Regidrago|spe|1\n|\n|-heal|p1a: Regidrago|320/435|[from] Grassy Terrain\n|-heal|p2a: Rillaboom|278/288|[from] Grassy Terrain\n|upkeep\n|turn|2\n|\n|t:|1732977571\n|switch|p2a: Iron Valiant|Iron Valiant, L78|244/244\n|move|p1a: Regidrago|Dragon Claw|p2a: Iron Valiant\n|-immune|p2a: Iron Valiant\n|\n|-heal|p1a: Regidrago|347/435|[from] Grassy Terrain\n|upkeep\n|turn|3\n|\n|t:|1732977600\n|move|p1a: Regidrago|Earthquake|p2a: Iron Valiant\n|-damage|p2a: Iron Valiant|196/244\n|move|p2a: Iron Valiant|Moonblast|p1a: Regidrago\n|-supereffective|p1a: Regidrago\n|-damage|p1a: Regidrago|0 fnt\n|faint|p1a: Regidrago\n|-damage|p2a: Iron Valiant|172/244|[from] item: Life Orb\n|\n|-heal|p2a: Iron Valiant|187/244|[from] Grassy Terrain\n|upkeep\n|\n|t:|1732977610\n|switch|p1a: Dragalge|Dragalge, L88, F|258/258\n|turn|4\n|\n|t:|1732977619\n|-end|p2a: Iron Valiant|Quark Drive|[silent]\n|switch|p2a: Iron Treads|Iron Treads, L77|265/265\n|move|p1a: Dragalge|Sludge Wave|p2a: Iron Treads\n|-immune|p2a: Iron Treads\n|\n|upkeep\n|turn|5\n|\n|t:|1732977629\n|switch|p1a: Kricketune|Kricketune, L99, F|312/312\n|move|p2a: Iron Treads|Stealth Rock|p1a: Kricketune\n|-sidestart|p1: Juann25|move: Stealth Rock\n|\n|-fieldend|move: Grassy Terrain\n|upkeep\n|turn|6\n|\n|t:|1732977638\n|move|p2a: Iron Treads|Iron Head|p1a: Kricketune\n|-damage|p1a: Kricketune|213/312\n|move|p1a: Kricketune|Sticky Web|p2a: Iron Treads\n|-sidestart|p2: Pneop|move: Sticky Web\n|\n|upkeep\n|turn|7\n|\n|t:|1732977645\n|move|p2a: Iron Treads|Iron Head|p1a: Kricketune\n|-damage|p1a: Kricketune|110/312\n|move|p1a: Kricketune|Taunt|p2a: Iron Treads\n|-start|p2a: Iron Treads|move: Taunt\n|\n|upkeep\n|turn|8\n|\n|t:|1732977650\n|move|p2a: Iron Treads|Iron Head|p1a: Kricketune\n|-damage|p1a: Kricketune|7/312\n|move|p1a: Kricketune|Pounce|p2a: Iron Treads\n|-resisted|p2a: Iron Treads\n|-damage|p2a: Iron Treads|223/265\n|-unboost|p2a: Iron Treads|spe|1\n|\n|-heal|p2a: Iron Treads|239/265|[from] item: Leftovers\n|upkeep\n|turn|9\n|\n|t:|1732977656\n|move|p1a: Kricketune|Pounce|p2a: Iron Treads\n|-resisted|p2a: Iron Treads\n|-damage|p2a: Iron Treads|197/265\n|-unboost|p2a: Iron Treads|spe|1\n|move|p2a: Iron Treads|Rapid Spin|p1a: Kricketune\n|-damage|p1a: Kricketune|0 fnt\n|-boost|p2a: Iron Treads|spe|1\n|-sideend|p2: Pneop|Sticky Web|[from] move: Rapid Spin|[of] p2a: Iron Treads\n|faint|p1a: Kricketune\n|\n|-heal|p2a: Iron Treads|213/265|[from] item: Leftovers\n|upkeep\n|\n|t:|1732977679\n|switch|p1a: Lurantis|Lurantis, L87, F|264/264\n|-damage|p1a: Lurantis|231/264|[from] Stealth Rock\n|turn|10\n|\n|t:|1732977689\n|-end|p2a: Iron Treads|Quark Drive|[silent]\n|switch|p2a: Tornadus|Tornadus, L82, M|264/264\n|move|p1a: Lurantis|Leaf Storm|p2a: Tornadus\n|-resisted|p2a: Tornadus\n|-damage|p2a: Tornadus|199/264\n|-boost|p1a: Lurantis|spa|2\n|\n|upkeep\n|turn|11\n|\n|t:|1732977699\n|switch|p1a: Dragalge|Dragalge, L88, F|258/258\n|-damage|p1a: Dragalge|226/258|[from] Stealth Rock\n|move|p2a: Tornadus|Bleakwind Storm|p1a: Dragalge\n|-damage|p1a: Dragalge|135/258\n|\n|upkeep\n|turn|12\n|\n|t:|1732977709\n|move|p2a: Tornadus|Nasty Plot|p2a: Tornadus\n|-boost|p2a: Tornadus|spa|2\n|move|p1a: Dragalge|Draco Meteor|p2a: Tornadus\n|-damage|p2a: Tornadus|0 fnt\n|-unboost|p1a: Dragalge|spa|2\n|faint|p2a: Tornadus\n|\n|upkeep\n|\n|t:|1732977727\n|switch|p2a: Iron Valiant|Iron Valiant, L78|187/244\n|turn|13\n|\n|t:|1732977740\n|switch|p1a: Meloetta|Meloetta, L82|298/298\n|-damage|p1a: Meloetta|261/298|[from] Stealth Rock\n|move|p2a: Iron Valiant|Encore||[still]\n|-fail|p2a: Iron Valiant\n|\n|upkeep\n|turn|14\n|\n|t:|1732977766\n|-end|p2a: Iron Valiant|Quark Drive|[silent]\n|switch|p2a: Mismagius|Mismagius, L86, F|243/243\n|move|p1a: Meloetta|Relic Song|p2a: Mismagius\n|-immune|p2a: Mismagius\n|\n|upkeep\n|turn|15\n|\n|t:|1732977782\n|move|p2a: Mismagius|Mystical Fire|p1a: Meloetta\n|-damage|p1a: Meloetta|199/298\n|-unboost|p1a: Meloetta|spa|1\n|move|p1a: Meloetta|Knock Off|p2a: Mismagius\n|-supereffective|p2a: Mismagius\n|-damage|p2a: Mismagius|56/243\n|-enditem|p2a: Mismagius|Choice Specs|[from] move: Knock Off|[of] p1a: Meloetta\n|-damage|p1a: Meloetta|170/298|[from] item: Life Orb\n|\n|upkeep\n|turn|16\n|inactive|Pneop has 120 seconds left.\n|\n|t:|1732977804\n|move|p2a: Mismagius|Energy Ball|p1a: Meloetta\n|-damage|p1a: Meloetta|118/298\n|-unboost|p1a: Meloetta|spd|1\n|move|p1a: Meloetta|Knock Off|p2a: Mismagius\n|-supereffective|p2a: Mismagius\n|-damage|p2a: Mismagius|0 fnt\n|faint|p2a: Mismagius\n|-damage|p1a: Meloetta|89/298|[from] item: Life Orb\n|\n|upkeep\n|\n|t:|1732977819\n|switch|p2a: Garchomp|Garchomp, L74, F|282/282\n|turn|17\n|\n|t:|1732977826\n|move|p1a: Meloetta|Triple Axel|p2a: Garchomp\n|-supereffective|p2a: Garchomp\n|-damage|p2a: Garchomp|214/282\n|-damage|p1a: Meloetta|52/298|[from] ability: Rough Skin|[of] p2a: Garchomp\n|-damage|p1a: Meloetta|3/298|[from] item: Rocky Helmet|[of] p2a: Garchomp\n|-supereffective|p2a: Garchomp\n|-damage|p2a: Garchomp|84/282\n|-damage|p1a: Meloetta|0 fnt|[from] ability: Rough Skin|[of] p2a: Garchomp\n|faint|p1a: Meloetta\n|-hitcount|p2a: Garchomp|2\n|move|p2a: Garchomp|Outrage|p1: Meloetta|[notarget]\n|-fail|p2a: Garchomp\n|\n|upkeep\n|\n|t:|1732977830\n|switch|p1a: Lurantis|Lurantis, L87, F|231/264\n|-damage|p1a: Lurantis|198/264|[from] Stealth Rock\n|turn|18\n|inactive|Pneop has 120 seconds left.\n|\n|t:|1732977843\n|switch|p2a: Rillaboom|Rillaboom, L79, M|278/288\n|-fieldstart|move: Grassy Terrain|[from] ability: Grassy Surge|[of] p2a: Rillaboom\n|move|p1a: Lurantis|Leaf Storm|p2a: Rillaboom\n|-resisted|p2a: Rillaboom\n|-damage|p2a: Rillaboom|168/288\n|-boost|p1a: Lurantis|spa|2\n|\n|-heal|p2a: Rillaboom|186/288|[from] Grassy Terrain\n|-heal|p1a: Lurantis|214/264|[from] Grassy Terrain\n|upkeep\n|turn|19\n|inactive|Pneop has 120 seconds left.\n|\n|t:|1732977855\n|move|p2a: Rillaboom|Knock Off|p1a: Lurantis\n|-crit|p1a: Lurantis\n|-damage|p1a: Lurantis|76/264\n|-enditem|p1a: Lurantis|Assault Vest|[from] move: Knock Off|[of] p2a: Rillaboom\n|-damage|p2a: Rillaboom|158/288|[from] item: Life Orb\n|move|p1a: Lurantis|Leech Life|p2a: Rillaboom\n|-supereffective|p2a: Rillaboom\n|-damage|p2a: Rillaboom|24/288\n|-heal|p1a: Lurantis|143/264|[from] drain|[of] p2a: Rillaboom\n|\n|-heal|p2a: Rillaboom|42/288|[from] Grassy Terrain\n|-heal|p1a: Lurantis|159/264|[from] Grassy Terrain\n|upkeep\n|turn|20\n|\n|t:|1732977863\n|move|p2a: Rillaboom|Grassy Glide|p1a: Lurantis\n|-resisted|p1a: Lurantis\n|-damage|p1a: Lurantis|104/264\n|-damage|p2a: Rillaboom|14/288|[from] item: Life Orb\n|move|p1a: Lurantis|Superpower|p2a: Rillaboom\n|-damage|p2a: Rillaboom|0 fnt\n|-boost|p1a: Lurantis|atk|1\n|-boost|p1a: Lurantis|def|1\n|faint|p2a: Rillaboom\n|\n|-heal|p1a: Lurantis|120/264|[from] Grassy Terrain\n|upkeep\n|inactive|Pneop has 120 seconds left.\n|\n|t:|1732977874\n|switch|p2a: Iron Valiant|Iron Valiant, L78|187/244\n|turn|21\n|\n|t:|1732977883\n|move|p2a: Iron Valiant|Moonblast|p1a: Lurantis\n|-damage|p1a: Lurantis|0 fnt\n|faint|p1a: Lurantis\n|-damage|p2a: Iron Valiant|163/244|[from] item: Life Orb\n|\n|-heal|p2a: Iron Valiant|178/244|[from] Grassy Terrain\n|upkeep\n|\n|t:|1732977886\n|switch|p1a: Dragalge|Dragalge, L88, F|135/258\n|-damage|p1a: Dragalge|103/258|[from] Stealth Rock\n|turn|22\n|\n|t:|1732977891\n|move|p2a: Iron Valiant|Moonblast|p1a: Dragalge\n|-damage|p1a: Dragalge|6/258\n|-damage|p2a: Iron Valiant|154/244|[from] item: Life Orb\n|move|p1a: Dragalge|Focus Blast|p2a: Iron Valiant\n|-resisted|p2a: Iron Valiant\n|-damage|p2a: Iron Valiant|52/244\n|\n|-heal|p2a: Iron Valiant|67/244|[from] Grassy Terrain\n|-heal|p1a: Dragalge|22/258|[from] Grassy Terrain\n|-fieldend|move: Grassy Terrain\n|upkeep\n|turn|23\n|\n|t:|1732977898\n|move|p2a: Iron Valiant|Moonblast|p1a: Dragalge\n|-damage|p1a: Dragalge|0 fnt\n|faint|p1a: Dragalge\n|-damage|p2a: Iron Valiant|43/244|[from] item: Life Orb\n|\n|upkeep\n|\n|t:|1732977903\n|switch|p1a: Hatterene|Hatterene, L85, F|236/236\n|-damage|p1a: Hatterene|207/236|[from] Stealth Rock\n|turn|24\n|\n|t:|1732977912\n|move|p2a: Iron Valiant|Knock Off|p1a: Hatterene\n|-damage|p1a: Hatterene|123/236\n|-enditem|p1a: Hatterene|Leftovers|[from] move: Knock Off|[of] p2a: Iron Valiant\n|-damage|p2a: Iron Valiant|19/244|[from] item: Life Orb\n|move|p1a: Hatterene|Calm Mind|p1a: Hatterene\n|-boost|p1a: Hatterene|spa|1\n|-boost|p1a: Hatterene|spd|1\n|\n|upkeep\n|turn|25\n|\n|t:|1732977919\n|move|p2a: Iron Valiant|Moonblast|p1a: Hatterene\n|-damage|p1a: Hatterene|40/236\n|-unboost|p1a: Hatterene|spa|1\n|-damage|p2a: Iron Valiant|0 fnt|[from] item: Life Orb\n|faint|p2a: Iron Valiant\n|-end|p2a: Iron Valiant|Quark Drive|[silent]\n|move|p1a: Hatterene|Draining Kiss|p2: Iron Valiant|[notarget]\n|-fail|p1a: Hatterene\n|\n|upkeep\n|\n|t:|1732977926\n|switch|p2a: Iron Treads|Iron Treads, L77|213/265\n|turn|26\n|\n|t:|1732977930\n|-terastallize|p2a: Iron Treads|Steel\n|move|p2a: Iron Treads|Iron Head|p1a: Hatterene\n|-supereffective|p1a: Hatterene\n|-damage|p1a: Hatterene|0 fnt\n|faint|p1a: Hatterene\n|\n|win|Pneop\n|raw|Juann25's rating: 1133 &rarr; <strong>1106</strong><br />(-27 for losing)\n|raw|Pneop's rating: 1100 &rarr; <strong>1127</strong><br />(+27 for winning)\n|l|\u2606Juann25\n|player|p1|\n", "inputlog": ">version b107d77f5c90bd6555267ae244a6264823309ead\n>start {\"formatid\":\"gen9randombattle\",\"seed\":[21346,34212,3871,44355],\"rated\":\"Rated battle\"}\n>player p1 {\"name\":\"Juann25\",\"avatar\":\"hilbert\",\"rating\":1133,\"seed\":[57543,52947,60389,64176]}\n>player p2 {\"name\":\"Pneop\",\"avatar\":\"dawn-gen4pt\",\"rating\":1100,\"seed\":[21555,26874,57592,48876]}\n>p1 move dragondance\n>p2 move knockoff\n>p1 move dragonclaw\n>p2 switch 6\n>p1 move earthquake\n>p2 move moonblast\n>p1 switch 2\n>p1 move sludgewave\n>p2 switch 3\n>p1 switch 5\n>p2 move stealthrock\n>p1 move stickyweb\n>p2 move ironhead\n>p1 move taunt\n>p2 move ironhead\n>p1 move pounce\n>p2 move ironhead\n>p1 move pounce\n>p2 move rapidspin\n>p1 switch 3\n>p1 move leafstorm\n>p2 switch 4\n>p1 switch 5\n>p2 move bleakwindstorm\n>p1 move dracometeor\n>p2 move nastyplot\n>p2 switch 3\n>p1 switch 6\n>p2 move encore\n>p1 move relicsong\n>p2 switch 5\n>p1 move knockoff\n>p2 move mysticalfire\n>p1 move knockoff\n>p2 move energyball\n>p2 switch 2\n>p1 move tripleaxel\n>p2 move outrage\n>p1 switch 5\n>p1 move leafstorm\n>p2 switch 6\n>p1 move leechlife\n>p2 move knockoff\n>p1 move superpower\n>p2 move grassyglide\n>p2 switch 5\n>p1 move leechlife\n>p2 move moonblast\n>p1 switch 6\n>p1 move focusblast\n>p2 move moonblast\n>p1 move focusblast\n>p2 move moonblast\n>p1 switch 4\n>p1 move calmmind\n>p2 move knockoff\n>p1 move drainingkiss\n>p2 move moonblast\n>p2 switch 4\n>p1 move mysticalfire\n>p2 move ironhead terastallize", "uploadtime": 1732977934, "views": 1, "formatid": "gen9randombattle", "rating": 1106, "private": 0, "password": null}