{"id": "gen9randombattle-2253895135", "format": "[Gen 9] Random Battle", "players": ["Bentennyson_55", "Prorida24"], "log": "|j|\u2606Bentennyson_55\n|j|\u2606Prorida24\n|t:|1732958452\n|gametype|singles\n|player|p1|Bentennyson_55|red|1206\n|player|p2|Prorida24|striker|1237\n|teamsize|p1|6\n|teamsize|p2|6\n|gen|9\n|tier|[Gen 9] Random Battle\n|rated|\n|rule|Species Clause: Limit one of each Pok\u00e9mon\n|rule|HP Percentage Mod: HP is shown in percentages\n|rule|Sleep Clause Mod: Limit one foe put to sleep\n|rule|Illusion Level Mod: Illusion disguises the Pok\u00e9mon's true level\n|\n|t:|1732958452\n|start\n|switch|p1a: Drifblim|Drifblim, L86, M|398/398\n|switch|p2a: Cinderace|Cinderace, L77, M|249/249\n|turn|1\n|\n|t:|1732958465\n|move|p2a: Cinderace|Pyro Ball|p1a: Drifblim\n|-damage|p1a: Drifblim|122/398\n|move|p1a: Drifblim|Shadow Ball|p2a: Cinderace\n|-crit|p2a: Cinderace\n|-damage|p2a: Cinderace|89/249\n|\n|upkeep\n|turn|2\n|\n|t:|1732958476\n|move|p2a: Cinderace|Pyro Ball|p1a: Drifblim\n|-damage|p1a: Drifblim|0 fnt\n|faint|p1a: Drifblim\n|\n|upkeep\n|\n|t:|1732958487\n|switch|p1a: Drednaw|Drednaw, L81, F|278/278\n|turn|3\n|\n|t:|1732958502\n|switch|p2a: Dachsbun|Dachsbun, L92, F|254/254\n|move|p1a: Drednaw|Shell Smash|p1a: Drednaw\n|-unboost|p1a: Drednaw|def|1\n|-unboost|p1a: Drednaw|spd|1\n|-boost|p1a: Drednaw|atk|2\n|-boost|p1a: Drednaw|spa|2\n|-boost|p1a: Drednaw|spe|2\n|-enditem|p1a: Drednaw|White Herb\n|-clearnegativeboost|p1a: Drednaw|[silent]\n|\n|upkeep\n|turn|4\n|\n|t:|1732958519\n|move|p1a: Drednaw|Liquidation|p2a: Dachsbun\n|-damage|p2a: Dachsbun|118/254\n|move|p2a: Dachsbun|Body Press|p1a: Drednaw\n|-supereffective|p1a: Drednaw\n|-damage|p1a: Drednaw|124/278\n|\n|-heal|p2a: Dachsbun|133/254|[from] item: Leftovers\n|upkeep\n|turn|5\n|\n|t:|1732958529\n|move|p2a: Dachsbun|Protect|p2a: Dachsbun\n|-singleturn|p2a: Dachsbun|Protect\n|move|p1a: Drednaw|Liquidation|p2a: Dachsbun\n|-activate|p2a: Dachsbun|move: Protect\n|\n|-heal|p2a: Dachsbun|148/254|[from] item: Leftovers\n|upkeep\n|turn|6\n|\n|t:|1732958538\n|move|p1a: Drednaw|Liquidation|p2a: Dachsbun\n|-damage|p2a: Dachsbun|9/254\n|move|p2a: Dachsbun|Body Press|p1a: Drednaw\n|-supereffective|p1a: Drednaw\n|-damage|p1a: Drednaw|0 fnt\n|faint|p1a: Drednaw\n|\n|-heal|p2a: Dachsbun|24/254|[from] item: Leftovers\n|upkeep\n|\n|t:|1732958550\n|switch|p1a: Gliscor|Gliscor, L76, F|239/239\n|turn|7\n|\n|t:|1732958555\n|move|p2a: Dachsbun|Wish|p2a: Dachsbun\n|move|p1a: Gliscor|Toxic Spikes|p2a: Dachsbun\n|-sidestart|p2: Prorida24|move: Toxic Spikes\n|\n|-heal|p2a: Dachsbun|39/254|[from] item: Leftovers\n|-status|p1a: Gliscor|tox|[from] item: Toxic Orb\n|upkeep\n|turn|8\n|\n|t:|1732958565\n|move|p2a: Dachsbun|Protect|p2a: Dachsbun\n|-singleturn|p2a: Dachsbun|Protect\n|move|p1a: Gliscor|Knock Off|p2a: Dachsbun\n|-activate|p2a: Dachsbun|move: Protect\n|\n|-heal|p2a: Dachsbun|166/254|[from] move: Wish|[wisher] Dachsbun\n|-heal|p2a: Dachsbun|181/254|[from] item: Leftovers\n|upkeep\n|turn|9\n|\n|t:|1732958576\n|move|p2a: Dachsbun|Play Rough|p1a: Gliscor\n|-damage|p1a: Gliscor|157/239 tox\n|move|p1a: Gliscor|Knock Off|p2a: Dachsbun\n|-resisted|p2a: Dachsbun\n|-damage|p2a: Dachsbun|161/254\n|-enditem|p2a: Dachsbun|Leftovers|[from] move: Knock Off|[of] p1a: Gliscor\n|\n|-heal|p1a: Gliscor|186/239 tox|[from] ability: Poison Heal\n|upkeep\n|turn|10\n|\n|t:|1732958589\n|move|p2a: Dachsbun|Play Rough|p1a: Gliscor\n|-damage|p1a: Gliscor|101/239 tox\n|move|p1a: Gliscor|Toxic Spikes|p2a: Dachsbun\n|-sidestart|p2: Prorida24|move: Toxic Spikes\n|\n|-heal|p1a: Gliscor|130/239 tox|[from] ability: Poison Heal\n|upkeep\n|turn|11\n|\n|t:|1732958598\n|move|p1a: Gliscor|Protect|p1a: Gliscor\n|-singleturn|p1a: Gliscor|Protect\n|move|p2a: Dachsbun|Wish|p2a: Dachsbun\n|\n|-heal|p1a: Gliscor|159/239 tox|[from] ability: Poison Heal\n|upkeep\n|turn|12\n|\n|t:|1732958606\n|move|p2a: Dachsbun|Play Rough|p1a: Gliscor\n|-damage|p1a: Gliscor|83/239 tox\n|move|p1a: Gliscor|Toxic Spikes||[still]\n|-fail|p1a: Gliscor\n|\n|-heal|p2a: Dachsbun|254/254|[from] move: Wish|[wisher] Dachsbun\n|-heal|p1a: Gliscor|112/239 tox|[from] ability: Poison Heal\n|upkeep\n|turn|13\n|\n|t:|1732958616\n|move|p2a: Dachsbun|Play Rough|p1a: Gliscor\n|-damage|p1a: Gliscor|27/239 tox\n|move|p1a: Gliscor|Earthquake|p2a: Dachsbun\n|-damage|p2a: Dachsbun|191/254\n|\n|-heal|p1a: Gliscor|56/239 tox|[from] ability: Poison Heal\n|upkeep\n|turn|14\n|\n|t:|1732958626\n|move|p1a: Gliscor|Protect|p1a: Gliscor\n|-singleturn|p1a: Gliscor|Protect\n|move|p2a: Dachsbun|Play Rough|p1a: Gliscor\n|-activate|p1a: Gliscor|move: Protect\n|\n|-heal|p1a: Gliscor|85/239 tox|[from] ability: Poison Heal\n|upkeep\n|turn|15\n|\n|t:|1732958645\n|switch|p1a: Scizor|Scizor, L79, M|240/240\n|move|p2a: Dachsbun|Play Rough|p1a: Scizor\n|-resisted|p1a: Scizor\n|-damage|p1a: Scizor|194/240\n|\n|upkeep\n|turn|16\n|\n|t:|1732958660\n|switch|p2a: Oricorio|Oricorio-Pa'u, L87, F|272/272\n|move|p1a: Scizor|Swords Dance|p1a: Scizor\n|-boost|p1a: Scizor|atk|2\n|-activate|p2a: Oricorio|ability: Dancer\n|move|p2a: Oricorio|Swords Dance|p2a: Oricorio|[from]ability: Dancer\n|-boost|p2a: Oricorio|atk|2\n|\n|upkeep\n|turn|17\n|\n|t:|1732958685\n|move|p2a: Oricorio|Revelation Dance|p1a: Scizor\n|-resisted|p1a: Scizor\n|-damage|p1a: Scizor|137/240\n|move|p1a: Scizor|Bug Bite|p2a: Oricorio\n|-damage|p2a: Oricorio|0 fnt\n|faint|p2a: Oricorio\n|-damage|p1a: Scizor|113/240|[from] item: Life Orb\n|\n|upkeep\n|\n|t:|1732958695\n|switch|p2a: Camerupt|Camerupt, L91, M|275/275\n|-status|p2a: Camerupt|tox\n|turn|18\n|\n|t:|1732958705\n|move|p1a: Scizor|Bug Bite|p2a: Camerupt\n|-resisted|p2a: Camerupt\n|-damage|p2a: Camerupt|133/275 tox\n|-damage|p1a: Scizor|89/240|[from] item: Life Orb\n|move|p2a: Camerupt|Roar|p1a: Scizor\n|drag|p1a: Gliscor|Gliscor, L76, F|85/239 tox\n|\n|-heal|p2a: Camerupt|150/275 tox|[from] item: Leftovers\n|-heal|p1a: Gliscor|114/239 tox|[from] ability: Poison Heal\n|-damage|p2a: Camerupt|133/275 tox|[from] psn\n|upkeep\n|turn|19\n|\n|t:|1732958719\n|move|p1a: Gliscor|Earthquake|p2a: Camerupt\n|-supereffective|p2a: Camerupt\n|-damage|p2a: Camerupt|0 fnt\n|faint|p2a: Camerupt\n|\n|-heal|p1a: Gliscor|143/239 tox|[from] ability: Poison Heal\n|upkeep\n|\n|t:|1732958722\n|switch|p2a: Swanna|Swanna, L88, M|275/275\n|turn|20\n|\n|t:|1732958729\n|move|p2a: Swanna|Defog|p1a: Gliscor\n|-unboost|p1a: Gliscor|evasion|1\n|-sideend|p2: Prorida24|Toxic Spikes|[from] move: Defog|[of] p2a: Swanna\n|move|p1a: Gliscor|Knock Off|p2a: Swanna\n|-damage|p2a: Swanna|207/275\n|-enditem|p2a: Swanna|Heavy-Duty Boots|[from] move: Knock Off|[of] p1a: Gliscor\n|\n|-heal|p1a: Gliscor|172/239 tox|[from] ability: Poison Heal\n|upkeep\n|turn|21\n|\n|t:|1732958752\n|switch|p1a: Farigiraf|Farigiraf, L91, F|366/366\n|move|p2a: Swanna|Hydro Pump|p1a: Farigiraf\n|-damage|p1a: Farigiraf|231/366\n|\n|-heal|p1a: Farigiraf|253/366|[from] item: Leftovers\n|upkeep\n|turn|22\n|\n|t:|1732958766\n|switch|p2a: Dachsbun|Dachsbun, L92, F|191/254\n|move|p1a: Farigiraf|Future Sight|p2a: Dachsbun\n|-start|p1a: Farigiraf|move: Future Sight\n|\n|-heal|p1a: Farigiraf|275/366|[from] item: Leftovers\n|upkeep\n|turn|23\n|\n|t:|1732958775\n|move|p2a: Dachsbun|Play Rough|p1a: Farigiraf\n|-damage|p1a: Farigiraf|166/366\n|move|p1a: Farigiraf|Wish|p1a: Farigiraf\n|\n|-heal|p1a: Farigiraf|188/366|[from] item: Leftovers\n|upkeep\n|turn|24\n|\n|t:|1732958784\n|move|p2a: Dachsbun|Wish|p2a: Dachsbun\n|move|p1a: Farigiraf|Hyper Voice|p2a: Dachsbun\n|-damage|p2a: Dachsbun|70/254\n|\n|-end|p2a: Dachsbun|move: Future Sight\n|-damage|p2a: Dachsbun|0 fnt\n|faint|p2a: Dachsbun\n|-heal|p1a: Farigiraf|366/366|[from] move: Wish|[wisher] Farigiraf\n|upkeep\n|\n|t:|1732958796\n|switch|p2a: Cinderace|Cinderace, L77, M|89/249\n|turn|25\n|\n|t:|1732958801\n|move|p2a: Cinderace|U-turn|p1a: Farigiraf\n|-start|p2a: Cinderace|typechange|Bug|[from] ability: Libero\n|-supereffective|p1a: Farigiraf\n|-damage|p1a: Farigiraf|138/366\n|\n|t:|1732958805\n|switch|p2a: Swanna|Swanna, L88, M|207/275|[from] U-turn\n|move|p1a: Farigiraf|Hyper Voice|p2a: Swanna\n|-damage|p2a: Swanna|66/275\n|\n|-heal|p2a: Swanna|193/275|[from] move: Wish|[wisher] Dachsbun\n|-heal|p1a: Farigiraf|160/366|[from] item: Leftovers\n|upkeep\n|turn|26\n|\n|t:|1732958817\n|move|p2a: Swanna|Brave Bird|p1a: Farigiraf\n|-damage|p1a: Farigiraf|30/366\n|-damage|p2a: Swanna|150/275|[from] Recoil\n|move|p1a: Farigiraf|Future Sight|p2a: Swanna\n|-start|p1a: Farigiraf|move: Future Sight\n|\n|-heal|p1a: Farigiraf|52/366|[from] item: Leftovers\n|upkeep\n|turn|27\n|\n|t:|1732958826\n|move|p1a: Farigiraf|Protect|p1a: Farigiraf\n|-singleturn|p1a: Farigiraf|Protect\n|move|p2a: Swanna|Brave Bird|p1a: Farigiraf\n|-activate|p1a: Farigiraf|move: Protect\n|\n|-heal|p1a: Farigiraf|74/366|[from] item: Leftovers\n|upkeep\n|turn|28\n|\n|t:|1732958835\n|move|p2a: Swanna|Brave Bird|p1a: Farigiraf\n|-damage|p1a: Farigiraf|0 fnt\n|faint|p1a: Farigiraf\n|-damage|p2a: Swanna|126/275|[from] Recoil\n|\n|-end|p2a: Swanna|move: Future Sight\n|-damage|p2a: Swanna|0 fnt\n|faint|p2a: Swanna\n|upkeep\n|\n|t:|1732958845\n|switch|p2a: Cinderace|Cinderace, L77, M|89/249\n|switch|p1a: Gliscor|Gliscor, L76, F|172/239 tox\n|turn|29\n|\n|t:|1732958852\n|move|p2a: Cinderace|Gunk Shot|p1a: Gliscor\n|-start|p2a: Cinderace|typechange|Poison|[from] ability: Libero\n|-resisted|p1a: Gliscor\n|-damage|p1a: Gliscor|96/239 tox\n|move|p1a: Gliscor|Earthquake|p2a: Cinderace\n|-supereffective|p2a: Cinderace\n|-damage|p2a: Cinderace|0 fnt\n|faint|p2a: Cinderace\n|\n|-heal|p1a: Gliscor|125/239 tox|[from] ability: Poison Heal\n|upkeep\n|\n|t:|1732958856\n|switch|p2a: Houndstone|Houndstone, L86, F|264/264\n|turn|30\n|\n|t:|1732958866\n|-terastallize|p2a: Houndstone|Fighting\n|move|p1a: Gliscor|Knock Off|p2a: Houndstone\n|-resisted|p2a: Houndstone\n|-damage|p2a: Houndstone|251/264\n|-enditem|p2a: Houndstone|Leftovers|[from] move: Knock Off|[of] p1a: Gliscor\n|move|p2a: Houndstone|Poltergeist|p1a: Gliscor|[miss]\n|-miss|p2a: Houndstone|p1a: Gliscor\n|\n|-heal|p1a: Gliscor|154/239 tox|[from] ability: Poison Heal\n|upkeep\n|turn|31\n|\n|t:|1732958879\n|move|p1a: Gliscor|Earthquake|p2a: Houndstone\n|-damage|p2a: Houndstone|172/264\n|move|p2a: Houndstone|Poltergeist|p1a: Gliscor\n|-activate|p1a: Gliscor|move: Poltergeist|Toxic Orb\n|-damage|p1a: Gliscor|54/239 tox\n|\n|-heal|p1a: Gliscor|83/239 tox|[from] ability: Poison Heal\n|upkeep\n|turn|32\n|\n|t:|1732958889\n|move|p1a: Gliscor|Earthquake|p2a: Houndstone\n|-damage|p2a: Houndstone|88/264\n|move|p2a: Houndstone|Poltergeist|p1a: Gliscor\n|-activate|p1a: Gliscor|move: Poltergeist|Toxic Orb\n|-damage|p1a: Gliscor|0 fnt\n|faint|p1a: Gliscor\n|\n|upkeep\n|\n|t:|1732958898\n|switch|p1a: Scizor|Scizor, L79, M|89/240\n|turn|33\n|\n|t:|1732958905\n|move|p2a: Houndstone|Body Press|p1a: Scizor\n|-damage|p1a: Scizor|5/240\n|move|p1a: Scizor|Bug Bite|p2a: Houndstone\n|-resisted|p2a: Houndstone\n|-damage|p2a: Houndstone|57/264\n|-damage|p1a: Scizor|0 fnt|[from] item: Life Orb\n|faint|p1a: Scizor\n|\n|upkeep\n|\n|t:|1732958914\n|switch|p1a: Registeel|Registeel, L81|262/262\n|turn|34\n|\n|t:|1732958920\n|move|p2a: Houndstone|Rest|p2a: Houndstone\n|-status|p2a: Houndstone|slp|[from] move: Rest\n|-heal|p2a: Houndstone|264/264 slp|[silent]\n|move|p1a: Registeel|Iron Head|p2a: Houndstone\n|-damage|p2a: Houndstone|234/264 slp\n|\n|upkeep\n|turn|35\n|\n|t:|1732958932\n|-terastallize|p1a: Registeel|Fighting\n|cant|p2a: Houndstone|slp\n|move|p2a: Houndstone|Sleep Talk|p2a: Houndstone\n|move|p2a: Houndstone|Body Press|p1a: Registeel|[from]move: Sleep Talk\n|-damage|p1a: Registeel|199/262\n|move|p1a: Registeel|Iron Defense|p1a: Registeel\n|-boost|p1a: Registeel|def|2\n|\n|upkeep\n|turn|36\n|\n|t:|1732958944\n|cant|p2a: Houndstone|slp\n|move|p1a: Registeel|Iron Defense|p1a: Registeel\n|-boost|p1a: Registeel|def|2\n|\n|upkeep\n|turn|37\n|\n|t:|1732958950\n|-curestatus|p2a: Houndstone|slp|[msg]\n|move|p2a: Houndstone|Poltergeist|p1a: Registeel\n|-activate|p1a: Registeel|move: Poltergeist|Chesto Berry\n|-damage|p1a: Registeel|171/262\n|move|p1a: Registeel|Iron Defense|p1a: Registeel\n|-boost|p1a: Registeel|def|2\n|\n|upkeep\n|turn|38\n|\n|t:|1732958961\n|move|p2a: Houndstone|Body Press|p1a: Registeel\n|-damage|p1a: Registeel|156/262\n|move|p1a: Registeel|Body Press|p2a: Houndstone\n|-damage|p2a: Houndstone|45/264\n|\n|upkeep\n|turn|39\n|-message|Prorida24 forfeited.\n|\n|win|Bentennyson_55\n|raw|Bentennyson_55's rating: 1206 &rarr; <strong>1233</strong><br />(+27 for winning)\n|raw|Prorida24's rating: 1237 &rarr; <strong>1210</strong><br />(-27 for losing)\n|l|\u2606Prorida24\n|player|p2|\n", "inputlog": ">version b107d77f5c90bd6555267ae244a6264823309ead\n>start {\"formatid\":\"gen9randombattle\",\"seed\":[59991,14758,31311,56482],\"rated\":\"Rated battle\"}\n>player p1 {\"name\":\"Bentennyson_55\",\"avatar\":\"red\",\"rating\":1206,\"seed\":[47364,47891,29013,25130]}\n>player p2 {\"name\":\"Prorida24\",\"avatar\":\"striker\",\"rating\":1237,\"seed\":[55110,48503,18898,18584]}\n>p1 move shadowball\n>p2 move pyroball\n>p1 move strengthsap\n>p2 move pyroball\n>p1 switch 5\n>p1 move shellsmash\n>p2 switch 6\n>p1 move liquidation\n>p2 move bodypress\n>p1 move liquidation\n>p2 move protect\n>p1 move liquidation\n>p2 move bodypress\n>p1 switch 3\n>p1 move toxicspikes\n>p2 move wish\n>p1 move knockoff\n>p2 move protect\n>p1 move knockoff\n>p2 move playrough\n>p1 move toxicspikes\n>p2 move playrough\n>p1 move protect\n>p2 move wish\n>p1 move toxicspikes\n>p2 move playrough\n>p1 move earthquake\n>p2 move playrough\n>p1 move protect\n>p2 move playrough\n>p1 switch 6\n>p2 move playrough\n>p1 move swordsdance\n>p2 switch 2\n>p1 move bugbite\n>p2 move revelationdance\n>p2 switch 4\n>p1 move bugbite\n>p2 move roar\n>p1 move earthquake\n>p2 move stealthrock\n>p2 switch 5\n>p1 move knockoff\n>p2 move defog\n>p1 switch 4\n>p2 move hydropump\n>p1 move futuresight\n>p2 switch 2\n>p1 move wish\n>p2 move playrough\n>p1 move hypervoice\n>p2 move wish\n>p2 switch 6\n>p1 move hypervoice\n>p2 move uturn\n>p2 switch 2\n>p1 move futuresight\n>p2 move bravebird\n>p1 move protect\n>p2 move bravebird\n>p1 move hypervoice\n>p2 move bravebird\n>p1 switch 4\n>p2 switch 2\n>p1 move earthquake\n>p2 move gunkshot\n>p2 switch 3\n>p1 move knockoff\n>p2 move poltergeist terastallize\n>p1 move earthquake\n>p2 move poltergeist\n>p1 move earthquake\n>p2 move poltergeist\n>p1 switch 6\n>p1 move bugbite\n>p2 move bodypress\n>p1 switch 2\n>p1 move ironhead\n>p2 move rest\n>p1 move irondefense terastallize\n>p2 move sleeptalk\n>p1 move irondefense\n>p2 move poltergeist\n>p1 move irondefense\n>p2 move poltergeist\n>p1 move bodypress\n>p2 move bodypress\n>forcelose p2", "uploadtime": 1732958973, "views": 3, "formatid": "gen9randombattle", "rating": 1210, "private": 0, "password": null}