{"id": "gen9randombattle-2253810831", "format": "[Gen 9] Random Battle", "players": ["valdeazy", "Flameburst97"], "log": "|j|\u2606valdeazy\n|j|\u2606Flameburst97\n|t:|1732941828\n|gametype|singles\n|player|p1|valdeazy|265|1582\n|player|p2|Flameburst97|miku-fire|1631\n|teamsize|p1|6\n|teamsize|p2|6\n|gen|9\n|tier|[Gen 9] Random Battle\n|rated|\n|rule|Species Clause: Limit one of each Pok\u00e9mon\n|rule|HP Percentage Mod: HP is shown in percentages\n|rule|Sleep Clause Mod: Limit one foe put to sleep\n|rule|Illusion Level Mod: Illusion disguises the Pok\u00e9mon's true level\n|\n|t:|1732941828\n|start\n|switch|p1a: Sableye|Sableye, L90, F|236/236\n|switch|p2a: Sandslash|Sandslash-Alola, L88, M|275/275\n|turn|1\n|\n|t:|1732941836\n|switch|p2a: Blissey|Blissey, L84, F|566/566\n|move|p1a: Sableye|Thunder Wave|p2a: Blissey\n|-status|p2a: Blissey|par\n|\n|upkeep\n|turn|2\n|\n|t:|1732941843\n|switch|p1a: Rotom|Rotom, L88|231/231\n|cant|p2a: Blissey|par\n|\n|upkeep\n|turn|3\n|\n|t:|1732941858\n|-curestatus|p2a: Blissey|par|[from] ability: Natural Cure\n|switch|p2a: Hypno|Hypno, L95, M|315/315\n|move|p1a: Rotom|Trick|p2a: Hypno\n|-activate|p1a: Rotom|move: Trick|[of] p2a: Hypno\n|-item|p2a: Hypno|Choice Scarf|[from] move: Trick\n|-item|p1a: Rotom|Leftovers|[from] move: Trick\n|\n|upkeep\n|turn|4\n|inactive|Battle timer is ON: inactive players will automatically lose when time's up. (requested by Flameburst97)\n|\n|t:|1732941917\n|move|p2a: Hypno|Knock Off|p1a: Rotom\n|-supereffective|p1a: Rotom\n|-damage|p1a: Rotom|91/231\n|-enditem|p1a: Rotom|Leftovers|[from] move: Knock Off|[of] p2a: Hypno\n|move|p1a: Rotom|Volt Switch|p2a: Hypno\n|-damage|p2a: Hypno|261/315\n|\n|t:|1732941922\n|switch|p1a: Sneasler|Sneasler, L74, M|240/240|[from] Volt Switch\n|\n|upkeep\n|turn|5\n|\n|t:|1732941928\n|move|p2a: Hypno|Knock Off|p1a: Sneasler\n|-resisted|p1a: Sneasler\n|-damage|p1a: Sneasler|190/240\n|-enditem|p1a: Sneasler|White Herb|[from] move: Knock Off|[of] p2a: Hypno\n|move|p1a: Sneasler|Swords Dance|p1a: Sneasler\n|-boost|p1a: Sneasler|atk|2\n|\n|upkeep\n|turn|6\n|\n|t:|1732941935\n|switch|p2a: Rotom|Rotom-Fan, L86|226/226\n|move|p1a: Sneasler|Acrobatics|p2a: Rotom\n|-resisted|p2a: Rotom\n|-damage|p2a: Rotom|167/226\n|\n|upkeep\n|turn|7\n|\n|t:|1732941940\n|move|p1a: Sneasler|Gunk Shot|p2a: Rotom\n|-damage|p2a: Rotom|0 fnt\n|faint|p2a: Rotom\n|\n|upkeep\n|\n|t:|1732941947\n|switch|p2a: Sandslash|Sandslash-Alola, L88, M|275/275\n|turn|8\n|\n|t:|1732941970\n|-terastallize|p2a: Sandslash|Water\n|move|p1a: Sneasler|Close Combat|p2a: Sandslash\n|-damage|p2a: Sandslash|95/275\n|-unboost|p1a: Sneasler|def|1\n|-unboost|p1a: Sneasler|spd|1\n|move|p2a: Sandslash|Earthquake|p1a: Sneasler\n|-supereffective|p1a: Sneasler\n|-damage|p1a: Sneasler|0 fnt\n|faint|p1a: Sneasler\n|\n|upkeep\n|\n|t:|1732941973\n|switch|p1a: Rotom|Rotom, L88|91/231\n|turn|9\n|\n|t:|1732941980\n|switch|p2a: Blissey|Blissey, L84, F|566/566\n|move|p1a: Rotom|Thunderbolt|p2a: Blissey\n|-damage|p2a: Blissey|496/566\n|\n|-heal|p2a: Blissey|531/566|[from] item: Leftovers\n|upkeep\n|turn|10\n|\n|t:|1732941995\n|switch|p2a: Hypno|Hypno, L95, M|261/315\n|move|p1a: Rotom|Thunderbolt|p2a: Hypno\n|-damage|p2a: Hypno|185/315\n|\n|upkeep\n|turn|11\n|\n|t:|1732942003\n|move|p2a: Hypno|Knock Off|p1a: Rotom\n|-supereffective|p1a: Rotom\n|-damage|p1a: Rotom|0 fnt\n|faint|p1a: Rotom\n|\n|upkeep\n|\n|t:|1732942007\n|switch|p1a: Necrozma|Necrozma-Dusk-Mane, L69|248/248\n|turn|12\n|\n|t:|1732942010\n|switch|p2a: Blissey|Blissey, L84, F|531/566\n|move|p1a: Necrozma|Dragon Dance|p1a: Necrozma\n|-boost|p1a: Necrozma|atk|1\n|-boost|p1a: Necrozma|spe|1\n|\n|-heal|p2a: Blissey|566/566|[from] item: Leftovers\n|upkeep\n|turn|13\n|\n|t:|1732942025\n|move|p1a: Necrozma|Dragon Dance|p1a: Necrozma\n|-boost|p1a: Necrozma|atk|1\n|-boost|p1a: Necrozma|spe|1\n|move|p2a: Blissey|Thunder Wave|p1a: Necrozma\n|-status|p1a: Necrozma|par\n|\n|upkeep\n|turn|14\n|\n|t:|1732942028\n|move|p1a: Necrozma|Photon Geyser|p2a: Blissey\n|-damage|p2a: Blissey|0 fnt\n|faint|p2a: Blissey\n|\n|upkeep\n|\n|t:|1732942039\n|switch|p2a: Mandibuzz|Mandibuzz, L85, F|326/326\n|turn|15\n|\n|t:|1732942054\n|move|p2a: Mandibuzz|Foul Play|p1a: Necrozma\n|-supereffective|p1a: Necrozma\n|-damage|p1a: Necrozma|0 fnt\n|faint|p1a: Necrozma\n|\n|upkeep\n|\n|t:|1732942059\n|switch|p1a: Sableye|Sableye, L90, F|236/236\n|turn|16\n|\n|t:|1732942061\n|move|p1a: Sableye|Thunder Wave|p2a: Mandibuzz\n|-hint|Since gen 7, Dark is immune to Prankster moves.\n|-immune|p2a: Mandibuzz\n|move|p2a: Mandibuzz|Toxic|p1a: Sableye\n|-status|p1a: Sableye|tox\n|\n|-damage|p1a: Sableye|222/236 tox|[from] psn\n|upkeep\n|turn|17\n|inactive|valdeazy has 120 seconds left.\n|\n|t:|1732942105\n|move|p2a: Mandibuzz|U-turn|p1a: Sableye\n|-damage|p1a: Sableye|178/236 tox\n|\n|t:|1732942114\n|switch|p2a: Sandslash|Sandslash-Alola, L88, M, tera:Water|95/275|[from] U-turn\n|move|p1a: Sableye|Knock Off|p2a: Sandslash\n|-damage|p2a: Sandslash|22/275\n|-enditem|p2a: Sandslash|Assault Vest|[from] move: Knock Off|[of] p1a: Sableye\n|\n|-heal|p1a: Sableye|192/236 tox|[from] item: Leftovers\n|-damage|p1a: Sableye|164/236 tox|[from] psn\n|upkeep\n|turn|18\n|inactive|valdeazy has 120 seconds left.\n|\n|t:|1732942123\n|move|p2a: Sandslash|Triple Axel|p1a: Sableye\n|-damage|p1a: Sableye|136/236 tox\n|-damage|p1a: Sableye|81/236 tox\n|-damage|p1a: Sableye|6/236 tox\n|-hitcount|p1a: Sableye|3\n|move|p1a: Sableye|Knock Off|p2a: Sandslash\n|-damage|p2a: Sandslash|0 fnt\n|faint|p2a: Sandslash\n|\n|-heal|p1a: Sableye|20/236 tox|[from] item: Leftovers\n|-damage|p1a: Sableye|0 fnt|[from] psn\n|faint|p1a: Sableye\n|upkeep\n|inactive|valdeazy has 120 seconds left.\n|\n|t:|1732942147\n|switch|p2a: Hypno|Hypno, L95, M|185/315\n|switch|p1a: Slither Wing|Slither Wing, L81|270/270\n|turn|19\n|\n|t:|1732942152\n|move|p1a: Slither Wing|First Impression|p2a: Hypno\n|-supereffective|p2a: Hypno\n|-damage|p2a: Hypno|0 fnt\n|faint|p2a: Hypno\n|-damage|p1a: Slither Wing|243/270|[from] item: Life Orb\n|\n|upkeep\n|\n|t:|1732942161\n|switch|p2a: Maushold|Maushold, L76|238/238\n|turn|20\n|\n|t:|1732942166\n|move|p2a: Maushold|Population Bomb|p1a: Slither Wing\n|-damage|p1a: Slither Wing|215/270\n|-damage|p1a: Slither Wing|191/270\n|-damage|p1a: Slither Wing|166/270\n|-damage|p1a: Slither Wing|141/270\n|-damage|p1a: Slither Wing|114/270\n|-crit|p1a: Slither Wing\n|-damage|p1a: Slither Wing|75/270\n|-damage|p1a: Slither Wing|51/270\n|-damage|p1a: Slither Wing|26/270\n|-damage|p1a: Slither Wing|2/270\n|-damage|p1a: Slither Wing|0 fnt\n|faint|p1a: Slither Wing\n|-end|p1a: Slither Wing|Protosynthesis|[silent]\n|-hitcount|p1: Slither Wing|10\n|\n|upkeep\n|\n|t:|1732942170\n|switch|p1a: Granbull|Granbull, L88, M|302/302\n|-ability|p1a: Granbull|Intimidate|boost\n|-unboost|p2a: Maushold|atk|1\n|turn|21\n|\n|t:|1732942177\n|switch|p2a: Mandibuzz|Mandibuzz, L85, F|326/326\n|move|p1a: Granbull|Play Rough|p2a: Mandibuzz\n|-supereffective|p2a: Mandibuzz\n|-damage|p2a: Mandibuzz|108/326\n|\n|upkeep\n|turn|22\n|\n|t:|1732942192\n|move|p2a: Mandibuzz|Foul Play|p1a: Granbull\n|-resisted|p1a: Granbull\n|-damage|p1a: Granbull|229/302\n|move|p1a: Granbull|Play Rough|p2a: Mandibuzz\n|-supereffective|p2a: Mandibuzz\n|-crit|p2a: Mandibuzz\n|-damage|p2a: Mandibuzz|0 fnt\n|faint|p2a: Mandibuzz\n|\n|-heal|p1a: Granbull|247/302|[from] item: Leftovers\n|upkeep\n|\n|t:|1732942195\n|switch|p2a: Maushold|Maushold, L76|238/238\n|turn|23\n|\n|t:|1732942198\n|-terastallize|p1a: Granbull|Ground\n|move|p2a: Maushold|Population Bomb|p1a: Granbull\n|-damage|p1a: Granbull|225/302\n|-hitcount|p1a: Granbull|1\n|move|p1a: Granbull|Roar||[still]\n|-fail|p1a: Granbull\n|\n|-heal|p1a: Granbull|243/302|[from] item: Leftovers\n|upkeep\n|turn|24\n|\n|t:|1732942205\n|move|p2a: Maushold|Population Bomb|p1a: Granbull\n|-damage|p1a: Granbull|221/302\n|-damage|p1a: Granbull|197/302\n|-damage|p1a: Granbull|175/302\n|-damage|p1a: Granbull|150/302\n|-damage|p1a: Granbull|128/302\n|-damage|p1a: Granbull|106/302\n|-damage|p1a: Granbull|82/302\n|-damage|p1a: Granbull|57/302\n|-damage|p1a: Granbull|32/302\n|-damage|p1a: Granbull|5/302\n|-hitcount|p1a: Granbull|10\n|move|p1a: Granbull|Thunder Wave|p2a: Maushold\n|-status|p2a: Maushold|par\n|\n|-heal|p1a: Granbull|23/302|[from] item: Leftovers\n|upkeep\n|turn|25\n|\n|t:|1732942208\n|move|p1a: Granbull|Play Rough|p2a: Maushold\n|-damage|p2a: Maushold|88/238 par\n|move|p2a: Maushold|Population Bomb|p1a: Granbull\n|-damage|p1a: Granbull|0 fnt\n|faint|p1a: Granbull\n|-hitcount|p1: Granbull|1\n|\n|win|Flameburst97\n|raw|valdeazy's rating: 1582 &rarr; <strong>1565</strong><br />(-17 for losing)\n|raw|Flameburst97's rating: 1631 &rarr; <strong>1648</strong><br />(+17 for winning)\n|l|\u2606valdeazy\n|player|p1|\n", "inputlog": ">version b107d77f5c90bd6555267ae244a6264823309ead\n>start {\"formatid\":\"gen9randombattle\",\"seed\":[8947,44118,24759,63198],\"rated\":\"Rated battle\"}\n>player p1 {\"name\":\"valdeazy\",\"avatar\":\"265\",\"rating\":1582,\"seed\":[4776,60639,49377,29700]}\n>player p2 {\"name\":\"Flameburst97\",\"avatar\":\"miku-fire\",\"rating\":1631,\"seed\":[38605,22675,22372,59566]}\n>p1 move thunderwave\n>p2 switch 3\n>p1 switch 3\n>p2 move thunderwave\n>p1 move trick\n>p2 switch 4\n>p1 move voltswitch\n>p2 move knockoff\n>p1 switch 2\n>p1 move swordsdance\n>p2 move knockoff\n>p1 move acrobatics\n>p2 switch 6\n>p1 move gunkshot\n>p2 move airslash\n>p2 switch 3\n>p1 move closecombat\n>p2 move earthquake terastallize\n>p1 switch 2\n>p1 move thunderbolt\n>p2 switch 4\n>p1 move thunderbolt\n>p2 switch 6\n>p1 move shadowball\n>p2 move knockoff\n>p1 switch 4\n>p1 move dragondance\n>p2 switch 6\n>p1 move dragondance\n>p2 move thunderwave\n>p1 move photongeyser\n>p2 move seismictoss\n>p2 switch 5\n>p1 move sunsteelstrike\n>p2 move foulplay\n>p1 switch 3\n>p1 move thunderwave\n>p2 move toxic\n>p1 move knockoff\n>p2 move uturn\n>p2 switch 4\n>p1 move knockoff\n>p2 move tripleaxel\n>p1 switch 5\n>p2 switch 6\n>p1 move firstimpression\n>p2 move psychicnoise\n>p2 switch 2\n>p1 move closecombat\n>p2 move populationbomb\n>p1 switch 6\n>p1 move playrough\n>p2 switch 4\n>p1 move playrough\n>p2 move foulplay\n>p2 switch 4\n>p1 move roar terastallize\n>p2 move populationbomb\n>p1 move thunderwave\n>p2 move populationbomb\n>p1 move playrough\n>p2 move populationbomb", "uploadtime": 1732942223, "views": 42, "formatid": "gen9randombattle", "rating": 1565, "private": 0, "password": null}