{"id": "gen9randombattle-2253829477", "format": "[Gen 9] Random Battle", "players": ["jnlodinvr", "dandan2104"], "log": "|j|\u2606jnlodinvr\n|j|\u2606dandan2104\n|t:|1732944856\n|gametype|singles\n|player|p1|jnlodinvr|shauntal|1131\n|player|p2|dandan2104|pokemonranger-gen4|1128\n|teamsize|p1|6\n|teamsize|p2|6\n|gen|9\n|tier|[Gen 9] Random Battle\n|rated|\n|rule|Species Clause: Limit one of each Pok\u00e9mon\n|rule|HP Percentage Mod: HP is shown in percentages\n|rule|Sleep Clause Mod: Limit one foe put to sleep\n|rule|Illusion Level Mod: Illusion disguises the Pok\u00e9mon's true level\n|\n|t:|1732944856\n|start\n|switch|p1a: Manaphy|Manaphy, L78|284/284\n|switch|p2a: Masquerain|Masquerain, L87, M|264/264\n|-ability|p2a: Masquerain|Intimidate|boost\n|-unboost|p1a: Manaphy|atk|1\n|turn|1\n|\n|t:|1732944869\n|move|p1a: Manaphy|Tail Glow|p1a: Manaphy\n|-boost|p1a: Manaphy|spa|3\n|move|p2a: Masquerain|Quiver Dance|p2a: Masquerain\n|-boost|p2a: Masquerain|spa|1\n|-boost|p2a: Masquerain|spd|1\n|-boost|p2a: Masquerain|spe|1\n|\n|upkeep\n|turn|2\n|\n|t:|1732944878\n|move|p2a: Masquerain|Quiver Dance|p2a: Masquerain\n|-boost|p2a: Masquerain|spa|1\n|-boost|p2a: Masquerain|spd|1\n|-boost|p2a: Masquerain|spe|1\n|move|p1a: Manaphy|Ice Beam|p2a: Masquerain\n|-supereffective|p2a: Masquerain\n|-damage|p2a: Masquerain|120/264\n|\n|upkeep\n|turn|3\n|\n|t:|1732944890\n|move|p2a: Masquerain|Bug Buzz|p1a: Manaphy\n|-damage|p1a: Manaphy|86/284\n|-unboost|p1a: Manaphy|spd|1\n|move|p1a: Manaphy|Ice Beam|p2a: Masquerain\n|-supereffective|p2a: Masquerain\n|-damage|p2a: Masquerain|0 fnt\n|faint|p2a: Masquerain\n|\n|-heal|p1a: Manaphy|103/284|[from] item: Leftovers\n|upkeep\n|\n|t:|1732944909\n|switch|p2a: Jirachi|Jirachi, L80|291/291\n|turn|4\n|\n|t:|1732944918\n|move|p2a: Jirachi|U-turn|p1a: Manaphy\n|-damage|p1a: Manaphy|59/284\n|\n|t:|1732944924\n|switch|p2a: Forretress|Forretress, L84, M|263/263|[from] U-turn\n|move|p1a: Manaphy|Surf|p2a: Forretress\n|-ability|p2a: Forretress|Sturdy\n|-damage|p2a: Forretress|1/263\n|\n|-heal|p1a: Manaphy|76/284|[from] item: Leftovers\n|-heal|p2a: Forretress|17/263|[from] item: Leftovers\n|upkeep\n|turn|5\n|\n|t:|1732944944\n|move|p1a: Manaphy|Surf|p2a: Forretress\n|-damage|p2a: Forretress|0 fnt\n|faint|p2a: Forretress\n|\n|-heal|p1a: Manaphy|93/284|[from] item: Leftovers\n|upkeep\n|\n|t:|1732944958\n|switch|p2a: Blissey|Blissey, L84, F|566/566\n|turn|6\n|\n|t:|1732944970\n|move|p1a: Manaphy|Surf|p2a: Blissey\n|-damage|p2a: Blissey|425/566\n|move|p2a: Blissey|Seismic Toss|p1a: Manaphy\n|-damage|p1a: Manaphy|9/284\n|\n|-heal|p1a: Manaphy|26/284|[from] item: Leftovers\n|-heal|p2a: Blissey|460/566|[from] item: Leftovers\n|upkeep\n|turn|7\n|\n|t:|1732944993\n|move|p1a: Manaphy|Surf|p2a: Blissey\n|-damage|p2a: Blissey|303/566\n|move|p2a: Blissey|Seismic Toss|p1a: Manaphy\n|-damage|p1a: Manaphy|0 fnt\n|faint|p1a: Manaphy\n|\n|-heal|p2a: Blissey|338/566|[from] item: Leftovers\n|upkeep\n|\n|t:|1732945010\n|switch|p1a: Oricorio|Oricorio-Sensu, L85, F|266/266\n|turn|8\n|\n|t:|1732945014\n|move|p1a: Oricorio|Quiver Dance|p1a: Oricorio\n|-boost|p1a: Oricorio|spa|1\n|-boost|p1a: Oricorio|spd|1\n|-boost|p1a: Oricorio|spe|1\n|move|p2a: Blissey|Thunder Wave|p1a: Oricorio\n|-status|p1a: Oricorio|par\n|\n|-heal|p2a: Blissey|373/566|[from] item: Leftovers\n|upkeep\n|turn|9\n|\n|t:|1732945034\n|move|p1a: Oricorio|Quiver Dance|p1a: Oricorio\n|-boost|p1a: Oricorio|spa|1\n|-boost|p1a: Oricorio|spd|1\n|-boost|p1a: Oricorio|spe|1\n|move|p2a: Blissey|Soft-Boiled|p2a: Blissey\n|-heal|p2a: Blissey|566/566\n|\n|upkeep\n|turn|10\n|\n|t:|1732945048\n|switch|p2a: Polteageist|Polteageist-Antique, L79|224/224\n|move|p1a: Oricorio|Quiver Dance|p1a: Oricorio\n|-boost|p1a: Oricorio|spa|1\n|-boost|p1a: Oricorio|spd|1\n|-boost|p1a: Oricorio|spe|1\n|\n|upkeep\n|turn|11\n|\n|t:|1732945060\n|cant|p1a: Oricorio|par\n|move|p2a: Polteageist|Shell Smash|p2a: Polteageist\n|-unboost|p2a: Polteageist|def|1\n|-unboost|p2a: Polteageist|spd|1\n|-boost|p2a: Polteageist|atk|2\n|-boost|p2a: Polteageist|spa|2\n|-boost|p2a: Polteageist|spe|2\n|-enditem|p2a: Polteageist|White Herb\n|-clearnegativeboost|p2a: Polteageist|[silent]\n|\n|upkeep\n|turn|12\n|\n|t:|1732945074\n|move|p2a: Polteageist|Shadow Ball|p1a: Oricorio\n|-supereffective|p1a: Oricorio\n|-damage|p1a: Oricorio|72/266 par\n|cant|p1a: Oricorio|par\n|\n|upkeep\n|turn|13\n|\n|t:|1732945085\n|switch|p1a: Wigglytuff|Wigglytuff, L96, M|424/424\n|move|p2a: Polteageist|Shadow Ball|p1a: Wigglytuff\n|-immune|p1a: Wigglytuff\n|\n|upkeep\n|turn|14\n|\n|t:|1732945108\n|-terastallize|p2a: Polteageist|Fighting\n|move|p2a: Polteageist|Tera Blast|p1a: Wigglytuff|[anim] Tera Blast Fighting\n|-damage|p1a: Wigglytuff|187/424\n|move|p1a: Wigglytuff|Wish|p1a: Wigglytuff\n|\n|-heal|p1a: Wigglytuff|213/424|[from] item: Leftovers\n|upkeep\n|turn|15\n|\n|t:|1732945118\n|move|p2a: Polteageist|Tera Blast|p1a: Wigglytuff|[anim] Tera Blast Fighting\n|-damage|p1a: Wigglytuff|0 fnt\n|faint|p1a: Wigglytuff\n|\n|upkeep\n|\n|t:|1732945122\n|switch|p1a: Toxapex|Toxapex, L82, F|216/216\n|turn|16\n|\n|t:|1732945134\n|move|p2a: Polteageist|Shadow Ball|p1a: Toxapex\n|-damage|p1a: Toxapex|87/216\n|move|p1a: Toxapex|Haze|p1a: Toxapex\n|-clearallboost\n|\n|-heal|p1a: Toxapex|100/216|[from] item: Leftovers\n|upkeep\n|turn|17\n|\n|t:|1732945144\n|switch|p1a: Oricorio|Oricorio-Sensu, L85, F|72/266 par\n|move|p2a: Polteageist|Shadow Ball|p1a: Oricorio\n|-supereffective|p1a: Oricorio\n|-damage|p1a: Oricorio|0 fnt\n|faint|p1a: Oricorio\n|\n|upkeep\n|\n|t:|1732945150\n|switch|p1a: Toxapex|Toxapex, L82, F|172/216\n|turn|18\n|\n|t:|1732945159\n|move|p2a: Polteageist|Shadow Ball|p1a: Toxapex\n|-damage|p1a: Toxapex|102/216\n|move|p1a: Toxapex|Toxic Spikes|p2a: Polteageist\n|-sidestart|p2: dandan2104|move: Toxic Spikes\n|\n|-heal|p1a: Toxapex|115/216|[from] item: Leftovers\n|upkeep\n|turn|19\n|\n|t:|1732945168\n|move|p2a: Polteageist|Shadow Ball|p1a: Toxapex\n|-damage|p1a: Toxapex|45/216\n|-unboost|p1a: Toxapex|spd|1\n|move|p1a: Toxapex|Recover|p1a: Toxapex\n|-heal|p1a: Toxapex|153/216\n|\n|-heal|p1a: Toxapex|166/216|[from] item: Leftovers\n|upkeep\n|turn|20\n|\n|t:|1732945177\n|move|p2a: Polteageist|Shadow Ball|p1a: Toxapex\n|-damage|p1a: Toxapex|63/216\n|move|p1a: Toxapex|Toxic Spikes|p2a: Polteageist\n|-sidestart|p2: dandan2104|move: Toxic Spikes\n|\n|-heal|p1a: Toxapex|76/216|[from] item: Leftovers\n|upkeep\n|turn|21\n|\n|t:|1732945186\n|move|p2a: Polteageist|Shadow Ball|p1a: Toxapex\n|-damage|p1a: Toxapex|0 fnt\n|faint|p1a: Toxapex\n|\n|upkeep\n|\n|t:|1732945194\n|switch|p1a: Gouging Fire|Gouging Fire, L74|277/277\n|turn|22\n|\n|t:|1732945199\n|move|p1a: Gouging Fire|Heat Crash|p2a: Polteageist\n|-damage|p2a: Polteageist|73/224\n|move|p2a: Polteageist|Shadow Ball|p1a: Gouging Fire\n|-damage|p1a: Gouging Fire|180/277\n|\n|upkeep\n|turn|23\n|\n|t:|1732945206\n|move|p1a: Gouging Fire|Heat Crash|p2a: Polteageist\n|-damage|p2a: Polteageist|0 fnt\n|-start|p1a: Gouging Fire|Disable|Heat Crash|[from] ability: Cursed Body|[of] p2a: Polteageist\n|faint|p2a: Polteageist\n|\n|upkeep\n|\n|t:|1732945221\n|switch|p2a: Toxapex|Toxapex, L82, M|216/216\n|-sideend|p2: dandan2104|move: Toxic Spikes|[of] p2a: Toxapex\n|turn|24\n|\n|t:|1732945230\n|-terastallize|p1a: Gouging Fire|Ground\n|move|p1a: Gouging Fire|Earthquake|p2a: Toxapex\n|-supereffective|p2a: Toxapex\n|-damage|p2a: Toxapex|88/216\n|move|p2a: Toxapex|Liquidation|p1a: Gouging Fire\n|-supereffective|p1a: Gouging Fire\n|-damage|p1a: Gouging Fire|72/277\n|\n|-heal|p2a: Toxapex|101/216|[from] item: Leftovers\n|upkeep\n|turn|25\n|\n|t:|1732945242\n|move|p1a: Gouging Fire|Earthquake|p2a: Toxapex\n|-supereffective|p2a: Toxapex\n|-damage|p2a: Toxapex|0 fnt\n|faint|p2a: Toxapex\n|\n|upkeep\n|\n|t:|1732945252\n|switch|p2a: Jirachi|Jirachi, L80|291/291\n|turn|26\n|\n|t:|1732945266\n|move|p2a: Jirachi|Psychic|p1a: Gouging Fire\n|-damage|p1a: Gouging Fire|0 fnt\n|faint|p1a: Gouging Fire\n|-end|p1a: Gouging Fire|Protosynthesis|[silent]\n|\n|upkeep\n|\n|t:|1732945276\n|switch|p1a: Ditto|Ditto, L87|225/225\n|-transform|p1a: Ditto|p2a: Jirachi|[from] ability: Imposter\n|turn|27\n|\n|t:|1732945285\n|switch|p2a: Blissey|Blissey, L84, F|566/566\n|move|p1a: Ditto|Iron Head|p2a: Blissey\n|-crit|p2a: Blissey\n|-damage|p2a: Blissey|203/566\n|\n|-heal|p2a: Blissey|238/566|[from] item: Leftovers\n|upkeep\n|turn|28\n|\n|t:|1732945297\n|move|p1a: Ditto|Iron Head|p2a: Blissey\n|-damage|p2a: Blissey|0 fnt\n|faint|p2a: Blissey\n|\n|upkeep\n|\n|t:|1732945302\n|switch|p2a: Jirachi|Jirachi, L80|291/291\n|turn|29\n|l|\u2606jnlodinvr\n|player|p1|\n|j|\u2606jnlodinvr\n|player|p1|jnlodinvr|shauntal|\n|\n|t:|1732945341\n|move|p2a: Jirachi|Healing Wish||[still]\n|-fail|p2a: Jirachi\n|move|p1a: Ditto|Iron Head|p2a: Jirachi\n|-resisted|p2a: Jirachi\n|-damage|p2a: Jirachi|251/291\n|\n|upkeep\n|turn|30\n|\n|t:|1732945353\n|move|p2a: Jirachi|Healing Wish||[still]\n|-fail|p2a: Jirachi\n|move|p1a: Ditto|Iron Head|p2a: Jirachi\n|-resisted|p2a: Jirachi\n|-damage|p2a: Jirachi|208/291\n|\n|upkeep\n|turn|31\n|\n|t:|1732945359\n|move|p2a: Jirachi|Healing Wish||[still]\n|-fail|p2a: Jirachi\n|move|p1a: Ditto|Iron Head|p2a: Jirachi\n|-resisted|p2a: Jirachi\n|-damage|p2a: Jirachi|170/291\n|\n|upkeep\n|turn|32\n|\n|t:|1732945369\n|-activate|p1a: Ditto|move: Struggle\n|move|p1a: Ditto|Struggle|p2a: Jirachi\n|-damage|p2a: Jirachi|133/291\n|-damage|p1a: Ditto|169/225|[from] recoil\n|move|p2a: Jirachi|Healing Wish||[still]\n|-fail|p2a: Jirachi\n|\n|upkeep\n|turn|33\n|\n|t:|1732945377\n|move|p2a: Jirachi|Healing Wish||[still]\n|-fail|p2a: Jirachi\n|-activate|p1a: Ditto|move: Struggle\n|move|p1a: Ditto|Struggle|p2a: Jirachi\n|-damage|p2a: Jirachi|99/291\n|-damage|p1a: Ditto|113/225|[from] recoil\n|\n|upkeep\n|turn|34\n|\n|t:|1732945384\n|-activate|p1a: Ditto|move: Struggle\n|move|p1a: Ditto|Struggle|p2a: Jirachi\n|-damage|p2a: Jirachi|63/291\n|-damage|p1a: Ditto|57/225|[from] recoil\n|move|p2a: Jirachi|Healing Wish||[still]\n|-fail|p2a: Jirachi\n|\n|upkeep\n|turn|35\n|\n|t:|1732945393\n|-activate|p1a: Ditto|move: Struggle\n|move|p1a: Ditto|Struggle|p2a: Jirachi\n|-damage|p2a: Jirachi|31/291\n|-damage|p1a: Ditto|1/225|[from] recoil\n|move|p2a: Jirachi|Healing Wish||[still]\n|-fail|p2a: Jirachi\n|\n|upkeep\n|turn|36\n|\n|t:|1732945401\n|move|p2a: Jirachi|Healing Wish||[still]\n|-fail|p2a: Jirachi\n|-activate|p1a: Ditto|move: Struggle\n|move|p1a: Ditto|Struggle|p2a: Jirachi\n|-damage|p2a: Jirachi|0 fnt\n|faint|p2a: Jirachi\n|-damage|p1a: Ditto|0 fnt|[from] recoil\n|faint|p1a: Ditto\n|\n|win|jnlodinvr\n|raw|jnlodinvr's rating: 1131 &rarr; <strong>1156</strong><br />(+25 for winning)\n|raw|dandan2104's rating: 1128 &rarr; <strong>1103</strong><br />(-25 for losing)\n|c|\u2606jnlodinvr|Gg\n|l|\u2606dandan2104\n|player|p2|\n", "inputlog": ">version b107d77f5c90bd6555267ae244a6264823309ead\n>start {\"formatid\":\"gen9randombattle\",\"seed\":[58751,44670,13323,35898],\"rated\":\"Rated battle\"}\n>player p1 {\"name\":\"jnlodinvr\",\"avatar\":\"shauntal\",\"rating\":1131,\"seed\":[22010,63149,45416,17718]}\n>player p2 {\"name\":\"dandan2104\",\"avatar\":\"pokemonranger-gen4\",\"rating\":1128,\"seed\":[3459,12739,21033,43697]}\n>p1 move tailglow\n>p2 move quiverdance\n>p1 move icebeam\n>p2 move quiverdance\n>p1 move icebeam\n>p2 move bugbuzz\n>p2 switch 2\n>p1 move surf\n>p2 move uturn\n>p2 switch 5\n>p1 move surf\n>p2 move ironhead\n>p2 switch 6\n>p1 move surf\n>p2 move seismictoss\n>p1 move surf\n>p2 move seismictoss\n>p1 switch 3\n>p1 move quiverdance\n>p2 move thunderwave\n>p1 move quiverdance\n>p2 move softboiled\n>p1 move quiverdance\n>p2 switch 3\n>p1 move revelationdance\n>p2 move shellsmash\n>p1 move revelationdance\n>p2 move shadowball\n>p1 switch 4\n>p2 move shadowball\n>p1 move wish\n>p2 move terablast terastallize\n>p1 move alluringvoice\n>p2 move terablast\n>p1 switch 2\n>p1 move haze\n>p2 move shadowball\n>p1 switch 4\n>p2 move shadowball\n>p1 switch 4\n>p1 move toxicspikes\n>p2 move shadowball\n>p1 move recover\n>p2 move shadowball\n>p1 move toxicspikes\n>p2 move shadowball\n>p1 move liquidation\n>p2 move shadowball\n>p1 switch 6\n>p1 move heatcrash\n>p2 move shadowball\n>p1 move heatcrash\n>p2 move terablast\n>p2 switch 4\n>p1 move earthquake terastallize\n>p2 move liquidation\n>p1 move earthquake\n>p2 move liquidation\n>p2 switch 5\n>p1 move earthquake\n>p2 move psychic\n>p1 switch 5\n>p1 move ironhead\n>p2 switch 3\n>p1 move ironhead\n>p2 move softboiled\n>p2 switch 3\n>p1 move ironhead\n>p2 move healingwish\n>p1 move ironhead\n>p2 move healingwish\n>p1 move ironhead\n>p2 move healingwish\n>p1 move struggle\n>p2 move healingwish\n>p1 move struggle\n>p2 move healingwish\n>p1 move struggle\n>p2 move healingwish\n>p1 move struggle\n>p2 move healingwish\n>p1 move struggle\n>p2 move healingwish", "uploadtime": 1732945417, "views": 1, "formatid": "gen9randombattle", "rating": 1103, "private": 0, "password": null}