{"id": "gen9randombattle-2253860123", "format": "[Gen 9] Random Battle", "players": ["Destro04", "Reptilor05"], "log": "|j|\u2606Destro04\n|j|\u2606Reptilor05\n|t:|1732950700\n|gametype|singles\n|player|p1|Destro04|bellelba|\n|player|p2|Reptilor05|266|\n|teamsize|p1|6\n|teamsize|p2|6\n|gen|9\n|tier|[Gen 9] Random Battle\n|rule|Species Clause: Limit one of each Pok\u00e9mon\n|rule|HP Percentage Mod: HP is shown in percentages\n|rule|Sleep Clause Mod: Limit one foe put to sleep\n|rule|Illusion Level Mod: Illusion disguises the Pok\u00e9mon's true level\n|\n|t:|1732950700\n|start\n|switch|p1a: Luvdisc|Luvdisc, M|247/247\n|switch|p2a: Glaceon|Glaceon, L94, M|275/275\n|turn|1\n|\n|t:|1732950887\n|move|p1a: Luvdisc|Whirlpool|p2a: Glaceon\n|-damage|p2a: Glaceon|248/275\n|-activate|p2a: Glaceon|move: Whirlpool|[of] p1a: Luvdisc\n|move|p2a: Glaceon|Calm Mind|p2a: Glaceon\n|-boost|p2a: Glaceon|spa|1\n|-boost|p2a: Glaceon|spd|1\n|\n|-damage|p2a: Glaceon|214/275|[from] move: Whirlpool|[partiallytrapped]\n|upkeep\n|turn|2\n|\n|t:|1732950931\n|move|p1a: Luvdisc|Surf|p2a: Glaceon\n|-damage|p2a: Glaceon|174/275\n|move|p2a: Glaceon|Wish|p2a: Glaceon\n|\n|-damage|p2a: Glaceon|140/275|[from] move: Whirlpool|[partiallytrapped]\n|upkeep\n|turn|3\n|\n|t:|1732950943\n|move|p1a: Luvdisc|Substitute|p1a: Luvdisc\n|-start|p1a: Luvdisc|Substitute\n|-damage|p1a: Luvdisc|186/247\n|move|p2a: Glaceon|Calm Mind|p2a: Glaceon\n|-boost|p2a: Glaceon|spa|1\n|-boost|p2a: Glaceon|spd|1\n|\n|-heal|p2a: Glaceon|275/275|[from] move: Wish|[wisher] Glaceon\n|-damage|p2a: Glaceon|241/275|[from] move: Whirlpool|[partiallytrapped]\n|upkeep\n|turn|4\n|\n|t:|1732950962\n|move|p1a: Luvdisc|Surf|p2a: Glaceon\n|-damage|p2a: Glaceon|207/275\n|move|p2a: Glaceon|Wish|p2a: Glaceon\n|\n|-damage|p2a: Glaceon|173/275|[from] move: Whirlpool|[partiallytrapped]\n|upkeep\n|turn|5\n|\n|t:|1732950967\n|move|p1a: Luvdisc|Surf|p2a: Glaceon\n|-damage|p2a: Glaceon|142/275\n|move|p2a: Glaceon|Calm Mind|p2a: Glaceon\n|-boost|p2a: Glaceon|spa|1\n|-boost|p2a: Glaceon|spd|1\n|\n|-heal|p2a: Glaceon|275/275|[from] move: Wish|[wisher] Glaceon\n|-damage|p2a: Glaceon|241/275|[from] move: Whirlpool|[partiallytrapped]\n|upkeep\n|turn|6\n|\n|t:|1732950970\n|move|p1a: Luvdisc|Surf|p2a: Glaceon\n|-damage|p2a: Glaceon|216/275\n|move|p2a: Glaceon|Wish|p2a: Glaceon\n|\n|-end|p2a: Glaceon|Whirlpool|[partiallytrapped]\n|upkeep\n|turn|7\n|\n|t:|1732950971\n|move|p1a: Luvdisc|Surf|p2a: Glaceon\n|-damage|p2a: Glaceon|191/275\n|move|p2a: Glaceon|Calm Mind|p2a: Glaceon\n|-boost|p2a: Glaceon|spa|1\n|-boost|p2a: Glaceon|spd|1\n|\n|-heal|p2a: Glaceon|275/275|[from] move: Wish|[wisher] Glaceon\n|upkeep\n|turn|8\n|\n|t:|1732950975\n|move|p1a: Luvdisc|Surf|p2a: Glaceon\n|-damage|p2a: Glaceon|254/275\n|move|p2a: Glaceon|Calm Mind|p2a: Glaceon\n|-boost|p2a: Glaceon|spa|1\n|-boost|p2a: Glaceon|spd|1\n|\n|upkeep\n|turn|9\n|\n|t:|1732950977\n|move|p1a: Luvdisc|Surf|p2a: Glaceon\n|-damage|p2a: Glaceon|235/275\n|move|p2a: Glaceon|Calm Mind|p2a: Glaceon\n|-boost|p2a: Glaceon|spa|1\n|-boost|p2a: Glaceon|spd|1\n|\n|upkeep\n|turn|10\n|\n|t:|1732950981\n|move|p1a: Luvdisc|Surf|p2a: Glaceon\n|-damage|p2a: Glaceon|216/275\n|move|p2a: Glaceon|Freeze-Dry|p1a: Luvdisc\n|-supereffective|p1a: Luvdisc\n|-end|p1a: Luvdisc|Substitute\n|\n|upkeep\n|turn|11\n|\n|t:|1732950986\n|move|p1a: Luvdisc|Endeavor|p2a: Glaceon\n|-damage|p2a: Glaceon|186/275\n|move|p2a: Glaceon|Freeze-Dry|p1a: Luvdisc\n|-supereffective|p1a: Luvdisc\n|-damage|p1a: Luvdisc|0 fnt\n|faint|p1a: Luvdisc\n|\n|upkeep\n|\n|t:|1732950993\n|switch|p1a: Appletun|Appletun, L92, M|352/352\n|turn|12\n|\n|t:|1732950997\n|-terastallize|p1a: Appletun|Steel\n|move|p2a: Glaceon|Freeze-Dry|p1a: Appletun\n|-resisted|p1a: Appletun\n|-damage|p1a: Appletun|238/352\n|move|p1a: Appletun|Apple Acid|p2a: Glaceon\n|-damage|p2a: Glaceon|162/275\n|-unboost|p2a: Glaceon|spd|1\n|\n|-heal|p1a: Appletun|260/352|[from] item: Leftovers\n|upkeep\n|turn|13\n|\n|t:|1732951006\n|move|p2a: Glaceon|Wish|p2a: Glaceon\n|move|p1a: Appletun|Leech Seed|p2a: Glaceon\n|-start|p2a: Glaceon|move: Leech Seed\n|\n|-heal|p1a: Appletun|282/352|[from] item: Leftovers\n|-damage|p2a: Glaceon|128/275|[from] Leech Seed|[of] p1a: Appletun\n|-heal|p1a: Appletun|316/352|[silent]\n|upkeep\n|turn|14\n|\n|t:|1732951009\n|move|p2a: Glaceon|Freeze-Dry|p1a: Appletun\n|-resisted|p1a: Appletun\n|-damage|p1a: Appletun|195/352\n|move|p1a: Appletun|Apple Acid|p2a: Glaceon\n|-damage|p2a: Glaceon|103/275\n|-unboost|p2a: Glaceon|spd|1\n|\n|-heal|p2a: Glaceon|240/275|[from] move: Wish|[wisher] Glaceon\n|-heal|p1a: Appletun|217/352|[from] item: Leftovers\n|-damage|p2a: Glaceon|206/275|[from] Leech Seed|[of] p1a: Appletun\n|-heal|p1a: Appletun|251/352|[silent]\n|upkeep\n|turn|15\n|\n|t:|1732951014\n|move|p2a: Glaceon|Freeze-Dry|p1a: Appletun\n|-resisted|p1a: Appletun\n|-damage|p1a: Appletun|146/352\n|move|p1a: Appletun|Apple Acid|p2a: Glaceon\n|-damage|p2a: Glaceon|176/275\n|-unboost|p2a: Glaceon|spd|1\n|\n|-heal|p1a: Appletun|168/352|[from] item: Leftovers\n|-damage|p2a: Glaceon|142/275|[from] Leech Seed|[of] p1a: Appletun\n|-heal|p1a: Appletun|202/352|[silent]\n|upkeep\n|turn|16\n|\n|t:|1732951017\n|move|p2a: Glaceon|Freeze-Dry|p1a: Appletun\n|-resisted|p1a: Appletun\n|-damage|p1a: Appletun|96/352\n|move|p1a: Appletun|Apple Acid|p2a: Glaceon\n|-damage|p2a: Glaceon|103/275\n|-unboost|p2a: Glaceon|spd|1\n|\n|-heal|p1a: Appletun|118/352|[from] item: Leftovers\n|-damage|p2a: Glaceon|69/275|[from] Leech Seed|[of] p1a: Appletun\n|-heal|p1a: Appletun|152/352|[silent]\n|upkeep\n|turn|17\n|\n|t:|1732951022\n|move|p2a: Glaceon|Wish|p2a: Glaceon\n|move|p1a: Appletun|Apple Acid|p2a: Glaceon\n|-damage|p2a: Glaceon|21/275\n|-unboost|p2a: Glaceon|spd|1\n|\n|-heal|p1a: Appletun|174/352|[from] item: Leftovers\n|-damage|p2a: Glaceon|0 fnt|[from] Leech Seed|[of] p1a: Appletun\n|-heal|p1a: Appletun|195/352|[silent]\n|faint|p2a: Glaceon\n|upkeep\n|\n|t:|1732951028\n|switch|p2a: Spidops|Spidops, L96, F|271/271\n|turn|18\n|\n|t:|1732951034\n|move|p2a: Spidops|Sticky Web|p1a: Appletun\n|-sidestart|p1: Destro04|move: Sticky Web\n|move|p1a: Appletun|Leech Seed|p2a: Spidops\n|-start|p2a: Spidops|move: Leech Seed\n|\n|-heal|p1a: Appletun|217/352|[from] item: Leftovers\n|-damage|p2a: Spidops|238/271|[from] Leech Seed|[of] p1a: Appletun\n|-heal|p1a: Appletun|250/352|[silent]\n|upkeep\n|turn|19\n|\n|t:|1732951046\n|switch|p2a: Ting-Lu|Ting-Lu, L78|370/370\n|-ability|p2a: Ting-Lu|Vessel of Ruin\n|move|p1a: Appletun|Draco Meteor|p2a: Ting-Lu\n|-damage|p2a: Ting-Lu|234/370\n|-unboost|p1a: Appletun|spa|2\n|\n|-heal|p2a: Ting-Lu|257/370|[from] item: Leftovers\n|-heal|p1a: Appletun|272/352|[from] item: Leftovers\n|upkeep\n|turn|20\n|\n|t:|1732951059\n|switch|p1a: Minior|Minior-Yellow, L79|224/224\n|-formechange|p1a: Minior|Minior-Meteor||[from] ability: Shields Down\n|move|p2a: Ting-Lu|Stealth Rock|p1a: Minior\n|-sidestart|p1: Destro04|move: Stealth Rock\n|\n|-heal|p2a: Ting-Lu|280/370|[from] item: Leftovers\n|upkeep\n|turn|21\n|\n|t:|1732951078\n|move|p1a: Minior|Shell Smash|p1a: Minior\n|-unboost|p1a: Minior|def|1\n|-unboost|p1a: Minior|spd|1\n|-boost|p1a: Minior|atk|2\n|-boost|p1a: Minior|spa|2\n|-boost|p1a: Minior|spe|2\n|-enditem|p1a: Minior|White Herb\n|-clearnegativeboost|p1a: Minior|[silent]\n|move|p2a: Ting-Lu|Heavy Slam|p1a: Minior\n|-supereffective|p1a: Minior\n|-damage|p1a: Minior|78/224\n|\n|-heal|p2a: Ting-Lu|303/370|[from] item: Leftovers\n|-formechange|p1a: Minior|Minior-Yellow||[from] ability: Shields Down\n|upkeep\n|turn|22\n|\n|t:|1732951097\n|move|p1a: Minior|Acrobatics|p2a: Ting-Lu\n|-damage|p2a: Ting-Lu|126/370\n|move|p2a: Ting-Lu|Heavy Slam|p1a: Minior\n|-supereffective|p1a: Minior\n|-damage|p1a: Minior|0 fnt\n|faint|p1a: Minior\n|\n|-heal|p2a: Ting-Lu|149/370|[from] item: Leftovers\n|upkeep\n|\n|t:|1732951104\n|switch|p1a: Appletun|Appletun, L92, M, tera:Steel|272/352\n|-activate|p1a: Appletun|move: Sticky Web\n|-unboost|p1a: Appletun|spe|1\n|-damage|p1a: Appletun|250/352|[from] Stealth Rock\n|turn|23\n|\n|t:|1732951109\n|move|p2a: Ting-Lu|Earthquake|p1a: Appletun\n|-supereffective|p1a: Appletun\n|-damage|p1a: Appletun|34/352\n|move|p1a: Appletun|Apple Acid|p2a: Ting-Lu\n|-supereffective|p2a: Ting-Lu\n|-damage|p2a: Ting-Lu|0 fnt\n|faint|p2a: Ting-Lu\n|\n|-heal|p1a: Appletun|56/352|[from] item: Leftovers\n|upkeep\n|\n|t:|1732951113\n|switch|p2a: Spidops|Spidops, L96, F|238/271\n|turn|24\n|\n|t:|1732951117\n|move|p2a: Spidops|Knock Off|p1a: Appletun\n|-damage|p1a: Appletun|0 fnt\n|-enditem|p1a: Appletun|Leftovers|[from] move: Knock Off|[of] p2a: Spidops\n|faint|p1a: Appletun\n|\n|upkeep\n|\n|t:|1732951121\n|switch|p1a: Delphox|Delphox, L84, F|263/263\n|-activate|p1a: Delphox|move: Sticky Web\n|-unboost|p1a: Delphox|spe|1\n|-damage|p1a: Delphox|198/263|[from] Stealth Rock\n|turn|25\n|\n|t:|1732951128\n|move|p1a: Delphox|Fire Blast|p2a: Spidops\n|-supereffective|p2a: Spidops\n|-damage|p2a: Spidops|0 fnt\n|faint|p2a: Spidops\n|\n|upkeep\n|\n|t:|1732951135\n|switch|p2a: Primarina|Primarina, L83, F|268/268\n|turn|26\n|\n|t:|1732951139\n|move|p1a: Delphox|Fire Blast|p2a: Primarina\n|-resisted|p2a: Primarina\n|-damage|p2a: Primarina|190/268\n|-status|p2a: Primarina|brn\n|move|p2a: Primarina|Psychic Noise|p1a: Delphox\n|-supereffective|p1a: Delphox\n|-damage|p1a: Delphox|24/263\n|-start|p1a: Delphox|move: Heal Block\n|\n|-heal|p2a: Primarina|206/268 brn|[from] item: Leftovers\n|-damage|p2a: Primarina|190/268 brn|[from] brn\n|upkeep\n|turn|27\n|\n|t:|1732951145\n|move|p1a: Delphox|Fire Blast|p2a: Primarina\n|-resisted|p2a: Primarina\n|-damage|p2a: Primarina|74/268 brn\n|move|p2a: Primarina|Psychic Noise|p1a: Delphox\n|-supereffective|p1a: Delphox\n|-damage|p1a: Delphox|0 fnt\n|faint|p1a: Delphox\n|\n|-heal|p2a: Primarina|90/268 brn|[from] item: Leftovers\n|-damage|p2a: Primarina|74/268 brn|[from] brn\n|upkeep\n|\n|t:|1732951147\n|switch|p1a: Meowstic|Meowstic, L89, M|277/277\n|-activate|p1a: Meowstic|move: Sticky Web\n|-unboost|p1a: Meowstic|spe|1\n|-damage|p1a: Meowstic|243/277|[from] Stealth Rock\n|turn|28\n|\n|t:|1732951160\n|move|p1a: Meowstic|Light Screen|p1a: Meowstic\n|-sidestart|p1: Destro04|move: Light Screen\n|move|p2a: Primarina|Draining Kiss|p1a: Meowstic\n|-damage|p1a: Meowstic|213/277\n|-heal|p2a: Primarina|97/268 brn|[from] drain|[of] p1a: Meowstic\n|\n|-heal|p2a: Primarina|113/268 brn|[from] item: Leftovers\n|-damage|p2a: Primarina|97/268 brn|[from] brn\n|upkeep\n|turn|29\n|\n|t:|1732951164\n|move|p1a: Meowstic|Reflect|p1a: Meowstic\n|-sidestart|p1: Destro04|Reflect\n|move|p2a: Primarina|Calm Mind|p2a: Primarina\n|-boost|p2a: Primarina|spa|1\n|-boost|p2a: Primarina|spd|1\n|\n|-heal|p2a: Primarina|113/268 brn|[from] item: Leftovers\n|-damage|p2a: Primarina|97/268 brn|[from] brn\n|upkeep\n|turn|30\n|\n|t:|1732951167\n|move|p1a: Meowstic|Thunder Wave||[still]\n|-fail|p1a: Meowstic\n|move|p2a: Primarina|Draining Kiss|p1a: Meowstic\n|-damage|p1a: Meowstic|165/277\n|-heal|p2a: Primarina|133/268 brn|[from] drain|[of] p1a: Meowstic\n|\n|-heal|p2a: Primarina|149/268 brn|[from] item: Leftovers\n|-damage|p2a: Primarina|133/268 brn|[from] brn\n|upkeep\n|turn|31\n|\n|t:|1732951172\n|move|p1a: Meowstic|Psychic Noise|p2a: Primarina\n|-damage|p2a: Primarina|93/268 brn\n|-start|p2a: Primarina|move: Heal Block\n|move|p2a: Primarina|Psychic Noise|p1a: Meowstic\n|-damage|p1a: Meowstic|89/277\n|-start|p1a: Meowstic|move: Heal Block\n|\n|-damage|p2a: Primarina|77/268 brn|[from] brn\n|upkeep\n|turn|32\n|\n|t:|1732951178\n|move|p1a: Meowstic|Psychic Noise|p2a: Primarina\n|-damage|p2a: Primarina|34/268 brn\n|move|p2a: Primarina|Calm Mind|p2a: Primarina\n|-boost|p2a: Primarina|spa|1\n|-boost|p2a: Primarina|spd|1\n|\n|-damage|p2a: Primarina|18/268 brn|[from] brn\n|-end|p1a: Meowstic|move: Heal Block\n|-end|p2a: Primarina|move: Heal Block\n|upkeep\n|turn|33\n|\n|t:|1732951184\n|move|p1a: Meowstic|Psychic Noise|p2a: Primarina\n|-damage|p2a: Primarina|0 fnt\n|faint|p2a: Primarina\n|\n|upkeep\n|\n|t:|1732951194\n|switch|p2a: Lugia|Lugia, L72|272/272\n|turn|34\n|\n|t:|1732951198\n|move|p1a: Meowstic|Thunder Wave|p2a: Lugia\n|-status|p2a: Lugia|par\n|cant|p2a: Lugia|par\n|\n|upkeep\n|turn|35\n|\n|t:|1732951201\n|move|p1a: Meowstic|Psychic Noise|p2a: Lugia\n|-resisted|p2a: Lugia\n|-damage|p2a: Lugia|257/272 par\n|-start|p2a: Lugia|move: Heal Block\n|move|p2a: Lugia|Calm Mind|p2a: Lugia\n|-boost|p2a: Lugia|spa|1\n|-boost|p2a: Lugia|spd|1\n|\n|-sideend|p1: Destro04|move: Light Screen\n|upkeep\n|turn|36\n|\n|t:|1732951206\n|move|p1a: Meowstic|Light Screen|p1a: Meowstic\n|-sidestart|p1: Destro04|move: Light Screen\n|move|p2a: Lugia|Calm Mind|p2a: Lugia\n|-boost|p2a: Lugia|spa|1\n|-boost|p2a: Lugia|spd|1\n|\n|-end|p2a: Lugia|move: Heal Block\n|-sideend|p1: Destro04|Reflect\n|upkeep\n|turn|37\n|\n|t:|1732951212\n|move|p1a: Meowstic|Psychic Noise|p2a: Lugia\n|-resisted|p2a: Lugia\n|-damage|p2a: Lugia|242/272 par\n|-start|p2a: Lugia|move: Heal Block\n|cant|p2a: Lugia|par\n|\n|upkeep\n|turn|38\n|\n|t:|1732951217\n|move|p1a: Meowstic|Psychic Noise|p2a: Lugia\n|-resisted|p2a: Lugia\n|-damage|p2a: Lugia|227/272 par\n|move|p2a: Lugia|Calm Mind|p2a: Lugia\n|-boost|p2a: Lugia|spa|1\n|-boost|p2a: Lugia|spd|1\n|\n|-end|p2a: Lugia|move: Heal Block\n|upkeep\n|turn|39\n|\n|t:|1732951220\n|move|p1a: Meowstic|Reflect|p1a: Meowstic\n|-sidestart|p1: Destro04|Reflect\n|move|p2a: Lugia|Calm Mind|p2a: Lugia\n|-boost|p2a: Lugia|spa|1\n|-boost|p2a: Lugia|spd|1\n|\n|upkeep\n|turn|40\n|\n|t:|1732951225\n|move|p1a: Meowstic|Psychic Noise|p2a: Lugia\n|-resisted|p2a: Lugia\n|-damage|p2a: Lugia|218/272 par\n|-start|p2a: Lugia|move: Heal Block\n|move|p2a: Lugia|Calm Mind|p2a: Lugia\n|-boost|p2a: Lugia|spa|1\n|-boost|p2a: Lugia|spd|1\n|\n|upkeep\n|turn|41\n|\n|t:|1732951231\n|move|p1a: Meowstic|Psychic Noise|p2a: Lugia\n|-resisted|p2a: Lugia\n|-damage|p2a: Lugia|210/272 par\n|cant|p2a: Lugia|par\n|\n|-end|p2a: Lugia|move: Heal Block\n|upkeep\n|turn|42\n|\n|t:|1732951235\n|move|p1a: Meowstic|Psychic Noise|p2a: Lugia\n|-resisted|p2a: Lugia\n|-damage|p2a: Lugia|202/272 par\n|-start|p2a: Lugia|move: Heal Block\n|move|p2a: Lugia|Earth Power|p1a: Meowstic\n|-damage|p1a: Meowstic|11/277\n|\n|upkeep\n|turn|43\n|\n|t:|1732951241\n|move|p1a: Meowstic|Psychic Noise|p2a: Lugia\n|-resisted|p2a: Lugia\n|-damage|p2a: Lugia|194/272 par\n|move|p2a: Lugia|Calm Mind|p2a: Lugia\n|-boost|p2a: Lugia|spa|1\n|-boost|p2a: Lugia|spd|1\n|\n|-end|p2a: Lugia|move: Heal Block\n|-sideend|p1: Destro04|move: Light Screen\n|upkeep\n|turn|44\n|\n|t:|1732951247\n|move|p1a: Meowstic|Light Screen|p1a: Meowstic\n|-sidestart|p1: Destro04|move: Light Screen\n|move|p2a: Lugia|Earth Power|p1a: Meowstic\n|-damage|p1a: Meowstic|0 fnt\n|faint|p1a: Meowstic\n|\n|upkeep\n|\n|t:|1732951251\n|switch|p1a: Miraidon|Miraidon, L65|238/238\n|-activate|p1a: Miraidon|move: Sticky Web\n|-unboost|p1a: Miraidon|spe|1\n|-damage|p1a: Miraidon|209/238|[from] Stealth Rock\n|-fieldstart|move: Electric Terrain|[from] ability: Hadron Engine|[of] p1a: Miraidon\n|turn|45\n|\n|t:|1732951262\n|switch|p2a: Groudon|Groudon, L72|263/263\n|-weather|SunnyDay|[from] ability: Drought|[of] p2a: Groudon\n|move|p1a: Miraidon|Electro Drift|p2a: Groudon\n|-immune|p2a: Groudon\n|\n|-weather|SunnyDay|[upkeep]\n|upkeep\n|turn|46\n|\n|t:|1732951269\n|switch|p2a: Lugia|Lugia, L72|194/272 par\n|move|p1a: Miraidon|Electro Drift|p2a: Lugia\n|-supereffective|p2a: Lugia\n|-damage|p2a: Lugia|0 fnt\n|faint|p2a: Lugia\n|\n|-weather|SunnyDay|[upkeep]\n|-sideend|p1: Destro04|Reflect\n|upkeep\n|\n|t:|1732951271\n|switch|p2a: Groudon|Groudon, L72|263/263\n|turn|47\n|\n|t:|1732951276\n|move|p2a: Groudon|Precipice Blades|p1a: Miraidon\n|-supereffective|p1a: Miraidon\n|-damage|p1a: Miraidon|0 fnt\n|faint|p1a: Miraidon\n|\n|win|Reptilor05\n", "inputlog": ">version b107d77f5c90bd6555267ae244a6264823309ead\n>start {\"formatid\":\"gen9randombattle\",\"seed\":[25374,28698,53422,53736]}\n>player p1 {\"name\":\"Destro04\",\"avatar\":\"bellelba\",\"rating\":0,\"seed\":[16503,63201,18055,12959]}\n>player p2 {\"name\":\"Reptilor05\",\"avatar\":\"266\",\"rating\":0,\"seed\":[48578,45609,15564,20111]}\n>p1 move whirlpool\n>p2 move calmmind\n>p1 move surf\n>p2 move wish\n>p1 move substitute\n>p2 move calmmind\n>p1 move surf\n>p2 move wish\n>p1 move surf\n>p2 move calmmind\n>p1 move surf\n>p2 move wish\n>p1 move surf\n>p2 move calmmind\n>p1 move surf\n>p2 move calmmind\n>p1 move surf\n>p2 move calmmind\n>p1 move surf\n>p2 move freezedry\n>p1 move endeavor\n>p2 move freezedry\n>p1 switch 5\n>p1 move appleacid terastallize\n>p2 move freezedry\n>p1 move leechseed\n>p2 move wish\n>p1 move appleacid\n>p2 move freezedry\n>p1 move appleacid\n>p2 move freezedry\n>p1 move appleacid\n>p2 move freezedry\n>p1 move appleacid\n>p2 move wish\n>p2 switch 2\n>p1 move leechseed\n>p2 move stickyweb\n>p1 move dracometeor\n>p2 switch 3\n>p1 switch 4\n>p2 move stealthrock\n>p1 move shellsmash\n>p2 move heavyslam\n>p1 move acrobatics\n>p2 move heavyslam\n>p1 switch 4\n>p1 move appleacid\n>p2 move earthquake\n>p2 switch 3\n>p1 move appleacid\n>p2 move knockoff\n>p1 switch 6\n>p1 move fireblast\n>p2 move knockoff\n>p2 switch 4\n>p1 move fireblast\n>p2 move psychicnoise\n>p1 move fireblast\n>p2 move psychicnoise\n>p1 switch 3\n>p1 move lightscreen\n>p2 move drainingkiss\n>p1 move reflect\n>p2 move calmmind\n>p1 move thunderwave\n>p2 move drainingkiss\n>p1 move psychicnoise\n>p2 move psychicnoise\n>p1 move psychicnoise\n>p2 move calmmind\n>p1 move psychicnoise\n>p2 move psychicnoise\n>p2 switch 6\n>p1 move thunderwave\n>p2 move calmmind\n>p1 move psychicnoise\n>p2 move calmmind\n>p1 move lightscreen\n>p2 move calmmind\n>p1 move psychicnoise\n>p2 move calmmind\n>p1 move psychicnoise\n>p2 move calmmind\n>p1 move reflect\n>p2 move calmmind\n>p1 move psychicnoise\n>p2 move calmmind\n>p1 move psychicnoise\n>p2 move calmmind\n>p1 move psychicnoise\n>p2 move earthpower\n>p1 move psychicnoise\n>p2 move calmmind\n>p1 move lightscreen\n>p2 move earthpower\n>p1 switch 2\n>p1 move electrodrift\n>p2 switch 5\n>p1 move electrodrift\n>p2 switch 5\n>p2 switch 5\n>p1 move electrodrift\n>p2 move precipiceblades", "uploadtime": 1732951279, "views": 2, "formatid": "gen9randombattle", "rating": null, "private": 0, "password": null}