{"id": "gen9randombattle-2253972870", "format": "[Gen 9] Random Battle", "players": ["RoyalSketchbook", "pesticyanyde"], "log": "|j|\u2606RoyalSketchbook\n|j|\u2606pesticyanyde\n|t:|1732973872\n|gametype|singles\n|player|p1|RoyalSketchbook|burgh|1467\n|player|p2|pesticyanyde|bugcatcher-gen4dp|1461\n|teamsize|p1|6\n|teamsize|p2|6\n|gen|9\n|tier|[Gen 9] Random Battle\n|rated|\n|rule|Species Clause: Limit one of each Pok\u00e9mon\n|rule|HP Percentage Mod: HP is shown in percentages\n|rule|Sleep Clause Mod: Limit one foe put to sleep\n|rule|Illusion Level Mod: Illusion disguises the Pok\u00e9mon's true level\n|\n|t:|1732973872\n|start\n|switch|p1a: Gogoat|Gogoat, L88, F|360/360\n|switch|p2a: Vivillon|Vivillon-Polar, L84, F|272/272\n|turn|1\n|inactive|Battle timer is ON: inactive players will automatically lose when time's up. (requested by pesticyanyde)\n|\n|t:|1732973900\n|move|p2a: Vivillon|Quiver Dance|p2a: Vivillon\n|-boost|p2a: Vivillon|spa|1\n|-boost|p2a: Vivillon|spd|1\n|-boost|p2a: Vivillon|spe|1\n|move|p1a: Gogoat|Horn Leech|p2a: Vivillon\n|-resisted|p2a: Vivillon\n|-damage|p2a: Vivillon|238/272\n|\n|upkeep\n|turn|2\n|\n|t:|1732973914\n|switch|p1a: Toxtricity|Toxtricity, L82, F|257/257\n|move|p2a: Vivillon|Quiver Dance|p2a: Vivillon\n|-boost|p2a: Vivillon|spa|1\n|-boost|p2a: Vivillon|spd|1\n|-boost|p2a: Vivillon|spe|1\n|\n|upkeep\n|turn|3\n|\n|t:|1732973922\n|move|p2a: Vivillon|Sleep Powder|p1a: Toxtricity\n|-status|p1a: Toxtricity|slp|[from] move: Sleep Powder\n|cant|p1a: Toxtricity|slp\n|\n|upkeep\n|turn|4\n|\n|t:|1732973925\n|switch|p1a: Lycanroc|Lycanroc-Dusk, L80, F|251/251\n|move|p2a: Vivillon|Quiver Dance|p2a: Vivillon\n|-boost|p2a: Vivillon|spa|1\n|-boost|p2a: Vivillon|spd|1\n|-boost|p2a: Vivillon|spe|1\n|\n|upkeep\n|turn|5\n|\n|t:|1732973940\n|-terastallize|p2a: Vivillon|Flying\n|move|p2a: Vivillon|Bug Buzz|p1a: Lycanroc\n|-damage|p1a: Lycanroc|0 fnt\n|faint|p1a: Lycanroc\n|\n|upkeep\n|\n|t:|1732973954\n|switch|p1a: Moltres|Moltres, L81|278/278\n|turn|6\n|\n|t:|1732973959\n|move|p2a: Vivillon|Hurricane|p1a: Moltres\n|-damage|p1a: Moltres|0 fnt\n|faint|p1a: Moltres\n|\n|upkeep\n|\n|t:|1732973971\n|switch|p1a: Regidrago|Regidrago, L77|435/435\n|turn|7\n|\n|t:|1732973979\n|move|p2a: Vivillon|Bug Buzz|p1a: Regidrago\n|-crit|p1a: Regidrago\n|-damage|p1a: Regidrago|0 fnt\n|faint|p1a: Regidrago\n|\n|upkeep\n|c|\u2606RoyalSketchbook|vivillon goated\n|\n|t:|1732973987\n|switch|p1a: Mewtwo|Mewtwo, L72|272/272\n|-ability|p1a: Mewtwo|Unnerve\n|turn|8\n|c|\u2606pesticyanyde|Nah lol. It's quiver dance that reigns\n|\n|t:|1732974010\n|-terastallize|p1a: Mewtwo|Fire\n|move|p2a: Vivillon|Bug Buzz|p1a: Mewtwo\n|-resisted|p1a: Mewtwo\n|-damage|p1a: Mewtwo|140/272\n|move|p1a: Mewtwo|Psystrike|p2a: Vivillon\n|-damage|p2a: Vivillon|16/272\n|-damage|p1a: Mewtwo|113/272|[from] item: Life Orb\n|\n|upkeep\n|turn|9\n|\n|t:|1732974020\n|move|p2a: Vivillon|Bug Buzz|p1a: Mewtwo\n|-resisted|p1a: Mewtwo\n|-damage|p1a: Mewtwo|0 fnt\n|faint|p1a: Mewtwo\n|\n|upkeep\n|\n|t:|1732974025\n|switch|p1a: Toxtricity|Toxtricity, L82, F|257/257 slp\n|turn|10\n|\n|t:|1732974028\n|move|p2a: Vivillon|Bug Buzz|p1a: Toxtricity\n|-resisted|p1a: Toxtricity\n|-damage|p1a: Toxtricity|187/257 slp\n|cant|p1a: Toxtricity|slp\n|\n|upkeep\n|turn|11\n|\n|t:|1732974035\n|move|p2a: Vivillon|Hurricane|p1a: Toxtricity|[miss]\n|-miss|p2a: Vivillon|p1a: Toxtricity\n|-curestatus|p1a: Toxtricity|slp|[msg]\n|move|p1a: Toxtricity|Overdrive|p2a: Vivillon\n|-supereffective|p2a: Vivillon\n|-damage|p2a: Vivillon|0 fnt\n|faint|p2a: Vivillon\n|-enditem|p1a: Toxtricity|Throat Spray\n|-boost|p1a: Toxtricity|spa|1|[from] item: Throat Spray\n|\n|upkeep\n|\n|t:|1732974041\n|switch|p2a: Cyclizar|Cyclizar, L83, F|252/252\n|turn|12\n|\n|t:|1732974055\n|move|p2a: Cyclizar|Shed Tail|p2a: Cyclizar\n|-start|p2a: Cyclizar|Substitute|[from] move: Shed Tail\n|-damage|p2a: Cyclizar|126/252\n|\n|t:|1732974066\n|switch|p2a: Indeedee|Indeedee-F, L90, F|272/272|[from] Shed Tail\n|-fieldstart|move: Psychic Terrain|[from] ability: Psychic Surge|[of] p2a: Indeedee\n|move|p1a: Toxtricity|Gunk Shot|p2a: Indeedee\n|-end|p2a: Indeedee|Substitute\n|\n|upkeep\n|turn|13\n|\n|t:|1732974076\n|move|p2a: Indeedee|Psychic|p1a: Toxtricity\n|-supereffective|p1a: Toxtricity\n|-damage|p1a: Toxtricity|0 fnt\n|faint|p1a: Toxtricity\n|\n|upkeep\n|\n|t:|1732974080\n|switch|p1a: Gogoat|Gogoat, L88, F|360/360\n|turn|14\n|\n|t:|1732974083\n|switch|p2a: Hydrapple|Hydrapple, L83, M|312/312\n|move|p1a: Gogoat|Horn Leech|p2a: Hydrapple\n|-resisted|p2a: Hydrapple\n|-damage|p2a: Hydrapple|292/312\n|\n|upkeep\n|turn|15\n|c|\u2606RoyalSketchbook|gg\n|\n|t:|1732974090\n|move|p1a: Gogoat|Bulk Up|p1a: Gogoat\n|-boost|p1a: Gogoat|atk|1\n|-boost|p1a: Gogoat|def|1\n|move|p2a: Hydrapple|Fickle Beam|p1a: Gogoat\n|-damage|p1a: Gogoat|261/360\n|\n|-heal|p1a: Gogoat|283/360|[from] item: Leftovers\n|upkeep\n|turn|16\n|c|\u2606pesticyanyde|Gg\n|\n|t:|1732974100\n|move|p1a: Gogoat|Bulk Up|p1a: Gogoat\n|-boost|p1a: Gogoat|atk|1\n|-boost|p1a: Gogoat|def|1\n|move|p2a: Hydrapple|Fickle Beam|p1a: Gogoat\n|-damage|p1a: Gogoat|177/360\n|\n|-heal|p1a: Gogoat|199/360|[from] item: Leftovers\n|-fieldend|move: Psychic Terrain\n|upkeep\n|turn|17\n|c|\u2606pesticyanyde|I had a crazy team. Sorry. Double regen is nuts\n|\n|t:|1732974124\n|move|p1a: Gogoat|Milk Drink|p1a: Gogoat\n|-heal|p1a: Gogoat|360/360\n|move|p2a: Hydrapple|Fickle Beam|p1a: Gogoat|[anim] Fickle Beam All Out\n|-activate|p2a: Hydrapple|move: Fickle Beam\n|-damage|p1a: Gogoat|176/360\n|\n|-heal|p1a: Gogoat|198/360|[from] item: Leftovers\n|upkeep\n|turn|18\n|c|\u2606RoyalSketchbook|forreal. ah well tis the luck of the draw\n|\n|t:|1732974148\n|move|p1a: Gogoat|Bulk Up|p1a: Gogoat\n|-boost|p1a: Gogoat|atk|1\n|-boost|p1a: Gogoat|def|1\n|move|p2a: Hydrapple|Fickle Beam|p1a: Gogoat|[anim] Fickle Beam All Out\n|-activate|p2a: Hydrapple|move: Fickle Beam\n|-damage|p1a: Gogoat|5/360\n|\n|-heal|p1a: Gogoat|27/360|[from] item: Leftovers\n|upkeep\n|turn|19\n|\n|t:|1732974159\n|switch|p2a: Cyclizar|Cyclizar, L83, F|210/252\n|move|p1a: Gogoat|Milk Drink|p1a: Gogoat\n|-heal|p1a: Gogoat|207/360\n|\n|-heal|p1a: Gogoat|229/360|[from] item: Leftovers\n|upkeep\n|turn|20\n|\n|t:|1732974166\n|move|p2a: Cyclizar|Taunt|p1a: Gogoat\n|-start|p1a: Gogoat|move: Taunt\n|move|p1a: Gogoat|Earthquake|p2a: Cyclizar\n|-damage|p2a: Cyclizar|0 fnt\n|faint|p2a: Cyclizar\n|\n|-heal|p1a: Gogoat|251/360|[from] item: Leftovers\n|upkeep\n|\n|t:|1732974173\n|switch|p2a: Indeedee|Indeedee-F, L90, F|272/272\n|-fieldstart|move: Psychic Terrain|[from] ability: Psychic Surge|[of] p2a: Indeedee\n|turn|21\n|\n|t:|1732974179\n|move|p2a: Indeedee|Psychic|p1a: Gogoat\n|-damage|p1a: Gogoat|112/360\n|move|p1a: Gogoat|Horn Leech|p2a: Indeedee\n|-damage|p2a: Indeedee|0 fnt\n|-heal|p1a: Gogoat|248/360|[from] drain|[of] p2a: Indeedee\n|faint|p2a: Indeedee\n|\n|-heal|p1a: Gogoat|270/360|[from] item: Leftovers\n|upkeep\n|\n|t:|1732974184\n|switch|p2a: Beartic|Beartic, L91, M|321/321\n|turn|22\n|\n|t:|1732974190\n|move|p1a: Gogoat|Horn Leech|p2a: Beartic\n|-damage|p2a: Beartic|105/321\n|-heal|p1a: Gogoat|360/360|[from] drain|[of] p2a: Beartic\n|move|p2a: Beartic|Snowscape|p2a: Beartic\n|-weather|Snow\n|\n|-weather|Snow|[upkeep]\n|-end|p1a: Gogoat|move: Taunt\n|upkeep\n|turn|23\n|c|\u2606pesticyanyde|Idk man. You may be able to bring it back lol\n|\n|t:|1732974209\n|move|p2a: Beartic|Icicle Crash|p1a: Gogoat\n|-supereffective|p1a: Gogoat\n|-damage|p1a: Gogoat|228/360\n|cant|p1a: Gogoat|flinch\n|\n|-weather|Snow|[upkeep]\n|-heal|p1a: Gogoat|250/360|[from] item: Leftovers\n|upkeep\n|turn|24\n|\n|t:|1732974216\n|move|p2a: Beartic|Icicle Crash|p1a: Gogoat\n|-supereffective|p1a: Gogoat\n|-damage|p1a: Gogoat|124/360\n|move|p1a: Gogoat|Milk Drink|p1a: Gogoat\n|-heal|p1a: Gogoat|304/360\n|\n|-weather|Snow|[upkeep]\n|-heal|p1a: Gogoat|326/360|[from] item: Leftovers\n|upkeep\n|turn|25\n|c|\u2606pesticyanyde|I'm not doing any damage\n|\n|t:|1732974224\n|move|p2a: Beartic|Icicle Crash|p1a: Gogoat\n|-supereffective|p1a: Gogoat\n|-damage|p1a: Gogoat|194/360\n|move|p1a: Gogoat|Horn Leech|p2a: Beartic\n|-damage|p2a: Beartic|0 fnt\n|-heal|p1a: Gogoat|247/360|[from] drain|[of] p2a: Beartic\n|faint|p2a: Beartic\n|\n|-weather|Snow|[upkeep]\n|-heal|p1a: Gogoat|269/360|[from] item: Leftovers\n|-fieldend|move: Psychic Terrain\n|upkeep\n|\n|t:|1732974231\n|switch|p2a: Pincurchin|Pincurchin, F|258/258\n|-fieldstart|move: Electric Terrain|[from] ability: Electric Surge|[of] p2a: Pincurchin\n|turn|26\n|\n|t:|1732974238\n|move|p1a: Gogoat|Horn Leech|p2a: Pincurchin\n|-damage|p2a: Pincurchin|83/258\n|-heal|p1a: Gogoat|357/360|[from] drain|[of] p2a: Pincurchin\n|move|p2a: Pincurchin|Discharge|p1a: Gogoat\n|-resisted|p1a: Gogoat\n|-damage|p1a: Gogoat|285/360\n|\n|-weather|none\n|-heal|p1a: Gogoat|307/360|[from] item: Leftovers\n|-heal|p2a: Pincurchin|99/258|[from] item: Leftovers\n|upkeep\n|turn|27\n|c|\u2606RoyalSketchbook|gogoat coming in clutch ???\n|\n|t:|1732974252\n|move|p1a: Gogoat|Earthquake|p2a: Pincurchin\n|-supereffective|p2a: Pincurchin\n|-damage|p2a: Pincurchin|0 fnt\n|faint|p2a: Pincurchin\n|\n|-heal|p1a: Gogoat|329/360|[from] item: Leftovers\n|upkeep\n|c|\u2606pesticyanyde|Gogoat=goGOAT\n|\n|t:|1732974268\n|switch|p2a: Hydrapple|Hydrapple, L83, M|312/312\n|turn|28\n|c|\u2606RoyalSketchbook|TRUE!!!!\n|\n|t:|1732974281\n|move|p1a: Gogoat|Horn Leech|p2a: Hydrapple\n|-resisted|p2a: Hydrapple\n|-damage|p2a: Hydrapple|266/312\n|-heal|p1a: Gogoat|352/360|[from] drain|[of] p2a: Hydrapple\n|move|p2a: Hydrapple|Fickle Beam|p1a: Gogoat\n|-damage|p1a: Gogoat|256/360\n|\n|-heal|p1a: Gogoat|278/360|[from] item: Leftovers\n|upkeep\n|turn|29\n|\n|t:|1732974289\n|move|p1a: Gogoat|Earthquake|p2a: Hydrapple\n|-resisted|p2a: Hydrapple\n|-damage|p2a: Hydrapple|186/312\n|move|p2a: Hydrapple|Dragon Tail|p1a: Gogoat\n|-damage|p1a: Gogoat|248/360\n|\n|-heal|p1a: Gogoat|270/360|[from] item: Leftovers\n|upkeep\n|turn|30\n|\n|t:|1732974298\n|move|p1a: Gogoat|Earthquake|p2a: Hydrapple\n|-resisted|p2a: Hydrapple\n|-damage|p2a: Hydrapple|101/312\n|move|p2a: Hydrapple|Fickle Beam|p1a: Gogoat\n|-damage|p1a: Gogoat|162/360\n|\n|-heal|p1a: Gogoat|184/360|[from] item: Leftovers\n|-fieldend|move: Electric Terrain\n|upkeep\n|turn|31\n|\n|t:|1732974307\n|move|p1a: Gogoat|Milk Drink|p1a: Gogoat\n|-heal|p1a: Gogoat|360/360\n|move|p2a: Hydrapple|Fickle Beam|p1a: Gogoat|[anim] Fickle Beam All Out\n|-activate|p2a: Hydrapple|move: Fickle Beam\n|-damage|p1a: Gogoat|155/360\n|\n|-heal|p1a: Gogoat|177/360|[from] item: Leftovers\n|upkeep\n|turn|32\n|\n|t:|1732974316\n|move|p1a: Gogoat|Milk Drink|p1a: Gogoat\n|-heal|p1a: Gogoat|357/360\n|move|p2a: Hydrapple|Fickle Beam|p1a: Gogoat\n|-damage|p1a: Gogoat|263/360\n|\n|-heal|p1a: Gogoat|285/360|[from] item: Leftovers\n|upkeep\n|turn|33\n|\n|t:|1732974322\n|move|p1a: Gogoat|Earthquake|p2a: Hydrapple\n|-resisted|p2a: Hydrapple\n|-crit|p2a: Hydrapple\n|-damage|p2a: Hydrapple|0 fnt\n|faint|p2a: Hydrapple\n|\n|win|RoyalSketchbook\n|raw|RoyalSketchbook's rating: 1467 &rarr; <strong>1487</strong><br />(+20 for winning)\n|raw|pesticyanyde's rating: 1461 &rarr; <strong>1441</strong><br />(-20 for losing)\n|c|\u2606pesticyanyde|Gg bro\n|c|\u2606RoyalSketchbook|insane. gg brother have agood one\n", "inputlog": ">version b107d77f5c90bd6555267ae244a6264823309ead\n>start {\"formatid\":\"gen9randombattle\",\"seed\":[45288,35330,49238,19310],\"rated\":\"Rated battle\"}\n>player p1 {\"name\":\"RoyalSketchbook\",\"avatar\":\"burgh\",\"rating\":1467,\"seed\":[42026,12226,25571,49774]}\n>player p2 {\"name\":\"pesticyanyde\",\"avatar\":\"bugcatcher-gen4dp\",\"rating\":1461,\"seed\":[50646,9029,43499,8266]}\n>p1 move hornleech\n>p2 move quiverdance\n>p1 switch 3\n>p2 move quiverdance\n>p1 move gunkshot\n>p2 move sleeppowder\n>p1 switch 2\n>p2 move quiverdance\n>p1 move stoneedge\n>p2 move bugbuzz terastallize\n>p1 switch 6\n>p1 move bravebird\n>p2 move hurricane\n>p1 switch 5\n>p1 move outrage\n>p2 move bugbuzz\n>chat \u2606RoyalSketchbook|vivillon goated\n>p1 switch 4\n>chat \u2606pesticyanyde|Nah lol. It's quiver dance that reigns\n>p1 move psystrike terastallize\n>p2 move bugbuzz\n>p1 move psystrike\n>p2 move bugbuzz\n>p1 switch 2\n>p1 move overdrive\n>p2 move bugbuzz\n>p1 move overdrive\n>p2 move hurricane\n>p2 switch 3\n>p1 move gunkshot\n>p2 move shedtail\n>p2 switch 6\n>p1 move boomburst\n>p2 move psychic\n>p1 switch 3\n>p1 move hornleech\n>p2 switch 5\n>chat \u2606RoyalSketchbook|gg\n>p1 move bulkup\n>p2 move ficklebeam\n>chat \u2606pesticyanyde|Gg\n>p1 move bulkup\n>p2 move ficklebeam\n>chat \u2606pesticyanyde|I had a crazy team. Sorry. Double regen is nuts\n>p1 move milkdrink\n>p2 move ficklebeam\n>chat \u2606RoyalSketchbook|forreal. ah well tis the luck of the draw\n>p1 move bulkup\n>p2 move ficklebeam\n>p1 move milkdrink\n>p2 switch 6\n>p1 move earthquake\n>p2 move taunt\n>p2 switch 5\n>p1 move hornleech\n>p2 move psychic\n>p2 switch 4\n>p1 move hornleech\n>p2 move snowscape\n>chat \u2606pesticyanyde|Idk man. You may be able to bring it back lol\n>p1 move hornleech\n>p2 move iciclecrash\n>p1 move milkdrink\n>p2 move iciclecrash\n>chat \u2606pesticyanyde|I'm not doing any damage \n>p1 move hornleech\n>p2 move iciclecrash\n>p2 switch 2\n>p1 move hornleech\n>p2 move discharge\n>chat \u2606RoyalSketchbook|gogoat coming in clutch ???\n>p1 move earthquake\n>p2 move discharge\n>chat \u2606pesticyanyde|Gogoat=goGOAT\n>p2 switch 6\n>chat \u2606RoyalSketchbook|TRUE!!!!\n>p1 move hornleech\n>p2 move ficklebeam\n>p1 move earthquake\n>p2 move dragontail\n>p1 move earthquake\n>p2 move ficklebeam\n>p1 move milkdrink\n>p2 move ficklebeam\n>p1 move milkdrink\n>p2 move ficklebeam\n>p1 move earthquake\n>p2 move dragontail", "uploadtime": 1732974334, "views": 11, "formatid": "gen9randombattle", "rating": 1441, "private": 0, "password": null}