{"id": "gen9randombattle-2254070878", "format": "[Gen 9] Random Battle", "players": ["Doc freind", "Sealed Book"], "log": "|j|\u2606Doc freind\n|j|\u2606Sealed Book\n|t:|1732987602\n|gametype|singles\n|player|p1|Doc freind|brycenman|1367\n|player|p2|Sealed Book|lisia|1354\n|teamsize|p1|6\n|teamsize|p2|6\n|gen|9\n|tier|[Gen 9] Random Battle\n|rated|\n|rule|Species Clause: Limit one of each Pok\u00e9mon\n|rule|HP Percentage Mod: HP is shown in percentages\n|rule|Sleep Clause Mod: Limit one foe put to sleep\n|rule|Illusion Level Mod: Illusion disguises the Pok\u00e9mon's true level\n|\n|t:|1732987602\n|start\n|switch|p1a: Lanturn|Lanturn, L89, M|367/367\n|switch|p2a: Froslass|Froslass, L87, F|263/263\n|turn|1\n|inactive|Battle timer is ON: inactive players will automatically lose when time's up. (requested by Doc freind)\n|\n|t:|1732987624\n|move|p2a: Froslass|Poltergeist|p1a: Lanturn\n|-activate|p1a: Lanturn|move: Poltergeist|Choice Specs\n|-damage|p1a: Lanturn|225/367\n|move|p1a: Lanturn|Volt Switch|p2a: Froslass\n|-damage|p2a: Froslass|137/263\n|-start|p1a: Lanturn|Disable|Volt Switch|[from] ability: Cursed Body|[of] p2a: Froslass\n|\n|t:|1732987638\n|switch|p1a: Brute Bonnet|Brute Bonnet, L81|312/312|[from] Volt Switch\n|\n|upkeep\n|turn|2\n|\n|t:|1732987649\n|move|p2a: Froslass|Triple Axel|p1a: Brute Bonnet\n|-supereffective|p1a: Brute Bonnet\n|-damage|p1a: Brute Bonnet|270/312\n|-supereffective|p1a: Brute Bonnet\n|-damage|p1a: Brute Bonnet|198/312\n|-supereffective|p1a: Brute Bonnet\n|-damage|p1a: Brute Bonnet|94/312\n|-hitcount|p1a: Brute Bonnet|3\n|move|p1a: Brute Bonnet|Crunch|p2a: Froslass\n|-supereffective|p2a: Froslass\n|-damage|p2a: Froslass|0 fnt\n|faint|p2a: Froslass\n|\n|upkeep\n|inactive|Sealed Book has 120 seconds left.\n|\n|t:|1732987701\n|switch|p2a: Gliscor|Gliscor, L76, M|239/239\n|turn|3\n|inactive|Doc freind has 120 seconds left.\n|\n|t:|1732987741\n|-end|p1a: Brute Bonnet|Protosynthesis|[silent]\n|switch|p1a: Dipplin|Dipplin, L88, F|284/284\n|move|p2a: Gliscor|Substitute|p2a: Gliscor\n|-start|p2a: Gliscor|Substitute\n|-damage|p2a: Gliscor|180/239\n|\n|-status|p2a: Gliscor|tox|[from] item: Toxic Orb\n|upkeep\n|turn|4\n|inactive|Doc freind has 120 seconds left.\n|\n|t:|1732987747\n|move|p2a: Gliscor|Toxic|p1a: Dipplin\n|-status|p1a: Dipplin|tox\n|move|p1a: Dipplin|Giga Drain|p2a: Gliscor\n|-end|p2a: Gliscor|Substitute\n|\n|-heal|p2a: Gliscor|209/239 tox|[from] ability: Poison Heal\n|-damage|p1a: Dipplin|267/284 tox|[from] psn\n|upkeep\n|turn|5\n|\n|t:|1732987753\n|switch|p1a: Reuniclus|Reuniclus, L88, F|337/337\n|move|p2a: Gliscor|Substitute|p2a: Gliscor\n|-start|p2a: Gliscor|Substitute\n|-damage|p2a: Gliscor|150/239 tox\n|\n|-heal|p2a: Gliscor|179/239 tox|[from] ability: Poison Heal\n|upkeep\n|turn|6\n|inactive|Sealed Book has 120 seconds left.\n|\n|t:|1732987760\n|move|p2a: Gliscor|Protect|p2a: Gliscor\n|-singleturn|p2a: Gliscor|Protect\n|move|p1a: Reuniclus|Psyshock|p2a: Gliscor\n|-activate|p2a: Gliscor|move: Protect\n|\n|-heal|p2a: Gliscor|208/239 tox|[from] ability: Poison Heal\n|upkeep\n|turn|7\n|\n|t:|1732987764\n|move|p2a: Gliscor|Earthquake|p1a: Reuniclus\n|-damage|p1a: Reuniclus|249/337\n|move|p1a: Reuniclus|Psyshock|p2a: Gliscor\n|-end|p2a: Gliscor|Substitute\n|\n|-heal|p2a: Gliscor|237/239 tox|[from] ability: Poison Heal\n|upkeep\n|turn|8\n|\n|t:|1732987770\n|move|p2a: Gliscor|Earthquake|p1a: Reuniclus\n|-damage|p1a: Reuniclus|152/337\n|move|p1a: Reuniclus|Psyshock|p2a: Gliscor\n|-damage|p2a: Gliscor|112/239 tox\n|\n|-heal|p2a: Gliscor|141/239 tox|[from] ability: Poison Heal\n|upkeep\n|turn|9\n|\n|t:|1732987777\n|move|p2a: Gliscor|Earthquake|p1a: Reuniclus\n|-damage|p1a: Reuniclus|55/337\n|move|p1a: Reuniclus|Recover|p1a: Reuniclus\n|-heal|p1a: Reuniclus|224/337\n|\n|-heal|p2a: Gliscor|170/239 tox|[from] ability: Poison Heal\n|upkeep\n|turn|10\n|\n|t:|1732987784\n|move|p2a: Gliscor|Earthquake|p1a: Reuniclus\n|-damage|p1a: Reuniclus|130/337\n|move|p1a: Reuniclus|Psyshock|p2a: Gliscor\n|-damage|p2a: Gliscor|45/239 tox\n|\n|-heal|p2a: Gliscor|74/239 tox|[from] ability: Poison Heal\n|upkeep\n|turn|11\n|\n|t:|1732987795\n|move|p2a: Gliscor|Protect|p2a: Gliscor\n|-singleturn|p2a: Gliscor|Protect\n|move|p1a: Reuniclus|Psyshock|p2a: Gliscor\n|-activate|p2a: Gliscor|move: Protect\n|\n|-heal|p2a: Gliscor|103/239 tox|[from] ability: Poison Heal\n|upkeep\n|turn|12\n|\n|t:|1732987800\n|switch|p2a: Persian|Persian-Alola, L86, M|252/252\n|move|p1a: Reuniclus|Psyshock|p2a: Persian\n|-immune|p2a: Persian\n|\n|upkeep\n|turn|13\n|\n|t:|1732987806\n|switch|p1a: Brute Bonnet|Brute Bonnet, L81|94/312\n|move|p2a: Persian|Dark Pulse|p1a: Brute Bonnet\n|-resisted|p1a: Brute Bonnet\n|-damage|p1a: Brute Bonnet|46/312\n|-damage|p2a: Persian|227/252|[from] item: Life Orb\n|\n|upkeep\n|turn|14\n|\n|t:|1732987818\n|move|p1a: Brute Bonnet|Sucker Punch|p2a: Persian\n|-resisted|p2a: Persian\n|-damage|p2a: Persian|189/252\n|move|p2a: Persian|Dark Pulse|p1a: Brute Bonnet\n|-resisted|p1a: Brute Bonnet\n|-damage|p1a: Brute Bonnet|4/312\n|-damage|p2a: Persian|164/252|[from] item: Life Orb\n|\n|upkeep\n|turn|15\n|\n|t:|1732987828\n|move|p1a: Brute Bonnet|Sucker Punch||[still]\n|-fail|p1a: Brute Bonnet\n|move|p2a: Persian|Nasty Plot|p2a: Persian\n|-boost|p2a: Persian|spa|2\n|\n|upkeep\n|turn|16\n|\n|t:|1732987835\n|-end|p1a: Brute Bonnet|Protosynthesis|[silent]\n|switch|p1a: Hariyama|Hariyama, L87, F|392/392\n|move|p2a: Persian|Nasty Plot|p2a: Persian\n|-boost|p2a: Persian|spa|2\n|\n|-status|p1a: Hariyama|brn|[from] item: Flame Orb\n|upkeep\n|turn|17\n|\n|t:|1732987846\n|-terastallize|p2a: Persian|Fairy\n|move|p1a: Hariyama|Fake Out|p2a: Persian\n|-damage|p2a: Persian|130/252\n|cant|p2a: Persian|flinch\n|\n|-damage|p1a: Hariyama|368/392 brn|[from] brn\n|upkeep\n|turn|18\n|\n|t:|1732987852\n|switch|p1a: Brute Bonnet|Brute Bonnet, L81|4/312\n|move|p2a: Persian|Tera Blast|p1a: Brute Bonnet|[anim] Tera Blast Fairy\n|-supereffective|p1a: Brute Bonnet\n|-damage|p1a: Brute Bonnet|0 fnt\n|faint|p1a: Brute Bonnet\n|-end|p1a: Brute Bonnet|Protosynthesis|[silent]\n|-damage|p2a: Persian|105/252|[from] item: Life Orb\n|\n|upkeep\n|\n|t:|1732987857\n|switch|p1a: Hariyama|Hariyama, L87, F|368/392 brn\n|turn|19\n|\n|t:|1732987861\n|move|p1a: Hariyama|Fake Out|p2a: Persian\n|-damage|p2a: Persian|72/252\n|cant|p2a: Persian|flinch\n|\n|-damage|p1a: Hariyama|344/392 brn|[from] brn\n|upkeep\n|turn|20\n|\n|t:|1732987867\n|switch|p1a: Reuniclus|Reuniclus, L88, F|130/337\n|move|p2a: Persian|Tera Blast|p1a: Reuniclus|[anim] Tera Blast Fairy\n|-damage|p1a: Reuniclus|0 fnt\n|faint|p1a: Reuniclus\n|-damage|p2a: Persian|47/252|[from] item: Life Orb\n|\n|upkeep\n|c|\u2606Sealed Book|lmfao\n|\n|t:|1732987872\n|switch|p1a: Hariyama|Hariyama, L87, F|344/392 brn\n|turn|21\n|\n|t:|1732987876\n|move|p1a: Hariyama|Fake Out|p2a: Persian\n|-damage|p2a: Persian|10/252\n|cant|p2a: Persian|flinch\n|\n|-damage|p1a: Hariyama|320/392 brn|[from] brn\n|upkeep\n|turn|22\n|\n|t:|1732987883\n|switch|p1a: Lanturn|Lanturn, L89, M|225/367\n|move|p2a: Persian|Tera Blast|p1a: Lanturn|[anim] Tera Blast Fairy\n|-damage|p1a: Lanturn|0 fnt\n|faint|p1a: Lanturn\n|-damage|p2a: Persian|0 fnt|[from] item: Life Orb\n|faint|p2a: Persian\n|\n|upkeep\n|\n|t:|1732987889\n|switch|p2a: Gliscor|Gliscor, L76, M|103/239 tox\n|switch|p1a: Hariyama|Hariyama, L87, F|219/219\n|turn|23\n|c|\u2606Sealed Book|wow\n|c|\u2606Sealed Book|what could it be\n|\n|t:|1732987918\n|move|p1a: Hariyama|Nasty Plot|p1a: Hariyama\n|-boost|p1a: Hariyama|spa|2\n|move|p2a: Gliscor|Earthquake|p1a: Hariyama\n|-crit|p1a: Hariyama\n|-damage|p1a: Hariyama|56/219\n|replace|p1a: Zoroark|Zoroark-Hisui, L80, M\n|-end|p1a: Zoroark|Illusion\n|-hint|Illusion Level Mod is active, so this Pok\u00e9mon's true level was hidden.\n|\n|-heal|p2a: Gliscor|132/239 tox|[from] ability: Poison Heal\n|upkeep\n|turn|24\n|c|\u2606Sealed Book|omg\n|c|\u2606Doc freind|hmmmmmmm\n|inactive|Sealed Book has 120 seconds left.\n|\n|t:|1732987950\n|-terastallize|p1a: Zoroark|Normal\n|move|p1a: Zoroark|Hyper Voice|p2a: Gliscor\n|-damage|p2a: Gliscor|0 fnt\n|faint|p2a: Gliscor\n|-damage|p1a: Zoroark|35/219|[from] item: Life Orb\n|\n|upkeep\n|\n|t:|1732987954\n|switch|p2a: Bruxish|Bruxish, L85, F|254/254\n|turn|25\n|\n|t:|1732987961\n|move|p2a: Bruxish|Aqua Jet|p1a: Zoroark\n|-damage|p1a: Zoroark|0 fnt\n|faint|p1a: Zoroark\n|-damage|p2a: Bruxish|229/254|[from] item: Life Orb\n|\n|upkeep\n|\n|t:|1732987964\n|switch|p1a: Dipplin|Dipplin, L88, F|267/284 tox\n|turn|26\n|\n|t:|1732987972\n|switch|p2a: Pincurchin|Pincurchin, M|258/258\n|-fieldstart|move: Electric Terrain|[from] ability: Electric Surge|[of] p2a: Pincurchin\n|move|p1a: Dipplin|Giga Drain|p2a: Pincurchin\n|-damage|p2a: Pincurchin|186/258\n|-heal|p1a: Dipplin|284/284 tox|[from] drain|[of] p2a: Pincurchin\n|\n|-heal|p2a: Pincurchin|202/258|[from] item: Leftovers\n|-damage|p1a: Dipplin|267/284 tox|[from] psn\n|upkeep\n|turn|27\n|\n|t:|1732987977\n|move|p1a: Dipplin|Dragon Pulse|p2a: Pincurchin\n|-damage|p2a: Pincurchin|112/258\n|move|p2a: Pincurchin|Spikes|p1a: Dipplin\n|-sidestart|p1: Doc freind|Spikes\n|\n|-heal|p2a: Pincurchin|128/258|[from] item: Leftovers\n|-damage|p1a: Dipplin|233/284 tox|[from] psn\n|upkeep\n|turn|28\n|\n|t:|1732987980\n|move|p1a: Dipplin|Dragon Pulse|p2a: Pincurchin\n|-damage|p2a: Pincurchin|38/258\n|move|p2a: Pincurchin|Recover|p2a: Pincurchin\n|-heal|p2a: Pincurchin|167/258\n|\n|-heal|p2a: Pincurchin|183/258|[from] item: Leftovers\n|-damage|p1a: Dipplin|182/284 tox|[from] psn\n|upkeep\n|turn|29\n|\n|t:|1732987985\n|switch|p1a: Hariyama|Hariyama, L87, F|320/392 brn\n|-damage|p1a: Hariyama|271/392 brn|[from] Spikes\n|move|p2a: Pincurchin|Recover|p2a: Pincurchin\n|-heal|p2a: Pincurchin|258/258\n|\n|-damage|p1a: Hariyama|247/392 brn|[from] brn\n|upkeep\n|turn|30\n|\n|t:|1732987989\n|move|p1a: Hariyama|Fake Out|p2a: Pincurchin\n|-damage|p2a: Pincurchin|217/258\n|cant|p2a: Pincurchin|flinch\n|\n|-heal|p2a: Pincurchin|233/258|[from] item: Leftovers\n|-damage|p1a: Hariyama|223/392 brn|[from] brn\n|-fieldend|move: Electric Terrain\n|upkeep\n|turn|31\n|\n|t:|1732987992\n|move|p1a: Hariyama|Facade|p2a: Pincurchin\n|-damage|p2a: Pincurchin|73/258\n|move|p2a: Pincurchin|Discharge|p1a: Hariyama\n|-damage|p1a: Hariyama|72/392 brn\n|\n|-heal|p2a: Pincurchin|89/258|[from] item: Leftovers\n|-damage|p1a: Hariyama|48/392 brn|[from] brn\n|upkeep\n|turn|32\n|\n|t:|1732987999\n|move|p1a: Hariyama|Facade|p2a: Pincurchin\n|-damage|p2a: Pincurchin|0 fnt\n|faint|p2a: Pincurchin\n|\n|-damage|p1a: Hariyama|24/392 brn|[from] brn\n|upkeep\n|\n|t:|1732988004\n|switch|p2a: Bruxish|Bruxish, L85, F|229/254\n|turn|33\n|\n|t:|1732988008\n|move|p2a: Bruxish|Psychic Fangs|p1a: Hariyama\n|-supereffective|p1a: Hariyama\n|-damage|p1a: Hariyama|0 fnt\n|faint|p1a: Hariyama\n|-damage|p2a: Bruxish|204/254|[from] item: Life Orb\n|\n|upkeep\n|\n|t:|1732988012\n|switch|p1a: Dipplin|Dipplin, L88, F|182/284 tox\n|-damage|p1a: Dipplin|147/284 tox|[from] Spikes\n|turn|34\n|\n|t:|1732988015\n|move|p2a: Bruxish|Psychic Fangs|p1a: Dipplin\n|-damage|p1a: Dipplin|46/284 tox\n|-damage|p2a: Bruxish|179/254|[from] item: Life Orb\n|move|p1a: Dipplin|Giga Drain|p2a: Bruxish\n|-supereffective|p2a: Bruxish\n|-damage|p2a: Bruxish|0 fnt\n|-heal|p1a: Dipplin|136/284 tox|[from] drain|[of] p2a: Bruxish\n|faint|p2a: Bruxish\n|\n|-damage|p1a: Dipplin|119/284 tox|[from] psn\n|upkeep\n|\n|t:|1732988019\n|switch|p2a: Bronzong|Bronzong, L88|261/261\n|turn|35\n|\n|t:|1732988026\n|move|p1a: Dipplin|Sucker Punch|p2a: Bronzong\n|-supereffective|p2a: Bronzong\n|-damage|p2a: Bronzong|183/261\n|move|p2a: Bronzong|Body Press|p1a: Dipplin\n|-damage|p1a: Dipplin|77/284 tox\n|\n|-damage|p1a: Dipplin|43/284 tox|[from] psn\n|upkeep\n|turn|36\n|\n|t:|1732988038\n|move|p1a: Dipplin|Recover|p1a: Dipplin\n|-heal|p1a: Dipplin|185/284 tox\n|move|p2a: Bronzong|Iron Defense|p2a: Bronzong\n|-boost|p2a: Bronzong|def|2\n|\n|-damage|p1a: Dipplin|134/284 tox|[from] psn\n|upkeep\n|turn|37\n|\n|t:|1732988043\n|move|p1a: Dipplin|Giga Drain|p2a: Bronzong\n|-resisted|p2a: Bronzong\n|-damage|p2a: Bronzong|151/261\n|-heal|p1a: Dipplin|150/284 tox|[from] drain|[of] p2a: Bronzong\n|move|p2a: Bronzong|Body Press|p1a: Dipplin\n|-damage|p1a: Dipplin|72/284 tox\n|\n|-damage|p1a: Dipplin|4/284 tox|[from] psn\n|upkeep\n|turn|38\n|\n|t:|1732988048\n|move|p1a: Dipplin|Giga Drain|p2a: Bronzong\n|-resisted|p2a: Bronzong\n|-damage|p2a: Bronzong|117/261\n|-heal|p1a: Dipplin|21/284 tox|[from] drain|[of] p2a: Bronzong\n|move|p2a: Bronzong|Rest|p2a: Bronzong\n|-status|p2a: Bronzong|slp|[from] move: Rest\n|-heal|p2a: Bronzong|261/261 slp|[silent]\n|-enditem|p2a: Bronzong|Chesto Berry|[eat]\n|-curestatus|p2a: Bronzong|slp|[msg]\n|\n|-damage|p1a: Dipplin|0 fnt|[from] psn\n|faint|p1a: Dipplin\n|\n|win|Sealed Book\n|upkeep\n|raw|Doc freind's rating: 1367 &rarr; <strong>1346</strong><br />(-21 for losing)\n|raw|Sealed Book's rating: 1354 &rarr; <strong>1375</strong><br />(+21 for winning)\n|c|\u2606Doc freind|gg\n|l|\u2606Doc freind\n|player|p1|\n|c|\u2606Sealed Book|gg\n|c|\u2606Sealed Book|18 wins - 3 loses\n", "inputlog": ">version b107d77f5c90bd6555267ae244a6264823309ead\n>start {\"formatid\":\"gen9randombattle\",\"seed\":[38094,33052,29818,43019],\"rated\":\"Rated battle\"}\n>player p1 {\"name\":\"Doc freind\",\"avatar\":\"brycenman\",\"rating\":1367,\"seed\":[29190,18526,13028,59401]}\n>player p2 {\"name\":\"Sealed Book\",\"avatar\":\"lisia\",\"rating\":1354,\"seed\":[34480,26495,46765,21013]}\n>p1 move voltswitch\n>p2 move poltergeist\n>p1 switch 4\n>p1 move crunch\n>p2 move tripleaxel\n>p2 switch 2\n>p1 switch 2\n>p2 move substitute\n>p1 move gigadrain\n>p2 move toxic\n>p1 switch 3\n>p2 move substitute\n>p1 move psyshock\n>p2 move protect\n>p1 move psyshock\n>p2 move earthquake\n>p1 move psyshock\n>p2 move earthquake\n>p1 move recover\n>p2 move earthquake\n>p1 move psyshock\n>p2 move earthquake\n>p1 move psyshock\n>p2 move protect\n>p1 move psyshock\n>p2 switch 3\n>p1 switch 2\n>p2 move darkpulse\n>p1 move suckerpunch\n>p2 move darkpulse\n>p1 move suckerpunch\n>p2 move nastyplot\n>p1 switch 6\n>p2 move nastyplot\n>p1 move fakeout\n>p2 move terablast terastallize\n>p1 switch 6\n>p2 move terablast\n>p1 switch 6\n>p1 move fakeout\n>p2 move terablast\n>p1 switch 2\n>p2 move terablast\n>chat \u2606Sealed Book|lmfao\n>p1 switch 2\n>p1 move fakeout\n>p2 move terablast\n>p1 switch 4\n>p2 move terablast\n>p1 switch 5\n>p2 switch 3\n>chat \u2606Sealed Book|wow\n>chat \u2606Sealed Book|what could it be\n>p1 move nastyplot\n>p2 move earthquake\n>chat \u2606Sealed Book|omg\n>chat \u2606Doc freind|hmmmmmmm\n>p1 move hypervoice terastallize\n>p2 move earthquake\n>p2 switch 5\n>p1 move bittermalice\n>p2 move aquajet\n>p1 switch 3\n>p1 move gigadrain\n>p2 switch 6\n>p1 move dragonpulse\n>p2 move spikes\n>p1 move dragonpulse\n>p2 move recover\n>p1 switch 4\n>p2 move recover\n>p1 move fakeout\n>p2 move discharge\n>p1 move facade\n>p2 move discharge\n>p1 move facade\n>p2 move recover\n>p2 switch 6\n>p1 move knockoff\n>p2 move psychicfangs\n>p1 switch 4\n>p1 move gigadrain\n>p2 move psychicfangs\n>p2 switch 4\n>p1 move suckerpunch\n>p2 move bodypress\n>p1 move recover\n>p2 move irondefense\n>p1 move gigadrain\n>p2 move bodypress\n>p1 move gigadrain\n>p2 move rest", "uploadtime": 1732988070, "views": 1, "formatid": "gen9randombattle", "rating": 1346, "private": 0, "password": null}