{"id": "gen9randombattle-2253904118", "format": "[Gen 9] Random Battle", "players": ["Valenteddi", "auraitsitsd"], "log": "|j|\u2606Valenteddi\n|j|\u2606auraitsitsd\n|t:|1732960464\n|gametype|singles\n|player|p1|Valenteddi|alec-anime|1738\n|player|p2|auraitsitsd|170|1779\n|teamsize|p1|6\n|teamsize|p2|6\n|gen|9\n|tier|[Gen 9] Random Battle\n|rated|\n|rule|Species Clause: Limit one of each Pok\u00e9mon\n|rule|HP Percentage Mod: HP is shown in percentages\n|rule|Sleep Clause Mod: Limit one foe put to sleep\n|rule|Illusion Level Mod: Illusion disguises the Pok\u00e9mon's true level\n|\n|t:|1732960464\n|start\n|switch|p1a: Arceus|Arceus-Psychic, L69|280/280\n|switch|p2a: Dedenne|Dedenne, L88, F|261/261\n|turn|1\n|inactive|Battle timer is ON: inactive players will automatically lose when time's up. (requested by auraitsitsd)\n|\n|t:|1732960475\n|switch|p1a: Mamoswine|Mamoswine, L81, F|311/311\n|move|p2a: Dedenne|Super Fang|p1a: Mamoswine\n|-damage|p1a: Mamoswine|156/311\n|\n|upkeep\n|turn|2\n|\n|t:|1732960481\n|move|p2a: Dedenne|U-turn|p1a: Mamoswine\n|-damage|p1a: Mamoswine|117/311\n|\n|t:|1732960493\n|switch|p2a: Passimian|Passimian, L83, M|302/302|[from] U-turn\n|move|p1a: Mamoswine|Knock Off|p2a: Passimian\n|-resisted|p2a: Passimian\n|-damage|p2a: Passimian|246/302\n|-enditem|p2a: Passimian|Choice Band|[from] move: Knock Off|[of] p1a: Mamoswine\n|\n|upkeep\n|turn|3\n|\n|t:|1732960502\n|switch|p1a: Okidogi|Okidogi, L77, M|262/262\n|move|p2a: Passimian|Knock Off|p1a: Okidogi\n|-resisted|p1a: Okidogi\n|-damage|p1a: Okidogi|227/262\n|-enditem|p1a: Okidogi|Assault Vest|[from] move: Knock Off|[of] p2a: Passimian\n|\n|upkeep\n|turn|4\n|\n|t:|1732960508\n|move|p2a: Passimian|U-turn|p1a: Okidogi\n|-resisted|p1a: Okidogi\n|-damage|p1a: Okidogi|215/262\n|\n|t:|1732960513\n|switch|p2a: Mewtwo|Mewtwo, L72|272/272|[from] U-turn\n|-ability|p2a: Mewtwo|Unnerve\n|move|p1a: Okidogi|Psychic Fangs|p2a: Mewtwo\n|-resisted|p2a: Mewtwo\n|-damage|p2a: Mewtwo|237/272\n|-status|p2a: Mewtwo|tox|[from] ability: Toxic Chain|[of] p1a: Okidogi\n|\n|-damage|p2a: Mewtwo|220/272 tox|[from] psn\n|upkeep\n|turn|5\n|\n|t:|1732960518\n|switch|p1a: Mandibuzz|Mandibuzz, L85, F|326/326\n|move|p2a: Mewtwo|Psystrike|p1a: Mandibuzz\n|-immune|p1a: Mandibuzz\n|\n|-damage|p2a: Mewtwo|186/272 tox|[from] psn\n|upkeep\n|turn|6\n|\n|t:|1732960540\n|switch|p2a: Dedenne|Dedenne, L88, F|261/261\n|move|p1a: Mandibuzz|Foul Play|p2a: Dedenne\n|-resisted|p2a: Dedenne\n|-damage|p2a: Dedenne|213/261\n|\n|upkeep\n|turn|7\n|\n|t:|1732960565\n|switch|p1a: Okidogi|Okidogi, L77, M|215/262\n|move|p2a: Dedenne|Dazzling Gleam|p1a: Okidogi\n|-damage|p1a: Okidogi|128/262\n|\n|upkeep\n|turn|8\n|\n|t:|1732960575\n|move|p2a: Dedenne|Thunderbolt|p1a: Okidogi\n|-damage|p1a: Okidogi|22/262\n|move|p1a: Okidogi|Knock Off|p2a: Dedenne\n|-resisted|p2a: Dedenne\n|-damage|p2a: Dedenne|169/261\n|-enditem|p2a: Dedenne|Sitrus Berry|[from] move: Knock Off|[of] p1a: Okidogi\n|\n|upkeep\n|turn|9\n|\n|t:|1732960581\n|move|p2a: Dedenne|Thunderbolt|p1a: Okidogi\n|-damage|p1a: Okidogi|0 fnt\n|faint|p1a: Okidogi\n|\n|upkeep\n|\n|t:|1732960583\n|switch|p1a: Mamoswine|Mamoswine, L81, F|117/311\n|turn|10\n|\n|t:|1732960591\n|move|p2a: Dedenne|U-turn|p1a: Mamoswine\n|-crit|p1a: Mamoswine\n|-damage|p1a: Mamoswine|51/311\n|\n|t:|1732960594\n|switch|p2a: Mewtwo|Mewtwo, L72|186/272 tox|[from] U-turn\n|-ability|p2a: Mewtwo|Unnerve\n|move|p1a: Mamoswine|Earthquake|p2a: Mewtwo\n|-damage|p2a: Mewtwo|0 fnt\n|faint|p2a: Mewtwo\n|\n|upkeep\n|\n|t:|1732960597\n|switch|p2a: Dedenne|Dedenne, L88, F|169/261\n|turn|11\n|\n|t:|1732960608\n|move|p2a: Dedenne|Dazzling Gleam|p1a: Mamoswine\n|-damage|p1a: Mamoswine|0 fnt\n|faint|p1a: Mamoswine\n|\n|upkeep\n|\n|t:|1732960628\n|switch|p1a: Calyrex|Calyrex-Ice, L72|263/263\n|-ability|p1a: Calyrex|As One\n|-ability|p1a: Calyrex|Unnerve\n|turn|12\n|\n|t:|1732960650\n|move|p2a: Dedenne|Super Fang|p1a: Calyrex|[miss]\n|-miss|p2a: Dedenne|p1a: Calyrex\n|move|p1a: Calyrex|Agility|p1a: Calyrex\n|-boost|p1a: Calyrex|spe|2\n|\n|upkeep\n|turn|13\n|\n|t:|1732960662\n|move|p1a: Calyrex|High Horsepower|p2a: Dedenne\n|-supereffective|p2a: Dedenne\n|-damage|p2a: Dedenne|0 fnt\n|faint|p2a: Dedenne\n|-ability|p1a: Calyrex|Chilling Neigh|boost\n|-boost|p1a: Calyrex|atk|1\n|\n|upkeep\n|\n|t:|1732960682\n|switch|p2a: Kingdra|Kingdra, L84, M|263/263\n|turn|14\n|inactive|Valenteddi has 120 seconds left.\n|\n|t:|1732960712\n|move|p1a: Calyrex|Glacial Lance|p2a: Kingdra\n|-damage|p2a: Kingdra|70/263\n|move|p2a: Kingdra|Dragon Dance|p2a: Kingdra\n|-boost|p2a: Kingdra|atk|1\n|-boost|p2a: Kingdra|spe|1\n|\n|upkeep\n|turn|15\n|\n|t:|1732960717\n|move|p2a: Kingdra|Iron Head|p1a: Calyrex\n|-supereffective|p1a: Calyrex\n|-damage|p1a: Calyrex|133/263\n|-enditem|p1a: Calyrex|Weakness Policy\n|-boost|p1a: Calyrex|atk|2|[from] item: Weakness Policy\n|-boost|p1a: Calyrex|spa|2|[from] item: Weakness Policy\n|cant|p1a: Calyrex|flinch\n|\n|upkeep\n|turn|16\n|\n|t:|1732960724\n|move|p2a: Kingdra|Iron Head|p1a: Calyrex\n|-supereffective|p1a: Calyrex\n|-damage|p1a: Calyrex|0 fnt\n|faint|p1a: Calyrex\n|\n|upkeep\n|\n|t:|1732960735\n|switch|p1a: Arceus|Arceus-Psychic, L69|280/280\n|turn|17\n|\n|t:|1732960740\n|move|p2a: Kingdra|Outrage|p1a: Arceus\n|-damage|p1a: Arceus|96/280\n|move|p1a: Arceus|Body Press|p2a: Kingdra\n|-damage|p2a: Kingdra|23/263\n|\n|upkeep\n|turn|18\n|\n|t:|1732960745\n|move|p2a: Kingdra|Outrage|p1a: Arceus|[from]lockedmove\n|-damage|p1a: Arceus|0 fnt\n|faint|p1a: Arceus\n|-start|p2a: Kingdra|confusion|[fatigue]\n|-enditem|p2a: Kingdra|Lum Berry|[eat]\n|-end|p2a: Kingdra|confusion\n|\n|upkeep\n|\n|t:|1732960749\n|switch|p1a: Mandibuzz|Mandibuzz, L85, F|326/326\n|turn|19\n|\n|t:|1732960752\n|move|p2a: Kingdra|Outrage|p1a: Mandibuzz\n|-damage|p1a: Mandibuzz|176/326\n|move|p1a: Mandibuzz|Foul Play|p2a: Kingdra\n|-damage|p2a: Kingdra|0 fnt\n|faint|p2a: Kingdra\n|\n|upkeep\n|\n|t:|1732960756\n|switch|p2a: Cetitan|Cetitan, L82, M|413/413\n|turn|20\n|\n|t:|1732960760\n|move|p1a: Mandibuzz|Toxic|p2a: Cetitan\n|-status|p2a: Cetitan|tox\n|move|p2a: Cetitan|Icicle Crash|p1a: Mandibuzz|[miss]\n|-miss|p2a: Cetitan|p1a: Mandibuzz\n|\n|-damage|p2a: Cetitan|388/413 tox|[from] psn\n|upkeep\n|turn|21\n|\n|t:|1732960764\n|move|p1a: Mandibuzz|Roost|p1a: Mandibuzz\n|-heal|p1a: Mandibuzz|326/326\n|-singleturn|p1a: Mandibuzz|move: Roost\n|move|p2a: Cetitan|Icicle Crash|p1a: Mandibuzz\n|-damage|p1a: Mandibuzz|196/326\n|\n|-damage|p2a: Cetitan|338/413 tox|[from] psn\n|upkeep\n|turn|22\n|\n|t:|1732960771\n|move|p1a: Mandibuzz|Roost|p1a: Mandibuzz\n|-heal|p1a: Mandibuzz|326/326\n|-singleturn|p1a: Mandibuzz|move: Roost\n|move|p2a: Cetitan|Icicle Crash|p1a: Mandibuzz\n|-damage|p1a: Mandibuzz|196/326\n|\n|-damage|p2a: Cetitan|263/413 tox|[from] psn\n|upkeep\n|turn|23\n|\n|t:|1732960774\n|switch|p2a: Passimian|Passimian, L83, M|246/302\n|move|p1a: Mandibuzz|Roost|p1a: Mandibuzz\n|-heal|p1a: Mandibuzz|326/326\n|-singleturn|p1a: Mandibuzz|move: Roost\n|\n|upkeep\n|turn|24\n|\n|t:|1732960779\n|switch|p2a: Cetitan|Cetitan, L82, M|263/413 tox\n|move|p1a: Mandibuzz|Foul Play|p2a: Cetitan\n|-damage|p2a: Cetitan|119/413 tox\n|\n|-damage|p2a: Cetitan|94/413 tox|[from] psn\n|upkeep\n|turn|25\n|\n|t:|1732960785\n|move|p2a: Cetitan|Ice Shard|p1a: Mandibuzz\n|-supereffective|p1a: Mandibuzz\n|-damage|p1a: Mandibuzz|232/326\n|-damage|p2a: Cetitan|53/413 tox|[from] item: Life Orb\n|move|p1a: Mandibuzz|Foul Play|p2a: Cetitan\n|-damage|p2a: Cetitan|0 fnt\n|faint|p2a: Cetitan\n|\n|upkeep\n|\n|t:|1732960788\n|switch|p2a: Passimian|Passimian, L83, M|246/302\n|turn|26\n|\n|t:|1732960793\n|move|p1a: Mandibuzz|Foul Play|p2a: Passimian\n|-resisted|p2a: Passimian\n|-damage|p2a: Passimian|183/302\n|move|p2a: Passimian|Gunk Shot|p1a: Mandibuzz\n|-damage|p1a: Mandibuzz|143/326\n|-status|p1a: Mandibuzz|psn\n|\n|-damage|p1a: Mandibuzz|103/326 psn|[from] psn\n|upkeep\n|turn|27\n|\n|t:|1732960800\n|move|p1a: Mandibuzz|Roost|p1a: Mandibuzz\n|-heal|p1a: Mandibuzz|266/326 psn\n|-singleturn|p1a: Mandibuzz|move: Roost\n|move|p2a: Passimian|Close Combat|p1a: Mandibuzz\n|-supereffective|p1a: Mandibuzz\n|-damage|p1a: Mandibuzz|18/326 psn\n|-unboost|p2a: Passimian|def|1\n|-unboost|p2a: Passimian|spd|1\n|\n|-damage|p1a: Mandibuzz|0 fnt|[from] psn\n|faint|p1a: Mandibuzz\n|upkeep\n|\n|t:|1732960803\n|switch|p1a: Zoroark|Zoroark-Hisui, L80, F|219/219\n|turn|28\n|\n|t:|1732960809\n|-terastallize|p1a: Zoroark|Normal\n|move|p1a: Zoroark|Hyper Voice|p2a: Passimian\n|-damage|p2a: Passimian|0 fnt\n|faint|p2a: Passimian\n|\n|upkeep\n|\n|t:|1732960813\n|switch|p2a: Eelektross|Eelektross, L87, F|290/290\n|turn|29\n|\n|t:|1732960816\n|move|p1a: Zoroark|Hyper Voice|p2a: Eelektross\n|-damage|p2a: Eelektross|80/290\n|move|p2a: Eelektross|Knock Off|p1a: Zoroark\n|-damage|p1a: Zoroark|95/219\n|-enditem|p1a: Zoroark|Choice Specs|[from] move: Knock Off|[of] p2a: Eelektross\n|\n|-heal|p2a: Eelektross|98/290|[from] item: Leftovers\n|upkeep\n|turn|30\n|\n|t:|1732960820\n|move|p1a: Zoroark|Hyper Voice|p2a: Eelektross\n|-damage|p2a: Eelektross|0 fnt\n|faint|p2a: Eelektross\n|\n|win|Valenteddi\n|raw|Valenteddi's rating: 1738 &rarr; <strong>1760</strong><br />(+22 for winning)\n|raw|auraitsitsd's rating: 1779 &rarr; <strong>1757</strong><br />(-22 for losing)\n", "inputlog": ">version b107d77f5c90bd6555267ae244a6264823309ead\n>start {\"formatid\":\"gen9randombattle\",\"seed\":[4413,5502,47668,4683],\"rated\":\"Rated battle\"}\n>player p1 {\"name\":\"Valenteddi\",\"avatar\":\"alec-anime\",\"rating\":1738,\"seed\":[4114,12174,61083,23383]}\n>player p2 {\"name\":\"auraitsitsd\",\"avatar\":\"170\",\"rating\":1779,\"seed\":[9836,50508,11713,6183]}\n>p1 switch 3\n>p2 move superfang\n>p1 move knockoff\n>p2 move uturn\n>p2 switch 2\n>p1 switch 4\n>p2 move knockoff\n>p1 move psychicfangs\n>p2 move uturn\n>p2 switch 5\n>p1 switch 6\n>p2 move psystrike\n>p1 move foulplay\n>p2 switch 2\n>p1 switch 6\n>p2 move dazzlinggleam\n>p1 move knockoff\n>p2 move thunderbolt\n>p1 move gunkshot\n>p2 move thunderbolt\n>p1 switch 4\n>p1 move earthquake\n>p2 move uturn\n>p2 switch 2\n>p2 switch 2\n>p1 move earthquake\n>p2 move dazzlinggleam\n>p1 switch 2\n>p1 move agility\n>p2 move superfang\n>p1 move highhorsepower\n>p2 move uturn\n>p2 switch 3\n>p1 move glaciallance\n>p2 move dragondance\n>p1 move glaciallance\n>p2 move ironhead\n>p1 move glaciallance\n>p2 move ironhead\n>p1 switch 3\n>p1 move bodypress\n>p2 move outrage\n>p1 move recover\n>p2 move outrage\n>p1 switch 6\n>p1 move foulplay\n>p2 move outrage\n>p2 switch 6\n>p1 move toxic\n>p2 move iciclecrash\n>p1 move roost\n>p2 move iciclecrash\n>p1 move roost\n>p2 move iciclecrash\n>p1 move roost\n>p2 switch 5\n>p1 move foulplay\n>p2 switch 5\n>p1 move foulplay\n>p2 move iceshard\n>p2 switch 5\n>p1 move foulplay\n>p2 move gunkshot\n>p1 move roost\n>p2 move closecombat\n>p1 switch 5\n>p1 move hypervoice terastallize\n>p2 move knockoff\n>p2 switch 4\n>p1 move hypervoice\n>p2 move knockoff\n>p1 move hypervoice\n>p2 move drainpunch", "uploadtime": 1732960822, "views": 2, "formatid": "gen9randombattle", "rating": 1757, "private": 0, "password": null}