{"id": "gen9randombattle-2254141674", "format": "[Gen 9] Random Battle", "players": ["Axtell", "moyoeregtbest"], "log": "|j|\u2606Axtell\n|j|\u2606moyoeregtbest\n|t:|1732996334\n|gametype|singles\n|player|p1|Axtell|cynthia|1602\n|player|p2|moyoeregtbest|265|1585\n|teamsize|p1|6\n|teamsize|p2|6\n|gen|9\n|tier|[Gen 9] Random Battle\n|rated|\n|rule|Species Clause: Limit one of each Pok\u00e9mon\n|rule|HP Percentage Mod: HP is shown in percentages\n|rule|Sleep Clause Mod: Limit one foe put to sleep\n|rule|Illusion Level Mod: Illusion disguises the Pok\u00e9mon's true level\n|\n|t:|1732996334\n|start\n|switch|p1a: Hitmonlee|Hitmonlee, L85, M|224/224\n|switch|p2a: Feraligatr|Feraligatr, L79, F|264/264\n|turn|1\n|\n|t:|1732996340\n|move|p1a: Hitmonlee|Close Combat|p2a: Feraligatr\n|-damage|p2a: Feraligatr|108/264\n|-unboost|p1a: Hitmonlee|def|1\n|-unboost|p1a: Hitmonlee|spd|1\n|-enditem|p1a: Hitmonlee|White Herb\n|-clearnegativeboost|p1a: Hitmonlee|[silent]\n|move|p2a: Feraligatr|Dragon Dance|p2a: Feraligatr\n|-boost|p2a: Feraligatr|atk|1\n|-boost|p2a: Feraligatr|spe|1\n|\n|upkeep\n|turn|2\n|\n|t:|1732996348\n|move|p1a: Hitmonlee|Close Combat|p2a: Feraligatr\n|-damage|p2a: Feraligatr|0 fnt\n|-unboost|p1a: Hitmonlee|def|1\n|-unboost|p1a: Hitmonlee|spd|1\n|faint|p2a: Feraligatr\n|\n|upkeep\n|\n|t:|1732996354\n|switch|p2a: Honchkrow|Honchkrow, L86, F|312/312\n|turn|3\n|\n|t:|1732996366\n|move|p1a: Hitmonlee|Close Combat|p2a: Honchkrow\n|-damage|p2a: Honchkrow|108/312\n|-unboost|p1a: Hitmonlee|def|1\n|-unboost|p1a: Hitmonlee|spd|1\n|move|p2a: Honchkrow|Brave Bird|p1a: Hitmonlee\n|-supereffective|p1a: Hitmonlee\n|-damage|p1a: Hitmonlee|0 fnt\n|faint|p1a: Hitmonlee\n|-ability|p2a: Honchkrow|Moxie|boost\n|-boost|p2a: Honchkrow|atk|1\n|-damage|p2a: Honchkrow|34/312|[from] Recoil\n|\n|upkeep\n|\n|t:|1732996375\n|switch|p1a: Rillaboom|Rillaboom, L79, F|288/288\n|-fieldstart|move: Grassy Terrain|[from] ability: Grassy Surge|[of] p1a: Rillaboom\n|turn|4\n|\n|t:|1732996386\n|switch|p2a: Toxicroak|Toxicroak, L84, M|277/277\n|move|p1a: Rillaboom|Grassy Glide|p2a: Toxicroak\n|-resisted|p2a: Toxicroak\n|-damage|p2a: Toxicroak|215/277\n|-damage|p1a: Rillaboom|260/288|[from] item: Life Orb\n|\n|-heal|p2a: Toxicroak|232/277|[from] Grassy Terrain\n|-heal|p1a: Rillaboom|278/288|[from] Grassy Terrain\n|upkeep\n|turn|5\n|\n|t:|1732996398\n|move|p2a: Toxicroak|Swords Dance|p2a: Toxicroak\n|-boost|p2a: Toxicroak|atk|2\n|move|p1a: Rillaboom|Swords Dance|p1a: Rillaboom\n|-boost|p1a: Rillaboom|atk|2\n|\n|-heal|p2a: Toxicroak|249/277|[from] Grassy Terrain\n|-heal|p1a: Rillaboom|288/288|[from] Grassy Terrain\n|upkeep\n|turn|6\n|\n|t:|1732996408\n|move|p2a: Toxicroak|Gunk Shot|p1a: Rillaboom|[miss]\n|-miss|p2a: Toxicroak|p1a: Rillaboom\n|move|p1a: Rillaboom|Wood Hammer|p2a: Toxicroak\n|-resisted|p2a: Toxicroak\n|-crit|p2a: Toxicroak\n|-damage|p2a: Toxicroak|0 fnt\n|faint|p2a: Toxicroak\n|-damage|p1a: Rillaboom|206/288|[from] Recoil\n|-damage|p1a: Rillaboom|178/288|[from] item: Life Orb\n|\n|-heal|p1a: Rillaboom|196/288|[from] Grassy Terrain\n|upkeep\n|\n|t:|1732996416\n|switch|p2a: Cinccino|Cinccino, L83, M|260/260\n|turn|7\n|inactive|Battle timer is ON: inactive players will automatically lose when time's up. (requested by Axtell)\n|\n|t:|1732996419\n|-terastallize|p1a: Rillaboom|Grass\n|move|p1a: Rillaboom|Grassy Glide|p2a: Cinccino\n|-damage|p2a: Cinccino|0 fnt\n|faint|p2a: Cinccino\n|-damage|p1a: Rillaboom|168/288|[from] item: Life Orb\n|\n|-heal|p1a: Rillaboom|186/288|[from] Grassy Terrain\n|upkeep\n|\n|t:|1732996428\n|switch|p2a: Honchkrow|Honchkrow, L86, F|34/312\n|turn|8\n|\n|t:|1732996430\n|move|p1a: Rillaboom|Grassy Glide|p2a: Honchkrow\n|-resisted|p2a: Honchkrow\n|-damage|p2a: Honchkrow|0 fnt\n|faint|p2a: Honchkrow\n|-damage|p1a: Rillaboom|158/288|[from] item: Life Orb\n|\n|-heal|p1a: Rillaboom|176/288|[from] Grassy Terrain\n|-fieldend|move: Grassy Terrain\n|upkeep\n|\n|t:|1732996433\n|switch|p2a: Lunala|Lunala, L70|308/308\n|turn|9\n|\n|t:|1732996438\n|move|p1a: Rillaboom|Knock Off|p2a: Lunala\n|-supereffective|p2a: Lunala\n|-damage|p2a: Lunala|0 fnt\n|-enditem|p2a: Lunala|Leftovers|[from] move: Knock Off|[of] p1a: Rillaboom\n|faint|p2a: Lunala\n|-damage|p1a: Rillaboom|148/288|[from] item: Life Orb\n|\n|upkeep\n|-message|moyoeregtbest forfeited.\n|\n|win|Axtell\n|raw|Axtell's rating: 1602 &rarr; <strong>1621</strong><br />(+19 for winning)\n|raw|moyoeregtbest's rating: 1585 &rarr; <strong>1566</strong><br />(-19 for losing)\n|l|\u2606moyoeregtbest\n|player|p2|\n", "inputlog": ">version b107d77f5c90bd6555267ae244a6264823309ead\n>start {\"formatid\":\"gen9randombattle\",\"seed\":[50999,11275,11073,1209],\"rated\":\"Rated battle\"}\n>player p1 {\"name\":\"Axtell\",\"avatar\":\"cynthia\",\"rating\":1602,\"seed\":[50814,7710,59987,10047]}\n>player p2 {\"name\":\"moyoeregtbest\",\"avatar\":\"265\",\"rating\":1585,\"seed\":[60623,49178,2038,50849]}\n>p1 move closecombat\n>p2 move dragondance\n>p1 move closecombat\n>p2 move liquidation\n>p2 switch 4\n>p1 move closecombat\n>p2 move bravebird\n>p1 switch 3\n>p1 move grassyglide\n>p2 switch 2\n>p1 move swordsdance\n>p2 move swordsdance\n>p1 move woodhammer\n>p2 move gunkshot\n>p2 switch 6\n>p1 move grassyglide terastallize\n>p2 move tripleaxel\n>p2 switch 2\n>p1 move grassyglide\n>p2 move suckerpunch\n>p2 switch 3\n>p1 move knockoff\n>p2 move moongeistbeam\n>forcelose p2", "uploadtime": 1732996447, "views": 1, "formatid": "gen9randombattle", "rating": 1566, "private": 0, "password": null}