{"id": "gen9randombattle-2253809638", "format": "[Gen 9] Random Battle", "players": ["its_sky_88", "FurryFemboyLover"], "log": "|j|\u2606its_sky_88\n|j|\u2606FurryFemboyLover\n|t:|1732941640\n|gametype|singles\n|player|p1|its_sky_88|hilbert-wonderlauncher|\n|player|p2|FurryFemboyLover|2|\n|teamsize|p1|6\n|teamsize|p2|6\n|gen|9\n|tier|[Gen 9] Random Battle\n|rule|Species Clause: Limit one of each Pok\u00e9mon\n|rule|HP Percentage Mod: HP is shown in percentages\n|rule|Sleep Clause Mod: Limit one foe put to sleep\n|rule|Illusion Level Mod: Illusion disguises the Pok\u00e9mon's true level\n|\n|t:|1732941640\n|start\n|switch|p1a: Whiscash|Whiscash, L88, F|337/337\n|switch|p2a: Heatran|Heatran, L79, F|273/273\n|-item|p2a: Heatran|Air Balloon\n|turn|1\n|\n|t:|1732941796\n|switch|p2a: Whimsicott|Whimsicott, L85, M|241/241\n|move|p1a: Whiscash|Dragon Dance|p1a: Whiscash\n|-boost|p1a: Whiscash|atk|1\n|-boost|p1a: Whiscash|spe|1\n|\n|upkeep\n|turn|2\n|\n|t:|1732941846\n|move|p2a: Whimsicott|Stun Spore|p1a: Whiscash\n|-status|p1a: Whiscash|par\n|move|p1a: Whiscash|Stone Edge|p2a: Whimsicott|[miss]\n|-miss|p1a: Whiscash|p2a: Whimsicott\n|\n|upkeep\n|turn|3\n|\n|t:|1732941856\n|move|p2a: Whimsicott|Giga Drain|p1a: Whiscash\n|-supereffective|p1a: Whiscash\n|-damage|p1a: Whiscash|33/337 par\n|move|p1a: Whiscash|Stone Edge|p2a: Whimsicott\n|-damage|p2a: Whimsicott|108/241\n|-damage|p1a: Whiscash|0 fnt|[from] item: Life Orb\n|faint|p1a: Whiscash\n|\n|upkeep\n|\n|t:|1732941869\n|switch|p1a: Rabsca|Rabsca, L91, M|284/284\n|turn|4\n|\n|t:|1732941889\n|move|p2a: Whimsicott|Giga Drain|p1a: Rabsca\n|-resisted|p1a: Rabsca\n|-damage|p1a: Rabsca|257/284\n|-heal|p2a: Whimsicott|122/241|[from] drain|[of] p1a: Rabsca\n|move|p1a: Rabsca|Revival Blessing|p1a: Rabsca\n|\n|t:|1732941894\n|-heal|p1: Whiscash|168/337|[from] move: Revival Blessing\n|\n|upkeep\n|turn|5\n|\n|t:|1732941904\n|switch|p2a: Emboar|Emboar, L84, F|322/322\n|move|p1a: Rabsca|Bug Buzz|p2a: Emboar\n|-resisted|p2a: Emboar\n|-damage|p2a: Emboar|298/322\n|-unboost|p2a: Emboar|spd|1\n|\n|upkeep\n|turn|6\n|\n|t:|1732941916\n|switch|p2a: Giratina|Giratina, L75|349/349\n|-ability|p2a: Giratina|Pressure\n|move|p1a: Rabsca|Trick Room|p1a: Rabsca\n|-fieldstart|move: Trick Room|[of] p1a: Rabsca\n|\n|upkeep\n|turn|7\n|\n|t:|1732941925\n|switch|p2a: Emboar|Emboar, L84, F|298/322\n|move|p1a: Rabsca|Psychic|p2a: Emboar\n|-supereffective|p2a: Emboar\n|-damage|p2a: Emboar|80/322\n|-unboost|p2a: Emboar|spd|1\n|\n|upkeep\n|turn|8\n|\n|t:|1732941937\n|move|p1a: Rabsca|Psychic|p2a: Emboar\n|-supereffective|p2a: Emboar\n|-damage|p2a: Emboar|0 fnt\n|faint|p2a: Emboar\n|\n|upkeep\n|\n|t:|1732941945\n|switch|p2a: Giratina|Giratina, L75|349/349\n|-ability|p2a: Giratina|Pressure\n|turn|9\n|\n|t:|1732941951\n|move|p1a: Rabsca|Psychic|p2a: Giratina\n|-damage|p2a: Giratina|241/349\n|move|p2a: Giratina|Will-O-Wisp|p1a: Rabsca\n|-status|p1a: Rabsca|brn\n|-activate|p1a: Rabsca|ability: Synchronize\n|-status|p2a: Giratina|brn\n|\n|-heal|p2a: Giratina|262/349 brn|[from] item: Leftovers\n|-damage|p1a: Rabsca|240/284 brn|[from] brn\n|-damage|p2a: Giratina|241/349 brn|[from] brn\n|upkeep\n|turn|10\n|\n|t:|1732941975\n|move|p1a: Rabsca|Psychic|p2a: Giratina\n|-damage|p2a: Giratina|133/349 brn\n|move|p2a: Giratina|Shadow Ball|p1a: Rabsca\n|-supereffective|p1a: Rabsca\n|-damage|p1a: Rabsca|114/284 brn\n|\n|-heal|p2a: Giratina|154/349 brn|[from] item: Leftovers\n|-damage|p1a: Rabsca|97/284 brn|[from] brn\n|-damage|p2a: Giratina|133/349 brn|[from] brn\n|-fieldend|move: Trick Room\n|upkeep\n|turn|11\n|\n|t:|1732941988\n|move|p2a: Giratina|Shadow Ball|p1a: Rabsca\n|-supereffective|p1a: Rabsca\n|-damage|p1a: Rabsca|0 fnt\n|faint|p1a: Rabsca\n|\n|-heal|p2a: Giratina|154/349 brn|[from] item: Leftovers\n|-damage|p2a: Giratina|133/349 brn|[from] brn\n|upkeep\n|\n|t:|1732941998\n|switch|p1a: Whiscash|Whiscash, L88, F|168/337\n|turn|12\n|\n|t:|1732942016\n|switch|p2a: Chimecho|Chimecho, L94, F|293/293\n|move|p1a: Whiscash|Dragon Dance|p1a: Whiscash\n|-boost|p1a: Whiscash|atk|1\n|-boost|p1a: Whiscash|spe|1\n|\n|upkeep\n|turn|13\n|\n|t:|1732942032\n|move|p1a: Whiscash|Liquidation|p2a: Chimecho\n|-damage|p2a: Chimecho|121/293\n|-unboost|p2a: Chimecho|def|1\n|-damage|p1a: Whiscash|135/337|[from] item: Life Orb\n|move|p2a: Chimecho|Dazzling Gleam|p1a: Whiscash\n|-damage|p1a: Whiscash|64/337\n|\n|-heal|p2a: Chimecho|139/293|[from] item: Leftovers\n|upkeep\n|turn|14\n|\n|t:|1732942053\n|move|p1a: Whiscash|Liquidation|p2a: Chimecho\n|-damage|p2a: Chimecho|0 fnt\n|faint|p2a: Chimecho\n|-damage|p1a: Whiscash|31/337|[from] item: Life Orb\n|\n|upkeep\n|\n|t:|1732942062\n|switch|p2a: Whimsicott|Whimsicott, L85, M|122/241\n|turn|15\n|\n|t:|1732942068\n|move|p2a: Whimsicott|Giga Drain|p1a: Whiscash\n|-supereffective|p1a: Whiscash\n|-damage|p1a: Whiscash|0 fnt\n|-heal|p2a: Whimsicott|138/241|[from] drain|[of] p1a: Whiscash\n|faint|p1a: Whiscash\n|\n|upkeep\n|\n|t:|1732942075\n|switch|p1a: Ariados|Ariados, L95, F|287/287\n|turn|16\n|\n|t:|1732942083\n|switch|p2a: Heatran|Heatran, L79, F|273/273\n|-item|p2a: Heatran|Air Balloon\n|move|p1a: Ariados|Sticky Web|p2a: Heatran\n|-sidestart|p2: FurryFemboyLover|move: Sticky Web\n|\n|upkeep\n|turn|17\n|\n|t:|1732942093\n|move|p2a: Heatran|Lava Plume|p1a: Ariados\n|-supereffective|p1a: Ariados\n|-damage|p1a: Ariados|83/287\n|move|p1a: Ariados|Knock Off|p2a: Heatran\n|-damage|p2a: Heatran|195/273\n|-enditem|p2a: Heatran|Air Balloon\n|\n|upkeep\n|turn|18\n|\n|t:|1732942102\n|move|p2a: Heatran|Lava Plume|p1a: Ariados\n|-supereffective|p1a: Ariados\n|-damage|p1a: Ariados|0 fnt\n|faint|p1a: Ariados\n|\n|upkeep\n|\n|t:|1732942112\n|switch|p1a: Mightyena|Mightyena, L95, F|287/287\n|-ability|p1a: Mightyena|Intimidate|boost\n|-unboost|p2a: Heatran|atk|1\n|turn|19\n|\n|t:|1732942120\n|move|p1a: Mightyena|Play Rough|p2a: Heatran\n|-resisted|p2a: Heatran\n|-damage|p2a: Heatran|179/273\n|move|p2a: Heatran|Stealth Rock|p1a: Mightyena\n|-sidestart|p1: its_sky_88|move: Stealth Rock\n|\n|upkeep\n|turn|20\n|\n|t:|1732942135\n|move|p1a: Mightyena|Crunch|p2a: Heatran\n|-damage|p2a: Heatran|82/273\n|-unboost|p2a: Heatran|def|1\n|move|p2a: Heatran|Heavy Slam|p1a: Mightyena\n|-damage|p1a: Mightyena|220/287\n|\n|upkeep\n|turn|21\n|\n|t:|1732942170\n|move|p1a: Mightyena|Crunch|p2a: Heatran\n|-damage|p2a: Heatran|0 fnt\n|faint|p2a: Heatran\n|\n|upkeep\n|\n|t:|1732942201\n|switch|p2a: Whimsicott|Whimsicott, L85, M|138/241\n|turn|22\n|\n|t:|1732942207\n|move|p2a: Whimsicott|Moonblast|p1a: Mightyena\n|-supereffective|p1a: Mightyena\n|-damage|p1a: Mightyena|74/287\n|move|p1a: Mightyena|Crunch|p2a: Whimsicott\n|-resisted|p2a: Whimsicott\n|-damage|p2a: Whimsicott|84/241\n|\n|upkeep\n|turn|23\n|\n|t:|1732942214\n|move|p2a: Whimsicott|Moonblast|p1a: Mightyena\n|-supereffective|p1a: Mightyena\n|-damage|p1a: Mightyena|0 fnt\n|faint|p1a: Mightyena\n|\n|upkeep\n|\n|t:|1732942219\n|switch|p1a: Latias|Latias, L79, F|256/256\n|-damage|p1a: Latias|224/256|[from] Stealth Rock\n|turn|24\n|\n|t:|1732942252\n|move|p2a: Whimsicott|Stun Spore|p1a: Latias\n|-status|p1a: Latias|par\n|move|p1a: Latias|Calm Mind|p1a: Latias\n|-boost|p1a: Latias|spa|1\n|-boost|p1a: Latias|spd|1\n|\n|upkeep\n|turn|25\n|\n|t:|1732942258\n|move|p2a: Whimsicott|Moonblast|p1a: Latias\n|-supereffective|p1a: Latias\n|-damage|p1a: Latias|126/256 par\n|-unboost|p1a: Latias|spa|1\n|move|p1a: Latias|Psyshock|p2a: Whimsicott\n|-damage|p2a: Whimsicott|0 fnt\n|faint|p2a: Whimsicott\n|\n|upkeep\n|\n|t:|1732942269\n|switch|p2a: Houndstone|Houndstone, L86, M|264/264\n|-activate|p2a: Houndstone|move: Sticky Web\n|-unboost|p2a: Houndstone|spe|1\n|turn|26\n|\n|t:|1732942279\n|-terastallize|p2a: Houndstone|Fighting\n|move|p2a: Houndstone|Body Press|p1a: Latias\n|-resisted|p1a: Latias\n|-damage|p1a: Latias|78/256 par\n|cant|p1a: Latias|par\n|\n|upkeep\n|turn|27\n|\n|t:|1732942293\n|move|p2a: Houndstone|Body Press|p1a: Latias\n|-resisted|p1a: Latias\n|-damage|p1a: Latias|30/256 par\n|move|p1a: Latias|Psyshock|p2a: Houndstone\n|-supereffective|p2a: Houndstone\n|-damage|p2a: Houndstone|76/264\n|\n|upkeep\n|turn|28\n|\n|t:|1732942299\n|move|p2a: Houndstone|Play Rough|p1a: Latias\n|-supereffective|p1a: Latias\n|-damage|p1a: Latias|0 fnt\n|faint|p1a: Latias\n|\n|upkeep\n|\n|t:|1732942306\n|switch|p1a: Dudunsparce|Dudunsparce, L83, M|343/343\n|-damage|p1a: Dudunsparce|301/343|[from] Stealth Rock\n|turn|29\n|\n|t:|1732942330\n|-terastallize|p1a: Dudunsparce|Ghost\n|move|p1a: Dudunsparce|Calm Mind|p1a: Dudunsparce\n|-boost|p1a: Dudunsparce|spa|1\n|-boost|p1a: Dudunsparce|spd|1\n|move|p2a: Houndstone|Poltergeist|p1a: Dudunsparce\n|-activate|p1a: Dudunsparce|move: Poltergeist|Leftovers\n|-supereffective|p1a: Dudunsparce\n|-damage|p1a: Dudunsparce|23/343\n|-ability|p1a: Dudunsparce|Rattled|boost\n|-boost|p1a: Dudunsparce|spe|1\n|\n|-heal|p1a: Dudunsparce|44/343|[from] item: Leftovers\n|upkeep\n|turn|30\n|\n|t:|1732942343\n|move|p1a: Dudunsparce|Boomburst|p2a: Houndstone\n|-damage|p2a: Houndstone|0 fnt\n|faint|p2a: Houndstone\n|\n|-heal|p1a: Dudunsparce|65/343|[from] item: Leftovers\n|upkeep\n|\n|t:|1732942348\n|switch|p2a: Giratina|Giratina, L75|133/349 brn\n|-activate|p2a: Giratina|move: Sticky Web\n|-unboost|p2a: Giratina|spe|1\n|-ability|p2a: Giratina|Pressure\n|turn|31\n|\n|t:|1732942362\n|move|p1a: Dudunsparce|Shadow Ball|p2a: Giratina\n|-supereffective|p2a: Giratina\n|-damage|p2a: Giratina|0 fnt\n|faint|p2a: Giratina\n|\n|win|its_sky_88\n", "inputlog": ">version b107d77f5c90bd6555267ae244a6264823309ead\n>start {\"formatid\":\"gen9randombattle\",\"seed\":[50898,1865,53707,8937]}\n>player p1 {\"name\":\"its_sky_88\",\"avatar\":\"hilbert-wonderlauncher\",\"rating\":0,\"seed\":[18849,21792,49888,42576]}\n>player p2 {\"name\":\"FurryFemboyLover\",\"avatar\":\"2\",\"rating\":0,\"seed\":[45701,13787,35910,48655]}\n>p1 move dragondance\n>p2 switch 2\n>p1 move stoneedge\n>p2 move stunspore\n>p1 move stoneedge\n>p2 move gigadrain\n>p1 switch 6\n>p1 move revivalblessing\n>p2 move gigadrain\n>p1 switch 6\n>p1 move bugbuzz\n>p2 switch 6\n>p1 move trickroom\n>p2 switch 5\n>p1 move psychic\n>p2 switch 5\n>p1 move psychic\n>p2 move flareblitz\n>p2 switch 5\n>p1 move psychic\n>p2 move willowisp\n>p1 move psychic\n>p2 move shadowball\n>p1 move psychic\n>p2 move shadowball\n>p1 switch 6\n>p1 move dragondance\n>p2 switch 4\n>p1 move liquidation\n>p2 move dazzlinggleam\n>p1 move liquidation\n>p2 move dazzlinggleam\n>p2 switch 6\n>p1 move stoneedge\n>p2 move gigadrain\n>p1 switch 4\n>p1 move stickyweb\n>p2 switch 2\n>p1 move knockoff\n>p2 move lavaplume\n>p1 move poisonjab\n>p2 move lavaplume\n>p1 switch 2\n>p1 move playrough\n>p2 move stealthrock\n>p1 move crunch\n>p2 move heavyslam\n>p1 move crunch\n>p2 move earthpower\n>p2 switch 2\n>p1 move crunch\n>p2 move moonblast\n>p1 move poisonfang\n>p2 move moonblast\n>p1 switch 5\n>p1 move calmmind\n>p2 move stunspore\n>p1 move psyshock\n>p2 move moonblast\n>p2 switch 3\n>p1 move dracometeor\n>p2 move bodypress terastallize\n>p1 move psyshock\n>p2 move bodypress\n>p1 move psyshock\n>p2 move playrough\n>p1 switch 3\n>p1 move calmmind terastallize\n>p2 move poltergeist\n>p1 move boomburst\n>p2 move playrough\n>p2 switch 4\n>p1 move shadowball\n>p2 move shadowball", "uploadtime": 1732942389, "views": 21, "formatid": "gen9randombattle", "rating": null, "private": 0, "password": null}