{"id": "gen9randombattle-2253927166", "format": "[Gen 9] Random Battle", "players": ["Ezrot", "natsudarganell"], "log": "|j|\u2606Ezrot\n|j|\u2606natsudarganell\n|t:|1732965477\n|gametype|singles\n|player|p1|Ezrot|169|1217\n|player|p2|natsudarganell|169|1169\n|teamsize|p1|6\n|teamsize|p2|6\n|gen|9\n|tier|[Gen 9] Random Battle\n|rated|\n|rule|Species Clause: Limit one of each Pok\u00e9mon\n|rule|HP Percentage Mod: HP is shown in percentages\n|rule|Sleep Clause Mod: Limit one foe put to sleep\n|rule|Illusion Level Mod: Illusion disguises the Pok\u00e9mon's true level\n|\n|t:|1732965477\n|start\n|switch|p1a: Sawsbuck|Sawsbuck-Winter, L88, M|284/284\n|switch|p2a: Tatsugiri|Tatsugiri, L87, M|260/260\n|turn|1\n|inactive|Battle timer is ON: inactive players will automatically lose when time's up. (requested by Ezrot)\n|\n|t:|1732965503\n|move|p1a: Sawsbuck|Swords Dance|p1a: Sawsbuck\n|-boost|p1a: Sawsbuck|atk|2\n|move|p2a: Tatsugiri|Nasty Plot|p2a: Tatsugiri\n|-boost|p2a: Tatsugiri|spa|2\n|\n|upkeep\n|turn|2\n|\n|t:|1732965516\n|move|p1a: Sawsbuck|Double-Edge|p2a: Tatsugiri\n|-damage|p2a: Tatsugiri|0 fnt\n|faint|p2a: Tatsugiri\n|-damage|p1a: Sawsbuck|198/284|[from] Recoil\n|-damage|p1a: Sawsbuck|170/284|[from] item: Life Orb\n|\n|upkeep\n|c|\u2606natsudarganell|N1\n|\n|t:|1732965531\n|switch|p2a: Swanna|Swanna, L88, M|275/275\n|turn|3\n|\n|t:|1732965541\n|-terastallize|p1a: Sawsbuck|Normal\n|move|p2a: Swanna|Brave Bird|p1a: Sawsbuck\n|-damage|p1a: Sawsbuck|23/284\n|-damage|p2a: Swanna|226/275|[from] Recoil\n|move|p1a: Sawsbuck|Double-Edge|p2a: Swanna\n|-damage|p2a: Swanna|0 fnt\n|faint|p2a: Swanna\n|-damage|p1a: Sawsbuck|0 fnt|[from] Recoil\n|faint|p1a: Sawsbuck\n|\n|upkeep\n|c|\u2606natsudarganell|HAVE U SEEN ARCANE\n|c|\u2606natsudarganell|JINX OR VI\n|inactive|natsudarganell has 120 seconds left.\n|\n|t:|1732965578\n|switch|p2a: Venomoth|Venomoth, L84, F|255/255\n|switch|p1a: Inteleon|Inteleon, L81, F|246/246\n|turn|4\n|inactive|natsudarganell has 120 seconds left.\n|\n|t:|1732965586\n|move|p1a: Inteleon|U-turn|p2a: Venomoth\n|-resisted|p2a: Venomoth\n|-damage|p2a: Venomoth|227/255\n|\n|t:|1732965591\n|switch|p1a: Ogerpon|Ogerpon-Hearthflame, L74, F|239/239|[from] U-turn\n|-ability|p1a: Ogerpon|Mold Breaker\n|move|p2a: Venomoth|Sleep Powder|p1a: Ogerpon\n|-immune|p1a: Ogerpon\n|\n|upkeep\n|turn|5\n|inactive|natsudarganell has 120 seconds left.\n|\n|t:|1732965606\n|switch|p2a: Comfey|Comfey, L85, F|225/225\n|move|p1a: Ogerpon|Ivy Cudgel|p2a: Comfey|[anim] Ivy Cudgel Fire\n|-damage|p2a: Comfey|113/225\n|\n|-heal|p2a: Comfey|127/225|[from] item: Leftovers\n|upkeep\n|turn|6\n|inactive|natsudarganell has 120 seconds left.\n|c|\u2606natsudarganell|THAT HURT\n|inactive|Ezrot has 120 seconds left.\n|c|\u2606Ezrot|Fuck jinx and vi\n|c|\u2606Ezrot|Glorious Evolution all the way\n|\n|t:|1732965650\n|move|p2a: Comfey|Draining Kiss|p1a: Ogerpon\n|-resisted|p1a: Ogerpon\n|-damage|p1a: Ogerpon|214/239\n|-heal|p2a: Comfey|146/225|[from] drain|[of] p1a: Ogerpon\n|move|p1a: Ogerpon|Swords Dance|p1a: Ogerpon\n|-boost|p1a: Ogerpon|atk|2\n|\n|-heal|p2a: Comfey|160/225|[from] item: Leftovers\n|upkeep\n|turn|7\n|n|!natsudarganell|natsudarganell\n|\n|t:|1732965679\n|move|p2a: Comfey|Draining Kiss|p1a: Ogerpon\n|-resisted|p1a: Ogerpon\n|-damage|p1a: Ogerpon|187/239\n|-heal|p2a: Comfey|180/225|[from] drain|[of] p1a: Ogerpon\n|move|p1a: Ogerpon|Ivy Cudgel|p2a: Comfey|[anim] Ivy Cudgel Fire\n|-damage|p2a: Comfey|0 fnt\n|faint|p2a: Comfey\n|\n|upkeep\n|inactive|natsudarganell has 90 seconds left.\n|\n|t:|1732965696\n|switch|p2a: Smeargle|Smeargle, L95, F|258/258\n|turn|8\n|inactive|natsudarganell has 90 seconds left.\n|\n|t:|1732965706\n|move|p1a: Ogerpon|Horn Leech|p2a: Smeargle\n|-damage|p2a: Smeargle|0 fnt\n|-heal|p1a: Ogerpon|239/239|[from] drain|[of] p2a: Smeargle\n|faint|p2a: Smeargle\n|\n|upkeep\n|inactive|natsudarganell has 90 seconds left.\n|\n|t:|1732965716\n|switch|p2a: Ninetales|Ninetales-Alola, L78, M|242/242\n|-weather|Snow|[from] ability: Snow Warning|[of] p2a: Ninetales\n|turn|9\n|inactive|natsudarganell has 90 seconds left.\n|\n|t:|1732965729\n|-terastallize|p2a: Ninetales|Water\n|move|p2a: Ninetales|Moonblast|p1a: Ogerpon\n|-resisted|p1a: Ogerpon\n|-damage|p1a: Ogerpon|196/239\n|-unboost|p1a: Ogerpon|spa|1\n|move|p1a: Ogerpon|Ivy Cudgel|p2a: Ninetales|[anim] Ivy Cudgel Fire\n|-resisted|p2a: Ninetales\n|-damage|p2a: Ninetales|92/242\n|\n|-weather|Snow|[upkeep]\n|upkeep\n|turn|10\n|inactive|natsudarganell has 90 seconds left.\n|\n|t:|1732965743\n|move|p2a: Ninetales|Moonblast|p1a: Ogerpon\n|-resisted|p1a: Ogerpon\n|-damage|p1a: Ogerpon|157/239\n|move|p1a: Ogerpon|Horn Leech|p2a: Ninetales\n|-supereffective|p2a: Ninetales\n|-crit|p2a: Ninetales\n|-damage|p2a: Ninetales|0 fnt\n|-heal|p1a: Ogerpon|203/239|[from] drain|[of] p2a: Ninetales\n|faint|p2a: Ninetales\n|\n|-weather|Snow|[upkeep]\n|upkeep\n|\n|t:|1732965750\n|switch|p2a: Venomoth|Venomoth, L84, F|227/255\n|turn|11\n|inactive|natsudarganell has 90 seconds left.\n|\n|t:|1732965757\n|move|p1a: Ogerpon|Ivy Cudgel|p2a: Venomoth|[anim] Ivy Cudgel Fire\n|-supereffective|p2a: Venomoth\n|-damage|p2a: Venomoth|0 fnt\n|faint|p2a: Venomoth\n|\n|win|Ezrot\n", "inputlog": ">version b107d77f5c90bd6555267ae244a6264823309ead\n>start {\"formatid\":\"gen9randombattle\",\"seed\":[372,31014,41848,45537],\"rated\":\"Rated battle\"}\n>player p1 {\"name\":\"Ezrot\",\"avatar\":\"169\",\"rating\":1217,\"seed\":[5954,4899,32185,14827]}\n>player p2 {\"name\":\"natsudarganell\",\"avatar\":\"169\",\"rating\":1169,\"seed\":[23653,10842,14224,29411]}\n>p1 move swordsdance\n>p2 move nastyplot\n>p1 move doubleedge\n>p2 move dracometeor\n>chat \u2606natsudarganell|N1\n>p2 switch 2\n>p1 move doubleedge terastallize\n>p2 move bravebird\n>chat \u2606natsudarganell|HAVE U SEEN ARCANE\n>chat \u2606natsudarganell|JINX OR VI\n>p1 switch 3\n>p2 switch 6\n>p1 move uturn\n>p2 move sleeppowder\n>p1 switch 6\n>p1 move ivycudgel\n>p2 switch 3\n>chat \u2606natsudarganell|THAT HURT\n>chat \u2606Ezrot|Fuck jinx and vi\n>chat \u2606Ezrot|Glorious Evolution all the way\n>p1 move swordsdance\n>p2 move drainingkiss\n>chat \u2606natsudarganell|BRUH FUCK U\n>p1 move ivycudgel\n>p2 move drainingkiss\n>p2 switch 5\n>p1 move hornleech\n>p2 move spore\n>p2 switch 4\n>p1 move ivycudgel\n>p2 move moonblast terastallize\n>p1 move hornleech\n>p2 move moonblast\n>p2 switch 3\n>p1 move ivycudgel\n>p2 move sludgewave", "uploadtime": 1732965637, "views": 1, "formatid": "gen9randombattle", "rating": null, "private": 0, "password": null}