{"id": "gen9randombattle-2254017742", "format": "[Gen 9] Random Battle", "players": ["pokemaster2165", "waiting4patients"], "log": "|j|\u2606pokemaster2165\n|j|\u2606waiting4patients\n|t:|1732980607\n|gametype|singles\n|player|p1|pokemaster2165|102|1427\n|player|p2|waiting4patients|doctor|1392\n|teamsize|p1|6\n|teamsize|p2|6\n|gen|9\n|tier|[Gen 9] Random Battle\n|rated|\n|rule|Species Clause: Limit one of each Pok\u00e9mon\n|rule|HP Percentage Mod: HP is shown in percentages\n|rule|Sleep Clause Mod: Limit one foe put to sleep\n|rule|Illusion Level Mod: Illusion disguises the Pok\u00e9mon's true level\n|\n|t:|1732980607\n|start\n|switch|p1a: Arboliva|Arboliva, L91, F|290/290\n|switch|p2a: Mimikyu|Mimikyu, L79, F|216/216\n|turn|1\n|inactive|Battle timer is ON: inactive players will automatically lose when time's up. (requested by waiting4patients)\n|\n|t:|1732980624\n|switch|p2a: Toxtricity|Toxtricity, L82, M|257/257\n|move|p1a: Arboliva|Earth Power|p2a: Toxtricity\n|-supereffective|p2a: Toxtricity\n|-damage|p2a: Toxtricity|0 fnt\n|faint|p2a: Toxtricity\n|\n|upkeep\n|\n|t:|1732980630\n|switch|p2a: Porygon-Z|Porygon-Z, L83|277/277\n|turn|2\n|\n|t:|1732980640\n|move|p2a: Porygon-Z|Nasty Plot|p2a: Porygon-Z\n|-boost|p2a: Porygon-Z|spa|2\n|move|p1a: Arboliva|Energy Ball|p2a: Porygon-Z\n|-damage|p2a: Porygon-Z|121/277\n|\n|upkeep\n|turn|3\n|c|\u2606waiting4patients|Awfull move\n|\n|t:|1732980658\n|switch|p1a: Sandslash|Sandslash-Alola, L88, M|275/275\n|-terastallize|p2a: Porygon-Z|Fighting\n|move|p2a: Porygon-Z|Tera Blast|p1a: Sandslash|[anim] Tera Blast Fighting\n|-supereffective|p1a: Sandslash\n|-damage|p1a: Sandslash|0 fnt\n|faint|p1a: Sandslash\n|-damage|p2a: Porygon-Z|94/277|[from] item: Life Orb\n|\n|upkeep\n|\n|t:|1732980672\n|switch|p1a: Overqwil|Overqwil, L82, F|274/274\n|-ability|p1a: Overqwil|Intimidate|boost\n|-unboost|p2a: Porygon-Z|atk|1\n|turn|4\n|\n|t:|1732980680\n|move|p2a: Porygon-Z|Tera Blast|p1a: Overqwil|[anim] Tera Blast Fighting\n|-damage|p1a: Overqwil|0 fnt\n|faint|p1a: Overqwil\n|-damage|p2a: Porygon-Z|67/277|[from] item: Life Orb\n|\n|upkeep\n|\n|t:|1732980686\n|switch|p1a: Arboliva|Arboliva, L91, F|290/290\n|turn|5\n|\n|t:|1732980689\n|switch|p1a: Sinistcha|Sinistcha, L83|254/254\n|move|p2a: Porygon-Z|Tera Blast|p1a: Sinistcha|[anim] Tera Blast Fighting\n|-immune|p1a: Sinistcha\n|\n|upkeep\n|turn|6\n|\n|t:|1732980696\n|move|p2a: Porygon-Z|Shadow Ball|p1a: Sinistcha\n|-supereffective|p1a: Sinistcha\n|-damage|p1a: Sinistcha|0 fnt\n|faint|p1a: Sinistcha\n|-damage|p2a: Porygon-Z|40/277|[from] item: Life Orb\n|\n|upkeep\n|\n|t:|1732980700\n|switch|p1a: Sandaconda|Sandaconda, L84, M|258/258\n|turn|7\n|\n|t:|1732980704\n|move|p2a: Porygon-Z|Tera Blast|p1a: Sandaconda|[anim] Tera Blast Fighting\n|-damage|p1a: Sandaconda|0 fnt\n|faint|p1a: Sandaconda\n|-damage|p2a: Porygon-Z|13/277|[from] item: Life Orb\n|\n|upkeep\n|\n|t:|1732980708\n|switch|p1a: Regirock|Regirock, L83|268/268\n|turn|8\n|\n|t:|1732980711\n|move|p2a: Porygon-Z|Tera Blast|p1a: Regirock|[anim] Tera Blast Fighting\n|-supereffective|p1a: Regirock\n|-damage|p1a: Regirock|0 fnt\n|faint|p1a: Regirock\n|-damage|p2a: Porygon-Z|0 fnt|[from] item: Life Orb\n|faint|p2a: Porygon-Z\n|\n|upkeep\n|c|\u2606waiting4patients|Lol\n|\n|t:|1732980725\n|switch|p2a: Smeargle|Smeargle, L95, M|258/258\n|switch|p1a: Arboliva|Arboliva, L91, F|290/290\n|turn|9\n|c|\u2606pokemaster2165|lol\n|\n|t:|1732980731\n|move|p2a: Smeargle|Shell Smash|p2a: Smeargle\n|-unboost|p2a: Smeargle|def|1\n|-unboost|p2a: Smeargle|spd|1\n|-boost|p2a: Smeargle|atk|2\n|-boost|p2a: Smeargle|spa|2\n|-boost|p2a: Smeargle|spe|2\n|move|p1a: Arboliva|Hyper Voice|p2a: Smeargle\n|-damage|p2a: Smeargle|0 fnt\n|faint|p2a: Smeargle\n|\n|upkeep\n|\n|t:|1732980747\n|switch|p2a: Golduck|Golduck, L90, F|290/290\n|-ability|p2a: Golduck|Cloud Nine\n|turn|10\n|\n|t:|1732980752\n|move|p2a: Golduck|Ice Beam|p1a: Arboliva\n|-supereffective|p1a: Arboliva\n|-damage|p1a: Arboliva|128/290\n|-fieldstart|move: Grassy Terrain|[from] ability: Seed Sower|[of] p1a: Arboliva\n|move|p1a: Arboliva|Energy Ball|p2a: Golduck\n|-supereffective|p2a: Golduck\n|-damage|p2a: Golduck|0 fnt\n|faint|p2a: Golduck\n|\n|-heal|p1a: Arboliva|146/290|[from] Grassy Terrain\n|-heal|p1a: Arboliva|164/290|[from] item: Leftovers\n|upkeep\n|\n|t:|1732980758\n|switch|p2a: Mimikyu|Mimikyu, L79, F|216/216\n|turn|11\n|\n|t:|1732980766\n|move|p2a: Mimikyu|Play Rough|p1a: Arboliva\n|-damage|p1a: Arboliva|65/290\n|-damage|p2a: Mimikyu|195/216|[from] item: Life Orb\n|move|p1a: Arboliva|Strength Sap|p2a: Mimikyu\n|-unboost|p2a: Mimikyu|atk|1\n|-heal|p1a: Arboliva|253/290\n|\n|-heal|p2a: Mimikyu|208/216|[from] Grassy Terrain\n|-heal|p1a: Arboliva|271/290|[from] Grassy Terrain\n|-heal|p1a: Arboliva|289/290|[from] item: Leftovers\n|upkeep\n|turn|12\n|\n|t:|1732980774\n|move|p2a: Mimikyu|Swords Dance|p2a: Mimikyu\n|-boost|p2a: Mimikyu|atk|2\n|move|p1a: Arboliva|Energy Ball|p2a: Mimikyu\n|-activate|p2a: Mimikyu|ability: Disguise\n|-damage|p2a: Mimikyu|208/216\n|detailschange|p2a: Mimikyu|Mimikyu-Busted, L79, F\n|-damage|p2a: Mimikyu|181/216|[from] pokemon: Mimikyu-Busted\n|\n|-heal|p2a: Mimikyu|194/216|[from] Grassy Terrain\n|-heal|p1a: Arboliva|290/290|[from] Grassy Terrain\n|upkeep\n|turn|13\n|c|\u2606waiting4patients|Nooooo\n|\n|t:|1732980782\n|move|p2a: Mimikyu|Swords Dance|p2a: Mimikyu\n|-boost|p2a: Mimikyu|atk|2\n|move|p1a: Arboliva|Strength Sap|p2a: Mimikyu\n|-unboost|p2a: Mimikyu|atk|1\n|\n|-heal|p2a: Mimikyu|207/216|[from] Grassy Terrain\n|upkeep\n|turn|14\n|\n|t:|1732980785\n|move|p2a: Mimikyu|Swords Dance|p2a: Mimikyu\n|-boost|p2a: Mimikyu|atk|2\n|move|p1a: Arboliva|Energy Ball|p2a: Mimikyu\n|-damage|p2a: Mimikyu|45/216\n|\n|-heal|p2a: Mimikyu|58/216|[from] Grassy Terrain\n|-fieldend|move: Grassy Terrain\n|upkeep\n|turn|15\n|\n|t:|1732980791\n|move|p2a: Mimikyu|Play Rough|p1a: Arboliva\n|-damage|p1a: Arboliva|21/290\n|-fieldstart|move: Grassy Terrain|[from] ability: Seed Sower|[of] p1a: Arboliva\n|-damage|p2a: Mimikyu|37/216|[from] item: Life Orb\n|move|p1a: Arboliva|Energy Ball|p2a: Mimikyu\n|-damage|p2a: Mimikyu|0 fnt\n|faint|p2a: Mimikyu\n|\n|-heal|p1a: Arboliva|39/290|[from] Grassy Terrain\n|-heal|p1a: Arboliva|57/290|[from] item: Leftovers\n|upkeep\n|\n|t:|1732980798\n|switch|p2a: Miraidon|Miraidon, L65|238/238\n|-fieldstart|move: Electric Terrain|[from] ability: Hadron Engine|[of] p2a: Miraidon\n|turn|16\n|\n|t:|1732980806\n|-terastallize|p1a: Arboliva|Ground\n|move|p2a: Miraidon|Electro Drift|p1a: Arboliva\n|-immune|p1a: Arboliva\n|move|p1a: Arboliva|Earth Power|p2a: Miraidon\n|-supereffective|p2a: Miraidon\n|-damage|p2a: Miraidon|0 fnt\n|faint|p2a: Miraidon\n|\n|win|pokemaster2165\n|raw|pokemaster2165's rating: 1427 &rarr; <strong>1445</strong><br />(+18 for winning)\n|raw|waiting4patients's rating: 1392 &rarr; <strong>1374</strong><br />(-18 for losing)\n|c|\u2606waiting4patients|Bro\n|c|\u2606pokemaster2165|wtf\n|c|\u2606waiting4patients|You ar\u00e9 the best\n|c|\u2606pokemaster2165|the comeback\n|c|\u2606waiting4patients|gg\n|c|\u2606pokemaster2165|no bro\n|c|\u2606waiting4patients|I know\n|c|\u2606pokemaster2165|gg\n|c|\u2606pokemaster2165|i got lucky\n|c|\u2606pokemaster2165|u good too\n|c|\u2606waiting4patients|Thanks\n|c|\u2606pokemaster2165|nobody used porygon like u\n|c|\u2606waiting4patients|Haha\n|c|\u2606pokemaster2165|best porygon user ig\n", "inputlog": ">version b107d77f5c90bd6555267ae244a6264823309ead\n>start {\"formatid\":\"gen9randombattle\",\"seed\":[63494,26973,9150,45761],\"rated\":\"Rated battle\"}\n>player p1 {\"name\":\"pokemaster2165\",\"avatar\":\"102\",\"rating\":1427,\"seed\":[46090,48116,28416,19822]}\n>player p2 {\"name\":\"waiting4patients\",\"avatar\":\"doctor\",\"rating\":1392,\"seed\":[59257,34160,39878,24372]}\n>p1 move earthpower\n>p2 switch 6\n>p2 switch 5\n>p1 move energyball\n>p2 move nastyplot\n>chat \u2606waiting4patients|Awfull move \n>p1 switch 3\n>p2 move terablast terastallize\n>p1 switch 4\n>p1 move liquidation\n>p2 move terablast\n>p1 switch 3\n>p1 switch 2\n>p2 move terablast\n>p1 move matchagotcha\n>p2 move shadowball\n>p1 switch 6\n>p1 move earthquake\n>p2 move terablast\n>p1 switch 5\n>p1 move bodypress\n>p2 move terablast\n>chat \u2606waiting4patients|Lol \n>p1 switch 2\n>p2 switch 2\n>chat \u2606pokemaster2165|lol\n>p1 move hypervoice\n>p2 move shellsmash\n>p2 switch 4\n>p1 move energyball\n>p2 move icebeam\n>p2 switch 6\n>p1 move strengthsap\n>p2 move playrough\n>p1 move energyball\n>p2 move swordsdance\n>chat \u2606waiting4patients|Nooooo\n>p1 move strengthsap\n>p2 move swordsdance\n>p1 move energyball\n>p2 move swordsdance\n>p1 move energyball\n>p2 move playrough\n>p2 switch 3\n>p1 move earthpower terastallize\n>p2 move electrodrift", "uploadtime": 1732980861, "views": 10, "formatid": "gen9randombattle", "rating": 1374, "private": 0, "password": null}