{"id": "gen9randombattle-2253860438", "format": "[Gen 9] Random Battle", "players": ["DawnPray", "bunnyangelcake"], "log": "|j|\u2606DawnPray\n|j|\u2606bunnyangelcake\n|t:|1732950766\n|gametype|singles\n|player|p1|DawnPray|cynthia|1226\n|player|p2|bunnyangelcake|rocketgruntf|1201\n|teamsize|p1|6\n|teamsize|p2|6\n|gen|9\n|tier|[Gen 9] Random Battle\n|rated|\n|rule|Species Clause: Limit one of each Pok\u00e9mon\n|rule|HP Percentage Mod: HP is shown in percentages\n|rule|Sleep Clause Mod: Limit one foe put to sleep\n|rule|Illusion Level Mod: Illusion disguises the Pok\u00e9mon's true level\n|\n|t:|1732950766\n|start\n|switch|p1a: Arceus|Arceus-Ghost, L69|280/280\n|switch|p2a: Baxcalibur|Baxcalibur, L75, M|296/296\n|turn|1\n|inactive|Battle timer is ON: inactive players will automatically lose when time's up. (requested by DawnPray)\n|\n|t:|1732950778\n|move|p1a: Arceus|Calm Mind|p1a: Arceus\n|-boost|p1a: Arceus|spa|1\n|-boost|p1a: Arceus|spd|1\n|move|p2a: Baxcalibur|Dragon Dance|p2a: Baxcalibur\n|-boost|p2a: Baxcalibur|atk|1\n|-boost|p2a: Baxcalibur|spe|1\n|\n|upkeep\n|turn|2\n|\n|t:|1732950801\n|move|p2a: Baxcalibur|Glaive Rush|p1a: Arceus\n|-damage|p1a: Arceus|78/280\n|-singlemove|p2a: Baxcalibur|Glaive Rush|[silent]\n|move|p1a: Arceus|Focus Blast|p2a: Baxcalibur\n|-supereffective|p2a: Baxcalibur\n|-damage|p2a: Baxcalibur|0 fnt\n|faint|p2a: Baxcalibur\n|\n|upkeep\n|\n|t:|1732950815\n|switch|p2a: Veluza|Veluza, L85, M|292/292\n|turn|3\n|\n|t:|1732950820\n|move|p1a: Arceus|Recover|p1a: Arceus\n|-heal|p1a: Arceus|218/280\n|move|p2a: Veluza|Night Slash|p1a: Arceus\n|-supereffective|p1a: Arceus\n|-damage|p1a: Arceus|54/280\n|\n|upkeep\n|turn|4\n|\n|t:|1732950830\n|move|p1a: Arceus|Judgment|p2a: Veluza\n|-supereffective|p2a: Veluza\n|-crit|p2a: Veluza\n|-damage|p2a: Veluza|0 fnt\n|faint|p2a: Veluza\n|\n|upkeep\n|\n|t:|1732950839\n|switch|p2a: Staraptor|Staraptor, L79, F|263/263\n|turn|5\n|\n|t:|1732950845\n|move|p1a: Arceus|Recover|p1a: Arceus\n|-heal|p1a: Arceus|194/280\n|move|p2a: Staraptor|U-turn|p1a: Arceus\n|-resisted|p1a: Arceus\n|-damage|p1a: Arceus|158/280\n|\n|t:|1732950850\n|switch|p2a: Flutter Mane|Flutter Mane, L74|203/203|[from] U-turn\n|\n|upkeep\n|turn|6\n|\n|t:|1732950867\n|move|p2a: Flutter Mane|Shadow Ball|p1a: Arceus\n|-supereffective|p1a: Arceus\n|-damage|p1a: Arceus|0 fnt\n|faint|p1a: Arceus\n|\n|upkeep\n|inactive|DawnPray has 120 seconds left.\n|\n|t:|1732950894\n|switch|p1a: Ambipom|Ambipom, L84, F|263/263\n|turn|7\n|inactive|DawnPray has 120 seconds left.\n|\n|t:|1732950913\n|-end|p2a: Flutter Mane|Protosynthesis|[silent]\n|switch|p2a: Gardevoir|Gardevoir, L83, M|249/249\n|-ability|p2a: Gardevoir|Technician|[from] ability: Trace|[of] p1a: Ambipom\n|move|p1a: Ambipom|Knock Off|p2a: Gardevoir\n|-damage|p2a: Gardevoir|124/249\n|-enditem|p2a: Gardevoir|Choice Specs|[from] move: Knock Off|[of] p1a: Ambipom\n|\n|upkeep\n|turn|8\n|inactive|DawnPray has 120 seconds left.\n|\n|t:|1732950924\n|move|p1a: Ambipom|Knock Off|p2a: Gardevoir\n|-damage|p2a: Gardevoir|29/249\n|move|p2a: Gardevoir|Focus Blast|p1a: Ambipom\n|-supereffective|p1a: Ambipom\n|-damage|p1a: Ambipom|0 fnt\n|faint|p1a: Ambipom\n|\n|upkeep\n|inactive|DawnPray has 120 seconds left.\n|\n|t:|1732950950\n|switch|p1a: Pikachu|Pikachu-Original, L93, M|216/216\n|turn|9\n|\n|t:|1732950978\n|move|p1a: Pikachu|Knock Off|p2a: Gardevoir\n|-damage|p2a: Gardevoir|0 fnt\n|faint|p2a: Gardevoir\n|\n|upkeep\n|\n|t:|1732950982\n|switch|p2a: Flutter Mane|Flutter Mane, L74|203/203\n|turn|10\n|\n|t:|1732950988\n|move|p2a: Flutter Mane|Moonblast|p1a: Pikachu\n|-damage|p1a: Pikachu|8/216\n|move|p1a: Pikachu|Knock Off|p2a: Flutter Mane\n|-damage|p2a: Flutter Mane|30/203\n|-enditem|p2a: Flutter Mane|Choice Specs|[from] move: Knock Off|[of] p1a: Pikachu\n|\n|upkeep\n|turn|11\n|inactive|DawnPray has 120 seconds left.\n|\n|t:|1732951011\n|switch|p1a: Slowbro|Slowbro, L85, F|300/300\n|move|p2a: Flutter Mane|Moonblast|p1a: Slowbro\n|-damage|p1a: Slowbro|197/300\n|-unboost|p1a: Slowbro|spa|1\n|\n|upkeep\n|turn|12\n|inactive|bunnyangelcake has 120 seconds left.\n|\n|t:|1732951042\n|move|p2a: Flutter Mane|Shadow Ball|p1a: Slowbro\n|-supereffective|p1a: Slowbro\n|-damage|p1a: Slowbro|15/300\n|move|p1a: Slowbro|Thunder Wave|p2a: Flutter Mane\n|-status|p2a: Flutter Mane|par\n|\n|upkeep\n|turn|13\n|\n|t:|1732951049\n|move|p2a: Flutter Mane|Thunderbolt|p1a: Slowbro\n|-supereffective|p1a: Slowbro\n|-damage|p1a: Slowbro|0 fnt\n|faint|p1a: Slowbro\n|\n|upkeep\n|\n|t:|1732951054\n|switch|p1a: Pikachu|Pikachu-Original, L93, M|8/216\n|turn|14\n|\n|t:|1732951063\n|-end|p2a: Flutter Mane|Protosynthesis|[silent]\n|switch|p2a: Vivillon|Vivillon-Tundra, L84, F|272/272\n|move|p1a: Pikachu|Knock Off|p2a: Vivillon\n|-damage|p2a: Vivillon|104/272\n|-enditem|p2a: Vivillon|Heavy-Duty Boots|[from] move: Knock Off|[of] p1a: Pikachu\n|\n|upkeep\n|turn|15\n|inactive|DawnPray has 120 seconds left.\n|\n|t:|1732951093\n|switch|p1a: Lapras|Lapras, L87, F|367/367\n|move|p2a: Vivillon|Sleep Powder|p1a: Lapras\n|-status|p1a: Lapras|slp|[from] move: Sleep Powder\n|\n|upkeep\n|turn|16\n|\n|t:|1732951103\n|move|p2a: Vivillon|Quiver Dance|p2a: Vivillon\n|-boost|p2a: Vivillon|spa|1\n|-boost|p2a: Vivillon|spd|1\n|-boost|p2a: Vivillon|spe|1\n|cant|p1a: Lapras|slp\n|\n|upkeep\n|turn|17\n|\n|t:|1732951110\n|move|p2a: Vivillon|Hurricane|p1a: Lapras\n|-damage|p1a: Lapras|225/367 slp\n|cant|p1a: Lapras|slp\n|\n|upkeep\n|turn|18\n|\n|t:|1732951116\n|move|p2a: Vivillon|Quiver Dance|p2a: Vivillon\n|-boost|p2a: Vivillon|spa|1\n|-boost|p2a: Vivillon|spd|1\n|-boost|p2a: Vivillon|spe|1\n|cant|p1a: Lapras|slp\n|\n|upkeep\n|turn|19\n|\n|t:|1732951121\n|move|p2a: Vivillon|Hurricane|p1a: Lapras\n|-damage|p1a: Lapras|42/367 slp\n|-start|p1a: Lapras|confusion\n|-curestatus|p1a: Lapras|slp|[msg]\n|-activate|p1a: Lapras|confusion\n|-damage|p1a: Lapras|14/367|[from] confusion\n|\n|upkeep\n|turn|20\n|c|\u2606DawnPray|so lucky\n|c|\u2606DawnPray|max sleep turns + confused\n|inactive|DawnPray has 120 seconds left.\n|\n|t:|1732951144\n|move|p2a: Vivillon|Tera Blast|p1a: Lapras\n|-damage|p1a: Lapras|0 fnt\n|faint|p1a: Lapras\n|\n|upkeep\n|inactive|DawnPray has 120 seconds left.\n|\n|t:|1732951153\n|switch|p1a: Eiscue|Eiscue, L88, F|274/274\n|turn|21\n|\n|t:|1732951159\n|move|p2a: Vivillon|Sleep Powder|p1a: Eiscue\n|-status|p1a: Eiscue|slp|[from] move: Sleep Powder\n|cant|p1a: Eiscue|slp\n|\n|upkeep\n|turn|22\n|\n|t:|1732951166\n|move|p2a: Vivillon|Hurricane|p1a: Eiscue\n|-crit|p1a: Eiscue\n|-damage|p1a: Eiscue|0 fnt\n|faint|p1a: Eiscue\n|\n|upkeep\n|\n|t:|1732951169\n|switch|p1a: Pikachu|Pikachu-Original, L93, M|8/216\n|turn|23\n|\n|t:|1732951181\n|-terastallize|p2a: Vivillon|Ground\n|move|p2a: Vivillon|Tera Blast|p1a: Pikachu|[anim] Tera Blast Ground\n|-supereffective|p1a: Pikachu\n|-damage|p1a: Pikachu|0 fnt\n|faint|p1a: Pikachu\n|\n|win|bunnyangelcake\n|raw|DawnPray's rating: 1226 &rarr; <strong>1199</strong><br />(-27 for losing)\n|raw|bunnyangelcake's rating: 1201 &rarr; <strong>1228</strong><br />(+27 for winning)\n", "inputlog": ">version b107d77f5c90bd6555267ae244a6264823309ead\n>start {\"formatid\":\"gen9randombattle\",\"seed\":[38640,7120,65278,11975],\"rated\":\"Rated battle\"}\n>player p1 {\"name\":\"DawnPray\",\"avatar\":\"cynthia\",\"rating\":1226,\"seed\":[54400,10167,9366,24882]}\n>player p2 {\"name\":\"bunnyangelcake\",\"avatar\":\"rocketgruntf\",\"rating\":1201,\"seed\":[46392,32775,49735,45]}\n>p1 move calmmind\n>p2 move dragondance\n>p1 move focusblast\n>p2 move glaiverush\n>p2 switch 3\n>p1 move recover\n>p2 move nightslash\n>p1 move judgment\n>p2 move nightslash\n>p2 switch 5\n>p1 move recover\n>p2 move uturn\n>p2 switch 2\n>p1 move judgment\n>p2 move shadowball\n>p1 switch 2\n>p1 move knockoff\n>p2 switch 4\n>p1 move knockoff\n>p2 move focusblast\n>p1 switch 5\n>p1 move knockoff\n>p2 move psychic\n>p2 switch 4\n>p1 move knockoff\n>p2 move moonblast\n>p1 switch 4\n>p2 move moonblast\n>p1 move thunderwave\n>p2 move shadowball\n>p1 move slackoff\n>p2 move thunderbolt\n>p1 switch 4\n>p1 move knockoff\n>p2 switch 6\n>p1 switch 3\n>p2 move sleeppowder\n>p1 move iciclespear\n>p2 move quiverdance\n>p1 move iciclespear\n>p2 move hurricane\n>p1 move iciclespear\n>p2 move quiverdance\n>p1 move iciclespear\n>p2 move hurricane\n>chat \u2606DawnPray|so lucky\n>chat \u2606DawnPray|max sleep turns + confused\n>p1 move iciclespear\n>p2 move terablast\n>p1 switch 6\n>p1 move icespinner\n>p2 move sleeppowder\n>p1 move icespinner\n>p2 move hurricane\n>p1 switch 3\n>p1 move surf\n>p2 move terablast terastallize", "uploadtime": 1732951186, "views": 3, "formatid": "gen9randombattle", "rating": 1199, "private": 0, "password": null}