{"id": "gen9randombattle-2254100863", "format": "[Gen 9] Random Battle", "players": ["Ben the Android", "Maratil"], "log": "|j|\u2606Ben the Android\n|j|\u2606Maratil\n|t:|1732991350\n|gametype|singles\n|player|p1|Ben the Android|colress|1493\n|player|p2|Maratil|102|1457\n|teamsize|p1|6\n|teamsize|p2|6\n|gen|9\n|tier|[Gen 9] Random Battle\n|rated|\n|rule|Species Clause: Limit one of each Pok\u00e9mon\n|rule|HP Percentage Mod: HP is shown in percentages\n|rule|Sleep Clause Mod: Limit one foe put to sleep\n|rule|Illusion Level Mod: Illusion disguises the Pok\u00e9mon's true level\n|\n|t:|1732991350\n|start\n|switch|p1a: Mienshao|Mienshao, L83, M|244/244\n|switch|p2a: Regigigas|Regigigas, L84|322/322\n|-start|p2a: Regigigas|ability: Slow Start\n|turn|1\n|inactive|Battle timer is ON: inactive players will automatically lose when time's up. (requested by Maratil)\n|inactive|Ben the Android also wants the timer to be on.\n|\n|t:|1732991374\n|move|p2a: Regigigas|Protect|p2a: Regigigas\n|-singleturn|p2a: Regigigas|Protect\n|move|p1a: Mienshao|Fake Out|p2a: Regigigas\n|-activate|p2a: Regigigas|move: Protect\n|\n|upkeep\n|turn|2\n|inactive|Ben the Android has 120 seconds left.\n|\n|t:|1732991424\n|-terastallize|p2a: Regigigas|Poison\n|move|p1a: Mienshao|Knock Off|p2a: Regigigas\n|-damage|p2a: Regigigas|250/322\n|-enditem|p2a: Regigigas|Leftovers|[from] move: Knock Off|[of] p1a: Mienshao\n|move|p2a: Regigigas|Substitute|p2a: Regigigas\n|-start|p2a: Regigigas|Substitute\n|-damage|p2a: Regigigas|170/322\n|\n|upkeep\n|turn|3\n|\n|t:|1732991433\n|move|p2a: Regigigas|Protect|p2a: Regigigas\n|-singleturn|p2a: Regigigas|Protect\n|move|p1a: Mienshao|U-turn|p2a: Regigigas\n|-activate|p2a: Regigigas|move: Protect\n|\n|upkeep\n|turn|4\n|\n|t:|1732991444\n|switch|p1a: Skeledirge|Skeledirge, L79, F|294/294\n|move|p2a: Regigigas|Body Slam|p1a: Skeledirge\n|-immune|p1a: Skeledirge\n|\n|upkeep\n|turn|5\n|\n|t:|1732991453\n|move|p1a: Skeledirge|Hex|p2a: Regigigas\n|-activate|p2a: Regigigas|move: Substitute|[damage]\n|move|p2a: Regigigas|Knock Off|p1a: Skeledirge\n|-supereffective|p1a: Skeledirge\n|-damage|p1a: Skeledirge|190/294\n|-enditem|p1a: Skeledirge|Heavy-Duty Boots|[from] move: Knock Off|[of] p2a: Regigigas\n|\n|-end|p2a: Regigigas|Slow Start\n|upkeep\n|turn|6\n|inactive|Ben the Android has 120 seconds left.\n|\n|t:|1732991463\n|move|p2a: Regigigas|Knock Off|p1a: Skeledirge\n|-supereffective|p1a: Skeledirge\n|-damage|p1a: Skeledirge|60/294\n|move|p1a: Skeledirge|Torch Song|p2a: Regigigas\n|-damage|p2a: Regigigas|101/322\n|-boost|p1a: Skeledirge|spa|1\n|\n|upkeep\n|turn|7\n|inactive|Ben the Android has 120 seconds left.\n|\n|t:|1732991478\n|switch|p1a: Mienshao|Mienshao, L83, M|244/244\n|move|p2a: Regigigas|Knock Off|p1a: Mienshao\n|-resisted|p1a: Mienshao\n|-damage|p1a: Mienshao|173/244\n|-enditem|p1a: Mienshao|Assault Vest|[from] move: Knock Off|[of] p2a: Regigigas\n|\n|upkeep\n|turn|8\n|\n|t:|1732991490\n|move|p2a: Regigigas|Protect|p2a: Regigigas\n|-singleturn|p2a: Regigigas|Protect\n|move|p1a: Mienshao|Fake Out|p2a: Regigigas\n|-activate|p2a: Regigigas|move: Protect\n|\n|upkeep\n|turn|9\n|\n|t:|1732991499\n|move|p1a: Mienshao|U-turn|p2a: Regigigas\n|-resisted|p2a: Regigigas\n|-end|p2a: Regigigas|Substitute\n|\n|t:|1732991503\n|switch|p1a: Corviknight|Corviknight, L80, M|288/288|[from] U-turn\n|move|p2a: Regigigas|Body Slam|p1a: Corviknight\n|-resisted|p1a: Corviknight\n|-damage|p1a: Corviknight|231/288\n|\n|-heal|p1a: Corviknight|249/288|[from] item: Leftovers\n|upkeep\n|turn|10\n|\n|t:|1732991514\n|move|p2a: Regigigas|Knock Off|p1a: Corviknight\n|-crit|p1a: Corviknight\n|-damage|p1a: Corviknight|100/288\n|-enditem|p1a: Corviknight|Leftovers|[from] move: Knock Off|[of] p2a: Regigigas\n|move|p1a: Corviknight|Brave Bird|p2a: Regigigas\n|-damage|p2a: Regigigas|14/322\n|-damage|p1a: Corviknight|71/288|[from] Recoil\n|\n|upkeep\n|turn|11\n|\n|t:|1732991526\n|move|p2a: Regigigas|Knock Off|p1a: Corviknight\n|-damage|p1a: Corviknight|13/288\n|move|p1a: Corviknight|Roost|p1a: Corviknight\n|-heal|p1a: Corviknight|157/288\n|-singleturn|p1a: Corviknight|move: Roost\n|\n|upkeep\n|turn|12\n|\n|t:|1732991536\n|move|p2a: Regigigas|Body Slam|p1a: Corviknight\n|-resisted|p1a: Corviknight\n|-damage|p1a: Corviknight|99/288\n|move|p1a: Corviknight|Roost|p1a: Corviknight\n|-heal|p1a: Corviknight|243/288\n|-singleturn|p1a: Corviknight|move: Roost\n|\n|upkeep\n|turn|13\n|\n|t:|1732991542\n|move|p2a: Regigigas|Body Slam|p1a: Corviknight\n|-resisted|p1a: Corviknight\n|-damage|p1a: Corviknight|178/288\n|move|p1a: Corviknight|Body Press|p2a: Regigigas\n|-resisted|p2a: Regigigas\n|-damage|p2a: Regigigas|0 fnt\n|faint|p2a: Regigigas\n|-end|p2a: Regigigas|Slow Start|[silent]\n|\n|upkeep\n|\n|t:|1732991556\n|switch|p2a: Staraptor|Staraptor, L79, F|263/263\n|turn|14\n|\n|t:|1732991562\n|move|p2a: Staraptor|U-turn|p1a: Corviknight\n|-resisted|p1a: Corviknight\n|-damage|p1a: Corviknight|167/288\n|\n|t:|1732991570\n|switch|p2a: Piloswine|Piloswine, L85, M|309/309|[from] U-turn\n|move|p1a: Corviknight|Roost|p1a: Corviknight\n|-heal|p1a: Corviknight|288/288\n|-singleturn|p1a: Corviknight|move: Roost\n|\n|upkeep\n|turn|15\n|\n|t:|1732991578\n|move|p1a: Corviknight|Body Press|p2a: Piloswine\n|-supereffective|p2a: Piloswine\n|-damage|p2a: Piloswine|233/309\n|move|p2a: Piloswine|Roar|p1a: Corviknight\n|drag|p1a: Skeledirge|Skeledirge, L79, F|60/294\n|\n|upkeep\n|turn|16\n|\n|t:|1732991590\n|-terastallize|p1a: Skeledirge|Water\n|move|p1a: Skeledirge|Slack Off|p1a: Skeledirge\n|-heal|p1a: Skeledirge|207/294\n|move|p2a: Piloswine|Earthquake|p1a: Skeledirge\n|-damage|p1a: Skeledirge|104/294\n|\n|upkeep\n|turn|17\n|\n|t:|1732991597\n|move|p1a: Skeledirge|Will-O-Wisp|p2a: Piloswine\n|-status|p2a: Piloswine|brn\n|move|p2a: Piloswine|Earthquake|p1a: Skeledirge\n|-damage|p1a: Skeledirge|45/294\n|\n|-damage|p2a: Piloswine|214/309 brn|[from] brn\n|upkeep\n|turn|18\n|-message|Maratil forfeited.\n|\n|win|Ben the Android\n|raw|Ben the Android's rating: 1493 &rarr; <strong>1511</strong><br />(+18 for winning)\n|raw|Maratil's rating: 1457 &rarr; <strong>1439</strong><br />(-18 for losing)\n|l|\u2606Maratil\n|player|p2|\n", "inputlog": ">version b107d77f5c90bd6555267ae244a6264823309ead\n>start {\"formatid\":\"gen9randombattle\",\"seed\":[43633,49149,19914,7782],\"rated\":\"Rated battle\"}\n>player p1 {\"name\":\"Ben the Android\",\"avatar\":\"colress\",\"rating\":1493,\"seed\":[3464,65087,1226,57170]}\n>player p2 {\"name\":\"Maratil\",\"avatar\":\"102\",\"rating\":1457,\"seed\":[43246,12964,20419,13424]}\n>p1 move fakeout\n>p2 move protect\n>p1 move knockoff\n>p2 move substitute terastallize\n>p1 move uturn\n>p2 move protect\n>p1 switch 5\n>p2 move bodyslam\n>p1 move hex\n>p2 move knockoff\n>p1 move torchsong\n>p2 move knockoff\n>p1 switch 5\n>p2 move knockoff\n>p1 move fakeout\n>p2 move protect\n>p1 move uturn\n>p2 move bodyslam\n>p1 switch 6\n>p1 move bravebird\n>p2 move knockoff\n>p1 move roost\n>p2 move knockoff\n>p1 move roost\n>p2 move bodyslam\n>p1 move bodypress\n>p2 move bodyslam\n>p2 switch 4\n>p1 move roost\n>p2 move uturn\n>p2 switch 6\n>p1 move bodypress\n>p2 move roar\n>p1 move slackoff terastallize\n>p2 move earthquake\n>p1 move willowisp\n>p2 move earthquake\n>forcelose p2", "uploadtime": 1732991610, "views": 1, "formatid": "gen9randombattle", "rating": 1439, "private": 0, "password": null}