{"id": "gen9randombattle-2253834552", "format": "[Gen 9] Random Battle", "players": ["wuxinyiyin", "big brain 9000"], "log": "|j|\u2606wuxinyiyin\n|j|\u2606big brain 9000\n|t:|1732945717\n|gametype|singles\n|player|p1|wuxinyiyin|170|1000\n|player|p2|big brain 9000|2|1000\n|teamsize|p1|6\n|teamsize|p2|6\n|gen|9\n|tier|[Gen 9] Random Battle\n|rated|\n|rule|Species Clause: Limit one of each Pok\u00e9mon\n|rule|HP Percentage Mod: HP is shown in percentages\n|rule|Sleep Clause Mod: Limit one foe put to sleep\n|rule|Illusion Level Mod: Illusion disguises the Pok\u00e9mon's true level\n|\n|t:|1732945717\n|start\n|switch|p1a: Golurk|Golurk, L87|297/297\n|switch|p2a: Electivire|Electivire, L84, F|263/263\n|turn|1\n|inactive|Battle timer is ON: inactive players will automatically lose when time's up. (requested by wuxinyiyin)\n|\n|t:|1732945736\n|switch|p2a: Sawsbuck|Sawsbuck-Summer, L88, F|284/284\n|move|p1a: Golurk|Earthquake|p2a: Sawsbuck\n|-resisted|p2a: Sawsbuck\n|-damage|p2a: Sawsbuck|187/284\n|-damage|p1a: Golurk|268/297|[from] item: Life Orb\n|\n|upkeep\n|turn|2\n|\n|t:|1732945748\n|move|p2a: Sawsbuck|Swords Dance|p2a: Sawsbuck\n|-boost|p2a: Sawsbuck|atk|2\n|move|p1a: Golurk|Dynamic Punch|p2a: Sawsbuck\n|-supereffective|p2a: Sawsbuck\n|-damage|p2a: Sawsbuck|0 fnt\n|faint|p2a: Sawsbuck\n|-damage|p1a: Golurk|239/297|[from] item: Life Orb\n|\n|upkeep\n|\n|t:|1732945759\n|switch|p2a: Chimecho|Chimecho, L94, F|293/293\n|turn|3\n|\n|t:|1732945767\n|move|p2a: Chimecho|Psychic Noise|p1a: Golurk\n|-damage|p1a: Golurk|139/297\n|-start|p1a: Golurk|move: Heal Block\n|move|p1a: Golurk|Poltergeist|p2a: Chimecho\n|-activate|p2a: Chimecho|move: Poltergeist|Leftovers\n|-supereffective|p2a: Chimecho\n|-damage|p2a: Chimecho|0 fnt\n|faint|p2a: Chimecho\n|-damage|p1a: Golurk|110/297|[from] item: Life Orb\n|\n|upkeep\n|\n|t:|1732945775\n|switch|p2a: Annihilape|Annihilape, L76, M|292/292\n|turn|4\n|l|\u2606wuxinyiyin\n|inactive|wuxinyiyin disconnected and has a minute to reconnect!\n|player|p1|\n|j|\u2606wuxinyiyin\n|inactive|wuxinyiyin reconnected and has 120 seconds left.\n|player|p1|wuxinyiyin|burglar|\n|\n|t:|1732945810\n|switch|p1a: Tauros|Tauros-Paldea-Combat, L82, M|257/257\n|-ability|p1a: Tauros|Intimidate|boost\n|-unboost|p2a: Annihilape|atk|1\n|-ability|p2a: Annihilape|Defiant|boost\n|-boost|p2a: Annihilape|atk|2\n|move|p2a: Annihilape|Gunk Shot|p1a: Tauros\n|-damage|p1a: Tauros|157/257\n|\n|upkeep\n|turn|5\n|inactive|wuxinyiyin has 120 seconds left.\n|\n|t:|1732945830\n|move|p1a: Tauros|Earthquake|p2a: Annihilape\n|-damage|p2a: Annihilape|172/292\n|move|p2a: Annihilape|Rage Fist|p1a: Tauros\n|-damage|p1a: Tauros|28/257\n|\n|-heal|p2a: Annihilape|190/292|[from] item: Leftovers\n|upkeep\n|turn|6\n|inactive|wuxinyiyin has 120 seconds left.\n|\n|t:|1732945843\n|move|p1a: Tauros|Earthquake|p2a: Annihilape\n|-damage|p2a: Annihilape|66/292\n|move|p2a: Annihilape|Drain Punch|p1a: Tauros\n|-damage|p1a: Tauros|0 fnt\n|-heal|p2a: Annihilape|80/292|[from] drain|[of] p1a: Tauros\n|faint|p1a: Tauros\n|\n|-heal|p2a: Annihilape|98/292|[from] item: Leftovers\n|upkeep\n|\n|t:|1732945845\n|switch|p1a: Golurk|Golurk, L87|110/297\n|turn|7\n|\n|t:|1732945851\n|move|p2a: Annihilape|Gunk Shot|p1a: Golurk\n|-resisted|p1a: Golurk\n|-damage|p1a: Golurk|81/297\n|move|p1a: Golurk|Poltergeist|p2a: Annihilape\n|-activate|p2a: Annihilape|move: Poltergeist|Leftovers\n|-supereffective|p2a: Annihilape\n|-damage|p2a: Annihilape|0 fnt\n|faint|p2a: Annihilape\n|-damage|p1a: Golurk|52/297|[from] item: Life Orb\n|\n|upkeep\n|\n|t:|1732945854\n|switch|p2a: Oranguru|Oranguru, L92, M|315/315\n|turn|8\n|\n|t:|1732945866\n|move|p2a: Oranguru|Psychic|p1a: Golurk\n|-damage|p1a: Golurk|0 fnt\n|faint|p1a: Golurk\n|\n|upkeep\n|\n|t:|1732945873\n|switch|p1a: Wigglytuff|Wigglytuff, L96, M|424/424\n|turn|9\n|\n|t:|1732945882\n|move|p2a: Oranguru|Nasty Plot|p2a: Oranguru\n|-boost|p2a: Oranguru|spa|2\n|move|p1a: Wigglytuff|Knock Off|p2a: Oranguru\n|-supereffective|p2a: Oranguru\n|-damage|p2a: Oranguru|175/315\n|-enditem|p2a: Oranguru|Leftovers|[from] move: Knock Off|[of] p1a: Wigglytuff\n|\n|upkeep\n|turn|10\n|\n|t:|1732945908\n|move|p2a: Oranguru|Thunderbolt|p1a: Wigglytuff\n|-damage|p1a: Wigglytuff|236/424\n|move|p1a: Wigglytuff|Knock Off|p2a: Oranguru\n|-supereffective|p2a: Oranguru\n|-damage|p2a: Oranguru|81/315\n|\n|-heal|p1a: Wigglytuff|262/424|[from] item: Leftovers\n|upkeep\n|turn|11\n|\n|t:|1732945919\n|move|p2a: Oranguru|Psychic|p1a: Wigglytuff\n|-damage|p1a: Wigglytuff|0 fnt\n|faint|p1a: Wigglytuff\n|\n|upkeep\n|\n|t:|1732945925\n|switch|p1a: Chansey|Chansey, L85, F|564/564\n|turn|12\n|\n|t:|1732945937\n|move|p2a: Oranguru|Focus Blast|p1a: Chansey\n|-supereffective|p1a: Chansey\n|-damage|p1a: Chansey|352/564\n|move|p1a: Chansey|Seismic Toss|p2a: Oranguru\n|-damage|p2a: Oranguru|0 fnt\n|faint|p2a: Oranguru\n|\n|upkeep\n|\n|t:|1732945942\n|switch|p2a: Electivire|Electivire, L84, F|263/263\n|turn|13\n|\n|t:|1732945948\n|move|p2a: Electivire|Earthquake|p1a: Chansey\n|-damage|p1a: Chansey|160/564\n|move|p1a: Chansey|Soft-Boiled|p1a: Chansey\n|-heal|p1a: Chansey|442/564\n|\n|upkeep\n|turn|14\n|\n|t:|1732945959\n|move|p2a: Electivire|Earthquake|p1a: Chansey\n|-damage|p1a: Chansey|241/564\n|move|p1a: Chansey|Seismic Toss|p2a: Electivire\n|-damage|p2a: Electivire|178/263\n|\n|upkeep\n|turn|15\n|\n|t:|1732945967\n|move|p2a: Electivire|Earthquake|p1a: Chansey\n|-damage|p1a: Chansey|46/564\n|move|p1a: Chansey|Thunder Wave|p2a: Electivire\n|-ability|p2a: Electivire|Motor Drive|boost\n|-boost|p2a: Electivire|spe|1\n|\n|upkeep\n|turn|16\n|\n|t:|1732945977\n|move|p2a: Electivire|Earthquake|p1a: Chansey\n|-damage|p1a: Chansey|0 fnt\n|faint|p1a: Chansey\n|\n|upkeep\n|\n|t:|1732945982\n|switch|p1a: Piloswine|Piloswine, L85, M|309/309\n|turn|17\n|\n|t:|1732945987\n|move|p2a: Electivire|Earthquake|p1a: Piloswine\n|-damage|p1a: Piloswine|252/309\n|move|p1a: Piloswine|Icicle Crash|p2a: Electivire|[miss]\n|-miss|p1a: Piloswine|p2a: Electivire\n|\n|upkeep\n|turn|18\n|\n|t:|1732945994\n|move|p2a: Electivire|Earthquake|p1a: Piloswine\n|-damage|p1a: Piloswine|193/309\n|move|p1a: Piloswine|Earthquake|p2a: Electivire\n|-supereffective|p2a: Electivire\n|-damage|p2a: Electivire|0 fnt\n|faint|p2a: Electivire\n|\n|upkeep\n|\n|t:|1732945998\n|switch|p2a: Cobalion|Cobalion, L80|277/277\n|turn|19\n|\n|t:|1732946011\n|move|p2a: Cobalion|Body Press|p1a: Piloswine\n|-supereffective|p1a: Piloswine\n|-damage|p1a: Piloswine|59/309\n|move|p1a: Piloswine|Icicle Crash|p2a: Cobalion\n|-resisted|p2a: Cobalion\n|-damage|p2a: Cobalion|241/277\n|\n|-heal|p2a: Cobalion|258/277|[from] item: Leftovers\n|upkeep\n|turn|20\n|\n|t:|1732946028\n|move|p2a: Cobalion|Body Press|p1a: Piloswine\n|-supereffective|p1a: Piloswine\n|-damage|p1a: Piloswine|0 fnt\n|faint|p1a: Piloswine\n|\n|-heal|p2a: Cobalion|275/277|[from] item: Leftovers\n|upkeep\n|\n|t:|1732946035\n|switch|p1a: Magcargo|Magcargo, L95, M|268/268\n|turn|21\n|\n|t:|1732946048\n|-terastallize|p2a: Cobalion|Water\n|-terastallize|p1a: Magcargo|Dragon\n|move|p2a: Cobalion|Thunder Wave|p1a: Magcargo\n|-status|p1a: Magcargo|par\n|move|p1a: Magcargo|Power Gem|p2a: Cobalion\n|-damage|p2a: Cobalion|145/277\n|\n|-heal|p2a: Cobalion|162/277|[from] item: Leftovers\n|upkeep\n|turn|22\n|\n|t:|1732946064\n|move|p2a: Cobalion|Iron Head|p1a: Magcargo\n|-damage|p1a: Magcargo|216/268 par\n|cant|p1a: Magcargo|flinch\n|\n|-heal|p2a: Cobalion|179/277|[from] item: Leftovers\n|upkeep\n|turn|23\n|\n|t:|1732946072\n|move|p2a: Cobalion|Body Press|p1a: Magcargo\n|-damage|p1a: Magcargo|150/268 par\n|move|p1a: Magcargo|Power Gem|p2a: Cobalion\n|-damage|p2a: Cobalion|53/277\n|\n|-heal|p2a: Cobalion|70/277|[from] item: Leftovers\n|upkeep\n|turn|24\n|\n|t:|1732946081\n|move|p2a: Cobalion|Iron Head|p1a: Magcargo\n|-damage|p1a: Magcargo|96/268 par\n|-status|p2a: Cobalion|brn|[from] ability: Flame Body|[of] p1a: Magcargo\n|cant|p1a: Magcargo|par\n|\n|-heal|p2a: Cobalion|87/277 brn|[from] item: Leftovers\n|-damage|p2a: Cobalion|70/277 brn|[from] brn\n|upkeep\n|turn|25\n|\n|t:|1732946092\n|move|p2a: Cobalion|Iron Head|p1a: Magcargo\n|-damage|p1a: Magcargo|72/268 par\n|move|p1a: Magcargo|Power Gem|p2a: Cobalion\n|-damage|p2a: Cobalion|0 fnt\n|faint|p2a: Cobalion\n|\n|win|wuxinyiyin\n|raw|wuxinyiyin's rating: 1000 &rarr; <strong>1040</strong><br />(+40 for winning)\n|raw|big brain 9000's rating: 1000 &rarr; <strong>1000</strong><br />(+0 for losing)\n|l|\u2606big brain 9000\n|player|p2|\n", "inputlog": ">version b107d77f5c90bd6555267ae244a6264823309ead\n>start {\"formatid\":\"gen9randombattle\",\"seed\":[21578,8731,18252,30608],\"rated\":\"Rated battle\"}\n>player p1 {\"name\":\"wuxinyiyin\",\"avatar\":\"170\",\"rating\":1000,\"seed\":[24728,13939,46686,62925]}\n>player p2 {\"name\":\"big brain 9000\",\"avatar\":\"2\",\"rating\":1000,\"seed\":[57775,60729,16952,51940]}\n>p1 move earthquake\n>p2 switch 4\n>p1 move dynamicpunch\n>p2 move swordsdance\n>p2 switch 5\n>p1 move poltergeist\n>p2 move psychicnoise\n>p2 switch 3\n>p1 switch 3\n>p2 move gunkshot\n>p1 move earthquake\n>p2 move ragefist\n>p1 move earthquake\n>p2 move drainpunch\n>p1 switch 3\n>p1 move poltergeist\n>p2 move gunkshot\n>p2 switch 2\n>p1 move poltergeist\n>p2 move psychic\n>p1 switch 4\n>p1 move knockoff\n>p2 move nastyplot\n>p1 move knockoff\n>p2 move thunderbolt\n>p1 move knockoff\n>p2 move psychic\n>p1 switch 5\n>p1 move seismictoss\n>p2 move focusblast\n>p2 switch 4\n>p1 move softboiled\n>p2 move earthquake\n>p1 move seismictoss\n>p2 move earthquake\n>p1 move thunderwave\n>p2 move earthquake\n>p1 move softboiled\n>p2 move earthquake\n>p1 switch 2\n>p1 move iciclecrash\n>p2 move earthquake\n>p1 move earthquake\n>p2 move earthquake\n>p2 switch 6\n>p1 move iciclecrash\n>p2 move bodypress\n>p1 move earthquake\n>p2 move bodypress\n>p1 switch 6\n>p1 move powergem terastallize\n>p2 move thunderwave terastallize\n>p1 move powergem\n>p2 move ironhead\n>p1 move powergem\n>p2 move bodypress\n>p1 move powergem\n>p2 move ironhead\n>p1 move powergem\n>p2 move ironhead", "uploadtime": 1732946102, "views": 1, "formatid": "gen9randombattle", "rating": 1000, "private": 0, "password": null}