{"id": "gen9randombattle-2254068951", "format": "[Gen 9] Random Battle", "players": ["Summer Ant 1", "Blobfish123_"], "log": "|j|\u2606Summer Ant 1\n|j|\u2606Blobfish123_\n|t:|1732987357\n|gametype|singles\n|player|p1|Summer Ant 1|hilda|1886\n|player|p2|Blobfish123_|backers|1936\n|teamsize|p1|6\n|teamsize|p2|6\n|gen|9\n|tier|[Gen 9] Random Battle\n|rated|\n|rule|Species Clause: Limit one of each Pok\u00e9mon\n|rule|HP Percentage Mod: HP is shown in percentages\n|rule|Sleep Clause Mod: Limit one foe put to sleep\n|rule|Illusion Level Mod: Illusion disguises the Pok\u00e9mon's true level\n|\n|t:|1732987357\n|start\n|switch|p1a: Hitmontop|Hitmontop, L88, M|231/231\n|switch|p2a: Calyrex|Calyrex-Shadow, L64|235/235\n|-ability|p2a: Calyrex|As One\n|-ability|p2a: Calyrex|Unnerve\n|-ability|p1a: Hitmontop|Intimidate|boost\n|-unboost|p2a: Calyrex|atk|1\n|turn|1\n|\n|t:|1732987388\n|switch|p2a: Tentacruel|Tentacruel, L84, F|272/272\n|switch|p1a: Ursaring|Ursaring, L84, M|288/288\n|\n|upkeep\n|turn|2\n|\n|t:|1732987405\n|move|p2a: Tentacruel|Surf|p1a: Ursaring\n|-damage|p1a: Ursaring|225/288\n|move|p1a: Ursaring|Earthquake|p2a: Tentacruel\n|-supereffective|p2a: Tentacruel\n|-damage|p2a: Tentacruel|64/272\n|\n|-heal|p2a: Tentacruel|81/272|[from] item: Leftovers\n|upkeep\n|turn|3\n|\n|t:|1732987421\n|switch|p2a: Gastrodon|Gastrodon-East, L86, M|331/331\n|move|p1a: Ursaring|Body Slam|p2a: Gastrodon\n|-damage|p2a: Gastrodon|193/331\n|-status|p2a: Gastrodon|par\n|\n|-heal|p2a: Gastrodon|213/331 par|[from] item: Leftovers\n|upkeep\n|turn|4\n|\n|t:|1732987428\n|move|p1a: Ursaring|Body Slam|p2a: Gastrodon\n|-damage|p2a: Gastrodon|69/331 par\n|cant|p2a: Gastrodon|par\n|\n|-heal|p2a: Gastrodon|89/331 par|[from] item: Leftovers\n|upkeep\n|turn|5\n|\n|t:|1732987436\n|move|p1a: Ursaring|Earthquake|p2a: Gastrodon\n|-damage|p2a: Gastrodon|0 fnt\n|faint|p2a: Gastrodon\n|\n|upkeep\n|\n|t:|1732987439\n|switch|p2a: Blaziken|Blaziken, L76, F|247/247\n|turn|6\n|\n|t:|1732987456\n|switch|p1a: Hitmontop|Hitmontop, L88, M|231/231\n|-ability|p1a: Hitmontop|Intimidate|boost\n|-unboost|p2a: Blaziken|atk|1\n|move|p2a: Blaziken|Close Combat|p1a: Hitmontop\n|-damage|p1a: Hitmontop|126/231\n|-unboost|p2a: Blaziken|def|1\n|-unboost|p2a: Blaziken|spd|1\n|-damage|p2a: Blaziken|223/247|[from] item: Life Orb\n|\n|-ability|p2a: Blaziken|Speed Boost|boost\n|-boost|p2a: Blaziken|spe|1\n|upkeep\n|turn|7\n|\n|t:|1732987465\n|switch|p2a: Calyrex|Calyrex-Shadow, L64|235/235\n|-ability|p2a: Calyrex|As One\n|-ability|p2a: Calyrex|Unnerve\n|move|p1a: Hitmontop|Close Combat|p2a: Calyrex\n|-immune|p2a: Calyrex\n|\n|upkeep\n|turn|8\n|\n|t:|1732987479\n|move|p1a: Hitmontop|Sucker Punch|p2a: Calyrex\n|-supereffective|p2a: Calyrex\n|-damage|p2a: Calyrex|0 fnt\n|faint|p2a: Calyrex\n|\n|upkeep\n|\n|t:|1732987491\n|switch|p2a: Blaziken|Blaziken, L76, F|223/247\n|turn|9\n|\n|t:|1732987516\n|switch|p2a: Tentacruel|Tentacruel, L84, F|81/272\n|move|p1a: Hitmontop|Close Combat|p2a: Tentacruel\n|-resisted|p2a: Tentacruel\n|-damage|p2a: Tentacruel|0 fnt\n|-unboost|p1a: Hitmontop|def|1\n|-unboost|p1a: Hitmontop|spd|1\n|faint|p2a: Tentacruel\n|\n|upkeep\n|\n|t:|1732987521\n|switch|p2a: Magnezone|Magnezone, L85|258/258\n|turn|10\n|\n|t:|1732987537\n|switch|p1a: Tsareena|Tsareena, L87, F|267/267\n|move|p2a: Magnezone|Thunderbolt|p1a: Tsareena\n|-resisted|p1a: Tsareena\n|-crit|p1a: Tsareena\n|-damage|p1a: Tsareena|187/267\n|\n|upkeep\n|turn|11\n|\n|t:|1732987542\n|switch|p2a: Spectrier|Spectrier, L75|274/274\n|move|p1a: Tsareena|Knock Off|p2a: Spectrier\n|-supereffective|p2a: Spectrier\n|-damage|p2a: Spectrier|0 fnt\n|-enditem|p2a: Spectrier|Life Orb|[from] move: Knock Off|[of] p1a: Tsareena\n|faint|p2a: Spectrier\n|-damage|p1a: Tsareena|161/267|[from] item: Life Orb\n|\n|upkeep\n|-message|Blobfish123_ forfeited.\n|\n|win|Summer Ant 1\n|raw|Summer Ant 1's rating: 1886 &rarr; <strong>1909</strong><br />(+23 for winning)\n|raw|Blobfish123_'s rating: 1936 &rarr; <strong>1913</strong><br />(-23 for losing)\n|l|\u2606Blobfish123_\n|player|p2|\n", "inputlog": ">version b107d77f5c90bd6555267ae244a6264823309ead\n>start {\"formatid\":\"gen9randombattle\",\"seed\":[50979,27824,51944,21049],\"rated\":\"Rated battle\"}\n>player p1 {\"name\":\"Summer Ant 1\",\"avatar\":\"hilda\",\"rating\":1886,\"seed\":[61102,18454,29023,58202]}\n>player p2 {\"name\":\"Blobfish123_\",\"avatar\":\"backers\",\"rating\":1936,\"seed\":[40174,32730,490,9983]}\n>p1 switch 6\n>p2 switch 4\n>p1 move earthquake\n>p2 move surf\n>p1 move bodyslam\n>p2 switch 2\n>p1 move bodyslam\n>p2 move recover\n>p1 move earthquake\n>p2 move stealthrock\n>p2 switch 6\n>p1 switch 6\n>p2 move closecombat\n>p1 move closecombat\n>p2 switch 4\n>p1 move suckerpunch\n>p2 move pollenpuff\n>p2 switch 4\n>p1 move closecombat\n>p2 switch 2\n>p2 switch 5\n>p1 switch 2\n>p2 move thunderbolt\n>p1 move knockoff\n>p2 switch 3\n>forcelose p2", "uploadtime": 1732987551, "views": 2, "formatid": "gen9randombattle", "rating": 1909, "private": 0, "password": null}