{"id": "gen9randombattle-2254066720", "format": "[Gen 9] Random Battle", "players": ["Adrimg71", "smiley123"], "log": "|j|\u2606Adrimg71\n|j|\u2606smiley123\n|t:|1732987073\n|gametype|singles\n|player|p1|Adrimg71|265|1464\n|player|p2|smiley123|bruno|1447\n|teamsize|p1|6\n|teamsize|p2|6\n|gen|9\n|tier|[Gen 9] Random Battle\n|rated|\n|rule|Species Clause: Limit one of each Pok\u00e9mon\n|rule|HP Percentage Mod: HP is shown in percentages\n|rule|Sleep Clause Mod: Limit one foe put to sleep\n|rule|Illusion Level Mod: Illusion disguises the Pok\u00e9mon's true level\n|\n|t:|1732987073\n|start\n|switch|p1a: Honchkrow|Honchkrow, L86, M|312/312\n|switch|p2a: Heracross|Heracross, L80, F|259/259\n|turn|1\n|inactive|Battle timer is ON: inactive players will automatically lose when time's up. (requested by Adrimg71)\n|\n|t:|1732987092\n|switch|p2a: Drifblim|Drifblim, L86, F|398/398\n|move|p1a: Honchkrow|Brave Bird|p2a: Drifblim\n|-damage|p2a: Drifblim|125/398\n|-damage|p1a: Honchkrow|222/312|[from] Recoil\n|\n|upkeep\n|turn|2\n|\n|t:|1732987101\n|move|p1a: Honchkrow|Sucker Punch||[still]\n|-fail|p1a: Honchkrow\n|move|p2a: Drifblim|Strength Sap|p1a: Honchkrow\n|-unboost|p1a: Honchkrow|atk|1\n|-heal|p2a: Drifblim|389/398\n|\n|upkeep\n|turn|3\n|inactive|smiley123 has 120 seconds left.\n|inactive|smiley123 has 90 seconds left.\n|\n|t:|1732987161\n|move|p2a: Drifblim|Air Slash|p1a: Honchkrow\n|-damage|p1a: Honchkrow|104/312\n|cant|p1a: Honchkrow|flinch\n|\n|upkeep\n|turn|4\n|\n|t:|1732987169\n|move|p2a: Drifblim|Air Slash|p1a: Honchkrow\n|-damage|p1a: Honchkrow|0 fnt\n|faint|p1a: Honchkrow\n|\n|upkeep\n|\n|t:|1732987176\n|switch|p1a: Spectrier|Spectrier, L75|274/274\n|turn|5\n|inactive|smiley123 has 90 seconds left.\n|\n|t:|1732987201\n|move|p1a: Spectrier|Nasty Plot|p1a: Spectrier\n|-boost|p1a: Spectrier|spa|2\n|move|p2a: Drifblim|Shadow Ball|p1a: Spectrier\n|-supereffective|p1a: Spectrier\n|-damage|p1a: Spectrier|56/274\n|-unboost|p1a: Spectrier|spd|1\n|\n|upkeep\n|turn|6\n|inactive|smiley123 has 90 seconds left.\n|\n|t:|1732987215\n|move|p1a: Spectrier|Shadow Ball|p2a: Drifblim\n|-supereffective|p2a: Drifblim\n|-damage|p2a: Drifblim|0 fnt\n|faint|p2a: Drifblim\n|-ability|p1a: Spectrier|Grim Neigh|boost\n|-boost|p1a: Spectrier|spa|1\n|-damage|p1a: Spectrier|29/274|[from] item: Life Orb\n|\n|upkeep\n|\n|t:|1732987216\n|switch|p2a: Heracross|Heracross, L80, F|259/259\n|turn|7\n|\n|t:|1732987236\n|-terastallize|p2a: Heracross|Normal\n|move|p1a: Spectrier|Draining Kiss|p2a: Heracross\n|-damage|p2a: Heracross|138/259\n|-heal|p1a: Spectrier|120/274|[from] drain|[of] p2a: Heracross\n|-damage|p1a: Spectrier|93/274|[from] item: Life Orb\n|move|p2a: Heracross|Trailblaze|p1a: Spectrier\n|-damage|p1a: Spectrier|38/274\n|-boost|p2a: Heracross|spe|1\n|\n|-status|p2a: Heracross|brn|[from] item: Flame Orb\n|upkeep\n|turn|8\n|\n|t:|1732987248\n|move|p2a: Heracross|Knock Off|p1a: Spectrier\n|-supereffective|p1a: Spectrier\n|-damage|p1a: Spectrier|0 fnt\n|-enditem|p1a: Spectrier|Life Orb|[from] move: Knock Off|[of] p2a: Heracross\n|faint|p1a: Spectrier\n|\n|-damage|p2a: Heracross|122/259 brn|[from] brn\n|upkeep\n|\n|t:|1732987258\n|switch|p1a: Kyogre|Kyogre, L71|259/259\n|-weather|RainDance|[from] ability: Drizzle|[of] p1a: Kyogre\n|turn|9\n|\n|t:|1732987265\n|move|p2a: Heracross|Facade|p1a: Kyogre\n|-damage|p1a: Kyogre|0 fnt\n|faint|p1a: Kyogre\n|\n|-weather|RainDance|[upkeep]\n|-damage|p2a: Heracross|106/259 brn|[from] brn\n|upkeep\n|\n|t:|1732987272\n|switch|p1a: Rhyperior|Rhyperior, L82, F|323/323\n|turn|10\n|\n|t:|1732987278\n|move|p2a: Heracross|Close Combat|p1a: Rhyperior\n|-supereffective|p1a: Rhyperior\n|-damage|p1a: Rhyperior|71/323\n|-unboost|p2a: Heracross|def|1\n|-unboost|p2a: Heracross|spd|1\n|move|p1a: Rhyperior|Earthquake|p2a: Heracross\n|-damage|p2a: Heracross|0 fnt\n|faint|p2a: Heracross\n|\n|-weather|RainDance|[upkeep]\n|upkeep\n|inactive|smiley123 has 120 seconds left.\n|\n|t:|1732987303\n|switch|p2a: Mesprit|Mesprit, L85|275/275\n|turn|11\n|\n|t:|1732987319\n|move|p2a: Mesprit|Psychic Noise|p1a: Rhyperior\n|-damage|p1a: Rhyperior|0 fnt\n|faint|p1a: Rhyperior\n|\n|-weather|RainDance|[upkeep]\n|upkeep\n|\n|t:|1732987325\n|switch|p1a: Bellossom|Bellossom, L84, M|263/263\n|turn|12\n|\n|t:|1732987341\n|move|p2a: Mesprit|Knock Off|p1a: Bellossom\n|-damage|p1a: Bellossom|187/263\n|-enditem|p1a: Bellossom|Leftovers|[from] move: Knock Off|[of] p2a: Mesprit\n|move|p1a: Bellossom|Quiver Dance|p1a: Bellossom\n|-boost|p1a: Bellossom|spa|1\n|-boost|p1a: Bellossom|spd|1\n|-boost|p1a: Bellossom|spe|1\n|\n|-weather|RainDance|[upkeep]\n|upkeep\n|turn|13\n|\n|t:|1732987351\n|switch|p2a: Flareon|Flareon, L90, F|263/263\n|move|p1a: Bellossom|Sleep Powder|p2a: Flareon|[miss]\n|-miss|p1a: Bellossom|p2a: Flareon\n|\n|-weather|none\n|-status|p2a: Flareon|tox|[from] item: Toxic Orb\n|upkeep\n|turn|14\n|inactive|smiley123 has 120 seconds left.\n|\n|t:|1732987387\n|move|p1a: Bellossom|Strength Sap|p2a: Flareon\n|-unboost|p2a: Flareon|atk|1\n|-heal|p1a: Bellossom|263/263\n|move|p2a: Flareon|Flare Blitz|p1a: Bellossom\n|-supereffective|p1a: Bellossom\n|-damage|p1a: Bellossom|0 fnt\n|faint|p1a: Bellossom\n|-damage|p2a: Flareon|176/263 tox|[from] Recoil\n|\n|-damage|p2a: Flareon|160/263 tox|[from] psn\n|upkeep\n|\n|t:|1732987396\n|switch|p1a: Ninetales|Ninetales-Alola, L78, M|242/242\n|-weather|Snow|[from] ability: Snow Warning|[of] p1a: Ninetales\n|turn|15\n|\n|t:|1732987426\n|-terastallize|p1a: Ninetales|Water\n|move|p1a: Ninetales|Aurora Veil|p1a: Ninetales\n|-sidestart|p1: Adrimg71|move: Aurora Veil\n|move|p2a: Flareon|Flare Blitz|p1a: Ninetales\n|-resisted|p1a: Ninetales\n|-damage|p1a: Ninetales|182/242\n|-damage|p2a: Flareon|140/263 tox|[from] Recoil\n|\n|-weather|Snow|[upkeep]\n|-damage|p2a: Flareon|108/263 tox|[from] psn\n|upkeep\n|turn|16\n|\n|t:|1732987435\n|switch|p2a: Mesprit|Mesprit, L85|275/275\n|move|p1a: Ninetales|Moonblast|p2a: Mesprit\n|-damage|p2a: Mesprit|233/275\n|-unboost|p2a: Mesprit|spa|1\n|\n|-weather|Snow|[upkeep]\n|upkeep\n|turn|17\n|\n|t:|1732987443\n|move|p1a: Ninetales|Blizzard|p2a: Mesprit\n|-damage|p2a: Mesprit|178/275\n|move|p2a: Mesprit|Knock Off|p1a: Ninetales\n|-damage|p1a: Ninetales|136/242\n|-enditem|p1a: Ninetales|Light Clay|[from] move: Knock Off|[of] p2a: Mesprit\n|\n|-weather|Snow|[upkeep]\n|upkeep\n|turn|18\n|\n|t:|1732987455\n|move|p1a: Ninetales|Blizzard|p2a: Mesprit\n|-damage|p2a: Mesprit|129/275\n|move|p2a: Mesprit|Thunderbolt|p1a: Ninetales\n|-supereffective|p1a: Ninetales\n|-damage|p1a: Ninetales|87/242\n|\n|-weather|Snow|[upkeep]\n|upkeep\n|turn|19\n|inactive|smiley123 has 120 seconds left.\n|\n|t:|1732987474\n|move|p1a: Ninetales|Blizzard|p2a: Mesprit\n|-damage|p2a: Mesprit|80/275\n|move|p2a: Mesprit|Thunderbolt|p1a: Ninetales\n|-supereffective|p1a: Ninetales\n|-damage|p1a: Ninetales|43/242\n|\n|-weather|none\n|upkeep\n|turn|20\n|inactive|smiley123 has 120 seconds left.\n|\n|t:|1732987484\n|move|p1a: Ninetales|Blizzard|p2a: Mesprit\n|-damage|p2a: Mesprit|29/275\n|move|p2a: Mesprit|Drain Punch|p1a: Ninetales\n|-damage|p1a: Ninetales|9/242\n|-heal|p2a: Mesprit|46/275|[from] drain|[of] p1a: Ninetales\n|\n|upkeep\n|turn|21\n|l|\u2606smiley123\n|inactive|smiley123 disconnected and has a minute to reconnect!\n|player|p2|\n|\n|t:|1732987501\n|move|p1a: Ninetales|Blizzard|p2a: Mesprit\n|-damage|p2a: Mesprit|0 fnt\n|faint|p2a: Mesprit\n|\n|upkeep\n|inactive|smiley123 has 30 seconds to reconnect!\n|inactive|smiley123 has 20 seconds to reconnect!\n|inactive|smiley123 has 15 seconds to reconnect!\n|inactive|smiley123 has 10 seconds to reconnect!\n|inactive|smiley123 has 5 seconds to reconnect!\n|-message|smiley123 lost due to inactivity.\n|\n|win|Adrimg71\n|raw|Adrimg71's rating: 1464 &rarr; <strong>1483</strong><br />(+19 for winning)\n|raw|smiley123's rating: 1447 &rarr; <strong>1428</strong><br />(-19 for losing)\n", "inputlog": ">version b107d77f5c90bd6555267ae244a6264823309ead\n>start {\"formatid\":\"gen9randombattle\",\"seed\":[22613,41696,27019,62461],\"rated\":\"Rated battle\"}\n>player p1 {\"name\":\"Adrimg71\",\"avatar\":\"265\",\"rating\":1464,\"seed\":[63772,63540,63155,11334]}\n>player p2 {\"name\":\"smiley123\",\"avatar\":\"bruno\",\"rating\":1447,\"seed\":[20935,40380,26215,12496]}\n>p1 move bravebird\n>p2 switch 5\n>p1 move suckerpunch\n>p2 move strengthsap\n>p1 move uturn\n>p2 move airslash\n>p1 move uturn\n>p2 move airslash\n>p1 switch 6\n>p1 move nastyplot\n>p2 move shadowball\n>p1 move shadowball\n>p2 move shadowball\n>p2 switch 5\n>p1 move drainingkiss\n>p2 move trailblaze terastallize\n>p1 move darkpulse\n>p2 move knockoff\n>p1 switch 3\n>p1 move waterspout\n>p2 move facade\n>p1 switch 2\n>p1 move earthquake\n>p2 move closecombat\n>p2 switch 6\n>p1 move megahorn\n>p2 move psychicnoise\n>p1 switch 5\n>p1 move quiverdance\n>p2 move knockoff\n>p1 move sleeppowder\n>p2 switch 2\n>p1 move strengthsap\n>p2 move flareblitz\n>p1 switch 4\n>p1 move auroraveil terastallize\n>p2 move flareblitz\n>p1 move moonblast\n>p2 switch 2\n>p1 move blizzard\n>p2 move knockoff\n>p1 move blizzard\n>p2 move thunderbolt\n>p1 move blizzard\n>p2 move thunderbolt\n>p1 move blizzard\n>p2 move drainpunch\n>p1 move blizzard\n>p2 move drainpunch\n>forcelose p2", "uploadtime": 1732987730, "views": 2, "formatid": "gen9randombattle", "rating": 1428, "private": 0, "password": null}