{"id": "gen9randombattle-2253897317", "format": "[Gen 9] Random Battle", "players": ["Dousan", "fatgusgus"], "log": "|j|\u2606Dousan\n|j|\u2606fatgusgus\n|t:|1732958937\n|gametype|singles\n|player|p1|Dousan|thorton|\n|player|p2|fatgusgus|101|\n|teamsize|p1|6\n|teamsize|p2|6\n|gen|9\n|tier|[Gen 9] Random Battle\n|rule|Species Clause: Limit one of each Pok\u00e9mon\n|rule|HP Percentage Mod: HP is shown in percentages\n|rule|Sleep Clause Mod: Limit one foe put to sleep\n|rule|Illusion Level Mod: Illusion disguises the Pok\u00e9mon's true level\n|\n|t:|1732958937\n|start\n|switch|p1a: Tyranitar|Tyranitar, L79, F|288/288\n|switch|p2a: Corviknight|Corviknight, L80, M|288/288\n|-ability|p2a: Corviknight|Pressure\n|-weather|Sandstorm|[from] ability: Sand Stream|[of] p1a: Tyranitar\n|turn|1\n|\n|t:|1732958984\n|move|p2a: Corviknight|Defog|p1a: Tyranitar\n|-unboost|p1a: Tyranitar|evasion|1\n|move|p1a: Tyranitar|Knock Off|p2a: Corviknight\n|-damage|p2a: Corviknight|173/288\n|-enditem|p2a: Corviknight|Leftovers|[from] move: Knock Off|[of] p1a: Tyranitar\n|\n|-weather|Sandstorm|[upkeep]\n|upkeep\n|turn|2\n|inactive|Battle timer is ON: inactive players will automatically lose when time's up. (requested by Dousan)\n|\n|t:|1732959006\n|move|p2a: Corviknight|Body Press|p1a: Tyranitar\n|-supereffective|p1a: Tyranitar\n|-damage|p1a: Tyranitar|100/288\n|move|p1a: Tyranitar|Dragon Dance|p1a: Tyranitar\n|-boost|p1a: Tyranitar|atk|1\n|-boost|p1a: Tyranitar|spe|1\n|\n|-weather|Sandstorm|[upkeep]\n|-heal|p1a: Tyranitar|118/288|[from] item: Leftovers\n|upkeep\n|turn|3\n|inactive|Dousan has 270 seconds left.\n|\n|t:|1732959037\n|switch|p1a: Quagsire|Quagsire, L84, F|297/297\n|-terastallize|p2a: Corviknight|Dragon\n|move|p2a: Corviknight|Body Press|p1a: Quagsire\n|-damage|p1a: Quagsire|237/297\n|\n|-weather|Sandstorm|[upkeep]\n|-damage|p2a: Corviknight|155/288|[from] Sandstorm\n|-heal|p1a: Quagsire|255/297|[from] item: Leftovers\n|upkeep\n|turn|4\n|\n|t:|1732959052\n|switch|p2a: Lurantis|Lurantis, L87, F|264/264\n|move|p1a: Quagsire|Toxic|p2a: Lurantis\n|-status|p2a: Lurantis|tox\n|\n|-weather|Sandstorm|[upkeep]\n|-damage|p2a: Lurantis|248/264 tox|[from] Sandstorm\n|-heal|p2a: Lurantis|264/264 tox|[from] item: Leftovers\n|-heal|p1a: Quagsire|273/297|[from] item: Leftovers\n|-damage|p2a: Lurantis|248/264 tox|[from] psn\n|upkeep\n|turn|5\n|inactive|Dousan has 270 seconds left.\n|\n|t:|1732959072\n|switch|p1a: Entei|Entei, L78|307/307\n|move|p2a: Lurantis|Leaf Storm|p1a: Entei\n|-resisted|p1a: Entei\n|-crit|p1a: Entei\n|-damage|p1a: Entei|201/307\n|-boost|p2a: Lurantis|spa|2\n|\n|-weather|none\n|-heal|p2a: Lurantis|264/264 tox|[from] item: Leftovers\n|-damage|p2a: Lurantis|232/264 tox|[from] psn\n|upkeep\n|turn|6\n|inactive|Dousan has 270 seconds left.\n|\n|t:|1732959095\n|switch|p2a: Heatran|Heatran, L79, M|273/273\n|-item|p2a: Heatran|Air Balloon\n|move|p1a: Entei|Sacred Fire|p2a: Heatran\n|-start|p2a: Heatran|ability: Flash Fire\n|\n|upkeep\n|turn|7\n|inactive|Dousan has 270 seconds left.\n|\n|t:|1732959108\n|switch|p1a: Ditto|Ditto, L87|225/225\n|-transform|p1a: Ditto|p2a: Heatran|[from] ability: Imposter\n|move|p2a: Heatran|Stealth Rock|p1a: Ditto\n|-sidestart|p1: Dousan|move: Stealth Rock\n|\n|upkeep\n|turn|8\n|inactive|Dousan has 270 seconds left.\n|\n|t:|1732959122\n|move|p1a: Ditto|Earth Power|p2a: Heatran\n|-immune|p2a: Heatran\n|move|p2a: Heatran|Earth Power|p1a: Ditto\n|-supereffective|p1a: Ditto\n|-damage|p1a: Ditto|0 fnt\n|faint|p1a: Ditto\n|\n|upkeep\n|inactive|Dousan has 270 seconds left.\n|c|\u2606Dousan|oh i forgot\n|\n|t:|1732959144\n|switch|p1a: Barraskewda|Barraskewda, L81, M|231/231\n|-damage|p1a: Barraskewda|203/231|[from] Stealth Rock\n|turn|9\n|\n|t:|1732959156\n|-end|p2a: Heatran|ability: Flash Fire|[silent]\n|switch|p2a: Corviknight|Corviknight, L80, M, tera:Dragon|155/288\n|-ability|p2a: Corviknight|Pressure\n|-terastallize|p1a: Barraskewda|Water\n|move|p1a: Barraskewda|Waterfall|p2a: Corviknight\n|-resisted|p2a: Corviknight\n|-damage|p2a: Corviknight|74/288\n|\n|upkeep\n|turn|10\n|\n|t:|1732959166\n|move|p1a: Barraskewda|Waterfall|p2a: Corviknight\n|-resisted|p2a: Corviknight\n|-damage|p2a: Corviknight|0 fnt\n|faint|p2a: Corviknight\n|\n|upkeep\n|\n|t:|1732959174\n|switch|p2a: Lurantis|Lurantis, L87, F|232/264 tox\n|turn|11\n|\n|t:|1732959181\n|switch|p1a: Entei|Entei, L78|201/307\n|-damage|p1a: Entei|125/307|[from] Stealth Rock\n|switch|p2a: Greninja|Greninja, L80, M|246/246\n|\n|upkeep\n|turn|12\n|inactive|Dousan has 270 seconds left.\n|\n|t:|1732959212\n|move|p1a: Entei|Extreme Speed|p2a: Greninja\n|-damage|p2a: Greninja|142/246\n|move|p2a: Greninja|Hydro Pump|p1a: Entei\n|-start|p2a: Greninja|typechange|Water|[from] ability: Protean\n|-supereffective|p1a: Entei\n|-damage|p1a: Entei|0 fnt\n|faint|p1a: Entei\n|-damage|p2a: Greninja|118/246|[from] item: Life Orb\n|\n|upkeep\n|\n|t:|1732959222\n|switch|p1a: Alcremie|Alcremie-Rainbow-Swirl, L90, F|263/263\n|-damage|p1a: Alcremie|231/263|[from] Stealth Rock\n|turn|13\n|\n|t:|1732959231\n|move|p2a: Greninja|U-turn|p1a: Alcremie\n|-resisted|p1a: Alcremie\n|-damage|p1a: Alcremie|201/263\n|-damage|p2a: Greninja|94/246|[from] item: Life Orb\n|\n|t:|1732959239\n|switch|p2a: Heatran|Heatran, L79, M|273/273|[from] U-turn\n|-item|p2a: Heatran|Air Balloon\n|move|p1a: Alcremie|Alluring Voice|p2a: Heatran\n|-resisted|p2a: Heatran\n|-damage|p2a: Heatran|247/273\n|-enditem|p2a: Heatran|Air Balloon\n|\n|-heal|p1a: Alcremie|217/263|[from] item: Leftovers\n|upkeep\n|turn|14\n|inactive|Dousan has 270 seconds left.\n|\n|t:|1732959251\n|switch|p1a: Quagsire|Quagsire, L84, F|273/297\n|-damage|p1a: Quagsire|255/297|[from] Stealth Rock\n|move|p2a: Heatran|Magma Storm|p1a: Quagsire\n|-resisted|p1a: Quagsire\n|-damage|p1a: Quagsire|183/297\n|-activate|p1a: Quagsire|move: Magma Storm|[of] p2a: Heatran\n|\n|-heal|p1a: Quagsire|201/297|[from] item: Leftovers\n|-damage|p1a: Quagsire|164/297|[from] move: Magma Storm|[partiallytrapped]\n|upkeep\n|turn|15\n|\n|t:|1732959270\n|switch|p2a: Greninja|Greninja, L80, M|94/246\n|move|p1a: Quagsire|Recover|p1a: Quagsire\n|-heal|p1a: Quagsire|297/297\n|\n|-end|p1a: Quagsire|Magma Storm|[partiallytrapped]|[silent]\n|upkeep\n|turn|16\n|\n|t:|1732959279\n|move|p2a: Greninja|Toxic Spikes|p1a: Quagsire\n|-start|p2a: Greninja|typechange|Poison|[from] ability: Protean\n|-sidestart|p1: Dousan|move: Toxic Spikes\n|move|p1a: Quagsire|Ice Beam|p2a: Greninja\n|-damage|p2a: Greninja|32/246\n|-status|p2a: Greninja|frz\n|\n|upkeep\n|turn|17\n|\n|t:|1732959288\n|cant|p2a: Greninja|frz\n|move|p1a: Quagsire|Earthquake|p2a: Greninja\n|-supereffective|p2a: Greninja\n|-damage|p2a: Greninja|0 fnt\n|faint|p2a: Greninja\n|\n|upkeep\n|\n|t:|1732959296\n|switch|p2a: Lurantis|Lurantis, L87, F|232/264 tox\n|turn|18\n|\n|t:|1732959308\n|switch|p1a: Alcremie|Alcremie-Rainbow-Swirl, L90, F|217/263\n|-damage|p1a: Alcremie|185/263|[from] Stealth Rock\n|-status|p1a: Alcremie|psn\n|move|p2a: Lurantis|Knock Off|p1a: Alcremie\n|-resisted|p1a: Alcremie\n|-damage|p1a: Alcremie|143/263 psn\n|-enditem|p1a: Alcremie|Leftovers|[from] move: Knock Off|[of] p2a: Lurantis\n|\n|-heal|p2a: Lurantis|248/264 tox|[from] item: Leftovers\n|-damage|p1a: Alcremie|111/263 psn|[from] psn\n|-damage|p2a: Lurantis|232/264 tox|[from] psn\n|upkeep\n|turn|19\n|\n|t:|1732959332\n|switch|p2a: Heatran|Heatran, L79, M|247/273\n|move|p1a: Alcremie|Recover|p1a: Alcremie\n|-heal|p1a: Alcremie|243/263 psn\n|\n|-damage|p1a: Alcremie|211/263 psn|[from] psn\n|upkeep\n|turn|20\n|\n|t:|1732959342\n|switch|p1a: Barraskewda|Barraskewda, L81, M, tera:Water|203/231\n|-damage|p1a: Barraskewda|175/231|[from] Stealth Rock\n|-status|p1a: Barraskewda|psn\n|move|p2a: Heatran|Magma Storm|p1a: Barraskewda|[miss]\n|-miss|p2a: Heatran|p1a: Barraskewda\n|\n|-damage|p1a: Barraskewda|147/231 psn|[from] psn\n|upkeep\n|turn|21\n|inactive|fatgusgus has 270 seconds left.\n|\n|t:|1732959371\n|switch|p2a: Lurantis|Lurantis, L87, F|232/264 tox\n|move|p1a: Barraskewda|Close Combat|p2a: Lurantis\n|-damage|p2a: Lurantis|96/264 tox\n|-unboost|p1a: Barraskewda|def|1\n|-unboost|p1a: Barraskewda|spd|1\n|\n|-heal|p2a: Lurantis|112/264 tox|[from] item: Leftovers\n|-damage|p1a: Barraskewda|119/231 psn|[from] psn\n|-damage|p2a: Lurantis|96/264 tox|[from] psn\n|upkeep\n|turn|22\n|inactive|fatgusgus has 270 seconds left.\n|\n|t:|1732959390\n|move|p1a: Barraskewda|Close Combat|p2a: Lurantis\n|-damage|p2a: Lurantis|0 fnt\n|-unboost|p1a: Barraskewda|def|1\n|-unboost|p1a: Barraskewda|spd|1\n|faint|p2a: Lurantis\n|\n|-damage|p1a: Barraskewda|91/231 psn|[from] psn\n|upkeep\n|\n|t:|1732959406\n|switch|p2a: Spectrier|Spectrier, L75|274/274\n|turn|23\n|inactive|fatgusgus has 240 seconds left.\n|\n|t:|1732959441\n|switch|p1a: Alcremie|Alcremie-Rainbow-Swirl, L90, F|211/263 psn\n|-damage|p1a: Alcremie|179/263 psn|[from] Stealth Rock\n|switch|p2a: Calyrex|Calyrex-Ice, L72|263/263\n|-ability|p2a: Calyrex|As One\n|-ability|p2a: Calyrex|Unnerve\n|\n|-damage|p1a: Alcremie|147/263 psn|[from] psn\n|upkeep\n|turn|24\n|inactive|fatgusgus has 240 seconds left.\n|\n|t:|1732959463\n|move|p1a: Alcremie|Recover|p1a: Alcremie\n|-heal|p1a: Alcremie|263/263 psn\n|move|p2a: Calyrex|Glacial Lance|p1a: Alcremie\n|-damage|p1a: Alcremie|106/263 psn\n|\n|-damage|p1a: Alcremie|74/263 psn|[from] psn\n|upkeep\n|turn|25\n|inactive|Dousan has 270 seconds left.\n|\n|t:|1732959483\n|move|p1a: Alcremie|Alluring Voice|p2a: Calyrex\n|-damage|p2a: Calyrex|175/263\n|move|p2a: Calyrex|Glacial Lance|p1a: Alcremie\n|-damage|p1a: Alcremie|0 fnt\n|faint|p1a: Alcremie\n|-ability|p2a: Calyrex|Chilling Neigh|boost\n|-boost|p2a: Calyrex|atk|1\n|\n|upkeep\n|\n|t:|1732959486\n|switch|p1a: Barraskewda|Barraskewda, L81, M, tera:Water|91/231 psn\n|-damage|p1a: Barraskewda|63/231 psn|[from] Stealth Rock\n|turn|26\n|inactive|fatgusgus has 240 seconds left.\n|\n|t:|1732959501\n|switch|p2a: Spectrier|Spectrier, L75|274/274\n|move|p1a: Barraskewda|Waterfall|p2a: Spectrier\n|-damage|p2a: Spectrier|0 fnt\n|faint|p2a: Spectrier\n|\n|-damage|p1a: Barraskewda|35/231 psn|[from] psn\n|upkeep\n|\n|t:|1732959522\n|switch|p2a: Calyrex|Calyrex-Ice, L72|175/263\n|-ability|p2a: Calyrex|As One\n|-ability|p2a: Calyrex|Unnerve\n|turn|27\n|\n|t:|1732959539\n|switch|p2a: Heatran|Heatran, L79, M|247/273\n|move|p1a: Barraskewda|Waterfall|p2a: Heatran\n|-supereffective|p2a: Heatran\n|-damage|p2a: Heatran|0 fnt\n|faint|p2a: Heatran\n|\n|-damage|p1a: Barraskewda|7/231 psn|[from] psn\n|upkeep\n|\n|t:|1732959548\n|switch|p2a: Calyrex|Calyrex-Ice, L72|175/263\n|-ability|p2a: Calyrex|As One\n|-ability|p2a: Calyrex|Unnerve\n|turn|28\n|\n|t:|1732959561\n|move|p1a: Barraskewda|Waterfall|p2a: Calyrex\n|-damage|p2a: Calyrex|31/263\n|move|p2a: Calyrex|High Horsepower|p1a: Barraskewda\n|-damage|p1a: Barraskewda|0 fnt\n|faint|p1a: Barraskewda\n|-ability|p2a: Calyrex|Chilling Neigh|boost\n|-boost|p2a: Calyrex|atk|1\n|\n|upkeep\n|\n|t:|1732959567\n|switch|p1a: Quagsire|Quagsire, L84, F|297/297\n|-damage|p1a: Quagsire|279/297|[from] Stealth Rock\n|-status|p1a: Quagsire|psn\n|turn|29\n|\n|t:|1732959576\n|move|p2a: Calyrex|Close Combat|p1a: Quagsire\n|-damage|p1a: Quagsire|174/297 psn\n|-unboost|p2a: Calyrex|def|1\n|-unboost|p2a: Calyrex|spd|1\n|move|p1a: Quagsire|Earthquake|p2a: Calyrex\n|-damage|p2a: Calyrex|0 fnt\n|faint|p2a: Calyrex\n|\n|win|Dousan\n|c|\u2606Dousan|gg\n", "inputlog": ">version b107d77f5c90bd6555267ae244a6264823309ead\n>start {\"formatid\":\"gen9randombattle\",\"seed\":[9639,52654,58394,589]}\n>player p1 {\"name\":\"Dousan\",\"avatar\":\"thorton\",\"rating\":0,\"seed\":[12881,19398,192,15027]}\n>player p2 {\"name\":\"fatgusgus\",\"avatar\":\"101\",\"rating\":0,\"seed\":[21000,8601,14273,46230]}\n>p1 move knockoff\n>p2 move defog\n>p1 move dragondance\n>p2 move bodypress\n>p1 switch 3\n>p2 move bodypress terastallize\n>p1 move toxic\n>p2 switch 5\n>p1 switch 4\n>p2 move leafstorm\n>p1 move sacredfire\n>p2 switch 2\n>p1 switch 5\n>p2 move stealthrock\n>p1 move earthpower\n>p2 move earthpower\n>chat \u2606Dousan|oh i forgot\n>p1 switch 2\n>p1 move waterfall terastallize\n>p2 switch 5\n>p1 move waterfall\n>p2 move roost\n>p2 switch 2\n>p1 switch 5\n>p2 switch 6\n>p1 move extremespeed\n>p2 move hydropump\n>p1 switch 6\n>p1 move alluringvoice\n>p2 move uturn\n>p2 switch 5\n>p1 switch 4\n>p2 move magmastorm\n>p1 move recover\n>p2 switch 5\n>p1 move icebeam\n>p2 move toxicspikes\n>p1 move earthquake\n>p2 move toxicspikes\n>p2 switch 6\n>p1 switch 4\n>p2 move knockoff\n>p1 move recover\n>p2 switch 5\n>p1 switch 5\n>p2 move magmastorm\n>p1 move closecombat\n>p2 switch 5\n>p1 move closecombat\n>p2 move synthesis\n>p2 switch 3\n>p1 switch 5\n>p2 switch 4\n>p1 move recover\n>p2 move glaciallance\n>p1 move alluringvoice\n>p2 move glaciallance\n>p1 switch 5\n>p1 move waterfall\n>p2 switch 4\n>p2 switch 4\n>p1 move waterfall\n>p2 switch 5\n>p2 switch 5\n>p1 move waterfall\n>p2 move highhorsepower\n>p1 switch 4\n>p1 move earthquake\n>p2 move closecombat", "uploadtime": 1732959591, "views": 4, "formatid": "gen9randombattle", "rating": null, "private": 0, "password": null}