{"id": "gen9randombattle-2253994795", "format": "[Gen 9] Random Battle", "players": ["i hate swaggy", "rms value"], "log": "|j|\u2606i hate swaggy\n|j|\u2606rms value\n|t:|1732977309\n|gametype|singles\n|player|p1|i hate swaggy|miku-grass|\n|player|p2|rms value|n|\n|teamsize|p1|6\n|teamsize|p2|6\n|gen|9\n|tier|[Gen 9] Random Battle\n|rule|Species Clause: Limit one of each Pok\u00e9mon\n|rule|HP Percentage Mod: HP is shown in percentages\n|rule|Sleep Clause Mod: Limit one foe put to sleep\n|rule|Illusion Level Mod: Illusion disguises the Pok\u00e9mon's true level\n|\n|t:|1732977309\n|start\n|switch|p1a: Carbink|Carbink, L90|236/236\n|switch|p2a: Glalie|Glalie, L96, F|309/309\n|turn|1\n|\n|t:|1732977326\n|move|p2a: Glalie|Taunt|p1a: Carbink\n|-start|p1a: Carbink|move: Taunt\n|cant|p1a: Carbink|move: Taunt|Rock Polish\n|\n|upkeep\n|turn|2\n|\n|t:|1732977329\n|move|p2a: Glalie|Spikes|p1a: Carbink\n|-sidestart|p1: i hate swaggy|Spikes\n|move|p1a: Carbink|Body Press|p2a: Glalie\n|-supereffective|p2a: Glalie\n|-damage|p2a: Glalie|121/309\n|\n|upkeep\n|turn|3\n|c|\u2606i hate swaggy|bonk\n|\n|t:|1732977335\n|move|p2a: Glalie|Earthquake|p1a: Carbink\n|-supereffective|p1a: Carbink\n|-damage|p1a: Carbink|142/236\n|move|p1a: Carbink|Body Press|p2a: Glalie\n|-supereffective|p2a: Glalie\n|-damage|p2a: Glalie|0 fnt\n|faint|p2a: Glalie\n|\n|-heal|p1a: Carbink|156/236|[from] item: Leftovers\n|-end|p1a: Carbink|move: Taunt\n|upkeep\n|c|\u2606i hate swaggy|bonk 2\n|\n|t:|1732977345\n|switch|p2a: Ludicolo|Ludicolo, L90, F|290/290\n|turn|4\n|\n|t:|1732977356\n|switch|p1a: Gogoat|Gogoat, L88, F|360/360\n|-damage|p1a: Gogoat|315/360|[from] Spikes\n|move|p2a: Ludicolo|Hydro Pump|p1a: Gogoat\n|-resisted|p1a: Gogoat\n|-damage|p1a: Gogoat|210/360\n|\n|-heal|p1a: Gogoat|232/360|[from] item: Leftovers\n|upkeep\n|turn|5\n|\n|t:|1732977366\n|switch|p2a: Emboar|Emboar, L84, F|322/322\n|move|p1a: Gogoat|Milk Drink|p1a: Gogoat\n|-heal|p1a: Gogoat|360/360\n|\n|upkeep\n|turn|6\n|\n|t:|1732977379\n|switch|p1a: Carbink|Carbink, L90|156/236\n|-damage|p1a: Carbink|127/236|[from] Spikes\n|move|p2a: Emboar|Flare Blitz|p1a: Carbink\n|-resisted|p1a: Carbink\n|-damage|p1a: Carbink|70/236\n|-damage|p2a: Emboar|303/322|[from] Recoil\n|\n|-heal|p1a: Carbink|84/236|[from] item: Leftovers\n|upkeep\n|turn|7\n|\n|t:|1732977392\n|move|p2a: Emboar|Scald|p1a: Carbink\n|-supereffective|p1a: Carbink\n|-damage|p1a: Carbink|16/236\n|-status|p1a: Carbink|brn\n|move|p1a: Carbink|Rock Polish|p1a: Carbink\n|-boost|p1a: Carbink|spe|2\n|\n|-heal|p1a: Carbink|30/236 brn|[from] item: Leftovers\n|-damage|p1a: Carbink|16/236 brn|[from] brn\n|upkeep\n|turn|8\n|c|\u2606i hate swaggy|love the set\n|\n|t:|1732977413\n|move|p1a: Carbink|Moonblast|p2a: Emboar\n|-damage|p2a: Emboar|239/322\n|move|p2a: Emboar|Scald|p1a: Carbink\n|-supereffective|p1a: Carbink\n|-damage|p1a: Carbink|0 fnt\n|faint|p1a: Carbink\n|\n|upkeep\n|c|\u2606i hate swaggy|chip\n|c|\u2606i hate swaggy|yea figured\n|\n|t:|1732977432\n|switch|p1a: Seviper|Seviper, L93, M|287/287\n|-damage|p1a: Seviper|252/287|[from] Spikes\n|turn|9\n|\n|t:|1732977451\n|switch|p2a: Pachirisu|Pachirisu, L96, F|271/271\n|move|p1a: Seviper|Earthquake|p2a: Pachirisu\n|-supereffective|p2a: Pachirisu\n|-crit|p2a: Pachirisu\n|-damage|p2a: Pachirisu|0 fnt\n|faint|p2a: Pachirisu\n|\n|-heal|p1a: Seviper|269/287|[from] item: Leftovers\n|upkeep\n|c|\u2606i hate swaggy|rip\n|\n|t:|1732977464\n|switch|p2a: Ludicolo|Ludicolo, L90, F|290/290\n|turn|10\n|\n|t:|1732977471\n|move|p2a: Ludicolo|Ice Beam|p1a: Seviper\n|-damage|p1a: Seviper|145/287\n|move|p1a: Seviper|Gunk Shot|p2a: Ludicolo|[miss]\n|-miss|p1a: Seviper|p2a: Ludicolo\n|\n|-heal|p1a: Seviper|162/287|[from] item: Leftovers\n|upkeep\n|turn|11\n|c|\u2606i hate swaggy|rude\n|\n|t:|1732977485\n|-terastallize|p2a: Ludicolo|Water\n|move|p2a: Ludicolo|Ice Beam|p1a: Seviper\n|-damage|p1a: Seviper|44/287\n|move|p1a: Seviper|Gunk Shot|p2a: Ludicolo\n|-damage|p2a: Ludicolo|122/290\n|-status|p2a: Ludicolo|psn\n|\n|-heal|p1a: Seviper|61/287|[from] item: Leftovers\n|-damage|p2a: Ludicolo|86/290 psn|[from] psn\n|upkeep\n|turn|12\n|\n|t:|1732977501\n|switch|p1a: Glaceon|Glaceon, L94, M|275/275\n|move|p2a: Ludicolo|Ice Beam|p1a: Glaceon\n|-resisted|p1a: Glaceon\n|-damage|p1a: Glaceon|230/275\n|\n|-damage|p2a: Ludicolo|50/290 psn|[from] psn\n|upkeep\n|turn|13\n|\n|t:|1732977520\n|move|p2a: Ludicolo|Ice Beam|p1a: Glaceon\n|-resisted|p1a: Glaceon\n|-damage|p1a: Glaceon|185/275\n|move|p1a: Glaceon|Calm Mind|p1a: Glaceon\n|-boost|p1a: Glaceon|spa|1\n|-boost|p1a: Glaceon|spd|1\n|\n|-damage|p2a: Ludicolo|14/290 psn|[from] psn\n|upkeep\n|turn|14\n|\n|t:|1732977533\n|move|p2a: Ludicolo|Ice Beam|p1a: Glaceon\n|-resisted|p1a: Glaceon\n|-damage|p1a: Glaceon|157/275\n|move|p1a: Glaceon|Calm Mind|p1a: Glaceon\n|-boost|p1a: Glaceon|spa|1\n|-boost|p1a: Glaceon|spd|1\n|\n|-damage|p2a: Ludicolo|0 fnt|[from] psn\n|faint|p2a: Ludicolo\n|upkeep\n|\n|t:|1732977539\n|switch|p2a: Emboar|Emboar, L84, F|239/322\n|turn|15\n|\n|t:|1732977543\n|move|p1a: Glaceon|Protect|p1a: Glaceon\n|-singleturn|p1a: Glaceon|Protect\n|move|p2a: Emboar|Flare Blitz|p1a: Glaceon\n|-activate|p1a: Glaceon|move: Protect\n|\n|upkeep\n|turn|16\n|\n|t:|1732977551\n|move|p1a: Glaceon|Freeze-Dry|p2a: Emboar\n|-resisted|p2a: Emboar\n|-damage|p2a: Emboar|141/322\n|move|p2a: Emboar|Flare Blitz|p1a: Glaceon\n|-supereffective|p1a: Glaceon\n|-damage|p1a: Glaceon|0 fnt\n|faint|p1a: Glaceon\n|-damage|p2a: Emboar|89/322|[from] Recoil\n|\n|upkeep\n|c|\u2606i hate swaggy|chip\n|\n|t:|1732977560\n|switch|p1a: Seviper|Seviper, L93, M|61/287\n|-damage|p1a: Seviper|26/287|[from] Spikes\n|turn|17\n|\n|t:|1732977565\n|move|p1a: Seviper|Earthquake|p2a: Emboar\n|-supereffective|p2a: Emboar\n|-damage|p2a: Emboar|0 fnt\n|faint|p2a: Emboar\n|\n|-heal|p1a: Seviper|43/287|[from] item: Leftovers\n|upkeep\n|\n|t:|1732977567\n|switch|p2a: Raichu|Raichu, L88, M|249/249\n|turn|18\n|c|\u2606i hate swaggy|no sucker punch\n|\n|t:|1732977573\n|move|p2a: Raichu|Thunderbolt|p1a: Seviper\n|-damage|p1a: Seviper|0 fnt\n|faint|p1a: Seviper\n|-damage|p2a: Raichu|225/249|[from] item: Life Orb\n|\n|upkeep\n|\n|t:|1732977580\n|switch|p1a: Enamorus|Enamorus-Therian, L83, F|259/259\n|turn|19\n|\n|t:|1732977592\n|-terastallize|p1a: Enamorus|Ground\n|move|p2a: Raichu|Nasty Plot|p2a: Raichu\n|-boost|p2a: Raichu|spa|2\n|move|p1a: Enamorus|Agility|p1a: Enamorus\n|-boost|p1a: Enamorus|spe|2\n|\n|upkeep\n|turn|20\n|\n|t:|1732977599\n|move|p1a: Enamorus|Earth Power|p2a: Raichu\n|-supereffective|p2a: Raichu\n|-damage|p2a: Raichu|0 fnt\n|faint|p2a: Raichu\n|\n|upkeep\n|c|\u2606i hate swaggy|yea\n|\n|t:|1732977612\n|switch|p2a: Malamar|Malamar, L82, F|275/275\n|turn|21\n|\n|t:|1732977619\n|move|p1a: Enamorus|Superpower|p2a: Malamar\n|-damage|p2a: Malamar|171/275\n|-unboost|p1a: Enamorus|atk|1\n|-unboost|p1a: Enamorus|def|1\n|move|p2a: Malamar|Superpower|p1a: Enamorus\n|-damage|p1a: Enamorus|165/259\n|-boost|p2a: Malamar|atk|1\n|-boost|p2a: Malamar|def|1\n|\n|-heal|p2a: Malamar|188/275|[from] item: Leftovers\n|upkeep\n|turn|22\n|c|\u2606i hate swaggy|oh wait\n|c|\u2606i hate swaggy|this isnt contrary\n|c|\u2606i hate swaggy|lmao\n|c|\u2606i hate swaggy|no moonblast\n|\n|t:|1732977645\n|move|p1a: Enamorus|Moonblast|p2a: Malamar\n|-supereffective|p2a: Malamar\n|-damage|p2a: Malamar|0 fnt\n|faint|p2a: Malamar\n|\n|win|i hate swaggy\n|c|\u2606i hate swaggy|shush\n|l|\u2606rms value\n|player|p2|\n", "inputlog": ">version b107d77f5c90bd6555267ae244a6264823309ead\n>start {\"formatid\":\"gen9randombattle\",\"seed\":[5725,27935,46608,30232]}\n>player p1 {\"name\":\"i hate swaggy\",\"avatar\":\"miku-grass\",\"rating\":0,\"seed\":[22689,28300,10298,20304]}\n>player p2 {\"name\":\"rms value\",\"avatar\":\"n\",\"rating\":0,\"seed\":[46116,62333,25990,9540]}\n>p1 move rockpolish\n>p2 move taunt\n>p1 move bodypress\n>p2 move spikes\n>chat \u2606i hate swaggy|bonk\n>p1 move bodypress\n>p2 move earthquake\n>chat \u2606i hate swaggy|bonk 2\n>p2 switch 6\n>p1 switch 6\n>p2 move hydropump\n>p1 move milkdrink\n>p2 switch 5\n>p1 switch 6\n>p2 move flareblitz\n>p1 move rockpolish\n>p2 move scald\n>chat \u2606i hate swaggy|love the set\n>p1 move moonblast\n>p2 move scald\n>chat \u2606i hate swaggy|chip\n>chat \u2606i hate swaggy|yea figured\n>p1 switch 3\n>p1 move earthquake\n>p2 switch 2\n>chat \u2606i hate swaggy|rip\n>p2 switch 5\n>p1 move gunkshot\n>p2 move icebeam\n>chat \u2606i hate swaggy|rude\n>p1 move gunkshot\n>p2 move icebeam terastallize\n>p1 switch 5\n>p2 move icebeam\n>p1 move calmmind\n>p2 move icebeam\n>p1 move calmmind\n>p2 move icebeam\n>p2 switch 2\n>p1 move protect\n>p2 move flareblitz\n>p1 move freezedry\n>p2 move flareblitz\n>chat \u2606i hate swaggy|chip\n>p1 switch 5\n>p1 move earthquake\n>p2 move flareblitz\n>p2 switch 3\n>chat \u2606i hate swaggy|no sucker punch\n>p1 move earthquake\n>p2 move thunderbolt\n>p1 switch 2\n>p1 move agility terastallize\n>p2 move nastyplot\n>p1 move earthpower\n>p2 move encore\n>chat \u2606i hate swaggy|yea\n>p2 switch 4\n>p1 move superpower\n>p2 move superpower\n>chat \u2606i hate swaggy|oh wait\n>chat \u2606i hate swaggy|this isnt contrary\n>chat \u2606i hate swaggy|lmao\n>chat \u2606i hate swaggy|no moonblast\n>p1 move moonblast\n>p2 move superpower", "uploadtime": 1732977650, "views": 1, "formatid": "gen9randombattle", "rating": null, "private": 0, "password": null}