{"id": "gen9randombattle-2253947903", "format": "[Gen 9] Random Battle", "players": ["123456789ok", "jmcg noob"], "log": "|j|\u2606123456789ok\n|j|\u2606jmcg noob\n|t:|1732969531\n|gametype|singles\n|player|p1|123456789ok|169|1375\n|player|p2|jmcg noob|volkner|1422\n|teamsize|p1|6\n|teamsize|p2|6\n|gen|9\n|tier|[Gen 9] Random Battle\n|rated|\n|rule|Species Clause: Limit one of each Pok\u00e9mon\n|rule|HP Percentage Mod: HP is shown in percentages\n|rule|Sleep Clause Mod: Limit one foe put to sleep\n|rule|Illusion Level Mod: Illusion disguises the Pok\u00e9mon's true level\n|\n|t:|1732969531\n|start\n|switch|p1a: Serperior|Serperior, L79, M|248/248\n|switch|p2a: Iron Moth|Iron Moth, L78|253/253\n|turn|1\n|inactive|Battle timer is ON: inactive players will automatically lose when time's up. (requested by jmcg noob)\n|inactive|123456789ok also wants the timer to be on.\n|c|\u2606jmcg noob|Wow\n|l|\u2606123456789ok\n|inactive|123456789ok disconnected and has a minute to reconnect!\n|player|p1|\n|j|\u2606123456789ok\n|inactive|123456789ok reconnected and has 115 seconds left.\n|player|p1|123456789ok|169|\n|c|\u2606jmcg noob|Oooo man 110 seconds?\n|\n|t:|1732969584\n|switch|p1a: Hawlucha|Hawlucha, L80, F|256/256\n|move|p2a: Iron Moth|Sludge Wave|p1a: Hawlucha\n|-damage|p1a: Hawlucha|100/256\n|\n|upkeep\n|turn|2\n|\n|t:|1732969593\n|move|p1a: Hawlucha|Acrobatics|p2a: Iron Moth\n|-damage|p2a: Iron Moth|177/253\n|move|p2a: Iron Moth|Fire Blast|p1a: Hawlucha\n|-damage|p1a: Hawlucha|0 fnt\n|faint|p1a: Hawlucha\n|\n|upkeep\n|\n|t:|1732969598\n|switch|p1a: Quaquaval|Quaquaval, L79, F|264/264\n|turn|3\n|\n|t:|1732969607\n|-end|p2a: Iron Moth|Quark Drive|[silent]\n|switch|p2a: Archaludon|Archaludon, L78, F|268/268\n|move|p1a: Quaquaval|Swords Dance|p1a: Quaquaval\n|-boost|p1a: Quaquaval|atk|2\n|\n|upkeep\n|turn|4\n|\n|t:|1732969613\n|move|p1a: Quaquaval|Swords Dance|p1a: Quaquaval\n|-boost|p1a: Quaquaval|atk|2\n|move|p2a: Archaludon|Draco Meteor|p1a: Quaquaval\n|-damage|p1a: Quaquaval|77/264\n|-unboost|p2a: Archaludon|spa|2\n|\n|upkeep\n|turn|5\n|\n|t:|1732969619\n|-terastallize|p2a: Archaludon|Fighting\n|move|p1a: Quaquaval|Close Combat|p2a: Archaludon\n|-damage|p2a: Archaludon|0 fnt\n|-unboost|p1a: Quaquaval|def|1\n|-unboost|p1a: Quaquaval|spd|1\n|faint|p2a: Archaludon\n|-ability|p1a: Quaquaval|Moxie|boost\n|-boost|p1a: Quaquaval|atk|1\n|-damage|p1a: Quaquaval|51/264|[from] item: Life Orb\n|\n|upkeep\n|\n|t:|1732969628\n|switch|p2a: Galvantula|Galvantula, L82, M|249/249\n|turn|6\n|\n|t:|1732969633\n|move|p2a: Galvantula|Bug Buzz|p1a: Quaquaval\n|-resisted|p1a: Quaquaval\n|-damage|p1a: Quaquaval|0 fnt\n|faint|p1a: Quaquaval\n|\n|upkeep\n|\n|t:|1732969644\n|switch|p1a: Dudunsparce|Dudunsparce, L83, F|343/343\n|turn|7\n|\n|t:|1732969651\n|move|p2a: Galvantula|Sticky Web|p1a: Dudunsparce\n|-sidestart|p1: 123456789ok|move: Sticky Web\n|move|p1a: Dudunsparce|Earthquake|p2a: Galvantula\n|-damage|p2a: Galvantula|156/249\n|\n|upkeep\n|turn|8\n|\n|t:|1732969661\n|move|p2a: Galvantula|Bug Buzz|p1a: Dudunsparce\n|-damage|p1a: Dudunsparce|243/343\n|move|p1a: Dudunsparce|Earthquake|p2a: Galvantula\n|-damage|p2a: Galvantula|63/249\n|\n|-heal|p1a: Dudunsparce|264/343|[from] item: Leftovers\n|upkeep\n|turn|9\n|\n|t:|1732969666\n|move|p2a: Galvantula|Volt Switch|p1a: Dudunsparce\n|-damage|p1a: Dudunsparce|186/343\n|\n|t:|1732969670\n|switch|p2a: Scizor|Scizor, L79, F|240/240|[from] Volt Switch\n|move|p1a: Dudunsparce|Earthquake|p2a: Scizor\n|-damage|p2a: Scizor|167/240\n|\n|-heal|p1a: Dudunsparce|207/343|[from] item: Leftovers\n|upkeep\n|turn|10\n|\n|t:|1732969678\n|move|p2a: Scizor|Swords Dance|p2a: Scizor\n|-boost|p2a: Scizor|atk|2\n|move|p1a: Dudunsparce|Glare|p2a: Scizor\n|-status|p2a: Scizor|par\n|\n|-heal|p1a: Dudunsparce|228/343|[from] item: Leftovers\n|upkeep\n|turn|11\n|\n|t:|1732969682\n|move|p1a: Dudunsparce|Headbutt|p2a: Scizor\n|-resisted|p2a: Scizor\n|-damage|p2a: Scizor|131/240 par\n|cant|p2a: Scizor|par\n|\n|-heal|p1a: Dudunsparce|249/343|[from] item: Leftovers\n|upkeep\n|turn|12\n|\n|t:|1732969687\n|move|p1a: Dudunsparce|Headbutt|p2a: Scizor\n|-resisted|p2a: Scizor\n|-damage|p2a: Scizor|94/240 par\n|cant|p2a: Scizor|flinch\n|\n|-heal|p1a: Dudunsparce|270/343|[from] item: Leftovers\n|upkeep\n|turn|13\n|\n|t:|1732969693\n|move|p1a: Dudunsparce|Headbutt|p2a: Scizor\n|-resisted|p2a: Scizor\n|-damage|p2a: Scizor|59/240 par\n|cant|p2a: Scizor|flinch\n|\n|-heal|p1a: Dudunsparce|291/343|[from] item: Leftovers\n|upkeep\n|turn|14\n|\n|t:|1732969698\n|move|p1a: Dudunsparce|Earthquake|p2a: Scizor\n|-damage|p2a: Scizor|0 fnt\n|faint|p2a: Scizor\n|\n|-heal|p1a: Dudunsparce|312/343|[from] item: Leftovers\n|upkeep\n|\n|t:|1732969704\n|switch|p2a: Galvantula|Galvantula, L82, M|63/249\n|turn|15\n|\n|t:|1732969707\n|move|p2a: Galvantula|Thunder|p1a: Dudunsparce\n|-damage|p1a: Dudunsparce|185/343\n|move|p1a: Dudunsparce|Earthquake|p2a: Galvantula\n|-damage|p2a: Galvantula|0 fnt\n|faint|p2a: Galvantula\n|\n|-heal|p1a: Dudunsparce|206/343|[from] item: Leftovers\n|upkeep\n|\n|t:|1732969715\n|switch|p2a: Iron Moth|Iron Moth, L78|177/253\n|turn|16\n|\n|t:|1732969719\n|move|p2a: Iron Moth|Toxic Spikes|p1a: Dudunsparce\n|-sidestart|p1: 123456789ok|move: Toxic Spikes\n|move|p1a: Dudunsparce|Glare|p2a: Iron Moth\n|-status|p2a: Iron Moth|par\n|\n|-heal|p1a: Dudunsparce|227/343|[from] item: Leftovers\n|upkeep\n|turn|17\n|\n|t:|1732969727\n|move|p1a: Dudunsparce|Headbutt|p2a: Iron Moth\n|-damage|p2a: Iron Moth|77/253 par\n|cant|p2a: Iron Moth|flinch\n|\n|-heal|p1a: Dudunsparce|248/343|[from] item: Leftovers\n|upkeep\n|turn|18\n|\n|t:|1732969732\n|move|p1a: Dudunsparce|Headbutt|p2a: Iron Moth\n|-damage|p2a: Iron Moth|0 fnt\n|faint|p2a: Iron Moth\n|-end|p2a: Iron Moth|Quark Drive|[silent]\n|\n|-heal|p1a: Dudunsparce|269/343|[from] item: Leftovers\n|upkeep\n|\n|t:|1732969738\n|switch|p2a: Meowstic|Meowstic, L89, M|277/277\n|turn|19\n|\n|t:|1732969742\n|move|p2a: Meowstic|Thunder Wave|p1a: Dudunsparce\n|-status|p1a: Dudunsparce|par\n|cant|p1a: Dudunsparce|par\n|\n|-heal|p1a: Dudunsparce|290/343 par|[from] item: Leftovers\n|upkeep\n|turn|20\n|\n|t:|1732969748\n|move|p2a: Meowstic|Alluring Voice|p1a: Dudunsparce\n|-damage|p1a: Dudunsparce|220/343 par\n|move|p1a: Dudunsparce|Glare|p2a: Meowstic\n|-status|p2a: Meowstic|par\n|\n|-heal|p1a: Dudunsparce|241/343 par|[from] item: Leftovers\n|upkeep\n|turn|21\n|\n|t:|1732969756\n|cant|p2a: Meowstic|par\n|move|p1a: Dudunsparce|Earthquake|p2a: Meowstic\n|-damage|p2a: Meowstic|206/277 par\n|\n|-heal|p2a: Meowstic|223/277 par|[from] item: Leftovers\n|-heal|p1a: Dudunsparce|262/343 par|[from] item: Leftovers\n|upkeep\n|turn|22\n|\n|t:|1732969762\n|move|p2a: Meowstic|Alluring Voice|p1a: Dudunsparce\n|-damage|p1a: Dudunsparce|194/343 par\n|move|p1a: Dudunsparce|Earthquake|p2a: Meowstic\n|-damage|p2a: Meowstic|146/277 par\n|\n|-heal|p2a: Meowstic|163/277 par|[from] item: Leftovers\n|-heal|p1a: Dudunsparce|215/343 par|[from] item: Leftovers\n|upkeep\n|turn|23\n|\n|t:|1732969767\n|cant|p2a: Meowstic|par\n|move|p1a: Dudunsparce|Headbutt|p2a: Meowstic\n|-damage|p2a: Meowstic|84/277 par\n|\n|-heal|p2a: Meowstic|101/277 par|[from] item: Leftovers\n|-heal|p1a: Dudunsparce|236/343 par|[from] item: Leftovers\n|upkeep\n|turn|24\n|\n|t:|1732969773\n|cant|p2a: Meowstic|par\n|move|p1a: Dudunsparce|Headbutt|p2a: Meowstic\n|-damage|p2a: Meowstic|17/277 par\n|\n|-heal|p2a: Meowstic|34/277 par|[from] item: Leftovers\n|-heal|p1a: Dudunsparce|257/343 par|[from] item: Leftovers\n|upkeep\n|turn|25\n|\n|t:|1732969778\n|cant|p2a: Meowstic|par\n|move|p1a: Dudunsparce|Headbutt|p2a: Meowstic\n|-damage|p2a: Meowstic|0 fnt\n|faint|p2a: Meowstic\n|\n|-heal|p1a: Dudunsparce|278/343 par|[from] item: Leftovers\n|upkeep\n|\n|t:|1732969781\n|switch|p2a: Mimikyu|Mimikyu, L79, F|216/216\n|turn|26\n|\n|t:|1732969801\n|move|p2a: Mimikyu|Swords Dance|p2a: Mimikyu\n|-boost|p2a: Mimikyu|atk|2\n|cant|p1a: Dudunsparce|par\n|\n|-heal|p1a: Dudunsparce|299/343 par|[from] item: Leftovers\n|upkeep\n|turn|27\n|\n|t:|1732969809\n|move|p2a: Mimikyu|Play Rough|p1a: Dudunsparce\n|-damage|p1a: Dudunsparce|75/343 par\n|-damage|p2a: Mimikyu|195/216|[from] item: Life Orb\n|move|p1a: Dudunsparce|Earthquake|p2a: Mimikyu\n|-activate|p2a: Mimikyu|ability: Disguise\n|-damage|p2a: Mimikyu|195/216\n|detailschange|p2a: Mimikyu|Mimikyu-Busted, L79, F\n|-damage|p2a: Mimikyu|168/216|[from] pokemon: Mimikyu-Busted\n|\n|-heal|p1a: Dudunsparce|96/343 par|[from] item: Leftovers\n|upkeep\n|turn|28\n|\n|t:|1732969820\n|move|p2a: Mimikyu|Play Rough|p1a: Dudunsparce\n|-damage|p1a: Dudunsparce|0 fnt\n|faint|p1a: Dudunsparce\n|-damage|p2a: Mimikyu|147/216|[from] item: Life Orb\n|\n|upkeep\n|\n|t:|1732969828\n|switch|p1a: Serperior|Serperior, L79, M|248/248\n|-activate|p1a: Serperior|move: Sticky Web\n|-boost|p1a: Serperior|spe|1\n|-status|p1a: Serperior|psn\n|turn|29\n|\n|t:|1732969842\n|move|p1a: Serperior|Glare|p2a: Mimikyu\n|-status|p2a: Mimikyu|par\n|move|p2a: Mimikyu|Play Rough|p1a: Serperior\n|-damage|p1a: Serperior|48/248 psn\n|-damage|p2a: Mimikyu|126/216 par|[from] item: Life Orb\n|\n|-damage|p1a: Serperior|17/248 psn|[from] psn\n|upkeep\n|turn|30\n|\n|t:|1732969852\n|cant|p2a: Mimikyu|par\n|move|p1a: Serperior|Leaf Storm|p2a: Mimikyu\n|-damage|p2a: Mimikyu|0 fnt\n|-boost|p1a: Serperior|spa|2\n|faint|p2a: Mimikyu\n|-damage|p1a: Serperior|0 fnt|[from] item: Life Orb\n|faint|p1a: Serperior\n|\n|win|123456789ok\n|raw|123456789ok's rating: 1375 &rarr; <strong>1398</strong><br />(+23 for winning)\n|raw|jmcg noob's rating: 1422 &rarr; <strong>1399</strong><br />(-23 for losing)\n|c|\u2606jmcg noob|Lucker\n|c|\u2606jmcg noob|Sortudo do crlh\n|l|\u2606jmcg noob\n|player|p2|\n", "inputlog": ">version b107d77f5c90bd6555267ae244a6264823309ead\n>start {\"formatid\":\"gen9randombattle\",\"seed\":[62726,54865,10072,54478],\"rated\":\"Rated battle\"}\n>player p1 {\"name\":\"123456789ok\",\"avatar\":\"169\",\"rating\":1375,\"seed\":[11266,24952,16330,15475]}\n>player p2 {\"name\":\"jmcg noob\",\"avatar\":\"volkner\",\"rating\":1422,\"seed\":[23707,30029,43401,18567]}\n>chat \u2606jmcg noob|Wow\n>chat \u2606jmcg noob|Oooo man 110 seconds?\n>p1 switch 5\n>p2 move sludgewave\n>p1 move acrobatics\n>p2 move fireblast\n>p1 switch 2\n>p1 move swordsdance\n>p2 switch 2\n>p1 move swordsdance\n>p2 move dracometeor\n>p1 move closecombat\n>p2 move dracometeor terastallize\n>p2 switch 6\n>p1 move aquastep\n>p2 move bugbuzz\n>p1 switch 3\n>p1 move earthquake\n>p2 move stickyweb\n>p1 move earthquake\n>p2 move bugbuzz\n>p1 move earthquake\n>p2 move voltswitch\n>p2 switch 3\n>p1 move glare\n>p2 move swordsdance\n>p1 move headbutt\n>p2 move closecombat\n>p1 move headbutt\n>p2 move closecombat\n>p1 move headbutt\n>p2 move closecombat\n>p1 move earthquake\n>p2 move closecombat\n>p2 switch 3\n>p1 move earthquake\n>p2 move thunder\n>p2 switch 2\n>p1 move glare\n>p2 move toxicspikes\n>p1 move headbutt\n>p2 move fireblast\n>p1 move headbutt\n>p2 move fireblast\n>p2 switch 5\n>p1 move glare\n>p2 move thunderwave\n>p1 move glare\n>p2 move alluringvoice\n>p1 move earthquake\n>p2 move alluringvoice\n>p1 move earthquake\n>p2 move alluringvoice\n>p1 move headbutt\n>p2 move alluringvoice\n>p1 move headbutt\n>p2 move alluringvoice\n>p1 move headbutt\n>p2 move alluringvoice\n>p2 switch 4\n>p1 move glare\n>p2 move swordsdance\n>p1 move earthquake\n>p2 move playrough\n>p1 move glare\n>p2 move playrough\n>p1 switch 5\n>p1 move glare\n>p2 move playrough\n>p1 move leafstorm\n>p2 move shadowsneak", "uploadtime": 1732969886, "views": 2, "formatid": "gen9randombattle", "rating": 1398, "private": 0, "password": null}