{"id": "gen9randombattle-2254063205", "format": "[Gen 9] Random Battle", "players": ["Blobfish123_", "myriadrivers"], "log": "|j|\u2606Blobfish123_\n|j|\u2606myriadrivers\n|t:|1732986630\n|gametype|singles\n|player|p1|Blobfish123_|backers|1984\n|player|p2|myriadrivers|miku-fire|1932\n|teamsize|p1|6\n|teamsize|p2|6\n|gen|9\n|tier|[Gen 9] Random Battle\n|rated|\n|rule|Species Clause: Limit one of each Pok\u00e9mon\n|rule|HP Percentage Mod: HP is shown in percentages\n|rule|Sleep Clause Mod: Limit one foe put to sleep\n|rule|Illusion Level Mod: Illusion disguises the Pok\u00e9mon's true level\n|\n|t:|1732986630\n|start\n|switch|p1a: Eiscue|Eiscue, L88, F|272/272\n|switch|p2a: Komala|Komala, L89, F|260/260\n|-ability|p2a: Komala|Comatose\n|turn|1\n|inactive|Battle timer is ON: inactive players will automatically lose when time's up. (requested by myriadrivers)\n|\n|t:|1732986651\n|switch|p2a: Tentacruel|Tentacruel, L84, M|272/272\n|move|p1a: Eiscue|Ice Spinner|p2a: Tentacruel\n|-resisted|p2a: Tentacruel\n|-damage|p2a: Tentacruel|217/272\n|\n|-heal|p2a: Tentacruel|234/272|[from] item: Leftovers\n|upkeep\n|turn|2\n|\n|t:|1732986666\n|switch|p1a: Chansey|Chansey, L85, F|564/564\n|move|p2a: Tentacruel|Toxic|p1a: Chansey\n|-status|p1a: Chansey|tox\n|\n|-heal|p2a: Tentacruel|251/272|[from] item: Leftovers\n|-damage|p1a: Chansey|529/564 tox|[from] psn\n|upkeep\n|turn|3\n|\n|t:|1732986674\n|switch|p2a: Komala|Komala, L89, F|260/260\n|-ability|p2a: Komala|Comatose\n|move|p1a: Chansey|Stealth Rock|p2a: Komala\n|-sidestart|p2: myriadrivers|move: Stealth Rock\n|\n|-damage|p1a: Chansey|459/564 tox|[from] psn\n|upkeep\n|turn|4\n|\n|t:|1732986690\n|-curestatus|p1a: Chansey|tox|[from] ability: Natural Cure\n|switch|p1a: Glastrier|Glastrier, L86|312/312\n|move|p2a: Komala|Knock Off|p1a: Glastrier\n|-damage|p1a: Glastrier|248/312\n|-enditem|p1a: Glastrier|Heavy-Duty Boots|[from] move: Knock Off|[of] p2a: Komala\n|\n|upkeep\n|turn|5\n|\n|t:|1732986704\n|move|p2a: Komala|Rapid Spin|p1a: Glastrier\n|-damage|p1a: Glastrier|197/312\n|-boost|p2a: Komala|spe|1\n|-sideend|p2: myriadrivers|Stealth Rock|[from] move: Rapid Spin|[of] p2a: Komala\n|move|p1a: Glastrier|Swords Dance|p1a: Glastrier\n|-boost|p1a: Glastrier|atk|2\n|\n|upkeep\n|turn|6\n|inactive|myriadrivers has 120 seconds left.\n|\n|t:|1732986736\n|move|p2a: Komala|U-turn|p1a: Glastrier\n|-crit|p1a: Glastrier\n|-damage|p1a: Glastrier|130/312\n|\n|t:|1732986740\n|switch|p2a: Tentacruel|Tentacruel, L84, M|251/272|[from] U-turn\n|move|p1a: Glastrier|Icicle Crash|p2a: Tentacruel\n|-resisted|p2a: Tentacruel\n|-damage|p2a: Tentacruel|92/272\n|\n|-heal|p2a: Tentacruel|109/272|[from] item: Leftovers\n|upkeep\n|turn|7\n|inactive|myriadrivers has 120 seconds left.\n|\n|t:|1732986768\n|move|p2a: Tentacruel|Sludge Bomb|p1a: Glastrier\n|-damage|p1a: Glastrier|66/312\n|move|p1a: Glastrier|High Horsepower|p2a: Tentacruel\n|-supereffective|p2a: Tentacruel\n|-damage|p2a: Tentacruel|0 fnt\n|faint|p2a: Tentacruel\n|-ability|p1a: Glastrier|Chilling Neigh|boost\n|-boost|p1a: Glastrier|atk|1\n|\n|upkeep\n|\n|t:|1732986790\n|switch|p2a: Leafeon|Leafeon, L88, F|258/258\n|turn|8\n|\n|t:|1732986799\n|move|p2a: Leafeon|Leaf Blade|p1a: Glastrier\n|-crit|p1a: Glastrier\n|-damage|p1a: Glastrier|0 fnt\n|faint|p1a: Glastrier\n|-damage|p2a: Leafeon|233/258|[from] item: Life Orb\n|\n|upkeep\n|\n|t:|1732986802\n|switch|p1a: Yanmega|Yanmega, L82, M|275/275\n|turn|9\n|\n|t:|1732986814\n|switch|p2a: Komala|Komala, L89, F|260/260\n|-ability|p2a: Komala|Comatose\n|move|p1a: Yanmega|Bug Buzz|p2a: Komala\n|-damage|p2a: Komala|196/260\n|\n|-ability|p1a: Yanmega|Speed Boost|boost\n|-boost|p1a: Yanmega|spe|1\n|upkeep\n|turn|10\n|\n|t:|1732986823\n|switch|p1a: Eiscue|Eiscue, L88, F|272/272\n|move|p2a: Komala|Body Slam|p1a: Eiscue\n|-activate|p1a: Eiscue|ability: Ice Face\n|-damage|p1a: Eiscue|272/272\n|-status|p1a: Eiscue|par\n|detailschange|p1a: Eiscue|Eiscue-Noice, L88, F\n|\n|upkeep\n|turn|11\n|inactive|myriadrivers has 120 seconds left.\n|\n|t:|1732986834\n|move|p2a: Komala|Knock Off|p1a: Eiscue\n|-damage|p1a: Eiscue|167/272 par\n|-enditem|p1a: Eiscue|Salac Berry|[from] move: Knock Off|[of] p2a: Komala\n|cant|p1a: Eiscue|par\n|\n|upkeep\n|turn|12\n|inactive|myriadrivers has 120 seconds left.\n|\n|t:|1732986839\n|move|p2a: Komala|Body Slam|p1a: Eiscue\n|-damage|p1a: Eiscue|41/272 par\n|move|p1a: Eiscue|Ice Spinner|p2a: Komala\n|-damage|p2a: Komala|99/260\n|\n|upkeep\n|turn|13\n|\n|t:|1732986845\n|move|p2a: Komala|Rapid Spin|p1a: Eiscue\n|-damage|p1a: Eiscue|0 fnt\n|-boost|p2a: Komala|spe|1\n|faint|p1a: Eiscue\n|\n|upkeep\n|\n|t:|1732986855\n|switch|p1a: Clawitzer|Clawitzer, L87, M|265/265\n|turn|14\n|\n|t:|1732986860\n|move|p2a: Komala|Knock Off|p1a: Clawitzer\n|-damage|p1a: Clawitzer|183/265\n|-enditem|p1a: Clawitzer|Assault Vest|[from] move: Knock Off|[of] p2a: Komala\n|move|p1a: Clawitzer|Aura Sphere|p2a: Komala\n|-supereffective|p2a: Komala\n|-damage|p2a: Komala|0 fnt\n|faint|p2a: Komala\n|\n|upkeep\n|\n|t:|1732986868\n|switch|p2a: Leafeon|Leafeon, L88, F|233/258\n|turn|15\n|\n|t:|1732986873\n|switch|p1a: Yanmega|Yanmega, L82, M|275/275\n|move|p2a: Leafeon|Swords Dance|p2a: Leafeon\n|-boost|p2a: Leafeon|atk|2\n|\n|upkeep\n|turn|16\n|\n|t:|1732986883\n|move|p1a: Yanmega|Protect|p1a: Yanmega\n|-singleturn|p1a: Yanmega|Protect\n|move|p2a: Leafeon|Double-Edge|p1a: Yanmega\n|-activate|p1a: Yanmega|move: Protect\n|\n|-ability|p1a: Yanmega|Speed Boost|boost\n|-boost|p1a: Yanmega|spe|1\n|upkeep\n|turn|17\n|\n|t:|1732986892\n|switch|p2a: Pachirisu|Pachirisu, L96, M|271/271\n|move|p1a: Yanmega|Bug Buzz|p2a: Pachirisu\n|-damage|p2a: Pachirisu|214/271\n|\n|-ability|p1a: Yanmega|Speed Boost|boost\n|-boost|p1a: Yanmega|spe|1\n|upkeep\n|turn|18\n|\n|t:|1732986902\n|switch|p1a: Chansey|Chansey, L85, F|459/564\n|move|p2a: Pachirisu|Nuzzle|p1a: Chansey\n|-damage|p1a: Chansey|420/564\n|-status|p1a: Chansey|par\n|\n|upkeep\n|turn|19\n|\n|t:|1732986911\n|move|p2a: Pachirisu|Super Fang|p1a: Chansey\n|-damage|p1a: Chansey|210/564 par\n|move|p1a: Chansey|Thunder Wave|p2a: Pachirisu\n|-heal|p2a: Pachirisu|271/271|[from] ability: Volt Absorb|[of] p1a: Chansey\n|\n|upkeep\n|turn|20\n|\n|t:|1732986918\n|move|p2a: Pachirisu|Super Fang|p1a: Chansey\n|-damage|p1a: Chansey|105/564 par\n|move|p1a: Chansey|Soft-Boiled|p1a: Chansey\n|-heal|p1a: Chansey|387/564 par\n|\n|upkeep\n|turn|21\n|\n|t:|1732986934\n|move|p2a: Pachirisu|Super Fang|p1a: Chansey|[miss]\n|-miss|p2a: Pachirisu|p1a: Chansey\n|move|p1a: Chansey|Stealth Rock|p2a: Pachirisu\n|-sidestart|p2: myriadrivers|move: Stealth Rock\n|\n|upkeep\n|turn|22\n|\n|t:|1732986938\n|move|p2a: Pachirisu|Super Fang|p1a: Chansey|[miss]\n|-miss|p2a: Pachirisu|p1a: Chansey\n|move|p1a: Chansey|Seismic Toss|p2a: Pachirisu\n|-damage|p2a: Pachirisu|186/271\n|\n|upkeep\n|turn|23\n|\n|t:|1732986943\n|move|p2a: Pachirisu|Super Fang|p1a: Chansey\n|-damage|p1a: Chansey|194/564 par\n|cant|p1a: Chansey|par\n|\n|upkeep\n|turn|24\n|\n|t:|1732986948\n|move|p2a: Pachirisu|Super Fang|p1a: Chansey|[miss]\n|-miss|p2a: Pachirisu|p1a: Chansey\n|move|p1a: Chansey|Soft-Boiled|p1a: Chansey\n|-heal|p1a: Chansey|476/564 par\n|\n|upkeep\n|turn|25\n|\n|t:|1732986954\n|move|p2a: Pachirisu|Super Fang|p1a: Chansey|[miss]\n|-miss|p2a: Pachirisu|p1a: Chansey\n|cant|p1a: Chansey|par\n|\n|upkeep\n|turn|26\n|\n|t:|1732986959\n|move|p2a: Pachirisu|Super Fang|p1a: Chansey\n|-damage|p1a: Chansey|238/564 par\n|cant|p1a: Chansey|par\n|\n|upkeep\n|turn|27\n|\n|t:|1732986964\n|move|p2a: Pachirisu|Super Fang|p1a: Chansey\n|-damage|p1a: Chansey|119/564 par\n|move|p1a: Chansey|Soft-Boiled|p1a: Chansey\n|-heal|p1a: Chansey|401/564 par\n|\n|upkeep\n|turn|28\n|\n|t:|1732986969\n|move|p2a: Pachirisu|Super Fang|p1a: Chansey\n|-damage|p1a: Chansey|201/564 par\n|cant|p1a: Chansey|par\n|\n|upkeep\n|turn|29\n|\n|t:|1732986974\n|move|p2a: Pachirisu|Super Fang|p1a: Chansey\n|-damage|p1a: Chansey|101/564 par\n|cant|p1a: Chansey|par\n|\n|upkeep\n|turn|30\n|\n|t:|1732986979\n|move|p2a: Pachirisu|U-turn|p1a: Chansey\n|-damage|p1a: Chansey|22/564 par\n|\n|t:|1732986992\n|switch|p2a: Leafeon|Leafeon, L88, F|233/258|[from] U-turn\n|-damage|p2a: Leafeon|201/258|[from] Stealth Rock\n|move|p1a: Chansey|Soft-Boiled|p1a: Chansey\n|-heal|p1a: Chansey|304/564 par\n|\n|upkeep\n|turn|31\n|\n|t:|1732987011\n|-curestatus|p1a: Chansey|par|[from] ability: Natural Cure\n|switch|p1a: Yanmega|Yanmega, L82, M|275/275\n|move|p2a: Leafeon|Knock Off|p1a: Yanmega\n|-damage|p1a: Yanmega|167/275\n|-enditem|p1a: Yanmega|Heavy-Duty Boots|[from] move: Knock Off|[of] p2a: Leafeon\n|-damage|p2a: Leafeon|176/258|[from] item: Life Orb\n|\n|upkeep\n|turn|32\n|\n|t:|1732987032\n|switch|p2a: Pachirisu|Pachirisu, L96, M|186/271\n|-damage|p2a: Pachirisu|153/271|[from] Stealth Rock\n|move|p1a: Yanmega|Protect||[still]\n|-fail|p1a: Yanmega\n|\n|-ability|p1a: Yanmega|Speed Boost|boost\n|-boost|p1a: Yanmega|spe|1\n|upkeep\n|turn|33\n|\n|t:|1732987040\n|switch|p1a: Chansey|Chansey, L85, F|304/564\n|move|p2a: Pachirisu|Nuzzle|p1a: Chansey\n|-damage|p1a: Chansey|268/564\n|-status|p1a: Chansey|par\n|\n|upkeep\n|turn|34\n|\n|t:|1732987046\n|move|p2a: Pachirisu|Super Fang|p1a: Chansey\n|-damage|p1a: Chansey|134/564 par\n|cant|p1a: Chansey|par\n|\n|upkeep\n|turn|35\n|\n|t:|1732987055\n|move|p2a: Pachirisu|Super Fang|p1a: Chansey\n|-damage|p1a: Chansey|67/564 par\n|move|p1a: Chansey|Soft-Boiled|p1a: Chansey\n|-heal|p1a: Chansey|349/564 par\n|\n|upkeep\n|turn|36\n|\n|t:|1732987063\n|move|p2a: Pachirisu|Super Fang|p1a: Chansey\n|-damage|p1a: Chansey|175/564 par\n|move|p1a: Chansey|Seismic Toss|p2a: Pachirisu\n|-damage|p2a: Pachirisu|68/271\n|\n|upkeep\n|turn|37\n|\n|t:|1732987068\n|move|p2a: Pachirisu|Super Fang|p1a: Chansey\n|-damage|p1a: Chansey|88/564 par\n|move|p1a: Chansey|Soft-Boiled|p1a: Chansey\n|-heal|p1a: Chansey|370/564 par\n|\n|upkeep\n|turn|38\n|\n|t:|1732987080\n|move|p2a: Pachirisu|U-turn|p1a: Chansey\n|-damage|p1a: Chansey|284/564 par\n|\n|t:|1732987083\n|switch|p2a: Leafeon|Leafeon, L88, F|176/258|[from] U-turn\n|-damage|p2a: Leafeon|144/258|[from] Stealth Rock\n|cant|p1a: Chansey|par\n|\n|upkeep\n|turn|39\n|\n|t:|1732987102\n|move|p2a: Leafeon|Double-Edge|p1a: Chansey\n|-damage|p1a: Chansey|0 fnt\n|faint|p1a: Chansey\n|-damage|p2a: Leafeon|50/258|[from] Recoil\n|-damage|p2a: Leafeon|25/258|[from] item: Life Orb\n|\n|upkeep\n|\n|t:|1732987119\n|switch|p1a: Yanmega|Yanmega, L82, M|167/275\n|turn|40\n|\n|t:|1732987129\n|move|p1a: Yanmega|Protect|p1a: Yanmega\n|-singleturn|p1a: Yanmega|Protect\n|move|p2a: Leafeon|Double-Edge|p1a: Yanmega\n|-activate|p1a: Yanmega|move: Protect\n|\n|-ability|p1a: Yanmega|Speed Boost|boost\n|-boost|p1a: Yanmega|spe|1\n|upkeep\n|turn|41\n|\n|t:|1732987136\n|move|p1a: Yanmega|Bug Buzz|p2a: Leafeon\n|-supereffective|p2a: Leafeon\n|-damage|p2a: Leafeon|0 fnt\n|faint|p2a: Leafeon\n|\n|-ability|p1a: Yanmega|Speed Boost|boost\n|-boost|p1a: Yanmega|spe|1\n|upkeep\n|\n|t:|1732987146\n|switch|p2a: Salamence|Salamence, L77, M|273/273\n|turn|42\n|\n|t:|1732987156\n|switch|p1a: Tentacruel|Tentacruel, L84, F|272/272\n|move|p2a: Salamence|Dual Wingbeat|p1a: Tentacruel\n|-damage|p1a: Tentacruel|215/272\n|-damage|p1a: Tentacruel|158/272\n|-hitcount|p1a: Tentacruel|2\n|\n|-heal|p1a: Tentacruel|175/272|[from] item: Leftovers\n|upkeep\n|turn|43\n|\n|t:|1732987167\n|move|p1a: Tentacruel|Sludge Bomb|p2a: Salamence\n|-damage|p2a: Salamence|174/273\n|move|p2a: Salamence|Dragon Dance|p2a: Salamence\n|-boost|p2a: Salamence|atk|1\n|-boost|p2a: Salamence|spe|1\n|\n|-heal|p1a: Tentacruel|192/272|[from] item: Leftovers\n|upkeep\n|turn|44\n|\n|t:|1732987178\n|-terastallize|p2a: Salamence|Steel\n|move|p2a: Salamence|Earthquake|p1a: Tentacruel\n|-supereffective|p1a: Tentacruel\n|-damage|p1a: Tentacruel|0 fnt\n|faint|p1a: Tentacruel\n|-ability|p2a: Salamence|Moxie|boost\n|-boost|p2a: Salamence|atk|1\n|\n|upkeep\n|\n|t:|1732987191\n|switch|p1a: Yanmega|Yanmega, L82, M|167/275\n|turn|45\n|\n|t:|1732987198\n|-terastallize|p1a: Yanmega|Ground\n|move|p2a: Salamence|Dual Wingbeat|p1a: Yanmega\n|-crit|p1a: Yanmega\n|-damage|p1a: Yanmega|34/275\n|-damage|p1a: Yanmega|0 fnt\n|faint|p1a: Yanmega\n|-ability|p2a: Salamence|Moxie|boost\n|-boost|p2a: Salamence|atk|1\n|-hitcount|p1: Yanmega|2\n|\n|upkeep\n|\n|t:|1732987203\n|switch|p1a: Clawitzer|Clawitzer, L87, M|183/265\n|turn|46\n|\n|t:|1732987208\n|move|p2a: Salamence|Outrage|p1a: Clawitzer\n|-damage|p1a: Clawitzer|0 fnt\n|faint|p1a: Clawitzer\n|\n|win|myriadrivers\n|raw|Blobfish123_'s rating: 1984 &rarr; <strong>1961</strong><br />(-23 for losing)\n|raw|myriadrivers's rating: 1932 &rarr; <strong>1955</strong><br />(+23 for winning)\n|l|\u2606Blobfish123_\n|player|p1|\n", "inputlog": ">version b107d77f5c90bd6555267ae244a6264823309ead\n>start {\"formatid\":\"gen9randombattle\",\"seed\":[6351,44945,58947,43604],\"rated\":\"Rated battle\"}\n>player p1 {\"name\":\"Blobfish123_\",\"avatar\":\"backers\",\"rating\":1984,\"seed\":[60666,45266,8334,35093]}\n>player p2 {\"name\":\"myriadrivers\",\"avatar\":\"miku-fire\",\"rating\":1932,\"seed\":[35053,28143,6450,54153]}\n>p1 move icespinner\n>p2 switch 6\n>p1 switch 5\n>p2 move toxic\n>p1 move stealthrock\n>p2 switch 6\n>p1 switch 3\n>p2 move knockoff\n>p1 move swordsdance\n>p2 move rapidspin\n>p1 move iciclecrash\n>p2 move uturn\n>p2 switch 6\n>p1 move highhorsepower\n>p2 move sludgebomb\n>p2 switch 3\n>p1 move iciclecrash\n>p2 move leafblade\n>p1 switch 2\n>p1 move bugbuzz\n>p2 switch 6\n>p1 switch 5\n>p2 move bodyslam\n>p1 move icespinner\n>p2 move knockoff\n>p1 move icespinner\n>p2 move bodyslam\n>p1 move icespinner\n>p2 move rapidspin\n>p1 switch 4\n>p1 move aurasphere\n>p2 move knockoff\n>p2 switch 6\n>p1 switch 5\n>p2 move swordsdance\n>p1 move protect\n>p2 move doubleedge\n>p1 move bugbuzz\n>p2 switch 5\n>p1 switch 3\n>p2 move nuzzle\n>p1 move thunderwave\n>p2 move superfang\n>p1 move softboiled\n>p2 move superfang\n>p1 move stealthrock\n>p2 move superfang\n>p1 move seismictoss\n>p2 move superfang\n>p1 move seismictoss\n>p2 move superfang\n>p1 move softboiled\n>p2 move superfang\n>p1 move seismictoss\n>p2 move superfang\n>p1 move seismictoss\n>p2 move superfang\n>p1 move softboiled\n>p2 move superfang\n>p1 move seismictoss\n>p2 move superfang\n>p1 move softboiled\n>p2 move superfang\n>p1 move softboiled\n>p2 move uturn\n>p2 switch 5\n>p1 switch 3\n>p2 move knockoff\n>p1 move protect\n>p2 switch 5\n>p1 switch 3\n>p2 move nuzzle\n>p1 move softboiled\n>p2 move superfang\n>p1 move softboiled\n>p2 move superfang\n>p1 move seismictoss\n>p2 move superfang\n>p1 move softboiled\n>p2 move superfang\n>p1 move seismictoss\n>p2 move uturn\n>p2 switch 5\n>p1 move thunderwave\n>p2 move doubleedge\n>p1 switch 3\n>p1 move protect\n>p2 move doubleedge\n>p1 move bugbuzz\n>p2 move doubleedge\n>p2 switch 2\n>p1 switch 6\n>p2 move dualwingbeat\n>p1 move sludgebomb\n>p2 move dragondance\n>p1 move haze\n>p2 move earthquake terastallize\n>p1 switch 6\n>p1 move terablast terastallize\n>p2 move dualwingbeat\n>p1 switch 5\n>p1 move aurasphere\n>p2 move outrage", "uploadtime": 1732987215, "views": 2, "formatid": "gen9randombattle", "rating": 1955, "private": 0, "password": null}