{"id": "gen9randombattle-2253965362", "format": "[Gen 9] Random Battle", "players": ["mathysocks", "Ephemeral_Kei"], "log": "|j|\u2606mathysocks\n|j|\u2606Ephemeral_Kei\n|t:|1732972642\n|gametype|singles\n|player|p1|mathysocks|102|1455\n|player|p2|Ephemeral_Kei|jasmine|1505\n|teamsize|p1|6\n|teamsize|p2|6\n|gen|9\n|tier|[Gen 9] Random Battle\n|rated|\n|rule|Species Clause: Limit one of each Pok\u00e9mon\n|rule|HP Percentage Mod: HP is shown in percentages\n|rule|Sleep Clause Mod: Limit one foe put to sleep\n|rule|Illusion Level Mod: Illusion disguises the Pok\u00e9mon's true level\n|\n|t:|1732972642\n|start\n|switch|p1a: Kommo-o|Kommo-o, L78, F|245/245\n|switch|p2a: Basculin|Basculin, L86, F|261/261\n|turn|1\n|inactive|Battle timer is ON: inactive players will automatically lose when time's up. (requested by Ephemeral_Kei)\n|\n|t:|1732972666\n|move|p2a: Basculin|Flip Turn|p1a: Kommo-o\n|-resisted|p1a: Kommo-o\n|-damage|p1a: Kommo-o|188/245\n|\n|t:|1732972677\n|switch|p2a: Flamigo|Flamigo, L82, F|269/269|[from] Flip Turn\n|move|p1a: Kommo-o|Swords Dance|p1a: Kommo-o\n|-boost|p1a: Kommo-o|atk|2\n|\n|upkeep\n|turn|2\n|\n|t:|1732972685\n|move|p2a: Flamigo|Brave Bird|p1a: Kommo-o\n|-supereffective|p1a: Kommo-o\n|-damage|p1a: Kommo-o|0 fnt\n|faint|p1a: Kommo-o\n|-damage|p2a: Flamigo|207/269|[from] Recoil\n|\n|upkeep\n|\n|t:|1732972692\n|switch|p1a: Kyurem|Kyurem, L77|319/319\n|-ability|p1a: Kyurem|Pressure\n|turn|3\n|\n|t:|1732972707\n|switch|p2a: Basculin|Basculin, L86, F|261/261\n|switch|p1a: Lugia|Lugia, L72|272/272\n|\n|upkeep\n|turn|4\n|\n|t:|1732972730\n|move|p2a: Basculin|Double-Edge|p1a: Lugia\n|-damage|p1a: Lugia|222/272\n|-damage|p2a: Basculin|244/261|[from] Recoil\n|move|p1a: Lugia|Aeroblast|p2a: Basculin\n|-damage|p2a: Basculin|135/261\n|\n|upkeep\n|turn|5\n|\n|t:|1732972741\n|move|p2a: Basculin|Double-Edge|p1a: Lugia\n|-damage|p1a: Lugia|113/272\n|-damage|p2a: Basculin|99/261|[from] Recoil\n|move|p1a: Lugia|Recover|p1a: Lugia\n|-heal|p1a: Lugia|249/272\n|\n|upkeep\n|turn|6\n|\n|t:|1732972749\n|move|p2a: Basculin|Double-Edge|p1a: Lugia\n|-damage|p1a: Lugia|136/272\n|-damage|p2a: Basculin|62/261|[from] Recoil\n|move|p1a: Lugia|Recover|p1a: Lugia\n|-heal|p1a: Lugia|272/272\n|\n|upkeep\n|turn|7\n|\n|t:|1732972754\n|move|p2a: Basculin|Double-Edge|p1a: Lugia\n|-damage|p1a: Lugia|220/272\n|-damage|p2a: Basculin|45/261|[from] Recoil\n|move|p1a: Lugia|Calm Mind|p1a: Lugia\n|-boost|p1a: Lugia|spa|1\n|-boost|p1a: Lugia|spd|1\n|\n|upkeep\n|turn|8\n|\n|t:|1732972765\n|-terastallize|p1a: Lugia|Steel\n|move|p2a: Basculin|Double-Edge|p1a: Lugia\n|-resisted|p1a: Lugia\n|-damage|p1a: Lugia|168/272\n|-damage|p2a: Basculin|28/261|[from] Recoil\n|move|p1a: Lugia|Recover|p1a: Lugia\n|-heal|p1a: Lugia|272/272\n|\n|upkeep\n|turn|9\n|\n|t:|1732972771\n|move|p2a: Basculin|Double-Edge|p1a: Lugia\n|-resisted|p1a: Lugia\n|-damage|p1a: Lugia|245/272\n|-damage|p2a: Basculin|19/261|[from] Recoil\n|move|p1a: Lugia|Earth Power|p2a: Basculin\n|-damage|p2a: Basculin|0 fnt\n|faint|p2a: Basculin\n|\n|upkeep\n|\n|t:|1732972790\n|switch|p2a: Groudon|Groudon, L72|263/263\n|-weather|SunnyDay|[from] ability: Drought|[of] p2a: Groudon\n|turn|10\n|\n|t:|1732972799\n|move|p1a: Lugia|Aeroblast|p2a: Groudon\n|-damage|p2a: Groudon|127/263\n|move|p2a: Groudon|Precipice Blades|p1a: Lugia\n|-supereffective|p1a: Lugia\n|-damage|p1a: Lugia|15/272\n|\n|-weather|SunnyDay|[upkeep]\n|-heal|p2a: Groudon|143/263|[from] item: Leftovers\n|upkeep\n|turn|11\n|\n|t:|1732972807\n|move|p1a: Lugia|Aeroblast|p2a: Groudon\n|-damage|p2a: Groudon|5/263\n|move|p2a: Groudon|Heat Crash|p1a: Lugia\n|-supereffective|p1a: Lugia\n|-damage|p1a: Lugia|0 fnt\n|faint|p1a: Lugia\n|\n|-weather|SunnyDay|[upkeep]\n|-heal|p2a: Groudon|21/263|[from] item: Leftovers\n|upkeep\n|\n|t:|1732972816\n|switch|p1a: Kyurem|Kyurem, L77|319/319\n|-ability|p1a: Kyurem|Pressure\n|turn|12\n|\n|t:|1732972824\n|move|p1a: Kyurem|Dragon Dance|p1a: Kyurem\n|-boost|p1a: Kyurem|atk|1\n|-boost|p1a: Kyurem|spe|1\n|move|p2a: Groudon|Thunder Wave|p1a: Kyurem\n|-status|p1a: Kyurem|par\n|\n|-weather|SunnyDay|[upkeep]\n|-heal|p2a: Groudon|37/263|[from] item: Leftovers\n|upkeep\n|turn|13\n|\n|t:|1732972830\n|move|p2a: Groudon|Precipice Blades|p1a: Kyurem|[miss]\n|-miss|p2a: Groudon|p1a: Kyurem\n|move|p1a: Kyurem|Dragon Dance|p1a: Kyurem\n|-boost|p1a: Kyurem|atk|1\n|-boost|p1a: Kyurem|spe|1\n|\n|-weather|SunnyDay|[upkeep]\n|-heal|p2a: Groudon|53/263|[from] item: Leftovers\n|upkeep\n|turn|14\n|\n|t:|1732972834\n|move|p1a: Kyurem|Dragon Dance|p1a: Kyurem\n|-boost|p1a: Kyurem|atk|1\n|-boost|p1a: Kyurem|spe|1\n|move|p2a: Groudon|Precipice Blades|p1a: Kyurem\n|-damage|p1a: Kyurem|183/319 par\n|\n|-weather|none\n|-heal|p2a: Groudon|69/263|[from] item: Leftovers\n|upkeep\n|turn|15\n|\n|t:|1732972840\n|move|p1a: Kyurem|Icicle Spear|p2a: Groudon\n|-supereffective|p2a: Groudon\n|-damage|p2a: Groudon|0 fnt\n|faint|p2a: Groudon\n|-hitcount|p2: Groudon|1\n|\n|upkeep\n|\n|t:|1732972857\n|switch|p2a: Regieleki|Regieleki, L79|256/256\n|turn|16\n|\n|t:|1732972863\n|move|p2a: Regieleki|Explosion|p1a: Kyurem\n|-damage|p1a: Kyurem|4/319 par\n|faint|p2a: Regieleki\n|cant|p1a: Kyurem|par\n|\n|upkeep\n|\n|t:|1732972871\n|switch|p2a: Bellibolt|Bellibolt, L84, F|320/320\n|turn|17\n|\n|t:|1732972885\n|move|p1a: Kyurem|Icicle Spear|p2a: Bellibolt\n|-damage|p2a: Bellibolt|257/320\n|-start|p2a: Bellibolt|Charge|Icicle Spear|[from] ability: Electromorphosis\n|-damage|p2a: Bellibolt|188/320\n|-start|p2a: Bellibolt|Charge|Icicle Spear|[from] ability: Electromorphosis\n|-damage|p2a: Bellibolt|122/320\n|-start|p2a: Bellibolt|Charge|Icicle Spear|[from] ability: Electromorphosis\n|-damage|p2a: Bellibolt|47/320\n|-start|p2a: Bellibolt|Charge|Icicle Spear|[from] ability: Electromorphosis\n|-damage|p2a: Bellibolt|0 fnt\n|faint|p2a: Bellibolt\n|-hitcount|p2: Bellibolt|5\n|\n|upkeep\n|\n|t:|1732972889\n|switch|p2a: Arceus|Arceus-Ice, L72|291/291\n|turn|18\n|\n|t:|1732972906\n|move|p1a: Kyurem|Scale Shot|p2a: Arceus\n|-damage|p2a: Arceus|224/291\n|-damage|p2a: Arceus|164/291\n|-damage|p2a: Arceus|98/291\n|-damage|p2a: Arceus|37/291\n|-hitcount|p2a: Arceus|4\n|-unboost|p1a: Kyurem|def|1\n|-boost|p1a: Kyurem|spe|1\n|move|p2a: Arceus|Judgment|p1a: Kyurem\n|-damage|p1a: Kyurem|0 fnt\n|faint|p1a: Kyurem\n|\n|upkeep\n|\n|t:|1732972915\n|switch|p1a: Gurdurr|Gurdurr, L85, M|283/283\n|turn|19\n|\n|t:|1732972924\n|move|p1a: Gurdurr|Mach Punch|p2a: Arceus\n|-supereffective|p2a: Arceus\n|-damage|p2a: Arceus|0 fnt\n|faint|p2a: Arceus\n|\n|upkeep\n|\n|t:|1732972926\n|switch|p2a: Flamigo|Flamigo, L82, F|207/269\n|turn|20\n|\n|t:|1732972931\n|move|p2a: Flamigo|Brave Bird|p1a: Gurdurr\n|-supereffective|p1a: Gurdurr\n|-damage|p1a: Gurdurr|23/283\n|-damage|p2a: Flamigo|121/269|[from] Recoil\n|move|p1a: Gurdurr|Knock Off|p2a: Flamigo\n|-resisted|p2a: Flamigo\n|-crit|p2a: Flamigo\n|-damage|p2a: Flamigo|51/269\n|-enditem|p2a: Flamigo|Choice Band|[from] move: Knock Off|[of] p1a: Gurdurr\n|\n|upkeep\n|turn|21\n|\n|t:|1732972941\n|move|p1a: Gurdurr|Mach Punch|p2a: Flamigo\n|-resisted|p2a: Flamigo\n|-damage|p2a: Flamigo|21/269\n|move|p2a: Flamigo|Throat Chop|p1a: Gurdurr\n|-resisted|p1a: Gurdurr\n|-damage|p1a: Gurdurr|3/283\n|-start|p1a: Gurdurr|Throat Chop|[silent]\n|\n|upkeep\n|turn|22\n|-message|Ephemeral_Kei forfeited.\n|\n|win|mathysocks\n|raw|mathysocks's rating: 1455 &rarr; <strong>1478</strong><br />(+23 for winning)\n|raw|Ephemeral_Kei's rating: 1505 &rarr; <strong>1482</strong><br />(-23 for losing)\n|l|\u2606Ephemeral_Kei\n|player|p2|\n", "inputlog": ">version b107d77f5c90bd6555267ae244a6264823309ead\n>start {\"formatid\":\"gen9randombattle\",\"seed\":[14456,44004,59850,38866],\"rated\":\"Rated battle\"}\n>player p1 {\"name\":\"mathysocks\",\"avatar\":\"102\",\"rating\":1455,\"seed\":[61238,8274,60628,28345]}\n>player p2 {\"name\":\"Ephemeral_Kei\",\"avatar\":\"jasmine\",\"rating\":1505,\"seed\":[4748,12246,45516,3835]}\n>p1 move swordsdance\n>p2 move flipturn\n>p2 switch 2\n>p1 move scaleshot\n>p2 move bravebird\n>p1 switch 2\n>p1 switch 4\n>p2 switch 2\n>p1 move aeroblast\n>p2 move doubleedge\n>p1 move recover\n>p2 move doubleedge\n>p1 move recover\n>p2 move doubleedge\n>p1 move calmmind\n>p2 move doubleedge\n>p1 move recover terastallize\n>p2 move doubleedge\n>p1 move earthpower\n>p2 move doubleedge\n>p2 switch 3\n>p1 move aeroblast\n>p2 move precipiceblades\n>p1 move aeroblast\n>p2 move heatcrash\n>p1 switch 4\n>p1 move dragondance\n>p2 move thunderwave\n>p1 move dragondance\n>p2 move precipiceblades\n>p1 move dragondance\n>p2 move precipiceblades\n>p1 move iciclespear\n>p2 move precipiceblades\n>p2 switch 5\n>p1 move scaleshot\n>p2 move explosion\n>p2 switch 4\n>p1 move iciclespear\n>p2 move thunderbolt\n>p2 switch 6\n>p1 move scaleshot\n>p2 move judgment\n>p1 switch 6\n>p1 move machpunch\n>p2 move judgment\n>p2 switch 2\n>p1 move knockoff\n>p2 move bravebird\n>p1 move machpunch\n>p2 move throatchop\n>forcelose p2", "uploadtime": 1732972949, "views": 1, "formatid": "gen9randombattle", "rating": 1478, "private": 0, "password": null}