{"id": "gen9randombattle-2253854549", "format": "[Gen 9] Random Battle", "players": ["Destro04", "Reptilor05"], "log": "|j|\u2606Destro04\n|j|\u2606Reptilor05\n|t:|1732949547\n|gametype|singles\n|player|p1|Destro04|bellelba|\n|player|p2|Reptilor05|266|\n|teamsize|p1|6\n|teamsize|p2|6\n|gen|9\n|tier|[Gen 9] Random Battle\n|rule|Species Clause: Limit one of each Pok\u00e9mon\n|rule|HP Percentage Mod: HP is shown in percentages\n|rule|Sleep Clause Mod: Limit one foe put to sleep\n|rule|Illusion Level Mod: Illusion disguises the Pok\u00e9mon's true level\n|\n|t:|1732949547\n|start\n|switch|p1a: Hoopa|Hoopa, L85|275/275\n|switch|p2a: Comfey|Comfey, L85, F|225/225\n|turn|1\n|\n|t:|1732949584\n|switch|p2a: Hitmontop|Hitmontop, L88, M|231/231\n|-ability|p2a: Hitmontop|Intimidate|boost\n|-unboost|p1a: Hoopa|atk|1\n|move|p1a: Hoopa|Nasty Plot|p1a: Hoopa\n|-boost|p1a: Hoopa|spa|2\n|\n|upkeep\n|turn|2\n|\n|t:|1732949591\n|move|p2a: Hitmontop|Sucker Punch|p1a: Hoopa\n|-supereffective|p1a: Hoopa\n|-damage|p1a: Hoopa|0 fnt\n|faint|p1a: Hoopa\n|\n|upkeep\n|\n|t:|1732949597\n|switch|p1a: Glimmora|Glimmora, L75, M|248/248\n|turn|3\n|\n|t:|1732949608\n|switch|p2a: Quaquaval|Quaquaval, L79, M|264/264\n|move|p1a: Glimmora|Sludge Wave|p2a: Quaquaval\n|-damage|p2a: Quaquaval|135/264\n|\n|upkeep\n|turn|4\n|\n|t:|1732949614\n|move|p2a: Quaquaval|Aqua Step|p1a: Glimmora\n|-supereffective|p1a: Glimmora\n|-damage|p1a: Glimmora|0 fnt\n|-boost|p2a: Quaquaval|spe|1\n|-activate|p1a: Glimmora|ability: Toxic Debris\n|-sidestart|p2: Reptilor05|move: Toxic Spikes\n|faint|p1a: Glimmora\n|-ability|p2a: Quaquaval|Moxie|boost\n|-boost|p2a: Quaquaval|atk|1\n|-damage|p2a: Quaquaval|109/264|[from] item: Life Orb\n|\n|upkeep\n|\n|t:|1732949624\n|switch|p1a: Vespiquen|Vespiquen, L98, F|296/296\n|-ability|p1a: Vespiquen|Pressure\n|turn|5\n|\n|t:|1732949637\n|move|p2a: Quaquaval|Swords Dance|p2a: Quaquaval\n|-boost|p2a: Quaquaval|atk|2\n|move|p1a: Vespiquen|Hurricane|p2a: Quaquaval\n|-supereffective|p2a: Quaquaval\n|-damage|p2a: Quaquaval|0 fnt\n|faint|p2a: Quaquaval\n|\n|upkeep\n|\n|t:|1732949642\n|switch|p2a: Victreebel|Victreebel, L90, F|290/290\n|-sideend|p2: Reptilor05|move: Toxic Spikes|[of] p2a: Victreebel\n|turn|6\n|\n|t:|1732949656\n|switch|p2a: Latios|Latios, L78, M|253/253\n|move|p1a: Vespiquen|Hurricane|p2a: Latios\n|-damage|p2a: Latios|118/253\n|-start|p2a: Latios|confusion\n|\n|upkeep\n|turn|7\n|\n|t:|1732949665\n|-activate|p2a: Latios|confusion\n|-damage|p2a: Latios|97/253|[from] confusion\n|move|p1a: Vespiquen|U-turn|p2a: Latios\n|-supereffective|p2a: Latios\n|-damage|p2a: Latios|0 fnt\n|faint|p2a: Latios\n|\n|t:|1732949671\n|switch|p1a: Crawdaunt|Crawdaunt, L84, M|243/243|[from] U-turn\n|\n|upkeep\n|\n|t:|1732949683\n|switch|p2a: Victreebel|Victreebel, L90, F|290/290\n|turn|8\n|\n|t:|1732949689\n|move|p2a: Victreebel|Swords Dance|p2a: Victreebel\n|-boost|p2a: Victreebel|atk|2\n|move|p1a: Crawdaunt|Knock Off|p2a: Victreebel\n|-damage|p2a: Victreebel|33/290\n|-enditem|p2a: Victreebel|Life Orb|[from] move: Knock Off|[of] p1a: Crawdaunt\n|-damage|p1a: Crawdaunt|219/243|[from] item: Life Orb\n|\n|upkeep\n|turn|9\n|\n|t:|1732949695\n|move|p2a: Victreebel|Power Whip|p1a: Crawdaunt\n|-supereffective|p1a: Crawdaunt\n|-damage|p1a: Crawdaunt|0 fnt\n|faint|p1a: Crawdaunt\n|\n|upkeep\n|\n|t:|1732949698\n|switch|p1a: Vespiquen|Vespiquen, L98, F|296/296\n|-ability|p1a: Vespiquen|Pressure\n|turn|10\n|\n|t:|1732949701\n|move|p2a: Victreebel|Poison Jab|p1a: Vespiquen\n|-damage|p1a: Vespiquen|146/296\n|-status|p1a: Vespiquen|psn\n|move|p1a: Vespiquen|U-turn|p2a: Victreebel\n|-damage|p2a: Victreebel|0 fnt\n|faint|p2a: Victreebel\n|\n|t:|1732949709\n|switch|p1a: Noivern|Noivern, L82, M|274/274|[from] U-turn\n|\n|upkeep\n|\n|t:|1732949714\n|switch|p2a: Diancie|Diancie, L82|216/216\n|turn|11\n|\n|t:|1732949721\n|move|p1a: Noivern|Boomburst|p2a: Diancie\n|-resisted|p2a: Diancie\n|-damage|p2a: Diancie|183/216\n|move|p2a: Diancie|Diamond Storm|p1a: Noivern\n|-supereffective|p1a: Noivern\n|-damage|p1a: Noivern|62/274\n|\n|-heal|p2a: Diancie|196/216|[from] item: Leftovers\n|upkeep\n|turn|12\n|\n|t:|1732949729\n|move|p1a: Noivern|Hurricane|p2a: Diancie\n|-resisted|p2a: Diancie\n|-damage|p2a: Diancie|158/216\n|-start|p2a: Diancie|confusion\n|-activate|p2a: Diancie|confusion\n|move|p2a: Diancie|Diamond Storm|p1a: Noivern\n|-supereffective|p1a: Noivern\n|-damage|p1a: Noivern|0 fnt\n|faint|p1a: Noivern\n|\n|-heal|p2a: Diancie|171/216|[from] item: Leftovers\n|upkeep\n|\n|t:|1732949736\n|switch|p1a: Vespiquen|Vespiquen, L98, F|146/296 psn\n|-ability|p1a: Vespiquen|Pressure\n|turn|13\n|\n|t:|1732949741\n|move|p1a: Vespiquen|Toxic|p2a: Diancie\n|-status|p2a: Diancie|tox\n|-activate|p2a: Diancie|confusion\n|move|p2a: Diancie|Diamond Storm|p1a: Vespiquen\n|-supereffective|p1a: Vespiquen\n|-damage|p1a: Vespiquen|0 fnt\n|-boost|p2a: Diancie|def|2\n|faint|p1a: Vespiquen\n|\n|-heal|p2a: Diancie|184/216 tox|[from] item: Leftovers\n|-damage|p2a: Diancie|171/216 tox|[from] psn\n|upkeep\n|\n|t:|1732949746\n|switch|p1a: Phione|Phione, L91|293/293\n|turn|14\n|\n|t:|1732949753\n|-terastallize|p1a: Phione|Grass\n|move|p1a: Phione|Grass Knot|p2a: Diancie\n|-supereffective|p2a: Diancie\n|-damage|p2a: Diancie|139/216 tox\n|-end|p2a: Diancie|confusion\n|move|p2a: Diancie|Draining Kiss|p1a: Phione\n|-damage|p1a: Phione|238/293\n|-heal|p2a: Diancie|180/216 tox|[from] drain|[of] p1a: Phione\n|\n|-heal|p1a: Phione|256/293|[from] item: Leftovers\n|-heal|p2a: Diancie|193/216 tox|[from] item: Leftovers\n|-damage|p2a: Diancie|167/216 tox|[from] psn\n|upkeep\n|turn|15\n|\n|t:|1732949770\n|move|p1a: Phione|Scald|p2a: Diancie\n|-supereffective|p2a: Diancie\n|-damage|p2a: Diancie|53/216 tox\n|move|p2a: Diancie|Diamond Storm|p1a: Phione\n|-damage|p1a: Phione|154/293\n|-boost|p2a: Diancie|def|2\n|\n|-heal|p1a: Phione|172/293|[from] item: Leftovers\n|-heal|p2a: Diancie|66/216 tox|[from] item: Leftovers\n|-damage|p2a: Diancie|27/216 tox|[from] psn\n|upkeep\n|turn|16\n|\n|t:|1732949774\n|move|p1a: Phione|Scald|p2a: Diancie\n|-supereffective|p2a: Diancie\n|-damage|p2a: Diancie|0 fnt\n|faint|p2a: Diancie\n|\n|-heal|p1a: Phione|190/293|[from] item: Leftovers\n|upkeep\n|\n|t:|1732949777\n|switch|p2a: Hitmontop|Hitmontop, L88, M|231/231\n|-ability|p2a: Hitmontop|Intimidate|boost\n|-unboost|p1a: Phione|atk|1\n|turn|17\n|\n|t:|1732949782\n|move|p1a: Phione|Ice Beam|p2a: Hitmontop\n|-damage|p2a: Hitmontop|199/231\n|move|p2a: Hitmontop|Rapid Spin|p1a: Phione\n|-damage|p1a: Phione|149/293\n|-boost|p2a: Hitmontop|spe|1\n|\n|-heal|p1a: Phione|167/293|[from] item: Leftovers\n|upkeep\n|turn|18\n|\n|t:|1732949784\n|move|p2a: Hitmontop|Rapid Spin|p1a: Phione\n|-damage|p1a: Phione|127/293\n|-boost|p2a: Hitmontop|spe|1\n|move|p1a: Phione|Scald|p2a: Hitmontop\n|-damage|p2a: Hitmontop|153/231\n|-status|p2a: Hitmontop|brn\n|\n|-heal|p1a: Phione|145/293|[from] item: Leftovers\n|-damage|p2a: Hitmontop|139/231 brn|[from] brn\n|upkeep\n|turn|19\n|\n|t:|1732949786\n|move|p2a: Hitmontop|Sucker Punch|p1a: Phione\n|-damage|p1a: Phione|119/293\n|move|p1a: Phione|Scald|p2a: Hitmontop\n|-damage|p2a: Hitmontop|96/231 brn\n|\n|-heal|p1a: Phione|137/293|[from] item: Leftovers\n|-damage|p2a: Hitmontop|82/231 brn|[from] brn\n|upkeep\n|turn|20\n|\n|t:|1732949788\n|move|p2a: Hitmontop|Rapid Spin|p1a: Phione\n|-damage|p1a: Phione|118/293\n|-boost|p2a: Hitmontop|spe|1\n|move|p1a: Phione|Scald|p2a: Hitmontop\n|-damage|p2a: Hitmontop|36/231 brn\n|\n|-heal|p1a: Phione|136/293|[from] item: Leftovers\n|-damage|p2a: Hitmontop|22/231 brn|[from] brn\n|upkeep\n|turn|21\n|\n|t:|1732949791\n|move|p2a: Hitmontop|Close Combat|p1a: Phione\n|-damage|p1a: Phione|66/293\n|-unboost|p2a: Hitmontop|def|1\n|-unboost|p2a: Hitmontop|spd|1\n|move|p1a: Phione|Scald|p2a: Hitmontop\n|-damage|p2a: Hitmontop|0 fnt\n|faint|p2a: Hitmontop\n|\n|-heal|p1a: Phione|84/293|[from] item: Leftovers\n|upkeep\n|\n|t:|1732949795\n|switch|p2a: Comfey|Comfey, L85, F|225/225\n|turn|22\n|\n|t:|1732949800\n|move|p2a: Comfey|Draining Kiss|p1a: Phione\n|-damage|p1a: Phione|35/293\n|move|p1a: Phione|Scald|p2a: Comfey\n|-damage|p2a: Comfey|158/225\n|\n|-heal|p2a: Comfey|172/225|[from] item: Leftovers\n|-heal|p1a: Phione|53/293|[from] item: Leftovers\n|upkeep\n|turn|23\n|\n|t:|1732949803\n|move|p2a: Comfey|Draining Kiss|p1a: Phione\n|-damage|p1a: Phione|5/293\n|-heal|p2a: Comfey|208/225|[from] drain|[of] p1a: Phione\n|move|p1a: Phione|Scald|p2a: Comfey\n|-damage|p2a: Comfey|141/225\n|\n|-heal|p2a: Comfey|155/225|[from] item: Leftovers\n|-heal|p1a: Phione|23/293|[from] item: Leftovers\n|upkeep\n|turn|24\n|\n|t:|1732949808\n|move|p2a: Comfey|Draining Kiss|p1a: Phione\n|-damage|p1a: Phione|0 fnt\n|-heal|p2a: Comfey|172/225|[from] drain|[of] p1a: Phione\n|faint|p1a: Phione\n|\n|win|Reptilor05\n", "inputlog": ">version b107d77f5c90bd6555267ae244a6264823309ead\n>start {\"formatid\":\"gen9randombattle\",\"seed\":[6884,19583,24093,28187]}\n>player p1 {\"name\":\"Destro04\",\"avatar\":\"bellelba\",\"rating\":0,\"seed\":[53733,27673,23745,8012]}\n>player p2 {\"name\":\"Reptilor05\",\"avatar\":\"266\",\"rating\":0,\"seed\":[30165,41487,52640,54407]}\n>p1 move nastyplot\n>p2 switch 3\n>p1 move psychic\n>p2 move suckerpunch\n>p1 switch 3\n>p1 move sludgewave\n>p2 switch 4\n>p1 move energyball\n>p2 move aquastep\n>p1 switch 4\n>p1 move hurricane\n>p2 move swordsdance\n>p2 switch 5\n>p1 move hurricane\n>p2 switch 6\n>p1 move uturn\n>p2 move dracometeor\n>p1 switch 6\n>p2 switch 6\n>p1 move knockoff\n>p2 move swordsdance\n>p1 move crabhammer\n>p2 move powerwhip\n>p1 switch 6\n>p1 move uturn\n>p2 move poisonjab\n>p1 switch 2\n>p2 switch 2\n>p1 move boomburst\n>p2 move diamondstorm\n>p1 move hurricane\n>p2 move diamondstorm\n>p1 switch 2\n>p1 move toxic\n>p2 move diamondstorm\n>p1 switch 5\n>p1 move grassknot terastallize\n>p2 move drainingkiss\n>p1 move scald\n>p2 move diamondstorm\n>p1 move scald\n>p2 move diamondstorm\n>p2 switch 4\n>p1 move icebeam\n>p2 move rapidspin\n>p1 move scald\n>p2 move rapidspin\n>p1 move scald\n>p2 move suckerpunch\n>p1 move scald\n>p2 move rapidspin\n>p1 move scald\n>p2 move closecombat\n>p2 switch 3\n>p1 move scald\n>p2 move drainingkiss\n>p1 move scald\n>p2 move drainingkiss\n>p1 move scald\n>p2 move drainingkiss", "uploadtime": 1732949810, "views": 2, "formatid": "gen9randombattle", "rating": null, "private": 0, "password": null}