{"id": "gen9randombattle-2254155114", "format": "[Gen 9] Random Battle", "players": ["billslayer", "krabsolfurretisme"], "log": "|j|\u2606billslayer\n|j|\u2606krabsolfurretisme\n|t:|1732998019\n|gametype|singles\n|player|p1|billslayer|101|1411\n|player|p2|krabsolfurretisme|jasmine|1427\n|teamsize|p1|6\n|teamsize|p2|6\n|gen|9\n|tier|[Gen 9] Random Battle\n|rated|\n|rule|Species Clause: Limit one of each Pok\u00e9mon\n|rule|HP Percentage Mod: HP is shown in percentages\n|rule|Sleep Clause Mod: Limit one foe put to sleep\n|rule|Illusion Level Mod: Illusion disguises the Pok\u00e9mon's true level\n|\n|t:|1732998019\n|start\n|switch|p1a: Victreebel|Victreebel, L90, F|290/290\n|switch|p2a: Weavile|Weavile, L79, F|240/240\n|turn|1\n|inactive|Battle timer is ON: inactive players will automatically lose when time's up. (requested by krabsolfurretisme)\n|\n|t:|1732998038\n|switch|p1a: Pincurchin|Pincurchin, F|258/258\n|-fieldstart|move: Electric Terrain|[from] ability: Electric Surge|[of] p1a: Pincurchin\n|move|p2a: Weavile|Triple Axel|p1a: Pincurchin\n|-damage|p1a: Pincurchin|239/258\n|-damage|p1a: Pincurchin|200/258\n|-damage|p1a: Pincurchin|151/258\n|-hitcount|p1a: Pincurchin|3\n|\n|-heal|p1a: Pincurchin|167/258|[from] item: Leftovers\n|upkeep\n|turn|2\n|\n|t:|1732998055\n|-terastallize|p2a: Weavile|Ice\n|move|p2a: Weavile|Triple Axel|p1a: Pincurchin\n|-damage|p1a: Pincurchin|143/258\n|-damage|p1a: Pincurchin|93/258\n|-damage|p1a: Pincurchin|27/258\n|-hitcount|p1a: Pincurchin|3\n|move|p1a: Pincurchin|Zing Zap|p2a: Weavile\n|-damage|p2a: Weavile|12/240\n|\n|-heal|p1a: Pincurchin|43/258|[from] item: Leftovers\n|upkeep\n|turn|3\n|\n|t:|1732998068\n|move|p2a: Weavile|Ice Shard|p1a: Pincurchin\n|-damage|p1a: Pincurchin|0 fnt\n|faint|p1a: Pincurchin\n|\n|upkeep\n|inactive|billslayer has 120 seconds left.\n|\n|t:|1732998096\n|switch|p1a: Victreebel|Victreebel, L90, F|290/290\n|turn|4\n|\n|t:|1732998105\n|move|p1a: Victreebel|Sucker Punch|p2a: Weavile\n|-damage|p2a: Weavile|0 fnt\n|faint|p2a: Weavile\n|-damage|p1a: Victreebel|261/290|[from] item: Life Orb\n|\n|upkeep\n|\n|t:|1732998121\n|switch|p2a: Magmortar|Magmortar, L88, F|275/275\n|turn|5\n|\n|t:|1732998127\n|switch|p1a: Drednaw|Drednaw, L81, F|278/278\n|move|p2a: Magmortar|Will-O-Wisp|p1a: Drednaw\n|-status|p1a: Drednaw|brn\n|\n|-damage|p1a: Drednaw|261/278 brn|[from] brn\n|-fieldend|move: Electric Terrain\n|upkeep\n|turn|6\n|\n|t:|1732998137\n|move|p2a: Magmortar|Focus Blast|p1a: Drednaw\n|-supereffective|p1a: Drednaw\n|-damage|p1a: Drednaw|0 fnt\n|faint|p1a: Drednaw\n|\n|upkeep\n|inactive|billslayer has 120 seconds left.\n|\n|t:|1732998167\n|switch|p1a: Frosmoth|Frosmoth, L82, M|249/249\n|turn|7\n|\n|t:|1732998195\n|-terastallize|p1a: Frosmoth|Water\n|move|p2a: Magmortar|Fire Blast|p1a: Frosmoth\n|-resisted|p1a: Frosmoth\n|-damage|p1a: Frosmoth|213/249\n|move|p1a: Frosmoth|Quiver Dance|p1a: Frosmoth\n|-boost|p1a: Frosmoth|spa|1\n|-boost|p1a: Frosmoth|spd|1\n|-boost|p1a: Frosmoth|spe|1\n|\n|upkeep\n|turn|8\n|inactive|krabsolfurretisme has 120 seconds left.\n|\n|t:|1732998214\n|switch|p2a: Jirachi|Jirachi, L80|291/291\n|move|p1a: Frosmoth|Quiver Dance|p1a: Frosmoth\n|-boost|p1a: Frosmoth|spa|1\n|-boost|p1a: Frosmoth|spd|1\n|-boost|p1a: Frosmoth|spe|1\n|\n|upkeep\n|turn|9\n|\n|t:|1732998224\n|move|p1a: Frosmoth|Hurricane|p2a: Jirachi|[miss]\n|-miss|p1a: Frosmoth|p2a: Jirachi\n|move|p2a: Jirachi|Body Slam|p1a: Frosmoth\n|-damage|p1a: Frosmoth|130/249\n|\n|upkeep\n|turn|10\n|\n|t:|1732998229\n|move|p1a: Frosmoth|Hurricane|p2a: Jirachi\n|-resisted|p2a: Jirachi\n|-damage|p2a: Jirachi|229/291\n|move|p2a: Jirachi|Body Slam|p1a: Frosmoth\n|-damage|p1a: Frosmoth|55/249\n|\n|upkeep\n|turn|11\n|-message|billslayer forfeited.\n|\n|win|krabsolfurretisme\n|raw|billslayer's rating: 1411 &rarr; <strong>1392</strong><br />(-19 for losing)\n|raw|krabsolfurretisme's rating: 1427 &rarr; <strong>1446</strong><br />(+19 for winning)\n|l|\u2606billslayer\n|player|p1|\n|c|\u2606krabsolfurretisme|gg\n", "inputlog": ">version b107d77f5c90bd6555267ae244a6264823309ead\n>start {\"formatid\":\"gen9randombattle\",\"seed\":[56927,59097,29221,58779],\"rated\":\"Rated battle\"}\n>player p1 {\"name\":\"billslayer\",\"avatar\":\"101\",\"rating\":1411,\"seed\":[40979,34296,2961,4265]}\n>player p2 {\"name\":\"krabsolfurretisme\",\"avatar\":\"jasmine\",\"rating\":1427,\"seed\":[58987,24460,58527,45459]}\n>p1 switch 2\n>p2 move tripleaxel\n>p1 move zingzap\n>p2 move tripleaxel terastallize\n>p1 move zingzap\n>p2 move iceshard\n>p1 switch 2\n>p1 move suckerpunch\n>p2 move tripleaxel\n>p2 switch 2\n>p1 switch 3\n>p2 move willowisp\n>p1 move shellsmash\n>p2 move focusblast\n>p1 switch 4\n>p1 move quiverdance terastallize\n>p2 move fireblast\n>p1 move quiverdance\n>p2 switch 5\n>p1 move hurricane\n>p2 move bodyslam\n>p1 move hurricane\n>p2 move bodyslam\n>forcelose p1", "uploadtime": 1732998251, "views": 1, "formatid": "gen9randombattle", "rating": 1392, "private": 0, "password": null}