{"id": "gen9randombattle-2253922303", "format": "[Gen 9] Random Battle", "players": ["KBR-13-", "XxBoombysaftxX"], "log": "|j|\u2606KBR-13-\n|j|\u2606XxBoombysaftxX\n|t:|1732964437\n|gametype|singles\n|player|p1|KBR-13-|265|1509\n|player|p2|XxBoombysaftxX|266|1455\n|teamsize|p1|6\n|teamsize|p2|6\n|gen|9\n|tier|[Gen 9] Random Battle\n|rated|\n|rule|Species Clause: Limit one of each Pok\u00e9mon\n|rule|HP Percentage Mod: HP is shown in percentages\n|rule|Sleep Clause Mod: Limit one foe put to sleep\n|rule|Illusion Level Mod: Illusion disguises the Pok\u00e9mon's true level\n|\n|t:|1732964437\n|start\n|switch|p1a: Blaziken|Blaziken, L76, M|247/247\n|switch|p2a: Reshiram|Reshiram, L76|277/277\n|-ability|p2a: Reshiram|Turboblaze\n|turn|1\n|inactive|Battle timer is ON: inactive players will automatically lose when time's up. (requested by KBR-13-)\n|\n|t:|1732964453\n|switch|p2a: Samurott|Samurott, L88, M|310/310\n|move|p1a: Blaziken|Swords Dance|p1a: Blaziken\n|-boost|p1a: Blaziken|atk|2\n|\n|-ability|p1a: Blaziken|Speed Boost|boost\n|-boost|p1a: Blaziken|spe|1\n|upkeep\n|turn|2\n|\n|t:|1732964462\n|-terastallize|p1a: Blaziken|Fighting\n|move|p1a: Blaziken|Close Combat|p2a: Samurott\n|-damage|p2a: Samurott|0 fnt\n|-unboost|p1a: Blaziken|def|1\n|-unboost|p1a: Blaziken|spd|1\n|faint|p2a: Samurott\n|-damage|p1a: Blaziken|223/247|[from] item: Life Orb\n|\n|-ability|p1a: Blaziken|Speed Boost|boost\n|-boost|p1a: Blaziken|spe|1\n|upkeep\n|\n|t:|1732964474\n|switch|p2a: Slaking|Slaking, L84, M|389/389\n|turn|3\n|\n|t:|1732964479\n|-terastallize|p2a: Slaking|Ghost\n|move|p1a: Blaziken|Flare Blitz|p2a: Slaking\n|-damage|p2a: Slaking|103/389\n|-damage|p1a: Blaziken|129/247|[from] Recoil\n|-damage|p1a: Blaziken|105/247|[from] item: Life Orb\n|move|p2a: Slaking|Double-Edge|p1a: Blaziken\n|-damage|p1a: Blaziken|0 fnt\n|faint|p1a: Blaziken\n|-damage|p2a: Slaking|68/389|[from] Recoil\n|\n|upkeep\n|\n|t:|1732964493\n|switch|p1a: Tropius|Tropius, L91, F|328/328\n|turn|4\n|\n|t:|1732964497\n|cant|p2a: Slaking|ability: Truant\n|move|p1a: Tropius|Substitute|p1a: Tropius\n|-start|p1a: Tropius|Substitute\n|-damage|p1a: Tropius|246/328\n|\n|upkeep\n|turn|5\n|\n|t:|1732964503\n|move|p1a: Tropius|Protect|p1a: Tropius\n|-singleturn|p1a: Tropius|Protect\n|move|p2a: Slaking|Double-Edge|p1a: Tropius\n|-activate|p1a: Tropius|move: Protect\n|\n|upkeep\n|turn|6\n|\n|t:|1732964509\n|switch|p2a: Heatran|Heatran, L79, M|273/273\n|-item|p2a: Heatran|Air Balloon\n|move|p1a: Tropius|Leech Seed|p2a: Heatran\n|-start|p2a: Heatran|move: Leech Seed\n|\n|-damage|p2a: Heatran|239/273|[from] Leech Seed|[of] p1a: Tropius\n|-heal|p1a: Tropius|280/328|[silent]\n|upkeep\n|turn|7\n|\n|t:|1732964519\n|switch|p2a: Reshiram|Reshiram, L76|277/277\n|-ability|p2a: Reshiram|Turboblaze\n|move|p1a: Tropius|Protect||[still]\n|-fail|p1a: Tropius\n|\n|upkeep\n|turn|8\n|\n|t:|1732964528\n|move|p2a: Reshiram|Blue Flare|p1a: Tropius\n|-supereffective|p1a: Tropius\n|-end|p1a: Tropius|Substitute\n|move|p1a: Tropius|Leech Seed|p2a: Reshiram\n|-start|p2a: Reshiram|move: Leech Seed\n|\n|-damage|p2a: Reshiram|243/277|[from] Leech Seed|[of] p1a: Tropius\n|-heal|p1a: Tropius|314/328|[silent]\n|upkeep\n|turn|9\n|\n|t:|1732964536\n|move|p1a: Tropius|Protect|p1a: Tropius\n|-singleturn|p1a: Tropius|Protect\n|move|p2a: Reshiram|Blue Flare|p1a: Tropius\n|-activate|p1a: Tropius|move: Protect\n|\n|-damage|p2a: Reshiram|209/277|[from] Leech Seed|[of] p1a: Tropius\n|-heal|p1a: Tropius|328/328|[silent]\n|upkeep\n|turn|10\n|\n|t:|1732964546\n|move|p2a: Reshiram|Blue Flare|p1a: Tropius\n|-supereffective|p1a: Tropius\n|-damage|p1a: Tropius|32/328\n|-enditem|p1a: Tropius|Sitrus Berry|[eat]\n|-heal|p1a: Tropius|114/328|[from] item: Sitrus Berry\n|move|p1a: Tropius|Substitute|p1a: Tropius\n|-start|p1a: Tropius|Substitute\n|-damage|p1a: Tropius|32/328\n|\n|-damage|p2a: Reshiram|175/277|[from] Leech Seed|[of] p1a: Tropius\n|-heal|p1a: Tropius|66/328|[silent]\n|upkeep\n|turn|11\n|\n|t:|1732964557\n|switch|p2a: Heatran|Heatran, L79, M|239/273\n|-item|p2a: Heatran|Air Balloon\n|move|p1a: Tropius|Protect||[still]\n|-fail|p1a: Tropius\n|\n|-item|p1a: Tropius|Sitrus Berry|[from] ability: Harvest\n|upkeep\n|-enditem|p1a: Tropius|Sitrus Berry|[eat]\n|-heal|p1a: Tropius|148/328|[from] item: Sitrus Berry\n|turn|12\n|\n|t:|1732964569\n|move|p1a: Tropius|Protect|p1a: Tropius\n|-singleturn|p1a: Tropius|Protect\n|move|p2a: Heatran|Flash Cannon|p1a: Tropius\n|-activate|p1a: Tropius|move: Protect\n|\n|-item|p1a: Tropius|Sitrus Berry|[from] ability: Harvest\n|upkeep\n|-enditem|p1a: Tropius|Sitrus Berry|[eat]\n|-heal|p1a: Tropius|230/328|[from] item: Sitrus Berry\n|turn|13\n|\n|t:|1732964579\n|move|p2a: Heatran|Lava Plume|p1a: Tropius\n|-supereffective|p1a: Tropius\n|-end|p1a: Tropius|Substitute\n|move|p1a: Tropius|Leech Seed|p2a: Heatran\n|-start|p2a: Heatran|move: Leech Seed\n|\n|-damage|p2a: Heatran|205/273|[from] Leech Seed|[of] p1a: Tropius\n|-heal|p1a: Tropius|264/328|[silent]\n|upkeep\n|turn|14\n|\n|t:|1732964592\n|move|p1a: Tropius|Protect|p1a: Tropius\n|-singleturn|p1a: Tropius|Protect\n|move|p2a: Heatran|Lava Plume|p1a: Tropius\n|-activate|p1a: Tropius|move: Protect\n|\n|-damage|p2a: Heatran|171/273|[from] Leech Seed|[of] p1a: Tropius\n|-heal|p1a: Tropius|298/328|[silent]\n|upkeep\n|turn|15\n|\n|t:|1732964603\n|move|p2a: Heatran|Lava Plume|p1a: Tropius\n|-supereffective|p1a: Tropius\n|-damage|p1a: Tropius|118/328\n|move|p1a: Tropius|Substitute|p1a: Tropius\n|-start|p1a: Tropius|Substitute\n|-damage|p1a: Tropius|36/328\n|\n|-damage|p2a: Heatran|137/273|[from] Leech Seed|[of] p1a: Tropius\n|-heal|p1a: Tropius|70/328|[silent]\n|upkeep\n|turn|16\n|\n|t:|1732964614\n|switch|p2a: Reshiram|Reshiram, L76|175/277\n|-ability|p2a: Reshiram|Turboblaze\n|move|p1a: Tropius|Leech Seed|p2a: Reshiram\n|-start|p2a: Reshiram|move: Leech Seed\n|\n|-damage|p2a: Reshiram|141/277|[from] Leech Seed|[of] p1a: Tropius\n|-heal|p1a: Tropius|104/328|[silent]\n|-item|p1a: Tropius|Sitrus Berry|[from] ability: Harvest\n|upkeep\n|-enditem|p1a: Tropius|Sitrus Berry|[eat]\n|-heal|p1a: Tropius|186/328|[from] item: Sitrus Berry\n|turn|17\n|\n|t:|1732964629\n|switch|p2a: Heatran|Heatran, L79, M|137/273\n|-item|p2a: Heatran|Air Balloon\n|move|p1a: Tropius|Protect||[still]\n|-fail|p1a: Tropius\n|\n|upkeep\n|turn|18\n|\n|t:|1732964636\n|move|p2a: Heatran|Lava Plume|p1a: Tropius\n|-supereffective|p1a: Tropius\n|-end|p1a: Tropius|Substitute\n|move|p1a: Tropius|Leech Seed|p2a: Heatran\n|-start|p2a: Heatran|move: Leech Seed\n|\n|-damage|p2a: Heatran|103/273|[from] Leech Seed|[of] p1a: Tropius\n|-heal|p1a: Tropius|220/328|[silent]\n|-item|p1a: Tropius|Sitrus Berry|[from] ability: Harvest\n|upkeep\n|turn|19\n|\n|t:|1732964645\n|move|p1a: Tropius|Protect|p1a: Tropius\n|-singleturn|p1a: Tropius|Protect\n|move|p2a: Heatran|Lava Plume|p1a: Tropius\n|-activate|p1a: Tropius|move: Protect\n|\n|-damage|p2a: Heatran|69/273|[from] Leech Seed|[of] p1a: Tropius\n|-heal|p1a: Tropius|254/328|[silent]\n|upkeep\n|turn|20\n|\n|t:|1732964654\n|move|p2a: Heatran|Lava Plume|p1a: Tropius\n|-supereffective|p1a: Tropius\n|-damage|p1a: Tropius|90/328\n|-enditem|p1a: Tropius|Sitrus Berry|[eat]\n|-heal|p1a: Tropius|172/328|[from] item: Sitrus Berry\n|move|p1a: Tropius|Substitute|p1a: Tropius\n|-start|p1a: Tropius|Substitute\n|-damage|p1a: Tropius|90/328\n|\n|-damage|p2a: Heatran|35/273|[from] Leech Seed|[of] p1a: Tropius\n|-heal|p1a: Tropius|124/328|[silent]\n|upkeep\n|turn|21\n|\n|t:|1732964665\n|move|p1a: Tropius|Protect|p1a: Tropius\n|-singleturn|p1a: Tropius|Protect\n|move|p2a: Heatran|Lava Plume|p1a: Tropius\n|-activate|p1a: Tropius|move: Protect\n|\n|-damage|p2a: Heatran|1/273|[from] Leech Seed|[of] p1a: Tropius\n|-heal|p1a: Tropius|158/328|[silent]\n|-item|p1a: Tropius|Sitrus Berry|[from] ability: Harvest\n|upkeep\n|-enditem|p1a: Tropius|Sitrus Berry|[eat]\n|-heal|p1a: Tropius|240/328|[from] item: Sitrus Berry\n|turn|22\n|\n|t:|1732964678\n|move|p2a: Heatran|Lava Plume|p1a: Tropius\n|-supereffective|p1a: Tropius\n|-end|p1a: Tropius|Substitute\n|move|p1a: Tropius|Substitute|p1a: Tropius\n|-start|p1a: Tropius|Substitute\n|-damage|p1a: Tropius|158/328\n|\n|-damage|p2a: Heatran|0 fnt|[from] Leech Seed|[of] p1a: Tropius\n|-heal|p1a: Tropius|159/328|[silent]\n|faint|p2a: Heatran\n|-item|p1a: Tropius|Sitrus Berry|[from] ability: Harvest\n|upkeep\n|-enditem|p1a: Tropius|Sitrus Berry|[eat]\n|-heal|p1a: Tropius|241/328|[from] item: Sitrus Berry\n|\n|t:|1732964683\n|switch|p2a: Slaking|Slaking, L84, M, tera:Ghost|68/389\n|turn|23\n|-message|XxBoombysaftxX forfeited.\n|\n|win|KBR-13-\n|raw|KBR-13-'s rating: 1509 &rarr; <strong>1527</strong><br />(+18 for winning)\n|raw|XxBoombysaftxX's rating: 1473 &rarr; <strong>1455</strong><br />(-18 for losing)\n|l|\u2606XxBoombysaftxX\n|player|p2|\n", "inputlog": ">version b107d77f5c90bd6555267ae244a6264823309ead\n>start {\"formatid\":\"gen9randombattle\",\"seed\":[59,47469,22586,49081],\"rated\":\"Rated battle\"}\n>player p1 {\"name\":\"KBR-13-\",\"avatar\":\"265\",\"rating\":1509,\"seed\":[51732,17358,31629,46335]}\n>player p2 {\"name\":\"XxBoombysaftxX\",\"avatar\":\"266\",\"rating\":1455,\"seed\":[65351,26011,64000,7137]}\n>p1 move swordsdance\n>p2 switch 2\n>p1 move closecombat terastallize\n>p2 move hydropump\n>p2 switch 5\n>p1 move flareblitz\n>p2 move doubleedge terastallize\n>p1 switch 2\n>p1 move substitute\n>p2 move doubleedge\n>p1 move protect\n>p2 move doubleedge\n>p1 move leechseed\n>p2 switch 3\n>p1 move protect\n>p2 switch 2\n>p1 move leechseed\n>p2 move blueflare\n>p1 move protect\n>p2 move blueflare\n>p1 move substitute\n>p2 move blueflare\n>p1 move protect\n>p2 switch 2\n>p1 move protect\n>p2 move flashcannon\n>p1 move leechseed\n>p2 move lavaplume\n>p1 move protect\n>p2 move lavaplume\n>p1 move substitute\n>p2 move lavaplume\n>p1 move leechseed\n>p2 switch 2\n>p1 move protect\n>p2 switch 2\n>p1 move leechseed\n>p2 move lavaplume\n>p1 move protect\n>p2 move lavaplume\n>p1 move substitute\n>p2 move lavaplume\n>p1 move protect\n>p2 move lavaplume\n>p1 move substitute\n>p2 move lavaplume\n>p2 switch 3\n>forcelose p2", "uploadtime": 1732964703, "views": 1, "formatid": "gen9randombattle", "rating": 1455, "private": 0, "password": null}