{"id": "gen9randombattle-2254176227", "format": "[Gen 9] Random Battle", "players": ["Pain Gamma", "loooooooojygh"], "log": "|j|\u2606Pain Gamma\n|j|\u2606loooooooojygh\n|t:|1733000658\n|gametype|singles\n|player|p1|Pain Gamma|n|1146\n|player|p2|loooooooojygh|ninjaboy|1106\n|teamsize|p1|6\n|teamsize|p2|6\n|gen|9\n|tier|[Gen 9] Random Battle\n|rated|\n|rule|Species Clause: Limit one of each Pok\u00e9mon\n|rule|HP Percentage Mod: HP is shown in percentages\n|rule|Sleep Clause Mod: Limit one foe put to sleep\n|rule|Illusion Level Mod: Illusion disguises the Pok\u00e9mon's true level\n|\n|t:|1733000658\n|start\n|switch|p1a: Emboar|Emboar, L84, F|322/322\n|switch|p2a: Qwilfish|Qwilfish, L86, F|252/252\n|-ability|p2a: Qwilfish|Intimidate|boost\n|-unboost|p1a: Emboar|atk|1\n|turn|1\n|inactive|Battle timer is ON: inactive players will automatically lose when time's up. (requested by loooooooojygh)\n|\n|t:|1733000678\n|switch|p1a: Mew|Mew, L82|298/298\n|move|p2a: Qwilfish|Spikes|p1a: Mew\n|-sidestart|p1: Pain Gamma|Spikes\n|\n|upkeep\n|turn|2\n|\n|t:|1733000703\n|switch|p2a: Milotic|Milotic, L83, F|293/293\n|move|p1a: Mew|Encore||[still]\n|-fail|p1a: Mew\n|\n|upkeep\n|turn|3\n|\n|t:|1733000708\n|move|p1a: Mew|Toxic Spikes|p2a: Milotic\n|-sidestart|p2: loooooooojygh|move: Toxic Spikes\n|move|p2a: Milotic|Scald|p1a: Mew\n|-damage|p1a: Mew|222/298\n|-status|p1a: Mew|brn\n|-activate|p1a: Mew|ability: Synchronize\n|-status|p2a: Milotic|brn\n|\n|-heal|p1a: Mew|240/298 brn|[from] item: Leftovers\n|-damage|p1a: Mew|222/298 brn|[from] brn\n|-damage|p2a: Milotic|275/293 brn|[from] brn\n|upkeep\n|turn|4\n|\n|t:|1733000727\n|move|p1a: Mew|Toxic Spikes|p2a: Milotic\n|-sidestart|p2: loooooooojygh|move: Toxic Spikes\n|move|p2a: Milotic|Ice Beam|p1a: Mew\n|-damage|p1a: Mew|161/298 brn\n|\n|-heal|p1a: Mew|179/298 brn|[from] item: Leftovers\n|-heal|p2a: Milotic|293/293 brn|[from] item: Leftovers\n|-damage|p1a: Mew|161/298 brn|[from] brn\n|-damage|p2a: Milotic|275/293 brn|[from] brn\n|upkeep\n|turn|5\n|\n|t:|1733000735\n|switch|p2a: Qwilfish|Qwilfish, L86, F|252/252\n|-sideend|p2: loooooooojygh|move: Toxic Spikes|[of] p2a: Qwilfish\n|-ability|p2a: Qwilfish|Intimidate|boost\n|-unboost|p1a: Mew|atk|1\n|move|p1a: Mew|Psychic Noise|p2a: Qwilfish\n|-supereffective|p2a: Qwilfish\n|-damage|p2a: Qwilfish|52/252\n|-start|p2a: Qwilfish|move: Heal Block\n|\n|-heal|p1a: Mew|179/298 brn|[from] item: Leftovers\n|-damage|p1a: Mew|161/298 brn|[from] brn\n|upkeep\n|turn|6\n|\n|t:|1733000753\n|switch|p2a: Gumshoos|Gumshoos, L95, F|321/321\n|move|p1a: Mew|Psychic Noise|p2a: Gumshoos\n|-damage|p2a: Gumshoos|230/321\n|-start|p2a: Gumshoos|move: Heal Block\n|\n|-heal|p1a: Mew|179/298 brn|[from] item: Leftovers\n|-damage|p1a: Mew|161/298 brn|[from] brn\n|upkeep\n|turn|7\n|\n|t:|1733000757\n|move|p1a: Mew|Knock Off|p2a: Gumshoos\n|-crit|p2a: Gumshoos\n|-damage|p2a: Gumshoos|168/321\n|-enditem|p2a: Gumshoos|Choice Band|[from] move: Knock Off|[of] p1a: Mew\n|move|p2a: Gumshoos|Knock Off|p1a: Mew\n|-supereffective|p1a: Mew\n|-damage|p1a: Mew|0 fnt\n|-enditem|p1a: Mew|Leftovers|[from] move: Knock Off|[of] p2a: Gumshoos\n|faint|p1a: Mew\n|\n|-end|p2a: Gumshoos|move: Heal Block\n|upkeep\n|\n|t:|1733000780\n|switch|p1a: Emboar|Emboar, L84, F|322/322\n|-damage|p1a: Emboar|282/322|[from] Spikes\n|turn|8\n|inactive|loooooooojygh has 120 seconds left.\n|\n|t:|1733000817\n|switch|p2a: Milotic|Milotic, L83, F|275/293 brn\n|move|p1a: Emboar|Close Combat|p2a: Milotic\n|-damage|p2a: Milotic|116/293 brn\n|-unboost|p1a: Emboar|def|1\n|-unboost|p1a: Emboar|spd|1\n|\n|-heal|p2a: Milotic|134/293 brn|[from] item: Leftovers\n|-damage|p2a: Milotic|116/293 brn|[from] brn\n|upkeep\n|turn|9\n|inactive|loooooooojygh has 120 seconds left.\n|\n|t:|1733000825\n|move|p1a: Emboar|Close Combat|p2a: Milotic\n|-damage|p2a: Milotic|0 fnt\n|-unboost|p1a: Emboar|def|1\n|-unboost|p1a: Emboar|spd|1\n|faint|p2a: Milotic\n|\n|upkeep\n|inactive|loooooooojygh has 120 seconds left.\n|\n|t:|1733000834\n|switch|p2a: Qwilfish|Qwilfish, L86, F|52/252\n|-ability|p2a: Qwilfish|Intimidate|boost\n|-unboost|p1a: Emboar|atk|1\n|turn|10\n|\n|t:|1733000839\n|move|p1a: Emboar|Close Combat|p2a: Qwilfish\n|-resisted|p2a: Qwilfish\n|-damage|p2a: Qwilfish|3/252\n|-unboost|p1a: Emboar|def|1\n|-unboost|p1a: Emboar|spd|1\n|move|p2a: Qwilfish|Waterfall|p1a: Emboar\n|-supereffective|p1a: Emboar\n|-damage|p1a: Emboar|0 fnt\n|faint|p1a: Emboar\n|\n|-heal|p2a: Qwilfish|18/252|[from] item: Leftovers\n|upkeep\n|\n|t:|1733000855\n|switch|p1a: Porygon-Z|Porygon-Z, L83|277/277\n|-damage|p1a: Porygon-Z|243/277|[from] Spikes\n|turn|11\n|inactive|loooooooojygh has 120 seconds left.\n|\n|t:|1733000891\n|move|p1a: Porygon-Z|Tri Attack|p2a: Qwilfish\n|-damage|p2a: Qwilfish|0 fnt\n|faint|p2a: Qwilfish\n|\n|upkeep\n|\n|t:|1733000894\n|switch|p2a: Chesnaught|Chesnaught, L84, M|285/285\n|turn|12\n|inactive|loooooooojygh has 120 seconds left.\n|\n|t:|1733000905\n|switch|p1a: Altaria|Altaria, L88, M|275/275\n|move|p2a: Chesnaught|Trailblaze|p1a: Altaria\n|-resisted|p1a: Altaria\n|-damage|p1a: Altaria|261/275\n|-boost|p2a: Chesnaught|spe|1\n|\n|upkeep\n|turn|13\n|inactive|loooooooojygh has 120 seconds left.\n|inactive|loooooooojygh has 90 seconds left.\n|\n|t:|1733000958\n|switch|p2a: Thundurus|Thundurus-Therian, L80, M|258/258\n|move|p1a: Altaria|Brave Bird|p2a: Thundurus\n|-resisted|p2a: Thundurus\n|-damage|p2a: Thundurus|192/258\n|-damage|p1a: Altaria|239/275|[from] Recoil\n|\n|upkeep\n|turn|14\n|\n|t:|1733000965\n|switch|p1a: Chien-Pao|Chien-Pao, L72|234/234\n|-damage|p1a: Chien-Pao|205/234|[from] Spikes\n|-ability|p1a: Chien-Pao|Sword of Ruin\n|move|p2a: Thundurus|Nasty Plot|p2a: Thundurus\n|-boost|p2a: Thundurus|spa|2\n|\n|upkeep\n|turn|15\n|inactive|loooooooojygh has 90 seconds left.\n|\n|t:|1733000976\n|move|p1a: Chien-Pao|Icicle Crash|p2a: Thundurus\n|-supereffective|p2a: Thundurus\n|-damage|p2a: Thundurus|0 fnt\n|faint|p2a: Thundurus\n|\n|upkeep\n|inactive|loooooooojygh has 90 seconds left.\n|\n|t:|1733000981\n|switch|p2a: Gumshoos|Gumshoos, L95, F|168/321\n|turn|16\n|\n|t:|1733000993\n|move|p1a: Chien-Pao|Icicle Crash|p2a: Gumshoos\n|-damage|p2a: Gumshoos|0 fnt\n|faint|p2a: Gumshoos\n|\n|upkeep\n|inactive|loooooooojygh has 90 seconds left.\n|\n|t:|1733001026\n|switch|p2a: Oinkologne|Oinkologne-F, L92, F|361/361\n|turn|17\n|\n|t:|1733001032\n|move|p1a: Chien-Pao|Icicle Crash|p2a: Oinkologne\n|-damage|p2a: Oinkologne|271/361\n|cant|p2a: Oinkologne|flinch\n|\n|-heal|p2a: Oinkologne|293/361|[from] item: Leftovers\n|upkeep\n|turn|18\n|\n|t:|1733001038\n|switch|p1a: Blissey|Blissey, L84, F|566/566\n|-damage|p1a: Blissey|496/566|[from] Spikes\n|move|p2a: Oinkologne|High Horsepower|p1a: Blissey\n|-damage|p1a: Blissey|270/566\n|\n|-heal|p2a: Oinkologne|315/361|[from] item: Leftovers\n|-heal|p1a: Blissey|305/566|[from] item: Leftovers\n|upkeep\n|turn|19\n|inactive|loooooooojygh has 90 seconds left.\n|\n|t:|1733001058\n|move|p2a: Oinkologne|Curse|p2a: Oinkologne\n|-unboost|p2a: Oinkologne|spe|1\n|-boost|p2a: Oinkologne|atk|1\n|-boost|p2a: Oinkologne|def|1\n|move|p1a: Blissey|Thunder Wave|p2a: Oinkologne\n|-status|p2a: Oinkologne|par\n|\n|-heal|p1a: Blissey|340/566|[from] item: Leftovers\n|-heal|p2a: Oinkologne|337/361 par|[from] item: Leftovers\n|upkeep\n|turn|20\n|\n|t:|1733001067\n|move|p1a: Blissey|Soft-Boiled|p1a: Blissey\n|-heal|p1a: Blissey|566/566\n|move|p2a: Oinkologne|Lash Out|p1a: Blissey\n|-damage|p1a: Blissey|278/566\n|\n|-heal|p1a: Blissey|313/566|[from] item: Leftovers\n|-heal|p2a: Oinkologne|359/361 par|[from] item: Leftovers\n|upkeep\n|turn|21\n|\n|t:|1733001076\n|move|p1a: Blissey|Seismic Toss|p2a: Oinkologne\n|-damage|p2a: Oinkologne|275/361 par\n|move|p2a: Oinkologne|Curse|p2a: Oinkologne\n|-unboost|p2a: Oinkologne|spe|1\n|-boost|p2a: Oinkologne|atk|1\n|-boost|p2a: Oinkologne|def|1\n|\n|-heal|p1a: Blissey|348/566|[from] item: Leftovers\n|-heal|p2a: Oinkologne|297/361 par|[from] item: Leftovers\n|upkeep\n|turn|22\n|inactive|loooooooojygh has 90 seconds left.\n|\n|t:|1733001083\n|move|p1a: Blissey|Seismic Toss|p2a: Oinkologne\n|-damage|p2a: Oinkologne|213/361 par\n|move|p2a: Oinkologne|Body Slam|p1a: Blissey\n|-damage|p1a: Blissey|0 fnt\n|faint|p1a: Blissey\n|\n|-heal|p2a: Oinkologne|235/361 par|[from] item: Leftovers\n|upkeep\n|\n|t:|1733001087\n|switch|p1a: Porygon-Z|Porygon-Z, L83|243/277\n|-damage|p1a: Porygon-Z|209/277|[from] Spikes\n|turn|23\n|\n|t:|1733001094\n|move|p1a: Porygon-Z|Tri Attack|p2a: Oinkologne\n|-damage|p2a: Oinkologne|113/361 par\n|move|p2a: Oinkologne|Lash Out|p1a: Porygon-Z\n|-damage|p1a: Porygon-Z|79/277\n|\n|-heal|p2a: Oinkologne|135/361 par|[from] item: Leftovers\n|upkeep\n|turn|24\n|\n|t:|1733001103\n|move|p1a: Porygon-Z|Tri Attack|p2a: Oinkologne\n|-damage|p2a: Oinkologne|3/361 par\n|move|p2a: Oinkologne|Body Slam|p1a: Porygon-Z\n|-damage|p1a: Porygon-Z|0 fnt\n|faint|p1a: Porygon-Z\n|\n|-heal|p2a: Oinkologne|25/361 par|[from] item: Leftovers\n|upkeep\n|\n|t:|1733001109\n|switch|p1a: Altaria|Altaria, L88, M|239/275\n|turn|25\n|\n|t:|1733001113\n|move|p1a: Altaria|Earthquake|p2a: Oinkologne\n|-damage|p2a: Oinkologne|0 fnt\n|faint|p2a: Oinkologne\n|\n|upkeep\n|\n|t:|1733001115\n|switch|p2a: Chesnaught|Chesnaught, L84, M|285/285\n|turn|26\n|\n|t:|1733001125\n|-terastallize|p2a: Chesnaught|Steel\n|move|p1a: Altaria|Brave Bird|p2a: Chesnaught\n|-resisted|p2a: Chesnaught\n|-damage|p2a: Chesnaught|240/285\n|-damage|p1a: Altaria|224/275|[from] Recoil\n|move|p2a: Chesnaught|Iron Defense|p2a: Chesnaught\n|-boost|p2a: Chesnaught|def|2\n|\n|-heal|p2a: Chesnaught|257/285|[from] item: Leftovers\n|upkeep\n|turn|27\n|\n|t:|1733001133\n|move|p1a: Altaria|Earthquake|p2a: Chesnaught\n|-supereffective|p2a: Chesnaught\n|-damage|p2a: Chesnaught|209/285\n|move|p2a: Chesnaught|Iron Defense|p2a: Chesnaught\n|-boost|p2a: Chesnaught|def|2\n|\n|-heal|p2a: Chesnaught|226/285|[from] item: Leftovers\n|upkeep\n|turn|28\n|\n|t:|1733001140\n|move|p1a: Altaria|Earthquake|p2a: Chesnaught\n|-supereffective|p2a: Chesnaught\n|-damage|p2a: Chesnaught|194/285\n|move|p2a: Chesnaught|Iron Defense|p2a: Chesnaught\n|-boost|p2a: Chesnaught|def|2\n|\n|-heal|p2a: Chesnaught|211/285|[from] item: Leftovers\n|upkeep\n|turn|29\n|\n|t:|1733001143\n|move|p1a: Altaria|Earthquake|p2a: Chesnaught\n|-supereffective|p2a: Chesnaught\n|-damage|p2a: Chesnaught|185/285\n|move|p2a: Chesnaught|Trailblaze|p1a: Altaria\n|-resisted|p1a: Altaria\n|-damage|p1a: Altaria|211/275\n|-boost|p2a: Chesnaught|spe|1\n|\n|-heal|p2a: Chesnaught|202/285|[from] item: Leftovers\n|upkeep\n|turn|30\n|\n|t:|1733001146\n|move|p2a: Chesnaught|Trailblaze|p1a: Altaria\n|-resisted|p1a: Altaria\n|-crit|p1a: Altaria\n|-damage|p1a: Altaria|191/275\n|-boost|p2a: Chesnaught|spe|1\n|move|p1a: Altaria|Earthquake|p2a: Chesnaught\n|-supereffective|p2a: Chesnaught\n|-crit|p2a: Chesnaught\n|-damage|p2a: Chesnaught|68/285\n|\n|-heal|p2a: Chesnaught|85/285|[from] item: Leftovers\n|upkeep\n|turn|31\n|\n|t:|1733001151\n|move|p2a: Chesnaught|Synthesis|p2a: Chesnaught\n|-heal|p2a: Chesnaught|227/285\n|move|p1a: Altaria|Earthquake|p2a: Chesnaught\n|-supereffective|p2a: Chesnaught\n|-damage|p2a: Chesnaught|201/285\n|\n|-heal|p2a: Chesnaught|218/285|[from] item: Leftovers\n|upkeep\n|turn|32\n|\n|t:|1733001164\n|move|p2a: Chesnaught|Body Press|p1a: Altaria\n|-resisted|p1a: Altaria\n|-damage|p1a: Altaria|0 fnt\n|faint|p1a: Altaria\n|\n|-heal|p2a: Chesnaught|235/285|[from] item: Leftovers\n|upkeep\n|\n|t:|1733001166\n|switch|p1a: Chien-Pao|Chien-Pao, L72|205/234\n|-damage|p1a: Chien-Pao|176/234|[from] Spikes\n|-ability|p1a: Chien-Pao|Sword of Ruin\n|turn|33\n|\n|t:|1733001175\n|-terastallize|p1a: Chien-Pao|Ice\n|move|p1a: Chien-Pao|Ice Shard|p2a: Chesnaught\n|-resisted|p2a: Chesnaught\n|-damage|p2a: Chesnaught|225/285\n|move|p2a: Chesnaught|Body Press|p1a: Chien-Pao\n|-supereffective|p1a: Chien-Pao\n|-damage|p1a: Chien-Pao|0 fnt\n|faint|p1a: Chien-Pao\n|\n|win|loooooooojygh\n|raw|Pain Gamma's rating: 1146 &rarr; <strong>1118</strong><br />(-28 for losing)\n|raw|loooooooojygh's rating: 1106 &rarr; <strong>1134</strong><br />(+28 for winning)\n|l|\u2606Pain Gamma\n|player|p1|\n", "inputlog": ">version b107d77f5c90bd6555267ae244a6264823309ead\n>start {\"formatid\":\"gen9randombattle\",\"seed\":[4330,61337,26818,29489],\"rated\":\"Rated battle\"}\n>player p1 {\"name\":\"Pain Gamma\",\"avatar\":\"n\",\"rating\":1146,\"seed\":[48932,16869,30913,19293]}\n>player p2 {\"name\":\"loooooooojygh\",\"avatar\":\"ninjaboy\",\"rating\":1106,\"seed\":[58820,41824,50203,19269]}\n>p1 switch 6\n>p2 move spikes\n>p1 move encore\n>p2 switch 4\n>p1 move toxicspikes\n>p2 move scald\n>p1 move toxicspikes\n>p2 move icebeam\n>p1 move psychicnoise\n>p2 switch 4\n>p1 move psychicnoise\n>p2 switch 2\n>p1 move knockoff\n>p2 move knockoff\n>p1 switch 6\n>p1 move closecombat\n>p2 switch 4\n>p1 move closecombat\n>p2 move recover\n>p2 switch 2\n>p1 move closecombat\n>p2 move waterfall\n>p1 switch 4\n>p1 move triattack\n>p2 move toxicspikes\n>p2 switch 3\n>p1 switch 5\n>p2 move trailblaze\n>p1 move bravebird\n>p2 switch 6\n>p1 switch 2\n>p2 move nastyplot\n>p1 move iciclecrash\n>p2 move focusblast\n>p2 switch 4\n>p1 move iciclecrash\n>p2 move earthquake\n>p2 switch 5\n>p1 move iciclecrash\n>p2 move highhorsepower\n>p1 switch 3\n>p2 move highhorsepower\n>p1 move thunderwave\n>p2 move curse\n>p1 move softboiled\n>p2 move lashout\n>p1 move seismictoss\n>p2 move curse\n>p1 move seismictoss\n>p2 move bodyslam\n>p1 switch 5\n>p1 move triattack\n>p2 move lashout\n>p1 move triattack\n>p2 move bodyslam\n>p1 switch 2\n>p1 move earthquake\n>p2 move bodyslam\n>p2 switch 6\n>p1 move bravebird\n>p2 move irondefense terastallize\n>p1 move earthquake\n>p2 move irondefense\n>p1 move earthquake\n>p2 move irondefense\n>p1 move earthquake\n>p2 move trailblaze\n>p1 move earthquake\n>p2 move trailblaze\n>p1 move earthquake\n>p2 move synthesis\n>p1 move earthquake\n>p2 move bodypress\n>p1 switch 3\n>p1 move iceshard terastallize\n>p2 move bodypress", "uploadtime": 1733001231, "views": 16, "formatid": "gen9randombattle", "rating": 1118, "private": 0, "password": null}