{"id": "gen9randombattle-2253945863", "format": "[Gen 9] Random Battle", "players": ["Murray69", "Doola peep"], "log": "|j|\u2606Murray69\n|j|\u2606Doola peep\n|t:|1732969153\n|gametype|singles\n|player|p1|Murray69|cynthia-gen7|1352\n|player|p2|Doola peep|265|1341\n|teamsize|p1|6\n|teamsize|p2|6\n|gen|9\n|tier|[Gen 9] Random Battle\n|rated|\n|rule|Species Clause: Limit one of each Pok\u00e9mon\n|rule|HP Percentage Mod: HP is shown in percentages\n|rule|Sleep Clause Mod: Limit one foe put to sleep\n|rule|Illusion Level Mod: Illusion disguises the Pok\u00e9mon's true level\n|\n|t:|1732969153\n|start\n|switch|p1a: Gouging Fire|Gouging Fire, L74|277/277\n|switch|p2a: Iron Boulder|Iron Boulder, L77|265/265\n|turn|1\n|inactive|Battle timer is ON: inactive players will automatically lose when time's up. (requested by Murray69)\n|\n|t:|1732969168\n|-end|p1a: Gouging Fire|Protosynthesis|[silent]\n|switch|p1a: Sunflora|Sunflora, F|312/312\n|move|p2a: Iron Boulder|Swords Dance|p2a: Iron Boulder\n|-boost|p2a: Iron Boulder|atk|2\n|\n|upkeep\n|turn|2\n|\n|t:|1732969183\n|move|p2a: Iron Boulder|Mighty Cleave|p1a: Sunflora\n|-damage|p1a: Sunflora|31/312\n|-damage|p2a: Iron Boulder|239/265|[from] item: Life Orb\n|move|p1a: Sunflora|Sunny Day|p1a: Sunflora\n|-weather|SunnyDay\n|\n|-weather|SunnyDay|[upkeep]\n|upkeep\n|turn|3\n|\n|t:|1732969203\n|-end|p2a: Iron Boulder|Quark Drive|[silent]\n|switch|p2a: Scizor|Scizor, L79, M|240/240\n|move|p1a: Sunflora|Earth Power|p2a: Scizor\n|-damage|p2a: Scizor|106/240\n|-damage|p1a: Sunflora|0 fnt|[from] item: Life Orb\n|faint|p1a: Sunflora\n|\n|-weather|SunnyDay|[upkeep]\n|upkeep\n|\n|t:|1732969214\n|switch|p1a: Gouging Fire|Gouging Fire, L74|277/277\n|-activate|p1a: Gouging Fire|ability: Protosynthesis\n|-start|p1a: Gouging Fire|protosynthesisdef\n|turn|4\n|\n|t:|1732969221\n|move|p1a: Gouging Fire|Dragon Dance|p1a: Gouging Fire\n|-boost|p1a: Gouging Fire|atk|1\n|-boost|p1a: Gouging Fire|spe|1\n|move|p2a: Scizor|Knock Off|p1a: Gouging Fire\n|-damage|p1a: Gouging Fire|213/277\n|-enditem|p1a: Gouging Fire|Heavy-Duty Boots|[from] move: Knock Off|[of] p2a: Scizor\n|-damage|p2a: Scizor|82/240|[from] item: Life Orb\n|\n|-weather|SunnyDay|[upkeep]\n|upkeep\n|turn|5\n|\n|t:|1732969236\n|switch|p2a: Sandaconda|Sandaconda, L84, F|258/258\n|move|p1a: Gouging Fire|Dragon Dance|p1a: Gouging Fire\n|-boost|p1a: Gouging Fire|atk|1\n|-boost|p1a: Gouging Fire|spe|1\n|\n|-weather|SunnyDay|[upkeep]\n|upkeep\n|turn|6\n|\n|t:|1732969244\n|move|p1a: Gouging Fire|Heat Crash|p2a: Sandaconda\n|-damage|p2a: Sandaconda|0 fnt\n|faint|p2a: Sandaconda\n|\n|-weather|none\n|-end|p1a: Gouging Fire|Protosynthesis\n|upkeep\n|\n|t:|1732969256\n|switch|p2a: Iron Boulder|Iron Boulder, L77|239/265\n|turn|7\n|\n|t:|1732969264\n|move|p1a: Gouging Fire|Earthquake|p2a: Iron Boulder\n|-supereffective|p2a: Iron Boulder\n|-crit|p2a: Iron Boulder\n|-damage|p2a: Iron Boulder|0 fnt\n|faint|p2a: Iron Boulder\n|-end|p2a: Iron Boulder|Quark Drive|[silent]\n|\n|upkeep\n|\n|t:|1732969275\n|switch|p2a: Avalugg|Avalugg, L88, F|310/310\n|turn|8\n|\n|t:|1732969288\n|-terastallize|p2a: Avalugg|Fighting\n|move|p1a: Gouging Fire|Heat Crash|p2a: Avalugg\n|-damage|p2a: Avalugg|270/310\n|move|p2a: Avalugg|Avalanche|p1a: Gouging Fire\n|-damage|p1a: Gouging Fire|66/277\n|\n|upkeep\n|turn|9\n|\n|t:|1732969301\n|move|p1a: Gouging Fire|Dragon Dance|p1a: Gouging Fire\n|-boost|p1a: Gouging Fire|atk|1\n|-boost|p1a: Gouging Fire|spe|1\n|move|p2a: Avalugg|Body Press|p1a: Gouging Fire\n|-damage|p1a: Gouging Fire|0 fnt\n|faint|p1a: Gouging Fire\n|-end|p1a: Gouging Fire|Protosynthesis|[silent]\n|\n|upkeep\n|\n|t:|1732969313\n|switch|p1a: Primarina|Primarina, L83, M|268/268\n|turn|10\n|\n|t:|1732969325\n|switch|p2a: Exeggutor|Exeggutor, L89, M|312/312\n|move|p1a: Primarina|Psychic|p2a: Exeggutor\n|-resisted|p2a: Exeggutor\n|-damage|p2a: Exeggutor|270/312\n|\n|upkeep\n|turn|11\n|\n|t:|1732969333\n|switch|p1a: Glalie|Glalie, L96, M|309/309\n|move|p2a: Exeggutor|Sleep Powder|p1a: Glalie\n|-status|p1a: Glalie|slp|[from] move: Sleep Powder\n|\n|upkeep\n|turn|12\n|\n|t:|1732969342\n|switch|p1a: Toxicroak|Toxicroak, L84, F|277/277\n|move|p2a: Exeggutor|Leech Seed|p1a: Toxicroak|[miss]\n|-miss|p2a: Exeggutor|p1a: Toxicroak\n|\n|upkeep\n|turn|13\n|\n|t:|1732969348\n|move|p1a: Toxicroak|Gunk Shot|p2a: Exeggutor\n|-supereffective|p2a: Exeggutor\n|-damage|p2a: Exeggutor|0 fnt\n|faint|p2a: Exeggutor\n|-damage|p1a: Toxicroak|250/277|[from] item: Life Orb\n|\n|upkeep\n|\n|t:|1732969354\n|switch|p2a: Blaziken|Blaziken, L76, F|247/247\n|turn|14\n|\n|t:|1732969368\n|move|p1a: Toxicroak|Earthquake|p2a: Blaziken\n|-supereffective|p2a: Blaziken\n|-damage|p2a: Blaziken|0 fnt\n|faint|p2a: Blaziken\n|-damage|p1a: Toxicroak|223/277|[from] item: Life Orb\n|\n|upkeep\n|\n|t:|1732969374\n|switch|p2a: Avalugg|Avalugg, L88, F, tera:Fighting|270/310\n|turn|15\n|\n|t:|1732969379\n|switch|p1a: Primarina|Primarina, L83, M|268/268\n|move|p2a: Avalugg|Rapid Spin|p1a: Primarina\n|-damage|p1a: Primarina|215/268\n|-boost|p2a: Avalugg|spe|1\n|\n|-heal|p1a: Primarina|231/268|[from] item: Leftovers\n|upkeep\n|turn|16\n|\n|t:|1732969388\n|move|p1a: Primarina|Psychic|p2a: Avalugg\n|-supereffective|p2a: Avalugg\n|-damage|p2a: Avalugg|46/310\n|move|p2a: Avalugg|Avalanche|p1a: Primarina\n|-resisted|p1a: Primarina\n|-damage|p1a: Primarina|141/268\n|\n|-heal|p1a: Primarina|157/268|[from] item: Leftovers\n|upkeep\n|turn|17\n|\n|t:|1732969397\n|move|p2a: Avalugg|Body Press|p1a: Primarina\n|-resisted|p1a: Primarina\n|-damage|p1a: Primarina|68/268\n|move|p1a: Primarina|Psychic|p2a: Avalugg\n|-supereffective|p2a: Avalugg\n|-damage|p2a: Avalugg|0 fnt\n|faint|p2a: Avalugg\n|\n|-heal|p1a: Primarina|84/268|[from] item: Leftovers\n|upkeep\n|\n|t:|1732969405\n|switch|p2a: Scizor|Scizor, L79, M|82/240\n|turn|18\n|\n|t:|1732969413\n|move|p2a: Scizor|Swords Dance|p2a: Scizor\n|-boost|p2a: Scizor|atk|2\n|move|p1a: Primarina|Psychic|p2a: Scizor\n|-resisted|p2a: Scizor\n|-damage|p2a: Scizor|38/240\n|\n|-heal|p1a: Primarina|100/268|[from] item: Leftovers\n|upkeep\n|turn|19\n|\n|t:|1732969421\n|move|p2a: Scizor|Bullet Punch|p1a: Primarina\n|-damage|p1a: Primarina|0 fnt\n|faint|p1a: Primarina\n|-damage|p2a: Scizor|14/240|[from] item: Life Orb\n|\n|upkeep\n|\n|t:|1732969425\n|switch|p1a: Gurdurr|Gurdurr, L85, M|283/283\n|turn|20\n|\n|t:|1732969430\n|move|p1a: Gurdurr|Mach Punch|p2a: Scizor\n|-damage|p2a: Scizor|0 fnt\n|faint|p2a: Scizor\n|\n|win|Murray69\n|raw|Murray69's rating: 1352 &rarr; <strong>1371</strong><br />(+19 for winning)\n|raw|Doola peep's rating: 1341 &rarr; <strong>1322</strong><br />(-19 for losing)\n|l|\u2606Doola peep\n|player|p2|\n", "inputlog": ">version b107d77f5c90bd6555267ae244a6264823309ead\n>start {\"formatid\":\"gen9randombattle\",\"seed\":[2165,60742,23535,33092],\"rated\":\"Rated battle\"}\n>player p1 {\"name\":\"Murray69\",\"avatar\":\"cynthia-gen7\",\"rating\":1352,\"seed\":[23760,11591,13762,36026]}\n>player p2 {\"name\":\"Doola peep\",\"avatar\":\"265\",\"rating\":1341,\"seed\":[55715,52915,51073,38890]}\n>p1 switch 3\n>p2 move swordsdance\n>p1 move sunnyday\n>p2 move mightycleave\n>p1 move earthpower\n>p2 switch 4\n>p1 switch 3\n>p1 move dragondance\n>p2 move knockoff\n>p1 move dragondance\n>p2 switch 5\n>p1 move heatcrash\n>p2 move coil\n>p2 switch 4\n>p1 move earthquake\n>p2 move mightycleave\n>p2 switch 2\n>p1 move heatcrash\n>p2 move avalanche terastallize\n>p1 move dragondance\n>p2 move bodypress\n>p1 switch 4\n>p1 move psychic\n>p2 switch 3\n>p1 switch 6\n>p2 move sleeppowder\n>p1 switch 5\n>p2 move leechseed\n>p1 move gunkshot\n>p2 move psychicnoise\n>p2 switch 6\n>p1 move earthquake\n>p2 move swordsdance\n>p2 switch 3\n>p1 switch 6\n>p2 move rapidspin\n>p1 move psychic\n>p2 move avalanche\n>p1 move psychic\n>p2 move bodypress\n>p2 switch 5\n>p1 move psychic\n>p2 move swordsdance\n>p1 move psychic\n>p2 move bulletpunch\n>p1 switch 2\n>p1 move machpunch\n>p2 move bugbite", "uploadtime": 1732969450, "views": 2, "formatid": "gen9randombattle", "rating": 1322, "private": 0, "password": null}