{"id": "gen9randombattle-2254114793", "format": "[Gen 9] Random Battle", "players": ["Aerotelic", "Foxyplays21"], "log": "|j|\u2606Aerotelic\n|j|\u2606Foxyplays21\n|t:|1732993015\n|gametype|singles\n|player|p1|Aerotelic|102|\n|player|p2|Foxyplays21|gentleman-gen4|\n|teamsize|p1|6\n|teamsize|p2|6\n|gen|9\n|tier|[Gen 9] Random Battle\n|rule|Species Clause: Limit one of each Pok\u00e9mon\n|rule|HP Percentage Mod: HP is shown in percentages\n|rule|Sleep Clause Mod: Limit one foe put to sleep\n|rule|Illusion Level Mod: Illusion disguises the Pok\u00e9mon's true level\n|\n|t:|1732993015\n|start\n|switch|p1a: Arceus|Arceus-Electric, L70|284/284\n|switch|p2a: Deoxys|Deoxys, L74|196/196\n|-ability|p2a: Deoxys|Pressure\n|turn|1\n|inactive|Battle timer is ON: inactive players will automatically lose when time's up. (requested by Foxyplays21)\n|\n|t:|1732993028\n|move|p2a: Deoxys|Psycho Boost|p1a: Arceus\n|-damage|p1a: Arceus|77/284\n|-unboost|p2a: Deoxys|spa|2\n|-damage|p2a: Deoxys|177/196|[from] item: Life Orb\n|move|p1a: Arceus|Calm Mind|p1a: Arceus\n|-boost|p1a: Arceus|spa|1\n|-boost|p1a: Arceus|spd|1\n|\n|upkeep\n|turn|2\n|\n|t:|1732993037\n|move|p2a: Deoxys|Superpower|p1a: Arceus\n|-damage|p1a: Arceus|0 fnt\n|-unboost|p2a: Deoxys|atk|1\n|-unboost|p2a: Deoxys|def|1\n|faint|p1a: Arceus\n|-damage|p2a: Deoxys|158/196|[from] item: Life Orb\n|\n|upkeep\n|\n|t:|1732993054\n|switch|p1a: Carbink|Carbink, L90|236/236\n|turn|3\n|\n|t:|1732993059\n|switch|p2a: Suicune|Suicune, L82|298/298\n|-ability|p2a: Suicune|Pressure\n|move|p1a: Carbink|Iron Defense|p1a: Carbink\n|-boost|p1a: Carbink|def|2\n|\n|upkeep\n|turn|4\n|\n|t:|1732993067\n|move|p2a: Suicune|Calm Mind|p2a: Suicune\n|-boost|p2a: Suicune|spa|1\n|-boost|p2a: Suicune|spd|1\n|move|p1a: Carbink|Iron Defense|p1a: Carbink\n|-boost|p1a: Carbink|def|2\n|\n|upkeep\n|turn|5\n|\n|t:|1732993073\n|move|p2a: Suicune|Calm Mind|p2a: Suicune\n|-boost|p2a: Suicune|spa|1\n|-boost|p2a: Suicune|spd|1\n|move|p1a: Carbink|Body Press|p2a: Suicune\n|-damage|p2a: Suicune|83/298\n|\n|-heal|p2a: Suicune|101/298|[from] item: Leftovers\n|upkeep\n|turn|6\n|\n|t:|1732993080\n|move|p2a: Suicune|Scald|p1a: Carbink\n|-supereffective|p1a: Carbink\n|-damage|p1a: Carbink|38/236\n|-status|p1a: Carbink|brn\n|move|p1a: Carbink|Body Press|p2a: Suicune\n|-damage|p2a: Suicune|0 fnt\n|faint|p2a: Suicune\n|\n|-damage|p1a: Carbink|24/236 brn|[from] brn\n|upkeep\n|\n|t:|1732993102\n|switch|p2a: Vespiquen|Vespiquen, L98, F|296/296\n|-ability|p2a: Vespiquen|Pressure\n|turn|7\n|\n|t:|1732993108\n|move|p1a: Carbink|Rest|p1a: Carbink\n|-status|p1a: Carbink|slp|[from] move: Rest\n|-heal|p1a: Carbink|236/236 slp|[silent]\n|-enditem|p1a: Carbink|Chesto Berry|[eat]\n|-curestatus|p1a: Carbink|slp|[msg]\n|move|p2a: Vespiquen|Air Slash|p1a: Carbink\n|-resisted|p1a: Carbink\n|-damage|p1a: Carbink|205/236\n|\n|upkeep\n|turn|8\n|\n|t:|1732993117\n|move|p1a: Carbink|Iron Defense|p1a: Carbink\n|-boost|p1a: Carbink|def|2\n|move|p2a: Vespiquen|Toxic Spikes|p1a: Carbink\n|-sidestart|p1: Aerotelic|move: Toxic Spikes\n|\n|upkeep\n|turn|9\n|\n|t:|1732993124\n|move|p1a: Carbink|Body Press|p2a: Vespiquen\n|-resisted|p2a: Vespiquen\n|-damage|p2a: Vespiquen|227/296\n|move|p2a: Vespiquen|Air Slash|p1a: Carbink\n|-resisted|p1a: Carbink\n|-damage|p1a: Carbink|178/236\n|\n|upkeep\n|turn|10\n|\n|t:|1732993131\n|move|p1a: Carbink|Iron Defense|p1a: Carbink\n|-boost|p1a: Carbink|def|0\n|move|p2a: Vespiquen|Air Slash|p1a: Carbink\n|-resisted|p1a: Carbink\n|-damage|p1a: Carbink|149/236\n|\n|upkeep\n|turn|11\n|\n|t:|1732993136\n|move|p1a: Carbink|Moonblast|p2a: Vespiquen\n|-damage|p2a: Vespiquen|173/296\n|move|p2a: Vespiquen|Air Slash|p1a: Carbink\n|-resisted|p1a: Carbink\n|-damage|p1a: Carbink|119/236\n|\n|upkeep\n|turn|12\n|\n|t:|1732993142\n|move|p1a: Carbink|Body Press|p2a: Vespiquen\n|-resisted|p2a: Vespiquen\n|-damage|p2a: Vespiquen|100/296\n|move|p2a: Vespiquen|Air Slash|p1a: Carbink\n|-resisted|p1a: Carbink\n|-damage|p1a: Carbink|91/236\n|\n|upkeep\n|turn|13\n|\n|t:|1732993148\n|move|p1a: Carbink|Body Press|p2a: Vespiquen\n|-resisted|p2a: Vespiquen\n|-damage|p2a: Vespiquen|34/296\n|move|p2a: Vespiquen|Roost|p2a: Vespiquen\n|-heal|p2a: Vespiquen|182/296\n|-singleturn|p2a: Vespiquen|move: Roost\n|\n|upkeep\n|turn|14\n|\n|t:|1732993155\n|move|p1a: Carbink|Body Press|p2a: Vespiquen\n|-resisted|p2a: Vespiquen\n|-damage|p2a: Vespiquen|108/296\n|move|p2a: Vespiquen|Air Slash|p1a: Carbink\n|-resisted|p1a: Carbink\n|-damage|p1a: Carbink|62/236\n|\n|upkeep\n|turn|15\n|\n|t:|1732993162\n|move|p1a: Carbink|Rest|p1a: Carbink\n|-status|p1a: Carbink|slp|[from] move: Rest\n|-heal|p1a: Carbink|236/236 slp|[silent]\n|move|p2a: Vespiquen|Air Slash|p1a: Carbink\n|-resisted|p1a: Carbink\n|-damage|p1a: Carbink|206/236 slp\n|\n|upkeep\n|turn|16\n|\n|t:|1732993168\n|cant|p1a: Carbink|slp\n|move|p2a: Vespiquen|U-turn|p1a: Carbink\n|-resisted|p1a: Carbink\n|-damage|p1a: Carbink|199/236 slp\n|\n|t:|1732993175\n|switch|p2a: Sneasler|Sneasler, L74, M|240/240|[from] U-turn\n|\n|upkeep\n|turn|17\n|\n|t:|1732993182\n|move|p2a: Sneasler|Gunk Shot|p1a: Carbink\n|-damage|p1a: Carbink|178/236 slp\n|cant|p1a: Carbink|slp\n|\n|upkeep\n|turn|18\n|\n|t:|1732993189\n|switch|p2a: Malamar|Malamar, L82, F|275/275\n|-curestatus|p1a: Carbink|slp|[msg]\n|move|p1a: Carbink|Body Press|p2a: Malamar\n|-damage|p2a: Malamar|0 fnt\n|faint|p2a: Malamar\n|\n|upkeep\n|\n|t:|1732993199\n|switch|p2a: Clodsire|Clodsire, L81, M|343/343\n|turn|19\n|\n|t:|1732993208\n|move|p1a: Carbink|Body Press|p2a: Clodsire\n|-resisted|p2a: Clodsire\n|-damage|p2a: Clodsire|77/343\n|move|p2a: Clodsire|Earthquake|p1a: Carbink\n|-supereffective|p1a: Carbink\n|-damage|p1a: Carbink|152/236\n|\n|-heal|p2a: Clodsire|98/343|[from] item: Leftovers\n|upkeep\n|turn|20\n|\n|t:|1732993216\n|move|p1a: Carbink|Body Press|p2a: Clodsire\n|-resisted|p2a: Clodsire\n|-damage|p2a: Clodsire|0 fnt\n|faint|p2a: Clodsire\n|\n|upkeep\n|\n|t:|1732993220\n|switch|p2a: Deoxys|Deoxys, L74|158/196\n|-ability|p2a: Deoxys|Pressure\n|turn|21\n|\n|t:|1732993224\n|move|p2a: Deoxys|Psycho Boost|p1a: Carbink\n|-damage|p1a: Carbink|22/236\n|-unboost|p2a: Deoxys|spa|2\n|-damage|p2a: Deoxys|139/196|[from] item: Life Orb\n|move|p1a: Carbink|Body Press|p2a: Deoxys\n|-resisted|p2a: Deoxys\n|-damage|p2a: Deoxys|0 fnt\n|faint|p2a: Deoxys\n|\n|upkeep\n|\n|t:|1732993228\n|switch|p2a: Vespiquen|Vespiquen, L98, F|108/296\n|-ability|p2a: Vespiquen|Pressure\n|turn|22\n|\n|t:|1732993239\n|move|p1a: Carbink|Moonblast|p2a: Vespiquen\n|-damage|p2a: Vespiquen|47/296\n|move|p2a: Vespiquen|Roost|p2a: Vespiquen\n|-heal|p2a: Vespiquen|195/296\n|-singleturn|p2a: Vespiquen|move: Roost\n|\n|upkeep\n|turn|23\n|\n|t:|1732993245\n|move|p1a: Carbink|Rest|p1a: Carbink\n|-status|p1a: Carbink|slp|[from] move: Rest\n|-heal|p1a: Carbink|236/236 slp|[silent]\n|move|p2a: Vespiquen|Air Slash|p1a: Carbink\n|-resisted|p1a: Carbink\n|-damage|p1a: Carbink|209/236 slp\n|\n|upkeep\n|turn|24\n|\n|t:|1732993252\n|switch|p2a: Sneasler|Sneasler, L74, M|240/240\n|cant|p1a: Carbink|slp\n|\n|upkeep\n|turn|25\n|\n|t:|1732993257\n|move|p2a: Sneasler|Swords Dance|p2a: Sneasler\n|-boost|p2a: Sneasler|atk|2\n|cant|p1a: Carbink|slp\n|\n|upkeep\n|turn|26\n|\n|t:|1732993262\n|move|p2a: Sneasler|Swords Dance|p2a: Sneasler\n|-boost|p2a: Sneasler|atk|2\n|-curestatus|p1a: Carbink|slp|[msg]\n|move|p1a: Carbink|Moonblast|p2a: Sneasler\n|-damage|p2a: Sneasler|155/240\n|-unboost|p2a: Sneasler|spa|1\n|-enditem|p2a: Sneasler|White Herb\n|-clearnegativeboost|p2a: Sneasler|[silent]\n|\n|upkeep\n|turn|27\n|\n|t:|1732993271\n|move|p2a: Sneasler|Gunk Shot|p1a: Carbink\n|-damage|p1a: Carbink|146/236\n|-status|p1a: Carbink|psn\n|move|p1a: Carbink|Moonblast|p2a: Sneasler\n|-damage|p2a: Sneasler|68/240\n|\n|-damage|p1a: Carbink|117/236 psn|[from] psn\n|upkeep\n|turn|28\n|\n|t:|1732993287\n|move|p2a: Sneasler|Close Combat|p1a: Carbink\n|-damage|p1a: Carbink|65/236 psn\n|-unboost|p2a: Sneasler|def|1\n|-unboost|p2a: Sneasler|spd|1\n|move|p1a: Carbink|Rest|p1a: Carbink\n|-status|p1a: Carbink|slp|[from] move: Rest\n|-heal|p1a: Carbink|236/236 slp|[silent]\n|\n|upkeep\n|turn|29\n|\n|t:|1732993295\n|move|p2a: Sneasler|Swords Dance|p2a: Sneasler\n|-boost|p2a: Sneasler|atk|2\n|cant|p1a: Carbink|slp\n|\n|upkeep\n|turn|30\n|\n|t:|1732993300\n|move|p2a: Sneasler|Gunk Shot|p1a: Carbink|[miss]\n|-miss|p2a: Sneasler|p1a: Carbink\n|cant|p1a: Carbink|slp\n|\n|upkeep\n|turn|31\n|\n|t:|1732993304\n|move|p2a: Sneasler|Gunk Shot|p1a: Carbink\n|-damage|p1a: Carbink|155/236 slp\n|-curestatus|p1a: Carbink|slp|[msg]\n|move|p1a: Carbink|Moonblast|p2a: Sneasler\n|-damage|p2a: Sneasler|0 fnt\n|faint|p2a: Sneasler\n|\n|upkeep\n|\n|t:|1732993309\n|switch|p2a: Vespiquen|Vespiquen, L98, F|195/296\n|-ability|p2a: Vespiquen|Pressure\n|turn|32\n|-message|Foxyplays21 forfeited.\n|\n|win|Aerotelic\n|l|\u2606Foxyplays21\n|player|p2|\n", "inputlog": ">version b107d77f5c90bd6555267ae244a6264823309ead\n>start {\"formatid\":\"gen9randombattle\",\"seed\":[57102,26608,26993,42047]}\n>player p1 {\"name\":\"Aerotelic\",\"avatar\":\"102\",\"rating\":0,\"seed\":[4909,39249,9989,33044]}\n>player p2 {\"name\":\"Foxyplays21\",\"avatar\":\"gentleman-gen4\",\"rating\":0,\"seed\":[27135,33652,49793,5519]}\n>p1 move calmmind\n>p2 move psychoboost\n>p1 move recover\n>p2 move superpower\n>p1 switch 2\n>p1 move irondefense\n>p2 switch 3\n>p1 move irondefense\n>p2 move calmmind\n>p1 move bodypress\n>p2 move calmmind\n>p1 move bodypress\n>p2 move scald\n>p2 switch 6\n>p1 move rest\n>p2 move airslash\n>p1 move irondefense\n>p2 move toxicspikes\n>p1 move bodypress\n>p2 move airslash\n>p1 move irondefense\n>p2 move airslash\n>p1 move moonblast\n>p2 move airslash\n>p1 move bodypress\n>p2 move airslash\n>p1 move bodypress\n>p2 move roost\n>p1 move bodypress\n>p2 move airslash\n>p1 move rest\n>p2 move airslash\n>p1 move bodypress\n>p2 move uturn\n>p2 switch 4\n>p1 move bodypress\n>p2 move gunkshot\n>p1 move bodypress\n>p2 switch 2\n>p2 switch 5\n>p1 move bodypress\n>p2 move earthquake\n>p1 move bodypress\n>p2 move curse\n>p2 switch 3\n>p1 move bodypress\n>p2 move psychoboost\n>p2 switch 4\n>p1 move moonblast\n>p2 move roost\n>p1 move rest\n>p2 move airslash\n>p1 move moonblast\n>p2 switch 2\n>p1 move moonblast\n>p2 move swordsdance\n>p1 move moonblast\n>p2 move swordsdance\n>p1 move moonblast\n>p2 move gunkshot\n>p1 move rest\n>p2 move closecombat\n>p1 move moonblast\n>p2 move swordsdance\n>p1 move moonblast\n>p2 move gunkshot\n>p1 move moonblast\n>p2 move gunkshot\n>p2 switch 2\n>forcelose p2", "uploadtime": 1732993318, "views": 2, "formatid": "gen9randombattle", "rating": null, "private": 0, "password": null}