{"id": "gen9randombattle-2253816252", "format": "[Gen 9] Random Battle", "players": ["sushisimple", "darkbro20003"], "log": "|j|\u203dsushisimple\n|j|\u2606darkbro20003\n|t:|1732942694\n|gametype|singles\n|player|p1|sushisimple|101|1081\n|player|p2|darkbro20003|iris-gen5bw2|1062\n|teamsize|p1|6\n|teamsize|p2|6\n|gen|9\n|tier|[Gen 9] Random Battle\n|rated|\n|rule|Species Clause: Limit one of each Pok\u00e9mon\n|rule|HP Percentage Mod: HP is shown in percentages\n|rule|Sleep Clause Mod: Limit one foe put to sleep\n|rule|Illusion Level Mod: Illusion disguises the Pok\u00e9mon's true level\n|\n|t:|1732942694\n|start\n|switch|p1a: Klefki|Klefki, L84, M|233/233\n|switch|p2a: Hoopa|Hoopa-Unbound, L80|259/259\n|turn|1\n|\n|t:|1732942714\n|switch|p2a: Typhlosion|Typhlosion-Hisui, L83, F|257/257\n|move|p1a: Klefki|Play Rough|p2a: Typhlosion|[miss]\n|-miss|p1a: Klefki|p2a: Typhlosion\n|\n|upkeep\n|turn|2\n|\n|t:|1732942723\n|-terastallize|p2a: Typhlosion|Fire\n|move|p1a: Klefki|Spikes|p2a: Typhlosion\n|-sidestart|p2: darkbro20003|Spikes\n|move|p2a: Typhlosion|Substitute|p2a: Typhlosion\n|-start|p2a: Typhlosion|Substitute\n|-damage|p2a: Typhlosion|193/257\n|\n|-heal|p2a: Typhlosion|209/257|[from] item: Leftovers\n|upkeep\n|turn|3\n|\n|t:|1732942743\n|move|p1a: Klefki|Thunder Wave||[still]\n|-fail|p1a: Klefki\n|move|p2a: Typhlosion|Fire Blast|p1a: Klefki\n|-supereffective|p1a: Klefki\n|-damage|p1a: Klefki|0 fnt\n|faint|p1a: Klefki\n|\n|-heal|p2a: Typhlosion|225/257|[from] item: Leftovers\n|upkeep\n|\n|t:|1732942767\n|switch|p1a: Blastoise|Blastoise, L80, M|258/258\n|turn|4\n|\n|t:|1732942774\n|move|p2a: Typhlosion|Shadow Ball|p1a: Blastoise\n|-damage|p1a: Blastoise|174/258\n|move|p1a: Blastoise|Hydro Pump|p2a: Typhlosion\n|-supereffective|p2a: Typhlosion\n|-end|p2a: Typhlosion|Substitute\n|\n|-heal|p2a: Typhlosion|241/257|[from] item: Leftovers\n|upkeep\n|turn|5\n|\n|t:|1732942791\n|switch|p2a: Kingdra|Kingdra, L84, F|263/263\n|-damage|p2a: Kingdra|231/263|[from] Spikes\n|move|p1a: Blastoise|Hydro Pump|p2a: Kingdra\n|-resisted|p2a: Kingdra\n|-damage|p2a: Kingdra|207/263\n|\n|upkeep\n|turn|6\n|\n|t:|1732942806\n|switch|p1a: Ogerpon|Ogerpon-Cornerstone, L76, F|247/247\n|move|p2a: Kingdra|Dragon Dance|p2a: Kingdra\n|-boost|p2a: Kingdra|atk|1\n|-boost|p2a: Kingdra|spe|1\n|\n|upkeep\n|turn|7\n|\n|t:|1732942819\n|move|p2a: Kingdra|Waterfall|p1a: Ogerpon\n|-damage|p1a: Ogerpon|109/247\n|move|p1a: Ogerpon|Power Whip|p2a: Kingdra\n|-damage|p2a: Kingdra|63/263\n|\n|upkeep\n|turn|8\n|\n|t:|1732942827\n|move|p2a: Kingdra|Waterfall|p1a: Ogerpon\n|-damage|p1a: Ogerpon|0 fnt\n|faint|p1a: Ogerpon\n|\n|upkeep\n|\n|t:|1732942833\n|switch|p1a: Tatsugiri|Tatsugiri-Stretchy, L87, F|260/260\n|turn|9\n|\n|t:|1732942841\n|move|p2a: Kingdra|Outrage|p1a: Tatsugiri\n|-supereffective|p1a: Tatsugiri\n|-damage|p1a: Tatsugiri|0 fnt\n|faint|p1a: Tatsugiri\n|\n|upkeep\n|\n|t:|1732942847\n|switch|p1a: Munkidori|Munkidori, L79, M|269/269\n|turn|10\n|\n|t:|1732942855\n|move|p2a: Kingdra|Outrage|p1a: Munkidori|[from]lockedmove\n|-crit|p1a: Munkidori\n|-damage|p1a: Munkidori|0 fnt\n|faint|p1a: Munkidori\n|\n|upkeep\n|\n|t:|1732942859\n|switch|p1a: Blastoise|Blastoise, L80, M|174/258\n|turn|11\n|\n|t:|1732942863\n|move|p2a: Kingdra|Outrage|p1a: Blastoise|[from]lockedmove\n|-damage|p1a: Blastoise|11/258\n|-start|p2a: Kingdra|confusion|[fatigue]\n|-enditem|p2a: Kingdra|Lum Berry|[eat]\n|-end|p2a: Kingdra|confusion\n|move|p1a: Blastoise|Ice Beam|p2a: Kingdra\n|-damage|p2a: Kingdra|15/263\n|\n|upkeep\n|turn|12\n|\n|t:|1732942875\n|move|p2a: Kingdra|Outrage|p1a: Blastoise\n|-damage|p1a: Blastoise|0 fnt\n|faint|p1a: Blastoise\n|\n|upkeep\n|\n|t:|1732942879\n|switch|p1a: Iron Thorns|Iron Thorns, L83|302/302\n|-item|p1a: Iron Thorns|Air Balloon\n|turn|13\n|\n|t:|1732942892\n|-terastallize|p1a: Iron Thorns|Flying\n|move|p2a: Kingdra|Outrage|p1a: Iron Thorns|[from]lockedmove\n|-damage|p1a: Iron Thorns|139/302\n|-enditem|p1a: Iron Thorns|Air Balloon\n|-start|p2a: Kingdra|confusion|[fatigue]\n|move|p1a: Iron Thorns|Wild Charge|p2a: Kingdra\n|-damage|p2a: Kingdra|0 fnt\n|faint|p2a: Kingdra\n|-damage|p1a: Iron Thorns|135/302|[from] Recoil\n|\n|upkeep\n|\n|t:|1732942906\n|switch|p2a: Hoopa|Hoopa-Unbound, L80|259/259\n|-damage|p2a: Hoopa|227/259|[from] Spikes\n|turn|14\n|\n|t:|1732942915\n|move|p2a: Hoopa|Psychic|p1a: Iron Thorns\n|-damage|p1a: Iron Thorns|0 fnt\n|faint|p1a: Iron Thorns\n|-end|p1a: Iron Thorns|Quark Drive|[silent]\n|\n|win|darkbro20003\n|raw|sushisimple's rating: 1081 &rarr; <strong>1058</strong><br />(-23 for losing)\n|raw|darkbro20003's rating: 1062 &rarr; <strong>1094</strong><br />(+32 for winning)\n|l|\u203dsushisimple\n|player|p1|\n", "inputlog": ">version b107d77f5c90bd6555267ae244a6264823309ead\n>start {\"formatid\":\"gen9randombattle\",\"seed\":[25936,20268,36949,52579],\"rated\":\"Rated battle\"}\n>player p1 {\"name\":\"sushisimple\",\"avatar\":\"101\",\"rating\":1081,\"seed\":[59651,35044,40062,9307]}\n>player p2 {\"name\":\"darkbro20003\",\"avatar\":\"iris-gen5bw2\",\"rating\":1062,\"seed\":[20379,9845,56306,719]}\n>p1 move playrough\n>p2 switch 2\n>p1 move spikes\n>p2 move substitute terastallize\n>p1 move thunderwave\n>p2 move fireblast\n>p1 switch 4\n>p1 move hydropump\n>p2 move shadowball\n>p1 move hydropump\n>p2 switch 3\n>p1 switch 3\n>p2 move dragondance\n>p1 move powerwhip\n>p2 move waterfall\n>p1 move synthesis\n>p2 move waterfall\n>p1 switch 5\n>p1 move dracometeor\n>p2 move outrage\n>p1 switch 2\n>p1 move sludgewave\n>p2 move outrage\n>p1 switch 3\n>p1 move icebeam\n>p2 move outrage\n>p1 move earthquake\n>p2 move outrage\n>p1 switch 6\n>p1 move wildcharge terastallize\n>p2 move outrage\n>p2 switch 2\n>p1 move wildcharge\n>p2 move psychic", "uploadtime": 1732942920, "views": 30, "formatid": "gen9randombattle", "rating": 1058, "private": 0, "password": null}