{"id": "gen9randombattle-2253805560", "format": "[Gen 9] Random Battle", "players": ["test x343", "alfredochi"], "log": "|j|\u2606test x343\n|j|\u2606alfredochi\n|t:|1732941007\n|gametype|singles\n|player|p1|test x343|266|1872\n|player|p2|alfredochi|102|1880\n|teamsize|p1|6\n|teamsize|p2|6\n|gen|9\n|tier|[Gen 9] Random Battle\n|rated|\n|rule|Species Clause: Limit one of each Pok\u00e9mon\n|rule|HP Percentage Mod: HP is shown in percentages\n|rule|Sleep Clause Mod: Limit one foe put to sleep\n|rule|Illusion Level Mod: Illusion disguises the Pok\u00e9mon's true level\n|\n|t:|1732941007\n|start\n|switch|p1a: Cobalion|Cobalion, L80|277/277\n|switch|p2a: Tropius|Tropius, L91, F|328/328\n|turn|1\n|\n|t:|1732941020\n|move|p1a: Cobalion|Swords Dance|p1a: Cobalion\n|-boost|p1a: Cobalion|atk|2\n|move|p2a: Tropius|Leech Seed|p1a: Cobalion\n|-start|p1a: Cobalion|move: Leech Seed\n|\n|-damage|p1a: Cobalion|243/277|[from] Leech Seed|[of] p2a: Tropius\n|upkeep\n|turn|2\n|\n|t:|1732941024\n|move|p2a: Tropius|Protect|p2a: Tropius\n|-singleturn|p2a: Tropius|Protect\n|move|p1a: Cobalion|Stone Edge|p2a: Tropius\n|-activate|p2a: Tropius|move: Protect\n|\n|-damage|p1a: Cobalion|209/277|[from] Leech Seed|[of] p2a: Tropius\n|upkeep\n|turn|3\n|\n|t:|1732941030\n|-terastallize|p2a: Tropius|Steel\n|move|p1a: Cobalion|Stone Edge|p2a: Tropius\n|-resisted|p2a: Tropius\n|-damage|p2a: Tropius|257/328\n|-damage|p1a: Cobalion|182/277|[from] item: Life Orb\n|move|p2a: Tropius|Substitute|p2a: Tropius\n|-start|p2a: Tropius|Substitute\n|-damage|p2a: Tropius|175/328\n|\n|-damage|p1a: Cobalion|148/277|[from] Leech Seed|[of] p2a: Tropius\n|-heal|p2a: Tropius|209/328|[silent]\n|upkeep\n|turn|4\n|\n|t:|1732941076\n|switch|p1a: Ariados|Ariados, L95, M|287/287\n|move|p2a: Tropius|Protect||[still]\n|-fail|p2a: Tropius\n|\n|upkeep\n|turn|5\n|\n|t:|1732941082\n|move|p2a: Tropius|Leech Seed|p1a: Ariados\n|-start|p1a: Ariados|move: Leech Seed\n|move|p1a: Ariados|Sticky Web|p2a: Tropius\n|-sidestart|p2: alfredochi|move: Sticky Web\n|\n|-damage|p1a: Ariados|252/287|[from] Leech Seed|[of] p2a: Tropius\n|-heal|p2a: Tropius|244/328|[silent]\n|upkeep\n|turn|6\n|\n|t:|1732941098\n|switch|p1a: Cobalion|Cobalion, L80|148/277\n|move|p2a: Tropius|Air Slash|p1a: Cobalion\n|-damage|p1a: Cobalion|52/277\n|\n|upkeep\n|turn|7\n|\n|t:|1732941117\n|move|p1a: Cobalion|Close Combat|p2a: Tropius\n|-supereffective|p2a: Tropius\n|-end|p2a: Tropius|Substitute\n|-unboost|p1a: Cobalion|def|1\n|-unboost|p1a: Cobalion|spd|1\n|-damage|p1a: Cobalion|25/277|[from] item: Life Orb\n|move|p2a: Tropius|Air Slash|p1a: Cobalion\n|-damage|p1a: Cobalion|0 fnt\n|faint|p1a: Cobalion\n|\n|upkeep\n|\n|t:|1732941141\n|switch|p1a: Houndoom|Houndoom, L87, F|272/272\n|turn|8\n|\n|t:|1732941155\n|switch|p2a: Heatran|Heatran, L79, M|273/273\n|-item|p2a: Heatran|Air Balloon\n|move|p1a: Houndoom|Fire Blast|p2a: Heatran\n|-start|p2a: Heatran|ability: Flash Fire\n|\n|upkeep\n|turn|9\n|\n|t:|1732941172\n|move|p1a: Houndoom|Dark Pulse|p2a: Heatran\n|-damage|p2a: Heatran|189/273\n|-enditem|p2a: Heatran|Air Balloon\n|move|p2a: Heatran|Earth Power|p1a: Houndoom\n|-supereffective|p1a: Houndoom\n|-damage|p1a: Houndoom|124/272\n|\n|upkeep\n|turn|10\n|\n|t:|1732941181\n|switch|p1a: Primarina|Primarina, L83, M|268/268\n|move|p2a: Heatran|Earth Power|p1a: Primarina\n|-damage|p1a: Primarina|210/268\n|\n|-heal|p1a: Primarina|226/268|[from] item: Leftovers\n|upkeep\n|turn|11\n|\n|t:|1732941192\n|-end|p2a: Heatran|ability: Flash Fire|[silent]\n|switch|p2a: Brambleghast|Brambleghast, L88, M|240/240\n|move|p1a: Primarina|Calm Mind|p1a: Primarina\n|-boost|p1a: Primarina|spa|1\n|-boost|p1a: Primarina|spd|1\n|\n|-heal|p1a: Primarina|242/268|[from] item: Leftovers\n|upkeep\n|turn|12\n|\n|t:|1732941229\n|switch|p1a: Ariados|Ariados, L95, M|252/287\n|move|p2a: Brambleghast|Rapid Spin|p1a: Ariados\n|-damage|p1a: Ariados|206/287\n|-boost|p2a: Brambleghast|spe|1\n|-sideend|p2: alfredochi|Sticky Web|[from] move: Rapid Spin|[of] p2a: Brambleghast\n|\n|upkeep\n|turn|13\n|\n|t:|1732941244\n|move|p1a: Ariados|Sucker Punch|p2a: Brambleghast\n|-supereffective|p2a: Brambleghast\n|-damage|p2a: Brambleghast|98/240\n|move|p2a: Brambleghast|Poltergeist|p1a: Ariados\n|-activate|p1a: Ariados|move: Poltergeist|Heavy-Duty Boots\n|-damage|p1a: Ariados|52/287\n|\n|upkeep\n|turn|14\n|\n|t:|1732941267\n|move|p2a: Brambleghast|Strength Sap|p1a: Ariados\n|-unboost|p1a: Ariados|atk|1\n|-heal|p2a: Brambleghast|240/240\n|move|p1a: Ariados|Megahorn|p2a: Brambleghast\n|-damage|p2a: Brambleghast|68/240\n|\n|upkeep\n|turn|15\n|\n|t:|1732941272\n|move|p1a: Ariados|Sucker Punch||[still]\n|-fail|p1a: Ariados\n|move|p2a: Brambleghast|Strength Sap|p1a: Ariados\n|-unboost|p1a: Ariados|atk|1\n|-heal|p2a: Brambleghast|218/240\n|\n|upkeep\n|turn|16\n|\n|t:|1732941282\n|move|p1a: Ariados|Sucker Punch|p2a: Brambleghast\n|-supereffective|p2a: Brambleghast\n|-damage|p2a: Brambleghast|146/240\n|move|p2a: Brambleghast|Rapid Spin|p1a: Ariados\n|-damage|p1a: Ariados|8/287\n|-boost|p2a: Brambleghast|spe|1\n|\n|upkeep\n|turn|17\n|\n|t:|1732941286\n|switch|p1a: Houndoom|Houndoom, L87, F|124/272\n|move|p2a: Brambleghast|Strength Sap|p1a: Houndoom\n|-unboost|p1a: Houndoom|atk|1\n|-heal|p2a: Brambleghast|240/240\n|\n|upkeep\n|turn|18\n|\n|t:|1732941314\n|switch|p2a: Heatran|Heatran, L79, M|189/273\n|move|p1a: Houndoom|Dark Pulse|p2a: Heatran\n|-damage|p2a: Heatran|99/273\n|\n|upkeep\n|turn|19\n|\n|t:|1732941325\n|switch|p1a: Dragonite|Dragonite, L74, F|257/257\n|move|p2a: Heatran|Stealth Rock|p1a: Dragonite\n|-sidestart|p1: test x343|move: Stealth Rock\n|\n|upkeep\n|turn|20\n|\n|t:|1732941335\n|move|p2a: Heatran|Lava Plume|p1a: Dragonite\n|-resisted|p1a: Dragonite\n|-damage|p1a: Dragonite|234/257\n|move|p1a: Dragonite|Dragon Dance|p1a: Dragonite\n|-boost|p1a: Dragonite|atk|1\n|-boost|p1a: Dragonite|spe|1\n|\n|upkeep\n|turn|21\n|\n|t:|1732941350\n|move|p1a: Dragonite|Dragon Dance|p1a: Dragonite\n|-boost|p1a: Dragonite|atk|1\n|-boost|p1a: Dragonite|spe|1\n|move|p2a: Heatran|Lava Plume|p1a: Dragonite\n|-resisted|p1a: Dragonite\n|-damage|p1a: Dragonite|187/257\n|\n|upkeep\n|turn|22\n|\n|t:|1732941354\n|move|p1a: Dragonite|Earthquake|p2a: Heatran\n|-supereffective|p2a: Heatran\n|-damage|p2a: Heatran|0 fnt\n|faint|p2a: Heatran\n|\n|upkeep\n|\n|t:|1732941374\n|switch|p2a: Garganacl|Garganacl, L80, M|291/291\n|turn|23\n|\n|t:|1732941405\n|move|p1a: Dragonite|Earthquake|p2a: Garganacl\n|-supereffective|p2a: Garganacl\n|-damage|p2a: Garganacl|87/291\n|move|p2a: Garganacl|Salt Cure|p1a: Dragonite\n|-supereffective|p1a: Dragonite\n|-damage|p1a: Dragonite|103/257\n|-start|p1a: Dragonite|Salt Cure\n|\n|-heal|p2a: Garganacl|105/291|[from] item: Leftovers\n|-damage|p1a: Dragonite|71/257|[from] Salt Cure\n|upkeep\n|turn|24\n|\n|t:|1732941411\n|move|p2a: Garganacl|Protect|p2a: Garganacl\n|-singleturn|p2a: Garganacl|Protect\n|move|p1a: Dragonite|Earthquake|p2a: Garganacl\n|-activate|p2a: Garganacl|move: Protect\n|\n|-heal|p2a: Garganacl|123/291|[from] item: Leftovers\n|-damage|p1a: Dragonite|39/257|[from] Salt Cure\n|upkeep\n|turn|25\n|\n|t:|1732941424\n|switch|p2a: Dodrio|Dodrio, L86, F|243/243\n|-terastallize|p1a: Dragonite|Steel\n|move|p1a: Dragonite|Roost|p1a: Dragonite\n|-heal|p1a: Dragonite|168/257\n|\n|-damage|p1a: Dragonite|104/257|[from] Salt Cure\n|upkeep\n|turn|26\n|\n|t:|1732941446\n|move|p1a: Dragonite|Outrage|p2a: Dodrio\n|-damage|p2a: Dodrio|0 fnt\n|faint|p2a: Dodrio\n|\n|-damage|p1a: Dragonite|40/257|[from] Salt Cure\n|upkeep\n|\n|t:|1732941450\n|switch|p2a: Tropius|Tropius, L91, F, tera:Steel|244/328\n|turn|27\n|\n|t:|1732941453\n|move|p2a: Tropius|Protect|p2a: Tropius\n|-singleturn|p2a: Tropius|Protect\n|move|p1a: Dragonite|Outrage|p2a: Tropius|[from]lockedmove\n|-activate|p2a: Tropius|move: Protect\n|-start|p1a: Dragonite|confusion|[fatigue]\n|\n|-damage|p1a: Dragonite|0 fnt|[from] Salt Cure\n|faint|p1a: Dragonite\n|upkeep\n|\n|t:|1732941462\n|switch|p1a: Houndoom|Houndoom, L87, F|124/272\n|turn|28\n|\n|t:|1732941478\n|switch|p2a: Garganacl|Garganacl, L80, M|123/291\n|move|p1a: Houndoom|Fire Blast|p2a: Garganacl\n|-resisted|p2a: Garganacl\n|-damage|p2a: Garganacl|53/291\n|\n|-heal|p2a: Garganacl|71/291|[from] item: Leftovers\n|upkeep\n|turn|29\n|\n|t:|1732941485\n|move|p2a: Garganacl|Protect|p2a: Garganacl\n|-singleturn|p2a: Garganacl|Protect\n|move|p1a: Houndoom|Dark Pulse|p2a: Garganacl\n|-activate|p2a: Garganacl|move: Protect\n|\n|-heal|p2a: Garganacl|89/291|[from] item: Leftovers\n|upkeep\n|turn|30\n|\n|t:|1732941490\n|move|p1a: Houndoom|Dark Pulse|p2a: Garganacl\n|-damage|p2a: Garganacl|0 fnt\n|faint|p2a: Garganacl\n|\n|upkeep\n|\n|t:|1732941494\n|switch|p2a: Smeargle|Smeargle, L95, M|258/258\n|turn|31\n|\n|t:|1732941500\n|switch|p1a: Ariados|Ariados, L95, M|8/287\n|move|p2a: Smeargle|Shell Smash|p2a: Smeargle\n|-unboost|p2a: Smeargle|def|1\n|-unboost|p2a: Smeargle|spd|1\n|-boost|p2a: Smeargle|atk|2\n|-boost|p2a: Smeargle|spa|2\n|-boost|p2a: Smeargle|spe|2\n|\n|upkeep\n|turn|32\n|\n|t:|1732941505\n|move|p1a: Ariados|Sucker Punch||[still]\n|-fail|p1a: Ariados\n|move|p2a: Smeargle|Spore|p1a: Ariados\n|-status|p1a: Ariados|slp|[from] move: Spore\n|\n|upkeep\n|turn|33\n|\n|t:|1732941513\n|switch|p1a: Primarina|Primarina, L83, M|242/268\n|-damage|p1a: Primarina|209/268|[from] Stealth Rock\n|move|p2a: Smeargle|Population Bomb|p1a: Primarina\n|-damage|p1a: Primarina|170/268\n|-damage|p1a: Primarina|130/268\n|-damage|p1a: Primarina|93/268\n|-damage|p1a: Primarina|59/268\n|-damage|p1a: Primarina|22/268\n|-damage|p1a: Primarina|0 fnt\n|faint|p1a: Primarina\n|-hitcount|p1: Primarina|6\n|\n|upkeep\n|\n|t:|1732941520\n|switch|p1a: Houndoom|Houndoom, L87, F|124/272\n|turn|34\n|\n|t:|1732941535\n|move|p1a: Houndoom|Sucker Punch|p2a: Smeargle\n|-damage|p2a: Smeargle|71/258\n|move|p2a: Smeargle|Population Bomb|p1a: Houndoom\n|-damage|p1a: Houndoom|75/272\n|-damage|p1a: Houndoom|30/272\n|-damage|p1a: Houndoom|0 fnt\n|faint|p1a: Houndoom\n|-hitcount|p1: Houndoom|3\n|\n|upkeep\n|\n|t:|1732941540\n|switch|p1a: Lycanroc|Lycanroc, L86, F|269/269\n|-damage|p1a: Lycanroc|236/269|[from] Stealth Rock\n|turn|35\n|\n|t:|1732941550\n|move|p1a: Lycanroc|Accelerock|p2a: Smeargle\n|-damage|p2a: Smeargle|0 fnt\n|faint|p2a: Smeargle\n|-damage|p1a: Lycanroc|210/269|[from] item: Life Orb\n|\n|upkeep\n|\n|t:|1732941558\n|switch|p2a: Tropius|Tropius, L91, F, tera:Steel|244/328\n|turn|36\n|\n|t:|1732941563\n|move|p1a: Lycanroc|Swords Dance|p1a: Lycanroc\n|-boost|p1a: Lycanroc|atk|2\n|move|p2a: Tropius|Leech Seed|p1a: Lycanroc\n|-start|p1a: Lycanroc|move: Leech Seed\n|\n|-damage|p1a: Lycanroc|177/269|[from] Leech Seed|[of] p2a: Tropius\n|-heal|p2a: Tropius|277/328|[silent]\n|upkeep\n|turn|37\n|\n|t:|1732941567\n|move|p2a: Tropius|Protect|p2a: Tropius\n|-singleturn|p2a: Tropius|Protect\n|move|p1a: Lycanroc|Close Combat|p2a: Tropius\n|-activate|p2a: Tropius|move: Protect\n|\n|-damage|p1a: Lycanroc|144/269|[from] Leech Seed|[of] p2a: Tropius\n|-heal|p2a: Tropius|310/328|[silent]\n|upkeep\n|turn|38\n|\n|t:|1732941573\n|move|p1a: Lycanroc|Close Combat|p2a: Tropius\n|-supereffective|p2a: Tropius\n|-damage|p2a: Tropius|0 fnt\n|-unboost|p1a: Lycanroc|def|1\n|-unboost|p1a: Lycanroc|spd|1\n|faint|p2a: Tropius\n|-damage|p1a: Lycanroc|118/269|[from] item: Life Orb\n|\n|upkeep\n|\n|t:|1732941577\n|switch|p2a: Brambleghast|Brambleghast, L88, M|240/240\n|turn|39\n|c|\u2606test x343|Checkmate\n|\n|t:|1732941582\n|move|p1a: Lycanroc|Stone Edge|p2a: Brambleghast\n|-damage|p2a: Brambleghast|0 fnt\n|faint|p2a: Brambleghast\n|-damage|p1a: Lycanroc|92/269|[from] item: Life Orb\n|\n|win|test x343\n|raw|test x343's rating: 1857 &rarr; <strong>1878</strong><br />(+21 for winning)\n|raw|alfredochi's rating: 1880 &rarr; <strong>1859</strong><br />(-21 for losing)\n", "inputlog": ">version b107d77f5c90bd6555267ae244a6264823309ead\n>start {\"formatid\":\"gen9randombattle\",\"seed\":[35115,46401,3507,50975],\"rated\":\"Rated battle\"}\n>player p1 {\"name\":\"test x343\",\"avatar\":\"266\",\"rating\":1872,\"seed\":[14802,22733,62687,31890]}\n>player p2 {\"name\":\"alfredochi\",\"avatar\":\"102\",\"rating\":1880,\"seed\":[21050,42988,188,53655]}\n>p1 move swordsdance\n>p2 move leechseed\n>p1 move stoneedge\n>p2 move protect\n>p1 move stoneedge\n>p2 move substitute terastallize\n>p1 switch 4\n>p2 move protect\n>p1 move stickyweb\n>p2 move leechseed\n>p1 switch 4\n>p2 move airslash\n>p1 move closecombat\n>p2 move airslash\n>p1 switch 3\n>p1 move fireblast\n>p2 switch 4\n>p1 move darkpulse\n>p2 move earthpower\n>p1 switch 6\n>p2 move earthpower\n>p1 move calmmind\n>p2 switch 3\n>p1 switch 4\n>p2 move rapidspin\n>p1 move suckerpunch\n>p2 move poltergeist\n>p1 move megahorn\n>p2 move strengthsap\n>p1 move suckerpunch\n>p2 move strengthsap\n>p1 move suckerpunch\n>p2 move rapidspin\n>p1 switch 6\n>p2 move strengthsap\n>p1 move darkpulse\n>p2 switch 3\n>p1 switch 5\n>p2 move stealthrock\n>p1 move dragondance\n>p2 move lavaplume\n>p1 move dragondance\n>p2 move lavaplume\n>p1 move earthquake\n>p2 move lavaplume\n>p2 switch 5\n>p1 move earthquake\n>p2 move saltcure\n>p1 move earthquake\n>p2 move protect\n>p1 move roost terastallize\n>p2 switch 2\n>p1 move outrage\n>p2 move drillrun\n>p2 switch 4\n>p1 move outrage\n>p2 move protect\n>p1 switch 5\n>p1 move fireblast\n>p2 switch 2\n>p1 move darkpulse\n>p2 move protect\n>p1 move darkpulse\n>p2 move recover\n>p2 switch 6\n>p1 switch 6\n>p2 move shellsmash\n>p1 move suckerpunch\n>p2 move spore\n>p1 switch 4\n>p2 move populationbomb\n>p1 switch 6\n>p1 move suckerpunch\n>p2 move populationbomb\n>p1 switch 2\n>p1 move accelerock\n>p2 move populationbomb\n>p2 switch 2\n>p1 move swordsdance\n>p2 move leechseed\n>p1 move closecombat\n>p2 move protect\n>p1 move closecombat\n>p2 move substitute\n>p2 switch 3\n>chat \u2606test x343|Checkmate\n>p1 move stoneedge\n>p2 move strengthsap", "uploadtime": 1732941587, "views": 18, "formatid": "gen9randombattle", "rating": 1859, "private": 0, "password": null}