{"id": "gen9randombattle-2254154376", "format": "[Gen 9] Random Battle", "players": ["jphann", "LittleFrank"], "log": "|j|\u2606jphann\n|j|\u2606LittleFrank\n|t:|1732997928\n|gametype|singles\n|player|p1|jphann|plasmagrunt|1121\n|player|p2|LittleFrank|waiter-gen4|1091\n|teamsize|p1|6\n|teamsize|p2|6\n|gen|9\n|tier|[Gen 9] Random Battle\n|rated|\n|rule|Species Clause: Limit one of each Pok\u00e9mon\n|rule|HP Percentage Mod: HP is shown in percentages\n|rule|Sleep Clause Mod: Limit one foe put to sleep\n|rule|Illusion Level Mod: Illusion disguises the Pok\u00e9mon's true level\n|\n|t:|1732997928\n|start\n|switch|p1a: Groudon|Groudon, L72|263/263\n|switch|p2a: Registeel|Registeel, L81|262/262\n|-weather|SunnyDay|[from] ability: Drought|[of] p1a: Groudon\n|turn|1\n|\n|t:|1732997947\n|switch|p2a: Charizard|Charizard, L85, F|271/271\n|move|p1a: Groudon|Will-O-Wisp|p2a: Charizard\n|-immune|p2a: Charizard\n|\n|-weather|SunnyDay|[upkeep]\n|upkeep\n|turn|2\n|\n|t:|1732997965\n|switch|p1a: Vaporeon|Vaporeon, L86, M|364/364\n|move|p2a: Charizard|Flamethrower|p1a: Vaporeon\n|-resisted|p1a: Vaporeon\n|-damage|p1a: Vaporeon|288/364\n|\n|-weather|SunnyDay|[upkeep]\n|-heal|p1a: Vaporeon|310/364|[from] item: Leftovers\n|upkeep\n|turn|3\n|\n|t:|1732997971\n|move|p2a: Charizard|Hurricane|p1a: Vaporeon\n|-damage|p1a: Vaporeon|183/364\n|move|p1a: Vaporeon|Scald|p2a: Charizard\n|-supereffective|p2a: Charizard\n|-damage|p2a: Charizard|175/271\n|\n|-weather|SunnyDay|[upkeep]\n|-heal|p1a: Vaporeon|205/364|[from] item: Leftovers\n|upkeep\n|turn|4\n|\n|t:|1732997979\n|move|p2a: Charizard|Hurricane|p1a: Vaporeon\n|-damage|p1a: Vaporeon|79/364\n|move|p1a: Vaporeon|Wish|p1a: Vaporeon\n|\n|-weather|SunnyDay|[upkeep]\n|-heal|p1a: Vaporeon|101/364|[from] item: Leftovers\n|upkeep\n|turn|5\n|\n|t:|1732998001\n|move|p2a: Charizard|Hurricane|p1a: Vaporeon\n|-damage|p1a: Vaporeon|0 fnt\n|faint|p1a: Vaporeon\n|\n|-weather|none\n|upkeep\n|\n|t:|1732998014\n|switch|p1a: Groudon|Groudon, L72|263/263\n|-weather|SunnyDay|[from] ability: Drought|[of] p1a: Groudon\n|turn|6\n|\n|t:|1732998018\n|move|p2a: Charizard|Flamethrower|p1a: Groudon\n|-damage|p1a: Groudon|64/263\n|move|p1a: Groudon|Stone Edge|p2a: Charizard\n|-supereffective|p2a: Charizard\n|-damage|p2a: Charizard|0 fnt\n|faint|p2a: Charizard\n|\n|-weather|SunnyDay|[upkeep]\n|-heal|p1a: Groudon|80/263|[from] item: Leftovers\n|upkeep\n|\n|t:|1732998036\n|switch|p2a: Mewtwo|Mewtwo, L72|272/272\n|-ability|p2a: Mewtwo|Unnerve\n|turn|7\n|inactive|Battle timer is ON: inactive players will automatically lose when time's up. (requested by jphann)\n|\n|t:|1732998048\n|move|p2a: Mewtwo|Dark Pulse|p1a: Groudon\n|-damage|p1a: Groudon|0 fnt\n|faint|p1a: Groudon\n|\n|-weather|SunnyDay|[upkeep]\n|upkeep\n|\n|t:|1732998055\n|switch|p1a: Solgaleo|Solgaleo, L74|325/325\n|turn|8\n|\n|t:|1732998061\n|move|p2a: Mewtwo|Dark Pulse|p1a: Solgaleo\n|-supereffective|p1a: Solgaleo\n|-damage|p1a: Solgaleo|137/325\n|-enditem|p1a: Solgaleo|Weakness Policy\n|-boost|p1a: Solgaleo|atk|2|[from] item: Weakness Policy\n|-boost|p1a: Solgaleo|spa|2|[from] item: Weakness Policy\n|move|p1a: Solgaleo|Flame Charge|p2a: Mewtwo\n|-damage|p2a: Mewtwo|158/272\n|-boost|p1a: Solgaleo|spe|1\n|\n|-weather|SunnyDay|[upkeep]\n|upkeep\n|turn|9\n|\n|t:|1732998076\n|-terastallize|p1a: Solgaleo|Dark\n|move|p1a: Solgaleo|Knock Off|p2a: Mewtwo\n|-supereffective|p2a: Mewtwo\n|-damage|p2a: Mewtwo|0 fnt\n|-enditem|p2a: Mewtwo|Choice Specs|[from] move: Knock Off|[of] p1a: Solgaleo\n|faint|p2a: Mewtwo\n|\n|-weather|SunnyDay|[upkeep]\n|upkeep\n|\n|t:|1732998085\n|switch|p2a: Flutter Mane|Flutter Mane, L74|203/203\n|-activate|p2a: Flutter Mane|ability: Protosynthesis\n|-start|p2a: Flutter Mane|protosynthesisspa\n|turn|10\n|inactive|LittleFrank has 120 seconds left.\n|\n|t:|1732998118\n|move|p1a: Solgaleo|Sunsteel Strike|p2a: Flutter Mane\n|-supereffective|p2a: Flutter Mane\n|-damage|p2a: Flutter Mane|0 fnt\n|faint|p2a: Flutter Mane\n|-end|p2a: Flutter Mane|Protosynthesis|[silent]\n|\n|-weather|none\n|upkeep\n|inactive|LittleFrank has 120 seconds left.\n|inactive|LittleFrank has 90 seconds left.\n|\n|t:|1732998172\n|switch|p2a: Lunala|Lunala, L70|308/308\n|turn|11\n|\n|t:|1732998189\n|move|p1a: Solgaleo|Knock Off|p2a: Lunala\n|-supereffective|p2a: Lunala\n|-damage|p2a: Lunala|0 fnt\n|-enditem|p2a: Lunala|Leftovers|[from] move: Knock Off|[of] p1a: Solgaleo\n|faint|p2a: Lunala\n|\n|upkeep\n|\n|t:|1732998192\n|switch|p2a: Registeel|Registeel, L81|262/262\n|turn|12\n|\n|t:|1732998198\n|move|p1a: Solgaleo|Close Combat|p2a: Registeel\n|-supereffective|p2a: Registeel\n|-damage|p2a: Registeel|14/262\n|-unboost|p1a: Solgaleo|def|1\n|-unboost|p1a: Solgaleo|spd|1\n|move|p2a: Registeel|Body Press|p1a: Solgaleo\n|-supereffective|p1a: Solgaleo\n|-damage|p1a: Solgaleo|0 fnt\n|faint|p1a: Solgaleo\n|\n|-heal|p2a: Registeel|30/262|[from] item: Leftovers\n|upkeep\n|\n|t:|1732998205\n|switch|p1a: Granbull|Granbull, L88, M|302/302\n|-ability|p1a: Granbull|Intimidate|boost\n|-fail|p2a: Registeel|unboost|[from] ability: Clear Body|[of] p2a: Registeel\n|turn|13\n|inactive|LittleFrank has 90 seconds left.\n|\n|t:|1732998229\n|move|p1a: Granbull|Earthquake|p2a: Registeel\n|-supereffective|p2a: Registeel\n|-damage|p2a: Registeel|0 fnt\n|faint|p2a: Registeel\n|\n|upkeep\n|\n|t:|1732998232\n|switch|p2a: Cobalion|Cobalion, L80|277/277\n|turn|14\n|\n|t:|1732998236\n|move|p2a: Cobalion|Iron Head|p1a: Granbull\n|-supereffective|p1a: Granbull\n|-damage|p1a: Granbull|99/302\n|-damage|p2a: Cobalion|250/277|[from] item: Life Orb\n|move|p1a: Granbull|Thunder Wave|p2a: Cobalion\n|-status|p2a: Cobalion|par\n|\n|-heal|p1a: Granbull|117/302|[from] item: Leftovers\n|upkeep\n|turn|15\n|inactive|LittleFrank has 90 seconds left.\n|\n|t:|1732998261\n|move|p1a: Granbull|Earthquake|p2a: Cobalion\n|-supereffective|p2a: Cobalion\n|-damage|p2a: Cobalion|100/277 par\n|move|p2a: Cobalion|Iron Head|p1a: Granbull\n|-supereffective|p1a: Granbull\n|-damage|p1a: Granbull|0 fnt\n|faint|p1a: Granbull\n|-damage|p2a: Cobalion|73/277 par|[from] item: Life Orb\n|\n|upkeep\n|\n|t:|1732998271\n|switch|p1a: Dialga|Dialga, L73|266/266\n|-ability|p1a: Dialga|Pressure\n|turn|16\n|inactive|LittleFrank has 90 seconds left.\n|\n|t:|1732998285\n|move|p1a: Dialga|Heavy Slam|p2a: Cobalion\n|-resisted|p2a: Cobalion\n|-damage|p2a: Cobalion|52/277 par\n|move|p2a: Cobalion|Close Combat|p1a: Dialga\n|-supereffective|p1a: Dialga\n|-damage|p1a: Dialga|0 fnt\n|-unboost|p2a: Cobalion|def|1\n|-unboost|p2a: Cobalion|spd|1\n|faint|p1a: Dialga\n|-damage|p2a: Cobalion|25/277 par|[from] item: Life Orb\n|\n|upkeep\n|\n|t:|1732998291\n|switch|p1a: Ariados|Ariados, L95, F|287/287\n|turn|17\n|\n|t:|1732998296\n|move|p1a: Ariados|Megahorn|p2a: Cobalion\n|-resisted|p2a: Cobalion\n|-damage|p2a: Cobalion|0 fnt\n|faint|p2a: Cobalion\n|\n|win|jphann\n|raw|jphann's rating: 1121 &rarr; <strong>1144</strong><br />(+23 for winning)\n|raw|LittleFrank's rating: 1091 &rarr; <strong>1069</strong><br />(-22 for losing)\n|l|\u2606LittleFrank\n|player|p2|\n", "inputlog": ">version b107d77f5c90bd6555267ae244a6264823309ead\n>start {\"formatid\":\"gen9randombattle\",\"seed\":[9555,51485,55135,20519],\"rated\":\"Rated battle\"}\n>player p1 {\"name\":\"jphann\",\"avatar\":\"plasmagrunt\",\"rating\":1121,\"seed\":[5726,44899,23697,25453]}\n>player p2 {\"name\":\"LittleFrank\",\"avatar\":\"waiter-gen4\",\"rating\":1091,\"seed\":[38095,26780,35319,57087]}\n>p1 move willowisp\n>p2 switch 4\n>p1 switch 2\n>p2 move flamethrower\n>p1 move scald\n>p2 move hurricane\n>p1 move wish\n>p2 move hurricane\n>p1 move scald\n>p2 move hurricane\n>p1 switch 2\n>p1 move stoneedge\n>p2 move flamethrower\n>p2 switch 6\n>p1 move heatcrash\n>p2 move darkpulse\n>p1 switch 5\n>p1 move flamecharge\n>p2 move darkpulse\n>p1 move knockoff terastallize\n>p2 move darkpulse\n>p2 switch 5\n>p1 move sunsteelstrike\n>p2 move moonblast\n>p2 switch 2\n>p1 move knockoff\n>p2 move moongeistbeam\n>p2 switch 4\n>p1 move closecombat\n>p2 move bodypress\n>p1 switch 3\n>p1 move earthquake\n>p2 move ironhead\n>p2 switch 3\n>p1 move thunderwave\n>p2 move ironhead\n>p1 move earthquake\n>p2 move ironhead\n>p1 switch 4\n>p1 move heavyslam\n>p2 move closecombat\n>p1 switch 6\n>p1 move megahorn\n>p2 move stoneedge", "uploadtime": 1732998301, "views": 1, "formatid": "gen9randombattle", "rating": 1069, "private": 0, "password": null}