{"id": "gen9randombattle-2253848952", "format": "[Gen 9] Random Battle", "players": ["Destro04", "Reptilor05"], "log": "|j|\u2606Destro04\n|j|\u2606Reptilor05\n|t:|1732948430\n|gametype|singles\n|player|p1|Destro04|bellelba|\n|player|p2|Reptilor05|266|\n|teamsize|p1|6\n|teamsize|p2|6\n|gen|9\n|tier|[Gen 9] Random Battle\n|rule|Species Clause: Limit one of each Pok\u00e9mon\n|rule|HP Percentage Mod: HP is shown in percentages\n|rule|Sleep Clause Mod: Limit one foe put to sleep\n|rule|Illusion Level Mod: Illusion disguises the Pok\u00e9mon's true level\n|\n|t:|1732948430\n|start\n|switch|p1a: Okidogi|Okidogi, L77, M|262/262\n|switch|p2a: Bronzong|Bronzong, L88|261/261\n|turn|1\n|\n|t:|1732948440\n|move|p1a: Okidogi|Knock Off|p2a: Bronzong\n|-supereffective|p2a: Bronzong\n|-damage|p2a: Bronzong|147/261\n|-enditem|p2a: Bronzong|Leftovers|[from] move: Knock Off|[of] p1a: Okidogi\n|move|p2a: Bronzong|Psychic Noise|p1a: Okidogi\n|-supereffective|p1a: Okidogi\n|-damage|p1a: Okidogi|46/262\n|-start|p1a: Okidogi|move: Heal Block\n|\n|upkeep\n|turn|2\n|\n|t:|1732948458\n|move|p1a: Okidogi|Knock Off|p2a: Bronzong\n|-supereffective|p2a: Bronzong\n|-damage|p2a: Bronzong|75/261\n|move|p2a: Bronzong|Psychic Noise|p1a: Okidogi\n|-supereffective|p1a: Okidogi\n|-crit|p1a: Okidogi\n|-damage|p1a: Okidogi|0 fnt\n|faint|p1a: Okidogi\n|\n|upkeep\n|\n|t:|1732948482\n|switch|p1a: Jumpluff|Jumpluff, L87, F|271/271\n|turn|3\n|\n|t:|1732948552\n|move|p1a: Jumpluff|Leech Seed|p2a: Bronzong\n|-start|p2a: Bronzong|move: Leech Seed\n|move|p2a: Bronzong|Stealth Rock|p1a: Jumpluff\n|-sidestart|p1: Destro04|move: Stealth Rock\n|\n|-damage|p2a: Bronzong|43/261|[from] Leech Seed|[of] p1a: Jumpluff\n|upkeep\n|turn|4\n|\n|t:|1732948568\n|move|p1a: Jumpluff|Acrobatics|p2a: Bronzong\n|-resisted|p2a: Bronzong\n|-damage|p2a: Bronzong|10/261\n|move|p2a: Bronzong|Hypnosis|p1a: Jumpluff\n|-status|p1a: Jumpluff|slp|[from] move: Hypnosis\n|\n|-damage|p2a: Bronzong|0 fnt|[from] Leech Seed|[of] p1a: Jumpluff\n|faint|p2a: Bronzong\n|upkeep\n|\n|t:|1732948584\n|switch|p2a: Spidops|Spidops, L96, M|271/271\n|turn|5\n|\n|t:|1732948597\n|switch|p1a: Cyclizar|Cyclizar, L83, F|252/252\n|move|p2a: Spidops|Sticky Web|p1a: Cyclizar\n|-sidestart|p1: Destro04|move: Sticky Web\n|\n|upkeep\n|turn|6\n|\n|t:|1732948611\n|-terastallize|p2a: Spidops|Ghost\n|move|p1a: Cyclizar|Rapid Spin|p2a: Spidops\n|-immune|p2a: Spidops\n|move|p2a: Spidops|Knock Off|p1a: Cyclizar\n|-damage|p1a: Cyclizar|151/252\n|-enditem|p1a: Cyclizar|Heavy-Duty Boots|[from] move: Knock Off|[of] p2a: Spidops\n|\n|upkeep\n|turn|7\n|\n|t:|1732948626\n|move|p1a: Cyclizar|Knock Off|p2a: Spidops\n|-supereffective|p2a: Spidops\n|-damage|p2a: Spidops|165/271\n|-enditem|p2a: Spidops|Heavy-Duty Boots|[from] move: Knock Off|[of] p1a: Cyclizar\n|move|p2a: Spidops|Toxic Spikes|p1a: Cyclizar\n|-sidestart|p1: Destro04|move: Toxic Spikes\n|\n|upkeep\n|turn|8\n|\n|t:|1732948632\n|move|p1a: Cyclizar|Draco Meteor|p2a: Spidops\n|-damage|p2a: Spidops|48/271\n|-unboost|p1a: Cyclizar|spa|2\n|move|p2a: Spidops|Toxic Spikes|p1a: Cyclizar\n|-sidestart|p1: Destro04|move: Toxic Spikes\n|\n|upkeep\n|turn|9\n|\n|t:|1732948663\n|switch|p2a: Lanturn|Lanturn, L89, F|367/367\n|move|p1a: Cyclizar|Draco Meteor|p2a: Lanturn\n|-damage|p2a: Lanturn|303/367\n|-unboost|p1a: Cyclizar|spa|2\n|\n|upkeep\n|turn|10\n|\n|t:|1732948670\n|switch|p2a: Spidops|Spidops, L96, M, tera:Ghost|48/271\n|move|p1a: Cyclizar|Rapid Spin|p2a: Spidops\n|-immune|p2a: Spidops\n|\n|upkeep\n|turn|11\n|\n|t:|1732948684\n|move|p1a: Cyclizar|Shed Tail|p1a: Cyclizar\n|-start|p1a: Cyclizar|Substitute|[from] move: Shed Tail\n|-damage|p1a: Cyclizar|25/252\n|\n|t:|1732948692\n|switch|p1a: Lanturn|Lanturn, L89, M|367/367|[from] Shed Tail\n|move|p2a: Spidops|Knock Off|p1a: Lanturn\n|-end|p1a: Lanturn|Substitute\n|\n|upkeep\n|turn|12\n|\n|t:|1732948709\n|switch|p2a: Lanturn|Lanturn, L89, F|303/367\n|move|p1a: Lanturn|Thunderbolt|p2a: Lanturn\n|-heal|p2a: Lanturn|367/367|[from] ability: Volt Absorb|[of] p1a: Lanturn\n|\n|upkeep\n|turn|13\n|\n|t:|1732948722\n|move|p2a: Lanturn|Scald|p1a: Lanturn\n|-resisted|p1a: Lanturn\n|-damage|p1a: Lanturn|300/367\n|move|p1a: Lanturn|Scald|p2a: Lanturn\n|-resisted|p2a: Lanturn\n|-crit|p2a: Lanturn\n|-damage|p2a: Lanturn|302/367\n|\n|upkeep\n|turn|14\n|\n|t:|1732948731\n|move|p2a: Lanturn|Scald|p1a: Lanturn\n|-resisted|p1a: Lanturn\n|-damage|p1a: Lanturn|235/367\n|move|p1a: Lanturn|Scald|p2a: Lanturn\n|-resisted|p2a: Lanturn\n|-damage|p2a: Lanturn|258/367\n|\n|upkeep\n|turn|15\n|\n|t:|1732948738\n|move|p2a: Lanturn|Scald|p1a: Lanturn\n|-resisted|p1a: Lanturn\n|-crit|p1a: Lanturn\n|-damage|p1a: Lanturn|141/367\n|-status|p1a: Lanturn|brn\n|move|p1a: Lanturn|Scald|p2a: Lanturn\n|-resisted|p2a: Lanturn\n|-damage|p2a: Lanturn|218/367\n|\n|-damage|p1a: Lanturn|119/367 brn|[from] brn\n|upkeep\n|turn|16\n|\n|t:|1732948744\n|move|p1a: Lanturn|Scald|p2a: Lanturn\n|-resisted|p2a: Lanturn\n|-crit|p2a: Lanturn\n|-damage|p2a: Lanturn|161/367\n|move|p2a: Lanturn|Scald|p1a: Lanturn\n|-resisted|p1a: Lanturn\n|-damage|p1a: Lanturn|53/367 brn\n|\n|-damage|p1a: Lanturn|31/367 brn|[from] brn\n|upkeep\n|turn|17\n|\n|t:|1732948747\n|move|p2a: Lanturn|Scald|p1a: Lanturn\n|-resisted|p1a: Lanturn\n|-damage|p1a: Lanturn|0 fnt\n|faint|p1a: Lanturn\n|\n|upkeep\n|\n|t:|1732948755\n|switch|p1a: Jumpluff|Jumpluff, L87, F|271/271 slp\n|-damage|p1a: Jumpluff|204/271 slp|[from] Stealth Rock\n|turn|18\n|\n|t:|1732948770\n|switch|p2a: Spidops|Spidops, L96, M, tera:Ghost|48/271\n|cant|p1a: Jumpluff|slp\n|\n|upkeep\n|turn|19\n|\n|t:|1732948777\n|switch|p2a: Lanturn|Lanturn, L89, F|161/367\n|cant|p1a: Jumpluff|slp\n|\n|upkeep\n|turn|20\n|\n|t:|1732948783\n|-curestatus|p1a: Jumpluff|slp|[msg]\n|move|p1a: Jumpluff|Leech Seed|p2a: Lanturn\n|-start|p2a: Lanturn|move: Leech Seed\n|move|p2a: Lanturn|Ice Beam|p1a: Jumpluff\n|-supereffective|p1a: Jumpluff\n|-damage|p1a: Jumpluff|0 fnt\n|faint|p1a: Jumpluff\n|\n|upkeep\n|\n|t:|1732948791\n|switch|p1a: Iron Bundle|Iron Bundle, L77|213/213\n|turn|21\n|\n|t:|1732948798\n|move|p1a: Iron Bundle|Freeze-Dry|p2a: Lanturn\n|-supereffective|p2a: Lanturn\n|-damage|p2a: Lanturn|15/367\n|move|p2a: Lanturn|Ice Beam|p1a: Iron Bundle\n|-resisted|p1a: Iron Bundle\n|-damage|p1a: Iron Bundle|180/213\n|\n|-damage|p2a: Lanturn|0 fnt|[from] Leech Seed|[of] p1a: Iron Bundle\n|-heal|p1a: Iron Bundle|195/213|[silent]\n|faint|p2a: Lanturn\n|upkeep\n|\n|t:|1732948811\n|switch|p2a: Diancie|Diancie, L82|216/216\n|turn|22\n|\n|t:|1732948825\n|move|p1a: Iron Bundle|Hydro Pump|p2a: Diancie\n|-supereffective|p2a: Diancie\n|-damage|p2a: Diancie|64/216\n|move|p2a: Diancie|Diamond Storm|p1a: Iron Bundle\n|-supereffective|p1a: Iron Bundle\n|-damage|p1a: Iron Bundle|25/213\n|-boost|p2a: Diancie|def|2\n|\n|-heal|p2a: Diancie|77/216|[from] item: Leftovers\n|upkeep\n|turn|23\n|\n|t:|1732948837\n|switch|p2a: Flygon|Flygon, L82, M|265/265\n|move|p1a: Iron Bundle|Hydro Pump|p2a: Flygon\n|-damage|p2a: Flygon|132/265\n|\n|upkeep\n|turn|24\n|\n|t:|1732948844\n|move|p1a: Iron Bundle|Freeze-Dry|p2a: Flygon\n|-supereffective|p2a: Flygon\n|-damage|p2a: Flygon|0 fnt\n|faint|p2a: Flygon\n|\n|upkeep\n|\n|t:|1732948849\n|switch|p2a: Regigigas|Regigigas, L84|322/322\n|-start|p2a: Regigigas|ability: Slow Start\n|turn|25\n|\n|t:|1732948859\n|move|p1a: Iron Bundle|Flip Turn|p2a: Regigigas\n|-damage|p2a: Regigigas|283/322\n|\n|t:|1732948862\n|-end|p1a: Iron Bundle|Quark Drive|[silent]\n|switch|p1a: Cyclizar|Cyclizar, L83, F|109/252|[from] Flip Turn\n|-damage|p1a: Cyclizar|78/252|[from] Stealth Rock\n|-activate|p1a: Cyclizar|move: Sticky Web\n|-unboost|p1a: Cyclizar|spe|1\n|-status|p1a: Cyclizar|tox\n|move|p2a: Regigigas|Knock Off|p1a: Cyclizar\n|-damage|p1a: Cyclizar|34/252 tox\n|\n|-heal|p2a: Regigigas|303/322|[from] item: Leftovers\n|-damage|p1a: Cyclizar|19/252 tox|[from] psn\n|upkeep\n|turn|26\n|\n|t:|1732948872\n|-end|p2a: Regigigas|Slow Start|[silent]\n|switch|p2a: Spidops|Spidops, L96, M, tera:Ghost|48/271\n|move|p1a: Cyclizar|Rapid Spin|p2a: Spidops\n|-immune|p2a: Spidops\n|\n|-damage|p1a: Cyclizar|0 fnt|[from] psn\n|faint|p1a: Cyclizar\n|upkeep\n|\n|t:|1732948881\n|switch|p1a: Iron Bundle|Iron Bundle, L77|25/213\n|turn|27\n|\n|t:|1732948887\n|switch|p2a: Regigigas|Regigigas, L84|303/322\n|-start|p2a: Regigigas|ability: Slow Start\n|move|p1a: Iron Bundle|Freeze-Dry|p2a: Regigigas\n|-damage|p2a: Regigigas|237/322\n|\n|-heal|p2a: Regigigas|257/322|[from] item: Leftovers\n|upkeep\n|turn|28\n|\n|t:|1732948897\n|move|p1a: Iron Bundle|Hydro Pump|p2a: Regigigas\n|-crit|p2a: Regigigas\n|-damage|p2a: Regigigas|106/322\n|move|p2a: Regigigas|Body Slam|p1a: Iron Bundle\n|-damage|p1a: Iron Bundle|0 fnt\n|faint|p1a: Iron Bundle\n|-end|p1a: Iron Bundle|Quark Drive|[silent]\n|\n|-heal|p2a: Regigigas|126/322|[from] item: Leftovers\n|upkeep\n|\n|t:|1732948908\n|switch|p1a: Regidrago|Regidrago, L77|435/435\n|-damage|p1a: Regidrago|381/435|[from] Stealth Rock\n|-activate|p1a: Regidrago|move: Sticky Web\n|-unboost|p1a: Regidrago|spe|1\n|-status|p1a: Regidrago|tox\n|turn|29\n|\n|t:|1732948915\n|-terastallize|p1a: Regidrago|Steel\n|move|p1a: Regidrago|Dragon Dance|p1a: Regidrago\n|-boost|p1a: Regidrago|atk|1\n|-boost|p1a: Regidrago|spe|1\n|move|p2a: Regigigas|Rest|p2a: Regigigas\n|-status|p2a: Regigigas|slp|[from] move: Rest\n|-heal|p2a: Regigigas|322/322 slp|[silent]\n|\n|-damage|p1a: Regidrago|354/435 tox|[from] psn\n|upkeep\n|turn|30\n|\n|t:|1732948920\n|move|p1a: Regidrago|Dragon Dance|p1a: Regidrago\n|-boost|p1a: Regidrago|atk|1\n|-boost|p1a: Regidrago|spe|1\n|cant|p2a: Regigigas|slp\n|\n|-damage|p1a: Regidrago|300/435 tox|[from] psn\n|upkeep\n|turn|31\n|\n|t:|1732948926\n|move|p1a: Regidrago|Tera Blast|p2a: Regigigas|[anim] Tera Blast Steel\n|-damage|p2a: Regigigas|154/322 slp\n|-damage|p1a: Regidrago|257/435 tox|[from] item: Life Orb\n|cant|p2a: Regigigas|slp\n|move|p2a: Regigigas|Sleep Talk|p2a: Regigigas\n|move|p2a: Regigigas|Knock Off|p1a: Regidrago|[from]move: Sleep Talk\n|-damage|p1a: Regidrago|181/435 tox\n|-enditem|p1a: Regidrago|Life Orb|[from] move: Knock Off|[of] p2a: Regigigas\n|\n|-heal|p2a: Regigigas|174/322 slp|[from] item: Leftovers\n|-damage|p1a: Regidrago|100/435 tox|[from] psn\n|upkeep\n|turn|32\n|\n|t:|1732948935\n|move|p1a: Regidrago|Tera Blast|p2a: Regigigas|[anim] Tera Blast Steel\n|-damage|p2a: Regigigas|41/322 slp\n|-curestatus|p2a: Regigigas|slp|[msg]\n|move|p2a: Regigigas|Rest|p2a: Regigigas\n|-status|p2a: Regigigas|slp|[from] move: Rest\n|-heal|p2a: Regigigas|322/322 slp|[silent]\n|\n|-damage|p1a: Regidrago|0 fnt|[from] psn\n|faint|p1a: Regidrago\n|\n|win|Reptilor05\n|upkeep\n", "inputlog": ">version b107d77f5c90bd6555267ae244a6264823309ead\n>start {\"formatid\":\"gen9randombattle\",\"seed\":[12392,45919,1491,12326]}\n>player p1 {\"name\":\"Destro04\",\"avatar\":\"bellelba\",\"rating\":0,\"seed\":[46,65522,56329,30976]}\n>player p2 {\"name\":\"Reptilor05\",\"avatar\":\"266\",\"rating\":0,\"seed\":[35345,8310,37382,26054]}\n>p1 move knockoff\n>p2 move psychicnoise\n>p1 move knockoff\n>p2 move psychicnoise\n>p1 switch 6\n>p1 move leechseed\n>p2 move stealthrock\n>p1 move acrobatics\n>p2 move hypnosis\n>p2 switch 5\n>p1 switch 3\n>p2 move stickyweb\n>p1 move rapidspin\n>p2 move knockoff terastallize\n>p1 move knockoff\n>p2 move toxicspikes\n>p1 move dracometeor\n>p2 move toxicspikes\n>p1 move dracometeor\n>p2 switch 3\n>p1 move rapidspin\n>p2 switch 3\n>p1 move shedtail\n>p2 move knockoff\n>p1 switch 2\n>p1 move thunderbolt\n>p2 switch 3\n>p1 move scald\n>p2 move scald\n>p1 move scald\n>p2 move scald\n>p1 move scald\n>p2 move scald\n>p1 move scald\n>p2 move scald\n>p1 move scald\n>p2 move scald\n>p1 switch 3\n>p1 move leechseed\n>p2 switch 3\n>p1 move leechseed\n>p2 switch 3\n>p1 move leechseed\n>p2 move icebeam\n>p1 switch 5\n>p1 move freezedry\n>p2 move icebeam\n>p2 switch 2\n>p1 move hydropump\n>p2 move diamondstorm\n>p1 move hydropump\n>p2 switch 6\n>p1 move freezedry\n>p2 move earthquake\n>p2 switch 4\n>p1 move flipturn\n>p2 move knockoff\n>p1 switch 2\n>p1 move rapidspin\n>p2 switch 3\n>p1 switch 2\n>p1 move freezedry\n>p2 switch 3\n>p1 move hydropump\n>p2 move bodyslam\n>p1 switch 4\n>p1 move dragondance terastallize\n>p2 move rest\n>p1 move dragondance\n>p2 move knockoff\n>p1 move terablast\n>p2 move sleeptalk\n>p1 move terablast\n>p2 move rest", "uploadtime": 1732948944, "views": 2, "formatid": "gen9randombattle", "rating": null, "private": 0, "password": null}