{"id": "gen9randombattle-2253802396", "format": "[Gen 9] Random Battle", "players": ["its_sky_88", "FurryFemboyLover"], "log": "|j|\u2606its_sky_88\n|j|\u2606FurryFemboyLover\n|t:|1732940508\n|gametype|singles\n|player|p1|its_sky_88|hilbert-wonderlauncher|\n|player|p2|FurryFemboyLover|2|\n|teamsize|p1|6\n|teamsize|p2|6\n|gen|9\n|tier|[Gen 9] Random Battle\n|rule|Species Clause: Limit one of each Pok\u00e9mon\n|rule|HP Percentage Mod: HP is shown in percentages\n|rule|Sleep Clause Mod: Limit one foe put to sleep\n|rule|Illusion Level Mod: Illusion disguises the Pok\u00e9mon's true level\n|\n|t:|1732940508\n|start\n|switch|p1a: Glaceon|Glaceon, L94, M|275/275\n|switch|p2a: Okidogi|Okidogi, L77, M|262/262\n|turn|1\n|\n|t:|1732940580\n|move|p1a: Glaceon|Mud Shot|p2a: Okidogi\n|-supereffective|p2a: Okidogi\n|-damage|p2a: Okidogi|124/262\n|-unboost|p2a: Okidogi|spe|1\n|move|p2a: Okidogi|Bulk Up|p2a: Okidogi\n|-boost|p2a: Okidogi|atk|1\n|-boost|p2a: Okidogi|def|1\n|\n|-heal|p2a: Okidogi|140/262|[from] item: Leftovers\n|upkeep\n|turn|2\n|\n|t:|1732940596\n|move|p1a: Glaceon|Wish|p1a: Glaceon\n|move|p2a: Okidogi|Gunk Shot|p1a: Glaceon\n|-damage|p1a: Glaceon|121/275\n|-status|p1a: Glaceon|tox|[from] ability: Toxic Chain|[of] p2a: Okidogi\n|\n|-heal|p2a: Okidogi|156/262|[from] item: Leftovers\n|-damage|p1a: Glaceon|104/275 tox|[from] psn\n|upkeep\n|turn|3\n|\n|t:|1732940611\n|move|p1a: Glaceon|Mud Shot|p2a: Okidogi\n|-supereffective|p2a: Okidogi\n|-damage|p2a: Okidogi|28/262\n|-unboost|p2a: Okidogi|spe|1\n|move|p2a: Okidogi|Drain Punch|p1a: Glaceon\n|-supereffective|p1a: Glaceon\n|-damage|p1a: Glaceon|0 fnt\n|-heal|p2a: Okidogi|80/262|[from] drain|[of] p1a: Glaceon\n|faint|p1a: Glaceon\n|\n|-heal|p2a: Okidogi|96/262|[from] item: Leftovers\n|upkeep\n|\n|t:|1732940632\n|switch|p1a: Arbok|Arbok, L87, F|246/246\n|-ability|p1a: Arbok|Intimidate|boost\n|-unboost|p2a: Okidogi|atk|1\n|turn|4\n|\n|t:|1732940644\n|move|p1a: Arbok|Coil|p1a: Arbok\n|-boost|p1a: Arbok|atk|1\n|-boost|p1a: Arbok|def|1\n|-boost|p1a: Arbok|accuracy|1\n|move|p2a: Okidogi|Gunk Shot|p1a: Arbok\n|-resisted|p1a: Arbok\n|-damage|p1a: Arbok|191/246\n|\n|-heal|p1a: Arbok|206/246|[from] item: Leftovers\n|-heal|p2a: Okidogi|112/262|[from] item: Leftovers\n|upkeep\n|turn|5\n|\n|t:|1732940661\n|move|p1a: Arbok|Coil|p1a: Arbok\n|-boost|p1a: Arbok|atk|1\n|-boost|p1a: Arbok|def|1\n|-boost|p1a: Arbok|accuracy|1\n|move|p2a: Okidogi|Drain Punch|p1a: Arbok\n|-resisted|p1a: Arbok\n|-damage|p1a: Arbok|184/246\n|-heal|p2a: Okidogi|123/262|[from] drain|[of] p1a: Arbok\n|\n|-heal|p1a: Arbok|199/246|[from] item: Leftovers\n|-heal|p2a: Okidogi|139/262|[from] item: Leftovers\n|upkeep\n|turn|6\n|\n|t:|1732940681\n|move|p1a: Arbok|Earthquake|p2a: Okidogi\n|-supereffective|p2a: Okidogi\n|-damage|p2a: Okidogi|0 fnt\n|faint|p2a: Okidogi\n|\n|-heal|p1a: Arbok|214/246|[from] item: Leftovers\n|upkeep\n|\n|t:|1732940723\n|switch|p2a: Dachsbun|Dachsbun, L92, M|254/254\n|turn|7\n|\n|t:|1732940730\n|move|p2a: Dachsbun|Play Rough|p1a: Arbok\n|-resisted|p1a: Arbok\n|-damage|p1a: Arbok|186/246\n|move|p1a: Arbok|Trailblaze|p2a: Dachsbun\n|-damage|p2a: Dachsbun|203/254\n|-boost|p1a: Arbok|spe|1\n|\n|-heal|p1a: Arbok|201/246|[from] item: Leftovers\n|-heal|p2a: Dachsbun|218/254|[from] item: Leftovers\n|upkeep\n|turn|8\n|\n|t:|1732940748\n|move|p1a: Arbok|Trailblaze|p2a: Dachsbun\n|-damage|p2a: Dachsbun|166/254\n|-boost|p1a: Arbok|spe|1\n|move|p2a: Dachsbun|Body Press|p1a: Arbok\n|-resisted|p1a: Arbok\n|-damage|p1a: Arbok|179/246\n|\n|-heal|p1a: Arbok|194/246|[from] item: Leftovers\n|-heal|p2a: Dachsbun|181/254|[from] item: Leftovers\n|upkeep\n|turn|9\n|\n|t:|1732940761\n|move|p1a: Arbok|Coil|p1a: Arbok\n|-boost|p1a: Arbok|atk|1\n|-boost|p1a: Arbok|def|1\n|-boost|p1a: Arbok|accuracy|1\n|move|p2a: Dachsbun|Play Rough|p1a: Arbok|[miss]\n|-miss|p2a: Dachsbun|p1a: Arbok\n|\n|-heal|p1a: Arbok|209/246|[from] item: Leftovers\n|-heal|p2a: Dachsbun|196/254|[from] item: Leftovers\n|upkeep\n|turn|10\n|\n|t:|1732940772\n|move|p1a: Arbok|Coil|p1a: Arbok\n|-boost|p1a: Arbok|atk|1\n|-boost|p1a: Arbok|def|1\n|-boost|p1a: Arbok|accuracy|1\n|move|p2a: Dachsbun|Play Rough|p1a: Arbok\n|-resisted|p1a: Arbok\n|-damage|p1a: Arbok|189/246\n|\n|-heal|p1a: Arbok|204/246|[from] item: Leftovers\n|-heal|p2a: Dachsbun|211/254|[from] item: Leftovers\n|upkeep\n|turn|11\n|\n|t:|1732940799\n|move|p1a: Arbok|Gunk Shot|p2a: Dachsbun\n|-supereffective|p2a: Dachsbun\n|-damage|p2a: Dachsbun|0 fnt\n|faint|p2a: Dachsbun\n|\n|-heal|p1a: Arbok|219/246|[from] item: Leftovers\n|upkeep\n|\n|t:|1732940809\n|switch|p2a: Metagross|Metagross, L79|256/256\n|turn|12\n|\n|t:|1732940815\n|move|p1a: Arbok|Earthquake|p2a: Metagross\n|-supereffective|p2a: Metagross\n|-damage|p2a: Metagross|0 fnt\n|faint|p2a: Metagross\n|\n|-heal|p1a: Arbok|234/246|[from] item: Leftovers\n|upkeep\n|\n|t:|1732940823\n|switch|p2a: Beartic|Beartic, L91, M|321/321\n|turn|13\n|\n|t:|1732940828\n|move|p1a: Arbok|Earthquake|p2a: Beartic\n|-damage|p2a: Beartic|101/321\n|move|p2a: Beartic|Close Combat|p1a: Arbok\n|-resisted|p1a: Arbok\n|-damage|p1a: Arbok|200/246\n|-unboost|p2a: Beartic|def|1\n|-unboost|p2a: Beartic|spd|1\n|\n|-heal|p1a: Arbok|215/246|[from] item: Leftovers\n|upkeep\n|turn|14\n|\n|t:|1732940858\n|move|p1a: Arbok|Coil|p1a: Arbok\n|-boost|p1a: Arbok|atk|1\n|-boost|p1a: Arbok|def|1\n|-boost|p1a: Arbok|accuracy|1\n|move|p2a: Beartic|Close Combat|p1a: Arbok\n|-resisted|p1a: Arbok\n|-crit|p1a: Arbok\n|-damage|p1a: Arbok|57/246\n|-unboost|p2a: Beartic|def|1\n|-unboost|p2a: Beartic|spd|1\n|\n|-heal|p1a: Arbok|72/246|[from] item: Leftovers\n|upkeep\n|turn|15\n|\n|t:|1732940868\n|move|p1a: Arbok|Earthquake|p2a: Beartic\n|-damage|p2a: Beartic|0 fnt\n|faint|p2a: Beartic\n|\n|-heal|p1a: Arbok|87/246|[from] item: Leftovers\n|upkeep\n|\n|t:|1732940880\n|switch|p2a: Flapple|Flapple, L88, F|266/266\n|turn|16\n|\n|t:|1732940890\n|move|p1a: Arbok|Gunk Shot|p2a: Flapple\n|-supereffective|p2a: Flapple\n|-damage|p2a: Flapple|0 fnt\n|faint|p2a: Flapple\n|\n|-heal|p1a: Arbok|102/246|[from] item: Leftovers\n|upkeep\n|\n|t:|1732940896\n|switch|p2a: Swalot|Swalot, L90, F|326/326\n|turn|17\n|\n|t:|1732940918\n|-terastallize|p1a: Arbok|Ground\n|move|p1a: Arbok|Earthquake|p2a: Swalot\n|-supereffective|p2a: Swalot\n|-damage|p2a: Swalot|0 fnt\n|faint|p2a: Swalot\n|\n|win|its_sky_88\n", "inputlog": ">version b107d77f5c90bd6555267ae244a6264823309ead\n>start {\"formatid\":\"gen9randombattle\",\"seed\":[58874,26254,51319,58829]}\n>player p1 {\"name\":\"its_sky_88\",\"avatar\":\"hilbert-wonderlauncher\",\"rating\":0,\"seed\":[55266,5577,2248,20067]}\n>player p2 {\"name\":\"FurryFemboyLover\",\"avatar\":\"2\",\"rating\":0,\"seed\":[62720,23924,32449,53558]}\n>p1 move mudshot\n>p2 move bulkup\n>p1 move wish\n>p2 move gunkshot\n>p1 move mudshot\n>p2 move drainpunch\n>p1 switch 6\n>p1 move coil\n>p2 move gunkshot\n>p1 move coil\n>p2 move drainpunch\n>p1 move earthquake\n>p2 move knockoff\n>p2 switch 4\n>p1 move trailblaze\n>p2 move playrough\n>p1 move trailblaze\n>p2 move bodypress\n>p1 move coil\n>p2 move playrough\n>p1 move coil\n>p2 move playrough\n>p1 move gunkshot\n>p2 move playrough\n>p2 switch 5\n>p1 move earthquake\n>p2 move earthquake\n>p2 switch 6\n>p1 move earthquake\n>p2 move closecombat\n>p1 move coil\n>p2 move closecombat\n>p1 move earthquake\n>p2 move closecombat\n>p2 switch 3\n>p1 move gunkshot\n>p2 move outrage\n>p2 switch 2\n>p1 move earthquake terastallize\n>p2 move painsplit", "uploadtime": 1732940925, "views": 18, "formatid": "gen9randombattle", "rating": null, "private": 0, "password": null}