{"id": "gen9randombattle-2254175581", "format": "[Gen 9] Random Battle", "players": ["pokemonboy3000", "winterpath"], "log": "|j|\u2606pokemonboy3000\n|j|\u2606winterpath\n|t:|1733000575\n|gametype|singles\n|player|p1|pokemonboy3000|harlequin|2164\n|player|p2|winterpath|2|2098\n|teamsize|p1|6\n|teamsize|p2|6\n|gen|9\n|tier|[Gen 9] Random Battle\n|rated|\n|rule|Species Clause: Limit one of each Pok\u00e9mon\n|rule|HP Percentage Mod: HP is shown in percentages\n|rule|Sleep Clause Mod: Limit one foe put to sleep\n|rule|Illusion Level Mod: Illusion disguises the Pok\u00e9mon's true level\n|\n|t:|1733000575\n|start\n|switch|p1a: Enamorus|Enamorus, L79, F|247/247\n|switch|p2a: Virizion|Virizion, L82|283/283\n|turn|1\n|\n|t:|1733000584\n|switch|p1a: Weezing|Weezing, L88, M|258/258\n|move|p2a: Virizion|Swords Dance|p2a: Virizion\n|-boost|p2a: Virizion|atk|2\n|\n|upkeep\n|turn|2\n|c|\u2606pokemonboy3000|good lucj have fu !\n|inactive|Battle timer is ON: inactive players will automatically lose when time's up. (requested by winterpath)\n|\n|t:|1733000592\n|switch|p2a: Pecharunt|Pecharunt, L77|262/262\n|move|p1a: Weezing|Gunk Shot|p2a: Pecharunt\n|-resisted|p2a: Pecharunt\n|-damage|p2a: Pecharunt|240/262\n|\n|-heal|p2a: Pecharunt|256/262|[from] item: Leftovers\n|upkeep\n|turn|3\n|c|\u2606winterpath|u2\n|\n|t:|1733000602\n|switch|p1a: Hypno|Hypno, L95, M|315/315\n|move|p2a: Pecharunt|Malignant Chain|p1a: Hypno\n|-damage|p1a: Hypno|249/315\n|-status|p1a: Hypno|tox\n|-start|p1a: Hypno|confusion|[from] ability: Poison Puppeteer|[of] p2a: Pecharunt\n|\n|-heal|p1a: Hypno|268/315 tox|[from] item: Leftovers\n|-heal|p2a: Pecharunt|262/262|[from] item: Leftovers\n|-damage|p1a: Hypno|249/315 tox|[from] psn\n|upkeep\n|turn|4\n|\n|t:|1733000612\n|switch|p2a: Zarude|Zarude, L78|292/292\n|-activate|p1a: Hypno|confusion\n|move|p1a: Hypno|Thunder Wave|p2a: Zarude\n|-status|p2a: Zarude|par\n|\n|-heal|p1a: Hypno|268/315 tox|[from] item: Leftovers\n|-damage|p1a: Hypno|230/315 tox|[from] psn\n|upkeep\n|turn|5\n|\n|t:|1733000616\n|switch|p1a: Weezing|Weezing, L88, M|258/258\n|move|p2a: Zarude|U-turn|p1a: Weezing\n|-resisted|p1a: Weezing\n|-damage|p1a: Weezing|228/258\n|\n|t:|1733000618\n|switch|p2a: Pecharunt|Pecharunt, L77|262/262|[from] U-turn\n|\n|-heal|p1a: Weezing|244/258|[from] item: Leftovers\n|upkeep\n|turn|6\n|\n|t:|1733000626\n|move|p2a: Pecharunt|Shadow Ball|p1a: Weezing\n|-damage|p1a: Weezing|168/258\n|move|p1a: Weezing|Fire Blast|p2a: Pecharunt\n|-damage|p2a: Pecharunt|177/262\n|\n|-heal|p2a: Pecharunt|193/262|[from] item: Leftovers\n|-heal|p1a: Weezing|184/258|[from] item: Leftovers\n|upkeep\n|turn|7\n|\n|t:|1733000639\n|switch|p1a: Hypno|Hypno, L95, M|230/315 tox\n|move|p2a: Pecharunt|Shadow Ball|p1a: Hypno\n|-supereffective|p1a: Hypno\n|-damage|p1a: Hypno|140/315 tox\n|\n|-heal|p1a: Hypno|159/315 tox|[from] item: Leftovers\n|-heal|p2a: Pecharunt|209/262|[from] item: Leftovers\n|-damage|p1a: Hypno|140/315 tox|[from] psn\n|upkeep\n|turn|8\n|\n|t:|1733000646\n|switch|p2a: Zarude|Zarude, L78|292/292 par\n|move|p1a: Hypno|Knock Off|p2a: Zarude\n|-resisted|p2a: Zarude\n|-damage|p2a: Zarude|258/292 par\n|-enditem|p2a: Zarude|Choice Band|[from] move: Knock Off|[of] p1a: Hypno\n|\n|-heal|p1a: Hypno|159/315 tox|[from] item: Leftovers\n|-damage|p1a: Hypno|121/315 tox|[from] psn\n|upkeep\n|turn|9\n|\n|t:|1733000650\n|switch|p1a: Weezing|Weezing, L88, M|184/258\n|move|p2a: Zarude|U-turn|p1a: Weezing\n|-resisted|p1a: Weezing\n|-damage|p1a: Weezing|166/258\n|\n|t:|1733000652\n|switch|p2a: Pecharunt|Pecharunt, L77|209/262|[from] U-turn\n|\n|-heal|p2a: Pecharunt|225/262|[from] item: Leftovers\n|-heal|p1a: Weezing|182/258|[from] item: Leftovers\n|upkeep\n|turn|10\n|\n|t:|1733000661\n|switch|p1a: Lunala|Lunala, L70|238/238\n|move|p2a: Pecharunt|Shadow Ball|p1a: Lunala\n|-resisted|p1a: Lunala\n|-damage|p1a: Lunala|196/238\n|replace|p1a: Zoroark|Zoroark, L84, M\n|-end|p1a: Zoroark|Illusion\n|-hint|Illusion Level Mod is active, so this Pok\u00e9mon's true level was hidden.\n|\n|-heal|p2a: Pecharunt|241/262|[from] item: Leftovers\n|upkeep\n|turn|11\n|\n|t:|1733000670\n|switch|p2a: Zarude|Zarude, L78|258/292 par\n|move|p1a: Zoroark|Trick|p2a: Zarude\n|-activate|p1a: Zoroark|move: Trick|[of] p2a: Zarude\n|-item|p2a: Zarude|Choice Specs|[from] move: Trick\n|-enditem|p1a: Zoroark|Choice Specs|[silent]|[from] move: Trick\n|\n|upkeep\n|turn|12\n|\n|t:|1733000674\n|move|p1a: Zoroark|Sludge Bomb|p2a: Zarude\n|-supereffective|p2a: Zarude\n|-damage|p2a: Zarude|106/292 par\n|move|p2a: Zarude|U-turn|p1a: Zoroark\n|-supereffective|p1a: Zoroark\n|-damage|p1a: Zoroark|62/238\n|\n|t:|1733000680\n|switch|p2a: Dialga|Dialga, L73|266/266|[from] U-turn\n|-ability|p2a: Dialga|Pressure\n|\n|upkeep\n|turn|13\n|\n|t:|1733000685\n|move|p1a: Zoroark|Trick|p2a: Dialga\n|-activate|p1a: Zoroark|move: Trick|[of] p2a: Dialga\n|-enditem|p2a: Dialga|Assault Vest|[silent]|[from] move: Trick\n|-item|p1a: Zoroark|Assault Vest|[from] move: Trick\n|move|p2a: Dialga|Heavy Slam|p1a: Zoroark\n|-damage|p1a: Zoroark|0 fnt\n|faint|p1a: Zoroark\n|\n|upkeep\n|\n|t:|1733000706\n|switch|p1a: Lunala|Lunala, L70|308/308\n|turn|14\n|\n|t:|1733000709\n|move|p1a: Lunala|Calm Mind|p1a: Lunala\n|-boost|p1a: Lunala|spa|1\n|-boost|p1a: Lunala|spd|1\n|move|p2a: Dialga|Dragon Tail|p1a: Lunala\n|-damage|p1a: Lunala|274/308\n|drag|p1a: Drednaw|Drednaw, L81, F|278/278\n|\n|upkeep\n|turn|15\n|\n|t:|1733000713\n|switch|p1a: Lunala|Lunala, L70|274/308\n|move|p2a: Dialga|Dragon Tail|p1a: Lunala|[miss]\n|-miss|p2a: Dialga|p1a: Lunala\n|\n|-heal|p1a: Lunala|293/308|[from] item: Leftovers\n|upkeep\n|turn|16\n|\n|t:|1733000718\n|move|p1a: Lunala|Moonblast|p2a: Dialga\n|-damage|p2a: Dialga|198/266\n|move|p2a: Dialga|Dragon Tail|p1a: Lunala\n|-damage|p1a: Lunala|220/308\n|drag|p1a: Enamorus|Enamorus, L79, F|247/247\n|\n|upkeep\n|turn|17\n|\n|t:|1733000721\n|move|p1a: Enamorus|Earth Power|p2a: Dialga\n|-supereffective|p2a: Dialga\n|-damage|p2a: Dialga|34/266\n|move|p2a: Dialga|Heavy Slam|p1a: Enamorus\n|-supereffective|p1a: Enamorus\n|-damage|p1a: Enamorus|0 fnt\n|faint|p1a: Enamorus\n|\n|upkeep\n|\n|t:|1733000725\n|switch|p1a: Lunala|Lunala, L70|220/308\n|turn|18\n|\n|t:|1733000730\n|move|p1a: Lunala|Moonlight|p1a: Lunala\n|-heal|p1a: Lunala|308/308\n|move|p2a: Dialga|Heavy Slam|p1a: Lunala\n|-damage|p1a: Lunala|239/308\n|\n|-heal|p1a: Lunala|258/308|[from] item: Leftovers\n|upkeep\n|turn|19\n|\n|t:|1733000733\n|move|p1a: Lunala|Moonblast|p2a: Dialga\n|-damage|p2a: Dialga|0 fnt\n|faint|p2a: Dialga\n|\n|-heal|p1a: Lunala|277/308|[from] item: Leftovers\n|upkeep\n|\n|t:|1733000739\n|switch|p2a: Pecharunt|Pecharunt, L77|241/262\n|turn|20\n|\n|t:|1733000752\n|-terastallize|p1a: Lunala|Fairy\n|move|p2a: Pecharunt|Shadow Ball|p1a: Lunala\n|-crit|p1a: Lunala\n|-damage|p1a: Lunala|183/308\n|-unboost|p1a: Lunala|spd|1\n|move|p1a: Lunala|Moongeist Beam|p2a: Pecharunt\n|-supereffective|p2a: Pecharunt\n|-damage|p2a: Pecharunt|25/262\n|\n|-heal|p2a: Pecharunt|41/262|[from] item: Leftovers\n|-heal|p1a: Lunala|202/308|[from] item: Leftovers\n|upkeep\n|turn|21\n|\n|t:|1733000766\n|switch|p1a: Hypno|Hypno, L95, M|121/315 tox\n|move|p2a: Pecharunt|Malignant Chain|p1a: Hypno\n|-damage|p1a: Hypno|63/315 tox\n|\n|-heal|p1a: Hypno|82/315 tox|[from] item: Leftovers\n|-heal|p2a: Pecharunt|57/262|[from] item: Leftovers\n|-damage|p1a: Hypno|63/315 tox|[from] psn\n|upkeep\n|turn|22\n|\n|t:|1733000770\n|switch|p2a: Zarude|Zarude, L78|106/292 par\n|move|p1a: Hypno|Psychic Noise|p2a: Zarude\n|-immune|p2a: Zarude\n|\n|-heal|p1a: Hypno|82/315 tox|[from] item: Leftovers\n|-damage|p1a: Hypno|44/315 tox|[from] psn\n|upkeep\n|turn|23\n|\n|t:|1733000773\n|move|p1a: Hypno|Knock Off|p2a: Zarude\n|-resisted|p2a: Zarude\n|-damage|p2a: Zarude|71/292 par\n|-enditem|p2a: Zarude|Choice Specs|[from] move: Knock Off|[of] p1a: Hypno\n|move|p2a: Zarude|U-turn|p1a: Hypno\n|-supereffective|p1a: Hypno\n|-damage|p1a: Hypno|0 fnt\n|faint|p1a: Hypno\n|\n|t:|1733000792\n|switch|p2a: Pecharunt|Pecharunt, L77|57/262|[from] U-turn\n|\n|-heal|p2a: Pecharunt|73/262|[from] item: Leftovers\n|upkeep\n|\n|t:|1733000798\n|switch|p1a: Drednaw|Drednaw, L81, F|278/278\n|turn|24\n|\n|t:|1733000804\n|move|p2a: Pecharunt|Malignant Chain|p1a: Drednaw\n|-resisted|p1a: Drednaw\n|-damage|p1a: Drednaw|224/278\n|move|p1a: Drednaw|Shell Smash|p1a: Drednaw\n|-unboost|p1a: Drednaw|def|1\n|-unboost|p1a: Drednaw|spd|1\n|-boost|p1a: Drednaw|atk|2\n|-boost|p1a: Drednaw|spa|2\n|-boost|p1a: Drednaw|spe|2\n|-enditem|p1a: Drednaw|White Herb\n|-clearnegativeboost|p1a: Drednaw|[silent]\n|\n|-heal|p2a: Pecharunt|89/262|[from] item: Leftovers\n|upkeep\n|turn|25\n|\n|t:|1733000813\n|move|p1a: Drednaw|Liquidation|p2a: Pecharunt\n|-damage|p2a: Pecharunt|0 fnt\n|faint|p2a: Pecharunt\n|\n|upkeep\n|\n|t:|1733000816\n|switch|p2a: Iron Boulder|Iron Boulder, L77|265/265\n|-enditem|p2a: Iron Boulder|Booster Energy\n|-activate|p2a: Iron Boulder|ability: Quark Drive|[fromitem]\n|-start|p2a: Iron Boulder|quarkdrivespe\n|turn|26\n|\n|t:|1733000823\n|-terastallize|p2a: Iron Boulder|Fighting\n|move|p2a: Iron Boulder|Close Combat|p1a: Drednaw\n|-supereffective|p1a: Drednaw\n|-damage|p1a: Drednaw|0 fnt\n|-unboost|p2a: Iron Boulder|def|1\n|-unboost|p2a: Iron Boulder|spd|1\n|faint|p1a: Drednaw\n|\n|upkeep\n|\n|t:|1733000827\n|switch|p1a: Lunala|Lunala, L70, tera:Fairy|202/308\n|turn|27\n|inactive|winterpath has 120 seconds left.\n|\n|t:|1733000875\n|move|p2a: Iron Boulder|Mighty Cleave|p1a: Lunala\n|-damage|p1a: Lunala|78/308\n|move|p1a: Lunala|Moonlight|p1a: Lunala\n|-heal|p1a: Lunala|232/308\n|\n|-heal|p1a: Lunala|251/308|[from] item: Leftovers\n|upkeep\n|turn|28\n|\n|t:|1733000882\n|move|p2a: Iron Boulder|Mighty Cleave|p1a: Lunala\n|-damage|p1a: Lunala|137/308\n|move|p1a: Lunala|Moonblast|p2a: Iron Boulder\n|-supereffective|p2a: Iron Boulder\n|-damage|p2a: Iron Boulder|0 fnt\n|faint|p2a: Iron Boulder\n|-end|p2a: Iron Boulder|Quark Drive|[silent]\n|\n|-heal|p1a: Lunala|156/308|[from] item: Leftovers\n|upkeep\n|\n|t:|1733000885\n|switch|p2a: Weavile|Weavile, L79, M|240/240\n|turn|29\n|\n|t:|1733000888\n|switch|p1a: Weezing|Weezing, L88, M|182/258\n|move|p2a: Weavile|Triple Axel|p1a: Weezing\n|-damage|p1a: Weezing|166/258\n|-hitcount|p1a: Weezing|1\n|\n|-heal|p1a: Weezing|182/258|[from] item: Leftovers\n|upkeep\n|turn|30\n|\n|t:|1733000897\n|move|p2a: Weavile|Triple Axel|p1a: Weezing\n|-damage|p1a: Weezing|166/258\n|-damage|p1a: Weezing|135/258\n|-damage|p1a: Weezing|86/258\n|-hitcount|p1a: Weezing|3\n|move|p1a: Weezing|Pain Split|p2a: Weavile\n|-sethp|p2a: Weavile|163/240|[from] move: Pain Split|[silent]\n|-sethp|p1a: Weezing|163/258|[from] move: Pain Split\n|\n|-heal|p1a: Weezing|179/258|[from] item: Leftovers\n|upkeep\n|turn|31\n|\n|t:|1733000906\n|move|p2a: Weavile|Swords Dance|p2a: Weavile\n|-boost|p2a: Weavile|atk|2\n|move|p1a: Weezing|Fire Blast|p2a: Weavile\n|-supereffective|p2a: Weavile\n|-damage|p2a: Weavile|0 fnt\n|faint|p2a: Weavile\n|\n|-heal|p1a: Weezing|195/258|[from] item: Leftovers\n|upkeep\n|\n|t:|1733000909\n|switch|p2a: Virizion|Virizion, L82|283/283\n|turn|32\n|\n|t:|1733000913\n|move|p2a: Virizion|Swords Dance|p2a: Virizion\n|-boost|p2a: Virizion|atk|2\n|move|p1a: Weezing|Gunk Shot|p2a: Virizion\n|-supereffective|p2a: Virizion\n|-damage|p2a: Virizion|0 fnt\n|faint|p2a: Virizion\n|\n|-heal|p1a: Weezing|211/258|[from] item: Leftovers\n|upkeep\n|c|\u2606pokemonboy3000|gg\n|c|\u2606winterpath|nice rng fam\n|-message|winterpath forfeited.\n|\n|win|pokemonboy3000\n|raw|pokemonboy3000's rating: 2164 &rarr; <strong>2180</strong><br />(+16 for winning)\n|raw|winterpath's rating: 2098 &rarr; <strong>2082</strong><br />(-16 for losing)\n|l|\u2606winterpath\n|player|p2|\n|c|\u2606pokemonboy3000|you got a full legend tean lol\n", "inputlog": ">version b107d77f5c90bd6555267ae244a6264823309ead\n>start {\"formatid\":\"gen9randombattle\",\"seed\":[37284,35349,18950,12971],\"rated\":\"Rated battle\"}\n>player p1 {\"name\":\"pokemonboy3000\",\"avatar\":\"harlequin\",\"rating\":2164,\"seed\":[34539,21410,29049,52369]}\n>player p2 {\"name\":\"winterpath\",\"avatar\":\"2\",\"rating\":2098,\"seed\":[60610,22331,27859,26042]}\n>p1 switch 2\n>p2 move swordsdance\n>chat \u2606pokemonboy3000|good lucj have fu !\n>p1 move gunkshot\n>p2 switch 5\n>chat \u2606winterpath|u2\n>p1 switch 3\n>p2 move malignantchain\n>p1 move thunderwave\n>p2 switch 6\n>p1 switch 3\n>p2 move uturn\n>p2 switch 6\n>p1 move fireblast\n>p2 move shadowball\n>p1 switch 3\n>p2 move shadowball\n>p1 move knockoff\n>p2 switch 6\n>p1 switch 3\n>p2 move uturn\n>p2 switch 6\n>p1 switch 4\n>p2 move shadowball\n>p1 move trick\n>p2 switch 6\n>p1 move sludgebomb\n>p2 move uturn\n>p2 switch 2\n>p1 move trick\n>p2 move heavyslam\n>p1 switch 6\n>p1 move calmmind\n>p2 move dragontail\n>p1 switch 5\n>p2 move dragontail\n>p1 move moonblast\n>p2 move dragontail\n>p1 move earthpower\n>p2 move heavyslam\n>p1 switch 2\n>p1 move moonlight\n>p2 move heavyslam\n>p1 move moonblast\n>p2 move heavyslam\n>p2 switch 6\n>p1 move moongeistbeam terastallize\n>p2 move shadowball\n>p1 switch 3\n>p2 move malignantchain\n>p1 move psychicnoise\n>p2 switch 2\n>p1 move knockoff\n>p2 move uturn\n>p2 switch 2\n>p1 switch 5\n>p1 move shellsmash\n>p2 move malignantchain\n>p1 move liquidation\n>p2 move shadowball\n>p2 switch 4\n>p1 move liquidation\n>p2 move closecombat terastallize\n>p1 switch 3\n>p1 move moonlight\n>p2 move mightycleave\n>p1 move moonblast\n>p2 move mightycleave\n>p2 switch 3\n>p1 switch 4\n>p2 move tripleaxel\n>p1 move painsplit\n>p2 move tripleaxel\n>p1 move fireblast\n>p2 move swordsdance\n>p2 switch 5\n>p1 move gunkshot\n>p2 move swordsdance\n>chat \u2606pokemonboy3000|gg\n>chat \u2606winterpath|nice rng fam\n>forcelose p2", "uploadtime": 1733000942, "views": 6, "formatid": "gen9randombattle", "rating": 2082, "private": 0, "password": null}