{"id": "gen9randombattle-2253940348", "format": "[Gen 9] Random Battle", "players": ["Bismaerck", "Kirishima 01"], "log": "|j|\u2606Bismaerck\n|j|\u203dKirishima 01\n|t:|1732968118\n|gametype|singles\n|player|p1|Bismaerck|roxie|1876\n|player|p2|Kirishima 01|skyla|1856\n|teamsize|p1|6\n|teamsize|p2|6\n|gen|9\n|tier|[Gen 9] Random Battle\n|rated|\n|rule|Species Clause: Limit one of each Pok\u00e9mon\n|rule|HP Percentage Mod: HP is shown in percentages\n|rule|Sleep Clause Mod: Limit one foe put to sleep\n|rule|Illusion Level Mod: Illusion disguises the Pok\u00e9mon's true level\n|\n|t:|1732968118\n|start\n|switch|p1a: Dipplin|Dipplin, L88, F|284/284\n|switch|p2a: Grimmsnarl|Grimmsnarl, L83, M|293/293\n|turn|1\n|inactive|Battle timer is ON: inactive players will automatically lose when time's up. (requested by Kirishima 01)\n|\n|t:|1732968138\n|switch|p1a: Sceptile|Sceptile, L87, M|264/264\n|move|p2a: Grimmsnarl|Light Screen|p2a: Grimmsnarl\n|-sidestart|p2: Kirishima 01|move: Light Screen\n|\n|upkeep\n|turn|2\n|\n|t:|1732968144\n|move|p2a: Grimmsnarl|Parting Shot|p1a: Sceptile\n|-unboost|p1a: Sceptile|atk|1\n|-unboost|p1a: Sceptile|spa|1\n|\n|t:|1732968153\n|switch|p2a: Porygon-Z|Porygon-Z, L83|277/277|[from] Parting Shot\n|-ability|p2a: Porygon-Z|Download|boost\n|-boost|p2a: Porygon-Z|atk|1\n|move|p1a: Sceptile|Leech Seed|p2a: Porygon-Z\n|-start|p2a: Porygon-Z|move: Leech Seed\n|\n|-damage|p2a: Porygon-Z|243/277|[from] Leech Seed|[of] p1a: Sceptile\n|upkeep\n|turn|3\n|\n|t:|1732968163\n|move|p1a: Sceptile|Substitute|p1a: Sceptile\n|-start|p1a: Sceptile|Substitute\n|-damage|p1a: Sceptile|198/264\n|move|p2a: Porygon-Z|Ice Beam|p1a: Sceptile\n|-supereffective|p1a: Sceptile\n|-end|p1a: Sceptile|Substitute\n|\n|-heal|p1a: Sceptile|214/264|[from] item: Leftovers\n|-damage|p2a: Porygon-Z|209/277|[from] Leech Seed|[of] p1a: Sceptile\n|-heal|p1a: Sceptile|248/264|[silent]\n|upkeep\n|turn|4\n|\n|t:|1732968172\n|switch|p2a: Scream Tail|Scream Tail, L84|330/330\n|move|p1a: Sceptile|Substitute|p1a: Sceptile\n|-start|p1a: Sceptile|Substitute\n|-damage|p1a: Sceptile|182/264\n|\n|-heal|p1a: Sceptile|198/264|[from] item: Leftovers\n|upkeep\n|turn|5\n|\n|t:|1732968176\n|move|p1a: Sceptile|Leech Seed|p2a: Scream Tail\n|-start|p2a: Scream Tail|move: Leech Seed\n|move|p2a: Scream Tail|Wish|p2a: Scream Tail\n|\n|-heal|p1a: Sceptile|214/264|[from] item: Leftovers\n|-damage|p2a: Scream Tail|289/330|[from] Leech Seed|[of] p1a: Sceptile\n|-heal|p1a: Sceptile|255/264|[silent]\n|upkeep\n|turn|6\n|\n|t:|1732968185\n|-end|p2a: Scream Tail|Protosynthesis|[silent]\n|switch|p2a: Porygon-Z|Porygon-Z, L83|209/277\n|-ability|p2a: Porygon-Z|Download|boost\n|-boost|p2a: Porygon-Z|atk|1\n|move|p1a: Sceptile|Giga Drain|p2a: Porygon-Z\n|-damage|p2a: Porygon-Z|177/277\n|-heal|p1a: Sceptile|264/264|[from] drain|[of] p2a: Porygon-Z\n|\n|-heal|p2a: Porygon-Z|277/277|[from] move: Wish|[wisher] Scream Tail\n|upkeep\n|turn|7\n|\n|t:|1732968191\n|switch|p2a: Scream Tail|Scream Tail, L84|289/330\n|move|p1a: Sceptile|Leech Seed|p2a: Scream Tail\n|-start|p2a: Scream Tail|move: Leech Seed\n|\n|-heal|p2a: Scream Tail|309/330|[from] item: Leftovers\n|-damage|p2a: Scream Tail|268/330|[from] Leech Seed|[of] p1a: Sceptile\n|upkeep\n|turn|8\n|\n|t:|1732968197\n|switch|p1a: Pikachu|Pikachu-Hoenn, L93, M|216/216\n|move|p2a: Scream Tail|Wish|p2a: Scream Tail\n|\n|-heal|p2a: Scream Tail|288/330|[from] item: Leftovers\n|-damage|p2a: Scream Tail|247/330|[from] Leech Seed|[of] p1a: Pikachu\n|-sideend|p2: Kirishima 01|move: Light Screen\n|upkeep\n|turn|9\n|\n|t:|1732968207\n|-end|p2a: Scream Tail|Protosynthesis|[silent]\n|switch|p2a: Mamoswine|Mamoswine, L81, F|311/311\n|move|p1a: Pikachu|Volt Tackle|p2a: Mamoswine\n|-immune|p2a: Mamoswine\n|\n|upkeep\n|turn|10\n|\n|t:|1732968220\n|switch|p1a: Ditto|Ditto, L87|225/225\n|-transform|p1a: Ditto|p2a: Mamoswine|[from] ability: Imposter\n|move|p2a: Mamoswine|Stealth Rock|p1a: Ditto\n|-sidestart|p1: Bismaerck|move: Stealth Rock\n|\n|upkeep\n|turn|11\n|\n|t:|1732968227\n|move|p1a: Ditto|Earthquake|p2a: Mamoswine\n|-damage|p2a: Mamoswine|173/311\n|move|p2a: Mamoswine|Earthquake|p1a: Ditto\n|-damage|p1a: Ditto|56/225\n|-damage|p2a: Mamoswine|142/311|[from] item: Life Orb\n|\n|upkeep\n|turn|12\n|\n|t:|1732968232\n|switch|p2a: Pelipper|Pelipper, L86, F|243/243\n|-weather|RainDance|[from] ability: Drizzle|[of] p2a: Pelipper\n|move|p1a: Ditto|Earthquake|p2a: Pelipper\n|-immune|p2a: Pelipper\n|\n|-weather|RainDance|[upkeep]\n|upkeep\n|turn|13\n|\n|t:|1732968243\n|switch|p1a: Pikachu|Pikachu-Hoenn, L93, M|216/216\n|-damage|p1a: Pikachu|189/216|[from] Stealth Rock\n|move|p2a: Pelipper|U-turn|p1a: Pikachu\n|-damage|p1a: Pikachu|138/216\n|\n|t:|1732968251\n|switch|p2a: Scream Tail|Scream Tail, L84|247/330|[from] U-turn\n|\n|-weather|RainDance|[upkeep]\n|-heal|p2a: Scream Tail|267/330|[from] item: Leftovers\n|upkeep\n|turn|14\n|\n|t:|1732968254\n|move|p2a: Scream Tail|Protect|p2a: Scream Tail\n|-singleturn|p2a: Scream Tail|Protect\n|move|p1a: Pikachu|Volt Tackle|p2a: Scream Tail\n|-activate|p2a: Scream Tail|move: Protect\n|\n|-weather|RainDance|[upkeep]\n|-heal|p2a: Scream Tail|287/330|[from] item: Leftovers\n|upkeep\n|turn|15\n|\n|t:|1732968258\n|move|p2a: Scream Tail|Wish|p2a: Scream Tail\n|move|p1a: Pikachu|Volt Tackle|p2a: Scream Tail\n|-damage|p2a: Scream Tail|110/330\n|-damage|p1a: Pikachu|80/216|[from] Recoil\n|\n|-weather|RainDance|[upkeep]\n|-heal|p2a: Scream Tail|130/330|[from] item: Leftovers\n|upkeep\n|turn|16\n|\n|t:|1732968262\n|move|p2a: Scream Tail|Protect|p2a: Scream Tail\n|-singleturn|p2a: Scream Tail|Protect\n|move|p1a: Pikachu|Knock Off|p2a: Scream Tail\n|-activate|p2a: Scream Tail|move: Protect\n|\n|-weather|none\n|-heal|p2a: Scream Tail|295/330|[from] move: Wish|[wisher] Scream Tail\n|-heal|p2a: Scream Tail|315/330|[from] item: Leftovers\n|upkeep\n|turn|17\n|\n|t:|1732968269\n|move|p2a: Scream Tail|Dazzling Gleam|p1a: Pikachu\n|-damage|p1a: Pikachu|0 fnt\n|faint|p1a: Pikachu\n|\n|-heal|p2a: Scream Tail|330/330|[from] item: Leftovers\n|upkeep\n|\n|t:|1732968281\n|switch|p1a: Donphan|Donphan, L84, F|288/288\n|-damage|p1a: Donphan|270/288|[from] Stealth Rock\n|turn|18\n|\n|t:|1732968295\n|move|p2a: Scream Tail|Dazzling Gleam|p1a: Donphan\n|-damage|p1a: Donphan|183/288\n|move|p1a: Donphan|Rapid Spin|p2a: Scream Tail\n|-damage|p2a: Scream Tail|292/330\n|-boost|p1a: Donphan|spe|1\n|-sideend|p1: Bismaerck|Stealth Rock|[from] move: Rapid Spin|[of] p1a: Donphan\n|\n|-heal|p2a: Scream Tail|312/330|[from] item: Leftovers\n|-heal|p1a: Donphan|201/288|[from] item: Leftovers\n|upkeep\n|turn|19\n|\n|t:|1732968305\n|move|p2a: Scream Tail|Wish|p2a: Scream Tail\n|move|p1a: Donphan|Rapid Spin|p2a: Scream Tail\n|-damage|p2a: Scream Tail|275/330\n|-boost|p1a: Donphan|spe|1\n|\n|-heal|p1a: Donphan|219/288|[from] item: Leftovers\n|-heal|p2a: Scream Tail|295/330|[from] item: Leftovers\n|upkeep\n|turn|20\n|\n|t:|1732968310\n|-end|p2a: Scream Tail|Protosynthesis|[silent]\n|switch|p2a: Pelipper|Pelipper, L86, F|243/243\n|-weather|RainDance|[from] ability: Drizzle|[of] p2a: Pelipper\n|move|p1a: Donphan|Stealth Rock|p2a: Pelipper\n|-sidestart|p2: Kirishima 01|move: Stealth Rock\n|\n|-weather|RainDance|[upkeep]\n|-heal|p1a: Donphan|237/288|[from] item: Leftovers\n|upkeep\n|turn|21\n|\n|t:|1732968316\n|switch|p1a: Sceptile|Sceptile, L87, M|264/264\n|move|p2a: Pelipper|Hurricane|p1a: Sceptile\n|-supereffective|p1a: Sceptile\n|-damage|p1a: Sceptile|24/264\n|\n|-weather|RainDance|[upkeep]\n|-heal|p1a: Sceptile|40/264|[from] item: Leftovers\n|upkeep\n|turn|22\n|\n|t:|1732968323\n|move|p1a: Sceptile|Giga Drain|p2a: Pelipper\n|-damage|p2a: Pelipper|84/243\n|-heal|p1a: Sceptile|120/264|[from] drain|[of] p2a: Pelipper\n|move|p2a: Pelipper|U-turn|p1a: Sceptile\n|-supereffective|p1a: Sceptile\n|-damage|p1a: Sceptile|46/264\n|\n|t:|1732968335\n|switch|p2a: Scream Tail|Scream Tail, L84|295/330|[from] U-turn\n|-damage|p2a: Scream Tail|254/330|[from] Stealth Rock\n|\n|-weather|RainDance|[upkeep]\n|-heal|p1a: Sceptile|62/264|[from] item: Leftovers\n|-heal|p2a: Scream Tail|274/330|[from] item: Leftovers\n|upkeep\n|turn|23\n|\n|t:|1732968339\n|move|p1a: Sceptile|Giga Drain|p2a: Scream Tail\n|-damage|p2a: Scream Tail|157/330\n|-heal|p1a: Sceptile|121/264|[from] drain|[of] p2a: Scream Tail\n|move|p2a: Scream Tail|Thunder Wave|p1a: Sceptile|[miss]\n|-miss|p2a: Scream Tail|p1a: Sceptile\n|\n|-weather|RainDance|[upkeep]\n|-heal|p1a: Sceptile|137/264|[from] item: Leftovers\n|-heal|p2a: Scream Tail|177/330|[from] item: Leftovers\n|upkeep\n|turn|24\n|\n|t:|1732968345\n|move|p1a: Sceptile|Substitute|p1a: Sceptile\n|-start|p1a: Sceptile|Substitute\n|-damage|p1a: Sceptile|71/264\n|move|p2a: Scream Tail|Thunder Wave||[still]\n|-fail|p2a: Scream Tail\n|\n|-weather|none\n|-heal|p1a: Sceptile|87/264|[from] item: Leftovers\n|-heal|p2a: Scream Tail|197/330|[from] item: Leftovers\n|upkeep\n|turn|25\n|\n|t:|1732968353\n|move|p2a: Scream Tail|Protect|p2a: Scream Tail\n|-singleturn|p2a: Scream Tail|Protect\n|move|p1a: Sceptile|Giga Drain|p2a: Scream Tail\n|-activate|p2a: Scream Tail|move: Protect\n|\n|-heal|p1a: Sceptile|103/264|[from] item: Leftovers\n|-heal|p2a: Scream Tail|217/330|[from] item: Leftovers\n|upkeep\n|turn|26\n|\n|t:|1732968357\n|move|p1a: Sceptile|Leech Seed|p2a: Scream Tail\n|-start|p2a: Scream Tail|move: Leech Seed\n|move|p2a: Scream Tail|Wish|p2a: Scream Tail\n|\n|-heal|p1a: Sceptile|119/264|[from] item: Leftovers\n|-heal|p2a: Scream Tail|237/330|[from] item: Leftovers\n|-damage|p2a: Scream Tail|196/330|[from] Leech Seed|[of] p1a: Sceptile\n|-heal|p1a: Sceptile|160/264|[silent]\n|upkeep\n|turn|27\n|\n|t:|1732968366\n|move|p1a: Sceptile|Giga Drain|p2a: Scream Tail\n|-crit|p2a: Scream Tail\n|-damage|p2a: Scream Tail|90/330\n|-heal|p1a: Sceptile|213/264|[from] drain|[of] p2a: Scream Tail\n|move|p2a: Scream Tail|Dazzling Gleam|p1a: Sceptile\n|-activate|p1a: Sceptile|move: Substitute|[damage]\n|\n|-heal|p2a: Scream Tail|255/330|[from] move: Wish|[wisher] Scream Tail\n|-heal|p1a: Sceptile|229/264|[from] item: Leftovers\n|-heal|p2a: Scream Tail|275/330|[from] item: Leftovers\n|-damage|p2a: Scream Tail|234/330|[from] Leech Seed|[of] p1a: Sceptile\n|-heal|p1a: Sceptile|264/264|[silent]\n|upkeep\n|turn|28\n|\n|t:|1732968383\n|move|p1a: Sceptile|Giga Drain|p2a: Scream Tail\n|-damage|p2a: Scream Tail|162/330\n|move|p2a: Scream Tail|Wish|p2a: Scream Tail\n|\n|-heal|p2a: Scream Tail|182/330|[from] item: Leftovers\n|-damage|p2a: Scream Tail|141/330|[from] Leech Seed|[of] p1a: Sceptile\n|upkeep\n|turn|29\n|\n|t:|1732968396\n|switch|p1a: Lycanroc|Lycanroc, L86, M|269/269\n|move|p2a: Scream Tail|Protect||[still]\n|-fail|p2a: Scream Tail\n|\n|-heal|p2a: Scream Tail|306/330|[from] move: Wish|[wisher] Scream Tail\n|-heal|p2a: Scream Tail|326/330|[from] item: Leftovers\n|-damage|p2a: Scream Tail|285/330|[from] Leech Seed|[of] p1a: Lycanroc\n|upkeep\n|turn|30\n|\n|t:|1732968403\n|-end|p2a: Scream Tail|Protosynthesis|[silent]\n|switch|p2a: Mamoswine|Mamoswine, L81, F|142/311\n|-damage|p2a: Mamoswine|104/311|[from] Stealth Rock\n|move|p1a: Lycanroc|Swords Dance|p1a: Lycanroc\n|-boost|p1a: Lycanroc|atk|2\n|\n|upkeep\n|turn|31\n|\n|t:|1732968408\n|move|p2a: Mamoswine|Ice Shard|p1a: Lycanroc\n|-damage|p1a: Lycanroc|183/269\n|-damage|p2a: Mamoswine|73/311|[from] item: Life Orb\n|move|p1a: Lycanroc|Psychic Fangs|p2a: Mamoswine\n|-damage|p2a: Mamoswine|0 fnt\n|faint|p2a: Mamoswine\n|-damage|p1a: Lycanroc|157/269|[from] item: Life Orb\n|\n|upkeep\n|\n|t:|1732968418\n|switch|p2a: Grimmsnarl|Grimmsnarl, L83, M|293/293\n|-damage|p2a: Grimmsnarl|257/293|[from] Stealth Rock\n|turn|32\n|\n|t:|1732968421\n|move|p2a: Grimmsnarl|Reflect|p2a: Grimmsnarl\n|-sidestart|p2: Kirishima 01|Reflect\n|move|p1a: Lycanroc|Stone Edge|p2a: Grimmsnarl\n|-damage|p2a: Grimmsnarl|44/293\n|-damage|p1a: Lycanroc|131/269|[from] item: Life Orb\n|\n|upkeep\n|turn|33\n|\n|t:|1732968426\n|move|p2a: Grimmsnarl|Parting Shot|p1a: Lycanroc\n|-unboost|p1a: Lycanroc|atk|1\n|-unboost|p1a: Lycanroc|spa|1\n|\n|t:|1732968432\n|switch|p2a: Scream Tail|Scream Tail, L84|285/330|[from] Parting Shot\n|-damage|p2a: Scream Tail|244/330|[from] Stealth Rock\n|move|p1a: Lycanroc|Close Combat|p2a: Scream Tail\n|-resisted|p2a: Scream Tail\n|-damage|p2a: Scream Tail|221/330\n|-unboost|p1a: Lycanroc|def|1\n|-unboost|p1a: Lycanroc|spd|1\n|-damage|p1a: Lycanroc|105/269|[from] item: Life Orb\n|\n|-heal|p2a: Scream Tail|241/330|[from] item: Leftovers\n|upkeep\n|turn|34\n|\n|t:|1732968437\n|move|p1a: Lycanroc|Stone Edge|p2a: Scream Tail\n|-damage|p2a: Scream Tail|134/330\n|-damage|p1a: Lycanroc|79/269|[from] item: Life Orb\n|move|p2a: Scream Tail|Thunder Wave|p1a: Lycanroc\n|-status|p1a: Lycanroc|par\n|\n|-heal|p2a: Scream Tail|154/330|[from] item: Leftovers\n|upkeep\n|turn|35\n|\n|t:|1732968444\n|move|p2a: Scream Tail|Wish|p2a: Scream Tail\n|move|p1a: Lycanroc|Stone Edge|p2a: Scream Tail\n|-damage|p2a: Scream Tail|32/330\n|-damage|p1a: Lycanroc|53/269 par|[from] item: Life Orb\n|\n|-heal|p2a: Scream Tail|52/330|[from] item: Leftovers\n|upkeep\n|turn|36\n|\n|t:|1732968451\n|move|p2a: Scream Tail|Dazzling Gleam|p1a: Lycanroc\n|-damage|p1a: Lycanroc|0 fnt\n|faint|p1a: Lycanroc\n|\n|-heal|p2a: Scream Tail|217/330|[from] move: Wish|[wisher] Scream Tail\n|-heal|p2a: Scream Tail|237/330|[from] item: Leftovers\n|upkeep\n|\n|t:|1732968455\n|switch|p1a: Donphan|Donphan, L84, F|237/288\n|turn|37\n|\n|t:|1732968461\n|move|p2a: Scream Tail|Wish|p2a: Scream Tail\n|move|p1a: Donphan|Earthquake|p2a: Scream Tail\n|-damage|p2a: Scream Tail|178/330\n|\n|-heal|p2a: Scream Tail|198/330|[from] item: Leftovers\n|-heal|p1a: Donphan|255/288|[from] item: Leftovers\n|upkeep\n|turn|38\n|\n|t:|1732968466\n|-end|p2a: Scream Tail|Protosynthesis|[silent]\n|switch|p2a: Pelipper|Pelipper, L86, F|84/243\n|-weather|RainDance|[from] ability: Drizzle|[of] p2a: Pelipper\n|move|p1a: Donphan|Earthquake|p2a: Pelipper\n|-immune|p2a: Pelipper\n|\n|-weather|RainDance|[upkeep]\n|-heal|p2a: Pelipper|243/243|[from] move: Wish|[wisher] Scream Tail\n|-heal|p1a: Donphan|273/288|[from] item: Leftovers\n|upkeep\n|turn|39\n|\n|t:|1732968475\n|move|p1a: Donphan|Ice Shard|p2a: Pelipper\n|-damage|p2a: Pelipper|227/243\n|move|p2a: Pelipper|Hurricane|p1a: Donphan\n|-crit|p1a: Donphan\n|-damage|p1a: Donphan|47/288\n|\n|-weather|RainDance|[upkeep]\n|-heal|p1a: Donphan|65/288|[from] item: Leftovers\n|-sideend|p2: Kirishima 01|Reflect\n|upkeep\n|turn|40\n|\n|t:|1732968484\n|move|p1a: Donphan|Ice Shard|p2a: Pelipper\n|-damage|p2a: Pelipper|196/243\n|move|p2a: Pelipper|Hurricane|p1a: Donphan\n|-damage|p1a: Donphan|0 fnt\n|faint|p1a: Donphan\n|\n|-weather|RainDance|[upkeep]\n|upkeep\n|\n|t:|1732968490\n|switch|p1a: Sceptile|Sceptile, L87, M|264/264\n|turn|41\n|\n|t:|1732968496\n|-terastallize|p1a: Sceptile|Steel\n|move|p1a: Sceptile|Leech Seed|p2a: Pelipper\n|-start|p2a: Pelipper|move: Leech Seed\n|move|p2a: Pelipper|Hurricane|p1a: Sceptile\n|-resisted|p1a: Sceptile\n|-damage|p1a: Sceptile|200/264\n|\n|-weather|RainDance|[upkeep]\n|-heal|p1a: Sceptile|216/264|[from] item: Leftovers\n|-damage|p2a: Pelipper|166/243|[from] Leech Seed|[of] p1a: Sceptile\n|-heal|p1a: Sceptile|246/264|[silent]\n|upkeep\n|turn|42\n|\n|t:|1732968507\n|switch|p2a: Grimmsnarl|Grimmsnarl, L83, M|44/293\n|-damage|p2a: Grimmsnarl|8/293|[from] Stealth Rock\n|move|p1a: Sceptile|Giga Drain|p2a: Grimmsnarl\n|-damage|p2a: Grimmsnarl|0 fnt\n|-heal|p1a: Sceptile|250/264|[from] drain|[of] p2a: Grimmsnarl\n|faint|p2a: Grimmsnarl\n|\n|-weather|none\n|-heal|p1a: Sceptile|264/264|[from] item: Leftovers\n|upkeep\n|\n|t:|1732968515\n|switch|p2a: Porygon-Z|Porygon-Z, L83|277/277\n|-damage|p2a: Porygon-Z|243/277|[from] Stealth Rock\n|-ability|p2a: Porygon-Z|Download|boost\n|-boost|p2a: Porygon-Z|atk|1\n|turn|43\n|\n|t:|1732968519\n|move|p1a: Sceptile|Leech Seed|p2a: Porygon-Z\n|-start|p2a: Porygon-Z|move: Leech Seed\n|move|p2a: Porygon-Z|Shadow Ball|p1a: Sceptile\n|-damage|p1a: Sceptile|165/264\n|\n|-heal|p1a: Sceptile|181/264|[from] item: Leftovers\n|-damage|p2a: Porygon-Z|209/277|[from] Leech Seed|[of] p1a: Sceptile\n|-heal|p1a: Sceptile|215/264|[silent]\n|upkeep\n|turn|44\n|\n|t:|1732968528\n|switch|p2a: Scream Tail|Scream Tail, L84|198/330\n|-damage|p2a: Scream Tail|157/330|[from] Stealth Rock\n|move|p1a: Sceptile|Focus Blast|p2a: Scream Tail|[miss]\n|-miss|p1a: Sceptile|p2a: Scream Tail\n|\n|-heal|p1a: Sceptile|231/264|[from] item: Leftovers\n|-heal|p2a: Scream Tail|177/330|[from] item: Leftovers\n|upkeep\n|turn|45\n|\n|t:|1732968534\n|move|p1a: Sceptile|Giga Drain|p2a: Scream Tail\n|-damage|p2a: Scream Tail|105/330\n|-heal|p1a: Sceptile|264/264|[from] drain|[of] p2a: Scream Tail\n|move|p2a: Scream Tail|Wish|p2a: Scream Tail\n|\n|-heal|p2a: Scream Tail|125/330|[from] item: Leftovers\n|upkeep\n|turn|46\n|\n|t:|1732968539\n|move|p1a: Sceptile|Substitute|p1a: Sceptile\n|-start|p1a: Sceptile|Substitute\n|-damage|p1a: Sceptile|198/264\n|move|p2a: Scream Tail|Dazzling Gleam|p1a: Sceptile\n|-resisted|p1a: Sceptile\n|-activate|p1a: Sceptile|move: Substitute|[damage]\n|\n|-heal|p2a: Scream Tail|290/330|[from] move: Wish|[wisher] Scream Tail\n|-heal|p1a: Sceptile|214/264|[from] item: Leftovers\n|-heal|p2a: Scream Tail|310/330|[from] item: Leftovers\n|upkeep\n|turn|47\n|\n|t:|1732968545\n|move|p2a: Scream Tail|Protect|p2a: Scream Tail\n|-singleturn|p2a: Scream Tail|Protect\n|move|p1a: Sceptile|Leech Seed|p2a: Scream Tail\n|-activate|p2a: Scream Tail|move: Protect\n|\n|-heal|p1a: Sceptile|230/264|[from] item: Leftovers\n|-heal|p2a: Scream Tail|330/330|[from] item: Leftovers\n|upkeep\n|turn|48\n|\n|t:|1732968548\n|move|p1a: Sceptile|Leech Seed|p2a: Scream Tail\n|-start|p2a: Scream Tail|move: Leech Seed\n|move|p2a: Scream Tail|Wish|p2a: Scream Tail\n|\n|-heal|p1a: Sceptile|246/264|[from] item: Leftovers\n|-damage|p2a: Scream Tail|289/330|[from] Leech Seed|[of] p1a: Sceptile\n|-heal|p1a: Sceptile|264/264|[silent]\n|upkeep\n|turn|49\n|\n|t:|1732968558\n|-end|p2a: Scream Tail|Protosynthesis|[silent]\n|switch|p2a: Porygon-Z|Porygon-Z, L83|209/277\n|-damage|p2a: Porygon-Z|175/277|[from] Stealth Rock\n|-ability|p2a: Porygon-Z|Download|boost\n|-boost|p2a: Porygon-Z|atk|1\n|move|p1a: Sceptile|Giga Drain|p2a: Porygon-Z\n|-damage|p2a: Porygon-Z|75/277\n|\n|-heal|p2a: Porygon-Z|240/277|[from] move: Wish|[wisher] Scream Tail\n|upkeep\n|turn|50\n|\n|t:|1732968566\n|switch|p2a: Scream Tail|Scream Tail, L84|289/330\n|-damage|p2a: Scream Tail|248/330|[from] Stealth Rock\n|move|p1a: Sceptile|Focus Blast|p2a: Scream Tail|[miss]\n|-miss|p1a: Sceptile|p2a: Scream Tail\n|\n|-heal|p2a: Scream Tail|268/330|[from] item: Leftovers\n|upkeep\n|turn|51\n|\n|t:|1732968571\n|move|p2a: Scream Tail|Protect|p2a: Scream Tail\n|-singleturn|p2a: Scream Tail|Protect\n|move|p1a: Sceptile|Focus Blast|p2a: Scream Tail\n|-activate|p2a: Scream Tail|move: Protect\n|\n|-heal|p2a: Scream Tail|288/330|[from] item: Leftovers\n|upkeep\n|turn|52\n|\n|t:|1732968575\n|move|p1a: Sceptile|Leech Seed|p2a: Scream Tail\n|-start|p2a: Scream Tail|move: Leech Seed\n|move|p2a: Scream Tail|Wish|p2a: Scream Tail\n|\n|-heal|p2a: Scream Tail|308/330|[from] item: Leftovers\n|-damage|p2a: Scream Tail|267/330|[from] Leech Seed|[of] p1a: Sceptile\n|upkeep\n|turn|53\n|\n|t:|1732968583\n|switch|p1a: Dipplin|Dipplin, L88, F|284/284\n|-end|p2a: Scream Tail|Protosynthesis|[silent]\n|switch|p2a: Pelipper|Pelipper, L86, F|166/243\n|-weather|RainDance|[from] ability: Drizzle|[of] p2a: Pelipper\n|\n|-weather|RainDance|[upkeep]\n|-heal|p2a: Pelipper|243/243|[from] move: Wish|[wisher] Scream Tail\n|upkeep\n|turn|54\n|\n|t:|1732968590\n|move|p2a: Pelipper|Hurricane|p1a: Dipplin\n|-supereffective|p1a: Dipplin\n|-damage|p1a: Dipplin|122/284\n|-start|p1a: Dipplin|confusion\n|-activate|p1a: Dipplin|confusion\n|move|p1a: Dipplin|Recover|p1a: Dipplin\n|-heal|p1a: Dipplin|264/284\n|\n|-weather|RainDance|[upkeep]\n|upkeep\n|turn|55\n|\n|t:|1732968599\n|move|p2a: Pelipper|Hurricane|p1a: Dipplin\n|-supereffective|p1a: Dipplin\n|-damage|p1a: Dipplin|96/284\n|-activate|p1a: Dipplin|confusion\n|move|p1a: Dipplin|Dragon Tail|p2a: Pelipper\n|-damage|p2a: Pelipper|189/243\n|drag|p2a: Porygon-Z|Porygon-Z, L83|240/277\n|-damage|p2a: Porygon-Z|206/277|[from] Stealth Rock\n|-ability|p2a: Porygon-Z|Download|boost\n|-boost|p2a: Porygon-Z|spa|1\n|\n|-weather|RainDance|[upkeep]\n|upkeep\n|turn|56\n|\n|t:|1732968609\n|switch|p1a: Sceptile|Sceptile, L87, M, tera:Steel|264/264\n|move|p2a: Porygon-Z|Tri Attack|p1a: Sceptile\n|-resisted|p1a: Sceptile\n|-damage|p1a: Sceptile|141/264\n|\n|-weather|RainDance|[upkeep]\n|-heal|p1a: Sceptile|157/264|[from] item: Leftovers\n|upkeep\n|turn|57\n|\n|t:|1732968617\n|move|p1a: Sceptile|Giga Drain|p2a: Porygon-Z\n|-damage|p2a: Porygon-Z|95/277\n|-heal|p1a: Sceptile|213/264|[from] drain|[of] p2a: Porygon-Z\n|move|p2a: Porygon-Z|Tri Attack|p1a: Sceptile\n|-resisted|p1a: Sceptile\n|-damage|p1a: Sceptile|101/264\n|\n|-weather|none\n|-heal|p1a: Sceptile|117/264|[from] item: Leftovers\n|upkeep\n|turn|58\n|\n|t:|1732968626\n|switch|p2a: Scream Tail|Scream Tail, L84|267/330\n|-damage|p2a: Scream Tail|226/330|[from] Stealth Rock\n|move|p1a: Sceptile|Giga Drain|p2a: Scream Tail\n|-damage|p2a: Scream Tail|154/330\n|-heal|p1a: Sceptile|153/264|[from] drain|[of] p2a: Scream Tail\n|\n|-heal|p1a: Sceptile|169/264|[from] item: Leftovers\n|-heal|p2a: Scream Tail|174/330|[from] item: Leftovers\n|upkeep\n|turn|59\n|\n|t:|1732968629\n|switch|p1a: Dipplin|Dipplin, L88, F|96/284\n|move|p2a: Scream Tail|Protect||[still]\n|-fail|p2a: Scream Tail\n|\n|-heal|p2a: Scream Tail|194/330|[from] item: Leftovers\n|upkeep\n|turn|60\n|\n|t:|1732968635\n|move|p2a: Scream Tail|Dazzling Gleam|p1a: Dipplin\n|-supereffective|p1a: Dipplin\n|-damage|p1a: Dipplin|4/284\n|move|p1a: Dipplin|Recover|p1a: Dipplin\n|-heal|p1a: Dipplin|146/284\n|\n|-heal|p2a: Scream Tail|214/330|[from] item: Leftovers\n|upkeep\n|turn|61\n|\n|t:|1732968640\n|move|p2a: Scream Tail|Thunder Wave|p1a: Dipplin\n|-status|p1a: Dipplin|par\n|move|p1a: Dipplin|Recover|p1a: Dipplin\n|-heal|p1a: Dipplin|284/284 par\n|\n|-heal|p2a: Scream Tail|234/330|[from] item: Leftovers\n|upkeep\n|turn|62\n|\n|t:|1732968644\n|move|p2a: Scream Tail|Wish|p2a: Scream Tail\n|cant|p1a: Dipplin|par\n|\n|-heal|p2a: Scream Tail|254/330|[from] item: Leftovers\n|upkeep\n|turn|63\n|\n|t:|1732968647\n|-end|p2a: Scream Tail|Protosynthesis|[silent]\n|switch|p2a: Porygon-Z|Porygon-Z, L83|95/277\n|-damage|p2a: Porygon-Z|61/277|[from] Stealth Rock\n|-ability|p2a: Porygon-Z|Download|boost\n|-boost|p2a: Porygon-Z|spa|1\n|cant|p1a: Dipplin|par\n|\n|-heal|p2a: Porygon-Z|226/277|[from] move: Wish|[wisher] Scream Tail\n|upkeep\n|turn|64\n|\n|t:|1732968655\n|move|p2a: Porygon-Z|Tri Attack|p1a: Dipplin\n|-damage|p1a: Dipplin|109/284 par\n|move|p1a: Dipplin|Dragon Pulse|p2a: Porygon-Z\n|-damage|p2a: Porygon-Z|118/277\n|\n|upkeep\n|turn|65\n|\n|t:|1732968660\n|move|p2a: Porygon-Z|Tri Attack|p1a: Dipplin\n|-damage|p1a: Dipplin|0 fnt\n|faint|p1a: Dipplin\n|\n|upkeep\n|\n|t:|1732968663\n|switch|p1a: Sceptile|Sceptile, L87, M, tera:Steel|169/264\n|turn|66\n|\n|t:|1732968666\n|move|p1a: Sceptile|Focus Blast|p2a: Porygon-Z\n|-supereffective|p2a: Porygon-Z\n|-damage|p2a: Porygon-Z|0 fnt\n|faint|p2a: Porygon-Z\n|\n|-heal|p1a: Sceptile|185/264|[from] item: Leftovers\n|upkeep\n|\n|t:|1732968668\n|switch|p2a: Scream Tail|Scream Tail, L84|254/330\n|-damage|p2a: Scream Tail|213/330|[from] Stealth Rock\n|turn|67\n|\n|t:|1732968673\n|switch|p1a: Ditto|Ditto, L87|56/225\n|-transform|p1a: Ditto|p2a: Scream Tail|[from] ability: Imposter\n|move|p2a: Scream Tail|Thunder Wave|p1a: Ditto\n|-status|p1a: Ditto|par\n|\n|-heal|p2a: Scream Tail|233/330|[from] item: Leftovers\n|upkeep\n|turn|68\n|\n|t:|1732968680\n|move|p2a: Scream Tail|Protect|p2a: Scream Tail\n|-singleturn|p2a: Scream Tail|Protect\n|move|p1a: Ditto|Dazzling Gleam|p2a: Scream Tail\n|-activate|p2a: Scream Tail|move: Protect\n|\n|-heal|p2a: Scream Tail|253/330|[from] item: Leftovers\n|upkeep\n|turn|69\n|\n|t:|1732968686\n|move|p2a: Scream Tail|Dazzling Gleam|p1a: Ditto\n|-damage|p1a: Ditto|5/225 par\n|move|p1a: Ditto|Dazzling Gleam|p2a: Scream Tail\n|-damage|p2a: Scream Tail|199/330\n|\n|-heal|p2a: Scream Tail|219/330|[from] item: Leftovers\n|upkeep\n|turn|70\n|\n|t:|1732968691\n|move|p2a: Scream Tail|Wish|p2a: Scream Tail\n|move|p1a: Ditto|Dazzling Gleam|p2a: Scream Tail\n|-damage|p2a: Scream Tail|167/330\n|\n|-heal|p2a: Scream Tail|187/330|[from] item: Leftovers\n|upkeep\n|turn|71\n|\n|t:|1732968695\n|move|p2a: Scream Tail|Dazzling Gleam|p1a: Ditto\n|-damage|p1a: Ditto|0 fnt\n|faint|p1a: Ditto\n|-end|p1a: Ditto|Protosynthesis|[silent]\n|\n|-heal|p2a: Scream Tail|330/330|[from] move: Wish|[wisher] Scream Tail\n|upkeep\n|\n|t:|1732968697\n|switch|p1a: Sceptile|Sceptile, L87, M, tera:Steel|185/264\n|turn|72\n|\n|t:|1732968699\n|move|p1a: Sceptile|Leech Seed|p2a: Scream Tail\n|-start|p2a: Scream Tail|move: Leech Seed\n|move|p2a: Scream Tail|Wish|p2a: Scream Tail\n|\n|-heal|p1a: Sceptile|201/264|[from] item: Leftovers\n|-damage|p2a: Scream Tail|289/330|[from] Leech Seed|[of] p1a: Sceptile\n|-heal|p1a: Sceptile|242/264|[silent]\n|upkeep\n|turn|73\n|\n|t:|1732968705\n|-end|p2a: Scream Tail|Protosynthesis|[silent]\n|switch|p2a: Pelipper|Pelipper, L86, F|189/243\n|-weather|RainDance|[from] ability: Drizzle|[of] p2a: Pelipper\n|move|p1a: Sceptile|Substitute|p1a: Sceptile\n|-start|p1a: Sceptile|Substitute\n|-damage|p1a: Sceptile|176/264\n|\n|-weather|RainDance|[upkeep]\n|-heal|p2a: Pelipper|243/243|[from] move: Wish|[wisher] Scream Tail\n|-heal|p1a: Sceptile|192/264|[from] item: Leftovers\n|upkeep\n|turn|74\n|\n|t:|1732968711\n|move|p1a: Sceptile|Giga Drain|p2a: Pelipper\n|-damage|p2a: Pelipper|134/243\n|-heal|p1a: Sceptile|247/264|[from] drain|[of] p2a: Pelipper\n|move|p2a: Pelipper|U-turn|p1a: Sceptile\n|-resisted|p1a: Sceptile\n|-activate|p1a: Sceptile|move: Substitute|[damage]\n|\n|t:|1732968714\n|switch|p2a: Scream Tail|Scream Tail, L84|289/330|[from] U-turn\n|-damage|p2a: Scream Tail|248/330|[from] Stealth Rock\n|\n|-weather|RainDance|[upkeep]\n|-heal|p1a: Sceptile|263/264|[from] item: Leftovers\n|-heal|p2a: Scream Tail|268/330|[from] item: Leftovers\n|upkeep\n|turn|75\n|\n|t:|1732968722\n|move|p2a: Scream Tail|Protect|p2a: Scream Tail\n|-singleturn|p2a: Scream Tail|Protect\n|move|p1a: Sceptile|Leech Seed|p2a: Scream Tail\n|-activate|p2a: Scream Tail|move: Protect\n|\n|-weather|RainDance|[upkeep]\n|-heal|p1a: Sceptile|264/264|[from] item: Leftovers\n|-heal|p2a: Scream Tail|288/330|[from] item: Leftovers\n|upkeep\n|turn|76\n|\n|t:|1732968728\n|-terastallize|p2a: Scream Tail|Poison\n|move|p1a: Sceptile|Leech Seed|p2a: Scream Tail|[miss]\n|-miss|p1a: Sceptile|p2a: Scream Tail\n|move|p2a: Scream Tail|Wish|p2a: Scream Tail\n|\n|-weather|RainDance|[upkeep]\n|-heal|p2a: Scream Tail|308/330|[from] item: Leftovers\n|upkeep\n|turn|77\n|\n|t:|1732968734\n|-end|p2a: Scream Tail|Protosynthesis|[silent]\n|switch|p2a: Pelipper|Pelipper, L86, F|134/243\n|move|p1a: Sceptile|Substitute|p1a: Sceptile\n|-fail|p1a: Sceptile|move: Substitute\n|\n|-weather|none\n|-heal|p2a: Pelipper|243/243|[from] move: Wish|[wisher] Scream Tail\n|upkeep\n|turn|78\n|\n|t:|1732968740\n|move|p1a: Sceptile|Giga Drain|p2a: Pelipper\n|-damage|p2a: Pelipper|149/243\n|move|p2a: Pelipper|U-turn|p1a: Sceptile\n|-resisted|p1a: Sceptile\n|-activate|p1a: Sceptile|move: Substitute|[damage]\n|\n|t:|1732968742\n|switch|p2a: Scream Tail|Scream Tail, L84, tera:Poison|308/330|[from] U-turn\n|-damage|p2a: Scream Tail|267/330|[from] Stealth Rock\n|\n|-heal|p2a: Scream Tail|287/330|[from] item: Leftovers\n|upkeep\n|turn|79\n|\n|t:|1732968749\n|move|p1a: Sceptile|Focus Blast|p2a: Scream Tail\n|-resisted|p2a: Scream Tail\n|-damage|p2a: Scream Tail|249/330\n|move|p2a: Scream Tail|Wish|p2a: Scream Tail\n|\n|-heal|p2a: Scream Tail|269/330|[from] item: Leftovers\n|upkeep\n|turn|80\n|\n|t:|1732968754\n|-end|p2a: Scream Tail|Protosynthesis|[silent]\n|switch|p2a: Pelipper|Pelipper, L86, F|149/243\n|-weather|RainDance|[from] ability: Drizzle|[of] p2a: Pelipper\n|move|p1a: Sceptile|Focus Blast|p2a: Pelipper|[miss]\n|-miss|p1a: Sceptile|p2a: Pelipper\n|\n|-weather|RainDance|[upkeep]\n|-heal|p2a: Pelipper|243/243|[from] move: Wish|[wisher] Scream Tail\n|upkeep\n|turn|81\n|\n|t:|1732968759\n|move|p1a: Sceptile|Focus Blast|p2a: Pelipper\n|-resisted|p2a: Pelipper\n|-damage|p2a: Pelipper|192/243\n|-unboost|p2a: Pelipper|spd|1\n|move|p2a: Pelipper|U-turn|p1a: Sceptile\n|-resisted|p1a: Sceptile\n|-activate|p1a: Sceptile|move: Substitute|[damage]\n|\n|t:|1732968762\n|switch|p2a: Scream Tail|Scream Tail, L84, tera:Poison|269/330|[from] U-turn\n|-damage|p2a: Scream Tail|228/330|[from] Stealth Rock\n|\n|-weather|RainDance|[upkeep]\n|-heal|p2a: Scream Tail|248/330|[from] item: Leftovers\n|upkeep\n|turn|82\n|\n|t:|1732968773\n|-end|p2a: Scream Tail|Protosynthesis|[silent]\n|switch|p2a: Pelipper|Pelipper, L86, F|192/243\n|move|p1a: Sceptile|Leech Seed|p2a: Pelipper\n|-start|p2a: Pelipper|move: Leech Seed\n|\n|-weather|RainDance|[upkeep]\n|-damage|p2a: Pelipper|162/243|[from] Leech Seed|[of] p1a: Sceptile\n|upkeep\n|turn|83\n|\n|t:|1732968778\n|move|p1a: Sceptile|Giga Drain|p2a: Pelipper\n|-damage|p2a: Pelipper|50/243\n|move|p2a: Pelipper|U-turn|p1a: Sceptile\n|-resisted|p1a: Sceptile\n|-end|p1a: Sceptile|Substitute\n|\n|t:|1732968781\n|switch|p2a: Scream Tail|Scream Tail, L84, tera:Poison|248/330|[from] U-turn\n|-damage|p2a: Scream Tail|207/330|[from] Stealth Rock\n|\n|-weather|RainDance|[upkeep]\n|-heal|p2a: Scream Tail|227/330|[from] item: Leftovers\n|upkeep\n|turn|84\n|\n|t:|1732968787\n|move|p2a: Scream Tail|Protect|p2a: Scream Tail\n|-singleturn|p2a: Scream Tail|Protect\n|move|p1a: Sceptile|Substitute|p1a: Sceptile\n|-start|p1a: Sceptile|Substitute\n|-damage|p1a: Sceptile|198/264\n|\n|-weather|none\n|-heal|p1a: Sceptile|214/264|[from] item: Leftovers\n|-heal|p2a: Scream Tail|247/330|[from] item: Leftovers\n|upkeep\n|turn|85\n|\n|t:|1732968796\n|-end|p2a: Scream Tail|Protosynthesis|[silent]\n|switch|p2a: Pelipper|Pelipper, L86, F|50/243\n|-weather|RainDance|[from] ability: Drizzle|[of] p2a: Pelipper\n|move|p1a: Sceptile|Focus Blast|p2a: Pelipper\n|-resisted|p2a: Pelipper\n|-damage|p2a: Pelipper|0 fnt\n|faint|p2a: Pelipper\n|\n|-weather|RainDance|[upkeep]\n|-heal|p1a: Sceptile|230/264|[from] item: Leftovers\n|upkeep\n|\n|t:|1732968803\n|switch|p2a: Scream Tail|Scream Tail, L84, tera:Poison|247/330\n|-damage|p2a: Scream Tail|206/330|[from] Stealth Rock\n|turn|86\n|\n|t:|1732968811\n|move|p1a: Sceptile|Leech Seed|p2a: Scream Tail\n|-start|p2a: Scream Tail|move: Leech Seed\n|move|p2a: Scream Tail|Dazzling Gleam|p1a: Sceptile\n|-resisted|p1a: Sceptile\n|-activate|p1a: Sceptile|move: Substitute|[damage]\n|\n|-weather|RainDance|[upkeep]\n|-heal|p1a: Sceptile|246/264|[from] item: Leftovers\n|-heal|p2a: Scream Tail|226/330|[from] item: Leftovers\n|-damage|p2a: Scream Tail|185/330|[from] Leech Seed|[of] p1a: Sceptile\n|-heal|p1a: Sceptile|264/264|[silent]\n|upkeep\n|turn|87\n|\n|t:|1732968824\n|-end|p2a: Scream Tail|Protosynthesis|[silent]\n|switch|p2a: Ambipom|Ambipom, L84, M|263/263\n|-damage|p2a: Ambipom|231/263|[from] Stealth Rock\n|move|p1a: Sceptile|Substitute|p1a: Sceptile\n|-fail|p1a: Sceptile|move: Substitute\n|\n|-weather|RainDance|[upkeep]\n|upkeep\n|turn|88\n|\n|t:|1732968830\n|move|p1a: Sceptile|Leech Seed|p2a: Ambipom\n|-start|p2a: Ambipom|move: Leech Seed\n|move|p2a: Ambipom|Low Kick|p1a: Sceptile\n|-supereffective|p1a: Sceptile\n|-end|p1a: Sceptile|Substitute\n|\n|-weather|RainDance|[upkeep]\n|-damage|p2a: Ambipom|199/263|[from] Leech Seed|[of] p1a: Sceptile\n|upkeep\n|turn|89\n|\n|t:|1732968837\n|switch|p2a: Scream Tail|Scream Tail, L84, tera:Poison|185/330\n|-damage|p2a: Scream Tail|144/330|[from] Stealth Rock\n|move|p1a: Sceptile|Giga Drain|p2a: Scream Tail\n|-resisted|p2a: Scream Tail\n|-damage|p2a: Scream Tail|107/330\n|\n|-weather|none\n|-heal|p2a: Scream Tail|127/330|[from] item: Leftovers\n|upkeep\n|turn|90\n|\n|t:|1732968848\n|move|p1a: Sceptile|Substitute|p1a: Sceptile\n|-start|p1a: Sceptile|Substitute\n|-damage|p1a: Sceptile|198/264\n|move|p2a: Scream Tail|Thunder Wave|p1a: Sceptile|[miss]\n|-miss|p2a: Scream Tail|p1a: Sceptile\n|\n|-heal|p1a: Sceptile|214/264|[from] item: Leftovers\n|-heal|p2a: Scream Tail|147/330|[from] item: Leftovers\n|upkeep\n|turn|91\n|\n|t:|1732968859\n|move|p1a: Sceptile|Substitute|p1a: Sceptile\n|-fail|p1a: Sceptile|move: Substitute\n|move|p2a: Scream Tail|Dazzling Gleam|p1a: Sceptile\n|-resisted|p1a: Sceptile\n|-activate|p1a: Sceptile|move: Substitute|[damage]\n|\n|-heal|p1a: Sceptile|230/264|[from] item: Leftovers\n|-heal|p2a: Scream Tail|167/330|[from] item: Leftovers\n|upkeep\n|turn|92\n|\n|t:|1732968870\n|move|p1a: Sceptile|Substitute|p1a: Sceptile\n|-fail|p1a: Sceptile|move: Substitute\n|move|p2a: Scream Tail|Thunder Wave||[still]\n|-fail|p2a: Scream Tail\n|\n|-heal|p1a: Sceptile|246/264|[from] item: Leftovers\n|-heal|p2a: Scream Tail|187/330|[from] item: Leftovers\n|upkeep\n|turn|93\n|\n|t:|1732968877\n|move|p1a: Sceptile|Leech Seed|p2a: Scream Tail\n|-start|p2a: Scream Tail|move: Leech Seed\n|move|p2a: Scream Tail|Thunder Wave||[still]\n|-fail|p2a: Scream Tail\n|\n|-heal|p1a: Sceptile|262/264|[from] item: Leftovers\n|-heal|p2a: Scream Tail|207/330|[from] item: Leftovers\n|-damage|p2a: Scream Tail|166/330|[from] Leech Seed|[of] p1a: Sceptile\n|-heal|p1a: Sceptile|264/264|[silent]\n|upkeep\n|turn|94\n|\n|t:|1732968886\n|-end|p2a: Scream Tail|Protosynthesis|[silent]\n|switch|p2a: Ambipom|Ambipom, L84, M|199/263\n|-damage|p2a: Ambipom|167/263|[from] Stealth Rock\n|move|p1a: Sceptile|Substitute|p1a: Sceptile\n|-fail|p1a: Sceptile|move: Substitute\n|\n|upkeep\n|turn|95\n|\n|t:|1732968892\n|move|p1a: Sceptile|Substitute|p1a: Sceptile\n|-fail|p1a: Sceptile|move: Substitute\n|move|p2a: Ambipom|Low Kick|p1a: Sceptile\n|-supereffective|p1a: Sceptile\n|-end|p1a: Sceptile|Substitute\n|\n|upkeep\n|turn|96\n|\n|t:|1732968897\n|move|p1a: Sceptile|Substitute|p1a: Sceptile\n|-start|p1a: Sceptile|Substitute\n|-damage|p1a: Sceptile|198/264\n|move|p2a: Ambipom|Low Kick|p1a: Sceptile\n|-supereffective|p1a: Sceptile\n|-end|p1a: Sceptile|Substitute\n|\n|-heal|p1a: Sceptile|214/264|[from] item: Leftovers\n|upkeep\n|turn|97\n|\n|t:|1732968906\n|move|p1a: Sceptile|Substitute|p1a: Sceptile\n|-start|p1a: Sceptile|Substitute\n|-damage|p1a: Sceptile|148/264\n|move|p2a: Ambipom|Low Kick|p1a: Sceptile\n|-supereffective|p1a: Sceptile\n|-end|p1a: Sceptile|Substitute\n|\n|-heal|p1a: Sceptile|164/264|[from] item: Leftovers\n|upkeep\n|turn|98\n|\n|t:|1732968913\n|switch|p2a: Scream Tail|Scream Tail, L84, tera:Poison|166/330\n|-damage|p2a: Scream Tail|125/330|[from] Stealth Rock\n|move|p1a: Sceptile|Substitute|p1a: Sceptile\n|-start|p1a: Sceptile|Substitute\n|-damage|p1a: Sceptile|98/264\n|\n|-heal|p1a: Sceptile|114/264|[from] item: Leftovers\n|-heal|p2a: Scream Tail|145/330|[from] item: Leftovers\n|upkeep\n|turn|99\n|\n|t:|1732968919\n|move|p2a: Scream Tail|Protect|p2a: Scream Tail\n|-singleturn|p2a: Scream Tail|Protect\n|move|p1a: Sceptile|Giga Drain|p2a: Scream Tail\n|-activate|p2a: Scream Tail|move: Protect\n|\n|-heal|p1a: Sceptile|130/264|[from] item: Leftovers\n|-heal|p2a: Scream Tail|165/330|[from] item: Leftovers\n|upkeep\n|turn|100\n|\n|t:|1732968923\n|-activate|p1a: Sceptile|move: Struggle\n|move|p1a: Sceptile|Struggle|p2a: Scream Tail\n|-damage|p2a: Scream Tail|140/330\n|-damage|p1a: Sceptile|64/264|[from] recoil\n|move|p2a: Scream Tail|Dazzling Gleam|p1a: Sceptile\n|-resisted|p1a: Sceptile\n|-activate|p1a: Sceptile|move: Substitute|[damage]\n|\n|-heal|p1a: Sceptile|80/264|[from] item: Leftovers\n|-heal|p2a: Scream Tail|160/330|[from] item: Leftovers\n|upkeep\n|turn|101\n|\n|t:|1732968929\n|move|p2a: Scream Tail|Protect|p2a: Scream Tail\n|-singleturn|p2a: Scream Tail|Protect\n|-activate|p1a: Sceptile|move: Struggle\n|move|p1a: Sceptile|Struggle|p2a: Scream Tail\n|-activate|p2a: Scream Tail|move: Protect\n|\n|-heal|p1a: Sceptile|96/264|[from] item: Leftovers\n|-heal|p2a: Scream Tail|180/330|[from] item: Leftovers\n|upkeep\n|turn|102\n|\n|t:|1732968936\n|-activate|p1a: Sceptile|move: Struggle\n|move|p1a: Sceptile|Struggle|p2a: Scream Tail\n|-damage|p2a: Scream Tail|154/330\n|-damage|p1a: Sceptile|30/264|[from] recoil\n|move|p2a: Scream Tail|Dazzling Gleam|p1a: Sceptile\n|-resisted|p1a: Sceptile\n|-end|p1a: Sceptile|Substitute\n|\n|-heal|p1a: Sceptile|46/264|[from] item: Leftovers\n|-heal|p2a: Scream Tail|174/330|[from] item: Leftovers\n|upkeep\n|turn|103\n|\n|t:|1732968939\n|-activate|p1a: Sceptile|move: Struggle\n|move|p1a: Sceptile|Struggle|p2a: Scream Tail\n|-damage|p2a: Scream Tail|150/330\n|-damage|p1a: Sceptile|0 fnt|[from] recoil\n|faint|p1a: Sceptile\n|\n|win|Kirishima 01\n|raw|Bismaerck's rating: 1876 &rarr; <strong>1855</strong><br />(-21 for losing)\n|raw|Kirishima 01's rating: 1856 &rarr; <strong>1877</strong><br />(+21 for winning)\n|l|\u2606Bismaerck\n|player|p1|\n", "inputlog": ">version b107d77f5c90bd6555267ae244a6264823309ead\n>start {\"formatid\":\"gen9randombattle\",\"seed\":[49874,58603,27028,12614],\"rated\":\"Rated battle\"}\n>player p1 {\"name\":\"Bismaerck\",\"avatar\":\"roxie\",\"rating\":1876,\"seed\":[27257,15947,64431,52922]}\n>player p2 {\"name\":\"Kirishima 01\",\"avatar\":\"skyla\",\"rating\":1856,\"seed\":[36365,8940,24207,65317]}\n>p1 switch 5\n>p2 move lightscreen\n>p1 move leechseed\n>p2 move partingshot\n>p2 switch 5\n>p1 move substitute\n>p2 move icebeam\n>p1 move substitute\n>p2 switch 6\n>p1 move leechseed\n>p2 move wish\n>p1 move gigadrain\n>p2 switch 6\n>p1 move leechseed\n>p2 switch 6\n>p1 switch 4\n>p2 move wish\n>p1 move volttackle\n>p2 switch 3\n>p1 switch 6\n>p2 move stealthrock\n>p1 move earthquake\n>p2 move earthquake\n>p1 move earthquake\n>p2 switch 2\n>p1 switch 6\n>p2 move uturn\n>p2 switch 3\n>p1 move volttackle\n>p2 move protect\n>p1 move volttackle\n>p2 move wish\n>p1 move knockoff\n>p2 move protect\n>p1 move voltswitch\n>p2 move dazzlinggleam\n>p1 switch 2\n>p1 move rapidspin\n>p2 move dazzlinggleam\n>p1 move rapidspin\n>p2 move wish\n>p1 move stealthrock\n>p2 switch 3\n>p1 switch 4\n>p2 move hurricane\n>p1 move gigadrain\n>p2 move uturn\n>p2 switch 3\n>p1 move gigadrain\n>p2 move thunderwave\n>p1 move substitute\n>p2 move thunderwave\n>p1 move gigadrain\n>p2 move protect\n>p1 move leechseed\n>p2 move wish\n>p1 move gigadrain\n>p2 move dazzlinggleam\n>p1 move gigadrain\n>p2 move wish\n>p1 switch 3\n>p2 move protect\n>p1 move swordsdance\n>p2 switch 2\n>p1 move psychicfangs\n>p2 move iceshard\n>p2 switch 5\n>p1 move stoneedge\n>p2 move reflect\n>p1 move closecombat\n>p2 move partingshot\n>p2 switch 2\n>p1 move stoneedge\n>p2 move thunderwave\n>p1 move stoneedge\n>p2 move wish\n>p1 move swordsdance\n>p2 move dazzlinggleam\n>p1 switch 4\n>p1 move earthquake\n>p2 move wish\n>p1 move earthquake\n>p2 switch 3\n>p1 move iceshard\n>p2 move hurricane\n>p1 move iceshard\n>p2 move hurricane\n>p1 switch 3\n>p1 move leechseed terastallize\n>p2 move hurricane\n>p1 move gigadrain\n>p2 switch 2\n>p2 switch 6\n>p1 move leechseed\n>p2 move shadowball\n>p1 move focusblast\n>p2 switch 3\n>p1 move gigadrain\n>p2 move wish\n>p1 move substitute\n>p2 move dazzlinggleam\n>p1 move leechseed\n>p2 move protect\n>p1 move leechseed\n>p2 move wish\n>p1 move gigadrain\n>p2 switch 3\n>p1 move focusblast\n>p2 switch 3\n>p1 move focusblast\n>p2 move protect\n>p1 move leechseed\n>p2 move wish\n>p1 switch 5\n>p2 switch 2\n>p1 move recover\n>p2 move hurricane\n>p1 move dragontail\n>p2 move hurricane\n>p1 switch 5\n>p2 move triattack\n>p1 move gigadrain\n>p2 move triattack\n>p1 move gigadrain\n>p2 switch 2\n>p1 switch 5\n>p2 move protect\n>p1 move recover\n>p2 move dazzlinggleam\n>p1 move recover\n>p2 move thunderwave\n>p1 move gigadrain\n>p2 move wish\n>p1 move gigadrain\n>p2 switch 2\n>p1 move dragonpulse\n>p2 move triattack\n>p1 move dragonpulse\n>p2 move triattack\n>p1 switch 5\n>p1 move focusblast\n>p2 move triattack\n>p2 switch 2\n>p1 switch 6\n>p2 move thunderwave\n>p1 move dazzlinggleam\n>p2 move protect\n>p1 move dazzlinggleam\n>p2 move dazzlinggleam\n>p1 move dazzlinggleam\n>p2 move wish\n>p1 move dazzlinggleam\n>p2 move dazzlinggleam\n>p1 switch 6\n>p1 move leechseed\n>p2 move wish\n>p1 move substitute\n>p2 switch 3\n>p1 move gigadrain\n>p2 move uturn\n>p2 switch 3\n>p1 move leechseed\n>p2 move protect\n>p1 move leechseed\n>p2 move wish terastallize\n>p1 move substitute\n>p2 switch 3\n>p1 move gigadrain\n>p2 move uturn\n>p2 switch 3\n>p1 move focusblast\n>p2 move wish\n>p1 move focusblast\n>p2 switch 3\n>p1 move focusblast\n>p2 move uturn\n>p2 switch 3\n>p1 move leechseed\n>p2 switch 3\n>p1 move gigadrain\n>p2 move uturn\n>p2 switch 3\n>p1 move substitute\n>p2 move protect\n>p1 move focusblast\n>p2 switch 3\n>p2 switch 3\n>p1 move leechseed\n>p2 move dazzlinggleam\n>p1 move substitute\n>p2 switch 4\n>p1 move leechseed\n>p2 move lowkick\n>p1 move gigadrain\n>p2 switch 4\n>p1 move substitute\n>p2 move thunderwave\n>p1 move substitute\n>p2 move dazzlinggleam\n>p1 move substitute\n>p2 move thunderwave\n>p1 move leechseed\n>p2 move thunderwave\n>p1 move substitute\n>p2 switch 4\n>p1 move substitute\n>p2 move lowkick\n>p1 move substitute\n>p2 move lowkick\n>p1 move substitute\n>p2 move lowkick\n>p1 move substitute\n>p2 switch 4\n>p1 move gigadrain\n>p2 move protect\n>p1 move struggle\n>p2 move dazzlinggleam\n>p1 move struggle\n>p2 move protect\n>p1 move struggle\n>p2 move dazzlinggleam\n>p1 move struggle\n>p2 move dazzlinggleam", "uploadtime": 1732968990, "views": 1, "formatid": "gen9randombattle", "rating": 1855, "private": 0, "password": null}