{"id": "gen9randombattle-2253831396", "format": "[Gen 9] Random Battle", "players": ["SvartrKuldr", "Doctorpunk"], "log": "|j|\u2606SvartrKuldr\n|j|\u2606Doctorpunk\n|t:|1732945173\n|gametype|singles\n|player|p1|SvartrKuldr|lucas|1068\n|player|p2|Doctorpunk|169|1062\n|teamsize|p1|6\n|teamsize|p2|6\n|gen|9\n|tier|[Gen 9] Random Battle\n|rated|\n|rule|Species Clause: Limit one of each Pok\u00e9mon\n|rule|HP Percentage Mod: HP is shown in percentages\n|rule|Sleep Clause Mod: Limit one foe put to sleep\n|rule|Illusion Level Mod: Illusion disguises the Pok\u00e9mon's true level\n|\n|t:|1732945173\n|start\n|switch|p1a: Manaphy|Manaphy, L78|284/284\n|switch|p2a: Hitmonlee|Hitmonlee, L85, M|224/224\n|turn|1\n|inactive|Battle timer is ON: inactive players will automatically lose when time's up. (requested by SvartrKuldr)\n|\n|t:|1732945180\n|switch|p2a: Ambipom|Ambipom, L84, F|263/263\n|move|p1a: Manaphy|Tail Glow|p1a: Manaphy\n|-boost|p1a: Manaphy|spa|3\n|\n|upkeep\n|turn|2\n|\n|t:|1732945184\n|move|p2a: Ambipom|Fake Out|p1a: Manaphy\n|-damage|p1a: Manaphy|209/284\n|cant|p1a: Manaphy|flinch\n|\n|-heal|p1a: Manaphy|226/284|[from] item: Leftovers\n|upkeep\n|turn|3\n|\n|t:|1732945186\n|move|p2a: Ambipom|Double-Edge|p1a: Manaphy\n|-damage|p1a: Manaphy|85/284\n|-damage|p2a: Ambipom|216/263|[from] Recoil\n|move|p1a: Manaphy|Surf|p2a: Ambipom\n|-damage|p2a: Ambipom|0 fnt\n|faint|p2a: Ambipom\n|\n|-heal|p1a: Manaphy|102/284|[from] item: Leftovers\n|upkeep\n|\n|t:|1732945192\n|switch|p2a: Hitmonlee|Hitmonlee, L85, M|224/224\n|turn|4\n|\n|t:|1732945196\n|move|p1a: Manaphy|Surf|p2a: Hitmonlee\n|-damage|p2a: Hitmonlee|46/224\n|move|p2a: Hitmonlee|Close Combat|p1a: Manaphy\n|-damage|p1a: Manaphy|0 fnt\n|-unboost|p2a: Hitmonlee|def|1\n|-unboost|p2a: Hitmonlee|spd|1\n|-enditem|p2a: Hitmonlee|White Herb\n|-clearnegativeboost|p2a: Hitmonlee|[silent]\n|faint|p1a: Manaphy\n|\n|upkeep\n|inactive|SvartrKuldr has 120 seconds left.\n|\n|t:|1732945227\n|switch|p1a: Grumpig|Grumpig, L92, M|297/297\n|turn|5\n|\n|t:|1732945234\n|move|p2a: Hitmonlee|Knock Off|p1a: Grumpig\n|-supereffective|p1a: Grumpig\n|-damage|p1a: Grumpig|93/297\n|-enditem|p1a: Grumpig|Choice Scarf|[from] move: Knock Off|[of] p2a: Hitmonlee\n|move|p1a: Grumpig|Psyshock|p2a: Hitmonlee\n|-supereffective|p2a: Hitmonlee\n|-damage|p2a: Hitmonlee|0 fnt\n|faint|p2a: Hitmonlee\n|\n|upkeep\n|\n|t:|1732945242\n|switch|p2a: Wugtrio|Wugtrio, L91, F|212/212\n|turn|6\n|\n|t:|1732945246\n|move|p2a: Wugtrio|Throat Chop|p1a: Grumpig\n|-supereffective|p1a: Grumpig\n|-crit|p1a: Grumpig\n|-damage|p1a: Grumpig|0 fnt\n|faint|p1a: Grumpig\n|\n|upkeep\n|\n|t:|1732945248\n|switch|p1a: Trevenant|Trevenant, L88, M|293/293\n|turn|7\n|\n|t:|1732945252\n|switch|p2a: Swanna|Swanna, L88, F|275/275\n|move|p1a: Trevenant|Toxic|p2a: Swanna\n|-status|p2a: Swanna|tox\n|\n|-damage|p2a: Swanna|258/275 tox|[from] psn\n|upkeep\n|turn|8\n|\n|t:|1732945257\n|move|p1a: Trevenant|Protect|p1a: Trevenant\n|-singleturn|p1a: Trevenant|Protect\n|move|p2a: Swanna|Brave Bird|p1a: Trevenant\n|-activate|p1a: Trevenant|move: Protect\n|\n|-damage|p2a: Swanna|224/275 tox|[from] psn\n|upkeep\n|turn|9\n|\n|t:|1732945269\n|switch|p1a: Electivire|Electivire, L84, F|263/263\n|move|p2a: Swanna|Brave Bird|p1a: Electivire\n|-resisted|p1a: Electivire\n|-damage|p1a: Electivire|180/263\n|-damage|p2a: Swanna|197/275 tox|[from] Recoil\n|\n|-damage|p2a: Swanna|146/275 tox|[from] psn\n|upkeep\n|turn|10\n|\n|t:|1732945274\n|switch|p2a: Shaymin|Shaymin-Sky, L73|266/266\n|move|p1a: Electivire|Supercell Slam|p2a: Shaymin\n|-damage|p2a: Shaymin|62/266\n|-damage|p1a: Electivire|154/263|[from] item: Life Orb\n|\n|upkeep\n|turn|11\n|\n|t:|1732945281\n|move|p2a: Shaymin|Earth Power|p1a: Electivire\n|-supereffective|p1a: Electivire\n|-damage|p1a: Electivire|32/263\n|move|p1a: Electivire|Bulk Up|p1a: Electivire\n|-boost|p1a: Electivire|atk|1\n|-boost|p1a: Electivire|def|1\n|\n|upkeep\n|turn|12\n|\n|t:|1732945285\n|move|p2a: Shaymin|Earth Power|p1a: Electivire\n|-supereffective|p1a: Electivire\n|-damage|p1a: Electivire|0 fnt\n|faint|p1a: Electivire\n|\n|upkeep\n|\n|t:|1732945288\n|switch|p1a: Ludicolo|Ludicolo, L90, F|290/290\n|turn|13\n|\n|t:|1732945292\n|move|p2a: Shaymin|Synthesis|p2a: Shaymin\n|-heal|p2a: Shaymin|195/266\n|move|p1a: Ludicolo|Ice Beam|p2a: Shaymin\n|-supereffective|p2a: Shaymin\n|-damage|p2a: Shaymin|0 fnt\n|faint|p2a: Shaymin\n|\n|upkeep\n|\n|t:|1732945297\n|switch|p2a: Glalie|Glalie, L96, M|309/309\n|turn|14\n|\n|t:|1732945302\n|switch|p1a: Trevenant|Trevenant, L88, M|293/293\n|move|p2a: Glalie|Freeze-Dry|p1a: Trevenant\n|-supereffective|p1a: Trevenant\n|-damage|p1a: Trevenant|123/293\n|-enditem|p1a: Trevenant|Sitrus Berry|[eat]\n|-heal|p1a: Trevenant|196/293|[from] item: Sitrus Berry\n|\n|-item|p1a: Trevenant|Sitrus Berry|[from] ability: Harvest\n|upkeep\n|turn|15\n|\n|t:|1732945310\n|switch|p2a: Swanna|Swanna, L88, F|146/275 tox\n|move|p1a: Trevenant|Drain Punch|p2a: Swanna\n|-resisted|p2a: Swanna\n|-damage|p2a: Swanna|107/275 tox\n|-heal|p1a: Trevenant|216/293|[from] drain|[of] p2a: Swanna\n|\n|-damage|p2a: Swanna|90/275 tox|[from] psn\n|upkeep\n|turn|16\n|\n|t:|1732945315\n|move|p1a: Trevenant|Protect|p1a: Trevenant\n|-singleturn|p1a: Trevenant|Protect\n|move|p2a: Swanna|Roost|p2a: Swanna\n|-heal|p2a: Swanna|228/275 tox\n|-singleturn|p2a: Swanna|move: Roost\n|\n|-damage|p2a: Swanna|194/275 tox|[from] psn\n|upkeep\n|turn|17\n|\n|t:|1732945320\n|-terastallize|p1a: Trevenant|Dark\n|move|p2a: Swanna|Brave Bird|p1a: Trevenant\n|-damage|p1a: Trevenant|84/293\n|-enditem|p1a: Trevenant|Sitrus Berry|[eat]\n|-heal|p1a: Trevenant|157/293|[from] item: Sitrus Berry\n|-damage|p2a: Swanna|150/275 tox|[from] Recoil\n|move|p1a: Trevenant|Poltergeist|p2a: Swanna\n|-activate|p2a: Swanna|move: Poltergeist|Heavy-Duty Boots\n|-damage|p2a: Swanna|0 fnt\n|faint|p2a: Swanna\n|\n|-item|p1a: Trevenant|Sitrus Berry|[from] ability: Harvest\n|upkeep\n|\n|t:|1732945340\n|switch|p2a: Glalie|Glalie, L96, M|309/309\n|turn|18\n|\n|t:|1732945345\n|move|p2a: Glalie|Earthquake|p1a: Trevenant\n|-damage|p1a: Trevenant|79/293\n|-enditem|p1a: Trevenant|Sitrus Berry|[eat]\n|-heal|p1a: Trevenant|152/293|[from] item: Sitrus Berry\n|move|p1a: Trevenant|Toxic|p2a: Glalie\n|-status|p2a: Glalie|tox\n|\n|-damage|p2a: Glalie|290/309 tox|[from] psn\n|-item|p1a: Trevenant|Sitrus Berry|[from] ability: Harvest\n|upkeep\n|turn|19\n|\n|t:|1732945349\n|move|p2a: Glalie|Earthquake|p1a: Trevenant\n|-damage|p1a: Trevenant|66/293\n|-enditem|p1a: Trevenant|Sitrus Berry|[eat]\n|-heal|p1a: Trevenant|139/293|[from] item: Sitrus Berry\n|move|p1a: Trevenant|Drain Punch|p2a: Glalie\n|-supereffective|p2a: Glalie\n|-damage|p2a: Glalie|164/309 tox\n|-heal|p1a: Trevenant|202/293|[from] drain|[of] p2a: Glalie\n|\n|-damage|p2a: Glalie|126/309 tox|[from] psn\n|-item|p1a: Trevenant|Sitrus Berry|[from] ability: Harvest\n|upkeep\n|turn|20\n|\n|t:|1732945351\n|move|p1a: Trevenant|Protect|p1a: Trevenant\n|-singleturn|p1a: Trevenant|Protect\n|move|p2a: Glalie|Freeze-Dry|p1a: Trevenant\n|-activate|p1a: Trevenant|move: Protect\n|\n|-damage|p2a: Glalie|69/309 tox|[from] psn\n|upkeep\n|turn|21\n|-message|Doctorpunk forfeited.\n|\n|win|SvartrKuldr\n|raw|SvartrKuldr's rating: 1068 &rarr; <strong>1097</strong><br />(+29 for winning)\n|raw|Doctorpunk's rating: 1062 &rarr; <strong>1043</strong><br />(-19 for losing)\n|l|\u2606Doctorpunk\n|player|p2|\n", "inputlog": ">version b107d77f5c90bd6555267ae244a6264823309ead\n>start {\"formatid\":\"gen9randombattle\",\"seed\":[54842,1081,49459,52721],\"rated\":\"Rated battle\"}\n>player p1 {\"name\":\"SvartrKuldr\",\"avatar\":\"lucas\",\"rating\":1068,\"seed\":[47578,7686,21559,57141]}\n>player p2 {\"name\":\"Doctorpunk\",\"avatar\":\"169\",\"rating\":1062,\"seed\":[47866,54722,16636,61727]}\n>p1 move tailglow\n>p2 switch 2\n>p1 move surf\n>p2 move fakeout\n>p1 move surf\n>p2 move doubleedge\n>p2 switch 2\n>p1 move surf\n>p2 move closecombat\n>p1 switch 5\n>p1 move psyshock\n>p2 move knockoff\n>p2 switch 5\n>p1 move trick\n>p2 move throatchop\n>p1 switch 3\n>p1 move toxic\n>p2 switch 3\n>p1 move protect\n>p2 move bravebird\n>p1 switch 4\n>p2 move bravebird\n>p1 move supercellslam\n>p2 switch 6\n>p1 move bulkup\n>p2 move earthpower\n>p1 move supercellslam\n>p2 move earthpower\n>p1 switch 2\n>p1 move icebeam\n>p2 move synthesis\n>p2 switch 4\n>p1 switch 4\n>p2 move freezedry\n>p1 move drainpunch\n>p2 switch 6\n>p1 move protect\n>p2 move roost\n>p1 move poltergeist terastallize\n>p2 move bravebird\n>p2 switch 6\n>p1 move toxic\n>p2 move earthquake\n>p1 move drainpunch\n>p2 move earthquake\n>p1 move protect\n>p2 move freezedry\n>forcelose p2", "uploadtime": 1732945355, "views": 12, "formatid": "gen9randombattle", "rating": 1043, "private": 0, "password": null}