{"id": "gen9randombattle-2254127547", "format": "[Gen 9] Random Battle", "players": ["rayquebae", "DracoflareX"], "log": "|j|\u2606rayquebae\n|j|\u2606DracoflareX\n|t:|1732994597\n|gametype|singles\n|player|p1|rayquebae|gambler|1660\n|player|p2|DracoflareX|lucas|1670\n|teamsize|p1|6\n|teamsize|p2|6\n|gen|9\n|tier|[Gen 9] Random Battle\n|rated|\n|rule|Species Clause: Limit one of each Pok\u00e9mon\n|rule|HP Percentage Mod: HP is shown in percentages\n|rule|Sleep Clause Mod: Limit one foe put to sleep\n|rule|Illusion Level Mod: Illusion disguises the Pok\u00e9mon's true level\n|\n|t:|1732994597\n|start\n|switch|p1a: Squawkabilly|Squawkabilly-White, L89, F|291/291\n|switch|p2a: Jolteon|Jolteon, L84, F|246/246\n|turn|1\n|inactive|Battle timer is ON: inactive players will automatically lose when time's up. (requested by DracoflareX)\n|\n|t:|1732994617\n|switch|p1a: Amoonguss|Amoonguss, L82, F|321/321\n|move|p2a: Jolteon|Thunderbolt|p1a: Amoonguss\n|-resisted|p1a: Amoonguss\n|-damage|p1a: Amoonguss|242/321\n|-damage|p2a: Jolteon|222/246|[from] item: Life Orb\n|\n|-heal|p1a: Amoonguss|262/321|[from] item: Leftovers\n|upkeep\n|turn|2\n|\n|t:|1732994639\n|switch|p2a: Ribombee|Ribombee, L82, M|233/233\n|move|p1a: Amoonguss|Stomping Tantrum|p2a: Ribombee\n|-resisted|p2a: Ribombee\n|-damage|p2a: Ribombee|205/233\n|\n|-heal|p1a: Amoonguss|282/321|[from] item: Leftovers\n|upkeep\n|turn|3\n|\n|t:|1732994651\n|move|p2a: Ribombee|U-turn|p1a: Amoonguss\n|-damage|p1a: Amoonguss|222/321\n|\n|t:|1732994660\n|switch|p2a: Magmortar|Magmortar, L88, M|275/275|[from] U-turn\n|move|p1a: Amoonguss|Spore|p2a: Magmortar\n|-status|p2a: Magmortar|slp|[from] move: Spore\n|\n|-heal|p1a: Amoonguss|242/321|[from] item: Leftovers\n|upkeep\n|turn|4\n|\n|t:|1732994673\n|cant|p2a: Magmortar|slp\n|move|p1a: Amoonguss|Stomping Tantrum|p2a: Magmortar\n|-supereffective|p2a: Magmortar\n|-damage|p2a: Magmortar|161/275 slp\n|\n|-heal|p1a: Amoonguss|262/321|[from] item: Leftovers\n|upkeep\n|turn|5\n|\n|t:|1732994702\n|cant|p2a: Magmortar|slp\n|move|p1a: Amoonguss|Stomping Tantrum|p2a: Magmortar\n|-supereffective|p2a: Magmortar\n|-damage|p2a: Magmortar|61/275 slp\n|\n|-heal|p1a: Amoonguss|282/321|[from] item: Leftovers\n|upkeep\n|turn|6\n|\n|t:|1732994712\n|-curestatus|p2a: Magmortar|slp|[msg]\n|move|p2a: Magmortar|Fire Blast|p1a: Amoonguss\n|-supereffective|p1a: Amoonguss\n|-damage|p1a: Amoonguss|0 fnt\n|faint|p1a: Amoonguss\n|\n|upkeep\n|inactive|rayquebae has 120 seconds left.\n|\n|t:|1732994727\n|switch|p1a: Squawkabilly|Squawkabilly-White, L89, F|291/291\n|turn|7\n|\n|t:|1732994755\n|move|p1a: Squawkabilly|Double-Edge|p2a: Magmortar|[miss]\n|-miss|p1a: Squawkabilly|p2a: Magmortar\n|move|p2a: Magmortar|Thunderbolt|p1a: Squawkabilly\n|-supereffective|p1a: Squawkabilly\n|-damage|p1a: Squawkabilly|65/291\n|-status|p1a: Squawkabilly|par\n|\n|upkeep\n|turn|8\n|\n|t:|1732994764\n|move|p2a: Magmortar|Thunderbolt|p1a: Squawkabilly\n|-supereffective|p1a: Squawkabilly\n|-damage|p1a: Squawkabilly|0 fnt\n|faint|p1a: Squawkabilly\n|\n|upkeep\n|\n|t:|1732994770\n|switch|p1a: Seviper|Seviper, L93, M|287/287\n|turn|9\n|\n|t:|1732994777\n|move|p1a: Seviper|Earthquake|p2a: Magmortar\n|-supereffective|p2a: Magmortar\n|-damage|p2a: Magmortar|0 fnt\n|faint|p2a: Magmortar\n|\n|upkeep\n|\n|t:|1732994784\n|switch|p2a: Ursaluna|Ursaluna-Bloodmoon, L79, M|308/308\n|turn|10\n|\n|t:|1732994794\n|switch|p1a: Conkeldurr|Conkeldurr, L80, F|299/299\n|move|p2a: Ursaluna|Calm Mind|p2a: Ursaluna\n|-boost|p2a: Ursaluna|spa|1\n|-boost|p2a: Ursaluna|spd|1\n|\n|-status|p1a: Conkeldurr|brn|[from] item: Flame Orb\n|upkeep\n|turn|11\n|\n|t:|1732994809\n|-terastallize|p2a: Ursaluna|Normal\n|move|p2a: Ursaluna|Blood Moon|p1a: Conkeldurr\n|-damage|p1a: Conkeldurr|0 fnt\n|faint|p1a: Conkeldurr\n|\n|upkeep\n|\n|t:|1732994818\n|switch|p1a: Ceruledge|Ceruledge, L78, F|245/245\n|turn|12\n|\n|t:|1732994821\n|move|p1a: Ceruledge|Swords Dance|p1a: Ceruledge\n|-boost|p1a: Ceruledge|atk|2\n|move|p2a: Ursaluna|Earth Power|p1a: Ceruledge\n|-supereffective|p1a: Ceruledge\n|-damage|p1a: Ceruledge|0 fnt\n|faint|p1a: Ceruledge\n|\n|upkeep\n|\n|t:|1732994827\n|switch|p1a: Seviper|Seviper, L93, M|287/287\n|turn|13\n|\n|t:|1732994832\n|move|p1a: Seviper|Switcheroo|p2a: Ursaluna\n|-activate|p1a: Seviper|move: Trick|[of] p2a: Ursaluna\n|-item|p2a: Ursaluna|Choice Scarf|[from] move: Switcheroo\n|-item|p1a: Seviper|Leftovers|[from] move: Switcheroo\n|move|p2a: Ursaluna|Blood Moon|p1a: Seviper\n|-damage|p1a: Seviper|0 fnt\n|faint|p1a: Seviper\n|\n|upkeep\n|\n|t:|1732994839\n|switch|p1a: Tropius|Tropius, L91, F|328/328\n|turn|14\n|\n|t:|1732994844\n|-activate|p2a: Ursaluna|move: Struggle\n|move|p2a: Ursaluna|Struggle|p1a: Tropius\n|-damage|p1a: Tropius|309/328\n|-damage|p2a: Ursaluna|231/308|[from] recoil\n|move|p1a: Tropius|Substitute|p1a: Tropius\n|-start|p1a: Tropius|Substitute\n|-damage|p1a: Tropius|227/328\n|\n|upkeep\n|turn|15\n|\n|t:|1732994861\n|switch|p2a: Ribombee|Ribombee, L82, M|205/233\n|move|p1a: Tropius|Leech Seed|p2a: Ribombee\n|-start|p2a: Ribombee|move: Leech Seed\n|\n|-damage|p2a: Ribombee|176/233|[from] Leech Seed|[of] p1a: Tropius\n|-heal|p1a: Tropius|256/328|[silent]\n|upkeep\n|turn|16\n|\n|t:|1732994871\n|move|p2a: Ribombee|U-turn|p1a: Tropius\n|-crit|p1a: Tropius\n|-activate|p1a: Tropius|move: Substitute|[damage]\n|\n|t:|1732994878\n|switch|p2a: Phione|Phione, L91|293/293|[from] U-turn\n|move|p1a: Tropius|Air Slash|p2a: Phione\n|-damage|p2a: Phione|218/293\n|\n|-heal|p2a: Phione|236/293|[from] item: Leftovers\n|upkeep\n|turn|17\n|\n|t:|1732994888\n|move|p2a: Phione|Ice Beam|p1a: Tropius\n|-supereffective|p1a: Tropius\n|-end|p1a: Tropius|Substitute\n|move|p1a: Tropius|Leech Seed|p2a: Phione\n|-start|p2a: Phione|move: Leech Seed\n|\n|-heal|p2a: Phione|254/293|[from] item: Leftovers\n|-damage|p2a: Phione|218/293|[from] Leech Seed|[of] p1a: Tropius\n|-heal|p1a: Tropius|292/328|[silent]\n|upkeep\n|turn|18\n|\n|t:|1732994899\n|-terastallize|p1a: Tropius|Steel\n|move|p2a: Phione|Ice Beam|p1a: Tropius\n|-resisted|p1a: Tropius\n|-damage|p1a: Tropius|263/328\n|move|p1a: Tropius|Substitute|p1a: Tropius\n|-start|p1a: Tropius|Substitute\n|-damage|p1a: Tropius|181/328\n|\n|-heal|p2a: Phione|236/293|[from] item: Leftovers\n|-damage|p2a: Phione|200/293|[from] Leech Seed|[of] p1a: Tropius\n|-heal|p1a: Tropius|217/328|[silent]\n|upkeep\n|turn|19\n|inactive|DracoflareX has 120 seconds left.\n|\n|t:|1732994942\n|switch|p2a: Golduck|Golduck, L90, M|290/290\n|-ability|p2a: Golduck|Cloud Nine\n|move|p1a: Tropius|Air Slash|p2a: Golduck\n|-damage|p2a: Golduck|214/290\n|\n|upkeep\n|turn|20\n|\n|t:|1732994952\n|move|p2a: Golduck|Hydro Pump|p1a: Tropius\n|-end|p1a: Tropius|Substitute\n|-damage|p2a: Golduck|185/290|[from] item: Life Orb\n|move|p1a: Tropius|Leech Seed|p2a: Golduck\n|-start|p2a: Golduck|move: Leech Seed\n|\n|-damage|p2a: Golduck|149/290|[from] Leech Seed|[of] p1a: Tropius\n|-heal|p1a: Tropius|253/328|[silent]\n|upkeep\n|turn|21\n|inactive|DracoflareX has 120 seconds left.\n|l|\u2606DracoflareX\n|inactive|DracoflareX disconnected and has a minute to reconnect!\n|player|p2|\n|j|\u2606DracoflareX\n|inactive|DracoflareX reconnected and has 110 seconds left.\n|player|p2|DracoflareX|lucas|\n|l|\u2606DracoflareX\n|inactive|DracoflareX disconnected and has a minute to reconnect!\n|player|p2|\n|j|\u2606DracoflareX\n|inactive|DracoflareX reconnected and has 95 seconds left.\n|player|p2|DracoflareX|lucas|\n|\n|t:|1732994987\n|switch|p2a: Jolteon|Jolteon, L84, F|222/246\n|move|p1a: Tropius|Protect||[still]\n|-fail|p1a: Tropius\n|\n|upkeep\n|turn|22\n|inactive|rayquebae has 120 seconds left.\n|\n|t:|1732995022\n|move|p2a: Jolteon|Calm Mind|p2a: Jolteon\n|-boost|p2a: Jolteon|spa|1\n|-boost|p2a: Jolteon|spd|1\n|move|p1a: Tropius|Substitute|p1a: Tropius\n|-start|p1a: Tropius|Substitute\n|-damage|p1a: Tropius|171/328\n|\n|upkeep\n|turn|23\n|\n|t:|1732995031\n|move|p2a: Jolteon|Thunderbolt|p1a: Tropius\n|-end|p1a: Tropius|Substitute\n|-damage|p2a: Jolteon|198/246|[from] item: Life Orb\n|move|p1a: Tropius|Leech Seed|p2a: Jolteon\n|-start|p2a: Jolteon|move: Leech Seed\n|\n|-damage|p2a: Jolteon|168/246|[from] Leech Seed|[of] p1a: Tropius\n|-heal|p1a: Tropius|201/328|[silent]\n|upkeep\n|turn|24\n|\n|t:|1732995043\n|move|p2a: Jolteon|Thunderbolt|p1a: Tropius\n|-damage|p1a: Tropius|2/328\n|-enditem|p1a: Tropius|Sitrus Berry|[eat]\n|-heal|p1a: Tropius|84/328|[from] item: Sitrus Berry\n|-damage|p2a: Jolteon|144/246|[from] item: Life Orb\n|move|p1a: Tropius|Substitute|p1a: Tropius\n|-start|p1a: Tropius|Substitute\n|-damage|p1a: Tropius|2/328\n|\n|-damage|p2a: Jolteon|114/246|[from] Leech Seed|[of] p1a: Tropius\n|-heal|p1a: Tropius|32/328|[silent]\n|-item|p1a: Tropius|Sitrus Berry|[from] ability: Harvest\n|upkeep\n|-enditem|p1a: Tropius|Sitrus Berry|[eat]\n|-heal|p1a: Tropius|114/328|[from] item: Sitrus Berry\n|turn|25\n|\n|t:|1732995058\n|move|p2a: Jolteon|Thunderbolt|p1a: Tropius\n|-end|p1a: Tropius|Substitute\n|-damage|p2a: Jolteon|90/246|[from] item: Life Orb\n|move|p1a: Tropius|Air Slash|p2a: Jolteon\n|-resisted|p2a: Jolteon\n|-damage|p2a: Jolteon|68/246\n|\n|-damage|p2a: Jolteon|38/246|[from] Leech Seed|[of] p1a: Tropius\n|-heal|p1a: Tropius|144/328|[silent]\n|upkeep\n|turn|26\n|\n|t:|1732995068\n|move|p2a: Jolteon|Calm Mind|p2a: Jolteon\n|-boost|p2a: Jolteon|spa|1\n|-boost|p2a: Jolteon|spd|1\n|move|p1a: Tropius|Substitute|p1a: Tropius\n|-start|p1a: Tropius|Substitute\n|-damage|p1a: Tropius|62/328\n|\n|-damage|p2a: Jolteon|8/246|[from] Leech Seed|[of] p1a: Tropius\n|-heal|p1a: Tropius|92/328|[silent]\n|upkeep\n|turn|27\n|c|\u2606rayquebae|finally won one of the protect mind games lol\n|\n|t:|1732995080\n|move|p1a: Tropius|Protect|p1a: Tropius\n|-singleturn|p1a: Tropius|Protect\n|move|p2a: Jolteon|Alluring Voice|p1a: Tropius\n|-activate|p1a: Tropius|move: Protect\n|\n|-damage|p2a: Jolteon|0 fnt|[from] Leech Seed|[of] p1a: Tropius\n|-heal|p1a: Tropius|100/328|[silent]\n|faint|p2a: Jolteon\n|-item|p1a: Tropius|Sitrus Berry|[from] ability: Harvest\n|upkeep\n|-enditem|p1a: Tropius|Sitrus Berry|[eat]\n|-heal|p1a: Tropius|182/328|[from] item: Sitrus Berry\n|\n|t:|1732995093\n|switch|p2a: Ursaluna|Ursaluna-Bloodmoon, L79, M, tera:Normal|231/308\n|turn|28\n|\n|t:|1732995098\n|move|p2a: Ursaluna|Earth Power|p1a: Tropius\n|-supereffective|p1a: Tropius\n|-end|p1a: Tropius|Substitute\n|move|p1a: Tropius|Leech Seed|p2a: Ursaluna\n|-start|p2a: Ursaluna|move: Leech Seed\n|\n|-damage|p2a: Ursaluna|193/308|[from] Leech Seed|[of] p1a: Tropius\n|-heal|p1a: Tropius|220/328|[silent]\n|upkeep\n|turn|29\n|\n|t:|1732995107\n|move|p1a: Tropius|Protect|p1a: Tropius\n|-singleturn|p1a: Tropius|Protect\n|move|p2a: Ursaluna|Earth Power|p1a: Tropius\n|-activate|p1a: Tropius|move: Protect\n|\n|-damage|p2a: Ursaluna|155/308|[from] Leech Seed|[of] p1a: Tropius\n|-heal|p1a: Tropius|258/328|[silent]\n|-item|p1a: Tropius|Sitrus Berry|[from] ability: Harvest\n|upkeep\n|turn|30\n|\n|t:|1732995117\n|move|p2a: Ursaluna|Earth Power|p1a: Tropius\n|-supereffective|p1a: Tropius\n|-damage|p1a: Tropius|58/328\n|-unboost|p1a: Tropius|spd|1\n|-enditem|p1a: Tropius|Sitrus Berry|[eat]\n|-heal|p1a: Tropius|140/328|[from] item: Sitrus Berry\n|move|p1a: Tropius|Air Slash|p2a: Ursaluna\n|-damage|p2a: Ursaluna|58/308\n|\n|-damage|p2a: Ursaluna|20/308|[from] Leech Seed|[of] p1a: Tropius\n|-heal|p1a: Tropius|178/328|[silent]\n|upkeep\n|turn|31\n|inactive|DracoflareX has 120 seconds left.\n|\n|t:|1732995130\n|switch|p2a: Golduck|Golduck, L90, M|149/290\n|-ability|p2a: Golduck|Cloud Nine\n|move|p1a: Tropius|Protect||[still]\n|-fail|p1a: Tropius\n|\n|upkeep\n|turn|32\n|inactive|DracoflareX has 120 seconds left.\n|\n|t:|1732995142\n|move|p1a: Tropius|Protect|p1a: Tropius\n|-singleturn|p1a: Tropius|Protect\n|move|p2a: Golduck|Hydro Pump|p1a: Tropius\n|-activate|p1a: Tropius|move: Protect\n|\n|-item|p1a: Tropius|Sitrus Berry|[from] ability: Harvest\n|upkeep\n|turn|33\n|inactive|DracoflareX has 120 seconds left.\n|\n|t:|1732995150\n|move|p2a: Golduck|Hydro Pump|p1a: Tropius|[miss]\n|-miss|p2a: Golduck|p1a: Tropius\n|move|p1a: Tropius|Leech Seed|p2a: Golduck\n|-start|p2a: Golduck|move: Leech Seed\n|\n|-damage|p2a: Golduck|113/290|[from] Leech Seed|[of] p1a: Tropius\n|-heal|p1a: Tropius|214/328|[silent]\n|upkeep\n|turn|34\n|\n|t:|1732995159\n|move|p2a: Golduck|Hydro Pump|p1a: Tropius\n|-damage|p1a: Tropius|0 fnt\n|faint|p1a: Tropius\n|-damage|p2a: Golduck|84/290|[from] item: Life Orb\n|\n|win|DracoflareX\n|raw|rayquebae's rating: 1660 &rarr; <strong>1641</strong><br />(-19 for losing)\n|raw|DracoflareX's rating: 1670 &rarr; <strong>1689</strong><br />(+19 for winning)\n|l|\u2606rayquebae\n|player|p1|\n", "inputlog": ">version b107d77f5c90bd6555267ae244a6264823309ead\n>start {\"formatid\":\"gen9randombattle\",\"seed\":[29880,43540,16196,58574],\"rated\":\"Rated battle\"}\n>player p1 {\"name\":\"rayquebae\",\"avatar\":\"gambler\",\"rating\":1660,\"seed\":[15214,50769,46673,24613]}\n>player p2 {\"name\":\"DracoflareX\",\"avatar\":\"lucas\",\"rating\":1670,\"seed\":[22487,59666,44533,30362]}\n>p1 switch 3\n>p2 move thunderbolt\n>p1 move stompingtantrum\n>p2 switch 5\n>p1 move spore\n>p2 move uturn\n>p2 switch 3\n>p1 move stompingtantrum\n>p2 move fireblast\n>p1 move stompingtantrum\n>p2 move fireblast\n>p1 move stompingtantrum\n>p2 move fireblast\n>p1 switch 3\n>p1 move doubleedge\n>p2 move thunderbolt\n>p1 move doubleedge\n>p2 move thunderbolt\n>p1 switch 6\n>p1 move earthquake\n>p2 move earthquake\n>p2 switch 4\n>p1 switch 5\n>p2 move calmmind\n>p1 move facade\n>p2 move bloodmoon terastallize\n>p1 switch 4\n>p1 move swordsdance\n>p2 move earthpower\n>p1 switch 5\n>p1 move switcheroo\n>p2 move bloodmoon\n>p1 switch 2\n>p1 move substitute\n>p2 move struggle\n>p1 move leechseed\n>p2 switch 3\n>p1 move airslash\n>p2 move uturn\n>p2 switch 6\n>p1 move leechseed\n>p2 move icebeam\n>p1 move substitute terastallize\n>p2 move icebeam\n>p1 move airslash\n>p2 switch 2\n>p1 move leechseed\n>p2 move hydropump\n>p1 move protect\n>p2 switch 5\n>p1 move substitute\n>p2 move calmmind\n>p1 move leechseed\n>p2 move thunderbolt\n>p1 move substitute\n>p2 move thunderbolt\n>p1 move airslash\n>p2 move thunderbolt\n>p1 move substitute\n>p2 move calmmind\n>chat \u2606rayquebae|finally won one of the protect mind games lol \n>p1 move protect\n>p2 move alluringvoice\n>p2 switch 3\n>p1 move leechseed\n>p2 move earthpower\n>p1 move protect\n>p2 move earthpower\n>p1 move airslash\n>p2 move earthpower\n>p1 move protect\n>p2 switch 5\n>p1 move protect\n>p2 move hydropump\n>p1 move leechseed\n>p2 move hydropump\n>p1 move substitute\n>p2 move hydropump", "uploadtime": 1732995166, "views": 1, "formatid": "gen9randombattle", "rating": 1641, "private": 0, "password": null}