{"id": "gen9randombattle-2253886543", "format": "[Gen 9] Random Battle", "players": ["zzzzzzozggfjjoo", "Firegamer333"], "log": "|j|\u2606zzzzzzozggfjjoo\n|j|\u2606Firegamer333\n|t:|1732956511\n|gametype|singles\n|player|p1|zzzzzzozggfjjoo|gardenia|1310\n|player|p2|Firegamer333|265|1371\n|teamsize|p1|6\n|teamsize|p2|6\n|gen|9\n|tier|[Gen 9] Random Battle\n|rated|\n|rule|Species Clause: Limit one of each Pok\u00e9mon\n|rule|HP Percentage Mod: HP is shown in percentages\n|rule|Sleep Clause Mod: Limit one foe put to sleep\n|rule|Illusion Level Mod: Illusion disguises the Pok\u00e9mon's true level\n|\n|t:|1732956511\n|start\n|switch|p1a: Shiftry|Shiftry, L89, F|305/305\n|switch|p2a: Rotom|Rotom-Wash, L82|216/216\n|turn|1\n|inactive|Battle timer is ON: inactive players will automatically lose when time's up. (requested by Firegamer333)\n|\n|t:|1732956537\n|switch|p2a: Squawkabilly|Squawkabilly-Yellow, L89, F|291/291\n|move|p1a: Shiftry|Swords Dance|p1a: Shiftry\n|-boost|p1a: Shiftry|atk|2\n|\n|upkeep\n|turn|2\n|\n|t:|1732956565\n|-terastallize|p1a: Shiftry|Dark\n|move|p2a: Squawkabilly|Brave Bird|p1a: Shiftry\n|-damage|p1a: Shiftry|0 fnt\n|faint|p1a: Shiftry\n|-damage|p2a: Squawkabilly|190/291|[from] Recoil\n|\n|upkeep\n|inactive|zzzzzzozggfjjoo has 120 seconds left.\n|\n|t:|1732956582\n|switch|p1a: Eiscue|Eiscue, L88, F|274/274\n|turn|3\n|inactive|zzzzzzozggfjjoo has 120 seconds left.\n|\n|t:|1732956597\n|move|p2a: Squawkabilly|Brave Bird|p1a: Eiscue\n|-activate|p1a: Eiscue|ability: Ice Face\n|-damage|p1a: Eiscue|274/274\n|detailschange|p1a: Eiscue|Eiscue-Noice, L88, F\n|move|p1a: Eiscue|Belly Drum|p1a: Eiscue\n|-damage|p1a: Eiscue|137/274\n|-setboost|p1a: Eiscue|atk|6|[from] move: Belly Drum\n|-enditem|p1a: Eiscue|Sitrus Berry|[eat]\n|-heal|p1a: Eiscue|205/274|[from] item: Sitrus Berry\n|\n|upkeep\n|turn|4\n|inactive|zzzzzzozggfjjoo has 120 seconds left.\n|\n|t:|1732956617\n|move|p1a: Eiscue|Ice Spinner|p2a: Squawkabilly\n|-supereffective|p2a: Squawkabilly\n|-damage|p2a: Squawkabilly|0 fnt\n|faint|p2a: Squawkabilly\n|\n|upkeep\n|\n|t:|1732956627\n|switch|p2a: Conkeldurr|Conkeldurr, L80, M|299/299\n|turn|5\n|\n|t:|1732956654\n|move|p2a: Conkeldurr|Mach Punch|p1a: Eiscue\n|-supereffective|p1a: Eiscue\n|-damage|p1a: Eiscue|85/274\n|move|p1a: Eiscue|Liquidation|p2a: Conkeldurr\n|-damage|p2a: Conkeldurr|55/299\n|\n|-status|p2a: Conkeldurr|brn|[from] item: Flame Orb\n|upkeep\n|turn|6\n|inactive|zzzzzzozggfjjoo has 90 seconds left.\n|inactive|zzzzzzozggfjjoo has 60 seconds left.\n|\n|t:|1732956714\n|switch|p1a: Great Tusk|Great Tusk, L77|304/304\n|-enditem|p1a: Great Tusk|Booster Energy\n|-activate|p1a: Great Tusk|ability: Protosynthesis|[fromitem]\n|-start|p1a: Great Tusk|protosynthesisatk\n|move|p2a: Conkeldurr|Mach Punch|p1a: Great Tusk\n|-damage|p1a: Great Tusk|244/304\n|\n|-damage|p2a: Conkeldurr|37/299 brn|[from] brn\n|upkeep\n|turn|7\n|\n|t:|1732956733\n|move|p1a: Great Tusk|Earthquake|p2a: Conkeldurr\n|-damage|p2a: Conkeldurr|0 fnt\n|faint|p2a: Conkeldurr\n|\n|upkeep\n|\n|t:|1732956740\n|switch|p2a: Drifblim|Drifblim, L86, M|396/396\n|turn|8\n|\n|t:|1732956750\n|move|p2a: Drifblim|Shadow Ball|p1a: Great Tusk\n|-damage|p1a: Great Tusk|108/304\n|move|p1a: Great Tusk|Stone Edge|p2a: Drifblim\n|-supereffective|p2a: Drifblim\n|-damage|p2a: Drifblim|66/396\n|-enditem|p2a: Drifblim|Sitrus Berry|[eat]\n|-heal|p2a: Drifblim|165/396|[from] item: Sitrus Berry\n|\n|upkeep\n|turn|9\n|\n|t:|1732956772\n|-end|p1a: Great Tusk|Protosynthesis|[silent]\n|switch|p1a: Overqwil|Overqwil, L82, M|274/274\n|-ability|p1a: Overqwil|Intimidate|boost\n|-unboost|p2a: Drifblim|atk|1\n|move|p2a: Drifblim|Strength Sap|p1a: Overqwil\n|-unboost|p1a: Overqwil|atk|1\n|-heal|p2a: Drifblim|396/396\n|\n|upkeep\n|turn|10\n|inactive|zzzzzzozggfjjoo has 30 seconds left.\n|\n|t:|1732956795\n|move|p2a: Drifblim|Air Slash|p1a: Overqwil\n|-damage|p1a: Overqwil|180/274\n|move|p1a: Overqwil|Swords Dance|p1a: Overqwil\n|-boost|p1a: Overqwil|atk|2\n|\n|upkeep\n|turn|11\n|\n|t:|1732956807\n|move|p2a: Drifblim|Air Slash|p1a: Overqwil\n|-damage|p1a: Overqwil|72/274\n|move|p1a: Overqwil|Crunch|p2a: Drifblim\n|-supereffective|p2a: Drifblim\n|-damage|p2a: Drifblim|0 fnt\n|faint|p2a: Drifblim\n|\n|upkeep\n|\n|t:|1732956816\n|switch|p2a: Mismagius|Mismagius, L86, M|243/243\n|turn|12\n|\n|t:|1732956832\n|move|p2a: Mismagius|Thunderbolt|p1a: Overqwil\n|-damage|p1a: Overqwil|0 fnt\n|faint|p1a: Overqwil\n|\n|upkeep\n|inactive|zzzzzzozggfjjoo has 30 seconds left.\n|\n|t:|1732956849\n|switch|p1a: Solgaleo|Solgaleo, L74|325/325\n|turn|13\n|\n|t:|1732956864\n|switch|p2a: Sawsbuck|Sawsbuck-Summer, L88, F|284/284\n|move|p1a: Solgaleo|Knock Off|p2a: Sawsbuck\n|-damage|p2a: Sawsbuck|211/284\n|-enditem|p2a: Sawsbuck|Life Orb|[from] move: Knock Off|[of] p1a: Solgaleo\n|\n|upkeep\n|turn|14\n|inactive|zzzzzzozggfjjoo has 30 seconds left.\n|inactive|zzzzzzozggfjjoo has 20 seconds left.\n|inactive|zzzzzzozggfjjoo has 15 seconds left.\n|\n|t:|1732956895\n|move|p2a: Sawsbuck|Swords Dance|p2a: Sawsbuck\n|-boost|p2a: Sawsbuck|atk|2\n|move|p1a: Solgaleo|Close Combat|p2a: Sawsbuck\n|-supereffective|p2a: Sawsbuck\n|-damage|p2a: Sawsbuck|25/284\n|-unboost|p1a: Solgaleo|def|1\n|-unboost|p1a: Solgaleo|spd|1\n|\n|upkeep\n|turn|15\n|inactive|zzzzzzozggfjjoo has 25 seconds left this turn.\n|inactive|zzzzzzozggfjjoo has 20 seconds left.\n|inactive|zzzzzzozggfjjoo has 15 seconds left.\n|inactive|zzzzzzozggfjjoo has 10 seconds left.\n|\n|t:|1732956912\n|switch|p1a: Great Tusk|Great Tusk, L77|108/304\n|move|p2a: Sawsbuck|High Horsepower|p1a: Great Tusk\n|-damage|p1a: Great Tusk|0 fnt\n|faint|p1a: Great Tusk\n|-end|p1a: Great Tusk|Protosynthesis|[silent]\n|\n|upkeep\n|inactive|zzzzzzozggfjjoo has 15 seconds left this turn.\n|inactive|zzzzzzozggfjjoo has 10 seconds left.\n|\n|t:|1732956918\n|switch|p1a: Eiscue|Eiscue-Noice, L88, F|85/274\n|turn|16\n|inactive|zzzzzzozggfjjoo has 20 seconds left this turn.\n|inactive|zzzzzzozggfjjoo has 15 seconds left.\n|\n|t:|1732956933\n|move|p1a: Eiscue|Ice Spinner|p2a: Sawsbuck\n|-supereffective|p2a: Sawsbuck\n|-damage|p2a: Sawsbuck|0 fnt\n|faint|p2a: Sawsbuck\n|\n|upkeep\n|inactive|zzzzzzozggfjjoo has 20 seconds left this turn.\n|\n|t:|1732956937\n|switch|p2a: Rotom|Rotom-Wash, L82|216/216\n|turn|17\n|inactive|zzzzzzozggfjjoo has 30 seconds left this turn.\n|inactive|zzzzzzozggfjjoo has 20 seconds left.\n|inactive|zzzzzzozggfjjoo has 15 seconds left.\n|\n|t:|1732956954\n|move|p1a: Eiscue|Ice Spinner|p2a: Rotom\n|-resisted|p2a: Rotom\n|-damage|p2a: Rotom|182/216\n|move|p2a: Rotom|Hydro Pump|p1a: Eiscue\n|-damage|p1a: Eiscue|0 fnt\n|faint|p1a: Eiscue\n|\n|-heal|p2a: Rotom|195/216|[from] item: Leftovers\n|upkeep\n|inactive|zzzzzzozggfjjoo has 20 seconds left this turn.\n|inactive|zzzzzzozggfjjoo has 15 seconds left.\n|\n|t:|1732956962\n|switch|p1a: Solgaleo|Solgaleo, L74|325/325\n|turn|18\n|inactive|zzzzzzozggfjjoo has 25 seconds left this turn.\n|inactive|zzzzzzozggfjjoo has 20 seconds left.\n|inactive|zzzzzzozggfjjoo has 15 seconds left.\n|inactive|zzzzzzozggfjjoo has 10 seconds left.\n|\n|t:|1732956977\n|move|p2a: Rotom|Nasty Plot|p2a: Rotom\n|-boost|p2a: Rotom|spa|2\n|move|p1a: Solgaleo|Knock Off|p2a: Rotom\n|-damage|p2a: Rotom|138/216\n|-enditem|p2a: Rotom|Leftovers|[from] move: Knock Off|[of] p1a: Solgaleo\n|\n|upkeep\n|turn|19\n|inactive|zzzzzzozggfjjoo has 20 seconds left this turn.\n|inactive|zzzzzzozggfjjoo has 15 seconds left.\n|\n|t:|1732956990\n|move|p2a: Rotom|Hydro Pump|p1a: Solgaleo\n|-damage|p1a: Solgaleo|42/325\n|move|p1a: Solgaleo|Knock Off|p2a: Rotom\n|-damage|p2a: Rotom|95/216\n|\n|upkeep\n|turn|20\n|inactive|zzzzzzozggfjjoo has 25 seconds left this turn.\n|inactive|zzzzzzozggfjjoo has 20 seconds left.\n|-message|zzzzzzozggfjjoo forfeited.\n|\n|win|Firegamer333\n|inactive|zzzzzzozggfjjoo has 25 seconds left this turn.\n|raw|zzzzzzozggfjjoo's rating: 1310 &rarr; <strong>1293</strong><br />(-17 for losing)\n|raw|Firegamer333's rating: 1371 &rarr; <strong>1388</strong><br />(+17 for winning)\n|l|\u2606zzzzzzozggfjjoo\n|player|p1|\n", "inputlog": ">version b107d77f5c90bd6555267ae244a6264823309ead\n>start {\"formatid\":\"gen9randombattle\",\"seed\":[61618,11253,56467,55584],\"rated\":\"Rated battle\"}\n>player p1 {\"name\":\"zzzzzzozggfjjoo\",\"avatar\":\"gardenia\",\"rating\":1310,\"seed\":[38505,60342,2147,23818]}\n>player p2 {\"name\":\"Firegamer333\",\"avatar\":\"265\",\"rating\":1371,\"seed\":[9767,58744,32368,42185]}\n>p1 move swordsdance\n>p2 switch 4\n>p1 move knockoff terastallize\n>p2 move bravebird\n>p1 switch 3\n>p1 move bellydrum\n>p2 move bravebird\n>p1 move icespinner\n>p2 move bravebird\n>p2 switch 6\n>p1 move liquidation\n>p2 move machpunch\n>p1 switch 4\n>p2 move machpunch\n>p1 move earthquake\n>p2 move facade\n>p2 switch 2\n>p1 move stoneedge\n>p2 move shadowball\n>p1 switch 5\n>p2 move strengthsap\n>p1 move swordsdance\n>p2 move airslash\n>p1 move crunch\n>p2 move airslash\n>p2 switch 3\n>p1 move crunch\n>p2 move thunderbolt\n>p1 switch 6\n>p1 move knockoff\n>p2 switch 5\n>p1 move closecombat\n>p2 move swordsdance\n>p1 switch 5\n>p2 move highhorsepower\n>p1 switch 4\n>p1 move icespinner\n>p2 move doubleedge\n>p2 switch 4\n>p1 move icespinner\n>p2 move hydropump\n>p1 switch 5\n>p1 move knockoff\n>p2 move nastyplot\n>p1 move knockoff\n>p2 move hydropump\n>forcelose p1", "uploadtime": 1732957001, "views": 2, "formatid": "gen9randombattle", "rating": 1293, "private": 0, "password": null}