{"id": "gen9randombattle-2254141581", "format": "[Gen 9] Random Battle", "players": ["Pokeboobowl", "Broombroomfastcar"], "log": "|j|\u2606Pokeboobowl\n|j|\u2606Broombroomfastcar\n|t:|1732996323\n|gametype|singles\n|player|p1|Pokeboobowl|battlegirl-gen4|1462\n|player|p2|Broombroomfastcar|1|1459\n|teamsize|p1|6\n|teamsize|p2|6\n|gen|9\n|tier|[Gen 9] Random Battle\n|rated|\n|rule|Species Clause: Limit one of each Pok\u00e9mon\n|rule|HP Percentage Mod: HP is shown in percentages\n|rule|Sleep Clause Mod: Limit one foe put to sleep\n|rule|Illusion Level Mod: Illusion disguises the Pok\u00e9mon's true level\n|\n|t:|1732996323\n|start\n|switch|p1a: Kingambit|Kingambit, L74, M|270/270\n|switch|p2a: Delphox|Delphox, L84, M|263/263\n|turn|1\n|inactive|Battle timer is ON: inactive players will automatically lose when time's up. (requested by Pokeboobowl)\n|\n|t:|1732996339\n|switch|p2a: Misdreavus|Misdreavus, L90, M|254/254\n|move|p1a: Kingambit|Sucker Punch||[still]\n|-fail|p1a: Kingambit\n|\n|upkeep\n|turn|2\n|\n|t:|1732996341\n|move|p2a: Misdreavus|Will-O-Wisp|p1a: Kingambit\n|-status|p1a: Kingambit|brn\n|move|p1a: Kingambit|Kowtow Cleave|p2a: Misdreavus\n|-supereffective|p2a: Misdreavus\n|-damage|p2a: Misdreavus|175/254\n|\n|-damage|p1a: Kingambit|254/270 brn|[from] brn\n|upkeep\n|turn|3\n|\n|t:|1732996349\n|move|p2a: Misdreavus|Calm Mind|p2a: Misdreavus\n|-boost|p2a: Misdreavus|spa|1\n|-boost|p2a: Misdreavus|spd|1\n|move|p1a: Kingambit|Swords Dance|p1a: Kingambit\n|-boost|p1a: Kingambit|atk|2\n|\n|-heal|p1a: Kingambit|270/270 brn|[from] item: Leftovers\n|-damage|p1a: Kingambit|254/270 brn|[from] brn\n|upkeep\n|turn|4\n|\n|t:|1732996361\n|move|p2a: Misdreavus|Draining Kiss|p1a: Kingambit\n|-damage|p1a: Kingambit|193/270 brn\n|-heal|p2a: Misdreavus|221/254|[from] drain|[of] p1a: Kingambit\n|move|p1a: Kingambit|Iron Head|p2a: Misdreavus\n|-damage|p2a: Misdreavus|152/254\n|\n|-heal|p1a: Kingambit|209/270 brn|[from] item: Leftovers\n|-damage|p1a: Kingambit|193/270 brn|[from] brn\n|upkeep\n|turn|5\n|\n|t:|1732996367\n|move|p2a: Misdreavus|Draining Kiss|p1a: Kingambit\n|-damage|p1a: Kingambit|127/270 brn\n|-heal|p2a: Misdreavus|202/254|[from] drain|[of] p1a: Kingambit\n|move|p1a: Kingambit|Swords Dance|p1a: Kingambit\n|-boost|p1a: Kingambit|atk|2\n|\n|-heal|p1a: Kingambit|143/270 brn|[from] item: Leftovers\n|-damage|p1a: Kingambit|127/270 brn|[from] brn\n|upkeep\n|turn|6\n|\n|t:|1732996373\n|move|p2a: Misdreavus|Calm Mind|p2a: Misdreavus\n|-boost|p2a: Misdreavus|spa|1\n|-boost|p2a: Misdreavus|spd|1\n|move|p1a: Kingambit|Kowtow Cleave|p2a: Misdreavus\n|-supereffective|p2a: Misdreavus\n|-damage|p2a: Misdreavus|0 fnt\n|faint|p2a: Misdreavus\n|\n|-heal|p1a: Kingambit|143/270 brn|[from] item: Leftovers\n|-damage|p1a: Kingambit|127/270 brn|[from] brn\n|upkeep\n|\n|t:|1732996396\n|switch|p2a: Baxcalibur|Baxcalibur, L75, F|295/295\n|turn|7\n|\n|t:|1732996405\n|move|p2a: Baxcalibur|Earthquake|p1a: Kingambit\n|-supereffective|p1a: Kingambit\n|-damage|p1a: Kingambit|0 fnt\n|faint|p1a: Kingambit\n|-end|p1a: Kingambit|fallenundefined|[silent]\n|\n|upkeep\n|\n|t:|1732996414\n|switch|p1a: Amoonguss|Amoonguss, L82, M|321/321\n|turn|8\n|\n|t:|1732996421\n|switch|p2a: Girafarig|Girafarig, L89, F|269/269\n|move|p1a: Amoonguss|Spore|p2a: Girafarig\n|-ability|p2a: Girafarig|Sap Sipper|boost\n|-boost|p2a: Girafarig|atk|1\n|\n|upkeep\n|turn|9\n|\n|t:|1732996426\n|move|p2a: Girafarig|Psychic|p1a: Amoonguss\n|-supereffective|p1a: Amoonguss\n|-damage|p1a: Amoonguss|93/321\n|move|p1a: Amoonguss|Toxic|p2a: Girafarig\n|-status|p2a: Girafarig|tox\n|\n|-damage|p2a: Girafarig|253/269 tox|[from] psn\n|upkeep\n|turn|10\n|\n|t:|1732996433\n|switch|p1a: Metagross|Metagross, L79|256/256\n|move|p2a: Girafarig|Nasty Plot|p2a: Girafarig\n|-boost|p2a: Girafarig|spa|2\n|\n|-damage|p2a: Girafarig|221/269 tox|[from] psn\n|upkeep\n|turn|11\n|\n|t:|1732996445\n|move|p1a: Metagross|Bullet Punch|p2a: Girafarig\n|-damage|p2a: Girafarig|181/269 tox\n|move|p2a: Girafarig|Shadow Ball|p1a: Metagross\n|-supereffective|p1a: Metagross\n|-damage|p1a: Metagross|2/256\n|\n|-heal|p1a: Metagross|18/256|[from] item: Leftovers\n|-damage|p2a: Girafarig|133/269 tox|[from] psn\n|upkeep\n|turn|12\n|\n|t:|1732996455\n|move|p1a: Metagross|Bullet Punch|p2a: Girafarig\n|-damage|p2a: Girafarig|93/269 tox\n|move|p2a: Girafarig|Dazzling Gleam|p1a: Metagross\n|-resisted|p1a: Metagross\n|-damage|p1a: Metagross|0 fnt\n|faint|p1a: Metagross\n|\n|-damage|p2a: Girafarig|29/269 tox|[from] psn\n|upkeep\n|\n|t:|1732996467\n|switch|p1a: Alcremie|Alcremie-Rainbow-Swirl, L90, F|263/263\n|turn|13\n|\n|t:|1732996481\n|move|p2a: Girafarig|Psychic|p1a: Alcremie\n|-damage|p1a: Alcremie|110/263\n|-unboost|p1a: Alcremie|spd|1\n|move|p1a: Alcremie|Calm Mind|p1a: Alcremie\n|-boost|p1a: Alcremie|spa|1\n|-boost|p1a: Alcremie|spd|1\n|\n|-heal|p1a: Alcremie|126/263|[from] item: Leftovers\n|-damage|p2a: Girafarig|0 fnt|[from] psn\n|faint|p2a: Girafarig\n|upkeep\n|\n|t:|1732996489\n|switch|p2a: Ogerpon|Ogerpon-Cornerstone, L76, F|247/247\n|turn|14\n|\n|t:|1732996494\n|move|p2a: Ogerpon|Ivy Cudgel|p1a: Alcremie|[anim] Ivy Cudgel Rock\n|-damage|p1a: Alcremie|3/263\n|move|p1a: Alcremie|Recover|p1a: Alcremie\n|-heal|p1a: Alcremie|135/263\n|\n|-heal|p1a: Alcremie|151/263|[from] item: Leftovers\n|upkeep\n|turn|15\n|\n|t:|1732996505\n|move|p2a: Ogerpon|Encore|p1a: Alcremie\n|-block|p1a: Alcremie|ability: Aroma Veil|[of] p1a: Alcremie\n|move|p1a: Alcremie|Alluring Voice|p2a: Ogerpon\n|-damage|p2a: Ogerpon|66/247\n|\n|-heal|p1a: Alcremie|167/263|[from] item: Leftovers\n|upkeep\n|turn|16\n|\n|t:|1732996517\n|switch|p2a: Plusle|Plusle, L95, F|268/268\n|move|p1a: Alcremie|Alluring Voice|p2a: Plusle\n|-crit|p2a: Plusle\n|-damage|p2a: Plusle|30/268\n|\n|-heal|p1a: Alcremie|183/263|[from] item: Leftovers\n|upkeep\n|turn|17\n|\n|t:|1732996526\n|move|p2a: Plusle|Thunderbolt|p1a: Alcremie\n|-damage|p1a: Alcremie|80/263\n|-damage|p2a: Plusle|4/268|[from] item: Life Orb\n|move|p1a: Alcremie|Alluring Voice|p2a: Plusle\n|-damage|p2a: Plusle|0 fnt\n|faint|p2a: Plusle\n|\n|-heal|p1a: Alcremie|96/263|[from] item: Leftovers\n|upkeep\n|\n|t:|1732996536\n|switch|p2a: Ogerpon|Ogerpon-Cornerstone, L76, F|66/247\n|turn|18\n|\n|t:|1732996540\n|move|p2a: Ogerpon|Ivy Cudgel|p1a: Alcremie|[anim] Ivy Cudgel Rock\n|-damage|p1a: Alcremie|0 fnt\n|faint|p1a: Alcremie\n|\n|upkeep\n|\n|t:|1732996553\n|switch|p1a: Pawmot|Pawmot, L80, F|243/243\n|turn|19\n|\n|t:|1732996562\n|move|p1a: Pawmot|Revival Blessing|p1a: Pawmot\n|\n|t:|1732996573\n|-heal|p1: Alcremie|131/263|[from] move: Revival Blessing\n|move|p2a: Ogerpon|Synthesis|p2a: Ogerpon\n|-heal|p2a: Ogerpon|189/247\n|\n|upkeep\n|turn|20\n|\n|t:|1732996590\n|move|p1a: Pawmot|Close Combat|p2a: Ogerpon\n|-supereffective|p2a: Ogerpon\n|-crit|p2a: Ogerpon\n|-damage|p2a: Ogerpon|0 fnt\n|-unboost|p1a: Pawmot|def|1\n|-unboost|p1a: Pawmot|spd|1\n|faint|p2a: Ogerpon\n|-damage|p1a: Pawmot|219/243|[from] item: Life Orb\n|\n|upkeep\n|\n|t:|1732996597\n|switch|p2a: Baxcalibur|Baxcalibur, L75, F|295/295\n|turn|21\n|\n|t:|1732996602\n|-terastallize|p2a: Baxcalibur|Dragon\n|move|p1a: Pawmot|Close Combat|p2a: Baxcalibur\n|-damage|p2a: Baxcalibur|99/295\n|-unboost|p1a: Pawmot|def|1\n|-unboost|p1a: Pawmot|spd|1\n|-damage|p1a: Pawmot|195/243|[from] item: Life Orb\n|move|p2a: Baxcalibur|Swords Dance|p2a: Baxcalibur\n|-boost|p2a: Baxcalibur|atk|2\n|\n|upkeep\n|turn|22\n|\n|t:|1732996612\n|move|p1a: Pawmot|Ice Punch|p2a: Baxcalibur\n|-supereffective|p2a: Baxcalibur\n|-damage|p2a: Baxcalibur|0 fnt\n|faint|p2a: Baxcalibur\n|-damage|p1a: Pawmot|171/243|[from] item: Life Orb\n|\n|upkeep\n|-message|Broombroomfastcar forfeited.\n|\n|win|Pokeboobowl\n|raw|Pokeboobowl's rating: 1462 &rarr; <strong>1482</strong><br />(+20 for winning)\n|raw|Broombroomfastcar's rating: 1459 &rarr; <strong>1439</strong><br />(-20 for losing)\n|l|\u2606Broombroomfastcar\n|player|p2|\n", "inputlog": ">version b107d77f5c90bd6555267ae244a6264823309ead\n>start {\"formatid\":\"gen9randombattle\",\"seed\":[5952,23051,51003,37063],\"rated\":\"Rated battle\"}\n>player p1 {\"name\":\"Pokeboobowl\",\"avatar\":\"battlegirl-gen4\",\"rating\":1462,\"seed\":[32051,46332,32394,18059]}\n>player p2 {\"name\":\"Broombroomfastcar\",\"avatar\":\"1\",\"rating\":1459,\"seed\":[18578,10480,60214,4631]}\n>p1 move suckerpunch\n>p2 switch 3\n>p1 move kowtowcleave\n>p2 move willowisp\n>p1 move swordsdance\n>p2 move calmmind\n>p1 move ironhead\n>p2 move drainingkiss\n>p1 move swordsdance\n>p2 move drainingkiss\n>p1 move kowtowcleave\n>p2 move calmmind\n>p2 switch 4\n>p1 move ironhead\n>p2 move earthquake\n>p1 switch 4\n>p1 move spore\n>p2 switch 2\n>p1 move toxic\n>p2 move psychic\n>p1 switch 2\n>p2 move nastyplot\n>p1 move bulletpunch\n>p2 move shadowball\n>p1 move bulletpunch\n>p2 move dazzlinggleam\n>p1 switch 6\n>p1 move calmmind\n>p2 move psychic\n>p2 switch 6\n>p1 move recover\n>p2 move ivycudgel\n>p1 move alluringvoice\n>p2 move encore\n>p1 move alluringvoice\n>p2 switch 5\n>p1 move alluringvoice\n>p2 move thunderbolt\n>p2 switch 5\n>p1 move recover\n>p2 move ivycudgel\n>p1 switch 5\n>p1 move revivalblessing\n>p2 move synthesis\n>p1 switch 5\n>p1 move closecombat\n>p2 move powerwhip\n>p2 switch 2\n>p1 move closecombat\n>p2 move swordsdance terastallize\n>p1 move icepunch\n>p2 move scaleshot\n>forcelose p2", "uploadtime": 1732996618, "views": 1, "formatid": "gen9randombattle", "rating": 1439, "private": 0, "password": null}