{"id": "gen9randombattle-2254131797", "format": "[Gen 9] Random Battle", "players": ["PharmerBean", "Bentennyson_55"], "log": "|j|\u2606PharmerBean\n|j|\u2606Bentennyson_55\n|t:|1732995119\n|gametype|singles\n|player|p1|PharmerBean|volkner|1052\n|player|p2|Bentennyson_55|red|1070\n|teamsize|p1|6\n|teamsize|p2|6\n|gen|9\n|tier|[Gen 9] Random Battle\n|rated|\n|rule|Species Clause: Limit one of each Pok\u00e9mon\n|rule|HP Percentage Mod: HP is shown in percentages\n|rule|Sleep Clause Mod: Limit one foe put to sleep\n|rule|Illusion Level Mod: Illusion disguises the Pok\u00e9mon's true level\n|\n|t:|1732995119\n|start\n|switch|p1a: Iron Jugulis|Iron Jugulis, L78|275/275\n|switch|p2a: Virizion|Virizion, L82|283/283\n|turn|1\n|\n|t:|1732995152\n|switch|p2a: Azumarill|Azumarill, L82, M|298/298\n|-end|p1a: Iron Jugulis|Quark Drive|[silent]\n|switch|p1a: Gholdengo|Gholdengo, L77|261/261\n|\n|upkeep\n|turn|2\n|\n|t:|1732995165\n|move|p1a: Gholdengo|Thunder Wave|p2a: Azumarill\n|-status|p2a: Azumarill|par\n|move|p2a: Azumarill|Liquidation|p1a: Gholdengo\n|-damage|p1a: Gholdengo|108/261\n|\n|-heal|p1a: Gholdengo|124/261|[from] item: Leftovers\n|upkeep\n|turn|3\n|\n|t:|1732995176\n|move|p1a: Gholdengo|Shadow Ball|p2a: Azumarill\n|-damage|p2a: Azumarill|195/298 par\n|move|p2a: Azumarill|Liquidation|p1a: Gholdengo\n|-damage|p1a: Gholdengo|0 fnt\n|faint|p1a: Gholdengo\n|\n|upkeep\n|\n|t:|1732995187\n|switch|p1a: Pelipper|Pelipper, L86, M|243/243\n|-weather|RainDance|[from] ability: Drizzle|[of] p1a: Pelipper\n|turn|4\n|\n|t:|1732995194\n|switch|p2a: Toxtricity|Toxtricity, L82, F|257/257\n|move|p1a: Pelipper|Knock Off|p2a: Toxtricity\n|-damage|p2a: Toxtricity|200/257\n|-enditem|p2a: Toxtricity|Choice Scarf|[from] move: Knock Off|[of] p1a: Pelipper\n|\n|-weather|RainDance|[upkeep]\n|upkeep\n|turn|5\n|\n|t:|1732995209\n|switch|p1a: Dugtrio|Dugtrio-Alola, L84, F|196/196\n|move|p2a: Toxtricity|Overdrive|p1a: Dugtrio\n|-immune|p1a: Dugtrio\n|\n|-weather|RainDance|[upkeep]\n|upkeep\n|turn|6\n|\n|t:|1732995223\n|switch|p2a: Virizion|Virizion, L82|283/283\n|move|p1a: Dugtrio|Earthquake|p2a: Virizion\n|-resisted|p2a: Virizion\n|-damage|p2a: Virizion|192/283\n|\n|-weather|RainDance|[upkeep]\n|upkeep\n|turn|7\n|\n|t:|1732995234\n|move|p1a: Dugtrio|Earthquake|p2a: Virizion\n|-resisted|p2a: Virizion\n|-damage|p2a: Virizion|93/283\n|move|p2a: Virizion|Swords Dance|p2a: Virizion\n|-boost|p2a: Virizion|atk|2\n|\n|-weather|RainDance|[upkeep]\n|upkeep\n|turn|8\n|\n|t:|1732995246\n|move|p1a: Dugtrio|Earthquake|p2a: Virizion\n|-resisted|p2a: Virizion\n|-damage|p2a: Virizion|2/283\n|move|p2a: Virizion|Leaf Blade|p1a: Dugtrio\n|-damage|p1a: Dugtrio|0 fnt\n|-ability|p1a: Dugtrio|Tangling Hair\n|-unboost|p2a: Virizion|spe|1\n|faint|p1a: Dugtrio\n|-damage|p2a: Virizion|0 fnt|[from] item: Life Orb\n|faint|p2a: Virizion\n|\n|-weather|none\n|upkeep\n|\n|t:|1732995261\n|switch|p1a: Pelipper|Pelipper, L86, M|243/243\n|switch|p2a: Azumarill|Azumarill, L82, M|195/298 par\n|-weather|RainDance|[from] ability: Drizzle|[of] p1a: Pelipper\n|turn|9\n|\n|t:|1732995269\n|move|p1a: Pelipper|Hurricane|p2a: Azumarill\n|-damage|p2a: Azumarill|56/298 par\n|-start|p2a: Azumarill|confusion\n|-activate|p2a: Azumarill|confusion\n|cant|p2a: Azumarill|par\n|\n|-weather|RainDance|[upkeep]\n|upkeep\n|turn|10\n|\n|t:|1732995278\n|move|p1a: Pelipper|Hurricane|p2a: Azumarill\n|-damage|p2a: Azumarill|0 fnt\n|faint|p2a: Azumarill\n|\n|-weather|RainDance|[upkeep]\n|upkeep\n|\n|t:|1732995285\n|switch|p2a: Girafarig|Girafarig, L89, F|269/269\n|turn|11\n|\n|t:|1732995292\n|move|p2a: Girafarig|Thunderbolt|p1a: Pelipper\n|-supereffective|p1a: Pelipper\n|-damage|p1a: Pelipper|0 fnt\n|faint|p1a: Pelipper\n|\n|-weather|RainDance|[upkeep]\n|upkeep\n|\n|t:|1732995300\n|switch|p1a: Iron Jugulis|Iron Jugulis, L78|275/275\n|turn|12\n|\n|t:|1732995310\n|-terastallize|p2a: Girafarig|Electric\n|move|p1a: Iron Jugulis|Dark Pulse|p2a: Girafarig\n|-damage|p2a: Girafarig|169/269\n|move|p2a: Girafarig|Nasty Plot|p2a: Girafarig\n|-boost|p2a: Girafarig|spa|2\n|\n|-weather|RainDance|[upkeep]\n|upkeep\n|turn|13\n|\n|t:|1732995325\n|move|p1a: Iron Jugulis|Dark Pulse|p2a: Girafarig\n|-damage|p2a: Girafarig|69/269\n|move|p2a: Girafarig|Thunderbolt|p1a: Iron Jugulis\n|-supereffective|p1a: Iron Jugulis\n|-damage|p1a: Iron Jugulis|0 fnt\n|faint|p1a: Iron Jugulis\n|-end|p1a: Iron Jugulis|Quark Drive|[silent]\n|\n|-weather|none\n|upkeep\n|\n|t:|1732995330\n|switch|p1a: Mismagius|Mismagius, L86, F|243/243\n|turn|14\n|\n|t:|1732995339\n|move|p1a: Mismagius|Shadow Ball|p2a: Girafarig\n|-damage|p2a: Girafarig|0 fnt\n|faint|p2a: Girafarig\n|\n|upkeep\n|\n|t:|1732995346\n|switch|p2a: Ting-Lu|Ting-Lu, L78|370/370\n|-ability|p2a: Ting-Lu|Vessel of Ruin\n|turn|15\n|\n|t:|1732995355\n|switch|p1a: Basculin|Basculin, L86, M|261/261\n|move|p2a: Ting-Lu|Stealth Rock|p1a: Basculin\n|-sidestart|p1: PharmerBean|move: Stealth Rock\n|\n|upkeep\n|turn|16\n|\n|t:|1732995372\n|switch|p2a: Toxtricity|Toxtricity, L82, F|200/257\n|move|p1a: Basculin|Wave Crash|p2a: Toxtricity\n|-damage|p2a: Toxtricity|0 fnt\n|faint|p2a: Toxtricity\n|-damage|p1a: Basculin|195/261|[from] Recoil\n|\n|upkeep\n|\n|t:|1732995382\n|switch|p2a: Gothitelle|Gothitelle, L90, F|272/272\n|turn|17\n|\n|t:|1732995387\n|move|p1a: Basculin|Wave Crash|p2a: Gothitelle\n|-damage|p2a: Gothitelle|42/272\n|-damage|p1a: Basculin|119/261|[from] Recoil\n|move|p2a: Gothitelle|Thunderbolt|p1a: Basculin\n|-supereffective|p1a: Basculin\n|-damage|p1a: Basculin|0 fnt\n|faint|p1a: Basculin\n|\n|-heal|p2a: Gothitelle|59/272|[from] item: Leftovers\n|upkeep\n|\n|t:|1732995390\n|switch|p1a: Mismagius|Mismagius, L86, F|243/243\n|-damage|p1a: Mismagius|213/243|[from] Stealth Rock\n|turn|18\n|\n|t:|1732995403\n|move|p1a: Mismagius|Energy Ball|p2a: Gothitelle\n|-damage|p2a: Gothitelle|0 fnt\n|faint|p2a: Gothitelle\n|\n|upkeep\n|\n|t:|1732995411\n|switch|p2a: Ting-Lu|Ting-Lu, L78|370/370\n|-ability|p2a: Ting-Lu|Vessel of Ruin\n|turn|19\n|\n|t:|1732995427\n|move|p1a: Mismagius|Energy Ball|p2a: Ting-Lu\n|-supereffective|p2a: Ting-Lu\n|-damage|p2a: Ting-Lu|174/370\n|move|p2a: Ting-Lu|Payback|p1a: Mismagius\n|-supereffective|p1a: Mismagius\n|-damage|p1a: Mismagius|0 fnt\n|faint|p1a: Mismagius\n|\n|win|Bentennyson_55\n|raw|PharmerBean's rating: 1052 &rarr; <strong>1035</strong><br />(-17 for losing)\n|raw|Bentennyson_55's rating: 1070 &rarr; <strong>1098</strong><br />(+28 for winning)\n|l|\u2606PharmerBean\n|player|p1|\n", "inputlog": ">version b107d77f5c90bd6555267ae244a6264823309ead\n>start {\"formatid\":\"gen9randombattle\",\"seed\":[27822,34152,38110,21166],\"rated\":\"Rated battle\"}\n>player p1 {\"name\":\"PharmerBean\",\"avatar\":\"volkner\",\"rating\":1052,\"seed\":[59312,14399,15192,60299]}\n>player p2 {\"name\":\"Bentennyson_55\",\"avatar\":\"red\",\"rating\":1070,\"seed\":[30597,11920,65428,32451]}\n>p1 switch 6\n>p2 switch 4\n>p1 move thunderwave\n>p2 move liquidation\n>p1 move shadowball\n>p2 move liquidation\n>p1 switch 3\n>p1 move knockoff\n>p2 switch 2\n>p1 switch 5\n>p2 move overdrive\n>p1 move earthquake\n>p2 switch 4\n>p1 move earthquake\n>p2 move swordsdance\n>p1 move earthquake\n>p2 move leafblade\n>p1 switch 5\n>p2 switch 2\n>p1 move hurricane\n>p2 move playrough\n>p1 move hurricane\n>p2 move playrough\n>p2 switch 3\n>p1 move knockoff\n>p2 move thunderbolt\n>p1 switch 6\n>p1 move darkpulse\n>p2 move nastyplot terastallize\n>p1 move darkpulse\n>p2 move thunderbolt\n>p1 switch 4\n>p1 move shadowball\n>p2 move thunderbolt\n>p2 switch 5\n>p1 switch 2\n>p2 move stealthrock\n>p1 move wavecrash\n>p2 switch 4\n>p2 switch 6\n>p1 move wavecrash\n>p2 move thunderbolt\n>p1 switch 2\n>p1 move energyball\n>p2 move psychicnoise\n>p2 switch 4\n>p1 move energyball\n>p2 move payback", "uploadtime": 1732995436, "views": 18, "formatid": "gen9randombattle", "rating": 1035, "private": 0, "password": null}