{"id": "gen9randombattle-2253986897", "format": "[Gen 9] Random Battle", "players": ["afsdjkfsad", "Mimicer"], "log": "|j|\u2606afsdjkfsad\n|j|\u2606Mimicer\n|t:|1732976100\n|gametype|singles\n|player|p1|afsdjkfsad|266|1000\n|player|p2|Mimicer|169|1000\n|teamsize|p1|6\n|teamsize|p2|6\n|gen|9\n|tier|[Gen 9] Random Battle\n|rated|\n|rule|Species Clause: Limit one of each Pok\u00e9mon\n|rule|HP Percentage Mod: HP is shown in percentages\n|rule|Sleep Clause Mod: Limit one foe put to sleep\n|rule|Illusion Level Mod: Illusion disguises the Pok\u00e9mon's true level\n|\n|t:|1732976100\n|start\n|switch|p1a: Alcremie|Alcremie-Ruby-Cream, L90, F|263/263\n|switch|p2a: Zapdos|Zapdos, L78|268/268\n|turn|1\n|inactive|Battle timer is ON: inactive players will automatically lose when time's up. (requested by afsdjkfsad)\n|\n|t:|1732976126\n|move|p2a: Zapdos|Hurricane|p1a: Alcremie\n|-crit|p1a: Alcremie\n|-damage|p1a: Alcremie|125/263\n|move|p1a: Alcremie|Calm Mind|p1a: Alcremie\n|-boost|p1a: Alcremie|spa|1\n|-boost|p1a: Alcremie|spd|1\n|\n|-heal|p1a: Alcremie|141/263|[from] item: Leftovers\n|upkeep\n|turn|2\n|\n|t:|1732976140\n|move|p2a: Zapdos|Hurricane|p1a: Alcremie\n|-damage|p1a: Alcremie|83/263\n|-start|p1a: Alcremie|confusion\n|-activate|p1a: Alcremie|confusion\n|move|p1a: Alcremie|Recover|p1a: Alcremie\n|-heal|p1a: Alcremie|215/263\n|\n|-heal|p1a: Alcremie|231/263|[from] item: Leftovers\n|upkeep\n|turn|3\n|inactive|Mimicer has 120 seconds left.\n|\n|t:|1732976172\n|move|p2a: Zapdos|Discharge|p1a: Alcremie\n|-damage|p1a: Alcremie|186/263\n|-activate|p1a: Alcremie|confusion\n|move|p1a: Alcremie|Alluring Voice|p2a: Zapdos\n|-damage|p2a: Zapdos|88/268\n|\n|-heal|p1a: Alcremie|202/263|[from] item: Leftovers\n|upkeep\n|turn|4\n|\n|t:|1732976180\n|move|p2a: Zapdos|Roost|p2a: Zapdos\n|-heal|p2a: Zapdos|222/268\n|-singleturn|p2a: Zapdos|move: Roost\n|-activate|p1a: Alcremie|confusion\n|move|p1a: Alcremie|Alluring Voice|p2a: Zapdos\n|-damage|p2a: Zapdos|47/268\n|\n|-heal|p1a: Alcremie|218/263|[from] item: Leftovers\n|upkeep\n|turn|5\n|inactive|Mimicer has 120 seconds left.\n|\n|t:|1732976201\n|-terastallize|p2a: Zapdos|Steel\n|move|p2a: Zapdos|Roost|p2a: Zapdos\n|-heal|p2a: Zapdos|181/268\n|-activate|p1a: Alcremie|confusion\n|-damage|p1a: Alcremie|199/263|[from] confusion\n|\n|-heal|p1a: Alcremie|215/263|[from] item: Leftovers\n|upkeep\n|turn|6\n|inactive|Mimicer has 120 seconds left.\n|\n|t:|1732976210\n|move|p2a: Zapdos|U-turn|p1a: Alcremie\n|-resisted|p1a: Alcremie\n|-damage|p1a: Alcremie|193/263\n|inactive|Mimicer has 120 seconds left.\n|\n|t:|1732976220\n|switch|p2a: Salazzle|Salazzle, L83, F|249/249|[from] U-turn\n|-end|p1a: Alcremie|confusion\n|move|p1a: Alcremie|Calm Mind|p1a: Alcremie\n|-boost|p1a: Alcremie|spa|1\n|-boost|p1a: Alcremie|spd|1\n|\n|-heal|p1a: Alcremie|209/263|[from] item: Leftovers\n|upkeep\n|turn|7\n|inactive|Mimicer has 120 seconds left.\n|\n|t:|1732976232\n|switch|p1a: Palossand|Palossand, L89, F|296/296\n|move|p2a: Salazzle|Toxic|p1a: Palossand\n|-status|p1a: Palossand|tox\n|\n|-damage|p1a: Palossand|278/296 tox|[from] psn\n|upkeep\n|turn|8\n|inactive|Mimicer has 120 seconds left.\n|\n|t:|1732976244\n|switch|p2a: Tsareena|Tsareena, L87, F|267/267\n|move|p1a: Palossand|Earth Power|p2a: Tsareena\n|-resisted|p2a: Tsareena\n|-damage|p2a: Tsareena|216/267\n|\n|-heal|p1a: Palossand|296/296 tox|[from] item: Leftovers\n|-damage|p1a: Palossand|260/296 tox|[from] psn\n|upkeep\n|turn|9\n|inactive|Mimicer has 120 seconds left.\n|\n|t:|1732976255\n|switch|p1a: Slowbro|Slowbro-Galar, L87, F|307/307\n|move|p2a: Tsareena|Power Whip|p1a: Slowbro\n|-resisted|p1a: Slowbro\n|-damage|p1a: Slowbro|233/307\n|\n|upkeep\n|turn|10\n|inactive|Mimicer has 120 seconds left.\n|\n|t:|1732976272\n|switch|p2a: Mienshao|Mienshao, L83, F|244/244\n|move|p1a: Slowbro|Fire Blast|p2a: Mienshao\n|-crit|p2a: Mienshao\n|-damage|p2a: Mienshao|40/244\n|-damage|p1a: Slowbro|203/307|[from] item: Life Orb\n|\n|upkeep\n|turn|11\n|\n|t:|1732976286\n|switch|p1a: Alcremie|Alcremie-Ruby-Cream, L90, F|209/263\n|move|p2a: Mienshao|Knock Off|p1a: Alcremie\n|-resisted|p1a: Alcremie\n|-damage|p1a: Alcremie|154/263\n|-enditem|p1a: Alcremie|Leftovers|[from] move: Knock Off|[of] p2a: Mienshao\n|-damage|p2a: Mienshao|16/244|[from] item: Life Orb\n|\n|upkeep\n|turn|12\n|inactive|Mimicer has 120 seconds left.\n|\n|t:|1732976297\n|move|p2a: Mienshao|Close Combat|p1a: Alcremie\n|-resisted|p1a: Alcremie\n|-damage|p1a: Alcremie|44/263\n|-unboost|p2a: Mienshao|def|1\n|-unboost|p2a: Mienshao|spd|1\n|-damage|p2a: Mienshao|0 fnt|[from] item: Life Orb\n|faint|p2a: Mienshao\n|move|p1a: Alcremie|Recover|p1a: Alcremie\n|-heal|p1a: Alcremie|176/263\n|\n|upkeep\n|\n|t:|1732976308\n|switch|p2a: Salazzle|Salazzle, L83, F|249/249\n|turn|13\n|\n|t:|1732976310\n|switch|p1a: Palossand|Palossand, L89, F|260/296 tox\n|move|p2a: Salazzle|Toxic|p1a: Palossand\n|-fail|p1a: Palossand|tox\n|\n|-heal|p1a: Palossand|278/296 tox|[from] item: Leftovers\n|-damage|p1a: Palossand|260/296 tox|[from] psn\n|upkeep\n|turn|14\n|\n|t:|1732976318\n|switch|p2a: Tsareena|Tsareena, L87, F|216/267\n|move|p1a: Palossand|Earth Power|p2a: Tsareena\n|-resisted|p2a: Tsareena\n|-damage|p2a: Tsareena|163/267\n|\n|-heal|p1a: Palossand|278/296 tox|[from] item: Leftovers\n|-damage|p1a: Palossand|242/296 tox|[from] psn\n|upkeep\n|turn|15\n|\n|t:|1732976328\n|switch|p1a: Alcremie|Alcremie-Ruby-Cream, L90, F|176/263\n|move|p2a: Tsareena|Power Whip|p1a: Alcremie\n|-damage|p1a: Alcremie|4/263\n|\n|upkeep\n|turn|16\n|\n|t:|1732976335\n|switch|p1a: Slowbro|Slowbro-Galar, L87, F|305/307\n|move|p2a: Tsareena|Power Whip|p1a: Slowbro\n|-resisted|p1a: Slowbro\n|-damage|p1a: Slowbro|229/307\n|\n|upkeep\n|turn|17\n|\n|t:|1732976349\n|move|p2a: Tsareena|U-turn|p1a: Slowbro\n|-damage|p1a: Slowbro|176/307\n|\n|t:|1732976352\n|switch|p2a: Klawf|Klawf, L90, F|272/272|[from] U-turn\n|move|p1a: Slowbro|Psychic|p2a: Klawf\n|-damage|p2a: Klawf|99/272\n|-damage|p1a: Slowbro|146/307|[from] item: Life Orb\n|\n|upkeep\n|turn|18\n|\n|t:|1732976361\n|switch|p1a: Alcremie|Alcremie-Ruby-Cream, L90, F|4/263\n|move|p2a: Klawf|Stealth Rock|p1a: Alcremie\n|-sidestart|p1: afsdjkfsad|move: Stealth Rock\n|\n|upkeep\n|turn|19\n|\n|t:|1732976367\n|move|p2a: Klawf|Crabhammer|p1a: Alcremie|[miss]\n|-miss|p2a: Klawf|p1a: Alcremie\n|move|p1a: Alcremie|Alluring Voice|p2a: Klawf\n|-damage|p2a: Klawf|0 fnt\n|faint|p2a: Klawf\n|\n|upkeep\n|\n|t:|1732976379\n|switch|p2a: Salazzle|Salazzle, L83, F|249/249\n|turn|20\n|\n|t:|1732976385\n|move|p2a: Salazzle|Flamethrower|p1a: Alcremie\n|-damage|p1a: Alcremie|0 fnt\n|faint|p1a: Alcremie\n|\n|upkeep\n|\n|t:|1732976390\n|switch|p1a: Palossand|Palossand, L89, F|242/296 tox\n|-damage|p1a: Palossand|224/296 tox|[from] Stealth Rock\n|turn|21\n|\n|t:|1732976396\n|switch|p2a: Tsareena|Tsareena, L87, F|163/267\n|move|p1a: Palossand|Earth Power|p2a: Tsareena\n|-resisted|p2a: Tsareena\n|-damage|p2a: Tsareena|115/267\n|\n|-heal|p1a: Palossand|242/296 tox|[from] item: Leftovers\n|-damage|p1a: Palossand|224/296 tox|[from] psn\n|upkeep\n|turn|22\n|\n|t:|1732976406\n|switch|p1a: Slowbro|Slowbro-Galar, L87, F|248/307\n|-damage|p1a: Slowbro|210/307|[from] Stealth Rock\n|move|p2a: Tsareena|Synthesis|p2a: Tsareena\n|-heal|p2a: Tsareena|248/267\n|\n|upkeep\n|turn|23\n|\n|t:|1732976419\n|switch|p2a: Vigoroth|Vigoroth, L85, M|275/275\n|move|p1a: Slowbro|Fire Blast|p2a: Vigoroth\n|-damage|p2a: Vigoroth|168/275\n|-damage|p1a: Slowbro|180/307|[from] item: Life Orb\n|\n|upkeep\n|turn|24\n|\n|t:|1732976448\n|switch|p1a: Beartic|Beartic, L91, F|321/321\n|move|p2a: Vigoroth|Knock Off|p1a: Beartic\n|-damage|p1a: Beartic|257/321\n|-enditem|p1a: Beartic|Heavy-Duty Boots|[from] move: Knock Off|[of] p2a: Vigoroth\n|\n|upkeep\n|turn|25\n|\n|t:|1732976457\n|switch|p2a: Salazzle|Salazzle, L83, F|249/249\n|move|p1a: Beartic|Snowscape|p1a: Beartic\n|-weather|Snow\n|\n|-weather|Snow|[upkeep]\n|upkeep\n|turn|26\n|\n|t:|1732976462\n|move|p1a: Beartic|Earthquake|p2a: Salazzle\n|-supereffective|p2a: Salazzle\n|-damage|p2a: Salazzle|0 fnt\n|faint|p2a: Salazzle\n|\n|-weather|Snow|[upkeep]\n|upkeep\n|\n|t:|1732976469\n|switch|p2a: Vigoroth|Vigoroth, L85, M|168/275\n|turn|27\n|\n|t:|1732976479\n|-terastallize|p1a: Beartic|Fighting\n|move|p1a: Beartic|Close Combat|p2a: Vigoroth\n|-supereffective|p2a: Vigoroth\n|-damage|p2a: Vigoroth|0 fnt\n|-unboost|p1a: Beartic|def|1\n|-unboost|p1a: Beartic|spd|1\n|faint|p2a: Vigoroth\n|\n|-weather|Snow|[upkeep]\n|upkeep\n|\n|t:|1732976488\n|switch|p2a: Zapdos|Zapdos, L78, tera:Steel|181/268\n|turn|28\n|\n|t:|1732976497\n|move|p1a: Beartic|Earthquake|p2a: Zapdos\n|-supereffective|p2a: Zapdos\n|-damage|p2a: Zapdos|0 fnt\n|faint|p2a: Zapdos\n|\n|-weather|Snow|[upkeep]\n|upkeep\n|\n|t:|1732976502\n|switch|p2a: Tsareena|Tsareena, L87, F|248/267\n|turn|29\n|\n|t:|1732976508\n|move|p1a: Beartic|Icicle Crash|p2a: Tsareena\n|-supereffective|p2a: Tsareena\n|-damage|p2a: Tsareena|6/267\n|move|p2a: Tsareena|Power Whip|p1a: Beartic\n|-crit|p1a: Beartic\n|-damage|p1a: Beartic|0 fnt\n|faint|p1a: Beartic\n|\n|-weather|none\n|upkeep\n|\n|t:|1732976516\n|switch|p1a: Slowbro|Slowbro-Galar, L87, F|282/307\n|-damage|p1a: Slowbro|244/307|[from] Stealth Rock\n|turn|30\n|\n|t:|1732976520\n|move|p2a: Tsareena|Synthesis|p2a: Tsareena\n|-heal|p2a: Tsareena|139/267\n|move|p1a: Slowbro|Shell Side Arm|p2a: Tsareena|[anim] Shell Side Arm Physical\n|-supereffective|p2a: Tsareena\n|-damage|p2a: Tsareena|0 fnt\n|-hint|Physical Shell Side Arm\n|faint|p2a: Tsareena\n|-damage|p1a: Slowbro|214/307|[from] item: Life Orb\n|\n|win|afsdjkfsad\n|raw|afsdjkfsad's rating: 1000 &rarr; <strong>1040</strong><br />(+40 for winning)\n|raw|Mimicer's rating: 1000 &rarr; <strong>1000</strong><br />(+0 for losing)\n|l|\u2606Mimicer\n|player|p2|\n", "inputlog": ">version b107d77f5c90bd6555267ae244a6264823309ead\n>start {\"formatid\":\"gen9randombattle\",\"seed\":[39482,17789,1226,33],\"rated\":\"Rated battle\"}\n>player p1 {\"name\":\"afsdjkfsad\",\"avatar\":\"266\",\"rating\":1000,\"seed\":[16765,39069,35795,48008]}\n>player p2 {\"name\":\"Mimicer\",\"avatar\":\"169\",\"rating\":1000,\"seed\":[35685,58021,39816,57541]}\n>p1 move calmmind\n>p2 move hurricane\n>p1 move recover\n>p2 move hurricane\n>p1 move alluringvoice\n>p2 move discharge\n>p1 move alluringvoice\n>p2 move roost\n>p1 move alluringvoice\n>p2 move roost terastallize\n>p1 move calmmind\n>p2 move uturn\n>p2 switch 4\n>p1 switch 4\n>p2 move toxic\n>p1 move earthpower\n>p2 switch 2\n>p1 switch 5\n>p2 move powerwhip\n>p1 move fireblast\n>p2 switch 6\n>p1 switch 4\n>p2 move knockoff\n>p1 move recover\n>p2 move closecombat\n>p2 switch 2\n>p1 switch 5\n>p2 move toxic\n>p1 move earthpower\n>p2 switch 6\n>p1 switch 5\n>p2 move powerwhip\n>p1 switch 4\n>p2 move powerwhip\n>p1 move psychic\n>p2 move uturn\n>p2 switch 5\n>p1 switch 4\n>p2 move stealthrock\n>p1 move alluringvoice\n>p2 move crabhammer\n>p2 switch 6\n>p1 move alluringvoice\n>p2 move flamethrower\n>p1 switch 5\n>p1 move earthpower\n>p2 switch 5\n>p1 switch 4\n>p2 move synthesis\n>p1 move fireblast\n>p2 switch 3\n>p1 switch 6\n>p2 move knockoff\n>p1 move snowscape\n>p2 switch 5\n>p1 move earthquake\n>p2 move flamethrower\n>p2 switch 5\n>p1 move closecombat terastallize\n>p2 move bodyslam\n>p2 switch 4\n>p1 move earthquake\n>p2 move hurricane\n>p2 switch 3\n>p1 move iciclecrash\n>p2 move powerwhip\n>p1 switch 6\n>p1 move shellsidearm\n>p2 move synthesis", "uploadtime": 1732976546, "views": 1, "formatid": "gen9randombattle", "rating": 1000, "private": 0, "password": null}