{"id": "gen9randombattle-2253934852", "format": "[Gen 9] Random Battle", "players": ["Mariomp7", "bi hunk"], "log": "|j|\u2606Mariomp7\n|j|\u2606bi hunk\n|t:|1732967019\n|gametype|singles\n|player|p1|Mariomp7|265|1657\n|player|p2|bi hunk|milo|1651\n|teamsize|p1|6\n|teamsize|p2|6\n|gen|9\n|tier|[Gen 9] Random Battle\n|rated|\n|rule|Species Clause: Limit one of each Pok\u00e9mon\n|rule|HP Percentage Mod: HP is shown in percentages\n|rule|Sleep Clause Mod: Limit one foe put to sleep\n|rule|Illusion Level Mod: Illusion disguises the Pok\u00e9mon's true level\n|\n|t:|1732967019\n|start\n|switch|p1a: Heracross|Heracross, L80, F|259/259\n|switch|p2a: Copperajah|Copperajah, L86, F|350/350\n|turn|1\n|inactive|Battle timer is ON: inactive players will automatically lose when time's up. (requested by bi hunk)\n|\n|t:|1732967028\n|switch|p2a: Yanmega|Yanmega, L82, M|275/275\n|move|p1a: Heracross|Trailblaze|p2a: Yanmega\n|-resisted|p2a: Yanmega\n|-damage|p2a: Yanmega|265/275\n|-boost|p1a: Heracross|spe|1\n|\n|-status|p1a: Heracross|brn|[from] item: Flame Orb\n|upkeep\n|turn|2\n|\n|t:|1732967035\n|move|p2a: Yanmega|Protect|p2a: Yanmega\n|-singleturn|p2a: Yanmega|Protect\n|move|p1a: Heracross|Facade|p2a: Yanmega\n|-activate|p2a: Yanmega|move: Protect\n|\n|-damage|p1a: Heracross|243/259 brn|[from] brn\n|-ability|p2a: Yanmega|Speed Boost|boost\n|-boost|p2a: Yanmega|spe|1\n|upkeep\n|turn|3\n|\n|t:|1732967039\n|-terastallize|p1a: Heracross|Normal\n|move|p2a: Yanmega|Air Slash|p1a: Heracross\n|-damage|p1a: Heracross|159/259 brn\n|cant|p1a: Heracross|flinch\n|\n|-damage|p1a: Heracross|143/259 brn|[from] brn\n|-ability|p2a: Yanmega|Speed Boost|boost\n|-boost|p2a: Yanmega|spe|1\n|upkeep\n|turn|4\n|c|\u2606Mariomp7|x\n|c|\u2606Mariomp7|d\n|\n|t:|1732967048\n|move|p2a: Yanmega|Protect|p2a: Yanmega\n|-singleturn|p2a: Yanmega|Protect\n|move|p1a: Heracross|Facade|p2a: Yanmega\n|-activate|p2a: Yanmega|move: Protect\n|\n|-damage|p1a: Heracross|127/259 brn|[from] brn\n|-ability|p2a: Yanmega|Speed Boost|boost\n|-boost|p2a: Yanmega|spe|1\n|upkeep\n|turn|5\n|\n|t:|1732967053\n|move|p2a: Yanmega|Bug Buzz|p1a: Heracross\n|-damage|p1a: Heracross|19/259 brn\n|move|p1a: Heracross|Facade|p2a: Yanmega\n|-damage|p2a: Yanmega|15/275\n|\n|-damage|p1a: Heracross|3/259 brn|[from] brn\n|-ability|p2a: Yanmega|Speed Boost|boost\n|-boost|p2a: Yanmega|spe|1\n|upkeep\n|turn|6\n|\n|t:|1732967058\n|move|p2a: Yanmega|Bug Buzz|p1a: Heracross\n|-damage|p1a: Heracross|0 fnt\n|faint|p1a: Heracross\n|\n|-ability|p2a: Yanmega|Speed Boost|boost\n|-boost|p2a: Yanmega|spe|1\n|upkeep\n|\n|t:|1732967062\n|switch|p1a: Empoleon|Empoleon, L84, F|278/278\n|turn|7\n|\n|t:|1732967067\n|move|p2a: Yanmega|Bug Buzz|p1a: Empoleon\n|-resisted|p1a: Empoleon\n|-damage|p1a: Empoleon|231/278\n|move|p1a: Empoleon|Knock Off|p2a: Yanmega\n|-damage|p2a: Yanmega|0 fnt\n|-enditem|p2a: Yanmega|Heavy-Duty Boots|[from] move: Knock Off|[of] p1a: Empoleon\n|faint|p2a: Yanmega\n|\n|-heal|p1a: Empoleon|248/278|[from] item: Leftovers\n|upkeep\n|\n|t:|1732967076\n|switch|p2a: Pawmot|Pawmot, L80, M|243/243\n|turn|8\n|\n|t:|1732967081\n|move|p2a: Pawmot|Close Combat|p1a: Empoleon\n|-supereffective|p1a: Empoleon\n|-damage|p1a: Empoleon|0 fnt\n|-unboost|p2a: Pawmot|def|1\n|-unboost|p2a: Pawmot|spd|1\n|faint|p1a: Empoleon\n|-damage|p2a: Pawmot|219/243|[from] item: Life Orb\n|\n|upkeep\n|\n|t:|1732967089\n|switch|p1a: Iron Moth|Iron Moth, L78|253/253\n|turn|9\n|\n|t:|1732967094\n|move|p1a: Iron Moth|Fire Blast|p2a: Pawmot\n|-damage|p2a: Pawmot|0 fnt\n|faint|p2a: Pawmot\n|\n|upkeep\n|\n|t:|1732967099\n|switch|p2a: Chansey|Chansey, L85, F|564/564\n|turn|10\n|\n|t:|1732967118\n|-end|p1a: Iron Moth|Quark Drive|[silent]\n|switch|p1a: Slowbro|Slowbro-Galar, L87, F|307/307\n|move|p2a: Chansey|Thunder Wave|p1a: Slowbro\n|-status|p1a: Slowbro|par\n|\n|upkeep\n|turn|11\n|\n|t:|1732967126\n|switch|p2a: Copperajah|Copperajah, L86, F|350/350\n|switch|p1a: Meganium|Meganium, L90, F|290/290\n|\n|upkeep\n|turn|12\n|\n|t:|1732967153\n|switch|p2a: Koraidon|Koraidon, L64|235/235\n|-weather|SunnyDay|[from] ability: Orichalcum Pulse|[of] p2a: Koraidon\n|-activate|p2a: Koraidon|Orichalcum Pulse|[source]\n|move|p1a: Meganium|Knock Off|p2a: Koraidon\n|-resisted|p2a: Koraidon\n|-damage|p2a: Koraidon|201/235\n|-enditem|p2a: Koraidon|Choice Band|[from] move: Knock Off|[of] p1a: Meganium\n|\n|-weather|SunnyDay|[upkeep]\n|upkeep\n|turn|13\n|\n|t:|1732967161\n|switch|p1a: Delibird|Delibird, M|252/252\n|move|p2a: Koraidon|U-turn|p1a: Delibird\n|-resisted|p1a: Delibird\n|-damage|p1a: Delibird|221/252\n|\n|t:|1732967167\n|switch|p2a: Copperajah|Copperajah, L86, F|350/350|[from] U-turn\n|\n|-weather|SunnyDay|[upkeep]\n|upkeep\n|turn|14\n|\n|t:|1732967171\n|move|p1a: Delibird|Spikes|p2a: Copperajah\n|-sidestart|p2: bi hunk|Spikes\n|move|p2a: Copperajah|Iron Head|p1a: Delibird\n|-supereffective|p1a: Delibird\n|-damage|p1a: Delibird|0 fnt\n|faint|p1a: Delibird\n|\n|-weather|SunnyDay|[upkeep]\n|upkeep\n|\n|t:|1732967174\n|switch|p1a: Iron Moth|Iron Moth, L78|253/253\n|turn|15\n|\n|t:|1732967177\n|switch|p2a: Chansey|Chansey, L85, F|564/564\n|-damage|p2a: Chansey|494/564|[from] Spikes\n|move|p1a: Iron Moth|Toxic Spikes|p2a: Chansey\n|-sidestart|p2: bi hunk|move: Toxic Spikes\n|\n|-weather|SunnyDay|[upkeep]\n|upkeep\n|turn|16\n|\n|t:|1732967181\n|-end|p1a: Iron Moth|Quark Drive|[silent]\n|switch|p1a: Slowbro|Slowbro-Galar, L87, F|307/307 par\n|move|p2a: Chansey|Seismic Toss|p1a: Slowbro\n|-damage|p1a: Slowbro|222/307 par\n|\n|-weather|none\n|upkeep\n|turn|17\n|\n|t:|1732967184\n|switch|p2a: Copperajah|Copperajah, L86, F|350/350\n|-damage|p2a: Copperajah|307/350|[from] Spikes\n|move|p1a: Slowbro|Shell Side Arm|p2a: Copperajah|[anim] Shell Side Arm Physical\n|-immune|p2a: Copperajah\n|\n|upkeep\n|turn|18\n|\n|t:|1732967205\n|switch|p1a: Iron Moth|Iron Moth, L78|253/253\n|move|p2a: Copperajah|Rock Slide|p1a: Iron Moth\n|-supereffective|p1a: Iron Moth\n|-damage|p1a: Iron Moth|0 fnt\n|faint|p1a: Iron Moth\n|-end|p1a: Iron Moth|Quark Drive|[silent]\n|\n|upkeep\n|-message|Mariomp7 forfeited.\n|\n|win|bi hunk\n|raw|Mariomp7's rating: 1657 &rarr; <strong>1637</strong><br />(-20 for losing)\n|raw|bi hunk's rating: 1651 &rarr; <strong>1671</strong><br />(+20 for winning)\n|l|\u2606Mariomp7\n|player|p1|\n", "inputlog": ">version b107d77f5c90bd6555267ae244a6264823309ead\n>start {\"formatid\":\"gen9randombattle\",\"seed\":[18157,48513,46338,28607],\"rated\":\"Rated battle\"}\n>player p1 {\"name\":\"Mariomp7\",\"avatar\":\"265\",\"rating\":1657,\"seed\":[59517,54518,7961,4551]}\n>player p2 {\"name\":\"bi hunk\",\"avatar\":\"milo\",\"rating\":1651,\"seed\":[21021,61708,33015,58286]}\n>p1 move trailblaze\n>p2 switch 5\n>p1 move facade\n>p2 move protect\n>p1 move facade terastallize\n>p2 move airslash\n>chat \u2606Mariomp7|x\n>chat \u2606Mariomp7|d\n>p1 move facade\n>p2 move protect\n>p1 move facade\n>p2 move bugbuzz\n>p1 move knockoff\n>p2 move bugbuzz\n>p1 switch 5\n>p1 move knockoff\n>p2 move bugbuzz\n>p2 switch 4\n>p1 move knockoff\n>p2 move closecombat\n>p1 switch 3\n>p1 move fireblast\n>p2 move doubleshock\n>p2 switch 2\n>p1 switch 4\n>p2 move thunderwave\n>p1 switch 6\n>p2 switch 5\n>p1 move knockoff\n>p2 switch 6\n>p1 switch 2\n>p2 move uturn\n>p2 switch 6\n>p1 move spikes\n>p2 move ironhead\n>p1 switch 4\n>p1 move toxicspikes\n>p2 switch 5\n>p1 switch 6\n>p2 move seismictoss\n>p1 move shellsidearm\n>p2 switch 5\n>p1 switch 6\n>p2 move rockslide\n>forcelose p1", "uploadtime": 1732967210, "views": 1, "formatid": "gen9randombattle", "rating": 1637, "private": 0, "password": null}