{"id": "gen9randombattle-2254027582", "format": "[Gen 9] Random Battle", "players": ["Soul Gem", "WhalesAreAwesome!"], "log": "|j|\u2606Soul Gem\n|j|\u2606WhalesAreAwesome!\n|t:|1732981956\n|gametype|singles\n|player|p1|Soul Gem|misty|2093\n|player|p2|WhalesAreAwesome!|tuber|2047\n|teamsize|p1|6\n|teamsize|p2|6\n|gen|9\n|tier|[Gen 9] Random Battle\n|rated|\n|rule|Species Clause: Limit one of each Pok\u00e9mon\n|rule|HP Percentage Mod: HP is shown in percentages\n|rule|Sleep Clause Mod: Limit one foe put to sleep\n|rule|Illusion Level Mod: Illusion disguises the Pok\u00e9mon's true level\n|\n|t:|1732981956\n|start\n|switch|p1a: Drednaw|Drednaw, L81, F|278/278\n|switch|p2a: Flapple|Flapple, L88, F|266/266\n|turn|1\n|inactive|Battle timer is ON: inactive players will automatically lose when time's up. (requested by WhalesAreAwesome!)\n|\n|t:|1732981983\n|switch|p1a: Ludicolo|Ludicolo, L90, F|290/290\n|move|p2a: Flapple|Dragon Dance|p2a: Flapple\n|-boost|p2a: Flapple|atk|1\n|-boost|p2a: Flapple|spe|1\n|\n|upkeep\n|turn|2\n|\n|t:|1732981991\n|move|p2a: Flapple|Outrage|p1a: Ludicolo|[miss]\n|-miss|p2a: Flapple|p1a: Ludicolo\n|move|p1a: Ludicolo|Ice Beam|p2a: Flapple\n|-supereffective|p2a: Flapple\n|-damage|p2a: Flapple|0 fnt\n|faint|p2a: Flapple\n|\n|upkeep\n|\n|t:|1732982000\n|switch|p2a: Meloetta|Meloetta, L82|298/298\n|turn|3\n|\n|t:|1732982021\n|switch|p1a: Scrafty|Scrafty, L84, F|246/246\n|move|p2a: Meloetta|Relic Song|p1a: Scrafty\n|-damage|p1a: Scrafty|149/246\n|-formechange|p2a: Meloetta|Meloetta-Pirouette|[msg]\n|-damage|p2a: Meloetta|269/298|[from] item: Life Orb\n|\n|-heal|p1a: Scrafty|164/246|[from] item: Leftovers\n|upkeep\n|turn|4\n|\n|t:|1732982029\n|switch|p1a: Sylveon|Sylveon, L85, F|300/300\n|move|p2a: Meloetta|Close Combat|p1a: Sylveon\n|-resisted|p1a: Sylveon\n|-damage|p1a: Sylveon|188/300\n|-unboost|p2a: Meloetta|def|1\n|-unboost|p2a: Meloetta|spd|1\n|-damage|p2a: Meloetta|240/298|[from] item: Life Orb\n|\n|-heal|p1a: Sylveon|206/300|[from] item: Leftovers\n|upkeep\n|turn|5\n|\n|t:|1732982041\n|switch|p2a: Glimmora|Glimmora, L75, M|248/248\n|-item|p2a: Glimmora|Air Balloon\n|move|p1a: Sylveon|Protect||[still]\n|-fail|p1a: Sylveon\n|\n|-heal|p1a: Sylveon|224/300|[from] item: Leftovers\n|upkeep\n|turn|6\n|\n|t:|1732982048\n|switch|p1a: Scrafty|Scrafty, L84, F|164/246\n|move|p2a: Glimmora|Spikes|p1a: Scrafty\n|-sidestart|p1: Soul Gem|Spikes\n|\n|-heal|p1a: Scrafty|179/246|[from] item: Leftovers\n|upkeep\n|turn|7\n|\n|t:|1732982057\n|switch|p2a: Meloetta|Meloetta, L82|240/298\n|move|p1a: Scrafty|Bulk Up|p1a: Scrafty\n|-boost|p1a: Scrafty|atk|1\n|-boost|p1a: Scrafty|def|1\n|\n|-heal|p1a: Scrafty|194/246|[from] item: Leftovers\n|upkeep\n|turn|8\n|\n|t:|1732982062\n|move|p2a: Meloetta|Relic Song|p1a: Scrafty\n|-damage|p1a: Scrafty|89/246\n|-formechange|p2a: Meloetta|Meloetta-Pirouette|[msg]\n|-damage|p2a: Meloetta|211/298|[from] item: Life Orb\n|move|p1a: Scrafty|Drain Punch|p2a: Meloetta\n|-supereffective|p2a: Meloetta\n|-damage|p2a: Meloetta|0 fnt\n|-heal|p1a: Scrafty|195/246|[from] drain|[of] p2a: Meloetta\n|faint|p2a: Meloetta\n|\n|-heal|p1a: Scrafty|210/246|[from] item: Leftovers\n|upkeep\n|\n|t:|1732982067\n|switch|p2a: Azumarill|Azumarill, L82, M|298/298\n|turn|9\n|\n|t:|1732982082\n|-terastallize|p1a: Scrafty|Poison\n|move|p1a: Scrafty|Knock Off|p2a: Azumarill\n|-resisted|p2a: Azumarill\n|-damage|p2a: Azumarill|214/298\n|-enditem|p2a: Azumarill|Choice Band|[from] move: Knock Off|[of] p1a: Scrafty\n|move|p2a: Azumarill|Play Rough|p1a: Scrafty\n|-resisted|p1a: Scrafty\n|-damage|p1a: Scrafty|182/246\n|\n|-heal|p1a: Scrafty|197/246|[from] item: Leftovers\n|upkeep\n|turn|10\n|\n|t:|1732982090\n|move|p1a: Scrafty|Bulk Up|p1a: Scrafty\n|-boost|p1a: Scrafty|atk|1\n|-boost|p1a: Scrafty|def|1\n|move|p2a: Azumarill|Knock Off|p1a: Scrafty\n|-damage|p1a: Scrafty|162/246\n|-enditem|p1a: Scrafty|Leftovers|[from] move: Knock Off|[of] p2a: Azumarill\n|\n|upkeep\n|turn|11\n|\n|t:|1732982096\n|move|p1a: Scrafty|Drain Punch|p2a: Azumarill\n|-resisted|p2a: Azumarill\n|-damage|p2a: Azumarill|125/298\n|-heal|p1a: Scrafty|207/246|[from] drain|[of] p2a: Azumarill\n|move|p2a: Azumarill|Liquidation|p1a: Scrafty\n|-damage|p1a: Scrafty|167/246\n|-unboost|p1a: Scrafty|def|1\n|\n|upkeep\n|turn|12\n|\n|t:|1732982100\n|move|p1a: Scrafty|Bulk Up|p1a: Scrafty\n|-boost|p1a: Scrafty|atk|1\n|-boost|p1a: Scrafty|def|1\n|move|p2a: Azumarill|Liquidation|p1a: Scrafty\n|-crit|p1a: Scrafty\n|-damage|p1a: Scrafty|40/246\n|\n|upkeep\n|turn|13\n|\n|t:|1732982105\n|move|p1a: Scrafty|Rest|p1a: Scrafty\n|-status|p1a: Scrafty|slp|[from] move: Rest\n|-heal|p1a: Scrafty|246/246 slp|[silent]\n|move|p2a: Azumarill|Liquidation|p1a: Scrafty\n|-damage|p1a: Scrafty|200/246 slp\n|\n|upkeep\n|turn|14\n|\n|t:|1732982119\n|switch|p2a: Sandy Shocks|Sandy Shocks, L80|267/267\n|cant|p1a: Scrafty|slp\n|\n|upkeep\n|turn|15\n|\n|t:|1732982143\n|move|p2a: Sandy Shocks|Earth Power|p1a: Scrafty\n|-supereffective|p1a: Scrafty\n|-damage|p1a: Scrafty|44/246 slp\n|cant|p1a: Scrafty|slp\n|\n|upkeep\n|turn|16\n|\n|t:|1732982151\n|switch|p1a: Sylveon|Sylveon, L85, F|224/300\n|-damage|p1a: Sylveon|187/300|[from] Spikes\n|move|p2a: Sandy Shocks|Thunderbolt|p1a: Sylveon\n|-damage|p1a: Sylveon|103/300\n|\n|-heal|p1a: Sylveon|121/300|[from] item: Leftovers\n|upkeep\n|turn|17\n|\n|t:|1732982163\n|move|p2a: Sandy Shocks|Stealth Rock|p1a: Sylveon\n|-sidestart|p1: Soul Gem|move: Stealth Rock\n|move|p1a: Sylveon|Wish|p1a: Sylveon\n|\n|-heal|p1a: Sylveon|139/300|[from] item: Leftovers\n|upkeep\n|turn|18\n|\n|t:|1732982169\n|-end|p2a: Sandy Shocks|Protosynthesis|[silent]\n|switch|p2a: Glimmora|Glimmora, L75, M|248/248\n|-item|p2a: Glimmora|Air Balloon\n|move|p1a: Sylveon|Hyper Voice|p2a: Glimmora\n|-resisted|p2a: Glimmora\n|-damage|p2a: Glimmora|173/248\n|-enditem|p2a: Glimmora|Air Balloon\n|\n|-heal|p1a: Sylveon|289/300|[from] move: Wish|[wisher] Sylveon\n|-heal|p1a: Sylveon|300/300|[from] item: Leftovers\n|upkeep\n|turn|19\n|\n|t:|1732982182\n|switch|p1a: Scrafty|Scrafty, L84, F, tera:Poison|44/246 slp\n|-damage|p1a: Scrafty|14/246 slp|[from] Spikes\n|-damage|p1a: Scrafty|0 fnt|[from] Stealth Rock\n|faint|p1a: Scrafty\n|move|p2a: Glimmora|Spikes|p1: Scrafty\n|-sidestart|p1: Soul Gem|Spikes\n|\n|upkeep\n|inactive|Soul Gem has 120 seconds left.\n|\n|t:|1732982212\n|switch|p1a: Ludicolo|Ludicolo, L90, F|290/290\n|-damage|p1a: Ludicolo|242/290|[from] Spikes\n|-damage|p1a: Ludicolo|206/290|[from] Stealth Rock\n|turn|20\n|inactive|Soul Gem has 120 seconds left.\n|\n|t:|1732982224\n|switch|p2a: Azumarill|Azumarill, L82, M|125/298\n|move|p1a: Ludicolo|Hydro Pump|p2a: Azumarill|[miss]\n|-miss|p1a: Ludicolo|p2a: Azumarill\n|\n|upkeep\n|turn|21\n|\n|t:|1732982231\n|move|p1a: Ludicolo|Hydro Pump|p2a: Azumarill\n|-resisted|p2a: Azumarill\n|-damage|p2a: Azumarill|18/298\n|move|p2a: Azumarill|Play Rough|p1a: Ludicolo\n|-damage|p1a: Ludicolo|79/290\n|\n|upkeep\n|turn|22\n|\n|t:|1732982237\n|move|p2a: Azumarill|Aqua Jet|p1a: Ludicolo\n|-resisted|p1a: Ludicolo\n|-damage|p1a: Ludicolo|64/290\n|move|p1a: Ludicolo|Hydro Pump|p2a: Azumarill|[miss]\n|-miss|p1a: Ludicolo|p2a: Azumarill\n|\n|upkeep\n|turn|23\n|\n|t:|1732982240\n|move|p2a: Azumarill|Aqua Jet|p1a: Ludicolo\n|-resisted|p1a: Ludicolo\n|-damage|p1a: Ludicolo|51/290\n|move|p1a: Ludicolo|Hydro Pump|p2a: Azumarill\n|-resisted|p2a: Azumarill\n|-crit|p2a: Azumarill\n|-damage|p2a: Azumarill|0 fnt\n|faint|p2a: Azumarill\n|\n|upkeep\n|\n|t:|1732982245\n|switch|p2a: Sandy Shocks|Sandy Shocks, L80|267/267\n|turn|24\n|\n|t:|1732982248\n|move|p2a: Sandy Shocks|Thunderbolt|p1a: Ludicolo\n|-damage|p1a: Ludicolo|0 fnt\n|faint|p1a: Ludicolo\n|\n|upkeep\n|\n|t:|1732982260\n|switch|p1a: Sylveon|Sylveon, L85, F|300/300\n|-damage|p1a: Sylveon|250/300|[from] Spikes\n|-damage|p1a: Sylveon|213/300|[from] Stealth Rock\n|turn|25\n|\n|t:|1732982266\n|-end|p2a: Sandy Shocks|Protosynthesis|[silent]\n|switch|p2a: Glimmora|Glimmora, L75, M|173/248\n|move|p1a: Sylveon|Calm Mind|p1a: Sylveon\n|-boost|p1a: Sylveon|spa|1\n|-boost|p1a: Sylveon|spd|1\n|\n|-heal|p1a: Sylveon|231/300|[from] item: Leftovers\n|upkeep\n|turn|26\n|\n|t:|1732982271\n|move|p2a: Glimmora|Sludge Wave|p1a: Sylveon\n|-supereffective|p1a: Sylveon\n|-damage|p1a: Sylveon|139/300\n|move|p1a: Sylveon|Wish|p1a: Sylveon\n|\n|-heal|p1a: Sylveon|157/300|[from] item: Leftovers\n|upkeep\n|turn|27\n|\n|t:|1732982277\n|move|p2a: Glimmora|Sludge Wave|p1a: Sylveon\n|-supereffective|p1a: Sylveon\n|-damage|p1a: Sylveon|55/300\n|-status|p1a: Sylveon|psn\n|move|p1a: Sylveon|Calm Mind|p1a: Sylveon\n|-boost|p1a: Sylveon|spa|1\n|-boost|p1a: Sylveon|spd|1\n|\n|-heal|p1a: Sylveon|205/300 psn|[from] move: Wish|[wisher] Sylveon\n|-heal|p1a: Sylveon|223/300 psn|[from] item: Leftovers\n|-damage|p1a: Sylveon|186/300 psn|[from] psn\n|upkeep\n|turn|28\n|\n|t:|1732982285\n|move|p2a: Glimmora|Sludge Wave|p1a: Sylveon\n|-supereffective|p1a: Sylveon\n|-damage|p1a: Sylveon|108/300 psn\n|move|p1a: Sylveon|Hyper Voice|p2a: Glimmora\n|-resisted|p2a: Glimmora\n|-damage|p2a: Glimmora|9/248\n|\n|-heal|p1a: Sylveon|126/300 psn|[from] item: Leftovers\n|-damage|p1a: Sylveon|89/300 psn|[from] psn\n|upkeep\n|turn|29\n|\n|t:|1732982290\n|move|p2a: Glimmora|Sludge Wave|p1a: Sylveon\n|-supereffective|p1a: Sylveon\n|-damage|p1a: Sylveon|9/300 psn\n|move|p1a: Sylveon|Hyper Voice|p2a: Glimmora\n|-resisted|p2a: Glimmora\n|-damage|p2a: Glimmora|0 fnt\n|faint|p2a: Glimmora\n|\n|-heal|p1a: Sylveon|27/300 psn|[from] item: Leftovers\n|-damage|p1a: Sylveon|0 fnt|[from] psn\n|faint|p1a: Sylveon\n|upkeep\n|\n|t:|1732982297\n|switch|p2a: Sandy Shocks|Sandy Shocks, L80|267/267\n|switch|p1a: Virizion|Virizion, L82|283/283\n|-damage|p1a: Virizion|236/283|[from] Spikes\n|-damage|p1a: Virizion|219/283|[from] Stealth Rock\n|turn|30\n|\n|t:|1732982308\n|move|p1a: Virizion|Leaf Blade|p2a: Sandy Shocks\n|-supereffective|p2a: Sandy Shocks\n|-damage|p2a: Sandy Shocks|38/267\n|-damage|p1a: Virizion|191/283|[from] item: Life Orb\n|move|p2a: Sandy Shocks|Thunder Wave|p1a: Virizion\n|-status|p1a: Virizion|par\n|\n|-heal|p2a: Sandy Shocks|54/267|[from] item: Leftovers\n|upkeep\n|turn|31\n|\n|t:|1732982319\n|move|p2a: Sandy Shocks|Earth Power|p1a: Virizion\n|-resisted|p1a: Virizion\n|-damage|p1a: Virizion|150/283 par\n|move|p1a: Virizion|Leaf Blade|p2a: Sandy Shocks\n|-supereffective|p2a: Sandy Shocks\n|-damage|p2a: Sandy Shocks|0 fnt\n|faint|p2a: Sandy Shocks\n|-end|p2a: Sandy Shocks|Protosynthesis|[silent]\n|-damage|p1a: Virizion|122/283 par|[from] item: Life Orb\n|\n|upkeep\n|\n|t:|1732982321\n|switch|p2a: Urshifu|Urshifu, L74, M|270/270\n|turn|32\n|\n|t:|1732982332\n|-terastallize|p2a: Urshifu|Fighting\n|move|p2a: Urshifu|Swords Dance|p2a: Urshifu\n|-boost|p2a: Urshifu|atk|2\n|move|p1a: Virizion|Close Combat|p2a: Urshifu\n|-damage|p2a: Urshifu|117/270\n|-unboost|p1a: Virizion|def|1\n|-unboost|p1a: Virizion|spd|1\n|-damage|p1a: Virizion|94/283 par|[from] item: Life Orb\n|\n|upkeep\n|turn|33\n|\n|t:|1732982339\n|move|p2a: Urshifu|Wicked Blow|p1a: Virizion\n|-resisted|p1a: Virizion\n|-crit|p1a: Virizion\n|-damage|p1a: Virizion|0 fnt\n|faint|p1a: Virizion\n|-damage|p2a: Urshifu|90/270|[from] item: Life Orb\n|\n|upkeep\n|\n|t:|1732982343\n|switch|p1a: Drednaw|Drednaw, L81, F|278/278\n|-damage|p1a: Drednaw|232/278|[from] Spikes\n|-damage|p1a: Drednaw|198/278|[from] Stealth Rock\n|turn|34\n|\n|t:|1732982347\n|move|p2a: Urshifu|Close Combat|p1a: Drednaw\n|-supereffective|p1a: Drednaw\n|-damage|p1a: Drednaw|0 fnt\n|-unboost|p2a: Urshifu|def|1\n|-unboost|p2a: Urshifu|spd|1\n|faint|p1a: Drednaw\n|-damage|p2a: Urshifu|63/270|[from] item: Life Orb\n|\n|upkeep\n|\n|t:|1732982355\n|switch|p1a: Flareon|Flareon, L90, M|263/263\n|-damage|p1a: Flareon|220/263|[from] Spikes\n|-damage|p1a: Flareon|155/263|[from] Stealth Rock\n|turn|35\n|\n|t:|1732982359\n|move|p1a: Flareon|Quick Attack|p2a: Urshifu\n|-damage|p2a: Urshifu|0 fnt\n|faint|p2a: Urshifu\n|\n|win|Soul Gem\n|raw|Soul Gem's rating: 2093 &rarr; <strong>2110</strong><br />(+17 for winning)\n|raw|WhalesAreAwesome!'s rating: 2047 &rarr; <strong>2030</strong><br />(-17 for losing)\n|l|\u2606WhalesAreAwesome!\n|player|p2|\n", "inputlog": ">version b107d77f5c90bd6555267ae244a6264823309ead\n>start {\"formatid\":\"gen9randombattle\",\"seed\":[30926,64478,6872,48468],\"rated\":\"Rated battle\"}\n>player p1 {\"name\":\"Soul Gem\",\"avatar\":\"misty\",\"rating\":2093,\"seed\":[9015,13507,43877,21713]}\n>player p2 {\"name\":\"WhalesAreAwesome!\",\"avatar\":\"tuber\",\"rating\":2047,\"seed\":[41594,31953,51564,16891]}\n>p1 switch 4\n>p2 move dragondance\n>p1 move icebeam\n>p2 move outrage\n>p2 switch 4\n>p1 switch 2\n>p2 move relicsong\n>p1 switch 5\n>p2 move closecombat\n>p1 move protect\n>p2 switch 6\n>p1 switch 5\n>p2 move spikes\n>p1 move bulkup\n>p2 switch 6\n>p1 move drainpunch\n>p2 move relicsong\n>p2 switch 2\n>p1 move knockoff terastallize\n>p2 move playrough\n>p1 move bulkup\n>p2 move knockoff\n>p1 move drainpunch\n>p2 move liquidation\n>p1 move bulkup\n>p2 move liquidation\n>p1 move rest\n>p2 move liquidation\n>p1 move drainpunch\n>p2 switch 3\n>p1 move drainpunch\n>p2 move earthpower\n>p1 switch 5\n>p2 move thunderbolt\n>p1 move wish\n>p2 move stealthrock\n>p1 move hypervoice\n>p2 switch 6\n>p1 switch 5\n>p2 move spikes\n>p1 switch 2\n>p1 move hydropump\n>p2 switch 3\n>p1 move hydropump\n>p2 move playrough\n>p1 move hydropump\n>p2 move aquajet\n>p1 move hydropump\n>p2 move aquajet\n>p2 switch 6\n>p1 move hydropump\n>p2 move thunderbolt\n>p1 switch 5\n>p1 move calmmind\n>p2 switch 3\n>p1 move wish\n>p2 move sludgewave\n>p1 move calmmind\n>p2 move sludgewave\n>p1 move hypervoice\n>p2 move sludgewave\n>p1 move hypervoice\n>p2 move sludgewave\n>p1 switch 6\n>p2 switch 3\n>p1 move leafblade\n>p2 move thunderwave\n>p1 move leafblade\n>p2 move earthpower\n>p2 switch 5\n>p1 move closecombat\n>p2 move swordsdance terastallize\n>p1 move closecombat\n>p2 move wickedblow\n>p1 switch 4\n>p1 move liquidation\n>p2 move closecombat\n>p1 switch 3\n>p1 move quickattack\n>p2 move closecombat", "uploadtime": 1732982366, "views": 2, "formatid": "gen9randombattle", "rating": 2030, "private": 0, "password": null}