{"id": "gen9randombattle-2254078715", "format": "[Gen 9] Random Battle", "players": ["wheydebaunilha", "Sealed Book"], "log": "|j|\u2606wheydebaunilha\n|j|\u2606Sealed Book\n|t:|1732988608\n|gametype|singles\n|player|p1|wheydebaunilha|bellelba|1426\n|player|p2|Sealed Book|lisia|1396\n|teamsize|p1|6\n|teamsize|p2|6\n|gen|9\n|tier|[Gen 9] Random Battle\n|rated|\n|rule|Species Clause: Limit one of each Pok\u00e9mon\n|rule|HP Percentage Mod: HP is shown in percentages\n|rule|Sleep Clause Mod: Limit one foe put to sleep\n|rule|Illusion Level Mod: Illusion disguises the Pok\u00e9mon's true level\n|\n|t:|1732988608\n|start\n|switch|p1a: Overqwil|Overqwil, L82, F|274/274\n|switch|p2a: Carbink|Carbink, L90|236/236\n|-ability|p1a: Overqwil|Intimidate|boost\n|-unboost|p2a: Carbink|atk|1\n|turn|1\n|inactive|Battle timer is ON: inactive players will automatically lose when time's up. (requested by wheydebaunilha)\n|inactive|Sealed Book has 120 seconds left.\n|\n|t:|1732988642\n|move|p1a: Overqwil|Swords Dance|p1a: Overqwil\n|-boost|p1a: Overqwil|atk|2\n|move|p2a: Carbink|Iron Defense|p2a: Carbink\n|-boost|p2a: Carbink|def|2\n|\n|upkeep\n|turn|2\n|\n|t:|1732988659\n|move|p1a: Overqwil|Gunk Shot|p2a: Carbink\n|-damage|p2a: Carbink|133/236\n|-damage|p1a: Overqwil|247/274|[from] item: Life Orb\n|move|p2a: Carbink|Rock Polish|p2a: Carbink\n|-boost|p2a: Carbink|spe|2\n|\n|-heal|p2a: Carbink|147/236|[from] item: Leftovers\n|upkeep\n|turn|3\n|\n|t:|1732988665\n|move|p2a: Carbink|Iron Defense|p2a: Carbink\n|-boost|p2a: Carbink|def|2\n|move|p1a: Overqwil|Liquidation|p2a: Carbink\n|-supereffective|p2a: Carbink\n|-damage|p2a: Carbink|72/236\n|-damage|p1a: Overqwil|220/274|[from] item: Life Orb\n|\n|-heal|p2a: Carbink|86/236|[from] item: Leftovers\n|upkeep\n|turn|4\n|\n|t:|1732988671\n|move|p2a: Carbink|Body Press|p1a: Overqwil\n|-damage|p1a: Overqwil|0 fnt\n|faint|p1a: Overqwil\n|\n|-heal|p2a: Carbink|100/236|[from] item: Leftovers\n|upkeep\n|\n|t:|1732988685\n|switch|p1a: Meowscarada|Meowscarada, L78, F|247/247\n|turn|5\n|\n|t:|1732988690\n|move|p2a: Carbink|Body Press|p1a: Meowscarada\n|-supereffective|p1a: Meowscarada\n|-crit|p1a: Meowscarada\n|-damage|p1a: Meowscarada|0 fnt\n|faint|p1a: Meowscarada\n|\n|-heal|p2a: Carbink|114/236|[from] item: Leftovers\n|upkeep\n|\n|t:|1732988695\n|switch|p1a: Orthworm|Orthworm, L88, F|266/266\n|turn|6\n|\n|t:|1732988700\n|-terastallize|p1a: Orthworm|Fighting\n|move|p2a: Carbink|Body Press|p1a: Orthworm\n|-damage|p1a: Orthworm|73/266\n|move|p1a: Orthworm|Iron Tail|p2a: Carbink\n|-supereffective|p2a: Carbink\n|-damage|p2a: Carbink|26/236\n|-unboost|p2a: Carbink|def|1\n|\n|-heal|p2a: Carbink|40/236|[from] item: Leftovers\n|upkeep\n|turn|7\n|\n|t:|1732988711\n|switch|p1a: Houndstone|Houndstone, L86, M|264/264\n|move|p2a: Carbink|Body Press|p1a: Houndstone\n|-immune|p1a: Houndstone\n|\n|-heal|p2a: Carbink|54/236|[from] item: Leftovers\n|upkeep\n|turn|8\n|\n|t:|1732988717\n|move|p1a: Houndstone|Shadow Sneak|p2a: Carbink\n|-crit|p2a: Carbink\n|-damage|p2a: Carbink|9/236\n|move|p2a: Carbink|Moonblast|p1a: Houndstone\n|-damage|p1a: Houndstone|197/264\n|-unboost|p1a: Houndstone|spa|1\n|\n|-heal|p2a: Carbink|23/236|[from] item: Leftovers\n|-heal|p1a: Houndstone|213/264|[from] item: Leftovers\n|upkeep\n|turn|9\n|\n|t:|1732988729\n|move|p1a: Houndstone|Shadow Sneak|p2a: Carbink\n|-damage|p2a: Carbink|10/236\n|move|p2a: Carbink|Moonblast|p1a: Houndstone\n|-damage|p1a: Houndstone|149/264\n|-unboost|p1a: Houndstone|spa|1\n|\n|-heal|p2a: Carbink|24/236|[from] item: Leftovers\n|-heal|p1a: Houndstone|165/264|[from] item: Leftovers\n|upkeep\n|turn|10\n|\n|t:|1732988744\n|move|p1a: Houndstone|Shadow Sneak|p2a: Carbink\n|-damage|p2a: Carbink|11/236\n|move|p2a: Carbink|Moonblast|p1a: Houndstone\n|-damage|p1a: Houndstone|104/264\n|\n|-heal|p2a: Carbink|25/236|[from] item: Leftovers\n|-heal|p1a: Houndstone|120/264|[from] item: Leftovers\n|upkeep\n|turn|11\n|c|\u2606Sealed Book|lol\n|\n|t:|1732988751\n|move|p2a: Carbink|Moonblast|p1a: Houndstone\n|-damage|p1a: Houndstone|51/264\n|move|p1a: Houndstone|Roar|p2a: Carbink\n|drag|p2a: Iron Treads|Iron Treads, L77|265/265\n|\n|-heal|p1a: Houndstone|67/264|[from] item: Leftovers\n|upkeep\n|turn|12\n|\n|t:|1732988759\n|move|p2a: Iron Treads|Knock Off|p1a: Houndstone\n|-supereffective|p1a: Houndstone\n|-damage|p1a: Houndstone|15/264\n|-enditem|p1a: Houndstone|Leftovers|[from] move: Knock Off|[of] p2a: Iron Treads\n|move|p1a: Houndstone|Body Press|p2a: Iron Treads\n|-supereffective|p2a: Iron Treads\n|-damage|p2a: Iron Treads|167/265\n|\n|upkeep\n|turn|13\n|\n|t:|1732988767\n|move|p1a: Houndstone|Shadow Sneak|p2a: Iron Treads\n|-damage|p2a: Iron Treads|128/265\n|move|p2a: Iron Treads|Knock Off|p1a: Houndstone\n|-supereffective|p1a: Houndstone\n|-damage|p1a: Houndstone|0 fnt\n|faint|p1a: Houndstone\n|\n|upkeep\n|\n|t:|1732988780\n|switch|p1a: Conkeldurr|Conkeldurr, L80, F|299/299\n|turn|14\n|\n|t:|1732988788\n|move|p2a: Iron Treads|Iron Head|p1a: Conkeldurr\n|-damage|p1a: Conkeldurr|221/299\n|move|p1a: Conkeldurr|Knock Off|p2a: Iron Treads\n|-damage|p2a: Iron Treads|53/265\n|-enditem|p2a: Iron Treads|Assault Vest|[from] move: Knock Off|[of] p1a: Conkeldurr\n|\n|-status|p1a: Conkeldurr|brn|[from] item: Flame Orb\n|upkeep\n|turn|15\n|\n|t:|1732988794\n|-end|p2a: Iron Treads|Quark Drive|[silent]\n|switch|p2a: Carbink|Carbink, L90|25/236\n|move|p1a: Conkeldurr|Mach Punch|p2a: Carbink\n|-damage|p2a: Carbink|0 fnt\n|faint|p2a: Carbink\n|\n|-damage|p1a: Conkeldurr|203/299 brn|[from] brn\n|upkeep\n|\n|t:|1732988808\n|switch|p2a: Hatterene|Hatterene, L85, F|236/236\n|turn|16\n|\n|t:|1732988813\n|move|p1a: Conkeldurr|Facade|p2a: Hatterene\n|-damage|p2a: Hatterene|76/236\n|move|p2a: Hatterene|Draining Kiss|p1a: Conkeldurr\n|-supereffective|p1a: Conkeldurr\n|-damage|p1a: Conkeldurr|5/299 brn\n|-heal|p2a: Hatterene|225/236|[from] drain|[of] p1a: Conkeldurr\n|\n|-damage|p1a: Conkeldurr|0 fnt|[from] brn\n|faint|p1a: Conkeldurr\n|upkeep\n|\n|t:|1732988820\n|switch|p1a: Orthworm|Orthworm, L88, F, tera:Fighting|73/266\n|turn|17\n|\n|t:|1732988832\n|move|p1a: Orthworm|Iron Tail|p2a: Hatterene\n|-supereffective|p2a: Hatterene\n|-damage|p2a: Hatterene|27/236\n|move|p2a: Hatterene|Draining Kiss|p1a: Orthworm\n|-supereffective|p1a: Orthworm\n|-damage|p1a: Orthworm|0 fnt\n|-heal|p2a: Hatterene|82/236|[from] drain|[of] p1a: Orthworm\n|faint|p1a: Orthworm\n|\n|upkeep\n|\n|t:|1732988840\n|switch|p1a: Swalot|Swalot, L90, F|326/326\n|turn|18\n|\n|t:|1732988844\n|move|p1a: Swalot|Earthquake|p2a: Hatterene\n|-damage|p2a: Hatterene|17/236\n|move|p2a: Hatterene|Psychic Noise|p1a: Swalot\n|-supereffective|p1a: Swalot\n|-crit|p1a: Swalot\n|-damage|p1a: Swalot|0 fnt\n|faint|p1a: Swalot\n|\n|win|Sealed Book\n|raw|wheydebaunilha's rating: 1426 &rarr; <strong>1404</strong><br />(-22 for losing)\n|raw|Sealed Book's rating: 1396 &rarr; <strong>1418</strong><br />(+22 for winning)\n|l|\u2606wheydebaunilha\n|player|p1|\n|c|\u2606Sealed Book|20 wins - 3 loses\n", "inputlog": ">version b107d77f5c90bd6555267ae244a6264823309ead\n>start {\"formatid\":\"gen9randombattle\",\"seed\":[29506,28359,13533,60959],\"rated\":\"Rated battle\"}\n>player p1 {\"name\":\"wheydebaunilha\",\"avatar\":\"bellelba\",\"rating\":1426,\"seed\":[8712,30370,31912,33182]}\n>player p2 {\"name\":\"Sealed Book\",\"avatar\":\"lisia\",\"rating\":1396,\"seed\":[1896,43192,46780,55566]}\n>p1 move swordsdance\n>p2 move irondefense\n>p1 move gunkshot\n>p2 move rockpolish\n>p1 move liquidation\n>p2 move irondefense\n>p1 move liquidation\n>p2 move bodypress\n>p1 switch 6\n>p1 move flowertrick\n>p2 move bodypress\n>p1 switch 3\n>p1 move irontail terastallize\n>p2 move bodypress\n>p1 switch 5\n>p2 move bodypress\n>p1 move shadowsneak\n>p2 move moonblast\n>p1 move shadowsneak\n>p2 move moonblast\n>p1 move shadowsneak\n>p2 move moonblast\n>chat \u2606Sealed Book|lol\n>p1 move roar\n>p2 move moonblast\n>p1 move bodypress\n>p2 move knockoff\n>p1 move shadowsneak\n>p2 move knockoff\n>p1 switch 4\n>p1 move knockoff\n>p2 move ironhead\n>p1 move machpunch\n>p2 switch 5\n>p2 switch 6\n>p1 move facade\n>p2 move drainingkiss\n>p1 switch 5\n>p1 move irontail\n>p2 move drainingkiss\n>p1 switch 2\n>p1 move earthquake\n>p2 move psychicnoise", "uploadtime": 1732988862, "views": 1, "formatid": "gen9randombattle", "rating": 1404, "private": 0, "password": null}