{"id": "gen9randombattle-2254095183", "format": "[Gen 9] Random Battle", "players": ["Javiisayscheese", "TomiTubePlayz"], "log": "|j|\u2606Javiisayscheese\n|j|\u2606TomiTubePlayz\n|t:|1732990659\n|gametype|singles\n|player|p1|Javiisayscheese|101|1562\n|player|p2|TomiTubePlayz|1|1535\n|teamsize|p1|6\n|teamsize|p2|6\n|gen|9\n|tier|[Gen 9] Random Battle\n|rated|\n|rule|Species Clause: Limit one of each Pok\u00e9mon\n|rule|HP Percentage Mod: HP is shown in percentages\n|rule|Sleep Clause Mod: Limit one foe put to sleep\n|rule|Illusion Level Mod: Illusion disguises the Pok\u00e9mon's true level\n|\n|t:|1732990659\n|start\n|switch|p1a: Dodrio|Dodrio, L86, F|243/243\n|switch|p2a: Swampert|Swampert, L83, M|302/302\n|turn|1\n|\n|t:|1732990674\n|move|p1a: Dodrio|Swords Dance|p1a: Dodrio\n|-boost|p1a: Dodrio|atk|2\n|move|p2a: Swampert|Yawn|p1a: Dodrio\n|-start|p1a: Dodrio|move: Yawn|[of] p2a: Swampert\n|\n|upkeep\n|turn|2\n|\n|t:|1732990681\n|move|p1a: Dodrio|Brave Bird|p2a: Swampert\n|-damage|p2a: Swampert|19/302\n|-damage|p1a: Dodrio|150/243|[from] Recoil\n|move|p2a: Swampert|Knock Off|p1a: Dodrio\n|-damage|p1a: Dodrio|60/243\n|-enditem|p1a: Dodrio|Heavy-Duty Boots|[from] move: Knock Off|[of] p2a: Swampert\n|\n|-heal|p2a: Swampert|37/302|[from] item: Leftovers\n|-end|p1a: Dodrio|move: Yawn|[silent]\n|-status|p1a: Dodrio|slp\n|upkeep\n|turn|3\n|\n|t:|1732990693\n|switch|p1a: Gothitelle|Gothitelle, L90, F|272/272\n|move|p2a: Swampert|Flip Turn|p1a: Gothitelle\n|-damage|p1a: Gothitelle|179/272\n|\n|t:|1732990698\n|switch|p2a: Forretress|Forretress, L84, M|263/263|[from] Flip Turn\n|\n|-heal|p1a: Gothitelle|196/272|[from] item: Leftovers\n|upkeep\n|turn|4\n|\n|t:|1732990716\n|move|p1a: Gothitelle|Calm Mind|p1a: Gothitelle\n|-boost|p1a: Gothitelle|spa|1\n|-boost|p1a: Gothitelle|spd|1\n|move|p2a: Forretress|Iron Head|p1a: Gothitelle\n|-damage|p1a: Gothitelle|123/272\n|\n|-heal|p1a: Gothitelle|140/272|[from] item: Leftovers\n|upkeep\n|turn|5\n|\n|t:|1732990724\n|move|p1a: Gothitelle|Dark Pulse|p2a: Forretress\n|-damage|p2a: Forretress|144/263\n|cant|p2a: Forretress|flinch\n|\n|-heal|p1a: Gothitelle|157/272|[from] item: Leftovers\n|-heal|p2a: Forretress|160/263|[from] item: Leftovers\n|upkeep\n|turn|6\n|\n|t:|1732990732\n|move|p1a: Gothitelle|Focus Blast|p2a: Forretress\n|-damage|p2a: Forretress|0 fnt\n|faint|p2a: Forretress\n|\n|-heal|p1a: Gothitelle|174/272|[from] item: Leftovers\n|upkeep\n|\n|t:|1732990740\n|switch|p2a: Talonflame|Talonflame, L84, M|268/268\n|turn|7\n|\n|t:|1732990746\n|move|p2a: Talonflame|Brave Bird|p1a: Gothitelle\n|-damage|p1a: Gothitelle|83/272\n|-damage|p2a: Talonflame|238/268|[from] Recoil\n|move|p1a: Gothitelle|Psychic Noise|p2a: Talonflame\n|-damage|p2a: Talonflame|69/268\n|-start|p2a: Talonflame|move: Heal Block\n|\n|-heal|p1a: Gothitelle|100/272|[from] item: Leftovers\n|upkeep\n|turn|8\n|\n|t:|1732990758\n|move|p2a: Talonflame|U-turn|p1a: Gothitelle\n|-supereffective|p1a: Gothitelle\n|-damage|p1a: Gothitelle|20/272\n|\n|t:|1732990762\n|switch|p2a: Hippowdon|Hippowdon, L82, M|311/311|[from] U-turn\n|-weather|Sandstorm|[from] ability: Sand Stream|[of] p2a: Hippowdon\n|move|p1a: Gothitelle|Dark Pulse|p2a: Hippowdon\n|-damage|p2a: Hippowdon|200/311\n|\n|-weather|Sandstorm|[upkeep]\n|-damage|p1a: Gothitelle|3/272|[from] Sandstorm\n|-heal|p1a: Gothitelle|20/272|[from] item: Leftovers\n|-heal|p2a: Hippowdon|219/311|[from] item: Leftovers\n|upkeep\n|turn|9\n|\n|t:|1732990774\n|move|p1a: Gothitelle|Psychic Noise|p2a: Hippowdon\n|-damage|p2a: Hippowdon|60/311\n|-start|p2a: Hippowdon|move: Heal Block\n|move|p2a: Hippowdon|Earthquake|p1a: Gothitelle\n|-damage|p1a: Gothitelle|0 fnt\n|faint|p1a: Gothitelle\n|\n|-weather|Sandstorm|[upkeep]\n|upkeep\n|\n|t:|1732990809\n|switch|p1a: Dachsbun|Dachsbun, L92, M|254/254\n|turn|10\n|\n|t:|1732990818\n|move|p1a: Dachsbun|Play Rough|p2a: Hippowdon\n|-damage|p2a: Hippowdon|0 fnt\n|faint|p2a: Hippowdon\n|\n|-weather|Sandstorm|[upkeep]\n|-damage|p1a: Dachsbun|239/254|[from] Sandstorm\n|-heal|p1a: Dachsbun|254/254|[from] item: Leftovers\n|upkeep\n|\n|t:|1732990832\n|switch|p2a: Stonjourner|Stonjourner, L91, F|330/330\n|turn|11\n|\n|t:|1732990843\n|switch|p1a: Regirock|Regirock, L83|268/268\n|move|p2a: Stonjourner|Stone Edge|p1a: Regirock|[miss]\n|-miss|p2a: Stonjourner|p1a: Regirock\n|\n|-weather|Sandstorm|[upkeep]\n|upkeep\n|turn|12\n|\n|t:|1732990850\n|-terastallize|p2a: Stonjourner|Ground\n|move|p2a: Stonjourner|Earthquake|p1a: Regirock\n|-supereffective|p1a: Regirock\n|-damage|p1a: Regirock|78/268\n|-damage|p2a: Stonjourner|297/330|[from] item: Life Orb\n|move|p1a: Regirock|Iron Defense|p1a: Regirock\n|-boost|p1a: Regirock|def|2\n|\n|-weather|none\n|upkeep\n|turn|13\n|\n|t:|1732990859\n|move|p2a: Stonjourner|Earthquake|p1a: Regirock\n|-supereffective|p1a: Regirock\n|-damage|p1a: Regirock|0 fnt\n|faint|p1a: Regirock\n|-damage|p2a: Stonjourner|264/330|[from] item: Life Orb\n|\n|upkeep\n|\n|t:|1732990881\n|switch|p1a: Dachsbun|Dachsbun, L92, M|254/254\n|turn|14\n|\n|t:|1732990887\n|move|p1a: Dachsbun|Wish|p1a: Dachsbun\n|move|p2a: Stonjourner|Earthquake|p1a: Dachsbun\n|-damage|p1a: Dachsbun|105/254\n|-damage|p2a: Stonjourner|231/330|[from] item: Life Orb\n|\n|-heal|p1a: Dachsbun|120/254|[from] item: Leftovers\n|upkeep\n|turn|15\n|\n|t:|1732990894\n|move|p1a: Dachsbun|Protect|p1a: Dachsbun\n|-singleturn|p1a: Dachsbun|Protect\n|move|p2a: Stonjourner|Stone Edge|p1a: Dachsbun\n|-activate|p1a: Dachsbun|move: Protect\n|\n|-heal|p1a: Dachsbun|247/254|[from] move: Wish|[wisher] Dachsbun\n|-heal|p1a: Dachsbun|254/254|[from] item: Leftovers\n|upkeep\n|turn|16\n|\n|t:|1732990904\n|move|p1a: Dachsbun|Play Rough|p2a: Stonjourner\n|-damage|p2a: Stonjourner|167/330\n|move|p2a: Stonjourner|Earthquake|p1a: Dachsbun\n|-damage|p1a: Dachsbun|98/254\n|-damage|p2a: Stonjourner|134/330|[from] item: Life Orb\n|\n|-heal|p1a: Dachsbun|113/254|[from] item: Leftovers\n|upkeep\n|turn|17\n|\n|t:|1732990917\n|move|p1a: Dachsbun|Play Rough|p2a: Stonjourner\n|-damage|p2a: Stonjourner|71/330\n|move|p2a: Stonjourner|Earthquake|p1a: Dachsbun\n|-damage|p1a: Dachsbun|0 fnt\n|faint|p1a: Dachsbun\n|-damage|p2a: Stonjourner|38/330|[from] item: Life Orb\n|\n|upkeep\n|\n|t:|1732990931\n|switch|p1a: Palafin|Palafin, L77, M|281/281\n|turn|18\n|\n|t:|1732990939\n|move|p1a: Palafin|Ice Punch|p2a: Stonjourner\n|-supereffective|p2a: Stonjourner\n|-damage|p2a: Stonjourner|0 fnt\n|faint|p2a: Stonjourner\n|\n|upkeep\n|\n|t:|1732990950\n|switch|p2a: Walking Wake|Walking Wake, L79|286/286\n|turn|19\n|\n|t:|1732990970\n|detailschange|p1a: Palafin|Palafin-Hero, L77, M\n|switch|p1a: Dodrio|Dodrio, L86, F|60/243 slp\n|move|p2a: Walking Wake|Draco Meteor|p1a: Dodrio\n|-damage|p1a: Dodrio|0 fnt\n|-unboost|p2a: Walking Wake|spa|2\n|faint|p1a: Dodrio\n|\n|upkeep\n|\n|t:|1732990973\n|switch|p1a: Feraligatr|Feraligatr, L79, M|264/264\n|turn|20\n|\n|t:|1732990981\n|-end|p2a: Walking Wake|Protosynthesis|[silent]\n|switch|p2a: Swampert|Swampert, L83, M|37/302\n|move|p1a: Feraligatr|Dragon Dance|p1a: Feraligatr\n|-boost|p1a: Feraligatr|atk|1\n|-boost|p1a: Feraligatr|spe|1\n|\n|-heal|p2a: Swampert|55/302|[from] item: Leftovers\n|upkeep\n|turn|21\n|\n|t:|1732990988\n|move|p1a: Feraligatr|Liquidation|p2a: Swampert\n|-crit|p2a: Swampert\n|-damage|p2a: Swampert|0 fnt\n|faint|p2a: Swampert\n|\n|upkeep\n|\n|t:|1732990994\n|switch|p2a: Talonflame|Talonflame, L84, M|69/268\n|turn|22\n|\n|t:|1732990998\n|move|p2a: Talonflame|Brave Bird|p1a: Feraligatr\n|-crit|p1a: Feraligatr\n|-damage|p1a: Feraligatr|108/264\n|-damage|p2a: Talonflame|18/268|[from] Recoil\n|move|p1a: Feraligatr|Dragon Dance|p1a: Feraligatr\n|-boost|p1a: Feraligatr|atk|1\n|-boost|p1a: Feraligatr|spe|1\n|\n|upkeep\n|turn|23\n|\n|t:|1732991006\n|move|p1a: Feraligatr|Liquidation|p2a: Talonflame\n|-supereffective|p2a: Talonflame\n|-damage|p2a: Talonflame|0 fnt\n|faint|p2a: Talonflame\n|\n|upkeep\n|\n|t:|1732991011\n|switch|p2a: Walking Wake|Walking Wake, L79|286/286\n|turn|24\n|\n|t:|1732991020\n|move|p1a: Feraligatr|Crunch|p2a: Walking Wake\n|-damage|p2a: Walking Wake|113/286\n|move|p2a: Walking Wake|Draco Meteor|p1a: Feraligatr\n|-damage|p1a: Feraligatr|0 fnt\n|-unboost|p2a: Walking Wake|spa|2\n|faint|p1a: Feraligatr\n|\n|upkeep\n|\n|t:|1732991022\n|switch|p1a: Palafin|Palafin-Hero, L77, M|281/281\n|-activate|p1a: Palafin|ability: Zero to Hero\n|turn|25\n|\n|t:|1732991031\n|move|p2a: Walking Wake|Draco Meteor|p1a: Palafin\n|-damage|p1a: Palafin|161/281\n|-unboost|p2a: Walking Wake|spa|2\n|move|p1a: Palafin|Drain Punch|p2a: Walking Wake\n|-damage|p2a: Walking Wake|39/286\n|-heal|p1a: Palafin|198/281|[from] drain|[of] p2a: Walking Wake\n|\n|-heal|p1a: Palafin|215/281|[from] item: Leftovers\n|upkeep\n|turn|26\n|\n|t:|1732991040\n|move|p2a: Walking Wake|Draco Meteor|p1a: Palafin\n|-damage|p1a: Palafin|140/281\n|-unboost|p2a: Walking Wake|spa|2\n|move|p1a: Palafin|Drain Punch|p2a: Walking Wake\n|-damage|p2a: Walking Wake|0 fnt\n|-heal|p1a: Palafin|160/281|[from] drain|[of] p2a: Walking Wake\n|faint|p2a: Walking Wake\n|-end|p2a: Walking Wake|Protosynthesis|[silent]\n|\n|win|Javiisayscheese\n|raw|Javiisayscheese's rating: 1562 &rarr; <strong>1580</strong><br />(+18 for winning)\n|raw|TomiTubePlayz's rating: 1535 &rarr; <strong>1517</strong><br />(-18 for losing)\n", "inputlog": ">version b107d77f5c90bd6555267ae244a6264823309ead\n>start {\"formatid\":\"gen9randombattle\",\"seed\":[3363,46038,25689,12451],\"rated\":\"Rated battle\"}\n>player p1 {\"name\":\"Javiisayscheese\",\"avatar\":\"101\",\"rating\":1562,\"seed\":[61189,35316,15143,10678]}\n>player p2 {\"name\":\"TomiTubePlayz\",\"avatar\":\"1\",\"rating\":1535,\"seed\":[25473,43211,25250,64769]}\n>p1 move swordsdance\n>p2 move yawn\n>p1 move bravebird\n>p2 move knockoff\n>p1 switch 2\n>p2 move flipturn\n>p2 switch 6\n>p1 move calmmind\n>p2 move ironhead\n>p1 move darkpulse\n>p2 move rapidspin\n>p1 move focusblast\n>p2 move ironhead\n>p2 switch 4\n>p1 move psychicnoise\n>p2 move bravebird\n>p1 move darkpulse\n>p2 move uturn\n>p2 switch 3\n>p1 move psychicnoise\n>p2 move earthquake\n>p1 switch 5\n>p1 move playrough\n>p2 move whirlwind\n>p2 switch 5\n>p1 switch 3\n>p2 move stoneedge\n>p1 move irondefense\n>p2 move earthquake terastallize\n>p1 move rest\n>p2 move earthquake\n>p1 switch 3\n>p1 move wish\n>p2 move earthquake\n>p1 move protect\n>p2 move stoneedge\n>p1 move playrough\n>p2 move earthquake\n>p1 move playrough\n>p2 move earthquake\n>p1 switch 6\n>p1 move icepunch\n>p2 move stealthrock\n>p2 switch 2\n>p1 switch 2\n>p2 move dracometeor\n>p1 switch 4\n>p1 move dragondance\n>p2 switch 6\n>p1 move liquidation\n>p2 move yawn\n>p2 switch 3\n>p1 move dragondance\n>p2 move bravebird\n>p1 move liquidation\n>p2 move bravebird\n>p2 switch 6\n>p1 move crunch\n>p2 move dracometeor\n>p1 switch 2\n>p1 move drainpunch\n>p2 move dracometeor\n>p1 move drainpunch\n>p2 move dracometeor", "uploadtime": 1732991045, "views": 2, "formatid": "gen9randombattle", "rating": 1517, "private": 0, "password": null}