{"id": "gen9randombattle-2253966329", "format": "[Gen 9] Random Battle", "players": ["Muk Muk Goodra", "SpongeTeamz"], "log": "|j|\u2606Muk Muk Goodra\n|j|\u2606SpongeTeamz\n|t:|1732972805\n|gametype|singles\n|player|p1|Muk Muk Goodra|101|1851\n|player|p2|SpongeTeamz|steven|1909\n|teamsize|p1|6\n|teamsize|p2|6\n|gen|9\n|tier|[Gen 9] Random Battle\n|rated|\n|rule|Species Clause: Limit one of each Pok\u00e9mon\n|rule|HP Percentage Mod: HP is shown in percentages\n|rule|Sleep Clause Mod: Limit one foe put to sleep\n|rule|Illusion Level Mod: Illusion disguises the Pok\u00e9mon's true level\n|\n|t:|1732972805\n|start\n|switch|p1a: Wyrdeer|Wyrdeer, L87, M|321/321\n|switch|p2a: Mightyena|Mightyena, L95, M|287/287\n|-ability|p2a: Mightyena|Intimidate|boost\n|-unboost|p1a: Wyrdeer|atk|1\n|-ability|p1a: Wyrdeer|Intimidate|boost\n|-unboost|p2a: Mightyena|atk|1\n|turn|1\n|inactive|Battle timer is ON: inactive players will automatically lose when time's up. (requested by Muk Muk Goodra)\n|\n|t:|1732972827\n|switch|p1a: Clefable|Clefable, L83, F|293/293\n|move|p2a: Mightyena|Taunt|p1a: Clefable\n|-start|p1a: Clefable|move: Taunt\n|\n|upkeep\n|turn|2\n|\n|t:|1732972835\n|switch|p2a: Abomasnow|Abomasnow, L85, M|291/291\n|-weather|Snow|[from] ability: Snow Warning|[of] p2a: Abomasnow\n|switch|p1a: Dragalge|Dragalge, L88, F|258/258\n|\n|-weather|Snow|[upkeep]\n|upkeep\n|turn|3\n|\n|t:|1732972843\n|move|p2a: Abomasnow|Aurora Veil|p2a: Abomasnow\n|-sidestart|p2: SpongeTeamz|move: Aurora Veil\n|move|p1a: Dragalge|Toxic|p2a: Abomasnow\n|-status|p2a: Abomasnow|tox\n|\n|-weather|Snow|[upkeep]\n|-damage|p2a: Abomasnow|273/291 tox|[from] psn\n|upkeep\n|turn|4\n|\n|t:|1732972849\n|switch|p1a: Clefable|Clefable, L83, F|293/293\n|move|p2a: Abomasnow|Blizzard|p1a: Clefable\n|-damage|p1a: Clefable|184/293\n|\n|-weather|Snow|[upkeep]\n|-heal|p1a: Clefable|202/293|[from] item: Leftovers\n|-damage|p2a: Abomasnow|237/291 tox|[from] psn\n|upkeep\n|turn|5\n|\n|t:|1732972856\n|move|p2a: Abomasnow|Wood Hammer|p1a: Clefable\n|-crit|p1a: Clefable\n|-damage|p1a: Clefable|0 fnt\n|faint|p1a: Clefable\n|-damage|p2a: Abomasnow|170/291 tox|[from] Recoil\n|\n|-weather|Snow|[upkeep]\n|-damage|p2a: Abomasnow|116/291 tox|[from] psn\n|upkeep\n|c|\u2606Muk Muk Goodra|ooooooof ouch\n|c|\u2606SpongeTeamz|yeah ngl that was so lucky\n|inactive|Muk Muk Goodra has 120 seconds left.\n|c|\u2606Muk Muk Goodra|i needed to stall out that aurora veil more\n|\n|t:|1732972890\n|switch|p1a: Zacian|Zacian-Crowned, L64|225/225\n|-ability|p1a: Zacian|Intrepid Sword|boost\n|-boost|p1a: Zacian|atk|1\n|turn|6\n|\n|t:|1732972900\n|move|p1a: Zacian|Swords Dance|p1a: Zacian\n|-boost|p1a: Zacian|atk|2\n|move|p2a: Abomasnow|Wood Hammer|p1a: Zacian\n|-resisted|p1a: Zacian\n|-damage|p1a: Zacian|156/225\n|-damage|p2a: Abomasnow|93/291 tox|[from] Recoil\n|\n|-weather|none\n|-damage|p2a: Abomasnow|21/291 tox|[from] psn\n|upkeep\n|turn|7\n|\n|t:|1732972920\n|move|p1a: Zacian|Swords Dance|p1a: Zacian\n|-boost|p1a: Zacian|atk|2\n|move|p2a: Abomasnow|Wood Hammer|p1a: Zacian\n|-resisted|p1a: Zacian\n|-damage|p1a: Zacian|85/225\n|-damage|p2a: Abomasnow|0 fnt|[from] Recoil\n|faint|p2a: Abomasnow\n|\n|upkeep\n|c|\u2606SpongeTeamz|im sorry bro this is gonna make you cry\n|inactive|SpongeTeamz has 120 seconds left.\n|\n|t:|1732972936\n|switch|p2a: Illumise|Illumise, L91, F|266/266\n|turn|8\n|c|\u2606Muk Muk Goodra|ahahaha it happens\n|\n|t:|1732972944\n|switch|p1a: Brute Bonnet|Brute Bonnet, L81|312/312\n|move|p2a: Illumise|Encore|p1a: Brute Bonnet\n|-hint|Since gen 7, Dark is immune to Prankster moves.\n|-immune|p1a: Brute Bonnet\n|\n|upkeep\n|turn|9\n|c|\u2606SpongeTeamz|I hate this mon\n|c|\u2606Muk Muk Goodra|honestly out of everything in randbats\n|c|\u2606Muk Muk Goodra|there are worse lol\n|inactive|Muk Muk Goodra has 120 seconds left.\n|\n|t:|1732972972\n|-end|p1a: Brute Bonnet|Protosynthesis|[silent]\n|switch|p1a: Zacian|Zacian-Crowned, L64|85/225\n|move|p2a: Illumise|Bug Buzz|p1a: Zacian\n|-resisted|p1a: Zacian\n|-damage|p1a: Zacian|62/225\n|\n|upkeep\n|turn|10\n|inactive|Muk Muk Goodra has 120 seconds left.\n|\n|t:|1732972987\n|switch|p1a: Wyrdeer|Wyrdeer, L87, M|321/321\n|-ability|p1a: Wyrdeer|Intimidate|boost\n|-unboost|p2a: Illumise|atk|1\n|move|p2a: Illumise|Thunder Wave|p1a: Wyrdeer\n|-status|p1a: Wyrdeer|par\n|\n|-sideend|p2: SpongeTeamz|move: Aurora Veil\n|upkeep\n|turn|11\n|\n|t:|1732972991\n|move|p2a: Illumise|Bug Buzz|p1a: Wyrdeer\n|-supereffective|p1a: Wyrdeer\n|-damage|p1a: Wyrdeer|139/321 par\n|cant|p1a: Wyrdeer|par\n|\n|-heal|p1a: Wyrdeer|159/321 par|[from] item: Leftovers\n|upkeep\n|turn|12\n|\n|t:|1732973000\n|switch|p1a: Noivern|Noivern, L82, M|274/274\n|move|p2a: Illumise|Bug Buzz|p1a: Noivern\n|-resisted|p1a: Noivern\n|-damage|p1a: Noivern|228/274\n|\n|upkeep\n|turn|13\n|c|\u2606SpongeTeamz|the hax are really in my favour today\n|\n|t:|1732973012\n|switch|p1a: Wyrdeer|Wyrdeer, L87, M|159/321 par\n|-ability|p1a: Wyrdeer|Intimidate|boost\n|-unboost|p2a: Illumise|atk|1\n|switch|p2a: Sandy Shocks|Sandy Shocks, L80|267/267\n|\n|-heal|p1a: Wyrdeer|179/321 par|[from] item: Leftovers\n|upkeep\n|turn|14\n|\n|t:|1732973021\n|move|p2a: Sandy Shocks|Volt Switch|p1a: Wyrdeer\n|-damage|p1a: Wyrdeer|83/321 par\n|\n|t:|1732973026\n|-end|p2a: Sandy Shocks|Protosynthesis|[silent]\n|switch|p2a: Illumise|Illumise, L91, F|266/266|[from] Volt Switch\n|move|p1a: Wyrdeer|Earthquake|p2a: Illumise\n|-resisted|p2a: Illumise\n|-damage|p2a: Illumise|227/266\n|\n|-heal|p1a: Wyrdeer|103/321 par|[from] item: Leftovers\n|upkeep\n|turn|15\n|\n|t:|1732973032\n|move|p2a: Illumise|Bug Buzz|p1a: Wyrdeer\n|-supereffective|p1a: Wyrdeer\n|-damage|p1a: Wyrdeer|0 fnt\n|faint|p1a: Wyrdeer\n|\n|upkeep\n|\n|t:|1732973050\n|switch|p1a: Dragalge|Dragalge, L88, F|258/258\n|turn|16\n|\n|t:|1732973056\n|switch|p2a: Mightyena|Mightyena, L95, M|287/287\n|-ability|p2a: Mightyena|Intimidate|boost\n|-unboost|p1a: Dragalge|atk|1\n|move|p1a: Dragalge|Toxic|p2a: Mightyena\n|-status|p2a: Mightyena|tox\n|\n|-damage|p2a: Mightyena|270/287 tox|[from] psn\n|upkeep\n|turn|17\n|\n|t:|1732973068\n|switch|p1a: Zacian|Zacian-Crowned, L64|62/225\n|move|p2a: Mightyena|Play Rough|p1a: Zacian\n|-resisted|p1a: Zacian\n|-damage|p1a: Zacian|23/225\n|\n|-heal|p2a: Mightyena|287/287 tox|[from] item: Leftovers\n|-damage|p2a: Mightyena|253/287 tox|[from] psn\n|upkeep\n|turn|18\n|\n|t:|1732973077\n|move|p2a: Mightyena|Sucker Punch|p1a: Zacian\n|-resisted|p1a: Zacian\n|-damage|p1a: Zacian|0 fnt\n|faint|p1a: Zacian\n|\n|-heal|p2a: Mightyena|270/287 tox|[from] item: Leftovers\n|-damage|p2a: Mightyena|219/287 tox|[from] psn\n|upkeep\n|\n|t:|1732973097\n|switch|p1a: Noivern|Noivern, L82, M|228/274\n|turn|19\n|\n|t:|1732973100\n|move|p2a: Mightyena|Sucker Punch|p1a: Noivern\n|-damage|p1a: Noivern|137/274\n|move|p1a: Noivern|Flamethrower|p2a: Mightyena\n|-damage|p2a: Mightyena|152/287 tox\n|\n|-heal|p2a: Mightyena|169/287 tox|[from] item: Leftovers\n|-damage|p2a: Mightyena|101/287 tox|[from] psn\n|upkeep\n|turn|20\n|\n|t:|1732973104\n|move|p1a: Noivern|Roost|p1a: Noivern\n|-heal|p1a: Noivern|274/274\n|-singleturn|p1a: Noivern|move: Roost\n|move|p2a: Mightyena|Play Rough|p1a: Noivern\n|-supereffective|p1a: Noivern\n|-damage|p1a: Noivern|90/274\n|\n|-heal|p2a: Mightyena|118/287 tox|[from] item: Leftovers\n|-damage|p2a: Mightyena|33/287 tox|[from] psn\n|upkeep\n|turn|21\n|\n|t:|1732973111\n|move|p1a: Noivern|Flamethrower|p2a: Mightyena\n|-damage|p2a: Mightyena|0 fnt\n|faint|p2a: Mightyena\n|\n|upkeep\n|\n|t:|1732973115\n|switch|p2a: Sandy Shocks|Sandy Shocks, L80|267/267\n|turn|22\n|\n|t:|1732973120\n|switch|p1a: Brute Bonnet|Brute Bonnet, L81|312/312\n|move|p2a: Sandy Shocks|Volt Switch|p1a: Brute Bonnet\n|-resisted|p1a: Brute Bonnet\n|-damage|p1a: Brute Bonnet|271/312\n|\n|t:|1732973125\n|-end|p2a: Sandy Shocks|Protosynthesis|[silent]\n|switch|p2a: Illumise|Illumise, L91, F|227/266|[from] Volt Switch\n|\n|-heal|p1a: Brute Bonnet|290/312|[from] item: Leftovers\n|upkeep\n|turn|23\n|\n|t:|1732973136\n|-end|p1a: Brute Bonnet|Protosynthesis|[silent]\n|switch|p1a: Dragalge|Dragalge, L88, F|258/258\n|move|p2a: Illumise|Bug Buzz|p1a: Dragalge\n|-resisted|p1a: Dragalge\n|-damage|p1a: Dragalge|223/258\n|\n|-heal|p1a: Dragalge|239/258|[from] item: Leftovers\n|upkeep\n|turn|24\n|\n|t:|1732973140\n|switch|p2a: Sandy Shocks|Sandy Shocks, L80|267/267\n|move|p1a: Dragalge|Toxic|p2a: Sandy Shocks\n|-status|p2a: Sandy Shocks|tox\n|\n|-heal|p1a: Dragalge|255/258|[from] item: Leftovers\n|-damage|p2a: Sandy Shocks|251/267 tox|[from] psn\n|upkeep\n|turn|25\n|\n|t:|1732973149\n|switch|p1a: Brute Bonnet|Brute Bonnet, L81|290/312\n|move|p2a: Sandy Shocks|Volt Switch|p1a: Brute Bonnet\n|-resisted|p1a: Brute Bonnet\n|-damage|p1a: Brute Bonnet|251/312\n|\n|t:|1732973151\n|-end|p2a: Sandy Shocks|Protosynthesis|[silent]\n|switch|p2a: Illumise|Illumise, L91, F|227/266|[from] Volt Switch\n|\n|-heal|p1a: Brute Bonnet|270/312|[from] item: Leftovers\n|upkeep\n|turn|26\n|\n|t:|1732973157\n|-end|p1a: Brute Bonnet|Protosynthesis|[silent]\n|switch|p1a: Dragalge|Dragalge, L88, F|255/258\n|move|p2a: Illumise|Bug Buzz|p1a: Dragalge\n|-resisted|p1a: Dragalge\n|-damage|p1a: Dragalge|222/258\n|-unboost|p1a: Dragalge|spd|1\n|\n|-heal|p1a: Dragalge|238/258|[from] item: Leftovers\n|upkeep\n|turn|27\n|\n|t:|1732973163\n|switch|p2a: Sandy Shocks|Sandy Shocks, L80|251/267 tox\n|move|p1a: Dragalge|Sludge Wave|p2a: Sandy Shocks\n|-resisted|p2a: Sandy Shocks\n|-damage|p2a: Sandy Shocks|172/267 tox\n|\n|-heal|p1a: Dragalge|254/258|[from] item: Leftovers\n|-damage|p2a: Sandy Shocks|156/267 tox|[from] psn\n|upkeep\n|turn|28\n|\n|t:|1732973175\n|switch|p1a: Brute Bonnet|Brute Bonnet, L81|270/312\n|move|p2a: Sandy Shocks|Volt Switch|p1a: Brute Bonnet\n|-resisted|p1a: Brute Bonnet\n|-damage|p1a: Brute Bonnet|233/312\n|\n|t:|1732973183\n|-end|p2a: Sandy Shocks|Protosynthesis|[silent]\n|switch|p2a: Dipplin|Dipplin, L88, M|284/284|[from] Volt Switch\n|\n|-heal|p1a: Brute Bonnet|252/312|[from] item: Leftovers\n|upkeep\n|turn|29\n|\n|t:|1732973190\n|-end|p1a: Brute Bonnet|Protosynthesis|[silent]\n|switch|p1a: Noivern|Noivern, L82, M|90/274\n|move|p2a: Dipplin|Dragon Tail|p1a: Noivern\n|-supereffective|p1a: Noivern\n|-damage|p1a: Noivern|0 fnt\n|faint|p1a: Noivern\n|\n|upkeep\n|\n|t:|1732973192\n|switch|p1a: Dragalge|Dragalge, L88, F|254/258\n|turn|30\n|\n|t:|1732973205\n|switch|p2a: Garganacl|Garganacl, L80, M|291/291\n|move|p1a: Dragalge|Draco Meteor|p2a: Garganacl|[miss]\n|-miss|p1a: Dragalge|p2a: Garganacl\n|\n|-heal|p1a: Dragalge|258/258|[from] item: Leftovers\n|upkeep\n|turn|31\n|c|\u2606Muk Muk Goodra|lol yep makes sense\n|c|\u2606SpongeTeamz|yeah I know this team is dirty\n|\n|t:|1732973228\n|-terastallize|p1a: Dragalge|Fighting\n|move|p1a: Dragalge|Focus Blast|p2a: Garganacl\n|-supereffective|p2a: Garganacl\n|-damage|p2a: Garganacl|0 fnt\n|faint|p2a: Garganacl\n|\n|upkeep\n|c|\u2606Muk Muk Goodra|ok we hit focus blasts though\n|\n|t:|1732973240\n|switch|p2a: Dipplin|Dipplin, L88, M|284/284\n|turn|32\n|inactive|SpongeTeamz has 120 seconds left.\n|\n|t:|1732973255\n|-terastallize|p2a: Dipplin|Steel\n|move|p1a: Dragalge|Sludge Wave|p2a: Dipplin\n|-immune|p2a: Dipplin\n|move|p2a: Dipplin|Dragon Tail|p1a: Dragalge\n|-damage|p1a: Dragalge|204/258\n|drag|p1a: Brute Bonnet|Brute Bonnet, L81|252/312\n|\n|-heal|p1a: Brute Bonnet|271/312|[from] item: Leftovers\n|upkeep\n|turn|33\n|\n|t:|1732973264\n|switch|p2a: Illumise|Illumise, L91, F|227/266\n|move|p1a: Brute Bonnet|Spore|p2a: Illumise\n|-status|p2a: Illumise|slp|[from] move: Spore\n|\n|-heal|p1a: Brute Bonnet|290/312|[from] item: Leftovers\n|upkeep\n|turn|34\n|\n|t:|1732973272\n|switch|p2a: Sandy Shocks|Sandy Shocks, L80|156/267 tox\n|-end|p1a: Brute Bonnet|Protosynthesis|[silent]\n|switch|p1a: Dragalge|Dragalge, L88, F, tera:Fighting|204/258\n|\n|-heal|p1a: Dragalge|220/258|[from] item: Leftovers\n|-damage|p2a: Sandy Shocks|140/267 tox|[from] psn\n|upkeep\n|turn|35\n|\n|t:|1732973277\n|move|p2a: Sandy Shocks|Thunder Wave|p1a: Dragalge\n|-status|p1a: Dragalge|par\n|move|p1a: Dragalge|Focus Blast|p2a: Sandy Shocks\n|-damage|p2a: Sandy Shocks|0 fnt\n|faint|p2a: Sandy Shocks\n|-end|p2a: Sandy Shocks|Protosynthesis|[silent]\n|\n|-heal|p1a: Dragalge|236/258 par|[from] item: Leftovers\n|upkeep\n|\n|t:|1732973283\n|switch|p2a: Dipplin|Dipplin, L88, M, tera:Steel|284/284\n|turn|36\n|\n|t:|1732973288\n|move|p1a: Dragalge|Focus Blast|p2a: Dipplin|[miss]\n|-miss|p1a: Dragalge|p2a: Dipplin\n|move|p2a: Dipplin|Dragon Tail|p1a: Dragalge\n|-damage|p1a: Dragalge|175/258 par\n|drag|p1a: Brute Bonnet|Brute Bonnet, L81|290/312\n|\n|-heal|p1a: Brute Bonnet|309/312|[from] item: Leftovers\n|upkeep\n|turn|37\n|\n|t:|1732973297\n|move|p1a: Brute Bonnet|Crunch|p2a: Dipplin\n|-damage|p2a: Dipplin|227/284\n|move|p2a: Dipplin|Dragon Tail|p1a: Brute Bonnet|[miss]\n|-miss|p2a: Dipplin|p1a: Brute Bonnet\n|\n|-heal|p1a: Brute Bonnet|312/312|[from] item: Leftovers\n|upkeep\n|turn|38\n|\n|t:|1732973301\n|move|p1a: Brute Bonnet|Crunch|p2a: Dipplin\n|-damage|p2a: Dipplin|176/284\n|move|p2a: Dipplin|Dragon Tail|p1a: Brute Bonnet|[miss]\n|-miss|p2a: Dipplin|p1a: Brute Bonnet\n|\n|upkeep\n|turn|39\n|c|\u2606Muk Muk Goodra|lol\n|\n|t:|1732973310\n|move|p1a: Brute Bonnet|Crunch|p2a: Dipplin\n|-damage|p2a: Dipplin|124/284\n|move|p2a: Dipplin|Recover|p2a: Dipplin\n|-heal|p2a: Dipplin|266/284\n|\n|upkeep\n|turn|40\n|\n|t:|1732973315\n|move|p1a: Brute Bonnet|Crunch|p2a: Dipplin\n|-damage|p2a: Dipplin|214/284\n|move|p2a: Dipplin|Dragon Tail|p1a: Brute Bonnet\n|-damage|p1a: Brute Bonnet|254/312\n|-end|p1a: Brute Bonnet|Protosynthesis|[silent]\n|drag|p1a: Dragalge|Dragalge, L88, F, tera:Fighting|175/258 par\n|\n|-heal|p1a: Dragalge|191/258 par|[from] item: Leftovers\n|upkeep\n|turn|41\n|\n|t:|1732973324\n|move|p2a: Dipplin|Giga Drain|p1a: Dragalge\n|-damage|p1a: Dragalge|124/258 par\n|-heal|p2a: Dipplin|248/284|[from] drain|[of] p1a: Dragalge\n|move|p1a: Dragalge|Focus Blast|p2a: Dipplin|[miss]\n|-miss|p1a: Dragalge|p2a: Dipplin\n|\n|-heal|p1a: Dragalge|140/258 par|[from] item: Leftovers\n|upkeep\n|turn|42\n|\n|t:|1732973332\n|move|p2a: Dipplin|Giga Drain|p1a: Dragalge\n|-damage|p1a: Dragalge|77/258 par\n|-heal|p2a: Dipplin|280/284|[from] drain|[of] p1a: Dragalge\n|cant|p1a: Dragalge|par\n|\n|-heal|p1a: Dragalge|93/258 par|[from] item: Leftovers\n|upkeep\n|turn|43\n|c|\u2606SpongeTeamz|paralysed trine hit focus blast is brutal\n|\n|t:|1732973346\n|move|p2a: Dipplin|Giga Drain|p1a: Dragalge\n|-damage|p1a: Dragalge|23/258 par\n|-heal|p2a: Dipplin|284/284|[from] drain|[of] p1a: Dragalge\n|move|p1a: Dragalge|Focus Blast|p2a: Dipplin|[miss]\n|-miss|p1a: Dragalge|p2a: Dipplin\n|\n|-heal|p1a: Dragalge|39/258 par|[from] item: Leftovers\n|upkeep\n|turn|44\n|c|\u2606Muk Muk Goodra|yeahhhh but this is where we find ourselves\n|c|\u2606Muk Muk Goodra|lol\n|c|\u2606Muk Muk Goodra|game giveth\n|c|\u2606Muk Muk Goodra|game taketh away\n|\n|t:|1732973360\n|move|p2a: Dipplin|Giga Drain|p1a: Dragalge\n|-damage|p1a: Dragalge|0 fnt\n|faint|p1a: Dragalge\n|\n|upkeep\n|c|\u2606SpongeTeamz|this is a horrible battle lol\n|\n|t:|1732973363\n|switch|p1a: Brute Bonnet|Brute Bonnet, L81|254/312\n|turn|45\n|\n|t:|1732973371\n|move|p1a: Brute Bonnet|Crunch|p2a: Dipplin\n|-damage|p2a: Dipplin|226/284\n|move|p2a: Dipplin|Dragon Pulse|p1a: Brute Bonnet\n|-damage|p1a: Brute Bonnet|163/312\n|\n|-heal|p1a: Brute Bonnet|182/312|[from] item: Leftovers\n|upkeep\n|turn|46\n|\n|t:|1732973374\n|move|p1a: Brute Bonnet|Crunch|p2a: Dipplin\n|-damage|p2a: Dipplin|174/284\n|move|p2a: Dipplin|Dragon Pulse|p1a: Brute Bonnet\n|-damage|p1a: Brute Bonnet|86/312\n|\n|-heal|p1a: Brute Bonnet|105/312|[from] item: Leftovers\n|upkeep\n|turn|47\n|c|\u2606Muk Muk Goodra|gg\n|c|\u2606SpongeTeamz|im surprised bonnet doesn't have cc\n|\n|t:|1732973389\n|move|p1a: Brute Bonnet|Crunch|p2a: Dipplin\n|-damage|p2a: Dipplin|117/284\n|move|p2a: Dipplin|Dragon Pulse|p1a: Brute Bonnet\n|-damage|p1a: Brute Bonnet|20/312\n|\n|-heal|p1a: Brute Bonnet|39/312|[from] item: Leftovers\n|upkeep\n|turn|48\n|c|\u2606Muk Muk Goodra|sucker punch crunch spore seed bomb lol\n|\n|t:|1732973403\n|move|p1a: Brute Bonnet|Crunch|p2a: Dipplin\n|-damage|p2a: Dipplin|68/284\n|move|p2a: Dipplin|Dragon Pulse|p1a: Brute Bonnet\n|-damage|p1a: Brute Bonnet|0 fnt\n|faint|p1a: Brute Bonnet\n|-end|p1a: Brute Bonnet|Protosynthesis|[silent]\n|\n|win|SpongeTeamz\n|raw|Muk Muk Goodra's rating: 1851 &rarr; <strong>1834</strong><br />(-17 for losing)\n|raw|SpongeTeamz's rating: 1909 &rarr; <strong>1926</strong><br />(+17 for winning)\n|c|\u2606SpongeTeamz|gg\n", "inputlog": ">version b107d77f5c90bd6555267ae244a6264823309ead\n>start {\"formatid\":\"gen9randombattle\",\"seed\":[61231,60256,14614,8336],\"rated\":\"Rated battle\"}\n>player p1 {\"name\":\"Muk Muk Goodra\",\"avatar\":\"101\",\"rating\":1851,\"seed\":[54443,54051,11106,1493]}\n>player p2 {\"name\":\"SpongeTeamz\",\"avatar\":\"steven\",\"rating\":1909,\"seed\":[30519,15035,52409,19222]}\n>p1 switch 3\n>p2 move taunt\n>p1 switch 5\n>p2 switch 4\n>p1 move toxic\n>p2 move auroraveil\n>p1 switch 5\n>p2 move blizzard\n>p1 move moonlight\n>p2 move woodhammer\n>chat \u2606Muk Muk Goodra|ooooooof ouch\n>chat \u2606SpongeTeamz|yeah ngl that was so lucky\n>chat \u2606Muk Muk Goodra|i needed to stall out that aurora veil more\n>p1 switch 2\n>p1 move swordsdance\n>p2 move woodhammer\n>p1 move swordsdance\n>p2 move woodhammer\n>chat \u2606SpongeTeamz|im sorry bro this is gonna make you cry\n>p2 switch 2\n>chat \u2606Muk Muk Goodra|ahahaha it happens\n>p1 switch 6\n>p2 move encore\n>chat \u2606SpongeTeamz|I hate this mon\n>chat \u2606Muk Muk Goodra|honestly out of everything in randbats\n>chat \u2606Muk Muk Goodra|there are worse lol\n>p1 switch 6\n>p2 move bugbuzz\n>p1 switch 3\n>p2 move thunderwave\n>p1 move thunderwave\n>p2 move bugbuzz\n>p1 switch 4\n>p2 move bugbuzz\n>chat \u2606SpongeTeamz|the hax are really in my favour today\n>p1 switch 4\n>p2 switch 6\n>p1 move earthquake\n>p2 move voltswitch\n>p2 switch 6\n>p1 move thunderwave\n>p2 move bugbuzz\n>p1 switch 5\n>p1 move toxic\n>p2 switch 4\n>p1 switch 3\n>p2 move playrough\n>p1 move playrough\n>p2 move suckerpunch\n>p1 switch 4\n>p1 move flamethrower\n>p2 move suckerpunch\n>p1 move roost\n>p2 move playrough\n>p1 move flamethrower\n>p2 move playrough\n>p2 switch 6\n>p1 switch 6\n>p2 move voltswitch\n>p2 switch 4\n>p1 switch 3\n>p2 move bugbuzz\n>p1 move toxic\n>p2 switch 4\n>p1 switch 3\n>p2 move voltswitch\n>p2 switch 4\n>p1 switch 3\n>p2 move bugbuzz\n>p1 move sludgewave\n>p2 switch 4\n>p1 switch 3\n>p2 move voltswitch\n>p2 switch 5\n>p1 switch 6\n>p2 move dragontail\n>p1 switch 3\n>p1 move dracometeor\n>p2 switch 3\n>chat \u2606Muk Muk Goodra|lol yep makes sense\n>chat \u2606SpongeTeamz|yeah I know this team is dirty\n>p1 move focusblast terastallize\n>p2 move saltcure\n>chat \u2606Muk Muk Goodra|ok we hit focus blasts though\n>p2 switch 3\n>p1 move sludgewave\n>p2 move dragontail terastallize\n>p1 move spore\n>p2 switch 4\n>p1 switch 6\n>p2 switch 5\n>p1 move focusblast\n>p2 move thunderwave\n>p2 switch 4\n>p1 move focusblast\n>p2 move dragontail\n>p1 move crunch\n>p2 move dragontail\n>p1 move crunch\n>p2 move dragontail\n>chat \u2606Muk Muk Goodra|lol\n>p1 move crunch\n>p2 move recover\n>p1 move crunch\n>p2 move dragontail\n>p1 move focusblast\n>p2 move gigadrain\n>p1 move focusblast\n>p2 move gigadrain\n>chat \u2606SpongeTeamz|paralysed trine hit focus blast is brutal\n>p1 move focusblast\n>p2 move gigadrain\n>chat \u2606Muk Muk Goodra|yeahhhh but this is where we find ourselves\n>chat \u2606Muk Muk Goodra|lol\n>chat \u2606Muk Muk Goodra|game giveth\n>chat \u2606Muk Muk Goodra|game taketh away\n>p1 move focusblast\n>p2 move gigadrain\n>chat \u2606SpongeTeamz|this is a horrible battle lol\n>p1 switch 6\n>p1 move crunch\n>p2 move dragonpulse\n>p1 move crunch\n>p2 move dragonpulse\n>chat \u2606Muk Muk Goodra|gg\n>chat \u2606SpongeTeamz|im surprised bonnet doesn't have cc\n>p1 move crunch\n>p2 move dragonpulse\n>chat \u2606Muk Muk Goodra|sucker punch crunch spore seed bomb lol\n>p1 move crunch\n>p2 move dragonpulse", "uploadtime": 1732973410, "views": 2, "formatid": "gen9randombattle", "rating": 1834, "private": 0, "password": null}