{"id": "gen9randombattle-2253982709", "format": "[Gen 9] Random Battle", "players": ["Prisma Dren", "Upper Crust"], "log": "|j|\u2606Prisma Dren\n|j|\u2606Upper Crust\n|t:|1732975462\n|gametype|singles\n|player|p1|Prisma Dren|pilot|1364\n|player|p2|Upper Crust|shauna-masters|1342\n|teamsize|p1|6\n|teamsize|p2|6\n|gen|9\n|tier|[Gen 9] Random Battle\n|rated|\n|rule|Species Clause: Limit one of each Pok\u00e9mon\n|rule|HP Percentage Mod: HP is shown in percentages\n|rule|Sleep Clause Mod: Limit one foe put to sleep\n|rule|Illusion Level Mod: Illusion disguises the Pok\u00e9mon's true level\n|\n|t:|1732975462\n|start\n|switch|p1a: Forretress|Forretress, L84, F|263/263\n|switch|p2a: Passimian|Passimian, L83, M|302/302\n|turn|1\n|inactive|Battle timer is ON: inactive players will automatically lose when time's up. (requested by Upper Crust)\n|inactive|Prisma Dren also wants the timer to be on.\n|\n|t:|1732975470\n|move|p2a: Passimian|Bulk Up|p2a: Passimian\n|-boost|p2a: Passimian|atk|1\n|-boost|p2a: Passimian|def|1\n|move|p1a: Forretress|Stealth Rock|p2a: Passimian\n|-sidestart|p2: Upper Crust|move: Stealth Rock\n|\n|upkeep\n|turn|2\n|\n|t:|1732975484\n|switch|p1a: Entei|Entei, L78|307/307\n|move|p2a: Passimian|Bulk Up|p2a: Passimian\n|-boost|p2a: Passimian|atk|1\n|-boost|p2a: Passimian|def|1\n|\n|upkeep\n|turn|3\n|\n|t:|1732975497\n|move|p1a: Entei|Sacred Fire|p2a: Passimian\n|-damage|p2a: Passimian|226/302\n|-status|p2a: Passimian|brn\n|move|p2a: Passimian|Drain Punch|p1a: Entei\n|-damage|p1a: Entei|205/307\n|-heal|p2a: Passimian|277/302 brn|[from] drain|[of] p1a: Entei\n|\n|-heal|p2a: Passimian|295/302 brn|[from] item: Leftovers\n|-damage|p2a: Passimian|277/302 brn|[from] brn\n|upkeep\n|turn|4\n|\n|t:|1732975514\n|switch|p1a: Sylveon|Sylveon, L85, F|300/300\n|move|p2a: Passimian|Knock Off|p1a: Sylveon\n|-resisted|p1a: Sylveon\n|-damage|p1a: Sylveon|255/300\n|-enditem|p1a: Sylveon|Leftovers|[from] move: Knock Off|[of] p2a: Passimian\n|\n|-heal|p2a: Passimian|295/302 brn|[from] item: Leftovers\n|-damage|p2a: Passimian|277/302 brn|[from] brn\n|upkeep\n|turn|5\n|\n|t:|1732975521\n|move|p1a: Sylveon|Protect|p1a: Sylveon\n|-singleturn|p1a: Sylveon|Protect\n|move|p2a: Passimian|Gunk Shot|p1a: Sylveon\n|-activate|p1a: Sylveon|move: Protect\n|\n|-heal|p2a: Passimian|295/302 brn|[from] item: Leftovers\n|-damage|p2a: Passimian|277/302 brn|[from] brn\n|upkeep\n|turn|6\n|\n|t:|1732975527\n|-terastallize|p1a: Sylveon|Steel\n|move|p2a: Passimian|Gunk Shot|p1a: Sylveon\n|-immune|p1a: Sylveon\n|move|p1a: Sylveon|Hyper Voice|p2a: Passimian\n|-supereffective|p2a: Passimian\n|-damage|p2a: Passimian|0 fnt\n|faint|p2a: Passimian\n|\n|upkeep\n|\n|t:|1732975536\n|switch|p2a: Raichu|Raichu, L88, M|249/249\n|-damage|p2a: Raichu|218/249|[from] Stealth Rock\n|turn|7\n|\n|t:|1732975545\n|move|p2a: Raichu|Thunderbolt|p1a: Sylveon\n|-damage|p1a: Sylveon|158/300\n|-damage|p2a: Raichu|194/249|[from] item: Life Orb\n|move|p1a: Sylveon|Wish|p1a: Sylveon\n|\n|upkeep\n|turn|8\n|\n|t:|1732975552\n|move|p2a: Raichu|Encore|p1a: Sylveon\n|-start|p1a: Sylveon|Encore\n|move|p1a: Sylveon|Wish||[still]\n|-fail|p1a: Sylveon\n|\n|-heal|p1a: Sylveon|300/300|[from] move: Wish|[wisher] Sylveon\n|upkeep\n|turn|9\n|\n|t:|1732975566\n|switch|p1a: Sunflora|Sunflora, M|312/312\n|move|p2a: Raichu|Nasty Plot|p2a: Raichu\n|-boost|p2a: Raichu|spa|2\n|\n|upkeep\n|turn|10\n|\n|t:|1732975574\n|-terastallize|p2a: Raichu|Ice\n|move|p2a: Raichu|Tera Blast|p1a: Sunflora|[anim] Tera Blast Ice\n|-supereffective|p1a: Sunflora\n|-damage|p1a: Sunflora|0 fnt\n|faint|p1a: Sunflora\n|-damage|p2a: Raichu|170/249|[from] item: Life Orb\n|\n|upkeep\n|\n|t:|1732975591\n|switch|p1a: Entei|Entei, L78|205/307\n|turn|11\n|\n|t:|1732975595\n|move|p2a: Raichu|Thunderbolt|p1a: Entei\n|-damage|p1a: Entei|0 fnt\n|faint|p1a: Entei\n|-damage|p2a: Raichu|146/249|[from] item: Life Orb\n|\n|upkeep\n|\n|t:|1732975609\n|switch|p1a: Sylveon|Sylveon, L85, F, tera:Steel|300/300\n|turn|12\n|\n|t:|1732975611\n|move|p2a: Raichu|Thunderbolt|p1a: Sylveon\n|-damage|p1a: Sylveon|104/300\n|-damage|p2a: Raichu|122/249|[from] item: Life Orb\n|move|p1a: Sylveon|Hyper Voice|p2a: Raichu\n|-damage|p2a: Raichu|0 fnt\n|faint|p2a: Raichu\n|\n|upkeep\n|\n|t:|1732975622\n|switch|p2a: Mabosstiff|Mabosstiff, L86, F|278/278\n|-damage|p2a: Mabosstiff|244/278|[from] Stealth Rock\n|turn|13\n|\n|t:|1732975625\n|move|p1a: Sylveon|Protect|p1a: Sylveon\n|-singleturn|p1a: Sylveon|Protect\n|move|p2a: Mabosstiff|Crunch|p1a: Sylveon\n|-activate|p1a: Sylveon|move: Protect\n|\n|upkeep\n|turn|14\n|\n|t:|1732975637\n|switch|p1a: Forretress|Forretress, L84, F|263/263\n|move|p2a: Mabosstiff|Crunch|p1a: Forretress\n|-damage|p1a: Forretress|41/263\n|\n|-heal|p1a: Forretress|57/263|[from] item: Leftovers\n|upkeep\n|turn|15\n|\n|t:|1732975655\n|move|p2a: Mabosstiff|Crunch|p1a: Forretress\n|-damage|p1a: Forretress|0 fnt\n|faint|p1a: Forretress\n|\n|upkeep\n|\n|t:|1732975660\n|switch|p1a: Arboliva|Arboliva, L91, F|288/288\n|turn|16\n|\n|t:|1732975664\n|switch|p2a: Yanmega|Yanmega, L82, M|275/275\n|-damage|p2a: Yanmega|138/275|[from] Stealth Rock\n|move|p1a: Arboliva|Leech Seed|p2a: Yanmega\n|-start|p2a: Yanmega|move: Leech Seed\n|\n|-damage|p2a: Yanmega|104/275|[from] Leech Seed|[of] p1a: Arboliva\n|upkeep\n|turn|17\n|\n|t:|1732975677\n|move|p2a: Yanmega|Bug Buzz|p1a: Arboliva\n|-supereffective|p1a: Arboliva\n|-damage|p1a: Arboliva|30/288\n|-enditem|p1a: Arboliva|Sitrus Berry|[eat]\n|-heal|p1a: Arboliva|102/288|[from] item: Sitrus Berry\n|move|p1a: Arboliva|Hyper Voice|p2a: Yanmega\n|-damage|p2a: Yanmega|0 fnt\n|faint|p2a: Yanmega\n|\n|upkeep\n|\n|t:|1732975684\n|switch|p2a: Mabosstiff|Mabosstiff, L86, F|244/278\n|-damage|p2a: Mabosstiff|210/278|[from] Stealth Rock\n|turn|18\n|\n|t:|1732975688\n|move|p2a: Mabosstiff|Crunch|p1a: Arboliva\n|-damage|p1a: Arboliva|0 fnt\n|faint|p1a: Arboliva\n|\n|upkeep\n|\n|t:|1732975693\n|switch|p1a: Sylveon|Sylveon, L85, F, tera:Steel|104/300\n|turn|19\n|\n|t:|1732975695\n|move|p2a: Mabosstiff|Crunch|p1a: Sylveon\n|-damage|p1a: Sylveon|0 fnt\n|faint|p1a: Sylveon\n|\n|upkeep\n|\n|t:|1732975696\n|switch|p1a: Tatsugiri|Tatsugiri-Droopy, L87, F|260/260\n|turn|20\n|\n|t:|1732975700\n|move|p2a: Mabosstiff|Crunch|p1a: Tatsugiri\n|-damage|p1a: Tatsugiri|46/260\n|move|p1a: Tatsugiri|Hydro Pump|p2a: Mabosstiff\n|-damage|p2a: Mabosstiff|3/278\n|-damage|p1a: Tatsugiri|20/260|[from] item: Life Orb\n|\n|upkeep\n|turn|21\n|-message|Prisma Dren forfeited.\n|\n|win|Upper Crust\n|raw|Prisma Dren's rating: 1364 &rarr; <strong>1344</strong><br />(-20 for losing)\n|raw|Upper Crust's rating: 1364 &rarr; <strong>1384</strong><br />(+20 for winning)\n|l|\u2606Prisma Dren\n|player|p1|\n", "inputlog": ">version b107d77f5c90bd6555267ae244a6264823309ead\n>start {\"formatid\":\"gen9randombattle\",\"seed\":[56944,53730,47266,22128],\"rated\":\"Rated battle\"}\n>player p1 {\"name\":\"Prisma Dren\",\"avatar\":\"pilot\",\"rating\":1364,\"seed\":[16743,12622,45575,40136]}\n>player p2 {\"name\":\"Upper Crust\",\"avatar\":\"shauna-masters\",\"rating\":1342,\"seed\":[4665,29061,5569,39422]}\n>p1 move stealthrock\n>p2 move bulkup\n>p1 switch 6\n>p2 move bulkup\n>p1 move sacredfire\n>p2 move drainpunch\n>p1 switch 4\n>p2 move knockoff\n>p1 move protect\n>p2 move gunkshot\n>p1 move hypervoice terastallize\n>p2 move gunkshot\n>p2 switch 3\n>p1 move wish\n>p2 move thunderbolt\n>p1 move hypervoice\n>p2 move encore\n>p1 switch 2\n>p2 move nastyplot\n>p1 move sunnyday\n>p2 move terablast terastallize\n>p1 switch 4\n>p1 move flareblitz\n>p2 move thunderbolt\n>p1 switch 2\n>p1 move hypervoice\n>p2 move thunderbolt\n>p2 switch 6\n>p1 move protect\n>p2 move crunch\n>p1 switch 6\n>p2 move crunch\n>p1 move toxicspikes\n>p2 move crunch\n>p1 switch 3\n>p1 move leechseed\n>p2 switch 5\n>p1 move hypervoice\n>p2 move bugbuzz\n>p2 switch 5\n>p1 move leechseed\n>p2 move crunch\n>p1 switch 6\n>p1 move wish\n>p2 move crunch\n>p1 switch 5\n>p1 move hydropump\n>p2 move crunch\n>forcelose p1", "uploadtime": 1732975840, "views": 1, "formatid": "gen9randombattle", "rating": 1344, "private": 0, "password": null}