{"id": "gen9randombattle-2254082184", "format": "[Gen 9] Random Battle", "players": ["danigamer21067", "pvszfan"], "log": "|j|\u2606danigamer21067\n|j|\u2606pvszfan\n|t:|1732989041\n|gametype|singles\n|player|p1|danigamer21067|2|1080\n|player|p2|pvszfan|winona|1088\n|teamsize|p1|6\n|teamsize|p2|6\n|gen|9\n|tier|[Gen 9] Random Battle\n|rated|\n|rule|Species Clause: Limit one of each Pok\u00e9mon\n|rule|HP Percentage Mod: HP is shown in percentages\n|rule|Sleep Clause Mod: Limit one foe put to sleep\n|rule|Illusion Level Mod: Illusion disguises the Pok\u00e9mon's true level\n|\n|t:|1732989041\n|start\n|switch|p1a: Deoxys|Deoxys-Attack, L72|191/191\n|switch|p2a: Barraskewda|Barraskewda, L81, F|231/231\n|-ability|p1a: Deoxys|Pressure\n|turn|1\n|\n|t:|1732989063\n|move|p2a: Barraskewda|Waterfall|p1a: Deoxys\n|-damage|p1a: Deoxys|0 fnt\n|faint|p1a: Deoxys\n|\n|upkeep\n|\n|t:|1732989073\n|switch|p1a: Regigigas|Regigigas, L84|322/322\n|-start|p1a: Regigigas|ability: Slow Start\n|turn|2\n|\n|t:|1732989084\n|move|p2a: Barraskewda|Waterfall|p1a: Regigigas\n|-damage|p1a: Regigigas|199/322\n|move|p1a: Regigigas|Body Slam|p2a: Barraskewda\n|-damage|p2a: Barraskewda|147/231\n|\n|-heal|p1a: Regigigas|219/322|[from] item: Leftovers\n|upkeep\n|turn|3\n|\n|t:|1732989099\n|move|p2a: Barraskewda|Waterfall|p1a: Regigigas\n|-damage|p1a: Regigigas|95/322\n|move|p1a: Regigigas|Body Slam|p2a: Barraskewda\n|-crit|p2a: Barraskewda\n|-damage|p2a: Barraskewda|3/231\n|\n|-heal|p1a: Regigigas|115/322|[from] item: Leftovers\n|upkeep\n|turn|4\n|\n|t:|1732989109\n|move|p2a: Barraskewda|Waterfall|p1a: Regigigas\n|-damage|p1a: Regigigas|0 fnt\n|faint|p1a: Regigigas\n|-end|p1a: Regigigas|Slow Start|[silent]\n|\n|upkeep\n|\n|t:|1732989113\n|switch|p1a: Zacian|Zacian, L69|241/241\n|-ability|p1a: Zacian|Intrepid Sword|boost\n|-boost|p1a: Zacian|atk|1\n|turn|5\n|\n|t:|1732989120\n|move|p2a: Barraskewda|Waterfall|p1a: Zacian\n|-damage|p1a: Zacian|91/241\n|move|p1a: Zacian|Swords Dance|p1a: Zacian\n|-boost|p1a: Zacian|atk|2\n|\n|upkeep\n|turn|6\n|\n|t:|1732989128\n|move|p2a: Barraskewda|Waterfall|p1a: Zacian\n|-damage|p1a: Zacian|0 fnt\n|faint|p1a: Zacian\n|\n|upkeep\n|\n|t:|1732989130\n|switch|p1a: Dewgong|Dewgong, L94, M|322/322\n|turn|7\n|\n|t:|1732989136\n|move|p2a: Barraskewda|Waterfall|p1a: Dewgong\n|-resisted|p1a: Dewgong\n|-damage|p1a: Dewgong|258/322\n|cant|p1a: Dewgong|flinch\n|\n|upkeep\n|turn|8\n|\n|t:|1732989151\n|switch|p2a: Mienshao|Mienshao, L83, F|244/244\n|move|p1a: Dewgong|Triple Axel|p2a: Mienshao\n|-damage|p2a: Mienshao|217/244\n|-damage|p2a: Mienshao|160/244\n|-damage|p2a: Mienshao|75/244\n|-hitcount|p2a: Mienshao|3\n|\n|upkeep\n|turn|9\n|\n|t:|1732989165\n|switch|p1a: Swanna|Swanna, L88, M|275/275\n|move|p2a: Mienshao|Close Combat|p1a: Swanna\n|-resisted|p1a: Swanna\n|-crit|p1a: Swanna\n|-damage|p1a: Swanna|79/275\n|-unboost|p2a: Mienshao|def|1\n|-unboost|p2a: Mienshao|spd|1\n|-damage|p2a: Mienshao|51/244|[from] item: Life Orb\n|\n|upkeep\n|turn|10\n|\n|t:|1732989181\n|move|p1a: Swanna|Brave Bird|p2a: Mienshao\n|-supereffective|p2a: Mienshao\n|-damage|p2a: Mienshao|0 fnt\n|faint|p2a: Mienshao\n|-damage|p1a: Swanna|62/275|[from] Recoil\n|\n|upkeep\n|\n|t:|1732989188\n|switch|p2a: Barraskewda|Barraskewda, L81, F|3/231\n|turn|11\n|\n|t:|1732989198\n|move|p2a: Barraskewda|Flip Turn|p1a: Swanna\n|-resisted|p1a: Swanna\n|-damage|p1a: Swanna|0 fnt\n|faint|p1a: Swanna\n|\n|t:|1732989204\n|switch|p2a: Dragonite|Dragonite, L74, F|257/257|[from] Flip Turn\n|\n|upkeep\n|\n|t:|1732989208\n|switch|p1a: Dewgong|Dewgong, L94, M|258/322\n|turn|12\n|\n|t:|1732989213\n|switch|p2a: Phione|Phione, L91|293/293\n|move|p1a: Dewgong|Triple Axel|p2a: Phione\n|-resisted|p2a: Phione\n|-damage|p2a: Phione|283/293\n|-resisted|p2a: Phione\n|-damage|p2a: Phione|264/293\n|-resisted|p2a: Phione\n|-damage|p2a: Phione|236/293\n|-hitcount|p2a: Phione|3\n|\n|-heal|p2a: Phione|254/293|[from] item: Leftovers\n|upkeep\n|turn|13\n|\n|t:|1732989235\n|move|p2a: Phione|Scald|p1a: Dewgong\n|-resisted|p1a: Dewgong\n|-damage|p1a: Dewgong|224/322\n|-status|p1a: Dewgong|brn\n|move|p1a: Dewgong|Flip Turn|p2a: Phione\n|-resisted|p2a: Phione\n|-damage|p2a: Phione|240/293\n|\n|t:|1732989260\n|switch|p1a: Delphox|Delphox, L84, M|263/263|[from] Flip Turn\n|\n|-heal|p2a: Phione|258/293|[from] item: Leftovers\n|upkeep\n|turn|14\n|\n|t:|1732989270\n|move|p1a: Delphox|Grass Knot|p2a: Phione\n|-supereffective|p2a: Phione\n|-damage|p2a: Phione|222/293\n|move|p2a: Phione|Scald|p1a: Delphox\n|-supereffective|p1a: Delphox\n|-damage|p1a: Delphox|95/263\n|\n|-heal|p2a: Phione|240/293|[from] item: Leftovers\n|upkeep\n|turn|15\n|\n|t:|1732989281\n|switch|p1a: Dewgong|Dewgong, L94, M|224/322 brn\n|move|p2a: Phione|Scald|p1a: Dewgong\n|-resisted|p1a: Dewgong\n|-damage|p1a: Dewgong|190/322 brn\n|\n|-heal|p2a: Phione|258/293|[from] item: Leftovers\n|-damage|p1a: Dewgong|170/322 brn|[from] brn\n|upkeep\n|turn|16\n|\n|t:|1732989292\n|-terastallize|p1a: Dewgong|Ground\n|move|p2a: Phione|Scald|p1a: Dewgong\n|-supereffective|p1a: Dewgong\n|-damage|p1a: Dewgong|36/322 brn\n|move|p1a: Dewgong|Surf|p2a: Phione\n|-resisted|p2a: Phione\n|-crit|p2a: Phione\n|-damage|p2a: Phione|184/293\n|\n|-heal|p2a: Phione|202/293|[from] item: Leftovers\n|-damage|p1a: Dewgong|16/322 brn|[from] brn\n|upkeep\n|turn|17\n|\n|t:|1732989306\n|move|p2a: Phione|Scald|p1a: Dewgong\n|-supereffective|p1a: Dewgong\n|-damage|p1a: Dewgong|0 fnt\n|faint|p1a: Dewgong\n|\n|-heal|p2a: Phione|220/293|[from] item: Leftovers\n|upkeep\n|-message|danigamer21067 forfeited.\n|\n|win|pvszfan\n|raw|danigamer21067's rating: 1080 &rarr; <strong>1059</strong><br />(-21 for losing)\n|raw|pvszfan's rating: 1088 &rarr; <strong>1114</strong><br />(+26 for winning)\n|l|\u2606danigamer21067\n|player|p1|\n", "inputlog": ">version b107d77f5c90bd6555267ae244a6264823309ead\n>start {\"formatid\":\"gen9randombattle\",\"seed\":[23884,44813,1344,11453],\"rated\":\"Rated battle\"}\n>player p1 {\"name\":\"danigamer21067\",\"avatar\":\"2\",\"rating\":1080,\"seed\":[30086,39384,27598,17458]}\n>player p2 {\"name\":\"pvszfan\",\"avatar\":\"winona\",\"rating\":1088,\"seed\":[30042,18347,26509,5803]}\n>p1 move knockoff\n>p2 move waterfall\n>p1 switch 6\n>p1 move bodyslam\n>p2 move waterfall\n>p1 move bodyslam\n>p2 move waterfall\n>p1 move rest\n>p2 move waterfall\n>p1 switch 3\n>p1 move swordsdance\n>p2 move waterfall\n>p1 move wildcharge\n>p2 move waterfall\n>p1 switch 4\n>p1 move surf\n>p2 move waterfall\n>p1 move tripleaxel\n>p2 switch 2\n>p1 switch 5\n>p2 move closecombat\n>p1 move bravebird\n>p2 move closecombat\n>p2 switch 2\n>p1 move roost\n>p2 move flipturn\n>p2 switch 6\n>p1 switch 5\n>p1 move tripleaxel\n>p2 switch 5\n>p1 move flipturn\n>p2 move scald\n>p1 switch 2\n>p1 move grassknot\n>p2 move scald\n>p1 switch 2\n>p2 move scald\n>p1 move surf terastallize\n>p2 move scald\n>p1 move surf\n>p2 move scald\n>forcelose p1", "uploadtime": 1732989317, "views": 9, "formatid": "gen9randombattle", "rating": 1059, "private": 0, "password": null}