{"id": "gen9randombattle-2254107408", "format": "[Gen 9] Random Battle", "players": ["HardLineReaganite", "Xhyaun05"], "log": "|j|\u2606HardLineReaganite\n|j|\u2606Xhyaun05\n|t:|1732992135\n|gametype|singles\n|player|p1|HardLineReaganite|169|1262\n|player|p2|Xhyaun05|alder|1248\n|teamsize|p1|6\n|teamsize|p2|6\n|gen|9\n|tier|[Gen 9] Random Battle\n|rated|\n|rule|Species Clause: Limit one of each Pok\u00e9mon\n|rule|HP Percentage Mod: HP is shown in percentages\n|rule|Sleep Clause Mod: Limit one foe put to sleep\n|rule|Illusion Level Mod: Illusion disguises the Pok\u00e9mon's true level\n|\n|t:|1732992135\n|start\n|switch|p1a: Politoed|Politoed, L88, F|302/302\n|switch|p2a: Dudunsparce|Dudunsparce, L83, M|343/343\n|-weather|RainDance|[from] ability: Drizzle|[of] p1a: Politoed\n|turn|1\n|inactive|Battle timer is ON: inactive players will automatically lose when time's up. (requested by HardLineReaganite)\n|\n|t:|1732992154\n|move|p1a: Politoed|Encore||[still]\n|-fail|p1a: Politoed\n|move|p2a: Dudunsparce|Calm Mind|p2a: Dudunsparce\n|-boost|p2a: Dudunsparce|spa|1\n|-boost|p2a: Dudunsparce|spd|1\n|\n|-weather|RainDance|[upkeep]\n|upkeep\n|turn|2\n|\n|t:|1732992174\n|move|p1a: Politoed|Encore|p2a: Dudunsparce\n|-start|p2a: Dudunsparce|Encore\n|move|p2a: Dudunsparce|Calm Mind|p2a: Dudunsparce\n|-boost|p2a: Dudunsparce|spa|1\n|-boost|p2a: Dudunsparce|spd|1\n|\n|-weather|RainDance|[upkeep]\n|upkeep\n|turn|3\n|\n|t:|1732992180\n|switch|p1a: Sneasler|Sneasler, L74, M|240/240\n|move|p2a: Dudunsparce|Calm Mind|p2a: Dudunsparce\n|-boost|p2a: Dudunsparce|spa|1\n|-boost|p2a: Dudunsparce|spd|1\n|\n|-weather|RainDance|[upkeep]\n|upkeep\n|turn|4\n|\n|t:|1732992194\n|-terastallize|p2a: Dudunsparce|Ghost\n|move|p1a: Sneasler|Close Combat|p2a: Dudunsparce\n|-immune|p2a: Dudunsparce\n|move|p2a: Dudunsparce|Calm Mind|p2a: Dudunsparce\n|-boost|p2a: Dudunsparce|spa|1\n|-boost|p2a: Dudunsparce|spd|1\n|\n|-weather|RainDance|[upkeep]\n|-end|p2a: Dudunsparce|Encore\n|upkeep\n|turn|5\n|\n|t:|1732992210\n|switch|p1a: Politoed|Politoed, L88, F|302/302\n|move|p2a: Dudunsparce|Earth Power|p1a: Politoed\n|-damage|p1a: Politoed|144/302\n|\n|-weather|none\n|upkeep\n|turn|6\n|\n|t:|1732992219\n|move|p1a: Politoed|Ice Beam|p2a: Dudunsparce\n|-damage|p2a: Dudunsparce|318/343\n|move|p2a: Dudunsparce|Earth Power|p1a: Politoed\n|-damage|p1a: Politoed|4/302\n|\n|-heal|p2a: Dudunsparce|339/343|[from] item: Leftovers\n|upkeep\n|turn|7\n|\n|t:|1732992226\n|move|p1a: Politoed|Rest|p1a: Politoed\n|-status|p1a: Politoed|slp|[from] move: Rest\n|-heal|p1a: Politoed|302/302 slp|[silent]\n|-enditem|p1a: Politoed|Chesto Berry|[eat]\n|-curestatus|p1a: Politoed|slp|[msg]\n|move|p2a: Dudunsparce|Boomburst|p1a: Politoed\n|-damage|p1a: Politoed|0 fnt\n|faint|p1a: Politoed\n|\n|-heal|p2a: Dudunsparce|343/343|[from] item: Leftovers\n|upkeep\n|\n|t:|1732992241\n|switch|p1a: Sneasler|Sneasler, L74, M|240/240\n|turn|8\n|\n|t:|1732992249\n|move|p1a: Sneasler|Throat Chop|p2a: Dudunsparce\n|-supereffective|p2a: Dudunsparce\n|-damage|p2a: Dudunsparce|165/343\n|-start|p2a: Dudunsparce|Throat Chop|[silent]\n|-ability|p2a: Dudunsparce|Rattled|boost\n|-boost|p2a: Dudunsparce|spe|1\n|-status|p2a: Dudunsparce|psn|[from] ability: Poison Touch|[of] p1a: Sneasler\n|move|p2a: Dudunsparce|Earth Power|p1a: Sneasler\n|-supereffective|p1a: Sneasler\n|-damage|p1a: Sneasler|0 fnt\n|faint|p1a: Sneasler\n|\n|-heal|p2a: Dudunsparce|186/343 psn|[from] item: Leftovers\n|-damage|p2a: Dudunsparce|144/343 psn|[from] psn\n|upkeep\n|\n|t:|1732992261\n|switch|p1a: Pecharunt|Pecharunt, L77|262/262\n|turn|9\n|\n|t:|1732992277\n|move|p2a: Dudunsparce|Earth Power|p1a: Pecharunt\n|-supereffective|p1a: Pecharunt\n|-damage|p1a: Pecharunt|0 fnt\n|faint|p1a: Pecharunt\n|\n|-heal|p2a: Dudunsparce|165/343 psn|[from] item: Leftovers\n|-damage|p2a: Dudunsparce|123/343 psn|[from] psn\n|-end|p2a: Dudunsparce|Throat Chop|[silent]\n|upkeep\n|\n|t:|1732992282\n|switch|p1a: Lilligant|Lilligant-Hisui, L79, F|240/240\n|turn|10\n|\n|t:|1732992296\n|move|p1a: Lilligant|Leaf Blade|p2a: Dudunsparce\n|-damage|p2a: Dudunsparce|0 fnt\n|faint|p2a: Dudunsparce\n|-damage|p1a: Lilligant|216/240|[from] item: Life Orb\n|\n|upkeep\n|\n|t:|1732992304\n|switch|p2a: Victreebel|Victreebel, L90, F|290/290\n|turn|11\n|\n|t:|1732992313\n|-terastallize|p1a: Lilligant|Steel\n|move|p1a: Lilligant|Victory Dance|p1a: Lilligant\n|-boost|p1a: Lilligant|atk|1\n|-boost|p1a: Lilligant|def|1\n|-boost|p1a: Lilligant|spe|1\n|move|p2a: Victreebel|Sunny Day|p2a: Victreebel\n|-weather|SunnyDay\n|\n|-weather|SunnyDay|[upkeep]\n|upkeep\n|turn|12\n|\n|t:|1732992328\n|move|p2a: Victreebel|Weather Ball|p1a: Lilligant\n|-supereffective|p1a: Lilligant\n|-damage|p1a: Lilligant|0 fnt\n|faint|p1a: Lilligant\n|-damage|p2a: Victreebel|261/290|[from] item: Life Orb\n|\n|-weather|SunnyDay|[upkeep]\n|upkeep\n|\n|t:|1732992334\n|switch|p1a: Garganacl|Garganacl, L80, M|291/291\n|turn|13\n|\n|t:|1732992345\n|move|p2a: Victreebel|Power Whip|p1a: Garganacl|[miss]\n|-miss|p2a: Victreebel|p1a: Garganacl\n|move|p1a: Garganacl|Body Press|p2a: Victreebel\n|-resisted|p2a: Victreebel\n|-damage|p2a: Victreebel|222/290\n|\n|-weather|SunnyDay|[upkeep]\n|upkeep\n|turn|14\n|\n|t:|1732992352\n|move|p2a: Victreebel|Power Whip|p1a: Garganacl\n|-supereffective|p1a: Garganacl\n|-damage|p1a: Garganacl|0 fnt\n|faint|p1a: Garganacl\n|-damage|p2a: Victreebel|193/290|[from] item: Life Orb\n|\n|-weather|SunnyDay|[upkeep]\n|upkeep\n|\n|t:|1732992355\n|switch|p1a: Sceptile|Sceptile, L87, M|264/264\n|turn|15\n|\n|t:|1732992372\n|move|p2a: Victreebel|Sludge Wave|p1a: Sceptile\n|-supereffective|p1a: Sceptile\n|-damage|p1a: Sceptile|0 fnt\n|faint|p1a: Sceptile\n|-damage|p2a: Victreebel|164/290|[from] item: Life Orb\n|\n|win|Xhyaun05\n|raw|HardLineReaganite's rating: 1262 &rarr; <strong>1236</strong><br />(-26 for losing)\n|raw|Xhyaun05's rating: 1248 &rarr; <strong>1274</strong><br />(+26 for winning)\n|l|\u2606HardLineReaganite\n|player|p1|\n|c|\u2606Xhyaun05|gg wp\n", "inputlog": ">version b107d77f5c90bd6555267ae244a6264823309ead\n>start {\"formatid\":\"gen9randombattle\",\"seed\":[62527,55797,13216,16366],\"rated\":\"Rated battle\"}\n>player p1 {\"name\":\"HardLineReaganite\",\"avatar\":\"169\",\"rating\":1262,\"seed\":[23298,53859,52921,34683]}\n>player p2 {\"name\":\"Xhyaun05\",\"avatar\":\"alder\",\"rating\":1248,\"seed\":[1974,50329,53771,40097]}\n>p1 move encore\n>p2 move calmmind\n>p1 move encore\n>p2 move calmmind\n>p1 switch 3\n>p2 move calmmind\n>p1 move closecombat\n>p2 move calmmind terastallize\n>p1 switch 3\n>p2 move earthpower\n>p1 move icebeam\n>p2 move earthpower\n>p1 move rest\n>p2 move boomburst\n>p1 switch 3\n>p1 move throatchop\n>p2 move earthpower\n>p1 switch 4\n>p1 move partingshot\n>p2 move earthpower\n>p1 switch 2\n>p1 move leafblade\n>p2 move boomburst\n>p2 switch 3\n>p1 move victorydance terastallize\n>p2 move sunnyday\n>p1 move closecombat\n>p2 move weatherball\n>p1 switch 5\n>p1 move bodypress\n>p2 move powerwhip\n>p1 move saltcure\n>p2 move powerwhip\n>p1 switch 6\n>p1 move earthquake\n>p2 move sludgewave", "uploadtime": 1732992381, "views": 2, "formatid": "gen9randombattle", "rating": 1236, "private": 0, "password": null}