{"id": "gen9randombattle-2254173880", "format": "[Gen 9] Random Battle", "players": ["puccigae", "Gemaho"], "log": "|j|\u2606puccigae\n|j|\u2606Gemaho\n|t:|1733000360\n|gametype|singles\n|player|p1|puccigae|102|2048\n|player|p2|Gemaho|266|2052\n|teamsize|p1|6\n|teamsize|p2|6\n|gen|9\n|tier|[Gen 9] Random Battle\n|rated|\n|rule|Species Clause: Limit one of each Pok\u00e9mon\n|rule|HP Percentage Mod: HP is shown in percentages\n|rule|Sleep Clause Mod: Limit one foe put to sleep\n|rule|Illusion Level Mod: Illusion disguises the Pok\u00e9mon's true level\n|\n|t:|1733000360\n|start\n|switch|p1a: Swanna|Swanna, L88, F|275/275\n|switch|p2a: Gumshoos|Gumshoos, L95, M|321/321\n|turn|1\n|inactive|Battle timer is ON: inactive players will automatically lose when time's up. (requested by Gemaho)\n|\n|t:|1733000376\n|switch|p1a: Bastiodon|Bastiodon, L89, F|252/252\n|move|p2a: Gumshoos|Double-Edge|p1a: Bastiodon\n|-resisted|p1a: Bastiodon\n|-damage|p1a: Bastiodon|172/252\n|-damage|p2a: Gumshoos|295/321|[from] Recoil\n|\n|upkeep\n|turn|2\n|inactive|Gemaho has 120 seconds left.\n|\n|t:|1733000408\n|switch|p2a: Lugia|Lugia, L72|272/272\n|move|p1a: Bastiodon|Iron Defense|p1a: Bastiodon\n|-boost|p1a: Bastiodon|def|2\n|\n|upkeep\n|turn|3\n|inactive|puccigae has 120 seconds left.\n|inactive|puccigae has 90 seconds left.\n|\n|t:|1733000474\n|switch|p1a: Swanna|Swanna, L88, F|275/275\n|move|p2a: Lugia|Earth Power|p1a: Swanna\n|-immune|p1a: Swanna\n|\n|upkeep\n|turn|4\n|\n|t:|1733000489\n|move|p1a: Swanna|Brave Bird|p2a: Lugia\n|-damage|p2a: Lugia|221/272\n|-damage|p1a: Swanna|258/275|[from] Recoil\n|move|p2a: Lugia|Aeroblast|p1a: Swanna\n|-damage|p1a: Swanna|164/275\n|\n|upkeep\n|turn|5\n|inactive|puccigae has 90 seconds left.\n|\n|t:|1733000506\n|move|p1a: Swanna|Brave Bird|p2a: Lugia\n|-damage|p2a: Lugia|109/272\n|-damage|p1a: Swanna|127/275|[from] Recoil\n|move|p2a: Lugia|Aeroblast|p1a: Swanna\n|-damage|p1a: Swanna|37/275\n|\n|upkeep\n|turn|6\n|inactive|puccigae has 90 seconds left.\n|\n|t:|1733000517\n|move|p1a: Swanna|Hydro Pump|p2a: Lugia\n|-damage|p2a: Lugia|27/272\n|move|p2a: Lugia|Recover|p2a: Lugia\n|-heal|p2a: Lugia|163/272\n|\n|upkeep\n|turn|7\n|\n|t:|1733000521\n|move|p1a: Swanna|Roost|p1a: Swanna\n|-heal|p1a: Swanna|175/275\n|-singleturn|p1a: Swanna|move: Roost\n|move|p2a: Lugia|Recover|p2a: Lugia\n|-heal|p2a: Lugia|272/272\n|\n|upkeep\n|turn|8\n|\n|t:|1733000527\n|move|p1a: Swanna|Roost|p1a: Swanna\n|-heal|p1a: Swanna|275/275\n|-singleturn|p1a: Swanna|move: Roost\n|move|p2a: Lugia|Calm Mind|p2a: Lugia\n|-boost|p2a: Lugia|spa|1\n|-boost|p2a: Lugia|spd|1\n|\n|upkeep\n|turn|9\n|\n|t:|1733000529\n|move|p1a: Swanna|Brave Bird|p2a: Lugia\n|-damage|p2a: Lugia|221/272\n|-damage|p1a: Swanna|258/275|[from] Recoil\n|move|p2a: Lugia|Aeroblast|p1a: Swanna\n|-damage|p1a: Swanna|116/275\n|\n|upkeep\n|turn|10\n|\n|t:|1733000535\n|move|p1a: Swanna|Brave Bird|p2a: Lugia\n|-damage|p2a: Lugia|113/272\n|-damage|p1a: Swanna|80/275|[from] Recoil\n|move|p2a: Lugia|Recover|p2a: Lugia\n|-heal|p2a: Lugia|249/272\n|\n|upkeep\n|turn|11\n|\n|t:|1733000543\n|move|p1a: Swanna|Brave Bird|p2a: Lugia\n|-damage|p2a: Lugia|134/272\n|-damage|p1a: Swanna|42/275|[from] Recoil\n|move|p2a: Lugia|Aeroblast|p1a: Swanna|[miss]\n|-miss|p2a: Lugia|p1a: Swanna\n|\n|upkeep\n|turn|12\n|\n|t:|1733000551\n|move|p1a: Swanna|Roost|p1a: Swanna\n|-heal|p1a: Swanna|180/275\n|-singleturn|p1a: Swanna|move: Roost\n|move|p2a: Lugia|Recover|p2a: Lugia\n|-heal|p2a: Lugia|270/272\n|\n|upkeep\n|turn|13\n|\n|t:|1733000556\n|move|p1a: Swanna|Brave Bird|p2a: Lugia\n|-crit|p2a: Lugia\n|-damage|p2a: Lugia|98/272\n|-damage|p1a: Swanna|123/275|[from] Recoil\n|move|p2a: Lugia|Recover|p2a: Lugia\n|-heal|p2a: Lugia|234/272\n|\n|upkeep\n|turn|14\n|\n|t:|1733000567\n|move|p1a: Swanna|Roost|p1a: Swanna\n|-heal|p1a: Swanna|261/275\n|-singleturn|p1a: Swanna|move: Roost\n|move|p2a: Lugia|Recover|p2a: Lugia\n|-heal|p2a: Lugia|272/272\n|\n|upkeep\n|turn|15\n|\n|t:|1733000576\n|move|p1a: Swanna|Brave Bird|p2a: Lugia\n|-damage|p2a: Lugia|216/272\n|-damage|p1a: Swanna|243/275|[from] Recoil\n|move|p2a: Lugia|Aeroblast|p1a: Swanna\n|-damage|p1a: Swanna|107/275\n|\n|upkeep\n|turn|16\n|\n|t:|1733000585\n|move|p1a: Swanna|Roost|p1a: Swanna\n|-heal|p1a: Swanna|245/275\n|-singleturn|p1a: Swanna|move: Roost\n|move|p2a: Lugia|Aeroblast|p1a: Swanna\n|-damage|p1a: Swanna|106/275\n|\n|upkeep\n|turn|17\n|\n|t:|1733000600\n|move|p1a: Swanna|Roost|p1a: Swanna\n|-heal|p1a: Swanna|244/275\n|-singleturn|p1a: Swanna|move: Roost\n|move|p2a: Lugia|Aeroblast|p1a: Swanna\n|-damage|p1a: Swanna|114/275\n|\n|upkeep\n|turn|18\n|\n|t:|1733000610\n|move|p1a: Swanna|Roost|p1a: Swanna\n|-heal|p1a: Swanna|252/275\n|-singleturn|p1a: Swanna|move: Roost\n|move|p2a: Lugia|Calm Mind|p2a: Lugia\n|-boost|p2a: Lugia|spa|1\n|-boost|p2a: Lugia|spd|1\n|\n|upkeep\n|turn|19\n|\n|t:|1733000616\n|move|p1a: Swanna|Brave Bird|p2a: Lugia\n|-damage|p2a: Lugia|108/272\n|-damage|p1a: Swanna|216/275|[from] Recoil\n|move|p2a: Lugia|Recover|p2a: Lugia\n|-heal|p2a: Lugia|244/272\n|\n|upkeep\n|turn|20\n|\n|t:|1733000630\n|move|p1a: Swanna|Brave Bird|p2a: Lugia\n|-damage|p2a: Lugia|136/272\n|-damage|p1a: Swanna|180/275|[from] Recoil\n|move|p2a: Lugia|Recover|p2a: Lugia\n|-heal|p2a: Lugia|272/272\n|\n|upkeep\n|turn|21\n|\n|t:|1733000643\n|move|p1a: Swanna|Roost|p1a: Swanna\n|-heal|p1a: Swanna|275/275\n|-singleturn|p1a: Swanna|move: Roost\n|move|p2a: Lugia|Calm Mind|p2a: Lugia\n|-boost|p2a: Lugia|spa|1\n|-boost|p2a: Lugia|spd|1\n|\n|upkeep\n|turn|22\n|\n|t:|1733000654\n|move|p1a: Swanna|Hydro Pump|p2a: Lugia\n|-damage|p2a: Lugia|254/272\n|move|p2a: Lugia|Calm Mind|p2a: Lugia\n|-boost|p2a: Lugia|spa|1\n|-boost|p2a: Lugia|spd|1\n|\n|upkeep\n|turn|23\n|\n|t:|1733000657\n|move|p1a: Swanna|Brave Bird|p2a: Lugia\n|-damage|p2a: Lugia|139/272\n|-damage|p1a: Swanna|237/275|[from] Recoil\n|move|p2a: Lugia|Aeroblast|p1a: Swanna\n|-damage|p1a: Swanna|0 fnt\n|faint|p1a: Swanna\n|\n|upkeep\n|\n|t:|1733000664\n|switch|p1a: Ho-Oh|Ho-Oh, L71|268/268\n|turn|24\n|\n|t:|1733000678\n|switch|p2a: Grimmsnarl|Grimmsnarl, L83, M|293/293\n|move|p1a: Ho-Oh|Sacred Fire|p2a: Grimmsnarl\n|-damage|p2a: Grimmsnarl|163/293\n|\n|upkeep\n|turn|25\n|\n|t:|1733000685\n|switch|p1a: Meowscarada|Meowscarada, L78, M|247/247\n|move|p2a: Grimmsnarl|Reflect|p2a: Grimmsnarl\n|-sidestart|p2: Gemaho|Reflect\n|\n|upkeep\n|turn|26\n|\n|t:|1733000693\n|move|p1a: Meowscarada|Flower Trick|p2a: Grimmsnarl\n|-start|p1a: Meowscarada|typechange|Grass|[from] ability: Protean\n|-crit|p2a: Grimmsnarl\n|-damage|p2a: Grimmsnarl|18/293\n|move|p2a: Grimmsnarl|Spirit Break|p1a: Meowscarada\n|-damage|p1a: Meowscarada|136/247\n|-unboost|p1a: Meowscarada|spa|1\n|\n|upkeep\n|turn|27\n|\n|t:|1733000705\n|move|p2a: Grimmsnarl|Parting Shot|p1a: Meowscarada\n|-unboost|p1a: Meowscarada|atk|1\n|-unboost|p1a: Meowscarada|spa|1\n|\n|t:|1733000712\n|switch|p2a: Gogoat|Gogoat, L88, F|360/360|[from] Parting Shot\n|move|p1a: Meowscarada|Flower Trick|p2a: Gogoat\n|-ability|p2a: Gogoat|Sap Sipper|boost\n|-boost|p2a: Gogoat|atk|1\n|\n|upkeep\n|turn|28\n|\n|t:|1733000723\n|move|p1a: Meowscarada|U-turn|p2a: Gogoat\n|-supereffective|p2a: Gogoat\n|-damage|p2a: Gogoat|322/360\n|\n|t:|1733000727\n|switch|p1a: Venusaur|Venusaur, L84, F|272/272|[from] U-turn\n|move|p2a: Gogoat|Horn Leech|p1a: Venusaur\n|-resisted|p1a: Venusaur\n|-damage|p1a: Venusaur|234/272\n|-heal|p2a: Gogoat|341/360|[from] drain|[of] p1a: Venusaur\n|\n|-heal|p1a: Venusaur|251/272|[from] item: Leftovers\n|-heal|p2a: Gogoat|360/360|[from] item: Leftovers\n|upkeep\n|turn|29\n|\n|t:|1733000745\n|move|p1a: Venusaur|Toxic|p2a: Gogoat\n|-status|p2a: Gogoat|tox\n|move|p2a: Gogoat|Earthquake|p1a: Venusaur\n|-damage|p1a: Venusaur|129/272\n|\n|-heal|p1a: Venusaur|146/272|[from] item: Leftovers\n|-damage|p2a: Gogoat|338/360 tox|[from] psn\n|upkeep\n|turn|30\n|inactive|puccigae has 120 seconds left.\n|\n|t:|1733000789\n|switch|p2a: Gumshoos|Gumshoos, L95, M|295/321\n|move|p1a: Venusaur|Synthesis|p1a: Venusaur\n|-heal|p1a: Venusaur|272/272\n|\n|upkeep\n|turn|31\n|\n|t:|1733000801\n|move|p1a: Venusaur|Toxic|p2a: Gumshoos\n|-status|p2a: Gumshoos|tox\n|move|p2a: Gumshoos|Double-Edge|p1a: Venusaur\n|-damage|p1a: Venusaur|0 fnt\n|faint|p1a: Venusaur\n|-damage|p2a: Gumshoos|205/321 tox|[from] Recoil\n|\n|-damage|p2a: Gumshoos|185/321 tox|[from] psn\n|upkeep\n|inactive|puccigae has 120 seconds left.\n|\n|t:|1733000817\n|switch|p1a: Bastiodon|Bastiodon, L89, F|172/252\n|turn|32\n|\n|t:|1733000825\n|switch|p2a: Grimmsnarl|Grimmsnarl, L83, M|18/293\n|move|p1a: Bastiodon|Iron Defense|p1a: Bastiodon\n|-boost|p1a: Bastiodon|def|2\n|\n|-sideend|p2: Gemaho|Reflect\n|upkeep\n|turn|33\n|inactive|puccigae has 120 seconds left.\n|\n|t:|1733000832\n|move|p2a: Grimmsnarl|Parting Shot|p1a: Bastiodon\n|-immune|p1a: Bastiodon|[from] ability: Soundproof\n|move|p1a: Bastiodon|Body Press|p2a: Grimmsnarl\n|-damage|p2a: Grimmsnarl|0 fnt\n|faint|p2a: Grimmsnarl\n|\n|upkeep\n|\n|t:|1733000842\n|switch|p2a: Lugia|Lugia, L72|139/272\n|turn|34\n|\n|t:|1733000847\n|switch|p1a: Ho-Oh|Ho-Oh, L71|268/268\n|move|p2a: Lugia|Earth Power|p1a: Ho-Oh\n|-immune|p1a: Ho-Oh\n|\n|upkeep\n|turn|35\n|\n|t:|1733000855\n|switch|p2a: Miraidon|Miraidon, L65|238/238\n|-fieldstart|move: Electric Terrain|[from] ability: Hadron Engine|[of] p2a: Miraidon\n|move|p1a: Ho-Oh|Sacred Fire|p2a: Miraidon\n|-resisted|p2a: Miraidon\n|-damage|p2a: Miraidon|178/238\n|\n|-heal|p2a: Miraidon|192/238|[from] item: Leftovers\n|upkeep\n|turn|36\n|\n|t:|1733000867\n|switch|p2a: Lugia|Lugia, L72|139/272\n|-terastallize|p1a: Ho-Oh|Ground\n|move|p1a: Ho-Oh|Earthquake|p2a: Lugia\n|-immune|p2a: Lugia\n|\n|upkeep\n|turn|37\n|\n|t:|1733000893\n|move|p2a: Lugia|Calm Mind|p2a: Lugia\n|-boost|p2a: Lugia|spa|1\n|-boost|p2a: Lugia|spd|1\n|move|p1a: Ho-Oh|Sacred Fire|p2a: Lugia\n|-crit|p2a: Lugia\n|-damage|p2a: Lugia|4/272\n|\n|upkeep\n|turn|38\n|inactive|puccigae has 120 seconds left.\n|\n|t:|1733000936\n|move|p2a: Lugia|Earth Power|p1a: Ho-Oh\n|-damage|p1a: Ho-Oh|215/268\n|move|p1a: Ho-Oh|Earthquake|p2a: Lugia\n|-immune|p2a: Lugia\n|\n|upkeep\n|turn|39\n|\n|t:|1733000943\n|move|p2a: Lugia|Earth Power|p1a: Ho-Oh\n|-damage|p1a: Ho-Oh|166/268\n|move|p1a: Ho-Oh|Recover|p1a: Ho-Oh\n|-heal|p1a: Ho-Oh|268/268\n|\n|-fieldend|move: Electric Terrain\n|upkeep\n|turn|40\n|\n|t:|1733000946\n|move|p2a: Lugia|Earth Power|p1a: Ho-Oh\n|-damage|p1a: Ho-Oh|218/268\n|move|p1a: Ho-Oh|Brave Bird|p2a: Lugia\n|-damage|p2a: Lugia|0 fnt\n|faint|p2a: Lugia\n|-damage|p1a: Ho-Oh|217/268|[from] Recoil\n|\n|upkeep\n|inactive|Gemaho has 120 seconds left.\n|\n|t:|1733000979\n|switch|p2a: Gumshoos|Gumshoos, L95, M|185/321 tox\n|turn|41\n|\n|t:|1733000986\n|switch|p1a: Bastiodon|Bastiodon, L89, F|172/252\n|move|p2a: Gumshoos|Double-Edge|p1a: Bastiodon\n|-resisted|p1a: Bastiodon\n|-damage|p1a: Bastiodon|102/252\n|-damage|p2a: Gumshoos|162/321 tox|[from] Recoil\n|\n|-damage|p2a: Gumshoos|142/321 tox|[from] psn\n|upkeep\n|turn|42\n|inactive|Gemaho has 120 seconds left.\n|\n|t:|1733001003\n|switch|p2a: Delphox|Delphox, L84, F|263/263\n|move|p1a: Bastiodon|Body Press|p2a: Delphox\n|-resisted|p2a: Delphox\n|-damage|p2a: Delphox|208/263\n|\n|upkeep\n|turn|43\n|\n|t:|1733001008\n|switch|p1a: Emboar|Emboar, L84, M|322/322\n|move|p2a: Delphox|Fire Blast|p1a: Emboar\n|-resisted|p1a: Emboar\n|-damage|p1a: Emboar|235/322\n|\n|-heal|p1a: Emboar|255/322|[from] item: Leftovers\n|upkeep\n|turn|44\n|\n|t:|1733001023\n|switch|p2a: Gogoat|Gogoat, L88, F|338/360 tox\n|move|p1a: Emboar|Trailblaze|p2a: Gogoat\n|-ability|p2a: Gogoat|Sap Sipper|boost\n|-boost|p2a: Gogoat|atk|1\n|\n|-heal|p2a: Gogoat|360/360 tox|[from] item: Leftovers\n|-heal|p1a: Emboar|275/322|[from] item: Leftovers\n|-damage|p2a: Gogoat|338/360 tox|[from] psn\n|upkeep\n|turn|45\n|\n|t:|1733001034\n|-terastallize|p2a: Gogoat|Ground\n|move|p2a: Gogoat|Bulk Up|p2a: Gogoat\n|-boost|p2a: Gogoat|atk|1\n|-boost|p2a: Gogoat|def|1\n|move|p1a: Emboar|Flare Blitz|p2a: Gogoat\n|-damage|p2a: Gogoat|197/360 tox\n|-damage|p1a: Emboar|228/322|[from] Recoil\n|\n|-heal|p2a: Gogoat|219/360 tox|[from] item: Leftovers\n|-heal|p1a: Emboar|248/322|[from] item: Leftovers\n|-damage|p2a: Gogoat|175/360 tox|[from] psn\n|upkeep\n|turn|46\n|\n|t:|1733001045\n|move|p2a: Gogoat|Earthquake|p1a: Emboar\n|-supereffective|p1a: Emboar\n|-damage|p1a: Emboar|0 fnt\n|faint|p1a: Emboar\n|\n|-heal|p2a: Gogoat|197/360 tox|[from] item: Leftovers\n|-damage|p2a: Gogoat|131/360 tox|[from] psn\n|upkeep\n|\n|t:|1733001047\n|switch|p1a: Meowscarada|Meowscarada, L78, M|136/247\n|turn|47\n|\n|t:|1733001053\n|move|p1a: Meowscarada|Knock Off|p2a: Gogoat\n|-start|p1a: Meowscarada|typechange|Dark|[from] ability: Protean\n|-damage|p2a: Gogoat|44/360 tox\n|-enditem|p2a: Gogoat|Leftovers|[from] move: Knock Off|[of] p1a: Meowscarada\n|move|p2a: Gogoat|Earthquake|p1a: Meowscarada\n|-damage|p1a: Meowscarada|0 fnt\n|faint|p1a: Meowscarada\n|\n|-damage|p2a: Gogoat|0 fnt|[from] psn\n|faint|p2a: Gogoat\n|upkeep\n|\n|t:|1733001077\n|switch|p1a: Ho-Oh|Ho-Oh, L71, tera:Ground|268/268\n|switch|p2a: Delphox|Delphox, L84, F|208/263\n|turn|48\n|\n|t:|1733001081\n|move|p2a: Delphox|Grass Knot|p1a: Ho-Oh\n|-supereffective|p1a: Ho-Oh\n|-damage|p1a: Ho-Oh|152/268\n|move|p1a: Ho-Oh|Earthquake|p2a: Delphox\n|-supereffective|p2a: Delphox\n|-damage|p2a: Delphox|0 fnt\n|faint|p2a: Delphox\n|\n|upkeep\n|inactive|Gemaho has 120 seconds left.\n|\n|t:|1733001114\n|switch|p2a: Gumshoos|Gumshoos, L95, M|142/321 tox\n|turn|49\n|inactive|Gemaho has 120 seconds left.\n|\n|t:|1733001122\n|switch|p1a: Bastiodon|Bastiodon, L89, F|102/252\n|move|p2a: Gumshoos|Earthquake|p1a: Bastiodon\n|-supereffective|p1a: Bastiodon\n|-damage|p1a: Bastiodon|0 fnt\n|faint|p1a: Bastiodon\n|\n|-damage|p2a: Gumshoos|122/321 tox|[from] psn\n|upkeep\n|\n|t:|1733001127\n|switch|p1a: Ho-Oh|Ho-Oh, L71, tera:Ground|241/268\n|turn|50\n|\n|t:|1733001137\n|move|p1a: Ho-Oh|Brave Bird|p2a: Gumshoos\n|-damage|p2a: Gumshoos|0 fnt\n|faint|p2a: Gumshoos\n|-damage|p1a: Ho-Oh|201/268|[from] Recoil\n|\n|upkeep\n|\n|t:|1733001140\n|switch|p2a: Miraidon|Miraidon, L65|192/238\n|-fieldstart|move: Electric Terrain|[from] ability: Hadron Engine|[of] p2a: Miraidon\n|turn|51\n|\n|t:|1733001150\n|move|p2a: Miraidon|Draco Meteor|p1a: Ho-Oh\n|-damage|p1a: Ho-Oh|90/268\n|-unboost|p2a: Miraidon|spa|2\n|move|p1a: Ho-Oh|Earthquake|p2a: Miraidon\n|-supereffective|p2a: Miraidon\n|-damage|p2a: Miraidon|0 fnt\n|faint|p2a: Miraidon\n|\n|win|puccigae\n|raw|puccigae's rating: 2048 &rarr; <strong>2068</strong><br />(+20 for winning)\n|raw|Gemaho's rating: 2052 &rarr; <strong>2032</strong><br />(-20 for losing)\n", "inputlog": ">version b107d77f5c90bd6555267ae244a6264823309ead\n>start {\"formatid\":\"gen9randombattle\",\"seed\":[44336,37593,16392,44316],\"rated\":\"Rated battle\"}\n>player p1 {\"name\":\"puccigae\",\"avatar\":\"102\",\"rating\":2048,\"seed\":[46335,60585,23564,33006]}\n>player p2 {\"name\":\"Gemaho\",\"avatar\":\"266\",\"rating\":2052,\"seed\":[9561,6399,60154,62039]}\n>p1 switch 4\n>p2 move doubleedge\n>p1 move irondefense\n>p2 switch 4\n>p1 switch 4\n>p2 move earthpower\n>p1 move bravebird\n>p2 move aeroblast\n>p1 move bravebird\n>p2 move aeroblast\n>p1 move hydropump\n>p2 move recover\n>p1 move roost\n>p2 move recover\n>p1 move roost\n>p2 move calmmind\n>p1 move bravebird\n>p2 move aeroblast\n>p1 move bravebird\n>p2 move recover\n>p1 move bravebird\n>p2 move aeroblast\n>p1 move roost\n>p2 move recover\n>p1 move bravebird\n>p2 move recover\n>p1 move roost\n>p2 move recover\n>p1 move bravebird\n>p2 move aeroblast\n>p1 move roost\n>p2 move aeroblast\n>p1 move roost\n>p2 move aeroblast\n>p1 move roost\n>p2 move calmmind\n>p1 move bravebird\n>p2 move recover\n>p1 move bravebird\n>p2 move recover\n>p1 move roost\n>p2 move calmmind\n>p1 move hydropump\n>p2 move calmmind\n>p1 move bravebird\n>p2 move aeroblast\n>p1 switch 6\n>p1 move sacredfire\n>p2 switch 2\n>p1 switch 2\n>p2 move reflect\n>p1 move flowertrick\n>p2 move spiritbreak\n>p1 move flowertrick\n>p2 move partingshot\n>p2 switch 6\n>p1 move uturn\n>p2 move hornleech\n>p1 switch 3\n>p1 move toxic\n>p2 move earthquake\n>p1 move synthesis\n>p2 switch 4\n>p1 move toxic\n>p2 move doubleedge\n>p1 switch 4\n>p1 move irondefense\n>p2 switch 6\n>p1 move bodypress\n>p2 move partingshot\n>p2 switch 2\n>p1 switch 2\n>p2 move earthpower\n>p1 move sacredfire\n>p2 switch 3\n>p1 move earthquake terastallize\n>p2 switch 3\n>p1 move sacredfire\n>p2 move calmmind\n>p1 move earthquake\n>p2 move earthpower\n>p1 move recover\n>p2 move earthpower\n>p1 move bravebird\n>p2 move earthpower\n>p2 switch 6\n>p1 switch 2\n>p2 move doubleedge\n>p1 move bodypress\n>p2 switch 5\n>p1 switch 5\n>p2 move fireblast\n>p1 move trailblaze\n>p2 switch 4\n>p1 move flareblitz\n>p2 move bulkup terastallize\n>p1 move bulkup\n>p2 move earthquake\n>p1 switch 3\n>p1 move knockoff\n>p2 move earthquake\n>p1 switch 2\n>p2 switch 4\n>p1 move earthquake\n>p2 move grassknot\n>p2 switch 5\n>p1 switch 5\n>p2 move earthquake\n>p1 switch 5\n>p1 move bravebird\n>p2 move earthquake\n>p2 switch 3\n>p1 move earthquake\n>p2 move dracometeor", "uploadtime": 1733001155, "views": 8, "formatid": "gen9randombattle", "rating": 2032, "private": 0, "password": null}