{"id": "gen9randombattle-2253833093", "format": "[Gen 9] Random Battle", "players": ["c0bi6", "Arxz"], "log": "|j|\u2606c0bi6\n|j|\u2606Arxz\n|t:|1732945463\n|gametype|singles\n|player|p1|c0bi6|266|1703\n|player|p2|Arxz|hoopster|1701\n|teamsize|p1|6\n|teamsize|p2|6\n|gen|9\n|tier|[Gen 9] Random Battle\n|rated|\n|rule|Species Clause: Limit one of each Pok\u00e9mon\n|rule|HP Percentage Mod: HP is shown in percentages\n|rule|Sleep Clause Mod: Limit one foe put to sleep\n|rule|Illusion Level Mod: Illusion disguises the Pok\u00e9mon's true level\n|\n|t:|1732945463\n|start\n|switch|p1a: Swalot|Swalot, L90, F|326/326\n|switch|p2a: Hariyama|Hariyama, L87, F|392/392\n|turn|1\n|inactive|Battle timer is ON: inactive players will automatically lose when time's up. (requested by c0bi6)\n|\n|t:|1732945486\n|move|p1a: Swalot|Knock Off|p2a: Hariyama\n|-resisted|p2a: Hariyama\n|-damage|p2a: Hariyama|349/392\n|-enditem|p2a: Hariyama|Assault Vest|[from] move: Knock Off|[of] p1a: Swalot\n|move|p2a: Hariyama|Headlong Rush|p1a: Swalot\n|-supereffective|p1a: Swalot\n|-damage|p1a: Swalot|104/326\n|-unboost|p2a: Hariyama|def|1\n|-unboost|p2a: Hariyama|spd|1\n|\n|-heal|p1a: Swalot|124/326|[from] item: Leftovers\n|upkeep\n|turn|2\n|\n|t:|1732945496\n|move|p1a: Swalot|Sludge Bomb|p2a: Hariyama\n|-damage|p2a: Hariyama|186/392\n|move|p2a: Hariyama|Headlong Rush|p1a: Swalot\n|-supereffective|p1a: Swalot\n|-damage|p1a: Swalot|0 fnt\n|-unboost|p2a: Hariyama|def|1\n|-unboost|p2a: Hariyama|spd|1\n|faint|p1a: Swalot\n|\n|upkeep\n|\n|t:|1732945524\n|switch|p1a: Mandibuzz|Mandibuzz, L85, F|326/326\n|turn|3\n|\n|t:|1732945537\n|switch|p2a: Rotom|Rotom-Fan, L86|226/226\n|move|p1a: Mandibuzz|Foul Play|p2a: Rotom\n|-damage|p2a: Rotom|175/226\n|\n|upkeep\n|turn|4\n|\n|t:|1732945544\n|move|p2a: Rotom|Thunderbolt|p1a: Mandibuzz\n|-supereffective|p1a: Mandibuzz\n|-damage|p1a: Mandibuzz|122/326\n|-status|p1a: Mandibuzz|par\n|move|p1a: Mandibuzz|Toxic|p2a: Rotom\n|-status|p2a: Rotom|tox\n|\n|-damage|p2a: Rotom|161/226 tox|[from] psn\n|upkeep\n|turn|5\n|\n|t:|1732945548\n|move|p2a: Rotom|Thunderbolt|p1a: Mandibuzz\n|-supereffective|p1a: Mandibuzz\n|-damage|p1a: Mandibuzz|0 fnt\n|faint|p1a: Mandibuzz\n|\n|-damage|p2a: Rotom|133/226 tox|[from] psn\n|upkeep\n|\n|t:|1732945560\n|switch|p1a: Dondozo|Dondozo, L78, M|362/362\n|turn|6\n|\n|t:|1732945568\n|move|p2a: Rotom|Volt Switch|p1a: Dondozo\n|-supereffective|p1a: Dondozo\n|-damage|p1a: Dondozo|152/362\n|\n|t:|1732945576\n|switch|p2a: Raging Bolt|Raging Bolt, L78|323/323|[from] Volt Switch\n|move|p1a: Dondozo|Wave Crash|p2a: Raging Bolt\n|-resisted|p2a: Raging Bolt\n|-damage|p2a: Raging Bolt|266/323\n|-damage|p1a: Dondozo|133/362|[from] Recoil\n|\n|-heal|p1a: Dondozo|155/362|[from] item: Leftovers\n|upkeep\n|turn|7\n|\n|t:|1732945586\n|move|p2a: Raging Bolt|Discharge|p1a: Dondozo\n|-supereffective|p1a: Dondozo\n|-damage|p1a: Dondozo|0 fnt\n|faint|p1a: Dondozo\n|\n|upkeep\n|\n|t:|1732945596\n|switch|p1a: Glastrier|Glastrier, L86|311/311\n|turn|8\n|\n|t:|1732945602\n|move|p2a: Raging Bolt|Volt Switch|p1a: Glastrier\n|-damage|p1a: Glastrier|241/311\n|\n|t:|1732945605\n|-end|p2a: Raging Bolt|Protosynthesis|[silent]\n|switch|p2a: Hariyama|Hariyama, L87, F|186/392|[from] Volt Switch\n|move|p1a: Glastrier|Icicle Crash|p2a: Hariyama\n|-damage|p2a: Hariyama|71/392\n|\n|upkeep\n|turn|9\n|inactive|Arxz has 120 seconds left.\n|\n|t:|1732945635\n|switch|p1a: Giratina|Giratina-Origin, L72|335/335\n|move|p2a: Hariyama|Close Combat|p1a: Giratina\n|-immune|p1a: Giratina\n|\n|upkeep\n|turn|10\n|inactive|Arxz has 120 seconds left.\n|\n|t:|1732945651\n|move|p1a: Giratina|Shadow Sneak|p2a: Hariyama\n|-damage|p2a: Hariyama|14/392\n|move|p2a: Hariyama|Knock Off|p1a: Giratina\n|-supereffective|p1a: Giratina\n|-damage|p1a: Giratina|219/335\n|\n|upkeep\n|turn|11\n|inactive|Arxz has 120 seconds left.\n|\n|t:|1732945665\n|move|p1a: Giratina|Shadow Sneak|p2a: Hariyama\n|-damage|p2a: Hariyama|0 fnt\n|faint|p2a: Hariyama\n|\n|upkeep\n|\n|t:|1732945676\n|switch|p2a: Sandaconda|Sandaconda, L84, F|258/258\n|turn|12\n|\n|t:|1732945682\n|move|p1a: Giratina|Poltergeist|p2a: Sandaconda\n|-activate|p2a: Sandaconda|move: Poltergeist|Leftovers\n|-damage|p2a: Sandaconda|159/258\n|move|p2a: Sandaconda|Stone Edge|p1a: Giratina\n|-crit|p1a: Giratina\n|-damage|p1a: Giratina|106/335\n|\n|-heal|p2a: Sandaconda|175/258|[from] item: Leftovers\n|upkeep\n|turn|13\n|\n|t:|1732945686\n|move|p1a: Giratina|Draco Meteor|p2a: Sandaconda\n|-damage|p2a: Sandaconda|0 fnt\n|-unboost|p1a: Giratina|spa|2\n|faint|p2a: Sandaconda\n|\n|upkeep\n|\n|t:|1732945694\n|switch|p2a: Wyrdeer|Wyrdeer, L87, M|321/321\n|-ability|p2a: Wyrdeer|Intimidate|boost\n|-unboost|p1a: Giratina|atk|1\n|turn|14\n|\n|t:|1732945701\n|switch|p1a: Glastrier|Glastrier, L86|241/311\n|move|p2a: Wyrdeer|Psychic Noise|p1a: Glastrier\n|-damage|p1a: Glastrier|172/311\n|-start|p1a: Glastrier|move: Heal Block\n|\n|upkeep\n|turn|15\n|\n|t:|1732945710\n|move|p2a: Wyrdeer|Psychic Noise|p1a: Glastrier\n|-damage|p1a: Glastrier|97/311\n|move|p1a: Glastrier|Icicle Crash|p2a: Wyrdeer\n|-damage|p2a: Wyrdeer|90/321\n|\n|-heal|p2a: Wyrdeer|110/321|[from] item: Leftovers\n|-end|p1a: Glastrier|move: Heal Block\n|upkeep\n|turn|16\n|\n|t:|1732945716\n|move|p2a: Wyrdeer|Psychic Noise|p1a: Glastrier\n|-damage|p1a: Glastrier|21/311\n|-start|p1a: Glastrier|move: Heal Block\n|move|p1a: Glastrier|Icicle Crash|p2a: Wyrdeer\n|-damage|p2a: Wyrdeer|0 fnt\n|faint|p2a: Wyrdeer\n|-ability|p1a: Glastrier|Chilling Neigh|boost\n|-boost|p1a: Glastrier|atk|1\n|\n|upkeep\n|\n|t:|1732945726\n|switch|p2a: Rotom|Rotom-Fan, L86|133/226 tox\n|turn|17\n|\n|t:|1732945732\n|move|p2a: Rotom|Thunderbolt|p1a: Glastrier\n|-damage|p1a: Glastrier|0 fnt\n|faint|p1a: Glastrier\n|\n|-damage|p2a: Rotom|119/226 tox|[from] psn\n|upkeep\n|\n|t:|1732945735\n|switch|p1a: Tsareena|Tsareena, L87, F|267/267\n|turn|18\n|\n|t:|1732945741\n|move|p2a: Rotom|Will-O-Wisp|p1a: Tsareena\n|-status|p1a: Tsareena|brn\n|move|p1a: Tsareena|Power Whip|p2a: Rotom\n|-resisted|p2a: Rotom\n|-damage|p2a: Rotom|84/226 tox\n|\n|-damage|p2a: Rotom|56/226 tox|[from] psn\n|-damage|p1a: Tsareena|251/267 brn|[from] brn\n|upkeep\n|turn|19\n|\n|t:|1732945747\n|move|p2a: Rotom|Air Slash|p1a: Tsareena\n|-supereffective|p1a: Tsareena\n|-damage|p1a: Tsareena|83/267 brn\n|move|p1a: Tsareena|High Jump Kick|p2a: Rotom\n|-resisted|p2a: Rotom\n|-damage|p2a: Rotom|33/226 tox\n|\n|-damage|p2a: Rotom|0 fnt|[from] psn\n|faint|p2a: Rotom\n|-damage|p1a: Tsareena|67/267 brn|[from] brn\n|upkeep\n|\n|t:|1732945757\n|switch|p2a: Raging Bolt|Raging Bolt, L78|266/323\n|turn|20\n|\n|t:|1732945766\n|move|p1a: Tsareena|High Jump Kick|p2a: Raging Bolt\n|-damage|p2a: Raging Bolt|201/323\n|move|p2a: Raging Bolt|Discharge|p1a: Tsareena\n|-resisted|p1a: Tsareena\n|-damage|p1a: Tsareena|22/267 brn\n|\n|-damage|p1a: Tsareena|6/267 brn|[from] brn\n|upkeep\n|turn|21\n|\n|t:|1732945773\n|move|p1a: Tsareena|Synthesis|p1a: Tsareena\n|-heal|p1a: Tsareena|139/267 brn\n|move|p2a: Raging Bolt|Discharge|p1a: Tsareena\n|-resisted|p1a: Tsareena\n|-damage|p1a: Tsareena|96/267 brn\n|\n|-damage|p1a: Tsareena|80/267 brn|[from] brn\n|upkeep\n|turn|22\n|\n|t:|1732945779\n|move|p1a: Tsareena|Synthesis|p1a: Tsareena\n|-heal|p1a: Tsareena|213/267 brn\n|move|p2a: Raging Bolt|Discharge|p1a: Tsareena\n|-resisted|p1a: Tsareena\n|-damage|p1a: Tsareena|171/267 brn\n|\n|-damage|p1a: Tsareena|155/267 brn|[from] brn\n|upkeep\n|turn|23\n|\n|t:|1732945781\n|move|p1a: Tsareena|Synthesis|p1a: Tsareena\n|-heal|p1a: Tsareena|267/267 brn\n|move|p2a: Raging Bolt|Discharge|p1a: Tsareena\n|-resisted|p1a: Tsareena\n|-damage|p1a: Tsareena|225/267 brn\n|\n|-damage|p1a: Tsareena|209/267 brn|[from] brn\n|upkeep\n|turn|24\n|\n|t:|1732945786\n|move|p1a: Tsareena|High Jump Kick|p2a: Raging Bolt\n|-damage|p2a: Raging Bolt|139/323\n|move|p2a: Raging Bolt|Discharge|p1a: Tsareena\n|-resisted|p1a: Tsareena\n|-damage|p1a: Tsareena|167/267 brn\n|\n|-damage|p1a: Tsareena|151/267 brn|[from] brn\n|upkeep\n|turn|25\n|\n|t:|1732945789\n|move|p1a: Tsareena|High Jump Kick|p2a: Raging Bolt\n|-damage|p2a: Raging Bolt|74/323\n|move|p2a: Raging Bolt|Draco Meteor|p1a: Tsareena\n|-damage|p1a: Tsareena|15/267 brn\n|-unboost|p2a: Raging Bolt|spa|2\n|\n|-damage|p1a: Tsareena|0 fnt|[from] brn\n|faint|p1a: Tsareena\n|upkeep\n|\n|t:|1732945791\n|switch|p1a: Giratina|Giratina-Origin, L72|106/335\n|turn|26\n|\n|t:|1732945794\n|move|p1a: Giratina|Shadow Sneak|p2a: Raging Bolt\n|-damage|p2a: Raging Bolt|23/323\n|move|p2a: Raging Bolt|Draco Meteor|p1a: Giratina\n|-supereffective|p1a: Giratina\n|-damage|p1a: Giratina|0 fnt\n|-unboost|p2a: Raging Bolt|spa|2\n|faint|p1a: Giratina\n|\n|win|Arxz\n|raw|c0bi6's rating: 1703 &rarr; <strong>1683</strong><br />(-20 for losing)\n|raw|Arxz's rating: 1701 &rarr; <strong>1721</strong><br />(+20 for winning)\n|l|\u2606c0bi6\n|player|p1|\n", "inputlog": ">version b107d77f5c90bd6555267ae244a6264823309ead\n>start {\"formatid\":\"gen9randombattle\",\"seed\":[17381,16648,57135,12479],\"rated\":\"Rated battle\"}\n>player p1 {\"name\":\"c0bi6\",\"avatar\":\"266\",\"rating\":1703,\"seed\":[1966,43225,57055,19380]}\n>player p2 {\"name\":\"Arxz\",\"avatar\":\"hoopster\",\"rating\":1701,\"seed\":[33165,29479,35296,51228]}\n>p1 move knockoff\n>p2 move headlongrush\n>p1 move sludgebomb\n>p2 move headlongrush\n>p1 switch 6\n>p1 move foulplay\n>p2 switch 4\n>p1 move toxic\n>p2 move thunderbolt\n>p1 move roost\n>p2 move thunderbolt\n>p1 switch 2\n>p1 move wavecrash\n>p2 move voltswitch\n>p2 switch 6\n>p1 move curse\n>p2 move discharge\n>p1 switch 3\n>p1 move iciclecrash\n>p2 move voltswitch\n>p2 switch 4\n>p1 switch 4\n>p2 move closecombat\n>p1 move shadowsneak\n>p2 move knockoff\n>p1 move shadowsneak\n>p2 move knockoff\n>p2 switch 3\n>p1 move poltergeist\n>p2 move stoneedge\n>p1 move dracometeor\n>p2 move coil\n>p2 switch 5\n>p1 switch 4\n>p2 move psychicnoise\n>p1 move iciclecrash\n>p2 move psychicnoise\n>p1 move iciclecrash\n>p2 move psychicnoise\n>p2 switch 6\n>p1 move iciclecrash\n>p2 move thunderbolt\n>p1 switch 5\n>p1 move powerwhip\n>p2 move willowisp\n>p1 move highjumpkick\n>p2 move airslash\n>p2 switch 4\n>p1 move highjumpkick\n>p2 move discharge\n>p1 move synthesis\n>p2 move discharge\n>p1 move synthesis\n>p2 move discharge\n>p1 move synthesis\n>p2 move discharge\n>p1 move highjumpkick\n>p2 move discharge\n>p1 move highjumpkick\n>p2 move dracometeor\n>p1 switch 4\n>p1 move shadowsneak\n>p2 move dracometeor", "uploadtime": 1732945803, "views": 2, "formatid": "gen9randombattle", "rating": 1683, "private": 0, "password": null}