{"id": "gen9randombattle-2254085469", "format": "[Gen 9] Random Battle", "players": ["Gns_Eugenio", "Snarljos"], "log": "|j|\u2606Gns_Eugenio\n|j|\u2606Snarljos\n|t:|1732989453\n|gametype|singles\n|player|p1|Gns_Eugenio|2|1109\n|player|p2|Snarljos|170|1147\n|teamsize|p1|6\n|teamsize|p2|6\n|gen|9\n|tier|[Gen 9] Random Battle\n|rated|\n|rule|Species Clause: Limit one of each Pok\u00e9mon\n|rule|HP Percentage Mod: HP is shown in percentages\n|rule|Sleep Clause Mod: Limit one foe put to sleep\n|rule|Illusion Level Mod: Illusion disguises the Pok\u00e9mon's true level\n|\n|t:|1732989453\n|start\n|switch|p1a: Regieleki|Regieleki, L79|256/256\n|switch|p2a: Hitmonchan|Hitmonchan, L87, M|229/229\n|turn|1\n|\n|t:|1732989461\n|move|p1a: Regieleki|Volt Switch|p2a: Hitmonchan\n|-damage|p2a: Hitmonchan|138/229\n|\n|t:|1732989489\n|switch|p1a: Whiscash|Whiscash, L88, M|337/337|[from] Volt Switch\n|move|p2a: Hitmonchan|Knock Off|p1a: Whiscash\n|-damage|p1a: Whiscash|246/337\n|-enditem|p1a: Whiscash|Life Orb|[from] move: Knock Off|[of] p2a: Hitmonchan\n|\n|-heal|p2a: Hitmonchan|152/229|[from] item: Leftovers\n|upkeep\n|turn|2\n|\n|t:|1732989508\n|switch|p2a: Minun|Minun, L95, F|268/268\n|move|p1a: Whiscash|Dragon Dance|p1a: Whiscash\n|-boost|p1a: Whiscash|atk|1\n|-boost|p1a: Whiscash|spe|1\n|\n|upkeep\n|turn|3\n|\n|t:|1732989519\n|move|p2a: Minun|Grass Knot|p1a: Whiscash\n|-supereffective|p1a: Whiscash\n|-crit|p1a: Whiscash\n|-damage|p1a: Whiscash|0 fnt\n|faint|p1a: Whiscash\n|-damage|p2a: Minun|242/268|[from] item: Life Orb\n|\n|upkeep\n|\n|t:|1732989538\n|switch|p1a: Houndstone|Houndstone, L86, F|264/264\n|turn|4\n|\n|t:|1732989548\n|move|p2a: Minun|Alluring Voice|p1a: Houndstone\n|-damage|p1a: Houndstone|213/264\n|-damage|p2a: Minun|216/268|[from] item: Life Orb\n|move|p1a: Houndstone|Poltergeist|p2a: Minun|[miss]\n|-miss|p1a: Houndstone|p2a: Minun\n|\n|upkeep\n|turn|5\n|\n|t:|1732989563\n|switch|p2a: Hitmonchan|Hitmonchan, L87, M|152/229\n|move|p1a: Houndstone|Poltergeist|p2a: Hitmonchan\n|-activate|p2a: Hitmonchan|move: Poltergeist|Leftovers\n|-crit|p2a: Hitmonchan\n|-damage|p2a: Hitmonchan|0 fnt\n|faint|p2a: Hitmonchan\n|\n|upkeep\n|\n|t:|1732989572\n|switch|p2a: Persian|Persian, L92, M|269/269\n|turn|6\n|\n|t:|1732989579\n|move|p2a: Persian|Knock Off|p1a: Houndstone\n|-supereffective|p1a: Houndstone\n|-damage|p1a: Houndstone|154/264\n|-enditem|p1a: Houndstone|Assault Vest|[from] move: Knock Off|[of] p2a: Persian\n|move|p1a: Houndstone|Body Press|p2a: Persian\n|-supereffective|p2a: Persian\n|-damage|p2a: Persian|113/269\n|\n|upkeep\n|turn|7\n|\n|t:|1732989587\n|move|p2a: Persian|U-turn|p1a: Houndstone\n|-resisted|p1a: Houndstone\n|-damage|p1a: Houndstone|144/264\n|\n|t:|1732989592\n|switch|p2a: Drifblim|Drifblim, L86, M|396/396|[from] U-turn\n|move|p1a: Houndstone|Body Press|p2a: Drifblim\n|-immune|p2a: Drifblim\n|\n|upkeep\n|turn|8\n|\n|t:|1732989602\n|move|p1a: Houndstone|Shadow Sneak|p2a: Drifblim\n|-supereffective|p2a: Drifblim\n|-damage|p2a: Drifblim|238/396\n|move|p2a: Drifblim|Shadow Ball|p1a: Houndstone\n|-supereffective|p1a: Houndstone\n|-damage|p1a: Houndstone|0 fnt\n|faint|p1a: Houndstone\n|\n|upkeep\n|\n|t:|1732989611\n|switch|p1a: Regieleki|Regieleki, L79|256/256\n|turn|9\n|inactive|Battle timer is ON: inactive players will automatically lose when time's up. (requested by Gns_Eugenio)\n|\n|t:|1732989641\n|switch|p2a: Minun|Minun, L95, F|216/268\n|move|p1a: Regieleki|Volt Switch|p2a: Minun\n|-heal|p2a: Minun|268/268|[from] ability: Volt Absorb|[of] p1a: Regieleki\n|\n|upkeep\n|turn|10\n|\n|t:|1732989659\n|switch|p1a: Pyroar|Pyroar, L88, M|295/295\n|-ability|p1a: Pyroar|Unnerve\n|move|p2a: Minun|Nasty Plot|p2a: Minun\n|-boost|p2a: Minun|spa|2\n|\n|upkeep\n|turn|11\n|\n|t:|1732989682\n|move|p1a: Pyroar|Work Up|p1a: Pyroar\n|-boost|p1a: Pyroar|atk|1\n|-boost|p1a: Pyroar|spa|1\n|move|p2a: Minun|Alluring Voice|p1a: Pyroar\n|-resisted|p1a: Pyroar\n|-damage|p1a: Pyroar|199/295\n|-start|p1a: Pyroar|confusion\n|-damage|p2a: Minun|242/268|[from] item: Life Orb\n|\n|upkeep\n|turn|12\n|\n|t:|1732989693\n|-activate|p1a: Pyroar|confusion\n|move|p1a: Pyroar|Fire Blast|p2a: Minun\n|-damage|p2a: Minun|64/268\n|move|p2a: Minun|Thunderbolt|p1a: Pyroar\n|-damage|p1a: Pyroar|0 fnt\n|faint|p1a: Pyroar\n|-damage|p2a: Minun|38/268|[from] item: Life Orb\n|\n|upkeep\n|\n|t:|1732989701\n|switch|p1a: Regieleki|Regieleki, L79|256/256\n|turn|13\n|\n|t:|1732989709\n|move|p1a: Regieleki|Volt Switch|p2a: Minun\n|-heal|p2a: Minun|105/268|[from] ability: Volt Absorb|[of] p1a: Regieleki\n|move|p2a: Minun|Grass Knot|p1a: Regieleki\n|-damage|p1a: Regieleki|0 fnt\n|faint|p1a: Regieleki\n|-damage|p2a: Minun|79/268|[from] item: Life Orb\n|\n|upkeep\n|\n|t:|1732989718\n|switch|p1a: Solgaleo|Solgaleo, L74|325/325\n|turn|14\n|\n|t:|1732989735\n|move|p2a: Minun|Alluring Voice|p1a: Solgaleo\n|-resisted|p1a: Solgaleo\n|-crit|p1a: Solgaleo\n|-damage|p1a: Solgaleo|205/325\n|-damage|p2a: Minun|53/268|[from] item: Life Orb\n|move|p1a: Solgaleo|Flame Charge|p2a: Minun\n|-damage|p2a: Minun|4/268\n|-boost|p1a: Solgaleo|spe|1\n|\n|upkeep\n|turn|15\n|\n|t:|1732989746\n|move|p1a: Solgaleo|Flame Charge|p2a: Minun\n|-damage|p2a: Minun|0 fnt\n|-boost|p1a: Solgaleo|spe|1\n|faint|p2a: Minun\n|\n|upkeep\n|\n|t:|1732989768\n|switch|p2a: Drifblim|Drifblim, L86, M|238/396\n|turn|16\n|\n|t:|1732989775\n|move|p1a: Solgaleo|Knock Off|p2a: Drifblim\n|-supereffective|p2a: Drifblim\n|-damage|p2a: Drifblim|22/396\n|-enditem|p2a: Drifblim|Sitrus Berry|[from] move: Knock Off|[of] p1a: Solgaleo\n|move|p2a: Drifblim|Strength Sap|p1a: Solgaleo\n|-fail|p1a: Solgaleo|unboost|[from] ability: Full Metal Body|[of] p1a: Solgaleo\n|-heal|p2a: Drifblim|268/396\n|\n|upkeep\n|turn|17\n|\n|t:|1732989788\n|move|p2a: Drifblim|Shadow Ball|p1a: Solgaleo\n|-supereffective|p1a: Solgaleo\n|-damage|p1a: Solgaleo|13/325\n|-enditem|p1a: Solgaleo|Weakness Policy\n|-boost|p1a: Solgaleo|atk|2|[from] item: Weakness Policy\n|-boost|p1a: Solgaleo|spa|2|[from] item: Weakness Policy\n|move|p1a: Solgaleo|Sunsteel Strike|p2a: Drifblim\n|-crit|p2a: Drifblim\n|-damage|p2a: Drifblim|0 fnt\n|faint|p2a: Drifblim\n|\n|upkeep\n|\n|t:|1732989800\n|switch|p2a: Persian|Persian, L92, M|113/269\n|turn|18\n|\n|t:|1732989806\n|move|p2a: Persian|Fake Out|p1a: Solgaleo\n|-resisted|p1a: Solgaleo\n|-damage|p1a: Solgaleo|0 fnt\n|faint|p1a: Solgaleo\n|\n|upkeep\n|\n|t:|1732989810\n|switch|p1a: Groudon|Groudon, L72|263/263\n|-weather|SunnyDay|[from] ability: Drought|[of] p1a: Groudon\n|turn|19\n|\n|t:|1732989827\n|move|p2a: Persian|Knock Off|p1a: Groudon\n|-damage|p1a: Groudon|211/263\n|-enditem|p1a: Groudon|Leftovers|[from] move: Knock Off|[of] p2a: Persian\n|move|p1a: Groudon|Swords Dance|p1a: Groudon\n|-boost|p1a: Groudon|atk|2\n|\n|-weather|SunnyDay|[upkeep]\n|upkeep\n|turn|20\n|\n|t:|1732989836\n|move|p2a: Persian|Double-Edge|p1a: Groudon\n|-damage|p1a: Groudon|99/263\n|-damage|p2a: Persian|76/269|[from] Recoil\n|move|p1a: Groudon|Heat Crash|p2a: Persian\n|-damage|p2a: Persian|0 fnt\n|faint|p2a: Persian\n|\n|-weather|SunnyDay|[upkeep]\n|upkeep\n|\n|t:|1732989846\n|switch|p2a: Kyogre|Kyogre, L71|259/259\n|-weather|RainDance|[from] ability: Drizzle|[of] p2a: Kyogre\n|turn|21\n|inactive|Gns_Eugenio has 120 seconds left.\n|\n|t:|1732989876\n|move|p2a: Kyogre|Water Spout|p1a: Groudon\n|-supereffective|p1a: Groudon\n|-damage|p1a: Groudon|0 fnt\n|faint|p1a: Groudon\n|\n|win|Snarljos\n|raw|Gns_Eugenio's rating: 1109 &rarr; <strong>1087</strong><br />(-22 for losing)\n|raw|Snarljos's rating: 1147 &rarr; <strong>1169</strong><br />(+22 for winning)\n|c|\u2606Snarljos|gg\n", "inputlog": ">version b107d77f5c90bd6555267ae244a6264823309ead\n>start {\"formatid\":\"gen9randombattle\",\"seed\":[38078,51244,26195,34176],\"rated\":\"Rated battle\"}\n>player p1 {\"name\":\"Gns_Eugenio\",\"avatar\":\"2\",\"rating\":1109,\"seed\":[62348,61087,46444,55371]}\n>player p2 {\"name\":\"Snarljos\",\"avatar\":\"170\",\"rating\":1147,\"seed\":[19901,42396,29052,43294]}\n>p1 move voltswitch\n>p2 move knockoff\n>p1 switch 4\n>p1 move dragondance\n>p2 switch 6\n>p1 move earthquake\n>p2 move grassknot\n>p1 switch 5\n>p1 move poltergeist\n>p2 move alluringvoice\n>p1 move poltergeist\n>p2 switch 6\n>p2 switch 4\n>p1 move bodypress\n>p2 move knockoff\n>p1 move bodypress\n>p2 move uturn\n>p2 switch 5\n>p1 move shadowsneak\n>p2 move shadowball\n>p1 switch 4\n>p1 move voltswitch\n>p2 switch 6\n>p1 switch 3\n>p2 move nastyplot\n>p1 move workup\n>p2 move alluringvoice\n>p1 move fireblast\n>p2 move thunderbolt\n>p1 switch 3\n>p1 move voltswitch\n>p2 move grassknot\n>p1 switch 6\n>p1 move flamecharge\n>p2 move alluringvoice\n>p1 move flamecharge\n>p2 move thunderbolt\n>p2 switch 6\n>p1 move knockoff\n>p2 move strengthsap\n>p1 move sunsteelstrike\n>p2 move shadowball\n>p2 switch 5\n>p1 move flamecharge\n>p2 move fakeout\n>p1 switch 2\n>p1 move swordsdance\n>p2 move knockoff\n>p1 move heatcrash\n>p2 move doubleedge\n>p2 switch 2\n>p1 move precipiceblades\n>p2 move waterspout", "uploadtime": 1732989886, "views": 3, "formatid": "gen9randombattle", "rating": 1087, "private": 0, "password": null}