{"id": "gen9randombattle-2253851394", "format": "[Gen 9] Random Battle", "players": ["Karmeil", "Zulaiah"], "log": "|j|\u2606Karmeil\n|j|\u2606Zulaiah\n|t:|1732948917\n|gametype|singles\n|player|p1|Karmeil|battlegirl|1647\n|player|p2|Zulaiah|hiker-gen4|1676\n|teamsize|p1|6\n|teamsize|p2|6\n|gen|9\n|tier|[Gen 9] Random Battle\n|rated|\n|rule|Species Clause: Limit one of each Pok\u00e9mon\n|rule|HP Percentage Mod: HP is shown in percentages\n|rule|Sleep Clause Mod: Limit one foe put to sleep\n|rule|Illusion Level Mod: Illusion disguises the Pok\u00e9mon's true level\n|\n|t:|1732948917\n|start\n|switch|p1a: Pyroar|Pyroar, L88, M|295/295\n|switch|p2a: Kommo-o|Kommo-o, L78, M|245/245\n|-ability|p1a: Pyroar|Unnerve\n|turn|1\n|\n|t:|1732948953\n|switch|p1a: Ribombee|Ribombee, L82, F|233/233\n|move|p2a: Kommo-o|Scale Shot|p1a: Ribombee\n|-immune|p1a: Ribombee\n|\n|upkeep\n|turn|2\n|\n|t:|1732948974\n|-terastallize|p2a: Kommo-o|Steel\n|move|p1a: Ribombee|Stun Spore|p2a: Kommo-o|[miss]\n|-miss|p1a: Ribombee|p2a: Kommo-o\n|move|p2a: Kommo-o|Swords Dance|p2a: Kommo-o\n|-boost|p2a: Kommo-o|atk|2\n|\n|upkeep\n|turn|3\n|\n|t:|1732948981\n|move|p1a: Ribombee|Stun Spore|p2a: Kommo-o\n|-status|p2a: Kommo-o|par\n|move|p2a: Kommo-o|Iron Head|p1a: Ribombee\n|-supereffective|p1a: Ribombee\n|-damage|p1a: Ribombee|0 fnt\n|faint|p1a: Ribombee\n|\n|upkeep\n|\n|t:|1732948990\n|switch|p1a: Torkoal|Torkoal, L88, M|266/266\n|-weather|SunnyDay|[from] ability: Drought|[of] p1a: Torkoal\n|turn|4\n|\n|t:|1732949005\n|switch|p2a: Gastrodon|Gastrodon-East, L86, F|331/331\n|move|p1a: Torkoal|Stealth Rock|p2a: Gastrodon\n|-sidestart|p2: Zulaiah|move: Stealth Rock\n|\n|-weather|SunnyDay|[upkeep]\n|upkeep\n|turn|5\n|\n|t:|1732949018\n|switch|p1a: Poliwrath|Poliwrath, L88, M|302/302\n|move|p2a: Gastrodon|Stealth Rock|p1a: Poliwrath\n|-sidestart|p1: Karmeil|move: Stealth Rock\n|\n|-weather|SunnyDay|[upkeep]\n|upkeep\n|turn|6\n|\n|t:|1732949054\n|switch|p2a: Espeon|Espeon, L84, F|246/246\n|-damage|p2a: Espeon|216/246|[from] Stealth Rock\n|move|p1a: Poliwrath|Close Combat|p2a: Espeon\n|-resisted|p2a: Espeon\n|-damage|p2a: Espeon|99/246\n|-unboost|p1a: Poliwrath|def|1\n|-unboost|p1a: Poliwrath|spd|1\n|-damage|p1a: Poliwrath|272/302|[from] item: Life Orb\n|\n|-weather|SunnyDay|[upkeep]\n|upkeep\n|turn|7\n|\n|t:|1732949068\n|switch|p1a: Pyroar|Pyroar, L88, M|295/295\n|-ability|p1a: Pyroar|Unnerve\n|move|p2a: Espeon|Shadow Ball|p1a: Pyroar\n|-immune|p1a: Pyroar\n|\n|-weather|SunnyDay|[upkeep]\n|upkeep\n|turn|8\n|\n|t:|1732949077\n|switch|p2a: Gastrodon|Gastrodon-East, L86, F|331/331\n|-damage|p2a: Gastrodon|311/331|[from] Stealth Rock\n|move|p1a: Pyroar|Work Up|p1a: Pyroar\n|-boost|p1a: Pyroar|atk|1\n|-boost|p1a: Pyroar|spa|1\n|\n|-weather|none\n|-heal|p2a: Gastrodon|331/331|[from] item: Leftovers\n|upkeep\n|turn|9\n|\n|t:|1732949087\n|move|p1a: Pyroar|Hyper Voice|p2a: Gastrodon\n|-damage|p2a: Gastrodon|142/331\n|move|p2a: Gastrodon|Sludge Bomb|p1a: Pyroar\n|-damage|p1a: Pyroar|223/295\n|\n|-heal|p2a: Gastrodon|162/331|[from] item: Leftovers\n|upkeep\n|turn|10\n|\n|t:|1732949098\n|switch|p2a: Samurott|Samurott, L88, M|310/310\n|-damage|p2a: Samurott|272/310|[from] Stealth Rock\n|move|p1a: Pyroar|Hyper Voice|p2a: Samurott\n|-damage|p2a: Samurott|139/310\n|\n|upkeep\n|turn|11\n|\n|t:|1732949107\n|-terastallize|p1a: Pyroar|Fire\n|move|p1a: Pyroar|Fire Blast|p2a: Samurott|[miss]\n|-miss|p1a: Pyroar|p2a: Samurott\n|move|p2a: Samurott|Hydro Pump|p1a: Pyroar\n|-supereffective|p1a: Pyroar\n|-damage|p1a: Pyroar|0 fnt\n|faint|p1a: Pyroar\n|\n|upkeep\n|\n|t:|1732949112\n|switch|p1a: Poliwrath|Poliwrath, L88, M|272/302\n|-damage|p1a: Poliwrath|254/302|[from] Stealth Rock\n|turn|12\n|\n|t:|1732949119\n|move|p1a: Poliwrath|Rain Dance|p1a: Poliwrath\n|-weather|RainDance\n|move|p2a: Samurott|Grass Knot|p1a: Poliwrath\n|-supereffective|p1a: Poliwrath\n|-damage|p1a: Poliwrath|126/302\n|\n|-weather|RainDance|[upkeep]\n|upkeep\n|turn|13\n|\n|t:|1732949129\n|move|p1a: Poliwrath|Close Combat|p2a: Samurott\n|-damage|p2a: Samurott|0 fnt\n|-unboost|p1a: Poliwrath|def|1\n|-unboost|p1a: Poliwrath|spd|1\n|faint|p2a: Samurott\n|-damage|p1a: Poliwrath|96/302|[from] item: Life Orb\n|\n|-weather|RainDance|[upkeep]\n|upkeep\n|\n|t:|1732949146\n|switch|p2a: Bronzong|Bronzong, L88|261/261\n|-damage|p2a: Bronzong|245/261|[from] Stealth Rock\n|turn|14\n|\n|t:|1732949170\n|move|p1a: Poliwrath|Liquidation|p2a: Bronzong\n|-damage|p2a: Bronzong|85/261\n|-damage|p1a: Poliwrath|66/302|[from] item: Life Orb\n|move|p2a: Bronzong|Psychic Noise|p1a: Poliwrath\n|-supereffective|p1a: Poliwrath\n|-damage|p1a: Poliwrath|0 fnt\n|faint|p1a: Poliwrath\n|\n|-weather|RainDance|[upkeep]\n|-heal|p2a: Bronzong|101/261|[from] item: Leftovers\n|upkeep\n|\n|t:|1732949188\n|switch|p1a: Torkoal|Torkoal, L88, M|266/266\n|-weather|SunnyDay|[from] ability: Drought|[of] p1a: Torkoal\n|turn|15\n|\n|t:|1732949213\n|move|p2a: Bronzong|Hypnosis|p1a: Torkoal\n|-status|p1a: Torkoal|slp|[from] move: Hypnosis\n|cant|p1a: Torkoal|slp\n|\n|-weather|SunnyDay|[upkeep]\n|-heal|p2a: Bronzong|117/261|[from] item: Leftovers\n|upkeep\n|turn|16\n|\n|t:|1732949221\n|move|p2a: Bronzong|Earthquake|p1a: Torkoal\n|-supereffective|p1a: Torkoal\n|-damage|p1a: Torkoal|170/266 slp\n|cant|p1a: Torkoal|slp\n|\n|-weather|SunnyDay|[upkeep]\n|-heal|p2a: Bronzong|133/261|[from] item: Leftovers\n|upkeep\n|turn|17\n|\n|t:|1732949228\n|move|p2a: Bronzong|Earthquake|p1a: Torkoal\n|-supereffective|p1a: Torkoal\n|-damage|p1a: Torkoal|72/266 slp\n|cant|p1a: Torkoal|slp\n|\n|-weather|SunnyDay|[upkeep]\n|-heal|p2a: Bronzong|149/261|[from] item: Leftovers\n|upkeep\n|turn|18\n|\n|t:|1732949234\n|move|p2a: Bronzong|Earthquake|p1a: Torkoal\n|-supereffective|p1a: Torkoal\n|-damage|p1a: Torkoal|0 fnt\n|faint|p1a: Torkoal\n|\n|-weather|SunnyDay|[upkeep]\n|-heal|p2a: Bronzong|165/261|[from] item: Leftovers\n|upkeep\n|\n|t:|1732949238\n|switch|p1a: Kommo-o|Kommo-o, L78, M|245/245\n|-damage|p1a: Kommo-o|230/245|[from] Stealth Rock\n|turn|19\n|\n|t:|1732949252\n|move|p1a: Kommo-o|Clangorous Soul|p1a: Kommo-o\n|-boost|p1a: Kommo-o|atk|1\n|-boost|p1a: Kommo-o|def|1\n|-boost|p1a: Kommo-o|spa|1\n|-boost|p1a: Kommo-o|spd|1\n|-boost|p1a: Kommo-o|spe|1\n|-damage|p1a: Kommo-o|150/245\n|-enditem|p1a: Kommo-o|Throat Spray\n|-boost|p1a: Kommo-o|spa|1|[from] item: Throat Spray\n|move|p2a: Bronzong|Hypnosis|p1a: Kommo-o|[miss]\n|-miss|p2a: Bronzong|p1a: Kommo-o\n|\n|-weather|none\n|-heal|p2a: Bronzong|181/261|[from] item: Leftovers\n|upkeep\n|turn|20\n|\n|t:|1732949267\n|move|p1a: Kommo-o|Clanging Scales|p2a: Bronzong\n|-resisted|p2a: Bronzong\n|-damage|p2a: Bronzong|103/261\n|-unboost|p1a: Kommo-o|def|1\n|move|p2a: Bronzong|Hypnosis|p1a: Kommo-o|[miss]\n|-miss|p2a: Bronzong|p1a: Kommo-o\n|\n|-heal|p2a: Bronzong|119/261|[from] item: Leftovers\n|upkeep\n|turn|21\n|\n|t:|1732949279\n|move|p1a: Kommo-o|Close Combat|p2a: Bronzong\n|-damage|p2a: Bronzong|0 fnt\n|-unboost|p1a: Kommo-o|def|1\n|-unboost|p1a: Kommo-o|spd|1\n|faint|p2a: Bronzong\n|\n|upkeep\n|\n|t:|1732949295\n|switch|p2a: Volcarona|Volcarona, L77, F|257/257\n|turn|22\n|\n|t:|1732949314\n|move|p1a: Kommo-o|Clangorous Soul|p1a: Kommo-o\n|-boost|p1a: Kommo-o|atk|1\n|-boost|p1a: Kommo-o|def|1\n|-boost|p1a: Kommo-o|spa|1\n|-boost|p1a: Kommo-o|spd|1\n|-boost|p1a: Kommo-o|spe|1\n|-damage|p1a: Kommo-o|70/245\n|move|p2a: Volcarona|Quiver Dance|p2a: Volcarona\n|-boost|p2a: Volcarona|spa|1\n|-boost|p2a: Volcarona|spd|1\n|-boost|p2a: Volcarona|spe|1\n|\n|upkeep\n|turn|23\n|\n|t:|1732949325\n|move|p1a: Kommo-o|Clanging Scales|p2a: Volcarona\n|-damage|p2a: Volcarona|92/257\n|-unboost|p1a: Kommo-o|def|1\n|move|p2a: Volcarona|Tera Blast|p1a: Kommo-o\n|-damage|p1a: Kommo-o|16/245\n|\n|upkeep\n|turn|24\n|\n|t:|1732949334\n|move|p1a: Kommo-o|Clanging Scales|p2a: Volcarona\n|-damage|p2a: Volcarona|0 fnt\n|faint|p2a: Volcarona\n|-unboost|p1a: Kommo-o|def|1\n|\n|upkeep\n|\n|t:|1732949347\n|switch|p2a: Kommo-o|Kommo-o, L78, M, tera:Steel|245/245 par\n|-damage|p2a: Kommo-o|230/245 par|[from] Stealth Rock\n|turn|25\n|\n|t:|1732949355\n|move|p1a: Kommo-o|Close Combat|p2a: Kommo-o\n|-supereffective|p2a: Kommo-o\n|-damage|p2a: Kommo-o|0 fnt\n|-unboost|p1a: Kommo-o|def|1\n|-unboost|p1a: Kommo-o|spd|1\n|faint|p2a: Kommo-o\n|\n|upkeep\n|\n|t:|1732949361\n|switch|p2a: Gastrodon|Gastrodon-East, L86, F|162/331\n|-damage|p2a: Gastrodon|142/331|[from] Stealth Rock\n|turn|26\n|\n|t:|1732949366\n|move|p1a: Kommo-o|Close Combat|p2a: Gastrodon\n|-damage|p2a: Gastrodon|0 fnt\n|-unboost|p1a: Kommo-o|def|1\n|-unboost|p1a: Kommo-o|spd|1\n|faint|p2a: Gastrodon\n|\n|upkeep\n|-message|Zulaiah forfeited.\n|\n|win|Karmeil\n|raw|Karmeil's rating: 1647 &rarr; <strong>1669</strong><br />(+22 for winning)\n|raw|Zulaiah's rating: 1676 &rarr; <strong>1654</strong><br />(-22 for losing)\n|l|\u2606Zulaiah\n|player|p2|\n", "inputlog": ">version b107d77f5c90bd6555267ae244a6264823309ead\n>start {\"formatid\":\"gen9randombattle\",\"seed\":[24951,62966,31005,32028],\"rated\":\"Rated battle\"}\n>player p1 {\"name\":\"Karmeil\",\"avatar\":\"battlegirl\",\"rating\":1647,\"seed\":[3919,6477,39362,18588]}\n>player p2 {\"name\":\"Zulaiah\",\"avatar\":\"hiker-gen4\",\"rating\":1676,\"seed\":[23660,62263,34517,42436]}\n>p1 switch 5\n>p2 move scaleshot\n>p1 move stunspore\n>p2 move swordsdance terastallize\n>p1 move stunspore\n>p2 move ironhead\n>p1 switch 2\n>p1 move stealthrock\n>p2 switch 4\n>p1 switch 6\n>p2 move stealthrock\n>p1 move closecombat\n>p2 switch 2\n>p1 switch 5\n>p2 move shadowball\n>p1 move workup\n>p2 switch 2\n>p1 move hypervoice\n>p2 move sludgebomb\n>p1 move hypervoice\n>p2 switch 3\n>p1 move fireblast terastallize\n>p2 move hydropump\n>p1 switch 5\n>p1 move raindance\n>p2 move grassknot\n>p1 move closecombat\n>p2 move grassknot\n>p2 switch 5\n>p1 move liquidation\n>p2 move psychicnoise\n>p1 switch 6\n>p1 move rapidspin\n>p2 move hypnosis\n>p1 move rapidspin\n>p2 move earthquake\n>p1 move rapidspin\n>p2 move earthquake\n>p1 move rapidspin\n>p2 move earthquake\n>p1 switch 4\n>p1 move clangoroussoul\n>p2 move hypnosis\n>p1 move clangingscales\n>p2 move hypnosis\n>p1 move closecombat\n>p2 move psychicnoise\n>p2 switch 6\n>p1 move clangoroussoul\n>p2 move quiverdance\n>p1 move clangingscales\n>p2 move terablast\n>p1 move clangingscales\n>p2 move terablast\n>p2 switch 4\n>p1 move closecombat\n>p2 move scaleshot\n>p2 switch 3\n>p1 move closecombat\n>p2 move sludgebomb\n>forcelose p2", "uploadtime": 1732949373, "views": 1, "formatid": "gen9randombattle", "rating": 1654, "private": 0, "password": null}