{"id": "gen9randombattle-2254151197", "format": "[Gen 9] Random Battle", "players": ["elx2mejorx2", "DreamyBulll"], "log": "|j|\u2606elx2mejorx2\n|j|\u203dDreamyBulll\n|t:|1732997517\n|gametype|singles\n|player|p1|elx2mejorx2|hilbert|1303\n|player|p2|DreamyBulll|265|1332\n|teamsize|p1|6\n|teamsize|p2|6\n|gen|9\n|tier|[Gen 9] Random Battle\n|rated|\n|rule|Species Clause: Limit one of each Pok\u00e9mon\n|rule|HP Percentage Mod: HP is shown in percentages\n|rule|Sleep Clause Mod: Limit one foe put to sleep\n|rule|Illusion Level Mod: Illusion disguises the Pok\u00e9mon's true level\n|\n|t:|1732997517\n|start\n|switch|p1a: Arbok|Arbok, L87, M|246/246\n|switch|p2a: Dondozo|Dondozo, L78, F|362/362\n|-ability|p1a: Arbok|Intimidate|boost\n|-unboost|p2a: Dondozo|atk|1\n|turn|1\n|inactive|Battle timer is ON: inactive players will automatically lose when time's up. (requested by DreamyBulll)\n|\n|t:|1732997537\n|move|p1a: Arbok|Coil|p1a: Arbok\n|-boost|p1a: Arbok|atk|1\n|-boost|p1a: Arbok|def|1\n|-boost|p1a: Arbok|accuracy|1\n|move|p2a: Dondozo|Curse|p2a: Dondozo\n|-unboost|p2a: Dondozo|spe|1\n|-boost|p2a: Dondozo|atk|1\n|-boost|p2a: Dondozo|def|1\n|\n|upkeep\n|turn|2\n|\n|t:|1732997546\n|switch|p2a: Cresselia|Cresselia, L80, F|323/323\n|move|p1a: Arbok|Trailblaze|p2a: Cresselia\n|-damage|p2a: Cresselia|270/323\n|-boost|p1a: Arbok|spe|1\n|\n|-heal|p2a: Cresselia|290/323|[from] item: Leftovers\n|upkeep\n|turn|3\n|\n|t:|1732997556\n|-terastallize|p1a: Arbok|Ground\n|-terastallize|p2a: Cresselia|Poison\n|move|p1a: Arbok|Earthquake|p2a: Cresselia\n|-immune|p2a: Cresselia|[from] ability: Levitate\n|move|p2a: Cresselia|Calm Mind|p2a: Cresselia\n|-boost|p2a: Cresselia|spa|1\n|-boost|p2a: Cresselia|spd|1\n|\n|-heal|p2a: Cresselia|310/323|[from] item: Leftovers\n|upkeep\n|turn|4\n|\n|t:|1732997566\n|move|p1a: Arbok|Gunk Shot|p2a: Cresselia\n|-resisted|p2a: Cresselia\n|-damage|p2a: Cresselia|217/323\n|move|p2a: Cresselia|Calm Mind|p2a: Cresselia\n|-boost|p2a: Cresselia|spa|1\n|-boost|p2a: Cresselia|spd|1\n|\n|-heal|p2a: Cresselia|237/323|[from] item: Leftovers\n|upkeep\n|turn|5\n|\n|t:|1732997576\n|move|p1a: Arbok|Trailblaze|p2a: Cresselia\n|-resisted|p2a: Cresselia\n|-damage|p2a: Cresselia|210/323\n|-boost|p1a: Arbok|spe|1\n|move|p2a: Cresselia|Calm Mind|p2a: Cresselia\n|-boost|p2a: Cresselia|spa|1\n|-boost|p2a: Cresselia|spd|1\n|\n|-heal|p2a: Cresselia|230/323|[from] item: Leftovers\n|upkeep\n|turn|6\n|\n|t:|1732997581\n|move|p1a: Arbok|Gunk Shot|p2a: Cresselia\n|-resisted|p2a: Cresselia\n|-damage|p2a: Cresselia|150/323\n|move|p2a: Cresselia|Calm Mind|p2a: Cresselia\n|-boost|p2a: Cresselia|spa|1\n|-boost|p2a: Cresselia|spd|1\n|\n|-heal|p2a: Cresselia|170/323|[from] item: Leftovers\n|upkeep\n|turn|7\n|\n|t:|1732997588\n|move|p1a: Arbok|Gunk Shot|p2a: Cresselia\n|-resisted|p2a: Cresselia\n|-damage|p2a: Cresselia|90/323\n|move|p2a: Cresselia|Moonlight|p2a: Cresselia\n|-heal|p2a: Cresselia|251/323\n|\n|-heal|p2a: Cresselia|271/323|[from] item: Leftovers\n|upkeep\n|turn|8\n|\n|t:|1732997592\n|move|p1a: Arbok|Coil|p1a: Arbok\n|-boost|p1a: Arbok|atk|1\n|-boost|p1a: Arbok|def|1\n|-boost|p1a: Arbok|accuracy|1\n|move|p2a: Cresselia|Calm Mind|p2a: Cresselia\n|-boost|p2a: Cresselia|spa|1\n|-boost|p2a: Cresselia|spd|1\n|\n|-heal|p2a: Cresselia|291/323|[from] item: Leftovers\n|upkeep\n|turn|9\n|\n|t:|1732997597\n|move|p1a: Arbok|Coil|p1a: Arbok\n|-boost|p1a: Arbok|atk|1\n|-boost|p1a: Arbok|def|1\n|-boost|p1a: Arbok|accuracy|1\n|move|p2a: Cresselia|Psyshock|p1a: Arbok\n|-damage|p1a: Arbok|135/246\n|\n|-heal|p1a: Arbok|150/246|[from] item: Leftovers\n|-heal|p2a: Cresselia|311/323|[from] item: Leftovers\n|upkeep\n|turn|10\n|\n|t:|1732997600\n|move|p1a: Arbok|Gunk Shot|p2a: Cresselia\n|-resisted|p2a: Cresselia\n|-damage|p2a: Cresselia|175/323\n|move|p2a: Cresselia|Calm Mind|p2a: Cresselia\n|-boost|p2a: Cresselia|spa|1\n|-boost|p2a: Cresselia|spd|1\n|\n|-heal|p1a: Arbok|165/246|[from] item: Leftovers\n|-heal|p2a: Cresselia|195/323|[from] item: Leftovers\n|upkeep\n|turn|11\n|\n|t:|1732997605\n|move|p1a: Arbok|Gunk Shot|p2a: Cresselia\n|-resisted|p2a: Cresselia\n|-damage|p2a: Cresselia|56/323\n|move|p2a: Cresselia|Psyshock|p1a: Arbok\n|-damage|p1a: Arbok|56/246\n|\n|-heal|p1a: Arbok|71/246|[from] item: Leftovers\n|-heal|p2a: Cresselia|76/323|[from] item: Leftovers\n|upkeep\n|turn|12\n|\n|t:|1732997612\n|move|p1a: Arbok|Gunk Shot|p2a: Cresselia\n|-resisted|p2a: Cresselia\n|-damage|p2a: Cresselia|0 fnt\n|faint|p2a: Cresselia\n|\n|-heal|p1a: Arbok|86/246|[from] item: Leftovers\n|upkeep\n|\n|t:|1732997619\n|switch|p2a: Hitmontop|Hitmontop, L88, M|231/231\n|-ability|p2a: Hitmontop|Intimidate|boost\n|-unboost|p1a: Arbok|atk|1\n|turn|13\n|\n|t:|1732997625\n|move|p2a: Hitmontop|Sucker Punch|p1a: Arbok\n|-crit|p1a: Arbok\n|-damage|p1a: Arbok|0 fnt\n|faint|p1a: Arbok\n|\n|upkeep\n|\n|t:|1732997642\n|switch|p1a: Feraligatr|Feraligatr, L79, F|264/264\n|turn|14\n|\n|t:|1732997665\n|switch|p2a: Bellibolt|Bellibolt, L84, M|320/320\n|move|p1a: Feraligatr|Dragon Dance|p1a: Feraligatr\n|-boost|p1a: Feraligatr|atk|1\n|-boost|p1a: Feraligatr|spe|1\n|\n|upkeep\n|turn|15\n|\n|t:|1732997674\n|move|p1a: Feraligatr|Liquidation|p2a: Bellibolt\n|-damage|p2a: Bellibolt|108/320\n|-start|p2a: Bellibolt|Charge|Liquidation|[from] ability: Electromorphosis\n|move|p2a: Bellibolt|Toxic|p1a: Feraligatr\n|-status|p1a: Feraligatr|tox\n|\n|-heal|p2a: Bellibolt|128/320|[from] item: Leftovers\n|-damage|p1a: Feraligatr|248/264 tox|[from] psn\n|upkeep\n|turn|16\n|\n|t:|1732997685\n|switch|p2a: Lapras|Lapras, L87, F|367/367\n|move|p1a: Feraligatr|Liquidation|p2a: Lapras\n|-immune|p2a: Lapras|[from] ability: Water Absorb\n|\n|-damage|p1a: Feraligatr|216/264 tox|[from] psn\n|upkeep\n|turn|17\n|\n|t:|1732997694\n|switch|p2a: Hitmontop|Hitmontop, L88, M|231/231\n|-ability|p2a: Hitmontop|Intimidate|boost\n|-unboost|p1a: Feraligatr|atk|1\n|move|p1a: Feraligatr|Trailblaze|p2a: Hitmontop\n|-damage|p2a: Hitmontop|183/231\n|\n|-damage|p1a: Feraligatr|168/264 tox|[from] psn\n|upkeep\n|turn|18\n|\n|t:|1732997706\n|switch|p2a: Wigglytuff|Wigglytuff, L96, M|424/424\n|move|p1a: Feraligatr|Liquidation|p2a: Wigglytuff\n|-damage|p2a: Wigglytuff|208/424\n|\n|-heal|p2a: Wigglytuff|234/424|[from] item: Leftovers\n|-damage|p1a: Feraligatr|104/264 tox|[from] psn\n|upkeep\n|turn|19\n|\n|t:|1732997712\n|move|p2a: Wigglytuff|Protect|p2a: Wigglytuff\n|-singleturn|p2a: Wigglytuff|Protect\n|move|p1a: Feraligatr|Liquidation|p2a: Wigglytuff\n|-activate|p2a: Wigglytuff|move: Protect\n|\n|-heal|p2a: Wigglytuff|260/424|[from] item: Leftovers\n|-damage|p1a: Feraligatr|24/264 tox|[from] psn\n|upkeep\n|turn|20\n|\n|t:|1732997724\n|move|p1a: Feraligatr|Liquidation|p2a: Wigglytuff\n|-damage|p2a: Wigglytuff|56/424\n|move|p2a: Wigglytuff|Wish|p2a: Wigglytuff\n|\n|-heal|p2a: Wigglytuff|82/424|[from] item: Leftovers\n|-damage|p1a: Feraligatr|0 fnt|[from] psn\n|faint|p1a: Feraligatr\n|upkeep\n|\n|t:|1732997742\n|switch|p1a: Hypno|Hypno, L95, M|315/315\n|turn|21\n|\n|t:|1732997751\n|switch|p2a: Bellibolt|Bellibolt, L84, M|128/320\n|move|p1a: Hypno|Psychic Noise|p2a: Bellibolt\n|-damage|p2a: Bellibolt|44/320\n|-start|p2a: Bellibolt|move: Heal Block\n|-start|p2a: Bellibolt|Charge|Psychic Noise|[from] ability: Electromorphosis\n|\n|upkeep\n|turn|22\n|\n|t:|1732997761\n|move|p1a: Hypno|Psychic Noise|p2a: Bellibolt\n|-damage|p2a: Bellibolt|0 fnt\n|faint|p2a: Bellibolt\n|\n|upkeep\n|\n|t:|1732997769\n|switch|p2a: Dondozo|Dondozo, L78, F|362/362\n|turn|23\n|\n|t:|1732997779\n|move|p1a: Hypno|Toxic|p2a: Dondozo\n|-status|p2a: Dondozo|tox\n|move|p2a: Dondozo|Curse|p2a: Dondozo\n|-unboost|p2a: Dondozo|spe|1\n|-boost|p2a: Dondozo|atk|1\n|-boost|p2a: Dondozo|def|1\n|\n|-damage|p2a: Dondozo|340/362 tox|[from] psn\n|upkeep\n|turn|24\n|\n|t:|1732997783\n|move|p1a: Hypno|Psychic Noise|p2a: Dondozo\n|-damage|p2a: Dondozo|226/362 tox\n|-start|p2a: Dondozo|move: Heal Block\n|move|p2a: Dondozo|Curse|p2a: Dondozo\n|-unboost|p2a: Dondozo|spe|1\n|-boost|p2a: Dondozo|atk|1\n|-boost|p2a: Dondozo|def|1\n|\n|-damage|p2a: Dondozo|182/362 tox|[from] psn\n|upkeep\n|turn|25\n|\n|t:|1732997789\n|move|p1a: Hypno|Protect|p1a: Hypno\n|-singleturn|p1a: Hypno|Protect\n|move|p2a: Dondozo|Curse|p2a: Dondozo\n|-unboost|p2a: Dondozo|spe|1\n|-boost|p2a: Dondozo|atk|1\n|-boost|p2a: Dondozo|def|1\n|\n|-damage|p2a: Dondozo|116/362 tox|[from] psn\n|-end|p2a: Dondozo|move: Heal Block\n|upkeep\n|turn|26\n|\n|t:|1732997794\n|move|p1a: Hypno|Psychic Noise|p2a: Dondozo\n|-damage|p2a: Dondozo|8/362 tox\n|-start|p2a: Dondozo|move: Heal Block\n|cant|p2a: Dondozo|move: Heal Block|Rest\n|\n|-damage|p2a: Dondozo|0 fnt|[from] psn\n|faint|p2a: Dondozo\n|upkeep\n|inactive|DreamyBulll has 120 seconds left.\n|inactiveoff|Battle timer is now OFF.\n|inactive|Battle timer is ON: inactive players will automatically lose when time's up. (requested by elx2mejorx2)\n|inactive|DreamyBulll has 120 seconds left.\n|c|\u2606elx2mejorx2|apuremos el tramite\n|inactive|DreamyBulll has 90 seconds left.\n|inactive|DreamyBulll has 60 seconds left.\n|inactive|DreamyBulll has 30 seconds left.\n|\n|t:|1732997952\n|switch|p2a: Hitmontop|Hitmontop, L88, M|183/231\n|-ability|p2a: Hitmontop|Intimidate|boost\n|-unboost|p1a: Hypno|atk|1\n|turn|27\n|\n|t:|1732997973\n|move|p2a: Hitmontop|Sucker Punch|p1a: Hypno\n|-supereffective|p1a: Hypno\n|-damage|p1a: Hypno|209/315\n|move|p1a: Hypno|Psychic Noise|p2a: Hitmontop\n|-supereffective|p2a: Hitmontop\n|-damage|p2a: Hitmontop|87/231\n|-start|p2a: Hitmontop|move: Heal Block\n|\n|-heal|p1a: Hypno|228/315|[from] item: Leftovers\n|upkeep\n|turn|28\n|n|!elx2mejorx2|elx2mejorx2\n|\n|t:|1732997984\n|move|p1a: Hypno|Psychic Noise|p2a: Hitmontop\n|-supereffective|p2a: Hitmontop\n|-damage|p2a: Hitmontop|0 fnt\n|faint|p2a: Hitmontop\n|\n|-heal|p1a: Hypno|247/315|[from] item: Leftovers\n|upkeep\n|\n|t:|1732997994\n|switch|p2a: Wigglytuff|Wigglytuff, L96, M|82/424\n|turn|29\n|\n|t:|1732998011\n|move|p2a: Wigglytuff|Protect|p2a: Wigglytuff\n|-singleturn|p2a: Wigglytuff|Protect\n|move|p1a: Hypno|Psychic Noise|p2a: Wigglytuff\n|-activate|p2a: Wigglytuff|move: Protect\n|\n|-heal|p1a: Hypno|266/315|[from] item: Leftovers\n|-heal|p2a: Wigglytuff|108/424|[from] item: Leftovers\n|upkeep\n|turn|30\n|\n|t:|1732998024\n|move|p1a: Hypno|Psychic Noise|p2a: Wigglytuff\n|-damage|p2a: Wigglytuff|0 fnt\n|faint|p2a: Wigglytuff\n|\n|-heal|p1a: Hypno|285/315|[from] item: Leftovers\n|upkeep\n|\n|t:|1732998041\n|switch|p2a: Lapras|Lapras, L87, F|367/367\n|turn|31\n|inactive|DreamyBulll has 30 seconds left.\n|inactive|DreamyBulll has 20 seconds left.\n|\n|t:|1732998066\n|move|p1a: Hypno|Focus Blast|p2a: Lapras\n|-supereffective|p2a: Lapras\n|-damage|p2a: Lapras|193/367\n|move|p2a: Lapras|Dragon Dance|p2a: Lapras\n|-boost|p2a: Lapras|atk|1\n|-boost|p2a: Lapras|spe|1\n|\n|-heal|p1a: Hypno|304/315|[from] item: Leftovers\n|upkeep\n|turn|32\n|inactive|DreamyBulll has 30 seconds left this turn.\n|\n|t:|1732998076\n|move|p2a: Lapras|Dragon Dance|p2a: Lapras\n|-boost|p2a: Lapras|atk|1\n|-boost|p2a: Lapras|spe|1\n|move|p1a: Hypno|Focus Blast|p2a: Lapras\n|-supereffective|p2a: Lapras\n|-damage|p2a: Lapras|41/367\n|\n|-heal|p1a: Hypno|315/315|[from] item: Leftovers\n|upkeep\n|turn|33\n|inactive|DreamyBulll has 30 seconds left.\n|inactive|DreamyBulll has 20 seconds left.\n|inactive|DreamyBulll has 15 seconds left.\n|\n|t:|1732998104\n|move|p2a: Lapras|Icicle Spear|p1a: Hypno\n|-crit|p1a: Hypno\n|-damage|p1a: Hypno|239/315\n|-damage|p1a: Hypno|182/315\n|-damage|p1a: Hypno|122/315\n|-damage|p1a: Hypno|71/315\n|-hitcount|p1a: Hypno|4\n|move|p1a: Hypno|Psychic Noise|p2a: Lapras\n|-damage|p2a: Lapras|0 fnt\n|faint|p2a: Lapras\n|\n|win|elx2mejorx2\n|inactive|DreamyBulll has 20 seconds left this turn.\n", "inputlog": ">version b107d77f5c90bd6555267ae244a6264823309ead\n>start {\"formatid\":\"gen9randombattle\",\"seed\":[16304,48905,40393,45407],\"rated\":\"Rated battle\"}\n>player p1 {\"name\":\"elx2mejorx2\",\"avatar\":\"hilbert\",\"rating\":1303,\"seed\":[21331,8244,59957,24395]}\n>player p2 {\"name\":\"DreamyBulll\",\"avatar\":\"265\",\"rating\":1332,\"seed\":[43627,23535,1402,21143]}\n>p1 move coil\n>p2 move curse\n>p1 move trailblaze\n>p2 switch 6\n>p1 move earthquake terastallize\n>p2 move calmmind terastallize\n>p1 move gunkshot\n>p2 move calmmind\n>p1 move trailblaze\n>p2 move calmmind\n>p1 move gunkshot\n>p2 move calmmind\n>p1 move gunkshot\n>p2 move moonlight\n>p1 move coil\n>p2 move calmmind\n>p1 move coil\n>p2 move psyshock\n>p1 move gunkshot\n>p2 move calmmind\n>p1 move gunkshot\n>p2 move psyshock\n>p1 move gunkshot\n>p2 move moonlight\n>p2 switch 2\n>p1 move earthquake\n>p2 move suckerpunch\n>p1 switch 3\n>p1 move dragondance\n>p2 switch 4\n>p1 move liquidation\n>p2 move toxic\n>p1 move liquidation\n>p2 switch 3\n>p1 move trailblaze\n>p2 switch 4\n>p1 move liquidation\n>p2 switch 5\n>p1 move liquidation\n>p2 move protect\n>p1 move liquidation\n>p2 move wish\n>p1 switch 2\n>p1 move psychicnoise\n>p2 switch 3\n>p1 move psychicnoise\n>p2 move toxic\n>p2 switch 6\n>p1 move toxic\n>p2 move curse\n>p1 move psychicnoise\n>p2 move curse\n>p1 move protect\n>p2 move curse\n>p1 move psychicnoise\n>p2 move rest\n>chat \u2606elx2mejorx2|apuremos el tramite\n>p2 switch 5\n>p1 move psychicnoise\n>p2 move suckerpunch\n>chat \u2606elx2mejorx2|pussy\n>p1 move psychicnoise\n>p2 move stoneedge\n>p2 switch 3\n>p1 move psychicnoise\n>p2 move protect\n>p1 move psychicnoise\n>p2 move knockoff\n>p2 switch 4\n>p1 move focusblast\n>p2 move dragondance\n>p1 move focusblast\n>p2 move dragondance\n>p1 move psychicnoise\n>p2 move iciclespear", "uploadtime": 1732997976, "views": 1, "formatid": "gen9randombattle", "rating": null, "private": 0, "password": null}