{"id": "gen9randombattle-2254168704", "format": "[Gen 9] Random Battle", "players": ["89h89h89h89h", "AminitraboTTT"], "log": "|j|\u260689h89h89h89h\n|j|\u2606AminitraboTTT\n|t:|1732999721\n|gametype|singles\n|player|p1|89h89h89h89h|265|\n|player|p2|AminitraboTTT|supernerd|\n|teamsize|p1|6\n|teamsize|p2|6\n|gen|9\n|tier|[Gen 9] Random Battle\n|rule|Species Clause: Limit one of each Pok\u00e9mon\n|rule|HP Percentage Mod: HP is shown in percentages\n|rule|Sleep Clause Mod: Limit one foe put to sleep\n|rule|Illusion Level Mod: Illusion disguises the Pok\u00e9mon's true level\n|\n|t:|1732999721\n|start\n|switch|p1a: Scrafty|Scrafty, L84, M|246/246\n|switch|p2a: Ludicolo|Ludicolo, L90, F|290/290\n|turn|1\n|c|\u2606AminitraboTTT|Hola, soy AminitraboTTT, el bot de la sala Espa\u00f1ol. gl hf\n|inactive|Battle timer is ON: inactive players will automatically lose when time's up. (requested by AminitraboTTT)\n|inactive|89h89h89h89h also wants the timer to be on.\n|\n|t:|1732999729\n|switch|p1a: Exeggutor|Exeggutor-Alola, L89, F|314/314\n|-terastallize|p2a: Ludicolo|Grass\n|move|p2a: Ludicolo|Leaf Storm|p1a: Exeggutor\n|-resisted|p1a: Exeggutor\n|-damage|p1a: Exeggutor|237/314\n|-unboost|p2a: Ludicolo|spa|2\n|\n|upkeep\n|turn|2\n|\n|t:|1732999731\n|switch|p2a: Dachsbun|Dachsbun, L92, M|254/254\n|move|p1a: Exeggutor|Flamethrower|p2a: Dachsbun\n|-ability|p2a: Dachsbun|Well-Baked Body|boost\n|-boost|p2a: Dachsbun|def|2\n|\n|upkeep\n|turn|3\n|\n|t:|1732999734\n|switch|p1a: Swalot|Swalot, L90, F|326/326\n|move|p2a: Dachsbun|Wish|p2a: Dachsbun\n|\n|upkeep\n|turn|4\n|\n|t:|1732999737\n|switch|p2a: Donphan|Donphan, L84, M|288/288\n|move|p1a: Swalot|Knock Off|p2a: Donphan\n|-damage|p2a: Donphan|241/288\n|-enditem|p2a: Donphan|Leftovers|[from] move: Knock Off|[of] p1a: Swalot\n|\n|-heal|p2a: Donphan|288/288|[from] move: Wish|[wisher] Dachsbun\n|upkeep\n|turn|5\n|\n|t:|1732999744\n|move|p1a: Swalot|Sludge Bomb|p2a: Donphan\n|-resisted|p2a: Donphan\n|-damage|p2a: Donphan|230/288\n|-status|p2a: Donphan|psn\n|move|p2a: Donphan|Earthquake|p1a: Swalot\n|-supereffective|p1a: Swalot\n|-damage|p1a: Swalot|62/326\n|\n|-heal|p1a: Swalot|82/326|[from] item: Leftovers\n|-damage|p2a: Donphan|194/288 psn|[from] psn\n|upkeep\n|turn|6\n|\n|t:|1732999746\n|switch|p1a: Exeggutor|Exeggutor-Alola, L89, F|237/314\n|move|p2a: Donphan|Earthquake|p1a: Exeggutor\n|-resisted|p1a: Exeggutor\n|-damage|p1a: Exeggutor|172/314\n|\n|-damage|p2a: Donphan|158/288 psn|[from] psn\n|upkeep\n|turn|7\n|\n|t:|1732999748\n|move|p2a: Donphan|Stealth Rock|p1a: Exeggutor\n|-sidestart|p1: 89h89h89h89h|move: Stealth Rock\n|move|p1a: Exeggutor|Giga Drain|p2a: Donphan\n|-supereffective|p2a: Donphan\n|-damage|p2a: Donphan|0 fnt\n|-heal|p1a: Exeggutor|251/314|[from] drain|[of] p2a: Donphan\n|faint|p2a: Donphan\n|\n|upkeep\n|\n|t:|1732999748\n|switch|p2a: Dachsbun|Dachsbun, L92, M|254/254\n|turn|8\n|\n|t:|1732999754\n|switch|p1a: Sudowoodo|Sudowoodo, L94, F|284/284\n|-damage|p1a: Sudowoodo|249/284|[from] Stealth Rock\n|move|p2a: Dachsbun|Protect||[still]\n|-fail|p2a: Dachsbun\n|\n|-heal|p1a: Sudowoodo|266/284|[from] item: Leftovers\n|upkeep\n|turn|9\n|\n|t:|1732999755\n|switch|p2a: Ludicolo|Ludicolo, L90, F, tera:Grass|290/290\n|move|p1a: Sudowoodo|Stealth Rock|p2a: Ludicolo\n|-sidestart|p2: AminitraboTTT|move: Stealth Rock\n|\n|-heal|p1a: Sudowoodo|283/284|[from] item: Leftovers\n|upkeep\n|turn|10\n|\n|t:|1732999758\n|switch|p1a: Exeggutor|Exeggutor-Alola, L89, F|251/314\n|-damage|p1a: Exeggutor|212/314|[from] Stealth Rock\n|move|p2a: Ludicolo|Leaf Storm|p1a: Exeggutor\n|-resisted|p1a: Exeggutor\n|-damage|p1a: Exeggutor|131/314\n|-unboost|p2a: Ludicolo|spa|2\n|-enditem|p1a: Exeggutor|Sitrus Berry|[eat]\n|-heal|p1a: Exeggutor|209/314|[from] item: Sitrus Berry\n|\n|-item|p1a: Exeggutor|Sitrus Berry|[from] ability: Harvest\n|upkeep\n|turn|11\n|\n|t:|1732999760\n|switch|p2a: Dachsbun|Dachsbun, L92, M|254/254\n|-damage|p2a: Dachsbun|223/254|[from] Stealth Rock\n|move|p1a: Exeggutor|Giga Drain|p2a: Dachsbun\n|-damage|p2a: Dachsbun|124/254\n|-heal|p1a: Exeggutor|259/314|[from] drain|[of] p2a: Dachsbun\n|\n|-heal|p2a: Dachsbun|139/254|[from] item: Leftovers\n|upkeep\n|turn|12\n|\n|t:|1732999761\n|switch|p1a: Sudowoodo|Sudowoodo, L94, F|283/284\n|-damage|p1a: Sudowoodo|248/284|[from] Stealth Rock\n|move|p2a: Dachsbun|Play Rough|p1a: Sudowoodo\n|-damage|p1a: Sudowoodo|173/284\n|\n|-heal|p2a: Dachsbun|154/254|[from] item: Leftovers\n|-heal|p1a: Sudowoodo|190/284|[from] item: Leftovers\n|upkeep\n|turn|13\n|\n|t:|1732999764\n|switch|p2a: Ludicolo|Ludicolo, L90, F, tera:Grass|290/290\n|-damage|p2a: Ludicolo|254/290|[from] Stealth Rock\n|move|p1a: Sudowoodo|Head Smash|p2a: Ludicolo\n|-damage|p2a: Ludicolo|28/290\n|\n|-heal|p1a: Sudowoodo|207/284|[from] item: Leftovers\n|upkeep\n|turn|14\n|\n|t:|1732999765\n|move|p1a: Sudowoodo|Sucker Punch|p2a: Ludicolo\n|-damage|p2a: Ludicolo|0 fnt\n|faint|p2a: Ludicolo\n|\n|-heal|p1a: Sudowoodo|224/284|[from] item: Leftovers\n|upkeep\n|\n|t:|1732999765\n|switch|p2a: Mabosstiff|Mabosstiff, L86, M|278/278\n|-damage|p2a: Mabosstiff|244/278|[from] Stealth Rock\n|turn|15\n|\n|t:|1732999767\n|move|p2a: Mabosstiff|Wild Charge|p1a: Sudowoodo\n|-damage|p1a: Sudowoodo|138/284\n|-damage|p2a: Mabosstiff|222/278|[from] Recoil\n|move|p1a: Sudowoodo|Head Smash|p2a: Mabosstiff\n|-damage|p2a: Mabosstiff|44/278\n|\n|-heal|p1a: Sudowoodo|155/284|[from] item: Leftovers\n|upkeep\n|turn|16\n|\n|t:|1732999769\n|move|p2a: Mabosstiff|Wild Charge|p1a: Sudowoodo\n|-damage|p1a: Sudowoodo|69/284\n|-damage|p2a: Mabosstiff|22/278|[from] Recoil\n|move|p1a: Sudowoodo|Wood Hammer|p2a: Mabosstiff\n|-damage|p2a: Mabosstiff|0 fnt\n|faint|p2a: Mabosstiff\n|\n|-heal|p1a: Sudowoodo|86/284|[from] item: Leftovers\n|upkeep\n|\n|t:|1732999769\n|switch|p2a: Terapagos|Terapagos, L76, M|262/262\n|-activate|p2a: Terapagos|ability: Tera Shift\n|detailschange|p2a: Terapagos|Terapagos-Terastal, L76, M\n|-heal|p2a: Terapagos|269/269|[silent]\n|-damage|p2a: Terapagos|236/269|[from] Stealth Rock\n|turn|17\n|\n|t:|1732999771\n|move|p2a: Terapagos|Earth Power|p1a: Sudowoodo\n|-supereffective|p1a: Sudowoodo\n|-damage|p1a: Sudowoodo|0 fnt\n|faint|p1a: Sudowoodo\n|\n|upkeep\n|\n|t:|1732999774\n|switch|p1a: Scrafty|Scrafty, L84, M|246/246\n|-damage|p1a: Scrafty|231/246|[from] Stealth Rock\n|turn|18\n|\n|t:|1732999775\n|switch|p2a: Dachsbun|Dachsbun, L92, M|154/254\n|-damage|p2a: Dachsbun|123/254|[from] Stealth Rock\n|move|p1a: Scrafty|Knock Off|p2a: Dachsbun\n|-resisted|p2a: Dachsbun\n|-damage|p2a: Dachsbun|84/254\n|-enditem|p2a: Dachsbun|Leftovers|[from] move: Knock Off|[of] p1a: Scrafty\n|\n|-heal|p1a: Scrafty|246/246|[from] item: Leftovers\n|upkeep\n|turn|19\n|\n|t:|1732999781\n|switch|p1a: Muk|Muk, L86, M|321/321\n|-damage|p1a: Muk|281/321|[from] Stealth Rock\n|move|p2a: Dachsbun|Play Rough|p1a: Muk\n|-resisted|p1a: Muk\n|-damage|p1a: Muk|232/321\n|\n|upkeep\n|turn|20\n|\n|t:|1732999784\n|switch|p2a: Dodrio|Dodrio, L86, F|243/243\n|move|p1a: Muk|Drain Punch|p2a: Dodrio\n|-damage|p2a: Dodrio|174/243\n|-heal|p1a: Muk|267/321|[from] drain|[of] p2a: Dodrio\n|\n|upkeep\n|turn|21\n|\n|t:|1732999786\n|move|p2a: Dodrio|Double-Edge|p1a: Muk\n|-damage|p1a: Muk|108/321\n|-damage|p2a: Dodrio|122/243|[from] Recoil\n|move|p1a: Muk|Gunk Shot|p2a: Dodrio\n|-damage|p2a: Dodrio|0 fnt\n|faint|p2a: Dodrio\n|\n|upkeep\n|\n|t:|1732999787\n|switch|p2a: Terapagos|Terapagos-Terastal, L76, M|236/269\n|-damage|p2a: Terapagos|203/269|[from] Stealth Rock\n|turn|22\n|\n|t:|1732999788\n|move|p2a: Terapagos|Earth Power|p1a: Muk\n|-supereffective|p1a: Muk\n|-damage|p1a: Muk|46/321\n|move|p1a: Muk|Drain Punch|p2a: Terapagos\n|-supereffective|p2a: Terapagos\n|-crit|p2a: Terapagos\n|-damage|p2a: Terapagos|41/269\n|-heal|p1a: Muk|127/321|[from] drain|[of] p2a: Terapagos\n|\n|upkeep\n|turn|23\n|\n|t:|1732999789\n|move|p2a: Terapagos|Rest|p2a: Terapagos\n|-status|p2a: Terapagos|slp|[from] move: Rest\n|-heal|p2a: Terapagos|269/269 slp|[silent]\n|-enditem|p2a: Terapagos|Chesto Berry|[eat]\n|-curestatus|p2a: Terapagos|slp|[msg]\n|move|p1a: Muk|Drain Punch|p2a: Terapagos\n|-activate|p2a: Terapagos|ability: Tera Shell\n|-resisted|p2a: Terapagos\n|-damage|p2a: Terapagos|241/269\n|-heal|p1a: Muk|141/321|[from] drain|[of] p2a: Terapagos\n|\n|upkeep\n|turn|24\n|\n|t:|1732999790\n|move|p2a: Terapagos|Calm Mind|p2a: Terapagos\n|-boost|p2a: Terapagos|spa|1\n|-boost|p2a: Terapagos|spd|1\n|move|p1a: Muk|Drain Punch|p2a: Terapagos\n|-supereffective|p2a: Terapagos\n|-damage|p2a: Terapagos|133/269\n|-heal|p1a: Muk|195/321|[from] drain|[of] p2a: Terapagos\n|\n|upkeep\n|turn|25\n|\n|t:|1732999791\n|move|p2a: Terapagos|Earth Power|p1a: Muk\n|-supereffective|p1a: Muk\n|-damage|p1a: Muk|101/321\n|move|p1a: Muk|Drain Punch|p2a: Terapagos\n|-supereffective|p2a: Terapagos\n|-damage|p2a: Terapagos|21/269\n|-heal|p1a: Muk|157/321|[from] drain|[of] p2a: Terapagos\n|\n|upkeep\n|turn|26\n|\n|t:|1732999792\n|move|p2a: Terapagos|Earth Power|p1a: Muk\n|-supereffective|p1a: Muk\n|-damage|p1a: Muk|57/321\n|-unboost|p1a: Muk|spd|1\n|move|p1a: Muk|Drain Punch|p2a: Terapagos\n|-supereffective|p2a: Terapagos\n|-damage|p2a: Terapagos|0 fnt\n|-heal|p1a: Muk|68/321|[from] drain|[of] p2a: Terapagos\n|faint|p2a: Terapagos\n|\n|upkeep\n|\n|t:|1732999793\n|switch|p2a: Dachsbun|Dachsbun, L92, M|84/254\n|-damage|p2a: Dachsbun|53/254|[from] Stealth Rock\n|turn|27\n|\n|t:|1732999795\n|move|p2a: Dachsbun|Stomping Tantrum|p1a: Muk\n|-supereffective|p1a: Muk\n|-damage|p1a: Muk|0 fnt\n|faint|p1a: Muk\n|\n|upkeep\n|\n|t:|1732999800\n|switch|p1a: Exeggutor|Exeggutor-Alola, L89, F|259/314\n|-damage|p1a: Exeggutor|220/314|[from] Stealth Rock\n|turn|28\n|\n|t:|1732999803\n|-terastallize|p1a: Exeggutor|Fire\n|move|p2a: Dachsbun|Protect|p2a: Dachsbun\n|-singleturn|p2a: Dachsbun|Protect\n|move|p1a: Exeggutor|Giga Drain|p2a: Dachsbun\n|-activate|p2a: Dachsbun|move: Protect\n|\n|upkeep\n|turn|29\n|\n|t:|1732999804\n|move|p2a: Dachsbun|Wish|p2a: Dachsbun\n|move|p1a: Exeggutor|Giga Drain|p2a: Dachsbun\n|-damage|p2a: Dachsbun|0 fnt\n|-heal|p1a: Exeggutor|247/314|[from] drain|[of] p2a: Dachsbun\n|faint|p2a: Dachsbun\n|\n|win|89h89h89h89h\n|c|\u2606AminitraboTTT|gg wp\n|l|\u2606AminitraboTTT\n|player|p2|\n|c|\u260689h89h89h89h|/log 89h89h89h89h made this room public.\n", "inputlog": ">version b107d77f5c90bd6555267ae244a6264823309ead\n>start {\"formatid\":\"gen9randombattle\",\"seed\":[48794,7000,19277,22991]}\n>player p1 {\"name\":\"89h89h89h89h\",\"avatar\":\"265\",\"rating\":0,\"seed\":[43033,46022,41246,7208]}\n>player p2 {\"name\":\"AminitraboTTT\",\"avatar\":\"supernerd\",\"rating\":0,\"seed\":[54753,61658,9849,59073]}\n>chat \u2606AminitraboTTT|Hola, soy AminitraboTTT, el bot de la sala Espa\u00f1ol. gl hf\n>p1 switch 6\n>p2 move leafstorm terastallize\n>p1 move flamethrower\n>p2 switch 2\n>p1 switch 2\n>p2 move wish\n>p1 move knockoff\n>p2 switch 4\n>p1 move sludgebomb\n>p2 move earthquake\n>p1 switch 2\n>p2 move earthquake\n>p1 move gigadrain\n>p2 move stealthrock\n>p2 switch 4\n>p1 switch 4\n>p2 move protect\n>p1 move stealthrock\n>p2 switch 2\n>p1 switch 4\n>p2 move leafstorm\n>p1 move gigadrain\n>p2 switch 2\n>p1 switch 4\n>p2 move playrough\n>p1 move headsmash\n>p2 switch 2\n>p1 move suckerpunch\n>p2 move leafstorm\n>p2 switch 6\n>p1 move headsmash\n>p2 move wildcharge\n>p1 move woodhammer\n>p2 move wildcharge\n>p2 switch 5\n>p1 move woodhammer\n>p2 move earthpower\n>p1 switch 6\n>p1 move knockoff\n>p2 switch 2\n>p1 switch 3\n>p2 move playrough\n>p1 move drainpunch\n>p2 switch 3\n>p1 move gunkshot\n>p2 move doubleedge\n>p2 switch 2\n>p1 move drainpunch\n>p2 move earthpower\n>p1 move drainpunch\n>p2 move rest\n>p1 move drainpunch\n>p2 move calmmind\n>p1 move drainpunch\n>p2 move earthpower\n>p1 move drainpunch\n>p2 move earthpower\n>p2 switch 3\n>p1 move gunkshot\n>p2 move stompingtantrum\n>p1 switch 4\n>p1 move gigadrain terastallize\n>p2 move protect\n>p1 move gigadrain\n>p2 move wish", "uploadtime": 1732999811, "views": 3, "formatid": "gen9randombattle", "rating": null, "private": 0, "password": null}