{"id": "gen9randombattle-2253884093", "format": "[Gen 9] Random Battle", "players": ["rnaoo", "YukiShing511"], "log": "|j|\u2606rnaoo\n|j|\u2606YukiShing511\n|t:|1732955961\n|gametype|singles\n|player|p1|rnaoo|idol|1192\n|player|p2|YukiShing511|veteran|1222\n|teamsize|p1|6\n|teamsize|p2|6\n|gen|9\n|tier|[Gen 9] Random Battle\n|rated|\n|rule|Species Clause: Limit one of each Pok\u00e9mon\n|rule|HP Percentage Mod: HP is shown in percentages\n|rule|Sleep Clause Mod: Limit one foe put to sleep\n|rule|Illusion Level Mod: Illusion disguises the Pok\u00e9mon's true level\n|\n|t:|1732955961\n|start\n|switch|p1a: Sylveon|Sylveon, L85, F|300/300\n|switch|p2a: Grimmsnarl|Grimmsnarl, L83, M|293/293\n|turn|1\n|inactive|Battle timer is ON: inactive players will automatically lose when time's up. (requested by rnaoo)\n|\n|t:|1732955974\n|move|p2a: Grimmsnarl|Thunder Wave|p1a: Sylveon\n|-status|p1a: Sylveon|par\n|cant|p1a: Sylveon|par\n|\n|upkeep\n|turn|2\n|\n|t:|1732955986\n|move|p2a: Grimmsnarl|Parting Shot|p1a: Sylveon\n|-unboost|p1a: Sylveon|atk|1\n|-unboost|p1a: Sylveon|spa|1\n|\n|t:|1732956006\n|switch|p2a: Reuniclus|Reuniclus, L88, M|337/337|[from] Parting Shot\n|cant|p1a: Sylveon|par\n|\n|upkeep\n|turn|3\n|\n|t:|1732956012\n|move|p2a: Reuniclus|Calm Mind|p2a: Reuniclus\n|-boost|p2a: Reuniclus|spa|1\n|-boost|p2a: Reuniclus|spd|1\n|move|p1a: Sylveon|Calm Mind|p1a: Sylveon\n|-boost|p1a: Sylveon|spa|1\n|-boost|p1a: Sylveon|spd|1\n|\n|upkeep\n|turn|4\n|\n|t:|1732956021\n|move|p1a: Sylveon|Protect|p1a: Sylveon\n|-singleturn|p1a: Sylveon|Protect\n|move|p2a: Reuniclus|Calm Mind|p2a: Reuniclus\n|-boost|p2a: Reuniclus|spa|1\n|-boost|p2a: Reuniclus|spd|1\n|\n|upkeep\n|turn|5\n|\n|t:|1732956027\n|move|p2a: Reuniclus|Calm Mind|p2a: Reuniclus\n|-boost|p2a: Reuniclus|spa|1\n|-boost|p2a: Reuniclus|spd|1\n|cant|p1a: Sylveon|par\n|\n|upkeep\n|turn|6\n|\n|t:|1732956036\n|move|p2a: Reuniclus|Calm Mind|p2a: Reuniclus\n|-boost|p2a: Reuniclus|spa|1\n|-boost|p2a: Reuniclus|spd|1\n|move|p1a: Sylveon|Wish|p1a: Sylveon\n|\n|upkeep\n|turn|7\n|\n|t:|1732956042\n|move|p2a: Reuniclus|Shadow Ball|p1a: Sylveon\n|-damage|p1a: Sylveon|166/300 par\n|-unboost|p1a: Sylveon|spd|1\n|move|p1a: Sylveon|Calm Mind|p1a: Sylveon\n|-boost|p1a: Sylveon|spa|1\n|-boost|p1a: Sylveon|spd|1\n|\n|-heal|p1a: Sylveon|300/300 par|[from] move: Wish|[wisher] Sylveon\n|upkeep\n|turn|8\n|\n|t:|1732956053\n|move|p1a: Sylveon|Protect|p1a: Sylveon\n|-singleturn|p1a: Sylveon|Protect\n|move|p2a: Reuniclus|Shadow Ball|p1a: Sylveon\n|-activate|p1a: Sylveon|move: Protect\n|\n|upkeep\n|turn|9\n|\n|t:|1732956059\n|move|p2a: Reuniclus|Calm Mind|p2a: Reuniclus\n|-boost|p2a: Reuniclus|spa|1\n|-boost|p2a: Reuniclus|spd|1\n|move|p1a: Sylveon|Calm Mind|p1a: Sylveon\n|-boost|p1a: Sylveon|spa|1\n|-boost|p1a: Sylveon|spd|1\n|\n|upkeep\n|turn|10\n|\n|t:|1732956066\n|move|p2a: Reuniclus|Calm Mind|p2a: Reuniclus\n|-boost|p2a: Reuniclus|spa|1\n|-boost|p2a: Reuniclus|spd|1\n|move|p1a: Sylveon|Calm Mind|p1a: Sylveon\n|-boost|p1a: Sylveon|spa|1\n|-boost|p1a: Sylveon|spd|1\n|\n|upkeep\n|turn|11\n|\n|t:|1732956077\n|move|p1a: Sylveon|Protect|p1a: Sylveon\n|-singleturn|p1a: Sylveon|Protect\n|move|p2a: Reuniclus|Psyshock|p1a: Sylveon\n|-activate|p1a: Sylveon|move: Protect\n|\n|upkeep\n|turn|12\n|\n|t:|1732956084\n|move|p2a: Reuniclus|Psyshock|p1a: Sylveon\n|-damage|p1a: Sylveon|0 fnt\n|faint|p1a: Sylveon\n|\n|upkeep\n|\n|t:|1732956096\n|switch|p1a: Emboar|Emboar, L84, F|322/322\n|turn|13\n|\n|t:|1732956103\n|move|p1a: Emboar|Sucker Punch|p2a: Reuniclus\n|-supereffective|p2a: Reuniclus\n|-damage|p2a: Reuniclus|213/337\n|move|p2a: Reuniclus|Psyshock|p1a: Emboar\n|-supereffective|p1a: Emboar\n|-damage|p1a: Emboar|0 fnt\n|faint|p1a: Emboar\n|\n|upkeep\n|\n|t:|1732956116\n|switch|p1a: Zamazenta|Zamazenta, L71|248/248\n|-ability|p1a: Zamazenta|Dauntless Shield|boost\n|-boost|p1a: Zamazenta|def|1\n|turn|14\n|\n|t:|1732956126\n|move|p1a: Zamazenta|Crunch|p2a: Reuniclus\n|-supereffective|p2a: Reuniclus\n|-damage|p2a: Reuniclus|65/337\n|move|p2a: Reuniclus|Recover|p2a: Reuniclus\n|-heal|p2a: Reuniclus|234/337\n|\n|upkeep\n|turn|15\n|\n|t:|1732956133\n|move|p1a: Zamazenta|Crunch|p2a: Reuniclus\n|-supereffective|p2a: Reuniclus\n|-damage|p2a: Reuniclus|88/337\n|move|p2a: Reuniclus|Psyshock|p1a: Zamazenta\n|-supereffective|p1a: Zamazenta\n|-damage|p1a: Zamazenta|0 fnt\n|faint|p1a: Zamazenta\n|\n|upkeep\n|\n|t:|1732956145\n|switch|p1a: Arceus|Arceus-Ghost, L69|280/280\n|turn|16\n|\n|t:|1732956154\n|move|p1a: Arceus|Judgment|p2a: Reuniclus\n|-supereffective|p2a: Reuniclus\n|-damage|p2a: Reuniclus|40/337\n|move|p2a: Reuniclus|Shadow Ball|p1a: Arceus\n|-supereffective|p1a: Arceus\n|-damage|p1a: Arceus|0 fnt\n|faint|p1a: Arceus\n|\n|upkeep\n|\n|t:|1732956162\n|switch|p1a: Sceptile|Sceptile, L87, F|264/264\n|turn|17\n|\n|t:|1732956171\n|move|p1a: Sceptile|Leech Seed|p2a: Reuniclus\n|-start|p2a: Reuniclus|move: Leech Seed\n|move|p2a: Reuniclus|Recover|p2a: Reuniclus\n|-heal|p2a: Reuniclus|209/337\n|\n|upkeep\n|turn|18\n|\n|t:|1732956180\n|move|p1a: Sceptile|Substitute|p1a: Sceptile\n|-start|p1a: Sceptile|Substitute\n|-damage|p1a: Sceptile|198/264\n|move|p2a: Reuniclus|Recover|p2a: Reuniclus\n|-heal|p2a: Reuniclus|337/337\n|\n|-heal|p1a: Sceptile|214/264|[from] item: Leftovers\n|upkeep\n|turn|19\n|\n|t:|1732956193\n|move|p1a: Sceptile|Giga Drain|p2a: Reuniclus\n|-damage|p2a: Reuniclus|312/337\n|-heal|p1a: Sceptile|227/264|[from] drain|[of] p2a: Reuniclus\n|move|p2a: Reuniclus|Psyshock|p1a: Sceptile\n|-end|p1a: Sceptile|Substitute\n|\n|-heal|p1a: Sceptile|243/264|[from] item: Leftovers\n|upkeep\n|turn|20\n|\n|t:|1732956207\n|-terastallize|p1a: Sceptile|Steel\n|move|p1a: Sceptile|Substitute|p1a: Sceptile\n|-start|p1a: Sceptile|Substitute\n|-damage|p1a: Sceptile|177/264\n|move|p2a: Reuniclus|Psyshock|p1a: Sceptile\n|-resisted|p1a: Sceptile\n|-end|p1a: Sceptile|Substitute\n|\n|-heal|p1a: Sceptile|193/264|[from] item: Leftovers\n|upkeep\n|turn|21\n|\n|t:|1732956217\n|move|p1a: Sceptile|Giga Drain|p2a: Reuniclus\n|-damage|p2a: Reuniclus|291/337\n|-heal|p1a: Sceptile|204/264|[from] drain|[of] p2a: Reuniclus\n|move|p2a: Reuniclus|Shadow Ball|p1a: Sceptile\n|-damage|p1a: Sceptile|0 fnt\n|faint|p1a: Sceptile\n|\n|upkeep\n|\n|t:|1732956224\n|switch|p1a: Eelektross|Eelektross, L87, F|290/290\n|turn|22\n|\n|t:|1732956232\n|move|p1a: Eelektross|Knock Off|p2a: Reuniclus\n|-supereffective|p2a: Reuniclus\n|-damage|p2a: Reuniclus|111/337\n|-enditem|p2a: Reuniclus|Life Orb|[from] move: Knock Off|[of] p1a: Eelektross\n|move|p2a: Reuniclus|Psyshock|p1a: Eelektross\n|-damage|p1a: Eelektross|0 fnt\n|faint|p1a: Eelektross\n|\n|win|YukiShing511\n|raw|rnaoo's rating: 1192 &rarr; <strong>1169</strong><br />(-23 for losing)\n|raw|YukiShing511's rating: 1222 &rarr; <strong>1245</strong><br />(+23 for winning)\n|l|\u2606rnaoo\n|player|p1|\n", "inputlog": ">version b107d77f5c90bd6555267ae244a6264823309ead\n>start {\"formatid\":\"gen9randombattle\",\"seed\":[24776,44983,55589,7726],\"rated\":\"Rated battle\"}\n>player p1 {\"name\":\"rnaoo\",\"avatar\":\"idol\",\"rating\":1192,\"seed\":[47777,19288,5611,9822]}\n>player p2 {\"name\":\"YukiShing511\",\"avatar\":\"veteran\",\"rating\":1222,\"seed\":[53015,57034,16777,3840]}\n>p1 move wish\n>p2 move thunderwave\n>p1 move wish\n>p2 move partingshot\n>p2 switch 2\n>p1 move calmmind\n>p2 move calmmind\n>p1 move protect\n>p2 move calmmind\n>p1 move wish\n>p2 move calmmind\n>p1 move wish\n>p2 move calmmind\n>p1 move calmmind\n>p2 move shadowball\n>p1 move protect\n>p2 move shadowball\n>p1 move calmmind\n>p2 move calmmind\n>p1 move calmmind\n>p2 move calmmind\n>p1 move protect\n>p2 move psyshock\n>p1 move wish\n>p2 move psyshock\n>p1 switch 2\n>p1 move suckerpunch\n>p2 move psyshock\n>p1 switch 6\n>p1 move crunch\n>p2 move recover\n>p1 move crunch\n>p2 move psyshock\n>p1 switch 4\n>p1 move judgment\n>p2 move shadowball\n>p1 switch 3\n>p1 move leechseed\n>p2 move recover\n>p1 move substitute\n>p2 move recover\n>p1 move gigadrain\n>p2 move psyshock\n>p1 move substitute terastallize\n>p2 move psyshock\n>p1 move gigadrain\n>p2 move shadowball\n>p1 switch 5\n>p1 move knockoff\n>p2 move psyshock", "uploadtime": 1732956241, "views": 2, "formatid": "gen9randombattle", "rating": 1169, "private": 0, "password": null}