{"id": "gen9randombattle-2253962890", "format": "[Gen 9] Random Battle", "players": ["Auwhdnckzgt", "Aaron2458"], "log": "|j|\u203dAuwhdnckzgt\n|j|\u2606Aaron2458\n|t:|1732972208\n|gametype|singles\n|player|p1|Auwhdnckzgt|102|1040\n|player|p2|Aaron2458|1|1060\n|teamsize|p1|6\n|teamsize|p2|6\n|gen|9\n|tier|[Gen 9] Random Battle\n|rated|\n|rule|Species Clause: Limit one of each Pok\u00e9mon\n|rule|HP Percentage Mod: HP is shown in percentages\n|rule|Sleep Clause Mod: Limit one foe put to sleep\n|rule|Illusion Level Mod: Illusion disguises the Pok\u00e9mon's true level\n|\n|t:|1732972208\n|start\n|switch|p1a: Virizion|Virizion, L82|283/283\n|switch|p2a: Slither Wing|Slither Wing, L81|270/270\n|turn|1\n|\n|t:|1732972226\n|switch|p1a: Mimikyu|Mimikyu, L79, F|216/216\n|move|p2a: Slither Wing|First Impression|p1a: Mimikyu\n|-activate|p1a: Mimikyu|ability: Disguise\n|-damage|p1a: Mimikyu|216/216\n|detailschange|p1a: Mimikyu|Mimikyu-Busted, L79, F\n|-damage|p1a: Mimikyu|189/216|[from] pokemon: Mimikyu-Busted\n|\n|upkeep\n|turn|2\n|\n|t:|1732972239\n|move|p1a: Mimikyu|Swords Dance|p1a: Mimikyu\n|-boost|p1a: Mimikyu|atk|2\n|move|p2a: Slither Wing|U-turn|p1a: Mimikyu\n|-resisted|p1a: Mimikyu\n|-damage|p1a: Mimikyu|162/216\n|\n|t:|1732972252\n|-end|p2a: Slither Wing|Protosynthesis|[silent]\n|switch|p2a: Krookodile|Krookodile, L80, M|283/283|[from] U-turn\n|-ability|p2a: Krookodile|Intimidate|boost\n|-unboost|p1a: Mimikyu|atk|1\n|\n|upkeep\n|turn|3\n|\n|t:|1732972260\n|move|p1a: Mimikyu|Play Rough|p2a: Krookodile\n|-supereffective|p2a: Krookodile\n|-damage|p2a: Krookodile|0 fnt\n|faint|p2a: Krookodile\n|-damage|p1a: Mimikyu|141/216|[from] item: Life Orb\n|\n|upkeep\n|\n|t:|1732972267\n|switch|p2a: Overqwil|Overqwil, L82, F|274/274\n|-ability|p2a: Overqwil|Intimidate|boost\n|-unboost|p1a: Mimikyu|atk|1\n|turn|4\n|\n|t:|1732972293\n|switch|p1a: Virizion|Virizion, L82|283/283\n|move|p2a: Overqwil|Crunch|p1a: Virizion\n|-resisted|p1a: Virizion\n|-damage|p1a: Virizion|229/283\n|-ability|p1a: Virizion|Justified|boost\n|-boost|p1a: Virizion|atk|1\n|\n|upkeep\n|turn|5\n|inactive|Battle timer is ON: inactive players will automatically lose when time's up. (requested by Auwhdnckzgt)\n|\n|t:|1732972354\n|switch|p2a: Magcargo|Magcargo, L95, F|268/268\n|move|p1a: Virizion|Close Combat|p2a: Magcargo\n|-supereffective|p2a: Magcargo\n|-damage|p2a: Magcargo|0 fnt\n|-unboost|p1a: Virizion|def|1\n|-unboost|p1a: Virizion|spd|1\n|faint|p2a: Magcargo\n|-damage|p1a: Virizion|201/283|[from] item: Life Orb\n|\n|upkeep\n|\n|t:|1732972379\n|switch|p2a: Slither Wing|Slither Wing, L81|219/219\n|turn|6\n|\n|t:|1732972391\n|-terastallize|p1a: Virizion|Rock\n|move|p1a: Virizion|Stone Edge|p2a: Slither Wing\n|-damage|p2a: Slither Wing|0 fnt\n|replace|p2a: Zoroark|Zoroark-Hisui, L80, F\n|-end|p2a: Zoroark|Illusion\n|-hint|Illusion Level Mod is active, so this Pok\u00e9mon's true level was hidden.\n|faint|p2a: Zoroark\n|-damage|p1a: Virizion|173/283|[from] item: Life Orb\n|\n|upkeep\n|\n|t:|1732972400\n|switch|p2a: Slither Wing|Slither Wing, L81|270/270\n|turn|7\n|\n|t:|1732972409\n|move|p1a: Virizion|Stone Edge|p2a: Slither Wing\n|-damage|p2a: Slither Wing|74/270\n|-damage|p1a: Virizion|145/283|[from] item: Life Orb\n|move|p2a: Slither Wing|U-turn|p1a: Virizion\n|-damage|p1a: Virizion|0 fnt\n|faint|p1a: Virizion\n|\n|t:|1732972417\n|-end|p2a: Slither Wing|Protosynthesis|[silent]\n|switch|p2a: Whiscash|Whiscash, L88, M|337/337|[from] U-turn\n|\n|upkeep\n|inactive|Auwhdnckzgt has 120 seconds left.\n|\n|t:|1732972449\n|switch|p1a: Slaking|Slaking, L84, F|389/389\n|turn|8\n|\n|t:|1732972468\n|move|p1a: Slaking|Giga Impact|p2a: Whiscash\n|-damage|p2a: Whiscash|0 fnt\n|-mustrecharge|p1a: Slaking\n|faint|p2a: Whiscash\n|\n|upkeep\n|\n|t:|1732972474\n|switch|p2a: Overqwil|Overqwil, L82, F|274/274\n|-ability|p2a: Overqwil|Intimidate|boost\n|-unboost|p1a: Slaking|atk|1\n|turn|9\n|\n|t:|1732972495\n|-terastallize|p2a: Overqwil|Dragon\n|cant|p1a: Slaking|recharge\n|move|p2a: Overqwil|Scale Shot|p1a: Slaking\n|-damage|p1a: Slaking|359/389\n|-damage|p1a: Slaking|332/389\n|-damage|p1a: Slaking|307/389\n|-damage|p1a: Slaking|280/389\n|-damage|p1a: Slaking|252/389\n|-hitcount|p1a: Slaking|5\n|-unboost|p2a: Overqwil|def|1\n|-boost|p2a: Overqwil|spe|1\n|\n|upkeep\n|turn|10\n|inactive|Aaron2458 has 120 seconds left.\n|\n|t:|1732972511\n|move|p2a: Overqwil|Gunk Shot|p1a: Slaking\n|-damage|p1a: Slaking|135/389\n|move|p1a: Slaking|Giga Impact|p2a: Overqwil\n|-damage|p2a: Overqwil|0 fnt\n|-mustrecharge|p1a: Slaking\n|faint|p2a: Overqwil\n|\n|upkeep\n|inactive|Aaron2458 has 120 seconds left.\n|\n|t:|1732972517\n|switch|p2a: Slither Wing|Slither Wing, L81|74/270\n|turn|11\n|\n|t:|1732972521\n|cant|p1a: Slaking|recharge\n|move|p2a: Slither Wing|Close Combat|p1a: Slaking\n|-supereffective|p1a: Slaking\n|-damage|p1a: Slaking|0 fnt\n|-unboost|p2a: Slither Wing|def|1\n|-unboost|p2a: Slither Wing|spd|1\n|faint|p1a: Slaking\n|\n|upkeep\n|\n|t:|1732972529\n|switch|p1a: Mimikyu|Mimikyu-Busted, L79, F|141/216\n|turn|12\n|\n|t:|1732972535\n|move|p1a: Mimikyu|Play Rough|p2a: Slither Wing\n|-supereffective|p2a: Slither Wing\n|-damage|p2a: Slither Wing|0 fnt\n|faint|p2a: Slither Wing\n|-end|p2a: Slither Wing|Protosynthesis|[silent]\n|-damage|p1a: Mimikyu|120/216|[from] item: Life Orb\n|\n|win|Auwhdnckzgt\n|raw|Auwhdnckzgt's rating: 1040 &rarr; <strong>1076</strong><br />(+36 for winning)\n|raw|Aaron2458's rating: 1060 &rarr; <strong>1040</strong><br />(-20 for losing)\n|l|\u203dAuwhdnckzgt\n|player|p1|\n|l|\u2606Aaron2458\n|player|p2|\n|j|\u203dAuwhdnckzgt\n|player|p1|Auwhdnckzgt|102|\n", "inputlog": ">version b107d77f5c90bd6555267ae244a6264823309ead\n>start {\"formatid\":\"gen9randombattle\",\"seed\":[33993,5822,10376,2584],\"rated\":\"Rated battle\"}\n>player p1 {\"name\":\"Auwhdnckzgt\",\"avatar\":\"102\",\"rating\":1040,\"seed\":[61160,50286,46651,34065]}\n>player p2 {\"name\":\"Aaron2458\",\"avatar\":\"1\",\"rating\":1060,\"seed\":[1301,53880,53379,53863]}\n>p1 switch 6\n>p2 move firstimpression\n>p1 move swordsdance\n>p2 move uturn\n>p2 switch 6\n>p1 move playrough\n>p2 move knockoff\n>p2 switch 4\n>p1 switch 6\n>p2 move crunch\n>p1 move closecombat\n>p2 switch 5\n>p2 switch 3\n>p1 move stoneedge terastallize\n>p2 move bittermalice\n>p2 switch 6\n>p1 move stoneedge\n>p2 move uturn\n>p2 switch 2\n>p1 switch 2\n>p1 move gigaimpact\n>p2 move stealthrock\n>p2 switch 5\n>p1 move recharge\n>p2 move scaleshot terastallize\n>p1 move gigaimpact\n>p2 move gunkshot\n>p2 switch 2\n>p1 move recharge\n>p2 move closecombat\n>p1 switch 6\n>p1 move playrough\n>p2 move wildcharge", "uploadtime": 1732972547, "views": 9, "formatid": "gen9randombattle", "rating": 1040, "private": 0, "password": null}