{"id": "gen9randombattle-2254030258", "format": "[Gen 9] Random Battle", "players": ["SparkyMark230", "Duraball"], "log": "|j|\u2606SparkyMark230\n|j|\u2606Duraball\n|t:|1732982320\n|gametype|singles\n|player|p1|SparkyMark230|ltsurge|1772\n|player|p2|Duraball|scientist-gen4|1848\n|teamsize|p1|6\n|teamsize|p2|6\n|gen|9\n|tier|[Gen 9] Random Battle\n|rated|\n|rule|Species Clause: Limit one of each Pok\u00e9mon\n|rule|HP Percentage Mod: HP is shown in percentages\n|rule|Sleep Clause Mod: Limit one foe put to sleep\n|rule|Illusion Level Mod: Illusion disguises the Pok\u00e9mon's true level\n|\n|t:|1732982320\n|start\n|switch|p1a: Gothitelle|Gothitelle, L90, M|272/272\n|switch|p2a: Blaziken|Blaziken, L76, M|247/247\n|turn|1\n|inactive|Battle timer is ON: inactive players will automatically lose when time's up. (requested by Duraball)\n|\n|t:|1732982338\n|move|p1a: Gothitelle|Psychic Noise|p2a: Blaziken\n|-supereffective|p2a: Blaziken\n|-damage|p2a: Blaziken|0 fnt\n|faint|p2a: Blaziken\n|\n|upkeep\n|\n|t:|1732982357\n|switch|p2a: Arceus|Arceus-Flying, L69|279/279\n|turn|2\n|\n|t:|1732982380\n|move|p2a: Arceus|Calm Mind|p2a: Arceus\n|-boost|p2a: Arceus|spa|1\n|-boost|p2a: Arceus|spd|1\n|move|p1a: Gothitelle|Calm Mind|p1a: Gothitelle\n|-boost|p1a: Gothitelle|spa|1\n|-boost|p1a: Gothitelle|spd|1\n|\n|upkeep\n|turn|3\n|\n|t:|1732982383\n|move|p2a: Arceus|Calm Mind|p2a: Arceus\n|-boost|p2a: Arceus|spa|1\n|-boost|p2a: Arceus|spd|1\n|move|p1a: Gothitelle|Calm Mind|p1a: Gothitelle\n|-boost|p1a: Gothitelle|spa|1\n|-boost|p1a: Gothitelle|spd|1\n|\n|upkeep\n|turn|4\n|\n|t:|1732982384\n|move|p2a: Arceus|Calm Mind|p2a: Arceus\n|-boost|p2a: Arceus|spa|1\n|-boost|p2a: Arceus|spd|1\n|move|p1a: Gothitelle|Calm Mind|p1a: Gothitelle\n|-boost|p1a: Gothitelle|spa|1\n|-boost|p1a: Gothitelle|spd|1\n|\n|upkeep\n|turn|5\n|\n|t:|1732982386\n|move|p2a: Arceus|Calm Mind|p2a: Arceus\n|-boost|p2a: Arceus|spa|1\n|-boost|p2a: Arceus|spd|1\n|move|p1a: Gothitelle|Calm Mind|p1a: Gothitelle\n|-boost|p1a: Gothitelle|spa|1\n|-boost|p1a: Gothitelle|spd|1\n|\n|upkeep\n|turn|6\n|\n|t:|1732982388\n|move|p2a: Arceus|Calm Mind|p2a: Arceus\n|-boost|p2a: Arceus|spa|1\n|-boost|p2a: Arceus|spd|1\n|move|p1a: Gothitelle|Calm Mind|p1a: Gothitelle\n|-boost|p1a: Gothitelle|spa|1\n|-boost|p1a: Gothitelle|spd|1\n|\n|upkeep\n|turn|7\n|\n|t:|1732982390\n|move|p2a: Arceus|Calm Mind|p2a: Arceus\n|-boost|p2a: Arceus|spa|1\n|-boost|p2a: Arceus|spd|1\n|move|p1a: Gothitelle|Calm Mind|p1a: Gothitelle\n|-boost|p1a: Gothitelle|spa|1\n|-boost|p1a: Gothitelle|spd|1\n|\n|upkeep\n|turn|8\n|\n|t:|1732982393\n|move|p2a: Arceus|Judgment|p1a: Gothitelle\n|-damage|p1a: Gothitelle|191/272\n|move|p1a: Gothitelle|Thunderbolt|p2a: Arceus\n|-supereffective|p2a: Arceus\n|-damage|p2a: Arceus|133/279\n|-status|p2a: Arceus|par\n|\n|-heal|p1a: Gothitelle|208/272|[from] item: Leftovers\n|upkeep\n|turn|9\n|\n|t:|1732982396\n|move|p1a: Gothitelle|Thunderbolt|p2a: Arceus\n|-supereffective|p2a: Arceus\n|-damage|p2a: Arceus|1/279 par\n|move|p2a: Arceus|Judgment|p1a: Gothitelle\n|-damage|p1a: Gothitelle|124/272\n|\n|-heal|p1a: Gothitelle|141/272|[from] item: Leftovers\n|upkeep\n|turn|10\n|\n|t:|1732982399\n|move|p1a: Gothitelle|Thunderbolt|p2a: Arceus\n|-supereffective|p2a: Arceus\n|-damage|p2a: Arceus|0 fnt\n|faint|p2a: Arceus\n|\n|-heal|p1a: Gothitelle|158/272|[from] item: Leftovers\n|upkeep\n|\n|t:|1732982405\n|switch|p2a: Sneasler|Sneasler, L74, F|240/240\n|turn|11\n|\n|t:|1732982411\n|-terastallize|p1a: Gothitelle|Fighting\n|move|p2a: Sneasler|Gunk Shot|p1a: Gothitelle\n|-damage|p1a: Gothitelle|44/272\n|move|p1a: Gothitelle|Psychic Noise|p2a: Sneasler\n|-supereffective|p2a: Sneasler\n|-damage|p2a: Sneasler|0 fnt\n|faint|p2a: Sneasler\n|\n|-heal|p1a: Gothitelle|61/272|[from] item: Leftovers\n|upkeep\n|-message|Duraball forfeited.\n|\n|win|SparkyMark230\n|raw|SparkyMark230's rating: 1772 &rarr; <strong>1796</strong><br />(+24 for winning)\n|raw|Duraball's rating: 1848 &rarr; <strong>1824</strong><br />(-24 for losing)\n|l|\u2606Duraball\n|player|p2|\n", "inputlog": ">version b107d77f5c90bd6555267ae244a6264823309ead\n>start {\"formatid\":\"gen9randombattle\",\"seed\":[45155,58652,43281,5946],\"rated\":\"Rated battle\"}\n>player p1 {\"name\":\"SparkyMark230\",\"avatar\":\"ltsurge\",\"rating\":1772,\"seed\":[38366,65509,29311,61632]}\n>player p2 {\"name\":\"Duraball\",\"avatar\":\"scientist-gen4\",\"rating\":1848,\"seed\":[60998,18044,52720,10822]}\n>p1 move psychicnoise\n>p2 move flareblitz\n>p2 switch 6\n>p1 move calmmind\n>p2 move calmmind\n>p1 move calmmind\n>p2 move calmmind\n>p1 move calmmind\n>p2 move calmmind\n>p1 move calmmind\n>p2 move calmmind\n>p1 move calmmind\n>p2 move calmmind\n>p1 move calmmind\n>p2 move calmmind\n>p1 move thunderbolt\n>p2 move judgment\n>p1 move thunderbolt\n>p2 move judgment\n>p1 move thunderbolt\n>p2 move judgment\n>p2 switch 3\n>p1 move psychicnoise terastallize\n>p2 move gunkshot\n>forcelose p2", "uploadtime": 1732982418, "views": 10, "formatid": "gen9randombattle", "rating": 1796, "private": 0, "password": null}