{"id": "gen9randombattle-2253968720", "format": "[Gen 9] Random Battle", "players": ["Phu_Magic", "hizuganasanzu"], "log": "|j|\u2606Phu_Magic\n|j|\u2606hizuganasanzu\n|t:|1732973205\n|gametype|singles\n|player|p1|Phu_Magic|artist|\n|player|p2|hizuganasanzu|red|\n|teamsize|p1|6\n|teamsize|p2|6\n|gen|9\n|tier|[Gen 9] Random Battle\n|rule|Species Clause: Limit one of each Pok\u00e9mon\n|rule|HP Percentage Mod: HP is shown in percentages\n|rule|Sleep Clause Mod: Limit one foe put to sleep\n|rule|Illusion Level Mod: Illusion disguises the Pok\u00e9mon's true level\n|\n|t:|1732973205\n|start\n|switch|p1a: Persian|Persian, L92, M|269/269\n|switch|p2a: Calyrex|Calyrex-Shadow, L64|235/235\n|-ability|p2a: Calyrex|As One\n|-ability|p2a: Calyrex|Unnerve\n|turn|1\n|c|\u2606hizuganasanzu|u\u00e2\n|inactive|Battle timer is ON: inactive players will automatically lose when time's up. (requested by Phu_Magic)\n|\n|t:|1732973227\n|switch|p2a: Venomoth|Venomoth, L84, M|255/255\n|move|p1a: Persian|Knock Off|p2a: Venomoth\n|-damage|p2a: Venomoth|169/255\n|-enditem|p2a: Venomoth|Heavy-Duty Boots|[from] move: Knock Off|[of] p1a: Persian\n|\n|upkeep\n|turn|2\n|\n|t:|1732973236\n|move|p1a: Persian|U-turn|p2a: Venomoth\n|-resisted|p2a: Venomoth\n|-damage|p2a: Venomoth|137/255\n|\n|t:|1732973239\n|switch|p1a: Gogoat|Gogoat, L88, F|360/360|[from] U-turn\n|move|p2a: Venomoth|Sleep Powder|p1a: Gogoat\n|-ability|p1a: Gogoat|Sap Sipper|boost\n|-boost|p1a: Gogoat|atk|1\n|\n|upkeep\n|turn|3\n|\n|t:|1732973252\n|switch|p2a: Rotom|Rotom-Mow, L86|226/226\n|move|p1a: Gogoat|Rock Slide|p2a: Rotom|[miss]\n|-miss|p1a: Gogoat|p2a: Rotom\n|\n|upkeep\n|turn|4\n|\n|t:|1732973275\n|switch|p1a: Kilowattrel|Kilowattrel, L83, M|252/252\n|move|p2a: Rotom|Will-O-Wisp|p1a: Kilowattrel\n|-status|p1a: Kilowattrel|brn\n|\n|-damage|p1a: Kilowattrel|237/252 brn|[from] brn\n|upkeep\n|turn|5\n|\n|t:|1732973295\n|switch|p2a: Venomoth|Venomoth, L84, M|137/255\n|move|p1a: Kilowattrel|Hurricane|p2a: Venomoth\n|-supereffective|p2a: Venomoth\n|-damage|p2a: Venomoth|0 fnt\n|faint|p2a: Venomoth\n|\n|-damage|p1a: Kilowattrel|222/252 brn|[from] brn\n|upkeep\n|inactive|hizuganasanzu has 270 seconds left.\n|\n|t:|1732973318\n|switch|p2a: Lycanroc|Lycanroc, L86, M|269/269\n|turn|6\n|c|\u2606Phu_Magic|duma\n|\n|t:|1732973337\n|move|p1a: Kilowattrel|Thunder Wave|p2a: Lycanroc|[miss]\n|-miss|p1a: Kilowattrel|p2a: Lycanroc\n|move|p2a: Lycanroc|Stone Edge|p1a: Kilowattrel\n|-supereffective|p1a: Kilowattrel\n|-damage|p1a: Kilowattrel|0 fnt\n|faint|p1a: Kilowattrel\n|\n|upkeep\n|c|\u2606hizuganasanzu|=)))\n|inactive|Phu_Magic has 270 seconds left.\n|\n|t:|1732973357\n|switch|p1a: Gogoat|Gogoat, L88, F|360/360\n|turn|7\n|\n|t:|1732973363\n|switch|p2a: Rotom|Rotom-Mow, L86|226/226\n|move|p1a: Gogoat|Bulk Up|p1a: Gogoat\n|-boost|p1a: Gogoat|atk|1\n|-boost|p1a: Gogoat|def|1\n|\n|upkeep\n|turn|8\n|inactive|Phu_Magic has 270 seconds left.\n|c|\u2606Phu_Magic|s \u00f4ng l\u1ea1i c\u00f3 t\u00f4i\n|c|\u2606Phu_Magic|((:\n|\n|t:|1732973386\n|switch|p1a: Porygon2|Porygon2, L82|274/274\n|-ability|p1a: Porygon2|Download|boost\n|-boost|p1a: Porygon2|spa|1\n|move|p2a: Rotom|Will-O-Wisp|p1a: Porygon2\n|-status|p1a: Porygon2|brn\n|\n|-damage|p1a: Porygon2|257/274 brn|[from] brn\n|upkeep\n|turn|9\n|inactive|Phu_Magic has 270 seconds left.\n|c|\u2606hizuganasanzu|c\u00f3 ph\u1ea3i dusk form \u0111\u00e2u\n|\n|t:|1732973401\n|move|p2a: Rotom|Nasty Plot|p2a: Rotom\n|-boost|p2a: Rotom|spa|2\n|move|p1a: Porygon2|Ice Beam|p2a: Rotom\n|-supereffective|p2a: Rotom\n|-damage|p2a: Rotom|56/226\n|\n|-damage|p1a: Porygon2|240/274 brn|[from] brn\n|upkeep\n|turn|10\n|inactive|Phu_Magic has 270 seconds left.\n|\n|t:|1732973414\n|move|p2a: Rotom|Leaf Storm|p1a: Porygon2\n|-damage|p1a: Porygon2|0 fnt\n|-unboost|p2a: Rotom|spa|2\n|faint|p1a: Porygon2\n|-damage|p2a: Rotom|34/226|[from] item: Life Orb\n|\n|upkeep\n|inactive|Phu_Magic has 270 seconds left.\n|\n|t:|1732973423\n|switch|p1a: Persian|Persian, L92, M|269/269\n|turn|11\n|\n|t:|1732973427\n|move|p1a: Persian|U-turn|p2a: Rotom\n|-supereffective|p2a: Rotom\n|-damage|p2a: Rotom|0 fnt\n|faint|p2a: Rotom\n|\n|t:|1732973433\n|switch|p1a: Gogoat|Gogoat, L88, F|360/360|[from] U-turn\n|\n|upkeep\n|\n|t:|1732973437\n|switch|p2a: Calyrex|Calyrex-Shadow, L64|235/235\n|-ability|p2a: Calyrex|As One\n|-ability|p2a: Calyrex|Unnerve\n|turn|12\n|\n|t:|1732973455\n|move|p2a: Calyrex|Trick|p1a: Gogoat\n|-activate|p2a: Calyrex|move: Trick|[of] p1a: Gogoat\n|-item|p1a: Gogoat|Choice Specs|[from] move: Trick\n|-item|p2a: Calyrex|Leftovers|[from] move: Trick\n|move|p1a: Gogoat|Horn Leech|p2a: Calyrex\n|-damage|p2a: Calyrex|112/235\n|\n|-heal|p2a: Calyrex|126/235|[from] item: Leftovers\n|upkeep\n|turn|13\n|\n|t:|1732973471\n|switch|p2a: Vivillon|Vivillon-Ocean, L84, M|272/272\n|move|p1a: Gogoat|Horn Leech|p2a: Vivillon\n|-resisted|p2a: Vivillon\n|-damage|p2a: Vivillon|238/272\n|\n|upkeep\n|turn|14\n|\n|t:|1732973484\n|switch|p1a: Fezandipiti|Fezandipiti, L82, M|278/278\n|move|p2a: Vivillon|Quiver Dance|p2a: Vivillon\n|-boost|p2a: Vivillon|spa|1\n|-boost|p2a: Vivillon|spd|1\n|-boost|p2a: Vivillon|spe|1\n|\n|upkeep\n|turn|15\n|\n|t:|1732973495\n|switch|p1a: Gogoat|Gogoat, L88, F|360/360\n|move|p2a: Vivillon|Sleep Powder|p1a: Gogoat\n|-ability|p1a: Gogoat|Sap Sipper|boost\n|-boost|p1a: Gogoat|atk|1\n|\n|upkeep\n|turn|16\n|\n|t:|1732973508\n|-terastallize|p2a: Vivillon|Ground\n|-terastallize|p1a: Gogoat|Water\n|move|p2a: Vivillon|Hurricane|p1a: Gogoat\n|-damage|p1a: Gogoat|207/360\n|-start|p1a: Gogoat|confusion\n|-activate|p1a: Gogoat|confusion\n|-damage|p1a: Gogoat|146/360|[from] confusion\n|\n|upkeep\n|turn|17\n|\n|t:|1732973525\n|move|p2a: Vivillon|Hurricane|p1a: Gogoat\n|-damage|p1a: Gogoat|0 fnt\n|faint|p1a: Gogoat\n|\n|upkeep\n|\n|t:|1732973534\n|switch|p1a: Persian|Persian, L92, M|269/269\n|turn|18\n|\n|t:|1732973538\n|move|p1a: Persian|Fake Out|p2a: Vivillon\n|-damage|p2a: Vivillon|138/272\n|cant|p2a: Vivillon|flinch\n|\n|upkeep\n|turn|19\n|\n|t:|1732973545\n|move|p2a: Vivillon|Sleep Powder|p1a: Persian\n|-status|p1a: Persian|slp|[from] move: Sleep Powder\n|cant|p1a: Persian|slp\n|\n|upkeep\n|turn|20\n|\n|t:|1732973551\n|move|p2a: Vivillon|Tera Blast|p1a: Persian|[anim] Tera Blast Ground\n|-damage|p1a: Persian|131/269 slp\n|cant|p1a: Persian|slp\n|\n|upkeep\n|turn|21\n|\n|t:|1732973559\n|switch|p1a: Dragonite|Dragonite, L74, F|257/257\n|move|p2a: Vivillon|Tera Blast|p1a: Dragonite|[anim] Tera Blast Ground\n|-immune|p1a: Dragonite\n|\n|upkeep\n|turn|22\n|\n|t:|1732973567\n|move|p2a: Vivillon|Hurricane|p1a: Dragonite\n|-damage|p1a: Dragonite|176/257\n|move|p1a: Dragonite|Dragon Dance|p1a: Dragonite\n|-boost|p1a: Dragonite|atk|1\n|-boost|p1a: Dragonite|spe|1\n|\n|upkeep\n|turn|23\n|\n|t:|1732973582\n|move|p2a: Vivillon|Hurricane|p1a: Dragonite\n|-damage|p1a: Dragonite|7/257\n|move|p1a: Dragonite|Outrage|p2a: Vivillon\n|-damage|p2a: Vivillon|0 fnt\n|faint|p2a: Vivillon\n|\n|upkeep\n|\n|t:|1732973589\n|switch|p2a: Misdreavus|Misdreavus, L90, F|254/254\n|turn|24\n|\n|t:|1732973598\n|move|p1a: Dragonite|Outrage|p2a: Misdreavus|[from]lockedmove\n|-damage|p2a: Misdreavus|88/254\n|-start|p1a: Dragonite|confusion|[fatigue]\n|move|p2a: Misdreavus|Draining Kiss|p1a: Dragonite\n|-supereffective|p1a: Dragonite\n|-damage|p1a: Dragonite|0 fnt\n|-heal|p2a: Misdreavus|93/254|[from] drain|[of] p1a: Dragonite\n|faint|p1a: Dragonite\n|\n|upkeep\n|\n|t:|1732973608\n|switch|p1a: Fezandipiti|Fezandipiti, L82, M|278/278\n|turn|25\n|\n|t:|1732973625\n|move|p1a: Fezandipiti|Play Rough|p2a: Misdreavus\n|-damage|p2a: Misdreavus|18/254\n|-status|p2a: Misdreavus|tox|[from] ability: Toxic Chain|[of] p1a: Fezandipiti\n|move|p2a: Misdreavus|Draining Kiss|p1a: Fezandipiti\n|-resisted|p1a: Fezandipiti\n|-damage|p1a: Fezandipiti|265/278\n|-heal|p2a: Misdreavus|28/254 tox|[from] drain|[of] p1a: Fezandipiti\n|\n|-heal|p1a: Fezandipiti|278/278|[from] item: Leftovers\n|-damage|p2a: Misdreavus|13/254 tox|[from] psn\n|upkeep\n|turn|26\n|\n|t:|1732973640\n|move|p1a: Fezandipiti|Beat Up|p2a: Misdreavus\n|-supereffective|p2a: Misdreavus\n|-damage|p2a: Misdreavus|0 fnt\n|faint|p2a: Misdreavus\n|-hitcount|p2: Misdreavus|1\n|\n|upkeep\n|\n|t:|1732973649\n|switch|p2a: Calyrex|Calyrex-Shadow, L64|126/235\n|-ability|p2a: Calyrex|As One\n|-ability|p2a: Calyrex|Unnerve\n|turn|27\n|\n|t:|1732973658\n|move|p2a: Calyrex|Psyshock|p1a: Fezandipiti\n|-supereffective|p1a: Fezandipiti\n|-damage|p1a: Fezandipiti|108/278\n|move|p1a: Fezandipiti|Beat Up|p2a: Calyrex\n|-supereffective|p2a: Calyrex\n|-damage|p2a: Calyrex|78/235\n|-hitcount|p2a: Calyrex|1\n|\n|-heal|p2a: Calyrex|92/235|[from] item: Leftovers\n|-heal|p1a: Fezandipiti|125/278|[from] item: Leftovers\n|upkeep\n|turn|28\n|\n|t:|1732973669\n|move|p2a: Calyrex|Psyshock|p1a: Fezandipiti\n|-supereffective|p1a: Fezandipiti\n|-damage|p1a: Fezandipiti|0 fnt\n|faint|p1a: Fezandipiti\n|-ability|p2a: Calyrex|Grim Neigh|boost\n|-boost|p2a: Calyrex|spa|1\n|\n|-heal|p2a: Calyrex|106/235|[from] item: Leftovers\n|upkeep\n|\n|t:|1732973670\n|switch|p1a: Persian|Persian, L92, M|131/269 slp\n|turn|29\n|\n|t:|1732973680\n|cant|p1a: Persian|slp\n|move|p2a: Calyrex|Psyshock|p1a: Persian\n|-damage|p1a: Persian|0 fnt\n|faint|p1a: Persian\n|\n|win|hizuganasanzu\n|c|\u2606Phu_Magic|\u01b0tf\n|c|\u2606hizuganasanzu|h\u1ea3\n", "inputlog": ">version b107d77f5c90bd6555267ae244a6264823309ead\n>start {\"formatid\":\"gen9randombattle\",\"seed\":[60638,47538,19689,17084]}\n>player p1 {\"name\":\"Phu_Magic\",\"avatar\":\"artist\",\"rating\":0,\"seed\":[35319,27459,19011,50303]}\n>player p2 {\"name\":\"hizuganasanzu\",\"avatar\":\"red\",\"rating\":0,\"seed\":[26239,5485,31830,26895]}\n>chat \u2606hizuganasanzu|u\u00e2\n>p1 move knockoff\n>p2 switch 4\n>p1 move uturn\n>p2 move sleeppowder\n>p1 switch 5\n>p1 move rockslide\n>p2 switch 6\n>p1 switch 3\n>p2 move willowisp\n>p1 move hurricane\n>p2 switch 6\n>p2 switch 2\n>chat \u2606Phu_Magic|duma\n>p1 move thunderwave\n>p2 move stoneedge\n>chat \u2606hizuganasanzu|=)))\n>p1 switch 3\n>p1 move bulkup\n>p2 switch 6\n>chat \u2606Phu_Magic|s \u00f4ng l\u1ea1i c\u00f3 t\u00f4i\n>chat \u2606Phu_Magic|((:\n>p1 switch 4\n>p2 move willowisp\n>chat \u2606hizuganasanzu|c\u00f3 ph\u1ea3i dusk form \u0111\u00e2u\n>p1 move icebeam\n>p2 move nastyplot\n>p1 move recover\n>p2 move leafstorm\n>p1 switch 5\n>p1 move uturn\n>p2 move willowisp\n>p1 switch 4\n>p2 switch 4\n>p1 move hornleech\n>p2 move trick\n>p1 move hornleech\n>p2 switch 5\n>p1 switch 6\n>p2 move quiverdance\n>p1 switch 6\n>p2 move sleeppowder\n>p1 move rockslide terastallize\n>p2 move hurricane terastallize\n>p1 move hornleech\n>p2 move hurricane\n>p1 switch 4\n>p1 move fakeout\n>p2 move sleeppowder\n>p1 move doubleedge\n>p2 move sleeppowder\n>p1 move doubleedge\n>p2 move terablast\n>p1 switch 2\n>p2 move terablast\n>p1 move dragondance\n>p2 move hurricane\n>p1 move outrage\n>p2 move hurricane\n>p2 switch 3\n>p1 move outrage\n>p2 move drainingkiss\n>p1 switch 6\n>p1 move playrough\n>p2 move drainingkiss\n>p1 move beatup\n>p2 move willowisp\n>p2 switch 5\n>p1 move beatup\n>p2 move psyshock\n>p1 move playrough\n>p2 move psyshock\n>p1 switch 2\n>p1 move knockoff\n>p2 move psyshock", "uploadtime": 1732973701, "views": 8, "formatid": "gen9randombattle", "rating": null, "private": 0, "password": null}