{"id": "gen9randombattle-2254137767", "format": "[Gen 9] Random Battle", "players": ["Losscon", "bellenguer2"], "log": "|j|\u2606Losscon\n|j|\u2606bellenguer2\n|t:|1732995856\n|gametype|singles\n|player|p1|Losscon|266|1758\n|player|p2|bellenguer2|dawn|1739\n|teamsize|p1|6\n|teamsize|p2|6\n|gen|9\n|tier|[Gen 9] Random Battle\n|rated|\n|rule|Species Clause: Limit one of each Pok\u00e9mon\n|rule|HP Percentage Mod: HP is shown in percentages\n|rule|Sleep Clause Mod: Limit one foe put to sleep\n|rule|Illusion Level Mod: Illusion disguises the Pok\u00e9mon's true level\n|\n|t:|1732995856\n|start\n|switch|p1a: Deoxys|Deoxys-Attack, L72|191/191\n|switch|p2a: Breloom|Breloom, L82, F|233/233\n|-ability|p1a: Deoxys|Pressure\n|turn|1\n|inactive|Battle timer is ON: inactive players will automatically lose when time's up. (requested by Losscon)\n|\n|t:|1732995877\n|switch|p2a: Ho-Oh|Ho-Oh, L71|268/268\n|move|p1a: Deoxys|Psycho Boost|p2a: Ho-Oh|[miss]\n|-miss|p1a: Deoxys|p2a: Ho-Oh\n|\n|upkeep\n|turn|2\n|\n|t:|1732995887\n|switch|p1a: Luvdisc|Luvdisc, M|247/247\n|move|p2a: Ho-Oh|Sacred Fire|p1a: Luvdisc\n|-resisted|p1a: Luvdisc\n|-damage|p1a: Luvdisc|190/247\n|-status|p1a: Luvdisc|brn\n|\n|-damage|p1a: Luvdisc|175/247 brn|[from] brn\n|upkeep\n|turn|3\n|\n|t:|1732995901\n|move|p1a: Luvdisc|Whirlpool|p2a: Ho-Oh\n|-supereffective|p2a: Ho-Oh\n|-damage|p2a: Ho-Oh|226/268\n|-activate|p2a: Ho-Oh|move: Whirlpool|[of] p1a: Luvdisc\n|move|p2a: Ho-Oh|Brave Bird|p1a: Luvdisc\n|-damage|p1a: Luvdisc|39/247 brn\n|-damage|p2a: Ho-Oh|181/268|[from] Recoil\n|\n|-damage|p1a: Luvdisc|24/247 brn|[from] brn\n|-damage|p2a: Ho-Oh|148/268|[from] move: Whirlpool|[partiallytrapped]\n|upkeep\n|turn|4\n|\n|t:|1732995925\n|move|p1a: Luvdisc|Endeavor|p2a: Ho-Oh\n|-damage|p2a: Ho-Oh|24/268\n|move|p2a: Ho-Oh|Recover|p2a: Ho-Oh\n|-heal|p2a: Ho-Oh|158/268\n|\n|-damage|p1a: Luvdisc|9/247 brn|[from] brn\n|-damage|p2a: Ho-Oh|125/268|[from] move: Whirlpool|[partiallytrapped]\n|upkeep\n|turn|5\n|\n|t:|1732995934\n|move|p1a: Luvdisc|Surf|p2a: Ho-Oh\n|-supereffective|p2a: Ho-Oh\n|-damage|p2a: Ho-Oh|21/268\n|move|p2a: Ho-Oh|Recover|p2a: Ho-Oh\n|-heal|p2a: Ho-Oh|155/268\n|\n|-damage|p1a: Luvdisc|0 fnt|[from] brn\n|faint|p1a: Luvdisc\n|-end|p2a: Ho-Oh|Whirlpool|[partiallytrapped]|[silent]\n|upkeep\n|\n|t:|1732995940\n|switch|p1a: Grumpig|Grumpig, L92, F|297/297\n|turn|6\n|\n|t:|1732995950\n|move|p1a: Grumpig|Nasty Plot|p1a: Grumpig\n|-boost|p1a: Grumpig|spa|2\n|move|p2a: Ho-Oh|Sacred Fire|p1a: Grumpig\n|-damage|p1a: Grumpig|237/297\n|-status|p1a: Grumpig|brn\n|\n|-heal|p1a: Grumpig|255/297 brn|[from] item: Leftovers\n|-damage|p1a: Grumpig|237/297 brn|[from] brn\n|upkeep\n|turn|7\n|\n|t:|1732995960\n|move|p1a: Grumpig|Psyshock|p2a: Ho-Oh\n|-damage|p2a: Ho-Oh|0 fnt\n|faint|p2a: Ho-Oh\n|\n|-heal|p1a: Grumpig|255/297 brn|[from] item: Leftovers\n|-damage|p1a: Grumpig|237/297 brn|[from] brn\n|upkeep\n|\n|t:|1732995971\n|switch|p2a: Ampharos|Ampharos, L88, M|302/302\n|turn|8\n|\n|t:|1732995977\n|move|p1a: Grumpig|Psyshock|p2a: Ampharos\n|-damage|p2a: Ampharos|106/302\n|move|p2a: Ampharos|Thunderbolt|p1a: Grumpig\n|-damage|p1a: Grumpig|108/297 brn\n|\n|-heal|p1a: Grumpig|126/297 brn|[from] item: Leftovers\n|-damage|p1a: Grumpig|108/297 brn|[from] brn\n|upkeep\n|turn|9\n|\n|t:|1732995984\n|move|p1a: Grumpig|Psyshock|p2a: Ampharos\n|-damage|p2a: Ampharos|0 fnt\n|faint|p2a: Ampharos\n|\n|-heal|p1a: Grumpig|126/297 brn|[from] item: Leftovers\n|-damage|p1a: Grumpig|108/297 brn|[from] brn\n|upkeep\n|\n|t:|1732996006\n|switch|p2a: Palkia|Palkia, L75|259/259\n|-ability|p2a: Palkia|Pressure\n|turn|10\n|\n|t:|1732996017\n|move|p2a: Palkia|Draco Meteor|p1a: Grumpig\n|-damage|p1a: Grumpig|0 fnt\n|-unboost|p2a: Palkia|spa|2\n|faint|p1a: Grumpig\n|\n|upkeep\n|\n|t:|1732996032\n|switch|p1a: Breloom|Breloom, L82, M|233/233\n|turn|11\n|\n|t:|1732996041\n|switch|p2a: Venusaur|Venusaur, L84, M|272/272\n|move|p1a: Breloom|Swords Dance|p1a: Breloom\n|-boost|p1a: Breloom|atk|2\n|\n|upkeep\n|turn|12\n|\n|t:|1732996047\n|move|p2a: Venusaur|Sludge Bomb|p1a: Breloom\n|-supereffective|p1a: Breloom\n|-damage|p1a: Breloom|0 fnt\n|faint|p1a: Breloom\n|\n|upkeep\n|\n|t:|1732996057\n|switch|p1a: Deoxys|Deoxys-Attack, L72|191/191\n|-ability|p1a: Deoxys|Pressure\n|turn|13\n|\n|t:|1732996066\n|move|p1a: Deoxys|Psycho Boost|p2a: Venusaur\n|-supereffective|p2a: Venusaur\n|-damage|p2a: Venusaur|0 fnt\n|-unboost|p1a: Deoxys|spa|2\n|faint|p2a: Venusaur\n|-damage|p1a: Deoxys|172/191|[from] item: Life Orb\n|\n|upkeep\n|\n|t:|1732996070\n|switch|p2a: Palkia|Palkia, L75|259/259\n|-ability|p2a: Palkia|Pressure\n|turn|14\n|\n|t:|1732996074\n|switch|p1a: Samurott|Samurott-Hisui, L77, M|265/265\n|move|p2a: Palkia|Spacial Rend|p1a: Samurott\n|-damage|p1a: Samurott|91/265\n|\n|upkeep\n|turn|15\n|\n|t:|1732996081\n|move|p2a: Palkia|Spacial Rend|p1a: Samurott\n|-damage|p1a: Samurott|0 fnt\n|faint|p1a: Samurott\n|\n|upkeep\n|\n|t:|1732996084\n|switch|p1a: Iron Jugulis|Iron Jugulis, L78|275/275\n|turn|16\n|\n|t:|1732996096\n|switch|p2a: Breloom|Breloom, L82, F|233/233\n|move|p1a: Iron Jugulis|Hurricane|p2a: Breloom\n|-supereffective|p2a: Breloom\n|-damage|p2a: Breloom|0 fnt\n|faint|p2a: Breloom\n|\n|upkeep\n|\n|t:|1732996121\n|switch|p2a: Palkia|Palkia, L75|259/259\n|-ability|p2a: Palkia|Pressure\n|turn|17\n|\n|t:|1732996128\n|move|p2a: Palkia|Spacial Rend|p1a: Iron Jugulis\n|-damage|p1a: Iron Jugulis|145/275\n|move|p1a: Iron Jugulis|Hurricane|p2a: Palkia|[miss]\n|-miss|p1a: Iron Jugulis|p2a: Palkia\n|\n|upkeep\n|turn|18\n|\n|t:|1732996135\n|move|p2a: Palkia|Spacial Rend|p1a: Iron Jugulis\n|-damage|p1a: Iron Jugulis|15/275\n|move|p1a: Iron Jugulis|Hurricane|p2a: Palkia|[miss]\n|-miss|p1a: Iron Jugulis|p2a: Palkia\n|\n|upkeep\n|turn|19\n|-message|Losscon forfeited.\n|\n|win|bellenguer2\n|raw|Losscon's rating: 1758 &rarr; <strong>1737</strong><br />(-21 for losing)\n|raw|bellenguer2's rating: 1739 &rarr; <strong>1760</strong><br />(+21 for winning)\n|l|\u2606Losscon\n|player|p1|\n", "inputlog": ">version b107d77f5c90bd6555267ae244a6264823309ead\n>start {\"formatid\":\"gen9randombattle\",\"seed\":[50116,49312,17795,32277],\"rated\":\"Rated battle\"}\n>player p1 {\"name\":\"Losscon\",\"avatar\":\"266\",\"rating\":1758,\"seed\":[37591,35466,24534,47043]}\n>player p2 {\"name\":\"bellenguer2\",\"avatar\":\"dawn\",\"rating\":1739,\"seed\":[2746,15670,38860,23595]}\n>p1 move psychoboost\n>p2 switch 6\n>p1 switch 2\n>p2 move sacredfire\n>p1 move whirlpool\n>p2 move bravebird\n>p1 move endeavor\n>p2 move recover\n>p1 move surf\n>p2 move recover\n>p1 switch 3\n>p1 move nastyplot\n>p2 move sacredfire\n>p1 move psyshock\n>p2 move bravebird\n>p2 switch 4\n>p1 move psyshock\n>p2 move thunderbolt\n>p1 move psyshock\n>p2 move thunderbolt\n>p2 switch 3\n>p1 move dazzlinggleam\n>p2 move dracometeor\n>p1 switch 6\n>p1 move swordsdance\n>p2 switch 5\n>p1 move rocktomb\n>p2 move sludgebomb\n>p1 switch 2\n>p1 move psychoboost\n>p2 move sludgebomb\n>p2 switch 5\n>p1 switch 4\n>p2 move spacialrend\n>p1 move ceaselessedge\n>p2 move spacialrend\n>p1 switch 5\n>p1 move hurricane\n>p2 switch 6\n>p2 switch 6\n>p1 move hurricane\n>p2 move spacialrend\n>p1 move hurricane\n>p2 move spacialrend\n>forcelose p1", "uploadtime": 1732996141, "views": 1, "formatid": "gen9randombattle", "rating": 1737, "private": 0, "password": null}