{"id": "gen9randombattle-2254001306", "format": "[Gen 9] Random Battle", "players": ["beemovlite", "krabsolfurretisme"], "log": "|j|\u2606beemovlite\n|j|\u2606krabsolfurretisme\n|t:|1732978274\n|gametype|singles\n|player|p1|beemovlite|2|1457\n|player|p2|krabsolfurretisme|gentleman|1427\n|teamsize|p1|6\n|teamsize|p2|6\n|gen|9\n|tier|[Gen 9] Random Battle\n|rated|\n|rule|Species Clause: Limit one of each Pok\u00e9mon\n|rule|HP Percentage Mod: HP is shown in percentages\n|rule|Sleep Clause Mod: Limit one foe put to sleep\n|rule|Illusion Level Mod: Illusion disguises the Pok\u00e9mon's true level\n|\n|t:|1732978274\n|start\n|switch|p1a: Oranguru|Oranguru, L92, F|315/315\n|switch|p2a: Alomomola|Alomomola, L87, M|429/429\n|turn|1\n|inactive|Battle timer is ON: inactive players will automatically lose when time's up. (requested by krabsolfurretisme)\n|inactive|beemovlite also wants the timer to be on.\n|\n|t:|1732978282\n|move|p2a: Alomomola|Flip Turn|p1a: Oranguru\n|-damage|p1a: Oranguru|261/315\n|\n|t:|1732978291\n|switch|p2a: Arceus|Arceus-Bug, L73|295/295|[from] Flip Turn\n|move|p1a: Oranguru|Nasty Plot|p1a: Oranguru\n|-boost|p1a: Oranguru|spa|2\n|\n|-heal|p1a: Oranguru|280/315|[from] item: Leftovers\n|upkeep\n|turn|2\n|\n|t:|1732978308\n|-terastallize|p1a: Oranguru|Fighting\n|move|p2a: Arceus|Judgment|p1a: Oranguru\n|-resisted|p1a: Oranguru\n|-damage|p1a: Oranguru|238/315\n|move|p1a: Oranguru|Psyshock|p2a: Arceus\n|-damage|p2a: Arceus|115/295\n|\n|-heal|p1a: Oranguru|257/315|[from] item: Leftovers\n|upkeep\n|turn|3\n|\n|t:|1732978322\n|switch|p2a: Alomomola|Alomomola, L87, M|429/429\n|move|p1a: Oranguru|Thunderbolt|p2a: Alomomola\n|-supereffective|p2a: Alomomola\n|-damage|p2a: Alomomola|0 fnt\n|faint|p2a: Alomomola\n|\n|-heal|p1a: Oranguru|276/315|[from] item: Leftovers\n|upkeep\n|\n|t:|1732978335\n|switch|p2a: Heracross|Heracross, L80, M|259/259\n|turn|4\n|\n|t:|1732978339\n|-terastallize|p2a: Heracross|Normal\n|move|p2a: Heracross|Trailblaze|p1a: Oranguru\n|-damage|p1a: Oranguru|239/315\n|-boost|p2a: Heracross|spe|1\n|move|p1a: Oranguru|Psyshock|p2a: Heracross\n|-damage|p2a: Heracross|21/259\n|\n|-heal|p1a: Oranguru|258/315|[from] item: Leftovers\n|-status|p2a: Heracross|brn|[from] item: Flame Orb\n|upkeep\n|turn|5\n|\n|t:|1732978355\n|move|p2a: Heracross|Facade|p1a: Oranguru\n|-damage|p1a: Oranguru|15/315\n|move|p1a: Oranguru|Psyshock|p2a: Heracross\n|-damage|p2a: Heracross|0 fnt\n|faint|p2a: Heracross\n|\n|-heal|p1a: Oranguru|34/315|[from] item: Leftovers\n|upkeep\n|\n|t:|1732978361\n|switch|p2a: Keldeo|Keldeo-Resolute, L79|273/273\n|turn|6\n|\n|t:|1732978368\n|move|p2a: Keldeo|Vacuum Wave|p1a: Oranguru\n|-damage|p1a: Oranguru|0 fnt\n|faint|p1a: Oranguru\n|-damage|p2a: Keldeo|246/273|[from] item: Life Orb\n|\n|upkeep\n|\n|t:|1732978388\n|switch|p1a: Slaking|Slaking, L84, F|389/389\n|turn|7\n|\n|t:|1732978393\n|move|p1a: Slaking|Double-Edge|p2a: Keldeo\n|-damage|p2a: Keldeo|60/273\n|-damage|p1a: Slaking|328/389|[from] Recoil\n|move|p2a: Keldeo|Secret Sword|p1a: Slaking\n|-supereffective|p1a: Slaking\n|-damage|p1a: Slaking|110/389\n|-damage|p2a: Keldeo|33/273|[from] item: Life Orb\n|\n|upkeep\n|turn|8\n|\n|t:|1732978408\n|switch|p1a: Latias|Latias, L79, F|256/256\n|move|p2a: Keldeo|Calm Mind|p2a: Keldeo\n|-boost|p2a: Keldeo|spa|1\n|-boost|p2a: Keldeo|spd|1\n|\n|upkeep\n|turn|9\n|\n|t:|1732978420\n|move|p2a: Keldeo|Vacuum Wave|p1a: Latias\n|-resisted|p1a: Latias\n|-damage|p1a: Latias|222/256\n|-damage|p2a: Keldeo|6/273|[from] item: Life Orb\n|move|p1a: Latias|Psyshock|p2a: Keldeo\n|-supereffective|p2a: Keldeo\n|-damage|p2a: Keldeo|0 fnt\n|faint|p2a: Keldeo\n|\n|upkeep\n|\n|t:|1732978427\n|switch|p2a: Chandelure|Chandelure, L83, F|235/235\n|turn|10\n|\n|t:|1732978437\n|switch|p1a: Slaking|Slaking, L84, F|110/389\n|move|p2a: Chandelure|Shadow Ball|p1a: Slaking\n|-immune|p1a: Slaking\n|\n|upkeep\n|turn|11\n|\n|t:|1732978448\n|switch|p2a: Sandy Shocks|Sandy Shocks, L80|267/267\n|move|p1a: Slaking|Knock Off|p2a: Sandy Shocks\n|-damage|p2a: Sandy Shocks|173/267\n|-enditem|p2a: Sandy Shocks|Leftovers|[from] move: Knock Off|[of] p1a: Slaking\n|\n|upkeep\n|turn|12\n|\n|t:|1732978468\n|switch|p1a: Latias|Latias, L79, F|222/256\n|move|p2a: Sandy Shocks|Thunderbolt|p1a: Latias\n|-resisted|p1a: Latias\n|-damage|p1a: Latias|181/256\n|\n|upkeep\n|turn|13\n|\n|t:|1732978476\n|move|p1a: Latias|Draco Meteor|p2a: Sandy Shocks\n|-damage|p2a: Sandy Shocks|0 fnt\n|-unboost|p1a: Latias|spa|2\n|faint|p2a: Sandy Shocks\n|-end|p2a: Sandy Shocks|Protosynthesis|[silent]\n|\n|upkeep\n|\n|t:|1732978481\n|switch|p2a: Chandelure|Chandelure, L83, F|235/235\n|turn|14\n|\n|t:|1732978492\n|move|p2a: Chandelure|Fire Blast|p1a: Latias\n|-resisted|p1a: Latias\n|-damage|p1a: Latias|117/256\n|-status|p1a: Latias|brn\n|move|p1a: Latias|Calm Mind|p1a: Latias\n|-boost|p1a: Latias|spa|1\n|-boost|p1a: Latias|spd|1\n|\n|-damage|p1a: Latias|101/256 brn|[from] brn\n|upkeep\n|turn|15\n|\n|t:|1732978503\n|switch|p2a: Arceus|Arceus-Bug, L73|115/295\n|move|p1a: Latias|Recover|p1a: Latias\n|-heal|p1a: Latias|229/256 brn\n|\n|-damage|p1a: Latias|213/256 brn|[from] brn\n|upkeep\n|turn|16\n|\n|t:|1732978514\n|move|p1a: Latias|Calm Mind|p1a: Latias\n|-boost|p1a: Latias|spa|1\n|-boost|p1a: Latias|spd|1\n|move|p2a: Arceus|Judgment|p1a: Latias\n|-supereffective|p1a: Latias\n|-damage|p1a: Latias|127/256 brn\n|\n|-damage|p1a: Latias|111/256 brn|[from] brn\n|upkeep\n|turn|17\n|\n|t:|1732978524\n|move|p1a: Latias|Recover|p1a: Latias\n|-heal|p1a: Latias|239/256 brn\n|move|p2a: Arceus|Recover|p2a: Arceus\n|-heal|p2a: Arceus|263/295\n|\n|-damage|p1a: Latias|223/256 brn|[from] brn\n|upkeep\n|turn|18\n|\n|t:|1732978535\n|move|p1a: Latias|Calm Mind|p1a: Latias\n|-boost|p1a: Latias|spa|1\n|-boost|p1a: Latias|spd|1\n|move|p2a: Arceus|Calm Mind|p2a: Arceus\n|-boost|p2a: Arceus|spa|1\n|-boost|p2a: Arceus|spd|1\n|\n|-damage|p1a: Latias|207/256 brn|[from] brn\n|upkeep\n|turn|19\n|\n|t:|1732978551\n|move|p1a: Latias|Calm Mind|p1a: Latias\n|-boost|p1a: Latias|spa|1\n|-boost|p1a: Latias|spd|1\n|move|p2a: Arceus|Calm Mind|p2a: Arceus\n|-boost|p2a: Arceus|spa|1\n|-boost|p2a: Arceus|spd|1\n|\n|-damage|p1a: Latias|191/256 brn|[from] brn\n|upkeep\n|turn|20\n|\n|t:|1732978561\n|move|p1a: Latias|Calm Mind|p1a: Latias\n|-boost|p1a: Latias|spa|1\n|-boost|p1a: Latias|spd|1\n|move|p2a: Arceus|Calm Mind|p2a: Arceus\n|-boost|p2a: Arceus|spa|1\n|-boost|p2a: Arceus|spd|1\n|\n|-damage|p1a: Latias|175/256 brn|[from] brn\n|upkeep\n|turn|21\n|\n|t:|1732978570\n|move|p1a: Latias|Calm Mind|p1a: Latias\n|-boost|p1a: Latias|spa|1\n|-boost|p1a: Latias|spd|1\n|move|p2a: Arceus|Calm Mind|p2a: Arceus\n|-boost|p2a: Arceus|spa|1\n|-boost|p2a: Arceus|spd|1\n|\n|-damage|p1a: Latias|159/256 brn|[from] brn\n|upkeep\n|turn|22\n|\n|t:|1732978580\n|move|p1a: Latias|Psyshock|p2a: Arceus\n|-damage|p2a: Arceus|0 fnt\n|faint|p2a: Arceus\n|\n|-damage|p1a: Latias|143/256 brn|[from] brn\n|upkeep\n|\n|t:|1732978583\n|switch|p2a: Chandelure|Chandelure, L83, F|235/235\n|turn|23\n|\n|t:|1732978592\n|move|p2a: Chandelure|Trick|p1a: Latias\n|-activate|p2a: Chandelure|move: Trick|[of] p1a: Latias\n|-item|p1a: Latias|Choice Scarf|[from] move: Trick\n|-item|p2a: Chandelure|Soul Dew|[from] move: Trick\n|move|p1a: Latias|Recover|p1a: Latias\n|-heal|p1a: Latias|256/256 brn\n|\n|-damage|p1a: Latias|240/256 brn|[from] brn\n|upkeep\n|turn|24\n|\n|t:|1732978606\n|switch|p1a: Mightyena|Mightyena, L95, M|287/287\n|-ability|p1a: Mightyena|Intimidate|boost\n|-unboost|p2a: Chandelure|atk|1\n|move|p2a: Chandelure|Fire Blast|p1a: Mightyena\n|-damage|p1a: Mightyena|172/287\n|-status|p1a: Mightyena|brn\n|\n|-damage|p1a: Mightyena|155/287 brn|[from] brn\n|upkeep\n|turn|25\n|\n|t:|1732978619\n|move|p1a: Mightyena|Throat Chop|p2a: Chandelure\n|-supereffective|p2a: Chandelure\n|-damage|p2a: Chandelure|139/235\n|-start|p2a: Chandelure|Throat Chop|[silent]\n|move|p2a: Chandelure|Energy Ball|p1a: Mightyena\n|-damage|p1a: Mightyena|92/287 brn\n|\n|-damage|p1a: Mightyena|75/287 brn|[from] brn\n|upkeep\n|turn|26\n|\n|t:|1732978631\n|move|p1a: Mightyena|Throat Chop|p2a: Chandelure\n|-supereffective|p2a: Chandelure\n|-damage|p2a: Chandelure|36/235\n|move|p2a: Chandelure|Trick|p1a: Mightyena\n|-activate|p2a: Chandelure|move: Trick|[of] p1a: Mightyena\n|-item|p1a: Mightyena|Soul Dew|[from] move: Trick\n|-item|p2a: Chandelure|Assault Vest|[from] move: Trick\n|\n|-damage|p1a: Mightyena|58/287 brn|[from] brn\n|-end|p2a: Chandelure|Throat Chop|[silent]\n|upkeep\n|turn|27\n|\n|t:|1732978641\n|move|p1a: Mightyena|Throat Chop|p2a: Chandelure\n|-supereffective|p2a: Chandelure\n|-damage|p2a: Chandelure|0 fnt\n|faint|p2a: Chandelure\n|\n|win|beemovlite\n|raw|beemovlite's rating: 1457 &rarr; <strong>1475</strong><br />(+18 for winning)\n|raw|krabsolfurretisme's rating: 1427 &rarr; <strong>1409</strong><br />(-18 for losing)\n|c|\u2606krabsolfurretisme|gg\n|c|\u2606beemovlite|Gg\n|l|\u2606beemovlite\n|player|p1|\n", "inputlog": ">version b107d77f5c90bd6555267ae244a6264823309ead\n>start {\"formatid\":\"gen9randombattle\",\"seed\":[42324,7208,53109,6374],\"rated\":\"Rated battle\"}\n>player p1 {\"name\":\"beemovlite\",\"avatar\":\"2\",\"rating\":1457,\"seed\":[51590,24194,10803,40280]}\n>player p2 {\"name\":\"krabsolfurretisme\",\"avatar\":\"gentleman\",\"rating\":1427,\"seed\":[11434,30648,36220,64046]}\n>p1 move nastyplot\n>p2 move flipturn\n>p2 switch 4\n>p1 move psyshock terastallize\n>p2 move judgment\n>p1 move thunderbolt\n>p2 switch 4\n>p2 switch 2\n>p1 move psyshock\n>p2 move trailblaze terastallize\n>p1 move psyshock\n>p2 move facade\n>p2 switch 5\n>p1 move psyshock\n>p2 move vacuumwave\n>p1 switch 5\n>p1 move doubleedge\n>p2 move secretsword\n>p1 switch 2\n>p2 move calmmind\n>p1 move psyshock\n>p2 move vacuumwave\n>p2 switch 3\n>p1 switch 2\n>p2 move shadowball\n>p1 move knockoff\n>p2 switch 6\n>p1 switch 2\n>p2 move thunderbolt\n>p1 move dracometeor\n>p2 move thunderwave\n>p2 switch 6\n>p1 move calmmind\n>p2 move fireblast\n>p1 move recover\n>p2 switch 4\n>p1 move calmmind\n>p2 move judgment\n>p1 move recover\n>p2 move recover\n>p1 move calmmind\n>p2 move calmmind\n>p1 move calmmind\n>p2 move calmmind\n>p1 move calmmind\n>p2 move calmmind\n>p1 move calmmind\n>p2 move calmmind\n>p1 move psyshock\n>p2 move calmmind\n>p2 switch 4\n>p1 move recover\n>p2 move trick\n>p1 switch 4\n>p2 move fireblast\n>p1 move throatchop\n>p2 move energyball\n>p1 move throatchop\n>p2 move trick\n>p1 move throatchop\n>p2 move fireblast", "uploadtime": 1732978656, "views": 1, "formatid": "gen9randombattle", "rating": 1409, "private": 0, "password": null}