{"id": "gen9randombattle-2253896203", "format": "[Gen 9] Random Battle", "players": ["roxasfroslass", "HelloThere748"], "log": "|j|\u2606roxasfroslass\n|j|\u2606HelloThere748\n|t:|1732958689\n|gametype|singles\n|player|p1|roxasfroslass|nate|1124\n|player|p2|HelloThere748|1|1136\n|teamsize|p1|6\n|teamsize|p2|6\n|gen|9\n|tier|[Gen 9] Random Battle\n|rated|\n|rule|Species Clause: Limit one of each Pok\u00e9mon\n|rule|HP Percentage Mod: HP is shown in percentages\n|rule|Sleep Clause Mod: Limit one foe put to sleep\n|rule|Illusion Level Mod: Illusion disguises the Pok\u00e9mon's true level\n|\n|t:|1732958689\n|start\n|switch|p1a: Pikachu|Pikachu-Alola, L93, M|216/216\n|switch|p2a: Flamigo|Flamigo, L82, M|269/269\n|turn|1\n|\n|t:|1732958736\n|switch|p2a: Luxray|Luxray, L88, M|283/283\n|move|p1a: Pikachu|Fake Out|p2a: Luxray\n|-damage|p2a: Luxray|237/283\n|\n|-status|p2a: Luxray|brn|[from] item: Flame Orb\n|upkeep\n|turn|2\n|\n|t:|1732958755\n|switch|p1a: Regigigas|Regigigas, L84|322/322\n|-start|p1a: Regigigas|ability: Slow Start\n|move|p2a: Luxray|Facade|p1a: Regigigas\n|-damage|p1a: Regigigas|172/322\n|\n|-heal|p1a: Regigigas|192/322|[from] item: Leftovers\n|-damage|p2a: Luxray|220/283 brn|[from] brn\n|upkeep\n|turn|3\n|\n|t:|1732958770\n|-terastallize|p2a: Luxray|Normal\n|move|p2a: Luxray|Facade|p1a: Regigigas\n|-damage|p1a: Regigigas|0 fnt\n|faint|p1a: Regigigas\n|-end|p1a: Regigigas|Slow Start|[silent]\n|\n|-damage|p2a: Luxray|203/283 brn|[from] brn\n|upkeep\n|\n|t:|1732958778\n|switch|p1a: Bronzong|Bronzong, L88|261/261\n|turn|4\n|\n|t:|1732958787\n|move|p2a: Luxray|Supercell Slam|p1a: Bronzong\n|-damage|p1a: Bronzong|92/261\n|move|p1a: Bronzong|Iron Defense|p1a: Bronzong\n|-boost|p1a: Bronzong|def|2\n|\n|-heal|p1a: Bronzong|108/261|[from] item: Leftovers\n|-damage|p2a: Luxray|186/283 brn|[from] brn\n|upkeep\n|turn|5\n|\n|t:|1732958797\n|move|p2a: Luxray|Facade|p1a: Bronzong\n|-resisted|p1a: Bronzong\n|-damage|p1a: Bronzong|57/261\n|move|p1a: Bronzong|Body Press|p2a: Luxray\n|-supereffective|p2a: Luxray\n|-damage|p2a: Luxray|0 fnt\n|faint|p2a: Luxray\n|\n|-heal|p1a: Bronzong|73/261|[from] item: Leftovers\n|upkeep\n|\n|t:|1732958818\n|switch|p2a: Flamigo|Flamigo, L82, M|269/269\n|turn|6\n|\n|t:|1732958830\n|move|p2a: Flamigo|Throat Chop|p1a: Bronzong\n|-supereffective|p1a: Bronzong\n|-damage|p1a: Bronzong|23/261\n|-start|p1a: Bronzong|Throat Chop|[silent]\n|cant|p1a: Bronzong|move: Throat Chop\n|\n|-heal|p1a: Bronzong|39/261|[from] item: Leftovers\n|upkeep\n|turn|7\n|\n|t:|1732958842\n|move|p2a: Flamigo|Throat Chop|p1a: Bronzong\n|-supereffective|p1a: Bronzong\n|-damage|p1a: Bronzong|0 fnt\n|faint|p1a: Bronzong\n|\n|upkeep\n|\n|t:|1732958846\n|switch|p1a: Alomomola|Alomomola, L87, M|429/429\n|turn|8\n|\n|t:|1732958857\n|switch|p2a: Milotic|Milotic, L83, F|293/293\n|move|p1a: Alomomola|Scald|p2a: Milotic\n|-resisted|p2a: Milotic\n|-crit|p2a: Milotic\n|-damage|p2a: Milotic|266/293\n|\n|-heal|p2a: Milotic|284/293|[from] item: Leftovers\n|upkeep\n|turn|9\n|\n|t:|1732958870\n|move|p1a: Alomomola|Wish|p1a: Alomomola\n|move|p2a: Milotic|Dragon Tail|p1a: Alomomola\n|-damage|p1a: Alomomola|397/429\n|drag|p1a: Exeggutor|Exeggutor, L89, F|312/312\n|\n|-heal|p2a: Milotic|293/293|[from] item: Leftovers\n|upkeep\n|turn|10\n|\n|t:|1732958879\n|move|p2a: Milotic|Ice Beam|p1a: Exeggutor\n|-supereffective|p1a: Exeggutor\n|-damage|p1a: Exeggutor|174/312\n|-status|p1a: Exeggutor|frz\n|cant|p1a: Exeggutor|frz\n|\n|-heal|p1a: Exeggutor|312/312 frz|[from] move: Wish|[wisher] Alomomola\n|upkeep\n|turn|11\n|-message|roxasfroslass forfeited.\n|\n|win|HelloThere748\n|raw|roxasfroslass's rating: 1124 &rarr; <strong>1100</strong><br />(-24 for losing)\n|raw|HelloThere748's rating: 1136 &rarr; <strong>1160</strong><br />(+24 for winning)\n|l|\u2606roxasfroslass\n|player|p1|\n", "inputlog": ">version b107d77f5c90bd6555267ae244a6264823309ead\n>start {\"formatid\":\"gen9randombattle\",\"seed\":[54355,52911,9760,8656],\"rated\":\"Rated battle\"}\n>player p1 {\"name\":\"roxasfroslass\",\"avatar\":\"nate\",\"rating\":1124,\"seed\":[16941,29142,40760,59139]}\n>player p2 {\"name\":\"HelloThere748\",\"avatar\":\"1\",\"rating\":1136,\"seed\":[13062,58497,34777,33633]}\n>p1 move fakeout\n>p2 switch 3\n>p1 switch 6\n>p2 move facade\n>p1 move bodyslam\n>p2 move facade terastallize\n>p1 switch 3\n>p1 move irondefense\n>p2 move supercellslam\n>p1 move bodypress\n>p2 move facade\n>p2 switch 3\n>p1 move psychicnoise\n>p2 move throatchop\n>p1 move bodypress\n>p2 move throatchop\n>p1 switch 4\n>p1 move scald\n>p2 switch 5\n>p1 move wish\n>p2 move dragontail\n>p1 move gigadrain\n>p2 move icebeam\n>forcelose p1", "uploadtime": 1732958901, "views": 2, "formatid": "gen9randombattle", "rating": 1100, "private": 0, "password": null}