{"id": "gen9randombattle-2254121885", "format": "[Gen 9] Random Battle", "players": ["kisuisousei", "hulinian"], "log": "|j|\u2606kisuisousei\n|j|\u2606hulinian\n|t:|1732993899\n|gametype|singles\n|player|p1|kisuisousei|266|1501\n|player|p2|hulinian|hilbert|1554\n|teamsize|p1|6\n|teamsize|p2|6\n|gen|9\n|tier|[Gen 9] Random Battle\n|rated|\n|rule|Species Clause: Limit one of each Pok\u00e9mon\n|rule|HP Percentage Mod: HP is shown in percentages\n|rule|Sleep Clause Mod: Limit one foe put to sleep\n|rule|Illusion Level Mod: Illusion disguises the Pok\u00e9mon's true level\n|\n|t:|1732993899\n|start\n|switch|p1a: Sunflora|Sunflora, M|312/312\n|switch|p2a: Mudsdale|Mudsdale, L84, F|305/305\n|turn|1\n|inactive|Battle timer is ON: inactive players will automatically lose when time's up. (requested by kisuisousei)\n|\n|t:|1732993907\n|move|p1a: Sunflora|Leaf Storm|p2a: Mudsdale\n|-supereffective|p2a: Mudsdale\n|-damage|p2a: Mudsdale|0 fnt\n|-unboost|p1a: Sunflora|spa|2\n|faint|p2a: Mudsdale\n|\n|upkeep\n|\n|t:|1732993919\n|switch|p2a: Garchomp|Garchomp, L74, F|282/282\n|turn|2\n|\n|t:|1732993932\n|switch|p1a: Brambleghast|Brambleghast, L88, M|240/240\n|move|p2a: Garchomp|Swords Dance|p2a: Garchomp\n|-boost|p2a: Garchomp|atk|2\n|\n|upkeep\n|turn|3\n|\n|t:|1732993954\n|move|p1a: Brambleghast|Poltergeist|p2a: Garchomp\n|-activate|p2a: Garchomp|move: Poltergeist|Loaded Dice\n|-damage|p2a: Garchomp|125/282\n|move|p2a: Garchomp|Scale Shot|p1a: Brambleghast\n|-damage|p1a: Brambleghast|185/240\n|-damage|p1a: Brambleghast|128/240\n|-damage|p1a: Brambleghast|67/240\n|-damage|p1a: Brambleghast|4/240\n|-damage|p1a: Brambleghast|0 fnt\n|faint|p1a: Brambleghast\n|-hitcount|p1: Brambleghast|5\n|-unboost|p2a: Garchomp|def|1\n|-boost|p2a: Garchomp|spe|1\n|\n|upkeep\n|inactive|kisuisousei has 120 seconds left.\n|\n|t:|1732993977\n|switch|p1a: Garganacl|Garganacl, L80, F|291/291\n|turn|4\n|inactive|kisuisousei has 120 seconds left.\n|\n|t:|1732993993\n|move|p2a: Garchomp|Scale Shot|p1a: Garganacl\n|-damage|p1a: Garganacl|251/291\n|-crit|p1a: Garganacl\n|-damage|p1a: Garganacl|191/291\n|-damage|p1a: Garganacl|148/291\n|-damage|p1a: Garganacl|108/291\n|-crit|p1a: Garganacl\n|-damage|p1a: Garganacl|50/291\n|-hitcount|p1a: Garganacl|5\n|-unboost|p2a: Garchomp|def|1\n|-boost|p2a: Garchomp|spe|1\n|move|p1a: Garganacl|Salt Cure|p2a: Garchomp\n|-resisted|p2a: Garchomp\n|-damage|p2a: Garchomp|82/282\n|-start|p2a: Garchomp|Salt Cure\n|\n|-heal|p1a: Garganacl|68/291|[from] item: Leftovers\n|-damage|p2a: Garchomp|47/282|[from] Salt Cure\n|upkeep\n|turn|5\n|inactive|kisuisousei has 120 seconds left.\n|\n|t:|1732994016\n|switch|p2a: Regieleki|Regieleki, L79|256/256\n|move|p1a: Garganacl|Recover|p1a: Garganacl\n|-heal|p1a: Garganacl|214/291\n|\n|-heal|p1a: Garganacl|232/291|[from] item: Leftovers\n|upkeep\n|turn|6\n|inactive|kisuisousei has 120 seconds left.\n|\n|t:|1732994028\n|move|p2a: Regieleki|Thunderbolt|p1a: Garganacl\n|-damage|p1a: Garganacl|88/291\n|move|p1a: Garganacl|Salt Cure|p2a: Regieleki\n|-damage|p2a: Regieleki|190/256\n|-start|p2a: Regieleki|Salt Cure\n|\n|-heal|p1a: Garganacl|106/291|[from] item: Leftovers\n|-damage|p2a: Regieleki|158/256|[from] Salt Cure\n|upkeep\n|turn|7\n|\n|t:|1732994037\n|switch|p1a: Golurk|Golurk, L87|297/297\n|move|p2a: Regieleki|Volt Switch|p1a: Golurk\n|-immune|p1a: Golurk\n|\n|-damage|p2a: Regieleki|126/256|[from] Salt Cure\n|upkeep\n|turn|8\n|inactive|kisuisousei has 120 seconds left.\n|\n|t:|1732994054\n|switch|p2a: Talonflame|Talonflame, L84, M|268/268\n|move|p1a: Golurk|Dynamic Punch|p2a: Talonflame\n|-resisted|p2a: Talonflame\n|-damage|p2a: Talonflame|183/268\n|-start|p2a: Talonflame|confusion\n|\n|upkeep\n|turn|9\n|inactive|kisuisousei has 120 seconds left.\n|\n|t:|1732994076\n|switch|p1a: Garganacl|Garganacl, L80, F|106/291\n|-activate|p2a: Talonflame|confusion\n|move|p2a: Talonflame|Overheat|p1a: Garganacl\n|-resisted|p1a: Garganacl\n|-damage|p1a: Garganacl|45/291\n|-unboost|p2a: Talonflame|spa|2\n|\n|-heal|p1a: Garganacl|63/291|[from] item: Leftovers\n|upkeep\n|turn|10\n|\n|t:|1732994088\n|switch|p2a: Garchomp|Garchomp, L74, F|47/282\n|move|p1a: Garganacl|Recover|p1a: Garganacl\n|-heal|p1a: Garganacl|209/291\n|\n|-heal|p1a: Garganacl|227/291|[from] item: Leftovers\n|upkeep\n|turn|11\n|inactive|kisuisousei has 120 seconds left.\n|\n|t:|1732994097\n|move|p2a: Garchomp|Earthquake|p1a: Garganacl\n|-supereffective|p1a: Garganacl\n|-damage|p1a: Garganacl|59/291\n|move|p1a: Garganacl|Salt Cure|p2a: Garchomp\n|-resisted|p2a: Garchomp\n|-damage|p2a: Garchomp|24/282\n|-start|p2a: Garchomp|Salt Cure\n|\n|-heal|p1a: Garganacl|77/291|[from] item: Leftovers\n|-damage|p2a: Garchomp|0 fnt|[from] Salt Cure\n|faint|p2a: Garchomp\n|upkeep\n|\n|t:|1732994102\n|switch|p2a: Pincurchin|Pincurchin, F|258/258\n|-fieldstart|move: Electric Terrain|[from] ability: Electric Surge|[of] p2a: Pincurchin\n|turn|12\n|\n|t:|1732994108\n|switch|p1a: Golurk|Golurk, L87|297/297\n|move|p2a: Pincurchin|Liquidation|p1a: Golurk\n|-supereffective|p1a: Golurk\n|-damage|p1a: Golurk|123/297\n|\n|upkeep\n|turn|13\n|\n|t:|1732994123\n|switch|p2a: Talonflame|Talonflame, L84, M|183/268\n|move|p1a: Golurk|Earthquake|p2a: Talonflame\n|-immune|p2a: Talonflame\n|\n|upkeep\n|turn|14\n|\n|t:|1732994131\n|switch|p1a: Garganacl|Garganacl, L80, F|77/291\n|move|p2a: Talonflame|Overheat|p1a: Garganacl\n|-resisted|p1a: Garganacl\n|-damage|p1a: Garganacl|22/291\n|-unboost|p2a: Talonflame|spa|2\n|\n|-heal|p1a: Garganacl|40/291|[from] item: Leftovers\n|upkeep\n|turn|15\n|\n|t:|1732994139\n|switch|p2a: Regieleki|Regieleki, L79|126/256\n|move|p1a: Garganacl|Recover|p1a: Garganacl\n|-heal|p1a: Garganacl|186/291\n|\n|-heal|p1a: Garganacl|204/291|[from] item: Leftovers\n|upkeep\n|turn|16\n|\n|t:|1732994146\n|move|p2a: Regieleki|Thunderbolt|p1a: Garganacl\n|-damage|p1a: Garganacl|14/291\n|move|p1a: Garganacl|Salt Cure|p2a: Regieleki\n|-crit|p2a: Regieleki\n|-damage|p2a: Regieleki|29/256\n|-start|p2a: Regieleki|Salt Cure\n|\n|-heal|p1a: Garganacl|32/291|[from] item: Leftovers\n|-damage|p2a: Regieleki|0 fnt|[from] Salt Cure\n|faint|p2a: Regieleki\n|-fieldend|move: Electric Terrain\n|upkeep\n|\n|t:|1732994163\n|switch|p2a: Talonflame|Talonflame, L84, M|183/268\n|turn|17\n|\n|t:|1732994168\n|switch|p1a: Golurk|Golurk, L87|123/297\n|move|p2a: Talonflame|Brave Bird|p1a: Golurk\n|-damage|p1a: Golurk|3/297\n|-damage|p2a: Talonflame|143/268|[from] Recoil\n|\n|upkeep\n|turn|18\n|\n|t:|1732994179\n|move|p2a: Talonflame|Brave Bird|p1a: Golurk\n|-damage|p1a: Golurk|0 fnt\n|faint|p1a: Golurk\n|-damage|p2a: Talonflame|142/268|[from] Recoil\n|\n|upkeep\n|\n|t:|1732994190\n|switch|p1a: Snorlax|Snorlax, L82, F|397/397\n|turn|19\n|\n|t:|1732994196\n|move|p2a: Talonflame|Will-O-Wisp|p1a: Snorlax\n|-status|p1a: Snorlax|brn\n|move|p1a: Snorlax|Curse|p1a: Snorlax\n|-unboost|p1a: Snorlax|spe|1\n|-boost|p1a: Snorlax|atk|1\n|-boost|p1a: Snorlax|def|1\n|\n|-damage|p1a: Snorlax|373/397 brn|[from] brn\n|upkeep\n|turn|20\n|\n|t:|1732994201\n|move|p2a: Talonflame|Roost|p2a: Talonflame\n|-heal|p2a: Talonflame|268/268\n|-singleturn|p2a: Talonflame|move: Roost\n|move|p1a: Snorlax|Curse|p1a: Snorlax\n|-unboost|p1a: Snorlax|spe|1\n|-boost|p1a: Snorlax|atk|1\n|-boost|p1a: Snorlax|def|1\n|\n|-heal|p1a: Snorlax|397/397 brn|[from] item: Leftovers\n|-damage|p1a: Snorlax|373/397 brn|[from] brn\n|upkeep\n|turn|21\n|\n|t:|1732994211\n|switch|p2a: Pincurchin|Pincurchin, F|258/258\n|-fieldstart|move: Electric Terrain|[from] ability: Electric Surge|[of] p2a: Pincurchin\n|move|p1a: Snorlax|Curse|p1a: Snorlax\n|-unboost|p1a: Snorlax|spe|1\n|-boost|p1a: Snorlax|atk|1\n|-boost|p1a: Snorlax|def|1\n|\n|-heal|p1a: Snorlax|397/397 brn|[from] item: Leftovers\n|-damage|p1a: Snorlax|373/397 brn|[from] brn\n|upkeep\n|turn|22\n|\n|t:|1732994225\n|move|p2a: Pincurchin|Curse|p2a: Pincurchin\n|-unboost|p2a: Pincurchin|spe|1\n|-boost|p2a: Pincurchin|atk|1\n|-boost|p2a: Pincurchin|def|1\n|move|p1a: Snorlax|Body Slam|p2a: Pincurchin\n|-damage|p2a: Pincurchin|194/258\n|\n|-heal|p2a: Pincurchin|210/258|[from] item: Leftovers\n|-heal|p1a: Snorlax|397/397 brn|[from] item: Leftovers\n|-damage|p1a: Snorlax|373/397 brn|[from] brn\n|upkeep\n|turn|23\n|\n|t:|1732994230\n|move|p2a: Pincurchin|Curse|p2a: Pincurchin\n|-unboost|p2a: Pincurchin|spe|1\n|-boost|p2a: Pincurchin|atk|1\n|-boost|p2a: Pincurchin|def|1\n|move|p1a: Snorlax|Curse|p1a: Snorlax\n|-unboost|p1a: Snorlax|spe|1\n|-boost|p1a: Snorlax|atk|1\n|-boost|p1a: Snorlax|def|1\n|\n|-heal|p2a: Pincurchin|226/258|[from] item: Leftovers\n|-heal|p1a: Snorlax|397/397 brn|[from] item: Leftovers\n|-damage|p1a: Snorlax|373/397 brn|[from] brn\n|upkeep\n|turn|24\n|\n|t:|1732994237\n|move|p2a: Pincurchin|Curse|p2a: Pincurchin\n|-unboost|p2a: Pincurchin|spe|1\n|-boost|p2a: Pincurchin|atk|1\n|-boost|p2a: Pincurchin|def|1\n|move|p1a: Snorlax|Curse|p1a: Snorlax\n|-unboost|p1a: Snorlax|spe|1\n|-boost|p1a: Snorlax|atk|1\n|-boost|p1a: Snorlax|def|1\n|\n|-heal|p2a: Pincurchin|242/258|[from] item: Leftovers\n|-heal|p1a: Snorlax|397/397 brn|[from] item: Leftovers\n|-damage|p1a: Snorlax|373/397 brn|[from] brn\n|upkeep\n|turn|25\n|\n|t:|1732994248\n|move|p2a: Pincurchin|Zing Zap|p1a: Snorlax\n|-damage|p1a: Snorlax|231/397 brn\n|move|p1a: Snorlax|Curse|p1a: Snorlax\n|-unboost|p1a: Snorlax|spe|1\n|-boost|p1a: Snorlax|atk|1\n|-boost|p1a: Snorlax|def|1\n|\n|-heal|p2a: Pincurchin|258/258|[from] item: Leftovers\n|-heal|p1a: Snorlax|255/397 brn|[from] item: Leftovers\n|-damage|p1a: Snorlax|231/397 brn|[from] brn\n|-fieldend|move: Electric Terrain\n|upkeep\n|turn|26\n|\n|t:|1732994257\n|move|p2a: Pincurchin|Curse|p2a: Pincurchin\n|-unboost|p2a: Pincurchin|spe|1\n|-boost|p2a: Pincurchin|atk|1\n|-boost|p2a: Pincurchin|def|1\n|move|p1a: Snorlax|Body Slam|p2a: Pincurchin\n|-damage|p2a: Pincurchin|207/258\n|\n|-heal|p2a: Pincurchin|223/258|[from] item: Leftovers\n|-heal|p1a: Snorlax|255/397 brn|[from] item: Leftovers\n|-damage|p1a: Snorlax|231/397 brn|[from] brn\n|upkeep\n|turn|27\n|\n|t:|1732994267\n|move|p2a: Pincurchin|Curse|p2a: Pincurchin\n|-unboost|p2a: Pincurchin|spe|1\n|-boost|p2a: Pincurchin|atk|1\n|-boost|p2a: Pincurchin|def|1\n|move|p1a: Snorlax|Body Slam|p2a: Pincurchin\n|-damage|p2a: Pincurchin|178/258\n|\n|-heal|p1a: Snorlax|255/397 brn|[from] item: Leftovers\n|-heal|p2a: Pincurchin|194/258|[from] item: Leftovers\n|-damage|p1a: Snorlax|231/397 brn|[from] brn\n|upkeep\n|turn|28\n|\n|t:|1732994272\n|move|p1a: Snorlax|Body Slam|p2a: Pincurchin\n|-damage|p2a: Pincurchin|149/258\n|move|p2a: Pincurchin|Curse|p2a: Pincurchin\n|-unboost|p2a: Pincurchin|spe|1\n|-boost|p2a: Pincurchin|atk|1\n|-boost|p2a: Pincurchin|def|1\n|\n|-heal|p1a: Snorlax|255/397 brn|[from] item: Leftovers\n|-heal|p2a: Pincurchin|165/258|[from] item: Leftovers\n|-damage|p1a: Snorlax|231/397 brn|[from] brn\n|upkeep\n|turn|29\n|\n|t:|1732994276\n|move|p1a: Snorlax|Body Slam|p2a: Pincurchin\n|-damage|p2a: Pincurchin|129/258\n|move|p2a: Pincurchin|Recover|p2a: Pincurchin\n|-heal|p2a: Pincurchin|258/258\n|\n|-heal|p1a: Snorlax|255/397 brn|[from] item: Leftovers\n|-damage|p1a: Snorlax|231/397 brn|[from] brn\n|upkeep\n|turn|30\n|\n|t:|1732994281\n|move|p1a: Snorlax|Body Slam|p2a: Pincurchin\n|-damage|p2a: Pincurchin|217/258\n|move|p2a: Pincurchin|Zing Zap|p1a: Snorlax\n|-damage|p1a: Snorlax|66/397 brn\n|\n|-heal|p1a: Snorlax|90/397 brn|[from] item: Leftovers\n|-heal|p2a: Pincurchin|233/258|[from] item: Leftovers\n|-damage|p1a: Snorlax|66/397 brn|[from] brn\n|upkeep\n|turn|31\n|\n|t:|1732994288\n|move|p1a: Snorlax|Rest|p1a: Snorlax\n|-status|p1a: Snorlax|slp|[from] move: Rest\n|-heal|p1a: Snorlax|397/397 slp|[silent]\n|move|p2a: Pincurchin|Zing Zap|p1a: Snorlax\n|-damage|p1a: Snorlax|246/397 slp\n|\n|-heal|p1a: Snorlax|270/397 slp|[from] item: Leftovers\n|-heal|p2a: Pincurchin|249/258|[from] item: Leftovers\n|upkeep\n|turn|32\n|\n|t:|1732994293\n|cant|p1a: Snorlax|slp\n|move|p1a: Snorlax|Sleep Talk|p1a: Snorlax\n|move|p1a: Snorlax|Rest||[from]move: Sleep Talk|[still]\n|-fail|p1a: Snorlax\n|move|p2a: Pincurchin|Zing Zap|p1a: Snorlax\n|-damage|p1a: Snorlax|98/397 slp\n|\n|-heal|p1a: Snorlax|122/397 slp|[from] item: Leftovers\n|-heal|p2a: Pincurchin|258/258|[from] item: Leftovers\n|upkeep\n|turn|33\n|\n|t:|1732994299\n|cant|p1a: Snorlax|slp\n|move|p1a: Snorlax|Sleep Talk|p1a: Snorlax\n|move|p1a: Snorlax|Curse|p1a: Snorlax|[from]move: Sleep Talk\n|move|p2a: Pincurchin|Zing Zap|p1a: Snorlax\n|-damage|p1a: Snorlax|0 fnt\n|faint|p1a: Snorlax\n|\n|upkeep\n|\n|t:|1732994318\n|switch|p1a: Sunflora|Sunflora, M|312/312\n|turn|34\n|\n|t:|1732994324\n|move|p1a: Sunflora|Earth Power|p2a: Pincurchin\n|-supereffective|p2a: Pincurchin\n|-damage|p2a: Pincurchin|16/258\n|move|p2a: Pincurchin|Zing Zap|p1a: Sunflora\n|-resisted|p1a: Sunflora\n|-damage|p1a: Sunflora|6/312\n|\n|-heal|p2a: Pincurchin|32/258|[from] item: Leftovers\n|upkeep\n|turn|35\n|\n|t:|1732994336\n|switch|p2a: Talonflame|Talonflame, L84, M|268/268\n|move|p1a: Sunflora|Earth Power|p2a: Talonflame\n|-immune|p2a: Talonflame\n|\n|upkeep\n|turn|36\n|\n|t:|1732994342\n|switch|p1a: Darkrai|Darkrai, L77|234/234\n|move|p2a: Talonflame|Brave Bird|p1a: Darkrai\n|-damage|p1a: Darkrai|105/234\n|-damage|p2a: Talonflame|225/268|[from] Recoil\n|\n|upkeep\n|turn|37\n|\n|t:|1732994349\n|move|p2a: Talonflame|Brave Bird|p1a: Darkrai\n|-damage|p1a: Darkrai|0 fnt\n|faint|p1a: Darkrai\n|-damage|p2a: Talonflame|190/268|[from] Recoil\n|\n|upkeep\n|c|\u2606hulinian|gg\n|\n|t:|1732994354\n|switch|p1a: Garganacl|Garganacl, L80, F|32/291\n|turn|38\n|\n|t:|1732994361\n|move|p2a: Talonflame|Brave Bird|p1a: Garganacl\n|-resisted|p1a: Garganacl\n|-damage|p1a: Garganacl|0 fnt\n|faint|p1a: Garganacl\n|-damage|p2a: Talonflame|179/268|[from] Recoil\n|\n|upkeep\n|\n|t:|1732994364\n|switch|p1a: Sunflora|Sunflora, M|6/312\n|turn|39\n|\n|t:|1732994369\n|move|p2a: Talonflame|Brave Bird|p1a: Sunflora\n|-supereffective|p1a: Sunflora\n|-damage|p1a: Sunflora|0 fnt\n|faint|p1a: Sunflora\n|-damage|p2a: Talonflame|177/268|[from] Recoil\n|\n|win|hulinian\n|raw|kisuisousei's rating: 1501 &rarr; <strong>1484</strong><br />(-17 for losing)\n|raw|hulinian's rating: 1554 &rarr; <strong>1571</strong><br />(+17 for winning)\n", "inputlog": ">version b107d77f5c90bd6555267ae244a6264823309ead\n>start {\"formatid\":\"gen9randombattle\",\"seed\":[56207,45854,31823,26836],\"rated\":\"Rated battle\"}\n>player p1 {\"name\":\"kisuisousei\",\"avatar\":\"266\",\"rating\":1501,\"seed\":[23195,3241,59537,13784]}\n>player p2 {\"name\":\"hulinian\",\"avatar\":\"hilbert\",\"rating\":1554,\"seed\":[62643,31839,14669,49290]}\n>p1 move leafstorm\n>p2 move stealthrock\n>p2 switch 3\n>p1 switch 4\n>p2 move swordsdance\n>p1 move poltergeist\n>p2 move scaleshot\n>p1 switch 5\n>p1 move saltcure\n>p2 move scaleshot\n>p1 move recover\n>p2 switch 2\n>p1 move saltcure\n>p2 move thunderbolt\n>p1 switch 2\n>p2 move voltswitch\n>p1 move dynamicpunch\n>p2 switch 5\n>p1 switch 2\n>p2 move overheat\n>p1 move recover\n>p2 switch 2\n>p1 move saltcure\n>p2 move earthquake\n>p2 switch 4\n>p1 switch 2\n>p2 move liquidation\n>p1 move earthquake\n>p2 switch 2\n>p1 switch 2\n>p2 move overheat\n>p1 move recover\n>p2 switch 5\n>p1 move saltcure\n>p2 move thunderbolt\n>p2 switch 5\n>p1 switch 2\n>p2 move bravebird\n>p1 move stoneedge\n>p2 move bravebird\n>p1 switch 6\n>p1 move curse\n>p2 move willowisp\n>p1 move curse\n>p2 move roost\n>p1 move curse\n>p2 switch 2\n>p1 move bodyslam\n>p2 move curse\n>p1 move curse\n>p2 move curse\n>p1 move curse\n>p2 move curse\n>p1 move curse\n>p2 move zingzap\n>p1 move bodyslam\n>p2 move curse\n>p1 move bodyslam\n>p2 move curse\n>p1 move bodyslam\n>p2 move curse\n>p1 move bodyslam\n>p2 move recover\n>p1 move bodyslam\n>p2 move zingzap\n>p1 move rest\n>p2 move zingzap\n>p1 move sleeptalk\n>p2 move zingzap\n>p1 move sleeptalk\n>p2 move zingzap\n>p1 switch 4\n>p1 move earthpower\n>p2 move zingzap\n>p1 move earthpower\n>p2 switch 2\n>p1 switch 3\n>p2 move bravebird\n>p1 move hypnosis\n>p2 move bravebird\n>chat \u2606hulinian|gg\n>p1 switch 2\n>p1 move recover\n>p2 move bravebird\n>p1 switch 3\n>p1 move sludgebomb\n>p2 move bravebird", "uploadtime": 1732994375, "views": 1, "formatid": "gen9randombattle", "rating": 1484, "private": 0, "password": null}