{"id": "gen9randombattle-2253859566", "format": "[Gen 9] Random Battle", "players": ["CHICKENFOREVER", "bluepillenjoyer"], "log": "|j|\u2606CHICKENFOREVER\n|j|\u2606bluepillenjoyer\n|t:|1732950582\n|gametype|singles\n|player|p1|CHICKENFOREVER|giovanni|\n|player|p2|bluepillenjoyer|101|\n|teamsize|p1|6\n|teamsize|p2|6\n|gen|9\n|tier|[Gen 9] Random Battle\n|rule|Species Clause: Limit one of each Pok\u00e9mon\n|rule|HP Percentage Mod: HP is shown in percentages\n|rule|Sleep Clause Mod: Limit one foe put to sleep\n|rule|Illusion Level Mod: Illusion disguises the Pok\u00e9mon's true level\n|\n|t:|1732950582\n|start\n|switch|p1a: Frosmoth|Frosmoth, L82, M|249/249\n|switch|p2a: Blissey|Blissey, L84, F|566/566\n|turn|1\n|inactive|Battle timer is ON: inactive players will automatically lose when time's up. (requested by CHICKENFOREVER)\n|\n|t:|1732950597\n|move|p1a: Frosmoth|Quiver Dance|p1a: Frosmoth\n|-boost|p1a: Frosmoth|spa|1\n|-boost|p1a: Frosmoth|spd|1\n|-boost|p1a: Frosmoth|spe|1\n|move|p2a: Blissey|Seismic Toss|p1a: Frosmoth\n|-damage|p1a: Frosmoth|165/249\n|\n|upkeep\n|turn|2\n|\n|t:|1732950612\n|-terastallize|p2a: Blissey|Fairy\n|move|p1a: Frosmoth|Ice Beam|p2a: Blissey\n|-damage|p2a: Blissey|457/566\n|move|p2a: Blissey|Thunder Wave|p1a: Frosmoth\n|-status|p1a: Frosmoth|par\n|\n|-heal|p2a: Blissey|492/566|[from] item: Leftovers\n|upkeep\n|turn|3\n|\n|t:|1732950622\n|move|p2a: Blissey|Soft-Boiled|p2a: Blissey\n|-heal|p2a: Blissey|566/566\n|move|p1a: Frosmoth|Bug Buzz|p2a: Blissey\n|-resisted|p2a: Blissey\n|-damage|p2a: Blissey|510/566\n|\n|-heal|p2a: Blissey|545/566|[from] item: Leftovers\n|upkeep\n|turn|4\n|\n|t:|1732950632\n|switch|p1a: Revavroom|Revavroom, L79, F|256/256\n|move|p2a: Blissey|Seismic Toss|p1a: Revavroom\n|-damage|p1a: Revavroom|172/256\n|\n|-heal|p2a: Blissey|566/566|[from] item: Leftovers\n|upkeep\n|turn|5\n|\n|t:|1732950643\n|move|p1a: Revavroom|Gunk Shot|p2a: Blissey\n|-supereffective|p2a: Blissey\n|-damage|p2a: Blissey|0 fnt\n|faint|p2a: Blissey\n|-damage|p1a: Revavroom|147/256|[from] item: Life Orb\n|\n|upkeep\n|\n|t:|1732950650\n|switch|p2a: Rillaboom|Rillaboom, L79, M|288/288\n|-fieldstart|move: Grassy Terrain|[from] ability: Grassy Surge|[of] p2a: Rillaboom\n|turn|6\n|\n|t:|1732950655\n|move|p2a: Rillaboom|Grassy Glide|p1a: Revavroom\n|-resisted|p1a: Revavroom\n|-damage|p1a: Revavroom|115/256\n|move|p1a: Revavroom|Gunk Shot|p2a: Rillaboom\n|-supereffective|p2a: Rillaboom\n|-damage|p2a: Rillaboom|0 fnt\n|faint|p2a: Rillaboom\n|-damage|p1a: Revavroom|90/256|[from] item: Life Orb\n|\n|-heal|p1a: Revavroom|106/256|[from] Grassy Terrain\n|upkeep\n|\n|t:|1732950666\n|switch|p2a: Torterra|Torterra, L78, F|276/276\n|turn|7\n|\n|t:|1732950671\n|move|p1a: Revavroom|Gunk Shot|p2a: Torterra\n|-damage|p2a: Torterra|119/276\n|-damage|p1a: Revavroom|81/256|[from] item: Life Orb\n|move|p2a: Torterra|Headlong Rush|p1a: Revavroom\n|-supereffective|p1a: Revavroom\n|-damage|p1a: Revavroom|0 fnt\n|-unboost|p2a: Torterra|def|1\n|-unboost|p2a: Torterra|spd|1\n|faint|p1a: Revavroom\n|\n|-heal|p2a: Torterra|136/276|[from] Grassy Terrain\n|upkeep\n|\n|t:|1732950676\n|switch|p1a: Cloyster|Cloyster, L80, M|211/211\n|turn|8\n|\n|t:|1732950688\n|move|p1a: Cloyster|Icicle Spear|p2a: Torterra\n|-supereffective|p2a: Torterra\n|-damage|p2a: Torterra|0 fnt\n|faint|p2a: Torterra\n|-hitcount|p2: Torterra|1\n|\n|upkeep\n|\n|t:|1732950698\n|switch|p2a: Bronzong|Bronzong, L88|261/261\n|turn|9\n|\n|t:|1732950718\n|move|p1a: Cloyster|Drill Run|p2a: Bronzong\n|-immune|p2a: Bronzong|[from] ability: Levitate\n|move|p2a: Bronzong|Hypnosis|p1a: Cloyster\n|-status|p1a: Cloyster|slp|[from] move: Hypnosis\n|\n|upkeep\n|turn|10\n|\n|t:|1732950729\n|cant|p1a: Cloyster|slp\n|move|p2a: Bronzong|Iron Head|p1a: Cloyster\n|-damage|p1a: Cloyster|157/211 slp\n|\n|-heal|p1a: Cloyster|170/211 slp|[from] Grassy Terrain\n|-fieldend|move: Grassy Terrain\n|upkeep\n|turn|11\n|\n|t:|1732950741\n|cant|p1a: Cloyster|slp\n|move|p2a: Bronzong|Psychic|p1a: Cloyster\n|-damage|p1a: Cloyster|19/211 slp\n|\n|upkeep\n|turn|12\n|\n|t:|1732950763\n|switch|p1a: Greedent|Greedent, L86, M|347/347\n|move|p2a: Bronzong|Psychic|p1a: Greedent\n|-damage|p1a: Greedent|251/347\n|-unboost|p1a: Greedent|spd|1\n|\n|upkeep\n|turn|13\n|\n|t:|1732950777\n|switch|p2a: Lapras|Lapras, L87, F|368/368\n|move|p1a: Greedent|Knock Off|p2a: Lapras\n|-damage|p2a: Lapras|300/368\n|-enditem|p2a: Lapras|Heavy-Duty Boots|[from] move: Knock Off|[of] p1a: Greedent\n|\n|upkeep\n|turn|14\n|\n|t:|1732950789\n|move|p2a: Lapras|Sparkling Aria|p1a: Greedent\n|-damage|p1a: Greedent|97/347\n|-enditem|p1a: Greedent|Sitrus Berry|[eat]\n|-heal|p1a: Greedent|183/347|[from] item: Sitrus Berry\n|-heal|p1a: Greedent|298/347|[from] ability: Cheek Pouch\n|move|p1a: Greedent|Body Slam|p2a: Lapras\n|-damage|p2a: Lapras|207/368\n|-status|p2a: Lapras|par\n|\n|upkeep\n|turn|15\n|\n|t:|1732950808\n|move|p1a: Greedent|Body Slam|p2a: Lapras\n|-damage|p2a: Lapras|108/368 par\n|move|p2a: Lapras|Rest|p2a: Lapras\n|-status|p2a: Lapras|slp|[from] move: Rest\n|-heal|p2a: Lapras|368/368 slp|[silent]\n|\n|upkeep\n|turn|16\n|\n|t:|1732950816\n|switch|p2a: Bronzong|Bronzong, L88|261/261\n|move|p1a: Greedent|Swords Dance|p1a: Greedent\n|-boost|p1a: Greedent|atk|2\n|\n|upkeep\n|turn|17\n|\n|t:|1732950826\n|move|p2a: Bronzong|Earthquake|p1a: Greedent\n|-damage|p1a: Greedent|229/347\n|move|p1a: Greedent|Body Slam|p2a: Bronzong\n|-resisted|p2a: Bronzong\n|-damage|p2a: Bronzong|186/261\n|\n|-heal|p2a: Bronzong|202/261|[from] item: Leftovers\n|upkeep\n|turn|18\n|\n|t:|1732950836\n|move|p2a: Bronzong|Psychic|p1a: Greedent\n|-damage|p1a: Greedent|81/347\n|move|p1a: Greedent|Knock Off|p2a: Bronzong\n|-supereffective|p2a: Bronzong\n|-damage|p2a: Bronzong|0 fnt\n|-enditem|p2a: Bronzong|Leftovers|[from] move: Knock Off|[of] p1a: Greedent\n|faint|p2a: Bronzong\n|\n|upkeep\n|\n|t:|1732950854\n|switch|p2a: Lapras|Lapras, L87, F|368/368 slp\n|turn|19\n|\n|t:|1732950858\n|cant|p2a: Lapras|slp\n|move|p1a: Greedent|Body Slam|p2a: Lapras\n|-damage|p2a: Lapras|169/368 slp\n|\n|upkeep\n|turn|20\n|\n|t:|1732950864\n|cant|p2a: Lapras|slp\n|move|p1a: Greedent|Body Slam|p2a: Lapras\n|-damage|p2a: Lapras|0 fnt\n|faint|p2a: Lapras\n|\n|upkeep\n|\n|t:|1732950870\n|switch|p2a: Banette|Banette, L93, M|270/270\n|turn|21\n|\n|t:|1732950894\n|move|p2a: Banette|Poltergeist||[still]\n|-fail|p2a: Banette\n|move|p1a: Greedent|Knock Off|p2a: Banette\n|-supereffective|p2a: Banette\n|-damage|p2a: Banette|0 fnt\n|-enditem|p2a: Banette|Life Orb|[from] move: Knock Off|[of] p1a: Greedent\n|faint|p2a: Banette\n|\n|win|CHICKENFOREVER\n", "inputlog": ">version b107d77f5c90bd6555267ae244a6264823309ead\n>start {\"formatid\":\"gen9randombattle\",\"seed\":[34329,22617,25729,43166]}\n>player p1 {\"name\":\"CHICKENFOREVER\",\"avatar\":\"giovanni\",\"rating\":0,\"seed\":[4157,18811,54558,42640]}\n>player p2 {\"name\":\"bluepillenjoyer\",\"avatar\":\"101\",\"rating\":0,\"seed\":[32720,1374,65434,3416]}\n>p1 move quiverdance\n>p2 move seismictoss\n>p1 move icebeam\n>p2 move thunderwave terastallize\n>p1 move bugbuzz\n>p2 move softboiled\n>p1 switch 2\n>p2 move seismictoss\n>p1 move gunkshot\n>p2 move thunderwave\n>p2 switch 5\n>p1 move gunkshot\n>p2 move grassyglide\n>p2 switch 3\n>p1 move gunkshot\n>p2 move headlongrush\n>p1 switch 4\n>p1 move iciclespear\n>p2 move bulletseed\n>p2 switch 6\n>p1 move drillrun\n>p2 move hypnosis\n>p1 move shellsmash\n>p2 move ironhead\n>p1 move shellsmash\n>p2 move psychic\n>p1 switch 3\n>p2 move psychic\n>p1 move knockoff\n>p2 switch 4\n>p1 move bodyslam\n>p2 move sparklingaria\n>p1 move bodyslam\n>p2 move rest\n>p1 move swordsdance\n>p2 switch 4\n>p1 move bodyslam\n>p2 move earthquake\n>p1 move knockoff\n>p2 move psychic\n>p2 switch 4\n>p1 move bodyslam\n>p2 move sparklingaria\n>p1 move bodyslam\n>p2 move rest\n>p2 switch 2\n>p1 move knockoff\n>p2 move poltergeist", "uploadtime": 1732950905, "views": 4, "formatid": "gen9randombattle", "rating": null, "private": 0, "password": null}