{"id": "gen9randombattle-2253910692", "format": "[Gen 9] Random Battle", "players": ["softbot", "Tankbuster627"], "log": "|j|\u2606softbot\n|j|\u2606Tankbuster627\n|t:|1732961907\n|gametype|singles\n|player|p1|softbot|lorelei-gen1rb|1579\n|player|p2|Tankbuster627|265|1582\n|teamsize|p1|6\n|teamsize|p2|6\n|gen|9\n|tier|[Gen 9] Random Battle\n|rated|\n|rule|Species Clause: Limit one of each Pok\u00e9mon\n|rule|HP Percentage Mod: HP is shown in percentages\n|rule|Sleep Clause Mod: Limit one foe put to sleep\n|rule|Illusion Level Mod: Illusion disguises the Pok\u00e9mon's true level\n|\n|t:|1732961907\n|start\n|switch|p1a: Wo-Chien|Wo-Chien, L83|277/277\n|switch|p2a: Basculegion|Basculegion, L81, M|327/327\n|-ability|p1a: Wo-Chien|Tablets of Ruin\n|turn|1\n|inactive|Battle timer is ON: inactive players will automatically lose when time's up. (requested by softbot)\n|inactive|Tankbuster627 has 120 seconds left.\n|\n|t:|1732961945\n|move|p2a: Basculegion|Flip Turn|p1a: Wo-Chien\n|-resisted|p1a: Wo-Chien\n|-damage|p1a: Wo-Chien|244/277\n|\n|t:|1732961958\n|switch|p2a: Charizard|Charizard, L85, M|271/271|[from] Flip Turn\n|move|p1a: Wo-Chien|Knock Off|p2a: Charizard\n|-damage|p2a: Charizard|177/271\n|-enditem|p2a: Charizard|Heavy-Duty Boots|[from] move: Knock Off|[of] p1a: Wo-Chien\n|\n|-heal|p1a: Wo-Chien|261/277|[from] item: Leftovers\n|upkeep\n|turn|2\n|\n|t:|1732961972\n|move|p1a: Wo-Chien|Protect|p1a: Wo-Chien\n|-singleturn|p1a: Wo-Chien|Protect\n|move|p2a: Charizard|Hurricane|p1a: Wo-Chien\n|-activate|p1a: Wo-Chien|move: Protect\n|\n|-heal|p1a: Wo-Chien|277/277|[from] item: Leftovers\n|upkeep\n|turn|3\n|\n|t:|1732961988\n|switch|p1a: Gyarados|Gyarados, L79, M|280/280\n|-ability|p1a: Gyarados|Intimidate|boost\n|-unboost|p2a: Charizard|atk|1\n|move|p2a: Charizard|Flamethrower|p1a: Gyarados\n|-resisted|p1a: Gyarados\n|-crit|p1a: Gyarados\n|-damage|p1a: Gyarados|197/280\n|\n|upkeep\n|turn|4\n|\n|t:|1732962004\n|switch|p2a: Hatterene|Hatterene, L85, F|236/236\n|move|p1a: Gyarados|Dragon Dance|p1a: Gyarados\n|-boost|p1a: Gyarados|atk|1\n|-boost|p1a: Gyarados|spe|1\n|\n|upkeep\n|turn|5\n|\n|t:|1732962010\n|move|p1a: Gyarados|Waterfall|p2a: Hatterene\n|-damage|p2a: Hatterene|107/236\n|move|p2a: Hatterene|Nuzzle|p1a: Gyarados\n|-supereffective|p1a: Gyarados\n|-damage|p1a: Gyarados|129/280\n|-status|p1a: Gyarados|par\n|\n|upkeep\n|turn|6\n|\n|t:|1732962016\n|move|p1a: Gyarados|Waterfall|p2a: Hatterene\n|-damage|p2a: Hatterene|0 fnt\n|faint|p2a: Hatterene\n|\n|upkeep\n|\n|t:|1732962022\n|switch|p2a: Tauros|Tauros, L82, M|257/257\n|turn|7\n|\n|t:|1732962031\n|move|p2a: Tauros|Body Slam|p1a: Gyarados\n|-damage|p1a: Gyarados|0 fnt\n|faint|p1a: Gyarados\n|\n|upkeep\n|\n|t:|1732962036\n|switch|p1a: Wo-Chien|Wo-Chien, L83|277/277\n|-ability|p1a: Wo-Chien|Tablets of Ruin\n|turn|8\n|\n|t:|1732962044\n|move|p2a: Tauros|Body Slam|p1a: Wo-Chien\n|-damage|p1a: Wo-Chien|168/277\n|move|p1a: Wo-Chien|Leech Seed|p2a: Tauros\n|-start|p2a: Tauros|move: Leech Seed\n|\n|-heal|p1a: Wo-Chien|185/277|[from] item: Leftovers\n|-damage|p2a: Tauros|225/257|[from] Leech Seed|[of] p1a: Wo-Chien\n|-heal|p1a: Wo-Chien|217/277|[silent]\n|upkeep\n|turn|9\n|\n|t:|1732962055\n|switch|p2a: Charizard|Charizard, L85, M|177/271\n|move|p1a: Wo-Chien|Ruination|p2a: Charizard|[miss]\n|-miss|p1a: Wo-Chien|p2a: Charizard\n|\n|-heal|p1a: Wo-Chien|234/277|[from] item: Leftovers\n|upkeep\n|turn|10\n|\n|t:|1732962065\n|switch|p1a: Magmortar|Magmortar, L88, F|275/275\n|move|p2a: Charizard|Hurricane|p1a: Magmortar|[miss]\n|-miss|p2a: Charizard|p1a: Magmortar\n|\n|upkeep\n|turn|11\n|\n|t:|1732962072\n|move|p2a: Charizard|Earthquake|p1a: Magmortar\n|-supereffective|p1a: Magmortar\n|-damage|p1a: Magmortar|115/275\n|move|p1a: Magmortar|Thunderbolt|p2a: Charizard\n|-supereffective|p2a: Charizard\n|-damage|p2a: Charizard|11/271\n|\n|upkeep\n|turn|12\n|\n|t:|1732962082\n|move|p2a: Charizard|Earthquake|p1a: Magmortar\n|-supereffective|p1a: Magmortar\n|-damage|p1a: Magmortar|0 fnt\n|faint|p1a: Magmortar\n|\n|upkeep\n|\n|t:|1732962087\n|switch|p1a: Dugtrio|Dugtrio-Alola, L84, M|196/196\n|turn|13\n|\n|t:|1732962093\n|move|p1a: Dugtrio|Iron Head|p2a: Charizard\n|-resisted|p2a: Charizard\n|-damage|p2a: Charizard|0 fnt\n|faint|p2a: Charizard\n|-damage|p1a: Dugtrio|177/196|[from] item: Life Orb\n|\n|upkeep\n|\n|t:|1732962102\n|switch|p2a: Tauros|Tauros, L82, M|225/257\n|turn|14\n|\n|t:|1732962106\n|move|p1a: Dugtrio|Earthquake|p2a: Tauros\n|-damage|p2a: Tauros|79/257\n|-damage|p1a: Dugtrio|158/196|[from] item: Life Orb\n|move|p2a: Tauros|Close Combat|p1a: Dugtrio\n|-supereffective|p1a: Dugtrio\n|-damage|p1a: Dugtrio|0 fnt\n|-unboost|p2a: Tauros|def|1\n|-unboost|p2a: Tauros|spd|1\n|-ability|p1a: Dugtrio|Tangling Hair\n|-unboost|p2a: Tauros|spe|1\n|faint|p1a: Dugtrio\n|-damage|p2a: Tauros|54/257|[from] item: Life Orb\n|\n|upkeep\n|\n|t:|1732962122\n|switch|p1a: Ampharos|Ampharos, L88, M|302/302\n|turn|15\n|\n|t:|1732962141\n|move|p2a: Tauros|Body Slam|p1a: Ampharos\n|-damage|p1a: Ampharos|160/302\n|move|p1a: Ampharos|Thunderbolt|p2a: Tauros\n|-damage|p2a: Tauros|0 fnt\n|faint|p2a: Tauros\n|\n|upkeep\n|\n|t:|1732962149\n|switch|p2a: Klawf|Klawf, L90, F|272/272\n|turn|16\n|\n|t:|1732962158\n|move|p2a: Klawf|High Horsepower|p1a: Ampharos\n|-supereffective|p1a: Ampharos\n|-damage|p1a: Ampharos|6/302\n|move|p1a: Ampharos|Focus Blast|p2a: Klawf|[miss]\n|-miss|p1a: Ampharos|p2a: Klawf\n|\n|upkeep\n|turn|17\n|\n|t:|1732962167\n|switch|p1a: Wo-Chien|Wo-Chien, L83|234/277\n|-ability|p1a: Wo-Chien|Tablets of Ruin\n|move|p2a: Klawf|Knock Off|p1a: Wo-Chien\n|-resisted|p1a: Wo-Chien\n|-damage|p1a: Wo-Chien|206/277\n|-enditem|p1a: Wo-Chien|Leftovers|[from] move: Knock Off|[of] p2a: Klawf\n|\n|upkeep\n|turn|18\n|\n|t:|1732962178\n|move|p2a: Klawf|Stone Edge|p1a: Wo-Chien\n|-damage|p1a: Wo-Chien|112/277\n|move|p1a: Wo-Chien|Leech Seed|p2a: Klawf\n|-start|p2a: Klawf|move: Leech Seed\n|\n|-damage|p2a: Klawf|238/272|[from] Leech Seed|[of] p1a: Wo-Chien\n|-heal|p1a: Wo-Chien|146/277|[silent]\n|upkeep\n|turn|19\n|\n|t:|1732962186\n|switch|p2a: Snorlax|Snorlax, L82, M|397/397\n|move|p1a: Wo-Chien|Ruination|p2a: Snorlax\n|-damage|p2a: Snorlax|199/397\n|\n|upkeep\n|turn|20\n|\n|t:|1732962194\n|move|p1a: Wo-Chien|Leech Seed|p2a: Snorlax\n|-start|p2a: Snorlax|move: Leech Seed\n|move|p2a: Snorlax|Body Slam|p1a: Wo-Chien\n|-damage|p1a: Wo-Chien|82/277\n|-status|p1a: Wo-Chien|par\n|\n|-damage|p2a: Snorlax|150/397|[from] Leech Seed|[of] p1a: Wo-Chien\n|-heal|p1a: Wo-Chien|131/277 par|[silent]\n|upkeep\n|turn|21\n|\n|t:|1732962206\n|switch|p2a: Klawf|Klawf, L90, F|238/272\n|move|p1a: Wo-Chien|Protect||[still]\n|-fail|p1a: Wo-Chien\n|\n|upkeep\n|turn|22\n|\n|t:|1732962214\n|move|p2a: Klawf|Stone Edge|p1a: Wo-Chien\n|-damage|p1a: Wo-Chien|41/277 par\n|cant|p1a: Wo-Chien|par\n|\n|upkeep\n|turn|23\n|\n|t:|1732962219\n|switch|p1a: Houndstone|Houndstone, L86, M|264/264\n|move|p2a: Klawf|Stone Edge|p1a: Houndstone\n|-crit|p1a: Houndstone\n|-damage|p1a: Houndstone|90/264\n|\n|upkeep\n|turn|24\n|\n|t:|1732962227\n|move|p2a: Klawf|Knock Off|p1a: Houndstone\n|-supereffective|p1a: Houndstone\n|-damage|p1a: Houndstone|15/264\n|-enditem|p1a: Houndstone|Assault Vest|[from] move: Knock Off|[of] p2a: Klawf\n|move|p1a: Houndstone|Body Press|p2a: Klawf\n|-supereffective|p2a: Klawf\n|-damage|p2a: Klawf|152/272\n|\n|upkeep\n|turn|25\n|\n|t:|1732962234\n|move|p2a: Klawf|Knock Off|p1a: Houndstone\n|-supereffective|p1a: Houndstone\n|-damage|p1a: Houndstone|0 fnt\n|faint|p1a: Houndstone\n|\n|upkeep\n|-message|softbot forfeited.\n|\n|win|Tankbuster627\n|raw|softbot's rating: 1579 &rarr; <strong>1559</strong><br />(-20 for losing)\n|raw|Tankbuster627's rating: 1582 &rarr; <strong>1602</strong><br />(+20 for winning)\n|l|\u2606softbot\n|player|p1|\n", "inputlog": ">version b107d77f5c90bd6555267ae244a6264823309ead\n>start {\"formatid\":\"gen9randombattle\",\"seed\":[22495,48773,30934,55161],\"rated\":\"Rated battle\"}\n>player p1 {\"name\":\"softbot\",\"avatar\":\"lorelei-gen1rb\",\"rating\":1579,\"seed\":[40563,43619,50050,49104]}\n>player p2 {\"name\":\"Tankbuster627\",\"avatar\":\"265\",\"rating\":1582,\"seed\":[51190,12431,49609,42442]}\n>p1 move knockoff\n>p2 move flipturn\n>p2 switch 3\n>p1 move protect\n>p2 move hurricane\n>p1 switch 5\n>p2 move flamethrower\n>p1 move dragondance\n>p2 switch 6\n>p1 move waterfall\n>p2 move nuzzle\n>p1 move waterfall\n>p2 move drainingkiss\n>p2 switch 2\n>p1 move waterfall\n>p2 move bodyslam\n>p1 switch 5\n>p1 move leechseed\n>p2 move bodyslam\n>p1 move ruination\n>p2 switch 6\n>p1 switch 3\n>p2 move hurricane\n>p1 move thunderbolt\n>p2 move earthquake\n>p1 move thunderbolt\n>p2 move earthquake\n>p1 switch 4\n>p1 move ironhead\n>p2 move flamethrower\n>p2 switch 6\n>p1 move earthquake\n>p2 move closecombat\n>p1 switch 6\n>p1 move thunderbolt\n>p2 move bodyslam\n>p2 switch 5\n>p1 move focusblast\n>p2 move highhorsepower\n>p1 switch 3\n>p2 move knockoff\n>p1 move leechseed\n>p2 move stoneedge\n>p1 move ruination\n>p2 switch 4\n>p1 move leechseed\n>p2 move bodyslam\n>p1 move protect\n>p2 switch 4\n>p1 move leechseed\n>p2 move stoneedge\n>p1 switch 2\n>p2 move stoneedge\n>p1 move bodypress\n>p2 move knockoff\n>p1 move bodypress\n>p2 move knockoff\n>forcelose p1", "uploadtime": 1732962240, "views": 1, "formatid": "gen9randombattle", "rating": 1559, "private": 0, "password": null}