{"id": "rom-gen9randombattle-2262146", "format": "[Gen 9] Random Battle", "players": ["Chewbt", "Turbo Bottttt"], "log": "|j|\u2606Chewbt\n|j|\u2606Turbo Bottttt\n|t:|1732988644\n|gametype|singles\n|player|p1|Chewbt|2|\n|player|p2|Turbo Bottttt|supernerd|\n|teamsize|p1|6\n|teamsize|p2|6\n|gen|9\n|tier|[Gen 9] Random Battle\n|rule|Species Clause: Limit one of each Pok\u00e9mon\n|rule|HP Percentage Mod: HP is shown in percentages\n|rule|Sleep Clause Mod: Limit one foe put to sleep\n|rule|Illusion Level Mod: Illusion disguises the Pok\u00e9mon's true level\n|\n|t:|1732988644\n|start\n|switch|p1a: Flygon|Flygon, L82, F|265/265\n|switch|p2a: Vigoroth|Vigoroth, L85, M|275/275\n|turn|1\n|c|\u2606Turbo Bottttt|Turbo Bottttt is ready! Bring it on\n|inactive|Battle timer is ON: inactive players will automatically lose when time's up. (requested by Turbo Bottttt)\n|\n|t:|1732988654\n|switch|p2a: Zapdos|Zapdos-Galar, L77|265/265\n|move|p1a: Flygon|Earthquake|p2a: Zapdos\n|-immune|p2a: Zapdos\n|\n|upkeep\n|turn|2\n|\n|t:|1732988664\n|switch|p1a: Espeon|Espeon, L84, F|246/246\n|move|p2a: Zapdos|Brave Bird|p1a: Espeon\n|-damage|p1a: Espeon|34/246\n|-damage|p2a: Zapdos|195/265|[from] Recoil\n|-damage|p2a: Zapdos|169/265|[from] item: Life Orb\n|\n|upkeep\n|turn|3\n|\n|t:|1732988674\n|-terastallize|p2a: Zapdos|Dark\n|move|p1a: Espeon|Psychic|p2a: Zapdos\n|-immune|p2a: Zapdos\n|move|p2a: Zapdos|Brave Bird|p1a: Espeon\n|-damage|p1a: Espeon|0\n|faint|p1a: Espeon\n|-damage|p2a: Zapdos|158/265|[from] Recoil\n|-damage|p2a: Zapdos|132/265|[from] item: Life Orb\n|\n|upkeep\n|\n|t:|1732988695\n|switch|p1a: Oranguru|Oranguru, L92, M|315/315\n|turn|4\n|\n|t:|1732988699\n|move|p2a: Zapdos|Knock Off|p1a: Oranguru\n|-supereffective|p1a: Oranguru\n|-damage|p1a: Oranguru|39/315\n|-enditem|p1a: Oranguru|Leftovers|[from] move: Knock Off|[of] p2a: Zapdos\n|-damage|p2a: Zapdos|106/265|[from] item: Life Orb\n|move|p1a: Oranguru|Focus Blast|p2a: Zapdos|[miss]\n|-miss|p1a: Oranguru|p2a: Zapdos\n|\n|upkeep\n|turn|5\n|\n|t:|1732988707\n|move|p2a: Zapdos|Knock Off|p1a: Oranguru\n|-supereffective|p1a: Oranguru\n|-damage|p1a: Oranguru|0\n|faint|p1a: Oranguru\n|-damage|p2a: Zapdos|80/265|[from] item: Life Orb\n|\n|upkeep\n|\n|t:|1732988714\n|switch|p1a: Lapras|Lapras, L88, F|372/372\n|turn|6\n|\n|t:|1732988718\n|move|p2a: Zapdos|Close Combat|p1a: Lapras\n|-supereffective|p1a: Lapras\n|-damage|p1a: Lapras|5/372\n|-unboost|p2a: Zapdos|def|1\n|-unboost|p2a: Zapdos|spd|1\n|-damage|p2a: Zapdos|54/265|[from] item: Life Orb\n|move|p1a: Lapras|Freeze-Dry|p2a: Zapdos\n|-damage|p2a: Zapdos|0\n|faint|p2a: Zapdos\n|\n|upkeep\n|\n|t:|1732988719\n|switch|p2a: Copperajah|Copperajah, L86, F|350/350\n|turn|7\n|\n|t:|1732988731\n|move|p1a: Lapras|Rest|p1a: Lapras\n|-status|p1a: Lapras|slp|[from] move: Rest\n|-heal|p1a: Lapras|372/372 slp|[silent]\n|move|p2a: Copperajah|Iron Head|p1a: Lapras\n|-damage|p1a: Lapras|187/372 slp\n|\n|upkeep\n|turn|8\n|\n|t:|1732988740\n|cant|p1a: Lapras|slp\n|move|p2a: Copperajah|Superpower|p1a: Lapras\n|-supereffective|p1a: Lapras\n|-damage|p1a: Lapras|0 slp\n|-unboost|p2a: Copperajah|atk|1\n|-unboost|p2a: Copperajah|def|1\n|faint|p1a: Lapras\n|-damage|p2a: Copperajah|315/350|[from] item: Life Orb\n|\n|upkeep\n|\n|t:|1732988760\n|switch|p1a: Flygon|Flygon, L82, F|265/265\n|turn|9\n|\n|t:|1732988763\n|move|p1a: Flygon|Earthquake|p2a: Copperajah\n|-supereffective|p2a: Copperajah\n|-damage|p2a: Copperajah|0\n|faint|p2a: Copperajah\n|\n|upkeep\n|\n|t:|1732988764\n|switch|p2a: Wyrdeer|Wyrdeer, L87, F|321/321\n|-ability|p2a: Wyrdeer|Intimidate|boost\n|-unboost|p1a: Flygon|atk|1\n|turn|10\n|\n|t:|1732988771\n|move|p1a: Flygon|Earthquake|p2a: Wyrdeer\n|-damage|p2a: Wyrdeer|243/321\n|move|p2a: Wyrdeer|Body Slam|p1a: Flygon\n|-damage|p1a: Flygon|144/265\n|\n|upkeep\n|turn|11\n|\n|t:|1732988780\n|switch|p1a: Umbreon|Umbreon, L84, F|297/297\n|move|p2a: Wyrdeer|Psychic Noise|p1a: Umbreon\n|-immune|p1a: Umbreon\n|\n|upkeep\n|turn|12\n|inactive|Chewbt has 270 seconds left.\n|\n|t:|1732988811\n|switch|p2a: Rampardos|Rampardos, L90, M|321/321\n|move|p1a: Umbreon|Toxic|p2a: Rampardos\n|-status|p2a: Rampardos|tox\n|\n|-damage|p2a: Rampardos|301/321 tox|[from] psn|[of] p1a: Umbreon\n|upkeep\n|turn|13\n|\n|t:|1732988821\n|move|p1a: Umbreon|Protect|p1a: Umbreon\n|-singleturn|p1a: Umbreon|Protect\n|move|p2a: Rampardos|Rock Slide|p1a: Umbreon\n|-activate|p1a: Umbreon|move: Protect\n|\n|-damage|p2a: Rampardos|261/321 tox|[from] psn|[of] p1a: Umbreon\n|upkeep\n|turn|14\n|\n|t:|1732988831\n|move|p1a: Umbreon|Foul Play|p2a: Rampardos\n|-damage|p2a: Rampardos|54/321 tox\n|move|p2a: Rampardos|Rock Slide|p1a: Umbreon\n|-damage|p1a: Umbreon|110/297\n|\n|-heal|p1a: Umbreon|128/297|[from] item: Leftovers\n|-damage|p2a: Rampardos|0 tox|[from] psn|[of] p1a: Umbreon\n|faint|p2a: Rampardos\n|upkeep\n|\n|t:|1732988832\n|switch|p2a: Dipplin|Dipplin, L88, M|284/284\n|turn|15\n|\n|t:|1732988842\n|move|p1a: Umbreon|Wish|p1a: Umbreon\n|move|p2a: Dipplin|Dragon Pulse|p1a: Umbreon\n|-damage|p1a: Umbreon|58/297\n|\n|-heal|p1a: Umbreon|76/297|[from] item: Leftovers\n|upkeep\n|turn|16\n|\n|t:|1732988849\n|move|p1a: Umbreon|Protect|p1a: Umbreon\n|-singleturn|p1a: Umbreon|Protect\n|move|p2a: Dipplin|Dragon Pulse|p1a: Umbreon\n|-activate|p1a: Umbreon|move: Protect\n|\n|-heal|p1a: Umbreon|224/297|[from] move: Wish|[wisher] Umbreon\n|-heal|p1a: Umbreon|242/297|[from] item: Leftovers\n|upkeep\n|turn|17\n|\n|t:|1732988859\n|move|p1a: Umbreon|Toxic|p2a: Dipplin|[miss]\n|-miss|p1a: Umbreon|p2a: Dipplin\n|move|p2a: Dipplin|Dragon Tail|p1a: Umbreon\n|-damage|p1a: Umbreon|194/297\n|drag|p1a: Flygon|Flygon, L82, F|144/265\n|\n|upkeep\n|turn|18\n|\n|t:|1732988884\n|move|p1a: Flygon|Outrage|p2a: Dipplin\n|-supereffective|p2a: Dipplin\n|-damage|p2a: Dipplin|144/284\n|move|p2a: Dipplin|Dragon Pulse|p1a: Flygon\n|-supereffective|p1a: Flygon\n|-damage|p1a: Flygon|0\n|faint|p1a: Flygon\n|\n|upkeep\n|\n|t:|1732988892\n|switch|p1a: Umbreon|Umbreon, L84, F|194/297\n|turn|19\n|\n|t:|1732988894\n|move|p1a: Umbreon|Toxic|p2a: Dipplin\n|-status|p2a: Dipplin|tox\n|move|p2a: Dipplin|Giga Drain|p1a: Umbreon\n|-damage|p1a: Umbreon|134/297\n|-heal|p2a: Dipplin|174/284 tox|[from] drain|[of] p1a: Umbreon\n|\n|-heal|p1a: Umbreon|152/297|[from] item: Leftovers\n|-damage|p2a: Dipplin|157/284 tox|[from] psn|[of] p1a: Umbreon\n|upkeep\n|turn|20\n|\n|t:|1732988904\n|move|p1a: Umbreon|Wish|p1a: Umbreon\n|move|p2a: Dipplin|Dragon Pulse|p1a: Umbreon\n|-damage|p1a: Umbreon|82/297\n|\n|-heal|p1a: Umbreon|100/297|[from] item: Leftovers\n|-damage|p2a: Dipplin|123/284 tox|[from] psn|[of] p1a: Umbreon\n|upkeep\n|turn|21\n|\n|t:|1732988911\n|move|p1a: Umbreon|Protect|p1a: Umbreon\n|-singleturn|p1a: Umbreon|Protect\n|move|p2a: Dipplin|Dragon Pulse|p1a: Umbreon\n|-activate|p1a: Umbreon|move: Protect\n|\n|-heal|p1a: Umbreon|248/297|[from] move: Wish|[wisher] Umbreon\n|-heal|p1a: Umbreon|266/297|[from] item: Leftovers\n|-damage|p2a: Dipplin|72/284 tox|[from] psn|[of] p1a: Umbreon\n|upkeep\n|turn|22\n|\n|t:|1732988926\n|move|p1a: Umbreon|Protect||[still]\n|-fail|p1a: Umbreon\n|move|p2a: Dipplin|Dragon Tail|p1a: Umbreon\n|-damage|p1a: Umbreon|209/297\n|drag|p1a: Registeel|Registeel, L82|265/265\n|\n|-damage|p2a: Dipplin|4/284 tox|[from] psn|[of] p1: Umbreon\n|upkeep\n|turn|23\n|\n|t:|1732988937\n|switch|p2a: Wyrdeer|Wyrdeer, L87, F|243/321\n|-ability|p2a: Wyrdeer|Intimidate|boost\n|-fail|p1a: Registeel|unboost|[from] ability: Clear Body|[of] p1a: Registeel\n|move|p1a: Registeel|Thunder Wave|p2a: Wyrdeer\n|-status|p2a: Wyrdeer|par\n|\n|upkeep\n|turn|24\n|\n|t:|1732988950\n|move|p1a: Registeel|Body Press|p2a: Wyrdeer\n|-damage|p2a: Wyrdeer|156/321 par\n|cant|p2a: Wyrdeer|par\n|\n|upkeep\n|turn|25\n|\n|t:|1732988955\n|move|p1a: Registeel|Body Press|p2a: Wyrdeer\n|-damage|p2a: Wyrdeer|70/321 par\n|move|p2a: Wyrdeer|Earthquake|p1a: Registeel\n|-supereffective|p1a: Registeel\n|-damage|p1a: Registeel|155/265\n|\n|-heal|p1a: Registeel|171/265|[from] item: Leftovers\n|upkeep\n|turn|26\n|\n|t:|1732988963\n|move|p1a: Registeel|Body Press|p2a: Wyrdeer\n|-damage|p2a: Wyrdeer|0 par\n|faint|p2a: Wyrdeer\n|\n|-heal|p1a: Registeel|187/265|[from] item: Leftovers\n|upkeep\n|\n|t:|1732988964\n|switch|p2a: Vigoroth|Vigoroth, L85, M|275/275\n|turn|27\n|\n|t:|1732988971\n|move|p2a: Vigoroth|Body Slam|p1a: Registeel\n|-resisted|p1a: Registeel\n|-crit|p1a: Registeel\n|-damage|p1a: Registeel|143/265\n|move|p1a: Registeel|Thunder Wave|p2a: Vigoroth|[miss]\n|-miss|p1a: Registeel|p2a: Vigoroth\n|\n|-heal|p1a: Registeel|159/265|[from] item: Leftovers\n|upkeep\n|turn|28\n|\n|t:|1732988979\n|move|p2a: Vigoroth|Bulk Up|p2a: Vigoroth\n|-boost|p2a: Vigoroth|atk|1\n|-boost|p2a: Vigoroth|def|1\n|move|p1a: Registeel|Thunder Wave|p2a: Vigoroth\n|-status|p2a: Vigoroth|par\n|\n|-heal|p1a: Registeel|175/265|[from] item: Leftovers\n|upkeep\n|turn|29\n|\n|t:|1732988995\n|move|p1a: Registeel|Body Press|p2a: Vigoroth\n|-supereffective|p2a: Vigoroth\n|-damage|p2a: Vigoroth|203/275 par\n|move|p2a: Vigoroth|Bulk Up|p2a: Vigoroth\n|-boost|p2a: Vigoroth|atk|1\n|-boost|p2a: Vigoroth|def|1\n|\n|-heal|p1a: Registeel|191/265|[from] item: Leftovers\n|upkeep\n|turn|30\n|\n|t:|1732989013\n|move|p1a: Registeel|Body Press|p2a: Vigoroth\n|-supereffective|p2a: Vigoroth\n|-damage|p2a: Vigoroth|149/275 par\n|move|p2a: Vigoroth|Knock Off|p1a: Registeel\n|-crit|p1a: Registeel\n|-damage|p1a: Registeel|56/265\n|-enditem|p1a: Registeel|Leftovers|[from] move: Knock Off|[of] p2a: Vigoroth\n|\n|upkeep\n|turn|31\n|\n|t:|1732989020\n|move|p1a: Registeel|Body Press|p2a: Vigoroth\n|-supereffective|p2a: Vigoroth\n|-damage|p2a: Vigoroth|97/275 par\n|move|p2a: Vigoroth|Knock Off|p1a: Registeel\n|-damage|p1a: Registeel|1/265\n|\n|upkeep\n|turn|32\n|\n|t:|1732989027\n|move|p1a: Registeel|Body Press|p2a: Vigoroth\n|-supereffective|p2a: Vigoroth\n|-damage|p2a: Vigoroth|43/275 par\n|move|p2a: Vigoroth|Body Slam|p1a: Registeel\n|-resisted|p1a: Registeel\n|-damage|p1a: Registeel|0\n|faint|p1a: Registeel\n|\n|upkeep\n|\n|t:|1732989035\n|switch|p1a: Umbreon|Umbreon, L84, F|209/297\n|turn|33\n|\n|t:|1732989042\n|move|p1a: Umbreon|Protect|p1a: Umbreon\n|-singleturn|p1a: Umbreon|Protect\n|move|p2a: Vigoroth|Body Slam|p1a: Umbreon\n|-activate|p1a: Umbreon|move: Protect\n|\n|-heal|p1a: Umbreon|227/297|[from] item: Leftovers\n|upkeep\n|turn|34\n|\n|t:|1732989049\n|move|p1a: Umbreon|Foul Play|p2a: Vigoroth\n|-damage|p2a: Vigoroth|0 par\n|faint|p2a: Vigoroth\n|\n|-heal|p1a: Umbreon|245/297|[from] item: Leftovers\n|upkeep\n|\n|t:|1732989049\n|switch|p2a: Dipplin|Dipplin, L88, M|4/284 tox\n|turn|35\n|\n|t:|1732989056\n|move|p1a: Umbreon|Protect|p1a: Umbreon\n|-singleturn|p1a: Umbreon|Protect\n|move|p2a: Dipplin|Dragon Tail|p1a: Umbreon\n|-activate|p1a: Umbreon|move: Protect\n|\n|-heal|p1a: Umbreon|263/297|[from] item: Leftovers\n|-damage|p2a: Dipplin|0 tox|[from] psn|[of] p1a: Umbreon\n|faint|p2a: Dipplin\n|\n|win|Chewbt\n|upkeep\n|c|\u2606Turbo Bottttt|gg\r\n|l|\u2606Turbo Bottttt\n|player|p2|\n", "inputlog": ">version a4b6781ad07ff854a5e25c73fc04b699caa3d96a\n>version-origin abc8d21342e0aaf7f07648594144347b05671f08\n>start {\"formatid\":\"gen9randombattle\",\"seed\":[10,52215,39943,36082]}\n>player p1 {\"name\":\"Chewbt\",\"avatar\":\"2\",\"rating\":0,\"seed\":[37108,49825,9778,10664]}\n>player p2 {\"name\":\"Turbo Bottttt\",\"avatar\":\"supernerd\",\"rating\":0,\"seed\":[57041,26606,21971,54996]}\n>chat \u2606Turbo Bottttt|Turbo Bottttt is ready! Bring it on\n>p1 move earthquake\n>p2 switch 5\n>p1 switch 4\n>p2 move bravebird\n>p1 move psychic\n>p2 move bravebird terastallize\n>p1 switch 2\n>p1 move focusblast\n>p2 move knockoff\n>p1 move focusblast\n>p2 move knockoff\n>p1 switch 3\n>p1 move freezedry\n>p2 move closecombat\n>p2 switch 6\n>p1 move rest\n>p2 move ironhead\n>p1 move sparklingaria\n>p2 move superpower\n>p1 switch 4\n>p1 move earthquake\n>p2 move ironhead\n>p2 switch 4\n>p1 move earthquake\n>p2 move bodyslam\n>p1 switch 5\n>p2 move psychicnoise\n>p1 move toxic\n>p2 switch 2\n>p1 move protect\n>p2 move rockslide\n>p1 move foulplay\n>p2 move rockslide\n>p2 switch 3\n>p1 move wish\n>p2 move dragonpulse\n>p1 move protect\n>p2 move dragonpulse\n>p1 move toxic\n>p2 move dragontail\n>p1 move outrage\n>p2 move dragonpulse\n>p1 switch 5\n>p1 move toxic\n>p2 move gigadrain\n>p1 move wish\n>p2 move dragonpulse\n>p1 move protect\n>p2 move dragonpulse\n>p1 move protect\n>p2 move dragontail\n>p1 move thunderwave\n>p2 switch 2\n>p1 move bodypress\n>p2 move earthquake\n>p1 move bodypress\n>p2 move earthquake\n>p1 move bodypress\n>p2 move earthquake\n>p2 switch 5\n>p1 move thunderwave\n>p2 move bodyslam\n>p1 move thunderwave\n>p2 move bulkup\n>p1 move bodypress\n>p2 move bulkup\n>p1 move bodypress\n>p2 move knockoff\n>p1 move bodypress\n>p2 move knockoff\n>p1 move bodypress\n>p2 move bodyslam\n>p1 switch 6\n>p1 move protect\n>p2 move bodyslam\n>p1 move foulplay\n>p2 move slackoff\n>p2 switch 2\n>p1 move protect\n>p2 move dragontail", "uploadtime": 1732989072, "views": 1, "formatid": "gen9randombattle", "rating": null, "private": 0, "password": null}