{"id": "smogtours-gen9randombattle-808338", "format": "[Gen 9] Random Battle", "players": ["AC primal", "Pokesci"], "log": "|inactive|Battle timer is ON: inactive players will automatically lose when time's up.\n|t:|1732985850\n|gametype|singles\n|player|p1|AC primal|blue|\n|player|p2|Pokesci|ash-kalos|\n|teamsize|p1|6\n|teamsize|p2|6\n|gen|9\n|tier|[Gen 9] Random Battle\n|rule|Species Clause: Limit one of each Pok\u00e9mon\n|rule|HP Percentage Mod: HP is shown in percentages\n|rule|Sleep Clause Mod: Limit one foe put to sleep\n|rule|Illusion Level Mod: Illusion disguises the Pok\u00e9mon's true level\n|\n|t:|1732985850\n|start\n|switch|p1a: Spidops|Spidops, L96, M|271/271\n|switch|p2a: Hitmonchan|Hitmonchan, L87, M|229/229\n|turn|1\n|\n|t:|1732985868\n|switch|p2a: Talonflame|Talonflame, L84, M|268/268\n|move|p1a: Spidops|Circle Throw|p2a: Talonflame|[miss]\n|-miss|p1a: Spidops|p2a: Talonflame\n|\n|upkeep\n|turn|2\n|inactive|Pokesci has 270 seconds left.\n|\n|t:|1732985901\n|-terastallize|p2a: Talonflame|Ground\n|-terastallize|p1a: Spidops|Ghost\n|move|p2a: Talonflame|Flare Blitz|p1a: Spidops\n|-damage|p1a: Spidops|183/271\n|-damage|p2a: Talonflame|239/268|[from] Recoil\n|move|p1a: Spidops|Knock Off|p2a: Talonflame\n|-damage|p2a: Talonflame|151/268\n|-status|p1a: Spidops|brn|[from] ability: Flame Body|[of] p2a: Talonflame\n|-enditem|p2a: Talonflame|Heavy-Duty Boots|[from] move: Knock Off|[of] p1a: Spidops\n|\n|-damage|p1a: Spidops|167/271 brn|[from] brn\n|upkeep\n|turn|3\n|inactive|Pokesci has 270 seconds left.\n|\n|t:|1732985931\n|switch|p2a: Diancie|Diancie, L82|216/216\n|move|p1a: Spidops|Circle Throw|p2a: Diancie\n|-damage|p2a: Diancie|183/216\n|drag|p2a: Talonflame|Talonflame, L84, M, tera:Ground|151/268\n|\n|-damage|p1a: Spidops|151/271 brn|[from] brn\n|upkeep\n|turn|4\n|\n|t:|1732985949\n|switch|p2a: Diancie|Diancie, L82|183/216\n|move|p1a: Spidops|Knock Off|p2a: Diancie\n|-resisted|p2a: Diancie\n|-damage|p2a: Diancie|158/216\n|-enditem|p2a: Diancie|Leftovers|[from] move: Knock Off|[of] p1a: Spidops\n|\n|-damage|p1a: Spidops|135/271 brn|[from] brn\n|upkeep\n|turn|5\n|\n|t:|1732985963\n|move|p2a: Diancie|Moonblast|p1a: Spidops\n|-damage|p1a: Spidops|50/271 brn\n|move|p1a: Spidops|Circle Throw|p2a: Diancie\n|-damage|p2a: Diancie|142/216\n|drag|p2a: Comfey|Comfey, L85, F|225/225\n|\n|-damage|p1a: Spidops|34/271 brn|[from] brn\n|upkeep\n|turn|6\n|\n|t:|1732985977\n|switch|p1a: Honchkrow|Honchkrow, L86, F|312/312\n|move|p2a: Comfey|Draining Kiss|p1a: Honchkrow\n|-supereffective|p1a: Honchkrow\n|-damage|p1a: Honchkrow|172/312\n|\n|upkeep\n|turn|7\n|\n|t:|1732985986\n|move|p2a: Comfey|Draining Kiss|p1a: Honchkrow\n|-supereffective|p1a: Honchkrow\n|-damage|p1a: Honchkrow|34/312\n|move|p1a: Honchkrow|Heat Wave|p2a: Comfey\n|-damage|p2a: Comfey|164/225\n|\n|-heal|p2a: Comfey|178/225|[from] item: Leftovers\n|upkeep\n|turn|8\n|\n|t:|1732985998\n|switch|p1a: Quagsire|Quagsire, L84, M|297/297\n|move|p2a: Comfey|Draining Kiss|p1a: Quagsire\n|-damage|p1a: Quagsire|230/297\n|-heal|p2a: Comfey|225/225|[from] drain|[of] p1a: Quagsire\n|\n|-heal|p1a: Quagsire|248/297|[from] item: Leftovers\n|upkeep\n|turn|9\n|\n|t:|1732986011\n|move|p2a: Comfey|Giga Drain|p1a: Quagsire\n|-supereffective|p1a: Quagsire\n|-damage|p1a: Quagsire|16/297\n|move|p1a: Quagsire|Toxic|p2a: Comfey\n|-status|p2a: Comfey|tox\n|\n|-heal|p1a: Quagsire|34/297|[from] item: Leftovers\n|-damage|p2a: Comfey|211/225 tox|[from] psn\n|upkeep\n|turn|10\n|\n|t:|1732986025\n|move|p2a: Comfey|Draining Kiss|p1a: Quagsire\n|-damage|p1a: Quagsire|0 fnt\n|-heal|p2a: Comfey|225/225 tox|[from] drain|[of] p1a: Quagsire\n|faint|p1a: Quagsire\n|\n|-damage|p2a: Comfey|197/225 tox|[from] psn\n|upkeep\n|\n|t:|1732986034\n|switch|p1a: Spidops|Spidops, L96, M, tera:Ghost|34/271 brn\n|turn|11\n|\n|t:|1732986039\n|move|p2a: Comfey|Draining Kiss|p1a: Spidops\n|-damage|p1a: Spidops|0 fnt\n|-heal|p2a: Comfey|223/225 tox|[from] drain|[of] p1a: Spidops\n|faint|p1a: Spidops\n|\n|-heal|p2a: Comfey|225/225 tox|[from] item: Leftovers\n|-damage|p2a: Comfey|183/225 tox|[from] psn\n|upkeep\n|\n|t:|1732986051\n|switch|p1a: Honchkrow|Honchkrow, L86, F|34/312\n|turn|12\n|\n|t:|1732986061\n|move|p2a: Comfey|Draining Kiss|p1a: Honchkrow\n|-supereffective|p1a: Honchkrow\n|-damage|p1a: Honchkrow|0 fnt\n|-heal|p2a: Comfey|209/225 tox|[from] drain|[of] p1a: Honchkrow\n|faint|p1a: Honchkrow\n|\n|-heal|p2a: Comfey|223/225 tox|[from] item: Leftovers\n|-damage|p2a: Comfey|167/225 tox|[from] psn\n|upkeep\n|\n|t:|1732986073\n|switch|p1a: Baxcalibur|Baxcalibur, L75, M|295/295\n|turn|13\n|\n|t:|1732986079\n|move|p2a: Comfey|Draining Kiss|p1a: Baxcalibur\n|-supereffective|p1a: Baxcalibur\n|-damage|p1a: Baxcalibur|175/295\n|-heal|p2a: Comfey|225/225 tox|[from] drain|[of] p1a: Baxcalibur\n|move|p1a: Baxcalibur|Glaive Rush|p2a: Comfey\n|-immune|p2a: Comfey\n|\n|-damage|p2a: Comfey|155/225 tox|[from] psn\n|upkeep\n|turn|14\n|\n|t:|1732986096\n|move|p2a: Comfey|Draining Kiss|p1a: Baxcalibur\n|-supereffective|p1a: Baxcalibur\n|-damage|p1a: Baxcalibur|59/295\n|-heal|p2a: Comfey|225/225 tox|[from] drain|[of] p1a: Baxcalibur\n|move|p1a: Baxcalibur|Glaive Rush|p2a: Comfey\n|-immune|p2a: Comfey\n|\n|-damage|p2a: Comfey|141/225 tox|[from] psn\n|upkeep\n|turn|15\n|\n|t:|1732986116\n|move|p2a: Comfey|Draining Kiss|p1a: Baxcalibur\n|-supereffective|p1a: Baxcalibur\n|-damage|p1a: Baxcalibur|0 fnt\n|-heal|p2a: Comfey|185/225 tox|[from] drain|[of] p1a: Baxcalibur\n|faint|p1a: Baxcalibur\n|\n|-heal|p2a: Comfey|199/225 tox|[from] item: Leftovers\n|-damage|p2a: Comfey|101/225 tox|[from] psn\n|upkeep\n|inactive|AC primal has 270 seconds left.\n|\n|t:|1732986135\n|switch|p1a: Hoopa|Hoopa-Unbound, L80|259/259\n|turn|16\n|\n|t:|1732986146\n|move|p2a: Comfey|Draining Kiss|p1a: Hoopa\n|-supereffective|p1a: Hoopa\n|-damage|p1a: Hoopa|209/259\n|-heal|p2a: Comfey|139/225 tox|[from] drain|[of] p1a: Hoopa\n|move|p1a: Hoopa|Gunk Shot|p2a: Comfey\n|-supereffective|p2a: Comfey\n|-crit|p2a: Comfey\n|-damage|p2a: Comfey|0 fnt\n|faint|p2a: Comfey\n|\n|upkeep\n|\n|t:|1732986160\n|switch|p2a: Diancie|Diancie, L82|142/216\n|turn|17\n|\n|t:|1732986167\n|move|p1a: Hoopa|Hyperspace Fury|p2a: Diancie\n|-resisted|p2a: Diancie\n|-damage|p2a: Diancie|93/216\n|-unboost|p1a: Hoopa|def|1\n|move|p2a: Diancie|Moonblast|p1a: Hoopa\n|-supereffective|p1a: Hoopa\n|-damage|p1a: Hoopa|113/259\n|\n|upkeep\n|turn|18\n|\n|t:|1732986181\n|move|p1a: Hoopa|Focus Blast|p2a: Diancie\n|-damage|p2a: Diancie|12/216\n|move|p2a: Diancie|Moonblast|p1a: Hoopa\n|-supereffective|p1a: Hoopa\n|-damage|p1a: Hoopa|9/259\n|-unboost|p1a: Hoopa|spa|1\n|\n|upkeep\n|turn|19\n|\n|t:|1732986198\n|move|p1a: Hoopa|Focus Blast|p2a: Diancie|[miss]\n|-miss|p1a: Hoopa|p2a: Diancie\n|move|p2a: Diancie|Stealth Rock|p1a: Hoopa\n|-sidestart|p1: AC primal|move: Stealth Rock\n|\n|upkeep\n|turn|20\n|\n|t:|1732986205\n|move|p1a: Hoopa|Focus Blast|p2a: Diancie\n|-damage|p2a: Diancie|0 fnt\n|faint|p2a: Diancie\n|\n|upkeep\n|\n|t:|1732986219\n|switch|p2a: Talonflame|Talonflame, L84, M, tera:Ground|151/268\n|turn|21\n|\n|t:|1732986231\n|move|p2a: Talonflame|Tera Blast|p1a: Hoopa|[anim] Tera Blast Ground\n|-damage|p1a: Hoopa|0 fnt\n|faint|p1a: Hoopa\n|\n|upkeep\n|\n|t:|1732986238\n|switch|p1a: Zamazenta|Zamazenta-Crowned, L68|238/238\n|-damage|p1a: Zamazenta|231/238|[from] Stealth Rock\n|-ability|p1a: Zamazenta|Dauntless Shield|boost\n|-boost|p1a: Zamazenta|def|1\n|turn|22\n|\n|t:|1732986246\n|move|p2a: Talonflame|Flare Blitz|p1a: Zamazenta\n|-supereffective|p1a: Zamazenta\n|-damage|p1a: Zamazenta|115/238\n|-status|p1a: Zamazenta|brn\n|-damage|p2a: Talonflame|113/268|[from] Recoil\n|move|p1a: Zamazenta|Heavy Slam|p2a: Talonflame\n|-damage|p2a: Talonflame|53/268\n|\n|-damage|p1a: Zamazenta|101/238 brn|[from] brn\n|upkeep\n|turn|23\n|\n|t:|1732986260\n|move|p2a: Talonflame|Flare Blitz|p1a: Zamazenta\n|-supereffective|p1a: Zamazenta\n|-damage|p1a: Zamazenta|0 fnt\n|faint|p1a: Zamazenta\n|-damage|p2a: Talonflame|20/268|[from] Recoil\n|\n|win|Pokesci\n", "inputlog": ">version 067d99d4dd9194e554b470e1a506af3cfde21f6c\n>start {\"formatid\":\"gen9randombattle\",\"seed\":[46029,34970,6405,27030]}\n>player p1 {\"name\":\"AC primal\",\"avatar\":\"blue\",\"rating\":0,\"seed\":[55079,55783,27152,27872]}\n>player p2 {\"name\":\"Pokesci\",\"avatar\":\"ash-kalos\",\"rating\":0,\"seed\":[2416,21774,47798,56504]}\n>p1 move circlethrow\n>p2 switch 3\n>p1 move knockoff terastallize\n>p2 move flareblitz terastallize\n>p1 move circlethrow\n>p2 switch 4\n>p1 move knockoff\n>p2 switch 4\n>p1 move circlethrow\n>p2 move moonblast\n>p1 switch 4\n>p2 move drainingkiss\n>p1 move heatwave\n>p2 move drainingkiss\n>p1 switch 2\n>p2 move drainingkiss\n>p1 move toxic\n>p2 move gigadrain\n>p1 move spikes\n>p2 move drainingkiss\n>p1 switch 4\n>p1 move knockoff\n>p2 move drainingkiss\n>p1 switch 2\n>p1 move bravebird\n>p2 move drainingkiss\n>p1 switch 5\n>p1 move glaiverush\n>p2 move drainingkiss\n>p1 move glaiverush\n>p2 move drainingkiss\n>p1 move glaiverush\n>p2 move drainingkiss\n>p1 switch 6\n>p1 move gunkshot\n>p2 move drainingkiss\n>p2 switch 2\n>p1 move hyperspacefury\n>p2 move moonblast\n>p1 move focusblast\n>p2 move moonblast\n>p1 move focusblast\n>p2 move stealthrock\n>p1 move focusblast\n>p2 move bodypress\n>p2 switch 4\n>p1 move psychic\n>p2 move terablast\n>p1 switch 3\n>p1 move heavyslam\n>p2 move flareblitz\n>p1 move stoneedge\n>p2 move flareblitz", "uploadtime": 1732986260, "views": 0, "formatid": "gen9randombattle", "rating": null, "private": 0, "password": null}