{"id": "gen9randombattle-2260669537", "format": "[Gen 9] Random Battle", "players": ["afolderonpokemon", "erger546"], "log": "|j|\u2606afolderonpokemon\n|j|\u2606erger546\n|t:|1733876236\n|gametype|singles\n|player|p1|afolderonpokemon|benga|1040\n|player|p2|erger546|170|1000\n|teamsize|p1|6\n|teamsize|p2|6\n|gen|9\n|tier|[Gen 9] Random Battle\n|rated|\n|rule|Species Clause: Limit one of each Pok\u00e9mon\n|rule|HP Percentage Mod: HP is shown in percentages\n|rule|Sleep Clause Mod: Limit one foe put to sleep\n|rule|Illusion Level Mod: Illusion disguises the Pok\u00e9mon's true level\n|\n|t:|1733876236\n|start\n|switch|p1a: Kingambit|Kingambit, L74, M|270/270\n|switch|p2a: Cramorant|Cramorant, L86, M|261/261\n|turn|1\n|\n|t:|1733876263\n|switch|p2a: Landorus|Landorus-Therian, L76, M|260/260\n|-ability|p2a: Landorus|Intimidate|boost\n|-unboost|p1a: Kingambit|atk|1\n|move|p1a: Kingambit|Swords Dance|p1a: Kingambit\n|-boost|p1a: Kingambit|atk|2\n|\n|upkeep\n|turn|2\n|\n|t:|1733876270\n|move|p2a: Landorus|Earthquake|p1a: Kingambit\n|-supereffective|p1a: Kingambit\n|-damage|p1a: Kingambit|42/270\n|move|p1a: Kingambit|Kowtow Cleave|p2a: Landorus\n|-damage|p2a: Landorus|118/260\n|\n|-heal|p2a: Landorus|134/260|[from] item: Leftovers\n|-heal|p1a: Kingambit|58/270|[from] item: Leftovers\n|upkeep\n|turn|3\n|\n|t:|1733876280\n|-end|p1a: Kingambit|fallenundefined|[silent]\n|switch|p1a: Serperior|Serperior, L79, F|248/248\n|move|p2a: Landorus|Earthquake|p1a: Serperior\n|-resisted|p1a: Serperior\n|-damage|p1a: Serperior|189/248\n|\n|-heal|p2a: Landorus|150/260|[from] item: Leftovers\n|upkeep\n|turn|4\n|\n|t:|1733876320\n|move|p1a: Serperior|Leaf Storm|p2a: Landorus\n|-damage|p2a: Landorus|8/260\n|-boost|p1a: Serperior|spa|2\n|-damage|p1a: Serperior|165/248|[from] item: Life Orb\n|move|p2a: Landorus|U-turn|p1a: Serperior\n|-supereffective|p1a: Serperior\n|-damage|p1a: Serperior|55/248\n|\n|t:|1733876329\n|switch|p2a: Trevenant|Trevenant, L88, M|293/293|[from] U-turn\n|\n|upkeep\n|turn|5\n|\n|t:|1733876334\n|move|p1a: Serperior|Glare|p2a: Trevenant\n|-status|p2a: Trevenant|par\n|move|p2a: Trevenant|Poltergeist|p1a: Serperior\n|-activate|p1a: Serperior|move: Poltergeist|Life Orb\n|-damage|p1a: Serperior|0 fnt\n|faint|p1a: Serperior\n|\n|upkeep\n|\n|t:|1733876340\n|switch|p1a: Delphox|Delphox, L84, F|263/263\n|turn|6\n|\n|t:|1733876350\n|move|p1a: Delphox|Fire Blast|p2a: Trevenant\n|-supereffective|p2a: Trevenant\n|-damage|p2a: Trevenant|29/293 par\n|-enditem|p2a: Trevenant|Sitrus Berry|[eat]\n|-heal|p2a: Trevenant|102/293 par|[from] item: Sitrus Berry\n|cant|p2a: Trevenant|par\n|\n|-item|p2a: Trevenant|Sitrus Berry|[from] ability: Harvest\n|upkeep\n|-enditem|p2a: Trevenant|Sitrus Berry|[eat]\n|-heal|p2a: Trevenant|175/293 par|[from] item: Sitrus Berry\n|turn|7\n|\n|t:|1733876358\n|switch|p2a: Quagsire|Quagsire, L84, F|297/297\n|move|p1a: Delphox|Fire Blast|p2a: Quagsire\n|-resisted|p2a: Quagsire\n|-damage|p2a: Quagsire|219/297\n|\n|-heal|p2a: Quagsire|237/297|[from] item: Leftovers\n|upkeep\n|turn|8\n|\n|t:|1733876363\n|move|p1a: Delphox|Grass Knot|p2a: Quagsire\n|-supereffective|p2a: Quagsire\n|-damage|p2a: Quagsire|0 fnt\n|faint|p2a: Quagsire\n|\n|upkeep\n|\n|t:|1733876365\n|switch|p2a: Cramorant|Cramorant, L86, M|261/261\n|turn|9\n|\n|t:|1733876369\n|move|p1a: Delphox|Psyshock|p2a: Cramorant\n|-damage|p2a: Cramorant|138/261\n|move|p2a: Cramorant|Surf|p1a: Delphox\n|-formechange|p2a: Cramorant|Cramorant-Gulping|\n|-supereffective|p1a: Delphox\n|-damage|p1a: Delphox|101/263\n|\n|upkeep\n|turn|10\n|\n|t:|1733876374\n|move|p1a: Delphox|Psyshock|p2a: Cramorant\n|-damage|p2a: Cramorant|15/261\n|-damage|p1a: Delphox|36/263|[from] ability: Gulp Missile|[of] p2a: Cramorant\n|-unboost|p1a: Delphox|def|1\n|-formechange|p2a: Cramorant|Cramorant|\n|move|p2a: Cramorant|Roost|p2a: Cramorant\n|-heal|p2a: Cramorant|146/261\n|-singleturn|p2a: Cramorant|move: Roost\n|\n|upkeep\n|turn|11\n|\n|t:|1733876379\n|move|p1a: Delphox|Psyshock|p2a: Cramorant\n|-damage|p2a: Cramorant|8/261\n|move|p2a: Cramorant|Surf|p1a: Delphox\n|-formechange|p2a: Cramorant|Cramorant-Gorging|\n|-supereffective|p1a: Delphox\n|-damage|p1a: Delphox|0 fnt\n|faint|p1a: Delphox\n|\n|upkeep\n|\n|t:|1733876384\n|switch|p1a: Gardevoir|Gardevoir, L83, M|249/249\n|turn|12\n|\n|t:|1733876394\n|move|p1a: Gardevoir|Psyshock|p2a: Cramorant\n|-damage|p2a: Cramorant|0 fnt\n|-damage|p1a: Gardevoir|187/249|[from] ability: Gulp Missile|[of] p2a: Cramorant\n|-status|p1a: Gardevoir|par\n|-formechange|p2a: Cramorant|Cramorant|\n|faint|p2a: Cramorant\n|\n|upkeep\n|\n|t:|1733876403\n|switch|p2a: Trevenant|Trevenant, L88, M|175/293 par\n|-ability|p1a: Gardevoir|Harvest|[from] ability: Trace|[of] p2a: Trevenant\n|turn|13\n|\n|t:|1733876411\n|move|p1a: Gardevoir|Psyshock|p2a: Trevenant\n|-damage|p2a: Trevenant|73/293 par\n|move|p2a: Trevenant|Drain Punch|p1a: Gardevoir\n|-resisted|p1a: Gardevoir\n|-damage|p1a: Gardevoir|166/249 par\n|-heal|p2a: Trevenant|84/293 par|[from] drain|[of] p1a: Gardevoir\n|\n|upkeep\n|turn|14\n|\n|t:|1733876414\n|move|p1a: Gardevoir|Psyshock|p2a: Trevenant\n|-damage|p2a: Trevenant|0 fnt\n|faint|p2a: Trevenant\n|\n|upkeep\n|\n|t:|1733876420\n|switch|p2a: Rampardos|Rampardos, L90, F|321/321\n|turn|15\n|\n|t:|1733876424\n|move|p2a: Rampardos|Head Smash|p1a: Gardevoir|[miss]\n|-miss|p2a: Rampardos|p1a: Gardevoir\n|cant|p1a: Gardevoir|par\n|\n|upkeep\n|turn|16\n|\n|t:|1733876427\n|move|p2a: Rampardos|Head Smash|p1a: Gardevoir\n|-damage|p1a: Gardevoir|0 fnt\n|faint|p1a: Gardevoir\n|-damage|p2a: Rampardos|238/321|[from] Recoil\n|\n|upkeep\n|\n|t:|1733876432\n|switch|p1a: Empoleon|Empoleon, L84, F|278/278\n|turn|17\n|\n|t:|1733876446\n|switch|p2a: Landorus|Landorus-Therian, L76, M|8/260\n|-ability|p2a: Landorus|Intimidate|boost\n|-unboost|p1a: Empoleon|atk|1\n|-ability|p1a: Empoleon|Competitive|boost\n|-boost|p1a: Empoleon|spa|2\n|move|p1a: Empoleon|Surf|p2a: Landorus\n|-supereffective|p2a: Landorus\n|-damage|p2a: Landorus|0 fnt\n|faint|p2a: Landorus\n|\n|upkeep\n|\n|t:|1733876449\n|switch|p2a: Stonjourner|Stonjourner, L91, M|330/330\n|turn|18\n|\n|t:|1733876455\n|move|p2a: Stonjourner|Earthquake|p1a: Empoleon\n|-supereffective|p1a: Empoleon\n|-damage|p1a: Empoleon|15/278\n|-damage|p2a: Stonjourner|297/330|[from] item: Life Orb\n|move|p1a: Empoleon|Surf|p2a: Stonjourner\n|-supereffective|p2a: Stonjourner\n|-damage|p2a: Stonjourner|0 fnt\n|faint|p2a: Stonjourner\n|\n|-heal|p1a: Empoleon|32/278|[from] item: Leftovers\n|upkeep\n|\n|t:|1733876457\n|switch|p2a: Rampardos|Rampardos, L90, F|238/321\n|turn|19\n|\n|t:|1733876461\n|move|p2a: Rampardos|Head Smash|p1a: Empoleon\n|-resisted|p1a: Empoleon\n|-damage|p1a: Empoleon|0 fnt\n|faint|p1a: Empoleon\n|-damage|p2a: Rampardos|222/321|[from] Recoil\n|\n|upkeep\n|\n|t:|1733876464\n|switch|p1a: Exeggutor|Exeggutor-Alola, L89, M|314/314\n|-item|p2a: Rampardos|Choice Scarf|[from] ability: Frisk|[of] p1a: Exeggutor\n|turn|20\n|\n|t:|1733876469\n|move|p2a: Rampardos|Head Smash|p1a: Exeggutor\n|-crit|p1a: Exeggutor\n|-damage|p1a: Exeggutor|0 fnt\n|faint|p1a: Exeggutor\n|-damage|p2a: Rampardos|65/321|[from] Recoil\n|\n|upkeep\n|\n|t:|1733876471\n|switch|p1a: Kingambit|Kingambit, L74, M|58/270\n|-activate|p1a: Kingambit|ability: Supreme Overlord\n|-start|p1a: Kingambit|fallen5|[silent]\n|turn|21\n|\n|t:|1733876473\n|move|p1a: Kingambit|Sucker Punch|p2a: Rampardos\n|-damage|p2a: Rampardos|0 fnt\n|faint|p2a: Rampardos\n|\n|win|afolderonpokemon\n|raw|afolderonpokemon's rating: 1040 &rarr; <strong>1070</strong><br />(+30 for winning)\n|raw|erger546's rating: 1000 &rarr; <strong>1000</strong><br />(+0 for losing)\n|l|\u2606erger546\n|player|p2|\n", "inputlog": ">version bfd83cad13791eb5a5a409923076391caf6fb4d4\n>start {\"formatid\":\"gen9randombattle\",\"seed\":[41618,6525,17490,21295],\"rated\":\"Rated battle\"}\n>player p1 {\"name\":\"afolderonpokemon\",\"avatar\":\"benga\",\"rating\":1040,\"seed\":[60880,45507,10987,41386]}\n>player p2 {\"name\":\"erger546\",\"avatar\":\"170\",\"rating\":1000,\"seed\":[48711,50162,55107,53694]}\n>p1 move swordsdance\n>p2 switch 3\n>p1 move kowtowcleave\n>p2 move earthquake\n>p1 switch 5\n>p2 move earthquake\n>p1 move leafstorm\n>p2 move uturn\n>p2 switch 5\n>p1 move glare\n>p2 move poltergeist\n>p1 switch 3\n>p1 move fireblast\n>p2 move poltergeist\n>p1 move fireblast\n>p2 switch 6\n>p1 move grassknot\n>p2 move earthquake\n>p2 switch 3\n>p1 move psyshock\n>p2 move surf\n>p1 move psyshock\n>p2 move roost\n>p1 move psyshock\n>p2 move surf\n>p1 switch 2\n>p1 move psyshock\n>p2 move surf\n>p2 switch 6\n>p1 move psyshock\n>p2 move drainpunch\n>p1 move psyshock\n>p2 move poltergeist\n>p2 switch 4\n>p1 move psyshock\n>p2 move headsmash\n>p1 move psyshock\n>p2 move headsmash\n>p1 switch 4\n>p1 move surf\n>p2 switch 5\n>p2 switch 2\n>p1 move surf\n>p2 move earthquake\n>p2 switch 5\n>p1 move surf\n>p2 move headsmash\n>p1 switch 6\n>p1 move gigadrain\n>p2 move headsmash\n>p1 switch 5\n>p1 move suckerpunch\n>p2 move headsmash", "uploadtime": 1733876477, "views": 1, "formatid": "gen9randombattle", "rating": 1000, "private": 0, "password": null}