{"id": "gen9randombattle-2260852980", "format": "[Gen 9] Random Battle", "players": ["xi the emperor", "qiuescent"], "log": "|j|\u2606xi the emperor\n|j|\u203dqiuescent\n|t:|1733904497\n|gametype|singles\n|player|p1|xi the emperor|170|2063\n|player|p2|qiuescent|266|2187\n|teamsize|p1|6\n|teamsize|p2|6\n|gen|9\n|tier|[Gen 9] Random Battle\n|rated|\n|rule|Species Clause: Limit one of each Pok\u00e9mon\n|rule|HP Percentage Mod: HP is shown in percentages\n|rule|Sleep Clause Mod: Limit one foe put to sleep\n|rule|Illusion Level Mod: Illusion disguises the Pok\u00e9mon's true level\n|\n|t:|1733904497\n|start\n|switch|p1a: Breloom|Breloom, L82, M|233/233\n|switch|p2a: Iron Crown|Iron Crown, L78|268/268\n|turn|1\n|inactive|Battle timer is ON: inactive players will automatically lose when time's up. (requested by qiuescent)\n|inactive|xi the emperor has 120 seconds left.\n|inactive|xi the emperor has 90 seconds left.\n|\n|t:|1733904608\n|switch|p1a: Iron Crown|Iron Crown, L78|268/268\n|move|p2a: Iron Crown|Psyshock|p1a: Iron Crown\n|-resisted|p1a: Iron Crown\n|-damage|p1a: Iron Crown|237/268\n|\n|upkeep\n|turn|2\n|\n|t:|1733904612\n|-end|p2a: Iron Crown|Quark Drive|[silent]\n|switch|p2a: Hippowdon|Hippowdon, L82, F|311/311\n|-weather|Sandstorm|[from] ability: Sand Stream|[of] p2a: Hippowdon\n|move|p1a: Iron Crown|Volt Switch|p2a: Hippowdon\n|-immune|p2a: Hippowdon\n|\n|-weather|Sandstorm|[upkeep]\n|upkeep\n|turn|3\n|\n|t:|1733904615\n|-end|p1a: Iron Crown|Quark Drive|[silent]\n|switch|p1a: Decidueye|Decidueye, L88, M|281/281\n|move|p2a: Hippowdon|Stealth Rock|p1a: Decidueye\n|-sidestart|p1: xi the emperor|move: Stealth Rock\n|\n|-weather|Sandstorm|[upkeep]\n|-damage|p1a: Decidueye|264/281|[from] Sandstorm\n|upkeep\n|turn|4\n|\n|t:|1733904622\n|switch|p2a: Houndoom|Houndoom, L87, M|272/272\n|move|p1a: Decidueye|Swords Dance|p1a: Decidueye\n|-boost|p1a: Decidueye|atk|2\n|\n|-weather|Sandstorm|[upkeep]\n|-damage|p2a: Houndoom|255/272|[from] Sandstorm\n|-damage|p1a: Decidueye|247/281|[from] Sandstorm\n|upkeep\n|turn|5\n|\n|t:|1733904637\n|switch|p1a: Diancie|Diancie, L82|216/216\n|-damage|p1a: Diancie|189/216|[from] Stealth Rock\n|move|p2a: Houndoom|Fire Blast|p1a: Diancie\n|-resisted|p1a: Diancie\n|-damage|p1a: Diancie|159/216\n|\n|-weather|Sandstorm|[upkeep]\n|-damage|p2a: Houndoom|238/272|[from] Sandstorm\n|-heal|p1a: Diancie|172/216|[from] item: Leftovers\n|upkeep\n|turn|6\n|\n|t:|1733904653\n|switch|p2a: Iron Crown|Iron Crown, L78|268/268\n|move|p1a: Diancie|Rock Polish|p1a: Diancie\n|-boost|p1a: Diancie|spe|2\n|\n|-weather|none\n|-heal|p1a: Diancie|185/216|[from] item: Leftovers\n|upkeep\n|turn|7\n|\n|t:|1733904668\n|-terastallize|p1a: Diancie|Fighting\n|move|p1a: Diancie|Diamond Storm|p2a: Iron Crown\n|-resisted|p2a: Iron Crown\n|-damage|p2a: Iron Crown|215/268\n|move|p2a: Iron Crown|Tachyon Cutter|p1a: Diancie\n|-damage|p1a: Diancie|130/216\n|-damage|p1a: Diancie|69/216\n|-hitcount|p1a: Diancie|2\n|\n|-heal|p1a: Diancie|82/216|[from] item: Leftovers\n|upkeep\n|turn|8\n|\n|t:|1733904677\n|move|p1a: Diancie|Body Press|p2a: Iron Crown\n|-damage|p2a: Iron Crown|97/268\n|move|p2a: Iron Crown|Tachyon Cutter|p1a: Diancie\n|-damage|p1a: Diancie|28/216\n|-damage|p1a: Diancie|0 fnt\n|faint|p1a: Diancie\n|-hitcount|p1: Diancie|2\n|\n|upkeep\n|\n|t:|1733904681\n|switch|p1a: Iron Crown|Iron Crown, L78|237/268\n|-damage|p1a: Iron Crown|221/268|[from] Stealth Rock\n|turn|9\n|\n|t:|1733904686\n|move|p2a: Iron Crown|Tachyon Cutter|p1a: Iron Crown\n|-resisted|p1a: Iron Crown\n|-damage|p1a: Iron Crown|182/268\n|-resisted|p1a: Iron Crown\n|-damage|p1a: Iron Crown|145/268\n|-hitcount|p1a: Iron Crown|2\n|move|p1a: Iron Crown|Tachyon Cutter|p2a: Iron Crown\n|-resisted|p2a: Iron Crown\n|-damage|p2a: Iron Crown|60/268\n|-resisted|p2a: Iron Crown\n|-damage|p2a: Iron Crown|20/268\n|-hitcount|p2a: Iron Crown|2\n|\n|upkeep\n|turn|10\n|\n|t:|1733904692\n|move|p2a: Iron Crown|Tachyon Cutter|p1a: Iron Crown\n|-resisted|p1a: Iron Crown\n|-damage|p1a: Iron Crown|106/268\n|-resisted|p1a: Iron Crown\n|-damage|p1a: Iron Crown|70/268\n|-hitcount|p1a: Iron Crown|2\n|move|p1a: Iron Crown|Tachyon Cutter|p2a: Iron Crown\n|-resisted|p2a: Iron Crown\n|-damage|p2a: Iron Crown|0 fnt\n|faint|p2a: Iron Crown\n|-end|p2a: Iron Crown|Quark Drive|[silent]\n|-hitcount|p2: Iron Crown|1\n|\n|upkeep\n|\n|t:|1733904697\n|switch|p2a: Houndoom|Houndoom, L87, M|238/272\n|turn|11\n|\n|t:|1733904704\n|move|p2a: Houndoom|Nasty Plot|p2a: Houndoom\n|-boost|p2a: Houndoom|spa|2\n|move|p1a: Iron Crown|Tachyon Cutter|p2a: Houndoom\n|-resisted|p2a: Houndoom\n|-damage|p2a: Houndoom|195/272\n|-resisted|p2a: Houndoom\n|-damage|p2a: Houndoom|154/272\n|-hitcount|p2a: Houndoom|2\n|\n|upkeep\n|turn|12\n|\n|t:|1733904707\n|move|p2a: Houndoom|Dark Pulse|p1a: Iron Crown\n|-supereffective|p1a: Iron Crown\n|-damage|p1a: Iron Crown|0 fnt\n|faint|p1a: Iron Crown\n|-end|p1a: Iron Crown|Quark Drive|[silent]\n|\n|upkeep\n|\n|t:|1733904710\n|switch|p1a: Breloom|Breloom, L82, M|233/233\n|-damage|p1a: Breloom|219/233|[from] Stealth Rock\n|turn|13\n|\n|t:|1733904713\n|-terastallize|p2a: Houndoom|Poison\n|move|p1a: Breloom|Mach Punch|p2a: Houndoom\n|-resisted|p2a: Houndoom\n|-damage|p2a: Houndoom|84/272\n|-damage|p1a: Breloom|196/233|[from] item: Life Orb\n|move|p2a: Houndoom|Sludge Bomb|p1a: Breloom\n|-supereffective|p1a: Breloom\n|-crit|p1a: Breloom\n|-damage|p1a: Breloom|0 fnt\n|faint|p1a: Breloom\n|\n|upkeep\n|\n|t:|1733904718\n|switch|p1a: Meowstic|Meowstic, L89, M|277/277\n|-damage|p1a: Meowstic|243/277|[from] Stealth Rock\n|turn|14\n|l|\u203dqiuescent\n|inactive|qiuescent disconnected and has a minute to reconnect!\n|player|p2|\n|j|\u203dqiuescent\n|inactive|qiuescent reconnected and has 140 seconds left.\n|player|p2|qiuescent|266|\n|n|\u203dqiuescent|qiuescent\n|n|\u203dqiuescent|qiuescent\n|\n|t:|1733904733\n|switch|p2a: Samurott|Samurott-Hisui, L77, F|265/265\n|move|p1a: Meowstic|Psychic Noise|p2a: Samurott\n|-immune|p2a: Samurott\n|\n|-heal|p1a: Meowstic|260/277|[from] item: Leftovers\n|upkeep\n|turn|15\n|\n|t:|1733904746\n|switch|p1a: Decidueye|Decidueye, L88, M|247/281\n|-damage|p1a: Decidueye|212/281|[from] Stealth Rock\n|move|p2a: Samurott|Ceaseless Edge|p1a: Decidueye\n|-supereffective|p1a: Decidueye\n|-damage|p1a: Decidueye|0 fnt\n|-sidestart|p1: xi the emperor|Spikes\n|faint|p1a: Decidueye\n|-damage|p2a: Samurott|239/265|[from] item: Life Orb\n|\n|upkeep\n|\n|t:|1733904749\n|switch|p1a: Feraligatr|Feraligatr, L79, F|264/264\n|-damage|p1a: Feraligatr|231/264|[from] Stealth Rock\n|-damage|p1a: Feraligatr|198/264|[from] Spikes\n|turn|16\n|\n|t:|1733904756\n|move|p2a: Samurott|Ceaseless Edge|p1a: Feraligatr\n|-damage|p1a: Feraligatr|69/264\n|-sidestart|p1: xi the emperor|Spikes\n|-damage|p2a: Samurott|213/265|[from] item: Life Orb\n|move|p1a: Feraligatr|Dragon Dance|p1a: Feraligatr\n|-boost|p1a: Feraligatr|atk|1\n|-boost|p1a: Feraligatr|spe|1\n|\n|upkeep\n|turn|17\n|\n|t:|1733904760\n|move|p1a: Feraligatr|Trailblaze|p2a: Samurott\n|-supereffective|p2a: Samurott\n|-damage|p2a: Samurott|18/265\n|move|p2a: Samurott|Sacred Sword|p1a: Feraligatr\n|-damage|p1a: Feraligatr|0 fnt\n|faint|p1a: Feraligatr\n|-damage|p2a: Samurott|0 fnt|[from] item: Life Orb\n|faint|p2a: Samurott\n|\n|upkeep\n|\n|t:|1733904766\n|switch|p2a: Hippowdon|Hippowdon, L82, F|311/311\n|switch|p1a: Meowstic|Meowstic, L89, M|260/277\n|-damage|p1a: Meowstic|226/277|[from] Stealth Rock\n|-damage|p1a: Meowstic|180/277|[from] Spikes\n|-weather|Sandstorm|[from] ability: Sand Stream|[of] p2a: Hippowdon\n|turn|18\n|\n|t:|1733904772\n|move|p1a: Meowstic|Yawn|p2a: Hippowdon\n|-start|p2a: Hippowdon|move: Yawn|[of] p1a: Meowstic\n|move|p2a: Hippowdon|Earthquake|p1a: Meowstic\n|-damage|p1a: Meowstic|51/277\n|\n|-weather|Sandstorm|[upkeep]\n|-damage|p1a: Meowstic|34/277|[from] Sandstorm\n|-heal|p1a: Meowstic|51/277|[from] item: Leftovers\n|upkeep\n|turn|19\n|\n|t:|1733904776\n|switch|p2a: Houndoom|Houndoom, L87, M, tera:Poison|84/272\n|move|p1a: Meowstic|Psychic Noise|p2a: Houndoom\n|-supereffective|p2a: Houndoom\n|-damage|p2a: Houndoom|0 fnt\n|faint|p2a: Houndoom\n|\n|-weather|Sandstorm|[upkeep]\n|-damage|p1a: Meowstic|34/277|[from] Sandstorm\n|-heal|p1a: Meowstic|51/277|[from] item: Leftovers\n|upkeep\n|\n|t:|1733904778\n|switch|p2a: Hippowdon|Hippowdon, L82, F|311/311\n|turn|20\n|\n|t:|1733904780\n|move|p1a: Meowstic|Yawn|p2a: Hippowdon\n|-start|p2a: Hippowdon|move: Yawn|[of] p1a: Meowstic\n|move|p2a: Hippowdon|Earthquake|p1a: Meowstic\n|-damage|p1a: Meowstic|0 fnt\n|faint|p1a: Meowstic\n|\n|win|qiuescent\n|raw|xi the emperor's rating: 2042 &rarr; <strong>2031</strong><br />(-11 for losing)\n|raw|qiuescent's rating: 2210 &rarr; <strong>2221</strong><br />(+11 for winning)\n|l|\u2606xi the emperor\n|player|p1|\n", "inputlog": ">version bfd83cad13791eb5a5a409923076391caf6fb4d4\n>start {\"formatid\":\"gen9randombattle\",\"seed\":[49133,12260,31612,63409],\"rated\":\"Rated battle\"}\n>player p1 {\"name\":\"xi the emperor\",\"avatar\":\"170\",\"rating\":2063,\"seed\":[24538,11025,34854,30641]}\n>player p2 {\"name\":\"qiuescent\",\"avatar\":\"266\",\"rating\":2187,\"seed\":[31655,33471,63084,58503]}\n>p1 switch 4\n>p2 move psyshock\n>p1 move voltswitch\n>p2 switch 4\n>p1 switch 3\n>p2 move stealthrock\n>p1 move swordsdance\n>p2 switch 6\n>p1 switch 6\n>p2 move fireblast\n>p1 move rockpolish\n>p2 switch 4\n>p1 move diamondstorm terastallize\n>p2 move tachyoncutter\n>p1 move bodypress\n>p2 move tachyoncutter\n>p1 switch 3\n>p1 move tachyoncutter\n>p2 move tachyoncutter\n>p1 move tachyoncutter\n>p2 move tachyoncutter\n>p2 switch 4\n>p1 move tachyoncutter\n>p2 move nastyplot\n>p1 move tachyoncutter\n>p2 move darkpulse\n>p1 switch 4\n>p1 move machpunch\n>p2 move sludgebomb terastallize\n>p1 switch 2\n>p1 move psychicnoise\n>p2 switch 3\n>p1 switch 6\n>p2 move ceaselessedge\n>p1 switch 5\n>p1 move dragondance\n>p2 move ceaselessedge\n>p1 move trailblaze\n>p2 move sacredsword\n>p1 switch 6\n>p2 switch 6\n>p1 move yawn\n>p2 move earthquake\n>p1 move psychicnoise\n>p2 switch 3\n>p2 switch 3\n>p1 move yawn\n>p2 move earthquake", "uploadtime": 1733904785, "views": 2, "formatid": "gen9randombattle", "rating": 2031, "private": 0, "password": null}