{"id": "gen9randombattle-2258120576", "format": "[Gen 9] Random Battle", "players": ["smokyaim", "Qiuescent"], "log": "|badge|p1|bronze|gen9randombattle|100-3\n|uhtml|medal-msg|<div class=\"broadcast-blue\">Curious what those medals under the avatar are? PS now has Ladder Seasons! For more information, check out the <a href=\"https://www.smogon.com/forums/threads/3740067/\">thread on Smogon.</a></div>\n|j|\u2606smokyaim\n|j|\u203dQiuescent\n|t:|1733517623\n|gametype|singles\n|player|p1|smokyaim|169|2321\n|player|p2|Qiuescent|102|2351\n|teamsize|p1|6\n|teamsize|p2|6\n|gen|9\n|tier|[Gen 9] Random Battle\n|rated|\n|rule|Species Clause: Limit one of each Pok\u00e9mon\n|rule|HP Percentage Mod: HP is shown in percentages\n|rule|Sleep Clause Mod: Limit one foe put to sleep\n|rule|Illusion Level Mod: Illusion disguises the Pok\u00e9mon's true level\n|\n|t:|1733517623\n|start\n|switch|p1a: Drednaw|Drednaw, L81, M|278/278\n|switch|p2a: Breloom|Breloom, L82, F|233/233\n|turn|1\n|inactive|Battle timer is ON: inactive players will automatically lose when time's up. (requested by Qiuescent)\n|\n|t:|1733517679\n|switch|p1a: Pikachu|Pikachu-Kalos, L93, M|216/216\n|move|p2a: Breloom|Spore|p1a: Pikachu\n|-status|p1a: Pikachu|slp|[from] move: Spore\n|\n|upkeep\n|turn|2\n|\n|t:|1733517683\n|switch|p1a: Haxorus|Haxorus, L77, F|244/244\n|-ability|p1a: Haxorus|Mold Breaker\n|move|p2a: Breloom|Bullet Seed|p1a: Haxorus\n|-resisted|p1a: Haxorus\n|-damage|p1a: Haxorus|209/244\n|-resisted|p1a: Haxorus\n|-damage|p1a: Haxorus|178/244\n|-hitcount|p1a: Haxorus|2\n|-damage|p2a: Breloom|210/233|[from] item: Life Orb\n|\n|upkeep\n|turn|3\n|\n|t:|1733517693\n|switch|p2a: Flamigo|Flamigo, L82, M|269/269\n|move|p1a: Haxorus|Outrage|p2a: Flamigo\n|-damage|p2a: Flamigo|88/269\n|\n|upkeep\n|turn|4\n|\n|t:|1733517697\n|move|p2a: Flamigo|Brave Bird|p1a: Haxorus\n|-damage|p1a: Haxorus|0 fnt\n|faint|p1a: Haxorus\n|-damage|p2a: Flamigo|29/269|[from] Recoil\n|-damage|p2a: Flamigo|3/269|[from] item: Life Orb\n|\n|upkeep\n|\n|t:|1733517706\n|switch|p1a: Mudsdale|Mudsdale, L84, M|305/305\n|turn|5\n|\n|t:|1733517708\n|move|p2a: Flamigo|Swords Dance|p2a: Flamigo\n|-boost|p2a: Flamigo|atk|2\n|move|p1a: Mudsdale|Stealth Rock|p2a: Flamigo\n|-sidestart|p2: Qiuescent|move: Stealth Rock\n|\n|upkeep\n|turn|6\n|\n|t:|1733517728\n|switch|p1a: Florges|Florges-Yellow, L85, F|271/271\n|move|p2a: Flamigo|Close Combat|p1a: Florges\n|-resisted|p1a: Florges\n|-damage|p1a: Florges|72/271\n|-unboost|p2a: Flamigo|def|1\n|-unboost|p2a: Flamigo|spd|1\n|-damage|p2a: Flamigo|0 fnt|[from] item: Life Orb\n|faint|p2a: Flamigo\n|\n|-heal|p1a: Florges|88/271|[from] item: Leftovers\n|upkeep\n|\n|t:|1733517744\n|switch|p2a: Goodra|Goodra-Hisui, L82, M|265/265\n|-damage|p2a: Goodra|249/265|[from] Stealth Rock\n|turn|7\n|\n|t:|1733517746\n|switch|p1a: Mudsdale|Mudsdale, L84, M|305/305\n|move|p2a: Goodra|Heavy Slam|p1a: Mudsdale\n|-damage|p1a: Mudsdale|266/305\n|-ability|p1a: Mudsdale|Stamina|boost\n|-boost|p1a: Mudsdale|def|1\n|\n|-heal|p1a: Mudsdale|285/305|[from] item: Leftovers\n|upkeep\n|turn|8\n|\n|t:|1733517752\n|switch|p2a: Yanmega|Yanmega, L82, F|275/275\n|-damage|p2a: Yanmega|138/275|[from] Stealth Rock\n|move|p1a: Mudsdale|Earthquake|p2a: Yanmega\n|-immune|p2a: Yanmega\n|\n|-heal|p1a: Mudsdale|304/305|[from] item: Leftovers\n|upkeep\n|turn|9\n|\n|t:|1733517759\n|move|p2a: Yanmega|Giga Drain|p1a: Mudsdale\n|-supereffective|p1a: Mudsdale\n|-damage|p1a: Mudsdale|138/305\n|-heal|p2a: Yanmega|221/275|[from] drain|[of] p1a: Mudsdale\n|-ability|p1a: Mudsdale|Stamina|boost\n|-boost|p1a: Mudsdale|def|1\n|move|p1a: Mudsdale|Roar|p2a: Yanmega\n|drag|p2a: Glaceon|Glaceon, L94, M|275/275\n|\n|-heal|p1a: Mudsdale|157/305|[from] item: Leftovers\n|upkeep\n|turn|10\n|\n|t:|1733517768\n|-terastallize|p1a: Mudsdale|Steel\n|move|p2a: Glaceon|Freeze-Dry|p1a: Mudsdale\n|-resisted|p1a: Mudsdale\n|-damage|p1a: Mudsdale|101/305\n|-ability|p1a: Mudsdale|Stamina|boost\n|-boost|p1a: Mudsdale|def|1\n|move|p1a: Mudsdale|Heavy Slam|p2a: Glaceon\n|-supereffective|p2a: Glaceon\n|-damage|p2a: Glaceon|35/275\n|\n|-heal|p1a: Mudsdale|120/305|[from] item: Leftovers\n|upkeep\n|turn|11\n|\n|t:|1733517778\n|move|p2a: Glaceon|Wish|p2a: Glaceon\n|move|p1a: Mudsdale|Heavy Slam|p2a: Glaceon\n|-supereffective|p2a: Glaceon\n|-damage|p2a: Glaceon|0 fnt\n|faint|p2a: Glaceon\n|\n|-heal|p1a: Mudsdale|139/305|[from] item: Leftovers\n|upkeep\n|\n|t:|1733517797\n|switch|p2a: Goodra|Goodra-Hisui, L82, M|249/265\n|-damage|p2a: Goodra|233/265|[from] Stealth Rock\n|turn|12\n|\n|t:|1733517804\n|-terastallize|p2a: Goodra|Ground\n|move|p2a: Goodra|Earthquake|p1a: Mudsdale\n|-supereffective|p1a: Mudsdale\n|-crit|p1a: Mudsdale\n|-damage|p1a: Mudsdale|0 fnt\n|faint|p1a: Mudsdale\n|\n|-heal|p2a: Goodra|265/265|[from] move: Wish|[wisher] Glaceon\n|upkeep\n|\n|t:|1733517821\n|switch|p1a: Feraligatr|Feraligatr, L79, F|264/264\n|turn|13\n|\n|t:|1733517826\n|move|p1a: Feraligatr|Liquidation|p2a: Goodra\n|-supereffective|p2a: Goodra\n|-damage|p2a: Goodra|0 fnt\n|faint|p2a: Goodra\n|\n|upkeep\n|\n|t:|1733517833\n|switch|p2a: Cinccino|Cinccino, L83, F|260/260\n|-damage|p2a: Cinccino|228/260|[from] Stealth Rock\n|turn|14\n|\n|t:|1733517846\n|move|p2a: Cinccino|Bullet Seed|p1a: Feraligatr\n|-supereffective|p1a: Feraligatr\n|-damage|p1a: Feraligatr|210/264\n|-supereffective|p1a: Feraligatr\n|-damage|p1a: Feraligatr|156/264\n|-supereffective|p1a: Feraligatr\n|-damage|p1a: Feraligatr|110/264\n|-supereffective|p1a: Feraligatr\n|-damage|p1a: Feraligatr|62/264\n|-supereffective|p1a: Feraligatr\n|-damage|p1a: Feraligatr|16/264\n|-hitcount|p1a: Feraligatr|5\n|move|p1a: Feraligatr|Liquidation|p2a: Cinccino\n|-damage|p2a: Cinccino|32/260\n|\n|upkeep\n|turn|15\n|\n|t:|1733517856\n|move|p2a: Cinccino|Bullet Seed|p1a: Feraligatr\n|-supereffective|p1a: Feraligatr\n|-damage|p1a: Feraligatr|0 fnt\n|faint|p1a: Feraligatr\n|-hitcount|p1: Feraligatr|1\n|\n|upkeep\n|inactive|smokyaim has 120 seconds left.\n|inactive|smokyaim has 90 seconds left.\n|inactive|smokyaim has 60 seconds left.\n|\n|t:|1733517963\n|switch|p1a: Pikachu|Pikachu-Kalos, L93, M|216/216 slp\n|turn|16\n|\n|t:|1733517972\n|cant|p1a: Pikachu|slp\n|move|p2a: Cinccino|Bullet Seed|p1a: Pikachu\n|-damage|p1a: Pikachu|174/216 slp\n|-damage|p1a: Pikachu|135/216 slp\n|-damage|p1a: Pikachu|96/216 slp\n|-damage|p1a: Pikachu|54/216 slp\n|-damage|p1a: Pikachu|17/216 slp\n|-hitcount|p1a: Pikachu|5\n|\n|upkeep\n|turn|17\n|inactive|smokyaim has 60 seconds left.\n|\n|t:|1733517981\n|switch|p1a: Florges|Florges-Yellow, L85, F|88/271\n|move|p2a: Cinccino|Bullet Seed|p1a: Florges\n|-damage|p1a: Florges|54/271\n|-damage|p1a: Florges|24/271\n|-damage|p1a: Florges|0 fnt\n|faint|p1a: Florges\n|-hitcount|p1: Florges|3\n|\n|upkeep\n|\n|t:|1733517985\n|switch|p1a: Pikachu|Pikachu-Kalos, L93, M|17/216 slp\n|turn|18\n|\n|t:|1733517987\n|-curestatus|p1a: Pikachu|slp|[msg]\n|move|p1a: Pikachu|Fake Out|p2a: Cinccino\n|-damage|p2a: Cinccino|0 fnt\n|faint|p2a: Cinccino\n|\n|upkeep\n|\n|t:|1733517989\n|switch|p2a: Breloom|Breloom, L82, F|210/233\n|-damage|p2a: Breloom|196/233|[from] Stealth Rock\n|turn|19\n|inactive|smokyaim has 60 seconds left.\n|inactive|smokyaim has 30 seconds left.\n|inactive|smokyaim has 20 seconds left.\n|inactive|smokyaim has 15 seconds left.\n|inactive|smokyaim has 10 seconds left.\n|inactive|smokyaim has 5 seconds left.\n|inactiveoff|Battle timer is now OFF.\n|-message|smokyaim forfeited.\n|\n|win|Qiuescent\n|raw|smokyaim's rating: 2321 &rarr; <strong>2303</strong><br />(-18 for losing)\n|raw|Qiuescent's rating: 2351 &rarr; <strong>2369</strong><br />(+18 for winning)\n|l|\u2606smokyaim\n|player|p1|\n", "inputlog": ">version f27bf860d389bcfdfe10192499dbd80f1998dac7\n>start {\"formatid\":\"gen9randombattle\",\"seed\":[56906,52061,20492,55084],\"rated\":\"Rated battle\"}\n>player p1 {\"name\":\"smokyaim\",\"avatar\":\"169\",\"rating\":2321,\"seed\":[22486,34312,64127,14892]}\n>player p2 {\"name\":\"Qiuescent\",\"avatar\":\"102\",\"rating\":2351,\"seed\":[12339,56939,17226,57417]}\n>p1 switch 5\n>p2 move spore\n>p1 switch 3\n>p2 move bulletseed\n>p1 move outrage\n>p2 switch 4\n>p1 move outrage\n>p2 move bravebird\n>p1 switch 4\n>p1 move stealthrock\n>p2 move swordsdance\n>p1 switch 2\n>p2 move closecombat\n>p2 switch 2\n>p1 switch 2\n>p2 move heavyslam\n>p1 move earthquake\n>p2 switch 3\n>p1 move roar\n>p2 move gigadrain\n>p1 move heavyslam terastallize\n>p2 move freezedry\n>p1 move heavyslam\n>p2 move wish\n>p2 switch 3\n>p1 move earthquake\n>p2 move earthquake terastallize\n>chat \u2606smokyaim|Lmao\n>chat \u2606smokyaim|This idiot\n>p1 switch 6\n>p1 move liquidation\n>p2 move dragontail\n>p2 switch 5\n>p1 move liquidation\n>p2 move bulletseed\n>p1 move liquidation\n>p2 move bulletseed\n>chat \u2606smokyaim|How to deal with consistent hax stupid hax every game\n>chat \u2606smokyaim|Ridiculous level of bullshit that only affects you\n>chat \u2606smokyaim|Why didn't you go into ya mega\n>chat \u2606smokyaim|Bug buzz is a kill\n>chat \u2606smokyaim|This idiot tera ground crits\n>chat \u2606smokyaim|The fact that RNG rewarded the bad play triggers me so much\n>chat \u2606smokyaim|I'm tierd of outplaying my opponents and losing for bullshit\n>p1 switch 3\n>p1 move fakeout\n>p2 move bulletseed\n>p1 switch 2\n>p2 move bulletseed\n>p1 switch 2\n>p1 move fakeout\n>p2 move bulletseed\n>p2 switch 4\n>chat \u2606smokyaim|You will get karma for this robbery idiot\n>chat \u2606smokyaim|Every fucking idiot that robbed me with some bullshit will get karma\n>chat \u2606smokyaim|You have the correct consistent play\n>chat \u2606smokyaim|But you decide to make ass play that doesn't even kill\n>chat \u2606smokyaim|Lvl 82 84 SpA Tera Ground Goodra-Hisui Fire Blast vs. Lvl 84 84 HP / 84 SpD Tera Steel Mudsdale: 154-182 (50.4 - 59.6%) -- 81.6% chance to 2HKO after Leftovers recovery\n>chat \u2606smokyaim|Lvl 82 84 Atk Tera Ground Goodra-Hisui Earthquake vs. +3 Lvl 84 84 HP / 84 Def Tera Steel Mudsdale: 68-84 (22.2 - 27.5%) -- possible 5HKO\n>chat \u2606smokyaim|Possible damage amounts\n>chat \u2606smokyaim|27% max damage with your ass decision making \n>chat \u2606smokyaim|Lvl 82 84 SpA Choice Specs Tinted Lens Yanmega Bug Buzz vs. Lvl 84 84 HP / 84 SpD Tera Steel Mudsdale: 144-172 (47.2 - 56.3%) -- 28.5% chance to 2HKO after \n>chat \u2606smokyaim|Guaranteed ko\n>chat \u2606smokyaim|But this idiot wastes his tera for no fucking reason \n>chat \u2606smokyaim|I'm tierd of tbe fucking idiots getting rewarded for their incompetence \n>chat \u2606smokyaim|That's a crutch for you\n>chat \u2606smokyaim|It's like a crutch that will never let you walk in life\n>chat \u2606smokyaim|Because if there is no consequence to bad decision making you don't learn anything \n>forcelose p1", "uploadtime": 1733518263, "views": 5, "formatid": "gen9randombattle", "rating": 2303, "private": 0, "password": null}