{"id": "gen9randombattle-2245666049", "format": "[Gen 9] Random Battle", "players": ["aymicuqui", "Gloriousplays"], "log": "|j|\u2606aymicuqui\n|j|\u2606Gloriousplays\n|t:|1731862403\n|gametype|singles\n|player|p1|aymicuqui|jessiejames-gen1|2295\n|player|p2|Gloriousplays|ash|2266\n|teamsize|p1|6\n|teamsize|p2|6\n|gen|9\n|tier|[Gen 9] Random Battle\n|rated|\n|rule|Species Clause: Limit one of each Pok\u00e9mon\n|rule|HP Percentage Mod: HP is shown in percentages\n|rule|Sleep Clause Mod: Limit one foe put to sleep\n|rule|Illusion Level Mod: Illusion disguises the Pok\u00e9mon's true level\n|\n|t:|1731862403\n|start\n|switch|p1a: Hoopa|Hoopa, L85|275/275\n|switch|p2a: Oinkologne|Oinkologne-F, L92, F|361/361\n|turn|1\n|\n|t:|1731862428\n|-terastallize|p1a: Hoopa|Fighting\n|move|p2a: Oinkologne|Lash Out|p1a: Hoopa\n|-resisted|p1a: Hoopa\n|-damage|p1a: Hoopa|234/275\n|move|p1a: Hoopa|Focus Blast|p2a: Oinkologne\n|-supereffective|p2a: Oinkologne\n|-damage|p2a: Oinkologne|0 fnt\n|faint|p2a: Oinkologne\n|-damage|p1a: Hoopa|207/275|[from] item: Life Orb\n|\n|upkeep\n|inactive|Battle timer is ON: inactive players will automatically lose when time's up. (requested by aymicuqui)\n|\n|t:|1731862440\n|switch|p2a: Komala|Komala, L89, F|260/260\n|-ability|p2a: Komala|Comatose\n|turn|2\n|\n|t:|1731862446\n|switch|p1a: Ceruledge|Ceruledge, L78, M, shiny|245/245\n|move|p2a: Komala|Double-Edge|p1a: Ceruledge\n|-immune|p1a: Ceruledge\n|\n|upkeep\n|turn|3\n|\n|t:|1731862453\n|switch|p2a: Iron Valiant|Iron Valiant, L78|244/244\n|switch|p1a: Hoopa|Hoopa, L85, tera:Fighting|207/275\n|\n|upkeep\n|turn|4\n|\n|t:|1731862479\n|switch|p1a: Ceruledge|Ceruledge, L78, M, shiny|245/245\n|move|p2a: Iron Valiant|Close Combat|p1a: Ceruledge\n|-immune|p1a: Ceruledge\n|\n|upkeep\n|turn|5\n|inactive|Gloriousplays has 120 seconds left.\n|inactive|aymicuqui has 120 seconds left.\n|\n|t:|1731862516\n|move|p2a: Iron Valiant|Moonblast|p1a: Ceruledge\n|-resisted|p1a: Ceruledge\n|-damage|p1a: Ceruledge|177/245\n|-damage|p2a: Iron Valiant|220/244|[from] item: Life Orb\n|move|p1a: Ceruledge|Swords Dance|p1a: Ceruledge\n|-boost|p1a: Ceruledge|atk|2\n|\n|upkeep\n|turn|6\n|inactive|Gloriousplays has 120 seconds left.\n|\n|t:|1731862531\n|move|p2a: Iron Valiant|Knock Off|p1a: Ceruledge\n|-supereffective|p1a: Ceruledge\n|-damage|p1a: Ceruledge|0 fnt\n|-enditem|p1a: Ceruledge|Heavy-Duty Boots|[from] move: Knock Off|[of] p2a: Iron Valiant\n|faint|p1a: Ceruledge\n|-damage|p2a: Iron Valiant|196/244|[from] item: Life Orb\n|\n|upkeep\n|\n|t:|1731862535\n|switch|p1a: Toedscruel|Toedscruel, L87, M|281/281\n|turn|7\n|inactive|aymicuqui has 120 seconds left.\n|\n|t:|1731862550\n|-terastallize|p2a: Iron Valiant|Fighting\n|move|p2a: Iron Valiant|Close Combat|p1a: Toedscruel\n|-damage|p1a: Toedscruel|0 fnt\n|-unboost|p2a: Iron Valiant|def|1\n|-unboost|p2a: Iron Valiant|spd|1\n|faint|p1a: Toedscruel\n|-damage|p2a: Iron Valiant|172/244|[from] item: Life Orb\n|\n|upkeep\n|inactive|aymicuqui has 120 seconds left.\n|\n|t:|1731862563\n|switch|p1a: Solgaleo|Solgaleo, L74|325/325\n|turn|8\n|inactive|aymicuqui has 120 seconds left.\n|inactive|Gloriousplays has 120 seconds left.\n|\n|t:|1731862586\n|-end|p2a: Iron Valiant|Quark Drive|[silent]\n|switch|p2a: Giratina|Giratina-Origin, L72|335/335\n|move|p1a: Solgaleo|Sunsteel Strike|p2a: Giratina\n|-damage|p2a: Giratina|227/335\n|\n|upkeep\n|turn|9\n|\n|t:|1731862593\n|switch|p1a: Glaceon|Glaceon, L94, M|275/275\n|move|p2a: Giratina|Will-O-Wisp|p1a: Glaceon\n|-status|p1a: Glaceon|brn\n|\n|-damage|p1a: Glaceon|258/275 brn|[from] brn\n|upkeep\n|turn|10\n|\n|t:|1731862600\n|switch|p2a: Komala|Komala, L89, F|260/260\n|-ability|p2a: Komala|Comatose\n|move|p1a: Glaceon|Freeze-Dry|p2a: Komala\n|-damage|p2a: Komala|152/260\n|\n|-damage|p1a: Glaceon|241/275 brn|[from] brn\n|upkeep\n|turn|11\n|\n|t:|1731862606\n|move|p1a: Glaceon|Protect|p1a: Glaceon\n|-singleturn|p1a: Glaceon|Protect\n|move|p2a: Komala|Double-Edge|p1a: Glaceon\n|-activate|p1a: Glaceon|move: Protect\n|\n|-damage|p1a: Glaceon|224/275 brn|[from] brn\n|upkeep\n|turn|12\n|\n|t:|1731862610\n|switch|p1a: Solgaleo|Solgaleo, L74|325/325\n|move|p2a: Komala|Double-Edge|p1a: Solgaleo\n|-resisted|p1a: Solgaleo\n|-damage|p1a: Solgaleo|241/325\n|-damage|p2a: Komala|109/260|[from] item: Rocky Helmet|[of] p1a: Solgaleo\n|-damage|p2a: Komala|81/260|[from] Recoil\n|\n|upkeep\n|turn|13\n|j| traxler counter\n|\n|t:|1731862619\n|move|p2a: Komala|Double-Edge|p1a: Solgaleo\n|-resisted|p1a: Solgaleo\n|-damage|p1a: Solgaleo|169/325\n|-damage|p2a: Komala|38/260|[from] item: Rocky Helmet|[of] p1a: Solgaleo\n|-damage|p2a: Komala|14/260|[from] Recoil\n|move|p1a: Solgaleo|Morning Sun|p1a: Solgaleo\n|-heal|p1a: Solgaleo|325/325\n|\n|upkeep\n|turn|14\n|\n|t:|1731862626\n|move|p2a: Komala|Double-Edge|p1a: Solgaleo\n|-resisted|p1a: Solgaleo\n|-damage|p1a: Solgaleo|245/325\n|-damage|p2a: Komala|0 fnt|[from] item: Rocky Helmet|[of] p1a: Solgaleo\n|faint|p2a: Komala\n|move|p1a: Solgaleo|Sunsteel Strike|p2: Komala|[notarget]\n|-fail|p1a: Solgaleo\n|\n|upkeep\n|\n|t:|1731862642\n|switch|p2a: Giratina|Giratina-Origin, L72|227/335\n|turn|15\n|\n|t:|1731862664\n|switch|p1a: Glaceon|Glaceon, L94, M|224/275 brn\n|move|p2a: Giratina|Dragon Tail|p1a: Glaceon\n|-damage|p1a: Glaceon|170/275 brn\n|drag|p1a: Goodra|Goodra, L85, F|292/292\n|\n|upkeep\n|turn|16\n|\n|t:|1731862674\n|switch|p2a: Primarina|Primarina, L83, M|268/268\n|move|p1a: Goodra|Draco Meteor|p2a: Primarina\n|-immune|p2a: Primarina\n|\n|upkeep\n|turn|17\n|\n|t:|1731862680\n|switch|p2a: Lurantis|Lurantis, L87, F|264/264\n|move|p1a: Goodra|Power Whip|p2a: Lurantis\n|-resisted|p2a: Lurantis\n|-damage|p2a: Lurantis|218/264\n|\n|-heal|p2a: Lurantis|234/264|[from] item: Leftovers\n|upkeep\n|turn|18\n|\n|t:|1731862685\n|move|p1a: Goodra|Fire Blast|p2a: Lurantis\n|-supereffective|p2a: Lurantis\n|-damage|p2a: Lurantis|76/264\n|move|p2a: Lurantis|Superpower|p1a: Goodra\n|-damage|p1a: Goodra|175/292\n|-boost|p2a: Lurantis|atk|1\n|-boost|p2a: Lurantis|def|1\n|\n|-heal|p2a: Lurantis|92/264|[from] item: Leftovers\n|upkeep\n|turn|19\n|\n|t:|1731862692\n|move|p1a: Goodra|Fire Blast|p2a: Lurantis\n|-supereffective|p2a: Lurantis\n|-damage|p2a: Lurantis|0 fnt\n|faint|p2a: Lurantis\n|\n|upkeep\n|\n|t:|1731862701\n|switch|p2a: Iron Valiant|Iron Valiant, L78, tera:Fighting|172/244\n|turn|20\n|\n|t:|1731862712\n|switch|p1a: Hoopa|Hoopa, L85, tera:Fighting|207/275\n|move|p2a: Iron Valiant|Close Combat|p1a: Hoopa\n|-damage|p1a: Hoopa|0 fnt\n|-unboost|p2a: Iron Valiant|def|1\n|-unboost|p2a: Iron Valiant|spd|1\n|faint|p1a: Hoopa\n|-damage|p2a: Iron Valiant|148/244|[from] item: Life Orb\n|\n|upkeep\n|\n|t:|1731862716\n|switch|p1a: Solgaleo|Solgaleo, L74|245/325\n|turn|21\n|\n|t:|1731862743\n|-end|p2a: Iron Valiant|Quark Drive|[silent]\n|switch|p2a: Primarina|Primarina, L83, M|268/268\n|move|p1a: Solgaleo|Sunsteel Strike|p2a: Primarina\n|-damage|p2a: Primarina|138/268\n|\n|-heal|p2a: Primarina|154/268|[from] item: Leftovers\n|upkeep\n|turn|22\n|\n|t:|1731862757\n|move|p1a: Solgaleo|Morning Sun|p1a: Solgaleo\n|-heal|p1a: Solgaleo|325/325\n|move|p2a: Primarina|Draining Kiss|p1a: Solgaleo\n|-resisted|p1a: Solgaleo\n|-damage|p1a: Solgaleo|288/325\n|-heal|p2a: Primarina|182/268|[from] drain|[of] p1a: Solgaleo\n|-damage|p2a: Primarina|138/268|[from] item: Rocky Helmet|[of] p1a: Solgaleo\n|\n|-heal|p2a: Primarina|154/268|[from] item: Leftovers\n|upkeep\n|turn|23\n|\n|t:|1731862761\n|switch|p1a: Glaceon|Glaceon, L94, M|170/275 brn\n|move|p2a: Primarina|Sparkling Aria|p1a: Glaceon\n|-damage|p1a: Glaceon|74/275 brn\n|-curestatus|p1a: Glaceon|brn|[msg]\n|\n|-heal|p2a: Primarina|170/268|[from] item: Leftovers\n|upkeep\n|turn|24\n|\n|t:|1731862768\n|move|p1a: Glaceon|Freeze-Dry|p2a: Primarina\n|-supereffective|p2a: Primarina\n|-damage|p2a: Primarina|0 fnt\n|faint|p2a: Primarina\n|\n|upkeep\n|\n|t:|1731862771\n|switch|p2a: Iron Valiant|Iron Valiant, L78, tera:Fighting|148/244\n|turn|25\n|\n|t:|1731862774\n|move|p2a: Iron Valiant|Close Combat|p1a: Glaceon\n|-supereffective|p1a: Glaceon\n|-damage|p1a: Glaceon|0 fnt\n|-unboost|p2a: Iron Valiant|def|1\n|-unboost|p2a: Iron Valiant|spd|1\n|faint|p1a: Glaceon\n|-damage|p2a: Iron Valiant|124/244|[from] item: Life Orb\n|\n|upkeep\n|\n|t:|1731862776\n|switch|p1a: Solgaleo|Solgaleo, L74|288/325\n|turn|26\n|\n|t:|1731862782\n|-end|p2a: Iron Valiant|Quark Drive|[silent]\n|switch|p2a: Giratina|Giratina-Origin, L72|227/335\n|move|p1a: Solgaleo|Sunsteel Strike|p2a: Giratina\n|-damage|p2a: Giratina|118/335\n|\n|upkeep\n|turn|27\n|\n|t:|1731862801\n|switch|p1a: Goodra|Goodra, L85, F|175/292\n|move|p2a: Giratina|Poltergeist|p1a: Goodra\n|-activate|p1a: Goodra|move: Poltergeist|Assault Vest\n|-damage|p1a: Goodra|39/292\n|\n|upkeep\n|turn|28\n|\n|t:|1731862816\n|move|p1a: Goodra|Draco Meteor|p2a: Giratina\n|-supereffective|p2a: Giratina\n|-damage|p2a: Giratina|0 fnt\n|-unboost|p1a: Goodra|spa|2\n|faint|p2a: Giratina\n|\n|upkeep\n|\n|t:|1731862818\n|switch|p2a: Iron Valiant|Iron Valiant, L78, tera:Fighting|124/244\n|turn|29\n|\n|t:|1731862825\n|move|p2a: Iron Valiant|Close Combat|p1a: Goodra\n|-damage|p1a: Goodra|0 fnt\n|-unboost|p2a: Iron Valiant|def|1\n|-unboost|p2a: Iron Valiant|spd|1\n|faint|p1a: Goodra\n|-damage|p2a: Iron Valiant|100/244|[from] item: Life Orb\n|\n|upkeep\n|\n|t:|1731862827\n|switch|p1a: Solgaleo|Solgaleo, L74|288/325\n|turn|30\n|\n|t:|1731862833\n|move|p2a: Iron Valiant|Close Combat|p1a: Solgaleo\n|-damage|p1a: Solgaleo|41/325\n|-unboost|p2a: Iron Valiant|def|1\n|-unboost|p2a: Iron Valiant|spd|1\n|-damage|p2a: Iron Valiant|60/244|[from] item: Rocky Helmet|[of] p1a: Solgaleo\n|-damage|p2a: Iron Valiant|36/244|[from] item: Life Orb\n|move|p1a: Solgaleo|Psychic Fangs|p2a: Iron Valiant\n|-supereffective|p2a: Iron Valiant\n|-damage|p2a: Iron Valiant|0 fnt\n|faint|p2a: Iron Valiant\n|-end|p2a: Iron Valiant|Quark Drive|[silent]\n|\n|win|aymicuqui\n|raw|aymicuqui's rating: 2295 &rarr; <strong>2313</strong><br />(+18 for winning)\n|raw|Gloriousplays's rating: 2266 &rarr; <strong>2248</strong><br />(-18 for losing)\n", "inputlog": ">version 48604a2341c6e7bec58958c0f00ddbd3a745b6d0\n>start {\"formatid\":\"gen9randombattle\",\"seed\":[11040,43043,19457,40531],\"rated\":\"Rated battle\"}\n>player p1 {\"name\":\"aymicuqui\",\"avatar\":\"jessiejames-gen1\",\"rating\":2295,\"seed\":[45989,11398,57664,22202]}\n>player p2 {\"name\":\"Gloriousplays\",\"avatar\":\"ash\",\"rating\":2266,\"seed\":[48526,6617,25440,12625]}\n>p1 move focusblast terastallize\n>p2 move lashout\n>p2 switch 4\n>p1 switch 2\n>p2 move doubleedge\n>p1 switch 2\n>p2 switch 3\n>p1 switch 2\n>p2 move closecombat\n>p1 move swordsdance\n>p2 move moonblast\n>p1 move bitterblade\n>p2 move knockoff\n>p1 switch 6\n>p1 move rapidspin\n>p2 move closecombat terastallize\n>p1 switch 3\n>p1 move sunsteelstrike\n>p2 switch 6\n>p1 switch 4\n>p2 move willowisp\n>p1 move freezedry\n>p2 switch 3\n>p1 move protect\n>p2 move doubleedge\n>p1 switch 4\n>p2 move doubleedge\n>p1 move morningsun\n>p2 move doubleedge\n>p1 move sunsteelstrike\n>p2 move doubleedge\n>p2 switch 3\n>p1 switch 4\n>p2 move dragontail\n>p1 move dracometeor\n>p2 switch 5\n>p1 move powerwhip\n>p2 switch 2\n>p1 move fireblast\n>p2 move superpower\n>p1 move fireblast\n>p2 move superpower\n>p2 switch 6\n>p1 switch 2\n>p2 move closecombat\n>p1 switch 4\n>p1 move sunsteelstrike\n>p2 switch 2\n>p1 move morningsun\n>p2 move drainingkiss\n>p1 switch 5\n>p2 move sparklingaria\n>p1 move freezedry\n>p2 move sparklingaria\n>p2 switch 2\n>p1 move freezedry\n>p2 move closecombat\n>p1 switch 5\n>p1 move sunsteelstrike\n>p2 switch 5\n>p1 switch 2\n>p2 move poltergeist\n>p1 move dracometeor\n>p2 move poltergeist\n>p2 switch 5\n>p1 move dracometeor\n>p2 move closecombat\n>p1 switch 2\n>p1 move psychicfangs\n>p2 move closecombat", "uploadtime": 1731862835, "views": 51, "formatid": "gen9randombattle", "rating": 2248, "private": 0, "password": null}