{"id": "gen9randombattle-2260900770", "format": "[Gen 9] Random Battle", "players": ["kilabu", "DeewTheDeewde"], "log": "|j|\u2606kilabu\n|j|\u2606DeewTheDeewde\n|t:|1733913552\n|gametype|singles\n|player|p1|kilabu|101|1488\n|player|p2|DeewTheDeewde|n|1479\n|teamsize|p1|6\n|teamsize|p2|6\n|gen|9\n|tier|[Gen 9] Random Battle\n|rated|\n|rule|Species Clause: Limit one of each Pok\u00e9mon\n|rule|HP Percentage Mod: HP is shown in percentages\n|rule|Sleep Clause Mod: Limit one foe put to sleep\n|rule|Illusion Level Mod: Illusion disguises the Pok\u00e9mon's true level\n|\n|t:|1733913552\n|start\n|switch|p1a: Iron Thorns|Iron Thorns, L83|302/302\n|switch|p2a: Torterra|Torterra, L78, M|276/276\n|turn|1\n|\n|t:|1733913564\n|-end|p1a: Iron Thorns|Quark Drive|[silent]\n|switch|p1a: Skarmory|Skarmory, L80, M|235/235\n|move|p2a: Torterra|Shell Smash|p2a: Torterra\n|-unboost|p2a: Torterra|def|1\n|-unboost|p2a: Torterra|spd|1\n|-boost|p2a: Torterra|atk|2\n|-boost|p2a: Torterra|spa|2\n|-boost|p2a: Torterra|spe|2\n|\n|upkeep\n|turn|2\n|\n|t:|1733913576\n|move|p2a: Torterra|Rock Blast|p1a: Skarmory\n|-damage|p1a: Skarmory|210/235\n|-damage|p1a: Skarmory|185/235\n|-damage|p1a: Skarmory|160/235\n|-damage|p1a: Skarmory|136/235\n|-damage|p1a: Skarmory|112/235\n|-hitcount|p1a: Skarmory|5\n|move|p1a: Skarmory|Brave Bird|p2a: Torterra\n|-supereffective|p2a: Torterra\n|-damage|p2a: Torterra|0 fnt\n|faint|p2a: Torterra\n|-damage|p1a: Skarmory|21/235|[from] Recoil\n|\n|-heal|p1a: Skarmory|35/235|[from] item: Leftovers\n|upkeep\n|\n|t:|1733913608\n|switch|p2a: Suicune|Suicune, L82|298/298\n|-ability|p2a: Suicune|Pressure\n|turn|3\n|\n|t:|1733913630\n|move|p2a: Suicune|Scald|p1a: Skarmory\n|-damage|p1a: Skarmory|0 fnt\n|faint|p1a: Skarmory\n|\n|upkeep\n|\n|t:|1733913645\n|switch|p1a: Kommo-o|Kommo-o, L78, F|245/245\n|turn|4\n|\n|t:|1733913657\n|move|p2a: Suicune|Substitute|p2a: Suicune\n|-start|p2a: Suicune|Substitute\n|-damage|p2a: Suicune|224/298\n|move|p1a: Kommo-o|Swords Dance|p1a: Kommo-o\n|-boost|p1a: Kommo-o|atk|2\n|\n|-heal|p2a: Suicune|242/298|[from] item: Leftovers\n|upkeep\n|turn|5\n|\n|t:|1733913664\n|move|p2a: Suicune|Scald|p1a: Kommo-o\n|-resisted|p1a: Kommo-o\n|-damage|p1a: Kommo-o|208/245\n|-status|p1a: Kommo-o|brn\n|move|p1a: Kommo-o|Scale Shot|p2a: Suicune|[miss]\n|-miss|p1a: Kommo-o|p2a: Suicune\n|\n|-heal|p2a: Suicune|260/298|[from] item: Leftovers\n|-damage|p1a: Kommo-o|193/245 brn|[from] brn\n|upkeep\n|turn|6\n|\n|t:|1733913685\n|move|p2a: Suicune|Scald|p1a: Kommo-o\n|-resisted|p1a: Kommo-o\n|-damage|p1a: Kommo-o|157/245 brn\n|move|p1a: Kommo-o|Swords Dance|p1a: Kommo-o\n|-boost|p1a: Kommo-o|atk|2\n|\n|-heal|p2a: Suicune|278/298|[from] item: Leftovers\n|-damage|p1a: Kommo-o|142/245 brn|[from] brn\n|upkeep\n|turn|7\n|\n|t:|1733913695\n|move|p2a: Suicune|Scald|p1a: Kommo-o\n|-resisted|p1a: Kommo-o\n|-damage|p1a: Kommo-o|109/245 brn\n|move|p1a: Kommo-o|Scale Shot|p2a: Suicune\n|-activate|p2a: Suicune|move: Substitute|[damage]\n|-activate|p2a: Suicune|move: Substitute|[damage]\n|-end|p2a: Suicune|Substitute\n|-damage|p2a: Suicune|247/298\n|-hitcount|p2a: Suicune|4\n|-unboost|p1a: Kommo-o|def|1\n|-boost|p1a: Kommo-o|spe|1\n|\n|-heal|p2a: Suicune|265/298|[from] item: Leftovers\n|-damage|p1a: Kommo-o|94/245 brn|[from] brn\n|upkeep\n|turn|8\n|\n|t:|1733913710\n|move|p2a: Suicune|Protect|p2a: Suicune\n|-singleturn|p2a: Suicune|Protect\n|move|p1a: Kommo-o|Scale Shot|p2a: Suicune\n|-activate|p2a: Suicune|move: Protect\n|\n|-heal|p2a: Suicune|283/298|[from] item: Leftovers\n|-damage|p1a: Kommo-o|79/245 brn|[from] brn\n|upkeep\n|turn|9\n|inactive|Battle timer is ON: inactive players will automatically lose when time's up. (requested by DeewTheDeewde)\n|\n|t:|1733913722\n|move|p1a: Kommo-o|Scale Shot|p2a: Suicune|[miss]\n|-miss|p1a: Kommo-o|p2a: Suicune\n|move|p2a: Suicune|Scald|p1a: Kommo-o\n|-resisted|p1a: Kommo-o\n|-damage|p1a: Kommo-o|46/245 brn\n|\n|-heal|p2a: Suicune|298/298|[from] item: Leftovers\n|-damage|p1a: Kommo-o|31/245 brn|[from] brn\n|upkeep\n|turn|10\n|\n|t:|1733913733\n|move|p2a: Suicune|Protect|p2a: Suicune\n|-singleturn|p2a: Suicune|Protect\n|move|p1a: Kommo-o|Scale Shot|p2a: Suicune\n|-activate|p2a: Suicune|move: Protect\n|\n|-damage|p1a: Kommo-o|16/245 brn|[from] brn\n|upkeep\n|turn|11\n|\n|t:|1733913751\n|move|p1a: Kommo-o|Scale Shot|p2a: Suicune\n|-damage|p2a: Suicune|265/298\n|-damage|p2a: Suicune|232/298\n|-damage|p2a: Suicune|202/298\n|-damage|p2a: Suicune|170/298\n|-hitcount|p2a: Suicune|4\n|-unboost|p1a: Kommo-o|def|1\n|-boost|p1a: Kommo-o|spe|1\n|move|p2a: Suicune|Calm Mind|p2a: Suicune\n|-boost|p2a: Suicune|spa|1\n|-boost|p2a: Suicune|spd|1\n|\n|-heal|p2a: Suicune|188/298|[from] item: Leftovers\n|-damage|p1a: Kommo-o|1/245 brn|[from] brn\n|upkeep\n|turn|12\n|\n|t:|1733913765\n|move|p2a: Suicune|Protect|p2a: Suicune\n|-singleturn|p2a: Suicune|Protect\n|move|p1a: Kommo-o|Scale Shot|p2a: Suicune\n|-activate|p2a: Suicune|move: Protect\n|\n|-heal|p2a: Suicune|206/298|[from] item: Leftovers\n|-damage|p1a: Kommo-o|0 fnt|[from] brn\n|faint|p1a: Kommo-o\n|upkeep\n|\n|t:|1733913787\n|switch|p1a: Mimikyu|Mimikyu, L79, M|216/216\n|turn|13\n|\n|t:|1733913796\n|move|p1a: Mimikyu|Swords Dance|p1a: Mimikyu\n|-boost|p1a: Mimikyu|atk|2\n|move|p2a: Suicune|Scald|p1a: Mimikyu\n|-activate|p1a: Mimikyu|ability: Disguise\n|-damage|p1a: Mimikyu|216/216\n|detailschange|p1a: Mimikyu|Mimikyu-Busted, L79, M\n|-damage|p1a: Mimikyu|189/216|[from] pokemon: Mimikyu-Busted\n|\n|-heal|p2a: Suicune|224/298|[from] item: Leftovers\n|upkeep\n|turn|14\n|\n|t:|1733913808\n|move|p1a: Mimikyu|Shadow Claw|p2a: Suicune\n|-damage|p2a: Suicune|91/298\n|-damage|p1a: Mimikyu|168/216|[from] item: Life Orb\n|move|p2a: Suicune|Scald|p1a: Mimikyu\n|-crit|p1a: Mimikyu\n|-damage|p1a: Mimikyu|12/216\n|-status|p1a: Mimikyu|brn\n|\n|-heal|p2a: Suicune|109/298|[from] item: Leftovers\n|-damage|p1a: Mimikyu|0 fnt|[from] brn\n|faint|p1a: Mimikyu\n|upkeep\n|\n|t:|1733913821\n|switch|p1a: Espeon|Espeon, L84, F|246/246\n|turn|15\n|\n|t:|1733913827\n|move|p2a: Suicune|Protect|p2a: Suicune\n|-singleturn|p2a: Suicune|Protect\n|move|p1a: Espeon|Psyshock|p2a: Suicune\n|-activate|p2a: Suicune|move: Protect\n|\n|-heal|p2a: Suicune|127/298|[from] item: Leftovers\n|upkeep\n|turn|16\n|\n|t:|1733913835\n|move|p1a: Espeon|Psyshock|p2a: Suicune\n|-damage|p2a: Suicune|1/298\n|-damage|p1a: Espeon|222/246|[from] item: Life Orb\n|move|p2a: Suicune|Scald|p1a: Espeon\n|-damage|p1a: Espeon|120/246\n|-status|p1a: Espeon|brn\n|\n|-heal|p2a: Suicune|19/298|[from] item: Leftovers\n|-damage|p1a: Espeon|105/246 brn|[from] brn\n|upkeep\n|turn|17\n|c|\u2606DeewTheDeewde|Sui!!!!!!cune is the goat fr\n|\n|t:|1733913854\n|move|p2a: Suicune|Protect|p2a: Suicune\n|-singleturn|p2a: Suicune|Protect\n|move|p1a: Espeon|Psyshock|p2a: Suicune\n|-activate|p2a: Suicune|move: Protect\n|\n|-heal|p2a: Suicune|37/298|[from] item: Leftovers\n|-damage|p1a: Espeon|90/246 brn|[from] brn\n|upkeep\n|turn|18\n|\n|t:|1733913866\n|move|p2a: Suicune|Protect|p2a: Suicune\n|-singleturn|p2a: Suicune|Protect\n|move|p1a: Espeon|Psyshock|p2a: Suicune\n|-activate|p2a: Suicune|move: Protect\n|\n|-heal|p2a: Suicune|55/298|[from] item: Leftovers\n|-damage|p1a: Espeon|75/246 brn|[from] brn\n|upkeep\n|turn|19\n|c|\u2606DeewTheDeewde|goated\n|\n|t:|1733913880\n|switch|p2a: Eelektross|Eelektross, L87, M|290/290\n|move|p1a: Espeon|Psyshock|p2a: Eelektross\n|-damage|p2a: Eelektross|141/290\n|-damage|p1a: Espeon|51/246 brn|[from] item: Life Orb\n|\n|-damage|p1a: Espeon|36/246 brn|[from] brn\n|upkeep\n|turn|20\n|\n|t:|1733913895\n|move|p1a: Espeon|Morning Sun|p1a: Espeon\n|-heal|p1a: Espeon|159/246 brn\n|move|p2a: Eelektross|U-turn|p1a: Espeon\n|-supereffective|p1a: Espeon\n|-damage|p1a: Espeon|13/246 brn\n|\n|t:|1733913901\n|switch|p2a: Suicune|Suicune, L82|55/298|[from] U-turn\n|-ability|p2a: Suicune|Pressure\n|\n|-heal|p2a: Suicune|73/298|[from] item: Leftovers\n|-damage|p1a: Espeon|0 fnt|[from] brn\n|faint|p1a: Espeon\n|upkeep\n|\n|t:|1733913908\n|switch|p1a: Houndstone|Houndstone, L86, M|264/264\n|turn|21\n|c|\u2606DeewTheDeewde|goatcune racking up dem kills fr\n|\n|t:|1733913920\n|move|p2a: Suicune|Protect|p2a: Suicune\n|-singleturn|p2a: Suicune|Protect\n|move|p1a: Houndstone|Poltergeist|p2a: Suicune\n|-activate|p2a: Suicune|move: Protect\n|\n|-heal|p2a: Suicune|91/298|[from] item: Leftovers\n|upkeep\n|turn|22\n|\n|t:|1733913929\n|switch|p2a: Arceus|Arceus, L68|276/276\n|move|p1a: Houndstone|Poltergeist|p2a: Arceus\n|-immune|p2a: Arceus\n|\n|upkeep\n|turn|23\n|\n|t:|1733913939\n|move|p2a: Arceus|Swords Dance|p2a: Arceus\n|-boost|p2a: Arceus|atk|2\n|move|p1a: Houndstone|Body Press|p2a: Arceus\n|-supereffective|p2a: Arceus\n|-damage|p2a: Arceus|156/276\n|\n|upkeep\n|turn|24\n|\n|t:|1733913961\n|move|p2a: Arceus|Swords Dance|p2a: Arceus\n|-boost|p2a: Arceus|atk|2\n|move|p1a: Houndstone|Body Press|p2a: Arceus\n|-supereffective|p2a: Arceus\n|-damage|p2a: Arceus|30/276\n|\n|upkeep\n|turn|25\n|\n|t:|1733913970\n|move|p2a: Arceus|Earthquake|p1a: Houndstone\n|-damage|p1a: Houndstone|72/264\n|-damage|p2a: Arceus|3/276|[from] item: Life Orb\n|move|p1a: Houndstone|Body Press|p2a: Arceus\n|-supereffective|p2a: Arceus\n|-damage|p2a: Arceus|0 fnt\n|faint|p2a: Arceus\n|\n|-heal|p1a: Houndstone|88/264|[from] item: Leftovers\n|upkeep\n|\n|t:|1733913987\n|switch|p2a: Suicune|Suicune, L82|91/298\n|-ability|p2a: Suicune|Pressure\n|turn|26\n|\n|t:|1733913992\n|move|p2a: Suicune|Scald|p1a: Houndstone\n|-damage|p1a: Houndstone|19/264\n|move|p1a: Houndstone|Poltergeist|p2a: Suicune\n|-activate|p2a: Suicune|move: Poltergeist|Leftovers\n|-damage|p2a: Suicune|0 fnt\n|faint|p2a: Suicune\n|\n|-heal|p1a: Houndstone|35/264|[from] item: Leftovers\n|upkeep\n|c|\u2606DeewTheDeewde|RIP Goatcune\n|\n|t:|1733914006\n|switch|p2a: Sceptile|Sceptile, L87, M|264/264\n|turn|27\n|\n|t:|1733914013\n|move|p1a: Houndstone|Shadow Sneak|p2a: Sceptile\n|-damage|p2a: Sceptile|204/264\n|move|p2a: Sceptile|Leaf Blade|p1a: Houndstone\n|-damage|p1a: Houndstone|0 fnt\n|faint|p1a: Houndstone\n|-damage|p2a: Sceptile|178/264|[from] item: Life Orb\n|\n|upkeep\n|\n|t:|1733914020\n|switch|p1a: Iron Thorns|Iron Thorns, L83|302/302\n|turn|28\n|\n|t:|1733914034\n|move|p2a: Sceptile|Earthquake|p1a: Iron Thorns\n|-supereffective|p1a: Iron Thorns\n|-damage|p1a: Iron Thorns|0 fnt\n|faint|p1a: Iron Thorns\n|-end|p1a: Iron Thorns|Quark Drive|[silent]\n|-damage|p2a: Sceptile|152/264|[from] item: Life Orb\n|\n|win|DeewTheDeewde\n|raw|kilabu's rating: 1488 &rarr; <strong>1467</strong><br />(-21 for losing)\n|raw|DeewTheDeewde's rating: 1479 &rarr; <strong>1500</strong><br />(+21 for winning)\n|c|\u2606DeewTheDeewde|gg\n|l|\u2606kilabu\n|player|p1|\n", "inputlog": ">version bfd83cad13791eb5a5a409923076391caf6fb4d4\n>start {\"formatid\":\"gen9randombattle\",\"seed\":[39236,6841,45998,35742],\"rated\":\"Rated battle\"}\n>player p1 {\"name\":\"kilabu\",\"avatar\":\"101\",\"rating\":1488,\"seed\":[31140,32012,13748,16479]}\n>player p2 {\"name\":\"DeewTheDeewde\",\"avatar\":\"n\",\"rating\":1479,\"seed\":[5918,20826,14479,56285]}\n>p1 switch 2\n>p2 move shellsmash\n>p1 move bravebird\n>p2 move rockblast\n>p2 switch 5\n>p1 move roost\n>p2 move scald\n>p1 switch 6\n>p1 move swordsdance\n>p2 move substitute\n>p1 move scaleshot\n>p2 move scald\n>p1 move swordsdance\n>p2 move scald\n>p1 move scaleshot\n>p2 move scald\n>p1 move scaleshot\n>p2 move protect\n>p1 move scaleshot\n>p2 move scald\n>p1 move scaleshot\n>p2 move protect\n>p1 move scaleshot\n>p2 move calmmind\n>p1 move scaleshot\n>p2 move protect\n>p1 switch 4\n>p1 move swordsdance\n>p2 move scald\n>p1 move shadowclaw\n>p2 move scald\n>p1 switch 3\n>p1 move psyshock\n>p2 move protect\n>p1 move psyshock\n>p2 move scald\n>chat \u2606DeewTheDeewde|Sui!!!!!!cune is the goat fr\n>p1 move psyshock\n>p2 move protect\n>p1 move psyshock\n>p2 move protect\n>chat \u2606DeewTheDeewde|goated\n>p1 move psyshock\n>p2 switch 4\n>p1 move morningsun\n>p2 move uturn\n>p2 switch 4\n>p1 switch 5\n>chat \u2606DeewTheDeewde|goatcune racking up dem kills fr\n>p1 move poltergeist\n>p2 move protect\n>p1 move poltergeist\n>p2 switch 6\n>p1 move bodypress\n>p2 move swordsdance\n>p1 move bodypress\n>p2 move swordsdance\n>p1 move bodypress\n>p2 move earthquake\n>p2 switch 6\n>p1 move poltergeist\n>p2 move scald\n>chat \u2606DeewTheDeewde|RIP Goatcune\n>p2 switch 3\n>p1 move shadowsneak\n>p2 move leafblade\n>p1 switch 2\n>p1 move stoneedge\n>p2 move earthquake", "uploadtime": 1733914050, "views": 2, "formatid": "gen9randombattle", "rating": 1467, "private": 0, "password": null}