{"id": "gen9randombattle-2259891264", "format": "[Gen 9] Random Battle", "players": ["LifeBrandIcyGel", "Avide C."], "log": "|j|\u2606LifeBrandIcyGel\n|j|\u2606Avide C.\n|t:|1733777009\n|gametype|singles\n|player|p1|LifeBrandIcyGel|169|1631\n|player|p2|Avide C.|acetrainer-gen4dp|1666\n|teamsize|p1|6\n|teamsize|p2|6\n|gen|9\n|tier|[Gen 9] Random Battle\n|rated|\n|rule|Species Clause: Limit one of each Pok\u00e9mon\n|rule|HP Percentage Mod: HP is shown in percentages\n|rule|Sleep Clause Mod: Limit one foe put to sleep\n|rule|Illusion Level Mod: Illusion disguises the Pok\u00e9mon's true level\n|\n|t:|1733777009\n|start\n|switch|p1a: Chien-Pao|Chien-Pao, L72|234/234\n|switch|p2a: Dragonite|Dragonite, L74, F|257/257\n|-ability|p1a: Chien-Pao|Sword of Ruin\n|turn|1\n|inactive|Battle timer is ON: inactive players will automatically lose when time's up. (requested by LifeBrandIcyGel)\n|\n|t:|1733777032\n|switch|p2a: Ursaring|Ursaring, L84, M|288/288\n|move|p1a: Chien-Pao|Swords Dance|p1a: Chien-Pao\n|-boost|p1a: Chien-Pao|atk|2\n|\n|upkeep\n|turn|2\n|\n|t:|1733777039\n|move|p1a: Chien-Pao|Sacred Sword|p2a: Ursaring\n|-supereffective|p2a: Ursaring\n|-damage|p2a: Ursaring|54/288\n|move|p2a: Ursaring|Body Slam|p1a: Chien-Pao\n|-damage|p1a: Chien-Pao|86/234\n|\n|upkeep\n|turn|3\n|\n|t:|1733777049\n|-terastallize|p2a: Ursaring|Ghost\n|move|p1a: Chien-Pao|Sacred Sword|p2a: Ursaring\n|-immune|p2a: Ursaring\n|move|p2a: Ursaring|Body Slam|p1a: Chien-Pao\n|-damage|p1a: Chien-Pao|0 fnt\n|faint|p1a: Chien-Pao\n|\n|upkeep\n|inactive|LifeBrandIcyGel has 120 seconds left.\n|\n|t:|1733777075\n|switch|p1a: Flygon|Flygon, L82, F|265/265\n|turn|4\n|\n|t:|1733777088\n|switch|p2a: Giratina|Giratina, L75|349/349\n|-ability|p2a: Giratina|Pressure\n|move|p1a: Flygon|Earthquake|p2a: Giratina\n|-damage|p2a: Giratina|262/349\n|\n|-heal|p2a: Giratina|283/349|[from] item: Leftovers\n|upkeep\n|turn|5\n|\n|t:|1733777099\n|move|p1a: Flygon|Outrage|p2a: Giratina\n|-supereffective|p2a: Giratina\n|-damage|p2a: Giratina|67/349\n|move|p2a: Giratina|Dragon Pulse|p1a: Flygon\n|-supereffective|p1a: Flygon\n|-damage|p1a: Flygon|101/265\n|\n|-heal|p2a: Giratina|88/349|[from] item: Leftovers\n|upkeep\n|turn|6\n|\n|t:|1733777108\n|switch|p2a: Mudsdale|Mudsdale, L84, M|305/305\n|move|p1a: Flygon|Outrage|p2a: Mudsdale|[from]lockedmove\n|-damage|p2a: Mudsdale|184/305\n|-ability|p2a: Mudsdale|Stamina|boost\n|-boost|p2a: Mudsdale|def|1\n|\n|-heal|p2a: Mudsdale|203/305|[from] item: Leftovers\n|upkeep\n|turn|7\n|\n|t:|1733777117\n|move|p1a: Flygon|Outrage|p2a: Mudsdale|[from]lockedmove\n|-crit|p2a: Mudsdale\n|-damage|p2a: Mudsdale|34/305\n|-ability|p2a: Mudsdale|Stamina|boost\n|-boost|p2a: Mudsdale|def|1\n|-start|p1a: Flygon|confusion|[fatigue]\n|-enditem|p1a: Flygon|Lum Berry|[eat]\n|-end|p1a: Flygon|confusion\n|move|p2a: Mudsdale|Heavy Slam|p1a: Flygon\n|-damage|p1a: Flygon|0 fnt\n|faint|p1a: Flygon\n|\n|-heal|p2a: Mudsdale|53/305|[from] item: Leftovers\n|upkeep\n|\n|t:|1733777138\n|switch|p1a: Manaphy|Manaphy, L78|284/284\n|turn|8\n|\n|t:|1733777153\n|move|p1a: Manaphy|Tail Glow|p1a: Manaphy\n|-boost|p1a: Manaphy|spa|3\n|move|p2a: Mudsdale|Roar|p1a: Manaphy\n|drag|p1a: Qwilfish|Qwilfish, L86, F|252/252\n|-ability|p1a: Qwilfish|Intimidate|boost\n|-unboost|p2a: Mudsdale|atk|1\n|\n|-heal|p2a: Mudsdale|72/305|[from] item: Leftovers\n|upkeep\n|turn|9\n|\n|t:|1733777174\n|move|p1a: Qwilfish|Flip Turn|p2a: Mudsdale\n|-supereffective|p2a: Mudsdale\n|-damage|p2a: Mudsdale|12/305\n|-ability|p2a: Mudsdale|Stamina|boost\n|-boost|p2a: Mudsdale|def|1\n|\n|t:|1733777183\n|switch|p1a: Iron Crown|Iron Crown, L78|268/268|[from] Flip Turn\n|move|p2a: Mudsdale|Earthquake|p1a: Iron Crown\n|-supereffective|p1a: Iron Crown\n|-damage|p1a: Iron Crown|88/268\n|\n|-heal|p2a: Mudsdale|31/305|[from] item: Leftovers\n|upkeep\n|turn|10\n|\n|t:|1733777201\n|move|p1a: Iron Crown|Tachyon Cutter|p2a: Mudsdale\n|-damage|p2a: Mudsdale|0 fnt\n|faint|p2a: Mudsdale\n|-hitcount|p2: Mudsdale|1\n|\n|upkeep\n|\n|t:|1733777225\n|switch|p2a: Golduck|Golduck, L90, F|290/290\n|-ability|p2a: Golduck|Cloud Nine\n|turn|11\n|\n|t:|1733777234\n|move|p2a: Golduck|Hydro Pump|p1a: Iron Crown\n|-damage|p1a: Iron Crown|0 fnt\n|faint|p1a: Iron Crown\n|-end|p1a: Iron Crown|Quark Drive|[silent]\n|\n|upkeep\n|\n|t:|1733777239\n|switch|p1a: Manaphy|Manaphy, L78|284/284\n|turn|12\n|\n|t:|1733777244\n|move|p2a: Golduck|Nasty Plot|p2a: Golduck\n|-boost|p2a: Golduck|spa|2\n|move|p1a: Manaphy|Tail Glow|p1a: Manaphy\n|-boost|p1a: Manaphy|spa|3\n|\n|upkeep\n|turn|13\n|\n|t:|1733777250\n|move|p2a: Golduck|Encore|p1a: Manaphy\n|-start|p1a: Manaphy|Encore\n|move|p1a: Manaphy|Tail Glow|p1a: Manaphy\n|-boost|p1a: Manaphy|spa|3\n|\n|upkeep\n|turn|14\n|\n|t:|1733777256\n|move|p2a: Golduck|Nasty Plot|p2a: Golduck\n|-boost|p2a: Golduck|spa|2\n|move|p1a: Manaphy|Tail Glow|p1a: Manaphy\n|-boost|p1a: Manaphy|spa|0\n|\n|upkeep\n|turn|15\n|\n|t:|1733777262\n|move|p2a: Golduck|Grass Knot|p1a: Manaphy\n|-supereffective|p1a: Manaphy\n|-crit|p1a: Manaphy\n|-damage|p1a: Manaphy|148/284\n|move|p1a: Manaphy|Tail Glow|p1a: Manaphy\n|-boost|p1a: Manaphy|spa|0\n|\n|-heal|p1a: Manaphy|165/284|[from] item: Leftovers\n|-end|p1a: Manaphy|Encore\n|upkeep\n|turn|16\n|\n|t:|1733777271\n|move|p2a: Golduck|Encore|p1a: Manaphy\n|-start|p1a: Manaphy|Encore\n|move|p1a: Manaphy|Tail Glow|p1a: Manaphy\n|-boost|p1a: Manaphy|spa|0\n|\n|-heal|p1a: Manaphy|182/284|[from] item: Leftovers\n|upkeep\n|turn|17\n|\n|t:|1733777280\n|switch|p1a: Qwilfish|Qwilfish, L86, F|252/252\n|-ability|p1a: Qwilfish|Intimidate|boost\n|-unboost|p2a: Golduck|atk|1\n|move|p2a: Golduck|Nasty Plot|p2a: Golduck\n|-boost|p2a: Golduck|spa|2\n|\n|upkeep\n|turn|18\n|\n|t:|1733777288\n|move|p2a: Golduck|Hydro Pump|p1a: Qwilfish\n|-resisted|p1a: Qwilfish\n|-damage|p1a: Qwilfish|0 fnt\n|faint|p1a: Qwilfish\n|\n|upkeep\n|\n|t:|1733777292\n|switch|p1a: Tsareena|Tsareena, L87, F|267/267\n|turn|19\n|\n|t:|1733777312\n|switch|p2a: Dragonite|Dragonite, L74, F|257/257\n|move|p1a: Tsareena|Power Whip|p2a: Dragonite\n|-resisted|p2a: Dragonite\n|-damage|p2a: Dragonite|237/257\n|\n|upkeep\n|turn|20\n|\n|t:|1733777319\n|move|p1a: Tsareena|U-turn|p2a: Dragonite\n|-resisted|p2a: Dragonite\n|-damage|p2a: Dragonite|206/257\n|\n|t:|1733777322\n|switch|p1a: Manaphy|Manaphy, L78|182/284|[from] U-turn\n|move|p2a: Dragonite|Dragon Dance|p2a: Dragonite\n|-boost|p2a: Dragonite|atk|1\n|-boost|p2a: Dragonite|spe|1\n|\n|-heal|p1a: Manaphy|199/284|[from] item: Leftovers\n|upkeep\n|turn|21\n|\n|t:|1733777329\n|move|p2a: Dragonite|Outrage|p1a: Manaphy\n|-damage|p1a: Manaphy|19/284\n|move|p1a: Manaphy|Ice Beam|p2a: Dragonite\n|-supereffective|p2a: Dragonite\n|-damage|p2a: Dragonite|0 fnt\n|faint|p2a: Dragonite\n|\n|-heal|p1a: Manaphy|36/284|[from] item: Leftovers\n|upkeep\n|\n|t:|1733777345\n|switch|p2a: Metagross|Metagross, L79|256/256\n|turn|22\n|\n|t:|1733777348\n|move|p1a: Manaphy|Surf|p2a: Metagross\n|-damage|p2a: Metagross|169/256\n|move|p2a: Metagross|Agility|p2a: Metagross\n|-boost|p2a: Metagross|spe|2\n|\n|-heal|p1a: Manaphy|53/284|[from] item: Leftovers\n|upkeep\n|turn|23\n|\n|t:|1733777357\n|move|p2a: Metagross|Psychic Fangs|p1a: Manaphy\n|-damage|p1a: Manaphy|0 fnt\n|faint|p1a: Manaphy\n|\n|upkeep\n|-message|LifeBrandIcyGel forfeited.\n|\n|win|Avide C.\n|raw|LifeBrandIcyGel's rating: 1631 &rarr; <strong>1613</strong><br />(-18 for losing)\n|raw|Avide C.'s rating: 1666 &rarr; <strong>1684</strong><br />(+18 for winning)\n|l|\u2606LifeBrandIcyGel\n|player|p1|\n", "inputlog": ">version bfd83cad13791eb5a5a409923076391caf6fb4d4\n>start {\"formatid\":\"gen9randombattle\",\"seed\":[6003,41116,14701,23313],\"rated\":\"Rated battle\"}\n>player p1 {\"name\":\"LifeBrandIcyGel\",\"avatar\":\"169\",\"rating\":1631,\"seed\":[35824,31370,33724,1297]}\n>player p2 {\"name\":\"Avide C.\",\"avatar\":\"acetrainer-gen4dp\",\"rating\":1666,\"seed\":[32984,24869,41134,43796]}\n>p1 move swordsdance\n>p2 switch 3\n>p1 move sacredsword\n>p2 move bodyslam\n>p1 move sacredsword\n>p2 move bodyslam terastallize\n>p1 switch 5\n>p1 move earthquake\n>p2 switch 6\n>p1 move outrage\n>p2 move dragonpulse\n>p1 move outrage\n>p2 switch 5\n>p1 move outrage\n>p2 move heavyslam\n>p1 switch 6\n>p1 move tailglow\n>p2 move roar\n>p1 move flipturn\n>p2 move earthquake\n>p1 switch 2\n>p1 move tachyoncutter\n>p2 move earthquake\n>p2 switch 4\n>p1 move tachyoncutter\n>p2 move hydropump\n>p1 switch 4\n>p1 move tailglow\n>p2 move nastyplot\n>p1 move energyball\n>p2 move encore\n>p1 move tailglow\n>p2 move nastyplot\n>p1 move tailglow\n>p2 move grassknot\n>p1 move energyball\n>p2 move encore\n>p1 switch 2\n>p2 move nastyplot\n>p1 move painsplit\n>p2 move hydropump\n>p1 switch 3\n>p1 move powerwhip\n>p2 switch 3\n>p1 move uturn\n>p2 move dragondance\n>p1 switch 2\n>p1 move icebeam\n>p2 move outrage\n>p2 switch 2\n>p1 move surf\n>p2 move agility\n>p1 move surf\n>p2 move psychicfangs\n>forcelose p1", "uploadtime": 1733777364, "views": 1, "formatid": "gen9randombattle", "rating": 1613, "private": 0, "password": null}