{"id": "gen9randombattle-2260533661", "format": "[Gen 9] Random Battle", "players": ["sesebseesb", "Sethario"], "log": "|j|\u2606sesebseesb\n|j|\u2606Sethario\n|t:|1733860884\n|gametype|singles\n|player|p1|sesebseesb|266|1136\n|player|p2|Sethario|265|1121\n|teamsize|p1|6\n|teamsize|p2|6\n|gen|9\n|tier|[Gen 9] Random Battle\n|rated|\n|rule|Species Clause: Limit one of each Pok\u00e9mon\n|rule|HP Percentage Mod: HP is shown in percentages\n|rule|Sleep Clause Mod: Limit one foe put to sleep\n|rule|Illusion Level Mod: Illusion disguises the Pok\u00e9mon's true level\n|\n|t:|1733860884\n|start\n|switch|p1a: Porygon2|Porygon2, L82|274/274\n|switch|p2a: Grimmsnarl|Grimmsnarl, L83, M|293/293\n|-ability|p1a: Porygon2|Download|boost\n|-boost|p1a: Porygon2|atk|1\n|turn|1\n|\n|t:|1733860893\n|switch|p1a: Whiscash|Whiscash, L88, F|337/337\n|move|p2a: Grimmsnarl|Thunder Wave|p1a: Whiscash\n|-immune|p1a: Whiscash\n|\n|upkeep\n|turn|2\n|\n|t:|1733860904\n|move|p2a: Grimmsnarl|Reflect|p2a: Grimmsnarl\n|-sidestart|p2: Sethario|Reflect\n|move|p1a: Whiscash|Spikes|p2a: Grimmsnarl\n|-sidestart|p2: Sethario|Spikes\n|\n|upkeep\n|turn|3\n|\n|t:|1733860908\n|move|p2a: Grimmsnarl|Light Screen|p2a: Grimmsnarl\n|-sidestart|p2: Sethario|move: Light Screen\n|move|p1a: Whiscash|Spikes|p2a: Grimmsnarl\n|-sidestart|p2: Sethario|Spikes\n|\n|upkeep\n|turn|4\n|\n|t:|1733860920\n|switch|p2a: Skarmory|Skarmory, L80, F|235/235\n|move|p1a: Whiscash|Spikes|p2a: Skarmory\n|-sidestart|p2: Sethario|Spikes\n|\n|upkeep\n|turn|5\n|inactive|Battle timer is ON: inactive players will automatically lose when time's up. (requested by Sethario)\n|\n|t:|1733860932\n|switch|p1a: Ceruledge|Ceruledge, L78, F|245/245\n|move|p2a: Skarmory|Brave Bird|p1a: Ceruledge\n|-damage|p1a: Ceruledge|137/245\n|-ability|p1a: Ceruledge|Weak Armor|boost\n|-unboost|p1a: Ceruledge|def|1\n|-boost|p1a: Ceruledge|spe|2\n|-damage|p2a: Skarmory|199/235|[from] Recoil\n|\n|upkeep\n|turn|6\n|\n|t:|1733860942\n|switch|p1a: Metagross|Metagross, L79|256/256\n|switch|p2a: Morpeko|Morpeko, L88, F|245/245\n|-damage|p2a: Morpeko|184/245|[from] Spikes\n|\n|-heal|p2a: Morpeko|199/245|[from] item: Leftovers\n|-formechange|p2a: Morpeko|Morpeko-Hangry||[from] ability: Hunger Switch\n|upkeep\n|turn|7\n|\n|t:|1733860956\n|move|p2a: Morpeko|Rapid Spin|p1a: Metagross\n|-resisted|p1a: Metagross\n|-damage|p1a: Metagross|240/256\n|-boost|p2a: Morpeko|spe|1\n|-sideend|p2: Sethario|Spikes|[from] move: Rapid Spin|[of] p2a: Morpeko\n|move|p1a: Metagross|Earthquake|p2a: Morpeko\n|-supereffective|p2a: Morpeko\n|-damage|p2a: Morpeko|96/245\n|\n|-heal|p2a: Morpeko|111/245|[from] item: Leftovers\n|-heal|p1a: Metagross|256/256|[from] item: Leftovers\n|-formechange|p2a: Morpeko|Morpeko||[from] ability: Hunger Switch\n|upkeep\n|turn|8\n|\n|t:|1733860961\n|switch|p1a: Whiscash|Whiscash, L88, F|337/337\n|move|p2a: Morpeko|Knock Off|p1a: Whiscash\n|-damage|p1a: Whiscash|210/337\n|-enditem|p1a: Whiscash|Leftovers|[from] move: Knock Off|[of] p2a: Morpeko\n|\n|-heal|p2a: Morpeko|126/245|[from] item: Leftovers\n|-formechange|p2a: Morpeko|Morpeko-Hangry||[from] ability: Hunger Switch\n|upkeep\n|turn|9\n|\n|t:|1733860972\n|move|p2a: Morpeko|Aura Wheel|p1a: Whiscash\n|-damage|p1a: Whiscash|78/337\n|-boost|p2a: Morpeko|spe|1\n|move|p1a: Whiscash|Spikes|p2a: Morpeko\n|-sidestart|p2: Sethario|Spikes\n|\n|-heal|p2a: Morpeko|141/245|[from] item: Leftovers\n|-sideend|p2: Sethario|Reflect\n|-formechange|p2a: Morpeko|Morpeko||[from] ability: Hunger Switch\n|upkeep\n|turn|10\n|\n|t:|1733860979\n|move|p2a: Morpeko|Knock Off|p1a: Whiscash\n|-damage|p1a: Whiscash|2/337\n|move|p1a: Whiscash|Earthquake|p2a: Morpeko\n|-supereffective|p2a: Morpeko\n|-damage|p2a: Morpeko|0 fnt\n|faint|p2a: Morpeko\n|\n|-sideend|p2: Sethario|move: Light Screen\n|upkeep\n|\n|t:|1733860984\n|switch|p2a: Skarmory|Skarmory, L80, F|199/235\n|turn|11\n|\n|t:|1733861002\n|move|p2a: Skarmory|Body Press|p1a: Whiscash\n|-damage|p1a: Whiscash|0 fnt\n|faint|p1a: Whiscash\n|\n|upkeep\n|\n|t:|1733861005\n|switch|p1a: Ceruledge|Ceruledge, L78, F|137/245\n|turn|12\n|\n|t:|1733861017\n|switch|p2a: Qwilfish|Qwilfish, L86, F|252/252\n|-ability|p2a: Qwilfish|Intimidate|boost\n|-unboost|p1a: Ceruledge|atk|1\n|move|p1a: Ceruledge|Bitter Blade|p2a: Qwilfish\n|-resisted|p2a: Qwilfish\n|-damage|p2a: Qwilfish|216/252\n|-heal|p1a: Ceruledge|155/245|[from] drain|[of] p2a: Qwilfish\n|\n|upkeep\n|turn|13\n|\n|t:|1733861041\n|switch|p1a: Metagross|Metagross, L79|256/256\n|move|p2a: Qwilfish|Thunder Wave|p1a: Metagross\n|-status|p1a: Metagross|par\n|\n|upkeep\n|turn|14\n|\n|t:|1733861049\n|move|p2a: Qwilfish|Flip Turn|p1a: Metagross\n|-damage|p1a: Metagross|207/256 par\n|\n|t:|1733861052\n|switch|p2a: Grimmsnarl|Grimmsnarl, L83, M|293/293|[from] Flip Turn\n|-damage|p2a: Grimmsnarl|257/293|[from] Spikes\n|move|p1a: Metagross|Heavy Slam|p2a: Grimmsnarl\n|-supereffective|p2a: Grimmsnarl\n|-damage|p2a: Grimmsnarl|0 fnt\n|faint|p2a: Grimmsnarl\n|\n|-heal|p1a: Metagross|223/256 par|[from] item: Leftovers\n|upkeep\n|\n|t:|1733861062\n|switch|p2a: Espathra|Espathra, L80, F|283/283\n|-damage|p2a: Espathra|248/283|[from] Spikes\n|turn|15\n|\n|t:|1733861069\n|move|p2a: Espathra|Calm Mind|p2a: Espathra\n|-boost|p2a: Espathra|spa|1\n|-boost|p2a: Espathra|spd|1\n|move|p1a: Metagross|Heavy Slam|p2a: Espathra\n|-damage|p2a: Espathra|50/283\n|\n|-heal|p2a: Espathra|67/283|[from] item: Leftovers\n|-heal|p1a: Metagross|239/256 par|[from] item: Leftovers\n|-ability|p2a: Espathra|Speed Boost|boost\n|-boost|p2a: Espathra|spe|1\n|upkeep\n|turn|16\n|\n|t:|1733861078\n|move|p2a: Espathra|Roost|p2a: Espathra\n|-heal|p2a: Espathra|209/283\n|-singleturn|p2a: Espathra|move: Roost\n|move|p1a: Metagross|Heavy Slam|p2a: Espathra\n|-damage|p2a: Espathra|0 fnt\n|faint|p2a: Espathra\n|\n|-heal|p1a: Metagross|255/256 par|[from] item: Leftovers\n|upkeep\n|\n|t:|1733861083\n|switch|p2a: Mimikyu|Mimikyu, L79, M|216/216\n|-damage|p2a: Mimikyu|189/216|[from] Spikes\n|turn|17\n|inactive|sesebseesb has 120 seconds left.\n|\n|t:|1733861120\n|switch|p1a: Porygon2|Porygon2, L82|274/274\n|-ability|p1a: Porygon2|Download|boost\n|-boost|p1a: Porygon2|atk|1\n|move|p2a: Mimikyu|Shadow Claw|p1a: Porygon2\n|-immune|p1a: Porygon2\n|\n|upkeep\n|turn|18\n|\n|t:|1733861127\n|move|p2a: Mimikyu|Swords Dance|p2a: Mimikyu\n|-boost|p2a: Mimikyu|atk|2\n|move|p1a: Porygon2|Shadow Ball|p2a: Mimikyu\n|-activate|p2a: Mimikyu|ability: Disguise\n|-damage|p2a: Mimikyu|189/216\n|-unboost|p2a: Mimikyu|spd|1\n|detailschange|p2a: Mimikyu|Mimikyu-Busted, L79, M\n|-damage|p2a: Mimikyu|162/216|[from] pokemon: Mimikyu-Busted\n|\n|upkeep\n|turn|19\n|inactive|sesebseesb has 120 seconds left.\n|\n|t:|1733861148\n|move|p2a: Mimikyu|Play Rough|p1a: Porygon2\n|-crit|p1a: Porygon2\n|-damage|p1a: Porygon2|71/274\n|-damage|p2a: Mimikyu|141/216|[from] item: Life Orb\n|move|p1a: Porygon2|Shadow Ball|p2a: Mimikyu\n|-supereffective|p2a: Mimikyu\n|-damage|p2a: Mimikyu|0 fnt\n|faint|p2a: Mimikyu\n|\n|upkeep\n|-message|Sethario forfeited.\n|\n|win|sesebseesb\n|raw|sesebseesb's rating: 1136 &rarr; <strong>1160</strong><br />(+24 for winning)\n|raw|Sethario's rating: 1121 &rarr; <strong>1097</strong><br />(-24 for losing)\n|l|\u2606Sethario\n|player|p2|\n", "inputlog": ">version bfd83cad13791eb5a5a409923076391caf6fb4d4\n>start {\"formatid\":\"gen9randombattle\",\"seed\":[885,7172,45100,64850],\"rated\":\"Rated battle\"}\n>player p1 {\"name\":\"sesebseesb\",\"avatar\":\"266\",\"rating\":1136,\"seed\":[60982,13710,29416,2007]}\n>player p2 {\"name\":\"Sethario\",\"avatar\":\"265\",\"rating\":1121,\"seed\":[20742,44523,24729,62025]}\n>p1 switch 6\n>p2 move thunderwave\n>p1 move spikes\n>p2 move reflect\n>p1 move spikes\n>p2 move lightscreen\n>p1 move spikes\n>p2 switch 2\n>p1 switch 2\n>p2 move bravebird\n>p1 switch 3\n>p2 switch 3\n>p1 move earthquake\n>p2 move rapidspin\n>p1 switch 2\n>p2 move knockoff\n>p1 move spikes\n>p2 move aurawheel\n>p1 move earthquake\n>p2 move knockoff\n>p2 switch 3\n>p1 move hydropump\n>p2 move bodypress\n>p1 switch 3\n>p1 move bitterblade\n>p2 switch 6\n>p1 switch 2\n>p2 move thunderwave\n>p1 move heavyslam\n>p2 move flipturn\n>p2 switch 2\n>p2 switch 5\n>p1 move heavyslam\n>p2 move calmmind\n>p1 move heavyslam\n>p2 move roost\n>p2 switch 4\n>p1 switch 6\n>p2 move shadowclaw\n>p1 move shadowball\n>p2 move swordsdance\n>p1 move shadowball\n>p2 move playrough\n>forcelose p2", "uploadtime": 1733861181, "views": 1, "formatid": "gen9randombattle", "rating": 1097, "private": 0, "password": null}