{"id": "gen9randombattle-2260435906", "format": "[Gen 9] Random Battle", "players": ["kingdariusfan11", "Wizardgaming49"], "log": "|j|\u2606kingdariusfan11\n|j|\u2606Wizardgaming49\n|t:|1733851402\n|gametype|singles\n|player|p1|kingdariusfan11|hoopster|\n|player|p2|Wizardgaming49|nate|\n|teamsize|p1|6\n|teamsize|p2|6\n|gen|9\n|tier|[Gen 9] Random Battle\n|rule|Species Clause: Limit one of each Pok\u00e9mon\n|rule|HP Percentage Mod: HP is shown in percentages\n|rule|Sleep Clause Mod: Limit one foe put to sleep\n|rule|Illusion Level Mod: Illusion disguises the Pok\u00e9mon's true level\n|\n|t:|1733851402\n|start\n|switch|p1a: Araquanid|Araquanid, L82, F|246/246\n|switch|p2a: Ho-Oh|Ho-Oh, L71|268/268\n|turn|1\n|\n|t:|1733851416\n|move|p2a: Ho-Oh|Brave Bird|p1a: Araquanid\n|-supereffective|p1a: Araquanid\n|-damage|p1a: Araquanid|12/246\n|-damage|p2a: Ho-Oh|191/268|[from] Recoil\n|move|p1a: Araquanid|Liquidation|p2a: Ho-Oh\n|-supereffective|p2a: Ho-Oh\n|-damage|p2a: Ho-Oh|0 fnt\n|faint|p2a: Ho-Oh\n|\n|upkeep\n|\n|t:|1733851433\n|switch|p2a: Grafaiai|Grafaiai, L86, F|249/249\n|turn|2\n|\n|t:|1733851459\n|move|p2a: Grafaiai|Swords Dance|p2a: Grafaiai\n|-boost|p2a: Grafaiai|atk|2\n|move|p1a: Araquanid|Sticky Web|p2a: Grafaiai\n|-sidestart|p2: Wizardgaming49|move: Sticky Web\n|\n|upkeep\n|turn|3\n|\n|t:|1733851471\n|move|p2a: Grafaiai|Knock Off|p1a: Araquanid\n|-crit|p1a: Araquanid\n|-damage|p1a: Araquanid|0 fnt\n|-enditem|p1a: Araquanid|Heavy-Duty Boots|[from] move: Knock Off|[of] p2a: Grafaiai\n|faint|p1a: Araquanid\n|-damage|p2a: Grafaiai|225/249|[from] item: Life Orb\n|\n|upkeep\n|\n|t:|1733851497\n|switch|p1a: Gallade|Gallade, L81, M|243/243\n|turn|4\n|\n|t:|1733851510\n|move|p2a: Grafaiai|Knock Off|p1a: Gallade\n|-damage|p1a: Gallade|10/243\n|-enditem|p1a: Gallade|Life Orb|[from] move: Knock Off|[of] p2a: Grafaiai\n|-damage|p2a: Grafaiai|201/249|[from] item: Life Orb\n|move|p1a: Gallade|Sacred Sword|p2a: Grafaiai\n|-damage|p2a: Grafaiai|0 fnt\n|faint|p2a: Grafaiai\n|\n|upkeep\n|\n|t:|1733851528\n|switch|p2a: Barraskewda|Barraskewda, L81, F|231/231\n|-activate|p2a: Barraskewda|move: Sticky Web\n|-unboost|p2a: Barraskewda|spe|1\n|turn|5\n|\n|t:|1733851546\n|move|p2a: Barraskewda|Waterfall|p1a: Gallade\n|-damage|p1a: Gallade|0 fnt\n|faint|p1a: Gallade\n|\n|upkeep\n|\n|t:|1733851556\n|switch|p1a: Luxray|Luxray, L88, M|284/284\n|-ability|p1a: Luxray|Intimidate|boost\n|-unboost|p2a: Barraskewda|atk|1\n|turn|6\n|\n|t:|1733851569\n|switch|p2a: Hydreigon|Hydreigon, L79, M|275/275\n|move|p1a: Luxray|Volt Switch|p2a: Hydreigon\n|-resisted|p2a: Hydreigon\n|-damage|p2a: Hydreigon|233/275\n|\n|t:|1733851584\n|switch|p1a: Cloyster|Cloyster, L80, F|211/211|[from] Volt Switch\n|\n|upkeep\n|turn|7\n|\n|t:|1733851593\n|move|p2a: Hydreigon|Flash Cannon|p1a: Cloyster\n|-damage|p1a: Cloyster|68/211\n|-damage|p2a: Hydreigon|206/275|[from] item: Life Orb\n|move|p1a: Cloyster|Icicle Spear|p2a: Hydreigon\n|-supereffective|p2a: Hydreigon\n|-damage|p2a: Hydreigon|158/275\n|-supereffective|p2a: Hydreigon\n|-damage|p2a: Hydreigon|110/275\n|-supereffective|p2a: Hydreigon\n|-damage|p2a: Hydreigon|62/275\n|-supereffective|p2a: Hydreigon\n|-damage|p2a: Hydreigon|12/275\n|-supereffective|p2a: Hydreigon\n|-damage|p2a: Hydreigon|0 fnt\n|faint|p2a: Hydreigon\n|-hitcount|p2: Hydreigon|5\n|\n|upkeep\n|\n|t:|1733851609\n|switch|p2a: Darkrai|Darkrai, L77|234/234\n|-activate|p2a: Darkrai|move: Sticky Web\n|-unboost|p2a: Darkrai|spe|1\n|turn|8\n|\n|t:|1733851623\n|move|p2a: Darkrai|Nasty Plot|p2a: Darkrai\n|-boost|p2a: Darkrai|spa|2\n|move|p1a: Cloyster|Hydro Pump|p2a: Darkrai\n|-damage|p2a: Darkrai|129/234\n|\n|upkeep\n|turn|9\n|\n|t:|1733851633\n|move|p1a: Cloyster|Hydro Pump|p2a: Darkrai\n|-damage|p2a: Darkrai|21/234\n|move|p2a: Darkrai|Dark Pulse|p1a: Cloyster\n|-damage|p1a: Cloyster|0 fnt\n|faint|p1a: Cloyster\n|-damage|p2a: Darkrai|0 fnt|[from] item: Life Orb\n|faint|p2a: Darkrai\n|\n|upkeep\n|\n|t:|1733851652\n|switch|p2a: Arceus|Arceus-Flying, L69|279/279\n|switch|p1a: Copperajah|Copperajah, L86, F|349/349\n|turn|10\n|\n|t:|1733851662\n|move|p2a: Arceus|Calm Mind|p2a: Arceus\n|-boost|p2a: Arceus|spa|1\n|-boost|p2a: Arceus|spd|1\n|move|p1a: Copperajah|Supercell Slam|p2a: Arceus\n|-supereffective|p2a: Arceus\n|-damage|p2a: Arceus|3/279\n|\n|upkeep\n|turn|11\n|\n|t:|1733851672\n|move|p2a: Arceus|Earth Power|p1a: Copperajah\n|-supereffective|p1a: Copperajah\n|-damage|p1a: Copperajah|175/349\n|move|p1a: Copperajah|Supercell Slam|p2a: Arceus\n|-supereffective|p2a: Arceus\n|-damage|p2a: Arceus|0 fnt\n|faint|p2a: Arceus\n|\n|upkeep\n|\n|t:|1733851688\n|switch|p2a: Barraskewda|Barraskewda, L81, F|231/231\n|-activate|p2a: Barraskewda|move: Sticky Web\n|-unboost|p2a: Barraskewda|spe|1\n|turn|12\n|\n|t:|1733851694\n|move|p2a: Barraskewda|Close Combat|p1a: Copperajah\n|-supereffective|p1a: Copperajah\n|-crit|p1a: Copperajah\n|-damage|p1a: Copperajah|0 fnt\n|-unboost|p2a: Barraskewda|def|1\n|-unboost|p2a: Barraskewda|spd|1\n|faint|p1a: Copperajah\n|\n|upkeep\n|\n|t:|1733851703\n|switch|p1a: Calyrex|Calyrex-Ice, L72|263/263\n|-ability|p1a: Calyrex|As One\n|-ability|p1a: Calyrex|Unnerve\n|turn|13\n|\n|t:|1733851715\n|move|p2a: Barraskewda|Close Combat|p1a: Calyrex\n|-damage|p1a: Calyrex|145/263\n|-unboost|p2a: Barraskewda|def|1\n|-unboost|p2a: Barraskewda|spd|1\n|move|p1a: Calyrex|Glacial Lance|p2a: Barraskewda\n|-resisted|p2a: Barraskewda\n|-damage|p2a: Barraskewda|24/231\n|\n|upkeep\n|turn|14\n|\n|t:|1733851732\n|move|p2a: Barraskewda|Close Combat|p1a: Calyrex\n|-damage|p1a: Calyrex|38/263\n|-unboost|p2a: Barraskewda|def|1\n|-unboost|p2a: Barraskewda|spd|1\n|move|p1a: Calyrex|Glacial Lance|p2a: Barraskewda\n|-resisted|p2a: Barraskewda\n|-damage|p2a: Barraskewda|0 fnt\n|faint|p2a: Barraskewda\n|\n|win|kingdariusfan11\n", "inputlog": ">version bfd83cad13791eb5a5a409923076391caf6fb4d4\n>start {\"formatid\":\"gen9randombattle\",\"seed\":[32616,50108,5295,18809]}\n>player p1 {\"name\":\"kingdariusfan11\",\"avatar\":\"hoopster\",\"rating\":0,\"seed\":[53592,7809,33760,16525]}\n>player p2 {\"name\":\"Wizardgaming49\",\"avatar\":\"nate\",\"rating\":0,\"seed\":[45830,17348,38550,11916]}\n>p1 move liquidation\n>p2 move bravebird\n>p2 switch 6\n>p1 move stickyweb\n>p2 move swordsdance\n>p1 move leechlife\n>p2 move knockoff\n>p1 switch 3\n>p1 move sacredsword\n>p2 move knockoff\n>p2 switch 4\n>p1 move sacredsword\n>p2 move waterfall\n>p1 switch 6\n>p1 move voltswitch\n>p2 switch 3\n>p1 switch 2\n>p1 move iciclespear\n>p2 move flashcannon\n>p2 switch 5\n>p1 move hydropump\n>p2 move nastyplot\n>p1 move hydropump\n>p2 move darkpulse\n>p1 switch 5\n>p2 switch 2\n>p1 move supercellslam\n>p2 move calmmind\n>p1 move supercellslam\n>p2 move earthpower\n>p2 switch 3\n>p1 move supercellslam\n>p2 move closecombat\n>p1 switch 4\n>p1 move glaciallance\n>p2 move closecombat\n>p1 move glaciallance\n>p2 move closecombat", "uploadtime": 1733851741, "views": 1, "formatid": "gen9randombattle", "rating": null, "private": 0, "password": null}