{"id": "gen9randombattle-2260518620", "format": "[Gen 9] Random Battle", "players": ["Ronny McDizzly", "Hamboooger"], "log": "|j|\u2606Ronny McDizzly\n|j|\u2606Hamboooger\n|t:|1733859409\n|gametype|singles\n|player|p1|Ronny McDizzly|170|\n|player|p2|Hamboooger|102|\n|teamsize|p1|6\n|teamsize|p2|6\n|gen|9\n|tier|[Gen 9] Random Battle\n|rule|Species Clause: Limit one of each Pok\u00e9mon\n|rule|HP Percentage Mod: HP is shown in percentages\n|rule|Sleep Clause Mod: Limit one foe put to sleep\n|rule|Illusion Level Mod: Illusion disguises the Pok\u00e9mon's true level\n|\n|t:|1733859409\n|start\n|switch|p1a: Entei|Entei, L78|307/307\n|switch|p2a: Hitmonlee|Hitmonlee, L85, M|223/223\n|turn|1\n|\n|t:|1733859437\n|switch|p1a: Golurk|Golurk, L87|297/297\n|move|p2a: Hitmonlee|Poison Jab|p1a: Golurk\n|-resisted|p1a: Golurk\n|-damage|p1a: Golurk|270/297\n|\n|upkeep\n|turn|2\n|\n|t:|1733859484\n|switch|p2a: Heatran|Heatran, L79, F|273/273\n|-item|p2a: Heatran|Air Balloon\n|move|p1a: Golurk|Dynamic Punch|p2a: Heatran\n|-supereffective|p2a: Heatran\n|-damage|p2a: Heatran|37/273\n|-start|p2a: Heatran|confusion\n|-enditem|p2a: Heatran|Air Balloon\n|\n|upkeep\n|turn|3\n|\n|t:|1733859511\n|switch|p1a: Rhyperior|Rhyperior, L82, F|323/323\n|-activate|p2a: Heatran|confusion\n|-damage|p2a: Heatran|20/273|[from] confusion\n|\n|upkeep\n|turn|4\n|\n|t:|1733859524\n|-activate|p2a: Heatran|confusion\n|move|p2a: Heatran|Flash Cannon|p1a: Rhyperior\n|-supereffective|p1a: Rhyperior\n|-damage|p1a: Rhyperior|133/323\n|-enditem|p1a: Rhyperior|Weakness Policy\n|-boost|p1a: Rhyperior|atk|2|[from] item: Weakness Policy\n|-boost|p1a: Rhyperior|spa|2|[from] item: Weakness Policy\n|move|p1a: Rhyperior|Rock Polish|p1a: Rhyperior\n|-boost|p1a: Rhyperior|spe|2\n|\n|upkeep\n|turn|5\n|\n|t:|1733859532\n|move|p1a: Rhyperior|Earthquake|p2a: Heatran\n|-supereffective|p2a: Heatran\n|-damage|p2a: Heatran|0 fnt\n|faint|p2a: Heatran\n|\n|upkeep\n|\n|t:|1733859553\n|switch|p2a: Regidrago|Regidrago, L77|435/435\n|turn|6\n|\n|t:|1733859575\n|-terastallize|p2a: Regidrago|Steel\n|move|p1a: Rhyperior|Earthquake|p2a: Regidrago\n|-supereffective|p2a: Regidrago\n|-damage|p2a: Regidrago|0 fnt\n|faint|p2a: Regidrago\n|\n|upkeep\n|\n|t:|1733859591\n|switch|p2a: Kricketune|Kricketune, L99, F|312/312\n|turn|7\n|\n|t:|1733859611\n|move|p1a: Rhyperior|Earthquake|p2a: Kricketune\n|-resisted|p2a: Kricketune\n|-damage|p2a: Kricketune|143/312\n|move|p2a: Kricketune|Pounce|p1a: Rhyperior\n|-damage|p1a: Rhyperior|64/323\n|-unboost|p1a: Rhyperior|spe|1\n|\n|upkeep\n|turn|8\n|\n|t:|1733859622\n|move|p2a: Kricketune|Pounce|p1a: Rhyperior\n|-damage|p1a: Rhyperior|0 fnt\n|faint|p1a: Rhyperior\n|\n|upkeep\n|\n|t:|1733859639\n|switch|p1a: Entei|Entei, L78|307/307\n|turn|9\n|\n|t:|1733859655\n|switch|p2a: Regirock|Regirock, L83|268/268\n|move|p1a: Entei|Sacred Fire|p2a: Regirock\n|-resisted|p2a: Regirock\n|-damage|p2a: Regirock|226/268\n|\n|upkeep\n|turn|10\n|\n|t:|1733859665\n|switch|p1a: Golurk|Golurk, L87|270/297\n|move|p2a: Regirock|Stone Edge|p1a: Golurk\n|-resisted|p1a: Golurk\n|-damage|p1a: Golurk|215/297\n|\n|upkeep\n|turn|11\n|c|\u2606Ronny McDizzly|!weak regirock\n|c| Ronny McDizzly|/raw <div class=\"infobox\">Regirock (ignoring abilities):<br /><span class=\"message-effect-weak\">Weaknesses</span>: Fighting, Grass, Ground, Steel, Water<br /><span class=\"message-effect-resist\">Resistances</span>: Fire, Flying, Normal, Poison<br /><span class=\"message-effect-immune\">Immunities</span>: Sandstorm damage</div>\n|\n|t:|1733859691\n|move|p1a: Golurk|Dynamic Punch|p2a: Regirock\n|-supereffective|p2a: Regirock\n|-damage|p2a: Regirock|72/268\n|-start|p2a: Regirock|confusion\n|-activate|p2a: Regirock|confusion\n|move|p2a: Regirock|Curse|p2a: Regirock\n|-unboost|p2a: Regirock|spe|1\n|-boost|p2a: Regirock|atk|1\n|-boost|p2a: Regirock|def|1\n|\n|upkeep\n|turn|12\n|\n|t:|1733859700\n|move|p1a: Golurk|Dynamic Punch|p2a: Regirock\n|-supereffective|p2a: Regirock\n|-damage|p2a: Regirock|0 fnt\n|faint|p2a: Regirock\n|\n|upkeep\n|\n|t:|1733859717\n|switch|p2a: Noctowl|Noctowl, L95, M|344/344\n|turn|13\n|\n|t:|1733859726\n|move|p2a: Noctowl|Hurricane|p1a: Golurk\n|-damage|p1a: Golurk|71/297\n|-start|p1a: Golurk|confusion\n|-activate|p1a: Golurk|confusion\n|move|p1a: Golurk|Dynamic Punch|p2a: Noctowl\n|-damage|p2a: Noctowl|168/344\n|-start|p2a: Noctowl|confusion\n|\n|upkeep\n|turn|14\n|\n|t:|1733859737\n|-activate|p2a: Noctowl|confusion\n|move|p2a: Noctowl|Hurricane|p1a: Golurk\n|-damage|p1a: Golurk|0 fnt\n|faint|p1a: Golurk\n|\n|upkeep\n|\n|t:|1733859748\n|switch|p1a: Miraidon|Miraidon, L65|238/238\n|-fieldstart|move: Electric Terrain|[from] ability: Hadron Engine|[of] p1a: Miraidon\n|turn|15\n|\n|t:|1733859760\n|move|p1a: Miraidon|Electro Drift|p2a: Noctowl\n|-supereffective|p2a: Noctowl\n|-damage|p2a: Noctowl|0 fnt\n|faint|p2a: Noctowl\n|\n|upkeep\n|\n|t:|1733859777\n|switch|p2a: Hitmonlee|Hitmonlee, L85, M|223/223\n|turn|16\n|\n|t:|1733859789\n|move|p1a: Miraidon|Electro Drift|p2a: Hitmonlee\n|-damage|p2a: Hitmonlee|39/223\n|move|p2a: Hitmonlee|High Jump Kick|p1a: Miraidon\n|-damage|p1a: Miraidon|0 fnt\n|faint|p1a: Miraidon\n|\n|upkeep\n|\n|t:|1733859794\n|switch|p1a: Entei|Entei, L78|307/307\n|turn|17\n|\n|t:|1733859800\n|move|p1a: Entei|Extreme Speed|p2a: Hitmonlee\n|-damage|p2a: Hitmonlee|0 fnt\n|faint|p2a: Hitmonlee\n|\n|upkeep\n|\n|t:|1733859810\n|switch|p2a: Kricketune|Kricketune, L99, F|143/312\n|turn|18\n|\n|t:|1733859824\n|-terastallize|p1a: Entei|Normal\n|move|p1a: Entei|Extreme Speed|p2a: Kricketune\n|-damage|p2a: Kricketune|0 fnt\n|faint|p2a: Kricketune\n|\n|win|Ronny McDizzly\n|c|\u2606Ronny McDizzly|gg ez\n", "inputlog": ">version bfd83cad13791eb5a5a409923076391caf6fb4d4\n>start {\"formatid\":\"gen9randombattle\",\"seed\":[58790,23143,38485,45586]}\n>player p1 {\"name\":\"Ronny McDizzly\",\"avatar\":\"170\",\"rating\":0,\"seed\":[26541,20409,4924,24575]}\n>player p2 {\"name\":\"Hamboooger\",\"avatar\":\"102\",\"rating\":0,\"seed\":[31542,5959,9467,36225]}\n>p1 switch 5\n>p2 move poisonjab\n>p1 move dynamicpunch\n>p2 switch 6\n>p1 switch 3\n>p2 move earthpower\n>p1 move rockpolish\n>p2 move flashcannon\n>p1 move earthquake\n>p2 move flashcannon\n>p2 switch 4\n>p1 move earthquake\n>p2 move earthquake terastallize\n>p2 switch 3\n>p1 move earthquake\n>p2 move pounce\n>p1 move earthquake\n>p2 move pounce\n>p1 switch 5\n>p1 move sacredfire\n>p2 switch 5\n>p1 switch 3\n>p2 move stoneedge\n>chat \u2606Ronny McDizzly|!weak regirock\n>p1 move dynamicpunch\n>p2 move curse\n>p1 move dynamicpunch\n>p2 move rest\n>p2 switch 2\n>p1 move dynamicpunch\n>p2 move hurricane\n>p1 move dynamicpunch\n>p2 move hurricane\n>p1 switch 4\n>p1 move electrodrift\n>p2 move roost\n>p2 switch 6\n>p1 move electrodrift\n>p2 move highjumpkick\n>p1 switch 3\n>p1 move extremespeed\n>p2 move highjumpkick\n>p2 switch 5\n>p1 move extremespeed terastallize\n>p2 move pounce", "uploadtime": 1733859849, "views": 8, "formatid": "gen9randombattle", "rating": null, "private": 0, "password": null}