{"id": "gen9randombattle-2260494113", "format": "[Gen 9] Random Battle", "players": ["1Kurbyzz", "pr0t3"], "log": "|j|\u26061Kurbyzz\n|j|\u2606pr0t3\n|t:|1733856995\n|gametype|singles\n|player|p1|1Kurbyzz|policeman-gen4|\n|player|p2|pr0t3|evelyn|\n|teamsize|p1|6\n|teamsize|p2|6\n|gen|9\n|tier|[Gen 9] Random Battle\n|rule|Species Clause: Limit one of each Pok\u00e9mon\n|rule|HP Percentage Mod: HP is shown in percentages\n|rule|Sleep Clause Mod: Limit one foe put to sleep\n|rule|Illusion Level Mod: Illusion disguises the Pok\u00e9mon's true level\n|\n|t:|1733856995\n|start\n|switch|p1a: Registeel|Registeel, L81|262/262\n|switch|p2a: Landorus|Landorus-Therian, L76, M|260/260\n|-ability|p2a: Landorus|Intimidate|boost\n|-fail|p1a: Registeel|unboost|[from] ability: Clear Body|[of] p1a: Registeel\n|turn|1\n|\n|t:|1733857025\n|switch|p1a: Ambipom|Ambipom, L84, M|263/263\n|move|p2a: Landorus|Taunt|p1a: Ambipom\n|-start|p1a: Ambipom|move: Taunt\n|\n|upkeep\n|turn|2\n|\n|t:|1733857040\n|move|p1a: Ambipom|Triple Axel|p2a: Landorus\n|-supereffective|p2a: Landorus\n|-damage|p2a: Landorus|128/260\n|-supereffective|p2a: Landorus\n|-crit|p2a: Landorus\n|-damage|p2a: Landorus|0 fnt\n|faint|p2a: Landorus\n|-hitcount|p2: Landorus|2\n|\n|upkeep\n|\n|t:|1733857084\n|switch|p2a: Falinks|Falinks, L84|246/246\n|turn|3\n|\n|t:|1733857107\n|move|p1a: Ambipom|Triple Axel|p2a: Falinks\n|-damage|p2a: Falinks|217/246\n|-damage|p2a: Falinks|159/246\n|-hitcount|p2a: Falinks|2\n|move|p2a: Falinks|No Retreat|p2a: Falinks\n|-boost|p2a: Falinks|atk|1\n|-boost|p2a: Falinks|def|1\n|-boost|p2a: Falinks|spa|1\n|-boost|p2a: Falinks|spd|1\n|-boost|p2a: Falinks|spe|1\n|-start|p2a: Falinks|move: No Retreat\n|\n|-end|p1a: Ambipom|move: Taunt\n|upkeep\n|turn|4\n|\n|t:|1733857130\n|move|p2a: Falinks|Close Combat|p1a: Ambipom\n|-supereffective|p1a: Ambipom\n|-crit|p1a: Ambipom\n|-damage|p1a: Ambipom|0 fnt\n|-unboost|p2a: Falinks|def|1\n|-unboost|p2a: Falinks|spd|1\n|faint|p1a: Ambipom\n|-damage|p2a: Falinks|135/246|[from] item: Life Orb\n|\n|upkeep\n|\n|t:|1733857139\n|switch|p1a: Latias|Latias, L79, F|256/256\n|turn|5\n|\n|t:|1733857190\n|-terastallize|p2a: Falinks|Steel\n|move|p2a: Falinks|Close Combat|p1a: Latias\n|-resisted|p1a: Latias\n|-damage|p1a: Latias|131/256\n|-unboost|p2a: Falinks|def|1\n|-unboost|p2a: Falinks|spd|1\n|-damage|p2a: Falinks|111/246|[from] item: Life Orb\n|move|p1a: Latias|Psyshock|p2a: Falinks\n|-resisted|p2a: Falinks\n|-crit|p2a: Falinks\n|-damage|p2a: Falinks|14/246\n|\n|upkeep\n|turn|6\n|\n|t:|1733857212\n|move|p2a: Falinks|Iron Head|p1a: Latias\n|-damage|p1a: Latias|0 fnt\n|faint|p1a: Latias\n|-damage|p2a: Falinks|0 fnt|[from] item: Life Orb\n|faint|p2a: Falinks\n|\n|upkeep\n|\n|t:|1733857241\n|switch|p1a: Excadrill|Excadrill, L79, F|303/303\n|switch|p2a: Kilowattrel|Kilowattrel, L83, F|252/252\n|-ability|p1a: Excadrill|Mold Breaker\n|turn|7\n|\n|t:|1733857265\n|move|p2a: Kilowattrel|Hurricane|p1a: Excadrill\n|-resisted|p1a: Excadrill\n|-damage|p1a: Excadrill|252/303\n|-start|p1a: Excadrill|confusion\n|-activate|p1a: Excadrill|confusion\n|move|p1a: Excadrill|Rock Slide|p2a: Kilowattrel\n|-supereffective|p2a: Kilowattrel\n|-damage|p2a: Kilowattrel|100/252\n|\n|upkeep\n|turn|8\n|\n|t:|1733857279\n|move|p2a: Kilowattrel|Roost|p2a: Kilowattrel\n|-heal|p2a: Kilowattrel|226/252\n|-singleturn|p2a: Kilowattrel|move: Roost\n|-end|p1a: Excadrill|confusion\n|move|p1a: Excadrill|Rock Slide|p2a: Kilowattrel\n|-damage|p2a: Kilowattrel|147/252\n|\n|upkeep\n|turn|9\n|\n|t:|1733857309\n|switch|p2a: Pawmot|Pawmot, L80, F|243/243\n|move|p1a: Excadrill|Iron Head|p2a: Pawmot\n|-resisted|p2a: Pawmot\n|-damage|p2a: Pawmot|183/243\n|\n|upkeep\n|turn|10\n|\n|t:|1733857336\n|move|p2a: Pawmot|Close Combat|p1a: Excadrill\n|-supereffective|p1a: Excadrill\n|-damage|p1a: Excadrill|0 fnt\n|-unboost|p2a: Pawmot|def|1\n|-unboost|p2a: Pawmot|spd|1\n|faint|p1a: Excadrill\n|-damage|p2a: Pawmot|159/243|[from] item: Life Orb\n|\n|upkeep\n|\n|t:|1733857349\n|switch|p1a: Raging Bolt|Raging Bolt, L78|323/323\n|turn|11\n|\n|t:|1733857455\n|switch|p2a: Shiftry|Shiftry, L89, M|305/305\n|move|p1a: Raging Bolt|Calm Mind|p1a: Raging Bolt\n|-boost|p1a: Raging Bolt|spa|1\n|-boost|p1a: Raging Bolt|spd|1\n|\n|upkeep\n|turn|12\n|\n|t:|1733857483\n|move|p2a: Shiftry|Leaf Storm|p1a: Raging Bolt\n|-resisted|p1a: Raging Bolt\n|-damage|p1a: Raging Bolt|258/323\n|-unboost|p2a: Shiftry|spa|2\n|-damage|p2a: Shiftry|275/305|[from] item: Life Orb\n|move|p1a: Raging Bolt|Calm Mind|p1a: Raging Bolt\n|-boost|p1a: Raging Bolt|spa|1\n|-boost|p1a: Raging Bolt|spd|1\n|\n|-heal|p1a: Raging Bolt|278/323|[from] item: Leftovers\n|upkeep\n|turn|13\n|\n|t:|1733857500\n|move|p2a: Shiftry|Sucker Punch||[still]\n|-fail|p2a: Shiftry\n|move|p1a: Raging Bolt|Calm Mind|p1a: Raging Bolt\n|-boost|p1a: Raging Bolt|spa|1\n|-boost|p1a: Raging Bolt|spd|1\n|\n|-heal|p1a: Raging Bolt|298/323|[from] item: Leftovers\n|upkeep\n|turn|14\n|\n|t:|1733857516\n|move|p2a: Shiftry|Knock Off|p1a: Raging Bolt\n|-damage|p1a: Raging Bolt|138/323\n|-enditem|p1a: Raging Bolt|Leftovers|[from] move: Knock Off|[of] p2a: Shiftry\n|-damage|p2a: Shiftry|245/305|[from] item: Life Orb\n|move|p1a: Raging Bolt|Calm Mind|p1a: Raging Bolt\n|-boost|p1a: Raging Bolt|spa|1\n|-boost|p1a: Raging Bolt|spd|1\n|\n|upkeep\n|turn|15\n|\n|t:|1733857542\n|move|p2a: Shiftry|Sucker Punch|p1a: Raging Bolt\n|-damage|p1a: Raging Bolt|17/323\n|-damage|p2a: Shiftry|215/305|[from] item: Life Orb\n|move|p1a: Raging Bolt|Dragon Pulse|p2a: Shiftry\n|-damage|p2a: Shiftry|0 fnt\n|faint|p2a: Shiftry\n|\n|upkeep\n|\n|t:|1733857555\n|switch|p2a: Cinccino|Cinccino, L83, M|260/260\n|turn|16\n|\n|t:|1733857563\n|move|p1a: Raging Bolt|Thunderclap|p2a: Cinccino\n|-damage|p2a: Cinccino|0 fnt\n|faint|p2a: Cinccino\n|\n|upkeep\n|\n|t:|1733857577\n|switch|p2a: Kilowattrel|Kilowattrel, L83, F|147/252\n|turn|17\n|\n|t:|1733857605\n|move|p1a: Raging Bolt|Thunderclap||[still]\n|-fail|p1a: Raging Bolt\n|move|p2a: Kilowattrel|Thunder Wave|p1a: Raging Bolt\n|-immune|p1a: Raging Bolt\n|\n|upkeep\n|turn|18\n|\n|t:|1733857618\n|move|p1a: Raging Bolt|Thunderclap|p2a: Kilowattrel\n|-heal|p2a: Kilowattrel|210/252|[from] ability: Volt Absorb|[of] p1a: Raging Bolt\n|move|p2a: Kilowattrel|Hurricane|p1a: Raging Bolt\n|-resisted|p1a: Raging Bolt\n|-crit|p1a: Raging Bolt\n|-damage|p1a: Raging Bolt|0 fnt\n|faint|p1a: Raging Bolt\n|-end|p1a: Raging Bolt|Protosynthesis|[silent]\n|\n|upkeep\n|\n|t:|1733857634\n|switch|p1a: Registeel|Registeel, L81|262/262\n|turn|19\n|\n|t:|1733857649\n|switch|p2a: Pawmot|Pawmot, L80, F|159/243\n|move|p1a: Registeel|Iron Defense|p1a: Registeel\n|-boost|p1a: Registeel|def|2\n|\n|upkeep\n|turn|20\n|\n|t:|1733857696\n|-terastallize|p1a: Registeel|Fighting\n|move|p2a: Pawmot|Close Combat|p1a: Registeel\n|-damage|p1a: Registeel|200/262\n|-unboost|p2a: Pawmot|def|1\n|-unboost|p2a: Pawmot|spd|1\n|-damage|p2a: Pawmot|135/243|[from] item: Life Orb\n|move|p1a: Registeel|Iron Defense|p1a: Registeel\n|-boost|p1a: Registeel|def|2\n|\n|upkeep\n|turn|21\n|\n|t:|1733857709\n|move|p2a: Pawmot|Knock Off|p1a: Registeel\n|-resisted|p1a: Registeel\n|-damage|p1a: Registeel|188/262\n|-enditem|p1a: Registeel|Chesto Berry|[from] move: Knock Off|[of] p2a: Pawmot\n|-damage|p2a: Pawmot|111/243|[from] item: Life Orb\n|move|p1a: Registeel|Body Press|p2a: Pawmot\n|-damage|p2a: Pawmot|0 fnt\n|faint|p2a: Pawmot\n|\n|upkeep\n|\n|t:|1733857715\n|switch|p2a: Kilowattrel|Kilowattrel, L83, F|210/252\n|turn|22\n|\n|t:|1733857721\n|move|p2a: Kilowattrel|Hurricane|p1a: Registeel\n|-supereffective|p1a: Registeel\n|-damage|p1a: Registeel|24/262\n|move|p1a: Registeel|Iron Head|p2a: Kilowattrel\n|-resisted|p2a: Kilowattrel\n|-damage|p2a: Kilowattrel|163/252\n|\n|upkeep\n|turn|23\n|\n|t:|1733857734\n|move|p2a: Kilowattrel|Hurricane|p1a: Registeel|[miss]\n|-miss|p2a: Kilowattrel|p1a: Registeel\n|move|p1a: Registeel|Body Press|p2a: Kilowattrel\n|-resisted|p2a: Kilowattrel\n|-damage|p2a: Kilowattrel|0 fnt\n|faint|p2a: Kilowattrel\n|\n|win|1Kurbyzz\n", "inputlog": ">version bfd83cad13791eb5a5a409923076391caf6fb4d4\n>start {\"formatid\":\"gen9randombattle\",\"seed\":[14257,2443,5688,64229]}\n>player p1 {\"name\":\"1Kurbyzz\",\"avatar\":\"policeman-gen4\",\"rating\":0,\"seed\":[38010,12565,56609,53883]}\n>player p2 {\"name\":\"pr0t3\",\"avatar\":\"evelyn\",\"rating\":0,\"seed\":[14364,30030,1688,25759]}\n>p1 switch 6\n>p2 move taunt\n>p1 move tripleaxel\n>p2 move stealthrock\n>p2 switch 6\n>p1 move tripleaxel\n>p2 move noretreat\n>p1 move tripleaxel\n>p2 move closecombat\n>p1 switch 5\n>p1 move psyshock\n>p2 move closecombat terastallize\n>p1 move psyshock\n>p2 move ironhead\n>p1 switch 2\n>p2 switch 3\n>p1 move rockslide\n>p2 move hurricane\n>p1 move rockslide\n>p2 move roost\n>p1 move ironhead\n>p2 switch 2\n>p1 move earthquake\n>p2 move closecombat\n>p1 switch 4\n>p1 move calmmind\n>p2 switch 4\n>p1 move calmmind\n>p2 move leafstorm\n>p1 move calmmind\n>p2 move suckerpunch\n>p1 move calmmind\n>p2 move knockoff\n>p1 move dragonpulse\n>p2 move suckerpunch\n>p2 switch 5\n>p1 move thunderclap\n>p2 move uturn\n>p2 switch 2\n>p1 move thunderclap\n>p2 move thunderwave\n>p1 move thunderclap\n>p2 move hurricane\n>p1 switch 6\n>p1 move irondefense\n>p2 switch 4\n>p1 move irondefense terastallize\n>p2 move closecombat\n>p1 move bodypress\n>p2 move knockoff\n>p2 switch 4\n>p1 move ironhead\n>p2 move hurricane\n>p1 move bodypress\n>p2 move hurricane", "uploadtime": 1733857737, "views": 1, "formatid": "gen9randombattle", "rating": null, "private": 0, "password": null}