{"id": "gen9randombattle-2260805324", "format": "[Gen 9] Random Battle", "players": ["dudesinclothes2", "dejsejjde"], "log": "|j|\u2606dudesinclothes2\n|j|\u2606dejsejjde\n|t:|1733895155\n|gametype|singles\n|player|p1|dudesinclothes2|169|1068\n|player|p2|dejsejjde|1|1118\n|teamsize|p1|6\n|teamsize|p2|6\n|gen|9\n|tier|[Gen 9] Random Battle\n|rated|\n|rule|Species Clause: Limit one of each Pok\u00e9mon\n|rule|HP Percentage Mod: HP is shown in percentages\n|rule|Sleep Clause Mod: Limit one foe put to sleep\n|rule|Illusion Level Mod: Illusion disguises the Pok\u00e9mon's true level\n|\n|t:|1733895155\n|start\n|switch|p1a: Pachirisu|Pachirisu, L96, M|271/271\n|switch|p2a: Flutter Mane|Flutter Mane, L74|203/203\n|turn|1\n|\n|t:|1733895165\n|-end|p2a: Flutter Mane|Protosynthesis|[silent]\n|switch|p2a: Rhyperior|Rhyperior, L82, M|323/323\n|move|p1a: Pachirisu|Nuzzle|p2a: Rhyperior\n|-immune|p2a: Rhyperior\n|\n|upkeep\n|turn|2\n|inactive|Battle timer is ON: inactive players will automatically lose when time's up. (requested by dudesinclothes2)\n|\n|t:|1733895180\n|move|p1a: Pachirisu|Super Fang|p2a: Rhyperior|[miss]\n|-miss|p1a: Pachirisu|p2a: Rhyperior\n|move|p2a: Rhyperior|Stone Edge|p1a: Pachirisu|[miss]\n|-miss|p2a: Rhyperior|p1a: Pachirisu\n|\n|upkeep\n|turn|3\n|\n|t:|1733895197\n|move|p1a: Pachirisu|Super Fang|p2a: Rhyperior\n|-damage|p2a: Rhyperior|162/323\n|move|p2a: Rhyperior|Earthquake|p1a: Pachirisu\n|-supereffective|p1a: Pachirisu\n|-damage|p1a: Pachirisu|0 fnt\n|faint|p1a: Pachirisu\n|\n|upkeep\n|c|\u2606dejsejjde|exciting turn 2\n|inactive|dudesinclothes2 has 120 seconds left.\n|inactive|dudesinclothes2 has 90 seconds left.\n|\n|t:|1733895258\n|switch|p1a: Spectrier|Spectrier, L75|274/274\n|turn|4\n|\n|t:|1733895265\n|move|p1a: Spectrier|Shadow Ball|p2a: Rhyperior\n|-damage|p2a: Rhyperior|24/323\n|move|p2a: Rhyperior|Earthquake|p1a: Spectrier\n|-damage|p1a: Spectrier|76/274\n|\n|-heal|p1a: Spectrier|93/274|[from] item: Leftovers\n|upkeep\n|turn|5\n|\n|t:|1733895271\n|switch|p2a: Ursaring|Ursaring, L84, M|288/288\n|move|p1a: Spectrier|Shadow Ball|p2a: Ursaring\n|-immune|p2a: Ursaring\n|\n|-heal|p1a: Spectrier|110/274|[from] item: Leftovers\n|upkeep\n|turn|6\n|\n|t:|1733895284\n|-terastallize|p1a: Spectrier|Fighting\n|move|p1a: Spectrier|Nasty Plot|p1a: Spectrier\n|-boost|p1a: Spectrier|spa|2\n|move|p2a: Ursaring|Earthquake|p1a: Spectrier\n|-damage|p1a: Spectrier|0 fnt\n|faint|p1a: Spectrier\n|\n|upkeep\n|\n|t:|1733895290\n|switch|p1a: Araquanid|Araquanid, L82, F|246/246\n|turn|7\n|\n|t:|1733895300\n|move|p2a: Ursaring|Body Slam|p1a: Araquanid\n|-damage|p1a: Araquanid|141/246\n|-status|p1a: Araquanid|par\n|move|p1a: Araquanid|Sticky Web|p2a: Ursaring\n|-sidestart|p2: dejsejjde|move: Sticky Web\n|\n|upkeep\n|turn|8\n|inactive|dudesinclothes2 has 120 seconds left.\n|\n|t:|1733895307\n|switch|p2a: Rhyperior|Rhyperior, L82, M|24/323\n|-activate|p2a: Rhyperior|move: Sticky Web\n|-unboost|p2a: Rhyperior|spe|1\n|move|p1a: Araquanid|Leech Life|p2a: Rhyperior\n|-damage|p2a: Rhyperior|0 fnt\n|-heal|p1a: Araquanid|153/246 par|[from] drain|[of] p2a: Rhyperior\n|faint|p2a: Rhyperior\n|\n|upkeep\n|\n|t:|1733895310\n|switch|p2a: Scyther|Scyther, L82, F|249/249\n|turn|9\n|\n|t:|1733895321\n|move|p2a: Scyther|Swords Dance|p2a: Scyther\n|-boost|p2a: Scyther|atk|2\n|cant|p1a: Araquanid|par\n|\n|upkeep\n|turn|10\n|\n|t:|1733895328\n|move|p2a: Scyther|Dual Wingbeat|p1a: Araquanid|[miss]\n|-miss|p2a: Scyther|p1a: Araquanid\n|cant|p1a: Araquanid|par\n|\n|upkeep\n|turn|11\n|\n|t:|1733895333\n|move|p2a: Scyther|Dual Wingbeat|p1a: Araquanid\n|-supereffective|p1a: Araquanid\n|-damage|p1a: Araquanid|0 fnt\n|faint|p1a: Araquanid\n|-hitcount|p1: Araquanid|1\n|\n|upkeep\n|\n|t:|1733895336\n|switch|p1a: Zekrom|Zekrom, L71|259/259\n|-ability|p1a: Zekrom|Teravolt\n|turn|12\n|\n|t:|1733895340\n|move|p2a: Scyther|Bug Bite|p1a: Zekrom\n|-damage|p1a: Zekrom|60/259\n|move|p1a: Zekrom|Dragon Dance|p1a: Zekrom\n|-boost|p1a: Zekrom|atk|1\n|-boost|p1a: Zekrom|spe|1\n|\n|-heal|p1a: Zekrom|76/259|[from] item: Leftovers\n|upkeep\n|turn|13\n|\n|t:|1733895348\n|-terastallize|p2a: Scyther|Fighting\n|move|p1a: Zekrom|Bolt Strike|p2a: Scyther\n|-damage|p2a: Scyther|33/249\n|move|p2a: Scyther|Bug Bite|p1a: Zekrom\n|-damage|p1a: Zekrom|0 fnt\n|faint|p1a: Zekrom\n|\n|upkeep\n|-message|dudesinclothes2 forfeited.\n|\n|win|dejsejjde\n|raw|dudesinclothes2's rating: 1068 &rarr; <strong>1049</strong><br />(-19 for losing)\n|raw|dejsejjde's rating: 1095 &rarr; <strong>1119</strong><br />(+24 for winning)\n|l|\u2606dudesinclothes2\n|player|p1|\n", "inputlog": ">version bfd83cad13791eb5a5a409923076391caf6fb4d4\n>start {\"formatid\":\"gen9randombattle\",\"seed\":[40485,60805,35722,13775],\"rated\":\"Rated battle\"}\n>player p1 {\"name\":\"dudesinclothes2\",\"avatar\":\"169\",\"rating\":1068,\"seed\":[20297,21958,26134,14354]}\n>player p2 {\"name\":\"dejsejjde\",\"avatar\":\"1\",\"rating\":1118,\"seed\":[39536,31934,30173,19702]}\n>p1 move nuzzle\n>p2 switch 6\n>p1 move superfang\n>p2 move stoneedge\n>p1 move superfang\n>p2 move earthquake\n>chat \u2606dejsejjde|exciting turn 2\n>p1 switch 6\n>p1 move shadowball\n>p2 move earthquake\n>p1 move shadowball\n>p2 switch 3\n>p1 move nastyplot terastallize\n>p2 move earthquake\n>p1 switch 4\n>p1 move stickyweb\n>p2 move bodyslam\n>p1 move leechlife\n>p2 switch 3\n>p2 switch 5\n>p1 move liquidation\n>p2 move swordsdance\n>p1 move liquidation\n>p2 move dualwingbeat\n>p1 move liquidation\n>p2 move dualwingbeat\n>p1 switch 5\n>p1 move dragondance\n>p2 move bugbite\n>p1 move boltstrike\n>p2 move bugbite terastallize\n>forcelose p1", "uploadtime": 1733895365, "views": 1, "formatid": "gen9randombattle", "rating": 1049, "private": 0, "password": null}