{"id": "gen9randombattle-2260461460", "format": "[Gen 9] Random Battle", "players": ["sulliwarrior", "kokichioumasupreme"], "log": "|j|\u2606sulliwarrior\n|j|\u2606kokichioumasupreme\n|t:|1733853888\n|gametype|singles\n|player|p1|sulliwarrior|170|1222\n|player|p2|kokichioumasupreme|roxie|1171\n|teamsize|p1|6\n|teamsize|p2|6\n|gen|9\n|tier|[Gen 9] Random Battle\n|rated|\n|rule|Species Clause: Limit one of each Pok\u00e9mon\n|rule|HP Percentage Mod: HP is shown in percentages\n|rule|Sleep Clause Mod: Limit one foe put to sleep\n|rule|Illusion Level Mod: Illusion disguises the Pok\u00e9mon's true level\n|\n|t:|1733853888\n|start\n|switch|p1a: Drednaw|Drednaw, L81, M|278/278\n|switch|p2a: Toxapex|Toxapex, L82, M|216/216\n|turn|1\n|c|\u2606sulliwarrior|glhf\n|inactive|Battle timer is ON: inactive players will automatically lose when time's up. (requested by sulliwarrior)\n|\n|t:|1733853898\n|move|p1a: Drednaw|Shell Smash|p1a: Drednaw\n|-unboost|p1a: Drednaw|def|1\n|-unboost|p1a: Drednaw|spd|1\n|-boost|p1a: Drednaw|atk|2\n|-boost|p1a: Drednaw|spa|2\n|-boost|p1a: Drednaw|spe|2\n|-enditem|p1a: Drednaw|White Herb\n|-clearnegativeboost|p1a: Drednaw|[silent]\n|move|p2a: Toxapex|Toxic Spikes|p1a: Drednaw\n|-sidestart|p1: sulliwarrior|move: Toxic Spikes\n|\n|upkeep\n|turn|2\n|\n|t:|1733853916\n|move|p1a: Drednaw|Crunch|p2a: Toxapex\n|-damage|p2a: Toxapex|88/216\n|move|p2a: Toxapex|Haze|p2a: Toxapex\n|-clearallboost\n|\n|-heal|p2a: Toxapex|101/216|[from] item: Leftovers\n|upkeep\n|turn|3\n|\n|t:|1733853944\n|move|p1a: Drednaw|Crunch|p2a: Toxapex\n|-damage|p2a: Toxapex|42/216\n|move|p2a: Toxapex|Toxic Spikes|p1a: Drednaw\n|-sidestart|p1: sulliwarrior|move: Toxic Spikes\n|\n|-heal|p2a: Toxapex|55/216|[from] item: Leftovers\n|upkeep\n|turn|4\n|\n|t:|1733853952\n|move|p1a: Drednaw|Crunch|p2a: Toxapex\n|-damage|p2a: Toxapex|0 fnt\n|faint|p2a: Toxapex\n|\n|upkeep\n|\n|t:|1733853975\n|switch|p2a: Pikachu|Pikachu-Alola, L93, M|216/216\n|turn|5\n|\n|t:|1733853981\n|-terastallize|p1a: Drednaw|Dark\n|move|p2a: Pikachu|Fake Out|p1a: Drednaw\n|-damage|p1a: Drednaw|226/278\n|cant|p1a: Drednaw|flinch\n|\n|upkeep\n|turn|6\n|\n|t:|1733853992\n|move|p2a: Pikachu|Play Rough|p1a: Drednaw\n|-supereffective|p1a: Drednaw\n|-damage|p1a: Drednaw|0 fnt\n|faint|p1a: Drednaw\n|\n|upkeep\n|\n|t:|1733853999\n|switch|p1a: Flareon|Flareon, L90, M|263/263\n|-status|p1a: Flareon|tox\n|turn|7\n|\n|t:|1733854013\n|-terastallize|p2a: Pikachu|Water\n|move|p2a: Pikachu|Surf|p1a: Flareon\n|-supereffective|p1a: Flareon\n|-damage|p1a: Flareon|11/263 tox\n|move|p1a: Flareon|Facade|p2a: Pikachu\n|-damage|p2a: Pikachu|0 fnt\n|faint|p2a: Pikachu\n|\n|-damage|p1a: Flareon|0 fnt|[from] psn\n|faint|p1a: Flareon\n|upkeep\n|\n|t:|1733854033\n|switch|p2a: Arceus|Arceus-Bug, L73|295/295\n|switch|p1a: Chien-Pao|Chien-Pao, L72|234/234\n|-status|p1a: Chien-Pao|tox\n|-ability|p1a: Chien-Pao|Sword of Ruin\n|turn|8\n|\n|t:|1733854045\n|move|p1a: Chien-Pao|Icicle Crash|p2a: Arceus\n|-damage|p2a: Arceus|153/295\n|cant|p2a: Arceus|flinch\n|\n|-damage|p1a: Chien-Pao|220/234 tox|[from] psn\n|upkeep\n|turn|9\n|\n|t:|1733854056\n|move|p1a: Chien-Pao|Icicle Crash|p2a: Arceus|[miss]\n|-miss|p1a: Chien-Pao|p2a: Arceus\n|move|p2a: Arceus|Recover|p2a: Arceus\n|-heal|p2a: Arceus|295/295\n|\n|-damage|p1a: Chien-Pao|192/234 tox|[from] psn\n|upkeep\n|turn|10\n|\n|t:|1733854065\n|move|p1a: Chien-Pao|Icicle Crash|p2a: Arceus\n|-damage|p2a: Arceus|162/295\n|cant|p2a: Arceus|flinch\n|\n|-damage|p1a: Chien-Pao|150/234 tox|[from] psn\n|upkeep\n|turn|11\n|\n|t:|1733854073\n|move|p1a: Chien-Pao|Icicle Crash|p2a: Arceus\n|-damage|p2a: Arceus|12/295\n|move|p2a: Arceus|Recover|p2a: Arceus\n|-heal|p2a: Arceus|160/295\n|\n|-damage|p1a: Chien-Pao|94/234 tox|[from] psn\n|upkeep\n|turn|12\n|\n|t:|1733854082\n|move|p1a: Chien-Pao|Icicle Crash|p2a: Arceus\n|-damage|p2a: Arceus|16/295\n|move|p2a: Arceus|Recover|p2a: Arceus\n|-heal|p2a: Arceus|164/295\n|\n|-damage|p1a: Chien-Pao|24/234 tox|[from] psn\n|upkeep\n|turn|13\n|\n|t:|1733854090\n|move|p1a: Chien-Pao|Icicle Crash|p2a: Arceus\n|-damage|p2a: Arceus|20/295\n|move|p2a: Arceus|Recover|p2a: Arceus\n|-heal|p2a: Arceus|168/295\n|\n|-damage|p1a: Chien-Pao|0 fnt|[from] psn\n|faint|p1a: Chien-Pao\n|upkeep\n|\n|t:|1733854099\n|switch|p1a: Luxray|Luxray, L88, M|284/284\n|-status|p1a: Luxray|tox\n|-ability|p1a: Luxray|Intimidate|boost\n|-unboost|p2a: Arceus|atk|1\n|turn|14\n|\n|t:|1733854123\n|move|p2a: Arceus|Judgment|p1a: Luxray\n|-damage|p1a: Luxray|196/284 tox\n|move|p1a: Luxray|Wild Charge|p2a: Arceus\n|-damage|p2a: Arceus|62/295\n|-damage|p1a: Luxray|169/284 tox|[from] Recoil\n|\n|-damage|p1a: Luxray|152/284 tox|[from] psn\n|upkeep\n|turn|15\n|inactive|kokichioumasupreme has 120 seconds left.\n|inactive|sulliwarrior has 120 seconds left.\n|\n|t:|1733854169\n|move|p2a: Arceus|Recover|p2a: Arceus\n|-heal|p2a: Arceus|210/295\n|move|p1a: Luxray|Wild Charge|p2a: Arceus\n|-damage|p2a: Arceus|96/295\n|-damage|p1a: Luxray|123/284 tox|[from] Recoil\n|\n|-damage|p1a: Luxray|89/284 tox|[from] psn\n|upkeep\n|turn|16\n|-message|sulliwarrior forfeited.\n|\n|win|kokichioumasupreme\n|raw|sulliwarrior's rating: 1222 &rarr; <strong>1193</strong><br />(-29 for losing)\n|raw|kokichioumasupreme's rating: 1171 &rarr; <strong>1200</strong><br />(+29 for winning)\n|l|\u2606sulliwarrior\n|player|p1|\n", "inputlog": ">version bfd83cad13791eb5a5a409923076391caf6fb4d4\n>start {\"formatid\":\"gen9randombattle\",\"seed\":[49522,50487,14888,1909],\"rated\":\"Rated battle\"}\n>player p1 {\"name\":\"sulliwarrior\",\"avatar\":\"170\",\"rating\":1222,\"seed\":[230,38305,62160,40959]}\n>player p2 {\"name\":\"kokichioumasupreme\",\"avatar\":\"roxie\",\"rating\":1171,\"seed\":[53416,54069,46619,7001]}\n>chat \u2606sulliwarrior|glhf\n>p1 move shellsmash\n>p2 move toxicspikes\n>p1 move crunch\n>p2 move haze\n>p1 move crunch\n>p2 move toxicspikes\n>p1 move crunch\n>p2 move recover\n>p2 switch 4\n>p1 move crunch terastallize\n>p2 move fakeout\n>p1 move crunch\n>p2 move playrough\n>p1 switch 5\n>p1 move facade\n>p2 move surf terastallize\n>p1 switch 2\n>p2 switch 6\n>p1 move iciclecrash\n>p2 move calmmind\n>p1 move iciclecrash\n>p2 move recover\n>p1 move iciclecrash\n>p2 move fireblast\n>p1 move iciclecrash\n>p2 move recover\n>p1 move iciclecrash\n>p2 move recover\n>p1 move iciclecrash\n>p2 move recover\n>p1 switch 4\n>p1 move wildcharge\n>p2 move judgment\n>p1 move wildcharge\n>p2 move recover\n>forcelose p1", "uploadtime": 1733854203, "views": 2, "formatid": "gen9randombattle", "rating": 1193, "private": 0, "password": null}