{"id": "gen9randombattle-2260918911", "format": "[Gen 9] Random Battle", "players": ["cweek68", "Simonssales1"], "log": "|j|\u2606cweek68\n|j|\u2606Simonssales1\n|t:|1733916685\n|gametype|singles\n|player|p1|cweek68|worker|1493\n|player|p2|Simonssales1|brycenman|1486\n|teamsize|p1|6\n|teamsize|p2|6\n|gen|9\n|tier|[Gen 9] Random Battle\n|rated|\n|rule|Species Clause: Limit one of each Pok\u00e9mon\n|rule|HP Percentage Mod: HP is shown in percentages\n|rule|Sleep Clause Mod: Limit one foe put to sleep\n|rule|Illusion Level Mod: Illusion disguises the Pok\u00e9mon's true level\n|\n|t:|1733916685\n|start\n|switch|p1a: Toucannon|Toucannon, L88, M|284/284\n|switch|p2a: Lumineon|Lumineon, L93, M|279/279\n|turn|1\n|inactive|Battle timer is ON: inactive players will automatically lose when time's up. (requested by Simonssales1)\n|\n|t:|1733916723\n|move|p2a: Lumineon|U-turn|p1a: Toucannon\n|-resisted|p1a: Toucannon\n|-damage|p1a: Toucannon|257/284\n|\n|t:|1733916729\n|switch|p2a: Galvantula|Galvantula, L82, F|249/249|[from] U-turn\n|move|p1a: Toucannon|Boomburst|p2a: Galvantula\n|-damage|p2a: Galvantula|80/249\n|\n|upkeep\n|turn|2\n|\n|t:|1733916740\n|move|p2a: Galvantula|Thunder|p1a: Toucannon\n|-supereffective|p1a: Toucannon\n|-damage|p1a: Toucannon|27/284\n|move|p1a: Toucannon|Boomburst|p2a: Galvantula\n|-damage|p2a: Galvantula|0 fnt\n|faint|p2a: Galvantula\n|\n|upkeep\n|\n|t:|1733916758\n|switch|p2a: Kleavor|Kleavor, L78, F|237/237\n|turn|3\n|\n|t:|1733916762\n|move|p2a: Kleavor|Stone Axe|p1a: Toucannon\n|-supereffective|p1a: Toucannon\n|-damage|p1a: Toucannon|0 fnt\n|-sidestart|p1: cweek68|move: Stealth Rock\n|faint|p1a: Toucannon\n|\n|upkeep\n|\n|t:|1733916768\n|switch|p1a: Garchomp|Garchomp, L74, F|282/282\n|-damage|p1a: Garchomp|265/282|[from] Stealth Rock\n|turn|4\n|\n|t:|1733916776\n|move|p1a: Garchomp|Earthquake|p2a: Kleavor\n|-damage|p2a: Kleavor|132/237\n|move|p2a: Kleavor|U-turn|p1a: Garchomp\n|-damage|p1a: Garchomp|172/282\n|-damage|p2a: Kleavor|103/237|[from] ability: Rough Skin|[of] p1a: Garchomp\n|-damage|p2a: Kleavor|64/237|[from] item: Rocky Helmet|[of] p1a: Garchomp\n|\n|t:|1733916806\n|switch|p2a: Granbull|Granbull, L88, F|302/302|[from] U-turn\n|-ability|p2a: Granbull|Intimidate|boost\n|-unboost|p1a: Garchomp|atk|1\n|\n|upkeep\n|turn|5\n|inactive|cweek68 has 120 seconds left.\n|\n|t:|1733916844\n|switch|p1a: Slowbro|Slowbro-Galar, L87, F|307/307\n|-damage|p1a: Slowbro|269/307|[from] Stealth Rock\n|move|p2a: Granbull|Roar|p1a: Slowbro\n|drag|p1a: Milotic|Milotic, L83, M|293/293\n|-damage|p1a: Milotic|257/293|[from] Stealth Rock\n|\n|-heal|p1a: Milotic|275/293|[from] item: Leftovers\n|upkeep\n|turn|6\n|inactive|cweek68 has 120 seconds left.\n|\n|t:|1733916852\n|move|p1a: Milotic|Scald|p2a: Granbull\n|-damage|p2a: Granbull|191/302\n|move|p2a: Granbull|Thunder Wave|p1a: Milotic|[miss]\n|-miss|p2a: Granbull|p1a: Milotic\n|\n|-heal|p1a: Milotic|293/293|[from] item: Leftovers\n|-heal|p2a: Granbull|209/302|[from] item: Leftovers\n|upkeep\n|turn|7\n|\n|t:|1733916861\n|move|p1a: Milotic|Scald|p2a: Granbull\n|-damage|p2a: Granbull|98/302\n|-status|p2a: Granbull|brn\n|move|p2a: Granbull|Thunder Wave|p1a: Milotic\n|-status|p1a: Milotic|par\n|\n|-heal|p2a: Granbull|116/302 brn|[from] item: Leftovers\n|-damage|p2a: Granbull|98/302 brn|[from] brn\n|upkeep\n|turn|8\n|inactive|cweek68 has 120 seconds left.\n|\n|t:|1733916885\n|switch|p2a: Chansey|Chansey, L85, F|564/564\n|switch|p1a: Slowbro|Slowbro-Galar, L87, F|307/307\n|-damage|p1a: Slowbro|269/307|[from] Stealth Rock\n|\n|upkeep\n|turn|9\n|inactive|cweek68 has 120 seconds left.\n|\n|t:|1733916894\n|move|p2a: Chansey|Heal Bell|p2a: Chansey\n|-activate|p2a: Chansey|move: Heal Bell\n|-curestatus|p2: Granbull|brn|[msg]\n|move|p1a: Slowbro|Shell Side Arm|p2a: Chansey|[anim] Shell Side Arm Physical\n|-damage|p2a: Chansey|236/564\n|-hint|Physical Shell Side Arm\n|-damage|p1a: Slowbro|239/307|[from] item: Life Orb\n|\n|upkeep\n|turn|10\n|inactive|cweek68 has 120 seconds left.\n|\n|t:|1733916905\n|switch|p2a: Dialga|Dialga-Origin, L73|266/266\n|-ability|p2a: Dialga|Pressure\n|move|p1a: Slowbro|Shell Side Arm|p2a: Dialga|[anim] Shell Side Arm Physical\n|-immune|p2a: Dialga\n|\n|upkeep\n|turn|11\n|inactive|cweek68 has 120 seconds left.\n|\n|t:|1733916917\n|move|p1a: Slowbro|Psychic|p2a: Dialga\n|-resisted|p2a: Dialga\n|-damage|p2a: Dialga|205/266\n|-damage|p1a: Slowbro|209/307|[from] item: Life Orb\n|move|p2a: Dialga|Dragon Tail|p1a: Slowbro\n|-damage|p1a: Slowbro|149/307\n|drag|p1a: Pelipper|Pelipper, L86, M|243/243\n|-damage|p1a: Pelipper|183/243|[from] Stealth Rock\n|-weather|RainDance|[from] ability: Drizzle|[of] p1a: Pelipper\n|\n|-weather|RainDance|[upkeep]\n|upkeep\n|turn|12\n|\n|t:|1733916935\n|move|p2a: Dialga|Draco Meteor|p1a: Pelipper\n|-damage|p1a: Pelipper|0 fnt\n|-unboost|p2a: Dialga|spa|2\n|faint|p1a: Pelipper\n|\n|-weather|RainDance|[upkeep]\n|upkeep\n|\n|t:|1733916947\n|switch|p1a: Snorlax|Snorlax, L82, F|397/397\n|-damage|p1a: Snorlax|348/397|[from] Stealth Rock\n|turn|13\n|\n|t:|1733916952\n|switch|p2a: Granbull|Granbull, L88, F|98/302\n|-ability|p2a: Granbull|Intimidate|boost\n|-unboost|p1a: Snorlax|atk|1\n|move|p1a: Snorlax|Body Slam|p2a: Granbull\n|-damage|p2a: Granbull|31/302\n|\n|-weather|RainDance|[upkeep]\n|-heal|p2a: Granbull|49/302|[from] item: Leftovers\n|upkeep\n|turn|14\n|\n|t:|1733916960\n|move|p2a: Granbull|Thunder Wave|p1a: Snorlax\n|-status|p1a: Snorlax|par\n|move|p1a: Snorlax|Body Slam|p2a: Granbull\n|-damage|p2a: Granbull|0 fnt\n|faint|p2a: Granbull\n|\n|-weather|RainDance|[upkeep]\n|upkeep\n|\n|t:|1733916989\n|switch|p2a: Kleavor|Kleavor, L78, F|64/237\n|turn|15\n|\n|t:|1733916996\n|move|p2a: Kleavor|X-Scissor|p1a: Snorlax\n|-damage|p1a: Snorlax|153/397 par\n|move|p1a: Snorlax|Rest|p1a: Snorlax\n|-status|p1a: Snorlax|slp|[from] move: Rest\n|-heal|p1a: Snorlax|397/397 slp|[silent]\n|-enditem|p1a: Snorlax|Chesto Berry|[eat]\n|-curestatus|p1a: Snorlax|slp|[msg]\n|\n|-weather|none\n|upkeep\n|turn|16\n|\n|t:|1733917006\n|move|p2a: Kleavor|X-Scissor|p1a: Snorlax\n|-damage|p1a: Snorlax|201/397\n|move|p1a: Snorlax|Body Slam|p2a: Kleavor\n|-resisted|p2a: Kleavor\n|-damage|p2a: Kleavor|34/237\n|-status|p2a: Kleavor|par\n|\n|upkeep\n|turn|17\n|\n|t:|1733917011\n|move|p1a: Snorlax|Body Slam|p2a: Kleavor\n|-resisted|p2a: Kleavor\n|-damage|p2a: Kleavor|1/237 par\n|move|p2a: Kleavor|X-Scissor|p1a: Snorlax\n|-damage|p1a: Snorlax|20/397\n|\n|upkeep\n|turn|18\n|\n|t:|1733917020\n|move|p1a: Snorlax|Body Slam|p2a: Kleavor\n|-resisted|p2a: Kleavor\n|-damage|p2a: Kleavor|0 fnt\n|faint|p2a: Kleavor\n|\n|upkeep\n|\n|t:|1733917023\n|switch|p2a: Lumineon|Lumineon, L93, M|279/279\n|turn|19\n|\n|t:|1733917027\n|move|p2a: Lumineon|Alluring Voice|p1a: Snorlax\n|-damage|p1a: Snorlax|0 fnt\n|faint|p1a: Snorlax\n|\n|upkeep\n|\n|t:|1733917040\n|switch|p1a: Garchomp|Garchomp, L74, F|172/282\n|-damage|p1a: Garchomp|155/282|[from] Stealth Rock\n|turn|20\n|\n|t:|1733917046\n|-terastallize|p1a: Garchomp|Steel\n|move|p2a: Lumineon|Hydro Pump|p1a: Garchomp\n|-damage|p1a: Garchomp|17/282\n|move|p1a: Garchomp|Outrage|p2a: Lumineon\n|-damage|p2a: Lumineon|150/279\n|\n|upkeep\n|turn|21\n|\n|t:|1733917051\n|move|p2a: Lumineon|Alluring Voice|p1a: Garchomp\n|-resisted|p1a: Garchomp\n|-damage|p1a: Garchomp|0 fnt\n|faint|p1a: Garchomp\n|\n|upkeep\n|\n|t:|1733917055\n|switch|p1a: Milotic|Milotic, L83, M|293/293 par\n|-damage|p1a: Milotic|257/293 par|[from] Stealth Rock\n|turn|22\n|\n|t:|1733917062\n|move|p2a: Lumineon|U-turn|p1a: Milotic\n|-damage|p1a: Milotic|207/293 par\n|\n|t:|1733917068\n|switch|p2a: Chansey|Chansey, L85, F|236/564|[from] U-turn\n|move|p1a: Milotic|Scald|p2a: Chansey\n|-damage|p2a: Chansey|182/564\n|\n|-heal|p1a: Milotic|225/293 par|[from] item: Leftovers\n|upkeep\n|turn|23\n|\n|t:|1733917074\n|move|p2a: Chansey|Soft-Boiled|p2a: Chansey\n|-heal|p2a: Chansey|464/564\n|cant|p1a: Milotic|par\n|\n|-heal|p1a: Milotic|243/293 par|[from] item: Leftovers\n|upkeep\n|turn|24\n|\n|t:|1733917090\n|move|p2a: Chansey|Seismic Toss|p1a: Milotic\n|-damage|p1a: Milotic|158/293 par\n|move|p1a: Milotic|Scald|p2a: Chansey\n|-damage|p2a: Chansey|413/564\n|-status|p2a: Chansey|brn\n|\n|-heal|p1a: Milotic|176/293 par|[from] item: Leftovers\n|-damage|p2a: Chansey|378/564 brn|[from] brn\n|upkeep\n|turn|25\n|c|\u2606cweek68|ts cant be fun for u lil bro\n|\n|t:|1733917107\n|move|p2a: Chansey|Heal Bell|p2a: Chansey\n|-activate|p2a: Chansey|move: Heal Bell\n|-curestatus|p2a: Chansey|brn|[msg]\n|move|p1a: Milotic|Scald|p2a: Chansey\n|-damage|p2a: Chansey|326/564\n|\n|-heal|p1a: Milotic|194/293 par|[from] item: Leftovers\n|upkeep\n|turn|26\n|c|\u2606cweek68|kinda aids ng;\n|\n|t:|1733917118\n|move|p2a: Chansey|Seismic Toss|p1a: Milotic\n|-damage|p1a: Milotic|109/293 par\n|cant|p1a: Milotic|par\n|\n|-heal|p1a: Milotic|127/293 par|[from] item: Leftovers\n|upkeep\n|turn|27\n|\n|t:|1733917123\n|move|p2a: Chansey|Seismic Toss|p1a: Milotic\n|-damage|p1a: Milotic|42/293 par\n|move|p1a: Milotic|Recover|p1a: Milotic\n|-heal|p1a: Milotic|189/293 par\n|\n|-heal|p1a: Milotic|207/293 par|[from] item: Leftovers\n|upkeep\n|turn|28\n|\n|t:|1733917128\n|move|p2a: Chansey|Seismic Toss|p1a: Milotic\n|-damage|p1a: Milotic|122/293 par\n|move|p1a: Milotic|Scald|p2a: Chansey\n|-damage|p2a: Chansey|272/564\n|-status|p2a: Chansey|brn\n|\n|-heal|p1a: Milotic|140/293 par|[from] item: Leftovers\n|-damage|p2a: Chansey|237/564 brn|[from] brn\n|upkeep\n|turn|29\n|\n|t:|1733917133\n|move|p2a: Chansey|Heal Bell|p2a: Chansey\n|-activate|p2a: Chansey|move: Heal Bell\n|-curestatus|p2a: Chansey|brn|[msg]\n|move|p1a: Milotic|Recover|p1a: Milotic\n|-heal|p1a: Milotic|287/293 par\n|\n|-heal|p1a: Milotic|293/293 par|[from] item: Leftovers\n|upkeep\n|turn|30\n|\n|t:|1733917137\n|switch|p1a: Slowbro|Slowbro-Galar, L87, F|251/307\n|-damage|p1a: Slowbro|213/307|[from] Stealth Rock\n|move|p2a: Chansey|Soft-Boiled|p2a: Chansey\n|-heal|p2a: Chansey|519/564\n|\n|upkeep\n|turn|31\n|\n|t:|1733917142\n|move|p2a: Chansey|Thunder Wave|p1a: Slowbro\n|-status|p1a: Slowbro|par\n|move|p1a: Slowbro|Shell Side Arm|p2a: Chansey|[anim] Shell Side Arm Physical\n|-damage|p2a: Chansey|188/564\n|-hint|Physical Shell Side Arm\n|-damage|p1a: Slowbro|183/307 par|[from] item: Life Orb\n|\n|upkeep\n|turn|32\n|\n|t:|1733917149\n|switch|p2a: Dialga|Dialga-Origin, L73|205/266\n|-ability|p2a: Dialga|Pressure\n|move|p1a: Slowbro|Fire Blast|p2a: Dialga\n|-damage|p2a: Dialga|98/266\n|-damage|p1a: Slowbro|153/307 par|[from] item: Life Orb\n|\n|upkeep\n|turn|33\n|\n|t:|1733917157\n|move|p2a: Dialga|Draco Meteor|p1a: Slowbro\n|-damage|p1a: Slowbro|0 fnt\n|-unboost|p2a: Dialga|spa|2\n|faint|p1a: Slowbro\n|\n|upkeep\n|\n|t:|1733917162\n|switch|p1a: Milotic|Milotic, L83, M|293/293 par\n|-damage|p1a: Milotic|257/293 par|[from] Stealth Rock\n|turn|34\n|\n|t:|1733917167\n|switch|p2a: Chansey|Chansey, L85, F|188/564\n|move|p1a: Milotic|Scald|p2a: Chansey\n|-damage|p2a: Chansey|134/564\n|\n|-heal|p1a: Milotic|275/293 par|[from] item: Leftovers\n|upkeep\n|turn|35\n|inactive|cweek68 has 120 seconds left.\n|inactive|cweek68 has 90 seconds left.\n|inactive|cweek68 has 60 seconds left.\n|j| siber666\n|l| siber666\n|inactive|cweek68 has 30 seconds left.\n|inactive|cweek68 has 20 seconds left.\n|inactive|cweek68 has 15 seconds left.\n|inactive|cweek68 has 10 seconds left.\n|inactive|cweek68 has 5 seconds left.\n|-message|cweek68 lost due to inactivity.\n|\n|win|Simonssales1\n|raw|cweek68's rating: 1493 &rarr; <strong>1473</strong><br />(-20 for losing)\n|raw|Simonssales1's rating: 1486 &rarr; <strong>1506</strong><br />(+20 for winning)\n", "inputlog": ">version bfd83cad13791eb5a5a409923076391caf6fb4d4\n>start {\"formatid\":\"gen9randombattle\",\"seed\":[50463,31651,18760,25290],\"rated\":\"Rated battle\"}\n>player p1 {\"name\":\"cweek68\",\"avatar\":\"worker\",\"rating\":1493,\"seed\":[34191,45397,27734,60464]}\n>player p2 {\"name\":\"Simonssales1\",\"avatar\":\"brycenman\",\"rating\":1486,\"seed\":[28954,63002,48155,42475]}\n>p1 move boomburst\n>p2 move uturn\n>p2 switch 5\n>p1 move boomburst\n>p2 move thunder\n>p2 switch 2\n>p1 move roost\n>p2 move stoneaxe\n>p1 switch 5\n>p1 move earthquake\n>p2 move uturn\n>p2 switch 4\n>p1 switch 3\n>p2 move roar\n>p1 move scald\n>p2 move thunderwave\n>p1 move scald\n>p2 move thunderwave\n>p1 switch 2\n>p2 switch 3\n>p1 move shellsidearm\n>p2 move healbell\n>p1 move shellsidearm\n>p2 switch 6\n>p1 move psychic\n>p2 move dragontail\n>p1 move hurricane\n>p2 move dracometeor\n>p1 switch 6\n>p1 move bodyslam\n>p2 switch 3\n>p1 move bodyslam\n>p2 move thunderwave\n>p2 switch 4\n>p1 move rest\n>p2 move xscissor\n>p1 move bodyslam\n>p2 move xscissor\n>p1 move bodyslam\n>p2 move xscissor\n>p1 move bodyslam\n>p2 move xscissor\n>p2 switch 5\n>p1 move rest\n>p2 move alluringvoice\n>p1 switch 3\n>p1 move outrage terastallize\n>p2 move hydropump\n>p1 move outrage\n>p2 move alluringvoice\n>p1 switch 2\n>p1 move scald\n>p2 move uturn\n>p2 switch 6\n>p1 move scald\n>p2 move softboiled\n>p1 move scald\n>p2 move seismictoss\n>chat \u2606cweek68|ts cant be fun for u lil bro \n>p1 move scald\n>p2 move healbell\n>chat \u2606cweek68|kinda aids ng;\n>p1 move scald\n>p2 move seismictoss\n>p1 move recover\n>p2 move seismictoss\n>p1 move scald\n>p2 move seismictoss\n>p1 move recover\n>p2 move healbell\n>p1 switch 4\n>p2 move softboiled\n>p1 move shellsidearm\n>p2 move thunderwave\n>p1 move fireblast\n>p2 switch 3\n>p1 move fireblast\n>p2 move dracometeor\n>p1 switch 4\n>p1 move scald\n>p2 switch 3\n>forcelose p1", "uploadtime": 1733917327, "views": 1, "formatid": "gen9randombattle", "rating": 1473, "private": 0, "password": null}