{"id": "gen9randombattle-2260562034", "format": "[Gen 9] Random Battle", "players": ["cripuru", "dannyjg1"], "log": "|j|\u2606cripuru\n|j|\u203ddannyjg1\n|t:|1733863794\n|gametype|singles\n|player|p1|cripuru|clair|1283\n|player|p2|dannyjg1|265|1267\n|teamsize|p1|6\n|teamsize|p2|6\n|gen|9\n|tier|[Gen 9] Random Battle\n|rated|\n|rule|Species Clause: Limit one of each Pok\u00e9mon\n|rule|HP Percentage Mod: HP is shown in percentages\n|rule|Sleep Clause Mod: Limit one foe put to sleep\n|rule|Illusion Level Mod: Illusion disguises the Pok\u00e9mon's true level\n|\n|t:|1733863794\n|start\n|switch|p1a: Misdreavus|Misdreavus, L90, M|254/254\n|switch|p2a: Tsareena|Tsareena, L87, F|267/267\n|turn|1\n|inactive|Battle timer is ON: inactive players will automatically lose when time's up. (requested by cripuru)\n|inactive|dannyjg1 has 120 seconds left.\n|inactive|dannyjg1 has 90 seconds left.\n|inactive|dannyjg1 has 60 seconds left.\n|inactive|dannyjg1 has 30 seconds left.\n|inactive|dannyjg1 has 20 seconds left.\n|\n|t:|1733863927\n|-terastallize|p2a: Tsareena|Fighting\n|move|p1a: Misdreavus|Will-O-Wisp|p2a: Tsareena\n|-status|p2a: Tsareena|brn\n|move|p2a: Tsareena|Triple Axel|p1a: Misdreavus\n|-crit|p1a: Misdreavus\n|-damage|p1a: Misdreavus|238/254\n|-damage|p1a: Misdreavus|219/254\n|-damage|p1a: Misdreavus|190/254\n|-hitcount|p1a: Misdreavus|3\n|-damage|p2a: Tsareena|241/267 brn|[from] item: Life Orb\n|\n|-damage|p2a: Tsareena|225/267 brn|[from] brn\n|upkeep\n|turn|2\n|\n|t:|1733863935\n|move|p1a: Misdreavus|Calm Mind|p1a: Misdreavus\n|-boost|p1a: Misdreavus|spa|1\n|-boost|p1a: Misdreavus|spd|1\n|move|p2a: Tsareena|Triple Axel|p1a: Misdreavus\n|-damage|p1a: Misdreavus|181/254\n|-hitcount|p1a: Misdreavus|1\n|-damage|p2a: Tsareena|199/267 brn|[from] item: Life Orb\n|\n|-damage|p2a: Tsareena|183/267 brn|[from] brn\n|upkeep\n|turn|3\n|\n|t:|1733863944\n|move|p1a: Misdreavus|Calm Mind|p1a: Misdreavus\n|-boost|p1a: Misdreavus|spa|1\n|-boost|p1a: Misdreavus|spd|1\n|move|p2a: Tsareena|Triple Axel|p1a: Misdreavus\n|-damage|p1a: Misdreavus|171/254\n|-damage|p1a: Misdreavus|152/254\n|-damage|p1a: Misdreavus|125/254\n|-hitcount|p1a: Misdreavus|3\n|-damage|p2a: Tsareena|157/267 brn|[from] item: Life Orb\n|\n|-damage|p2a: Tsareena|141/267 brn|[from] brn\n|upkeep\n|turn|4\n|\n|t:|1733863952\n|move|p1a: Misdreavus|Draining Kiss|p2a: Tsareena\n|-supereffective|p2a: Tsareena\n|-damage|p2a: Tsareena|13/267 brn\n|-heal|p1a: Misdreavus|221/254|[from] drain|[of] p2a: Tsareena\n|move|p2a: Tsareena|Triple Axel|p1a: Misdreavus\n|-damage|p1a: Misdreavus|212/254\n|-crit|p1a: Misdreavus\n|-damage|p1a: Misdreavus|183/254\n|-damage|p1a: Misdreavus|154/254\n|-hitcount|p1a: Misdreavus|3\n|-damage|p2a: Tsareena|0 fnt|[from] item: Life Orb\n|faint|p2a: Tsareena\n|\n|upkeep\n|\n|t:|1733863956\n|switch|p2a: Spectrier|Spectrier, L75|274/274\n|turn|5\n|\n|t:|1733863964\n|-terastallize|p1a: Misdreavus|Fairy\n|move|p2a: Spectrier|Dark Pulse|p1a: Misdreavus\n|-resisted|p1a: Misdreavus\n|-damage|p1a: Misdreavus|141/254\n|-damage|p2a: Spectrier|247/274|[from] item: Life Orb\n|move|p1a: Misdreavus|Shadow Ball|p2a: Spectrier\n|-supereffective|p2a: Spectrier\n|-damage|p2a: Spectrier|0 fnt\n|faint|p2a: Spectrier\n|\n|upkeep\n|-message|dannyjg1 forfeited.\n|\n|win|cripuru\n|raw|cripuru's rating: 1283 &rarr; <strong>1307</strong><br />(+24 for winning)\n|raw|dannyjg1's rating: 1267 &rarr; <strong>1243</strong><br />(-24 for losing)\n|l|\u203ddannyjg1\n|player|p2|\n", "inputlog": ">version bfd83cad13791eb5a5a409923076391caf6fb4d4\n>start {\"formatid\":\"gen9randombattle\",\"seed\":[56599,44000,7773,47054],\"rated\":\"Rated battle\"}\n>player p1 {\"name\":\"cripuru\",\"avatar\":\"clair\",\"rating\":1283,\"seed\":[54541,54434,52637,57189]}\n>player p2 {\"name\":\"dannyjg1\",\"avatar\":\"265\",\"rating\":1267,\"seed\":[45928,56049,3377,60464]}\n>p1 move willowisp\n>p2 move tripleaxel terastallize\n>p1 move calmmind\n>p2 move tripleaxel\n>p1 move calmmind\n>p2 move tripleaxel\n>p1 move drainingkiss\n>p2 move tripleaxel\n>p2 switch 6\n>p1 move shadowball terastallize\n>p2 move darkpulse\n>forcelose p2", "uploadtime": 1733863974, "views": 1, "formatid": "gen9randombattle", "rating": 1243, "private": 0, "password": null}