{"id": "gen9randombattle-2259991560", "format": "[Gen 9] Random Battle", "players": ["Spartansleeps", "missad2"], "log": "|j|\u2606Spartansleeps\n|j|\u2606missad2\n|t:|1733788397\n|gametype|singles\n|player|p1|Spartansleeps|169|1297\n|player|p2|missad2|clerkf|1292\n|teamsize|p1|6\n|teamsize|p2|6\n|gen|9\n|tier|[Gen 9] Random Battle\n|rated|\n|rule|Species Clause: Limit one of each Pok\u00e9mon\n|rule|HP Percentage Mod: HP is shown in percentages\n|rule|Sleep Clause Mod: Limit one foe put to sleep\n|rule|Illusion Level Mod: Illusion disguises the Pok\u00e9mon's true level\n|\n|t:|1733788397\n|start\n|switch|p1a: Mewtwo|Mewtwo, L72|272/272\n|switch|p2a: Solgaleo|Solgaleo, L74|325/325\n|-ability|p1a: Mewtwo|Unnerve\n|turn|1\n|inactive|Battle timer is ON: inactive players will automatically lose when time's up. (requested by missad2)\n|\n|t:|1733788415\n|move|p1a: Mewtwo|Nasty Plot|p1a: Mewtwo\n|-boost|p1a: Mewtwo|spa|2\n|move|p2a: Solgaleo|Knock Off|p1a: Mewtwo\n|-supereffective|p1a: Mewtwo\n|-damage|p1a: Mewtwo|100/272\n|-enditem|p1a: Mewtwo|Life Orb|[from] move: Knock Off|[of] p2a: Solgaleo\n|\n|upkeep\n|turn|2\n|\n|t:|1733788427\n|move|p1a: Mewtwo|Fire Blast|p2a: Solgaleo\n|-supereffective|p2a: Solgaleo\n|-damage|p2a: Solgaleo|0 fnt\n|faint|p2a: Solgaleo\n|\n|upkeep\n|\n|t:|1733788452\n|switch|p2a: Mismagius|Mismagius, L86, M|243/243\n|turn|3\n|\n|t:|1733788463\n|switch|p1a: Scrafty|Scrafty, L84, F|246/246\n|move|p2a: Mismagius|Shadow Ball|p1a: Scrafty\n|-resisted|p1a: Scrafty\n|-crit|p1a: Scrafty\n|-damage|p1a: Scrafty|191/246\n|-unboost|p1a: Scrafty|spd|1\n|\n|-heal|p1a: Scrafty|206/246|[from] item: Leftovers\n|upkeep\n|turn|4\n|inactive|missad2 has 120 seconds left.\n|\n|t:|1733788499\n|move|p2a: Mismagius|Substitute|p2a: Mismagius\n|-start|p2a: Mismagius|Substitute\n|-damage|p2a: Mismagius|183/243\n|move|p1a: Scrafty|Knock Off|p2a: Mismagius\n|-supereffective|p2a: Mismagius\n|-end|p2a: Mismagius|Substitute\n|\n|-heal|p2a: Mismagius|198/243|[from] item: Leftovers\n|-heal|p1a: Scrafty|221/246|[from] item: Leftovers\n|upkeep\n|turn|5\n|inactive|missad2 has 90 seconds left.\n|\n|t:|1733788527\n|switch|p2a: Misdreavus|Misdreavus, L90, M|254/254\n|move|p1a: Scrafty|Knock Off|p2a: Misdreavus\n|-supereffective|p2a: Misdreavus\n|-damage|p2a: Misdreavus|104/254\n|-enditem|p2a: Misdreavus|Eviolite|[from] move: Knock Off|[of] p1a: Scrafty\n|\n|-heal|p1a: Scrafty|236/246|[from] item: Leftovers\n|upkeep\n|turn|6\n|inactive|missad2 has 90 seconds left.\n|\n|t:|1733788545\n|switch|p1a: Mewtwo|Mewtwo, L72|100/272\n|-ability|p1a: Mewtwo|Unnerve\n|move|p2a: Misdreavus|Draining Kiss|p1a: Mewtwo\n|-damage|p1a: Mewtwo|56/272\n|-heal|p2a: Misdreavus|137/254|[from] drain|[of] p1a: Mewtwo\n|\n|upkeep\n|turn|7\n|inactive|missad2 has 90 seconds left.\n|inactive|Spartansleeps has 120 seconds left.\n|\n|t:|1733788581\n|move|p1a: Mewtwo|Psystrike|p2a: Misdreavus\n|-damage|p2a: Misdreavus|0 fnt\n|faint|p2a: Misdreavus\n|\n|upkeep\n|\n|t:|1733788586\n|switch|p2a: Mismagius|Mismagius, L86, M|198/243\n|turn|8\n|inactive|Spartansleeps has 120 seconds left.\n|\n|t:|1733788600\n|switch|p1a: Scrafty|Scrafty, L84, F|236/246\n|move|p2a: Mismagius|Substitute|p2a: Mismagius\n|-start|p2a: Mismagius|Substitute\n|-damage|p2a: Mismagius|138/243\n|\n|-heal|p2a: Mismagius|153/243|[from] item: Leftovers\n|-heal|p1a: Scrafty|246/246|[from] item: Leftovers\n|upkeep\n|turn|9\n|\n|t:|1733788610\n|move|p2a: Mismagius|Nasty Plot|p2a: Mismagius\n|-boost|p2a: Mismagius|spa|2\n|move|p1a: Scrafty|Knock Off|p2a: Mismagius\n|-supereffective|p2a: Mismagius\n|-end|p2a: Mismagius|Substitute\n|\n|-heal|p2a: Mismagius|168/243|[from] item: Leftovers\n|upkeep\n|turn|10\n|\n|t:|1733788630\n|-terastallize|p2a: Mismagius|Fighting\n|move|p2a: Mismagius|Tera Blast|p1a: Scrafty|[anim] Tera Blast Fighting\n|-supereffective|p1a: Scrafty\n|-damage|p1a: Scrafty|0 fnt\n|faint|p1a: Scrafty\n|\n|-heal|p2a: Mismagius|183/243|[from] item: Leftovers\n|upkeep\n|\n|t:|1733788643\n|switch|p1a: Klefki|Klefki, L84, F|233/233\n|turn|11\n|inactive|missad2 has 60 seconds left.\n|\n|t:|1733788668\n|move|p1a: Klefki|Thunder Wave|p2a: Mismagius|[miss]\n|-miss|p1a: Klefki|p2a: Mismagius\n|move|p2a: Mismagius|Tera Blast|p1a: Klefki|[anim] Tera Blast Fighting\n|-damage|p1a: Klefki|31/233\n|\n|-heal|p2a: Mismagius|198/243|[from] item: Leftovers\n|-heal|p1a: Klefki|45/233|[from] item: Leftovers\n|upkeep\n|turn|12\n|inactive|missad2 has 60 seconds left.\n|\n|t:|1733788680\n|move|p1a: Klefki|Thunder Wave|p2a: Mismagius\n|-status|p2a: Mismagius|par\n|move|p2a: Mismagius|Tera Blast|p1a: Klefki|[anim] Tera Blast Fighting\n|-damage|p1a: Klefki|0 fnt\n|faint|p1a: Klefki\n|\n|-heal|p2a: Mismagius|213/243 par|[from] item: Leftovers\n|upkeep\n|\n|t:|1733788690\n|switch|p1a: Honchkrow|Honchkrow, L86, F|312/312\n|turn|13\n|\n|t:|1733788693\n|move|p1a: Honchkrow|Brave Bird|p2a: Mismagius\n|-supereffective|p2a: Mismagius\n|-damage|p2a: Mismagius|0 fnt\n|faint|p2a: Mismagius\n|-ability|p1a: Honchkrow|Moxie|boost\n|-boost|p1a: Honchkrow|atk|1\n|-damage|p1a: Honchkrow|242/312|[from] Recoil\n|\n|upkeep\n|\n|t:|1733788703\n|switch|p2a: Stonjourner|Stonjourner, L91, M|330/330\n|turn|14\n|\n|t:|1733788723\n|move|p2a: Stonjourner|Rock Polish|p2a: Stonjourner\n|-boost|p2a: Stonjourner|spe|2\n|move|p1a: Honchkrow|U-turn|p2a: Stonjourner\n|-damage|p2a: Stonjourner|266/330\n|\n|t:|1733788737\n|switch|p1a: Misdreavus|Misdreavus, L90, M|254/254|[from] U-turn\n|\n|upkeep\n|turn|15\n|inactive|missad2 has 90 seconds left.\n|\n|t:|1733788753\n|move|p2a: Stonjourner|Heat Crash|p1a: Misdreavus\n|-damage|p1a: Misdreavus|136/254\n|-damage|p2a: Stonjourner|233/330|[from] item: Life Orb\n|move|p1a: Misdreavus|Shadow Ball|p2a: Stonjourner\n|-crit|p2a: Stonjourner\n|-damage|p2a: Stonjourner|0 fnt\n|faint|p2a: Stonjourner\n|\n|upkeep\n|\n|t:|1733788765\n|switch|p2a: Greedent|Greedent, L86, M|347/347\n|turn|16\n|\n|t:|1733788772\n|move|p1a: Misdreavus|Will-O-Wisp|p2a: Greedent\n|-status|p2a: Greedent|brn\n|move|p2a: Greedent|Knock Off|p1a: Misdreavus\n|-supereffective|p1a: Misdreavus\n|-damage|p1a: Misdreavus|79/254\n|-enditem|p1a: Misdreavus|Eviolite|[from] move: Knock Off|[of] p2a: Greedent\n|\n|-damage|p2a: Greedent|326/347 brn|[from] brn\n|upkeep\n|turn|17\n|inactive|missad2 has 90 seconds left.\n|\n|t:|1733788784\n|move|p1a: Misdreavus|Calm Mind|p1a: Misdreavus\n|-boost|p1a: Misdreavus|spa|1\n|-boost|p1a: Misdreavus|spd|1\n|move|p2a: Greedent|Swords Dance|p2a: Greedent\n|-boost|p2a: Greedent|atk|2\n|\n|-damage|p2a: Greedent|305/347 brn|[from] brn\n|upkeep\n|turn|18\n|inactive|missad2 has 90 seconds left.\n|\n|t:|1733788796\n|move|p1a: Misdreavus|Draining Kiss|p2a: Greedent\n|-damage|p2a: Greedent|245/347 brn\n|-heal|p1a: Misdreavus|124/254|[from] drain|[of] p2a: Greedent\n|move|p2a: Greedent|Swords Dance|p2a: Greedent\n|-boost|p2a: Greedent|atk|2\n|\n|-damage|p2a: Greedent|224/347 brn|[from] brn\n|upkeep\n|turn|19\n|inactive|missad2 has 90 seconds left.\n|\n|t:|1733788812\n|move|p1a: Misdreavus|Draining Kiss|p2a: Greedent\n|-damage|p2a: Greedent|163/347 brn\n|-heal|p1a: Misdreavus|170/254|[from] drain|[of] p2a: Greedent\n|-enditem|p2a: Greedent|Sitrus Berry|[eat]\n|-heal|p2a: Greedent|249/347 brn|[from] item: Sitrus Berry\n|-heal|p2a: Greedent|347/347 brn|[from] ability: Cheek Pouch\n|move|p2a: Greedent|Knock Off|p1a: Misdreavus\n|-supereffective|p1a: Misdreavus\n|-damage|p1a: Misdreavus|0 fnt\n|faint|p1a: Misdreavus\n|\n|-damage|p2a: Greedent|326/347 brn|[from] brn\n|upkeep\n|\n|t:|1733788822\n|switch|p1a: Mewtwo|Mewtwo, L72|56/272\n|-ability|p1a: Mewtwo|Unnerve\n|turn|20\n|inactive|missad2 has 90 seconds left.\n|\n|t:|1733788831\n|move|p1a: Mewtwo|Aura Sphere|p2a: Greedent\n|-supereffective|p2a: Greedent\n|-damage|p2a: Greedent|202/347 brn\n|move|p2a: Greedent|Knock Off|p1a: Mewtwo\n|-supereffective|p1a: Mewtwo\n|-damage|p1a: Mewtwo|0 fnt\n|faint|p1a: Mewtwo\n|\n|-damage|p2a: Greedent|181/347 brn|[from] brn\n|upkeep\n|\n|t:|1733788843\n|switch|p1a: Honchkrow|Honchkrow, L86, F|242/312\n|turn|21\n|\n|t:|1733788854\n|move|p1a: Honchkrow|Brave Bird|p2a: Greedent\n|-damage|p2a: Greedent|36/347 brn\n|-damage|p1a: Honchkrow|194/312|[from] Recoil\n|move|p2a: Greedent|Body Slam|p1a: Honchkrow\n|-damage|p1a: Honchkrow|0 fnt\n|faint|p1a: Honchkrow\n|\n|-damage|p2a: Greedent|15/347 brn|[from] brn\n|upkeep\n|\n|t:|1733788857\n|switch|p1a: Miraidon|Miraidon, L65|238/238\n|-fieldstart|move: Electric Terrain|[from] ability: Hadron Engine|[of] p1a: Miraidon\n|turn|22\n|\n|t:|1733788875\n|move|p1a: Miraidon|Electro Drift|p2a: Greedent\n|-damage|p2a: Greedent|0 fnt\n|faint|p2a: Greedent\n|\n|upkeep\n|\n|t:|1733788881\n|switch|p2a: Iron Bundle|Iron Bundle, L77|213/213\n|-activate|p2a: Iron Bundle|ability: Quark Drive\n|-start|p2a: Iron Bundle|quarkdrivespe\n|turn|23\n|inactive|missad2 has 90 seconds left.\n|\n|t:|1733788900\n|-terastallize|p1a: Miraidon|Electric\n|move|p2a: Iron Bundle|Ice Beam|p1a: Miraidon\n|-damage|p1a: Miraidon|99/238\n|move|p1a: Miraidon|Electro Drift|p2a: Iron Bundle\n|-supereffective|p2a: Iron Bundle\n|-damage|p2a: Iron Bundle|0 fnt\n|faint|p2a: Iron Bundle\n|-end|p2a: Iron Bundle|Quark Drive|[silent]\n|\n|win|Spartansleeps\n|raw|Spartansleeps's rating: 1297 &rarr; <strong>1322</strong><br />(+25 for winning)\n|raw|missad2's rating: 1292 &rarr; <strong>1267</strong><br />(-25 for losing)\n", "inputlog": ">version bfd83cad13791eb5a5a409923076391caf6fb4d4\n>start {\"formatid\":\"gen9randombattle\",\"seed\":[44718,6602,33877,8400],\"rated\":\"Rated battle\"}\n>player p1 {\"name\":\"Spartansleeps\",\"avatar\":\"169\",\"rating\":1297,\"seed\":[42583,27044,51055,28903]}\n>player p2 {\"name\":\"missad2\",\"avatar\":\"clerkf\",\"rating\":1292,\"seed\":[62221,37989,37854,49529]}\n>p1 move nastyplot\n>p2 move knockoff\n>p1 move fireblast\n>p2 move closecombat\n>p2 switch 6\n>p1 switch 2\n>p2 move shadowball\n>p1 move knockoff\n>p2 move substitute\n>p1 move knockoff\n>p2 switch 5\n>p1 switch 2\n>p2 move drainingkiss\n>p1 move psystrike\n>p2 move drainingkiss\n>p2 switch 5\n>p1 switch 2\n>p2 move substitute\n>p1 move knockoff\n>p2 move nastyplot\n>p1 move knockoff\n>p2 move terablast terastallize\n>p1 switch 4\n>p1 move thunderwave\n>p2 move terablast\n>p1 move thunderwave\n>p2 move terablast\n>p1 switch 5\n>p1 move bravebird\n>p2 move terablast\n>p2 switch 3\n>p1 move uturn\n>p2 move rockpolish\n>p1 switch 6\n>p1 move shadowball\n>p2 move heatcrash\n>p2 switch 4\n>p1 move willowisp\n>p2 move knockoff\n>p1 move calmmind\n>p2 move swordsdance\n>p1 move drainingkiss\n>p2 move swordsdance\n>p1 move drainingkiss\n>p2 move knockoff\n>p1 switch 2\n>p1 move aurasphere\n>p2 move knockoff\n>p1 switch 6\n>p1 move bravebird\n>p2 move bodyslam\n>p1 switch 3\n>p1 move electrodrift\n>p2 move earthquake\n>p2 switch 2\n>p1 move electrodrift terastallize\n>p2 move icebeam", "uploadtime": 1733788912, "views": 1, "formatid": "gen9randombattle", "rating": 1267, "private": 0, "password": null}