{"id": "gen9randombattle-2211433264", "format": "[Gen 9] Random Battle", "players": ["R3LT Theologos", "FrankRayquaza"], "log": "|badge|p1|bronze|gen9randombattle|100-2\n|html|<div class=\"broadcast-red\"><strong>This battle is required to be public due to one or more player having a season medal.</strong><br />During the public phase, you can discuss the state of the ladder <a href=\"/seasondiscussion\">in a special chatroom.</a></div>\n|uhtml|medal-msg|<div class=\"broadcast-blue\">Curious what those medals under the avatar are? PS now has Ladder Seasons! For more information, check out the <a href=\"https://www.smogon.com/forums/threads/3740067/\">thread on Smogon.</a></div>\n|j|\u2606R3LT Theologos\n|j|\u2606FrankRayquaza\n|t:|1727516421\n|gametype|singles\n|player|p1|R3LT Theologos|artist|2272\n|player|p2|FrankRayquaza|266|2305\n|teamsize|p1|6\n|teamsize|p2|6\n|gen|9\n|tier|[Gen 9] Random Battle\n|rated|\n|rule|Species Clause: Limit one of each Pok\u00e9mon\n|rule|HP Percentage Mod: HP is shown in percentages\n|rule|Sleep Clause Mod: Limit one foe put to sleep\n|rule|Illusion Level Mod: Illusion disguises the Pok\u00e9mon's true level\n|\n|t:|1727516421\n|start\n|switch|p1a: Arceus|Arceus-Steel, L70|284/284\n|switch|p2a: Minior|Minior-Yellow, L79|223/223\n|-formechange|p2a: Minior|Minior-Meteor||[from] ability: Shields Down\n|turn|1\n|inactive|Battle timer is ON: inactive players will automatically lose when time's up. (requested by R3LT Theologos)\n|\n|t:|1727516453\n|-terastallize|p2a: Minior|Ground\n|move|p1a: Arceus|Calm Mind|p1a: Arceus\n|-boost|p1a: Arceus|spa|1\n|-boost|p1a: Arceus|spd|1\n|move|p2a: Minior|Shell Smash|p2a: Minior\n|-unboost|p2a: Minior|def|1\n|-unboost|p2a: Minior|spd|1\n|-boost|p2a: Minior|atk|2\n|-boost|p2a: Minior|spa|2\n|-boost|p2a: Minior|spe|2\n|-enditem|p2a: Minior|White Herb\n|-clearnegativeboost|p2a: Minior|[silent]\n|\n|upkeep\n|turn|2\n|\n|t:|1727516471\n|switch|p1a: Kommo-o|Kommo-o, L78, F|245/245\n|move|p2a: Minior|Earthquake|p1a: Kommo-o\n|-damage|p1a: Kommo-o|140/245\n|\n|upkeep\n|turn|3\n|c|\u2606R3LT Theologos|misclick\n|c|\u2606R3LT Theologos|sigh\n|inactive|R3LT Theologos has 120 seconds left.\n|\n|t:|1727516500\n|move|p2a: Minior|Acrobatics|p1a: Kommo-o\n|-supereffective|p1a: Kommo-o\n|-damage|p1a: Kommo-o|0 fnt\n|faint|p1a: Kommo-o\n|\n|upkeep\n|\n|t:|1727516502\n|switch|p1a: Blastoise|Blastoise, L80, M|258/258\n|turn|4\n|j| R3LT Lechen\n|\n|t:|1727516513\n|move|p2a: Minior|Shell Smash|p2a: Minior\n|-unboost|p2a: Minior|def|1\n|-unboost|p2a: Minior|spd|1\n|-boost|p2a: Minior|atk|2\n|-boost|p2a: Minior|spa|2\n|-boost|p2a: Minior|spe|2\n|move|p1a: Blastoise|Shell Smash|p1a: Blastoise\n|-unboost|p1a: Blastoise|def|1\n|-unboost|p1a: Blastoise|spd|1\n|-boost|p1a: Blastoise|atk|2\n|-boost|p1a: Blastoise|spa|2\n|-boost|p1a: Blastoise|spe|2\n|-enditem|p1a: Blastoise|White Herb\n|-clearnegativeboost|p1a: Blastoise|[silent]\n|\n|upkeep\n|turn|5\n|\n|t:|1727516520\n|move|p2a: Minior|Acrobatics|p1a: Blastoise\n|-damage|p1a: Blastoise|33/258\n|move|p1a: Blastoise|Ice Beam|p2a: Minior\n|-supereffective|p2a: Minior\n|-damage|p2a: Minior|0 fnt\n|faint|p2a: Minior\n|\n|upkeep\n|\n|t:|1727516528\n|switch|p2a: Toxicroak|Toxicroak, L84, M|277/277\n|turn|6\n|l| R3LT Lechen\n|\n|t:|1727516536\n|switch|p1a: Arceus|Arceus-Steel, L70|284/284\n|move|p2a: Toxicroak|Sucker Punch||[still]\n|-fail|p2a: Toxicroak\n|\n|upkeep\n|turn|7\n|\n|t:|1727516542\n|-terastallize|p1a: Arceus|Ghost\n|move|p1a: Arceus|Calm Mind|p1a: Arceus\n|-boost|p1a: Arceus|spa|1\n|-boost|p1a: Arceus|spd|1\n|move|p2a: Toxicroak|Close Combat|p1a: Arceus\n|-immune|p1a: Arceus\n|\n|upkeep\n|turn|8\n|\n|t:|1727516553\n|move|p2a: Toxicroak|Sucker Punch|p1a: Arceus\n|-supereffective|p1a: Arceus\n|-damage|p1a: Arceus|159/284\n|-damage|p2a: Toxicroak|250/277|[from] item: Life Orb\n|move|p1a: Arceus|Judgment|p2a: Toxicroak\n|-damage|p2a: Toxicroak|40/277\n|\n|upkeep\n|turn|9\n|\n|t:|1727516561\n|move|p1a: Arceus|Judgment|p2a: Toxicroak\n|-damage|p2a: Toxicroak|0 fnt\n|faint|p2a: Toxicroak\n|\n|upkeep\n|\n|t:|1727516573\n|switch|p2a: Walking Wake|Walking Wake, L79|286/286\n|turn|10\n|\n|t:|1727516578\n|move|p2a: Walking Wake|Draco Meteor|p1a: Arceus|[miss]\n|-miss|p2a: Walking Wake|p1a: Arceus\n|move|p1a: Arceus|Recover|p1a: Arceus\n|-heal|p1a: Arceus|284/284\n|\n|upkeep\n|turn|11\n|\n|t:|1727516581\n|move|p2a: Walking Wake|Draco Meteor|p1a: Arceus\n|-damage|p1a: Arceus|154/284\n|-unboost|p2a: Walking Wake|spa|2\n|move|p1a: Arceus|Calm Mind|p1a: Arceus\n|-boost|p1a: Arceus|spa|1\n|-boost|p1a: Arceus|spd|1\n|\n|upkeep\n|turn|12\n|\n|t:|1727516585\n|-end|p2a: Walking Wake|Protosynthesis|[silent]\n|switch|p2a: Articuno|Articuno, L86|295/295\n|-ability|p2a: Articuno|Pressure\n|move|p1a: Arceus|Recover|p1a: Arceus\n|-heal|p1a: Arceus|284/284\n|\n|upkeep\n|turn|13\n|\n|t:|1727516589\n|move|p1a: Arceus|Judgment|p2a: Articuno\n|-supereffective|p2a: Articuno\n|-damage|p2a: Articuno|0 fnt\n|faint|p2a: Articuno\n|\n|upkeep\n|\n|t:|1727516599\n|switch|p2a: Walking Wake|Walking Wake, L79|286/286\n|turn|14\n|j| Turtonator44\n|\n|t:|1727516608\n|move|p2a: Walking Wake|Hydro Pump|p1a: Arceus\n|-damage|p1a: Arceus|199/284\n|move|p1a: Arceus|Judgment|p2a: Walking Wake\n|-resisted|p2a: Walking Wake\n|-damage|p2a: Walking Wake|172/286\n|\n|upkeep\n|turn|15\n|\n|t:|1727516615\n|move|p2a: Walking Wake|Hydro Pump|p1a: Arceus\n|-damage|p1a: Arceus|117/284\n|move|p1a: Arceus|Recover|p1a: Arceus\n|-heal|p1a: Arceus|259/284\n|\n|upkeep\n|turn|16\n|\n|t:|1727516617\n|move|p2a: Walking Wake|Hydro Pump|p1a: Arceus\n|-damage|p1a: Arceus|165/284\n|move|p1a: Arceus|Judgment|p2a: Walking Wake\n|-resisted|p2a: Walking Wake\n|-damage|p2a: Walking Wake|49/286\n|\n|upkeep\n|turn|17\n|\n|t:|1727516620\n|move|p2a: Walking Wake|Hydro Pump|p1a: Arceus\n|-damage|p1a: Arceus|75/284\n|move|p1a: Arceus|Recover|p1a: Arceus\n|-heal|p1a: Arceus|217/284\n|\n|upkeep\n|turn|18\n|\n|t:|1727516623\n|move|p2a: Walking Wake|Hydro Pump|p1a: Arceus\n|-damage|p1a: Arceus|135/284\n|move|p1a: Arceus|Recover|p1a: Arceus\n|-heal|p1a: Arceus|277/284\n|\n|upkeep\n|turn|19\n|\n|t:|1727516626\n|move|p2a: Walking Wake|Hydro Pump|p1a: Arceus\n|-damage|p1a: Arceus|186/284\n|move|p1a: Arceus|Judgment|p2a: Walking Wake\n|-resisted|p2a: Walking Wake\n|-damage|p2a: Walking Wake|0 fnt\n|faint|p2a: Walking Wake\n|-end|p2a: Walking Wake|Protosynthesis|[silent]\n|\n|upkeep\n|\n|t:|1727516636\n|switch|p2a: Regirock|Regirock, L83|268/268\n|turn|20\n|\n|t:|1727516641\n|move|p1a: Arceus|Judgment|p2a: Regirock\n|-supereffective|p2a: Regirock\n|-damage|p2a: Regirock|0 fnt\n|faint|p2a: Regirock\n|\n|upkeep\n|\n|t:|1727516644\n|switch|p2a: Zangoose|Zangoose, L85, M|263/263\n|turn|21\n|\n|t:|1727516646\n|move|p1a: Arceus|Judgment|p2a: Zangoose\n|-damage|p2a: Zangoose|0 fnt\n|faint|p2a: Zangoose\n|\n|win|R3LT Theologos\n|raw|R3LT Theologos's rating: 2272 &rarr; <strong>2294</strong><br />(+22 for winning)\n|raw|FrankRayquaza's rating: 2305 &rarr; <strong>2283</strong><br />(-22 for losing)\n", "inputlog": ">version 69ff0b2f47ddc97367302b06f7f2ae172fb214dd\n>start {\"formatid\":\"gen9randombattle\",\"seed\":[9838,47971,34663,22945],\"rated\":\"Rated battle\"}\n>player p1 {\"name\":\"R3LT Theologos\",\"avatar\":\"artist\",\"rating\":2272,\"seed\":[57229,45025,47148,36550]}\n>player p2 {\"name\":\"FrankRayquaza\",\"avatar\":\"266\",\"rating\":2305,\"seed\":[33807,58982,7336,26295]}\n>p1 move calmmind\n>p2 move shellsmash terastallize\n>p1 switch 5\n>p2 move earthquake\n>chat \u2606R3LT Theologos|misclick\n>chat \u2606R3LT Theologos|sigh\n>p1 move swordsdance\n>p2 move acrobatics\n>p1 switch 6\n>p1 move shellsmash\n>p2 move shellsmash\n>p1 move icebeam\n>p2 move acrobatics\n>p2 switch 6\n>p1 switch 5\n>p2 move suckerpunch\n>p1 move calmmind terastallize\n>p2 move closecombat\n>p1 move judgment\n>p2 move suckerpunch\n>p1 move judgment\n>p2 move gunkshot\n>p2 switch 3\n>p1 move recover\n>p2 move dracometeor\n>p1 move calmmind\n>p2 move dracometeor\n>p1 move recover\n>p2 switch 4\n>p1 move judgment\n>p2 move bravebird\n>p2 switch 4\n>p1 move judgment\n>p2 move hydropump\n>p1 move recover\n>p2 move hydropump\n>p1 move judgment\n>p2 move hydropump\n>p1 move recover\n>p2 move hydropump\n>p1 move recover\n>p2 move hydropump\n>p1 move judgment\n>p2 move hydropump\n>p2 switch 5\n>p1 move judgment\n>p2 move stoneedge\n>p2 switch 2\n>p1 move judgment\n>p2 move knockoff", "uploadtime": 1727516648, "views": 86, "formatid": "gen9randombattle", "rating": 2283, "private": 0, "password": null}