{"id": "gen9randombattle-2124218140", "format": "[Gen 9] Random Battle", "players": ["Bryan Evangelista", "Meat pie dealer"], "log": "|badge|p1|bronze|gen9randombattle|100-1\n|uhtml|medal-msg|<div class=\"broadcast-blue\">Curious what those medals under the avatar are? PS now has Ladder Seasons! For more information, check out the <a href=\"https://www.smogon.com/forums/threads/3740067/\">thread on Smogon.</a></div>\n|j|\u2606Bryan Evangelista\n|j|\u2606Meat pie dealer\n|t:|1715653289\n|gametype|singles\n|player|p1|Bryan Evangelista|lucas|2327\n|player|p2|Meat pie dealer|swimmer|2281\n|teamsize|p1|6\n|teamsize|p2|6\n|gen|9\n|tier|[Gen 9] Random Battle\n|rated|\n|rule|Species Clause: Limit one of each Pok\u00e9mon\n|rule|HP Percentage Mod: HP is shown in percentages\n|rule|Sleep Clause Mod: Limit one foe put to sleep\n|rule|Illusion Level Mod: Illusion disguises the Pok\u00e9mon's true level\n|\n|t:|1715653289\n|start\n|switch|p1a: Ting-Lu|Ting-Lu, L78|370/370\n|switch|p2a: Ogerpon|Ogerpon-Cornerstone, L76, F|247/247\n|-ability|p1a: Ting-Lu|Vessel of Ruin\n|turn|1\n|inactive|Battle timer is ON: inactive players will automatically lose when time's up. (requested by Meat pie dealer)\n|\n|t:|1715653309\n|switch|p1a: Orthworm|Orthworm, L88, F|266/266\n|move|p2a: Ogerpon|Swords Dance|p2a: Ogerpon\n|-boost|p2a: Ogerpon|atk|2\n|\n|upkeep\n|turn|2\n|\n|t:|1715653319\n|move|p2a: Ogerpon|Superpower|p1a: Orthworm\n|-supereffective|p1a: Orthworm\n|-damage|p1a: Orthworm|14/266\n|-unboost|p2a: Ogerpon|atk|1\n|-unboost|p2a: Ogerpon|def|1\n|move|p1a: Orthworm|Body Press|p2a: Ogerpon\n|-supereffective|p2a: Ogerpon\n|-ability|p2a: Ogerpon|Sturdy\n|-damage|p2a: Ogerpon|1/247\n|\n|-heal|p1a: Orthworm|30/266|[from] item: Leftovers\n|upkeep\n|turn|3\n|\n|t:|1715653331\n|move|p2a: Ogerpon|Horn Leech|p1a: Orthworm\n|-resisted|p1a: Orthworm\n|-crit|p1a: Orthworm\n|-damage|p1a: Orthworm|0 fnt\n|-heal|p2a: Ogerpon|16/247|[from] drain|[of] p1a: Orthworm\n|faint|p1a: Orthworm\n|\n|upkeep\n|\n|t:|1715653338\n|switch|p1a: Pikachu|Pikachu-Kalos, L93, M|216/216\n|turn|4\n|\n|t:|1715653351\n|move|p1a: Pikachu|Knock Off|p2a: Ogerpon\n|-damage|p2a: Ogerpon|0 fnt\n|faint|p2a: Ogerpon\n|\n|upkeep\n|inactive|Meat pie dealer has 120 seconds left.\n|\n|t:|1715653388\n|switch|p2a: Glaceon|Glaceon, L94, F|275/275\n|turn|5\n|\n|t:|1715653416\n|move|p1a: Pikachu|Knock Off|p2a: Glaceon\n|-damage|p2a: Glaceon|192/275\n|-enditem|p2a: Glaceon|Heavy-Duty Boots|[from] move: Knock Off|[of] p1a: Pikachu\n|move|p2a: Glaceon|Freeze-Dry|p1a: Pikachu\n|-damage|p1a: Pikachu|50/216\n|\n|upkeep\n|turn|6\n|\n|t:|1715653424\n|move|p1a: Pikachu|Volt Switch|p2a: Glaceon\n|-damage|p2a: Glaceon|98/275\n|\n|t:|1715653426\n|switch|p1a: Ting-Lu|Ting-Lu, L78|370/370|[from] Volt Switch\n|-ability|p1a: Ting-Lu|Vessel of Ruin\n|move|p2a: Glaceon|Wish|p2a: Glaceon\n|\n|upkeep\n|turn|7\n|\n|t:|1715653432\n|move|p2a: Glaceon|Freeze-Dry|p1a: Ting-Lu\n|-supereffective|p1a: Ting-Lu\n|-damage|p1a: Ting-Lu|172/370\n|move|p1a: Ting-Lu|Whirlwind|p2a: Glaceon\n|drag|p2a: Blissey|Blissey, L84, F|566/566\n|\n|-heal|p1a: Ting-Lu|195/370|[from] item: Leftovers\n|upkeep\n|turn|8\n|\n|t:|1715653443\n|switch|p2a: Glaceon|Glaceon, L94, F|98/275\n|move|p1a: Ting-Lu|Stealth Rock|p2a: Glaceon\n|-sidestart|p2: Meat pie dealer|move: Stealth Rock\n|\n|-heal|p1a: Ting-Lu|218/370|[from] item: Leftovers\n|upkeep\n|turn|9\n|\n|t:|1715653452\n|switch|p1a: Illumise|Illumise, L91, F|266/266\n|move|p2a: Glaceon|Freeze-Dry|p1a: Illumise\n|-damage|p1a: Illumise|149/266\n|\n|upkeep\n|turn|10\n|\n|t:|1715653459\n|move|p1a: Illumise|Encore|p2a: Glaceon\n|-start|p2a: Glaceon|Encore\n|move|p2a: Glaceon|Freeze-Dry|p1a: Illumise\n|-damage|p1a: Illumise|46/266\n|\n|upkeep\n|turn|11\n|\n|t:|1715653462\n|move|p1a: Illumise|Roost|p1a: Illumise\n|-heal|p1a: Illumise|179/266\n|-singleturn|p1a: Illumise|move: Roost\n|move|p2a: Glaceon|Freeze-Dry|p1a: Illumise\n|-damage|p1a: Illumise|61/266\n|-status|p1a: Illumise|frz\n|\n|upkeep\n|turn|12\n|\n|t:|1715653469\n|cant|p1a: Illumise|frz\n|move|p2a: Glaceon|Freeze-Dry|p1a: Illumise\n|-damage|p1a: Illumise|0 fnt\n|faint|p1a: Illumise\n|\n|-end|p2a: Glaceon|Encore\n|upkeep\n|\n|t:|1715653471\n|switch|p1a: Pikachu|Pikachu-Kalos, L93, M|50/216\n|turn|13\n|\n|t:|1715653474\n|move|p2a: Glaceon|Protect|p2a: Glaceon\n|-singleturn|p2a: Glaceon|Protect\n|move|p1a: Pikachu|Volt Tackle|p2a: Glaceon\n|-activate|p2a: Glaceon|move: Protect\n|\n|upkeep\n|turn|14\n|\n|t:|1715653481\n|switch|p2a: Electivire|Electivire, L85, F|266/266\n|-damage|p2a: Electivire|233/266|[from] Stealth Rock\n|move|p1a: Pikachu|Volt Tackle|p2a: Electivire\n|-ability|p2a: Electivire|Motor Drive|boost\n|-boost|p2a: Electivire|spe|1\n|\n|upkeep\n|turn|15\n|\n|t:|1715653493\n|move|p2a: Electivire|Ice Punch|p1a: Pikachu\n|-damage|p1a: Pikachu|0 fnt\n|faint|p1a: Pikachu\n|-damage|p2a: Electivire|207/266|[from] item: Life Orb\n|\n|upkeep\n|\n|t:|1715653499\n|switch|p1a: Ting-Lu|Ting-Lu, L78|218/370\n|-ability|p1a: Ting-Lu|Vessel of Ruin\n|turn|16\n|\n|t:|1715653510\n|move|p2a: Electivire|Bulk Up|p2a: Electivire\n|-boost|p2a: Electivire|atk|1\n|-boost|p2a: Electivire|def|1\n|move|p1a: Ting-Lu|Earthquake|p2a: Electivire\n|-supereffective|p2a: Electivire\n|-damage|p2a: Electivire|37/266\n|\n|-heal|p1a: Ting-Lu|241/370|[from] item: Leftovers\n|upkeep\n|turn|17\n|\n|t:|1715653518\n|switch|p1a: Jolteon|Jolteon, L84, M|246/246\n|move|p2a: Electivire|Ice Punch|p1a: Jolteon\n|-damage|p1a: Jolteon|69/246\n|-damage|p2a: Electivire|11/266|[from] item: Life Orb\n|\n|upkeep\n|turn|18\n|\n|t:|1715653523\n|move|p2a: Electivire|Ice Punch|p1a: Jolteon\n|-damage|p1a: Jolteon|0 fnt\n|faint|p1a: Jolteon\n|-damage|p2a: Electivire|0 fnt|[from] item: Life Orb\n|faint|p2a: Electivire\n|\n|upkeep\n|\n|t:|1715653529\n|switch|p1a: Jumpluff|Jumpluff, L87, F|271/271\n|switch|p2a: Noctowl|Noctowl, L95, M|344/344\n|turn|19\n|\n|t:|1715653539\n|move|p1a: Jumpluff|Leech Seed|p2a: Noctowl\n|-start|p2a: Noctowl|move: Leech Seed\n|move|p2a: Noctowl|Defog|p1a: Jumpluff\n|-unboost|p1a: Jumpluff|evasion|1\n|-sideend|p2: Meat pie dealer|Stealth Rock|[from] move: Defog|[of] p2a: Noctowl\n|\n|-damage|p2a: Noctowl|301/344|[from] Leech Seed|[of] p1a: Jumpluff\n|upkeep\n|turn|20\n|\n|t:|1715653556\n|move|p1a: Jumpluff|Substitute|p1a: Jumpluff\n|-start|p1a: Jumpluff|Substitute\n|-damage|p1a: Jumpluff|204/271\n|move|p2a: Noctowl|Hurricane|p1a: Jumpluff\n|-supereffective|p1a: Jumpluff\n|-end|p1a: Jumpluff|Substitute\n|\n|-damage|p2a: Noctowl|258/344|[from] Leech Seed|[of] p1a: Jumpluff\n|-heal|p1a: Jumpluff|247/271|[silent]\n|upkeep\n|turn|21\n|\n|t:|1715653570\n|move|p1a: Jumpluff|Substitute|p1a: Jumpluff\n|-start|p1a: Jumpluff|Substitute\n|-damage|p1a: Jumpluff|180/271\n|move|p2a: Noctowl|Hyper Voice|p1a: Jumpluff\n|-damage|p1a: Jumpluff|74/271\n|\n|-damage|p2a: Noctowl|215/344|[from] Leech Seed|[of] p1a: Jumpluff\n|-heal|p1a: Jumpluff|117/271|[silent]\n|upkeep\n|turn|22\n|\n|t:|1715653577\n|move|p1a: Jumpluff|Acrobatics|p2a: Noctowl\n|-damage|p2a: Noctowl|98/344\n|move|p2a: Noctowl|Roost|p2a: Noctowl\n|-heal|p2a: Noctowl|270/344\n|-singleturn|p2a: Noctowl|move: Roost\n|\n|-damage|p2a: Noctowl|227/344|[from] Leech Seed|[of] p1a: Jumpluff\n|-heal|p1a: Jumpluff|160/271|[silent]\n|upkeep\n|turn|23\n|\n|t:|1715653582\n|move|p1a: Jumpluff|Acrobatics|p2a: Noctowl\n|-damage|p2a: Noctowl|122/344\n|move|p2a: Noctowl|Roost|p2a: Noctowl\n|-heal|p2a: Noctowl|294/344\n|-singleturn|p2a: Noctowl|move: Roost\n|\n|-damage|p2a: Noctowl|251/344|[from] Leech Seed|[of] p1a: Jumpluff\n|-heal|p1a: Jumpluff|203/271|[silent]\n|upkeep\n|turn|24\n|\n|t:|1715653586\n|move|p1a: Jumpluff|Acrobatics|p2a: Noctowl\n|-damage|p2a: Noctowl|136/344\n|move|p2a: Noctowl|Roost|p2a: Noctowl\n|-heal|p2a: Noctowl|308/344\n|-singleturn|p2a: Noctowl|move: Roost\n|\n|-damage|p2a: Noctowl|265/344|[from] Leech Seed|[of] p1a: Jumpluff\n|-heal|p1a: Jumpluff|246/271|[silent]\n|upkeep\n|turn|25\n|\n|t:|1715653588\n|move|p1a: Jumpluff|Acrobatics|p2a: Noctowl\n|-damage|p2a: Noctowl|162/344\n|move|p2a: Noctowl|Roost|p2a: Noctowl\n|-heal|p2a: Noctowl|334/344\n|-singleturn|p2a: Noctowl|move: Roost\n|\n|-damage|p2a: Noctowl|291/344|[from] Leech Seed|[of] p1a: Jumpluff\n|-heal|p1a: Jumpluff|271/271|[silent]\n|upkeep\n|turn|26\n|\n|t:|1715653593\n|move|p1a: Jumpluff|Acrobatics|p2a: Noctowl\n|-damage|p2a: Noctowl|180/344\n|move|p2a: Noctowl|Roost|p2a: Noctowl\n|-heal|p2a: Noctowl|344/344\n|-singleturn|p2a: Noctowl|move: Roost\n|\n|-damage|p2a: Noctowl|301/344|[from] Leech Seed|[of] p1a: Jumpluff\n|upkeep\n|turn|27\n|\n|t:|1715653611\n|move|p1a: Jumpluff|Acrobatics|p2a: Noctowl\n|-crit|p2a: Noctowl\n|-damage|p2a: Noctowl|138/344\n|move|p2a: Noctowl|Hyper Voice|p1a: Jumpluff\n|-damage|p1a: Jumpluff|168/271\n|\n|-damage|p2a: Noctowl|95/344|[from] Leech Seed|[of] p1a: Jumpluff\n|-heal|p1a: Jumpluff|211/271|[silent]\n|upkeep\n|turn|28\n|\n|t:|1715653624\n|move|p1a: Jumpluff|Acrobatics|p2a: Noctowl\n|-damage|p2a: Noctowl|0 fnt\n|faint|p2a: Noctowl\n|\n|upkeep\n|\n|t:|1715653634\n|switch|p2a: Blissey|Blissey, L84, F|566/566\n|turn|29\n|\n|t:|1715653638\n|move|p1a: Jumpluff|Acrobatics|p2a: Blissey\n|-damage|p2a: Blissey|332/566\n|move|p2a: Blissey|Seismic Toss|p1a: Jumpluff\n|-end|p1a: Jumpluff|Substitute\n|\n|-heal|p2a: Blissey|367/566|[from] item: Leftovers\n|upkeep\n|turn|30\n|\n|t:|1715653646\n|move|p1a: Jumpluff|Leech Seed|p2a: Blissey\n|-start|p2a: Blissey|move: Leech Seed\n|move|p2a: Blissey|Seismic Toss|p1a: Jumpluff\n|-damage|p1a: Jumpluff|127/271\n|\n|-heal|p2a: Blissey|402/566|[from] item: Leftovers\n|-damage|p2a: Blissey|332/566|[from] Leech Seed|[of] p1a: Jumpluff\n|-heal|p1a: Jumpluff|197/271|[silent]\n|upkeep\n|turn|31\n|\n|t:|1715653653\n|move|p1a: Jumpluff|Substitute|p1a: Jumpluff\n|-start|p1a: Jumpluff|Substitute\n|-damage|p1a: Jumpluff|130/271\n|move|p2a: Blissey|Seismic Toss|p1a: Jumpluff\n|-end|p1a: Jumpluff|Substitute\n|\n|-heal|p2a: Blissey|367/566|[from] item: Leftovers\n|-damage|p2a: Blissey|297/566|[from] Leech Seed|[of] p1a: Jumpluff\n|-heal|p1a: Jumpluff|200/271|[silent]\n|upkeep\n|turn|32\n|\n|t:|1715653656\n|move|p1a: Jumpluff|Acrobatics|p2a: Blissey\n|-crit|p2a: Blissey\n|-damage|p2a: Blissey|0 fnt\n|faint|p2a: Blissey\n|\n|upkeep\n|\n|t:|1715653670\n|switch|p2a: Glaceon|Glaceon, L94, F|98/275\n|turn|33\n|\n|t:|1715653680\n|move|p1a: Jumpluff|Acrobatics|p2a: Glaceon\n|-damage|p2a: Glaceon|38/275\n|move|p2a: Glaceon|Wish|p2a: Glaceon\n|\n|upkeep\n|turn|34\n|\n|t:|1715653685\n|switch|p1a: Ting-Lu|Ting-Lu, L78|241/370\n|-ability|p1a: Ting-Lu|Vessel of Ruin\n|move|p2a: Glaceon|Protect||[still]\n|-fail|p2a: Glaceon\n|\n|-heal|p2a: Glaceon|175/275|[from] move: Wish|[wisher] Glaceon\n|-heal|p1a: Ting-Lu|264/370|[from] item: Leftovers\n|upkeep\n|turn|35\n|\n|t:|1715653694\n|-terastallize|p1a: Ting-Lu|Poison\n|move|p2a: Glaceon|Freeze-Dry|p1a: Ting-Lu\n|-damage|p1a: Ting-Lu|162/370\n|move|p1a: Ting-Lu|Stealth Rock|p2a: Glaceon\n|-sidestart|p2: Meat pie dealer|move: Stealth Rock\n|\n|-heal|p1a: Ting-Lu|185/370|[from] item: Leftovers\n|upkeep\n|turn|36\n|\n|t:|1715653704\n|move|p2a: Glaceon|Freeze-Dry|p1a: Ting-Lu\n|-damage|p1a: Ting-Lu|89/370\n|move|p1a: Ting-Lu|Earthquake|p2a: Glaceon\n|-damage|p2a: Glaceon|97/275\n|\n|-heal|p1a: Ting-Lu|112/370|[from] item: Leftovers\n|upkeep\n|turn|37\n|\n|t:|1715653710\n|move|p2a: Glaceon|Wish|p2a: Glaceon\n|move|p1a: Ting-Lu|Whirlwind|p2a: Glaceon\n|drag|p2a: Mimikyu|Mimikyu, L79, M|216/216\n|-damage|p2a: Mimikyu|189/216|[from] Stealth Rock\n|\n|-heal|p1a: Ting-Lu|135/370|[from] item: Leftovers\n|upkeep\n|turn|38\n|\n|t:|1715653731\n|switch|p1a: Jumpluff|Jumpluff, L87, F|200/271\n|move|p2a: Mimikyu|Swords Dance|p2a: Mimikyu\n|-boost|p2a: Mimikyu|atk|2\n|\n|-heal|p2a: Mimikyu|216/216|[from] move: Wish|[wisher] Glaceon\n|upkeep\n|turn|39\n|\n|t:|1715653739\n|move|p1a: Jumpluff|Strength Sap|p2a: Mimikyu\n|-unboost|p2a: Mimikyu|atk|1\n|-heal|p1a: Jumpluff|271/271\n|move|p2a: Mimikyu|Play Rough|p1a: Jumpluff\n|-damage|p1a: Jumpluff|83/271\n|-damage|p2a: Mimikyu|195/216|[from] item: Life Orb\n|\n|upkeep\n|turn|40\n|\n|t:|1715653746\n|move|p1a: Jumpluff|Strength Sap|p2a: Mimikyu\n|-unboost|p2a: Mimikyu|atk|1\n|-heal|p1a: Jumpluff|271/271\n|move|p2a: Mimikyu|Swords Dance|p2a: Mimikyu\n|-boost|p2a: Mimikyu|atk|2\n|\n|upkeep\n|turn|41\n|\n|t:|1715653759\n|move|p1a: Jumpluff|Substitute|p1a: Jumpluff\n|-start|p1a: Jumpluff|Substitute\n|-damage|p1a: Jumpluff|204/271\n|move|p2a: Mimikyu|Play Rough|p1a: Jumpluff\n|-end|p1a: Jumpluff|Substitute\n|-damage|p2a: Mimikyu|174/216|[from] item: Life Orb\n|\n|upkeep\n|turn|42\n|\n|t:|1715653768\n|move|p1a: Jumpluff|Substitute|p1a: Jumpluff\n|-start|p1a: Jumpluff|Substitute\n|-damage|p1a: Jumpluff|137/271\n|move|p2a: Mimikyu|Swords Dance|p2a: Mimikyu\n|-boost|p2a: Mimikyu|atk|2\n|\n|upkeep\n|turn|43\n|\n|t:|1715653778\n|move|p1a: Jumpluff|Leech Seed|p2a: Mimikyu\n|-start|p2a: Mimikyu|move: Leech Seed\n|move|p2a: Mimikyu|Play Rough|p1a: Jumpluff\n|-end|p1a: Jumpluff|Substitute\n|-damage|p2a: Mimikyu|153/216|[from] item: Life Orb\n|\n|-damage|p2a: Mimikyu|126/216|[from] Leech Seed|[of] p1a: Jumpluff\n|-heal|p1a: Jumpluff|164/271|[silent]\n|upkeep\n|turn|44\n|\n|t:|1715653792\n|move|p2a: Mimikyu|Shadow Sneak|p1a: Jumpluff\n|-damage|p1a: Jumpluff|20/271\n|-damage|p2a: Mimikyu|105/216|[from] item: Life Orb\n|move|p1a: Jumpluff|Substitute|p1a: Jumpluff\n|-fail|p1a: Jumpluff|move: Substitute|[weak]\n|\n|-damage|p2a: Mimikyu|78/216|[from] Leech Seed|[of] p1a: Jumpluff\n|-heal|p1a: Jumpluff|47/271|[silent]\n|upkeep\n|turn|45\n|inactive|Bryan Evangelista has 120 seconds left.\n|inactive|Meat pie dealer has 120 seconds left.\n|\n|t:|1715653840\n|switch|p1a: Ting-Lu|Ting-Lu, L78, tera:Poison|135/370\n|-ability|p1a: Ting-Lu|Vessel of Ruin\n|move|p2a: Mimikyu|Play Rough|p1a: Ting-Lu\n|-resisted|p1a: Ting-Lu\n|-damage|p1a: Ting-Lu|13/370\n|-unboost|p1a: Ting-Lu|atk|1\n|-damage|p2a: Mimikyu|57/216|[from] item: Life Orb\n|\n|-heal|p1a: Ting-Lu|36/370|[from] item: Leftovers\n|-damage|p2a: Mimikyu|30/216|[from] Leech Seed|[of] p1a: Ting-Lu\n|-heal|p1a: Ting-Lu|63/370|[silent]\n|upkeep\n|turn|46\n|inactive|Bryan Evangelista has 120 seconds left.\n|c|\u2606Meat pie dealer|wew\n|c|\u2606Meat pie dealer|close game\n|inactive|Meat pie dealer has 90 seconds left.\n|\n|t:|1715653873\n|move|p2a: Mimikyu|Shadow Sneak|p1a: Ting-Lu\n|-damage|p1a: Ting-Lu|0 fnt\n|faint|p1a: Ting-Lu\n|-damage|p2a: Mimikyu|9/216|[from] item: Life Orb\n|\n|upkeep\n|\n|t:|1715653882\n|switch|p1a: Jumpluff|Jumpluff, L87, F|47/271\n|turn|47\n|c|\u2606Meat pie dealer|gg\n|\n|t:|1715653885\n|move|p2a: Mimikyu|Shadow Sneak|p1a: Jumpluff\n|-damage|p1a: Jumpluff|0 fnt\n|faint|p1a: Jumpluff\n|-damage|p2a: Mimikyu|0 fnt|[from] item: Life Orb\n|faint|p2a: Mimikyu\n|\n|win|Meat pie dealer\n|raw|Bryan Evangelista's rating: 2327 &rarr; <strong>2304</strong><br />(-23 for losing)\n|raw|Meat pie dealer's rating: 2281 &rarr; <strong>2304</strong><br />(+23 for winning)\n|l|\u2606Bryan Evangelista\n|player|p1|\n", "inputlog": ">version 80ea9d1f890aa30f79744790e00b820c91be1203\n>start {\"formatid\":\"gen9randombattle\",\"seed\":[14237,55464,23280,42305],\"rated\":\"Rated battle\"}\n>player p1 {\"name\":\"Bryan Evangelista\",\"avatar\":\"lucas\",\"rating\":2327,\"seed\":[28028,54954,26934,51890]}\n>player p2 {\"name\":\"Meat pie dealer\",\"avatar\":\"swimmer\",\"rating\":2281,\"seed\":[21830,20581,61474,26394]}\n>p1 switch 3\n>p2 move swordsdance\n>p1 move bodypress\n>p2 move superpower\n>p1 move bodypress\n>p2 move hornleech\n>p1 switch 6\n>p1 move knockoff\n>p2 move hornleech\n>p2 switch 5\n>p1 move knockoff\n>p2 move freezedry\n>p1 move voltswitch\n>p2 move wish\n>p1 switch 3\n>p1 move whirlwind\n>p2 move freezedry\n>p1 move stealthrock\n>p2 switch 3\n>p1 switch 5\n>p2 move freezedry\n>p1 move encore\n>p2 move freezedry\n>p1 move roost\n>p2 move freezedry\n>p1 move bugbuzz\n>p2 move freezedry\n>p1 switch 3\n>p1 move volttackle\n>p2 move protect\n>p1 move volttackle\n>p2 switch 6\n>p1 move knockoff\n>p2 move icepunch\n>p1 switch 5\n>p1 move earthquake\n>p2 move bulkup\n>p1 switch 2\n>p2 move icepunch\n>p1 move calmmind\n>p2 move icepunch\n>p1 switch 4\n>p2 switch 4\n>p1 move leechseed\n>p2 move defog\n>p1 move substitute\n>p2 move hurricane\n>p1 move substitute\n>p2 move hypervoice\n>p1 move acrobatics\n>p2 move roost\n>p1 move acrobatics\n>p2 move roost\n>p1 move acrobatics\n>p2 move roost\n>p1 move acrobatics\n>p2 move roost\n>p1 move acrobatics\n>p2 move roost\n>p1 move acrobatics\n>p2 move hypervoice\n>p1 move acrobatics\n>p2 move hypervoice\n>p2 switch 3\n>p1 move acrobatics\n>p2 move seismictoss\n>p1 move leechseed\n>p2 move seismictoss\n>p1 move substitute\n>p2 move seismictoss\n>p1 move acrobatics\n>p2 move seismictoss\n>p2 switch 6\n>p1 move acrobatics\n>p2 move wish\n>p1 switch 2\n>p2 move protect\n>p1 move stealthrock terastallize\n>p2 move freezedry\n>p1 move earthquake\n>p2 move freezedry\n>p1 move whirlwind\n>p2 move wish\n>p1 switch 2\n>p2 move swordsdance\n>p1 move strengthsap\n>p2 move playrough\n>p1 move strengthsap\n>p2 move swordsdance\n>p1 move substitute\n>p2 move playrough\n>p1 move substitute\n>p2 move swordsdance\n>p1 move leechseed\n>p2 move playrough\n>p1 move substitute\n>p2 move shadowsneak\n>p1 switch 2\n>p2 move playrough\n>chat \u2606Meat pie dealer|wew\n>chat \u2606Meat pie dealer|close game\n>p1 move earthquake\n>p2 move shadowsneak\n>p1 switch 2\n>chat \u2606Meat pie dealer|gg\n>p1 move strengthsap\n>p2 move shadowsneak", "uploadtime": 1715653892, "views": 228, "formatid": "gen9randombattle", "rating": 2304, "private": 0, "password": null}