{"id": "gen9randombattle-2260880097", "format": "[Gen 9] Random Battle", "players": ["ran co vgc", "hunter-relax"], "log": "|j|\u2606ran co vgc\n|j|\u2606hunter-relax\n|t:|1733909757\n|gametype|singles\n|player|p1|ran co vgc|hugh|1433\n|player|p2|hunter-relax|hugh|1426\n|teamsize|p1|6\n|teamsize|p2|6\n|gen|9\n|tier|[Gen 9] Random Battle\n|rated|\n|rule|Species Clause: Limit one of each Pok\u00e9mon\n|rule|HP Percentage Mod: HP is shown in percentages\n|rule|Sleep Clause Mod: Limit one foe put to sleep\n|rule|Illusion Level Mod: Illusion disguises the Pok\u00e9mon's true level\n|\n|t:|1733909757\n|start\n|switch|p1a: Granbull|Granbull, L88, F|302/302\n|switch|p2a: Ribombee|Ribombee, L82, M|233/233\n|-ability|p1a: Granbull|Intimidate|boost\n|-unboost|p2a: Ribombee|atk|1\n|turn|1\n|inactive|Battle timer is ON: inactive players will automatically lose when time's up. (requested by ran co vgc)\n|\n|t:|1733909780\n|move|p2a: Ribombee|Sticky Web|p1a: Granbull\n|-sidestart|p1: ran co vgc|move: Sticky Web\n|move|p1a: Granbull|Thunder Wave|p2a: Ribombee\n|-status|p2a: Ribombee|par\n|\n|upkeep\n|turn|2\n|\n|t:|1733909800\n|switch|p1a: Magcargo|Magcargo, L95, F|268/268\n|move|p2a: Ribombee|Moonblast|p1a: Magcargo\n|-resisted|p1a: Magcargo\n|-damage|p1a: Magcargo|226/268\n|\n|upkeep\n|turn|3\n|\n|t:|1733909816\n|switch|p2a: Donphan|Donphan, L84, M|288/288\n|move|p1a: Magcargo|Lava Plume|p2a: Donphan\n|-damage|p2a: Donphan|195/288\n|\n|upkeep\n|turn|4\n|\n|t:|1733909825\n|switch|p1a: Corviknight|Corviknight, L80, M|288/288\n|-ability|p1a: Corviknight|Pressure\n|move|p2a: Donphan|Earthquake|p1a: Corviknight\n|-immune|p1a: Corviknight\n|\n|upkeep\n|turn|5\n|inactive|hunter-relax has 120 seconds left.\n|\n|t:|1733909859\n|switch|p2a: Gouging Fire|Gouging Fire, L74|277/277\n|move|p1a: Corviknight|Defog|p2a: Gouging Fire\n|-unboost|p2a: Gouging Fire|evasion|1\n|-sideend|p1: ran co vgc|Sticky Web|[from] move: Defog|[of] p1a: Corviknight\n|\n|upkeep\n|turn|6\n|\n|t:|1733909873\n|switch|p1a: Granbull|Granbull, L88, F|302/302\n|-ability|p1a: Granbull|Intimidate|boost\n|-unboost|p2a: Gouging Fire|atk|1\n|move|p2a: Gouging Fire|Dragon Dance|p2a: Gouging Fire\n|-boost|p2a: Gouging Fire|atk|1\n|-boost|p2a: Gouging Fire|spe|1\n|\n|upkeep\n|turn|7\n|\n|t:|1733909884\n|move|p2a: Gouging Fire|Dragon Dance|p2a: Gouging Fire\n|-boost|p2a: Gouging Fire|atk|1\n|-boost|p2a: Gouging Fire|spe|1\n|move|p1a: Granbull|Thunder Wave|p2a: Gouging Fire\n|-status|p2a: Gouging Fire|par\n|\n|upkeep\n|turn|8\n|\n|t:|1733909893\n|move|p2a: Gouging Fire|Dragon Dance|p2a: Gouging Fire\n|-boost|p2a: Gouging Fire|atk|1\n|-boost|p2a: Gouging Fire|spe|1\n|move|p1a: Granbull|Roar|p2a: Gouging Fire\n|-end|p2a: Gouging Fire|Protosynthesis|[silent]\n|drag|p2a: Pecharunt|Pecharunt, L77|262/262\n|\n|upkeep\n|turn|9\n|\n|t:|1733909906\n|switch|p1a: Magcargo|Magcargo, L95, F|226/268\n|move|p2a: Pecharunt|Nasty Plot|p2a: Pecharunt\n|-boost|p2a: Pecharunt|spa|2\n|\n|upkeep\n|turn|10\n|\n|t:|1733909916\n|move|p2a: Pecharunt|Malignant Chain|p1a: Magcargo\n|-resisted|p1a: Magcargo\n|-damage|p1a: Magcargo|149/268\n|move|p1a: Magcargo|Yawn|p2a: Pecharunt\n|-start|p2a: Pecharunt|move: Yawn|[of] p1a: Magcargo\n|\n|upkeep\n|turn|11\n|\n|t:|1733909925\n|switch|p2a: Donphan|Donphan, L84, M|195/288\n|move|p1a: Magcargo|Recover|p1a: Magcargo\n|-heal|p1a: Magcargo|268/268\n|\n|upkeep\n|turn|12\n|\n|t:|1733909941\n|move|p2a: Donphan|Ice Spinner|p1a: Magcargo\n|-resisted|p1a: Magcargo\n|-damage|p1a: Magcargo|246/268\n|-status|p2a: Donphan|brn|[from] ability: Flame Body|[of] p1a: Magcargo\n|move|p1a: Magcargo|Yawn||[still]\n|-fail|p1a: Magcargo\n|\n|-damage|p2a: Donphan|177/288 brn|[from] brn\n|upkeep\n|turn|13\n|\n|t:|1733909952\n|switch|p1a: Whiscash|Whiscash, L88, M|337/337\n|move|p2a: Donphan|Earthquake|p1a: Whiscash\n|-damage|p1a: Whiscash|274/337\n|\n|-heal|p1a: Whiscash|295/337|[from] item: Leftovers\n|-damage|p2a: Donphan|159/288 brn|[from] brn\n|upkeep\n|turn|14\n|\n|t:|1733909970\n|switch|p2a: Ribombee|Ribombee, L82, M|233/233 par\n|move|p1a: Whiscash|Stealth Rock|p2a: Ribombee\n|-sidestart|p2: hunter-relax|move: Stealth Rock\n|\n|-heal|p1a: Whiscash|316/337|[from] item: Leftovers\n|upkeep\n|turn|15\n|\n|t:|1733909985\n|move|p1a: Whiscash|Spikes|p2a: Ribombee\n|-sidestart|p2: hunter-relax|Spikes\n|cant|p2a: Ribombee|par\n|\n|-heal|p1a: Whiscash|337/337|[from] item: Leftovers\n|upkeep\n|turn|16\n|\n|t:|1733909993\n|move|p1a: Whiscash|Spikes|p2a: Ribombee\n|-sidestart|p2: hunter-relax|Spikes\n|move|p2a: Ribombee|Moonblast|p1a: Whiscash\n|-damage|p1a: Whiscash|234/337\n|\n|-heal|p1a: Whiscash|255/337|[from] item: Leftovers\n|upkeep\n|turn|17\n|\n|t:|1733910002\n|move|p1a: Whiscash|Spikes|p2a: Ribombee\n|-sidestart|p2: hunter-relax|Spikes\n|move|p2a: Ribombee|Moonblast|p1a: Whiscash\n|-damage|p1a: Whiscash|152/337\n|-unboost|p1a: Whiscash|spa|1\n|\n|-heal|p1a: Whiscash|173/337|[from] item: Leftovers\n|upkeep\n|turn|18\n|\n|t:|1733910012\n|switch|p1a: Magcargo|Magcargo, L95, F|246/268\n|move|p2a: Ribombee|Moonblast|p1a: Magcargo\n|-resisted|p1a: Magcargo\n|-damage|p1a: Magcargo|204/268\n|-unboost|p1a: Magcargo|spa|1\n|\n|upkeep\n|turn|19\n|\n|t:|1733910020\n|switch|p2a: Donphan|Donphan, L84, M|159/288 brn\n|-damage|p2a: Donphan|141/288 brn|[from] Stealth Rock\n|-damage|p2a: Donphan|69/288 brn|[from] Spikes\n|move|p1a: Magcargo|Power Gem|p2a: Donphan\n|-resisted|p2a: Donphan\n|-damage|p2a: Donphan|39/288 brn\n|\n|-damage|p2a: Donphan|21/288 brn|[from] brn\n|upkeep\n|turn|20\n|\n|t:|1733910032\n|switch|p1a: Corviknight|Corviknight, L80, M|288/288\n|-ability|p1a: Corviknight|Pressure\n|move|p2a: Donphan|Rapid Spin|p1a: Corviknight\n|-resisted|p1a: Corviknight\n|-damage|p1a: Corviknight|278/288\n|-boost|p2a: Donphan|spe|1\n|-damage|p2a: Donphan|0 fnt|[from] item: Rocky Helmet|[of] p1a: Corviknight\n|faint|p2a: Donphan\n|\n|upkeep\n|\n|t:|1733910051\n|switch|p2a: Ribombee|Ribombee, L82, M|233/233 par\n|-damage|p2a: Ribombee|175/233 par|[from] Stealth Rock\n|-damage|p2a: Ribombee|117/233 par|[from] Spikes\n|turn|21\n|\n|t:|1733910067\n|move|p1a: Corviknight|Brave Bird|p2a: Ribombee\n|-supereffective|p2a: Ribombee\n|-damage|p2a: Ribombee|0 fnt\n|faint|p2a: Ribombee\n|-damage|p1a: Corviknight|239/288|[from] Recoil\n|\n|upkeep\n|\n|t:|1733910077\n|switch|p2a: Pecharunt|Pecharunt, L77|262/262\n|-damage|p2a: Pecharunt|230/262|[from] Stealth Rock\n|-damage|p2a: Pecharunt|165/262|[from] Spikes\n|turn|22\n|\n|t:|1733910087\n|move|p2a: Pecharunt|Nasty Plot|p2a: Pecharunt\n|-boost|p2a: Pecharunt|spa|2\n|move|p1a: Corviknight|Brave Bird|p2a: Pecharunt\n|-damage|p2a: Pecharunt|92/262\n|-damage|p1a: Corviknight|215/288|[from] Recoil\n|\n|-heal|p2a: Pecharunt|108/262|[from] item: Leftovers\n|upkeep\n|turn|23\n|\n|t:|1733910104\n|switch|p1a: Magcargo|Magcargo, L95, F|204/268\n|move|p2a: Pecharunt|Recover|p2a: Pecharunt\n|-heal|p2a: Pecharunt|239/262\n|\n|-heal|p2a: Pecharunt|255/262|[from] item: Leftovers\n|upkeep\n|turn|24\n|\n|t:|1733910113\n|move|p2a: Pecharunt|Shadow Ball|p1a: Magcargo\n|-damage|p1a: Magcargo|84/268\n|-unboost|p1a: Magcargo|spd|1\n|move|p1a: Magcargo|Yawn|p2a: Pecharunt\n|-start|p2a: Pecharunt|move: Yawn|[of] p1a: Magcargo\n|\n|-heal|p2a: Pecharunt|262/262|[from] item: Leftovers\n|upkeep\n|turn|25\n|\n|t:|1733910127\n|move|p2a: Pecharunt|Shadow Ball|p1a: Magcargo\n|-damage|p1a: Magcargo|0 fnt\n|faint|p1a: Magcargo\n|\n|-end|p2a: Pecharunt|move: Yawn|[silent]\n|-status|p2a: Pecharunt|slp\n|upkeep\n|\n|t:|1733910134\n|switch|p1a: Torterra|Torterra, L78, M|276/276\n|turn|26\n|\n|t:|1733910140\n|cant|p2a: Pecharunt|slp\n|move|p1a: Torterra|Shell Smash|p1a: Torterra\n|-unboost|p1a: Torterra|def|1\n|-unboost|p1a: Torterra|spd|1\n|-boost|p1a: Torterra|atk|2\n|-boost|p1a: Torterra|spa|2\n|-boost|p1a: Torterra|spe|2\n|\n|upkeep\n|turn|27\n|\n|t:|1733910148\n|move|p1a: Torterra|Headlong Rush|p2a: Pecharunt\n|-supereffective|p2a: Pecharunt\n|-damage|p2a: Pecharunt|0 fnt\n|-unboost|p1a: Torterra|def|1\n|-unboost|p1a: Torterra|spd|1\n|faint|p2a: Pecharunt\n|\n|upkeep\n|\n|t:|1733910165\n|switch|p2a: Weavile|Weavile, L79, M|239/239\n|-damage|p2a: Weavile|180/239|[from] Stealth Rock\n|-damage|p2a: Weavile|121/239|[from] Spikes\n|turn|28\n|\n|t:|1733910173\n|move|p2a: Weavile|Ice Shard|p1a: Torterra\n|-supereffective|p1a: Torterra\n|-damage|p1a: Torterra|0 fnt\n|faint|p1a: Torterra\n|\n|upkeep\n|\n|t:|1733910197\n|switch|p1a: Granbull|Granbull, L88, F|302/302\n|-ability|p1a: Granbull|Intimidate|boost\n|-unboost|p2a: Weavile|atk|1\n|turn|29\n|\n|t:|1733910202\n|move|p2a: Weavile|Ice Shard|p1a: Granbull\n|-damage|p1a: Granbull|254/302\n|move|p1a: Granbull|Earthquake|p2a: Weavile\n|-damage|p2a: Weavile|0 fnt\n|faint|p2a: Weavile\n|\n|-heal|p1a: Granbull|272/302|[from] item: Leftovers\n|upkeep\n|\n|t:|1733910212\n|switch|p2a: Gardevoir|Gardevoir, L83, M|249/249\n|-damage|p2a: Gardevoir|218/249|[from] Stealth Rock\n|-damage|p2a: Gardevoir|156/249|[from] Spikes\n|-ability|p2a: Gardevoir|Intimidate|boost\n|-unboost|p1a: Granbull|atk|1\n|-ability|p2a: Gardevoir|Intimidate|[from] ability: Trace|[of] p1a: Granbull\n|turn|30\n|\n|t:|1733910223\n|move|p2a: Gardevoir|Moonblast|p1a: Granbull\n|-damage|p1a: Granbull|113/302\n|move|p1a: Granbull|Thunder Wave|p2a: Gardevoir\n|-status|p2a: Gardevoir|par\n|\n|-heal|p1a: Granbull|131/302|[from] item: Leftovers\n|upkeep\n|turn|31\n|\n|t:|1733910232\n|switch|p1a: Corviknight|Corviknight, L80, M|215/288\n|-ability|p1a: Corviknight|Pressure\n|move|p2a: Gardevoir|Moonblast|p1a: Corviknight\n|-resisted|p1a: Corviknight\n|-damage|p1a: Corviknight|146/288\n|\n|upkeep\n|turn|32\n|\n|t:|1733910240\n|move|p1a: Corviknight|Roost|p1a: Corviknight\n|-heal|p1a: Corviknight|288/288\n|-singleturn|p1a: Corviknight|move: Roost\n|move|p2a: Gardevoir|Moonblast|p1a: Corviknight\n|-resisted|p1a: Corviknight\n|-damage|p1a: Corviknight|217/288\n|\n|upkeep\n|turn|33\n|\n|t:|1733910250\n|move|p1a: Corviknight|Brave Bird|p2a: Gardevoir\n|-damage|p2a: Gardevoir|24/249 par\n|-damage|p1a: Corviknight|173/288|[from] Recoil\n|move|p2a: Gardevoir|Moonblast|p1a: Corviknight\n|-resisted|p1a: Corviknight\n|-crit|p1a: Corviknight\n|-damage|p1a: Corviknight|67/288\n|\n|upkeep\n|turn|34\n|\n|t:|1733910259\n|move|p1a: Corviknight|Roost|p1a: Corviknight\n|-heal|p1a: Corviknight|211/288\n|-singleturn|p1a: Corviknight|move: Roost\n|move|p2a: Gardevoir|Moonblast|p1a: Corviknight\n|-resisted|p1a: Corviknight\n|-damage|p1a: Corviknight|144/288\n|\n|upkeep\n|turn|35\n|\n|t:|1733910268\n|move|p1a: Corviknight|Roost|p1a: Corviknight\n|-heal|p1a: Corviknight|288/288\n|-singleturn|p1a: Corviknight|move: Roost\n|cant|p2a: Gardevoir|par\n|\n|upkeep\n|turn|36\n|\n|t:|1733910275\n|move|p1a: Corviknight|Brave Bird|p2a: Gardevoir\n|-damage|p2a: Gardevoir|0 fnt\n|faint|p2a: Gardevoir\n|-damage|p1a: Corviknight|280/288|[from] Recoil\n|\n|upkeep\n|\n|t:|1733910281\n|switch|p2a: Gouging Fire|Gouging Fire, L74|277/277 par\n|turn|37\n|\n|t:|1733910290\n|move|p1a: Corviknight|Body Press|p2a: Gouging Fire\n|-damage|p2a: Gouging Fire|229/277 par\n|cant|p2a: Gouging Fire|par\n|\n|upkeep\n|turn|38\n|\n|t:|1733910302\n|switch|p1a: Whiscash|Whiscash, L88, M|173/337\n|move|p2a: Gouging Fire|Dragon Dance|p2a: Gouging Fire\n|-boost|p2a: Gouging Fire|atk|1\n|-boost|p2a: Gouging Fire|spe|1\n|\n|-heal|p1a: Whiscash|194/337|[from] item: Leftovers\n|upkeep\n|turn|39\n|\n|t:|1733910316\n|-terastallize|p2a: Gouging Fire|Ground\n|move|p1a: Whiscash|Earthquake|p2a: Gouging Fire\n|-damage|p2a: Gouging Fire|133/277 par\n|move|p2a: Gouging Fire|Dragon Dance|p2a: Gouging Fire\n|-boost|p2a: Gouging Fire|atk|1\n|-boost|p2a: Gouging Fire|spe|1\n|\n|-heal|p1a: Whiscash|215/337|[from] item: Leftovers\n|upkeep\n|turn|40\n|\n|t:|1733910328\n|move|p2a: Gouging Fire|Earthquake|p1a: Whiscash\n|-damage|p1a: Whiscash|14/337\n|move|p1a: Whiscash|Ice Beam|p2a: Gouging Fire\n|-supereffective|p2a: Gouging Fire\n|-damage|p2a: Gouging Fire|17/277 par\n|\n|-heal|p1a: Whiscash|35/337|[from] item: Leftovers\n|upkeep\n|turn|41\n|\n|t:|1733910338\n|cant|p2a: Gouging Fire|par\n|move|p1a: Whiscash|Ice Beam|p2a: Gouging Fire\n|-supereffective|p2a: Gouging Fire\n|-damage|p2a: Gouging Fire|0 fnt\n|faint|p2a: Gouging Fire\n|-end|p2a: Gouging Fire|Protosynthesis|[silent]\n|\n|win|ran co vgc\n|raw|ran co vgc's rating: 1433 &rarr; <strong>1453</strong><br />(+20 for winning)\n|raw|hunter-relax's rating: 1426 &rarr; <strong>1406</strong><br />(-20 for losing)\n", "inputlog": ">version bfd83cad13791eb5a5a409923076391caf6fb4d4\n>start {\"formatid\":\"gen9randombattle\",\"seed\":[12797,10680,953,17082],\"rated\":\"Rated battle\"}\n>player p1 {\"name\":\"ran co vgc\",\"avatar\":\"hugh\",\"rating\":1433,\"seed\":[36845,29767,36558,10432]}\n>player p2 {\"name\":\"hunter-relax\",\"avatar\":\"hugh\",\"rating\":1426,\"seed\":[54323,10654,16609,54397]}\n>p1 move thunderwave\n>p2 move stickyweb\n>p1 switch 3\n>p2 move moonblast\n>p1 move lavaplume\n>p2 switch 3\n>p1 switch 6\n>p2 move earthquake\n>p1 move defog\n>p2 switch 6\n>p1 switch 3\n>p2 move dragondance\n>p1 move thunderwave\n>p2 move dragondance\n>p1 move roar\n>p2 move dragondance\n>p1 switch 6\n>p2 move nastyplot\n>p1 move yawn\n>p2 move malignantchain\n>p1 move recover\n>p2 switch 6\n>p1 move yawn\n>p2 move icespinner\n>p1 switch 2\n>p2 move earthquake\n>p1 move stealthrock\n>p2 switch 3\n>p1 move spikes\n>p2 move moonblast\n>p1 move spikes\n>p2 move moonblast\n>p1 move spikes\n>p2 move moonblast\n>p1 switch 2\n>p2 move moonblast\n>p1 move powergem\n>p2 switch 3\n>p1 switch 3\n>p2 move rapidspin\n>p2 switch 3\n>p1 move bravebird\n>p2 move moonblast\n>p2 switch 6\n>p1 move bravebird\n>p2 move nastyplot\n>p1 switch 3\n>p2 move recover\n>p1 move yawn\n>p2 move shadowball\n>p1 move powergem\n>p2 move shadowball\n>p1 switch 5\n>p1 move shellsmash\n>p2 move malignantchain\n>p1 move headlongrush\n>p2 move malignantchain\n>p2 switch 5\n>p1 move rockblast\n>p2 move iceshard\n>p1 switch 6\n>p1 move earthquake\n>p2 move iceshard\n>p2 switch 2\n>p1 move thunderwave\n>p2 move moonblast\n>p1 switch 3\n>p2 move moonblast\n>p1 move roost\n>p2 move moonblast\n>p1 move bravebird\n>p2 move moonblast\n>p1 move roost\n>p2 move moonblast\n>p1 move roost\n>p2 move moonblast\n>p1 move bravebird\n>p2 move moonblast\n>p2 switch 4\n>p1 move bodypress\n>p2 move dragondance\n>p1 switch 2\n>p2 move dragondance\n>p1 move earthquake\n>p2 move dragondance terastallize\n>p1 move icebeam\n>p2 move earthquake\n>p1 move icebeam\n>p2 move earthquake", "uploadtime": 1733910343, "views": 1, "formatid": "gen9randombattle", "rating": 1406, "private": 0, "password": null}