{"id": "gen9randombattle-2148858058", "format": "[Gen 9] Random Battle", "players": ["Fjdjdjdhddk", "Qiuescent"], "log": "|j|\u2606Fjdjdjdhddk\n|j|\u203dQiuescent\n|t:|1719187394\n|gametype|singles\n|player|p1|Fjdjdjdhddk|101|2269\n|player|p2|Qiuescent|101|2228\n|teamsize|p1|6\n|teamsize|p2|6\n|gen|9\n|tier|[Gen 9] Random Battle\n|rated|\n|rule|Species Clause: Limit one of each Pok\u00e9mon\n|rule|HP Percentage Mod: HP is shown in percentages\n|rule|Sleep Clause Mod: Limit one foe put to sleep\n|rule|Illusion Level Mod: Illusion disguises the Pok\u00e9mon's true level\n|\n|t:|1719187394\n|start\n|switch|p1a: Magmortar|Magmortar, L88, F|275/275\n|switch|p2a: Tauros|Tauros, L82, M|257/257\n|turn|1\n|\n|t:|1719187400\n|move|p2a: Tauros|Earthquake|p1a: Magmortar\n|-supereffective|p1a: Magmortar\n|-damage|p1a: Magmortar|72/275\n|-damage|p2a: Tauros|232/257|[from] item: Life Orb\n|move|p1a: Magmortar|Will-O-Wisp|p2a: Tauros\n|-status|p2a: Tauros|brn\n|\n|-damage|p2a: Tauros|216/257 brn|[from] brn\n|upkeep\n|turn|2\n|\n|t:|1719187407\n|switch|p1a: Hypno|Hypno, L95, F|315/315\n|move|p2a: Tauros|Body Slam|p1a: Hypno\n|-damage|p1a: Hypno|236/315\n|\n|-heal|p1a: Hypno|255/315|[from] item: Leftovers\n|-damage|p2a: Tauros|200/257 brn|[from] brn\n|upkeep\n|turn|3\n|\n|t:|1719187412\n|move|p2a: Tauros|Throat Chop|p1a: Hypno\n|-supereffective|p1a: Hypno\n|-damage|p1a: Hypno|161/315\n|move|p1a: Hypno|Psychic Noise|p2a: Tauros\n|-damage|p2a: Tauros|104/257 brn\n|-start|p2a: Tauros|move: Heal Block\n|\n|-heal|p1a: Hypno|180/315|[from] item: Leftovers\n|-damage|p2a: Tauros|88/257 brn|[from] brn\n|upkeep\n|turn|4\n|\n|t:|1719187416\n|move|p1a: Hypno|Protect|p1a: Hypno\n|-singleturn|p1a: Hypno|Protect\n|move|p2a: Tauros|Throat Chop|p1a: Hypno\n|-activate|p1a: Hypno|move: Protect\n|\n|-heal|p1a: Hypno|199/315|[from] item: Leftovers\n|-damage|p2a: Tauros|72/257 brn|[from] brn\n|-end|p2a: Tauros|move: Heal Block\n|upkeep\n|turn|5\n|\n|t:|1719187422\n|move|p2a: Tauros|Throat Chop|p1a: Hypno\n|-supereffective|p1a: Hypno\n|-crit|p1a: Hypno\n|-damage|p1a: Hypno|59/315\n|move|p1a: Hypno|Psychic Noise|p2a: Tauros\n|-damage|p2a: Tauros|0 fnt\n|faint|p2a: Tauros\n|\n|-heal|p1a: Hypno|78/315|[from] item: Leftovers\n|upkeep\n|\n|t:|1719187436\n|switch|p2a: Kyurem|Kyurem-White, L74|307/307\n|-ability|p2a: Kyurem|Turboblaze\n|turn|6\n|\n|t:|1719187441\n|move|p2a: Kyurem|Draco Meteor|p1a: Hypno|[miss]\n|-miss|p2a: Kyurem|p1a: Hypno\n|move|p1a: Hypno|Toxic|p2a: Kyurem\n|-status|p2a: Kyurem|tox\n|\n|-heal|p1a: Hypno|97/315|[from] item: Leftovers\n|-damage|p2a: Kyurem|288/307 tox|[from] psn\n|upkeep\n|turn|7\n|\n|t:|1719187443\n|move|p1a: Hypno|Protect|p1a: Hypno\n|-singleturn|p1a: Hypno|Protect\n|move|p2a: Kyurem|Draco Meteor|p1a: Hypno\n|-activate|p1a: Hypno|move: Protect\n|\n|-heal|p1a: Hypno|116/315|[from] item: Leftovers\n|-damage|p2a: Kyurem|250/307 tox|[from] psn\n|upkeep\n|turn|8\n|inactive|Battle timer is ON: inactive players will automatically lose when time's up. (requested by Qiuescent)\n|\n|t:|1719187454\n|switch|p1a: Excadrill|Excadrill, L80, M|307/307\n|-ability|p1a: Excadrill|Mold Breaker\n|move|p2a: Kyurem|Draco Meteor|p1a: Excadrill\n|-resisted|p1a: Excadrill\n|-damage|p1a: Excadrill|155/307\n|-unboost|p2a: Kyurem|spa|2\n|\n|-damage|p2a: Kyurem|193/307 tox|[from] psn\n|upkeep\n|turn|9\n|\n|t:|1719187461\n|switch|p2a: Latias|Latias, L79, F|256/256\n|move|p1a: Excadrill|Iron Head|p2a: Latias\n|-damage|p2a: Latias|127/256\n|-damage|p1a: Excadrill|125/307|[from] item: Life Orb\n|\n|upkeep\n|turn|10\n|\n|t:|1719187467\n|switch|p1a: Hypno|Hypno, L95, F|116/315\n|move|p2a: Latias|Recover|p2a: Latias\n|-heal|p2a: Latias|255/256\n|\n|-heal|p1a: Hypno|135/315|[from] item: Leftovers\n|upkeep\n|turn|11\n|\n|t:|1719187471\n|switch|p2a: Kyurem|Kyurem-White, L74|193/307 tox\n|-ability|p2a: Kyurem|Turboblaze\n|move|p1a: Hypno|Toxic|p2a: Kyurem\n|-fail|p2a: Kyurem|tox\n|\n|-heal|p1a: Hypno|154/315|[from] item: Leftovers\n|-damage|p2a: Kyurem|174/307 tox|[from] psn\n|upkeep\n|turn|12\n|\n|t:|1719187478\n|move|p1a: Hypno|Protect|p1a: Hypno\n|-singleturn|p1a: Hypno|Protect\n|move|p2a: Kyurem|Draco Meteor|p1a: Hypno\n|-activate|p1a: Hypno|move: Protect\n|\n|-heal|p1a: Hypno|173/315|[from] item: Leftovers\n|-damage|p2a: Kyurem|136/307 tox|[from] psn\n|upkeep\n|turn|13\n|\n|t:|1719187486\n|switch|p1a: Azumarill|Azumarill, L82, F|298/298\n|move|p2a: Kyurem|Draco Meteor|p1a: Azumarill\n|-immune|p1a: Azumarill\n|\n|-damage|p2a: Kyurem|79/307 tox|[from] psn\n|upkeep\n|turn|14\n|\n|t:|1719187494\n|switch|p2a: Toxapex|Toxapex, L82, M|216/216\n|switch|p1a: Mightyena|Mightyena, L95, M|287/287\n|-ability|p1a: Mightyena|Intimidate|boost\n|-unboost|p2a: Toxapex|atk|1\n|\n|upkeep\n|turn|15\n|\n|t:|1719187500\n|move|p1a: Mightyena|Taunt|p2a: Toxapex\n|-start|p2a: Toxapex|move: Taunt\n|cant|p2a: Toxapex|move: Taunt|Toxic Spikes\n|\n|upkeep\n|turn|16\n|\n|t:|1719187505\n|switch|p1a: Hypno|Hypno, L95, F|173/315\n|move|p2a: Toxapex|Liquidation|p1a: Hypno\n|-damage|p1a: Hypno|128/315\n|\n|-heal|p1a: Hypno|147/315|[from] item: Leftovers\n|upkeep\n|turn|17\n|\n|t:|1719187508\n|switch|p2a: Kyurem|Kyurem-White, L74|79/307 tox\n|-ability|p2a: Kyurem|Turboblaze\n|move|p1a: Hypno|Psychic Noise|p2a: Kyurem\n|-damage|p2a: Kyurem|0 fnt\n|faint|p2a: Kyurem\n|\n|-heal|p1a: Hypno|166/315|[from] item: Leftovers\n|upkeep\n|\n|t:|1719187513\n|switch|p2a: Sceptile|Sceptile, L87, M|264/264\n|turn|18\n|\n|t:|1719187516\n|move|p2a: Sceptile|Giga Drain|p1a: Hypno\n|-damage|p1a: Hypno|96/315\n|move|p1a: Hypno|Psychic Noise|p2a: Sceptile\n|-damage|p2a: Sceptile|182/264\n|-start|p2a: Sceptile|move: Heal Block\n|\n|-heal|p1a: Hypno|115/315|[from] item: Leftovers\n|upkeep\n|turn|19\n|\n|t:|1719187530\n|move|p1a: Hypno|Protect|p1a: Hypno\n|-singleturn|p1a: Hypno|Protect\n|move|p2a: Sceptile|Substitute|p2a: Sceptile\n|-start|p2a: Sceptile|Substitute\n|-damage|p2a: Sceptile|116/264\n|\n|-heal|p1a: Hypno|134/315|[from] item: Leftovers\n|-end|p2a: Sceptile|move: Heal Block\n|upkeep\n|turn|20\n|\n|t:|1719187534\n|move|p2a: Sceptile|Giga Drain|p1a: Hypno\n|-damage|p1a: Hypno|73/315\n|-heal|p2a: Sceptile|147/264|[from] drain|[of] p1a: Hypno\n|move|p1a: Hypno|Psychic Noise|p2a: Sceptile\n|-damage|p2a: Sceptile|57/264\n|-start|p2a: Sceptile|move: Heal Block\n|\n|-heal|p1a: Hypno|92/315|[from] item: Leftovers\n|upkeep\n|turn|21\n|\n|t:|1719187543\n|move|p1a: Hypno|Protect|p1a: Hypno\n|-singleturn|p1a: Hypno|Protect\n|move|p2a: Sceptile|Leech Seed|p1a: Hypno\n|-activate|p1a: Hypno|move: Protect\n|\n|-heal|p1a: Hypno|111/315|[from] item: Leftovers\n|-end|p2a: Sceptile|move: Heal Block\n|upkeep\n|turn|22\n|\n|t:|1719187548\n|-terastallize|p2a: Sceptile|Steel\n|move|p2a: Sceptile|Giga Drain|p1a: Hypno\n|-damage|p1a: Hypno|5/315\n|-heal|p2a: Sceptile|110/264|[from] drain|[of] p1a: Hypno\n|move|p1a: Hypno|Psychic Noise|p2a: Sceptile\n|-resisted|p2a: Sceptile\n|-damage|p2a: Sceptile|72/264\n|-start|p2a: Sceptile|move: Heal Block\n|\n|-heal|p1a: Hypno|24/315|[from] item: Leftovers\n|upkeep\n|turn|23\n|\n|t:|1719187560\n|move|p2a: Sceptile|Leech Seed|p1a: Hypno\n|-start|p1a: Hypno|move: Leech Seed\n|move|p1a: Hypno|Psychic Noise|p2a: Sceptile\n|-resisted|p2a: Sceptile\n|-damage|p2a: Sceptile|29/264\n|\n|-heal|p1a: Hypno|43/315|[from] item: Leftovers\n|-damage|p1a: Hypno|4/315|[from] Leech Seed|[of] p2a: Sceptile\n|-end|p2a: Sceptile|move: Heal Block\n|upkeep\n|turn|24\n|\n|t:|1719187564\n|move|p2a: Sceptile|Giga Drain|p1a: Hypno\n|-damage|p1a: Hypno|0 fnt\n|-heal|p2a: Sceptile|31/264|[from] drain|[of] p1a: Hypno\n|faint|p1a: Hypno\n|\n|-heal|p2a: Sceptile|47/264|[from] item: Leftovers\n|upkeep\n|\n|t:|1719187573\n|switch|p1a: Mightyena|Mightyena, L95, M|287/287\n|-ability|p1a: Mightyena|Intimidate|boost\n|-immune|p2a: Sceptile\n|turn|25\n|\n|t:|1719187576\n|move|p2a: Sceptile|Giga Drain|p1a: Mightyena\n|-damage|p1a: Mightyena|137/287\n|-heal|p2a: Sceptile|122/264|[from] drain|[of] p1a: Mightyena\n|move|p1a: Mightyena|Throat Chop|p2a: Sceptile\n|-end|p2a: Sceptile|Substitute\n|-damage|p1a: Mightyena|109/287|[from] item: Life Orb\n|\n|-heal|p2a: Sceptile|138/264|[from] item: Leftovers\n|upkeep\n|turn|26\n|\n|t:|1719187581\n|move|p2a: Sceptile|Giga Drain|p1a: Mightyena\n|-damage|p1a: Mightyena|10/287\n|-heal|p2a: Sceptile|188/264|[from] drain|[of] p1a: Mightyena\n|move|p1a: Mightyena|Throat Chop|p2a: Sceptile\n|-damage|p2a: Sceptile|32/264\n|-start|p2a: Sceptile|Throat Chop|[silent]\n|-damage|p1a: Mightyena|0 fnt|[from] item: Life Orb\n|faint|p1a: Mightyena\n|\n|-heal|p2a: Sceptile|48/264|[from] item: Leftovers\n|upkeep\n|\n|t:|1719187585\n|switch|p1a: Azumarill|Azumarill, L82, F|298/298\n|turn|27\n|\n|t:|1719187589\n|switch|p2a: Toxapex|Toxapex, L82, M|216/216\n|move|p1a: Azumarill|Aqua Jet|p2a: Toxapex\n|-resisted|p2a: Toxapex\n|-damage|p2a: Toxapex|190/216\n|-damage|p1a: Azumarill|249/298|[from] item: Rocky Helmet|[of] p2a: Toxapex\n|\n|upkeep\n|turn|28\n|\n|t:|1719187596\n|switch|p1a: Magmortar|Magmortar, L88, F|72/275\n|move|p2a: Toxapex|Liquidation|p1a: Magmortar\n|-supereffective|p1a: Magmortar\n|-damage|p1a: Magmortar|0 fnt\n|faint|p1a: Magmortar\n|\n|upkeep\n|\n|t:|1719187598\n|switch|p1a: Excadrill|Excadrill, L80, M|125/307\n|-ability|p1a: Excadrill|Mold Breaker\n|turn|29\n|\n|t:|1719187605\n|switch|p2a: Latias|Latias, L79, F|255/256\n|move|p1a: Excadrill|Earthquake|p2a: Latias\n|-damage|p2a: Latias|82/256\n|-damage|p1a: Excadrill|95/307|[from] item: Life Orb\n|\n|upkeep\n|turn|30\n|\n|t:|1719187611\n|move|p2a: Latias|Recover|p2a: Latias\n|-heal|p2a: Latias|210/256\n|move|p1a: Excadrill|Earthquake|p2a: Latias\n|-damage|p2a: Latias|35/256\n|-damage|p1a: Excadrill|65/307|[from] item: Life Orb\n|\n|upkeep\n|turn|31\n|\n|t:|1719187616\n|move|p2a: Latias|Psyshock|p1a: Excadrill\n|-resisted|p1a: Excadrill\n|-damage|p1a: Excadrill|0 fnt\n|faint|p1a: Excadrill\n|\n|upkeep\n|\n|t:|1719187628\n|switch|p1a: Azumarill|Azumarill, L82, F|249/298\n|turn|32\n|\n|t:|1719187633\n|move|p2a: Latias|Psyshock|p1a: Azumarill\n|-damage|p1a: Azumarill|143/298\n|move|p1a: Azumarill|Play Rough|p2a: Latias\n|-supereffective|p2a: Latias\n|-damage|p2a: Latias|0 fnt\n|faint|p2a: Latias\n|\n|upkeep\n|\n|t:|1719187636\n|switch|p2a: Toxapex|Toxapex, L82, M|216/216\n|turn|33\n|\n|t:|1719187638\n|move|p1a: Azumarill|Play Rough|p2a: Toxapex\n|-resisted|p2a: Toxapex\n|-crit|p2a: Toxapex\n|-damage|p2a: Toxapex|138/216\n|-damage|p1a: Azumarill|94/298|[from] item: Rocky Helmet|[of] p2a: Toxapex\n|move|p2a: Toxapex|Toxic Spikes|p1a: Azumarill\n|-sidestart|p1: Fjdjdjdhddk|move: Toxic Spikes\n|\n|upkeep\n|turn|34\n|\n|t:|1719187641\n|move|p1a: Azumarill|Play Rough|p2a: Toxapex\n|-resisted|p2a: Toxapex\n|-damage|p2a: Toxapex|77/216\n|-damage|p1a: Azumarill|45/298|[from] item: Rocky Helmet|[of] p2a: Toxapex\n|move|p2a: Toxapex|Recover|p2a: Toxapex\n|-heal|p2a: Toxapex|185/216\n|\n|upkeep\n|turn|35\n|\n|t:|1719187644\n|move|p1a: Azumarill|Play Rough|p2a: Toxapex\n|-resisted|p2a: Toxapex\n|-damage|p2a: Toxapex|128/216\n|-damage|p1a: Azumarill|0 fnt|[from] item: Rocky Helmet|[of] p2a: Toxapex\n|faint|p1a: Azumarill\n|move|p2a: Toxapex|Toxic Spikes|p1: Azumarill\n|-sidestart|p1: Fjdjdjdhddk|move: Toxic Spikes\n|\n|upkeep\n|\n|t:|1719187647\n|switch|p1a: Dialga|Dialga, L73|266/266\n|-ability|p1a: Dialga|Pressure\n|turn|36\n|\n|t:|1719187650\n|move|p1a: Dialga|Thunder Wave|p2a: Toxapex\n|-status|p2a: Toxapex|par\n|move|p2a: Toxapex|Recover|p2a: Toxapex\n|-heal|p2a: Toxapex|216/216 par\n|\n|upkeep\n|turn|37\n|\n|t:|1719187655\n|move|p1a: Dialga|Stealth Rock|p2a: Toxapex\n|-sidestart|p2: Qiuescent|move: Stealth Rock\n|cant|p2a: Toxapex|par\n|\n|upkeep\n|turn|38\n|\n|t:|1719187665\n|move|p1a: Dialga|Draco Meteor|p2a: Toxapex\n|-damage|p2a: Toxapex|110/216 par\n|-unboost|p1a: Dialga|spa|2\n|move|p2a: Toxapex|Liquidation|p1a: Dialga\n|-resisted|p1a: Dialga\n|-damage|p1a: Dialga|241/266\n|-unboost|p1a: Dialga|def|1\n|\n|-heal|p1a: Dialga|257/266|[from] item: Leftovers\n|upkeep\n|turn|39\n|\n|t:|1719187669\n|move|p1a: Dialga|Draco Meteor|p2a: Toxapex\n|-damage|p2a: Toxapex|58/216 par\n|-unboost|p1a: Dialga|spa|2\n|move|p2a: Toxapex|Recover|p2a: Toxapex\n|-heal|p2a: Toxapex|166/216 par\n|\n|-heal|p1a: Dialga|266/266|[from] item: Leftovers\n|upkeep\n|turn|40\n|\n|t:|1719187672\n|move|p1a: Dialga|Draco Meteor|p2a: Toxapex\n|-damage|p2a: Toxapex|129/216 par\n|-unboost|p1a: Dialga|spa|2\n|move|p2a: Toxapex|Liquidation|p1a: Dialga\n|-resisted|p1a: Dialga\n|-damage|p1a: Dialga|224/266\n|\n|-heal|p1a: Dialga|240/266|[from] item: Leftovers\n|upkeep\n|turn|41\n|\n|t:|1719187676\n|switch|p2a: Sylveon|Sylveon, L85, M|300/300\n|-damage|p2a: Sylveon|263/300|[from] Stealth Rock\n|move|p1a: Dialga|Draco Meteor|p2a: Sylveon\n|-immune|p2a: Sylveon\n|\n|-heal|p1a: Dialga|256/266|[from] item: Leftovers\n|-heal|p2a: Sylveon|281/300|[from] item: Leftovers\n|upkeep\n|turn|42\n|\n|t:|1719187679\n|move|p2a: Sylveon|Protect|p2a: Sylveon\n|-singleturn|p2a: Sylveon|Protect\n|move|p1a: Dialga|Heavy Slam|p2a: Sylveon\n|-activate|p2a: Sylveon|move: Protect\n|\n|-heal|p1a: Dialga|266/266|[from] item: Leftovers\n|-heal|p2a: Sylveon|299/300|[from] item: Leftovers\n|upkeep\n|turn|43\n|\n|t:|1719187681\n|switch|p2a: Toxapex|Toxapex, L82, M|201/216 par\n|-damage|p2a: Toxapex|174/216 par|[from] Stealth Rock\n|move|p1a: Dialga|Thunder Wave|p2a: Toxapex|[miss]\n|-miss|p1a: Dialga|p2a: Toxapex\n|\n|upkeep\n|turn|44\n|c|\u2606Fjdjdjdhddk|Lot of free time am I right ?\n|\n|t:|1719187698\n|move|p1a: Dialga|Draco Meteor|p2a: Toxapex\n|-damage|p2a: Toxapex|146/216 par\n|move|p2a: Toxapex|Liquidation|p1a: Dialga\n|-resisted|p1a: Dialga\n|-damage|p1a: Dialga|222/266\n|\n|-heal|p1a: Dialga|238/266|[from] item: Leftovers\n|upkeep\n|turn|45\n|\n|t:|1719187704\n|move|p1a: Dialga|Draco Meteor|p2a: Toxapex\n|-damage|p2a: Toxapex|119/216 par\n|move|p2a: Toxapex|Recover|p2a: Toxapex\n|-heal|p2a: Toxapex|216/216 par\n|\n|-heal|p1a: Dialga|254/266|[from] item: Leftovers\n|upkeep\n|turn|46\n|\n|t:|1719187707\n|move|p1a: Dialga|Draco Meteor|p2a: Toxapex|[miss]\n|-miss|p1a: Dialga|p2a: Toxapex\n|move|p2a: Toxapex|Liquidation|p1a: Dialga\n|-resisted|p1a: Dialga\n|-damage|p1a: Dialga|215/266\n|\n|-heal|p1a: Dialga|231/266|[from] item: Leftovers\n|upkeep\n|turn|47\n|\n|t:|1719187709\n|move|p1a: Dialga|Draco Meteor|p2a: Toxapex\n|-damage|p2a: Toxapex|188/216 par\n|move|p2a: Toxapex|Liquidation|p1a: Dialga\n|-resisted|p1a: Dialga\n|-damage|p1a: Dialga|191/266\n|\n|-heal|p1a: Dialga|207/266|[from] item: Leftovers\n|upkeep\n|turn|48\n|\n|t:|1719187713\n|move|p1a: Dialga|Stealth Rock||[still]\n|-fail|p1a: Dialga\n|move|p2a: Toxapex|Liquidation|p1a: Dialga\n|-resisted|p1a: Dialga\n|-damage|p1a: Dialga|169/266\n|\n|-heal|p1a: Dialga|185/266|[from] item: Leftovers\n|upkeep\n|turn|49\n|\n|t:|1719187716\n|move|p1a: Dialga|Stealth Rock||[still]\n|-fail|p1a: Dialga\n|move|p2a: Toxapex|Liquidation|p1a: Dialga\n|-resisted|p1a: Dialga\n|-damage|p1a: Dialga|145/266\n|\n|-heal|p1a: Dialga|161/266|[from] item: Leftovers\n|upkeep\n|turn|50\n|\n|t:|1719187721\n|move|p1a: Dialga|Stealth Rock||[still]\n|-fail|p1a: Dialga\n|move|p2a: Toxapex|Toxic Spikes||[still]\n|-fail|p2a: Toxapex\n|\n|-heal|p1a: Dialga|177/266|[from] item: Leftovers\n|upkeep\n|turn|51\n|\n|t:|1719187724\n|move|p1a: Dialga|Stealth Rock||[still]\n|-fail|p1a: Dialga\n|move|p2a: Toxapex|Toxic Spikes||[still]\n|-fail|p2a: Toxapex\n|\n|-heal|p1a: Dialga|193/266|[from] item: Leftovers\n|upkeep\n|turn|52\n|\n|t:|1719187731\n|move|p1a: Dialga|Stealth Rock||[still]\n|-fail|p1a: Dialga\n|move|p2a: Toxapex|Toxic Spikes||[still]\n|-fail|p2a: Toxapex\n|\n|-heal|p1a: Dialga|209/266|[from] item: Leftovers\n|upkeep\n|turn|53\n|\n|t:|1719187733\n|move|p1a: Dialga|Stealth Rock||[still]\n|-fail|p1a: Dialga\n|move|p2a: Toxapex|Haze|p2a: Toxapex\n|-clearallboost\n|\n|-heal|p1a: Dialga|225/266|[from] item: Leftovers\n|upkeep\n|turn|54\n|\n|t:|1719187739\n|move|p1a: Dialga|Stealth Rock||[still]\n|-fail|p1a: Dialga\n|move|p2a: Toxapex|Haze|p2a: Toxapex\n|-clearallboost\n|\n|-heal|p1a: Dialga|241/266|[from] item: Leftovers\n|upkeep\n|turn|55\n|\n|t:|1719187741\n|move|p1a: Dialga|Stealth Rock||[still]\n|-fail|p1a: Dialga\n|move|p2a: Toxapex|Haze|p2a: Toxapex\n|-clearallboost\n|\n|-heal|p1a: Dialga|257/266|[from] item: Leftovers\n|upkeep\n|turn|56\n|\n|t:|1719187744\n|move|p1a: Dialga|Stealth Rock||[still]\n|-fail|p1a: Dialga\n|move|p2a: Toxapex|Haze|p2a: Toxapex\n|-clearallboost\n|\n|-heal|p1a: Dialga|266/266|[from] item: Leftovers\n|upkeep\n|turn|57\n|\n|t:|1719187746\n|move|p1a: Dialga|Stealth Rock||[still]\n|-fail|p1a: Dialga\n|move|p2a: Toxapex|Haze|p2a: Toxapex\n|-clearallboost\n|\n|upkeep\n|turn|58\n|\n|t:|1719187747\n|move|p1a: Dialga|Stealth Rock||[still]\n|-fail|p1a: Dialga\n|move|p2a: Toxapex|Haze|p2a: Toxapex\n|-clearallboost\n|\n|upkeep\n|turn|59\n|c|\u2606Fjdjdjdhddk|You do realize you just have to use sceptile right ?\n|inactive|Fjdjdjdhddk has 120 seconds left.\n|inactive|Fjdjdjdhddk has 90 seconds left.\n|inactive|Fjdjdjdhddk has 60 seconds left.\n|inactive|Fjdjdjdhddk has 30 seconds left.\n|inactive|Fjdjdjdhddk has 20 seconds left.\n|inactive|Fjdjdjdhddk has 15 seconds left.\n|inactive|Fjdjdjdhddk has 10 seconds left.\n|inactive|Fjdjdjdhddk has 5 seconds left.\n|inactiveoff|Battle timer is now OFF.\n|inactive|Battle timer is ON: inactive players will automatically lose when time's up. (requested by Qiuescent)\n|inactive|Fjdjdjdhddk has 10 seconds left this turn.\n|inactive|Fjdjdjdhddk has 5 seconds left.\n|inactiveoff|Battle timer is now OFF.\n|inactive|Battle timer is ON: inactive players will automatically lose when time's up. (requested by Qiuescent)\n|inactive|Fjdjdjdhddk has 15 seconds left this turn.\n|inactive|Fjdjdjdhddk has 10 seconds left.\n|inactiveoff|Battle timer is now OFF.\n|inactive|Battle timer is ON: inactive players will automatically lose when time's up. (requested by Qiuescent)\n|inactive|Fjdjdjdhddk has 15 seconds left this turn.\n|inactive|Fjdjdjdhddk has 10 seconds left.\n|inactive|Fjdjdjdhddk has 5 seconds left.\n|-message|Fjdjdjdhddk lost due to inactivity.\n|\n|win|Qiuescent\n|raw|Fjdjdjdhddk's rating: 2261 &rarr; <strong>2239</strong><br />(-22 for losing)\n|raw|Qiuescent's rating: 2228 &rarr; <strong>2250</strong><br />(+22 for winning)\n", "inputlog": ">version fa2fcbefacd9ec28b920d1fe3a63da14f50ab6c0\n>start {\"formatid\":\"gen9randombattle\",\"seed\":[42756,24783,5364,22871],\"rated\":\"Rated battle\"}\n>player p1 {\"name\":\"Fjdjdjdhddk\",\"avatar\":\"101\",\"rating\":2269,\"seed\":[47669,31654,8724,38934]}\n>player p2 {\"name\":\"Qiuescent\",\"avatar\":\"101\",\"rating\":2228,\"seed\":[9536,57575,52529,31725]}\n>p1 move willowisp\n>p2 move earthquake\n>p1 switch 4\n>p2 move bodyslam\n>p1 move psychicnoise\n>p2 move throatchop\n>p1 move protect\n>p2 move throatchop\n>p1 move psychicnoise\n>p2 move throatchop\n>p2 switch 2\n>p1 move toxic\n>p2 move dracometeor\n>p1 move protect\n>p2 move dracometeor\n>p1 switch 2\n>p2 move dracometeor\n>p1 move ironhead\n>p2 switch 6\n>p1 switch 2\n>p2 move recover\n>p1 move toxic\n>p2 switch 6\n>p1 move protect\n>p2 move dracometeor\n>p1 switch 3\n>p2 move dracometeor\n>p1 switch 6\n>p2 switch 3\n>p1 move taunt\n>p2 move toxicspikes\n>p1 switch 3\n>p2 move liquidation\n>p1 move psychicnoise\n>p2 switch 3\n>p2 switch 4\n>p1 move psychicnoise\n>p2 move gigadrain\n>p1 move protect\n>p2 move substitute\n>p1 move psychicnoise\n>p2 move gigadrain\n>p1 move protect\n>p2 move leechseed\n>p1 move psychicnoise\n>p2 move gigadrain terastallize\n>p1 move psychicnoise\n>p2 move leechseed\n>p1 move psychicnoise\n>p2 move gigadrain\n>p1 switch 3\n>p1 move throatchop\n>p2 move gigadrain\n>p1 move throatchop\n>p2 move gigadrain\n>p1 switch 6\n>p1 move aquajet\n>p2 switch 3\n>p1 switch 4\n>p2 move liquidation\n>p1 switch 2\n>p1 move earthquake\n>p2 switch 6\n>p1 move earthquake\n>p2 move recover\n>p1 move earthquake\n>p2 move psyshock\n>p1 switch 4\n>p1 move playrough\n>p2 move psyshock\n>p2 switch 6\n>p1 move playrough\n>p2 move toxicspikes\n>p1 move playrough\n>p2 move recover\n>p1 move playrough\n>p2 move toxicspikes\n>p1 switch 5\n>p1 move thunderwave\n>p2 move recover\n>p1 move stealthrock\n>p2 move liquidation\n>p1 move dracometeor\n>p2 move liquidation\n>p1 move dracometeor\n>p2 move recover\n>p1 move dracometeor\n>p2 move liquidation\n>p1 move dracometeor\n>p2 switch 5\n>p1 move heavyslam\n>p2 move protect\n>p1 move thunderwave\n>p2 switch 5\n>chat \u2606Fjdjdjdhddk|Lot of free time am I right ?\n>p1 move dracometeor\n>p2 move liquidation\n>p1 move dracometeor\n>p2 move recover\n>p1 move dracometeor\n>p2 move liquidation\n>p1 move dracometeor\n>p2 move liquidation\n>p1 move stealthrock\n>p2 move liquidation\n>p1 move stealthrock\n>p2 move liquidation\n>p1 move stealthrock\n>p2 move toxicspikes\n>p1 move stealthrock\n>p2 move toxicspikes\n>p1 move stealthrock\n>p2 move toxicspikes\n>p1 move stealthrock\n>p2 move haze\n>p1 move stealthrock\n>p2 move haze\n>p1 move stealthrock\n>p2 move haze\n>p1 move stealthrock\n>p2 move haze\n>p1 move stealthrock\n>p2 move haze\n>p1 move stealthrock\n>p2 move haze\n>chat \u2606Fjdjdjdhddk|You do realize you just have to use sceptile right ?\n>forcelose p1", "uploadtime": 1719189770, "views": 175, "formatid": "gen9randombattle", "rating": 2239, "private": 0, "password": null}