{"id": "gen9randombattle-2142791655", "format": "[Gen 9] Random Battle", "players": ["thfighter", "LizarDune"], "log": "|badge|p1|bronze|gen9randombattle|100-1\n|uhtml|medal-msg|<div class=\"broadcast-blue\">Curious what those medals under the avatar are? PS now has Ladder Seasons! For more information, check out the <a href=\"https://www.smogon.com/forums/threads/3740067/\">thread on Smogon.</a></div>\n|badge|p2|bronze|gen9randombattle|100-1\n|uhtml|medal-msg|<div class=\"broadcast-blue\">Curious what those medals under the avatar are? PS now has Ladder Seasons! For more information, check out the <a href=\"https://www.smogon.com/forums/threads/3740067/\">thread on Smogon.</a></div>\n|j|\u2606thfighter\n|j|\u2606LizarDune\n|t:|1718312965\n|gametype|singles\n|player|p1|thfighter|brock|2313\n|player|p2|LizarDune|musician|2347\n|teamsize|p1|6\n|teamsize|p2|6\n|gen|9\n|tier|[Gen 9] Random Battle\n|rated|\n|rule|Species Clause: Limit one of each Pok\u00e9mon\n|rule|HP Percentage Mod: HP is shown in percentages\n|rule|Sleep Clause Mod: Limit one foe put to sleep\n|rule|Illusion Level Mod: Illusion disguises the Pok\u00e9mon's true level\n|\n|t:|1718312965\n|start\n|switch|p1a: Venomoth|Venomoth, L85, M|258/258\n|switch|p2a: Greninja|Greninja, L80, M|246/246\n|turn|1\n|inactive|Battle timer is ON: inactive players will automatically lose when time's up. (requested by LizarDune)\n|j| Daekx\n|inactive|LizarDune has 120 seconds left.\n|inactive|LizarDune has 90 seconds left.\n|\n|t:|1718313032\n|switch|p2a: Rampardos|Rampardos, L90, M|321/321\n|switch|p1a: Eternatus|Eternatus, L69|308/308\n|-ability|p1a: Eternatus|Pressure\n|\n|upkeep\n|turn|2\n|\n|t:|1718313043\n|switch|p1a: Donphan|Donphan, L84, M|288/288\n|move|p2a: Rampardos|Head Smash|p1a: Donphan\n|-resisted|p1a: Donphan\n|-damage|p1a: Donphan|180/288\n|-damage|p2a: Rampardos|267/321|[from] Recoil\n|\n|upkeep\n|turn|3\n|\n|t:|1718313058\n|switch|p2a: Breloom|Breloom, L82, F|233/233\n|move|p1a: Donphan|Knock Off|p2a: Breloom\n|-resisted|p2a: Breloom\n|-damage|p2a: Breloom|192/233\n|-enditem|p2a: Breloom|Life Orb|[from] move: Knock Off|[of] p1a: Donphan\n|\n|upkeep\n|turn|4\n|\n|t:|1718313067\n|move|p1a: Donphan|Ice Shard|p2a: Breloom\n|-supereffective|p2a: Breloom\n|-damage|p2a: Breloom|110/233\n|move|p2a: Breloom|Rock Tomb|p1a: Donphan\n|-resisted|p1a: Donphan\n|-damage|p1a: Donphan|152/288\n|-unboost|p1a: Donphan|spe|1\n|\n|upkeep\n|turn|5\n|\n|t:|1718313078\n|switch|p1a: Eternatus|Eternatus, L69|308/308\n|-ability|p1a: Eternatus|Pressure\n|move|p2a: Breloom|Bullet Seed|p1a: Eternatus\n|-resisted|p1a: Eternatus\n|-damage|p1a: Eternatus|295/308\n|-resisted|p1a: Eternatus\n|-damage|p1a: Eternatus|281/308\n|-hitcount|p1a: Eternatus|2\n|\n|-heal|p1a: Eternatus|300/308|[from] item: Leftovers\n|upkeep\n|turn|6\n|\n|t:|1718313102\n|move|p1a: Eternatus|Dynamax Cannon|p2a: Breloom\n|-damage|p2a: Breloom|0 fnt\n|faint|p2a: Breloom\n|\n|-heal|p1a: Eternatus|308/308|[from] item: Leftovers\n|upkeep\n|inactive|LizarDune has 120 seconds left.\n|\n|t:|1718313144\n|switch|p2a: Rampardos|Rampardos, L90, M|267/321\n|turn|7\n|j| Lafaucheuse28\n|\n|t:|1718313157\n|move|p2a: Rampardos|Head Smash|p1a: Eternatus\n|-damage|p1a: Eternatus|0 fnt\n|faint|p1a: Eternatus\n|-damage|p2a: Rampardos|113/321|[from] Recoil\n|\n|upkeep\n|\n|t:|1718313161\n|switch|p1a: Donphan|Donphan, L84, M|152/288\n|turn|8\n|\n|t:|1718313179\n|move|p2a: Rampardos|Head Smash|p1a: Donphan\n|-resisted|p1a: Donphan\n|-damage|p1a: Donphan|32/288\n|-damage|p2a: Rampardos|53/321|[from] Recoil\n|move|p1a: Donphan|Earthquake|p2a: Rampardos\n|-supereffective|p2a: Rampardos\n|-damage|p2a: Rampardos|0 fnt\n|faint|p2a: Rampardos\n|\n|upkeep\n|inactive|LizarDune has 90 seconds left.\n|\n|t:|1718313222\n|switch|p2a: Greninja|Greninja, L80, M|246/246\n|turn|9\n|\n|t:|1718313231\n|switch|p1a: Morpeko|Morpeko, L88, M|245/245\n|move|p2a: Greninja|Dark Pulse|p1a: Morpeko\n|-resisted|p1a: Morpeko\n|-damage|p1a: Morpeko|181/245\n|-damage|p2a: Greninja|222/246|[from] item: Life Orb\n|\n|-heal|p1a: Morpeko|196/245|[from] item: Leftovers\n|-formechange|p1a: Morpeko|Morpeko-Hangry||[from] ability: Hunger Switch\n|upkeep\n|turn|10\n|\n|t:|1718313237\n|switch|p2a: Hitmontop|Hitmontop, L88, M|231/231\n|move|p1a: Morpeko|Protect||[still]\n|-fail|p1a: Morpeko\n|\n|-heal|p1a: Morpeko|211/245|[from] item: Leftovers\n|-formechange|p1a: Morpeko|Morpeko||[from] ability: Hunger Switch\n|upkeep\n|turn|11\n|\n|t:|1718313247\n|move|p1a: Morpeko|Protect|p1a: Morpeko\n|-singleturn|p1a: Morpeko|Protect\n|move|p2a: Hitmontop|Rapid Spin|p1a: Morpeko\n|-activate|p1a: Morpeko|move: Protect\n|\n|-heal|p1a: Morpeko|226/245|[from] item: Leftovers\n|-formechange|p1a: Morpeko|Morpeko-Hangry||[from] ability: Hunger Switch\n|upkeep\n|turn|12\n|\n|t:|1718313255\n|switch|p1a: Banette|Banette, L93, M|270/270\n|move|p2a: Hitmontop|Rapid Spin|p1a: Banette\n|-immune|p1a: Banette\n|\n|upkeep\n|turn|13\n|\n|t:|1718313274\n|move|p1a: Banette|Poltergeist|p2a: Hitmontop\n|-activate|p2a: Hitmontop|move: Poltergeist|Leftovers\n|-damage|p2a: Hitmontop|36/231\n|-damage|p1a: Banette|243/270|[from] item: Life Orb\n|move|p2a: Hitmontop|Triple Axel|p1a: Banette\n|-damage|p1a: Banette|219/270\n|-start|p2a: Hitmontop|Disable|Triple Axel|[from] ability: Cursed Body|[of] p1a: Banette\n|-damage|p1a: Banette|166/270\n|-damage|p1a: Banette|93/270\n|-hitcount|p1a: Banette|3\n|\n|-heal|p2a: Hitmontop|50/231|[from] item: Leftovers\n|upkeep\n|turn|14\n|\n|t:|1718313289\n|move|p1a: Banette|Shadow Sneak|p2a: Hitmontop\n|-damage|p2a: Hitmontop|0 fnt\n|faint|p2a: Hitmontop\n|-damage|p1a: Banette|66/270|[from] item: Life Orb\n|\n|upkeep\n|inactive|LizarDune has 60 seconds left.\n|\n|t:|1718313312\n|switch|p2a: Greninja|Greninja, L80, M|222/246\n|turn|15\n|inactive|LizarDune has 60 seconds left.\n|\n|t:|1718313319\n|move|p1a: Banette|Shadow Sneak|p2a: Greninja\n|-resisted|p2a: Greninja\n|-damage|p2a: Greninja|171/246\n|-damage|p1a: Banette|39/270|[from] item: Life Orb\n|move|p2a: Greninja|Hydro Pump|p1a: Banette\n|-damage|p1a: Banette|0 fnt\n|faint|p1a: Banette\n|-ability|p2a: Greninja|Battle Bond|boost\n|-boost|p2a: Greninja|atk|1\n|-boost|p2a: Greninja|spa|1\n|-boost|p2a: Greninja|spe|1\n|-activate|p2a: Greninja|ability: Battle Bond\n|-damage|p2a: Greninja|147/246|[from] item: Life Orb\n|\n|upkeep\n|\n|t:|1718313335\n|switch|p1a: Pelipper|Pelipper, L86, M|243/243\n|-weather|RainDance|[from] ability: Drizzle|[of] p1a: Pelipper\n|turn|16\n|inactive|LizarDune has 60 seconds left.\n|\n|t:|1718313351\n|-terastallize|p2a: Greninja|Water\n|move|p2a: Greninja|Hydro Pump|p1a: Pelipper\n|-resisted|p1a: Pelipper\n|-damage|p1a: Pelipper|0 fnt\n|faint|p1a: Pelipper\n|-damage|p2a: Greninja|123/246|[from] item: Life Orb\n|\n|-weather|RainDance|[upkeep]\n|upkeep\n|\n|t:|1718313357\n|switch|p1a: Donphan|Donphan, L84, M|32/288\n|turn|17\n|\n|t:|1718313366\n|move|p1a: Donphan|Ice Shard|p2a: Greninja\n|-resisted|p2a: Greninja\n|-damage|p2a: Greninja|103/246\n|move|p2a: Greninja|Ice Beam|p1a: Donphan\n|-supereffective|p1a: Donphan\n|-damage|p1a: Donphan|0 fnt\n|faint|p1a: Donphan\n|-damage|p2a: Greninja|79/246|[from] item: Life Orb\n|\n|-weather|RainDance|[upkeep]\n|upkeep\n|\n|t:|1718313369\n|switch|p1a: Venomoth|Venomoth, L85, M|258/258\n|turn|18\n|\n|t:|1718313379\n|move|p2a: Greninja|Hydro Pump|p1a: Venomoth\n|-damage|p1a: Venomoth|0 fnt\n|faint|p1a: Venomoth\n|-damage|p2a: Greninja|55/246|[from] item: Life Orb\n|\n|-weather|RainDance|[upkeep]\n|upkeep\n|-message|thfighter forfeited.\n|\n|win|LizarDune\n|raw|thfighter's rating: 2313 &rarr; <strong>2295</strong><br />(-18 for losing)\n|raw|LizarDune's rating: 2347 &rarr; <strong>2365</strong><br />(+18 for winning)\n|l|\u2606thfighter\n|player|p1|\n|l| Lafaucheuse28\n|l|\u2606LizarDune\n|player|p2|\n|j|\u2606LizarDune\n|player|p2|LizarDune|musician|\n", "inputlog": ">version e046c5ea766451ca9500a73fe72ec774e92e6f7e\n>start {\"formatid\":\"gen9randombattle\",\"seed\":[55350,51118,15465,39843],\"rated\":\"Rated battle\"}\n>player p1 {\"name\":\"thfighter\",\"avatar\":\"brock\",\"rating\":2313,\"seed\":[35116,2838,31199,37007]}\n>player p2 {\"name\":\"LizarDune\",\"avatar\":\"musician\",\"rating\":2347,\"seed\":[49083,17787,38936,52188]}\n>p1 switch 4\n>p2 switch 6\n>p1 switch 2\n>p2 move headsmash\n>p1 move knockoff\n>p2 switch 4\n>p1 move iceshard\n>p2 move rocktomb\n>p1 switch 2\n>p2 move bulletseed\n>p1 move dynamaxcannon\n>p2 move rocktomb\n>p2 switch 4\n>p1 move dynamaxcannon\n>p2 move headsmash\n>p1 switch 2\n>p1 move earthquake\n>p2 move headsmash\n>p2 switch 6\n>p1 switch 5\n>p2 move darkpulse\n>p1 move protect\n>p2 switch 2\n>p1 move protect\n>p2 move rapidspin\n>p1 switch 3\n>p2 move rapidspin\n>p1 move poltergeist\n>p2 move tripleaxel\n>p1 move shadowsneak\n>p2 move closecombat\n>p2 switch 2\n>p1 move shadowsneak\n>p2 move hydropump\n>p1 switch 6\n>p1 move hurricane\n>p2 move hydropump terastallize\n>p1 switch 5\n>p1 move iceshard\n>p2 move icebeam\n>p1 switch 4\n>p1 move quiverdance\n>p2 move hydropump\n>forcelose p1", "uploadtime": 1718313466, "views": 190, "formatid": "gen9randombattle", "rating": 2295, "private": 0, "password": null}