{"id": "gen9randombattle-2260299887", "format": "[Gen 9] Random Battle", "players": ["scarletspaceship", "toxtricityindbmaj"], "log": "|j|\u2606scarletspaceship\n|j|\u2606toxtricityindbmaj\n|t:|1733837059\n|gametype|singles\n|player|p1|scarletspaceship|palmer|2100\n|player|p2|toxtricityindbmaj|265|2136\n|teamsize|p1|6\n|teamsize|p2|6\n|gen|9\n|tier|[Gen 9] Random Battle\n|rated|\n|rule|Species Clause: Limit one of each Pok\u00e9mon\n|rule|HP Percentage Mod: HP is shown in percentages\n|rule|Sleep Clause Mod: Limit one foe put to sleep\n|rule|Illusion Level Mod: Illusion disguises the Pok\u00e9mon's true level\n|\n|t:|1733837059\n|start\n|switch|p1a: Toxapex|Toxapex, L82, M|216/216\n|switch|p2a: Dondozo|Dondozo, L78, F|362/362\n|turn|1\n|inactive|Battle timer is ON: inactive players will automatically lose when time's up. (requested by toxtricityindbmaj)\n|\n|t:|1733837073\n|switch|p2a: Goodra|Goodra-Hisui, L82, F|265/265\n|move|p1a: Toxapex|Toxic|p2a: Goodra\n|-immune|p2a: Goodra\n|\n|upkeep\n|turn|2\n|inactive|toxtricityindbmaj has 120 seconds left.\n|\n|t:|1733837113\n|switch|p1a: Torkoal|Torkoal, L88, F|266/266\n|-weather|SunnyDay|[from] ability: Drought|[of] p1a: Torkoal\n|move|p2a: Goodra|Draco Meteor|p1a: Torkoal|[miss]\n|-miss|p2a: Goodra|p1a: Torkoal\n|\n|-weather|SunnyDay|[upkeep]\n|upkeep\n|turn|3\n|inactive|toxtricityindbmaj has 120 seconds left.\n|inactive|toxtricityindbmaj has 90 seconds left.\n|\n|t:|1733837153\n|move|p2a: Goodra|Draco Meteor|p1a: Torkoal\n|-damage|p1a: Torkoal|103/266\n|-unboost|p2a: Goodra|spa|2\n|move|p1a: Torkoal|Earthquake|p2a: Goodra\n|-supereffective|p2a: Goodra\n|-damage|p2a: Goodra|129/265\n|\n|-weather|SunnyDay|[upkeep]\n|upkeep\n|turn|4\n|inactive|toxtricityindbmaj has 90 seconds left.\n|\n|t:|1733837163\n|switch|p2a: Dachsbun|Dachsbun, L92, F|254/254\n|move|p1a: Torkoal|Earthquake|p2a: Dachsbun\n|-damage|p2a: Dachsbun|205/254\n|\n|-weather|SunnyDay|[upkeep]\n|-heal|p2a: Dachsbun|220/254|[from] item: Leftovers\n|upkeep\n|turn|5\n|inactive|scarletspaceship has 120 seconds left.\n|\n|t:|1733837186\n|move|p2a: Dachsbun|Wish|p2a: Dachsbun\n|move|p1a: Torkoal|Solar Beam||[still]\n|-prepare|p1a: Torkoal|Solar Beam\n|-anim|p1a: Torkoal|Solar Beam|p2a: Dachsbun\n|-damage|p2a: Dachsbun|138/254\n|\n|-weather|SunnyDay|[upkeep]\n|-heal|p2a: Dachsbun|153/254|[from] item: Leftovers\n|upkeep\n|turn|6\n|\n|t:|1733837192\n|move|p2a: Dachsbun|Stomping Tantrum|p1a: Torkoal\n|-supereffective|p1a: Torkoal\n|-damage|p1a: Torkoal|27/266\n|move|p1a: Torkoal|Earthquake|p2a: Dachsbun\n|-damage|p2a: Dachsbun|97/254\n|\n|-weather|none\n|-heal|p2a: Dachsbun|224/254|[from] move: Wish|[wisher] Dachsbun\n|-heal|p2a: Dachsbun|239/254|[from] item: Leftovers\n|upkeep\n|turn|7\n|\n|t:|1733837200\n|move|p2a: Dachsbun|Wish|p2a: Dachsbun\n|move|p1a: Torkoal|Yawn|p2a: Dachsbun\n|-start|p2a: Dachsbun|move: Yawn|[of] p1a: Torkoal\n|\n|-heal|p2a: Dachsbun|254/254|[from] item: Leftovers\n|upkeep\n|turn|8\n|\n|t:|1733837205\n|switch|p2a: Mienshao|Mienshao, L83, F|244/244\n|move|p1a: Torkoal|Earthquake|p2a: Mienshao\n|-damage|p2a: Mienshao|146/244\n|\n|-heal|p2a: Mienshao|244/244|[from] move: Wish|[wisher] Dachsbun\n|upkeep\n|turn|9\n|inactive|toxtricityindbmaj has 120 seconds left.\n|\n|t:|1733837213\n|switch|p1a: Hatterene|Hatterene, L85, F|236/236\n|move|p2a: Mienshao|Fake Out|p1a: Hatterene\n|-damage|p1a: Hatterene|204/236\n|\n|-heal|p1a: Hatterene|218/236|[from] item: Leftovers\n|upkeep\n|turn|10\n|\n|t:|1733837220\n|move|p2a: Mienshao|U-turn|p1a: Hatterene\n|-damage|p1a: Hatterene|165/236\n|\n|t:|1733837225\n|switch|p2a: Gastrodon|Gastrodon-East, L86, M|331/331|[from] U-turn\n|move|p1a: Hatterene|Psychic|p2a: Gastrodon\n|-damage|p2a: Gastrodon|196/331\n|\n|-heal|p2a: Gastrodon|216/331|[from] item: Leftovers\n|-heal|p1a: Hatterene|179/236|[from] item: Leftovers\n|upkeep\n|turn|11\n|\n|t:|1733837234\n|move|p2a: Gastrodon|Earthquake|p1a: Hatterene\n|-damage|p1a: Hatterene|91/236\n|move|p1a: Hatterene|Draining Kiss|p2a: Gastrodon\n|-damage|p2a: Gastrodon|134/331\n|-heal|p1a: Hatterene|153/236|[from] drain|[of] p2a: Gastrodon\n|\n|-heal|p2a: Gastrodon|154/331|[from] item: Leftovers\n|-heal|p1a: Hatterene|167/236|[from] item: Leftovers\n|upkeep\n|turn|12\n|\n|t:|1733837247\n|move|p2a: Gastrodon|Ice Beam|p1a: Hatterene\n|-damage|p1a: Hatterene|110/236\n|move|p1a: Hatterene|Draining Kiss|p2a: Gastrodon\n|-damage|p2a: Gastrodon|75/331\n|-heal|p1a: Hatterene|169/236|[from] drain|[of] p2a: Gastrodon\n|\n|-heal|p2a: Gastrodon|95/331|[from] item: Leftovers\n|-heal|p1a: Hatterene|183/236|[from] item: Leftovers\n|upkeep\n|turn|13\n|\n|t:|1733837255\n|move|p2a: Gastrodon|Recover|p2a: Gastrodon\n|-heal|p2a: Gastrodon|261/331\n|move|p1a: Hatterene|Psychic|p2a: Gastrodon\n|-damage|p2a: Gastrodon|123/331\n|\n|-heal|p2a: Gastrodon|143/331|[from] item: Leftovers\n|-heal|p1a: Hatterene|197/236|[from] item: Leftovers\n|upkeep\n|turn|14\n|\n|t:|1733837260\n|move|p2a: Gastrodon|Earthquake|p1a: Hatterene\n|-damage|p1a: Hatterene|109/236\n|move|p1a: Hatterene|Calm Mind|p1a: Hatterene\n|-boost|p1a: Hatterene|spa|1\n|-boost|p1a: Hatterene|spd|1\n|\n|-heal|p2a: Gastrodon|163/331|[from] item: Leftovers\n|-heal|p1a: Hatterene|123/236|[from] item: Leftovers\n|upkeep\n|turn|15\n|\n|t:|1733837272\n|switch|p2a: Goodra|Goodra-Hisui, L82, F|129/265\n|move|p1a: Hatterene|Draining Kiss|p2a: Goodra\n|-damage|p2a: Goodra|83/265\n|-heal|p1a: Hatterene|158/236|[from] drain|[of] p2a: Goodra\n|\n|-heal|p1a: Hatterene|172/236|[from] item: Leftovers\n|upkeep\n|turn|16\n|\n|t:|1733837280\n|switch|p1a: Wugtrio|Wugtrio, L91, F|212/212\n|move|p2a: Goodra|Heavy Slam|p1a: Wugtrio\n|-resisted|p1a: Wugtrio\n|-damage|p1a: Wugtrio|121/212\n|-ability|p1a: Wugtrio|Gooey\n|-unboost|p2a: Goodra|spe|1\n|\n|upkeep\n|turn|17\n|\n|t:|1733837300\n|switch|p1a: Hatterene|Hatterene, L85, F|172/236\n|switch|p2a: Dondozo|Dondozo, L78, F|362/362\n|\n|-heal|p1a: Hatterene|186/236|[from] item: Leftovers\n|upkeep\n|turn|18\n|\n|t:|1733837310\n|move|p2a: Dondozo|Wave Crash|p1a: Hatterene\n|-damage|p1a: Hatterene|78/236\n|-damage|p2a: Dondozo|326/362|[from] Recoil\n|move|p1a: Hatterene|Psychic|p2a: Dondozo\n|-damage|p2a: Dondozo|166/362\n|\n|-heal|p2a: Dondozo|188/362|[from] item: Leftovers\n|-heal|p1a: Hatterene|92/236|[from] item: Leftovers\n|upkeep\n|turn|19\n|\n|t:|1733837319\n|switch|p1a: Toxapex|Toxapex, L82, M|216/216\n|move|p2a: Dondozo|Wave Crash|p1a: Toxapex\n|-resisted|p1a: Toxapex\n|-damage|p1a: Toxapex|177/216\n|-damage|p2a: Dondozo|175/362|[from] Recoil\n|\n|-heal|p1a: Toxapex|190/216|[from] item: Leftovers\n|-heal|p2a: Dondozo|197/362|[from] item: Leftovers\n|upkeep\n|turn|20\n|\n|t:|1733837343\n|move|p1a: Toxapex|Liquidation|p2a: Dondozo\n|-resisted|p2a: Dondozo\n|-damage|p2a: Dondozo|170/362\n|move|p2a: Dondozo|Curse|p2a: Dondozo\n|-unboost|p2a: Dondozo|spe|1\n|-boost|p2a: Dondozo|atk|1\n|-boost|p2a: Dondozo|def|1\n|\n|-heal|p1a: Toxapex|203/216|[from] item: Leftovers\n|-heal|p2a: Dondozo|192/362|[from] item: Leftovers\n|upkeep\n|turn|21\n|\n|t:|1733837351\n|switch|p2a: Goodra|Goodra-Hisui, L82, F|83/265\n|move|p1a: Toxapex|Toxic|p2a: Goodra\n|-immune|p2a: Goodra\n|\n|-heal|p1a: Toxapex|216/216|[from] item: Leftovers\n|upkeep\n|turn|22\n|\n|t:|1733837358\n|move|p2a: Goodra|Draco Meteor|p1a: Toxapex\n|-damage|p1a: Toxapex|111/216\n|-unboost|p2a: Goodra|spa|2\n|move|p1a: Toxapex|Recover|p1a: Toxapex\n|-heal|p1a: Toxapex|216/216\n|\n|upkeep\n|turn|23\n|\n|t:|1733837365\n|move|p2a: Goodra|Earthquake|p1a: Toxapex\n|-supereffective|p1a: Toxapex\n|-damage|p1a: Toxapex|116/216\n|move|p1a: Toxapex|Liquidation|p2a: Goodra\n|-resisted|p2a: Goodra\n|-damage|p2a: Goodra|52/265\n|-unboost|p2a: Goodra|def|1\n|\n|-heal|p1a: Toxapex|129/216|[from] item: Leftovers\n|upkeep\n|turn|24\n|\n|t:|1733837371\n|move|p2a: Goodra|Earthquake|p1a: Toxapex\n|-supereffective|p1a: Toxapex\n|-damage|p1a: Toxapex|37/216\n|move|p1a: Toxapex|Recover|p1a: Toxapex\n|-heal|p1a: Toxapex|145/216\n|\n|-heal|p1a: Toxapex|158/216|[from] item: Leftovers\n|upkeep\n|turn|25\n|\n|t:|1733837376\n|move|p2a: Goodra|Earthquake|p1a: Toxapex\n|-supereffective|p1a: Toxapex\n|-damage|p1a: Toxapex|62/216\n|move|p1a: Toxapex|Liquidation|p2a: Goodra\n|-resisted|p2a: Goodra\n|-damage|p2a: Goodra|6/265\n|\n|-heal|p1a: Toxapex|75/216|[from] item: Leftovers\n|upkeep\n|turn|26\n|\n|t:|1733837387\n|switch|p1a: Torkoal|Torkoal, L88, F|27/266\n|-weather|SunnyDay|[from] ability: Drought|[of] p1a: Torkoal\n|move|p2a: Goodra|Earthquake|p1a: Torkoal\n|-supereffective|p1a: Torkoal\n|-damage|p1a: Torkoal|0 fnt\n|faint|p1a: Torkoal\n|\n|-weather|SunnyDay|[upkeep]\n|upkeep\n|\n|t:|1733837403\n|switch|p1a: Toxapex|Toxapex, L82, M|147/216\n|turn|27\n|\n|t:|1733837409\n|switch|p2a: Dachsbun|Dachsbun, L92, F|254/254\n|move|p1a: Toxapex|Recover|p1a: Toxapex\n|-heal|p1a: Toxapex|216/216\n|\n|-weather|SunnyDay|[upkeep]\n|upkeep\n|turn|28\n|\n|t:|1733837416\n|move|p2a: Dachsbun|Wish|p2a: Dachsbun\n|move|p1a: Toxapex|Toxic|p2a: Dachsbun\n|-status|p2a: Dachsbun|tox\n|\n|-weather|SunnyDay|[upkeep]\n|-damage|p2a: Dachsbun|239/254 tox|[from] psn\n|upkeep\n|turn|29\n|\n|t:|1733837422\n|switch|p2a: Gastrodon|Gastrodon-East, L86, M|163/331\n|move|p1a: Toxapex|Liquidation|p2a: Gastrodon\n|-ability|p2a: Gastrodon|Storm Drain|boost\n|-boost|p2a: Gastrodon|spa|1\n|\n|-weather|SunnyDay|[upkeep]\n|-heal|p2a: Gastrodon|290/331|[from] move: Wish|[wisher] Dachsbun\n|-heal|p2a: Gastrodon|310/331|[from] item: Leftovers\n|upkeep\n|turn|30\n|\n|t:|1733837430\n|switch|p2a: Dondozo|Dondozo, L78, F|192/362\n|move|p1a: Toxapex|Toxic|p2a: Dondozo\n|-status|p2a: Dondozo|tox\n|\n|-weather|none\n|-heal|p2a: Dondozo|214/362 tox|[from] item: Leftovers\n|-damage|p2a: Dondozo|192/362 tox|[from] psn\n|upkeep\n|turn|31\n|\n|t:|1733837436\n|move|p1a: Toxapex|Liquidation|p2a: Dondozo\n|-resisted|p2a: Dondozo\n|-damage|p2a: Dondozo|167/362 tox\n|move|p2a: Dondozo|Curse|p2a: Dondozo\n|-unboost|p2a: Dondozo|spe|1\n|-boost|p2a: Dondozo|atk|1\n|-boost|p2a: Dondozo|def|1\n|\n|-heal|p2a: Dondozo|189/362 tox|[from] item: Leftovers\n|-damage|p2a: Dondozo|145/362 tox|[from] psn\n|upkeep\n|turn|32\n|\n|t:|1733837445\n|switch|p1a: Hatterene|Hatterene, L85, F|92/236\n|move|p2a: Dondozo|Wave Crash|p1a: Hatterene\n|-damage|p1a: Hatterene|0 fnt\n|faint|p1a: Hatterene\n|-damage|p2a: Dondozo|115/362 tox|[from] Recoil\n|\n|-heal|p2a: Dondozo|137/362 tox|[from] item: Leftovers\n|-damage|p2a: Dondozo|71/362 tox|[from] psn\n|upkeep\n|\n|t:|1733837456\n|switch|p1a: Baxcalibur|Baxcalibur, L75, F|295/295\n|turn|33\n|\n|t:|1733837461\n|move|p1a: Baxcalibur|Glaive Rush|p2a: Dondozo\n|-damage|p2a: Dondozo|0 fnt\n|-singlemove|p1a: Baxcalibur|Glaive Rush|[silent]\n|faint|p2a: Dondozo\n|\n|upkeep\n|\n|t:|1733837476\n|switch|p2a: Mienshao|Mienshao, L83, F|244/244\n|turn|34\n|\n|t:|1733837484\n|switch|p1a: Toxapex|Toxapex, L82, M|216/216\n|move|p2a: Mienshao|Close Combat|p1a: Toxapex\n|-resisted|p1a: Toxapex\n|-damage|p1a: Toxapex|164/216\n|-unboost|p2a: Mienshao|def|1\n|-unboost|p2a: Mienshao|spd|1\n|\n|-heal|p1a: Toxapex|177/216|[from] item: Leftovers\n|upkeep\n|turn|35\n|\n|t:|1733837490\n|move|p2a: Mienshao|U-turn|p1a: Toxapex\n|-resisted|p1a: Toxapex\n|-damage|p1a: Toxapex|158/216\n|\n|t:|1733837495\n|switch|p2a: Dachsbun|Dachsbun, L92, F|239/254 tox|[from] U-turn\n|move|p1a: Toxapex|Liquidation|p2a: Dachsbun\n|-damage|p2a: Dachsbun|197/254 tox\n|-unboost|p2a: Dachsbun|def|1\n|\n|-heal|p2a: Dachsbun|212/254 tox|[from] item: Leftovers\n|-heal|p1a: Toxapex|171/216|[from] item: Leftovers\n|-damage|p2a: Dachsbun|197/254 tox|[from] psn\n|upkeep\n|turn|36\n|\n|t:|1733837501\n|move|p2a: Dachsbun|Wish|p2a: Dachsbun\n|move|p1a: Toxapex|Liquidation|p2a: Dachsbun\n|-damage|p2a: Dachsbun|130/254 tox\n|-unboost|p2a: Dachsbun|def|1\n|\n|-heal|p2a: Dachsbun|145/254 tox|[from] item: Leftovers\n|-heal|p1a: Toxapex|184/216|[from] item: Leftovers\n|-damage|p2a: Dachsbun|115/254 tox|[from] psn\n|upkeep\n|turn|37\n|\n|t:|1733837510\n|switch|p2a: Gastrodon|Gastrodon-East, L86, M|310/331\n|move|p1a: Toxapex|Liquidation|p2a: Gastrodon\n|-ability|p2a: Gastrodon|Storm Drain|boost\n|-boost|p2a: Gastrodon|spa|1\n|\n|-heal|p2a: Gastrodon|331/331|[from] move: Wish|[wisher] Dachsbun\n|-heal|p1a: Toxapex|197/216|[from] item: Leftovers\n|upkeep\n|turn|38\n|\n|t:|1733837518\n|-terastallize|p2a: Gastrodon|Poison\n|move|p2a: Gastrodon|Earthquake|p1a: Toxapex\n|-supereffective|p1a: Toxapex\n|-damage|p1a: Toxapex|65/216\n|move|p1a: Toxapex|Toxic|p2a: Gastrodon\n|-immune|p2a: Gastrodon\n|\n|-heal|p1a: Toxapex|78/216|[from] item: Leftovers\n|upkeep\n|turn|39\n|\n|t:|1733837535\n|switch|p1a: Baxcalibur|Baxcalibur, L75, F|295/295\n|move|p2a: Gastrodon|Earthquake|p1a: Baxcalibur\n|-damage|p1a: Baxcalibur|193/295\n|\n|upkeep\n|turn|40\n|\n|t:|1733837564\n|move|p1a: Baxcalibur|Earthquake|p2a: Gastrodon\n|-supereffective|p2a: Gastrodon\n|-damage|p2a: Gastrodon|61/331\n|move|p2a: Gastrodon|Clear Smog|p1a: Baxcalibur\n|-damage|p1a: Baxcalibur|81/295\n|-clearboost|p1a: Baxcalibur\n|\n|-heal|p2a: Gastrodon|81/331|[from] item: Leftovers\n|upkeep\n|turn|41\n|\n|t:|1733837576\n|switch|p2a: Mienshao|Mienshao, L83, F|244/244\n|move|p1a: Baxcalibur|Earthquake|p2a: Mienshao\n|-damage|p2a: Mienshao|83/244\n|\n|upkeep\n|turn|42\n|\n|t:|1733837581\n|switch|p1a: Wugtrio|Wugtrio, L91, F|121/212\n|move|p2a: Mienshao|Knock Off|p1a: Wugtrio\n|-damage|p1a: Wugtrio|6/212\n|-ability|p1a: Wugtrio|Gooey\n|-unboost|p2a: Mienshao|spe|1\n|-enditem|p1a: Wugtrio|Choice Band|[from] move: Knock Off|[of] p2a: Mienshao\n|\n|upkeep\n|turn|43\n|\n|t:|1733837590\n|switch|p2a: Goodra|Goodra-Hisui, L82, F|6/265\n|move|p1a: Wugtrio|Stomping Tantrum|p2a: Goodra\n|-supereffective|p2a: Goodra\n|-damage|p2a: Goodra|0 fnt\n|faint|p2a: Goodra\n|\n|upkeep\n|\n|t:|1733837603\n|switch|p2a: Dachsbun|Dachsbun, L92, F|115/254 tox\n|turn|44\n|\n|t:|1733837607\n|move|p1a: Wugtrio|Liquidation|p2a: Dachsbun\n|-damage|p2a: Dachsbun|39/254 tox\n|move|p2a: Dachsbun|Wish|p2a: Dachsbun\n|\n|-heal|p2a: Dachsbun|54/254 tox|[from] item: Leftovers\n|-damage|p2a: Dachsbun|39/254 tox|[from] psn\n|upkeep\n|turn|45\n|\n|t:|1733837616\n|move|p2a: Dachsbun|Protect|p2a: Dachsbun\n|-singleturn|p2a: Dachsbun|Protect\n|move|p1a: Wugtrio|Stomping Tantrum|p2a: Dachsbun\n|-activate|p2a: Dachsbun|move: Protect\n|\n|-heal|p2a: Dachsbun|166/254 tox|[from] move: Wish|[wisher] Dachsbun\n|-heal|p2a: Dachsbun|181/254 tox|[from] item: Leftovers\n|-damage|p2a: Dachsbun|151/254 tox|[from] psn\n|upkeep\n|turn|46\n|\n|t:|1733837642\n|switch|p1a: Toxapex|Toxapex, L82, M|150/216\n|switch|p2a: Mienshao|Mienshao, L83, F|164/244\n|\n|-heal|p1a: Toxapex|163/216|[from] item: Leftovers\n|upkeep\n|turn|47\n|\n|t:|1733837655\n|move|p2a: Mienshao|Fake Out|p1a: Toxapex\n|-damage|p1a: Toxapex|140/216\n|cant|p1a: Toxapex|flinch\n|\n|-heal|p1a: Toxapex|153/216|[from] item: Leftovers\n|upkeep\n|turn|48\n|\n|t:|1733837671\n|switch|p1a: Baxcalibur|Baxcalibur, L75, F|81/295\n|move|p2a: Mienshao|U-turn|p1a: Baxcalibur\n|-crit|p1a: Baxcalibur\n|-damage|p1a: Baxcalibur|0 fnt\n|faint|p1a: Baxcalibur\n|\n|t:|1733837679\n|switch|p2a: Dachsbun|Dachsbun, L92, F|151/254 tox|[from] U-turn\n|\n|-heal|p2a: Dachsbun|166/254 tox|[from] item: Leftovers\n|-damage|p2a: Dachsbun|151/254 tox|[from] psn\n|upkeep\n|\n|t:|1733837691\n|switch|p1a: Toxapex|Toxapex, L82, M|216/216\n|turn|49\n|\n|t:|1733837700\n|switch|p2a: Gastrodon|Gastrodon-East, L86, M, tera:Poison|81/331\n|move|p1a: Toxapex|Liquidation|p2a: Gastrodon\n|-ability|p2a: Gastrodon|Storm Drain|boost\n|-boost|p2a: Gastrodon|spa|1\n|\n|-heal|p2a: Gastrodon|101/331|[from] item: Leftovers\n|upkeep\n|turn|50\n|\n|t:|1733837715\n|move|p2a: Gastrodon|Recover|p2a: Gastrodon\n|-heal|p2a: Gastrodon|267/331\n|move|p1a: Toxapex|Recover||[still]\n|-fail|p1a: Toxapex|heal\n|\n|-heal|p2a: Gastrodon|287/331|[from] item: Leftovers\n|upkeep\n|turn|51\n|c|\u2606toxtricityindbmaj|goated gastro\n|c|\u2606toxtricityindbmaj|walls your pex\n|\n|t:|1733837732\n|move|p2a: Gastrodon|Ice Beam|p1a: Toxapex\n|-resisted|p1a: Toxapex\n|-damage|p1a: Toxapex|184/216\n|move|p1a: Toxapex|Recover|p1a: Toxapex\n|-heal|p1a: Toxapex|216/216\n|\n|-heal|p2a: Gastrodon|307/331|[from] item: Leftovers\n|upkeep\n|turn|52\n|\n|t:|1733837751\n|move|p2a: Gastrodon|Ice Beam|p1a: Toxapex\n|-resisted|p1a: Toxapex\n|-damage|p1a: Toxapex|181/216\n|move|p1a: Toxapex|Haze|p1a: Toxapex\n|-clearallboost\n|\n|-heal|p2a: Gastrodon|327/331|[from] item: Leftovers\n|-heal|p1a: Toxapex|194/216|[from] item: Leftovers\n|upkeep\n|turn|53\n|\n|t:|1733837768\n|move|p2a: Gastrodon|Ice Beam|p1a: Toxapex\n|-resisted|p1a: Toxapex\n|-damage|p1a: Toxapex|171/216\n|move|p1a: Toxapex|Recover|p1a: Toxapex\n|-heal|p1a: Toxapex|216/216\n|\n|-heal|p2a: Gastrodon|331/331|[from] item: Leftovers\n|upkeep\n|turn|54\n|\n|t:|1733837778\n|switch|p1a: Typhlosion|Typhlosion, L84, F|267/267\n|move|p2a: Gastrodon|Ice Beam|p1a: Typhlosion\n|-resisted|p1a: Typhlosion\n|-damage|p1a: Typhlosion|235/267\n|\n|upkeep\n|turn|55\n|\n|t:|1733837792\n|move|p1a: Typhlosion|Scorching Sands|p2a: Gastrodon\n|-supereffective|p2a: Gastrodon\n|-damage|p2a: Gastrodon|159/331\n|-status|p2a: Gastrodon|brn\n|move|p2a: Gastrodon|Earthquake|p1a: Typhlosion\n|-supereffective|p1a: Typhlosion\n|-damage|p1a: Typhlosion|120/267\n|\n|-heal|p2a: Gastrodon|179/331 brn|[from] item: Leftovers\n|-damage|p2a: Gastrodon|159/331 brn|[from] brn\n|upkeep\n|turn|56\n|c|\u2606toxtricityindbmaj|:(\n|c|\u2606toxtricityindbmaj|what are the chances man\n|c|\u2606scarletspaceship|30% exactly\n|\n|t:|1733837814\n|switch|p2a: Mienshao|Mienshao, L83, F|244/244\n|move|p1a: Typhlosion|Scorching Sands|p2a: Mienshao\n|-damage|p2a: Mienshao|173/244\n|\n|upkeep\n|turn|57\n|c|\u2606toxtricityindbmaj|ik that\n|c|\u2606toxtricityindbmaj|it was an\n|c|\u2606toxtricityindbmaj|expresesion of\n|c|\u2606toxtricityindbmaj|emotion\n|\n|t:|1733837835\n|switch|p1a: Wugtrio|Wugtrio, L91, F|6/212\n|move|p2a: Mienshao|Knock Off|p1a: Wugtrio\n|-damage|p1a: Wugtrio|0 fnt\n|-ability|p1a: Wugtrio|Gooey\n|-unboost|p2a: Mienshao|spe|1\n|faint|p1a: Wugtrio\n|\n|upkeep\n|\n|t:|1733837842\n|switch|p1a: Typhlosion|Typhlosion, L84, F|120/267\n|turn|58\n|\n|t:|1733837848\n|move|p1a: Typhlosion|Scorching Sands|p2a: Mienshao\n|-damage|p2a: Mienshao|97/244\n|move|p2a: Mienshao|Close Combat|p1a: Typhlosion\n|-damage|p1a: Typhlosion|0 fnt\n|-unboost|p2a: Mienshao|def|1\n|-unboost|p2a: Mienshao|spd|1\n|faint|p1a: Typhlosion\n|\n|upkeep\n|\n|t:|1733837853\n|switch|p1a: Toxapex|Toxapex, L82, M|216/216\n|turn|59\n|\n|t:|1733837858\n|move|p2a: Mienshao|U-turn|p1a: Toxapex\n|-resisted|p1a: Toxapex\n|-crit|p1a: Toxapex\n|-damage|p1a: Toxapex|185/216\n|\n|t:|1733837865\n|switch|p2a: Gastrodon|Gastrodon-East, L86, M, tera:Poison|159/331 brn|[from] U-turn\n|move|p1a: Toxapex|Liquidation|p2a: Gastrodon\n|-ability|p2a: Gastrodon|Storm Drain|boost\n|-boost|p2a: Gastrodon|spa|1\n|\n|-heal|p2a: Gastrodon|179/331 brn|[from] item: Leftovers\n|-heal|p1a: Toxapex|198/216|[from] item: Leftovers\n|-damage|p2a: Gastrodon|159/331 brn|[from] brn\n|upkeep\n|turn|60\n|\n|t:|1733837872\n|-terastallize|p1a: Toxapex|Flying\n|move|p2a: Gastrodon|Earthquake|p1a: Toxapex\n|-immune|p1a: Toxapex\n|move|p1a: Toxapex|Haze|p1a: Toxapex\n|-clearallboost\n|\n|-heal|p2a: Gastrodon|179/331 brn|[from] item: Leftovers\n|-heal|p1a: Toxapex|211/216|[from] item: Leftovers\n|-damage|p2a: Gastrodon|159/331 brn|[from] brn\n|upkeep\n|turn|61\n|\n|t:|1733837883\n|move|p2a: Gastrodon|Ice Beam|p1a: Toxapex\n|-supereffective|p1a: Toxapex\n|-damage|p1a: Toxapex|115/216\n|move|p1a: Toxapex|Haze|p1a: Toxapex\n|-clearallboost\n|\n|-heal|p2a: Gastrodon|179/331 brn|[from] item: Leftovers\n|-heal|p1a: Toxapex|128/216|[from] item: Leftovers\n|-damage|p2a: Gastrodon|159/331 brn|[from] brn\n|upkeep\n|turn|62\n|\n|t:|1733837888\n|move|p2a: Gastrodon|Ice Beam|p1a: Toxapex\n|-supereffective|p1a: Toxapex\n|-damage|p1a: Toxapex|34/216\n|move|p1a: Toxapex|Recover|p1a: Toxapex\n|-heal|p1a: Toxapex|142/216\n|\n|-heal|p2a: Gastrodon|179/331 brn|[from] item: Leftovers\n|-heal|p1a: Toxapex|155/216|[from] item: Leftovers\n|-damage|p2a: Gastrodon|159/331 brn|[from] brn\n|upkeep\n|turn|63\n|c|\u2606toxtricityindbmaj|i guess thanks for the tera??\n|\n|t:|1733837895\n|move|p2a: Gastrodon|Ice Beam|p1a: Toxapex\n|-supereffective|p1a: Toxapex\n|-damage|p1a: Toxapex|67/216\n|move|p1a: Toxapex|Recover|p1a: Toxapex\n|-heal|p1a: Toxapex|175/216\n|\n|-heal|p2a: Gastrodon|179/331 brn|[from] item: Leftovers\n|-heal|p1a: Toxapex|188/216|[from] item: Leftovers\n|-damage|p2a: Gastrodon|159/331 brn|[from] brn\n|upkeep\n|turn|64\n|\n|t:|1733837900\n|move|p2a: Gastrodon|Ice Beam|p1a: Toxapex\n|-supereffective|p1a: Toxapex\n|-damage|p1a: Toxapex|98/216\n|move|p1a: Toxapex|Toxic||[still]\n|-fail|p1a: Toxapex\n|\n|-heal|p2a: Gastrodon|179/331 brn|[from] item: Leftovers\n|-heal|p1a: Toxapex|111/216|[from] item: Leftovers\n|-damage|p2a: Gastrodon|159/331 brn|[from] brn\n|upkeep\n|turn|65\n|\n|t:|1733837903\n|move|p2a: Gastrodon|Ice Beam|p1a: Toxapex\n|-supereffective|p1a: Toxapex\n|-damage|p1a: Toxapex|23/216\n|move|p1a: Toxapex|Toxic||[still]\n|-fail|p1a: Toxapex\n|\n|-heal|p2a: Gastrodon|179/331 brn|[from] item: Leftovers\n|-heal|p1a: Toxapex|36/216|[from] item: Leftovers\n|-damage|p2a: Gastrodon|159/331 brn|[from] brn\n|upkeep\n|turn|66\n|\n|t:|1733837905\n|move|p2a: Gastrodon|Ice Beam|p1a: Toxapex\n|-supereffective|p1a: Toxapex\n|-damage|p1a: Toxapex|0 fnt\n|faint|p1a: Toxapex\n|\n|win|toxtricityindbmaj\n|raw|scarletspaceship's rating: 2100 &rarr; <strong>2082</strong><br />(-18 for losing)\n|raw|toxtricityindbmaj's rating: 2136 &rarr; <strong>2154</strong><br />(+18 for winning)\n|c|\u2606scarletspaceship|gg\n|c|\u2606toxtricityindbmaj|gg\n|l|\u2606scarletspaceship\n|player|p1|\n", "inputlog": ">version bfd83cad13791eb5a5a409923076391caf6fb4d4\n>start {\"formatid\":\"gen9randombattle\",\"seed\":[58857,58055,39280,32862],\"rated\":\"Rated battle\"}\n>player p1 {\"name\":\"scarletspaceship\",\"avatar\":\"palmer\",\"rating\":2100,\"seed\":[64538,26506,65309,38341]}\n>player p2 {\"name\":\"toxtricityindbmaj\",\"avatar\":\"265\",\"rating\":2136,\"seed\":[49272,56339,34425,27045]}\n>p1 move toxic\n>p2 switch 4\n>p1 switch 3\n>p2 move dracometeor\n>p1 move earthquake\n>p2 move dracometeor\n>p1 move earthquake\n>p2 switch 3\n>p1 move solarbeam\n>p2 move wish\n>p1 move earthquake\n>p2 move stompingtantrum\n>p1 move yawn\n>p2 move wish\n>p1 move earthquake\n>p2 switch 6\n>p1 switch 2\n>p2 move fakeout\n>p1 move psychic\n>p2 move uturn\n>p2 switch 5\n>p1 move drainingkiss\n>p2 move earthquake\n>p1 move drainingkiss\n>p2 move icebeam\n>p1 move psychic\n>p2 move recover\n>p1 move calmmind\n>p2 move earthquake\n>p1 move drainingkiss\n>p2 switch 3\n>p1 switch 4\n>p2 move heavyslam\n>p1 switch 4\n>p2 switch 4\n>p1 move psychic\n>p2 move wavecrash\n>p1 switch 3\n>p2 move wavecrash\n>p1 move liquidation\n>p2 move curse\n>p1 move toxic\n>p2 switch 4\n>p1 move recover\n>p2 move dracometeor\n>p1 move liquidation\n>p2 move earthquake\n>p1 move recover\n>p2 move earthquake\n>p1 move liquidation\n>p2 move earthquake\n>p1 switch 2\n>p2 move earthquake\n>p1 switch 2\n>p1 move recover\n>p2 switch 6\n>p1 move toxic\n>p2 move wish\n>p1 move liquidation\n>p2 switch 3\n>p1 move toxic\n>p2 switch 4\n>p1 move liquidation\n>p2 move curse\n>p1 switch 3\n>p2 move wavecrash\n>p1 switch 6\n>p1 move glaiverush\n>p2 move rest\n>p2 switch 5\n>p1 switch 3\n>p2 move closecombat\n>p1 move liquidation\n>p2 move uturn\n>p2 switch 3\n>p1 move liquidation\n>p2 move wish\n>p1 move liquidation\n>p2 switch 4\n>p1 move toxic\n>p2 move earthquake terastallize\n>p1 switch 3\n>p2 move earthquake\n>p1 move earthquake\n>p2 move clearsmog\n>p1 move earthquake\n>p2 switch 3\n>p1 switch 4\n>p2 move knockoff\n>p1 move stompingtantrum\n>p2 switch 6\n>p2 switch 4\n>p1 move liquidation\n>p2 move wish\n>p1 move stompingtantrum\n>p2 move protect\n>p1 switch 3\n>p2 switch 6\n>p1 move recover\n>p2 move fakeout\n>p1 switch 4\n>p2 move uturn\n>p2 switch 6\n>p1 switch 4\n>p1 move liquidation\n>p2 switch 3\n>p1 move recover\n>p2 move recover\n>chat \u2606toxtricityindbmaj|goated gastro\n>chat \u2606toxtricityindbmaj|walls your pex\n>p1 move recover\n>p2 move icebeam\n>p1 move haze\n>p2 move icebeam\n>p1 move recover\n>p2 move icebeam\n>p1 switch 5\n>p2 move icebeam\n>p1 move scorchingsands\n>p2 move earthquake\n>chat \u2606toxtricityindbmaj|:(\n>chat \u2606toxtricityindbmaj|what are the chances man\n>chat \u2606scarletspaceship|30% exactly\n>p1 move scorchingsands\n>p2 switch 6\n>chat \u2606toxtricityindbmaj|ik that\n>chat \u2606toxtricityindbmaj|it was an\n>chat \u2606toxtricityindbmaj|expresesion of \n>chat \u2606toxtricityindbmaj|emotion\n>p1 switch 3\n>p2 move knockoff\n>p1 switch 3\n>p1 move scorchingsands\n>p2 move closecombat\n>p1 switch 5\n>p1 move liquidation\n>p2 move uturn\n>p2 switch 6\n>p1 move haze terastallize\n>p2 move earthquake\n>p1 move haze\n>p2 move icebeam\n>p1 move recover\n>p2 move icebeam\n>chat \u2606toxtricityindbmaj|i guess thanks for the tera??\n>p1 move recover\n>p2 move icebeam\n>p1 move toxic\n>p2 move icebeam\n>p1 move toxic\n>p2 move icebeam\n>p1 move toxic\n>p2 move icebeam", "uploadtime": 1733837914, "views": 1, "formatid": "gen9randombattle", "rating": 2082, "private": 0, "password": null}