{"id": "gen9randombattle-2260798119", "format": "[Gen 9] Random Battle", "players": ["Nfjfgghm", "ufigwfhiwfbwo"], "log": "|j|\u2606Nfjfgghm\n|j|\u2606ufigwfhiwfbwo\n|t:|1733893863\n|gametype|singles\n|player|p1|Nfjfgghm|265|1060\n|player|p2|ufigwfhiwfbwo|1|1073\n|teamsize|p1|6\n|teamsize|p2|6\n|gen|9\n|tier|[Gen 9] Random Battle\n|rated|\n|rule|Species Clause: Limit one of each Pok\u00e9mon\n|rule|HP Percentage Mod: HP is shown in percentages\n|rule|Sleep Clause Mod: Limit one foe put to sleep\n|rule|Illusion Level Mod: Illusion disguises the Pok\u00e9mon's true level\n|\n|t:|1733893863\n|start\n|switch|p1a: Whiscash|Whiscash, L88, M|337/337\n|switch|p2a: Lanturn|Lanturn, L89, M|367/367\n|turn|1\n|inactive|Battle timer is ON: inactive players will automatically lose when time's up. (requested by Nfjfgghm)\n|\n|t:|1733893870\n|switch|p2a: Cacturne|Cacturne, L92, M|278/278\n|move|p1a: Whiscash|Dragon Dance|p1a: Whiscash\n|-boost|p1a: Whiscash|atk|1\n|-boost|p1a: Whiscash|spe|1\n|\n|upkeep\n|turn|2\n|\n|t:|1733893887\n|switch|p1a: Rayquaza|Rayquaza, L72|270/270\n|-ability|p1a: Rayquaza|Air Lock\n|move|p2a: Cacturne|Leaf Storm|p1a: Rayquaza\n|-resisted|p1a: Rayquaza\n|-damage|p1a: Rayquaza|206/270\n|-unboost|p2a: Cacturne|spa|2\n|-damage|p2a: Cacturne|251/278|[from] item: Life Orb\n|\n|upkeep\n|turn|3\n|\n|t:|1733893899\n|switch|p2a: Lanturn|Lanturn, L89, M|367/367\n|move|p1a: Rayquaza|Dragon Ascent|p2a: Lanturn\n|-resisted|p2a: Lanturn\n|-damage|p2a: Lanturn|232/367\n|-unboost|p1a: Rayquaza|def|1\n|-unboost|p1a: Rayquaza|spd|1\n|\n|upkeep\n|turn|4\n|\n|t:|1733893909\n|switch|p1a: Whiscash|Whiscash, L88, M|337/337\n|move|p2a: Lanturn|Ice Beam|p1a: Whiscash\n|-damage|p1a: Whiscash|240/337\n|\n|upkeep\n|turn|5\n|\n|t:|1733893917\n|switch|p2a: Cacturne|Cacturne, L92, M|251/278\n|switch|p1a: Rayquaza|Rayquaza, L72|206/270\n|-ability|p1a: Rayquaza|Air Lock\n|\n|upkeep\n|turn|6\n|\n|t:|1733893925\n|switch|p2a: Lanturn|Lanturn, L89, M|232/367\n|move|p1a: Rayquaza|U-turn|p2a: Lanturn\n|-damage|p2a: Lanturn|138/367\n|\n|t:|1733893932\n|switch|p1a: Whiscash|Whiscash, L88, M|240/337|[from] U-turn\n|\n|upkeep\n|turn|7\n|\n|t:|1733893939\n|switch|p2a: Cacturne|Cacturne, L92, M|251/278\n|move|p1a: Whiscash|Dragon Dance|p1a: Whiscash\n|-boost|p1a: Whiscash|atk|1\n|-boost|p1a: Whiscash|spe|1\n|\n|upkeep\n|turn|8\n|\n|t:|1733893946\n|switch|p1a: Rayquaza|Rayquaza, L72|206/270\n|-ability|p1a: Rayquaza|Air Lock\n|move|p2a: Cacturne|Knock Off|p1a: Rayquaza\n|-damage|p1a: Rayquaza|0 fnt\n|-enditem|p1a: Rayquaza|Choice Band|[from] move: Knock Off|[of] p2a: Cacturne\n|faint|p1a: Rayquaza\n|-damage|p2a: Cacturne|224/278|[from] item: Life Orb\n|\n|upkeep\n|c|\u2606ufigwfhiwfbwo|lame\n|\n|t:|1733893958\n|switch|p1a: Okidogi|Okidogi, L77, M|262/262\n|turn|9\n|\n|t:|1733893971\n|switch|p2a: Lanturn|Lanturn, L89, M|138/367\n|move|p1a: Okidogi|Drain Punch|p2a: Lanturn\n|-crit|p2a: Lanturn\n|-damage|p2a: Lanturn|0 fnt\n|faint|p2a: Lanturn\n|\n|upkeep\n|\n|t:|1733893973\n|switch|p2a: Oricorio|Oricorio-Pa'u, L87, M|272/272\n|turn|10\n|\n|t:|1733893988\n|-terastallize|p1a: Okidogi|Dark\n|move|p2a: Oricorio|Revelation Dance|p1a: Okidogi\n|-immune|p1a: Okidogi\n|move|p1a: Okidogi|Knock Off|p2a: Oricorio\n|-supereffective|p2a: Oricorio\n|-damage|p2a: Oricorio|12/272\n|-enditem|p2a: Oricorio|Heavy-Duty Boots|[from] move: Knock Off|[of] p1a: Okidogi\n|\n|upkeep\n|turn|11\n|\n|t:|1733894000\n|move|p2a: Oricorio|Hurricane|p1a: Okidogi\n|-damage|p1a: Okidogi|169/262\n|move|p1a: Okidogi|Knock Off|p2a: Oricorio\n|-supereffective|p2a: Oricorio\n|-damage|p2a: Oricorio|0 fnt\n|faint|p2a: Oricorio\n|\n|upkeep\n|\n|t:|1733894002\n|switch|p2a: Orthworm|Orthworm, L88, F|266/266\n|turn|12\n|\n|t:|1733894010\n|-terastallize|p2a: Orthworm|Electric\n|move|p1a: Okidogi|Drain Punch|p2a: Orthworm\n|-crit|p2a: Orthworm\n|-damage|p2a: Orthworm|184/266\n|-heal|p1a: Okidogi|210/262|[from] drain|[of] p2a: Orthworm\n|move|p2a: Orthworm|Coil|p2a: Orthworm\n|-boost|p2a: Orthworm|atk|1\n|-boost|p2a: Orthworm|def|1\n|-boost|p2a: Orthworm|accuracy|1\n|\n|upkeep\n|turn|13\n|\n|t:|1733894032\n|move|p1a: Okidogi|Knock Off|p2a: Orthworm\n|-damage|p2a: Orthworm|139/266\n|-enditem|p2a: Orthworm|Chesto Berry|[from] move: Knock Off|[of] p1a: Okidogi\n|move|p2a: Orthworm|Coil|p2a: Orthworm\n|-boost|p2a: Orthworm|atk|1\n|-boost|p2a: Orthworm|def|1\n|-boost|p2a: Orthworm|accuracy|1\n|\n|upkeep\n|turn|14\n|\n|t:|1733894043\n|move|p1a: Okidogi|Gunk Shot|p2a: Orthworm\n|-damage|p2a: Orthworm|94/266\n|move|p2a: Orthworm|Body Press|p1a: Okidogi\n|-supereffective|p1a: Okidogi\n|-damage|p1a: Okidogi|0 fnt\n|faint|p1a: Okidogi\n|\n|upkeep\n|\n|t:|1733894054\n|switch|p1a: Alcremie|Alcremie-Caramel-Swirl, L90, F|263/263\n|turn|15\n|\n|t:|1733894061\n|move|p1a: Alcremie|Psychic|p2a: Orthworm\n|-crit|p2a: Orthworm\n|-damage|p2a: Orthworm|0 fnt\n|faint|p2a: Orthworm\n|\n|upkeep\n|\n|t:|1733894065\n|switch|p2a: Incineroar|Incineroar, L82, M|290/290\n|-ability|p2a: Incineroar|Intimidate|boost\n|-unboost|p1a: Alcremie|atk|1\n|turn|16\n|\n|t:|1733894079\n|move|p2a: Incineroar|Fake Out|p1a: Alcremie\n|-damage|p1a: Alcremie|231/263\n|cant|p1a: Alcremie|flinch\n|\n|-heal|p1a: Alcremie|247/263|[from] item: Leftovers\n|upkeep\n|turn|17\n|\n|t:|1733894086\n|move|p1a: Alcremie|Alluring Voice|p2a: Incineroar\n|-damage|p2a: Incineroar|221/290\n|move|p2a: Incineroar|Knock Off|p1a: Alcremie\n|-resisted|p1a: Alcremie\n|-damage|p1a: Alcremie|192/263\n|-enditem|p1a: Alcremie|Leftovers|[from] move: Knock Off|[of] p2a: Incineroar\n|\n|upkeep\n|turn|18\n|\n|t:|1733894094\n|move|p1a: Alcremie|Calm Mind|p1a: Alcremie\n|-boost|p1a: Alcremie|spa|1\n|-boost|p1a: Alcremie|spd|1\n|move|p2a: Incineroar|U-turn|p1a: Alcremie\n|-resisted|p1a: Alcremie\n|-damage|p1a: Alcremie|163/263\n|\n|t:|1733894096\n|switch|p2a: Dondozo|Dondozo, L78, M|362/362|[from] U-turn\n|\n|upkeep\n|turn|19\n|\n|t:|1733894105\n|move|p1a: Alcremie|Psychic|p2a: Dondozo\n|-damage|p2a: Dondozo|249/362\n|move|p2a: Dondozo|Curse|p2a: Dondozo\n|-unboost|p2a: Dondozo|spe|1\n|-boost|p2a: Dondozo|atk|1\n|-boost|p2a: Dondozo|def|1\n|\n|-heal|p2a: Dondozo|271/362|[from] item: Leftovers\n|upkeep\n|turn|20\n|\n|t:|1733894114\n|move|p1a: Alcremie|Alluring Voice|p2a: Dondozo\n|-damage|p2a: Dondozo|121/362\n|move|p2a: Dondozo|Wave Crash|p1a: Alcremie\n|-damage|p1a: Alcremie|0 fnt\n|faint|p1a: Alcremie\n|-damage|p2a: Dondozo|67/362|[from] Recoil\n|\n|-heal|p2a: Dondozo|89/362|[from] item: Leftovers\n|upkeep\n|\n|t:|1733894125\n|switch|p1a: Tauros|Tauros, L82, M|257/257\n|turn|21\n|\n|t:|1733894130\n|move|p1a: Tauros|Body Slam|p2a: Dondozo\n|-damage|p2a: Dondozo|6/362\n|move|p2a: Dondozo|Rest|p2a: Dondozo\n|-status|p2a: Dondozo|slp|[from] move: Rest\n|-heal|p2a: Dondozo|362/362 slp|[silent]\n|\n|upkeep\n|turn|22\n|\n|t:|1733894140\n|move|p1a: Tauros|Body Slam|p2a: Dondozo\n|-damage|p2a: Dondozo|272/362 slp\n|cant|p2a: Dondozo|slp\n|move|p2a: Dondozo|Sleep Talk|p2a: Dondozo\n|move|p2a: Dondozo|Wave Crash|p1a: Tauros|[from]move: Sleep Talk\n|-damage|p1a: Tauros|85/257\n|-damage|p2a: Dondozo|215/362 slp|[from] Recoil\n|\n|-heal|p2a: Dondozo|237/362 slp|[from] item: Leftovers\n|upkeep\n|turn|23\n|\n|t:|1733894152\n|move|p1a: Tauros|Body Slam|p2a: Dondozo\n|-damage|p2a: Dondozo|147/362 slp\n|cant|p2a: Dondozo|slp\n|move|p2a: Dondozo|Sleep Talk|p2a: Dondozo\n|move|p2a: Dondozo|Curse|p2a: Dondozo|[from]move: Sleep Talk\n|-unboost|p2a: Dondozo|spe|1\n|-boost|p2a: Dondozo|atk|1\n|-boost|p2a: Dondozo|def|1\n|\n|-heal|p2a: Dondozo|169/362 slp|[from] item: Leftovers\n|upkeep\n|turn|24\n|\n|t:|1733894165\n|move|p1a: Tauros|Body Slam|p2a: Dondozo\n|-damage|p2a: Dondozo|105/362 slp\n|-curestatus|p2a: Dondozo|slp|[msg]\n|move|p2a: Dondozo|Rest|p2a: Dondozo\n|-status|p2a: Dondozo|slp|[from] move: Rest\n|-heal|p2a: Dondozo|362/362 slp|[silent]\n|\n|upkeep\n|turn|25\n|\n|t:|1733894174\n|move|p1a: Tauros|Body Slam|p2a: Dondozo\n|-damage|p2a: Dondozo|296/362 slp\n|cant|p2a: Dondozo|slp\n|move|p2a: Dondozo|Sleep Talk|p2a: Dondozo\n|move|p2a: Dondozo|Curse|p2a: Dondozo|[from]move: Sleep Talk\n|-unboost|p2a: Dondozo|spe|1\n|-boost|p2a: Dondozo|atk|1\n|-boost|p2a: Dondozo|def|1\n|\n|-heal|p2a: Dondozo|318/362 slp|[from] item: Leftovers\n|upkeep\n|turn|26\n|inactive|Nfjfgghm has 120 seconds left.\n|inactive|Nfjfgghm has 90 seconds left.\n|inactive|Nfjfgghm has 60 seconds left.\n|c|\u2606ufigwfhiwfbwo|gg ez\n|inactive|Nfjfgghm has 30 seconds left.\n|inactive|Nfjfgghm has 20 seconds left.\n|inactive|Nfjfgghm has 15 seconds left.\n|inactive|Nfjfgghm has 10 seconds left.\n|inactive|Nfjfgghm has 5 seconds left.\n|-message|Nfjfgghm lost due to inactivity.\n|\n|win|ufigwfhiwfbwo\n|raw|Nfjfgghm's rating: 1060 &rarr; <strong>1045</strong><br />(-15 for losing)\n|raw|ufigwfhiwfbwo's rating: 1127 &rarr; <strong>1147</strong><br />(+20 for winning)\n|c|\u2606ufigwfhiwfbwo|ezzzzzz\n", "inputlog": ">version bfd83cad13791eb5a5a409923076391caf6fb4d4\n>start {\"formatid\":\"gen9randombattle\",\"seed\":[37526,34230,15241,29965],\"rated\":\"Rated battle\"}\n>player p1 {\"name\":\"Nfjfgghm\",\"avatar\":\"265\",\"rating\":1060,\"seed\":[62041,52165,55830,40798]}\n>player p2 {\"name\":\"ufigwfhiwfbwo\",\"avatar\":\"1\",\"rating\":1073,\"seed\":[36289,42512,28324,50583]}\n>p1 move dragondance\n>p2 switch 3\n>p1 switch 6\n>p2 move leafstorm\n>p1 move dragonascent\n>p2 switch 3\n>p1 switch 6\n>p2 move icebeam\n>p1 switch 6\n>p2 switch 3\n>p1 move uturn\n>p2 switch 3\n>p1 switch 6\n>p1 move dragondance\n>p2 switch 3\n>p1 switch 6\n>p2 move knockoff\n>chat \u2606ufigwfhiwfbwo|lame\n>p1 switch 2\n>p1 move drainpunch\n>p2 switch 3\n>p2 switch 5\n>p1 move knockoff terastallize\n>p2 move revelationdance\n>p1 move knockoff\n>p2 move hurricane\n>p2 switch 4\n>p1 move drainpunch\n>p2 move coil terastallize\n>p1 move knockoff\n>p2 move coil\n>p1 move gunkshot\n>p2 move bodypress\n>p1 switch 3\n>p1 move psychic\n>p2 move irontail\n>p2 switch 2\n>p1 move alluringvoice\n>p2 move fakeout\n>p1 move alluringvoice\n>p2 move knockoff\n>p1 move calmmind\n>p2 move uturn\n>p2 switch 6\n>p1 move psychic\n>p2 move curse\n>p1 move alluringvoice\n>p2 move wavecrash\n>p1 switch 5\n>p1 move bodyslam\n>p2 move rest\n>p1 move bodyslam\n>p2 move sleeptalk\n>p1 move bodyslam\n>p2 move sleeptalk\n>p1 move bodyslam\n>p2 move rest\n>p1 move bodyslam\n>p2 move sleeptalk\n>chat \u2606ufigwfhiwfbwo|gg ez\n>forcelose p1", "uploadtime": 1733894336, "views": 1, "formatid": "gen9randombattle", "rating": 1045, "private": 0, "password": null}