{"id": "gen9randombattle-2260427799", "format": "[Gen 9] Random Battle", "players": ["Muk Muk Goodra", "alllzz"], "log": "|j|\u2606Muk Muk Goodra\n|j|\u2606alllzz\n|t:|1733850623\n|gametype|singles\n|player|p1|Muk Muk Goodra|1|1875\n|player|p2|alllzz|101|1898\n|teamsize|p1|6\n|teamsize|p2|6\n|gen|9\n|tier|[Gen 9] Random Battle\n|rated|\n|rule|Species Clause: Limit one of each Pok\u00e9mon\n|rule|HP Percentage Mod: HP is shown in percentages\n|rule|Sleep Clause Mod: Limit one foe put to sleep\n|rule|Illusion Level Mod: Illusion disguises the Pok\u00e9mon's true level\n|\n|t:|1733850623\n|start\n|switch|p1a: Vigoroth|Vigoroth, L85, F|275/275\n|switch|p2a: Walking Wake|Walking Wake, L79|286/286\n|turn|1\n|inactive|Battle timer is ON: inactive players will automatically lose when time's up. (requested by Muk Muk Goodra)\n|\n|t:|1733850638\n|move|p2a: Walking Wake|Draco Meteor|p1a: Vigoroth\n|-crit|p1a: Vigoroth\n|-damage|p1a: Vigoroth|2/275\n|-unboost|p2a: Walking Wake|spa|2\n|-damage|p2a: Walking Wake|258/286|[from] item: Life Orb\n|move|p1a: Vigoroth|Body Slam|p2a: Walking Wake\n|-damage|p2a: Walking Wake|173/286\n|\n|upkeep\n|turn|2\n|\n|t:|1733850653\n|move|p2a: Walking Wake|Hydro Steam|p1a: Vigoroth\n|-damage|p1a: Vigoroth|0 fnt\n|faint|p1a: Vigoroth\n|-damage|p2a: Walking Wake|145/286|[from] item: Life Orb\n|\n|upkeep\n|inactive|Muk Muk Goodra has 120 seconds left.\n|\n|t:|1733850673\n|switch|p1a: Furret|Furret, L94, M|312/312\n|-item|p2a: Walking Wake|Life Orb|[from] ability: Frisk|[of] p1a: Furret\n|turn|3\n|\n|t:|1733850684\n|move|p1a: Furret|Tidy Up|p1a: Furret\n|-boost|p1a: Furret|atk|1\n|-boost|p1a: Furret|spe|1\n|move|p2a: Walking Wake|Draco Meteor|p1a: Furret\n|-damage|p1a: Furret|194/312\n|-unboost|p2a: Walking Wake|spa|2\n|-damage|p2a: Walking Wake|117/286|[from] item: Life Orb\n|\n|upkeep\n|turn|4\n|\n|t:|1733850710\n|move|p1a: Furret|Tidy Up|p1a: Furret\n|-boost|p1a: Furret|atk|1\n|-boost|p1a: Furret|spe|1\n|move|p2a: Walking Wake|Sunny Day|p2a: Walking Wake\n|-weather|SunnyDay\n|-activate|p2a: Walking Wake|ability: Protosynthesis\n|-start|p2a: Walking Wake|protosynthesisspe\n|\n|-weather|SunnyDay|[upkeep]\n|upkeep\n|turn|5\n|\n|t:|1733850721\n|move|p1a: Furret|Knock Off|p2a: Walking Wake\n|-damage|p2a: Walking Wake|0 fnt\n|-enditem|p2a: Walking Wake|Life Orb|[from] move: Knock Off|[of] p1a: Furret\n|faint|p2a: Walking Wake\n|-end|p2a: Walking Wake|Protosynthesis|[silent]\n|-damage|p1a: Furret|163/312|[from] item: Life Orb\n|\n|-weather|SunnyDay|[upkeep]\n|upkeep\n|\n|t:|1733850733\n|switch|p2a: Talonflame|Talonflame, L83, M|265/265\n|turn|6\n|\n|t:|1733850739\n|move|p1a: Furret|Double-Edge|p2a: Talonflame\n|-damage|p2a: Talonflame|0 fnt\n|-status|p1a: Furret|brn|[from] ability: Flame Body|[of] p2a: Talonflame\n|faint|p2a: Talonflame\n|-damage|p1a: Furret|76/312 brn|[from] Recoil\n|-damage|p1a: Furret|45/312 brn|[from] item: Life Orb\n|\n|-weather|SunnyDay|[upkeep]\n|-damage|p1a: Furret|26/312 brn|[from] brn\n|upkeep\n|\n|t:|1733850745\n|switch|p2a: Squawkabilly|Squawkabilly-Yellow, L89, F|291/291\n|turn|7\n|\n|t:|1733850757\n|move|p2a: Squawkabilly|Quick Attack|p1a: Furret\n|-damage|p1a: Furret|0 fnt\n|faint|p1a: Furret\n|\n|-weather|SunnyDay|[upkeep]\n|upkeep\n|\n|t:|1733850773\n|switch|p1a: Beartic|Beartic, L91, F|321/321\n|turn|8\n|\n|t:|1733850782\n|switch|p2a: Basculegion|Basculegion-F, L83, F|335/335\n|move|p1a: Beartic|Icicle Crash|p2a: Basculegion\n|-resisted|p2a: Basculegion\n|-damage|p2a: Basculegion|217/335\n|\n|-weather|none\n|upkeep\n|turn|9\n|\n|t:|1733850793\n|switch|p1a: Ogerpon|Ogerpon, L80, F|259/259\n|move|p2a: Basculegion|Hydro Pump|p1a: Ogerpon|[miss]\n|-miss|p2a: Basculegion|p1a: Ogerpon\n|\n|upkeep\n|turn|10\n|\n|t:|1733850809\n|switch|p2a: Squawkabilly|Squawkabilly-Yellow, L89, F|291/291\n|move|p1a: Ogerpon|Swords Dance|p1a: Ogerpon\n|-boost|p1a: Ogerpon|atk|2\n|\n|upkeep\n|turn|11\n|\n|t:|1733850829\n|move|p1a: Ogerpon|Superpower|p2a: Squawkabilly\n|-damage|p2a: Squawkabilly|0 fnt\n|-unboost|p1a: Ogerpon|atk|1\n|-unboost|p1a: Ogerpon|def|1\n|faint|p2a: Squawkabilly\n|-damage|p1a: Ogerpon|234/259|[from] item: Life Orb\n|\n|upkeep\n|\n|t:|1733850840\n|switch|p2a: Eelektross|Eelektross, L87, M|290/290\n|turn|12\n|\n|t:|1733850854\n|move|p1a: Ogerpon|Swords Dance|p1a: Ogerpon\n|-boost|p1a: Ogerpon|atk|2\n|move|p2a: Eelektross|Coil|p2a: Eelektross\n|-boost|p2a: Eelektross|atk|1\n|-boost|p2a: Eelektross|def|1\n|-boost|p2a: Eelektross|accuracy|1\n|\n|upkeep\n|turn|13\n|\n|t:|1733850864\n|-terastallize|p1a: Ogerpon|Grass\n|detailschange|p1a: Ogerpon|Ogerpon-Teal-Tera, L80, F, tera:Grass\n|-ability|p1a: Ogerpon|Embody Aspect (Teal)|boost\n|-boost|p1a: Ogerpon|spe|1\n|move|p1a: Ogerpon|Ivy Cudgel|p2a: Eelektross\n|-damage|p2a: Eelektross|0 fnt\n|faint|p2a: Eelektross\n|-damage|p1a: Ogerpon|209/259|[from] item: Life Orb\n|\n|upkeep\n|-message|alllzz forfeited.\n|\n|win|Muk Muk Goodra\n|raw|Muk Muk Goodra's rating: 1875 &rarr; <strong>1896</strong><br />(+21 for winning)\n|raw|alllzz's rating: 1898 &rarr; <strong>1877</strong><br />(-21 for losing)\n|l|\u2606alllzz\n|player|p2|\n", "inputlog": ">version bfd83cad13791eb5a5a409923076391caf6fb4d4\n>start {\"formatid\":\"gen9randombattle\",\"seed\":[55286,63356,33427,6576],\"rated\":\"Rated battle\"}\n>player p1 {\"name\":\"Muk Muk Goodra\",\"avatar\":\"1\",\"rating\":1875,\"seed\":[65096,57385,57346,45291]}\n>player p2 {\"name\":\"alllzz\",\"avatar\":\"101\",\"rating\":1898,\"seed\":[54106,48002,27548,1448]}\n>p1 move bodyslam\n>p2 move dracometeor\n>p1 move knockoff\n>p2 move hydrosteam\n>p1 switch 2\n>p1 move tidyup\n>p2 move dracometeor\n>p1 move tidyup\n>p2 move sunnyday\n>p1 move knockoff\n>p2 move dracometeor\n>p2 switch 5\n>p1 move doubleedge\n>p2 move bravebird\n>p2 switch 6\n>p1 move doubleedge\n>p2 move quickattack\n>p1 switch 3\n>p1 move iciclecrash\n>p2 switch 2\n>p1 switch 4\n>p2 move hydropump\n>p1 move swordsdance\n>p2 switch 2\n>p1 move superpower\n>p2 move bravebird\n>p2 switch 3\n>p1 move swordsdance\n>p2 move coil\n>p1 move ivycudgel terastallize\n>p2 move firepunch\n>forcelose p2", "uploadtime": 1733850872, "views": 1, "formatid": "gen9randombattle", "rating": 1877, "private": 0, "password": null}