{"id": "gen9randombattle-2259944965", "format": "[Gen 9] Random Battle", "players": ["nico_fabio", "SillyGooberino"], "log": "|j|\u2606nico_fabio\n|j|\u2606SillyGooberino\n|t:|1733782774\n|gametype|singles\n|player|p1|nico_fabio|n|1167\n|player|p2|SillyGooberino|harlequin|1139\n|teamsize|p1|6\n|teamsize|p2|6\n|gen|9\n|tier|[Gen 9] Random Battle\n|rated|\n|rule|Species Clause: Limit one of each Pok\u00e9mon\n|rule|HP Percentage Mod: HP is shown in percentages\n|rule|Sleep Clause Mod: Limit one foe put to sleep\n|rule|Illusion Level Mod: Illusion disguises the Pok\u00e9mon's true level\n|\n|t:|1733782774\n|start\n|switch|p1a: Snorlax|Snorlax, L82, M|397/397\n|switch|p2a: Koraidon|Koraidon, L64|235/235\n|-weather|SunnyDay|[from] ability: Orichalcum Pulse|[of] p2a: Koraidon\n|-activate|p2a: Koraidon|Orichalcum Pulse|[source]\n|turn|1\n|\n|t:|1733782794\n|move|p2a: Koraidon|Close Combat|p1a: Snorlax\n|-supereffective|p1a: Snorlax\n|-damage|p1a: Snorlax|0 fnt\n|-unboost|p2a: Koraidon|def|1\n|-unboost|p2a: Koraidon|spd|1\n|faint|p1a: Snorlax\n|\n|-weather|SunnyDay|[upkeep]\n|upkeep\n|\n|t:|1733782810\n|switch|p1a: Chi-Yu|Chi-Yu, L77|211/211\n|-ability|p1a: Chi-Yu|Beads of Ruin\n|turn|2\n|\n|t:|1733782818\n|move|p2a: Koraidon|Close Combat|p1a: Chi-Yu\n|-supereffective|p1a: Chi-Yu\n|-damage|p1a: Chi-Yu|0 fnt\n|-unboost|p2a: Koraidon|def|1\n|-unboost|p2a: Koraidon|spd|1\n|faint|p1a: Chi-Yu\n|\n|-weather|SunnyDay|[upkeep]\n|upkeep\n|\n|t:|1733782828\n|switch|p1a: Sneasler|Sneasler, L74, M|240/240\n|turn|3\n|\n|t:|1733782841\n|switch|p2a: Vespiquen|Vespiquen, L98, F|296/296\n|-ability|p2a: Vespiquen|Pressure\n|move|p1a: Sneasler|Close Combat|p2a: Vespiquen\n|-resisted|p2a: Vespiquen\n|-damage|p2a: Vespiquen|263/296\n|-unboost|p1a: Sneasler|def|1\n|-unboost|p1a: Sneasler|spd|1\n|\n|-weather|SunnyDay|[upkeep]\n|upkeep\n|turn|4\n|\n|t:|1733782856\n|move|p1a: Sneasler|Close Combat|p2a: Vespiquen\n|-resisted|p2a: Vespiquen\n|-damage|p2a: Vespiquen|227/296\n|-unboost|p1a: Sneasler|def|1\n|-unboost|p1a: Sneasler|spd|1\n|move|p2a: Vespiquen|Air Slash|p1a: Sneasler\n|-supereffective|p1a: Sneasler\n|-damage|p1a: Sneasler|0 fnt\n|faint|p1a: Sneasler\n|\n|-weather|SunnyDay|[upkeep]\n|upkeep\n|\n|t:|1733782869\n|switch|p1a: Magmortar|Magmortar, L88, M|275/275\n|turn|5\n|\n|t:|1733782879\n|move|p1a: Magmortar|Thunderbolt|p2a: Vespiquen\n|-supereffective|p2a: Vespiquen\n|-damage|p2a: Vespiquen|103/296\n|move|p2a: Vespiquen|Toxic|p1a: Magmortar|[miss]\n|-miss|p2a: Vespiquen|p1a: Magmortar\n|\n|-weather|none\n|upkeep\n|turn|6\n|\n|t:|1733782899\n|switch|p2a: Zacian|Zacian-Crowned, L64|225/225\n|-ability|p2a: Zacian|Intrepid Sword|boost\n|-boost|p2a: Zacian|atk|1\n|move|p1a: Magmortar|Scorching Sands|p2a: Zacian\n|-supereffective|p2a: Zacian\n|-damage|p2a: Zacian|95/225\n|\n|upkeep\n|turn|7\n|\n|t:|1733782913\n|move|p2a: Zacian|Close Combat|p1a: Magmortar\n|-damage|p1a: Magmortar|150/275\n|-unboost|p2a: Zacian|def|1\n|-unboost|p2a: Zacian|spd|1\n|-status|p2a: Zacian|brn|[from] ability: Flame Body|[of] p1a: Magmortar\n|move|p1a: Magmortar|Scorching Sands|p2a: Zacian\n|-supereffective|p2a: Zacian\n|-damage|p2a: Zacian|0 fnt\n|faint|p2a: Zacian\n|\n|upkeep\n|\n|t:|1733782923\n|switch|p2a: Moltres|Moltres-Galar, L79|271/271\n|turn|8\n|\n|t:|1733782937\n|-terastallize|p2a: Moltres|Steel\n|move|p1a: Magmortar|Thunderbolt|p2a: Moltres\n|-damage|p2a: Moltres|201/271\n|move|p2a: Moltres|Hurricane|p1a: Magmortar\n|-damage|p1a: Magmortar|53/275\n|-start|p1a: Magmortar|confusion\n|\n|upkeep\n|turn|9\n|\n|t:|1733782949\n|switch|p2a: Vespiquen|Vespiquen, L98, F|103/296\n|-ability|p2a: Vespiquen|Pressure\n|-activate|p1a: Magmortar|confusion\n|-damage|p1a: Magmortar|24/275|[from] confusion\n|\n|upkeep\n|turn|10\n|\n|t:|1733782957\n|-activate|p1a: Magmortar|confusion\n|move|p1a: Magmortar|Fire Blast|p2a: Vespiquen\n|-supereffective|p2a: Vespiquen\n|-damage|p2a: Vespiquen|0 fnt\n|faint|p2a: Vespiquen\n|\n|upkeep\n|\n|t:|1733782966\n|switch|p2a: Koraidon|Koraidon, L64|235/235\n|-weather|SunnyDay|[from] ability: Orichalcum Pulse|[of] p2a: Koraidon\n|-activate|p2a: Koraidon|Orichalcum Pulse|[source]\n|turn|11\n|\n|t:|1733782974\n|move|p2a: Koraidon|U-turn|p1a: Magmortar\n|-resisted|p1a: Magmortar\n|-damage|p1a: Magmortar|0 fnt\n|faint|p1a: Magmortar\n|\n|t:|1733782978\n|switch|p2a: Moltres|Moltres-Galar, L79, tera:Steel|201/271|[from] U-turn\n|\n|-weather|SunnyDay|[upkeep]\n|upkeep\n|\n|t:|1733782987\n|switch|p1a: Whimsicott|Whimsicott, L85, M|241/241\n|turn|12\n|\n|t:|1733782995\n|move|p1a: Whimsicott|Substitute|p1a: Whimsicott\n|-start|p1a: Whimsicott|Substitute\n|-damage|p1a: Whimsicott|181/241\n|move|p2a: Moltres|Hurricane|p1a: Whimsicott\n|-supereffective|p1a: Whimsicott\n|-end|p1a: Whimsicott|Substitute\n|\n|-weather|SunnyDay|[upkeep]\n|-heal|p1a: Whimsicott|196/241|[from] item: Leftovers\n|upkeep\n|turn|13\n|\n|t:|1733783006\n|move|p1a: Whimsicott|Leech Seed|p2a: Moltres\n|-start|p2a: Moltres|move: Leech Seed\n|move|p2a: Moltres|Hurricane|p1a: Whimsicott\n|-supereffective|p1a: Whimsicott\n|-damage|p1a: Whimsicott|0 fnt\n|faint|p1a: Whimsicott\n|\n|-weather|SunnyDay|[upkeep]\n|upkeep\n|\n|t:|1733783017\n|switch|p1a: Crabominable|Crabominable, L90, M|321/321\n|turn|14\n|\n|t:|1733783029\n|switch|p2a: Florges|Florges-Orange, L85, F|271/271\n|-terastallize|p1a: Crabominable|Ground\n|move|p1a: Crabominable|Earthquake|p2a: Florges\n|-damage|p2a: Florges|0 fnt\n|faint|p2a: Florges\n|\n|-weather|SunnyDay|[upkeep]\n|upkeep\n|\n|t:|1733783044\n|switch|p2a: Koraidon|Koraidon, L64|235/235\n|-activate|p2a: Koraidon|ability: Orichalcum Pulse\n|turn|15\n|inactive|Battle timer is ON: inactive players will automatically lose when time's up. (requested by nico_fabio)\n|inactiveoff|Battle timer is now OFF.\n|\n|t:|1733783064\n|move|p2a: Koraidon|Outrage|p1a: Crabominable\n|-damage|p1a: Crabominable|116/321\n|move|p1a: Crabominable|Earthquake|p2a: Koraidon\n|-damage|p2a: Koraidon|0 fnt\n|faint|p2a: Koraidon\n|\n|-weather|none\n|upkeep\n|\n|t:|1733783071\n|switch|p2a: Moltres|Moltres-Galar, L79, tera:Steel|201/271\n|turn|16\n|\n|t:|1733783077\n|move|p2a: Moltres|Fiery Wrath|p1a: Crabominable\n|-damage|p1a: Crabominable|20/321\n|move|p1a: Crabominable|Earthquake|p2a: Moltres\n|-supereffective|p2a: Moltres\n|-damage|p2a: Moltres|0 fnt\n|faint|p2a: Moltres\n|\n|upkeep\n|\n|t:|1733783083\n|switch|p2a: Garganacl|Garganacl, L80, M|291/291\n|turn|17\n|\n|t:|1733783091\n|move|p1a: Crabominable|Earthquake|p2a: Garganacl\n|-supereffective|p2a: Garganacl\n|-damage|p2a: Garganacl|0 fnt\n|faint|p2a: Garganacl\n|\n|win|nico_fabio\n|raw|nico_fabio's rating: 1167 &rarr; <strong>1190</strong><br />(+23 for winning)\n|raw|SillyGooberino's rating: 1139 &rarr; <strong>1116</strong><br />(-23 for losing)\n|l|\u2606SillyGooberino\n|player|p2|\n", "inputlog": ">version bfd83cad13791eb5a5a409923076391caf6fb4d4\n>start {\"formatid\":\"gen9randombattle\",\"seed\":[54239,57284,16358,60236],\"rated\":\"Rated battle\"}\n>player p1 {\"name\":\"nico_fabio\",\"avatar\":\"n\",\"rating\":1167,\"seed\":[12269,34047,8847,57184]}\n>player p2 {\"name\":\"SillyGooberino\",\"avatar\":\"harlequin\",\"rating\":1139,\"seed\":[33023,37595,4816,31638]}\n>p1 move bodyslam\n>p2 move closecombat\n>p1 switch 5\n>p1 move willowisp\n>p2 move closecombat\n>p1 switch 2\n>p1 move closecombat\n>p2 switch 2\n>p1 move closecombat\n>p2 move airslash\n>p1 switch 6\n>p1 move thunderbolt\n>p2 move toxic\n>p1 move scorchingsands\n>p2 switch 5\n>p1 move scorchingsands\n>p2 move closecombat\n>p2 switch 6\n>p1 move thunderbolt\n>p2 move hurricane terastallize\n>p1 move fireblast\n>p2 switch 5\n>p1 move fireblast\n>p2 move airslash\n>p2 switch 2\n>p1 move fireblast\n>p2 move uturn\n>p2 switch 5\n>p1 switch 3\n>p1 move substitute\n>p2 move hurricane\n>p1 move leechseed\n>p2 move hurricane\n>p1 switch 4\n>p1 move earthquake terastallize\n>p2 switch 4\n>p2 switch 5\n>p1 move earthquake\n>p2 move outrage\n>p2 switch 4\n>p1 move earthquake\n>p2 move fierywrath\n>p2 switch 3\n>p1 move earthquake\n>p2 move bodypress", "uploadtime": 1733783101, "views": 9, "formatid": "gen9randombattle", "rating": 1116, "private": 0, "password": null}