{"id": "gen9randombattle-2260810556", "format": "[Gen 9] Random Battle", "players": ["zxkpoms", "oaivey"], "log": "|j|\u2606zxkpoms\n|j|\u2606oaivey\n|t:|1733896128\n|gametype|singles\n|player|p1|zxkpoms|dawn-gen4pt|2079\n|player|p2|oaivey|101|2175\n|teamsize|p1|6\n|teamsize|p2|6\n|gen|9\n|tier|[Gen 9] Random Battle\n|rated|\n|rule|Species Clause: Limit one of each Pok\u00e9mon\n|rule|HP Percentage Mod: HP is shown in percentages\n|rule|Sleep Clause Mod: Limit one foe put to sleep\n|rule|Illusion Level Mod: Illusion disguises the Pok\u00e9mon's true level\n|\n|t:|1733896128\n|start\n|switch|p1a: Empoleon|Empoleon, L84, F|278/278\n|switch|p2a: Malamar|Malamar, L82, F|275/275\n|turn|1\n|\n|t:|1733896139\n|switch|p1a: Spidops|Spidops, L96, F|271/271\n|move|p2a: Malamar|Knock Off|p1a: Spidops\n|-damage|p1a: Spidops|196/271\n|-enditem|p1a: Spidops|Heavy-Duty Boots|[from] move: Knock Off|[of] p2a: Malamar\n|\n|upkeep\n|turn|2\n|\n|t:|1733896160\n|switch|p2a: Garchomp|Garchomp, L74, F|282/282\n|move|p1a: Spidops|Knock Off|p2a: Garchomp\n|-damage|p2a: Garchomp|125/282\n|-damage|p1a: Spidops|163/271|[from] ability: Rough Skin|[of] p2a: Garchomp\n|-damage|p1a: Spidops|118/271|[from] item: Rocky Helmet|[of] p2a: Garchomp\n|-enditem|p2a: Garchomp|Rocky Helmet|[from] move: Knock Off|[of] p1a: Spidops\n|\n|upkeep\n|turn|3\n|\n|t:|1733896174\n|switch|p1a: Donphan|Donphan, L84, M|288/288\n|move|p2a: Garchomp|Spikes|p1a: Donphan\n|-sidestart|p1: zxkpoms|Spikes\n|\n|upkeep\n|turn|4\n|inactive|Battle timer is ON: inactive players will automatically lose when time's up. (requested by zxkpoms)\n|\n|t:|1733896181\n|switch|p2a: Drifblim|Drifblim, L86, F|398/398\n|move|p1a: Donphan|Ice Shard|p2a: Drifblim\n|-supereffective|p2a: Drifblim\n|-damage|p2a: Drifblim|294/398\n|\n|upkeep\n|turn|5\n|\n|t:|1733896195\n|move|p2a: Drifblim|Strength Sap|p1a: Donphan\n|-unboost|p1a: Donphan|atk|1\n|-heal|p2a: Drifblim|398/398\n|move|p1a: Donphan|Knock Off|p2a: Drifblim\n|-supereffective|p2a: Drifblim\n|-damage|p2a: Drifblim|236/398\n|-enditem|p2a: Drifblim|Heavy-Duty Boots|[from] move: Knock Off|[of] p1a: Donphan\n|\n|upkeep\n|turn|6\n|inactive|zxkpoms has 120 seconds left.\n|\n|t:|1733896227\n|switch|p1a: Empoleon|Empoleon, L84, F|278/278\n|-damage|p1a: Empoleon|244/278|[from] Spikes\n|move|p2a: Drifblim|Shadow Ball|p1a: Empoleon\n|-damage|p1a: Empoleon|175/278\n|\n|-heal|p1a: Empoleon|192/278|[from] item: Leftovers\n|upkeep\n|turn|7\n|\n|t:|1733896230\n|switch|p2a: Toxapex|Toxapex, L82, M|216/216\n|move|p1a: Empoleon|Roost|p1a: Empoleon\n|-heal|p1a: Empoleon|278/278\n|-singleturn|p1a: Empoleon|move: Roost\n|\n|upkeep\n|turn|8\n|\n|t:|1733896245\n|move|p1a: Empoleon|Yawn|p2a: Toxapex\n|-start|p2a: Toxapex|move: Yawn|[of] p1a: Empoleon\n|move|p2a: Toxapex|Toxic Spikes|p1a: Empoleon\n|-sidestart|p1: zxkpoms|move: Toxic Spikes\n|\n|upkeep\n|turn|9\n|\n|t:|1733896259\n|switch|p1a: Eternatus|Eternatus, L69|308/308\n|-damage|p1a: Eternatus|270/308|[from] Spikes\n|-sideend|p1: zxkpoms|move: Toxic Spikes|[of] p1a: Eternatus\n|-ability|p1a: Eternatus|Pressure\n|move|p2a: Toxapex|Toxic Spikes|p1a: Eternatus\n|-sidestart|p1: zxkpoms|move: Toxic Spikes\n|\n|-end|p2a: Toxapex|move: Yawn|[silent]\n|-status|p2a: Toxapex|slp\n|upkeep\n|turn|10\n|\n|t:|1733896266\n|switch|p1a: Spidops|Spidops, L96, F|118/271\n|-damage|p1a: Spidops|85/271|[from] Spikes\n|-status|p1a: Spidops|psn\n|cant|p2a: Toxapex|slp\n|\n|-damage|p1a: Spidops|52/271 psn|[from] psn\n|upkeep\n|turn|11\n|\n|t:|1733896279\n|move|p1a: Spidops|Spikes|p2a: Toxapex\n|-sidestart|p2: oaivey|Spikes\n|cant|p2a: Toxapex|slp\n|\n|-damage|p1a: Spidops|19/271 psn|[from] psn\n|upkeep\n|turn|12\n|\n|t:|1733896292\n|move|p1a: Spidops|Spikes|p2a: Toxapex\n|-sidestart|p2: oaivey|Spikes\n|-curestatus|p2a: Toxapex|slp|[msg]\n|move|p2a: Toxapex|Liquidation|p1a: Spidops\n|-damage|p1a: Spidops|0 fnt\n|faint|p1a: Spidops\n|\n|upkeep\n|\n|t:|1733896294\n|switch|p1a: Eternatus|Eternatus, L69|270/308\n|-damage|p1a: Eternatus|232/308|[from] Spikes\n|-sideend|p1: zxkpoms|move: Toxic Spikes|[of] p1a: Eternatus\n|-ability|p1a: Eternatus|Pressure\n|turn|13\n|\n|t:|1733896302\n|move|p1a: Eternatus|Dynamax Cannon|p2a: Toxapex\n|-damage|p2a: Toxapex|143/216\n|move|p2a: Toxapex|Toxic Spikes|p1a: Eternatus\n|-sidestart|p1: zxkpoms|move: Toxic Spikes\n|\n|upkeep\n|turn|14\n|\n|t:|1733896307\n|move|p1a: Eternatus|Dynamax Cannon|p2a: Toxapex\n|-damage|p2a: Toxapex|71/216\n|move|p2a: Toxapex|Recover|p2a: Toxapex\n|-heal|p2a: Toxapex|179/216\n|\n|upkeep\n|turn|15\n|\n|t:|1733896312\n|move|p1a: Eternatus|Dynamax Cannon|p2a: Toxapex\n|-damage|p2a: Toxapex|115/216\n|move|p2a: Toxapex|Liquidation|p1a: Eternatus\n|-resisted|p1a: Eternatus\n|-damage|p1a: Eternatus|194/308\n|-damage|p2a: Toxapex|79/216|[from] item: Rocky Helmet|[of] p1a: Eternatus\n|\n|upkeep\n|turn|16\n|\n|t:|1733896324\n|-terastallize|p1a: Eternatus|Dragon\n|move|p1a: Eternatus|Dynamax Cannon|p2a: Toxapex\n|-damage|p2a: Toxapex|0 fnt\n|faint|p2a: Toxapex\n|\n|upkeep\n|\n|t:|1733896331\n|switch|p2a: Iron Crown|Iron Crown, L78|268/268\n|-damage|p2a: Iron Crown|224/268|[from] Spikes\n|turn|17\n|\n|t:|1733896340\n|switch|p1a: Empoleon|Empoleon, L84, F|278/278\n|-damage|p1a: Empoleon|244/278|[from] Spikes\n|move|p2a: Iron Crown|Tachyon Cutter|p1a: Empoleon\n|-resisted|p1a: Empoleon\n|-damage|p1a: Empoleon|227/278\n|-resisted|p1a: Empoleon\n|-damage|p1a: Empoleon|210/278\n|-hitcount|p1a: Empoleon|2\n|\n|-heal|p1a: Empoleon|227/278|[from] item: Leftovers\n|upkeep\n|turn|18\n|\n|t:|1733896345\n|-end|p2a: Iron Crown|Quark Drive|[silent]\n|switch|p2a: Garchomp|Garchomp, L74, F|125/282\n|-damage|p2a: Garchomp|78/282|[from] Spikes\n|move|p1a: Empoleon|Surf|p2a: Garchomp\n|-damage|p2a: Garchomp|0 fnt\n|faint|p2a: Garchomp\n|\n|-heal|p1a: Empoleon|244/278|[from] item: Leftovers\n|upkeep\n|\n|t:|1733896347\n|switch|p2a: Malamar|Malamar, L82, F|275/275\n|-damage|p2a: Malamar|230/275|[from] Spikes\n|turn|19\n|\n|t:|1733896357\n|switch|p1a: Enamorus|Enamorus, L79, F|247/247\n|move|p2a: Malamar|Superpower|p1a: Enamorus\n|-resisted|p1a: Enamorus\n|-damage|p1a: Enamorus|224/247\n|-boost|p2a: Malamar|atk|1\n|-boost|p2a: Malamar|def|1\n|\n|-heal|p1a: Enamorus|239/247|[from] item: Leftovers\n|-heal|p2a: Malamar|247/275|[from] item: Leftovers\n|upkeep\n|turn|20\n|\n|t:|1733896364\n|switch|p2a: Iron Crown|Iron Crown, L78|224/268\n|-damage|p2a: Iron Crown|180/268|[from] Spikes\n|move|p1a: Enamorus|Substitute|p1a: Enamorus\n|-start|p1a: Enamorus|Substitute\n|-damage|p1a: Enamorus|178/247\n|\n|-heal|p1a: Enamorus|193/247|[from] item: Leftovers\n|upkeep\n|turn|21\n|\n|t:|1733896369\n|move|p1a: Enamorus|Earth Power|p2a: Iron Crown\n|-supereffective|p2a: Iron Crown\n|-damage|p2a: Iron Crown|52/268\n|move|p2a: Iron Crown|Tachyon Cutter|p1a: Enamorus\n|-supereffective|p1a: Enamorus\n|-crit|p1a: Enamorus\n|-end|p1a: Enamorus|Substitute\n|-supereffective|p1a: Enamorus\n|-damage|p1a: Enamorus|5/247\n|-hitcount|p1a: Enamorus|2\n|\n|-heal|p1a: Enamorus|20/247|[from] item: Leftovers\n|upkeep\n|turn|22\n|\n|t:|1733896374\n|move|p1a: Enamorus|Earth Power|p2a: Iron Crown\n|-supereffective|p2a: Iron Crown\n|-damage|p2a: Iron Crown|0 fnt\n|faint|p2a: Iron Crown\n|-end|p2a: Iron Crown|Quark Drive|[silent]\n|\n|-heal|p1a: Enamorus|35/247|[from] item: Leftovers\n|upkeep\n|\n|t:|1733896375\n|switch|p2a: Politoed|Politoed, L88, M|302/302\n|-damage|p2a: Politoed|252/302|[from] Spikes\n|-weather|RainDance|[from] ability: Drizzle|[of] p2a: Politoed\n|turn|23\n|\n|t:|1733896380\n|switch|p1a: Empoleon|Empoleon, L84, F|244/278\n|-damage|p1a: Empoleon|210/278|[from] Spikes\n|move|p2a: Politoed|Ice Beam|p1a: Empoleon\n|-resisted|p1a: Empoleon\n|-damage|p1a: Empoleon|196/278\n|\n|-weather|RainDance|[upkeep]\n|-heal|p1a: Empoleon|213/278|[from] item: Leftovers\n|upkeep\n|turn|24\n|\n|t:|1733896387\n|move|p2a: Politoed|Hypnosis|p1a: Empoleon|[miss]\n|-miss|p2a: Politoed|p1a: Empoleon\n|move|p1a: Empoleon|Surf|p2a: Politoed\n|-resisted|p2a: Politoed\n|-damage|p2a: Politoed|186/302\n|\n|-weather|RainDance|[upkeep]\n|-heal|p1a: Empoleon|230/278|[from] item: Leftovers\n|upkeep\n|turn|25\n|\n|t:|1733896394\n|move|p2a: Politoed|Hydro Pump|p1a: Empoleon\n|-resisted|p1a: Empoleon\n|-damage|p1a: Empoleon|146/278\n|move|p1a: Empoleon|Yawn|p2a: Politoed\n|-start|p2a: Politoed|move: Yawn|[of] p1a: Empoleon\n|\n|-weather|RainDance|[upkeep]\n|-heal|p1a: Empoleon|163/278|[from] item: Leftovers\n|upkeep\n|turn|26\n|\n|t:|1733896399\n|switch|p2a: Malamar|Malamar, L82, F|247/275\n|-damage|p2a: Malamar|202/275|[from] Spikes\n|move|p1a: Empoleon|Roost|p1a: Empoleon\n|-heal|p1a: Empoleon|278/278\n|-singleturn|p1a: Empoleon|move: Roost\n|\n|-weather|RainDance|[upkeep]\n|-heal|p2a: Malamar|219/275|[from] item: Leftovers\n|upkeep\n|turn|27\n|\n|t:|1733896403\n|move|p2a: Malamar|Superpower|p1a: Empoleon\n|-supereffective|p1a: Empoleon\n|-damage|p1a: Empoleon|118/278\n|-boost|p2a: Malamar|atk|1\n|-boost|p2a: Malamar|def|1\n|move|p1a: Empoleon|Surf|p2a: Malamar\n|-damage|p2a: Malamar|50/275\n|\n|-weather|none\n|-heal|p2a: Malamar|67/275|[from] item: Leftovers\n|-heal|p1a: Empoleon|135/278|[from] item: Leftovers\n|upkeep\n|turn|28\n|\n|t:|1733896411\n|move|p2a: Malamar|Rest|p2a: Malamar\n|-status|p2a: Malamar|slp|[from] move: Rest\n|-heal|p2a: Malamar|275/275 slp|[silent]\n|move|p1a: Empoleon|Surf|p2a: Malamar\n|-damage|p2a: Malamar|155/275 slp\n|\n|-heal|p2a: Malamar|172/275 slp|[from] item: Leftovers\n|-heal|p1a: Empoleon|152/278|[from] item: Leftovers\n|upkeep\n|turn|29\n|\n|t:|1733896416\n|cant|p2a: Malamar|slp\n|move|p2a: Malamar|Sleep Talk|p2a: Malamar\n|move|p2a: Malamar|Knock Off|p1a: Empoleon|[from]move: Sleep Talk\n|-crit|p1a: Empoleon\n|-damage|p1a: Empoleon|0 fnt\n|-enditem|p1a: Empoleon|Leftovers|[from] move: Knock Off|[of] p2a: Malamar\n|faint|p1a: Empoleon\n|\n|-heal|p2a: Malamar|189/275 slp|[from] item: Leftovers\n|upkeep\n|\n|t:|1733896427\n|switch|p1a: Enamorus|Enamorus, L79, F|35/247\n|turn|30\n|\n|t:|1733896431\n|-terastallize|p2a: Malamar|Steel\n|move|p1a: Enamorus|Moonblast|p2a: Malamar\n|-resisted|p2a: Malamar\n|-damage|p2a: Malamar|119/275 slp\n|cant|p2a: Malamar|slp\n|move|p2a: Malamar|Sleep Talk|p2a: Malamar\n|move|p2a: Malamar|Rest||[from]move: Sleep Talk|[still]\n|-fail|p2a: Malamar\n|\n|-heal|p1a: Enamorus|50/247|[from] item: Leftovers\n|-heal|p2a: Malamar|136/275 slp|[from] item: Leftovers\n|upkeep\n|turn|31\n|\n|t:|1733896436\n|switch|p2a: Drifblim|Drifblim, L86, F|236/398\n|move|p1a: Enamorus|Earth Power|p2a: Drifblim\n|-immune|p2a: Drifblim\n|\n|-heal|p1a: Enamorus|65/247|[from] item: Leftovers\n|upkeep\n|turn|32\n|\n|t:|1733896456\n|switch|p1a: Grumpig|Grumpig, L92, F|297/297\n|-damage|p1a: Grumpig|260/297|[from] Spikes\n|-status|p1a: Grumpig|psn\n|move|p2a: Drifblim|Shadow Ball|p1a: Grumpig\n|-supereffective|p1a: Grumpig\n|-damage|p1a: Grumpig|140/297 psn\n|\n|-damage|p1a: Grumpig|103/297 psn|[from] psn\n|upkeep\n|turn|33\n|\n|t:|1733896462\n|switch|p2a: Malamar|Malamar, L82, F, tera:Steel|136/275 slp\n|-damage|p2a: Malamar|91/275 slp|[from] Spikes\n|move|p1a: Grumpig|Trick|p2a: Malamar\n|-activate|p1a: Grumpig|move: Trick|[of] p2a: Malamar\n|-item|p2a: Malamar|Choice Scarf|[from] move: Trick\n|-item|p1a: Grumpig|Leftovers|[from] move: Trick\n|\n|-heal|p1a: Grumpig|121/297 psn|[from] item: Leftovers\n|-damage|p1a: Grumpig|84/297 psn|[from] psn\n|upkeep\n|turn|34\n|\n|t:|1733896472\n|-curestatus|p2a: Malamar|slp|[msg]\n|move|p2a: Malamar|Rest|p2a: Malamar\n|-status|p2a: Malamar|slp|[from] move: Rest\n|-heal|p2a: Malamar|275/275 slp|[silent]\n|move|p1a: Grumpig|Earth Power|p2a: Malamar\n|-supereffective|p2a: Malamar\n|-damage|p2a: Malamar|113/275 slp\n|\n|-heal|p1a: Grumpig|102/297 psn|[from] item: Leftovers\n|-damage|p1a: Grumpig|65/297 psn|[from] psn\n|upkeep\n|turn|35\n|\n|t:|1733896486\n|cant|p2a: Malamar|slp\n|move|p1a: Grumpig|Psychic|p2a: Malamar\n|-resisted|p2a: Malamar\n|-damage|p2a: Malamar|49/275 slp\n|\n|-heal|p1a: Grumpig|83/297 psn|[from] item: Leftovers\n|-damage|p1a: Grumpig|46/297 psn|[from] psn\n|upkeep\n|turn|36\n|\n|t:|1733896511\n|cant|p2a: Malamar|slp\n|move|p1a: Grumpig|Trick|p2a: Malamar\n|-activate|p1a: Grumpig|move: Trick|[of] p2a: Malamar\n|-item|p2a: Malamar|Leftovers|[from] move: Trick\n|-item|p1a: Grumpig|Choice Scarf|[from] move: Trick\n|\n|-heal|p2a: Malamar|66/275 slp|[from] item: Leftovers\n|-damage|p1a: Grumpig|9/297 psn|[from] psn\n|upkeep\n|turn|37\n|\n|t:|1733896518\n|move|p1a: Grumpig|Trick|p2a: Malamar\n|-activate|p1a: Grumpig|move: Trick|[of] p2a: Malamar\n|-item|p2a: Malamar|Choice Scarf|[from] move: Trick\n|-item|p1a: Grumpig|Leftovers|[from] move: Trick\n|-curestatus|p2a: Malamar|slp|[msg]\n|move|p2a: Malamar|Rest|p2a: Malamar\n|-status|p2a: Malamar|slp|[from] move: Rest\n|-heal|p2a: Malamar|275/275 slp|[silent]\n|\n|-heal|p1a: Grumpig|27/297 psn|[from] item: Leftovers\n|-damage|p1a: Grumpig|0 fnt|[from] psn\n|faint|p1a: Grumpig\n|upkeep\n|\n|t:|1733896524\n|switch|p1a: Enamorus|Enamorus, L79, F|65/247\n|turn|38\n|\n|t:|1733896529\n|switch|p2a: Politoed|Politoed, L88, M|186/302\n|-damage|p2a: Politoed|136/302|[from] Spikes\n|-weather|RainDance|[from] ability: Drizzle|[of] p2a: Politoed\n|move|p1a: Enamorus|Calm Mind|p1a: Enamorus\n|-boost|p1a: Enamorus|spa|1\n|-boost|p1a: Enamorus|spd|1\n|\n|-weather|RainDance|[upkeep]\n|-heal|p1a: Enamorus|80/247|[from] item: Leftovers\n|upkeep\n|turn|39\n|\n|t:|1733896533\n|move|p1a: Enamorus|Moonblast|p2a: Politoed\n|-damage|p2a: Politoed|0 fnt\n|faint|p2a: Politoed\n|\n|-weather|RainDance|[upkeep]\n|-heal|p1a: Enamorus|95/247|[from] item: Leftovers\n|upkeep\n|-message|oaivey forfeited.\n|\n|win|zxkpoms\n|raw|zxkpoms's rating: 2079 &rarr; <strong>2104</strong><br />(+25 for winning)\n|raw|oaivey's rating: 2175 &rarr; <strong>2150</strong><br />(-25 for losing)\n|l|\u2606oaivey\n|player|p2|\n", "inputlog": ">version bfd83cad13791eb5a5a409923076391caf6fb4d4\n>start {\"formatid\":\"gen9randombattle\",\"seed\":[44017,27627,36254,33323],\"rated\":\"Rated battle\"}\n>player p1 {\"name\":\"zxkpoms\",\"avatar\":\"dawn-gen4pt\",\"rating\":2079,\"seed\":[8322,11070,54134,44903]}\n>player p2 {\"name\":\"oaivey\",\"avatar\":\"101\",\"rating\":2175,\"seed\":[59272,47778,1283,27910]}\n>p1 switch 2\n>p2 move knockoff\n>p1 move knockoff\n>p2 switch 6\n>p1 switch 6\n>p2 move spikes\n>p1 move iceshard\n>p2 switch 2\n>p1 move knockoff\n>p2 move strengthsap\n>p1 switch 2\n>p2 move shadowball\n>p1 move roost\n>p2 switch 3\n>p1 move yawn\n>p2 move toxicspikes\n>p1 switch 4\n>p2 move toxicspikes\n>p1 switch 6\n>p2 move liquidation\n>p1 move spikes\n>p2 move liquidation\n>p1 move spikes\n>p2 move liquidation\n>p1 switch 6\n>p1 move dynamaxcannon\n>p2 move toxicspikes\n>p1 move dynamaxcannon\n>p2 move recover\n>p1 move dynamaxcannon\n>p2 move liquidation\n>p1 move dynamaxcannon terastallize\n>p2 move recover\n>p2 switch 5\n>p1 switch 4\n>p2 move tachyoncutter\n>p1 move surf\n>p2 switch 2\n>p2 switch 6\n>p1 switch 5\n>p2 move superpower\n>p1 move substitute\n>p2 switch 2\n>p1 move earthpower\n>p2 move tachyoncutter\n>p1 move earthpower\n>p2 move tachyoncutter\n>p2 switch 4\n>p1 switch 5\n>p2 move icebeam\n>p1 move surf\n>p2 move hypnosis\n>p1 move yawn\n>p2 move hydropump\n>p1 move roost\n>p2 switch 2\n>p1 move surf\n>p2 move superpower\n>p1 move surf\n>p2 move rest\n>p1 move surf\n>p2 move sleeptalk\n>p1 switch 5\n>p1 move moonblast\n>p2 move sleeptalk terastallize\n>p1 move earthpower\n>p2 switch 3\n>p1 switch 3\n>p2 move shadowball\n>p1 move trick\n>p2 switch 3\n>p1 move earthpower\n>p2 move rest\n>p1 move psychic\n>p2 move rest\n>p1 move trick\n>p2 move rest\n>p1 move trick\n>p2 move rest\n>p1 switch 3\n>p1 move calmmind\n>p2 switch 2\n>p1 move moonblast\n>p2 move icebeam\n>forcelose p2", "uploadtime": 1733896546, "views": 1, "formatid": "gen9randombattle", "rating": 2104, "private": 0, "password": null}