{"id": "gen9randombattle-2259891358", "format": "[Gen 9] Random Battle", "players": ["Socks420", "Chosen Chungus"], "log": "|j|\u2606Socks420\n|j|\u2606Chosen Chungus\n|t:|1733777018\n|gametype|singles\n|player|p1|Socks420|266|1353\n|player|p2|Chosen Chungus|170|1339\n|teamsize|p1|6\n|teamsize|p2|6\n|gen|9\n|tier|[Gen 9] Random Battle\n|rated|\n|rule|Species Clause: Limit one of each Pok\u00e9mon\n|rule|HP Percentage Mod: HP is shown in percentages\n|rule|Sleep Clause Mod: Limit one foe put to sleep\n|rule|Illusion Level Mod: Illusion disguises the Pok\u00e9mon's true level\n|\n|t:|1733777018\n|start\n|switch|p1a: Rotom|Rotom-Frost, L87|229/229\n|switch|p2a: Banette|Banette, L93, F|270/270\n|-item|p1a: Rotom|Heavy-Duty Boots|[from] ability: Frisk|[of] p2a: Banette\n|turn|1\n|inactive|Battle timer is ON: inactive players will automatically lose when time's up. (requested by Socks420)\n|\n|t:|1733777028\n|switch|p2a: Slowking|Slowking-Galar, L85, M|300/300\n|move|p1a: Rotom|Will-O-Wisp|p2a: Slowking\n|-status|p2a: Slowking|brn\n|\n|-damage|p2a: Slowking|282/300 brn|[from] brn\n|upkeep\n|turn|2\n|\n|t:|1733777042\n|move|p1a: Rotom|Nasty Plot|p1a: Rotom\n|-boost|p1a: Rotom|spa|2\n|move|p2a: Slowking|Future Sight|p1a: Rotom\n|-start|p2a: Slowking|move: Future Sight\n|\n|-damage|p2a: Slowking|264/300 brn|[from] brn\n|upkeep\n|turn|3\n|\n|t:|1733777050\n|move|p1a: Rotom|Thunderbolt|p2a: Slowking\n|-damage|p2a: Slowking|141/300 brn\n|move|p2a: Slowking|Sludge Bomb|p1a: Rotom\n|-damage|p1a: Rotom|136/229\n|\n|-damage|p2a: Slowking|123/300 brn|[from] brn\n|upkeep\n|turn|4\n|\n|t:|1733777059\n|switch|p2a: Meganium|Meganium, L90, F|290/290\n|move|p1a: Rotom|Thunderbolt|p2a: Meganium\n|-resisted|p2a: Meganium\n|-damage|p2a: Meganium|197/290\n|\n|-end|p1a: Rotom|move: Future Sight\n|-damage|p1a: Rotom|21/229\n|-heal|p2a: Meganium|215/290|[from] item: Leftovers\n|upkeep\n|turn|5\n|\n|t:|1733777074\n|switch|p2a: Slowking|Slowking-Galar, L85, M|223/300 brn\n|move|p1a: Rotom|Blizzard|p2a: Slowking\n|-damage|p2a: Slowking|73/300 brn\n|\n|-damage|p2a: Slowking|55/300 brn|[from] brn\n|upkeep\n|turn|6\n|\n|t:|1733777090\n|switch|p2a: Meganium|Meganium, L90, F|215/290\n|move|p1a: Rotom|Thunderbolt|p2a: Meganium\n|-resisted|p2a: Meganium\n|-damage|p2a: Meganium|116/290\n|\n|-heal|p2a: Meganium|134/290|[from] item: Leftovers\n|upkeep\n|turn|7\n|\n|t:|1733777099\n|move|p1a: Rotom|Blizzard|p2a: Meganium\n|-supereffective|p2a: Meganium\n|-damage|p2a: Meganium|0 fnt\n|faint|p2a: Meganium\n|\n|upkeep\n|\n|t:|1733777102\n|switch|p2a: Banette|Banette, L93, F|270/270\n|-item|p1a: Rotom|Heavy-Duty Boots|[from] ability: Frisk|[of] p2a: Banette\n|turn|8\n|\n|t:|1733777111\n|move|p2a: Banette|Shadow Sneak|p1a: Rotom\n|-damage|p1a: Rotom|0 fnt\n|faint|p1a: Rotom\n|-damage|p2a: Banette|243/270|[from] item: Life Orb\n|\n|upkeep\n|\n|t:|1733777122\n|switch|p1a: Appletun|Appletun, L92, F|352/352\n|turn|9\n|\n|t:|1733777127\n|move|p2a: Banette|Gunk Shot|p1a: Appletun\n|-supereffective|p1a: Appletun\n|-damage|p1a: Appletun|58/352\n|-status|p1a: Appletun|psn\n|-damage|p2a: Banette|216/270|[from] item: Life Orb\n|move|p1a: Appletun|Leech Seed|p2a: Banette\n|-start|p2a: Banette|move: Leech Seed\n|\n|-heal|p1a: Appletun|80/352 psn|[from] item: Leftovers\n|-damage|p2a: Banette|183/270|[from] Leech Seed|[of] p1a: Appletun\n|-heal|p1a: Appletun|113/352 psn|[silent]\n|-damage|p1a: Appletun|69/352 psn|[from] psn\n|upkeep\n|turn|10\n|\n|t:|1733777140\n|switch|p2a: Slowking|Slowking-Galar, L85, M|155/300 brn\n|-terastallize|p1a: Appletun|Steel\n|move|p1a: Appletun|Recover|p1a: Appletun\n|-heal|p1a: Appletun|245/352 psn\n|\n|-heal|p1a: Appletun|267/352 psn|[from] item: Leftovers\n|-damage|p1a: Appletun|223/352 psn|[from] psn\n|-damage|p2a: Slowking|137/300 brn|[from] brn\n|upkeep\n|turn|11\n|\n|t:|1733777151\n|move|p1a: Appletun|Leech Seed|p2a: Slowking\n|-start|p2a: Slowking|move: Leech Seed\n|move|p2a: Slowking|Psychic Noise|p1a: Appletun\n|-resisted|p1a: Appletun\n|-damage|p1a: Appletun|180/352 psn\n|-start|p1a: Appletun|move: Heal Block\n|\n|-damage|p2a: Slowking|100/300 brn|[from] Leech Seed|[of] p1a: Appletun\n|-damage|p1a: Appletun|136/352 psn|[from] psn\n|-damage|p2a: Slowking|82/300 brn|[from] brn\n|upkeep\n|turn|12\n|\n|t:|1733777167\n|switch|p2a: Banette|Banette, L93, F|183/270\n|-item|p1a: Appletun|Leftovers|[from] ability: Frisk|[of] p2a: Banette\n|move|p1a: Appletun|Apple Acid|p2a: Banette\n|-damage|p2a: Banette|74/270\n|-unboost|p2a: Banette|spd|1\n|\n|-damage|p1a: Appletun|92/352 psn|[from] psn\n|-end|p1a: Appletun|move: Heal Block\n|upkeep\n|turn|13\n|\n|t:|1733777179\n|move|p2a: Banette|Poltergeist|p1a: Appletun\n|-activate|p1a: Appletun|move: Poltergeist|Leftovers\n|-damage|p1a: Appletun|0 fnt\n|faint|p1a: Appletun\n|-damage|p2a: Banette|47/270|[from] item: Life Orb\n|\n|upkeep\n|\n|t:|1733777191\n|switch|p1a: Minior|Minior-Orange, L79|224/224\n|-formechange|p1a: Minior|Minior-Meteor||[from] ability: Shields Down\n|turn|14\n|\n|t:|1733777198\n|move|p2a: Banette|Poltergeist|p1a: Minior\n|-activate|p1a: Minior|move: Poltergeist|White Herb\n|-damage|p1a: Minior|13/224\n|-damage|p2a: Banette|20/270|[from] item: Life Orb\n|move|p1a: Minior|Shell Smash|p1a: Minior\n|-unboost|p1a: Minior|def|1\n|-unboost|p1a: Minior|spd|1\n|-boost|p1a: Minior|atk|2\n|-boost|p1a: Minior|spa|2\n|-boost|p1a: Minior|spe|2\n|-enditem|p1a: Minior|White Herb\n|-clearnegativeboost|p1a: Minior|[silent]\n|\n|-formechange|p1a: Minior|Minior-Orange||[from] ability: Shields Down\n|upkeep\n|turn|15\n|\n|t:|1733777205\n|move|p2a: Banette|Shadow Sneak|p1a: Minior\n|-damage|p1a: Minior|0 fnt\n|faint|p1a: Minior\n|-damage|p2a: Banette|0 fnt|[from] item: Life Orb\n|faint|p2a: Banette\n|\n|upkeep\n|\n|t:|1733777210\n|switch|p1a: Koraidon|Koraidon, L64|235/235\n|switch|p2a: Slowking|Slowking-Galar, L85, M|182/300 brn\n|-weather|SunnyDay|[from] ability: Orichalcum Pulse|[of] p1a: Koraidon\n|-activate|p1a: Koraidon|Orichalcum Pulse|[source]\n|turn|16\n|\n|t:|1733777224\n|move|p1a: Koraidon|Swords Dance|p1a: Koraidon\n|-boost|p1a: Koraidon|atk|2\n|move|p2a: Slowking|Future Sight|p1a: Koraidon\n|-start|p2a: Slowking|move: Future Sight\n|\n|-weather|SunnyDay|[upkeep]\n|-damage|p2a: Slowking|164/300 brn|[from] brn\n|upkeep\n|turn|17\n|\n|t:|1733777248\n|switch|p2a: Kingdra|Kingdra, L84, M|263/263\n|move|p1a: Koraidon|Scale Shot|p2a: Kingdra\n|-supereffective|p2a: Kingdra\n|-damage|p2a: Kingdra|167/263\n|-supereffective|p2a: Kingdra\n|-damage|p2a: Kingdra|71/263\n|-supereffective|p2a: Kingdra\n|-damage|p2a: Kingdra|0 fnt\n|faint|p2a: Kingdra\n|-hitcount|p2: Kingdra|3\n|-unboost|p1a: Koraidon|def|1\n|-boost|p1a: Koraidon|spe|1\n|\n|-weather|SunnyDay|[upkeep]\n|upkeep\n|\n|t:|1733777255\n|switch|p2a: Kingambit|Kingambit, L74, M|270/270\n|-activate|p2a: Kingambit|ability: Supreme Overlord\n|-start|p2a: Kingambit|fallen3|[silent]\n|turn|18\n|\n|t:|1733777268\n|-end|p2a: Kingambit|fallen3|[silent]\n|switch|p2a: Slowking|Slowking-Galar, L85, M|264/300 brn\n|move|p1a: Koraidon|Flare Blitz|p2a: Slowking\n|-damage|p2a: Slowking|0 fnt\n|faint|p2a: Slowking\n|-damage|p1a: Koraidon|148/235|[from] Recoil\n|\n|-weather|SunnyDay|[upkeep]\n|-end|p1a: Koraidon|move: Future Sight\n|-supereffective|p1a: Koraidon\n|-damage|p1a: Koraidon|0 fnt\n|faint|p1a: Koraidon\n|upkeep\n|\n|t:|1733777285\n|switch|p1a: Mismagius|Mismagius, L86, M|243/243\n|switch|p2a: Crawdaunt|Crawdaunt, L84, F|243/243\n|turn|19\n|\n|t:|1733777293\n|move|p1a: Mismagius|Substitute|p1a: Mismagius\n|-start|p1a: Mismagius|Substitute\n|-damage|p1a: Mismagius|183/243\n|move|p2a: Crawdaunt|Knock Off|p1a: Mismagius\n|-supereffective|p1a: Mismagius\n|-end|p1a: Mismagius|Substitute\n|\n|-weather|SunnyDay|[upkeep]\n|-heal|p1a: Mismagius|198/243|[from] item: Leftovers\n|upkeep\n|turn|20\n|\n|t:|1733777299\n|move|p1a: Mismagius|Shadow Ball|p2a: Crawdaunt\n|-resisted|p2a: Crawdaunt\n|-damage|p2a: Crawdaunt|183/243\n|-unboost|p2a: Crawdaunt|spd|1\n|move|p2a: Crawdaunt|Knock Off|p1a: Mismagius\n|-supereffective|p1a: Mismagius\n|-damage|p1a: Mismagius|0 fnt\n|-enditem|p1a: Mismagius|Leftovers|[from] move: Knock Off|[of] p2a: Crawdaunt\n|faint|p1a: Mismagius\n|\n|-weather|none\n|upkeep\n|\n|t:|1733777311\n|switch|p1a: Slowking|Slowking-Galar, L85, M|300/300\n|turn|21\n|\n|t:|1733777313\n|move|p2a: Crawdaunt|Knock Off|p1a: Slowking\n|-supereffective|p1a: Slowking\n|-damage|p1a: Slowking|0 fnt\n|-enditem|p1a: Slowking|Assault Vest|[from] move: Knock Off|[of] p2a: Crawdaunt\n|faint|p1a: Slowking\n|\n|win|Chosen Chungus\n|raw|Socks420's rating: 1353 &rarr; <strong>1332</strong><br />(-21 for losing)\n|raw|Chosen Chungus's rating: 1339 &rarr; <strong>1360</strong><br />(+21 for winning)\n", "inputlog": ">version bfd83cad13791eb5a5a409923076391caf6fb4d4\n>start {\"formatid\":\"gen9randombattle\",\"seed\":[62738,8983,60192,23132],\"rated\":\"Rated battle\"}\n>player p1 {\"name\":\"Socks420\",\"avatar\":\"266\",\"rating\":1353,\"seed\":[33781,64228,58415,47651]}\n>player p2 {\"name\":\"Chosen Chungus\",\"avatar\":\"170\",\"rating\":1339,\"seed\":[8954,825,58352,56016]}\n>p1 move willowisp\n>p2 switch 6\n>p1 move nastyplot\n>p2 move futuresight\n>p1 move thunderbolt\n>p2 move sludgebomb\n>p1 move thunderbolt\n>p2 switch 4\n>p1 move blizzard\n>p2 switch 4\n>p1 move thunderbolt\n>p2 switch 4\n>p1 move blizzard\n>p2 move knockoff\n>p2 switch 6\n>p1 move willowisp\n>p2 move shadowsneak\n>p1 switch 4\n>p1 move leechseed\n>p2 move gunkshot\n>p1 move recover terastallize\n>p2 switch 4\n>p1 move leechseed\n>p2 move psychicnoise\n>p1 move appleacid\n>p2 switch 4\n>p1 move leechseed\n>p2 move poltergeist\n>p1 switch 2\n>p1 move shellsmash\n>p2 move poltergeist\n>p1 move acrobatics\n>p2 move shadowsneak\n>p1 switch 5\n>p2 switch 4\n>p1 move swordsdance\n>p2 move futuresight\n>p1 move scaleshot\n>p2 switch 3\n>p2 switch 5\n>p1 move flareblitz\n>p2 switch 3\n>p1 switch 6\n>p2 switch 2\n>p1 move substitute\n>p2 move knockoff\n>p1 move shadowball\n>p2 move knockoff\n>p1 switch 3\n>p1 move sludgebomb\n>p2 move knockoff", "uploadtime": 1733777316, "views": 1, "formatid": "gen9randombattle", "rating": 1332, "private": 0, "password": null}