{"id": "gen9randombattle-2220103211", "format": "[Gen 9] Random Battle", "players": ["yuri supremacy", "ShaneTheShroomish"], "log": "|badge|p1|bronze|gen9randombattle|100-3\n|uhtml|medal-msg|<div class=\"broadcast-blue\">Curious what those medals under the avatar are? PS now has Ladder Seasons! For more information, check out the <a href=\"https://www.smogon.com/forums/threads/3740067/\">thread on Smogon.</a></div>\n|j|\u2606yuri supremacy\n|j|\u2606ShaneTheShroomish\n|t:|1728576300\n|gametype|singles\n|player|p1|yuri supremacy|leaf-masters|2307\n|player|p2|ShaneTheShroomish|pokefanf|2217\n|teamsize|p1|6\n|teamsize|p2|6\n|gen|9\n|tier|[Gen 9] Random Battle\n|rated|\n|rule|Species Clause: Limit one of each Pok\u00e9mon\n|rule|HP Percentage Mod: HP is shown in percentages\n|rule|Sleep Clause Mod: Limit one foe put to sleep\n|rule|Illusion Level Mod: Illusion disguises the Pok\u00e9mon's true level\n|\n|t:|1728576300\n|start\n|switch|p1a: Vikavolt|Vikavolt, L83, F|263/263\n|switch|p2a: Cyclizar|Cyclizar, L83, M|252/252\n|turn|1\n|inactive|Battle timer is ON: inactive players will automatically lose when time's up. (requested by yuri supremacy)\n|\n|t:|1728576310\n|move|p2a: Cyclizar|Shed Tail|p2a: Cyclizar\n|-start|p2a: Cyclizar|Substitute|[from] move: Shed Tail\n|-damage|p2a: Cyclizar|126/252\n|\n|t:|1728576313\n|switch|p2a: Snorlax|Snorlax, L82, M|397/397|[from] Shed Tail\n|move|p1a: Vikavolt|Discharge|p2a: Snorlax\n|-end|p2a: Snorlax|Substitute\n|\n|upkeep\n|turn|2\n|\n|t:|1728576315\n|move|p1a: Vikavolt|Sticky Web|p2a: Snorlax\n|-sidestart|p2: ShaneTheShroomish|move: Sticky Web\n|move|p2a: Snorlax|Curse|p2a: Snorlax\n|-unboost|p2a: Snorlax|spe|1\n|-boost|p2a: Snorlax|atk|1\n|-boost|p2a: Snorlax|def|1\n|\n|upkeep\n|turn|3\n|\n|t:|1728576318\n|switch|p1a: Luxray|Luxray, L88, M|284/284\n|move|p2a: Snorlax|Body Slam|p1a: Luxray\n|-damage|p1a: Luxray|149/284\n|\n|-status|p1a: Luxray|brn|[from] item: Flame Orb\n|upkeep\n|turn|4\n|\n|t:|1728576322\n|move|p1a: Luxray|Supercell Slam|p2a: Snorlax\n|-damage|p2a: Snorlax|237/397\n|move|p2a: Snorlax|Body Slam|p1a: Luxray\n|-damage|p1a: Luxray|1/284 brn\n|\n|-heal|p2a: Snorlax|261/397|[from] item: Leftovers\n|-damage|p1a: Luxray|0 fnt|[from] brn\n|faint|p1a: Luxray\n|upkeep\n|\n|t:|1728576329\n|switch|p1a: Bronzong|Bronzong, L88|261/261\n|turn|5\n|\n|t:|1728576334\n|switch|p2a: Decidueye|Decidueye, L88, F|281/281\n|-activate|p2a: Decidueye|move: Sticky Web\n|-unboost|p2a: Decidueye|spe|1\n|move|p1a: Bronzong|Iron Head|p2a: Decidueye\n|-damage|p2a: Decidueye|184/281\n|\n|upkeep\n|turn|6\n|\n|t:|1728576340\n|switch|p1a: Vikavolt|Vikavolt, L83, F|263/263\n|move|p2a: Decidueye|Poltergeist|p1a: Vikavolt|[miss]\n|-miss|p2a: Decidueye|p1a: Vikavolt\n|\n|upkeep\n|turn|7\n|\n|t:|1728576344\n|switch|p2a: Snorlax|Snorlax, L82, M|261/397\n|-activate|p2a: Snorlax|move: Sticky Web\n|-unboost|p2a: Snorlax|spe|1\n|move|p1a: Vikavolt|Bug Buzz|p2a: Snorlax\n|-damage|p2a: Snorlax|140/397\n|\n|-heal|p2a: Snorlax|164/397|[from] item: Leftovers\n|upkeep\n|turn|8\n|\n|t:|1728576347\n|switch|p1a: Bronzong|Bronzong, L88|261/261\n|move|p2a: Snorlax|Rest|p2a: Snorlax\n|-status|p2a: Snorlax|slp|[from] move: Rest\n|-heal|p2a: Snorlax|397/397 slp|[silent]\n|\n|upkeep\n|turn|9\n|\n|t:|1728576353\n|switch|p2a: Cyclizar|Cyclizar, L83, M|210/252\n|move|p1a: Bronzong|Iron Head|p2a: Cyclizar\n|-damage|p2a: Cyclizar|101/252\n|\n|upkeep\n|turn|10\n|\n|t:|1728576356\n|move|p2a: Cyclizar|Rapid Spin|p1a: Bronzong\n|-resisted|p1a: Bronzong\n|-damage|p1a: Bronzong|239/261\n|-boost|p2a: Cyclizar|spe|1\n|-sideend|p2: ShaneTheShroomish|Sticky Web|[from] move: Rapid Spin|[of] p2a: Cyclizar\n|move|p1a: Bronzong|Iron Head|p2a: Cyclizar\n|-damage|p2a: Cyclizar|0 fnt\n|faint|p2a: Cyclizar\n|\n|-heal|p1a: Bronzong|255/261|[from] item: Leftovers\n|upkeep\n|\n|t:|1728576359\n|switch|p2a: Decidueye|Decidueye, L88, F|184/281\n|turn|11\n|\n|t:|1728576361\n|switch|p1a: Vikavolt|Vikavolt, L83, F|263/263\n|move|p2a: Decidueye|Poltergeist|p1a: Vikavolt\n|-activate|p1a: Vikavolt|move: Poltergeist|Heavy-Duty Boots\n|-damage|p1a: Vikavolt|88/263\n|-damage|p2a: Decidueye|156/281|[from] item: Life Orb\n|\n|upkeep\n|turn|12\n|\n|t:|1728576363\n|move|p2a: Decidueye|Poltergeist|p1a: Vikavolt\n|-activate|p1a: Vikavolt|move: Poltergeist|Heavy-Duty Boots\n|-damage|p1a: Vikavolt|0 fnt\n|faint|p1a: Vikavolt\n|-damage|p2a: Decidueye|128/281|[from] item: Life Orb\n|\n|upkeep\n|\n|t:|1728576369\n|switch|p1a: Yanmega|Yanmega, L82, F|275/275\n|turn|13\n|\n|t:|1728576373\n|switch|p1a: Bronzong|Bronzong, L88|255/261\n|switch|p2a: Muk|Muk, L86, F|321/321\n|\n|-heal|p1a: Bronzong|261/261|[from] item: Leftovers\n|upkeep\n|turn|14\n|\n|t:|1728576377\n|move|p2a: Muk|Knock Off|p1a: Bronzong\n|-supereffective|p1a: Bronzong\n|-damage|p1a: Bronzong|151/261\n|-enditem|p1a: Bronzong|Leftovers|[from] move: Knock Off|[of] p2a: Muk\n|move|p1a: Bronzong|Earthquake|p2a: Muk\n|-supereffective|p2a: Muk\n|-damage|p2a: Muk|159/321\n|\n|-heal|p2a: Muk|179/321|[from] item: Leftovers\n|upkeep\n|turn|15\n|\n|t:|1728576382\n|move|p2a: Muk|Knock Off|p1a: Bronzong\n|-supereffective|p1a: Bronzong\n|-damage|p1a: Bronzong|73/261\n|move|p1a: Bronzong|Psychic Noise|p2a: Muk\n|-supereffective|p2a: Muk\n|-damage|p2a: Muk|33/321\n|-start|p2a: Muk|move: Heal Block\n|\n|upkeep\n|turn|16\n|\n|t:|1728576387\n|move|p2a: Muk|Knock Off|p1a: Bronzong\n|-supereffective|p1a: Bronzong\n|-damage|p1a: Bronzong|0 fnt\n|faint|p1a: Bronzong\n|\n|-end|p2a: Muk|move: Heal Block\n|upkeep\n|\n|t:|1728576390\n|switch|p1a: Koraidon|Koraidon, L64|235/235\n|-weather|SunnyDay|[from] ability: Orichalcum Pulse|[of] p1a: Koraidon\n|-activate|p1a: Koraidon|Orichalcum Pulse|[source]\n|turn|17\n|\n|t:|1728576393\n|move|p1a: Koraidon|Collision Course|p2a: Muk\n|-resisted|p2a: Muk\n|-damage|p2a: Muk|0 fnt\n|faint|p2a: Muk\n|\n|-weather|SunnyDay|[upkeep]\n|upkeep\n|\n|t:|1728576399\n|switch|p2a: Lumineon|Lumineon, L93, M|279/279\n|turn|18\n|\n|t:|1728576404\n|switch|p1a: Florges|Florges-Blue, L85, F|271/271\n|move|p2a: Lumineon|Alluring Voice|p1a: Florges\n|-damage|p1a: Florges|238/271\n|\n|-weather|SunnyDay|[upkeep]\n|-heal|p1a: Florges|254/271|[from] item: Leftovers\n|upkeep\n|turn|19\n|\n|t:|1728576408\n|move|p2a: Lumineon|Hydro Pump|p1a: Florges|[miss]\n|-miss|p2a: Lumineon|p1a: Florges\n|move|p1a: Florges|Moonblast|p2a: Lumineon\n|-damage|p2a: Lumineon|170/279\n|-unboost|p2a: Lumineon|spa|1\n|\n|-weather|SunnyDay|[upkeep]\n|-heal|p1a: Florges|270/271|[from] item: Leftovers\n|upkeep\n|turn|20\n|\n|t:|1728576413\n|move|p2a: Lumineon|U-turn|p1a: Florges\n|-resisted|p1a: Florges\n|-damage|p1a: Florges|244/271\n|\n|t:|1728576414\n|switch|p2a: Snorlax|Snorlax, L82, M|397/397 slp|[from] U-turn\n|move|p1a: Florges|Wish|p1a: Florges\n|\n|-weather|SunnyDay|[upkeep]\n|-heal|p1a: Florges|260/271|[from] item: Leftovers\n|upkeep\n|turn|21\n|\n|t:|1728576417\n|switch|p1a: Koraidon|Koraidon, L64|235/235\n|-activate|p1a: Koraidon|ability: Orichalcum Pulse\n|cant|p2a: Snorlax|slp\n|move|p2a: Snorlax|Sleep Talk|p2a: Snorlax\n|move|p2a: Snorlax|Body Slam|p1a: Koraidon|[from]move: Sleep Talk\n|-damage|p1a: Koraidon|139/235\n|\n|-weather|none\n|-heal|p1a: Koraidon|235/235|[from] move: Wish|[wisher] Florges\n|upkeep\n|turn|22\n|\n|t:|1728576428\n|-terastallize|p2a: Snorlax|Fairy\n|move|p1a: Koraidon|Collision Course|p2a: Snorlax\n|-resisted|p2a: Snorlax\n|-damage|p2a: Snorlax|349/397 slp\n|cant|p2a: Snorlax|slp\n|move|p2a: Snorlax|Sleep Talk|p2a: Snorlax\n|move|p2a: Snorlax|Rest||[from]move: Sleep Talk|[still]\n|-fail|p2a: Snorlax\n|\n|-heal|p2a: Snorlax|373/397 slp|[from] item: Leftovers\n|upkeep\n|turn|23\n|\n|t:|1728576433\n|switch|p1a: Florges|Florges-Blue, L85, F|260/271\n|-curestatus|p2a: Snorlax|slp|[msg]\n|move|p2a: Snorlax|Curse|p2a: Snorlax\n|-unboost|p2a: Snorlax|spe|1\n|-boost|p2a: Snorlax|atk|1\n|-boost|p2a: Snorlax|def|1\n|\n|-heal|p1a: Florges|271/271|[from] item: Leftovers\n|-heal|p2a: Snorlax|397/397|[from] item: Leftovers\n|upkeep\n|turn|24\n|\n|t:|1728576438\n|move|p1a: Florges|Calm Mind|p1a: Florges\n|-boost|p1a: Florges|spa|1\n|-boost|p1a: Florges|spd|1\n|move|p2a: Snorlax|Body Slam|p1a: Florges\n|-damage|p1a: Florges|99/271\n|\n|-heal|p1a: Florges|115/271|[from] item: Leftovers\n|upkeep\n|turn|25\n|\n|t:|1728576440\n|move|p1a: Florges|Moonblast|p2a: Snorlax\n|-damage|p2a: Snorlax|259/397\n|move|p2a: Snorlax|Body Slam|p1a: Florges\n|-damage|p1a: Florges|0 fnt\n|faint|p1a: Florges\n|\n|-heal|p2a: Snorlax|283/397|[from] item: Leftovers\n|upkeep\n|\n|t:|1728576442\n|switch|p1a: Koraidon|Koraidon, L64|235/235\n|-weather|SunnyDay|[from] ability: Orichalcum Pulse|[of] p1a: Koraidon\n|-activate|p1a: Koraidon|Orichalcum Pulse|[source]\n|turn|26\n|\n|t:|1728576444\n|-terastallize|p1a: Koraidon|Fire\n|move|p1a: Koraidon|Swords Dance|p1a: Koraidon\n|-boost|p1a: Koraidon|atk|2\n|move|p2a: Snorlax|Body Slam|p1a: Koraidon\n|-damage|p1a: Koraidon|96/235\n|-status|p1a: Koraidon|par\n|\n|-weather|SunnyDay|[upkeep]\n|-heal|p2a: Snorlax|307/397|[from] item: Leftovers\n|upkeep\n|turn|27\n|-message|yuri supremacy forfeited.\n|\n|win|ShaneTheShroomish\n|raw|yuri supremacy's rating: 2307 &rarr; <strong>2282</strong><br />(-25 for losing)\n|raw|ShaneTheShroomish's rating: 2217 &rarr; <strong>2242</strong><br />(+25 for winning)\n|l|\u2606yuri supremacy\n|player|p1|\n", "inputlog": ">version 07a496376195f222b7c6b2699e264b68c37d3bc4\n>start {\"formatid\":\"gen9randombattle\",\"seed\":[36149,28300,25740,64110],\"rated\":\"Rated battle\"}\n>player p1 {\"name\":\"yuri supremacy\",\"avatar\":\"leaf-masters\",\"rating\":2307,\"seed\":[17821,40769,31821,31240]}\n>player p2 {\"name\":\"ShaneTheShroomish\",\"avatar\":\"pokefanf\",\"rating\":2217,\"seed\":[63420,18705,29993,49586]}\n>p1 move discharge\n>p2 move shedtail\n>p2 switch 4\n>p1 move stickyweb\n>p2 move curse\n>p1 switch 4\n>p2 move bodyslam\n>p1 move supercellslam\n>p2 move bodyslam\n>p1 switch 5\n>p1 move ironhead\n>p2 switch 3\n>p1 switch 4\n>p2 move poltergeist\n>p1 move bugbuzz\n>p2 switch 3\n>p1 switch 4\n>p2 move rest\n>p1 move ironhead\n>p2 switch 4\n>p1 move ironhead\n>p2 move rapidspin\n>p2 switch 3\n>p1 switch 4\n>p2 move poltergeist\n>p1 move bugbuzz\n>p2 move poltergeist\n>p1 switch 3\n>p1 switch 4\n>p2 switch 6\n>p1 move earthquake\n>p2 move knockoff\n>p1 move psychicnoise\n>p2 move knockoff\n>p1 move hypnosis\n>p2 move knockoff\n>p1 switch 2\n>p1 move collisioncourse\n>p2 move haze\n>p2 switch 5\n>p1 switch 6\n>p2 move alluringvoice\n>p1 move moonblast\n>p2 move hydropump\n>p1 move wish\n>p2 move uturn\n>p2 switch 4\n>p1 switch 6\n>p2 move sleeptalk\n>p1 move collisioncourse\n>p2 move sleeptalk terastallize\n>p1 switch 6\n>p2 move curse\n>p1 move calmmind\n>p2 move bodyslam\n>p1 move moonblast\n>p2 move bodyslam\n>p1 switch 6\n>p1 move swordsdance terastallize\n>p2 move bodyslam\n>forcelose p1", "uploadtime": 1728576452, "views": 63, "formatid": "gen9randombattle", "rating": 2242, "private": 0, "password": null}