{"id": "gen9randombattle-2260726138", "format": "[Gen 9] Random Battle", "players": ["Emerald7000", "KidBoyGuyMan"], "log": "|j|\u2606Emerald7000\n|j|\u2606KidBoyGuyMan\n|t:|1733883478\n|gametype|singles\n|player|p1|Emerald7000|acetrainer-gen4dp|1072\n|player|p2|KidBoyGuyMan|marshal|1047\n|teamsize|p1|6\n|teamsize|p2|6\n|gen|9\n|tier|[Gen 9] Random Battle\n|rated|\n|rule|Species Clause: Limit one of each Pok\u00e9mon\n|rule|HP Percentage Mod: HP is shown in percentages\n|rule|Sleep Clause Mod: Limit one foe put to sleep\n|rule|Illusion Level Mod: Illusion disguises the Pok\u00e9mon's true level\n|\n|t:|1733883478\n|start\n|switch|p1a: Sudowoodo|Sudowoodo, L94, F|284/284\n|switch|p2a: Volcanion|Volcanion, L79|256/256\n|turn|1\n|\n|t:|1733883496\n|switch|p2a: Whimsicott|Whimsicott, L85, M|241/241\n|move|p1a: Sudowoodo|Head Smash|p2a: Whimsicott\n|-damage|p2a: Whimsicott|37/241\n|\n|-heal|p2a: Whimsicott|52/241|[from] item: Leftovers\n|upkeep\n|turn|2\n|\n|t:|1733883508\n|move|p2a: Whimsicott|Leech Seed|p1a: Sudowoodo\n|-start|p1a: Sudowoodo|move: Leech Seed\n|move|p1a: Sudowoodo|Sucker Punch||[still]\n|-fail|p1a: Sudowoodo\n|\n|-heal|p2a: Whimsicott|67/241|[from] item: Leftovers\n|-damage|p1a: Sudowoodo|249/284|[from] Leech Seed|[of] p2a: Whimsicott\n|-heal|p2a: Whimsicott|102/241|[silent]\n|upkeep\n|turn|3\n|\n|t:|1733883517\n|move|p2a: Whimsicott|Moonblast|p1a: Sudowoodo\n|-damage|p1a: Sudowoodo|143/284\n|move|p1a: Sudowoodo|Stealth Rock|p2a: Whimsicott\n|-sidestart|p2: KidBoyGuyMan|move: Stealth Rock\n|\n|-heal|p2a: Whimsicott|117/241|[from] item: Leftovers\n|-heal|p1a: Sudowoodo|160/284|[from] item: Leftovers\n|-damage|p1a: Sudowoodo|125/284|[from] Leech Seed|[of] p2a: Whimsicott\n|-heal|p2a: Whimsicott|152/241|[silent]\n|upkeep\n|turn|4\n|\n|t:|1733883529\n|move|p2a: Whimsicott|Leech Seed||[still]\n|-fail|p2a: Whimsicott\n|move|p1a: Sudowoodo|Head Smash|p2a: Whimsicott|[miss]\n|-miss|p1a: Sudowoodo|p2a: Whimsicott\n|\n|-heal|p2a: Whimsicott|167/241|[from] item: Leftovers\n|-heal|p1a: Sudowoodo|142/284|[from] item: Leftovers\n|-damage|p1a: Sudowoodo|107/284|[from] Leech Seed|[of] p2a: Whimsicott\n|-heal|p2a: Whimsicott|202/241|[silent]\n|upkeep\n|turn|5\n|inactive|Battle timer is ON: inactive players will automatically lose when time's up. (requested by Emerald7000)\n|\n|t:|1733883552\n|move|p2a: Whimsicott|Substitute|p2a: Whimsicott\n|-start|p2a: Whimsicott|Substitute\n|-damage|p2a: Whimsicott|142/241\n|move|p1a: Sudowoodo|Head Smash|p2a: Whimsicott\n|-end|p2a: Whimsicott|Substitute\n|\n|-heal|p2a: Whimsicott|157/241|[from] item: Leftovers\n|-heal|p1a: Sudowoodo|124/284|[from] item: Leftovers\n|-damage|p1a: Sudowoodo|89/284|[from] Leech Seed|[of] p2a: Whimsicott\n|-heal|p2a: Whimsicott|192/241|[silent]\n|upkeep\n|turn|6\n|\n|t:|1733883564\n|move|p2a: Whimsicott|Hurricane|p1a: Sudowoodo\n|-resisted|p1a: Sudowoodo\n|-damage|p1a: Sudowoodo|50/284\n|move|p1a: Sudowoodo|Head Smash|p2a: Whimsicott\n|-damage|p2a: Whimsicott|2/241\n|\n|-heal|p2a: Whimsicott|17/241|[from] item: Leftovers\n|-heal|p1a: Sudowoodo|67/284|[from] item: Leftovers\n|-damage|p1a: Sudowoodo|32/284|[from] Leech Seed|[of] p2a: Whimsicott\n|-heal|p2a: Whimsicott|52/241|[silent]\n|upkeep\n|turn|7\n|\n|t:|1733883585\n|move|p2a: Whimsicott|Moonblast|p1a: Sudowoodo\n|-damage|p1a: Sudowoodo|0 fnt\n|faint|p1a: Sudowoodo\n|\n|-heal|p2a: Whimsicott|67/241|[from] item: Leftovers\n|upkeep\n|\n|t:|1733883594\n|switch|p1a: Camerupt|Camerupt, L91, M|275/275\n|turn|8\n|\n|t:|1733883608\n|switch|p2a: Appletun|Appletun, L92, F|352/352\n|-damage|p2a: Appletun|308/352|[from] Stealth Rock\n|move|p1a: Camerupt|Will-O-Wisp|p2a: Appletun\n|-status|p2a: Appletun|brn\n|\n|-heal|p2a: Appletun|330/352 brn|[from] item: Leftovers\n|-damage|p2a: Appletun|308/352 brn|[from] brn\n|upkeep\n|turn|9\n|\n|t:|1733883632\n|switch|p2a: Blaziken|Blaziken, L76, F|247/247\n|-damage|p2a: Blaziken|217/247|[from] Stealth Rock\n|move|p1a: Camerupt|Earthquake|p2a: Blaziken\n|-supereffective|p2a: Blaziken\n|-damage|p2a: Blaziken|0 fnt\n|faint|p2a: Blaziken\n|\n|upkeep\n|\n|t:|1733883644\n|switch|p2a: Azumarill|Azumarill, L82, M|298/298\n|-damage|p2a: Azumarill|261/298|[from] Stealth Rock\n|turn|10\n|\n|t:|1733883657\n|-terastallize|p1a: Camerupt|Grass\n|move|p2a: Azumarill|Aqua Jet|p1a: Camerupt\n|-resisted|p1a: Camerupt\n|-damage|p1a: Camerupt|235/275\n|move|p1a: Camerupt|Earthquake|p2a: Azumarill\n|-damage|p2a: Azumarill|114/298\n|\n|-heal|p1a: Camerupt|252/275|[from] item: Leftovers\n|upkeep\n|turn|11\n|\n|t:|1733883670\n|switch|p2a: Volcanion|Volcanion, L79|256/256\n|move|p1a: Camerupt|Earthquake|p2a: Volcanion\n|-supereffective|p2a: Volcanion\n|-damage|p2a: Volcanion|32/256\n|\n|-heal|p1a: Camerupt|269/275|[from] item: Leftovers\n|upkeep\n|turn|12\n|\n|t:|1733883687\n|move|p2a: Volcanion|Flamethrower|p1a: Camerupt\n|-supereffective|p1a: Camerupt\n|-damage|p1a: Camerupt|107/275\n|-status|p1a: Camerupt|brn\n|move|p1a: Camerupt|Roar|p2a: Volcanion\n|drag|p2a: Appletun|Appletun, L92, F|308/352 brn\n|-damage|p2a: Appletun|264/352 brn|[from] Stealth Rock\n|\n|-heal|p1a: Camerupt|124/275 brn|[from] item: Leftovers\n|-heal|p2a: Appletun|286/352 brn|[from] item: Leftovers\n|-damage|p1a: Camerupt|107/275 brn|[from] brn\n|-damage|p2a: Appletun|264/352 brn|[from] brn\n|upkeep\n|turn|13\n|inactive|Emerald7000 has 120 seconds left.\n|\n|t:|1733883702\n|move|p1a: Camerupt|Earthquake|p2a: Appletun\n|-resisted|p2a: Appletun\n|-damage|p2a: Appletun|232/352 brn\n|move|p2a: Appletun|Draco Meteor|p1a: Camerupt\n|-damage|p1a: Camerupt|0 fnt\n|-unboost|p2a: Appletun|spa|2\n|faint|p1a: Camerupt\n|\n|-heal|p2a: Appletun|254/352 brn|[from] item: Leftovers\n|-damage|p2a: Appletun|232/352 brn|[from] brn\n|upkeep\n|inactive|Emerald7000 has 120 seconds left.\n|\n|t:|1733883718\n|switch|p1a: Flamigo|Flamigo, L82, M|269/269\n|turn|14\n|\n|t:|1733883727\n|move|p1a: Flamigo|Brave Bird|p2a: Appletun\n|-supereffective|p2a: Appletun\n|-damage|p2a: Appletun|0 fnt\n|faint|p2a: Appletun\n|-damage|p1a: Flamigo|192/269|[from] Recoil\n|\n|upkeep\n|\n|t:|1733883735\n|switch|p2a: Pawmot|Pawmot, L80, F|243/243\n|-damage|p2a: Pawmot|228/243|[from] Stealth Rock\n|turn|15\n|\n|t:|1733883741\n|move|p2a: Pawmot|Close Combat|p1a: Flamigo\n|-resisted|p1a: Flamigo\n|-damage|p1a: Flamigo|96/269\n|-unboost|p2a: Pawmot|def|1\n|-unboost|p2a: Pawmot|spd|1\n|-damage|p2a: Pawmot|204/243|[from] item: Life Orb\n|move|p1a: Flamigo|Brave Bird|p2a: Pawmot\n|-damage|p2a: Pawmot|0 fnt\n|faint|p2a: Pawmot\n|-damage|p1a: Flamigo|29/269|[from] Recoil\n|\n|upkeep\n|\n|t:|1733883754\n|switch|p2a: Whimsicott|Whimsicott, L85, M|67/241\n|-damage|p2a: Whimsicott|37/241|[from] Stealth Rock\n|turn|16\n|\n|t:|1733883759\n|move|p2a: Whimsicott|Moonblast|p1a: Flamigo\n|-supereffective|p1a: Flamigo\n|-damage|p1a: Flamigo|0 fnt\n|faint|p1a: Flamigo\n|\n|-heal|p2a: Whimsicott|52/241|[from] item: Leftovers\n|upkeep\n|\n|t:|1733883776\n|switch|p1a: Bronzong|Bronzong, L88|261/261\n|turn|17\n|\n|t:|1733883790\n|move|p2a: Whimsicott|Hurricane|p1a: Bronzong\n|-resisted|p1a: Bronzong\n|-damage|p1a: Bronzong|237/261\n|move|p1a: Bronzong|Iron Head|p2a: Whimsicott\n|-supereffective|p2a: Whimsicott\n|-damage|p2a: Whimsicott|0 fnt\n|faint|p2a: Whimsicott\n|\n|-heal|p1a: Bronzong|253/261|[from] item: Leftovers\n|upkeep\n|\n|t:|1733883798\n|switch|p2a: Azumarill|Azumarill, L82, M|114/298\n|-damage|p2a: Azumarill|77/298|[from] Stealth Rock\n|turn|18\n|\n|t:|1733883808\n|move|p2a: Azumarill|Liquidation|p1a: Bronzong\n|-damage|p1a: Bronzong|132/261\n|move|p1a: Bronzong|Iron Head|p2a: Azumarill\n|-damage|p2a: Azumarill|0 fnt\n|faint|p2a: Azumarill\n|\n|-heal|p1a: Bronzong|148/261|[from] item: Leftovers\n|upkeep\n|\n|t:|1733883815\n|switch|p2a: Volcanion|Volcanion, L79|32/256\n|turn|19\n|\n|t:|1733883823\n|move|p2a: Volcanion|Flamethrower|p1a: Bronzong\n|-supereffective|p1a: Bronzong\n|-damage|p1a: Bronzong|0 fnt\n|faint|p1a: Bronzong\n|\n|upkeep\n|\n|t:|1733883831\n|switch|p1a: Hippowdon|Hippowdon, L82, F|311/311\n|-weather|Sandstorm|[from] ability: Sand Stream|[of] p1a: Hippowdon\n|turn|20\n|\n|t:|1733883839\n|move|p2a: Volcanion|Steam Eruption|p1a: Hippowdon\n|-supereffective|p1a: Hippowdon\n|-damage|p1a: Hippowdon|0 fnt\n|faint|p1a: Hippowdon\n|\n|-weather|Sandstorm|[upkeep]\n|-damage|p2a: Volcanion|16/256|[from] Sandstorm\n|upkeep\n|\n|t:|1733883848\n|switch|p1a: Spectrier|Spectrier, L75|274/274\n|turn|21\n|\n|t:|1733883863\n|-terastallize|p2a: Volcanion|Ground\n|move|p1a: Spectrier|Shadow Ball|p2a: Volcanion\n|-damage|p2a: Volcanion|0 fnt\n|faint|p2a: Volcanion\n|\n|win|Emerald7000\n|raw|Emerald7000's rating: 1053 &rarr; <strong>1084</strong><br />(+31 for winning)\n|raw|KidBoyGuyMan's rating: 1047 &rarr; <strong>1030</strong><br />(-17 for losing)\n|l|\u2606KidBoyGuyMan\n|player|p2|\n", "inputlog": ">version bfd83cad13791eb5a5a409923076391caf6fb4d4\n>start {\"formatid\":\"gen9randombattle\",\"seed\":[45029,12016,59818,6607],\"rated\":\"Rated battle\"}\n>player p1 {\"name\":\"Emerald7000\",\"avatar\":\"acetrainer-gen4dp\",\"rating\":1072,\"seed\":[15490,27037,9129,18338]}\n>player p2 {\"name\":\"KidBoyGuyMan\",\"avatar\":\"marshal\",\"rating\":1047,\"seed\":[64778,31786,27090,46481]}\n>p1 move headsmash\n>p2 switch 4\n>p1 move suckerpunch\n>p2 move leechseed\n>p1 move stealthrock\n>p2 move moonblast\n>p1 move headsmash\n>p2 move leechseed\n>p1 move headsmash\n>p2 move substitute\n>p1 move headsmash\n>p2 move hurricane\n>p1 move headsmash\n>p2 move moonblast\n>p1 switch 5\n>p1 move willowisp\n>p2 switch 2\n>p1 move earthquake\n>p2 switch 6\n>p2 switch 5\n>p1 move earthquake terastallize\n>p2 move aquajet\n>p1 move earthquake\n>p2 switch 4\n>p1 move roar\n>p2 move flamethrower\n>p1 move earthquake\n>p2 move dracometeor\n>p1 switch 6\n>p1 move bravebird\n>p2 move recover\n>p2 switch 3\n>p1 move bravebird\n>p2 move closecombat\n>p2 switch 2\n>p1 move bravebird\n>p2 move moonblast\n>p1 switch 2\n>p1 move ironhead\n>p2 move hurricane\n>p2 switch 4\n>p1 move ironhead\n>p2 move liquidation\n>p2 switch 6\n>p1 move earthquake\n>p2 move flamethrower\n>p1 switch 4\n>p1 move earthquake\n>p2 move steameruption\n>p1 switch 3\n>p1 move shadowball\n>p2 move earthpower terastallize", "uploadtime": 1733883873, "views": 5, "formatid": "gen9randombattle", "rating": 1030, "private": 0, "password": null}