{"id": "gen9randombattle-2260294348", "format": "[Gen 9] Random Battle", "players": ["Shxds!", "SanBai300"], "log": "|j|\u2606Shxds!\n|j|\u2606SanBai300\n|t:|1733836347\n|gametype|singles\n|player|p1|Shxds!|170|1325\n|player|p2|SanBai300|unknown|1349\n|teamsize|p1|6\n|teamsize|p2|6\n|gen|9\n|tier|[Gen 9] Random Battle\n|rated|\n|rule|Species Clause: Limit one of each Pok\u00e9mon\n|rule|HP Percentage Mod: HP is shown in percentages\n|rule|Sleep Clause Mod: Limit one foe put to sleep\n|rule|Illusion Level Mod: Illusion disguises the Pok\u00e9mon's true level\n|\n|t:|1733836347\n|start\n|switch|p1a: Okidogi|Okidogi, L77, M|262/262\n|switch|p2a: Rotom|Rotom-Heat, L83|219/219\n|turn|1\n|inactive|Battle timer is ON: inactive players will automatically lose when time's up. (requested by SanBai300)\n|inactive|Shxds! has 120 seconds left.\n|\n|t:|1733836382\n|switch|p1a: Salazzle|Salazzle, L83, F|249/249\n|move|p2a: Rotom|Will-O-Wisp|p1a: Salazzle\n|-immune|p1a: Salazzle\n|\n|upkeep\n|turn|2\n|\n|t:|1733836411\n|move|p1a: Salazzle|Nasty Plot|p1a: Salazzle\n|-boost|p1a: Salazzle|spa|2\n|move|p2a: Rotom|Thunderbolt|p1a: Salazzle\n|-damage|p1a: Salazzle|117/249\n|\n|upkeep\n|turn|3\n|\n|t:|1733836419\n|move|p1a: Salazzle|Sludge Wave|p2a: Rotom\n|-damage|p2a: Rotom|35/219\n|move|p2a: Rotom|Thunderbolt|p1a: Salazzle\n|-damage|p1a: Salazzle|0 fnt\n|faint|p1a: Salazzle\n|\n|upkeep\n|\n|t:|1733836432\n|switch|p1a: Smeargle|Smeargle, L95, F|258/258\n|turn|4\n|\n|t:|1733836442\n|move|p1a: Smeargle|Spore|p2a: Rotom\n|-status|p2a: Rotom|slp|[from] move: Spore\n|cant|p2a: Rotom|slp\n|\n|upkeep\n|turn|5\n|\n|t:|1733836454\n|switch|p2a: Dodrio|Dodrio, L86, M|243/243\n|move|p1a: Smeargle|Sticky Web|p2a: Dodrio\n|-sidestart|p2: SanBai300|move: Sticky Web\n|\n|upkeep\n|turn|6\n|\n|t:|1733836464\n|move|p2a: Dodrio|Swords Dance|p2a: Dodrio\n|-boost|p2a: Dodrio|atk|2\n|move|p1a: Smeargle|Ceaseless Edge|p2a: Dodrio\n|-damage|p2a: Dodrio|215/243\n|-sidestart|p2: SanBai300|Spikes\n|\n|upkeep\n|turn|7\n|\n|t:|1733836471\n|move|p2a: Dodrio|Swords Dance|p2a: Dodrio\n|-boost|p2a: Dodrio|atk|2\n|move|p1a: Smeargle|Whirlwind|p2a: Dodrio\n|drag|p2a: Snorlax|Snorlax, L82, M|397/397\n|-activate|p2a: Snorlax|move: Sticky Web\n|-unboost|p2a: Snorlax|spe|1\n|-damage|p2a: Snorlax|348/397|[from] Spikes\n|\n|-heal|p2a: Snorlax|372/397|[from] item: Leftovers\n|upkeep\n|turn|8\n|\n|t:|1733836491\n|switch|p1a: Klefki|Klefki, L84, M|233/233\n|move|p2a: Snorlax|Body Slam|p1a: Klefki\n|-resisted|p1a: Klefki\n|-damage|p1a: Klefki|189/233\n|-status|p1a: Klefki|par\n|\n|-heal|p1a: Klefki|203/233 par|[from] item: Leftovers\n|-heal|p2a: Snorlax|396/397|[from] item: Leftovers\n|upkeep\n|turn|9\n|\n|t:|1733836503\n|cant|p1a: Klefki|par\n|move|p2a: Snorlax|Curse|p2a: Snorlax\n|-unboost|p2a: Snorlax|spe|1\n|-boost|p2a: Snorlax|atk|1\n|-boost|p2a: Snorlax|def|1\n|\n|-heal|p1a: Klefki|217/233 par|[from] item: Leftovers\n|-heal|p2a: Snorlax|397/397|[from] item: Leftovers\n|upkeep\n|turn|10\n|\n|t:|1733836514\n|move|p1a: Klefki|Thunder Wave|p2a: Snorlax\n|-status|p2a: Snorlax|par\n|move|p2a: Snorlax|Body Slam|p1a: Klefki\n|-resisted|p1a: Klefki\n|-damage|p1a: Klefki|143/233 par\n|\n|-heal|p1a: Klefki|157/233 par|[from] item: Leftovers\n|upkeep\n|turn|11\n|\n|t:|1733836533\n|move|p1a: Klefki|Spikes|p2a: Snorlax\n|-sidestart|p2: SanBai300|Spikes\n|cant|p2a: Snorlax|par\n|\n|-heal|p1a: Klefki|171/233 par|[from] item: Leftovers\n|upkeep\n|turn|12\n|\n|t:|1733836541\n|cant|p1a: Klefki|par\n|move|p2a: Snorlax|Curse|p2a: Snorlax\n|-unboost|p2a: Snorlax|spe|1\n|-boost|p2a: Snorlax|atk|1\n|-boost|p2a: Snorlax|def|1\n|\n|-heal|p1a: Klefki|185/233 par|[from] item: Leftovers\n|upkeep\n|turn|13\n|\n|t:|1733836550\n|move|p1a: Klefki|Spikes|p2a: Snorlax\n|-sidestart|p2: SanBai300|Spikes\n|move|p2a: Snorlax|Body Slam|p1a: Klefki\n|-resisted|p1a: Klefki\n|-damage|p1a: Klefki|98/233 par\n|\n|-heal|p1a: Klefki|112/233 par|[from] item: Leftovers\n|upkeep\n|turn|14\n|\n|t:|1733836558\n|move|p1a: Klefki|Play Rough|p2a: Snorlax\n|-damage|p2a: Snorlax|348/397 par\n|move|p2a: Snorlax|Body Slam|p1a: Klefki\n|-resisted|p1a: Klefki\n|-damage|p1a: Klefki|26/233 par\n|\n|-heal|p1a: Klefki|40/233 par|[from] item: Leftovers\n|-heal|p2a: Snorlax|372/397 par|[from] item: Leftovers\n|upkeep\n|turn|15\n|\n|t:|1733836573\n|move|p1a: Klefki|Play Rough|p2a: Snorlax\n|-damage|p2a: Snorlax|318/397 par\n|move|p2a: Snorlax|Body Slam|p1a: Klefki\n|-resisted|p1a: Klefki\n|-damage|p1a: Klefki|0 fnt\n|faint|p1a: Klefki\n|\n|-heal|p2a: Snorlax|342/397 par|[from] item: Leftovers\n|upkeep\n|\n|t:|1733836583\n|switch|p1a: Okidogi|Okidogi, L77, M|262/262\n|turn|16\n|\n|t:|1733836595\n|move|p1a: Okidogi|Knock Off|p2a: Snorlax\n|-damage|p2a: Snorlax|299/397 par\n|-enditem|p2a: Snorlax|Leftovers|[from] move: Knock Off|[of] p1a: Okidogi\n|cant|p2a: Snorlax|par\n|\n|upkeep\n|turn|17\n|\n|t:|1733836610\n|move|p1a: Okidogi|Drain Punch|p2a: Snorlax\n|-supereffective|p2a: Snorlax\n|-damage|p2a: Snorlax|195/397 par\n|cant|p2a: Snorlax|par\n|\n|upkeep\n|turn|18\n|\n|t:|1733836628\n|move|p1a: Okidogi|Bulk Up|p1a: Okidogi\n|-boost|p1a: Okidogi|atk|1\n|-boost|p1a: Okidogi|def|1\n|move|p2a: Snorlax|Rest|p2a: Snorlax\n|-status|p2a: Snorlax|slp|[from] move: Rest\n|-heal|p2a: Snorlax|397/397 slp|[silent]\n|\n|upkeep\n|turn|19\n|\n|t:|1733836636\n|move|p1a: Okidogi|Drain Punch|p2a: Snorlax\n|-supereffective|p2a: Snorlax\n|-damage|p2a: Snorlax|251/397 slp\n|cant|p2a: Snorlax|slp\n|move|p2a: Snorlax|Sleep Talk|p2a: Snorlax\n|move|p2a: Snorlax|Body Slam|p1a: Okidogi|[from]move: Sleep Talk\n|-damage|p1a: Okidogi|145/262\n|\n|-heal|p1a: Okidogi|161/262|[from] item: Leftovers\n|upkeep\n|turn|20\n|\n|t:|1733836656\n|move|p1a: Okidogi|Knock Off|p2a: Snorlax\n|-damage|p2a: Snorlax|203/397 slp\n|cant|p2a: Snorlax|slp\n|move|p2a: Snorlax|Sleep Talk|p2a: Snorlax\n|move|p2a: Snorlax|Rest||[from]move: Sleep Talk|[still]\n|-fail|p2a: Snorlax\n|\n|-heal|p1a: Okidogi|177/262|[from] item: Leftovers\n|upkeep\n|turn|21\n|\n|t:|1733836669\n|move|p1a: Okidogi|Drain Punch|p2a: Snorlax\n|-supereffective|p2a: Snorlax\n|-damage|p2a: Snorlax|45/397 slp\n|-heal|p1a: Okidogi|256/262|[from] drain|[of] p2a: Snorlax\n|-curestatus|p2a: Snorlax|slp|[msg]\n|move|p2a: Snorlax|Body Slam|p1a: Okidogi\n|-damage|p1a: Okidogi|135/262\n|\n|-heal|p1a: Okidogi|151/262|[from] item: Leftovers\n|upkeep\n|turn|22\n|\n|t:|1733836683\n|move|p1a: Okidogi|Drain Punch|p2a: Snorlax\n|-supereffective|p2a: Snorlax\n|-damage|p2a: Snorlax|0 fnt\n|-heal|p1a: Okidogi|174/262|[from] drain|[of] p2a: Snorlax\n|faint|p2a: Snorlax\n|\n|-heal|p1a: Okidogi|190/262|[from] item: Leftovers\n|upkeep\n|\n|t:|1733836698\n|switch|p2a: Rotom|Rotom-Heat, L83|35/219 slp\n|turn|23\n|\n|t:|1733836709\n|cant|p2a: Rotom|slp\n|move|p1a: Okidogi|Knock Off|p2a: Rotom\n|-damage|p2a: Rotom|0 fnt\n|-enditem|p2a: Rotom|Heavy-Duty Boots|[from] move: Knock Off|[of] p1a: Okidogi\n|faint|p2a: Rotom\n|\n|-heal|p1a: Okidogi|206/262|[from] item: Leftovers\n|upkeep\n|\n|t:|1733836722\n|switch|p2a: Dodrio|Dodrio, L86, M|215/243\n|turn|24\n|\n|t:|1733836737\n|move|p2a: Dodrio|Swords Dance|p2a: Dodrio\n|-boost|p2a: Dodrio|atk|2\n|move|p1a: Okidogi|Gunk Shot|p2a: Dodrio\n|-damage|p2a: Dodrio|0 fnt\n|faint|p2a: Dodrio\n|\n|-heal|p1a: Okidogi|222/262|[from] item: Leftovers\n|upkeep\n|\n|t:|1733836749\n|switch|p2a: Mamoswine|Mamoswine, L81, M|311/311\n|-activate|p2a: Mamoswine|move: Sticky Web\n|-unboost|p2a: Mamoswine|spe|1\n|-damage|p2a: Mamoswine|234/311|[from] Spikes\n|turn|25\n|\n|t:|1733836764\n|-terastallize|p2a: Mamoswine|Ground\n|move|p1a: Okidogi|Gunk Shot|p2a: Mamoswine\n|-resisted|p2a: Mamoswine\n|-crit|p2a: Mamoswine\n|-damage|p2a: Mamoswine|62/311\n|-status|p2a: Mamoswine|tox|[from] ability: Toxic Chain|[of] p1a: Okidogi\n|move|p2a: Mamoswine|Earthquake|p1a: Okidogi\n|-supereffective|p1a: Okidogi\n|-damage|p1a: Okidogi|0 fnt\n|faint|p1a: Okidogi\n|\n|-damage|p2a: Mamoswine|43/311 tox|[from] psn\n|upkeep\n|\n|t:|1733836784\n|switch|p1a: Umbreon|Umbreon, L84, M|297/297\n|turn|26\n|\n|t:|1733836796\n|move|p1a: Umbreon|Foul Play|p2a: Mamoswine\n|-damage|p2a: Mamoswine|0 fnt\n|faint|p2a: Mamoswine\n|\n|upkeep\n|\n|t:|1733836804\n|switch|p2a: Zebstrika|Zebstrika, L87, F|272/272\n|-activate|p2a: Zebstrika|move: Sticky Web\n|-unboost|p2a: Zebstrika|spe|1\n|-damage|p2a: Zebstrika|204/272|[from] Spikes\n|turn|27\n|\n|t:|1733836823\n|move|p2a: Zebstrika|Supercell Slam|p1a: Umbreon\n|-crit|p1a: Umbreon\n|-damage|p1a: Umbreon|109/297\n|-damage|p2a: Zebstrika|177/272|[from] item: Life Orb\n|move|p1a: Umbreon|Toxic|p2a: Zebstrika|[miss]\n|-miss|p1a: Umbreon|p2a: Zebstrika\n|\n|-heal|p1a: Umbreon|127/297|[from] item: Leftovers\n|upkeep\n|turn|28\n|\n|t:|1733836847\n|move|p1a: Umbreon|Protect|p1a: Umbreon\n|-singleturn|p1a: Umbreon|Protect\n|move|p2a: Zebstrika|Supercell Slam|p1a: Umbreon\n|-activate|p1a: Umbreon|move: Protect\n|-damage|p2a: Zebstrika|41/272|[from] supercellslam\n|\n|-heal|p1a: Umbreon|145/297|[from] item: Leftovers\n|upkeep\n|turn|29\n|inactive|Shxds! has 120 seconds left.\n|\n|t:|1733836872\n|switch|p1a: Smeargle|Smeargle, L95, F|258/258\n|move|p2a: Zebstrika|Supercell Slam|p1a: Smeargle\n|-damage|p1a: Smeargle|34/258\n|-damage|p2a: Zebstrika|14/272|[from] item: Life Orb\n|\n|upkeep\n|turn|30\n|\n|t:|1733836884\n|move|p2a: Zebstrika|Supercell Slam|p1a: Smeargle\n|-damage|p1a: Smeargle|0 fnt\n|faint|p1a: Smeargle\n|-damage|p2a: Zebstrika|0 fnt|[from] item: Life Orb\n|faint|p2a: Zebstrika\n|\n|upkeep\n|\n|t:|1733836893\n|switch|p2a: Registeel|Registeel, L81|262/262\n|switch|p1a: Umbreon|Umbreon, L84, M|145/297\n|-activate|p2a: Registeel|move: Sticky Web\n|-fail|p2a: Registeel|unboost|[from] ability: Clear Body|[of] p2a: Registeel\n|-damage|p2a: Registeel|197/262|[from] Spikes\n|turn|31\n|\n|t:|1733836908\n|move|p1a: Umbreon|Wish|p1a: Umbreon\n|move|p2a: Registeel|Thunder Wave|p1a: Umbreon\n|-status|p1a: Umbreon|par\n|-activate|p1a: Umbreon|ability: Synchronize\n|-status|p2a: Registeel|par\n|\n|-heal|p1a: Umbreon|163/297 par|[from] item: Leftovers\n|-heal|p2a: Registeel|213/262 par|[from] item: Leftovers\n|upkeep\n|turn|32\n|\n|t:|1733836920\n|cant|p1a: Umbreon|par\n|move|p2a: Registeel|Body Press|p1a: Umbreon\n|-supereffective|p1a: Umbreon\n|-damage|p1a: Umbreon|37/297 par\n|\n|-heal|p1a: Umbreon|185/297 par|[from] move: Wish|[wisher] Umbreon\n|-heal|p1a: Umbreon|203/297 par|[from] item: Leftovers\n|-heal|p2a: Registeel|229/262 par|[from] item: Leftovers\n|upkeep\n|turn|33\n|inactive|Shxds! has 120 seconds left.\n|\n|t:|1733836956\n|move|p1a: Umbreon|Wish|p1a: Umbreon\n|move|p2a: Registeel|Stealth Rock|p1a: Umbreon\n|-sidestart|p1: Shxds!|move: Stealth Rock\n|\n|-heal|p1a: Umbreon|221/297 par|[from] item: Leftovers\n|-heal|p2a: Registeel|245/262 par|[from] item: Leftovers\n|upkeep\n|turn|34\n|\n|t:|1733836967\n|move|p1a: Umbreon|Foul Play|p2a: Registeel\n|-damage|p2a: Registeel|190/262 par\n|move|p2a: Registeel|Body Press|p1a: Umbreon\n|-supereffective|p1a: Umbreon\n|-damage|p1a: Umbreon|87/297 par\n|\n|-heal|p1a: Umbreon|235/297 par|[from] move: Wish|[wisher] Umbreon\n|-heal|p1a: Umbreon|253/297 par|[from] item: Leftovers\n|-heal|p2a: Registeel|206/262 par|[from] item: Leftovers\n|upkeep\n|turn|35\n|inactive|Shxds! has 120 seconds left.\n|\n|t:|1733836979\n|cant|p1a: Umbreon|par\n|cant|p2a: Registeel|par\n|\n|-heal|p1a: Umbreon|271/297 par|[from] item: Leftovers\n|-heal|p2a: Registeel|222/262 par|[from] item: Leftovers\n|upkeep\n|turn|36\n|\n|t:|1733836988\n|move|p1a: Umbreon|Wish|p1a: Umbreon\n|move|p2a: Registeel|Body Press|p1a: Umbreon\n|-supereffective|p1a: Umbreon\n|-damage|p1a: Umbreon|147/297 par\n|\n|-heal|p1a: Umbreon|165/297 par|[from] item: Leftovers\n|-heal|p2a: Registeel|238/262 par|[from] item: Leftovers\n|upkeep\n|turn|37\n|\n|t:|1733836997\n|move|p1a: Umbreon|Foul Play|p2a: Registeel\n|-damage|p2a: Registeel|187/262 par\n|move|p2a: Registeel|Body Press|p1a: Umbreon\n|-supereffective|p1a: Umbreon\n|-damage|p1a: Umbreon|49/297 par\n|\n|-heal|p1a: Umbreon|197/297 par|[from] move: Wish|[wisher] Umbreon\n|-heal|p1a: Umbreon|215/297 par|[from] item: Leftovers\n|-heal|p2a: Registeel|203/262 par|[from] item: Leftovers\n|upkeep\n|turn|38\n|\n|t:|1733837008\n|cant|p1a: Umbreon|par\n|cant|p2a: Registeel|par\n|\n|-heal|p1a: Umbreon|233/297 par|[from] item: Leftovers\n|-heal|p2a: Registeel|219/262 par|[from] item: Leftovers\n|upkeep\n|turn|39\n|\n|t:|1733837017\n|cant|p1a: Umbreon|par\n|move|p2a: Registeel|Iron Head|p1a: Umbreon\n|-damage|p1a: Umbreon|173/297 par\n|\n|-heal|p1a: Umbreon|191/297 par|[from] item: Leftovers\n|-heal|p2a: Registeel|235/262 par|[from] item: Leftovers\n|upkeep\n|turn|40\n|\n|t:|1733837026\n|move|p1a: Umbreon|Wish|p1a: Umbreon\n|cant|p2a: Registeel|par\n|\n|-heal|p1a: Umbreon|209/297 par|[from] item: Leftovers\n|-heal|p2a: Registeel|251/262 par|[from] item: Leftovers\n|upkeep\n|turn|41\n|\n|t:|1733837037\n|move|p1a: Umbreon|Foul Play|p2a: Registeel\n|-damage|p2a: Registeel|194/262 par\n|move|p2a: Registeel|Iron Head|p1a: Umbreon\n|-damage|p1a: Umbreon|155/297 par\n|\n|-heal|p1a: Umbreon|297/297 par|[from] move: Wish|[wisher] Umbreon\n|-heal|p2a: Registeel|210/262 par|[from] item: Leftovers\n|upkeep\n|turn|42\n|\n|t:|1733837059\n|cant|p1a: Umbreon|par\n|move|p2a: Registeel|Body Press|p1a: Umbreon\n|-supereffective|p1a: Umbreon\n|-damage|p1a: Umbreon|173/297 par\n|\n|-heal|p1a: Umbreon|191/297 par|[from] item: Leftovers\n|-heal|p2a: Registeel|226/262 par|[from] item: Leftovers\n|upkeep\n|turn|43\n|\n|t:|1733837068\n|move|p1a: Umbreon|Wish|p1a: Umbreon\n|cant|p2a: Registeel|par\n|\n|-heal|p1a: Umbreon|209/297 par|[from] item: Leftovers\n|-heal|p2a: Registeel|242/262 par|[from] item: Leftovers\n|upkeep\n|turn|44\n|\n|t:|1733837075\n|move|p1a: Umbreon|Foul Play|p2a: Registeel\n|-damage|p2a: Registeel|185/262 par\n|cant|p2a: Registeel|par\n|\n|-heal|p1a: Umbreon|297/297 par|[from] move: Wish|[wisher] Umbreon\n|-heal|p2a: Registeel|201/262 par|[from] item: Leftovers\n|upkeep\n|turn|45\n|\n|t:|1733837092\n|move|p1a: Umbreon|Foul Play|p2a: Registeel\n|-damage|p2a: Registeel|141/262 par\n|move|p2a: Registeel|Body Press|p1a: Umbreon\n|-supereffective|p1a: Umbreon\n|-damage|p1a: Umbreon|177/297 par\n|\n|-heal|p1a: Umbreon|195/297 par|[from] item: Leftovers\n|-heal|p2a: Registeel|157/262 par|[from] item: Leftovers\n|upkeep\n|turn|46\n|\n|t:|1733837103\n|move|p1a: Umbreon|Foul Play|p2a: Registeel\n|-damage|p2a: Registeel|100/262 par\n|move|p2a: Registeel|Iron Head|p1a: Umbreon\n|-damage|p1a: Umbreon|140/297 par\n|\n|-heal|p1a: Umbreon|158/297 par|[from] item: Leftovers\n|-heal|p2a: Registeel|116/262 par|[from] item: Leftovers\n|upkeep\n|turn|47\n|\n|t:|1733837112\n|move|p1a: Umbreon|Wish|p1a: Umbreon\n|move|p2a: Registeel|Body Press|p1a: Umbreon\n|-supereffective|p1a: Umbreon\n|-damage|p1a: Umbreon|30/297 par\n|\n|-heal|p1a: Umbreon|48/297 par|[from] item: Leftovers\n|-heal|p2a: Registeel|132/262 par|[from] item: Leftovers\n|upkeep\n|turn|48\n|\n|t:|1733837121\n|move|p1a: Umbreon|Protect|p1a: Umbreon\n|-singleturn|p1a: Umbreon|Protect\n|move|p2a: Registeel|Body Press|p1a: Umbreon\n|-activate|p1a: Umbreon|move: Protect\n|\n|-heal|p1a: Umbreon|196/297 par|[from] move: Wish|[wisher] Umbreon\n|-heal|p1a: Umbreon|214/297 par|[from] item: Leftovers\n|-heal|p2a: Registeel|148/262 par|[from] item: Leftovers\n|upkeep\n|turn|49\n|\n|t:|1733837134\n|move|p1a: Umbreon|Wish|p1a: Umbreon\n|cant|p2a: Registeel|par\n|\n|-heal|p1a: Umbreon|232/297 par|[from] item: Leftovers\n|-heal|p2a: Registeel|164/262 par|[from] item: Leftovers\n|upkeep\n|turn|50\n|\n|t:|1733837149\n|cant|p1a: Umbreon|par\n|move|p2a: Registeel|Body Press|p1a: Umbreon\n|-supereffective|p1a: Umbreon\n|-damage|p1a: Umbreon|96/297 par\n|\n|-heal|p1a: Umbreon|244/297 par|[from] move: Wish|[wisher] Umbreon\n|-heal|p1a: Umbreon|262/297 par|[from] item: Leftovers\n|-heal|p2a: Registeel|180/262 par|[from] item: Leftovers\n|upkeep\n|turn|51\n|\n|t:|1733837162\n|move|p1a: Umbreon|Wish|p1a: Umbreon\n|move|p2a: Registeel|Iron Head|p1a: Umbreon\n|-damage|p1a: Umbreon|202/297 par\n|\n|-heal|p1a: Umbreon|220/297 par|[from] item: Leftovers\n|-heal|p2a: Registeel|196/262 par|[from] item: Leftovers\n|upkeep\n|turn|52\n|\n|t:|1733837171\n|move|p1a: Umbreon|Foul Play|p2a: Registeel\n|-damage|p2a: Registeel|144/262 par\n|move|p2a: Registeel|Iron Head|p1a: Umbreon\n|-damage|p1a: Umbreon|165/297 par\n|\n|-heal|p1a: Umbreon|297/297 par|[from] move: Wish|[wisher] Umbreon\n|-heal|p2a: Registeel|160/262 par|[from] item: Leftovers\n|upkeep\n|turn|53\n|\n|t:|1733837181\n|move|p1a: Umbreon|Foul Play|p2a: Registeel\n|-crit|p2a: Registeel\n|-damage|p2a: Registeel|76/262 par\n|move|p2a: Registeel|Iron Head|p1a: Umbreon\n|-damage|p1a: Umbreon|243/297 par\n|\n|-heal|p1a: Umbreon|261/297 par|[from] item: Leftovers\n|-heal|p2a: Registeel|92/262 par|[from] item: Leftovers\n|upkeep\n|turn|54\n|\n|t:|1733837191\n|move|p1a: Umbreon|Foul Play|p2a: Registeel\n|-damage|p2a: Registeel|32/262 par\n|move|p2a: Registeel|Body Press|p1a: Umbreon\n|-supereffective|p1a: Umbreon\n|-damage|p1a: Umbreon|133/297 par\n|\n|-heal|p1a: Umbreon|151/297 par|[from] item: Leftovers\n|-heal|p2a: Registeel|48/262 par|[from] item: Leftovers\n|upkeep\n|turn|55\n|\n|t:|1733837201\n|move|p1a: Umbreon|Foul Play|p2a: Registeel\n|-damage|p2a: Registeel|0 fnt\n|faint|p2a: Registeel\n|\n|win|Shxds!\n|raw|Shxds!'s rating: 1325 &rarr; <strong>1346</strong><br />(+21 for winning)\n|raw|SanBai300's rating: 1349 &rarr; <strong>1328</strong><br />(-21 for losing)\n", "inputlog": ">version bfd83cad13791eb5a5a409923076391caf6fb4d4\n>start {\"formatid\":\"gen9randombattle\",\"seed\":[29546,13766,33283,1471],\"rated\":\"Rated battle\"}\n>player p1 {\"name\":\"Shxds!\",\"avatar\":\"170\",\"rating\":1325,\"seed\":[16348,4778,36896,7178]}\n>player p2 {\"name\":\"SanBai300\",\"avatar\":\"unknown\",\"rating\":1349,\"seed\":[34650,56980,47107,41735]}\n>p1 switch 6\n>p2 move willowisp\n>p1 move nastyplot\n>p2 move thunderbolt\n>p1 move sludgewave\n>p2 move thunderbolt\n>p1 switch 2\n>p1 move spore\n>p2 move painsplit\n>p1 move stickyweb\n>p2 switch 4\n>p1 move ceaselessedge\n>p2 move swordsdance\n>p1 move whirlwind\n>p2 move swordsdance\n>p1 switch 3\n>p2 move bodyslam\n>p1 move spikes\n>p2 move curse\n>p1 move thunderwave\n>p2 move bodyslam\n>p1 move spikes\n>p2 move curse\n>p1 move spikes\n>p2 move curse\n>p1 move spikes\n>p2 move bodyslam\n>p1 move playrough\n>p2 move bodyslam\n>p1 move playrough\n>p2 move bodyslam\n>p1 switch 6\n>p1 move knockoff\n>p2 move bodyslam\n>p1 move drainpunch\n>p2 move bodyslam\n>p1 move bulkup\n>p2 move rest\n>p1 move drainpunch\n>p2 move sleeptalk\n>p1 move knockoff\n>p2 move sleeptalk\n>p1 move drainpunch\n>p2 move bodyslam\n>p1 move drainpunch\n>p2 move rest\n>p2 switch 4\n>p1 move knockoff\n>p2 move willowisp\n>p2 switch 6\n>p1 move gunkshot\n>p2 move swordsdance\n>p2 switch 5\n>p1 move gunkshot\n>p2 move earthquake terastallize\n>p1 switch 5\n>p1 move foulplay\n>p2 move earthquake\n>p2 switch 2\n>p1 move toxic\n>p2 move supercellslam\n>p1 move protect\n>p2 move supercellslam\n>p1 switch 3\n>p2 move supercellslam\n>p1 move whirlwind\n>p2 move supercellslam\n>p1 switch 3\n>p2 switch 3\n>p1 move wish\n>p2 move thunderwave\n>p1 move foulplay\n>p2 move bodypress\n>p1 move wish\n>p2 move stealthrock\n>p1 move foulplay\n>p2 move bodypress\n>p1 move wish\n>p2 move bodypress\n>p1 move wish\n>p2 move bodypress\n>p1 move foulplay\n>p2 move bodypress\n>p1 move wish\n>p2 move bodypress\n>p1 move wish\n>p2 move ironhead\n>p1 move wish\n>p2 move ironhead\n>p1 move foulplay\n>p2 move ironhead\n>p1 move foulplay\n>p2 move bodypress\n>p1 move wish\n>p2 move bodypress\n>p1 move foulplay\n>p2 move ironhead\n>p1 move foulplay\n>p2 move bodypress\n>p1 move foulplay\n>p2 move ironhead\n>p1 move wish\n>p2 move bodypress\n>p1 move protect\n>p2 move bodypress\n>p1 move wish\n>p2 move ironhead\n>p1 move foulplay\n>p2 move bodypress\n>p1 move wish\n>p2 move ironhead\n>p1 move foulplay\n>p2 move ironhead\n>p1 move foulplay\n>p2 move ironhead\n>p1 move foulplay\n>p2 move bodypress\n>p1 move foulplay\n>p2 move bodypress", "uploadtime": 1733837222, "views": 11, "formatid": "gen9randombattle", "rating": 1328, "private": 0, "password": null}