{"id": "gen9randombattle-2260773155", "format": "[Gen 9] Random Battle", "players": ["Luvia1", "Yan's Thighs Crush"], "log": "|j|\u2606Luvia1\n|j|\u2606Yan's Thighs Crush\n|t:|1733889887\n|gametype|singles\n|player|p1|Luvia1|hilda|1377\n|player|p2|Yan's Thighs Crush|acetrainerf|1325\n|teamsize|p1|6\n|teamsize|p2|6\n|gen|9\n|tier|[Gen 9] Random Battle\n|rated|\n|rule|Species Clause: Limit one of each Pok\u00e9mon\n|rule|HP Percentage Mod: HP is shown in percentages\n|rule|Sleep Clause Mod: Limit one foe put to sleep\n|rule|Illusion Level Mod: Illusion disguises the Pok\u00e9mon's true level\n|\n|t:|1733889887\n|start\n|switch|p1a: Kricketune|Kricketune, L99, M|311/311\n|switch|p2a: Primarina|Primarina, L83, M|268/268\n|turn|1\n|inactive|Battle timer is ON: inactive players will automatically lose when time's up. (requested by Yan's Thighs Crush)\n|\n|t:|1733889911\n|move|p1a: Kricketune|Sticky Web|p2a: Primarina\n|-sidestart|p2: Yan's Thighs Crush|move: Sticky Web\n|move|p2a: Primarina|Calm Mind|p2a: Primarina\n|-boost|p2a: Primarina|spa|1\n|-boost|p2a: Primarina|spd|1\n|\n|upkeep\n|turn|2\n|\n|t:|1733889925\n|move|p1a: Kricketune|Taunt|p2a: Primarina\n|-start|p2a: Primarina|move: Taunt\n|move|p2a: Primarina|Psychic|p1a: Kricketune\n|-damage|p1a: Kricketune|157/311\n|\n|upkeep\n|turn|3\n|\n|t:|1733889935\n|move|p1a: Kricketune|Pounce|p2a: Primarina\n|-resisted|p2a: Primarina\n|-damage|p2a: Primarina|216/268\n|-unboost|p2a: Primarina|spe|1\n|move|p2a: Primarina|Sparkling Aria|p1a: Kricketune\n|-damage|p1a: Kricketune|0 fnt\n|faint|p1a: Kricketune\n|\n|-heal|p2a: Primarina|232/268|[from] item: Leftovers\n|upkeep\n|\n|t:|1733889953\n|switch|p1a: Grafaiai|Grafaiai, L86, M|249/249\n|turn|4\n|\n|t:|1733889961\n|-terastallize|p2a: Primarina|Poison\n|move|p1a: Grafaiai|Gunk Shot|p2a: Primarina|[miss]\n|-miss|p1a: Grafaiai|p2a: Primarina\n|move|p2a: Primarina|Psychic|p1a: Grafaiai\n|-supereffective|p1a: Grafaiai\n|-damage|p1a: Grafaiai|77/249\n|-unboost|p1a: Grafaiai|spd|1\n|\n|-heal|p2a: Primarina|248/268|[from] item: Leftovers\n|-end|p2a: Primarina|move: Taunt\n|upkeep\n|turn|5\n|\n|t:|1733889974\n|move|p1a: Grafaiai|Super Fang|p2a: Primarina\n|-damage|p2a: Primarina|124/268\n|move|p2a: Primarina|Psychic|p1a: Grafaiai\n|-supereffective|p1a: Grafaiai\n|-damage|p1a: Grafaiai|0 fnt\n|faint|p1a: Grafaiai\n|\n|-heal|p2a: Primarina|140/268|[from] item: Leftovers\n|upkeep\n|\n|t:|1733889996\n|switch|p1a: Veluza|Veluza, L85, M|292/292\n|turn|6\n|\n|t:|1733890017\n|move|p1a: Veluza|Psycho Cut|p2a: Primarina\n|-supereffective|p2a: Primarina\n|-damage|p2a: Primarina|0 fnt\n|faint|p2a: Primarina\n|\n|upkeep\n|\n|t:|1733890023\n|switch|p2a: Tropius|Tropius, L91, M|328/328\n|turn|7\n|\n|t:|1733890053\n|-terastallize|p1a: Veluza|Dark\n|move|p1a: Veluza|Night Slash|p2a: Tropius\n|-damage|p2a: Tropius|213/328\n|move|p2a: Tropius|Substitute|p2a: Tropius\n|-start|p2a: Tropius|Substitute\n|-damage|p2a: Tropius|131/328\n|-enditem|p2a: Tropius|Sitrus Berry|[eat]\n|-heal|p2a: Tropius|213/328|[from] item: Sitrus Berry\n|\n|upkeep\n|turn|8\n|\n|t:|1733890071\n|move|p1a: Veluza|Fillet Away|p1a: Veluza\n|-boost|p1a: Veluza|atk|2\n|-boost|p1a: Veluza|spa|2\n|-boost|p1a: Veluza|spe|2\n|-damage|p1a: Veluza|146/292\n|-enditem|p1a: Veluza|Sitrus Berry|[eat]\n|-heal|p1a: Veluza|219/292|[from] item: Sitrus Berry\n|move|p2a: Tropius|Leech Seed|p1a: Veluza\n|-start|p1a: Veluza|move: Leech Seed\n|\n|-damage|p1a: Veluza|183/292|[from] Leech Seed|[of] p2a: Tropius\n|-heal|p2a: Tropius|249/328|[silent]\n|upkeep\n|turn|9\n|\n|t:|1733890086\n|move|p2a: Tropius|Protect|p2a: Tropius\n|-singleturn|p2a: Tropius|Protect\n|move|p1a: Veluza|Night Slash|p2a: Tropius\n|-activate|p2a: Tropius|move: Protect\n|\n|-damage|p1a: Veluza|147/292|[from] Leech Seed|[of] p2a: Tropius\n|-heal|p2a: Tropius|285/328|[silent]\n|upkeep\n|turn|10\n|\n|t:|1733890095\n|move|p1a: Veluza|Night Slash|p2a: Tropius\n|-crit|p2a: Tropius\n|-end|p2a: Tropius|Substitute\n|move|p2a: Tropius|Air Slash|p1a: Veluza|[miss]\n|-miss|p2a: Tropius|p1a: Veluza\n|\n|-damage|p1a: Veluza|111/292|[from] Leech Seed|[of] p2a: Tropius\n|-heal|p2a: Tropius|321/328|[silent]\n|upkeep\n|turn|11\n|\n|t:|1733890108\n|move|p2a: Tropius|Protect|p2a: Tropius\n|-singleturn|p2a: Tropius|Protect\n|move|p1a: Veluza|Night Slash|p2a: Tropius\n|-activate|p2a: Tropius|move: Protect\n|\n|-damage|p1a: Veluza|75/292|[from] Leech Seed|[of] p2a: Tropius\n|-heal|p2a: Tropius|328/328|[silent]\n|upkeep\n|turn|12\n|\n|t:|1733890115\n|move|p1a: Veluza|Night Slash|p2a: Tropius\n|-damage|p2a: Tropius|117/328\n|move|p2a: Tropius|Substitute|p2a: Tropius\n|-start|p2a: Tropius|Substitute\n|-damage|p2a: Tropius|35/328\n|\n|-damage|p1a: Veluza|39/292|[from] Leech Seed|[of] p2a: Tropius\n|-heal|p2a: Tropius|71/328|[silent]\n|-item|p2a: Tropius|Sitrus Berry|[from] ability: Harvest\n|upkeep\n|-enditem|p2a: Tropius|Sitrus Berry|[eat]\n|-heal|p2a: Tropius|153/328|[from] item: Sitrus Berry\n|turn|13\n|\n|t:|1733890127\n|move|p1a: Veluza|Night Slash|p2a: Tropius\n|-end|p2a: Tropius|Substitute\n|move|p2a: Tropius|Air Slash|p1a: Veluza\n|-damage|p1a: Veluza|0 fnt\n|faint|p1a: Veluza\n|\n|upkeep\n|inactive|Luvia1 has 120 seconds left.\n|\n|t:|1733890153\n|switch|p1a: Delphox|Delphox, L84, F|263/263\n|turn|14\n|\n|t:|1733890171\n|move|p1a: Delphox|Fire Blast|p2a: Tropius\n|-supereffective|p2a: Tropius\n|-damage|p2a: Tropius|0 fnt\n|faint|p2a: Tropius\n|\n|upkeep\n|\n|t:|1733890177\n|switch|p2a: Sableye|Sableye, L89, F|234/234\n|-activate|p2a: Sableye|move: Sticky Web\n|-unboost|p2a: Sableye|spe|1\n|turn|15\n|\n|t:|1733890195\n|switch|p1a: Corviknight|Corviknight, L80, M|288/288\n|-ability|p1a: Corviknight|Pressure\n|move|p2a: Sableye|Thunder Wave|p1a: Corviknight|[miss]\n|-miss|p2a: Sableye|p1a: Corviknight\n|\n|upkeep\n|turn|16\n|\n|t:|1733890208\n|move|p2a: Sableye|Thunder Wave|p1a: Corviknight\n|-status|p1a: Corviknight|par\n|cant|p1a: Corviknight|par\n|\n|upkeep\n|turn|17\n|\n|t:|1733890214\n|move|p2a: Sableye|Knock Off|p1a: Corviknight\n|-damage|p1a: Corviknight|201/288 par\n|-damage|p2a: Sableye|195/234|[from] item: Rocky Helmet|[of] p1a: Corviknight\n|-enditem|p1a: Corviknight|Rocky Helmet|[from] move: Knock Off|[of] p2a: Sableye\n|cant|p1a: Corviknight|par\n|\n|-heal|p2a: Sableye|209/234|[from] item: Leftovers\n|upkeep\n|turn|18\n|\n|t:|1733890224\n|move|p2a: Sableye|Knock Off|p1a: Corviknight\n|-damage|p1a: Corviknight|143/288 par\n|cant|p1a: Corviknight|par\n|\n|-heal|p2a: Sableye|223/234|[from] item: Leftovers\n|upkeep\n|turn|19\n|\n|t:|1733890230\n|move|p2a: Sableye|Knock Off|p1a: Corviknight\n|-damage|p1a: Corviknight|85/288 par\n|move|p1a: Corviknight|Roost|p1a: Corviknight\n|-heal|p1a: Corviknight|229/288 par\n|-singleturn|p1a: Corviknight|move: Roost\n|\n|-heal|p2a: Sableye|234/234|[from] item: Leftovers\n|upkeep\n|turn|20\n|\n|t:|1733890238\n|move|p2a: Sableye|Encore|p1a: Corviknight\n|-start|p1a: Corviknight|Encore\n|cant|p1a: Corviknight|par\n|\n|upkeep\n|turn|21\n|\n|t:|1733890250\n|switch|p2a: Golem|Golem, L87, F|281/281\n|-activate|p2a: Golem|move: Sticky Web\n|-unboost|p2a: Golem|spe|1\n|move|p1a: Corviknight|Roost|p1a: Corviknight\n|-heal|p1a: Corviknight|288/288 par\n|-singleturn|p1a: Corviknight|move: Roost\n|\n|upkeep\n|turn|22\n|\n|t:|1733890267\n|switch|p1a: Golurk|Golurk, L87|297/297\n|move|p2a: Golem|Rock Polish|p2a: Golem\n|-boost|p2a: Golem|spe|2\n|\n|upkeep\n|turn|23\n|\n|t:|1733890278\n|move|p2a: Golem|Earthquake|p1a: Golurk\n|-damage|p1a: Golurk|158/297\n|move|p1a: Golurk|Dynamic Punch|p2a: Golem\n|-supereffective|p2a: Golem\n|-damage|p2a: Golem|89/281\n|-start|p2a: Golem|confusion\n|-enditem|p2a: Golem|Weakness Policy\n|-boost|p2a: Golem|atk|2|[from] item: Weakness Policy\n|-boost|p2a: Golem|spa|2|[from] item: Weakness Policy\n|\n|upkeep\n|turn|24\n|\n|t:|1733890290\n|-activate|p2a: Golem|confusion\n|move|p2a: Golem|Earthquake|p1a: Golurk\n|-damage|p1a: Golurk|0 fnt\n|faint|p1a: Golurk\n|\n|upkeep\n|\n|t:|1733890300\n|switch|p1a: Corviknight|Corviknight, L80, M|288/288 par\n|-ability|p1a: Corviknight|Pressure\n|turn|25\n|\n|t:|1733890304\n|-activate|p2a: Golem|confusion\n|move|p2a: Golem|Stone Edge|p1a: Corviknight|[miss]\n|-miss|p2a: Golem|p1a: Corviknight\n|move|p1a: Corviknight|Body Press|p2a: Golem\n|-supereffective|p2a: Golem\n|-damage|p2a: Golem|3/281\n|\n|upkeep\n|turn|26\n|\n|t:|1733890311\n|-end|p2a: Golem|confusion\n|move|p2a: Golem|Stone Edge|p1a: Corviknight|[miss]\n|-miss|p2a: Golem|p1a: Corviknight\n|move|p1a: Corviknight|Body Press|p2a: Golem\n|-supereffective|p2a: Golem\n|-damage|p2a: Golem|0 fnt\n|faint|p2a: Golem\n|\n|upkeep\n|\n|t:|1733890320\n|switch|p2a: Greninja|Greninja, L80, M|246/246\n|-activate|p2a: Greninja|move: Sticky Web\n|-unboost|p2a: Greninja|spe|1\n|turn|27\n|\n|t:|1733890329\n|move|p2a: Greninja|Hydro Pump|p1a: Corviknight\n|-damage|p1a: Corviknight|142/288 par\n|-damage|p2a: Greninja|222/246|[from] item: Life Orb\n|move|p1a: Corviknight|Body Press|p2a: Greninja\n|-supereffective|p2a: Greninja\n|-damage|p2a: Greninja|82/246\n|\n|upkeep\n|turn|28\n|\n|t:|1733890337\n|move|p2a: Greninja|Hydro Pump|p1a: Corviknight\n|-damage|p1a: Corviknight|0 fnt\n|faint|p1a: Corviknight\n|-ability|p2a: Greninja|Battle Bond|boost\n|-boost|p2a: Greninja|atk|1\n|-boost|p2a: Greninja|spa|1\n|-boost|p2a: Greninja|spe|1\n|-activate|p2a: Greninja|ability: Battle Bond\n|-damage|p2a: Greninja|58/246|[from] item: Life Orb\n|\n|upkeep\n|\n|t:|1733890345\n|switch|p1a: Delphox|Delphox, L84, F|263/263\n|turn|29\n|\n|t:|1733890351\n|move|p2a: Greninja|Hydro Pump|p1a: Delphox\n|-supereffective|p1a: Delphox\n|-crit|p1a: Delphox\n|-damage|p1a: Delphox|0 fnt\n|faint|p1a: Delphox\n|-damage|p2a: Greninja|34/246|[from] item: Life Orb\n|\n|win|Yan's Thighs Crush\n|raw|Luvia1's rating: 1377 &rarr; <strong>1354</strong><br />(-23 for losing)\n|raw|Yan&apos;s Thighs Crush's rating: 1325 &rarr; <strong>1348</strong><br />(+23 for winning)\n|l|\u2606Luvia1\n|player|p1|\n", "inputlog": ">version bfd83cad13791eb5a5a409923076391caf6fb4d4\n>start {\"formatid\":\"gen9randombattle\",\"seed\":[60781,29194,5993,19590],\"rated\":\"Rated battle\"}\n>player p1 {\"name\":\"Luvia1\",\"avatar\":\"hilda\",\"rating\":1377,\"seed\":[17014,28103,58575,18926]}\n>player p2 {\"name\":\"Yan's Thighs Crush\",\"avatar\":\"acetrainerf\",\"rating\":1325,\"seed\":[52748,10844,57400,58199]}\n>p1 move stickyweb\n>p2 move calmmind\n>p1 move taunt\n>p2 move psychic\n>p1 move pounce\n>p2 move sparklingaria\n>p1 switch 3\n>p1 move gunkshot\n>p2 move psychic terastallize\n>p1 move superfang\n>p2 move psychic\n>p1 switch 2\n>p1 move psychocut\n>p2 move drainingkiss\n>p2 switch 4\n>p1 move nightslash terastallize\n>p2 move substitute\n>p1 move filletaway\n>p2 move leechseed\n>p1 move nightslash\n>p2 move protect\n>p1 move nightslash\n>p2 move airslash\n>p1 move nightslash\n>p2 move protect\n>p1 move nightslash\n>p2 move substitute\n>p1 move nightslash\n>p2 move airslash\n>p1 switch 4\n>p1 move fireblast\n>p2 move airslash\n>p2 switch 5\n>p1 switch 5\n>p2 move thunderwave\n>p1 move bravebird\n>p2 move thunderwave\n>p1 move bravebird\n>p2 move knockoff\n>p1 move bravebird\n>p2 move knockoff\n>p1 move roost\n>p2 move knockoff\n>p1 move bravebird\n>p2 move encore\n>p1 move roost\n>p2 switch 6\n>p1 switch 6\n>p2 move rockpolish\n>p1 move dynamicpunch\n>p2 move earthquake\n>p1 move dynamicpunch\n>p2 move earthquake\n>p1 switch 6\n>p1 move bodypress\n>p2 move stoneedge\n>p1 move bodypress\n>p2 move stoneedge\n>p2 switch 2\n>p1 move bodypress\n>p2 move hydropump\n>p1 move bodypress\n>p2 move hydropump\n>p1 switch 5\n>p1 move grassknot\n>p2 move hydropump", "uploadtime": 1733890359, "views": 11, "formatid": "gen9randombattle", "rating": 1348, "private": 0, "password": null}