{"id": "gen9randombattle-2211803931", "format": "[Gen 9] Random Battle", "players": ["R3LT Anubis", "R3LT Theologos"], "log": "|badge|p2|silver|gen9randombattle|30-2\n|html|<div class=\"broadcast-red\"><strong>This battle is required to be public due to one or more player having a season medal.</strong><br />During the public phase, you can discuss the state of the ladder <a href=\"/seasondiscussion\">in a special chatroom.</a></div>\n|uhtml|medal-msg|<div class=\"broadcast-blue\">Curious what those medals under the avatar are? PS now has Ladder Seasons! For more information, check out the <a href=\"https://www.smogon.com/forums/threads/3740067/\">thread on Smogon.</a></div>\n|j|\u2606R3LT Anubis\n|j|\u2606R3LT Theologos\n|t:|1727563456\n|gametype|singles\n|player|p1|R3LT Anubis|2|2248\n|player|p2|R3LT Theologos|artist|2404\n|teamsize|p1|6\n|teamsize|p2|6\n|gen|9\n|tier|[Gen 9] Random Battle\n|rated|\n|rule|Species Clause: Limit one of each Pok\u00e9mon\n|rule|HP Percentage Mod: HP is shown in percentages\n|rule|Sleep Clause Mod: Limit one foe put to sleep\n|rule|Illusion Level Mod: Illusion disguises the Pok\u00e9mon's true level\n|\n|t:|1727563456\n|start\n|switch|p1a: Venusaur|Venusaur, L84, F|272/272\n|switch|p2a: Eelektross|Eelektross, L87, F|290/290\n|turn|1\n|inactive|Battle timer is ON: inactive players will automatically lose when time's up. (requested by R3LT Theologos)\n|\n|t:|1727563469\n|move|p1a: Venusaur|Sleep Powder|p2a: Eelektross\n|-status|p2a: Eelektross|slp|[from] move: Sleep Powder\n|cant|p2a: Eelektross|slp\n|\n|upkeep\n|turn|2\n|j| msol\n|\n|t:|1727563493\n|switch|p2a: Iron Treads|Iron Treads, L77|265/265\n|move|p1a: Venusaur|Energy Ball|p2a: Iron Treads\n|-damage|p2a: Iron Treads|183/265\n|\n|upkeep\n|turn|3\n|\n|t:|1727563508\n|move|p2a: Iron Treads|Knock Off|p1a: Venusaur\n|-damage|p1a: Venusaur|208/272\n|-enditem|p1a: Venusaur|Leftovers|[from] move: Knock Off|[of] p2a: Iron Treads\n|move|p1a: Venusaur|Energy Ball|p2a: Iron Treads\n|-damage|p2a: Iron Treads|93/265\n|-unboost|p2a: Iron Treads|spd|1\n|\n|upkeep\n|turn|4\n|j| ShaneTheShroomish\n|\n|t:|1727563514\n|-end|p2a: Iron Treads|Quark Drive|[silent]\n|switch|p2a: Scovillain|Scovillain, L91, F|266/266\n|move|p1a: Venusaur|Synthesis|p1a: Venusaur\n|-heal|p1a: Venusaur|272/272\n|\n|upkeep\n|turn|5\n|\n|t:|1727563533\n|switch|p1a: Mew|Mew, L82|298/298\n|move|p2a: Scovillain|Substitute|p2a: Scovillain\n|-start|p2a: Scovillain|Substitute\n|-damage|p2a: Scovillain|200/266\n|\n|-heal|p2a: Scovillain|216/266|[from] item: Leftovers\n|upkeep\n|turn|6\n|\n|t:|1727563550\n|move|p1a: Mew|Psychic Noise|p2a: Scovillain\n|-damage|p2a: Scovillain|128/266\n|-start|p2a: Scovillain|move: Heal Block\n|move|p2a: Scovillain|Flamethrower|p1a: Mew\n|-damage|p1a: Mew|186/298\n|-status|p1a: Mew|brn\n|-activate|p1a: Mew|ability: Synchronize\n|-immune|p2a: Scovillain\n|\n|-heal|p1a: Mew|204/298 brn|[from] item: Leftovers\n|-damage|p1a: Mew|186/298 brn|[from] brn\n|upkeep\n|turn|7\n|\n|t:|1727563567\n|move|p1a: Mew|Psychic Noise|p2a: Scovillain\n|-damage|p2a: Scovillain|37/266\n|move|p2a: Scovillain|Flamethrower|p1a: Mew\n|-damage|p1a: Mew|80/298 brn\n|\n|-heal|p1a: Mew|98/298 brn|[from] item: Leftovers\n|-damage|p1a: Mew|80/298 brn|[from] brn\n|-end|p2a: Scovillain|move: Heal Block\n|upkeep\n|turn|8\n|\n|t:|1727563574\n|move|p2a: Scovillain|Protect|p2a: Scovillain\n|-singleturn|p2a: Scovillain|Protect\n|move|p1a: Mew|Psychic Noise|p2a: Scovillain\n|-activate|p2a: Scovillain|move: Protect\n|\n|-heal|p1a: Mew|98/298 brn|[from] item: Leftovers\n|-heal|p2a: Scovillain|53/266|[from] item: Leftovers\n|-damage|p1a: Mew|80/298 brn|[from] brn\n|upkeep\n|turn|9\n|\n|t:|1727563587\n|switch|p2a: Swanna|Swanna, L88, F|275/275\n|move|p1a: Mew|Psychic Noise|p2a: Swanna\n|-damage|p2a: Swanna|188/275\n|-start|p2a: Swanna|move: Heal Block\n|\n|-heal|p1a: Mew|98/298 brn|[from] item: Leftovers\n|-damage|p1a: Mew|80/298 brn|[from] brn\n|upkeep\n|turn|10\n|inactive|R3LT Anubis has 120 seconds left.\n|\n|t:|1727563619\n|switch|p1a: Slaking|Slaking, L84, F|389/389\n|move|p2a: Swanna|Brave Bird|p1a: Slaking\n|-damage|p1a: Slaking|269/389\n|-damage|p2a: Swanna|148/275|[from] Recoil\n|\n|-end|p2a: Swanna|move: Heal Block\n|upkeep\n|turn|11\n|inactive|R3LT Theologos has 120 seconds left.\n|\n|t:|1727563650\n|switch|p2a: Eelektross|Eelektross, L87, F|290/290 slp\n|move|p1a: Slaking|Double-Edge|p2a: Eelektross\n|-damage|p2a: Eelektross|10/290 slp\n|-damage|p1a: Slaking|177/389|[from] Recoil\n|\n|upkeep\n|turn|12\n|\n|t:|1727563656\n|switch|p2a: Camerupt|Camerupt, L91, M|275/275\n|cant|p1a: Slaking|ability: Truant\n|\n|upkeep\n|turn|13\n|inactive|R3LT Theologos has 120 seconds left.\n|l| ShaneTheShroomish\n|\n|t:|1727563679\n|switch|p2a: Eelektross|Eelektross, L87, F|10/290 slp\n|move|p1a: Slaking|Double-Edge|p2a: Eelektross\n|-damage|p2a: Eelektross|0 fnt\n|faint|p2a: Eelektross\n|-damage|p1a: Slaking|174/389|[from] Recoil\n|\n|upkeep\n|\n|t:|1727563680\n|switch|p2a: Camerupt|Camerupt, L91, M|275/275\n|turn|14\n|j| ShaneTheShroomish\n|\n|t:|1727563688\n|switch|p1a: Mew|Mew, L82|80/298 brn\n|move|p2a: Camerupt|Stealth Rock|p1a: Mew\n|-sidestart|p1: R3LT Anubis|move: Stealth Rock\n|\n|-heal|p1a: Mew|98/298 brn|[from] item: Leftovers\n|-damage|p1a: Mew|80/298 brn|[from] brn\n|upkeep\n|turn|15\n|\n|t:|1727563697\n|switch|p2a: Swanna|Swanna, L88, F|148/275\n|move|p1a: Mew|Encore||[still]\n|-fail|p1a: Mew\n|\n|-heal|p1a: Mew|98/298 brn|[from] item: Leftovers\n|-damage|p1a: Mew|80/298 brn|[from] brn\n|upkeep\n|turn|16\n|\n|t:|1727563706\n|move|p2a: Swanna|Roost|p2a: Swanna\n|-heal|p2a: Swanna|275/275\n|-singleturn|p2a: Swanna|move: Roost\n|move|p1a: Mew|Will-O-Wisp|p2a: Swanna\n|-status|p2a: Swanna|brn\n|\n|-heal|p1a: Mew|98/298 brn|[from] item: Leftovers\n|-damage|p2a: Swanna|258/275 brn|[from] brn\n|-damage|p1a: Mew|80/298 brn|[from] brn\n|upkeep\n|turn|17\n|\n|t:|1727563724\n|switch|p1a: Venusaur|Venusaur, L84, F|272/272\n|-damage|p1a: Venusaur|238/272|[from] Stealth Rock\n|move|p2a: Swanna|Hydro Pump|p1a: Venusaur\n|-resisted|p1a: Venusaur\n|-damage|p1a: Venusaur|184/272\n|\n|-damage|p2a: Swanna|241/275 brn|[from] brn\n|upkeep\n|turn|18\n|\n|t:|1727563743\n|move|p2a: Swanna|Brave Bird|p1a: Venusaur\n|-supereffective|p1a: Venusaur\n|-damage|p1a: Venusaur|43/272\n|-damage|p2a: Swanna|194/275 brn|[from] Recoil\n|move|p1a: Venusaur|Sludge Bomb|p2a: Swanna\n|-damage|p2a: Swanna|80/275 brn\n|\n|-damage|p2a: Swanna|63/275 brn|[from] brn\n|upkeep\n|turn|19\n|inactive|R3LT Anubis has 120 seconds left.\n|j| lebla28\n|\n|t:|1727563781\n|move|p2a: Swanna|Brave Bird|p1a: Venusaur\n|-supereffective|p1a: Venusaur\n|-damage|p1a: Venusaur|0 fnt\n|faint|p1a: Venusaur\n|-damage|p2a: Swanna|49/275 brn|[from] Recoil\n|\n|-damage|p2a: Swanna|32/275 brn|[from] brn\n|upkeep\n|\n|t:|1727563795\n|switch|p1a: Noctowl|Noctowl, L95, F|344/344\n|turn|20\n|inactive|R3LT Theologos has 120 seconds left.\n|inactive|R3LT Theologos has 90 seconds left.\n|\n|t:|1727563858\n|switch|p2a: Iron Treads|Iron Treads, L77|93/265\n|move|p1a: Noctowl|Hyper Voice|p2a: Iron Treads\n|-resisted|p2a: Iron Treads\n|-damage|p2a: Iron Treads|1/265\n|\n|upkeep\n|turn|21\n|inactive|R3LT Theologos has 90 seconds left.\n|inactive|R3LT Anubis has 90 seconds left.\n|\n|t:|1727563891\n|switch|p1a: Slaking|Slaking, L84, F|174/389\n|-damage|p1a: Slaking|126/389|[from] Stealth Rock\n|move|p2a: Iron Treads|Knock Off|p1a: Slaking\n|-damage|p1a: Slaking|64/389\n|-enditem|p1a: Slaking|Choice Band|[from] move: Knock Off|[of] p2a: Iron Treads\n|\n|upkeep\n|turn|22\n|\n|t:|1727563903\n|move|p1a: Slaking|Double-Edge|p2a: Iron Treads\n|-resisted|p2a: Iron Treads\n|-damage|p2a: Iron Treads|0 fnt\n|faint|p2a: Iron Treads\n|-end|p2a: Iron Treads|Quark Drive|[silent]\n|-damage|p1a: Slaking|63/389|[from] Recoil\n|\n|upkeep\n|\n|t:|1727563915\n|switch|p2a: Scovillain|Scovillain, L91, F|53/266\n|turn|23\n|inactive|R3LT Anubis has 90 seconds left.\n|\n|t:|1727563938\n|switch|p1a: Mew|Mew, L82|80/298 brn\n|-damage|p1a: Mew|43/298 brn|[from] Stealth Rock\n|move|p2a: Scovillain|Leech Seed|p1a: Mew\n|-start|p1a: Mew|move: Leech Seed\n|\n|-heal|p1a: Mew|61/298 brn|[from] item: Leftovers\n|-heal|p2a: Scovillain|69/266|[from] item: Leftovers\n|-damage|p1a: Mew|24/298 brn|[from] Leech Seed|[of] p2a: Scovillain\n|-heal|p2a: Scovillain|106/266|[silent]\n|-damage|p1a: Mew|6/298 brn|[from] brn\n|upkeep\n|turn|24\n|inactive|R3LT Anubis has 90 seconds left.\n|\n|t:|1727563960\n|move|p2a: Scovillain|Protect|p2a: Scovillain\n|-singleturn|p2a: Scovillain|Protect\n|move|p1a: Mew|Psychic Noise|p2a: Scovillain\n|-activate|p2a: Scovillain|move: Protect\n|\n|-heal|p1a: Mew|24/298 brn|[from] item: Leftovers\n|-heal|p2a: Scovillain|122/266|[from] item: Leftovers\n|-damage|p1a: Mew|0 fnt|[from] Leech Seed|[of] p2a: Scovillain\n|-heal|p2a: Scovillain|146/266|[silent]\n|faint|p1a: Mew\n|upkeep\n|inactive|R3LT Anubis has 90 seconds left.\n|\n|t:|1727563977\n|switch|p1a: Yanmega|Yanmega, L82, F|275/275\n|-damage|p1a: Yanmega|138/275|[from] Stealth Rock\n|turn|25\n|inactive|R3LT Theologos has 60 seconds left.\n|\n|t:|1727564023\n|switch|p2a: Camerupt|Camerupt, L91, M|275/275\n|move|p1a: Yanmega|Bug Buzz|p2a: Camerupt\n|-resisted|p2a: Camerupt\n|-damage|p2a: Camerupt|105/275\n|\n|-heal|p2a: Camerupt|122/275|[from] item: Leftovers\n|upkeep\n|turn|26\n|\n|t:|1727564028\n|move|p1a: Yanmega|Bug Buzz|p2a: Camerupt\n|-resisted|p2a: Camerupt\n|-damage|p2a: Camerupt|0 fnt\n|faint|p2a: Camerupt\n|\n|upkeep\n|\n|t:|1727564037\n|switch|p2a: Golduck|Golduck, L90, F|290/290\n|-ability|p2a: Golduck|Cloud Nine\n|turn|27\n|inactive|R3LT Anubis has 90 seconds left.\n|inactive|R3LT Anubis has 60 seconds left.\n|inactive|R3LT Theologos has 30 seconds left.\n|\n|t:|1727564114\n|move|p2a: Golduck|Ice Beam|p1a: Yanmega\n|-supereffective|p1a: Yanmega\n|-damage|p1a: Yanmega|0 fnt\n|faint|p1a: Yanmega\n|-damage|p2a: Golduck|261/290|[from] item: Life Orb\n|\n|upkeep\n|\n|t:|1727564116\n|switch|p1a: Slaking|Slaking, L84, F|63/389\n|-damage|p1a: Slaking|15/389|[from] Stealth Rock\n|turn|28\n|\n|t:|1727564124\n|switch|p2a: Swanna|Swanna, L88, F|32/275 brn\n|move|p1a: Slaking|Double-Edge|p2a: Swanna\n|-damage|p2a: Swanna|0 fnt\n|faint|p2a: Swanna\n|-damage|p1a: Slaking|4/389|[from] Recoil\n|\n|upkeep\n|\n|t:|1727564125\n|switch|p2a: Scovillain|Scovillain, L91, F|146/266\n|turn|29\n|\n|t:|1727564129\n|cant|p1a: Slaking|ability: Truant\n|move|p2a: Scovillain|Substitute|p2a: Scovillain\n|-start|p2a: Scovillain|Substitute\n|-damage|p2a: Scovillain|80/266\n|\n|-heal|p2a: Scovillain|96/266|[from] item: Leftovers\n|upkeep\n|turn|30\n|\n|t:|1727564132\n|move|p2a: Scovillain|Protect|p2a: Scovillain\n|-singleturn|p2a: Scovillain|Protect\n|move|p1a: Slaking|Double-Edge|p2a: Scovillain\n|-activate|p2a: Scovillain|move: Protect\n|\n|-heal|p2a: Scovillain|112/266|[from] item: Leftovers\n|upkeep\n|turn|31\n|\n|t:|1727564142\n|cant|p1a: Slaking|ability: Truant\n|move|p2a: Scovillain|Substitute|p2a: Scovillain\n|-fail|p2a: Scovillain|move: Substitute\n|\n|-heal|p2a: Scovillain|128/266|[from] item: Leftovers\n|upkeep\n|turn|32\n|\n|t:|1727564151\n|switch|p1a: Noctowl|Noctowl, L95, F|344/344\n|move|p2a: Scovillain|Protect||[still]\n|-fail|p2a: Scovillain\n|\n|-heal|p2a: Scovillain|144/266|[from] item: Leftovers\n|upkeep\n|turn|33\n|\n|t:|1727564166\n|move|p2a: Scovillain|Leech Seed|p1a: Noctowl\n|-start|p1a: Noctowl|move: Leech Seed\n|move|p1a: Noctowl|Hyper Voice|p2a: Scovillain\n|-damage|p2a: Scovillain|23/266\n|\n|-heal|p2a: Scovillain|39/266|[from] item: Leftovers\n|-damage|p1a: Noctowl|301/344|[from] Leech Seed|[of] p2a: Scovillain\n|-heal|p2a: Scovillain|82/266|[silent]\n|upkeep\n|turn|34\n|\n|t:|1727564174\n|switch|p1a: Slaking|Slaking, L84, F|4/389\n|-damage|p1a: Slaking|0 fnt|[from] Stealth Rock\n|faint|p1a: Slaking\n|move|p2a: Scovillain|Flamethrower|p1: Slaking|[notarget]\n|-fail|p2a: Scovillain\n|\n|-heal|p2a: Scovillain|98/266|[from] item: Leftovers\n|upkeep\n|\n|t:|1727564177\n|switch|p1a: Noctowl|Noctowl, L95, F|301/344\n|turn|35\n|\n|t:|1727564181\n|move|p2a: Scovillain|Leech Seed|p1a: Noctowl\n|-start|p1a: Noctowl|move: Leech Seed\n|move|p1a: Noctowl|Hyper Voice|p2a: Scovillain\n|-damage|p2a: Scovillain|0 fnt\n|faint|p2a: Scovillain\n|\n|upkeep\n|\n|t:|1727564185\n|switch|p2a: Golduck|Golduck, L90, F|261/290\n|-ability|p2a: Golduck|Cloud Nine\n|turn|36\n|\n|t:|1727564197\n|move|p2a: Golduck|Nasty Plot|p2a: Golduck\n|-boost|p2a: Golduck|spa|2\n|move|p1a: Noctowl|Hyper Voice|p2a: Golduck\n|-damage|p2a: Golduck|155/290\n|\n|-damage|p1a: Noctowl|258/344|[from] Leech Seed|[of] p2a: Golduck\n|-heal|p2a: Golduck|198/290|[silent]\n|upkeep\n|turn|37\n|inactive|R3LT Theologos has 90 seconds left.\n|inactive|R3LT Theologos has 60 seconds left.\n|\n|t:|1727564258\n|move|p2a: Golduck|Ice Beam|p1a: Noctowl\n|-supereffective|p1a: Noctowl\n|-damage|p1a: Noctowl|0 fnt\n|faint|p1a: Noctowl\n|-damage|p2a: Golduck|169/290|[from] item: Life Orb\n|\n|upkeep\n|l| ShaneTheShroomish\n|\n|t:|1727564265\n|switch|p1a: Sandslash|Sandslash-Alola, L88, F|275/275\n|-damage|p1a: Sandslash|241/275|[from] Stealth Rock\n|turn|38\n|inactive|R3LT Anubis has 120 seconds left.\n|j| ShaneTheShroomish\n|\n|t:|1727564271\n|move|p2a: Golduck|Hydro Pump|p1a: Sandslash\n|-damage|p1a: Sandslash|0 fnt\n|faint|p1a: Sandslash\n|-damage|p2a: Golduck|140/290|[from] item: Life Orb\n|\n|win|R3LT Theologos\n|raw|R3LT Anubis's rating: 2248 &rarr; <strong>2236</strong><br />(-12 for losing)\n|raw|R3LT Theologos's rating: 2404 &rarr; <strong>2416</strong><br />(+12 for winning)\n|l| lebla28\n|l|\u2606R3LT Anubis\n|player|p1|\n|c| msol|gg\n|l| ShaneTheShroomish\n", "inputlog": ">version 69ff0b2f47ddc97367302b06f7f2ae172fb214dd\n>start {\"formatid\":\"gen9randombattle\",\"seed\":[63037,3965,19066,54041],\"rated\":\"Rated battle\"}\n>player p1 {\"name\":\"R3LT Anubis\",\"avatar\":\"2\",\"rating\":2248,\"seed\":[30142,34511,28535,34549]}\n>player p2 {\"name\":\"R3LT Theologos\",\"avatar\":\"artist\",\"rating\":2404,\"seed\":[11064,3203,11982,19129]}\n>p1 move sleeppowder\n>p2 move knockoff\n>p1 move energyball\n>p2 switch 5\n>p1 move energyball\n>p2 move knockoff\n>p1 move synthesis\n>p2 switch 3\n>p1 switch 4\n>p2 move substitute\n>p1 move psychicnoise\n>p2 move flamethrower\n>p1 move psychicnoise\n>p2 move flamethrower\n>p1 move psychicnoise\n>p2 move protect\n>p1 move psychicnoise\n>p2 switch 4\n>p1 switch 3\n>p2 move bravebird\n>p1 move doubleedge\n>p2 switch 5\n>p1 move doubleedge\n>p2 switch 2\n>p1 move doubleedge\n>p2 switch 2\n>p2 switch 2\n>p1 switch 3\n>p2 move stealthrock\n>p1 move encore\n>p2 switch 5\n>p1 move willowisp\n>p2 move roost\n>p1 switch 4\n>p2 move hydropump\n>p1 move sludgebomb\n>p2 move bravebird\n>p1 move energyball\n>p2 move bravebird\n>p1 switch 2\n>p1 move hypervoice\n>p2 switch 3\n>p1 switch 3\n>p2 move knockoff\n>p1 move doubleedge\n>p2 move earthquake\n>p2 switch 4\n>p1 switch 4\n>p2 move leechseed\n>p1 move psychicnoise\n>p2 move protect\n>p1 switch 6\n>p1 move bugbuzz\n>p2 switch 5\n>p1 move bugbuzz\n>p2 move overheat\n>p2 switch 6\n>p1 move bugbuzz\n>p2 move icebeam\n>p1 switch 4\n>p1 move doubleedge\n>p2 switch 3\n>p2 switch 5\n>p1 move doubleedge\n>p2 move substitute\n>p1 move doubleedge\n>p2 move protect\n>p1 move doubleedge\n>p2 move substitute\n>p1 switch 3\n>p2 move protect\n>p1 move hypervoice\n>p2 move leechseed\n>p1 switch 3\n>p2 move flamethrower\n>p1 switch 3\n>p1 move hypervoice\n>p2 move leechseed\n>p2 switch 3\n>p1 move hypervoice\n>p2 move nastyplot\n>p1 move hurricane\n>p2 move icebeam\n>p1 switch 5\n>p1 move earthquake\n>p2 move hydropump", "uploadtime": 1727564280, "views": 81, "formatid": "gen9randombattle", "rating": 2236, "private": 0, "password": null}