{"id": "gen9randombattle-2259940579", "format": "[Gen 9] Random Battle", "players": ["Bladewheels", "klasdnjknk"], "log": "|j|\u2606Bladewheels\n|j|\u2606klasdnjknk\n|t:|1733782288\n|gametype|singles\n|player|p1|Bladewheels|hugh|1334\n|player|p2|klasdnjknk|benga|1340\n|teamsize|p1|6\n|teamsize|p2|6\n|gen|9\n|tier|[Gen 9] Random Battle\n|rated|\n|rule|Species Clause: Limit one of each Pok\u00e9mon\n|rule|HP Percentage Mod: HP is shown in percentages\n|rule|Sleep Clause Mod: Limit one foe put to sleep\n|rule|Illusion Level Mod: Illusion disguises the Pok\u00e9mon's true level\n|\n|t:|1733782288\n|start\n|switch|p1a: Chimecho|Chimecho, L93, M|290/290\n|switch|p2a: Galvantula|Galvantula, L82, F|249/249\n|turn|1\n|inactive|Battle timer is ON: inactive players will automatically lose when time's up. (requested by klasdnjknk)\n|inactive|Bladewheels also wants the timer to be on.\n|\n|t:|1733782311\n|move|p2a: Galvantula|Sticky Web|p1a: Chimecho\n|-sidestart|p1: Bladewheels|move: Sticky Web\n|move|p1a: Chimecho|Cosmic Power|p1a: Chimecho\n|-boost|p1a: Chimecho|def|1\n|-boost|p1a: Chimecho|spd|1\n|\n|upkeep\n|turn|2\n|\n|t:|1733782314\n|move|p2a: Galvantula|Bug Buzz|p1a: Chimecho\n|-supereffective|p1a: Chimecho\n|-damage|p1a: Chimecho|182/290\n|move|p1a: Chimecho|Cosmic Power|p1a: Chimecho\n|-boost|p1a: Chimecho|def|1\n|-boost|p1a: Chimecho|spd|1\n|\n|-heal|p1a: Chimecho|200/290|[from] item: Leftovers\n|upkeep\n|turn|3\n|\n|t:|1733782321\n|switch|p2a: Grimmsnarl|Grimmsnarl, L83, M|293/293\n|move|p1a: Chimecho|Cosmic Power|p1a: Chimecho\n|-boost|p1a: Chimecho|def|1\n|-boost|p1a: Chimecho|spd|1\n|\n|-heal|p1a: Chimecho|218/290|[from] item: Leftovers\n|upkeep\n|turn|4\n|\n|t:|1733782326\n|move|p2a: Grimmsnarl|Taunt|p1a: Chimecho\n|-start|p1a: Chimecho|move: Taunt\n|move|p1a: Chimecho|Dazzling Gleam|p2a: Grimmsnarl\n|-supereffective|p2a: Grimmsnarl\n|-damage|p2a: Grimmsnarl|135/293\n|\n|-heal|p1a: Chimecho|236/290|[from] item: Leftovers\n|-heal|p2a: Grimmsnarl|153/293|[from] item: Leftovers\n|upkeep\n|turn|5\n|\n|t:|1733782333\n|move|p2a: Grimmsnarl|Parting Shot|p1a: Chimecho\n|-unboost|p1a: Chimecho|atk|1\n|-unboost|p1a: Chimecho|spa|1\n|\n|t:|1733782341\n|switch|p2a: Wigglytuff|Wigglytuff, L96, M|424/424|[from] Parting Shot\n|move|p1a: Chimecho|Dazzling Gleam|p2a: Wigglytuff\n|-damage|p2a: Wigglytuff|366/424\n|\n|-heal|p1a: Chimecho|254/290|[from] item: Leftovers\n|-heal|p2a: Wigglytuff|392/424|[from] item: Leftovers\n|upkeep\n|turn|6\n|\n|t:|1733782349\n|move|p1a: Chimecho|Stored Power|p2a: Wigglytuff\n|-damage|p2a: Wigglytuff|235/424\n|move|p2a: Wigglytuff|Thunder Wave|p1a: Chimecho\n|-status|p1a: Chimecho|par\n|\n|-heal|p2a: Wigglytuff|261/424|[from] item: Leftovers\n|-heal|p1a: Chimecho|272/290 par|[from] item: Leftovers\n|-end|p1a: Chimecho|move: Taunt\n|upkeep\n|turn|7\n|\n|t:|1733782356\n|move|p2a: Wigglytuff|Protect|p2a: Wigglytuff\n|-singleturn|p2a: Wigglytuff|Protect\n|move|p1a: Chimecho|Stored Power|p2a: Wigglytuff\n|-activate|p2a: Wigglytuff|move: Protect\n|\n|-heal|p2a: Wigglytuff|287/424|[from] item: Leftovers\n|-heal|p1a: Chimecho|290/290 par|[from] item: Leftovers\n|upkeep\n|turn|8\n|\n|t:|1733782362\n|move|p2a: Wigglytuff|Wish|p2a: Wigglytuff\n|move|p1a: Chimecho|Stored Power|p2a: Wigglytuff\n|-damage|p2a: Wigglytuff|139/424\n|\n|-heal|p2a: Wigglytuff|165/424|[from] item: Leftovers\n|upkeep\n|turn|9\n|\n|t:|1733782368\n|switch|p2a: Grimmsnarl|Grimmsnarl, L83, M|153/293\n|cant|p1a: Chimecho|par\n|\n|-heal|p2a: Grimmsnarl|293/293|[from] move: Wish|[wisher] Wigglytuff\n|upkeep\n|turn|10\n|\n|t:|1733782375\n|move|p2a: Grimmsnarl|Taunt|p1a: Chimecho\n|-start|p1a: Chimecho|move: Taunt\n|cant|p1a: Chimecho|move: Taunt|Cosmic Power\n|\n|upkeep\n|turn|11\n|\n|t:|1733782384\n|move|p2a: Grimmsnarl|Sucker Punch|p1a: Chimecho\n|-supereffective|p1a: Chimecho\n|-damage|p1a: Chimecho|228/290 par\n|move|p1a: Chimecho|Dazzling Gleam|p2a: Grimmsnarl\n|-supereffective|p2a: Grimmsnarl\n|-damage|p2a: Grimmsnarl|193/293\n|\n|-heal|p2a: Grimmsnarl|211/293|[from] item: Leftovers\n|-heal|p1a: Chimecho|246/290 par|[from] item: Leftovers\n|upkeep\n|turn|12\n|\n|t:|1733782388\n|move|p2a: Grimmsnarl|Parting Shot|p1a: Chimecho\n|-unboost|p1a: Chimecho|atk|1\n|-unboost|p1a: Chimecho|spa|1\n|\n|t:|1733782391\n|switch|p2a: Wigglytuff|Wigglytuff, L96, M|165/424|[from] Parting Shot\n|move|p1a: Chimecho|Dazzling Gleam|p2a: Wigglytuff\n|-damage|p2a: Wigglytuff|120/424\n|\n|-heal|p2a: Wigglytuff|146/424|[from] item: Leftovers\n|-heal|p1a: Chimecho|264/290 par|[from] item: Leftovers\n|-end|p1a: Chimecho|move: Taunt\n|upkeep\n|turn|13\n|\n|t:|1733782402\n|move|p2a: Wigglytuff|Wish|p2a: Wigglytuff\n|move|p1a: Chimecho|Cosmic Power|p1a: Chimecho\n|-boost|p1a: Chimecho|def|1\n|-boost|p1a: Chimecho|spd|1\n|\n|-heal|p2a: Wigglytuff|172/424|[from] item: Leftovers\n|-heal|p1a: Chimecho|282/290 par|[from] item: Leftovers\n|upkeep\n|turn|14\n|\n|t:|1733782408\n|switch|p2a: Grimmsnarl|Grimmsnarl, L83, M|211/293\n|move|p1a: Chimecho|Cosmic Power|p1a: Chimecho\n|-boost|p1a: Chimecho|def|1\n|-boost|p1a: Chimecho|spd|1\n|\n|-heal|p2a: Grimmsnarl|293/293|[from] move: Wish|[wisher] Wigglytuff\n|-heal|p1a: Chimecho|290/290 par|[from] item: Leftovers\n|upkeep\n|turn|15\n|\n|t:|1733782412\n|move|p2a: Grimmsnarl|Taunt|p1a: Chimecho\n|-start|p1a: Chimecho|move: Taunt\n|cant|p1a: Chimecho|par\n|\n|upkeep\n|turn|16\n|\n|t:|1733782419\n|move|p2a: Grimmsnarl|Parting Shot|p1a: Chimecho\n|-unboost|p1a: Chimecho|atk|1\n|-unboost|p1a: Chimecho|spa|1\n|\n|t:|1733782426\n|switch|p2a: Mismagius|Mismagius, L86, M|243/243|[from] Parting Shot\n|move|p1a: Chimecho|Dazzling Gleam|p2a: Mismagius\n|-damage|p2a: Mismagius|221/243\n|\n|-heal|p2a: Mismagius|236/243|[from] item: Leftovers\n|upkeep\n|turn|17\n|\n|t:|1733782432\n|move|p2a: Mismagius|Substitute|p2a: Mismagius\n|-start|p2a: Mismagius|Substitute\n|-damage|p2a: Mismagius|176/243\n|move|p1a: Chimecho|Stored Power|p2a: Mismagius\n|-end|p2a: Mismagius|Substitute\n|\n|-heal|p2a: Mismagius|191/243|[from] item: Leftovers\n|-end|p1a: Chimecho|move: Taunt\n|upkeep\n|turn|18\n|\n|t:|1733782441\n|move|p2a: Mismagius|Substitute|p2a: Mismagius\n|-start|p2a: Mismagius|Substitute\n|-damage|p2a: Mismagius|131/243\n|move|p1a: Chimecho|Cosmic Power|p1a: Chimecho\n|-boost|p1a: Chimecho|def|1\n|-boost|p1a: Chimecho|spd|1\n|\n|-heal|p2a: Mismagius|146/243|[from] item: Leftovers\n|upkeep\n|turn|19\n|\n|t:|1733782444\n|move|p2a: Mismagius|Nasty Plot|p2a: Mismagius\n|-boost|p2a: Mismagius|spa|2\n|move|p1a: Chimecho|Stored Power|p2a: Mismagius\n|-end|p2a: Mismagius|Substitute\n|\n|-heal|p2a: Mismagius|161/243|[from] item: Leftovers\n|upkeep\n|turn|20\n|\n|t:|1733782447\n|move|p2a: Mismagius|Shadow Ball|p1a: Chimecho\n|-supereffective|p1a: Chimecho\n|-damage|p1a: Chimecho|198/290 par\n|move|p1a: Chimecho|Stored Power|p2a: Mismagius\n|-damage|p2a: Mismagius|44/243\n|\n|-heal|p2a: Mismagius|59/243|[from] item: Leftovers\n|-heal|p1a: Chimecho|216/290 par|[from] item: Leftovers\n|upkeep\n|turn|21\n|\n|t:|1733782454\n|move|p2a: Mismagius|Shadow Ball|p1a: Chimecho\n|-supereffective|p1a: Chimecho\n|-damage|p1a: Chimecho|124/290 par\n|move|p1a: Chimecho|Stored Power|p2a: Mismagius\n|-damage|p2a: Mismagius|0 fnt\n|faint|p2a: Mismagius\n|\n|-heal|p1a: Chimecho|142/290 par|[from] item: Leftovers\n|upkeep\n|\n|t:|1733782456\n|switch|p2a: Grimmsnarl|Grimmsnarl, L83, M|293/293\n|turn|22\n|\n|t:|1733782459\n|move|p2a: Grimmsnarl|Parting Shot|p1a: Chimecho\n|-unboost|p1a: Chimecho|atk|1\n|-unboost|p1a: Chimecho|spa|1\n|\n|t:|1733782464\n|switch|p2a: Wigglytuff|Wigglytuff, L96, M|172/424|[from] Parting Shot\n|cant|p1a: Chimecho|par\n|\n|-heal|p2a: Wigglytuff|198/424|[from] item: Leftovers\n|-heal|p1a: Chimecho|160/290 par|[from] item: Leftovers\n|upkeep\n|turn|23\n|\n|t:|1733782468\n|move|p2a: Wigglytuff|Wish|p2a: Wigglytuff\n|move|p1a: Chimecho|Recover|p1a: Chimecho\n|-heal|p1a: Chimecho|290/290 par\n|\n|-heal|p2a: Wigglytuff|224/424|[from] item: Leftovers\n|upkeep\n|turn|24\n|\n|t:|1733782473\n|move|p2a: Wigglytuff|Dazzling Gleam|p1a: Chimecho\n|-damage|p1a: Chimecho|268/290 par\n|move|p1a: Chimecho|Stored Power|p2a: Wigglytuff\n|-damage|p2a: Wigglytuff|83/424\n|\n|-heal|p2a: Wigglytuff|295/424|[from] move: Wish|[wisher] Wigglytuff\n|-heal|p2a: Wigglytuff|321/424|[from] item: Leftovers\n|-heal|p1a: Chimecho|286/290 par|[from] item: Leftovers\n|upkeep\n|turn|25\n|\n|t:|1733782476\n|move|p2a: Wigglytuff|Wish|p2a: Wigglytuff\n|move|p1a: Chimecho|Stored Power|p2a: Wigglytuff\n|-damage|p2a: Wigglytuff|170/424\n|\n|-heal|p2a: Wigglytuff|196/424|[from] item: Leftovers\n|-heal|p1a: Chimecho|290/290 par|[from] item: Leftovers\n|upkeep\n|turn|26\n|\n|t:|1733782484\n|move|p2a: Wigglytuff|Protect|p2a: Wigglytuff\n|-singleturn|p2a: Wigglytuff|Protect\n|cant|p1a: Chimecho|par\n|\n|-heal|p2a: Wigglytuff|408/424|[from] move: Wish|[wisher] Wigglytuff\n|-heal|p2a: Wigglytuff|424/424|[from] item: Leftovers\n|upkeep\n|turn|27\n|\n|t:|1733782488\n|move|p2a: Wigglytuff|Wish|p2a: Wigglytuff\n|move|p1a: Chimecho|Stored Power|p2a: Wigglytuff\n|-damage|p2a: Wigglytuff|286/424\n|\n|-heal|p2a: Wigglytuff|312/424|[from] item: Leftovers\n|upkeep\n|turn|28\n|\n|t:|1733782491\n|move|p2a: Wigglytuff|Dazzling Gleam|p1a: Chimecho\n|-damage|p1a: Chimecho|266/290 par\n|move|p1a: Chimecho|Stored Power|p2a: Wigglytuff\n|-damage|p2a: Wigglytuff|161/424\n|\n|-heal|p2a: Wigglytuff|373/424|[from] move: Wish|[wisher] Wigglytuff\n|-heal|p2a: Wigglytuff|399/424|[from] item: Leftovers\n|-heal|p1a: Chimecho|284/290 par|[from] item: Leftovers\n|upkeep\n|turn|29\n|\n|t:|1733782503\n|move|p2a: Wigglytuff|Dazzling Gleam|p1a: Chimecho\n|-damage|p1a: Chimecho|262/290 par\n|cant|p1a: Chimecho|par\n|\n|-heal|p2a: Wigglytuff|424/424|[from] item: Leftovers\n|-heal|p1a: Chimecho|280/290 par|[from] item: Leftovers\n|upkeep\n|turn|30\n|\n|t:|1733782511\n|move|p2a: Wigglytuff|Protect|p2a: Wigglytuff\n|-singleturn|p2a: Wigglytuff|Protect\n|move|p1a: Chimecho|Stored Power|p2a: Wigglytuff\n|-activate|p2a: Wigglytuff|move: Protect\n|\n|-heal|p1a: Chimecho|290/290 par|[from] item: Leftovers\n|upkeep\n|turn|31\n|\n|t:|1733782518\n|move|p2a: Wigglytuff|Dazzling Gleam|p1a: Chimecho\n|-damage|p1a: Chimecho|268/290 par\n|move|p1a: Chimecho|Stored Power|p2a: Wigglytuff\n|-damage|p2a: Wigglytuff|285/424\n|\n|-heal|p2a: Wigglytuff|311/424|[from] item: Leftovers\n|-heal|p1a: Chimecho|286/290 par|[from] item: Leftovers\n|upkeep\n|turn|32\n|\n|t:|1733782522\n|move|p2a: Wigglytuff|Wish|p2a: Wigglytuff\n|move|p1a: Chimecho|Stored Power|p2a: Wigglytuff\n|-damage|p2a: Wigglytuff|167/424\n|\n|-heal|p2a: Wigglytuff|193/424|[from] item: Leftovers\n|-heal|p1a: Chimecho|290/290 par|[from] item: Leftovers\n|upkeep\n|turn|33\n|\n|t:|1733782526\n|move|p2a: Wigglytuff|Protect|p2a: Wigglytuff\n|-singleturn|p2a: Wigglytuff|Protect\n|move|p1a: Chimecho|Stored Power|p2a: Wigglytuff\n|-activate|p2a: Wigglytuff|move: Protect\n|\n|-heal|p2a: Wigglytuff|405/424|[from] move: Wish|[wisher] Wigglytuff\n|-heal|p2a: Wigglytuff|424/424|[from] item: Leftovers\n|upkeep\n|turn|34\n|\n|t:|1733782532\n|move|p2a: Wigglytuff|Wish|p2a: Wigglytuff\n|move|p1a: Chimecho|Stored Power|p2a: Wigglytuff\n|-damage|p2a: Wigglytuff|291/424\n|\n|-heal|p2a: Wigglytuff|317/424|[from] item: Leftovers\n|upkeep\n|turn|35\n|\n|t:|1733782541\n|move|p2a: Wigglytuff|Dazzling Gleam|p1a: Chimecho\n|-damage|p1a: Chimecho|265/290 par\n|move|p1a: Chimecho|Dazzling Gleam|p2a: Wigglytuff\n|-damage|p2a: Wigglytuff|286/424\n|\n|-heal|p2a: Wigglytuff|424/424|[from] move: Wish|[wisher] Wigglytuff\n|-heal|p1a: Chimecho|283/290 par|[from] item: Leftovers\n|upkeep\n|turn|36\n|\n|t:|1733782548\n|move|p2a: Wigglytuff|Protect|p2a: Wigglytuff\n|-singleturn|p2a: Wigglytuff|Protect\n|cant|p1a: Chimecho|par\n|\n|-heal|p1a: Chimecho|290/290 par|[from] item: Leftovers\n|upkeep\n|turn|37\n|\n|t:|1733782555\n|move|p2a: Wigglytuff|Protect|p2a: Wigglytuff\n|-singleturn|p2a: Wigglytuff|Protect\n|move|p1a: Chimecho|Dazzling Gleam|p2a: Wigglytuff\n|-activate|p2a: Wigglytuff|move: Protect\n|\n|upkeep\n|turn|38\n|\n|t:|1733782563\n|move|p2a: Wigglytuff|Thunder Wave|p1a: Chimecho\n|-fail|p1a: Chimecho|par\n|move|p1a: Chimecho|Dazzling Gleam|p2a: Wigglytuff\n|-damage|p2a: Wigglytuff|394/424\n|\n|-heal|p2a: Wigglytuff|420/424|[from] item: Leftovers\n|upkeep\n|turn|39\n|\n|t:|1733782571\n|move|p2a: Wigglytuff|Thunder Wave|p1a: Chimecho\n|-fail|p1a: Chimecho|par\n|move|p1a: Chimecho|Dazzling Gleam|p2a: Wigglytuff\n|-damage|p2a: Wigglytuff|392/424\n|\n|-heal|p2a: Wigglytuff|418/424|[from] item: Leftovers\n|upkeep\n|turn|40\n|\n|t:|1733782575\n|move|p2a: Wigglytuff|Thunder Wave|p1a: Chimecho\n|-fail|p1a: Chimecho|par\n|move|p1a: Chimecho|Dazzling Gleam|p2a: Wigglytuff\n|-damage|p2a: Wigglytuff|385/424\n|\n|-heal|p2a: Wigglytuff|411/424|[from] item: Leftovers\n|upkeep\n|turn|41\n|\n|t:|1733782581\n|move|p2a: Wigglytuff|Thunder Wave|p1a: Chimecho\n|-fail|p1a: Chimecho|par\n|cant|p1a: Chimecho|par\n|\n|-heal|p2a: Wigglytuff|424/424|[from] item: Leftovers\n|upkeep\n|turn|42\n|\n|t:|1733782591\n|move|p2a: Wigglytuff|Thunder Wave|p1a: Chimecho\n|-fail|p1a: Chimecho|par\n|move|p1a: Chimecho|Cosmic Power|p1a: Chimecho\n|-boost|p1a: Chimecho|def|0\n|-boost|p1a: Chimecho|spd|0\n|\n|upkeep\n|turn|43\n|\n|t:|1733782593\n|move|p2a: Wigglytuff|Thunder Wave|p1a: Chimecho\n|-fail|p1a: Chimecho|par\n|cant|p1a: Chimecho|par\n|\n|upkeep\n|turn|44\n|\n|t:|1733782599\n|move|p2a: Wigglytuff|Thunder Wave|p1a: Chimecho\n|-fail|p1a: Chimecho|par\n|move|p1a: Chimecho|Cosmic Power|p1a: Chimecho\n|-boost|p1a: Chimecho|def|0\n|-boost|p1a: Chimecho|spd|0\n|\n|upkeep\n|turn|45\n|\n|t:|1733782607\n|move|p2a: Wigglytuff|Thunder Wave|p1a: Chimecho\n|-fail|p1a: Chimecho|par\n|move|p1a: Chimecho|Cosmic Power|p1a: Chimecho\n|-boost|p1a: Chimecho|def|0\n|-boost|p1a: Chimecho|spd|0\n|\n|upkeep\n|turn|46\n|\n|t:|1733782614\n|switch|p2a: Grimmsnarl|Grimmsnarl, L83, M|293/293\n|move|p1a: Chimecho|Cosmic Power|p1a: Chimecho\n|-boost|p1a: Chimecho|def|0\n|-boost|p1a: Chimecho|spd|0\n|\n|upkeep\n|turn|47\n|\n|t:|1733782621\n|move|p2a: Grimmsnarl|Taunt|p1a: Chimecho\n|-start|p1a: Chimecho|move: Taunt\n|cant|p1a: Chimecho|move: Taunt|Cosmic Power\n|\n|upkeep\n|turn|48\n|\n|t:|1733782625\n|move|p2a: Grimmsnarl|Parting Shot|p1a: Chimecho\n|-unboost|p1a: Chimecho|atk|1\n|-unboost|p1a: Chimecho|spa|1\n|\n|t:|1733782627\n|switch|p2a: Wigglytuff|Wigglytuff, L96, M|424/424|[from] Parting Shot\n|move|p1a: Chimecho|Dazzling Gleam|p2a: Wigglytuff\n|-damage|p2a: Wigglytuff|400/424\n|\n|-heal|p2a: Wigglytuff|424/424|[from] item: Leftovers\n|upkeep\n|turn|49\n|\n|t:|1733782648\n|switch|p1a: Hippowdon|Hippowdon, L82, F|311/311\n|-activate|p1a: Hippowdon|move: Sticky Web\n|-unboost|p1a: Hippowdon|spe|1\n|-weather|Sandstorm|[from] ability: Sand Stream|[of] p1a: Hippowdon\n|move|p2a: Wigglytuff|Thunder Wave|p1a: Hippowdon\n|-immune|p1a: Hippowdon\n|\n|-weather|Sandstorm|[upkeep]\n|-damage|p2a: Wigglytuff|398/424|[from] Sandstorm\n|-heal|p2a: Wigglytuff|424/424|[from] item: Leftovers\n|upkeep\n|turn|50\n|\n|t:|1733782661\n|switch|p2a: Grimmsnarl|Grimmsnarl, L83, M|293/293\n|move|p1a: Hippowdon|Earthquake|p2a: Grimmsnarl\n|-damage|p2a: Grimmsnarl|157/293\n|\n|-weather|Sandstorm|[upkeep]\n|-damage|p2a: Grimmsnarl|139/293|[from] Sandstorm\n|-heal|p2a: Grimmsnarl|157/293|[from] item: Leftovers\n|upkeep\n|turn|51\n|\n|t:|1733782667\n|move|p2a: Grimmsnarl|Parting Shot|p1a: Hippowdon\n|-unboost|p1a: Hippowdon|atk|1\n|-unboost|p1a: Hippowdon|spa|1\n|\n|t:|1733782678\n|switch|p2a: Wigglytuff|Wigglytuff, L96, M|424/424|[from] Parting Shot\n|move|p1a: Hippowdon|Curse|p1a: Hippowdon\n|-unboost|p1a: Hippowdon|spe|1\n|-boost|p1a: Hippowdon|atk|1\n|-boost|p1a: Hippowdon|def|1\n|\n|-weather|Sandstorm|[upkeep]\n|-damage|p2a: Wigglytuff|398/424|[from] Sandstorm\n|-heal|p2a: Wigglytuff|424/424|[from] item: Leftovers\n|upkeep\n|turn|52\n|\n|t:|1733782685\n|move|p2a: Wigglytuff|Dazzling Gleam|p1a: Hippowdon\n|-damage|p1a: Hippowdon|187/311\n|move|p1a: Hippowdon|Earthquake|p2a: Wigglytuff\n|-damage|p2a: Wigglytuff|273/424\n|\n|-weather|Sandstorm|[upkeep]\n|-damage|p2a: Wigglytuff|247/424|[from] Sandstorm\n|-heal|p2a: Wigglytuff|273/424|[from] item: Leftovers\n|-heal|p1a: Hippowdon|206/311|[from] item: Leftovers\n|upkeep\n|turn|53\n|\n|t:|1733782698\n|move|p2a: Wigglytuff|Wish|p2a: Wigglytuff\n|move|p1a: Hippowdon|Earthquake|p2a: Wigglytuff\n|-damage|p2a: Wigglytuff|110/424\n|\n|-weather|none\n|-heal|p2a: Wigglytuff|136/424|[from] item: Leftovers\n|-heal|p1a: Hippowdon|225/311|[from] item: Leftovers\n|upkeep\n|turn|54\n|\n|t:|1733782701\n|move|p2a: Wigglytuff|Protect|p2a: Wigglytuff\n|-singleturn|p2a: Wigglytuff|Protect\n|move|p1a: Hippowdon|Slack Off|p1a: Hippowdon\n|-heal|p1a: Hippowdon|311/311\n|\n|-heal|p2a: Wigglytuff|348/424|[from] move: Wish|[wisher] Wigglytuff\n|-heal|p2a: Wigglytuff|374/424|[from] item: Leftovers\n|upkeep\n|turn|55\n|\n|t:|1733782707\n|move|p2a: Wigglytuff|Wish|p2a: Wigglytuff\n|move|p1a: Hippowdon|Earthquake|p2a: Wigglytuff\n|-damage|p2a: Wigglytuff|215/424\n|\n|-heal|p2a: Wigglytuff|241/424|[from] item: Leftovers\n|upkeep\n|turn|56\n|\n|t:|1733782712\n|move|p2a: Wigglytuff|Dazzling Gleam|p1a: Hippowdon\n|-damage|p1a: Hippowdon|191/311\n|move|p1a: Hippowdon|Curse|p1a: Hippowdon\n|-unboost|p1a: Hippowdon|spe|1\n|-boost|p1a: Hippowdon|atk|1\n|-boost|p1a: Hippowdon|def|1\n|\n|-heal|p2a: Wigglytuff|424/424|[from] move: Wish|[wisher] Wigglytuff\n|-heal|p1a: Hippowdon|210/311|[from] item: Leftovers\n|upkeep\n|turn|57\n|\n|t:|1733782719\n|switch|p2a: Grimmsnarl|Grimmsnarl, L83, M|157/293\n|move|p1a: Hippowdon|Earthquake|p2a: Grimmsnarl\n|-damage|p2a: Grimmsnarl|0 fnt\n|faint|p2a: Grimmsnarl\n|\n|-heal|p1a: Hippowdon|229/311|[from] item: Leftovers\n|upkeep\n|\n|t:|1733782724\n|switch|p2a: Lucario|Lucario, L84, M|255/255\n|turn|58\n|\n|t:|1733782731\n|-terastallize|p2a: Lucario|Fighting\n|move|p2a: Lucario|Nasty Plot|p2a: Lucario\n|-boost|p2a: Lucario|spa|2\n|move|p1a: Hippowdon|Earthquake|p2a: Lucario\n|-damage|p2a: Lucario|65/255\n|\n|-heal|p1a: Hippowdon|248/311|[from] item: Leftovers\n|upkeep\n|turn|59\n|\n|t:|1733782740\n|move|p2a: Lucario|Aura Sphere|p1a: Hippowdon\n|-damage|p1a: Hippowdon|0 fnt\n|faint|p1a: Hippowdon\n|-damage|p2a: Lucario|40/255|[from] item: Life Orb\n|\n|upkeep\n|\n|t:|1733782748\n|switch|p1a: Chimecho|Chimecho, L93, M|290/290 par\n|turn|60\n|\n|t:|1733782753\n|switch|p2a: Wigglytuff|Wigglytuff, L96, M|424/424\n|move|p1a: Chimecho|Dazzling Gleam|p2a: Wigglytuff\n|-damage|p2a: Wigglytuff|331/424\n|\n|-heal|p2a: Wigglytuff|357/424|[from] item: Leftovers\n|upkeep\n|turn|61\n|\n|t:|1733782758\n|move|p2a: Wigglytuff|Wish|p2a: Wigglytuff\n|cant|p1a: Chimecho|par\n|\n|-heal|p2a: Wigglytuff|383/424|[from] item: Leftovers\n|upkeep\n|turn|62\n|\n|t:|1733782764\n|move|p2a: Wigglytuff|Dazzling Gleam|p1a: Chimecho\n|-damage|p1a: Chimecho|205/290 par\n|move|p1a: Chimecho|Cosmic Power|p1a: Chimecho\n|-boost|p1a: Chimecho|def|1\n|-boost|p1a: Chimecho|spd|1\n|\n|-heal|p2a: Wigglytuff|424/424|[from] move: Wish|[wisher] Wigglytuff\n|-heal|p1a: Chimecho|223/290 par|[from] item: Leftovers\n|upkeep\n|turn|63\n|\n|t:|1733782771\n|move|p2a: Wigglytuff|Wish|p2a: Wigglytuff\n|cant|p1a: Chimecho|par\n|\n|-heal|p1a: Chimecho|241/290 par|[from] item: Leftovers\n|upkeep\n|turn|64\n|\n|t:|1733782773\n|switch|p2a: Lucario|Lucario, L84, M, tera:Fighting|40/255\n|move|p1a: Chimecho|Cosmic Power|p1a: Chimecho\n|-boost|p1a: Chimecho|def|1\n|-boost|p1a: Chimecho|spd|1\n|\n|-heal|p2a: Lucario|252/255|[from] move: Wish|[wisher] Wigglytuff\n|-heal|p1a: Chimecho|259/290 par|[from] item: Leftovers\n|upkeep\n|turn|65\n|\n|t:|1733782778\n|switch|p2a: Wigglytuff|Wigglytuff, L96, M|424/424\n|cant|p1a: Chimecho|par\n|\n|-heal|p1a: Chimecho|277/290 par|[from] item: Leftovers\n|upkeep\n|turn|66\n|\n|t:|1733782781\n|move|p2a: Wigglytuff|Dazzling Gleam|p1a: Chimecho\n|-damage|p1a: Chimecho|229/290 par\n|move|p1a: Chimecho|Cosmic Power|p1a: Chimecho\n|-boost|p1a: Chimecho|def|1\n|-boost|p1a: Chimecho|spd|1\n|\n|-heal|p1a: Chimecho|247/290 par|[from] item: Leftovers\n|upkeep\n|turn|67\n|\n|t:|1733782786\n|move|p2a: Wigglytuff|Dazzling Gleam|p1a: Chimecho\n|-damage|p1a: Chimecho|211/290 par\n|move|p1a: Chimecho|Cosmic Power|p1a: Chimecho\n|-boost|p1a: Chimecho|def|1\n|-boost|p1a: Chimecho|spd|1\n|\n|-heal|p1a: Chimecho|229/290 par|[from] item: Leftovers\n|upkeep\n|turn|68\n|\n|t:|1733782791\n|move|p2a: Wigglytuff|Dazzling Gleam|p1a: Chimecho\n|-damage|p1a: Chimecho|196/290 par\n|move|p1a: Chimecho|Cosmic Power|p1a: Chimecho\n|-boost|p1a: Chimecho|def|1\n|-boost|p1a: Chimecho|spd|1\n|\n|-heal|p1a: Chimecho|214/290 par|[from] item: Leftovers\n|upkeep\n|turn|69\n|\n|t:|1733782794\n|move|p2a: Wigglytuff|Dazzling Gleam|p1a: Chimecho\n|-damage|p1a: Chimecho|189/290 par\n|move|p1a: Chimecho|Cosmic Power|p1a: Chimecho\n|-boost|p1a: Chimecho|def|1\n|-boost|p1a: Chimecho|spd|1\n|\n|-heal|p1a: Chimecho|207/290 par|[from] item: Leftovers\n|upkeep\n|turn|70\n|\n|t:|1733782797\n|move|p2a: Wigglytuff|Dazzling Gleam|p1a: Chimecho\n|-damage|p1a: Chimecho|186/290 par\n|move|p1a: Chimecho|Recover|p1a: Chimecho\n|-heal|p1a: Chimecho|290/290 par\n|\n|upkeep\n|turn|71\n|\n|t:|1733782802\n|move|p2a: Wigglytuff|Dazzling Gleam|p1a: Chimecho\n|-damage|p1a: Chimecho|266/290 par\n|move|p1a: Chimecho|Dazzling Gleam|p2a: Wigglytuff\n|-damage|p2a: Wigglytuff|334/424\n|\n|-heal|p2a: Wigglytuff|360/424|[from] item: Leftovers\n|-heal|p1a: Chimecho|284/290 par|[from] item: Leftovers\n|upkeep\n|turn|72\n|\n|t:|1733782811\n|move|p2a: Wigglytuff|Dazzling Gleam|p1a: Chimecho\n|-damage|p1a: Chimecho|262/290 par\n|move|p1a: Chimecho|Cosmic Power|p1a: Chimecho\n|-boost|p1a: Chimecho|def|0\n|-boost|p1a: Chimecho|spd|0\n|\n|-heal|p2a: Wigglytuff|386/424|[from] item: Leftovers\n|-heal|p1a: Chimecho|280/290 par|[from] item: Leftovers\n|upkeep\n|turn|73\n|\n|t:|1733782817\n|move|p2a: Wigglytuff|Thunder Wave|p1a: Chimecho\n|-fail|p1a: Chimecho|par\n|move|p1a: Chimecho|Cosmic Power|p1a: Chimecho\n|-boost|p1a: Chimecho|def|0\n|-boost|p1a: Chimecho|spd|0\n|\n|-heal|p2a: Wigglytuff|412/424|[from] item: Leftovers\n|-heal|p1a: Chimecho|290/290 par|[from] item: Leftovers\n|upkeep\n|turn|74\n|\n|t:|1733782828\n|move|p2a: Wigglytuff|Thunder Wave|p1a: Chimecho\n|-fail|p1a: Chimecho|par\n|move|p1a: Chimecho|Cosmic Power|p1a: Chimecho\n|-boost|p1a: Chimecho|def|0\n|-boost|p1a: Chimecho|spd|0\n|\n|-heal|p2a: Wigglytuff|424/424|[from] item: Leftovers\n|upkeep\n|turn|75\n|\n|t:|1733782833\n|move|p2a: Wigglytuff|Thunder Wave|p1a: Chimecho\n|-fail|p1a: Chimecho|par\n|move|p1a: Chimecho|Cosmic Power|p1a: Chimecho\n|-boost|p1a: Chimecho|def|0\n|-boost|p1a: Chimecho|spd|0\n|\n|upkeep\n|turn|76\n|\n|t:|1733782845\n|move|p2a: Wigglytuff|Thunder Wave|p1a: Chimecho\n|-fail|p1a: Chimecho|par\n|move|p1a: Chimecho|Cosmic Power|p1a: Chimecho\n|-boost|p1a: Chimecho|def|0\n|-boost|p1a: Chimecho|spd|0\n|\n|upkeep\n|turn|77\n|\n|t:|1733782863\n|switch|p2a: Galvantula|Galvantula, L82, F|249/249\n|move|p1a: Chimecho|Cosmic Power|p1a: Chimecho\n|-boost|p1a: Chimecho|def|0\n|-boost|p1a: Chimecho|spd|0\n|\n|upkeep\n|turn|78\n|\n|t:|1733782870\n|move|p2a: Galvantula|Volt Switch|p1a: Chimecho\n|-damage|p1a: Chimecho|272/290 par\n|\n|t:|1733782872\n|switch|p2a: Wigglytuff|Wigglytuff, L96, M|424/424|[from] Volt Switch\n|move|p1a: Chimecho|Dazzling Gleam|p2a: Wigglytuff\n|-damage|p2a: Wigglytuff|332/424\n|\n|-heal|p2a: Wigglytuff|358/424|[from] item: Leftovers\n|-heal|p1a: Chimecho|290/290 par|[from] item: Leftovers\n|upkeep\n|turn|79\n|c|\u2606Bladewheels|little smart ass\n|\n|t:|1733782881\n|move|p2a: Wigglytuff|Thunder Wave|p1a: Chimecho\n|-fail|p1a: Chimecho|par\n|move|p1a: Chimecho|Cosmic Power|p1a: Chimecho\n|-boost|p1a: Chimecho|def|0\n|-boost|p1a: Chimecho|spd|0\n|\n|-heal|p2a: Wigglytuff|384/424|[from] item: Leftovers\n|upkeep\n|turn|80\n|c|\u2606klasdnjknk|No pp?\n|\n|t:|1733782893\n|switch|p2a: Galvantula|Galvantula, L82, F|249/249\n|move|p1a: Chimecho|Cosmic Power|p1a: Chimecho\n|-boost|p1a: Chimecho|def|0\n|-boost|p1a: Chimecho|spd|0\n|\n|upkeep\n|turn|81\n|c|\u2606Bladewheels|no pp ?\n|c|\u2606Bladewheels|what does that even mean ?\n|\n|t:|1733782909\n|move|p2a: Galvantula|Bug Buzz|p1a: Chimecho\n|-supereffective|p1a: Chimecho\n|-damage|p1a: Chimecho|246/290 par\n|move|p1a: Chimecho|Cosmic Power|p1a: Chimecho\n|-boost|p1a: Chimecho|def|0\n|-boost|p1a: Chimecho|spd|0\n|\n|-heal|p1a: Chimecho|264/290 par|[from] item: Leftovers\n|upkeep\n|turn|82\n|inactive|klasdnjknk has 120 seconds left.\n|c|\u2606klasdnjknk|No pp on stored power, also, i think it's the same with dazzling gleam\n|\n|t:|1733782943\n|move|p2a: Galvantula|Volt Switch|p1a: Chimecho\n|-damage|p1a: Chimecho|246/290 par\n|\n|t:|1733782946\n|switch|p2a: Wigglytuff|Wigglytuff, L96, M|384/424|[from] Volt Switch\n|cant|p1a: Chimecho|par\n|\n|-heal|p2a: Wigglytuff|410/424|[from] item: Leftovers\n|-heal|p1a: Chimecho|264/290 par|[from] item: Leftovers\n|upkeep\n|turn|83\n|\n|t:|1733782953\n|move|p2a: Wigglytuff|Thunder Wave|p1a: Chimecho\n|-fail|p1a: Chimecho|par\n|move|p1a: Chimecho|Cosmic Power|p1a: Chimecho\n|-boost|p1a: Chimecho|def|0\n|-boost|p1a: Chimecho|spd|0\n|\n|-heal|p2a: Wigglytuff|424/424|[from] item: Leftovers\n|-heal|p1a: Chimecho|282/290 par|[from] item: Leftovers\n|upkeep\n|turn|84\n|\n|t:|1733782957\n|switch|p2a: Galvantula|Galvantula, L82, F|249/249\n|cant|p1a: Chimecho|par\n|\n|-heal|p1a: Chimecho|290/290 par|[from] item: Leftovers\n|upkeep\n|turn|85\n|\n|t:|1733782961\n|move|p2a: Galvantula|Bug Buzz|p1a: Chimecho\n|-supereffective|p1a: Chimecho\n|-damage|p1a: Chimecho|252/290 par\n|-unboost|p1a: Chimecho|spd|1\n|cant|p1a: Chimecho|par\n|\n|-heal|p1a: Chimecho|270/290 par|[from] item: Leftovers\n|upkeep\n|turn|86\n|\n|t:|1733782966\n|move|p2a: Galvantula|Bug Buzz|p1a: Chimecho\n|-supereffective|p1a: Chimecho\n|-damage|p1a: Chimecho|216/290 par\n|move|p1a: Chimecho|Dazzling Gleam|p2a: Galvantula\n|-damage|p2a: Galvantula|156/249\n|\n|-heal|p1a: Chimecho|234/290 par|[from] item: Leftovers\n|upkeep\n|turn|87\n|\n|t:|1733782974\n|move|p2a: Galvantula|Volt Switch|p1a: Chimecho\n|-damage|p1a: Chimecho|213/290 par\n|\n|t:|1733782976\n|switch|p2a: Wigglytuff|Wigglytuff, L96, M|424/424|[from] Volt Switch\n|cant|p1a: Chimecho|par\n|\n|-heal|p1a: Chimecho|231/290 par|[from] item: Leftovers\n|upkeep\n|turn|88\n|\n|t:|1733782979\n|move|p2a: Wigglytuff|Wish|p2a: Wigglytuff\n|move|p1a: Chimecho|Cosmic Power|p1a: Chimecho\n|-boost|p1a: Chimecho|def|0\n|-boost|p1a: Chimecho|spd|1\n|\n|-heal|p1a: Chimecho|249/290 par|[from] item: Leftovers\n|upkeep\n|turn|89\n|\n|t:|1733782984\n|switch|p2a: Galvantula|Galvantula, L82, F|156/249\n|move|p1a: Chimecho|Cosmic Power|p1a: Chimecho\n|-boost|p1a: Chimecho|def|0\n|-boost|p1a: Chimecho|spd|0\n|\n|-heal|p2a: Galvantula|249/249|[from] move: Wish|[wisher] Wigglytuff\n|-heal|p1a: Chimecho|267/290 par|[from] item: Leftovers\n|upkeep\n|turn|90\n|\n|t:|1733782988\n|move|p2a: Galvantula|Bug Buzz|p1a: Chimecho\n|-supereffective|p1a: Chimecho\n|-damage|p1a: Chimecho|223/290 par\n|cant|p1a: Chimecho|par\n|\n|-heal|p1a: Chimecho|241/290 par|[from] item: Leftovers\n|upkeep\n|turn|91\n|\n|t:|1733782994\n|move|p2a: Galvantula|Bug Buzz|p1a: Chimecho\n|-supereffective|p1a: Chimecho\n|-damage|p1a: Chimecho|203/290 par\n|cant|p1a: Chimecho|par\n|\n|-heal|p1a: Chimecho|221/290 par|[from] item: Leftovers\n|upkeep\n|turn|92\n|\n|t:|1733782997\n|move|p2a: Galvantula|Bug Buzz|p1a: Chimecho\n|-supereffective|p1a: Chimecho\n|-damage|p1a: Chimecho|183/290 par\n|cant|p1a: Chimecho|par\n|\n|-heal|p1a: Chimecho|201/290 par|[from] item: Leftovers\n|upkeep\n|turn|93\n|\n|t:|1733783002\n|move|p2a: Galvantula|Bug Buzz|p1a: Chimecho\n|-supereffective|p1a: Chimecho\n|-damage|p1a: Chimecho|163/290 par\n|cant|p1a: Chimecho|par\n|\n|-heal|p1a: Chimecho|181/290 par|[from] item: Leftovers\n|upkeep\n|turn|94\n|\n|t:|1733783006\n|move|p2a: Galvantula|Bug Buzz|p1a: Chimecho\n|-supereffective|p1a: Chimecho\n|-damage|p1a: Chimecho|143/290 par\n|cant|p1a: Chimecho|par\n|\n|-heal|p1a: Chimecho|161/290 par|[from] item: Leftovers\n|upkeep\n|turn|95\n|\n|t:|1733783011\n|move|p2a: Galvantula|Bug Buzz|p1a: Chimecho\n|-supereffective|p1a: Chimecho\n|-damage|p1a: Chimecho|119/290 par\n|move|p1a: Chimecho|Recover|p1a: Chimecho\n|-heal|p1a: Chimecho|264/290 par\n|\n|-heal|p1a: Chimecho|282/290 par|[from] item: Leftovers\n|upkeep\n|turn|96\n|\n|t:|1733783016\n|move|p2a: Galvantula|Bug Buzz|p1a: Chimecho\n|-supereffective|p1a: Chimecho\n|-damage|p1a: Chimecho|238/290 par\n|cant|p1a: Chimecho|par\n|\n|-heal|p1a: Chimecho|256/290 par|[from] item: Leftovers\n|upkeep\n|turn|97\n|\n|t:|1733783024\n|move|p2a: Galvantula|Thunder|p1a: Chimecho\n|-damage|p1a: Chimecho|232/290 par\n|move|p1a: Chimecho|Cosmic Power|p1a: Chimecho\n|-boost|p1a: Chimecho|def|0\n|-boost|p1a: Chimecho|spd|0\n|\n|-heal|p1a: Chimecho|250/290 par|[from] item: Leftovers\n|upkeep\n|turn|98\n|\n|t:|1733783042\n|move|p2a: Galvantula|Thunder|p1a: Chimecho\n|-damage|p1a: Chimecho|226/290 par\n|move|p1a: Chimecho|Cosmic Power|p1a: Chimecho\n|-boost|p1a: Chimecho|def|0\n|-boost|p1a: Chimecho|spd|0\n|\n|-heal|p1a: Chimecho|244/290 par|[from] item: Leftovers\n|upkeep\n|turn|99\n|\n|t:|1733783053\n|move|p2a: Galvantula|Thunder|p1a: Chimecho\n|-damage|p1a: Chimecho|217/290 par\n|cant|p1a: Chimecho|par\n|\n|-heal|p1a: Chimecho|235/290 par|[from] item: Leftovers\n|upkeep\n|turn|100\n|\n|t:|1733783057\n|move|p2a: Galvantula|Sticky Web||[still]\n|-fail|p2a: Galvantula\n|move|p1a: Chimecho|Cosmic Power|p1a: Chimecho\n|-boost|p1a: Chimecho|def|0\n|-boost|p1a: Chimecho|spd|0\n|\n|-heal|p1a: Chimecho|253/290 par|[from] item: Leftovers\n|upkeep\n|turn|101\n|\n|t:|1733783061\n|move|p2a: Galvantula|Sticky Web||[still]\n|-fail|p2a: Galvantula\n|move|p1a: Chimecho|Cosmic Power|p1a: Chimecho\n|-boost|p1a: Chimecho|def|0\n|-boost|p1a: Chimecho|spd|0\n|\n|-heal|p1a: Chimecho|271/290 par|[from] item: Leftovers\n|upkeep\n|turn|102\n|\n|t:|1733783068\n|move|p2a: Galvantula|Volt Switch|p1a: Chimecho\n|-damage|p1a: Chimecho|255/290 par\n|\n|t:|1733783070\n|switch|p2a: Wigglytuff|Wigglytuff, L96, M|424/424|[from] Volt Switch\n|move|p1a: Chimecho|Recover|p1a: Chimecho\n|-heal|p1a: Chimecho|290/290 par\n|\n|upkeep\n|turn|103\n|\n|t:|1733783076\n|move|p2a: Wigglytuff|Thunder Wave|p1a: Chimecho|[miss]\n|-miss|p2a: Wigglytuff|p1a: Chimecho\n|move|p1a: Chimecho|Dazzling Gleam|p2a: Wigglytuff\n|-damage|p2a: Wigglytuff|335/424\n|\n|-heal|p2a: Wigglytuff|361/424|[from] item: Leftovers\n|upkeep\n|turn|104\n|\n|t:|1733783088\n|move|p2a: Wigglytuff|Thunder Wave|p1a: Chimecho\n|-fail|p1a: Chimecho|par\n|move|p1a: Chimecho|Recover||[still]\n|-fail|p1a: Chimecho|heal\n|\n|-heal|p2a: Wigglytuff|387/424|[from] item: Leftovers\n|upkeep\n|turn|105\n|\n|t:|1733783095\n|switch|p2a: Lucario|Lucario, L84, M, tera:Fighting|252/255\n|switch|p1a: Raging Bolt|Raging Bolt, L78|323/323\n|-activate|p1a: Raging Bolt|move: Sticky Web\n|-unboost|p1a: Raging Bolt|spe|1\n|\n|upkeep\n|turn|106\n|\n|t:|1733783108\n|move|p2a: Lucario|Nasty Plot|p2a: Lucario\n|-boost|p2a: Lucario|spa|2\n|move|p1a: Raging Bolt|Calm Mind|p1a: Raging Bolt\n|-boost|p1a: Raging Bolt|spa|1\n|-boost|p1a: Raging Bolt|spd|1\n|\n|upkeep\n|turn|107\n|\n|t:|1733783116\n|move|p2a: Lucario|Aura Sphere|p1a: Raging Bolt\n|-damage|p1a: Raging Bolt|102/323\n|-damage|p2a: Lucario|227/255|[from] item: Life Orb\n|move|p1a: Raging Bolt|Thunderbolt|p2a: Lucario\n|-damage|p2a: Lucario|43/255\n|\n|-heal|p1a: Raging Bolt|122/323|[from] item: Leftovers\n|upkeep\n|turn|108\n|\n|t:|1733783123\n|switch|p2a: Wigglytuff|Wigglytuff, L96, M|387/424\n|move|p1a: Raging Bolt|Thunderclap||[still]\n|-fail|p1a: Raging Bolt\n|\n|-heal|p2a: Wigglytuff|413/424|[from] item: Leftovers\n|-heal|p1a: Raging Bolt|142/323|[from] item: Leftovers\n|upkeep\n|turn|109\n|\n|t:|1733783132\n|-terastallize|p1a: Raging Bolt|Electric\n|move|p2a: Wigglytuff|Wish|p2a: Wigglytuff\n|move|p1a: Raging Bolt|Calm Mind|p1a: Raging Bolt\n|-boost|p1a: Raging Bolt|spa|1\n|-boost|p1a: Raging Bolt|spd|1\n|\n|-heal|p2a: Wigglytuff|424/424|[from] item: Leftovers\n|-heal|p1a: Raging Bolt|162/323|[from] item: Leftovers\n|upkeep\n|turn|110\n|\n|t:|1733783141\n|switch|p2a: Galvantula|Galvantula, L82, F|249/249\n|move|p1a: Raging Bolt|Calm Mind|p1a: Raging Bolt\n|-boost|p1a: Raging Bolt|spa|1\n|-boost|p1a: Raging Bolt|spd|1\n|\n|-heal|p1a: Raging Bolt|182/323|[from] item: Leftovers\n|upkeep\n|turn|111\n|\n|t:|1733783145\n|move|p2a: Galvantula|Bug Buzz|p1a: Raging Bolt\n|-damage|p1a: Raging Bolt|140/323\n|move|p1a: Raging Bolt|Dragon Pulse|p2a: Galvantula\n|-enditem|p2a: Galvantula|Focus Sash\n|-damage|p2a: Galvantula|1/249\n|\n|-heal|p1a: Raging Bolt|160/323|[from] item: Leftovers\n|upkeep\n|turn|112\n|\n|t:|1733783150\n|move|p1a: Raging Bolt|Thunderclap|p2a: Galvantula\n|-resisted|p2a: Galvantula\n|-damage|p2a: Galvantula|0 fnt\n|faint|p2a: Galvantula\n|\n|-heal|p1a: Raging Bolt|180/323|[from] item: Leftovers\n|upkeep\n|\n|t:|1733783157\n|switch|p2a: Wigglytuff|Wigglytuff, L96, M|424/424\n|turn|113\n|\n|t:|1733783160\n|move|p2a: Wigglytuff|Wish|p2a: Wigglytuff\n|move|p1a: Raging Bolt|Calm Mind|p1a: Raging Bolt\n|-boost|p1a: Raging Bolt|spa|1\n|-boost|p1a: Raging Bolt|spd|1\n|\n|-heal|p1a: Raging Bolt|200/323|[from] item: Leftovers\n|upkeep\n|turn|114\n|\n|t:|1733783166\n|move|p2a: Wigglytuff|Dazzling Gleam|p1a: Raging Bolt\n|-damage|p1a: Raging Bolt|163/323\n|move|p1a: Raging Bolt|Thunderbolt|p2a: Wigglytuff\n|-crit|p2a: Wigglytuff\n|-damage|p2a: Wigglytuff|0 fnt\n|faint|p2a: Wigglytuff\n|\n|-heal|p1a: Raging Bolt|183/323|[from] item: Leftovers\n|upkeep\n|\n|t:|1733783169\n|switch|p2a: Lucario|Lucario, L84, M, tera:Fighting|43/255\n|turn|115\n|\n|t:|1733783174\n|switch|p2a: Heracross|Heracross, L80, M|259/259\n|move|p1a: Raging Bolt|Thunderbolt|p2a: Heracross\n|-crit|p2a: Heracross\n|-damage|p2a: Heracross|0 fnt\n|faint|p2a: Heracross\n|\n|-heal|p1a: Raging Bolt|203/323|[from] item: Leftovers\n|upkeep\n|c|\u2606klasdnjknk|wp\n|c|\u2606Bladewheels|gg\n|-message|klasdnjknk forfeited.\n|\n|win|Bladewheels\n|raw|Bladewheels's rating: 1351 &rarr; <strong>1372</strong><br />(+21 for winning)\n|raw|klasdnjknk's rating: 1360 &rarr; <strong>1339</strong><br />(-21 for losing)\n|l|\u2606klasdnjknk\n|player|p2|\n", "inputlog": ">version bfd83cad13791eb5a5a409923076391caf6fb4d4\n>start {\"formatid\":\"gen9randombattle\",\"seed\":[38272,61512,12408,63516],\"rated\":\"Rated battle\"}\n>player p1 {\"name\":\"Bladewheels\",\"avatar\":\"hugh\",\"rating\":1334,\"seed\":[62263,28036,10143,38567]}\n>player p2 {\"name\":\"klasdnjknk\",\"avatar\":\"benga\",\"rating\":1340,\"seed\":[57610,23020,61440,32290]}\n>p1 move cosmicpower\n>p2 move stickyweb\n>p1 move cosmicpower\n>p2 move bugbuzz\n>p1 move cosmicpower\n>p2 switch 3\n>p1 move dazzlinggleam\n>p2 move taunt\n>p1 move dazzlinggleam\n>p2 move partingshot\n>p2 switch 2\n>p1 move storedpower\n>p2 move thunderwave\n>p1 move storedpower\n>p2 move protect\n>p1 move storedpower\n>p2 move wish\n>p1 move storedpower\n>p2 switch 2\n>p1 move cosmicpower\n>p2 move taunt\n>p1 move dazzlinggleam\n>p2 move suckerpunch\n>p1 move dazzlinggleam\n>p2 move partingshot\n>p2 switch 2\n>p1 move cosmicpower\n>p2 move wish\n>p1 move cosmicpower\n>p2 switch 2\n>p1 move dazzlinggleam\n>p2 move taunt\n>p1 move dazzlinggleam\n>p2 move partingshot\n>p2 switch 4\n>p1 move storedpower\n>p2 move substitute\n>p1 move cosmicpower\n>p2 move substitute\n>p1 move storedpower\n>p2 move nastyplot\n>p1 move storedpower\n>p2 move shadowball\n>p1 move storedpower\n>p2 move shadowball\n>p2 switch 4\n>p1 move dazzlinggleam\n>p2 move partingshot\n>p2 switch 2\n>p1 move recover\n>p2 move wish\n>p1 move storedpower\n>p2 move dazzlinggleam\n>p1 move storedpower\n>p2 move wish\n>p1 move storedpower\n>p2 move protect\n>p1 move storedpower\n>p2 move wish\n>p1 move storedpower\n>p2 move dazzlinggleam\n>p1 move storedpower\n>p2 move dazzlinggleam\n>p1 move storedpower\n>p2 move protect\n>p1 move storedpower\n>p2 move dazzlinggleam\n>p1 move storedpower\n>p2 move wish\n>p1 move storedpower\n>p2 move protect\n>p1 move storedpower\n>p2 move wish\n>p1 move dazzlinggleam\n>p2 move dazzlinggleam\n>p1 move dazzlinggleam\n>p2 move protect\n>p1 move dazzlinggleam\n>p2 move protect\n>p1 move dazzlinggleam\n>p2 move thunderwave\n>p1 move dazzlinggleam\n>p2 move thunderwave\n>p1 move dazzlinggleam\n>p2 move thunderwave\n>p1 move cosmicpower\n>p2 move thunderwave\n>p1 move cosmicpower\n>p2 move thunderwave\n>p1 move cosmicpower\n>p2 move thunderwave\n>p1 move cosmicpower\n>p2 move thunderwave\n>p1 move cosmicpower\n>p2 move thunderwave\n>p1 move cosmicpower\n>p2 switch 2\n>p1 move cosmicpower\n>p2 move taunt\n>p1 move dazzlinggleam\n>p2 move partingshot\n>p2 switch 2\n>p1 switch 5\n>p2 move thunderwave\n>p1 move earthquake\n>p2 switch 2\n>p1 move curse\n>p2 move partingshot\n>p2 switch 2\n>p1 move earthquake\n>p2 move dazzlinggleam\n>p1 move earthquake\n>p2 move wish\n>p1 move slackoff\n>p2 move protect\n>p1 move earthquake\n>p2 move wish\n>p1 move curse\n>p2 move dazzlinggleam\n>p1 move earthquake\n>p2 switch 2\n>p2 switch 5\n>p1 move earthquake\n>p2 move nastyplot terastallize\n>p1 move earthquake\n>p2 move aurasphere\n>p1 switch 5\n>p1 move dazzlinggleam\n>p2 switch 2\n>p1 move cosmicpower\n>p2 move wish\n>p1 move cosmicpower\n>p2 move dazzlinggleam\n>p1 move cosmicpower\n>p2 move wish\n>p1 move cosmicpower\n>p2 switch 2\n>p1 move dazzlinggleam\n>p2 switch 2\n>p1 move cosmicpower\n>p2 move dazzlinggleam\n>p1 move cosmicpower\n>p2 move dazzlinggleam\n>p1 move cosmicpower\n>p2 move dazzlinggleam\n>p1 move cosmicpower\n>p2 move dazzlinggleam\n>p1 move recover\n>p2 move dazzlinggleam\n>p1 move dazzlinggleam\n>p2 move dazzlinggleam\n>p1 move cosmicpower\n>p2 move dazzlinggleam\n>p1 move cosmicpower\n>p2 move thunderwave\n>p1 move cosmicpower\n>p2 move thunderwave\n>p1 move cosmicpower\n>p2 move thunderwave\n>p1 move cosmicpower\n>p2 move thunderwave\n>p1 move cosmicpower\n>p2 switch 3\n>p1 move dazzlinggleam\n>p2 move voltswitch\n>p2 switch 3\n>chat \u2606Bladewheels|little smart ass\n>p1 move cosmicpower\n>p2 move thunderwave\n>chat \u2606klasdnjknk|No pp?\n>p1 move cosmicpower\n>p2 switch 3\n>chat \u2606Bladewheels|no pp ?\n>chat \u2606Bladewheels|what does that even mean ?\n>p1 move cosmicpower\n>p2 move bugbuzz\n>chat \u2606klasdnjknk|No pp on stored power, also, i think it's the same with dazzling gleam\n>p1 move cosmicpower\n>p2 move voltswitch\n>p2 switch 3\n>p1 move cosmicpower\n>p2 move thunderwave\n>p1 move cosmicpower\n>p2 switch 3\n>p1 move dazzlinggleam\n>p2 move bugbuzz\n>p1 move dazzlinggleam\n>p2 move bugbuzz\n>p1 move cosmicpower\n>p2 move voltswitch\n>p2 switch 3\n>p1 move cosmicpower\n>p2 move wish\n>p1 move cosmicpower\n>p2 switch 3\n>p1 move cosmicpower\n>p2 move bugbuzz\n>p1 move cosmicpower\n>p2 move bugbuzz\n>p1 move cosmicpower\n>p2 move bugbuzz\n>p1 move cosmicpower\n>p2 move bugbuzz\n>p1 move cosmicpower\n>p2 move bugbuzz\n>p1 move recover\n>p2 move bugbuzz\n>p1 move cosmicpower\n>p2 move bugbuzz\n>p1 move cosmicpower\n>p2 move thunder\n>p1 move cosmicpower\n>p2 move thunder\n>p1 move cosmicpower\n>p2 move thunder\n>p1 move cosmicpower\n>p2 move stickyweb\n>p1 move cosmicpower\n>p2 move stickyweb\n>p1 move recover\n>p2 move voltswitch\n>p2 switch 3\n>p1 move dazzlinggleam\n>p2 move thunderwave\n>p1 move recover\n>p2 move thunderwave\n>p1 switch 6\n>p2 switch 2\n>p1 move calmmind\n>p2 move nastyplot\n>p1 move thunderbolt\n>p2 move aurasphere\n>p1 move thunderclap\n>p2 switch 2\n>p1 move calmmind terastallize\n>p2 move wish\n>p1 move calmmind\n>p2 switch 3\n>p1 move dragonpulse\n>p2 move bugbuzz\n>p1 move thunderclap\n>p2 move voltswitch\n>p2 switch 3\n>p1 move calmmind\n>p2 move wish\n>p1 move thunderbolt\n>p2 move dazzlinggleam\n>p2 switch 2\n>p1 move thunderbolt\n>p2 switch 6\n>chat \u2606klasdnjknk|wp\n>chat \u2606Bladewheels|gg\n>forcelose p2", "uploadtime": 1733783188, "views": 9, "formatid": "gen9randombattle", "rating": 1339, "private": 0, "password": null}