{"id": "gen9randombattle-2147610387", "format": "[Gen 9] Random Battle", "players": ["Vitoran", "benji9292"], "log": "|badge|p1|silver|gen9randombattle|30-1\n|uhtml|medal-msg|<div class=\"broadcast-blue\">Curious what those medals under the avatar are? PS now has Ladder Seasons! For more information, check out the <a href=\"https://www.smogon.com/forums/threads/3740067/\">thread on Smogon.</a></div>\n|badge|p2|bronze|gen9randombattle|100-1\n|uhtml|medal-msg|<div class=\"broadcast-blue\">Curious what those medals under the avatar are? PS now has Ladder Seasons! For more information, check out the <a href=\"https://www.smogon.com/forums/threads/3740067/\">thread on Smogon.</a></div>\n|j|\u2606Vitoran\n|j|\u2606benji9292\n|t:|1718996368\n|gametype|singles\n|player|p1|Vitoran|nemona-v|2404\n|player|p2|benji9292|170|2380\n|teamsize|p1|6\n|teamsize|p2|6\n|gen|9\n|tier|[Gen 9] Random Battle\n|rated|\n|rule|Species Clause: Limit one of each Pok\u00e9mon\n|rule|HP Percentage Mod: HP is shown in percentages\n|rule|Sleep Clause Mod: Limit one foe put to sleep\n|rule|Illusion Level Mod: Illusion disguises the Pok\u00e9mon's true level\n|\n|t:|1718996368\n|start\n|switch|p1a: Rhyperior|Rhyperior, L83, F|327/327\n|switch|p2a: Overqwil|Overqwil, L82, F|274/274\n|-ability|p2a: Overqwil|Intimidate|boost\n|-unboost|p1a: Rhyperior|atk|1\n|turn|1\n|inactive|Battle timer is ON: inactive players will automatically lose when time's up. (requested by Vitoran)\n|c|\u2606Vitoran|glhf\n|\n|t:|1718996395\n|switch|p1a: Alomomola|Alomomola, L87, F|429/429\n|move|p2a: Overqwil|Swords Dance|p2a: Overqwil\n|-boost|p2a: Overqwil|atk|2\n|\n|upkeep\n|turn|2\n|\n|t:|1718996424\n|switch|p1a: Revavroom|Revavroom, L79, M|256/256\n|move|p2a: Overqwil|Gunk Shot|p1a: Revavroom\n|-immune|p1a: Revavroom\n|\n|upkeep\n|turn|3\n|\n|t:|1718996437\n|move|p1a: Revavroom|High Horsepower|p2a: Overqwil\n|-supereffective|p2a: Overqwil\n|-damage|p2a: Overqwil|89/274\n|-damage|p1a: Revavroom|231/256|[from] item: Life Orb\n|move|p2a: Overqwil|Crunch|p1a: Revavroom\n|-damage|p1a: Revavroom|0 fnt\n|faint|p1a: Revavroom\n|-damage|p2a: Overqwil|62/274|[from] item: Life Orb\n|\n|upkeep\n|\n|t:|1718996445\n|switch|p1a: Minun|Minun, L95, F|268/268\n|turn|4\n|\n|t:|1718996465\n|switch|p2a: Toedscruel|Toedscruel, L87, M|281/281\n|move|p1a: Minun|Thunderbolt|p2a: Toedscruel\n|-immune|p2a: Toedscruel\n|\n|upkeep\n|turn|5\n|inactive|Vitoran has 120 seconds left.\n|\n|t:|1718996491\n|move|p1a: Minun|Nasty Plot|p1a: Minun\n|-boost|p1a: Minun|spa|2\n|move|p2a: Toedscruel|Toxic|p1a: Minun\n|-status|p1a: Minun|tox\n|\n|-damage|p1a: Minun|252/268 tox|[from] psn\n|upkeep\n|turn|6\n|inactive|Vitoran has 120 seconds left.\n|\n|t:|1718996505\n|switch|p2a: Hatterene|Hatterene, L85, F|236/236\n|move|p1a: Minun|Alluring Voice|p2a: Hatterene\n|-damage|p2a: Hatterene|93/236\n|-damage|p1a: Minun|226/268 tox|[from] item: Life Orb\n|\n|-heal|p2a: Hatterene|107/236|[from] item: Leftovers\n|-damage|p1a: Minun|194/268 tox|[from] psn\n|upkeep\n|turn|7\n|\n|t:|1718996513\n|move|p1a: Minun|Alluring Voice|p2a: Hatterene\n|-damage|p2a: Hatterene|0 fnt\n|faint|p2a: Hatterene\n|-damage|p1a: Minun|168/268 tox|[from] item: Life Orb\n|\n|-damage|p1a: Minun|120/268 tox|[from] psn\n|upkeep\n|\n|t:|1718996524\n|switch|p2a: Golem|Golem, L87, M|281/281\n|turn|8\n|\n|t:|1718996531\n|move|p1a: Minun|Grass Knot|p2a: Golem\n|-supereffective|p2a: Golem\n|-ability|p2a: Golem|Sturdy\n|-damage|p2a: Golem|1/281\n|-damage|p1a: Minun|94/268 tox|[from] item: Life Orb\n|move|p2a: Golem|Stealth Rock|p1a: Minun\n|-sidestart|p1: Vitoran|move: Stealth Rock\n|\n|-damage|p1a: Minun|30/268 tox|[from] psn\n|upkeep\n|turn|9\n|-enditem|p2a: Golem|Custap Berry|[eat]\n|-activate|p2a: Golem|item: Custap Berry|[consumed]\n|\n|t:|1718996540\n|move|p2a: Golem|Earthquake|p1a: Minun\n|-supereffective|p1a: Minun\n|-damage|p1a: Minun|0 fnt\n|faint|p1a: Minun\n|\n|upkeep\n|\n|t:|1718996552\n|switch|p1a: Porygon2|Porygon2, L82|274/274\n|-damage|p1a: Porygon2|240/274|[from] Stealth Rock\n|-ability|p1a: Porygon2|Download|boost\n|-boost|p1a: Porygon2|spa|1\n|turn|10\n|inactive|benji9292 has 120 seconds left.\n|\n|t:|1718996606\n|switch|p2a: Tyranitar|Tyranitar, L79, F|288/288\n|-weather|Sandstorm|[from] ability: Sand Stream|[of] p2a: Tyranitar\n|move|p1a: Porygon2|Tri Attack|p2a: Tyranitar\n|-resisted|p2a: Tyranitar\n|-damage|p2a: Tyranitar|243/288\n|\n|-weather|Sandstorm|[upkeep]\n|-damage|p1a: Porygon2|223/274|[from] Sandstorm\n|-heal|p2a: Tyranitar|261/288|[from] item: Leftovers\n|upkeep\n|turn|11\n|\n|t:|1718996614\n|switch|p1a: Alomomola|Alomomola, L87, F|429/429\n|-damage|p1a: Alomomola|376/429|[from] Stealth Rock\n|move|p2a: Tyranitar|Knock Off|p1a: Alomomola\n|-damage|p1a: Alomomola|258/429\n|-damage|p2a: Tyranitar|213/288|[from] item: Rocky Helmet|[of] p1a: Alomomola\n|-enditem|p1a: Alomomola|Rocky Helmet|[from] move: Knock Off|[of] p2a: Tyranitar\n|\n|-weather|Sandstorm|[upkeep]\n|-damage|p1a: Alomomola|232/429|[from] Sandstorm\n|-heal|p2a: Tyranitar|231/288|[from] item: Leftovers\n|upkeep\n|turn|12\n|\n|t:|1718996636\n|switch|p2a: Golem|Golem, L87, M|1/281\n|move|p1a: Alomomola|Flip Turn|p2a: Golem\n|-supereffective|p2a: Golem\n|-damage|p2a: Golem|0 fnt\n|faint|p2a: Golem\n|\n|t:|1718996647\n|switch|p1a: Rhyperior|Rhyperior, L83, F|327/327|[from] Flip Turn\n|-damage|p1a: Rhyperior|307/327|[from] Stealth Rock\n|\n|-weather|Sandstorm|[upkeep]\n|upkeep\n|\n|t:|1718996662\n|switch|p2a: Overqwil|Overqwil, L82, F|62/274\n|-ability|p2a: Overqwil|Intimidate|boost\n|-unboost|p1a: Rhyperior|atk|1\n|turn|13\n|\n|t:|1718996673\n|switch|p2a: Toedscruel|Toedscruel, L87, M|281/281\n|move|p1a: Rhyperior|Rock Polish|p1a: Rhyperior\n|-boost|p1a: Rhyperior|spe|2\n|\n|-weather|Sandstorm|[upkeep]\n|upkeep\n|turn|14\n|\n|t:|1718996686\n|-terastallize|p1a: Rhyperior|Ground\n|move|p1a: Rhyperior|Ice Punch|p2a: Toedscruel\n|-supereffective|p2a: Toedscruel\n|-damage|p2a: Toedscruel|57/281\n|move|p2a: Toedscruel|Toxic|p1a: Rhyperior\n|-status|p1a: Rhyperior|tox\n|\n|-weather|none\n|-heal|p2a: Toedscruel|74/281|[from] item: Leftovers\n|-damage|p1a: Rhyperior|287/327 tox|[from] psn\n|upkeep\n|turn|15\n|\n|t:|1718996701\n|switch|p2a: Overqwil|Overqwil, L82, F|62/274\n|-ability|p2a: Overqwil|Intimidate|boost\n|-unboost|p1a: Rhyperior|atk|1\n|move|p1a: Rhyperior|Ice Punch|p2a: Overqwil\n|-damage|p2a: Overqwil|29/274\n|-status|p2a: Overqwil|frz\n|\n|-damage|p1a: Rhyperior|247/327 tox|[from] psn\n|upkeep\n|turn|16\n|\n|t:|1718996713\n|move|p1a: Rhyperior|Earthquake|p2a: Overqwil\n|-supereffective|p2a: Overqwil\n|-damage|p2a: Overqwil|0 fnt\n|faint|p2a: Overqwil\n|\n|-damage|p1a: Rhyperior|187/327 tox|[from] psn\n|upkeep\n|\n|t:|1718996718\n|switch|p2a: Volcarona|Volcarona, L77, M|257/257\n|turn|17\n|\n|t:|1718996748\n|switch|p1a: Rabsca|Rabsca, L91, F|284/284\n|-terastallize|p2a: Volcarona|Water\n|move|p2a: Volcarona|Quiver Dance|p2a: Volcarona\n|-boost|p2a: Volcarona|spa|1\n|-boost|p2a: Volcarona|spd|1\n|-boost|p2a: Volcarona|spe|1\n|\n|upkeep\n|turn|18\n|inactive|benji9292 has 120 seconds left.\n|\n|t:|1718996761\n|move|p2a: Volcarona|Bug Buzz|p1a: Rabsca\n|-supereffective|p1a: Rabsca\n|-damage|p1a: Rabsca|30/284\n|move|p1a: Rabsca|Trick Room|p1a: Rabsca\n|-fieldstart|move: Trick Room|[of] p1a: Rabsca\n|\n|upkeep\n|turn|19\n|inactive|benji9292 has 120 seconds left.\n|inactive|Vitoran has 120 seconds left.\n|\n|t:|1718996783\n|move|p1a: Rabsca|Revival Blessing|p1a: Rabsca\n|\n|t:|1718996787\n|-heal|p1: Revavroom|128/256|[from] move: Revival Blessing\n|move|p2a: Volcarona|Quiver Dance|p2a: Volcarona\n|-boost|p2a: Volcarona|spa|1\n|-boost|p2a: Volcarona|spd|1\n|-boost|p2a: Volcarona|spe|1\n|\n|upkeep\n|turn|20\n|\n|t:|1718996794\n|switch|p1a: Porygon2|Porygon2, L82|223/274\n|-damage|p1a: Porygon2|189/274|[from] Stealth Rock\n|-ability|p1a: Porygon2|Download|boost\n|-boost|p1a: Porygon2|atk|1\n|move|p2a: Volcarona|Quiver Dance|p2a: Volcarona\n|-boost|p2a: Volcarona|spa|1\n|-boost|p2a: Volcarona|spd|1\n|-boost|p2a: Volcarona|spe|1\n|\n|upkeep\n|turn|21\n|\n|t:|1718996801\n|move|p1a: Porygon2|Discharge|p2a: Volcarona\n|-supereffective|p2a: Volcarona\n|-damage|p2a: Volcarona|209/257\n|move|p2a: Volcarona|Quiver Dance|p2a: Volcarona\n|-boost|p2a: Volcarona|spa|1\n|-boost|p2a: Volcarona|spd|1\n|-boost|p2a: Volcarona|spe|1\n|\n|upkeep\n|turn|22\n|\n|t:|1718996808\n|move|p1a: Porygon2|Discharge|p2a: Volcarona\n|-supereffective|p2a: Volcarona\n|-damage|p2a: Volcarona|171/257\n|move|p2a: Volcarona|Quiver Dance|p2a: Volcarona\n|-boost|p2a: Volcarona|spa|1\n|-boost|p2a: Volcarona|spd|1\n|-boost|p2a: Volcarona|spe|1\n|\n|-fieldend|move: Trick Room\n|upkeep\n|turn|23\n|c|\u2606Vitoran|lol\n|c|\u2606benji9292|hahahahah\n|c|\u2606benji9292|so fun\n|c|\u2606benji9292|only 30% chance\n|c|\u2606benji9292|hahahahah\n|c|\u2606benji9292|so unfair\n|c|\u2606benji9292|you so goood\n|inactive|Vitoran has 120 seconds left.\n|c|\u2606Vitoran|?\n|\n|t:|1718996847\n|move|p2a: Volcarona|Bug Buzz|p1a: Porygon2\n|-damage|p1a: Porygon2|0 fnt\n|faint|p1a: Porygon2\n|\n|upkeep\n|c|\u2606Vitoran|gg\n|-message|Vitoran forfeited.\n|\n|win|benji9292\n|raw|Vitoran's rating: 2404 &rarr; <strong>2383</strong><br />(-21 for losing)\n|raw|benji9292's rating: 2380 &rarr; <strong>2401</strong><br />(+21 for winning)\n|c|\u2606benji9292|gg\n", "inputlog": ">version 8819e60f9a01cede7471b534a2fb53a3a85674fc\n>start {\"formatid\":\"gen9randombattle\",\"seed\":[1283,14418,32369,22341],\"rated\":\"Rated battle\"}\n>player p1 {\"name\":\"Vitoran\",\"avatar\":\"nemona-v\",\"rating\":2404,\"seed\":[37502,1594,64485,1683]}\n>player p2 {\"name\":\"benji9292\",\"avatar\":\"170\",\"rating\":2380,\"seed\":[24517,63195,54633,48026]}\n>chat \u2606Vitoran|glhf\n>p1 switch 6\n>p2 move swordsdance\n>p1 switch 2\n>p2 move gunkshot\n>p1 move highhorsepower\n>p2 move crunch\n>p1 switch 3\n>p1 move thunderbolt\n>p2 switch 3\n>p1 move nastyplot\n>p2 move toxic\n>p1 move alluringvoice\n>p2 switch 5\n>p1 move alluringvoice\n>p2 move drainingkiss\n>p2 switch 6\n>p1 move grassknot\n>p2 move stealthrock\n>p1 move alluringvoice\n>p2 move earthquake\n>p1 switch 5\n>p1 move triattack\n>p2 switch 2\n>p1 switch 2\n>p2 move knockoff\n>p1 move flipturn\n>p2 switch 2\n>p1 switch 6\n>p2 switch 3\n>p1 move rockpolish\n>p2 switch 5\n>p1 move icepunch terastallize\n>p2 move toxic\n>p1 move icepunch\n>p2 switch 5\n>p1 move earthquake\n>p2 move liquidation\n>p2 switch 4\n>p1 switch 4\n>p2 move quiverdance terastallize\n>p1 move trickroom\n>p2 move bugbuzz\n>p1 move revivalblessing\n>p2 move quiverdance\n>p1 switch 3\n>p1 switch 2\n>p2 move quiverdance\n>p1 move discharge\n>p2 move quiverdance\n>p1 move discharge\n>p2 move quiverdance\n>chat \u2606Vitoran|lol\n>chat \u2606benji9292|hahahahah\n>chat \u2606benji9292|so fun\n>chat \u2606benji9292|only 30% chance\n>chat \u2606benji9292|hahahahah\n>chat \u2606benji9292|so unfair\n>chat \u2606benji9292|you so goood\n>chat \u2606Vitoran|?\n>p1 move discharge\n>p2 move bugbuzz\n>chat \u2606Vitoran|gg\n>forcelose p1", "uploadtime": 1718996875, "views": 177, "formatid": "gen9randombattle", "rating": 2383, "private": 0, "password": null}