{"id": "gen9randombattle-2259900834", "format": "[Gen 9] Random Battle", "players": ["Wralagath", "Mfjf"], "log": "|j|\u2606Wralagath\n|j|\u2606Mfjf\n|t:|1733778005\n|gametype|singles\n|player|p1|Wralagath|colress|\n|player|p2|Mfjf|2|\n|teamsize|p1|6\n|teamsize|p2|6\n|gen|9\n|tier|[Gen 9] Random Battle\n|rule|Species Clause: Limit one of each Pok\u00e9mon\n|rule|HP Percentage Mod: HP is shown in percentages\n|rule|Sleep Clause Mod: Limit one foe put to sleep\n|rule|Illusion Level Mod: Illusion disguises the Pok\u00e9mon's true level\n|\n|t:|1733778005\n|start\n|switch|p1a: Arceus|Arceus-Dark, L71|288/288\n|switch|p2a: Regieleki|Regieleki, L79|256/256\n|turn|1\n|inactive|Battle timer is ON: inactive players will automatically lose when time's up. (requested by Mfjf)\n|c|\u2606Wralagath|Good Luck, fairest comrade\n|\n|t:|1733778036\n|move|p2a: Regieleki|Rapid Spin|p1a: Arceus\n|-damage|p1a: Arceus|259/288\n|-boost|p2a: Regieleki|spe|1\n|move|p1a: Arceus|Calm Mind|p1a: Arceus\n|-boost|p1a: Arceus|spa|1\n|-boost|p1a: Arceus|spd|1\n|\n|upkeep\n|turn|2\n|c|\u2606Mfjf|Same to you, brave warrior\n|\n|t:|1733778052\n|move|p2a: Regieleki|Thunderbolt|p1a: Arceus\n|-damage|p1a: Arceus|183/288\n|move|p1a: Arceus|Judgment|p2a: Regieleki\n|-damage|p2a: Regieleki|10/256\n|\n|upkeep\n|turn|3\n|\n|t:|1733778058\n|move|p2a: Regieleki|Explosion|p1a: Arceus\n|-damage|p1a: Arceus|47/288\n|faint|p2a: Regieleki\n|move|p1a: Arceus|Recover|p1a: Arceus\n|-heal|p1a: Arceus|191/288\n|\n|upkeep\n|c|\u2606Mfjf|Aw, come on\n|\n|t:|1733778075\n|switch|p2a: Houndoom|Houndoom, L87, M|272/272\n|turn|4\n|c|\u2606Wralagath|Imma be real\n|c|\u2606Wralagath|Wasn't expecting that\n|c|\u2606Mfjf|Expecting what? To live?\n|\n|t:|1733778094\n|move|p2a: Houndoom|Sludge Bomb|p1a: Arceus\n|-damage|p1a: Arceus|141/288\n|move|p1a: Arceus|Recover|p1a: Arceus\n|-heal|p1a: Arceus|285/288\n|\n|upkeep\n|turn|5\n|\n|t:|1733778099\n|move|p2a: Houndoom|Fire Blast|p1a: Arceus\n|-damage|p1a: Arceus|203/288\n|move|p1a: Arceus|Dazzling Gleam|p2a: Houndoom\n|-crit|p2a: Houndoom\n|-damage|p2a: Houndoom|156/272\n|\n|upkeep\n|turn|6\n|c|\u2606Wralagath|I didnt expect Explosion\n|c|\u2606Mfjf|Oh\n|c|\u2606Mfjf|fair\n|c|\u2606Wralagath|I was healing cause of how much Tbolt was doing\n|\n|t:|1733778121\n|move|p2a: Houndoom|Fire Blast|p1a: Arceus|[miss]\n|-miss|p2a: Houndoom|p1a: Arceus\n|move|p1a: Arceus|Recover|p1a: Arceus\n|-heal|p1a: Arceus|288/288\n|\n|upkeep\n|turn|7\n|c|\u2606Mfjf|That, was nothing\n|c|\u2606Mfjf|Of course I miss\n|\n|t:|1733778133\n|move|p2a: Houndoom|Fire Blast|p1a: Arceus\n|-damage|p1a: Arceus|204/288\n|move|p1a: Arceus|Calm Mind|p1a: Arceus\n|-boost|p1a: Arceus|spa|1\n|-boost|p1a: Arceus|spd|1\n|\n|upkeep\n|turn|8\n|\n|t:|1733778137\n|move|p2a: Houndoom|Fire Blast|p1a: Arceus\n|-damage|p1a: Arceus|143/288\n|move|p1a: Arceus|Dazzling Gleam|p2a: Houndoom\n|-damage|p2a: Houndoom|64/272\n|\n|upkeep\n|turn|9\n|\n|t:|1733778142\n|move|p2a: Houndoom|Fire Blast|p1a: Arceus\n|-damage|p1a: Arceus|77/288\n|move|p1a: Arceus|Recover|p1a: Arceus\n|-heal|p1a: Arceus|221/288\n|\n|upkeep\n|turn|10\n|c|\u2606Wralagath|Happens to the best of us\n|\n|t:|1733778148\n|move|p2a: Houndoom|Fire Blast|p1a: Arceus\n|-damage|p1a: Arceus|152/288\n|move|p1a: Arceus|Recover|p1a: Arceus\n|-heal|p1a: Arceus|288/288\n|\n|upkeep\n|turn|11\n|c|\u2606Mfjf|True\n|\n|t:|1733778154\n|move|p2a: Houndoom|Fire Blast|p1a: Arceus\n|-damage|p1a: Arceus|224/288\n|move|p1a: Arceus|Dazzling Gleam|p2a: Houndoom\n|-damage|p2a: Houndoom|0 fnt\n|faint|p2a: Houndoom\n|\n|upkeep\n|\n|t:|1733778157\n|switch|p2a: Lanturn|Lanturn, L89, M|367/367\n|turn|12\n|\n|t:|1733778159\n|move|p1a: Arceus|Judgment|p2a: Lanturn\n|-damage|p2a: Lanturn|121/367\n|move|p2a: Lanturn|Thunder Wave|p1a: Arceus\n|-status|p1a: Arceus|par\n|\n|upkeep\n|turn|13\n|\n|t:|1733778168\n|move|p2a: Lanturn|Scald|p1a: Arceus\n|-damage|p1a: Arceus|187/288 par\n|move|p1a: Arceus|Judgment|p2a: Lanturn\n|-damage|p2a: Lanturn|0 fnt\n|faint|p2a: Lanturn\n|\n|upkeep\n|c|\u2606Wralagath|That wasn't very nice\n|\n|t:|1733778173\n|switch|p2a: Rabsca|Rabsca, L91, M|284/284\n|turn|14\n|\n|t:|1733778175\n|move|p2a: Rabsca|Revival Blessing|p2a: Rabsca\n|\n|t:|1733778177\n|-heal|p2: Regieleki|128/256|[from] move: Revival Blessing\n|move|p1a: Arceus|Recover|p1a: Arceus\n|-heal|p1a: Arceus|288/288 par\n|\n|upkeep\n|turn|15\n|c|\u2606Wralagath|Saw that coming\n|\n|t:|1733778183\n|move|p2a: Rabsca|Bug Buzz|p1a: Arceus\n|-supereffective|p1a: Arceus\n|-damage|p1a: Arceus|168/288 par\n|move|p1a: Arceus|Judgment|p2a: Rabsca\n|-supereffective|p2a: Rabsca\n|-damage|p2a: Rabsca|0 fnt\n|faint|p2a: Rabsca\n|\n|upkeep\n|\n|t:|1733778189\n|switch|p2a: Iron Leaves|Iron Leaves, L80|275/275\n|turn|16\n|\n|t:|1733778196\n|move|p2a: Iron Leaves|Close Combat|p1a: Arceus\n|-supereffective|p1a: Arceus\n|-damage|p1a: Arceus|0 fnt\n|-unboost|p2a: Iron Leaves|def|1\n|-unboost|p2a: Iron Leaves|spd|1\n|faint|p1a: Arceus\n|-damage|p2a: Iron Leaves|248/275|[from] item: Life Orb\n|\n|upkeep\n|c|\u2606Wralagath|Fair Enough\n|c|\u2606Mfjf|Finally, the god of pokemon falls\n|\n|t:|1733778222\n|switch|p1a: Samurott|Samurott-Hisui, L77, F|219/219\n|turn|17\n|\n|t:|1733778236\n|-terastallize|p2a: Iron Leaves|Fighting\n|move|p1a: Samurott|Poltergeist|p2a: Iron Leaves\n|-activate|p2a: Iron Leaves|move: Poltergeist|Life Orb\n|-damage|p2a: Iron Leaves|21/275\n|-damage|p1a: Samurott|198/219|[from] item: Life Orb\n|move|p2a: Iron Leaves|Close Combat|p1a: Samurott\n|-immune|p1a: Samurott\n|\n|upkeep\n|turn|18\n|inactive|Wralagath has 270 seconds left.\n|c|\u2606Mfjf|:(\n|c|\u2606Wralagath|Who's gonna tell him\n|\n|t:|1733778258\n|move|p1a: Samurott|Hyper Voice|p2a: Iron Leaves\n|-damage|p2a: Iron Leaves|0 fnt\n|faint|p2a: Iron Leaves\n|-end|p2a: Iron Leaves|Quark Drive|[silent]\n|-damage|p1a: Samurott|177/219|[from] item: Life Orb\n|\n|upkeep\n|c|\u2606Mfjf|Zoruark?\n|\n|t:|1733778267\n|switch|p2a: Regieleki|Regieleki, L79|128/256\n|turn|19\n|c|\u2606Wralagath|What's that?\n|inactive|Wralagath has 270 seconds left.\n|c|\u2606Mfjf|Alright, buddy\n|c|\u2606Wralagath|This is just my favorite Hisuian Pokemon\n|\n|t:|1733778288\n|move|p2a: Regieleki|Thunderbolt|p1a: Samurott\n|-crit|p1a: Samurott\n|-damage|p1a: Samurott|0 fnt\n|replace|p1a: Zoroark|Zoroark-Hisui, L80, F\n|-end|p1a: Zoroark|Illusion\n|-hint|Illusion Level Mod is active, so this Pok\u00e9mon's true level was hidden.\n|faint|p1a: Zoroark\n|\n|upkeep\n|c|\u2606Wralagath|See?\n|c|\u2606Wralagath|My favorite Hisuian Pokemon\n|c|\u2606Mfjf|Fair\n|\n|t:|1733778307\n|switch|p1a: Chesnaught|Chesnaught, L84, M|285/285\n|turn|20\n|\n|t:|1733778318\n|move|p2a: Regieleki|Volt Switch|p1a: Chesnaught\n|-resisted|p1a: Chesnaught\n|-damage|p1a: Chesnaught|223/285\n|c|\u2606Wralagath|Choose Wisely\n|inactive|Mfjf has 270 seconds left.\n|\n|t:|1733778348\n|switch|p2a: Giratina|Giratina, L75|349/349|[from] Volt Switch\n|-ability|p2a: Giratina|Pressure\n|move|p1a: Chesnaught|Body Press|p2a: Giratina\n|-immune|p2a: Giratina\n|\n|-heal|p1a: Chesnaught|240/285|[from] item: Leftovers\n|upkeep\n|turn|21\n|c|\u2606Wralagath|Oh shit\n|\n|t:|1733778358\n|move|p2a: Giratina|Calm Mind|p2a: Giratina\n|-boost|p2a: Giratina|spa|1\n|-boost|p2a: Giratina|spd|1\n|move|p1a: Chesnaught|Knock Off|p2a: Giratina\n|-supereffective|p2a: Giratina\n|-damage|p2a: Giratina|213/349\n|-enditem|p2a: Giratina|Leftovers|[from] move: Knock Off|[of] p1a: Chesnaught\n|\n|-heal|p1a: Chesnaught|257/285|[from] item: Leftovers\n|upkeep\n|turn|22\n|c|\u2606Mfjf|What?\n|c|\u2606Wralagath|Hold on, this guy owes me rent money\n|c|\u2606Mfjf|Ok\n|\n|t:|1733778383\n|move|p2a: Giratina|Rest|p2a: Giratina\n|-status|p2a: Giratina|slp|[from] move: Rest\n|-heal|p2a: Giratina|349/349 slp|[silent]\n|move|p1a: Chesnaught|Knock Off|p2a: Giratina\n|-supereffective|p2a: Giratina\n|-damage|p2a: Giratina|265/349 slp\n|\n|-heal|p1a: Chesnaught|274/285|[from] item: Leftovers\n|upkeep\n|turn|23\n|\n|t:|1733778389\n|switch|p1a: Samurott|Samurott-Hisui, L77, F|265/265\n|cant|p2a: Giratina|slp\n|move|p2a: Giratina|Sleep Talk|p2a: Giratina\n|move|p2a: Giratina|Rest||[from]move: Sleep Talk|[still]\n|-fail|p2a: Giratina\n|\n|upkeep\n|turn|24\n|\n|t:|1733778391\n|cant|p2a: Giratina|slp\n|move|p2a: Giratina|Sleep Talk|p2a: Giratina\n|move|p2a: Giratina|Calm Mind|p2a: Giratina|[from]move: Sleep Talk\n|-boost|p2a: Giratina|spa|1\n|-boost|p2a: Giratina|spd|1\n|move|p1a: Samurott|Ceaseless Edge|p2a: Giratina\n|-supereffective|p2a: Giratina\n|-damage|p2a: Giratina|44/349 slp\n|-sidestart|p2: Mfjf|Spikes\n|-damage|p1a: Samurott|239/265|[from] item: Life Orb\n|\n|upkeep\n|turn|25\n|\n|t:|1733778396\n|-curestatus|p2a: Giratina|slp|[msg]\n|move|p2a: Giratina|Sleep Talk||[still]\n|-fail|p2a: Giratina\n|move|p1a: Samurott|Ceaseless Edge|p2a: Giratina|[miss]\n|-miss|p1a: Samurott|p2a: Giratina\n|\n|upkeep\n|turn|26\n|c|\u2606Mfjf|Aw, come on\n|c|\u2606Wralagath|You lucky son of a bitch\n|inactive|Wralagath has 270 seconds left.\n|\n|t:|1733778415\n|move|p2a: Giratina|Dragon Pulse|p1a: Samurott\n|-damage|p1a: Samurott|46/265\n|move|p1a: Samurott|Swords Dance|p1a: Samurott\n|-boost|p1a: Samurott|atk|2\n|\n|upkeep\n|turn|27\n|c|\u2606Wralagath|I was expecting rest\n|inactive|Wralagath has 270 seconds left.\n|\n|t:|1733778427\n|move|p2a: Giratina|Rest|p2a: Giratina\n|-status|p2a: Giratina|slp|[from] move: Rest\n|-heal|p2a: Giratina|349/349 slp|[silent]\n|move|p1a: Samurott|Ceaseless Edge|p2a: Giratina|[miss]\n|-miss|p1a: Samurott|p2a: Giratina\n|\n|upkeep\n|turn|28\n|c|\u2606Mfjf|Same\n|c|\u2606Wralagath|OH COME ON\n|inactive|Wralagath has 270 seconds left.\n|c|\u2606Mfjf|Oh, nah\n|c|\u2606Wralagath|HE'S ASLEEP\n|c|\u2606Wralagath|YOU CANT MISS\n|\n|t:|1733778448\n|cant|p2a: Giratina|slp\n|move|p2a: Giratina|Sleep Talk|p2a: Giratina\n|move|p2a: Giratina|Calm Mind|p2a: Giratina|[from]move: Sleep Talk\n|-boost|p2a: Giratina|spa|1\n|-boost|p2a: Giratina|spd|1\n|move|p1a: Samurott|Ceaseless Edge|p2a: Giratina\n|-supereffective|p2a: Giratina\n|-damage|p2a: Giratina|0 fnt\n|-sidestart|p2: Mfjf|Spikes\n|faint|p2a: Giratina\n|-damage|p1a: Samurott|20/265|[from] item: Life Orb\n|\n|upkeep\n|\n|t:|1733778453\n|switch|p2a: Regieleki|Regieleki, L79|128/256\n|-damage|p2a: Regieleki|86/256|[from] Spikes\n|turn|29\n|inactive|Wralagath has 270 seconds left.\n|c|\u2606Wralagath|THANK YOU\n|\n|t:|1733778461\n|move|p2a: Regieleki|Rapid Spin|p1a: Samurott\n|-damage|p1a: Samurott|0 fnt\n|-boost|p2a: Regieleki|spe|1\n|-sideend|p2: Mfjf|Spikes|[from] move: Rapid Spin|[of] p2a: Regieleki\n|faint|p1a: Samurott\n|\n|upkeep\n|\n|t:|1733778465\n|switch|p1a: Minior|Minior-Violet, L79|224/224\n|-formechange|p1a: Minior|Minior-Meteor||[from] ability: Shields Down\n|turn|30\n|\n|t:|1733778470\n|-terastallize|p1a: Minior|Ground\n|move|p2a: Regieleki|Thunderbolt|p1a: Minior\n|-immune|p1a: Minior\n|move|p1a: Minior|Earthquake|p2a: Regieleki\n|-supereffective|p2a: Regieleki\n|-damage|p2a: Regieleki|0 fnt\n|faint|p2a: Regieleki\n|\n|win|Wralagath\n|c|\u2606Mfjf|Nuts\n|c|\u2606Wralagath|Ggs\n|c|\u2606Wralagath|Wp\n|c|\u2606Mfjf|Ggs\n", "inputlog": ">version bfd83cad13791eb5a5a409923076391caf6fb4d4\n>start {\"formatid\":\"gen9randombattle\",\"seed\":[48591,44527,46279,61473]}\n>player p1 {\"name\":\"Wralagath\",\"avatar\":\"colress\",\"rating\":0,\"seed\":[27230,10088,38808,29589]}\n>player p2 {\"name\":\"Mfjf\",\"avatar\":\"2\",\"rating\":0,\"seed\":[46671,36660,16027,7181]}\n>chat \u2606Wralagath|Good Luck, fairest comrade\n>p1 move calmmind\n>p2 move rapidspin\n>chat \u2606Mfjf|Same to you, brave warrior\n>p1 move judgment\n>p2 move thunderbolt\n>p1 move recover\n>p2 move explosion\n>chat \u2606Mfjf|Aw, come on\n>p2 switch 5\n>chat \u2606Wralagath|Imma be real\n>chat \u2606Wralagath|Wasn't expecting that\n>chat \u2606Mfjf|Expecting what? To live?\n>p1 move recover\n>p2 move sludgebomb\n>p1 move dazzlinggleam\n>p2 move fireblast\n>chat \u2606Wralagath|I didnt expect Explosion\n>chat \u2606Mfjf|Oh\n>chat \u2606Mfjf|fair\n>chat \u2606Wralagath|I was healing cause of how much Tbolt was doing\n>p1 move recover\n>p2 move fireblast\n>chat \u2606Mfjf|That, was nothing\n>chat \u2606Mfjf|Of course I miss\n>p1 move calmmind\n>p2 move fireblast\n>p1 move dazzlinggleam\n>p2 move fireblast\n>p1 move recover\n>p2 move fireblast\n>chat \u2606Wralagath|Happens to the best of us\n>p1 move recover\n>p2 move fireblast\n>chat \u2606Mfjf|True\n>p1 move dazzlinggleam\n>p2 move fireblast\n>p2 switch 2\n>p1 move judgment\n>p2 move thunderwave\n>p1 move judgment\n>p2 move scald\n>chat \u2606Wralagath|That wasn't very nice\n>p2 switch 4\n>p1 move recover\n>p2 move revivalblessing\n>p2 switch 5\n>chat \u2606Wralagath|Saw that coming\n>p1 move judgment\n>p2 move bugbuzz\n>p2 switch 3\n>p1 move judgment\n>p2 move closecombat\n>chat \u2606Wralagath|Fair Enough\n>chat \u2606Mfjf|Finally, the god of pokemon falls\n>p1 switch 5\n>p1 move poltergeist\n>p2 move closecombat terastallize\n>chat \u2606Mfjf|:(\n>chat \u2606Wralagath|Who's gonna tell him\n>p1 move hypervoice\n>p2 move leafblade\n>chat \u2606Mfjf|Zoruark?\n>p2 switch 5\n>chat \u2606Wralagath|What's that?\n>chat \u2606Mfjf|Alright, buddy\n>chat \u2606Wralagath|This is just my favorite Hisuian Pokemon\n>p1 move hypervoice\n>p2 move thunderbolt\n>chat \u2606Wralagath|See?\n>chat \u2606Wralagath|My favorite Hisuian Pokemon\n>chat \u2606Mfjf|Fair\n>p1 switch 4\n>p1 move bodypress\n>p2 move voltswitch\n>chat \u2606Wralagath|Choose Wisely\n>p2 switch 6\n>chat \u2606Wralagath|Oh shit\n>p1 move knockoff\n>p2 move calmmind\n>chat \u2606Mfjf|What?\n>chat \u2606Wralagath|Hold on, this guy owes me rent money\n>chat \u2606Mfjf|Ok\n>p1 move knockoff\n>p2 move rest\n>p1 switch 6\n>p2 move sleeptalk\n>p1 move ceaselessedge\n>p2 move sleeptalk\n>p1 move ceaselessedge\n>p2 move sleeptalk\n>chat \u2606Mfjf|Aw, come on\n>chat \u2606Wralagath|You lucky son of a bitch\n>p1 move swordsdance\n>p2 move dragonpulse\n>chat \u2606Wralagath|I was expecting rest\n>p1 move ceaselessedge\n>p2 move rest\n>chat \u2606Mfjf|Same\n>chat \u2606Wralagath|OH COME ON\n>chat \u2606Mfjf|Oh, nah\n>chat \u2606Wralagath|HE'S ASLEEP\n>chat \u2606Wralagath|YOU CANT MISS\n>p1 move ceaselessedge\n>p2 move sleeptalk\n>p2 switch 6\n>chat \u2606Wralagath|THANK YOU\n>p1 move ceaselessedge\n>p2 move rapidspin\n>p1 switch 2\n>p1 move earthquake terastallize\n>p2 move thunderbolt", "uploadtime": 1733778480, "views": 2, "formatid": "gen9randombattle", "rating": null, "private": 0, "password": null}