{"id": "gen9randombattle-2260816684", "format": "[Gen 9] Random Battle", "players": ["shadowdog2002", "Willthekid65934"], "log": "|j|\u2606shadowdog2002\n|j|\u2606Willthekid65934\n|t:|1733897289\n|gametype|singles\n|player|p1|shadowdog2002|1|1627\n|player|p2|Willthekid65934|steven|1579\n|teamsize|p1|6\n|teamsize|p2|6\n|gen|9\n|tier|[Gen 9] Random Battle\n|rated|\n|rule|Species Clause: Limit one of each Pok\u00e9mon\n|rule|HP Percentage Mod: HP is shown in percentages\n|rule|Sleep Clause Mod: Limit one foe put to sleep\n|rule|Illusion Level Mod: Illusion disguises the Pok\u00e9mon's true level\n|\n|t:|1733897289\n|start\n|switch|p1a: Floatzel|Floatzel, L85, M|283/283\n|switch|p2a: Darkrai|Darkrai, L77|234/234\n|turn|1\n|inactive|Battle timer is ON: inactive players will automatically lose when time's up. (requested by shadowdog2002)\n|inactive|Willthekid65934 also wants the timer to be on.\n|\n|t:|1733897302\n|switch|p2a: Shaymin|Shaymin-Sky, L73|266/266\n|move|p1a: Floatzel|Flip Turn|p2a: Shaymin\n|-resisted|p2a: Shaymin\n|-damage|p2a: Shaymin|203/266\n|\n|t:|1733897315\n|switch|p1a: Avalugg|Avalugg-Hisui, L90, M|317/317|[from] Flip Turn\n|\n|upkeep\n|turn|2\n|\n|t:|1733897320\n|move|p2a: Shaymin|Seed Flare|p1a: Avalugg\n|-supereffective|p1a: Avalugg\n|-ability|p1a: Avalugg|Sturdy\n|-damage|p1a: Avalugg|1/317\n|move|p1a: Avalugg|Avalanche|p2a: Shaymin\n|-supereffective|p2a: Shaymin\n|-damage|p2a: Shaymin|0 fnt\n|faint|p2a: Shaymin\n|\n|upkeep\n|\n|t:|1733897328\n|switch|p2a: Cinderace|Cinderace, L77, M|249/249\n|turn|3\n|\n|t:|1733897337\n|move|p2a: Cinderace|U-turn|p1a: Avalugg\n|-start|p2a: Cinderace|typechange|Bug|[from] ability: Libero\n|-damage|p1a: Avalugg|0 fnt\n|faint|p1a: Avalugg\n|\n|t:|1733897349\n|switch|p2a: Houndstone|Houndstone, L86, M|264/264|[from] U-turn\n|\n|upkeep\n|\n|t:|1733897377\n|switch|p1a: Oranguru|Oranguru, L92, F|315/315\n|turn|4\n|\n|t:|1733897395\n|switch|p2a: Darkrai|Darkrai, L77|234/234\n|move|p1a: Oranguru|Trick|p2a: Darkrai\n|-activate|p1a: Oranguru|move: Trick|[of] p2a: Darkrai\n|-item|p2a: Darkrai|Choice Specs|[from] move: Trick\n|-item|p1a: Oranguru|Life Orb|[from] move: Trick\n|\n|upkeep\n|turn|5\n|\n|t:|1733897407\n|-terastallize|p1a: Oranguru|Electric\n|move|p2a: Darkrai|Dark Pulse|p1a: Oranguru\n|-damage|p1a: Oranguru|206/315\n|move|p1a: Oranguru|Hyper Voice|p2a: Darkrai\n|-damage|p2a: Darkrai|96/234\n|-damage|p1a: Oranguru|175/315|[from] item: Life Orb\n|\n|upkeep\n|turn|6\n|\n|t:|1733897415\n|move|p2a: Darkrai|Dark Pulse|p1a: Oranguru\n|-damage|p1a: Oranguru|64/315\n|move|p1a: Oranguru|Thunderbolt|p2a: Darkrai\n|-damage|p2a: Darkrai|0 fnt\n|faint|p2a: Darkrai\n|-damage|p1a: Oranguru|33/315|[from] item: Life Orb\n|\n|upkeep\n|\n|t:|1733897421\n|switch|p2a: Cinderace|Cinderace, L77, M|249/249\n|turn|7\n|\n|t:|1733897427\n|move|p2a: Cinderace|U-turn|p1a: Oranguru\n|-start|p2a: Cinderace|typechange|Bug|[from] ability: Libero\n|-damage|p1a: Oranguru|0 fnt\n|faint|p1a: Oranguru\n|\n|t:|1733897433\n|switch|p2a: Houndstone|Houndstone, L86, M|264/264|[from] U-turn\n|\n|upkeep\n|\n|t:|1733897435\n|switch|p1a: Vespiquen|Vespiquen, L98, F|296/296\n|-ability|p1a: Vespiquen|Pressure\n|turn|8\n|\n|t:|1733897439\n|move|p2a: Houndstone|Poltergeist|p1a: Vespiquen\n|-activate|p1a: Vespiquen|move: Poltergeist|Heavy-Duty Boots\n|-damage|p1a: Vespiquen|190/296\n|move|p1a: Vespiquen|Toxic|p2a: Houndstone\n|-status|p2a: Houndstone|tox\n|\n|-damage|p2a: Houndstone|248/264 tox|[from] psn\n|upkeep\n|turn|9\n|\n|t:|1733897448\n|move|p2a: Houndstone|Poltergeist|p1a: Vespiquen\n|-activate|p1a: Vespiquen|move: Poltergeist|Heavy-Duty Boots\n|-damage|p1a: Vespiquen|94/296\n|move|p1a: Vespiquen|Roost|p1a: Vespiquen\n|-heal|p1a: Vespiquen|242/296\n|-singleturn|p1a: Vespiquen|move: Roost\n|\n|-heal|p2a: Houndstone|264/264 tox|[from] item: Leftovers\n|-damage|p2a: Houndstone|232/264 tox|[from] psn\n|upkeep\n|turn|10\n|\n|t:|1733897454\n|switch|p2a: Cinderace|Cinderace, L77, M|249/249\n|move|p1a: Vespiquen|Air Slash|p2a: Cinderace\n|-damage|p2a: Cinderace|134/249\n|\n|upkeep\n|turn|11\n|\n|t:|1733897458\n|switch|p1a: Hypno|Hypno, L95, M|315/315\n|move|p2a: Cinderace|Pyro Ball|p1a: Hypno\n|-damage|p1a: Hypno|137/315\n|\n|-heal|p1a: Hypno|156/315|[from] item: Leftovers\n|upkeep\n|turn|12\n|\n|t:|1733897463\n|move|p1a: Hypno|Protect|p1a: Hypno\n|-singleturn|p1a: Hypno|Protect\n|move|p2a: Cinderace|Pyro Ball|p1a: Hypno\n|-activate|p1a: Hypno|move: Protect\n|\n|-heal|p1a: Hypno|175/315|[from] item: Leftovers\n|upkeep\n|turn|13\n|\n|t:|1733897471\n|move|p2a: Cinderace|Pyro Ball|p1a: Hypno\n|-damage|p1a: Hypno|0 fnt\n|faint|p1a: Hypno\n|\n|upkeep\n|\n|t:|1733897473\n|switch|p1a: Floatzel|Floatzel, L85, M|283/283\n|turn|14\n|\n|t:|1733897477\n|switch|p2a: Houndstone|Houndstone, L86, M|232/264 tox\n|move|p1a: Floatzel|Wave Crash|p2a: Houndstone\n|-damage|p2a: Houndstone|145/264 tox\n|-damage|p1a: Floatzel|254/283|[from] Recoil\n|\n|-heal|p2a: Houndstone|161/264 tox|[from] item: Leftovers\n|-damage|p2a: Houndstone|145/264 tox|[from] psn\n|upkeep\n|turn|15\n|\n|t:|1733897484\n|switch|p1a: Vespiquen|Vespiquen, L98, F|242/296\n|-ability|p1a: Vespiquen|Pressure\n|move|p2a: Houndstone|Rest|p2a: Houndstone\n|-status|p2a: Houndstone|slp|[from] move: Rest\n|-heal|p2a: Houndstone|264/264 slp|[silent]\n|\n|upkeep\n|turn|16\n|\n|t:|1733897495\n|cant|p2a: Houndstone|slp\n|move|p2a: Houndstone|Sleep Talk|p2a: Houndstone\n|move|p2a: Houndstone|Rest||[from]move: Sleep Talk|[still]\n|-fail|p2a: Houndstone\n|move|p1a: Vespiquen|Air Slash|p2a: Houndstone\n|-damage|p2a: Houndstone|171/264 slp\n|\n|-heal|p2a: Houndstone|187/264 slp|[from] item: Leftovers\n|upkeep\n|turn|17\n|\n|t:|1733897505\n|cant|p2a: Houndstone|slp\n|move|p2a: Houndstone|Sleep Talk|p2a: Houndstone\n|move|p2a: Houndstone|Poltergeist|p1a: Vespiquen|[from]move: Sleep Talk\n|-activate|p1a: Vespiquen|move: Poltergeist|Heavy-Duty Boots\n|-damage|p1a: Vespiquen|136/296\n|move|p1a: Vespiquen|Air Slash|p2a: Houndstone\n|-damage|p2a: Houndstone|97/264 slp\n|\n|-heal|p2a: Houndstone|113/264 slp|[from] item: Leftovers\n|upkeep\n|turn|18\n|\n|t:|1733897520\n|switch|p2a: Donphan|Donphan, L84, F|288/288\n|move|p1a: Vespiquen|Roost|p1a: Vespiquen\n|-heal|p1a: Vespiquen|284/296\n|-singleturn|p1a: Vespiquen|move: Roost\n|\n|upkeep\n|turn|19\n|\n|t:|1733897525\n|switch|p1a: Floatzel|Floatzel, L85, M|254/283\n|move|p2a: Donphan|Ice Spinner|p1a: Floatzel\n|-resisted|p1a: Floatzel\n|-damage|p1a: Floatzel|209/283\n|\n|upkeep\n|turn|20\n|\n|t:|1733897529\n|-terastallize|p2a: Donphan|Water\n|move|p1a: Floatzel|Wave Crash|p2a: Donphan\n|-resisted|p2a: Donphan\n|-damage|p2a: Donphan|206/288\n|-damage|p1a: Floatzel|182/283|[from] Recoil\n|move|p2a: Donphan|Stealth Rock|p1a: Floatzel\n|-sidestart|p1: shadowdog2002|move: Stealth Rock\n|\n|-heal|p2a: Donphan|224/288|[from] item: Leftovers\n|upkeep\n|turn|21\n|\n|t:|1733897535\n|switch|p1a: Corviknight|Corviknight, L80, F|288/288\n|-damage|p1a: Corviknight|252/288|[from] Stealth Rock\n|-ability|p1a: Corviknight|Pressure\n|move|p2a: Donphan|Earthquake|p1a: Corviknight\n|-immune|p1a: Corviknight\n|\n|-heal|p1a: Corviknight|270/288|[from] item: Leftovers\n|-heal|p2a: Donphan|242/288|[from] item: Leftovers\n|upkeep\n|turn|22\n|\n|t:|1733897542\n|switch|p2a: Cinderace|Cinderace, L77, M|134/249\n|move|p1a: Corviknight|Defog|p2a: Cinderace\n|-unboost|p2a: Cinderace|evasion|1\n|-sideend|p1: shadowdog2002|Stealth Rock|[from] move: Defog|[of] p1a: Corviknight\n|\n|-heal|p1a: Corviknight|288/288|[from] item: Leftovers\n|upkeep\n|turn|23\n|\n|t:|1733897546\n|switch|p1a: Floatzel|Floatzel, L85, M|182/283\n|move|p2a: Cinderace|Pyro Ball|p1a: Floatzel\n|-resisted|p1a: Floatzel\n|-damage|p1a: Floatzel|49/283\n|\n|upkeep\n|turn|24\n|\n|t:|1733897556\n|switch|p2a: Houndstone|Houndstone, L86, M|113/264 slp\n|move|p1a: Floatzel|Flip Turn|p2a: Houndstone\n|-damage|p2a: Houndstone|65/264 slp\n|\n|t:|1733897575\n|switch|p1a: Vespiquen|Vespiquen, L98, F|284/296|[from] Flip Turn\n|-ability|p1a: Vespiquen|Pressure\n|\n|-heal|p2a: Houndstone|81/264 slp|[from] item: Leftovers\n|upkeep\n|turn|25\n|\n|t:|1733897578\n|-curestatus|p2a: Houndstone|slp|[msg]\n|move|p2a: Houndstone|Rest|p2a: Houndstone\n|-status|p2a: Houndstone|slp|[from] move: Rest\n|-heal|p2a: Houndstone|264/264 slp|[silent]\n|move|p1a: Vespiquen|Air Slash|p2a: Houndstone\n|-crit|p2a: Houndstone\n|-damage|p2a: Houndstone|144/264 slp\n|\n|-heal|p2a: Houndstone|160/264 slp|[from] item: Leftovers\n|upkeep\n|turn|26\n|\n|t:|1733897586\n|cant|p2a: Houndstone|slp\n|move|p2a: Houndstone|Sleep Talk|p2a: Houndstone\n|move|p2a: Houndstone|Poltergeist|p1a: Vespiquen|[from]move: Sleep Talk\n|-activate|p1a: Vespiquen|move: Poltergeist|Heavy-Duty Boots\n|-damage|p1a: Vespiquen|181/296\n|move|p1a: Vespiquen|Air Slash|p2a: Houndstone\n|-damage|p2a: Houndstone|78/264 slp\n|\n|-heal|p2a: Houndstone|94/264 slp|[from] item: Leftovers\n|upkeep\n|turn|27\n|\n|t:|1733897595\n|cant|p2a: Houndstone|slp\n|move|p2a: Houndstone|Sleep Talk|p2a: Houndstone\n|move|p2a: Houndstone|Body Press|p1a: Vespiquen|[from]move: Sleep Talk\n|-resisted|p1a: Vespiquen\n|-damage|p1a: Vespiquen|170/296\n|move|p1a: Vespiquen|Spikes|p2a: Houndstone\n|-sidestart|p2: Willthekid65934|Spikes\n|\n|-heal|p2a: Houndstone|110/264 slp|[from] item: Leftovers\n|upkeep\n|turn|28\n|\n|t:|1733897608\n|-curestatus|p2a: Houndstone|slp|[msg]\n|move|p2a: Houndstone|Rest|p2a: Houndstone\n|-status|p2a: Houndstone|slp|[from] move: Rest\n|-heal|p2a: Houndstone|264/264 slp|[silent]\n|move|p1a: Vespiquen|Roost|p1a: Vespiquen\n|-heal|p1a: Vespiquen|296/296\n|-singleturn|p1a: Vespiquen|move: Roost\n|\n|upkeep\n|turn|29\n|\n|t:|1733897621\n|switch|p2a: Donphan|Donphan, L84, F, tera:Water|242/288\n|-damage|p2a: Donphan|206/288|[from] Spikes\n|move|p1a: Vespiquen|Toxic|p2a: Donphan\n|-status|p2a: Donphan|tox\n|\n|-heal|p2a: Donphan|224/288 tox|[from] item: Leftovers\n|-damage|p2a: Donphan|206/288 tox|[from] psn\n|upkeep\n|turn|30\n|\n|t:|1733897624\n|switch|p1a: Corviknight|Corviknight, L80, F|288/288\n|-ability|p1a: Corviknight|Pressure\n|move|p2a: Donphan|Rapid Spin|p1a: Corviknight\n|-resisted|p1a: Corviknight\n|-crit|p1a: Corviknight\n|-damage|p1a: Corviknight|258/288\n|-boost|p2a: Donphan|spe|1\n|-sideend|p2: Willthekid65934|Spikes|[from] move: Rapid Spin|[of] p2a: Donphan\n|\n|-heal|p2a: Donphan|224/288 tox|[from] item: Leftovers\n|-heal|p1a: Corviknight|276/288|[from] item: Leftovers\n|-damage|p2a: Donphan|188/288 tox|[from] psn\n|upkeep\n|turn|31\n|\n|t:|1733897633\n|switch|p2a: Cinderace|Cinderace, L77, M|134/249\n|move|p1a: Corviknight|Brave Bird|p2a: Cinderace\n|-damage|p2a: Cinderace|13/249\n|-damage|p1a: Corviknight|236/288|[from] Recoil\n|\n|-heal|p1a: Corviknight|254/288|[from] item: Leftovers\n|upkeep\n|turn|32\n|\n|t:|1733897646\n|switch|p1a: Vespiquen|Vespiquen, L98, F|296/296\n|-ability|p1a: Vespiquen|Pressure\n|move|p2a: Cinderace|Pyro Ball|p1a: Vespiquen\n|-supereffective|p1a: Vespiquen\n|-damage|p1a: Vespiquen|0 fnt\n|faint|p1a: Vespiquen\n|\n|upkeep\n|\n|t:|1733897649\n|switch|p1a: Floatzel|Floatzel, L85, M|49/283\n|turn|33\n|\n|t:|1733897657\n|switch|p2a: Donphan|Donphan, L84, F, tera:Water|188/288 tox\n|move|p1a: Floatzel|Crunch|p2a: Donphan\n|-damage|p2a: Donphan|109/288 tox\n|\n|-heal|p2a: Donphan|127/288 tox|[from] item: Leftovers\n|-damage|p2a: Donphan|109/288 tox|[from] psn\n|upkeep\n|turn|34\n|\n|t:|1733897668\n|switch|p1a: Corviknight|Corviknight, L80, F|254/288\n|-ability|p1a: Corviknight|Pressure\n|move|p2a: Donphan|Ice Spinner|p1a: Corviknight\n|-damage|p1a: Corviknight|194/288\n|\n|-heal|p1a: Corviknight|212/288|[from] item: Leftovers\n|-heal|p2a: Donphan|127/288 tox|[from] item: Leftovers\n|-damage|p2a: Donphan|91/288 tox|[from] psn\n|upkeep\n|turn|35\n|\n|t:|1733897674\n|move|p1a: Corviknight|Brave Bird|p2a: Donphan\n|-damage|p2a: Donphan|0 fnt\n|faint|p2a: Donphan\n|-damage|p1a: Corviknight|182/288|[from] Recoil\n|\n|-heal|p1a: Corviknight|200/288|[from] item: Leftovers\n|upkeep\n|\n|t:|1733897676\n|switch|p2a: Cinderace|Cinderace, L77, M|13/249\n|turn|36\n|\n|t:|1733897682\n|move|p2a: Cinderace|Pyro Ball|p1a: Corviknight|[miss]\n|-miss|p2a: Cinderace|p1a: Corviknight\n|move|p1a: Corviknight|Brave Bird|p2a: Cinderace\n|-damage|p2a: Cinderace|0 fnt\n|faint|p2a: Cinderace\n|-damage|p1a: Corviknight|196/288|[from] Recoil\n|\n|-heal|p1a: Corviknight|214/288|[from] item: Leftovers\n|upkeep\n|\n|t:|1733897687\n|switch|p2a: Houndstone|Houndstone, L86, M|264/264 slp\n|turn|37\n|\n|t:|1733897693\n|cant|p2a: Houndstone|slp\n|move|p2a: Houndstone|Sleep Talk|p2a: Houndstone\n|move|p2a: Houndstone|Body Press|p1a: Corviknight|[from]move: Sleep Talk\n|-damage|p1a: Corviknight|156/288\n|move|p1a: Corviknight|Brave Bird|p2a: Houndstone\n|-damage|p2a: Houndstone|218/264 slp\n|-damage|p1a: Corviknight|141/288|[from] Recoil\n|\n|-heal|p2a: Houndstone|234/264 slp|[from] item: Leftovers\n|-heal|p1a: Corviknight|159/288|[from] item: Leftovers\n|upkeep\n|turn|38\n|\n|t:|1733897700\n|cant|p2a: Houndstone|slp\n|move|p2a: Houndstone|Sleep Talk|p2a: Houndstone\n|move|p2a: Houndstone|Rest||[from]move: Sleep Talk|[still]\n|-fail|p2a: Houndstone\n|move|p1a: Corviknight|Roost|p1a: Corviknight\n|-heal|p1a: Corviknight|288/288\n|-singleturn|p1a: Corviknight|move: Roost\n|\n|-heal|p2a: Houndstone|250/264 slp|[from] item: Leftovers\n|upkeep\n|turn|39\n|\n|t:|1733897707\n|-curestatus|p2a: Houndstone|slp|[msg]\n|move|p2a: Houndstone|Body Press|p1a: Corviknight\n|-damage|p1a: Corviknight|237/288\n|move|p1a: Corviknight|Brave Bird|p2a: Houndstone\n|-damage|p2a: Houndstone|205/264\n|-damage|p1a: Corviknight|222/288|[from] Recoil\n|\n|-heal|p2a: Houndstone|221/264|[from] item: Leftovers\n|-heal|p1a: Corviknight|240/288|[from] item: Leftovers\n|upkeep\n|turn|40\n|\n|t:|1733897715\n|move|p2a: Houndstone|Poltergeist|p1a: Corviknight\n|-activate|p1a: Corviknight|move: Poltergeist|Leftovers\n|-damage|p1a: Corviknight|128/288\n|move|p1a: Corviknight|Brave Bird|p2a: Houndstone\n|-damage|p2a: Houndstone|176/264\n|-damage|p1a: Corviknight|113/288|[from] Recoil\n|\n|-heal|p2a: Houndstone|192/264|[from] item: Leftovers\n|-heal|p1a: Corviknight|131/288|[from] item: Leftovers\n|upkeep\n|turn|41\n|\n|t:|1733897718\n|move|p2a: Houndstone|Poltergeist|p1a: Corviknight\n|-activate|p1a: Corviknight|move: Poltergeist|Leftovers\n|-damage|p1a: Corviknight|23/288\n|move|p1a: Corviknight|Roost|p1a: Corviknight\n|-heal|p1a: Corviknight|167/288\n|-singleturn|p1a: Corviknight|move: Roost\n|\n|-heal|p2a: Houndstone|208/264|[from] item: Leftovers\n|-heal|p1a: Corviknight|185/288|[from] item: Leftovers\n|upkeep\n|turn|42\n|\n|t:|1733897723\n|move|p2a: Houndstone|Body Press|p1a: Corviknight\n|-damage|p1a: Corviknight|126/288\n|move|p1a: Corviknight|Roost|p1a: Corviknight\n|-heal|p1a: Corviknight|270/288\n|-singleturn|p1a: Corviknight|move: Roost\n|\n|-heal|p2a: Houndstone|224/264|[from] item: Leftovers\n|-heal|p1a: Corviknight|288/288|[from] item: Leftovers\n|upkeep\n|turn|43\n|\n|t:|1733897727\n|move|p2a: Houndstone|Body Press|p1a: Corviknight\n|-damage|p1a: Corviknight|232/288\n|move|p1a: Corviknight|Brave Bird|p2a: Houndstone\n|-damage|p2a: Houndstone|175/264\n|-damage|p1a: Corviknight|216/288|[from] Recoil\n|\n|-heal|p2a: Houndstone|191/264|[from] item: Leftovers\n|-heal|p1a: Corviknight|234/288|[from] item: Leftovers\n|upkeep\n|turn|44\n|\n|t:|1733897729\n|move|p2a: Houndstone|Body Press|p1a: Corviknight\n|-damage|p1a: Corviknight|178/288\n|move|p1a: Corviknight|Brave Bird|p2a: Houndstone\n|-damage|p2a: Houndstone|144/264\n|-damage|p1a: Corviknight|162/288|[from] Recoil\n|\n|-heal|p2a: Houndstone|160/264|[from] item: Leftovers\n|-heal|p1a: Corviknight|180/288|[from] item: Leftovers\n|upkeep\n|turn|45\n|\n|t:|1733897731\n|move|p2a: Houndstone|Body Press|p1a: Corviknight\n|-damage|p1a: Corviknight|123/288\n|move|p1a: Corviknight|Brave Bird|p2a: Houndstone\n|-damage|p2a: Houndstone|115/264\n|-damage|p1a: Corviknight|108/288|[from] Recoil\n|\n|-heal|p2a: Houndstone|131/264|[from] item: Leftovers\n|-heal|p1a: Corviknight|126/288|[from] item: Leftovers\n|upkeep\n|turn|46\n|\n|t:|1733897735\n|move|p2a: Houndstone|Body Press|p1a: Corviknight\n|-crit|p1a: Corviknight\n|-damage|p1a: Corviknight|46/288\n|move|p1a: Corviknight|Roost|p1a: Corviknight\n|-heal|p1a: Corviknight|190/288\n|-singleturn|p1a: Corviknight|move: Roost\n|\n|-heal|p2a: Houndstone|147/264|[from] item: Leftovers\n|-heal|p1a: Corviknight|208/288|[from] item: Leftovers\n|upkeep\n|turn|47\n|\n|t:|1733897738\n|move|p2a: Houndstone|Body Press|p1a: Corviknight\n|-damage|p1a: Corviknight|151/288\n|move|p1a: Corviknight|Brave Bird|p2a: Houndstone\n|-damage|p2a: Houndstone|97/264\n|-damage|p1a: Corviknight|134/288|[from] Recoil\n|\n|-heal|p2a: Houndstone|113/264|[from] item: Leftovers\n|-heal|p1a: Corviknight|152/288|[from] item: Leftovers\n|upkeep\n|turn|48\n|\n|t:|1733897740\n|move|p2a: Houndstone|Body Press|p1a: Corviknight\n|-damage|p1a: Corviknight|99/288\n|move|p1a: Corviknight|Roost|p1a: Corviknight\n|-heal|p1a: Corviknight|243/288\n|-singleturn|p1a: Corviknight|move: Roost\n|\n|-heal|p2a: Houndstone|129/264|[from] item: Leftovers\n|-heal|p1a: Corviknight|261/288|[from] item: Leftovers\n|upkeep\n|turn|49\n|\n|t:|1733897744\n|move|p2a: Houndstone|Rest|p2a: Houndstone\n|-status|p2a: Houndstone|slp|[from] move: Rest\n|-heal|p2a: Houndstone|264/264 slp|[silent]\n|move|p1a: Corviknight|Brave Bird|p2a: Houndstone\n|-damage|p2a: Houndstone|220/264 slp\n|-damage|p1a: Corviknight|246/288|[from] Recoil\n|\n|-heal|p2a: Houndstone|236/264 slp|[from] item: Leftovers\n|-heal|p1a: Corviknight|264/288|[from] item: Leftovers\n|upkeep\n|turn|50\n|\n|t:|1733897750\n|switch|p1a: Floatzel|Floatzel, L85, M|49/283\n|cant|p2a: Houndstone|slp\n|move|p2a: Houndstone|Sleep Talk|p2a: Houndstone\n|move|p2a: Houndstone|Rest||[from]move: Sleep Talk|[still]\n|-fail|p2a: Houndstone\n|\n|-heal|p2a: Houndstone|252/264 slp|[from] item: Leftovers\n|upkeep\n|turn|51\n|\n|t:|1733897753\n|move|p1a: Floatzel|Crunch|p2a: Houndstone\n|-supereffective|p2a: Houndstone\n|-damage|p2a: Houndstone|162/264 slp\n|-unboost|p2a: Houndstone|def|1\n|cant|p2a: Houndstone|slp\n|move|p2a: Houndstone|Sleep Talk|p2a: Houndstone\n|move|p2a: Houndstone|Body Press|p1a: Floatzel|[from]move: Sleep Talk\n|-damage|p1a: Floatzel|0 fnt\n|faint|p1a: Floatzel\n|\n|-heal|p2a: Houndstone|178/264 slp|[from] item: Leftovers\n|upkeep\n|\n|t:|1733897764\n|switch|p1a: Corviknight|Corviknight, L80, F|264/288\n|-ability|p1a: Corviknight|Pressure\n|turn|52\n|\n|t:|1733897769\n|-curestatus|p2a: Houndstone|slp|[msg]\n|move|p2a: Houndstone|Rest|p2a: Houndstone\n|-status|p2a: Houndstone|slp|[from] move: Rest\n|-heal|p2a: Houndstone|264/264 slp|[silent]\n|move|p1a: Corviknight|Brave Bird|p2a: Houndstone\n|-damage|p2a: Houndstone|186/264 slp\n|-damage|p1a: Corviknight|238/288|[from] Recoil\n|\n|-heal|p2a: Houndstone|202/264 slp|[from] item: Leftovers\n|-heal|p1a: Corviknight|256/288|[from] item: Leftovers\n|upkeep\n|turn|53\n|\n|t:|1733897777\n|cant|p2a: Houndstone|slp\n|move|p2a: Houndstone|Sleep Talk|p2a: Houndstone\n|move|p2a: Houndstone|Poltergeist|p1a: Corviknight|[from]move: Sleep Talk\n|-activate|p1a: Corviknight|move: Poltergeist|Leftovers\n|-damage|p1a: Corviknight|139/288\n|move|p1a: Corviknight|Brave Bird|p2a: Houndstone\n|-damage|p2a: Houndstone|129/264 slp\n|-damage|p1a: Corviknight|115/288|[from] Recoil\n|\n|-heal|p2a: Houndstone|145/264 slp|[from] item: Leftovers\n|-heal|p1a: Corviknight|133/288|[from] item: Leftovers\n|upkeep\n|turn|54\n|\n|t:|1733897785\n|cant|p2a: Houndstone|slp\n|move|p2a: Houndstone|Sleep Talk|p2a: Houndstone\n|move|p2a: Houndstone|Body Press|p1a: Corviknight|[from]move: Sleep Talk\n|-damage|p1a: Corviknight|99/288\n|move|p1a: Corviknight|Roost|p1a: Corviknight\n|-heal|p1a: Corviknight|243/288\n|-singleturn|p1a: Corviknight|move: Roost\n|\n|-heal|p2a: Houndstone|161/264 slp|[from] item: Leftovers\n|-heal|p1a: Corviknight|261/288|[from] item: Leftovers\n|upkeep\n|turn|55\n|\n|t:|1733897795\n|-curestatus|p2a: Houndstone|slp|[msg]\n|move|p2a: Houndstone|Rest|p2a: Houndstone\n|-status|p2a: Houndstone|slp|[from] move: Rest\n|-heal|p2a: Houndstone|264/264 slp|[silent]\n|move|p1a: Corviknight|Brave Bird|p2a: Houndstone\n|-damage|p2a: Houndstone|196/264 slp\n|-damage|p1a: Corviknight|239/288|[from] Recoil\n|\n|-heal|p2a: Houndstone|212/264 slp|[from] item: Leftovers\n|-heal|p1a: Corviknight|257/288|[from] item: Leftovers\n|upkeep\n|turn|56\n|\n|t:|1733897803\n|cant|p2a: Houndstone|slp\n|move|p1a: Corviknight|Brave Bird|p2a: Houndstone\n|-damage|p2a: Houndstone|143/264 slp\n|-damage|p1a: Corviknight|234/288|[from] Recoil\n|\n|-heal|p2a: Houndstone|159/264 slp|[from] item: Leftovers\n|-heal|p1a: Corviknight|252/288|[from] item: Leftovers\n|upkeep\n|turn|57\n|\n|t:|1733897808\n|cant|p2a: Houndstone|slp\n|move|p1a: Corviknight|Brave Bird|p2a: Houndstone\n|-damage|p2a: Houndstone|88/264 slp\n|-damage|p1a: Corviknight|229/288|[from] Recoil\n|\n|-heal|p2a: Houndstone|104/264 slp|[from] item: Leftovers\n|-heal|p1a: Corviknight|247/288|[from] item: Leftovers\n|upkeep\n|turn|58\n|\n|t:|1733897812\n|-curestatus|p2a: Houndstone|slp|[msg]\n|move|p2a: Houndstone|Rest|p2a: Houndstone\n|-status|p2a: Houndstone|slp|[from] move: Rest\n|-heal|p2a: Houndstone|264/264 slp|[silent]\n|move|p1a: Corviknight|Roost|p1a: Corviknight\n|-heal|p1a: Corviknight|288/288\n|-singleturn|p1a: Corviknight|move: Roost\n|\n|upkeep\n|turn|59\n|\n|t:|1733897820\n|cant|p2a: Houndstone|slp\n|move|p1a: Corviknight|Brave Bird|p2a: Houndstone\n|-damage|p2a: Houndstone|194/264 slp\n|-damage|p1a: Corviknight|265/288|[from] Recoil\n|\n|-heal|p2a: Houndstone|210/264 slp|[from] item: Leftovers\n|-heal|p1a: Corviknight|283/288|[from] item: Leftovers\n|upkeep\n|turn|60\n|\n|t:|1733897824\n|cant|p2a: Houndstone|slp\n|move|p1a: Corviknight|Brave Bird|p2a: Houndstone\n|-damage|p2a: Houndstone|134/264 slp\n|-damage|p1a: Corviknight|258/288|[from] Recoil\n|\n|-heal|p2a: Houndstone|150/264 slp|[from] item: Leftovers\n|-heal|p1a: Corviknight|276/288|[from] item: Leftovers\n|upkeep\n|turn|61\n|\n|t:|1733897828\n|-curestatus|p2a: Houndstone|slp|[msg]\n|move|p2a: Houndstone|Rest|p2a: Houndstone\n|-status|p2a: Houndstone|slp|[from] move: Rest\n|-heal|p2a: Houndstone|264/264 slp|[silent]\n|move|p1a: Corviknight|Brave Bird|p2a: Houndstone\n|-damage|p2a: Houndstone|189/264 slp\n|-damage|p1a: Corviknight|251/288|[from] Recoil\n|\n|-heal|p2a: Houndstone|205/264 slp|[from] item: Leftovers\n|-heal|p1a: Corviknight|269/288|[from] item: Leftovers\n|upkeep\n|turn|62\n|\n|t:|1733897836\n|cant|p2a: Houndstone|slp\n|move|p1a: Corviknight|Brave Bird|p2a: Houndstone\n|-damage|p2a: Houndstone|133/264 slp\n|-damage|p1a: Corviknight|245/288|[from] Recoil\n|\n|-heal|p2a: Houndstone|149/264 slp|[from] item: Leftovers\n|-heal|p1a: Corviknight|263/288|[from] item: Leftovers\n|upkeep\n|turn|63\n|\n|t:|1733897844\n|cant|p2a: Houndstone|slp\n|move|p1a: Corviknight|Brave Bird|p2a: Houndstone\n|-damage|p2a: Houndstone|81/264 slp\n|-damage|p1a: Corviknight|241/288|[from] Recoil\n|\n|-heal|p2a: Houndstone|97/264 slp|[from] item: Leftovers\n|-heal|p1a: Corviknight|259/288|[from] item: Leftovers\n|upkeep\n|turn|64\n|\n|t:|1733897850\n|-curestatus|p2a: Houndstone|slp|[msg]\n|-activate|p2a: Houndstone|move: Struggle\n|move|p2a: Houndstone|Struggle|p1a: Corviknight\n|-damage|p1a: Corviknight|225/288\n|-damage|p2a: Houndstone|31/264|[from] recoil\n|move|p1a: Corviknight|Brave Bird|p2a: Houndstone\n|-damage|p2a: Houndstone|0 fnt\n|faint|p2a: Houndstone\n|-damage|p1a: Corviknight|215/288|[from] Recoil\n|\n|-heal|p1a: Corviknight|233/288|[from] item: Leftovers\n|upkeep\n|\n|t:|1733897855\n|switch|p2a: Latias|Latias, L79, F|256/256\n|turn|65\n|\n|t:|1733897859\n|move|p2a: Latias|Calm Mind|p2a: Latias\n|-boost|p2a: Latias|spa|1\n|-boost|p2a: Latias|spd|1\n|move|p1a: Corviknight|Brave Bird|p2a: Latias\n|-damage|p2a: Latias|139/256\n|-damage|p1a: Corviknight|194/288|[from] Recoil\n|\n|-heal|p1a: Corviknight|212/288|[from] item: Leftovers\n|upkeep\n|turn|66\n|\n|t:|1733897865\n|move|p2a: Latias|Recover|p2a: Latias\n|-heal|p2a: Latias|256/256\n|move|p1a: Corviknight|Brave Bird|p2a: Latias\n|-damage|p2a: Latias|144/256\n|-damage|p1a: Corviknight|175/288|[from] Recoil\n|\n|-heal|p1a: Corviknight|193/288|[from] item: Leftovers\n|upkeep\n|turn|67\n|\n|t:|1733897870\n|move|p2a: Latias|Calm Mind|p2a: Latias\n|-boost|p2a: Latias|spa|1\n|-boost|p2a: Latias|spd|1\n|move|p1a: Corviknight|Roost|p1a: Corviknight\n|-heal|p1a: Corviknight|288/288\n|-singleturn|p1a: Corviknight|move: Roost\n|\n|upkeep\n|turn|68\n|\n|t:|1733897872\n|move|p2a: Latias|Calm Mind|p2a: Latias\n|-boost|p2a: Latias|spa|1\n|-boost|p2a: Latias|spd|1\n|move|p1a: Corviknight|Body Press|p2a: Latias\n|-resisted|p2a: Latias\n|-damage|p2a: Latias|118/256\n|\n|upkeep\n|turn|69\n|\n|t:|1733897875\n|move|p2a: Latias|Recover|p2a: Latias\n|-heal|p2a: Latias|246/256\n|move|p1a: Corviknight|Body Press|p2a: Latias\n|-resisted|p2a: Latias\n|-damage|p2a: Latias|217/256\n|\n|upkeep\n|turn|70\n|\n|t:|1733897878\n|move|p2a: Latias|Calm Mind|p2a: Latias\n|-boost|p2a: Latias|spa|1\n|-boost|p2a: Latias|spd|1\n|move|p1a: Corviknight|Body Press|p2a: Latias\n|-resisted|p2a: Latias\n|-damage|p2a: Latias|188/256\n|\n|upkeep\n|turn|71\n|\n|t:|1733897881\n|move|p2a: Latias|Calm Mind|p2a: Latias\n|-boost|p2a: Latias|spa|1\n|-boost|p2a: Latias|spd|1\n|move|p1a: Corviknight|Body Press|p2a: Latias\n|-resisted|p2a: Latias\n|-damage|p2a: Latias|157/256\n|\n|upkeep\n|turn|72\n|\n|t:|1733897883\n|move|p2a: Latias|Calm Mind|p2a: Latias\n|-boost|p2a: Latias|spa|1\n|-boost|p2a: Latias|spd|1\n|move|p1a: Corviknight|Body Press|p2a: Latias\n|-resisted|p2a: Latias\n|-damage|p2a: Latias|131/256\n|\n|upkeep\n|turn|73\n|\n|t:|1733897884\n|move|p2a: Latias|Recover|p2a: Latias\n|-heal|p2a: Latias|256/256\n|move|p1a: Corviknight|Body Press|p2a: Latias\n|-resisted|p2a: Latias\n|-damage|p2a: Latias|229/256\n|\n|upkeep\n|turn|74\n|\n|t:|1733897888\n|move|p2a: Latias|Draco Meteor|p1a: Corviknight\n|-resisted|p1a: Corviknight\n|-damage|p1a: Corviknight|0 fnt\n|-unboost|p2a: Latias|spa|2\n|faint|p1a: Corviknight\n|\n|win|Willthekid65934\n|raw|shadowdog2002's rating: 1627 &rarr; <strong>1604</strong><br />(-23 for losing)\n|raw|Willthekid65934's rating: 1579 &rarr; <strong>1602</strong><br />(+23 for winning)\n|l|\u2606shadowdog2002\n|player|p1|\n|c|\u2606Willthekid65934|Gg\n", "inputlog": ">version bfd83cad13791eb5a5a409923076391caf6fb4d4\n>start {\"formatid\":\"gen9randombattle\",\"seed\":[35159,41437,13827,3600],\"rated\":\"Rated battle\"}\n>player p1 {\"name\":\"shadowdog2002\",\"avatar\":\"1\",\"rating\":1627,\"seed\":[45881,53934,47326,46528]}\n>player p2 {\"name\":\"Willthekid65934\",\"avatar\":\"steven\",\"rating\":1579,\"seed\":[22705,9546,33016,48132]}\n>p1 move flipturn\n>p2 switch 5\n>p1 switch 6\n>p1 move avalanche\n>p2 move seedflare\n>p2 switch 3\n>p1 move stoneedge\n>p2 move uturn\n>p2 switch 6\n>p1 switch 4\n>p1 move trick\n>p2 switch 5\n>p1 move hypervoice terastallize\n>p2 move darkpulse\n>p1 move thunderbolt\n>p2 move darkpulse\n>p2 switch 6\n>p1 move thunderbolt\n>p2 move uturn\n>p2 switch 5\n>p1 switch 5\n>p1 move toxic\n>p2 move poltergeist\n>p1 move roost\n>p2 move poltergeist\n>p1 move airslash\n>p2 switch 5\n>p1 switch 2\n>p2 move pyroball\n>p1 move protect\n>p2 move pyroball\n>p1 move psychicnoise\n>p2 move pyroball\n>p1 switch 6\n>p1 move wavecrash\n>p2 switch 5\n>p1 switch 2\n>p2 move rest\n>p1 move airslash\n>p2 move sleeptalk\n>p1 move airslash\n>p2 move sleeptalk\n>p1 move roost\n>p2 switch 2\n>p1 switch 2\n>p2 move icespinner\n>p1 move wavecrash\n>p2 move stealthrock terastallize\n>p1 switch 3\n>p2 move earthquake\n>p1 move defog\n>p2 switch 5\n>p1 switch 3\n>p2 move pyroball\n>p1 move flipturn\n>p2 switch 2\n>p1 switch 2\n>p1 move airslash\n>p2 move rest\n>p1 move airslash\n>p2 move sleeptalk\n>p1 move spikes\n>p2 move sleeptalk\n>p1 move roost\n>p2 move rest\n>p1 move toxic\n>p2 switch 5\n>p1 switch 3\n>p2 move rapidspin\n>p1 move bravebird\n>p2 switch 2\n>p1 switch 3\n>p2 move pyroball\n>p1 switch 2\n>p1 move crunch\n>p2 switch 2\n>p1 switch 3\n>p2 move icespinner\n>p1 move bravebird\n>p2 move stealthrock\n>p2 switch 2\n>p1 move bravebird\n>p2 move pyroball\n>p2 switch 5\n>p1 move bravebird\n>p2 move sleeptalk\n>p1 move roost\n>p2 move sleeptalk\n>p1 move bravebird\n>p2 move bodypress\n>p1 move bravebird\n>p2 move poltergeist\n>p1 move roost\n>p2 move poltergeist\n>p1 move roost\n>p2 move bodypress\n>p1 move bravebird\n>p2 move bodypress\n>p1 move bravebird\n>p2 move bodypress\n>p1 move bravebird\n>p2 move bodypress\n>p1 move roost\n>p2 move bodypress\n>p1 move bravebird\n>p2 move bodypress\n>p1 move roost\n>p2 move bodypress\n>p1 move bravebird\n>p2 move rest\n>p1 switch 3\n>p2 move sleeptalk\n>p1 move crunch\n>p2 move sleeptalk\n>p1 switch 3\n>p1 move bravebird\n>p2 move rest\n>p1 move bravebird\n>p2 move sleeptalk\n>p1 move roost\n>p2 move sleeptalk\n>p1 move bravebird\n>p2 move rest\n>p1 move bravebird\n>p2 move rest\n>p1 move bravebird\n>p2 move rest\n>p1 move roost\n>p2 move rest\n>p1 move bravebird\n>p2 move rest\n>p1 move bravebird\n>p2 move rest\n>p1 move bravebird\n>p2 move rest\n>p1 move bravebird\n>p2 move struggle\n>p1 move bravebird\n>p2 move struggle\n>p1 move bravebird\n>p2 move struggle\n>p2 switch 4\n>p1 move bravebird\n>p2 move calmmind\n>p1 move bravebird\n>p2 move recover\n>p1 move roost\n>p2 move calmmind\n>p1 move bodypress\n>p2 move calmmind\n>p1 move bodypress\n>p2 move recover\n>p1 move bodypress\n>p2 move calmmind\n>p1 move bodypress\n>p2 move calmmind\n>p1 move bodypress\n>p2 move calmmind\n>p1 move bodypress\n>p2 move recover\n>p1 move bodypress\n>p2 move dracometeor", "uploadtime": 1733897896, "views": 1, "formatid": "gen9randombattle", "rating": 1602, "private": 0, "password": null}