{"id": "gen9randombattle-2259983508", "format": "[Gen 9] Random Battle", "players": ["Fluffy P", "trying_toget_tough"], "log": "|j|\u203dFluffy P\n|j|\u2606trying_toget_tough\n|t:|1733787391\n|gametype|singles\n|player|p1|Fluffy P|170|1622\n|player|p2|trying_toget_tough|102|1680\n|teamsize|p1|6\n|teamsize|p2|6\n|gen|9\n|tier|[Gen 9] Random Battle\n|rated|\n|rule|Species Clause: Limit one of each Pok\u00e9mon\n|rule|HP Percentage Mod: HP is shown in percentages\n|rule|Sleep Clause Mod: Limit one foe put to sleep\n|rule|Illusion Level Mod: Illusion disguises the Pok\u00e9mon's true level\n|\n|t:|1733787391\n|start\n|switch|p1a: Rillaboom|Rillaboom, L79, M|288/288\n|switch|p2a: Ceruledge|Ceruledge, L78, M|245/245\n|-fieldstart|move: Grassy Terrain|[from] ability: Grassy Surge|[of] p1a: Rillaboom\n|turn|1\n|inactive|Battle timer is ON: inactive players will automatically lose when time's up. (requested by trying_toget_tough)\n|\n|t:|1733787427\n|switch|p1a: Salamence|Salamence, L77, F|273/273\n|-ability|p1a: Salamence|Intimidate|boost\n|-unboost|p2a: Ceruledge|atk|1\n|move|p2a: Ceruledge|Swords Dance|p2a: Ceruledge\n|-boost|p2a: Ceruledge|atk|2\n|\n|upkeep\n|turn|2\n|\n|t:|1733787439\n|-terastallize|p2a: Ceruledge|Ghost\n|move|p1a: Salamence|Dragon Dance|p1a: Salamence\n|-boost|p1a: Salamence|atk|1\n|-boost|p1a: Salamence|spe|1\n|move|p2a: Ceruledge|Poltergeist|p1a: Salamence\n|-activate|p1a: Salamence|move: Poltergeist|Heavy-Duty Boots\n|-damage|p1a: Salamence|0 fnt\n|faint|p1a: Salamence\n|\n|upkeep\n|\n|t:|1733787446\n|switch|p1a: Froslass|Froslass, L87, F|263/263\n|turn|3\n|\n|t:|1733787463\n|switch|p1a: Iron Hands|Iron Hands, L79|373/373\n|move|p2a: Ceruledge|Bitter Blade|p1a: Iron Hands\n|-damage|p1a: Iron Hands|228/373\n|\n|-heal|p1a: Iron Hands|251/373|[from] Grassy Terrain\n|-heal|p1a: Iron Hands|274/373|[from] item: Leftovers\n|upkeep\n|turn|4\n|\n|t:|1733787472\n|move|p2a: Ceruledge|Poltergeist|p1a: Iron Hands\n|-activate|p1a: Iron Hands|move: Poltergeist|Leftovers\n|-damage|p1a: Iron Hands|38/373\n|move|p1a: Iron Hands|Thunder Punch|p2a: Ceruledge\n|-crit|p2a: Ceruledge\n|-damage|p2a: Ceruledge|80/245\n|-ability|p2a: Ceruledge|Weak Armor|boost\n|-unboost|p2a: Ceruledge|def|1\n|-boost|p2a: Ceruledge|spe|2\n|\n|-heal|p2a: Ceruledge|95/245|[from] Grassy Terrain\n|-heal|p1a: Iron Hands|61/373|[from] Grassy Terrain\n|-heal|p1a: Iron Hands|84/373|[from] item: Leftovers\n|upkeep\n|turn|5\n|\n|t:|1733787494\n|move|p2a: Ceruledge|Bitter Blade|p1a: Iron Hands\n|-damage|p1a: Iron Hands|0 fnt\n|-heal|p2a: Ceruledge|137/245|[from] drain|[of] p1a: Iron Hands\n|faint|p1a: Iron Hands\n|-end|p1a: Iron Hands|Quark Drive|[silent]\n|\n|-heal|p2a: Ceruledge|152/245|[from] Grassy Terrain\n|-fieldend|move: Grassy Terrain\n|upkeep\n|-message|Fluffy P forfeited.\n|\n|win|trying_toget_tough\n|raw|Fluffy P's rating: 1622 &rarr; <strong>1605</strong><br />(-17 for losing)\n|raw|trying_toget_tough's rating: 1680 &rarr; <strong>1697</strong><br />(+17 for winning)\n|l|\u203dFluffy P\n|player|p1|\n", "inputlog": ">version bfd83cad13791eb5a5a409923076391caf6fb4d4\n>start {\"formatid\":\"gen9randombattle\",\"seed\":[10463,26377,39744,41362],\"rated\":\"Rated battle\"}\n>player p1 {\"name\":\"Fluffy P\",\"avatar\":\"170\",\"rating\":1622,\"seed\":[11433,34733,47630,10615]}\n>player p2 {\"name\":\"trying_toget_tough\",\"avatar\":\"102\",\"rating\":1680,\"seed\":[33631,34484,9551,49824]}\n>p1 switch 6\n>p2 move swordsdance\n>p1 move dragondance\n>p2 move poltergeist terastallize\n>p1 switch 3\n>p1 switch 5\n>p2 move bitterblade\n>p1 move thunderpunch\n>p2 move poltergeist\n>p1 move thunderpunch\n>p2 move bitterblade\n>forcelose p1", "uploadtime": 1733787551, "views": 1, "formatid": "gen9randombattle", "rating": 1605, "private": 0, "password": null}