{"id": "gen9randombattle-2260495073", "format": "[Gen 9] Random Battle", "players": ["Blue YM", "im kz"], "log": "|j|\u2606Blue YM\n|j|\u2606im kz\n|t:|1733857090\n|gametype|singles\n|player|p1|Blue YM|169|1710\n|player|p2|im kz|bugcatcher-gen1|1727\n|teamsize|p1|6\n|teamsize|p2|6\n|gen|9\n|tier|[Gen 9] Random Battle\n|rated|\n|rule|Species Clause: Limit one of each Pok\u00e9mon\n|rule|HP Percentage Mod: HP is shown in percentages\n|rule|Sleep Clause Mod: Limit one foe put to sleep\n|rule|Illusion Level Mod: Illusion disguises the Pok\u00e9mon's true level\n|\n|t:|1733857090\n|start\n|switch|p1a: Eelektross|Eelektross, L87, F|290/290\n|switch|p2a: Darkrai|Darkrai, L77|234/234\n|turn|1\n|inactive|Battle timer is ON: inactive players will automatically lose when time's up. (requested by im kz)\n|\n|t:|1733857100\n|switch|p1a: Dodrio|Dodrio, L86, M|243/243\n|move|p2a: Darkrai|Substitute|p2a: Darkrai\n|-start|p2a: Darkrai|Substitute\n|-damage|p2a: Darkrai|176/234\n|\n|-heal|p2a: Darkrai|190/234|[from] item: Leftovers\n|upkeep\n|turn|2\n|\n|t:|1733857108\n|move|p1a: Dodrio|Drill Run|p2a: Darkrai\n|-end|p2a: Darkrai|Substitute\n|move|p2a: Darkrai|Nasty Plot|p2a: Darkrai\n|-boost|p2a: Darkrai|spa|2\n|\n|-heal|p2a: Darkrai|204/234|[from] item: Leftovers\n|upkeep\n|turn|3\n|\n|t:|1733857113\n|move|p1a: Dodrio|Brave Bird|p2a: Darkrai\n|-damage|p2a: Darkrai|54/234\n|-damage|p1a: Dodrio|193/243|[from] Recoil\n|move|p2a: Darkrai|Dark Pulse|p1a: Dodrio\n|-damage|p1a: Dodrio|0 fnt\n|faint|p1a: Dodrio\n|\n|-heal|p2a: Darkrai|68/234|[from] item: Leftovers\n|upkeep\n|\n|t:|1733857121\n|switch|p1a: Cryogonal|Cryogonal, L89|287/287\n|turn|4\n|\n|t:|1733857133\n|move|p1a: Cryogonal|Ice Beam|p2a: Darkrai\n|-damage|p2a: Darkrai|0 fnt\n|faint|p2a: Darkrai\n|\n|upkeep\n|\n|t:|1733857139\n|switch|p2a: Toxapex|Toxapex, L82, F|216/216\n|turn|5\n|\n|t:|1733857144\n|switch|p1a: Eelektross|Eelektross, L87, F|290/290\n|move|p2a: Toxapex|Toxic|p1a: Eelektross\n|-status|p1a: Eelektross|tox\n|\n|-damage|p1a: Eelektross|272/290 tox|[from] psn\n|upkeep\n|turn|6\n|\n|t:|1733857150\n|switch|p2a: Rhyperior|Rhyperior, L82, F|323/323\n|move|p1a: Eelektross|Knock Off|p2a: Rhyperior\n|-damage|p2a: Rhyperior|261/323\n|-enditem|p2a: Rhyperior|Assault Vest|[from] move: Knock Off|[of] p1a: Eelektross\n|\n|-damage|p1a: Eelektross|236/290 tox|[from] psn\n|upkeep\n|turn|7\n|\n|t:|1733857158\n|move|p1a: Eelektross|U-turn|p2a: Rhyperior\n|-damage|p2a: Rhyperior|218/323\n|\n|t:|1733857160\n|switch|p1a: Excadrill|Excadrill, L79, F|303/303|[from] U-turn\n|-ability|p1a: Excadrill|Mold Breaker\n|move|p2a: Rhyperior|Stone Edge|p1a: Excadrill\n|-resisted|p1a: Excadrill\n|-damage|p1a: Excadrill|260/303\n|\n|-heal|p1a: Excadrill|278/303|[from] item: Leftovers\n|upkeep\n|turn|8\n|\n|t:|1733857177\n|switch|p1a: Cryogonal|Cryogonal, L89|287/287\n|move|p2a: Rhyperior|Earthquake|p1a: Cryogonal\n|-immune|p1a: Cryogonal|[from] ability: Levitate\n|\n|upkeep\n|turn|9\n|\n|t:|1733857182\n|move|p1a: Cryogonal|Ice Beam|p2a: Rhyperior\n|-supereffective|p2a: Rhyperior\n|-damage|p2a: Rhyperior|0 fnt\n|faint|p2a: Rhyperior\n|\n|upkeep\n|\n|t:|1733857185\n|switch|p2a: Toxapex|Toxapex, L82, F|216/216\n|turn|10\n|\n|t:|1733857189\n|switch|p1a: Eelektross|Eelektross, L87, F|236/290 tox\n|move|p2a: Toxapex|Liquidation|p1a: Eelektross\n|-damage|p1a: Eelektross|166/290 tox\n|\n|-damage|p1a: Eelektross|148/290 tox|[from] psn\n|upkeep\n|turn|11\n|\n|t:|1733857199\n|move|p1a: Eelektross|Discharge|p2a: Toxapex\n|-supereffective|p2a: Toxapex\n|-damage|p2a: Toxapex|90/216\n|move|p2a: Toxapex|Liquidation|p1a: Eelektross\n|-damage|p1a: Eelektross|79/290 tox\n|\n|-damage|p1a: Eelektross|43/290 tox|[from] psn\n|upkeep\n|turn|12\n|\n|t:|1733857203\n|switch|p2a: Sandy Shocks|Sandy Shocks, L80|267/267\n|move|p1a: Eelektross|U-turn|p2a: Sandy Shocks\n|-damage|p2a: Sandy Shocks|207/267\n|\n|t:|1733857211\n|switch|p1a: Cryogonal|Cryogonal, L89|287/287|[from] U-turn\n|\n|upkeep\n|turn|13\n|\n|t:|1733857220\n|-end|p2a: Sandy Shocks|Protosynthesis|[silent]\n|switch|p2a: Toxapex|Toxapex, L82, F|162/216\n|move|p1a: Cryogonal|Ice Beam|p2a: Toxapex\n|-resisted|p2a: Toxapex\n|-damage|p2a: Toxapex|123/216\n|\n|upkeep\n|turn|14\n|\n|t:|1733857227\n|-terastallize|p1a: Cryogonal|Electric\n|move|p1a: Cryogonal|Tera Blast|p2a: Toxapex|[anim] Tera Blast Electric\n|-supereffective|p2a: Toxapex\n|-damage|p2a: Toxapex|0 fnt\n|faint|p2a: Toxapex\n|\n|upkeep\n|\n|t:|1733857233\n|switch|p2a: Heracross|Heracross, L80, F|259/259\n|turn|15\n|\n|t:|1733857237\n|switch|p1a: Eelektross|Eelektross, L87, F|43/290 tox\n|move|p2a: Heracross|Trailblaze|p1a: Eelektross\n|-damage|p1a: Eelektross|0 fnt\n|-boost|p2a: Heracross|spe|1\n|faint|p1a: Eelektross\n|\n|-status|p2a: Heracross|brn|[from] item: Flame Orb\n|upkeep\n|\n|t:|1733857243\n|switch|p1a: Drifblim|Drifblim, L86, M|396/396\n|turn|16\n|\n|t:|1733857254\n|-terastallize|p2a: Heracross|Normal\n|move|p2a: Heracross|Knock Off|p1a: Drifblim\n|-supereffective|p1a: Drifblim\n|-damage|p1a: Drifblim|24/396\n|-enditem|p1a: Drifblim|Sitrus Berry|[from] move: Knock Off|[of] p2a: Heracross\n|move|p1a: Drifblim|Strength Sap|p2a: Heracross\n|-unboost|p2a: Heracross|atk|1\n|-heal|p1a: Drifblim|270/396\n|\n|-damage|p2a: Heracross|243/259 brn|[from] brn\n|upkeep\n|turn|17\n|\n|t:|1733857266\n|switch|p2a: Sandy Shocks|Sandy Shocks, L80|207/267\n|move|p1a: Drifblim|Strength Sap|p2a: Sandy Shocks\n|-unboost|p2a: Sandy Shocks|atk|1\n|-heal|p1a: Drifblim|396/396\n|\n|upkeep\n|turn|18\n|\n|t:|1733857272\n|switch|p1a: Cryogonal|Cryogonal, L89, tera:Electric|287/287\n|move|p2a: Sandy Shocks|Stealth Rock|p1a: Cryogonal\n|-sidestart|p1: Blue YM|move: Stealth Rock\n|\n|upkeep\n|turn|19\n|\n|t:|1733857279\n|-end|p2a: Sandy Shocks|Protosynthesis|[silent]\n|switch|p2a: Kingdra|Kingdra, L84, M|263/263\n|move|p1a: Cryogonal|Rapid Spin|p2a: Kingdra\n|-damage|p2a: Kingdra|240/263\n|-boost|p1a: Cryogonal|spe|1\n|-sideend|p1: Blue YM|Stealth Rock|[from] move: Rapid Spin|[of] p1a: Cryogonal\n|\n|upkeep\n|turn|20\n|\n|t:|1733857284\n|move|p1a: Cryogonal|Ice Beam|p2a: Kingdra\n|-damage|p2a: Kingdra|147/263\n|-status|p2a: Kingdra|frz\n|-enditem|p2a: Kingdra|Lum Berry|[eat]\n|-curestatus|p2a: Kingdra|frz|[msg]\n|move|p2a: Kingdra|Dragon Dance|p2a: Kingdra\n|-boost|p2a: Kingdra|atk|1\n|-boost|p2a: Kingdra|spe|1\n|\n|upkeep\n|turn|21\n|\n|t:|1733857295\n|move|p1a: Cryogonal|Ice Beam|p2a: Kingdra\n|-damage|p2a: Kingdra|50/263\n|move|p2a: Kingdra|Dragon Dance|p2a: Kingdra\n|-boost|p2a: Kingdra|atk|1\n|-boost|p2a: Kingdra|spe|1\n|\n|upkeep\n|turn|22\n|\n|t:|1733857300\n|move|p2a: Kingdra|Outrage|p1a: Cryogonal\n|-damage|p1a: Cryogonal|0 fnt\n|faint|p1a: Cryogonal\n|\n|upkeep\n|\n|t:|1733857306\n|switch|p1a: Excadrill|Excadrill, L79, F|278/303\n|-ability|p1a: Excadrill|Mold Breaker\n|turn|23\n|\n|t:|1733857322\n|move|p2a: Kingdra|Outrage|p1a: Excadrill|[from]lockedmove\n|-resisted|p1a: Excadrill\n|-damage|p1a: Excadrill|102/303\n|-start|p2a: Kingdra|confusion|[fatigue]\n|move|p1a: Excadrill|Rapid Spin|p2a: Kingdra\n|-damage|p2a: Kingdra|13/263\n|-boost|p1a: Excadrill|spe|1\n|\n|-heal|p1a: Excadrill|120/303|[from] item: Leftovers\n|upkeep\n|turn|24\n|\n|t:|1733857333\n|-activate|p2a: Kingdra|confusion\n|move|p2a: Kingdra|Waterfall|p1a: Excadrill\n|-supereffective|p1a: Excadrill\n|-damage|p1a: Excadrill|0 fnt\n|faint|p1a: Excadrill\n|\n|upkeep\n|\n|t:|1733857336\n|switch|p1a: Drifblim|Drifblim, L86, M|396/396\n|turn|25\n|\n|t:|1733857351\n|-activate|p2a: Kingdra|confusion\n|-damage|p2a: Kingdra|0 fnt|[from] confusion\n|faint|p2a: Kingdra\n|move|p1a: Drifblim|Calm Mind|p1a: Drifblim\n|-boost|p1a: Drifblim|spa|1\n|-boost|p1a: Drifblim|spd|1\n|\n|upkeep\n|\n|t:|1733857357\n|switch|p2a: Sandy Shocks|Sandy Shocks, L80|207/267\n|turn|26\n|\n|t:|1733857361\n|move|p2a: Sandy Shocks|Thunderbolt|p1a: Drifblim\n|-supereffective|p1a: Drifblim\n|-damage|p1a: Drifblim|202/396\n|move|p1a: Drifblim|Shadow Ball|p2a: Sandy Shocks\n|-damage|p2a: Sandy Shocks|80/267\n|-unboost|p2a: Sandy Shocks|spd|1\n|\n|upkeep\n|turn|27\n|\n|t:|1733857368\n|move|p2a: Sandy Shocks|Thunderbolt|p1a: Drifblim\n|-supereffective|p1a: Drifblim\n|-damage|p1a: Drifblim|8/396\n|move|p1a: Drifblim|Shadow Ball|p2a: Sandy Shocks\n|-damage|p2a: Sandy Shocks|0 fnt\n|faint|p2a: Sandy Shocks\n|-end|p2a: Sandy Shocks|Protosynthesis|[silent]\n|\n|upkeep\n|\n|t:|1733857371\n|switch|p2a: Heracross|Heracross, L80, F, tera:Normal|243/259 brn\n|turn|28\n|\n|t:|1733857376\n|move|p1a: Drifblim|Shadow Ball|p2a: Heracross\n|-immune|p2a: Heracross\n|move|p2a: Heracross|Trailblaze|p1a: Drifblim\n|-resisted|p1a: Drifblim\n|-damage|p1a: Drifblim|0 fnt\n|-boost|p2a: Heracross|spe|1\n|faint|p1a: Drifblim\n|\n|-damage|p2a: Heracross|227/259 brn|[from] brn\n|upkeep\n|\n|t:|1733857380\n|switch|p1a: Sneasler|Sneasler, L74, M|240/240\n|turn|29\n|\n|t:|1733857384\n|move|p2a: Heracross|Facade|p1a: Sneasler\n|-damage|p1a: Sneasler|0 fnt\n|faint|p1a: Sneasler\n|\n|win|im kz\n|raw|Blue YM's rating: 1710 &rarr; <strong>1691</strong><br />(-19 for losing)\n|raw|im kz's rating: 1727 &rarr; <strong>1746</strong><br />(+19 for winning)\n", "inputlog": ">version bfd83cad13791eb5a5a409923076391caf6fb4d4\n>start {\"formatid\":\"gen9randombattle\",\"seed\":[37629,13937,18841,37720],\"rated\":\"Rated battle\"}\n>player p1 {\"name\":\"Blue YM\",\"avatar\":\"169\",\"rating\":1710,\"seed\":[1266,50493,52068,38949]}\n>player p2 {\"name\":\"im kz\",\"avatar\":\"bugcatcher-gen1\",\"rating\":1727,\"seed\":[48244,30391,9823,36151]}\n>p1 switch 5\n>p2 move substitute\n>p1 move drillrun\n>p2 move nastyplot\n>p1 move bravebird\n>p2 move darkpulse\n>p1 switch 6\n>p1 move icebeam\n>p2 move darkpulse\n>p2 switch 4\n>p1 switch 5\n>p2 move toxic\n>p1 move knockoff\n>p2 switch 3\n>p1 move uturn\n>p2 move stoneedge\n>p1 switch 3\n>p1 switch 5\n>p2 move earthquake\n>p1 move icebeam\n>p2 move stoneedge\n>p2 switch 3\n>p1 switch 3\n>p2 move liquidation\n>p1 move discharge\n>p2 move liquidation\n>p1 move uturn\n>p2 switch 5\n>p1 switch 3\n>p1 move icebeam\n>p2 switch 5\n>p1 move terablast terastallize\n>p2 move liquidation\n>p2 switch 6\n>p1 switch 3\n>p2 move trailblaze\n>p1 switch 4\n>p1 move strengthsap\n>p2 move knockoff terastallize\n>p1 move strengthsap\n>p2 switch 5\n>p1 switch 3\n>p2 move stealthrock\n>p1 move rapidspin\n>p2 switch 2\n>p1 move icebeam\n>p2 move dragondance\n>p1 move icebeam\n>p2 move dragondance\n>p1 move icebeam\n>p2 move outrage\n>p1 switch 5\n>p1 move rapidspin\n>p2 move outrage\n>p1 move earthquake\n>p2 move waterfall\n>p1 switch 3\n>p1 move calmmind\n>p2 move outrage\n>p2 switch 2\n>p1 move shadowball\n>p2 move thunderbolt\n>p1 move shadowball\n>p2 move thunderbolt\n>p2 switch 5\n>p1 move shadowball\n>p2 move trailblaze\n>p1 switch 2\n>p1 move closecombat\n>p2 move facade", "uploadtime": 1733857387, "views": 1, "formatid": "gen9randombattle", "rating": 1691, "private": 0, "password": null}