{"id": "gen9randombattle-2260721120", "format": "[Gen 9] Random Battle", "players": ["qiuescent", "roire"], "log": "|j|\u203dqiuescent\n|j|\u2606roire\n|t:|1733882808\n|gametype|singles\n|player|p1|qiuescent|266|2191\n|player|p2|roire|102|2160\n|teamsize|p1|6\n|teamsize|p2|6\n|gen|9\n|tier|[Gen 9] Random Battle\n|rated|\n|rule|Species Clause: Limit one of each Pok\u00e9mon\n|rule|HP Percentage Mod: HP is shown in percentages\n|rule|Sleep Clause Mod: Limit one foe put to sleep\n|rule|Illusion Level Mod: Illusion disguises the Pok\u00e9mon's true level\n|\n|t:|1733882808\n|start\n|switch|p1a: Gallade|Gallade, L81, M|243/243\n|switch|p2a: Chandelure|Chandelure, L83, M|235/235\n|turn|1\n|\n|t:|1733882816\n|move|p2a: Chandelure|Shadow Ball|p1a: Gallade\n|-supereffective|p1a: Gallade\n|-damage|p1a: Gallade|61/243\n|-unboost|p1a: Gallade|spd|1\n|move|p1a: Gallade|Night Slash|p2a: Chandelure\n|-supereffective|p2a: Chandelure\n|-damage|p2a: Chandelure|0 fnt\n|faint|p2a: Chandelure\n|\n|upkeep\n|inactive|Battle timer is ON: inactive players will automatically lose when time's up. (requested by qiuescent)\n|\n|t:|1733882826\n|switch|p2a: Keldeo|Keldeo-Resolute, L79|273/273\n|turn|2\n|\n|t:|1733882829\n|switch|p1a: Azelf|Azelf, L82|257/257\n|move|p2a: Keldeo|Flip Turn|p1a: Azelf\n|-crit|p1a: Azelf\n|-damage|p1a: Azelf|170/257\n|\n|t:|1733882835\n|switch|p2a: Drifblim|Drifblim, L86, M|398/398|[from] Flip Turn\n|\n|upkeep\n|turn|3\n|\n|t:|1733882842\n|switch|p1a: Quagsire|Quagsire, L84, M|297/297\n|move|p2a: Drifblim|Shadow Ball|p1a: Quagsire\n|-damage|p1a: Quagsire|183/297\n|-unboost|p1a: Quagsire|spd|1\n|\n|-heal|p1a: Quagsire|201/297|[from] item: Leftovers\n|upkeep\n|turn|4\n|\n|t:|1733882846\n|switch|p1a: Furret|Furret, L94, F|312/312\n|-item|p2a: Drifblim|Heavy-Duty Boots|[from] ability: Frisk|[of] p1a: Furret\n|move|p2a: Drifblim|Air Slash|p1a: Furret\n|-damage|p1a: Furret|218/312\n|\n|upkeep\n|turn|5\n|\n|t:|1733882853\n|move|p1a: Furret|Trick|p2a: Drifblim\n|-activate|p1a: Furret|move: Trick|[of] p2a: Drifblim\n|-item|p2a: Drifblim|Choice Band|[from] move: Trick\n|-item|p1a: Furret|Heavy-Duty Boots|[from] move: Trick\n|move|p2a: Drifblim|Strength Sap|p1a: Furret\n|-unboost|p1a: Furret|atk|1\n|\n|upkeep\n|turn|6\n|\n|t:|1733882858\n|switch|p2a: Okidogi|Okidogi, L77, M|262/262\n|move|p1a: Furret|U-turn|p2a: Okidogi\n|-resisted|p2a: Okidogi\n|-damage|p2a: Okidogi|254/262\n|\n|t:|1733882861\n|switch|p1a: Quagsire|Quagsire, L84, M|201/297|[from] U-turn\n|\n|-heal|p1a: Quagsire|219/297|[from] item: Leftovers\n|upkeep\n|turn|7\n|\n|t:|1733882869\n|switch|p2a: Keldeo|Keldeo-Resolute, L79|273/273\n|move|p1a: Quagsire|Earthquake|p2a: Keldeo\n|-damage|p2a: Keldeo|167/273\n|\n|-heal|p1a: Quagsire|237/297|[from] item: Leftovers\n|upkeep\n|turn|8\n|\n|t:|1733882881\n|switch|p1a: Miraidon|Miraidon, L65|238/238\n|-fieldstart|move: Electric Terrain|[from] ability: Hadron Engine|[of] p1a: Miraidon\n|move|p2a: Keldeo|Hydro Pump|p1a: Miraidon|[miss]\n|-miss|p2a: Keldeo|p1a: Miraidon\n|\n|upkeep\n|turn|9\n|\n|t:|1733882884\n|switch|p2a: Quagsire|Quagsire, L84, F|297/297\n|move|p1a: Miraidon|Electro Drift|p2a: Quagsire\n|-immune|p2a: Quagsire\n|\n|upkeep\n|turn|10\n|\n|t:|1733882890\n|move|p1a: Miraidon|Draco Meteor|p2a: Quagsire\n|-crit|p2a: Quagsire\n|-damage|p2a: Quagsire|24/297\n|-unboost|p1a: Miraidon|spa|2\n|move|p2a: Quagsire|Toxic|p1a: Miraidon\n|-status|p1a: Miraidon|tox\n|\n|-heal|p2a: Quagsire|42/297|[from] item: Leftovers\n|-damage|p1a: Miraidon|224/238 tox|[from] psn\n|upkeep\n|turn|11\n|\n|t:|1733882894\n|switch|p2a: Okidogi|Okidogi, L77, M|254/262\n|move|p1a: Miraidon|Draco Meteor|p2a: Okidogi\n|-damage|p2a: Okidogi|194/262\n|-unboost|p1a: Miraidon|spa|2\n|\n|-heal|p1a: Miraidon|238/238 tox|[from] item: Leftovers\n|-damage|p1a: Miraidon|210/238 tox|[from] psn\n|upkeep\n|turn|12\n|\n|t:|1733882898\n|switch|p1a: Gallade|Gallade, L81, M|61/243\n|move|p2a: Okidogi|Knock Off|p1a: Gallade\n|-damage|p1a: Gallade|0 fnt\n|-enditem|p1a: Gallade|Choice Band|[from] move: Knock Off|[of] p2a: Okidogi\n|faint|p1a: Gallade\n|\n|-fieldend|move: Electric Terrain\n|upkeep\n|\n|t:|1733882901\n|switch|p1a: Azelf|Azelf, L82|170/257\n|turn|13\n|\n|t:|1733882904\n|switch|p2a: Drifblim|Drifblim, L86, M|398/398\n|move|p1a: Azelf|Psychic|p2a: Drifblim\n|-damage|p2a: Drifblim|187/398\n|-unboost|p2a: Drifblim|spd|1\n|-damage|p1a: Azelf|145/257|[from] item: Life Orb\n|\n|upkeep\n|turn|14\n|\n|t:|1733882910\n|switch|p1a: Furret|Furret, L94, F|218/312\n|-item|p2a: Drifblim|Choice Band|[from] ability: Frisk|[of] p1a: Furret\n|move|p2a: Drifblim|Air Slash|p1a: Furret\n|-damage|p1a: Furret|119/312\n|\n|upkeep\n|turn|15\n|\n|t:|1733882916\n|switch|p2a: Okidogi|Okidogi, L77, M|194/262\n|move|p1a: Furret|Knock Off|p2a: Okidogi\n|-resisted|p2a: Okidogi\n|-damage|p2a: Okidogi|164/262\n|-enditem|p2a: Okidogi|Assault Vest|[from] move: Knock Off|[of] p1a: Furret\n|\n|upkeep\n|turn|16\n|\n|t:|1733882931\n|move|p1a: Furret|U-turn|p2a: Okidogi\n|-resisted|p2a: Okidogi\n|-damage|p2a: Okidogi|154/262\n|\n|t:|1733882933\n|switch|p1a: Palossand|Palossand, L89, F|296/296|[from] U-turn\n|move|p2a: Okidogi|Knock Off|p1a: Palossand\n|-supereffective|p1a: Palossand\n|-damage|p1a: Palossand|174/296\n|-enditem|p1a: Palossand|Leftovers|[from] move: Knock Off|[of] p2a: Okidogi\n|\n|upkeep\n|turn|17\n|\n|t:|1733882938\n|move|p2a: Okidogi|Gunk Shot|p1a: Palossand\n|-resisted|p1a: Palossand\n|-damage|p1a: Palossand|148/296\n|-status|p1a: Palossand|psn\n|move|p1a: Palossand|Shore Up|p1a: Palossand\n|-heal|p1a: Palossand|296/296 psn\n|\n|-damage|p1a: Palossand|259/296 psn|[from] psn\n|upkeep\n|turn|18\n|\n|t:|1733882942\n|switch|p2a: Dipplin|Dipplin, L88, F|284/284\n|move|p1a: Palossand|Shadow Ball|p2a: Dipplin\n|-crit|p2a: Dipplin\n|-damage|p2a: Dipplin|181/284\n|\n|-damage|p1a: Palossand|222/296 psn|[from] psn\n|upkeep\n|turn|19\n|\n|t:|1733882952\n|-terastallize|p1a: Palossand|Poison\n|move|p2a: Dipplin|Giga Drain|p1a: Palossand\n|-resisted|p1a: Palossand\n|-damage|p1a: Palossand|177/296 psn\n|-heal|p2a: Dipplin|204/284|[from] drain|[of] p1a: Palossand\n|move|p1a: Palossand|Sludge Bomb|p2a: Dipplin\n|-supereffective|p2a: Dipplin\n|-damage|p2a: Dipplin|46/284\n|\n|-damage|p1a: Palossand|140/296 psn|[from] psn\n|upkeep\n|turn|20\n|\n|t:|1733882957\n|move|p2a: Dipplin|Dragon Pulse|p1a: Palossand\n|-damage|p1a: Palossand|29/296 psn\n|move|p1a: Palossand|Shore Up|p1a: Palossand\n|-heal|p1a: Palossand|177/296 psn\n|\n|-damage|p1a: Palossand|140/296 psn|[from] psn\n|upkeep\n|turn|21\n|\n|t:|1733882960\n|move|p2a: Dipplin|Dragon Pulse|p1a: Palossand\n|-damage|p1a: Palossand|28/296 psn\n|move|p1a: Palossand|Sludge Bomb|p2a: Dipplin\n|-supereffective|p2a: Dipplin\n|-damage|p2a: Dipplin|0 fnt\n|faint|p2a: Dipplin\n|\n|-damage|p1a: Palossand|0 fnt|[from] psn\n|faint|p1a: Palossand\n|upkeep\n|\n|t:|1733882968\n|switch|p2a: Keldeo|Keldeo-Resolute, L79|167/273\n|switch|p1a: Furret|Furret, L94, F|119/312\n|-item|p2a: Keldeo|Choice Specs|[from] ability: Frisk|[of] p1a: Furret\n|turn|22\n|\n|t:|1733882974\n|switch|p2a: Drifblim|Drifblim, L86, M|187/398\n|move|p1a: Furret|Double-Edge|p2a: Drifblim\n|-immune|p2a: Drifblim\n|\n|upkeep\n|turn|23\n|\n|t:|1733882977\n|move|p1a: Furret|Knock Off|p2a: Drifblim\n|-supereffective|p2a: Drifblim\n|-damage|p2a: Drifblim|0 fnt\n|-damage|p1a: Furret|41/312|[from] ability: Aftermath|[of] p2a: Drifblim\n|-enditem|p2a: Drifblim|Choice Band|[from] move: Knock Off|[of] p1a: Furret\n|faint|p2a: Drifblim\n|\n|upkeep\n|\n|t:|1733882986\n|switch|p2a: Okidogi|Okidogi, L77, M|154/262\n|turn|24\n|\n|t:|1733882990\n|move|p1a: Furret|Double-Edge|p2a: Okidogi\n|-damage|p2a: Okidogi|30/262\n|-damage|p1a: Furret|0 fnt|[from] Recoil\n|faint|p1a: Furret\n|move|p2a: Okidogi|Knock Off|p1: Furret|[notarget]\n|-fail|p2a: Okidogi\n|\n|upkeep\n|\n|t:|1733882995\n|switch|p1a: Miraidon|Miraidon, L65|210/238 tox\n|-fieldstart|move: Electric Terrain|[from] ability: Hadron Engine|[of] p1a: Miraidon\n|turn|25\n|\n|t:|1733883003\n|move|p1a: Miraidon|Electro Drift|p2a: Okidogi\n|-damage|p2a: Okidogi|0 fnt\n|faint|p2a: Okidogi\n|\n|-heal|p1a: Miraidon|224/238 tox|[from] item: Leftovers\n|-damage|p1a: Miraidon|210/238 tox|[from] psn\n|upkeep\n|\n|t:|1733883005\n|switch|p2a: Keldeo|Keldeo-Resolute, L79|167/273\n|turn|26\n|\n|t:|1733883010\n|move|p2a: Keldeo|Secret Sword|p1a: Miraidon\n|-damage|p1a: Miraidon|27/238 tox\n|move|p1a: Miraidon|Electro Drift|p2a: Keldeo\n|-supereffective|p2a: Keldeo\n|-damage|p2a: Keldeo|0 fnt\n|faint|p2a: Keldeo\n|\n|-heal|p1a: Miraidon|41/238 tox|[from] item: Leftovers\n|-damage|p1a: Miraidon|13/238 tox|[from] psn\n|upkeep\n|\n|t:|1733883014\n|switch|p2a: Quagsire|Quagsire, L84, F|42/297\n|turn|27\n|\n|t:|1733883017\n|move|p1a: Miraidon|Draco Meteor|p2a: Quagsire\n|-damage|p2a: Quagsire|0 fnt\n|-unboost|p1a: Miraidon|spa|2\n|faint|p2a: Quagsire\n|\n|win|qiuescent\n|raw|qiuescent's rating: 2191 &rarr; <strong>2209</strong><br />(+18 for winning)\n|raw|roire's rating: 2160 &rarr; <strong>2142</strong><br />(-18 for losing)\n|l|\u2606roire\n|player|p2|\n", "inputlog": ">version bfd83cad13791eb5a5a409923076391caf6fb4d4\n>start {\"formatid\":\"gen9randombattle\",\"seed\":[12645,55229,49446,46648],\"rated\":\"Rated battle\"}\n>player p1 {\"name\":\"qiuescent\",\"avatar\":\"266\",\"rating\":2191,\"seed\":[44216,29888,16776,23097]}\n>player p2 {\"name\":\"roire\",\"avatar\":\"102\",\"rating\":2160,\"seed\":[38600,59748,58470,35435]}\n>p1 move nightslash\n>p2 move shadowball\n>p2 switch 4\n>p1 switch 4\n>p2 move flipturn\n>p2 switch 5\n>p1 switch 2\n>p2 move shadowball\n>p1 switch 3\n>p2 move airslash\n>p1 move trick\n>p2 move strengthsap\n>p1 move uturn\n>p2 switch 2\n>p1 switch 3\n>p1 move earthquake\n>p2 switch 5\n>p1 switch 6\n>p2 move hydropump\n>p1 move electrodrift\n>p2 switch 3\n>p1 move dracometeor\n>p2 move toxic\n>p1 move dracometeor\n>p2 switch 5\n>p1 switch 4\n>p2 move knockoff\n>p1 switch 2\n>p1 move psychic\n>p2 switch 2\n>p1 switch 3\n>p2 move airslash\n>p1 move knockoff\n>p2 switch 2\n>p1 move uturn\n>p2 move knockoff\n>p1 switch 5\n>p1 move shoreup\n>p2 move gunkshot\n>p1 move shadowball\n>p2 switch 6\n>p1 move sludgebomb terastallize\n>p2 move gigadrain\n>p1 move shoreup\n>p2 move dragonpulse\n>p1 move sludgebomb\n>p2 move dragonpulse\n>p1 switch 5\n>p2 switch 3\n>p1 move doubleedge\n>p2 switch 2\n>p1 move knockoff\n>p2 move strengthsap\n>p2 switch 6\n>p1 move doubleedge\n>p2 move knockoff\n>p1 switch 4\n>p1 move electrodrift\n>p2 move drainpunch\n>p2 switch 2\n>p1 move electrodrift\n>p2 move secretsword\n>p2 switch 5\n>p1 move dracometeor\n>p2 move recover", "uploadtime": 1733883022, "views": 2, "formatid": "gen9randombattle", "rating": 2142, "private": 0, "password": null}