{"id": "gen9randombattle-2260552452", "format": "[Gen 9] Random Battle", "players": ["MysticShrub", "MrMcflufflekins"], "log": "|j|\u2606MysticShrub\n|j|\u2606MrMcflufflekins\n|t:|1733862820\n|gametype|singles\n|player|p1|MysticShrub|unknown|1626\n|player|p2|MrMcflufflekins|iris-gen5bw2|1649\n|teamsize|p1|6\n|teamsize|p2|6\n|gen|9\n|tier|[Gen 9] Random Battle\n|rated|\n|rule|Species Clause: Limit one of each Pok\u00e9mon\n|rule|HP Percentage Mod: HP is shown in percentages\n|rule|Sleep Clause Mod: Limit one foe put to sleep\n|rule|Illusion Level Mod: Illusion disguises the Pok\u00e9mon's true level\n|\n|t:|1733862820\n|start\n|switch|p1a: Magcargo|Magcargo, L95, F|268/268\n|switch|p2a: Charizard|Charizard, L85, M|271/271\n|turn|1\n|inactive|Battle timer is ON: inactive players will automatically lose when time's up. (requested by MrMcflufflekins)\n|c|\u2606MrMcflufflekins|glhf\n|\n|t:|1733862836\n|move|p2a: Charizard|Earthquake|p1a: Magcargo\n|-supereffective|p1a: Magcargo\n|-damage|p1a: Magcargo|92/268\n|-ability|p1a: Magcargo|Weak Armor|boost\n|-unboost|p1a: Magcargo|def|1\n|-boost|p1a: Magcargo|spe|2\n|move|p1a: Magcargo|Shell Smash|p1a: Magcargo\n|-unboost|p1a: Magcargo|def|1\n|-unboost|p1a: Magcargo|spd|1\n|-boost|p1a: Magcargo|atk|2\n|-boost|p1a: Magcargo|spa|2\n|-boost|p1a: Magcargo|spe|2\n|\n|upkeep\n|turn|2\n|inactive|MrMcflufflekins has 120 seconds left.\n|\n|t:|1733862885\n|move|p1a: Magcargo|Power Gem|p2a: Charizard\n|-supereffective|p2a: Charizard\n|-damage|p2a: Charizard|0 fnt\n|faint|p2a: Charizard\n|\n|upkeep\n|\n|t:|1733862889\n|switch|p2a: Overqwil|Overqwil, L82, F|274/274\n|-ability|p2a: Overqwil|Intimidate|boost\n|-unboost|p1a: Magcargo|atk|1\n|turn|3\n|\n|t:|1733862902\n|move|p1a: Magcargo|Fire Blast|p2a: Overqwil\n|-damage|p2a: Overqwil|0 fnt\n|faint|p2a: Overqwil\n|\n|upkeep\n|\n|t:|1733862917\n|switch|p2a: Cresselia|Cresselia, L80, F|323/323\n|turn|4\n|\n|t:|1733862924\n|move|p1a: Magcargo|Fire Blast|p2a: Cresselia\n|-damage|p2a: Cresselia|100/323\n|move|p2a: Cresselia|Psyshock|p1a: Magcargo\n|-damage|p1a: Magcargo|0 fnt\n|faint|p1a: Magcargo\n|\n|-heal|p2a: Cresselia|120/323|[from] item: Leftovers\n|upkeep\n|\n|t:|1733862939\n|switch|p1a: Heracross|Heracross, L80, M|259/259\n|turn|5\n|inactive|MrMcflufflekins has 120 seconds left.\n|\n|t:|1733862949\n|switch|p2a: Spidops|Spidops, L96, M|271/271\n|move|p1a: Heracross|Megahorn|p2a: Spidops\n|-damage|p2a: Spidops|148/271\n|\n|upkeep\n|turn|6\n|\n|t:|1733862958\n|move|p1a: Heracross|Megahorn|p2a: Spidops|[miss]\n|-miss|p1a: Heracross|p2a: Spidops\n|move|p2a: Spidops|Sticky Web|p1a: Heracross\n|-sidestart|p1: MysticShrub|move: Sticky Web\n|\n|upkeep\n|turn|7\n|\n|t:|1733862964\n|move|p1a: Heracross|Megahorn|p2a: Spidops\n|-damage|p2a: Spidops|27/271\n|move|p2a: Spidops|Toxic Spikes|p1a: Heracross\n|-sidestart|p1: MysticShrub|move: Toxic Spikes\n|\n|upkeep\n|turn|8\n|\n|t:|1733862967\n|move|p1a: Heracross|Megahorn|p2a: Spidops\n|-damage|p2a: Spidops|0 fnt\n|faint|p2a: Spidops\n|-ability|p1a: Heracross|Moxie|boost\n|-boost|p1a: Heracross|atk|1\n|\n|upkeep\n|\n|t:|1733862973\n|switch|p2a: Chi-Yu|Chi-Yu, L77|211/211\n|-ability|p2a: Chi-Yu|Beads of Ruin\n|turn|9\n|\n|t:|1733862998\n|move|p2a: Chi-Yu|Overheat|p1a: Heracross\n|-supereffective|p1a: Heracross\n|-damage|p1a: Heracross|0 fnt\n|-unboost|p2a: Chi-Yu|spa|2\n|faint|p1a: Heracross\n|\n|upkeep\n|\n|t:|1733863005\n|switch|p1a: Weezing|Weezing-Galar, L86, M|252/252\n|turn|10\n|\n|t:|1733863011\n|switch|p2a: Mew|Mew, L82|298/298\n|move|p1a: Weezing|Defog|p2a: Mew\n|-unboost|p2a: Mew|evasion|1\n|-sideend|p1: MysticShrub|Toxic Spikes|[from] move: Defog|[of] p1a: Weezing\n|-sideend|p1: MysticShrub|Sticky Web|[from] move: Defog|[of] p1a: Weezing\n|\n|upkeep\n|turn|11\n|\n|t:|1733863029\n|move|p2a: Mew|Psychic|p1a: Weezing\n|-supereffective|p1a: Weezing\n|-damage|p1a: Weezing|52/252\n|move|p1a: Weezing|Gunk Shot|p2a: Mew\n|-damage|p2a: Mew|177/298\n|\n|-heal|p2a: Mew|195/298|[from] item: Leftovers\n|-heal|p1a: Weezing|67/252|[from] item: Leftovers\n|upkeep\n|turn|12\n|\n|t:|1733863053\n|move|p2a: Mew|Stealth Rock|p1a: Weezing\n|-sidestart|p1: MysticShrub|move: Stealth Rock\n|move|p1a: Weezing|Gunk Shot|p2a: Mew\n|-damage|p2a: Mew|77/298\n|-status|p2a: Mew|psn\n|-activate|p2a: Mew|ability: Synchronize\n|-immune|p1a: Weezing\n|\n|-heal|p2a: Mew|95/298 psn|[from] item: Leftovers\n|-heal|p1a: Weezing|82/252|[from] item: Leftovers\n|-damage|p2a: Mew|58/298 psn|[from] psn\n|upkeep\n|turn|13\n|inactive|MysticShrub has 120 seconds left.\n|inactive|MysticShrub has 90 seconds left.\n|\n|t:|1733863100\n|move|p2a: Mew|Psychic|p1a: Weezing\n|-supereffective|p1a: Weezing\n|-damage|p1a: Weezing|0 fnt\n|faint|p1a: Weezing\n|\n|-heal|p2a: Mew|76/298 psn|[from] item: Leftovers\n|-damage|p2a: Mew|39/298 psn|[from] psn\n|upkeep\n|inactive|MysticShrub has 90 seconds left.\n|\n|t:|1733863109\n|switch|p1a: Eternatus|Eternatus, L69|308/308\n|-damage|p1a: Eternatus|270/308|[from] Stealth Rock\n|-ability|p1a: Eternatus|Pressure\n|turn|14\n|\n|t:|1733863117\n|move|p1a: Eternatus|Meteor Beam||[still]\n|-prepare|p1a: Eternatus|Meteor Beam\n|-boost|p1a: Eternatus|spa|1\n|-enditem|p1a: Eternatus|Power Herb\n|-anim|p1a: Eternatus|Meteor Beam|p2a: Mew\n|-damage|p2a: Mew|0 fnt\n|faint|p2a: Mew\n|\n|upkeep\n|inactive|MrMcflufflekins has 120 seconds left.\n|\n|t:|1733863150\n|switch|p2a: Chi-Yu|Chi-Yu, L77|211/211\n|-ability|p2a: Chi-Yu|Beads of Ruin\n|turn|15\n|inactive|MrMcflufflekins has 120 seconds left.\n|\n|t:|1733863169\n|move|p2a: Chi-Yu|Psychic|p1a: Eternatus\n|-supereffective|p1a: Eternatus\n|-damage|p1a: Eternatus|76/308\n|move|p1a: Eternatus|Dynamax Cannon|p2a: Chi-Yu\n|-damage|p2a: Chi-Yu|90/211\n|\n|upkeep\n|turn|16\n|\n|t:|1733863180\n|switch|p1a: Reuniclus|Reuniclus, L88, F|337/337\n|move|p2a: Chi-Yu|Psychic|p1a: Reuniclus\n|-resisted|p1a: Reuniclus\n|-damage|p1a: Reuniclus|294/337\n|\n|upkeep\n|turn|17\n|\n|t:|1733863185\n|switch|p2a: Cresselia|Cresselia, L80, F|120/323\n|move|p1a: Reuniclus|Calm Mind|p1a: Reuniclus\n|-boost|p1a: Reuniclus|spa|1\n|-boost|p1a: Reuniclus|spd|1\n|\n|-heal|p2a: Cresselia|140/323|[from] item: Leftovers\n|upkeep\n|turn|18\n|\n|t:|1733863194\n|move|p2a: Cresselia|Calm Mind|p2a: Cresselia\n|-boost|p2a: Cresselia|spa|1\n|-boost|p2a: Cresselia|spd|1\n|move|p1a: Reuniclus|Calm Mind|p1a: Reuniclus\n|-boost|p1a: Reuniclus|spa|1\n|-boost|p1a: Reuniclus|spd|1\n|\n|-heal|p2a: Cresselia|160/323|[from] item: Leftovers\n|upkeep\n|turn|19\n|\n|t:|1733863199\n|move|p2a: Cresselia|Calm Mind|p2a: Cresselia\n|-boost|p2a: Cresselia|spa|1\n|-boost|p2a: Cresselia|spd|1\n|move|p1a: Reuniclus|Psyshock|p2a: Cresselia\n|-resisted|p2a: Cresselia\n|-damage|p2a: Cresselia|26/323\n|\n|-heal|p2a: Cresselia|46/323|[from] item: Leftovers\n|upkeep\n|turn|20\n|inactive|MysticShrub has 120 seconds left.\n|\n|t:|1733863207\n|move|p2a: Cresselia|Moonlight|p2a: Cresselia\n|-heal|p2a: Cresselia|207/323\n|move|p1a: Reuniclus|Psyshock|p2a: Cresselia\n|-resisted|p2a: Cresselia\n|-damage|p2a: Cresselia|78/323\n|\n|-heal|p2a: Cresselia|98/323|[from] item: Leftovers\n|upkeep\n|turn|21\n|\n|t:|1733863212\n|move|p2a: Cresselia|Moonlight|p2a: Cresselia\n|-heal|p2a: Cresselia|259/323\n|move|p1a: Reuniclus|Calm Mind|p1a: Reuniclus\n|-boost|p1a: Reuniclus|spa|1\n|-boost|p1a: Reuniclus|spd|1\n|\n|-heal|p2a: Cresselia|279/323|[from] item: Leftovers\n|upkeep\n|turn|22\n|\n|t:|1733863219\n|move|p2a: Cresselia|Calm Mind|p2a: Cresselia\n|-boost|p2a: Cresselia|spa|1\n|-boost|p2a: Cresselia|spd|1\n|move|p1a: Reuniclus|Psyshock|p2a: Cresselia\n|-resisted|p2a: Cresselia\n|-damage|p2a: Cresselia|119/323\n|\n|-heal|p2a: Cresselia|139/323|[from] item: Leftovers\n|upkeep\n|turn|23\n|\n|t:|1733863233\n|move|p2a: Cresselia|Moonlight|p2a: Cresselia\n|-heal|p2a: Cresselia|300/323\n|move|p1a: Reuniclus|Psyshock|p2a: Cresselia\n|-resisted|p2a: Cresselia\n|-damage|p2a: Cresselia|132/323\n|\n|-heal|p2a: Cresselia|152/323|[from] item: Leftovers\n|upkeep\n|turn|24\n|\n|t:|1733863242\n|move|p2a: Cresselia|Psyshock|p1a: Reuniclus\n|-resisted|p1a: Reuniclus\n|-damage|p1a: Reuniclus|214/337\n|move|p1a: Reuniclus|Calm Mind|p1a: Reuniclus\n|-boost|p1a: Reuniclus|spa|1\n|-boost|p1a: Reuniclus|spd|1\n|\n|-heal|p2a: Cresselia|172/323|[from] item: Leftovers\n|upkeep\n|turn|25\n|\n|t:|1733863248\n|move|p2a: Cresselia|Psyshock|p1a: Reuniclus\n|-resisted|p1a: Reuniclus\n|-damage|p1a: Reuniclus|126/337\n|move|p1a: Reuniclus|Psyshock|p2a: Cresselia\n|-resisted|p2a: Cresselia\n|-damage|p2a: Cresselia|0 fnt\n|faint|p2a: Cresselia\n|\n|upkeep\n|\n|t:|1733863254\n|switch|p2a: Chi-Yu|Chi-Yu, L77|90/211\n|-ability|p2a: Chi-Yu|Beads of Ruin\n|turn|26\n|\n|t:|1733863261\n|-terastallize|p2a: Chi-Yu|Dark\n|-terastallize|p1a: Reuniclus|Fighting\n|move|p2a: Chi-Yu|Dark Pulse|p1a: Reuniclus\n|-resisted|p1a: Reuniclus\n|-damage|p1a: Reuniclus|99/337\n|move|p1a: Reuniclus|Recover|p1a: Reuniclus\n|-heal|p1a: Reuniclus|268/337\n|\n|upkeep\n|turn|27\n|-message|MrMcflufflekins forfeited.\n|\n|win|MysticShrub\n|raw|MysticShrub's rating: 1626 &rarr; <strong>1647</strong><br />(+21 for winning)\n|raw|MrMcflufflekins's rating: 1649 &rarr; <strong>1628</strong><br />(-21 for losing)\n|l|\u2606MrMcflufflekins\n|player|p2|\n|c|\u2606MysticShrub|Gg\n", "inputlog": ">version bfd83cad13791eb5a5a409923076391caf6fb4d4\n>start {\"formatid\":\"gen9randombattle\",\"seed\":[11229,44647,9739,2327],\"rated\":\"Rated battle\"}\n>player p1 {\"name\":\"MysticShrub\",\"avatar\":\"unknown\",\"rating\":1626,\"seed\":[38405,50845,16015,29698]}\n>player p2 {\"name\":\"MrMcflufflekins\",\"avatar\":\"iris-gen5bw2\",\"rating\":1649,\"seed\":[20470,22069,40742,319]}\n>chat \u2606MrMcflufflekins|glhf\n>p1 move shellsmash\n>p2 move earthquake\n>p1 move powergem\n>p2 move earthquake\n>p2 switch 5\n>p1 move fireblast\n>p2 move scaleshot\n>p2 switch 6\n>p1 move fireblast\n>p2 move psyshock\n>p1 switch 4\n>p1 move megahorn\n>p2 switch 2\n>p1 move megahorn\n>p2 move stickyweb\n>p1 move megahorn\n>p2 move toxicspikes\n>p1 move megahorn\n>p2 move knockoff\n>p2 switch 3\n>p1 move megahorn\n>p2 move overheat\n>p1 switch 2\n>p1 move defog\n>p2 switch 4\n>p1 move gunkshot\n>p2 move psychic\n>p1 move gunkshot\n>p2 move stealthrock\n>p1 move gunkshot\n>p2 move psychic\n>p1 switch 5\n>p1 move meteorbeam\n>p2 move knockoff\n>p2 switch 4\n>p1 move dynamaxcannon\n>p2 move psychic\n>p1 switch 6\n>p2 move psychic\n>p1 move calmmind\n>p2 switch 2\n>p1 move calmmind\n>p2 move calmmind\n>p1 move psyshock\n>p2 move calmmind\n>p1 move psyshock\n>p2 move moonlight\n>p1 move calmmind\n>p2 move moonlight\n>p1 move psyshock\n>p2 move calmmind\n>p1 move psyshock\n>p2 move moonlight\n>p1 move calmmind\n>p2 move psyshock\n>p1 move psyshock\n>p2 move psyshock\n>p2 switch 2\n>p1 move recover terastallize\n>p2 move darkpulse terastallize\n>forcelose p2", "uploadtime": 1733863277, "views": 19, "formatid": "gen9randombattle", "rating": 1628, "private": 0, "password": null}