{"id": "gen9randombattle-2260670275", "format": "[Gen 9] Random Battle", "players": ["IUZEFRT", "Seonplz"], "log": "|j|\u2606IUZEFRT\n|j|\u2606Seonplz\n|t:|1733876328\n|gametype|singles\n|player|p1|IUZEFRT|101|1111\n|player|p2|Seonplz|169|1148\n|teamsize|p1|6\n|teamsize|p2|6\n|gen|9\n|tier|[Gen 9] Random Battle\n|rated|\n|rule|Species Clause: Limit one of each Pok\u00e9mon\n|rule|HP Percentage Mod: HP is shown in percentages\n|rule|Sleep Clause Mod: Limit one foe put to sleep\n|rule|Illusion Level Mod: Illusion disguises the Pok\u00e9mon's true level\n|\n|t:|1733876328\n|start\n|switch|p1a: Talonflame|Talonflame, L83, F|265/265\n|switch|p2a: Victreebel|Victreebel, L90, M|290/290\n|turn|1\n|inactive|Battle timer is ON: inactive players will automatically lose when time's up. (requested by IUZEFRT)\n|\n|t:|1733876336\n|switch|p2a: Snorlax|Snorlax, L82, M|397/397\n|move|p1a: Talonflame|Brave Bird|p2a: Snorlax\n|-damage|p2a: Snorlax|252/397\n|-damage|p1a: Talonflame|217/265|[from] Recoil\n|\n|upkeep\n|turn|2\n|\n|t:|1733876340\n|move|p1a: Talonflame|Will-O-Wisp|p2a: Snorlax\n|-status|p2a: Snorlax|brn\n|move|p2a: Snorlax|Body Slam|p1a: Talonflame\n|-damage|p1a: Talonflame|161/265\n|-status|p1a: Talonflame|par\n|\n|-damage|p2a: Snorlax|228/397 brn|[from] brn\n|upkeep\n|turn|3\n|\n|t:|1733876346\n|move|p1a: Talonflame|Roost|p1a: Talonflame\n|-heal|p1a: Talonflame|265/265 par\n|-singleturn|p1a: Talonflame|move: Roost\n|move|p2a: Snorlax|Rest|p2a: Snorlax\n|-status|p2a: Snorlax|slp|[from] move: Rest\n|-heal|p2a: Snorlax|397/397 slp|[silent]\n|-enditem|p2a: Snorlax|Chesto Berry|[eat]\n|-curestatus|p2a: Snorlax|slp|[msg]\n|\n|upkeep\n|turn|4\n|\n|t:|1733876351\n|move|p1a: Talonflame|Will-O-Wisp|p2a: Snorlax\n|-status|p2a: Snorlax|brn\n|move|p2a: Snorlax|Body Slam|p1a: Talonflame\n|-damage|p1a: Talonflame|211/265 par\n|\n|-damage|p2a: Snorlax|373/397 brn|[from] brn\n|upkeep\n|turn|5\n|\n|t:|1733876355\n|move|p1a: Talonflame|Overheat|p2a: Snorlax\n|-damage|p2a: Snorlax|328/397 brn\n|-unboost|p1a: Talonflame|spa|2\n|move|p2a: Snorlax|Curse|p2a: Snorlax\n|-unboost|p2a: Snorlax|spe|1\n|-boost|p2a: Snorlax|atk|1\n|-boost|p2a: Snorlax|def|1\n|\n|-damage|p2a: Snorlax|304/397 brn|[from] brn\n|upkeep\n|turn|6\n|\n|t:|1733876362\n|switch|p1a: Arceus|Arceus-Dragon, L71|288/288\n|move|p2a: Snorlax|Curse|p2a: Snorlax\n|-unboost|p2a: Snorlax|spe|1\n|-boost|p2a: Snorlax|atk|1\n|-boost|p2a: Snorlax|def|1\n|\n|-damage|p2a: Snorlax|280/397 brn|[from] brn\n|upkeep\n|turn|7\n|\n|t:|1733876374\n|move|p1a: Arceus|Swords Dance|p1a: Arceus\n|-boost|p1a: Arceus|atk|2\n|move|p2a: Snorlax|Body Slam|p1a: Arceus\n|-damage|p1a: Arceus|208/288\n|\n|-damage|p2a: Snorlax|256/397 brn|[from] brn\n|upkeep\n|turn|8\n|\n|t:|1733876402\n|move|p1a: Arceus|Swords Dance|p1a: Arceus\n|-boost|p1a: Arceus|atk|2\n|move|p2a: Snorlax|Curse|p2a: Snorlax\n|-unboost|p2a: Snorlax|spe|1\n|-boost|p2a: Snorlax|atk|1\n|-boost|p2a: Snorlax|def|1\n|\n|-damage|p2a: Snorlax|232/397 brn|[from] brn\n|upkeep\n|turn|9\n|\n|t:|1733876408\n|move|p1a: Arceus|Outrage|p2a: Snorlax\n|-damage|p2a: Snorlax|39/397 brn\n|move|p2a: Snorlax|Curse|p2a: Snorlax\n|-unboost|p2a: Snorlax|spe|1\n|-boost|p2a: Snorlax|atk|1\n|-boost|p2a: Snorlax|def|1\n|\n|-damage|p2a: Snorlax|15/397 brn|[from] brn\n|upkeep\n|turn|10\n|\n|t:|1733876412\n|move|p1a: Arceus|Outrage|p2a: Snorlax|[from]lockedmove\n|-damage|p2a: Snorlax|0 fnt\n|faint|p2a: Snorlax\n|-start|p1a: Arceus|confusion|[fatigue]\n|\n|upkeep\n|\n|t:|1733876433\n|switch|p2a: Darkrai|Darkrai, L77|234/234\n|turn|11\n|\n|t:|1733876438\n|-activate|p1a: Arceus|confusion\n|-damage|p1a: Arceus|139/288|[from] confusion\n|move|p2a: Darkrai|Dark Pulse|p1a: Arceus\n|-damage|p1a: Arceus|49/288\n|\n|upkeep\n|turn|12\n|\n|t:|1733876449\n|-activate|p1a: Arceus|confusion\n|move|p1a: Arceus|Extreme Speed|p2a: Darkrai\n|-damage|p2a: Darkrai|87/234\n|move|p2a: Darkrai|Dark Pulse|p1a: Arceus\n|-damage|p1a: Arceus|0 fnt\n|faint|p1a: Arceus\n|\n|-heal|p2a: Darkrai|101/234|[from] item: Leftovers\n|upkeep\n|\n|t:|1733876456\n|switch|p1a: Keldeo|Keldeo-Resolute, L79|273/273\n|turn|13\n|\n|t:|1733876460\n|move|p2a: Darkrai|Sludge Bomb|p1a: Keldeo\n|-damage|p1a: Keldeo|198/273\n|-status|p1a: Keldeo|psn\n|move|p1a: Keldeo|Calm Mind|p1a: Keldeo\n|-boost|p1a: Keldeo|spa|1\n|-boost|p1a: Keldeo|spd|1\n|\n|-heal|p2a: Darkrai|115/234|[from] item: Leftovers\n|-heal|p1a: Keldeo|215/273 psn|[from] item: Leftovers\n|-damage|p1a: Keldeo|181/273 psn|[from] psn\n|upkeep\n|turn|14\n|\n|t:|1733876472\n|move|p2a: Darkrai|Nasty Plot|p2a: Darkrai\n|-boost|p2a: Darkrai|spa|2\n|move|p1a: Keldeo|Calm Mind|p1a: Keldeo\n|-boost|p1a: Keldeo|spa|1\n|-boost|p1a: Keldeo|spd|1\n|\n|-heal|p2a: Darkrai|129/234|[from] item: Leftovers\n|-heal|p1a: Keldeo|198/273 psn|[from] item: Leftovers\n|-damage|p1a: Keldeo|164/273 psn|[from] psn\n|upkeep\n|turn|15\n|\n|t:|1733876480\n|-terastallize|p1a: Keldeo|Steel\n|move|p2a: Darkrai|Sludge Bomb|p1a: Keldeo\n|-immune|p1a: Keldeo\n|move|p1a: Keldeo|Secret Sword|p2a: Darkrai\n|-supereffective|p2a: Darkrai\n|-damage|p2a: Darkrai|0 fnt\n|faint|p2a: Darkrai\n|\n|-heal|p1a: Keldeo|181/273 psn|[from] item: Leftovers\n|-damage|p1a: Keldeo|147/273 psn|[from] psn\n|upkeep\n|\n|t:|1733876496\n|switch|p2a: Sneasler|Sneasler, L74, M|240/240\n|turn|16\n|\n|t:|1733876502\n|-terastallize|p2a: Sneasler|Flying\n|move|p2a: Sneasler|Close Combat|p1a: Keldeo\n|-supereffective|p1a: Keldeo\n|-crit|p1a: Keldeo\n|-damage|p1a: Keldeo|0 fnt\n|-unboost|p2a: Sneasler|def|1\n|-unboost|p2a: Sneasler|spd|1\n|-enditem|p2a: Sneasler|White Herb\n|-clearnegativeboost|p2a: Sneasler|[silent]\n|faint|p1a: Keldeo\n|\n|upkeep\n|\n|t:|1733876507\n|switch|p1a: Politoed|Politoed, L88, M|302/302\n|-weather|RainDance|[from] ability: Drizzle|[of] p1a: Politoed\n|turn|17\n|\n|t:|1733876512\n|move|p2a: Sneasler|Acrobatics|p1a: Politoed\n|-damage|p1a: Politoed|175/302\n|move|p1a: Politoed|Ice Beam|p2a: Sneasler\n|-supereffective|p2a: Sneasler\n|-damage|p2a: Sneasler|90/240\n|\n|-weather|RainDance|[upkeep]\n|-heal|p1a: Politoed|193/302|[from] item: Leftovers\n|upkeep\n|turn|18\n|\n|t:|1733876521\n|move|p2a: Sneasler|Acrobatics|p1a: Politoed\n|-damage|p1a: Politoed|72/302\n|move|p1a: Politoed|Ice Beam|p2a: Sneasler\n|-supereffective|p2a: Sneasler\n|-damage|p2a: Sneasler|0 fnt\n|faint|p2a: Sneasler\n|\n|-weather|RainDance|[upkeep]\n|-heal|p1a: Politoed|90/302|[from] item: Leftovers\n|upkeep\n|\n|t:|1733876528\n|switch|p2a: Victreebel|Victreebel, L90, M|290/290\n|turn|19\n|\n|t:|1733876535\n|move|p2a: Victreebel|Power Whip|p1a: Politoed\n|-supereffective|p1a: Politoed\n|-damage|p1a: Politoed|0 fnt\n|faint|p1a: Politoed\n|-damage|p2a: Victreebel|261/290|[from] item: Life Orb\n|\n|-weather|RainDance|[upkeep]\n|upkeep\n|\n|t:|1733876538\n|switch|p1a: Talonflame|Talonflame, L83, F|211/265 par\n|turn|20\n|\n|t:|1733876544\n|move|p2a: Victreebel|Strength Sap|p1a: Talonflame\n|-unboost|p1a: Talonflame|atk|1\n|-heal|p2a: Victreebel|290/290\n|move|p1a: Talonflame|Will-O-Wisp|p2a: Victreebel\n|-status|p2a: Victreebel|brn\n|\n|-weather|RainDance|[upkeep]\n|-damage|p2a: Victreebel|272/290 brn|[from] brn\n|upkeep\n|turn|21\n|\n|t:|1733876551\n|move|p2a: Victreebel|Strength Sap|p1a: Talonflame\n|-unboost|p1a: Talonflame|atk|1\n|-heal|p2a: Victreebel|290/290 brn\n|cant|p1a: Talonflame|par\n|\n|-weather|none\n|-damage|p2a: Victreebel|272/290 brn|[from] brn\n|upkeep\n|turn|22\n|\n|t:|1733876559\n|move|p2a: Victreebel|Sludge Wave|p1a: Talonflame\n|-damage|p1a: Talonflame|39/265 par\n|-damage|p2a: Victreebel|243/290 brn|[from] item: Life Orb\n|move|p1a: Talonflame|Overheat|p2a: Victreebel|[miss]\n|-miss|p1a: Talonflame|p2a: Victreebel\n|\n|-damage|p2a: Victreebel|225/290 brn|[from] brn\n|upkeep\n|turn|23\n|\n|t:|1733876566\n|move|p2a: Victreebel|Sludge Wave|p1a: Talonflame\n|-damage|p1a: Talonflame|0 fnt\n|faint|p1a: Talonflame\n|-damage|p2a: Victreebel|196/290 brn|[from] item: Life Orb\n|\n|-damage|p2a: Victreebel|178/290 brn|[from] brn\n|upkeep\n|\n|t:|1733876571\n|switch|p1a: Kingambit|Kingambit, L74, F|270/270\n|-activate|p1a: Kingambit|ability: Supreme Overlord\n|-start|p1a: Kingambit|fallen4|[silent]\n|turn|24\n|inactive|IUZEFRT has 120 seconds left.\n|c|\u2606Seonplz|;)\n|inactive|IUZEFRT has 90 seconds left.\n|\n|t:|1733876649\n|move|p2a: Victreebel|Strength Sap|p1a: Kingambit\n|-unboost|p1a: Kingambit|atk|1\n|-heal|p2a: Victreebel|290/290 brn\n|move|p1a: Kingambit|Kowtow Cleave|p2a: Victreebel\n|-damage|p2a: Victreebel|194/290 brn\n|\n|-damage|p2a: Victreebel|176/290 brn|[from] brn\n|upkeep\n|turn|25\n|\n|t:|1733876662\n|move|p2a: Victreebel|Strength Sap|p1a: Kingambit\n|-unboost|p1a: Kingambit|atk|1\n|-heal|p2a: Victreebel|290/290 brn\n|move|p1a: Kingambit|Swords Dance|p1a: Kingambit\n|-boost|p1a: Kingambit|atk|2\n|\n|-damage|p2a: Victreebel|272/290 brn|[from] brn\n|upkeep\n|turn|26\n|inactive|IUZEFRT has 90 seconds left.\n|\n|t:|1733876697\n|switch|p2a: Conkeldurr|Conkeldurr, L80, F|299/299\n|move|p1a: Kingambit|Swords Dance|p1a: Kingambit\n|-boost|p1a: Kingambit|atk|2\n|\n|-status|p2a: Conkeldurr|brn|[from] item: Flame Orb\n|upkeep\n|turn|27\n|inactive|IUZEFRT has 60 seconds left.\n|c|\u2606Seonplz|Outside wit it\n|\n|t:|1733876742\n|-end|p1a: Kingambit|fallen4|[silent]\n|switch|p1a: Reuniclus|Reuniclus, L88, F|337/337\n|move|p2a: Conkeldurr|Close Combat|p1a: Reuniclus\n|-resisted|p1a: Reuniclus\n|-damage|p1a: Reuniclus|208/337\n|-unboost|p2a: Conkeldurr|def|1\n|-unboost|p2a: Conkeldurr|spd|1\n|\n|-damage|p2a: Conkeldurr|281/299 brn|[from] brn\n|upkeep\n|turn|28\n|\n|t:|1733876767\n|move|p2a: Conkeldurr|Knock Off|p1a: Reuniclus\n|-supereffective|p1a: Reuniclus\n|-damage|p1a: Reuniclus|0 fnt\n|-enditem|p1a: Reuniclus|Life Orb|[from] move: Knock Off|[of] p2a: Conkeldurr\n|faint|p1a: Reuniclus\n|\n|-damage|p2a: Conkeldurr|263/299 brn|[from] brn\n|upkeep\n|\n|t:|1733876770\n|switch|p1a: Kingambit|Kingambit, L74, F|270/270\n|-activate|p1a: Kingambit|ability: Supreme Overlord\n|-start|p1a: Kingambit|fallen5|[silent]\n|turn|29\n|\n|t:|1733876774\n|move|p1a: Kingambit|Sucker Punch|p2a: Conkeldurr\n|-resisted|p2a: Conkeldurr\n|-damage|p2a: Conkeldurr|176/299 brn\n|move|p2a: Conkeldurr|Close Combat|p1a: Kingambit\n|-supereffective|p1a: Kingambit\n|-damage|p1a: Kingambit|0 fnt\n|-unboost|p2a: Conkeldurr|def|1\n|-unboost|p2a: Conkeldurr|spd|1\n|faint|p1a: Kingambit\n|-end|p1a: Kingambit|fallen5|[silent]\n|\n|win|Seonplz\n|raw|IUZEFRT's rating: 1111 &rarr; <strong>1089</strong><br />(-22 for losing)\n|raw|Seonplz's rating: 1148 &rarr; <strong>1170</strong><br />(+22 for winning)\n|l|\u2606IUZEFRT\n|player|p1|\n", "inputlog": ">version bfd83cad13791eb5a5a409923076391caf6fb4d4\n>start {\"formatid\":\"gen9randombattle\",\"seed\":[6358,28962,41728,49250],\"rated\":\"Rated battle\"}\n>player p1 {\"name\":\"IUZEFRT\",\"avatar\":\"101\",\"rating\":1111,\"seed\":[3082,32415,12757,42015]}\n>player p2 {\"name\":\"Seonplz\",\"avatar\":\"169\",\"rating\":1148,\"seed\":[32150,45902,55085,20031]}\n>p1 move bravebird\n>p2 switch 6\n>p1 move willowisp\n>p2 move bodyslam\n>p1 move roost\n>p2 move rest\n>p1 move willowisp\n>p2 move bodyslam\n>p1 move overheat\n>p2 move curse\n>p1 switch 2\n>p2 move curse\n>p1 move swordsdance\n>p2 move bodyslam\n>p1 move swordsdance\n>p2 move curse\n>p1 move outrage\n>p2 move curse\n>p1 move outrage\n>p2 move bodyslam\n>p2 switch 4\n>p1 move extremespeed\n>p2 move darkpulse\n>p1 move extremespeed\n>p2 move darkpulse\n>p1 switch 5\n>p1 move calmmind\n>p2 move sludgebomb\n>p1 move calmmind\n>p2 move nastyplot\n>p1 move secretsword terastallize\n>p2 move sludgebomb\n>p2 switch 3\n>p1 move hydropump\n>p2 move closecombat terastallize\n>p1 switch 4\n>p1 move icebeam\n>p2 move acrobatics\n>p1 move icebeam\n>p2 move acrobatics\n>p2 switch 6\n>p1 move encore\n>p2 move powerwhip\n>p1 switch 2\n>p1 move willowisp\n>p2 move strengthsap\n>p1 move roost\n>p2 move strengthsap\n>p1 move overheat\n>p2 move sludgewave\n>p1 move overheat\n>p2 move sludgewave\n>p1 switch 6\n>chat \u2606Seonplz|;)\n>p1 move kowtowcleave\n>p2 move strengthsap\n>p1 move swordsdance\n>p2 move strengthsap\n>p1 move swordsdance\n>p2 switch 5\n>chat \u2606Seonplz|Outside wit it\n>p1 switch 3\n>p2 move closecombat\n>p1 move psychic\n>p2 move knockoff\n>p1 switch 3\n>p1 move suckerpunch\n>p2 move closecombat", "uploadtime": 1733876787, "views": 8, "formatid": "gen9randombattle", "rating": 1089, "private": 0, "password": null}