{"id": "gen9randombattle-2260484842", "format": "[Gen 9] Random Battle", "players": ["Aiden Pyralis", "CTN dhu"], "log": "|j|\u2606Aiden Pyralis\n|j|\u2606CTN dhu\n|t:|1733856117\n|gametype|singles\n|player|p1|Aiden Pyralis|acetrainer|1438\n|player|p2|CTN dhu|265|1461\n|teamsize|p1|6\n|teamsize|p2|6\n|gen|9\n|tier|[Gen 9] Random Battle\n|rated|\n|rule|Species Clause: Limit one of each Pok\u00e9mon\n|rule|HP Percentage Mod: HP is shown in percentages\n|rule|Sleep Clause Mod: Limit one foe put to sleep\n|rule|Illusion Level Mod: Illusion disguises the Pok\u00e9mon's true level\n|\n|t:|1733856117\n|start\n|switch|p1a: Pikachu|Pikachu, L93, F|216/216\n|switch|p2a: Sudowoodo|Sudowoodo, L94, M|284/284\n|turn|1\n|inactive|Battle timer is ON: inactive players will automatically lose when time's up. (requested by CTN dhu)\n|\n|t:|1733856126\n|move|p1a: Pikachu|Fake Out|p2a: Sudowoodo\n|-resisted|p2a: Sudowoodo\n|-damage|p2a: Sudowoodo|267/284\n|cant|p2a: Sudowoodo|flinch\n|\n|-heal|p2a: Sudowoodo|284/284|[from] item: Leftovers\n|upkeep\n|turn|2\n|\n|t:|1733856136\n|-terastallize|p1a: Pikachu|Water\n|move|p1a: Pikachu|Surf|p2a: Sudowoodo\n|-supereffective|p2a: Sudowoodo\n|-damage|p2a: Sudowoodo|0 fnt\n|faint|p2a: Sudowoodo\n|\n|upkeep\n|inactive|CTN dhu has 120 seconds left.\n|\n|t:|1733856167\n|switch|p2a: Ursaluna|Ursaluna, L79, F|335/335\n|turn|3\n|\n|t:|1733856175\n|-terastallize|p2a: Ursaluna|Normal\n|move|p1a: Pikachu|Surf|p2a: Ursaluna\n|-damage|p2a: Ursaluna|158/335\n|move|p2a: Ursaluna|Swords Dance|p2a: Ursaluna\n|-boost|p2a: Ursaluna|atk|2\n|\n|-status|p2a: Ursaluna|brn|[from] item: Flame Orb\n|upkeep\n|turn|4\n|\n|t:|1733856180\n|move|p1a: Pikachu|Volt Tackle|p2a: Ursaluna\n|-damage|p2a: Ursaluna|0 fnt\n|faint|p2a: Ursaluna\n|-damage|p1a: Pikachu|164/216|[from] Recoil\n|\n|upkeep\n|\n|t:|1733856184\n|switch|p2a: Medicham|Medicham, L86, M|243/243\n|turn|5\n|\n|t:|1733856191\n|move|p1a: Pikachu|Play Rough|p2a: Medicham\n|-supereffective|p2a: Medicham\n|-damage|p2a: Medicham|11/243\n|move|p2a: Medicham|Zen Headbutt|p1a: Pikachu|[miss]\n|-miss|p2a: Medicham|p1a: Pikachu\n|\n|upkeep\n|turn|6\n|\n|t:|1733856197\n|move|p1a: Pikachu|Surf|p2a: Medicham\n|-damage|p2a: Medicham|0 fnt\n|faint|p2a: Medicham\n|\n|upkeep\n|\n|t:|1733856199\n|switch|p2a: Goodra|Goodra, L85, M|292/292\n|turn|7\n|\n|t:|1733856203\n|move|p1a: Pikachu|Play Rough|p2a: Goodra\n|-supereffective|p2a: Goodra\n|-damage|p2a: Goodra|54/292\n|move|p2a: Goodra|Dragon Tail|p1a: Pikachu\n|-damage|p1a: Pikachu|55/216\n|drag|p1a: Reshiram|Reshiram, L76|277/277\n|-ability|p1a: Reshiram|Turboblaze\n|\n|upkeep\n|turn|8\n|\n|t:|1733856213\n|move|p2a: Goodra|Draco Meteor|p1a: Reshiram\n|-supereffective|p1a: Reshiram\n|-damage|p1a: Reshiram|0 fnt\n|-unboost|p2a: Goodra|spa|2\n|faint|p1a: Reshiram\n|\n|upkeep\n|\n|t:|1733856218\n|switch|p1a: Pikachu|Pikachu, L93, F, tera:Water|55/216\n|turn|9\n|\n|t:|1733856224\n|switch|p2a: Iron Thorns|Iron Thorns, L83|302/302\n|-enditem|p2a: Iron Thorns|Booster Energy\n|-activate|p2a: Iron Thorns|ability: Quark Drive|[fromitem]\n|-start|p2a: Iron Thorns|quarkdriveatk\n|move|p1a: Pikachu|Play Rough|p2a: Iron Thorns\n|-damage|p2a: Iron Thorns|213/302\n|\n|upkeep\n|turn|10\n|\n|t:|1733856230\n|move|p1a: Pikachu|Surf|p2a: Iron Thorns\n|-supereffective|p2a: Iron Thorns\n|-damage|p2a: Iron Thorns|0 fnt\n|faint|p2a: Iron Thorns\n|-end|p2a: Iron Thorns|Quark Drive|[silent]\n|\n|upkeep\n|\n|t:|1733856232\n|switch|p2a: Iron Jugulis|Iron Jugulis, L78|275/275\n|turn|11\n|\n|t:|1733856241\n|move|p1a: Pikachu|Volt Tackle|p2a: Iron Jugulis\n|-supereffective|p2a: Iron Jugulis\n|-damage|p2a: Iron Jugulis|0 fnt\n|faint|p2a: Iron Jugulis\n|-end|p2a: Iron Jugulis|Quark Drive|[silent]\n|-damage|p1a: Pikachu|0 fnt|[from] Recoil\n|faint|p1a: Pikachu\n|\n|upkeep\n|\n|t:|1733856250\n|switch|p1a: Revavroom|Revavroom, L79, F|256/256\n|switch|p2a: Goodra|Goodra, L85, M|54/292\n|turn|12\n|\n|t:|1733856256\n|move|p1a: Revavroom|Iron Head|p2a: Goodra\n|-damage|p2a: Goodra|0 fnt\n|faint|p2a: Goodra\n|-damage|p1a: Revavroom|231/256|[from] item: Life Orb\n|\n|win|Aiden Pyralis\n|raw|Aiden Pyralis's rating: 1438 &rarr; <strong>1459</strong><br />(+21 for winning)\n|raw|CTN dhu's rating: 1461 &rarr; <strong>1440</strong><br />(-21 for losing)\n|l|\u2606CTN dhu\n|player|p2|\n", "inputlog": ">version bfd83cad13791eb5a5a409923076391caf6fb4d4\n>start {\"formatid\":\"gen9randombattle\",\"seed\":[63595,4120,9331,54993],\"rated\":\"Rated battle\"}\n>player p1 {\"name\":\"Aiden Pyralis\",\"avatar\":\"acetrainer\",\"rating\":1438,\"seed\":[38122,47323,22039,60210]}\n>player p2 {\"name\":\"CTN dhu\",\"avatar\":\"265\",\"rating\":1461,\"seed\":[44878,51196,8066,27637]}\n>p1 move fakeout\n>p2 move headsmash\n>p1 move surf terastallize\n>p2 move headsmash\n>p2 switch 4\n>p1 move surf\n>p2 move swordsdance terastallize\n>p1 move volttackle\n>p2 move facade\n>p2 switch 2\n>p1 move playrough\n>p2 move zenheadbutt\n>p1 move surf\n>p2 move zenheadbutt\n>p2 switch 6\n>p1 move playrough\n>p2 move dragontail\n>p1 move stoneedge\n>p2 move dracometeor\n>p1 switch 6\n>p1 move playrough\n>p2 switch 5\n>p1 move surf\n>p2 move dragondance\n>p2 switch 3\n>p1 move volttackle\n>p2 move meteorbeam\n>p1 switch 3\n>p2 switch 5\n>p1 move ironhead\n>p2 move dragontail", "uploadtime": 1733856262, "views": 2, "formatid": "gen9randombattle", "rating": 1440, "private": 0, "password": null}