{"id": "gen9randombattle-2260383989", "format": "[Gen 9] Random Battle", "players": ["MancoDelas", "vkkjgvbk"], "log": "|j|\u2606MancoDelas\n|j|\u2606vkkjgvbk\n|t:|1733846288\n|gametype|singles\n|player|p1|MancoDelas|volkner|1184\n|player|p2|vkkjgvbk|169|1171\n|teamsize|p1|6\n|teamsize|p2|6\n|gen|9\n|tier|[Gen 9] Random Battle\n|rated|\n|rule|Species Clause: Limit one of each Pok\u00e9mon\n|rule|HP Percentage Mod: HP is shown in percentages\n|rule|Sleep Clause Mod: Limit one foe put to sleep\n|rule|Illusion Level Mod: Illusion disguises the Pok\u00e9mon's true level\n|\n|t:|1733846288\n|start\n|switch|p1a: Rillaboom|Rillaboom, L79, F|288/288\n|switch|p2a: Qwilfish|Qwilfish, L86, M|252/252\n|-ability|p2a: Qwilfish|Intimidate|boost\n|-unboost|p1a: Rillaboom|atk|1\n|-fieldstart|move: Grassy Terrain|[from] ability: Grassy Surge|[of] p1a: Rillaboom\n|turn|1\n|inactive|Battle timer is ON: inactive players will automatically lose when time's up. (requested by MancoDelas)\n|\n|t:|1733846315\n|move|p2a: Qwilfish|Spikes|p1a: Rillaboom\n|-sidestart|p1: MancoDelas|Spikes\n|move|p1a: Rillaboom|U-turn|p2a: Qwilfish\n|-resisted|p2a: Qwilfish\n|-damage|p2a: Qwilfish|227/252\n|\n|t:|1733846321\n|switch|p1a: Donphan|Donphan, L84, M|288/288|[from] U-turn\n|-damage|p1a: Donphan|252/288|[from] Spikes\n|\n|-heal|p2a: Qwilfish|242/252|[from] Grassy Terrain\n|-heal|p2a: Qwilfish|252/252|[from] item: Leftovers\n|-heal|p1a: Donphan|270/288|[from] Grassy Terrain\n|-heal|p1a: Donphan|288/288|[from] item: Leftovers\n|upkeep\n|turn|2\n|\n|t:|1733846332\n|switch|p2a: Brute Bonnet|Brute Bonnet, L81|312/312\n|move|p1a: Donphan|Stealth Rock|p2a: Brute Bonnet\n|-sidestart|p2: vkkjgvbk|move: Stealth Rock\n|\n|upkeep\n|turn|3\n|\n|t:|1733846336\n|move|p2a: Brute Bonnet|Spore|p1a: Donphan\n|-status|p1a: Donphan|slp|[from] move: Spore\n|cant|p1a: Donphan|slp\n|\n|upkeep\n|turn|4\n|\n|t:|1733846340\n|move|p2a: Brute Bonnet|Seed Bomb|p1a: Donphan\n|-supereffective|p1a: Donphan\n|-damage|p1a: Donphan|84/288 slp\n|cant|p1a: Donphan|slp\n|\n|-heal|p1a: Donphan|102/288 slp|[from] Grassy Terrain\n|-heal|p1a: Donphan|120/288 slp|[from] item: Leftovers\n|upkeep\n|turn|5\n|\n|t:|1733846344\n|move|p2a: Brute Bonnet|Seed Bomb|p1a: Donphan\n|-supereffective|p1a: Donphan\n|-damage|p1a: Donphan|0 fnt\n|faint|p1a: Donphan\n|\n|-fieldend|move: Grassy Terrain\n|upkeep\n|\n|t:|1733846362\n|switch|p1a: Rillaboom|Rillaboom, L79, F|288/288\n|-damage|p1a: Rillaboom|252/288|[from] Spikes\n|-fieldstart|move: Grassy Terrain|[from] ability: Grassy Surge|[of] p1a: Rillaboom\n|turn|6\n|\n|t:|1733846368\n|-end|p2a: Brute Bonnet|Protosynthesis|[silent]\n|switch|p2a: Qwilfish|Qwilfish, L86, M|252/252\n|-damage|p2a: Qwilfish|221/252|[from] Stealth Rock\n|-ability|p2a: Qwilfish|Intimidate|boost\n|-unboost|p1a: Rillaboom|atk|1\n|move|p1a: Rillaboom|U-turn|p2a: Qwilfish\n|-resisted|p2a: Qwilfish\n|-damage|p2a: Qwilfish|195/252\n|\n|t:|1733846374\n|switch|p1a: Wigglytuff|Wigglytuff, L96, M|424/424|[from] U-turn\n|-damage|p1a: Wigglytuff|371/424|[from] Spikes\n|\n|-heal|p2a: Qwilfish|210/252|[from] Grassy Terrain\n|-heal|p2a: Qwilfish|225/252|[from] item: Leftovers\n|-heal|p1a: Wigglytuff|397/424|[from] Grassy Terrain\n|-heal|p1a: Wigglytuff|423/424|[from] item: Leftovers\n|upkeep\n|turn|7\n|\n|t:|1733846383\n|move|p2a: Qwilfish|Gunk Shot|p1a: Wigglytuff|[miss]\n|-miss|p2a: Qwilfish|p1a: Wigglytuff\n|move|p1a: Wigglytuff|Alluring Voice|p2a: Qwilfish\n|-resisted|p2a: Qwilfish\n|-damage|p2a: Qwilfish|156/252\n|\n|-heal|p2a: Qwilfish|171/252|[from] Grassy Terrain\n|-heal|p2a: Qwilfish|186/252|[from] item: Leftovers\n|-heal|p1a: Wigglytuff|424/424|[from] Grassy Terrain\n|upkeep\n|turn|8\n|\n|t:|1733846392\n|move|p2a: Qwilfish|Gunk Shot|p1a: Wigglytuff\n|-supereffective|p1a: Wigglytuff\n|-damage|p1a: Wigglytuff|28/424\n|move|p1a: Wigglytuff|Knock Off|p2a: Qwilfish\n|-damage|p2a: Qwilfish|120/252\n|-enditem|p2a: Qwilfish|Leftovers|[from] move: Knock Off|[of] p1a: Wigglytuff\n|\n|-heal|p2a: Qwilfish|135/252|[from] Grassy Terrain\n|-heal|p1a: Wigglytuff|54/424|[from] Grassy Terrain\n|-heal|p1a: Wigglytuff|80/424|[from] item: Leftovers\n|upkeep\n|turn|9\n|\n|t:|1733846398\n|move|p2a: Qwilfish|Spikes|p1a: Wigglytuff\n|-sidestart|p1: MancoDelas|Spikes\n|move|p1a: Wigglytuff|Thunder Wave|p2a: Qwilfish\n|-status|p2a: Qwilfish|par\n|\n|-heal|p1a: Wigglytuff|106/424|[from] Grassy Terrain\n|-heal|p1a: Wigglytuff|132/424|[from] item: Leftovers\n|-heal|p2a: Qwilfish|150/252 par|[from] Grassy Terrain\n|upkeep\n|turn|10\n|\n|t:|1733846406\n|move|p1a: Wigglytuff|Alluring Voice|p2a: Qwilfish\n|-resisted|p2a: Qwilfish\n|-damage|p2a: Qwilfish|84/252 par\n|move|p2a: Qwilfish|Spikes|p1a: Wigglytuff\n|-sidestart|p1: MancoDelas|Spikes\n|\n|-heal|p1a: Wigglytuff|158/424|[from] Grassy Terrain\n|-heal|p1a: Wigglytuff|184/424|[from] item: Leftovers\n|-heal|p2a: Qwilfish|99/252 par|[from] Grassy Terrain\n|-fieldend|move: Grassy Terrain\n|upkeep\n|turn|11\n|\n|t:|1733846409\n|move|p1a: Wigglytuff|Alluring Voice|p2a: Qwilfish\n|-resisted|p2a: Qwilfish\n|-damage|p2a: Qwilfish|36/252 par\n|move|p2a: Qwilfish|Gunk Shot|p1a: Wigglytuff\n|-supereffective|p1a: Wigglytuff\n|-damage|p1a: Wigglytuff|0 fnt\n|faint|p1a: Wigglytuff\n|\n|upkeep\n|\n|t:|1733846414\n|switch|p1a: Rillaboom|Rillaboom, L79, F|252/288\n|-damage|p1a: Rillaboom|180/288|[from] Spikes\n|-fieldstart|move: Grassy Terrain|[from] ability: Grassy Surge|[of] p1a: Rillaboom\n|turn|12\n|\n|t:|1733846417\n|move|p1a: Rillaboom|Grassy Glide|p2a: Qwilfish\n|-damage|p2a: Qwilfish|0 fnt\n|faint|p2a: Qwilfish\n|\n|-heal|p1a: Rillaboom|198/288|[from] Grassy Terrain\n|upkeep\n|\n|t:|1733846420\n|switch|p2a: Brute Bonnet|Brute Bonnet, L81|312/312\n|-damage|p2a: Brute Bonnet|273/312|[from] Stealth Rock\n|turn|13\n|\n|t:|1733846424\n|switch|p1a: Dachsbun|Dachsbun, L92, F|254/254\n|-damage|p1a: Dachsbun|191/254|[from] Spikes\n|move|p2a: Brute Bonnet|Seed Bomb|p1a: Dachsbun\n|-crit|p1a: Dachsbun\n|-damage|p1a: Dachsbun|41/254\n|\n|-heal|p1a: Dachsbun|56/254|[from] Grassy Terrain\n|-heal|p1a: Dachsbun|71/254|[from] item: Leftovers\n|-heal|p2a: Brute Bonnet|292/312|[from] Grassy Terrain\n|-heal|p2a: Brute Bonnet|311/312|[from] item: Leftovers\n|upkeep\n|turn|14\n|\n|t:|1733846427\n|move|p1a: Dachsbun|Wish|p1a: Dachsbun\n|move|p2a: Brute Bonnet|Seed Bomb|p1a: Dachsbun\n|-damage|p1a: Dachsbun|0 fnt\n|faint|p1a: Dachsbun\n|\n|-heal|p2a: Brute Bonnet|312/312|[from] Grassy Terrain\n|upkeep\n|\n|t:|1733846430\n|switch|p1a: Rillaboom|Rillaboom, L79, F|198/288\n|-damage|p1a: Rillaboom|126/288|[from] Spikes\n|turn|15\n|\n|t:|1733846436\n|move|p1a: Rillaboom|U-turn|p2a: Brute Bonnet\n|-supereffective|p2a: Brute Bonnet\n|-damage|p2a: Brute Bonnet|0 fnt\n|faint|p2a: Brute Bonnet\n|-end|p2a: Brute Bonnet|Protosynthesis|[silent]\n|\n|t:|1733846441\n|switch|p1a: Iron Boulder|Iron Boulder, L77|265/265|[from] U-turn\n|-damage|p1a: Iron Boulder|199/265|[from] Spikes\n|\n|-heal|p1a: Iron Boulder|265/265|[from] move: Wish|[wisher] Dachsbun\n|upkeep\n|\n|t:|1733846444\n|switch|p2a: Hydrapple|Hydrapple, L83, M|312/312\n|-damage|p2a: Hydrapple|273/312|[from] Stealth Rock\n|turn|16\n|\n|t:|1733846450\n|-terastallize|p1a: Iron Boulder|Fighting\n|move|p1a: Iron Boulder|Swords Dance|p1a: Iron Boulder\n|-boost|p1a: Iron Boulder|atk|2\n|move|p2a: Hydrapple|Leaf Storm|p1a: Iron Boulder\n|-damage|p1a: Iron Boulder|0 fnt\n|-unboost|p2a: Hydrapple|spa|2\n|faint|p1a: Iron Boulder\n|-end|p1a: Iron Boulder|Quark Drive|[silent]\n|\n|-heal|p2a: Hydrapple|292/312|[from] Grassy Terrain\n|-fieldend|move: Grassy Terrain\n|upkeep\n|-message|MancoDelas forfeited.\n|\n|win|vkkjgvbk\n|raw|MancoDelas's rating: 1184 &rarr; <strong>1158</strong><br />(-26 for losing)\n|raw|vkkjgvbk's rating: 1171 &rarr; <strong>1197</strong><br />(+26 for winning)\n|l|\u2606MancoDelas\n|player|p1|\n", "inputlog": ">version bfd83cad13791eb5a5a409923076391caf6fb4d4\n>start {\"formatid\":\"gen9randombattle\",\"seed\":[14633,60231,16025,60928],\"rated\":\"Rated battle\"}\n>player p1 {\"name\":\"MancoDelas\",\"avatar\":\"volkner\",\"rating\":1184,\"seed\":[29561,48908,12013,36546]}\n>player p2 {\"name\":\"vkkjgvbk\",\"avatar\":\"169\",\"rating\":1171,\"seed\":[9321,36647,5683,16077]}\n>p1 move uturn\n>p2 move spikes\n>p1 switch 2\n>p1 move stealthrock\n>p2 switch 5\n>p1 move icespinner\n>p2 move spore\n>p1 move rapidspin\n>p2 move seedbomb\n>p1 move rapidspin\n>p2 move seedbomb\n>p1 switch 2\n>p1 move uturn\n>p2 switch 5\n>p1 switch 6\n>p1 move alluringvoice\n>p2 move gunkshot\n>p1 move knockoff\n>p2 move gunkshot\n>p1 move thunderwave\n>p2 move spikes\n>p1 move alluringvoice\n>p2 move spikes\n>p1 move alluringvoice\n>p2 move gunkshot\n>p1 switch 6\n>p1 move grassyglide\n>p2 move gunkshot\n>p2 switch 5\n>p1 switch 4\n>p2 move seedbomb\n>p1 move wish\n>p2 move seedbomb\n>p1 switch 4\n>p1 move uturn\n>p2 move spore\n>p1 switch 5\n>p2 switch 6\n>p1 move swordsdance terastallize\n>p2 move leafstorm\n>forcelose p1", "uploadtime": 1733846462, "views": 2, "formatid": "gen9randombattle", "rating": 1158, "private": 0, "password": null}