{"id": "gen9randombattle-2260823418", "format": "[Gen 9] Random Battle", "players": ["idk582nsu", "RoboWahbit"], "log": "|j|\u2606idk582nsu\n|j|\u2606RoboWahbit\n|t:|1733898579\n|gametype|singles\n|player|p1|idk582nsu|giovanni|1117\n|player|p2|RoboWahbit|101|1089\n|teamsize|p1|6\n|teamsize|p2|6\n|gen|9\n|tier|[Gen 9] Random Battle\n|rated|\n|rule|Species Clause: Limit one of each Pok\u00e9mon\n|rule|HP Percentage Mod: HP is shown in percentages\n|rule|Sleep Clause Mod: Limit one foe put to sleep\n|rule|Illusion Level Mod: Illusion disguises the Pok\u00e9mon's true level\n|\n|t:|1733898579\n|start\n|switch|p1a: Arbok|Arbok, L87, M|246/246\n|switch|p2a: Dudunsparce|Dudunsparce-Three-Segment, L83, M|343/343\n|-ability|p1a: Arbok|Intimidate|boost\n|-unboost|p2a: Dudunsparce|atk|1\n|turn|1\n|c|\u2606RoboWahbit|hf\n|inactive|Battle timer is ON: inactive players will automatically lose when time's up. (requested by RoboWahbit)\n|inactive|idk582nsu has 120 seconds left.\n|\n|t:|1733898628\n|move|p1a: Arbok|Gunk Shot|p2a: Dudunsparce\n|-damage|p2a: Dudunsparce|121/343\n|move|p2a: Dudunsparce|Earthquake|p1a: Arbok\n|-supereffective|p1a: Arbok\n|-damage|p1a: Arbok|132/246\n|\n|-heal|p2a: Dudunsparce|142/343|[from] item: Leftovers\n|upkeep\n|turn|2\n|\n|t:|1733898633\n|switch|p2a: Tinkaton|Tinkaton, L82, F|274/274\n|-ability|p2a: Tinkaton|Mold Breaker\n|move|p1a: Arbok|Gunk Shot|p2a: Tinkaton\n|-immune|p2a: Tinkaton\n|\n|upkeep\n|turn|3\n|\n|t:|1733898637\n|switch|p1a: Clodsire|Clodsire, L81, F|343/343\n|move|p2a: Tinkaton|Swords Dance|p2a: Tinkaton\n|-boost|p2a: Tinkaton|atk|2\n|\n|upkeep\n|turn|4\n|\n|t:|1733898645\n|move|p2a: Tinkaton|Swords Dance|p2a: Tinkaton\n|-boost|p2a: Tinkaton|atk|2\n|move|p1a: Clodsire|Earthquake|p2a: Tinkaton\n|-supereffective|p2a: Tinkaton\n|-damage|p2a: Tinkaton|98/274\n|\n|upkeep\n|turn|5\n|\n|t:|1733898653\n|-terastallize|p1a: Clodsire|Steel\n|move|p2a: Tinkaton|Gigaton Hammer|p1a: Clodsire\n|-resisted|p1a: Clodsire\n|-damage|p1a: Clodsire|15/343\n|-damage|p2a: Tinkaton|71/274|[from] item: Life Orb\n|move|p1a: Clodsire|Earthquake|p2a: Tinkaton\n|-supereffective|p2a: Tinkaton\n|-damage|p2a: Tinkaton|0 fnt\n|faint|p2a: Tinkaton\n|\n|-heal|p1a: Clodsire|36/343|[from] item: Leftovers\n|upkeep\n|\n|t:|1733898653\n|switch|p2a: Regice|Regice, L88|284/284\n|turn|6\n|\n|t:|1733898664\n|switch|p1a: Arbok|Arbok, L87, M|132/246\n|-ability|p1a: Arbok|Intimidate|boost\n|-fail|p2a: Regice|unboost|[from] ability: Clear Body|[of] p2a: Regice\n|move|p2a: Regice|Thunderbolt|p1a: Arbok\n|-damage|p1a: Arbok|53/246\n|\n|upkeep\n|turn|7\n|\n|t:|1733898672\n|switch|p2a: Chandelure|Chandelure, L83, F|235/235\n|move|p1a: Arbok|Knock Off|p2a: Chandelure\n|-supereffective|p2a: Chandelure\n|-damage|p2a: Chandelure|13/235\n|-enditem|p2a: Chandelure|Choice Scarf|[from] move: Knock Off|[of] p1a: Arbok\n|\n|upkeep\n|turn|8\n|\n|t:|1733898678\n|switch|p2a: Clefable|Clefable, L83, F|293/293\n|move|p1a: Arbok|Knock Off|p2a: Clefable\n|-resisted|p2a: Clefable\n|-damage|p2a: Clefable|230/293\n|-enditem|p2a: Clefable|Life Orb|[from] move: Knock Off|[of] p1a: Arbok\n|\n|upkeep\n|turn|9\n|\n|t:|1733898684\n|switch|p1a: Clodsire|Clodsire, L81, F, tera:Steel|36/343\n|move|p2a: Clefable|Moonlight|p2a: Clefable\n|-heal|p2a: Clefable|293/293\n|\n|-heal|p1a: Clodsire|57/343|[from] item: Leftovers\n|upkeep\n|turn|10\n|\n|t:|1733898690\n|move|p2a: Clefable|Fire Blast|p1a: Clodsire\n|-supereffective|p1a: Clodsire\n|-damage|p1a: Clodsire|0 fnt\n|faint|p1a: Clodsire\n|\n|upkeep\n|\n|t:|1733898693\n|switch|p1a: Arbok|Arbok, L87, M|53/246\n|-ability|p1a: Arbok|Intimidate|boost\n|-unboost|p2a: Clefable|atk|1\n|turn|11\n|\n|t:|1733898696\n|switch|p2a: Chandelure|Chandelure, L83, F|13/235\n|move|p1a: Arbok|Gunk Shot|p2a: Chandelure\n|-resisted|p2a: Chandelure\n|-damage|p2a: Chandelure|0 fnt\n|faint|p2a: Chandelure\n|\n|upkeep\n|\n|t:|1733898696\n|switch|p2a: Farigiraf|Farigiraf, L91, F|366/366\n|turn|12\n|\n|t:|1733898699\n|move|p2a: Farigiraf|Protect|p2a: Farigiraf\n|-singleturn|p2a: Farigiraf|Protect\n|move|p1a: Arbok|Gunk Shot|p2a: Farigiraf\n|-activate|p2a: Farigiraf|move: Protect\n|\n|upkeep\n|turn|13\n|\n|t:|1733898706\n|switch|p1a: Azumarill|Azumarill, L82, M|298/298\n|move|p2a: Farigiraf|Hyper Voice|p1a: Azumarill\n|-damage|p1a: Azumarill|172/298\n|\n|upkeep\n|turn|14\n|\n|t:|1733898713\n|move|p2a: Farigiraf|Hyper Voice|p1a: Azumarill\n|-damage|p1a: Azumarill|36/298\n|move|p1a: Azumarill|Liquidation|p2a: Farigiraf\n|-damage|p2a: Farigiraf|206/366\n|\n|-heal|p2a: Farigiraf|228/366|[from] item: Leftovers\n|upkeep\n|turn|15\n|\n|t:|1733898718\n|move|p2a: Farigiraf|Hyper Voice|p1a: Azumarill\n|-damage|p1a: Azumarill|0 fnt\n|faint|p1a: Azumarill\n|\n|-heal|p2a: Farigiraf|250/366|[from] item: Leftovers\n|upkeep\n|\n|t:|1733898728\n|switch|p1a: Whimsicott|Whimsicott, L85, F|241/241\n|turn|16\n|\n|t:|1733898730\n|move|p1a: Whimsicott|Moonblast|p2a: Farigiraf\n|-damage|p2a: Farigiraf|156/366\n|-unboost|p2a: Farigiraf|spa|1\n|move|p2a: Farigiraf|Hyper Voice|p1a: Whimsicott\n|-damage|p1a: Whimsicott|145/241\n|\n|-heal|p1a: Whimsicott|160/241|[from] item: Leftovers\n|-heal|p2a: Farigiraf|178/366|[from] item: Leftovers\n|upkeep\n|turn|17\n|\n|t:|1733898736\n|move|p1a: Whimsicott|Moonblast|p2a: Farigiraf\n|-damage|p2a: Farigiraf|73/366\n|move|p2a: Farigiraf|Hyper Voice|p1a: Whimsicott\n|-crit|p1a: Whimsicott\n|-damage|p1a: Whimsicott|0 fnt\n|faint|p1a: Whimsicott\n|\n|-heal|p2a: Farigiraf|95/366|[from] item: Leftovers\n|upkeep\n|\n|t:|1733898743\n|switch|p1a: Arbok|Arbok, L87, M|53/246\n|-ability|p1a: Arbok|Intimidate|boost\n|-unboost|p2a: Farigiraf|atk|1\n|turn|18\n|\n|t:|1733898744\n|move|p2a: Farigiraf|Protect|p2a: Farigiraf\n|-singleturn|p2a: Farigiraf|Protect\n|move|p1a: Arbok|Knock Off|p2a: Farigiraf\n|-activate|p2a: Farigiraf|move: Protect\n|\n|-heal|p2a: Farigiraf|117/366|[from] item: Leftovers\n|upkeep\n|turn|19\n|\n|t:|1733898746\n|switch|p2a: Clefable|Clefable, L83, F|293/293\n|move|p1a: Arbok|Knock Off|p2a: Clefable\n|-resisted|p2a: Clefable\n|-crit|p2a: Clefable\n|-damage|p2a: Clefable|227/293\n|\n|upkeep\n|turn|20\n|\n|t:|1733898750\n|switch|p1a: Magmortar|Magmortar, L88, M|275/275\n|move|p2a: Clefable|Moonlight|p2a: Clefable\n|-heal|p2a: Clefable|293/293\n|\n|upkeep\n|turn|21\n|\n|t:|1733898759\n|move|p1a: Magmortar|Fire Blast|p2a: Clefable\n|-damage|p2a: Clefable|142/293\n|move|p2a: Clefable|Thunder Wave|p1a: Magmortar\n|-status|p1a: Magmortar|par\n|\n|upkeep\n|turn|22\n|\n|t:|1733898765\n|move|p2a: Clefable|Moonlight|p2a: Clefable\n|-heal|p2a: Clefable|288/293\n|move|p1a: Magmortar|Fire Blast|p2a: Clefable|[miss]\n|-miss|p1a: Magmortar|p2a: Clefable\n|\n|upkeep\n|turn|23\n|\n|t:|1733898770\n|move|p2a: Clefable|Fire Blast|p1a: Magmortar\n|-resisted|p1a: Magmortar\n|-damage|p1a: Magmortar|243/275 par\n|move|p1a: Magmortar|Fire Blast|p2a: Clefable\n|-damage|p2a: Clefable|140/293\n|\n|upkeep\n|turn|24\n|\n|t:|1733898776\n|move|p2a: Clefable|Moonlight|p2a: Clefable\n|-heal|p2a: Clefable|286/293\n|move|p1a: Magmortar|Fire Blast|p2a: Clefable|[miss]\n|-miss|p1a: Magmortar|p2a: Clefable\n|\n|upkeep\n|turn|25\n|\n|t:|1733898781\n|move|p2a: Clefable|Fire Blast|p1a: Magmortar\n|-resisted|p1a: Magmortar\n|-damage|p1a: Magmortar|208/275 par\n|cant|p1a: Magmortar|par\n|\n|upkeep\n|turn|26\n|\n|t:|1733898787\n|move|p2a: Clefable|Fire Blast|p1a: Magmortar|[miss]\n|-miss|p2a: Clefable|p1a: Magmortar\n|move|p1a: Magmortar|Fire Blast|p2a: Clefable|[miss]\n|-miss|p1a: Magmortar|p2a: Clefable\n|\n|upkeep\n|turn|27\n|\n|t:|1733898792\n|move|p2a: Clefable|Fire Blast|p1a: Magmortar|[miss]\n|-miss|p2a: Clefable|p1a: Magmortar\n|move|p1a: Magmortar|Earthquake|p2a: Clefable\n|-damage|p2a: Clefable|192/293\n|\n|upkeep\n|turn|28\n|\n|t:|1733898799\n|move|p2a: Clefable|Fire Blast|p1a: Magmortar|[miss]\n|-miss|p2a: Clefable|p1a: Magmortar\n|cant|p1a: Magmortar|par\n|\n|upkeep\n|turn|29\n|\n|t:|1733898805\n|move|p2a: Clefable|Fire Blast|p1a: Magmortar\n|-resisted|p1a: Magmortar\n|-damage|p1a: Magmortar|175/275 par\n|move|p1a: Magmortar|Earthquake|p2a: Clefable\n|-damage|p2a: Clefable|107/293\n|\n|upkeep\n|turn|30\n|\n|t:|1733898812\n|move|p2a: Clefable|Moonlight|p2a: Clefable\n|-heal|p2a: Clefable|253/293\n|move|p1a: Magmortar|Fire Blast|p2a: Clefable\n|-damage|p2a: Clefable|91/293\n|\n|upkeep\n|turn|31\n|\n|t:|1733898818\n|move|p2a: Clefable|Moonlight|p2a: Clefable\n|-heal|p2a: Clefable|237/293\n|move|p1a: Magmortar|Earthquake|p2a: Clefable\n|-damage|p2a: Clefable|143/293\n|\n|upkeep\n|turn|32\n|\n|t:|1733898823\n|move|p2a: Clefable|Moonlight|p2a: Clefable\n|-heal|p2a: Clefable|289/293\n|move|p1a: Magmortar|Fire Blast|p2a: Clefable\n|-damage|p2a: Clefable|130/293\n|\n|upkeep\n|turn|33\n|\n|t:|1733898829\n|move|p2a: Clefable|Moonlight|p2a: Clefable\n|-heal|p2a: Clefable|276/293\n|move|p1a: Magmortar|Earthquake|p2a: Clefable\n|-damage|p2a: Clefable|191/293\n|\n|upkeep\n|turn|34\n|\n|t:|1733898834\n|move|p2a: Clefable|Moonblast|p1a: Magmortar\n|-resisted|p1a: Magmortar\n|-damage|p1a: Magmortar|130/275 par\n|move|p1a: Magmortar|Fire Blast|p2a: Clefable\n|-damage|p2a: Clefable|40/293\n|\n|upkeep\n|turn|35\n|\n|t:|1733898840\n|move|p2a: Clefable|Moonblast|p1a: Magmortar\n|-resisted|p1a: Magmortar\n|-damage|p1a: Magmortar|90/275 par\n|-unboost|p1a: Magmortar|spa|1\n|move|p1a: Magmortar|Earthquake|p2a: Clefable\n|-damage|p2a: Clefable|0 fnt\n|faint|p2a: Clefable\n|\n|upkeep\n|\n|t:|1733898841\n|switch|p2a: Dudunsparce|Dudunsparce-Three-Segment, L83, M|142/343\n|turn|36\n|\n|t:|1733898848\n|move|p2a: Dudunsparce|Headbutt|p1a: Magmortar\n|-damage|p1a: Magmortar|9/275 par\n|-status|p2a: Dudunsparce|brn|[from] ability: Flame Body|[of] p1a: Magmortar\n|cant|p1a: Magmortar|flinch\n|\n|-heal|p2a: Dudunsparce|163/343 brn|[from] item: Leftovers\n|-damage|p2a: Dudunsparce|142/343 brn|[from] brn\n|upkeep\n|turn|37\n|\n|t:|1733898853\n|move|p2a: Dudunsparce|Roost|p2a: Dudunsparce\n|-heal|p2a: Dudunsparce|314/343 brn\n|-singleturn|p2a: Dudunsparce|move: Roost\n|move|p1a: Magmortar|Focus Blast|p2a: Dudunsparce|[miss]\n|-miss|p1a: Magmortar|p2a: Dudunsparce\n|\n|-heal|p2a: Dudunsparce|335/343 brn|[from] item: Leftovers\n|-damage|p2a: Dudunsparce|314/343 brn|[from] brn\n|upkeep\n|turn|38\n|\n|t:|1733898858\n|switch|p2a: Farigiraf|Farigiraf, L91, F|117/366\n|cant|p1a: Magmortar|par\n|\n|-heal|p2a: Farigiraf|139/366|[from] item: Leftovers\n|upkeep\n|turn|39\n|\n|t:|1733898862\n|move|p2a: Farigiraf|Wish|p2a: Farigiraf\n|cant|p1a: Magmortar|par\n|\n|-heal|p2a: Farigiraf|161/366|[from] item: Leftovers\n|upkeep\n|turn|40\n|\n|t:|1733898865\n|move|p2a: Farigiraf|Hyper Voice|p1a: Magmortar\n|-damage|p1a: Magmortar|0 fnt\n|faint|p1a: Magmortar\n|\n|-heal|p2a: Farigiraf|344/366|[from] move: Wish|[wisher] Farigiraf\n|-heal|p2a: Farigiraf|366/366|[from] item: Leftovers\n|upkeep\n|\n|t:|1733898868\n|switch|p1a: Arbok|Arbok, L87, M|53/246\n|-ability|p1a: Arbok|Intimidate|boost\n|-unboost|p2a: Farigiraf|atk|1\n|turn|41\n|\n|t:|1733898872\n|move|p2a: Farigiraf|Protect|p2a: Farigiraf\n|-singleturn|p2a: Farigiraf|Protect\n|move|p1a: Arbok|Knock Off|p2a: Farigiraf\n|-activate|p2a: Farigiraf|move: Protect\n|\n|upkeep\n|turn|42\n|\n|t:|1733898875\n|switch|p2a: Regice|Regice, L88|284/284\n|move|p1a: Arbok|Knock Off|p2a: Regice\n|-damage|p2a: Regice|187/284\n|-enditem|p2a: Regice|Heavy-Duty Boots|[from] move: Knock Off|[of] p1a: Arbok\n|\n|upkeep\n|turn|43\n|\n|t:|1733898881\n|move|p1a: Arbok|Knock Off|p2a: Regice\n|-damage|p2a: Regice|124/284\n|move|p2a: Regice|Ice Beam|p1a: Arbok\n|-damage|p1a: Arbok|0 fnt\n|faint|p1a: Arbok\n|\n|upkeep\n|\n|t:|1733898885\n|switch|p1a: Toedscruel|Toedscruel, L87, F|281/281\n|turn|44\n|\n|t:|1733898893\n|move|p1a: Toedscruel|Earth Power|p2a: Regice\n|-damage|p2a: Regice|76/284\n|move|p2a: Regice|Ice Beam|p1a: Toedscruel\n|-supereffective|p1a: Toedscruel\n|-damage|p1a: Toedscruel|77/281\n|\n|upkeep\n|turn|45\n|\n|t:|1733898897\n|move|p1a: Toedscruel|Earth Power|p2a: Regice\n|-damage|p2a: Regice|31/284\n|move|p2a: Regice|Ice Beam|p1a: Toedscruel\n|-supereffective|p1a: Toedscruel\n|-damage|p1a: Toedscruel|0 fnt\n|faint|p1a: Toedscruel\n|\n|win|RoboWahbit\n|raw|idk582nsu's rating: 1117 &rarr; <strong>1090</strong><br />(-27 for losing)\n|raw|RoboWahbit's rating: 1089 &rarr; <strong>1118</strong><br />(+29 for winning)\n|c|\u2606RoboWahbit|gg\n", "inputlog": ">version bfd83cad13791eb5a5a409923076391caf6fb4d4\n>start {\"formatid\":\"gen9randombattle\",\"seed\":[28622,23686,41868,36921],\"rated\":\"Rated battle\"}\n>player p1 {\"name\":\"idk582nsu\",\"avatar\":\"giovanni\",\"rating\":1117,\"seed\":[64034,51438,27829,64731]}\n>player p2 {\"name\":\"RoboWahbit\",\"avatar\":\"101\",\"rating\":1089,\"seed\":[43050,19687,12282,42590]}\n>chat \u2606RoboWahbit|hf\n>p1 move gunkshot\n>p2 move earthquake\n>p1 move gunkshot\n>p2 switch 4\n>p1 switch 2\n>p2 move swordsdance\n>p1 move earthquake\n>p2 move swordsdance\n>p1 move earthquake terastallize\n>p2 move gigatonhammer\n>p2 switch 3\n>p1 switch 2\n>p2 move thunderbolt\n>p1 move knockoff\n>p2 switch 5\n>p1 move knockoff\n>p2 switch 2\n>p1 switch 2\n>p2 move moonlight\n>p1 move toxicspikes\n>p2 move fireblast\n>p1 switch 2\n>p1 move gunkshot\n>p2 switch 2\n>p2 switch 6\n>p1 move gunkshot\n>p2 move protect\n>p1 switch 6\n>p2 move hypervoice\n>p1 move liquidation\n>p2 move hypervoice\n>p1 move liquidation\n>p2 move hypervoice\n>p1 switch 5\n>p1 move moonblast\n>p2 move hypervoice\n>p1 move moonblast\n>p2 move hypervoice\n>p1 switch 6\n>p1 move knockoff\n>p2 move protect\n>p1 move knockoff\n>p2 switch 2\n>p1 switch 4\n>p2 move moonlight\n>p1 move fireblast\n>p2 move thunderwave\n>p1 move fireblast\n>p2 move moonlight\n>p1 move fireblast\n>p2 move fireblast\n>p1 move fireblast\n>p2 move moonlight\n>p1 move fireblast\n>p2 move fireblast\n>p1 move fireblast\n>p2 move fireblast\n>p1 move earthquake\n>p2 move fireblast\n>p1 move earthquake\n>p2 move fireblast\n>p1 move earthquake\n>p2 move fireblast\n>p1 move fireblast\n>p2 move moonlight\n>p1 move earthquake\n>p2 move moonlight\n>p1 move fireblast\n>p2 move moonlight\n>p1 move earthquake\n>p2 move moonlight\n>p1 move fireblast\n>p2 move moonblast\n>p1 move earthquake\n>p2 move moonblast\n>p2 switch 4\n>p1 move focusblast\n>p2 move headbutt\n>p1 move focusblast\n>p2 move roost\n>p1 move focusblast\n>p2 switch 2\n>p1 move focusblast\n>p2 move wish\n>p1 move focusblast\n>p2 move hypervoice\n>p1 switch 4\n>p1 move knockoff\n>p2 move protect\n>p1 move knockoff\n>p2 switch 5\n>p1 move knockoff\n>p2 move icebeam\n>p1 switch 3\n>p1 move earthpower\n>p2 move icebeam\n>p1 move earthpower\n>p2 move icebeam", "uploadtime": 1733898898, "views": 1, "formatid": "gen9randombattle", "rating": 1090, "private": 0, "password": null}