{"id": "gen9randombattle-2057618242", "format": "[Gen 9] Random Battle", "players": ["MasterJ007", "MichaelderBeste2"], "log": "|j|\u2606MasterJ007\n|j|\u2606MichaelderBeste2\n|t:|1707750174\n|gametype|singles\n|player|p1|MasterJ007|#rbtt7teamsuicune|2239\n|player|p2|MichaelderBeste2|#rbtt7teamdarkraif|2349\n|teamsize|p1|6\n|teamsize|p2|6\n|gen|9\n|tier|[Gen 9] Random Battle\n|rated|\n|rule|Species Clause: Limit one of each Pok\u00e9mon\n|rule|HP Percentage Mod: HP is shown in percentages\n|rule|Sleep Clause Mod: Limit one foe put to sleep\n|rule|Illusion Level Mod: Illusion disguises the Pok\u00e9mon's true level\n|\n|t:|1707750174\n|start\n|switch|p1a: Solgaleo|Solgaleo, L74|325/325\n|switch|p2a: Froslass|Froslass, L87, F|263/263\n|turn|1\n|inactive|Battle timer is ON: inactive players will automatically lose when time's up. (requested by MasterJ007)\n|\n|t:|1707750201\n|move|p2a: Froslass|Spikes|p1a: Solgaleo\n|-sidestart|p1: MasterJ007|Spikes\n|move|p1a: Solgaleo|Sunsteel Strike|p2a: Froslass\n|-supereffective|p2a: Froslass\n|-crit|p2a: Froslass\n|-damage|p2a: Froslass|0 fnt\n|-start|p1a: Solgaleo|Disable|Sunsteel Strike|[from] ability: Cursed Body|[of] p2a: Froslass\n|faint|p2a: Froslass\n|\n|upkeep\n|\n|t:|1707750209\n|switch|p2a: Pachirisu|Pachirisu, L95, F|268/268\n|turn|2\n|\n|t:|1707750213\n|switch|p1a: Plusle|Plusle, L94, M|265/265\n|-damage|p1a: Plusle|232/265|[from] Spikes\n|move|p2a: Pachirisu|Super Fang|p1a: Plusle\n|-damage|p1a: Plusle|116/265\n|\n|upkeep\n|turn|3\n|\n|t:|1707750221\n|move|p2a: Pachirisu|Super Fang|p1a: Plusle\n|-damage|p1a: Plusle|58/265\n|move|p1a: Plusle|Nasty Plot|p1a: Plusle\n|-boost|p1a: Plusle|spa|2\n|\n|upkeep\n|turn|4\n|\n|t:|1707750227\n|move|p2a: Pachirisu|Encore|p1a: Plusle\n|-start|p1a: Plusle|Encore\n|move|p1a: Plusle|Nasty Plot|p1a: Plusle\n|-boost|p1a: Plusle|spa|2\n|\n|upkeep\n|turn|5\n|\n|t:|1707750231\n|move|p2a: Pachirisu|Super Fang|p1a: Plusle\n|-damage|p1a: Plusle|29/265\n|move|p1a: Plusle|Nasty Plot|p1a: Plusle\n|-boost|p1a: Plusle|spa|2\n|\n|upkeep\n|turn|6\n|\n|t:|1707750233\n|move|p2a: Pachirisu|U-turn|p1a: Plusle\n|-damage|p1a: Plusle|0 fnt\n|faint|p1a: Plusle\n|\n|t:|1707750234\n|switch|p2a: Heracross|Heracross, L80, F|259/259|[from] U-turn\n|\n|-status|p2a: Heracross|brn|[from] item: Flame Orb\n|upkeep\n|inactive|MasterJ007 has 120 seconds left.\n|\n|t:|1707750267\n|switch|p1a: Arcanine|Arcanine-Hisui, L82, M|290/290\n|-damage|p1a: Arcanine|254/290|[from] Spikes\n|turn|7\n|inactive|MasterJ007 has 120 seconds left.\n|\n|t:|1707750282\n|-terastallize|p2a: Heracross|Normal\n|move|p1a: Arcanine|Head Smash|p2a: Heracross|[miss]\n|-miss|p1a: Arcanine|p2a: Heracross\n|move|p2a: Heracross|Close Combat|p1a: Arcanine\n|-supereffective|p1a: Arcanine\n|-damage|p1a: Arcanine|0 fnt\n|-unboost|p2a: Heracross|def|1\n|-unboost|p2a: Heracross|spd|1\n|faint|p1a: Arcanine\n|\n|-damage|p2a: Heracross|243/259 brn|[from] brn\n|upkeep\n|inactive|MasterJ007 has 120 seconds left.\n|c|\u2606MasterJ007|:(\n|\n|t:|1707750312\n|switch|p1a: Solgaleo|Solgaleo, L74|325/325\n|-damage|p1a: Solgaleo|285/325|[from] Spikes\n|turn|8\n|\n|t:|1707750320\n|move|p1a: Solgaleo|Close Combat|p2a: Heracross\n|-supereffective|p2a: Heracross\n|-damage|p2a: Heracross|0 fnt\n|-unboost|p1a: Solgaleo|def|1\n|-unboost|p1a: Solgaleo|spd|1\n|faint|p2a: Heracross\n|\n|-heal|p1a: Solgaleo|305/325|[from] item: Leftovers\n|upkeep\n|\n|t:|1707750328\n|switch|p2a: Landorus|Landorus, L75, M|257/257\n|turn|9\n|\n|t:|1707750333\n|switch|p1a: Basculegion|Basculegion-F, L84, F|339/339\n|-damage|p1a: Basculegion|297/339|[from] Spikes\n|move|p2a: Landorus|Earth Power|p1a: Basculegion\n|-damage|p1a: Basculegion|183/339\n|\n|upkeep\n|turn|10\n|j| Popowito\n|inactive|MasterJ007 has 120 seconds left.\n|\n|t:|1707750354\n|switch|p2a: Cinccino|Cinccino, L83, F|260/260\n|move|p1a: Basculegion|Hydro Pump|p2a: Cinccino\n|-crit|p2a: Cinccino\n|-damage|p2a: Cinccino|0 fnt\n|faint|p2a: Cinccino\n|\n|upkeep\n|\n|t:|1707750359\n|switch|p2a: Pawmot|Pawmot, L80, F|243/243\n|turn|11\n|inactive|MasterJ007 has 120 seconds left.\n|\n|t:|1707750401\n|move|p2a: Pawmot|Double Shock|p1a: Basculegion\n|-supereffective|p1a: Basculegion\n|-damage|p1a: Basculegion|0 fnt\n|-start|p2a: Pawmot|typechange|???/Fighting|[from] move: Double Shock\n|faint|p1a: Basculegion\n|-damage|p2a: Pawmot|219/243|[from] item: Life Orb\n|\n|upkeep\n|\n|t:|1707750403\n|switch|p1a: Solgaleo|Solgaleo, L74|305/325\n|-damage|p1a: Solgaleo|265/325|[from] Spikes\n|turn|12\n|\n|t:|1707750409\n|move|p2a: Pawmot|Volt Switch|p1a: Solgaleo\n|-damage|p1a: Solgaleo|210/325\n|-damage|p2a: Pawmot|195/243|[from] item: Life Orb\n|\n|t:|1707750410\n|switch|p2a: Landorus|Landorus, L75, M|257/257|[from] Volt Switch\n|move|p1a: Solgaleo|Psychic Fangs|p2a: Landorus\n|-damage|p2a: Landorus|160/257\n|\n|-heal|p1a: Solgaleo|230/325|[from] item: Leftovers\n|upkeep\n|turn|13\n|inactive|MasterJ007 has 120 seconds left.\n|\n|t:|1707750416\n|switch|p1a: Frosmoth|Frosmoth, L83, F|252/252\n|move|p2a: Landorus|Earth Power|p1a: Frosmoth\n|-resisted|p1a: Frosmoth\n|-damage|p1a: Frosmoth|215/252\n|\n|upkeep\n|turn|14\n|inactive|MasterJ007 has 120 seconds left.\n|l|\u2606MasterJ007\n|inactive|MasterJ007 disconnected and has a minute to reconnect!\n|player|p1|\n|j|\u2606MasterJ007\n|inactive|MasterJ007 reconnected and has 110 seconds left.\n|player|p1|MasterJ007|#rbtt7teamsuicune\n|inactive|MichaelderBeste2 has 120 seconds left.\n|\n|t:|1707750460\n|move|p2a: Landorus|Rock Slide|p1a: Frosmoth\n|-supereffective|p1a: Frosmoth\n|-damage|p1a: Frosmoth|0 fnt\n|faint|p1a: Frosmoth\n|\n|upkeep\n|inactive|MasterJ007 has 90 seconds left.\n|inactive|MasterJ007 has 60 seconds left.\n|\n|t:|1707750521\n|switch|p1a: Solgaleo|Solgaleo, L74|230/325\n|-damage|p1a: Solgaleo|190/325|[from] Spikes\n|turn|15\n|inactive|MasterJ007 has 30 seconds left.\n|\n|t:|1707750548\n|-terastallize|p1a: Solgaleo|Water\n|move|p2a: Landorus|Earth Power|p1a: Solgaleo\n|-damage|p1a: Solgaleo|21/325\n|move|p1a: Solgaleo|Sunsteel Strike|p2a: Landorus\n|-damage|p2a: Landorus|39/257\n|\n|-heal|p1a: Solgaleo|41/325|[from] item: Leftovers\n|upkeep\n|turn|16\n|inactive|MasterJ007 has 30 seconds left.\n|\n|t:|1707750559\n|move|p2a: Landorus|Earth Power|p1a: Solgaleo\n|-damage|p1a: Solgaleo|0 fnt\n|faint|p1a: Solgaleo\n|\n|upkeep\n|inactive|MasterJ007 has 30 seconds left.\n|\n|t:|1707750572\n|switch|p1a: Zangoose|Zangoose, L86, M|266/266\n|-damage|p1a: Zangoose|233/266|[from] Spikes\n|turn|17\n|-message|MasterJ007 forfeited.\n|\n|win|MichaelderBeste2\n|raw|MasterJ007's rating: 2239 &rarr; <strong>2225</strong><br />(-14 for losing)\n|raw|MichaelderBeste2's rating: 2349 &rarr; <strong>2363</strong><br />(+14 for winning)\n|l|\u2606MasterJ007\n|player|p1|\n|l|\u2606MichaelderBeste2\n|player|p2|\n", "inputlog": ">version cce7fd9c7b33e33b7bf67a1ea1345e63f3bc0045\n>start {\"formatid\":\"gen9randombattle\",\"seed\":[61918,56282,61521,39770],\"rated\":\"Rated battle\"}\n>player p1 {\"name\":\"MasterJ007\",\"avatar\":\"#rbtt7teamsuicune\",\"rating\":2239,\"seed\":[45828,52252,7986,48926]}\n>player p2 {\"name\":\"MichaelderBeste2\",\"avatar\":\"#rbtt7teamdarkraif\",\"rating\":2349,\"seed\":[2537,35541,63428,20271]}\n>p1 move sunsteelstrike\n>p2 move spikes\n>p2 switch 6\n>p1 switch 3\n>p2 move superfang\n>p1 move nastyplot\n>p2 move superfang\n>p1 move alluringvoice\n>p2 move encore\n>p1 move nastyplot\n>p2 move superfang\n>p1 move nastyplot\n>p2 move uturn\n>p2 switch 5\n>p1 switch 2\n>p1 move headsmash\n>p2 move closecombat terastallize\n>chat \u2606MasterJ007|:(\n>p1 switch 3\n>p1 move closecombat\n>p2 move closecombat\n>p2 switch 2\n>p1 switch 5\n>p2 move earthpower\n>p1 move hydropump\n>p2 switch 4\n>p2 switch 3\n>p1 move flipturn\n>p2 move doubleshock\n>p1 switch 5\n>p1 move psychicfangs\n>p2 move voltswitch\n>p2 switch 4\n>p1 switch 6\n>p2 move earthpower\n>p1 move quiverdance\n>p2 move rockslide\n>p1 switch 6\n>p1 move sunsteelstrike terastallize\n>p2 move earthpower\n>p1 move sunsteelstrike\n>p2 move earthpower\n>p1 switch 4\n>forcelose p1", "uploadtime": 1707750791, "views": 272, "formatid": "gen9randombattle", "rating": 2225, "private": 0, "password": null}