{"id": "gen9randombattle-2219629671", "format": "[Gen 9] Random Battle", "players": ["Vitoran", "YveltalNL"], "log": "|badge|p1|silver|gen9randombattle|30-3\n|uhtml|medal-msg|<div class=\"broadcast-blue\">Curious what those medals under the avatar are? PS now has Ladder Seasons! For more information, check out the <a href=\"https://www.smogon.com/forums/threads/3740067/\">thread on Smogon.</a></div>\n|badge|p2|silver|gen9randombattle|30-3\n|uhtml|medal-msg|<div class=\"broadcast-blue\">Curious what those medals under the avatar are? PS now has Ladder Seasons! For more information, check out the <a href=\"https://www.smogon.com/forums/threads/3740067/\">thread on Smogon.</a></div>\n|j|\u2606Vitoran\n|j|\u2606YveltalNL\n|t:|1728513960\n|gametype|singles\n|player|p1|Vitoran|nemona-v|2355\n|player|p2|YveltalNL|#yveltalnl|2390\n|teamsize|p1|6\n|teamsize|p2|6\n|gen|9\n|tier|[Gen 9] Random Battle\n|rated|\n|rule|Species Clause: Limit one of each Pok\u00e9mon\n|rule|HP Percentage Mod: HP is shown in percentages\n|rule|Sleep Clause Mod: Limit one foe put to sleep\n|rule|Illusion Level Mod: Illusion disguises the Pok\u00e9mon's true level\n|\n|t:|1728513960\n|start\n|switch|p1a: Swanna|Swanna, L88, F|275/275\n|switch|p2a: Toxapex|Toxapex, L82, M|216/216\n|turn|1\n|inactive|Battle timer is ON: inactive players will automatically lose when time's up. (requested by Vitoran)\n|c|\u2606Vitoran|glhf\n|c|\u2606YveltalNL|u2\n|\n|t:|1728513987\n|switch|p1a: Goodra|Goodra-Hisui, L82, M|265/265\n|move|p2a: Toxapex|Toxic|p1a: Goodra\n|-immune|p1a: Goodra\n|\n|upkeep\n|turn|2\n|\n|t:|1728513998\n|move|p2a: Toxapex|Liquidation|p1a: Goodra\n|-resisted|p1a: Goodra\n|-damage|p1a: Goodra|233/265\n|move|p1a: Goodra|Dragon Tail|p2a: Toxapex\n|-damage|p2a: Toxapex|170/216\n|drag|p2a: Azelf|Azelf, L82|257/257\n|\n|upkeep\n|turn|3\n|\n|t:|1728514007\n|switch|p2a: Toxapex|Toxapex, L82, M|216/216\n|move|p1a: Goodra|Heavy Slam|p2a: Toxapex\n|-resisted|p2a: Toxapex\n|-damage|p2a: Toxapex|176/216\n|\n|-heal|p2a: Toxapex|189/216|[from] item: Leftovers\n|upkeep\n|turn|4\n|\n|t:|1728514012\n|move|p1a: Goodra|Earthquake|p2a: Toxapex\n|-supereffective|p2a: Toxapex\n|-damage|p2a: Toxapex|101/216\n|move|p2a: Toxapex|Liquidation|p1a: Goodra\n|-resisted|p1a: Goodra\n|-damage|p1a: Goodra|203/265\n|-unboost|p1a: Goodra|def|1\n|\n|-heal|p2a: Toxapex|114/216|[from] item: Leftovers\n|upkeep\n|turn|5\n|\n|t:|1728514019\n|move|p1a: Goodra|Heavy Slam|p2a: Toxapex\n|-resisted|p2a: Toxapex\n|-damage|p2a: Toxapex|75/216\n|move|p2a: Toxapex|Recover|p2a: Toxapex\n|-heal|p2a: Toxapex|183/216\n|\n|-heal|p2a: Toxapex|196/216|[from] item: Leftovers\n|upkeep\n|turn|6\n|\n|t:|1728514025\n|switch|p2a: Azelf|Azelf, L82|257/257\n|move|p1a: Goodra|Earthquake|p2a: Azelf\n|-immune|p2a: Azelf|[from] ability: Levitate\n|\n|upkeep\n|turn|7\n|\n|t:|1728514036\n|move|p2a: Azelf|Knock Off|p1a: Goodra\n|-damage|p1a: Goodra|59/265\n|-enditem|p1a: Goodra|Assault Vest|[from] move: Knock Off|[of] p2a: Azelf\n|-damage|p2a: Azelf|232/257|[from] item: Life Orb\n|move|p1a: Goodra|Heavy Slam|p2a: Azelf\n|-damage|p2a: Azelf|90/257\n|\n|upkeep\n|turn|8\n|\n|t:|1728514042\n|move|p2a: Azelf|Knock Off|p1a: Goodra\n|-damage|p1a: Goodra|0 fnt\n|faint|p1a: Goodra\n|-damage|p2a: Azelf|65/257|[from] item: Life Orb\n|\n|upkeep\n|\n|t:|1728514053\n|switch|p1a: Swanna|Swanna, L88, F|275/275\n|turn|9\n|\n|t:|1728514058\n|switch|p2a: Toxapex|Toxapex, L82, M|216/216\n|move|p1a: Swanna|Brave Bird|p2a: Toxapex\n|-damage|p2a: Toxapex|137/216\n|-damage|p1a: Swanna|249/275|[from] Recoil\n|\n|-heal|p2a: Toxapex|150/216|[from] item: Leftovers\n|upkeep\n|turn|10\n|\n|t:|1728514069\n|switch|p1a: Quagsire|Quagsire, L84, M|297/297\n|move|p2a: Toxapex|Toxic|p1a: Quagsire\n|-status|p1a: Quagsire|tox\n|\n|-heal|p2a: Toxapex|163/216|[from] item: Leftovers\n|-damage|p1a: Quagsire|279/297 tox|[from] psn\n|upkeep\n|turn|11\n|\n|t:|1728514075\n|switch|p2a: Azelf|Azelf, L82|65/257\n|move|p1a: Quagsire|Spikes|p2a: Azelf\n|-sidestart|p2: YveltalNL|Spikes\n|\n|-heal|p1a: Quagsire|297/297 tox|[from] item: Leftovers\n|-damage|p1a: Quagsire|261/297 tox|[from] psn\n|upkeep\n|turn|12\n|\n|t:|1728514079\n|move|p2a: Azelf|Psychic|p1a: Quagsire\n|-damage|p1a: Quagsire|76/297 tox\n|-damage|p2a: Azelf|40/257|[from] item: Life Orb\n|move|p1a: Quagsire|Ice Beam|p2a: Azelf\n|-damage|p2a: Azelf|0 fnt\n|faint|p2a: Azelf\n|\n|-heal|p1a: Quagsire|94/297 tox|[from] item: Leftovers\n|-damage|p1a: Quagsire|40/297 tox|[from] psn\n|upkeep\n|\n|t:|1728514095\n|switch|p2a: Iron Hands|Iron Hands, L79|373/373\n|-damage|p2a: Iron Hands|327/373|[from] Spikes\n|turn|13\n|\n|t:|1728514104\n|move|p2a: Iron Hands|Drain Punch|p1a: Quagsire\n|-damage|p1a: Quagsire|0 fnt\n|-heal|p2a: Iron Hands|347/373|[from] drain|[of] p1a: Quagsire\n|faint|p1a: Quagsire\n|\n|upkeep\n|\n|t:|1728514132\n|switch|p1a: Skeledirge|Skeledirge, L79, M|294/294\n|turn|14\n|\n|t:|1728514145\n|-end|p2a: Iron Hands|Quark Drive|[silent]\n|switch|p2a: Toxapex|Toxapex, L82, M|216/216\n|-damage|p2a: Toxapex|189/216|[from] Spikes\n|move|p1a: Skeledirge|Torch Song|p2a: Toxapex\n|-resisted|p2a: Toxapex\n|-damage|p2a: Toxapex|160/216\n|-boost|p1a: Skeledirge|spa|1\n|\n|-heal|p2a: Toxapex|173/216|[from] item: Leftovers\n|upkeep\n|turn|15\n|\n|t:|1728514151\n|move|p1a: Skeledirge|Shadow Ball|p2a: Toxapex\n|-damage|p2a: Toxapex|82/216\n|move|p2a: Toxapex|Haze|p2a: Toxapex\n|-clearallboost\n|\n|-heal|p2a: Toxapex|95/216|[from] item: Leftovers\n|upkeep\n|turn|16\n|\n|t:|1728514163\n|move|p1a: Skeledirge|Torch Song|p2a: Toxapex\n|-resisted|p2a: Toxapex\n|-damage|p2a: Toxapex|68/216\n|-boost|p1a: Skeledirge|spa|1\n|move|p2a: Toxapex|Toxic|p1a: Skeledirge\n|-status|p1a: Skeledirge|tox\n|\n|-heal|p2a: Toxapex|81/216|[from] item: Leftovers\n|-damage|p1a: Skeledirge|276/294 tox|[from] psn\n|upkeep\n|turn|17\n|\n|t:|1728514175\n|switch|p2a: Iron Hands|Iron Hands, L79|347/373\n|-damage|p2a: Iron Hands|301/373|[from] Spikes\n|move|p1a: Skeledirge|Torch Song|p2a: Iron Hands\n|-damage|p2a: Iron Hands|187/373\n|-boost|p1a: Skeledirge|spa|1\n|\n|-damage|p1a: Skeledirge|240/294 tox|[from] psn\n|upkeep\n|turn|18\n|\n|t:|1728514185\n|move|p1a: Skeledirge|Torch Song|p2a: Iron Hands\n|-damage|p2a: Iron Hands|45/373\n|-boost|p1a: Skeledirge|spa|1\n|move|p2a: Iron Hands|Thunder Punch|p1a: Skeledirge\n|-damage|p1a: Skeledirge|155/294 tox\n|\n|-damage|p1a: Skeledirge|101/294 tox|[from] psn\n|upkeep\n|turn|19\n|\n|t:|1728514191\n|move|p1a: Skeledirge|Torch Song|p2a: Iron Hands\n|-damage|p2a: Iron Hands|0 fnt\n|-boost|p1a: Skeledirge|spa|1\n|faint|p2a: Iron Hands\n|-end|p2a: Iron Hands|Quark Drive|[silent]\n|\n|-damage|p1a: Skeledirge|29/294 tox|[from] psn\n|upkeep\n|\n|t:|1728514208\n|switch|p2a: Feraligatr|Feraligatr, L79, M|264/264\n|-damage|p2a: Feraligatr|231/264|[from] Spikes\n|turn|20\n|\n|t:|1728514212\n|move|p2a: Feraligatr|Crunch|p1a: Skeledirge\n|-supereffective|p1a: Skeledirge\n|-damage|p1a: Skeledirge|0 fnt\n|faint|p1a: Skeledirge\n|\n|upkeep\n|\n|t:|1728514236\n|switch|p1a: Zarude|Zarude-Dada, L78|292/292\n|turn|21\n|\n|t:|1728514240\n|switch|p2a: Noivern|Noivern, L82, F|274/274\n|move|p1a: Zarude|Power Whip|p2a: Noivern\n|-resisted|p2a: Noivern\n|-damage|p2a: Noivern|238/274\n|\n|upkeep\n|turn|22\n|\n|t:|1728514255\n|switch|p1a: Swanna|Swanna, L88, F|249/275\n|move|p2a: Noivern|Hurricane|p1a: Swanna|[miss]\n|-miss|p2a: Noivern|p1a: Swanna\n|\n|upkeep\n|turn|23\n|\n|t:|1728514266\n|move|p2a: Noivern|Draco Meteor|p1a: Swanna\n|-damage|p1a: Swanna|93/275\n|-unboost|p2a: Noivern|spa|2\n|move|p1a: Swanna|Brave Bird|p2a: Noivern\n|-damage|p2a: Noivern|90/274\n|-damage|p1a: Swanna|44/275|[from] Recoil\n|\n|upkeep\n|turn|24\n|\n|t:|1728514271\n|move|p2a: Noivern|Draco Meteor|p1a: Swanna\n|-damage|p1a: Swanna|0 fnt\n|-unboost|p2a: Noivern|spa|2\n|faint|p1a: Swanna\n|\n|upkeep\n|\n|t:|1728514274\n|switch|p1a: Magcargo|Magcargo, L95, F|268/268\n|turn|25\n|\n|t:|1728514283\n|switch|p2a: Toxapex|Toxapex, L82, M|153/216\n|-damage|p2a: Toxapex|126/216|[from] Spikes\n|move|p1a: Magcargo|Shell Smash|p1a: Magcargo\n|-unboost|p1a: Magcargo|def|1\n|-unboost|p1a: Magcargo|spd|1\n|-boost|p1a: Magcargo|atk|2\n|-boost|p1a: Magcargo|spa|2\n|-boost|p1a: Magcargo|spe|2\n|\n|-heal|p2a: Toxapex|139/216|[from] item: Leftovers\n|upkeep\n|turn|26\n|\n|t:|1728514290\n|switch|p2a: Noivern|Noivern, L82, F|90/274\n|move|p1a: Magcargo|Earth Power|p2a: Noivern\n|-immune|p2a: Noivern\n|\n|upkeep\n|turn|27\n|\n|t:|1728514295\n|move|p2a: Noivern|Draco Meteor|p1a: Magcargo\n|-damage|p1a: Magcargo|96/268\n|-unboost|p2a: Noivern|spa|2\n|move|p1a: Magcargo|Shell Smash|p1a: Magcargo\n|-unboost|p1a: Magcargo|def|1\n|-unboost|p1a: Magcargo|spd|1\n|-boost|p1a: Magcargo|atk|2\n|-boost|p1a: Magcargo|spa|2\n|-boost|p1a: Magcargo|spe|2\n|\n|upkeep\n|turn|28\n|\n|t:|1728514307\n|move|p1a: Magcargo|Power Gem|p2a: Noivern\n|-supereffective|p2a: Noivern\n|-damage|p2a: Noivern|0 fnt\n|faint|p2a: Noivern\n|\n|upkeep\n|\n|t:|1728514320\n|switch|p2a: Toxapex|Toxapex, L82, M|211/216\n|-damage|p2a: Toxapex|184/216|[from] Spikes\n|turn|29\n|c|\u2606YveltalNL|to tera or not to tera\n|c|\u2606YveltalNL|that is the question\n|c|\u2606Vitoran|always exhaust\n|\n|t:|1728514343\n|-terastallize|p2a: Toxapex|Grass\n|move|p1a: Magcargo|Power Gem|p2a: Toxapex\n|-damage|p2a: Toxapex|0 fnt\n|faint|p2a: Toxapex\n|\n|upkeep\n|c|\u2606Vitoran|good try to bait tho\n|inactive|YveltalNL has 120 seconds left.\n|c|\u2606Vitoran|i respect it\n|c|\u2606YveltalNL|oh that just kills fair enough\n|c|\u2606YveltalNL|bro what do you want me to do lol\n|c|\u2606YveltalNL|gg\n|-message|YveltalNL forfeited.\n|\n|win|Vitoran\n|raw|Vitoran's rating: 2355 &rarr; <strong>2377</strong><br />(+22 for winning)\n|raw|YveltalNL's rating: 2390 &rarr; <strong>2368</strong><br />(-22 for losing)\n|c|\u2606Vitoran|gg\n|c|\u2606Vitoran|i thought you were baiting\n|c|\u2606Vitoran|tera steel\n|c|\u2606Vitoran|tbf\n|c|\u2606YveltalNL|valid\n|l|\u2606YveltalNL\n|player|p2|\n", "inputlog": ">version 07a496376195f222b7c6b2699e264b68c37d3bc4\n>start {\"formatid\":\"gen9randombattle\",\"seed\":[57643,19854,6675,12840],\"rated\":\"Rated battle\"}\n>player p1 {\"name\":\"Vitoran\",\"avatar\":\"nemona-v\",\"rating\":2355,\"seed\":[12381,29985,3406,61873]}\n>player p2 {\"name\":\"YveltalNL\",\"avatar\":\"#yveltalnl\",\"rating\":2390,\"seed\":[15138,4971,18073,49131]}\n>chat \u2606Vitoran|glhf\n>chat \u2606YveltalNL|u2\n>p1 switch 6\n>p2 move toxic\n>p1 move dragontail\n>p2 move liquidation\n>p1 move heavyslam\n>p2 switch 6\n>p1 move earthquake\n>p2 move liquidation\n>p1 move heavyslam\n>p2 move recover\n>p1 move earthquake\n>p2 switch 6\n>p1 move heavyslam\n>p2 move knockoff\n>p1 move heavyslam\n>p2 move knockoff\n>p1 switch 6\n>p1 move bravebird\n>p2 switch 6\n>p1 switch 3\n>p2 move toxic\n>p1 move spikes\n>p2 switch 6\n>p1 move icebeam\n>p2 move psychic\n>p2 switch 5\n>p1 move earthquake\n>p2 move drainpunch\n>p1 switch 2\n>p1 move torchsong\n>p2 switch 6\n>p1 move shadowball\n>p2 move haze\n>p1 move torchsong\n>p2 move toxic\n>p1 move torchsong\n>p2 switch 6\n>p1 move torchsong\n>p2 move thunderpunch\n>p1 move torchsong\n>p2 move thunderpunch\n>p2 switch 2\n>p1 move shadowball\n>p2 move crunch\n>p1 switch 5\n>p1 move powerwhip\n>p2 switch 4\n>p1 switch 3\n>p2 move hurricane\n>p1 move bravebird\n>p2 move dracometeor\n>p1 move bravebird\n>p2 move dracometeor\n>p1 switch 4\n>p1 move shellsmash\n>p2 switch 6\n>p1 move earthpower\n>p2 switch 6\n>p1 move shellsmash\n>p2 move dracometeor\n>p1 move powergem\n>p2 move dracometeor\n>p2 switch 6\n>chat \u2606YveltalNL|to tera or not to tera\n>chat \u2606YveltalNL|that is the question\n>chat \u2606Vitoran|always exhaust\n>p1 move powergem\n>p2 move haze terastallize\n>chat \u2606Vitoran|good try to bait tho\n>chat \u2606Vitoran|i respect it\n>chat \u2606YveltalNL|oh that just kills fair enough\n>chat \u2606YveltalNL|bro what do you want me to do lol\n>chat \u2606YveltalNL|gg\n>forcelose p2", "uploadtime": 1728514383, "views": 65, "formatid": "gen9randombattle", "rating": 2368, "private": 0, "password": null}