{"id": "gen9randombattle-2260535116", "format": "[Gen 9] Random Battle", "players": ["testgerbfyebruce", "Fvkboycharmander"], "log": "|j|\u2606testgerbfyebruce\n|j|\u2606Fvkboycharmander\n|t:|1733861035\n|gametype|singles\n|player|p1|testgerbfyebruce|102|1844\n|player|p2|Fvkboycharmander|265|1842\n|teamsize|p1|6\n|teamsize|p2|6\n|gen|9\n|tier|[Gen 9] Random Battle\n|rated|\n|rule|Species Clause: Limit one of each Pok\u00e9mon\n|rule|HP Percentage Mod: HP is shown in percentages\n|rule|Sleep Clause Mod: Limit one foe put to sleep\n|rule|Illusion Level Mod: Illusion disguises the Pok\u00e9mon's true level\n|\n|t:|1733861035\n|start\n|switch|p1a: Hitmontop|Hitmontop, L88, M|231/231\n|switch|p2a: Vileplume|Vileplume, L85, M|266/266\n|-ability|p1a: Hitmontop|Intimidate|boost\n|-unboost|p2a: Vileplume|atk|1\n|turn|1\n|\n|t:|1733861057\n|switch|p1a: Latias|Latias, L79, F|256/256\n|move|p2a: Vileplume|Strength Sap|p1a: Latias\n|-unboost|p1a: Latias|atk|1\n|\n|upkeep\n|turn|2\n|\n|t:|1733861068\n|switch|p2a: Gholdengo|Gholdengo, L77|261/261\n|move|p1a: Latias|Psyshock|p2a: Gholdengo\n|-resisted|p2a: Gholdengo\n|-damage|p2a: Gholdengo|213/261\n|\n|-heal|p2a: Gholdengo|229/261|[from] item: Leftovers\n|upkeep\n|turn|3\n|\n|t:|1733861075\n|switch|p1a: Frosmoth|Frosmoth, L82, F|249/249\n|move|p2a: Gholdengo|Nasty Plot|p2a: Gholdengo\n|-boost|p2a: Gholdengo|spa|2\n|\n|-heal|p2a: Gholdengo|245/261|[from] item: Leftovers\n|upkeep\n|turn|4\n|\n|t:|1733861094\n|switch|p1a: Hitmontop|Hitmontop, L88, M|231/231\n|-ability|p1a: Hitmontop|Intimidate|boost\n|-unboost|p2a: Gholdengo|atk|1\n|move|p2a: Gholdengo|Make It Rain|p1a: Hitmontop\n|-crit|p1a: Hitmontop\n|-damage|p1a: Hitmontop|15/231\n|-unboost|p2a: Gholdengo|spa|1\n|\n|-heal|p2a: Gholdengo|261/261|[from] item: Leftovers\n|upkeep\n|turn|5\n|\n|t:|1733861102\n|move|p1a: Hitmontop|Sucker Punch|p2a: Gholdengo\n|-supereffective|p2a: Gholdengo\n|-damage|p2a: Gholdengo|151/261\n|move|p2a: Gholdengo|Shadow Ball|p1a: Hitmontop\n|-damage|p1a: Hitmontop|0 fnt\n|faint|p1a: Hitmontop\n|\n|-heal|p2a: Gholdengo|167/261|[from] item: Leftovers\n|upkeep\n|\n|t:|1733861106\n|switch|p1a: Falinks|Falinks, L84|246/246\n|turn|6\n|\n|t:|1733861111\n|move|p2a: Gholdengo|Shadow Ball|p1a: Falinks\n|-crit|p1a: Falinks\n|-damage|p1a: Falinks|0 fnt\n|faint|p1a: Falinks\n|\n|-heal|p2a: Gholdengo|183/261|[from] item: Leftovers\n|upkeep\n|c|\u2606testgerbfyebruce|Gj\n|\n|t:|1733861121\n|switch|p1a: Terapagos|Terapagos, L76, F|262/262\n|-activate|p1a: Terapagos|ability: Tera Shift\n|detailschange|p1a: Terapagos|Terapagos-Terastal, L76, F\n|-heal|p1a: Terapagos|269/269|[silent]\n|turn|7\n|\n|t:|1733861131\n|move|p2a: Gholdengo|Make It Rain|p1a: Terapagos\n|-activate|p1a: Terapagos|ability: Tera Shell\n|-resisted|p1a: Terapagos\n|-damage|p1a: Terapagos|170/269\n|-unboost|p2a: Gholdengo|spa|1\n|move|p1a: Terapagos|Dark Pulse|p2a: Gholdengo\n|-supereffective|p2a: Gholdengo\n|-damage|p2a: Gholdengo|71/261\n|\n|-heal|p2a: Gholdengo|87/261|[from] item: Leftovers\n|upkeep\n|turn|8\n|\n|t:|1733861141\n|move|p2a: Gholdengo|Make It Rain|p1a: Terapagos\n|-damage|p1a: Terapagos|37/269\n|-unboost|p2a: Gholdengo|spa|1\n|move|p1a: Terapagos|Calm Mind|p1a: Terapagos\n|-boost|p1a: Terapagos|spa|1\n|-boost|p1a: Terapagos|spd|1\n|\n|-heal|p2a: Gholdengo|103/261|[from] item: Leftovers\n|upkeep\n|turn|9\n|\n|t:|1733861156\n|-terastallize|p1a: Terapagos|Stellar\n|detailschange|p1a: Terapagos|Terapagos-Stellar, L76, F, tera:Stellar\n|-heal|p1a: Terapagos|136/368|[silent]\n|move|p2a: Gholdengo|Make It Rain|p1a: Terapagos\n|-damage|p1a: Terapagos|79/368\n|-unboost|p2a: Gholdengo|spa|1\n|move|p1a: Terapagos|Rest|p1a: Terapagos\n|-status|p1a: Terapagos|slp|[from] move: Rest\n|-heal|p1a: Terapagos|368/368 slp|[silent]\n|-enditem|p1a: Terapagos|Chesto Berry|[eat]\n|-curestatus|p1a: Terapagos|slp|[msg]\n|\n|-heal|p2a: Gholdengo|119/261|[from] item: Leftovers\n|upkeep\n|turn|10\n|\n|t:|1733861165\n|move|p2a: Gholdengo|Make It Rain|p1a: Terapagos\n|-damage|p1a: Terapagos|323/368\n|-unboost|p2a: Gholdengo|spa|1\n|move|p1a: Terapagos|Dark Pulse|p2a: Gholdengo\n|-supereffective|p2a: Gholdengo\n|-damage|p2a: Gholdengo|0 fnt\n|faint|p2a: Gholdengo\n|\n|upkeep\n|\n|t:|1733861190\n|switch|p2a: Vileplume|Vileplume, L85, M|266/266\n|turn|11\n|\n|t:|1733861193\n|move|p1a: Terapagos|Tera Starstorm|p2a: Vileplume\n|-damage|p2a: Vileplume|106/266\n|move|p2a: Vileplume|Leech Seed|p1a: Terapagos|[miss]\n|-miss|p2a: Vileplume|p1a: Terapagos\n|\n|-heal|p2a: Vileplume|122/266|[from] item: Leftovers\n|upkeep\n|turn|12\n|\n|t:|1733861206\n|switch|p2a: Heatran|Heatran, L79, M|273/273\n|-item|p2a: Heatran|Air Balloon\n|move|p1a: Terapagos|Tera Starstorm|p2a: Heatran\n|-damage|p2a: Heatran|131/273\n|-enditem|p2a: Heatran|Air Balloon\n|\n|upkeep\n|turn|13\n|\n|t:|1733861214\n|move|p1a: Terapagos|Tera Starstorm|p2a: Heatran\n|-damage|p2a: Heatran|0 fnt\n|faint|p2a: Heatran\n|\n|upkeep\n|\n|t:|1733861220\n|switch|p2a: Conkeldurr|Conkeldurr, L80, F|299/299\n|turn|14\n|\n|t:|1733861253\n|switch|p1a: Mudsdale|Mudsdale, L84, F|305/305\n|move|p2a: Conkeldurr|Close Combat|p1a: Mudsdale\n|-damage|p1a: Mudsdale|163/305\n|-unboost|p2a: Conkeldurr|def|1\n|-unboost|p2a: Conkeldurr|spd|1\n|-ability|p1a: Mudsdale|Stamina|boost\n|-boost|p1a: Mudsdale|def|1\n|\n|-heal|p1a: Mudsdale|182/305|[from] item: Leftovers\n|-status|p2a: Conkeldurr|brn|[from] item: Flame Orb\n|upkeep\n|turn|15\n|\n|t:|1733861263\n|move|p2a: Conkeldurr|Close Combat|p1a: Mudsdale\n|-damage|p1a: Mudsdale|46/305\n|-unboost|p2a: Conkeldurr|def|1\n|-unboost|p2a: Conkeldurr|spd|1\n|-ability|p1a: Mudsdale|Stamina|boost\n|-boost|p1a: Mudsdale|def|1\n|move|p1a: Mudsdale|Earthquake|p2a: Conkeldurr\n|-damage|p2a: Conkeldurr|65/299 brn\n|\n|-heal|p1a: Mudsdale|65/305|[from] item: Leftovers\n|-damage|p2a: Conkeldurr|47/299 brn|[from] brn\n|upkeep\n|turn|16\n|\n|t:|1733861268\n|move|p2a: Conkeldurr|Close Combat|p1a: Mudsdale\n|-damage|p1a: Mudsdale|0 fnt\n|-unboost|p2a: Conkeldurr|def|1\n|-unboost|p2a: Conkeldurr|spd|1\n|faint|p1a: Mudsdale\n|\n|-damage|p2a: Conkeldurr|29/299 brn|[from] brn\n|upkeep\n|\n|t:|1733861282\n|switch|p1a: Latias|Latias, L79, F|256/256\n|turn|17\n|\n|t:|1733861292\n|move|p2a: Conkeldurr|Mach Punch|p1a: Latias\n|-resisted|p1a: Latias\n|-damage|p1a: Latias|211/256\n|move|p1a: Latias|Psyshock|p2a: Conkeldurr\n|-supereffective|p2a: Conkeldurr\n|-damage|p2a: Conkeldurr|0 fnt\n|faint|p2a: Conkeldurr\n|\n|upkeep\n|\n|t:|1733861299\n|switch|p2a: Golem|Golem, L87, M|281/281\n|turn|18\n|\n|t:|1733861307\n|move|p1a: Latias|Calm Mind|p1a: Latias\n|-boost|p1a: Latias|spa|1\n|-boost|p1a: Latias|spd|1\n|move|p2a: Golem|Rock Polish|p2a: Golem\n|-boost|p2a: Golem|spe|2\n|\n|upkeep\n|turn|19\n|\n|t:|1733861314\n|move|p2a: Golem|Explosion|p1a: Latias\n|-damage|p1a: Latias|0 fnt\n|faint|p2a: Golem\n|faint|p1a: Latias\n|\n|upkeep\n|\n|t:|1733861320\n|switch|p1a: Frosmoth|Frosmoth, L82, F|249/249\n|switch|p2a: Vileplume|Vileplume, L85, M|122/266\n|turn|20\n|\n|t:|1733861325\n|-terastallize|p2a: Vileplume|Water\n|move|p1a: Frosmoth|Ice Beam|p2a: Vileplume\n|-resisted|p2a: Vileplume\n|-crit|p2a: Vileplume\n|-damage|p2a: Vileplume|38/266\n|move|p2a: Vileplume|Leech Seed|p1a: Frosmoth|[miss]\n|-miss|p2a: Vileplume|p1a: Frosmoth\n|\n|-heal|p2a: Vileplume|54/266|[from] item: Leftovers\n|upkeep\n|turn|21\n|\n|t:|1733861334\n|move|p1a: Frosmoth|Giga Drain|p2a: Vileplume\n|-supereffective|p2a: Vileplume\n|-damage|p2a: Vileplume|0 fnt\n|faint|p2a: Vileplume\n|\n|upkeep\n|\n|t:|1733861336\n|switch|p2a: Comfey|Comfey, L85, F|225/225\n|turn|22\n|\n|t:|1733861340\n|move|p2a: Comfey|Calm Mind|p2a: Comfey\n|-boost|p2a: Comfey|spa|1\n|-boost|p2a: Comfey|spd|1\n|move|p1a: Frosmoth|Quiver Dance|p1a: Frosmoth\n|-boost|p1a: Frosmoth|spa|1\n|-boost|p1a: Frosmoth|spd|1\n|-boost|p1a: Frosmoth|spe|1\n|\n|upkeep\n|turn|23\n|\n|t:|1733861355\n|move|p1a: Frosmoth|Quiver Dance|p1a: Frosmoth\n|-boost|p1a: Frosmoth|spa|1\n|-boost|p1a: Frosmoth|spd|1\n|-boost|p1a: Frosmoth|spe|1\n|move|p2a: Comfey|Calm Mind|p2a: Comfey\n|-boost|p2a: Comfey|spa|1\n|-boost|p2a: Comfey|spd|1\n|\n|upkeep\n|turn|24\n|\n|t:|1733861358\n|move|p1a: Frosmoth|Quiver Dance|p1a: Frosmoth\n|-boost|p1a: Frosmoth|spa|1\n|-boost|p1a: Frosmoth|spd|1\n|-boost|p1a: Frosmoth|spe|1\n|move|p2a: Comfey|Calm Mind|p2a: Comfey\n|-boost|p2a: Comfey|spa|1\n|-boost|p2a: Comfey|spd|1\n|\n|upkeep\n|turn|25\n|\n|t:|1733861359\n|move|p1a: Frosmoth|Quiver Dance|p1a: Frosmoth\n|-boost|p1a: Frosmoth|spa|1\n|-boost|p1a: Frosmoth|spd|1\n|-boost|p1a: Frosmoth|spe|1\n|move|p2a: Comfey|Calm Mind|p2a: Comfey\n|-boost|p2a: Comfey|spa|1\n|-boost|p2a: Comfey|spd|1\n|\n|upkeep\n|turn|26\n|\n|t:|1733861361\n|move|p1a: Frosmoth|Quiver Dance|p1a: Frosmoth\n|-boost|p1a: Frosmoth|spa|1\n|-boost|p1a: Frosmoth|spd|1\n|-boost|p1a: Frosmoth|spe|1\n|move|p2a: Comfey|Calm Mind|p2a: Comfey\n|-boost|p2a: Comfey|spa|1\n|-boost|p2a: Comfey|spd|1\n|\n|upkeep\n|turn|27\n|\n|t:|1733861364\n|move|p1a: Frosmoth|Quiver Dance|p1a: Frosmoth\n|-boost|p1a: Frosmoth|spa|1\n|-boost|p1a: Frosmoth|spd|1\n|-boost|p1a: Frosmoth|spe|1\n|move|p2a: Comfey|Calm Mind|p2a: Comfey\n|-boost|p2a: Comfey|spa|1\n|-boost|p2a: Comfey|spd|1\n|\n|upkeep\n|turn|28\n|\n|t:|1733861367\n|move|p2a: Comfey|Draining Kiss|p1a: Frosmoth\n|-damage|p1a: Frosmoth|227/249\n|move|p1a: Frosmoth|Ice Beam|p2a: Comfey\n|-damage|p2a: Comfey|128/225\n|-status|p2a: Comfey|frz\n|\n|-heal|p2a: Comfey|142/225 frz|[from] item: Leftovers\n|upkeep\n|turn|29\n|\n|t:|1733861372\n|cant|p2a: Comfey|frz\n|move|p1a: Frosmoth|Ice Beam|p2a: Comfey\n|-damage|p2a: Comfey|52/225 frz\n|\n|-heal|p2a: Comfey|66/225 frz|[from] item: Leftovers\n|upkeep\n|turn|30\n|\n|t:|1733861374\n|cant|p2a: Comfey|frz\n|move|p1a: Frosmoth|Ice Beam|p2a: Comfey\n|-damage|p2a: Comfey|0 fnt\n|faint|p2a: Comfey\n|\n|win|testgerbfyebruce\n|raw|testgerbfyebruce's rating: 1844 &rarr; <strong>1864</strong><br />(+20 for winning)\n|raw|Fvkboycharmander's rating: 1842 &rarr; <strong>1822</strong><br />(-20 for losing)\n|l|\u2606Fvkboycharmander\n|player|p2|\n", "inputlog": ">version bfd83cad13791eb5a5a409923076391caf6fb4d4\n>start {\"formatid\":\"gen9randombattle\",\"seed\":[53187,18299,49521,18123],\"rated\":\"Rated battle\"}\n>player p1 {\"name\":\"testgerbfyebruce\",\"avatar\":\"102\",\"rating\":1844,\"seed\":[24429,37207,61788,47847]}\n>player p2 {\"name\":\"Fvkboycharmander\",\"avatar\":\"265\",\"rating\":1842,\"seed\":[3359,44739,58148,35225]}\n>p1 switch 3\n>p2 move strengthsap\n>p1 move psyshock\n>p2 switch 2\n>p1 switch 4\n>p2 move nastyplot\n>p1 switch 3\n>p2 move makeitrain\n>p1 move suckerpunch\n>p2 move shadowball\n>p1 switch 5\n>p1 move knockoff\n>p2 move shadowball\n>chat \u2606testgerbfyebruce|Gj\n>p1 switch 6\n>p1 move darkpulse\n>p2 move makeitrain\n>p1 move calmmind\n>p2 move makeitrain\n>p1 move rest terastallize\n>p2 move makeitrain\n>p1 move darkpulse\n>p2 move makeitrain\n>p2 switch 2\n>p1 move terastarstorm\n>p2 move leechseed\n>p1 move terastarstorm\n>p2 switch 5\n>p1 move terastarstorm\n>p2 move flashcannon\n>p2 switch 3\n>p1 switch 2\n>p2 move closecombat\n>p1 move earthquake\n>p2 move closecombat\n>p1 move earthquake\n>p2 move closecombat\n>p1 switch 4\n>p1 move psyshock\n>p2 move machpunch\n>p2 switch 6\n>p1 move calmmind\n>p2 move rockpolish\n>p1 move psyshock\n>p2 move explosion\n>p1 switch 3\n>p2 switch 5\n>p1 move icebeam\n>p2 move leechseed terastallize\n>p1 move gigadrain\n>p2 move leechseed\n>p2 switch 4\n>p1 move quiverdance\n>p2 move calmmind\n>p1 move quiverdance\n>p2 move calmmind\n>p1 move quiverdance\n>p2 move calmmind\n>p1 move quiverdance\n>p2 move calmmind\n>p1 move quiverdance\n>p2 move calmmind\n>p1 move quiverdance\n>p2 move calmmind\n>p1 move icebeam\n>p2 move drainingkiss\n>p1 move icebeam\n>p2 move drainingkiss\n>p1 move icebeam\n>p2 move synthesis", "uploadtime": 1733861380, "views": 12, "formatid": "gen9randombattle", "rating": 1822, "private": 0, "password": null}