{"id": "gen9randombattle-2260802870", "format": "[Gen 9] Random Battle", "players": ["ugewiu", "JOTAELERV"], "log": "|j|\u2606ugewiu\n|j|\u2606JOTAELERV\n|t:|1733894712\n|gametype|singles\n|player|p1|ugewiu|169|1126\n|player|p2|JOTAELERV|2|1075\n|teamsize|p1|6\n|teamsize|p2|6\n|gen|9\n|tier|[Gen 9] Random Battle\n|rated|\n|rule|Species Clause: Limit one of each Pok\u00e9mon\n|rule|HP Percentage Mod: HP is shown in percentages\n|rule|Sleep Clause Mod: Limit one foe put to sleep\n|rule|Illusion Level Mod: Illusion disguises the Pok\u00e9mon's true level\n|\n|t:|1733894712\n|start\n|switch|p1a: Stonjourner|Stonjourner, L91, M|330/330\n|switch|p2a: Rampardos|Rampardos, L90, F|321/321\n|turn|1\n|\n|t:|1733894761\n|switch|p1a: Slowking|Slowking, L88, M|310/310\n|switch|p2a: Regirock|Regirock, L83|268/268\n|\n|upkeep\n|turn|2\n|\n|t:|1733894776\n|switch|p2a: Exeggutor|Exeggutor, L89, F|312/312\n|move|p1a: Slowking|Scald|p2a: Exeggutor\n|-resisted|p2a: Exeggutor\n|-damage|p2a: Exeggutor|261/312\n|\n|upkeep\n|turn|3\n|\n|t:|1733894791\n|switch|p1a: Altaria|Altaria, L88, M|275/275\n|move|p2a: Exeggutor|Giga Drain|p1a: Altaria\n|-resisted|p1a: Altaria\n|-damage|p1a: Altaria|251/275\n|-heal|p2a: Exeggutor|273/312|[from] drain|[of] p1a: Altaria\n|\n|upkeep\n|turn|4\n|inactive|Battle timer is ON: inactive players will automatically lose when time's up. (requested by ugewiu)\n|\n|t:|1733894817\n|switch|p2a: Regirock|Regirock, L83|268/268\n|move|p1a: Altaria|Dragon Dance|p1a: Altaria\n|-boost|p1a: Altaria|atk|1\n|-boost|p1a: Altaria|spe|1\n|\n|upkeep\n|turn|5\n|\n|t:|1733894843\n|move|p1a: Altaria|Earthquake|p2a: Regirock\n|-supereffective|p2a: Regirock\n|-damage|p2a: Regirock|176/268\n|move|p2a: Regirock|Stone Edge|p1a: Altaria\n|-supereffective|p1a: Altaria\n|-damage|p1a: Altaria|45/275\n|\n|-heal|p2a: Regirock|192/268|[from] item: Leftovers\n|upkeep\n|turn|6\n|\n|t:|1733894862\n|move|p1a: Altaria|Roost|p1a: Altaria\n|-heal|p1a: Altaria|183/275\n|-singleturn|p1a: Altaria|move: Roost\n|move|p2a: Regirock|Stone Edge|p1a: Altaria\n|-damage|p1a: Altaria|87/275\n|\n|-heal|p2a: Regirock|208/268|[from] item: Leftovers\n|upkeep\n|turn|7\n|\n|t:|1733894878\n|move|p1a: Altaria|Roost|p1a: Altaria\n|-heal|p1a: Altaria|225/275\n|-singleturn|p1a: Altaria|move: Roost\n|move|p2a: Regirock|Thunder Wave|p1a: Altaria\n|-status|p1a: Altaria|par\n|\n|-heal|p2a: Regirock|224/268|[from] item: Leftovers\n|upkeep\n|turn|8\n|inactive|ugewiu has 120 seconds left.\n|\n|t:|1733894902\n|-curestatus|p1a: Altaria|par|[from] ability: Natural Cure\n|switch|p1a: Slowking|Slowking, L88, M|310/310\n|move|p2a: Regirock|Stone Edge|p1a: Slowking\n|-damage|p1a: Slowking|201/310\n|\n|-heal|p2a: Regirock|240/268|[from] item: Leftovers\n|upkeep\n|turn|9\n|\n|t:|1733894918\n|switch|p2a: Reuniclus|Reuniclus, L88, M|337/337\n|move|p1a: Slowking|Future Sight|p2a: Reuniclus\n|-start|p1a: Slowking|move: Future Sight\n|\n|upkeep\n|turn|10\n|\n|t:|1733894929\n|switch|p1a: Stonjourner|Stonjourner, L91, M|330/330\n|move|p2a: Reuniclus|Calm Mind|p2a: Reuniclus\n|-boost|p2a: Reuniclus|spa|1\n|-boost|p2a: Reuniclus|spd|1\n|\n|upkeep\n|turn|11\n|\n|t:|1733894942\n|-terastallize|p2a: Reuniclus|Fighting\n|move|p1a: Stonjourner|Stone Edge|p2a: Reuniclus\n|-resisted|p2a: Reuniclus\n|-damage|p2a: Reuniclus|228/337\n|-damage|p1a: Stonjourner|297/330|[from] item: Life Orb\n|move|p2a: Reuniclus|Focus Blast|p1a: Stonjourner\n|-supereffective|p1a: Stonjourner\n|-damage|p1a: Stonjourner|0 fnt\n|faint|p1a: Stonjourner\n|\n|-end|p2a: Reuniclus|move: Future Sight\n|-supereffective|p2a: Reuniclus\n|-damage|p2a: Reuniclus|42/337\n|upkeep\n|inactive|ugewiu has 120 seconds left.\n|\n|t:|1733894964\n|switch|p1a: Altaria|Altaria, L88, M|225/275\n|turn|12\n|\n|t:|1733894988\n|move|p1a: Altaria|Brave Bird|p2a: Reuniclus\n|-supereffective|p2a: Reuniclus\n|-damage|p2a: Reuniclus|0 fnt\n|faint|p2a: Reuniclus\n|-damage|p1a: Altaria|211/275|[from] Recoil\n|\n|upkeep\n|inactive|JOTAELERV has 120 seconds left.\n|\n|t:|1733895006\n|switch|p2a: Regirock|Regirock, L83|240/268\n|turn|13\n|inactive|JOTAELERV has 120 seconds left.\n|inactive|ugewiu has 120 seconds left.\n|inactive|ugewiu has 90 seconds left.\n|inactive|ugewiu has 60 seconds left.\n|c|\u2606JOTAELERV|come on\n|c|\u2606JOTAELERV|dont be pussii\n|inactive|ugewiu has 30 seconds left.\n|inactive|ugewiu has 20 seconds left.\n|inactive|ugewiu has 15 seconds left.\n|inactive|ugewiu has 10 seconds left.\n|inactive|ugewiu has 5 seconds left.\n|c|\u2606JOTAELERV|puddy\n|n|!JOTAELERV|jotaelerv\n|-message|ugewiu lost due to inactivity.\n|\n|win|JOTAELERV\n", "inputlog": ">version bfd83cad13791eb5a5a409923076391caf6fb4d4\n>start {\"formatid\":\"gen9randombattle\",\"seed\":[64756,57126,37846,42098],\"rated\":\"Rated battle\"}\n>player p1 {\"name\":\"ugewiu\",\"avatar\":\"169\",\"rating\":1126,\"seed\":[12470,20377,8540,50224]}\n>player p2 {\"name\":\"JOTAELERV\",\"avatar\":\"2\",\"rating\":1075,\"seed\":[63424,65395,57801,63795]}\n>p1 switch 6\n>p2 switch 2\n>p1 move scald\n>p2 switch 3\n>p1 switch 3\n>p2 move gigadrain\n>p1 move dragondance\n>p2 switch 3\n>p1 move earthquake\n>p2 move stoneedge\n>p1 move roost\n>p2 move stoneedge\n>p1 move roost\n>p2 move thunderwave\n>p1 switch 3\n>p2 move stoneedge\n>p1 move futuresight\n>p2 switch 4\n>p1 switch 6\n>p2 move calmmind\n>p1 move stoneedge\n>p2 move focusblast terastallize\n>p1 switch 3\n>p1 move bravebird\n>p2 move recover\n>p2 switch 4\n>chat \u2606JOTAELERV|come on \n>chat \u2606JOTAELERV|dont be pussii\n>chat \u2606JOTAELERV|puddy\n>chat \u2606JOTAELERV|pussy\n>forcelose p1", "uploadtime": 1733895139, "views": 1, "formatid": "gen9randombattle", "rating": null, "private": 0, "password": null}