{"id": "gen9randombattle-2260831156", "format": "[Gen 9] Random Battle", "players": ["fifachu", "ahgf"], "log": "|j|\u2606fifachu\n|j|\u2606ahgf\n|t:|1733900135\n|gametype|singles\n|player|p1|fifachu|170|1571\n|player|p2|ahgf|102|1611\n|teamsize|p1|6\n|teamsize|p2|6\n|gen|9\n|tier|[Gen 9] Random Battle\n|rated|\n|rule|Species Clause: Limit one of each Pok\u00e9mon\n|rule|HP Percentage Mod: HP is shown in percentages\n|rule|Sleep Clause Mod: Limit one foe put to sleep\n|rule|Illusion Level Mod: Illusion disguises the Pok\u00e9mon's true level\n|\n|t:|1733900135\n|start\n|switch|p1a: Salamence|Salamence, L77, M|273/273\n|switch|p2a: Qwilfish|Qwilfish-Hisui, L83, F|244/244\n|-ability|p2a: Qwilfish|Intimidate|boost\n|-unboost|p1a: Salamence|atk|1\n|turn|1\n|inactive|Battle timer is ON: inactive players will automatically lose when time's up. (requested by ahgf)\n|\n|t:|1733900179\n|switch|p1a: Magearna|Magearna-Original, L77|250/250\n|switch|p2a: Azelf|Azelf, L82|257/257\n|\n|upkeep\n|turn|2\n|\n|t:|1733900192\n|move|p2a: Azelf|Nasty Plot|p2a: Azelf\n|-boost|p2a: Azelf|spa|2\n|move|p1a: Magearna|Thunder Wave|p2a: Azelf\n|-status|p2a: Azelf|par\n|\n|upkeep\n|turn|3\n|inactive|fifachu has 120 seconds left.\n|\n|t:|1733900240\n|move|p1a: Magearna|Flash Cannon|p2a: Azelf\n|-damage|p2a: Azelf|157/257 par\n|cant|p2a: Azelf|par\n|\n|upkeep\n|turn|4\n|\n|t:|1733900245\n|move|p1a: Magearna|Fleur Cannon|p2a: Azelf\n|-damage|p2a: Azelf|0 fnt\n|-unboost|p1a: Magearna|spa|2\n|faint|p2a: Azelf\n|-ability|p1a: Magearna|Soul-Heart|boost\n|-boost|p1a: Magearna|spa|1\n|\n|upkeep\n|\n|t:|1733900255\n|switch|p2a: Ceruledge|Ceruledge, L78, F|245/245\n|turn|5\n|\n|t:|1733900261\n|move|p2a: Ceruledge|Swords Dance|p2a: Ceruledge\n|-boost|p2a: Ceruledge|atk|2\n|move|p1a: Magearna|Thunder Wave|p2a: Ceruledge\n|-status|p2a: Ceruledge|par\n|\n|upkeep\n|turn|6\n|\n|t:|1733900265\n|switch|p1a: Incineroar|Incineroar, L82, M|290/290\n|-ability|p1a: Incineroar|Intimidate|boost\n|-unboost|p2a: Ceruledge|atk|1\n|cant|p2a: Ceruledge|par\n|\n|upkeep\n|turn|7\n|\n|t:|1733900273\n|switch|p1a: Girafarig|Girafarig, L89, M|269/269\n|switch|p2a: Qwilfish|Qwilfish-Hisui, L83, F|244/244\n|-ability|p2a: Qwilfish|Intimidate|boost\n|-unboost|p1a: Girafarig|atk|1\n|\n|upkeep\n|turn|8\n|\n|t:|1733900289\n|switch|p1a: Magearna|Magearna-Original, L77|250/250\n|move|p2a: Qwilfish|Crunch|p1a: Magearna\n|-resisted|p1a: Magearna\n|-damage|p1a: Magearna|216/250\n|\n|-heal|p1a: Magearna|231/250|[from] item: Leftovers\n|upkeep\n|turn|9\n|\n|t:|1733900296\n|switch|p2a: Gastrodon|Gastrodon-East, L86, F|331/331\n|move|p1a: Magearna|Flash Cannon|p2a: Gastrodon\n|-resisted|p2a: Gastrodon\n|-damage|p2a: Gastrodon|287/331\n|\n|-heal|p1a: Magearna|246/250|[from] item: Leftovers\n|-heal|p2a: Gastrodon|307/331|[from] item: Leftovers\n|upkeep\n|turn|10\n|\n|t:|1733900312\n|switch|p1a: Girafarig|Girafarig, L89, M|269/269\n|move|p2a: Gastrodon|Earthquake|p1a: Girafarig\n|-damage|p1a: Girafarig|184/269\n|\n|-heal|p2a: Gastrodon|327/331|[from] item: Leftovers\n|upkeep\n|turn|11\n|\n|t:|1733900335\n|switch|p2a: Qwilfish|Qwilfish-Hisui, L83, F|244/244\n|-ability|p2a: Qwilfish|Intimidate|boost\n|-unboost|p1a: Girafarig|atk|1\n|move|p1a: Girafarig|Psychic|p2a: Qwilfish\n|-immune|p2a: Qwilfish\n|\n|upkeep\n|turn|12\n|\n|t:|1733900345\n|switch|p1a: Magearna|Magearna-Original, L77|246/250\n|move|p2a: Qwilfish|Crunch|p1a: Magearna\n|-resisted|p1a: Magearna\n|-damage|p1a: Magearna|211/250\n|\n|-heal|p1a: Magearna|226/250|[from] item: Leftovers\n|upkeep\n|turn|13\n|\n|t:|1733900360\n|switch|p2a: Ceruledge|Ceruledge, L78, F|245/245 par\n|move|p1a: Magearna|Fleur Cannon|p2a: Ceruledge\n|-resisted|p2a: Ceruledge\n|-damage|p2a: Ceruledge|171/245 par\n|-unboost|p1a: Magearna|spa|2\n|\n|-heal|p1a: Magearna|241/250|[from] item: Leftovers\n|upkeep\n|turn|14\n|\n|t:|1733900371\n|switch|p1a: Incineroar|Incineroar, L82, M|290/290\n|-ability|p1a: Incineroar|Intimidate|boost\n|-unboost|p2a: Ceruledge|atk|1\n|switch|p2a: Gastrodon|Gastrodon-East, L86, F|327/331\n|\n|-heal|p2a: Gastrodon|331/331|[from] item: Leftovers\n|upkeep\n|turn|15\n|\n|t:|1733900381\n|move|p1a: Incineroar|Trailblaze|p2a: Gastrodon\n|-supereffective|p2a: Gastrodon\n|-damage|p2a: Gastrodon|143/331\n|-boost|p1a: Incineroar|spe|1\n|move|p2a: Gastrodon|Stealth Rock|p1a: Incineroar\n|-sidestart|p1: fifachu|move: Stealth Rock\n|\n|-heal|p2a: Gastrodon|163/331|[from] item: Leftovers\n|upkeep\n|turn|16\n|\n|t:|1733900392\n|-terastallize|p2a: Gastrodon|Steel\n|move|p1a: Incineroar|Trailblaze|p2a: Gastrodon\n|-resisted|p2a: Gastrodon\n|-damage|p2a: Gastrodon|141/331\n|-boost|p1a: Incineroar|spe|1\n|move|p2a: Gastrodon|Recover|p2a: Gastrodon\n|-heal|p2a: Gastrodon|307/331\n|\n|-heal|p2a: Gastrodon|327/331|[from] item: Leftovers\n|upkeep\n|turn|17\n|\n|t:|1733900402\n|switch|p2a: Qwilfish|Qwilfish-Hisui, L83, F|244/244\n|-ability|p2a: Qwilfish|Intimidate|boost\n|-unboost|p1a: Incineroar|atk|1\n|move|p1a: Incineroar|Swords Dance|p1a: Incineroar\n|-boost|p1a: Incineroar|atk|2\n|\n|upkeep\n|turn|18\n|\n|t:|1733900412\n|move|p1a: Incineroar|Knock Off|p2a: Qwilfish\n|-resisted|p2a: Qwilfish\n|-crit|p2a: Qwilfish\n|-damage|p2a: Qwilfish|163/244\n|-enditem|p2a: Qwilfish|Eviolite|[from] move: Knock Off|[of] p1a: Incineroar\n|move|p2a: Qwilfish|Toxic Spikes|p1a: Incineroar\n|-sidestart|p1: fifachu|move: Toxic Spikes\n|\n|upkeep\n|turn|19\n|\n|t:|1733900427\n|move|p1a: Incineroar|Swords Dance|p1a: Incineroar\n|-boost|p1a: Incineroar|atk|2\n|move|p2a: Qwilfish|Spikes|p1a: Incineroar\n|-sidestart|p1: fifachu|Spikes\n|\n|upkeep\n|turn|20\n|\n|t:|1733900444\n|move|p1a: Incineroar|Flare Blitz|p2a: Qwilfish\n|-damage|p2a: Qwilfish|0 fnt\n|faint|p2a: Qwilfish\n|-damage|p1a: Incineroar|236/290|[from] Recoil\n|\n|upkeep\n|inactive|ahgf has 120 seconds left.\n|\n|t:|1733900483\n|switch|p2a: Baxcalibur|Baxcalibur, L75, M|295/295\n|turn|21\n|\n|t:|1733900504\n|move|p1a: Incineroar|Knock Off|p2a: Baxcalibur\n|-damage|p2a: Baxcalibur|0 fnt\n|-enditem|p2a: Baxcalibur|Loaded Dice|[from] move: Knock Off|[of] p1a: Incineroar\n|faint|p2a: Baxcalibur\n|\n|upkeep\n|\n|t:|1733900509\n|switch|p2a: Fezandipiti|Fezandipiti, L82, M|278/278\n|turn|22\n|\n|t:|1733900519\n|move|p1a: Incineroar|Flare Blitz|p2a: Fezandipiti\n|-damage|p2a: Fezandipiti|0 fnt\n|faint|p2a: Fezandipiti\n|-damage|p1a: Incineroar|144/290|[from] Recoil\n|\n|upkeep\n|\n|t:|1733900522\n|switch|p2a: Ceruledge|Ceruledge, L78, F|171/245 par\n|turn|23\n|\n|t:|1733900536\n|move|p1a: Incineroar|Knock Off|p2a: Ceruledge\n|-supereffective|p2a: Ceruledge\n|-damage|p2a: Ceruledge|0 fnt\n|-enditem|p2a: Ceruledge|Heavy-Duty Boots|[from] move: Knock Off|[of] p1a: Incineroar\n|faint|p2a: Ceruledge\n|\n|upkeep\n|\n|t:|1733900538\n|switch|p2a: Gastrodon|Gastrodon-East, L86, F, tera:Steel|327/331\n|turn|24\n|c|\u2606fifachu|good thing you set up those spikes\n|\n|t:|1733900542\n|move|p1a: Incineroar|Flare Blitz|p2a: Gastrodon\n|-supereffective|p2a: Gastrodon\n|-damage|p2a: Gastrodon|0 fnt\n|faint|p2a: Gastrodon\n|-damage|p1a: Incineroar|36/290|[from] Recoil\n|\n|win|fifachu\n|raw|fifachu's rating: 1594 &rarr; <strong>1615</strong><br />(+21 for winning)\n|raw|ahgf's rating: 1611 &rarr; <strong>1590</strong><br />(-21 for losing)\n|l|\u2606ahgf\n|player|p2|\n", "inputlog": ">version bfd83cad13791eb5a5a409923076391caf6fb4d4\n>start {\"formatid\":\"gen9randombattle\",\"seed\":[53727,24226,40898,22539],\"rated\":\"Rated battle\"}\n>player p1 {\"name\":\"fifachu\",\"avatar\":\"170\",\"rating\":1571,\"seed\":[31295,57286,27138,41544]}\n>player p2 {\"name\":\"ahgf\",\"avatar\":\"102\",\"rating\":1611,\"seed\":[59485,45288,14008,57040]}\n>p1 switch 6\n>p2 switch 5\n>p1 move thunderwave\n>p2 move nastyplot\n>p1 move flashcannon\n>p2 move fireblast\n>p1 move fleurcannon\n>p2 move fireblast\n>p2 switch 4\n>p1 move thunderwave\n>p2 move swordsdance\n>p1 switch 3\n>p2 move bitterblade\n>p1 switch 2\n>p2 switch 5\n>p1 switch 3\n>p2 move crunch\n>p1 move flashcannon\n>p2 switch 2\n>p1 switch 3\n>p2 move earthquake\n>p1 move psychic\n>p2 switch 2\n>p1 switch 3\n>p2 move crunch\n>p1 move fleurcannon\n>p2 switch 5\n>p1 switch 2\n>p2 switch 2\n>p1 move trailblaze\n>p2 move stealthrock\n>p1 move trailblaze\n>p2 move recover terastallize\n>p1 move swordsdance\n>p2 switch 5\n>p1 move knockoff\n>p2 move toxicspikes\n>p1 move swordsdance\n>p2 move spikes\n>p1 move flareblitz\n>p2 move spikes\n>p2 switch 6\n>p1 move knockoff\n>p2 move earthquake\n>p2 switch 3\n>p1 move flareblitz\n>p2 move gunkshot\n>p2 switch 2\n>p1 move knockoff\n>p2 move bitterblade\n>p2 switch 5\n>chat \u2606fifachu|good thing you set up those spikes\n>p1 move flareblitz\n>p2 move recover", "uploadtime": 1733900545, "views": 1, "formatid": "gen9randombattle", "rating": 1590, "private": 0, "password": null}