{"id": "gen9randombattle-2160448412", "format": "[Gen 9] Random Battle", "players": ["FaZe Alec Baldwin", "paysa"], "log": "|badge|p2|bronze|gen9randombattle|100-2\n|uhtml|medal-msg|<div class=\"broadcast-blue\">Curious what those medals under the avatar are? PS now has Ladder Seasons! For more information, check out the <a href=\"https://www.smogon.com/forums/threads/3740067/\">thread on Smogon.</a></div>\n|j|\u203dFaZe Alec Baldwin\n|j|\u2606paysa\n|t:|1720909690\n|gametype|singles\n|player|p1|FaZe Alec Baldwin|drayden|2257\n|player|p2|paysa|101|2367\n|teamsize|p1|6\n|teamsize|p2|6\n|gen|9\n|tier|[Gen 9] Random Battle\n|rated|\n|rule|Species Clause: Limit one of each Pok\u00e9mon\n|rule|HP Percentage Mod: HP is shown in percentages\n|rule|Sleep Clause Mod: Limit one foe put to sleep\n|rule|Illusion Level Mod: Illusion disguises the Pok\u00e9mon's true level\n|\n|t:|1720909690\n|start\n|switch|p1a: Maushold|Maushold-Four, L76|238/238\n|switch|p2a: Sneasler|Sneasler, L74, F|240/240\n|turn|1\n|inactive|Battle timer is ON: inactive players will automatically lose when time's up. (requested by paysa)\n|\n|t:|1720909702\n|switch|p1a: Ceruledge|Ceruledge, L78, F|245/245\n|move|p2a: Sneasler|U-turn|p1a: Ceruledge\n|-resisted|p1a: Ceruledge\n|-crit|p1a: Ceruledge\n|-damage|p1a: Ceruledge|213/245\n|-ability|p1a: Ceruledge|Weak Armor|boost\n|-unboost|p1a: Ceruledge|def|1\n|-boost|p1a: Ceruledge|spe|2\n|j| MinionSniper\u2713\n|\n|t:|1720909714\n|switch|p2a: Hippowdon|Hippowdon, L82, F|311/311|[from] U-turn\n|-weather|Sandstorm|[from] ability: Sand Stream|[of] p2a: Hippowdon\n|\n|-weather|Sandstorm|[upkeep]\n|-damage|p1a: Ceruledge|198/245|[from] Sandstorm\n|upkeep\n|turn|2\n|\n|t:|1720909720\n|switch|p1a: Alomomola|Alomomola, L87, F|429/429\n|switch|p2a: Sneasler|Sneasler, L74, F|240/240\n|\n|-weather|Sandstorm|[upkeep]\n|-damage|p2a: Sneasler|225/240|[from] Sandstorm\n|-damage|p1a: Alomomola|403/429|[from] Sandstorm\n|upkeep\n|turn|3\n|\n|t:|1720909726\n|move|p2a: Sneasler|U-turn|p1a: Alomomola\n|-damage|p1a: Alomomola|334/429\n|\n|t:|1720909732\n|switch|p2a: Squawkabilly|Squawkabilly-White, L89, F|291/291|[from] U-turn\n|move|p1a: Alomomola|Flip Turn|p2a: Squawkabilly\n|-damage|p2a: Squawkabilly|216/291\n|\n|t:|1720909736\n|switch|p1a: Empoleon|Empoleon, L84, M|278/278|[from] Flip Turn\n|\n|-weather|Sandstorm|[upkeep]\n|-damage|p2a: Squawkabilly|198/291|[from] Sandstorm\n|upkeep\n|turn|4\n|\n|t:|1720909746\n|move|p2a: Squawkabilly|Foul Play|p1a: Empoleon\n|-damage|p1a: Empoleon|143/278\n|move|p1a: Empoleon|Stealth Rock|p2a: Squawkabilly\n|-sidestart|p2: paysa|move: Stealth Rock\n|\n|-weather|Sandstorm|[upkeep]\n|-damage|p2a: Squawkabilly|180/291|[from] Sandstorm\n|-heal|p1a: Empoleon|160/278|[from] item: Leftovers\n|upkeep\n|turn|5\n|\n|t:|1720909750\n|move|p2a: Squawkabilly|Foul Play|p1a: Empoleon|[miss]\n|-miss|p2a: Squawkabilly|p1a: Empoleon\n|move|p1a: Empoleon|Roost|p1a: Empoleon\n|-heal|p1a: Empoleon|278/278\n|-singleturn|p1a: Empoleon|move: Roost\n|\n|-weather|none\n|upkeep\n|turn|6\n|\n|t:|1720909754\n|move|p2a: Squawkabilly|Foul Play|p1a: Empoleon\n|-damage|p1a: Empoleon|123/278\n|move|p1a: Empoleon|Knock Off|p2a: Squawkabilly\n|-damage|p2a: Squawkabilly|98/291\n|-enditem|p2a: Squawkabilly|Choice Band|[from] move: Knock Off|[of] p1a: Empoleon\n|\n|-heal|p1a: Empoleon|140/278|[from] item: Leftovers\n|upkeep\n|turn|7\n|\n|t:|1720909761\n|move|p2a: Squawkabilly|Brave Bird|p1a: Empoleon\n|-resisted|p1a: Empoleon\n|-damage|p1a: Empoleon|41/278\n|-damage|p2a: Squawkabilly|65/291|[from] Recoil\n|move|p1a: Empoleon|Roost|p1a: Empoleon\n|-heal|p1a: Empoleon|180/278\n|-singleturn|p1a: Empoleon|move: Roost\n|\n|-heal|p1a: Empoleon|197/278|[from] item: Leftovers\n|upkeep\n|turn|8\n|\n|t:|1720909765\n|move|p2a: Squawkabilly|Brave Bird|p1a: Empoleon\n|-resisted|p1a: Empoleon\n|-damage|p1a: Empoleon|92/278\n|-damage|p2a: Squawkabilly|30/291|[from] Recoil\n|move|p1a: Empoleon|Roost|p1a: Empoleon\n|-heal|p1a: Empoleon|231/278\n|-singleturn|p1a: Empoleon|move: Roost\n|\n|-heal|p1a: Empoleon|248/278|[from] item: Leftovers\n|upkeep\n|turn|9\n|\n|t:|1720909771\n|move|p2a: Squawkabilly|Brave Bird|p1a: Empoleon\n|-resisted|p1a: Empoleon\n|-damage|p1a: Empoleon|149/278\n|-damage|p2a: Squawkabilly|0 fnt|[from] Recoil\n|faint|p2a: Squawkabilly\n|move|p1a: Empoleon|Roost|p1a: Empoleon\n|-heal|p1a: Empoleon|278/278\n|-singleturn|p1a: Empoleon|move: Roost\n|\n|upkeep\n|\n|t:|1720909775\n|switch|p2a: Sneasler|Sneasler, L74, F|225/240\n|-damage|p2a: Sneasler|210/240|[from] Stealth Rock\n|turn|10\n|\n|t:|1720909779\n|switch|p1a: Ceruledge|Ceruledge, L78, F|198/245\n|move|p2a: Sneasler|U-turn|p1a: Ceruledge\n|-resisted|p1a: Ceruledge\n|-damage|p1a: Ceruledge|179/245\n|-ability|p1a: Ceruledge|Weak Armor|boost\n|-unboost|p1a: Ceruledge|def|1\n|-boost|p1a: Ceruledge|spe|2\n|\n|t:|1720909782\n|switch|p2a: Hippowdon|Hippowdon, L82, F|311/311|[from] U-turn\n|-damage|p2a: Hippowdon|292/311|[from] Stealth Rock\n|-weather|Sandstorm|[from] ability: Sand Stream|[of] p2a: Hippowdon\n|\n|-weather|Sandstorm|[upkeep]\n|-damage|p1a: Ceruledge|164/245|[from] Sandstorm\n|upkeep\n|turn|11\n|\n|t:|1720909789\n|switch|p1a: Alomomola|Alomomola, L87, F|429/429\n|move|p2a: Hippowdon|Whirlwind|p1a: Alomomola\n|drag|p1a: Alcremie|Alcremie-Salted-Cream, L90, F|263/263\n|\n|-weather|Sandstorm|[upkeep]\n|-damage|p1a: Alcremie|247/263|[from] Sandstorm\n|-heal|p1a: Alcremie|263/263|[from] item: Leftovers\n|upkeep\n|turn|12\n|\n|t:|1720909795\n|switch|p1a: Alomomola|Alomomola, L87, F|429/429\n|move|p2a: Hippowdon|Earthquake|p1a: Alomomola\n|-damage|p1a: Alomomola|306/429\n|\n|-weather|Sandstorm|[upkeep]\n|-damage|p1a: Alomomola|280/429|[from] Sandstorm\n|upkeep\n|turn|13\n|\n|t:|1720909801\n|move|p1a: Alomomola|Scald|p2a: Hippowdon\n|-supereffective|p2a: Hippowdon\n|-damage|p2a: Hippowdon|172/311\n|move|p2a: Hippowdon|Earthquake|p1a: Alomomola\n|-damage|p1a: Alomomola|156/429\n|\n|-weather|Sandstorm|[upkeep]\n|-damage|p1a: Alomomola|130/429|[from] Sandstorm\n|upkeep\n|turn|14\n|\n|t:|1720909811\n|move|p1a: Alomomola|Flip Turn|p2a: Hippowdon\n|-supereffective|p2a: Hippowdon\n|-damage|p2a: Hippowdon|82/311\n|-damage|p1a: Alomomola|59/429|[from] item: Rocky Helmet|[of] p2a: Hippowdon\n|\n|t:|1720909816\n|switch|p1a: Alcremie|Alcremie-Salted-Cream, L90, F|263/263|[from] Flip Turn\n|move|p2a: Hippowdon|Earthquake|p1a: Alcremie\n|-damage|p1a: Alcremie|152/263\n|\n|-weather|none\n|-heal|p1a: Alcremie|168/263|[from] item: Leftovers\n|upkeep\n|turn|15\n|\n|t:|1720909822\n|switch|p2a: Necrozma|Necrozma-Dusk-Mane, L69|248/248\n|-damage|p2a: Necrozma|233/248|[from] Stealth Rock\n|move|p1a: Alcremie|Alluring Voice|p2a: Necrozma\n|-resisted|p2a: Necrozma\n|-damage|p2a: Necrozma|176/248\n|\n|-heal|p1a: Alcremie|184/263|[from] item: Leftovers\n|upkeep\n|turn|16\n|\n|t:|1720909832\n|switch|p1a: Alomomola|Alomomola, L87, F|202/429\n|move|p2a: Necrozma|Dragon Dance|p2a: Necrozma\n|-boost|p2a: Necrozma|atk|1\n|-boost|p2a: Necrozma|spe|1\n|\n|upkeep\n|turn|17\n|\n|t:|1720909838\n|move|p2a: Necrozma|Dragon Dance|p2a: Necrozma\n|-boost|p2a: Necrozma|atk|1\n|-boost|p2a: Necrozma|spe|1\n|move|p1a: Alomomola|Wish|p1a: Alomomola\n|\n|upkeep\n|turn|18\n|\n|t:|1720909848\n|move|p1a: Alomomola|Protect|p1a: Alomomola\n|-singleturn|p1a: Alomomola|Protect\n|move|p2a: Necrozma|Dragon Dance|p2a: Necrozma\n|-boost|p2a: Necrozma|atk|1\n|-boost|p2a: Necrozma|spe|1\n|\n|-heal|p1a: Alomomola|416/429|[from] move: Wish|[wisher] Alomomola\n|upkeep\n|turn|19\n|\n|t:|1720909857\n|-terastallize|p2a: Necrozma|Ground\n|move|p2a: Necrozma|Earthquake|p1a: Alomomola\n|-damage|p1a: Alomomola|130/429\n|move|p1a: Alomomola|Scald|p2a: Necrozma\n|-supereffective|p2a: Necrozma\n|-damage|p2a: Necrozma|95/248\n|-enditem|p2a: Necrozma|Weakness Policy\n|-boost|p2a: Necrozma|atk|2|[from] item: Weakness Policy\n|-boost|p2a: Necrozma|spa|2|[from] item: Weakness Policy\n|\n|upkeep\n|turn|20\n|\n|t:|1720909870\n|move|p2a: Necrozma|Earthquake|p1a: Alomomola\n|-damage|p1a: Alomomola|0 fnt\n|faint|p1a: Alomomola\n|\n|upkeep\n|inactive|FaZe Alec Baldwin has 120 seconds left.\n|\n|t:|1720909896\n|switch|p1a: Empoleon|Empoleon, L84, M|278/278\n|turn|21\n|\n|t:|1720909905\n|move|p2a: Necrozma|Sunsteel Strike|p1a: Empoleon\n|-resisted|p1a: Empoleon\n|-damage|p1a: Empoleon|184/278\n|move|p1a: Empoleon|Surf|p2a: Necrozma\n|-supereffective|p2a: Necrozma\n|-damage|p2a: Necrozma|0 fnt\n|faint|p2a: Necrozma\n|\n|-heal|p1a: Empoleon|201/278|[from] item: Leftovers\n|upkeep\n|\n|t:|1720909911\n|switch|p2a: Sneasler|Sneasler, L74, F|210/240\n|-damage|p2a: Sneasler|195/240|[from] Stealth Rock\n|turn|22\n|\n|t:|1720909918\n|switch|p1a: Ceruledge|Ceruledge, L78, F|164/245\n|move|p2a: Sneasler|Throat Chop|p1a: Ceruledge\n|-supereffective|p1a: Ceruledge\n|-damage|p1a: Ceruledge|0 fnt\n|faint|p1a: Ceruledge\n|\n|upkeep\n|\n|t:|1720909939\n|switch|p1a: Empoleon|Empoleon, L84, M|201/278\n|turn|23\n|\n|t:|1720909949\n|switch|p2a: Hippowdon|Hippowdon, L82, F|82/311\n|-damage|p2a: Hippowdon|63/311|[from] Stealth Rock\n|-weather|Sandstorm|[from] ability: Sand Stream|[of] p2a: Hippowdon\n|move|p1a: Empoleon|Surf|p2a: Hippowdon\n|-supereffective|p2a: Hippowdon\n|-damage|p2a: Hippowdon|0 fnt\n|faint|p2a: Hippowdon\n|\n|-weather|Sandstorm|[upkeep]\n|-heal|p1a: Empoleon|218/278|[from] item: Leftovers\n|upkeep\n|\n|t:|1720909951\n|switch|p2a: Sneasler|Sneasler, L74, F|195/240\n|-damage|p2a: Sneasler|180/240|[from] Stealth Rock\n|turn|24\n|\n|t:|1720909981\n|-terastallize|p1a: Empoleon|Flying\n|move|p2a: Sneasler|Close Combat|p1a: Empoleon\n|-resisted|p1a: Empoleon\n|-damage|p1a: Empoleon|122/278\n|-unboost|p2a: Sneasler|def|1\n|-unboost|p2a: Sneasler|spd|1\n|move|p1a: Empoleon|Surf|p2a: Sneasler\n|-damage|p2a: Sneasler|0 fnt\n|faint|p2a: Sneasler\n|\n|-weather|Sandstorm|[upkeep]\n|-damage|p1a: Empoleon|105/278|[from] Sandstorm\n|-heal|p1a: Empoleon|122/278|[from] item: Leftovers\n|upkeep\n|\n|t:|1720909987\n|switch|p2a: Chien-Pao|Chien-Pao, L72|234/234\n|-damage|p2a: Chien-Pao|176/234|[from] Stealth Rock\n|-ability|p2a: Chien-Pao|Sword of Ruin\n|turn|25\n|\n|t:|1720910002\n|move|p2a: Chien-Pao|Icicle Crash|p1a: Empoleon\n|-supereffective|p1a: Empoleon\n|-damage|p1a: Empoleon|0 fnt\n|faint|p1a: Empoleon\n|\n|-weather|Sandstorm|[upkeep]\n|-damage|p2a: Chien-Pao|162/234|[from] Sandstorm\n|upkeep\n|\n|t:|1720910009\n|switch|p1a: Jirachi|Jirachi, L80|291/291\n|turn|26\n|\n|t:|1720910014\n|move|p2a: Chien-Pao|Icicle Crash|p1a: Jirachi\n|-resisted|p1a: Jirachi\n|-damage|p1a: Jirachi|216/291\n|cant|p1a: Jirachi|flinch\n|\n|-weather|Sandstorm|[upkeep]\n|-damage|p2a: Chien-Pao|148/234|[from] Sandstorm\n|-heal|p1a: Jirachi|234/291|[from] item: Leftovers\n|upkeep\n|turn|27\n|\n|t:|1720910021\n|move|p2a: Chien-Pao|Icicle Crash|p1a: Jirachi\n|-resisted|p1a: Jirachi\n|-damage|p1a: Jirachi|166/291\n|move|p1a: Jirachi|Wish|p1a: Jirachi\n|\n|-weather|none\n|-heal|p1a: Jirachi|184/291|[from] item: Leftovers\n|upkeep\n|turn|28\n|\n|t:|1720910023\n|move|p2a: Chien-Pao|Icicle Crash|p1a: Jirachi\n|-resisted|p1a: Jirachi\n|-damage|p1a: Jirachi|103/291\n|move|p1a: Jirachi|Fire Punch|p2a: Chien-Pao\n|-supereffective|p2a: Chien-Pao\n|-damage|p2a: Chien-Pao|28/234\n|\n|-heal|p1a: Jirachi|248/291|[from] move: Wish|[wisher] Jirachi\n|-heal|p1a: Jirachi|266/291|[from] item: Leftovers\n|upkeep\n|turn|29\n|\n|t:|1720910029\n|move|p2a: Chien-Pao|Icicle Crash|p1a: Jirachi\n|-resisted|p1a: Jirachi\n|-damage|p1a: Jirachi|191/291\n|move|p1a: Jirachi|Wish|p1a: Jirachi\n|\n|-heal|p1a: Jirachi|209/291|[from] item: Leftovers\n|upkeep\n|turn|30\n|\n|t:|1720910033\n|move|p2a: Chien-Pao|Icicle Crash|p1a: Jirachi\n|-resisted|p1a: Jirachi\n|-damage|p1a: Jirachi|128/291\n|move|p1a: Jirachi|Fire Punch|p2a: Chien-Pao\n|-supereffective|p2a: Chien-Pao\n|-damage|p2a: Chien-Pao|0 fnt\n|faint|p2a: Chien-Pao\n|\n|-heal|p1a: Jirachi|273/291|[from] move: Wish|[wisher] Jirachi\n|-heal|p1a: Jirachi|291/291|[from] item: Leftovers\n|upkeep\n|\n|t:|1720910035\n|switch|p2a: Regirock|Regirock, L83|268/268\n|-damage|p2a: Regirock|235/268|[from] Stealth Rock\n|turn|31\n|\n|t:|1720910041\n|move|p1a: Jirachi|Iron Head|p2a: Regirock\n|-supereffective|p2a: Regirock\n|-damage|p2a: Regirock|145/268\n|cant|p2a: Regirock|flinch\n|\n|upkeep\n|turn|32\n|\n|t:|1720910045\n|move|p1a: Jirachi|Iron Head|p2a: Regirock\n|-supereffective|p2a: Regirock\n|-damage|p2a: Regirock|59/268\n|move|p2a: Regirock|Rest|p2a: Regirock\n|-status|p2a: Regirock|slp|[from] move: Rest\n|-heal|p2a: Regirock|268/268 slp|[silent]\n|-enditem|p2a: Regirock|Chesto Berry|[eat]\n|-curestatus|p2a: Regirock|slp|[msg]\n|\n|upkeep\n|turn|33\n|\n|t:|1720910049\n|move|p1a: Jirachi|Iron Head|p2a: Regirock\n|-supereffective|p2a: Regirock\n|-damage|p2a: Regirock|178/268\n|cant|p2a: Regirock|flinch\n|\n|upkeep\n|turn|34\n|\n|t:|1720910051\n|move|p1a: Jirachi|Iron Head|p2a: Regirock\n|-supereffective|p2a: Regirock\n|-damage|p2a: Regirock|98/268\n|cant|p2a: Regirock|flinch\n|\n|upkeep\n|turn|35\n|\n|t:|1720910057\n|move|p1a: Jirachi|Iron Head|p2a: Regirock\n|-supereffective|p2a: Regirock\n|-damage|p2a: Regirock|18/268\n|cant|p2a: Regirock|flinch\n|\n|upkeep\n|turn|36\n|\n|t:|1720910061\n|move|p1a: Jirachi|Iron Head|p2a: Regirock\n|-supereffective|p2a: Regirock\n|-damage|p2a: Regirock|0 fnt\n|faint|p2a: Regirock\n|\n|win|FaZe Alec Baldwin\n|raw|FaZe Alec Baldwin's rating: 2257 &rarr; <strong>2283</strong><br />(+26 for winning)\n|raw|paysa's rating: 2367 &rarr; <strong>2341</strong><br />(-26 for losing)\n|l|\u2606paysa\n|player|p2|\n|l| MinionSniper\u2713\n|l|\u203dFaZe Alec Baldwin\n|player|p1|\n|j|\u203dFaZe Alec Baldwin\n|player|p1|FaZe Alec Baldwin|drayden|\n", "inputlog": ">version f7ad7c1b8a6ce355e8dbcd95eca255f5f71ead83\n>start {\"formatid\":\"gen9randombattle\",\"seed\":[31789,23756,8793,19355],\"rated\":\"Rated battle\"}\n>player p1 {\"name\":\"FaZe Alec Baldwin\",\"avatar\":\"drayden\",\"rating\":2257,\"seed\":[45518,59966,6619,2640]}\n>player p2 {\"name\":\"paysa\",\"avatar\":\"101\",\"rating\":2367,\"seed\":[52549,14150,51487,34866]}\n>p1 switch 5\n>p2 move uturn\n>p2 switch 3\n>p1 switch 6\n>p2 switch 3\n>p1 move flipturn\n>p2 move uturn\n>p2 switch 6\n>p1 switch 4\n>p1 move stealthrock\n>p2 move foulplay\n>p1 move roost\n>p2 move foulplay\n>p1 move knockoff\n>p2 move foulplay\n>p1 move roost\n>p2 move bravebird\n>p1 move roost\n>p2 move bravebird\n>p1 move roost\n>p2 move bravebird\n>p2 switch 6\n>p1 switch 6\n>p2 move uturn\n>p2 switch 3\n>p1 switch 4\n>p2 move whirlwind\n>p1 switch 3\n>p2 move earthquake\n>p1 move scald\n>p2 move earthquake\n>p1 move flipturn\n>p2 move earthquake\n>p1 switch 3\n>p1 move alluringvoice\n>p2 switch 5\n>p1 switch 3\n>p2 move dragondance\n>p1 move wish\n>p2 move dragondance\n>p1 move protect\n>p2 move dragondance\n>p1 move scald\n>p2 move earthquake terastallize\n>p1 move scald\n>p2 move earthquake\n>p1 switch 6\n>p1 move surf\n>p2 move sunsteelstrike\n>p2 switch 3\n>p1 switch 4\n>p2 move throatchop\n>p1 switch 4\n>p1 move surf\n>p2 switch 5\n>p2 switch 5\n>p1 move surf terastallize\n>p2 move closecombat\n>p2 switch 4\n>p1 move surf\n>p2 move iciclecrash\n>p1 switch 2\n>p1 move firepunch\n>p2 move iciclecrash\n>p1 move wish\n>p2 move iciclecrash\n>p1 move firepunch\n>p2 move iciclecrash\n>p1 move wish\n>p2 move iciclecrash\n>p1 move firepunch\n>p2 move iciclecrash\n>p2 switch 2\n>p1 move ironhead\n>p2 move bodypress\n>p1 move ironhead\n>p2 move rest\n>p1 move ironhead\n>p2 move irondefense\n>p1 move ironhead\n>p2 move irondefense\n>p1 move ironhead\n>p2 move rest\n>p1 move ironhead\n>p2 move rest", "uploadtime": 1720910080, "views": 214, "formatid": "gen9randombattle", "rating": 2283, "private": 0, "password": null}