{"id": "gen9randombattle-2260847964", "format": "[Gen 9] Random Battle", "players": ["hminh0403", "RoboWahbit"], "log": "|j|\u2606hminh0403\n|j|\u2606RoboWahbit\n|t:|1733903498\n|gametype|singles\n|player|p1|hminh0403|steven|1095\n|player|p2|RoboWahbit|101|1080\n|teamsize|p1|6\n|teamsize|p2|6\n|gen|9\n|tier|[Gen 9] Random Battle\n|rated|\n|rule|Species Clause: Limit one of each Pok\u00e9mon\n|rule|HP Percentage Mod: HP is shown in percentages\n|rule|Sleep Clause Mod: Limit one foe put to sleep\n|rule|Illusion Level Mod: Illusion disguises the Pok\u00e9mon's true level\n|\n|t:|1733903498\n|start\n|switch|p1a: Gumshoos|Gumshoos, L95, F|321/321\n|switch|p2a: Walking Wake|Walking Wake, L79|286/286\n|turn|1\n|c|\u2606RoboWahbit|hf\n|inactive|Battle timer is ON: inactive players will automatically lose when time's up. (requested by RoboWahbit)\n|\n|t:|1733903526\n|move|p2a: Walking Wake|Hydro Pump|p1a: Gumshoos\n|-damage|p1a: Gumshoos|98/321\n|move|p1a: Gumshoos|Knock Off|p2a: Walking Wake\n|-damage|p2a: Walking Wake|125/286\n|-enditem|p2a: Walking Wake|Choice Specs|[from] move: Knock Off|[of] p1a: Gumshoos\n|\n|upkeep\n|turn|2\n|\n|t:|1733903541\n|switch|p1a: Iron Bundle|Iron Bundle, L77|213/213\n|move|p2a: Walking Wake|Hydro Pump|p1a: Iron Bundle\n|-resisted|p1a: Iron Bundle\n|-damage|p1a: Iron Bundle|117/213\n|\n|upkeep\n|turn|3\n|\n|t:|1733903554\n|move|p1a: Iron Bundle|Ice Beam|p2a: Walking Wake\n|-damage|p2a: Walking Wake|14/286\n|-status|p2a: Walking Wake|frz\n|cant|p2a: Walking Wake|frz\n|\n|upkeep\n|turn|4\n|\n|t:|1733903560\n|-end|p2a: Walking Wake|Protosynthesis|[silent]\n|switch|p2a: Avalugg|Avalugg-Hisui, L90, F|317/317\n|move|p1a: Iron Bundle|Ice Beam|p2a: Avalugg\n|-resisted|p2a: Avalugg\n|-damage|p2a: Avalugg|236/317\n|\n|upkeep\n|turn|5\n|\n|t:|1733903572\n|-end|p1a: Iron Bundle|Quark Drive|[silent]\n|switch|p1a: Diancie|Diancie, L82|216/216\n|move|p2a: Avalugg|Recover|p2a: Avalugg\n|-heal|p2a: Avalugg|317/317\n|\n|upkeep\n|turn|6\n|inactive|hminh0403 has 120 seconds left.\n|\n|t:|1733903617\n|switch|p2a: Walking Wake|Walking Wake, L79|14/286 frz\n|move|p1a: Diancie|Calm Mind|p1a: Diancie\n|-boost|p1a: Diancie|spa|1\n|-boost|p1a: Diancie|spd|1\n|\n|upkeep\n|turn|7\n|\n|t:|1733903632\n|cant|p2a: Walking Wake|frz\n|move|p1a: Diancie|Calm Mind|p1a: Diancie\n|-boost|p1a: Diancie|spa|1\n|-boost|p1a: Diancie|spd|1\n|\n|upkeep\n|turn|8\n|\n|t:|1733903639\n|cant|p2a: Walking Wake|frz\n|move|p1a: Diancie|Draining Kiss|p2a: Walking Wake\n|-supereffective|p2a: Walking Wake\n|-damage|p2a: Walking Wake|0 fnt\n|faint|p2a: Walking Wake\n|-end|p2a: Walking Wake|Protosynthesis|[silent]\n|\n|upkeep\n|\n|t:|1733903639\n|switch|p2a: Regigigas|Regigigas, L84|322/322\n|-start|p2a: Regigigas|ability: Slow Start\n|turn|9\n|inactive|hminh0403 has 120 seconds left.\n|\n|t:|1733903652\n|move|p1a: Diancie|Earth Power|p2a: Regigigas\n|-damage|p2a: Regigigas|227/322\n|move|p2a: Regigigas|Body Slam|p1a: Diancie\n|-resisted|p1a: Diancie\n|-damage|p1a: Diancie|195/216\n|\n|-heal|p1a: Diancie|208/216|[from] item: Leftovers\n|-heal|p2a: Regigigas|247/322|[from] item: Leftovers\n|upkeep\n|turn|10\n|inactive|hminh0403 has 120 seconds left.\n|\n|t:|1733903661\n|move|p1a: Diancie|Calm Mind|p1a: Diancie\n|-boost|p1a: Diancie|spa|1\n|-boost|p1a: Diancie|spd|1\n|move|p2a: Regigigas|Substitute|p2a: Regigigas\n|-start|p2a: Regigigas|Substitute\n|-damage|p2a: Regigigas|167/322\n|\n|-heal|p1a: Diancie|216/216|[from] item: Leftovers\n|-heal|p2a: Regigigas|187/322|[from] item: Leftovers\n|upkeep\n|turn|11\n|inactive|hminh0403 has 120 seconds left.\n|\n|t:|1733903672\n|move|p1a: Diancie|Draining Kiss|p2a: Regigigas\n|-end|p2a: Regigigas|Substitute\n|move|p2a: Regigigas|Body Slam|p1a: Diancie\n|-resisted|p1a: Diancie\n|-damage|p1a: Diancie|194/216\n|\n|-heal|p1a: Diancie|207/216|[from] item: Leftovers\n|-heal|p2a: Regigigas|207/322|[from] item: Leftovers\n|upkeep\n|turn|12\n|inactive|hminh0403 has 120 seconds left.\n|\n|t:|1733903687\n|move|p1a: Diancie|Diamond Storm|p2a: Regigigas\n|-damage|p2a: Regigigas|116/322\n|-boost|p1a: Diancie|def|2\n|move|p2a: Regigigas|Substitute|p2a: Regigigas\n|-start|p2a: Regigigas|Substitute\n|-damage|p2a: Regigigas|36/322\n|\n|-heal|p1a: Diancie|216/216|[from] item: Leftovers\n|-heal|p2a: Regigigas|56/322|[from] item: Leftovers\n|upkeep\n|turn|13\n|inactive|hminh0403 has 120 seconds left.\n|\n|t:|1733903699\n|move|p2a: Regigigas|Protect|p2a: Regigigas\n|-singleturn|p2a: Regigigas|Protect\n|move|p1a: Diancie|Draining Kiss|p2a: Regigigas\n|-activate|p2a: Regigigas|move: Protect\n|\n|-heal|p2a: Regigigas|76/322|[from] item: Leftovers\n|-end|p2a: Regigigas|Slow Start\n|upkeep\n|turn|14\n|inactive|hminh0403 has 120 seconds left.\n|\n|t:|1733903722\n|move|p2a: Regigigas|Body Slam|p1a: Diancie\n|-resisted|p1a: Diancie\n|-damage|p1a: Diancie|192/216\n|move|p1a: Diancie|Calm Mind|p1a: Diancie\n|-boost|p1a: Diancie|spa|1\n|-boost|p1a: Diancie|spd|1\n|\n|-heal|p2a: Regigigas|96/322|[from] item: Leftovers\n|-heal|p1a: Diancie|205/216|[from] item: Leftovers\n|upkeep\n|turn|15\n|\n|t:|1733903732\n|move|p2a: Regigigas|Protect|p2a: Regigigas\n|-singleturn|p2a: Regigigas|Protect\n|move|p1a: Diancie|Draining Kiss|p2a: Regigigas\n|-activate|p2a: Regigigas|move: Protect\n|\n|-heal|p2a: Regigigas|116/322|[from] item: Leftovers\n|-heal|p1a: Diancie|216/216|[from] item: Leftovers\n|upkeep\n|turn|16\n|\n|t:|1733903743\n|move|p2a: Regigigas|Body Slam|p1a: Diancie\n|-resisted|p1a: Diancie\n|-damage|p1a: Diancie|195/216\n|-status|p1a: Diancie|par\n|cant|p1a: Diancie|par\n|\n|-heal|p2a: Regigigas|136/322|[from] item: Leftovers\n|-heal|p1a: Diancie|208/216 par|[from] item: Leftovers\n|upkeep\n|turn|17\n|\n|t:|1733903753\n|move|p2a: Regigigas|Knock Off|p1a: Diancie\n|-resisted|p1a: Diancie\n|-damage|p1a: Diancie|190/216 par\n|-enditem|p1a: Diancie|Leftovers|[from] move: Knock Off|[of] p2a: Regigigas\n|move|p1a: Diancie|Diamond Storm|p2a: Regigigas\n|-end|p2a: Regigigas|Substitute\n|-boost|p1a: Diancie|def|2\n|\n|-heal|p2a: Regigigas|156/322|[from] item: Leftovers\n|upkeep\n|turn|18\n|\n|t:|1733903764\n|move|p2a: Regigigas|Substitute|p2a: Regigigas\n|-start|p2a: Regigigas|Substitute\n|-damage|p2a: Regigigas|76/322\n|move|p1a: Diancie|Diamond Storm|p2a: Regigigas\n|-end|p2a: Regigigas|Substitute\n|-boost|p1a: Diancie|def|2\n|\n|-heal|p2a: Regigigas|96/322|[from] item: Leftovers\n|upkeep\n|turn|19\n|\n|t:|1733903773\n|move|p2a: Regigigas|Substitute|p2a: Regigigas\n|-start|p2a: Regigigas|Substitute\n|-damage|p2a: Regigigas|16/322\n|move|p1a: Diancie|Earth Power|p2a: Regigigas\n|-end|p2a: Regigigas|Substitute\n|\n|-heal|p2a: Regigigas|36/322|[from] item: Leftovers\n|upkeep\n|turn|20\n|\n|t:|1733903780\n|move|p2a: Regigigas|Body Slam|p1a: Diancie\n|-resisted|p1a: Diancie\n|-damage|p1a: Diancie|178/216 par\n|move|p1a: Diancie|Calm Mind|p1a: Diancie\n|-boost|p1a: Diancie|spa|1\n|-boost|p1a: Diancie|spd|1\n|\n|-heal|p2a: Regigigas|56/322|[from] item: Leftovers\n|upkeep\n|turn|21\n|inactive|hminh0403 has 120 seconds left.\n|\n|t:|1733903789\n|move|p2a: Regigigas|Body Slam|p1a: Diancie\n|-resisted|p1a: Diancie\n|-damage|p1a: Diancie|166/216 par\n|cant|p1a: Diancie|par\n|\n|-heal|p2a: Regigigas|76/322|[from] item: Leftovers\n|upkeep\n|turn|22\n|\n|t:|1733903796\n|move|p2a: Regigigas|Protect|p2a: Regigigas\n|-singleturn|p2a: Regigigas|Protect\n|move|p1a: Diancie|Earth Power|p2a: Regigigas\n|-activate|p2a: Regigigas|move: Protect\n|\n|-heal|p2a: Regigigas|96/322|[from] item: Leftovers\n|upkeep\n|turn|23\n|\n|t:|1733903803\n|move|p2a: Regigigas|Substitute|p2a: Regigigas\n|-start|p2a: Regigigas|Substitute\n|-damage|p2a: Regigigas|16/322\n|move|p1a: Diancie|Draining Kiss|p2a: Regigigas\n|-end|p2a: Regigigas|Substitute\n|-heal|p1a: Diancie|216/216 par|[from] drain|[of] p2a: Regigigas\n|\n|-heal|p2a: Regigigas|36/322|[from] item: Leftovers\n|upkeep\n|turn|24\n|\n|t:|1733903811\n|move|p2a: Regigigas|Body Slam|p1a: Diancie\n|-resisted|p1a: Diancie\n|-damage|p1a: Diancie|203/216 par\n|cant|p1a: Diancie|par\n|\n|-heal|p2a: Regigigas|56/322|[from] item: Leftovers\n|upkeep\n|turn|25\n|\n|t:|1733903821\n|switch|p1a: Iron Bundle|Iron Bundle, L77|117/213\n|move|p2a: Regigigas|Body Slam|p1a: Iron Bundle\n|-damage|p1a: Iron Bundle|0 fnt\n|faint|p1a: Iron Bundle\n|-end|p1a: Iron Bundle|Quark Drive|[silent]\n|\n|-heal|p2a: Regigigas|76/322|[from] item: Leftovers\n|upkeep\n|\n|t:|1733903831\n|switch|p1a: Koraidon|Koraidon, L64|235/235\n|-weather|SunnyDay|[from] ability: Orichalcum Pulse|[of] p1a: Koraidon\n|-activate|p1a: Koraidon|Orichalcum Pulse|[source]\n|turn|26\n|\n|t:|1733903840\n|move|p2a: Regigigas|Body Slam|p1a: Koraidon\n|-damage|p1a: Koraidon|103/235\n|move|p1a: Koraidon|Flare Blitz|p2a: Regigigas\n|-crit|p2a: Regigigas\n|-damage|p2a: Regigigas|0 fnt\n|faint|p2a: Regigigas\n|-end|p2a: Regigigas|Slow Start|[silent]\n|-damage|p1a: Koraidon|78/235|[from] Recoil\n|\n|-weather|SunnyDay|[upkeep]\n|upkeep\n|\n|t:|1733903840\n|switch|p2a: Avalugg|Avalugg-Hisui, L90, F|317/317\n|turn|27\n|\n|t:|1733903855\n|-terastallize|p1a: Koraidon|Fire\n|move|p1a: Koraidon|Collision Course|p2a: Avalugg\n|-supereffective|p2a: Avalugg\n|-damage|p2a: Avalugg|1/317\n|move|p2a: Avalugg|Body Press|p1a: Koraidon\n|-damage|p1a: Koraidon|0 fnt\n|faint|p1a: Koraidon\n|\n|-weather|SunnyDay|[upkeep]\n|upkeep\n|\n|t:|1733903867\n|switch|p1a: Gumshoos|Gumshoos, L95, F|98/321\n|turn|28\n|\n|t:|1733903871\n|switch|p2a: Wigglytuff|Wigglytuff, L96, F|424/424\n|move|p1a: Gumshoos|U-turn|p2a: Wigglytuff\n|-resisted|p2a: Wigglytuff\n|-damage|p2a: Wigglytuff|273/424\n|\n|t:|1733903876\n|switch|p1a: Arceus|Arceus-Poison, L70|284/284|[from] U-turn\n|\n|-weather|SunnyDay|[upkeep]\n|-heal|p2a: Wigglytuff|299/424|[from] item: Leftovers\n|upkeep\n|turn|29\n|\n|t:|1733903882\n|move|p1a: Arceus|Swords Dance|p1a: Arceus\n|-boost|p1a: Arceus|atk|2\n|move|p2a: Wigglytuff|Dazzling Gleam|p1a: Arceus\n|-resisted|p1a: Arceus\n|-damage|p1a: Arceus|239/284\n|\n|-weather|SunnyDay|[upkeep]\n|-heal|p2a: Wigglytuff|325/424|[from] item: Leftovers\n|upkeep\n|turn|30\n|\n|t:|1733903890\n|move|p1a: Arceus|Gunk Shot|p2a: Wigglytuff\n|-supereffective|p2a: Wigglytuff\n|-damage|p2a: Wigglytuff|0 fnt\n|faint|p2a: Wigglytuff\n|\n|-weather|none\n|upkeep\n|\n|t:|1733903890\n|switch|p2a: Avalugg|Avalugg-Hisui, L90, F|1/317\n|turn|31\n|\n|t:|1733903898\n|move|p1a: Arceus|Earthquake|p2a: Avalugg\n|-supereffective|p2a: Avalugg\n|-damage|p2a: Avalugg|0 fnt\n|faint|p2a: Avalugg\n|\n|upkeep\n|\n|t:|1733903898\n|switch|p2a: Houndoom|Houndoom, L87, M|272/272\n|turn|32\n|\n|t:|1733903905\n|move|p2a: Houndoom|Fire Blast|p1a: Arceus\n|-damage|p1a: Arceus|119/284\n|move|p1a: Arceus|Earthquake|p2a: Houndoom\n|-supereffective|p2a: Houndoom\n|-damage|p2a: Houndoom|0 fnt\n|faint|p2a: Houndoom\n|\n|upkeep\n|\n|t:|1733903906\n|switch|p2a: Leavanny|Leavanny, L86, M|269/269\n|turn|33\n|\n|t:|1733903914\n|-terastallize|p2a: Leavanny|Rock\n|move|p1a: Arceus|Flare Blitz|p2a: Leavanny\n|-resisted|p2a: Leavanny\n|-damage|p2a: Leavanny|196/269\n|-damage|p1a: Arceus|95/284|[from] Recoil\n|move|p2a: Leavanny|Lunge|p1a: Arceus\n|-resisted|p1a: Arceus\n|-damage|p1a: Arceus|50/284\n|-unboost|p1a: Arceus|atk|1\n|\n|upkeep\n|turn|34\n|\n|t:|1733903925\n|move|p1a: Arceus|Earthquake|p2a: Leavanny\n|-supereffective|p2a: Leavanny\n|-damage|p2a: Leavanny|14/269\n|move|p2a: Leavanny|Sticky Web|p1a: Arceus\n|-sidestart|p1: hminh0403|move: Sticky Web\n|\n|upkeep\n|turn|35\n|\n|t:|1733903930\n|move|p1a: Arceus|Earthquake|p2a: Leavanny\n|-supereffective|p2a: Leavanny\n|-damage|p2a: Leavanny|0 fnt\n|faint|p2a: Leavanny\n|\n|win|hminh0403\n|raw|hminh0403's rating: 1095 &rarr; <strong>1120</strong><br />(+25 for winning)\n|raw|RoboWahbit's rating: 1080 &rarr; <strong>1059</strong><br />(-21 for losing)\n|c|\u2606RoboWahbit|gg\n", "inputlog": ">version bfd83cad13791eb5a5a409923076391caf6fb4d4\n>start {\"formatid\":\"gen9randombattle\",\"seed\":[18763,3556,36772,42594],\"rated\":\"Rated battle\"}\n>player p1 {\"name\":\"hminh0403\",\"avatar\":\"steven\",\"rating\":1095,\"seed\":[30641,5776,46223,38244]}\n>player p2 {\"name\":\"RoboWahbit\",\"avatar\":\"101\",\"rating\":1080,\"seed\":[14852,21,51353,62492]}\n>chat \u2606RoboWahbit|hf\n>p1 move knockoff\n>p2 move hydropump\n>p1 switch 4\n>p2 move hydropump\n>p1 move icebeam\n>p2 move flipturn\n>p1 move icebeam\n>p2 switch 4\n>p1 switch 6\n>p2 move recover\n>p1 move calmmind\n>p2 switch 4\n>p1 move calmmind\n>p2 move flipturn\n>p1 move drainingkiss\n>p2 move flipturn\n>p2 switch 3\n>p1 move earthpower\n>p2 move bodyslam\n>p1 move calmmind\n>p2 move substitute\n>p1 move drainingkiss\n>p2 move bodyslam\n>p1 move diamondstorm\n>p2 move substitute\n>p1 move drainingkiss\n>p2 move protect\n>p1 move calmmind\n>p2 move bodyslam\n>p1 move drainingkiss\n>p2 move protect\n>p1 move earthpower\n>p2 move bodyslam\n>p1 move diamondstorm\n>p2 move knockoff\n>p1 move diamondstorm\n>p2 move substitute\n>p1 move earthpower\n>p2 move substitute\n>p1 move calmmind\n>p2 move bodyslam\n>p1 move earthpower\n>p2 move bodyslam\n>p1 move earthpower\n>p2 move protect\n>p1 move drainingkiss\n>p2 move substitute\n>p1 move drainingkiss\n>p2 move bodyslam\n>p1 switch 6\n>p2 move bodyslam\n>p1 switch 2\n>p1 move flareblitz\n>p2 move bodyslam\n>p2 switch 4\n>p1 move collisioncourse terastallize\n>p2 move bodypress\n>p1 switch 4\n>p1 move uturn\n>p2 switch 5\n>p1 switch 3\n>p1 move swordsdance\n>p2 move dazzlinggleam\n>p1 move gunkshot\n>p2 move fireblast\n>p2 switch 5\n>p1 move earthquake\n>p2 move recover\n>p2 switch 2\n>p1 move earthquake\n>p2 move fireblast\n>p2 switch 6\n>p1 move flareblitz\n>p2 move lunge terastallize\n>p1 move earthquake\n>p2 move stickyweb\n>p1 move earthquake\n>p2 move lunge", "uploadtime": 1733903931, "views": 1, "formatid": "gen9randombattle", "rating": 1059, "private": 0, "password": null}