{"id": "gen9randombattle-2260657827", "format": "[Gen 9] Random Battle", "players": ["Quiet_Floof", "5th losing streak"], "log": "|j|\u2606Quiet_Floof\n|j|\u26065th losing streak\n|t:|1733874768\n|gametype|singles\n|player|p1|Quiet_Floof|1|1095\n|player|p2|5th losing streak|ghetsis|1066\n|teamsize|p1|6\n|teamsize|p2|6\n|gen|9\n|tier|[Gen 9] Random Battle\n|rated|\n|rule|Species Clause: Limit one of each Pok\u00e9mon\n|rule|HP Percentage Mod: HP is shown in percentages\n|rule|Sleep Clause Mod: Limit one foe put to sleep\n|rule|Illusion Level Mod: Illusion disguises the Pok\u00e9mon's true level\n|\n|t:|1733874768\n|start\n|switch|p1a: Dodrio|Dodrio, L86, F|243/243\n|switch|p2a: Basculin|Basculin, L86, F|261/261\n|turn|1\n|\n|t:|1733874780\n|move|p1a: Dodrio|Swords Dance|p1a: Dodrio\n|-boost|p1a: Dodrio|atk|2\n|move|p2a: Basculin|Wave Crash|p1a: Dodrio\n|-crit|p1a: Dodrio\n|-damage|p1a: Dodrio|0 fnt\n|faint|p1a: Dodrio\n|-damage|p2a: Basculin|181/261|[from] Recoil\n|\n|upkeep\n|\n|t:|1733874795\n|switch|p1a: Eelektross|Eelektross, L87, F|290/290\n|turn|2\n|\n|t:|1733874807\n|move|p2a: Basculin|Wave Crash|p1a: Eelektross\n|-damage|p1a: Eelektross|4/290\n|-damage|p2a: Basculin|87/261|[from] Recoil\n|move|p1a: Eelektross|Discharge|p2a: Basculin\n|-supereffective|p2a: Basculin\n|-damage|p2a: Basculin|0 fnt\n|faint|p2a: Basculin\n|\n|upkeep\n|\n|t:|1733874841\n|switch|p2a: Gallade|Gallade, L81, M|243/243\n|turn|3\n|\n|t:|1733874858\n|switch|p1a: Squawkabilly|Squawkabilly-Blue, L85, F|278/278\n|move|p2a: Gallade|Leaf Blade|p1a: Squawkabilly\n|-resisted|p1a: Squawkabilly\n|-damage|p1a: Squawkabilly|155/278\n|\n|-status|p1a: Squawkabilly|brn|[from] item: Flame Orb\n|upkeep\n|turn|4\n|\n|t:|1733874872\n|switch|p2a: Empoleon|Empoleon, L84, F|278/278\n|-terastallize|p1a: Squawkabilly|Normal\n|move|p1a: Squawkabilly|Facade|p2a: Empoleon\n|-resisted|p2a: Empoleon\n|-damage|p2a: Empoleon|115/278\n|\n|-heal|p2a: Empoleon|132/278|[from] item: Leftovers\n|-damage|p1a: Squawkabilly|138/278 brn|[from] brn\n|upkeep\n|turn|5\n|\n|t:|1733874889\n|move|p1a: Squawkabilly|Facade|p2a: Empoleon\n|-resisted|p2a: Empoleon\n|-damage|p2a: Empoleon|0 fnt\n|faint|p2a: Empoleon\n|\n|-damage|p1a: Squawkabilly|121/278 brn|[from] brn\n|upkeep\n|\n|t:|1733874908\n|switch|p2a: Sudowoodo|Sudowoodo, L94, F|284/284\n|turn|6\n|\n|t:|1733874913\n|move|p2a: Sudowoodo|Sucker Punch|p1a: Squawkabilly\n|-damage|p1a: Squawkabilly|0 fnt\n|faint|p1a: Squawkabilly\n|\n|upkeep\n|\n|t:|1733874923\n|switch|p1a: Passimian|Passimian, L83, F|302/302\n|turn|7\n|\n|t:|1733874928\n|switch|p2a: Amoonguss|Amoonguss, L82, F|321/321\n|move|p1a: Passimian|Bulk Up|p1a: Passimian\n|-boost|p1a: Passimian|atk|1\n|-boost|p1a: Passimian|def|1\n|\n|upkeep\n|turn|8\n|\n|t:|1733874937\n|move|p1a: Passimian|Bulk Up|p1a: Passimian\n|-boost|p1a: Passimian|atk|1\n|-boost|p1a: Passimian|def|1\n|move|p2a: Amoonguss|Spore|p1a: Passimian\n|-status|p1a: Passimian|slp|[from] move: Spore\n|\n|upkeep\n|turn|9\n|c|\u2606Quiet_Floof|Such a scaredy cat xD\n|\n|t:|1733874963\n|cant|p1a: Passimian|slp\n|move|p2a: Amoonguss|Clear Smog|p1a: Passimian\n|-damage|p1a: Passimian|236/302 slp\n|-clearboost|p1a: Passimian\n|\n|-heal|p1a: Passimian|254/302 slp|[from] item: Leftovers\n|upkeep\n|turn|10\n|c|\u2606Quiet_Floof|End your life dumbass\n|-message|Quiet_Floof forfeited.\n|\n|win|5th losing streak\n", "inputlog": ">version bfd83cad13791eb5a5a409923076391caf6fb4d4\n>start {\"formatid\":\"gen9randombattle\",\"seed\":[46861,53408,58094,30109],\"rated\":\"Rated battle\"}\n>player p1 {\"name\":\"Quiet_Floof\",\"avatar\":\"1\",\"rating\":1095,\"seed\":[61370,4579,46426,29910]}\n>player p2 {\"name\":\"5th losing streak\",\"avatar\":\"ghetsis\",\"rating\":1066,\"seed\":[23319,47604,32915,60770]}\n>p1 move swordsdance\n>p2 move wavecrash\n>p1 switch 2\n>p1 move discharge\n>p2 move wavecrash\n>p2 switch 6\n>p1 switch 4\n>p2 move leafblade\n>p1 move facade terastallize\n>p2 switch 5\n>p1 move facade\n>p2 move surf\n>p2 switch 3\n>p1 move facade\n>p2 move suckerpunch\n>p1 switch 5\n>p1 move bulkup\n>p2 switch 2\n>p1 move bulkup\n>p2 move spore\n>chat \u2606Quiet_Floof|Such a scaredy cat xD \n>p1 move drainpunch\n>p2 move clearsmog\n>chat \u2606Quiet_Floof|End your life dumbass \n>forcelose p1", "uploadtime": 1733874981, "views": 1, "formatid": "gen9randombattle", "rating": null, "private": 0, "password": null}