{"id": "gen9randombattle-2260279773", "format": "[Gen 9] Random Battle", "players": ["Waldehead", "useemstohavefun"], "log": "|j|\u2606Waldehead\n|j|\u2606useemstohavefun\n|t:|1733834358\n|gametype|singles\n|player|p1|Waldehead|170|2331\n|player|p2|useemstohavefun|thorton|2281\n|teamsize|p1|6\n|teamsize|p2|6\n|gen|9\n|tier|[Gen 9] Random Battle\n|rated|\n|rule|Species Clause: Limit one of each Pok\u00e9mon\n|rule|HP Percentage Mod: HP is shown in percentages\n|rule|Sleep Clause Mod: Limit one foe put to sleep\n|rule|Illusion Level Mod: Illusion disguises the Pok\u00e9mon's true level\n|\n|t:|1733834358\n|start\n|switch|p1a: Incineroar|Incineroar, L82, F|290/290\n|switch|p2a: Mightyena|Mightyena, L95, M|287/287\n|-ability|p2a: Mightyena|Intimidate|boost\n|-unboost|p1a: Incineroar|atk|1\n|-ability|p1a: Incineroar|Intimidate|boost\n|-unboost|p2a: Mightyena|atk|1\n|turn|1\n|inactive|Battle timer is ON: inactive players will automatically lose when time's up. (requested by Waldehead)\n|inactive|useemstohavefun also wants the timer to be on.\n|inactive|useemstohavefun has 120 seconds left.\n|\n|t:|1733834409\n|switch|p2a: Altaria|Altaria, L88, F|275/275\n|move|p1a: Incineroar|U-turn|p2a: Altaria\n|-resisted|p2a: Altaria\n|-damage|p2a: Altaria|259/275\n|inactive|Waldehead has 120 seconds left.\n|\n|t:|1733834449\n|switch|p1a: Lugia|Lugia, L72|272/272|[from] U-turn\n|\n|upkeep\n|turn|2\n|\n|t:|1733834468\n|switch|p2a: Mightyena|Mightyena, L95, M|287/287\n|-ability|p2a: Mightyena|Intimidate|boost\n|-unboost|p1a: Lugia|atk|1\n|move|p1a: Lugia|Calm Mind|p1a: Lugia\n|-boost|p1a: Lugia|spa|1\n|-boost|p1a: Lugia|spd|1\n|\n|upkeep\n|turn|3\n|inactive|Waldehead has 120 seconds left.\n|inactive|Waldehead has 90 seconds left.\n|\n|t:|1733834509\n|switch|p1a: Flamigo|Flamigo, L82, M|269/269\n|move|p2a: Mightyena|Super Fang|p1a: Flamigo\n|-damage|p1a: Flamigo|135/269\n|\n|upkeep\n|turn|4\n|j| stelfbronco\n|\n|t:|1733834520\n|switch|p2a: Altaria|Altaria, L88, F|259/275\n|move|p1a: Flamigo|Close Combat|p2a: Altaria\n|-resisted|p2a: Altaria\n|-damage|p2a: Altaria|169/275\n|-unboost|p1a: Flamigo|def|1\n|-unboost|p1a: Flamigo|spd|1\n|\n|upkeep\n|turn|5\n|\n|t:|1733834529\n|switch|p1a: Incineroar|Incineroar, L82, F|290/290\n|-ability|p1a: Incineroar|Intimidate|boost\n|-unboost|p2a: Altaria|atk|1\n|move|p2a: Altaria|Roost|p2a: Altaria\n|-heal|p2a: Altaria|275/275\n|-singleturn|p2a: Altaria|move: Roost\n|\n|upkeep\n|turn|6\n|\n|t:|1733834537\n|move|p2a: Altaria|Earthquake|p1a: Incineroar\n|-supereffective|p1a: Incineroar\n|-damage|p1a: Incineroar|204/290\n|move|p1a: Incineroar|U-turn|p2a: Altaria\n|-resisted|p2a: Altaria\n|-damage|p2a: Altaria|249/275\n|\n|t:|1733834545\n|switch|p1a: Snorlax|Snorlax, L82, M|397/397|[from] U-turn\n|\n|upkeep\n|turn|7\n|\n|t:|1733834550\n|switch|p2a: Skuntank|Skuntank, L84, F|310/310\n|move|p1a: Snorlax|Curse|p1a: Snorlax\n|-unboost|p1a: Snorlax|spe|1\n|-boost|p1a: Snorlax|atk|1\n|-boost|p1a: Snorlax|def|1\n|\n|upkeep\n|turn|8\n|\n|t:|1733834556\n|move|p2a: Skuntank|Taunt|p1a: Snorlax\n|-start|p1a: Snorlax|move: Taunt\n|cant|p1a: Snorlax|move: Taunt|Curse\n|\n|upkeep\n|turn|9\n|\n|t:|1733834561\n|move|p2a: Skuntank|Knock Off|p1a: Snorlax\n|-damage|p1a: Snorlax|319/397\n|-enditem|p1a: Snorlax|Leftovers|[from] move: Knock Off|[of] p2a: Skuntank\n|move|p1a: Snorlax|Body Slam|p2a: Skuntank\n|-damage|p2a: Skuntank|136/310\n|\n|-heal|p2a: Skuntank|155/310|[from] item: Leftovers\n|upkeep\n|turn|10\n|\n|t:|1733834567\n|switch|p2a: Golurk|Golurk, L87|297/297\n|move|p1a: Snorlax|Body Slam|p2a: Golurk\n|-immune|p2a: Golurk\n|\n|-end|p1a: Snorlax|move: Taunt\n|upkeep\n|turn|11\n|\n|t:|1733834578\n|move|p2a: Golurk|Stone Edge|p1a: Snorlax\n|-damage|p1a: Snorlax|195/397\n|move|p1a: Snorlax|Curse|p1a: Snorlax\n|-unboost|p1a: Snorlax|spe|1\n|-boost|p1a: Snorlax|atk|1\n|-boost|p1a: Snorlax|def|1\n|\n|upkeep\n|turn|12\n|\n|t:|1733834591\n|move|p2a: Golurk|Stone Edge|p1a: Snorlax\n|-damage|p1a: Snorlax|112/397\n|move|p1a: Snorlax|Rest|p1a: Snorlax\n|-status|p1a: Snorlax|slp|[from] move: Rest\n|-heal|p1a: Snorlax|397/397 slp|[silent]\n|\n|upkeep\n|turn|13\n|j| nelsoNJ\n|\n|t:|1733834598\n|move|p2a: Golurk|Stone Edge|p1a: Snorlax\n|-damage|p1a: Snorlax|316/397 slp\n|cant|p1a: Snorlax|slp\n|\n|upkeep\n|turn|14\n|\n|t:|1733834606\n|switch|p2a: Skuntank|Skuntank, L84, F|155/310\n|cant|p1a: Snorlax|slp\n|\n|-heal|p2a: Skuntank|174/310|[from] item: Leftovers\n|upkeep\n|turn|15\n|\n|t:|1733834610\n|move|p2a: Skuntank|Toxic Spikes|p1a: Snorlax\n|-sidestart|p1: Waldehead|move: Toxic Spikes\n|-curestatus|p1a: Snorlax|slp|[msg]\n|move|p1a: Snorlax|Body Slam|p2a: Skuntank\n|-damage|p2a: Skuntank|0 fnt\n|-damage|p1a: Snorlax|217/397|[from] ability: Aftermath|[of] p2a: Skuntank\n|faint|p2a: Skuntank\n|\n|upkeep\n|\n|t:|1733834615\n|switch|p2a: Golurk|Golurk, L87|297/297\n|turn|16\n|\n|t:|1733834625\n|switch|p1a: Flamigo|Flamigo, L82, M|135/269\n|move|p2a: Golurk|Dynamic Punch|p1a: Flamigo\n|-resisted|p1a: Flamigo\n|-damage|p1a: Flamigo|53/269\n|-start|p1a: Flamigo|confusion\n|\n|upkeep\n|turn|17\n|\n|t:|1733834632\n|switch|p2a: Bellibolt|Bellibolt, L84, M|320/320\n|-activate|p1a: Flamigo|confusion\n|move|p1a: Flamigo|Throat Chop|p2a: Bellibolt\n|-damage|p2a: Bellibolt|230/320\n|-start|p2a: Bellibolt|Throat Chop|[silent]\n|-start|p2a: Bellibolt|Charge|Throat Chop|[from] ability: Electromorphosis\n|\n|-heal|p2a: Bellibolt|250/320|[from] item: Leftovers\n|upkeep\n|turn|18\n|\n|t:|1733834641\n|switch|p1a: Incineroar|Incineroar, L82, F|204/290\n|-status|p1a: Incineroar|psn\n|-ability|p1a: Incineroar|Intimidate|boost\n|-unboost|p2a: Bellibolt|atk|1\n|move|p2a: Bellibolt|Volt Switch|p1a: Incineroar\n|-damage|p1a: Incineroar|102/290 psn\n|-end|p2a: Bellibolt|Charge|[silent]\n|\n|t:|1733834649\n|switch|p2a: Altaria|Altaria, L88, F|249/275|[from] Volt Switch\n|\n|-damage|p1a: Incineroar|66/290 psn|[from] psn\n|upkeep\n|turn|19\n|\n|t:|1733834652\n|switch|p1a: Lugia|Lugia, L72|272/272\n|move|p2a: Altaria|Earthquake|p1a: Lugia\n|-immune|p1a: Lugia\n|\n|upkeep\n|turn|20\n|\n|t:|1733834658\n|move|p1a: Lugia|Calm Mind|p1a: Lugia\n|-boost|p1a: Lugia|spa|1\n|-boost|p1a: Lugia|spd|1\n|move|p2a: Altaria|Dragon Dance|p2a: Altaria\n|-boost|p2a: Altaria|atk|1\n|-boost|p2a: Altaria|spe|1\n|\n|upkeep\n|turn|21\n|\n|t:|1733834661\n|move|p2a: Altaria|Brave Bird|p1a: Lugia\n|-damage|p1a: Lugia|197/272\n|-damage|p2a: Altaria|224/275|[from] Recoil\n|move|p1a: Lugia|Calm Mind|p1a: Lugia\n|-boost|p1a: Lugia|spa|1\n|-boost|p1a: Lugia|spd|1\n|\n|upkeep\n|turn|22\n|\n|t:|1733834665\n|move|p2a: Altaria|Dragon Dance|p2a: Altaria\n|-boost|p2a: Altaria|atk|1\n|-boost|p2a: Altaria|spe|1\n|move|p1a: Lugia|Recover|p1a: Lugia\n|-heal|p1a: Lugia|272/272\n|\n|upkeep\n|turn|23\n|\n|t:|1733834669\n|move|p2a: Altaria|Brave Bird|p1a: Lugia\n|-damage|p1a: Lugia|185/272\n|-damage|p2a: Altaria|195/275|[from] Recoil\n|move|p1a: Lugia|Aeroblast|p2a: Altaria\n|-damage|p2a: Altaria|63/275\n|\n|upkeep\n|turn|24\n|\n|t:|1733834674\n|move|p2a: Altaria|Brave Bird|p1a: Lugia\n|-damage|p1a: Lugia|0 fnt\n|faint|p1a: Lugia\n|-damage|p2a: Altaria|2/275|[from] Recoil\n|\n|upkeep\n|\n|t:|1733834680\n|switch|p1a: Incineroar|Incineroar, L82, F|66/290 psn\n|-ability|p1a: Incineroar|Intimidate|boost\n|-unboost|p2a: Altaria|atk|1\n|turn|25\n|\n|t:|1733834694\n|switch|p2a: Mightyena|Mightyena, L95, M|287/287\n|-ability|p2a: Mightyena|Intimidate|boost\n|-unboost|p1a: Incineroar|atk|1\n|move|p1a: Incineroar|Fake Out|p2a: Mightyena\n|-damage|p2a: Mightyena|265/287\n|\n|-damage|p1a: Incineroar|30/290 psn|[from] psn\n|upkeep\n|turn|26\n|\n|t:|1733834709\n|move|p2a: Mightyena|Throat Chop|p1a: Incineroar\n|-resisted|p1a: Incineroar\n|-damage|p1a: Incineroar|0 fnt\n|faint|p1a: Incineroar\n|\n|upkeep\n|\n|t:|1733834714\n|switch|p1a: Keldeo|Keldeo-Resolute, L79|273/273\n|-status|p1a: Keldeo|psn\n|turn|27\n|\n|t:|1733834728\n|switch|p2a: Altaria|Altaria, L88, F|2/275\n|move|p1a: Keldeo|Secret Sword|p2a: Altaria\n|-resisted|p2a: Altaria\n|-damage|p2a: Altaria|0 fnt\n|faint|p2a: Altaria\n|\n|-damage|p1a: Keldeo|239/273 psn|[from] psn\n|upkeep\n|\n|t:|1733834736\n|switch|p2a: Bellibolt|Bellibolt, L84, M|250/320\n|turn|28\n|\n|t:|1733834747\n|switch|p1a: Snorlax|Snorlax, L82, M|217/397\n|-status|p1a: Snorlax|psn\n|move|p2a: Bellibolt|Thunderbolt|p1a: Snorlax\n|-damage|p1a: Snorlax|132/397 psn\n|\n|-heal|p2a: Bellibolt|270/320|[from] item: Leftovers\n|-damage|p1a: Snorlax|83/397 psn|[from] psn\n|upkeep\n|turn|29\n|\n|t:|1733834752\n|move|p2a: Bellibolt|Thunderbolt|p1a: Snorlax\n|-damage|p1a: Snorlax|4/397 psn\n|move|p1a: Snorlax|Rest|p1a: Snorlax\n|-status|p1a: Snorlax|slp|[from] move: Rest\n|-heal|p1a: Snorlax|397/397 slp|[silent]\n|\n|-heal|p2a: Bellibolt|290/320|[from] item: Leftovers\n|upkeep\n|turn|30\n|\n|t:|1733834756\n|move|p2a: Bellibolt|Volt Switch|p1a: Snorlax\n|-damage|p1a: Snorlax|331/397 slp\n|\n|t:|1733834759\n|switch|p2a: Golurk|Golurk, L87|297/297|[from] Volt Switch\n|cant|p1a: Snorlax|slp\n|move|p1a: Snorlax|Sleep Talk|p1a: Snorlax\n|move|p1a: Snorlax|Body Slam|p2a: Golurk|[from]move: Sleep Talk\n|-immune|p2a: Golurk\n|\n|upkeep\n|turn|31\n|\n|t:|1733834767\n|switch|p1a: Hypno|Hypno, L95, M|315/315\n|-status|p1a: Hypno|psn\n|move|p2a: Golurk|Dynamic Punch|p1a: Hypno\n|-resisted|p1a: Hypno\n|-damage|p1a: Hypno|244/315 psn\n|-start|p1a: Hypno|confusion\n|\n|-heal|p1a: Hypno|263/315 psn|[from] item: Leftovers\n|-damage|p1a: Hypno|224/315 psn|[from] psn\n|upkeep\n|turn|32\n|\n|t:|1733834773\n|switch|p2a: Mightyena|Mightyena, L95, M|265/287\n|-ability|p2a: Mightyena|Intimidate|boost\n|-unboost|p1a: Hypno|atk|1\n|-activate|p1a: Hypno|confusion\n|move|p1a: Hypno|Thunder Wave|p2a: Mightyena\n|-status|p2a: Mightyena|par\n|\n|-heal|p1a: Hypno|243/315 psn|[from] item: Leftovers\n|-damage|p1a: Hypno|204/315 psn|[from] psn\n|upkeep\n|turn|33\n|\n|t:|1733834787\n|switch|p1a: Snorlax|Snorlax, L82, M|331/397 slp\n|cant|p2a: Mightyena|par\n|\n|upkeep\n|turn|34\n|\n|t:|1733834792\n|switch|p2a: Golurk|Golurk, L87|297/297\n|cant|p1a: Snorlax|slp\n|move|p1a: Snorlax|Sleep Talk|p1a: Snorlax\n|move|p1a: Snorlax|Body Slam|p2a: Golurk|[from]move: Sleep Talk\n|-immune|p2a: Golurk\n|\n|upkeep\n|turn|35\n|\n|t:|1733834800\n|-terastallize|p1a: Snorlax|Fairy\n|move|p2a: Golurk|Dynamic Punch|p1a: Snorlax\n|-resisted|p1a: Snorlax\n|-crit|p1a: Snorlax\n|-damage|p1a: Snorlax|210/397 slp\n|-start|p1a: Snorlax|confusion\n|-curestatus|p1a: Snorlax|slp|[msg]\n|-activate|p1a: Snorlax|confusion\n|-damage|p1a: Snorlax|171/397|[from] confusion\n|\n|upkeep\n|turn|36\n|\n|t:|1733834809\n|switch|p2a: Mightyena|Mightyena, L95, M|265/287 par\n|-ability|p2a: Mightyena|Intimidate|boost\n|-unboost|p1a: Snorlax|atk|1\n|-activate|p1a: Snorlax|confusion\n|-damage|p1a: Snorlax|147/397|[from] confusion\n|\n|upkeep\n|turn|37\n|\n|t:|1733834814\n|switch|p2a: Golurk|Golurk, L87|297/297\n|-end|p1a: Snorlax|confusion\n|move|p1a: Snorlax|Rest|p1a: Snorlax\n|-status|p1a: Snorlax|slp|[from] move: Rest\n|-heal|p1a: Snorlax|397/397 slp|[silent]\n|\n|upkeep\n|turn|38\n|\n|t:|1733834817\n|move|p2a: Golurk|Poltergeist||[still]\n|-fail|p2a: Golurk\n|cant|p1a: Snorlax|slp\n|move|p1a: Snorlax|Sleep Talk|p1a: Snorlax\n|move|p1a: Snorlax|Curse|p1a: Snorlax|[from]move: Sleep Talk\n|-unboost|p1a: Snorlax|spe|1\n|-boost|p1a: Snorlax|atk|1\n|-boost|p1a: Snorlax|def|1\n|\n|upkeep\n|turn|39\n|\n|t:|1733834822\n|switch|p2a: Mightyena|Mightyena, L95, M|265/287 par\n|-ability|p2a: Mightyena|Intimidate|boost\n|-unboost|p1a: Snorlax|atk|1\n|cant|p1a: Snorlax|slp\n|move|p1a: Snorlax|Sleep Talk|p1a: Snorlax\n|move|p1a: Snorlax|Curse|p1a: Snorlax|[from]move: Sleep Talk\n|-unboost|p1a: Snorlax|spe|1\n|-boost|p1a: Snorlax|atk|1\n|-boost|p1a: Snorlax|def|1\n|\n|upkeep\n|turn|40\n|\n|t:|1733834828\n|switch|p2a: Golurk|Golurk, L87|297/297\n|-curestatus|p1a: Snorlax|slp|[msg]\n|move|p1a: Snorlax|Curse|p1a: Snorlax\n|-unboost|p1a: Snorlax|spe|1\n|-boost|p1a: Snorlax|atk|1\n|-boost|p1a: Snorlax|def|1\n|\n|upkeep\n|turn|41\n|\n|t:|1733834831\n|move|p2a: Golurk|Earthquake|p1a: Snorlax\n|-crit|p1a: Snorlax\n|-damage|p1a: Snorlax|25/397\n|move|p1a: Snorlax|Curse|p1a: Snorlax\n|-unboost|p1a: Snorlax|spe|1\n|-boost|p1a: Snorlax|atk|1\n|-boost|p1a: Snorlax|def|1\n|\n|upkeep\n|turn|42\n|\n|t:|1733834836\n|switch|p1a: Flamigo|Flamigo, L82, M|53/269\n|move|p2a: Golurk|Earthquake|p1a: Flamigo\n|-immune|p1a: Flamigo\n|\n|upkeep\n|turn|43\n|\n|t:|1733834842\n|switch|p2a: Bellibolt|Bellibolt, L84, M|290/320\n|move|p1a: Flamigo|Close Combat|p2a: Bellibolt\n|-damage|p2a: Bellibolt|80/320\n|-unboost|p1a: Flamigo|def|1\n|-unboost|p1a: Flamigo|spd|1\n|-start|p2a: Bellibolt|Charge|Close Combat|[from] ability: Electromorphosis\n|\n|-heal|p2a: Bellibolt|100/320|[from] item: Leftovers\n|upkeep\n|turn|44\n|\n|t:|1733834849\n|move|p1a: Flamigo|Close Combat|p2a: Bellibolt\n|-damage|p2a: Bellibolt|0 fnt\n|-unboost|p1a: Flamigo|def|1\n|-unboost|p1a: Flamigo|spd|1\n|faint|p2a: Bellibolt\n|\n|upkeep\n|\n|t:|1733834852\n|switch|p2a: Electivire|Electivire, L84, M|263/263\n|turn|45\n|\n|t:|1733834857\n|switch|p1a: Snorlax|Snorlax, L82, M, tera:Fairy|25/397\n|-status|p1a: Snorlax|psn\n|move|p2a: Electivire|Knock Off|p1a: Snorlax\n|-resisted|p1a: Snorlax\n|-damage|p1a: Snorlax|0 fnt\n|faint|p1a: Snorlax\n|-damage|p2a: Electivire|237/263|[from] item: Life Orb\n|\n|upkeep\n|\n|t:|1733834861\n|switch|p1a: Keldeo|Keldeo-Resolute, L79|239/273 psn\n|turn|46\n|\n|t:|1733834891\n|move|p1a: Keldeo|Substitute|p1a: Keldeo\n|-start|p1a: Keldeo|Substitute\n|-damage|p1a: Keldeo|171/273 psn\n|move|p2a: Electivire|Supercell Slam|p1a: Keldeo\n|-supereffective|p1a: Keldeo\n|-end|p1a: Keldeo|Substitute\n|-damage|p2a: Electivire|211/263|[from] item: Life Orb\n|\n|-heal|p1a: Keldeo|188/273 psn|[from] item: Leftovers\n|-damage|p1a: Keldeo|154/273 psn|[from] psn\n|upkeep\n|turn|47\n|\n|t:|1733834897\n|move|p1a: Keldeo|Substitute|p1a: Keldeo\n|-start|p1a: Keldeo|Substitute\n|-damage|p1a: Keldeo|86/273 psn\n|move|p2a: Electivire|Volt Switch|p1a: Keldeo\n|-supereffective|p1a: Keldeo\n|-end|p1a: Keldeo|Substitute\n|-damage|p2a: Electivire|185/263|[from] item: Life Orb\n|\n|t:|1733834906\n|switch|p2a: Mightyena|Mightyena, L95, M|265/287 par|[from] Volt Switch\n|-ability|p2a: Mightyena|Intimidate|boost\n|-unboost|p1a: Keldeo|atk|1\n|\n|-heal|p1a: Keldeo|103/273 psn|[from] item: Leftovers\n|-damage|p1a: Keldeo|69/273 psn|[from] psn\n|upkeep\n|turn|48\n|\n|t:|1733834916\n|switch|p2a: Golurk|Golurk, L87|297/297\n|move|p1a: Keldeo|Secret Sword|p2a: Golurk\n|-immune|p2a: Golurk\n|\n|-heal|p1a: Keldeo|86/273 psn|[from] item: Leftovers\n|-damage|p1a: Keldeo|52/273 psn|[from] psn\n|upkeep\n|turn|49\n|\n|t:|1733834922\n|switch|p2a: Mightyena|Mightyena, L95, M|265/287 par\n|-ability|p2a: Mightyena|Intimidate|boost\n|-unboost|p1a: Keldeo|atk|1\n|move|p1a: Keldeo|Hydro Pump|p2a: Mightyena\n|-damage|p2a: Mightyena|169/287 par\n|\n|-heal|p1a: Keldeo|69/273 psn|[from] item: Leftovers\n|-damage|p1a: Keldeo|35/273 psn|[from] psn\n|upkeep\n|turn|50\n|\n|t:|1733834944\n|-terastallize|p2a: Mightyena|Fairy\n|move|p1a: Keldeo|Secret Sword|p2a: Mightyena\n|-resisted|p2a: Mightyena\n|-damage|p2a: Mightyena|121/287 par\n|cant|p2a: Mightyena|par\n|\n|-heal|p1a: Keldeo|52/273 psn|[from] item: Leftovers\n|-damage|p1a: Keldeo|18/273 psn|[from] psn\n|upkeep\n|turn|51\n|\n|t:|1733834952\n|move|p1a: Keldeo|Hydro Pump|p2a: Mightyena\n|-damage|p2a: Mightyena|27/287 par\n|move|p2a: Mightyena|Throat Chop|p1a: Keldeo\n|-resisted|p1a: Keldeo\n|-damage|p1a: Keldeo|0 fnt\n|faint|p1a: Keldeo\n|\n|upkeep\n|\n|t:|1733834968\n|switch|p1a: Hypno|Hypno, L95, M|204/315 psn\n|turn|52\n|\n|t:|1733834972\n|move|p1a: Hypno|Psychic Noise|p2a: Mightyena\n|-damage|p2a: Mightyena|0 fnt\n|faint|p2a: Mightyena\n|\n|-heal|p1a: Hypno|223/315 psn|[from] item: Leftovers\n|-damage|p1a: Hypno|184/315 psn|[from] psn\n|upkeep\n|\n|t:|1733834977\n|switch|p2a: Electivire|Electivire, L84, M|185/263\n|turn|53\n|\n|t:|1733834982\n|move|p2a: Electivire|Knock Off|p1a: Hypno\n|-supereffective|p1a: Hypno\n|-damage|p1a: Hypno|0 fnt\n|-enditem|p1a: Hypno|Leftovers|[from] move: Knock Off|[of] p2a: Electivire\n|faint|p1a: Hypno\n|-damage|p2a: Electivire|159/263|[from] item: Life Orb\n|\n|upkeep\n|\n|t:|1733834984\n|switch|p1a: Flamigo|Flamigo, L82, M|53/269\n|turn|54\n|c|\u2606Waldehead|gg\n|c|\u2606useemstohavefun|gg\n|\n|t:|1733834994\n|move|p2a: Electivire|Volt Switch|p1a: Flamigo\n|-supereffective|p1a: Flamigo\n|-damage|p1a: Flamigo|0 fnt\n|faint|p1a: Flamigo\n|-damage|p2a: Electivire|133/263|[from] item: Life Orb\n|\n|win|useemstohavefun\n|raw|Waldehead's rating: 2331 &rarr; <strong>2308</strong><br />(-23 for losing)\n|raw|useemstohavefun's rating: 2281 &rarr; <strong>2304</strong><br />(+23 for winning)\n|l| nelsoNJ\n|l|\u2606Waldehead\n|player|p1|\n", "inputlog": ">version bfd83cad13791eb5a5a409923076391caf6fb4d4\n>start {\"formatid\":\"gen9randombattle\",\"seed\":[34937,36458,24825,27127],\"rated\":\"Rated battle\"}\n>player p1 {\"name\":\"Waldehead\",\"avatar\":\"170\",\"rating\":2331,\"seed\":[29790,46044,9159,5896]}\n>player p2 {\"name\":\"useemstohavefun\",\"avatar\":\"thorton\",\"rating\":2281,\"seed\":[35206,25942,4349,53326]}\n>p1 move uturn\n>p2 switch 6\n>p1 switch 3\n>p1 move calmmind\n>p2 switch 6\n>p1 switch 5\n>p2 move superfang\n>p1 move closecombat\n>p2 switch 6\n>p1 switch 3\n>p2 move roost\n>p1 move uturn\n>p2 move earthquake\n>p1 switch 6\n>p1 move curse\n>p2 switch 2\n>p1 move curse\n>p2 move taunt\n>p1 move bodyslam\n>p2 move knockoff\n>p1 move bodyslam\n>p2 switch 5\n>p1 move curse\n>p2 move stoneedge\n>p1 move rest\n>p2 move stoneedge\n>p1 move rest\n>p2 move stoneedge\n>p1 move rest\n>p2 switch 5\n>p1 move bodyslam\n>p2 move toxicspikes\n>p2 switch 5\n>p1 switch 3\n>p2 move dynamicpunch\n>p1 move throatchop\n>p2 switch 4\n>p1 switch 6\n>p2 move voltswitch\n>p2 switch 2\n>p1 switch 5\n>p2 move earthquake\n>p1 move calmmind\n>p2 move dragondance\n>p1 move calmmind\n>p2 move bravebird\n>p1 move recover\n>p2 move dragondance\n>p1 move aeroblast\n>p2 move bravebird\n>p1 move aeroblast\n>p2 move bravebird\n>p1 switch 5\n>p1 move fakeout\n>p2 switch 6\n>p1 move knockoff\n>p2 move throatchop\n>p1 switch 2\n>p1 move secretsword\n>p2 switch 6\n>p2 switch 2\n>p1 switch 3\n>p2 move thunderbolt\n>p1 move rest\n>p2 move thunderbolt\n>p1 move sleeptalk\n>p2 move voltswitch\n>p2 switch 4\n>p1 switch 4\n>p2 move dynamicpunch\n>p1 move thunderwave\n>p2 switch 6\n>p1 switch 4\n>p2 move throatchop\n>p1 move sleeptalk\n>p2 switch 6\n>p1 move curse terastallize\n>p2 move dynamicpunch\n>p1 move rest\n>p2 switch 6\n>p1 move rest\n>p2 switch 6\n>p1 move sleeptalk\n>p2 move poltergeist\n>p1 move sleeptalk\n>p2 switch 6\n>p1 move curse\n>p2 switch 6\n>p1 move curse\n>p2 move earthquake\n>p1 switch 6\n>p2 move earthquake\n>p1 move closecombat\n>p2 switch 4\n>p1 move closecombat\n>p2 move voltswitch\n>p2 switch 3\n>p1 switch 6\n>p2 move knockoff\n>p1 switch 3\n>p1 move substitute\n>p2 move supercellslam\n>p1 move substitute\n>p2 move voltswitch\n>p2 switch 6\n>p1 move secretsword\n>p2 switch 4\n>p1 move hydropump\n>p2 switch 4\n>p1 move secretsword\n>p2 move throatchop terastallize\n>p1 move hydropump\n>p2 move throatchop\n>p1 switch 4\n>p1 move psychicnoise\n>p2 move throatchop\n>p2 switch 6\n>p1 move psychicnoise\n>p2 move knockoff\n>p1 switch 6\n>chat \u2606Waldehead|gg\n>chat \u2606useemstohavefun|gg\n>p1 move closecombat\n>p2 move voltswitch", "uploadtime": 1733835001, "views": 1, "formatid": "gen9randombattle", "rating": 2304, "private": 0, "password": null}