{"id": "gen9randombattle-2255965769", "format": "[Gen 9] Random Battle", "players": ["yash123124", "dcenoris"], "log": "|badge|p2|silver|gen9randombattle|30-3\n|uhtml|medal-msg|<div class=\"broadcast-blue\">Curious what those medals under the avatar are? PS now has Ladder Seasons! For more information, check out the <a href=\"https://www.smogon.com/forums/threads/3740067/\">thread on Smogon.</a></div>\n|j|\u2606yash123124\n|j|\u2606dcenoris\n|t:|1733244814\n|gametype|singles\n|player|p1|yash123124|102|2201\n|player|p2|dcenoris|lucas|2354\n|teamsize|p1|6\n|teamsize|p2|6\n|gen|9\n|tier|[Gen 9] Random Battle\n|rated|\n|rule|Species Clause: Limit one of each Pok\u00e9mon\n|rule|HP Percentage Mod: HP is shown in percentages\n|rule|Sleep Clause Mod: Limit one foe put to sleep\n|rule|Illusion Level Mod: Illusion disguises the Pok\u00e9mon's true level\n|\n|t:|1733244814\n|start\n|switch|p1a: Ogerpon|Ogerpon-Wellspring, L76, F|247/247\n|switch|p2a: Baxcalibur|Baxcalibur, L75, M|295/295\n|turn|1\n|\n|t:|1733244837\n|move|p1a: Ogerpon|Knock Off|p2a: Baxcalibur\n|-damage|p2a: Baxcalibur|216/295\n|-enditem|p2a: Baxcalibur|Loaded Dice|[from] move: Knock Off|[of] p1a: Ogerpon\n|move|p2a: Baxcalibur|Scale Shot|p1a: Ogerpon\n|-damage|p1a: Ogerpon|213/247\n|-damage|p1a: Ogerpon|179/247\n|-hitcount|p1a: Ogerpon|2\n|-unboost|p2a: Baxcalibur|def|1\n|-boost|p2a: Baxcalibur|spe|1\n|\n|upkeep\n|turn|2\n|\n|t:|1733244863\n|move|p2a: Baxcalibur|Icicle Spear|p1a: Ogerpon\n|-damage|p1a: Ogerpon|145/247\n|-damage|p1a: Ogerpon|111/247\n|-crit|p1a: Ogerpon\n|-damage|p1a: Ogerpon|60/247\n|-damage|p1a: Ogerpon|23/247\n|-damage|p1a: Ogerpon|0 fnt\n|faint|p1a: Ogerpon\n|-hitcount|p1: Ogerpon|5\n|\n|upkeep\n|c|\u2606yash123124|bro did it forget it doesnt have loaded dice now\n|\n|t:|1733244902\n|switch|p1a: Reuniclus|Reuniclus, L88, M|337/337\n|turn|3\n|inactive|Battle timer is ON: inactive players will automatically lose when time's up. (requested by dcenoris)\n|\n|t:|1733244906\n|move|p2a: Baxcalibur|Icicle Spear|p1a: Reuniclus\n|-damage|p1a: Reuniclus|306/337\n|-damage|p1a: Reuniclus|272/337\n|-damage|p1a: Reuniclus|239/337\n|-hitcount|p1a: Reuniclus|3\n|move|p1a: Reuniclus|Psychic|p2a: Baxcalibur\n|-damage|p2a: Baxcalibur|24/295\n|\n|upkeep\n|turn|4\n|\n|t:|1733244910\n|move|p2a: Baxcalibur|Swords Dance|p2a: Baxcalibur\n|-boost|p2a: Baxcalibur|atk|2\n|move|p1a: Reuniclus|Recover|p1a: Reuniclus\n|-heal|p1a: Reuniclus|337/337\n|\n|upkeep\n|turn|5\n|\n|t:|1733244915\n|move|p2a: Baxcalibur|Icicle Spear|p1a: Reuniclus\n|-damage|p1a: Reuniclus|274/337\n|-damage|p1a: Reuniclus|210/337\n|-damage|p1a: Reuniclus|144/337\n|-damage|p1a: Reuniclus|83/337\n|-damage|p1a: Reuniclus|23/337\n|-hitcount|p1a: Reuniclus|5\n|move|p1a: Reuniclus|Psychic|p2a: Baxcalibur\n|-damage|p2a: Baxcalibur|0 fnt\n|faint|p2a: Baxcalibur\n|\n|upkeep\n|\n|t:|1733244927\n|switch|p2a: Magearna|Magearna, L77|250/250\n|turn|6\n|c|\u2606dcenoris|That was crazy lucky\n|\n|t:|1733244944\n|move|p2a: Magearna|Flash Cannon|p1a: Reuniclus\n|-damage|p1a: Reuniclus|0 fnt\n|faint|p1a: Reuniclus\n|-ability|p2a: Magearna|Soul-Heart|boost\n|-boost|p2a: Magearna|spa|1\n|\n|upkeep\n|\n|t:|1733244950\n|switch|p1a: Electrode|Electrode-Hisui, L87|246/246\n|turn|7\n|\n|t:|1733244964\n|move|p1a: Electrode|Thunder Wave|p2a: Magearna\n|-status|p2a: Magearna|par\n|move|p2a: Magearna|Fleur Cannon|p1a: Electrode\n|-damage|p1a: Electrode|29/246\n|-unboost|p2a: Magearna|spa|2\n|\n|upkeep\n|turn|8\n|\n|t:|1733244973\n|move|p1a: Electrode|Thunderbolt|p2a: Magearna\n|-damage|p2a: Magearna|149/250 par\n|-damage|p1a: Electrode|5/246|[from] item: Life Orb\n|cant|p2a: Magearna|par\n|\n|-heal|p2a: Magearna|164/250 par|[from] item: Leftovers\n|upkeep\n|turn|9\n|\n|t:|1733244983\n|move|p1a: Electrode|Thunderbolt|p2a: Magearna\n|-damage|p2a: Magearna|59/250 par\n|-damage|p1a: Electrode|0 fnt|[from] item: Life Orb\n|faint|p1a: Electrode\n|-ability|p2a: Magearna|Soul-Heart|boost\n|-boost|p2a: Magearna|spa|1\n|move|p2a: Magearna|Flash Cannon|p1: Electrode|[notarget]\n|-fail|p2a: Magearna\n|\n|-heal|p2a: Magearna|74/250 par|[from] item: Leftovers\n|upkeep\n|\n|t:|1733244995\n|switch|p1a: Gallade|Gallade, L81, M|243/243\n|turn|10\n|\n|t:|1733244999\n|move|p1a: Gallade|Sacred Sword|p2a: Magearna\n|-damage|p2a: Magearna|0 fnt\n|faint|p2a: Magearna\n|-damage|p1a: Gallade|219/243|[from] item: Life Orb\n|\n|upkeep\n|\n|t:|1733245004\n|switch|p2a: Metagross|Metagross, L79|256/256\n|turn|11\n|\n|t:|1733245020\n|-terastallize|p1a: Gallade|Dark\n|move|p1a: Gallade|Night Slash|p2a: Metagross\n|-supereffective|p2a: Metagross\n|-damage|p2a: Metagross|0 fnt\n|faint|p2a: Metagross\n|-damage|p1a: Gallade|195/243|[from] item: Life Orb\n|\n|upkeep\n|\n|t:|1733245043\n|switch|p2a: Toxtricity|Toxtricity, L82, F|257/257\n|turn|12\n|\n|t:|1733245069\n|-terastallize|p2a: Toxtricity|Normal\n|move|p1a: Gallade|Sacred Sword|p2a: Toxtricity\n|-supereffective|p2a: Toxtricity\n|-damage|p2a: Toxtricity|0 fnt\n|faint|p2a: Toxtricity\n|-damage|p1a: Gallade|171/243|[from] item: Life Orb\n|\n|upkeep\n|-message|dcenoris forfeited.\n|\n|win|yash123124\n|raw|yash123124's rating: 2201 &rarr; <strong>2229</strong><br />(+28 for winning)\n|raw|dcenoris's rating: 2354 &rarr; <strong>2326</strong><br />(-28 for losing)\n|l|\u2606dcenoris\n|player|p2|\n|c|\u2606yash123124|gg\n", "inputlog": ">version e48f6dfff000f7b3be093ad2254a4a3a4dfcfd29\n>start {\"formatid\":\"gen9randombattle\",\"seed\":[4558,25909,28892,6654],\"rated\":\"Rated battle\"}\n>player p1 {\"name\":\"yash123124\",\"avatar\":\"102\",\"rating\":2201,\"seed\":[43914,2671,33921,12990]}\n>player p2 {\"name\":\"dcenoris\",\"avatar\":\"lucas\",\"rating\":2354,\"seed\":[14704,1658,51711,50560]}\n>p1 move knockoff\n>p2 move scaleshot\n>p1 move hornleech\n>p2 move iciclespear\n>chat \u2606yash123124|bro did it forget it doesnt have loaded dice now\n>p1 switch 4\n>p1 move psychic\n>p2 move iciclespear\n>p1 move recover\n>p2 move swordsdance\n>p1 move psychic\n>p2 move iciclespear\n>p2 switch 4\n>chat \u2606dcenoris|That was crazy lucky \n>p1 move recover\n>p2 move flashcannon\n>p1 switch 3\n>p1 move thunderwave\n>p2 move fleurcannon\n>p1 move thunderbolt\n>p2 move flashcannon\n>p1 move thunderbolt\n>p2 move flashcannon\n>p1 switch 5\n>p1 move sacredsword\n>p2 move fleurcannon\n>p2 switch 2\n>p1 move nightslash terastallize\n>p2 move agility\n>p2 switch 5\n>p1 move sacredsword\n>p2 move boomburst terastallize\n>forcelose p2", "uploadtime": 1733245081, "views": 16, "formatid": "gen9randombattle", "rating": 2229, "private": 0, "password": null}