{"id": "gen9randombattle-2260653016", "format": "[Gen 9] Random Battle", "players": ["hfudge", "SirNeru"], "log": "|j|\u2606hfudge\n|j|\u2606SirNeru\n|t:|1733874157\n|gametype|singles\n|player|p1|hfudge|dawn|1389\n|player|p2|SirNeru|1|1348\n|teamsize|p1|6\n|teamsize|p2|6\n|gen|9\n|tier|[Gen 9] Random Battle\n|rated|\n|rule|Species Clause: Limit one of each Pok\u00e9mon\n|rule|HP Percentage Mod: HP is shown in percentages\n|rule|Sleep Clause Mod: Limit one foe put to sleep\n|rule|Illusion Level Mod: Illusion disguises the Pok\u00e9mon's true level\n|\n|t:|1733874157\n|start\n|switch|p1a: Regice|Regice, L88|284/284\n|switch|p2a: Primarina|Primarina, L83, M|268/268\n|turn|1\n|\n|t:|1733874197\n|move|p2a: Primarina|Flip Turn|p1a: Regice\n|-damage|p1a: Regice|238/284\n|inactive|Battle timer is ON: inactive players will automatically lose when time's up. (requested by hfudge)\n|\n|t:|1733874207\n|switch|p2a: Kricketune|Kricketune, L99, M|312/312|[from] Flip Turn\n|move|p1a: Regice|Thunderbolt|p2a: Kricketune\n|-damage|p2a: Kricketune|225/312\n|\n|upkeep\n|turn|2\n|\n|t:|1733874219\n|move|p2a: Kricketune|Sticky Web|p1a: Regice\n|-sidestart|p1: hfudge|move: Sticky Web\n|move|p1a: Regice|Ice Beam|p2a: Kricketune\n|-damage|p2a: Kricketune|101/312\n|\n|upkeep\n|turn|3\n|\n|t:|1733874231\n|move|p2a: Kricketune|Knock Off|p1a: Regice\n|-damage|p1a: Regice|164/284\n|-enditem|p1a: Regice|Heavy-Duty Boots|[from] move: Knock Off|[of] p2a: Kricketune\n|move|p1a: Regice|Ice Beam|p2a: Kricketune\n|-damage|p2a: Kricketune|0 fnt\n|faint|p2a: Kricketune\n|\n|upkeep\n|\n|t:|1733874239\n|switch|p2a: Dudunsparce|Dudunsparce-Three-Segment, L83, M|343/343\n|turn|4\n|\n|t:|1733874250\n|move|p2a: Dudunsparce|Glare|p1a: Regice\n|-status|p1a: Regice|par\n|cant|p1a: Regice|par\n|\n|upkeep\n|turn|5\n|\n|t:|1733874256\n|move|p2a: Dudunsparce|Headbutt|p1a: Regice\n|-damage|p1a: Regice|100/284 par\n|cant|p1a: Regice|flinch\n|\n|upkeep\n|turn|6\n|\n|t:|1733874260\n|move|p2a: Dudunsparce|Earthquake|p1a: Regice\n|-damage|p1a: Regice|33/284 par\n|move|p1a: Regice|Body Press|p2a: Dudunsparce\n|-supereffective|p2a: Dudunsparce\n|-damage|p2a: Dudunsparce|213/343\n|\n|-heal|p2a: Dudunsparce|234/343|[from] item: Leftovers\n|upkeep\n|turn|7\n|\n|t:|1733874268\n|move|p2a: Dudunsparce|Headbutt|p1a: Regice\n|-damage|p1a: Regice|0 fnt\n|faint|p1a: Regice\n|\n|-heal|p2a: Dudunsparce|255/343|[from] item: Leftovers\n|upkeep\n|\n|t:|1733874285\n|switch|p1a: Sunflora|Sunflora, M|312/312\n|-activate|p1a: Sunflora|move: Sticky Web\n|-unboost|p1a: Sunflora|spe|1\n|turn|8\n|\n|t:|1733874296\n|move|p2a: Dudunsparce|Glare|p1a: Sunflora\n|-status|p1a: Sunflora|par\n|move|p1a: Sunflora|Leaf Storm|p2a: Dudunsparce|[miss]\n|-miss|p1a: Sunflora|p2a: Dudunsparce\n|\n|-heal|p2a: Dudunsparce|276/343|[from] item: Leftovers\n|upkeep\n|turn|9\n|\n|t:|1733874303\n|move|p2a: Dudunsparce|Headbutt|p1a: Sunflora\n|-damage|p1a: Sunflora|230/312 par\n|cant|p1a: Sunflora|flinch\n|\n|-heal|p2a: Dudunsparce|297/343|[from] item: Leftovers\n|upkeep\n|turn|10\n|\n|t:|1733874308\n|move|p2a: Dudunsparce|Headbutt|p1a: Sunflora\n|-damage|p1a: Sunflora|143/312 par\n|move|p1a: Sunflora|Leaf Storm|p2a: Dudunsparce|[miss]\n|-miss|p1a: Sunflora|p2a: Dudunsparce\n|\n|-heal|p2a: Dudunsparce|318/343|[from] item: Leftovers\n|upkeep\n|turn|11\n|\n|t:|1733874313\n|move|p2a: Dudunsparce|Headbutt|p1a: Sunflora\n|-damage|p1a: Sunflora|47/312 par\n|cant|p1a: Sunflora|par\n|\n|-heal|p2a: Dudunsparce|339/343|[from] item: Leftovers\n|upkeep\n|turn|12\n|\n|t:|1733874319\n|move|p2a: Dudunsparce|Headbutt|p1a: Sunflora\n|-damage|p1a: Sunflora|0 fnt\n|faint|p1a: Sunflora\n|\n|-heal|p2a: Dudunsparce|343/343|[from] item: Leftovers\n|upkeep\n|c|\u2606hfudge|MIGHT JUST END IT ALL\n|c|\u2606SirNeru|Im so sorry\n|c|\u2606hfudge|crying\n|inactive|hfudge has 120 seconds left.\n|\n|t:|1733874355\n|switch|p1a: Pikachu|Pikachu, L93, F|216/216\n|-activate|p1a: Pikachu|move: Sticky Web\n|-unboost|p1a: Pikachu|spe|1\n|turn|13\n|inactive|hfudge has 120 seconds left.\n|c|\u2606hfudge|gg\n|-message|hfudge forfeited.\n|\n|win|SirNeru\n|raw|hfudge's rating: 1389 &rarr; <strong>1367</strong><br />(-22 for losing)\n|raw|SirNeru's rating: 1348 &rarr; <strong>1370</strong><br />(+22 for winning)\n|l|\u2606hfudge\n|player|p1|\n|l|\u2606SirNeru\n|player|p2|\n|j|\u2606SirNeru\n|player|p2|SirNeru|1|\n", "inputlog": ">version bfd83cad13791eb5a5a409923076391caf6fb4d4\n>start {\"formatid\":\"gen9randombattle\",\"seed\":[4095,15505,32788,56889],\"rated\":\"Rated battle\"}\n>player p1 {\"name\":\"hfudge\",\"avatar\":\"dawn\",\"rating\":1389,\"seed\":[22007,39110,34577,43193]}\n>player p2 {\"name\":\"SirNeru\",\"avatar\":\"1\",\"rating\":1348,\"seed\":[34904,39204,45062,33205]}\n>p1 move thunderbolt\n>p2 move flipturn\n>p2 switch 4\n>p1 move icebeam\n>p2 move stickyweb\n>p1 move icebeam\n>p2 move knockoff\n>p2 switch 5\n>p1 move bodypress\n>p2 move glare\n>p1 move bodypress\n>p2 move headbutt\n>p1 move bodypress\n>p2 move earthquake\n>p1 move bodypress\n>p2 move headbutt\n>p1 switch 6\n>p1 move leafstorm\n>p2 move glare\n>p1 move leafstorm\n>p2 move headbutt\n>p1 move leafstorm\n>p2 move headbutt\n>p1 move leafstorm\n>p2 move headbutt\n>p1 move leafstorm\n>p2 move headbutt\n>chat \u2606hfudge|MIGHT JUST END IT ALL\n>chat \u2606SirNeru|Im so sorry \n>chat \u2606hfudge|crying\n>p1 switch 3\n>chat \u2606hfudge|gg\n>forcelose p1", "uploadtime": 1733874519, "views": 1, "formatid": "gen9randombattle", "rating": 1367, "private": 0, "password": null}