{"id": "gen9randombattle-2260862039", "format": "[Gen 9] Random Battle", "players": ["mckenzieCLIO44", "Ugvyytttfcdddc"], "log": "|j|\u2606mckenzieCLIO44\n|j|\u2606Ugvyytttfcdddc\n|t:|1733906307\n|gametype|singles\n|player|p1|mckenzieCLIO44|170|1056\n|player|p2|Ugvyytttfcdddc|102|1000\n|teamsize|p1|6\n|teamsize|p2|6\n|gen|9\n|tier|[Gen 9] Random Battle\n|rated|\n|rule|Species Clause: Limit one of each Pok\u00e9mon\n|rule|HP Percentage Mod: HP is shown in percentages\n|rule|Sleep Clause Mod: Limit one foe put to sleep\n|rule|Illusion Level Mod: Illusion disguises the Pok\u00e9mon's true level\n|\n|t:|1733906307\n|start\n|switch|p1a: Golurk|Golurk, L87|297/297\n|switch|p2a: Kyurem|Kyurem-Black, L71|295/295\n|-ability|p2a: Kyurem|Teravolt\n|turn|1\n|\n|t:|1733906322\n|move|p2a: Kyurem|Icicle Spear|p1a: Golurk\n|-supereffective|p1a: Golurk\n|-damage|p1a: Golurk|229/297\n|-supereffective|p1a: Golurk\n|-damage|p1a: Golurk|167/297\n|-supereffective|p1a: Golurk\n|-damage|p1a: Golurk|101/297\n|-supereffective|p1a: Golurk\n|-damage|p1a: Golurk|35/297\n|-supereffective|p1a: Golurk\n|-damage|p1a: Golurk|0 fnt\n|faint|p1a: Golurk\n|-hitcount|p1: Golurk|5\n|\n|upkeep\n|\n|t:|1733906335\n|switch|p1a: Cloyster|Cloyster, L80, F|211/211\n|turn|2\n|inactive|Battle timer is ON: inactive players will automatically lose when time's up. (requested by mckenzieCLIO44)\n|\n|t:|1733906345\n|switch|p2a: Giratina|Giratina, L75|349/349\n|-ability|p2a: Giratina|Pressure\n|move|p1a: Cloyster|Rock Blast|p2a: Giratina\n|-damage|p2a: Giratina|333/349\n|-damage|p2a: Giratina|318/349\n|-damage|p2a: Giratina|301/349\n|-damage|p2a: Giratina|284/349\n|-damage|p2a: Giratina|269/349\n|-hitcount|p2a: Giratina|5\n|\n|-heal|p2a: Giratina|290/349|[from] item: Leftovers\n|upkeep\n|turn|3\n|\n|t:|1733906354\n|move|p2a: Giratina|Will-O-Wisp|p1a: Cloyster\n|-status|p1a: Cloyster|brn\n|move|p1a: Cloyster|Icicle Spear|p2a: Giratina\n|-supereffective|p2a: Giratina\n|-damage|p2a: Giratina|269/349\n|-supereffective|p2a: Giratina\n|-damage|p2a: Giratina|247/349\n|-supereffective|p2a: Giratina\n|-damage|p2a: Giratina|225/349\n|-supereffective|p2a: Giratina\n|-damage|p2a: Giratina|201/349\n|-supereffective|p2a: Giratina\n|-damage|p2a: Giratina|177/349\n|-hitcount|p2a: Giratina|5\n|\n|-heal|p2a: Giratina|198/349|[from] item: Leftovers\n|-damage|p1a: Cloyster|198/211 brn|[from] brn\n|upkeep\n|turn|4\n|\n|t:|1733906374\n|move|p2a: Giratina|Shadow Ball|p1a: Cloyster\n|-damage|p1a: Cloyster|78/211 brn\n|move|p1a: Cloyster|Hydro Pump|p2a: Giratina\n|-resisted|p2a: Giratina\n|-damage|p2a: Giratina|154/349\n|\n|-heal|p2a: Giratina|175/349|[from] item: Leftovers\n|-damage|p1a: Cloyster|65/211 brn|[from] brn\n|upkeep\n|turn|5\n|\n|t:|1733906390\n|switch|p1a: Okidogi|Okidogi, L77, M|262/262\n|move|p2a: Giratina|Shadow Ball|p1a: Okidogi\n|-damage|p1a: Okidogi|189/262\n|\n|-heal|p2a: Giratina|196/349|[from] item: Leftovers\n|-heal|p1a: Okidogi|205/262|[from] item: Leftovers\n|upkeep\n|turn|6\n|\n|t:|1733906395\n|move|p2a: Giratina|Will-O-Wisp|p1a: Okidogi\n|-status|p1a: Okidogi|brn\n|move|p1a: Okidogi|Knock Off|p2a: Giratina\n|-supereffective|p2a: Giratina\n|-damage|p2a: Giratina|130/349\n|-enditem|p2a: Giratina|Leftovers|[from] move: Knock Off|[of] p1a: Okidogi\n|\n|-heal|p1a: Okidogi|221/262 brn|[from] item: Leftovers\n|-damage|p1a: Okidogi|205/262 brn|[from] brn\n|upkeep\n|turn|7\n|\n|t:|1733906402\n|move|p2a: Giratina|Shadow Ball|p1a: Okidogi\n|-damage|p1a: Okidogi|121/262 brn\n|move|p1a: Okidogi|Knock Off|p2a: Giratina\n|-supereffective|p2a: Giratina\n|-damage|p2a: Giratina|86/349\n|\n|-heal|p1a: Okidogi|137/262 brn|[from] item: Leftovers\n|-damage|p1a: Okidogi|121/262 brn|[from] brn\n|upkeep\n|turn|8\n|\n|t:|1733906413\n|move|p2a: Giratina|Shadow Ball|p1a: Okidogi\n|-damage|p1a: Okidogi|36/262 brn\n|move|p1a: Okidogi|Gunk Shot|p2a: Giratina\n|-resisted|p2a: Giratina\n|-damage|p2a: Giratina|56/349\n|-status|p2a: Giratina|tox|[from] ability: Toxic Chain|[of] p1a: Okidogi\n|\n|-heal|p1a: Okidogi|52/262 brn|[from] item: Leftovers\n|-damage|p2a: Giratina|35/349 tox|[from] psn\n|-damage|p1a: Okidogi|36/262 brn|[from] brn\n|upkeep\n|turn|9\n|\n|t:|1733906419\n|move|p2a: Giratina|Shadow Ball|p1a: Okidogi\n|-damage|p1a: Okidogi|0 fnt\n|faint|p1a: Okidogi\n|\n|-damage|p2a: Giratina|0 fnt|[from] psn\n|faint|p2a: Giratina\n|upkeep\n|\n|t:|1733906435\n|switch|p2a: Deoxys|Deoxys-Attack, L72|191/191\n|switch|p1a: Cloyster|Cloyster, L80, F|65/211 brn\n|-ability|p2a: Deoxys|Pressure\n|turn|10\n|\n|t:|1733906445\n|move|p2a: Deoxys|Superpower|p1a: Cloyster\n|-supereffective|p1a: Cloyster\n|-damage|p1a: Cloyster|0 fnt\n|-unboost|p2a: Deoxys|atk|1\n|-unboost|p2a: Deoxys|def|1\n|faint|p1a: Cloyster\n|-damage|p2a: Deoxys|172/191|[from] item: Life Orb\n|\n|upkeep\n|\n|t:|1733906453\n|switch|p1a: Trevenant|Trevenant, L88, M|293/293\n|turn|11\n|\n|t:|1733906459\n|move|p2a: Deoxys|Knock Off|p1a: Trevenant\n|-supereffective|p1a: Trevenant\n|-damage|p1a: Trevenant|145/293\n|-enditem|p1a: Trevenant|Sitrus Berry|[from] move: Knock Off|[of] p2a: Deoxys\n|-damage|p2a: Deoxys|153/191|[from] item: Life Orb\n|move|p1a: Trevenant|Toxic|p2a: Deoxys\n|-status|p2a: Deoxys|tox\n|\n|-damage|p2a: Deoxys|142/191 tox|[from] psn\n|upkeep\n|turn|12\n|\n|t:|1733906468\n|move|p1a: Trevenant|Protect|p1a: Trevenant\n|-singleturn|p1a: Trevenant|Protect\n|move|p2a: Deoxys|Psycho Boost|p1a: Trevenant\n|-activate|p1a: Trevenant|move: Protect\n|\n|-damage|p2a: Deoxys|120/191 tox|[from] psn\n|upkeep\n|turn|13\n|\n|t:|1733906482\n|move|p2a: Deoxys|Psycho Boost|p1a: Trevenant\n|-damage|p1a: Trevenant|0 fnt\n|-unboost|p2a: Deoxys|spa|2\n|faint|p1a: Trevenant\n|-damage|p2a: Deoxys|101/191 tox|[from] item: Life Orb\n|\n|-damage|p2a: Deoxys|68/191 tox|[from] psn\n|upkeep\n|\n|t:|1733906498\n|switch|p1a: Oricorio|Oricorio-Pa'u, L87, M|272/272\n|turn|14\n|\n|t:|1733906506\n|move|p2a: Deoxys|Knock Off|p1a: Oricorio\n|-supereffective|p1a: Oricorio\n|-damage|p1a: Oricorio|106/272\n|-enditem|p1a: Oricorio|Heavy-Duty Boots|[from] move: Knock Off|[of] p2a: Deoxys\n|-damage|p2a: Deoxys|49/191 tox|[from] item: Life Orb\n|move|p1a: Oricorio|Revelation Dance|p2a: Deoxys\n|-resisted|p2a: Deoxys\n|-damage|p2a: Deoxys|0 fnt\n|faint|p2a: Deoxys\n|\n|upkeep\n|\n|t:|1733906516\n|switch|p2a: Cetitan|Cetitan, L82, M|412/412\n|turn|15\n|\n|t:|1733906522\n|move|p2a: Cetitan|Ice Shard|p1a: Oricorio\n|-supereffective|p1a: Oricorio\n|-damage|p1a: Oricorio|4/272\n|move|p1a: Oricorio|Hurricane|p2a: Cetitan\n|-damage|p2a: Cetitan|238/412\n|\n|upkeep\n|turn|16\n|\n|t:|1733906533\n|move|p1a: Oricorio|Revelation Dance|p2a: Cetitan\n|-damage|p2a: Cetitan|82/412\n|-enditem|p2a: Cetitan|Sitrus Berry|[eat]\n|-heal|p2a: Cetitan|185/412|[from] item: Sitrus Berry\n|move|p2a: Cetitan|Belly Drum||[still]\n|-fail|p2a: Cetitan\n|\n|upkeep\n|turn|17\n|\n|t:|1733906544\n|move|p2a: Cetitan|Ice Shard|p1a: Oricorio\n|-supereffective|p1a: Oricorio\n|-damage|p1a: Oricorio|0 fnt\n|faint|p1a: Oricorio\n|\n|upkeep\n|\n|t:|1733906548\n|switch|p1a: Probopass|Probopass, L92, F|260/260\n|turn|18\n|\n|t:|1733906553\n|move|p2a: Cetitan|Earthquake|p1a: Probopass\n|-supereffective|p1a: Probopass\n|-damage|p1a: Probopass|76/260\n|move|p1a: Probopass|Thunder Wave|p2a: Cetitan\n|-status|p2a: Cetitan|par\n|\n|-heal|p1a: Probopass|92/260|[from] item: Leftovers\n|upkeep\n|turn|19\n|\n|t:|1733906559\n|move|p1a: Probopass|Body Press|p2a: Cetitan\n|-supereffective|p2a: Cetitan\n|-damage|p2a: Cetitan|0 fnt\n|faint|p2a: Cetitan\n|\n|-heal|p1a: Probopass|108/260|[from] item: Leftovers\n|upkeep\n|\n|t:|1733906561\n|switch|p2a: Rhyperior|Rhyperior, L82, M|323/323\n|turn|20\n|\n|t:|1733906569\n|move|p1a: Probopass|Body Press|p2a: Rhyperior\n|-supereffective|p2a: Rhyperior\n|-damage|p2a: Rhyperior|215/323\n|move|p2a: Rhyperior|Earthquake|p1a: Probopass\n|-supereffective|p1a: Probopass\n|-damage|p1a: Probopass|0 fnt\n|faint|p1a: Probopass\n|\n|win|Ugvyytttfcdddc\n|raw|mckenzieCLIO44's rating: 1056 &rarr; <strong>1035</strong><br />(-21 for losing)\n|raw|Ugvyytttfcdddc's rating: 1000 &rarr; <strong>1046</strong><br />(+46 for winning)\n|l|\u2606mckenzieCLIO44\n|player|p1|\n", "inputlog": ">version bfd83cad13791eb5a5a409923076391caf6fb4d4\n>start {\"formatid\":\"gen9randombattle\",\"seed\":[18611,42202,10501,3549],\"rated\":\"Rated battle\"}\n>player p1 {\"name\":\"mckenzieCLIO44\",\"avatar\":\"170\",\"rating\":1056,\"seed\":[11993,3150,56476,46042]}\n>player p2 {\"name\":\"Ugvyytttfcdddc\",\"avatar\":\"102\",\"rating\":1000,\"seed\":[8893,30162,54543,29252]}\n>p1 move stealthrock\n>p2 move iciclespear\n>p1 switch 4\n>p1 move rockblast\n>p2 switch 4\n>p1 move iciclespear\n>p2 move willowisp\n>p1 move hydropump\n>p2 move shadowball\n>p1 switch 3\n>p2 move shadowball\n>p1 move knockoff\n>p2 move willowisp\n>p1 move knockoff\n>p2 move shadowball\n>p1 move gunkshot\n>p2 move shadowball\n>p1 move knockoff\n>p2 move shadowball\n>p1 switch 3\n>p2 switch 6\n>p1 move rockblast\n>p2 move superpower\n>p1 switch 2\n>p1 move toxic\n>p2 move knockoff\n>p1 move protect\n>p2 move psychoboost\n>p1 move poltergeist\n>p2 move psychoboost\n>p1 switch 5\n>p1 move revelationdance\n>p2 move knockoff\n>p2 switch 3\n>p1 move hurricane\n>p2 move iceshard\n>p1 move revelationdance\n>p2 move bellydrum\n>p1 move revelationdance\n>p2 move iceshard\n>p1 switch 6\n>p1 move thunderwave\n>p2 move earthquake\n>p1 move bodypress\n>p2 move earthquake\n>p2 switch 5\n>p1 move bodypress\n>p2 move earthquake", "uploadtime": 1733906579, "views": 1, "formatid": "gen9randombattle", "rating": 1035, "private": 0, "password": null}