{"id": "gen9randombattle-2260887108", "format": "[Gen 9] Random Battle", "players": ["Non-buneary GaoGao", "Timsen2107"], "log": "|j|\u2606Non-buneary GaoGao\n|j|\u2606Timsen2107\n|t:|1733911062\n|gametype|singles\n|player|p1|Non-buneary GaoGao|266|1136\n|player|p2|Timsen2107|lady|1095\n|teamsize|p1|6\n|teamsize|p2|6\n|gen|9\n|tier|[Gen 9] Random Battle\n|rated|\n|rule|Species Clause: Limit one of each Pok\u00e9mon\n|rule|HP Percentage Mod: HP is shown in percentages\n|rule|Sleep Clause Mod: Limit one foe put to sleep\n|rule|Illusion Level Mod: Illusion disguises the Pok\u00e9mon's true level\n|\n|t:|1733911062\n|start\n|switch|p1a: Urshifu|Urshifu, L74, M|270/270\n|switch|p2a: Coalossal|Coalossal, L89, F|341/341\n|turn|1\n|\n|t:|1733911076\n|move|p1a: Urshifu|Swords Dance|p1a: Urshifu\n|-boost|p1a: Urshifu|atk|2\n|move|p2a: Coalossal|Spikes|p1a: Urshifu\n|-sidestart|p1: Non-buneary GaoGao|Spikes\n|\n|upkeep\n|turn|2\n|\n|t:|1733911084\n|move|p1a: Urshifu|Wicked Blow|p2a: Coalossal\n|-crit|p2a: Coalossal\n|-damage|p2a: Coalossal|114/341\n|-damage|p1a: Urshifu|243/270|[from] item: Life Orb\n|move|p2a: Coalossal|Spikes|p1a: Urshifu\n|-sidestart|p1: Non-buneary GaoGao|Spikes\n|\n|upkeep\n|turn|3\n|\n|t:|1733911093\n|move|p1a: Urshifu|Wicked Blow|p2a: Coalossal\n|-crit|p2a: Coalossal\n|-damage|p2a: Coalossal|0 fnt\n|faint|p2a: Coalossal\n|-damage|p1a: Urshifu|216/270|[from] item: Life Orb\n|\n|upkeep\n|\n|t:|1733911117\n|switch|p2a: Braviary|Braviary, L85, M|309/309\n|turn|4\n|\n|t:|1733911127\n|move|p1a: Urshifu|Sucker Punch|p2a: Braviary\n|-damage|p2a: Braviary|91/309\n|-damage|p1a: Urshifu|189/270|[from] item: Life Orb\n|move|p2a: Braviary|Brave Bird|p1a: Urshifu\n|-supereffective|p1a: Urshifu\n|-damage|p1a: Urshifu|0 fnt\n|faint|p1a: Urshifu\n|-damage|p2a: Braviary|29/309|[from] Recoil\n|\n|upkeep\n|\n|t:|1733911146\n|switch|p1a: Honchkrow|Honchkrow, L86, M|312/312\n|turn|5\n|\n|t:|1733911155\n|move|p1a: Honchkrow|Sucker Punch||[still]\n|-fail|p1a: Honchkrow\n|move|p2a: Braviary|Roost|p2a: Braviary\n|-heal|p2a: Braviary|184/309\n|-singleturn|p2a: Braviary|move: Roost\n|\n|upkeep\n|turn|6\n|\n|t:|1733911161\n|move|p2a: Braviary|Roost|p2a: Braviary\n|-heal|p2a: Braviary|309/309\n|-singleturn|p2a: Braviary|move: Roost\n|move|p1a: Honchkrow|Thunder Wave|p2a: Braviary\n|-status|p2a: Braviary|par\n|\n|upkeep\n|turn|7\n|\n|t:|1733911172\n|move|p1a: Honchkrow|Lash Out|p2a: Braviary\n|-damage|p2a: Braviary|192/309 par\n|move|p2a: Braviary|Close Combat|p1a: Honchkrow\n|-damage|p1a: Honchkrow|175/312\n|-unboost|p2a: Braviary|def|1\n|-unboost|p2a: Braviary|spd|1\n|\n|upkeep\n|turn|8\n|\n|t:|1733911189\n|move|p1a: Honchkrow|Lash Out|p2a: Braviary\n|-damage|p2a: Braviary|18/309 par\n|move|p2a: Braviary|Close Combat|p1a: Honchkrow\n|-damage|p1a: Honchkrow|30/312\n|-unboost|p2a: Braviary|def|1\n|-unboost|p2a: Braviary|spd|1\n|\n|upkeep\n|turn|9\n|\n|t:|1733911197\n|move|p1a: Honchkrow|Lash Out|p2a: Braviary\n|-damage|p2a: Braviary|0 fnt\n|faint|p2a: Braviary\n|-ability|p1a: Honchkrow|Moxie|boost\n|-boost|p1a: Honchkrow|atk|1\n|\n|upkeep\n|\n|t:|1733911207\n|switch|p2a: Garganacl|Garganacl, L80, M|291/291\n|turn|10\n|\n|t:|1733911214\n|move|p1a: Honchkrow|Thunder Wave|p2a: Garganacl\n|-immune|p2a: Garganacl|[from] ability: Purifying Salt\n|move|p2a: Garganacl|Iron Defense|p2a: Garganacl\n|-boost|p2a: Garganacl|def|2\n|\n|upkeep\n|turn|11\n|\n|t:|1733911224\n|move|p1a: Honchkrow|Lash Out|p2a: Garganacl\n|-damage|p2a: Garganacl|227/291\n|move|p2a: Garganacl|Iron Defense|p2a: Garganacl\n|-boost|p2a: Garganacl|def|2\n|\n|-heal|p2a: Garganacl|245/291|[from] item: Leftovers\n|upkeep\n|turn|12\n|\n|t:|1733911249\n|move|p1a: Honchkrow|Brave Bird|p2a: Garganacl\n|-resisted|p2a: Garganacl\n|-damage|p2a: Garganacl|215/291\n|-damage|p1a: Honchkrow|20/312|[from] Recoil\n|move|p2a: Garganacl|Body Press|p1a: Honchkrow\n|-damage|p1a: Honchkrow|0 fnt\n|faint|p1a: Honchkrow\n|\n|-heal|p2a: Garganacl|233/291|[from] item: Leftovers\n|upkeep\n|\n|t:|1733911252\n|switch|p1a: Enamorus|Enamorus, L79, F|247/247\n|turn|13\n|\n|t:|1733911263\n|move|p1a: Enamorus|Calm Mind|p1a: Enamorus\n|-boost|p1a: Enamorus|spa|1\n|-boost|p1a: Enamorus|spd|1\n|move|p2a: Garganacl|Body Press|p1a: Enamorus\n|-resisted|p1a: Enamorus\n|-damage|p1a: Enamorus|181/247\n|-start|p2a: Garganacl|Attract|[from] ability: Cute Charm|[of] p1a: Enamorus\n|\n|-heal|p2a: Garganacl|251/291|[from] item: Leftovers\n|upkeep\n|turn|14\n|\n|t:|1733911279\n|-terastallize|p2a: Garganacl|Ghost\n|move|p1a: Enamorus|Calm Mind|p1a: Enamorus\n|-boost|p1a: Enamorus|spa|1\n|-boost|p1a: Enamorus|spd|1\n|-activate|p2a: Garganacl|move: Attract|[of] p1a: Enamorus\n|cant|p2a: Garganacl|Attract\n|\n|-heal|p2a: Garganacl|269/291|[from] item: Leftovers\n|upkeep\n|turn|15\n|\n|t:|1733911292\n|move|p1a: Enamorus|Moonblast|p2a: Garganacl\n|-damage|p2a: Garganacl|38/291\n|-activate|p2a: Garganacl|move: Attract|[of] p1a: Enamorus\n|cant|p2a: Garganacl|Attract\n|\n|-heal|p2a: Garganacl|56/291|[from] item: Leftovers\n|upkeep\n|turn|16\n|\n|t:|1733911298\n|move|p1a: Enamorus|Moonblast|p2a: Garganacl\n|-damage|p2a: Garganacl|0 fnt\n|faint|p2a: Garganacl\n|\n|upkeep\n|\n|t:|1733911363\n|switch|p2a: Torkoal|Torkoal, L88, M|266/266\n|-weather|SunnyDay|[from] ability: Drought|[of] p2a: Torkoal\n|turn|17\n|\n|t:|1733911372\n|move|p1a: Enamorus|Earth Power|p2a: Torkoal\n|-supereffective|p2a: Torkoal\n|-damage|p2a: Torkoal|0 fnt\n|faint|p2a: Torkoal\n|\n|-weather|SunnyDay|[upkeep]\n|upkeep\n|\n|t:|1733911379\n|switch|p2a: Shaymin|Shaymin, L82|298/298\n|turn|18\n|\n|t:|1733911386\n|move|p1a: Enamorus|Mystical Fire|p2a: Shaymin\n|-supereffective|p2a: Shaymin\n|-damage|p2a: Shaymin|0 fnt\n|faint|p2a: Shaymin\n|\n|-weather|SunnyDay|[upkeep]\n|upkeep\n|\n|t:|1733911390\n|switch|p2a: Giratina|Giratina, L75|349/349\n|-ability|p2a: Giratina|Pressure\n|turn|19\n|\n|t:|1733911396\n|move|p1a: Enamorus|Moonblast|p2a: Giratina\n|-supereffective|p2a: Giratina\n|-damage|p2a: Giratina|0 fnt\n|faint|p2a: Giratina\n|\n|win|Non-buneary GaoGao\n|raw|Non-buneary GaoGao's rating: 1136 &rarr; <strong>1158</strong><br />(+22 for winning)\n|raw|Timsen2107's rating: 1095 &rarr; <strong>1074</strong><br />(-21 for losing)\n|l|\u2606Timsen2107\n|player|p2|\n|c|\u2606Non-buneary GaoGao|Gg\n", "inputlog": ">version bfd83cad13791eb5a5a409923076391caf6fb4d4\n>start {\"formatid\":\"gen9randombattle\",\"seed\":[7400,32783,64827,9053],\"rated\":\"Rated battle\"}\n>player p1 {\"name\":\"Non-buneary GaoGao\",\"avatar\":\"266\",\"rating\":1136,\"seed\":[37380,48896,30590,44873]}\n>player p2 {\"name\":\"Timsen2107\",\"avatar\":\"lady\",\"rating\":1095,\"seed\":[52952,36563,44945,20595]}\n>p1 move swordsdance\n>p2 move spikes\n>p1 move wickedblow\n>p2 move spikes\n>p1 move wickedblow\n>p2 move flamethrower\n>p2 switch 2\n>p1 move suckerpunch\n>p2 move bravebird\n>p1 switch 6\n>p1 move suckerpunch\n>p2 move roost\n>p1 move thunderwave\n>p2 move roost\n>p1 move lashout\n>p2 move closecombat\n>p1 move lashout\n>p2 move closecombat\n>p1 move lashout\n>p2 move closecombat\n>p2 switch 5\n>p1 move thunderwave\n>p2 move irondefense\n>p1 move lashout\n>p2 move irondefense\n>p1 move bravebird\n>p2 move bodypress\n>p1 switch 3\n>p1 move calmmind\n>p2 move bodypress\n>p1 move calmmind\n>p2 move irondefense terastallize\n>p1 move moonblast\n>p2 move bodypress\n>p1 move moonblast\n>p2 move bodypress\n>p2 switch 3\n>p1 move earthpower\n>p2 move yawn\n>p2 switch 4\n>p1 move mysticalfire\n>p2 move substitute\n>p2 switch 6\n>p1 move moonblast\n>p2 move shadowball", "uploadtime": 1733911412, "views": 2, "formatid": "gen9randombattle", "rating": 1074, "private": 0, "password": null}