{"id": "gen9randombattle-2260686753", "format": "[Gen 9] Random Battle", "players": ["Lucasl505", "bohabwestee"], "log": "|j|\u2606Lucasl505\n|j|\u2606bohabwestee\n|t:|1733878419\n|gametype|singles\n|player|p1|Lucasl505|266|1516\n|player|p2|bohabwestee|170|1546\n|teamsize|p1|6\n|teamsize|p2|6\n|gen|9\n|tier|[Gen 9] Random Battle\n|rated|\n|rule|Species Clause: Limit one of each Pok\u00e9mon\n|rule|HP Percentage Mod: HP is shown in percentages\n|rule|Sleep Clause Mod: Limit one foe put to sleep\n|rule|Illusion Level Mod: Illusion disguises the Pok\u00e9mon's true level\n|\n|t:|1733878419\n|start\n|switch|p1a: Breloom|Breloom, L82, M|233/233\n|switch|p2a: Furret|Furret, L94, F|312/312\n|-item|p1a: Breloom|Life Orb|[from] ability: Frisk|[of] p2a: Furret\n|turn|1\n|\n|t:|1733878426\n|move|p2a: Furret|U-turn|p1a: Breloom\n|-damage|p1a: Breloom|154/233\n|inactive|Battle timer is ON: inactive players will automatically lose when time's up. (requested by Lucasl505)\n|\n|t:|1733878435\n|switch|p2a: Bombirdier|Bombirdier, L85, F|258/258|[from] U-turn\n|move|p1a: Breloom|Spore|p2a: Bombirdier\n|-status|p2a: Bombirdier|slp|[from] move: Spore\n|\n|upkeep\n|turn|2\n|\n|t:|1733878444\n|cant|p2a: Bombirdier|slp\n|move|p1a: Breloom|Rock Tomb|p2a: Bombirdier\n|-supereffective|p2a: Bombirdier\n|-damage|p2a: Bombirdier|53/258 slp\n|-unboost|p2a: Bombirdier|spe|1\n|-damage|p1a: Breloom|131/233|[from] item: Life Orb\n|\n|upkeep\n|turn|3\n|inactive|bohabwestee has 120 seconds left.\n|\n|t:|1733878482\n|move|p1a: Breloom|Rock Tomb|p2a: Bombirdier\n|-supereffective|p2a: Bombirdier\n|-damage|p2a: Bombirdier|0 fnt\n|faint|p2a: Bombirdier\n|-damage|p1a: Breloom|108/233|[from] item: Life Orb\n|\n|upkeep\n|inactive|bohabwestee has 120 seconds left.\n|\n|t:|1733878489\n|switch|p2a: Furret|Furret, L94, F|312/312\n|-item|p1a: Breloom|Life Orb|[from] ability: Frisk|[of] p2a: Furret\n|turn|4\n|\n|t:|1733878497\n|move|p1a: Breloom|Mach Punch|p2a: Furret\n|-supereffective|p2a: Furret\n|-damage|p2a: Furret|83/312\n|-damage|p1a: Breloom|85/233|[from] item: Life Orb\n|move|p2a: Furret|Double-Edge|p1a: Breloom\n|-damage|p1a: Breloom|0 fnt\n|faint|p1a: Breloom\n|-damage|p2a: Furret|55/312|[from] Recoil\n|\n|upkeep\n|\n|t:|1733878507\n|switch|p1a: Avalugg|Avalugg-Hisui, L90, F|317/317\n|turn|5\n|\n|t:|1733878522\n|switch|p2a: Bronzong|Bronzong, L88|261/261\n|move|p1a: Avalugg|Body Press|p2a: Bronzong\n|-damage|p2a: Bronzong|178/261\n|\n|-heal|p2a: Bronzong|194/261|[from] item: Leftovers\n|upkeep\n|turn|6\n|\n|t:|1733878546\n|switch|p1a: Espeon|Espeon, L84, F|246/246\n|move|p2a: Bronzong|Iron Defense|p2a: Bronzong\n|-boost|p2a: Bronzong|def|2\n|\n|-heal|p2a: Bronzong|210/261|[from] item: Leftovers\n|upkeep\n|turn|7\n|\n|t:|1733878562\n|move|p1a: Espeon|Shadow Ball|p2a: Bronzong\n|-supereffective|p2a: Bronzong\n|-damage|p2a: Bronzong|59/261\n|-unboost|p2a: Bronzong|spd|1\n|-damage|p1a: Espeon|222/246|[from] item: Life Orb\n|move|p2a: Bronzong|Body Press|p1a: Espeon\n|-resisted|p1a: Espeon\n|-crit|p1a: Espeon\n|-damage|p1a: Espeon|87/246\n|\n|-heal|p2a: Bronzong|75/261|[from] item: Leftovers\n|upkeep\n|turn|8\n|\n|t:|1733878575\n|move|p1a: Espeon|Morning Sun|p1a: Espeon\n|-heal|p1a: Espeon|210/246\n|move|p2a: Bronzong|Body Press|p1a: Espeon\n|-resisted|p1a: Espeon\n|-damage|p1a: Espeon|121/246\n|\n|-heal|p2a: Bronzong|91/261|[from] item: Leftovers\n|upkeep\n|turn|9\n|\n|t:|1733878586\n|move|p1a: Espeon|Shadow Ball|p2a: Bronzong\n|-supereffective|p2a: Bronzong\n|-damage|p2a: Bronzong|0 fnt\n|faint|p2a: Bronzong\n|-damage|p1a: Espeon|97/246|[from] item: Life Orb\n|\n|upkeep\n|\n|t:|1733878592\n|switch|p2a: Darkrai|Darkrai, L77|234/234\n|turn|10\n|\n|t:|1733878600\n|switch|p1a: Avalugg|Avalugg-Hisui, L90, F|317/317\n|move|p2a: Darkrai|Dark Pulse|p1a: Avalugg\n|-damage|p1a: Avalugg|97/317\n|-damage|p2a: Darkrai|211/234|[from] item: Life Orb\n|\n|upkeep\n|turn|11\n|\n|t:|1733878608\n|move|p2a: Darkrai|Dark Pulse|p1a: Avalugg\n|-damage|p1a: Avalugg|0 fnt\n|faint|p1a: Avalugg\n|-damage|p2a: Darkrai|188/234|[from] item: Life Orb\n|\n|upkeep\n|\n|t:|1733878622\n|switch|p1a: Tauros|Tauros-Paldea-Blaze, L81, M|252/252\n|turn|12\n|\n|t:|1733878629\n|move|p2a: Darkrai|Hypnosis|p1a: Tauros\n|-status|p1a: Tauros|slp|[from] move: Hypnosis\n|cant|p1a: Tauros|slp\n|\n|-damage|p1a: Tauros|221/252 slp|[from] ability: Bad Dreams|[of] p2a: Darkrai\n|upkeep\n|turn|13\n|\n|t:|1733878646\n|switch|p1a: Hippowdon|Hippowdon, L82, F|311/311\n|-weather|Sandstorm|[from] ability: Sand Stream|[of] p1a: Hippowdon\n|move|p2a: Darkrai|Nasty Plot|p2a: Darkrai\n|-boost|p2a: Darkrai|spa|2\n|\n|-weather|Sandstorm|[upkeep]\n|-damage|p2a: Darkrai|174/234|[from] Sandstorm\n|upkeep\n|turn|14\n|\n|t:|1733878658\n|move|p2a: Darkrai|Dark Pulse|p1a: Hippowdon\n|-damage|p1a: Hippowdon|11/311\n|-damage|p2a: Darkrai|151/234|[from] item: Life Orb\n|cant|p1a: Hippowdon|flinch\n|\n|-weather|Sandstorm|[upkeep]\n|-damage|p2a: Darkrai|137/234|[from] Sandstorm\n|-heal|p1a: Hippowdon|30/311|[from] item: Leftovers\n|upkeep\n|turn|15\n|\n|t:|1733878667\n|move|p2a: Darkrai|Dark Pulse|p1a: Hippowdon\n|-damage|p1a: Hippowdon|0 fnt\n|faint|p1a: Hippowdon\n|-damage|p2a: Darkrai|114/234|[from] item: Life Orb\n|\n|-weather|Sandstorm|[upkeep]\n|-damage|p2a: Darkrai|100/234|[from] Sandstorm\n|upkeep\n|\n|t:|1733878684\n|switch|p1a: Vigoroth|Vigoroth, L85, F|275/275\n|turn|16\n|\n|t:|1733878690\n|move|p2a: Darkrai|Dark Pulse|p1a: Vigoroth\n|-damage|p1a: Vigoroth|49/275\n|-damage|p2a: Darkrai|77/234|[from] item: Life Orb\n|move|p1a: Vigoroth|Body Slam|p2a: Darkrai\n|-damage|p2a: Darkrai|0 fnt\n|faint|p2a: Darkrai\n|\n|-weather|Sandstorm|[upkeep]\n|-damage|p1a: Vigoroth|32/275|[from] Sandstorm\n|upkeep\n|\n|t:|1733878695\n|switch|p2a: Heracross|Heracross, L80, F|259/259\n|turn|17\n|\n|t:|1733878705\n|switch|p1a: Tauros|Tauros-Paldea-Blaze, L81, M|221/252 slp\n|move|p2a: Heracross|Knock Off|p1a: Tauros\n|-resisted|p1a: Tauros\n|-damage|p1a: Tauros|189/252 slp\n|-enditem|p1a: Tauros|Sitrus Berry|[from] move: Knock Off|[of] p2a: Heracross\n|\n|-weather|none\n|upkeep\n|turn|18\n|\n|t:|1733878719\n|switch|p2a: Furret|Furret, L94, F|55/312\n|-curestatus|p1a: Tauros|slp|[msg]\n|move|p1a: Tauros|Raging Bull|p2a: Furret\n|-damage|p2a: Furret|0 fnt\n|faint|p2a: Furret\n|\n|upkeep\n|\n|t:|1733878722\n|switch|p2a: Dedenne|Dedenne, L88, F|261/261\n|turn|19\n|\n|t:|1733878740\n|move|p2a: Dedenne|Nuzzle|p1a: Tauros\n|-damage|p1a: Tauros|173/252\n|-status|p1a: Tauros|par\n|move|p1a: Tauros|Raging Bull|p2a: Dedenne\n|-damage|p2a: Dedenne|132/261\n|\n|upkeep\n|turn|20\n|\n|t:|1733878751\n|move|p2a: Dedenne|Dazzling Gleam|p1a: Tauros\n|-damage|p1a: Tauros|68/252 par\n|move|p1a: Tauros|Raging Bull|p2a: Dedenne\n|-crit|p2a: Dedenne\n|-damage|p2a: Dedenne|0 fnt\n|faint|p2a: Dedenne\n|\n|upkeep\n|\n|t:|1733878754\n|switch|p2a: Heracross|Heracross, L80, F|259/259\n|turn|21\n|\n|t:|1733878762\n|-terastallize|p2a: Heracross|Fighting\n|move|p2a: Heracross|Close Combat|p1a: Tauros\n|-damage|p1a: Tauros|0 fnt\n|-unboost|p2a: Heracross|def|1\n|-unboost|p2a: Heracross|spd|1\n|faint|p1a: Tauros\n|-ability|p2a: Heracross|Moxie|boost\n|-boost|p2a: Heracross|atk|1\n|\n|upkeep\n|\n|t:|1733878781\n|switch|p1a: Vigoroth|Vigoroth, L85, F|32/275\n|turn|22\n|l|\u2606bohabwestee\n|inactive|bohabwestee disconnected and has a minute to reconnect!\n|player|p2|\n|j|\u2606bohabwestee\n|inactive|bohabwestee reconnected and has 125 seconds left.\n|player|p2|bohabwestee|170|\n|inactive|bohabwestee has 120 seconds left.\n|\n|t:|1733878811\n|move|p2a: Heracross|Close Combat|p1a: Vigoroth\n|-supereffective|p1a: Vigoroth\n|-damage|p1a: Vigoroth|0 fnt\n|-unboost|p2a: Heracross|def|1\n|-unboost|p2a: Heracross|spd|1\n|faint|p1a: Vigoroth\n|-ability|p2a: Heracross|Moxie|boost\n|-boost|p2a: Heracross|atk|1\n|\n|upkeep\n|\n|t:|1733878818\n|switch|p1a: Espeon|Espeon, L84, F|97/246\n|turn|23\n|\n|t:|1733878823\n|move|p2a: Heracross|Close Combat|p1a: Espeon\n|-resisted|p1a: Espeon\n|-crit|p1a: Espeon\n|-damage|p1a: Espeon|0 fnt\n|-unboost|p2a: Heracross|def|1\n|-unboost|p2a: Heracross|spd|1\n|faint|p1a: Espeon\n|\n|win|bohabwestee\n|raw|Lucasl505's rating: 1516 &rarr; <strong>1498</strong><br />(-18 for losing)\n|raw|bohabwestee's rating: 1546 &rarr; <strong>1564</strong><br />(+18 for winning)\n", "inputlog": ">version bfd83cad13791eb5a5a409923076391caf6fb4d4\n>start {\"formatid\":\"gen9randombattle\",\"seed\":[48374,32982,20546,4976],\"rated\":\"Rated battle\"}\n>player p1 {\"name\":\"Lucasl505\",\"avatar\":\"266\",\"rating\":1516,\"seed\":[54195,46549,65067,17438]}\n>player p2 {\"name\":\"bohabwestee\",\"avatar\":\"170\",\"rating\":1546,\"seed\":[16893,11306,22361,5575]}\n>p1 move spore\n>p2 move uturn\n>p2 switch 2\n>p1 move rocktomb\n>p2 move bravebird\n>p1 move rocktomb\n>p2 move roost\n>p2 switch 2\n>p1 move machpunch\n>p2 move doubleedge\n>p1 switch 3\n>p1 move bodypress\n>p2 switch 3\n>p1 switch 5\n>p2 move irondefense\n>p1 move shadowball\n>p2 move bodypress\n>p1 move morningsun\n>p2 move bodypress\n>p1 move shadowball\n>p2 move bodypress\n>p2 switch 4\n>p1 switch 5\n>p2 move darkpulse\n>p1 move bodypress\n>p2 move darkpulse\n>p1 switch 6\n>p1 move closecombat\n>p2 move hypnosis\n>p1 switch 2\n>p2 move nastyplot\n>p1 move earthquake\n>p2 move darkpulse\n>p1 move earthquake\n>p2 move darkpulse\n>p1 switch 4\n>p1 move bodyslam\n>p2 move darkpulse\n>p2 switch 6\n>p1 switch 2\n>p2 move knockoff\n>p1 move ragingbull\n>p2 switch 3\n>p2 switch 5\n>p1 move ragingbull\n>p2 move nuzzle\n>p1 move ragingbull\n>p2 move dazzlinggleam\n>p2 switch 3\n>p1 move ragingbull\n>p2 move closecombat terastallize\n>p1 switch 2\n>p1 move bodyslam\n>p2 move closecombat\n>p1 switch 5\n>p1 move psychic\n>p2 move closecombat", "uploadtime": 1733878827, "views": 9, "formatid": "gen9randombattle", "rating": 1498, "private": 0, "password": null}