{"id": "gen9randombattle-2260819385", "format": "[Gen 9] Random Battle", "players": ["RoboWahbit", "bread69420"], "log": "|j|\u2606RoboWahbit\n|j|\u2606bread69420\n|t:|1733897815\n|gametype|singles\n|player|p1|RoboWahbit|101|1130\n|player|p2|bread69420|medium|1122\n|teamsize|p1|6\n|teamsize|p2|6\n|gen|9\n|tier|[Gen 9] Random Battle\n|rated|\n|rule|Species Clause: Limit one of each Pok\u00e9mon\n|rule|HP Percentage Mod: HP is shown in percentages\n|rule|Sleep Clause Mod: Limit one foe put to sleep\n|rule|Illusion Level Mod: Illusion disguises the Pok\u00e9mon's true level\n|\n|t:|1733897815\n|start\n|switch|p1a: Eelektross|Eelektross, L87, M|290/290\n|switch|p2a: Morpeko|Morpeko, L88, F|245/245\n|turn|1\n|inactive|Battle timer is ON: inactive players will automatically lose when time's up. (requested by bread69420)\n|c|\u2606RoboWahbit|hf\n|inactive|RoboWahbit also wants the timer to be on.\n|\n|t:|1733897827\n|move|p2a: Morpeko|Parting Shot|p1a: Eelektross\n|-unboost|p1a: Eelektross|atk|1\n|-unboost|p1a: Eelektross|spa|1\n|\n|t:|1733897840\n|switch|p2a: Greedent|Greedent, L86, M|347/347|[from] Parting Shot\n|move|p1a: Eelektross|U-turn|p2a: Greedent\n|-damage|p2a: Greedent|313/347\n|\n|t:|1733897841\n|switch|p1a: Lucario|Lucario, L84, F|255/255|[from] U-turn\n|\n|upkeep\n|turn|2\n|\n|t:|1733897858\n|switch|p2a: Golduck|Golduck, L90, M|290/290\n|-ability|p2a: Golduck|Cloud Nine\n|move|p1a: Lucario|Close Combat|p2a: Golduck\n|-damage|p2a: Golduck|118/290\n|-unboost|p1a: Lucario|def|1\n|-unboost|p1a: Lucario|spd|1\n|-damage|p1a: Lucario|230/255|[from] item: Life Orb\n|\n|upkeep\n|turn|3\n|\n|t:|1733897861\n|switch|p1a: Eelektross|Eelektross, L87, M|290/290\n|move|p2a: Golduck|Hydro Pump|p1a: Eelektross\n|-damage|p1a: Eelektross|165/290\n|-damage|p2a: Golduck|89/290|[from] item: Life Orb\n|\n|upkeep\n|turn|4\n|\n|t:|1733897868\n|move|p2a: Golduck|Ice Beam|p1a: Eelektross\n|-damage|p1a: Eelektross|97/290\n|-damage|p2a: Golduck|60/290|[from] item: Life Orb\n|move|p1a: Eelektross|Discharge|p2a: Golduck\n|-supereffective|p2a: Golduck\n|-damage|p2a: Golduck|0 fnt\n|faint|p2a: Golduck\n|\n|upkeep\n|\n|t:|1733897872\n|switch|p2a: Basculin|Basculin-Blue-Striped, L86, F|261/261\n|turn|5\n|\n|t:|1733897874\n|move|p2a: Basculin|Double-Edge|p1a: Eelektross\n|-damage|p1a: Eelektross|0 fnt\n|faint|p1a: Eelektross\n|-damage|p2a: Basculin|229/261|[from] Recoil\n|\n|upkeep\n|\n|t:|1733897874\n|switch|p1a: Lucario|Lucario, L84, F|230/255\n|turn|6\n|\n|t:|1733897877\n|switch|p2a: Greedent|Greedent, L86, M|313/347\n|move|p1a: Lucario|Close Combat|p2a: Greedent\n|-supereffective|p2a: Greedent\n|-damage|p2a: Greedent|0 fnt\n|-unboost|p1a: Lucario|def|1\n|-unboost|p1a: Lucario|spd|1\n|faint|p2a: Greedent\n|-damage|p1a: Lucario|205/255|[from] item: Life Orb\n|\n|upkeep\n|\n|t:|1733897879\n|switch|p2a: Volcarona|Volcarona, L77, F|257/257\n|turn|7\n|\n|t:|1733897882\n|switch|p1a: Carbink|Carbink, L90|236/236\n|move|p2a: Volcarona|Quiver Dance|p2a: Volcarona\n|-boost|p2a: Volcarona|spa|1\n|-boost|p2a: Volcarona|spd|1\n|-boost|p2a: Volcarona|spe|1\n|\n|upkeep\n|turn|8\n|\n|t:|1733897884\n|move|p2a: Volcarona|Giga Drain|p1a: Carbink\n|-supereffective|p1a: Carbink\n|-crit|p1a: Carbink\n|-damage|p1a: Carbink|62/236\n|move|p1a: Carbink|Rock Polish|p1a: Carbink\n|-boost|p1a: Carbink|spe|2\n|\n|-heal|p1a: Carbink|76/236|[from] item: Leftovers\n|upkeep\n|turn|9\n|\n|t:|1733897887\n|switch|p1a: Lucario|Lucario, L84, F|205/255\n|move|p2a: Volcarona|Giga Drain|p1a: Lucario\n|-resisted|p1a: Lucario\n|-damage|p1a: Lucario|153/255\n|\n|upkeep\n|turn|10\n|\n|t:|1733897889\n|move|p1a: Lucario|Extreme Speed|p2a: Volcarona\n|-damage|p2a: Volcarona|139/257\n|-damage|p1a: Lucario|128/255|[from] item: Life Orb\n|move|p2a: Volcarona|Fire Blast|p1a: Lucario\n|-supereffective|p1a: Lucario\n|-damage|p1a: Lucario|0 fnt\n|faint|p1a: Lucario\n|\n|upkeep\n|\n|t:|1733897889\n|switch|p1a: Krookodile|Krookodile, L80, M|283/283\n|-ability|p1a: Krookodile|Intimidate|boost\n|-unboost|p2a: Volcarona|atk|1\n|turn|11\n|\n|t:|1733897892\n|move|p2a: Volcarona|Giga Drain|p1a: Krookodile\n|-supereffective|p1a: Krookodile\n|-damage|p1a: Krookodile|65/283\n|-heal|p2a: Volcarona|248/257|[from] drain|[of] p1a: Krookodile\n|move|p1a: Krookodile|Stone Edge|p2a: Volcarona\n|-supereffective|p2a: Volcarona\n|-damage|p2a: Volcarona|0 fnt\n|faint|p2a: Volcarona\n|\n|upkeep\n|\n|t:|1733897894\n|switch|p2a: Basculin|Basculin-Blue-Striped, L86, F|229/261\n|turn|12\n|\n|t:|1733897897\n|switch|p1a: Carbink|Carbink, L90|76/236\n|move|p2a: Basculin|Wave Crash|p1a: Carbink\n|-supereffective|p1a: Carbink\n|-damage|p1a: Carbink|0 fnt\n|faint|p1a: Carbink\n|-damage|p2a: Basculin|204/261|[from] Recoil\n|\n|upkeep\n|\n|t:|1733897897\n|switch|p1a: Krookodile|Krookodile, L80, M|65/283\n|-ability|p1a: Krookodile|Intimidate|boost\n|-unboost|p2a: Basculin|atk|1\n|turn|13\n|\n|t:|1733897899\n|move|p2a: Basculin|Wave Crash|p1a: Krookodile\n|-supereffective|p1a: Krookodile\n|-damage|p1a: Krookodile|0 fnt\n|faint|p1a: Krookodile\n|-damage|p2a: Basculin|183/261|[from] Recoil\n|\n|upkeep\n|\n|t:|1733897899\n|switch|p1a: Kricketune|Kricketune, L99, M|312/312\n|turn|14\n|\n|t:|1733897901\n|move|p2a: Basculin|Wave Crash|p1a: Kricketune\n|-damage|p1a: Kricketune|118/312\n|-damage|p2a: Basculin|119/261|[from] Recoil\n|move|p1a: Kricketune|Pounce|p2a: Basculin\n|-crit|p2a: Basculin\n|-damage|p2a: Basculin|0 fnt\n|faint|p2a: Basculin\n|\n|upkeep\n|\n|t:|1733897903\n|switch|p2a: Morpeko|Morpeko, L88, F|245/245\n|turn|15\n|\n|t:|1733897903\n|move|p2a: Morpeko|Aura Wheel|p1a: Kricketune\n|-damage|p1a: Kricketune|0 fnt\n|-boost|p2a: Morpeko|spe|1\n|faint|p1a: Kricketune\n|\n|-formechange|p2a: Morpeko|Morpeko-Hangry||[from] ability: Hunger Switch\n|upkeep\n|\n|t:|1733897904\n|switch|p1a: Scyther|Scyther, L82, F|249/249\n|turn|16\n|\n|t:|1733897906\n|-terastallize|p1a: Scyther|Fighting\n|move|p2a: Morpeko|Aura Wheel|p1a: Scyther\n|-resisted|p1a: Scyther\n|-damage|p1a: Scyther|181/249\n|-boost|p2a: Morpeko|spe|1\n|move|p1a: Scyther|Bug Bite|p2a: Morpeko\n|-supereffective|p2a: Morpeko\n|-damage|p2a: Morpeko|0 fnt\n|faint|p2a: Morpeko\n|\n|upkeep\n|\n|t:|1733897907\n|switch|p2a: Sceptile|Sceptile, L87, F|264/264\n|turn|17\n|\n|t:|1733897912\n|-terastallize|p2a: Sceptile|Steel\n|move|p2a: Sceptile|Substitute|p2a: Sceptile\n|-start|p2a: Sceptile|Substitute\n|-damage|p2a: Sceptile|198/264\n|move|p1a: Scyther|Bug Bite|p2a: Sceptile\n|-resisted|p2a: Sceptile\n|-activate|p2a: Sceptile|move: Substitute|[damage]\n|\n|-heal|p2a: Sceptile|214/264|[from] item: Leftovers\n|upkeep\n|turn|18\n|\n|t:|1733897915\n|move|p2a: Sceptile|Leech Seed|p1a: Scyther\n|-start|p1a: Scyther|move: Leech Seed\n|move|p1a: Scyther|Close Combat|p2a: Sceptile\n|-supereffective|p2a: Sceptile\n|-end|p2a: Sceptile|Substitute\n|-unboost|p1a: Scyther|def|1\n|-unboost|p1a: Scyther|spd|1\n|\n|-heal|p2a: Sceptile|230/264|[from] item: Leftovers\n|-damage|p1a: Scyther|150/249|[from] Leech Seed|[of] p2a: Sceptile\n|-heal|p2a: Sceptile|261/264|[silent]\n|upkeep\n|turn|19\n|\n|t:|1733897917\n|move|p2a: Sceptile|Substitute|p2a: Sceptile\n|-start|p2a: Sceptile|Substitute\n|-damage|p2a: Sceptile|195/264\n|move|p1a: Scyther|Close Combat|p2a: Sceptile\n|-supereffective|p2a: Sceptile\n|-end|p2a: Sceptile|Substitute\n|-unboost|p1a: Scyther|def|1\n|-unboost|p1a: Scyther|spd|1\n|\n|-heal|p2a: Sceptile|211/264|[from] item: Leftovers\n|-damage|p1a: Scyther|119/249|[from] Leech Seed|[of] p2a: Sceptile\n|-heal|p2a: Sceptile|242/264|[silent]\n|upkeep\n|turn|20\n|\n|t:|1733897919\n|move|p2a: Sceptile|Substitute|p2a: Sceptile\n|-start|p2a: Sceptile|Substitute\n|-damage|p2a: Sceptile|176/264\n|move|p1a: Scyther|Close Combat|p2a: Sceptile\n|-supereffective|p2a: Sceptile\n|-end|p2a: Sceptile|Substitute\n|-unboost|p1a: Scyther|def|1\n|-unboost|p1a: Scyther|spd|1\n|\n|-heal|p2a: Sceptile|192/264|[from] item: Leftovers\n|-damage|p1a: Scyther|88/249|[from] Leech Seed|[of] p2a: Sceptile\n|-heal|p2a: Sceptile|223/264|[silent]\n|upkeep\n|turn|21\n|\n|t:|1733897923\n|move|p2a: Sceptile|Substitute|p2a: Sceptile\n|-start|p2a: Sceptile|Substitute\n|-damage|p2a: Sceptile|157/264\n|move|p1a: Scyther|Close Combat|p2a: Sceptile\n|-supereffective|p2a: Sceptile\n|-end|p2a: Sceptile|Substitute\n|-unboost|p1a: Scyther|def|1\n|-unboost|p1a: Scyther|spd|1\n|\n|-heal|p2a: Sceptile|173/264|[from] item: Leftovers\n|-damage|p1a: Scyther|57/249|[from] Leech Seed|[of] p2a: Sceptile\n|-heal|p2a: Sceptile|204/264|[silent]\n|upkeep\n|turn|22\n|\n|t:|1733897924\n|move|p2a: Sceptile|Substitute|p2a: Sceptile\n|-start|p2a: Sceptile|Substitute\n|-damage|p2a: Sceptile|138/264\n|move|p1a: Scyther|Close Combat|p2a: Sceptile\n|-supereffective|p2a: Sceptile\n|-end|p2a: Sceptile|Substitute\n|-unboost|p1a: Scyther|def|1\n|-unboost|p1a: Scyther|spd|1\n|\n|-heal|p2a: Sceptile|154/264|[from] item: Leftovers\n|-damage|p1a: Scyther|26/249|[from] Leech Seed|[of] p2a: Sceptile\n|-heal|p2a: Sceptile|185/264|[silent]\n|upkeep\n|turn|23\n|\n|t:|1733897926\n|move|p2a: Sceptile|Substitute|p2a: Sceptile\n|-start|p2a: Sceptile|Substitute\n|-damage|p2a: Sceptile|119/264\n|move|p1a: Scyther|Close Combat|p2a: Sceptile\n|-supereffective|p2a: Sceptile\n|-crit|p2a: Sceptile\n|-end|p2a: Sceptile|Substitute\n|-unboost|p1a: Scyther|def|1\n|-unboost|p1a: Scyther|spd|1\n|\n|-heal|p2a: Sceptile|135/264|[from] item: Leftovers\n|-damage|p1a: Scyther|0 fnt|[from] Leech Seed|[of] p2a: Sceptile\n|-heal|p2a: Sceptile|161/264|[silent]\n|faint|p1a: Scyther\n|\n|win|bread69420\n|upkeep\n|raw|RoboWahbit's rating: 1130 &rarr; <strong>1104</strong><br />(-26 for losing)\n|raw|bread69420's rating: 1122 &rarr; <strong>1148</strong><br />(+26 for winning)\n|c|\u2606RoboWahbit|gg\n", "inputlog": ">version bfd83cad13791eb5a5a409923076391caf6fb4d4\n>start {\"formatid\":\"gen9randombattle\",\"seed\":[26404,5807,62066,49908],\"rated\":\"Rated battle\"}\n>player p1 {\"name\":\"RoboWahbit\",\"avatar\":\"101\",\"rating\":1130,\"seed\":[26506,53594,18928,355]}\n>player p2 {\"name\":\"bread69420\",\"avatar\":\"medium\",\"rating\":1122,\"seed\":[12320,53113,47221,46199]}\n>chat \u2606RoboWahbit|hf\n>p1 move uturn\n>p2 move partingshot\n>p2 switch 3\n>p1 switch 5\n>p1 move closecombat\n>p2 switch 5\n>p1 switch 5\n>p2 move hydropump\n>p1 move discharge\n>p2 move icebeam\n>p2 switch 2\n>p1 move knockoff\n>p2 move doubleedge\n>p1 switch 5\n>p1 move closecombat\n>p2 switch 5\n>p2 switch 6\n>p1 switch 3\n>p2 move quiverdance\n>p1 move rockpolish\n>p2 move gigadrain\n>p1 switch 3\n>p2 move gigadrain\n>p1 move extremespeed\n>p2 move fireblast\n>p1 switch 6\n>p1 move stoneedge\n>p2 move gigadrain\n>p2 switch 5\n>p1 switch 3\n>p2 move wavecrash\n>p1 switch 3\n>p1 move stoneedge\n>p2 move wavecrash\n>p1 switch 4\n>p1 move pounce\n>p2 move wavecrash\n>p2 switch 3\n>p1 move pounce\n>p2 move aurawheel\n>p1 switch 2\n>p1 move bugbite terastallize\n>p2 move aurawheel\n>p2 switch 4\n>p1 move bugbite\n>p2 move substitute terastallize\n>p1 move closecombat\n>p2 move leechseed\n>p1 move closecombat\n>p2 move substitute\n>p1 move closecombat\n>p2 move substitute\n>p1 move closecombat\n>p2 move substitute\n>p1 move closecombat\n>p2 move substitute\n>p1 move closecombat\n>p2 move substitute", "uploadtime": 1733897926, "views": 1, "formatid": "gen9randombattle", "rating": 1104, "private": 0, "password": null}