{"id": "gen9randombattle-2260809064", "format": "[Gen 9] Random Battle", "players": ["turbojake", "ClayGD"], "log": "|j|\u2606turbojake\n|j|\u2606ClayGD\n|t:|1733895848\n|gametype|singles\n|player|p1|turbojake|gentleman-gen4|\n|player|p2|ClayGD|morty|\n|teamsize|p1|6\n|teamsize|p2|6\n|gen|9\n|tier|[Gen 9] Random Battle\n|rule|Species Clause: Limit one of each Pok\u00e9mon\n|rule|HP Percentage Mod: HP is shown in percentages\n|rule|Sleep Clause Mod: Limit one foe put to sleep\n|rule|Illusion Level Mod: Illusion disguises the Pok\u00e9mon's true level\n|\n|t:|1733895848\n|start\n|switch|p1a: Hitmonchan|Hitmonchan, L87, M|229/229\n|switch|p2a: Cryogonal|Cryogonal, L89|287/287\n|turn|1\n|\n|t:|1733895859\n|-terastallize|p2a: Cryogonal|Poison\n|move|p2a: Cryogonal|Flash Cannon|p1a: Hitmonchan\n|-damage|p1a: Hitmonchan|181/229\n|move|p1a: Hitmonchan|Bulk Up|p1a: Hitmonchan\n|-boost|p1a: Hitmonchan|atk|1\n|-boost|p1a: Hitmonchan|def|1\n|\n|-heal|p1a: Hitmonchan|195/229|[from] item: Leftovers\n|upkeep\n|turn|2\n|\n|t:|1733895873\n|move|p2a: Cryogonal|Flash Cannon|p1a: Hitmonchan\n|-damage|p1a: Hitmonchan|143/229\n|move|p1a: Hitmonchan|Knock Off|p2a: Cryogonal\n|-damage|p2a: Cryogonal|128/287\n|-enditem|p2a: Cryogonal|Heavy-Duty Boots|[from] move: Knock Off|[of] p1a: Hitmonchan\n|\n|-heal|p1a: Hitmonchan|157/229|[from] item: Leftovers\n|upkeep\n|turn|3\n|\n|t:|1733895891\n|switch|p2a: Florges|Florges-Orange, L85, F|271/271\n|move|p1a: Hitmonchan|Knock Off|p2a: Florges\n|-resisted|p2a: Florges\n|-damage|p2a: Florges|203/271\n|-enditem|p2a: Florges|Leftovers|[from] move: Knock Off|[of] p1a: Hitmonchan\n|\n|-heal|p1a: Hitmonchan|171/229|[from] item: Leftovers\n|upkeep\n|turn|4\n|\n|t:|1733895905\n|move|p1a: Hitmonchan|Poison Jab|p2a: Florges\n|-supereffective|p2a: Florges\n|-damage|p2a: Florges|0 fnt\n|faint|p2a: Florges\n|\n|-heal|p1a: Hitmonchan|185/229|[from] item: Leftovers\n|upkeep\n|\n|t:|1733895916\n|switch|p2a: Vespiquen|Vespiquen, L98, F|296/296\n|-ability|p2a: Vespiquen|Pressure\n|turn|5\n|\n|t:|1733895926\n|move|p1a: Hitmonchan|Bulk Up|p1a: Hitmonchan\n|-boost|p1a: Hitmonchan|atk|1\n|-boost|p1a: Hitmonchan|def|1\n|move|p2a: Vespiquen|Air Slash|p1a: Hitmonchan\n|-supereffective|p1a: Hitmonchan\n|-damage|p1a: Hitmonchan|35/229\n|\n|-heal|p1a: Hitmonchan|49/229|[from] item: Leftovers\n|upkeep\n|turn|6\n|\n|t:|1733895936\n|move|p1a: Hitmonchan|Drain Punch|p2a: Vespiquen\n|-resisted|p2a: Vespiquen\n|-damage|p2a: Vespiquen|257/296\n|-heal|p1a: Hitmonchan|69/229|[from] drain|[of] p2a: Vespiquen\n|move|p2a: Vespiquen|Air Slash|p1a: Hitmonchan\n|-supereffective|p1a: Hitmonchan\n|-damage|p1a: Hitmonchan|0 fnt\n|faint|p1a: Hitmonchan\n|\n|upkeep\n|\n|t:|1733895946\n|switch|p1a: Plusle|Plusle, L95, F|268/268\n|turn|7\n|\n|t:|1733895962\n|switch|p2a: Vigoroth|Vigoroth, L85, M|275/275\n|move|p1a: Plusle|Thunderbolt|p2a: Vigoroth\n|-damage|p2a: Vigoroth|150/275\n|-damage|p1a: Plusle|242/268|[from] item: Life Orb\n|\n|upkeep\n|turn|8\n|\n|t:|1733895975\n|move|p1a: Plusle|Nasty Plot|p1a: Plusle\n|-boost|p1a: Plusle|spa|2\n|move|p2a: Vigoroth|Earthquake|p1a: Plusle\n|-supereffective|p1a: Plusle\n|-damage|p1a: Plusle|56/268\n|\n|upkeep\n|turn|9\n|\n|t:|1733895989\n|move|p1a: Plusle|Thunderbolt|p2a: Vigoroth\n|-damage|p2a: Vigoroth|0 fnt\n|faint|p2a: Vigoroth\n|-damage|p1a: Plusle|30/268|[from] item: Life Orb\n|\n|upkeep\n|\n|t:|1733895995\n|switch|p2a: Gastrodon|Gastrodon-East, L86, F|331/331\n|turn|10\n|\n|t:|1733896001\n|move|p1a: Plusle|Grass Knot|p2a: Gastrodon\n|-supereffective|p2a: Gastrodon\n|-damage|p2a: Gastrodon|0 fnt\n|faint|p2a: Gastrodon\n|-damage|p1a: Plusle|4/268|[from] item: Life Orb\n|\n|upkeep\n|\n|t:|1733896008\n|switch|p2a: Cryogonal|Cryogonal, L89, tera:Poison|128/287\n|turn|11\n|\n|t:|1733896016\n|move|p2a: Cryogonal|Flash Cannon|p1a: Plusle\n|-resisted|p1a: Plusle\n|-damage|p1a: Plusle|0 fnt\n|faint|p1a: Plusle\n|\n|upkeep\n|\n|t:|1733896031\n|switch|p1a: Furret|Furret, L94, M|312/312\n|turn|12\n|\n|t:|1733896045\n|move|p2a: Cryogonal|Freeze-Dry|p1a: Furret\n|-damage|p1a: Furret|210/312\n|move|p1a: Furret|Knock Off|p2a: Cryogonal\n|-damage|p2a: Cryogonal|31/287\n|\n|upkeep\n|turn|13\n|\n|t:|1733896056\n|move|p2a: Cryogonal|Recover|p2a: Cryogonal\n|-heal|p2a: Cryogonal|175/287\n|move|p1a: Furret|Knock Off|p2a: Cryogonal\n|-damage|p2a: Cryogonal|84/287\n|\n|upkeep\n|turn|14\n|\n|t:|1733896065\n|move|p2a: Cryogonal|Recover|p2a: Cryogonal\n|-heal|p2a: Cryogonal|228/287\n|move|p1a: Furret|Knock Off|p2a: Cryogonal\n|-damage|p2a: Cryogonal|128/287\n|\n|upkeep\n|turn|15\n|\n|t:|1733896072\n|switch|p1a: Glimmora|Glimmora, L75, F|248/248\n|move|p2a: Cryogonal|Recover|p2a: Cryogonal\n|-heal|p2a: Cryogonal|272/287\n|\n|upkeep\n|turn|16\n|\n|t:|1733896086\n|move|p2a: Cryogonal|Flash Cannon|p1a: Glimmora\n|-supereffective|p1a: Glimmora\n|-damage|p1a: Glimmora|96/248\n|-unboost|p1a: Glimmora|spd|1\n|move|p1a: Glimmora|Meteor Beam||[still]\n|-prepare|p1a: Glimmora|Meteor Beam\n|-boost|p1a: Glimmora|spa|1\n|-enditem|p1a: Glimmora|Power Herb\n|-anim|p1a: Glimmora|Meteor Beam|p2a: Cryogonal\n|-damage|p2a: Cryogonal|131/287\n|\n|upkeep\n|turn|17\n|\n|t:|1733896106\n|-terastallize|p1a: Glimmora|Grass\n|move|p2a: Cryogonal|Flash Cannon|p1a: Glimmora\n|-damage|p1a: Glimmora|0 fnt\n|faint|p1a: Glimmora\n|\n|upkeep\n|\n|t:|1733896112\n|switch|p1a: Furret|Furret, L94, M|210/312\n|turn|18\n|\n|t:|1733896116\n|move|p2a: Cryogonal|Recover|p2a: Cryogonal\n|-heal|p2a: Cryogonal|275/287\n|move|p1a: Furret|Trick|p2a: Cryogonal\n|-activate|p1a: Furret|move: Trick|[of] p2a: Cryogonal\n|-item|p2a: Cryogonal|Choice Band|[from] move: Trick\n|-enditem|p1a: Furret|Choice Band|[silent]|[from] move: Trick\n|\n|upkeep\n|turn|19\n|\n|t:|1733896136\n|move|p2a: Cryogonal|Flash Cannon|p1a: Furret\n|-damage|p1a: Furret|136/312\n|move|p1a: Furret|Trick|p2a: Cryogonal\n|-activate|p1a: Furret|move: Trick|[of] p2a: Cryogonal\n|-enditem|p2a: Cryogonal|Choice Band|[silent]|[from] move: Trick\n|-item|p1a: Furret|Choice Band|[from] move: Trick\n|\n|upkeep\n|turn|20\n|\n|t:|1733896146\n|switch|p1a: Basculin|Basculin-Blue-Striped, L86, F|261/261\n|move|p2a: Cryogonal|Recover|p2a: Cryogonal\n|-heal|p2a: Cryogonal|287/287\n|\n|upkeep\n|turn|21\n|\n|t:|1733896159\n|move|p2a: Cryogonal|Freeze-Dry|p1a: Basculin\n|-supereffective|p1a: Basculin\n|-damage|p1a: Basculin|55/261\n|move|p1a: Basculin|Double-Edge|p2a: Cryogonal\n|-damage|p2a: Cryogonal|96/287\n|-damage|p1a: Basculin|0 fnt|[from] Recoil\n|faint|p1a: Basculin\n|\n|upkeep\n|\n|t:|1733896168\n|switch|p1a: Muk|Muk-Alola, L82, M|306/306\n|turn|22\n|\n|t:|1733896178\n|move|p2a: Cryogonal|Recover|p2a: Cryogonal\n|-heal|p2a: Cryogonal|240/287\n|move|p1a: Muk|Knock Off|p2a: Cryogonal\n|-damage|p2a: Cryogonal|147/287\n|\n|upkeep\n|turn|23\n|\n|t:|1733896186\n|move|p2a: Cryogonal|Recover|p2a: Cryogonal\n|-heal|p2a: Cryogonal|287/287\n|move|p1a: Muk|Ice Punch|p2a: Cryogonal\n|-damage|p2a: Cryogonal|209/287\n|\n|upkeep\n|turn|24\n|\n|t:|1733896193\n|move|p1a: Muk|Shadow Sneak|p2a: Cryogonal\n|-damage|p2a: Cryogonal|171/287\n|move|p2a: Cryogonal|Recover|p2a: Cryogonal\n|-heal|p2a: Cryogonal|287/287\n|\n|upkeep\n|turn|25\n|\n|t:|1733896212\n|move|p2a: Cryogonal|Freeze-Dry|p1a: Muk\n|-damage|p1a: Muk|254/306\n|move|p1a: Muk|Knock Off|p2a: Cryogonal\n|-damage|p2a: Cryogonal|190/287\n|\n|upkeep\n|turn|26\n|\n|t:|1733896223\n|switch|p2a: Tatsugiri|Tatsugiri-Droopy, L87, F|260/260\n|move|p1a: Muk|Knock Off|p2a: Tatsugiri\n|-damage|p2a: Tatsugiri|124/260\n|-enditem|p2a: Tatsugiri|Life Orb|[from] move: Knock Off|[of] p1a: Muk\n|\n|upkeep\n|turn|27\n|\n|t:|1733896232\n|move|p2a: Tatsugiri|Draco Meteor|p1a: Muk\n|-damage|p1a: Muk|142/306\n|-unboost|p2a: Tatsugiri|spa|2\n|move|p1a: Muk|Ice Punch|p2a: Tatsugiri\n|-damage|p2a: Tatsugiri|54/260\n|\n|upkeep\n|turn|28\n|\n|t:|1733896241\n|move|p1a: Muk|Shadow Sneak|p2a: Tatsugiri\n|-damage|p2a: Tatsugiri|18/260\n|move|p2a: Tatsugiri|Draco Meteor|p1a: Muk\n|-damage|p1a: Muk|88/306\n|-unboost|p2a: Tatsugiri|spa|2\n|\n|upkeep\n|turn|29\n|\n|t:|1733896254\n|move|p1a: Muk|Shadow Sneak|p2a: Tatsugiri\n|-damage|p2a: Tatsugiri|0 fnt\n|faint|p2a: Tatsugiri\n|\n|upkeep\n|\n|t:|1733896258\n|switch|p2a: Vespiquen|Vespiquen, L98, F|257/296\n|-ability|p2a: Vespiquen|Pressure\n|turn|30\n|\n|t:|1733896271\n|move|p2a: Vespiquen|Air Slash|p1a: Muk\n|-damage|p1a: Muk|27/306\n|move|p1a: Muk|Ice Punch|p2a: Vespiquen\n|-supereffective|p2a: Vespiquen\n|-damage|p2a: Vespiquen|181/296\n|\n|upkeep\n|turn|31\n|\n|t:|1733896281\n|move|p2a: Vespiquen|Air Slash|p1a: Muk\n|-damage|p1a: Muk|0 fnt\n|faint|p1a: Muk\n|\n|upkeep\n|\n|t:|1733896287\n|switch|p1a: Furret|Furret, L94, M|136/312\n|-item|p2a: Vespiquen|Heavy-Duty Boots|[from] ability: Frisk|[of] p1a: Furret\n|turn|32\n|\n|t:|1733896297\n|move|p1a: Furret|Trick|p2a: Vespiquen\n|-activate|p1a: Furret|move: Trick|[of] p2a: Vespiquen\n|-item|p2a: Vespiquen|Choice Band|[from] move: Trick\n|-item|p1a: Furret|Heavy-Duty Boots|[from] move: Trick\n|move|p2a: Vespiquen|U-turn|p1a: Furret\n|-damage|p1a: Furret|0 fnt\n|faint|p1a: Furret\n|\n|win|ClayGD\n|l|\u2606turbojake\n|player|p1|\n", "inputlog": ">version bfd83cad13791eb5a5a409923076391caf6fb4d4\n>start {\"formatid\":\"gen9randombattle\",\"seed\":[45849,21459,37666,5428]}\n>player p1 {\"name\":\"turbojake\",\"avatar\":\"gentleman-gen4\",\"rating\":0,\"seed\":[38945,57543,22914,17739]}\n>player p2 {\"name\":\"ClayGD\",\"avatar\":\"morty\",\"rating\":0,\"seed\":[56001,36447,46224,9501]}\n>p1 move bulkup\n>p2 move flashcannon terastallize\n>p1 move knockoff\n>p2 move flashcannon\n>p1 move knockoff\n>p2 switch 5\n>p1 move poisonjab\n>p2 move moonblast\n>p2 switch 6\n>p1 move bulkup\n>p2 move airslash\n>p1 move drainpunch\n>p2 move airslash\n>p1 switch 5\n>p1 move thunderbolt\n>p2 switch 2\n>p1 move nastyplot\n>p2 move earthquake\n>p1 move thunderbolt\n>p2 move slackoff\n>p2 switch 3\n>p1 move grassknot\n>p2 move earthquake\n>p2 switch 5\n>p1 move thunderbolt\n>p2 move flashcannon\n>p1 switch 2\n>p1 move knockoff\n>p2 move freezedry\n>p1 move knockoff\n>p2 move recover\n>p1 move knockoff\n>p2 move recover\n>p1 switch 4\n>p2 move recover\n>p1 move meteorbeam\n>p2 move flashcannon\n>p1 move meteorbeam terastallize\n>p2 move flashcannon\n>p1 switch 4\n>p1 move trick\n>p2 move recover\n>p1 move trick\n>p2 move flashcannon\n>p1 switch 6\n>p2 move recover\n>p1 move doubleedge\n>p2 move freezedry\n>p1 switch 3\n>p1 move knockoff\n>p2 move recover\n>p1 move icepunch\n>p2 move recover\n>p1 move shadowsneak\n>p2 move recover\n>p1 move knockoff\n>p2 move freezedry\n>p1 move knockoff\n>p2 switch 4\n>p1 move icepunch\n>p2 move dracometeor\n>p1 move shadowsneak\n>p2 move dracometeor\n>p1 move shadowsneak\n>p2 move hydropump\n>p2 switch 2\n>p1 move icepunch\n>p2 move airslash\n>p1 move icepunch\n>p2 move airslash\n>p1 switch 6\n>p1 move trick\n>p2 move uturn", "uploadtime": 1733896307, "views": 2, "formatid": "gen9randombattle", "rating": null, "private": 0, "password": null}