{"id": "gen9randombattle-2260095176", "format": "[Gen 9] Random Battle", "players": ["Iansane579", "aayan2006"], "log": "|j|\u2606Iansane579\n|j|\u2606aayan2006\n|t:|1733801700\n|gametype|singles\n|player|p1|Iansane579|102|1198\n|player|p2|aayan2006|265|1227\n|teamsize|p1|6\n|teamsize|p2|6\n|gen|9\n|tier|[Gen 9] Random Battle\n|rated|\n|rule|Species Clause: Limit one of each Pok\u00e9mon\n|rule|HP Percentage Mod: HP is shown in percentages\n|rule|Sleep Clause Mod: Limit one foe put to sleep\n|rule|Illusion Level Mod: Illusion disguises the Pok\u00e9mon's true level\n|\n|t:|1733801700\n|start\n|switch|p1a: Drifblim|Drifblim, L86, F|398/398\n|switch|p2a: Zangoose|Zangoose, L85, F|263/263\n|turn|1\n|\n|t:|1733801713\n|move|p2a: Zangoose|Knock Off|p1a: Drifblim\n|-supereffective|p1a: Drifblim\n|-damage|p1a: Drifblim|126/398\n|-enditem|p1a: Drifblim|Heavy-Duty Boots|[from] move: Knock Off|[of] p2a: Zangoose\n|move|p1a: Drifblim|Strength Sap|p2a: Zangoose\n|-unboost|p2a: Zangoose|atk|1\n|-heal|p1a: Drifblim|370/398\n|\n|-status|p2a: Zangoose|tox|[from] item: Toxic Orb\n|upkeep\n|turn|2\n|\n|t:|1733801745\n|switch|p2a: Suicune|Suicune, L82|298/298\n|-ability|p2a: Suicune|Pressure\n|switch|p1a: Reuniclus|Reuniclus, L88, M|337/337\n|\n|upkeep\n|turn|3\n|\n|t:|1733801764\n|move|p2a: Suicune|Scald|p1a: Reuniclus\n|-damage|p1a: Reuniclus|268/337\n|move|p1a: Reuniclus|Psychic|p2a: Suicune\n|-crit|p2a: Suicune\n|-damage|p2a: Suicune|106/298\n|\n|-heal|p2a: Suicune|124/298|[from] item: Leftovers\n|upkeep\n|turn|4\n|\n|t:|1733801775\n|move|p2a: Suicune|Protect|p2a: Suicune\n|-singleturn|p2a: Suicune|Protect\n|move|p1a: Reuniclus|Psychic|p2a: Suicune\n|-activate|p2a: Suicune|move: Protect\n|\n|-heal|p2a: Suicune|142/298|[from] item: Leftovers\n|upkeep\n|turn|5\n|\n|t:|1733801788\n|switch|p2a: Spiritomb|Spiritomb, L89, F|234/234\n|move|p1a: Reuniclus|Psychic|p2a: Spiritomb\n|-immune|p2a: Spiritomb\n|\n|upkeep\n|turn|6\n|\n|t:|1733801799\n|switch|p1a: Hitmontop|Hitmontop, L88, M|231/231\n|-ability|p1a: Hitmontop|Intimidate|boost\n|-unboost|p2a: Spiritomb|atk|1\n|move|p2a: Spiritomb|Poltergeist|p1a: Hitmontop\n|-activate|p1a: Hitmontop|move: Poltergeist|Choice Band\n|-damage|p1a: Hitmontop|155/231\n|\n|upkeep\n|turn|7\n|\n|t:|1733801816\n|move|p1a: Hitmontop|Close Combat|p2a: Spiritomb\n|-immune|p2a: Spiritomb\n|move|p2a: Spiritomb|Will-O-Wisp|p1a: Hitmontop\n|-status|p1a: Hitmontop|brn\n|\n|-damage|p1a: Hitmontop|141/231 brn|[from] brn\n|upkeep\n|turn|8\n|\n|t:|1733801841\n|switch|p1a: Archaludon|Archaludon, L78, F|268/268\n|move|p2a: Spiritomb|Poltergeist|p1a: Archaludon\n|-activate|p1a: Archaludon|move: Poltergeist|Lum Berry\n|-damage|p1a: Archaludon|207/268\n|-ability|p1a: Archaludon|Stamina|boost\n|-boost|p1a: Archaludon|def|1\n|\n|upkeep\n|turn|9\n|\n|t:|1733801858\n|move|p1a: Archaludon|Swords Dance|p1a: Archaludon\n|-boost|p1a: Archaludon|atk|2\n|move|p2a: Spiritomb|Will-O-Wisp|p1a: Archaludon\n|-status|p1a: Archaludon|brn\n|-enditem|p1a: Archaludon|Lum Berry|[eat]\n|-curestatus|p1a: Archaludon|brn|[msg]\n|\n|upkeep\n|turn|10\n|\n|t:|1733801870\n|move|p1a: Archaludon|Iron Head|p2a: Spiritomb\n|-damage|p2a: Spiritomb|116/234\n|move|p2a: Spiritomb|Will-O-Wisp|p1a: Archaludon\n|-status|p1a: Archaludon|brn\n|\n|-heal|p2a: Spiritomb|130/234|[from] item: Leftovers\n|-damage|p1a: Archaludon|191/268 brn|[from] brn\n|upkeep\n|turn|11\n|\n|t:|1733801887\n|move|p1a: Archaludon|Iron Head|p2a: Spiritomb\n|-damage|p2a: Spiritomb|64/234\n|cant|p2a: Spiritomb|flinch\n|\n|-heal|p2a: Spiritomb|78/234|[from] item: Leftovers\n|-damage|p1a: Archaludon|175/268 brn|[from] brn\n|upkeep\n|turn|12\n|\n|t:|1733801908\n|move|p1a: Archaludon|Iron Head|p2a: Spiritomb\n|-damage|p2a: Spiritomb|11/234\n|move|p2a: Spiritomb|Pain Split|p1a: Archaludon\n|-sethp|p1a: Archaludon|93/268 brn|[from] move: Pain Split|[silent]\n|-sethp|p2a: Spiritomb|93/234|[from] move: Pain Split\n|\n|-heal|p2a: Spiritomb|107/234|[from] item: Leftovers\n|-damage|p1a: Archaludon|77/268 brn|[from] brn\n|upkeep\n|turn|13\n|\n|t:|1733801933\n|switch|p2a: Uxie|Uxie, L83|260/260\n|move|p1a: Archaludon|Iron Head|p2a: Uxie\n|-damage|p2a: Uxie|206/260\n|\n|-heal|p2a: Uxie|222/260|[from] item: Leftovers\n|-damage|p1a: Archaludon|61/268 brn|[from] brn\n|upkeep\n|turn|14\n|\n|t:|1733801951\n|switch|p1a: Drifblim|Drifblim, L86, F|370/398\n|move|p2a: Uxie|Psychic Noise|p1a: Drifblim\n|-damage|p1a: Drifblim|282/398\n|-start|p1a: Drifblim|move: Heal Block\n|\n|-heal|p2a: Uxie|238/260|[from] item: Leftovers\n|upkeep\n|turn|15\n|\n|t:|1733801965\n|move|p2a: Uxie|U-turn|p1a: Drifblim\n|-resisted|p1a: Drifblim\n|-damage|p1a: Drifblim|266/398\n|\n|t:|1733801978\n|switch|p2a: Spiritomb|Spiritomb, L89, F|107/234|[from] U-turn\n|move|p1a: Drifblim|Shadow Ball|p2a: Spiritomb\n|-damage|p2a: Spiritomb|41/234\n|\n|-heal|p2a: Spiritomb|55/234|[from] item: Leftovers\n|-end|p1a: Drifblim|move: Heal Block\n|upkeep\n|turn|16\n|\n|t:|1733802000\n|switch|p2a: Zangoose|Zangoose, L85, F|263/263 tox\n|move|p1a: Drifblim|Shadow Ball|p2a: Zangoose\n|-immune|p2a: Zangoose\n|\n|-damage|p2a: Zangoose|247/263 tox|[from] psn\n|upkeep\n|turn|17\n|\n|t:|1733802020\n|switch|p2a: Groudon|Groudon, L72|263/263\n|-weather|SunnyDay|[from] ability: Drought|[of] p2a: Groudon\n|move|p1a: Drifblim|Strength Sap|p2a: Groudon\n|-unboost|p2a: Groudon|atk|1\n|-heal|p1a: Drifblim|398/398\n|\n|-weather|SunnyDay|[upkeep]\n|upkeep\n|turn|18\n|\n|t:|1733802049\n|move|p1a: Drifblim|Shadow Ball|p2a: Groudon\n|-damage|p2a: Groudon|166/263\n|move|p2a: Groudon|Heat Crash|p1a: Drifblim\n|-damage|p1a: Drifblim|267/398\n|\n|-weather|SunnyDay|[upkeep]\n|-heal|p2a: Groudon|182/263|[from] item: Leftovers\n|upkeep\n|turn|19\n|\n|t:|1733802058\n|move|p1a: Drifblim|Shadow Ball|p2a: Groudon\n|-damage|p2a: Groudon|88/263\n|move|p2a: Groudon|Stone Edge|p1a: Drifblim\n|-supereffective|p1a: Drifblim\n|-damage|p1a: Drifblim|121/398\n|\n|-weather|SunnyDay|[upkeep]\n|-heal|p2a: Groudon|104/263|[from] item: Leftovers\n|upkeep\n|turn|20\n|\n|t:|1733802077\n|move|p1a: Drifblim|Strength Sap|p2a: Groudon\n|-unboost|p2a: Groudon|atk|1\n|-heal|p1a: Drifblim|293/398\n|move|p2a: Groudon|Stone Edge|p1a: Drifblim\n|-supereffective|p1a: Drifblim\n|-damage|p1a: Drifblim|171/398\n|\n|-weather|SunnyDay|[upkeep]\n|-heal|p2a: Groudon|120/263|[from] item: Leftovers\n|upkeep\n|turn|21\n|\n|t:|1733802088\n|switch|p2a: Zangoose|Zangoose, L85, F|247/263 tox\n|move|p1a: Drifblim|Strength Sap|p2a: Zangoose\n|-unboost|p2a: Zangoose|atk|1\n|-heal|p1a: Drifblim|398/398\n|\n|-weather|none\n|-damage|p2a: Zangoose|231/263 tox|[from] psn\n|upkeep\n|turn|22\n|\n|t:|1733802098\n|switch|p2a: Groudon|Groudon, L72|120/263\n|-weather|SunnyDay|[from] ability: Drought|[of] p2a: Groudon\n|move|p1a: Drifblim|Shadow Ball|p2a: Groudon\n|-damage|p2a: Groudon|23/263\n|\n|-weather|SunnyDay|[upkeep]\n|-heal|p2a: Groudon|39/263|[from] item: Leftovers\n|upkeep\n|turn|23\n|\n|t:|1733802108\n|move|p1a: Drifblim|Shadow Ball|p2a: Groudon\n|-damage|p2a: Groudon|0 fnt\n|faint|p2a: Groudon\n|\n|-weather|SunnyDay|[upkeep]\n|upkeep\n|\n|t:|1733802121\n|switch|p2a: Qwilfish|Qwilfish, L86, F|252/252\n|-ability|p2a: Qwilfish|Intimidate|boost\n|-unboost|p1a: Drifblim|atk|1\n|turn|24\n|\n|t:|1733802127\n|move|p2a: Qwilfish|Thunder Wave|p1a: Drifblim\n|-status|p1a: Drifblim|par\n|move|p1a: Drifblim|Shadow Ball|p2a: Qwilfish\n|-damage|p2a: Qwilfish|134/252\n|\n|-weather|SunnyDay|[upkeep]\n|-heal|p2a: Qwilfish|149/252|[from] item: Leftovers\n|upkeep\n|turn|25\n|\n|t:|1733802150\n|switch|p2a: Zangoose|Zangoose, L85, F|231/263 tox\n|move|p1a: Drifblim|Shadow Ball|p2a: Zangoose\n|-immune|p2a: Zangoose\n|\n|-weather|SunnyDay|[upkeep]\n|-damage|p2a: Zangoose|215/263 tox|[from] psn\n|upkeep\n|turn|26\n|\n|t:|1733802162\n|move|p2a: Zangoose|Knock Off|p1a: Drifblim\n|-supereffective|p1a: Drifblim\n|-damage|p1a: Drifblim|156/398 par\n|cant|p1a: Drifblim|par\n|\n|-weather|none\n|-damage|p2a: Zangoose|183/263 tox|[from] psn\n|upkeep\n|turn|27\n|\n|t:|1733802175\n|switch|p1a: Reuniclus|Reuniclus, L88, M|268/337\n|move|p2a: Zangoose|Knock Off|p1a: Reuniclus\n|-supereffective|p1a: Reuniclus\n|-damage|p1a: Reuniclus|14/337\n|-enditem|p1a: Reuniclus|Life Orb|[from] move: Knock Off|[of] p2a: Zangoose\n|\n|-damage|p2a: Zangoose|135/263 tox|[from] psn\n|upkeep\n|turn|28\n|\n|t:|1733802192\n|switch|p1a: Maushold|Maushold-Four, L76|238/238\n|move|p2a: Zangoose|Quick Attack|p1a: Maushold\n|-damage|p1a: Maushold|147/238\n|\n|-damage|p2a: Zangoose|71/263 tox|[from] psn\n|upkeep\n|turn|29\n|\n|t:|1733802220\n|switch|p2a: Spiritomb|Spiritomb, L89, F|55/234\n|move|p1a: Maushold|Population Bomb|p2a: Spiritomb\n|-immune|p2a: Spiritomb\n|\n|-heal|p2a: Spiritomb|69/234|[from] item: Leftovers\n|upkeep\n|turn|30\n|\n|t:|1733802243\n|move|p1a: Maushold|Bite|p2a: Spiritomb\n|-damage|p2a: Spiritomb|34/234\n|move|p2a: Spiritomb|Will-O-Wisp|p1a: Maushold\n|-status|p1a: Maushold|brn\n|\n|-heal|p2a: Spiritomb|48/234|[from] item: Leftovers\n|-damage|p1a: Maushold|133/238 brn|[from] brn\n|upkeep\n|turn|31\n|\n|t:|1733802260\n|move|p1a: Maushold|Encore|p2a: Spiritomb\n|-start|p2a: Spiritomb|Encore\n|move|p2a: Spiritomb|Will-O-Wisp|p1a: Maushold\n|-fail|p1a: Maushold|brn\n|\n|-heal|p2a: Spiritomb|62/234|[from] item: Leftovers\n|-damage|p1a: Maushold|119/238 brn|[from] brn\n|upkeep\n|turn|32\n|\n|t:|1733802270\n|move|p1a: Maushold|Bite|p2a: Spiritomb\n|-damage|p2a: Spiritomb|45/234\n|cant|p2a: Spiritomb|flinch\n|\n|-heal|p2a: Spiritomb|59/234|[from] item: Leftovers\n|-damage|p1a: Maushold|105/238 brn|[from] brn\n|upkeep\n|turn|33\n|\n|t:|1733802279\n|switch|p1a: Latias|Latias, L79, F|256/256\n|move|p2a: Spiritomb|Will-O-Wisp|p1a: Latias\n|-status|p1a: Latias|brn\n|\n|-heal|p2a: Spiritomb|73/234|[from] item: Leftovers\n|-damage|p1a: Latias|240/256 brn|[from] brn\n|-end|p2a: Spiritomb|Encore\n|upkeep\n|turn|34\n|\n|t:|1733802296\n|switch|p2a: Uxie|Uxie, L83|238/260\n|move|p1a: Latias|Psyshock|p2a: Uxie\n|-resisted|p2a: Uxie\n|-damage|p2a: Uxie|199/260\n|\n|-heal|p2a: Uxie|215/260|[from] item: Leftovers\n|-damage|p1a: Latias|224/256 brn|[from] brn\n|upkeep\n|turn|35\n|\n|t:|1733802312\n|move|p1a: Latias|Calm Mind|p1a: Latias\n|-boost|p1a: Latias|spa|1\n|-boost|p1a: Latias|spd|1\n|move|p2a: Uxie|Thunder Wave||[still]\n|-fail|p2a: Uxie\n|\n|-heal|p2a: Uxie|231/260|[from] item: Leftovers\n|-damage|p1a: Latias|208/256 brn|[from] brn\n|upkeep\n|turn|36\n|\n|t:|1733802321\n|-terastallize|p2a: Uxie|Dark\n|move|p1a: Latias|Calm Mind|p1a: Latias\n|-boost|p1a: Latias|spa|1\n|-boost|p1a: Latias|spd|1\n|move|p2a: Uxie|Knock Off|p1a: Latias\n|-supereffective|p1a: Latias\n|-damage|p1a: Latias|32/256 brn\n|-enditem|p1a: Latias|Soul Dew|[from] move: Knock Off|[of] p2a: Uxie\n|\n|-heal|p2a: Uxie|247/260|[from] item: Leftovers\n|-damage|p1a: Latias|16/256 brn|[from] brn\n|upkeep\n|turn|37\n|\n|t:|1733802354\n|switch|p2a: Suicune|Suicune, L82|142/298\n|-ability|p2a: Suicune|Pressure\n|move|p1a: Latias|Draco Meteor|p2a: Suicune\n|-damage|p2a: Suicune|0 fnt\n|-unboost|p1a: Latias|spa|2\n|faint|p2a: Suicune\n|\n|-damage|p1a: Latias|0 fnt|[from] brn\n|faint|p1a: Latias\n|upkeep\n|\n|t:|1733802370\n|switch|p1a: Drifblim|Drifblim, L86, F|156/398 par\n|switch|p2a: Uxie|Uxie, L83, tera:Dark|247/260\n|turn|38\n|\n|t:|1733802379\n|move|p2a: Uxie|Psychic Noise|p1a: Drifblim\n|-damage|p1a: Drifblim|60/398 par\n|-start|p1a: Drifblim|move: Heal Block\n|cant|p1a: Drifblim|move: Heal Block|Strength Sap\n|\n|-heal|p2a: Uxie|260/260|[from] item: Leftovers\n|upkeep\n|turn|39\n|\n|t:|1733802395\n|move|p2a: Uxie|Knock Off|p1a: Drifblim\n|-supereffective|p1a: Drifblim\n|-damage|p1a: Drifblim|0 fnt\n|-damage|p2a: Uxie|195/260|[from] ability: Aftermath|[of] p1a: Drifblim\n|faint|p1a: Drifblim\n|\n|-heal|p2a: Uxie|211/260|[from] item: Leftovers\n|upkeep\n|\n|t:|1733802410\n|switch|p1a: Reuniclus|Reuniclus, L88, M|14/337\n|turn|40\n|\n|t:|1733802416\n|move|p2a: Uxie|Knock Off|p1a: Reuniclus\n|-supereffective|p1a: Reuniclus\n|-damage|p1a: Reuniclus|0 fnt\n|faint|p1a: Reuniclus\n|\n|-heal|p2a: Uxie|227/260|[from] item: Leftovers\n|upkeep\n|\n|t:|1733802426\n|switch|p1a: Maushold|Maushold-Four, L76|105/238 brn\n|turn|41\n|\n|t:|1733802430\n|switch|p2a: Spiritomb|Spiritomb, L89, F|73/234\n|move|p1a: Maushold|Population Bomb|p2a: Spiritomb\n|-immune|p2a: Spiritomb\n|\n|-heal|p2a: Spiritomb|87/234|[from] item: Leftovers\n|-damage|p1a: Maushold|91/238 brn|[from] brn\n|upkeep\n|turn|42\n|-message|Iansane579 forfeited.\n|\n|win|aayan2006\n|raw|Iansane579's rating: 1198 &rarr; <strong>1175</strong><br />(-23 for losing)\n|raw|aayan2006's rating: 1227 &rarr; <strong>1250</strong><br />(+23 for winning)\n|l|\u2606Iansane579\n|player|p1|\n", "inputlog": ">version bfd83cad13791eb5a5a409923076391caf6fb4d4\n>start {\"formatid\":\"gen9randombattle\",\"seed\":[12563,42511,42137,27507],\"rated\":\"Rated battle\"}\n>player p1 {\"name\":\"Iansane579\",\"avatar\":\"102\",\"rating\":1198,\"seed\":[63690,28365,6321,58966]}\n>player p2 {\"name\":\"aayan2006\",\"avatar\":\"265\",\"rating\":1227,\"seed\":[53231,25027,61959,48167]}\n>p1 move strengthsap\n>p2 move knockoff\n>p1 switch 2\n>p2 switch 5\n>p1 move psychic\n>p2 move scald\n>p1 move psychic\n>p2 move protect\n>p1 move psychic\n>p2 switch 4\n>p1 switch 3\n>p2 move poltergeist\n>p1 move closecombat\n>p2 move willowisp\n>p1 switch 5\n>p2 move poltergeist\n>p1 move swordsdance\n>p2 move willowisp\n>p1 move ironhead\n>p2 move willowisp\n>p1 move ironhead\n>p2 move painsplit\n>p1 move ironhead\n>p2 move painsplit\n>p1 move ironhead\n>p2 switch 3\n>p1 switch 2\n>p2 move psychicnoise\n>p1 move shadowball\n>p2 move uturn\n>p2 switch 3\n>p1 move shadowball\n>p2 switch 5\n>p1 move strengthsap\n>p2 switch 2\n>p1 move shadowball\n>p2 move heatcrash\n>p1 move shadowball\n>p2 move stoneedge\n>p1 move strengthsap\n>p2 move stoneedge\n>p1 move strengthsap\n>p2 switch 2\n>p1 move shadowball\n>p2 switch 2\n>p1 move shadowball\n>p2 move stoneedge\n>p2 switch 6\n>p1 move shadowball\n>p2 move thunderwave\n>p1 move shadowball\n>p2 switch 2\n>p1 move airslash\n>p2 move knockoff\n>p1 switch 3\n>p2 move knockoff\n>p1 switch 4\n>p2 move quickattack\n>p1 move populationbomb\n>p2 switch 5\n>p1 move bite\n>p2 move willowisp\n>p1 move encore\n>p2 move painsplit\n>p1 move bite\n>p2 move willowisp\n>p1 switch 6\n>p2 move willowisp\n>p1 move psyshock\n>p2 switch 3\n>p1 move calmmind\n>p2 move thunderwave\n>p1 move calmmind\n>p2 move knockoff terastallize\n>p1 move dracometeor\n>p2 switch 4\n>p1 switch 3\n>p2 switch 4\n>p1 move strengthsap\n>p2 move psychicnoise\n>p1 move airslash\n>p2 move knockoff\n>p1 switch 4\n>p1 move shadowball\n>p2 move knockoff\n>p1 switch 6\n>p1 move populationbomb\n>p2 switch 3\n>forcelose p1", "uploadtime": 1733802506, "views": 16, "formatid": "gen9randombattle", "rating": 1175, "private": 0, "password": null}