{"id": "gen9randombattle-2259809661", "format": "[Gen 9] Random Battle", "players": ["Gttfuuj", "angry merchant"], "log": "|j|\u2606Gttfuuj\n|j|\u2606angry merchant\n|t:|1733768887\n|gametype|singles\n|player|p1|Gttfuuj|linebacker|1604\n|player|p2|angry merchant|265|1625\n|teamsize|p1|6\n|teamsize|p2|6\n|gen|9\n|tier|[Gen 9] Random Battle\n|rated|\n|rule|Species Clause: Limit one of each Pok\u00e9mon\n|rule|HP Percentage Mod: HP is shown in percentages\n|rule|Sleep Clause Mod: Limit one foe put to sleep\n|rule|Illusion Level Mod: Illusion disguises the Pok\u00e9mon's true level\n|\n|t:|1733768887\n|start\n|switch|p1a: Komala|Komala, L89, F|260/260\n|switch|p2a: Sylveon|Sylveon, L85, F|300/300\n|-ability|p1a: Komala|Comatose\n|turn|1\n|inactive|Battle timer is ON: inactive players will automatically lose when time's up. (requested by Gttfuuj)\n|\n|t:|1733768898\n|switch|p2a: Bronzong|Bronzong, L88|261/261\n|move|p1a: Komala|U-turn|p2a: Bronzong\n|-damage|p2a: Bronzong|211/261\n|\n|t:|1733768914\n|switch|p1a: Cramorant|Cramorant, L86, M|261/261|[from] U-turn\n|\n|-heal|p2a: Bronzong|227/261|[from] item: Leftovers\n|upkeep\n|turn|2\n|\n|t:|1733768939\n|move|p1a: Cramorant|Surf|p2a: Bronzong\n|-formechange|p1a: Cramorant|Cramorant-Gulping|\n|-damage|p2a: Bronzong|160/261\n|move|p2a: Bronzong|Stealth Rock|p1a: Cramorant\n|-sidestart|p1: Gttfuuj|move: Stealth Rock\n|\n|-heal|p2a: Bronzong|176/261|[from] item: Leftovers\n|upkeep\n|turn|3\n|\n|t:|1733768950\n|move|p1a: Cramorant|Surf|p2a: Bronzong\n|-damage|p2a: Bronzong|107/261\n|move|p2a: Bronzong|Psychic Noise|p1a: Cramorant\n|-damage|p1a: Cramorant|191/261\n|-start|p1a: Cramorant|move: Heal Block\n|-damage|p2a: Bronzong|42/261|[from] ability: Gulp Missile|[of] p1a: Cramorant\n|-unboost|p2a: Bronzong|def|1\n|-formechange|p1a: Cramorant|Cramorant|\n|\n|-heal|p2a: Bronzong|58/261|[from] item: Leftovers\n|upkeep\n|turn|4\n|\n|t:|1733768967\n|switch|p2a: Victreebel|Victreebel, L90, M|290/290\n|move|p1a: Cramorant|Surf|p2a: Victreebel\n|-formechange|p1a: Cramorant|Cramorant-Gulping|\n|-resisted|p2a: Victreebel\n|-damage|p2a: Victreebel|236/290\n|\n|-end|p1a: Cramorant|move: Heal Block\n|upkeep\n|turn|5\n|\n|t:|1733768977\n|move|p1a: Cramorant|Brave Bird|p2a: Victreebel\n|-supereffective|p2a: Victreebel\n|-damage|p2a: Victreebel|0 fnt\n|faint|p2a: Victreebel\n|-damage|p1a: Cramorant|113/261|[from] Recoil\n|\n|upkeep\n|\n|t:|1733768988\n|switch|p2a: Electrode|Electrode, L92|260/260\n|turn|6\n|\n|t:|1733769002\n|-terastallize|p1a: Cramorant|Ground\n|move|p2a: Electrode|Volt Switch|p1a: Cramorant\n|-immune|p1a: Cramorant\n|move|p1a: Cramorant|Defog|p2a: Electrode\n|-unboost|p2a: Electrode|evasion|1\n|-sideend|p1: Gttfuuj|Stealth Rock|[from] move: Defog|[of] p1a: Cramorant\n|\n|upkeep\n|turn|7\n|\n|t:|1733769012\n|move|p2a: Electrode|Foul Play|p1a: Cramorant\n|-damage|p1a: Cramorant|23/261\n|-damage|p2a: Electrode|195/260|[from] ability: Gulp Missile|[of] p1a: Cramorant\n|-unboost|p2a: Electrode|def|1\n|-formechange|p1a: Cramorant|Cramorant|\n|move|p1a: Cramorant|Roost|p1a: Cramorant\n|-heal|p1a: Cramorant|154/261\n|\n|upkeep\n|turn|8\n|\n|t:|1733769021\n|move|p2a: Electrode|Explosion|p1a: Cramorant\n|-damage|p1a: Cramorant|0 fnt\n|faint|p2a: Electrode\n|faint|p1a: Cramorant\n|\n|upkeep\n|\n|t:|1733769040\n|switch|p2a: Bronzong|Bronzong, L88|58/261\n|switch|p1a: Komala|Komala, L89, F|260/260\n|-ability|p1a: Komala|Comatose\n|turn|9\n|\n|t:|1733769047\n|move|p1a: Komala|Knock Off|p2a: Bronzong\n|-supereffective|p2a: Bronzong\n|-damage|p2a: Bronzong|0 fnt\n|-enditem|p2a: Bronzong|Leftovers|[from] move: Knock Off|[of] p1a: Komala\n|faint|p2a: Bronzong\n|\n|upkeep\n|\n|t:|1733769053\n|switch|p2a: Sylveon|Sylveon, L85, F|300/300\n|turn|10\n|\n|t:|1733769059\n|switch|p1a: Bronzong|Bronzong, L88|261/261\n|move|p2a: Sylveon|Calm Mind|p2a: Sylveon\n|-boost|p2a: Sylveon|spa|1\n|-boost|p2a: Sylveon|spd|1\n|\n|upkeep\n|turn|11\n|\n|t:|1733769065\n|switch|p2a: Coalossal|Coalossal, L89, F|341/341\n|move|p1a: Bronzong|Hypnosis|p2a: Coalossal\n|-status|p2a: Coalossal|slp|[from] move: Hypnosis\n|\n|upkeep\n|turn|12\n|\n|t:|1733769071\n|move|p1a: Bronzong|Stealth Rock|p2a: Coalossal\n|-sidestart|p2: angry merchant|move: Stealth Rock\n|cant|p2a: Coalossal|slp\n|\n|upkeep\n|turn|13\n|\n|t:|1733769075\n|switch|p1a: Komala|Komala, L89, F|260/260\n|-ability|p1a: Komala|Comatose\n|cant|p2a: Coalossal|slp\n|\n|upkeep\n|turn|14\n|\n|t:|1733769082\n|move|p1a: Komala|Earthquake|p2a: Coalossal\n|-supereffective|p2a: Coalossal\n|-damage|p2a: Coalossal|77/341 slp\n|cant|p2a: Coalossal|slp\n|\n|upkeep\n|turn|15\n|-message|angry merchant forfeited.\n|\n|win|Gttfuuj\n|raw|Gttfuuj's rating: 1604 &rarr; <strong>1625</strong><br />(+21 for winning)\n|raw|angry merchant's rating: 1625 &rarr; <strong>1604</strong><br />(-21 for losing)\n|l|\u2606angry merchant\n|player|p2|\n", "inputlog": ">version bfd83cad13791eb5a5a409923076391caf6fb4d4\n>start {\"formatid\":\"gen9randombattle\",\"seed\":[21675,9851,28062,27997],\"rated\":\"Rated battle\"}\n>player p1 {\"name\":\"Gttfuuj\",\"avatar\":\"linebacker\",\"rating\":1604,\"seed\":[2065,30925,52135,38327]}\n>player p2 {\"name\":\"angry merchant\",\"avatar\":\"265\",\"rating\":1625,\"seed\":[34254,6538,37179,37716]}\n>p1 move uturn\n>p2 switch 2\n>p1 switch 5\n>p1 move surf\n>p2 move stealthrock\n>p1 move surf\n>p2 move psychicnoise\n>p1 move surf\n>p2 switch 3\n>p1 move bravebird\n>p2 move powerwhip\n>p2 switch 6\n>p1 move defog terastallize\n>p2 move voltswitch\n>p1 move roost\n>p2 move foulplay\n>p1 move roost\n>p2 move explosion\n>p1 switch 5\n>p2 switch 3\n>p1 move knockoff\n>p2 move stealthrock\n>p2 switch 2\n>p1 switch 6\n>p2 move calmmind\n>p1 move hypnosis\n>p2 switch 4\n>p1 move stealthrock\n>p2 move overheat\n>p1 switch 6\n>p2 move overheat\n>p1 move earthquake\n>p2 move rapidspin\n>forcelose p2", "uploadtime": 1733769089, "views": 1, "formatid": "gen9randombattle", "rating": 1604, "private": 0, "password": null}