{"id": "gen9randombattle-2260783174", "format": "[Gen 9] Random Battle", "players": ["RobertK5667hotdog", "Vyxnx"], "log": "|j|\u2606RobertK5667hotdog\n|j|\u2606Vyxnx\n|t:|1733891385\n|gametype|singles\n|player|p1|RobertK5667hotdog|266|\n|player|p2|Vyxnx|ghetsis-gen5bw|\n|teamsize|p1|6\n|teamsize|p2|6\n|gen|9\n|tier|[Gen 9] Random Battle\n|rule|Species Clause: Limit one of each Pok\u00e9mon\n|rule|HP Percentage Mod: HP is shown in percentages\n|rule|Sleep Clause Mod: Limit one foe put to sleep\n|rule|Illusion Level Mod: Illusion disguises the Pok\u00e9mon's true level\n|\n|t:|1733891385\n|start\n|switch|p1a: Greedent|Greedent, L86, M|347/347\n|switch|p2a: Komala|Komala, L89, F|260/260\n|-ability|p2a: Komala|Comatose\n|turn|1\n|\n|t:|1733891395\n|move|p2a: Komala|Superpower|p1a: Greedent\n|-supereffective|p1a: Greedent\n|-damage|p1a: Greedent|155/347\n|-unboost|p2a: Komala|atk|1\n|-unboost|p2a: Komala|def|1\n|-enditem|p1a: Greedent|Sitrus Berry|[eat]\n|-heal|p1a: Greedent|241/347|[from] item: Sitrus Berry\n|-heal|p1a: Greedent|347/347|[from] ability: Cheek Pouch\n|move|p1a: Greedent|Knock Off|p2a: Komala\n|-damage|p2a: Komala|140/260\n|-enditem|p2a: Komala|Choice Scarf|[from] move: Knock Off|[of] p1a: Greedent\n|\n|upkeep\n|turn|2\n|\n|t:|1733891426\n|move|p2a: Komala|Superpower|p1a: Greedent\n|-supereffective|p1a: Greedent\n|-damage|p1a: Greedent|209/347\n|-unboost|p2a: Komala|atk|1\n|-unboost|p2a: Komala|def|1\n|move|p1a: Greedent|Earthquake|p2a: Komala\n|-damage|p2a: Komala|0 fnt\n|faint|p2a: Komala\n|\n|upkeep\n|\n|t:|1733891467\n|switch|p2a: Ambipom|Ambipom, L84, F|263/263\n|turn|3\n|\n|t:|1733891481\n|move|p2a: Ambipom|Fake Out|p1a: Greedent\n|-damage|p1a: Greedent|140/347\n|cant|p1a: Greedent|flinch\n|\n|upkeep\n|turn|4\n|\n|t:|1733891491\n|move|p2a: Ambipom|Knock Off|p1a: Greedent\n|-damage|p1a: Greedent|95/347\n|move|p1a: Greedent|Earthquake|p2a: Ambipom\n|-damage|p2a: Ambipom|169/263\n|\n|upkeep\n|turn|5\n|\n|t:|1733891500\n|move|p2a: Ambipom|Double-Edge|p1a: Greedent\n|-damage|p1a: Greedent|0 fnt\n|faint|p1a: Greedent\n|-damage|p2a: Ambipom|138/263|[from] Recoil\n|\n|upkeep\n|\n|t:|1733891510\n|switch|p1a: Regieleki|Regieleki, L79|256/256\n|turn|6\n|\n|t:|1733891525\n|move|p1a: Regieleki|Volt Switch|p2a: Ambipom\n|-damage|p2a: Ambipom|18/263\n|\n|t:|1733891534\n|switch|p1a: Gengar|Gengar, L81, M|230/230|[from] Volt Switch\n|move|p2a: Ambipom|Knock Off|p1a: Gengar\n|-supereffective|p1a: Gengar\n|-damage|p1a: Gengar|24/230\n|-enditem|p1a: Gengar|Life Orb|[from] move: Knock Off|[of] p2a: Ambipom\n|\n|upkeep\n|turn|7\n|\n|t:|1733891547\n|move|p2a: Ambipom|Knock Off|p1a: Gengar\n|-supereffective|p1a: Gengar\n|-damage|p1a: Gengar|0 fnt\n|faint|p1a: Gengar\n|\n|upkeep\n|\n|t:|1733891553\n|switch|p1a: Basculegion|Basculegion-F, L83, F|335/335\n|turn|8\n|\n|t:|1733891561\n|move|p2a: Ambipom|Knock Off|p1a: Basculegion\n|-supereffective|p1a: Basculegion\n|-damage|p1a: Basculegion|173/335\n|-enditem|p1a: Basculegion|Assault Vest|[from] move: Knock Off|[of] p2a: Ambipom\n|move|p1a: Basculegion|Flip Turn|p2a: Ambipom\n|-damage|p2a: Ambipom|0 fnt\n|faint|p2a: Ambipom\n|\n|t:|1733891570\n|switch|p1a: Oranguru|Oranguru, L92, M|315/315|[from] Flip Turn\n|\n|upkeep\n|\n|t:|1733891583\n|switch|p2a: Galvantula|Galvantula, L82, M|249/249\n|turn|9\n|\n|t:|1733891618\n|move|p2a: Galvantula|Bug Buzz|p1a: Oranguru\n|-supereffective|p1a: Oranguru\n|-damage|p1a: Oranguru|183/315\n|move|p1a: Oranguru|Psyshock|p2a: Galvantula\n|-damage|p2a: Galvantula|131/249\n|\n|-heal|p1a: Oranguru|202/315|[from] item: Leftovers\n|upkeep\n|turn|10\n|\n|t:|1733891642\n|move|p2a: Galvantula|Giga Drain|p1a: Oranguru\n|-damage|p1a: Oranguru|165/315\n|-heal|p2a: Galvantula|150/249|[from] drain|[of] p1a: Oranguru\n|move|p1a: Oranguru|Thunderbolt|p2a: Galvantula\n|-resisted|p2a: Galvantula\n|-damage|p2a: Galvantula|104/249\n|\n|-heal|p1a: Oranguru|184/315|[from] item: Leftovers\n|upkeep\n|turn|11\n|\n|t:|1733891651\n|move|p2a: Galvantula|Bug Buzz|p1a: Oranguru\n|-supereffective|p1a: Oranguru\n|-damage|p1a: Oranguru|32/315\n|move|p1a: Oranguru|Focus Blast|p2a: Galvantula\n|-resisted|p2a: Galvantula\n|-damage|p2a: Galvantula|44/249\n|\n|-heal|p1a: Oranguru|51/315|[from] item: Leftovers\n|upkeep\n|turn|12\n|\n|t:|1733891664\n|move|p2a: Galvantula|Bug Buzz|p1a: Oranguru\n|-supereffective|p1a: Oranguru\n|-damage|p1a: Oranguru|0 fnt\n|faint|p1a: Oranguru\n|\n|upkeep\n|\n|t:|1733891671\n|switch|p1a: Basculegion|Basculegion-F, L83, F|173/335\n|turn|13\n|\n|t:|1733891682\n|move|p2a: Galvantula|Thunder|p1a: Basculegion\n|-supereffective|p1a: Basculegion\n|-damage|p1a: Basculegion|0 fnt\n|faint|p1a: Basculegion\n|\n|upkeep\n|\n|t:|1733891686\n|switch|p1a: Beartic|Beartic, L91, M|321/321\n|turn|14\n|\n|t:|1733891700\n|move|p2a: Galvantula|Thunder|p1a: Beartic|[miss]\n|-miss|p2a: Galvantula|p1a: Beartic\n|move|p1a: Beartic|Earthquake|p2a: Galvantula\n|-damage|p2a: Galvantula|0 fnt\n|faint|p2a: Galvantula\n|\n|upkeep\n|\n|t:|1733891721\n|switch|p2a: Armarouge|Armarouge, L80, F|267/267\n|turn|15\n|\n|t:|1733891734\n|-terastallize|p1a: Beartic|Ground\n|move|p1a: Beartic|Aqua Jet|p2a: Armarouge\n|-supereffective|p2a: Armarouge\n|-damage|p2a: Armarouge|189/267\n|-ability|p2a: Armarouge|Weak Armor|boost\n|-unboost|p2a: Armarouge|def|1\n|-boost|p2a: Armarouge|spe|2\n|move|p2a: Armarouge|Armor Cannon|p1a: Beartic\n|-damage|p1a: Beartic|186/321\n|-unboost|p2a: Armarouge|def|1\n|-unboost|p2a: Armarouge|spd|1\n|\n|upkeep\n|turn|16\n|\n|t:|1733891767\n|move|p2a: Armarouge|Energy Ball|p1a: Beartic\n|-supereffective|p1a: Beartic\n|-damage|p1a: Beartic|42/321\n|move|p1a: Beartic|Earthquake|p2a: Armarouge\n|-supereffective|p2a: Armarouge\n|-damage|p2a: Armarouge|0 fnt\n|faint|p2a: Armarouge\n|\n|upkeep\n|\n|t:|1733891779\n|switch|p2a: Drednaw|Drednaw, L81, F|278/278\n|turn|17\n|\n|t:|1733891817\n|move|p2a: Drednaw|Earthquake|p1a: Beartic\n|-damage|p1a: Beartic|0 fnt\n|faint|p1a: Beartic\n|\n|upkeep\n|\n|t:|1733891821\n|switch|p1a: Regieleki|Regieleki, L79|256/256\n|turn|18\n|\n|t:|1733891834\n|move|p1a: Regieleki|Thunderbolt|p2a: Drednaw\n|-supereffective|p2a: Drednaw\n|-damage|p2a: Drednaw|0 fnt\n|faint|p2a: Drednaw\n|\n|upkeep\n|\n|t:|1733891839\n|switch|p2a: Entei|Entei, L78|307/307\n|turn|19\n|\n|t:|1733891887\n|move|p2a: Entei|Extreme Speed|p1a: Regieleki\n|-damage|p1a: Regieleki|116/256\n|move|p1a: Regieleki|Thunderbolt|p2a: Entei\n|-damage|p2a: Entei|138/307\n|\n|upkeep\n|turn|20\n|\n|t:|1733891898\n|move|p2a: Entei|Extreme Speed|p1a: Regieleki\n|-damage|p1a: Regieleki|0 fnt\n|faint|p1a: Regieleki\n|\n|win|Vyxnx\n", "inputlog": ">version bfd83cad13791eb5a5a409923076391caf6fb4d4\n>start {\"formatid\":\"gen9randombattle\",\"seed\":[11896,12990,13770,54880]}\n>player p1 {\"name\":\"RobertK5667hotdog\",\"avatar\":\"266\",\"rating\":0,\"seed\":[23105,15054,62710,42269]}\n>player p2 {\"name\":\"Vyxnx\",\"avatar\":\"ghetsis-gen5bw\",\"rating\":0,\"seed\":[50441,31232,48777,4683]}\n>p1 move knockoff\n>p2 move superpower\n>p1 move earthquake\n>p2 move superpower\n>p2 switch 5\n>p1 move knockoff\n>p2 move fakeout\n>p1 move earthquake\n>p2 move knockoff\n>p1 move doubleedge\n>p2 move doubleedge\n>p1 switch 3\n>p1 move voltswitch\n>p2 move knockoff\n>p1 switch 6\n>p1 move sludgewave\n>p2 move knockoff\n>p1 switch 5\n>p1 move flipturn\n>p2 move knockoff\n>p1 switch 2\n>p2 switch 6\n>p1 move psyshock\n>p2 move bugbuzz\n>p1 move thunderbolt\n>p2 move gigadrain\n>p1 move focusblast\n>p2 move bugbuzz\n>p1 move psyshock\n>p2 move bugbuzz\n>p1 switch 2\n>p1 move flipturn\n>p2 move thunder\n>p1 switch 4\n>p1 move earthquake\n>p2 move thunder\n>p2 switch 4\n>p1 move aquajet terastallize\n>p2 move armorcannon\n>p1 move earthquake\n>p2 move energyball\n>p2 switch 3\n>p1 move iciclecrash\n>p2 move earthquake\n>p1 switch 6\n>p1 move thunderbolt\n>p2 move stoneedge\n>p2 switch 2\n>p1 move thunderbolt\n>p2 move extremespeed\n>p1 move explosion\n>p2 move extremespeed", "uploadtime": 1733892066, "views": 24, "formatid": "gen9randombattle", "rating": null, "private": 0, "password": null}