{"id": "gen9randombattle-2259770734", "format": "[Gen 9] Random Battle", "players": ["Cowsrule247", "ArcuateCow"], "log": "|j|\u2606Cowsrule247\n|j|\u2606ArcuateCow\n|t:|1733765058\n|gametype|singles\n|player|p1|Cowsrule247|skyla|1731\n|player|p2|ArcuateCow|266|1762\n|teamsize|p1|6\n|teamsize|p2|6\n|gen|9\n|tier|[Gen 9] Random Battle\n|rated|\n|rule|Species Clause: Limit one of each Pok\u00e9mon\n|rule|HP Percentage Mod: HP is shown in percentages\n|rule|Sleep Clause Mod: Limit one foe put to sleep\n|rule|Illusion Level Mod: Illusion disguises the Pok\u00e9mon's true level\n|\n|t:|1733765058\n|start\n|switch|p1a: Arcanine|Arcanine, L84, M|288/288\n|switch|p2a: Rillaboom|Rillaboom, L79, F|288/288\n|-ability|p1a: Arcanine|Intimidate|boost\n|-unboost|p2a: Rillaboom|atk|1\n|-fieldstart|move: Grassy Terrain|[from] ability: Grassy Surge|[of] p2a: Rillaboom\n|turn|1\n|inactive|Battle timer is ON: inactive players will automatically lose when time's up. (requested by ArcuateCow)\n|\n|t:|1733765072\n|switch|p2a: Miraidon|Miraidon, L65|238/238\n|-fieldstart|move: Electric Terrain|[from] ability: Hadron Engine|[of] p2a: Miraidon\n|move|p1a: Arcanine|Close Combat|p2a: Miraidon\n|-damage|p2a: Miraidon|128/238\n|-unboost|p1a: Arcanine|def|1\n|-unboost|p1a: Arcanine|spd|1\n|\n|-heal|p2a: Miraidon|142/238|[from] item: Leftovers\n|upkeep\n|turn|2\n|\n|t:|1733765088\n|switch|p1a: Meganium|Meganium, L90, F|290/290\n|move|p2a: Miraidon|Draco Meteor|p1a: Meganium\n|-damage|p1a: Meganium|173/290\n|-unboost|p2a: Miraidon|spa|2\n|\n|-heal|p2a: Miraidon|156/238|[from] item: Leftovers\n|upkeep\n|turn|3\n|\n|t:|1733765100\n|switch|p2a: Chesnaught|Chesnaught, L84, F|285/285\n|move|p1a: Meganium|Knock Off|p2a: Chesnaught\n|-resisted|p2a: Chesnaught\n|-damage|p2a: Chesnaught|253/285\n|-enditem|p2a: Chesnaught|Leftovers|[from] move: Knock Off|[of] p1a: Meganium\n|-damage|p1a: Meganium|144/290|[from] item: Life Orb\n|\n|upkeep\n|turn|4\n|\n|t:|1733765111\n|switch|p1a: Emboar|Emboar, L84, F|322/322\n|move|p2a: Chesnaught|Trailblaze|p1a: Emboar\n|-resisted|p1a: Emboar\n|-damage|p1a: Emboar|289/322\n|-boost|p2a: Chesnaught|spe|1\n|\n|upkeep\n|turn|5\n|\n|t:|1733765121\n|move|p2a: Chesnaught|Iron Defense|p2a: Chesnaught\n|-boost|p2a: Chesnaught|def|2\n|move|p1a: Emboar|Flare Blitz|p2a: Chesnaught\n|-supereffective|p2a: Chesnaught\n|-damage|p2a: Chesnaught|109/285\n|-damage|p1a: Emboar|241/322|[from] Recoil\n|\n|-fieldend|move: Electric Terrain\n|upkeep\n|turn|6\n|\n|t:|1733765129\n|move|p2a: Chesnaught|Body Press|p1a: Emboar\n|-crit|p1a: Emboar\n|-damage|p1a: Emboar|0 fnt\n|faint|p1a: Emboar\n|\n|upkeep\n|\n|t:|1733765142\n|switch|p1a: Masquerain|Masquerain, L87, F|264/264\n|-ability|p1a: Masquerain|Intimidate|boost\n|-unboost|p2a: Chesnaught|atk|1\n|turn|7\n|\n|t:|1733765154\n|switch|p2a: Miraidon|Miraidon, L65|156/238\n|-fieldstart|move: Electric Terrain|[from] ability: Hadron Engine|[of] p2a: Miraidon\n|move|p1a: Masquerain|Quiver Dance|p1a: Masquerain\n|-boost|p1a: Masquerain|spa|1\n|-boost|p1a: Masquerain|spd|1\n|-boost|p1a: Masquerain|spe|1\n|\n|-heal|p2a: Miraidon|170/238|[from] item: Leftovers\n|upkeep\n|turn|8\n|\n|t:|1733765163\n|switch|p1a: Meganium|Meganium, L90, F|144/290\n|move|p2a: Miraidon|Electro Drift|p1a: Meganium\n|-resisted|p1a: Meganium\n|-damage|p1a: Meganium|78/290\n|\n|-heal|p2a: Miraidon|184/238|[from] item: Leftovers\n|upkeep\n|turn|9\n|\n|t:|1733765172\n|move|p2a: Miraidon|Draco Meteor|p1a: Meganium\n|-damage|p1a: Meganium|0 fnt\n|-unboost|p2a: Miraidon|spa|2\n|faint|p1a: Meganium\n|\n|-heal|p2a: Miraidon|198/238|[from] item: Leftovers\n|upkeep\n|\n|t:|1733765175\n|switch|p1a: Goodra|Goodra, L85, M|292/292\n|turn|10\n|\n|t:|1733765186\n|switch|p2a: Empoleon|Empoleon, L84, F|278/278\n|move|p1a: Goodra|Draco Meteor|p2a: Empoleon\n|-resisted|p2a: Empoleon\n|-damage|p2a: Empoleon|209/278\n|-unboost|p1a: Goodra|spa|2\n|\n|-heal|p2a: Empoleon|226/278|[from] item: Leftovers\n|upkeep\n|turn|11\n|\n|t:|1733765201\n|move|p2a: Empoleon|Yawn|p1a: Goodra\n|-activate|p1a: Goodra|move: Electric Terrain\n|move|p1a: Goodra|Dragon Tail|p2a: Empoleon\n|-resisted|p2a: Empoleon\n|-damage|p2a: Empoleon|190/278\n|drag|p2a: Manaphy|Manaphy, L78|284/284\n|\n|-fieldend|move: Electric Terrain\n|upkeep\n|turn|12\n|\n|t:|1733765225\n|switch|p2a: Empoleon|Empoleon, L84, F|190/278\n|move|p1a: Goodra|Dragon Tail|p2a: Empoleon\n|-resisted|p2a: Empoleon\n|-damage|p2a: Empoleon|153/278\n|drag|p2a: Beartic|Beartic, L91, F|321/321\n|\n|upkeep\n|turn|13\n|\n|t:|1733765239\n|switch|p1a: Stonjourner|Stonjourner, L91, F|330/330\n|move|p2a: Beartic|Icicle Crash|p1a: Stonjourner\n|-damage|p1a: Stonjourner|240/330\n|\n|upkeep\n|turn|14\n|\n|t:|1733765250\n|switch|p2a: Manaphy|Manaphy, L78|284/284\n|move|p1a: Stonjourner|Rock Polish|p1a: Stonjourner\n|-boost|p1a: Stonjourner|spe|2\n|\n|upkeep\n|turn|15\n|\n|t:|1733765267\n|move|p1a: Stonjourner|Stone Edge|p2a: Manaphy\n|-damage|p2a: Manaphy|93/284\n|-damage|p1a: Stonjourner|207/330|[from] item: Life Orb\n|move|p2a: Manaphy|Hydro Pump|p1a: Stonjourner\n|-supereffective|p1a: Stonjourner\n|-damage|p1a: Stonjourner|0 fnt\n|faint|p1a: Stonjourner\n|\n|-heal|p2a: Manaphy|110/284|[from] item: Leftovers\n|upkeep\n|inactive|Cowsrule247 has 120 seconds left.\n|\n|t:|1733765307\n|switch|p1a: Goodra|Goodra, L85, M|292/292\n|turn|16\n|\n|t:|1733765321\n|move|p2a: Manaphy|Ice Beam|p1a: Goodra\n|-supereffective|p1a: Goodra\n|-damage|p1a: Goodra|246/292\n|move|p1a: Goodra|Draco Meteor|p2a: Manaphy\n|-damage|p2a: Manaphy|0 fnt\n|-unboost|p1a: Goodra|spa|2\n|faint|p2a: Manaphy\n|\n|upkeep\n|\n|t:|1733765327\n|switch|p2a: Beartic|Beartic, L91, F|321/321\n|turn|17\n|inactive|Cowsrule247 has 120 seconds left.\n|\n|t:|1733765343\n|switch|p1a: Arcanine|Arcanine, L84, M|288/288\n|-ability|p1a: Arcanine|Intimidate|boost\n|-unboost|p2a: Beartic|atk|1\n|move|p2a: Beartic|Snowscape|p2a: Beartic\n|-weather|Snow\n|\n|-weather|Snow|[upkeep]\n|upkeep\n|turn|18\n|inactive|Cowsrule247 has 120 seconds left.\n|inactive|Cowsrule247 has 90 seconds left.\n|\n|t:|1733765379\n|switch|p1a: Masquerain|Masquerain, L87, F|264/264\n|-ability|p1a: Masquerain|Intimidate|boost\n|-unboost|p2a: Beartic|atk|1\n|move|p2a: Beartic|Earthquake|p1a: Masquerain\n|-immune|p1a: Masquerain\n|\n|-weather|Snow|[upkeep]\n|upkeep\n|turn|19\n|\n|t:|1733765388\n|switch|p2a: Empoleon|Empoleon, L84, F|153/278\n|switch|p1a: Arcanine|Arcanine, L84, M|288/288\n|-ability|p1a: Arcanine|Intimidate|boost\n|-unboost|p2a: Empoleon|atk|1\n|-ability|p2a: Empoleon|Competitive|boost\n|-boost|p2a: Empoleon|spa|2\n|\n|-weather|Snow|[upkeep]\n|-heal|p2a: Empoleon|170/278|[from] item: Leftovers\n|upkeep\n|turn|20\n|\n|t:|1733765396\n|move|p1a: Arcanine|Close Combat|p2a: Empoleon\n|-supereffective|p2a: Empoleon\n|-damage|p2a: Empoleon|0 fnt\n|-unboost|p1a: Arcanine|def|1\n|-unboost|p1a: Arcanine|spd|1\n|faint|p2a: Empoleon\n|\n|-weather|Snow|[upkeep]\n|upkeep\n|\n|t:|1733765404\n|switch|p2a: Miraidon|Miraidon, L65|198/238\n|-fieldstart|move: Electric Terrain|[from] ability: Hadron Engine|[of] p2a: Miraidon\n|turn|21\n|\n|t:|1733765411\n|switch|p1a: Goodra|Goodra, L85, M|246/292\n|move|p2a: Miraidon|Substitute|p2a: Miraidon\n|-start|p2a: Miraidon|Substitute\n|-damage|p2a: Miraidon|139/238\n|\n|-weather|none\n|-heal|p2a: Miraidon|153/238|[from] item: Leftovers\n|upkeep\n|turn|22\n|\n|t:|1733765417\n|move|p2a: Miraidon|Calm Mind|p2a: Miraidon\n|-boost|p2a: Miraidon|spa|1\n|-boost|p2a: Miraidon|spd|1\n|move|p1a: Goodra|Dragon Tail|p2a: Miraidon\n|-supereffective|p2a: Miraidon\n|-end|p2a: Miraidon|Substitute\n|\n|-heal|p2a: Miraidon|167/238|[from] item: Leftovers\n|upkeep\n|turn|23\n|inactive|Cowsrule247 has 120 seconds left.\n|\n|t:|1733765439\n|-terastallize|p1a: Goodra|Fire\n|move|p2a: Miraidon|Draco Meteor|p1a: Goodra\n|-damage|p1a: Goodra|153/292\n|-unboost|p2a: Miraidon|spa|2\n|move|p1a: Goodra|Dragon Tail|p2a: Miraidon\n|-supereffective|p2a: Miraidon\n|-damage|p2a: Miraidon|5/238\n|drag|p2a: Chesnaught|Chesnaught, L84, F|109/285\n|\n|upkeep\n|turn|24\n|\n|t:|1733765453\n|move|p1a: Goodra|Fire Blast|p2a: Chesnaught\n|-supereffective|p2a: Chesnaught\n|-damage|p2a: Chesnaught|0 fnt\n|faint|p2a: Chesnaught\n|\n|upkeep\n|\n|t:|1733765461\n|switch|p2a: Beartic|Beartic, L91, F|321/321\n|turn|25\n|inactive|Cowsrule247 has 120 seconds left.\n|\n|t:|1733765470\n|move|p1a: Goodra|Fire Blast|p2a: Beartic\n|-supereffective|p2a: Beartic\n|-damage|p2a: Beartic|79/321\n|move|p2a: Beartic|Earthquake|p1a: Goodra\n|-supereffective|p1a: Goodra\n|-damage|p1a: Goodra|0 fnt\n|faint|p1a: Goodra\n|\n|-fieldend|move: Electric Terrain\n|upkeep\n|inactive|Cowsrule247 has 120 seconds left.\n|\n|t:|1733765481\n|switch|p1a: Arcanine|Arcanine, L84, M|288/288\n|-ability|p1a: Arcanine|Intimidate|boost\n|-unboost|p2a: Beartic|atk|1\n|turn|26\n|inactive|Cowsrule247 has 120 seconds left.\n|\n|t:|1733765487\n|move|p1a: Arcanine|Flare Blitz|p2a: Beartic\n|-supereffective|p2a: Beartic\n|-damage|p2a: Beartic|0 fnt\n|faint|p2a: Beartic\n|-damage|p1a: Arcanine|262/288|[from] Recoil\n|\n|upkeep\n|\n|t:|1733765494\n|switch|p2a: Miraidon|Miraidon, L65|5/238\n|-fieldstart|move: Electric Terrain|[from] ability: Hadron Engine|[of] p2a: Miraidon\n|turn|27\n|\n|t:|1733765498\n|move|p1a: Arcanine|Extreme Speed|p2a: Miraidon\n|-damage|p2a: Miraidon|0 fnt\n|faint|p2a: Miraidon\n|\n|upkeep\n|\n|t:|1733765501\n|switch|p2a: Rillaboom|Rillaboom, L79, F|288/288\n|-fieldstart|move: Grassy Terrain|[from] ability: Grassy Surge|[of] p2a: Rillaboom\n|turn|28\n|\n|t:|1733765511\n|switch|p1a: Masquerain|Masquerain, L87, F|264/264\n|-ability|p1a: Masquerain|Intimidate|boost\n|-unboost|p2a: Rillaboom|atk|1\n|-terastallize|p2a: Rillaboom|Grass\n|move|p2a: Rillaboom|Wood Hammer|p1a: Masquerain\n|-resisted|p1a: Masquerain\n|-damage|p1a: Masquerain|191/264\n|-damage|p2a: Rillaboom|264/288|[from] Recoil\n|\n|-heal|p2a: Rillaboom|282/288|[from] Grassy Terrain\n|upkeep\n|turn|29\n|\n|t:|1733765519\n|move|p1a: Masquerain|Hurricane|p2a: Rillaboom|[miss]\n|-miss|p1a: Masquerain|p2a: Rillaboom\n|move|p2a: Rillaboom|Wood Hammer|p1a: Masquerain\n|-resisted|p1a: Masquerain\n|-damage|p1a: Masquerain|121/264\n|-damage|p2a: Rillaboom|259/288|[from] Recoil\n|\n|-heal|p2a: Rillaboom|277/288|[from] Grassy Terrain\n|upkeep\n|turn|30\n|\n|t:|1733765529\n|move|p1a: Masquerain|Bug Buzz|p2a: Rillaboom\n|-supereffective|p2a: Rillaboom\n|-damage|p2a: Rillaboom|0 fnt\n|faint|p2a: Rillaboom\n|\n|win|Cowsrule247\n|raw|Cowsrule247's rating: 1731 &rarr; <strong>1753</strong><br />(+22 for winning)\n|raw|ArcuateCow's rating: 1762 &rarr; <strong>1740</strong><br />(-22 for losing)\n|c|\u2606Cowsrule247|Gg\n|l|\u2606ArcuateCow\n|player|p2|\n", "inputlog": ">version bfd83cad13791eb5a5a409923076391caf6fb4d4\n>start {\"formatid\":\"gen9randombattle\",\"seed\":[19337,28869,7704,39864],\"rated\":\"Rated battle\"}\n>player p1 {\"name\":\"Cowsrule247\",\"avatar\":\"skyla\",\"rating\":1731,\"seed\":[10373,55182,23952,55538]}\n>player p2 {\"name\":\"ArcuateCow\",\"avatar\":\"266\",\"rating\":1762,\"seed\":[42350,3902,39198,47923]}\n>p1 move closecombat\n>p2 switch 3\n>p1 switch 5\n>p2 move dracometeor\n>p1 move knockoff\n>p2 switch 2\n>p1 switch 4\n>p2 move trailblaze\n>p1 move flareblitz\n>p2 move irondefense\n>p1 move flareblitz\n>p2 move bodypress\n>p1 switch 2\n>p1 move quiverdance\n>p2 switch 2\n>p1 switch 4\n>p2 move electrodrift\n>p1 move petalblizzard\n>p2 move dracometeor\n>p1 switch 6\n>p1 move dracometeor\n>p2 switch 5\n>p1 move dragontail\n>p2 move yawn\n>p1 move dragontail\n>p2 switch 6\n>p1 switch 3\n>p2 move iciclecrash\n>p1 move rockpolish\n>p2 switch 6\n>p1 move stoneedge\n>p2 move hydropump\n>p1 switch 3\n>p1 move dracometeor\n>p2 move icebeam\n>p2 switch 6\n>p1 switch 5\n>p2 move snowscape\n>p1 switch 4\n>p2 move earthquake\n>p1 switch 4\n>p2 switch 4\n>p1 move closecombat\n>p2 move surf\n>p2 switch 5\n>p1 switch 5\n>p2 move substitute\n>p1 move dragontail\n>p2 move calmmind\n>p1 move dragontail terastallize\n>p2 move dracometeor\n>p1 move fireblast\n>p2 move bodypress\n>p2 switch 4\n>p1 move fireblast\n>p2 move earthquake\n>p1 switch 5\n>p1 move flareblitz\n>p2 move iciclecrash\n>p2 switch 2\n>p1 move extremespeed\n>p2 move electrodrift\n>p2 switch 3\n>p1 switch 4\n>p2 move woodhammer terastallize\n>p1 move hurricane\n>p2 move woodhammer\n>p1 move bugbuzz\n>p2 move woodhammer", "uploadtime": 1733765592, "views": 11, "formatid": "gen9randombattle", "rating": 1740, "private": 0, "password": null}