{"id": "gen9randombattle-2260481503", "format": "[Gen 9] Random Battle", "players": ["BigBossJnack", "DiamondIyes"], "log": "|j|\u2606BigBossJnack\n|j|\u2606DiamondIyes\n|t:|1733855803\n|gametype|singles\n|player|p1|BigBossJnack|169|1930\n|player|p2|DiamondIyes|az|1905\n|teamsize|p1|6\n|teamsize|p2|6\n|gen|9\n|tier|[Gen 9] Random Battle\n|rated|\n|rule|Species Clause: Limit one of each Pok\u00e9mon\n|rule|HP Percentage Mod: HP is shown in percentages\n|rule|Sleep Clause Mod: Limit one foe put to sleep\n|rule|Illusion Level Mod: Illusion disguises the Pok\u00e9mon's true level\n|\n|t:|1733855803\n|start\n|switch|p1a: Baxcalibur|Baxcalibur, L75, M|295/295\n|switch|p2a: Kyurem|Kyurem-Black, L71|295/295\n|-ability|p2a: Kyurem|Teravolt\n|turn|1\n|\n|t:|1733855813\n|move|p2a: Kyurem|Scale Shot|p1a: Baxcalibur\n|-supereffective|p1a: Baxcalibur\n|-damage|p1a: Baxcalibur|229/295\n|-supereffective|p1a: Baxcalibur\n|-damage|p1a: Baxcalibur|161/295\n|-supereffective|p1a: Baxcalibur\n|-damage|p1a: Baxcalibur|95/295\n|-supereffective|p1a: Baxcalibur\n|-damage|p1a: Baxcalibur|29/295\n|-supereffective|p1a: Baxcalibur\n|-damage|p1a: Baxcalibur|0 fnt\n|faint|p1a: Baxcalibur\n|-hitcount|p1: Baxcalibur|5\n|-unboost|p2a: Kyurem|def|1\n|-boost|p2a: Kyurem|spe|1\n|\n|upkeep\n|\n|t:|1733855817\n|switch|p1a: Fezandipiti|Fezandipiti, L82, M|278/278\n|turn|2\n|\n|t:|1733855826\n|switch|p2a: Dragalge|Dragalge, L88, F|258/258\n|move|p1a: Fezandipiti|Beat Up|p2a: Dragalge\n|-damage|p2a: Dragalge|250/258\n|-damage|p2a: Dragalge|239/258\n|-damage|p2a: Dragalge|229/258\n|-damage|p2a: Dragalge|221/258\n|-damage|p2a: Dragalge|210/258\n|-hitcount|p2a: Dragalge|5\n|\n|-heal|p2a: Dragalge|226/258|[from] item: Leftovers\n|upkeep\n|turn|3\n|\n|t:|1733855831\n|switch|p1a: Seviper|Seviper, L93, M|287/287\n|move|p2a: Dragalge|Sludge Wave|p1a: Seviper\n|-resisted|p1a: Seviper\n|-damage|p1a: Seviper|193/287\n|\n|-heal|p1a: Seviper|210/287|[from] item: Leftovers\n|-heal|p2a: Dragalge|242/258|[from] item: Leftovers\n|upkeep\n|turn|4\n|inactive|Battle timer is ON: inactive players will automatically lose when time's up. (requested by BigBossJnack)\n|\n|t:|1733855863\n|move|p1a: Seviper|Earthquake|p2a: Dragalge\n|-supereffective|p2a: Dragalge\n|-damage|p2a: Dragalge|88/258\n|move|p2a: Dragalge|Draco Meteor|p1a: Seviper\n|-damage|p1a: Seviper|0 fnt\n|-unboost|p2a: Dragalge|spa|2\n|faint|p1a: Seviper\n|\n|-heal|p2a: Dragalge|104/258|[from] item: Leftovers\n|upkeep\n|\n|t:|1733855870\n|switch|p1a: Fezandipiti|Fezandipiti, L82, M|278/278\n|turn|5\n|inactive|DiamondIyes has 120 seconds left.\n|\n|t:|1733855906\n|switch|p2a: Vivillon|Vivillon-Monsoon, L84, F|272/272\n|move|p1a: Fezandipiti|Play Rough|p2a: Vivillon\n|-damage|p2a: Vivillon|154/272\n|\n|upkeep\n|turn|6\n|\n|t:|1733855930\n|switch|p1a: Eiscue|Eiscue, L88, F|272/272\n|move|p2a: Vivillon|Quiver Dance|p2a: Vivillon\n|-boost|p2a: Vivillon|spa|1\n|-boost|p2a: Vivillon|spd|1\n|-boost|p2a: Vivillon|spe|1\n|\n|upkeep\n|turn|7\n|\n|t:|1733855941\n|move|p2a: Vivillon|Sleep Powder|p1a: Eiscue\n|-status|p1a: Eiscue|slp|[from] move: Sleep Powder\n|cant|p1a: Eiscue|slp\n|\n|upkeep\n|turn|8\n|\n|t:|1733855957\n|switch|p1a: Drednaw|Drednaw, L81, M|278/278\n|move|p2a: Vivillon|Hurricane|p1a: Drednaw\n|-resisted|p1a: Drednaw\n|-damage|p1a: Drednaw|174/278\n|-start|p1a: Drednaw|confusion\n|\n|upkeep\n|turn|9\n|\n|t:|1733855975\n|move|p2a: Vivillon|Quiver Dance|p2a: Vivillon\n|-boost|p2a: Vivillon|spa|1\n|-boost|p2a: Vivillon|spd|1\n|-boost|p2a: Vivillon|spe|1\n|-activate|p1a: Drednaw|confusion\n|move|p1a: Drednaw|Stone Edge|p2a: Vivillon\n|-supereffective|p2a: Vivillon\n|-damage|p2a: Vivillon|0 fnt\n|faint|p2a: Vivillon\n|\n|upkeep\n|\n|t:|1733855986\n|switch|p2a: Kyurem|Kyurem-Black, L71|295/295\n|-ability|p2a: Kyurem|Teravolt\n|turn|10\n|inactive|DiamondIyes has 120 seconds left.\n|\n|t:|1733856002\n|switch|p1a: Fezandipiti|Fezandipiti, L82, M|278/278\n|move|p2a: Kyurem|Fusion Bolt|p1a: Fezandipiti\n|-damage|p1a: Fezandipiti|194/278\n|\n|-heal|p1a: Fezandipiti|211/278|[from] item: Leftovers\n|upkeep\n|turn|11\n|\n|t:|1733856007\n|move|p1a: Fezandipiti|Play Rough|p2a: Kyurem\n|-supereffective|p2a: Kyurem\n|-damage|p2a: Kyurem|101/295\n|-status|p2a: Kyurem|tox|[from] ability: Toxic Chain|[of] p1a: Fezandipiti\n|move|p2a: Kyurem|Dragon Dance|p2a: Kyurem\n|-boost|p2a: Kyurem|atk|1\n|-boost|p2a: Kyurem|spe|1\n|\n|-heal|p1a: Fezandipiti|228/278|[from] item: Leftovers\n|-damage|p2a: Kyurem|83/295 tox|[from] psn\n|upkeep\n|turn|12\n|\n|t:|1733856018\n|move|p2a: Kyurem|Icicle Spear|p1a: Fezandipiti\n|-damage|p1a: Fezandipiti|180/278\n|-damage|p1a: Fezandipiti|126/278\n|-damage|p1a: Fezandipiti|78/278\n|-damage|p1a: Fezandipiti|27/278\n|-hitcount|p1a: Fezandipiti|4\n|move|p1a: Fezandipiti|Roost|p1a: Fezandipiti\n|-heal|p1a: Fezandipiti|166/278\n|-singleturn|p1a: Fezandipiti|move: Roost\n|\n|-heal|p1a: Fezandipiti|183/278|[from] item: Leftovers\n|-damage|p2a: Kyurem|47/295 tox|[from] psn\n|upkeep\n|turn|13\n|\n|t:|1733856028\n|switch|p1a: Eiscue|Eiscue, L88, F|272/272 slp\n|move|p2a: Kyurem|Icicle Spear|p1a: Eiscue\n|-resisted|p1a: Eiscue\n|-damage|p1a: Eiscue|253/272 slp\n|-resisted|p1a: Eiscue\n|-damage|p1a: Eiscue|235/272 slp\n|-resisted|p1a: Eiscue\n|-damage|p1a: Eiscue|216/272 slp\n|-resisted|p1a: Eiscue\n|-damage|p1a: Eiscue|198/272 slp\n|-hitcount|p1a: Eiscue|4\n|\n|-damage|p2a: Kyurem|0 fnt|[from] psn\n|faint|p2a: Kyurem\n|upkeep\n|\n|t:|1733856034\n|switch|p2a: Dragalge|Dragalge, L88, F|104/258\n|turn|14\n|\n|t:|1733856039\n|cant|p1a: Eiscue|slp\n|move|p2a: Dragalge|Focus Blast|p1a: Eiscue|[miss]\n|-miss|p2a: Dragalge|p1a: Eiscue\n|\n|-heal|p2a: Dragalge|120/258|[from] item: Leftovers\n|upkeep\n|turn|15\n|\n|t:|1733856045\n|cant|p1a: Eiscue|slp\n|move|p2a: Dragalge|Focus Blast|p1a: Eiscue\n|-supereffective|p1a: Eiscue\n|-damage|p1a: Eiscue|24/272 slp\n|-enditem|p1a: Eiscue|Salac Berry|[eat]\n|-boost|p1a: Eiscue|spe|1|[from] item: Salac Berry\n|\n|-heal|p2a: Dragalge|136/258|[from] item: Leftovers\n|upkeep\n|turn|16\n|\n|t:|1733856055\n|switch|p2a: Spiritomb|Spiritomb, L89, M|234/234\n|-curestatus|p1a: Eiscue|slp|[msg]\n|move|p1a: Eiscue|Ice Spinner|p2a: Spiritomb\n|-damage|p2a: Spiritomb|168/234\n|\n|-heal|p2a: Spiritomb|182/234|[from] item: Leftovers\n|upkeep\n|turn|17\n|\n|t:|1733856061\n|switch|p1a: Fezandipiti|Fezandipiti, L82, M|183/278\n|move|p2a: Spiritomb|Shadow Sneak|p1a: Fezandipiti\n|-damage|p1a: Fezandipiti|134/278\n|\n|-heal|p1a: Fezandipiti|151/278|[from] item: Leftovers\n|-heal|p2a: Spiritomb|196/234|[from] item: Leftovers\n|upkeep\n|turn|18\n|\n|t:|1733856066\n|move|p1a: Fezandipiti|Play Rough|p2a: Spiritomb\n|-supereffective|p2a: Spiritomb\n|-damage|p2a: Spiritomb|56/234\n|-status|p2a: Spiritomb|tox|[from] ability: Toxic Chain|[of] p1a: Fezandipiti\n|move|p2a: Spiritomb|Poltergeist|p1a: Fezandipiti\n|-activate|p1a: Fezandipiti|move: Poltergeist|Leftovers\n|-damage|p1a: Fezandipiti|7/278\n|\n|-heal|p1a: Fezandipiti|24/278|[from] item: Leftovers\n|-heal|p2a: Spiritomb|70/234 tox|[from] item: Leftovers\n|-damage|p2a: Spiritomb|56/234 tox|[from] psn\n|upkeep\n|turn|19\n|\n|t:|1733856072\n|switch|p1a: Drednaw|Drednaw, L81, M|174/278\n|move|p2a: Spiritomb|Shadow Sneak|p1a: Drednaw\n|-damage|p1a: Drednaw|126/278\n|\n|-heal|p2a: Spiritomb|70/234 tox|[from] item: Leftovers\n|-damage|p2a: Spiritomb|42/234 tox|[from] psn\n|upkeep\n|turn|20\n|\n|t:|1733856079\n|move|p2a: Spiritomb|Shadow Sneak|p1a: Drednaw\n|-damage|p1a: Drednaw|80/278\n|move|p1a: Drednaw|Crunch|p2a: Spiritomb\n|-damage|p2a: Spiritomb|0 fnt\n|faint|p2a: Spiritomb\n|\n|upkeep\n|\n|t:|1733856083\n|switch|p2a: Veluza|Veluza, L85, M|292/292\n|turn|21\n|\n|t:|1733856089\n|move|p2a: Veluza|Aqua Cutter|p1a: Drednaw\n|-damage|p1a: Drednaw|0 fnt\n|faint|p1a: Drednaw\n|\n|upkeep\n|\n|t:|1733856091\n|switch|p1a: Dragapult|Dragapult, L77, F|262/262\n|turn|22\n|\n|t:|1733856096\n|-terastallize|p2a: Veluza|Dark\n|move|p1a: Dragapult|Will-O-Wisp|p2a: Veluza\n|-status|p2a: Veluza|brn\n|move|p2a: Veluza|Fillet Away|p2a: Veluza\n|-boost|p2a: Veluza|atk|2\n|-boost|p2a: Veluza|spa|2\n|-boost|p2a: Veluza|spe|2\n|-damage|p2a: Veluza|146/292 brn\n|-enditem|p2a: Veluza|Sitrus Berry|[eat]\n|-heal|p2a: Veluza|219/292 brn|[from] item: Sitrus Berry\n|\n|-damage|p2a: Veluza|201/292 brn|[from] brn\n|upkeep\n|turn|23\n|\n|t:|1733856107\n|-terastallize|p1a: Dragapult|Fairy\n|move|p2a: Veluza|Night Slash|p1a: Dragapult\n|-resisted|p1a: Dragapult\n|-damage|p1a: Dragapult|193/262\n|move|p1a: Dragapult|U-turn|p2a: Veluza\n|-supereffective|p2a: Veluza\n|-damage|p2a: Veluza|89/292 brn\n|\n|t:|1733856114\n|switch|p1a: Eiscue|Eiscue, L88, F|24/272|[from] U-turn\n|\n|-damage|p2a: Veluza|71/292 brn|[from] brn\n|upkeep\n|turn|24\n|\n|t:|1733856118\n|move|p2a: Veluza|Psycho Cut|p1a: Eiscue\n|-activate|p1a: Eiscue|ability: Ice Face\n|-damage|p1a: Eiscue|24/272\n|detailschange|p1a: Eiscue|Eiscue-Noice, L88, F\n|move|p1a: Eiscue|Ice Spinner|p2a: Veluza\n|-damage|p2a: Veluza|0 fnt\n|faint|p2a: Veluza\n|\n|upkeep\n|\n|t:|1733856120\n|switch|p2a: Hitmonchan|Hitmonchan, L87, M|229/229\n|turn|25\n|\n|t:|1733856127\n|move|p2a: Hitmonchan|Mach Punch|p1a: Eiscue\n|-supereffective|p1a: Eiscue\n|-damage|p1a: Eiscue|0 fnt\n|faint|p1a: Eiscue\n|-damage|p2a: Hitmonchan|207/229|[from] item: Life Orb\n|\n|upkeep\n|\n|t:|1733856130\n|switch|p1a: Dragapult|Dragapult, L77, F, tera:Fairy|193/262\n|turn|26\n|\n|t:|1733856134\n|switch|p2a: Dragalge|Dragalge, L88, F|136/258\n|move|p1a: Dragapult|Will-O-Wisp|p2a: Dragalge\n|-status|p2a: Dragalge|brn\n|\n|-heal|p2a: Dragalge|152/258 brn|[from] item: Leftovers\n|-damage|p2a: Dragalge|136/258 brn|[from] brn\n|upkeep\n|turn|27\n|\n|t:|1733856138\n|move|p1a: Dragapult|Dragon Darts|p2a: Dragalge\n|-supereffective|p2a: Dragalge\n|-damage|p2a: Dragalge|32/258 brn\n|-anim|p1a: Dragapult|Dragon Darts|p2a: Dragalge\n|-supereffective|p2a: Dragalge\n|-damage|p2a: Dragalge|0 fnt\n|faint|p2a: Dragalge\n|\n|upkeep\n|\n|t:|1733856140\n|switch|p2a: Hitmonchan|Hitmonchan, L87, M|207/229\n|turn|28\n|\n|t:|1733856144\n|move|p1a: Dragapult|Will-O-Wisp|p2a: Hitmonchan\n|-status|p2a: Hitmonchan|brn\n|move|p2a: Hitmonchan|Drain Punch|p1a: Dragapult\n|-resisted|p1a: Dragapult\n|-damage|p1a: Dragapult|149/262\n|-heal|p2a: Hitmonchan|229/229 brn|[from] drain|[of] p1a: Dragapult\n|-damage|p2a: Hitmonchan|207/229 brn|[from] item: Life Orb\n|\n|-damage|p2a: Hitmonchan|193/229 brn|[from] brn\n|upkeep\n|turn|29\n|\n|t:|1733856147\n|move|p1a: Dragapult|Hex|p2a: Hitmonchan\n|-damage|p2a: Hitmonchan|102/229 brn\n|move|p2a: Hitmonchan|Knock Off|p1a: Dragapult\n|-resisted|p1a: Dragapult\n|-damage|p1a: Dragapult|118/262\n|-enditem|p1a: Dragapult|Heavy-Duty Boots|[from] move: Knock Off|[of] p2a: Hitmonchan\n|-damage|p2a: Hitmonchan|80/229 brn|[from] item: Life Orb\n|\n|-damage|p2a: Hitmonchan|66/229 brn|[from] brn\n|upkeep\n|turn|30\n|\n|t:|1733856151\n|move|p1a: Dragapult|Hex|p2a: Hitmonchan\n|-damage|p2a: Hitmonchan|0 fnt\n|faint|p2a: Hitmonchan\n|\n|win|BigBossJnack\n|raw|BigBossJnack's rating: 1930 &rarr; <strong>1949</strong><br />(+19 for winning)\n|raw|DiamondIyes's rating: 1905 &rarr; <strong>1886</strong><br />(-19 for losing)\n|l|\u2606DiamondIyes\n|player|p2|\n", "inputlog": ">version bfd83cad13791eb5a5a409923076391caf6fb4d4\n>start {\"formatid\":\"gen9randombattle\",\"seed\":[13005,33206,55242,54748],\"rated\":\"Rated battle\"}\n>player p1 {\"name\":\"BigBossJnack\",\"avatar\":\"169\",\"rating\":1930,\"seed\":[3867,26197,4111,26736]}\n>player p2 {\"name\":\"DiamondIyes\",\"avatar\":\"az\",\"rating\":1905,\"seed\":[54033,12361,64091,8403]}\n>p1 move glaiverush\n>p2 move scaleshot\n>p1 switch 5\n>p1 move beatup\n>p2 switch 3\n>p1 switch 3\n>p2 move sludgewave\n>p1 move earthquake\n>p2 move dracometeor\n>p1 switch 3\n>p1 move playrough\n>p2 switch 2\n>p1 switch 4\n>p2 move quiverdance\n>p1 move icespinner\n>p2 move sleeppowder\n>p1 switch 2\n>p2 move hurricane\n>p1 move stoneedge\n>p2 move quiverdance\n>p2 switch 3\n>p1 switch 4\n>p2 move fusionbolt\n>p1 move playrough\n>p2 move dragondance\n>p1 move roost\n>p2 move iciclespear\n>p1 switch 2\n>p2 move iciclespear\n>p2 switch 2\n>p1 move icespinner\n>p2 move focusblast\n>p1 move icespinner\n>p2 move focusblast\n>p1 move icespinner\n>p2 switch 6\n>p1 switch 2\n>p2 move shadowsneak\n>p1 move playrough\n>p2 move poltergeist\n>p1 switch 4\n>p2 move shadowsneak\n>p1 move crunch\n>p2 move shadowsneak\n>p2 switch 4\n>p1 move crunch\n>p2 move aquacutter\n>p1 switch 6\n>p1 move willowisp\n>p2 move filletaway terastallize\n>p1 move uturn terastallize\n>p2 move nightslash\n>p1 switch 2\n>p1 move icespinner\n>p2 move psychocut\n>p2 switch 5\n>p1 move icespinner\n>p2 move machpunch\n>p1 switch 2\n>p1 move willowisp\n>p2 switch 6\n>p1 move dragondarts\n>p2 move sludgewave\n>p2 switch 6\n>p1 move willowisp\n>p2 move drainpunch\n>p1 move hex\n>p2 move knockoff\n>p1 move hex\n>p2 move drainpunch", "uploadtime": 1733856156, "views": 1, "formatid": "gen9randombattle", "rating": 1886, "private": 0, "password": null}