{"id": "gen9randombattle-2260295795", "format": "[Gen 9] Random Battle", "players": ["psychoplasm", "fartingworkeriii"], "log": "|j|\u2606psychoplasm\n|j|\u2606fartingworkeriii\n|t:|1733836534\n|gametype|singles\n|player|p1|psychoplasm|1|1706\n|player|p2|fartingworkeriii|gentleman|1642\n|teamsize|p1|6\n|teamsize|p2|6\n|gen|9\n|tier|[Gen 9] Random Battle\n|rated|\n|rule|Species Clause: Limit one of each Pok\u00e9mon\n|rule|HP Percentage Mod: HP is shown in percentages\n|rule|Sleep Clause Mod: Limit one foe put to sleep\n|rule|Illusion Level Mod: Illusion disguises the Pok\u00e9mon's true level\n|\n|t:|1733836534\n|start\n|switch|p1a: Gliscor|Gliscor, L76, M|239/239\n|switch|p2a: Sudowoodo|Sudowoodo, L94, M|284/284\n|turn|1\n|inactive|Battle timer is ON: inactive players will automatically lose when time's up. (requested by psychoplasm)\n|\n|t:|1733836563\n|move|p1a: Gliscor|Substitute|p1a: Gliscor\n|-start|p1a: Gliscor|Substitute\n|-damage|p1a: Gliscor|180/239\n|move|p2a: Sudowoodo|Stealth Rock|p1a: Gliscor\n|-sidestart|p1: psychoplasm|move: Stealth Rock\n|\n|-status|p1a: Gliscor|tox|[from] item: Toxic Orb\n|upkeep\n|turn|2\n|\n|t:|1733836582\n|switch|p2a: Ursaring|Ursaring, L84, M|288/288\n|move|p1a: Gliscor|Toxic|p2a: Ursaring\n|-status|p2a: Ursaring|tox\n|\n|-damage|p2a: Ursaring|270/288 tox|[from] psn\n|-heal|p1a: Gliscor|209/239 tox|[from] ability: Poison Heal\n|upkeep\n|turn|3\n|\n|t:|1733836593\n|move|p1a: Gliscor|Protect|p1a: Gliscor\n|-singleturn|p1a: Gliscor|Protect\n|move|p2a: Ursaring|Swords Dance|p2a: Ursaring\n|-boost|p2a: Ursaring|atk|2\n|\n|-damage|p2a: Ursaring|234/288 tox|[from] psn\n|-heal|p1a: Gliscor|238/239 tox|[from] ability: Poison Heal\n|upkeep\n|turn|4\n|\n|t:|1733836601\n|move|p2a: Ursaring|Facade|p1a: Gliscor\n|-end|p1a: Gliscor|Substitute\n|move|p1a: Gliscor|Substitute|p1a: Gliscor\n|-start|p1a: Gliscor|Substitute\n|-damage|p1a: Gliscor|179/239 tox\n|\n|-damage|p2a: Ursaring|180/288 tox|[from] psn\n|-heal|p1a: Gliscor|208/239 tox|[from] ability: Poison Heal\n|upkeep\n|turn|5\n|\n|t:|1733836613\n|switch|p2a: Copperajah|Copperajah, L86, F|349/349\n|move|p1a: Gliscor|Earthquake|p2a: Copperajah\n|-supereffective|p2a: Copperajah\n|-damage|p2a: Copperajah|151/349\n|\n|-heal|p1a: Gliscor|237/239 tox|[from] ability: Poison Heal\n|upkeep\n|turn|6\n|c|\u2606psychoplasm|LETS GOO\n|c|\u2606fartingworkeriii|u r gay\n|\n|t:|1733836635\n|switch|p2a: Charizard|Charizard, L85, M|271/271\n|move|p1a: Gliscor|Earthquake|p2a: Charizard\n|-immune|p2a: Charizard\n|\n|-heal|p1a: Gliscor|239/239 tox|[from] ability: Poison Heal\n|upkeep\n|turn|7\n|\n|t:|1733836660\n|switch|p2a: Ursaring|Ursaring, L84, M|180/288 tox\n|move|p1a: Gliscor|Toxic|p2a: Ursaring\n|-fail|p2a: Ursaring|tox\n|\n|-damage|p2a: Ursaring|162/288 tox|[from] psn\n|upkeep\n|turn|8\n|\n|t:|1733836665\n|move|p2a: Ursaring|Facade|p1a: Gliscor\n|-end|p1a: Gliscor|Substitute\n|move|p1a: Gliscor|Substitute|p1a: Gliscor\n|-start|p1a: Gliscor|Substitute\n|-damage|p1a: Gliscor|180/239 tox\n|\n|-damage|p2a: Ursaring|126/288 tox|[from] psn\n|-heal|p1a: Gliscor|209/239 tox|[from] ability: Poison Heal\n|upkeep\n|turn|9\n|\n|t:|1733836670\n|move|p2a: Ursaring|Facade|p1a: Gliscor\n|-end|p1a: Gliscor|Substitute\n|move|p1a: Gliscor|Earthquake|p2a: Ursaring\n|-damage|p2a: Ursaring|27/288 tox\n|\n|-damage|p2a: Ursaring|0 fnt|[from] psn\n|faint|p2a: Ursaring\n|-heal|p1a: Gliscor|238/239 tox|[from] ability: Poison Heal\n|upkeep\n|inactive|fartingworkeriii has 120 seconds left.\n|\n|t:|1733836717\n|switch|p2a: Polteageist|Polteageist, L79|224/224\n|turn|10\n|\n|t:|1733836722\n|move|p1a: Gliscor|Toxic|p2a: Polteageist\n|-status|p2a: Polteageist|tox\n|move|p2a: Polteageist|Shadow Ball|p1a: Gliscor\n|-damage|p1a: Gliscor|126/239 tox\n|\n|-heal|p1a: Gliscor|155/239 tox|[from] ability: Poison Heal\n|-damage|p2a: Polteageist|210/224 tox|[from] psn\n|upkeep\n|turn|11\n|inactive|fartingworkeriii has 120 seconds left.\n|\n|t:|1733836730\n|move|p1a: Gliscor|Substitute|p1a: Gliscor\n|-start|p1a: Gliscor|Substitute\n|-damage|p1a: Gliscor|96/239 tox\n|move|p2a: Polteageist|Shell Smash|p2a: Polteageist\n|-unboost|p2a: Polteageist|def|1\n|-unboost|p2a: Polteageist|spd|1\n|-boost|p2a: Polteageist|atk|2\n|-boost|p2a: Polteageist|spa|2\n|-boost|p2a: Polteageist|spe|2\n|-enditem|p2a: Polteageist|White Herb\n|-clearnegativeboost|p2a: Polteageist|[silent]\n|\n|-damage|p2a: Polteageist|182/224 tox|[from] psn\n|-heal|p1a: Gliscor|125/239 tox|[from] ability: Poison Heal\n|upkeep\n|turn|12\n|\n|t:|1733836734\n|move|p1a: Gliscor|Protect|p1a: Gliscor\n|-singleturn|p1a: Gliscor|Protect\n|move|p2a: Polteageist|Shadow Ball|p1a: Gliscor\n|-activate|p1a: Gliscor|move: Protect\n|\n|-damage|p2a: Polteageist|140/224 tox|[from] psn\n|-heal|p1a: Gliscor|154/239 tox|[from] ability: Poison Heal\n|upkeep\n|turn|13\n|\n|t:|1733836740\n|move|p2a: Polteageist|Stored Power|p1a: Gliscor\n|-end|p1a: Gliscor|Substitute\n|move|p1a: Gliscor|Substitute|p1a: Gliscor\n|-start|p1a: Gliscor|Substitute\n|-damage|p1a: Gliscor|95/239 tox\n|\n|-damage|p2a: Polteageist|84/224 tox|[from] psn\n|-heal|p1a: Gliscor|124/239 tox|[from] ability: Poison Heal\n|upkeep\n|turn|14\n|c|\u2606psychoplasm|Lol peak battling\n|n|!fartingworkeriii|fartingworkeriii\n|inactive|fartingworkeriii has 120 seconds left.\n|inactive|fartingworkeriii has 90 seconds left.\n|\n|t:|1733836817\n|move|p1a: Gliscor|Protect|p1a: Gliscor\n|-singleturn|p1a: Gliscor|Protect\n|move|p2a: Polteageist|Shadow Ball|p1a: Gliscor\n|-activate|p1a: Gliscor|move: Protect\n|\n|-damage|p2a: Polteageist|14/224 tox|[from] psn\n|-heal|p1a: Gliscor|153/239 tox|[from] ability: Poison Heal\n|upkeep\n|turn|15\n|\n|t:|1733836832\n|move|p2a: Polteageist|Shadow Ball|p1a: Gliscor\n|-end|p1a: Gliscor|Substitute\n|move|p1a: Gliscor|Substitute|p1a: Gliscor\n|-start|p1a: Gliscor|Substitute\n|-damage|p1a: Gliscor|94/239 tox\n|\n|-damage|p2a: Polteageist|0 fnt|[from] psn\n|faint|p2a: Polteageist\n|-heal|p1a: Gliscor|123/239 tox|[from] ability: Poison Heal\n|upkeep\n|inactive|fartingworkeriii has 60 seconds left.\n|\n|t:|1733836863\n|switch|p2a: Charizard|Charizard, L85, M|271/271\n|turn|16\n|inactive|psychoplasm has 120 seconds left.\n|inactive|psychoplasm has 90 seconds left.\n|\n|t:|1733836932\n|move|p2a: Charizard|Flare Blitz|p1a: Gliscor\n|-end|p1a: Gliscor|Substitute\n|-damage|p2a: Charizard|252/271|[from] Recoil|[of] p1a: Gliscor\n|move|p1a: Gliscor|Toxic|p2a: Charizard\n|-status|p2a: Charizard|tox\n|\n|-damage|p2a: Charizard|236/271 tox|[from] psn\n|-heal|p1a: Gliscor|152/239 tox|[from] ability: Poison Heal\n|upkeep\n|turn|17\n|inactive|psychoplasm has 90 seconds left.\n|\n|t:|1733836941\n|move|p2a: Charizard|Swords Dance|p2a: Charizard\n|-boost|p2a: Charizard|atk|2\n|move|p1a: Gliscor|Substitute|p1a: Gliscor\n|-start|p1a: Gliscor|Substitute\n|-damage|p1a: Gliscor|93/239 tox\n|\n|-damage|p2a: Charizard|204/271 tox|[from] psn\n|-heal|p1a: Gliscor|122/239 tox|[from] ability: Poison Heal\n|upkeep\n|turn|18\n|inactive|psychoplasm has 90 seconds left.\n|\n|t:|1733836971\n|move|p1a: Gliscor|Protect|p1a: Gliscor\n|-singleturn|p1a: Gliscor|Protect\n|move|p2a: Charizard|Flare Blitz|p1a: Gliscor\n|-activate|p1a: Gliscor|move: Protect\n|\n|-damage|p2a: Charizard|156/271 tox|[from] psn\n|-heal|p1a: Gliscor|151/239 tox|[from] ability: Poison Heal\n|upkeep\n|turn|19\n|\n|t:|1733836973\n|move|p2a: Charizard|Flare Blitz|p1a: Gliscor\n|-end|p1a: Gliscor|Substitute\n|-damage|p2a: Charizard|137/271 tox|[from] Recoil|[of] p1a: Gliscor\n|move|p1a: Gliscor|Substitute|p1a: Gliscor\n|-start|p1a: Gliscor|Substitute\n|-damage|p1a: Gliscor|92/239 tox\n|\n|-damage|p2a: Charizard|73/271 tox|[from] psn\n|-heal|p1a: Gliscor|121/239 tox|[from] ability: Poison Heal\n|upkeep\n|turn|20\n|\n|t:|1733836976\n|move|p1a: Gliscor|Protect|p1a: Gliscor\n|-singleturn|p1a: Gliscor|Protect\n|move|p2a: Charizard|Flare Blitz|p1a: Gliscor\n|-activate|p1a: Gliscor|move: Protect\n|\n|-damage|p2a: Charizard|0 fnt|[from] psn\n|faint|p2a: Charizard\n|-heal|p1a: Gliscor|150/239 tox|[from] ability: Poison Heal\n|upkeep\n|inactive|fartingworkeriii has 90 seconds left.\n|inactive|fartingworkeriii has 60 seconds left.\n|\n|t:|1733837017\n|switch|p2a: Copperajah|Copperajah, L86, F|151/349\n|turn|21\n|inactive|fartingworkeriii has 60 seconds left.\n|inactive|fartingworkeriii has 30 seconds left.\n|inactive|fartingworkeriii has 20 seconds left.\n|inactive|fartingworkeriii has 15 seconds left.\n|inactive|fartingworkeriii has 10 seconds left.\n|\n|t:|1733837074\n|switch|p2a: Sudowoodo|Sudowoodo, L94, M|284/284\n|move|p1a: Gliscor|Earthquake|p2a: Sudowoodo\n|-supereffective|p2a: Sudowoodo\n|-damage|p2a: Sudowoodo|150/284\n|\n|-heal|p2a: Sudowoodo|167/284|[from] item: Leftovers\n|-heal|p1a: Gliscor|179/239 tox|[from] ability: Poison Heal\n|upkeep\n|turn|22\n|inactive|fartingworkeriii has 20 seconds left this turn.\n|inactive|fartingworkeriii has 15 seconds left.\n|\n|t:|1733837084\n|switch|p2a: Copperajah|Copperajah, L86, F|151/349\n|move|p1a: Gliscor|Toxic|p2a: Copperajah\n|-immune|p2a: Copperajah\n|\n|-heal|p1a: Gliscor|208/239 tox|[from] ability: Poison Heal\n|upkeep\n|turn|23\n|inactive|fartingworkeriii has 25 seconds left this turn.\n|\n|t:|1733837088\n|switch|p2a: Chesnaught|Chesnaught, L84, M|285/285\n|move|p1a: Gliscor|Earthquake|p2a: Chesnaught\n|-resisted|p2a: Chesnaught\n|-damage|p2a: Chesnaught|252/285\n|\n|-heal|p1a: Gliscor|237/239 tox|[from] ability: Poison Heal\n|upkeep\n|turn|24\n|inactive|psychoplasm has 120 seconds left.\n|inactive|fartingworkeriii has 30 seconds left.\n|\n|t:|1733837102\n|switch|p1a: Kommo-o|Kommo-o, L78, F|245/245\n|-damage|p1a: Kommo-o|230/245|[from] Stealth Rock\n|move|p2a: Chesnaught|Wood Hammer|p1a: Kommo-o\n|-resisted|p1a: Kommo-o\n|-damage|p1a: Kommo-o|174/245\n|-damage|p2a: Chesnaught|234/285|[from] Recoil\n|\n|upkeep\n|turn|25\n|inactive|psychoplasm has 120 seconds left.\n|inactive|fartingworkeriii has 30 seconds left.\n|\n|t:|1733837114\n|move|p1a: Kommo-o|Clangorous Soul|p1a: Kommo-o\n|-boost|p1a: Kommo-o|atk|1\n|-boost|p1a: Kommo-o|def|1\n|-boost|p1a: Kommo-o|spa|1\n|-boost|p1a: Kommo-o|spd|1\n|-boost|p1a: Kommo-o|spe|1\n|-damage|p1a: Kommo-o|94/245\n|-enditem|p1a: Kommo-o|Throat Spray\n|-boost|p1a: Kommo-o|spa|1|[from] item: Throat Spray\n|move|p2a: Chesnaught|Body Press|p1a: Kommo-o\n|-damage|p1a: Kommo-o|39/245\n|\n|upkeep\n|turn|26\n|inactive|fartingworkeriii has 30 seconds left.\n|\n|t:|1733837126\n|move|p1a: Kommo-o|Close Combat|p2a: Chesnaught\n|-damage|p2a: Chesnaught|90/285\n|-unboost|p1a: Kommo-o|def|1\n|-unboost|p1a: Kommo-o|spd|1\n|-damage|p1a: Kommo-o|0 fnt|[from] item: Rocky Helmet|[of] p2a: Chesnaught\n|faint|p1a: Kommo-o\n|move|p2a: Chesnaught|Body Press|p1: Kommo-o|[notarget]\n|-fail|p2a: Chesnaught\n|\n|upkeep\n|\n|t:|1733837141\n|switch|p1a: Conkeldurr|Conkeldurr, L80, M|299/299\n|-damage|p1a: Conkeldurr|281/299|[from] Stealth Rock\n|turn|27\n|\n|t:|1733837146\n|move|p2a: Chesnaught|Synthesis|p2a: Chesnaught\n|-heal|p2a: Chesnaught|232/285\n|move|p1a: Conkeldurr|Close Combat|p2a: Chesnaught\n|-damage|p2a: Chesnaught|99/285\n|-unboost|p1a: Conkeldurr|def|1\n|-unboost|p1a: Conkeldurr|spd|1\n|-damage|p1a: Conkeldurr|232/299|[from] item: Rocky Helmet|[of] p2a: Chesnaught\n|\n|-status|p1a: Conkeldurr|brn|[from] item: Flame Orb\n|upkeep\n|turn|28\n|\n|t:|1733837160\n|move|p1a: Conkeldurr|Mach Punch|p2a: Chesnaught\n|-damage|p2a: Chesnaught|41/285\n|-damage|p1a: Conkeldurr|183/299 brn|[from] item: Rocky Helmet|[of] p2a: Chesnaught\n|move|p2a: Chesnaught|Wood Hammer|p1a: Conkeldurr\n|-damage|p1a: Conkeldurr|0 fnt\n|faint|p1a: Conkeldurr\n|-damage|p2a: Chesnaught|0 fnt|[from] Recoil\n|faint|p2a: Chesnaught\n|\n|upkeep\n|\n|t:|1733837169\n|switch|p2a: Sudowoodo|Sudowoodo, L94, M|167/284\n|switch|p1a: Pikachu|Pikachu-Alola, L93, M|216/216\n|-damage|p1a: Pikachu|189/216|[from] Stealth Rock\n|turn|29\n|n|\u2606fartingworkeriii|fartingworkeriii\n|\n|t:|1733837180\n|move|p1a: Pikachu|Surf|p2a: Sudowoodo\n|-supereffective|p2a: Sudowoodo\n|-damage|p2a: Sudowoodo|0 fnt\n|faint|p2a: Sudowoodo\n|\n|upkeep\n|\n|t:|1733837186\n|switch|p2a: Copperajah|Copperajah, L86, F|151/349\n|turn|30\n|\n|t:|1733837190\n|move|p1a: Pikachu|Surf|p2a: Copperajah\n|-damage|p2a: Copperajah|29/349\n|move|p2a: Copperajah|Earthquake|p1a: Pikachu\n|-supereffective|p1a: Pikachu\n|-damage|p1a: Pikachu|0 fnt\n|faint|p1a: Pikachu\n|\n|upkeep\n|\n|t:|1733837193\n|switch|p1a: Luvdisc|Luvdisc, F|247/247\n|turn|31\n|c|\u2606fartingworkeriii|i striahgt up h8 u player\n|c|\u2606fartingworkeriii|lol\n|c|\u2606psychoplasm|Lol\n|inactive|fartingworkeriii has 60 seconds left.\n|inactive|fartingworkeriii has 30 seconds left.\n|inactive|fartingworkeriii has 20 seconds left.\n|inactive|fartingworkeriii has 15 seconds left.\n|inactive|fartingworkeriii has 10 seconds left.\n|\n|t:|1733837267\n|-terastallize|p2a: Copperajah|Steel\n|move|p1a: Luvdisc|Surf|p2a: Copperajah\n|-damage|p2a: Copperajah|0 fnt\n|faint|p2a: Copperajah\n|\n|win|psychoplasm\n|inactive|fartingworkeriii has 15 seconds left this turn.\n", "inputlog": ">version bfd83cad13791eb5a5a409923076391caf6fb4d4\n>start {\"formatid\":\"gen9randombattle\",\"seed\":[52517,52305,44404,20485],\"rated\":\"Rated battle\"}\n>player p1 {\"name\":\"psychoplasm\",\"avatar\":\"1\",\"rating\":1706,\"seed\":[52878,26251,21000,22082]}\n>player p2 {\"name\":\"fartingworkeriii\",\"avatar\":\"gentleman\",\"rating\":1642,\"seed\":[39385,18889,53274,59738]}\n>p1 move substitute\n>p2 move stealthrock\n>p1 move toxic\n>p2 switch 4\n>p1 move protect\n>p2 move swordsdance\n>p1 move substitute\n>p2 move facade\n>p1 move earthquake\n>p2 switch 2\n>chat \u2606psychoplasm|LETS GOO\n>chat \u2606fartingworkeriii|u r gay\n>p1 move earthquake\n>p2 switch 3\n>p1 move toxic\n>p2 switch 2\n>p1 move substitute\n>p2 move facade\n>p1 move earthquake\n>p2 move facade\n>p2 switch 6\n>p1 move toxic\n>p2 move shadowball\n>p1 move substitute\n>p2 move shellsmash\n>p1 move protect\n>p2 move shadowball\n>p1 move substitute\n>p2 move storedpower\n>chat \u2606psychoplasm|Lol peak battling\n>chat \u2606fartingworkeriii|ur such a pussy man lmfao\n>p1 move protect\n>p2 move shadowball\n>p1 move substitute\n>p2 move shadowball\n>p2 switch 2\n>p1 move toxic\n>p2 move flareblitz\n>p1 move substitute\n>p2 move swordsdance\n>p1 move protect\n>p2 move flareblitz\n>p1 move substitute\n>p2 move flareblitz\n>p1 move protect\n>p2 move flareblitz\n>p2 switch 3\n>p1 move earthquake\n>p2 switch 4\n>p1 move toxic\n>p2 switch 4\n>p1 move earthquake\n>p2 switch 5\n>p1 switch 4\n>p2 move woodhammer\n>p1 move clangoroussoul\n>p2 move bodypress\n>p1 move closecombat\n>p2 move bodypress\n>p1 switch 5\n>p1 move closecombat\n>p2 move synthesis\n>p1 move machpunch\n>p2 move woodhammer\n>p1 switch 3\n>p2 switch 4\n>p1 move surf\n>p2 move earthquake\n>p2 switch 5\n>p1 move surf\n>p2 move earthquake\n>p1 switch 2\n>chat \u2606fartingworkeriii|i striahgt up h8 u player\n>chat \u2606fartingworkeriii|lol\n>chat \u2606psychoplasm|Lol\n>p1 move surf\n>p2 move earthquake terastallize", "uploadtime": 1733836754, "views": 1, "formatid": "gen9randombattle", "rating": null, "private": 0, "password": null}