{"id": "gen9randombattle-2260475221", "format": "[Gen 9] Random Battle", "players": ["Lychus", "asdfadsf1"], "log": "|j|\u2606Lychus\n|j|\u2606asdfadsf1\n|t:|1733855208\n|gametype|singles\n|player|p1|Lychus|fisherman-gen4|1126\n|player|p2|asdfadsf1|266|1168\n|teamsize|p1|6\n|teamsize|p2|6\n|gen|9\n|tier|[Gen 9] Random Battle\n|rated|\n|rule|Species Clause: Limit one of each Pok\u00e9mon\n|rule|HP Percentage Mod: HP is shown in percentages\n|rule|Sleep Clause Mod: Limit one foe put to sleep\n|rule|Illusion Level Mod: Illusion disguises the Pok\u00e9mon's true level\n|\n|t:|1733855208\n|start\n|switch|p1a: Avalugg|Avalugg, L88, F|310/310\n|switch|p2a: Hitmontop|Hitmontop, L88, M|231/231\n|-ability|p2a: Hitmontop|Intimidate|boost\n|-unboost|p1a: Avalugg|atk|1\n|turn|1\n|\n|t:|1733855223\n|switch|p1a: Great Tusk|Great Tusk, L77|304/304\n|move|p2a: Hitmontop|Close Combat|p1a: Great Tusk\n|-damage|p1a: Great Tusk|198/304\n|-unboost|p2a: Hitmontop|def|1\n|-unboost|p2a: Hitmontop|spd|1\n|\n|-heal|p1a: Great Tusk|217/304|[from] item: Leftovers\n|upkeep\n|turn|2\n|\n|t:|1733855231\n|switch|p2a: Gardevoir|Gardevoir, L83, M|249/249\n|move|p1a: Great Tusk|Bulk Up|p1a: Great Tusk\n|-boost|p1a: Great Tusk|atk|1\n|-boost|p1a: Great Tusk|def|1\n|\n|-heal|p1a: Great Tusk|236/304|[from] item: Leftovers\n|upkeep\n|turn|3\n|\n|t:|1733855246\n|-end|p1a: Great Tusk|Protosynthesis|[silent]\n|switch|p1a: Glaceon|Glaceon, L94, F|275/275\n|-ability|p2a: Gardevoir|Ice Body|[from] ability: Trace|[of] p1a: Glaceon\n|move|p2a: Gardevoir|Moonblast|p1a: Glaceon\n|-damage|p1a: Glaceon|170/275\n|\n|upkeep\n|turn|4\n|\n|t:|1733855258\n|switch|p2a: Hitmontop|Hitmontop, L88, M|231/231\n|-ability|p2a: Hitmontop|Intimidate|boost\n|-unboost|p1a: Glaceon|atk|1\n|move|p1a: Glaceon|Mud Shot|p2a: Hitmontop\n|-damage|p2a: Hitmontop|200/231\n|-unboost|p2a: Hitmontop|spe|1\n|\n|upkeep\n|turn|5\n|\n|t:|1733855264\n|move|p1a: Glaceon|Protect|p1a: Glaceon\n|-singleturn|p1a: Glaceon|Protect\n|move|p2a: Hitmontop|Close Combat|p1a: Glaceon\n|-activate|p1a: Glaceon|move: Protect\n|\n|upkeep\n|turn|6\n|\n|t:|1733855288\n|switch|p1a: Great Tusk|Great Tusk, L77|236/304\n|move|p2a: Hitmontop|Close Combat|p1a: Great Tusk\n|-damage|p1a: Great Tusk|134/304\n|-unboost|p2a: Hitmontop|def|1\n|-unboost|p2a: Hitmontop|spd|1\n|\n|-heal|p1a: Great Tusk|153/304|[from] item: Leftovers\n|upkeep\n|turn|7\n|\n|t:|1733855300\n|switch|p2a: Gardevoir|Gardevoir, L83, M|249/249\n|move|p1a: Great Tusk|Earthquake|p2a: Gardevoir\n|-damage|p2a: Gardevoir|102/249\n|\n|-heal|p1a: Great Tusk|172/304|[from] item: Leftovers\n|upkeep\n|turn|8\n|\n|t:|1733855318\n|move|p2a: Gardevoir|Mystical Fire|p1a: Great Tusk\n|-damage|p1a: Great Tusk|80/304\n|-unboost|p1a: Great Tusk|spa|1\n|move|p1a: Great Tusk|Earthquake|p2a: Gardevoir\n|-damage|p2a: Gardevoir|0 fnt\n|faint|p2a: Gardevoir\n|\n|-heal|p1a: Great Tusk|99/304|[from] item: Leftovers\n|upkeep\n|\n|t:|1733855328\n|switch|p2a: Lapras|Lapras, L87, M|367/367\n|turn|9\n|\n|t:|1733855332\n|-end|p1a: Great Tusk|Protosynthesis|[silent]\n|switch|p1a: Glaceon|Glaceon, L94, F|170/275\n|move|p2a: Lapras|Dragon Dance|p2a: Lapras\n|-boost|p2a: Lapras|atk|1\n|-boost|p2a: Lapras|spe|1\n|\n|upkeep\n|turn|10\n|\n|t:|1733855339\n|move|p2a: Lapras|Dragon Dance|p2a: Lapras\n|-boost|p2a: Lapras|atk|1\n|-boost|p2a: Lapras|spe|1\n|move|p1a: Glaceon|Wish|p1a: Glaceon\n|\n|upkeep\n|turn|11\n|\n|t:|1733855346\n|switch|p1a: Avalugg|Avalugg, L88, F|310/310\n|move|p2a: Lapras|Dragon Dance|p2a: Lapras\n|-boost|p2a: Lapras|atk|1\n|-boost|p2a: Lapras|spe|1\n|\n|upkeep\n|turn|12\n|\n|t:|1733855354\n|move|p2a: Lapras|Waterfall|p1a: Avalugg\n|-damage|p1a: Avalugg|208/310\n|move|p1a: Avalugg|Body Press|p2a: Lapras\n|-supereffective|p2a: Lapras\n|-damage|p2a: Lapras|139/367\n|\n|upkeep\n|turn|13\n|inactive|Battle timer is ON: inactive players will automatically lose when time's up. (requested by Lychus)\n|\n|t:|1733855370\n|-terastallize|p2a: Lapras|Ground\n|move|p2a: Lapras|Earthquake|p1a: Avalugg\n|-damage|p1a: Avalugg|85/310\n|move|p1a: Avalugg|Body Press|p2a: Lapras\n|-damage|p2a: Lapras|35/367\n|\n|upkeep\n|turn|14\n|\n|t:|1733855376\n|move|p2a: Lapras|Earthquake|p1a: Avalugg\n|-damage|p1a: Avalugg|0 fnt\n|faint|p1a: Avalugg\n|\n|upkeep\n|\n|t:|1733855378\n|switch|p1a: Wugtrio|Wugtrio, L91, M|212/212\n|turn|15\n|\n|t:|1733855383\n|move|p1a: Wugtrio|Aqua Jet|p2a: Lapras\n|-heal|p2a: Lapras|126/367|[from] ability: Water Absorb|[of] p1a: Wugtrio\n|move|p2a: Lapras|Earthquake|p1a: Wugtrio\n|-damage|p1a: Wugtrio|0 fnt\n|faint|p1a: Wugtrio\n|\n|upkeep\n|-message|Lychus forfeited.\n|\n|win|asdfadsf1\n|raw|Lychus's rating: 1126 &rarr; <strong>1104</strong><br />(-22 for losing)\n|raw|asdfadsf1's rating: 1168 &rarr; <strong>1190</strong><br />(+22 for winning)\n|l|\u2606Lychus\n|player|p1|\n", "inputlog": ">version bfd83cad13791eb5a5a409923076391caf6fb4d4\n>start {\"formatid\":\"gen9randombattle\",\"seed\":[50170,53523,30222,10945],\"rated\":\"Rated battle\"}\n>player p1 {\"name\":\"Lychus\",\"avatar\":\"fisherman-gen4\",\"rating\":1126,\"seed\":[14179,64148,64240,11307]}\n>player p2 {\"name\":\"asdfadsf1\",\"avatar\":\"266\",\"rating\":1168,\"seed\":[63495,32278,65194,31570]}\n>p1 switch 4\n>p2 move closecombat\n>p1 move bulkup\n>p2 switch 3\n>p1 switch 2\n>p2 move moonblast\n>p1 move mudshot\n>p2 switch 3\n>p1 move protect\n>p2 move closecombat\n>p1 switch 2\n>p2 move closecombat\n>p1 move earthquake\n>p2 switch 3\n>p1 move earthquake\n>p2 move mysticalfire\n>p2 switch 5\n>p1 switch 2\n>p2 move dragondance\n>p1 move wish\n>p2 move dragondance\n>p1 switch 4\n>p2 move dragondance\n>p1 move bodypress\n>p2 move waterfall\n>p1 move bodypress\n>p2 move earthquake terastallize\n>p1 move bodypress\n>p2 move earthquake\n>p1 switch 5\n>p1 move aquajet\n>p2 move earthquake\n>forcelose p1", "uploadtime": 1733855391, "views": 1, "formatid": "gen9randombattle", "rating": 1104, "private": 0, "password": null}