{"id": "gen9randombattle-2166929999", "format": "[Gen 9] Random Battle", "players": ["Marrickchill", "BMence"], "log": "|j|\u2606Marrickchill\n|j|\u203dBMence\n|t:|1721869862\n|gametype|singles\n|player|p1|Marrickchill|170|2238\n|player|p2|BMence|102|2179\n|teamsize|p1|6\n|teamsize|p2|6\n|gen|9\n|tier|[Gen 9] Random Battle\n|rated|\n|rule|Species Clause: Limit one of each Pok\u00e9mon\n|rule|HP Percentage Mod: HP is shown in percentages\n|rule|Sleep Clause Mod: Limit one foe put to sleep\n|rule|Illusion Level Mod: Illusion disguises the Pok\u00e9mon's true level\n|\n|t:|1721869862\n|start\n|switch|p1a: Sandslash|Sandslash, L88, M|275/275\n|switch|p2a: Araquanid|Araquanid, L82, M|246/246\n|turn|1\n|\n|t:|1721869874\n|move|p1a: Sandslash|Stone Edge|p2a: Araquanid\n|-supereffective|p2a: Araquanid\n|-damage|p2a: Araquanid|98/246\n|move|p2a: Araquanid|Liquidation|p1a: Sandslash\n|-supereffective|p1a: Sandslash\n|-damage|p1a: Sandslash|53/275\n|\n|-heal|p1a: Sandslash|70/275|[from] item: Leftovers\n|upkeep\n|turn|2\n|\n|t:|1721869887\n|switch|p1a: Tatsugiri|Tatsugiri, L86, F|257/257\n|switch|p2a: Quagsire|Quagsire, L84, M|297/297\n|\n|upkeep\n|turn|3\n|\n|t:|1721869894\n|move|p1a: Tatsugiri|Nasty Plot|p1a: Tatsugiri\n|-boost|p1a: Tatsugiri|spa|2\n|move|p2a: Quagsire|Toxic|p1a: Tatsugiri\n|-status|p1a: Tatsugiri|tox\n|\n|-damage|p1a: Tatsugiri|241/257 tox|[from] psn\n|upkeep\n|turn|4\n|\n|t:|1721869902\n|move|p1a: Tatsugiri|Surf|p2a: Quagsire\n|-damage|p2a: Quagsire|94/297\n|-damage|p1a: Tatsugiri|216/257 tox|[from] item: Life Orb\n|move|p2a: Quagsire|Recover|p2a: Quagsire\n|-heal|p2a: Quagsire|243/297\n|\n|-heal|p2a: Quagsire|261/297|[from] item: Leftovers\n|-damage|p1a: Tatsugiri|184/257 tox|[from] psn\n|upkeep\n|turn|5\n|\n|t:|1721869916\n|switch|p1a: Sandslash|Sandslash, L88, M|70/275\n|switch|p2a: Registeel|Registeel, L82|265/265\n|\n|-heal|p1a: Sandslash|87/275|[from] item: Leftovers\n|upkeep\n|turn|6\n|\n|t:|1721869927\n|move|p1a: Sandslash|Spikes|p2a: Registeel\n|-sidestart|p2: BMence|Spikes\n|move|p2a: Registeel|Iron Defense|p2a: Registeel\n|-boost|p2a: Registeel|def|2\n|\n|-heal|p1a: Sandslash|104/275|[from] item: Leftovers\n|upkeep\n|turn|7\n|\n|t:|1721869933\n|move|p1a: Sandslash|Spikes|p2a: Registeel\n|-sidestart|p2: BMence|Spikes\n|move|p2a: Registeel|Body Press|p1a: Sandslash\n|-damage|p1a: Sandslash|0 fnt\n|faint|p1a: Sandslash\n|\n|upkeep\n|\n|t:|1721869942\n|switch|p1a: Raichu|Raichu-Alola, L87, M|246/246\n|turn|8\n|\n|t:|1721869951\n|move|p1a: Raichu|Grass Knot|p2a: Registeel\n|-resisted|p2a: Registeel\n|-damage|p2a: Registeel|223/265\n|move|p2a: Registeel|Body Press|p1a: Raichu\n|-resisted|p1a: Raichu\n|-damage|p1a: Raichu|146/246\n|\n|-heal|p2a: Registeel|239/265|[from] item: Leftovers\n|upkeep\n|turn|9\n|\n|t:|1721869960\n|switch|p1a: Weezing|Weezing-Galar, L86, F|252/252\n|move|p2a: Registeel|Body Press|p1a: Weezing\n|-resisted|p1a: Weezing\n|-damage|p1a: Weezing|225/252\n|\n|-heal|p1a: Weezing|240/252|[from] item: Leftovers\n|-heal|p2a: Registeel|255/265|[from] item: Leftovers\n|upkeep\n|turn|10\n|\n|t:|1721869969\n|move|p1a: Weezing|Will-O-Wisp|p2a: Registeel\n|-status|p2a: Registeel|brn\n|move|p2a: Registeel|Thunder Wave|p1a: Weezing\n|-status|p1a: Weezing|par\n|\n|-heal|p2a: Registeel|265/265 brn|[from] item: Leftovers\n|-heal|p1a: Weezing|252/252 par|[from] item: Leftovers\n|-damage|p2a: Registeel|249/265 brn|[from] brn\n|upkeep\n|turn|11\n|\n|t:|1721869981\n|switch|p1a: Tatsugiri|Tatsugiri, L86, F|184/257 tox\n|move|p2a: Registeel|Iron Head|p1a: Tatsugiri\n|-resisted|p1a: Tatsugiri\n|-damage|p1a: Tatsugiri|165/257 tox\n|\n|-heal|p2a: Registeel|265/265 brn|[from] item: Leftovers\n|-damage|p1a: Tatsugiri|149/257 tox|[from] psn\n|-damage|p2a: Registeel|249/265 brn|[from] brn\n|upkeep\n|turn|12\n|\n|t:|1721869991\n|move|p1a: Tatsugiri|Nasty Plot|p1a: Tatsugiri\n|-boost|p1a: Tatsugiri|spa|2\n|move|p2a: Registeel|Body Press|p1a: Tatsugiri\n|-damage|p1a: Tatsugiri|60/257 tox\n|\n|-heal|p2a: Registeel|265/265 brn|[from] item: Leftovers\n|-damage|p1a: Tatsugiri|28/257 tox|[from] psn\n|-damage|p2a: Registeel|249/265 brn|[from] brn\n|upkeep\n|turn|13\n|\n|t:|1721870031\n|switch|p2a: Araquanid|Araquanid, L82, M|98/246\n|move|p1a: Tatsugiri|Surf|p2a: Araquanid\n|-resisted|p2a: Araquanid\n|-damage|p2a: Araquanid|0 fnt\n|faint|p2a: Araquanid\n|-damage|p1a: Tatsugiri|3/257 tox|[from] item: Life Orb\n|\n|-damage|p1a: Tatsugiri|0 fnt|[from] psn\n|faint|p1a: Tatsugiri\n|upkeep\n|\n|t:|1721870048\n|switch|p1a: Raichu|Raichu-Alola, L87, M|146/246\n|switch|p2a: Torkoal|Torkoal, L88, M|266/266\n|-weather|SunnyDay|[from] ability: Drought|[of] p2a: Torkoal\n|turn|14\n|\n|t:|1721870055\n|move|p1a: Raichu|Thunderbolt|p2a: Torkoal\n|-damage|p2a: Torkoal|110/266\n|move|p2a: Torkoal|Lava Plume|p1a: Raichu\n|-damage|p1a: Raichu|17/246\n|\n|-weather|SunnyDay|[upkeep]\n|upkeep\n|turn|15\n|\n|t:|1721870081\n|switch|p1a: Cobalion|Cobalion, L80|277/277\n|move|p2a: Torkoal|Rapid Spin|p1a: Cobalion\n|-resisted|p1a: Cobalion\n|-damage|p1a: Cobalion|263/277\n|-boost|p2a: Torkoal|spe|1\n|-sideend|p2: BMence|Spikes|[from] move: Rapid Spin|[of] p2a: Torkoal\n|\n|-weather|SunnyDay|[upkeep]\n|-heal|p1a: Cobalion|277/277|[from] item: Leftovers\n|upkeep\n|turn|16\n|\n|t:|1721870091\n|-terastallize|p1a: Cobalion|Ghost\n|move|p1a: Cobalion|Iron Defense|p1a: Cobalion\n|-boost|p1a: Cobalion|def|2\n|move|p2a: Torkoal|Lava Plume|p1a: Cobalion\n|-damage|p1a: Cobalion|132/277\n|\n|-weather|SunnyDay|[upkeep]\n|-heal|p1a: Cobalion|149/277|[from] item: Leftovers\n|upkeep\n|turn|17\n|\n|t:|1721870101\n|switch|p2a: Quagsire|Quagsire, L84, M|261/297\n|move|p1a: Cobalion|Body Press|p2a: Quagsire\n|-damage|p2a: Quagsire|161/297\n|\n|-weather|SunnyDay|[upkeep]\n|-heal|p1a: Cobalion|166/277|[from] item: Leftovers\n|-heal|p2a: Quagsire|179/297|[from] item: Leftovers\n|upkeep\n|turn|18\n|\n|t:|1721870109\n|move|p1a: Cobalion|Body Press|p2a: Quagsire\n|-damage|p2a: Quagsire|77/297\n|move|p2a: Quagsire|Ice Beam|p1a: Cobalion\n|-damage|p1a: Cobalion|107/277\n|\n|-weather|none\n|-heal|p1a: Cobalion|124/277|[from] item: Leftovers\n|-heal|p2a: Quagsire|95/297|[from] item: Leftovers\n|upkeep\n|turn|19\n|\n|t:|1721870118\n|-terastallize|p2a: Quagsire|Poison\n|move|p1a: Cobalion|Body Press|p2a: Quagsire\n|-resisted|p2a: Quagsire\n|-damage|p2a: Quagsire|44/297\n|move|p2a: Quagsire|Recover|p2a: Quagsire\n|-heal|p2a: Quagsire|193/297\n|\n|-heal|p1a: Cobalion|141/277|[from] item: Leftovers\n|-heal|p2a: Quagsire|211/297|[from] item: Leftovers\n|upkeep\n|turn|20\n|\n|t:|1721870128\n|move|p1a: Cobalion|Thunder Wave|p2a: Quagsire\n|-status|p2a: Quagsire|par\n|move|p2a: Quagsire|Toxic|p1a: Cobalion\n|-status|p1a: Cobalion|tox\n|\n|-heal|p1a: Cobalion|158/277 tox|[from] item: Leftovers\n|-heal|p2a: Quagsire|229/297 par|[from] item: Leftovers\n|-damage|p1a: Cobalion|141/277 tox|[from] psn\n|upkeep\n|turn|21\n|\n|t:|1721870137\n|move|p1a: Cobalion|Iron Head|p2a: Quagsire\n|-damage|p2a: Quagsire|150/297 par\n|cant|p2a: Quagsire|flinch\n|\n|-heal|p1a: Cobalion|158/277 tox|[from] item: Leftovers\n|-heal|p2a: Quagsire|168/297 par|[from] item: Leftovers\n|-damage|p1a: Cobalion|124/277 tox|[from] psn\n|upkeep\n|turn|22\n|\n|t:|1721870145\n|move|p1a: Cobalion|Iron Head|p2a: Quagsire\n|-damage|p2a: Quagsire|89/297 par\n|cant|p2a: Quagsire|par\n|\n|-heal|p1a: Cobalion|141/277 tox|[from] item: Leftovers\n|-heal|p2a: Quagsire|107/297 par|[from] item: Leftovers\n|-damage|p1a: Cobalion|90/277 tox|[from] psn\n|upkeep\n|turn|23\n|\n|t:|1721870152\n|move|p1a: Cobalion|Iron Head|p2a: Quagsire\n|-damage|p2a: Quagsire|34/297 par\n|move|p2a: Quagsire|Recover|p2a: Quagsire\n|-heal|p2a: Quagsire|183/297 par\n|\n|-heal|p1a: Cobalion|107/277 tox|[from] item: Leftovers\n|-heal|p2a: Quagsire|201/297 par|[from] item: Leftovers\n|-damage|p1a: Cobalion|39/277 tox|[from] psn\n|upkeep\n|turn|24\n|\n|t:|1721870161\n|move|p1a: Cobalion|Iron Head|p2a: Quagsire\n|-damage|p2a: Quagsire|128/297 par\n|cant|p2a: Quagsire|flinch\n|\n|-heal|p1a: Cobalion|56/277 tox|[from] item: Leftovers\n|-heal|p2a: Quagsire|146/297 par|[from] item: Leftovers\n|-damage|p1a: Cobalion|0 fnt|[from] psn\n|faint|p1a: Cobalion\n|upkeep\n|\n|t:|1721870170\n|switch|p1a: Raichu|Raichu-Alola, L87, M|17/246\n|turn|25\n|\n|t:|1721870178\n|switch|p2a: Golurk|Golurk, L87|297/297\n|move|p1a: Raichu|Thunderbolt|p2a: Golurk\n|-immune|p2a: Golurk\n|\n|upkeep\n|turn|26\n|\n|t:|1721870184\n|move|p1a: Raichu|Thunderbolt|p2a: Golurk\n|-immune|p2a: Golurk\n|move|p2a: Golurk|Stealth Rock|p1a: Raichu\n|-sidestart|p1: Marrickchill|move: Stealth Rock\n|\n|upkeep\n|turn|27\n|-message|Marrickchill forfeited.\n|\n|win|BMence\n|raw|Marrickchill's rating: 2238 &rarr; <strong>2215</strong><br />(-23 for losing)\n|raw|BMence's rating: 2179 &rarr; <strong>2202</strong><br />(+23 for winning)\n|l|\u2606Marrickchill\n|player|p1|\n", "inputlog": ">version e8361dfa7636e84b87e7a2c993580ab47c51022d\n>start {\"formatid\":\"gen9randombattle\",\"seed\":[35717,62488,53341,19770],\"rated\":\"Rated battle\"}\n>player p1 {\"name\":\"Marrickchill\",\"avatar\":\"170\",\"rating\":2238,\"seed\":[27372,45309,40947,19618]}\n>player p2 {\"name\":\"BMence\",\"avatar\":\"102\",\"rating\":2179,\"seed\":[62152,22400,16372,22800]}\n>p1 move stoneedge\n>p2 move liquidation\n>p1 switch 6\n>p2 switch 3\n>p1 move nastyplot\n>p2 move toxic\n>p1 move surf\n>p2 move recover\n>p1 switch 6\n>p2 switch 4\n>p1 move spikes\n>p2 move irondefense\n>p1 move spikes\n>p2 move bodypress\n>p1 switch 5\n>p1 move grassknot\n>p2 move bodypress\n>p1 switch 2\n>p2 move bodypress\n>p1 move willowisp\n>p2 move thunderwave\n>p1 switch 6\n>p2 move ironhead\n>p1 move nastyplot\n>p2 move bodypress\n>p1 move surf\n>p2 switch 3\n>p1 switch 2\n>p2 switch 2\n>p1 move thunderbolt\n>p2 move lavaplume\n>p1 switch 4\n>p2 move rapidspin\n>p1 move irondefense terastallize\n>p2 move lavaplume\n>p1 move bodypress\n>p2 switch 4\n>p1 move bodypress\n>p2 move icebeam\n>p1 move bodypress\n>p2 move recover terastallize\n>p1 move thunderwave\n>p2 move toxic\n>p1 move ironhead\n>p2 move icebeam\n>p1 move ironhead\n>p2 move recover\n>p1 move ironhead\n>p2 move recover\n>p1 move ironhead\n>p2 move recover\n>p1 switch 4\n>p1 move thunderbolt\n>p2 switch 6\n>p1 move thunderbolt\n>p2 move stealthrock\n>forcelose p1", "uploadtime": 1721870220, "views": 145, "formatid": "gen9randombattle", "rating": 2202, "private": 0, "password": null}