{"id": "gen9randombattle-2260640980", "format": "[Gen 9] Random Battle", "players": ["leomar2010", "Nintendo Griff"], "log": "|j|\u2606leomar2010\n|j|\u2606Nintendo Griff\n|t:|1733872651\n|gametype|singles\n|player|p1|leomar2010|170|1642\n|player|p2|Nintendo Griff|steven|1646\n|teamsize|p1|6\n|teamsize|p2|6\n|gen|9\n|tier|[Gen 9] Random Battle\n|rated|\n|rule|Species Clause: Limit one of each Pok\u00e9mon\n|rule|HP Percentage Mod: HP is shown in percentages\n|rule|Sleep Clause Mod: Limit one foe put to sleep\n|rule|Illusion Level Mod: Illusion disguises the Pok\u00e9mon's true level\n|\n|t:|1733872651\n|start\n|switch|p1a: Komala|Komala, L89, F|260/260\n|switch|p2a: Hippowdon|Hippowdon, L82, M|311/311\n|-ability|p1a: Komala|Comatose\n|-weather|Sandstorm|[from] ability: Sand Stream|[of] p2a: Hippowdon\n|turn|1\n|\n|t:|1733872661\n|move|p1a: Komala|Wood Hammer|p2a: Hippowdon\n|-supereffective|p2a: Hippowdon\n|-damage|p2a: Hippowdon|71/311\n|-damage|p1a: Komala|181/260|[from] Recoil\n|move|p2a: Hippowdon|Curse|p2a: Hippowdon\n|-unboost|p2a: Hippowdon|spe|1\n|-boost|p2a: Hippowdon|atk|1\n|-boost|p2a: Hippowdon|def|1\n|\n|-weather|Sandstorm|[upkeep]\n|-damage|p1a: Komala|165/260|[from] Sandstorm\n|-heal|p2a: Hippowdon|90/311|[from] item: Leftovers\n|upkeep\n|turn|2\n|\n|t:|1733872676\n|move|p1a: Komala|Wood Hammer|p2a: Hippowdon\n|-supereffective|p2a: Hippowdon\n|-damage|p2a: Hippowdon|0 fnt\n|faint|p2a: Hippowdon\n|-damage|p1a: Komala|135/260|[from] Recoil\n|\n|-weather|Sandstorm|[upkeep]\n|-damage|p1a: Komala|119/260|[from] Sandstorm\n|upkeep\n|\n|t:|1733872687\n|switch|p2a: Galvantula|Galvantula, L82, M|249/249\n|turn|3\n|\n|t:|1733872695\n|switch|p1a: Scizor|Scizor, L79, M|240/240\n|move|p2a: Galvantula|Sticky Web|p1a: Scizor\n|-sidestart|p1: leomar2010|move: Sticky Web\n|\n|-weather|Sandstorm|[upkeep]\n|-damage|p2a: Galvantula|234/249|[from] Sandstorm\n|upkeep\n|turn|4\n|inactive|Battle timer is ON: inactive players will automatically lose when time's up. (requested by Nintendo Griff)\n|\n|t:|1733872704\n|move|p2a: Galvantula|Thunder|p1a: Scizor\n|-damage|p1a: Scizor|119/240\n|-status|p1a: Scizor|par\n|move|p1a: Scizor|Defog|p2a: Galvantula\n|-unboost|p2a: Galvantula|evasion|1\n|-sideend|p1: leomar2010|Sticky Web|[from] move: Defog|[of] p1a: Scizor\n|\n|-weather|Sandstorm|[upkeep]\n|-damage|p2a: Galvantula|219/249|[from] Sandstorm\n|-heal|p1a: Scizor|134/240 par|[from] item: Leftovers\n|upkeep\n|turn|5\n|\n|t:|1733872716\n|move|p2a: Galvantula|Thunder|p1a: Scizor\n|-damage|p1a: Scizor|2/240 par\n|move|p1a: Scizor|Knock Off|p2a: Galvantula\n|-damage|p2a: Galvantula|116/249\n|-enditem|p2a: Galvantula|Heavy-Duty Boots|[from] move: Knock Off|[of] p1a: Scizor\n|\n|-weather|none\n|-heal|p1a: Scizor|17/240 par|[from] item: Leftovers\n|upkeep\n|turn|6\n|\n|t:|1733872726\n|move|p1a: Scizor|Bullet Punch|p2a: Galvantula\n|-resisted|p2a: Galvantula\n|-damage|p2a: Galvantula|68/249\n|move|p2a: Galvantula|Sticky Web|p1a: Scizor\n|-sidestart|p1: leomar2010|move: Sticky Web\n|\n|-heal|p1a: Scizor|32/240 par|[from] item: Leftovers\n|upkeep\n|turn|7\n|\n|t:|1733872734\n|move|p1a: Scizor|Bullet Punch|p2a: Galvantula\n|-resisted|p2a: Galvantula\n|-damage|p2a: Galvantula|21/249\n|move|p2a: Galvantula|Thunder|p1a: Scizor\n|-damage|p1a: Scizor|0 fnt\n|faint|p1a: Scizor\n|\n|upkeep\n|\n|t:|1733872746\n|switch|p1a: Hypno|Hypno, L95, M|315/315\n|-activate|p1a: Hypno|move: Sticky Web\n|-unboost|p1a: Hypno|spe|1\n|turn|8\n|\n|t:|1733872751\n|move|p2a: Galvantula|Bug Buzz|p1a: Hypno\n|-supereffective|p1a: Hypno\n|-damage|p1a: Hypno|175/315\n|move|p1a: Hypno|Psychic Noise|p2a: Galvantula\n|-damage|p2a: Galvantula|0 fnt\n|faint|p2a: Galvantula\n|\n|-heal|p1a: Hypno|194/315|[from] item: Leftovers\n|upkeep\n|\n|t:|1733872764\n|switch|p2a: Dusknoir|Dusknoir, L89, F|225/225\n|-item|p1a: Hypno|Leftovers|[from] ability: Frisk|[of] p2a: Dusknoir\n|turn|9\n|\n|t:|1733872771\n|move|p2a: Dusknoir|Substitute|p2a: Dusknoir\n|-start|p2a: Dusknoir|Substitute\n|-damage|p2a: Dusknoir|169/225\n|move|p1a: Hypno|Toxic||[still]\n|-fail|p1a: Hypno\n|\n|-heal|p2a: Dusknoir|183/225|[from] item: Leftovers\n|-heal|p1a: Hypno|213/315|[from] item: Leftovers\n|upkeep\n|turn|10\n|\n|t:|1733872782\n|move|p2a: Dusknoir|Poltergeist|p1a: Hypno\n|-activate|p1a: Hypno|move: Poltergeist|Leftovers\n|-supereffective|p1a: Hypno\n|-damage|p1a: Hypno|0 fnt\n|faint|p1a: Hypno\n|\n|-heal|p2a: Dusknoir|197/225|[from] item: Leftovers\n|upkeep\n|\n|t:|1733872786\n|switch|p1a: Oranguru|Oranguru, L92, M|315/315\n|-activate|p1a: Oranguru|move: Sticky Web\n|-unboost|p1a: Oranguru|spe|1\n|turn|11\n|\n|t:|1733872796\n|-singleturn|p2a: Dusknoir|move: Focus Punch\n|move|p1a: Oranguru|Nasty Plot|p1a: Oranguru\n|-boost|p1a: Oranguru|spa|2\n|move|p2a: Dusknoir|Focus Punch|p1a: Oranguru\n|-damage|p1a: Oranguru|202/315\n|\n|-heal|p2a: Dusknoir|211/225|[from] item: Leftovers\n|-heal|p1a: Oranguru|221/315|[from] item: Leftovers\n|upkeep\n|turn|12\n|\n|t:|1733872808\n|-singleturn|p2a: Dusknoir|move: Focus Punch\n|move|p1a: Oranguru|Psychic|p2a: Dusknoir\n|-end|p2a: Dusknoir|Substitute\n|move|p2a: Dusknoir|Focus Punch|p1a: Oranguru\n|-damage|p1a: Oranguru|98/315\n|\n|-heal|p2a: Dusknoir|225/225|[from] item: Leftovers\n|-heal|p1a: Oranguru|117/315|[from] item: Leftovers\n|upkeep\n|turn|13\n|\n|t:|1733872820\n|switch|p2a: Darkrai|Darkrai, L77|234/234\n|move|p1a: Oranguru|Psychic|p2a: Darkrai\n|-immune|p2a: Darkrai\n|\n|-heal|p1a: Oranguru|136/315|[from] item: Leftovers\n|upkeep\n|turn|14\n|\n|t:|1733872829\n|move|p2a: Darkrai|Dark Pulse|p1a: Oranguru\n|-supereffective|p1a: Oranguru\n|-damage|p1a: Oranguru|0 fnt\n|faint|p1a: Oranguru\n|-damage|p2a: Darkrai|211/234|[from] item: Life Orb\n|\n|upkeep\n|-message|leomar2010 forfeited.\n|\n|win|Nintendo Griff\n|raw|leomar2010's rating: 1642 &rarr; <strong>1622</strong><br />(-20 for losing)\n|raw|Nintendo Griff's rating: 1646 &rarr; <strong>1666</strong><br />(+20 for winning)\n|l|\u2606leomar2010\n|player|p1|\n", "inputlog": ">version bfd83cad13791eb5a5a409923076391caf6fb4d4\n>start {\"formatid\":\"gen9randombattle\",\"seed\":[55453,55525,30538,21980],\"rated\":\"Rated battle\"}\n>player p1 {\"name\":\"leomar2010\",\"avatar\":\"170\",\"rating\":1642,\"seed\":[4464,11272,46415,24462]}\n>player p2 {\"name\":\"Nintendo Griff\",\"avatar\":\"steven\",\"rating\":1646,\"seed\":[4870,45150,12535,42227]}\n>p1 move woodhammer\n>p2 move curse\n>p1 move woodhammer\n>p2 move slackoff\n>p2 switch 2\n>p1 switch 5\n>p2 move stickyweb\n>p1 move defog\n>p2 move thunder\n>p1 move knockoff\n>p2 move thunder\n>p1 move bulletpunch\n>p2 move stickyweb\n>p1 move bulletpunch\n>p2 move thunder\n>p1 switch 6\n>p1 move psychicnoise\n>p2 move bugbuzz\n>p2 switch 4\n>p1 move toxic\n>p2 move substitute\n>p1 move knockoff\n>p2 move poltergeist\n>p1 switch 2\n>p1 move nastyplot\n>p2 move focuspunch\n>p1 move psychic\n>p2 move focuspunch\n>p1 move psychic\n>p2 switch 3\n>p1 move focusblast\n>p2 move darkpulse\n>forcelose p1", "uploadtime": 1733872855, "views": 1, "formatid": "gen9randombattle", "rating": 1622, "private": 0, "password": null}