{"id": "gen9randombattle-2260778387", "format": "[Gen 9] Random Battle", "players": ["tmpl10", "TheStretchyBean"], "log": "|j|\u2606tmpl10\n|j|\u2606TheStretchyBean\n|t:|1733890666\n|gametype|singles\n|player|p1|tmpl10|volkner|1830\n|player|p2|TheStretchyBean|lucas|1895\n|teamsize|p1|6\n|teamsize|p2|6\n|gen|9\n|tier|[Gen 9] Random Battle\n|rated|\n|rule|Species Clause: Limit one of each Pok\u00e9mon\n|rule|HP Percentage Mod: HP is shown in percentages\n|rule|Sleep Clause Mod: Limit one foe put to sleep\n|rule|Illusion Level Mod: Illusion disguises the Pok\u00e9mon's true level\n|\n|t:|1733890666\n|start\n|switch|p1a: Sceptile|Sceptile, L87, F|264/264\n|switch|p2a: Diancie|Diancie, L82|216/216\n|turn|1\n|\n|t:|1733890679\n|switch|p2a: Sableye|Sableye, L89, F|234/234\n|move|p1a: Sceptile|Swords Dance|p1a: Sceptile\n|-boost|p1a: Sceptile|atk|2\n|\n|upkeep\n|turn|2\n|\n|t:|1733890684\n|move|p2a: Sableye|Encore|p1a: Sceptile\n|-start|p1a: Sceptile|Encore\n|move|p1a: Sceptile|Swords Dance|p1a: Sceptile\n|-boost|p1a: Sceptile|atk|2\n|\n|upkeep\n|turn|3\n|inactive|Battle timer is ON: inactive players will automatically lose when time's up. (requested by TheStretchyBean)\n|l|\u2606tmpl10\n|inactive|tmpl10 disconnected and has a minute to reconnect!\n|player|p1|\n|j|\u2606tmpl10\n|inactive|tmpl10 reconnected and has 125 seconds left.\n|player|p1|tmpl10|volkner|\n|inactive|tmpl10 has 120 seconds left.\n|inactive|tmpl10 has 90 seconds left.\n|\n|t:|1733890820\n|switch|p1a: Glalie|Glalie, L96, M|309/309\n|move|p2a: Sableye|Thunder Wave|p1a: Glalie\n|-status|p1a: Glalie|par\n|\n|upkeep\n|turn|4\n|inactive|tmpl10 has 120 seconds left.\n|\n|t:|1733890868\n|move|p2a: Sableye|Knock Off|p1a: Glalie\n|-damage|p1a: Glalie|218/309 par\n|-enditem|p1a: Glalie|Heavy-Duty Boots|[from] move: Knock Off|[of] p2a: Sableye\n|move|p1a: Glalie|Freeze-Dry|p2a: Sableye\n|-damage|p2a: Sableye|131/234\n|\n|-heal|p2a: Sableye|145/234|[from] item: Leftovers\n|upkeep\n|turn|5\n|\n|t:|1733890878\n|move|p2a: Sableye|Knock Off|p1a: Glalie\n|-damage|p1a: Glalie|157/309 par\n|move|p1a: Glalie|Taunt|p2a: Sableye\n|-start|p2a: Sableye|move: Taunt\n|\n|-heal|p2a: Sableye|159/234|[from] item: Leftovers\n|upkeep\n|turn|6\n|\n|t:|1733890896\n|switch|p2a: Snorlax|Snorlax, L82, F|397/397\n|move|p1a: Glalie|Spikes|p2a: Snorlax\n|-sidestart|p2: TheStretchyBean|Spikes\n|\n|upkeep\n|turn|7\n|\n|t:|1733890900\n|move|p1a: Glalie|Spikes|p2a: Snorlax\n|-sidestart|p2: TheStretchyBean|Spikes\n|move|p2a: Snorlax|Body Slam|p1a: Glalie\n|-damage|p1a: Glalie|63/309 par\n|\n|upkeep\n|turn|8\n|\n|t:|1733890905\n|cant|p1a: Glalie|par\n|move|p2a: Snorlax|Curse|p2a: Snorlax\n|-unboost|p2a: Snorlax|spe|1\n|-boost|p2a: Snorlax|atk|1\n|-boost|p2a: Snorlax|def|1\n|\n|upkeep\n|turn|9\n|\n|t:|1733890910\n|cant|p1a: Glalie|par\n|move|p2a: Snorlax|Curse|p2a: Snorlax\n|-unboost|p2a: Snorlax|spe|1\n|-boost|p2a: Snorlax|atk|1\n|-boost|p2a: Snorlax|def|1\n|\n|upkeep\n|turn|10\n|\n|t:|1733890915\n|cant|p1a: Glalie|par\n|move|p2a: Snorlax|Body Slam|p1a: Glalie\n|-damage|p1a: Glalie|0 fnt\n|faint|p1a: Glalie\n|\n|upkeep\n|\n|t:|1733890920\n|switch|p1a: Giratina|Giratina-Origin, L72|335/335\n|turn|11\n|\n|t:|1733890928\n|switch|p2a: Florges|Florges-Blue, L85, F|271/271\n|-damage|p2a: Florges|226/271|[from] Spikes\n|move|p1a: Giratina|Dragon Tail|p2a: Florges\n|-immune|p2a: Florges\n|\n|-heal|p2a: Florges|242/271|[from] item: Leftovers\n|upkeep\n|turn|12\n|c|\u2606TheStretchyBean|the answer is 4 percent\n|\n|t:|1733890941\n|switch|p1a: Golurk|Golurk, L87|297/297\n|move|p2a: Florges|Moonblast|p1a: Golurk\n|-damage|p1a: Golurk|177/297\n|-unboost|p1a: Golurk|spa|1\n|\n|-heal|p2a: Florges|258/271|[from] item: Leftovers\n|upkeep\n|turn|13\n|c|\u2606TheStretchyBean|33^3\n|inactive|TheStretchyBean has 120 seconds left.\n|\n|t:|1733890987\n|switch|p2a: Snorlax|Snorlax, L82, F|397/397\n|-damage|p2a: Snorlax|331/397|[from] Spikes\n|move|p1a: Golurk|Stealth Rock|p2a: Snorlax\n|-sidestart|p2: TheStretchyBean|move: Stealth Rock\n|\n|-heal|p2a: Snorlax|355/397|[from] item: Leftovers\n|upkeep\n|turn|14\n|\n|t:|1733890991\n|move|p1a: Golurk|Dynamic Punch|p2a: Snorlax\n|-supereffective|p2a: Snorlax\n|-damage|p2a: Snorlax|33/397\n|-start|p2a: Snorlax|confusion\n|-damage|p1a: Golurk|148/297|[from] item: Life Orb\n|-activate|p2a: Snorlax|confusion\n|move|p2a: Snorlax|Curse|p2a: Snorlax\n|-unboost|p2a: Snorlax|spe|1\n|-boost|p2a: Snorlax|atk|1\n|-boost|p2a: Snorlax|def|1\n|\n|-heal|p2a: Snorlax|57/397|[from] item: Leftovers\n|upkeep\n|turn|15\n|\n|t:|1733891000\n|move|p1a: Golurk|Dynamic Punch|p2a: Snorlax\n|-supereffective|p2a: Snorlax\n|-damage|p2a: Snorlax|0 fnt\n|faint|p2a: Snorlax\n|-damage|p1a: Golurk|119/297|[from] item: Life Orb\n|\n|upkeep\n|\n|t:|1733891003\n|switch|p2a: Dugtrio|Dugtrio, L84, M|196/196\n|-damage|p2a: Dugtrio|164/196|[from] Spikes\n|-damage|p2a: Dugtrio|152/196|[from] Stealth Rock\n|turn|16\n|\n|t:|1733891007\n|move|p2a: Dugtrio|Sucker Punch|p1a: Golurk\n|-supereffective|p1a: Golurk\n|-damage|p1a: Golurk|0 fnt\n|faint|p1a: Golurk\n|-damage|p2a: Dugtrio|133/196|[from] item: Life Orb\n|\n|upkeep\n|\n|t:|1733891024\n|switch|p1a: Sceptile|Sceptile, L87, F|264/264\n|turn|17\n|\n|t:|1733891028\n|move|p1a: Sceptile|Leaf Blade|p2a: Dugtrio\n|-supereffective|p2a: Dugtrio\n|-damage|p2a: Dugtrio|0 fnt\n|faint|p2a: Dugtrio\n|-damage|p1a: Sceptile|238/264|[from] item: Life Orb\n|\n|upkeep\n|\n|t:|1733891038\n|switch|p2a: Sableye|Sableye, L89, F|159/234\n|-damage|p2a: Sableye|120/234|[from] Spikes\n|-damage|p2a: Sableye|91/234|[from] Stealth Rock\n|turn|18\n|\n|t:|1733891041\n|move|p2a: Sableye|Thunder Wave|p1a: Sceptile\n|-status|p1a: Sceptile|par\n|move|p1a: Sceptile|Leaf Blade|p2a: Sableye\n|-damage|p2a: Sableye|0 fnt\n|faint|p2a: Sableye\n|-damage|p1a: Sceptile|212/264 par|[from] item: Life Orb\n|\n|upkeep\n|\n|t:|1733891046\n|switch|p2a: Florges|Florges-Blue, L85, F|258/271\n|-damage|p2a: Florges|213/271|[from] Spikes\n|-damage|p2a: Florges|180/271|[from] Stealth Rock\n|turn|19\n|\n|t:|1733891050\n|move|p2a: Florges|Calm Mind|p2a: Florges\n|-boost|p2a: Florges|spa|1\n|-boost|p2a: Florges|spd|1\n|cant|p1a: Sceptile|par\n|\n|-heal|p2a: Florges|196/271|[from] item: Leftovers\n|upkeep\n|turn|20\n|\n|t:|1733891061\n|move|p2a: Florges|Moonblast|p1a: Sceptile\n|-damage|p1a: Sceptile|37/264 par\n|-unboost|p1a: Sceptile|spa|1\n|move|p1a: Sceptile|Leaf Blade|p2a: Florges\n|-damage|p2a: Florges|0 fnt\n|faint|p2a: Florges\n|-damage|p1a: Sceptile|11/264 par|[from] item: Life Orb\n|\n|upkeep\n|\n|t:|1733891066\n|switch|p2a: Diancie|Diancie, L82|216/216\n|-damage|p2a: Diancie|180/216|[from] Spikes\n|-damage|p2a: Diancie|153/216|[from] Stealth Rock\n|turn|21\n|\n|t:|1733891069\n|cant|p1a: Sceptile|par\n|move|p2a: Diancie|Diamond Storm|p1a: Sceptile\n|-damage|p1a: Sceptile|0 fnt\n|-boost|p2a: Diancie|def|2\n|faint|p1a: Sceptile\n|\n|-heal|p2a: Diancie|166/216|[from] item: Leftovers\n|upkeep\n|\n|t:|1733891081\n|switch|p1a: Slaking|Slaking, L84, F|389/389\n|turn|22\n|\n|t:|1733891106\n|-terastallize|p2a: Diancie|Fairy\n|move|p1a: Slaking|Earthquake|p2a: Diancie\n|-damage|p2a: Diancie|129/216\n|move|p2a: Diancie|Calm Mind|p2a: Diancie\n|-boost|p2a: Diancie|spa|1\n|-boost|p2a: Diancie|spd|1\n|\n|-heal|p2a: Diancie|142/216|[from] item: Leftovers\n|upkeep\n|turn|23\n|\n|t:|1733891115\n|cant|p1a: Slaking|ability: Truant\n|move|p2a: Diancie|Diamond Storm|p1a: Slaking\n|-damage|p1a: Slaking|296/389\n|\n|-heal|p2a: Diancie|155/216|[from] item: Leftovers\n|upkeep\n|turn|24\n|inactive|tmpl10 has 120 seconds left.\n|\n|t:|1733891149\n|switch|p1a: Giratina|Giratina-Origin, L72|335/335\n|move|p2a: Diancie|Diamond Storm|p1a: Giratina\n|-damage|p1a: Giratina|229/335\n|-boost|p2a: Diancie|def|2\n|\n|-heal|p2a: Diancie|168/216|[from] item: Leftovers\n|upkeep\n|turn|25\n|inactive|tmpl10 has 120 seconds left.\n|\n|t:|1733891156\n|move|p1a: Giratina|Poltergeist|p2a: Diancie\n|-activate|p2a: Diancie|move: Poltergeist|Leftovers\n|-crit|p2a: Diancie\n|-damage|p2a: Diancie|47/216\n|move|p2a: Diancie|Calm Mind|p2a: Diancie\n|-boost|p2a: Diancie|spa|1\n|-boost|p2a: Diancie|spd|1\n|\n|-heal|p2a: Diancie|60/216|[from] item: Leftovers\n|upkeep\n|turn|26\n|\n|t:|1733891163\n|-terastallize|p1a: Giratina|Ghost\n|move|p1a: Giratina|Poltergeist|p2a: Diancie\n|-activate|p2a: Diancie|move: Poltergeist|Leftovers\n|-damage|p2a: Diancie|24/216\n|move|p2a: Diancie|Draining Kiss|p1a: Giratina\n|-damage|p1a: Giratina|47/335\n|-heal|p2a: Diancie|161/216|[from] drain|[of] p1a: Giratina\n|\n|-heal|p2a: Diancie|174/216|[from] item: Leftovers\n|upkeep\n|turn|27\n|\n|t:|1733891174\n|move|p1a: Giratina|Poltergeist|p2a: Diancie|[miss]\n|-miss|p1a: Giratina|p2a: Diancie\n|move|p2a: Diancie|Draining Kiss|p1a: Giratina\n|-damage|p1a: Giratina|0 fnt\n|-heal|p2a: Diancie|209/216|[from] drain|[of] p1a: Giratina\n|faint|p1a: Giratina\n|\n|-heal|p2a: Diancie|216/216|[from] item: Leftovers\n|upkeep\n|inactive|tmpl10 has 120 seconds left.\n|\n|t:|1733891186\n|switch|p1a: Iron Boulder|Iron Boulder, L77|265/265\n|turn|28\n|c|\u2606TheStretchyBean|!showteam\n|c| TheStretchyBean|/raw <div class=\"infobox\"><details><summary>View team</summary>Diancie @ Leftovers  <br />Ability: Clear Body  <br />Level: 82  <br />Tera Type: Fairy  <br />EVs: 85 HP &#x2f; 85 Atk &#x2f; 85 Def &#x2f; 85 SpA &#x2f; 85 SpD &#x2f; 85 Spe  <br />- Earth Power  <br />- Diamond Storm  <br />- Calm Mind  <br />- Draining Kiss  <br /><br />Urshifu @ Choice Scarf  <br />Ability: Unseen Fist  <br />Level: 74  <br />Tera Type: Fighting  <br />EVs: 85 HP &#x2f; 85 Atk &#x2f; 85 Def &#x2f; 85 SpA &#x2f; 85 SpD &#x2f; 85 Spe  <br />- Close Combat  <br />- U-turn  <br />- Poison Jab  <br />- Wicked Blow  <br /><br />Sableye @ Leftovers  <br />Ability: Prankster  <br />Level: 89  <br />Tera Type: Steel  <br />EVs: 85 HP &#x2f; 85 Atk &#x2f; 85 Def &#x2f; 85 SpA &#x2f; 85 SpD &#x2f; 85 Spe  <br />- Encore  <br />- Thunder Wave  <br />- Recover  <br />- Knock Off  <br /><br />Dugtrio @ Life Orb  <br />Ability: Arena Trap  <br />Level: 84  <br />Tera Type: Ground  <br />EVs: 85 HP &#x2f; 85 Atk &#x2f; 85 Def &#x2f; 85 SpA &#x2f; 85 SpD &#x2f; 85 Spe  <br />- Stone Edge  <br />- Swords Dance  <br />- Earthquake  <br />- Sucker Punch  <br /><br />Snorlax @ Leftovers  <br />Ability: Thick Fat  <br />Level: 82  <br />Tera Type: Fairy  <br />EVs: 85 HP &#x2f; 85 Atk &#x2f; 85 Def &#x2f; 85 SpA &#x2f; 85 SpD &#x2f; 85 Spe  <br />- Sleep Talk  <br />- Curse  <br />- Body Slam  <br />- Rest  <br /><br />Florges (Florges-Blue) (F) @ Leftovers  <br />Ability: Flower Veil  <br />Level: 85  <br />Tera Type: Ground  <br />EVs: 85 HP &#x2f; 85 Def &#x2f; 85 SpA &#x2f; 85 SpD &#x2f; 85 Spe  <br />IVs: 0 Atk  <br />- Synthesis  <br />- Calm Mind  <br />- Moonblast  <br />- Tera Blast  <br /><br /></details></div>\n|\n|t:|1733891192\n|move|p1a: Iron Boulder|Swords Dance|p1a: Iron Boulder\n|-boost|p1a: Iron Boulder|atk|2\n|move|p2a: Diancie|Earth Power|p1a: Iron Boulder\n|-supereffective|p1a: Iron Boulder\n|-damage|p1a: Iron Boulder|35/265\n|\n|upkeep\n|turn|29\n|inactive|tmpl10 has 120 seconds left.\n|\n|t:|1733891217\n|move|p1a: Iron Boulder|Zen Headbutt|p2a: Diancie\n|-damage|p2a: Diancie|165/216\n|-damage|p1a: Iron Boulder|9/265|[from] item: Life Orb\n|move|p2a: Diancie|Draining Kiss|p1a: Iron Boulder\n|-damage|p1a: Iron Boulder|0 fnt\n|-heal|p2a: Diancie|172/216|[from] drain|[of] p1a: Iron Boulder\n|faint|p1a: Iron Boulder\n|-end|p1a: Iron Boulder|Quark Drive|[silent]\n|\n|-heal|p2a: Diancie|185/216|[from] item: Leftovers\n|upkeep\n|inactive|tmpl10 has 120 seconds left.\n|\n|t:|1733891222\n|switch|p1a: Slaking|Slaking, L84, F|296/389\n|turn|30\n|\n|t:|1733891225\n|move|p1a: Slaking|Giga Impact|p2a: Diancie\n|-damage|p2a: Diancie|128/216\n|-mustrecharge|p1a: Slaking\n|move|p2a: Diancie|Draining Kiss|p1a: Slaking\n|-damage|p1a: Slaking|94/389\n|-heal|p2a: Diancie|216/216|[from] drain|[of] p1a: Slaking\n|\n|upkeep\n|turn|31\n|\n|t:|1733891228\n|cant|p1a: Slaking|recharge\n|move|p2a: Diancie|Draining Kiss|p1a: Slaking\n|-damage|p1a: Slaking|0 fnt\n|faint|p1a: Slaking\n|\n|win|TheStretchyBean\n|raw|tmpl10's rating: 1830 &rarr; <strong>1814</strong><br />(-16 for losing)\n|raw|TheStretchyBean's rating: 1895 &rarr; <strong>1911</strong><br />(+16 for winning)\n|c|\u2606TheStretchyBean|gg\n", "inputlog": ">version bfd83cad13791eb5a5a409923076391caf6fb4d4\n>start {\"formatid\":\"gen9randombattle\",\"seed\":[40736,48631,3997,21719],\"rated\":\"Rated battle\"}\n>player p1 {\"name\":\"tmpl10\",\"avatar\":\"volkner\",\"rating\":1830,\"seed\":[35862,42350,65440,54421]}\n>player p2 {\"name\":\"TheStretchyBean\",\"avatar\":\"lucas\",\"rating\":1895,\"seed\":[32751,27492,21085,59034]}\n>p1 move swordsdance\n>p2 switch 3\n>p1 move leafblade\n>p2 move encore\n>p1 switch 4\n>p2 move thunderwave\n>p1 move freezedry\n>p2 move knockoff\n>p1 move taunt\n>p2 move knockoff\n>p1 move spikes\n>p2 switch 5\n>p1 move spikes\n>p2 move bodyslam\n>p1 move spikes\n>p2 move curse\n>p1 move spikes\n>p2 move curse\n>p1 move spikes\n>p2 move bodyslam\n>p1 switch 2\n>p1 move dragontail\n>p2 switch 6\n>chat \u2606TheStretchyBean|the answer is 4 percent\n>p1 switch 3\n>p2 move moonblast\n>chat \u2606TheStretchyBean|33^3\n>p1 move stealthrock\n>p2 switch 6\n>p1 move dynamicpunch\n>p2 move curse\n>p1 move dynamicpunch\n>p2 move rest\n>p2 switch 4\n>p1 move poltergeist\n>p2 move suckerpunch\n>p1 switch 4\n>p1 move leafblade\n>p2 move earthquake\n>p2 switch 5\n>p1 move leafblade\n>p2 move thunderwave\n>p2 switch 6\n>p1 move leafblade\n>p2 move calmmind\n>p1 move leafblade\n>p2 move moonblast\n>p2 switch 3\n>p1 move leafblade\n>p2 move diamondstorm\n>p1 switch 6\n>p1 move earthquake\n>p2 move calmmind terastallize\n>p1 move earthquake\n>p2 move diamondstorm\n>p1 switch 3\n>p2 move diamondstorm\n>p1 move poltergeist\n>p2 move calmmind\n>p1 move poltergeist terastallize\n>p2 move drainingkiss\n>p1 move poltergeist\n>p2 move drainingkiss\n>p1 switch 5\n>chat \u2606TheStretchyBean|!showteam\n>p1 move swordsdance\n>p2 move earthpower\n>p1 move zenheadbutt\n>p2 move drainingkiss\n>p1 switch 3\n>p1 move gigaimpact\n>p2 move drainingkiss\n>p1 move recharge\n>p2 move drainingkiss", "uploadtime": 1733891230, "views": 12, "formatid": "gen9randombattle", "rating": 1814, "private": 0, "password": null}