{"id": "gen9randombattle-2236829651", "format": "[Gen 9] Random Battle", "players": ["underbreaker", "Qiuescent"], "log": "|badge|p2|bronze|gen9randombattle|100-3\n|uhtml|medal-msg|<div class=\"broadcast-blue\">Curious what those medals under the avatar are? PS now has Ladder Seasons! For more information, check out the <a href=\"https://www.smogon.com/forums/threads/3740067/\">thread on Smogon.</a></div>\n|j|\u2606underbreaker\n|j|\u203dQiuescent\n|t:|1730676385\n|gametype|singles\n|player|p1|underbreaker|2|2265\n|player|p2|Qiuescent|1|2295\n|teamsize|p1|6\n|teamsize|p2|6\n|gen|9\n|tier|[Gen 9] Random Battle\n|rated|\n|rule|Species Clause: Limit one of each Pok\u00e9mon\n|rule|HP Percentage Mod: HP is shown in percentages\n|rule|Sleep Clause Mod: Limit one foe put to sleep\n|rule|Illusion Level Mod: Illusion disguises the Pok\u00e9mon's true level\n|\n|t:|1730676385\n|start\n|switch|p1a: Kleavor|Kleavor, L78, M|237/237\n|switch|p2a: Jolteon|Jolteon, L84, M|246/246\n|turn|1\n|inactive|Battle timer is ON: inactive players will automatically lose when time's up. (requested by underbreaker)\n|inactive|underbreaker has 120 seconds left.\n|inactive|underbreaker has 90 seconds left.\n|\n|t:|1730676462\n|move|p2a: Jolteon|Thunderbolt|p1a: Kleavor\n|-damage|p1a: Kleavor|93/237\n|move|p1a: Kleavor|Stone Axe|p2a: Jolteon\n|-damage|p2a: Jolteon|87/246\n|-sidestart|p2: Qiuescent|move: Stealth Rock\n|\n|-heal|p2a: Jolteon|102/246|[from] item: Leftovers\n|upkeep\n|turn|2\n|\n|t:|1730676468\n|switch|p1a: Dipplin|Dipplin, L88, F|284/284\n|move|p2a: Jolteon|Thunderbolt|p1a: Dipplin\n|-resisted|p1a: Dipplin\n|-damage|p1a: Dipplin|266/284\n|\n|-heal|p2a: Jolteon|117/246|[from] item: Leftovers\n|upkeep\n|turn|3\n|\n|t:|1730676476\n|move|p2a: Jolteon|Calm Mind|p2a: Jolteon\n|-boost|p2a: Jolteon|spa|1\n|-boost|p2a: Jolteon|spd|1\n|move|p1a: Dipplin|Giga Drain|p2a: Jolteon\n|-damage|p2a: Jolteon|60/246\n|-heal|p1a: Dipplin|284/284|[from] drain|[of] p2a: Jolteon\n|\n|-heal|p2a: Jolteon|75/246|[from] item: Leftovers\n|upkeep\n|turn|4\n|\n|t:|1730676481\n|switch|p1a: Kleavor|Kleavor, L78, M|93/237\n|move|p2a: Jolteon|Substitute|p2a: Jolteon\n|-start|p2a: Jolteon|Substitute\n|-damage|p2a: Jolteon|14/246\n|\n|-heal|p2a: Jolteon|29/246|[from] item: Leftovers\n|upkeep\n|turn|5\n|\n|t:|1730676485\n|move|p2a: Jolteon|Thunderbolt|p1a: Kleavor\n|-damage|p1a: Kleavor|0 fnt\n|faint|p1a: Kleavor\n|\n|-heal|p2a: Jolteon|44/246|[from] item: Leftovers\n|upkeep\n|\n|t:|1730676487\n|switch|p1a: Indeedee|Indeedee-F, L90, F|272/272\n|-fieldstart|move: Psychic Terrain|[from] ability: Psychic Surge|[of] p1a: Indeedee\n|turn|6\n|\n|t:|1730676490\n|move|p1a: Indeedee|Hyper Voice|p2a: Jolteon\n|-damage|p2a: Jolteon|0 fnt\n|faint|p2a: Jolteon\n|\n|upkeep\n|\n|t:|1730676493\n|switch|p2a: Leavanny|Leavanny, L86, F|269/269\n|turn|7\n|\n|t:|1730676498\n|move|p1a: Indeedee|Hyper Voice|p2a: Leavanny\n|-damage|p2a: Leavanny|158/269\n|move|p2a: Leavanny|Sticky Web|p1a: Indeedee\n|-sidestart|p1: underbreaker|move: Sticky Web\n|\n|upkeep\n|turn|8\n|\n|t:|1730676503\n|move|p1a: Indeedee|Hyper Voice|p2a: Leavanny\n|-damage|p2a: Leavanny|41/269\n|move|p2a: Leavanny|Knock Off|p1a: Indeedee\n|-supereffective|p1a: Indeedee\n|-damage|p1a: Indeedee|112/272\n|-enditem|p1a: Indeedee|Choice Scarf|[from] move: Knock Off|[of] p2a: Leavanny\n|\n|upkeep\n|turn|9\n|\n|t:|1730676511\n|move|p2a: Leavanny|Lunge|p1a: Indeedee\n|-supereffective|p1a: Indeedee\n|-damage|p1a: Indeedee|0 fnt\n|faint|p1a: Indeedee\n|\n|upkeep\n|\n|t:|1730676522\n|switch|p1a: Grimmsnarl|Grimmsnarl, L83, M|293/293\n|-activate|p1a: Grimmsnarl|move: Sticky Web\n|-unboost|p1a: Grimmsnarl|spe|1\n|turn|10\n|\n|t:|1730676530\n|move|p2a: Leavanny|Leaf Blade|p1a: Grimmsnarl\n|-damage|p1a: Grimmsnarl|173/293\n|move|p1a: Grimmsnarl|Spirit Break|p2a: Leavanny\n|-damage|p2a: Leavanny|0 fnt\n|faint|p2a: Leavanny\n|\n|-heal|p1a: Grimmsnarl|191/293|[from] item: Leftovers\n|-fieldend|move: Psychic Terrain\n|upkeep\n|\n|t:|1730676533\n|switch|p2a: Granbull|Granbull, L88, M|302/302\n|-damage|p2a: Granbull|265/302|[from] Stealth Rock\n|-ability|p2a: Granbull|Intimidate|boost\n|-unboost|p1a: Grimmsnarl|atk|1\n|turn|11\n|\n|t:|1730676536\n|move|p1a: Grimmsnarl|Thunder Wave|p2a: Granbull\n|-status|p2a: Granbull|par\n|move|p2a: Granbull|Play Rough|p1a: Grimmsnarl\n|-supereffective|p1a: Grimmsnarl\n|-damage|p1a: Grimmsnarl|0 fnt\n|faint|p1a: Grimmsnarl\n|\n|-heal|p2a: Granbull|283/302 par|[from] item: Leftovers\n|upkeep\n|\n|t:|1730676540\n|switch|p1a: Gengar|Gengar, L81, F|230/230\n|-activate|p1a: Gengar|move: Sticky Web\n|-unboost|p1a: Gengar|spe|1\n|turn|12\n|\n|t:|1730676544\n|move|p1a: Gengar|Sludge Wave|p2a: Granbull\n|-supereffective|p2a: Granbull\n|-damage|p2a: Granbull|0 fnt\n|faint|p2a: Granbull\n|-damage|p1a: Gengar|207/230|[from] item: Life Orb\n|\n|upkeep\n|\n|t:|1730676551\n|switch|p2a: Minun|Minun, L95, F|268/268\n|-damage|p2a: Minun|235/268|[from] Stealth Rock\n|turn|13\n|\n|t:|1730676555\n|move|p2a: Minun|Thunderbolt|p1a: Gengar\n|-damage|p1a: Gengar|59/230\n|-damage|p2a: Minun|209/268|[from] item: Life Orb\n|move|p1a: Gengar|Sludge Wave|p2a: Minun\n|-damage|p2a: Minun|79/268\n|-status|p2a: Minun|psn\n|-damage|p1a: Gengar|36/230|[from] item: Life Orb\n|\n|-damage|p2a: Minun|46/268 psn|[from] psn\n|upkeep\n|turn|14\n|\n|t:|1730676560\n|switch|p1a: Dipplin|Dipplin, L88, F|284/284\n|-activate|p1a: Dipplin|move: Sticky Web\n|-unboost|p1a: Dipplin|spe|1\n|move|p2a: Minun|Alluring Voice|p1a: Dipplin\n|-supereffective|p1a: Dipplin\n|-damage|p1a: Dipplin|170/284\n|-damage|p2a: Minun|20/268 psn|[from] item: Life Orb\n|\n|-damage|p2a: Minun|0 fnt|[from] psn\n|faint|p2a: Minun\n|upkeep\n|\n|t:|1730676563\n|switch|p2a: Scyther|Scyther, L82, F|249/249\n|turn|15\n|\n|t:|1730676569\n|switch|p1a: Gengar|Gengar, L81, F|36/230\n|-activate|p1a: Gengar|move: Sticky Web\n|-unboost|p1a: Gengar|spe|1\n|move|p2a: Scyther|Dual Wingbeat|p1a: Gengar\n|-damage|p1a: Gengar|0 fnt\n|faint|p1a: Gengar\n|-hitcount|p1: Gengar|1\n|\n|upkeep\n|\n|t:|1730676571\n|switch|p1a: Lycanroc|Lycanroc-Dusk, L80, M|251/251\n|-activate|p1a: Lycanroc|move: Sticky Web\n|-unboost|p1a: Lycanroc|spe|1\n|turn|16\n|\n|t:|1730676579\n|-terastallize|p2a: Scyther|Fighting\n|move|p1a: Lycanroc|Accelerock|p2a: Scyther\n|-resisted|p2a: Scyther\n|-damage|p2a: Scyther|210/249\n|-damage|p1a: Lycanroc|226/251|[from] item: Life Orb\n|move|p2a: Scyther|Close Combat|p1a: Lycanroc\n|-supereffective|p1a: Lycanroc\n|-damage|p1a: Lycanroc|0 fnt\n|-unboost|p2a: Scyther|def|1\n|-unboost|p2a: Scyther|spd|1\n|faint|p1a: Lycanroc\n|\n|upkeep\n|\n|t:|1730676582\n|switch|p1a: Dipplin|Dipplin, L88, F|170/284\n|-activate|p1a: Dipplin|move: Sticky Web\n|-unboost|p1a: Dipplin|spe|1\n|turn|17\n|\n|t:|1730676585\n|move|p2a: Scyther|U-turn|p1a: Dipplin\n|-supereffective|p1a: Dipplin\n|-damage|p1a: Dipplin|80/284\n|\n|t:|1730676587\n|switch|p2a: Ceruledge|Ceruledge, L78, F|245/245|[from] U-turn\n|move|p1a: Dipplin|Recover|p1a: Dipplin\n|-heal|p1a: Dipplin|222/284\n|\n|upkeep\n|turn|18\n|\n|t:|1730676592\n|move|p2a: Ceruledge|Swords Dance|p2a: Ceruledge\n|-boost|p2a: Ceruledge|atk|2\n|move|p1a: Dipplin|Dragon Pulse|p2a: Ceruledge\n|-damage|p2a: Ceruledge|149/245\n|\n|upkeep\n|turn|19\n|\n|t:|1730676597\n|move|p1a: Dipplin|Sucker Punch|p2a: Ceruledge\n|-supereffective|p2a: Ceruledge\n|-damage|p2a: Ceruledge|39/245\n|-ability|p2a: Ceruledge|Weak Armor|boost\n|-unboost|p2a: Ceruledge|def|1\n|-boost|p2a: Ceruledge|spe|2\n|move|p2a: Ceruledge|Bitter Blade|p1a: Dipplin\n|-damage|p1a: Dipplin|120/284\n|-heal|p2a: Ceruledge|90/245|[from] drain|[of] p1a: Dipplin\n|\n|upkeep\n|turn|20\n|\n|t:|1730676601\n|move|p2a: Ceruledge|Bitter Blade|p1a: Dipplin\n|-damage|p1a: Dipplin|14/284\n|-heal|p2a: Ceruledge|143/245|[from] drain|[of] p1a: Dipplin\n|move|p1a: Dipplin|Recover|p1a: Dipplin\n|-heal|p1a: Dipplin|156/284\n|\n|upkeep\n|turn|21\n|\n|t:|1730676605\n|move|p1a: Dipplin|Sucker Punch|p2a: Ceruledge\n|-supereffective|p2a: Ceruledge\n|-damage|p2a: Ceruledge|0 fnt\n|faint|p2a: Ceruledge\n|\n|upkeep\n|\n|t:|1730676606\n|switch|p2a: Scyther|Scyther, L82, F, tera:Fighting|210/249\n|turn|22\n|\n|t:|1730676610\n|move|p2a: Scyther|Dual Wingbeat|p1a: Dipplin\n|-supereffective|p1a: Dipplin\n|-damage|p1a: Dipplin|84/284\n|-supereffective|p1a: Dipplin\n|-damage|p1a: Dipplin|6/284\n|-hitcount|p1a: Dipplin|2\n|move|p1a: Dipplin|Giga Drain|p2a: Scyther\n|-crit|p2a: Scyther\n|-damage|p2a: Scyther|75/249\n|-heal|p1a: Dipplin|74/284|[from] drain|[of] p2a: Scyther\n|\n|upkeep\n|turn|23\n|\n|t:|1730676616\n|-terastallize|p1a: Dipplin|Steel\n|move|p1a: Dipplin|Sucker Punch|p2a: Scyther\n|-resisted|p2a: Scyther\n|-damage|p2a: Scyther|48/249\n|move|p2a: Scyther|Close Combat|p1a: Dipplin\n|-supereffective|p1a: Dipplin\n|-damage|p1a: Dipplin|0 fnt\n|-unboost|p2a: Scyther|def|1\n|-unboost|p2a: Scyther|spd|1\n|faint|p1a: Dipplin\n|\n|win|Qiuescent\n|raw|underbreaker's rating: 2265 &rarr; <strong>2247</strong><br />(-18 for losing)\n|raw|Qiuescent's rating: 2295 &rarr; <strong>2313</strong><br />(+18 for winning)\n", "inputlog": ">version a4f42d48c0ba8c19aa1220fc847216ad1267a0d1\n>start {\"formatid\":\"gen9randombattle\",\"seed\":[18595,33856,41859,60128],\"rated\":\"Rated battle\"}\n>player p1 {\"name\":\"underbreaker\",\"avatar\":\"2\",\"rating\":2265,\"seed\":[25368,9794,47300,30162]}\n>player p2 {\"name\":\"Qiuescent\",\"avatar\":\"1\",\"rating\":2295,\"seed\":[63510,27641,38760,7803]}\n>p1 move stoneaxe\n>p2 move thunderbolt\n>p1 switch 4\n>p2 move thunderbolt\n>p1 move gigadrain\n>p2 move calmmind\n>p1 switch 4\n>p2 move substitute\n>p1 move uturn\n>p2 move thunderbolt\n>p1 switch 5\n>p1 move hypervoice\n>p2 move thunderbolt\n>p2 switch 3\n>p1 move hypervoice\n>p2 move stickyweb\n>p1 move hypervoice\n>p2 move knockoff\n>p1 move psyshock\n>p2 move lunge\n>p1 switch 6\n>p1 move spiritbreak\n>p2 move leafblade\n>p2 switch 5\n>p1 move thunderwave\n>p2 move playrough\n>p1 switch 2\n>p1 move sludgewave\n>p2 move earthquake\n>p2 switch 6\n>p1 move sludgewave\n>p2 move thunderbolt\n>p1 switch 4\n>p2 move alluringvoice\n>p2 switch 2\n>p1 switch 4\n>p2 move dualwingbeat\n>p1 switch 3\n>p1 move accelerock\n>p2 move closecombat terastallize\n>p1 switch 4\n>p1 move recover\n>p2 move uturn\n>p2 switch 4\n>p1 move dragonpulse\n>p2 move swordsdance\n>p1 move suckerpunch\n>p2 move bitterblade\n>p1 move recover\n>p2 move bitterblade\n>p1 move suckerpunch\n>p2 move poltergeist\n>p2 switch 4\n>p1 move gigadrain\n>p2 move dualwingbeat\n>p1 move suckerpunch terastallize\n>p2 move closecombat", "uploadtime": 1730676618, "views": 38, "formatid": "gen9randombattle", "rating": 2247, "private": 0, "password": null}