{"id": "gen9randombattle-2259892826", "format": "[Gen 9] Random Battle", "players": ["TMcNic7", "kidrockrocks"], "log": "|j|\u2606TMcNic7\n|j|\u2606kidrockrocks\n|t:|1733777171\n|gametype|singles\n|player|p1|TMcNic7|169|1525\n|player|p2|kidrockrocks|bugcatcher-gen4dp|1507\n|teamsize|p1|6\n|teamsize|p2|6\n|gen|9\n|tier|[Gen 9] Random Battle\n|rated|\n|rule|Species Clause: Limit one of each Pok\u00e9mon\n|rule|HP Percentage Mod: HP is shown in percentages\n|rule|Sleep Clause Mod: Limit one foe put to sleep\n|rule|Illusion Level Mod: Illusion disguises the Pok\u00e9mon's true level\n|\n|t:|1733777171\n|start\n|switch|p1a: Swalot|Swalot, L90, M|326/326\n|switch|p2a: Dudunsparce|Dudunsparce-Three-Segment, L83, F|343/343\n|turn|1\n|\n|t:|1733777184\n|move|p1a: Swalot|Knock Off|p2a: Dudunsparce\n|-damage|p2a: Dudunsparce|267/343\n|-enditem|p2a: Dudunsparce|Leftovers|[from] move: Knock Off|[of] p1a: Swalot\n|move|p2a: Dudunsparce|Glare|p1a: Swalot\n|-status|p1a: Swalot|par\n|\n|upkeep\n|turn|2\n|inactive|Battle timer is ON: inactive players will automatically lose when time's up. (requested by kidrockrocks)\n|\n|t:|1733777191\n|move|p2a: Dudunsparce|Headbutt|p1a: Swalot\n|-damage|p1a: Swalot|247/326 par\n|cant|p1a: Swalot|flinch\n|\n|-heal|p1a: Swalot|267/326 par|[from] item: Leftovers\n|upkeep\n|turn|3\n|\n|t:|1733777203\n|move|p2a: Dudunsparce|Headbutt|p1a: Swalot\n|-damage|p1a: Swalot|192/326 par\n|cant|p1a: Swalot|flinch\n|\n|-heal|p1a: Swalot|212/326 par|[from] item: Leftovers\n|upkeep\n|turn|4\n|\n|t:|1733777208\n|move|p2a: Dudunsparce|Headbutt|p1a: Swalot\n|-damage|p1a: Swalot|136/326 par\n|move|p1a: Swalot|Pain Split|p2a: Dudunsparce\n|-sethp|p2a: Dudunsparce|201/343|[from] move: Pain Split|[silent]\n|-sethp|p1a: Swalot|201/326 par|[from] move: Pain Split\n|\n|-heal|p1a: Swalot|221/326 par|[from] item: Leftovers\n|upkeep\n|turn|5\n|\n|t:|1733777212\n|move|p2a: Dudunsparce|Headbutt|p1a: Swalot\n|-damage|p1a: Swalot|146/326 par\n|cant|p1a: Swalot|par\n|\n|-heal|p1a: Swalot|166/326 par|[from] item: Leftovers\n|upkeep\n|turn|6\n|\n|t:|1733777218\n|move|p2a: Dudunsparce|Headbutt|p1a: Swalot\n|-damage|p1a: Swalot|93/326 par\n|cant|p1a: Swalot|flinch\n|\n|-heal|p1a: Swalot|113/326 par|[from] item: Leftovers\n|upkeep\n|turn|7\n|\n|t:|1733777222\n|move|p2a: Dudunsparce|Headbutt|p1a: Swalot\n|-damage|p1a: Swalot|44/326 par\n|cant|p1a: Swalot|flinch\n|\n|-heal|p1a: Swalot|64/326 par|[from] item: Leftovers\n|upkeep\n|turn|8\n|\n|t:|1733777227\n|move|p2a: Dudunsparce|Headbutt|p1a: Swalot\n|-damage|p1a: Swalot|0 fnt\n|faint|p1a: Swalot\n|\n|upkeep\n|inactive|TMcNic7 has 120 seconds left.\n|\n|t:|1733777258\n|switch|p1a: Furret|Furret, L94, F|312/312\n|turn|9\n|\n|t:|1733777270\n|-terastallize|p2a: Dudunsparce|Ghost\n|move|p1a: Furret|Brick Break|p2a: Dudunsparce\n|-immune|p2a: Dudunsparce\n|move|p2a: Dudunsparce|Glare|p1a: Furret\n|-status|p1a: Furret|par\n|\n|upkeep\n|turn|10\n|inactive|TMcNic7 has 120 seconds left.\n|\n|t:|1733777285\n|move|p2a: Dudunsparce|Roost|p2a: Dudunsparce\n|-heal|p2a: Dudunsparce|343/343\n|move|p1a: Furret|Knock Off|p2a: Dudunsparce\n|-supereffective|p2a: Dudunsparce\n|-damage|p2a: Dudunsparce|210/343\n|-damage|p1a: Furret|281/312 par|[from] item: Life Orb\n|\n|upkeep\n|turn|11\n|\n|t:|1733777292\n|move|p2a: Dudunsparce|Headbutt|p1a: Furret\n|-damage|p1a: Furret|202/312 par\n|cant|p1a: Furret|flinch\n|\n|upkeep\n|turn|12\n|\n|t:|1733777295\n|move|p2a: Dudunsparce|Headbutt|p1a: Furret\n|-damage|p1a: Furret|112/312 par\n|cant|p1a: Furret|flinch\n|\n|upkeep\n|turn|13\n|\n|t:|1733777298\n|move|p2a: Dudunsparce|Headbutt|p1a: Furret\n|-damage|p1a: Furret|22/312 par\n|cant|p1a: Furret|flinch\n|\n|upkeep\n|turn|14\n|\n|t:|1733777302\n|move|p2a: Dudunsparce|Headbutt|p1a: Furret\n|-damage|p1a: Furret|0 fnt\n|faint|p1a: Furret\n|\n|upkeep\n|\n|t:|1733777304\n|switch|p1a: Sawsbuck|Sawsbuck-Summer, L88, F|284/284\n|turn|15\n|\n|t:|1733777308\n|move|p1a: Sawsbuck|Horn Leech|p2a: Dudunsparce\n|-damage|p2a: Dudunsparce|92/343\n|-damage|p1a: Sawsbuck|256/284|[from] item: Life Orb\n|move|p2a: Dudunsparce|Glare|p1a: Sawsbuck\n|-status|p1a: Sawsbuck|par\n|\n|upkeep\n|turn|16\n|\n|t:|1733777314\n|move|p2a: Dudunsparce|Roost|p2a: Dudunsparce\n|-heal|p2a: Dudunsparce|264/343\n|move|p1a: Sawsbuck|Horn Leech|p2a: Dudunsparce\n|-damage|p2a: Dudunsparce|138/343\n|-heal|p1a: Sawsbuck|284/284 par|[from] drain|[of] p2a: Dudunsparce\n|-damage|p1a: Sawsbuck|256/284 par|[from] item: Life Orb\n|\n|upkeep\n|turn|17\n|\n|t:|1733777319\n|move|p2a: Dudunsparce|Headbutt|p1a: Sawsbuck\n|-damage|p1a: Sawsbuck|166/284 par\n|cant|p1a: Sawsbuck|flinch\n|\n|upkeep\n|turn|18\n|\n|t:|1733777323\n|move|p2a: Dudunsparce|Headbutt|p1a: Sawsbuck\n|-damage|p1a: Sawsbuck|75/284 par\n|cant|p1a: Sawsbuck|flinch\n|\n|upkeep\n|turn|19\n|\n|t:|1733777326\n|move|p2a: Dudunsparce|Headbutt|p1a: Sawsbuck\n|-damage|p1a: Sawsbuck|0 fnt\n|faint|p1a: Sawsbuck\n|\n|upkeep\n|\n|t:|1733777328\n|switch|p1a: Chien-Pao|Chien-Pao, L72|234/234\n|-ability|p1a: Chien-Pao|Sword of Ruin\n|turn|20\n|\n|t:|1733777342\n|switch|p2a: Avalugg|Avalugg-Hisui, L90, M|317/317\n|move|p1a: Chien-Pao|Throat Chop|p2a: Avalugg\n|-damage|p2a: Avalugg|262/317\n|-start|p2a: Avalugg|Throat Chop|[silent]\n|\n|upkeep\n|turn|21\n|\n|t:|1733777360\n|switch|p1a: Golduck|Golduck, L90, F|290/290\n|-ability|p1a: Golduck|Cloud Nine\n|move|p2a: Avalugg|Rapid Spin|p1a: Golduck\n|-damage|p1a: Golduck|234/290\n|-boost|p2a: Avalugg|spe|1\n|\n|-end|p2a: Avalugg|Throat Chop|[silent]\n|upkeep\n|turn|22\n|\n|t:|1733777380\n|move|p1a: Golduck|Nasty Plot|p1a: Golduck\n|-boost|p1a: Golduck|spa|2\n|move|p2a: Avalugg|Rapid Spin|p1a: Golduck\n|-damage|p1a: Golduck|177/290\n|-boost|p2a: Avalugg|spe|1\n|\n|upkeep\n|turn|23\n|\n|t:|1733777386\n|move|p2a: Avalugg|Recover|p2a: Avalugg\n|-heal|p2a: Avalugg|317/317\n|move|p1a: Golduck|Grass Knot|p2a: Avalugg\n|-supereffective|p2a: Avalugg\n|-ability|p2a: Avalugg|Sturdy\n|-damage|p2a: Avalugg|1/317\n|-damage|p1a: Golduck|148/290|[from] item: Life Orb\n|\n|upkeep\n|turn|24\n|\n|t:|1733777392\n|move|p2a: Avalugg|Stone Edge|p1a: Golduck\n|-damage|p1a: Golduck|0 fnt\n|faint|p1a: Golduck\n|\n|upkeep\n|\n|t:|1733777400\n|switch|p1a: Deoxys|Deoxys-Defense, L84|221/221\n|-ability|p1a: Deoxys|Pressure\n|turn|25\n|\n|t:|1733777410\n|move|p2a: Avalugg|Stone Edge|p1a: Deoxys\n|-crit|p1a: Deoxys\n|-damage|p1a: Deoxys|82/221\n|move|p1a: Deoxys|Cosmic Power|p1a: Deoxys\n|-boost|p1a: Deoxys|def|1\n|-boost|p1a: Deoxys|spd|1\n|\n|-heal|p1a: Deoxys|95/221|[from] item: Leftovers\n|upkeep\n|turn|26\n|\n|t:|1733777415\n|move|p2a: Avalugg|Stone Edge|p1a: Deoxys\n|-damage|p1a: Deoxys|32/221\n|move|p1a: Deoxys|Recover|p1a: Deoxys\n|-heal|p1a: Deoxys|143/221\n|\n|-heal|p1a: Deoxys|156/221|[from] item: Leftovers\n|upkeep\n|turn|27\n|\n|t:|1733777420\n|move|p1a: Deoxys|Cosmic Power|p1a: Deoxys\n|-boost|p1a: Deoxys|def|1\n|-boost|p1a: Deoxys|spd|1\n|move|p2a: Avalugg|Avalanche|p1a: Deoxys\n|-damage|p1a: Deoxys|123/221\n|\n|-heal|p1a: Deoxys|136/221|[from] item: Leftovers\n|upkeep\n|turn|28\n|\n|t:|1733777430\n|switch|p2a: Masquerain|Masquerain, L87, F|264/264\n|-ability|p2a: Masquerain|Intimidate|boost\n|-unboost|p1a: Deoxys|atk|1\n|move|p1a: Deoxys|Cosmic Power|p1a: Deoxys\n|-boost|p1a: Deoxys|def|1\n|-boost|p1a: Deoxys|spd|1\n|\n|-heal|p1a: Deoxys|149/221|[from] item: Leftovers\n|upkeep\n|turn|29\n|\n|t:|1733777455\n|move|p1a: Deoxys|Stored Power|p2a: Masquerain\n|-damage|p2a: Masquerain|155/264\n|move|p2a: Masquerain|Quiver Dance|p2a: Masquerain\n|-boost|p2a: Masquerain|spa|1\n|-boost|p2a: Masquerain|spd|1\n|-boost|p2a: Masquerain|spe|1\n|\n|-heal|p1a: Deoxys|162/221|[from] item: Leftovers\n|upkeep\n|turn|30\n|\n|t:|1733777465\n|move|p2a: Masquerain|Quiver Dance|p2a: Masquerain\n|-boost|p2a: Masquerain|spa|1\n|-boost|p2a: Masquerain|spd|1\n|-boost|p2a: Masquerain|spe|1\n|move|p1a: Deoxys|Cosmic Power|p1a: Deoxys\n|-boost|p1a: Deoxys|def|1\n|-boost|p1a: Deoxys|spd|1\n|\n|-heal|p1a: Deoxys|175/221|[from] item: Leftovers\n|upkeep\n|turn|31\n|\n|t:|1733777470\n|move|p2a: Masquerain|Quiver Dance|p2a: Masquerain\n|-boost|p2a: Masquerain|spa|1\n|-boost|p2a: Masquerain|spd|1\n|-boost|p2a: Masquerain|spe|1\n|move|p1a: Deoxys|Cosmic Power|p1a: Deoxys\n|-boost|p1a: Deoxys|def|1\n|-boost|p1a: Deoxys|spd|1\n|\n|-heal|p1a: Deoxys|188/221|[from] item: Leftovers\n|upkeep\n|turn|32\n|\n|t:|1733777475\n|move|p2a: Masquerain|Bug Buzz|p1a: Deoxys\n|-supereffective|p1a: Deoxys\n|-damage|p1a: Deoxys|98/221\n|move|p1a: Deoxys|Cosmic Power|p1a: Deoxys\n|-boost|p1a: Deoxys|def|1\n|-boost|p1a: Deoxys|spd|1\n|\n|-heal|p1a: Deoxys|111/221|[from] item: Leftovers\n|upkeep\n|turn|33\n|\n|t:|1733777480\n|move|p2a: Masquerain|Bug Buzz|p1a: Deoxys\n|-supereffective|p1a: Deoxys\n|-damage|p1a: Deoxys|31/221\n|move|p1a: Deoxys|Recover|p1a: Deoxys\n|-heal|p1a: Deoxys|142/221\n|\n|-heal|p1a: Deoxys|155/221|[from] item: Leftovers\n|upkeep\n|turn|34\n|\n|t:|1733777483\n|-terastallize|p1a: Deoxys|Steel\n|move|p2a: Masquerain|Quiver Dance|p2a: Masquerain\n|-boost|p2a: Masquerain|spa|1\n|-boost|p2a: Masquerain|spd|1\n|-boost|p2a: Masquerain|spe|1\n|move|p1a: Deoxys|Stored Power|p2a: Masquerain\n|-damage|p2a: Masquerain|86/264\n|\n|-heal|p1a: Deoxys|168/221|[from] item: Leftovers\n|upkeep\n|turn|35\n|\n|t:|1733777490\n|move|p2a: Masquerain|Quiver Dance|p2a: Masquerain\n|-boost|p2a: Masquerain|spa|1\n|-boost|p2a: Masquerain|spd|1\n|-boost|p2a: Masquerain|spe|1\n|move|p1a: Deoxys|Night Shade|p2a: Masquerain\n|-damage|p2a: Masquerain|2/264\n|\n|-heal|p1a: Deoxys|181/221|[from] item: Leftovers\n|upkeep\n|turn|36\n|\n|t:|1733777500\n|move|p2a: Masquerain|Hurricane|p1a: Deoxys\n|-resisted|p1a: Deoxys\n|-damage|p1a: Deoxys|148/221\n|move|p1a: Deoxys|Recover|p1a: Deoxys\n|-heal|p1a: Deoxys|221/221\n|\n|upkeep\n|turn|37\n|\n|t:|1733777505\n|move|p2a: Masquerain|Bug Buzz|p1a: Deoxys\n|-resisted|p1a: Deoxys\n|-damage|p1a: Deoxys|192/221\n|move|p1a: Deoxys|Night Shade|p2a: Masquerain\n|-damage|p2a: Masquerain|0 fnt\n|faint|p2a: Masquerain\n|\n|-heal|p1a: Deoxys|205/221|[from] item: Leftovers\n|upkeep\n|\n|t:|1733777520\n|switch|p2a: Mismagius|Mismagius, L86, F|243/243\n|turn|38\n|\n|t:|1733777533\n|move|p2a: Mismagius|Trick|p1a: Deoxys\n|-activate|p2a: Mismagius|move: Trick|[of] p1a: Deoxys\n|-item|p1a: Deoxys|Choice Specs|[from] move: Trick\n|-item|p2a: Mismagius|Leftovers|[from] move: Trick\n|move|p1a: Deoxys|Stored Power|p2a: Mismagius\n|-damage|p2a: Mismagius|0 fnt\n|faint|p2a: Mismagius\n|\n|upkeep\n|\n|t:|1733777547\n|switch|p2a: Dialga|Dialga-Origin, L73|266/266\n|-ability|p2a: Dialga|Pressure\n|turn|39\n|\n|t:|1733777550\n|move|p1a: Deoxys|Stored Power|p2a: Dialga\n|-resisted|p2a: Dialga\n|-crit|p2a: Dialga\n|-damage|p2a: Dialga|41/266\n|move|p2a: Dialga|Fire Blast|p1a: Deoxys\n|-supereffective|p1a: Deoxys\n|-damage|p1a: Deoxys|173/221\n|\n|upkeep\n|turn|40\n|\n|t:|1733777559\n|move|p1a: Deoxys|Stored Power|p2a: Dialga\n|-resisted|p2a: Dialga\n|-damage|p2a: Dialga|0 fnt\n|faint|p2a: Dialga\n|\n|upkeep\n|\n|t:|1733777565\n|switch|p2a: Dudunsparce|Dudunsparce-Three-Segment, L83, F, tera:Ghost|138/343\n|turn|41\n|\n|t:|1733777579\n|move|p1a: Deoxys|Stored Power|p2a: Dudunsparce\n|-damage|p2a: Dudunsparce|0 fnt\n|faint|p2a: Dudunsparce\n|\n|upkeep\n|c|\u2606TMcNic7|cheese vs cheese\n|\n|t:|1733777599\n|switch|p2a: Avalugg|Avalugg-Hisui, L90, M|1/317\n|turn|42\n|\n|t:|1733777603\n|move|p1a: Deoxys|Stored Power|p2a: Avalugg\n|-damage|p2a: Avalugg|0 fnt\n|faint|p2a: Avalugg\n|\n|upkeep\n|\n|t:|1733777607\n|switch|p2a: Dragapult|Dragapult, L77, M|262/262\n|turn|43\n|\n|t:|1733777610\n|move|p2a: Dragapult|Fire Blast|p1a: Deoxys\n|-supereffective|p1a: Deoxys\n|-damage|p1a: Deoxys|143/221\n|move|p1a: Deoxys|Stored Power|p2a: Dragapult\n|-damage|p2a: Dragapult|0 fnt\n|faint|p2a: Dragapult\n|\n|win|TMcNic7\n|raw|TMcNic7's rating: 1506 &rarr; <strong>1526</strong><br />(+20 for winning)\n|raw|kidrockrocks's rating: 1507 &rarr; <strong>1487</strong><br />(-20 for losing)\n|c|\u2606kidrockrocks|gg\n|l|\u2606kidrockrocks\n|player|p2|\n", "inputlog": ">version bfd83cad13791eb5a5a409923076391caf6fb4d4\n>start {\"formatid\":\"gen9randombattle\",\"seed\":[63299,52230,27020,56116],\"rated\":\"Rated battle\"}\n>player p1 {\"name\":\"TMcNic7\",\"avatar\":\"169\",\"rating\":1525,\"seed\":[58422,36394,6959,48363]}\n>player p2 {\"name\":\"kidrockrocks\",\"avatar\":\"bugcatcher-gen4dp\",\"rating\":1507,\"seed\":[43493,3308,51333,27100]}\n>p1 move knockoff\n>p2 move glare\n>p1 move sludgebomb\n>p2 move headbutt\n>p1 move sludgebomb\n>p2 move headbutt\n>p1 move painsplit\n>p2 move headbutt\n>p1 move sludgebomb\n>p2 move headbutt\n>p1 move sludgebomb\n>p2 move headbutt\n>p1 move painsplit\n>p2 move headbutt\n>p1 move sludgebomb\n>p2 move headbutt\n>p1 switch 4\n>p1 move brickbreak\n>p2 move glare terastallize\n>p1 move knockoff\n>p2 move roost\n>p1 move tidyup\n>p2 move headbutt\n>p1 move tidyup\n>p2 move headbutt\n>p1 move tidyup\n>p2 move headbutt\n>p1 move tidyup\n>p2 move headbutt\n>p1 switch 3\n>p1 move hornleech\n>p2 move glare\n>p1 move hornleech\n>p2 move roost\n>p1 move hornleech\n>p2 move headbutt\n>p1 move hornleech\n>p2 move headbutt\n>p1 move hornleech\n>p2 move headbutt\n>p1 switch 6\n>p1 move throatchop\n>p2 switch 5\n>p1 switch 5\n>p2 move rapidspin\n>p1 move nastyplot\n>p2 move rapidspin\n>p1 move grassknot\n>p2 move recover\n>p1 move icebeam\n>p2 move stoneedge\n>p1 switch 2\n>p1 move cosmicpower\n>p2 move stoneedge\n>p1 move recover\n>p2 move stoneedge\n>p1 move cosmicpower\n>p2 move avalanche\n>p1 move cosmicpower\n>p2 switch 3\n>p1 move storedpower\n>p2 move quiverdance\n>p1 move cosmicpower\n>p2 move quiverdance\n>p1 move cosmicpower\n>p2 move quiverdance\n>p1 move cosmicpower\n>p2 move bugbuzz\n>p1 move recover\n>p2 move bugbuzz\n>p1 move storedpower terastallize\n>p2 move quiverdance\n>p1 move nightshade\n>p2 move quiverdance\n>p1 move recover\n>p2 move hurricane\n>p1 move nightshade\n>p2 move bugbuzz\n>p2 switch 4\n>p1 move storedpower\n>p2 move trick\n>p2 switch 2\n>p1 move storedpower\n>p2 move fireblast\n>p1 move storedpower\n>p2 move fireblast\n>p2 switch 5\n>p1 move storedpower\n>p2 move glare\n>chat \u2606TMcNic7|cheese vs cheese\n>p2 switch 3\n>p1 move storedpower\n>p2 move stoneedge\n>p2 switch 6\n>p1 move storedpower\n>p2 move fireblast", "uploadtime": 1733777626, "views": 1, "formatid": "gen9randombattle", "rating": 1487, "private": 0, "password": null}