{"id": "gen9randombattle-2260265500", "format": "[Gen 9] Random Battle", "players": ["Orocan", "Lolnicco"], "log": "|j|\u2606Orocan\n|j|\u2606Lolnicco\n|t:|1733832236\n|gametype|singles\n|player|p1|Orocan|veteran|1603\n|player|p2|Lolnicco|101|1569\n|teamsize|p1|6\n|teamsize|p2|6\n|gen|9\n|tier|[Gen 9] Random Battle\n|rated|\n|rule|Species Clause: Limit one of each Pok\u00e9mon\n|rule|HP Percentage Mod: HP is shown in percentages\n|rule|Sleep Clause Mod: Limit one foe put to sleep\n|rule|Illusion Level Mod: Illusion disguises the Pok\u00e9mon's true level\n|\n|t:|1733832236\n|start\n|switch|p1a: Bellossom|Bellossom, L84, M|263/263\n|switch|p2a: Espeon|Espeon, L84, F|246/246\n|turn|1\n|inactive|Battle timer is ON: inactive players will automatically lose when time's up. (requested by Orocan)\n|\n|t:|1733832252\n|switch|p1a: Ribombee|Ribombee, L82, F|233/233\n|move|p2a: Espeon|Psyshock|p1a: Ribombee\n|-damage|p1a: Ribombee|1/233\n|\n|upkeep\n|turn|2\n|\n|t:|1733832260\n|move|p1a: Ribombee|U-turn|p2a: Espeon\n|-supereffective|p2a: Espeon\n|-damage|p2a: Espeon|126/246\n|\n|t:|1733832272\n|switch|p1a: Klawf|Klawf, L90, M|272/272|[from] U-turn\n|move|p2a: Espeon|Psyshock|p1a: Klawf\n|-damage|p1a: Klawf|140/272\n|\n|upkeep\n|turn|3\n|\n|t:|1733832287\n|switch|p2a: Golduck|Golduck, L90, M|290/290\n|-ability|p2a: Golduck|Cloud Nine\n|move|p1a: Klawf|Knock Off|p2a: Golduck\n|-damage|p2a: Golduck|159/290\n|-enditem|p2a: Golduck|Life Orb|[from] move: Knock Off|[of] p1a: Klawf\n|\n|upkeep\n|turn|4\n|\n|t:|1733832297\n|switch|p1a: Lapras|Lapras, L87, M|368/368\n|move|p2a: Golduck|Ice Beam|p1a: Lapras\n|-resisted|p1a: Lapras\n|-damage|p1a: Lapras|351/368\n|\n|upkeep\n|turn|5\n|\n|t:|1733832308\n|switch|p2a: Banette|Banette, L93, F|270/270\n|-item|p1a: Lapras|Heavy-Duty Boots|[from] ability: Frisk|[of] p2a: Banette\n|move|p1a: Lapras|Sparkling Aria|p2a: Banette\n|-damage|p2a: Banette|171/270\n|\n|upkeep\n|turn|6\n|\n|t:|1733832323\n|move|p2a: Banette|Poltergeist|p1a: Lapras\n|-activate|p1a: Lapras|move: Poltergeist|Heavy-Duty Boots\n|-damage|p1a: Lapras|135/368\n|-damage|p2a: Banette|144/270|[from] item: Life Orb\n|move|p1a: Lapras|Sparkling Aria|p2a: Banette\n|-damage|p2a: Banette|38/270\n|\n|upkeep\n|turn|7\n|\n|t:|1733832347\n|switch|p1a: Bellossom|Bellossom, L84, M|263/263\n|move|p2a: Banette|Poltergeist|p1a: Bellossom\n|-activate|p1a: Bellossom|move: Poltergeist|Leftovers\n|-damage|p1a: Bellossom|59/263\n|-damage|p2a: Banette|11/270|[from] item: Life Orb\n|\n|-heal|p1a: Bellossom|75/263|[from] item: Leftovers\n|upkeep\n|turn|8\n|\n|t:|1733832361\n|move|p2a: Banette|Poltergeist|p1a: Bellossom\n|-activate|p1a: Bellossom|move: Poltergeist|Leftovers\n|-damage|p1a: Bellossom|0 fnt\n|faint|p1a: Bellossom\n|-damage|p2a: Banette|0 fnt|[from] item: Life Orb\n|faint|p2a: Banette\n|\n|upkeep\n|\n|t:|1733832371\n|switch|p2a: Kilowattrel|Kilowattrel, L83, M|252/252\n|switch|p1a: Ribombee|Ribombee, L82, F|1/233\n|turn|9\n|\n|t:|1733832378\n|switch|p1a: Golurk|Golurk, L87|297/297\n|move|p2a: Kilowattrel|U-turn|p1a: Golurk\n|-resisted|p1a: Golurk\n|-damage|p1a: Golurk|275/297\n|\n|t:|1733832381\n|switch|p2a: Golduck|Golduck, L90, M|159/290|[from] U-turn\n|-ability|p2a: Golduck|Cloud Nine\n|\n|upkeep\n|turn|10\n|\n|t:|1733832389\n|switch|p1a: Lapras|Lapras, L87, M|135/368\n|move|p2a: Golduck|Grass Knot|p1a: Lapras\n|-supereffective|p1a: Lapras\n|-crit|p1a: Lapras\n|-damage|p1a: Lapras|0 fnt\n|faint|p1a: Lapras\n|\n|upkeep\n|\n|t:|1733832397\n|switch|p1a: Ribombee|Ribombee, L82, F|1/233\n|turn|11\n|inactive|Lolnicco has 120 seconds left.\n|\n|t:|1733832446\n|switch|p2a: Espeon|Espeon, L84, F|126/246\n|move|p1a: Ribombee|Moonblast|p2a: Espeon\n|-damage|p2a: Espeon|32/246\n|\n|upkeep\n|turn|12\n|\n|t:|1733832456\n|move|p1a: Ribombee|Moonblast|p2a: Espeon\n|-damage|p2a: Espeon|0 fnt\n|faint|p2a: Espeon\n|\n|upkeep\n|\n|t:|1733832458\n|switch|p2a: Kilowattrel|Kilowattrel, L83, M|252/252\n|turn|13\n|\n|t:|1733832466\n|move|p2a: Kilowattrel|U-turn|p1a: Ribombee\n|-resisted|p1a: Ribombee\n|-damage|p1a: Ribombee|0 fnt\n|faint|p1a: Ribombee\n|\n|t:|1733832472\n|switch|p2a: Golduck|Golduck, L90, M|159/290|[from] U-turn\n|-ability|p2a: Golduck|Cloud Nine\n|\n|upkeep\n|\n|t:|1733832479\n|switch|p1a: Hitmonchan|Hitmonchan, L87, M|229/229\n|turn|14\n|inactive|Lolnicco has 120 seconds left.\n|\n|t:|1733832513\n|switch|p2a: Magcargo|Magcargo, L95, M|268/268\n|move|p1a: Hitmonchan|Rapid Spin|p2a: Magcargo\n|-resisted|p2a: Magcargo\n|-damage|p2a: Magcargo|255/268\n|-boost|p1a: Hitmonchan|spe|1\n|\n|upkeep\n|turn|15\n|\n|t:|1733832524\n|switch|p1a: Golurk|Golurk, L87|275/297\n|move|p2a: Magcargo|Lava Plume|p1a: Golurk\n|-damage|p1a: Golurk|161/297\n|\n|upkeep\n|turn|16\n|inactive|Lolnicco has 120 seconds left.\n|\n|t:|1733832535\n|move|p1a: Golurk|Stone Edge|p2a: Magcargo\n|-supereffective|p2a: Magcargo\n|-damage|p2a: Magcargo|81/268\n|-damage|p1a: Golurk|132/297|[from] item: Life Orb\n|move|p2a: Magcargo|Lava Plume|p1a: Golurk\n|-damage|p1a: Golurk|32/297\n|\n|upkeep\n|turn|17\n|\n|t:|1733832544\n|move|p1a: Golurk|Stone Edge|p2a: Magcargo\n|-supereffective|p2a: Magcargo\n|-damage|p2a: Magcargo|0 fnt\n|faint|p2a: Magcargo\n|-damage|p1a: Golurk|3/297|[from] item: Life Orb\n|\n|upkeep\n|\n|t:|1733832549\n|switch|p2a: Kilowattrel|Kilowattrel, L83, M|252/252\n|turn|18\n|\n|t:|1733832553\n|move|p2a: Kilowattrel|U-turn|p1a: Golurk\n|-resisted|p1a: Golurk\n|-damage|p1a: Golurk|0 fnt\n|faint|p1a: Golurk\n|\n|t:|1733832557\n|switch|p2a: Hoopa|Hoopa-Unbound, L80|259/259|[from] U-turn\n|\n|upkeep\n|\n|t:|1733832564\n|switch|p1a: Klawf|Klawf, L90, M|230/272\n|turn|19\n|\n|t:|1733832572\n|-terastallize|p2a: Hoopa|Fighting\n|move|p1a: Klawf|Stone Edge|p2a: Hoopa|[miss]\n|-miss|p1a: Klawf|p2a: Hoopa\n|move|p2a: Hoopa|Drain Punch|p1a: Klawf\n|-supereffective|p1a: Klawf\n|-damage|p1a: Klawf|0 fnt\n|faint|p1a: Klawf\n|\n|upkeep\n|\n|t:|1733832582\n|switch|p1a: Hitmonchan|Hitmonchan, L87, M|229/229\n|turn|20\n|\n|t:|1733832589\n|move|p1a: Hitmonchan|Bulk Up|p1a: Hitmonchan\n|-boost|p1a: Hitmonchan|atk|1\n|-boost|p1a: Hitmonchan|def|1\n|move|p2a: Hoopa|Drain Punch|p1a: Hitmonchan\n|-damage|p1a: Hitmonchan|112/229\n|\n|-heal|p1a: Hitmonchan|126/229|[from] item: Leftovers\n|upkeep\n|turn|21\n|\n|t:|1733832600\n|move|p1a: Hitmonchan|Drain Punch|p2a: Hoopa\n|-damage|p2a: Hoopa|31/259\n|-heal|p1a: Hitmonchan|229/229|[from] drain|[of] p2a: Hoopa\n|move|p2a: Hoopa|Drain Punch|p1a: Hitmonchan\n|-damage|p1a: Hitmonchan|123/229\n|-heal|p2a: Hoopa|84/259|[from] drain|[of] p1a: Hitmonchan\n|\n|-heal|p1a: Hitmonchan|137/229|[from] item: Leftovers\n|upkeep\n|turn|22\n|\n|t:|1733832611\n|move|p1a: Hitmonchan|Drain Punch|p2a: Hoopa\n|-damage|p2a: Hoopa|0 fnt\n|-heal|p1a: Hitmonchan|179/229|[from] drain|[of] p2a: Hoopa\n|faint|p2a: Hoopa\n|\n|-heal|p1a: Hitmonchan|193/229|[from] item: Leftovers\n|upkeep\n|\n|t:|1733832614\n|switch|p2a: Kilowattrel|Kilowattrel, L83, M|252/252\n|turn|23\n|\n|t:|1733832623\n|-terastallize|p1a: Hitmonchan|Dark\n|move|p2a: Kilowattrel|Hurricane|p1a: Hitmonchan\n|-damage|p1a: Hitmonchan|90/229\n|move|p1a: Hitmonchan|Rapid Spin|p2a: Kilowattrel\n|-damage|p2a: Kilowattrel|171/252\n|-boost|p1a: Hitmonchan|spe|1\n|\n|-heal|p1a: Hitmonchan|104/229|[from] item: Leftovers\n|upkeep\n|turn|24\n|\n|t:|1733832634\n|move|p1a: Hitmonchan|Knock Off|p2a: Kilowattrel\n|-damage|p2a: Kilowattrel|0 fnt\n|-enditem|p2a: Kilowattrel|Heavy-Duty Boots|[from] move: Knock Off|[of] p1a: Hitmonchan\n|faint|p2a: Kilowattrel\n|\n|-heal|p1a: Hitmonchan|118/229|[from] item: Leftovers\n|upkeep\n|\n|t:|1733832636\n|switch|p2a: Golduck|Golduck, L90, M|159/290\n|-ability|p2a: Golduck|Cloud Nine\n|turn|25\n|\n|t:|1733832645\n|move|p1a: Hitmonchan|Drain Punch|p2a: Golduck\n|-damage|p2a: Golduck|0 fnt\n|-heal|p1a: Hitmonchan|198/229|[from] drain|[of] p2a: Golduck\n|faint|p2a: Golduck\n|\n|win|Orocan\n|raw|Orocan's rating: 1603 &rarr; <strong>1621</strong><br />(+18 for winning)\n|raw|Lolnicco's rating: 1569 &rarr; <strong>1551</strong><br />(-18 for losing)\n", "inputlog": ">version bfd83cad13791eb5a5a409923076391caf6fb4d4\n>start {\"formatid\":\"gen9randombattle\",\"seed\":[48156,15051,39975,42389],\"rated\":\"Rated battle\"}\n>player p1 {\"name\":\"Orocan\",\"avatar\":\"veteran\",\"rating\":1603,\"seed\":[47682,63988,22636,389]}\n>player p2 {\"name\":\"Lolnicco\",\"avatar\":\"101\",\"rating\":1569,\"seed\":[21564,42066,44400,45610]}\n>p1 switch 4\n>p2 move psyshock\n>p1 move uturn\n>p2 move psyshock\n>p1 switch 5\n>p1 move knockoff\n>p2 switch 5\n>p1 switch 6\n>p2 move icebeam\n>p1 move sparklingaria\n>p2 switch 4\n>p1 move sparklingaria\n>p2 move poltergeist\n>p1 switch 4\n>p2 move poltergeist\n>p1 move strengthsap\n>p2 move poltergeist\n>p1 switch 5\n>p2 switch 3\n>p1 switch 2\n>p2 move uturn\n>p2 switch 4\n>p1 switch 4\n>p2 move grassknot\n>p1 switch 2\n>p1 move moonblast\n>p2 switch 5\n>p1 move moonblast\n>p2 move psyshock\n>p2 switch 4\n>p1 move moonblast\n>p2 move uturn\n>p2 switch 5\n>p1 switch 3\n>p1 move rapidspin\n>p2 switch 6\n>p1 switch 4\n>p2 move lavaplume\n>p1 move stoneedge\n>p2 move lavaplume\n>p1 move stoneedge\n>p2 move lavaplume\n>p2 switch 5\n>p1 move stoneedge\n>p2 move uturn\n>p2 switch 2\n>p1 switch 6\n>p1 move stoneedge\n>p2 move drainpunch terastallize\n>p1 switch 4\n>p1 move bulkup\n>p2 move drainpunch\n>p1 move drainpunch\n>p2 move drainpunch\n>p1 move drainpunch\n>p2 move drainpunch\n>p2 switch 2\n>p1 move rapidspin terastallize\n>p2 move hurricane\n>p1 move knockoff\n>p2 move thunderwave\n>p2 switch 6\n>p1 move drainpunch\n>p2 move hydropump", "uploadtime": 1733832657, "views": 1, "formatid": "gen9randombattle", "rating": 1551, "private": 0, "password": null}