{"id": "gen9randombattle-2260783054", "format": "[Gen 9] Random Battle", "players": ["Balmung Kriemhild", "Dksnsbshsbd"], "log": "|j|\u2606Balmung Kriemhild\n|j|\u203dDksnsbshsbd\n|t:|1733891366\n|gametype|singles\n|player|p1|Balmung Kriemhild|volo|1322\n|player|p2|Dksnsbshsbd|101|1279\n|teamsize|p1|6\n|teamsize|p2|6\n|gen|9\n|tier|[Gen 9] Random Battle\n|rated|\n|rule|Species Clause: Limit one of each Pok\u00e9mon\n|rule|HP Percentage Mod: HP is shown in percentages\n|rule|Sleep Clause Mod: Limit one foe put to sleep\n|rule|Illusion Level Mod: Illusion disguises the Pok\u00e9mon's true level\n|\n|t:|1733891366\n|start\n|switch|p1a: Dachsbun|Dachsbun, L92, M|254/254\n|switch|p2a: Copperajah|Copperajah, L86, F|350/350\n|turn|1\n|inactive|Battle timer is ON: inactive players will automatically lose when time's up. (requested by Balmung Kriemhild)\n|\n|t:|1733891385\n|switch|p1a: Chi-Yu|Chi-Yu, L77|211/211\n|-ability|p1a: Chi-Yu|Beads of Ruin\n|move|p2a: Copperajah|Heavy Slam|p1a: Chi-Yu\n|-resisted|p1a: Chi-Yu\n|-damage|p1a: Chi-Yu|69/211\n|\n|upkeep\n|turn|2\n|\n|t:|1733891399\n|switch|p2a: Flygon|Flygon, L82, M|265/265\n|move|p1a: Chi-Yu|Fire Blast|p2a: Flygon\n|-resisted|p2a: Flygon\n|-damage|p2a: Flygon|174/265\n|\n|upkeep\n|turn|3\n|\n|t:|1733891426\n|move|p2a: Flygon|Earthquake|p1a: Chi-Yu\n|-supereffective|p1a: Chi-Yu\n|-damage|p1a: Chi-Yu|0 fnt\n|faint|p1a: Chi-Yu\n|\n|upkeep\n|\n|t:|1733891431\n|switch|p1a: Zekrom|Zekrom, L71|259/259\n|-ability|p1a: Zekrom|Teravolt\n|turn|4\n|\n|t:|1733891442\n|switch|p1a: Dachsbun|Dachsbun, L92, M|254/254\n|move|p2a: Flygon|Earthquake|p1a: Dachsbun\n|-damage|p1a: Dachsbun|173/254\n|\n|-heal|p1a: Dachsbun|188/254|[from] item: Leftovers\n|upkeep\n|turn|5\n|\n|t:|1733891451\n|switch|p2a: Copperajah|Copperajah, L86, F|350/350\n|move|p1a: Dachsbun|Play Rough|p2a: Copperajah\n|-resisted|p2a: Copperajah\n|-damage|p2a: Copperajah|289/350\n|\n|-heal|p1a: Dachsbun|203/254|[from] item: Leftovers\n|upkeep\n|turn|6\n|\n|t:|1733891457\n|move|p1a: Dachsbun|Protect|p1a: Dachsbun\n|-singleturn|p1a: Dachsbun|Protect\n|move|p2a: Copperajah|Knock Off|p1a: Dachsbun\n|-activate|p1a: Dachsbun|move: Protect\n|\n|-heal|p1a: Dachsbun|218/254|[from] item: Leftovers\n|upkeep\n|turn|7\n|\n|t:|1733891461\n|move|p1a: Dachsbun|Body Press|p2a: Copperajah\n|-supereffective|p2a: Copperajah\n|-damage|p2a: Copperajah|105/350\n|move|p2a: Copperajah|Knock Off|p1a: Dachsbun\n|-resisted|p1a: Dachsbun\n|-damage|p1a: Dachsbun|168/254\n|-enditem|p1a: Dachsbun|Leftovers|[from] move: Knock Off|[of] p2a: Copperajah\n|\n|upkeep\n|turn|8\n|\n|t:|1733891468\n|switch|p2a: Volbeat|Volbeat, L90, M|263/263\n|move|p1a: Dachsbun|Body Press|p2a: Volbeat\n|-resisted|p2a: Volbeat\n|-damage|p2a: Volbeat|221/263\n|\n|upkeep\n|turn|9\n|\n|t:|1733891476\n|switch|p1a: Zekrom|Zekrom, L71|259/259\n|-ability|p1a: Zekrom|Teravolt\n|move|p2a: Volbeat|Thunder Wave|p1a: Zekrom\n|-immune|p1a: Zekrom\n|\n|upkeep\n|turn|10\n|\n|t:|1733891480\n|move|p2a: Volbeat|Lunge|p1a: Zekrom\n|-damage|p1a: Zekrom|181/259\n|-unboost|p1a: Zekrom|atk|1\n|move|p1a: Zekrom|Dragon Dance|p1a: Zekrom\n|-boost|p1a: Zekrom|atk|1\n|-boost|p1a: Zekrom|spe|1\n|\n|-heal|p1a: Zekrom|197/259|[from] item: Leftovers\n|upkeep\n|turn|11\n|\n|t:|1733891491\n|switch|p1a: Dachsbun|Dachsbun, L92, M|168/254\n|move|p2a: Volbeat|Encore||[still]\n|-fail|p2a: Volbeat\n|\n|upkeep\n|turn|12\n|\n|t:|1733891494\n|move|p2a: Volbeat|Thunder Wave|p1a: Dachsbun\n|-status|p1a: Dachsbun|par\n|cant|p1a: Dachsbun|par\n|\n|upkeep\n|turn|13\n|\n|t:|1733891507\n|switch|p2a: Copperajah|Copperajah, L86, F|105/350\n|move|p1a: Dachsbun|Play Rough|p2a: Copperajah\n|-resisted|p2a: Copperajah\n|-damage|p2a: Copperajah|47/350\n|-unboost|p2a: Copperajah|atk|1\n|\n|upkeep\n|turn|14\n|\n|t:|1733891513\n|move|p1a: Dachsbun|Body Press|p2a: Copperajah\n|-supereffective|p2a: Copperajah\n|-damage|p2a: Copperajah|0 fnt\n|faint|p2a: Copperajah\n|\n|upkeep\n|\n|t:|1733891529\n|switch|p2a: Vigoroth|Vigoroth, L85, F|275/275\n|turn|15\n|\n|t:|1733891541\n|switch|p1a: Meganium|Meganium, L90, M|290/290\n|-terastallize|p2a: Vigoroth|Ghost\n|move|p2a: Vigoroth|Bulk Up|p2a: Vigoroth\n|-boost|p2a: Vigoroth|atk|1\n|-boost|p2a: Vigoroth|def|1\n|\n|upkeep\n|turn|16\n|\n|t:|1733891546\n|move|p2a: Vigoroth|Body Slam|p1a: Meganium\n|-damage|p1a: Meganium|187/290\n|move|p1a: Meganium|Swords Dance|p1a: Meganium\n|-boost|p1a: Meganium|atk|2\n|\n|upkeep\n|turn|17\n|\n|t:|1733891573\n|switch|p2a: Zapdos|Zapdos-Galar, L77|265/265\n|move|p1a: Meganium|Knock Off|p2a: Zapdos\n|-resisted|p2a: Zapdos\n|-damage|p2a: Zapdos|160/265\n|-enditem|p2a: Zapdos|Choice Band|[from] move: Knock Off|[of] p1a: Meganium\n|-damage|p1a: Meganium|158/290|[from] item: Life Orb\n|\n|upkeep\n|turn|18\n|inactive|Balmung Kriemhild has 120 seconds left.\n|inactive|Balmung Kriemhild has 90 seconds left.\n|\n|t:|1733891635\n|move|p2a: Zapdos|Brave Bird|p1a: Meganium\n|-supereffective|p1a: Meganium\n|-damage|p1a: Meganium|0 fnt\n|faint|p1a: Meganium\n|-damage|p2a: Zapdos|108/265|[from] Recoil\n|\n|upkeep\n|inactive|Balmung Kriemhild has 90 seconds left.\n|\n|t:|1733891641\n|switch|p1a: Dachsbun|Dachsbun, L92, M|168/254 par\n|turn|19\n|\n|t:|1733891645\n|move|p2a: Zapdos|U-turn|p1a: Dachsbun\n|-resisted|p1a: Dachsbun\n|-damage|p1a: Dachsbun|150/254 par\n|\n|t:|1733891649\n|switch|p2a: Vigoroth|Vigoroth, L85, F, tera:Ghost|275/275|[from] U-turn\n|cant|p1a: Dachsbun|par\n|\n|upkeep\n|turn|20\n|\n|t:|1733891673\n|switch|p1a: Leafeon|Leafeon, L88, F|258/258\n|move|p2a: Vigoroth|Bulk Up|p2a: Vigoroth\n|-boost|p2a: Vigoroth|atk|1\n|-boost|p2a: Vigoroth|def|1\n|\n|upkeep\n|turn|21\n|\n|t:|1733891680\n|move|p1a: Leafeon|Swords Dance|p1a: Leafeon\n|-boost|p1a: Leafeon|atk|2\n|move|p2a: Vigoroth|Bulk Up|p2a: Vigoroth\n|-boost|p2a: Vigoroth|atk|1\n|-boost|p2a: Vigoroth|def|1\n|\n|upkeep\n|turn|22\n|\n|t:|1733891689\n|move|p1a: Leafeon|Knock Off|p2a: Vigoroth\n|-supereffective|p2a: Vigoroth\n|-damage|p2a: Vigoroth|155/275\n|-enditem|p2a: Vigoroth|Eviolite|[from] move: Knock Off|[of] p1a: Leafeon\n|move|p2a: Vigoroth|Body Slam|p1a: Leafeon\n|-damage|p1a: Leafeon|141/258\n|-status|p1a: Leafeon|par\n|\n|-heal|p1a: Leafeon|157/258 par|[from] item: Leftovers\n|upkeep\n|turn|23\n|\n|t:|1733891693\n|move|p2a: Vigoroth|Slack Off|p2a: Vigoroth\n|-heal|p2a: Vigoroth|275/275\n|cant|p1a: Leafeon|par\n|\n|-heal|p1a: Leafeon|173/258 par|[from] item: Leftovers\n|upkeep\n|turn|24\n|\n|t:|1733891699\n|move|p2a: Vigoroth|Body Slam|p1a: Leafeon\n|-damage|p1a: Leafeon|64/258 par\n|move|p1a: Leafeon|Leaf Blade|p2a: Vigoroth\n|-crit|p2a: Vigoroth\n|-damage|p2a: Vigoroth|0 fnt\n|faint|p2a: Vigoroth\n|\n|-heal|p1a: Leafeon|80/258 par|[from] item: Leftovers\n|upkeep\n|\n|t:|1733891712\n|switch|p2a: Zapdos|Zapdos-Galar, L77|108/265\n|turn|25\n|\n|t:|1733891720\n|move|p2a: Zapdos|Brave Bird|p1a: Leafeon\n|-supereffective|p1a: Leafeon\n|-damage|p1a: Leafeon|0 fnt\n|faint|p1a: Leafeon\n|-damage|p2a: Zapdos|82/265|[from] Recoil\n|\n|upkeep\n|\n|t:|1733891724\n|switch|p1a: Dachsbun|Dachsbun, L92, M|150/254 par\n|turn|26\n|\n|t:|1733891733\n|move|p2a: Zapdos|Brave Bird|p1a: Dachsbun\n|-damage|p1a: Dachsbun|56/254 par\n|-damage|p2a: Zapdos|51/265|[from] Recoil\n|move|p1a: Dachsbun|Play Rough|p2a: Zapdos\n|-supereffective|p2a: Zapdos\n|-damage|p2a: Zapdos|0 fnt\n|faint|p2a: Zapdos\n|\n|upkeep\n|\n|t:|1733891748\n|switch|p2a: Kilowattrel|Kilowattrel, L83, F|252/252\n|turn|27\n|\n|t:|1733891751\n|move|p2a: Kilowattrel|Thunderbolt|p1a: Dachsbun\n|-damage|p1a: Dachsbun|0 fnt\n|faint|p1a: Dachsbun\n|\n|upkeep\n|\n|t:|1733891752\n|switch|p1a: Zekrom|Zekrom, L71|197/259\n|-ability|p1a: Zekrom|Teravolt\n|turn|28\n|\n|t:|1733891755\n|move|p2a: Kilowattrel|U-turn|p1a: Zekrom\n|-damage|p1a: Zekrom|162/259\n|\n|t:|1733891757\n|switch|p2a: Volbeat|Volbeat, L90, M|221/263|[from] U-turn\n|move|p1a: Zekrom|Substitute|p1a: Zekrom\n|-start|p1a: Zekrom|Substitute\n|-damage|p1a: Zekrom|98/259\n|\n|-heal|p1a: Zekrom|114/259|[from] item: Leftovers\n|upkeep\n|turn|29\n|\n|t:|1733891763\n|switch|p1a: Kingdra|Kingdra, L84, F|263/263\n|move|p2a: Volbeat|Encore||[still]\n|-fail|p2a: Volbeat\n|\n|upkeep\n|turn|30\n|\n|t:|1733891767\n|move|p2a: Volbeat|Thunder Wave|p1a: Kingdra\n|-status|p1a: Kingdra|par\n|-enditem|p1a: Kingdra|Lum Berry|[eat]\n|-curestatus|p1a: Kingdra|par|[msg]\n|move|p1a: Kingdra|Wave Crash|p2a: Volbeat\n|-damage|p2a: Volbeat|98/263\n|-damage|p1a: Kingdra|222/263|[from] Recoil\n|\n|upkeep\n|turn|31\n|\n|t:|1733891774\n|move|p2a: Volbeat|Roost|p2a: Volbeat\n|-heal|p2a: Volbeat|230/263\n|-singleturn|p2a: Volbeat|move: Roost\n|move|p1a: Kingdra|Wave Crash|p2a: Volbeat\n|-damage|p2a: Volbeat|88/263\n|-damage|p1a: Kingdra|175/263|[from] Recoil\n|\n|upkeep\n|turn|32\n|\n|t:|1733891780\n|move|p2a: Volbeat|Roost|p2a: Volbeat\n|-heal|p2a: Volbeat|220/263\n|-singleturn|p2a: Volbeat|move: Roost\n|move|p1a: Kingdra|Wave Crash|p2a: Volbeat\n|-damage|p2a: Volbeat|100/263\n|-damage|p1a: Kingdra|135/263|[from] Recoil\n|\n|upkeep\n|turn|33\n|\n|t:|1733891787\n|move|p2a: Volbeat|Roost|p2a: Volbeat\n|-heal|p2a: Volbeat|232/263\n|-singleturn|p2a: Volbeat|move: Roost\n|move|p1a: Kingdra|Wave Crash|p2a: Volbeat\n|-damage|p2a: Volbeat|106/263\n|-damage|p1a: Kingdra|93/263|[from] Recoil\n|\n|upkeep\n|turn|34\n|\n|t:|1733891792\n|move|p2a: Volbeat|Roost|p2a: Volbeat\n|-heal|p2a: Volbeat|238/263\n|-singleturn|p2a: Volbeat|move: Roost\n|move|p1a: Kingdra|Wave Crash|p2a: Volbeat\n|-damage|p2a: Volbeat|97/263\n|-damage|p1a: Kingdra|46/263|[from] Recoil\n|\n|upkeep\n|turn|35\n|\n|t:|1733891794\n|move|p2a: Volbeat|Roost|p2a: Volbeat\n|-heal|p2a: Volbeat|229/263\n|-singleturn|p2a: Volbeat|move: Roost\n|move|p1a: Kingdra|Wave Crash|p2a: Volbeat\n|-damage|p2a: Volbeat|99/263\n|-damage|p1a: Kingdra|3/263|[from] Recoil\n|\n|upkeep\n|turn|36\n|\n|t:|1733891797\n|move|p2a: Volbeat|Roost|p2a: Volbeat\n|-heal|p2a: Volbeat|231/263\n|-singleturn|p2a: Volbeat|move: Roost\n|move|p1a: Kingdra|Wave Crash|p2a: Volbeat\n|-damage|p2a: Volbeat|95/263\n|-damage|p1a: Kingdra|0 fnt|[from] Recoil\n|faint|p1a: Kingdra\n|\n|upkeep\n|\n|t:|1733891799\n|switch|p1a: Zekrom|Zekrom, L71|114/259\n|-ability|p1a: Zekrom|Teravolt\n|turn|37\n|\n|t:|1733891807\n|move|p2a: Volbeat|Lunge|p1a: Zekrom\n|-damage|p1a: Zekrom|44/259\n|-unboost|p1a: Zekrom|atk|1\n|move|p1a: Zekrom|Bolt Strike|p2a: Volbeat\n|-crit|p2a: Volbeat\n|-damage|p2a: Volbeat|0 fnt\n|faint|p2a: Volbeat\n|\n|-heal|p1a: Zekrom|60/259|[from] item: Leftovers\n|upkeep\n|c|\u2606Balmung Kriemhild|that shit\n|\n|t:|1733891813\n|switch|p2a: Flygon|Flygon, L82, M|174/265\n|turn|38\n|c|\u2606Balmung Kriemhild|is so fucking stupid\n|\n|t:|1733891819\n|move|p2a: Flygon|Earthquake|p1a: Zekrom\n|-supereffective|p1a: Zekrom\n|-damage|p1a: Zekrom|0 fnt\n|faint|p1a: Zekrom\n|\n|win|Dksnsbshsbd\n", "inputlog": ">version bfd83cad13791eb5a5a409923076391caf6fb4d4\n>start {\"formatid\":\"gen9randombattle\",\"seed\":[45520,57109,23575,28381],\"rated\":\"Rated battle\"}\n>player p1 {\"name\":\"Balmung Kriemhild\",\"avatar\":\"volo\",\"rating\":1322,\"seed\":[58234,2000,14202,42014]}\n>player p2 {\"name\":\"Dksnsbshsbd\",\"avatar\":\"101\",\"rating\":1279,\"seed\":[40439,29454,62283,30324]}\n>p1 switch 6\n>p2 move heavyslam\n>p1 move fireblast\n>p2 switch 2\n>p1 move willowisp\n>p2 move earthquake\n>p1 switch 5\n>p1 switch 6\n>p2 move earthquake\n>p1 move playrough\n>p2 switch 2\n>p1 move protect\n>p2 move knockoff\n>p1 move bodypress\n>p2 move knockoff\n>p1 move bodypress\n>p2 switch 3\n>p1 switch 6\n>p2 move thunderwave\n>p1 move dragondance\n>p2 move lunge\n>p1 switch 6\n>p2 move encore\n>p1 move playrough\n>p2 move thunderwave\n>p1 move playrough\n>p2 switch 3\n>p1 move bodypress\n>p2 move heavyslam\n>p2 switch 6\n>p1 switch 4\n>p2 move bulkup terastallize\n>p1 move swordsdance\n>p2 move bodyslam\n>p1 move knockoff\n>p2 switch 5\n>p1 move petalblizzard\n>p2 move bravebird\n>p1 switch 4\n>p1 move playrough\n>p2 move uturn\n>p2 switch 5\n>p1 switch 2\n>p2 move bulkup\n>p1 move swordsdance\n>p2 move bulkup\n>p1 move knockoff\n>p2 move bodyslam\n>p1 move leafblade\n>p2 move slackoff\n>p1 move leafblade\n>p2 move bodyslam\n>p2 switch 5\n>p1 move leafblade\n>p2 move bravebird\n>p1 switch 2\n>p1 move playrough\n>p2 move bravebird\n>p2 switch 4\n>p1 move playrough\n>p2 move thunderbolt\n>p1 switch 6\n>p1 move substitute\n>p2 move uturn\n>p2 switch 3\n>p1 switch 3\n>p2 move encore\n>p1 move wavecrash\n>p2 move thunderwave\n>p1 move wavecrash\n>p2 move roost\n>p1 move wavecrash\n>p2 move roost\n>p1 move wavecrash\n>p2 move roost\n>p1 move wavecrash\n>p2 move roost\n>p1 move wavecrash\n>p2 move roost\n>p1 move wavecrash\n>p2 move roost\n>p1 switch 3\n>p1 move boltstrike\n>p2 move lunge\n>chat \u2606Balmung Kriemhild|that shit\n>p2 switch 2\n>chat \u2606Balmung Kriemhild|is so fucking stupid\n>p1 move dragondance\n>p2 move earthquake", "uploadtime": 1733891816, "views": 12, "formatid": "gen9randombattle", "rating": null, "private": 0, "password": null}