{"id": "gen9randombattle-2174342954", "format": "[Gen 9] Random Battle", "players": ["ball enthusiast", "Referrals"], "log": "|badge|p1|silver|gen9randombattle|30-2\n|uhtml|medal-msg|<div class=\"broadcast-blue\">Curious what those medals under the avatar are? PS now has Ladder Seasons! For more information, check out the <a href=\"https://www.smogon.com/forums/threads/3740067/\">thread on Smogon.</a></div>\n|badge|p2|silver|gen9randombattle|30-2\n|uhtml|medal-msg|<div class=\"broadcast-blue\">Curious what those medals under the avatar are? PS now has Ladder Seasons! For more information, check out the <a href=\"https://www.smogon.com/forums/threads/3740067/\">thread on Smogon.</a></div>\n|j|\u2606ball enthusiast\n|j|\u2606Referrals\n|t:|1722910072\n|gametype|singles\n|player|p1|ball enthusiast|169|2464\n|player|p2|Referrals|hilbert-wonderlauncher|2518\n|teamsize|p1|6\n|teamsize|p2|6\n|gen|9\n|tier|[Gen 9] Random Battle\n|rated|\n|rule|Species Clause: Limit one of each Pok\u00e9mon\n|rule|HP Percentage Mod: HP is shown in percentages\n|rule|Sleep Clause Mod: Limit one foe put to sleep\n|rule|Illusion Level Mod: Illusion disguises the Pok\u00e9mon's true level\n|\n|t:|1722910072\n|start\n|switch|p1a: Arcanine|Arcanine-Hisui, L82, F|290/290\n|switch|p2a: Chien-Pao|Chien-Pao, L72|234/234\n|-ability|p2a: Chien-Pao|Sword of Ruin\n|turn|1\n|inactive|Battle timer is ON: inactive players will automatically lose when time's up. (requested by Referrals)\n|\n|t:|1722910087\n|switch|p2a: Dipplin|Dipplin, L88, F|284/284\n|move|p1a: Arcanine|Head Smash|p2a: Dipplin|[miss]\n|-miss|p1a: Arcanine|p2a: Dipplin\n|\n|upkeep\n|turn|2\n|\n|t:|1722910112\n|switch|p1a: Kricketune|Kricketune, L99, M|312/312\n|move|p2a: Dipplin|Dragon Tail|p1a: Kricketune\n|-damage|p1a: Kricketune|233/312\n|drag|p1a: Kyurem|Kyurem-Black, L71|295/295\n|-ability|p1a: Kyurem|Teravolt\n|\n|upkeep\n|turn|3\n|\n|t:|1722910130\n|-terastallize|p2a: Dipplin|Steel\n|move|p1a: Kyurem|Icicle Spear|p2a: Dipplin\n|-resisted|p2a: Dipplin\n|-damage|p2a: Dipplin|275/284\n|-resisted|p2a: Dipplin\n|-damage|p2a: Dipplin|266/284\n|-resisted|p2a: Dipplin\n|-crit|p2a: Dipplin\n|-damage|p2a: Dipplin|254/284\n|-resisted|p2a: Dipplin\n|-damage|p2a: Dipplin|245/284\n|-resisted|p2a: Dipplin\n|-damage|p2a: Dipplin|237/284\n|-hitcount|p2a: Dipplin|5\n|move|p2a: Dipplin|Dragon Pulse|p1a: Kyurem\n|-supereffective|p1a: Kyurem\n|-damage|p1a: Kyurem|65/295\n|\n|upkeep\n|turn|4\n|\n|t:|1722910143\n|switch|p1a: Arcanine|Arcanine-Hisui, L82, F|290/290\n|move|p2a: Dipplin|Dragon Tail|p1a: Arcanine\n|-damage|p1a: Arcanine|223/290\n|drag|p1a: Floatzel|Floatzel, L85, F|283/283\n|\n|upkeep\n|turn|5\n|\n|t:|1722910150\n|move|p1a: Floatzel|Flip Turn|p2a: Dipplin\n|-damage|p2a: Dipplin|183/284\n|\n|t:|1722910153\n|switch|p1a: Arcanine|Arcanine-Hisui, L82, F|223/290|[from] Flip Turn\n|move|p2a: Dipplin|Dragon Tail|p1a: Arcanine\n|-damage|p1a: Arcanine|156/290\n|drag|p1a: Rampardos|Rampardos, L90, M|321/321\n|\n|upkeep\n|turn|6\n|\n|t:|1722910161\n|move|p1a: Rampardos|Fire Punch|p2a: Dipplin\n|-supereffective|p2a: Dipplin\n|-damage|p2a: Dipplin|61/284\n|move|p2a: Dipplin|Giga Drain|p1a: Rampardos\n|-supereffective|p1a: Rampardos\n|-damage|p1a: Rampardos|91/321\n|-heal|p2a: Dipplin|176/284|[from] drain|[of] p1a: Rampardos\n|\n|upkeep\n|turn|7\n|\n|t:|1722910173\n|move|p1a: Rampardos|Fire Punch|p2a: Dipplin\n|-supereffective|p2a: Dipplin\n|-damage|p2a: Dipplin|40/284\n|move|p2a: Dipplin|Recover|p2a: Dipplin\n|-heal|p2a: Dipplin|182/284\n|\n|upkeep\n|turn|8\n|\n|t:|1722910177\n|switch|p2a: Veluza|Veluza, L85, F|292/292\n|move|p1a: Rampardos|Fire Punch|p2a: Veluza\n|-resisted|p2a: Veluza\n|-damage|p2a: Veluza|226/292\n|\n|upkeep\n|turn|9\n|j| Forrage\n|\n|t:|1722910191\n|move|p1a: Rampardos|Fire Punch|p2a: Veluza\n|-resisted|p2a: Veluza\n|-damage|p2a: Veluza|162/292\n|move|p2a: Veluza|Fillet Away|p2a: Veluza\n|-boost|p2a: Veluza|atk|2\n|-boost|p2a: Veluza|spa|2\n|-boost|p2a: Veluza|spe|2\n|-damage|p2a: Veluza|16/292\n|-enditem|p2a: Veluza|Sitrus Berry|[eat]\n|-heal|p2a: Veluza|89/292|[from] item: Sitrus Berry\n|\n|upkeep\n|turn|10\n|\n|t:|1722910200\n|switch|p1a: Kyurem|Kyurem-Black, L71|65/295\n|-ability|p1a: Kyurem|Teravolt\n|move|p2a: Veluza|Psycho Cut|p1a: Kyurem\n|-damage|p1a: Kyurem|0 fnt\n|faint|p1a: Kyurem\n|\n|upkeep\n|inactive|ball enthusiast has 120 seconds left.\n|\n|t:|1722910251\n|switch|p1a: Electrode|Electrode, L92|260/260\n|turn|11\n|j| PKV Pokevin\n|\n|t:|1722910278\n|move|p2a: Veluza|Aqua Cutter|p1a: Electrode\n|-damage|p1a: Electrode|2/260\n|move|p1a: Electrode|Thunderbolt|p2a: Veluza\n|-supereffective|p2a: Veluza\n|-damage|p2a: Veluza|0 fnt\n|faint|p2a: Veluza\n|\n|upkeep\n|inactive|Referrals has 120 seconds left.\n|\n|t:|1722910288\n|switch|p2a: Raichu|Raichu, L88, F|249/249\n|turn|12\n|inactive|ball enthusiast has 120 seconds left.\n|l| PKV Pokevin\n|inactive|Referrals has 120 seconds left.\n|\n|t:|1722910302\n|move|p1a: Electrode|Explosion|p2a: Raichu\n|-damage|p2a: Raichu|88/249\n|faint|p1a: Electrode\n|move|p2a: Raichu|Nasty Plot|p2a: Raichu\n|-boost|p2a: Raichu|spa|2\n|\n|upkeep\n|inactive|ball enthusiast has 120 seconds left.\n|j|+beautifications\n|\n|t:|1722910335\n|switch|p1a: Arcanine|Arcanine-Hisui, L82, F|156/290\n|turn|13\n|\n|t:|1722910339\n|switch|p1a: Rampardos|Rampardos, L90, M|91/321\n|move|p2a: Raichu|Thunderbolt|p1a: Rampardos\n|-damage|p1a: Rampardos|0 fnt\n|faint|p1a: Rampardos\n|-damage|p2a: Raichu|64/249|[from] item: Life Orb\n|\n|upkeep\n|\n|t:|1722910341\n|switch|p1a: Arcanine|Arcanine-Hisui, L82, F|156/290\n|turn|14\n|\n|t:|1722910346\n|switch|p2a: Pecharunt|Pecharunt, L77|262/262\n|move|p1a: Arcanine|Extreme Speed|p2a: Pecharunt\n|-immune|p2a: Pecharunt\n|\n|upkeep\n|turn|15\n|inactive|ball enthusiast has 120 seconds left.\n|\n|t:|1722910360\n|switch|p1a: Kricketune|Kricketune, L99, M|233/312\n|move|p2a: Pecharunt|Malignant Chain|p1a: Kricketune\n|-damage|p1a: Kricketune|125/312\n|-status|p1a: Kricketune|tox\n|-start|p1a: Kricketune|confusion|[from] ability: Poison Puppeteer|[of] p2a: Pecharunt\n|\n|-damage|p1a: Kricketune|106/312 tox|[from] psn\n|upkeep\n|turn|16\n|inactive|ball enthusiast has 120 seconds left.\n|\n|t:|1722910387\n|switch|p2a: Raichu|Raichu, L88, F|64/249\n|-activate|p1a: Kricketune|confusion\n|-damage|p1a: Kricketune|65/312 tox|[from] confusion\n|\n|-damage|p1a: Kricketune|27/312 tox|[from] psn\n|upkeep\n|turn|17\n|\n|t:|1722910399\n|move|p2a: Raichu|Thunderbolt|p1a: Kricketune\n|-damage|p1a: Kricketune|0 fnt\n|faint|p1a: Kricketune\n|-damage|p2a: Raichu|40/249|[from] item: Life Orb\n|\n|upkeep\n|\n|t:|1722910405\n|switch|p1a: Arcanine|Arcanine-Hisui, L82, F|156/290\n|turn|18\n|\n|t:|1722910418\n|move|p2a: Raichu|Surf|p1a: Arcanine\n|-supereffective|p1a: Arcanine\n|-damage|p1a: Arcanine|0 fnt\n|faint|p1a: Arcanine\n|-damage|p2a: Raichu|16/249|[from] item: Life Orb\n|\n|upkeep\n|\n|t:|1722910420\n|switch|p1a: Floatzel|Floatzel, L85, F|283/283\n|turn|19\n|\n|t:|1722910423\n|move|p2a: Raichu|Thunderbolt|p1a: Floatzel\n|-supereffective|p1a: Floatzel\n|-damage|p1a: Floatzel|0 fnt\n|faint|p1a: Floatzel\n|-damage|p2a: Raichu|0 fnt|[from] item: Life Orb\n|faint|p2a: Raichu\n|\n|win|Referrals\n|raw|ball enthusiast's rating: 2464 &rarr; <strong>2447</strong><br />(-17 for losing)\n|raw|Referrals's rating: 2518 &rarr; <strong>2535</strong><br />(+17 for winning)\n|l|\u2606Referrals\n|player|p2|\n", "inputlog": ">version 4360de0a8e68d59f2e365e61bed8c1683ebaca20\n>start {\"formatid\":\"gen9randombattle\",\"seed\":[52412,41651,4457,28964],\"rated\":\"Rated battle\"}\n>player p1 {\"name\":\"ball enthusiast\",\"avatar\":\"169\",\"rating\":2464,\"seed\":[37477,48602,6952,27128]}\n>player p2 {\"name\":\"Referrals\",\"avatar\":\"hilbert-wonderlauncher\",\"rating\":2518,\"seed\":[32267,28216,17459,44930]}\n>p1 move headsmash\n>p2 switch 2\n>p1 switch 5\n>p2 move dragontail\n>p1 move iciclespear\n>p2 move dragonpulse terastallize\n>p1 switch 5\n>p2 move dragontail\n>p1 move flipturn\n>p2 move dragontail\n>p1 switch 3\n>p1 move firepunch\n>p2 move gigadrain\n>p1 move firepunch\n>p2 move recover\n>p1 move firepunch\n>p2 switch 6\n>p1 move firepunch\n>p2 move filletaway\n>p1 switch 5\n>p2 move psychocut\n>p1 switch 6\n>p1 move thunderbolt\n>p2 move aquacutter\n>p2 switch 3\n>p1 move explosion\n>p2 move nastyplot\n>p1 switch 2\n>p1 switch 5\n>p2 move thunderbolt\n>p1 switch 5\n>p1 move extremespeed\n>p2 switch 5\n>p1 switch 4\n>p2 move malignantchain\n>p1 move knockoff\n>p2 switch 5\n>p1 move pounce\n>p2 move thunderbolt\n>p1 switch 4\n>p1 move headsmash\n>p2 move surf\n>p1 switch 3\n>p1 move wavecrash\n>p2 move thunderbolt", "uploadtime": 1722910437, "views": 181, "formatid": "gen9randombattle", "rating": 2447, "private": 0, "password": null}