{"id": "gen9randombattle-2260862606", "format": "[Gen 9] Random Battle", "players": ["lyra_4", "Specialdie"], "log": "|j|\u2606lyra_4\n|j|\u2606Specialdie\n|t:|1733906410\n|gametype|singles\n|player|p1|lyra_4|policeman-gen4|1934\n|player|p2|Specialdie|veteran|1930\n|teamsize|p1|6\n|teamsize|p2|6\n|gen|9\n|tier|[Gen 9] Random Battle\n|rated|\n|rule|Species Clause: Limit one of each Pok\u00e9mon\n|rule|HP Percentage Mod: HP is shown in percentages\n|rule|Sleep Clause Mod: Limit one foe put to sleep\n|rule|Illusion Level Mod: Illusion disguises the Pok\u00e9mon's true level\n|\n|t:|1733906410\n|start\n|switch|p1a: Tauros|Tauros-Paldea-Aqua, L81, M|254/254\n|switch|p2a: Beartic|Beartic, L91, F|321/321\n|-ability|p1a: Tauros|Intimidate|boost\n|-unboost|p2a: Beartic|atk|1\n|turn|1\n|\n|t:|1733906433\n|switch|p2a: Tentacruel|Tentacruel, L84, M|272/272\n|move|p1a: Tauros|Close Combat|p2a: Tentacruel\n|-resisted|p2a: Tentacruel\n|-damage|p2a: Tentacruel|159/272\n|-unboost|p1a: Tauros|def|1\n|-unboost|p1a: Tauros|spd|1\n|-damage|p1a: Tauros|229/254|[from] item: Life Orb\n|\n|-heal|p2a: Tentacruel|176/272|[from] item: Leftovers\n|upkeep\n|turn|2\n|\n|t:|1733906456\n|switch|p1a: Hypno|Hypno, L95, M|315/315\n|move|p2a: Tentacruel|Toxic|p1a: Hypno\n|-status|p1a: Hypno|tox\n|\n|-heal|p2a: Tentacruel|193/272|[from] item: Leftovers\n|-damage|p1a: Hypno|296/315 tox|[from] psn\n|upkeep\n|turn|3\n|\n|t:|1733906472\n|switch|p2a: Overqwil|Overqwil, L82, M|274/274\n|-ability|p2a: Overqwil|Intimidate|boost\n|-unboost|p1a: Hypno|atk|1\n|move|p1a: Hypno|Toxic|p2a: Overqwil\n|-immune|p2a: Overqwil\n|\n|-heal|p1a: Hypno|315/315 tox|[from] item: Leftovers\n|-damage|p1a: Hypno|277/315 tox|[from] psn\n|upkeep\n|turn|4\n|\n|t:|1733906508\n|switch|p1a: Glastrier|Glastrier, L86|312/312\n|move|p2a: Overqwil|Gunk Shot|p1a: Glastrier\n|-damage|p1a: Glastrier|178/312\n|-status|p1a: Glastrier|psn\n|-damage|p2a: Overqwil|247/274|[from] item: Life Orb\n|\n|-damage|p1a: Glastrier|139/312 psn|[from] psn\n|upkeep\n|turn|5\n|inactive|Battle timer is ON: inactive players will automatically lose when time's up. (requested by Specialdie)\n|\n|t:|1733906534\n|switch|p2a: Abomasnow|Abomasnow, L85, F|291/291\n|-weather|Snow|[from] ability: Snow Warning|[of] p2a: Abomasnow\n|move|p1a: Glastrier|High Horsepower|p2a: Abomasnow\n|-resisted|p2a: Abomasnow\n|-damage|p2a: Abomasnow|254/291\n|\n|-weather|Snow|[upkeep]\n|-damage|p1a: Glastrier|100/312 psn|[from] psn\n|upkeep\n|turn|6\n|\n|t:|1733906547\n|move|p2a: Abomasnow|Aurora Veil|p2a: Abomasnow\n|-sidestart|p2: Specialdie|move: Aurora Veil\n|move|p1a: Glastrier|Swords Dance|p1a: Glastrier\n|-boost|p1a: Glastrier|atk|2\n|\n|-weather|Snow|[upkeep]\n|-damage|p1a: Glastrier|61/312 psn|[from] psn\n|upkeep\n|turn|7\n|\n|t:|1733906555\n|move|p2a: Abomasnow|Earthquake|p1a: Glastrier\n|-damage|p1a: Glastrier|27/312 psn\n|move|p1a: Glastrier|Heavy Slam|p2a: Abomasnow\n|-supereffective|p2a: Abomasnow\n|-damage|p2a: Abomasnow|69/291\n|\n|-weather|Snow|[upkeep]\n|-damage|p1a: Glastrier|0 fnt|[from] psn\n|faint|p1a: Glastrier\n|upkeep\n|\n|t:|1733906566\n|switch|p1a: Alomomola|Alomomola, L87, F|429/429\n|turn|8\n|\n|t:|1733906571\n|move|p1a: Alomomola|Wish|p1a: Alomomola\n|move|p2a: Abomasnow|Blizzard|p1a: Alomomola\n|-resisted|p1a: Alomomola\n|-damage|p1a: Alomomola|348/429\n|\n|-weather|Snow|[upkeep]\n|upkeep\n|turn|9\n|\n|t:|1733906593\n|switch|p2a: Overqwil|Overqwil, L82, M|247/274\n|-ability|p2a: Overqwil|Intimidate|boost\n|-unboost|p1a: Alomomola|atk|1\n|move|p1a: Alomomola|Flip Turn|p2a: Overqwil\n|-damage|p2a: Overqwil|229/274\n|\n|t:|1733906601\n|switch|p1a: Tauros|Tauros-Paldea-Aqua, L81, M|229/254|[from] Flip Turn\n|-ability|p1a: Tauros|Intimidate|boost\n|-unboost|p2a: Overqwil|atk|1\n|\n|-weather|none\n|-heal|p1a: Tauros|254/254|[from] move: Wish|[wisher] Alomomola\n|upkeep\n|turn|10\n|\n|t:|1733906622\n|switch|p2a: Tentacruel|Tentacruel, L84, M|193/272\n|move|p1a: Tauros|Bulk Up|p1a: Tauros\n|-boost|p1a: Tauros|atk|1\n|-boost|p1a: Tauros|def|1\n|\n|-heal|p2a: Tentacruel|210/272|[from] item: Leftovers\n|upkeep\n|turn|11\n|inactive|lyra_4 has 120 seconds left.\n|\n|t:|1733906668\n|switch|p1a: Hypno|Hypno, L95, M|277/315 tox\n|move|p2a: Tentacruel|Sludge Bomb|p1a: Hypno\n|-damage|p1a: Hypno|217/315 tox\n|\n|-heal|p2a: Tentacruel|227/272|[from] item: Leftovers\n|-heal|p1a: Hypno|236/315 tox|[from] item: Leftovers\n|-damage|p1a: Hypno|217/315 tox|[from] psn\n|upkeep\n|turn|12\n|\n|t:|1733906681\n|switch|p2a: Overqwil|Overqwil, L82, M|229/274\n|-ability|p2a: Overqwil|Intimidate|boost\n|-unboost|p1a: Hypno|atk|1\n|switch|p1a: Alomomola|Alomomola, L87, F|429/429\n|\n|upkeep\n|turn|13\n|\n|t:|1733906690\n|move|p2a: Overqwil|Swords Dance|p2a: Overqwil\n|-boost|p2a: Overqwil|atk|2\n|move|p1a: Alomomola|Flip Turn|p2a: Overqwil\n|-damage|p2a: Overqwil|199/274\n|\n|t:|1733906696\n|switch|p1a: Tauros|Tauros-Paldea-Aqua, L81, M|254/254|[from] Flip Turn\n|-ability|p1a: Tauros|Intimidate|boost\n|-unboost|p2a: Overqwil|atk|1\n|\n|-sideend|p2: Specialdie|move: Aurora Veil\n|upkeep\n|turn|14\n|\n|t:|1733906710\n|move|p1a: Tauros|Liquidation|p2a: Overqwil\n|-damage|p2a: Overqwil|85/274\n|-damage|p1a: Tauros|229/254|[from] item: Life Orb\n|move|p2a: Overqwil|Gunk Shot|p1a: Tauros\n|-damage|p1a: Tauros|2/254\n|-damage|p2a: Overqwil|58/274|[from] item: Life Orb\n|\n|upkeep\n|turn|15\n|\n|t:|1733906722\n|switch|p2a: Tentacruel|Tentacruel, L84, M|227/272\n|move|p1a: Tauros|Liquidation|p2a: Tentacruel\n|-resisted|p2a: Tentacruel\n|-damage|p2a: Tentacruel|158/272\n|-damage|p1a: Tauros|0 fnt|[from] item: Life Orb\n|faint|p1a: Tauros\n|\n|-heal|p2a: Tentacruel|175/272|[from] item: Leftovers\n|upkeep\n|inactive|lyra_4 has 90 seconds left.\n|\n|t:|1733906750\n|switch|p1a: Hypno|Hypno, L95, M|217/315 tox\n|turn|16\n|inactive|lyra_4 has 90 seconds left.\n|\n|t:|1733906767\n|switch|p2a: Overqwil|Overqwil, L82, M|58/274\n|-ability|p2a: Overqwil|Intimidate|boost\n|-unboost|p1a: Hypno|atk|1\n|move|p1a: Hypno|Focus Blast|p2a: Overqwil|[miss]\n|-miss|p1a: Hypno|p2a: Overqwil\n|\n|-heal|p1a: Hypno|236/315 tox|[from] item: Leftovers\n|-damage|p1a: Hypno|217/315 tox|[from] psn\n|upkeep\n|turn|17\n|inactive|lyra_4 has 90 seconds left.\n|\n|t:|1733906781\n|switch|p1a: Alomomola|Alomomola, L87, F|429/429\n|move|p2a: Overqwil|Crunch|p1a: Alomomola\n|-damage|p1a: Alomomola|308/429\n|-damage|p2a: Overqwil|31/274|[from] item: Life Orb\n|\n|upkeep\n|turn|18\n|\n|t:|1733906788\n|move|p2a: Overqwil|Gunk Shot|p1a: Alomomola\n|-damage|p1a: Alomomola|121/429\n|-damage|p2a: Overqwil|4/274|[from] item: Life Orb\n|move|p1a: Alomomola|Wish|p1a: Alomomola\n|\n|upkeep\n|turn|19\n|\n|t:|1733906796\n|move|p1a: Alomomola|Protect|p1a: Alomomola\n|-singleturn|p1a: Alomomola|Protect\n|move|p2a: Overqwil|Gunk Shot|p1a: Alomomola\n|-activate|p1a: Alomomola|move: Protect\n|\n|-heal|p1a: Alomomola|335/429|[from] move: Wish|[wisher] Alomomola\n|upkeep\n|turn|20\n|\n|t:|1733906809\n|switch|p2a: Tentacruel|Tentacruel, L84, M|175/272\n|move|p1a: Alomomola|Scald|p2a: Tentacruel\n|-resisted|p2a: Tentacruel\n|-damage|p2a: Tentacruel|156/272\n|\n|-heal|p2a: Tentacruel|173/272|[from] item: Leftovers\n|upkeep\n|turn|21\n|\n|t:|1733906823\n|move|p1a: Alomomola|Protect|p1a: Alomomola\n|-singleturn|p1a: Alomomola|Protect\n|move|p2a: Tentacruel|Sludge Bomb|p1a: Alomomola\n|-activate|p1a: Alomomola|move: Protect\n|\n|-heal|p2a: Tentacruel|190/272|[from] item: Leftovers\n|upkeep\n|turn|22\n|\n|t:|1733906841\n|move|p2a: Tentacruel|Sludge Bomb|p1a: Alomomola\n|-damage|p1a: Alomomola|202/429\n|move|p1a: Alomomola|Wish|p1a: Alomomola\n|\n|-heal|p2a: Tentacruel|207/272|[from] item: Leftovers\n|upkeep\n|turn|23\n|\n|t:|1733906846\n|switch|p1a: Hypno|Hypno, L95, M|217/315 tox\n|move|p2a: Tentacruel|Toxic|p1a: Hypno\n|-fail|p1a: Hypno|tox\n|\n|-heal|p1a: Hypno|315/315 tox|[from] move: Wish|[wisher] Alomomola\n|-heal|p2a: Tentacruel|224/272|[from] item: Leftovers\n|-damage|p1a: Hypno|296/315 tox|[from] psn\n|upkeep\n|turn|24\n|\n|t:|1733906861\n|switch|p2a: Overqwil|Overqwil, L82, M|4/274\n|-ability|p2a: Overqwil|Intimidate|boost\n|-unboost|p1a: Hypno|atk|1\n|move|p1a: Hypno|Psychic Noise|p2a: Overqwil\n|-immune|p2a: Overqwil\n|\n|-heal|p1a: Hypno|315/315 tox|[from] item: Leftovers\n|-damage|p1a: Hypno|277/315 tox|[from] psn\n|upkeep\n|turn|25\n|\n|t:|1733906876\n|move|p2a: Overqwil|Swords Dance|p2a: Overqwil\n|-boost|p2a: Overqwil|atk|2\n|move|p1a: Hypno|Focus Blast|p2a: Overqwil\n|-damage|p2a: Overqwil|0 fnt\n|faint|p2a: Overqwil\n|\n|-heal|p1a: Hypno|296/315 tox|[from] item: Leftovers\n|-damage|p1a: Hypno|239/315 tox|[from] psn\n|upkeep\n|\n|t:|1733906894\n|switch|p2a: Abomasnow|Abomasnow, L85, F|69/291\n|-weather|Snow|[from] ability: Snow Warning|[of] p2a: Abomasnow\n|turn|26\n|\n|t:|1733906903\n|switch|p2a: Tentacruel|Tentacruel, L84, M|224/272\n|move|p1a: Hypno|Psychic Noise|p2a: Tentacruel\n|-supereffective|p2a: Tentacruel\n|-damage|p2a: Tentacruel|98/272\n|-start|p2a: Tentacruel|move: Heal Block\n|\n|-weather|Snow|[upkeep]\n|-heal|p1a: Hypno|258/315 tox|[from] item: Leftovers\n|-damage|p1a: Hypno|182/315 tox|[from] psn\n|upkeep\n|turn|27\n|\n|t:|1733906916\n|switch|p2a: Chimecho|Chimecho, L93, F|290/290\n|move|p1a: Hypno|Psychic Noise|p2a: Chimecho\n|-resisted|p2a: Chimecho\n|-damage|p2a: Chimecho|250/290\n|-start|p2a: Chimecho|move: Heal Block\n|\n|-weather|Snow|[upkeep]\n|-heal|p1a: Hypno|201/315 tox|[from] item: Leftovers\n|-damage|p1a: Hypno|106/315 tox|[from] psn\n|upkeep\n|turn|28\n|inactive|lyra_4 has 120 seconds left.\n|\n|t:|1733906958\n|switch|p1a: Alomomola|Alomomola, L87, F|345/429\n|switch|p2a: Tentacruel|Tentacruel, L84, M|98/272\n|\n|-weather|Snow|[upkeep]\n|-heal|p2a: Tentacruel|115/272|[from] item: Leftovers\n|upkeep\n|turn|29\n|inactive|lyra_4 has 90 seconds left.\n|\n|t:|1733906992\n|switch|p1a: Regirock|Regirock, L83|268/268\n|move|p2a: Tentacruel|Toxic|p1a: Regirock\n|-status|p1a: Regirock|tox\n|\n|-weather|Snow|[upkeep]\n|-heal|p2a: Tentacruel|132/272|[from] item: Leftovers\n|-damage|p1a: Regirock|252/268 tox|[from] psn\n|upkeep\n|turn|30\n|inactive|lyra_4 has 90 seconds left.\n|\n|t:|1733907005\n|move|p2a: Tentacruel|Surf|p1a: Regirock\n|-supereffective|p1a: Regirock\n|-damage|p1a: Regirock|94/268 tox\n|move|p1a: Regirock|Stone Edge|p2a: Tentacruel\n|-crit|p2a: Tentacruel\n|-damage|p2a: Tentacruel|0 fnt\n|faint|p2a: Tentacruel\n|\n|-weather|none\n|-damage|p1a: Regirock|62/268 tox|[from] psn\n|upkeep\n|\n|t:|1733907011\n|switch|p2a: Abomasnow|Abomasnow, L85, F|69/291\n|-weather|Snow|[from] ability: Snow Warning|[of] p2a: Abomasnow\n|turn|31\n|\n|t:|1733907017\n|switch|p1a: Alomomola|Alomomola, L87, F|429/429\n|move|p2a: Abomasnow|Aurora Veil|p2a: Abomasnow\n|-sidestart|p2: Specialdie|move: Aurora Veil\n|\n|-weather|Snow|[upkeep]\n|upkeep\n|turn|32\n|\n|t:|1733907028\n|switch|p2a: Chimecho|Chimecho, L93, F|250/290\n|move|p1a: Alomomola|Wish|p1a: Alomomola\n|\n|-weather|Snow|[upkeep]\n|-heal|p2a: Chimecho|268/290|[from] item: Leftovers\n|upkeep\n|turn|33\n|\n|t:|1733907038\n|move|p2a: Chimecho|Psychic Noise|p1a: Alomomola\n|-damage|p1a: Alomomola|288/429\n|-start|p1a: Alomomola|move: Heal Block\n|move|p1a: Alomomola|Flip Turn|p2a: Chimecho\n|-damage|p2a: Chimecho|241/290\n|\n|t:|1733907049\n|switch|p1a: Hypno|Hypno, L95, M|106/315 tox|[from] Flip Turn\n|\n|-weather|Snow|[upkeep]\n|-heal|p1a: Hypno|315/315 tox|[from] move: Wish|[wisher] Alomomola\n|-heal|p2a: Chimecho|259/290|[from] item: Leftovers\n|-damage|p1a: Hypno|296/315 tox|[from] psn\n|upkeep\n|turn|34\n|\n|t:|1733907067\n|move|p1a: Hypno|Toxic|p2a: Chimecho|[miss]\n|-miss|p1a: Hypno|p2a: Chimecho\n|move|p2a: Chimecho|Calm Mind|p2a: Chimecho\n|-boost|p2a: Chimecho|spa|1\n|-boost|p2a: Chimecho|spd|1\n|\n|-weather|Snow|[upkeep]\n|-heal|p1a: Hypno|315/315 tox|[from] item: Leftovers\n|-heal|p2a: Chimecho|277/290|[from] item: Leftovers\n|-damage|p1a: Hypno|277/315 tox|[from] psn\n|upkeep\n|turn|35\n|\n|t:|1733907076\n|move|p1a: Hypno|Toxic|p2a: Chimecho\n|-status|p2a: Chimecho|tox\n|move|p2a: Chimecho|Calm Mind|p2a: Chimecho\n|-boost|p2a: Chimecho|spa|1\n|-boost|p2a: Chimecho|spd|1\n|\n|-weather|none\n|-heal|p1a: Hypno|296/315 tox|[from] item: Leftovers\n|-heal|p2a: Chimecho|290/290 tox|[from] item: Leftovers\n|-damage|p1a: Hypno|239/315 tox|[from] psn\n|-damage|p2a: Chimecho|272/290 tox|[from] psn\n|upkeep\n|turn|36\n|j| sanylol\n|inactive|lyra_4 has 120 seconds left.\n|\n|t:|1733907103\n|switch|p1a: Alomomola|Alomomola, L87, F|429/429\n|move|p2a: Chimecho|Psychic Noise|p1a: Alomomola\n|-damage|p1a: Alomomola|125/429\n|-start|p1a: Alomomola|move: Heal Block\n|\n|-heal|p2a: Chimecho|290/290 tox|[from] item: Leftovers\n|-damage|p2a: Chimecho|254/290 tox|[from] psn\n|upkeep\n|turn|37\n|inactive|lyra_4 has 120 seconds left.\n|\n|t:|1733907118\n|switch|p1a: Hypno|Hypno, L95, M|239/315 tox\n|move|p2a: Chimecho|Dazzling Gleam|p1a: Hypno\n|-damage|p1a: Hypno|149/315 tox\n|\n|-heal|p1a: Hypno|168/315 tox|[from] item: Leftovers\n|-heal|p2a: Chimecho|272/290 tox|[from] item: Leftovers\n|-damage|p1a: Hypno|149/315 tox|[from] psn\n|-damage|p2a: Chimecho|218/290 tox|[from] psn\n|upkeep\n|turn|38\n|inactive|lyra_4 has 120 seconds left.\n|\n|t:|1733907134\n|move|p1a: Hypno|Protect|p1a: Hypno\n|-singleturn|p1a: Hypno|Protect\n|move|p2a: Chimecho|Psychic Noise|p1a: Hypno\n|-activate|p1a: Hypno|move: Protect\n|\n|-heal|p1a: Hypno|168/315 tox|[from] item: Leftovers\n|-heal|p2a: Chimecho|236/290 tox|[from] item: Leftovers\n|-damage|p1a: Hypno|130/315 tox|[from] psn\n|-damage|p2a: Chimecho|164/290 tox|[from] psn\n|-sideend|p2: Specialdie|move: Aurora Veil\n|upkeep\n|turn|39\n|\n|t:|1733907153\n|move|p1a: Hypno|Psychic Noise|p2a: Chimecho\n|-resisted|p2a: Chimecho\n|-damage|p2a: Chimecho|146/290 tox\n|-start|p2a: Chimecho|move: Heal Block\n|move|p2a: Chimecho|Psychic Noise|p1a: Hypno\n|-resisted|p1a: Hypno\n|-damage|p1a: Hypno|57/315 tox\n|-start|p1a: Hypno|move: Heal Block\n|\n|-damage|p1a: Hypno|0 fnt|[from] psn\n|faint|p1a: Hypno\n|-damage|p2a: Chimecho|56/290 tox|[from] psn\n|upkeep\n|\n|t:|1733907164\n|switch|p1a: Alomomola|Alomomola, L87, F|268/429\n|turn|40\n|\n|t:|1733907168\n|move|p1a: Alomomola|Protect|p1a: Alomomola\n|-singleturn|p1a: Alomomola|Protect\n|move|p2a: Chimecho|Psychic Noise|p1a: Alomomola\n|-activate|p1a: Alomomola|move: Protect\n|\n|-damage|p2a: Chimecho|0 fnt|[from] psn\n|faint|p2a: Chimecho\n|upkeep\n|\n|t:|1733907172\n|switch|p2a: Abomasnow|Abomasnow, L85, F|69/291\n|-weather|Snow|[from] ability: Snow Warning|[of] p2a: Abomasnow\n|turn|41\n|inactive|lyra_4 has 120 seconds left.\n|\n|t:|1733907184\n|move|p1a: Alomomola|Wish|p1a: Alomomola\n|move|p2a: Abomasnow|Aurora Veil|p2a: Abomasnow\n|-sidestart|p2: Specialdie|move: Aurora Veil\n|\n|-weather|Snow|[upkeep]\n|upkeep\n|turn|42\n|inactive|lyra_4 has 120 seconds left.\n|\n|t:|1733907191\n|switch|p2a: Sawsbuck|Sawsbuck-Winter, L88, F|284/284\n|move|p1a: Alomomola|Flip Turn|p2a: Sawsbuck\n|-resisted|p2a: Sawsbuck\n|-damage|p2a: Sawsbuck|269/284\n|inactive|lyra_4 has 120 seconds left.\n|\n|t:|1733907202\n|switch|p1a: Regirock|Regirock, L83|62/268 tox|[from] Flip Turn\n|\n|-weather|Snow|[upkeep]\n|-heal|p1a: Regirock|268/268 tox|[from] move: Wish|[wisher] Alomomola\n|-damage|p1a: Regirock|252/268 tox|[from] psn\n|upkeep\n|turn|43\n|inactive|lyra_4 has 120 seconds left.\n|\n|t:|1733907235\n|-terastallize|p1a: Regirock|Fighting\n|move|p2a: Sawsbuck|Swords Dance|p2a: Sawsbuck\n|-boost|p2a: Sawsbuck|atk|2\n|move|p1a: Regirock|Curse|p1a: Regirock\n|-unboost|p1a: Regirock|spe|1\n|-boost|p1a: Regirock|atk|1\n|-boost|p1a: Regirock|def|1\n|\n|-weather|Snow|[upkeep]\n|-damage|p1a: Regirock|220/268 tox|[from] psn\n|upkeep\n|turn|44\n|inactive|lyra_4 has 90 seconds left.\n|inactive|Specialdie has 120 seconds left.\n|inactive|Specialdie has 90 seconds left.\n|\n|t:|1733907318\n|-terastallize|p2a: Sawsbuck|Ground\n|move|p2a: Sawsbuck|High Horsepower|p1a: Regirock\n|-crit|p1a: Regirock\n|-damage|p1a: Regirock|8/268 tox\n|-damage|p2a: Sawsbuck|241/284|[from] item: Life Orb\n|move|p1a: Regirock|Rest|p1a: Regirock\n|-status|p1a: Regirock|slp|[from] move: Rest\n|-heal|p1a: Regirock|268/268 slp|[silent]\n|-enditem|p1a: Regirock|Chesto Berry|[eat]\n|-curestatus|p1a: Regirock|slp|[msg]\n|\n|-weather|Snow|[upkeep]\n|upkeep\n|turn|45\n|inactive|lyra_4 has 60 seconds left.\n|inactive|Specialdie has 60 seconds left.\n|\n|t:|1733907347\n|move|p2a: Sawsbuck|Swords Dance|p2a: Sawsbuck\n|-boost|p2a: Sawsbuck|atk|2\n|move|p1a: Regirock|Curse|p1a: Regirock\n|-unboost|p1a: Regirock|spe|1\n|-boost|p1a: Regirock|atk|1\n|-boost|p1a: Regirock|def|1\n|\n|-weather|none\n|upkeep\n|turn|46\n|inactive|lyra_4 has 60 seconds left.\n|inactive|Specialdie has 60 seconds left.\n|\n|t:|1733907376\n|move|p2a: Sawsbuck|Double-Edge|p1a: Regirock\n|-damage|p1a: Regirock|134/268\n|-damage|p2a: Sawsbuck|197/284|[from] Recoil\n|-damage|p2a: Sawsbuck|169/284|[from] item: Life Orb\n|move|p1a: Regirock|Curse|p1a: Regirock\n|-unboost|p1a: Regirock|spe|1\n|-boost|p1a: Regirock|atk|1\n|-boost|p1a: Regirock|def|1\n|\n|upkeep\n|turn|47\n|inactive|lyra_4 has 30 seconds left.\n|inactive|lyra_4 has 20 seconds left.\n|\n|t:|1733907408\n|move|p2a: Sawsbuck|Swords Dance|p2a: Sawsbuck\n|-boost|p2a: Sawsbuck|atk|2\n|move|p1a: Regirock|Rest|p1a: Regirock\n|-status|p1a: Regirock|slp|[from] move: Rest\n|-heal|p1a: Regirock|268/268 slp|[silent]\n|\n|upkeep\n|turn|48\n|inactive|lyra_4 has 30 seconds left this turn.\n|inactive|lyra_4 has 20 seconds left.\n|inactive|lyra_4 has 15 seconds left.\n|inactive|lyra_4 has 10 seconds left.\n|\n|t:|1733907430\n|switch|p1a: Alomomola|Alomomola, L87, F|411/429\n|move|p2a: Sawsbuck|Double-Edge|p1a: Alomomola\n|-damage|p1a: Alomomola|0 fnt\n|faint|p1a: Alomomola\n|-damage|p2a: Sawsbuck|33/284|[from] Recoil\n|-damage|p2a: Sawsbuck|5/284|[from] item: Life Orb\n|\n|-sideend|p2: Specialdie|move: Aurora Veil\n|upkeep\n|inactive|lyra_4 has 15 seconds left this turn.\n|\n|t:|1733907433\n|switch|p1a: Whimsicott|Whimsicott, L85, M|241/241\n|turn|49\n|inactive|lyra_4 has 25 seconds left this turn.\n|inactive|Specialdie has 60 seconds left.\n|\n|t:|1733907448\n|switch|p2a: Abomasnow|Abomasnow, L85, F|69/291\n|-weather|Snow|[from] ability: Snow Warning|[of] p2a: Abomasnow\n|move|p1a: Whimsicott|U-turn|p2a: Abomasnow\n|-supereffective|p2a: Abomasnow\n|-damage|p2a: Abomasnow|9/291\n|inactive|lyra_4 has 30 seconds left this turn.\n|\n|t:|1733907451\n|switch|p1a: Regirock|Regirock, L83, tera:Fighting|268/268 slp|[from] U-turn\n|\n|-weather|Snow|[upkeep]\n|upkeep\n|turn|50\n|inactive|lyra_4 has 30 seconds left.\n|inactive|Specialdie has 60 seconds left.\n|\n|t:|1733907475\n|move|p2a: Abomasnow|Blizzard|p1a: Regirock\n|-crit|p1a: Regirock\n|-damage|p1a: Regirock|109/268 slp\n|cant|p1a: Regirock|slp\n|\n|-weather|Snow|[upkeep]\n|upkeep\n|turn|51\n|inactive|lyra_4 has 30 seconds left.\n|c|\u2606Specialdie|gg\n|inactive|lyra_4 has 20 seconds left.\n|\n|t:|1733907497\n|move|p2a: Abomasnow|Blizzard|p1a: Regirock\n|-damage|p1a: Regirock|10/268 slp\n|cant|p1a: Regirock|slp\n|\n|-weather|Snow|[upkeep]\n|upkeep\n|turn|52\n|inactive|lyra_4 has 30 seconds left this turn.\n|c|\u2606Specialdie|need first turn wake up\n|inactive|lyra_4 has 20 seconds left.\n|\n|t:|1733907511\n|move|p2a: Abomasnow|Blizzard|p1a: Regirock\n|-damage|p1a: Regirock|0 fnt\n|faint|p1a: Regirock\n|\n|-weather|Snow|[upkeep]\n|upkeep\n|inactive|lyra_4 has 25 seconds left this turn.\n|\n|t:|1733907513\n|switch|p1a: Whimsicott|Whimsicott, L85, M|241/241\n|turn|53\n|inactive|lyra_4 has 30 seconds left.\n|\n|t:|1733907530\n|switch|p2a: Sawsbuck|Sawsbuck-Winter, L88, F, tera:Ground|5/284\n|move|p1a: Whimsicott|Moonblast|p2a: Sawsbuck\n|-damage|p2a: Sawsbuck|0 fnt\n|faint|p2a: Sawsbuck\n|\n|-weather|none\n|upkeep\n|inactive|lyra_4 has 30 seconds left this turn.\n|\n|t:|1733907534\n|switch|p2a: Abomasnow|Abomasnow, L85, F|9/291\n|-weather|Snow|[from] ability: Snow Warning|[of] p2a: Abomasnow\n|turn|54\n|\n|t:|1733907540\n|move|p2a: Abomasnow|Ice Shard|p1a: Whimsicott\n|-supereffective|p1a: Whimsicott\n|-damage|p1a: Whimsicott|155/241\n|move|p1a: Whimsicott|Moonblast|p2a: Abomasnow\n|-damage|p2a: Abomasnow|0 fnt\n|faint|p2a: Abomasnow\n|\n|-weather|Snow|[upkeep]\n|upkeep\n|\n|t:|1733907546\n|switch|p2a: Beartic|Beartic, L91, F|321/321\n|turn|55\n|\n|t:|1733907549\n|move|p1a: Whimsicott|Stun Spore|p2a: Beartic\n|-status|p2a: Beartic|par\n|cant|p2a: Beartic|par\n|\n|-weather|Snow|[upkeep]\n|upkeep\n|turn|56\n|\n|t:|1733907557\n|move|p1a: Whimsicott|Moonblast|p2a: Beartic\n|-damage|p2a: Beartic|228/321 par\n|-unboost|p2a: Beartic|spa|1\n|move|p2a: Beartic|Icicle Crash|p1a: Whimsicott\n|-supereffective|p1a: Whimsicott\n|-damage|p1a: Whimsicott|0 fnt\n|faint|p1a: Whimsicott\n|\n|win|Specialdie\n|raw|lyra_4's rating: 1934 &rarr; <strong>1914</strong><br />(-20 for losing)\n|raw|Specialdie's rating: 1930 &rarr; <strong>1950</strong><br />(+20 for winning)\n|l|\u2606Specialdie\n|player|p2|\n", "inputlog": ">version bfd83cad13791eb5a5a409923076391caf6fb4d4\n>start {\"formatid\":\"gen9randombattle\",\"seed\":[60432,44810,30217,48752],\"rated\":\"Rated battle\"}\n>player p1 {\"name\":\"lyra_4\",\"avatar\":\"policeman-gen4\",\"rating\":1934,\"seed\":[19687,45853,31559,22297]}\n>player p2 {\"name\":\"Specialdie\",\"avatar\":\"veteran\",\"rating\":1930,\"seed\":[56500,26660,11251,61656]}\n>p1 move closecombat\n>p2 switch 3\n>p1 switch 5\n>p2 move toxic\n>p1 move toxic\n>p2 switch 6\n>p1 switch 3\n>p2 move gunkshot\n>p1 move highhorsepower\n>p2 switch 5\n>p1 move swordsdance\n>p2 move auroraveil\n>p1 move heavyslam\n>p2 move earthquake\n>p1 switch 6\n>p1 move wish\n>p2 move blizzard\n>p1 move flipturn\n>p2 switch 5\n>p1 switch 5\n>p1 move bulkup\n>p2 switch 6\n>p1 switch 3\n>p2 move sludgebomb\n>p1 switch 5\n>p2 switch 6\n>p1 move flipturn\n>p2 move swordsdance\n>p1 switch 3\n>p1 move liquidation\n>p2 move gunkshot\n>p1 move liquidation\n>p2 switch 6\n>p1 switch 5\n>p1 move focusblast\n>p2 switch 6\n>p1 switch 3\n>p2 move crunch\n>p1 move wish\n>p2 move gunkshot\n>p1 move protect\n>p2 move gunkshot\n>p1 move scald\n>p2 switch 6\n>p1 move protect\n>p2 move sludgebomb\n>p1 move wish\n>p2 move sludgebomb\n>p1 switch 3\n>p2 move toxic\n>p1 move psychicnoise\n>p2 switch 6\n>p1 move focusblast\n>p2 move swordsdance\n>p2 switch 5\n>p1 move psychicnoise\n>p2 switch 6\n>p1 move psychicnoise\n>p2 switch 4\n>p1 switch 3\n>p2 switch 4\n>p1 switch 2\n>p2 move toxic\n>p1 move stoneedge\n>p2 move surf\n>p2 switch 6\n>p1 switch 2\n>p2 move auroraveil\n>p1 move wish\n>p2 switch 4\n>p1 move flipturn\n>p2 move psychicnoise\n>p1 switch 3\n>p1 move toxic\n>p2 move calmmind\n>p1 move toxic\n>p2 move calmmind\n>p1 switch 3\n>p2 move psychicnoise\n>p1 switch 3\n>p2 move dazzlinggleam\n>p1 move protect\n>p2 move psychicnoise\n>p1 move psychicnoise\n>p2 move psychicnoise\n>p1 switch 3\n>p1 move protect\n>p2 move psychicnoise\n>p2 switch 4\n>p1 move wish\n>p2 move auroraveil\n>p1 move flipturn\n>p2 switch 2\n>p1 switch 2\n>p1 move curse terastallize\n>p2 move swordsdance\n>p1 move rest\n>p2 move highhorsepower terastallize\n>p1 move curse\n>p2 move swordsdance\n>p1 move curse\n>p2 move doubleedge\n>p1 move rest\n>p2 move swordsdance\n>p1 switch 2\n>p2 move doubleedge\n>p1 switch 4\n>p1 move uturn\n>p2 switch 2\n>p1 switch 2\n>p1 move bodypress\n>p2 move blizzard\n>chat \u2606Specialdie|gg\n>p1 move rest\n>p2 move blizzard\n>chat \u2606Specialdie|need first turn wake up\n>p1 move bodypress\n>p2 move blizzard\n>p1 switch 2\n>p1 move moonblast\n>p2 switch 2\n>p2 switch 2\n>p1 move moonblast\n>p2 move iceshard\n>p2 switch 3\n>p1 move stunspore\n>p2 move iciclecrash\n>p1 move moonblast\n>p2 move iciclecrash", "uploadtime": 1733907687, "views": 11, "formatid": "gen9randombattle", "rating": 1914, "private": 0, "password": null}