{"id": "gen9randombattle-2260273521", "format": "[Gen 9] Random Battle", "players": ["ppeh83983", "bbbbbjjjj"], "log": "|j|\u2606ppeh83983\n|j|\u2606bbbbbjjjj\n|t:|1733833429\n|gametype|singles\n|player|p1|ppeh83983|169|1011\n|player|p2|bbbbbjjjj|169|1000\n|teamsize|p1|6\n|teamsize|p2|6\n|gen|9\n|tier|[Gen 9] Random Battle\n|rated|\n|rule|Species Clause: Limit one of each Pok\u00e9mon\n|rule|HP Percentage Mod: HP is shown in percentages\n|rule|Sleep Clause Mod: Limit one foe put to sleep\n|rule|Illusion Level Mod: Illusion disguises the Pok\u00e9mon's true level\n|\n|t:|1733833429\n|start\n|switch|p1a: Cloyster|Cloyster, L80, M|211/211\n|switch|p2a: Reshiram|Reshiram, L76|277/277\n|-ability|p2a: Reshiram|Turboblaze\n|turn|1\n|inactive|Battle timer is ON: inactive players will automatically lose when time's up. (requested by bbbbbjjjj)\n|\n|t:|1733833448\n|move|p2a: Reshiram|Stone Edge|p1a: Cloyster|[miss]\n|-miss|p2a: Reshiram|p1a: Cloyster\n|move|p1a: Cloyster|Shell Smash|p1a: Cloyster\n|-unboost|p1a: Cloyster|def|1\n|-unboost|p1a: Cloyster|spd|1\n|-boost|p1a: Cloyster|atk|2\n|-boost|p1a: Cloyster|spa|2\n|-boost|p1a: Cloyster|spe|2\n|-enditem|p1a: Cloyster|White Herb\n|-clearnegativeboost|p1a: Cloyster|[silent]\n|\n|upkeep\n|turn|2\n|\n|t:|1733833461\n|move|p1a: Cloyster|Icicle Spear|p2a: Reshiram\n|-damage|p2a: Reshiram|225/277\n|-crit|p2a: Reshiram\n|-damage|p2a: Reshiram|150/277\n|-damage|p2a: Reshiram|99/277\n|-damage|p2a: Reshiram|48/277\n|-damage|p2a: Reshiram|0 fnt\n|faint|p2a: Reshiram\n|-hitcount|p2: Reshiram|5\n|\n|upkeep\n|\n|t:|1733833475\n|switch|p2a: Arbok|Arbok, L87, M|246/246\n|-ability|p2a: Arbok|Intimidate|boost\n|-unboost|p1a: Cloyster|atk|1\n|turn|3\n|\n|t:|1733833481\n|move|p1a: Cloyster|Icicle Spear|p2a: Arbok\n|-damage|p2a: Arbok|203/246\n|-damage|p2a: Arbok|158/246\n|-damage|p2a: Arbok|119/246\n|-damage|p2a: Arbok|80/246\n|-damage|p2a: Arbok|41/246\n|-hitcount|p2a: Arbok|5\n|move|p2a: Arbok|Toxic Spikes|p1a: Cloyster\n|-sidestart|p1: ppeh83983|move: Toxic Spikes\n|\n|upkeep\n|turn|4\n|\n|t:|1733833491\n|move|p2a: Arbok|Sucker Punch|p1a: Cloyster\n|-damage|p1a: Cloyster|173/211\n|-damage|p2a: Arbok|17/246|[from] item: Life Orb\n|move|p1a: Cloyster|Icicle Spear|p2a: Arbok\n|-damage|p2a: Arbok|0 fnt\n|faint|p2a: Arbok\n|-hitcount|p2: Arbok|1\n|\n|upkeep\n|\n|t:|1733833502\n|switch|p2a: Blissey|Blissey, L84, F|566/566\n|turn|5\n|\n|t:|1733833506\n|move|p1a: Cloyster|Shell Smash|p1a: Cloyster\n|-unboost|p1a: Cloyster|def|1\n|-unboost|p1a: Cloyster|spd|1\n|-boost|p1a: Cloyster|atk|2\n|-boost|p1a: Cloyster|spa|2\n|-boost|p1a: Cloyster|spe|2\n|move|p2a: Blissey|Thunder Wave|p1a: Cloyster\n|-status|p1a: Cloyster|par\n|\n|upkeep\n|turn|6\n|\n|t:|1733833519\n|cant|p1a: Cloyster|par\n|move|p2a: Blissey|Seismic Toss|p1a: Cloyster\n|-damage|p1a: Cloyster|89/211 par\n|\n|upkeep\n|turn|7\n|\n|t:|1733833527\n|move|p1a: Cloyster|Icicle Spear|p2a: Blissey\n|-damage|p2a: Blissey|386/566\n|-damage|p2a: Blissey|196/566\n|-damage|p2a: Blissey|10/566\n|-damage|p2a: Blissey|0 fnt\n|faint|p2a: Blissey\n|-hitcount|p2: Blissey|4\n|\n|upkeep\n|\n|t:|1733833539\n|switch|p2a: Malamar|Malamar, L82, M|275/275\n|turn|8\n|\n|t:|1733833544\n|move|p1a: Cloyster|Icicle Spear|p2a: Malamar\n|-damage|p2a: Malamar|212/275\n|-damage|p2a: Malamar|154/275\n|-crit|p2a: Malamar\n|-damage|p2a: Malamar|58/275\n|-damage|p2a: Malamar|0 fnt\n|faint|p2a: Malamar\n|-hitcount|p2: Malamar|4\n|\n|upkeep\n|-message|bbbbbjjjj forfeited.\n|\n|win|ppeh83983\n|raw|ppeh83983's rating: 1011 &rarr; <strong>1048</strong><br />(+37 for winning)\n|raw|bbbbbjjjj's rating: 1000 &rarr; <strong>1000</strong><br />(+0 for losing)\n|l|\u2606bbbbbjjjj\n|player|p2|\n", "inputlog": ">version bfd83cad13791eb5a5a409923076391caf6fb4d4\n>start {\"formatid\":\"gen9randombattle\",\"seed\":[36726,56321,26244,65494],\"rated\":\"Rated battle\"}\n>player p1 {\"name\":\"ppeh83983\",\"avatar\":\"169\",\"rating\":1011,\"seed\":[9366,41493,8386,2847]}\n>player p2 {\"name\":\"bbbbbjjjj\",\"avatar\":\"169\",\"rating\":1000,\"seed\":[16062,42358,58470,64195]}\n>p1 move shellsmash\n>p2 move stoneedge\n>p1 move iciclespear\n>p2 move stoneedge\n>p2 switch 4\n>p1 move iciclespear\n>p2 move toxicspikes\n>p1 move iciclespear\n>p2 move suckerpunch\n>p2 switch 6\n>p1 move shellsmash\n>p2 move thunderwave\n>p1 move iciclespear\n>p2 move seismictoss\n>p1 move iciclespear\n>p2 move seismictoss\n>p2 switch 3\n>p1 move iciclespear\n>p2 move superpower\n>forcelose p2", "uploadtime": 1733833590, "views": 1, "formatid": "gen9randombattle", "rating": 1000, "private": 0, "password": null}