{"id": "gen9randombattle-2260302876", "format": "[Gen 9] Random Battle", "players": ["Lotusrandoms", "Adi1ce."], "log": "|j|\u2606Lotusrandoms\n|j|\u2606Adi1ce.\n|t:|1733837435\n|gametype|singles\n|player|p1|Lotusrandoms|veteran|1181\n|player|p2|Adi1ce.|265|1136\n|teamsize|p1|6\n|teamsize|p2|6\n|gen|9\n|tier|[Gen 9] Random Battle\n|rated|\n|rule|Species Clause: Limit one of each Pok\u00e9mon\n|rule|HP Percentage Mod: HP is shown in percentages\n|rule|Sleep Clause Mod: Limit one foe put to sleep\n|rule|Illusion Level Mod: Illusion disguises the Pok\u00e9mon's true level\n|\n|t:|1733837435\n|start\n|switch|p1a: Decidueye|Decidueye, L88, F|281/281\n|switch|p2a: Toxapex|Toxapex, L82, F|216/216\n|turn|1\n|inactive|Battle timer is ON: inactive players will automatically lose when time's up. (requested by Lotusrandoms)\n|c|\u2606Adi1ce.|hi\n|\n|t:|1733837453\n|move|p1a: Decidueye|Swords Dance|p1a: Decidueye\n|-boost|p1a: Decidueye|atk|2\n|move|p2a: Toxapex|Toxic Spikes|p1a: Decidueye\n|-sidestart|p1: Lotusrandoms|move: Toxic Spikes\n|\n|upkeep\n|turn|2\n|\n|t:|1733837465\n|switch|p2a: Volcarona|Volcarona, L77, M|257/257\n|move|p1a: Decidueye|Poltergeist|p2a: Volcarona\n|-activate|p2a: Volcarona|move: Poltergeist|Heavy-Duty Boots\n|-damage|p2a: Volcarona|0 fnt\n|faint|p2a: Volcarona\n|-damage|p1a: Decidueye|253/281|[from] item: Life Orb\n|\n|upkeep\n|\n|t:|1733837479\n|switch|p2a: Enamorus|Enamorus, L79, F|247/247\n|turn|3\n|\n|t:|1733837488\n|move|p2a: Enamorus|Moonblast|p1a: Decidueye\n|-damage|p1a: Decidueye|145/281\n|-unboost|p1a: Decidueye|spa|1\n|move|p1a: Decidueye|Poltergeist|p2a: Enamorus\n|-activate|p2a: Enamorus|move: Poltergeist|Leftovers\n|-damage|p2a: Enamorus|0 fnt\n|faint|p2a: Enamorus\n|-damage|p1a: Decidueye|117/281|[from] item: Life Orb\n|\n|upkeep\n|\n|t:|1733837499\n|switch|p2a: Toxapex|Toxapex, L82, F|216/216\n|turn|4\n|\n|t:|1733837507\n|move|p1a: Decidueye|Poltergeist|p2a: Toxapex\n|-activate|p2a: Toxapex|move: Poltergeist|Leftovers\n|-damage|p2a: Toxapex|0 fnt\n|faint|p2a: Toxapex\n|-damage|p1a: Decidueye|89/281|[from] item: Life Orb\n|\n|upkeep\n|\n|t:|1733837514\n|switch|p2a: Arbok|Arbok, L87, M|246/246\n|-ability|p2a: Arbok|Intimidate|boost\n|-unboost|p1a: Decidueye|atk|1\n|turn|5\n|\n|t:|1733837525\n|move|p2a: Arbok|Gunk Shot|p1a: Decidueye|[miss]\n|-miss|p2a: Arbok|p1a: Decidueye\n|move|p1a: Decidueye|Poltergeist|p2a: Arbok\n|-activate|p2a: Arbok|move: Poltergeist|Leftovers\n|-damage|p2a: Arbok|0 fnt\n|faint|p2a: Arbok\n|-damage|p1a: Decidueye|61/281|[from] item: Life Orb\n|\n|upkeep\n|\n|t:|1733837534\n|switch|p2a: Regieleki|Regieleki, L79|256/256\n|turn|6\n|\n|t:|1733837545\n|move|p1a: Decidueye|Shadow Sneak|p2a: Regieleki\n|-damage|p2a: Regieleki|100/256\n|-damage|p1a: Decidueye|33/281|[from] item: Life Orb\n|move|p2a: Regieleki|Thunderbolt|p1a: Decidueye\n|-resisted|p1a: Decidueye\n|-damage|p1a: Decidueye|0 fnt\n|faint|p1a: Decidueye\n|\n|upkeep\n|\n|t:|1733837549\n|switch|p1a: Overqwil|Overqwil, L82, M|274/274\n|-sideend|p1: Lotusrandoms|move: Toxic Spikes|[of] p1a: Overqwil\n|-ability|p1a: Overqwil|Intimidate|boost\n|-unboost|p2a: Regieleki|atk|1\n|turn|7\n|\n|t:|1733837560\n|move|p2a: Regieleki|Thunderbolt|p1a: Overqwil\n|-damage|p1a: Overqwil|96/274\n|move|p1a: Overqwil|Crunch|p2a: Regieleki\n|-damage|p2a: Regieleki|0 fnt\n|faint|p2a: Regieleki\n|-damage|p1a: Overqwil|69/274|[from] item: Life Orb\n|\n|upkeep\n|\n|t:|1733837567\n|switch|p2a: Landorus|Landorus, L75, M|257/257\n|turn|8\n|\n|t:|1733837576\n|move|p2a: Landorus|Earth Power|p1a: Overqwil\n|-supereffective|p1a: Overqwil\n|-damage|p1a: Overqwil|0 fnt\n|faint|p1a: Overqwil\n|\n|upkeep\n|\n|t:|1733837591\n|switch|p1a: Leafeon|Leafeon, L88, F|258/258\n|turn|9\n|\n|t:|1733837608\n|-terastallize|p1a: Leafeon|Normal\n|move|p1a: Leafeon|Double-Edge|p2a: Landorus\n|-damage|p2a: Landorus|35/257\n|-damage|p1a: Leafeon|185/258|[from] Recoil\n|-damage|p1a: Leafeon|160/258|[from] item: Life Orb\n|move|p2a: Landorus|Rock Slide|p1a: Leafeon\n|-damage|p1a: Leafeon|95/258\n|\n|upkeep\n|turn|10\n|\n|t:|1733837620\n|move|p1a: Leafeon|Double-Edge|p2a: Landorus\n|-damage|p2a: Landorus|0 fnt\n|faint|p2a: Landorus\n|-damage|p1a: Leafeon|83/258|[from] Recoil\n|-damage|p1a: Leafeon|58/258|[from] item: Life Orb\n|\n|win|Lotusrandoms\n|raw|Lotusrandoms's rating: 1181 &rarr; <strong>1203</strong><br />(+22 for winning)\n|raw|Adi1ce.'s rating: 1136 &rarr; <strong>1114</strong><br />(-22 for losing)\n", "inputlog": ">version bfd83cad13791eb5a5a409923076391caf6fb4d4\n>start {\"formatid\":\"gen9randombattle\",\"seed\":[16874,10164,31865,43971],\"rated\":\"Rated battle\"}\n>player p1 {\"name\":\"Lotusrandoms\",\"avatar\":\"veteran\",\"rating\":1181,\"seed\":[8821,27040,9822,6271]}\n>player p2 {\"name\":\"Adi1ce.\",\"avatar\":\"265\",\"rating\":1136,\"seed\":[8355,58929,24877,35262]}\n>chat \u2606Adi1ce.|hi\n>p1 move swordsdance\n>p2 move toxicspikes\n>p1 move poltergeist\n>p2 switch 5\n>p2 switch 6\n>p1 move poltergeist\n>p2 move moonblast\n>p2 switch 5\n>p1 move poltergeist\n>p2 move haze\n>p2 switch 4\n>p1 move poltergeist\n>p2 move gunkshot\n>p2 switch 2\n>p1 move shadowsneak\n>p2 move thunderbolt\n>p1 switch 6\n>p1 move crunch\n>p2 move thunderbolt\n>p2 switch 3\n>p1 move liquidation\n>p2 move earthpower\n>p1 switch 2\n>p1 move doubleedge terastallize\n>p2 move rockslide\n>p1 move doubleedge\n>p2 move focusblast", "uploadtime": 1733837628, "views": 7, "formatid": "gen9randombattle", "rating": 1114, "private": 0, "password": null}