{"id": "gen9randombattle-2200317396", "format": "[Gen 9] Random Battle", "players": ["Bomby23", "RBLT drifttrick"], "log": "|badge|p2|bronze|gen9randombattle|100-2\n|uhtml|medal-msg|<div class=\"broadcast-blue\">Curious what those medals under the avatar are? PS now has Ladder Seasons! For more information, check out the <a href=\"https://www.smogon.com/forums/threads/3740067/\">thread on Smogon.</a></div>\n|j|\u2606Bomby23\n|j|\u2606RBLT drifttrick\n|t:|1726173566\n|gametype|singles\n|player|p1|Bomby23|169|2191\n|player|p2|RBLT drifttrick|teamrocket|2297\n|teamsize|p1|6\n|teamsize|p2|6\n|gen|9\n|tier|[Gen 9] Random Battle\n|rated|\n|rule|Species Clause: Limit one of each Pok\u00e9mon\n|rule|HP Percentage Mod: HP is shown in percentages\n|rule|Sleep Clause Mod: Limit one foe put to sleep\n|rule|Illusion Level Mod: Illusion disguises the Pok\u00e9mon's true level\n|\n|t:|1726173566\n|start\n|switch|p1a: Luvdisc|Luvdisc, F|247/247\n|switch|p2a: Azelf|Azelf, L82|257/257\n|turn|1\n|inactive|Battle timer is ON: inactive players will automatically lose when time's up. (requested by RBLT drifttrick)\n|inactive|RBLT drifttrick has 120 seconds left.\n|inactive|RBLT drifttrick has 90 seconds left.\n|inactive|RBLT drifttrick has 60 seconds left.\n|\n|t:|1726173659\n|move|p1a: Luvdisc|Substitute|p1a: Luvdisc\n|-start|p1a: Luvdisc|Substitute\n|-damage|p1a: Luvdisc|186/247\n|move|p2a: Azelf|Thunderbolt|p1a: Luvdisc\n|-supereffective|p1a: Luvdisc\n|-crit|p1a: Luvdisc\n|-end|p1a: Luvdisc|Substitute\n|\n|upkeep\n|turn|2\n|\n|t:|1726173662\n|move|p1a: Luvdisc|Substitute|p1a: Luvdisc\n|-start|p1a: Luvdisc|Substitute\n|-damage|p1a: Luvdisc|125/247\n|move|p2a: Azelf|Thunderbolt|p1a: Luvdisc\n|-supereffective|p1a: Luvdisc\n|-end|p1a: Luvdisc|Substitute\n|\n|upkeep\n|turn|3\n|\n|t:|1726173664\n|move|p1a: Luvdisc|Substitute|p1a: Luvdisc\n|-start|p1a: Luvdisc|Substitute\n|-damage|p1a: Luvdisc|64/247\n|move|p2a: Azelf|Thunderbolt|p1a: Luvdisc\n|-supereffective|p1a: Luvdisc\n|-end|p1a: Luvdisc|Substitute\n|\n|upkeep\n|turn|4\n|\n|t:|1726173668\n|move|p1a: Luvdisc|Substitute|p1a: Luvdisc\n|-start|p1a: Luvdisc|Substitute\n|-damage|p1a: Luvdisc|3/247\n|move|p2a: Azelf|Thunderbolt|p1a: Luvdisc\n|-supereffective|p1a: Luvdisc\n|-end|p1a: Luvdisc|Substitute\n|\n|upkeep\n|turn|5\n|\n|t:|1726173670\n|switch|p2a: Polteageist|Polteageist, L79|224/224\n|move|p1a: Luvdisc|Endeavor|p2a: Polteageist\n|-immune|p2a: Polteageist\n|\n|upkeep\n|turn|6\n|\n|t:|1726173678\n|switch|p1a: Maushold|Maushold-Four, L76|238/238\n|move|p2a: Polteageist|Shell Smash|p2a: Polteageist\n|-unboost|p2a: Polteageist|def|1\n|-unboost|p2a: Polteageist|spd|1\n|-boost|p2a: Polteageist|atk|2\n|-boost|p2a: Polteageist|spa|2\n|-boost|p2a: Polteageist|spe|2\n|-enditem|p2a: Polteageist|White Herb\n|-clearnegativeboost|p2a: Polteageist|[silent]\n|\n|upkeep\n|turn|7\n|\n|t:|1726173691\n|switch|p1a: Houndstone|Houndstone, L86, M|264/264\n|move|p2a: Polteageist|Stored Power|p1a: Houndstone\n|-damage|p1a: Houndstone|72/264\n|\n|-heal|p1a: Houndstone|88/264|[from] item: Leftovers\n|upkeep\n|turn|8\n|\n|t:|1726173702\n|move|p2a: Polteageist|Shadow Ball|p1a: Houndstone\n|-supereffective|p1a: Houndstone\n|-crit|p1a: Houndstone\n|-damage|p1a: Houndstone|0 fnt\n|faint|p1a: Houndstone\n|\n|upkeep\n|\n|t:|1726173706\n|switch|p1a: Rampardos|Rampardos, L90, M|321/321\n|turn|9\n|inactive|RBLT drifttrick has 120 seconds left.\n|\n|t:|1726173736\n|-terastallize|p2a: Polteageist|Psychic\n|move|p2a: Polteageist|Stored Power|p1a: Rampardos\n|-damage|p1a: Rampardos|0 fnt\n|faint|p1a: Rampardos\n|\n|upkeep\n|\n|t:|1726173744\n|switch|p1a: Okidogi|Okidogi, L77, M|262/262\n|turn|10\n|inactive|RBLT drifttrick has 120 seconds left.\n|\n|t:|1726173789\n|switch|p2a: Sandslash|Sandslash-Alola, L88, M|275/275\n|move|p1a: Okidogi|Knock Off|p2a: Sandslash\n|-damage|p2a: Sandslash|216/275\n|-enditem|p2a: Sandslash|Leftovers|[from] move: Knock Off|[of] p1a: Okidogi\n|\n|upkeep\n|turn|11\n|\n|t:|1726173796\n|move|p1a: Okidogi|Drain Punch|p2a: Sandslash\n|-supereffective|p2a: Sandslash\n|-damage|p2a: Sandslash|0 fnt\n|faint|p2a: Sandslash\n|\n|upkeep\n|\n|t:|1726173798\n|switch|p2a: Tsareena|Tsareena, L87, F, shiny|267/267\n|turn|12\n|\n|t:|1726173806\n|switch|p1a: Swalot|Swalot, L90, F|326/326\n|move|p2a: Tsareena|Knock Off|p1a: Swalot\n|-damage|p1a: Swalot|208/326\n|-enditem|p1a: Swalot|Leftovers|[from] move: Knock Off|[of] p2a: Tsareena\n|-damage|p2a: Tsareena|241/267|[from] item: Life Orb\n|\n|upkeep\n|turn|13\n|\n|t:|1726173812\n|switch|p2a: Azelf|Azelf, L82|257/257\n|move|p1a: Swalot|Gunk Shot|p2a: Azelf\n|-damage|p2a: Azelf|124/257\n|\n|upkeep\n|turn|14\n|\n|t:|1726173826\n|-terastallize|p1a: Swalot|Dark\n|move|p2a: Azelf|Psyshock|p1a: Swalot\n|-immune|p1a: Swalot\n|move|p1a: Swalot|Knock Off|p2a: Azelf\n|-supereffective|p2a: Azelf\n|-damage|p2a: Azelf|0 fnt\n|-enditem|p2a: Azelf|Choice Specs|[from] move: Knock Off|[of] p1a: Swalot\n|faint|p2a: Azelf\n|\n|upkeep\n|inactive|RBLT drifttrick has 120 seconds left.\n|\n|t:|1726173841\n|switch|p2a: Tsareena|Tsareena, L87, F, shiny|241/267\n|turn|15\n|\n|t:|1726173849\n|move|p2a: Tsareena|High Jump Kick|p1a: Swalot\n|-supereffective|p1a: Swalot\n|-damage|p1a: Swalot|0 fnt\n|faint|p1a: Swalot\n|-damage|p2a: Tsareena|215/267|[from] item: Life Orb\n|\n|upkeep\n|\n|t:|1726173853\n|switch|p1a: Luvdisc|Luvdisc, F|3/247\n|turn|16\n|\n|t:|1726173857\n|switch|p2a: Polteageist|Polteageist, L79, tera:Psychic|224/224\n|move|p1a: Luvdisc|Endeavor|p2a: Polteageist\n|-damage|p2a: Polteageist|3/224\n|\n|upkeep\n|turn|17\n|\n|t:|1726173863\n|move|p1a: Luvdisc|Surf|p2a: Polteageist\n|-damage|p2a: Polteageist|0 fnt\n|faint|p2a: Polteageist\n|\n|upkeep\n|\n|t:|1726173872\n|switch|p2a: Tsareena|Tsareena, L87, F, shiny|215/267\n|turn|18\n|\n|t:|1726173874\n|move|p1a: Luvdisc|Endeavor|p2a: Tsareena\n|-damage|p2a: Tsareena|3/267\n|move|p2a: Tsareena|Power Whip|p1a: Luvdisc|[miss]\n|-miss|p2a: Tsareena|p1a: Luvdisc\n|\n|upkeep\n|turn|19\n|\n|t:|1726173878\n|move|p1a: Luvdisc|Surf|p2a: Tsareena\n|-resisted|p2a: Tsareena\n|-damage|p2a: Tsareena|0 fnt\n|faint|p2a: Tsareena\n|\n|upkeep\n|-message|RBLT drifttrick forfeited.\n|\n|win|Bomby23\n|raw|Bomby23's rating: 2191 &rarr; <strong>2217</strong><br />(+26 for winning)\n|raw|RBLT drifttrick's rating: 2297 &rarr; <strong>2271</strong><br />(-26 for losing)\n|l|\u2606RBLT drifttrick\n|player|p2|\n", "inputlog": ">version abcf08933808d3fb39dbc2b54a8665d830b47482\n>start {\"formatid\":\"gen9randombattle\",\"seed\":[10742,14388,26360,27500],\"rated\":\"Rated battle\"}\n>player p1 {\"name\":\"Bomby23\",\"avatar\":\"169\",\"rating\":2191,\"seed\":[11113,7438,14836,44974]}\n>player p2 {\"name\":\"RBLT drifttrick\",\"avatar\":\"teamrocket\",\"rating\":2297,\"seed\":[61961,232,25705,43041]}\n>p1 move substitute\n>p2 move thunderbolt\n>p1 move substitute\n>p2 move thunderbolt\n>p1 move substitute\n>p2 move thunderbolt\n>p1 move substitute\n>p2 move thunderbolt\n>p1 move endeavor\n>p2 switch 3\n>p1 switch 6\n>p2 move shellsmash\n>p1 switch 2\n>p2 move storedpower\n>p1 move poltergeist\n>p2 move shadowball\n>p1 switch 5\n>p1 move headsmash\n>p2 move storedpower terastallize\n>p1 switch 3\n>p1 move knockoff\n>p2 switch 4\n>p1 move drainpunch\n>p2 move earthquake\n>p2 switch 6\n>p1 switch 4\n>p2 move knockoff\n>p1 move gunkshot\n>p2 switch 3\n>p1 move knockoff terastallize\n>p2 move psyshock\n>p2 switch 3\n>p1 move gunkshot\n>p2 move highjumpkick\n>p1 switch 6\n>p1 move endeavor\n>p2 switch 4\n>p1 move surf\n>p2 move storedpower\n>p2 switch 4\n>p1 move endeavor\n>p2 move powerwhip\n>p1 move surf\n>p2 move knockoff\n>forcelose p2", "uploadtime": 1726173895, "views": 101, "formatid": "gen9randombattle", "rating": 2217, "private": 0, "password": null}