{"id": "gen9randombattle-2215997055", "format": "[Gen 9] Random Battle", "players": ["bao2022", "doggoking104"], "log": "|badge|p2|bronze|gen9randombattle|100-3\n|uhtml|medal-msg|<div class=\"broadcast-blue\">Curious what those medals under the avatar are? PS now has Ladder Seasons! For more information, check out the <a href=\"https://www.smogon.com/forums/threads/3740067/\">thread on Smogon.</a></div>\n|j|\u2606bao2022\n|j|\u2606doggoking104\n|t:|1728069202\n|gametype|singles\n|player|p1|bao2022|265|2257\n|player|p2|doggoking104|170|2318\n|teamsize|p1|6\n|teamsize|p2|6\n|gen|9\n|tier|[Gen 9] Random Battle\n|rated|\n|rule|Species Clause: Limit one of each Pok\u00e9mon\n|rule|HP Percentage Mod: HP is shown in percentages\n|rule|Sleep Clause Mod: Limit one foe put to sleep\n|rule|Illusion Level Mod: Illusion disguises the Pok\u00e9mon's true level\n|\n|t:|1728069202\n|start\n|switch|p1a: Noctowl|Noctowl, L95, F|344/344\n|switch|p2a: Mienshao|Mienshao, L83, M|244/244\n|turn|1\n|inactive|Battle timer is ON: inactive players will automatically lose when time's up. (requested by bao2022)\n|\n|t:|1728069209\n|switch|p2a: Ting-Lu|Ting-Lu, L78|370/370\n|-ability|p2a: Ting-Lu|Vessel of Ruin\n|move|p1a: Noctowl|Hurricane|p2a: Ting-Lu\n|-damage|p2a: Ting-Lu|253/370\n|\n|-heal|p2a: Ting-Lu|276/370|[from] item: Leftovers\n|upkeep\n|turn|2\n|j| dumbagainn\n|\n|t:|1728069221\n|switch|p1a: Decidueye|Decidueye, L88, M|281/281\n|move|p2a: Ting-Lu|Stealth Rock|p1a: Decidueye\n|-sidestart|p1: bao2022|move: Stealth Rock\n|\n|-heal|p2a: Ting-Lu|299/370|[from] item: Leftovers\n|upkeep\n|turn|3\n|\n|t:|1728069230\n|switch|p2a: Spidops|Spidops, L96, F|271/271\n|move|p1a: Decidueye|Knock Off|p2a: Spidops\n|-damage|p2a: Spidops|203/271\n|-enditem|p2a: Spidops|Heavy-Duty Boots|[from] move: Knock Off|[of] p1a: Decidueye\n|\n|upkeep\n|turn|4\n|\n|t:|1728069238\n|switch|p1a: Charizard|Charizard, L85, F|271/271\n|move|p2a: Spidops|Knock Off|p1a: Charizard\n|-damage|p1a: Charizard|120/271\n|-enditem|p1a: Charizard|Heavy-Duty Boots|[from] move: Knock Off|[of] p2a: Spidops\n|\n|upkeep\n|turn|5\n|\n|t:|1728069245\n|switch|p2a: Ting-Lu|Ting-Lu, L78|299/370\n|-ability|p2a: Ting-Lu|Vessel of Ruin\n|move|p1a: Charizard|Flare Blitz|p2a: Ting-Lu\n|-damage|p2a: Ting-Lu|196/370\n|-damage|p1a: Charizard|86/271|[from] Recoil\n|\n|-heal|p2a: Ting-Lu|219/370|[from] item: Leftovers\n|upkeep\n|turn|6\n|\n|t:|1728069248\n|move|p1a: Charizard|Dragon Dance|p1a: Charizard\n|-boost|p1a: Charizard|atk|1\n|-boost|p1a: Charizard|spe|1\n|move|p2a: Ting-Lu|Payback|p1a: Charizard\n|-damage|p1a: Charizard|0 fnt\n|faint|p1a: Charizard\n|\n|-heal|p2a: Ting-Lu|242/370|[from] item: Leftovers\n|upkeep\n|\n|t:|1728069253\n|switch|p1a: Snorlax|Snorlax, L82, F|397/397\n|-damage|p1a: Snorlax|348/397|[from] Stealth Rock\n|turn|7\n|\n|t:|1728069260\n|switch|p2a: Mienshao|Mienshao, L83, M|244/244\n|move|p1a: Snorlax|Curse|p1a: Snorlax\n|-unboost|p1a: Snorlax|spe|1\n|-boost|p1a: Snorlax|atk|1\n|-boost|p1a: Snorlax|def|1\n|\n|-heal|p1a: Snorlax|372/397|[from] item: Leftovers\n|upkeep\n|turn|8\n|\n|t:|1728069286\n|-terastallize|p1a: Snorlax|Poison\n|move|p2a: Mienshao|Knock Off|p1a: Snorlax\n|-damage|p1a: Snorlax|289/397\n|-enditem|p1a: Snorlax|Leftovers|[from] move: Knock Off|[of] p2a: Mienshao\n|-damage|p2a: Mienshao|220/244|[from] item: Life Orb\n|move|p1a: Snorlax|Body Slam|p2a: Mienshao\n|-damage|p2a: Mienshao|48/244\n|-status|p2a: Mienshao|par\n|\n|upkeep\n|turn|9\n|\n|t:|1728069298\n|switch|p2a: Ting-Lu|Ting-Lu, L78|242/370\n|-ability|p2a: Ting-Lu|Vessel of Ruin\n|move|p1a: Snorlax|Curse|p1a: Snorlax\n|-unboost|p1a: Snorlax|spe|1\n|-boost|p1a: Snorlax|atk|1\n|-boost|p1a: Snorlax|def|1\n|\n|-heal|p2a: Ting-Lu|265/370|[from] item: Leftovers\n|upkeep\n|turn|10\n|\n|t:|1728069301\n|move|p2a: Ting-Lu|Earthquake|p1a: Snorlax\n|-supereffective|p1a: Snorlax\n|-damage|p1a: Snorlax|145/397\n|move|p1a: Snorlax|Body Slam|p2a: Ting-Lu\n|-damage|p2a: Ting-Lu|111/370\n|-status|p2a: Ting-Lu|par\n|\n|-heal|p2a: Ting-Lu|134/370 par|[from] item: Leftovers\n|upkeep\n|turn|11\n|\n|t:|1728069306\n|cant|p2a: Ting-Lu|par\n|move|p1a: Snorlax|Body Slam|p2a: Ting-Lu\n|-damage|p2a: Ting-Lu|0 fnt\n|faint|p2a: Ting-Lu\n|\n|upkeep\n|\n|t:|1728069318\n|switch|p2a: Espathra|Espathra, L80, F|283/283\n|turn|12\n|\n|t:|1728069323\n|move|p2a: Espathra|Calm Mind|p2a: Espathra\n|-boost|p2a: Espathra|spa|1\n|-boost|p2a: Espathra|spd|1\n|move|p1a: Snorlax|Body Slam|p2a: Espathra\n|-damage|p2a: Espathra|21/283\n|-status|p2a: Espathra|par\n|\n|-heal|p2a: Espathra|38/283 par|[from] item: Leftovers\n|-ability|p2a: Espathra|Speed Boost|boost\n|-boost|p2a: Espathra|spe|1\n|upkeep\n|turn|13\n|\n|t:|1728069333\n|move|p2a: Espathra|Stored Power|p1a: Snorlax\n|-supereffective|p1a: Snorlax\n|-damage|p1a: Snorlax|0 fnt\n|faint|p1a: Snorlax\n|\n|-heal|p2a: Espathra|55/283 par|[from] item: Leftovers\n|-ability|p2a: Espathra|Speed Boost|boost\n|-boost|p2a: Espathra|spe|1\n|upkeep\n|\n|t:|1728069337\n|switch|p1a: Decidueye|Decidueye, L88, M|281/281\n|-damage|p1a: Decidueye|246/281|[from] Stealth Rock\n|turn|14\n|\n|t:|1728069353\n|move|p2a: Espathra|Stored Power|p1a: Decidueye\n|-damage|p1a: Decidueye|152/281\n|move|p1a: Decidueye|Knock Off|p2a: Espathra\n|-supereffective|p2a: Espathra\n|-damage|p2a: Espathra|0 fnt\n|-enditem|p2a: Espathra|Leftovers|[from] move: Knock Off|[of] p1a: Decidueye\n|faint|p2a: Espathra\n|\n|upkeep\n|\n|t:|1728069360\n|switch|p2a: Spidops|Spidops, L96, F|203/271\n|turn|15\n|\n|t:|1728069364\n|move|p1a: Decidueye|Spirit Shackle|p2a: Spidops\n|-damage|p2a: Spidops|124/271\n|-activate|p2a: Spidops|trapped\n|move|p2a: Spidops|Toxic Spikes|p1a: Decidueye\n|-sidestart|p1: bao2022|move: Toxic Spikes\n|\n|upkeep\n|turn|16\n|\n|t:|1728069376\n|move|p1a: Decidueye|Spirit Shackle|p2a: Spidops\n|-damage|p2a: Spidops|39/271\n|move|p2a: Spidops|Knock Off|p1a: Decidueye\n|-supereffective|p1a: Decidueye\n|-damage|p1a: Decidueye|0 fnt\n|-enditem|p1a: Decidueye|Assault Vest|[from] move: Knock Off|[of] p2a: Spidops\n|faint|p1a: Decidueye\n|\n|upkeep\n|\n|t:|1728069379\n|switch|p1a: Noctowl|Noctowl, L95, F|344/344\n|turn|17\n|\n|t:|1728069393\n|move|p1a: Noctowl|Hyper Voice|p2a: Spidops\n|-damage|p2a: Spidops|0 fnt\n|faint|p2a: Spidops\n|\n|upkeep\n|\n|t:|1728069398\n|switch|p2a: Oricorio|Oricorio-Pom-Pom, L82, M|257/257\n|turn|18\n|\n|t:|1728069412\n|switch|p1a: Zekrom|Zekrom, L71|259/259\n|-damage|p1a: Zekrom|227/259|[from] Stealth Rock\n|-status|p1a: Zekrom|psn\n|-ability|p1a: Zekrom|Teravolt\n|move|p2a: Oricorio|Quiver Dance|p2a: Oricorio\n|-boost|p2a: Oricorio|spa|1\n|-boost|p2a: Oricorio|spd|1\n|-boost|p2a: Oricorio|spe|1\n|\n|-heal|p1a: Zekrom|243/259 psn|[from] item: Leftovers\n|-damage|p1a: Zekrom|211/259 psn|[from] psn\n|upkeep\n|turn|19\n|\n|t:|1728069430\n|switch|p1a: Volbeat|Volbeat, L90, M|263/263\n|-terastallize|p2a: Oricorio|Ground\n|move|p2a: Oricorio|Revelation Dance|p1a: Volbeat\n|-resisted|p1a: Volbeat\n|-damage|p1a: Volbeat|194/263\n|\n|upkeep\n|turn|20\n|\n|t:|1728069436\n|move|p1a: Volbeat|Encore|p2a: Oricorio\n|-start|p2a: Oricorio|Encore\n|move|p2a: Oricorio|Revelation Dance|p1a: Volbeat\n|-resisted|p1a: Volbeat\n|-damage|p1a: Volbeat|126/263\n|\n|upkeep\n|turn|21\n|\n|t:|1728069448\n|move|p1a: Volbeat|Roost|p1a: Volbeat\n|-heal|p1a: Volbeat|258/263\n|-singleturn|p1a: Volbeat|move: Roost\n|move|p2a: Oricorio|Revelation Dance|p1a: Volbeat\n|-resisted|p1a: Volbeat\n|-damage|p1a: Volbeat|189/263\n|\n|upkeep\n|turn|22\n|\n|t:|1728069455\n|move|p1a: Volbeat|Thunder Wave|p2a: Oricorio\n|-immune|p2a: Oricorio\n|move|p2a: Oricorio|Revelation Dance|p1a: Volbeat\n|-resisted|p1a: Volbeat\n|-damage|p1a: Volbeat|124/263\n|\n|-end|p2a: Oricorio|Encore\n|upkeep\n|turn|23\n|\n|t:|1728069468\n|move|p1a: Volbeat|Encore|p2a: Oricorio\n|-start|p2a: Oricorio|Encore\n|move|p2a: Oricorio|Revelation Dance|p1a: Volbeat\n|-resisted|p1a: Volbeat\n|-damage|p1a: Volbeat|54/263\n|\n|upkeep\n|turn|24\n|\n|t:|1728069470\n|move|p1a: Volbeat|Roost|p1a: Volbeat\n|-heal|p1a: Volbeat|186/263\n|-singleturn|p1a: Volbeat|move: Roost\n|move|p2a: Oricorio|Revelation Dance|p1a: Volbeat\n|-resisted|p1a: Volbeat\n|-damage|p1a: Volbeat|124/263\n|\n|upkeep\n|turn|25\n|\n|t:|1728069500\n|move|p1a: Volbeat|Roost|p1a: Volbeat\n|-heal|p1a: Volbeat|256/263\n|-singleturn|p1a: Volbeat|move: Roost\n|move|p2a: Oricorio|Revelation Dance|p1a: Volbeat\n|-resisted|p1a: Volbeat\n|-damage|p1a: Volbeat|188/263\n|\n|-end|p2a: Oricorio|Encore\n|upkeep\n|turn|26\n|\n|t:|1728069504\n|move|p1a: Volbeat|Encore|p2a: Oricorio\n|-start|p2a: Oricorio|Encore\n|move|p2a: Oricorio|Revelation Dance|p1a: Volbeat\n|-resisted|p1a: Volbeat\n|-damage|p1a: Volbeat|125/263\n|\n|upkeep\n|turn|27\n|inactive|doggoking104 has 120 seconds left.\n|l| dumbagainn\n|\n|t:|1728069545\n|move|p1a: Volbeat|Roost|p1a: Volbeat\n|-heal|p1a: Volbeat|257/263\n|-singleturn|p1a: Volbeat|move: Roost\n|move|p2a: Oricorio|Revelation Dance|p1a: Volbeat\n|-resisted|p1a: Volbeat\n|-damage|p1a: Volbeat|188/263\n|\n|upkeep\n|turn|28\n|\n|t:|1728069553\n|move|p1a: Volbeat|Roost|p1a: Volbeat\n|-heal|p1a: Volbeat|263/263\n|-singleturn|p1a: Volbeat|move: Roost\n|move|p2a: Oricorio|Revelation Dance|p1a: Volbeat\n|-resisted|p1a: Volbeat\n|-damage|p1a: Volbeat|201/263\n|\n|-end|p2a: Oricorio|Encore\n|upkeep\n|turn|29\n|inactive|doggoking104 has 120 seconds left.\n|\n|t:|1728069578\n|move|p1a: Volbeat|Encore|p2a: Oricorio\n|-start|p2a: Oricorio|Encore\n|move|p2a: Oricorio|Revelation Dance|p1a: Volbeat\n|-resisted|p1a: Volbeat\n|-damage|p1a: Volbeat|141/263\n|\n|upkeep\n|turn|30\n|\n|t:|1728069585\n|move|p2a: Oricorio|Revelation Dance|p1a: Volbeat\n|-resisted|p1a: Volbeat\n|-damage|p1a: Volbeat|72/263\n|move|p1a: Volbeat|U-turn|p2a: Oricorio\n|-damage|p2a: Oricorio|175/257\n|\n|t:|1728069588\n|switch|p1a: Noctowl|Noctowl, L95, F|344/344|[from] U-turn\n|\n|upkeep\n|turn|31\n|inactive|doggoking104 has 120 seconds left.\n|\n|t:|1728069614\n|switch|p2a: Glaceon|Glaceon, L94, F|275/275\n|move|p1a: Noctowl|Calm Mind|p1a: Noctowl\n|-boost|p1a: Noctowl|spa|1\n|-boost|p1a: Noctowl|spd|1\n|\n|upkeep\n|turn|32\n|\n|t:|1728069619\n|move|p1a: Noctowl|Calm Mind|p1a: Noctowl\n|-boost|p1a: Noctowl|spa|1\n|-boost|p1a: Noctowl|spd|1\n|move|p2a: Glaceon|Calm Mind|p2a: Glaceon\n|-boost|p2a: Glaceon|spa|1\n|-boost|p2a: Glaceon|spd|1\n|\n|upkeep\n|turn|33\n|\n|t:|1728069622\n|move|p1a: Noctowl|Calm Mind|p1a: Noctowl\n|-boost|p1a: Noctowl|spa|1\n|-boost|p1a: Noctowl|spd|1\n|move|p2a: Glaceon|Calm Mind|p2a: Glaceon\n|-boost|p2a: Glaceon|spa|1\n|-boost|p2a: Glaceon|spd|1\n|\n|upkeep\n|turn|34\n|inactive|doggoking104 has 120 seconds left.\n|\n|t:|1728069643\n|move|p1a: Noctowl|Hurricane|p2a: Glaceon\n|-damage|p2a: Glaceon|130/275\n|move|p2a: Glaceon|Calm Mind|p2a: Glaceon\n|-boost|p2a: Glaceon|spa|1\n|-boost|p2a: Glaceon|spd|1\n|\n|upkeep\n|turn|35\n|\n|t:|1728069647\n|move|p1a: Noctowl|Hurricane|p2a: Glaceon\n|-damage|p2a: Glaceon|18/275\n|move|p2a: Glaceon|Wish|p2a: Glaceon\n|\n|upkeep\n|turn|36\n|\n|t:|1728069652\n|move|p1a: Noctowl|Calm Mind|p1a: Noctowl\n|-boost|p1a: Noctowl|spa|1\n|-boost|p1a: Noctowl|spd|1\n|move|p2a: Glaceon|Calm Mind|p2a: Glaceon\n|-boost|p2a: Glaceon|spa|1\n|-boost|p2a: Glaceon|spd|1\n|\n|-heal|p2a: Glaceon|155/275|[from] move: Wish|[wisher] Glaceon\n|upkeep\n|turn|37\n|\n|t:|1728069656\n|move|p1a: Noctowl|Hurricane|p2a: Glaceon|[miss]\n|-miss|p1a: Noctowl|p2a: Glaceon\n|move|p2a: Glaceon|Wish|p2a: Glaceon\n|\n|upkeep\n|turn|38\n|\n|t:|1728069659\n|move|p1a: Noctowl|Hurricane|p2a: Glaceon\n|-damage|p2a: Glaceon|49/275\n|move|p2a: Glaceon|Freeze-Dry|p1a: Noctowl\n|-supereffective|p1a: Noctowl\n|-damage|p1a: Noctowl|156/344\n|\n|-heal|p2a: Glaceon|186/275|[from] move: Wish|[wisher] Glaceon\n|upkeep\n|turn|39\n|\n|t:|1728069664\n|move|p1a: Noctowl|Roost|p1a: Noctowl\n|-heal|p1a: Noctowl|328/344\n|-singleturn|p1a: Noctowl|move: Roost\n|move|p2a: Glaceon|Wish|p2a: Glaceon\n|\n|upkeep\n|turn|40\n|\n|t:|1728069667\n|move|p1a: Noctowl|Hurricane|p2a: Glaceon\n|-damage|p2a: Glaceon|60/275\n|move|p2a: Glaceon|Calm Mind|p2a: Glaceon\n|-boost|p2a: Glaceon|spa|1\n|-boost|p2a: Glaceon|spd|1\n|\n|-heal|p2a: Glaceon|197/275|[from] move: Wish|[wisher] Glaceon\n|upkeep\n|turn|41\n|\n|t:|1728069694\n|move|p1a: Noctowl|Calm Mind|p1a: Noctowl\n|-boost|p1a: Noctowl|spa|1\n|-boost|p1a: Noctowl|spd|1\n|move|p2a: Glaceon|Wish|p2a: Glaceon\n|\n|upkeep\n|turn|42\n|\n|t:|1728069699\n|move|p1a: Noctowl|Hurricane|p2a: Glaceon|[miss]\n|-miss|p1a: Noctowl|p2a: Glaceon\n|move|p2a: Glaceon|Calm Mind|p2a: Glaceon\n|-boost|p2a: Glaceon|spa|1\n|-boost|p2a: Glaceon|spd|1\n|\n|-heal|p2a: Glaceon|275/275|[from] move: Wish|[wisher] Glaceon\n|upkeep\n|turn|43\n|\n|t:|1728069715\n|move|p1a: Noctowl|Hurricane|p2a: Glaceon\n|-damage|p2a: Glaceon|181/275\n|-start|p2a: Glaceon|confusion\n|-activate|p2a: Glaceon|confusion\n|move|p2a: Glaceon|Freeze-Dry|p1a: Noctowl\n|-supereffective|p1a: Noctowl\n|-damage|p1a: Noctowl|118/344\n|\n|upkeep\n|turn|44\n|\n|t:|1728069721\n|move|p1a: Noctowl|Roost|p1a: Noctowl\n|-heal|p1a: Noctowl|290/344\n|-singleturn|p1a: Noctowl|move: Roost\n|-activate|p2a: Glaceon|confusion\n|-damage|p2a: Glaceon|167/275|[from] confusion\n|\n|upkeep\n|turn|45\n|\n|t:|1728069727\n|switch|p1a: Volbeat|Volbeat, L90, M|72/263\n|-end|p2a: Glaceon|confusion\n|move|p2a: Glaceon|Wish|p2a: Glaceon\n|\n|upkeep\n|turn|46\n|\n|t:|1728069731\n|switch|p2a: Oricorio|Oricorio-Pom-Pom, L82, M, tera:Ground|175/257\n|move|p1a: Volbeat|Encore||[still]\n|-fail|p1a: Volbeat\n|\n|-heal|p2a: Oricorio|257/257|[from] move: Wish|[wisher] Glaceon\n|upkeep\n|turn|47\n|\n|t:|1728069736\n|move|p1a: Volbeat|U-turn|p2a: Oricorio\n|-damage|p2a: Oricorio|173/257\n|\n|t:|1728069738\n|switch|p1a: Noctowl|Noctowl, L95, F|290/344|[from] U-turn\n|move|p2a: Oricorio|Hurricane|p1a: Noctowl\n|-damage|p1a: Noctowl|196/344\n|-start|p1a: Noctowl|confusion\n|\n|upkeep\n|turn|48\n|\n|t:|1728069743\n|move|p2a: Oricorio|Quiver Dance|p2a: Oricorio\n|-boost|p2a: Oricorio|spa|1\n|-boost|p2a: Oricorio|spd|1\n|-boost|p2a: Oricorio|spe|1\n|-activate|p1a: Noctowl|confusion\n|move|p1a: Noctowl|Roost|p1a: Noctowl\n|-heal|p1a: Noctowl|344/344\n|-singleturn|p1a: Noctowl|move: Roost\n|\n|upkeep\n|turn|49\n|\n|t:|1728069766\n|move|p2a: Oricorio|Hurricane|p1a: Noctowl|[miss]\n|-miss|p2a: Oricorio|p1a: Noctowl\n|-activate|p1a: Noctowl|confusion\n|-damage|p1a: Noctowl|325/344|[from] confusion\n|\n|upkeep\n|turn|50\n|\n|t:|1728069770\n|move|p2a: Oricorio|Hurricane|p1a: Noctowl\n|-damage|p1a: Noctowl|177/344\n|-activate|p1a: Noctowl|confusion\n|move|p1a: Noctowl|Calm Mind|p1a: Noctowl\n|-boost|p1a: Noctowl|spa|1\n|-boost|p1a: Noctowl|spd|1\n|\n|upkeep\n|turn|51\n|\n|t:|1728069775\n|move|p2a: Oricorio|Hurricane|p1a: Noctowl\n|-damage|p1a: Noctowl|81/344\n|-activate|p1a: Noctowl|confusion\n|-damage|p1a: Noctowl|59/344|[from] confusion\n|\n|upkeep\n|turn|52\n|c|\u2606bao2022|lmfao\n|\n|t:|1728069782\n|move|p2a: Oricorio|Hurricane|p1a: Noctowl|[miss]\n|-miss|p2a: Oricorio|p1a: Noctowl\n|-end|p1a: Noctowl|confusion\n|move|p1a: Noctowl|Roost|p1a: Noctowl\n|-heal|p1a: Noctowl|231/344\n|-singleturn|p1a: Noctowl|move: Roost\n|\n|upkeep\n|turn|53\n|\n|t:|1728069799\n|move|p2a: Oricorio|Hurricane|p1a: Noctowl\n|-damage|p1a: Noctowl|135/344\n|move|p1a: Noctowl|Calm Mind|p1a: Noctowl\n|-boost|p1a: Noctowl|spa|1\n|-boost|p1a: Noctowl|spd|1\n|\n|upkeep\n|turn|54\n|\n|t:|1728069804\n|move|p2a: Oricorio|Hurricane|p1a: Noctowl\n|-damage|p1a: Noctowl|66/344\n|move|p1a: Noctowl|Roost|p1a: Noctowl\n|-heal|p1a: Noctowl|238/344\n|-singleturn|p1a: Noctowl|move: Roost\n|\n|upkeep\n|turn|55\n|\n|t:|1728069809\n|move|p2a: Oricorio|Quiver Dance|p2a: Oricorio\n|-boost|p2a: Oricorio|spa|1\n|-boost|p2a: Oricorio|spd|1\n|-boost|p2a: Oricorio|spe|1\n|move|p1a: Noctowl|Roost|p1a: Noctowl\n|-heal|p1a: Noctowl|344/344\n|-singleturn|p1a: Noctowl|move: Roost\n|\n|upkeep\n|turn|56\n|\n|t:|1728069812\n|move|p2a: Oricorio|Quiver Dance|p2a: Oricorio\n|-boost|p2a: Oricorio|spa|1\n|-boost|p2a: Oricorio|spd|1\n|-boost|p2a: Oricorio|spe|1\n|move|p1a: Noctowl|Calm Mind|p1a: Noctowl\n|-boost|p1a: Noctowl|spa|1\n|-boost|p1a: Noctowl|spd|1\n|\n|upkeep\n|turn|57\n|\n|t:|1728069816\n|move|p2a: Oricorio|Quiver Dance|p2a: Oricorio\n|-boost|p2a: Oricorio|spa|1\n|-boost|p2a: Oricorio|spd|1\n|-boost|p2a: Oricorio|spe|1\n|move|p1a: Noctowl|Calm Mind|p1a: Noctowl\n|-boost|p1a: Noctowl|spa|1\n|-boost|p1a: Noctowl|spd|1\n|\n|upkeep\n|turn|58\n|\n|t:|1728069818\n|move|p2a: Oricorio|Quiver Dance|p2a: Oricorio\n|-boost|p2a: Oricorio|spa|1\n|-boost|p2a: Oricorio|spd|1\n|-boost|p2a: Oricorio|spe|1\n|move|p1a: Noctowl|Calm Mind|p1a: Noctowl\n|-boost|p1a: Noctowl|spa|1\n|-boost|p1a: Noctowl|spd|1\n|\n|upkeep\n|turn|59\n|\n|t:|1728069820\n|move|p2a: Oricorio|Quiver Dance|p2a: Oricorio\n|-boost|p2a: Oricorio|spa|1\n|-boost|p2a: Oricorio|spd|1\n|-boost|p2a: Oricorio|spe|1\n|move|p1a: Noctowl|Calm Mind|p1a: Noctowl\n|-boost|p1a: Noctowl|spa|1\n|-boost|p1a: Noctowl|spd|1\n|\n|upkeep\n|turn|60\n|\n|t:|1728069823\n|move|p2a: Oricorio|Hurricane|p1a: Noctowl|[miss]\n|-miss|p2a: Oricorio|p1a: Noctowl\n|move|p1a: Noctowl|Hyper Voice|p2a: Oricorio\n|-damage|p2a: Oricorio|44/257\n|\n|upkeep\n|turn|61\n|\n|t:|1728069827\n|move|p2a: Oricorio|Roost|p2a: Oricorio\n|-heal|p2a: Oricorio|173/257\n|move|p1a: Noctowl|Hyper Voice|p2a: Oricorio\n|-damage|p2a: Oricorio|28/257\n|\n|upkeep\n|turn|62\n|c|\u2606bao2022|gg\n|\n|t:|1728069838\n|move|p2a: Oricorio|Hurricane|p1a: Noctowl|[miss]\n|-miss|p2a: Oricorio|p1a: Noctowl\n|move|p1a: Noctowl|Hyper Voice|p2a: Oricorio\n|-damage|p2a: Oricorio|0 fnt\n|faint|p2a: Oricorio\n|\n|upkeep\n|-message|doggoking104 forfeited.\n|\n|win|bao2022\n|raw|bao2022's rating: 2257 &rarr; <strong>2282</strong><br />(+25 for winning)\n|raw|doggoking104's rating: 2337 &rarr; <strong>2312</strong><br />(-25 for losing)\n|l|\u2606doggoking104\n|player|p2|\n", "inputlog": ">version 86ae7daf8e420bb3f6c82a6a988ddcc1b1aa7e58\n>start {\"formatid\":\"gen9randombattle\",\"seed\":[33617,20136,37900,55607],\"rated\":\"Rated battle\"}\n>player p1 {\"name\":\"bao2022\",\"avatar\":\"265\",\"rating\":2257,\"seed\":[46185,63064,52326,234]}\n>player p2 {\"name\":\"doggoking104\",\"avatar\":\"170\",\"rating\":2318,\"seed\":[20913,45015,23697,29564]}\n>p1 move hurricane\n>p2 switch 4\n>p1 switch 5\n>p2 move stealthrock\n>p1 move knockoff\n>p2 switch 3\n>p1 switch 2\n>p2 move knockoff\n>p1 move flareblitz\n>p2 switch 3\n>p1 move dragondance\n>p2 move payback\n>p1 switch 3\n>p1 move curse\n>p2 switch 4\n>p1 move bodyslam terastallize\n>p2 move knockoff\n>p1 move curse\n>p2 switch 4\n>p1 move bodyslam\n>p2 move earthquake\n>p1 move bodyslam\n>p2 move earthquake\n>p2 switch 6\n>p1 move bodyslam\n>p2 move calmmind\n>p1 move bodyslam\n>p2 move storedpower\n>p1 switch 2\n>p1 move knockoff\n>p2 move storedpower\n>p2 switch 3\n>p1 move spiritshackle\n>p2 move toxicspikes\n>p1 move spiritshackle\n>p2 move knockoff\n>p1 switch 5\n>p1 move hypervoice\n>p2 move knockoff\n>p2 switch 5\n>p1 switch 6\n>p2 move quiverdance\n>p1 switch 4\n>p2 move revelationdance terastallize\n>p1 move encore\n>p2 move hurricane\n>p1 move roost\n>p2 move revelationdance\n>p1 move thunderwave\n>p2 move revelationdance\n>p1 move encore\n>p2 move hurricane\n>p1 move roost\n>p2 move revelationdance\n>p1 move roost\n>p2 move revelationdance\n>p1 move encore\n>p2 move revelationdance\n>p1 move roost\n>p2 move revelationdance\n>p1 move roost\n>p2 move revelationdance\n>p1 move encore\n>p2 move hurricane\n>p1 move uturn\n>p2 move revelationdance\n>p1 switch 6\n>p1 move calmmind\n>p2 switch 2\n>p1 move calmmind\n>p2 move calmmind\n>p1 move calmmind\n>p2 move calmmind\n>p1 move hurricane\n>p2 move calmmind\n>p1 move hurricane\n>p2 move wish\n>p1 move calmmind\n>p2 move calmmind\n>p1 move hurricane\n>p2 move wish\n>p1 move hurricane\n>p2 move freezedry\n>p1 move roost\n>p2 move wish\n>p1 move hurricane\n>p2 move calmmind\n>p1 move calmmind\n>p2 move wish\n>p1 move hurricane\n>p2 move calmmind\n>p1 move hurricane\n>p2 move freezedry\n>p1 move roost\n>p2 move wish\n>p1 switch 6\n>p2 move wish\n>p1 move encore\n>p2 switch 2\n>p1 move uturn\n>p2 move hurricane\n>p1 switch 6\n>p1 move roost\n>p2 move quiverdance\n>p1 move calmmind\n>p2 move hurricane\n>p1 move calmmind\n>p2 move hurricane\n>p1 move roost\n>p2 move hurricane\n>chat \u2606bao2022|lmfao\n>p1 move roost\n>p2 move hurricane\n>p1 move calmmind\n>p2 move hurricane\n>p1 move roost\n>p2 move hurricane\n>p1 move roost\n>p2 move quiverdance\n>p1 move calmmind\n>p2 move quiverdance\n>p1 move calmmind\n>p2 move quiverdance\n>p1 move calmmind\n>p2 move quiverdance\n>p1 move calmmind\n>p2 move quiverdance\n>p1 move hypervoice\n>p2 move hurricane\n>p1 move hypervoice\n>p2 move roost\n>chat \u2606bao2022|gg\n>p1 move hypervoice\n>p2 move hurricane\n>forcelose p2", "uploadtime": 1728069846, "views": 69, "formatid": "gen9randombattle", "rating": 2282, "private": 0, "password": null}