{"id": "gen9randombattle-2260828005", "format": "[Gen 9] Random Battle", "players": ["black paddy", "RoboWahbit"], "log": "|j|\u2606black paddy\n|j|\u2606RoboWahbit\n|t:|1733899498\n|gametype|singles\n|player|p1|black paddy|2|1215\n|player|p2|RoboWahbit|101|1173\n|teamsize|p1|6\n|teamsize|p2|6\n|gen|9\n|tier|[Gen 9] Random Battle\n|rated|\n|rule|Species Clause: Limit one of each Pok\u00e9mon\n|rule|HP Percentage Mod: HP is shown in percentages\n|rule|Sleep Clause Mod: Limit one foe put to sleep\n|rule|Illusion Level Mod: Illusion disguises the Pok\u00e9mon's true level\n|\n|t:|1733899498\n|start\n|switch|p1a: Kyogre|Kyogre, L71|259/259\n|switch|p2a: Bastiodon|Bastiodon, L89, F|252/252\n|-weather|RainDance|[from] ability: Drizzle|[of] p1a: Kyogre\n|turn|1\n|c|\u2606RoboWahbit|hf\n|inactive|Battle timer is ON: inactive players will automatically lose when time's up. (requested by RoboWahbit)\n|\n|t:|1733899519\n|switch|p2a: Palkia|Palkia, L75|259/259\n|-ability|p2a: Palkia|Pressure\n|move|p1a: Kyogre|Ice Beam|p2a: Palkia\n|-damage|p2a: Palkia|205/259\n|\n|-weather|RainDance|[upkeep]\n|upkeep\n|turn|2\n|\n|t:|1733899530\n|switch|p2a: Cloyster|Cloyster, L80, F|211/211\n|switch|p1a: Cacturne|Cacturne, L92, F|278/278\n|\n|-weather|RainDance|[upkeep]\n|upkeep\n|turn|3\n|\n|t:|1733899541\n|switch|p2a: Palkia|Palkia, L75|205/259\n|-ability|p2a: Palkia|Pressure\n|move|p1a: Cacturne|Leaf Storm|p2a: Palkia\n|-damage|p2a: Palkia|0 fnt\n|-unboost|p1a: Cacturne|spa|2\n|faint|p2a: Palkia\n|-damage|p1a: Cacturne|251/278|[from] item: Life Orb\n|\n|-weather|RainDance|[upkeep]\n|upkeep\n|\n|t:|1733899542\n|switch|p2a: Oricorio|Oricorio-Pom-Pom, L82, M|257/257\n|turn|4\n|\n|t:|1733899549\n|move|p2a: Oricorio|Quiver Dance|p2a: Oricorio\n|-boost|p2a: Oricorio|spa|1\n|-boost|p2a: Oricorio|spd|1\n|-boost|p2a: Oricorio|spe|1\n|move|p1a: Cacturne|Knock Off|p2a: Oricorio\n|-damage|p2a: Oricorio|37/257\n|-enditem|p2a: Oricorio|Heavy-Duty Boots|[from] move: Knock Off|[of] p1a: Cacturne\n|-damage|p1a: Cacturne|224/278|[from] item: Life Orb\n|\n|-weather|RainDance|[upkeep]\n|upkeep\n|turn|5\n|\n|t:|1733899555\n|move|p2a: Oricorio|Hurricane|p1a: Cacturne\n|-supereffective|p1a: Cacturne\n|-damage|p1a: Cacturne|0 fnt\n|faint|p1a: Cacturne\n|\n|-weather|none\n|upkeep\n|\n|t:|1733899563\n|switch|p1a: Lycanroc|Lycanroc-Dusk, L80, M|251/251\n|turn|6\n|\n|t:|1733899591\n|move|p2a: Oricorio|Revelation Dance|p1a: Lycanroc\n|-damage|p1a: Lycanroc|80/251\n|move|p1a: Lycanroc|Stone Edge|p2a: Oricorio\n|-supereffective|p2a: Oricorio\n|-damage|p2a: Oricorio|0 fnt\n|faint|p2a: Oricorio\n|-damage|p1a: Lycanroc|55/251|[from] item: Life Orb\n|\n|upkeep\n|\n|t:|1733899591\n|switch|p2a: Cloyster|Cloyster, L80, F|211/211\n|turn|7\n|inactive|black paddy has 120 seconds left.\n|\n|t:|1733899618\n|move|p1a: Lycanroc|Close Combat|p2a: Cloyster\n|-supereffective|p2a: Cloyster\n|-damage|p2a: Cloyster|32/211\n|-unboost|p1a: Lycanroc|def|1\n|-unboost|p1a: Lycanroc|spd|1\n|-damage|p1a: Lycanroc|30/251|[from] item: Life Orb\n|move|p2a: Cloyster|Rock Blast|p1a: Lycanroc\n|-damage|p1a: Lycanroc|0 fnt\n|faint|p1a: Lycanroc\n|-hitcount|p1: Lycanroc|1\n|\n|upkeep\n|\n|t:|1733899637\n|switch|p1a: Kyogre|Kyogre, L71|259/259\n|-weather|RainDance|[from] ability: Drizzle|[of] p1a: Kyogre\n|turn|8\n|\n|t:|1733899655\n|move|p1a: Kyogre|Origin Pulse|p2a: Cloyster\n|-resisted|p2a: Cloyster\n|-damage|p2a: Cloyster|0 fnt\n|faint|p2a: Cloyster\n|\n|-weather|RainDance|[upkeep]\n|upkeep\n|\n|t:|1733899656\n|switch|p2a: Urshifu|Urshifu, L74, M|270/270\n|turn|9\n|\n|t:|1733899664\n|move|p2a: Urshifu|Wicked Blow|p1a: Kyogre\n|-crit|p1a: Kyogre\n|-damage|p1a: Kyogre|80/259\n|-damage|p2a: Urshifu|243/270|[from] item: Life Orb\n|move|p1a: Kyogre|Thunder|p2a: Urshifu\n|-damage|p2a: Urshifu|116/270\n|\n|-weather|RainDance|[upkeep]\n|-heal|p1a: Kyogre|96/259|[from] item: Leftovers\n|upkeep\n|turn|10\n|\n|t:|1733899670\n|switch|p1a: Bombirdier|Bombirdier, L85, M|258/258\n|move|p2a: Urshifu|Wicked Blow|p1a: Bombirdier\n|-resisted|p1a: Bombirdier\n|-crit|p1a: Bombirdier\n|-damage|p1a: Bombirdier|188/258\n|-damage|p2a: Urshifu|89/270|[from] item: Life Orb\n|\n|-weather|RainDance|[upkeep]\n|upkeep\n|turn|11\n|\n|t:|1733899672\n|move|p1a: Bombirdier|Brave Bird|p2a: Urshifu\n|-supereffective|p2a: Urshifu\n|-damage|p2a: Urshifu|0 fnt\n|faint|p2a: Urshifu\n|-damage|p1a: Bombirdier|159/258|[from] Recoil\n|\n|-weather|RainDance|[upkeep]\n|upkeep\n|\n|t:|1733899673\n|switch|p2a: Granbull|Granbull, L88, F|302/302\n|-ability|p2a: Granbull|Intimidate|boost\n|-unboost|p1a: Bombirdier|atk|1\n|turn|12\n|inactive|black paddy has 120 seconds left.\n|\n|t:|1733899695\n|move|p1a: Bombirdier|Knock Off|p2a: Granbull\n|-resisted|p2a: Granbull\n|-crit|p2a: Granbull\n|-damage|p2a: Granbull|214/302\n|-enditem|p2a: Granbull|Leftovers|[from] move: Knock Off|[of] p1a: Bombirdier\n|move|p2a: Granbull|Play Rough|p1a: Bombirdier\n|-supereffective|p1a: Bombirdier\n|-damage|p1a: Bombirdier|0 fnt\n|faint|p1a: Bombirdier\n|\n|-weather|none\n|upkeep\n|inactive|black paddy has 120 seconds left.\n|\n|t:|1733899705\n|switch|p1a: Kyogre|Kyogre, L71|96/259\n|-weather|RainDance|[from] ability: Drizzle|[of] p1a: Kyogre\n|turn|13\n|\n|t:|1733899707\n|move|p1a: Kyogre|Origin Pulse|p2a: Granbull\n|-damage|p2a: Granbull|0 fnt\n|faint|p2a: Granbull\n|\n|-weather|RainDance|[upkeep]\n|-heal|p1a: Kyogre|112/259|[from] item: Leftovers\n|upkeep\n|\n|t:|1733899707\n|switch|p2a: Bastiodon|Bastiodon, L89, F|252/252\n|turn|14\n|\n|t:|1733899717\n|-terastallize|p2a: Bastiodon|Fighting\n|move|p1a: Kyogre|Origin Pulse|p2a: Bastiodon\n|-damage|p2a: Bastiodon|138/252\n|move|p2a: Bastiodon|Body Press|p1a: Kyogre\n|-damage|p1a: Kyogre|0 fnt\n|faint|p1a: Kyogre\n|\n|-weather|RainDance|[upkeep]\n|upkeep\n|\n|t:|1733899727\n|switch|p1a: Salamence|Salamence, L77, F|273/273\n|turn|15\n|\n|t:|1733899732\n|move|p1a: Salamence|Dual Wingbeat|p2a: Bastiodon|[miss]\n|-miss|p1a: Salamence|p2a: Bastiodon\n|move|p2a: Bastiodon|Rest|p2a: Bastiodon\n|-status|p2a: Bastiodon|slp|[from] move: Rest\n|-heal|p2a: Bastiodon|252/252 slp|[silent]\n|-enditem|p2a: Bastiodon|Chesto Berry|[eat]\n|-curestatus|p2a: Bastiodon|slp|[msg]\n|\n|-weather|RainDance|[upkeep]\n|upkeep\n|turn|16\n|\n|t:|1733899743\n|move|p1a: Salamence|Dragon Dance|p1a: Salamence\n|-boost|p1a: Salamence|atk|1\n|-boost|p1a: Salamence|spe|1\n|move|p2a: Bastiodon|Iron Defense|p2a: Bastiodon\n|-boost|p2a: Bastiodon|def|2\n|\n|-weather|RainDance|[upkeep]\n|upkeep\n|turn|17\n|\n|t:|1733899750\n|move|p1a: Salamence|Dual Wingbeat|p2a: Bastiodon\n|-supereffective|p2a: Bastiodon\n|-damage|p2a: Bastiodon|210/252\n|-supereffective|p2a: Bastiodon\n|-damage|p2a: Bastiodon|168/252\n|-hitcount|p2a: Bastiodon|2\n|move|p2a: Bastiodon|Body Press|p1a: Salamence\n|-resisted|p1a: Salamence\n|-damage|p1a: Salamence|95/273\n|\n|-weather|none\n|upkeep\n|turn|18\n|\n|t:|1733899756\n|move|p1a: Salamence|Dual Wingbeat|p2a: Bastiodon\n|-supereffective|p2a: Bastiodon\n|-damage|p2a: Bastiodon|126/252\n|-supereffective|p2a: Bastiodon\n|-damage|p2a: Bastiodon|84/252\n|-hitcount|p2a: Bastiodon|2\n|move|p2a: Bastiodon|Iron Defense|p2a: Bastiodon\n|-boost|p2a: Bastiodon|def|2\n|\n|upkeep\n|turn|19\n|\n|t:|1733899763\n|move|p1a: Salamence|Dual Wingbeat|p2a: Bastiodon\n|-supereffective|p2a: Bastiodon\n|-crit|p2a: Bastiodon\n|-damage|p2a: Bastiodon|0 fnt\n|faint|p2a: Bastiodon\n|-hitcount|p2: Bastiodon|1\n|\n|win|black paddy\n|raw|black paddy's rating: 1215 &rarr; <strong>1237</strong><br />(+22 for winning)\n|raw|RoboWahbit's rating: 1173 &rarr; <strong>1151</strong><br />(-22 for losing)\n|c|\u2606RoboWahbit|gg\n", "inputlog": ">version bfd83cad13791eb5a5a409923076391caf6fb4d4\n>start {\"formatid\":\"gen9randombattle\",\"seed\":[41534,16480,53404,3687],\"rated\":\"Rated battle\"}\n>player p1 {\"name\":\"black paddy\",\"avatar\":\"2\",\"rating\":1215,\"seed\":[63167,19007,21530,24693]}\n>player p2 {\"name\":\"RoboWahbit\",\"avatar\":\"101\",\"rating\":1173,\"seed\":[43180,40616,13366,10341]}\n>chat \u2606RoboWahbit|hf\n>p1 move icebeam\n>p2 switch 5\n>p1 switch 3\n>p2 switch 2\n>p1 move leafstorm\n>p2 switch 2\n>p2 switch 6\n>p1 move knockoff\n>p2 move quiverdance\n>p1 move knockoff\n>p2 move hurricane\n>p1 switch 6\n>p1 move stoneedge\n>p2 move revelationdance\n>p2 switch 2\n>p1 move closecombat\n>p2 move rockblast\n>p1 switch 3\n>p1 move originpulse\n>p2 move shellsmash\n>p2 switch 4\n>p1 move thunder\n>p2 move wickedblow\n>p1 switch 2\n>p2 move wickedblow\n>p1 move bravebird\n>p2 move swordsdance\n>p2 switch 3\n>p1 move knockoff\n>p2 move playrough\n>p1 switch 2\n>p1 move originpulse\n>p2 move earthquake\n>p2 switch 5\n>p1 move originpulse\n>p2 move bodypress terastallize\n>p1 switch 4\n>p1 move dualwingbeat\n>p2 move rest\n>p1 move dragondance\n>p2 move irondefense\n>p1 move dualwingbeat\n>p2 move bodypress\n>p1 move dualwingbeat\n>p2 move irondefense\n>p1 move dualwingbeat\n>p2 move foulplay", "uploadtime": 1733899764, "views": 2, "formatid": "gen9randombattle", "rating": 1151, "private": 0, "password": null}