{"id": "gen9randombattle-2152442047", "format": "[Gen 9] Random Battle", "players": ["HeartofElixir", "Rettrert"], "log": "|badge|p2|bronze|gen9randombattle|100-1\n|html|<div class=\"broadcast-red\"><strong>This battle is required to be public due to one or more player having a season medal.</strong><br />During the public phase, you can discuss the state of the ladder <a href=\"/seasondiscussion\">in a special chatroom.</a></div>\n|uhtml|medal-msg|<div class=\"broadcast-blue\">Curious what those medals under the avatar are? PS now has Ladder Seasons! For more information, check out the <a href=\"https://www.smogon.com/forums/threads/3740067/\">thread on Smogon.</a></div>\n|j|\u2606HeartofElixir\n|j|\u2606Rettrert\n|t:|1719710205\n|gametype|singles\n|player|p1|HeartofElixir|steven|2216\n|player|p2|Rettrert|benga|2330\n|teamsize|p1|6\n|teamsize|p2|6\n|gen|9\n|tier|[Gen 9] Random Battle\n|rated|\n|rule|Species Clause: Limit one of each Pok\u00e9mon\n|rule|HP Percentage Mod: HP is shown in percentages\n|rule|Sleep Clause Mod: Limit one foe put to sleep\n|rule|Illusion Level Mod: Illusion disguises the Pok\u00e9mon's true level\n|\n|t:|1719710205\n|start\n|switch|p1a: Hoopa|Hoopa-Unbound, L80|259/259\n|switch|p2a: Wyrdeer|Wyrdeer, L87, M|321/321\n|-ability|p2a: Wyrdeer|Intimidate|boost\n|-unboost|p1a: Hoopa|atk|1\n|turn|1\n|inactive|Battle timer is ON: inactive players will automatically lose when time's up. (requested by Rettrert)\n|\n|t:|1719710217\n|move|p1a: Hoopa|Hyperspace Fury|p2a: Wyrdeer\n|-supereffective|p2a: Wyrdeer\n|-damage|p2a: Wyrdeer|15/321\n|-unboost|p1a: Hoopa|def|1\n|move|p2a: Wyrdeer|Body Slam|p1a: Hoopa\n|-crit|p1a: Hoopa\n|-damage|p1a: Hoopa|0 fnt\n|faint|p1a: Hoopa\n|\n|-heal|p2a: Wyrdeer|35/321|[from] item: Leftovers\n|upkeep\n|\n|t:|1719710234\n|switch|p1a: Squawkabilly|Squawkabilly-Blue, L85, M|278/278\n|turn|2\n|\n|t:|1719710241\n|move|p1a: Squawkabilly|Facade|p2a: Wyrdeer\n|-damage|p2a: Wyrdeer|0 fnt\n|faint|p2a: Wyrdeer\n|\n|-status|p1a: Squawkabilly|brn|[from] item: Flame Orb\n|upkeep\n|\n|t:|1719710253\n|switch|p2a: Sandy Shocks|Sandy Shocks, L80|267/267\n|turn|3\n|\n|t:|1719710259\n|switch|p1a: Sandy Shocks|Sandy Shocks, L80|267/267\n|move|p2a: Sandy Shocks|Thunderbolt|p1a: Sandy Shocks\n|-immune|p1a: Sandy Shocks\n|\n|upkeep\n|turn|4\n|\n|t:|1719710264\n|move|p2a: Sandy Shocks|Earth Power|p1a: Sandy Shocks\n|-supereffective|p1a: Sandy Shocks\n|-damage|p1a: Sandy Shocks|21/267\n|move|p1a: Sandy Shocks|Earth Power|p2a: Sandy Shocks\n|-supereffective|p2a: Sandy Shocks\n|-damage|p2a: Sandy Shocks|61/267\n|\n|-heal|p1a: Sandy Shocks|37/267|[from] item: Leftovers\n|upkeep\n|turn|5\n|\n|t:|1719710273\n|-end|p2a: Sandy Shocks|Protosynthesis|[silent]\n|switch|p2a: Scyther|Scyther, L82, F|249/249\n|move|p1a: Sandy Shocks|Earth Power|p2a: Scyther\n|-immune|p2a: Scyther\n|\n|-heal|p1a: Sandy Shocks|53/267|[from] item: Leftovers\n|upkeep\n|turn|6\n|\n|t:|1719710279\n|move|p2a: Scyther|Bug Bite|p1a: Sandy Shocks\n|-damage|p1a: Sandy Shocks|0 fnt\n|faint|p1a: Sandy Shocks\n|-end|p1a: Sandy Shocks|Protosynthesis|[silent]\n|\n|upkeep\n|\n|t:|1719710290\n|switch|p1a: Squawkabilly|Squawkabilly-Blue, L85, M|278/278 brn\n|turn|7\n|\n|t:|1719710297\n|switch|p2a: Pecharunt|Pecharunt, L77|262/262\n|move|p1a: Squawkabilly|Brave Bird|p2a: Pecharunt\n|-damage|p2a: Pecharunt|124/262\n|-damage|p1a: Squawkabilly|232/278 brn|[from] Recoil\n|\n|-heal|p2a: Pecharunt|140/262|[from] item: Leftovers\n|-damage|p1a: Squawkabilly|215/278 brn|[from] brn\n|upkeep\n|turn|8\n|\n|t:|1719710303\n|move|p1a: Squawkabilly|Brave Bird|p2a: Pecharunt\n|-damage|p2a: Pecharunt|0 fnt\n|faint|p2a: Pecharunt\n|-damage|p1a: Squawkabilly|169/278 brn|[from] Recoil\n|\n|-damage|p1a: Squawkabilly|152/278 brn|[from] brn\n|upkeep\n|\n|t:|1719710309\n|switch|p2a: Sandy Shocks|Sandy Shocks, L80|61/267\n|turn|9\n|\n|t:|1719710312\n|move|p1a: Squawkabilly|Quick Attack|p2a: Sandy Shocks\n|-damage|p2a: Sandy Shocks|0 fnt\n|faint|p2a: Sandy Shocks\n|-end|p2a: Sandy Shocks|Protosynthesis|[silent]\n|\n|-damage|p1a: Squawkabilly|135/278 brn|[from] brn\n|upkeep\n|\n|t:|1719710331\n|switch|p2a: Scyther|Scyther, L82, F|249/249\n|turn|10\n|\n|t:|1719710335\n|move|p1a: Squawkabilly|Quick Attack|p2a: Scyther\n|-damage|p2a: Scyther|177/249\n|move|p2a: Scyther|Dual Wingbeat|p1a: Squawkabilly\n|-damage|p1a: Squawkabilly|35/278 brn\n|-damage|p1a: Squawkabilly|0 fnt\n|faint|p1a: Squawkabilly\n|-hitcount|p1: Squawkabilly|2\n|\n|upkeep\n|\n|t:|1719710352\n|switch|p1a: Lycanroc|Lycanroc-Midnight, L89, M|296/296\n|turn|11\n|\n|t:|1719710360\n|-terastallize|p2a: Scyther|Fighting\n|move|p2a: Scyther|Close Combat|p1a: Lycanroc\n|-supereffective|p1a: Lycanroc\n|-damage|p1a: Lycanroc|0 fnt\n|-unboost|p2a: Scyther|def|1\n|-unboost|p2a: Scyther|spd|1\n|faint|p1a: Lycanroc\n|\n|upkeep\n|\n|t:|1719710366\n|switch|p1a: Maushold|Maushold, L76|238/238\n|turn|12\n|\n|t:|1719710379\n|-terastallize|p1a: Maushold|Ghost\n|move|p2a: Scyther|Dual Wingbeat|p1a: Maushold\n|-damage|p1a: Maushold|150/238\n|-damage|p1a: Maushold|57/238\n|-hitcount|p1a: Maushold|2\n|move|p1a: Maushold|Tidy Up|p1a: Maushold\n|-boost|p1a: Maushold|atk|1\n|-boost|p1a: Maushold|spe|1\n|\n|upkeep\n|turn|13\n|\n|t:|1719710402\n|move|p1a: Maushold|Population Bomb|p2a: Scyther\n|-damage|p2a: Scyther|126/249\n|-damage|p2a: Scyther|72/249\n|-damage|p2a: Scyther|21/249\n|-damage|p2a: Scyther|0 fnt\n|faint|p2a: Scyther\n|-hitcount|p2: Scyther|4\n|\n|upkeep\n|\n|t:|1719710404\n|switch|p2a: Poliwrath|Poliwrath, L88, M|302/302\n|turn|14\n|\n|t:|1719710407\n|move|p1a: Maushold|Population Bomb|p2a: Poliwrath\n|-damage|p2a: Poliwrath|271/302\n|-damage|p2a: Poliwrath|240/302\n|-damage|p2a: Poliwrath|207/302\n|-damage|p2a: Poliwrath|179/302\n|-damage|p2a: Poliwrath|148/302\n|-damage|p2a: Poliwrath|115/302\n|-damage|p2a: Poliwrath|85/302\n|-damage|p2a: Poliwrath|57/302\n|-damage|p2a: Poliwrath|26/302\n|-damage|p2a: Poliwrath|0 fnt\n|faint|p2a: Poliwrath\n|-hitcount|p2: Poliwrath|10\n|\n|upkeep\n|c|\u2606Rettrert|rip\n|c|\u2606Rettrert|gg\n|c|\u2606HeartofElixir|gg\n|\n|t:|1719710420\n|switch|p2a: Blaziken|Blaziken, L76, M|247/247\n|turn|15\n|\n|t:|1719710424\n|move|p2a: Blaziken|Protect|p2a: Blaziken\n|-singleturn|p2a: Blaziken|Protect\n|move|p1a: Maushold|Population Bomb|p2a: Blaziken\n|-activate|p2a: Blaziken|move: Protect\n|\n|-ability|p2a: Blaziken|Speed Boost|boost\n|-boost|p2a: Blaziken|spe|1\n|upkeep\n|turn|16\n|\n|t:|1719710426\n|move|p2a: Blaziken|Protect||[still]\n|-fail|p2a: Blaziken\n|move|p1a: Maushold|Population Bomb|p2a: Blaziken\n|-damage|p2a: Blaziken|207/247\n|-damage|p2a: Blaziken|162/247\n|-damage|p2a: Blaziken|117/247\n|-damage|p2a: Blaziken|77/247\n|-damage|p2a: Blaziken|34/247\n|-damage|p2a: Blaziken|0 fnt\n|faint|p2a: Blaziken\n|-hitcount|p2: Blaziken|6\n|\n|win|HeartofElixir\n|raw|HeartofElixir's rating: 2216 &rarr; <strong>2242</strong><br />(+26 for winning)\n|raw|Rettrert's rating: 2330 &rarr; <strong>2304</strong><br />(-26 for losing)\n", "inputlog": ">version 021bb6b4147d783a3aa9da22896c4e1e173f1b61\n>start {\"formatid\":\"gen9randombattle\",\"seed\":[13093,30686,24791,20003],\"rated\":\"Rated battle\"}\n>player p1 {\"name\":\"HeartofElixir\",\"avatar\":\"steven\",\"rating\":2216,\"seed\":[38982,24190,24730,61168]}\n>player p2 {\"name\":\"Rettrert\",\"avatar\":\"benga\",\"rating\":2330,\"seed\":[19159,40676,37642,22569]}\n>p1 move hyperspacefury\n>p2 move bodyslam\n>p1 switch 6\n>p1 move facade\n>p2 move thunderwave\n>p2 switch 4\n>p1 switch 4\n>p2 move thunderbolt\n>p1 move earthpower\n>p2 move earthpower\n>p1 move earthpower\n>p2 switch 2\n>p1 move thunderwave\n>p2 move bugbite\n>p1 switch 4\n>p1 move bravebird\n>p2 switch 6\n>p1 move bravebird\n>p2 move recover\n>p2 switch 2\n>p1 move quickattack\n>p2 move voltswitch\n>p2 switch 6\n>p1 move quickattack\n>p2 move dualwingbeat\n>p1 switch 3\n>p1 move stoneedge\n>p2 move closecombat terastallize\n>p1 switch 2\n>p1 move tidyup terastallize\n>p2 move dualwingbeat\n>p1 move populationbomb\n>p2 move dualwingbeat\n>p2 switch 3\n>p1 move populationbomb\n>p2 move raindance\n>chat \u2606Rettrert|rip\n>chat \u2606Rettrert|gg\n>chat \u2606HeartofElixir|gg\n>p2 switch 5\n>p1 move populationbomb\n>p2 move protect\n>p1 move populationbomb\n>p2 move protect", "uploadtime": 1719710430, "views": 173, "formatid": "gen9randombattle", "rating": 2242, "private": 0, "password": null}