{"id": "gen9randombattle-2260044971", "format": "[Gen 9] Random Battle", "players": ["krabsolfurretisme", "Akeratsu"], "log": "|j|\u2606krabsolfurretisme\n|j|\u2606Akeratsu\n|t:|1733795077\n|gametype|singles\n|player|p1|krabsolfurretisme|may|1339\n|player|p2|Akeratsu|102|1364\n|teamsize|p1|6\n|teamsize|p2|6\n|gen|9\n|tier|[Gen 9] Random Battle\n|rated|\n|rule|Species Clause: Limit one of each Pok\u00e9mon\n|rule|HP Percentage Mod: HP is shown in percentages\n|rule|Sleep Clause Mod: Limit one foe put to sleep\n|rule|Illusion Level Mod: Illusion disguises the Pok\u00e9mon's true level\n|\n|t:|1733795077\n|start\n|switch|p1a: Charizard|Charizard, L85, M|271/271\n|switch|p2a: Tauros|Tauros-Paldea-Combat, L82, M|257/257\n|-ability|p2a: Tauros|Intimidate|boost\n|-unboost|p1a: Charizard|atk|1\n|turn|1\n|inactive|Battle timer is ON: inactive players will automatically lose when time's up. (requested by krabsolfurretisme)\n|\n|t:|1733795094\n|move|p1a: Charizard|Will-O-Wisp|p2a: Tauros\n|-status|p2a: Tauros|brn\n|move|p2a: Tauros|Stone Edge|p1a: Charizard\n|-supereffective|p1a: Charizard\n|-damage|p1a: Charizard|15/271\n|\n|-damage|p2a: Tauros|241/257 brn|[from] brn\n|upkeep\n|turn|2\n|\n|t:|1733795107\n|move|p1a: Charizard|Hurricane|p2a: Tauros\n|-supereffective|p2a: Tauros\n|-damage|p2a: Tauros|0 fnt\n|faint|p2a: Tauros\n|\n|upkeep\n|inactive|Akeratsu has 120 seconds left.\n|\n|t:|1733795135\n|switch|p2a: Raikou|Raikou, L81|278/278\n|-ability|p2a: Raikou|Pressure\n|turn|3\n|\n|t:|1733795142\n|move|p2a: Raikou|Thunderbolt|p1a: Charizard\n|-supereffective|p1a: Charizard\n|-damage|p1a: Charizard|0 fnt\n|faint|p1a: Charizard\n|\n|upkeep\n|\n|t:|1733795146\n|switch|p1a: Sawsbuck|Sawsbuck, L88, M|284/284\n|turn|4\n|\n|t:|1733795150\n|move|p2a: Raikou|Substitute|p2a: Raikou\n|-start|p2a: Raikou|Substitute\n|-damage|p2a: Raikou|209/278\n|move|p1a: Sawsbuck|Swords Dance|p1a: Sawsbuck\n|-boost|p1a: Sawsbuck|atk|2\n|\n|-heal|p2a: Raikou|226/278|[from] item: Leftovers\n|upkeep\n|turn|5\n|\n|t:|1733795163\n|move|p2a: Raikou|Calm Mind|p2a: Raikou\n|-boost|p2a: Raikou|spa|1\n|-boost|p2a: Raikou|spd|1\n|move|p1a: Sawsbuck|Double-Edge|p2a: Raikou\n|-end|p2a: Raikou|Substitute\n|-damage|p1a: Sawsbuck|261/284|[from] Recoil|[of] p2a: Raikou\n|-damage|p1a: Sawsbuck|233/284|[from] item: Life Orb\n|\n|-heal|p2a: Raikou|243/278|[from] item: Leftovers\n|upkeep\n|turn|6\n|\n|t:|1733795176\n|move|p2a: Raikou|Substitute|p2a: Raikou\n|-start|p2a: Raikou|Substitute\n|-damage|p2a: Raikou|174/278\n|move|p1a: Sawsbuck|Double-Edge|p2a: Raikou\n|-end|p2a: Raikou|Substitute\n|-damage|p1a: Sawsbuck|210/284|[from] Recoil|[of] p2a: Raikou\n|-damage|p1a: Sawsbuck|182/284|[from] item: Life Orb\n|\n|-heal|p2a: Raikou|191/278|[from] item: Leftovers\n|upkeep\n|turn|7\n|\n|t:|1733795194\n|move|p2a: Raikou|Scald|p1a: Sawsbuck\n|-resisted|p1a: Sawsbuck\n|-damage|p1a: Sawsbuck|134/284\n|move|p1a: Sawsbuck|High Horsepower|p2a: Raikou\n|-supereffective|p2a: Raikou\n|-damage|p2a: Raikou|0 fnt\n|faint|p2a: Raikou\n|-damage|p1a: Sawsbuck|106/284|[from] item: Life Orb\n|\n|upkeep\n|inactive|Akeratsu has 120 seconds left.\n|\n|t:|1733795224\n|switch|p2a: Sylveon|Sylveon, L85, M|300/300\n|turn|8\n|inactive|Akeratsu has 120 seconds left.\n|\n|t:|1733795229\n|move|p1a: Sawsbuck|Double-Edge|p2a: Sylveon\n|-damage|p2a: Sylveon|0 fnt\n|faint|p2a: Sylveon\n|-damage|p1a: Sawsbuck|7/284|[from] Recoil\n|-damage|p1a: Sawsbuck|0 fnt|[from] item: Life Orb\n|faint|p1a: Sawsbuck\n|\n|upkeep\n|inactive|Akeratsu has 120 seconds left.\n|\n|t:|1733795255\n|switch|p1a: Vaporeon|Vaporeon, L86, F|364/364\n|switch|p2a: Incineroar|Incineroar, L82, M|290/290\n|-ability|p2a: Incineroar|Intimidate|boost\n|-unboost|p1a: Vaporeon|atk|1\n|turn|9\n|inactive|Akeratsu has 120 seconds left.\n|\n|t:|1733795268\n|-terastallize|p2a: Incineroar|Grass\n|move|p1a: Vaporeon|Scald|p2a: Incineroar\n|-resisted|p2a: Incineroar\n|-damage|p2a: Incineroar|242/290\n|-status|p2a: Incineroar|brn\n|move|p2a: Incineroar|Trailblaze|p1a: Vaporeon\n|-supereffective|p1a: Vaporeon\n|-damage|p1a: Vaporeon|282/364\n|-boost|p2a: Incineroar|spe|1\n|\n|-heal|p1a: Vaporeon|304/364|[from] item: Leftovers\n|-damage|p2a: Incineroar|224/290 brn|[from] brn\n|upkeep\n|turn|10\n|inactive|Akeratsu has 120 seconds left.\n|\n|t:|1733795288\n|switch|p2a: Deoxys|Deoxys-Defense, L84|221/221\n|-ability|p2a: Deoxys|Pressure\n|move|p1a: Vaporeon|Wish|p1a: Vaporeon\n|\n|-heal|p1a: Vaporeon|326/364|[from] item: Leftovers\n|upkeep\n|turn|11\n|inactive|Akeratsu has 120 seconds left.\n|\n|t:|1733795298\n|move|p2a: Deoxys|Psychic Noise|p1a: Vaporeon\n|-damage|p1a: Vaporeon|266/364\n|-start|p1a: Vaporeon|move: Heal Block\n|move|p1a: Vaporeon|Flip Turn|p2a: Deoxys\n|-damage|p2a: Deoxys|199/221\n|\n|t:|1733795320\n|switch|p1a: Ceruledge|Ceruledge, L78, F|245/245|[from] Flip Turn\n|\n|-heal|p2a: Deoxys|212/221|[from] item: Leftovers\n|upkeep\n|turn|12\n|inactive|Akeratsu has 120 seconds left.\n|\n|t:|1733795340\n|move|p2a: Deoxys|Knock Off|p1a: Ceruledge\n|-supereffective|p1a: Ceruledge\n|-damage|p1a: Ceruledge|117/245\n|-ability|p1a: Ceruledge|Weak Armor|boost\n|-unboost|p1a: Ceruledge|def|1\n|-boost|p1a: Ceruledge|spe|2\n|-enditem|p1a: Ceruledge|Heavy-Duty Boots|[from] move: Knock Off|[of] p2a: Deoxys\n|move|p1a: Ceruledge|Swords Dance|p1a: Ceruledge\n|-boost|p1a: Ceruledge|atk|2\n|\n|-heal|p2a: Deoxys|221/221|[from] item: Leftovers\n|upkeep\n|turn|13\n|\n|t:|1733795353\n|move|p1a: Ceruledge|Poltergeist|p2a: Deoxys\n|-activate|p2a: Deoxys|move: Poltergeist|Leftovers\n|-supereffective|p2a: Deoxys\n|-damage|p2a: Deoxys|0 fnt\n|faint|p2a: Deoxys\n|\n|upkeep\n|\n|t:|1733795361\n|switch|p2a: Thundurus|Thundurus-Therian, L80, M|258/258\n|turn|14\n|\n|t:|1733795389\n|move|p1a: Ceruledge|Bitter Blade|p2a: Thundurus\n|-damage|p2a: Thundurus|0 fnt\n|-heal|p1a: Ceruledge|245/245|[from] drain|[of] p2a: Thundurus\n|faint|p2a: Thundurus\n|\n|upkeep\n|\n|t:|1733795394\n|switch|p2a: Incineroar|Incineroar, L82, M, tera:Grass|224/290 brn\n|-ability|p2a: Incineroar|Intimidate|boost\n|-unboost|p1a: Ceruledge|atk|1\n|turn|15\n|\n|t:|1733795402\n|move|p1a: Ceruledge|Bitter Blade|p2a: Incineroar\n|-supereffective|p2a: Incineroar\n|-crit|p2a: Incineroar\n|-damage|p2a: Incineroar|0 fnt\n|faint|p2a: Incineroar\n|\n|win|krabsolfurretisme\n|raw|krabsolfurretisme's rating: 1339 &rarr; <strong>1360</strong><br />(+21 for winning)\n|raw|Akeratsu's rating: 1364 &rarr; <strong>1343</strong><br />(-21 for losing)\n|c|\u2606krabsolfurretisme|gg\n", "inputlog": ">version bfd83cad13791eb5a5a409923076391caf6fb4d4\n>start {\"formatid\":\"gen9randombattle\",\"seed\":[41826,16481,58924,52553],\"rated\":\"Rated battle\"}\n>player p1 {\"name\":\"krabsolfurretisme\",\"avatar\":\"may\",\"rating\":1339,\"seed\":[64717,22767,7837,14834]}\n>player p2 {\"name\":\"Akeratsu\",\"avatar\":\"102\",\"rating\":1364,\"seed\":[12842,57490,30502,63082]}\n>p1 move willowisp\n>p2 move stoneedge\n>p1 move hurricane\n>p2 move stoneedge\n>p2 switch 5\n>p1 move earthquake\n>p2 move thunderbolt\n>p1 switch 4\n>p1 move swordsdance\n>p2 move substitute\n>p1 move doubleedge\n>p2 move calmmind\n>p1 move doubleedge\n>p2 move substitute\n>p1 move highhorsepower\n>p2 move scald\n>p2 switch 3\n>p1 move doubleedge\n>p2 move hypervoice\n>p1 switch 2\n>p2 switch 6\n>p1 move scald\n>p2 move trailblaze terastallize\n>p1 move wish\n>p2 switch 2\n>p1 move flipturn\n>p2 move psychicnoise\n>p1 switch 5\n>p1 move swordsdance\n>p2 move knockoff\n>p1 move poltergeist\n>p2 move psychicnoise\n>p2 switch 4\n>p1 move bitterblade\n>p2 move thunderbolt\n>p2 switch 2\n>p1 move bitterblade\n>p2 move knockoff", "uploadtime": 1733795411, "views": 4, "formatid": "gen9randombattle", "rating": 1343, "private": 0, "password": null}