{"id": "gen9randombattle-2202180689", "format": "[Gen 9] Random Battle", "players": ["RBLT pokeblade101", "rb LTG99"], "log": "|badge|p1|silver|gen9randombattle|30-2\n|uhtml|medal-msg|<div class=\"broadcast-blue\">Curious what those medals under the avatar are? PS now has Ladder Seasons! For more information, check out the <a href=\"https://www.smogon.com/forums/threads/3740067/\">thread on Smogon.</a></div>\n|badge|p2|silver|gen9randombattle|30-2\n|uhtml|medal-msg|<div class=\"broadcast-blue\">Curious what those medals under the avatar are? PS now has Ladder Seasons! For more information, check out the <a href=\"https://www.smogon.com/forums/threads/3740067/\">thread on Smogon.</a></div>\n|raw|<div class=\"broadcast-blue\"><strong>This battle is required to be public due to a player having a name starting with 'rblt'.</div>\n|j|\u2606RBLT pokeblade101\n|j|\u2606rb LTG99\n|t:|1726414167\n|gametype|singles\n|player|p1|RBLT pokeblade101|170|2458\n|player|p2|rb LTG99|acetrainersnow|2491\n|teamsize|p1|6\n|teamsize|p2|6\n|gen|9\n|tier|[Gen 9] Random Battle\n|rated|\n|rule|Species Clause: Limit one of each Pok\u00e9mon\n|rule|HP Percentage Mod: HP is shown in percentages\n|rule|Sleep Clause Mod: Limit one foe put to sleep\n|rule|Illusion Level Mod: Illusion disguises the Pok\u00e9mon's true level\n|\n|t:|1726414167\n|start\n|switch|p1a: Froslass|Froslass, L87, F|263/263\n|switch|p2a: Milotic|Milotic, L83, M|293/293\n|turn|1\n|\n|t:|1726414185\n|switch|p1a: Zapdos|Zapdos, L78|268/268\n|move|p2a: Milotic|Scald|p1a: Zapdos\n|-damage|p1a: Zapdos|174/268\n|\n|upkeep\n|turn|2\n|\n|t:|1726414191\n|switch|p2a: Rhydon|Rhydon, L85, F|317/317\n|move|p1a: Zapdos|Thunderbolt|p2a: Rhydon\n|-ability|p2a: Rhydon|Lightning Rod|boost\n|-boost|p2a: Rhydon|spa|1\n|\n|upkeep\n|turn|3\n|\n|t:|1726414196\n|switch|p1a: Crabominable|Crabominable, L90, M|321/321\n|move|p2a: Rhydon|Earthquake|p1a: Crabominable\n|-damage|p1a: Crabominable|173/321\n|\n|upkeep\n|turn|4\n|\n|t:|1726414212\n|switch|p2a: Bruxish|Bruxish, L85, F|254/254\n|move|p1a: Crabominable|Knock Off|p2a: Bruxish\n|-supereffective|p2a: Bruxish\n|-crit|p2a: Bruxish\n|-damage|p2a: Bruxish|0 fnt\n|-enditem|p2a: Bruxish|Choice Band|[from] move: Knock Off|[of] p1a: Crabominable\n|faint|p2a: Bruxish\n|\n|upkeep\n|\n|t:|1726414218\n|switch|p2a: Deoxys|Deoxys-Attack, L72|191/191\n|-ability|p2a: Deoxys|Pressure\n|turn|5\n|j| RBLT Fantsy1\n|l| RBLT Fantsy1\n|j| sealed ruins\n|\n|t:|1726414240\n|move|p2a: Deoxys|Psycho Boost|p1a: Crabominable|[miss]\n|-miss|p2a: Deoxys|p1a: Crabominable\n|move|p1a: Crabominable|Drain Punch|p2a: Deoxys\n|-resisted|p2a: Deoxys\n|-damage|p2a: Deoxys|5/191\n|-heal|p1a: Crabominable|266/321|[from] drain|[of] p2a: Deoxys\n|\n|upkeep\n|turn|6\n|c|\u2606rb LTG99|yeah im gonna do what ltg tells me\n|\n|t:|1726414267\n|switch|p1a: Squawkabilly|Squawkabilly-White, L89, F|291/291\n|move|p2a: Deoxys|Psycho Boost|p1a: Squawkabilly\n|-damage|p1a: Squawkabilly|0 fnt\n|-unboost|p2a: Deoxys|spa|2\n|faint|p1a: Squawkabilly\n|-damage|p2a: Deoxys|0 fnt|[from] item: Life Orb\n|faint|p2a: Deoxys\n|\n|upkeep\n|\n|t:|1726414274\n|switch|p2a: Koraidon|Koraidon, L64|235/235\n|switch|p1a: Lycanroc|Lycanroc, L86, M|269/269\n|-weather|SunnyDay|[from] ability: Orichalcum Pulse|[of] p2a: Koraidon\n|-activate|p2a: Koraidon|Orichalcum Pulse|[source]\n|turn|7\n|\n|t:|1726414287\n|move|p1a: Lycanroc|Close Combat|p2a: Koraidon\n|-damage|p2a: Koraidon|105/235\n|-unboost|p1a: Lycanroc|def|1\n|-unboost|p1a: Lycanroc|spd|1\n|-damage|p1a: Lycanroc|243/269|[from] item: Life Orb\n|move|p2a: Koraidon|Close Combat|p1a: Lycanroc\n|-supereffective|p1a: Lycanroc\n|-damage|p1a: Lycanroc|0 fnt\n|-unboost|p2a: Koraidon|def|1\n|-unboost|p2a: Koraidon|spd|1\n|faint|p1a: Lycanroc\n|\n|-weather|SunnyDay|[upkeep]\n|upkeep\n|\n|t:|1726414295\n|switch|p1a: Froslass|Froslass, L87, F|263/263\n|turn|8\n|\n|t:|1726414303\n|switch|p2a: Milotic|Milotic, L83, M|293/293\n|move|p1a: Froslass|Will-O-Wisp|p2a: Milotic\n|-status|p2a: Milotic|brn\n|\n|-weather|SunnyDay|[upkeep]\n|-damage|p2a: Milotic|275/293 brn|[from] brn\n|upkeep\n|turn|9\n|\n|t:|1726414316\n|move|p1a: Froslass|Poltergeist|p2a: Milotic\n|-activate|p2a: Milotic|move: Poltergeist|Leftovers\n|-damage|p2a: Milotic|166/293 brn\n|move|p2a: Milotic|Scald|p1a: Froslass\n|-crit|p1a: Froslass\n|-damage|p1a: Froslass|191/263\n|-start|p2a: Milotic|Disable|Scald|[from] ability: Cursed Body|[of] p1a: Froslass\n|\n|-weather|SunnyDay|[upkeep]\n|-heal|p2a: Milotic|184/293 brn|[from] item: Leftovers\n|-damage|p2a: Milotic|166/293 brn|[from] brn\n|upkeep\n|turn|10\n|j| PeaTSD\n|\n|t:|1726414322\n|switch|p1a: Crabominable|Crabominable, L90, M|266/321\n|move|p2a: Milotic|Recover|p2a: Milotic\n|-heal|p2a: Milotic|293/293 brn\n|\n|-weather|SunnyDay|[upkeep]\n|-damage|p2a: Milotic|275/293 brn|[from] brn\n|upkeep\n|turn|11\n|j| Revival Tour\n|\n|t:|1726414350\n|move|p2a: Milotic|Flip Turn|p1a: Crabominable\n|-damage|p1a: Crabominable|256/321\n|\n|t:|1726414352\n|switch|p2a: Rhydon|Rhydon, L85, F|317/317|[from] Flip Turn\n|move|p1a: Crabominable|Drain Punch|p2a: Rhydon\n|-supereffective|p2a: Rhydon\n|-damage|p2a: Rhydon|171/317\n|-heal|p1a: Crabominable|321/321|[from] drain|[of] p2a: Rhydon\n|\n|-weather|none\n|upkeep\n|turn|12\n|\n|t:|1726414378\n|switch|p2a: Milotic|Milotic, L83, M|275/293 brn\n|move|p1a: Crabominable|Ice Hammer|p2a: Milotic\n|-resisted|p2a: Milotic\n|-damage|p2a: Milotic|181/293 brn\n|-unboost|p1a: Crabominable|spe|1\n|\n|-heal|p2a: Milotic|199/293 brn|[from] item: Leftovers\n|-damage|p2a: Milotic|181/293 brn|[from] brn\n|upkeep\n|turn|13\n|\n|t:|1726414393\n|move|p2a: Milotic|Flip Turn|p1a: Crabominable\n|-damage|p1a: Crabominable|298/321\n|\n|t:|1726414395\n|switch|p2a: Rhydon|Rhydon, L85, F|171/317|[from] Flip Turn\n|move|p1a: Crabominable|Drain Punch|p2a: Rhydon\n|-supereffective|p2a: Rhydon\n|-damage|p2a: Rhydon|25/317\n|-heal|p1a: Crabominable|321/321|[from] drain|[of] p2a: Rhydon\n|\n|upkeep\n|turn|14\n|\n|t:|1726414399\n|switch|p1a: Zapdos|Zapdos, L78|174/268\n|move|p2a: Rhydon|Stone Edge|p1a: Zapdos\n|-supereffective|p1a: Zapdos\n|-damage|p1a: Zapdos|0 fnt\n|faint|p1a: Zapdos\n|\n|upkeep\n|\n|t:|1726414401\n|switch|p1a: Torterra|Torterra, L78, M|276/276\n|turn|15\n|\n|t:|1726414409\n|move|p1a: Torterra|Shell Smash|p1a: Torterra\n|-unboost|p1a: Torterra|def|1\n|-unboost|p1a: Torterra|spd|1\n|-boost|p1a: Torterra|atk|2\n|-boost|p1a: Torterra|spa|2\n|-boost|p1a: Torterra|spe|2\n|move|p2a: Rhydon|Megahorn|p1a: Torterra\n|-supereffective|p1a: Torterra\n|-damage|p1a: Torterra|0 fnt\n|faint|p1a: Torterra\n|\n|upkeep\n|c|\u2606RBLT pokeblade101|figured\n|\n|t:|1726414415\n|switch|p1a: Crabominable|Crabominable, L90, M|321/321\n|turn|16\n|c|\u2606RBLT pokeblade101|im an idiot\n|c| Revival Tour|I\u2019m dead\n|c|\u2606RBLT pokeblade101|tbh i realised\n|c|\u2606rb LTG99|its ok we all are\n|c|\u2606RBLT pokeblade101|my tera was fucking grass\n|c|\u2606RBLT pokeblade101|so i like useless\n|j| MDILL97\n|c|\u2606rb LTG99|f\n|\n|t:|1726414443\n|move|p1a: Crabominable|Drain Punch|p2a: Rhydon\n|-supereffective|p2a: Rhydon\n|-damage|p2a: Rhydon|0 fnt\n|faint|p2a: Rhydon\n|\n|upkeep\n|j| rblt L\n|c| rblt L|what's your main ltg99\n|c|\u2606RBLT pokeblade101|i should have just set up on the milotic when i had the chance\n|c|\u2606rb LTG99|xn9999\n|\n|t:|1726414506\n|switch|p2a: Koraidon|Koraidon, L64|105/235\n|-weather|SunnyDay|[from] ability: Orichalcum Pulse|[of] p2a: Koraidon\n|-activate|p2a: Koraidon|Orichalcum Pulse|[source]\n|turn|17\n|\n|t:|1726414511\n|-terastallize|p1a: Crabominable|Water\n|move|p2a: Koraidon|Flare Blitz|p1a: Crabominable\n|-resisted|p1a: Crabominable\n|-damage|p1a: Crabominable|228/321\n|-damage|p2a: Koraidon|74/235|[from] Recoil\n|move|p1a: Crabominable|Drain Punch|p2a: Koraidon\n|-damage|p2a: Koraidon|0 fnt\n|-heal|p1a: Crabominable|265/321|[from] drain|[of] p2a: Koraidon\n|faint|p2a: Koraidon\n|\n|-weather|SunnyDay|[upkeep]\n|upkeep\n|c|\u2606rb LTG99|why in the fuck is this a thing\n|c|\u2606rb LTG99|note to myself\n|c|\u2606RBLT pokeblade101|cuz crab\n|c|\u2606rb LTG99|check tera in endgames\n|c|\u2606rb LTG99|every time\n|c| rblt L|this thing is so annoying\n|\n|t:|1726414559\n|switch|p2a: Milotic|Milotic, L83, M|181/293 brn\n|turn|18\n|c| Revival Tour|First turn burn\n|c|\u2606rb LTG99|we're\n|c|\u2606rb LTG99|broth playinn so ass\n|\n|t:|1726414573\n|move|p2a: Milotic|Scald|p1a: Crabominable\n|-resisted|p1a: Crabominable\n|-damage|p1a: Crabominable|248/321\n|move|p1a: Crabominable|Drain Punch|p2a: Milotic\n|-damage|p2a: Milotic|33/293 brn\n|-heal|p1a: Crabominable|321/321|[from] drain|[of] p2a: Milotic\n|\n|-weather|SunnyDay|[upkeep]\n|-heal|p2a: Milotic|51/293 brn|[from] item: Leftovers\n|-damage|p2a: Milotic|33/293 brn|[from] brn\n|upkeep\n|turn|19\n|\n|t:|1726414578\n|move|p2a: Milotic|Scald|p1a: Crabominable\n|-resisted|p1a: Crabominable\n|-damage|p1a: Crabominable|306/321\n|move|p1a: Crabominable|Drain Punch|p2a: Milotic\n|-damage|p2a: Milotic|0 fnt\n|-heal|p1a: Crabominable|321/321|[from] drain|[of] p2a: Milotic\n|faint|p2a: Milotic\n|\n|-weather|SunnyDay|[upkeep]\n|upkeep\n|c|\u2606rb LTG99|yeah\n|-message|rb LTG99 forfeited.\n|\n|win|RBLT pokeblade101\n|raw|RBLT pokeblade101's rating: 2458 &rarr; <strong>2480</strong><br />(+22 for winning)\n|raw|rb LTG99's rating: 2491 &rarr; <strong>2469</strong><br />(-22 for losing)\n|l|\u2606rb LTG99\n|player|p2|\n|l| Revival Tour\n|l| rblt L\n", "inputlog": ">version abcf08933808d3fb39dbc2b54a8665d830b47482\n>start {\"formatid\":\"gen9randombattle\",\"seed\":[43793,18825,39079,36827],\"rated\":\"Rated battle\"}\n>player p1 {\"name\":\"RBLT pokeblade101\",\"avatar\":\"170\",\"rating\":2458,\"seed\":[59235,2611,22799,1969]}\n>player p2 {\"name\":\"rb LTG99\",\"avatar\":\"acetrainersnow\",\"rating\":2491,\"seed\":[3123,21153,41264,877]}\n>p1 switch 6\n>p2 move scald\n>p1 move thunderbolt\n>p2 switch 3\n>p1 switch 2\n>p2 move earthquake\n>p1 move knockoff\n>p2 switch 4\n>p2 switch 6\n>p1 move drainpunch\n>p2 move psychoboost\n>chat \u2606rb LTG99|yeah im gonna do what ltg tells me\n>p1 switch 5\n>p2 move psychoboost\n>p1 switch 4\n>p2 switch 2\n>p1 move closecombat\n>p2 move closecombat\n>p1 switch 6\n>p1 move willowisp\n>p2 switch 3\n>p1 move poltergeist\n>p2 move scald\n>p1 switch 5\n>p2 move recover\n>p1 move drainpunch\n>p2 move flipturn\n>p2 switch 4\n>p1 move icehammer\n>p2 switch 4\n>p1 move drainpunch\n>p2 move flipturn\n>p2 switch 4\n>p1 switch 2\n>p2 move stoneedge\n>p1 switch 3\n>p1 move shellsmash\n>p2 move megahorn\n>chat \u2606RBLT pokeblade101|figured\n>p1 switch 2\n>chat \u2606RBLT pokeblade101|im an idiot\n>chat  Revival Tour|I\u2019m dead \n>chat \u2606RBLT pokeblade101|tbh i realised\n>chat \u2606rb LTG99|its ok we all are\n>chat \u2606RBLT pokeblade101|my tera was fucking grass\n>chat \u2606RBLT pokeblade101|so i like useless\n>chat \u2606rb LTG99|f\n>p1 move drainpunch\n>p2 move earthquake\n>chat  rblt L|what's your main ltg99\n>chat \u2606RBLT pokeblade101|i should have just set up on the milotic when i had the chance\n>chat \u2606rb LTG99|xn9999\n>p2 switch 3\n>p1 move drainpunch terastallize\n>p2 move flareblitz\n>chat \u2606rb LTG99|why in the fuck is this a thing\n>chat \u2606rb LTG99|note to myself\n>chat \u2606RBLT pokeblade101|cuz crab\n>chat \u2606rb LTG99|check tera in endgames \n>chat \u2606rb LTG99|every time\n>chat  rblt L|this thing is so annoying\n>p2 switch 4\n>chat  Revival Tour|First turn burn\n>chat \u2606rb LTG99|we're \n>chat \u2606rb LTG99|broth playinn so ass\n>p1 move drainpunch\n>p2 move scald\n>p1 move drainpunch\n>p2 move scald\n>chat \u2606rb LTG99|yeah\n>forcelose p2", "uploadtime": 1726414595, "views": 116, "formatid": "gen9randombattle", "rating": 2469, "private": 0, "password": null}