{"id": "gen9randombattle-2251669762", "format": "[Gen 9] Random Battle", "players": ["spencomatic", "useemstohavefun"], "log": "|badge|p2|bronze|gen9randombattle|100-3\n|uhtml|medal-msg|<div class=\"broadcast-blue\">Curious what those medals under the avatar are? PS now has Ladder Seasons! For more information, check out the <a href=\"https://www.smogon.com/forums/threads/3740067/\">thread on Smogon.</a></div>\n|j|\u2606spencomatic\n|j|\u2606useemstohavefun\n|t:|1732652536\n|gametype|singles\n|player|p1|spencomatic|miku-ground|2244\n|player|p2|useemstohavefun|thorton|2346\n|teamsize|p1|6\n|teamsize|p2|6\n|gen|9\n|tier|[Gen 9] Random Battle\n|rated|\n|rule|Species Clause: Limit one of each Pok\u00e9mon\n|rule|HP Percentage Mod: HP is shown in percentages\n|rule|Sleep Clause Mod: Limit one foe put to sleep\n|rule|Illusion Level Mod: Illusion disguises the Pok\u00e9mon's true level\n|\n|t:|1732652536\n|start\n|switch|p1a: Spiritomb|Spiritomb, L89, F|234/234\n|switch|p2a: Solgaleo|Solgaleo, L74|325/325\n|turn|1\n|inactive|Battle timer is ON: inactive players will automatically lose when time's up. (requested by useemstohavefun)\n|inactive|spencomatic also wants the timer to be on.\n|\n|t:|1732652545\n|switch|p2a: Magcargo|Magcargo, L95, M|268/268\n|move|p1a: Spiritomb|Will-O-Wisp|p2a: Magcargo|[miss]\n|-miss|p1a: Spiritomb|p2a: Magcargo\n|\n|upkeep\n|turn|2\n|\n|t:|1732652550\n|move|p1a: Spiritomb|Poltergeist|p2a: Magcargo\n|-activate|p2a: Magcargo|move: Poltergeist|Heavy-Duty Boots\n|-damage|p2a: Magcargo|178/268\n|move|p2a: Magcargo|Stealth Rock|p1a: Spiritomb\n|-sidestart|p1: spencomatic|move: Stealth Rock\n|\n|upkeep\n|turn|3\n|\n|t:|1732652561\n|switch|p1a: Gyarados|Gyarados, L79, M|280/280\n|move|p2a: Magcargo|Recover|p2a: Magcargo\n|-heal|p2a: Magcargo|268/268\n|\n|upkeep\n|turn|4\n|\n|t:|1732652572\n|move|p1a: Gyarados|Earthquake|p2a: Magcargo\n|-supereffective|p2a: Magcargo\n|-damage|p2a: Magcargo|44/268\n|move|p2a: Magcargo|Power Gem|p1a: Gyarados\n|-supereffective|p1a: Gyarados\n|-damage|p1a: Gyarados|76/280\n|\n|upkeep\n|turn|5\n|\n|t:|1732652584\n|switch|p2a: Cyclizar|Cyclizar, L83, F|252/252\n|move|p1a: Gyarados|Earthquake|p2a: Cyclizar\n|-damage|p2a: Cyclizar|159/252\n|\n|upkeep\n|turn|6\n|l|\u2606spencomatic\n|inactive|spencomatic disconnected and has a minute to reconnect!\n|player|p1|\n|j|\u2606spencomatic\n|inactive|spencomatic reconnected and has 145 seconds left.\n|player|p1|spencomatic|miku-ground|\n|\n|t:|1732652593\n|move|p2a: Cyclizar|Draco Meteor|p1a: Gyarados\n|-damage|p1a: Gyarados|0 fnt\n|-unboost|p2a: Cyclizar|spa|2\n|faint|p1a: Gyarados\n|\n|upkeep\n|\n|t:|1732652596\n|switch|p1a: Lokix|Lokix, L82, F|251/251\n|-damage|p1a: Lokix|189/251|[from] Stealth Rock\n|turn|7\n|\n|t:|1732652606\n|switch|p2a: Hippowdon|Hippowdon, L82, M|311/311\n|-weather|Sandstorm|[from] ability: Sand Stream|[of] p2a: Hippowdon\n|move|p1a: Lokix|First Impression|p2a: Hippowdon\n|-damage|p2a: Hippowdon|214/311\n|-damage|p1a: Lokix|148/251|[from] item: Rocky Helmet|[of] p2a: Hippowdon\n|-damage|p1a: Lokix|123/251|[from] item: Life Orb\n|\n|-weather|Sandstorm|[upkeep]\n|-damage|p1a: Lokix|108/251|[from] Sandstorm\n|upkeep\n|turn|8\n|\n|t:|1732652615\n|move|p1a: Lokix|Knock Off|p2a: Hippowdon\n|-damage|p2a: Hippowdon|104/311\n|-damage|p1a: Lokix|67/251|[from] item: Rocky Helmet|[of] p2a: Hippowdon\n|-enditem|p2a: Hippowdon|Rocky Helmet|[from] move: Knock Off|[of] p1a: Lokix\n|-damage|p1a: Lokix|42/251|[from] item: Life Orb\n|move|p2a: Hippowdon|Slack Off|p2a: Hippowdon\n|-heal|p2a: Hippowdon|260/311\n|\n|-weather|Sandstorm|[upkeep]\n|-damage|p1a: Lokix|27/251|[from] Sandstorm\n|upkeep\n|turn|9\n|\n|t:|1732652620\n|move|p1a: Lokix|Leech Life|p2a: Hippowdon\n|-damage|p2a: Hippowdon|169/311\n|-heal|p1a: Lokix|73/251|[from] drain|[of] p2a: Hippowdon\n|-damage|p1a: Lokix|48/251|[from] item: Life Orb\n|move|p2a: Hippowdon|Stone Edge|p1a: Lokix|[miss]\n|-miss|p2a: Hippowdon|p1a: Lokix\n|\n|-weather|Sandstorm|[upkeep]\n|-damage|p1a: Lokix|33/251|[from] Sandstorm\n|upkeep\n|turn|10\n|\n|t:|1732652627\n|move|p1a: Lokix|Leech Life|p2a: Hippowdon\n|-damage|p2a: Hippowdon|79/311\n|-heal|p1a: Lokix|78/251|[from] drain|[of] p2a: Hippowdon\n|-damage|p1a: Lokix|53/251|[from] item: Life Orb\n|move|p2a: Hippowdon|Slack Off|p2a: Hippowdon\n|-heal|p2a: Hippowdon|235/311\n|\n|-weather|Sandstorm|[upkeep]\n|-damage|p1a: Lokix|38/251|[from] Sandstorm\n|upkeep\n|turn|11\n|\n|t:|1732652631\n|move|p1a: Lokix|Leech Life|p2a: Hippowdon\n|-damage|p2a: Hippowdon|148/311\n|-heal|p1a: Lokix|82/251|[from] drain|[of] p2a: Hippowdon\n|-damage|p1a: Lokix|57/251|[from] item: Life Orb\n|move|p2a: Hippowdon|Slack Off|p2a: Hippowdon\n|-heal|p2a: Hippowdon|304/311\n|\n|-weather|none\n|upkeep\n|turn|12\n|\n|t:|1732652634\n|move|p1a: Lokix|Leech Life|p2a: Hippowdon\n|-damage|p2a: Hippowdon|217/311\n|-heal|p1a: Lokix|101/251|[from] drain|[of] p2a: Hippowdon\n|-damage|p1a: Lokix|76/251|[from] item: Life Orb\n|move|p2a: Hippowdon|Stone Edge|p1a: Lokix\n|-supereffective|p1a: Lokix\n|-damage|p1a: Lokix|0 fnt\n|faint|p1a: Lokix\n|\n|upkeep\n|\n|t:|1732652638\n|switch|p1a: Spiritomb|Spiritomb, L89, F|234/234\n|-damage|p1a: Spiritomb|205/234|[from] Stealth Rock\n|turn|13\n|\n|t:|1732652644\n|move|p2a: Hippowdon|Earthquake|p1a: Spiritomb\n|-damage|p1a: Spiritomb|121/234\n|move|p1a: Spiritomb|Foul Play|p2a: Hippowdon\n|-damage|p2a: Hippowdon|121/311\n|\n|-heal|p1a: Spiritomb|135/234|[from] item: Leftovers\n|upkeep\n|turn|14\n|\n|t:|1732652648\n|move|p2a: Hippowdon|Earthquake|p1a: Spiritomb\n|-damage|p1a: Spiritomb|48/234\n|move|p1a: Spiritomb|Will-O-Wisp|p2a: Hippowdon\n|-status|p2a: Hippowdon|brn\n|\n|-heal|p1a: Spiritomb|62/234|[from] item: Leftovers\n|-damage|p2a: Hippowdon|102/311 brn|[from] brn\n|upkeep\n|turn|15\n|\n|t:|1732652651\n|move|p2a: Hippowdon|Earthquake|p1a: Spiritomb\n|-damage|p1a: Spiritomb|19/234\n|move|p1a: Spiritomb|Pain Split|p2a: Hippowdon\n|-sethp|p2a: Hippowdon|60/311 brn|[from] move: Pain Split|[silent]\n|-sethp|p1a: Spiritomb|60/234|[from] move: Pain Split\n|\n|-heal|p1a: Spiritomb|74/234|[from] item: Leftovers\n|-damage|p2a: Hippowdon|41/311 brn|[from] brn\n|upkeep\n|turn|16\n|\n|t:|1732652656\n|move|p2a: Hippowdon|Earthquake|p1a: Spiritomb\n|-damage|p1a: Spiritomb|31/234\n|move|p1a: Spiritomb|Foul Play|p2a: Hippowdon\n|-damage|p2a: Hippowdon|0 fnt\n|faint|p2a: Hippowdon\n|\n|-heal|p1a: Spiritomb|45/234|[from] item: Leftovers\n|upkeep\n|\n|t:|1732652660\n|switch|p2a: Cyclizar|Cyclizar, L83, F|243/252\n|turn|17\n|\n|t:|1732652664\n|move|p2a: Cyclizar|Draco Meteor|p1a: Spiritomb\n|-damage|p1a: Spiritomb|0 fnt\n|-unboost|p2a: Cyclizar|spa|2\n|faint|p1a: Spiritomb\n|\n|upkeep\n|\n|t:|1732652667\n|switch|p1a: Girafarig|Girafarig, L89, M|269/269\n|-damage|p1a: Girafarig|236/269|[from] Stealth Rock\n|turn|18\n|\n|t:|1732652671\n|move|p2a: Cyclizar|Shed Tail|p2a: Cyclizar\n|-start|p2a: Cyclizar|Substitute|[from] move: Shed Tail\n|-damage|p2a: Cyclizar|117/252\n|\n|t:|1732652676\n|switch|p2a: Solgaleo|Solgaleo, L74|325/325|[from] Shed Tail\n|move|p1a: Girafarig|Nasty Plot|p1a: Girafarig\n|-boost|p1a: Girafarig|spa|2\n|\n|upkeep\n|turn|19\n|\n|t:|1732652681\n|move|p1a: Girafarig|Shadow Ball|p2a: Solgaleo\n|-supereffective|p2a: Solgaleo\n|-crit|p2a: Solgaleo\n|-end|p2a: Solgaleo|Substitute\n|move|p2a: Solgaleo|Knock Off|p1a: Girafarig\n|-supereffective|p1a: Girafarig\n|-damage|p1a: Girafarig|128/269\n|-enditem|p1a: Girafarig|Eviolite|[from] move: Knock Off|[of] p2a: Solgaleo\n|\n|upkeep\n|turn|20\n|\n|t:|1732652699\n|switch|p2a: Magcargo|Magcargo, L95, M|44/268\n|move|p1a: Girafarig|Shadow Ball|p2a: Magcargo\n|-damage|p2a: Magcargo|0 fnt\n|faint|p2a: Magcargo\n|\n|upkeep\n|\n|t:|1732652704\n|switch|p2a: Cyclizar|Cyclizar, L83, F|201/252\n|turn|21\n|\n|t:|1732652707\n|move|p2a: Cyclizar|Draco Meteor|p1a: Girafarig\n|-damage|p1a: Girafarig|0 fnt\n|-unboost|p2a: Cyclizar|spa|2\n|faint|p1a: Girafarig\n|\n|upkeep\n|\n|t:|1732652712\n|switch|p1a: Persian|Persian, L92, M|269/269\n|-damage|p1a: Persian|236/269|[from] Stealth Rock\n|turn|22\n|\n|t:|1732652716\n|switch|p2a: Gholdengo|Gholdengo, L77|261/261\n|move|p1a: Persian|Fake Out|p2a: Gholdengo\n|-immune|p2a: Gholdengo\n|\n|upkeep\n|turn|23\n|\n|t:|1732652731\n|switch|p2a: Solgaleo|Solgaleo, L74|325/325\n|move|p1a: Persian|Knock Off|p2a: Solgaleo\n|-supereffective|p2a: Solgaleo\n|-damage|p2a: Solgaleo|197/325\n|-damage|p1a: Persian|192/269|[from] item: Rocky Helmet|[of] p2a: Solgaleo\n|-enditem|p2a: Solgaleo|Rocky Helmet|[from] move: Knock Off|[of] p1a: Persian\n|\n|upkeep\n|turn|24\n|\n|t:|1732652736\n|move|p1a: Persian|U-turn|p2a: Solgaleo\n|-damage|p2a: Solgaleo|156/325\n|\n|t:|1732652737\n|switch|p1a: Volcanion|Volcanion, L79|255/255|[from] U-turn\n|-damage|p1a: Volcanion|192/255|[from] Stealth Rock\n|move|p2a: Solgaleo|Morning Sun|p2a: Solgaleo\n|-heal|p2a: Solgaleo|318/325\n|\n|upkeep\n|turn|25\n|\n|t:|1732652744\n|switch|p2a: Cyclizar|Cyclizar, L83, F|252/252\n|move|p1a: Volcanion|Flamethrower|p2a: Cyclizar\n|-resisted|p2a: Cyclizar\n|-damage|p2a: Cyclizar|185/252\n|-status|p2a: Cyclizar|brn\n|\n|-damage|p2a: Cyclizar|170/252 brn|[from] brn\n|upkeep\n|turn|26\n|\n|t:|1732652748\n|move|p2a: Cyclizar|Draco Meteor|p1a: Volcanion\n|-damage|p1a: Volcanion|66/255\n|-unboost|p2a: Cyclizar|spa|2\n|move|p1a: Volcanion|Flamethrower|p2a: Cyclizar\n|-resisted|p2a: Cyclizar\n|-damage|p2a: Cyclizar|101/252 brn\n|\n|-damage|p2a: Cyclizar|86/252 brn|[from] brn\n|upkeep\n|turn|27\n|\n|t:|1732652755\n|move|p2a: Cyclizar|Draco Meteor|p1a: Volcanion\n|-damage|p1a: Volcanion|0 fnt\n|-unboost|p2a: Cyclizar|spa|2\n|faint|p1a: Volcanion\n|\n|-damage|p2a: Cyclizar|71/252 brn|[from] brn\n|upkeep\n|-message|spencomatic forfeited.\n|\n|win|useemstohavefun\n|raw|spencomatic's rating: 2244 &rarr; <strong>2230</strong><br />(-14 for losing)\n|raw|useemstohavefun's rating: 2346 &rarr; <strong>2360</strong><br />(+14 for winning)\n|l|\u2606spencomatic\n|player|p1|\n", "inputlog": ">version b107d77f5c90bd6555267ae244a6264823309ead\n>start {\"formatid\":\"gen9randombattle\",\"seed\":[54562,15066,6616,49643],\"rated\":\"Rated battle\"}\n>player p1 {\"name\":\"spencomatic\",\"avatar\":\"miku-ground\",\"rating\":2244,\"seed\":[15774,25616,9640,46830]}\n>player p2 {\"name\":\"useemstohavefun\",\"avatar\":\"thorton\",\"rating\":2346,\"seed\":[7878,54480,65286,14108]}\n>p1 move willowisp\n>p2 switch 3\n>p1 move poltergeist\n>p2 move stealthrock\n>p1 switch 4\n>p2 move recover\n>p1 move earthquake\n>p2 move powergem\n>p1 move earthquake\n>p2 switch 2\n>p1 move earthquake\n>p2 move dracometeor\n>p1 switch 3\n>p1 move firstimpression\n>p2 switch 4\n>p1 move knockoff\n>p2 move slackoff\n>p1 move leechlife\n>p2 move stoneedge\n>p1 move leechlife\n>p2 move slackoff\n>p1 move leechlife\n>p2 move slackoff\n>p1 move leechlife\n>p2 move stoneedge\n>p1 switch 4\n>p1 move foulplay\n>p2 move earthquake\n>p1 move willowisp\n>p2 move earthquake\n>p1 move painsplit\n>p2 move earthquake\n>p1 move foulplay\n>p2 move earthquake\n>p2 switch 4\n>p1 move foulplay\n>p2 move dracometeor\n>p1 switch 6\n>p1 move nastyplot\n>p2 move shedtail\n>p2 switch 3\n>p1 move shadowball\n>p2 move knockoff\n>p1 move shadowball\n>p2 switch 2\n>p2 switch 3\n>p1 move dazzlinggleam\n>p2 move dracometeor\n>p1 switch 5\n>p1 move fakeout\n>p2 switch 5\n>p1 move knockoff\n>p2 switch 2\n>p1 move uturn\n>p2 move morningsun\n>p1 switch 2\n>p1 move flamethrower\n>p2 switch 5\n>p1 move flamethrower\n>p2 move dracometeor\n>p1 move flamethrower\n>p2 move dracometeor\n>forcelose p1", "uploadtime": 1732652763, "views": 15, "formatid": "gen9randombattle", "rating": 2230, "private": 0, "password": null}