{"id": "gen9randombattle-2260770870", "format": "[Gen 9] Random Battle", "players": ["Fizzl3", "Carnage Reigns"], "log": "|j|\u2606Fizzl3\n|j|\u2606Carnage Reigns\n|t:|1733889549\n|gametype|singles\n|player|p1|Fizzl3|guitarist|1362\n|player|p2|Carnage Reigns|101|1369\n|teamsize|p1|6\n|teamsize|p2|6\n|gen|9\n|tier|[Gen 9] Random Battle\n|rated|\n|rule|Species Clause: Limit one of each Pok\u00e9mon\n|rule|HP Percentage Mod: HP is shown in percentages\n|rule|Sleep Clause Mod: Limit one foe put to sleep\n|rule|Illusion Level Mod: Illusion disguises the Pok\u00e9mon's true level\n|\n|t:|1733889549\n|start\n|switch|p1a: Mudsdale|Mudsdale, L84, F|305/305\n|switch|p2a: Toucannon|Toucannon, L88, M|284/284\n|turn|1\n|inactive|Battle timer is ON: inactive players will automatically lose when time's up. (requested by Carnage Reigns)\n|\n|t:|1733889568\n|switch|p2a: Serperior|Serperior, L79, F|248/248\n|move|p1a: Mudsdale|Stealth Rock|p2a: Serperior\n|-sidestart|p2: Carnage Reigns|move: Stealth Rock\n|\n|upkeep\n|turn|2\n|\n|t:|1733889585\n|switch|p1a: Koraidon|Koraidon, L64|235/235\n|-weather|SunnyDay|[from] ability: Orichalcum Pulse|[of] p1a: Koraidon\n|-activate|p1a: Koraidon|Orichalcum Pulse|[source]\n|move|p2a: Serperior|Substitute|p2a: Serperior\n|-start|p2a: Serperior|Substitute\n|-damage|p2a: Serperior|186/248\n|\n|-weather|SunnyDay|[upkeep]\n|-heal|p2a: Serperior|201/248|[from] item: Leftovers\n|upkeep\n|turn|3\n|\n|t:|1733889600\n|move|p2a: Serperior|Leech Seed|p1a: Koraidon\n|-start|p1a: Koraidon|move: Leech Seed\n|move|p1a: Koraidon|Flare Blitz|p2a: Serperior\n|-supereffective|p2a: Serperior\n|-end|p2a: Serperior|Substitute\n|-damage|p1a: Koraidon|215/235|[from] Recoil|[of] p2a: Serperior\n|\n|-weather|SunnyDay|[upkeep]\n|-heal|p2a: Serperior|216/248|[from] item: Leftovers\n|-damage|p1a: Koraidon|186/235|[from] Leech Seed|[of] p2a: Serperior\n|-heal|p2a: Serperior|245/248|[silent]\n|upkeep\n|turn|4\n|\n|t:|1733889612\n|move|p2a: Serperior|Substitute|p2a: Serperior\n|-start|p2a: Serperior|Substitute\n|-damage|p2a: Serperior|183/248\n|move|p1a: Koraidon|Flare Blitz|p2a: Serperior\n|-supereffective|p2a: Serperior\n|-end|p2a: Serperior|Substitute\n|-damage|p1a: Koraidon|166/235|[from] Recoil|[of] p2a: Serperior\n|\n|-weather|SunnyDay|[upkeep]\n|-heal|p2a: Serperior|198/248|[from] item: Leftovers\n|-damage|p1a: Koraidon|137/235|[from] Leech Seed|[of] p2a: Serperior\n|-heal|p2a: Serperior|227/248|[silent]\n|upkeep\n|turn|5\n|\n|t:|1733889632\n|switch|p1a: Maushold|Maushold-Four, L76|238/238\n|move|p2a: Serperior|Substitute|p2a: Serperior\n|-start|p2a: Serperior|Substitute\n|-damage|p2a: Serperior|165/248\n|\n|-weather|SunnyDay|[upkeep]\n|-heal|p2a: Serperior|180/248|[from] item: Leftovers\n|upkeep\n|turn|6\n|\n|t:|1733889641\n|move|p2a: Serperior|Leaf Storm|p1a: Maushold\n|-damage|p1a: Maushold|115/238\n|-boost|p2a: Serperior|spa|2\n|move|p1a: Maushold|Population Bomb|p2a: Serperior\n|-activate|p2a: Serperior|move: Substitute|[damage]\n|-activate|p2a: Serperior|move: Substitute|[damage]\n|-end|p2a: Serperior|Substitute\n|-damage|p2a: Serperior|158/248\n|-damage|p2a: Serperior|136/248\n|-damage|p2a: Serperior|112/248\n|-damage|p2a: Serperior|88/248\n|-damage|p2a: Serperior|66/248\n|-damage|p2a: Serperior|44/248\n|-damage|p2a: Serperior|19/248\n|-hitcount|p2a: Serperior|10\n|\n|-weather|none\n|-heal|p2a: Serperior|34/248|[from] item: Leftovers\n|upkeep\n|turn|7\n|\n|t:|1733889663\n|move|p2a: Serperior|Leaf Storm|p1a: Maushold\n|-damage|p1a: Maushold|0 fnt\n|-boost|p2a: Serperior|spa|2\n|faint|p1a: Maushold\n|\n|-heal|p2a: Serperior|49/248|[from] item: Leftovers\n|upkeep\n|\n|t:|1733889676\n|switch|p1a: Wigglytuff|Wigglytuff, L96, F|424/424\n|turn|8\n|\n|t:|1733889682\n|move|p2a: Serperior|Leaf Storm|p1a: Wigglytuff\n|-damage|p1a: Wigglytuff|55/424\n|-boost|p2a: Serperior|spa|2\n|move|p1a: Wigglytuff|Fire Blast|p2a: Serperior\n|-supereffective|p2a: Serperior\n|-damage|p2a: Serperior|0 fnt\n|faint|p2a: Serperior\n|\n|-heal|p1a: Wigglytuff|81/424|[from] item: Leftovers\n|upkeep\n|inactive|Carnage Reigns has 120 seconds left.\n|\n|t:|1733889717\n|switch|p2a: Hypno|Hypno, L95, M|315/315\n|-damage|p2a: Hypno|276/315|[from] Stealth Rock\n|turn|9\n|inactive|Carnage Reigns has 120 seconds left.\n|\n|t:|1733889724\n|move|p2a: Hypno|Psychic Noise|p1a: Wigglytuff\n|-damage|p1a: Wigglytuff|0 fnt\n|faint|p1a: Wigglytuff\n|\n|-heal|p2a: Hypno|295/315|[from] item: Leftovers\n|upkeep\n|\n|t:|1733889732\n|switch|p1a: Mudsdale|Mudsdale, L84, F|305/305\n|turn|10\n|\n|t:|1733889744\n|move|p2a: Hypno|Toxic|p1a: Mudsdale\n|-status|p1a: Mudsdale|tox\n|move|p1a: Mudsdale|Heavy Slam|p2a: Hypno\n|-damage|p2a: Hypno|184/315\n|\n|-heal|p2a: Hypno|203/315|[from] item: Leftovers\n|-damage|p1a: Mudsdale|286/305 tox|[from] psn\n|upkeep\n|turn|11\n|\n|t:|1733889755\n|move|p2a: Hypno|Psychic Noise|p1a: Mudsdale\n|-damage|p1a: Mudsdale|199/305 tox\n|-start|p1a: Mudsdale|move: Heal Block\n|-ability|p1a: Mudsdale|Stamina|boost\n|-boost|p1a: Mudsdale|def|1\n|move|p1a: Mudsdale|Earthquake|p2a: Hypno\n|-damage|p2a: Hypno|70/315\n|\n|-heal|p2a: Hypno|89/315|[from] item: Leftovers\n|-damage|p1a: Mudsdale|161/305 tox|[from] psn\n|upkeep\n|turn|12\n|\n|t:|1733889775\n|move|p2a: Hypno|Psychic Noise|p1a: Mudsdale\n|-damage|p1a: Mudsdale|80/305 tox\n|-ability|p1a: Mudsdale|Stamina|boost\n|-boost|p1a: Mudsdale|def|1\n|move|p1a: Mudsdale|Earthquake|p2a: Hypno\n|-damage|p2a: Hypno|0 fnt\n|faint|p2a: Hypno\n|\n|-damage|p1a: Mudsdale|23/305 tox|[from] psn\n|-end|p1a: Mudsdale|move: Heal Block\n|upkeep\n|inactive|Carnage Reigns has 120 seconds left.\n|\n|t:|1733889790\n|switch|p2a: Toucannon|Toucannon, L88, M|284/284\n|turn|13\n|\n|t:|1733889794\n|move|p2a: Toucannon|Boomburst|p1a: Mudsdale\n|-damage|p1a: Mudsdale|0 fnt\n|faint|p1a: Mudsdale\n|\n|upkeep\n|\n|t:|1733889807\n|switch|p1a: Minior|Minior-Green, L79|224/224\n|-formechange|p1a: Minior|Minior-Meteor||[from] ability: Shields Down\n|turn|14\n|\n|t:|1733889820\n|move|p2a: Toucannon|Bullet Seed|p1a: Minior\n|-damage|p1a: Minior|201/224\n|-damage|p1a: Minior|177/224\n|-damage|p1a: Minior|154/224\n|-damage|p1a: Minior|131/224\n|-damage|p1a: Minior|106/224\n|-hitcount|p1a: Minior|5\n|move|p1a: Minior|Shell Smash|p1a: Minior\n|-unboost|p1a: Minior|def|1\n|-unboost|p1a: Minior|spd|1\n|-boost|p1a: Minior|atk|2\n|-boost|p1a: Minior|spa|2\n|-boost|p1a: Minior|spe|2\n|-enditem|p1a: Minior|White Herb\n|-clearnegativeboost|p1a: Minior|[silent]\n|\n|-formechange|p1a: Minior|Minior-Green||[from] ability: Shields Down\n|upkeep\n|turn|15\n|\n|t:|1733889838\n|-terastallize|p2a: Toucannon|Steel\n|move|p1a: Minior|Power Gem|p2a: Toucannon\n|-resisted|p2a: Toucannon\n|-damage|p2a: Toucannon|196/284\n|move|p2a: Toucannon|Bullet Seed|p1a: Minior\n|-damage|p1a: Minior|72/224\n|-damage|p1a: Minior|39/224\n|-damage|p1a: Minior|4/224\n|-damage|p1a: Minior|0 fnt\n|faint|p1a: Minior\n|-hitcount|p1: Minior|4\n|\n|upkeep\n|\n|t:|1733889841\n|switch|p1a: Koraidon|Koraidon, L64|137/235\n|-weather|SunnyDay|[from] ability: Orichalcum Pulse|[of] p1a: Koraidon\n|-activate|p1a: Koraidon|Orichalcum Pulse|[source]\n|turn|16\n|\n|t:|1733889855\n|-singleturn|p2a: Toucannon|move: Beak Blast\n|move|p1a: Koraidon|Close Combat|p2a: Toucannon\n|-supereffective|p2a: Toucannon\n|-damage|p2a: Toucannon|0 fnt\n|-status|p1a: Koraidon|brn\n|-unboost|p1a: Koraidon|def|1\n|-unboost|p1a: Koraidon|spd|1\n|faint|p2a: Toucannon\n|\n|-weather|SunnyDay|[upkeep]\n|-damage|p1a: Koraidon|123/235 brn|[from] brn\n|upkeep\n|\n|t:|1733889870\n|switch|p2a: Kyogre|Kyogre, L71|259/259\n|-damage|p2a: Kyogre|227/259|[from] Stealth Rock\n|-weather|RainDance|[from] ability: Drizzle|[of] p2a: Kyogre\n|turn|17\n|\n|t:|1733889879\n|switch|p1a: Kingdra|Kingdra, L84, M|263/263\n|move|p2a: Kyogre|Ice Beam|p1a: Kingdra\n|-damage|p1a: Kingdra|205/263\n|\n|-weather|RainDance|[upkeep]\n|-heal|p2a: Kyogre|243/259|[from] item: Leftovers\n|upkeep\n|turn|18\n|\n|t:|1733889889\n|move|p1a: Kingdra|Hurricane|p2a: Kyogre\n|-damage|p2a: Kyogre|162/259\n|-start|p2a: Kyogre|confusion\n|-damage|p1a: Kingdra|179/263|[from] item: Life Orb\n|-activate|p2a: Kyogre|confusion\n|move|p2a: Kyogre|Thunder|p1a: Kingdra\n|-damage|p1a: Kingdra|106/263\n|-status|p1a: Kingdra|par\n|\n|-weather|RainDance|[upkeep]\n|-heal|p2a: Kyogre|178/259|[from] item: Leftovers\n|upkeep\n|turn|19\n|\n|t:|1733889903\n|move|p1a: Kingdra|Wave Crash|p2a: Kyogre\n|-resisted|p2a: Kyogre\n|-damage|p2a: Kyogre|26/259\n|-damage|p1a: Kingdra|56/263 par|[from] Recoil\n|-damage|p1a: Kingdra|30/263 par|[from] item: Life Orb\n|-end|p2a: Kyogre|confusion\n|move|p2a: Kyogre|Ice Beam|p1a: Kingdra\n|-damage|p1a: Kingdra|0 fnt\n|faint|p1a: Kingdra\n|\n|-weather|RainDance|[upkeep]\n|-heal|p2a: Kyogre|42/259|[from] item: Leftovers\n|upkeep\n|\n|t:|1733889907\n|switch|p1a: Koraidon|Koraidon, L64|123/235 brn\n|-weather|SunnyDay|[from] ability: Orichalcum Pulse|[of] p1a: Koraidon\n|-activate|p1a: Koraidon|Orichalcum Pulse|[source]\n|turn|20\n|\n|t:|1733889930\n|-terastallize|p1a: Koraidon|Fire\n|move|p1a: Koraidon|Outrage|p2a: Kyogre\n|-damage|p2a: Kyogre|0 fnt\n|faint|p2a: Kyogre\n|\n|-weather|SunnyDay|[upkeep]\n|-damage|p1a: Koraidon|109/235 brn|[from] brn\n|upkeep\n|inactive|Carnage Reigns has 120 seconds left.\n|\n|t:|1733889944\n|switch|p2a: Scrafty|Scrafty, L84, F|246/246\n|-damage|p2a: Scrafty|231/246|[from] Stealth Rock\n|-ability|p2a: Scrafty|Intimidate|boost\n|-unboost|p1a: Koraidon|atk|1\n|turn|21\n|\n|t:|1733889951\n|move|p1a: Koraidon|Outrage|p2a: Scrafty|[from]lockedmove\n|-crit|p2a: Scrafty\n|-damage|p2a: Scrafty|121/246\n|move|p2a: Scrafty|Close Combat|p1a: Koraidon\n|-damage|p1a: Koraidon|0 fnt\n|-unboost|p2a: Scrafty|def|1\n|-unboost|p2a: Scrafty|spd|1\n|faint|p1a: Koraidon\n|-damage|p2a: Scrafty|97/246|[from] item: Life Orb\n|\n|win|Carnage Reigns\n|raw|Fizzl3's rating: 1362 &rarr; <strong>1342</strong><br />(-20 for losing)\n|raw|Carnage Reigns's rating: 1369 &rarr; <strong>1389</strong><br />(+20 for winning)\n|l|\u2606Fizzl3\n|player|p1|\n", "inputlog": ">version bfd83cad13791eb5a5a409923076391caf6fb4d4\n>start {\"formatid\":\"gen9randombattle\",\"seed\":[31749,44023,58373,2333],\"rated\":\"Rated battle\"}\n>player p1 {\"name\":\"Fizzl3\",\"avatar\":\"guitarist\",\"rating\":1362,\"seed\":[31409,51402,18000,44829]}\n>player p2 {\"name\":\"Carnage Reigns\",\"avatar\":\"101\",\"rating\":1369,\"seed\":[10541,21120,60881,55562]}\n>p1 move stealthrock\n>p2 switch 5\n>p1 switch 5\n>p2 move substitute\n>p1 move flareblitz\n>p2 move leechseed\n>p1 move flareblitz\n>p2 move substitute\n>p1 switch 3\n>p2 move substitute\n>p1 move populationbomb\n>p2 move leafstorm\n>p1 move populationbomb\n>p2 move leafstorm\n>p1 switch 2\n>p1 move fireblast\n>p2 move leafstorm\n>p2 switch 3\n>p1 move wish\n>p2 move psychicnoise\n>p1 switch 5\n>p1 move heavyslam\n>p2 move toxic\n>p1 move earthquake\n>p2 move psychicnoise\n>p1 move earthquake\n>p2 move psychicnoise\n>p2 switch 5\n>p1 move stoneedge\n>p2 move boomburst\n>p1 switch 6\n>p1 move shellsmash\n>p2 move bulletseed\n>p1 move powergem\n>p2 move bulletseed terastallize\n>p1 switch 3\n>p1 move closecombat\n>p2 move beakblast\n>p2 switch 6\n>p1 switch 4\n>p2 move icebeam\n>p1 move hurricane\n>p2 move thunder\n>p1 move wavecrash\n>p2 move icebeam\n>p1 switch 4\n>p1 move outrage terastallize\n>p2 move icebeam\n>p2 switch 4\n>p1 move outrage\n>p2 move closecombat", "uploadtime": 1733890161, "views": 10, "formatid": "gen9randombattle", "rating": 1342, "private": 0, "password": null}