{"id": "gen9randombattle-2260050572", "format": "[Gen 9] Random Battle", "players": ["renj0", "geztrapper"], "log": "|j|\u203drenj0\n|j|\u203dgeztrapper\n|t:|1733795793\n|gametype|singles\n|player|p1|renj0|1|\n|player|p2|geztrapper|266|\n|teamsize|p1|6\n|teamsize|p2|6\n|gen|9\n|tier|[Gen 9] Random Battle\n|rule|Species Clause: Limit one of each Pok\u00e9mon\n|rule|HP Percentage Mod: HP is shown in percentages\n|rule|Sleep Clause Mod: Limit one foe put to sleep\n|rule|Illusion Level Mod: Illusion disguises the Pok\u00e9mon's true level\n|\n|t:|1733795793\n|start\n|switch|p1a: Plusle|Plusle, L95, M|268/268\n|switch|p2a: Moltres|Moltres-Galar, L79|271/271\n|turn|1\n|\n|t:|1733795866\n|move|p1a: Plusle|Nasty Plot|p1a: Plusle\n|-boost|p1a: Plusle|spa|2\n|move|p2a: Moltres|Nasty Plot|p2a: Moltres\n|-boost|p2a: Moltres|spa|2\n|\n|upkeep\n|turn|2\n|\n|t:|1733795909\n|-terastallize|p2a: Moltres|Dark\n|move|p1a: Plusle|Alluring Voice|p2a: Moltres\n|-supereffective|p2a: Moltres\n|-crit|p2a: Moltres\n|-damage|p2a: Moltres|0 fnt\n|faint|p2a: Moltres\n|-damage|p1a: Plusle|242/268|[from] item: Life Orb\n|\n|upkeep\n|\n|t:|1733795947\n|switch|p2a: Comfey|Comfey, L85, M|225/225\n|turn|3\n|\n|t:|1733795966\n|move|p1a: Plusle|Nasty Plot|p1a: Plusle\n|-boost|p1a: Plusle|spa|2\n|move|p2a: Comfey|Calm Mind|p2a: Comfey\n|-boost|p2a: Comfey|spa|1\n|-boost|p2a: Comfey|spd|1\n|\n|upkeep\n|turn|4\n|\n|t:|1733795972\n|move|p1a: Plusle|Nasty Plot|p1a: Plusle\n|-boost|p1a: Plusle|spa|2\n|move|p2a: Comfey|Calm Mind|p2a: Comfey\n|-boost|p2a: Comfey|spa|1\n|-boost|p2a: Comfey|spd|1\n|\n|upkeep\n|turn|5\n|\n|t:|1733795978\n|move|p1a: Plusle|Thunderbolt|p2a: Comfey\n|-damage|p2a: Comfey|0 fnt\n|faint|p2a: Comfey\n|-damage|p1a: Plusle|216/268|[from] item: Life Orb\n|\n|upkeep\n|\n|t:|1733796011\n|switch|p2a: Illumise|Illumise, L91, F|266/266\n|turn|6\n|\n|t:|1733796035\n|move|p2a: Illumise|Encore|p1a: Plusle\n|-start|p1a: Plusle|Encore\n|move|p1a: Plusle|Thunderbolt|p2a: Illumise\n|-damage|p2a: Illumise|0 fnt\n|faint|p2a: Illumise\n|-damage|p1a: Plusle|190/268|[from] item: Life Orb\n|\n|upkeep\n|\n|t:|1733796053\n|switch|p2a: Hitmonchan|Hitmonchan, L87, M|229/229\n|turn|7\n|\n|t:|1733796066\n|move|p1a: Plusle|Thunderbolt|p2a: Hitmonchan\n|-damage|p2a: Hitmonchan|0 fnt\n|faint|p2a: Hitmonchan\n|-damage|p1a: Plusle|164/268|[from] item: Life Orb\n|\n|upkeep\n|\n|t:|1733796069\n|switch|p2a: Annihilape|Annihilape, L76, M|292/292\n|turn|8\n|\n|t:|1733796076\n|move|p1a: Plusle|Thunderbolt|p2a: Annihilape\n|-damage|p2a: Annihilape|0 fnt\n|faint|p2a: Annihilape\n|-damage|p1a: Plusle|138/268|[from] item: Life Orb\n|\n|-end|p1a: Plusle|Encore\n|upkeep\n|\n|t:|1733796078\n|switch|p2a: Vaporeon|Vaporeon, L86, F|364/364\n|turn|9\n|\n|t:|1733796084\n|move|p2a: Vaporeon|Protect|p2a: Vaporeon\n|-singleturn|p2a: Vaporeon|Protect\n|move|p1a: Plusle|Thunderbolt|p2a: Vaporeon\n|-activate|p2a: Vaporeon|move: Protect\n|\n|upkeep\n|turn|10\n|\n|t:|1733796090\n|move|p1a: Plusle|Thunderbolt|p2a: Vaporeon\n|-supereffective|p2a: Vaporeon\n|-damage|p2a: Vaporeon|0 fnt\n|faint|p2a: Vaporeon\n|-damage|p1a: Plusle|112/268|[from] item: Life Orb\n|\n|win|renj0\n|l|\u203dgeztrapper\n|player|p2|\n", "inputlog": ">version bfd83cad13791eb5a5a409923076391caf6fb4d4\n>start {\"formatid\":\"gen9randombattle\",\"seed\":[38340,41997,9855,39675]}\n>player p1 {\"name\":\"renj0\",\"avatar\":\"1\",\"rating\":0,\"seed\":[11334,15745,10928,9327]}\n>player p2 {\"name\":\"geztrapper\",\"avatar\":\"266\",\"rating\":0,\"seed\":[35887,57713,25561,11253]}\n>p1 move nastyplot\n>p2 move nastyplot\n>p1 move alluringvoice\n>p2 move fierywrath terastallize\n>p2 switch 4\n>p1 move nastyplot\n>p2 move calmmind\n>p1 move nastyplot\n>p2 move calmmind\n>p1 move thunderbolt\n>p2 move calmmind\n>p2 switch 3\n>p1 move thunderbolt\n>p2 move encore\n>p2 switch 5\n>p1 move thunderbolt\n>p2 move knockoff\n>p2 switch 2\n>p1 move thunderbolt\n>p2 move ragefist\n>p2 switch 6\n>p1 move thunderbolt\n>p2 move protect\n>p1 move thunderbolt\n>p2 move scald", "uploadtime": 1733796112, "views": 6, "formatid": "gen9randombattle", "rating": null, "private": 0, "password": null}