{"id": "gen9randombattle-2260436501", "format": "[Gen 9] Random Battle", "players": ["CubiKaiser", "Saltyham62"], "log": "|j|\u2606CubiKaiser\n|j|\u2606Saltyham62\n|t:|1733851456\n|gametype|singles\n|player|p1|CubiKaiser|steven|1567\n|player|p2|Saltyham62|acetrainer-gen4dp|1610\n|teamsize|p1|6\n|teamsize|p2|6\n|gen|9\n|tier|[Gen 9] Random Battle\n|rated|\n|rule|Species Clause: Limit one of each Pok\u00e9mon\n|rule|HP Percentage Mod: HP is shown in percentages\n|rule|Sleep Clause Mod: Limit one foe put to sleep\n|rule|Illusion Level Mod: Illusion disguises the Pok\u00e9mon's true level\n|\n|t:|1733851456\n|start\n|switch|p1a: Vikavolt|Vikavolt, L83, F|263/263\n|switch|p2a: Inteleon|Inteleon, L81, M|246/246\n|turn|1\n|inactive|Battle timer is ON: inactive players will automatically lose when time's up. (requested by Saltyham62)\n|\n|t:|1733851468\n|move|p2a: Inteleon|U-turn|p1a: Vikavolt\n|-damage|p1a: Vikavolt|222/263\n|\n|t:|1733851473\n|switch|p2a: Espeon|Espeon, L84, M|246/246|[from] U-turn\n|move|p1a: Vikavolt|Sticky Web|p2a: Espeon\n|move|p2a: Espeon|Sticky Web|p1a: Vikavolt|[from]ability: Magic Bounce\n|-sidestart|p1: CubiKaiser|move: Sticky Web\n|\n|upkeep\n|turn|2\n|\n|t:|1733851486\n|switch|p2a: Frosmoth|Frosmoth, L82, M|249/249\n|move|p1a: Vikavolt|Bug Buzz|p2a: Frosmoth\n|-damage|p2a: Frosmoth|186/249\n|\n|upkeep\n|turn|3\n|l|\u2606Saltyham62\n|inactive|Saltyham62 disconnected and has a minute to reconnect!\n|player|p2|\n|j|\u2606Saltyham62\n|inactive|Saltyham62 reconnected.\n|player|p2|Saltyham62|acetrainer-gen4dp|\n|inactive|CubiKaiser has 120 seconds left.\n|\n|t:|1733851520\n|move|p2a: Frosmoth|Ice Beam|p1a: Vikavolt\n|-damage|p1a: Vikavolt|107/263\n|-status|p1a: Vikavolt|frz\n|cant|p1a: Vikavolt|frz\n|\n|upkeep\n|turn|4\n|c|\u2606CubiKaiser|ok\n|inactive|CubiKaiser has 120 seconds left.\n|\n|t:|1733851534\n|move|p2a: Frosmoth|Ice Beam|p1a: Vikavolt\n|-damage|p1a: Vikavolt|0 fnt\n|faint|p1a: Vikavolt\n|\n|upkeep\n|inactive|CubiKaiser has 120 seconds left.\n|c|\u2606Saltyham62|Game hates yoy\n|\n|t:|1733851547\n|switch|p1a: Gouging Fire|Gouging Fire, L74|277/277\n|turn|5\n|inactive|CubiKaiser has 120 seconds left.\n|\n|t:|1733851556\n|switch|p2a: Espeon|Espeon, L84, M|246/246\n|move|p1a: Gouging Fire|Dragon Dance|p1a: Gouging Fire\n|-boost|p1a: Gouging Fire|atk|1\n|-boost|p1a: Gouging Fire|spe|1\n|\n|upkeep\n|turn|6\n|\n|t:|1733851561\n|move|p1a: Gouging Fire|Heat Crash|p2a: Espeon\n|-damage|p2a: Espeon|20/246\n|move|p2a: Espeon|Alluring Voice|p1a: Gouging Fire\n|-damage|p1a: Gouging Fire|174/277\n|-damage|p2a: Espeon|0 fnt|[from] item: Life Orb\n|faint|p2a: Espeon\n|\n|upkeep\n|\n|t:|1733851572\n|switch|p2a: Inteleon|Inteleon, L81, M|246/246\n|turn|7\n|\n|t:|1733851581\n|move|p1a: Gouging Fire|Outrage|p2a: Inteleon\n|-damage|p2a: Inteleon|20/246\n|move|p2a: Inteleon|Scald|p1a: Gouging Fire\n|-damage|p1a: Gouging Fire|0 fnt\n|faint|p1a: Gouging Fire\n|-end|p1a: Gouging Fire|Protosynthesis|[silent]\n|\n|upkeep\n|\n|t:|1733851606\n|switch|p1a: Necrozma|Necrozma-Dusk-Mane, L69|248/248\n|-activate|p1a: Necrozma|move: Sticky Web\n|-unboost|p1a: Necrozma|spe|1\n|turn|8\n|\n|t:|1733851609\n|move|p2a: Inteleon|Scald|p1a: Necrozma\n|-damage|p1a: Necrozma|38/248\n|move|p1a: Necrozma|Dragon Dance|p1a: Necrozma\n|-boost|p1a: Necrozma|atk|1\n|-boost|p1a: Necrozma|spe|1\n|\n|upkeep\n|turn|9\n|\n|t:|1733851614\n|move|p2a: Inteleon|Scald|p1a: Necrozma\n|-damage|p1a: Necrozma|0 fnt\n|faint|p1a: Necrozma\n|\n|upkeep\n|\n|t:|1733851619\n|switch|p1a: Granbull|Granbull, L88, F|302/302\n|-activate|p1a: Granbull|move: Sticky Web\n|-unboost|p1a: Granbull|spe|1\n|-ability|p1a: Granbull|Intimidate|boost\n|-unboost|p2a: Inteleon|atk|1\n|turn|10\n|\n|t:|1733851630\n|switch|p2a: Shaymin|Shaymin, L82|298/298\n|move|p1a: Granbull|Play Rough|p2a: Shaymin\n|-damage|p2a: Shaymin|189/298\n|\n|-heal|p2a: Shaymin|207/298|[from] item: Leftovers\n|upkeep\n|turn|11\n|\n|t:|1733851634\n|move|p2a: Shaymin|Seed Flare|p1a: Granbull\n|-damage|p1a: Granbull|151/302\n|move|p1a: Granbull|Thunder Wave|p2a: Shaymin\n|-status|p2a: Shaymin|par\n|\n|-heal|p2a: Shaymin|225/298 par|[from] item: Leftovers\n|-heal|p1a: Granbull|169/302|[from] item: Leftovers\n|upkeep\n|turn|12\n|\n|t:|1733851641\n|switch|p1a: Flamigo|Flamigo, L82, F|269/269\n|cant|p2a: Shaymin|par\n|\n|-heal|p2a: Shaymin|243/298 par|[from] item: Leftovers\n|upkeep\n|turn|13\n|\n|t:|1733851650\n|move|p1a: Flamigo|Brave Bird|p2a: Shaymin\n|-supereffective|p2a: Shaymin\n|-damage|p2a: Shaymin|0 fnt\n|faint|p2a: Shaymin\n|-damage|p1a: Flamigo|189/269|[from] Recoil\n|\n|upkeep\n|\n|t:|1733851664\n|switch|p2a: Inteleon|Inteleon, L81, M|20/246\n|turn|14\n|\n|t:|1733851669\n|move|p2a: Inteleon|Scald|p1a: Flamigo\n|-damage|p1a: Flamigo|0 fnt\n|faint|p1a: Flamigo\n|\n|upkeep\n|\n|t:|1733851672\n|switch|p1a: Granbull|Granbull, L88, F|169/302\n|-activate|p1a: Granbull|move: Sticky Web\n|-unboost|p1a: Granbull|spe|1\n|-ability|p1a: Granbull|Intimidate|boost\n|-unboost|p2a: Inteleon|atk|1\n|turn|15\n|\n|t:|1733851675\n|move|p2a: Inteleon|Scald|p1a: Granbull\n|-damage|p1a: Granbull|0 fnt\n|faint|p1a: Granbull\n|\n|upkeep\n|\n|t:|1733851678\n|switch|p1a: Landorus|Landorus, L75, M|257/257\n|turn|16\n|\n|t:|1733851680\n|-terastallize|p1a: Landorus|Ground\n|move|p2a: Inteleon|Scald|p1a: Landorus\n|-supereffective|p1a: Landorus\n|-damage|p1a: Landorus|0 fnt\n|faint|p1a: Landorus\n|\n|win|Saltyham62\n|raw|CubiKaiser's rating: 1567 &rarr; <strong>1549</strong><br />(-18 for losing)\n|raw|Saltyham62's rating: 1610 &rarr; <strong>1628</strong><br />(+18 for winning)\n|l|\u2606CubiKaiser\n|player|p1|\n", "inputlog": ">version bfd83cad13791eb5a5a409923076391caf6fb4d4\n>start {\"formatid\":\"gen9randombattle\",\"seed\":[52599,11310,25307,60760],\"rated\":\"Rated battle\"}\n>player p1 {\"name\":\"CubiKaiser\",\"avatar\":\"steven\",\"rating\":1567,\"seed\":[23753,35876,56768,3071]}\n>player p2 {\"name\":\"Saltyham62\",\"avatar\":\"acetrainer-gen4dp\",\"rating\":1610,\"seed\":[35908,61692,42401,19195]}\n>p1 move stickyweb\n>p2 move uturn\n>p2 switch 2\n>p1 move bugbuzz\n>p2 switch 4\n>p1 move stickyweb\n>p2 move icebeam\n>chat \u2606CubiKaiser|ok\n>p1 move stickyweb\n>p2 move icebeam\n>chat \u2606Saltyham62|Game hates yoy\n>p1 switch 5\n>p1 move dragondance\n>p2 switch 4\n>p1 move heatcrash\n>p2 move alluringvoice\n>p2 switch 2\n>p1 move outrage\n>p2 move scald\n>p1 switch 6\n>p1 move dragondance\n>p2 move scald\n>p1 move earthquake\n>p2 move scald\n>p1 switch 4\n>p1 move playrough\n>p2 switch 5\n>p1 move thunderwave\n>p2 move seedflare\n>p1 switch 2\n>p2 move seedflare\n>p1 move bravebird\n>p2 move airslash\n>p2 switch 5\n>p1 move bravebird\n>p2 move scald\n>p1 switch 2\n>p1 move thunderwave\n>p2 move scald\n>p1 switch 3\n>p1 move earthpower terastallize\n>p2 move scald", "uploadtime": 1733851689, "views": 3, "formatid": "gen9randombattle", "rating": 1549, "private": 0, "password": null}