{"id": "gen9randombattle-2260803778", "format": "[Gen 9] Random Battle", "players": ["Nebula1", "me are noob"], "log": "|j|\u2606Nebula1\n|j|\u2606me are noob\n|t:|1733894876\n|gametype|singles\n|player|p1|Nebula1|pryce|1506\n|player|p2|me are noob|blue|1513\n|teamsize|p1|6\n|teamsize|p2|6\n|gen|9\n|tier|[Gen 9] Random Battle\n|rated|\n|rule|Species Clause: Limit one of each Pok\u00e9mon\n|rule|HP Percentage Mod: HP is shown in percentages\n|rule|Sleep Clause Mod: Limit one foe put to sleep\n|rule|Illusion Level Mod: Illusion disguises the Pok\u00e9mon's true level\n|\n|t:|1733894876\n|start\n|switch|p1a: Vigoroth|Vigoroth, L85, M|275/275\n|switch|p2a: Tornadus|Tornadus, L82, M|264/264\n|turn|1\n|inactive|Battle timer is ON: inactive players will automatically lose when time's up. (requested by me are noob)\n|\n|t:|1733894891\n|move|p2a: Tornadus|Knock Off|p1a: Vigoroth\n|-damage|p1a: Vigoroth|219/275\n|-enditem|p1a: Vigoroth|Eviolite|[from] move: Knock Off|[of] p2a: Tornadus\n|move|p1a: Vigoroth|Body Slam|p2a: Tornadus\n|-damage|p2a: Tornadus|164/264\n|\n|upkeep\n|turn|2\n|\n|t:|1733894901\n|move|p2a: Tornadus|Bleakwind Storm|p1a: Vigoroth\n|-damage|p1a: Vigoroth|42/275\n|move|p1a: Vigoroth|Slack Off|p1a: Vigoroth\n|-heal|p1a: Vigoroth|180/275\n|\n|upkeep\n|turn|3\n|\n|t:|1733894906\n|move|p2a: Tornadus|U-turn|p1a: Vigoroth\n|-damage|p1a: Vigoroth|125/275\n|\n|t:|1733894913\n|switch|p2a: Crabominable|Crabominable, L90, M|321/321|[from] U-turn\n|move|p1a: Vigoroth|Body Slam|p2a: Crabominable\n|-damage|p2a: Crabominable|243/321\n|-status|p2a: Crabominable|par\n|\n|upkeep\n|turn|4\n|\n|t:|1733894926\n|move|p1a: Vigoroth|Slack Off|p1a: Vigoroth\n|-heal|p1a: Vigoroth|263/275\n|move|p2a: Crabominable|Drain Punch|p1a: Vigoroth\n|-supereffective|p1a: Vigoroth\n|-damage|p1a: Vigoroth|0 fnt\n|-heal|p2a: Crabominable|321/321 par|[from] drain|[of] p1a: Vigoroth\n|faint|p1a: Vigoroth\n|\n|upkeep\n|\n|t:|1733894934\n|switch|p1a: Slither Wing|Slither Wing, L81|270/270\n|turn|5\n|\n|t:|1733894943\n|switch|p2a: Tornadus|Tornadus, L82, M|164/264\n|move|p1a: Slither Wing|U-turn|p2a: Tornadus\n|-resisted|p2a: Tornadus\n|-damage|p2a: Tornadus|114/264\n|\n|t:|1733894952\n|-end|p1a: Slither Wing|Protosynthesis|[silent]\n|switch|p1a: Swampert|Swampert, L83, F|302/302|[from] U-turn\n|\n|upkeep\n|turn|6\n|\n|t:|1733894957\n|move|p2a: Tornadus|U-turn|p1a: Swampert\n|-damage|p1a: Swampert|251/302\n|\n|t:|1733894968\n|switch|p2a: Iron Leaves|Iron Leaves, L80|275/275|[from] U-turn\n|move|p1a: Swampert|Ice Beam|p2a: Iron Leaves\n|-supereffective|p2a: Iron Leaves\n|-damage|p2a: Iron Leaves|179/275\n|-status|p2a: Iron Leaves|frz\n|\n|-heal|p1a: Swampert|269/302|[from] item: Leftovers\n|upkeep\n|turn|7\n|\n|t:|1733894978\n|switch|p1a: Bellossom|Bellossom, L84, M|263/263\n|cant|p2a: Iron Leaves|frz\n|\n|upkeep\n|turn|8\n|\n|t:|1733894989\n|-end|p2a: Iron Leaves|Quark Drive|[silent]\n|switch|p2a: Tornadus|Tornadus, L82, M|114/264\n|move|p1a: Bellossom|Quiver Dance|p1a: Bellossom\n|-boost|p1a: Bellossom|spa|1\n|-boost|p1a: Bellossom|spd|1\n|-boost|p1a: Bellossom|spe|1\n|\n|upkeep\n|turn|9\n|\n|t:|1733894998\n|-terastallize|p1a: Bellossom|Rock\n|move|p2a: Tornadus|Taunt|p1a: Bellossom\n|-start|p1a: Bellossom|move: Taunt\n|move|p1a: Bellossom|Tera Blast|p2a: Tornadus|[anim] Tera Blast Rock\n|-supereffective|p2a: Tornadus\n|-damage|p2a: Tornadus|0 fnt\n|faint|p2a: Tornadus\n|\n|upkeep\n|\n|t:|1733895008\n|switch|p2a: Bruxish|Bruxish, L85, M|254/254\n|turn|10\n|\n|t:|1733895013\n|switch|p1a: Hydrapple|Hydrapple, L83, M|312/312\n|move|p2a: Bruxish|Wave Crash|p1a: Hydrapple\n|-resisted|p1a: Hydrapple\n|-damage|p1a: Hydrapple|285/312\n|-damage|p2a: Bruxish|245/254|[from] Recoil\n|\n|-heal|p1a: Hydrapple|304/312|[from] item: Leftovers\n|upkeep\n|turn|11\n|\n|t:|1733895021\n|switch|p2a: Crabominable|Crabominable, L90, M|321/321 par\n|move|p1a: Hydrapple|Fickle Beam|p2a: Crabominable\n|-crit|p2a: Crabominable\n|-damage|p2a: Crabominable|198/321 par\n|\n|-heal|p1a: Hydrapple|312/312|[from] item: Leftovers\n|upkeep\n|turn|12\n|\n|t:|1733895029\n|switch|p1a: Slither Wing|Slither Wing, L81|270/270\n|move|p2a: Crabominable|Ice Hammer|p1a: Slither Wing\n|-damage|p1a: Slither Wing|50/270\n|-unboost|p2a: Crabominable|spe|1\n|\n|upkeep\n|turn|13\n|\n|t:|1733895045\n|move|p1a: Slither Wing|Close Combat|p2a: Crabominable\n|-supereffective|p2a: Crabominable\n|-damage|p2a: Crabominable|0 fnt\n|-unboost|p1a: Slither Wing|def|1\n|-unboost|p1a: Slither Wing|spd|1\n|faint|p2a: Crabominable\n|\n|upkeep\n|\n|t:|1733895052\n|switch|p2a: Bruxish|Bruxish, L85, M|245/254\n|turn|14\n|\n|t:|1733895058\n|move|p2a: Bruxish|Psychic Fangs|p1a: Slither Wing\n|-supereffective|p1a: Slither Wing\n|-damage|p1a: Slither Wing|0 fnt\n|faint|p1a: Slither Wing\n|-end|p1a: Slither Wing|Protosynthesis|[silent]\n|\n|upkeep\n|\n|t:|1733895071\n|switch|p1a: Regidrago|Regidrago, L77|435/435\n|turn|15\n|\n|t:|1733895077\n|move|p2a: Bruxish|Psychic Fangs|p1a: Regidrago\n|-damage|p1a: Regidrago|201/435\n|move|p1a: Regidrago|Dragon Dance|p1a: Regidrago\n|-boost|p1a: Regidrago|atk|1\n|-boost|p1a: Regidrago|spe|1\n|\n|upkeep\n|turn|16\n|\n|t:|1733895082\n|move|p2a: Bruxish|Psychic Fangs|p1a: Regidrago\n|-damage|p1a: Regidrago|0 fnt\n|faint|p1a: Regidrago\n|\n|upkeep\n|\n|t:|1733895091\n|switch|p1a: Swampert|Swampert, L83, F|269/302\n|turn|17\n|\n|t:|1733895101\n|move|p2a: Bruxish|Psychic Fangs|p1a: Swampert\n|-damage|p1a: Swampert|134/302\n|move|p1a: Swampert|Stealth Rock|p2a: Bruxish\n|-sidestart|p2: me are noob|move: Stealth Rock\n|\n|-heal|p1a: Swampert|152/302|[from] item: Leftovers\n|upkeep\n|turn|18\n|\n|t:|1733895110\n|move|p2a: Bruxish|Psychic Fangs|p1a: Swampert\n|-damage|p1a: Swampert|1/302\n|move|p1a: Swampert|Earthquake|p2a: Bruxish\n|-damage|p2a: Bruxish|107/254\n|\n|-heal|p1a: Swampert|19/302|[from] item: Leftovers\n|upkeep\n|turn|19\n|\n|t:|1733895113\n|move|p2a: Bruxish|Psychic Fangs|p1a: Swampert\n|-damage|p1a: Swampert|0 fnt\n|faint|p1a: Swampert\n|\n|upkeep\n|\n|t:|1733895119\n|switch|p1a: Bellossom|Bellossom, L84, M, tera:Rock|263/263\n|turn|20\n|\n|t:|1733895132\n|move|p2a: Bruxish|Psychic Fangs|p1a: Bellossom\n|-damage|p1a: Bellossom|134/263\n|move|p1a: Bellossom|Strength Sap|p2a: Bruxish\n|-unboost|p2a: Bruxish|atk|1\n|-heal|p1a: Bellossom|263/263\n|\n|upkeep\n|turn|21\n|\n|t:|1733895142\n|switch|p2a: Venusaur|Venusaur, L84, M|272/272\n|-damage|p2a: Venusaur|238/272|[from] Stealth Rock\n|move|p1a: Bellossom|Quiver Dance|p1a: Bellossom\n|-boost|p1a: Bellossom|spa|1\n|-boost|p1a: Bellossom|spd|1\n|-boost|p1a: Bellossom|spe|1\n|\n|-heal|p2a: Venusaur|255/272|[from] item: Leftovers\n|upkeep\n|turn|22\n|\n|t:|1733895152\n|switch|p1a: Hydrapple|Hydrapple, L83, M|312/312\n|move|p2a: Venusaur|Giga Drain|p1a: Hydrapple\n|-resisted|p1a: Hydrapple\n|-damage|p1a: Hydrapple|288/312\n|-heal|p2a: Venusaur|267/272|[from] drain|[of] p1a: Hydrapple\n|\n|-heal|p2a: Venusaur|272/272|[from] item: Leftovers\n|-heal|p1a: Hydrapple|307/312|[from] item: Leftovers\n|upkeep\n|turn|23\n|\n|t:|1733895158\n|move|p2a: Venusaur|Substitute|p2a: Venusaur\n|-start|p2a: Venusaur|Substitute\n|-damage|p2a: Venusaur|204/272\n|move|p1a: Hydrapple|Fickle Beam|p2a: Venusaur|[anim] Fickle Beam All Out\n|-activate|p1a: Hydrapple|move: Fickle Beam\n|-end|p2a: Venusaur|Substitute\n|\n|-heal|p2a: Venusaur|221/272|[from] item: Leftovers\n|-heal|p1a: Hydrapple|312/312|[from] item: Leftovers\n|upkeep\n|turn|24\n|\n|t:|1733895166\n|move|p2a: Venusaur|Sludge Bomb|p1a: Hydrapple\n|-supereffective|p1a: Hydrapple\n|-damage|p1a: Hydrapple|106/312\n|move|p1a: Hydrapple|Fickle Beam|p2a: Venusaur\n|-damage|p2a: Venusaur|127/272\n|\n|-heal|p2a: Venusaur|144/272|[from] item: Leftovers\n|-heal|p1a: Hydrapple|125/312|[from] item: Leftovers\n|upkeep\n|turn|25\n|\n|t:|1733895170\n|move|p2a: Venusaur|Sludge Bomb|p1a: Hydrapple\n|-supereffective|p1a: Hydrapple\n|-damage|p1a: Hydrapple|0 fnt\n|faint|p1a: Hydrapple\n|\n|-heal|p2a: Venusaur|161/272|[from] item: Leftovers\n|upkeep\n|\n|t:|1733895171\n|switch|p1a: Bellossom|Bellossom, L84, M, tera:Rock|263/263\n|turn|26\n|\n|t:|1733895177\n|move|p2a: Venusaur|Substitute|p2a: Venusaur\n|-start|p2a: Venusaur|Substitute\n|-damage|p2a: Venusaur|93/272\n|move|p1a: Bellossom|Quiver Dance|p1a: Bellossom\n|-boost|p1a: Bellossom|spa|1\n|-boost|p1a: Bellossom|spd|1\n|-boost|p1a: Bellossom|spe|1\n|\n|-heal|p2a: Venusaur|110/272|[from] item: Leftovers\n|upkeep\n|turn|27\n|\n|t:|1733895184\n|move|p1a: Bellossom|Tera Blast|p2a: Venusaur|[anim] Tera Blast Rock\n|-end|p2a: Venusaur|Substitute\n|move|p2a: Venusaur|Giga Drain|p1a: Bellossom\n|-supereffective|p1a: Bellossom\n|-damage|p1a: Bellossom|171/263\n|-heal|p2a: Venusaur|156/272|[from] drain|[of] p1a: Bellossom\n|\n|-heal|p1a: Bellossom|187/263|[from] item: Leftovers\n|-heal|p2a: Venusaur|173/272|[from] item: Leftovers\n|upkeep\n|turn|28\n|\n|t:|1733895193\n|move|p1a: Bellossom|Quiver Dance|p1a: Bellossom\n|-boost|p1a: Bellossom|spa|1\n|-boost|p1a: Bellossom|spd|1\n|-boost|p1a: Bellossom|spe|1\n|move|p2a: Venusaur|Giga Drain|p1a: Bellossom\n|-supereffective|p1a: Bellossom\n|-damage|p1a: Bellossom|109/263\n|-heal|p2a: Venusaur|212/272|[from] drain|[of] p1a: Bellossom\n|\n|-heal|p1a: Bellossom|125/263|[from] item: Leftovers\n|-heal|p2a: Venusaur|229/272|[from] item: Leftovers\n|upkeep\n|turn|29\n|\n|t:|1733895205\n|move|p1a: Bellossom|Quiver Dance|p1a: Bellossom\n|-boost|p1a: Bellossom|spa|1\n|-boost|p1a: Bellossom|spd|1\n|-boost|p1a: Bellossom|spe|1\n|move|p2a: Venusaur|Giga Drain|p1a: Bellossom\n|-supereffective|p1a: Bellossom\n|-damage|p1a: Bellossom|59/263\n|-heal|p2a: Venusaur|262/272|[from] drain|[of] p1a: Bellossom\n|\n|-heal|p1a: Bellossom|75/263|[from] item: Leftovers\n|-heal|p2a: Venusaur|272/272|[from] item: Leftovers\n|upkeep\n|turn|30\n|\n|t:|1733895208\n|move|p1a: Bellossom|Strength Sap|p2a: Venusaur\n|-unboost|p2a: Venusaur|atk|1\n|-heal|p1a: Bellossom|217/263\n|move|p2a: Venusaur|Giga Drain|p1a: Bellossom\n|-supereffective|p1a: Bellossom\n|-damage|p1a: Bellossom|155/263\n|\n|-heal|p1a: Bellossom|171/263|[from] item: Leftovers\n|upkeep\n|turn|31\n|\n|t:|1733895220\n|move|p1a: Bellossom|Tera Blast|p2a: Venusaur|[anim] Tera Blast Rock\n|-damage|p2a: Venusaur|107/272\n|move|p2a: Venusaur|Leech Seed|p1a: Bellossom\n|-start|p1a: Bellossom|move: Leech Seed\n|\n|-heal|p1a: Bellossom|187/263|[from] item: Leftovers\n|-heal|p2a: Venusaur|124/272|[from] item: Leftovers\n|-damage|p1a: Bellossom|155/263|[from] Leech Seed|[of] p2a: Venusaur\n|-heal|p2a: Venusaur|156/272|[silent]\n|upkeep\n|turn|32\n|\n|t:|1733895225\n|move|p1a: Bellossom|Tera Blast|p2a: Venusaur|[anim] Tera Blast Rock\n|-damage|p2a: Venusaur|0 fnt\n|faint|p2a: Venusaur\n|\n|-heal|p1a: Bellossom|171/263|[from] item: Leftovers\n|upkeep\n|\n|t:|1733895231\n|switch|p2a: Porygon2|Porygon2, L82|274/274\n|-damage|p2a: Porygon2|240/274|[from] Stealth Rock\n|-ability|p2a: Porygon2|Download|boost\n|-boost|p2a: Porygon2|atk|1\n|turn|33\n|\n|t:|1733895238\n|move|p1a: Bellossom|Giga Drain|p2a: Porygon2\n|-damage|p2a: Porygon2|113/274\n|-heal|p1a: Bellossom|235/263|[from] drain|[of] p2a: Porygon2\n|move|p2a: Porygon2|Tri Attack|p1a: Bellossom\n|-resisted|p1a: Bellossom\n|-damage|p1a: Bellossom|219/263\n|-status|p1a: Bellossom|frz\n|\n|-heal|p1a: Bellossom|235/263 frz|[from] item: Leftovers\n|-damage|p1a: Bellossom|203/263 frz|[from] Leech Seed|[of] p2a: Porygon2\n|-heal|p2a: Porygon2|145/274|[silent]\n|upkeep\n|turn|34\n|\n|t:|1733895247\n|cant|p1a: Bellossom|frz\n|move|p2a: Porygon2|Discharge|p1a: Bellossom\n|-damage|p1a: Bellossom|179/263 frz\n|\n|-heal|p1a: Bellossom|195/263 frz|[from] item: Leftovers\n|-damage|p1a: Bellossom|163/263 frz|[from] Leech Seed|[of] p2a: Porygon2\n|-heal|p2a: Porygon2|177/274|[silent]\n|upkeep\n|turn|35\n|\n|t:|1733895252\n|switch|p2a: Bruxish|Bruxish, L85, M|107/254\n|-damage|p2a: Bruxish|76/254|[from] Stealth Rock\n|cant|p1a: Bellossom|frz\n|\n|-heal|p1a: Bellossom|179/263 frz|[from] item: Leftovers\n|-damage|p1a: Bellossom|147/263 frz|[from] Leech Seed|[of] p2a: Bruxish\n|-heal|p2a: Bruxish|108/254|[silent]\n|upkeep\n|turn|36\n|\n|t:|1733895257\n|-curestatus|p1a: Bellossom|frz|[msg]\n|move|p1a: Bellossom|Giga Drain|p2a: Bruxish\n|-supereffective|p2a: Bruxish\n|-damage|p2a: Bruxish|0 fnt\n|-heal|p1a: Bellossom|201/263|[from] drain|[of] p2a: Bruxish\n|faint|p2a: Bruxish\n|\n|-heal|p1a: Bellossom|217/263|[from] item: Leftovers\n|upkeep\n|\n|t:|1733895261\n|switch|p2a: Iron Leaves|Iron Leaves, L80|179/275 frz\n|-damage|p2a: Iron Leaves|145/275 frz|[from] Stealth Rock\n|turn|37\n|\n|t:|1733895265\n|move|p1a: Bellossom|Tera Blast|p2a: Iron Leaves|[anim] Tera Blast Rock\n|-damage|p2a: Iron Leaves|0 fnt\n|faint|p2a: Iron Leaves\n|-end|p2a: Iron Leaves|Quark Drive|[silent]\n|\n|-heal|p1a: Bellossom|233/263|[from] item: Leftovers\n|upkeep\n|\n|t:|1733895267\n|switch|p2a: Porygon2|Porygon2, L82|177/274\n|-damage|p2a: Porygon2|143/274|[from] Stealth Rock\n|-ability|p2a: Porygon2|Download|boost\n|-boost|p2a: Porygon2|atk|1\n|turn|38\n|\n|t:|1733895271\n|move|p1a: Bellossom|Giga Drain|p2a: Porygon2\n|-damage|p2a: Porygon2|29/274\n|-heal|p1a: Bellossom|263/263|[from] drain|[of] p2a: Porygon2\n|move|p2a: Porygon2|Recover|p2a: Porygon2\n|-heal|p2a: Porygon2|166/274\n|\n|-damage|p1a: Bellossom|231/263|[from] Leech Seed|[of] p2a: Porygon2\n|-heal|p2a: Porygon2|198/274|[silent]\n|upkeep\n|turn|39\n|\n|t:|1733895275\n|move|p1a: Bellossom|Quiver Dance|p1a: Bellossom\n|-boost|p1a: Bellossom|spa|1\n|-boost|p1a: Bellossom|spd|1\n|-boost|p1a: Bellossom|spe|1\n|move|p2a: Porygon2|Tri Attack|p1a: Bellossom\n|-resisted|p1a: Bellossom\n|-damage|p1a: Bellossom|218/263\n|\n|-heal|p1a: Bellossom|234/263|[from] item: Leftovers\n|-damage|p1a: Bellossom|202/263|[from] Leech Seed|[of] p2a: Porygon2\n|-heal|p2a: Porygon2|230/274|[silent]\n|upkeep\n|turn|40\n|\n|t:|1733895282\n|move|p1a: Bellossom|Tera Blast|p2a: Porygon2|[anim] Tera Blast Rock\n|-damage|p2a: Porygon2|74/274\n|move|p2a: Porygon2|Tri Attack|p1a: Bellossom\n|-resisted|p1a: Bellossom\n|-damage|p1a: Bellossom|190/263\n|-status|p1a: Bellossom|par\n|\n|-heal|p1a: Bellossom|206/263 par|[from] item: Leftovers\n|-damage|p1a: Bellossom|174/263 par|[from] Leech Seed|[of] p2a: Porygon2\n|-heal|p2a: Porygon2|106/274|[silent]\n|upkeep\n|turn|41\n|\n|t:|1733895289\n|move|p1a: Bellossom|Giga Drain|p2a: Porygon2\n|-damage|p2a: Porygon2|0 fnt\n|-heal|p1a: Bellossom|227/263 par|[from] drain|[of] p2a: Porygon2\n|faint|p2a: Porygon2\n|\n|win|Nebula1\n|raw|Nebula1's rating: 1506 &rarr; <strong>1526</strong><br />(+20 for winning)\n|raw|me are noob's rating: 1513 &rarr; <strong>1493</strong><br />(-20 for losing)\n|l|\u2606me are noob\n|player|p2|\n|c|\u2606Nebula1|gg\n", "inputlog": ">version bfd83cad13791eb5a5a409923076391caf6fb4d4\n>start {\"formatid\":\"gen9randombattle\",\"seed\":[49188,44383,63759,21131],\"rated\":\"Rated battle\"}\n>player p1 {\"name\":\"Nebula1\",\"avatar\":\"pryce\",\"rating\":1506,\"seed\":[62665,36182,8220,3892]}\n>player p2 {\"name\":\"me are noob\",\"avatar\":\"blue\",\"rating\":1513,\"seed\":[32418,1714,28165,7687]}\n>p1 move bodyslam\n>p2 move knockoff\n>p1 move slackoff\n>p2 move bleakwindstorm\n>p1 move bodyslam\n>p2 move uturn\n>p2 switch 4\n>p1 move slackoff\n>p2 move drainpunch\n>p1 switch 3\n>p1 move uturn\n>p2 switch 4\n>p1 switch 2\n>p1 move icebeam\n>p2 move uturn\n>p2 switch 3\n>p1 switch 6\n>p2 move psyblade\n>p1 move quiverdance\n>p2 switch 3\n>p1 move terablast terastallize\n>p2 move taunt\n>p2 switch 5\n>p1 switch 5\n>p2 move wavecrash\n>p1 move ficklebeam\n>p2 switch 4\n>p1 switch 2\n>p2 move icehammer\n>p1 move closecombat\n>p2 move knockoff\n>p2 switch 4\n>p1 move willowisp\n>p2 move psychicfangs\n>p1 switch 4\n>p1 move dragondance\n>p2 move psychicfangs\n>p1 move outrage\n>p2 move psychicfangs\n>p1 switch 6\n>p1 move stealthrock\n>p2 move psychicfangs\n>p1 move earthquake\n>p2 move psychicfangs\n>p1 move icebeam\n>p2 move psychicfangs\n>p1 switch 5\n>p1 move strengthsap\n>p2 move psychicfangs\n>p1 move quiverdance\n>p2 switch 2\n>p1 switch 2\n>p2 move gigadrain\n>p1 move ficklebeam\n>p2 move substitute\n>p1 move ficklebeam\n>p2 move sludgebomb\n>p1 move ficklebeam\n>p2 move sludgebomb\n>p1 switch 2\n>p1 move quiverdance\n>p2 move substitute\n>p1 move terablast\n>p2 move gigadrain\n>p1 move quiverdance\n>p2 move gigadrain\n>p1 move quiverdance\n>p2 move gigadrain\n>p1 move strengthsap\n>p2 move gigadrain\n>p1 move terablast\n>p2 move leechseed\n>p1 move terablast\n>p2 move gigadrain\n>p2 switch 6\n>p1 move gigadrain\n>p2 move triattack\n>p1 move gigadrain\n>p2 move discharge\n>p1 move gigadrain\n>p2 switch 2\n>p1 move gigadrain\n>p2 move wavecrash\n>p2 switch 3\n>p1 move terablast\n>p2 move leafblade\n>p2 switch 2\n>p1 move gigadrain\n>p2 move recover\n>p1 move quiverdance\n>p2 move triattack\n>p1 move terablast\n>p2 move triattack\n>p1 move gigadrain\n>p2 move recover", "uploadtime": 1733895295, "views": 4, "formatid": "gen9randombattle", "rating": 1493, "private": 0, "password": null}