{"id": "gen9randombattle-2260730826", "format": "[Gen 9] Random Battle", "players": ["absol81", "Sacred Quill"], "log": "|j|\u2606absol81\n|j|\u203dSacred Quill\n|t:|1733884085\n|gametype|singles\n|player|p1|absol81|1|1475\n|player|p2|Sacred Quill|clerk|1471\n|teamsize|p1|6\n|teamsize|p2|6\n|gen|9\n|tier|[Gen 9] Random Battle\n|rated|\n|rule|Species Clause: Limit one of each Pok\u00e9mon\n|rule|HP Percentage Mod: HP is shown in percentages\n|rule|Sleep Clause Mod: Limit one foe put to sleep\n|rule|Illusion Level Mod: Illusion disguises the Pok\u00e9mon's true level\n|\n|t:|1733884085\n|start\n|switch|p1a: Talonflame|Talonflame, L83, F|265/265\n|switch|p2a: Golem|Golem-Alola, L93, F|300/300\n|turn|1\n|\n|t:|1733884108\n|-terastallize|p1a: Talonflame|Ground\n|move|p1a: Talonflame|Tera Blast|p2a: Golem|[anim] Tera Blast Ground\n|-supereffective|p2a: Golem\n|-damage|p2a: Golem|104/300\n|move|p2a: Golem|Rock Polish|p2a: Golem\n|-boost|p2a: Golem|spe|2\n|\n|upkeep\n|turn|2\n|\n|t:|1733884125\n|-terastallize|p2a: Golem|Flying\n|move|p2a: Golem|Earthquake|p1a: Talonflame\n|-damage|p1a: Talonflame|105/265\n|-damage|p2a: Golem|74/300|[from] item: Life Orb\n|move|p1a: Talonflame|Swords Dance|p1a: Talonflame\n|-boost|p1a: Talonflame|atk|2\n|\n|upkeep\n|turn|3\n|inactive|Battle timer is ON: inactive players will automatically lose when time's up. (requested by absol81)\n|\n|t:|1733884139\n|switch|p1a: Flygon|Flygon, L82, F|265/265\n|move|p2a: Golem|Earthquake|p1a: Flygon\n|-immune|p1a: Flygon|[from] ability: Levitate\n|\n|upkeep\n|turn|4\n|\n|t:|1733884149\n|switch|p2a: Hitmontop|Hitmontop, L88, M|231/231\n|-ability|p2a: Hitmontop|Intimidate|boost\n|-unboost|p1a: Flygon|atk|1\n|move|p1a: Flygon|Dragon Dance|p1a: Flygon\n|-boost|p1a: Flygon|atk|1\n|-boost|p1a: Flygon|spe|1\n|\n|upkeep\n|turn|5\n|\n|t:|1733884157\n|switch|p1a: Talonflame|Talonflame, L83, F, tera:Ground|105/265\n|move|p2a: Hitmontop|Close Combat|p1a: Talonflame\n|-damage|p1a: Talonflame|0 fnt\n|-unboost|p2a: Hitmontop|def|1\n|-unboost|p2a: Hitmontop|spd|1\n|faint|p1a: Talonflame\n|\n|upkeep\n|\n|t:|1733884163\n|switch|p1a: Sableye|Sableye, L89, F|234/234\n|turn|6\n|\n|t:|1733884170\n|switch|p2a: Morpeko|Morpeko, L88, F|245/245\n|move|p1a: Sableye|Will-O-Wisp|p2a: Morpeko\n|-hint|Since gen 7, Dark is immune to Prankster moves.\n|-immune|p2a: Morpeko\n|\n|-formechange|p2a: Morpeko|Morpeko-Hangry||[from] ability: Hunger Switch\n|upkeep\n|turn|7\n|\n|t:|1733884180\n|move|p2a: Morpeko|Knock Off|p1a: Sableye\n|-damage|p1a: Sableye|125/234\n|-enditem|p1a: Sableye|Leftovers|[from] move: Knock Off|[of] p2a: Morpeko\n|move|p1a: Sableye|Knock Off|p2a: Morpeko\n|-resisted|p2a: Morpeko\n|-damage|p2a: Morpeko|185/245\n|-enditem|p2a: Morpeko|Leftovers|[from] move: Knock Off|[of] p1a: Sableye\n|\n|-formechange|p2a: Morpeko|Morpeko||[from] ability: Hunger Switch\n|upkeep\n|turn|8\n|\n|t:|1733884200\n|move|p2a: Morpeko|Aura Wheel|p1a: Sableye\n|-damage|p1a: Sableye|0 fnt\n|-boost|p2a: Morpeko|spe|1\n|faint|p1a: Sableye\n|\n|-formechange|p2a: Morpeko|Morpeko-Hangry||[from] ability: Hunger Switch\n|upkeep\n|\n|t:|1733884213\n|switch|p1a: Flygon|Flygon, L82, F|265/265\n|turn|9\n|\n|t:|1733884226\n|move|p2a: Morpeko|Knock Off|p1a: Flygon\n|-damage|p1a: Flygon|151/265\n|-enditem|p1a: Flygon|Lum Berry|[from] move: Knock Off|[of] p2a: Morpeko\n|move|p1a: Flygon|Outrage|p2a: Morpeko\n|-damage|p2a: Morpeko|26/245\n|\n|-formechange|p2a: Morpeko|Morpeko||[from] ability: Hunger Switch\n|upkeep\n|turn|10\n|\n|t:|1733884234\n|move|p2a: Morpeko|Protect|p2a: Morpeko\n|-singleturn|p2a: Morpeko|Protect\n|move|p1a: Flygon|Outrage|p2a: Morpeko|[from]lockedmove\n|-activate|p2a: Morpeko|move: Protect\n|\n|-formechange|p2a: Morpeko|Morpeko-Hangry||[from] ability: Hunger Switch\n|upkeep\n|turn|11\n|\n|t:|1733884238\n|move|p2a: Morpeko|Aura Wheel|p1a: Flygon\n|-damage|p1a: Flygon|24/265\n|-boost|p2a: Morpeko|spe|1\n|move|p1a: Flygon|Outrage|p2a: Morpeko\n|-crit|p2a: Morpeko\n|-damage|p2a: Morpeko|0 fnt\n|faint|p2a: Morpeko\n|\n|upkeep\n|\n|t:|1733884248\n|switch|p2a: Hitmontop|Hitmontop, L88, M|231/231\n|-ability|p2a: Hitmontop|Intimidate|boost\n|-unboost|p1a: Flygon|atk|1\n|turn|12\n|inactive|absol81 has 120 seconds left.\n|\n|t:|1733884293\n|move|p2a: Hitmontop|Sucker Punch|p1a: Flygon\n|-damage|p1a: Flygon|0 fnt\n|faint|p1a: Flygon\n|\n|upkeep\n|\n|t:|1733884298\n|switch|p1a: Espeon|Espeon, L84, M|246/246\n|turn|13\n|\n|t:|1733884322\n|switch|p2a: Dragapult|Dragapult, L77, M|262/262\n|move|p1a: Espeon|Psyshock|p2a: Dragapult\n|-damage|p2a: Dragapult|58/262\n|\n|upkeep\n|turn|14\n|inactive|absol81 has 120 seconds left.\n|\n|t:|1733884347\n|switch|p1a: Ambipom|Ambipom, L84, M|263/263\n|move|p2a: Dragapult|U-turn|p1a: Ambipom\n|-damage|p1a: Ambipom|204/263\n|\n|t:|1733884353\n|switch|p2a: Zacian|Zacian-Crowned, L64|225/225|[from] U-turn\n|-ability|p2a: Zacian|Intrepid Sword|boost\n|-boost|p2a: Zacian|atk|1\n|\n|upkeep\n|turn|15\n|inactive|absol81 has 90 seconds left.\n|\n|t:|1733884407\n|move|p1a: Ambipom|Fake Out|p2a: Zacian\n|-resisted|p2a: Zacian\n|-damage|p2a: Zacian|185/225\n|cant|p2a: Zacian|flinch\n|\n|upkeep\n|turn|16\n|inactive|absol81 has 60 seconds left.\n|\n|t:|1733884423\n|move|p1a: Ambipom|Low Kick|p2a: Zacian\n|-damage|p2a: Zacian|93/225\n|move|p2a: Zacian|Behemoth Blade|p1a: Ambipom\n|-damage|p1a: Ambipom|50/263\n|\n|upkeep\n|turn|17\n|\n|t:|1733884429\n|switch|p1a: Pachirisu|Pachirisu, L96, F|271/271\n|move|p2a: Zacian|Behemoth Blade|p1a: Pachirisu\n|-resisted|p1a: Pachirisu\n|-damage|p1a: Pachirisu|202/271\n|\n|upkeep\n|turn|18\n|\n|t:|1733884442\n|switch|p2a: Golem|Golem-Alola, L93, F, tera:Flying|74/300\n|move|p1a: Pachirisu|Discharge|p2a: Golem\n|-supereffective|p2a: Golem\n|-damage|p2a: Golem|0 fnt\n|faint|p2a: Golem\n|\n|upkeep\n|\n|t:|1733884451\n|switch|p2a: Dragapult|Dragapult, L77, M|58/262\n|turn|19\n|inactive|absol81 has 60 seconds left.\n|\n|t:|1733884497\n|move|p2a: Dragapult|Dragon Darts|p1a: Pachirisu\n|-damage|p1a: Pachirisu|145/271\n|-anim|p2a: Dragapult|Dragon Darts|p1a: Pachirisu\n|-damage|p1a: Pachirisu|94/271\n|move|p1a: Pachirisu|Discharge|p2a: Dragapult\n|-resisted|p2a: Dragapult\n|-damage|p2a: Dragapult|21/262\n|-status|p2a: Dragapult|par\n|\n|upkeep\n|turn|20\n|\n|t:|1733884511\n|move|p1a: Pachirisu|Discharge|p2a: Dragapult\n|-resisted|p2a: Dragapult\n|-damage|p2a: Dragapult|0 fnt\n|faint|p2a: Dragapult\n|\n|upkeep\n|\n|t:|1733884517\n|switch|p2a: Hitmontop|Hitmontop, L88, M|231/231\n|-ability|p2a: Hitmontop|Intimidate|boost\n|-unboost|p1a: Pachirisu|atk|1\n|turn|21\n|inactive|absol81 has 30 seconds left.\n|inactive|absol81 has 20 seconds left.\n|inactive|absol81 has 15 seconds left.\n|inactive|absol81 has 10 seconds left.\n|\n|t:|1733884562\n|move|p1a: Pachirisu|Encore||[still]\n|-fail|p1a: Pachirisu\n|move|p2a: Hitmontop|Earthquake|p1a: Pachirisu\n|-supereffective|p1a: Pachirisu\n|-damage|p1a: Pachirisu|0 fnt\n|faint|p1a: Pachirisu\n|\n|upkeep\n|inactive|absol81 has 15 seconds left this turn.\n|inactive|absol81 has 10 seconds left.\n|\n|t:|1733884567\n|switch|p1a: Ambipom|Ambipom, L84, M|50/263\n|turn|22\n|inactive|absol81 has 20 seconds left this turn.\n|inactive|absol81 has 15 seconds left.\n|inactive|Sacred Quill has 120 seconds left.\n|\n|t:|1733884615\n|switch|p1a: Espeon|Espeon, L84, M|246/246\n|switch|p2a: Zacian|Zacian-Crowned, L64|93/225\n|\n|upkeep\n|turn|23\n|inactive|absol81 has 25 seconds left this turn.\n|inactive|absol81 has 20 seconds left.\n|inactive|absol81 has 15 seconds left.\n|inactive|absol81 has 10 seconds left.\n|inactive|absol81 has 5 seconds left.\n|\n|t:|1733884636\n|move|p1a: Espeon|Psyshock|p2a: Zacian\n|-resisted|p2a: Zacian\n|-damage|p2a: Zacian|3/225\n|move|p2a: Zacian|Behemoth Blade|p1a: Espeon\n|-damage|p1a: Espeon|132/246\n|\n|upkeep\n|turn|24\n|inactive|absol81 has 15 seconds left this turn.\n|inactive|absol81 has 10 seconds left.\n|inactive|Sacred Quill has 120 seconds left.\n|\n|t:|1733884662\n|move|p1a: Espeon|Psyshock|p2a: Zacian\n|-resisted|p2a: Zacian\n|-crit|p2a: Zacian\n|-damage|p2a: Zacian|0 fnt\n|faint|p2a: Zacian\n|\n|upkeep\n|inactive|absol81 has 15 seconds left this turn.\n|\n|t:|1733884666\n|switch|p2a: Frosmoth|Frosmoth, L82, M|249/249\n|turn|25\n|inactive|absol81 has 25 seconds left this turn.\n|inactive|absol81 has 20 seconds left.\n|\n|t:|1733884674\n|move|p1a: Espeon|Psyshock|p2a: Frosmoth\n|-damage|p2a: Frosmoth|147/249\n|move|p2a: Frosmoth|Quiver Dance|p2a: Frosmoth\n|-boost|p2a: Frosmoth|spa|1\n|-boost|p2a: Frosmoth|spd|1\n|-boost|p2a: Frosmoth|spe|1\n|\n|upkeep\n|turn|26\n|inactive|absol81 has 30 seconds left this turn.\n|inactive|Sacred Quill has 120 seconds left.\n|\n|t:|1733884681\n|move|p1a: Espeon|Psyshock|p2a: Frosmoth\n|-damage|p2a: Frosmoth|45/249\n|move|p2a: Frosmoth|Bug Buzz|p1a: Espeon\n|-supereffective|p1a: Espeon\n|-damage|p1a: Espeon|0 fnt\n|faint|p1a: Espeon\n|\n|upkeep\n|inactive|absol81 has 30 seconds left this turn.\n|\n|t:|1733884686\n|switch|p1a: Ambipom|Ambipom, L84, M|50/263\n|turn|27\n|inactive|absol81 has 30 seconds left.\n|\n|t:|1733884692\n|move|p1a: Ambipom|Fake Out|p2a: Frosmoth\n|-damage|p2a: Frosmoth|0 fnt\n|faint|p2a: Frosmoth\n|\n|upkeep\n|\n|t:|1733884695\n|switch|p2a: Hitmontop|Hitmontop, L88, M|231/231\n|-ability|p2a: Hitmontop|Intimidate|boost\n|-unboost|p1a: Ambipom|atk|1\n|turn|28\n|\n|t:|1733884702\n|move|p1a: Ambipom|Double-Edge|p2a: Hitmontop\n|-damage|p2a: Hitmontop|137/231\n|-damage|p1a: Ambipom|19/263|[from] Recoil\n|move|p2a: Hitmontop|Earthquake|p1a: Ambipom\n|-damage|p1a: Ambipom|0 fnt\n|faint|p1a: Ambipom\n|\n|win|Sacred Quill\n|raw|absol81's rating: 1475 &rarr; <strong>1455</strong><br />(-20 for losing)\n|raw|Sacred Quill's rating: 1471 &rarr; <strong>1491</strong><br />(+20 for winning)\n", "inputlog": ">version bfd83cad13791eb5a5a409923076391caf6fb4d4\n>start {\"formatid\":\"gen9randombattle\",\"seed\":[21126,46789,9120,32482],\"rated\":\"Rated battle\"}\n>player p1 {\"name\":\"absol81\",\"avatar\":\"1\",\"rating\":1475,\"seed\":[17897,39055,60439,39071]}\n>player p2 {\"name\":\"Sacred Quill\",\"avatar\":\"clerk\",\"rating\":1471,\"seed\":[7261,11435,35668,698]}\n>p1 move terablast terastallize\n>p2 move rockpolish\n>p1 move swordsdance\n>p2 move earthquake terastallize\n>p1 switch 2\n>p2 move earthquake\n>p1 move dragondance\n>p2 switch 6\n>p1 switch 2\n>p2 move closecombat\n>p1 switch 6\n>p1 move willowisp\n>p2 switch 3\n>p1 move knockoff\n>p2 move knockoff\n>p1 move knockoff\n>p2 move aurawheel\n>p1 switch 2\n>p1 move outrage\n>p2 move knockoff\n>p1 move outrage\n>p2 move protect\n>p1 move outrage\n>p2 move aurawheel\n>p2 switch 3\n>p1 move outrage\n>p2 move suckerpunch\n>p1 switch 5\n>p1 move psyshock\n>p2 switch 5\n>p1 switch 4\n>p2 move uturn\n>p2 switch 2\n>p1 move fakeout\n>p2 move behemothblade\n>p1 move lowkick\n>p2 move behemothblade\n>p1 switch 3\n>p2 move behemothblade\n>p1 move discharge\n>p2 switch 6\n>p2 switch 2\n>p1 move discharge\n>p2 move dragondarts\n>p1 move discharge\n>p2 move dragondarts\n>p2 switch 5\n>p1 move encore\n>p2 move earthquake\n>p1 switch 3\n>p1 switch 4\n>p2 switch 6\n>p1 move psyshock\n>p2 move behemothblade\n>p1 move psyshock\n>p2 move behemothblade\n>p2 switch 4\n>p1 move psyshock\n>p2 move quiverdance\n>p1 move psyshock\n>p2 move bugbuzz\n>p1 switch 4\n>p1 move fakeout\n>p2 move bugbuzz\n>p2 switch 6\n>p1 move doubleedge\n>p2 move earthquake", "uploadtime": 1733884706, "views": 4, "formatid": "gen9randombattle", "rating": 1455, "private": 0, "password": null}