{"id": "gen9randombattle-2259972014", "format": "[Gen 9] Random Battle", "players": ["FacuMC4", "PCAJT"], "log": "|j|\u2606FacuMC4\n|j|\u2606PCAJT\n|t:|1733785968\n|gametype|singles\n|player|p1|FacuMC4|lance|1618\n|player|p2|PCAJT|rancher|1559\n|teamsize|p1|6\n|teamsize|p2|6\n|gen|9\n|tier|[Gen 9] Random Battle\n|rated|\n|rule|Species Clause: Limit one of each Pok\u00e9mon\n|rule|HP Percentage Mod: HP is shown in percentages\n|rule|Sleep Clause Mod: Limit one foe put to sleep\n|rule|Illusion Level Mod: Illusion disguises the Pok\u00e9mon's true level\n|\n|t:|1733785968\n|start\n|switch|p1a: Toxicroak|Toxicroak, L84, M|277/277\n|switch|p2a: Bastiodon|Bastiodon, L89, F|252/252\n|turn|1\n|inactive|Battle timer is ON: inactive players will automatically lose when time's up. (requested by FacuMC4)\n|\n|t:|1733785983\n|switch|p2a: Gallade|Gallade, L81, M|243/243\n|move|p1a: Toxicroak|Close Combat|p2a: Gallade\n|-resisted|p2a: Gallade\n|-damage|p2a: Gallade|134/243\n|-unboost|p1a: Toxicroak|def|1\n|-unboost|p1a: Toxicroak|spd|1\n|-damage|p1a: Toxicroak|250/277|[from] item: Life Orb\n|\n|upkeep\n|turn|2\n|\n|t:|1733785995\n|switch|p1a: Dragonite|Dragonite, L74, M|257/257\n|move|p2a: Gallade|Agility|p2a: Gallade\n|-boost|p2a: Gallade|spe|2\n|\n|upkeep\n|turn|3\n|\n|t:|1733786008\n|move|p2a: Gallade|Psycho Cut|p1a: Dragonite\n|-damage|p1a: Dragonite|169/257\n|-damage|p2a: Gallade|110/243|[from] item: Life Orb\n|move|p1a: Dragonite|Dragon Dance|p1a: Dragonite\n|-boost|p1a: Dragonite|atk|1\n|-boost|p1a: Dragonite|spe|1\n|\n|upkeep\n|turn|4\n|\n|t:|1733786016\n|move|p2a: Gallade|Psycho Cut|p1a: Dragonite\n|-damage|p1a: Dragonite|0 fnt\n|faint|p1a: Dragonite\n|-damage|p2a: Gallade|86/243|[from] item: Life Orb\n|\n|upkeep\n|\n|t:|1733786024\n|switch|p1a: Pelipper|Pelipper, L86, F|243/243\n|-weather|RainDance|[from] ability: Drizzle|[of] p1a: Pelipper\n|turn|5\n|\n|t:|1733786029\n|move|p2a: Gallade|Psycho Cut|p1a: Pelipper\n|-crit|p1a: Pelipper\n|-damage|p1a: Pelipper|12/243\n|-damage|p2a: Gallade|62/243|[from] item: Life Orb\n|move|p1a: Pelipper|Weather Ball|p2a: Gallade\n|-damage|p2a: Gallade|0 fnt\n|faint|p2a: Gallade\n|\n|-weather|RainDance|[upkeep]\n|upkeep\n|\n|t:|1733786043\n|switch|p2a: Kingdra|Kingdra, L84, F|263/263\n|turn|6\n|\n|t:|1733786061\n|switch|p1a: Umbreon|Umbreon, L84, M|297/297\n|move|p2a: Kingdra|Dragon Dance|p2a: Kingdra\n|-boost|p2a: Kingdra|atk|1\n|-boost|p2a: Kingdra|spe|1\n|\n|-weather|RainDance|[upkeep]\n|upkeep\n|turn|7\n|\n|t:|1733786084\n|move|p2a: Kingdra|Wave Crash|p1a: Umbreon\n|-damage|p1a: Umbreon|75/297\n|-damage|p2a: Kingdra|190/263|[from] Recoil\n|move|p1a: Umbreon|Toxic|p2a: Kingdra\n|-status|p2a: Kingdra|tox\n|-enditem|p2a: Kingdra|Lum Berry|[eat]\n|-curestatus|p2a: Kingdra|tox|[msg]\n|\n|-weather|RainDance|[upkeep]\n|-heal|p1a: Umbreon|93/297|[from] item: Leftovers\n|upkeep\n|turn|8\n|\n|t:|1733786097\n|move|p2a: Kingdra|Wave Crash|p1a: Umbreon\n|-damage|p1a: Umbreon|0 fnt\n|faint|p1a: Umbreon\n|-damage|p2a: Kingdra|159/263|[from] Recoil\n|\n|-weather|RainDance|[upkeep]\n|upkeep\n|\n|t:|1733786102\n|switch|p1a: Toxicroak|Toxicroak, L84, M|250/277\n|turn|9\n|\n|t:|1733786112\n|move|p2a: Kingdra|Outrage|p1a: Toxicroak\n|-damage|p1a: Toxicroak|22/277\n|move|p1a: Toxicroak|Close Combat|p2a: Kingdra\n|-damage|p2a: Kingdra|0 fnt\n|-unboost|p1a: Toxicroak|def|1\n|-unboost|p1a: Toxicroak|spd|1\n|faint|p2a: Kingdra\n|-damage|p1a: Toxicroak|0 fnt|[from] item: Life Orb\n|faint|p1a: Toxicroak\n|\n|-weather|none\n|upkeep\n|\n|t:|1733786125\n|switch|p2a: Mightyena|Mightyena, L95, M|287/287\n|switch|p1a: Sandy Shocks|Sandy Shocks, L80|267/267\n|-ability|p2a: Mightyena|Intimidate|boost\n|-unboost|p1a: Sandy Shocks|atk|1\n|turn|10\n|\n|t:|1733786136\n|switch|p2a: Whiscash|Whiscash, L88, F|337/337\n|move|p1a: Sandy Shocks|Stealth Rock|p2a: Whiscash\n|-sidestart|p2: PCAJT|move: Stealth Rock\n|\n|upkeep\n|turn|11\n|\n|t:|1733786147\n|-terastallize|p1a: Sandy Shocks|Grass\n|move|p1a: Sandy Shocks|Earth Power|p2a: Whiscash\n|-damage|p2a: Whiscash|213/337\n|move|p2a: Whiscash|Stealth Rock|p1a: Sandy Shocks\n|-sidestart|p1: FacuMC4|move: Stealth Rock\n|\n|-heal|p2a: Whiscash|234/337|[from] item: Leftovers\n|upkeep\n|turn|12\n|\n|t:|1733786166\n|switch|p2a: Mightyena|Mightyena, L95, M|287/287\n|-damage|p2a: Mightyena|252/287|[from] Stealth Rock\n|-ability|p2a: Mightyena|Intimidate|boost\n|-unboost|p1a: Sandy Shocks|atk|1\n|move|p1a: Sandy Shocks|Spikes|p2a: Mightyena\n|-sidestart|p2: PCAJT|Spikes\n|\n|upkeep\n|turn|13\n|\n|t:|1733786179\n|-end|p1a: Sandy Shocks|Protosynthesis|[silent]\n|switch|p1a: Pelipper|Pelipper, L86, F|12/243\n|-damage|p1a: Pelipper|0 fnt|[from] Stealth Rock\n|faint|p1a: Pelipper\n|-terastallize|p2a: Mightyena|Poison\n|move|p2a: Mightyena|Poison Fang|p1: Pelipper|[notarget]\n|-fail|p2a: Mightyena\n|\n|upkeep\n|\n|t:|1733786189\n|switch|p1a: Sandy Shocks|Sandy Shocks, L80, tera:Grass|267/267\n|-damage|p1a: Sandy Shocks|234/267|[from] Stealth Rock\n|turn|14\n|\n|t:|1733786193\n|move|p1a: Sandy Shocks|Earth Power|p2a: Mightyena\n|-supereffective|p2a: Mightyena\n|-damage|p2a: Mightyena|0 fnt\n|faint|p2a: Mightyena\n|\n|-heal|p1a: Sandy Shocks|250/267|[from] item: Leftovers\n|upkeep\n|\n|t:|1733786203\n|switch|p2a: Bellibolt|Bellibolt, L84, M|320/320\n|-damage|p2a: Bellibolt|280/320|[from] Stealth Rock\n|-damage|p2a: Bellibolt|240/320|[from] Spikes\n|turn|15\n|\n|t:|1733786210\n|move|p1a: Sandy Shocks|Earth Power|p2a: Bellibolt\n|-supereffective|p2a: Bellibolt\n|-damage|p2a: Bellibolt|36/320\n|-start|p2a: Bellibolt|Charge|Earth Power|[from] ability: Electromorphosis\n|move|p2a: Bellibolt|Toxic|p1a: Sandy Shocks\n|-status|p1a: Sandy Shocks|tox\n|\n|-heal|p1a: Sandy Shocks|266/267 tox|[from] item: Leftovers\n|-heal|p2a: Bellibolt|56/320|[from] item: Leftovers\n|-damage|p1a: Sandy Shocks|250/267 tox|[from] psn\n|upkeep\n|turn|16\n|\n|t:|1733786223\n|move|p1a: Sandy Shocks|Earth Power|p2a: Bellibolt\n|-supereffective|p2a: Bellibolt\n|-damage|p2a: Bellibolt|0 fnt\n|faint|p2a: Bellibolt\n|\n|-heal|p1a: Sandy Shocks|266/267 tox|[from] item: Leftovers\n|-damage|p1a: Sandy Shocks|234/267 tox|[from] psn\n|upkeep\n|-message|PCAJT forfeited.\n|\n|win|FacuMC4\n|raw|FacuMC4's rating: 1618 &rarr; <strong>1635</strong><br />(+17 for winning)\n|raw|PCAJT's rating: 1559 &rarr; <strong>1542</strong><br />(-17 for losing)\n|l|\u2606PCAJT\n|player|p2|\n", "inputlog": ">version bfd83cad13791eb5a5a409923076391caf6fb4d4\n>start {\"formatid\":\"gen9randombattle\",\"seed\":[7406,31742,8698,50499],\"rated\":\"Rated battle\"}\n>player p1 {\"name\":\"FacuMC4\",\"avatar\":\"lance\",\"rating\":1618,\"seed\":[21102,47360,40549,31735]}\n>player p2 {\"name\":\"PCAJT\",\"avatar\":\"rancher\",\"rating\":1559,\"seed\":[64422,56067,10377,22059]}\n>p1 move closecombat\n>p2 switch 6\n>p1 switch 6\n>p2 move agility\n>p1 move dragondance\n>p2 move psychocut\n>p1 move outrage\n>p2 move psychocut\n>p1 switch 2\n>p1 move weatherball\n>p2 move psychocut\n>p2 switch 5\n>p1 switch 4\n>p2 move dragondance\n>p1 move toxic\n>p2 move wavecrash\n>p1 move toxic\n>p2 move wavecrash\n>p1 switch 6\n>p1 move closecombat\n>p2 move outrage\n>p1 switch 3\n>p2 switch 2\n>p1 move stealthrock\n>p2 switch 3\n>p1 move earthpower terastallize\n>p2 move stealthrock\n>p1 move spikes\n>p2 switch 3\n>p1 switch 4\n>p2 move poisonfang terastallize\n>p1 switch 4\n>p1 move earthpower\n>p2 move poisonfang\n>p2 switch 4\n>p1 move earthpower\n>p2 move toxic\n>p1 move earthpower\n>p2 move slackoff\n>forcelose p2", "uploadtime": 1733786233, "views": 1, "formatid": "gen9randombattle", "rating": 1542, "private": 0, "password": null}