{"id": "gen9randombattle-2260868299", "format": "[Gen 9] Random Battle", "players": ["mrbun314", "PrussianPancakes"], "log": "|j|\u2606mrbun314\n|j|\u2606PrussianPancakes\n|t:|1733907520\n|gametype|singles\n|player|p1|mrbun314|red|1813\n|player|p2|PrussianPancakes|iris-gen5bw2|1806\n|teamsize|p1|6\n|teamsize|p2|6\n|gen|9\n|tier|[Gen 9] Random Battle\n|rated|\n|rule|Species Clause: Limit one of each Pok\u00e9mon\n|rule|HP Percentage Mod: HP is shown in percentages\n|rule|Sleep Clause Mod: Limit one foe put to sleep\n|rule|Illusion Level Mod: Illusion disguises the Pok\u00e9mon's true level\n|\n|t:|1733907520\n|start\n|switch|p1a: Thundurus|Thundurus-Therian, L80, M|258/258\n|switch|p2a: Poliwrath|Poliwrath, L88, F|302/302\n|turn|1\n|inactive|Battle timer is ON: inactive players will automatically lose when time's up. (requested by PrussianPancakes)\n|\n|t:|1733907543\n|switch|p2a: Wyrdeer|Wyrdeer, L87, M|321/321\n|-ability|p2a: Wyrdeer|Intimidate|boost\n|-unboost|p1a: Thundurus|atk|1\n|move|p1a: Thundurus|Nasty Plot|p1a: Thundurus\n|-boost|p1a: Thundurus|spa|2\n|\n|upkeep\n|turn|2\n|\n|t:|1733907552\n|move|p1a: Thundurus|Thunderbolt|p2a: Wyrdeer\n|-crit|p2a: Wyrdeer\n|-damage|p2a: Wyrdeer|57/321\n|move|p2a: Wyrdeer|Body Slam|p1a: Thundurus\n|-damage|p1a: Thundurus|122/258\n|\n|upkeep\n|turn|3\n|\n|t:|1733907560\n|-terastallize|p2a: Wyrdeer|Ground\n|move|p1a: Thundurus|Thunderbolt|p2a: Wyrdeer\n|-immune|p2a: Wyrdeer\n|move|p2a: Wyrdeer|Body Slam|p1a: Thundurus\n|-damage|p1a: Thundurus|4/258\n|\n|upkeep\n|turn|4\n|\n|t:|1733907568\n|move|p1a: Thundurus|Grass Knot|p2a: Wyrdeer\n|-supereffective|p2a: Wyrdeer\n|-damage|p2a: Wyrdeer|0 fnt\n|faint|p2a: Wyrdeer\n|\n|upkeep\n|\n|t:|1733907573\n|switch|p2a: Honchkrow|Honchkrow, L86, F|312/312\n|turn|5\n|\n|t:|1733907580\n|move|p2a: Honchkrow|Sucker Punch||[still]\n|-fail|p2a: Honchkrow\n|move|p1a: Thundurus|Nasty Plot|p1a: Thundurus\n|-boost|p1a: Thundurus|spa|2\n|\n|upkeep\n|turn|6\n|\n|t:|1733907586\n|move|p2a: Honchkrow|Sucker Punch||[still]\n|-fail|p2a: Honchkrow\n|move|p1a: Thundurus|Nasty Plot|p1a: Thundurus\n|-boost|p1a: Thundurus|spa|2\n|\n|upkeep\n|turn|7\n|\n|t:|1733907593\n|move|p2a: Honchkrow|Sucker Punch||[still]\n|-fail|p2a: Honchkrow\n|move|p1a: Thundurus|Nasty Plot|p1a: Thundurus\n|-boost|p1a: Thundurus|spa|0\n|\n|upkeep\n|turn|8\n|\n|t:|1733907600\n|move|p2a: Honchkrow|Sucker Punch||[still]\n|-fail|p2a: Honchkrow\n|move|p1a: Thundurus|Nasty Plot|p1a: Thundurus\n|-boost|p1a: Thundurus|spa|0\n|\n|upkeep\n|turn|9\n|\n|t:|1733907605\n|move|p1a: Thundurus|Thunderbolt|p2a: Honchkrow\n|-supereffective|p2a: Honchkrow\n|-damage|p2a: Honchkrow|0 fnt\n|faint|p2a: Honchkrow\n|\n|upkeep\n|c|\u2606PrussianPancakes|HOW\n|\n|t:|1733907612\n|switch|p2a: Pincurchin|Pincurchin, F|258/258\n|-fieldstart|move: Electric Terrain|[from] ability: Electric Surge|[of] p2a: Pincurchin\n|turn|10\n|c|\u2606mrbun314|M I N D R E A D E R\n|\n|t:|1733907627\n|-terastallize|p1a: Thundurus|Electric\n|move|p1a: Thundurus|Thunderbolt|p2a: Pincurchin\n|-resisted|p2a: Pincurchin\n|-damage|p2a: Pincurchin|0 fnt\n|faint|p2a: Pincurchin\n|\n|upkeep\n|\n|t:|1733907632\n|switch|p2a: Scovillain|Scovillain, L91, M|266/266\n|turn|11\n|\n|t:|1733907637\n|move|p1a: Thundurus|Thunderbolt|p2a: Scovillain\n|-resisted|p2a: Scovillain\n|-damage|p2a: Scovillain|0 fnt\n|faint|p2a: Scovillain\n|\n|upkeep\n|\n|t:|1733907639\n|switch|p2a: Poliwrath|Poliwrath, L88, F|302/302\n|turn|12\n|\n|t:|1733907643\n|move|p1a: Thundurus|Thunderbolt|p2a: Poliwrath\n|-supereffective|p2a: Poliwrath\n|-damage|p2a: Poliwrath|0 fnt\n|faint|p2a: Poliwrath\n|\n|upkeep\n|\n|t:|1733907644\n|switch|p2a: Gyarados|Gyarados, L79, F|280/280\n|-ability|p2a: Gyarados|Intimidate|boost\n|-unboost|p1a: Thundurus|atk|1\n|turn|13\n|\n|t:|1733907650\n|move|p1a: Thundurus|Thunderbolt|p2a: Gyarados\n|-supereffective|p2a: Gyarados\n|-damage|p2a: Gyarados|0 fnt\n|faint|p2a: Gyarados\n|\n|win|mrbun314\n|raw|mrbun314's rating: 1813 &rarr; <strong>1833</strong><br />(+20 for winning)\n|raw|PrussianPancakes's rating: 1806 &rarr; <strong>1786</strong><br />(-20 for losing)\n|l|\u2606PrussianPancakes\n|player|p2|\n", "inputlog": ">version bfd83cad13791eb5a5a409923076391caf6fb4d4\n>start {\"formatid\":\"gen9randombattle\",\"seed\":[14952,2017,42668,20864],\"rated\":\"Rated battle\"}\n>player p1 {\"name\":\"mrbun314\",\"avatar\":\"red\",\"rating\":1813,\"seed\":[32853,50528,7105,54483]}\n>player p2 {\"name\":\"PrussianPancakes\",\"avatar\":\"iris-gen5bw2\",\"rating\":1806,\"seed\":[19052,24718,13031,36434]}\n>p1 move nastyplot\n>p2 switch 5\n>p1 move thunderbolt\n>p2 move bodyslam\n>p1 move thunderbolt\n>p2 move bodyslam terastallize\n>p1 move grassknot\n>p2 move bodyslam\n>p2 switch 4\n>p1 move nastyplot\n>p2 move suckerpunch\n>p1 move nastyplot\n>p2 move suckerpunch\n>p1 move nastyplot\n>p2 move suckerpunch\n>p1 move nastyplot\n>p2 move suckerpunch\n>p1 move thunderbolt\n>p2 move bravebird\n>chat \u2606PrussianPancakes|HOW\n>p2 switch 3\n>chat \u2606mrbun314|M I N D R E A D E R\n>p1 move thunderbolt terastallize\n>p2 move scald\n>p2 switch 6\n>p1 move thunderbolt\n>p2 move leechseed\n>p2 switch 5\n>p1 move thunderbolt\n>p2 move closecombat\n>p2 switch 2\n>p1 move thunderbolt\n>p2 move waterfall", "uploadtime": 1733907675, "views": 9, "formatid": "gen9randombattle", "rating": 1786, "private": 0, "password": null}