{"id": "gen9randombattle-2260372866", "format": "[Gen 9] Random Battle", "players": ["PoopFlubcus", "Shiroma88"], "log": "|j|\u2606PoopFlubcus\n|j|\u2606Shiroma88\n|t:|1733845167\n|gametype|singles\n|player|p1|PoopFlubcus|1|1213\n|player|p2|Shiroma88|102|1235\n|teamsize|p1|6\n|teamsize|p2|6\n|gen|9\n|tier|[Gen 9] Random Battle\n|rated|\n|rule|Species Clause: Limit one of each Pok\u00e9mon\n|rule|HP Percentage Mod: HP is shown in percentages\n|rule|Sleep Clause Mod: Limit one foe put to sleep\n|rule|Illusion Level Mod: Illusion disguises the Pok\u00e9mon's true level\n|\n|t:|1733845167\n|start\n|switch|p1a: Swanna|Swanna, L88, M|275/275\n|switch|p2a: Sinistcha|Sinistcha-Masterpiece, L83|254/254\n|turn|1\n|inactive|Battle timer is ON: inactive players will automatically lose when time's up. (requested by PoopFlubcus)\n|\n|t:|1733845201\n|-terastallize|p2a: Sinistcha|Steel\n|move|p1a: Swanna|Brave Bird|p2a: Sinistcha\n|-resisted|p2a: Sinistcha\n|-damage|p2a: Sinistcha|197/254\n|-damage|p1a: Swanna|256/275|[from] Recoil\n|move|p2a: Sinistcha|Calm Mind|p2a: Sinistcha\n|-boost|p2a: Sinistcha|spa|1\n|-boost|p2a: Sinistcha|spd|1\n|\n|-heal|p2a: Sinistcha|212/254|[from] item: Leftovers\n|upkeep\n|turn|2\n|\n|t:|1733845216\n|switch|p1a: Carbink|Carbink, L90|236/236\n|move|p2a: Sinistcha|Matcha Gotcha|p1a: Carbink\n|-supereffective|p1a: Carbink\n|-damage|p1a: Carbink|62/236\n|-heal|p2a: Sinistcha|254/254|[from] drain|[of] p1a: Carbink\n|\n|upkeep\n|turn|3\n|inactive|Shiroma88 has 120 seconds left.\n|c|\u2606PoopFlubcus|PLAY UR TURN FFS\n|\n|t:|1733845251\n|move|p2a: Sinistcha|Matcha Gotcha|p1a: Carbink\n|-supereffective|p1a: Carbink\n|-damage|p1a: Carbink|0 fnt\n|faint|p1a: Carbink\n|\n|upkeep\n|\n|t:|1733845266\n|switch|p1a: Comfey|Comfey, L85, F|225/225\n|turn|4\n|inactive|Shiroma88 has 120 seconds left.\n|c|\u2606PoopFlubcus|Ur gonna use the same fucking move again\n|\n|t:|1733845285\n|-terastallize|p1a: Comfey|Ground\n|move|p1a: Comfey|Tera Blast|p2a: Sinistcha|[anim] Tera Blast Ground\n|-supereffective|p2a: Sinistcha\n|-damage|p2a: Sinistcha|144/254\n|move|p2a: Sinistcha|Calm Mind|p2a: Sinistcha\n|-boost|p2a: Sinistcha|spa|1\n|-boost|p2a: Sinistcha|spd|1\n|\n|-heal|p2a: Sinistcha|159/254|[from] item: Leftovers\n|upkeep\n|turn|5\n|c|\u2606PoopFlubcus|its not hard\n|\n|t:|1733845296\n|move|p1a: Comfey|Calm Mind|p1a: Comfey\n|-boost|p1a: Comfey|spa|1\n|-boost|p1a: Comfey|spd|1\n|move|p2a: Sinistcha|Matcha Gotcha|p1a: Comfey\n|-supereffective|p1a: Comfey\n|-damage|p1a: Comfey|0 fnt\n|-heal|p2a: Sinistcha|254/254|[from] drain|[of] p1a: Comfey\n|faint|p1a: Comfey\n|\n|upkeep\n|\n|t:|1733845301\n|switch|p1a: Lunala|Lunala, L70|308/308\n|turn|6\n|inactive|Shiroma88 has 120 seconds left.\n|c|\u2606PoopFlubcus|Are u braindead\n|c|\u2606PoopFlubcus|just play dumbass\n|inactive|Shiroma88 has 90 seconds left.\n|c|\u2606PoopFlubcus|It takes 2 fucking seconds to press an attack u fucking monkey\n|\n|t:|1733845366\n|move|p1a: Lunala|Calm Mind|p1a: Lunala\n|-boost|p1a: Lunala|spa|1\n|-boost|p1a: Lunala|spd|1\n|move|p2a: Sinistcha|Shadow Ball|p1a: Lunala\n|-supereffective|p1a: Lunala\n|-damage|p1a: Lunala|26/308\n|\n|-heal|p1a: Lunala|45/308|[from] item: Leftovers\n|upkeep\n|turn|7\n|\n|t:|1733845371\n|move|p1a: Lunala|Moongeist Beam|p2a: Sinistcha\n|-damage|p2a: Sinistcha|173/254\n|move|p2a: Sinistcha|Matcha Gotcha|p1a: Lunala|[miss]\n|-miss|p2a: Sinistcha|p1a: Lunala\n|\n|-heal|p1a: Lunala|64/308|[from] item: Leftovers\n|-heal|p2a: Sinistcha|188/254|[from] item: Leftovers\n|upkeep\n|turn|8\n|\n|t:|1733845379\n|move|p1a: Lunala|Psyshock|p2a: Sinistcha\n|-resisted|p2a: Sinistcha\n|-damage|p2a: Sinistcha|137/254\n|move|p2a: Sinistcha|Matcha Gotcha|p1a: Lunala\n|-damage|p1a: Lunala|0 fnt\n|-heal|p2a: Sinistcha|169/254|[from] drain|[of] p1a: Lunala\n|faint|p1a: Lunala\n|\n|-heal|p2a: Sinistcha|184/254|[from] item: Leftovers\n|upkeep\n|\n|t:|1733845385\n|switch|p1a: Amoonguss|Amoonguss, L82, M|321/321\n|turn|9\n|\n|t:|1733845390\n|move|p2a: Sinistcha|Shadow Ball|p1a: Amoonguss\n|-damage|p1a: Amoonguss|84/321\n|-unboost|p1a: Amoonguss|spd|1\n|move|p1a: Amoonguss|Stomping Tantrum|p2a: Sinistcha\n|-supereffective|p2a: Sinistcha\n|-damage|p2a: Sinistcha|100/254\n|\n|-heal|p2a: Sinistcha|115/254|[from] item: Leftovers\n|-heal|p1a: Amoonguss|104/321|[from] item: Leftovers\n|upkeep\n|turn|10\n|\n|t:|1733845395\n|move|p2a: Sinistcha|Shadow Ball|p1a: Amoonguss\n|-damage|p1a: Amoonguss|0 fnt\n|faint|p1a: Amoonguss\n|\n|-heal|p2a: Sinistcha|130/254|[from] item: Leftovers\n|upkeep\n|\n|t:|1733845400\n|switch|p1a: Swanna|Swanna, L88, M|256/275\n|turn|11\n|\n|t:|1733845411\n|move|p1a: Swanna|Hydro Pump|p2a: Sinistcha\n|-damage|p2a: Sinistcha|70/254\n|move|p2a: Sinistcha|Matcha Gotcha|p1a: Swanna\n|-damage|p1a: Swanna|13/275\n|-heal|p2a: Sinistcha|192/254|[from] drain|[of] p1a: Swanna\n|\n|-heal|p2a: Sinistcha|207/254|[from] item: Leftovers\n|upkeep\n|turn|12\n|\n|t:|1733845418\n|move|p1a: Swanna|Hydro Pump|p2a: Sinistcha\n|-damage|p2a: Sinistcha|140/254\n|move|p2a: Sinistcha|Shadow Ball|p1a: Swanna\n|-damage|p1a: Swanna|0 fnt\n|faint|p1a: Swanna\n|\n|-heal|p2a: Sinistcha|155/254|[from] item: Leftovers\n|upkeep\n|-message|PoopFlubcus forfeited.\n|\n|win|Shiroma88\n", "inputlog": ">version bfd83cad13791eb5a5a409923076391caf6fb4d4\n>start {\"formatid\":\"gen9randombattle\",\"seed\":[45963,28056,53701,45563],\"rated\":\"Rated battle\"}\n>player p1 {\"name\":\"PoopFlubcus\",\"avatar\":\"1\",\"rating\":1213,\"seed\":[25814,15477,3139,16161]}\n>player p2 {\"name\":\"Shiroma88\",\"avatar\":\"102\",\"rating\":1235,\"seed\":[61776,38827,55765,31745]}\n>p1 move bravebird\n>p2 move calmmind terastallize\n>p1 switch 5\n>p2 move matchagotcha\n>chat \u2606PoopFlubcus|PLAY UR TURN FFS \n>p1 move irondefense\n>p2 move matchagotcha\n>p1 switch 2\n>chat \u2606PoopFlubcus|Ur gonna use the same fucking move again\n>p1 move terablast terastallize\n>p2 move calmmind\n>chat \u2606PoopFlubcus|its not hard\n>p1 move calmmind\n>p2 move matchagotcha\n>p1 switch 4\n>chat \u2606PoopFlubcus|Are u braindead\n>chat \u2606PoopFlubcus|just play dumbass\n>chat \u2606PoopFlubcus|It takes 2 fucking seconds to press an attack u fucking monkey\n>p1 move calmmind\n>p2 move shadowball\n>p1 move moongeistbeam\n>p2 move matchagotcha\n>p1 move psyshock\n>p2 move matchagotcha\n>p1 switch 3\n>p1 move stompingtantrum\n>p2 move shadowball\n>p1 move spore\n>p2 move shadowball\n>p1 switch 5\n>p1 move hydropump\n>p2 move matchagotcha\n>p1 move hydropump\n>p2 move shadowball\n>forcelose p1", "uploadtime": 1733845356, "views": 1, "formatid": "gen9randombattle", "rating": null, "private": 0, "password": null}