{"id": "gen9randombattle-2260040411", "format": "[Gen 9] Random Battle", "players": ["Habane", "kagaminecat"], "log": "|j|\u2606Habane\n|j|\u2606kagaminecat\n|t:|1733794506\n|gametype|singles\n|player|p1|Habane|pokemonranger-gen4|1234\n|player|p2|kagaminecat|265|1288\n|teamsize|p1|6\n|teamsize|p2|6\n|gen|9\n|tier|[Gen 9] Random Battle\n|rated|\n|rule|Species Clause: Limit one of each Pok\u00e9mon\n|rule|HP Percentage Mod: HP is shown in percentages\n|rule|Sleep Clause Mod: Limit one foe put to sleep\n|rule|Illusion Level Mod: Illusion disguises the Pok\u00e9mon's true level\n|\n|t:|1733794506\n|start\n|switch|p1a: Bombirdier|Bombirdier, L85, M|258/258\n|switch|p2a: Dunsparce|Dunsparce, L86, M|312/312\n|turn|1\n|inactive|Battle timer is ON: inactive players will automatically lose when time's up. (requested by kagaminecat)\n|\n|t:|1733794519\n|move|p1a: Bombirdier|Knock Off|p2a: Dunsparce\n|-damage|p2a: Dunsparce|227/312\n|-enditem|p2a: Dunsparce|Eviolite|[from] move: Knock Off|[of] p1a: Bombirdier\n|move|p2a: Dunsparce|Coil|p2a: Dunsparce\n|-boost|p2a: Dunsparce|atk|1\n|-boost|p2a: Dunsparce|def|1\n|-boost|p2a: Dunsparce|accuracy|1\n|\n|upkeep\n|turn|2\n|\n|t:|1733794532\n|move|p1a: Bombirdier|Brave Bird|p2a: Dunsparce\n|-damage|p2a: Dunsparce|113/312\n|-damage|p1a: Bombirdier|220/258|[from] Recoil\n|move|p2a: Dunsparce|Body Slam|p1a: Bombirdier\n|-damage|p1a: Bombirdier|103/258\n|\n|upkeep\n|turn|3\n|\n|t:|1733794545\n|-terastallize|p1a: Bombirdier|Rock\n|move|p1a: Bombirdier|Roost|p1a: Bombirdier\n|-heal|p1a: Bombirdier|232/258\n|move|p2a: Dunsparce|Roost|p2a: Dunsparce\n|-heal|p2a: Dunsparce|269/312\n|-singleturn|p2a: Dunsparce|move: Roost\n|\n|upkeep\n|turn|4\n|\n|t:|1733794567\n|switch|p1a: Quaquaval|Quaquaval, L79, F|264/264\n|move|p2a: Dunsparce|Coil|p2a: Dunsparce\n|-boost|p2a: Dunsparce|atk|1\n|-boost|p2a: Dunsparce|def|1\n|-boost|p2a: Dunsparce|accuracy|1\n|\n|upkeep\n|turn|5\n|\n|t:|1733794575\n|move|p1a: Quaquaval|Encore|p2a: Dunsparce\n|-start|p2a: Dunsparce|Encore\n|move|p2a: Dunsparce|Coil|p2a: Dunsparce\n|-boost|p2a: Dunsparce|atk|1\n|-boost|p2a: Dunsparce|def|1\n|-boost|p2a: Dunsparce|accuracy|1\n|\n|upkeep\n|turn|6\n|\n|t:|1733794589\n|switch|p2a: Toxapex|Toxapex, L82, F|216/216\n|move|p1a: Quaquaval|Swords Dance|p1a: Quaquaval\n|-boost|p1a: Quaquaval|atk|2\n|\n|upkeep\n|turn|7\n|\n|t:|1733794602\n|switch|p1a: Seviper|Seviper, L93, M|287/287\n|move|p2a: Toxapex|Haze|p2a: Toxapex\n|-clearallboost\n|\n|upkeep\n|turn|8\n|\n|t:|1733794616\n|switch|p2a: Landorus|Landorus, L75, M|257/257\n|move|p1a: Seviper|Glare|p2a: Landorus\n|-status|p2a: Landorus|par\n|\n|upkeep\n|turn|9\n|\n|t:|1733794632\n|switch|p1a: Dodrio|Dodrio, L86, F|243/243\n|move|p2a: Landorus|Sludge Wave|p1a: Dodrio\n|-damage|p1a: Dodrio|109/243\n|\n|upkeep\n|turn|10\n|\n|t:|1733794642\n|move|p1a: Dodrio|Knock Off|p2a: Landorus\n|-damage|p2a: Landorus|165/257 par\n|-enditem|p2a: Landorus|Life Orb|[from] move: Knock Off|[of] p1a: Dodrio\n|move|p2a: Landorus|Sludge Wave|p1a: Dodrio\n|-damage|p1a: Dodrio|1/243\n|\n|upkeep\n|turn|11\n|\n|t:|1733794653\n|move|p1a: Dodrio|Double-Edge|p2a: Landorus\n|-damage|p2a: Landorus|8/257 par\n|-damage|p1a: Dodrio|0 fnt|[from] Recoil\n|faint|p1a: Dodrio\n|move|p2a: Landorus|Earth Power|p1: Dodrio|[notarget]\n|-fail|p2a: Landorus\n|\n|upkeep\n|\n|t:|1733794661\n|switch|p1a: Quaquaval|Quaquaval, L79, F|264/264\n|turn|12\n|\n|t:|1733794666\n|switch|p2a: Toxapex|Toxapex, L82, F|216/216\n|move|p1a: Quaquaval|Aqua Step|p2a: Toxapex\n|-resisted|p2a: Toxapex\n|-damage|p2a: Toxapex|181/216\n|-boost|p1a: Quaquaval|spe|1\n|-damage|p1a: Quaquaval|220/264|[from] item: Rocky Helmet|[of] p2a: Toxapex\n|-damage|p1a: Quaquaval|194/264|[from] item: Life Orb\n|\n|upkeep\n|turn|13\n|\n|t:|1733794676\n|switch|p1a: Seviper|Seviper, L93, M|287/287\n|move|p2a: Toxapex|Toxic Spikes|p1a: Seviper\n|-sidestart|p1: Habane|move: Toxic Spikes\n|\n|upkeep\n|turn|14\n|\n|t:|1733794684\n|switch|p2a: Landorus|Landorus, L75, M|8/257 par\n|move|p1a: Seviper|Giga Drain|p2a: Landorus\n|-damage|p2a: Landorus|0 fnt\n|faint|p2a: Landorus\n|-damage|p1a: Seviper|259/287|[from] item: Life Orb\n|\n|upkeep\n|\n|t:|1733794692\n|switch|p2a: Rampardos|Rampardos, L90, M|321/321\n|turn|15\n|\n|t:|1733794702\n|switch|p1a: Sinistcha|Sinistcha, L83|254/254\n|-status|p1a: Sinistcha|psn\n|move|p2a: Rampardos|Rock Slide|p1a: Sinistcha\n|-damage|p1a: Sinistcha|47/254 psn\n|\n|-heal|p1a: Sinistcha|62/254 psn|[from] item: Leftovers\n|-damage|p1a: Sinistcha|31/254 psn|[from] psn\n|upkeep\n|turn|16\n|\n|t:|1733794720\n|switch|p2a: Talonflame|Talonflame, L83, F|265/265\n|move|p1a: Sinistcha|Matcha Gotcha|p2a: Talonflame\n|-resisted|p2a: Talonflame\n|-damage|p2a: Talonflame|237/265\n|-heal|p1a: Sinistcha|45/254 psn|[from] drain|[of] p2a: Talonflame\n|\n|-heal|p1a: Sinistcha|60/254 psn|[from] item: Leftovers\n|-damage|p1a: Sinistcha|29/254 psn|[from] psn\n|upkeep\n|turn|17\n|\n|t:|1733794737\n|switch|p1a: Bombirdier|Bombirdier, L85, M, tera:Rock|232/258\n|move|p2a: Talonflame|Taunt|p1a: Bombirdier\n|-start|p1a: Bombirdier|move: Taunt\n|\n|upkeep\n|turn|18\n|\n|t:|1733794747\n|switch|p2a: Toxapex|Toxapex, L82, F|216/216\n|move|p1a: Bombirdier|Stone Edge|p2a: Toxapex\n|-crit|p2a: Toxapex\n|-damage|p2a: Toxapex|51/216\n|\n|upkeep\n|turn|19\n|\n|t:|1733794766\n|switch|p2a: Dunsparce|Dunsparce, L86, M|269/312\n|move|p1a: Bombirdier|Brave Bird|p2a: Dunsparce\n|-damage|p2a: Dunsparce|104/312\n|-damage|p1a: Bombirdier|178/258|[from] Recoil\n|\n|-end|p1a: Bombirdier|move: Taunt\n|upkeep\n|turn|20\n|\n|t:|1733794779\n|switch|p2a: Cresselia|Cresselia, L80, F|323/323\n|move|p1a: Bombirdier|Brave Bird|p2a: Cresselia\n|-damage|p2a: Cresselia|194/323\n|-damage|p1a: Bombirdier|135/258|[from] Recoil\n|\n|-heal|p2a: Cresselia|214/323|[from] item: Leftovers\n|upkeep\n|turn|21\n|\n|t:|1733794789\n|move|p1a: Bombirdier|Knock Off|p2a: Cresselia\n|-supereffective|p2a: Cresselia\n|-crit|p2a: Cresselia\n|-damage|p2a: Cresselia|0 fnt\n|-enditem|p2a: Cresselia|Leftovers|[from] move: Knock Off|[of] p1a: Bombirdier\n|faint|p2a: Cresselia\n|\n|upkeep\n|\n|t:|1733794797\n|switch|p2a: Talonflame|Talonflame, L83, F|237/265\n|turn|22\n|\n|t:|1733794803\n|switch|p1a: Sinistcha|Sinistcha, L83|29/254 psn\n|move|p2a: Talonflame|Overheat|p1a: Sinistcha\n|-supereffective|p1a: Sinistcha\n|-damage|p1a: Sinistcha|0 fnt\n|-unboost|p2a: Talonflame|spa|2\n|faint|p1a: Sinistcha\n|\n|upkeep\n|\n|t:|1733794812\n|switch|p1a: Seviper|Seviper, L93, M|259/287\n|-sideend|p1: Habane|move: Toxic Spikes|[of] p1a: Seviper\n|turn|23\n|\n|t:|1733794820\n|move|p2a: Talonflame|Taunt|p1a: Seviper\n|-start|p1a: Seviper|move: Taunt\n|cant|p1a: Seviper|move: Taunt|Glare\n|\n|upkeep\n|turn|24\n|\n|t:|1733794827\n|move|p2a: Talonflame|Brave Bird|p1a: Seviper\n|-damage|p1a: Seviper|117/287\n|-damage|p2a: Talonflame|190/265|[from] Recoil\n|move|p1a: Seviper|Gunk Shot|p2a: Talonflame\n|-damage|p2a: Talonflame|0 fnt\n|faint|p2a: Talonflame\n|-damage|p1a: Seviper|89/287|[from] item: Life Orb\n|\n|upkeep\n|\n|t:|1733794838\n|switch|p2a: Toxapex|Toxapex, L82, F|123/216\n|turn|25\n|\n|t:|1733794842\n|move|p1a: Seviper|Earthquake|p2a: Toxapex\n|-supereffective|p2a: Toxapex\n|-damage|p2a: Toxapex|0 fnt\n|faint|p2a: Toxapex\n|-damage|p1a: Seviper|61/287|[from] item: Life Orb\n|\n|-end|p1a: Seviper|move: Taunt\n|upkeep\n|\n|t:|1733794850\n|switch|p2a: Dunsparce|Dunsparce, L86, M|104/312\n|turn|26\n|\n|t:|1733794857\n|move|p1a: Seviper|Gunk Shot|p2a: Dunsparce|[miss]\n|-miss|p1a: Seviper|p2a: Dunsparce\n|move|p2a: Dunsparce|Roost|p2a: Dunsparce\n|-heal|p2a: Dunsparce|260/312\n|-singleturn|p2a: Dunsparce|move: Roost\n|\n|upkeep\n|turn|27\n|\n|t:|1733794864\n|move|p1a: Seviper|Glare|p2a: Dunsparce\n|-status|p2a: Dunsparce|par\n|cant|p2a: Dunsparce|par\n|\n|upkeep\n|turn|28\n|\n|t:|1733794877\n|move|p1a: Seviper|Giga Drain|p2a: Dunsparce\n|-damage|p2a: Dunsparce|152/312 par\n|-heal|p1a: Seviper|115/287|[from] drain|[of] p2a: Dunsparce\n|-damage|p1a: Seviper|87/287|[from] item: Life Orb\n|cant|p2a: Dunsparce|par\n|\n|upkeep\n|turn|29\n|\n|t:|1733794885\n|move|p1a: Seviper|Giga Drain|p2a: Dunsparce\n|-damage|p2a: Dunsparce|49/312 par\n|-heal|p1a: Seviper|139/287|[from] drain|[of] p2a: Dunsparce\n|-damage|p1a: Seviper|111/287|[from] item: Life Orb\n|move|p2a: Dunsparce|Roost|p2a: Dunsparce\n|-heal|p2a: Dunsparce|205/312 par\n|-singleturn|p2a: Dunsparce|move: Roost\n|\n|upkeep\n|turn|30\n|\n|t:|1733794895\n|switch|p1a: Quaquaval|Quaquaval, L79, F|194/264\n|move|p2a: Dunsparce|Roost|p2a: Dunsparce\n|-heal|p2a: Dunsparce|312/312 par\n|-singleturn|p2a: Dunsparce|move: Roost\n|\n|upkeep\n|turn|31\n|\n|t:|1733794903\n|-terastallize|p2a: Dunsparce|Ghost\n|move|p1a: Quaquaval|Encore|p2a: Dunsparce\n|-start|p2a: Dunsparce|Encore\n|cant|p2a: Dunsparce|par\n|\n|upkeep\n|turn|32\n|\n|t:|1733794911\n|switch|p2a: Rampardos|Rampardos, L90, M|321/321\n|move|p1a: Quaquaval|Swords Dance|p1a: Quaquaval\n|-boost|p1a: Quaquaval|atk|2\n|\n|upkeep\n|turn|33\n|\n|t:|1733794918\n|switch|p2a: Dunsparce|Dunsparce, L86, M, tera:Ghost|312/312 par\n|move|p1a: Quaquaval|Aqua Step|p2a: Dunsparce\n|-damage|p2a: Dunsparce|53/312 par\n|-boost|p1a: Quaquaval|spe|1\n|-damage|p1a: Quaquaval|168/264|[from] item: Life Orb\n|\n|upkeep\n|turn|34\n|\n|t:|1733794928\n|move|p1a: Quaquaval|Aqua Step|p2a: Dunsparce\n|-damage|p2a: Dunsparce|0 fnt\n|-boost|p1a: Quaquaval|spe|1\n|faint|p2a: Dunsparce\n|-ability|p1a: Quaquaval|Moxie|boost\n|-boost|p1a: Quaquaval|atk|1\n|-damage|p1a: Quaquaval|142/264|[from] item: Life Orb\n|\n|upkeep\n|\n|t:|1733794935\n|switch|p2a: Rampardos|Rampardos, L90, M|321/321\n|turn|35\n|\n|t:|1733794942\n|move|p1a: Quaquaval|Aqua Step|p2a: Rampardos\n|-supereffective|p2a: Rampardos\n|-damage|p2a: Rampardos|0 fnt\n|-boost|p1a: Quaquaval|spe|1\n|faint|p2a: Rampardos\n|-damage|p1a: Quaquaval|116/264|[from] item: Life Orb\n|\n|win|Habane\n|raw|Habane's rating: 1234 &rarr; <strong>1263</strong><br />(+29 for winning)\n|raw|kagaminecat's rating: 1288 &rarr; <strong>1259</strong><br />(-29 for losing)\n|l|\u2606kagaminecat\n|player|p2|\n", "inputlog": ">version bfd83cad13791eb5a5a409923076391caf6fb4d4\n>start {\"formatid\":\"gen9randombattle\",\"seed\":[11287,9389,45012,15683],\"rated\":\"Rated battle\"}\n>player p1 {\"name\":\"Habane\",\"avatar\":\"pokemonranger-gen4\",\"rating\":1234,\"seed\":[41606,49141,63003,52859]}\n>player p2 {\"name\":\"kagaminecat\",\"avatar\":\"265\",\"rating\":1288,\"seed\":[30249,44722,45786,21729]}\n>p1 move knockoff\n>p2 move coil\n>p1 move bravebird\n>p2 move bodyslam\n>p1 move roost terastallize\n>p2 move roost\n>p1 switch 5\n>p2 move coil\n>p1 move encore\n>p2 move bodyslam\n>p1 move swordsdance\n>p2 switch 2\n>p1 switch 4\n>p2 move haze\n>p1 move glare\n>p2 switch 6\n>p1 switch 2\n>p2 move sludgewave\n>p1 move knockoff\n>p2 move sludgewave\n>p1 move doubleedge\n>p2 move earthpower\n>p1 switch 4\n>p1 move aquastep\n>p2 switch 6\n>p1 switch 2\n>p2 move toxicspikes\n>p1 move gigadrain\n>p2 switch 6\n>p2 switch 3\n>p1 switch 6\n>p2 move rockslide\n>p1 move matchagotcha\n>p2 switch 4\n>p1 switch 5\n>p2 move taunt\n>p1 move stoneedge\n>p2 switch 6\n>p1 move bravebird\n>p2 switch 2\n>p1 move bravebird\n>p2 switch 5\n>p1 move knockoff\n>p2 move moonlight\n>p2 switch 6\n>p1 switch 5\n>p2 move overheat\n>p1 switch 6\n>p1 move glare\n>p2 move taunt\n>p1 move gunkshot\n>p2 move bravebird\n>p2 switch 2\n>p1 move earthquake\n>p2 move recover\n>p2 switch 5\n>p1 move gunkshot\n>p2 move roost\n>p1 move glare\n>p2 move earthquake\n>p1 move gigadrain\n>p2 move bodyslam\n>p1 move gigadrain\n>p2 move roost\n>p1 switch 2\n>p2 move roost\n>p1 move encore\n>p2 move coil terastallize\n>p1 move swordsdance\n>p2 switch 4\n>p1 move aquastep\n>p2 switch 4\n>p1 move aquastep\n>p2 move roost\n>p2 switch 4\n>p1 move aquastep\n>p2 move zenheadbutt", "uploadtime": 1733794950, "views": 5, "formatid": "gen9randombattle", "rating": 1259, "private": 0, "password": null}