{"id": "gen9randombattle-2259816028", "format": "[Gen 9] Random Battle", "players": ["Muk Muk Goodra", "Thvelivan"], "log": "|j|\u2606Muk Muk Goodra\n|j|\u2606Thvelivan\n|t:|1733769502\n|gametype|singles\n|player|p1|Muk Muk Goodra|170|1982\n|player|p2|Thvelivan|170|2033\n|teamsize|p1|6\n|teamsize|p2|6\n|gen|9\n|tier|[Gen 9] Random Battle\n|rated|\n|rule|Species Clause: Limit one of each Pok\u00e9mon\n|rule|HP Percentage Mod: HP is shown in percentages\n|rule|Sleep Clause Mod: Limit one foe put to sleep\n|rule|Illusion Level Mod: Illusion disguises the Pok\u00e9mon's true level\n|\n|t:|1733769502\n|start\n|switch|p1a: Swalot|Swalot, L90, F|326/326\n|switch|p2a: Minun|Minun, L95, F|268/268\n|turn|1\n|inactive|Battle timer is ON: inactive players will automatically lose when time's up. (requested by Thvelivan)\n|inactive|Muk Muk Goodra also wants the timer to be on.\n|inactive|Thvelivan has 120 seconds left.\n|\n|t:|1733769536\n|move|p2a: Minun|Thunderbolt|p1a: Swalot\n|-damage|p1a: Swalot|188/326\n|-damage|p2a: Minun|242/268|[from] item: Life Orb\n|move|p1a: Swalot|Sludge Bomb|p2a: Minun\n|-damage|p2a: Minun|158/268\n|-status|p2a: Minun|psn\n|\n|-heal|p1a: Swalot|208/326|[from] item: Leftovers\n|-damage|p2a: Minun|125/268 psn|[from] psn\n|upkeep\n|turn|2\n|\n|t:|1733769550\n|move|p1a: Swalot|Protect|p1a: Swalot\n|-singleturn|p1a: Swalot|Protect\n|move|p2a: Minun|Thunderbolt|p1a: Swalot\n|-activate|p1a: Swalot|move: Protect\n|\n|-heal|p1a: Swalot|228/326|[from] item: Leftovers\n|-damage|p2a: Minun|92/268 psn|[from] psn\n|upkeep\n|turn|3\n|\n|t:|1733769565\n|switch|p1a: Sandy Shocks|Sandy Shocks, L80|267/267\n|move|p2a: Minun|Nasty Plot|p2a: Minun\n|-boost|p2a: Minun|spa|2\n|\n|-damage|p2a: Minun|59/268 psn|[from] psn\n|upkeep\n|turn|4\n|\n|t:|1733769577\n|-end|p1a: Sandy Shocks|Protosynthesis|[silent]\n|switch|p1a: Swalot|Swalot, L90, F|228/326\n|move|p2a: Minun|Grass Knot|p1a: Swalot\n|-resisted|p1a: Swalot\n|-damage|p1a: Swalot|158/326\n|-damage|p2a: Minun|33/268 psn|[from] item: Life Orb\n|\n|-heal|p1a: Swalot|178/326|[from] item: Leftovers\n|-damage|p2a: Minun|0 fnt|[from] psn\n|faint|p2a: Minun\n|upkeep\n|\n|t:|1733769591\n|switch|p2a: Gouging Fire|Gouging Fire, L74|277/277\n|turn|5\n|\n|t:|1733769602\n|move|p2a: Gouging Fire|Dragon Dance|p2a: Gouging Fire\n|-boost|p2a: Gouging Fire|atk|1\n|-boost|p2a: Gouging Fire|spe|1\n|move|p1a: Swalot|Toxic|p2a: Gouging Fire\n|-status|p2a: Gouging Fire|tox\n|\n|-heal|p1a: Swalot|198/326|[from] item: Leftovers\n|-damage|p2a: Gouging Fire|260/277 tox|[from] psn\n|upkeep\n|turn|6\n|\n|t:|1733769614\n|switch|p1a: Stonjourner|Stonjourner, L91, F|330/330\n|move|p2a: Gouging Fire|Dragon Dance|p2a: Gouging Fire\n|-boost|p2a: Gouging Fire|atk|1\n|-boost|p2a: Gouging Fire|spe|1\n|\n|-damage|p2a: Gouging Fire|226/277 tox|[from] psn\n|upkeep\n|turn|7\n|\n|t:|1733769626\n|move|p2a: Gouging Fire|Earthquake|p1a: Stonjourner\n|-supereffective|p1a: Stonjourner\n|-damage|p1a: Stonjourner|178/330\n|move|p1a: Stonjourner|Earthquake|p2a: Gouging Fire\n|-supereffective|p2a: Gouging Fire\n|-damage|p2a: Gouging Fire|0 fnt\n|faint|p2a: Gouging Fire\n|-end|p2a: Gouging Fire|Protosynthesis|[silent]\n|-damage|p1a: Stonjourner|145/330|[from] item: Life Orb\n|\n|upkeep\n|\n|t:|1733769635\n|switch|p2a: Darkrai|Darkrai, L77|234/234\n|turn|8\n|\n|t:|1733769647\n|move|p2a: Darkrai|Dark Pulse|p1a: Stonjourner\n|-damage|p1a: Stonjourner|0 fnt\n|faint|p1a: Stonjourner\n|-damage|p2a: Darkrai|211/234|[from] item: Life Orb\n|\n|upkeep\n|\n|t:|1733769662\n|switch|p1a: Hatterene|Hatterene, L85, F|236/236\n|turn|9\n|\n|t:|1733769685\n|switch|p2a: Vileplume|Vileplume, L85, M|266/266\n|move|p1a: Hatterene|Nuzzle|p2a: Vileplume\n|-resisted|p2a: Vileplume\n|-damage|p2a: Vileplume|258/266\n|-status|p2a: Vileplume|par\n|\n|-heal|p2a: Vileplume|266/266 par|[from] item: Leftovers\n|upkeep\n|turn|10\n|\n|t:|1733769701\n|switch|p1a: Sandy Shocks|Sandy Shocks, L80|267/267\n|move|p2a: Vileplume|Sludge Bomb|p1a: Sandy Shocks\n|-resisted|p1a: Sandy Shocks\n|-damage|p1a: Sandy Shocks|208/267\n|\n|upkeep\n|turn|11\n|\n|t:|1733769708\n|move|p1a: Sandy Shocks|Spikes|p2a: Vileplume\n|-sidestart|p2: Thvelivan|Spikes\n|move|p2a: Vileplume|Giga Drain|p1a: Sandy Shocks\n|-supereffective|p1a: Sandy Shocks\n|-damage|p1a: Sandy Shocks|0 fnt\n|faint|p1a: Sandy Shocks\n|-end|p1a: Sandy Shocks|Protosynthesis|[silent]\n|\n|upkeep\n|\n|t:|1733769715\n|switch|p1a: Tornadus|Tornadus-Therian, L79, M|254/254\n|turn|12\n|\n|t:|1733769726\n|switch|p2a: Mandibuzz|Mandibuzz, L85, F|326/326\n|move|p1a: Tornadus|Knock Off|p2a: Mandibuzz\n|-resisted|p2a: Mandibuzz\n|-damage|p2a: Mandibuzz|297/326\n|-enditem|p2a: Mandibuzz|Heavy-Duty Boots|[from] move: Knock Off|[of] p1a: Tornadus\n|\n|upkeep\n|turn|13\n|\n|t:|1733769738\n|move|p1a: Tornadus|U-turn|p2a: Mandibuzz\n|-damage|p2a: Mandibuzz|258/326\n|\n|t:|1733769741\n|switch|p1a: Swalot|Swalot, L90, F|198/326|[from] U-turn\n|move|p2a: Mandibuzz|Foul Play|p1a: Swalot\n|-damage|p1a: Swalot|114/326\n|\n|-heal|p1a: Swalot|134/326|[from] item: Leftovers\n|upkeep\n|turn|14\n|\n|t:|1733769752\n|move|p2a: Mandibuzz|Foul Play|p1a: Swalot\n|-damage|p1a: Swalot|44/326\n|move|p1a: Swalot|Sludge Bomb|p2a: Mandibuzz\n|-damage|p2a: Mandibuzz|180/326\n|\n|-heal|p1a: Swalot|64/326|[from] item: Leftovers\n|upkeep\n|turn|15\n|\n|t:|1733769759\n|move|p1a: Swalot|Protect|p1a: Swalot\n|-singleturn|p1a: Swalot|Protect\n|move|p2a: Mandibuzz|Foul Play|p1a: Swalot\n|-activate|p1a: Swalot|move: Protect\n|\n|-heal|p1a: Swalot|84/326|[from] item: Leftovers\n|upkeep\n|turn|16\n|\n|t:|1733769780\n|switch|p1a: Hatterene|Hatterene, L85, F|236/236\n|move|p2a: Mandibuzz|Brave Bird|p1a: Hatterene\n|-damage|p1a: Hatterene|140/236\n|-damage|p2a: Mandibuzz|148/326|[from] Recoil\n|\n|upkeep\n|turn|17\n|\n|t:|1733769789\n|switch|p2a: Vileplume|Vileplume, L85, M|266/266 par\n|-damage|p2a: Vileplume|233/266 par|[from] Spikes\n|move|p1a: Hatterene|Draining Kiss|p2a: Vileplume\n|-resisted|p2a: Vileplume\n|-damage|p2a: Vileplume|199/266 par\n|-heal|p1a: Hatterene|166/236|[from] drain|[of] p2a: Vileplume\n|\n|-heal|p2a: Vileplume|215/266 par|[from] item: Leftovers\n|upkeep\n|turn|18\n|\n|t:|1733769798\n|move|p1a: Hatterene|Mystical Fire|p2a: Vileplume\n|-supereffective|p2a: Vileplume\n|-damage|p2a: Vileplume|77/266 par\n|-unboost|p2a: Vileplume|spa|1\n|move|p2a: Vileplume|Sludge Bomb|p1a: Hatterene\n|-supereffective|p1a: Hatterene\n|-damage|p1a: Hatterene|76/236\n|\n|-heal|p2a: Vileplume|93/266 par|[from] item: Leftovers\n|upkeep\n|turn|19\n|\n|t:|1733769809\n|move|p1a: Hatterene|Mystical Fire|p2a: Vileplume\n|-supereffective|p2a: Vileplume\n|-damage|p2a: Vileplume|0 fnt\n|faint|p2a: Vileplume\n|\n|upkeep\n|\n|t:|1733769813\n|switch|p2a: Darkrai|Darkrai, L77|211/234\n|-damage|p2a: Darkrai|182/234|[from] Spikes\n|turn|20\n|\n|t:|1733769823\n|move|p2a: Darkrai|Sludge Bomb|p1a: Hatterene\n|-supereffective|p1a: Hatterene\n|-damage|p1a: Hatterene|0 fnt\n|faint|p1a: Hatterene\n|-damage|p2a: Darkrai|159/234|[from] item: Life Orb\n|\n|upkeep\n|\n|t:|1733769828\n|switch|p1a: Swalot|Swalot, L90, F|84/326\n|turn|21\n|\n|t:|1733769835\n|move|p1a: Swalot|Protect|p1a: Swalot\n|-singleturn|p1a: Swalot|Protect\n|move|p2a: Darkrai|Dark Pulse|p1a: Swalot\n|-activate|p1a: Swalot|move: Protect\n|\n|-heal|p1a: Swalot|104/326|[from] item: Leftovers\n|upkeep\n|turn|22\n|\n|t:|1733769842\n|switch|p1a: Tornadus|Tornadus-Therian, L79, M|254/254\n|move|p2a: Darkrai|Dark Pulse|p1a: Tornadus\n|-damage|p1a: Tornadus|168/254\n|-damage|p2a: Darkrai|136/234|[from] item: Life Orb\n|\n|upkeep\n|turn|23\n|\n|t:|1733769859\n|switch|p2a: Mandibuzz|Mandibuzz, L85, F|148/326\n|move|p1a: Tornadus|Knock Off|p2a: Mandibuzz\n|-resisted|p2a: Mandibuzz\n|-damage|p2a: Mandibuzz|130/326\n|\n|upkeep\n|turn|24\n|\n|t:|1733769873\n|move|p1a: Tornadus|U-turn|p2a: Mandibuzz\n|-damage|p2a: Mandibuzz|94/326\n|\n|t:|1733769875\n|switch|p1a: Swalot|Swalot, L90, F|104/326|[from] U-turn\n|move|p2a: Mandibuzz|Roost|p2a: Mandibuzz\n|-heal|p2a: Mandibuzz|257/326\n|-singleturn|p2a: Mandibuzz|move: Roost\n|\n|-heal|p1a: Swalot|124/326|[from] item: Leftovers\n|upkeep\n|turn|25\n|\n|t:|1733769882\n|move|p2a: Mandibuzz|Foul Play|p1a: Swalot\n|-crit|p1a: Swalot\n|-damage|p1a: Swalot|0 fnt\n|faint|p1a: Swalot\n|\n|upkeep\n|c|\u2606Muk Muk Goodra|ugh\n|c|\u2606Muk Muk Goodra|that crit hutrs so much\n|\n|t:|1733769893\n|switch|p1a: Golurk|Golurk, L87|297/297\n|turn|26\n|\n|t:|1733769907\n|-terastallize|p2a: Mandibuzz|Steel\n|move|p2a: Mandibuzz|Foul Play|p1a: Golurk\n|-supereffective|p1a: Golurk\n|-damage|p1a: Golurk|43/297\n|move|p1a: Golurk|Stone Edge|p2a: Mandibuzz\n|-resisted|p2a: Mandibuzz\n|-damage|p2a: Mandibuzz|196/326\n|\n|upkeep\n|turn|27\n|\n|t:|1733769914\n|move|p2a: Mandibuzz|Foul Play|p1a: Golurk\n|-supereffective|p1a: Golurk\n|-damage|p1a: Golurk|0 fnt\n|faint|p1a: Golurk\n|\n|upkeep\n|\n|t:|1733769917\n|switch|p1a: Tornadus|Tornadus-Therian, L79, M|252/254\n|turn|28\n|\n|t:|1733769940\n|-terastallize|p1a: Tornadus|Dark\n|move|p1a: Tornadus|Heat Wave|p2a: Mandibuzz\n|-supereffective|p2a: Mandibuzz\n|-crit|p2a: Mandibuzz\n|-damage|p2a: Mandibuzz|4/326\n|move|p2a: Mandibuzz|Foul Play|p1a: Tornadus\n|-resisted|p1a: Tornadus\n|-damage|p1a: Tornadus|197/254\n|\n|upkeep\n|turn|29\n|\n|t:|1733769950\n|move|p1a: Tornadus|Knock Off|p2a: Mandibuzz\n|-damage|p2a: Mandibuzz|0 fnt\n|faint|p2a: Mandibuzz\n|\n|upkeep\n|\n|t:|1733769953\n|switch|p2a: Slaking|Slaking, L84, M|389/389\n|-damage|p2a: Slaking|341/389|[from] Spikes\n|turn|30\n|\n|t:|1733769971\n|move|p1a: Tornadus|Knock Off|p2a: Slaking\n|-damage|p2a: Slaking|257/389\n|-enditem|p2a: Slaking|Choice Band|[from] move: Knock Off|[of] p1a: Tornadus\n|move|p2a: Slaking|Double-Edge|p1a: Tornadus\n|-damage|p1a: Tornadus|0 fnt\n|faint|p1a: Tornadus\n|-damage|p2a: Slaking|192/389|[from] Recoil\n|\n|win|Thvelivan\n|raw|Muk Muk Goodra's rating: 1982 &rarr; <strong>1965</strong><br />(-17 for losing)\n|raw|Thvelivan's rating: 2033 &rarr; <strong>2050</strong><br />(+17 for winning)\n|c|\u2606Thvelivan|gg\n", "inputlog": ">version bfd83cad13791eb5a5a409923076391caf6fb4d4\n>start {\"formatid\":\"gen9randombattle\",\"seed\":[48957,8377,21519,11632],\"rated\":\"Rated battle\"}\n>player p1 {\"name\":\"Muk Muk Goodra\",\"avatar\":\"170\",\"rating\":1982,\"seed\":[36212,19414,2749,62704]}\n>player p2 {\"name\":\"Thvelivan\",\"avatar\":\"170\",\"rating\":2033,\"seed\":[31518,16991,54065,21555]}\n>p1 move sludgebomb\n>p2 move thunderbolt\n>p1 move protect\n>p2 move thunderbolt\n>p1 switch 5\n>p2 move nastyplot\n>p1 switch 5\n>p2 move grassknot\n>p2 switch 6\n>p1 move toxic\n>p2 move dragondance\n>p1 switch 4\n>p2 move dragondance\n>p1 move earthquake\n>p2 move earthquake\n>p2 switch 4\n>p1 move heatcrash\n>p2 move darkpulse\n>p1 switch 6\n>p1 move nuzzle\n>p2 switch 3\n>p1 switch 5\n>p2 move sludgebomb\n>p1 move spikes\n>p2 move gigadrain\n>p1 switch 2\n>p1 move knockoff\n>p2 switch 2\n>p1 move uturn\n>p2 move foulplay\n>p1 switch 4\n>p1 move sludgebomb\n>p2 move foulplay\n>p1 move protect\n>p2 move foulplay\n>p1 switch 5\n>p2 move bravebird\n>p1 move drainingkiss\n>p2 switch 2\n>p1 move mysticalfire\n>p2 move sludgebomb\n>p1 move mysticalfire\n>p2 move sludgebomb\n>p2 switch 3\n>p1 move nuzzle\n>p2 move sludgebomb\n>p1 switch 5\n>p1 move protect\n>p2 move darkpulse\n>p1 switch 4\n>p2 move darkpulse\n>p1 move knockoff\n>p2 switch 2\n>p1 move uturn\n>p2 move roost\n>p1 switch 4\n>p1 move toxic\n>p2 move foulplay\n>chat \u2606Muk Muk Goodra|ugh\n>chat \u2606Muk Muk Goodra|that crit hutrs so much\n>p1 switch 3\n>p1 move stoneedge\n>p2 move foulplay terastallize\n>p1 move stoneedge\n>p2 move foulplay\n>p1 switch 4\n>p1 move heatwave terastallize\n>p2 move foulplay\n>p1 move knockoff\n>p2 move foulplay\n>p2 switch 5\n>p1 move knockoff\n>p2 move doubleedge", "uploadtime": 1733769977, "views": 1, "formatid": "gen9randombattle", "rating": 1965, "private": 0, "password": null}