{"id": "gen9randombattle-2197059694", "format": "[Gen 9] Random Battle", "players": ["FaZe Alec Baldwin", "MinionTrend\u2713"], "log": "|badge|p2|bronze|gen9randombattle|100-2\n|uhtml|medal-msg|<div class=\"broadcast-blue\">Curious what those medals under the avatar are? PS now has Ladder Seasons! For more information, check out the <a href=\"https://www.smogon.com/forums/threads/3740067/\">thread on Smogon.</a></div>\n|j|\u203dFaZe Alec Baldwin\n|j|\u2606MinionTrend\u2713\n|t:|1725791091\n|gametype|singles\n|player|p1|FaZe Alec Baldwin|drayden|2207\n|player|p2|MinionTrend\u2713|caitlin-masters|2328\n|teamsize|p1|6\n|teamsize|p2|6\n|gen|9\n|tier|[Gen 9] Random Battle\n|rated|\n|rule|Species Clause: Limit one of each Pok\u00e9mon\n|rule|HP Percentage Mod: HP is shown in percentages\n|rule|Sleep Clause Mod: Limit one foe put to sleep\n|rule|Illusion Level Mod: Illusion disguises the Pok\u00e9mon's true level\n|\n|t:|1725791091\n|start\n|switch|p1a: Iron Crown|Iron Crown, L79|272/272\n|switch|p2a: Ursaluna|Ursaluna, L79, F|335/335\n|turn|1\n|inactive|Battle timer is ON: inactive players will automatically lose when time's up. (requested by MinionTrend\u2713)\n|inactive|FaZe Alec Baldwin has 120 seconds left.\n|\n|t:|1725791139\n|-end|p1a: Iron Crown|Quark Drive|[silent]\n|switch|p1a: Heatran|Heatran, L79, F|273/273\n|-item|p1a: Heatran|Air Balloon\n|switch|p2a: Appletun|Appletun, L92, F|352/352\n|\n|upkeep\n|turn|2\n|\n|t:|1725791154\n|move|p1a: Heatran|Stealth Rock|p2a: Appletun\n|-sidestart|p2: MinionTrend\u2713|move: Stealth Rock\n|move|p2a: Appletun|Leech Seed|p1a: Heatran\n|-start|p1a: Heatran|move: Leech Seed\n|\n|-damage|p1a: Heatran|239/273|[from] Leech Seed|[of] p2a: Appletun\n|upkeep\n|turn|3\n|j| al_quds_al_aqsa\n|\n|t:|1725791167\n|switch|p1a: Squawkabilly|Squawkabilly, L85, F|278/278\n|move|p2a: Appletun|Leech Seed|p1a: Squawkabilly\n|-start|p1a: Squawkabilly|move: Leech Seed\n|\n|-damage|p1a: Squawkabilly|244/278|[from] Leech Seed|[of] p2a: Appletun\n|-status|p1a: Squawkabilly|brn|[from] item: Flame Orb\n|upkeep\n|turn|4\n|\n|t:|1725791200\n|switch|p1a: Iron Crown|Iron Crown, L79|272/272\n|switch|p2a: Forretress|Forretress, L84, M|263/263\n|-damage|p2a: Forretress|231/263|[from] Stealth Rock\n|\n|-heal|p2a: Forretress|247/263|[from] item: Leftovers\n|upkeep\n|turn|5\n|\n|t:|1725791206\n|move|p1a: Iron Crown|Volt Switch|p2a: Forretress\n|-damage|p2a: Forretress|137/263\n|\n|t:|1725791209\n|-end|p1a: Iron Crown|Quark Drive|[silent]\n|switch|p1a: Rotom|Rotom, L88|231/231|[from] Volt Switch\n|move|p2a: Forretress|Stealth Rock|p1a: Rotom\n|-sidestart|p1: FaZe Alec Baldwin|move: Stealth Rock\n|\n|-heal|p2a: Forretress|153/263|[from] item: Leftovers\n|upkeep\n|turn|6\n|\n|t:|1725791228\n|switch|p1a: Iron Crown|Iron Crown, L79|272/272\n|-damage|p1a: Iron Crown|255/272|[from] Stealth Rock\n|switch|p2a: Ursaluna|Ursaluna, L79, F|335/335\n|-damage|p2a: Ursaluna|315/335|[from] Stealth Rock\n|\n|-status|p2a: Ursaluna|brn|[from] item: Flame Orb\n|upkeep\n|turn|7\n|\n|t:|1725791238\n|move|p1a: Iron Crown|Tachyon Cutter|p2a: Ursaluna\n|-damage|p2a: Ursaluna|222/335 brn\n|-damage|p2a: Ursaluna|122/335 brn\n|-hitcount|p2a: Ursaluna|2\n|move|p2a: Ursaluna|Throat Chop|p1a: Iron Crown\n|-supereffective|p1a: Iron Crown\n|-damage|p1a: Iron Crown|71/272\n|-start|p1a: Iron Crown|Throat Chop|[silent]\n|\n|-damage|p2a: Ursaluna|102/335 brn|[from] brn\n|upkeep\n|turn|8\n|\n|t:|1725791255\n|switch|p2a: Forretress|Forretress, L84, M|153/263\n|-damage|p2a: Forretress|121/263|[from] Stealth Rock\n|move|p1a: Iron Crown|Tachyon Cutter|p2a: Forretress\n|-resisted|p2a: Forretress\n|-damage|p2a: Forretress|64/263\n|-resisted|p2a: Forretress\n|-damage|p2a: Forretress|10/263\n|-hitcount|p2a: Forretress|2\n|\n|-heal|p2a: Forretress|26/263|[from] item: Leftovers\n|-end|p1a: Iron Crown|Throat Chop|[silent]\n|upkeep\n|turn|9\n|\n|t:|1725791260\n|move|p1a: Iron Crown|Tachyon Cutter|p2a: Forretress\n|-resisted|p2a: Forretress\n|-damage|p2a: Forretress|0 fnt\n|faint|p2a: Forretress\n|-hitcount|p2: Forretress|1\n|\n|upkeep\n|\n|t:|1725791271\n|switch|p2a: Appletun|Appletun, L92, F|352/352\n|-damage|p2a: Appletun|308/352|[from] Stealth Rock\n|turn|10\n|\n|t:|1725791282\n|move|p1a: Iron Crown|Tachyon Cutter|p2a: Appletun\n|-damage|p2a: Appletun|223/352\n|-damage|p2a: Appletun|142/352\n|-hitcount|p2a: Appletun|2\n|move|p2a: Appletun|Leech Seed|p1a: Iron Crown\n|-start|p1a: Iron Crown|move: Leech Seed\n|\n|-heal|p2a: Appletun|164/352|[from] item: Leftovers\n|-damage|p1a: Iron Crown|37/272|[from] Leech Seed|[of] p2a: Appletun\n|-heal|p2a: Appletun|198/352|[silent]\n|upkeep\n|turn|11\n|\n|t:|1725791291\n|move|p1a: Iron Crown|Tachyon Cutter|p2a: Appletun\n|-damage|p2a: Appletun|113/352\n|-damage|p2a: Appletun|35/352\n|-hitcount|p2a: Appletun|2\n|move|p2a: Appletun|Recover|p2a: Appletun\n|-heal|p2a: Appletun|211/352\n|\n|-heal|p2a: Appletun|233/352|[from] item: Leftovers\n|-damage|p1a: Iron Crown|3/272|[from] Leech Seed|[of] p2a: Appletun\n|-heal|p2a: Appletun|267/352|[silent]\n|upkeep\n|turn|12\n|\n|t:|1725791295\n|move|p1a: Iron Crown|Tachyon Cutter|p2a: Appletun\n|-damage|p2a: Appletun|185/352\n|-damage|p2a: Appletun|98/352\n|-hitcount|p2a: Appletun|2\n|move|p2a: Appletun|Recover|p2a: Appletun\n|-heal|p2a: Appletun|274/352\n|\n|-heal|p2a: Appletun|296/352|[from] item: Leftovers\n|-damage|p1a: Iron Crown|0 fnt|[from] Leech Seed|[of] p2a: Appletun\n|-heal|p2a: Appletun|299/352|[silent]\n|faint|p1a: Iron Crown\n|-end|p1a: Iron Crown|Quark Drive|[silent]\n|upkeep\n|inactive|FaZe Alec Baldwin has 120 seconds left.\n|\n|t:|1725791352\n|switch|p1a: Flygon|Flygon, L82, M|265/265\n|-damage|p1a: Flygon|249/265|[from] Stealth Rock\n|turn|13\n|inactive|MinionTrend\u2713 has 120 seconds left.\n|\n|t:|1725791389\n|switch|p2a: Great Tusk|Great Tusk, L77|304/304\n|-damage|p2a: Great Tusk|295/304|[from] Stealth Rock\n|move|p1a: Flygon|Outrage|p2a: Great Tusk\n|-damage|p2a: Great Tusk|193/304\n|\n|upkeep\n|turn|14\n|\n|t:|1725791393\n|move|p1a: Flygon|Outrage|p2a: Great Tusk|[from]lockedmove\n|-crit|p2a: Great Tusk\n|-damage|p2a: Great Tusk|55/304\n|-start|p1a: Flygon|confusion|[fatigue]\n|move|p2a: Great Tusk|Rapid Spin|p1a: Flygon\n|-damage|p1a: Flygon|207/265\n|-boost|p2a: Great Tusk|spe|1\n|-sideend|p2: MinionTrend\u2713|Stealth Rock|[from] move: Rapid Spin|[of] p2a: Great Tusk\n|\n|upkeep\n|turn|15\n|inactive|FaZe Alec Baldwin has 120 seconds left.\n|\n|t:|1725791402\n|-activate|p1a: Flygon|confusion\n|move|p1a: Flygon|Outrage|p2a: Great Tusk\n|-damage|p2a: Great Tusk|0 fnt\n|faint|p2a: Great Tusk\n|-end|p2a: Great Tusk|Protosynthesis|[silent]\n|\n|upkeep\n|\n|t:|1725791410\n|switch|p2a: Heracross|Heracross, L80, F|259/259\n|turn|16\n|\n|t:|1725791413\n|-activate|p1a: Flygon|confusion\n|move|p1a: Flygon|Outrage|p2a: Heracross|[from]lockedmove\n|-damage|p2a: Heracross|126/259\n|move|p2a: Heracross|Close Combat|p1a: Flygon\n|-damage|p1a: Flygon|0 fnt\n|-unboost|p2a: Heracross|def|1\n|-unboost|p2a: Heracross|spd|1\n|faint|p1a: Flygon\n|-ability|p2a: Heracross|Moxie|boost\n|-boost|p2a: Heracross|atk|1\n|\n|upkeep\n|l| al_quds_al_aqsa\n|\n|t:|1725791427\n|switch|p1a: Mew|Mew, L82|298/298\n|-damage|p1a: Mew|261/298|[from] Stealth Rock\n|turn|17\n|\n|t:|1725791436\n|move|p1a: Mew|Nasty Plot|p1a: Mew\n|-boost|p1a: Mew|spa|2\n|move|p2a: Heracross|Close Combat|p1a: Mew\n|-resisted|p1a: Mew\n|-damage|p1a: Mew|105/298\n|-unboost|p2a: Heracross|def|1\n|-unboost|p2a: Heracross|spd|1\n|\n|upkeep\n|turn|18\n|\n|t:|1725791443\n|switch|p2a: Ursaluna|Ursaluna, L79, F|102/335 brn\n|move|p1a: Mew|Psychic|p2a: Ursaluna\n|-damage|p2a: Ursaluna|0 fnt\n|faint|p2a: Ursaluna\n|-damage|p1a: Mew|76/298|[from] item: Life Orb\n|\n|upkeep\n|\n|t:|1725791449\n|switch|p2a: Sudowoodo|Sudowoodo, L94, M|284/284\n|turn|19\n|\n|t:|1725791452\n|switch|p1a: Heatran|Heatran, L79, F|239/273\n|-damage|p1a: Heatran|205/273|[from] Stealth Rock\n|-item|p1a: Heatran|Air Balloon\n|move|p2a: Sudowoodo|Sucker Punch||[still]\n|-fail|p2a: Sudowoodo\n|\n|upkeep\n|turn|20\n|\n|t:|1725791456\n|switch|p2a: Appletun|Appletun, L92, F|299/352\n|move|p1a: Heatran|Stealth Rock|p2a: Appletun\n|-sidestart|p2: MinionTrend\u2713|move: Stealth Rock\n|\n|-heal|p2a: Appletun|321/352|[from] item: Leftovers\n|upkeep\n|turn|21\n|\n|t:|1725791469\n|move|p1a: Heatran|Flash Cannon|p2a: Appletun\n|-damage|p2a: Appletun|227/352\n|move|p2a: Appletun|Dragon Pulse|p1a: Heatran\n|-resisted|p1a: Heatran\n|-damage|p1a: Heatran|157/273\n|-enditem|p1a: Heatran|Air Balloon\n|\n|-heal|p2a: Appletun|249/352|[from] item: Leftovers\n|upkeep\n|turn|22\n|\n|t:|1725791480\n|move|p1a: Heatran|Flash Cannon|p2a: Appletun\n|-damage|p2a: Appletun|158/352\n|move|p2a: Appletun|Leech Seed|p1a: Heatran\n|-start|p1a: Heatran|move: Leech Seed\n|\n|-heal|p2a: Appletun|180/352|[from] item: Leftovers\n|-damage|p1a: Heatran|123/273|[from] Leech Seed|[of] p2a: Appletun\n|-heal|p2a: Appletun|214/352|[silent]\n|upkeep\n|turn|23\n|\n|t:|1725791488\n|switch|p1a: Squawkabilly|Squawkabilly, L85, F|244/278 brn\n|-damage|p1a: Squawkabilly|175/278 brn|[from] Stealth Rock\n|move|p2a: Appletun|Dragon Pulse|p1a: Squawkabilly\n|-damage|p1a: Squawkabilly|15/278 brn\n|\n|-heal|p2a: Appletun|236/352|[from] item: Leftovers\n|-damage|p1a: Squawkabilly|0 fnt|[from] brn\n|faint|p1a: Squawkabilly\n|upkeep\n|\n|t:|1725791491\n|switch|p1a: Mew|Mew, L82|76/298\n|-damage|p1a: Mew|39/298|[from] Stealth Rock\n|turn|24\n|\n|t:|1725791496\n|move|p1a: Mew|Bug Buzz|p2a: Appletun\n|-supereffective|p2a: Appletun\n|-damage|p2a: Appletun|80/352\n|-damage|p1a: Mew|10/298|[from] item: Life Orb\n|move|p2a: Appletun|Recover|p2a: Appletun\n|-heal|p2a: Appletun|256/352\n|\n|-heal|p2a: Appletun|278/352|[from] item: Leftovers\n|upkeep\n|turn|25\n|\n|t:|1725791501\n|move|p1a: Mew|Bug Buzz|p2a: Appletun\n|-supereffective|p2a: Appletun\n|-damage|p2a: Appletun|114/352\n|-damage|p1a: Mew|0 fnt|[from] item: Life Orb\n|faint|p1a: Mew\n|move|p2a: Appletun|Leech Seed|p1: Mew|[notarget]\n|-fail|p2a: Appletun\n|\n|-heal|p2a: Appletun|136/352|[from] item: Leftovers\n|upkeep\n|\n|t:|1725791516\n|switch|p1a: Rotom|Rotom, L88|231/231\n|-damage|p1a: Rotom|203/231|[from] Stealth Rock\n|turn|26\n|\n|t:|1725791520\n|move|p1a: Rotom|Shadow Ball|p2a: Appletun\n|-damage|p2a: Appletun|10/352\n|-unboost|p2a: Appletun|spd|1\n|-damage|p1a: Rotom|180/231|[from] item: Life Orb\n|move|p2a: Appletun|Recover|p2a: Appletun\n|-heal|p2a: Appletun|186/352\n|\n|-heal|p2a: Appletun|208/352|[from] item: Leftovers\n|upkeep\n|turn|27\n|\n|t:|1725791544\n|move|p1a: Rotom|Nasty Plot|p1a: Rotom\n|-boost|p1a: Rotom|spa|2\n|move|p2a: Appletun|Recover|p2a: Appletun\n|-heal|p2a: Appletun|352/352\n|\n|upkeep\n|turn|28\n|\n|t:|1725791550\n|move|p1a: Rotom|Shadow Ball|p2a: Appletun\n|-damage|p2a: Appletun|0 fnt\n|faint|p2a: Appletun\n|-damage|p1a: Rotom|157/231|[from] item: Life Orb\n|\n|upkeep\n|\n|t:|1725791553\n|switch|p2a: Sudowoodo|Sudowoodo, L94, M|284/284\n|-damage|p2a: Sudowoodo|249/284|[from] Stealth Rock\n|turn|29\n|\n|t:|1725791557\n|-terastallize|p1a: Rotom|Electric\n|move|p2a: Sudowoodo|Sucker Punch|p1a: Rotom\n|-damage|p1a: Rotom|58/231\n|move|p1a: Rotom|Shadow Ball|p2a: Sudowoodo\n|-damage|p2a: Sudowoodo|7/284\n|-unboost|p2a: Sudowoodo|spd|1\n|-damage|p1a: Rotom|35/231|[from] item: Life Orb\n|\n|upkeep\n|turn|30\n|\n|t:|1725791566\n|move|p2a: Sudowoodo|Sucker Punch||[still]\n|-fail|p2a: Sudowoodo\n|move|p1a: Rotom|Will-O-Wisp|p2a: Sudowoodo\n|-status|p2a: Sudowoodo|brn\n|\n|-damage|p2a: Sudowoodo|0 fnt|[from] brn\n|faint|p2a: Sudowoodo\n|upkeep\n|inactive|MinionTrend\u2713 has 120 seconds left.\n|inactive|MinionTrend\u2713 has 90 seconds left.\n|inactive|MinionTrend\u2713 has 60 seconds left.\n|inactiveoff|Battle timer is now OFF.\n|inactive|Battle timer is ON: inactive players will automatically lose when time's up. (requested by FaZe Alec Baldwin)\n|inactive|MinionTrend\u2713 has 30 seconds left.\n|inactive|MinionTrend\u2713 has 20 seconds left.\n|inactive|MinionTrend\u2713 has 15 seconds left.\n|inactive|MinionTrend\u2713 has 10 seconds left.\n|inactive|MinionTrend\u2713 has 5 seconds left.\n|-message|MinionTrend\u2713 lost due to inactivity.\n|\n|win|FaZe Alec Baldwin\n|raw|FaZe Alec Baldwin's rating: 2189 &rarr; <strong>2217</strong><br />(+28 for winning)\n|raw|MinionTrend\u2713's rating: 2328 &rarr; <strong>2300</strong><br />(-28 for losing)\n", "inputlog": ">version 0cf8241dca984da66af486149691a79a2b0e79e7\n>start {\"formatid\":\"gen9randombattle\",\"seed\":[11931,64133,3613,202],\"rated\":\"Rated battle\"}\n>player p1 {\"name\":\"FaZe Alec Baldwin\",\"avatar\":\"drayden\",\"rating\":2207,\"seed\":[22191,11325,63580,35949]}\n>player p2 {\"name\":\"MinionTrend\u2713\",\"avatar\":\"caitlin-masters\",\"rating\":2328,\"seed\":[30462,37013,4451,45391]}\n>p1 switch 2\n>p2 switch 2\n>p1 move stealthrock\n>p2 move leechseed\n>p1 switch 5\n>p2 move leechseed\n>p1 switch 2\n>p2 switch 4\n>p1 move voltswitch\n>p2 move stealthrock\n>p1 switch 4\n>p1 switch 4\n>p2 switch 2\n>p1 move tachyoncutter\n>p2 move throatchop\n>p1 move tachyoncutter\n>p2 switch 2\n>p1 move tachyoncutter\n>p2 move toxicspikes\n>p2 switch 4\n>p1 move tachyoncutter\n>p2 move leechseed\n>p1 move tachyoncutter\n>p2 move recover\n>p1 move tachyoncutter\n>p2 move recover\n>p1 switch 6\n>p1 move outrage\n>p2 switch 3\n>p1 move outrage\n>p2 move rapidspin\n>p1 move outrage\n>p2 move closecombat\n>p2 switch 5\n>p1 move outrage\n>p2 move closecombat\n>p1 switch 3\n>p1 move nastyplot\n>p2 move closecombat\n>p1 move psychic\n>p2 switch 2\n>p2 switch 6\n>p1 switch 5\n>p2 move suckerpunch\n>p1 move stealthrock\n>p2 switch 3\n>p1 move flashcannon\n>p2 move dragonpulse\n>p1 move flashcannon\n>p2 move leechseed\n>p1 switch 2\n>p2 move dragonpulse\n>p1 switch 5\n>p1 move bugbuzz\n>p2 move recover\n>p1 move bugbuzz\n>p2 move leechseed\n>p1 switch 4\n>p1 move shadowball\n>p2 move recover\n>p1 move nastyplot\n>p2 move recover\n>p1 move shadowball\n>p2 move dragonpulse\n>p2 switch 3\n>p1 move shadowball terastallize\n>p2 move suckerpunch\n>p1 move willowisp\n>p2 move suckerpunch\n>forcelose p2", "uploadtime": 1725791799, "views": 120, "formatid": "gen9randombattle", "rating": 2217, "private": 0, "password": null}