{"id": "gen9randombattle-2259919371", "format": "[Gen 9] Random Battle", "players": ["Az1anSensation2", "Mmo00"], "log": "|j|\u203dAz1anSensation2\n|j|\u2606Mmo00\n|t:|1733779963\n|gametype|singles\n|player|p1|Az1anSensation2|2|2160\n|player|p2|Mmo00|266|2116\n|teamsize|p1|6\n|teamsize|p2|6\n|gen|9\n|tier|[Gen 9] Random Battle\n|rated|\n|rule|Species Clause: Limit one of each Pok\u00e9mon\n|rule|HP Percentage Mod: HP is shown in percentages\n|rule|Sleep Clause Mod: Limit one foe put to sleep\n|rule|Illusion Level Mod: Illusion disguises the Pok\u00e9mon's true level\n|\n|t:|1733779963\n|start\n|switch|p1a: Regirock|Regirock, L83|268/268\n|switch|p2a: Calyrex|Calyrex, L93|337/337\n|-ability|p2a: Calyrex|Unnerve\n|turn|1\n|inactive|Battle timer is ON: inactive players will automatically lose when time's up. (requested by Az1anSensation2)\n|inactive|Az1anSensation2 has 120 seconds left.\n|\n|t:|1733779996\n|switch|p1a: Dipplin|Dipplin, L88, M|284/284\n|move|p2a: Calyrex|Leech Seed|p1a: Dipplin\n|-immune|p1a: Dipplin\n|\n|upkeep\n|turn|2\n|inactive|Mmo00 has 120 seconds left.\n|\n|t:|1733780031\n|switch|p2a: Azumarill|Azumarill, L82, M|298/298\n|move|p1a: Dipplin|Dragon Pulse|p2a: Azumarill\n|-immune|p2a: Azumarill\n|\n|upkeep\n|turn|3\n|inactive|Mmo00 has 120 seconds left.\n|\n|t:|1733780060\n|move|p2a: Azumarill|Play Rough|p1a: Dipplin\n|-supereffective|p1a: Dipplin\n|-damage|p1a: Dipplin|108/284\n|move|p1a: Dipplin|Giga Drain|p2a: Azumarill\n|-supereffective|p2a: Azumarill\n|-damage|p2a: Azumarill|116/298\n|-heal|p1a: Dipplin|199/284|[from] drain|[of] p2a: Azumarill\n|\n|upkeep\n|turn|4\n|inactive|Az1anSensation2 has 120 seconds left.\n|\n|t:|1733780075\n|move|p2a: Azumarill|Play Rough|p1a: Dipplin\n|-supereffective|p1a: Dipplin\n|-damage|p1a: Dipplin|23/284\n|-unboost|p1a: Dipplin|atk|1\n|move|p1a: Dipplin|Giga Drain|p2a: Azumarill\n|-supereffective|p2a: Azumarill\n|-damage|p2a: Azumarill|0 fnt\n|-heal|p1a: Dipplin|81/284|[from] drain|[of] p2a: Azumarill\n|faint|p2a: Azumarill\n|\n|upkeep\n|\n|t:|1733780085\n|switch|p2a: Perrserker|Perrserker, L89, F|269/269\n|turn|5\n|inactive|Az1anSensation2 has 120 seconds left.\n|\n|t:|1733780114\n|-terastallize|p2a: Perrserker|Steel\n|move|p1a: Dipplin|Sucker Punch|p2a: Perrserker\n|-damage|p2a: Perrserker|243/269\n|move|p2a: Perrserker|Iron Head|p1a: Dipplin\n|-damage|p1a: Dipplin|0 fnt\n|faint|p1a: Dipplin\n|-damage|p2a: Perrserker|217/269|[from] item: Life Orb\n|\n|upkeep\n|\n|t:|1733780138\n|switch|p1a: Ditto|Ditto, L87|225/225\n|-transform|p1a: Ditto|p2a: Perrserker|[from] ability: Imposter\n|turn|6\n|inactive|Az1anSensation2 has 90 seconds left.\n|\n|t:|1733780183\n|switch|p2a: Swanna|Swanna, L88, F|275/275\n|move|p1a: Ditto|Knock Off|p2a: Swanna\n|-damage|p2a: Swanna|174/275\n|-enditem|p2a: Swanna|Heavy-Duty Boots|[from] move: Knock Off|[of] p1a: Ditto\n|\n|upkeep\n|turn|7\n|inactive|Az1anSensation2 has 60 seconds left.\n|\n|t:|1733780208\n|move|p2a: Swanna|Hydro Pump|p1a: Ditto\n|-crit|p1a: Ditto\n|-damage|p1a: Ditto|6/225\n|move|p1a: Ditto|Knock Off|p2a: Swanna\n|-damage|p2a: Swanna|107/275\n|\n|upkeep\n|turn|8\n|\n|t:|1733780228\n|move|p2a: Swanna|Roost|p2a: Swanna\n|-heal|p2a: Swanna|245/275\n|-singleturn|p2a: Swanna|move: Roost\n|move|p1a: Ditto|Knock Off|p2a: Swanna\n|-damage|p2a: Swanna|180/275\n|\n|upkeep\n|turn|9\n|\n|t:|1733780232\n|move|p2a: Swanna|Brave Bird|p1a: Ditto\n|-resisted|p1a: Ditto\n|-damage|p1a: Ditto|0 fnt\n|faint|p1a: Ditto\n|-damage|p2a: Swanna|178/275|[from] Recoil\n|\n|upkeep\n|\n|t:|1733780246\n|switch|p1a: Deoxys|Deoxys, L74|196/196\n|-ability|p1a: Deoxys|Pressure\n|turn|10\n|\n|t:|1733780265\n|switch|p2a: Indeedee|Indeedee, L84, M|238/238\n|-fieldstart|move: Psychic Terrain|[from] ability: Psychic Surge|[of] p2a: Indeedee\n|move|p1a: Deoxys|Psycho Boost|p2a: Indeedee\n|-resisted|p2a: Indeedee\n|-damage|p2a: Indeedee|111/238\n|-unboost|p1a: Deoxys|spa|2\n|-damage|p1a: Deoxys|177/196|[from] item: Life Orb\n|\n|upkeep\n|turn|11\n|inactive|Az1anSensation2 has 60 seconds left.\n|\n|t:|1733780280\n|switch|p1a: Regirock|Regirock, L83|268/268\n|move|p2a: Indeedee|Hyper Voice|p1a: Regirock\n|-resisted|p1a: Regirock\n|-damage|p1a: Regirock|220/268\n|\n|upkeep\n|turn|12\n|inactive|Az1anSensation2 has 60 seconds left.\n|\n|t:|1733780294\n|switch|p2a: Perrserker|Perrserker, L89, F, tera:Steel|217/269\n|move|p1a: Regirock|Body Press|p2a: Perrserker\n|-supereffective|p2a: Perrserker\n|-damage|p2a: Perrserker|55/269\n|\n|upkeep\n|turn|13\n|inactive|Az1anSensation2 has 60 seconds left.\n|\n|t:|1733780310\n|move|p2a: Perrserker|Iron Head|p1a: Regirock\n|-supereffective|p1a: Regirock\n|-damage|p1a: Regirock|0 fnt\n|faint|p1a: Regirock\n|-damage|p2a: Perrserker|29/269|[from] item: Life Orb\n|\n|upkeep\n|\n|t:|1733780335\n|switch|p1a: Deoxys|Deoxys, L74|177/196\n|-ability|p1a: Deoxys|Pressure\n|turn|14\n|\n|t:|1733780341\n|move|p1a: Deoxys|Knock Off|p2a: Perrserker\n|-damage|p2a: Perrserker|0 fnt\n|-enditem|p2a: Perrserker|Life Orb|[from] move: Knock Off|[of] p1a: Deoxys\n|faint|p2a: Perrserker\n|-damage|p1a: Deoxys|158/196|[from] item: Life Orb\n|\n|-fieldend|move: Psychic Terrain\n|upkeep\n|\n|t:|1733780347\n|switch|p2a: Indeedee|Indeedee, L84, M|111/238\n|-fieldstart|move: Psychic Terrain|[from] ability: Psychic Surge|[of] p2a: Indeedee\n|turn|15\n|inactive|Az1anSensation2 has 60 seconds left.\n|\n|t:|1733780364\n|switch|p1a: Ogerpon|Ogerpon, L80, F|259/259\n|move|p2a: Indeedee|Hyper Voice|p1a: Ogerpon\n|-damage|p1a: Ogerpon|160/259\n|\n|upkeep\n|turn|16\n|\n|t:|1733780388\n|move|p2a: Indeedee|Hyper Voice|p1a: Ogerpon\n|-damage|p1a: Ogerpon|55/259\n|move|p1a: Ogerpon|Ivy Cudgel|p2a: Indeedee\n|-damage|p2a: Indeedee|0 fnt\n|faint|p2a: Indeedee\n|-damage|p1a: Ogerpon|30/259|[from] item: Life Orb\n|\n|upkeep\n|\n|t:|1733780394\n|switch|p2a: Swanna|Swanna, L88, F|178/275\n|turn|17\n|\n|t:|1733780402\n|move|p2a: Swanna|Brave Bird|p1a: Ogerpon\n|-supereffective|p1a: Ogerpon\n|-damage|p1a: Ogerpon|0 fnt\n|faint|p1a: Ogerpon\n|-damage|p2a: Swanna|168/275|[from] Recoil\n|\n|upkeep\n|\n|t:|1733780410\n|switch|p1a: Deoxys|Deoxys, L74|158/196\n|-ability|p1a: Deoxys|Pressure\n|turn|18\n|\n|t:|1733780419\n|move|p1a: Deoxys|Psycho Boost|p2a: Swanna\n|-damage|p2a: Swanna|0 fnt\n|-unboost|p1a: Deoxys|spa|2\n|faint|p2a: Swanna\n|-damage|p1a: Deoxys|139/196|[from] item: Life Orb\n|\n|upkeep\n|\n|t:|1733780425\n|switch|p2a: Flygon|Flygon, L82, M|265/265\n|turn|19\n|\n|t:|1733780441\n|move|p1a: Deoxys|Ice Beam|p2a: Flygon\n|-supereffective|p2a: Flygon\n|-damage|p2a: Flygon|52/265\n|-damage|p1a: Deoxys|120/196|[from] item: Life Orb\n|move|p2a: Flygon|Dragon Dance|p2a: Flygon\n|-boost|p2a: Flygon|atk|1\n|-boost|p2a: Flygon|spe|1\n|\n|-fieldend|move: Psychic Terrain\n|upkeep\n|turn|20\n|\n|t:|1733780449\n|move|p2a: Flygon|Earthquake|p1a: Deoxys\n|-damage|p1a: Deoxys|0 fnt\n|faint|p1a: Deoxys\n|\n|upkeep\n|\n|t:|1733780457\n|switch|p1a: Minior|Minior-Green, L79|224/224\n|-formechange|p1a: Minior|Minior-Meteor||[from] ability: Shields Down\n|turn|21\n|\n|t:|1733780476\n|-terastallize|p1a: Minior|Ground\n|move|p2a: Flygon|Dragon Dance|p2a: Flygon\n|-boost|p2a: Flygon|atk|1\n|-boost|p2a: Flygon|spe|1\n|move|p1a: Minior|Shell Smash|p1a: Minior\n|-unboost|p1a: Minior|def|1\n|-unboost|p1a: Minior|spd|1\n|-boost|p1a: Minior|atk|2\n|-boost|p1a: Minior|spa|2\n|-boost|p1a: Minior|spe|2\n|-enditem|p1a: Minior|White Herb\n|-clearnegativeboost|p1a: Minior|[silent]\n|\n|upkeep\n|turn|22\n|\n|t:|1733780490\n|move|p2a: Flygon|Outrage|p1a: Minior\n|-damage|p1a: Minior|0 fnt\n|faint|p1a: Minior\n|\n|win|Mmo00\n|raw|Az1anSensation2's rating: 2160 &rarr; <strong>2137</strong><br />(-23 for losing)\n|raw|Mmo00's rating: 2116 &rarr; <strong>2139</strong><br />(+23 for winning)\n|l|\u2606Mmo00\n|player|p2|\n", "inputlog": ">version bfd83cad13791eb5a5a409923076391caf6fb4d4\n>start {\"formatid\":\"gen9randombattle\",\"seed\":[38460,13801,11852,40261],\"rated\":\"Rated battle\"}\n>player p1 {\"name\":\"Az1anSensation2\",\"avatar\":\"2\",\"rating\":2160,\"seed\":[62993,1140,1100,143]}\n>player p2 {\"name\":\"Mmo00\",\"avatar\":\"266\",\"rating\":2116,\"seed\":[11344,21133,18649,27651]}\n>p1 switch 4\n>p2 move leechseed\n>p1 move dragonpulse\n>p2 switch 3\n>p1 move gigadrain\n>p2 move playrough\n>p1 move gigadrain\n>p2 move playrough\n>p2 switch 2\n>p1 move suckerpunch\n>p2 move ironhead terastallize\n>p1 switch 2\n>p1 move knockoff\n>p2 switch 6\n>p1 move knockoff\n>p2 move hydropump\n>p1 move knockoff\n>p2 move roost\n>p1 move knockoff\n>p2 move bravebird\n>p1 switch 5\n>p1 move psychoboost\n>p2 switch 4\n>p1 switch 4\n>p2 move hypervoice\n>p1 move bodypress\n>p2 switch 6\n>p1 move bodypress\n>p2 move ironhead\n>p1 switch 4\n>p1 move knockoff\n>p2 move knockoff\n>p2 switch 6\n>p1 switch 6\n>p2 move hypervoice\n>p1 move ivycudgel\n>p2 move hypervoice\n>p2 switch 4\n>p1 move ivycudgel\n>p2 move bravebird\n>p1 switch 6\n>p1 move psychoboost\n>p2 move bravebird\n>p2 switch 5\n>p1 move icebeam\n>p2 move dragondance\n>p1 move icebeam\n>p2 move earthquake\n>p1 switch 3\n>p1 move shellsmash terastallize\n>p2 move dragondance\n>p1 move acrobatics\n>p2 move outrage", "uploadtime": 1733780510, "views": 3, "formatid": "gen9randombattle", "rating": 2137, "private": 0, "password": null}