{"id": "gen9randombattle-2260426543", "format": "[Gen 9] Random Battle", "players": ["Rlindrud", "pokemasterchikde"], "log": "|j|\u2606Rlindrud\n|j|\u2606pokemasterchikde\n|t:|1733850502\n|gametype|singles\n|player|p1|Rlindrud|266|1221\n|player|p2|pokemasterchikde|265|1243\n|teamsize|p1|6\n|teamsize|p2|6\n|gen|9\n|tier|[Gen 9] Random Battle\n|rated|\n|rule|Species Clause: Limit one of each Pok\u00e9mon\n|rule|HP Percentage Mod: HP is shown in percentages\n|rule|Sleep Clause Mod: Limit one foe put to sleep\n|rule|Illusion Level Mod: Illusion disguises the Pok\u00e9mon's true level\n|\n|t:|1733850502\n|start\n|switch|p1a: Meloetta|Meloetta, L82|298/298\n|switch|p2a: Groudon|Groudon, L72|263/263\n|-weather|SunnyDay|[from] ability: Drought|[of] p2a: Groudon\n|turn|1\n|inactive|Battle timer is ON: inactive players will automatically lose when time's up. (requested by pokemasterchikde)\n|\n|t:|1733850523\n|move|p1a: Meloetta|Focus Blast|p2a: Groudon|[miss]\n|-miss|p1a: Meloetta|p2a: Groudon\n|move|p2a: Groudon|Swords Dance|p2a: Groudon\n|-boost|p2a: Groudon|atk|2\n|\n|-weather|SunnyDay|[upkeep]\n|upkeep\n|turn|2\n|\n|t:|1733850529\n|move|p1a: Meloetta|Focus Blast|p2a: Groudon\n|-damage|p2a: Groudon|85/263\n|move|p2a: Groudon|Heat Crash|p1a: Meloetta\n|-damage|p1a: Meloetta|20/298\n|\n|-weather|SunnyDay|[upkeep]\n|-heal|p2a: Groudon|101/263|[from] item: Leftovers\n|upkeep\n|turn|3\n|c|\u2606Rlindrud|you better hope i miss this xD\n|\n|t:|1733850557\n|move|p1a: Meloetta|Focus Blast|p2a: Groudon|[miss]\n|-miss|p1a: Meloetta|p2a: Groudon\n|move|p2a: Groudon|Heat Crash|p1a: Meloetta\n|-damage|p1a: Meloetta|0 fnt\n|faint|p1a: Meloetta\n|\n|-weather|SunnyDay|[upkeep]\n|-heal|p2a: Groudon|117/263|[from] item: Leftovers\n|upkeep\n|c|\u2606Rlindrud|bruh\n|c|\u2606pokemasterchikde|hehe\n|c|\u2606pokemasterchikde|i mean it is 70%\n|c|\u2606Rlindrud|1/3 is diabolical xD\n|c|\u2606Rlindrud|yeah but thats still above 50% xD\n|inactive|Rlindrud has 120 seconds left.\n|\n|t:|1733850604\n|switch|p1a: Misdreavus|Misdreavus, L90, M|254/254\n|turn|4\n|\n|t:|1733850611\n|move|p1a: Misdreavus|Will-O-Wisp|p2a: Groudon\n|-status|p2a: Groudon|brn\n|move|p2a: Groudon|Heat Crash|p1a: Misdreavus\n|-damage|p1a: Misdreavus|144/254\n|\n|-weather|SunnyDay|[upkeep]\n|-heal|p2a: Groudon|133/263 brn|[from] item: Leftovers\n|-damage|p2a: Groudon|117/263 brn|[from] brn\n|upkeep\n|turn|5\n|inactive|Rlindrud has 120 seconds left.\n|\n|t:|1733850624\n|move|p1a: Misdreavus|Calm Mind|p1a: Misdreavus\n|-boost|p1a: Misdreavus|spa|1\n|-boost|p1a: Misdreavus|spd|1\n|move|p2a: Groudon|Heat Crash|p1a: Misdreavus\n|-damage|p1a: Misdreavus|33/254\n|\n|-weather|none\n|-heal|p2a: Groudon|133/263 brn|[from] item: Leftovers\n|-damage|p2a: Groudon|117/263 brn|[from] brn\n|upkeep\n|turn|6\n|\n|t:|1733850633\n|switch|p2a: Volbeat|Volbeat, L90, M|263/263\n|move|p1a: Misdreavus|Draining Kiss|p2a: Volbeat\n|-damage|p2a: Volbeat|208/263\n|-heal|p1a: Misdreavus|74/254|[from] drain|[of] p2a: Volbeat\n|\n|upkeep\n|turn|7\n|\n|t:|1733850647\n|switch|p1a: Overqwil|Overqwil, L82, M|274/274\n|-ability|p1a: Overqwil|Intimidate|boost\n|-unboost|p2a: Volbeat|atk|1\n|move|p2a: Volbeat|Thunder Wave|p1a: Overqwil\n|-hint|Since gen 7, Dark is immune to Prankster moves.\n|-immune|p1a: Overqwil\n|\n|upkeep\n|turn|8\n|\n|t:|1733850657\n|move|p2a: Volbeat|U-turn|p1a: Overqwil\n|-crit|p1a: Overqwil\n|-damage|p1a: Overqwil|181/274\n|\n|t:|1733850664\n|switch|p2a: Forretress|Forretress, L84, M|263/263|[from] U-turn\n|move|p1a: Overqwil|Swords Dance|p1a: Overqwil\n|-boost|p1a: Overqwil|atk|2\n|\n|upkeep\n|turn|9\n|\n|t:|1733850675\n|move|p1a: Overqwil|Crunch|p2a: Forretress\n|-damage|p2a: Forretress|139/263\n|move|p2a: Forretress|Body Press|p1a: Overqwil\n|-damage|p1a: Overqwil|111/274\n|\n|-heal|p2a: Forretress|155/263|[from] item: Leftovers\n|upkeep\n|turn|10\n|\n|t:|1733850685\n|move|p1a: Overqwil|Crunch|p2a: Forretress\n|-damage|p2a: Forretress|26/263\n|move|p2a: Forretress|Body Press|p1a: Overqwil\n|-damage|p1a: Overqwil|36/274\n|\n|-heal|p2a: Forretress|42/263|[from] item: Leftovers\n|upkeep\n|turn|11\n|\n|t:|1733850693\n|move|p1a: Overqwil|Crunch|p2a: Forretress\n|-damage|p2a: Forretress|0 fnt\n|faint|p2a: Forretress\n|\n|upkeep\n|\n|t:|1733850711\n|switch|p2a: Espeon|Espeon, L84, M|246/246\n|turn|12\n|\n|t:|1733850715\n|move|p2a: Espeon|Alluring Voice|p1a: Overqwil\n|-damage|p1a: Overqwil|0 fnt\n|faint|p1a: Overqwil\n|-damage|p2a: Espeon|222/246|[from] item: Life Orb\n|\n|upkeep\n|\n|t:|1733850723\n|switch|p1a: Diancie|Diancie, L82|216/216\n|turn|13\n|\n|t:|1733850729\n|switch|p2a: Volbeat|Volbeat, L90, M|208/263\n|move|p1a: Diancie|Calm Mind|p1a: Diancie\n|-boost|p1a: Diancie|spa|1\n|-boost|p1a: Diancie|spd|1\n|\n|upkeep\n|turn|14\n|\n|t:|1733850736\n|move|p2a: Volbeat|Encore|p1a: Diancie\n|-start|p1a: Diancie|Encore\n|move|p1a: Diancie|Calm Mind|p1a: Diancie\n|-boost|p1a: Diancie|spa|1\n|-boost|p1a: Diancie|spd|1\n|\n|upkeep\n|turn|15\n|\n|t:|1733850742\n|move|p2a: Volbeat|Thunder Wave|p1a: Diancie\n|-status|p1a: Diancie|par\n|cant|p1a: Diancie|par\n|\n|upkeep\n|turn|16\n|\n|t:|1733850752\n|move|p2a: Volbeat|Roost|p2a: Volbeat\n|-heal|p2a: Volbeat|263/263\n|-singleturn|p2a: Volbeat|move: Roost\n|move|p1a: Diancie|Calm Mind|p1a: Diancie\n|-boost|p1a: Diancie|spa|1\n|-boost|p1a: Diancie|spd|1\n|\n|-end|p1a: Diancie|Encore\n|upkeep\n|turn|17\n|\n|t:|1733850759\n|move|p2a: Volbeat|Encore|p1a: Diancie\n|-start|p1a: Diancie|Encore\n|move|p1a: Diancie|Calm Mind|p1a: Diancie\n|-boost|p1a: Diancie|spa|1\n|-boost|p1a: Diancie|spd|1\n|\n|upkeep\n|turn|18\n|n|!Rlindrud|rlindrud\n|-message|Rlindrud forfeited.\n|\n|win|pokemasterchikde\n", "inputlog": ">version bfd83cad13791eb5a5a409923076391caf6fb4d4\n>start {\"formatid\":\"gen9randombattle\",\"seed\":[41056,46408,55096,33648],\"rated\":\"Rated battle\"}\n>player p1 {\"name\":\"Rlindrud\",\"avatar\":\"266\",\"rating\":1221,\"seed\":[16437,45894,26725,53457]}\n>player p2 {\"name\":\"pokemasterchikde\",\"avatar\":\"265\",\"rating\":1243,\"seed\":[65142,14206,57680,35149]}\n>p1 move focusblast\n>p2 move swordsdance\n>p1 move focusblast\n>p2 move heatcrash\n>chat \u2606Rlindrud|you better hope i miss this xD\n>p1 move focusblast\n>p2 move heatcrash\n>chat \u2606Rlindrud|bruh\n>chat \u2606pokemasterchikde|hehe\n>chat \u2606pokemasterchikde|i mean it is 70%\n>chat \u2606Rlindrud|1/3 is diabolical xD\n>chat \u2606Rlindrud|yeah but thats still above 50% xD\n>p1 switch 4\n>p1 move willowisp\n>p2 move heatcrash\n>p1 move calmmind\n>p2 move heatcrash\n>p1 move drainingkiss\n>p2 switch 4\n>p1 switch 6\n>p2 move thunderwave\n>p1 move swordsdance\n>p2 move uturn\n>p2 switch 6\n>p1 move crunch\n>p2 move bodypress\n>p1 move crunch\n>p2 move bodypress\n>p1 move crunch\n>p2 move bodypress\n>p2 switch 5\n>p1 move crunch\n>p2 move alluringvoice\n>p1 switch 3\n>p1 move calmmind\n>p2 switch 6\n>p1 move diamondstorm\n>p2 move encore\n>p1 move calmmind\n>p2 move thunderwave\n>p1 move calmmind\n>p2 move roost\n>p1 move diamondstorm\n>p2 move encore\n>chat \u2606Rlindrud|yeah you play like a pussy\n>forcelose p1", "uploadtime": 1733850762, "views": 1, "formatid": "gen9randombattle", "rating": null, "private": 0, "password": null}