{"id": "gen9randombattle-2152587052", "format": "[Gen 9] Random Battle", "players": ["Flirrdirr", "Lechen"], "log": "|j|\u2606Flirrdirr\n|j|\u2606Lechen\n|t:|1719737473\n|gametype|singles\n|player|p1|Flirrdirr|2|2252\n|player|p2|Lechen|red-masters|2218\n|teamsize|p1|6\n|teamsize|p2|6\n|gen|9\n|tier|[Gen 9] Random Battle\n|rated|\n|rule|Species Clause: Limit one of each Pok\u00e9mon\n|rule|HP Percentage Mod: HP is shown in percentages\n|rule|Sleep Clause Mod: Limit one foe put to sleep\n|rule|Illusion Level Mod: Illusion disguises the Pok\u00e9mon's true level\n|\n|t:|1719737473\n|start\n|switch|p1a: Hoopa|Hoopa-Unbound, L80|259/259\n|switch|p2a: Scream Tail|Scream Tail, L84|330/330\n|turn|1\n|\n|t:|1719737497\n|move|p2a: Scream Tail|Play Rough|p1a: Hoopa\n|-supereffective|p1a: Hoopa\n|-damage|p1a: Hoopa|67/259\n|move|p1a: Hoopa|Gunk Shot|p2a: Scream Tail|[miss]\n|-miss|p1a: Hoopa|p2a: Scream Tail\n|\n|upkeep\n|turn|2\n|\n|t:|1719737507\n|switch|p1a: Jirachi|Jirachi, L80|291/291\n|move|p2a: Scream Tail|Play Rough|p1a: Jirachi|[miss]\n|-miss|p2a: Scream Tail|p1a: Jirachi\n|\n|upkeep\n|turn|3\n|\n|t:|1719737517\n|move|p1a: Jirachi|U-turn|p2a: Scream Tail\n|-damage|p2a: Scream Tail|285/330\n|\n|t:|1719737520\n|switch|p1a: Blissey|Blissey, L84, F|566/566|[from] U-turn\n|move|p2a: Scream Tail|Thunder Wave|p1a: Blissey\n|-status|p1a: Blissey|par\n|\n|-heal|p2a: Scream Tail|305/330|[from] item: Leftovers\n|upkeep\n|turn|4\n|\n|t:|1719737540\n|-end|p2a: Scream Tail|Protosynthesis|[silent]\n|switch|p2a: Corviknight|Corviknight, L80, M|288/288\n|move|p1a: Blissey|Thunder Wave|p2a: Corviknight\n|-status|p2a: Corviknight|par\n|\n|upkeep\n|turn|5\n|\n|t:|1719737548\n|-curestatus|p1a: Blissey|par|[from] ability: Natural Cure\n|switch|p1a: Delibird|Delibird, F|252/252\n|move|p2a: Corviknight|U-turn|p1a: Delibird\n|-resisted|p1a: Delibird\n|-damage|p1a: Delibird|222/252\n|\n|t:|1719737573\n|switch|p2a: Metagross|Metagross, L79|256/256|[from] U-turn\n|\n|upkeep\n|turn|6\n|\n|t:|1719737606\n|switch|p1a: Zamazenta|Zamazenta, L72|251/251\n|-ability|p1a: Zamazenta|Dauntless Shield|boost\n|-boost|p1a: Zamazenta|def|1\n|move|p2a: Metagross|Stealth Rock|p1a: Zamazenta\n|-sidestart|p1: Flirrdirr|move: Stealth Rock\n|\n|upkeep\n|turn|7\n|\n|t:|1719737621\n|switch|p2a: Scream Tail|Scream Tail, L84|305/330\n|move|p1a: Zamazenta|Close Combat|p2a: Scream Tail\n|-resisted|p2a: Scream Tail\n|-damage|p2a: Scream Tail|265/330\n|-unboost|p1a: Zamazenta|def|1\n|-unboost|p1a: Zamazenta|spd|1\n|\n|-heal|p2a: Scream Tail|285/330|[from] item: Leftovers\n|upkeep\n|turn|8\n|\n|t:|1719737639\n|switch|p1a: Blissey|Blissey, L84, F|566/566\n|-damage|p1a: Blissey|496/566|[from] Stealth Rock\n|move|p2a: Scream Tail|Thunder Wave|p1a: Blissey\n|-status|p1a: Blissey|par\n|\n|-heal|p2a: Scream Tail|305/330|[from] item: Leftovers\n|-heal|p1a: Blissey|531/566 par|[from] item: Leftovers\n|upkeep\n|turn|9\n|\n|t:|1719737646\n|-end|p2a: Scream Tail|Protosynthesis|[silent]\n|switch|p2a: Corviknight|Corviknight, L80, M|288/288 par\n|move|p1a: Blissey|Stealth Rock|p2a: Corviknight\n|-sidestart|p2: Lechen|move: Stealth Rock\n|\n|-heal|p1a: Blissey|566/566 par|[from] item: Leftovers\n|upkeep\n|turn|10\n|\n|t:|1719737657\n|-curestatus|p1a: Blissey|par|[from] ability: Natural Cure\n|switch|p1a: Delibird|Delibird, F|222/252\n|move|p2a: Corviknight|Defog|p1a: Delibird\n|-unboost|p1a: Delibird|evasion|1\n|-sideend|p1: Flirrdirr|Stealth Rock|[from] move: Defog|[of] p2a: Corviknight\n|-sideend|p2: Lechen|Stealth Rock|[from] move: Defog|[of] p2a: Corviknight\n|\n|upkeep\n|turn|11\n|\n|t:|1719737672\n|switch|p1a: Hoopa|Hoopa-Unbound, L80|67/259\n|cant|p2a: Corviknight|par\n|\n|upkeep\n|turn|12\n|\n|t:|1719737700\n|move|p1a: Hoopa|Hyperspace Fury|p2a: Corviknight\n|-damage|p2a: Corviknight|99/288 par\n|-unboost|p1a: Hoopa|def|1\n|move|p2a: Corviknight|U-turn|p1a: Hoopa\n|-supereffective|p1a: Hoopa\n|-damage|p1a: Hoopa|0 fnt\n|faint|p1a: Hoopa\n|j| Pffft is me\n|\n|t:|1719737714\n|switch|p2a: Scream Tail|Scream Tail, L84|305/330|[from] U-turn\n|\n|-heal|p2a: Scream Tail|325/330|[from] item: Leftovers\n|upkeep\n|\n|t:|1719737736\n|switch|p1a: Blissey|Blissey, L84, F|566/566\n|turn|13\n|\n|t:|1719737743\n|-end|p2a: Scream Tail|Protosynthesis|[silent]\n|switch|p2a: Trevenant|Trevenant, L88, F|293/293\n|move|p1a: Blissey|Seismic Toss|p2a: Trevenant\n|-immune|p2a: Trevenant\n|\n|upkeep\n|turn|14\n|\n|t:|1719737754\n|switch|p2a: Corviknight|Corviknight, L80, M|99/288 par\n|switch|p1a: Zamazenta|Zamazenta, L72|251/251\n|\n|-heal|p2a: Corviknight|117/288 par|[from] item: Leftovers\n|upkeep\n|turn|15\n|\n|t:|1719737761\n|switch|p2a: Toxapex|Toxapex, L82, F|216/216\n|move|p1a: Zamazenta|Close Combat|p2a: Toxapex\n|-resisted|p2a: Toxapex\n|-crit|p2a: Toxapex\n|-damage|p2a: Toxapex|129/216\n|-unboost|p1a: Zamazenta|def|1\n|-unboost|p1a: Zamazenta|spd|1\n|-damage|p1a: Zamazenta|210/251|[from] item: Rocky Helmet|[of] p2a: Toxapex\n|\n|upkeep\n|turn|16\n|\n|t:|1719737782\n|switch|p1a: Blissey|Blissey, L84, F|566/566\n|move|p2a: Toxapex|Liquidation|p1a: Blissey\n|-damage|p1a: Blissey|389/566\n|\n|-heal|p1a: Blissey|424/566|[from] item: Leftovers\n|upkeep\n|turn|17\n|\n|t:|1719737789\n|switch|p2a: Regigigas|Regigigas, L84|322/322\n|-start|p2a: Regigigas|ability: Slow Start\n|move|p1a: Blissey|Seismic Toss|p2a: Regigigas\n|-damage|p2a: Regigigas|238/322\n|\n|-heal|p1a: Blissey|459/566|[from] item: Leftovers\n|-heal|p2a: Regigigas|258/322|[from] item: Leftovers\n|upkeep\n|turn|18\n|\n|t:|1719737802\n|move|p1a: Blissey|Thunder Wave|p2a: Regigigas\n|-status|p2a: Regigigas|par\n|move|p2a: Regigigas|Body Slam|p1a: Blissey\n|-damage|p1a: Blissey|266/566\n|\n|-heal|p1a: Blissey|301/566|[from] item: Leftovers\n|-heal|p2a: Regigigas|278/322 par|[from] item: Leftovers\n|upkeep\n|turn|19\n|\n|t:|1719737808\n|move|p1a: Blissey|Stealth Rock|p2a: Regigigas\n|-sidestart|p2: Lechen|move: Stealth Rock\n|cant|p2a: Regigigas|par\n|\n|-heal|p1a: Blissey|336/566|[from] item: Leftovers\n|-heal|p2a: Regigigas|298/322 par|[from] item: Leftovers\n|upkeep\n|turn|20\n|\n|t:|1719737815\n|switch|p1a: Zamazenta|Zamazenta, L72|210/251\n|move|p2a: Regigigas|Knock Off|p1a: Zamazenta\n|-resisted|p1a: Zamazenta\n|-damage|p1a: Zamazenta|187/251\n|-enditem|p1a: Zamazenta|Choice Band|[from] move: Knock Off|[of] p2a: Regigigas\n|\n|-heal|p2a: Regigigas|318/322 par|[from] item: Leftovers\n|upkeep\n|turn|21\n|\n|t:|1719737837\n|-end|p2a: Regigigas|Slow Start|[silent]\n|switch|p2a: Toxapex|Toxapex, L82, F|201/216\n|-damage|p2a: Toxapex|174/216|[from] Stealth Rock\n|move|p1a: Zamazenta|Iron Head|p2a: Toxapex\n|-resisted|p2a: Toxapex\n|-damage|p2a: Toxapex|157/216\n|-damage|p1a: Zamazenta|146/251|[from] item: Rocky Helmet|[of] p2a: Toxapex\n|\n|upkeep\n|turn|22\n|\n|t:|1719737852\n|switch|p1a: Delibird|Delibird, F|222/252\n|move|p2a: Toxapex|Toxic Spikes|p1a: Delibird\n|-sidestart|p1: Flirrdirr|move: Toxic Spikes\n|\n|upkeep\n|turn|23\n|\n|t:|1719737863\n|switch|p2a: Metagross|Metagross, L79|256/256\n|-damage|p2a: Metagross|240/256|[from] Stealth Rock\n|move|p1a: Delibird|Freeze-Dry|p2a: Metagross\n|-resisted|p2a: Metagross\n|-damage|p2a: Metagross|197/256\n|\n|-heal|p2a: Metagross|213/256|[from] item: Leftovers\n|upkeep\n|turn|24\n|\n|t:|1719737884\n|move|p1a: Delibird|Spikes|p2a: Metagross\n|-sidestart|p2: Lechen|Spikes\n|move|p2a: Metagross|Stealth Rock|p1a: Delibird\n|-sidestart|p1: Flirrdirr|move: Stealth Rock\n|\n|-heal|p2a: Metagross|229/256|[from] item: Leftovers\n|upkeep\n|turn|25\n|\n|t:|1719737894\n|move|p1a: Delibird|Rapid Spin|p2a: Metagross\n|-resisted|p2a: Metagross\n|-damage|p2a: Metagross|217/256\n|-boost|p1a: Delibird|spe|1\n|-sideend|p1: Flirrdirr|Toxic Spikes|[from] move: Rapid Spin|[of] p1a: Delibird\n|-sideend|p1: Flirrdirr|Stealth Rock|[from] move: Rapid Spin|[of] p1a: Delibird\n|move|p2a: Metagross|Heavy Slam|p1a: Delibird\n|-supereffective|p1a: Delibird\n|-damage|p1a: Delibird|0 fnt\n|faint|p1a: Delibird\n|\n|-heal|p2a: Metagross|233/256|[from] item: Leftovers\n|upkeep\n|\n|t:|1719737904\n|switch|p1a: Salazzle|Salazzle, L82, F|246/246\n|turn|26\n|\n|t:|1719737910\n|move|p1a: Salazzle|Fire Blast|p2a: Metagross\n|-supereffective|p2a: Metagross\n|-damage|p2a: Metagross|0 fnt\n|faint|p2a: Metagross\n|\n|upkeep\n|\n|t:|1719737916\n|switch|p2a: Toxapex|Toxapex, L82, F|216/216\n|-damage|p2a: Toxapex|189/216|[from] Stealth Rock\n|-damage|p2a: Toxapex|162/216|[from] Spikes\n|turn|27\n|\n|t:|1719737924\n|switch|p1a: Blissey|Blissey, L84, F|336/566\n|move|p2a: Toxapex|Liquidation|p1a: Blissey\n|-damage|p1a: Blissey|143/566\n|\n|-heal|p1a: Blissey|178/566|[from] item: Leftovers\n|upkeep\n|turn|28\n|\n|t:|1719737927\n|move|p1a: Blissey|Soft-Boiled|p1a: Blissey\n|-heal|p1a: Blissey|461/566\n|move|p2a: Toxapex|Liquidation|p1a: Blissey\n|-damage|p1a: Blissey|259/566\n|-unboost|p1a: Blissey|def|1\n|\n|-heal|p1a: Blissey|294/566|[from] item: Leftovers\n|upkeep\n|turn|29\n|\n|t:|1719737931\n|move|p1a: Blissey|Thunder Wave|p2a: Toxapex\n|-status|p2a: Toxapex|par\n|move|p2a: Toxapex|Liquidation|p1a: Blissey\n|-damage|p1a: Blissey|0 fnt\n|faint|p1a: Blissey\n|\n|upkeep\n|\n|t:|1719737946\n|switch|p1a: Salazzle|Salazzle, L82, F|246/246\n|turn|30\n|\n|t:|1719737964\n|-terastallize|p1a: Salazzle|Grass\n|move|p1a: Salazzle|Nasty Plot|p1a: Salazzle\n|-boost|p1a: Salazzle|spa|2\n|move|p2a: Toxapex|Haze|p2a: Toxapex\n|-clearallboost\n|\n|upkeep\n|turn|31\n|\n|t:|1719737978\n|switch|p2a: Scream Tail|Scream Tail, L84|325/330\n|-damage|p2a: Scream Tail|284/330|[from] Stealth Rock\n|-damage|p2a: Scream Tail|243/330|[from] Spikes\n|move|p1a: Salazzle|Nasty Plot|p1a: Salazzle\n|-boost|p1a: Salazzle|spa|2\n|\n|-heal|p2a: Scream Tail|263/330|[from] item: Leftovers\n|upkeep\n|turn|32\n|\n|t:|1719737986\n|-terastallize|p2a: Scream Tail|Steel\n|move|p1a: Salazzle|Fire Blast|p2a: Scream Tail|[miss]\n|-miss|p1a: Salazzle|p2a: Scream Tail\n|move|p2a: Scream Tail|Thunder Wave|p1a: Salazzle\n|-status|p1a: Salazzle|par\n|\n|-heal|p2a: Scream Tail|283/330|[from] item: Leftovers\n|upkeep\n|turn|33\n|\n|t:|1719738027\n|move|p2a: Scream Tail|Play Rough|p1a: Salazzle\n|-damage|p1a: Salazzle|150/246 par\n|move|p1a: Salazzle|Fire Blast|p2a: Scream Tail\n|-supereffective|p2a: Scream Tail\n|-damage|p2a: Scream Tail|0 fnt\n|faint|p2a: Scream Tail\n|-end|p2a: Scream Tail|Protosynthesis|[silent]\n|\n|upkeep\n|\n|t:|1719738032\n|switch|p2a: Corviknight|Corviknight, L80, M|117/288 par\n|-damage|p2a: Corviknight|81/288 par|[from] Stealth Rock\n|turn|34\n|\n|t:|1719738039\n|move|p1a: Salazzle|Fire Blast|p2a: Corviknight\n|-supereffective|p2a: Corviknight\n|-damage|p2a: Corviknight|0 fnt\n|faint|p2a: Corviknight\n|\n|upkeep\n|\n|t:|1719738043\n|switch|p2a: Trevenant|Trevenant, L88, F|293/293\n|-damage|p2a: Trevenant|257/293|[from] Stealth Rock\n|-damage|p2a: Trevenant|221/293|[from] Spikes\n|turn|35\n|\n|t:|1719738050\n|switch|p1a: Zamazenta|Zamazenta, L72|146/251\n|move|p2a: Trevenant|Poltergeist||[still]\n|-fail|p2a: Trevenant\n|\n|upkeep\n|turn|36\n|\n|t:|1719738057\n|switch|p2a: Toxapex|Toxapex, L82, F|216/216 par\n|-damage|p2a: Toxapex|189/216 par|[from] Stealth Rock\n|-damage|p2a: Toxapex|162/216 par|[from] Spikes\n|move|p1a: Zamazenta|Psychic Fangs|p2a: Toxapex\n|-supereffective|p2a: Toxapex\n|-damage|p2a: Toxapex|84/216 par\n|-damage|p1a: Zamazenta|105/251|[from] item: Rocky Helmet|[of] p2a: Toxapex\n|\n|upkeep\n|turn|37\n|\n|t:|1719738067\n|move|p1a: Zamazenta|Psychic Fangs|p2a: Toxapex\n|-supereffective|p2a: Toxapex\n|-damage|p2a: Toxapex|16/216 par\n|-damage|p1a: Zamazenta|64/251|[from] item: Rocky Helmet|[of] p2a: Toxapex\n|move|p2a: Toxapex|Recover|p2a: Toxapex\n|-heal|p2a: Toxapex|124/216 par\n|\n|upkeep\n|turn|38\n|\n|t:|1719738072\n|move|p1a: Zamazenta|Psychic Fangs|p2a: Toxapex\n|-supereffective|p2a: Toxapex\n|-damage|p2a: Toxapex|56/216 par\n|-damage|p1a: Zamazenta|23/251|[from] item: Rocky Helmet|[of] p2a: Toxapex\n|move|p2a: Toxapex|Recover|p2a: Toxapex\n|-heal|p2a: Toxapex|164/216 par\n|\n|upkeep\n|turn|39\n|\n|t:|1719738076\n|move|p1a: Zamazenta|Psychic Fangs|p2a: Toxapex\n|-supereffective|p2a: Toxapex\n|-damage|p2a: Toxapex|88/216 par\n|-damage|p1a: Zamazenta|0 fnt|[from] item: Rocky Helmet|[of] p2a: Toxapex\n|faint|p1a: Zamazenta\n|cant|p2a: Toxapex|par\n|\n|upkeep\n|\n|t:|1719738087\n|switch|p1a: Jirachi|Jirachi, L80|291/291\n|turn|40\n|\n|t:|1719738106\n|switch|p2a: Regigigas|Regigigas, L84|318/322 par\n|-damage|p2a: Regigigas|278/322 par|[from] Stealth Rock\n|-damage|p2a: Regigigas|238/322 par|[from] Spikes\n|-start|p2a: Regigigas|ability: Slow Start\n|move|p1a: Jirachi|Iron Head|p2a: Regigigas\n|-damage|p2a: Regigigas|165/322 par\n|\n|-heal|p2a: Regigigas|185/322 par|[from] item: Leftovers\n|upkeep\n|turn|41\n|\n|t:|1719738119\n|move|p1a: Jirachi|Iron Head|p2a: Regigigas\n|-damage|p2a: Regigigas|116/322 par\n|cant|p2a: Regigigas|flinch\n|\n|-heal|p2a: Regigigas|136/322 par|[from] item: Leftovers\n|upkeep\n|turn|42\n|\n|t:|1719738123\n|move|p1a: Jirachi|Iron Head|p2a: Regigigas\n|-damage|p2a: Regigigas|73/322 par\n|cant|p2a: Regigigas|flinch\n|\n|-heal|p2a: Regigigas|93/322 par|[from] item: Leftovers\n|upkeep\n|turn|43\n|\n|t:|1719738126\n|move|p1a: Jirachi|Iron Head|p2a: Regigigas\n|-damage|p2a: Regigigas|27/322 par\n|cant|p2a: Regigigas|flinch\n|\n|-heal|p2a: Regigigas|47/322 par|[from] item: Leftovers\n|upkeep\n|turn|44\n|\n|t:|1719738134\n|move|p1a: Jirachi|Iron Head|p2a: Regigigas\n|-damage|p2a: Regigigas|0 fnt\n|faint|p2a: Regigigas\n|-end|p2a: Regigigas|Slow Start|[silent]\n|\n|upkeep\n|\n|t:|1719738137\n|switch|p2a: Toxapex|Toxapex, L82, F|160/216 par\n|-damage|p2a: Toxapex|133/216 par|[from] Stealth Rock\n|-damage|p2a: Toxapex|106/216 par|[from] Spikes\n|turn|45\n|\n|t:|1719738141\n|move|p1a: Jirachi|Iron Head|p2a: Toxapex\n|-resisted|p2a: Toxapex\n|-damage|p2a: Toxapex|82/216 par\n|-damage|p1a: Jirachi|243/291|[from] item: Rocky Helmet|[of] p2a: Toxapex\n|move|p2a: Toxapex|Recover|p2a: Toxapex\n|-heal|p2a: Toxapex|190/216 par\n|\n|upkeep\n|turn|46\n|\n|t:|1719738147\n|switch|p1a: Salazzle|Salazzle, L82, F, tera:Grass|150/246 par\n|cant|p2a: Toxapex|par\n|\n|upkeep\n|turn|47\n|\n|t:|1719738152\n|move|p1a: Salazzle|Nasty Plot|p1a: Salazzle\n|-boost|p1a: Salazzle|spa|2\n|move|p2a: Toxapex|Liquidation|p1a: Salazzle\n|-resisted|p1a: Salazzle\n|-crit|p1a: Salazzle\n|-damage|p1a: Salazzle|86/246 par\n|\n|upkeep\n|turn|48\n|\n|t:|1719738156\n|move|p1a: Salazzle|Sludge Wave|p2a: Toxapex\n|-resisted|p2a: Toxapex\n|-damage|p2a: Toxapex|113/216 par\n|move|p2a: Toxapex|Liquidation|p1a: Salazzle\n|-resisted|p1a: Salazzle\n|-damage|p1a: Salazzle|44/246 par\n|\n|upkeep\n|turn|49\n|\n|t:|1719738160\n|cant|p1a: Salazzle|par\n|move|p2a: Toxapex|Liquidation|p1a: Salazzle\n|-resisted|p1a: Salazzle\n|-damage|p1a: Salazzle|0 fnt\n|faint|p1a: Salazzle\n|\n|upkeep\n|c|\u2606Lechen|mb\n|\n|t:|1719738165\n|switch|p1a: Jirachi|Jirachi, L80|243/291\n|turn|50\n|c|\u2606Lechen|sry for the hax\n|c|\u2606Lechen|in this game\n|\n|t:|1719738171\n|move|p1a: Jirachi|Iron Head|p2a: Toxapex\n|-resisted|p2a: Toxapex\n|-damage|p2a: Toxapex|86/216 par\n|-damage|p1a: Jirachi|195/291|[from] item: Rocky Helmet|[of] p2a: Toxapex\n|cant|p2a: Toxapex|flinch\n|\n|upkeep\n|turn|51\n|\n|t:|1719738174\n|move|p1a: Jirachi|Iron Head|p2a: Toxapex\n|-resisted|p2a: Toxapex\n|-damage|p2a: Toxapex|59/216 par\n|-damage|p1a: Jirachi|147/291|[from] item: Rocky Helmet|[of] p2a: Toxapex\n|cant|p2a: Toxapex|flinch\n|\n|upkeep\n|turn|52\n|\n|t:|1719738177\n|move|p1a: Jirachi|Iron Head|p2a: Toxapex\n|-resisted|p2a: Toxapex\n|-damage|p2a: Toxapex|31/216 par\n|-damage|p1a: Jirachi|99/291|[from] item: Rocky Helmet|[of] p2a: Toxapex\n|move|p2a: Toxapex|Recover|p2a: Toxapex\n|-heal|p2a: Toxapex|139/216 par\n|\n|upkeep\n|turn|53\n|\n|t:|1719738179\n|move|p1a: Jirachi|Iron Head|p2a: Toxapex\n|-resisted|p2a: Toxapex\n|-damage|p2a: Toxapex|113/216 par\n|-damage|p1a: Jirachi|51/291|[from] item: Rocky Helmet|[of] p2a: Toxapex\n|cant|p2a: Toxapex|flinch\n|\n|upkeep\n|turn|54\n|\n|t:|1719738181\n|move|p1a: Jirachi|Iron Head|p2a: Toxapex\n|-resisted|p2a: Toxapex\n|-damage|p2a: Toxapex|86/216 par\n|-damage|p1a: Jirachi|3/291|[from] item: Rocky Helmet|[of] p2a: Toxapex\n|cant|p2a: Toxapex|flinch\n|\n|upkeep\n|turn|55\n|\n|t:|1719738184\n|move|p1a: Jirachi|Iron Head|p2a: Toxapex\n|-resisted|p2a: Toxapex\n|-damage|p2a: Toxapex|58/216 par\n|-damage|p1a: Jirachi|0 fnt|[from] item: Rocky Helmet|[of] p2a: Toxapex\n|faint|p1a: Jirachi\n|\n|win|Lechen\n|raw|Flirrdirr's rating: 2252 &rarr; <strong>2230</strong><br />(-22 for losing)\n|raw|Lechen's rating: 2218 &rarr; <strong>2240</strong><br />(+22 for winning)\n|l|\u2606Flirrdirr\n|player|p1|\n|l|\u2606Lechen\n|player|p2|\n", "inputlog": ">version 021bb6b4147d783a3aa9da22896c4e1e173f1b61\n>start {\"formatid\":\"gen9randombattle\",\"seed\":[26735,9574,28735,45041],\"rated\":\"Rated battle\"}\n>player p1 {\"name\":\"Flirrdirr\",\"avatar\":\"2\",\"rating\":2252,\"seed\":[11483,24160,40775,52267]}\n>player p2 {\"name\":\"Lechen\",\"avatar\":\"red-masters\",\"rating\":2218,\"seed\":[58869,4683,64567,45399]}\n>p1 move gunkshot\n>p2 move playrough\n>p1 switch 6\n>p2 move playrough\n>p1 move uturn\n>p2 move thunderwave\n>p1 switch 4\n>p1 move thunderwave\n>p2 switch 5\n>p1 switch 3\n>p2 move uturn\n>p2 switch 2\n>p1 switch 5\n>p2 move stealthrock\n>p1 move closecombat\n>p2 switch 5\n>p1 switch 3\n>p2 move thunderwave\n>p1 move stealthrock\n>p2 switch 2\n>p1 switch 5\n>p2 move defog\n>p1 switch 6\n>p2 move bravebird\n>p1 move hyperspacefury\n>p2 move uturn\n>p2 switch 2\n>p1 switch 5\n>p1 move seismictoss\n>p2 switch 4\n>p1 switch 3\n>p2 switch 2\n>p1 move closecombat\n>p2 switch 6\n>p1 switch 3\n>p2 move liquidation\n>p1 move seismictoss\n>p2 switch 3\n>p1 move thunderwave\n>p2 move bodyslam\n>p1 move stealthrock\n>p2 move knockoff\n>p1 switch 3\n>p2 move knockoff\n>p1 move ironhead\n>p2 switch 3\n>p1 switch 6\n>p2 move toxicspikes\n>p1 move freezedry\n>p2 switch 5\n>p1 move spikes\n>p2 move stealthrock\n>p1 move rapidspin\n>p2 move heavyslam\n>p1 switch 2\n>p1 move fireblast\n>p2 move psychicfangs\n>p2 switch 5\n>p1 switch 3\n>p2 move liquidation\n>p1 move softboiled\n>p2 move liquidation\n>p1 move thunderwave\n>p2 move liquidation\n>p1 switch 3\n>p1 move nastyplot terastallize\n>p2 move haze\n>p1 move nastyplot\n>p2 switch 4\n>p1 move fireblast\n>p2 move thunderwave terastallize\n>p1 move fireblast\n>p2 move playrough\n>p2 switch 6\n>p1 move fireblast\n>p2 move bravebird\n>p2 switch 2\n>p1 switch 6\n>p2 move poltergeist\n>p1 move psychicfangs\n>p2 switch 4\n>p1 move psychicfangs\n>p2 move recover\n>p1 move psychicfangs\n>p2 move recover\n>p1 move psychicfangs\n>p2 move recover\n>p1 switch 4\n>p1 move ironhead\n>p2 switch 3\n>p1 move ironhead\n>p2 move rest\n>p1 move ironhead\n>p2 move rest\n>p1 move ironhead\n>p2 move rest\n>p1 move ironhead\n>p2 move rest\n>p2 switch 3\n>p1 move ironhead\n>p2 move recover\n>p1 switch 6\n>p2 move liquidation\n>p1 move nastyplot\n>p2 move liquidation\n>p1 move sludgewave\n>p2 move liquidation\n>p1 move terablast\n>p2 move liquidation\n>chat \u2606Lechen|mb\n>p1 switch 6\n>chat \u2606Lechen|sry for the hax\n>chat \u2606Lechen|in this game\n>p1 move ironhead\n>p2 move recover\n>p1 move ironhead\n>p2 move recover\n>p1 move ironhead\n>p2 move recover\n>p1 move ironhead\n>p2 move recover\n>p1 move ironhead\n>p2 move recover\n>p1 move ironhead\n>p2 move recover", "uploadtime": 1719738219, "views": 182, "formatid": "gen9randombattle", "rating": 2230, "private": 0, "password": null}