{"id": "gen9randombattle-2260573132", "format": "[Gen 9] Random Battle", "players": ["Chernobyl\u00d710", "akkeshi \u25d5\u203f\u25d5"], "log": "|j|\u2606Chernobyl\u00d710\n|j|\u2606akkeshi \u25d5\u203f\u25d5\n|t:|1733864941\n|gametype|singles\n|player|p1|Chernobyl\u00d710|steven|2050\n|player|p2|akkeshi \u25d5\u203f\u25d5|erika|2119\n|teamsize|p1|6\n|teamsize|p2|6\n|gen|9\n|tier|[Gen 9] Random Battle\n|rated|\n|rule|Species Clause: Limit one of each Pok\u00e9mon\n|rule|HP Percentage Mod: HP is shown in percentages\n|rule|Sleep Clause Mod: Limit one foe put to sleep\n|rule|Illusion Level Mod: Illusion disguises the Pok\u00e9mon's true level\n|\n|t:|1733864941\n|start\n|switch|p1a: Koraidon|Koraidon, L64|235/235\n|switch|p2a: Braviary|Braviary-Hisui, L85, M|326/326\n|-weather|SunnyDay|[from] ability: Orichalcum Pulse|[of] p1a: Koraidon\n|-activate|p1a: Koraidon|Orichalcum Pulse|[source]\n|turn|1\n|inactive|Battle timer is ON: inactive players will automatically lose when time's up. (requested by Chernobyl\u00d710)\n|\n|t:|1733864950\n|move|p1a: Koraidon|U-turn|p2a: Braviary\n|-damage|p2a: Braviary|233/326\n|\n|t:|1733864956\n|switch|p1a: Gholdengo|Gholdengo, L77|261/261|[from] U-turn\n|move|p2a: Braviary|Psychic|p1a: Gholdengo\n|-resisted|p1a: Gholdengo\n|-damage|p1a: Gholdengo|160/261\n|\n|-weather|SunnyDay|[upkeep]\n|-heal|p1a: Gholdengo|176/261|[from] item: Leftovers\n|upkeep\n|turn|2\n|\n|t:|1733864973\n|switch|p2a: Empoleon|Empoleon, L84, F|278/278\n|move|p1a: Gholdengo|Recover|p1a: Gholdengo\n|-heal|p1a: Gholdengo|261/261\n|\n|-weather|SunnyDay|[upkeep]\n|upkeep\n|turn|3\n|\n|t:|1733864979\n|move|p1a: Gholdengo|Nasty Plot|p1a: Gholdengo\n|-boost|p1a: Gholdengo|spa|2\n|move|p2a: Empoleon|Roar|p1a: Gholdengo\n|-immune|p1a: Gholdengo|[from] ability: Good as Gold\n|\n|-weather|SunnyDay|[upkeep]\n|upkeep\n|turn|4\n|\n|t:|1733864988\n|move|p1a: Gholdengo|Nasty Plot|p1a: Gholdengo\n|-boost|p1a: Gholdengo|spa|2\n|move|p2a: Empoleon|Flip Turn|p1a: Gholdengo\n|-damage|p1a: Gholdengo|228/261\n|\n|t:|1733864990\n|switch|p2a: Garchomp|Garchomp, L74, M|282/282|[from] Flip Turn\n|\n|-weather|SunnyDay|[upkeep]\n|-heal|p1a: Gholdengo|244/261|[from] item: Leftovers\n|upkeep\n|turn|5\n|\n|t:|1733864999\n|-terastallize|p1a: Gholdengo|Water\n|move|p2a: Garchomp|Earthquake|p1a: Gholdengo\n|-damage|p1a: Gholdengo|130/261\n|move|p1a: Gholdengo|Make It Rain|p2a: Garchomp\n|-damage|p2a: Garchomp|0 fnt\n|-unboost|p1a: Gholdengo|spa|1\n|faint|p2a: Garchomp\n|\n|-weather|none\n|-heal|p1a: Gholdengo|146/261|[from] item: Leftovers\n|upkeep\n|\n|t:|1733865008\n|switch|p2a: Delibird|Delibird, F|252/252\n|turn|6\n|\n|t:|1733865017\n|switch|p1a: Ninetales|Ninetales-Alola, L78, M|242/242\n|-weather|Snow|[from] ability: Snow Warning|[of] p1a: Ninetales\n|move|p2a: Delibird|Brave Bird|p1a: Ninetales\n|-damage|p1a: Ninetales|109/242\n|-damage|p2a: Delibird|208/252|[from] Recoil\n|\n|-weather|Snow|[upkeep]\n|upkeep\n|turn|7\n|\n|t:|1733865031\n|move|p1a: Ninetales|Aurora Veil|p1a: Ninetales\n|-sidestart|p1: Chernobyl\u00d710|move: Aurora Veil\n|move|p2a: Delibird|Spikes|p1a: Ninetales\n|-sidestart|p1: Chernobyl\u00d710|Spikes\n|\n|-weather|Snow|[upkeep]\n|upkeep\n|turn|8\n|\n|t:|1733865038\n|move|p1a: Ninetales|Blizzard|p2a: Delibird\n|-damage|p2a: Delibird|79/252\n|move|p2a: Delibird|Spikes|p1a: Ninetales\n|-sidestart|p1: Chernobyl\u00d710|Spikes\n|\n|-weather|Snow|[upkeep]\n|upkeep\n|turn|9\n|j| d mr d\n|\n|t:|1733865051\n|switch|p2a: Empoleon|Empoleon, L84, F|278/278\n|move|p1a: Ninetales|Moonblast|p2a: Empoleon\n|-resisted|p2a: Empoleon\n|-damage|p2a: Empoleon|245/278\n|-unboost|p2a: Empoleon|spa|1\n|-ability|p2a: Empoleon|Competitive|boost\n|-boost|p2a: Empoleon|spa|2\n|\n|-weather|Snow|[upkeep]\n|-heal|p2a: Empoleon|262/278|[from] item: Leftovers\n|upkeep\n|turn|10\n|\n|t:|1733865061\n|switch|p1a: Gholdengo|Gholdengo, L77, tera:Water|146/261\n|-damage|p1a: Gholdengo|103/261|[from] Spikes\n|move|p2a: Empoleon|Flip Turn|p1a: Gholdengo\n|-resisted|p1a: Gholdengo\n|-damage|p1a: Gholdengo|89/261\n|\n|t:|1733865069\n|switch|p2a: Delibird|Delibird, F|79/252|[from] Flip Turn\n|\n|-weather|none\n|-heal|p1a: Gholdengo|105/261|[from] item: Leftovers\n|upkeep\n|turn|11\n|\n|t:|1733865073\n|move|p2a: Delibird|Brave Bird|p1a: Gholdengo\n|-damage|p1a: Gholdengo|15/261\n|-damage|p2a: Delibird|49/252|[from] Recoil\n|move|p1a: Gholdengo|Recover|p1a: Gholdengo\n|-heal|p1a: Gholdengo|146/261\n|\n|-heal|p1a: Gholdengo|162/261|[from] item: Leftovers\n|upkeep\n|turn|12\n|\n|t:|1733865089\n|move|p2a: Delibird|Brave Bird|p1a: Gholdengo\n|-damage|p1a: Gholdengo|77/261\n|-damage|p2a: Delibird|21/252|[from] Recoil\n|move|p1a: Gholdengo|Nasty Plot|p1a: Gholdengo\n|-boost|p1a: Gholdengo|spa|2\n|\n|-heal|p1a: Gholdengo|93/261|[from] item: Leftovers\n|upkeep\n|turn|13\n|\n|t:|1733865096\n|-terastallize|p2a: Delibird|Flying\n|move|p2a: Delibird|Brave Bird|p1a: Gholdengo|[miss]\n|-miss|p2a: Delibird|p1a: Gholdengo\n|move|p1a: Gholdengo|Recover|p1a: Gholdengo\n|-heal|p1a: Gholdengo|224/261\n|\n|-heal|p1a: Gholdengo|240/261|[from] item: Leftovers\n|upkeep\n|turn|14\n|\n|t:|1733865104\n|move|p2a: Delibird|Brave Bird|p1a: Gholdengo\n|-damage|p1a: Gholdengo|118/261\n|-damage|p2a: Delibird|0 fnt|[from] Recoil\n|faint|p2a: Delibird\n|move|p1a: Gholdengo|Shadow Ball|p2: Delibird|[notarget]\n|-fail|p1a: Gholdengo\n|\n|-heal|p1a: Gholdengo|134/261|[from] item: Leftovers\n|-sideend|p1: Chernobyl\u00d710|move: Aurora Veil\n|upkeep\n|\n|t:|1733865118\n|switch|p2a: Kingambit|Kingambit, L74, M|270/270\n|-activate|p2a: Kingambit|ability: Supreme Overlord\n|-start|p2a: Kingambit|fallen2|[silent]\n|turn|15\n|\n|t:|1733865130\n|move|p1a: Gholdengo|Recover|p1a: Gholdengo\n|-heal|p1a: Gholdengo|261/261\n|move|p2a: Kingambit|Kowtow Cleave|p1a: Gholdengo\n|-damage|p1a: Gholdengo|141/261\n|\n|-heal|p1a: Gholdengo|157/261|[from] item: Leftovers\n|upkeep\n|turn|16\n|\n|t:|1733865134\n|move|p1a: Gholdengo|Nasty Plot|p1a: Gholdengo\n|-boost|p1a: Gholdengo|spa|2\n|move|p2a: Kingambit|Swords Dance|p2a: Kingambit\n|-boost|p2a: Kingambit|atk|2\n|\n|-heal|p1a: Gholdengo|173/261|[from] item: Leftovers\n|upkeep\n|turn|17\n|\n|t:|1733865138\n|move|p1a: Gholdengo|Recover|p1a: Gholdengo\n|-heal|p1a: Gholdengo|261/261\n|move|p2a: Kingambit|Kowtow Cleave|p1a: Gholdengo\n|-damage|p1a: Gholdengo|53/261\n|\n|-heal|p1a: Gholdengo|69/261|[from] item: Leftovers\n|upkeep\n|turn|18\n|\n|t:|1733865142\n|move|p1a: Gholdengo|Recover|p1a: Gholdengo\n|-heal|p1a: Gholdengo|200/261\n|move|p2a: Kingambit|Kowtow Cleave|p1a: Gholdengo\n|-damage|p1a: Gholdengo|0 fnt\n|faint|p1a: Gholdengo\n|\n|upkeep\n|\n|t:|1733865147\n|switch|p1a: Ninetales|Ninetales-Alola, L78, M|109/242\n|-damage|p1a: Ninetales|69/242|[from] Spikes\n|-weather|Snow|[from] ability: Snow Warning|[of] p1a: Ninetales\n|turn|19\n|\n|t:|1733865151\n|move|p1a: Ninetales|Aurora Veil|p1a: Ninetales\n|-sidestart|p1: Chernobyl\u00d710|move: Aurora Veil\n|move|p2a: Kingambit|Iron Head|p1a: Ninetales\n|-supereffective|p1a: Ninetales\n|-damage|p1a: Ninetales|0 fnt\n|faint|p1a: Ninetales\n|\n|-weather|Snow|[upkeep]\n|upkeep\n|\n|t:|1733865155\n|switch|p1a: Slither Wing|Slither Wing, L81|270/270\n|-damage|p1a: Slither Wing|225/270|[from] Spikes\n|-enditem|p1a: Slither Wing|Booster Energy\n|-activate|p1a: Slither Wing|ability: Protosynthesis|[fromitem]\n|-start|p1a: Slither Wing|protosynthesisatk\n|turn|20\n|\n|t:|1733865168\n|move|p2a: Kingambit|Sucker Punch||[still]\n|-fail|p2a: Kingambit\n|move|p1a: Slither Wing|Bulk Up|p1a: Slither Wing\n|-boost|p1a: Slither Wing|atk|1\n|-boost|p1a: Slither Wing|def|1\n|\n|-weather|Snow|[upkeep]\n|upkeep\n|turn|21\n|\n|t:|1733865177\n|-end|p2a: Kingambit|fallen2|[silent]\n|switch|p2a: Sandaconda|Sandaconda, L84, M|258/258\n|move|p1a: Slither Wing|Bulk Up|p1a: Slither Wing\n|-boost|p1a: Slither Wing|atk|1\n|-boost|p1a: Slither Wing|def|1\n|\n|-weather|Snow|[upkeep]\n|upkeep\n|turn|22\n|\n|t:|1733865182\n|move|p1a: Slither Wing|Close Combat|p2a: Sandaconda\n|-damage|p2a: Sandaconda|0 fnt\n|-unboost|p1a: Slither Wing|def|1\n|-unboost|p1a: Slither Wing|spd|1\n|faint|p2a: Sandaconda\n|\n|-weather|Snow|[upkeep]\n|upkeep\n|-message|akkeshi \u25d5\u203f\u25d5 forfeited.\n|\n|win|Chernobyl\u00d710\n|raw|Chernobyl\u00d710's rating: 2050 &rarr; <strong>2074</strong><br />(+24 for winning)\n|raw|akkeshi \u25d5\u203f\u25d5's rating: 2119 &rarr; <strong>2095</strong><br />(-24 for losing)\n|l|\u2606akkeshi \u25d5\u203f\u25d5\n|player|p2|\n", "inputlog": ">version bfd83cad13791eb5a5a409923076391caf6fb4d4\n>start {\"formatid\":\"gen9randombattle\",\"seed\":[5733,33598,26414,58225],\"rated\":\"Rated battle\"}\n>player p1 {\"name\":\"Chernobyl\u00d710\",\"avatar\":\"steven\",\"rating\":2050,\"seed\":[16723,61758,23777,12164]}\n>player p2 {\"name\":\"akkeshi \u25d5\u203f\u25d5\",\"avatar\":\"erika\",\"rating\":2119,\"seed\":[57147,34751,25304,45315]}\n>p1 move uturn\n>p2 move psychic\n>p1 switch 6\n>p1 move recover\n>p2 switch 5\n>p1 move nastyplot\n>p2 move roar\n>p1 move nastyplot\n>p2 move flipturn\n>p2 switch 6\n>p1 move makeitrain terastallize\n>p2 move earthquake\n>p2 switch 4\n>p1 switch 4\n>p2 move bravebird\n>p1 move auroraveil\n>p2 move spikes\n>p1 move blizzard\n>p2 move spikes\n>p1 move moonblast\n>p2 switch 6\n>p1 switch 4\n>p2 move flipturn\n>p2 switch 6\n>p1 move recover\n>p2 move bravebird\n>p1 move nastyplot\n>p2 move bravebird\n>p1 move recover\n>p2 move bravebird terastallize\n>p1 move shadowball\n>p2 move bravebird\n>p2 switch 3\n>p1 move recover\n>p2 move kowtowcleave\n>p1 move nastyplot\n>p2 move swordsdance\n>p1 move recover\n>p2 move kowtowcleave\n>p1 move recover\n>p2 move kowtowcleave\n>p1 switch 4\n>p1 move auroraveil\n>p2 move ironhead\n>p1 switch 5\n>p1 move bulkup\n>p2 move suckerpunch\n>p1 move bulkup\n>p2 switch 2\n>p1 move closecombat\n>p2 move glare\n>forcelose p2", "uploadtime": 1733865194, "views": 1, "formatid": "gen9randombattle", "rating": 2074, "private": 0, "password": null}