{"id": "gen9randombattle-2260585050", "format": "[Gen 9] Random Battle", "players": ["AltJeremy", "Luximino"], "log": "|j|\u2606AltJeremy\n|j|\u2606Luximino\n|t:|1733866210\n|gametype|singles\n|player|p1|AltJeremy|101|1289\n|player|p2|Luximino|1|1332\n|teamsize|p1|6\n|teamsize|p2|6\n|gen|9\n|tier|[Gen 9] Random Battle\n|rated|\n|rule|Species Clause: Limit one of each Pok\u00e9mon\n|rule|HP Percentage Mod: HP is shown in percentages\n|rule|Sleep Clause Mod: Limit one foe put to sleep\n|rule|Illusion Level Mod: Illusion disguises the Pok\u00e9mon's true level\n|\n|t:|1733866210\n|start\n|switch|p1a: Rotom|Rotom, L88|231/231\n|switch|p2a: Groudon|Groudon, L72|263/263\n|-weather|SunnyDay|[from] ability: Drought|[of] p2a: Groudon\n|turn|1\n|inactive|Battle timer is ON: inactive players will automatically lose when time's up. (requested by AltJeremy)\n|\n|t:|1733866251\n|switch|p2a: Serperior|Serperior, L79, M|248/248\n|move|p1a: Rotom|Will-O-Wisp|p2a: Serperior\n|-status|p2a: Serperior|brn\n|\n|-weather|SunnyDay|[upkeep]\n|-damage|p2a: Serperior|233/248 brn|[from] brn\n|upkeep\n|turn|2\n|\n|t:|1733866267\n|switch|p1a: Kricketune|Kricketune, L99, M|312/312\n|move|p2a: Serperior|Substitute|p2a: Serperior\n|-start|p2a: Serperior|Substitute\n|-damage|p2a: Serperior|171/248 brn\n|\n|-weather|SunnyDay|[upkeep]\n|-heal|p2a: Serperior|186/248 brn|[from] item: Leftovers\n|-damage|p2a: Serperior|171/248 brn|[from] brn\n|upkeep\n|turn|3\n|\n|t:|1733866282\n|move|p2a: Serperior|Leaf Storm|p1a: Kricketune\n|-resisted|p1a: Kricketune\n|-damage|p1a: Kricketune|249/312\n|-boost|p2a: Serperior|spa|2\n|move|p1a: Kricketune|Pounce|p2a: Serperior\n|-supereffective|p2a: Serperior\n|-end|p2a: Serperior|Substitute\n|\n|-weather|SunnyDay|[upkeep]\n|-heal|p2a: Serperior|186/248 brn|[from] item: Leftovers\n|-damage|p2a: Serperior|171/248 brn|[from] brn\n|upkeep\n|turn|4\n|\n|t:|1733866294\n|move|p2a: Serperior|Leaf Storm|p1a: Kricketune\n|-resisted|p1a: Kricketune\n|-damage|p1a: Kricketune|125/312\n|-boost|p2a: Serperior|spa|2\n|move|p1a: Kricketune|Pounce|p2a: Serperior\n|-supereffective|p2a: Serperior\n|-damage|p2a: Serperior|0 fnt\n|faint|p2a: Serperior\n|\n|-weather|SunnyDay|[upkeep]\n|upkeep\n|\n|t:|1733866305\n|switch|p2a: Talonflame|Talonflame, L83, M|265/265\n|turn|5\n|\n|t:|1733866310\n|switch|p1a: Granbull|Granbull, L88, F|302/302\n|-ability|p1a: Granbull|Intimidate|boost\n|-unboost|p2a: Talonflame|atk|1\n|move|p2a: Talonflame|Overheat|p1a: Granbull\n|-damage|p1a: Granbull|101/302\n|-unboost|p2a: Talonflame|spa|2\n|\n|-weather|none\n|-heal|p1a: Granbull|119/302|[from] item: Leftovers\n|upkeep\n|turn|6\n|\n|t:|1733866322\n|move|p2a: Talonflame|U-turn|p1a: Granbull\n|-resisted|p1a: Granbull\n|-damage|p1a: Granbull|105/302\n|\n|t:|1733866328\n|switch|p2a: Glastrier|Glastrier, L86|312/312|[from] U-turn\n|move|p1a: Granbull|Thunder Wave|p2a: Glastrier|[miss]\n|-miss|p1a: Granbull|p2a: Glastrier\n|\n|-heal|p1a: Granbull|123/302|[from] item: Leftovers\n|upkeep\n|turn|7\n|\n|t:|1733866337\n|switch|p1a: Rotom|Rotom, L88|231/231\n|move|p2a: Glastrier|Heavy Slam|p1a: Rotom\n|-resisted|p1a: Rotom\n|-damage|p1a: Rotom|166/231\n|\n|upkeep\n|turn|8\n|\n|t:|1733866353\n|move|p1a: Rotom|Will-O-Wisp|p2a: Glastrier\n|-status|p2a: Glastrier|brn\n|move|p2a: Glastrier|Icicle Crash|p1a: Rotom\n|-damage|p1a: Rotom|96/231\n|\n|-damage|p2a: Glastrier|293/312 brn|[from] brn\n|upkeep\n|turn|9\n|\n|t:|1733866364\n|move|p1a: Rotom|Thunderbolt|p2a: Glastrier\n|-damage|p2a: Glastrier|190/312 brn\n|-damage|p1a: Rotom|73/231|[from] item: Life Orb\n|move|p2a: Glastrier|Swords Dance|p2a: Glastrier\n|-boost|p2a: Glastrier|atk|2\n|\n|-damage|p2a: Glastrier|171/312 brn|[from] brn\n|upkeep\n|turn|10\n|\n|t:|1733866373\n|switch|p1a: Granbull|Granbull, L88, F|123/302\n|-ability|p1a: Granbull|Intimidate|boost\n|-unboost|p2a: Glastrier|atk|1\n|move|p2a: Glastrier|Icicle Crash|p1a: Granbull\n|-damage|p1a: Granbull|17/302\n|\n|-heal|p1a: Granbull|35/302|[from] item: Leftovers\n|-damage|p2a: Glastrier|152/312 brn|[from] brn\n|upkeep\n|turn|11\n|\n|t:|1733866388\n|move|p1a: Granbull|Play Rough|p2a: Glastrier\n|-damage|p2a: Glastrier|64/312 brn\n|move|p2a: Glastrier|Heavy Slam|p1a: Granbull\n|-supereffective|p1a: Granbull\n|-crit|p1a: Granbull\n|-damage|p1a: Granbull|0 fnt\n|faint|p1a: Granbull\n|-ability|p2a: Glastrier|Chilling Neigh|boost\n|-boost|p2a: Glastrier|atk|1\n|\n|-damage|p2a: Glastrier|45/312 brn|[from] brn\n|upkeep\n|\n|t:|1733866407\n|switch|p1a: Rotom|Rotom, L88|73/231\n|turn|12\n|\n|t:|1733866411\n|move|p1a: Rotom|Thunderbolt|p2a: Glastrier\n|-damage|p2a: Glastrier|0 fnt\n|faint|p2a: Glastrier\n|-damage|p1a: Rotom|50/231|[from] item: Life Orb\n|\n|upkeep\n|\n|t:|1733866420\n|switch|p2a: Talonflame|Talonflame, L83, M|265/265\n|turn|13\n|\n|t:|1733866428\n|move|p2a: Talonflame|U-turn|p1a: Rotom\n|-resisted|p1a: Rotom\n|-damage|p1a: Rotom|28/231\n|\n|t:|1733866436\n|switch|p2a: Groudon|Groudon, L72|263/263|[from] U-turn\n|-weather|SunnyDay|[from] ability: Drought|[of] p2a: Groudon\n|move|p1a: Rotom|Thunderbolt|p2a: Groudon\n|-immune|p2a: Groudon\n|\n|-weather|SunnyDay|[upkeep]\n|upkeep\n|turn|14\n|\n|t:|1733866446\n|switch|p2a: Flapple|Flapple, L88, F|266/266\n|move|p1a: Rotom|Thunderbolt|p2a: Flapple\n|-resisted|p2a: Flapple\n|-damage|p2a: Flapple|222/266\n|-damage|p1a: Rotom|5/231|[from] item: Life Orb\n|\n|-weather|SunnyDay|[upkeep]\n|upkeep\n|turn|15\n|\n|t:|1733866459\n|switch|p2a: Talonflame|Talonflame, L83, M|265/265\n|move|p1a: Rotom|Will-O-Wisp|p2a: Talonflame\n|-immune|p2a: Talonflame\n|\n|-weather|SunnyDay|[upkeep]\n|upkeep\n|turn|16\n|\n|t:|1733866467\n|move|p2a: Talonflame|U-turn|p1a: Rotom\n|-resisted|p1a: Rotom\n|-damage|p1a: Rotom|0 fnt\n|faint|p1a: Rotom\n|\n|t:|1733866472\n|switch|p2a: Deoxys|Deoxys, L74|196/196|[from] U-turn\n|-ability|p2a: Deoxys|Pressure\n|\n|-weather|SunnyDay|[upkeep]\n|upkeep\n|\n|t:|1733866479\n|switch|p1a: Overqwil|Overqwil, L82, M|274/274\n|-ability|p1a: Overqwil|Intimidate|boost\n|-unboost|p2a: Deoxys|atk|1\n|turn|17\n|\n|t:|1733866487\n|switch|p2a: Flapple|Flapple, L88, F|222/266\n|move|p1a: Overqwil|Crunch|p2a: Flapple\n|-damage|p2a: Flapple|101/266\n|-damage|p1a: Overqwil|247/274|[from] item: Life Orb\n|\n|-weather|none\n|upkeep\n|turn|18\n|\n|t:|1733866506\n|move|p1a: Overqwil|Crunch|p2a: Flapple\n|-damage|p2a: Flapple|0 fnt\n|faint|p2a: Flapple\n|-damage|p1a: Overqwil|220/274|[from] item: Life Orb\n|\n|upkeep\n|\n|t:|1733866511\n|switch|p2a: Groudon|Groudon, L72|263/263\n|-weather|SunnyDay|[from] ability: Drought|[of] p2a: Groudon\n|turn|19\n|\n|t:|1733866529\n|switch|p1a: Kricketune|Kricketune, L99, M|125/312\n|move|p2a: Groudon|Swords Dance|p2a: Groudon\n|-boost|p2a: Groudon|atk|2\n|\n|-weather|SunnyDay|[upkeep]\n|upkeep\n|turn|20\n|\n|t:|1733866541\n|move|p1a: Kricketune|Sticky Web|p2a: Groudon\n|-sidestart|p2: Luximino|move: Sticky Web\n|move|p2a: Groudon|Heat Crash|p1a: Kricketune\n|-supereffective|p1a: Kricketune\n|-damage|p1a: Kricketune|0 fnt\n|faint|p1a: Kricketune\n|\n|-weather|SunnyDay|[upkeep]\n|upkeep\n|\n|t:|1733866550\n|switch|p1a: Overqwil|Overqwil, L82, M|220/274\n|-ability|p1a: Overqwil|Intimidate|boost\n|-unboost|p2a: Groudon|atk|1\n|turn|21\n|\n|t:|1733866558\n|-terastallize|p1a: Overqwil|Water\n|move|p1a: Overqwil|Swords Dance|p1a: Overqwil\n|-boost|p1a: Overqwil|atk|2\n|move|p2a: Groudon|Precipice Blades|p1a: Overqwil\n|-damage|p1a: Overqwil|16/274\n|\n|-weather|SunnyDay|[upkeep]\n|upkeep\n|turn|22\n|\n|t:|1733866568\n|switch|p2a: Deoxys|Deoxys, L74|196/196\n|-activate|p2a: Deoxys|move: Sticky Web\n|-unboost|p2a: Deoxys|spe|1\n|-ability|p2a: Deoxys|Pressure\n|move|p1a: Overqwil|Liquidation|p2a: Deoxys\n|-damage|p2a: Deoxys|0 fnt\n|faint|p2a: Deoxys\n|-damage|p1a: Overqwil|0 fnt|[from] item: Life Orb\n|faint|p1a: Overqwil\n|\n|-weather|SunnyDay|[upkeep]\n|upkeep\n|\n|t:|1733866583\n|switch|p2a: Talonflame|Talonflame, L83, M|265/265\n|switch|p1a: Mienshao|Mienshao, L83, F|243/243\n|turn|23\n|\n|t:|1733866594\n|move|p2a: Talonflame|Overheat|p1a: Mienshao\n|-damage|p1a: Mienshao|15/243\n|-unboost|p2a: Talonflame|spa|2\n|move|p1a: Mienshao|Knock Off|p2a: Talonflame\n|-damage|p2a: Talonflame|126/265\n|-enditem|p2a: Talonflame|Heavy-Duty Boots|[from] move: Knock Off|[of] p1a: Mienshao\n|\n|-weather|none\n|upkeep\n|turn|24\n|\n|t:|1733866603\n|switch|p1a: Iron Treads|Iron Treads, L77|265/265\n|move|p2a: Talonflame|U-turn|p1a: Iron Treads\n|-resisted|p1a: Iron Treads\n|-crit|p1a: Iron Treads\n|-damage|p1a: Iron Treads|235/265\n|\n|t:|1733866609\n|switch|p2a: Groudon|Groudon, L72|263/263|[from] U-turn\n|-activate|p2a: Groudon|move: Sticky Web\n|-unboost|p2a: Groudon|spe|1\n|-weather|SunnyDay|[from] ability: Drought|[of] p2a: Groudon\n|\n|-weather|SunnyDay|[upkeep]\n|upkeep\n|turn|25\n|\n|t:|1733866620\n|move|p1a: Iron Treads|Iron Head|p2a: Groudon\n|-damage|p2a: Groudon|202/263\n|move|p2a: Groudon|Precipice Blades|p1a: Iron Treads\n|-supereffective|p1a: Iron Treads\n|-damage|p1a: Iron Treads|23/265\n|\n|-weather|SunnyDay|[upkeep]\n|-heal|p2a: Groudon|218/263|[from] item: Leftovers\n|upkeep\n|turn|26\n|\n|t:|1733866630\n|move|p1a: Iron Treads|Earthquake|p2a: Groudon\n|-damage|p2a: Groudon|140/263\n|move|p2a: Groudon|Heat Crash|p1a: Iron Treads\n|-supereffective|p1a: Iron Treads\n|-damage|p1a: Iron Treads|0 fnt\n|faint|p1a: Iron Treads\n|-end|p1a: Iron Treads|Quark Drive|[silent]\n|\n|-weather|SunnyDay|[upkeep]\n|-heal|p2a: Groudon|156/263|[from] item: Leftovers\n|upkeep\n|\n|t:|1733866641\n|switch|p1a: Mienshao|Mienshao, L83, F|15/243\n|turn|27\n|\n|t:|1733866646\n|move|p1a: Mienshao|High Jump Kick|p2a: Groudon\n|-damage|p2a: Groudon|0 fnt\n|faint|p2a: Groudon\n|\n|-weather|SunnyDay|[upkeep]\n|upkeep\n|\n|t:|1733866651\n|switch|p2a: Talonflame|Talonflame, L83, M|126/265\n|turn|28\n|\n|t:|1733866654\n|move|p2a: Talonflame|Brave Bird|p1a: Mienshao\n|-supereffective|p1a: Mienshao\n|-damage|p1a: Mienshao|0 fnt\n|faint|p1a: Mienshao\n|-damage|p2a: Talonflame|121/265|[from] Recoil\n|\n|win|Luximino\n|raw|AltJeremy's rating: 1289 &rarr; <strong>1267</strong><br />(-22 for losing)\n|raw|Luximino's rating: 1332 &rarr; <strong>1350</strong><br />(+18 for winning)\n|l|\u2606AltJeremy\n|player|p1|\n", "inputlog": ">version bfd83cad13791eb5a5a409923076391caf6fb4d4\n>start {\"formatid\":\"gen9randombattle\",\"seed\":[49368,46077,59091,59664],\"rated\":\"Rated battle\"}\n>player p1 {\"name\":\"AltJeremy\",\"avatar\":\"101\",\"rating\":1289,\"seed\":[37132,63158,4390,63432]}\n>player p2 {\"name\":\"Luximino\",\"avatar\":\"1\",\"rating\":1332,\"seed\":[45465,32888,19671,42095]}\n>p1 move willowisp\n>p2 switch 2\n>p1 switch 4\n>p2 move substitute\n>p1 move pounce\n>p2 move leafstorm\n>p1 move pounce\n>p2 move leafstorm\n>p2 switch 6\n>p1 switch 6\n>p2 move overheat\n>p1 move thunderwave\n>p2 move uturn\n>p2 switch 4\n>p1 switch 4\n>p2 move heavyslam\n>p1 move willowisp\n>p2 move iciclecrash\n>p1 move thunderbolt\n>p2 move swordsdance\n>p1 switch 4\n>p2 move iciclecrash\n>p1 move playrough\n>p2 move heavyslam\n>p1 switch 4\n>p1 move thunderbolt\n>p2 move heavyslam\n>p2 switch 4\n>p1 move thunderbolt\n>p2 move uturn\n>p2 switch 2\n>p1 move thunderbolt\n>p2 switch 3\n>p1 move willowisp\n>p2 switch 2\n>p1 move thunderbolt\n>p2 move uturn\n>p2 switch 5\n>p1 switch 2\n>p1 move crunch\n>p2 switch 2\n>p1 move crunch\n>p2 move gravapple\n>p2 switch 3\n>p1 switch 6\n>p2 move swordsdance\n>p1 move stickyweb\n>p2 move heatcrash\n>p1 switch 6\n>p1 move swordsdance terastallize\n>p2 move precipiceblades\n>p1 move liquidation\n>p2 switch 2\n>p1 switch 5\n>p2 switch 5\n>p1 move knockoff\n>p2 move overheat\n>p1 switch 3\n>p2 move uturn\n>p2 switch 2\n>p1 move ironhead\n>p2 move precipiceblades\n>p1 move earthquake\n>p2 move heatcrash\n>p1 switch 3\n>p1 move highjumpkick\n>p2 move heatcrash\n>p2 switch 2\n>p1 move highjumpkick\n>p2 move bravebird", "uploadtime": 1733866752, "views": 1, "formatid": "gen9randombattle", "rating": 1267, "private": 0, "password": null}