{"id": "gen9randombattle-2260837287", "format": "[Gen 9] Random Battle", "players": ["arbokwins", "Dhdjhdvrdhhddje"], "log": "|j|\u2606arbokwins\n|j|\u2606Dhdjhdvrdhhddje\n|t:|1733901379\n|gametype|singles\n|player|p1|arbokwins|265|1040\n|player|p2|Dhdjhdvrdhhddje|170|1000\n|teamsize|p1|6\n|teamsize|p2|6\n|gen|9\n|tier|[Gen 9] Random Battle\n|rated|\n|rule|Species Clause: Limit one of each Pok\u00e9mon\n|rule|HP Percentage Mod: HP is shown in percentages\n|rule|Sleep Clause Mod: Limit one foe put to sleep\n|rule|Illusion Level Mod: Illusion disguises the Pok\u00e9mon's true level\n|\n|t:|1733901379\n|start\n|switch|p1a: Hitmonchan|Hitmonchan, L87, M|229/229\n|switch|p2a: Cinderace|Cinderace, L77, M|249/249\n|turn|1\n|\n|t:|1733901390\n|move|p2a: Cinderace|U-turn|p1a: Hitmonchan\n|-start|p2a: Cinderace|typechange|Bug|[from] ability: Libero\n|-resisted|p1a: Hitmonchan\n|-damage|p1a: Hitmonchan|191/229\n|\n|t:|1733901393\n|switch|p2a: Vaporeon|Vaporeon, L86, F|364/364|[from] U-turn\n|move|p1a: Hitmonchan|Bulk Up|p1a: Hitmonchan\n|-boost|p1a: Hitmonchan|atk|1\n|-boost|p1a: Hitmonchan|def|1\n|\n|-heal|p1a: Hitmonchan|205/229|[from] item: Leftovers\n|upkeep\n|turn|2\n|\n|t:|1733901400\n|move|p1a: Hitmonchan|Knock Off|p2a: Vaporeon\n|-damage|p2a: Vaporeon|207/364\n|-enditem|p2a: Vaporeon|Leftovers|[from] move: Knock Off|[of] p1a: Hitmonchan\n|move|p2a: Vaporeon|Scald|p1a: Hitmonchan\n|-damage|p1a: Hitmonchan|130/229\n|-status|p1a: Hitmonchan|brn\n|\n|-heal|p1a: Hitmonchan|144/229 brn|[from] item: Leftovers\n|-damage|p1a: Hitmonchan|130/229 brn|[from] brn\n|upkeep\n|turn|3\n|\n|t:|1733901407\n|switch|p1a: Miraidon|Miraidon, L65|238/238\n|-fieldstart|move: Electric Terrain|[from] ability: Hadron Engine|[of] p1a: Miraidon\n|move|p2a: Vaporeon|Flip Turn|p1a: Miraidon\n|-resisted|p1a: Miraidon\n|-damage|p1a: Miraidon|208/238\n|\n|t:|1733901410\n|switch|p2a: Minun|Minun, L95, M|268/268|[from] Flip Turn\n|\n|-heal|p1a: Miraidon|222/238|[from] item: Leftovers\n|upkeep\n|turn|4\n|\n|t:|1733901418\n|move|p2a: Minun|Nasty Plot|p2a: Minun\n|-boost|p2a: Minun|spa|2\n|move|p1a: Miraidon|Substitute|p1a: Miraidon\n|-start|p1a: Miraidon|Substitute\n|-damage|p1a: Miraidon|163/238\n|\n|-heal|p1a: Miraidon|177/238|[from] item: Leftovers\n|upkeep\n|turn|5\n|\n|t:|1733901422\n|move|p2a: Minun|Alluring Voice|p1a: Miraidon\n|-supereffective|p1a: Miraidon\n|-damage|p1a: Miraidon|0 fnt\n|faint|p1a: Miraidon\n|-damage|p2a: Minun|242/268|[from] item: Life Orb\n|\n|upkeep\n|\n|t:|1733901448\n|switch|p1a: Typhlosion|Typhlosion, L84, M|267/267\n|turn|6\n|\n|t:|1733901459\n|-terastallize|p1a: Typhlosion|Fire\n|move|p1a: Typhlosion|Eruption|p2a: Minun\n|-damage|p2a: Minun|14/268\n|move|p2a: Minun|Thunderbolt|p1a: Typhlosion\n|-crit|p1a: Typhlosion\n|-damage|p1a: Typhlosion|0 fnt\n|faint|p1a: Typhlosion\n|-damage|p2a: Minun|0 fnt|[from] item: Life Orb\n|faint|p2a: Minun\n|\n|upkeep\n|\n|t:|1733901470\n|switch|p2a: Cinderace|Cinderace, L77, M|249/249\n|switch|p1a: Zekrom|Zekrom, L71|259/259\n|-ability|p1a: Zekrom|Teravolt\n|turn|7\n|\n|t:|1733901481\n|-terastallize|p2a: Cinderace|Fighting\n|move|p2a: Cinderace|High Jump Kick|p1a: Zekrom\n|-damage|p1a: Zekrom|147/259\n|move|p1a: Zekrom|Substitute|p1a: Zekrom\n|-start|p1a: Zekrom|Substitute\n|-damage|p1a: Zekrom|83/259\n|\n|-heal|p1a: Zekrom|99/259|[from] item: Leftovers\n|-fieldend|move: Electric Terrain\n|upkeep\n|turn|8\n|\n|t:|1733901491\n|move|p2a: Cinderace|High Jump Kick|p1a: Zekrom\n|-end|p1a: Zekrom|Substitute\n|move|p1a: Zekrom|Dragon Dance|p1a: Zekrom\n|-boost|p1a: Zekrom|atk|1\n|-boost|p1a: Zekrom|spe|1\n|\n|-heal|p1a: Zekrom|115/259|[from] item: Leftovers\n|upkeep\n|turn|9\n|\n|t:|1733901501\n|move|p1a: Zekrom|Bolt Strike|p2a: Cinderace\n|-damage|p2a: Cinderace|6/249\n|move|p2a: Cinderace|High Jump Kick|p1a: Zekrom\n|-damage|p1a: Zekrom|0 fnt\n|faint|p1a: Zekrom\n|\n|upkeep\n|\n|t:|1733901511\n|switch|p1a: Polteageist|Polteageist, L79|224/224\n|turn|10\n|\n|t:|1733901514\n|move|p2a: Cinderace|U-turn|p1a: Polteageist\n|-resisted|p1a: Polteageist\n|-damage|p1a: Polteageist|191/224\n|\n|t:|1733901519\n|switch|p2a: Lilligant|Lilligant, L86, F|261/261|[from] U-turn\n|move|p1a: Polteageist|Shell Smash|p1a: Polteageist\n|-unboost|p1a: Polteageist|def|1\n|-unboost|p1a: Polteageist|spd|1\n|-boost|p1a: Polteageist|atk|2\n|-boost|p1a: Polteageist|spa|2\n|-boost|p1a: Polteageist|spe|2\n|-enditem|p1a: Polteageist|White Herb\n|-clearnegativeboost|p1a: Polteageist|[silent]\n|\n|upkeep\n|turn|11\n|\n|t:|1733901534\n|move|p1a: Polteageist|Shadow Ball|p2a: Lilligant\n|-damage|p2a: Lilligant|50/261\n|move|p2a: Lilligant|Sleep Powder|p1a: Polteageist\n|-status|p1a: Polteageist|slp|[from] move: Sleep Powder\n|\n|upkeep\n|turn|12\n|\n|t:|1733901540\n|switch|p2a: Dialga|Dialga-Origin, L73|266/266\n|-ability|p2a: Dialga|Pressure\n|cant|p1a: Polteageist|slp\n|\n|upkeep\n|turn|13\n|\n|t:|1733901546\n|cant|p1a: Polteageist|slp\n|move|p2a: Dialga|Draco Meteor|p1a: Polteageist\n|-damage|p1a: Polteageist|47/224 slp\n|-unboost|p2a: Dialga|spa|2\n|\n|upkeep\n|turn|14\n|\n|t:|1733901553\n|cant|p1a: Polteageist|slp\n|move|p2a: Dialga|Heavy Slam|p1a: Polteageist\n|-damage|p1a: Polteageist|0 fnt\n|faint|p1a: Polteageist\n|\n|upkeep\n|-message|arbokwins forfeited.\n|\n|win|Dhdjhdvrdhhddje\n|raw|arbokwins's rating: 1040 &rarr; <strong>1022</strong><br />(-18 for losing)\n|raw|Dhdjhdvrdhhddje's rating: 1000 &rarr; <strong>1045</strong><br />(+45 for winning)\n|l|\u2606arbokwins\n|player|p1|\n", "inputlog": ">version bfd83cad13791eb5a5a409923076391caf6fb4d4\n>start {\"formatid\":\"gen9randombattle\",\"seed\":[10853,11667,39000,34389],\"rated\":\"Rated battle\"}\n>player p1 {\"name\":\"arbokwins\",\"avatar\":\"265\",\"rating\":1040,\"seed\":[15471,52528,31885,61250]}\n>player p2 {\"name\":\"Dhdjhdvrdhhddje\",\"avatar\":\"170\",\"rating\":1000,\"seed\":[39672,27463,29204,6765]}\n>p1 move bulkup\n>p2 move uturn\n>p2 switch 4\n>p1 move knockoff\n>p2 move scald\n>p1 switch 2\n>p2 move flipturn\n>p2 switch 2\n>p1 move substitute\n>p2 move nastyplot\n>p1 move calmmind\n>p2 move alluringvoice\n>p1 switch 6\n>p1 move eruption terastallize\n>p2 move thunderbolt\n>p1 switch 5\n>p2 switch 4\n>p1 move substitute\n>p2 move highjumpkick terastallize\n>p1 move dragondance\n>p2 move highjumpkick\n>p1 move boltstrike\n>p2 move highjumpkick\n>p1 switch 3\n>p1 move shellsmash\n>p2 move uturn\n>p2 switch 6\n>p1 move shadowball\n>p2 move sleeppowder\n>p1 move shellsmash\n>p2 switch 3\n>p1 move shellsmash\n>p2 move dracometeor\n>p1 move strengthsap\n>p2 move heavyslam\n>forcelose p1", "uploadtime": 1733901605, "views": 1, "formatid": "gen9randombattle", "rating": 1022, "private": 0, "password": null}