{"id": "gen9randombattle-2216945360", "format": "[Gen 9] Random Battle", "players": ["Vitoran", "RL4T SirSquishi"], "log": "|j|\u2606Vitoran\n|j|\u2606RL4T SirSquishi\n|t:|1728195106\n|gametype|singles\n|player|p1|Vitoran|nemona-v|2245\n|player|p2|RL4T SirSquishi|pokekid|2218\n|teamsize|p1|6\n|teamsize|p2|6\n|gen|9\n|tier|[Gen 9] Random Battle\n|rated|\n|rule|Species Clause: Limit one of each Pok\u00e9mon\n|rule|HP Percentage Mod: HP is shown in percentages\n|rule|Sleep Clause Mod: Limit one foe put to sleep\n|rule|Illusion Level Mod: Illusion disguises the Pok\u00e9mon's true level\n|\n|t:|1728195106\n|start\n|switch|p1a: Oricorio|Oricorio-Pa'u, L87, M|272/272\n|switch|p2a: Conkeldurr|Conkeldurr, L80, F|299/299\n|turn|1\n|inactive|Battle timer is ON: inactive players will automatically lose when time's up. (requested by Vitoran)\n|c|\u2606Vitoran|glhf\n|\n|t:|1728195135\n|switch|p1a: Ariados|Ariados, L95, M|287/287\n|move|p2a: Conkeldurr|Knock Off|p1a: Ariados\n|-damage|p1a: Ariados|199/287\n|-enditem|p1a: Ariados|Heavy-Duty Boots|[from] move: Knock Off|[of] p2a: Conkeldurr\n|\n|-status|p2a: Conkeldurr|brn|[from] item: Flame Orb\n|upkeep\n|turn|2\n|\n|t:|1728195141\n|move|p1a: Ariados|Sticky Web|p2a: Conkeldurr\n|-sidestart|p2: RL4T SirSquishi|move: Sticky Web\n|move|p2a: Conkeldurr|Facade|p1a: Ariados\n|-damage|p1a: Ariados|6/287\n|\n|-damage|p2a: Conkeldurr|281/299 brn|[from] brn\n|upkeep\n|turn|3\n|\n|t:|1728195148\n|move|p1a: Ariados|Sucker Punch|p2a: Conkeldurr\n|-resisted|p2a: Conkeldurr\n|-crit|p2a: Conkeldurr\n|-damage|p2a: Conkeldurr|238/299 brn\n|move|p2a: Conkeldurr|Mach Punch|p1a: Ariados\n|-resisted|p1a: Ariados\n|-damage|p1a: Ariados|0 fnt\n|faint|p1a: Ariados\n|\n|-damage|p2a: Conkeldurr|220/299 brn|[from] brn\n|upkeep\n|\n|t:|1728195151\n|switch|p1a: Oricorio|Oricorio-Pa'u, L87, M|272/272\n|turn|4\n|\n|t:|1728195168\n|-terastallize|p2a: Conkeldurr|Normal\n|move|p1a: Oricorio|Revelation Dance|p2a: Conkeldurr\n|-damage|p2a: Conkeldurr|96/299 brn\n|move|p2a: Conkeldurr|Knock Off|p1a: Oricorio\n|-supereffective|p1a: Oricorio\n|-damage|p1a: Oricorio|0 fnt\n|-enditem|p1a: Oricorio|Heavy-Duty Boots|[from] move: Knock Off|[of] p2a: Conkeldurr\n|faint|p1a: Oricorio\n|\n|-damage|p2a: Conkeldurr|78/299 brn|[from] brn\n|upkeep\n|\n|t:|1728195178\n|switch|p1a: Munkidori|Munkidori, L79, M|269/269\n|turn|5\n|\n|t:|1728195189\n|switch|p2a: Bastiodon|Bastiodon, L89, F|252/252\n|-activate|p2a: Bastiodon|move: Sticky Web\n|-unboost|p2a: Bastiodon|spe|1\n|move|p1a: Munkidori|Sludge Wave|p2a: Bastiodon\n|-immune|p2a: Bastiodon\n|\n|upkeep\n|turn|6\n|\n|t:|1728195204\n|move|p1a: Munkidori|U-turn|p2a: Bastiodon\n|-resisted|p2a: Bastiodon\n|-damage|p2a: Bastiodon|241/252\n|\n|t:|1728195208\n|switch|p1a: Phione|Phione, L91|293/293|[from] U-turn\n|move|p2a: Bastiodon|Iron Defense|p2a: Bastiodon\n|-boost|p2a: Bastiodon|def|2\n|\n|upkeep\n|turn|7\n|\n|t:|1728195217\n|move|p1a: Phione|Take Heart|p1a: Phione\n|-boost|p1a: Phione|spa|1\n|-boost|p1a: Phione|spd|1\n|move|p2a: Bastiodon|Body Press|p1a: Phione\n|-damage|p1a: Phione|101/293\n|\n|-heal|p1a: Phione|119/293|[from] item: Leftovers\n|upkeep\n|turn|8\n|\n|t:|1728195220\n|move|p1a: Phione|Scald|p2a: Bastiodon\n|-supereffective|p2a: Bastiodon\n|-damage|p2a: Bastiodon|73/252\n|-status|p2a: Bastiodon|brn\n|move|p2a: Bastiodon|Body Press|p1a: Phione\n|-damage|p1a: Phione|21/293\n|\n|-heal|p1a: Phione|39/293|[from] item: Leftovers\n|-damage|p2a: Bastiodon|58/252 brn|[from] brn\n|upkeep\n|turn|9\n|\n|t:|1728195223\n|move|p1a: Phione|Scald|p2a: Bastiodon\n|-supereffective|p2a: Bastiodon\n|-damage|p2a: Bastiodon|0 fnt\n|faint|p2a: Bastiodon\n|\n|-heal|p1a: Phione|57/293|[from] item: Leftovers\n|upkeep\n|\n|t:|1728195229\n|switch|p2a: Ribombee|Ribombee, L82, M|233/233\n|turn|10\n|\n|t:|1728195235\n|move|p2a: Ribombee|Quiver Dance|p2a: Ribombee\n|-boost|p2a: Ribombee|spa|1\n|-boost|p2a: Ribombee|spd|1\n|-boost|p2a: Ribombee|spe|1\n|move|p1a: Phione|Scald|p2a: Ribombee\n|-damage|p2a: Ribombee|130/233\n|\n|-heal|p1a: Phione|75/293|[from] item: Leftovers\n|upkeep\n|turn|11\n|\n|t:|1728195243\n|move|p2a: Ribombee|Moonblast|p1a: Phione\n|-damage|p1a: Phione|0 fnt\n|faint|p1a: Phione\n|\n|upkeep\n|\n|t:|1728195254\n|switch|p1a: Heatran|Heatran, L79, F|273/273\n|-item|p1a: Heatran|Air Balloon\n|turn|12\n|\n|t:|1728195262\n|move|p2a: Ribombee|Moonblast|p1a: Heatran\n|-resisted|p1a: Heatran\n|-damage|p1a: Heatran|239/273\n|-enditem|p1a: Heatran|Air Balloon\n|move|p1a: Heatran|Heavy Slam|p2a: Ribombee\n|-supereffective|p2a: Ribombee\n|-damage|p2a: Ribombee|0 fnt\n|faint|p2a: Ribombee\n|\n|upkeep\n|\n|t:|1728195278\n|switch|p2a: Primarina|Primarina, L83, M|268/268\n|-activate|p2a: Primarina|move: Sticky Web\n|-unboost|p2a: Primarina|spe|1\n|turn|13\n|\n|t:|1728195286\n|move|p1a: Heatran|Stealth Rock|p2a: Primarina\n|-sidestart|p2: RL4T SirSquishi|move: Stealth Rock\n|move|p2a: Primarina|Calm Mind|p2a: Primarina\n|-boost|p2a: Primarina|spa|1\n|-boost|p2a: Primarina|spd|1\n|\n|upkeep\n|turn|14\n|\n|t:|1728195294\n|move|p1a: Heatran|Heavy Slam|p2a: Primarina\n|-damage|p2a: Primarina|154/268\n|move|p2a: Primarina|Calm Mind|p2a: Primarina\n|-boost|p2a: Primarina|spa|1\n|-boost|p2a: Primarina|spd|1\n|\n|-heal|p2a: Primarina|170/268|[from] item: Leftovers\n|upkeep\n|turn|15\n|inactive|RL4T SirSquishi has 120 seconds left.\n|\n|t:|1728195326\n|move|p1a: Heatran|Heavy Slam|p2a: Primarina\n|-damage|p2a: Primarina|40/268\n|move|p2a: Primarina|Psychic Noise|p1a: Heatran\n|-supereffective|p1a: Heatran\n|-damage|p1a: Heatran|0 fnt\n|faint|p1a: Heatran\n|\n|-heal|p2a: Primarina|56/268|[from] item: Leftovers\n|upkeep\n|\n|t:|1728195329\n|switch|p1a: Munkidori|Munkidori, L79, M|269/269\n|turn|16\n|inactive|RL4T SirSquishi has 120 seconds left.\n|\n|t:|1728195361\n|move|p1a: Munkidori|Sludge Wave|p2a: Primarina\n|-supereffective|p2a: Primarina\n|-damage|p2a: Primarina|0 fnt\n|faint|p2a: Primarina\n|\n|upkeep\n|\n|t:|1728195374\n|switch|p2a: Oranguru|Oranguru, L92, M|315/315\n|-activate|p2a: Oranguru|move: Sticky Web\n|-unboost|p2a: Oranguru|spe|1\n|-damage|p2a: Oranguru|276/315|[from] Stealth Rock\n|turn|17\n|inactive|Vitoran has 120 seconds left.\n|\n|t:|1728195423\n|move|p1a: Munkidori|U-turn|p2a: Oranguru\n|-supereffective|p2a: Oranguru\n|-damage|p2a: Oranguru|202/315\n|\n|t:|1728195426\n|switch|p1a: Sandslash|Sandslash-Alola, L88, F|275/275|[from] U-turn\n|move|p2a: Oranguru|Psyshock|p1a: Sandslash\n|-resisted|p1a: Sandslash\n|-damage|p1a: Sandslash|228/275\n|-damage|p2a: Oranguru|171/315|[from] item: Life Orb\n|\n|-heal|p1a: Sandslash|245/275|[from] item: Leftovers\n|upkeep\n|turn|18\n|\n|t:|1728195434\n|switch|p1a: Munkidori|Munkidori, L79, M|269/269\n|move|p2a: Oranguru|Focus Blast|p1a: Munkidori|[miss]\n|-miss|p2a: Oranguru|p1a: Munkidori\n|\n|upkeep\n|turn|19\n|inactive|Vitoran has 120 seconds left.\n|\n|t:|1728195439\n|move|p1a: Munkidori|Fake Out|p2a: Oranguru\n|-damage|p2a: Oranguru|148/315\n|move|p2a: Oranguru|Psyshock|p1a: Munkidori\n|-damage|p1a: Munkidori|101/269\n|-damage|p2a: Oranguru|117/315|[from] item: Life Orb\n|\n|upkeep\n|turn|20\n|c|\u2606Vitoran|oh fuck\n|inactive|Vitoran has 120 seconds left.\n|\n|t:|1728195455\n|move|p1a: Munkidori|Sludge Wave|p2a: Oranguru\n|-damage|p2a: Oranguru|23/315\n|-status|p2a: Oranguru|tox|[from] ability: Toxic Chain|[of] p1a: Munkidori\n|move|p2a: Oranguru|Psyshock|p1a: Munkidori\n|-damage|p1a: Munkidori|0 fnt\n|faint|p1a: Munkidori\n|-damage|p2a: Oranguru|0 fnt|[from] item: Life Orb\n|faint|p2a: Oranguru\n|\n|upkeep\n|\n|t:|1728195465\n|switch|p1a: Sandslash|Sandslash-Alola, L88, F|245/275\n|switch|p2a: Conkeldurr|Conkeldurr, L80, F, tera:Normal|78/299 brn\n|-activate|p2a: Conkeldurr|move: Sticky Web\n|-unboost|p2a: Conkeldurr|spe|1\n|-damage|p2a: Conkeldurr|41/299 brn|[from] Stealth Rock\n|turn|21\n|\n|t:|1728195478\n|-terastallize|p1a: Sandslash|Ground\n|move|p2a: Conkeldurr|Mach Punch|p1a: Sandslash\n|-damage|p1a: Sandslash|182/275\n|move|p1a: Sandslash|Swords Dance|p1a: Sandslash\n|-boost|p1a: Sandslash|atk|2\n|\n|-heal|p1a: Sandslash|199/275|[from] item: Leftovers\n|-damage|p2a: Conkeldurr|23/299 brn|[from] brn\n|upkeep\n|turn|22\n|\n|t:|1728195489\n|move|p1a: Sandslash|Rapid Spin|p2a: Conkeldurr\n|-damage|p2a: Conkeldurr|0 fnt\n|-boost|p1a: Sandslash|spe|1\n|faint|p2a: Conkeldurr\n|\n|-heal|p1a: Sandslash|216/275|[from] item: Leftovers\n|upkeep\n|\n|t:|1728195491\n|switch|p2a: Cobalion|Cobalion, L80|277/277\n|-activate|p2a: Cobalion|move: Sticky Web\n|-unboost|p2a: Cobalion|spe|1\n|-damage|p2a: Cobalion|269/277|[from] Stealth Rock\n|turn|23\n|\n|t:|1728195499\n|move|p1a: Sandslash|Earthquake|p2a: Cobalion\n|-supereffective|p2a: Cobalion\n|-damage|p2a: Cobalion|0 fnt\n|faint|p2a: Cobalion\n|\n|win|Vitoran\n|raw|Vitoran's rating: 2245 &rarr; <strong>2265</strong><br />(+20 for winning)\n|raw|RL4T SirSquishi's rating: 2246 &rarr; <strong>2226</strong><br />(-20 for losing)\n|c|\u2606Vitoran|gg\n", "inputlog": ">version 86ae7daf8e420bb3f6c82a6a988ddcc1b1aa7e58\n>start {\"formatid\":\"gen9randombattle\",\"seed\":[34438,30589,32993,23936],\"rated\":\"Rated battle\"}\n>player p1 {\"name\":\"Vitoran\",\"avatar\":\"nemona-v\",\"rating\":2245,\"seed\":[37131,11752,46097,26925]}\n>player p2 {\"name\":\"RL4T SirSquishi\",\"avatar\":\"pokekid\",\"rating\":2218,\"seed\":[40740,24900,65278,42088]}\n>chat \u2606Vitoran|glhf\n>p1 switch 2\n>p2 move knockoff\n>p1 move stickyweb\n>p2 move facade\n>p1 move suckerpunch\n>p2 move machpunch\n>p1 switch 2\n>p1 move revelationdance\n>p2 move knockoff terastallize\n>p1 switch 4\n>p1 move sludgewave\n>p2 switch 3\n>p1 move uturn\n>p2 move irondefense\n>p1 switch 3\n>p1 move takeheart\n>p2 move bodypress\n>p1 move scald\n>p2 move bodypress\n>p1 move scald\n>p2 move rest\n>p2 switch 2\n>p1 move scald\n>p2 move quiverdance\n>p1 move scald\n>p2 move moonblast\n>p1 switch 5\n>p1 move heavyslam\n>p2 move moonblast\n>p2 switch 5\n>p1 move stealthrock\n>p2 move calmmind\n>p1 move heavyslam\n>p2 move calmmind\n>p1 move heavyslam\n>p2 move psychicnoise\n>p1 switch 3\n>p1 move sludgewave\n>p2 move psychicnoise\n>p2 switch 4\n>p1 move uturn\n>p2 move psyshock\n>p1 switch 6\n>p1 switch 6\n>p2 move focusblast\n>p1 move fakeout\n>p2 move psyshock\n>chat \u2606Vitoran|oh fuck\n>p1 move sludgewave\n>p2 move psyshock\n>p1 switch 6\n>p2 switch 3\n>p1 move swordsdance terastallize\n>p2 move machpunch\n>p1 move rapidspin\n>p2 move closecombat\n>p2 switch 6\n>p1 move earthquake\n>p2 move irondefense", "uploadtime": 1728195504, "views": 68, "formatid": "gen9randombattle", "rating": 2226, "private": 0, "password": null}