{"id": "gen9randombattle-2259928665", "format": "[Gen 9] Random Battle", "players": ["Fkdi3goo6", "Joselunga"], "log": "|j|\u2606Fkdi3goo6\n|j|\u2606Joselunga\n|t:|1733780975\n|gametype|singles\n|player|p1|Fkdi3goo6|1|\n|player|p2|Joselunga|falkner|\n|teamsize|p1|6\n|teamsize|p2|6\n|gen|9\n|tier|[Gen 9] Random Battle\n|rule|Species Clause: Limit one of each Pok\u00e9mon\n|rule|HP Percentage Mod: HP is shown in percentages\n|rule|Sleep Clause Mod: Limit one foe put to sleep\n|rule|Illusion Level Mod: Illusion disguises the Pok\u00e9mon's true level\n|\n|t:|1733780975\n|start\n|switch|p1a: Falinks|Falinks, L84|246/246\n|switch|p2a: Yanmega|Yanmega, L82, M|275/275\n|turn|1\n|\n|t:|1733780994\n|switch|p1a: Furret|Furret, L94, F|312/312\n|-item|p2a: Yanmega|Heavy-Duty Boots|[from] ability: Frisk|[of] p1a: Furret\n|move|p2a: Yanmega|Air Slash|p1a: Furret\n|-damage|p1a: Furret|212/312\n|\n|-ability|p2a: Yanmega|Speed Boost|boost\n|-boost|p2a: Yanmega|spe|1\n|upkeep\n|turn|2\n|\n|t:|1733781006\n|move|p2a: Yanmega|Bug Buzz|p1a: Furret\n|-damage|p1a: Furret|76/312\n|move|p1a: Furret|Tidy Up|p1a: Furret\n|-boost|p1a: Furret|atk|1\n|-boost|p1a: Furret|spe|1\n|\n|-ability|p2a: Yanmega|Speed Boost|boost\n|-boost|p2a: Yanmega|spe|1\n|upkeep\n|turn|3\n|\n|t:|1733781016\n|move|p2a: Yanmega|Bug Buzz|p1a: Furret\n|-damage|p1a: Furret|0 fnt\n|faint|p1a: Furret\n|\n|-ability|p2a: Yanmega|Speed Boost|boost\n|-boost|p2a: Yanmega|spe|1\n|upkeep\n|\n|t:|1733781036\n|switch|p1a: Chien-Pao|Chien-Pao, L72|234/234\n|-ability|p1a: Chien-Pao|Sword of Ruin\n|turn|4\n|\n|t:|1733781044\n|move|p1a: Chien-Pao|Ice Shard|p2a: Yanmega\n|-supereffective|p2a: Yanmega\n|-damage|p2a: Yanmega|131/275\n|move|p2a: Yanmega|Bug Buzz|p1a: Chien-Pao\n|-supereffective|p1a: Chien-Pao\n|-damage|p1a: Chien-Pao|0 fnt\n|faint|p1a: Chien-Pao\n|\n|-ability|p2a: Yanmega|Speed Boost|boost\n|-boost|p2a: Yanmega|spe|1\n|upkeep\n|\n|t:|1733781064\n|switch|p1a: Electrode|Electrode-Hisui, L87|246/246\n|turn|5\n|\n|t:|1733781072\n|move|p2a: Yanmega|Bug Buzz|p1a: Electrode\n|-immune|p1a: Electrode|[from] ability: Soundproof\n|move|p1a: Electrode|Thunderbolt|p2a: Yanmega\n|-supereffective|p2a: Yanmega\n|-damage|p2a: Yanmega|0 fnt\n|faint|p2a: Yanmega\n|\n|upkeep\n|\n|t:|1733781083\n|switch|p2a: Slowking|Slowking-Galar, L85, F|300/300\n|turn|6\n|\n|t:|1733781092\n|move|p1a: Electrode|Substitute|p1a: Electrode\n|-start|p1a: Electrode|Substitute\n|-damage|p1a: Electrode|185/246\n|move|p2a: Slowking|Fire Blast|p1a: Electrode\n|-supereffective|p1a: Electrode\n|-end|p1a: Electrode|Substitute\n|\n|-heal|p1a: Electrode|200/246|[from] item: Leftovers\n|upkeep\n|turn|7\n|\n|t:|1733781108\n|move|p1a: Electrode|Thunderbolt|p2a: Slowking\n|-damage|p2a: Slowking|251/300\n|-status|p2a: Slowking|par\n|move|p2a: Slowking|Fire Blast|p1a: Electrode\n|-supereffective|p1a: Electrode\n|-damage|p1a: Electrode|14/246\n|\n|-heal|p1a: Electrode|29/246|[from] item: Leftovers\n|upkeep\n|turn|8\n|c|\u2606Joselunga|Socio no me abandones\n|\n|t:|1733781120\n|move|p1a: Electrode|Leech Seed|p2a: Slowking|[miss]\n|-miss|p1a: Electrode|p2a: Slowking\n|cant|p2a: Slowking|par\n|\n|-heal|p1a: Electrode|44/246|[from] item: Leftovers\n|upkeep\n|turn|9\n|\n|t:|1733781129\n|move|p1a: Electrode|Thunderbolt|p2a: Slowking\n|-crit|p2a: Slowking\n|-damage|p2a: Slowking|178/300 par\n|move|p2a: Slowking|Sludge Bomb|p1a: Electrode\n|-supereffective|p1a: Electrode\n|-damage|p1a: Electrode|0 fnt\n|faint|p1a: Electrode\n|\n|upkeep\n|\n|t:|1733781133\n|switch|p1a: Palafin|Palafin, L77, F|281/281\n|turn|10\n|\n|t:|1733781139\n|detailschange|p1a: Palafin|Palafin-Hero, L77, F\n|switch|p1a: Falinks|Falinks, L84|246/246\n|move|p2a: Slowking|Sludge Bomb|p1a: Falinks\n|-damage|p1a: Falinks|99/246\n|\n|upkeep\n|turn|11\n|\n|t:|1733781148\n|move|p1a: Falinks|Knock Off|p2a: Slowking\n|-supereffective|p2a: Slowking\n|-damage|p2a: Slowking|0 fnt\n|-enditem|p2a: Slowking|Assault Vest|[from] move: Knock Off|[of] p1a: Falinks\n|faint|p2a: Slowking\n|-damage|p1a: Falinks|75/246|[from] item: Life Orb\n|\n|upkeep\n|\n|t:|1733781157\n|switch|p2a: Salamence|Salamence, L77, M|273/273\n|-ability|p2a: Salamence|Intimidate|boost\n|-unboost|p1a: Falinks|atk|1\n|-ability|p1a: Falinks|Defiant|boost\n|-boost|p1a: Falinks|atk|2\n|turn|12\n|\n|t:|1733781165\n|move|p2a: Salamence|Dual Wingbeat|p1a: Falinks\n|-supereffective|p1a: Falinks\n|-damage|p1a: Falinks|0 fnt\n|faint|p1a: Falinks\n|-hitcount|p1: Falinks|1\n|\n|upkeep\n|\n|t:|1733781172\n|switch|p1a: Palafin|Palafin-Hero, L77, F|281/281\n|-activate|p1a: Palafin|ability: Zero to Hero\n|turn|13\n|\n|t:|1733781178\n|move|p1a: Palafin|Bulk Up|p1a: Palafin\n|-boost|p1a: Palafin|atk|1\n|-boost|p1a: Palafin|def|1\n|move|p2a: Salamence|Dual Wingbeat|p1a: Palafin\n|-damage|p1a: Palafin|247/281\n|-damage|p1a: Palafin|211/281\n|-hitcount|p1a: Palafin|2\n|\n|-heal|p1a: Palafin|228/281|[from] item: Leftovers\n|upkeep\n|turn|14\n|\n|t:|1733781182\n|move|p2a: Salamence|Dragon Dance|p2a: Salamence\n|-boost|p2a: Salamence|atk|1\n|-boost|p2a: Salamence|spe|1\n|move|p1a: Palafin|Bulk Up|p1a: Palafin\n|-boost|p1a: Palafin|atk|1\n|-boost|p1a: Palafin|def|1\n|\n|-heal|p1a: Palafin|245/281|[from] item: Leftovers\n|upkeep\n|turn|15\n|\n|t:|1733781189\n|move|p2a: Salamence|Outrage|p1a: Palafin\n|-damage|p1a: Palafin|142/281\n|move|p1a: Palafin|Wave Crash|p2a: Salamence\n|-resisted|p2a: Salamence\n|-damage|p2a: Salamence|79/273\n|-damage|p1a: Palafin|78/281|[from] Recoil\n|\n|-heal|p1a: Palafin|95/281|[from] item: Leftovers\n|upkeep\n|turn|16\n|\n|t:|1733781202\n|move|p1a: Palafin|Jet Punch|p2a: Salamence\n|-resisted|p2a: Salamence\n|-damage|p2a: Salamence|0 fnt\n|faint|p2a: Salamence\n|\n|-heal|p1a: Palafin|112/281|[from] item: Leftovers\n|upkeep\n|\n|t:|1733781208\n|switch|p2a: Zarude|Zarude, L78|292/292\n|turn|17\n|l|\u2606Fkdi3goo6\n|player|p1|\n|inactive|Battle timer is ON: inactive players will automatically lose when time's up. (requested by Joselunga)\n|inactive|Fkdi3goo6 has 270 seconds to reconnect!\n|inactive|Fkdi3goo6 has 240 seconds to reconnect!\n|j|\u2606Fkdi3goo6\n|inactive|Fkdi3goo6 reconnected and has 300 seconds left.\n|player|p1|Fkdi3goo6|1|\n|\n|t:|1733781390\n|-terastallize|p2a: Zarude|Fighting\n|move|p2a: Zarude|Knock Off|p1a: Palafin\n|-damage|p1a: Palafin|46/281\n|-enditem|p1a: Palafin|Leftovers|[from] move: Knock Off|[of] p2a: Zarude\n|-damage|p2a: Zarude|263/292|[from] item: Life Orb\n|move|p1a: Palafin|Drain Punch|p2a: Zarude\n|-damage|p2a: Zarude|145/292\n|-heal|p1a: Palafin|105/281|[from] drain|[of] p2a: Zarude\n|\n|upkeep\n|turn|18\n|\n|t:|1733781420\n|move|p2a: Zarude|Power Whip|p1a: Palafin|[miss]\n|-miss|p2a: Zarude|p1a: Palafin\n|move|p1a: Palafin|Drain Punch|p2a: Zarude\n|-damage|p2a: Zarude|17/292\n|-heal|p1a: Palafin|169/281|[from] drain|[of] p2a: Zarude\n|\n|upkeep\n|turn|19\n|\n|t:|1733781429\n|move|p2a: Zarude|Power Whip|p1a: Palafin\n|-supereffective|p1a: Palafin\n|-damage|p1a: Palafin|0 fnt\n|faint|p1a: Palafin\n|-damage|p2a: Zarude|0 fnt|[from] item: Life Orb\n|faint|p2a: Zarude\n|\n|upkeep\n|\n|t:|1733781438\n|switch|p2a: Gumshoos|Gumshoos, L95, F|321/321\n|switch|p1a: Braviary|Braviary-Hisui, L85, M|326/326\n|turn|20\n|\n|t:|1733781450\n|move|p1a: Braviary|Vacuum Wave|p2a: Gumshoos\n|-supereffective|p2a: Gumshoos\n|-damage|p2a: Gumshoos|213/321\n|move|p2a: Gumshoos|Knock Off|p1a: Braviary\n|-supereffective|p1a: Braviary\n|-damage|p1a: Braviary|0 fnt\n|-enditem|p1a: Braviary|Choice Specs|[from] move: Knock Off|[of] p2a: Gumshoos\n|faint|p1a: Braviary\n|\n|win|Joselunga\n|l|\u2606Fkdi3goo6\n|player|p1|\n", "inputlog": ">version bfd83cad13791eb5a5a409923076391caf6fb4d4\n>start {\"formatid\":\"gen9randombattle\",\"seed\":[22075,34897,59924,13642]}\n>player p1 {\"name\":\"Fkdi3goo6\",\"avatar\":\"1\",\"rating\":0,\"seed\":[5449,35562,57821,18482]}\n>player p2 {\"name\":\"Joselunga\",\"avatar\":\"falkner\",\"rating\":0,\"seed\":[581,3837,59036,44678]}\n>p1 switch 3\n>p2 move airslash\n>p1 move tidyup\n>p2 move bugbuzz\n>p1 move knockoff\n>p2 move bugbuzz\n>p1 switch 5\n>p1 move iceshard\n>p2 move bugbuzz\n>p1 switch 4\n>p1 move thunderbolt\n>p2 move bugbuzz\n>p2 switch 6\n>p1 move substitute\n>p2 move fireblast\n>p1 move thunderbolt\n>p2 move fireblast\n>chat \u2606Joselunga|Socio no me abandones\n>p1 move leechseed\n>p2 move sludgebomb\n>p1 move thunderbolt\n>p2 move sludgebomb\n>p1 switch 2\n>p1 switch 3\n>p2 move sludgebomb\n>p1 move knockoff\n>p2 move sludgebomb\n>p2 switch 2\n>p1 move ironhead\n>p2 move dualwingbeat\n>p1 switch 3\n>p1 move bulkup\n>p2 move dualwingbeat\n>p1 move bulkup\n>p2 move dragondance\n>p1 move wavecrash\n>p2 move outrage\n>p1 move jetpunch\n>p2 move outrage\n>p2 switch 3\n>p1 move drainpunch\n>p2 move knockoff terastallize\n>p1 move drainpunch\n>p2 move powerwhip\n>p1 move bulkup\n>p2 move powerwhip\n>p1 switch 6\n>p2 switch 5\n>p1 move vacuumwave\n>p2 move knockoff", "uploadtime": 1733782420, "views": 2, "formatid": "gen9randombattle", "rating": null, "private": 0, "password": null}