{"id": "gen9randombattle-2260461592", "format": "[Gen 9] Random Battle", "players": ["9yi", "welodia"], "log": "|j|\u26069yi\n|j|\u2606welodia\n|t:|1733853900\n|gametype|singles\n|player|p1|9yi|lucas|1084\n|player|p2|welodia|shadowtriad|1112\n|teamsize|p1|6\n|teamsize|p2|6\n|gen|9\n|tier|[Gen 9] Random Battle\n|rated|\n|rule|Species Clause: Limit one of each Pok\u00e9mon\n|rule|HP Percentage Mod: HP is shown in percentages\n|rule|Sleep Clause Mod: Limit one foe put to sleep\n|rule|Illusion Level Mod: Illusion disguises the Pok\u00e9mon's true level\n|\n|t:|1733853900\n|start\n|switch|p1a: Zekrom|Zekrom, L71|259/259\n|switch|p2a: Revavroom|Revavroom, L79, F|256/256\n|-ability|p1a: Zekrom|Teravolt\n|turn|1\n|\n|t:|1733853922\n|move|p2a: Revavroom|High Horsepower|p1a: Zekrom\n|-supereffective|p1a: Zekrom\n|-damage|p1a: Zekrom|98/259\n|-damage|p2a: Revavroom|231/256|[from] item: Life Orb\n|move|p1a: Zekrom|Dragon Dance|p1a: Zekrom\n|-boost|p1a: Zekrom|atk|1\n|-boost|p1a: Zekrom|spe|1\n|\n|-heal|p1a: Zekrom|114/259|[from] item: Leftovers\n|upkeep\n|turn|2\n|\n|t:|1733853951\n|move|p1a: Zekrom|Bolt Strike|p2a: Revavroom\n|-damage|p2a: Revavroom|0 fnt\n|faint|p2a: Revavroom\n|\n|-heal|p1a: Zekrom|130/259|[from] item: Leftovers\n|upkeep\n|inactive|Battle timer is ON: inactive players will automatically lose when time's up. (requested by 9yi)\n|\n|t:|1733853964\n|switch|p2a: Garganacl|Garganacl, L80, F|291/291\n|turn|3\n|\n|t:|1733853984\n|move|p1a: Zekrom|Substitute|p1a: Zekrom\n|-start|p1a: Zekrom|Substitute\n|-damage|p1a: Zekrom|66/259\n|move|p2a: Garganacl|Salt Cure|p1a: Zekrom\n|-activate|p1a: Zekrom|move: Substitute|[damage]\n|\n|-heal|p1a: Zekrom|82/259|[from] item: Leftovers\n|upkeep\n|turn|4\n|\n|t:|1733853993\n|move|p1a: Zekrom|Bolt Strike|p2a: Garganacl\n|-damage|p2a: Garganacl|134/291\n|move|p2a: Garganacl|Salt Cure|p1a: Zekrom\n|-end|p1a: Zekrom|Substitute\n|\n|-heal|p1a: Zekrom|98/259|[from] item: Leftovers\n|-heal|p2a: Garganacl|152/291|[from] item: Leftovers\n|upkeep\n|turn|5\n|\n|t:|1733854010\n|move|p1a: Zekrom|Bolt Strike|p2a: Garganacl\n|-damage|p2a: Garganacl|0 fnt\n|faint|p2a: Garganacl\n|\n|-heal|p1a: Zekrom|114/259|[from] item: Leftovers\n|upkeep\n|\n|t:|1733854028\n|switch|p2a: Noivern|Noivern, L82, F|274/274\n|turn|6\n|\n|t:|1733854035\n|move|p1a: Zekrom|Outrage|p2a: Noivern\n|-supereffective|p2a: Noivern\n|-damage|p2a: Noivern|0 fnt\n|faint|p2a: Noivern\n|\n|-heal|p1a: Zekrom|130/259|[from] item: Leftovers\n|upkeep\n|\n|t:|1733854042\n|switch|p2a: Regieleki|Regieleki, L79|256/256\n|turn|7\n|\n|t:|1733854048\n|-terastallize|p2a: Regieleki|Ice\n|move|p2a: Regieleki|Tera Blast|p1a: Zekrom|[anim] Tera Blast Ice\n|-supereffective|p1a: Zekrom\n|-damage|p1a: Zekrom|0 fnt\n|faint|p1a: Zekrom\n|\n|upkeep\n|inactive|9yi has 120 seconds left.\n|\n|t:|1733854080\n|switch|p1a: Suicune|Suicune, L82|298/298\n|-ability|p1a: Suicune|Pressure\n|turn|8\n|inactive|9yi has 120 seconds left.\n|\n|t:|1733854096\n|move|p2a: Regieleki|Thunderbolt|p1a: Suicune\n|-supereffective|p1a: Suicune\n|-crit|p1a: Suicune\n|-damage|p1a: Suicune|0 fnt\n|faint|p1a: Suicune\n|\n|upkeep\n|\n|t:|1733854103\n|switch|p1a: Solgaleo|Solgaleo, L74|325/325\n|turn|9\n|inactive|9yi has 120 seconds left.\n|\n|t:|1733854117\n|move|p2a: Regieleki|Thunderbolt|p1a: Solgaleo\n|-damage|p1a: Solgaleo|172/325\n|move|p1a: Solgaleo|Sunsteel Strike|p2a: Regieleki\n|-supereffective|p2a: Regieleki\n|-damage|p2a: Regieleki|0 fnt\n|faint|p2a: Regieleki\n|\n|upkeep\n|\n|t:|1733854130\n|switch|p2a: Volcarona|Volcarona, L77, F|257/257\n|turn|10\n|inactive|9yi has 120 seconds left.\n|\n|t:|1733854159\n|-terastallize|p1a: Solgaleo|Water\n|move|p2a: Volcarona|Fire Blast|p1a: Solgaleo\n|-resisted|p1a: Solgaleo\n|-damage|p1a: Solgaleo|97/325\n|move|p1a: Solgaleo|Morning Sun|p1a: Solgaleo\n|-heal|p1a: Solgaleo|259/325\n|\n|upkeep\n|turn|11\n|\n|t:|1733854174\n|move|p2a: Volcarona|Giga Drain|p1a: Solgaleo\n|-supereffective|p1a: Solgaleo\n|-damage|p1a: Solgaleo|119/325\n|move|p1a: Solgaleo|Knock Off|p2a: Volcarona\n|-damage|p2a: Volcarona|158/257\n|-enditem|p2a: Volcarona|Heavy-Duty Boots|[from] move: Knock Off|[of] p1a: Solgaleo\n|\n|upkeep\n|turn|12\n|\n|t:|1733854186\n|move|p2a: Volcarona|Giga Drain|p1a: Solgaleo\n|-supereffective|p1a: Solgaleo\n|-damage|p1a: Solgaleo|0 fnt\n|-heal|p2a: Volcarona|218/257|[from] drain|[of] p1a: Solgaleo\n|faint|p1a: Solgaleo\n|\n|upkeep\n|inactive|9yi has 90 seconds left.\n|\n|t:|1733854207\n|switch|p1a: Whimsicott|Whimsicott, L85, F|241/241\n|turn|13\n|\n|t:|1733854211\n|move|p1a: Whimsicott|Encore|p2a: Volcarona\n|-start|p2a: Volcarona|Encore\n|move|p2a: Volcarona|Giga Drain|p1a: Whimsicott\n|-resisted|p1a: Whimsicott\n|-damage|p1a: Whimsicott|206/241\n|-heal|p2a: Volcarona|236/257|[from] drain|[of] p1a: Whimsicott\n|\n|-heal|p1a: Whimsicott|221/241|[from] item: Leftovers\n|upkeep\n|turn|14\n|\n|t:|1733854225\n|switch|p2a: Mismagius|Mismagius, L86, M|243/243\n|move|p1a: Whimsicott|Leech Seed|p2a: Mismagius\n|-start|p2a: Mismagius|move: Leech Seed\n|\n|-heal|p1a: Whimsicott|236/241|[from] item: Leftovers\n|-damage|p2a: Mismagius|213/243|[from] Leech Seed|[of] p1a: Whimsicott\n|-heal|p1a: Whimsicott|241/241|[silent]\n|upkeep\n|turn|15\n|\n|t:|1733854234\n|move|p1a: Whimsicott|Substitute|p1a: Whimsicott\n|-start|p1a: Whimsicott|Substitute\n|-damage|p1a: Whimsicott|181/241\n|move|p2a: Mismagius|Mystical Fire|p1a: Whimsicott\n|-supereffective|p1a: Whimsicott\n|-end|p1a: Whimsicott|Substitute\n|\n|-heal|p1a: Whimsicott|196/241|[from] item: Leftovers\n|-damage|p2a: Mismagius|183/243|[from] Leech Seed|[of] p1a: Whimsicott\n|-heal|p1a: Whimsicott|226/241|[silent]\n|upkeep\n|turn|16\n|\n|t:|1733854249\n|move|p1a: Whimsicott|Substitute|p1a: Whimsicott\n|-start|p1a: Whimsicott|Substitute\n|-damage|p1a: Whimsicott|166/241\n|move|p2a: Mismagius|Mystical Fire|p1a: Whimsicott\n|-supereffective|p1a: Whimsicott\n|-end|p1a: Whimsicott|Substitute\n|\n|-heal|p1a: Whimsicott|181/241|[from] item: Leftovers\n|-damage|p2a: Mismagius|153/243|[from] Leech Seed|[of] p1a: Whimsicott\n|-heal|p1a: Whimsicott|211/241|[silent]\n|upkeep\n|turn|17\n|\n|t:|1733854265\n|switch|p1a: Landorus|Landorus, L75, M|257/257\n|move|p2a: Mismagius|Mystical Fire|p1a: Landorus\n|-damage|p1a: Landorus|148/257\n|-unboost|p1a: Landorus|spa|1\n|\n|-damage|p2a: Mismagius|123/243|[from] Leech Seed|[of] p1a: Landorus\n|-heal|p1a: Landorus|178/257|[silent]\n|upkeep\n|turn|18\n|inactive|9yi has 90 seconds left.\n|\n|t:|1733854281\n|move|p2a: Mismagius|Mystical Fire|p1a: Landorus\n|-damage|p1a: Landorus|74/257\n|-unboost|p1a: Landorus|spa|1\n|move|p1a: Landorus|Stealth Rock|p2a: Mismagius\n|-sidestart|p2: welodia|move: Stealth Rock\n|\n|-damage|p2a: Mismagius|93/243|[from] Leech Seed|[of] p1a: Landorus\n|-heal|p1a: Landorus|104/257|[silent]\n|upkeep\n|turn|19\n|inactive|9yi has 90 seconds left.\n|\n|t:|1733854291\n|move|p2a: Mismagius|Mystical Fire|p1a: Landorus\n|-damage|p1a: Landorus|0 fnt\n|faint|p1a: Landorus\n|\n|upkeep\n|inactive|9yi has 90 seconds left.\n|\n|t:|1733854300\n|switch|p1a: Raichu|Raichu, L88, F|249/249\n|turn|20\n|\n|t:|1733854305\n|move|p1a: Raichu|Thunderbolt|p2a: Mismagius\n|-damage|p2a: Mismagius|0 fnt\n|faint|p2a: Mismagius\n|-damage|p1a: Raichu|225/249|[from] item: Life Orb\n|\n|upkeep\n|\n|t:|1733854313\n|switch|p2a: Volcarona|Volcarona, L77, F|236/257\n|-damage|p2a: Volcarona|108/257|[from] Stealth Rock\n|turn|21\n|\n|t:|1733854322\n|move|p1a: Raichu|Thunderbolt|p2a: Volcarona\n|-damage|p2a: Volcarona|0 fnt\n|faint|p2a: Volcarona\n|-damage|p1a: Raichu|201/249|[from] item: Life Orb\n|\n|win|9yi\n|raw|9yi's rating: 1084 &rarr; <strong>1114</strong><br />(+30 for winning)\n|raw|welodia's rating: 1112 &rarr; <strong>1085</strong><br />(-27 for losing)\n|l|\u26069yi\n|player|p1|\n|l|\u2606welodia\n|player|p2|\n|j|\u26069yi\n|player|p1|9yi|lucas|\n", "inputlog": ">version bfd83cad13791eb5a5a409923076391caf6fb4d4\n>start {\"formatid\":\"gen9randombattle\",\"seed\":[4696,37750,65235,63568],\"rated\":\"Rated battle\"}\n>player p1 {\"name\":\"9yi\",\"avatar\":\"lucas\",\"rating\":1084,\"seed\":[54136,24837,19683,56315]}\n>player p2 {\"name\":\"welodia\",\"avatar\":\"shadowtriad\",\"rating\":1112,\"seed\":[35659,22479,10444,24234]}\n>p1 move dragondance\n>p2 move highhorsepower\n>p1 move boltstrike\n>p2 move highhorsepower\n>p2 switch 3\n>p1 move substitute\n>p2 move saltcure\n>p1 move boltstrike\n>p2 move saltcure\n>p1 move boltstrike\n>p2 move recover\n>p2 switch 4\n>p1 move outrage\n>p2 move dracometeor\n>p2 switch 2\n>p1 move outrage\n>p2 move terablast terastallize\n>p1 switch 2\n>p1 move calmmind\n>p2 move thunderbolt\n>p1 switch 5\n>p1 move sunsteelstrike\n>p2 move thunderbolt\n>p2 switch 6\n>p1 move morningsun terastallize\n>p2 move fireblast\n>p1 move knockoff\n>p2 move gigadrain\n>p1 move psychicfangs\n>p2 move gigadrain\n>p1 switch 4\n>p1 move encore\n>p2 move fireblast\n>p1 move leechseed\n>p2 switch 5\n>p1 move substitute\n>p2 move mysticalfire\n>p1 move substitute\n>p2 move mysticalfire\n>p1 switch 6\n>p2 move mysticalfire\n>p1 move stealthrock\n>p2 move mysticalfire\n>p1 move rockslide\n>p2 move mysticalfire\n>p1 switch 3\n>p1 move thunderbolt\n>p2 move mysticalfire\n>p2 switch 5\n>p1 move thunderbolt\n>p2 move gigadrain", "uploadtime": 1733854368, "views": 1, "formatid": "gen9randombattle", "rating": 1085, "private": 0, "password": null}