{"id": "gen9randombattle-2201621398", "format": "[Gen 9] Random Battle", "players": ["RBLT pokeblade101", "Owning ur mind"], "log": "|badge|p1|bronze|gen9randombattle|100-2\n|uhtml|medal-msg|<div class=\"broadcast-blue\">Curious what those medals under the avatar are? PS now has Ladder Seasons! For more information, check out the <a href=\"https://www.smogon.com/forums/threads/3740067/\">thread on Smogon.</a></div>\n|j|\u2606RBLT pokeblade101\n|j|\u2606Owning ur mind\n|t:|1726337997\n|gametype|singles\n|player|p1|RBLT pokeblade101|#rbtt7teamchiyu|2299\n|player|p2|Owning ur mind|mars|2271\n|teamsize|p1|6\n|teamsize|p2|6\n|gen|9\n|tier|[Gen 9] Random Battle\n|rated|\n|rule|Species Clause: Limit one of each Pok\u00e9mon\n|rule|HP Percentage Mod: HP is shown in percentages\n|rule|Sleep Clause Mod: Limit one foe put to sleep\n|rule|Illusion Level Mod: Illusion disguises the Pok\u00e9mon's true level\n|\n|t:|1726337997\n|start\n|switch|p1a: Keldeo|Keldeo-Resolute, L79|273/273\n|switch|p2a: Ogerpon|Ogerpon-Wellspring, L76, F|247/247\n|turn|1\n|inactive|Battle timer is ON: inactive players will automatically lose when time's up. (requested by Owning ur mind)\n|inactive|RBLT pokeblade101 has 120 seconds left.\n|inactive|RBLT pokeblade101 has 90 seconds left.\n|inactive|RBLT pokeblade101 has 60 seconds left.\n|\n|t:|1726338118\n|switch|p1a: Toxtricity|Toxtricity, L82, F|257/257\n|move|p2a: Ogerpon|Knock Off|p1a: Toxtricity\n|-damage|p1a: Toxtricity|157/257\n|-enditem|p1a: Toxtricity|Choice Scarf|[from] move: Knock Off|[of] p2a: Ogerpon\n|\n|upkeep\n|turn|2\n|j| rb LTG99\n|inactive|Owning ur mind has 120 seconds left.\n|\n|t:|1726338157\n|switch|p2a: Iron Crown|Iron Crown, L79|272/272\n|move|p1a: Toxtricity|Sludge Wave|p2a: Iron Crown\n|-immune|p2a: Iron Crown\n|\n|upkeep\n|turn|3\n|inactive|Owning ur mind has 120 seconds left.\n|\n|t:|1726338171\n|switch|p1a: Mabosstiff|Mabosstiff, L86, F|278/278\n|move|p2a: Iron Crown|Psyshock|p1a: Mabosstiff\n|-immune|p1a: Mabosstiff\n|\n|upkeep\n|turn|4\n|inactive|Owning ur mind has 120 seconds left.\n|\n|t:|1726338183\n|-end|p2a: Iron Crown|Quark Drive|[silent]\n|switch|p2a: Mightyena|Mightyena, L95, F|287/287\n|-ability|p2a: Mightyena|Intimidate|boost\n|-unboost|p1a: Mabosstiff|atk|1\n|move|p1a: Mabosstiff|Crunch|p2a: Mightyena\n|-resisted|p2a: Mightyena\n|-damage|p2a: Mightyena|177/287\n|\n|upkeep\n|turn|5\n|inactive|RBLT pokeblade101 has 120 seconds left.\n|inactive|Owning ur mind has 120 seconds left.\n|inactive|Owning ur mind has 90 seconds left.\n|\n|t:|1726338233\n|switch|p1a: Toxtricity|Toxtricity, L82, F|157/257\n|move|p2a: Mightyena|Super Fang|p1a: Toxtricity\n|-damage|p1a: Toxtricity|79/257\n|\n|upkeep\n|turn|6\n|\n|t:|1726338242\n|switch|p1a: Mabosstiff|Mabosstiff, L86, F|278/278\n|move|p2a: Mightyena|Crunch|p1a: Mabosstiff\n|-resisted|p1a: Mabosstiff\n|-damage|p1a: Mabosstiff|227/278\n|\n|upkeep\n|turn|7\n|inactive|Owning ur mind has 90 seconds left.\n|\n|t:|1726338251\n|move|p1a: Mabosstiff|Play Rough|p2a: Mightyena\n|-supereffective|p2a: Mightyena\n|-damage|p2a: Mightyena|0 fnt\n|faint|p2a: Mightyena\n|\n|upkeep\n|inactive|Owning ur mind has 90 seconds left.\n|\n|t:|1726338257\n|switch|p2a: Iron Crown|Iron Crown, L79|272/272\n|turn|8\n|inactive|RBLT pokeblade101 has 120 seconds left.\n|\n|t:|1726338295\n|switch|p1a: Toxtricity|Toxtricity, L82, F|79/257\n|move|p2a: Iron Crown|Calm Mind|p2a: Iron Crown\n|-boost|p2a: Iron Crown|spa|1\n|-boost|p2a: Iron Crown|spd|1\n|\n|upkeep\n|turn|9\n|\n|t:|1726338314\n|move|p2a: Iron Crown|Tachyon Cutter|p1a: Toxtricity\n|-resisted|p1a: Toxtricity\n|-damage|p1a: Toxtricity|27/257\n|-resisted|p1a: Toxtricity\n|-damage|p1a: Toxtricity|0 fnt\n|faint|p1a: Toxtricity\n|-hitcount|p1: Toxtricity|2\n|\n|upkeep\n|inactive|RBLT pokeblade101 has 90 seconds left.\n|\n|t:|1726338357\n|switch|p1a: Sinistcha|Sinistcha, L83|254/254\n|turn|10\n|inactive|Owning ur mind has 90 seconds left.\n|\n|t:|1726338390\n|move|p2a: Iron Crown|Tachyon Cutter|p1a: Sinistcha\n|-damage|p1a: Sinistcha|161/254\n|-damage|p1a: Sinistcha|74/254\n|-hitcount|p1a: Sinistcha|2\n|move|p1a: Sinistcha|Calm Mind|p1a: Sinistcha\n|-boost|p1a: Sinistcha|spa|1\n|-boost|p1a: Sinistcha|spd|1\n|\n|-heal|p1a: Sinistcha|89/254|[from] item: Leftovers\n|upkeep\n|turn|11\n|inactive|RBLT pokeblade101 has 60 seconds left.\n|\n|t:|1726338412\n|-terastallize|p1a: Sinistcha|Steel\n|move|p2a: Iron Crown|Focus Blast|p1a: Sinistcha\n|-supereffective|p1a: Sinistcha\n|-damage|p1a: Sinistcha|0 fnt\n|faint|p1a: Sinistcha\n|\n|upkeep\n|\n|t:|1726338417\n|switch|p1a: Honchkrow|Honchkrow, L86, F|312/312\n|turn|12\n|c|\u2606Owning ur mind|ur not better than me\n|c|\u2606Owning ur mind|stop\n|\n|t:|1726338426\n|-terastallize|p2a: Iron Crown|Fighting\n|move|p2a: Iron Crown|Tachyon Cutter|p1a: Honchkrow\n|-damage|p1a: Honchkrow|203/312\n|-damage|p1a: Honchkrow|85/312\n|-hitcount|p1a: Honchkrow|2\n|move|p1a: Honchkrow|Heat Wave|p2a: Iron Crown\n|-damage|p2a: Iron Crown|223/272\n|-status|p2a: Iron Crown|brn\n|\n|-heal|p2a: Iron Crown|240/272 brn|[from] item: Leftovers\n|-damage|p2a: Iron Crown|223/272 brn|[from] brn\n|upkeep\n|turn|13\n|inactive|RBLT pokeblade101 has 60 seconds left.\n|c|\u2606Owning ur mind|and u wonder why i blocked u\n|\n|t:|1726338455\n|move|p1a: Honchkrow|Sucker Punch|p2a: Iron Crown\n|-resisted|p2a: Iron Crown\n|-damage|p2a: Iron Crown|175/272 brn\n|move|p2a: Iron Crown|Tachyon Cutter|p1a: Honchkrow\n|-damage|p1a: Honchkrow|0 fnt\n|faint|p1a: Honchkrow\n|-hitcount|p1: Honchkrow|1\n|\n|-heal|p2a: Iron Crown|192/272 brn|[from] item: Leftovers\n|-damage|p2a: Iron Crown|175/272 brn|[from] brn\n|upkeep\n|inactive|RBLT pokeblade101 has 60 seconds left.\n|\n|t:|1726338461\n|switch|p1a: Articuno|Articuno-Galar, L84|288/288\n|turn|14\n|inactive|Owning ur mind has 90 seconds left.\n|\n|t:|1726338493\n|-end|p2a: Iron Crown|Quark Drive|[silent]\n|switch|p2a: Oinkologne|Oinkologne-F, L92, F|361/361\n|move|p1a: Articuno|Calm Mind|p1a: Articuno\n|-boost|p1a: Articuno|spa|1\n|-boost|p1a: Articuno|spd|1\n|\n|upkeep\n|turn|15\n|\n|t:|1726338497\n|move|p1a: Articuno|Hurricane|p2a: Oinkologne|[miss]\n|-miss|p1a: Articuno|p2a: Oinkologne\n|move|p2a: Oinkologne|Lash Out|p1a: Articuno\n|-supereffective|p1a: Articuno\n|-damage|p1a: Articuno|162/288\n|\n|upkeep\n|turn|16\n|\n|t:|1726338504\n|move|p1a: Articuno|Hurricane|p2a: Oinkologne\n|-damage|p2a: Oinkologne|181/361\n|move|p2a: Oinkologne|Curse|p2a: Oinkologne\n|-unboost|p2a: Oinkologne|spe|1\n|-boost|p2a: Oinkologne|atk|1\n|-boost|p2a: Oinkologne|def|1\n|\n|-heal|p2a: Oinkologne|203/361|[from] item: Leftovers\n|upkeep\n|turn|17\n|\n|t:|1726338510\n|move|p1a: Articuno|Hurricane|p2a: Oinkologne\n|-damage|p2a: Oinkologne|17/361\n|move|p2a: Oinkologne|Lash Out|p1a: Articuno\n|-supereffective|p1a: Articuno\n|-damage|p1a: Articuno|0 fnt\n|faint|p1a: Articuno\n|\n|-heal|p2a: Oinkologne|39/361|[from] item: Leftovers\n|upkeep\n|\n|t:|1726338515\n|switch|p1a: Mabosstiff|Mabosstiff, L86, F|227/278\n|turn|18\n|\n|t:|1726338521\n|move|p1a: Mabosstiff|Play Rough|p2a: Oinkologne\n|-damage|p2a: Oinkologne|0 fnt\n|faint|p2a: Oinkologne\n|\n|upkeep\n|inactive|Owning ur mind has 90 seconds left.\n|\n|t:|1726338557\n|switch|p2a: Overqwil|Overqwil, L82, F|274/274\n|-ability|p2a: Overqwil|Intimidate|boost\n|-unboost|p1a: Mabosstiff|atk|1\n|turn|19\n|\n|t:|1726338585\n|move|p1a: Mabosstiff|Play Rough|p2a: Overqwil\n|-damage|p2a: Overqwil|201/274\n|move|p2a: Overqwil|Gunk Shot|p1a: Mabosstiff\n|-damage|p1a: Mabosstiff|54/278\n|-damage|p2a: Overqwil|174/274|[from] item: Life Orb\n|\n|upkeep\n|turn|20\n|\n|t:|1726338591\n|switch|p2a: Iron Crown|Iron Crown, L79, tera:Fighting|175/272 brn\n|move|p1a: Mabosstiff|Play Rough|p2a: Iron Crown\n|-supereffective|p2a: Iron Crown\n|-damage|p2a: Iron Crown|0 fnt\n|faint|p2a: Iron Crown\n|-end|p2a: Iron Crown|Quark Drive|[silent]\n|\n|upkeep\n|\n|t:|1726338596\n|switch|p2a: Thundurus|Thundurus, L80, M|258/258\n|turn|21\n|\n|t:|1726338598\n|move|p2a: Thundurus|Thunderbolt|p1a: Mabosstiff\n|-damage|p1a: Mabosstiff|0 fnt\n|faint|p1a: Mabosstiff\n|\n|upkeep\n|inactive|RBLT pokeblade101 has 120 seconds left.\n|-message|RBLT pokeblade101 forfeited.\n|\n|win|Owning ur mind\n|raw|RBLT pokeblade101's rating: 2328 &rarr; <strong>2305</strong><br />(-23 for losing)\n|raw|Owning ur mind's rating: 2271 &rarr; <strong>2294</strong><br />(+23 for winning)\n|l|\u2606RBLT pokeblade101\n|player|p1|\n", "inputlog": ">version abcf08933808d3fb39dbc2b54a8665d830b47482\n>start {\"formatid\":\"gen9randombattle\",\"seed\":[63724,12180,14055,55492],\"rated\":\"Rated battle\"}\n>player p1 {\"name\":\"RBLT pokeblade101\",\"avatar\":\"#rbtt7teamchiyu\",\"rating\":2299,\"seed\":[25519,54422,60109,37999]}\n>player p2 {\"name\":\"Owning ur mind\",\"avatar\":\"mars\",\"rating\":2271,\"seed\":[35843,22518,54183,22995]}\n>p1 switch 3\n>p2 move knockoff\n>p1 move sludgewave\n>p2 switch 3\n>p1 switch 6\n>p2 move psyshock\n>p1 move crunch\n>p2 switch 4\n>p1 switch 6\n>p2 move superfang\n>p1 switch 6\n>p2 move crunch\n>p1 move playrough\n>p2 move playrough\n>p2 switch 4\n>p1 switch 6\n>p2 move calmmind\n>p1 move voltswitch\n>p2 move tachyoncutter\n>p1 switch 4\n>p1 move calmmind\n>p2 move tachyoncutter\n>p1 move strengthsap terastallize\n>p2 move focusblast\n>p1 switch 2\n>chat \u2606Owning ur mind|ur not better than me\n>chat \u2606Owning ur mind|stop\n>p1 move heatwave\n>p2 move tachyoncutter terastallize\n>chat \u2606Owning ur mind|and u wonder why i blocked u\n>p1 move suckerpunch\n>p2 move tachyoncutter\n>p1 switch 5\n>p1 move calmmind\n>p2 switch 2\n>p1 move hurricane\n>p2 move lashout\n>p1 move hurricane\n>p2 move curse\n>p1 move hurricane\n>p2 move lashout\n>p1 switch 6\n>p1 move playrough\n>p2 move bodyslam\n>p2 switch 5\n>p1 move playrough\n>p2 move gunkshot\n>p1 move playrough\n>p2 switch 2\n>p2 switch 6\n>p1 move playrough\n>p2 move thunderbolt\n>forcelose p1", "uploadtime": 1726338626, "views": 90, "formatid": "gen9randombattle", "rating": 2294, "private": 0, "password": null}