{"id": "gen9randombattle-2259986957", "format": "[Gen 9] Random Battle", "players": ["hibebegorgeous", "ZaneCrescentB"], "log": "|j|\u2606hibebegorgeous\n|j|\u2606ZaneCrescentB\n|t:|1733787821\n|gametype|singles\n|player|p1|hibebegorgeous|1|1401\n|player|p2|ZaneCrescentB|vessa|1459\n|teamsize|p1|6\n|teamsize|p2|6\n|gen|9\n|tier|[Gen 9] Random Battle\n|rated|\n|rule|Species Clause: Limit one of each Pok\u00e9mon\n|rule|HP Percentage Mod: HP is shown in percentages\n|rule|Sleep Clause Mod: Limit one foe put to sleep\n|rule|Illusion Level Mod: Illusion disguises the Pok\u00e9mon's true level\n|\n|t:|1733787821\n|start\n|switch|p1a: Noivern|Noivern, L82, F|274/274\n|switch|p2a: Exeggutor|Exeggutor-Alola, L89, F|314/314\n|-item|p1a: Noivern|Choice Specs|[from] ability: Frisk|[of] p2a: Exeggutor\n|turn|1\n|c|\u2606ZaneCrescentB|Gl hf.\n|c|\u2606ZaneCrescentB|Let's GO!\n|\n|t:|1733787845\n|switch|p2a: Klefki|Klefki, L84, M|233/233\n|move|p1a: Noivern|Draco Meteor|p2a: Klefki\n|-immune|p2a: Klefki\n|\n|upkeep\n|turn|2\n|\n|t:|1733787865\n|switch|p1a: Perrserker|Perrserker, L89, M|269/269\n|move|p2a: Klefki|Spikes|p1a: Perrserker\n|-sidestart|p1: hibebegorgeous|Spikes\n|\n|upkeep\n|turn|3\n|\n|t:|1733787891\n|move|p2a: Klefki|Thunder Wave|p1a: Perrserker\n|-status|p1a: Perrserker|par\n|cant|p1a: Perrserker|par\n|\n|upkeep\n|turn|4\n|\n|t:|1733787907\n|switch|p2a: Registeel|Registeel, L81|262/262\n|move|p1a: Perrserker|Stealth Rock|p2a: Registeel\n|-sidestart|p2: ZaneCrescentB|move: Stealth Rock\n|\n|upkeep\n|turn|5\n|\n|t:|1733787913\n|move|p2a: Registeel|Stealth Rock|p1a: Perrserker\n|-sidestart|p1: hibebegorgeous|move: Stealth Rock\n|move|p1a: Perrserker|Close Combat|p2a: Registeel\n|-supereffective|p2a: Registeel\n|-damage|p2a: Registeel|90/262\n|-unboost|p1a: Perrserker|def|1\n|-unboost|p1a: Perrserker|spd|1\n|-damage|p1a: Perrserker|243/269 par|[from] item: Life Orb\n|\n|-heal|p2a: Registeel|106/262|[from] item: Leftovers\n|upkeep\n|turn|6\n|c|\u2606ZaneCrescentB|Great minds think alike.\n|\n|t:|1733787922\n|move|p2a: Registeel|Body Press|p1a: Perrserker\n|-supereffective|p1a: Perrserker\n|-damage|p1a: Perrserker|59/269 par\n|cant|p1a: Perrserker|par\n|\n|-heal|p2a: Registeel|122/262|[from] item: Leftovers\n|upkeep\n|turn|7\n|\n|t:|1733787928\n|move|p2a: Registeel|Body Press|p1a: Perrserker\n|-supereffective|p1a: Perrserker\n|-damage|p1a: Perrserker|0 fnt\n|faint|p1a: Perrserker\n|\n|-heal|p2a: Registeel|138/262|[from] item: Leftovers\n|upkeep\n|\n|t:|1733787940\n|switch|p1a: Quagsire|Quagsire, L84, M|297/297\n|-damage|p1a: Quagsire|260/297|[from] Spikes\n|-damage|p1a: Quagsire|242/297|[from] Stealth Rock\n|turn|8\n|\n|t:|1733787946\n|move|p2a: Registeel|Iron Head|p1a: Quagsire\n|-resisted|p1a: Quagsire\n|-damage|p1a: Quagsire|211/297\n|move|p1a: Quagsire|Earthquake|p2a: Registeel\n|-supereffective|p2a: Registeel\n|-damage|p2a: Registeel|4/262\n|\n|-heal|p2a: Registeel|20/262|[from] item: Leftovers\n|-heal|p1a: Quagsire|229/297|[from] item: Leftovers\n|upkeep\n|turn|9\n|\n|t:|1733787955\n|move|p2a: Registeel|Body Press|p1a: Quagsire\n|-damage|p1a: Quagsire|146/297\n|move|p1a: Quagsire|Earthquake|p2a: Registeel\n|-supereffective|p2a: Registeel\n|-crit|p2a: Registeel\n|-damage|p2a: Registeel|0 fnt\n|faint|p2a: Registeel\n|\n|-heal|p1a: Quagsire|164/297|[from] item: Leftovers\n|upkeep\n|\n|t:|1733787964\n|switch|p2a: Exeggutor|Exeggutor-Alola, L89, F|314/314\n|-damage|p2a: Exeggutor|275/314|[from] Stealth Rock\n|-item|p1a: Quagsire|Leftovers|[from] ability: Frisk|[of] p2a: Exeggutor\n|turn|10\n|\n|t:|1733787975\n|move|p2a: Exeggutor|Draco Meteor|p1a: Quagsire\n|-damage|p1a: Quagsire|0 fnt\n|-unboost|p2a: Exeggutor|spa|2\n|faint|p1a: Quagsire\n|\n|upkeep\n|\n|t:|1733787996\n|switch|p1a: Zacian|Zacian, L69|241/241\n|-damage|p1a: Zacian|211/241|[from] Spikes\n|-damage|p1a: Zacian|181/241|[from] Stealth Rock\n|-ability|p1a: Zacian|Intrepid Sword|boost\n|-boost|p1a: Zacian|atk|1\n|turn|11\n|\n|t:|1733788004\n|switch|p2a: Dodrio|Dodrio, L86, F|243/243\n|move|p1a: Zacian|Play Rough|p2a: Dodrio|[miss]\n|-miss|p1a: Zacian|p2a: Dodrio\n|\n|upkeep\n|turn|12\n|\n|t:|1733788014\n|move|p2a: Dodrio|Swords Dance|p2a: Dodrio\n|-boost|p2a: Dodrio|atk|2\n|move|p1a: Zacian|Wild Charge|p2a: Dodrio\n|-supereffective|p2a: Dodrio\n|-damage|p2a: Dodrio|1/243\n|-damage|p1a: Zacian|120/241|[from] Recoil\n|-damage|p1a: Zacian|96/241|[from] item: Life Orb\n|\n|upkeep\n|turn|13\n|c|\u2606ZaneCrescentB|MY GOAT!\n|\n|t:|1733788024\n|move|p2a: Dodrio|Double-Edge|p1a: Zacian\n|-damage|p1a: Zacian|0 fnt\n|faint|p1a: Zacian\n|-damage|p2a: Dodrio|0 fnt|[from] Recoil\n|faint|p2a: Dodrio\n|\n|upkeep\n|\n|t:|1733788036\n|switch|p2a: Exeggutor|Exeggutor-Alola, L89, F|275/314\n|switch|p1a: Noivern|Noivern, L82, F|274/274\n|-damage|p1a: Noivern|206/274|[from] Stealth Rock\n|-damage|p2a: Exeggutor|236/314|[from] Stealth Rock\n|-item|p1a: Noivern|Choice Specs|[from] ability: Frisk|[of] p2a: Exeggutor\n|turn|14\n|\n|t:|1733788047\n|move|p1a: Noivern|Hurricane|p2a: Exeggutor|[miss]\n|-miss|p1a: Noivern|p2a: Exeggutor\n|move|p2a: Exeggutor|Draco Meteor|p1a: Noivern\n|-supereffective|p1a: Noivern\n|-damage|p1a: Noivern|0 fnt\n|-unboost|p2a: Exeggutor|spa|2\n|faint|p1a: Noivern\n|\n|upkeep\n|\n|t:|1733788057\n|switch|p1a: Oricorio|Oricorio-Pom-Pom, L82, F|257/257\n|turn|15\n|c|\u2606ZaneCrescentB|I love how much I forced your hand.\n|\n|t:|1733788061\n|move|p1a: Oricorio|Hurricane|p2a: Exeggutor\n|-supereffective|p2a: Exeggutor\n|-damage|p2a: Exeggutor|8/314\n|move|p2a: Exeggutor|Draco Meteor|p1a: Oricorio\n|-crit|p1a: Oricorio\n|-damage|p1a: Oricorio|0 fnt\n|-unboost|p2a: Exeggutor|spa|2\n|faint|p1a: Oricorio\n|\n|upkeep\n|c|\u2606ZaneCrescentB|HOLY!\n|\n|t:|1733788070\n|switch|p1a: Bruxish|Bruxish, L85, F|254/254\n|-damage|p1a: Bruxish|223/254|[from] Spikes\n|-damage|p1a: Bruxish|192/254|[from] Stealth Rock\n|turn|16\n|\n|t:|1733788076\n|move|p1a: Bruxish|Aqua Jet|p2a: Exeggutor\n|-resisted|p2a: Exeggutor\n|-damage|p2a: Exeggutor|0 fnt\n|faint|p2a: Exeggutor\n|\n|upkeep\n|\n|t:|1733788078\n|switch|p2a: Klefki|Klefki, L84, M|233/233\n|-damage|p2a: Klefki|219/233|[from] Stealth Rock\n|turn|17\n|\n|t:|1733788083\n|move|p1a: Bruxish|Aqua Jet|p2a: Klefki\n|-damage|p2a: Klefki|149/233\n|move|p2a: Klefki|Thunder Wave|p1a: Bruxish|[miss]\n|-miss|p2a: Klefki|p1a: Bruxish\n|\n|-heal|p2a: Klefki|163/233|[from] item: Leftovers\n|upkeep\n|turn|18\n|\n|t:|1733788090\n|move|p1a: Bruxish|Aqua Jet|p2a: Klefki\n|-damage|p2a: Klefki|97/233\n|move|p2a: Klefki|Thunder Wave|p1a: Bruxish\n|-status|p1a: Bruxish|par\n|\n|-heal|p2a: Klefki|111/233|[from] item: Leftovers\n|upkeep\n|turn|19\n|\n|t:|1733788096\n|move|p2a: Klefki|Spikes|p1a: Bruxish\n|-sidestart|p1: hibebegorgeous|Spikes\n|move|p1a: Bruxish|Aqua Jet|p2a: Klefki\n|-damage|p2a: Klefki|42/233\n|\n|-heal|p2a: Klefki|56/233|[from] item: Leftovers\n|upkeep\n|turn|20\n|\n|t:|1733788102\n|move|p2a: Klefki|Spikes|p1a: Bruxish\n|-sidestart|p1: hibebegorgeous|Spikes\n|cant|p1a: Bruxish|par\n|\n|-heal|p2a: Klefki|70/233|[from] item: Leftovers\n|upkeep\n|turn|21\n|\n|t:|1733788108\n|switch|p2a: Poliwrath|Poliwrath, L88, F|302/302\n|-damage|p2a: Poliwrath|284/302|[from] Stealth Rock\n|cant|p1a: Bruxish|par\n|\n|-heal|p2a: Poliwrath|302/302|[from] item: Leftovers\n|upkeep\n|turn|22\n|-message|hibebegorgeous forfeited.\n|\n|win|ZaneCrescentB\n|raw|hibebegorgeous's rating: 1401 &rarr; <strong>1384</strong><br />(-17 for losing)\n|raw|ZaneCrescentB's rating: 1459 &rarr; <strong>1476</strong><br />(+17 for winning)\n|l|\u2606hibebegorgeous\n|player|p1|\n|c|\u2606ZaneCrescentB|Gg.\n", "inputlog": ">version bfd83cad13791eb5a5a409923076391caf6fb4d4\n>start {\"formatid\":\"gen9randombattle\",\"seed\":[60575,46901,34437,156],\"rated\":\"Rated battle\"}\n>player p1 {\"name\":\"hibebegorgeous\",\"avatar\":\"1\",\"rating\":1401,\"seed\":[53510,14371,39980,44159]}\n>player p2 {\"name\":\"ZaneCrescentB\",\"avatar\":\"vessa\",\"rating\":1459,\"seed\":[35633,56130,6731,30024]}\n>chat \u2606ZaneCrescentB|Gl hf.\n>chat \u2606ZaneCrescentB|Let's GO!\n>p1 move dracometeor\n>p2 switch 5\n>p1 switch 5\n>p2 move spikes\n>p1 move stealthrock\n>p2 move thunderwave\n>p1 move stealthrock\n>p2 switch 6\n>p1 move closecombat\n>p2 move stealthrock\n>chat \u2606ZaneCrescentB|Great minds think alike.\n>p1 move closecombat\n>p2 move bodypress\n>p1 move closecombat\n>p2 move bodypress\n>p1 switch 2\n>p1 move earthquake\n>p2 move ironhead\n>p1 move earthquake\n>p2 move bodypress\n>p2 switch 5\n>p1 move toxic\n>p2 move dracometeor\n>p1 switch 6\n>p1 move playrough\n>p2 switch 4\n>p1 move wildcharge\n>p2 move swordsdance\n>chat \u2606ZaneCrescentB|MY GOAT!\n>p1 move playrough\n>p2 move doubleedge\n>p1 switch 5\n>p2 switch 4\n>p1 move hurricane\n>p2 move dracometeor\n>p1 switch 4\n>chat \u2606ZaneCrescentB|I love how much I forced your hand.\n>p1 move hurricane\n>p2 move dracometeor\n>chat \u2606ZaneCrescentB|HOLY!\n>p1 switch 3\n>p1 move aquajet\n>p2 move dracometeor\n>p2 switch 6\n>p1 move aquajet\n>p2 move thunderwave\n>p1 move aquajet\n>p2 move thunderwave\n>p1 move aquajet\n>p2 move spikes\n>p1 move aquajet\n>p2 move spikes\n>p1 move aquajet\n>p2 switch 2\n>forcelose p1", "uploadtime": 1733788117, "views": 2, "formatid": "gen9randombattle", "rating": 1384, "private": 0, "password": null}