{"id": "gen9randombattle-2132693683", "format": "[Gen 9] Random Battle", "players": ["AGILE419", "Jaikido"], "log": "|badge|p2|bronze|gen9randombattle|100-1\n|html|<div class=\"broadcast-red\"><strong>This battle is required to be public due to one or more player having a season medal.</strong><br />During the public phase, you can discuss the state of the ladder <a href=\"/seasondiscussion\">in a special chatroom.</a></div>\n|uhtml|medal-msg|<div class=\"broadcast-blue\">Curious what those medals under the avatar are? PS now has Ladder Seasons! For more information, check out the <a href=\"https://www.smogon.com/forums/threads/3740067/\">thread on Smogon.</a></div>\n|raw|<div class=\"broadcast-blue\"><strong>This battle is required to be public due to a player having a name starting with 'medal'.</div>\n|j|\u2606AGILE419\n|j|\u2606Jaikido\n|t:|1716968791\n|gametype|singles\n|player|p1|AGILE419|265|2244\n|player|p2|Jaikido|170|2331\n|teamsize|p1|6\n|teamsize|p2|6\n|gen|9\n|tier|[Gen 9] Random Battle\n|rated|\n|rule|Species Clause: Limit one of each Pok\u00e9mon\n|rule|HP Percentage Mod: HP is shown in percentages\n|rule|Sleep Clause Mod: Limit one foe put to sleep\n|rule|Illusion Level Mod: Illusion disguises the Pok\u00e9mon's true level\n|\n|t:|1716968791\n|start\n|switch|p1a: Forretress|Forretress, L84, M|263/263\n|switch|p2a: Oranguru|Oranguru, L92, M|315/315\n|turn|1\n|inactive|Battle timer is ON: inactive players will automatically lose when time's up. (requested by Jaikido)\n|\n|t:|1716968807\n|move|p2a: Oranguru|Nasty Plot|p2a: Oranguru\n|-boost|p2a: Oranguru|spa|2\n|move|p1a: Forretress|Spikes|p2a: Oranguru\n|-sidestart|p2: Jaikido|Spikes\n|\n|upkeep\n|turn|2\n|\n|t:|1716968815\n|move|p2a: Oranguru|Thunderbolt|p1a: Forretress\n|-damage|p1a: Forretress|74/263\n|move|p1a: Forretress|Rapid Spin|p2a: Oranguru\n|-damage|p2a: Oranguru|282/315\n|-boost|p1a: Forretress|spe|1\n|\n|-heal|p1a: Forretress|90/263|[from] item: Leftovers\n|-heal|p2a: Oranguru|301/315|[from] item: Leftovers\n|upkeep\n|turn|3\n|\n|t:|1716968825\n|move|p1a: Forretress|Body Press|p2a: Oranguru\n|-damage|p2a: Oranguru|224/315\n|move|p2a: Oranguru|Thunderbolt|p1a: Forretress\n|-damage|p1a: Forretress|0 fnt\n|faint|p1a: Forretress\n|\n|-heal|p2a: Oranguru|243/315|[from] item: Leftovers\n|upkeep\n|\n|t:|1716968826\n|switch|p1a: Hydreigon|Hydreigon, L79, M|275/275\n|turn|4\n|\n|t:|1716968839\n|switch|p2a: Fezandipiti|Fezandipiti, L82, M|278/278\n|-damage|p2a: Fezandipiti|244/278|[from] Spikes\n|move|p1a: Hydreigon|Dark Pulse|p2a: Fezandipiti\n|-resisted|p2a: Fezandipiti\n|-damage|p2a: Fezandipiti|201/278\n|-damage|p1a: Hydreigon|248/275|[from] item: Life Orb\n|\n|upkeep\n|turn|5\n|\n|t:|1716968846\n|switch|p1a: Sudowoodo|Sudowoodo, L93, F|281/281\n|move|p2a: Fezandipiti|Gunk Shot|p1a: Sudowoodo\n|-resisted|p1a: Sudowoodo\n|-damage|p1a: Sudowoodo|226/281\n|-status|p1a: Sudowoodo|tox|[from] ability: Toxic Chain|[of] p2a: Fezandipiti\n|-damage|p2a: Fezandipiti|174/278|[from] item: Life Orb\n|\n|-heal|p1a: Sudowoodo|243/281 tox|[from] item: Leftovers\n|-damage|p1a: Sudowoodo|226/281 tox|[from] psn\n|upkeep\n|turn|6\n|\n|t:|1716968852\n|switch|p2a: Groudon|Groudon, L72|263/263\n|-damage|p2a: Groudon|231/263|[from] Spikes\n|-weather|SunnyDay|[from] ability: Drought|[of] p2a: Groudon\n|move|p1a: Sudowoodo|Stealth Rock|p2a: Groudon\n|-sidestart|p2: Jaikido|move: Stealth Rock\n|\n|-weather|SunnyDay|[upkeep]\n|-heal|p2a: Groudon|247/263|[from] item: Leftovers\n|-heal|p1a: Sudowoodo|243/281 tox|[from] item: Leftovers\n|-damage|p1a: Sudowoodo|209/281 tox|[from] psn\n|upkeep\n|turn|7\n|\n|t:|1716968858\n|move|p2a: Groudon|Precipice Blades|p1a: Sudowoodo\n|-supereffective|p1a: Sudowoodo\n|-damage|p1a: Sudowoodo|5/281 tox\n|move|p1a: Sudowoodo|Wood Hammer|p2a: Groudon\n|-supereffective|p2a: Groudon\n|-damage|p2a: Groudon|83/263\n|\n|-weather|SunnyDay|[upkeep]\n|-heal|p2a: Groudon|99/263|[from] item: Leftovers\n|-heal|p1a: Sudowoodo|22/281 tox|[from] item: Leftovers\n|-damage|p1a: Sudowoodo|0 fnt|[from] psn\n|faint|p1a: Sudowoodo\n|upkeep\n|\n|t:|1716968861\n|switch|p1a: Hydreigon|Hydreigon, L79, M|248/275\n|turn|8\n|\n|t:|1716968866\n|move|p1a: Hydreigon|Fire Blast|p2a: Groudon\n|-damage|p2a: Groudon|0 fnt\n|faint|p2a: Groudon\n|-damage|p1a: Hydreigon|221/275|[from] item: Life Orb\n|\n|-weather|SunnyDay|[upkeep]\n|upkeep\n|\n|t:|1716968870\n|switch|p2a: Fezandipiti|Fezandipiti, L82, M|174/278\n|-damage|p2a: Fezandipiti|140/278|[from] Spikes\n|-damage|p2a: Fezandipiti|106/278|[from] Stealth Rock\n|turn|9\n|\n|t:|1716968880\n|switch|p1a: Inteleon|Inteleon, L81, F|246/246\n|move|p2a: Fezandipiti|Play Rough|p1a: Inteleon\n|-damage|p1a: Inteleon|104/246\n|-status|p1a: Inteleon|tox|[from] ability: Toxic Chain|[of] p2a: Fezandipiti\n|-damage|p2a: Fezandipiti|79/278|[from] item: Life Orb\n|\n|-weather|SunnyDay|[upkeep]\n|-damage|p1a: Inteleon|89/246 tox|[from] psn\n|upkeep\n|turn|10\n|\n|t:|1716968888\n|move|p1a: Inteleon|Hydro Pump|p2a: Fezandipiti\n|-damage|p2a: Fezandipiti|6/278\n|move|p2a: Fezandipiti|Play Rough|p1a: Inteleon\n|-damage|p1a: Inteleon|0 fnt\n|faint|p1a: Inteleon\n|-damage|p2a: Fezandipiti|0 fnt|[from] item: Life Orb\n|faint|p2a: Fezandipiti\n|\n|-weather|none\n|upkeep\n|\n|t:|1716968895\n|switch|p1a: Hydreigon|Hydreigon, L79, M|221/275\n|switch|p2a: Iron Hands|Iron Hands, L79|373/373\n|-damage|p2a: Iron Hands|327/373|[from] Spikes\n|-damage|p2a: Iron Hands|304/373|[from] Stealth Rock\n|turn|11\n|\n|t:|1716968899\n|switch|p1a: Chesnaught|Chesnaught, L84, F|285/285\n|move|p2a: Iron Hands|Drain Punch|p1a: Chesnaught\n|-damage|p1a: Chesnaught|209/285\n|-heal|p2a: Iron Hands|342/373|[from] drain|[of] p1a: Chesnaught\n|\n|-heal|p1a: Chesnaught|226/285|[from] item: Leftovers\n|upkeep\n|turn|12\n|\n|t:|1716968906\n|-end|p2a: Iron Hands|Quark Drive|[silent]\n|switch|p2a: Skeledirge|Skeledirge, L79, F|294/294\n|move|p1a: Chesnaught|Trailblaze|p2a: Skeledirge\n|-resisted|p2a: Skeledirge\n|-damage|p2a: Skeledirge|264/294\n|-boost|p1a: Chesnaught|spe|1\n|\n|-heal|p1a: Chesnaught|243/285|[from] item: Leftovers\n|upkeep\n|turn|13\n|\n|t:|1716968910\n|switch|p1a: Jolteon|Jolteon, L84, F|246/246\n|move|p2a: Skeledirge|Will-O-Wisp|p1a: Jolteon\n|-status|p1a: Jolteon|brn\n|\n|-damage|p1a: Jolteon|231/246 brn|[from] brn\n|upkeep\n|turn|14\n|\n|t:|1716968917\n|move|p1a: Jolteon|Calm Mind|p1a: Jolteon\n|-boost|p1a: Jolteon|spa|1\n|-boost|p1a: Jolteon|spd|1\n|move|p2a: Skeledirge|Slack Off|p2a: Skeledirge\n|-heal|p2a: Skeledirge|294/294\n|\n|-damage|p1a: Jolteon|216/246 brn|[from] brn\n|upkeep\n|turn|15\n|\n|t:|1716968920\n|move|p1a: Jolteon|Thunderbolt|p2a: Skeledirge\n|-damage|p2a: Skeledirge|119/294\n|-status|p2a: Skeledirge|par\n|-damage|p1a: Jolteon|192/246 brn|[from] item: Life Orb\n|cant|p2a: Skeledirge|par\n|\n|-damage|p1a: Jolteon|177/246 brn|[from] brn\n|upkeep\n|turn|16\n|\n|t:|1716968927\n|switch|p2a: Oranguru|Oranguru, L92, M|243/315\n|-damage|p2a: Oranguru|204/315|[from] Spikes\n|-damage|p2a: Oranguru|165/315|[from] Stealth Rock\n|move|p1a: Jolteon|Shadow Ball|p2a: Oranguru\n|-immune|p2a: Oranguru\n|\n|-heal|p2a: Oranguru|184/315|[from] item: Leftovers\n|-damage|p1a: Jolteon|162/246 brn|[from] brn\n|upkeep\n|turn|17\n|\n|t:|1716968930\n|move|p1a: Jolteon|Thunderbolt|p2a: Oranguru\n|-damage|p2a: Oranguru|35/315\n|-damage|p1a: Jolteon|138/246 brn|[from] item: Life Orb\n|move|p2a: Oranguru|Psyshock|p1a: Jolteon\n|-damage|p1a: Jolteon|8/246 brn\n|\n|-heal|p2a: Oranguru|54/315|[from] item: Leftovers\n|-damage|p1a: Jolteon|0 fnt|[from] brn\n|faint|p1a: Jolteon\n|upkeep\n|\n|t:|1716968935\n|switch|p1a: Hydreigon|Hydreigon, L79, M|221/275\n|turn|18\n|\n|t:|1716968939\n|move|p1a: Hydreigon|Nasty Plot|p1a: Hydreigon\n|-boost|p1a: Hydreigon|spa|2\n|move|p2a: Oranguru|Focus Blast|p1a: Hydreigon\n|-supereffective|p1a: Hydreigon\n|-damage|p1a: Hydreigon|27/275\n|\n|-heal|p2a: Oranguru|73/315|[from] item: Leftovers\n|upkeep\n|turn|19\n|\n|t:|1716968941\n|move|p1a: Hydreigon|Dark Pulse|p2a: Oranguru\n|-supereffective|p2a: Oranguru\n|-damage|p2a: Oranguru|0 fnt\n|faint|p2a: Oranguru\n|-damage|p1a: Hydreigon|0 fnt|[from] item: Life Orb\n|faint|p1a: Hydreigon\n|\n|upkeep\n|c|\u2606AGILE419|gg\n|-message|AGILE419 forfeited.\n|\n|win|Jaikido\n|raw|AGILE419's rating: 2244 &rarr; <strong>2229</strong><br />(-15 for losing)\n|raw|Jaikido's rating: 2331 &rarr; <strong>2346</strong><br />(+15 for winning)\n|c|\u2606Jaikido|gg\n|l|\u2606AGILE419\n|player|p1|\n", "inputlog": ">version 7158ead19aeac8750849df2840eabb6dbec77df6\n>start {\"formatid\":\"gen9randombattle\",\"seed\":[53010,9314,15632,30687],\"rated\":\"Rated battle\"}\n>player p1 {\"name\":\"AGILE419\",\"avatar\":\"265\",\"rating\":2244,\"seed\":[20135,11115,28381,51300]}\n>player p2 {\"name\":\"Jaikido\",\"avatar\":\"170\",\"rating\":2331,\"seed\":[64435,12201,30203,41515]}\n>p1 move spikes\n>p2 move nastyplot\n>p1 move rapidspin\n>p2 move thunderbolt\n>p1 move bodypress\n>p2 move thunderbolt\n>p1 switch 5\n>p1 move darkpulse\n>p2 switch 4\n>p1 switch 2\n>p2 move gunkshot\n>p1 move stealthrock\n>p2 switch 5\n>p1 move woodhammer\n>p2 move precipiceblades\n>p1 switch 2\n>p1 move fireblast\n>p2 move thunderwave\n>p2 switch 5\n>p1 switch 3\n>p2 move playrough\n>p1 move hydropump\n>p2 move playrough\n>p1 switch 3\n>p2 switch 2\n>p1 switch 6\n>p2 move drainpunch\n>p1 move trailblaze\n>p2 switch 3\n>p1 switch 4\n>p2 move willowisp\n>p1 move calmmind\n>p2 move slackoff\n>p1 move thunderbolt\n>p2 move slackoff\n>p1 move shadowball\n>p2 switch 4\n>p1 move thunderbolt\n>p2 move psyshock\n>p1 switch 6\n>p1 move nastyplot\n>p2 move focusblast\n>p1 move darkpulse\n>p2 move thunderbolt\n>chat \u2606AGILE419|gg\n>forcelose p1", "uploadtime": 1716968948, "views": 199, "formatid": "gen9randombattle", "rating": 2229, "private": 0, "password": null}