{"id": "gen9randombattle-2260671406", "format": "[Gen 9] Random Battle", "players": ["QuestionableActs", "chiconuclear"], "log": "|j|\u2606QuestionableActs\n|j|\u2606chiconuclear\n|t:|1733876474\n|gametype|singles\n|player|p1|QuestionableActs|266|1887\n|player|p2|chiconuclear|169|1885\n|teamsize|p1|6\n|teamsize|p2|6\n|gen|9\n|tier|[Gen 9] Random Battle\n|rated|\n|rule|Species Clause: Limit one of each Pok\u00e9mon\n|rule|HP Percentage Mod: HP is shown in percentages\n|rule|Sleep Clause Mod: Limit one foe put to sleep\n|rule|Illusion Level Mod: Illusion disguises the Pok\u00e9mon's true level\n|\n|t:|1733876474\n|start\n|switch|p1a: Darkrai|Darkrai, L77|234/234\n|switch|p2a: Luxray|Luxray, L88, F|284/284\n|-ability|p2a: Luxray|Intimidate|boost\n|-unboost|p1a: Darkrai|atk|1\n|turn|1\n|\n|t:|1733876500\n|switch|p1a: Sandslash|Sandslash-Alola, L88, M|275/275\n|move|p2a: Luxray|Play Rough|p1a: Sandslash\n|-resisted|p1a: Sandslash\n|-damage|p1a: Sandslash|244/275\n|\n|upkeep\n|turn|2\n|inactive|Battle timer is ON: inactive players will automatically lose when time's up. (requested by QuestionableActs)\n|\n|t:|1733876511\n|move|p2a: Luxray|Volt Switch|p1a: Sandslash\n|-crit|p1a: Sandslash\n|-damage|p1a: Sandslash|147/275\n|\n|t:|1733876516\n|switch|p2a: Hariyama|Hariyama, L87, M|392/392|[from] Volt Switch\n|move|p1a: Sandslash|Earthquake|p2a: Hariyama\n|-damage|p2a: Hariyama|288/392\n|\n|upkeep\n|turn|3\n|\n|t:|1733876529\n|switch|p1a: Spidops|Spidops, L96, M|271/271\n|move|p2a: Hariyama|Close Combat|p1a: Spidops\n|-resisted|p1a: Spidops\n|-damage|p1a: Spidops|199/271\n|-unboost|p2a: Hariyama|def|1\n|-unboost|p2a: Hariyama|spd|1\n|\n|upkeep\n|turn|4\n|\n|t:|1733876546\n|move|p2a: Hariyama|Heavy Slam|p1a: Spidops\n|-damage|p1a: Spidops|107/271\n|move|p1a: Spidops|Sticky Web|p2a: Hariyama\n|-sidestart|p2: chiconuclear|move: Sticky Web\n|\n|upkeep\n|turn|5\n|\n|t:|1733876551\n|move|p2a: Hariyama|Heavy Slam|p1a: Spidops\n|-damage|p1a: Spidops|21/271\n|move|p1a: Spidops|Circle Throw|p2a: Hariyama\n|-damage|p2a: Hariyama|191/392\n|drag|p2a: Malamar|Malamar, L82, M|275/275\n|-activate|p2a: Malamar|move: Sticky Web\n|-boost|p2a: Malamar|spe|1\n|\n|upkeep\n|turn|6\n|\n|t:|1733876560\n|move|p2a: Malamar|Superpower|p1a: Spidops\n|-resisted|p1a: Spidops\n|-damage|p1a: Spidops|0 fnt\n|-boost|p2a: Malamar|atk|1\n|-boost|p2a: Malamar|def|1\n|faint|p1a: Spidops\n|\n|upkeep\n|\n|t:|1733876571\n|switch|p1a: Darkrai|Darkrai, L77|234/234\n|turn|7\n|\n|t:|1733876582\n|-terastallize|p1a: Darkrai|Poison\n|move|p2a: Malamar|Superpower|p1a: Darkrai\n|-resisted|p1a: Darkrai\n|-damage|p1a: Darkrai|170/234\n|-boost|p2a: Malamar|atk|1\n|-boost|p2a: Malamar|def|1\n|move|p1a: Darkrai|Sludge Bomb|p2a: Malamar\n|-damage|p2a: Malamar|119/275\n|-status|p2a: Malamar|psn\n|-damage|p1a: Darkrai|147/234|[from] item: Life Orb\n|\n|-heal|p2a: Malamar|136/275 psn|[from] item: Leftovers\n|-damage|p2a: Malamar|102/275 psn|[from] psn\n|upkeep\n|turn|8\n|\n|t:|1733876595\n|switch|p1a: Sandslash|Sandslash-Alola, L88, M|147/275\n|move|p2a: Malamar|Knock Off|p1a: Sandslash\n|-damage|p1a: Sandslash|0 fnt\n|-enditem|p1a: Sandslash|Assault Vest|[from] move: Knock Off|[of] p2a: Malamar\n|faint|p1a: Sandslash\n|\n|-heal|p2a: Malamar|119/275 psn|[from] item: Leftovers\n|-damage|p2a: Malamar|85/275 psn|[from] psn\n|upkeep\n|\n|t:|1733876600\n|switch|p1a: Medicham|Medicham, L86, M|243/243\n|turn|9\n|\n|t:|1733876612\n|switch|p1a: Toxicroak|Toxicroak, L84, M|277/277\n|move|p2a: Malamar|Rest|p2a: Malamar\n|-status|p2a: Malamar|slp|[from] move: Rest\n|-heal|p2a: Malamar|275/275 slp|[silent]\n|\n|upkeep\n|turn|10\n|\n|t:|1733876617\n|cant|p2a: Malamar|slp\n|move|p2a: Malamar|Sleep Talk|p2a: Malamar\n|move|p2a: Malamar|Knock Off|p1a: Toxicroak|[from]move: Sleep Talk\n|-resisted|p1a: Toxicroak\n|-damage|p1a: Toxicroak|168/277\n|-enditem|p1a: Toxicroak|Life Orb|[from] move: Knock Off|[of] p2a: Malamar\n|move|p1a: Toxicroak|Swords Dance|p1a: Toxicroak\n|-boost|p1a: Toxicroak|atk|2\n|\n|upkeep\n|turn|11\n|\n|t:|1733876625\n|cant|p2a: Malamar|slp\n|move|p2a: Malamar|Sleep Talk|p2a: Malamar\n|move|p2a: Malamar|Rest||[from]move: Sleep Talk|[still]\n|-fail|p2a: Malamar\n|move|p1a: Toxicroak|Close Combat|p2a: Malamar\n|-damage|p2a: Malamar|133/275 slp\n|-unboost|p1a: Toxicroak|def|1\n|-unboost|p1a: Toxicroak|spd|1\n|\n|-heal|p2a: Malamar|150/275 slp|[from] item: Leftovers\n|upkeep\n|turn|12\n|\n|t:|1733876632\n|-curestatus|p2a: Malamar|slp|[msg]\n|move|p2a: Malamar|Superpower|p1a: Toxicroak\n|-resisted|p1a: Toxicroak\n|-damage|p1a: Toxicroak|36/277\n|-boost|p2a: Malamar|atk|1\n|-boost|p2a: Malamar|def|1\n|move|p1a: Toxicroak|Close Combat|p2a: Malamar\n|-damage|p2a: Malamar|29/275\n|-unboost|p1a: Toxicroak|def|1\n|-unboost|p1a: Toxicroak|spd|1\n|\n|-heal|p2a: Malamar|46/275|[from] item: Leftovers\n|upkeep\n|turn|13\n|\n|t:|1733876641\n|move|p2a: Malamar|Rest|p2a: Malamar\n|-status|p2a: Malamar|slp|[from] move: Rest\n|-heal|p2a: Malamar|275/275 slp|[silent]\n|move|p1a: Toxicroak|Close Combat|p2a: Malamar\n|-damage|p2a: Malamar|154/275 slp\n|-unboost|p1a: Toxicroak|def|1\n|-unboost|p1a: Toxicroak|spd|1\n|\n|-heal|p2a: Malamar|171/275 slp|[from] item: Leftovers\n|upkeep\n|turn|14\n|\n|t:|1733876648\n|cant|p2a: Malamar|slp\n|move|p2a: Malamar|Sleep Talk|p2a: Malamar\n|move|p2a: Malamar|Knock Off|p1a: Toxicroak|[from]move: Sleep Talk\n|-resisted|p1a: Toxicroak\n|-damage|p1a: Toxicroak|0 fnt\n|faint|p1a: Toxicroak\n|\n|-heal|p2a: Malamar|188/275 slp|[from] item: Leftovers\n|upkeep\n|\n|t:|1733876654\n|switch|p1a: Darkrai|Darkrai, L77, tera:Poison|147/234\n|turn|15\n|\n|t:|1733876659\n|cant|p2a: Malamar|slp\n|move|p2a: Malamar|Sleep Talk|p2a: Malamar\n|move|p2a: Malamar|Knock Off|p1a: Darkrai|[from]move: Sleep Talk\n|-damage|p1a: Darkrai|0 fnt\n|-enditem|p1a: Darkrai|Life Orb|[from] move: Knock Off|[of] p2a: Malamar\n|faint|p1a: Darkrai\n|\n|-heal|p2a: Malamar|205/275 slp|[from] item: Leftovers\n|upkeep\n|\n|t:|1733876665\n|switch|p1a: Espathra|Espathra, L80, M|283/283\n|turn|16\n|\n|t:|1733876669\n|-curestatus|p2a: Malamar|slp|[msg]\n|move|p2a: Malamar|Knock Off|p1a: Espathra\n|-supereffective|p1a: Espathra\n|-damage|p1a: Espathra|0 fnt\n|-enditem|p1a: Espathra|Leftovers|[from] move: Knock Off|[of] p2a: Malamar\n|faint|p1a: Espathra\n|\n|-heal|p2a: Malamar|222/275|[from] item: Leftovers\n|upkeep\n|-message|QuestionableActs forfeited.\n|\n|win|chiconuclear\n|raw|QuestionableActs's rating: 1887 &rarr; <strong>1867</strong><br />(-20 for losing)\n|raw|chiconuclear's rating: 1885 &rarr; <strong>1905</strong><br />(+20 for winning)\n|l|\u2606QuestionableActs\n|player|p1|\n", "inputlog": ">version bfd83cad13791eb5a5a409923076391caf6fb4d4\n>start {\"formatid\":\"gen9randombattle\",\"seed\":[63835,21422,41531,27118],\"rated\":\"Rated battle\"}\n>player p1 {\"name\":\"QuestionableActs\",\"avatar\":\"266\",\"rating\":1887,\"seed\":[29541,32174,9901,19917]}\n>player p2 {\"name\":\"chiconuclear\",\"avatar\":\"169\",\"rating\":1885,\"seed\":[55850,58625,29960,41682]}\n>p1 switch 4\n>p2 move playrough\n>p1 move earthquake\n>p2 move voltswitch\n>p2 switch 4\n>p1 switch 2\n>p2 move closecombat\n>p1 move stickyweb\n>p2 move heavyslam\n>p1 move circlethrow\n>p2 move heavyslam\n>p1 move circlethrow\n>p2 move superpower\n>p1 switch 4\n>p1 move sludgebomb terastallize\n>p2 move superpower\n>p1 switch 2\n>p2 move knockoff\n>p1 switch 3\n>p1 switch 6\n>p2 move rest\n>p1 move swordsdance\n>p2 move sleeptalk\n>p1 move closecombat\n>p2 move sleeptalk\n>p1 move closecombat\n>p2 move superpower\n>p1 move closecombat\n>p2 move rest\n>p1 move closecombat\n>p2 move sleeptalk\n>p1 switch 2\n>p1 move sludgebomb\n>p2 move sleeptalk\n>p1 switch 5\n>p1 move dazzlinggleam\n>p2 move knockoff\n>forcelose p1", "uploadtime": 1733876678, "views": 2, "formatid": "gen9randombattle", "rating": 1867, "private": 0, "password": null}