{"id": "gen9randombattle-2260093143", "format": "[Gen 9] Random Battle", "players": ["sodpnw", "pokecuber23"], "log": "|j|\u2606sodpnw\n|j|\u2606pokecuber23\n|t:|1733801420\n|gametype|singles\n|player|p1|sodpnw|169|1229\n|player|p2|pokecuber23|2|1218\n|teamsize|p1|6\n|teamsize|p2|6\n|gen|9\n|tier|[Gen 9] Random Battle\n|rated|\n|rule|Species Clause: Limit one of each Pok\u00e9mon\n|rule|HP Percentage Mod: HP is shown in percentages\n|rule|Sleep Clause Mod: Limit one foe put to sleep\n|rule|Illusion Level Mod: Illusion disguises the Pok\u00e9mon's true level\n|\n|t:|1733801420\n|start\n|switch|p1a: Politoed|Politoed, L88, M|302/302\n|switch|p2a: Vileplume|Vileplume, L85, F|266/266\n|-weather|RainDance|[from] ability: Drizzle|[of] p1a: Politoed\n|turn|1\n|inactive|Battle timer is ON: inactive players will automatically lose when time's up. (requested by sodpnw)\n|\n|t:|1733801439\n|switch|p1a: Scizor|Scizor, L79, F|240/240\n|move|p2a: Vileplume|Leech Seed|p1a: Scizor\n|-start|p1a: Scizor|move: Leech Seed\n|\n|-weather|RainDance|[upkeep]\n|-damage|p1a: Scizor|210/240|[from] Leech Seed|[of] p2a: Vileplume\n|upkeep\n|turn|2\n|\n|t:|1733801467\n|switch|p2a: Bastiodon|Bastiodon, L89, F|252/252\n|move|p1a: Scizor|U-turn|p2a: Bastiodon\n|-resisted|p2a: Bastiodon\n|-damage|p2a: Bastiodon|216/252\n|\n|t:|1733801473\n|switch|p1a: Politoed|Politoed, L88, M|302/302|[from] U-turn\n|\n|-weather|RainDance|[upkeep]\n|upkeep\n|turn|3\n|\n|t:|1733801486\n|move|p1a: Politoed|Surf|p2a: Bastiodon\n|-supereffective|p2a: Bastiodon\n|-crit|p2a: Bastiodon\n|-damage|p2a: Bastiodon|0 fnt\n|faint|p2a: Bastiodon\n|\n|-weather|RainDance|[upkeep]\n|upkeep\n|\n|t:|1733801493\n|switch|p2a: Vileplume|Vileplume, L85, F|266/266\n|turn|4\n|\n|t:|1733801497\n|switch|p1a: Scizor|Scizor, L79, F|210/240\n|move|p2a: Vileplume|Leech Seed|p1a: Scizor\n|-start|p1a: Scizor|move: Leech Seed\n|\n|-weather|RainDance|[upkeep]\n|-damage|p1a: Scizor|180/240|[from] Leech Seed|[of] p2a: Vileplume\n|upkeep\n|turn|5\n|\n|t:|1733801510\n|switch|p2a: Dragonite|Dragonite, L74, F|257/257\n|move|p1a: Scizor|U-turn|p2a: Dragonite\n|-resisted|p2a: Dragonite\n|-damage|p2a: Dragonite|227/257\n|\n|t:|1733801516\n|switch|p1a: Delibird|Delibird, M|252/252|[from] U-turn\n|\n|-weather|none\n|upkeep\n|turn|6\n|\n|t:|1733801527\n|switch|p2a: Zacian|Zacian, L69|241/241\n|-ability|p2a: Zacian|Intrepid Sword|boost\n|-boost|p2a: Zacian|atk|1\n|move|p1a: Delibird|Ice Spinner|p2a: Zacian\n|-damage|p2a: Zacian|127/241\n|\n|upkeep\n|turn|7\n|\n|t:|1733801551\n|switch|p1a: Grumpig|Grumpig, L92, F|297/297\n|move|p2a: Zacian|Close Combat|p1a: Grumpig\n|-resisted|p1a: Grumpig\n|-damage|p1a: Grumpig|206/297\n|-unboost|p2a: Zacian|def|1\n|-unboost|p2a: Zacian|spd|1\n|\n|upkeep\n|turn|8\n|\n|t:|1733801560\n|switch|p2a: Stonjourner|Stonjourner, L91, M|330/330\n|move|p1a: Grumpig|Psychic|p2a: Stonjourner\n|-damage|p2a: Stonjourner|0 fnt\n|faint|p2a: Stonjourner\n|\n|upkeep\n|\n|t:|1733801568\n|switch|p2a: Zacian|Zacian, L69|127/241\n|turn|9\n|\n|t:|1733801573\n|move|p2a: Zacian|Crunch|p1a: Grumpig\n|-supereffective|p1a: Grumpig\n|-damage|p1a: Grumpig|46/297\n|move|p1a: Grumpig|Psychic|p2a: Zacian\n|-damage|p2a: Zacian|0 fnt\n|faint|p2a: Zacian\n|\n|upkeep\n|\n|t:|1733801583\n|switch|p2a: Eiscue|Eiscue, L88, M|272/272\n|turn|10\n|\n|t:|1733801589\n|move|p1a: Grumpig|Psychic|p2a: Eiscue\n|-damage|p2a: Eiscue|122/272\n|move|p2a: Eiscue|Belly Drum||[still]\n|-fail|p2a: Eiscue\n|\n|upkeep\n|turn|11\n|\n|t:|1733801595\n|move|p1a: Grumpig|Psychic|p2a: Eiscue\n|-damage|p2a: Eiscue|0 fnt\n|faint|p2a: Eiscue\n|\n|upkeep\n|-message|pokecuber23 forfeited.\n|\n|win|sodpnw\n|raw|sodpnw's rating: 1229 &rarr; <strong>1253</strong><br />(+24 for winning)\n|raw|pokecuber23's rating: 1218 &rarr; <strong>1194</strong><br />(-24 for losing)\n|l|\u2606pokecuber23\n|player|p2|\n", "inputlog": ">version bfd83cad13791eb5a5a409923076391caf6fb4d4\n>start {\"formatid\":\"gen9randombattle\",\"seed\":[13034,32063,9007,14327],\"rated\":\"Rated battle\"}\n>player p1 {\"name\":\"sodpnw\",\"avatar\":\"169\",\"rating\":1229,\"seed\":[51561,5156,4501,6248]}\n>player p2 {\"name\":\"pokecuber23\",\"avatar\":\"2\",\"rating\":1218,\"seed\":[57696,192,44307,40148]}\n>p1 switch 5\n>p2 move leechseed\n>p1 move uturn\n>p2 switch 3\n>p1 switch 5\n>p1 move surf\n>p2 move irondefense\n>p2 switch 3\n>p1 switch 5\n>p2 move leechseed\n>p1 move uturn\n>p2 switch 5\n>p1 switch 3\n>p1 move icespinner\n>p2 switch 6\n>p1 switch 4\n>p2 move closecombat\n>p1 move psychic\n>p2 switch 4\n>p2 switch 4\n>p1 move psychic\n>p2 move crunch\n>p2 switch 2\n>p1 move psychic\n>p2 move bellydrum\n>p1 move psychic\n>p2 move liquidation\n>forcelose p2", "uploadtime": 1733801600, "views": 14, "formatid": "gen9randombattle", "rating": 1194, "private": 0, "password": null}