{"id": "gen9randombattle-2260520831", "format": "[Gen 9] Random Battle", "players": ["AstroLuvsMemes", "Glombot"], "log": "|badge|p2|bronze|gen9randombattle|100-3\n|uhtml|medal-msg|<div class=\"broadcast-blue\">Curious what those medals under the avatar are? PS now has Ladder Seasons! For more information, check out the <a href=\"https://www.smogon.com/forums/threads/3740067/\">thread on Smogon.</a></div>\n|j|\u2606AstroLuvsMemes\n|j|\u2606Glombot\n|t:|1733859622\n|gametype|singles\n|player|p1|AstroLuvsMemes|clair|2167\n|player|p2|Glombot|2|2297\n|teamsize|p1|6\n|teamsize|p2|6\n|gen|9\n|tier|[Gen 9] Random Battle\n|rated|\n|rule|Species Clause: Limit one of each Pok\u00e9mon\n|rule|HP Percentage Mod: HP is shown in percentages\n|rule|Sleep Clause Mod: Limit one foe put to sleep\n|rule|Illusion Level Mod: Illusion disguises the Pok\u00e9mon's true level\n|\n|t:|1733859622\n|start\n|switch|p1a: Sawsbuck|Sawsbuck-Autumn, L88, M|284/284\n|switch|p2a: Bellibolt|Bellibolt, L84, F|320/320\n|turn|1\n|\n|t:|1733859642\n|switch|p1a: Garganacl|Garganacl, L80, M|291/291\n|move|p2a: Bellibolt|Toxic|p1a: Garganacl\n|-immune|p1a: Garganacl|[from] ability: Purifying Salt\n|\n|upkeep\n|turn|2\n|\n|t:|1733859647\n|move|p2a: Bellibolt|Muddy Water|p1a: Garganacl\n|-supereffective|p1a: Garganacl\n|-damage|p1a: Garganacl|161/291\n|move|p1a: Garganacl|Salt Cure|p2a: Bellibolt\n|-damage|p2a: Bellibolt|283/320\n|-start|p2a: Bellibolt|Salt Cure\n|-start|p2a: Bellibolt|Charge|Salt Cure|[from] ability: Electromorphosis\n|\n|-heal|p2a: Bellibolt|303/320|[from] item: Leftovers\n|-heal|p1a: Garganacl|179/291|[from] item: Leftovers\n|-damage|p2a: Bellibolt|263/320|[from] Salt Cure\n|upkeep\n|turn|3\n|\n|t:|1733859664\n|move|p2a: Bellibolt|Thunderbolt|p1a: Garganacl\n|-damage|p1a: Garganacl|0 fnt\n|faint|p1a: Garganacl\n|-end|p2a: Bellibolt|Charge|[silent]\n|\n|-heal|p2a: Bellibolt|283/320|[from] item: Leftovers\n|-damage|p2a: Bellibolt|243/320|[from] Salt Cure\n|upkeep\n|inactive|Battle timer is ON: inactive players will automatically lose when time's up. (requested by Glombot)\n|\n|t:|1733859681\n|switch|p1a: Ting-Lu|Ting-Lu, L78|370/370\n|-ability|p1a: Ting-Lu|Vessel of Ruin\n|turn|4\n|\n|t:|1733859686\n|switch|p2a: Glaceon|Glaceon, L94, M|275/275\n|move|p1a: Ting-Lu|Earthquake|p2a: Glaceon\n|-damage|p2a: Glaceon|197/275\n|\n|upkeep\n|turn|5\n|\n|t:|1733859689\n|move|p2a: Glaceon|Freeze-Dry|p1a: Ting-Lu\n|-supereffective|p1a: Ting-Lu\n|-crit|p1a: Ting-Lu\n|-damage|p1a: Ting-Lu|172/370\n|-status|p1a: Ting-Lu|frz\n|cant|p1a: Ting-Lu|frz\n|\n|upkeep\n|turn|6\n|\n|t:|1733859694\n|move|p2a: Glaceon|Wish|p2a: Glaceon\n|cant|p1a: Ting-Lu|frz\n|\n|upkeep\n|turn|7\n|\n|t:|1733859696\n|move|p2a: Glaceon|Freeze-Dry|p1a: Ting-Lu\n|-supereffective|p1a: Ting-Lu\n|-damage|p1a: Ting-Lu|46/370 frz\n|cant|p1a: Ting-Lu|frz\n|\n|-heal|p2a: Glaceon|275/275|[from] move: Wish|[wisher] Glaceon\n|upkeep\n|turn|8\n|\n|t:|1733859702\n|move|p2a: Glaceon|Freeze-Dry|p1a: Ting-Lu\n|-supereffective|p1a: Ting-Lu\n|-damage|p1a: Ting-Lu|0 fnt\n|faint|p1a: Ting-Lu\n|\n|upkeep\n|\n|t:|1733859705\n|switch|p1a: Araquanid|Araquanid, L82, M|246/246\n|turn|9\n|\n|t:|1733859718\n|move|p2a: Glaceon|Freeze-Dry|p1a: Araquanid\n|-supereffective|p1a: Araquanid\n|-damage|p1a: Araquanid|78/246\n|move|p1a: Araquanid|Sticky Web|p2a: Glaceon\n|-sidestart|p2: Glombot|move: Sticky Web\n|\n|upkeep\n|turn|10\n|\n|t:|1733859727\n|move|p2a: Glaceon|Freeze-Dry|p1a: Araquanid\n|-supereffective|p1a: Araquanid\n|-damage|p1a: Araquanid|0 fnt\n|faint|p1a: Araquanid\n|\n|upkeep\n|\n|t:|1733859731\n|switch|p1a: Meloetta|Meloetta, L82|298/298\n|turn|11\n|\n|t:|1733859753\n|move|p1a: Meloetta|Psyshock|p2a: Glaceon\n|-damage|p2a: Glaceon|157/275\n|move|p2a: Glaceon|Freeze-Dry|p1a: Meloetta\n|-damage|p1a: Meloetta|202/298\n|\n|upkeep\n|turn|12\n|\n|t:|1733859760\n|move|p1a: Meloetta|Psyshock|p2a: Glaceon\n|-damage|p2a: Glaceon|36/275\n|move|p2a: Glaceon|Wish|p2a: Glaceon\n|\n|upkeep\n|turn|13\n|\n|t:|1733859767\n|switch|p1a: Sawsbuck|Sawsbuck-Autumn, L88, M|284/284\n|move|p2a: Glaceon|Protect||[still]\n|-fail|p2a: Glaceon\n|\n|-heal|p2a: Glaceon|173/275|[from] move: Wish|[wisher] Glaceon\n|upkeep\n|turn|14\n|\n|t:|1733859775\n|-terastallize|p1a: Sawsbuck|Normal\n|move|p1a: Sawsbuck|Swords Dance|p1a: Sawsbuck\n|-boost|p1a: Sawsbuck|atk|2\n|move|p2a: Glaceon|Freeze-Dry|p1a: Sawsbuck\n|-damage|p1a: Sawsbuck|146/284\n|\n|upkeep\n|turn|15\n|\n|t:|1733859796\n|switch|p2a: Bellibolt|Bellibolt, L84, F|243/320\n|-activate|p2a: Bellibolt|move: Sticky Web\n|-unboost|p2a: Bellibolt|spe|1\n|move|p1a: Sawsbuck|Horn Leech|p2a: Bellibolt\n|-damage|p2a: Bellibolt|16/320\n|-heal|p1a: Sawsbuck|260/284|[from] drain|[of] p2a: Bellibolt\n|-start|p2a: Bellibolt|Charge|Horn Leech|[from] ability: Electromorphosis\n|-damage|p1a: Sawsbuck|232/284|[from] item: Life Orb\n|\n|-heal|p2a: Bellibolt|36/320|[from] item: Leftovers\n|upkeep\n|turn|16\n|\n|t:|1733859800\n|move|p1a: Sawsbuck|Horn Leech|p2a: Bellibolt\n|-damage|p2a: Bellibolt|0 fnt\n|-heal|p1a: Sawsbuck|250/284|[from] drain|[of] p2a: Bellibolt\n|faint|p2a: Bellibolt\n|-damage|p1a: Sawsbuck|222/284|[from] item: Life Orb\n|\n|upkeep\n|\n|t:|1733859810\n|switch|p2a: Lugia|Lugia, L72|272/272\n|turn|17\n|\n|t:|1733859820\n|move|p1a: Sawsbuck|Headbutt|p2a: Lugia\n|-crit|p2a: Lugia\n|-damage|p2a: Lugia|97/272\n|-damage|p1a: Sawsbuck|194/284|[from] item: Life Orb\n|cant|p2a: Lugia|flinch\n|\n|upkeep\n|turn|18\n|\n|t:|1733859834\n|-terastallize|p2a: Lugia|Steel\n|move|p1a: Sawsbuck|Headbutt|p2a: Lugia\n|-resisted|p2a: Lugia\n|-damage|p2a: Lugia|0 fnt\n|faint|p2a: Lugia\n|-damage|p1a: Sawsbuck|166/284|[from] item: Life Orb\n|\n|upkeep\n|\n|t:|1733859836\n|switch|p2a: Iron Treads|Iron Treads, L77|265/265\n|-activate|p2a: Iron Treads|move: Sticky Web\n|-unboost|p2a: Iron Treads|spe|1\n|turn|19\n|\n|t:|1733859842\n|move|p1a: Sawsbuck|High Horsepower|p2a: Iron Treads\n|-supereffective|p2a: Iron Treads\n|-damage|p2a: Iron Treads|0 fnt\n|faint|p2a: Iron Treads\n|-end|p2a: Iron Treads|Quark Drive|[silent]\n|-damage|p1a: Sawsbuck|138/284|[from] item: Life Orb\n|\n|upkeep\n|\n|t:|1733859846\n|switch|p2a: Glaceon|Glaceon, L94, M|173/275\n|turn|20\n|\n|t:|1733859848\n|move|p1a: Sawsbuck|Horn Leech|p2a: Glaceon\n|-damage|p2a: Glaceon|4/275\n|-heal|p1a: Sawsbuck|223/284|[from] drain|[of] p2a: Glaceon\n|-damage|p1a: Sawsbuck|195/284|[from] item: Life Orb\n|move|p2a: Glaceon|Freeze-Dry|p1a: Sawsbuck\n|-damage|p1a: Sawsbuck|63/284\n|\n|upkeep\n|turn|21\n|\n|t:|1733859851\n|move|p1a: Sawsbuck|Horn Leech|p2a: Glaceon\n|-damage|p2a: Glaceon|0 fnt\n|-heal|p1a: Sawsbuck|65/284|[from] drain|[of] p2a: Glaceon\n|faint|p2a: Glaceon\n|-damage|p1a: Sawsbuck|37/284|[from] item: Life Orb\n|\n|upkeep\n|\n|t:|1733859853\n|switch|p2a: Miraidon|Miraidon, L65|238/238\n|-activate|p2a: Miraidon|move: Sticky Web\n|-unboost|p2a: Miraidon|spe|1\n|-fieldstart|move: Electric Terrain|[from] ability: Hadron Engine|[of] p2a: Miraidon\n|turn|22\n|\n|t:|1733859857\n|switch|p2a: Primarina|Primarina, L83, F|268/268\n|-activate|p2a: Primarina|move: Sticky Web\n|-unboost|p2a: Primarina|spe|1\n|move|p1a: Sawsbuck|High Horsepower|p2a: Primarina\n|-damage|p2a: Primarina|41/268\n|-damage|p1a: Sawsbuck|9/284|[from] item: Life Orb\n|\n|-heal|p2a: Primarina|57/268|[from] item: Leftovers\n|upkeep\n|turn|23\n|\n|t:|1733859861\n|move|p1a: Sawsbuck|Horn Leech|p2a: Primarina\n|-supereffective|p2a: Primarina\n|-crit|p2a: Primarina\n|-damage|p2a: Primarina|0 fnt\n|-heal|p1a: Sawsbuck|38/284|[from] drain|[of] p2a: Primarina\n|faint|p2a: Primarina\n|-damage|p1a: Sawsbuck|10/284|[from] item: Life Orb\n|\n|upkeep\n|-message|Glombot forfeited.\n|\n|win|AstroLuvsMemes\n|raw|AstroLuvsMemes's rating: 2167 &rarr; <strong>2193</strong><br />(+26 for winning)\n|raw|Glombot's rating: 2279 &rarr; <strong>2253</strong><br />(-26 for losing)\n|l|\u2606Glombot\n|player|p2|\n", "inputlog": ">version bfd83cad13791eb5a5a409923076391caf6fb4d4\n>start {\"formatid\":\"gen9randombattle\",\"seed\":[55482,23313,12667,45563],\"rated\":\"Rated battle\"}\n>player p1 {\"name\":\"AstroLuvsMemes\",\"avatar\":\"clair\",\"rating\":2167,\"seed\":[7182,33701,12898,19804]}\n>player p2 {\"name\":\"Glombot\",\"avatar\":\"2\",\"rating\":2297,\"seed\":[35776,53717,29378,41911]}\n>p1 switch 2\n>p2 move toxic\n>p1 move saltcure\n>p2 move muddywater\n>p1 move recover\n>p2 move thunderbolt\n>p1 switch 5\n>p1 move earthquake\n>p2 switch 6\n>p1 move heavyslam\n>p2 move freezedry\n>p1 move heavyslam\n>p2 move wish\n>p1 move heavyslam\n>p2 move freezedry\n>p1 move heavyslam\n>p2 move freezedry\n>p1 switch 4\n>p1 move stickyweb\n>p2 move freezedry\n>p1 move liquidation\n>p2 move freezedry\n>p1 switch 6\n>p1 move psyshock\n>p2 move freezedry\n>p1 move psyshock\n>p2 move wish\n>p1 switch 2\n>p2 move protect\n>p1 move swordsdance terastallize\n>p2 move freezedry\n>p1 move hornleech\n>p2 switch 6\n>p1 move hornleech\n>p2 move muddywater\n>p2 switch 3\n>p1 move headbutt\n>p2 move recover\n>p1 move headbutt\n>p2 move aeroblast terastallize\n>p2 switch 2\n>p1 move highhorsepower\n>p2 move earthquake\n>p2 switch 6\n>p1 move hornleech\n>p2 move freezedry\n>p1 move hornleech\n>p2 move freezedry\n>p2 switch 4\n>p1 move highhorsepower\n>p2 switch 5\n>p1 move hornleech\n>p2 move sparklingaria\n>forcelose p2", "uploadtime": 1733859881, "views": 11, "formatid": "gen9randombattle", "rating": 2193, "private": 0, "password": null}