{"id": "gen9randombattle-2102060040", "format": "[Gen 9] Random Battle", "players": ["Alderson", "Star Wheel"], "log": "|uhtml|medal-msg|<div class=\"broadcast-blue\">Curious what those medals under the avatar are? PS now has Ladder Seasons! For more information, check out the <a href=\"https://www.smogon.com/forums/threads/3740067/\">thread on Smogon.</a></div>\n|badge|p2|silver|gen9randombattle|30-1\n|uhtml|medal-msg|<div class=\"broadcast-blue\">Curious what those medals under the avatar are? PS now has Ladder Seasons! For more information, check out the <a href=\"https://www.smogon.com/forums/threads/3740067/\">thread on Smogon.</a></div>\n|j|\u2606Alderson\n|j|\u2606Star Wheel\n|t:|1712948770\n|gametype|singles\n|player|p1|Alderson|102|2268\n|player|p2|Star Wheel|darach-caitlin|2408\n|teamsize|p1|6\n|teamsize|p2|6\n|gen|9\n|tier|[Gen 9] Random Battle\n|rated|\n|rule|Species Clause: Limit one of each Pok\u00e9mon\n|rule|HP Percentage Mod: HP is shown in percentages\n|rule|Sleep Clause Mod: Limit one foe put to sleep\n|rule|Illusion Level Mod: Illusion disguises the Pok\u00e9mon's true level\n|\n|t:|1712948770\n|start\n|switch|p1a: Cloyster|Cloyster, L79, M|209/209\n|switch|p2a: Zekrom|Zekrom, L71|259/259\n|-ability|p2a: Zekrom|Teravolt\n|turn|1\n|inactive|Battle timer is ON: inactive players will automatically lose when time's up. (requested by Star Wheel)\n|inactive|Alderson also wants the timer to be on.\n|inactive|Star Wheel has 120 seconds left.\n|inactive|Star Wheel has 90 seconds left.\n|\n|t:|1712948832\n|switch|p2a: Golduck|Golduck, L90, M|290/290\n|-ability|p2a: Golduck|Cloud Nine\n|switch|p1a: Whimsicott|Whimsicott, L86, F|243/243\n|\n|upkeep\n|turn|2\n|\n|t:|1712948853\n|switch|p2a: Tropius|Tropius, L91, F|328/328\n|move|p1a: Whimsicott|Substitute|p1a: Whimsicott\n|-start|p1a: Whimsicott|Substitute\n|-damage|p1a: Whimsicott|183/243\n|\n|-heal|p1a: Whimsicott|198/243|[from] item: Leftovers\n|upkeep\n|turn|3\n|inactive|Alderson has 120 seconds left.\n|\n|t:|1712948877\n|switch|p1a: Electrode|Electrode, L92|260/260\n|move|p2a: Tropius|Air Slash|p1a: Electrode\n|-resisted|p1a: Electrode\n|-damage|p1a: Electrode|227/260\n|\n|upkeep\n|turn|4\n|\n|t:|1712948885\n|switch|p2a: Jolteon|Jolteon, L84, F|246/246\n|move|p1a: Electrode|Taunt|p2a: Jolteon\n|-start|p2a: Jolteon|move: Taunt\n|\n|upkeep\n|turn|5\n|inactive|Alderson has 120 seconds left.\n|inactive|Star Wheel has 120 seconds left.\n|\n|t:|1712948937\n|switch|p1a: Whimsicott|Whimsicott, L86, F|198/243\n|switch|p2a: Garganacl|Garganacl, L80, M|291/291\n|\n|-heal|p1a: Whimsicott|213/243|[from] item: Leftovers\n|upkeep\n|turn|6\n|inactive|Alderson has 120 seconds left.\n|inactive|Alderson has 90 seconds left.\n|\n|t:|1712948979\n|move|p1a: Whimsicott|Substitute|p1a: Whimsicott\n|-start|p1a: Whimsicott|Substitute\n|-damage|p1a: Whimsicott|153/243\n|move|p2a: Garganacl|Stealth Rock|p1a: Whimsicott\n|-sidestart|p1: Alderson|move: Stealth Rock\n|\n|-heal|p1a: Whimsicott|168/243|[from] item: Leftovers\n|upkeep\n|turn|7\n|\n|t:|1712948983\n|switch|p2a: Tropius|Tropius, L91, F|328/328\n|move|p1a: Whimsicott|Moonblast|p2a: Tropius\n|-damage|p2a: Tropius|237/328\n|\n|-heal|p1a: Whimsicott|183/243|[from] item: Leftovers\n|upkeep\n|turn|8\n|inactive|Star Wheel has 120 seconds left.\n|\n|t:|1712948997\n|move|p1a: Whimsicott|Moonblast|p2a: Tropius\n|-damage|p2a: Tropius|149/328\n|-enditem|p2a: Tropius|Sitrus Berry|[eat]\n|-heal|p2a: Tropius|231/328|[from] item: Sitrus Berry\n|move|p2a: Tropius|Substitute|p2a: Tropius\n|-start|p2a: Tropius|Substitute\n|-damage|p2a: Tropius|149/328\n|\n|-heal|p1a: Whimsicott|198/243|[from] item: Leftovers\n|upkeep\n|turn|9\n|\n|t:|1712949002\n|move|p2a: Tropius|Protect|p2a: Tropius\n|-singleturn|p2a: Tropius|Protect\n|move|p1a: Whimsicott|Encore|p2a: Tropius\n|-activate|p2a: Tropius|move: Protect\n|\n|-heal|p1a: Whimsicott|213/243|[from] item: Leftovers\n|upkeep\n|turn|10\n|\n|t:|1712949008\n|move|p1a: Whimsicott|Encore|p2a: Tropius\n|-start|p2a: Tropius|Encore\n|move|p2a: Tropius|Protect||[still]\n|-fail|p2a: Tropius\n|\n|-heal|p1a: Whimsicott|228/243|[from] item: Leftovers\n|upkeep\n|turn|11\n|inactive|Alderson has 120 seconds left.\n|\n|t:|1712949015\n|move|p2a: Tropius|Protect|p2a: Tropius\n|-singleturn|p2a: Tropius|Protect\n|move|p1a: Whimsicott|Moonblast|p2a: Tropius\n|-activate|p2a: Tropius|move: Protect\n|\n|-heal|p1a: Whimsicott|243/243|[from] item: Leftovers\n|-item|p2a: Tropius|Sitrus Berry|[from] ability: Harvest\n|upkeep\n|-enditem|p2a: Tropius|Sitrus Berry|[eat]\n|-heal|p2a: Tropius|231/328|[from] item: Sitrus Berry\n|turn|12\n|\n|t:|1712949021\n|switch|p1a: Cloyster|Cloyster, L79, M|209/209\n|-damage|p1a: Cloyster|157/209|[from] Stealth Rock\n|move|p2a: Tropius|Protect||[still]\n|-fail|p2a: Tropius\n|\n|-end|p2a: Tropius|Encore\n|-item|p2a: Tropius|Sitrus Berry|[from] ability: Harvest\n|upkeep\n|turn|13\n|\n|t:|1712949032\n|switch|p2a: Golduck|Golduck, L90, M|290/290\n|-ability|p2a: Golduck|Cloud Nine\n|move|p1a: Cloyster|Icicle Spear|p2a: Golduck\n|-resisted|p2a: Golduck\n|-damage|p2a: Golduck|278/290\n|-resisted|p2a: Golduck\n|-damage|p2a: Golduck|266/290\n|-resisted|p2a: Golduck\n|-damage|p2a: Golduck|255/290\n|-resisted|p2a: Golduck\n|-damage|p2a: Golduck|243/290\n|-resisted|p2a: Golduck\n|-damage|p2a: Golduck|231/290\n|-hitcount|p2a: Golduck|5\n|\n|upkeep\n|turn|14\n|inactive|Alderson has 120 seconds left.\n|\n|t:|1712949056\n|move|p2a: Golduck|Hydro Pump|p1a: Cloyster\n|-resisted|p1a: Cloyster\n|-damage|p1a: Cloyster|9/209\n|-damage|p2a: Golduck|202/290|[from] item: Life Orb\n|move|p1a: Cloyster|Shell Smash|p1a: Cloyster\n|-unboost|p1a: Cloyster|def|1\n|-unboost|p1a: Cloyster|spd|1\n|-boost|p1a: Cloyster|atk|2\n|-boost|p1a: Cloyster|spa|2\n|-boost|p1a: Cloyster|spe|2\n|-enditem|p1a: Cloyster|White Herb\n|-clearnegativeboost|p1a: Cloyster|[silent]\n|\n|upkeep\n|turn|15\n|inactive|Alderson has 120 seconds left.\n|\n|t:|1712949062\n|move|p1a: Cloyster|Rock Blast|p2a: Golduck\n|-damage|p2a: Golduck|170/290\n|-damage|p2a: Golduck|136/290\n|-damage|p2a: Golduck|105/290\n|-damage|p2a: Golduck|75/290\n|-damage|p2a: Golduck|42/290\n|-hitcount|p2a: Golduck|5\n|move|p2a: Golduck|Ice Beam|p1a: Cloyster\n|-resisted|p1a: Cloyster\n|-damage|p1a: Cloyster|0 fnt\n|faint|p1a: Cloyster\n|-damage|p2a: Golduck|13/290|[from] item: Life Orb\n|\n|upkeep\n|inactive|Alderson has 120 seconds left.\n|\n|t:|1712949075\n|switch|p1a: Electrode|Electrode, L92|227/260\n|-damage|p1a: Electrode|195/260|[from] Stealth Rock\n|turn|16\n|\n|t:|1712949081\n|switch|p2a: Jolteon|Jolteon, L84, F|246/246\n|move|p1a: Electrode|Tera Blast|p2a: Jolteon\n|-damage|p2a: Jolteon|173/246\n|-damage|p1a: Electrode|169/260|[from] item: Life Orb\n|\n|-heal|p2a: Jolteon|188/246|[from] item: Leftovers\n|upkeep\n|turn|17\n|\n|t:|1712949090\n|move|p1a: Electrode|Taunt|p2a: Jolteon\n|-start|p2a: Jolteon|move: Taunt\n|cant|p2a: Jolteon|move: Taunt|Calm Mind\n|\n|-heal|p2a: Jolteon|203/246|[from] item: Leftovers\n|upkeep\n|turn|18\n|inactive|Alderson has 120 seconds left.\n|\n|t:|1712949125\n|switch|p1a: Whimsicott|Whimsicott, L86, F|243/243\n|-damage|p1a: Whimsicott|213/243|[from] Stealth Rock\n|move|p2a: Jolteon|Tera Blast|p1a: Whimsicott\n|-damage|p1a: Whimsicott|138/243\n|\n|-heal|p2a: Jolteon|218/246|[from] item: Leftovers\n|-heal|p1a: Whimsicott|153/243|[from] item: Leftovers\n|upkeep\n|turn|19\n|\n|t:|1712949132\n|switch|p2a: Tropius|Tropius, L91, F|231/328\n|switch|p1a: Darkrai|Darkrai, L76|231/231\n|-damage|p1a: Darkrai|203/231|[from] Stealth Rock\n|\n|-heal|p1a: Darkrai|217/231|[from] item: Leftovers\n|upkeep\n|turn|20\n|inactive|Alderson has 120 seconds left.\n|\n|t:|1712949139\n|switch|p2a: Garganacl|Garganacl, L80, M|291/291\n|move|p1a: Darkrai|Nasty Plot|p1a: Darkrai\n|-boost|p1a: Darkrai|spa|2\n|\n|-heal|p1a: Darkrai|231/231|[from] item: Leftovers\n|upkeep\n|turn|21\n|inactive|Alderson has 120 seconds left.\n|\n|t:|1712949152\n|-terastallize|p1a: Darkrai|Poison\n|move|p1a: Darkrai|Substitute|p1a: Darkrai\n|-start|p1a: Darkrai|Substitute\n|-damage|p1a: Darkrai|174/231\n|move|p2a: Garganacl|Body Press|p1a: Darkrai\n|-resisted|p1a: Darkrai\n|-activate|p1a: Darkrai|move: Substitute|[damage]\n|\n|-heal|p1a: Darkrai|188/231|[from] item: Leftovers\n|upkeep\n|turn|22\n|\n|t:|1712949166\n|move|p1a: Darkrai|Nasty Plot|p1a: Darkrai\n|-boost|p1a: Darkrai|spa|2\n|move|p2a: Garganacl|Salt Cure|p1a: Darkrai\n|-end|p1a: Darkrai|Substitute\n|\n|-heal|p1a: Darkrai|202/231|[from] item: Leftovers\n|upkeep\n|turn|23\n|\n|t:|1712949176\n|switch|p2a: Jolteon|Jolteon, L84, F|218/246\n|move|p1a: Darkrai|Substitute|p1a: Darkrai\n|-start|p1a: Darkrai|Substitute\n|-damage|p1a: Darkrai|145/231\n|\n|-heal|p2a: Jolteon|233/246|[from] item: Leftovers\n|-heal|p1a: Darkrai|159/231|[from] item: Leftovers\n|upkeep\n|turn|24\n|\n|t:|1712949182\n|move|p2a: Jolteon|Thunderbolt|p1a: Darkrai\n|-end|p1a: Darkrai|Substitute\n|move|p1a: Darkrai|Dark Pulse|p2a: Jolteon\n|-damage|p2a: Jolteon|0 fnt\n|faint|p2a: Jolteon\n|\n|-heal|p1a: Darkrai|173/231|[from] item: Leftovers\n|upkeep\n|\n|t:|1712949186\n|switch|p2a: Zekrom|Zekrom, L71|259/259\n|-ability|p2a: Zekrom|Teravolt\n|turn|25\n|\n|t:|1712949191\n|-terastallize|p2a: Zekrom|Electric\n|move|p1a: Darkrai|Dark Pulse|p2a: Zekrom\n|-damage|p2a: Zekrom|0 fnt\n|faint|p2a: Zekrom\n|\n|-heal|p1a: Darkrai|187/231|[from] item: Leftovers\n|upkeep\n|-message|Star Wheel forfeited.\n|\n|win|Alderson\n|raw|Alderson's rating: 2268 &rarr; <strong>2296</strong><br />(+28 for winning)\n|raw|Star Wheel's rating: 2423 &rarr; <strong>2395</strong><br />(-28 for losing)\n|l|\u2606Star Wheel\n|player|p2|\n|c|\u2606Alderson|gg\n", "inputlog": ">version efdfcdfea264166c4836bf13eeff278fa6fb4aae\n>start {\"formatid\":\"gen9randombattle\",\"seed\":[8766,33477,11933,11318],\"rated\":\"Rated battle\"}\n>player p1 {\"name\":\"Alderson\",\"avatar\":\"102\",\"rating\":2268,\"seed\":[64497,8047,19589,47934]}\n>player p2 {\"name\":\"Star Wheel\",\"avatar\":\"darach-caitlin\",\"rating\":2408,\"seed\":[36227,33821,47237,24770]}\n>p1 switch 6\n>p2 switch 2\n>p1 move substitute\n>p2 switch 3\n>p1 switch 4\n>p2 move airslash\n>p1 move taunt\n>p2 switch 6\n>p1 switch 4\n>p2 switch 4\n>p1 move substitute\n>p2 move stealthrock\n>p1 move moonblast\n>p2 switch 6\n>p1 move moonblast\n>p2 move substitute\n>p1 move encore\n>p2 move protect\n>p1 move encore\n>p2 move airslash\n>p1 move moonblast\n>p2 move protect\n>p1 switch 6\n>p2 move protect\n>p1 move iciclespear\n>p2 switch 3\n>p1 move shellsmash\n>p2 move hydropump\n>p1 move rockblast\n>p2 move icebeam\n>p1 switch 4\n>p1 move terablast\n>p2 switch 4\n>p1 move taunt\n>p2 move calmmind\n>p1 switch 6\n>p2 move terablast\n>p1 switch 5\n>p2 switch 3\n>p1 move nastyplot\n>p2 switch 6\n>p1 move substitute terastallize\n>p2 move bodypress\n>p1 move nastyplot\n>p2 move saltcure\n>p1 move substitute\n>p2 switch 3\n>p1 move darkpulse\n>p2 move thunderbolt\n>p2 switch 2\n>p1 move darkpulse\n>p2 move boltstrike terastallize\n>forcelose p2", "uploadtime": 1712949206, "views": 256, "formatid": "gen9randombattle", "rating": 2296, "private": 0, "password": null}