{"id": "gen9randombattle-2151791006", "format": "[Gen 9] Random Battle", "players": ["Vitoran", "Xeizar"], "log": "|badge|p1|silver|gen9randombattle|30-1\n|html|<div class=\"broadcast-red\"><strong>This battle is required to be public due to one or more player having a season medal.</strong><br />During the public phase, you can discuss the state of the ladder <a href=\"/seasondiscussion\">in a special chatroom.</a></div>\n|uhtml|medal-msg|<div class=\"broadcast-blue\">Curious what those medals under the avatar are? PS now has Ladder Seasons! For more information, check out the <a href=\"https://www.smogon.com/forums/threads/3740067/\">thread on Smogon.</a></div>\n|badge|p2|bronze|gen9randombattle|100-1\n|uhtml|medal-msg|<div class=\"broadcast-blue\">Curious what those medals under the avatar are? PS now has Ladder Seasons! For more information, check out the <a href=\"https://www.smogon.com/forums/threads/3740067/\">thread on Smogon.</a></div>\n|raw|<div class=\"broadcast-blue\"><strong>This battle is required to be public due to a player having a name starting with 'medal'.</div>\n|j|\u2606Vitoran\n|j|\u2606Xeizar\n|t:|1719607046\n|gametype|singles\n|player|p1|Vitoran|nemona-v|2376\n|player|p2|Xeizar|#rbtt6teamkoraidonf|2349\n|teamsize|p1|6\n|teamsize|p2|6\n|gen|9\n|tier|[Gen 9] Random Battle\n|rated|\n|rule|Species Clause: Limit one of each Pok\u00e9mon\n|rule|HP Percentage Mod: HP is shown in percentages\n|rule|Sleep Clause Mod: Limit one foe put to sleep\n|rule|Illusion Level Mod: Illusion disguises the Pok\u00e9mon's true level\n|\n|t:|1719607046\n|start\n|switch|p1a: Bellibolt|Bellibolt, L84, M|320/320\n|switch|p2a: Clefable|Clefable, L83, F|293/293\n|turn|1\n|inactive|Battle timer is ON: inactive players will automatically lose when time's up. (requested by Vitoran)\n|c|\u2606Vitoran|glhf\n|\n|t:|1719607065\n|switch|p2a: Pikachu|Pikachu-Hoenn, L93, M|216/216\n|move|p1a: Bellibolt|Toxic|p2a: Pikachu\n|-status|p2a: Pikachu|tox\n|\n|-damage|p2a: Pikachu|203/216 tox|[from] psn\n|upkeep\n|turn|2\n|\n|t:|1719607081\n|move|p2a: Pikachu|Knock Off|p1a: Bellibolt\n|-damage|p1a: Bellibolt|210/320\n|-start|p1a: Bellibolt|Charge|Knock Off|[from] ability: Electromorphosis\n|-enditem|p1a: Bellibolt|Leftovers|[from] move: Knock Off|[of] p2a: Pikachu\n|move|p1a: Bellibolt|Muddy Water|p2a: Pikachu\n|-damage|p2a: Pikachu|110/216 tox\n|\n|-damage|p2a: Pikachu|84/216 tox|[from] psn\n|upkeep\n|turn|3\n|\n|t:|1719607091\n|move|p2a: Pikachu|Volt Switch|p1a: Bellibolt\n|-resisted|p1a: Bellibolt\n|-damage|p1a: Bellibolt|151/320\n|-start|p1a: Bellibolt|Charge|Volt Switch|[from] ability: Electromorphosis\n|\n|t:|1719607102\n|switch|p2a: Jolteon|Jolteon, L84, M|246/246|[from] Volt Switch\n|move|p1a: Bellibolt|Slack Off|p1a: Bellibolt\n|-heal|p1a: Bellibolt|311/320\n|\n|upkeep\n|turn|4\n|\n|t:|1719607110\n|move|p2a: Jolteon|Volt Switch|p1a: Bellibolt\n|-resisted|p1a: Bellibolt\n|-crit|p1a: Bellibolt\n|-damage|p1a: Bellibolt|210/320\n|-start|p1a: Bellibolt|Charge|Volt Switch|[from] ability: Electromorphosis\n|\n|t:|1719607119\n|switch|p2a: Leafeon|Leafeon, L88, M|258/258|[from] Volt Switch\n|move|p1a: Bellibolt|Muddy Water|p2a: Leafeon\n|-resisted|p2a: Leafeon\n|-damage|p2a: Leafeon|217/258\n|\n|upkeep\n|turn|5\n|\n|t:|1719607131\n|move|p2a: Leafeon|Swords Dance|p2a: Leafeon\n|-boost|p2a: Leafeon|atk|2\n|move|p1a: Bellibolt|Thunderbolt|p2a: Leafeon\n|-resisted|p2a: Leafeon\n|-damage|p2a: Leafeon|98/258\n|-end|p1a: Bellibolt|Charge|[silent]\n|\n|upkeep\n|turn|6\n|\n|t:|1719607150\n|switch|p1a: Roaring Moon|Roaring Moon, L72|270/270\n|move|p2a: Leafeon|Leaf Blade|p1a: Roaring Moon\n|-resisted|p1a: Roaring Moon\n|-damage|p1a: Roaring Moon|83/270\n|-damage|p2a: Leafeon|73/258|[from] item: Life Orb\n|\n|upkeep\n|turn|7\n|\n|t:|1719607159\n|move|p2a: Leafeon|Leaf Blade|p1a: Roaring Moon\n|-resisted|p1a: Roaring Moon\n|-damage|p1a: Roaring Moon|0 fnt\n|faint|p1a: Roaring Moon\n|-end|p1a: Roaring Moon|Protosynthesis|[silent]\n|-damage|p2a: Leafeon|48/258|[from] item: Life Orb\n|\n|upkeep\n|\n|t:|1719607162\n|switch|p1a: Comfey|Comfey, L85, M|225/225\n|turn|8\n|\n|t:|1719607170\n|switch|p2a: Weezing|Weezing-Galar, L86, M|252/252\n|move|p1a: Comfey|Draining Kiss|p2a: Weezing\n|-resisted|p2a: Weezing\n|-damage|p2a: Weezing|225/252\n|\n|-heal|p2a: Weezing|240/252|[from] item: Leftovers\n|upkeep\n|turn|9\n|\n|t:|1719607180\n|switch|p1a: Jirachi|Jirachi, L80|291/291\n|move|p2a: Weezing|Gunk Shot|p1a: Jirachi\n|-immune|p1a: Jirachi\n|\n|-heal|p2a: Weezing|252/252|[from] item: Leftovers\n|upkeep\n|turn|10\n|\n|t:|1719607188\n|switch|p2a: Jolteon|Jolteon, L84, M|246/246\n|move|p1a: Jirachi|Iron Head|p2a: Jolteon\n|-resisted|p2a: Jolteon\n|-damage|p2a: Jolteon|190/246\n|\n|upkeep\n|turn|11\n|\n|t:|1719607199\n|move|p2a: Jolteon|Shadow Ball|p1a: Jirachi\n|-supereffective|p1a: Jirachi\n|-damage|p1a: Jirachi|99/291\n|move|p1a: Jirachi|Wish|p1a: Jirachi\n|\n|-heal|p1a: Jirachi|117/291|[from] item: Leftovers\n|upkeep\n|turn|12\n|\n|t:|1719607207\n|switch|p2a: Pikachu|Pikachu-Hoenn, L93, M|84/216 tox\n|move|p1a: Jirachi|Protect||[still]\n|-fail|p1a: Jirachi\n|\n|-heal|p1a: Jirachi|262/291|[from] move: Wish|[wisher] Jirachi\n|-heal|p1a: Jirachi|280/291|[from] item: Leftovers\n|-damage|p2a: Pikachu|71/216 tox|[from] psn\n|upkeep\n|turn|13\n|\n|t:|1719607218\n|move|p1a: Jirachi|Protect|p1a: Jirachi\n|-singleturn|p1a: Jirachi|Protect\n|move|p2a: Pikachu|Knock Off|p1a: Jirachi\n|-activate|p1a: Jirachi|move: Protect\n|\n|-heal|p1a: Jirachi|291/291|[from] item: Leftovers\n|-damage|p2a: Pikachu|45/216 tox|[from] psn\n|upkeep\n|turn|14\n|\n|t:|1719607225\n|switch|p1a: Bellibolt|Bellibolt, L84, M|210/320\n|move|p2a: Pikachu|Volt Tackle|p1a: Bellibolt\n|-resisted|p1a: Bellibolt\n|-damage|p1a: Bellibolt|115/320\n|-start|p1a: Bellibolt|Charge|Volt Tackle|[from] ability: Electromorphosis\n|-damage|p2a: Pikachu|14/216 tox|[from] Recoil\n|\n|-damage|p2a: Pikachu|0 fnt|[from] psn\n|faint|p2a: Pikachu\n|upkeep\n|\n|t:|1719607233\n|switch|p2a: Leafeon|Leafeon, L88, M|48/258\n|turn|15\n|\n|t:|1719607242\n|move|p2a: Leafeon|Leaf Blade|p1a: Bellibolt\n|-damage|p1a: Bellibolt|0 fnt\n|faint|p1a: Bellibolt\n|-damage|p2a: Leafeon|23/258|[from] item: Life Orb\n|\n|upkeep\n|\n|t:|1719607252\n|switch|p1a: Comfey|Comfey, L85, M|225/225\n|turn|16\n|\n|t:|1719607260\n|move|p1a: Comfey|Tera Blast|p2a: Leafeon\n|-damage|p2a: Leafeon|0 fnt\n|faint|p2a: Leafeon\n|\n|upkeep\n|\n|t:|1719607268\n|switch|p2a: Weezing|Weezing-Galar, L86, M|252/252\n|turn|17\n|\n|t:|1719607284\n|switch|p1a: Thundurus|Thundurus-Therian, L80, M|258/258\n|switch|p2a: Jolteon|Jolteon, L84, M|190/246\n|\n|upkeep\n|turn|18\n|\n|t:|1719607299\n|move|p2a: Jolteon|Shadow Ball|p1a: Thundurus\n|-damage|p1a: Thundurus|152/258\n|-unboost|p1a: Thundurus|spd|1\n|move|p1a: Thundurus|Nasty Plot|p1a: Thundurus\n|-boost|p1a: Thundurus|spa|2\n|\n|upkeep\n|turn|19\n|\n|t:|1719607310\n|move|p2a: Jolteon|Shadow Ball|p1a: Thundurus\n|-damage|p1a: Thundurus|5/258\n|move|p1a: Thundurus|Focus Blast|p2a: Jolteon|[miss]\n|-miss|p1a: Thundurus|p2a: Jolteon\n|\n|upkeep\n|turn|20\n|\n|t:|1719607315\n|move|p2a: Jolteon|Shadow Ball|p1a: Thundurus\n|-damage|p1a: Thundurus|0 fnt\n|faint|p1a: Thundurus\n|\n|upkeep\n|\n|t:|1719607319\n|switch|p1a: Jirachi|Jirachi, L80|291/291\n|turn|21\n|\n|t:|1719607322\n|move|p2a: Jolteon|Shadow Ball|p1a: Jirachi\n|-supereffective|p1a: Jirachi\n|-damage|p1a: Jirachi|105/291\n|move|p1a: Jirachi|Body Slam|p2a: Jolteon\n|-damage|p2a: Jolteon|111/246\n|\n|-heal|p1a: Jirachi|123/291|[from] item: Leftovers\n|upkeep\n|turn|22\n|\n|t:|1719607329\n|-terastallize|p1a: Jirachi|Water\n|move|p2a: Jolteon|Shadow Ball|p1a: Jirachi\n|-damage|p1a: Jirachi|30/291\n|move|p1a: Jirachi|Wish|p1a: Jirachi\n|\n|-heal|p1a: Jirachi|48/291|[from] item: Leftovers\n|upkeep\n|turn|23\n|\n|t:|1719607341\n|switch|p2a: Weezing|Weezing-Galar, L86, M|252/252\n|move|p1a: Jirachi|Protect||[still]\n|-fail|p1a: Jirachi\n|\n|-heal|p1a: Jirachi|193/291|[from] move: Wish|[wisher] Jirachi\n|-heal|p1a: Jirachi|211/291|[from] item: Leftovers\n|upkeep\n|turn|24\n|\n|t:|1719607350\n|switch|p2a: Jolteon|Jolteon, L84, M|111/246\n|move|p1a: Jirachi|Iron Head|p2a: Jolteon\n|-resisted|p2a: Jolteon\n|-damage|p2a: Jolteon|58/246\n|\n|-heal|p1a: Jirachi|229/291|[from] item: Leftovers\n|upkeep\n|turn|25\n|\n|t:|1719607356\n|move|p1a: Jirachi|Protect|p1a: Jirachi\n|-singleturn|p1a: Jirachi|Protect\n|move|p2a: Jolteon|Thunderbolt|p1a: Jirachi\n|-activate|p1a: Jirachi|move: Protect\n|\n|-heal|p1a: Jirachi|247/291|[from] item: Leftovers\n|upkeep\n|turn|26\n|\n|t:|1719607359\n|switch|p1a: Bellossom|Bellossom, L84, M|263/263\n|move|p2a: Jolteon|Thunderbolt|p1a: Bellossom\n|-resisted|p1a: Bellossom\n|-damage|p1a: Bellossom|186/263\n|\n|-heal|p1a: Bellossom|202/263|[from] item: Leftovers\n|upkeep\n|turn|27\n|\n|t:|1719607371\n|switch|p2a: Weezing|Weezing-Galar, L86, M|252/252\n|switch|p1a: Jirachi|Jirachi, L80, tera:Water|247/291\n|\n|-heal|p1a: Jirachi|265/291|[from] item: Leftovers\n|upkeep\n|turn|28\n|\n|t:|1719607382\n|move|p1a: Jirachi|Body Slam|p2a: Weezing\n|-damage|p2a: Weezing|211/252\n|-status|p2a: Weezing|par\n|move|p2a: Weezing|Gunk Shot|p1a: Jirachi\n|-damage|p1a: Jirachi|136/291\n|\n|-heal|p1a: Jirachi|154/291|[from] item: Leftovers\n|-heal|p2a: Weezing|226/252 par|[from] item: Leftovers\n|upkeep\n|turn|29\n|\n|t:|1719607394\n|switch|p2a: Jolteon|Jolteon, L84, M|58/246\n|move|p1a: Jirachi|Wish|p1a: Jirachi\n|\n|-heal|p1a: Jirachi|172/291|[from] item: Leftovers\n|upkeep\n|turn|30\n|\n|t:|1719607400\n|move|p1a: Jirachi|Protect|p1a: Jirachi\n|-singleturn|p1a: Jirachi|Protect\n|move|p2a: Jolteon|Volt Switch|p1a: Jirachi\n|-activate|p1a: Jirachi|move: Protect\n|\n|-heal|p1a: Jirachi|291/291|[from] move: Wish|[wisher] Jirachi\n|upkeep\n|turn|31\n|\n|t:|1719607406\n|move|p2a: Jolteon|Volt Switch|p1a: Jirachi\n|-supereffective|p1a: Jirachi\n|-damage|p1a: Jirachi|73/291\n|\n|t:|1719607413\n|switch|p2a: Deoxys|Deoxys-Attack, L72|191/191|[from] Volt Switch\n|-ability|p2a: Deoxys|Pressure\n|move|p1a: Jirachi|Wish|p1a: Jirachi\n|\n|-heal|p1a: Jirachi|91/291|[from] item: Leftovers\n|upkeep\n|turn|32\n|\n|t:|1719607423\n|switch|p2a: Jolteon|Jolteon, L84, M|58/246\n|move|p1a: Jirachi|Protect||[still]\n|-fail|p1a: Jirachi\n|\n|-heal|p1a: Jirachi|236/291|[from] move: Wish|[wisher] Jirachi\n|-heal|p1a: Jirachi|254/291|[from] item: Leftovers\n|upkeep\n|turn|33\n|\n|t:|1719607436\n|move|p1a: Jirachi|Protect|p1a: Jirachi\n|-singleturn|p1a: Jirachi|Protect\n|move|p2a: Jolteon|Thunderbolt|p1a: Jirachi\n|-activate|p1a: Jirachi|move: Protect\n|\n|-heal|p1a: Jirachi|272/291|[from] item: Leftovers\n|upkeep\n|turn|34\n|\n|t:|1719607444\n|switch|p2a: Weezing|Weezing-Galar, L86, M|226/252 par\n|switch|p1a: Bellossom|Bellossom, L84, M|202/263\n|\n|-heal|p1a: Bellossom|218/263|[from] item: Leftovers\n|-heal|p2a: Weezing|241/252 par|[from] item: Leftovers\n|upkeep\n|turn|35\n|\n|t:|1719607452\n|switch|p1a: Jirachi|Jirachi, L80, tera:Water|272/291\n|move|p2a: Weezing|Gunk Shot|p1a: Jirachi\n|-damage|p1a: Jirachi|161/291\n|\n|-heal|p1a: Jirachi|179/291|[from] item: Leftovers\n|-heal|p2a: Weezing|252/252 par|[from] item: Leftovers\n|upkeep\n|turn|36\n|\n|t:|1719607461\n|move|p1a: Jirachi|Iron Head|p2a: Weezing\n|-supereffective|p2a: Weezing\n|-damage|p2a: Weezing|132/252 par\n|cant|p2a: Weezing|flinch\n|\n|-heal|p1a: Jirachi|197/291|[from] item: Leftovers\n|-heal|p2a: Weezing|147/252 par|[from] item: Leftovers\n|upkeep\n|turn|37\n|\n|t:|1719607471\n|move|p1a: Jirachi|Iron Head|p2a: Weezing\n|-supereffective|p2a: Weezing\n|-damage|p2a: Weezing|15/252 par\n|cant|p2a: Weezing|flinch\n|\n|-heal|p1a: Jirachi|215/291|[from] item: Leftovers\n|-heal|p2a: Weezing|30/252 par|[from] item: Leftovers\n|upkeep\n|turn|38\n|\n|t:|1719607481\n|switch|p2a: Jolteon|Jolteon, L84, M|58/246\n|move|p1a: Jirachi|Body Slam|p2a: Jolteon\n|-damage|p2a: Jolteon|0 fnt\n|faint|p2a: Jolteon\n|\n|-heal|p1a: Jirachi|233/291|[from] item: Leftovers\n|upkeep\n|\n|t:|1719607492\n|switch|p2a: Clefable|Clefable, L83, F|293/293\n|turn|39\n|\n|t:|1719607502\n|-terastallize|p2a: Clefable|Steel\n|move|p1a: Jirachi|Iron Head|p2a: Clefable\n|-resisted|p2a: Clefable\n|-crit|p2a: Clefable\n|-damage|p2a: Clefable|220/293\n|cant|p2a: Clefable|flinch\n|\n|-heal|p1a: Jirachi|251/291|[from] item: Leftovers\n|-heal|p2a: Clefable|238/293|[from] item: Leftovers\n|upkeep\n|turn|40\n|\n|t:|1719607510\n|move|p1a: Jirachi|Body Slam|p2a: Clefable\n|-resisted|p2a: Clefable\n|-damage|p2a: Clefable|203/293\n|-status|p2a: Clefable|par\n|move|p2a: Clefable|Calm Mind|p2a: Clefable\n|-boost|p2a: Clefable|spa|1\n|-boost|p2a: Clefable|spd|1\n|\n|-heal|p1a: Jirachi|269/291|[from] item: Leftovers\n|-heal|p2a: Clefable|221/293 par|[from] item: Leftovers\n|upkeep\n|turn|41\n|\n|t:|1719607521\n|move|p1a: Jirachi|Iron Head|p2a: Clefable\n|-resisted|p2a: Clefable\n|-damage|p2a: Clefable|173/293 par\n|cant|p2a: Clefable|flinch\n|\n|-heal|p1a: Jirachi|287/291|[from] item: Leftovers\n|-heal|p2a: Clefable|191/293 par|[from] item: Leftovers\n|upkeep\n|turn|42\n|\n|t:|1719607526\n|move|p1a: Jirachi|Iron Head|p2a: Clefable\n|-resisted|p2a: Clefable\n|-damage|p2a: Clefable|144/293 par\n|move|p2a: Clefable|Moonlight|p2a: Clefable\n|-heal|p2a: Clefable|290/293 par\n|\n|-heal|p1a: Jirachi|291/291|[from] item: Leftovers\n|-heal|p2a: Clefable|293/293 par|[from] item: Leftovers\n|upkeep\n|turn|43\n|\n|t:|1719607533\n|move|p1a: Jirachi|Iron Head|p2a: Clefable\n|-resisted|p2a: Clefable\n|-damage|p2a: Clefable|242/293 par\n|cant|p2a: Clefable|flinch\n|\n|-heal|p2a: Clefable|260/293 par|[from] item: Leftovers\n|upkeep\n|turn|44\n|\n|t:|1719607540\n|move|p1a: Jirachi|Iron Head|p2a: Clefable\n|-resisted|p2a: Clefable\n|-damage|p2a: Clefable|209/293 par\n|cant|p2a: Clefable|flinch\n|\n|-heal|p2a: Clefable|227/293 par|[from] item: Leftovers\n|upkeep\n|turn|45\n|\n|t:|1719607547\n|move|p1a: Jirachi|Iron Head|p2a: Clefable\n|-resisted|p2a: Clefable\n|-damage|p2a: Clefable|180/293 par\n|move|p2a: Clefable|Calm Mind|p2a: Clefable\n|-boost|p2a: Clefable|spa|1\n|-boost|p2a: Clefable|spd|1\n|\n|-heal|p2a: Clefable|198/293 par|[from] item: Leftovers\n|upkeep\n|turn|46\n|\n|t:|1719607553\n|move|p1a: Jirachi|Iron Head|p2a: Clefable\n|-resisted|p2a: Clefable\n|-damage|p2a: Clefable|156/293 par\n|cant|p2a: Clefable|flinch\n|\n|-heal|p2a: Clefable|174/293 par|[from] item: Leftovers\n|upkeep\n|turn|47\n|\n|t:|1719607558\n|move|p1a: Jirachi|Iron Head|p2a: Clefable\n|-resisted|p2a: Clefable\n|-damage|p2a: Clefable|130/293 par\n|cant|p2a: Clefable|flinch\n|\n|-heal|p2a: Clefable|148/293 par|[from] item: Leftovers\n|upkeep\n|turn|48\n|\n|t:|1719607563\n|move|p1a: Jirachi|Iron Head|p2a: Clefable\n|-resisted|p2a: Clefable\n|-damage|p2a: Clefable|104/293 par\n|cant|p2a: Clefable|flinch\n|\n|-heal|p2a: Clefable|122/293 par|[from] item: Leftovers\n|upkeep\n|turn|49\n|\n|t:|1719607569\n|move|p1a: Jirachi|Iron Head|p2a: Clefable\n|-resisted|p2a: Clefable\n|-damage|p2a: Clefable|76/293 par\n|cant|p2a: Clefable|flinch\n|\n|-heal|p2a: Clefable|94/293 par|[from] item: Leftovers\n|upkeep\n|turn|50\n|\n|t:|1719607576\n|move|p1a: Jirachi|Iron Head|p2a: Clefable\n|-resisted|p2a: Clefable\n|-damage|p2a: Clefable|45/293 par\n|cant|p2a: Clefable|flinch\n|\n|-heal|p2a: Clefable|63/293 par|[from] item: Leftovers\n|upkeep\n|turn|51\n|\n|t:|1719607585\n|move|p1a: Jirachi|Iron Head|p2a: Clefable\n|-resisted|p2a: Clefable\n|-damage|p2a: Clefable|14/293 par\n|cant|p2a: Clefable|flinch\n|\n|-heal|p2a: Clefable|32/293 par|[from] item: Leftovers\n|upkeep\n|turn|52\n|\n|t:|1719607593\n|switch|p2a: Weezing|Weezing-Galar, L86, M|30/252 par\n|move|p1a: Jirachi|Iron Head|p2a: Weezing\n|-supereffective|p2a: Weezing\n|-damage|p2a: Weezing|0 fnt\n|faint|p2a: Weezing\n|\n|upkeep\n|\n|t:|1719607606\n|switch|p2a: Deoxys|Deoxys-Attack, L72|191/191\n|-ability|p2a: Deoxys|Pressure\n|turn|53\n|\n|t:|1719607612\n|move|p2a: Deoxys|Knock Off|p1a: Jirachi\n|-damage|p1a: Jirachi|192/291\n|-enditem|p1a: Jirachi|Leftovers|[from] move: Knock Off|[of] p2a: Deoxys\n|-damage|p2a: Deoxys|172/191|[from] item: Life Orb\n|move|p1a: Jirachi|Iron Head|p2a: Deoxys\n|-damage|p2a: Deoxys|0 fnt\n|faint|p2a: Deoxys\n|\n|upkeep\n|c|\u2606Vitoran|gg\n|\n|t:|1719607625\n|switch|p2a: Clefable|Clefable, L83, F, tera:Steel|32/293 par\n|turn|54\n|\n|t:|1719607628\n|move|p1a: Jirachi|Iron Head|p2a: Clefable\n|-resisted|p2a: Clefable\n|-damage|p2a: Clefable|0 fnt\n|faint|p2a: Clefable\n|\n|win|Vitoran\n|raw|Vitoran's rating: 2376 &rarr; <strong>2394</strong><br />(+18 for winning)\n|raw|Xeizar's rating: 2349 &rarr; <strong>2331</strong><br />(-18 for losing)\n|l|\u2606Xeizar\n|player|p2|\n", "inputlog": ">version 021bb6b4147d783a3aa9da22896c4e1e173f1b61\n>start {\"formatid\":\"gen9randombattle\",\"seed\":[37114,34371,16603,9545],\"rated\":\"Rated battle\"}\n>player p1 {\"name\":\"Vitoran\",\"avatar\":\"nemona-v\",\"rating\":2376,\"seed\":[10441,61558,23167,20702]}\n>player p2 {\"name\":\"Xeizar\",\"avatar\":\"#rbtt6teamkoraidonf\",\"rating\":2349,\"seed\":[56756,1488,17541,1013]}\n>chat \u2606Vitoran|glhf\n>p1 move toxic\n>p2 switch 4\n>p1 move muddywater\n>p2 move knockoff\n>p1 move slackoff\n>p2 move voltswitch\n>p2 switch 3\n>p1 move muddywater\n>p2 move voltswitch\n>p2 switch 6\n>p1 move thunderbolt\n>p2 move swordsdance\n>p1 switch 4\n>p2 move leafblade\n>p1 move ironhead\n>p2 move leafblade\n>p1 switch 2\n>p1 move drainingkiss\n>p2 switch 2\n>p1 switch 5\n>p2 move gunkshot\n>p1 move ironhead\n>p2 switch 6\n>p1 move wish\n>p2 move shadowball\n>p1 move protect\n>p2 switch 3\n>p1 move protect\n>p2 move knockoff\n>p1 switch 4\n>p2 move volttackle\n>p2 switch 2\n>p1 move thunderbolt\n>p2 move leafblade\n>p1 switch 5\n>p1 move terablast\n>p2 move knockoff\n>p2 switch 6\n>p1 switch 3\n>p2 switch 3\n>p1 move nastyplot\n>p2 move shadowball\n>p1 move focusblast\n>p2 move shadowball\n>p1 move focusblast\n>p2 move shadowball\n>p1 switch 4\n>p1 move bodyslam\n>p2 move shadowball\n>p1 move wish terastallize\n>p2 move shadowball\n>p1 move protect\n>p2 switch 3\n>p1 move ironhead\n>p2 switch 3\n>p1 move protect\n>p2 move thunderbolt\n>p1 switch 6\n>p2 move thunderbolt\n>p1 switch 6\n>p2 switch 3\n>p1 move bodyslam\n>p2 move gunkshot\n>p1 move wish\n>p2 switch 3\n>p1 move protect\n>p2 move voltswitch\n>p1 move wish\n>p2 move voltswitch\n>p2 switch 5\n>p1 move protect\n>p2 switch 5\n>p1 move protect\n>p2 move thunderbolt\n>p1 switch 6\n>p2 switch 3\n>p1 switch 6\n>p2 move gunkshot\n>p1 move ironhead\n>p2 move gunkshot\n>p1 move ironhead\n>p2 move gunkshot\n>p1 move bodyslam\n>p2 switch 3\n>p2 switch 4\n>p1 move ironhead\n>p2 move calmmind terastallize\n>p1 move bodyslam\n>p2 move calmmind\n>p1 move ironhead\n>p2 move calmmind\n>p1 move ironhead\n>p2 move moonlight\n>p1 move ironhead\n>p2 move calmmind\n>p1 move ironhead\n>p2 move calmmind\n>p1 move ironhead\n>p2 move calmmind\n>p1 move ironhead\n>p2 move moonlight\n>p1 move ironhead\n>p2 move moonlight\n>p1 move ironhead\n>p2 move moonlight\n>p1 move ironhead\n>p2 move moonlight\n>p1 move ironhead\n>p2 move moonlight\n>p1 move ironhead\n>p2 move moonlight\n>p1 move ironhead\n>p2 switch 3\n>p2 switch 5\n>p1 move ironhead\n>p2 move knockoff\n>chat \u2606Vitoran|gg\n>p2 switch 3\n>p1 move ironhead\n>p2 move moonlight", "uploadtime": 1719607642, "views": 172, "formatid": "gen9randombattle", "rating": 2331, "private": 0, "password": null}