{"id": "gen9randombattle-2260855714", "format": "[Gen 9] Random Battle", "players": ["manolovm01", "angelll_ld"], "log": "|j|\u2606manolovm01\n|j|\u2606angelll_ld\n|t:|1733905050\n|gametype|singles\n|player|p1|manolovm01|2|1123\n|player|p2|angelll_ld|265|1165\n|teamsize|p1|6\n|teamsize|p2|6\n|gen|9\n|tier|[Gen 9] Random Battle\n|rated|\n|rule|Species Clause: Limit one of each Pok\u00e9mon\n|rule|HP Percentage Mod: HP is shown in percentages\n|rule|Sleep Clause Mod: Limit one foe put to sleep\n|rule|Illusion Level Mod: Illusion disguises the Pok\u00e9mon's true level\n|\n|t:|1733905050\n|start\n|switch|p1a: Basculegion|Basculegion-F, L83, F|335/335\n|switch|p2a: Misdreavus|Misdreavus, L90, F|254/254\n|turn|1\n|\n|t:|1733905064\n|move|p2a: Misdreavus|Will-O-Wisp|p1a: Basculegion\n|-status|p1a: Basculegion|brn\n|move|p1a: Basculegion|Shadow Ball|p2a: Misdreavus\n|-supereffective|p2a: Misdreavus\n|-damage|p2a: Misdreavus|50/254\n|\n|-damage|p1a: Basculegion|315/335 brn|[from] brn\n|upkeep\n|turn|2\n|inactive|Battle timer is ON: inactive players will automatically lose when time's up. (requested by manolovm01)\n|\n|t:|1733905081\n|switch|p2a: Primarina|Primarina, L83, F|268/268\n|move|p1a: Basculegion|Shadow Ball|p2a: Primarina\n|-crit|p2a: Primarina\n|-damage|p2a: Primarina|66/268\n|-unboost|p2a: Primarina|spd|1\n|\n|-heal|p2a: Primarina|82/268|[from] item: Leftovers\n|-damage|p1a: Basculegion|295/335 brn|[from] brn\n|upkeep\n|turn|3\n|\n|t:|1733905096\n|switch|p2a: Lokix|Lokix, L82, M|251/251\n|move|p1a: Basculegion|Shadow Ball|p2a: Lokix\n|-resisted|p2a: Lokix\n|-damage|p2a: Lokix|133/251\n|\n|-damage|p1a: Basculegion|275/335 brn|[from] brn\n|upkeep\n|turn|4\n|\n|t:|1733905118\n|switch|p1a: Ditto|Ditto, L87|225/225\n|-transform|p1a: Ditto|p2a: Lokix|[from] ability: Imposter\n|move|p2a: Lokix|Knock Off|p1a: Ditto\n|-resisted|p1a: Ditto\n|-damage|p1a: Ditto|85/225\n|-enditem|p1a: Ditto|Choice Scarf|[from] move: Knock Off|[of] p2a: Lokix\n|-damage|p2a: Lokix|108/251|[from] item: Life Orb\n|\n|upkeep\n|turn|5\n|\n|t:|1733905132\n|switch|p2a: Iron Crown|Iron Crown, L78|268/268\n|move|p1a: Ditto|First Impression|p2a: Iron Crown\n|-damage|p2a: Iron Crown|163/268\n|\n|upkeep\n|turn|6\n|\n|t:|1733905147\n|move|p1a: Ditto|Sucker Punch|p2a: Iron Crown\n|-supereffective|p2a: Iron Crown\n|-damage|p2a: Iron Crown|5/268\n|move|p2a: Iron Crown|Volt Switch|p1a: Ditto\n|-damage|p1a: Ditto|0 fnt\n|faint|p1a: Ditto\n|\n|t:|1733905159\n|-end|p2a: Iron Crown|Quark Drive|[silent]\n|switch|p2a: Lokix|Lokix, L82, M|108/251|[from] Volt Switch\n|\n|upkeep\n|\n|t:|1733905169\n|switch|p1a: Eternatus|Eternatus, L69|308/308\n|-ability|p1a: Eternatus|Pressure\n|turn|7\n|\n|t:|1733905183\n|move|p1a: Eternatus|Flamethrower|p2a: Lokix\n|-supereffective|p2a: Lokix\n|-damage|p2a: Lokix|0 fnt\n|faint|p2a: Lokix\n|\n|upkeep\n|\n|t:|1733905204\n|switch|p2a: Banette|Banette, L93, F|270/270\n|-item|p1a: Eternatus|Rocky Helmet|[from] ability: Frisk|[of] p2a: Banette\n|turn|8\n|\n|t:|1733905215\n|move|p1a: Eternatus|Dynamax Cannon|p2a: Banette\n|-damage|p2a: Banette|153/270\n|move|p2a: Banette|Thunder Wave|p1a: Eternatus\n|-status|p1a: Eternatus|par\n|\n|upkeep\n|turn|9\n|\n|t:|1733905226\n|move|p2a: Banette|Poltergeist|p1a: Eternatus|[miss]\n|-miss|p2a: Banette|p1a: Eternatus\n|cant|p1a: Eternatus|par\n|\n|upkeep\n|turn|10\n|\n|t:|1733905241\n|move|p2a: Banette|Poltergeist|p1a: Eternatus\n|-activate|p1a: Eternatus|move: Poltergeist|Rocky Helmet\n|-damage|p1a: Eternatus|78/308 par\n|-damage|p2a: Banette|126/270|[from] item: Life Orb\n|move|p1a: Eternatus|Dynamax Cannon|p2a: Banette\n|-damage|p2a: Banette|15/270\n|\n|upkeep\n|turn|11\n|\n|t:|1733905251\n|move|p2a: Banette|Shadow Sneak|p1a: Eternatus\n|-damage|p1a: Eternatus|0 fnt\n|-damage|p2a: Banette|0 fnt|[from] item: Rocky Helmet|[of] p1a: Eternatus\n|faint|p1a: Eternatus\n|faint|p2a: Banette\n|\n|upkeep\n|\n|t:|1733905263\n|switch|p1a: Metagross|Metagross, L79|256/256\n|switch|p2a: Falinks|Falinks, L84|246/246\n|turn|12\n|\n|t:|1733905273\n|-terastallize|p2a: Falinks|Steel\n|move|p2a: Falinks|No Retreat|p2a: Falinks\n|-boost|p2a: Falinks|atk|1\n|-boost|p2a: Falinks|def|1\n|-boost|p2a: Falinks|spa|1\n|-boost|p2a: Falinks|spd|1\n|-boost|p2a: Falinks|spe|1\n|-start|p2a: Falinks|move: No Retreat\n|move|p1a: Metagross|Agility|p1a: Metagross\n|-boost|p1a: Metagross|spe|2\n|\n|upkeep\n|turn|13\n|\n|t:|1733905289\n|move|p1a: Metagross|Earthquake|p2a: Falinks\n|-supereffective|p2a: Falinks\n|-crit|p2a: Falinks\n|-damage|p2a: Falinks|8/246\n|move|p2a: Falinks|Knock Off|p1a: Metagross\n|-supereffective|p1a: Metagross\n|-damage|p1a: Metagross|56/256\n|-enditem|p1a: Metagross|Weakness Policy\n|-boost|p1a: Metagross|atk|2|[from] item: Weakness Policy\n|-boost|p1a: Metagross|spa|2|[from] item: Weakness Policy\n|-damage|p2a: Falinks|0 fnt|[from] item: Life Orb\n|faint|p2a: Falinks\n|\n|upkeep\n|\n|t:|1733905312\n|switch|p2a: Iron Crown|Iron Crown, L78|5/268\n|turn|14\n|\n|t:|1733905327\n|move|p1a: Metagross|Earthquake|p2a: Iron Crown\n|-supereffective|p2a: Iron Crown\n|-damage|p2a: Iron Crown|0 fnt\n|faint|p2a: Iron Crown\n|-end|p2a: Iron Crown|Quark Drive|[silent]\n|\n|upkeep\n|\n|t:|1733905333\n|switch|p2a: Misdreavus|Misdreavus, L90, F|50/254\n|turn|15\n|\n|t:|1733905342\n|move|p1a: Metagross|Knock Off|p2a: Misdreavus\n|-supereffective|p2a: Misdreavus\n|-damage|p2a: Misdreavus|0 fnt\n|-enditem|p2a: Misdreavus|Eviolite|[from] move: Knock Off|[of] p1a: Metagross\n|faint|p2a: Misdreavus\n|\n|upkeep\n|\n|t:|1733905348\n|switch|p2a: Primarina|Primarina, L83, F|82/268\n|turn|16\n|\n|t:|1733905354\n|move|p1a: Metagross|Heavy Slam|p2a: Primarina\n|-damage|p2a: Primarina|0 fnt\n|faint|p2a: Primarina\n|\n|win|manolovm01\n|raw|manolovm01's rating: 1123 &rarr; <strong>1151</strong><br />(+28 for winning)\n|raw|angelll_ld's rating: 1165 &rarr; <strong>1137</strong><br />(-28 for losing)\n|l|\u2606angelll_ld\n|player|p2|\n", "inputlog": ">version bfd83cad13791eb5a5a409923076391caf6fb4d4\n>start {\"formatid\":\"gen9randombattle\",\"seed\":[61690,47594,18036,28513],\"rated\":\"Rated battle\"}\n>player p1 {\"name\":\"manolovm01\",\"avatar\":\"2\",\"rating\":1123,\"seed\":[61441,10958,34925,28967]}\n>player p2 {\"name\":\"angelll_ld\",\"avatar\":\"265\",\"rating\":1165,\"seed\":[15329,53913,35399,19433]}\n>p1 move shadowball\n>p2 move willowisp\n>p1 move shadowball\n>p2 switch 2\n>p1 move shadowball\n>p2 switch 4\n>p1 switch 2\n>p2 move knockoff\n>p1 move firstimpression\n>p2 switch 3\n>p1 move suckerpunch\n>p2 move voltswitch\n>p2 switch 3\n>p1 switch 6\n>p1 move flamethrower\n>p2 move knockoff\n>p2 switch 6\n>p1 move dynamaxcannon\n>p2 move thunderwave\n>p1 move dynamaxcannon\n>p2 move poltergeist\n>p1 move dynamaxcannon\n>p2 move poltergeist\n>p1 move dynamaxcannon\n>p2 move shadowsneak\n>p1 switch 3\n>p2 switch 5\n>p1 move agility\n>p2 move noretreat terastallize\n>p1 move earthquake\n>p2 move knockoff\n>p2 switch 3\n>p1 move earthquake\n>p2 move tachyoncutter\n>p2 switch 2\n>p1 move knockoff\n>p2 move shadowball\n>p2 switch 4\n>p1 move heavyslam\n>p2 move psychicnoise", "uploadtime": 1733905360, "views": 1, "formatid": "gen9randombattle", "rating": 1137, "private": 0, "password": null}