{"id": "gen9randombattle-2260912350", "format": "[Gen 9] Random Battle", "players": ["98Grandmaster205", "Rjdudes"], "log": "|j|\u260698Grandmaster205\n|j|\u2606Rjdudes\n|t:|1733915568\n|gametype|singles\n|player|p1|98Grandmaster205|101|\n|player|p2|Rjdudes|riley|\n|teamsize|p1|6\n|teamsize|p2|6\n|gen|9\n|tier|[Gen 9] Random Battle\n|rule|Species Clause: Limit one of each Pok\u00e9mon\n|rule|HP Percentage Mod: HP is shown in percentages\n|rule|Sleep Clause Mod: Limit one foe put to sleep\n|rule|Illusion Level Mod: Illusion disguises the Pok\u00e9mon's true level\n|\n|t:|1733915568\n|start\n|switch|p1a: Iron Boulder|Iron Boulder, L77|265/265\n|switch|p2a: Zarude|Zarude-Dada, L78|292/292\n|turn|1\n|inactive|Battle timer is ON: inactive players will automatically lose when time's up. (requested by Rjdudes)\n|\n|t:|1733915575\n|move|p2a: Zarude|Knock Off|p1a: Iron Boulder\n|-supereffective|p1a: Iron Boulder\n|-damage|p1a: Iron Boulder|23/265\n|-enditem|p1a: Iron Boulder|Life Orb|[from] move: Knock Off|[of] p2a: Zarude\n|move|p1a: Iron Boulder|Close Combat|p2a: Zarude\n|-supereffective|p2a: Zarude\n|-damage|p2a: Zarude|124/292\n|-unboost|p1a: Iron Boulder|def|1\n|-unboost|p1a: Iron Boulder|spd|1\n|\n|upkeep\n|turn|2\n|\n|t:|1733915589\n|-end|p1a: Iron Boulder|Quark Drive|[silent]\n|switch|p1a: Cacturne|Cacturne, L92, M|278/278\n|move|p2a: Zarude|Knock Off|p1a: Cacturne\n|-resisted|p1a: Cacturne\n|-damage|p1a: Cacturne|217/278\n|-enditem|p1a: Cacturne|Life Orb|[from] move: Knock Off|[of] p2a: Zarude\n|\n|upkeep\n|turn|3\n|\n|t:|1733915598\n|move|p2a: Zarude|Knock Off|p1a: Cacturne\n|-resisted|p1a: Cacturne\n|-damage|p1a: Cacturne|174/278\n|move|p1a: Cacturne|Leaf Storm|p2a: Zarude\n|-resisted|p2a: Zarude\n|-damage|p2a: Zarude|29/292\n|-unboost|p1a: Cacturne|spa|2\n|\n|upkeep\n|turn|4\n|\n|t:|1733915604\n|move|p1a: Cacturne|Sucker Punch|p2a: Zarude\n|-resisted|p2a: Zarude\n|-damage|p2a: Zarude|0 fnt\n|faint|p2a: Zarude\n|\n|upkeep\n|\n|t:|1733915611\n|switch|p2a: Decidueye|Decidueye-Hisui, L87, F|295/295\n|turn|5\n|\n|t:|1733915626\n|move|p2a: Decidueye|Triple Arrows|p1a: Cacturne\n|-supereffective|p1a: Cacturne\n|-damage|p1a: Cacturne|0 fnt\n|faint|p1a: Cacturne\n|\n|upkeep\n|\n|t:|1733915633\n|switch|p1a: Bruxish|Bruxish, L85, M|254/254\n|turn|6\n|\n|t:|1733915639\n|-terastallize|p2a: Decidueye|Water\n|move|p1a: Bruxish|Psychic Fangs|p2a: Decidueye\n|-damage|p2a: Decidueye|52/295\n|move|p2a: Decidueye|Leaf Blade|p1a: Bruxish\n|-supereffective|p1a: Bruxish\n|-damage|p1a: Bruxish|0 fnt\n|faint|p1a: Bruxish\n|\n|-heal|p2a: Decidueye|70/295|[from] item: Leftovers\n|upkeep\n|\n|t:|1733915646\n|switch|p1a: Salazzle|Salazzle, L83, F|249/249\n|turn|7\n|\n|t:|1733915651\n|move|p1a: Salazzle|Sludge Wave|p2a: Decidueye\n|-damage|p2a: Decidueye|0 fnt\n|faint|p2a: Decidueye\n|\n|upkeep\n|\n|t:|1733915659\n|switch|p2a: Kingdra|Kingdra, L84, F|263/263\n|turn|8\n|\n|t:|1733915670\n|switch|p1a: Blissey|Blissey, L84, F|566/566\n|move|p2a: Kingdra|Dragon Dance|p2a: Kingdra\n|-boost|p2a: Kingdra|atk|1\n|-boost|p2a: Kingdra|spe|1\n|\n|upkeep\n|turn|9\n|\n|t:|1733915677\n|move|p2a: Kingdra|Wave Crash|p1a: Blissey\n|-damage|p1a: Blissey|0 fnt\n|faint|p1a: Blissey\n|-damage|p2a: Kingdra|76/263|[from] Recoil\n|\n|upkeep\n|\n|t:|1733915682\n|switch|p1a: Pelipper|Pelipper, L86, F|243/243\n|-weather|RainDance|[from] ability: Drizzle|[of] p1a: Pelipper\n|turn|10\n|\n|t:|1733915689\n|move|p2a: Kingdra|Outrage|p1a: Pelipper\n|-damage|p1a: Pelipper|80/243\n|move|p1a: Pelipper|Hurricane|p2a: Kingdra\n|-damage|p2a: Kingdra|0 fnt\n|faint|p2a: Kingdra\n|\n|-weather|RainDance|[upkeep]\n|upkeep\n|\n|t:|1733915700\n|switch|p2a: Basculegion|Basculegion-F, L83, F|335/335\n|turn|11\n|\n|t:|1733915708\n|move|p2a: Basculegion|Hydro Pump|p1a: Pelipper|[miss]\n|-miss|p2a: Basculegion|p1a: Pelipper\n|move|p1a: Pelipper|Roost|p1a: Pelipper\n|-heal|p1a: Pelipper|202/243\n|-singleturn|p1a: Pelipper|move: Roost\n|\n|-weather|RainDance|[upkeep]\n|upkeep\n|turn|12\n|\n|t:|1733915712\n|move|p2a: Basculegion|Hydro Pump|p1a: Pelipper\n|-resisted|p1a: Pelipper\n|-damage|p1a: Pelipper|0 fnt\n|faint|p1a: Pelipper\n|\n|-weather|RainDance|[upkeep]\n|upkeep\n|\n|t:|1733915722\n|switch|p1a: Salazzle|Salazzle, L83, F|249/249\n|turn|13\n|\n|t:|1733915724\n|-terastallize|p1a: Salazzle|Grass\n|move|p1a: Salazzle|Tera Blast|p2a: Basculegion|[anim] Tera Blast Grass\n|-supereffective|p2a: Basculegion\n|-damage|p2a: Basculegion|129/335\n|move|p2a: Basculegion|Hydro Pump|p1a: Salazzle\n|-resisted|p1a: Salazzle\n|-damage|p1a: Salazzle|20/249\n|\n|-weather|RainDance|[upkeep]\n|upkeep\n|turn|14\n|\n|t:|1733915733\n|move|p1a: Salazzle|Tera Blast|p2a: Basculegion|[anim] Tera Blast Grass\n|-supereffective|p2a: Basculegion\n|-damage|p2a: Basculegion|0 fnt\n|faint|p2a: Basculegion\n|\n|-weather|none\n|upkeep\n|\n|t:|1733915746\n|switch|p2a: Chi-Yu|Chi-Yu, L77|211/211\n|-ability|p2a: Chi-Yu|Beads of Ruin\n|turn|15\n|\n|t:|1733915752\n|move|p1a: Salazzle|Sludge Wave|p2a: Chi-Yu\n|-damage|p2a: Chi-Yu|117/211\n|move|p2a: Chi-Yu|Dark Pulse|p1a: Salazzle\n|-crit|p1a: Salazzle\n|-damage|p1a: Salazzle|0 fnt\n|faint|p1a: Salazzle\n|\n|upkeep\n|\n|t:|1733915755\n|switch|p1a: Iron Boulder|Iron Boulder, L77|23/265\n|turn|16\n|\n|t:|1733915761\n|move|p1a: Iron Boulder|Mighty Cleave|p2a: Chi-Yu\n|-supereffective|p2a: Chi-Yu\n|-damage|p2a: Chi-Yu|0 fnt\n|faint|p2a: Chi-Yu\n|\n|upkeep\n|\n|t:|1733915764\n|switch|p2a: Sandslash|Sandslash-Alola, L88, F|275/275\n|turn|17\n|\n|t:|1733915767\n|move|p1a: Iron Boulder|Close Combat|p2a: Sandslash\n|-supereffective|p2a: Sandslash\n|-damage|p2a: Sandslash|11/275\n|-unboost|p1a: Iron Boulder|def|1\n|-unboost|p1a: Iron Boulder|spd|1\n|move|p2a: Sandslash|Iron Head|p1a: Iron Boulder\n|-supereffective|p1a: Iron Boulder\n|-damage|p1a: Iron Boulder|0 fnt\n|faint|p1a: Iron Boulder\n|-end|p1a: Iron Boulder|Quark Drive|[silent]\n|\n|win|Rjdudes\n|l|\u2606Rjdudes\n|player|p2|\n", "inputlog": ">version bfd83cad13791eb5a5a409923076391caf6fb4d4\n>start {\"formatid\":\"gen9randombattle\",\"seed\":[30392,39128,15641,29464]}\n>player p1 {\"name\":\"98Grandmaster205\",\"avatar\":\"101\",\"rating\":0,\"seed\":[2563,16733,12886,20826]}\n>player p2 {\"name\":\"Rjdudes\",\"avatar\":\"riley\",\"rating\":0,\"seed\":[40876,10006,16626,10709]}\n>p1 move closecombat\n>p2 move knockoff\n>p1 switch 5\n>p2 move knockoff\n>p1 move leafstorm\n>p2 move knockoff\n>p1 move suckerpunch\n>p2 move knockoff\n>p2 switch 6\n>p1 move knockoff\n>p2 move triplearrows\n>p1 switch 3\n>p1 move psychicfangs\n>p2 move leafblade terastallize\n>p1 switch 6\n>p1 move sludgewave\n>p2 move triplearrows\n>p2 switch 5\n>p1 switch 2\n>p2 move dragondance\n>p1 move thunderwave\n>p2 move wavecrash\n>p1 switch 4\n>p1 move hurricane\n>p2 move outrage\n>p2 switch 4\n>p1 move roost\n>p2 move hydropump\n>p1 move hurricane\n>p2 move hydropump\n>p1 switch 2\n>p1 move terablast terastallize\n>p2 move hydropump\n>p1 move terablast\n>p2 move hydropump\n>p2 switch 3\n>p1 move sludgewave\n>p2 move darkpulse\n>p1 switch 5\n>p1 move mightycleave\n>p2 move darkpulse\n>p2 switch 2\n>p1 move closecombat\n>p2 move ironhead", "uploadtime": 1733915781, "views": 8, "formatid": "gen9randombattle", "rating": null, "private": 0, "password": null}