{"id": "gen9randombattle-2260862571", "format": "[Gen 9] Random Battle", "players": ["Sansmuel_64", "Gshshsggs"], "log": "|j|\u2606Sansmuel_64\n|j|\u2606Gshshsggs\n|t:|1733906402\n|gametype|singles\n|player|p1|Sansmuel_64|cyrus|1072\n|player|p2|Gshshsggs|170|1120\n|teamsize|p1|6\n|teamsize|p2|6\n|gen|9\n|tier|[Gen 9] Random Battle\n|rated|\n|rule|Species Clause: Limit one of each Pok\u00e9mon\n|rule|HP Percentage Mod: HP is shown in percentages\n|rule|Sleep Clause Mod: Limit one foe put to sleep\n|rule|Illusion Level Mod: Illusion disguises the Pok\u00e9mon's true level\n|\n|t:|1733906402\n|start\n|switch|p1a: Beartic|Beartic, L91, F|321/321\n|switch|p2a: Dusknoir|Dusknoir, L89, M|225/225\n|-item|p1a: Beartic|Heavy-Duty Boots|[from] ability: Frisk|[of] p2a: Dusknoir\n|turn|1\n|\n|t:|1733906420\n|switch|p2a: Emboar|Emboar, L84, M|322/322\n|move|p1a: Beartic|Swords Dance|p1a: Beartic\n|-boost|p1a: Beartic|atk|2\n|\n|upkeep\n|turn|2\n|\n|t:|1733906430\n|-terastallize|p1a: Beartic|Fighting\n|move|p1a: Beartic|Aqua Jet|p2a: Emboar\n|-supereffective|p2a: Emboar\n|-damage|p2a: Emboar|108/322\n|move|p2a: Emboar|Flare Blitz|p1a: Beartic\n|-damage|p1a: Beartic|140/321\n|-damage|p2a: Emboar|48/322|[from] Recoil\n|\n|upkeep\n|turn|3\n|\n|t:|1733906448\n|move|p1a: Beartic|Aqua Jet|p2a: Emboar\n|-supereffective|p2a: Emboar\n|-damage|p2a: Emboar|0 fnt\n|faint|p2a: Emboar\n|\n|upkeep\n|\n|t:|1733906478\n|switch|p2a: Dusknoir|Dusknoir, L89, M|225/225\n|-item|p1a: Beartic|Heavy-Duty Boots|[from] ability: Frisk|[of] p2a: Dusknoir\n|turn|4\n|\n|t:|1733906489\n|move|p2a: Dusknoir|Shadow Sneak|p1a: Beartic\n|-damage|p1a: Beartic|94/321\n|move|p1a: Beartic|Icicle Crash|p2a: Dusknoir\n|-damage|p2a: Dusknoir|56/225\n|\n|-heal|p2a: Dusknoir|70/225|[from] item: Leftovers\n|upkeep\n|turn|5\n|\n|t:|1733906505\n|move|p2a: Dusknoir|Shadow Sneak|p1a: Beartic\n|-damage|p1a: Beartic|43/321\n|move|p1a: Beartic|Icicle Crash|p2a: Dusknoir\n|-damage|p2a: Dusknoir|0 fnt\n|faint|p2a: Dusknoir\n|\n|upkeep\n|\n|t:|1733906516\n|switch|p2a: Munkidori|Munkidori, L79, M|269/269\n|turn|6\n|\n|t:|1733906521\n|move|p2a: Munkidori|Fake Out|p1a: Beartic\n|-damage|p1a: Beartic|21/321\n|-status|p1a: Beartic|tox|[from] ability: Toxic Chain|[of] p2a: Munkidori\n|cant|p1a: Beartic|flinch\n|\n|-damage|p1a: Beartic|1/321 tox|[from] psn\n|upkeep\n|turn|7\n|\n|t:|1733906545\n|switch|p2a: Abomasnow|Abomasnow, L85, F|291/291\n|-weather|Snow|[from] ability: Snow Warning|[of] p2a: Abomasnow\n|move|p1a: Beartic|Aqua Jet|p2a: Abomasnow\n|-resisted|p2a: Abomasnow\n|-damage|p2a: Abomasnow|257/291\n|\n|-weather|Snow|[upkeep]\n|-damage|p1a: Beartic|0 fnt|[from] psn\n|faint|p1a: Beartic\n|upkeep\n|\n|t:|1733906564\n|switch|p1a: Sneasler|Sneasler, L74, F|240/240\n|turn|8\n|\n|t:|1733906576\n|move|p1a: Sneasler|Close Combat|p2a: Abomasnow\n|-supereffective|p2a: Abomasnow\n|-damage|p2a: Abomasnow|75/291\n|-unboost|p1a: Sneasler|def|1\n|-unboost|p1a: Sneasler|spd|1\n|-enditem|p1a: Sneasler|White Herb\n|-clearnegativeboost|p1a: Sneasler|[silent]\n|move|p2a: Abomasnow|Aurora Veil|p2a: Abomasnow\n|-sidestart|p2: Gshshsggs|move: Aurora Veil\n|\n|-weather|Snow|[upkeep]\n|upkeep\n|turn|9\n|\n|t:|1733906589\n|move|p1a: Sneasler|Acrobatics|p2a: Abomasnow\n|-supereffective|p2a: Abomasnow\n|-damage|p2a: Abomasnow|23/291\n|move|p2a: Abomasnow|Earthquake|p1a: Sneasler\n|-supereffective|p1a: Sneasler\n|-damage|p1a: Sneasler|36/240\n|\n|-weather|Snow|[upkeep]\n|upkeep\n|turn|10\n|\n|t:|1733906612\n|move|p1a: Sneasler|Acrobatics|p2a: Abomasnow\n|-supereffective|p2a: Abomasnow\n|-damage|p2a: Abomasnow|0 fnt\n|faint|p2a: Abomasnow\n|\n|-weather|Snow|[upkeep]\n|upkeep\n|\n|t:|1733906642\n|switch|p2a: Roaring Moon|Roaring Moon, L72|270/270\n|turn|11\n|\n|t:|1733906655\n|move|p1a: Sneasler|Close Combat|p2a: Roaring Moon\n|-supereffective|p2a: Roaring Moon\n|-damage|p2a: Roaring Moon|89/270\n|-unboost|p1a: Sneasler|def|1\n|-unboost|p1a: Sneasler|spd|1\n|move|p2a: Roaring Moon|Dragon Dance|p2a: Roaring Moon\n|-boost|p2a: Roaring Moon|atk|1\n|-boost|p2a: Roaring Moon|spe|1\n|\n|-weather|none\n|upkeep\n|turn|12\n|\n|t:|1733906673\n|move|p1a: Sneasler|Close Combat|p2a: Roaring Moon\n|-supereffective|p2a: Roaring Moon\n|-damage|p2a: Roaring Moon|0 fnt\n|-unboost|p1a: Sneasler|def|1\n|-unboost|p1a: Sneasler|spd|1\n|faint|p2a: Roaring Moon\n|-end|p2a: Roaring Moon|Protosynthesis|[silent]\n|\n|upkeep\n|\n|t:|1733906685\n|switch|p2a: Munkidori|Munkidori, L79, M|269/269\n|turn|13\n|\n|t:|1733906725\n|move|p2a: Munkidori|Fake Out|p1a: Sneasler\n|-damage|p1a: Sneasler|0 fnt\n|faint|p1a: Sneasler\n|\n|upkeep\n|\n|t:|1733906733\n|switch|p1a: Donphan|Donphan, L84, F|288/288\n|turn|14\n|\n|t:|1733906751\n|move|p2a: Munkidori|U-turn|p1a: Donphan\n|-damage|p1a: Donphan|257/288\n|-status|p1a: Donphan|tox|[from] ability: Toxic Chain|[of] p2a: Munkidori\n|\n|t:|1733906755\n|switch|p2a: Moltres|Moltres-Galar, L79|271/271|[from] U-turn\n|move|p1a: Donphan|Knock Off|p2a: Moltres\n|-resisted|p2a: Moltres\n|-damage|p2a: Moltres|250/271\n|-enditem|p2a: Moltres|Chesto Berry|[from] move: Knock Off|[of] p1a: Donphan\n|\n|-damage|p1a: Donphan|239/288 tox|[from] psn\n|upkeep\n|turn|15\n|\n|t:|1733906769\n|move|p1a: Donphan|Ice Shard|p2a: Moltres\n|-supereffective|p2a: Moltres\n|-damage|p2a: Moltres|215/271\n|move|p2a: Moltres|Nasty Plot|p2a: Moltres\n|-boost|p2a: Moltres|spa|2\n|\n|-damage|p1a: Donphan|203/288 tox|[from] psn\n|-sideend|p2: Gshshsggs|move: Aurora Veil\n|upkeep\n|turn|16\n|\n|t:|1733906785\n|move|p1a: Donphan|Ice Shard|p2a: Moltres\n|-supereffective|p2a: Moltres\n|-damage|p2a: Moltres|143/271\n|move|p2a: Moltres|Nasty Plot|p2a: Moltres\n|-boost|p2a: Moltres|spa|2\n|\n|-damage|p1a: Donphan|149/288 tox|[from] psn\n|upkeep\n|turn|17\n|\n|t:|1733906812\n|move|p1a: Donphan|Ice Shard|p2a: Moltres\n|-supereffective|p2a: Moltres\n|-damage|p2a: Moltres|73/271\n|-ability|p2a: Moltres|Berserk|boost\n|-boost|p2a: Moltres|spa|1\n|move|p2a: Moltres|Nasty Plot|p2a: Moltres\n|-boost|p2a: Moltres|spa|1\n|\n|-damage|p1a: Donphan|77/288 tox|[from] psn\n|upkeep\n|turn|18\n|\n|t:|1733906823\n|move|p1a: Donphan|Ice Shard|p2a: Moltres\n|-supereffective|p2a: Moltres\n|-damage|p2a: Moltres|1/271\n|move|p2a: Moltres|Rest|p2a: Moltres\n|-status|p2a: Moltres|slp|[from] move: Rest\n|-heal|p2a: Moltres|271/271 slp|[silent]\n|\n|-damage|p1a: Donphan|0 fnt|[from] psn\n|faint|p1a: Donphan\n|upkeep\n|\n|t:|1733906836\n|switch|p1a: Lycanroc|Lycanroc, L86, M|269/269\n|turn|19\n|\n|t:|1733906845\n|-terastallize|p2a: Moltres|Dark\n|move|p1a: Lycanroc|Stone Edge|p2a: Moltres\n|-damage|p2a: Moltres|84/271 slp\n|-damage|p1a: Lycanroc|243/269|[from] item: Life Orb\n|cant|p2a: Moltres|slp\n|\n|upkeep\n|turn|20\n|\n|t:|1733906855\n|move|p1a: Lycanroc|Close Combat|p2a: Moltres\n|-supereffective|p2a: Moltres\n|-damage|p2a: Moltres|0 fnt\n|-unboost|p1a: Lycanroc|def|1\n|-unboost|p1a: Lycanroc|spd|1\n|faint|p2a: Moltres\n|-damage|p1a: Lycanroc|217/269|[from] item: Life Orb\n|\n|upkeep\n|-message|Gshshsggs forfeited.\n|\n|win|Sansmuel_64\n|raw|Sansmuel_64's rating: 1072 &rarr; <strong>1105</strong><br />(+33 for winning)\n|raw|Gshshsggs's rating: 1120 &rarr; <strong>1092</strong><br />(-28 for losing)\n|l|\u2606Gshshsggs\n|player|p2|\n", "inputlog": ">version bfd83cad13791eb5a5a409923076391caf6fb4d4\n>start {\"formatid\":\"gen9randombattle\",\"seed\":[25937,62786,4684,14683],\"rated\":\"Rated battle\"}\n>player p1 {\"name\":\"Sansmuel_64\",\"avatar\":\"cyrus\",\"rating\":1072,\"seed\":[35849,25475,20703,64017]}\n>player p2 {\"name\":\"Gshshsggs\",\"avatar\":\"170\",\"rating\":1120,\"seed\":[11367,54841,8932,59315]}\n>p1 move swordsdance\n>p2 switch 2\n>p1 move aquajet terastallize\n>p2 move flareblitz\n>p1 move aquajet\n>p2 move flareblitz\n>p2 switch 2\n>p1 move iciclecrash\n>p2 move shadowsneak\n>p1 move iciclecrash\n>p2 move shadowsneak\n>p2 switch 5\n>p1 move aquajet\n>p2 move fakeout\n>p1 move aquajet\n>p2 switch 3\n>p1 switch 4\n>p1 move closecombat\n>p2 move auroraveil\n>p1 move acrobatics\n>p2 move earthquake\n>p1 move acrobatics\n>p2 move earthquake\n>p2 switch 4\n>p1 move closecombat\n>p2 move dragondance\n>p1 move closecombat\n>p2 move ironhead\n>p2 switch 3\n>p1 move closecombat\n>p2 move fakeout\n>p1 switch 6\n>p1 move knockoff\n>p2 move uturn\n>p2 switch 6\n>p1 move iceshard\n>p2 move nastyplot\n>p1 move iceshard\n>p2 move nastyplot\n>p1 move iceshard\n>p2 move nastyplot\n>p1 move iceshard\n>p2 move rest\n>p1 switch 3\n>p1 move stoneedge\n>p2 move fierywrath terastallize\n>p1 move closecombat\n>p2 move fierywrath\n>forcelose p2", "uploadtime": 1733906874, "views": 1, "formatid": "gen9randombattle", "rating": 1092, "private": 0, "password": null}