{"id": "gen9randombattle-2260457487", "format": "[Gen 9] Random Battle", "players": ["NotACleverMan_", "altonin"], "log": "|j|\u2606NotACleverMan_\n|j|\u2606altonin\n|t:|1733853493\n|gametype|singles\n|player|p1|NotACleverMan_|266|1379\n|player|p2|altonin|baker|1410\n|teamsize|p1|6\n|teamsize|p2|6\n|gen|9\n|tier|[Gen 9] Random Battle\n|rated|\n|rule|Species Clause: Limit one of each Pok\u00e9mon\n|rule|HP Percentage Mod: HP is shown in percentages\n|rule|Sleep Clause Mod: Limit one foe put to sleep\n|rule|Illusion Level Mod: Illusion disguises the Pok\u00e9mon's true level\n|\n|t:|1733853493\n|start\n|switch|p1a: Regice|Regice, L88|284/284\n|switch|p2a: Glaceon|Glaceon, L94, M|275/275\n|turn|1\n|\n|t:|1733853503\n|switch|p1a: Incineroar|Incineroar, L82, M|290/290\n|-ability|p1a: Incineroar|Intimidate|boost\n|-unboost|p2a: Glaceon|atk|1\n|move|p2a: Glaceon|Calm Mind|p2a: Glaceon\n|-boost|p2a: Glaceon|spa|1\n|-boost|p2a: Glaceon|spd|1\n|\n|upkeep\n|turn|2\n|\n|t:|1733853521\n|switch|p2a: Metagross|Metagross, L79|256/256\n|move|p1a: Incineroar|Flare Blitz|p2a: Metagross\n|-supereffective|p2a: Metagross\n|-damage|p2a: Metagross|50/256\n|-enditem|p2a: Metagross|Weakness Policy\n|-boost|p2a: Metagross|atk|2|[from] item: Weakness Policy\n|-boost|p2a: Metagross|spa|2|[from] item: Weakness Policy\n|-damage|p1a: Incineroar|222/290|[from] Recoil\n|\n|upkeep\n|turn|3\n|\n|t:|1733853537\n|switch|p1a: Articuno|Articuno-Galar, L84|288/288\n|move|p2a: Metagross|Earthquake|p1a: Articuno\n|-immune|p1a: Articuno\n|\n|upkeep\n|turn|4\n|\n|t:|1733853547\n|move|p1a: Articuno|Hurricane|p2a: Metagross\n|-resisted|p2a: Metagross\n|-damage|p2a: Metagross|0 fnt\n|faint|p2a: Metagross\n|\n|upkeep\n|\n|t:|1733853551\n|switch|p2a: Glaceon|Glaceon, L94, M|275/275\n|turn|5\n|\n|t:|1733853556\n|switch|p1a: Incineroar|Incineroar, L82, M|222/290\n|-ability|p1a: Incineroar|Intimidate|boost\n|-unboost|p2a: Glaceon|atk|1\n|move|p2a: Glaceon|Calm Mind|p2a: Glaceon\n|-boost|p2a: Glaceon|spa|1\n|-boost|p2a: Glaceon|spd|1\n|\n|upkeep\n|turn|6\n|\n|t:|1733853567\n|-terastallize|p2a: Glaceon|Water\n|move|p2a: Glaceon|Calm Mind|p2a: Glaceon\n|-boost|p2a: Glaceon|spa|1\n|-boost|p2a: Glaceon|spd|1\n|move|p1a: Incineroar|Flare Blitz|p2a: Glaceon\n|-resisted|p2a: Glaceon\n|-damage|p2a: Glaceon|224/275\n|-damage|p1a: Incineroar|205/290|[from] Recoil\n|\n|upkeep\n|turn|7\n|\n|t:|1733853579\n|switch|p1a: Zebstrika|Zebstrika, L87, F|272/272\n|move|p2a: Glaceon|Freeze-Dry|p1a: Zebstrika\n|-damage|p1a: Zebstrika|0 fnt\n|faint|p1a: Zebstrika\n|\n|upkeep\n|\n|t:|1733853587\n|switch|p1a: Regice|Regice, L88|284/284\n|turn|8\n|\n|t:|1733853593\n|move|p2a: Glaceon|Wish|p2a: Glaceon\n|move|p1a: Regice|Thunderbolt|p2a: Glaceon\n|-supereffective|p2a: Glaceon\n|-damage|p2a: Glaceon|162/275\n|\n|upkeep\n|turn|9\n|inactive|Battle timer is ON: inactive players will automatically lose when time's up. (requested by altonin)\n|\n|t:|1733853614\n|switch|p1a: Incineroar|Incineroar, L82, M|205/290\n|-ability|p1a: Incineroar|Intimidate|boost\n|-unboost|p2a: Glaceon|atk|1\n|move|p2a: Glaceon|Calm Mind|p2a: Glaceon\n|-boost|p2a: Glaceon|spa|1\n|-boost|p2a: Glaceon|spd|1\n|\n|-heal|p2a: Glaceon|275/275|[from] move: Wish|[wisher] Glaceon\n|upkeep\n|turn|10\n|\n|t:|1733853625\n|move|p2a: Glaceon|Protect|p2a: Glaceon\n|-singleturn|p2a: Glaceon|Protect\n|move|p1a: Incineroar|Knock Off|p2a: Glaceon\n|-activate|p2a: Glaceon|move: Protect\n|\n|upkeep\n|turn|11\n|\n|t:|1733853630\n|move|p2a: Glaceon|Freeze-Dry|p1a: Incineroar\n|-resisted|p1a: Incineroar\n|-damage|p1a: Incineroar|52/290\n|move|p1a: Incineroar|Knock Off|p2a: Glaceon\n|-damage|p2a: Glaceon|194/275\n|-enditem|p2a: Glaceon|Heavy-Duty Boots|[from] move: Knock Off|[of] p1a: Incineroar\n|\n|upkeep\n|turn|12\n|\n|t:|1733853636\n|move|p2a: Glaceon|Freeze-Dry|p1a: Incineroar\n|-resisted|p1a: Incineroar\n|-damage|p1a: Incineroar|0 fnt\n|faint|p1a: Incineroar\n|\n|upkeep\n|\n|t:|1733853641\n|switch|p1a: Annihilape|Annihilape, L76, M|292/292\n|turn|13\n|\n|t:|1733853645\n|move|p1a: Annihilape|Rage Fist|p2a: Glaceon\n|-damage|p2a: Glaceon|154/275\n|move|p2a: Glaceon|Wish|p2a: Glaceon\n|\n|upkeep\n|turn|14\n|\n|t:|1733853651\n|move|p2a: Glaceon|Protect|p2a: Glaceon\n|-singleturn|p2a: Glaceon|Protect\n|move|p1a: Annihilape|Bulk Up|p1a: Annihilape\n|-boost|p1a: Annihilape|atk|1\n|-boost|p1a: Annihilape|def|1\n|\n|-heal|p2a: Glaceon|275/275|[from] move: Wish|[wisher] Glaceon\n|upkeep\n|turn|15\n|\n|t:|1733853659\n|move|p1a: Annihilape|Drain Punch|p2a: Glaceon\n|-damage|p2a: Glaceon|182/275\n|move|p2a: Glaceon|Freeze-Dry|p1a: Annihilape\n|-damage|p1a: Annihilape|0 fnt\n|faint|p1a: Annihilape\n|\n|upkeep\n|-message|NotACleverMan_ forfeited.\n|\n|win|altonin\n|raw|NotACleverMan_'s rating: 1379 &rarr; <strong>1361</strong><br />(-18 for losing)\n|raw|altonin's rating: 1410 &rarr; <strong>1428</strong><br />(+18 for winning)\n|l|\u2606NotACleverMan_\n|player|p1|\n", "inputlog": ">version bfd83cad13791eb5a5a409923076391caf6fb4d4\n>start {\"formatid\":\"gen9randombattle\",\"seed\":[44515,2635,11509,42299],\"rated\":\"Rated battle\"}\n>player p1 {\"name\":\"NotACleverMan_\",\"avatar\":\"266\",\"rating\":1379,\"seed\":[11035,58687,57347,53016]}\n>player p2 {\"name\":\"altonin\",\"avatar\":\"baker\",\"rating\":1410,\"seed\":[4045,44289,33112,6788]}\n>p1 switch 5\n>p2 move calmmind\n>p1 move flareblitz\n>p2 switch 5\n>p1 switch 4\n>p2 move earthquake\n>p1 move hurricane\n>p2 move agility\n>p2 switch 5\n>p1 switch 4\n>p2 move calmmind\n>p1 move flareblitz\n>p2 move calmmind terastallize\n>p1 switch 6\n>p2 move freezedry\n>p1 switch 5\n>p1 move thunderbolt\n>p2 move wish\n>p1 switch 6\n>p2 move calmmind\n>p1 move knockoff\n>p2 move protect\n>p1 move knockoff\n>p2 move freezedry\n>p1 move trailblaze\n>p2 move freezedry\n>p1 switch 2\n>p1 move ragefist\n>p2 move wish\n>p1 move bulkup\n>p2 move protect\n>p1 move drainpunch\n>p2 move freezedry\n>forcelose p1", "uploadtime": 1733853671, "views": 20, "formatid": "gen9randombattle", "rating": 1361, "private": 0, "password": null}