{"id": "gen9randombattle-2260672119", "format": "[Gen 9] Random Battle", "players": ["bgudscgiuewabh", "ramnsack"], "log": "|j|\u2606bgudscgiuewabh\n|j|\u2606ramnsack\n|t:|1733876571\n|gametype|singles\n|player|p1|bgudscgiuewabh|1|1047\n|player|p2|ramnsack|red|1080\n|teamsize|p1|6\n|teamsize|p2|6\n|gen|9\n|tier|[Gen 9] Random Battle\n|rated|\n|rule|Species Clause: Limit one of each Pok\u00e9mon\n|rule|HP Percentage Mod: HP is shown in percentages\n|rule|Sleep Clause Mod: Limit one foe put to sleep\n|rule|Illusion Level Mod: Illusion disguises the Pok\u00e9mon's true level\n|\n|t:|1733876571\n|start\n|switch|p1a: Breloom|Breloom, L82, M|233/233\n|switch|p2a: Rotom|Rotom-Frost, L87|229/229\n|turn|1\n|\n|t:|1733876592\n|-terastallize|p1a: Breloom|Rock\n|move|p1a: Breloom|Mach Punch|p2a: Rotom\n|-supereffective|p2a: Rotom\n|-damage|p2a: Rotom|57/229\n|-damage|p1a: Breloom|210/233|[from] item: Life Orb\n|move|p2a: Rotom|Blizzard|p1a: Breloom\n|-damage|p1a: Breloom|20/233\n|-status|p1a: Breloom|frz\n|\n|upkeep\n|turn|2\n|\n|t:|1733876607\n|cant|p1a: Breloom|frz\n|move|p2a: Rotom|Blizzard|p1a: Breloom|[miss]\n|-miss|p2a: Rotom|p1a: Breloom\n|\n|upkeep\n|turn|3\n|\n|t:|1733876621\n|cant|p1a: Breloom|frz\n|move|p2a: Rotom|Volt Switch|p1a: Breloom\n|-damage|p1a: Breloom|0 fnt\n|faint|p1a: Breloom\n|\n|t:|1733876630\n|switch|p2a: Palkia|Palkia, L75|259/259|[from] Volt Switch\n|-ability|p2a: Palkia|Pressure\n|\n|upkeep\n|\n|t:|1733876640\n|switch|p1a: Jolteon|Jolteon, L84, F|246/246\n|turn|4\n|\n|t:|1733876649\n|move|p1a: Jolteon|Thunderbolt|p2a: Palkia\n|-damage|p2a: Palkia|171/259\n|move|p2a: Palkia|Fire Blast|p1a: Jolteon\n|-damage|p1a: Jolteon|153/246\n|\n|-heal|p1a: Jolteon|168/246|[from] item: Leftovers\n|upkeep\n|turn|5\n|\n|t:|1733876662\n|move|p1a: Jolteon|Substitute|p1a: Jolteon\n|-start|p1a: Jolteon|Substitute\n|-damage|p1a: Jolteon|107/246\n|move|p2a: Palkia|Spacial Rend|p1a: Jolteon\n|-end|p1a: Jolteon|Substitute\n|\n|-heal|p1a: Jolteon|122/246|[from] item: Leftovers\n|upkeep\n|turn|6\n|\n|t:|1733876671\n|move|p1a: Jolteon|Thunderbolt|p2a: Palkia\n|-damage|p2a: Palkia|75/259\n|move|p2a: Palkia|Thunder Wave|p1a: Jolteon\n|-heal|p1a: Jolteon|183/246|[from] ability: Volt Absorb|[of] p2a: Palkia\n|\n|-heal|p1a: Jolteon|198/246|[from] item: Leftovers\n|upkeep\n|turn|7\n|\n|t:|1733876684\n|switch|p2a: Copperajah|Copperajah, L86, M|350/350\n|move|p1a: Jolteon|Thunderbolt|p2a: Copperajah\n|-damage|p2a: Copperajah|233/350\n|\n|-heal|p1a: Jolteon|213/246|[from] item: Leftovers\n|upkeep\n|turn|8\n|\n|t:|1733876701\n|switch|p1a: Gurdurr|Gurdurr, L85, F|283/283\n|move|p2a: Copperajah|Earthquake|p1a: Gurdurr\n|-damage|p1a: Gurdurr|200/283\n|-damage|p2a: Copperajah|198/350|[from] item: Life Orb\n|\n|upkeep\n|turn|9\n|\n|t:|1733876720\n|switch|p2a: Lycanroc|Lycanroc-Midnight, L89, F|296/296\n|move|p1a: Gurdurr|Drain Punch|p2a: Lycanroc\n|-supereffective|p2a: Lycanroc\n|-damage|p2a: Lycanroc|104/296\n|-heal|p1a: Gurdurr|283/283|[from] drain|[of] p2a: Lycanroc\n|\n|upkeep\n|turn|10\n|\n|t:|1733876731\n|move|p1a: Gurdurr|Mach Punch|p2a: Lycanroc\n|-supereffective|p2a: Lycanroc\n|-damage|p2a: Lycanroc|0 fnt\n|faint|p2a: Lycanroc\n|\n|upkeep\n|\n|t:|1733876739\n|switch|p2a: Rotom|Rotom-Frost, L87|57/229\n|turn|11\n|\n|t:|1733876745\n|move|p1a: Gurdurr|Mach Punch|p2a: Rotom\n|-supereffective|p2a: Rotom\n|-damage|p2a: Rotom|0 fnt\n|faint|p2a: Rotom\n|\n|upkeep\n|\n|t:|1733876752\n|switch|p2a: Swanna|Swanna, L88, F|275/275\n|turn|12\n|\n|t:|1733876765\n|move|p2a: Swanna|Hydro Pump|p1a: Gurdurr\n|-damage|p1a: Gurdurr|169/283\n|move|p1a: Gurdurr|Knock Off|p2a: Swanna\n|-damage|p2a: Swanna|179/275\n|-enditem|p2a: Swanna|Heavy-Duty Boots|[from] move: Knock Off|[of] p1a: Gurdurr\n|\n|upkeep\n|turn|13\n|\n|t:|1733876788\n|-terastallize|p2a: Swanna|Ground\n|move|p2a: Swanna|Defog|p1a: Gurdurr\n|-unboost|p1a: Gurdurr|evasion|1\n|move|p1a: Gurdurr|Knock Off|p2a: Swanna\n|-crit|p2a: Swanna\n|-damage|p2a: Swanna|87/275\n|\n|upkeep\n|turn|14\n|\n|t:|1733876797\n|move|p2a: Swanna|Hydro Pump|p1a: Gurdurr\n|-damage|p1a: Gurdurr|60/283\n|move|p1a: Gurdurr|Drain Punch|p2a: Swanna\n|-damage|p2a: Swanna|0 fnt\n|-heal|p1a: Gurdurr|104/283|[from] drain|[of] p2a: Swanna\n|faint|p2a: Swanna\n|\n|upkeep\n|\n|t:|1733876807\n|switch|p2a: Tsareena|Tsareena, L87, F|267/267\n|turn|15\n|\n|t:|1733876814\n|move|p2a: Tsareena|Knock Off|p1a: Gurdurr\n|-resisted|p1a: Gurdurr\n|-damage|p1a: Gurdurr|66/283\n|-enditem|p1a: Gurdurr|Eviolite|[from] move: Knock Off|[of] p2a: Tsareena\n|-damage|p2a: Tsareena|241/267|[from] item: Life Orb\n|move|p1a: Gurdurr|Drain Punch|p2a: Tsareena\n|-damage|p2a: Tsareena|165/267\n|-heal|p1a: Gurdurr|104/283|[from] drain|[of] p2a: Tsareena\n|\n|upkeep\n|turn|16\n|\n|t:|1733876826\n|move|p2a: Tsareena|Triple Axel|p1a: Gurdurr\n|-damage|p1a: Gurdurr|79/283\n|-damage|p1a: Gurdurr|32/283\n|-damage|p1a: Gurdurr|0 fnt\n|faint|p1a: Gurdurr\n|-hitcount|p1: Gurdurr|3\n|-damage|p2a: Tsareena|139/267|[from] item: Life Orb\n|\n|upkeep\n|\n|t:|1733876843\n|switch|p1a: Rhyperior|Rhyperior, L82, M|323/323\n|turn|17\n|\n|t:|1733876857\n|move|p2a: Tsareena|Synthesis|p2a: Tsareena\n|-heal|p2a: Tsareena|267/267\n|move|p1a: Rhyperior|Dragon Tail|p2a: Tsareena\n|-damage|p2a: Tsareena|215/267\n|drag|p2a: Copperajah|Copperajah, L86, M|198/350\n|\n|upkeep\n|turn|18\n|\n|t:|1733876867\n|move|p1a: Rhyperior|Earthquake|p2a: Copperajah\n|-supereffective|p2a: Copperajah\n|-damage|p2a: Copperajah|0 fnt\n|faint|p2a: Copperajah\n|\n|upkeep\n|\n|t:|1733876874\n|switch|p2a: Palkia|Palkia, L75|75/259\n|-ability|p2a: Palkia|Pressure\n|turn|19\n|\n|t:|1733876881\n|move|p2a: Palkia|Spacial Rend|p1a: Rhyperior\n|-damage|p1a: Rhyperior|194/323\n|move|p1a: Rhyperior|Dragon Tail|p2a: Palkia\n|-supereffective|p2a: Palkia\n|-damage|p2a: Palkia|0 fnt\n|faint|p2a: Palkia\n|\n|upkeep\n|\n|t:|1733876890\n|switch|p2a: Tsareena|Tsareena, L87, F|215/267\n|turn|20\n|\n|t:|1733876898\n|move|p2a: Tsareena|Power Whip|p1a: Rhyperior|[miss]\n|-miss|p2a: Tsareena|p1a: Rhyperior\n|move|p1a: Rhyperior|Ice Punch|p2a: Tsareena\n|-supereffective|p2a: Tsareena\n|-damage|p2a: Tsareena|93/267\n|\n|upkeep\n|turn|21\n|inactive|Battle timer is ON: inactive players will automatically lose when time's up. (requested by bgudscgiuewabh)\n|inactive|ramnsack has 120 seconds left.\n|\n|t:|1733876982\n|move|p2a: Tsareena|Synthesis|p2a: Tsareena\n|-heal|p2a: Tsareena|226/267\n|move|p1a: Rhyperior|Ice Punch|p2a: Tsareena\n|-supereffective|p2a: Tsareena\n|-damage|p2a: Tsareena|102/267\n|\n|upkeep\n|turn|22\n|\n|t:|1733876997\n|move|p2a: Tsareena|Power Whip|p1a: Rhyperior\n|-supereffective|p1a: Rhyperior\n|-damage|p1a: Rhyperior|0 fnt\n|faint|p1a: Rhyperior\n|-damage|p2a: Tsareena|76/267|[from] item: Life Orb\n|\n|upkeep\n|\n|t:|1733877005\n|switch|p1a: Jolteon|Jolteon, L84, F|213/246\n|turn|23\n|\n|t:|1733877018\n|move|p1a: Jolteon|Calm Mind|p1a: Jolteon\n|-boost|p1a: Jolteon|spa|1\n|-boost|p1a: Jolteon|spd|1\n|move|p2a: Tsareena|Triple Axel|p1a: Jolteon\n|-damage|p1a: Jolteon|179/246\n|-damage|p1a: Jolteon|114/246\n|-damage|p1a: Jolteon|18/246\n|-hitcount|p1a: Jolteon|3\n|-damage|p2a: Tsareena|50/267|[from] item: Life Orb\n|\n|-heal|p1a: Jolteon|33/246|[from] item: Leftovers\n|upkeep\n|turn|24\n|\n|t:|1733877031\n|move|p1a: Jolteon|Thunderbolt|p2a: Tsareena\n|-resisted|p2a: Tsareena\n|-damage|p2a: Tsareena|0 fnt\n|faint|p2a: Tsareena\n|\n|win|bgudscgiuewabh\n|raw|bgudscgiuewabh's rating: 1047 &rarr; <strong>1083</strong><br />(+36 for winning)\n|raw|ramnsack's rating: 1080 &rarr; <strong>1056</strong><br />(-24 for losing)\n|l|\u2606bgudscgiuewabh\n|player|p1|\n", "inputlog": ">version bfd83cad13791eb5a5a409923076391caf6fb4d4\n>start {\"formatid\":\"gen9randombattle\",\"seed\":[59404,29730,44554,53298],\"rated\":\"Rated battle\"}\n>player p1 {\"name\":\"bgudscgiuewabh\",\"avatar\":\"1\",\"rating\":1047,\"seed\":[10735,61795,64432,52097]}\n>player p2 {\"name\":\"ramnsack\",\"avatar\":\"red\",\"rating\":1080,\"seed\":[26637,33299,10977,5912]}\n>p1 move machpunch terastallize\n>p2 move blizzard\n>p1 move machpunch\n>p2 move blizzard\n>p1 move machpunch\n>p2 move voltswitch\n>p2 switch 2\n>p1 switch 4\n>p1 move thunderbolt\n>p2 move fireblast\n>p1 move substitute\n>p2 move spacialrend\n>p1 move thunderbolt\n>p2 move thunderwave\n>p1 move thunderbolt\n>p2 switch 3\n>p1 switch 5\n>p2 move earthquake\n>p1 move drainpunch\n>p2 switch 4\n>p1 move machpunch\n>p2 move closecombat\n>p2 switch 2\n>p1 move machpunch\n>p2 move voltswitch\n>p2 switch 6\n>p1 move knockoff\n>p2 move hydropump\n>p1 move knockoff\n>p2 move defog terastallize\n>p1 move drainpunch\n>p2 move hydropump\n>p2 switch 5\n>p1 move drainpunch\n>p2 move knockoff\n>p1 move drainpunch\n>p2 move tripleaxel\n>p1 switch 3\n>p1 move dragontail\n>p2 move synthesis\n>p1 move earthquake\n>p2 move earthquake\n>p2 switch 3\n>p1 move dragontail\n>p2 move spacialrend\n>p2 switch 4\n>p1 move icepunch\n>p2 move powerwhip\n>p1 move icepunch\n>p2 move synthesis\n>p1 move icepunch\n>p2 move powerwhip\n>p1 switch 5\n>p1 move calmmind\n>p2 move tripleaxel\n>p1 move thunderbolt\n>p2 move knockoff", "uploadtime": 1733877036, "views": 1, "formatid": "gen9randombattle", "rating": 1056, "private": 0, "password": null}