{"id": "gen9randombattle-2193868711", "format": "[Gen 9] Random Battle", "players": ["al_quds_al_aqsa", "ball investor"], "log": "|badge|p1|silver|gen9randombattle|30-2\n|uhtml|medal-msg|<div class=\"broadcast-blue\">Curious what those medals under the avatar are? PS now has Ladder Seasons! For more information, check out the <a href=\"https://www.smogon.com/forums/threads/3740067/\">thread on Smogon.</a></div>\n|badge|p2|bronze|gen9randombattle|100-2\n|uhtml|medal-msg|<div class=\"broadcast-blue\">Curious what those medals under the avatar are? PS now has Ladder Seasons! For more information, check out the <a href=\"https://www.smogon.com/forums/threads/3740067/\">thread on Smogon.</a></div>\n|j|\u2606al_quds_al_aqsa\n|j|\u2606ball investor\n|t:|1725389723\n|gametype|singles\n|player|p1|al_quds_al_aqsa|170|2397\n|player|p2|ball investor|266|2377\n|teamsize|p1|6\n|teamsize|p2|6\n|gen|9\n|tier|[Gen 9] Random Battle\n|rated|\n|rule|Species Clause: Limit one of each Pok\u00e9mon\n|rule|HP Percentage Mod: HP is shown in percentages\n|rule|Sleep Clause Mod: Limit one foe put to sleep\n|rule|Illusion Level Mod: Illusion disguises the Pok\u00e9mon's true level\n|\n|t:|1725389723\n|start\n|switch|p1a: Gallade|Gallade, L81, M|243/243\n|switch|p2a: Uxie|Uxie, L83|260/260\n|turn|1\n|inactive|Battle timer is ON: inactive players will automatically lose when time's up. (requested by al_quds_al_aqsa)\n|\n|t:|1725389768\n|move|p2a: Uxie|U-turn|p1a: Gallade\n|-damage|p1a: Gallade|189/243\n|\n|t:|1725389772\n|switch|p2a: Tropius|Tropius, L91, M|328/328|[from] U-turn\n|move|p1a: Gallade|Night Slash|p2a: Tropius\n|-damage|p2a: Tropius|224/328\n|-damage|p1a: Gallade|165/243|[from] item: Life Orb\n|\n|upkeep\n|turn|2\n|\n|t:|1725389784\n|move|p1a: Gallade|Psycho Cut|p2a: Tropius\n|-damage|p2a: Tropius|56/328\n|-enditem|p2a: Tropius|Sitrus Berry|[eat]\n|-heal|p2a: Tropius|138/328|[from] item: Sitrus Berry\n|-damage|p1a: Gallade|141/243|[from] item: Life Orb\n|move|p2a: Tropius|Substitute|p2a: Tropius\n|-start|p2a: Tropius|Substitute\n|-damage|p2a: Tropius|56/328\n|\n|-item|p2a: Tropius|Sitrus Berry|[from] ability: Harvest\n|upkeep\n|-enditem|p2a: Tropius|Sitrus Berry|[eat]\n|-heal|p2a: Tropius|138/328|[from] item: Sitrus Berry\n|turn|3\n|\n|t:|1725389796\n|switch|p1a: Palossand|Palossand, L89, F|296/296\n|move|p2a: Tropius|Air Slash|p1a: Palossand\n|-damage|p1a: Palossand|221/296\n|\n|-heal|p1a: Palossand|239/296|[from] item: Leftovers\n|-item|p2a: Tropius|Sitrus Berry|[from] ability: Harvest\n|upkeep\n|-enditem|p2a: Tropius|Sitrus Berry|[eat]\n|-heal|p2a: Tropius|220/328|[from] item: Sitrus Berry\n|turn|4\n|\n|t:|1725389808\n|move|p2a: Tropius|Leech Seed|p1a: Palossand\n|-start|p1a: Palossand|move: Leech Seed\n|move|p1a: Palossand|Stealth Rock|p2a: Tropius\n|-sidestart|p2: ball investor|move: Stealth Rock\n|\n|-heal|p1a: Palossand|257/296|[from] item: Leftovers\n|-damage|p1a: Palossand|220/296|[from] Leech Seed|[of] p2a: Tropius\n|-heal|p2a: Tropius|257/328|[silent]\n|-item|p2a: Tropius|Sitrus Berry|[from] ability: Harvest\n|upkeep\n|turn|5\n|\n|t:|1725389820\n|switch|p1a: Milotic|Milotic, L83, M|293/293\n|move|p2a: Tropius|Leech Seed|p1a: Milotic\n|-start|p1a: Milotic|move: Leech Seed\n|\n|-damage|p1a: Milotic|257/293|[from] Leech Seed|[of] p2a: Tropius\n|-heal|p2a: Tropius|293/328|[silent]\n|upkeep\n|turn|6\n|\n|t:|1725389832\n|switch|p1a: Palossand|Palossand, L89, F|220/296\n|move|p2a: Tropius|Protect||[still]\n|-fail|p2a: Tropius\n|\n|-heal|p1a: Palossand|238/296|[from] item: Leftovers\n|upkeep\n|turn|7\n|\n|t:|1725389840\n|move|p2a: Tropius|Air Slash|p1a: Palossand\n|-damage|p1a: Palossand|165/296\n|move|p1a: Palossand|Shadow Ball|p2a: Tropius\n|-end|p2a: Tropius|Substitute\n|\n|-heal|p1a: Palossand|183/296|[from] item: Leftovers\n|upkeep\n|turn|8\n|\n|t:|1725389858\n|move|p2a: Tropius|Leech Seed|p1a: Palossand\n|-start|p1a: Palossand|move: Leech Seed\n|move|p1a: Palossand|Shadow Ball|p2a: Tropius\n|-damage|p2a: Tropius|202/328\n|\n|-heal|p1a: Palossand|201/296|[from] item: Leftovers\n|-damage|p1a: Palossand|164/296|[from] Leech Seed|[of] p2a: Tropius\n|-heal|p2a: Tropius|239/328|[silent]\n|upkeep\n|turn|9\n|\n|t:|1725389869\n|switch|p1a: Milotic|Milotic, L83, M|257/293\n|move|p2a: Tropius|Substitute|p2a: Tropius\n|-start|p2a: Tropius|Substitute\n|-damage|p2a: Tropius|157/328\n|-enditem|p2a: Tropius|Sitrus Berry|[eat]\n|-heal|p2a: Tropius|239/328|[from] item: Sitrus Berry\n|\n|-heal|p1a: Milotic|275/293|[from] item: Leftovers\n|-item|p2a: Tropius|Sitrus Berry|[from] ability: Harvest\n|upkeep\n|turn|10\n|\n|t:|1725389894\n|move|p2a: Tropius|Protect|p2a: Tropius\n|-singleturn|p2a: Tropius|Protect\n|move|p1a: Milotic|Ice Beam|p2a: Tropius\n|-activate|p2a: Tropius|move: Protect\n|\n|-heal|p1a: Milotic|293/293|[from] item: Leftovers\n|upkeep\n|turn|11\n|\n|t:|1725389902\n|move|p1a: Milotic|Ice Beam|p2a: Tropius\n|-supereffective|p2a: Tropius\n|-end|p2a: Tropius|Substitute\n|move|p2a: Tropius|Leech Seed|p1a: Milotic\n|-start|p1a: Milotic|move: Leech Seed\n|\n|-damage|p1a: Milotic|257/293|[from] Leech Seed|[of] p2a: Tropius\n|-heal|p2a: Tropius|275/328|[silent]\n|upkeep\n|turn|12\n|\n|t:|1725389910\n|switch|p1a: Palossand|Palossand, L89, F|164/296\n|move|p2a: Tropius|Protect||[still]\n|-fail|p2a: Tropius\n|\n|-heal|p1a: Palossand|182/296|[from] item: Leftovers\n|upkeep\n|turn|13\n|\n|t:|1725389917\n|switch|p1a: Milotic|Milotic, L83, M|257/293\n|move|p2a: Tropius|Air Slash|p1a: Milotic\n|-damage|p1a: Milotic|203/293\n|\n|-heal|p1a: Milotic|221/293|[from] item: Leftovers\n|upkeep\n|turn|14\n|\n|t:|1725389933\n|switch|p2a: Pincurchin|Pincurchin, F|258/258\n|-damage|p2a: Pincurchin|226/258|[from] Stealth Rock\n|-fieldstart|move: Electric Terrain|[from] ability: Electric Surge|[of] p2a: Pincurchin\n|move|p1a: Milotic|Scald|p2a: Pincurchin\n|-damage|p2a: Pincurchin|150/258\n|\n|-heal|p1a: Milotic|239/293|[from] item: Leftovers\n|-heal|p2a: Pincurchin|166/258|[from] item: Leftovers\n|upkeep\n|turn|15\n|\n|t:|1725389945\n|move|p1a: Milotic|Scald|p2a: Pincurchin\n|-crit|p2a: Pincurchin\n|-damage|p2a: Pincurchin|52/258\n|move|p2a: Pincurchin|Toxic Spikes|p1a: Milotic\n|-sidestart|p1: al_quds_al_aqsa|move: Toxic Spikes\n|\n|-heal|p1a: Milotic|257/293|[from] item: Leftovers\n|-heal|p2a: Pincurchin|68/258|[from] item: Leftovers\n|upkeep\n|turn|16\n|\n|t:|1725389960\n|move|p1a: Milotic|Scald|p2a: Pincurchin\n|-damage|p2a: Pincurchin|1/258\n|move|p2a: Pincurchin|Recover|p2a: Pincurchin\n|-heal|p2a: Pincurchin|130/258\n|\n|-heal|p1a: Milotic|275/293|[from] item: Leftovers\n|-heal|p2a: Pincurchin|146/258|[from] item: Leftovers\n|upkeep\n|turn|17\n|\n|t:|1725389969\n|move|p1a: Milotic|Flip Turn|p2a: Pincurchin\n|-damage|p2a: Pincurchin|109/258\n|\n|t:|1725389971\n|switch|p1a: Arceus|Arceus-Poison, L70|284/284|[from] Flip Turn\n|-sideend|p1: al_quds_al_aqsa|move: Toxic Spikes|[of] p1a: Arceus\n|move|p2a: Pincurchin|Recover|p2a: Pincurchin\n|-heal|p2a: Pincurchin|238/258\n|\n|-heal|p2a: Pincurchin|254/258|[from] item: Leftovers\n|upkeep\n|turn|18\n|inactive|ball investor has 120 seconds left.\n|\n|t:|1725390006\n|move|p1a: Arceus|Swords Dance|p1a: Arceus\n|-boost|p1a: Arceus|atk|2\n|move|p2a: Pincurchin|Discharge|p1a: Arceus\n|-damage|p1a: Arceus|133/284\n|\n|-heal|p2a: Pincurchin|258/258|[from] item: Leftovers\n|-fieldend|move: Electric Terrain\n|upkeep\n|turn|19\n|inactive|ball investor has 120 seconds left.\n|\n|t:|1725390038\n|switch|p2a: Archaludon|Archaludon, L78, F|268/268\n|-damage|p2a: Archaludon|252/268|[from] Stealth Rock\n|move|p1a: Arceus|Swords Dance|p1a: Arceus\n|-boost|p1a: Arceus|atk|2\n|\n|upkeep\n|turn|20\n|inactive|ball investor has 90 seconds left.\n|\n|t:|1725390058\n|-terastallize|p2a: Archaludon|Fighting\n|move|p1a: Arceus|Earthquake|p2a: Archaludon\n|-crit|p2a: Archaludon\n|-damage|p2a: Archaludon|44/268\n|-ability|p2a: Archaludon|Stamina|boost\n|-boost|p2a: Archaludon|def|1\n|move|p2a: Archaludon|Dragon Tail|p1a: Arceus\n|-damage|p1a: Arceus|75/284\n|drag|p1a: Milotic|Milotic, L83, M|275/293\n|\n|-heal|p1a: Milotic|293/293|[from] item: Leftovers\n|upkeep\n|turn|21\n|inactive|ball investor has 90 seconds left.\n|\n|t:|1725390075\n|switch|p2a: Pincurchin|Pincurchin, F|258/258\n|-damage|p2a: Pincurchin|226/258|[from] Stealth Rock\n|-fieldstart|move: Electric Terrain|[from] ability: Electric Surge|[of] p2a: Pincurchin\n|move|p1a: Milotic|Scald|p2a: Pincurchin\n|-damage|p2a: Pincurchin|156/258\n|\n|-heal|p2a: Pincurchin|172/258|[from] item: Leftovers\n|upkeep\n|turn|22\n|inactive|ball investor has 90 seconds left.\n|\n|t:|1725390096\n|move|p1a: Milotic|Flip Turn|p2a: Pincurchin\n|-damage|p2a: Pincurchin|139/258\n|\n|t:|1725390098\n|switch|p1a: Breloom|Breloom, L82, M|233/233|[from] Flip Turn\n|move|p2a: Pincurchin|Toxic Spikes|p1a: Breloom\n|-sidestart|p1: al_quds_al_aqsa|move: Toxic Spikes\n|\n|-heal|p2a: Pincurchin|155/258|[from] item: Leftovers\n|upkeep\n|turn|23\n|\n|t:|1725390114\n|switch|p2a: Trevenant|Trevenant, L88, F|293/293\n|-damage|p2a: Trevenant|257/293|[from] Stealth Rock\n|move|p1a: Breloom|Rock Tomb|p2a: Trevenant\n|-damage|p2a: Trevenant|143/293\n|-unboost|p2a: Trevenant|spe|1\n|-enditem|p2a: Trevenant|Sitrus Berry|[eat]\n|-heal|p2a: Trevenant|216/293|[from] item: Sitrus Berry\n|-damage|p1a: Breloom|210/233|[from] item: Life Orb\n|\n|-item|p2a: Trevenant|Sitrus Berry|[from] ability: Harvest\n|upkeep\n|turn|24\n|\n|t:|1725390129\n|switch|p1a: Bombirdier|Bombirdier, L85, M|258/258\n|move|p2a: Trevenant|Poltergeist|p1a: Bombirdier\n|-activate|p1a: Bombirdier|move: Poltergeist|Choice Band\n|-resisted|p1a: Bombirdier\n|-damage|p1a: Bombirdier|189/258\n|\n|upkeep\n|turn|25\n|\n|t:|1725390140\n|move|p2a: Trevenant|Protect|p2a: Trevenant\n|-singleturn|p2a: Trevenant|Protect\n|move|p1a: Bombirdier|Knock Off|p2a: Trevenant\n|-activate|p2a: Trevenant|move: Protect\n|\n|-fieldend|move: Electric Terrain\n|upkeep\n|turn|26\n|\n|t:|1725390163\n|switch|p2a: Iron Hands|Iron Hands, L79, shiny|373/373\n|-damage|p2a: Iron Hands|350/373|[from] Stealth Rock\n|move|p1a: Bombirdier|Knock Off|p2a: Iron Hands\n|-resisted|p2a: Iron Hands\n|-damage|p2a: Iron Hands|275/373\n|-enditem|p2a: Iron Hands|Assault Vest|[from] move: Knock Off|[of] p1a: Bombirdier\n|\n|upkeep\n|turn|27\n|inactive|ball investor has 60 seconds left.\n|\n|t:|1725390180\n|switch|p1a: Breloom|Breloom, L82, M|210/233\n|-status|p1a: Breloom|psn\n|move|p2a: Iron Hands|Ice Punch|p1a: Breloom\n|-supereffective|p1a: Breloom\n|-damage|p1a: Breloom|64/233 psn\n|\n|-damage|p1a: Breloom|35/233 psn|[from] psn\n|upkeep\n|turn|28\n|inactive|ball investor has 60 seconds left.\n|\n|t:|1725390193\n|-end|p2a: Iron Hands|Quark Drive|[silent]\n|switch|p2a: Trevenant|Trevenant, L88, F|216/293\n|-damage|p2a: Trevenant|180/293|[from] Stealth Rock\n|move|p1a: Breloom|Rock Tomb|p2a: Trevenant\n|-damage|p2a: Trevenant|72/293\n|-unboost|p2a: Trevenant|spe|1\n|-enditem|p2a: Trevenant|Sitrus Berry|[eat]\n|-heal|p2a: Trevenant|145/293|[from] item: Sitrus Berry\n|-damage|p1a: Breloom|12/233 psn|[from] item: Life Orb\n|\n|-damage|p1a: Breloom|0 fnt|[from] psn\n|faint|p1a: Breloom\n|upkeep\n|\n|t:|1725390196\n|switch|p1a: Arceus|Arceus-Poison, L70|75/284\n|-sideend|p1: al_quds_al_aqsa|move: Toxic Spikes|[of] p1a: Arceus\n|turn|29\n|\n|t:|1725390211\n|switch|p1a: Milotic|Milotic, L83, M|293/293\n|move|p2a: Trevenant|Poltergeist|p1a: Milotic\n|-activate|p1a: Milotic|move: Poltergeist|Leftovers\n|-damage|p1a: Milotic|131/293\n|\n|-heal|p1a: Milotic|149/293|[from] item: Leftovers\n|-item|p2a: Trevenant|Sitrus Berry|[from] ability: Harvest\n|upkeep\n|-enditem|p2a: Trevenant|Sitrus Berry|[eat]\n|-heal|p2a: Trevenant|218/293|[from] item: Sitrus Berry\n|turn|30\n|\n|t:|1725390223\n|-terastallize|p1a: Milotic|Steel\n|move|p1a: Milotic|Ice Beam|p2a: Trevenant\n|-supereffective|p2a: Trevenant\n|-damage|p2a: Trevenant|82/293\n|move|p2a: Trevenant|Poltergeist|p1a: Milotic\n|-activate|p1a: Milotic|move: Poltergeist|Leftovers\n|-damage|p1a: Milotic|0 fnt\n|faint|p1a: Milotic\n|\n|-item|p2a: Trevenant|Sitrus Berry|[from] ability: Harvest\n|upkeep\n|-enditem|p2a: Trevenant|Sitrus Berry|[eat]\n|-heal|p2a: Trevenant|155/293|[from] item: Sitrus Berry\n|\n|t:|1725390234\n|switch|p1a: Gallade|Gallade, L81, M|141/243\n|turn|31\n|\n|t:|1725390246\n|move|p1a: Gallade|Night Slash|p2a: Trevenant\n|-supereffective|p2a: Trevenant\n|-damage|p2a: Trevenant|0 fnt\n|faint|p2a: Trevenant\n|-damage|p1a: Gallade|117/243|[from] item: Life Orb\n|\n|upkeep\n|\n|t:|1725390257\n|switch|p2a: Archaludon|Archaludon, L78, F, tera:Fighting|44/268\n|-damage|p2a: Archaludon|28/268|[from] Stealth Rock\n|turn|32\n|\n|t:|1725390265\n|move|p2a: Archaludon|Flash Cannon|p1a: Gallade\n|-damage|p1a: Gallade|47/243\n|move|p1a: Gallade|Agility|p1a: Gallade\n|-boost|p1a: Gallade|spe|2\n|\n|upkeep\n|turn|33\n|\n|t:|1725390274\n|move|p1a: Gallade|Psycho Cut|p2a: Archaludon\n|-supereffective|p2a: Archaludon\n|-damage|p2a: Archaludon|0 fnt\n|faint|p2a: Archaludon\n|-damage|p1a: Gallade|23/243|[from] item: Life Orb\n|\n|upkeep\n|inactive|ball investor has 60 seconds left.\n|\n|t:|1725390317\n|switch|p2a: Iron Hands|Iron Hands, L79, shiny|275/373\n|-damage|p2a: Iron Hands|252/373|[from] Stealth Rock\n|turn|34\n|\n|t:|1725390336\n|move|p1a: Gallade|Psycho Cut|p2a: Iron Hands\n|-supereffective|p2a: Iron Hands\n|-crit|p2a: Iron Hands\n|-damage|p2a: Iron Hands|0 fnt\n|faint|p2a: Iron Hands\n|-end|p2a: Iron Hands|Quark Drive|[silent]\n|-damage|p1a: Gallade|0 fnt|[from] item: Life Orb\n|faint|p1a: Gallade\n|\n|upkeep\n|\n|t:|1725390354\n|switch|p1a: Bombirdier|Bombirdier, L85, M|189/258\n|switch|p2a: Pincurchin|Pincurchin, F|155/258\n|-damage|p2a: Pincurchin|123/258|[from] Stealth Rock\n|-fieldstart|move: Electric Terrain|[from] ability: Electric Surge|[of] p2a: Pincurchin\n|turn|35\n|\n|t:|1725390361\n|move|p1a: Bombirdier|Knock Off|p2a: Pincurchin\n|-damage|p2a: Pincurchin|0 fnt\n|-enditem|p2a: Pincurchin|Leftovers|[from] move: Knock Off|[of] p1a: Bombirdier\n|faint|p2a: Pincurchin\n|\n|upkeep\n|c|\u2606al_quds_al_aqsa|Gg\n|\n|t:|1725390377\n|switch|p2a: Uxie|Uxie, L83|260/260\n|-damage|p2a: Uxie|228/260|[from] Stealth Rock\n|turn|36\n|\n|t:|1725390395\n|move|p2a: Uxie|Knock Off|p1a: Bombirdier\n|-resisted|p1a: Bombirdier\n|-damage|p1a: Bombirdier|159/258\n|-enditem|p1a: Bombirdier|Choice Band|[from] move: Knock Off|[of] p2a: Uxie\n|move|p1a: Bombirdier|Knock Off|p2a: Uxie\n|-supereffective|p2a: Uxie\n|-damage|p2a: Uxie|66/260\n|-enditem|p2a: Uxie|Leftovers|[from] move: Knock Off|[of] p1a: Bombirdier\n|\n|upkeep\n|turn|37\n|\n|t:|1725390403\n|move|p2a: Uxie|Thunder Wave|p1a: Bombirdier\n|-status|p1a: Bombirdier|par\n|move|p1a: Bombirdier|Knock Off|p2a: Uxie\n|-supereffective|p2a: Uxie\n|-damage|p2a: Uxie|0 fnt\n|faint|p2a: Uxie\n|\n|upkeep\n|\n|t:|1725390410\n|switch|p2a: Tropius|Tropius, L91, M|275/328\n|-damage|p2a: Tropius|193/328|[from] Stealth Rock\n|turn|38\n|\n|t:|1725390416\n|move|p2a: Tropius|Substitute|p2a: Tropius\n|-start|p2a: Tropius|Substitute\n|-damage|p2a: Tropius|111/328\n|-enditem|p2a: Tropius|Sitrus Berry|[eat]\n|-heal|p2a: Tropius|193/328|[from] item: Sitrus Berry\n|move|p1a: Bombirdier|Knock Off|p2a: Tropius\n|-activate|p2a: Tropius|move: Substitute|[damage]\n|\n|upkeep\n|turn|39\n|\n|t:|1725390431\n|move|p2a: Tropius|Leech Seed|p1a: Bombirdier\n|-start|p1a: Bombirdier|move: Leech Seed\n|move|p1a: Bombirdier|Knock Off|p2a: Tropius\n|-end|p2a: Tropius|Substitute\n|\n|-damage|p1a: Bombirdier|127/258 par|[from] Leech Seed|[of] p2a: Tropius\n|-heal|p2a: Tropius|225/328|[silent]\n|-fieldend|move: Electric Terrain\n|-item|p2a: Tropius|Sitrus Berry|[from] ability: Harvest\n|upkeep\n|turn|40\n|j| Delta 2777\n|\n|t:|1725390440\n|move|p2a: Tropius|Substitute|p2a: Tropius\n|-start|p2a: Tropius|Substitute\n|-damage|p2a: Tropius|143/328\n|-enditem|p2a: Tropius|Sitrus Berry|[eat]\n|-heal|p2a: Tropius|225/328|[from] item: Sitrus Berry\n|move|p1a: Bombirdier|U-turn|p2a: Tropius\n|-activate|p2a: Tropius|move: Substitute|[damage]\n|\n|t:|1725390443\n|switch|p1a: Palossand|Palossand, L89, F|182/296|[from] U-turn\n|\n|-heal|p1a: Palossand|200/296|[from] item: Leftovers\n|-item|p2a: Tropius|Sitrus Berry|[from] ability: Harvest\n|upkeep\n|turn|41\n|inactive|ball investor has 60 seconds left.\n|\n|t:|1725390456\n|move|p2a: Tropius|Leech Seed|p1a: Palossand\n|-start|p1a: Palossand|move: Leech Seed\n|move|p1a: Palossand|Shadow Ball|p2a: Tropius\n|-end|p2a: Tropius|Substitute\n|\n|-heal|p1a: Palossand|218/296|[from] item: Leftovers\n|-damage|p1a: Palossand|181/296|[from] Leech Seed|[of] p2a: Tropius\n|-heal|p2a: Tropius|262/328|[silent]\n|upkeep\n|turn|42\n|inactive|ball investor has 60 seconds left.\n|\n|t:|1725390471\n|switch|p1a: Bombirdier|Bombirdier, L85, M|127/258 par\n|move|p2a: Tropius|Air Slash|p1a: Bombirdier\n|-damage|p1a: Bombirdier|49/258 par\n|\n|upkeep\n|turn|43\n|\n|t:|1725390478\n|move|p2a: Tropius|Air Slash|p1a: Bombirdier\n|-damage|p1a: Bombirdier|0 fnt\n|faint|p1a: Bombirdier\n|\n|upkeep\n|\n|t:|1725390480\n|switch|p1a: Arceus|Arceus-Poison, L70|75/284\n|turn|44\n|\n|t:|1725390498\n|move|p1a: Arceus|Swords Dance|p1a: Arceus\n|-boost|p1a: Arceus|atk|2\n|move|p2a: Tropius|Leech Seed|p1a: Arceus\n|-start|p1a: Arceus|move: Leech Seed\n|\n|-damage|p1a: Arceus|40/284|[from] Leech Seed|[of] p2a: Tropius\n|-heal|p2a: Tropius|297/328|[silent]\n|upkeep\n|turn|45\n|\n|t:|1725390504\n|move|p2a: Tropius|Protect|p2a: Tropius\n|-singleturn|p2a: Tropius|Protect\n|move|p1a: Arceus|Gunk Shot|p2a: Tropius\n|-activate|p2a: Tropius|move: Protect\n|\n|-damage|p1a: Arceus|5/284|[from] Leech Seed|[of] p2a: Tropius\n|-heal|p2a: Tropius|328/328|[silent]\n|upkeep\n|turn|46\n|\n|t:|1725390512\n|move|p2a: Tropius|Protect|p2a: Tropius\n|-singleturn|p2a: Tropius|Protect\n|move|p1a: Arceus|Gunk Shot|p2a: Tropius\n|-activate|p2a: Tropius|move: Protect\n|\n|-damage|p1a: Arceus|0 fnt|[from] Leech Seed|[of] p2a: Tropius\n|faint|p1a: Arceus\n|upkeep\n|-message|al_quds_al_aqsa forfeited.\n|\n|win|ball investor\n|raw|al_quds_al_aqsa's rating: 2397 &rarr; <strong>2376</strong><br />(-21 for losing)\n|raw|ball investor's rating: 2377 &rarr; <strong>2398</strong><br />(+21 for winning)\n|l|\u2606al_quds_al_aqsa\n|player|p1|\n", "inputlog": ">version fb38517c27254f3634e2780c496b6b56e66c1790\n>start {\"formatid\":\"gen9randombattle\",\"seed\":[17114,57192,29446,17675],\"rated\":\"Rated battle\"}\n>player p1 {\"name\":\"al_quds_al_aqsa\",\"avatar\":\"170\",\"rating\":2397,\"seed\":[4300,59690,63399,280]}\n>player p2 {\"name\":\"ball investor\",\"avatar\":\"266\",\"rating\":2377,\"seed\":[9331,31964,64795,62719]}\n>p1 move nightslash\n>p2 move uturn\n>p2 switch 2\n>p1 move psychocut\n>p2 move substitute\n>p1 switch 4\n>p2 move airslash\n>p1 move stealthrock\n>p2 move leechseed\n>p1 switch 6\n>p2 move leechseed\n>p1 switch 6\n>p2 move protect\n>p1 move shadowball\n>p2 move airslash\n>p1 move shadowball\n>p2 move leechseed\n>p1 switch 6\n>p2 move substitute\n>p1 move icebeam\n>p2 move protect\n>p1 move icebeam\n>p2 move leechseed\n>p1 switch 6\n>p2 move protect\n>p1 switch 6\n>p2 move airslash\n>p1 move scald\n>p2 switch 5\n>p1 move scald\n>p2 move toxicspikes\n>p1 move scald\n>p2 move recover\n>p1 move flipturn\n>p2 move recover\n>p1 switch 3\n>p1 move swordsdance\n>p2 move discharge\n>p1 move swordsdance\n>p2 switch 6\n>p1 move earthquake\n>p2 move dragontail terastallize\n>p1 move scald\n>p2 switch 6\n>p1 move flipturn\n>p2 move toxicspikes\n>p1 switch 2\n>p1 move rocktomb\n>p2 switch 3\n>p1 switch 5\n>p2 move poltergeist\n>p1 move knockoff\n>p2 move protect\n>p1 move knockoff\n>p2 switch 4\n>p1 switch 5\n>p2 move icepunch\n>p1 move rocktomb\n>p2 switch 4\n>p1 switch 3\n>p1 switch 2\n>p2 move poltergeist\n>p1 move icebeam terastallize\n>p2 move poltergeist\n>p1 switch 4\n>p1 move nightslash\n>p2 move poltergeist\n>p2 switch 6\n>p1 move agility\n>p2 move flashcannon\n>p1 move psychocut\n>p2 move flashcannon\n>p2 switch 4\n>p1 move psychocut\n>p2 move icepunch\n>p1 switch 5\n>p2 switch 3\n>p1 move knockoff\n>p2 move recover\n>chat \u2606al_quds_al_aqsa|Gg\n>p2 switch 2\n>p1 move knockoff\n>p2 move knockoff\n>p1 move knockoff\n>p2 move thunderwave\n>p2 switch 5\n>p1 move knockoff\n>p2 move substitute\n>p1 move knockoff\n>p2 move leechseed\n>p1 move uturn\n>p2 move substitute\n>p1 switch 6\n>p1 move shadowball\n>p2 move leechseed\n>p1 switch 6\n>p2 move airslash\n>p1 move knockoff\n>p2 move airslash\n>p1 switch 2\n>p1 move swordsdance\n>p2 move leechseed\n>p1 move gunkshot\n>p2 move protect\n>p1 move gunkshot\n>p2 move protect\n>forcelose p1", "uploadtime": 1725390527, "views": 101, "formatid": "gen9randombattle", "rating": 2376, "private": 0, "password": null}