{"id": "gen9randombattle-2195943131", "format": "[Gen 9] Random Battle", "players": ["Big ol Tim", "canyousparechange"], "log": "|j|\u2606Big ol Tim\n|j|\u2606canyousparechange\n|t:|1725643553\n|gametype|singles\n|player|p1|Big ol Tim|swimmer-gen4|2252\n|player|p2|canyousparechange|li|2243\n|teamsize|p1|6\n|teamsize|p2|6\n|gen|9\n|tier|[Gen 9] Random Battle\n|rated|\n|rule|Species Clause: Limit one of each Pok\u00e9mon\n|rule|HP Percentage Mod: HP is shown in percentages\n|rule|Sleep Clause Mod: Limit one foe put to sleep\n|rule|Illusion Level Mod: Illusion disguises the Pok\u00e9mon's true level\n|\n|t:|1725643553\n|start\n|switch|p1a: Gyarados|Gyarados, L79, F|280/280\n|switch|p2a: Lugia|Lugia, L72|272/272\n|-ability|p1a: Gyarados|Intimidate|boost\n|-unboost|p2a: Lugia|atk|1\n|turn|1\n|inactive|Battle timer is ON: inactive players will automatically lose when time's up. (requested by canyousparechange)\n|\n|t:|1725643569\n|switch|p1a: Porygon2|Porygon2, L82|274/274\n|-ability|p1a: Porygon2|Download|boost\n|-boost|p1a: Porygon2|atk|1\n|move|p2a: Lugia|Calm Mind|p2a: Lugia\n|-boost|p2a: Lugia|spa|1\n|-boost|p2a: Lugia|spd|1\n|\n|upkeep\n|turn|2\n|\n|t:|1725643572\n|switch|p2a: Okidogi|Okidogi, L77, M|262/262\n|move|p1a: Porygon2|Thunder Wave|p2a: Okidogi\n|-status|p2a: Okidogi|par\n|\n|upkeep\n|turn|3\n|\n|t:|1725643576\n|switch|p1a: Gyarados|Gyarados, L79, F|280/280\n|-ability|p1a: Gyarados|Intimidate|boost\n|-unboost|p2a: Okidogi|atk|1\n|move|p2a: Okidogi|Knock Off|p1a: Gyarados\n|-damage|p1a: Gyarados|226/280\n|-enditem|p1a: Gyarados|Heavy-Duty Boots|[from] move: Knock Off|[of] p2a: Okidogi\n|\n|upkeep\n|turn|4\n|\n|t:|1725643591\n|switch|p2a: Ursaluna|Ursaluna, L79, M|335/335\n|move|p1a: Gyarados|Dragon Dance|p1a: Gyarados\n|-boost|p1a: Gyarados|atk|1\n|-boost|p1a: Gyarados|spe|1\n|\n|-status|p2a: Ursaluna|brn|[from] item: Flame Orb\n|upkeep\n|turn|5\n|\n|t:|1725643596\n|move|p1a: Gyarados|Waterfall|p2a: Ursaluna\n|-supereffective|p2a: Ursaluna\n|-damage|p2a: Ursaluna|63/335 brn\n|move|p2a: Ursaluna|Facade|p1a: Gyarados\n|-damage|p1a: Gyarados|0 fnt\n|faint|p1a: Gyarados\n|\n|-damage|p2a: Ursaluna|43/335 brn|[from] brn\n|upkeep\n|\n|t:|1725643600\n|switch|p1a: Porygon2|Porygon2, L82|274/274\n|-ability|p1a: Porygon2|Download|boost\n|-boost|p1a: Porygon2|spa|1\n|turn|6\n|\n|t:|1725643604\n|switch|p2a: Okidogi|Okidogi, L77, M|262/262 par\n|move|p1a: Porygon2|Tera Blast|p2a: Okidogi\n|-damage|p2a: Okidogi|120/262 par\n|\n|-heal|p2a: Okidogi|136/262 par|[from] item: Leftovers\n|upkeep\n|turn|7\n|\n|t:|1725643609\n|move|p1a: Porygon2|Tera Blast|p2a: Okidogi\n|-damage|p2a: Okidogi|0 fnt\n|faint|p2a: Okidogi\n|\n|upkeep\n|j| Aerinidous\n|\n|t:|1725643621\n|switch|p2a: Sandslash|Sandslash, L88, F|275/275\n|turn|8\n|\n|t:|1725643631\n|move|p2a: Sandslash|Knock Off|p1a: Porygon2\n|-damage|p1a: Porygon2|224/274\n|-enditem|p1a: Porygon2|Eviolite|[from] move: Knock Off|[of] p2a: Sandslash\n|move|p1a: Porygon2|Tera Blast|p2a: Sandslash\n|-damage|p2a: Sandslash|166/275\n|\n|upkeep\n|turn|9\n|\n|t:|1725643634\n|move|p2a: Sandslash|Earthquake|p1a: Porygon2\n|-damage|p1a: Porygon2|94/274\n|move|p1a: Porygon2|Tera Blast|p2a: Sandslash\n|-damage|p2a: Sandslash|48/275\n|\n|upkeep\n|turn|10\n|\n|t:|1725643636\n|move|p2a: Sandslash|Earthquake|p1a: Porygon2\n|-damage|p1a: Porygon2|0 fnt\n|faint|p1a: Porygon2\n|\n|upkeep\n|\n|t:|1725643642\n|switch|p1a: Pikachu|Pikachu-Sinnoh, L93, M|216/216\n|turn|11\n|\n|t:|1725643646\n|move|p1a: Pikachu|Surf|p2a: Sandslash\n|-supereffective|p2a: Sandslash\n|-damage|p2a: Sandslash|0 fnt\n|faint|p2a: Sandslash\n|\n|upkeep\n|\n|t:|1725643662\n|switch|p2a: Lugia|Lugia, L72|272/272\n|turn|12\n|\n|t:|1725643672\n|-terastallize|p2a: Lugia|Ground\n|move|p1a: Pikachu|Knock Off|p2a: Lugia\n|-damage|p2a: Lugia|224/272\n|-enditem|p2a: Lugia|Heavy-Duty Boots|[from] move: Knock Off|[of] p1a: Pikachu\n|move|p2a: Lugia|Calm Mind|p2a: Lugia\n|-boost|p2a: Lugia|spa|1\n|-boost|p2a: Lugia|spd|1\n|\n|upkeep\n|turn|13\n|\n|t:|1725643680\n|switch|p1a: Pachirisu|Pachirisu, L96, M|271/271\n|move|p2a: Lugia|Earth Power|p1a: Pachirisu\n|-supereffective|p1a: Pachirisu\n|-crit|p1a: Pachirisu\n|-damage|p1a: Pachirisu|19/271\n|\n|upkeep\n|turn|14\n|\n|t:|1725643686\n|move|p1a: Pachirisu|Super Fang|p2a: Lugia\n|-damage|p2a: Lugia|112/272\n|move|p2a: Lugia|Aeroblast|p1a: Pachirisu\n|-resisted|p1a: Pachirisu\n|-damage|p1a: Pachirisu|0 fnt\n|faint|p1a: Pachirisu\n|\n|upkeep\n|\n|t:|1725643689\n|switch|p1a: Pikachu|Pikachu-Sinnoh, L93, M|216/216\n|turn|15\n|\n|t:|1725643695\n|switch|p2a: Ursaluna|Ursaluna, L79, M|43/335 brn\n|-terastallize|p1a: Pikachu|Water\n|move|p1a: Pikachu|Surf|p2a: Ursaluna\n|-supereffective|p2a: Ursaluna\n|-damage|p2a: Ursaluna|0 fnt\n|faint|p2a: Ursaluna\n|\n|upkeep\n|\n|t:|1725643698\n|switch|p2a: Sylveon|Sylveon, L85, F|300/300\n|turn|16\n|\n|t:|1725643702\n|move|p1a: Pikachu|Volt Tackle|p2a: Sylveon\n|-damage|p2a: Sylveon|60/300\n|-damage|p1a: Pikachu|137/216|[from] Recoil\n|move|p2a: Sylveon|Hyper Voice|p1a: Pikachu\n|-damage|p1a: Pikachu|0 fnt\n|faint|p1a: Pikachu\n|\n|-heal|p2a: Sylveon|78/300|[from] item: Leftovers\n|upkeep\n|\n|t:|1725643707\n|switch|p1a: Yanmega|Yanmega, L82, M|275/275\n|turn|17\n|\n|t:|1725643714\n|move|p2a: Sylveon|Protect|p2a: Sylveon\n|-singleturn|p2a: Sylveon|Protect\n|move|p1a: Yanmega|Bug Buzz|p2a: Sylveon\n|-activate|p2a: Sylveon|move: Protect\n|\n|-heal|p2a: Sylveon|96/300|[from] item: Leftovers\n|upkeep\n|turn|18\n|inactive|canyousparechange has 120 seconds left.\n|\n|t:|1725643769\n|move|p2a: Sylveon|Protect||[still]\n|-fail|p2a: Sylveon\n|move|p1a: Yanmega|Bug Buzz|p2a: Sylveon\n|-resisted|p2a: Sylveon\n|-damage|p2a: Sylveon|0 fnt\n|faint|p2a: Sylveon\n|\n|upkeep\n|\n|t:|1725643770\n|switch|p2a: Araquanid|Araquanid, L82, F|246/246\n|turn|19\n|\n|t:|1725643778\n|switch|p1a: Annihilape|Annihilape, L76, F|292/292\n|move|p2a: Araquanid|Liquidation|p1a: Annihilape\n|-damage|p1a: Annihilape|127/292\n|\n|-heal|p1a: Annihilape|145/292|[from] item: Leftovers\n|upkeep\n|turn|20\n|\n|t:|1725643790\n|move|p1a: Annihilape|Rage Fist|p2a: Araquanid\n|-damage|p2a: Araquanid|153/246\n|move|p2a: Araquanid|Hydro Pump|p1a: Annihilape\n|-damage|p1a: Annihilape|0 fnt\n|faint|p1a: Annihilape\n|\n|upkeep\n|\n|t:|1725643793\n|switch|p1a: Yanmega|Yanmega, L82, M|275/275\n|turn|21\n|\n|t:|1725643797\n|move|p1a: Yanmega|Air Slash|p2a: Araquanid\n|-supereffective|p2a: Araquanid\n|-damage|p2a: Araquanid|0 fnt\n|faint|p2a: Araquanid\n|\n|upkeep\n|\n|t:|1725643799\n|switch|p2a: Lugia|Lugia, L72, tera:Ground|112/272\n|turn|22\n|\n|t:|1725643801\n|move|p1a: Yanmega|Air Slash|p2a: Lugia|[miss]\n|-miss|p1a: Yanmega|p2a: Lugia\n|move|p2a: Lugia|Recover|p2a: Lugia\n|-heal|p2a: Lugia|248/272\n|\n|upkeep\n|turn|23\n|\n|t:|1725643804\n|move|p1a: Yanmega|Air Slash|p2a: Lugia\n|-damage|p2a: Lugia|145/272\n|move|p2a: Lugia|Calm Mind|p2a: Lugia\n|-boost|p2a: Lugia|spa|1\n|-boost|p2a: Lugia|spd|1\n|\n|upkeep\n|turn|24\n|\n|t:|1725643807\n|move|p1a: Yanmega|Air Slash|p2a: Lugia\n|-damage|p2a: Lugia|82/272\n|move|p2a: Lugia|Recover|p2a: Lugia\n|-heal|p2a: Lugia|218/272\n|\n|upkeep\n|turn|25\n|\n|t:|1725643809\n|move|p1a: Yanmega|Air Slash|p2a: Lugia\n|-damage|p2a: Lugia|148/272\n|cant|p2a: Lugia|flinch\n|\n|upkeep\n|turn|26\n|\n|t:|1725643811\n|move|p1a: Yanmega|Air Slash|p2a: Lugia\n|-damage|p2a: Lugia|87/272\n|move|p2a: Lugia|Aeroblast|p1a: Yanmega\n|-supereffective|p1a: Yanmega\n|-damage|p1a: Yanmega|0 fnt\n|faint|p1a: Yanmega\n|\n|win|canyousparechange\n|raw|Big ol Tim's rating: 2252 &rarr; <strong>2231</strong><br />(-21 for losing)\n|raw|canyousparechange's rating: 2243 &rarr; <strong>2264</strong><br />(+21 for winning)\n|l|\u2606Big ol Tim\n|player|p1|\n|c|\u2606canyousparechange|gg\n", "inputlog": ">version 0cf8241dca984da66af486149691a79a2b0e79e7\n>start {\"formatid\":\"gen9randombattle\",\"seed\":[62595,25311,48678,5178],\"rated\":\"Rated battle\"}\n>player p1 {\"name\":\"Big ol Tim\",\"avatar\":\"swimmer-gen4\",\"rating\":2252,\"seed\":[5271,28457,37032,50069]}\n>player p2 {\"name\":\"canyousparechange\",\"avatar\":\"li\",\"rating\":2243,\"seed\":[9061,19039,41110,10464]}\n>p1 switch 2\n>p2 move calmmind\n>p1 move thunderwave\n>p2 switch 3\n>p1 switch 2\n>p2 move knockoff\n>p1 move dragondance\n>p2 switch 2\n>p1 move waterfall\n>p2 move facade\n>p1 switch 2\n>p1 move terablast\n>p2 switch 2\n>p1 move terablast\n>p2 move knockoff\n>p2 switch 6\n>p1 move terablast\n>p2 move knockoff\n>p1 move terablast\n>p2 move earthquake\n>p1 move terablast\n>p2 move earthquake\n>p1 switch 3\n>p1 move surf\n>p2 move earthquake\n>p2 switch 3\n>p1 move knockoff\n>p2 move calmmind terastallize\n>p1 switch 4\n>p2 move earthpower\n>p1 move superfang\n>p2 move aeroblast\n>p1 switch 4\n>p1 move surf terastallize\n>p2 switch 2\n>p2 switch 4\n>p1 move volttackle\n>p2 move hypervoice\n>p1 switch 6\n>p1 move bugbuzz\n>p2 move protect\n>p1 move bugbuzz\n>p2 move protect\n>p2 switch 5\n>p1 switch 5\n>p2 move liquidation\n>p1 move ragefist\n>p2 move hydropump\n>p1 switch 5\n>p1 move airslash\n>p2 move liquidation\n>p2 switch 2\n>p1 move airslash\n>p2 move recover\n>p1 move airslash\n>p2 move calmmind\n>p1 move airslash\n>p2 move recover\n>p1 move airslash\n>p2 move aeroblast\n>p1 move airslash\n>p2 move aeroblast", "uploadtime": 1725643816, "views": 99, "formatid": "gen9randombattle", "rating": 2231, "private": 0, "password": null}