{"id": "gen9randombattle-2260717351", "format": "[Gen 9] Random Battle", "players": ["Cftg44", "Jk28373"], "log": "|j|\u2606Cftg44\n|j|\u2606Jk28373\n|t:|1733882314\n|gametype|singles\n|player|p1|Cftg44|101|1000\n|player|p2|Jk28373|workerice|1004\n|teamsize|p1|6\n|teamsize|p2|6\n|gen|9\n|tier|[Gen 9] Random Battle\n|rated|\n|rule|Species Clause: Limit one of each Pok\u00e9mon\n|rule|HP Percentage Mod: HP is shown in percentages\n|rule|Sleep Clause Mod: Limit one foe put to sleep\n|rule|Illusion Level Mod: Illusion disguises the Pok\u00e9mon's true level\n|\n|t:|1733882314\n|start\n|switch|p1a: Vaporeon|Vaporeon, L86, M|364/364\n|switch|p2a: Torkoal|Torkoal, L88, F|266/266\n|-weather|SunnyDay|[from] ability: Drought|[of] p2a: Torkoal\n|turn|1\n|\n|t:|1733882327\n|move|p1a: Vaporeon|Scald|p2a: Torkoal\n|-supereffective|p2a: Torkoal\n|-damage|p2a: Torkoal|152/266\n|move|p2a: Torkoal|Solar Beam||[still]\n|-prepare|p2a: Torkoal|Solar Beam\n|-anim|p2a: Torkoal|Solar Beam|p1a: Vaporeon\n|-supereffective|p1a: Vaporeon\n|-damage|p1a: Vaporeon|194/364\n|\n|-weather|SunnyDay|[upkeep]\n|-heal|p1a: Vaporeon|216/364|[from] item: Leftovers\n|upkeep\n|turn|2\n|\n|t:|1733882348\n|switch|p2a: Sunflora|Sunflora, M|312/312\n|move|p1a: Vaporeon|Scald|p2a: Sunflora\n|-resisted|p2a: Sunflora\n|-damage|p2a: Sunflora|291/312\n|-status|p2a: Sunflora|brn\n|\n|-weather|SunnyDay|[upkeep]\n|-heal|p1a: Vaporeon|238/364|[from] item: Leftovers\n|-damage|p2a: Sunflora|272/312 brn|[from] brn\n|upkeep\n|turn|3\n|\n|t:|1733882370\n|switch|p1a: Gouging Fire|Gouging Fire, L74|277/277\n|-activate|p1a: Gouging Fire|ability: Protosynthesis\n|-start|p1a: Gouging Fire|protosynthesisdef\n|move|p2a: Sunflora|Leaf Storm|p1a: Gouging Fire\n|-resisted|p1a: Gouging Fire\n|-damage|p1a: Gouging Fire|194/277\n|-unboost|p2a: Sunflora|spa|2\n|\n|-weather|SunnyDay|[upkeep]\n|-damage|p2a: Sunflora|253/312 brn|[from] brn\n|upkeep\n|turn|4\n|\n|t:|1733882392\n|switch|p2a: Swanna|Swanna, L88, M|275/275\n|move|p1a: Gouging Fire|Heat Crash|p2a: Swanna\n|-resisted|p2a: Swanna\n|-damage|p2a: Swanna|179/275\n|\n|-weather|SunnyDay|[upkeep]\n|upkeep\n|turn|5\n|\n|t:|1733882406\n|move|p2a: Swanna|Roost|p2a: Swanna\n|-heal|p2a: Swanna|275/275\n|-singleturn|p2a: Swanna|move: Roost\n|move|p1a: Gouging Fire|Outrage|p2a: Swanna\n|-damage|p2a: Swanna|133/275\n|\n|-weather|none\n|-end|p1a: Gouging Fire|Protosynthesis\n|upkeep\n|turn|6\n|\n|t:|1733882420\n|move|p2a: Swanna|Hydro Pump|p1a: Gouging Fire|[miss]\n|-miss|p2a: Swanna|p1a: Gouging Fire\n|move|p1a: Gouging Fire|Outrage|p2a: Swanna|[from]lockedmove\n|-damage|p2a: Swanna|0 fnt\n|faint|p2a: Swanna\n|\n|upkeep\n|\n|t:|1733882433\n|switch|p2a: Carbink|Carbink, L90|236/236\n|turn|7\n|\n|t:|1733882441\n|move|p1a: Gouging Fire|Outrage|p2a: Carbink|[from]lockedmove\n|-immune|p2a: Carbink\n|-start|p1a: Gouging Fire|confusion|[fatigue]\n|move|p2a: Carbink|Moonblast|p1a: Gouging Fire\n|-damage|p1a: Gouging Fire|115/277\n|\n|upkeep\n|turn|8\n|\n|t:|1733882460\n|-activate|p1a: Gouging Fire|confusion\n|move|p1a: Gouging Fire|Heat Crash|p2a: Carbink\n|-resisted|p2a: Carbink\n|-damage|p2a: Carbink|200/236\n|move|p2a: Carbink|Iron Defense|p2a: Carbink\n|-boost|p2a: Carbink|def|2\n|\n|-heal|p2a: Carbink|214/236|[from] item: Leftovers\n|upkeep\n|turn|9\n|\n|t:|1733882472\n|-end|p1a: Gouging Fire|confusion\n|move|p1a: Gouging Fire|Heat Crash|p2a: Carbink\n|-resisted|p2a: Carbink\n|-damage|p2a: Carbink|196/236\n|move|p2a: Carbink|Iron Defense|p2a: Carbink\n|-boost|p2a: Carbink|def|2\n|\n|-heal|p2a: Carbink|210/236|[from] item: Leftovers\n|upkeep\n|turn|10\n|\n|t:|1733882485\n|move|p1a: Gouging Fire|Dragon Dance|p1a: Gouging Fire\n|-boost|p1a: Gouging Fire|atk|1\n|-boost|p1a: Gouging Fire|spe|1\n|move|p2a: Carbink|Iron Defense|p2a: Carbink\n|-boost|p2a: Carbink|def|2\n|\n|-heal|p2a: Carbink|224/236|[from] item: Leftovers\n|upkeep\n|turn|11\n|\n|t:|1733882497\n|move|p1a: Gouging Fire|Dragon Dance|p1a: Gouging Fire\n|-boost|p1a: Gouging Fire|atk|1\n|-boost|p1a: Gouging Fire|spe|1\n|move|p2a: Carbink|Moonblast|p1a: Gouging Fire\n|-damage|p1a: Gouging Fire|34/277\n|-unboost|p1a: Gouging Fire|spa|1\n|\n|-heal|p2a: Carbink|236/236|[from] item: Leftovers\n|upkeep\n|turn|12\n|\n|t:|1733882509\n|move|p1a: Gouging Fire|Heat Crash|p2a: Carbink\n|-resisted|p2a: Carbink\n|-damage|p2a: Carbink|218/236\n|move|p2a: Carbink|Moonblast|p1a: Gouging Fire\n|-damage|p1a: Gouging Fire|0 fnt\n|faint|p1a: Gouging Fire\n|-end|p1a: Gouging Fire|Protosynthesis|[silent]\n|\n|-heal|p2a: Carbink|232/236|[from] item: Leftovers\n|upkeep\n|\n|t:|1733882520\n|switch|p1a: Vaporeon|Vaporeon, L86, M|238/364\n|turn|13\n|\n|t:|1733882536\n|move|p1a: Vaporeon|Scald|p2a: Carbink\n|-supereffective|p2a: Carbink\n|-damage|p2a: Carbink|122/236\n|move|p2a: Carbink|Body Press|p1a: Vaporeon\n|-damage|p1a: Vaporeon|0 fnt\n|faint|p1a: Vaporeon\n|\n|-heal|p2a: Carbink|136/236|[from] item: Leftovers\n|upkeep\n|\n|t:|1733882548\n|switch|p1a: Chimecho|Chimecho, L93, M|290/290\n|turn|14\n|\n|t:|1733882558\n|move|p1a: Chimecho|Knock Off|p2a: Carbink\n|-resisted|p2a: Carbink\n|-damage|p2a: Carbink|132/236\n|-enditem|p2a: Carbink|Leftovers|[from] move: Knock Off|[of] p1a: Chimecho\n|move|p2a: Carbink|Rock Polish|p2a: Carbink\n|-boost|p2a: Carbink|spe|2\n|\n|upkeep\n|turn|15\n|\n|t:|1733882572\n|move|p2a: Carbink|Moonblast|p1a: Chimecho\n|-damage|p1a: Chimecho|224/290\n|move|p1a: Chimecho|Psychic Noise|p2a: Carbink\n|-damage|p2a: Carbink|74/236\n|-start|p2a: Carbink|move: Heal Block\n|\n|-heal|p1a: Chimecho|242/290|[from] item: Leftovers\n|upkeep\n|turn|16\n|\n|t:|1733882585\n|move|p2a: Carbink|Body Press|p1a: Chimecho\n|-resisted|p1a: Chimecho\n|-damage|p1a: Chimecho|68/290\n|move|p1a: Chimecho|Psychic Noise|p2a: Carbink\n|-damage|p2a: Carbink|16/236\n|\n|-heal|p1a: Chimecho|86/290|[from] item: Leftovers\n|-end|p2a: Carbink|move: Heal Block\n|upkeep\n|turn|17\n|\n|t:|1733882599\n|move|p2a: Carbink|Body Press|p1a: Chimecho\n|-resisted|p1a: Chimecho\n|-damage|p1a: Chimecho|0 fnt\n|faint|p1a: Chimecho\n|\n|upkeep\n|\n|t:|1733882606\n|switch|p1a: Hitmonchan|Hitmonchan, L87, M|229/229\n|turn|18\n|\n|t:|1733882613\n|move|p2a: Carbink|Moonblast|p1a: Hitmonchan\n|-supereffective|p1a: Hitmonchan\n|-damage|p1a: Hitmonchan|109/229\n|-unboost|p1a: Hitmonchan|spa|1\n|move|p1a: Hitmonchan|Knock Off|p2a: Carbink\n|-resisted|p2a: Carbink\n|-damage|p2a: Carbink|11/236\n|-damage|p1a: Hitmonchan|87/229|[from] item: Life Orb\n|\n|upkeep\n|turn|19\n|\n|t:|1733882625\n|move|p2a: Carbink|Moonblast|p1a: Hitmonchan\n|-supereffective|p1a: Hitmonchan\n|-damage|p1a: Hitmonchan|0 fnt\n|faint|p1a: Hitmonchan\n|\n|upkeep\n|\n|t:|1733882632\n|switch|p1a: Kingdra|Kingdra, L84, F|263/263\n|turn|20\n|\n|t:|1733882638\n|move|p2a: Carbink|Moonblast|p1a: Kingdra\n|-supereffective|p1a: Kingdra\n|-damage|p1a: Kingdra|129/263\n|move|p1a: Kingdra|Outrage|p2a: Carbink\n|-immune|p2a: Carbink\n|\n|upkeep\n|turn|21\n|\n|t:|1733882648\n|move|p2a: Carbink|Moonblast|p1a: Kingdra\n|-supereffective|p1a: Kingdra\n|-damage|p1a: Kingdra|1/263\n|-unboost|p1a: Kingdra|spa|1\n|move|p1a: Kingdra|Wave Crash|p2a: Carbink\n|-supereffective|p2a: Carbink\n|-damage|p2a: Carbink|0 fnt\n|faint|p2a: Carbink\n|-damage|p1a: Kingdra|0 fnt|[from] Recoil\n|faint|p1a: Kingdra\n|\n|upkeep\n|\n|t:|1733882666\n|switch|p1a: Iron Moth|Iron Moth, L78|253/253\n|switch|p2a: Torkoal|Torkoal, L88, F|152/266\n|-weather|SunnyDay|[from] ability: Drought|[of] p2a: Torkoal\n|turn|22\n|\n|t:|1733882683\n|move|p1a: Iron Moth|Toxic Spikes|p2a: Torkoal\n|-sidestart|p2: Jk28373|move: Toxic Spikes\n|move|p2a: Torkoal|Earthquake|p1a: Iron Moth\n|-supereffective|p1a: Iron Moth\n|-damage|p1a: Iron Moth|0 fnt\n|faint|p1a: Iron Moth\n|-end|p1a: Iron Moth|Quark Drive|[silent]\n|\n|win|Jk28373\n|raw|Cftg44's rating: 1000 &rarr; <strong>1000</strong><br />(+0 for losing)\n|raw|Jk28373's rating: 1004 &rarr; <strong>1043</strong><br />(+39 for winning)\n", "inputlog": ">version bfd83cad13791eb5a5a409923076391caf6fb4d4\n>start {\"formatid\":\"gen9randombattle\",\"seed\":[11673,51942,53125,9300],\"rated\":\"Rated battle\"}\n>player p1 {\"name\":\"Cftg44\",\"avatar\":\"101\",\"rating\":1000,\"seed\":[5945,64883,62060,52471]}\n>player p2 {\"name\":\"Jk28373\",\"avatar\":\"workerice\",\"rating\":1004,\"seed\":[34498,61124,37264,42284]}\n>p1 move scald\n>p2 move solarbeam\n>p1 move scald\n>p2 switch 2\n>p1 switch 5\n>p2 move leafstorm\n>p1 move heatcrash\n>p2 switch 6\n>p1 move outrage\n>p2 move roost\n>p1 move outrage\n>p2 move hydropump\n>p2 switch 4\n>p1 move outrage\n>p2 move moonblast\n>p1 move heatcrash\n>p2 move irondefense\n>p1 move heatcrash\n>p2 move irondefense\n>p1 move dragondance\n>p2 move irondefense\n>p1 move dragondance\n>p2 move moonblast\n>p1 move heatcrash\n>p2 move moonblast\n>p1 switch 5\n>p1 move scald\n>p2 move bodypress\n>p1 switch 2\n>p1 move knockoff\n>p2 move rockpolish\n>p1 move psychicnoise\n>p2 move moonblast\n>p1 move psychicnoise\n>p2 move bodypress\n>p1 move psychicnoise\n>p2 move bodypress\n>p1 switch 3\n>p1 move knockoff\n>p2 move moonblast\n>p1 move closecombat\n>p2 move moonblast\n>p1 switch 6\n>p1 move outrage\n>p2 move moonblast\n>p1 move wavecrash\n>p2 move moonblast\n>p1 switch 4\n>p2 switch 2\n>p1 move toxicspikes\n>p2 move earthquake", "uploadtime": 1733882698, "views": 1, "formatid": "gen9randombattle", "rating": 1000, "private": 0, "password": null}