{"id": "gen9randombattle-2260910349", "format": "[Gen 9] Random Battle", "players": ["ncjdjdjdjidj", "dewfewqffwe"], "log": "|j|\u2606ncjdjdjdjidj\n|j|\u2606dewfewqffwe\n|t:|1733915235\n|gametype|singles\n|player|p1|ncjdjdjdjidj|101|1041\n|player|p2|dewfewqffwe|265|1000\n|teamsize|p1|6\n|teamsize|p2|6\n|gen|9\n|tier|[Gen 9] Random Battle\n|rated|\n|rule|Species Clause: Limit one of each Pok\u00e9mon\n|rule|HP Percentage Mod: HP is shown in percentages\n|rule|Sleep Clause Mod: Limit one foe put to sleep\n|rule|Illusion Level Mod: Illusion disguises the Pok\u00e9mon's true level\n|\n|t:|1733915235\n|start\n|switch|p1a: Rhyperior|Rhyperior, L82, M|323/323\n|switch|p2a: Dragapult|Dragapult, L77, M|262/262\n|turn|1\n|inactive|Battle timer is ON: inactive players will automatically lose when time's up. (requested by dewfewqffwe)\n|\n|t:|1733915247\n|-terastallize|p1a: Rhyperior|Steel\n|move|p2a: Dragapult|Draco Meteor|p1a: Rhyperior\n|-resisted|p1a: Rhyperior\n|-damage|p1a: Rhyperior|245/323\n|-unboost|p2a: Dragapult|spa|2\n|move|p1a: Rhyperior|Megahorn|p2a: Dragapult\n|-resisted|p2a: Dragapult\n|-damage|p2a: Dragapult|191/262\n|\n|upkeep\n|turn|2\n|\n|t:|1733915263\n|switch|p2a: Phione|Phione, L91|293/293\n|move|p1a: Rhyperior|Stone Edge|p2a: Phione\n|-damage|p2a: Phione|167/293\n|\n|-heal|p2a: Phione|185/293|[from] item: Leftovers\n|upkeep\n|turn|3\n|\n|t:|1733915274\n|move|p2a: Phione|Scald|p1a: Rhyperior\n|-damage|p1a: Rhyperior|164/323\n|-status|p1a: Rhyperior|brn\n|move|p1a: Rhyperior|Dragon Tail|p2a: Phione\n|-damage|p2a: Phione|157/293\n|drag|p2a: Pawmot|Pawmot, L80, F|243/243\n|\n|-damage|p1a: Rhyperior|144/323 brn|[from] brn\n|upkeep\n|turn|4\n|\n|t:|1733915289\n|switch|p2a: Phione|Phione, L91|157/293\n|move|p1a: Rhyperior|Earthquake|p2a: Phione\n|-damage|p2a: Phione|89/293\n|\n|-heal|p2a: Phione|107/293|[from] item: Leftovers\n|-damage|p1a: Rhyperior|124/323 brn|[from] brn\n|upkeep\n|turn|5\n|\n|t:|1733915300\n|move|p2a: Phione|Rest|p2a: Phione\n|-status|p2a: Phione|slp|[from] move: Rest\n|-heal|p2a: Phione|293/293 slp|[silent]\n|move|p1a: Rhyperior|Megahorn|p2a: Phione|[miss]\n|-miss|p1a: Rhyperior|p2a: Phione\n|\n|-damage|p1a: Rhyperior|104/323 brn|[from] brn\n|upkeep\n|turn|6\n|\n|t:|1733915313\n|switch|p2a: Stonjourner|Stonjourner, L91, M|330/330\n|move|p1a: Rhyperior|Stone Edge|p2a: Stonjourner\n|-damage|p2a: Stonjourner|285/330\n|\n|-damage|p1a: Rhyperior|84/323 brn|[from] brn\n|upkeep\n|turn|7\n|\n|t:|1733915336\n|move|p2a: Stonjourner|Rock Polish|p2a: Stonjourner\n|-boost|p2a: Stonjourner|spe|2\n|move|p1a: Rhyperior|Dragon Tail|p2a: Stonjourner|[miss]\n|-miss|p1a: Rhyperior|p2a: Stonjourner\n|\n|-damage|p1a: Rhyperior|64/323 brn|[from] brn\n|upkeep\n|turn|8\n|\n|t:|1733915347\n|move|p2a: Stonjourner|Earthquake|p1a: Rhyperior\n|-supereffective|p1a: Rhyperior\n|-damage|p1a: Rhyperior|0 fnt\n|faint|p1a: Rhyperior\n|-damage|p2a: Stonjourner|252/330|[from] item: Life Orb\n|\n|upkeep\n|\n|t:|1733915355\n|switch|p1a: Perrserker|Perrserker, L89, F|269/269\n|turn|9\n|\n|t:|1733915360\n|move|p2a: Stonjourner|Heat Crash|p1a: Perrserker\n|-supereffective|p1a: Perrserker\n|-damage|p1a: Perrserker|17/269\n|-damage|p2a: Stonjourner|219/330|[from] item: Life Orb\n|move|p1a: Perrserker|Knock Off|p2a: Stonjourner\n|-damage|p2a: Stonjourner|123/330\n|-enditem|p2a: Stonjourner|Life Orb|[from] move: Knock Off|[of] p1a: Perrserker\n|-damage|p1a: Perrserker|0 fnt|[from] item: Life Orb\n|faint|p1a: Perrserker\n|\n|upkeep\n|inactive|ncjdjdjdjidj has 120 seconds left.\n|\n|t:|1733915377\n|switch|p1a: Houndstone|Houndstone, L86, M|264/264\n|turn|10\n|\n|t:|1733915382\n|move|p2a: Stonjourner|Heat Crash|p1a: Houndstone\n|-damage|p1a: Houndstone|160/264\n|move|p1a: Houndstone|Body Press|p2a: Stonjourner\n|-supereffective|p2a: Stonjourner\n|-damage|p2a: Stonjourner|35/330\n|\n|-heal|p1a: Houndstone|176/264|[from] item: Leftovers\n|upkeep\n|turn|11\n|\n|t:|1733915393\n|move|p2a: Stonjourner|Heat Crash|p1a: Houndstone\n|-damage|p1a: Houndstone|76/264\n|move|p1a: Houndstone|Poltergeist||[still]\n|-fail|p1a: Houndstone\n|\n|-heal|p1a: Houndstone|92/264|[from] item: Leftovers\n|upkeep\n|turn|12\n|\n|t:|1733915402\n|move|p2a: Stonjourner|Heat Crash|p1a: Houndstone\n|-damage|p1a: Houndstone|0 fnt\n|faint|p1a: Houndstone\n|\n|upkeep\n|\n|t:|1733915408\n|switch|p1a: Hitmonlee|Hitmonlee, L85, M|224/224\n|turn|13\n|\n|t:|1733915413\n|move|p2a: Stonjourner|Heat Crash|p1a: Hitmonlee\n|-damage|p1a: Hitmonlee|58/224\n|move|p1a: Hitmonlee|Poison Jab|p2a: Stonjourner\n|-resisted|p2a: Stonjourner\n|-damage|p2a: Stonjourner|12/330\n|\n|upkeep\n|turn|14\n|\n|t:|1733915423\n|move|p2a: Stonjourner|Heat Crash|p1a: Hitmonlee\n|-damage|p1a: Hitmonlee|0 fnt\n|faint|p1a: Hitmonlee\n|\n|upkeep\n|\n|t:|1733915429\n|switch|p1a: Goodra|Goodra, L85, F|292/292\n|turn|15\n|\n|t:|1733915436\n|move|p2a: Stonjourner|Stone Edge|p1a: Goodra|[miss]\n|-miss|p2a: Stonjourner|p1a: Goodra\n|move|p1a: Goodra|Power Whip|p2a: Stonjourner\n|-supereffective|p2a: Stonjourner\n|-damage|p2a: Stonjourner|0 fnt\n|faint|p2a: Stonjourner\n|\n|upkeep\n|\n|t:|1733915440\n|switch|p2a: Sawsbuck|Sawsbuck, L88, M|284/284\n|turn|16\n|\n|t:|1733915448\n|move|p2a: Sawsbuck|Swords Dance|p2a: Sawsbuck\n|-boost|p2a: Sawsbuck|atk|2\n|move|p1a: Goodra|Draco Meteor|p2a: Sawsbuck\n|-damage|p2a: Sawsbuck|116/284\n|-unboost|p1a: Goodra|spa|2\n|\n|upkeep\n|turn|17\n|\n|t:|1733915457\n|move|p2a: Sawsbuck|Double-Edge|p1a: Goodra\n|-damage|p1a: Goodra|0 fnt\n|faint|p1a: Goodra\n|-damage|p2a: Sawsbuck|20/284|[from] Recoil\n|-damage|p2a: Sawsbuck|0 fnt|[from] item: Life Orb\n|faint|p2a: Sawsbuck\n|\n|upkeep\n|\n|t:|1733915466\n|switch|p2a: Dragapult|Dragapult, L77, M|191/262\n|switch|p1a: Latios|Latios, L78, M|253/253\n|turn|18\n|\n|t:|1733915475\n|move|p2a: Dragapult|Draco Meteor|p1a: Latios\n|-supereffective|p1a: Latios\n|-damage|p1a: Latios|0 fnt\n|-unboost|p2a: Dragapult|spa|2\n|faint|p1a: Latios\n|\n|win|dewfewqffwe\n|raw|ncjdjdjdjidj's rating: 1041 &rarr; <strong>1023</strong><br />(-18 for losing)\n|raw|dewfewqffwe's rating: 1000 &rarr; <strong>1045</strong><br />(+45 for winning)\n", "inputlog": ">version bfd83cad13791eb5a5a409923076391caf6fb4d4\n>start {\"formatid\":\"gen9randombattle\",\"seed\":[28614,5936,50474,57656],\"rated\":\"Rated battle\"}\n>player p1 {\"name\":\"ncjdjdjdjidj\",\"avatar\":\"101\",\"rating\":1041,\"seed\":[33180,33227,14638,34679]}\n>player p2 {\"name\":\"dewfewqffwe\",\"avatar\":\"265\",\"rating\":1000,\"seed\":[57653,6599,15815,18334]}\n>p1 move megahorn terastallize\n>p2 move dracometeor\n>p1 move stoneedge\n>p2 switch 5\n>p1 move dragontail\n>p2 move scald\n>p1 move earthquake\n>p2 switch 2\n>p1 move megahorn\n>p2 move rest\n>p1 move stoneedge\n>p2 switch 6\n>p1 move dragontail\n>p2 move rockpolish\n>p1 move megahorn\n>p2 move earthquake\n>p1 switch 2\n>p1 move knockoff\n>p2 move heatcrash\n>p1 switch 4\n>p1 move bodypress\n>p2 move heatcrash\n>p1 move poltergeist\n>p2 move heatcrash\n>p1 move bodypress\n>p2 move heatcrash\n>p1 switch 5\n>p1 move poisonjab\n>p2 move heatcrash\n>p1 move knockoff\n>p2 move heatcrash\n>p1 switch 6\n>p1 move powerwhip\n>p2 move stoneedge\n>p2 switch 3\n>p1 move dracometeor\n>p2 move swordsdance\n>p1 move dracometeor\n>p2 move doubleedge\n>p1 switch 3\n>p2 switch 5\n>p1 move lusterpurge\n>p2 move dracometeor", "uploadtime": 1733915477, "views": 1, "formatid": "gen9randombattle", "rating": 1023, "private": 0, "password": null}