{"id": "gen9randombattle-2194158338", "format": "[Gen 9] Random Battle", "players": ["randoms meister", "BoredApeYachtClub"], "log": "|j|\u2606randoms meister\n|j|\u203dBoredApeYachtClub\n|t:|1725422493\n|gametype|singles\n|player|p1|randoms meister|2|2259\n|player|p2|BoredApeYachtClub|265|2337\n|teamsize|p1|6\n|teamsize|p2|6\n|gen|9\n|tier|[Gen 9] Random Battle\n|rated|\n|rule|Species Clause: Limit one of each Pok\u00e9mon\n|rule|HP Percentage Mod: HP is shown in percentages\n|rule|Sleep Clause Mod: Limit one foe put to sleep\n|rule|Illusion Level Mod: Illusion disguises the Pok\u00e9mon's true level\n|\n|t:|1725422493\n|start\n|switch|p1a: Dedenne|Dedenne, L88, F|261/261\n|switch|p2a: Venomoth|Venomoth, L84, F|255/255\n|turn|1\n|\n|t:|1725422555\n|switch|p2a: Registeel|Registeel, L82|265/265\n|move|p1a: Dedenne|Nuzzle|p2a: Registeel\n|-damage|p2a: Registeel|253/265\n|-status|p2a: Registeel|par\n|\n|-heal|p2a: Registeel|265/265 par|[from] item: Leftovers\n|upkeep\n|turn|2\n|\n|t:|1725422569\n|move|p1a: Dedenne|U-turn|p2a: Registeel\n|-resisted|p2a: Registeel\n|-damage|p2a: Registeel|252/265 par\n|\n|t:|1725422578\n|switch|p1a: Scrafty|Scrafty, L84, F|246/246|[from] U-turn\n|move|p2a: Registeel|Iron Head|p1a: Scrafty\n|-damage|p1a: Scrafty|189/246\n|\n|-heal|p1a: Scrafty|204/246|[from] item: Leftovers\n|-heal|p2a: Registeel|265/265 par|[from] item: Leftovers\n|upkeep\n|turn|3\n|inactive|Battle timer is ON: inactive players will automatically lose when time's up. (requested by BoredApeYachtClub)\n|\n|t:|1725422598\n|switch|p2a: Koraidon|Koraidon, L64|235/235\n|-weather|SunnyDay|[from] ability: Orichalcum Pulse|[of] p2a: Koraidon\n|-activate|p2a: Koraidon|Orichalcum Pulse|[source]\n|move|p1a: Scrafty|Knock Off|p2a: Koraidon\n|-resisted|p2a: Koraidon\n|-damage|p2a: Koraidon|182/235\n|-enditem|p2a: Koraidon|Loaded Dice|[from] move: Knock Off|[of] p1a: Scrafty\n|\n|-weather|SunnyDay|[upkeep]\n|-heal|p1a: Scrafty|219/246|[from] item: Leftovers\n|upkeep\n|turn|4\n|\n|t:|1725422613\n|move|p2a: Koraidon|Flare Blitz|p1a: Scrafty\n|-damage|p1a: Scrafty|121/246\n|-damage|p2a: Koraidon|150/235|[from] Recoil\n|move|p1a: Scrafty|Drain Punch|p2a: Koraidon\n|-damage|p2a: Koraidon|68/235\n|-heal|p1a: Scrafty|162/246|[from] drain|[of] p2a: Koraidon\n|\n|-weather|SunnyDay|[upkeep]\n|-heal|p1a: Scrafty|177/246|[from] item: Leftovers\n|upkeep\n|turn|5\n|\n|t:|1725422622\n|switch|p1a: Dedenne|Dedenne, L88, F|261/261\n|move|p2a: Koraidon|Flare Blitz|p1a: Dedenne\n|-damage|p1a: Dedenne|99/261\n|-enditem|p1a: Dedenne|Sitrus Berry|[eat]\n|-heal|p1a: Dedenne|164/261|[from] item: Sitrus Berry\n|-heal|p1a: Dedenne|251/261|[from] ability: Cheek Pouch\n|-damage|p2a: Koraidon|15/235|[from] Recoil\n|\n|-weather|SunnyDay|[upkeep]\n|upkeep\n|turn|6\n|\n|t:|1725422630\n|switch|p2a: Registeel|Registeel, L82|265/265 par\n|move|p1a: Dedenne|Thunderbolt|p2a: Registeel\n|-damage|p2a: Registeel|205/265 par\n|\n|-weather|SunnyDay|[upkeep]\n|-heal|p2a: Registeel|221/265 par|[from] item: Leftovers\n|upkeep\n|turn|7\n|\n|t:|1725422636\n|move|p1a: Dedenne|U-turn|p2a: Registeel\n|-resisted|p2a: Registeel\n|-damage|p2a: Registeel|209/265 par\n|\n|t:|1725422644\n|switch|p1a: Scrafty|Scrafty, L84, F|177/246|[from] U-turn\n|move|p2a: Registeel|Thunder Wave|p1a: Scrafty\n|-status|p1a: Scrafty|par\n|\n|-weather|none\n|-heal|p1a: Scrafty|192/246 par|[from] item: Leftovers\n|-heal|p2a: Registeel|225/265 par|[from] item: Leftovers\n|upkeep\n|turn|8\n|\n|t:|1725422655\n|switch|p2a: Venomoth|Venomoth, L84, F|255/255\n|move|p1a: Scrafty|Bulk Up|p1a: Scrafty\n|-boost|p1a: Scrafty|atk|1\n|-boost|p1a: Scrafty|def|1\n|\n|-heal|p1a: Scrafty|207/246 par|[from] item: Leftovers\n|upkeep\n|turn|9\n|\n|t:|1725422660\n|move|p2a: Venomoth|Quiver Dance|p2a: Venomoth\n|-boost|p2a: Venomoth|spa|1\n|-boost|p2a: Venomoth|spd|1\n|-boost|p2a: Venomoth|spe|1\n|move|p1a: Scrafty|Knock Off|p2a: Venomoth\n|-damage|p2a: Venomoth|63/255\n|-enditem|p2a: Venomoth|Heavy-Duty Boots|[from] move: Knock Off|[of] p1a: Scrafty\n|\n|-activate|p1a: Scrafty|ability: Shed Skin\n|-curestatus|p1a: Scrafty|par|[msg]\n|-heal|p1a: Scrafty|222/246|[from] item: Leftovers\n|upkeep\n|turn|10\n|\n|t:|1725422673\n|move|p2a: Venomoth|Sleep Powder|p1a: Scrafty\n|-status|p1a: Scrafty|slp|[from] move: Sleep Powder\n|cant|p1a: Scrafty|slp\n|\n|-heal|p1a: Scrafty|237/246 slp|[from] item: Leftovers\n|upkeep\n|turn|11\n|\n|t:|1725422682\n|move|p2a: Venomoth|Bug Buzz|p1a: Scrafty\n|-damage|p1a: Scrafty|129/246 slp\n|cant|p1a: Scrafty|slp\n|\n|-activate|p1a: Scrafty|ability: Shed Skin\n|-curestatus|p1a: Scrafty|slp|[msg]\n|-heal|p1a: Scrafty|144/246|[from] item: Leftovers\n|upkeep\n|turn|12\n|\n|t:|1725422686\n|move|p2a: Venomoth|Sleep Powder|p1a: Scrafty\n|-status|p1a: Scrafty|slp|[from] move: Sleep Powder\n|cant|p1a: Scrafty|slp\n|\n|-activate|p1a: Scrafty|ability: Shed Skin\n|-curestatus|p1a: Scrafty|slp|[msg]\n|-heal|p1a: Scrafty|159/246|[from] item: Leftovers\n|upkeep\n|turn|13\n|\n|t:|1725422689\n|move|p2a: Venomoth|Sleep Powder|p1a: Scrafty|[miss]\n|-miss|p2a: Venomoth|p1a: Scrafty\n|move|p1a: Scrafty|Knock Off|p2a: Venomoth\n|-damage|p2a: Venomoth|0 fnt\n|faint|p2a: Venomoth\n|\n|-heal|p1a: Scrafty|174/246|[from] item: Leftovers\n|upkeep\n|\n|t:|1725422715\n|switch|p2a: Koraidon|Koraidon, L64|15/235\n|-weather|SunnyDay|[from] ability: Orichalcum Pulse|[of] p2a: Koraidon\n|-activate|p2a: Koraidon|Orichalcum Pulse|[source]\n|turn|14\n|\n|t:|1725422730\n|switch|p1a: Dedenne|Dedenne, L88, F|251/261\n|move|p2a: Koraidon|Collision Course|p1a: Dedenne\n|-resisted|p1a: Dedenne\n|-damage|p1a: Dedenne|175/261\n|\n|-weather|SunnyDay|[upkeep]\n|upkeep\n|turn|15\n|\n|t:|1725422743\n|switch|p2a: Registeel|Registeel, L82|225/265 par\n|move|p1a: Dedenne|U-turn|p2a: Registeel\n|-resisted|p2a: Registeel\n|-damage|p2a: Registeel|212/265 par\n|\n|t:|1725422747\n|switch|p1a: Scrafty|Scrafty, L84, F|174/246|[from] U-turn\n|\n|-weather|SunnyDay|[upkeep]\n|-heal|p1a: Scrafty|189/246|[from] item: Leftovers\n|-heal|p2a: Registeel|228/265 par|[from] item: Leftovers\n|upkeep\n|turn|16\n|\n|t:|1725422757\n|switch|p2a: Bellossom|Bellossom, L84, M|263/263\n|move|p1a: Scrafty|Bulk Up|p1a: Scrafty\n|-boost|p1a: Scrafty|atk|1\n|-boost|p1a: Scrafty|def|1\n|\n|-weather|SunnyDay|[upkeep]\n|-heal|p1a: Scrafty|204/246|[from] item: Leftovers\n|upkeep\n|turn|17\n|\n|t:|1725422762\n|move|p2a: Bellossom|Quiver Dance|p2a: Bellossom\n|-boost|p2a: Bellossom|spa|1\n|-boost|p2a: Bellossom|spd|1\n|-boost|p2a: Bellossom|spe|1\n|move|p1a: Scrafty|Knock Off|p2a: Bellossom\n|-damage|p2a: Bellossom|127/263\n|-enditem|p2a: Bellossom|Leftovers|[from] move: Knock Off|[of] p1a: Scrafty\n|\n|-weather|SunnyDay|[upkeep]\n|-heal|p1a: Scrafty|219/246|[from] item: Leftovers\n|upkeep\n|turn|18\n|\n|t:|1725422768\n|switch|p1a: Dedenne|Dedenne, L88, F|175/261\n|move|p2a: Bellossom|Giga Drain|p1a: Dedenne\n|-damage|p1a: Dedenne|40/261\n|-heal|p2a: Bellossom|195/263|[from] drain|[of] p1a: Dedenne\n|\n|-weather|none\n|upkeep\n|turn|19\n|\n|t:|1725422776\n|switch|p2a: Registeel|Registeel, L82|228/265 par\n|move|p1a: Dedenne|U-turn|p2a: Registeel\n|-resisted|p2a: Registeel\n|-damage|p2a: Registeel|215/265 par\n|\n|t:|1725422798\n|switch|p1a: Bruxish|Bruxish, L85, F|254/254|[from] U-turn\n|\n|-heal|p2a: Registeel|231/265 par|[from] item: Leftovers\n|upkeep\n|turn|20\n|\n|t:|1725422809\n|switch|p2a: Koraidon|Koraidon, L64|15/235\n|-weather|SunnyDay|[from] ability: Orichalcum Pulse|[of] p2a: Koraidon\n|-activate|p2a: Koraidon|Orichalcum Pulse|[source]\n|move|p1a: Bruxish|Flip Turn|p2a: Koraidon\n|-resisted|p2a: Koraidon\n|-damage|p2a: Koraidon|0 fnt\n|faint|p2a: Koraidon\n|\n|t:|1725422820\n|switch|p1a: Dewgong|Dewgong, L94, F|322/322|[from] Flip Turn\n|\n|-weather|SunnyDay|[upkeep]\n|upkeep\n|\n|t:|1725422839\n|switch|p2a: Bellossom|Bellossom, L84, M|195/263\n|turn|21\n|\n|t:|1725422859\n|move|p2a: Bellossom|Strength Sap|p1a: Dewgong\n|-unboost|p1a: Dewgong|atk|1\n|-heal|p2a: Bellossom|263/263\n|move|p1a: Dewgong|Ice Beam|p2a: Bellossom\n|-supereffective|p2a: Bellossom\n|-damage|p2a: Bellossom|99/263\n|\n|-weather|SunnyDay|[upkeep]\n|upkeep\n|turn|22\n|\n|t:|1725422874\n|switch|p1a: Clefable|Clefable, L83, M|293/293\n|-terastallize|p2a: Bellossom|Rock\n|move|p2a: Bellossom|Quiver Dance|p2a: Bellossom\n|-boost|p2a: Bellossom|spa|1\n|-boost|p2a: Bellossom|spd|1\n|-boost|p2a: Bellossom|spe|1\n|\n|-weather|SunnyDay|[upkeep]\n|upkeep\n|turn|23\n|\n|t:|1725422883\n|move|p2a: Bellossom|Quiver Dance|p2a: Bellossom\n|-boost|p2a: Bellossom|spa|1\n|-boost|p2a: Bellossom|spd|1\n|-boost|p2a: Bellossom|spe|1\n|move|p1a: Clefable|Moonblast|p2a: Bellossom\n|-damage|p2a: Bellossom|8/263\n|\n|-weather|SunnyDay|[upkeep]\n|upkeep\n|turn|24\n|n|\u203dBoredApeYachtClub|boredapeyachtclub\n|n|\u203dBoredApeYachtClub|boredapeyachtclub\n|inactive|BoredApeYachtClub has 120 seconds left.\n|j| nocomment3\n|\n|t:|1725422929\n|move|p2a: Bellossom|Strength Sap|p1a: Clefable\n|-unboost|p1a: Clefable|atk|1\n|-heal|p2a: Bellossom|172/263\n|move|p1a: Clefable|Moonblast|p2a: Bellossom\n|-damage|p2a: Bellossom|85/263\n|\n|-weather|none\n|upkeep\n|turn|25\n|\n|t:|1725422939\n|move|p2a: Bellossom|Giga Drain|p1a: Clefable\n|-damage|p1a: Clefable|223/293\n|-heal|p2a: Bellossom|120/263|[from] drain|[of] p1a: Clefable\n|move|p1a: Clefable|Moonblast|p2a: Bellossom\n|-damage|p2a: Bellossom|27/263\n|\n|-heal|p1a: Clefable|241/293|[from] item: Leftovers\n|upkeep\n|turn|26\n|\n|t:|1725422958\n|move|p2a: Bellossom|Giga Drain|p1a: Clefable\n|-damage|p1a: Clefable|162/293\n|-heal|p2a: Bellossom|67/263|[from] drain|[of] p1a: Clefable\n|move|p1a: Clefable|Moonblast|p2a: Bellossom\n|-damage|p2a: Bellossom|0 fnt\n|faint|p2a: Bellossom\n|\n|-heal|p1a: Clefable|180/293|[from] item: Leftovers\n|upkeep\n|inactive|BoredApeYachtClub has 90 seconds left.\n|\n|t:|1725422981\n|switch|p2a: Polteageist|Polteageist-Antique, L79|224/224\n|turn|27\n|\n|t:|1725422994\n|move|p2a: Polteageist|Shell Smash|p2a: Polteageist\n|-unboost|p2a: Polteageist|def|1\n|-unboost|p2a: Polteageist|spd|1\n|-boost|p2a: Polteageist|atk|2\n|-boost|p2a: Polteageist|spa|2\n|-boost|p2a: Polteageist|spe|2\n|-enditem|p2a: Polteageist|White Herb\n|-clearnegativeboost|p2a: Polteageist|[silent]\n|move|p1a: Clefable|Knock Off|p2a: Polteageist\n|-supereffective|p2a: Polteageist\n|-damage|p2a: Polteageist|164/224\n|\n|-heal|p1a: Clefable|198/293|[from] item: Leftovers\n|upkeep\n|turn|28\n|\n|t:|1725423008\n|switch|p1a: Dedenne|Dedenne, L88, F|40/261\n|move|p2a: Polteageist|Stored Power|p1a: Dedenne\n|-damage|p1a: Dedenne|0 fnt\n|faint|p1a: Dedenne\n|\n|upkeep\n|\n|t:|1725423029\n|switch|p1a: Scrafty|Scrafty, L84, F|219/246\n|turn|29\n|inactive|BoredApeYachtClub has 90 seconds left.\n|inactive|BoredApeYachtClub has 60 seconds left.\n|l| nocomment3\n|inactive|BoredApeYachtClub has 30 seconds left.\n|\n|t:|1725423112\n|move|p2a: Polteageist|Strength Sap|p1a: Scrafty\n|-unboost|p1a: Scrafty|atk|1\n|-heal|p2a: Polteageist|224/224\n|move|p1a: Scrafty|Knock Off|p2a: Polteageist\n|-supereffective|p2a: Polteageist\n|-damage|p2a: Polteageist|116/224\n|-start|p1a: Scrafty|Disable|Knock Off|[from] ability: Cursed Body|[of] p2a: Polteageist\n|\n|-heal|p1a: Scrafty|234/246|[from] item: Leftovers\n|upkeep\n|turn|30\n|inactive|BoredApeYachtClub has 30 seconds left.\n|inactive|BoredApeYachtClub has 20 seconds left.\n|inactive|BoredApeYachtClub has 15 seconds left.\n|\n|t:|1725423139\n|switch|p1a: Dewgong|Dewgong, L94, F|322/322\n|move|p2a: Polteageist|Shadow Ball|p1a: Dewgong\n|-damage|p1a: Dewgong|162/322\n|-unboost|p1a: Dewgong|spd|1\n|\n|upkeep\n|turn|31\n|inactive|BoredApeYachtClub has 25 seconds left this turn.\n|inactive|BoredApeYachtClub has 20 seconds left.\n|\n|t:|1725423148\n|move|p2a: Polteageist|Shadow Ball|p1a: Dewgong\n|-damage|p1a: Dewgong|0 fnt\n|faint|p1a: Dewgong\n|\n|upkeep\n|inactive|BoredApeYachtClub has 25 seconds left this turn.\n|\n|t:|1725423154\n|switch|p1a: Munkidori|Munkidori, L79, M|269/269\n|turn|32\n|inactive|BoredApeYachtClub has 30 seconds left.\n|\n|t:|1725423168\n|-terastallize|p1a: Munkidori|Dark\n|move|p2a: Polteageist|Shadow Ball|p1a: Munkidori\n|-resisted|p1a: Munkidori\n|-damage|p1a: Munkidori|201/269\n|move|p1a: Munkidori|Psychic Noise|p2a: Polteageist\n|-damage|p2a: Polteageist|40/224\n|-start|p2a: Polteageist|move: Heal Block\n|\n|upkeep\n|turn|33\n|\n|t:|1725423178\n|move|p2a: Polteageist|Shadow Ball|p1a: Munkidori\n|-resisted|p1a: Munkidori\n|-damage|p1a: Munkidori|133/269\n|move|p1a: Munkidori|Psychic Noise|p2a: Polteageist\n|-damage|p2a: Polteageist|0 fnt\n|faint|p2a: Polteageist\n|\n|upkeep\n|inactive|BoredApeYachtClub has 30 seconds left.\n|\n|t:|1725423197\n|switch|p2a: Palkia|Palkia-Origin, L72|249/249\n|-ability|p2a: Palkia|Pressure\n|turn|34\n|inactive|BoredApeYachtClub has 30 seconds left.\n|inactive|BoredApeYachtClub has 20 seconds left.\n|inactive|BoredApeYachtClub has 15 seconds left.\n|\n|t:|1725423222\n|move|p2a: Palkia|Hydro Pump|p1a: Munkidori|[miss]\n|-miss|p2a: Palkia|p1a: Munkidori\n|move|p1a: Munkidori|Sludge Wave|p2a: Palkia\n|-damage|p2a: Palkia|153/249\n|-status|p2a: Palkia|tox|[from] ability: Toxic Chain|[of] p1a: Munkidori\n|\n|-damage|p2a: Palkia|138/249 tox|[from] psn\n|upkeep\n|turn|35\n|inactive|BoredApeYachtClub has 25 seconds left this turn.\n|inactive|BoredApeYachtClub has 20 seconds left.\n|\n|t:|1725423230\n|switch|p1a: Clefable|Clefable, L83, M|198/293\n|move|p2a: Palkia|Hydro Pump|p1a: Clefable|[miss]\n|-miss|p2a: Palkia|p1a: Clefable\n|\n|-heal|p1a: Clefable|216/293|[from] item: Leftovers\n|-damage|p2a: Palkia|108/249 tox|[from] psn\n|upkeep\n|turn|36\n|inactive|BoredApeYachtClub has 30 seconds left this turn.\n|-message|BoredApeYachtClub forfeited.\n|\n|win|randoms meister\n|raw|randoms meister's rating: 2259 &rarr; <strong>2283</strong><br />(+24 for winning)\n|raw|BoredApeYachtClub's rating: 2337 &rarr; <strong>2313</strong><br />(-24 for losing)\n|l|\u203dBoredApeYachtClub\n|player|p2|\n", "inputlog": ">version fb38517c27254f3634e2780c496b6b56e66c1790\n>start {\"formatid\":\"gen9randombattle\",\"seed\":[20279,42382,37462,30311],\"rated\":\"Rated battle\"}\n>player p1 {\"name\":\"randoms meister\",\"avatar\":\"2\",\"rating\":2259,\"seed\":[22566,18035,7224,26929]}\n>player p2 {\"name\":\"BoredApeYachtClub\",\"avatar\":\"265\",\"rating\":2337,\"seed\":[15934,19308,19589,38052]}\n>p1 move nuzzle\n>p2 switch 4\n>p1 move uturn\n>p2 move ironhead\n>p1 switch 3\n>p1 move knockoff\n>p2 switch 2\n>p1 move drainpunch\n>p2 move flareblitz\n>p1 switch 3\n>p2 move flareblitz\n>p1 move thunderbolt\n>p2 switch 2\n>p1 move uturn\n>p2 move thunderwave\n>p1 switch 3\n>p1 move bulkup\n>p2 switch 4\n>p1 move knockoff\n>p2 move quiverdance\n>p1 move knockoff\n>p2 move sleeppowder\n>p1 move knockoff\n>p2 move bugbuzz\n>p1 move knockoff\n>p2 move sleeppowder\n>p1 move knockoff\n>p2 move sleeppowder\n>p2 switch 2\n>p1 switch 3\n>p2 move collisioncourse\n>p1 move uturn\n>p2 switch 4\n>p1 switch 3\n>p1 move bulkup\n>p2 switch 3\n>p1 move knockoff\n>p2 move quiverdance\n>p1 switch 3\n>p2 move gigadrain\n>p1 move uturn\n>p2 switch 3\n>p1 switch 6\n>p1 move flipturn\n>p2 switch 4\n>p1 switch 5\n>p2 switch 3\n>p1 move icebeam\n>p2 move strengthsap\n>p1 switch 2\n>p2 move quiverdance terastallize\n>p1 move moonblast\n>p2 move quiverdance\n>p1 move moonblast\n>p2 move strengthsap\n>p1 move moonblast\n>p2 move gigadrain\n>p1 move moonblast\n>p2 move gigadrain\n>p2 switch 6\n>p1 move knockoff\n>p2 move shellsmash\n>p1 switch 6\n>p2 move storedpower\n>p1 switch 3\n>p1 move knockoff\n>p2 move strengthsap\n>p1 switch 2\n>p2 move shadowball\n>p1 move flipturn\n>p2 move shadowball\n>p1 switch 4\n>p1 move psychicnoise terastallize\n>p2 move shadowball\n>p1 move psychicnoise\n>p2 move shadowball\n>p2 switch 5\n>p1 move sludgewave\n>p2 move hydropump\n>p1 switch 6\n>p2 move hydropump\n>forcelose p2", "uploadtime": 1725423241, "views": 101, "formatid": "gen9randombattle", "rating": 2283, "private": 0, "password": null}