{"id": "gen9randombattle-2260715219", "format": "[Gen 9] Random Battle", "players": ["okcool123", "bakathomas"], "log": "|j|\u2606okcool123\n|j|\u2606bakathomas\n|t:|1733882040\n|gametype|singles\n|player|p1|okcool123|dragontamer|1469\n|player|p2|bakathomas|1|1478\n|teamsize|p1|6\n|teamsize|p2|6\n|gen|9\n|tier|[Gen 9] Random Battle\n|rated|\n|rule|Species Clause: Limit one of each Pok\u00e9mon\n|rule|HP Percentage Mod: HP is shown in percentages\n|rule|Sleep Clause Mod: Limit one foe put to sleep\n|rule|Illusion Level Mod: Illusion disguises the Pok\u00e9mon's true level\n|\n|t:|1733882040\n|start\n|switch|p1a: Araquanid|Araquanid, L82, M|246/246\n|switch|p2a: Vaporeon|Vaporeon, L86, F|364/364\n|turn|1\n|inactive|Battle timer is ON: inactive players will automatically lose when time's up. (requested by okcool123)\n|\n|t:|1733882060\n|switch|p2a: Bombirdier|Bombirdier, L85, M|258/258\n|move|p1a: Araquanid|Sticky Web|p2a: Bombirdier\n|-sidestart|p2: bakathomas|move: Sticky Web\n|\n|upkeep\n|turn|2\n|\n|t:|1733882067\n|switch|p1a: Zebstrika|Zebstrika, L87, M|272/272\n|move|p2a: Bombirdier|Knock Off|p1a: Zebstrika\n|-damage|p1a: Zebstrika|134/272\n|-enditem|p1a: Zebstrika|Life Orb|[from] move: Knock Off|[of] p2a: Bombirdier\n|\n|upkeep\n|turn|3\n|\n|t:|1733882075\n|switch|p2a: Dugtrio|Dugtrio, L84, F|196/196\n|-activate|p2a: Dugtrio|move: Sticky Web\n|-unboost|p2a: Dugtrio|spe|1\n|move|p1a: Zebstrika|Supercell Slam|p2a: Dugtrio\n|-immune|p2a: Dugtrio\n|-damage|p1a: Zebstrika|0 fnt|[from] supercellslam\n|faint|p1a: Zebstrika\n|\n|upkeep\n|\n|t:|1733882078\n|switch|p1a: Leafeon|Leafeon, L88, M|258/258\n|turn|4\n|\n|t:|1733882089\n|switch|p2a: Landorus|Landorus-Therian, L76, M|260/260\n|-ability|p2a: Landorus|Intimidate|boost\n|-unboost|p1a: Leafeon|atk|1\n|move|p1a: Leafeon|Swords Dance|p1a: Leafeon\n|-boost|p1a: Leafeon|atk|2\n|\n|upkeep\n|turn|5\n|\n|t:|1733882097\n|move|p1a: Leafeon|Swords Dance|p1a: Leafeon\n|-boost|p1a: Leafeon|atk|2\n|move|p2a: Landorus|Stealth Rock|p1a: Leafeon\n|-sidestart|p1: okcool123|move: Stealth Rock\n|\n|upkeep\n|turn|6\n|\n|t:|1733882108\n|move|p1a: Leafeon|Leaf Blade|p2a: Landorus\n|-damage|p2a: Landorus|0 fnt\n|faint|p2a: Landorus\n|-damage|p1a: Leafeon|233/258|[from] item: Life Orb\n|\n|upkeep\n|\n|t:|1733882115\n|switch|p2a: Bombirdier|Bombirdier, L85, M|258/258\n|turn|7\n|\n|t:|1733882125\n|-terastallize|p1a: Leafeon|Normal\n|move|p1a: Leafeon|Double-Edge|p2a: Bombirdier\n|-damage|p2a: Bombirdier|0 fnt\n|faint|p2a: Bombirdier\n|-damage|p1a: Leafeon|148/258|[from] Recoil\n|-damage|p1a: Leafeon|123/258|[from] item: Life Orb\n|\n|upkeep\n|\n|t:|1733882138\n|switch|p2a: Falinks|Falinks, L84|246/246\n|-activate|p2a: Falinks|move: Sticky Web\n|-unboost|p2a: Falinks|spe|1\n|-ability|p2a: Falinks|Defiant|boost\n|-boost|p2a: Falinks|atk|2\n|turn|8\n|\n|t:|1733882150\n|move|p1a: Leafeon|Double-Edge|p2a: Falinks\n|-crit|p2a: Falinks\n|-damage|p2a: Falinks|0 fnt\n|faint|p2a: Falinks\n|-damage|p1a: Leafeon|42/258|[from] Recoil\n|-damage|p1a: Leafeon|17/258|[from] item: Life Orb\n|\n|upkeep\n|\n|t:|1733882165\n|switch|p2a: Vaporeon|Vaporeon, L86, F|364/364\n|-activate|p2a: Vaporeon|move: Sticky Web\n|-unboost|p2a: Vaporeon|spe|1\n|turn|9\n|\n|t:|1733882172\n|-terastallize|p2a: Vaporeon|Poison\n|move|p1a: Leafeon|Double-Edge|p2a: Vaporeon\n|-damage|p2a: Vaporeon|0 fnt\n|faint|p2a: Vaporeon\n|-damage|p1a: Leafeon|0 fnt|[from] Recoil\n|faint|p1a: Leafeon\n|\n|upkeep\n|\n|t:|1733882182\n|switch|p1a: Dewgong|Dewgong, L94, F|322/322\n|switch|p2a: Mienshao|Mienshao, L83, M|244/244\n|-activate|p2a: Mienshao|move: Sticky Web\n|-unboost|p2a: Mienshao|spe|1\n|turn|10\n|\n|t:|1733882191\n|move|p1a: Dewgong|Triple Axel|p2a: Mienshao\n|-damage|p2a: Mienshao|216/244\n|-damage|p2a: Mienshao|159/244\n|-damage|p2a: Mienshao|83/244\n|-hitcount|p2a: Mienshao|3\n|move|p2a: Mienshao|Close Combat|p1a: Dewgong\n|-supereffective|p1a: Dewgong\n|-damage|p1a: Dewgong|0 fnt\n|-unboost|p2a: Mienshao|def|1\n|-unboost|p2a: Mienshao|spd|1\n|faint|p1a: Dewgong\n|-damage|p2a: Mienshao|59/244|[from] item: Life Orb\n|\n|upkeep\n|\n|t:|1733882196\n|switch|p1a: Alcremie|Alcremie, L90, F|263/263\n|-damage|p1a: Alcremie|231/263|[from] Stealth Rock\n|turn|11\n|\n|t:|1733882202\n|switch|p2a: Dugtrio|Dugtrio, L84, F|196/196\n|-activate|p2a: Dugtrio|move: Sticky Web\n|-unboost|p2a: Dugtrio|spe|1\n|move|p1a: Alcremie|Alluring Voice|p2a: Dugtrio\n|-damage|p2a: Dugtrio|76/196\n|\n|-heal|p1a: Alcremie|247/263|[from] item: Leftovers\n|upkeep\n|turn|12\n|c|\u2606okcool123|gg\n|\n|t:|1733882209\n|move|p1a: Alcremie|Alluring Voice|p2a: Dugtrio\n|-damage|p2a: Dugtrio|0 fnt\n|faint|p2a: Dugtrio\n|\n|-heal|p1a: Alcremie|263/263|[from] item: Leftovers\n|upkeep\n|\n|t:|1733882215\n|switch|p2a: Mienshao|Mienshao, L83, M|140/244\n|-activate|p2a: Mienshao|move: Sticky Web\n|-unboost|p2a: Mienshao|spe|1\n|turn|13\n|\n|t:|1733882220\n|move|p1a: Alcremie|Psyshock|p2a: Mienshao\n|-supereffective|p2a: Mienshao\n|-damage|p2a: Mienshao|0 fnt\n|faint|p2a: Mienshao\n|\n|win|okcool123\n|raw|okcool123's rating: 1469 &rarr; <strong>1490</strong><br />(+21 for winning)\n|raw|bakathomas's rating: 1478 &rarr; <strong>1457</strong><br />(-21 for losing)\n|l|\u2606bakathomas\n|player|p2|\n", "inputlog": ">version bfd83cad13791eb5a5a409923076391caf6fb4d4\n>start {\"formatid\":\"gen9randombattle\",\"seed\":[30601,5475,13162,40064],\"rated\":\"Rated battle\"}\n>player p1 {\"name\":\"okcool123\",\"avatar\":\"dragontamer\",\"rating\":1469,\"seed\":[16772,32830,38882,58081]}\n>player p2 {\"name\":\"bakathomas\",\"avatar\":\"1\",\"rating\":1478,\"seed\":[51405,60888,32000,26288]}\n>p1 move stickyweb\n>p2 switch 4\n>p1 switch 3\n>p2 move knockoff\n>p1 move supercellslam\n>p2 switch 5\n>p1 switch 4\n>p1 move swordsdance\n>p2 switch 6\n>p1 move swordsdance\n>p2 move stealthrock\n>p1 move leafblade\n>p2 move uturn\n>p2 switch 5\n>p1 move doubleedge terastallize\n>p2 move bravebird\n>p2 switch 2\n>p1 move doubleedge\n>p2 move closecombat\n>p2 switch 4\n>p1 move doubleedge\n>p2 move wish terastallize\n>p1 switch 5\n>p2 switch 3\n>p1 move tripleaxel\n>p2 move closecombat\n>p1 switch 2\n>p1 move alluringvoice\n>p2 switch 6\n>chat \u2606okcool123|gg\n>p1 move alluringvoice\n>p2 move earthquake\n>p2 switch 6\n>p1 move psyshock\n>p2 move poisonjab", "uploadtime": 1733882223, "views": 6, "formatid": "gen9randombattle", "rating": 1457, "private": 0, "password": null}