{"id": "gen9randombattle-2077254445", "format": "[Gen 9] Random Battle", "players": ["Ranger-0", "Emboar02"], "log": "|j|\u2606Ranger-0\n|j|\u2606Emboar02\n|t:|1710010069\n|gametype|singles\n|player|p1|Ranger-0|102|2251\n|player|p2|Emboar02|#rbtt7teamdarkrai|2225\n|teamsize|p1|6\n|teamsize|p2|6\n|gen|9\n|tier|[Gen 9] Random Battle\n|rated|\n|rule|Species Clause: Limit one of each Pok\u00e9mon\n|rule|HP Percentage Mod: HP is shown in percentages\n|rule|Sleep Clause Mod: Limit one foe put to sleep\n|rule|Illusion Level Mod: Illusion disguises the Pok\u00e9mon's true level\n|\n|t:|1710010069\n|start\n|switch|p1a: Magcargo|Magcargo, L94, F|265/265\n|switch|p2a: Dugtrio|Dugtrio, L84, M|196/196\n|turn|1\n|\n|t:|1710010098\n|-terastallize|p1a: Magcargo|Grass\n|move|p2a: Dugtrio|Earthquake|p1a: Magcargo\n|-resisted|p1a: Magcargo\n|-damage|p1a: Magcargo|230/265\n|move|p1a: Magcargo|Stealth Rock|p2a: Dugtrio\n|-sidestart|p2: Emboar02|move: Stealth Rock\n|\n|upkeep\n|turn|2\n|\n|t:|1710010117\n|move|p2a: Dugtrio|Stealth Rock|p1a: Magcargo\n|-sidestart|p1: Ranger-0|move: Stealth Rock\n|move|p1a: Magcargo|Lava Plume|p2a: Dugtrio\n|-damage|p2a: Dugtrio|87/196\n|\n|upkeep\n|turn|3\n|\n|t:|1710010140\n|switch|p2a: Dudunsparce|Dudunsparce-Three-Segment, L82, M|339/339\n|-damage|p2a: Dudunsparce|297/339|[from] Stealth Rock\n|move|p1a: Magcargo|Lava Plume|p2a: Dudunsparce\n|-damage|p2a: Dudunsparce|183/339\n|\n|-heal|p2a: Dudunsparce|204/339|[from] item: Leftovers\n|upkeep\n|turn|4\n|\n|t:|1710010147\n|move|p2a: Dudunsparce|Calm Mind|p2a: Dudunsparce\n|-boost|p2a: Dudunsparce|spa|1\n|-boost|p2a: Dudunsparce|spd|1\n|move|p1a: Magcargo|Yawn|p2a: Dudunsparce\n|-start|p2a: Dudunsparce|move: Yawn|[of] p1a: Magcargo\n|\n|-heal|p2a: Dudunsparce|225/339|[from] item: Leftovers\n|upkeep\n|turn|5\n|\n|t:|1710010163\n|switch|p1a: Vespiquen|Vespiquen, L98, F|296/296\n|-ability|p1a: Vespiquen|Pressure\n|move|p2a: Dudunsparce|Boomburst|p1a: Vespiquen\n|-damage|p1a: Vespiquen|140/296\n|\n|-heal|p2a: Dudunsparce|246/339|[from] item: Leftovers\n|-end|p2a: Dudunsparce|move: Yawn|[silent]\n|-status|p2a: Dudunsparce|slp\n|upkeep\n|turn|6\n|\n|t:|1710010169\n|cant|p2a: Dudunsparce|slp\n|move|p1a: Vespiquen|Toxic Spikes|p2a: Dudunsparce\n|-sidestart|p2: Emboar02|move: Toxic Spikes\n|\n|-heal|p2a: Dudunsparce|267/339 slp|[from] item: Leftovers\n|upkeep\n|turn|7\n|\n|t:|1710010173\n|cant|p2a: Dudunsparce|slp\n|move|p1a: Vespiquen|Roost|p1a: Vespiquen\n|-heal|p1a: Vespiquen|288/296\n|-singleturn|p1a: Vespiquen|move: Roost\n|\n|-heal|p2a: Dudunsparce|288/339 slp|[from] item: Leftovers\n|upkeep\n|turn|8\n|\n|t:|1710010175\n|-curestatus|p2a: Dudunsparce|slp|[msg]\n|move|p2a: Dudunsparce|Boomburst|p1a: Vespiquen\n|-damage|p1a: Vespiquen|149/296\n|move|p1a: Vespiquen|U-turn|p2a: Dudunsparce\n|-damage|p2a: Dudunsparce|191/339\n|-ability|p2a: Dudunsparce|Rattled|boost\n|-boost|p2a: Dudunsparce|spe|1\n|\n|t:|1710010186\n|switch|p1a: Emboar|Emboar, L84, M|322/322|[from] U-turn\n|-damage|p1a: Emboar|282/322|[from] Stealth Rock\n|\n|-heal|p2a: Dudunsparce|212/339|[from] item: Leftovers\n|-heal|p1a: Emboar|302/322|[from] item: Leftovers\n|upkeep\n|turn|9\n|\n|t:|1710010204\n|-terastallize|p2a: Dudunsparce|Ghost\n|move|p2a: Dudunsparce|Roost|p2a: Dudunsparce\n|-heal|p2a: Dudunsparce|339/339\n|move|p1a: Emboar|Drain Punch|p2a: Dudunsparce\n|-immune|p2a: Dudunsparce\n|\n|-heal|p1a: Emboar|322/322|[from] item: Leftovers\n|upkeep\n|turn|10\n|\n|t:|1710010216\n|move|p2a: Dudunsparce|Boomburst|p1a: Emboar\n|-damage|p1a: Emboar|72/322\n|move|p1a: Emboar|Trailblaze|p2a: Dudunsparce\n|-damage|p2a: Dudunsparce|295/339\n|-boost|p1a: Emboar|spe|1\n|\n|-heal|p1a: Emboar|92/322|[from] item: Leftovers\n|-heal|p2a: Dudunsparce|316/339|[from] item: Leftovers\n|upkeep\n|turn|11\n|\n|t:|1710010227\n|move|p1a: Emboar|Flare Blitz|p2a: Dudunsparce\n|-damage|p2a: Dudunsparce|115/339\n|-damage|p1a: Emboar|26/322|[from] Recoil\n|move|p2a: Dudunsparce|Roost|p2a: Dudunsparce\n|-heal|p2a: Dudunsparce|285/339\n|\n|-heal|p1a: Emboar|46/322|[from] item: Leftovers\n|-heal|p2a: Dudunsparce|306/339|[from] item: Leftovers\n|upkeep\n|turn|12\n|\n|t:|1710010235\n|move|p1a: Emboar|Bulk Up|p1a: Emboar\n|-boost|p1a: Emboar|atk|1\n|-boost|p1a: Emboar|def|1\n|move|p2a: Dudunsparce|Roost|p2a: Dudunsparce\n|-heal|p2a: Dudunsparce|339/339\n|\n|-heal|p1a: Emboar|66/322|[from] item: Leftovers\n|upkeep\n|turn|13\n|\n|t:|1710010241\n|move|p1a: Emboar|Bulk Up|p1a: Emboar\n|-boost|p1a: Emboar|atk|1\n|-boost|p1a: Emboar|def|1\n|move|p2a: Dudunsparce|Boomburst|p1a: Emboar\n|-damage|p1a: Emboar|0 fnt\n|faint|p1a: Emboar\n|\n|upkeep\n|\n|t:|1710010254\n|switch|p1a: Magcargo|Magcargo, L94, F, tera:Grass|230/265\n|turn|14\n|\n|t:|1710010257\n|move|p2a: Dudunsparce|Boomburst|p1a: Magcargo\n|-damage|p1a: Magcargo|44/265\n|move|p1a: Magcargo|Yawn|p2a: Dudunsparce\n|-start|p2a: Dudunsparce|move: Yawn|[of] p1a: Magcargo\n|\n|upkeep\n|turn|15\n|\n|t:|1710010263\n|move|p2a: Dudunsparce|Calm Mind|p2a: Dudunsparce\n|-boost|p2a: Dudunsparce|spa|1\n|-boost|p2a: Dudunsparce|spd|1\n|move|p1a: Magcargo|Recover|p1a: Magcargo\n|-heal|p1a: Magcargo|177/265\n|\n|-end|p2a: Dudunsparce|move: Yawn|[silent]\n|-status|p2a: Dudunsparce|slp\n|upkeep\n|turn|16\n|\n|t:|1710010272\n|switch|p1a: Ariados|Ariados, L94, M|284/284\n|cant|p2a: Dudunsparce|slp\n|\n|upkeep\n|turn|17\n|\n|t:|1710010275\n|cant|p2a: Dudunsparce|slp\n|move|p1a: Ariados|Knock Off|p2a: Dudunsparce\n|-supereffective|p2a: Dudunsparce\n|-damage|p2a: Dudunsparce|177/339 slp\n|-ability|p2a: Dudunsparce|Rattled|boost\n|-boost|p2a: Dudunsparce|spe|1\n|-enditem|p2a: Dudunsparce|Leftovers|[from] move: Knock Off|[of] p1a: Ariados\n|\n|upkeep\n|turn|18\n|\n|t:|1710010285\n|cant|p2a: Dudunsparce|slp\n|move|p1a: Ariados|Knock Off|p2a: Dudunsparce\n|-supereffective|p2a: Dudunsparce\n|-damage|p2a: Dudunsparce|63/339 slp\n|-ability|p2a: Dudunsparce|Rattled|boost\n|-boost|p2a: Dudunsparce|spe|1\n|\n|upkeep\n|turn|19\n|\n|t:|1710010289\n|-curestatus|p2a: Dudunsparce|slp|[msg]\n|move|p2a: Dudunsparce|Roost|p2a: Dudunsparce\n|-heal|p2a: Dudunsparce|233/339\n|move|p1a: Ariados|Knock Off|p2a: Dudunsparce\n|-supereffective|p2a: Dudunsparce\n|-damage|p2a: Dudunsparce|113/339\n|-ability|p2a: Dudunsparce|Rattled|boost\n|-boost|p2a: Dudunsparce|spe|1\n|\n|upkeep\n|turn|20\n|\n|t:|1710010293\n|move|p2a: Dudunsparce|Roost|p2a: Dudunsparce\n|-heal|p2a: Dudunsparce|283/339\n|move|p1a: Ariados|Knock Off|p2a: Dudunsparce\n|-supereffective|p2a: Dudunsparce\n|-damage|p2a: Dudunsparce|161/339\n|-ability|p2a: Dudunsparce|Rattled|boost\n|-boost|p2a: Dudunsparce|spe|1\n|\n|upkeep\n|turn|21\n|\n|t:|1710010296\n|move|p2a: Dudunsparce|Roost|p2a: Dudunsparce\n|-heal|p2a: Dudunsparce|331/339\n|move|p1a: Ariados|Knock Off|p2a: Dudunsparce\n|-supereffective|p2a: Dudunsparce\n|-damage|p2a: Dudunsparce|209/339\n|-ability|p2a: Dudunsparce|Rattled|boost\n|-boost|p2a: Dudunsparce|spe|1\n|\n|upkeep\n|turn|22\n|\n|t:|1710010299\n|move|p2a: Dudunsparce|Calm Mind|p2a: Dudunsparce\n|-boost|p2a: Dudunsparce|spa|1\n|-boost|p2a: Dudunsparce|spd|1\n|move|p1a: Ariados|Knock Off|p2a: Dudunsparce\n|-supereffective|p2a: Dudunsparce\n|-damage|p2a: Dudunsparce|85/339\n|\n|upkeep\n|turn|23\n|\n|t:|1710010302\n|move|p2a: Dudunsparce|Roost|p2a: Dudunsparce\n|-heal|p2a: Dudunsparce|255/339\n|move|p1a: Ariados|Knock Off|p2a: Dudunsparce\n|-supereffective|p2a: Dudunsparce\n|-damage|p2a: Dudunsparce|135/339\n|\n|upkeep\n|turn|24\n|\n|t:|1710010310\n|move|p2a: Dudunsparce|Boomburst|p1a: Ariados\n|-damage|p1a: Ariados|0 fnt\n|faint|p1a: Ariados\n|\n|upkeep\n|-message|Ranger-0 forfeited.\n|\n|win|Emboar02\n|raw|Ranger-0's rating: 2251 &rarr; <strong>2230</strong><br />(-21 for losing)\n|raw|Emboar02's rating: 2225 &rarr; <strong>2246</strong><br />(+21 for winning)\n|l|\u2606Ranger-0\n|player|p1|\n", "inputlog": ">version 08599569efc0c9562c8bca6905489dc04cb71e95\n>start {\"formatid\":\"gen9randombattle\",\"seed\":[38726,49631,40718,47761],\"rated\":\"Rated battle\"}\n>player p1 {\"name\":\"Ranger-0\",\"avatar\":\"102\",\"rating\":2251,\"seed\":[23631,34621,64509,28589]}\n>player p2 {\"name\":\"Emboar02\",\"avatar\":\"#rbtt7teamdarkrai\",\"rating\":2225,\"seed\":[48019,48565,9338,24555]}\n>p1 move stealthrock terastallize\n>p2 move earthquake\n>p1 move lavaplume\n>p2 move stealthrock\n>p1 move lavaplume\n>p2 switch 6\n>p1 move yawn\n>p2 move calmmind\n>p1 switch 2\n>p2 move boomburst\n>p1 move toxicspikes\n>p2 move boomburst\n>p1 move roost\n>p2 move boomburst\n>p1 move uturn\n>p2 move boomburst\n>p1 switch 6\n>p1 move drainpunch\n>p2 move roost terastallize\n>p1 move trailblaze\n>p2 move boomburst\n>p1 move flareblitz\n>p2 move roost\n>p1 move bulkup\n>p2 move roost\n>p1 move bulkup\n>p2 move boomburst\n>p1 switch 2\n>p1 move yawn\n>p2 move boomburst\n>p1 move recover\n>p2 move calmmind\n>p1 switch 3\n>p2 move boomburst\n>p1 move knockoff\n>p2 move boomburst\n>p1 move knockoff\n>p2 move calmmind\n>p1 move knockoff\n>p2 move roost\n>p1 move knockoff\n>p2 move roost\n>p1 move knockoff\n>p2 move roost\n>p1 move knockoff\n>p2 move calmmind\n>p1 move knockoff\n>p2 move roost\n>p1 move knockoff\n>p2 move boomburst\n>forcelose p1", "uploadtime": 1710010317, "views": 251, "formatid": "gen9randombattle", "rating": 2230, "private": 0, "password": null}