{"id": "gen9randombattle-2259995219", "format": "[Gen 9] Random Battle", "players": ["SALF", "Lesbianarmadillo"], "log": "|j|\u2606SALF\n|j|\u2606Lesbianarmadillo\n|t:|1733788841\n|gametype|singles\n|player|p1|SALF|emmet|1154\n|player|p2|Lesbianarmadillo|265|1109\n|teamsize|p1|6\n|teamsize|p2|6\n|gen|9\n|tier|[Gen 9] Random Battle\n|rated|\n|rule|Species Clause: Limit one of each Pok\u00e9mon\n|rule|HP Percentage Mod: HP is shown in percentages\n|rule|Sleep Clause Mod: Limit one foe put to sleep\n|rule|Illusion Level Mod: Illusion disguises the Pok\u00e9mon's true level\n|\n|t:|1733788841\n|start\n|switch|p1a: Iron Treads|Iron Treads, L77|265/265\n|switch|p2a: Hydrapple|Hydrapple, L83, F|312/312\n|turn|1\n|c|\u2606SALF|good luck have fub\n|\n|t:|1733788858\n|move|p1a: Iron Treads|Stealth Rock|p2a: Hydrapple\n|-sidestart|p2: Lesbianarmadillo|move: Stealth Rock\n|move|p2a: Hydrapple|Dragon Tail|p1a: Iron Treads\n|-resisted|p1a: Iron Treads\n|-damage|p1a: Iron Treads|243/265\n|-end|p1a: Iron Treads|Quark Drive|[silent]\n|drag|p1a: Krookodile|Krookodile, L80, F|283/283\n|-ability|p1a: Krookodile|Intimidate|boost\n|-unboost|p2a: Hydrapple|atk|1\n|\n|upkeep\n|turn|2\n|\n|t:|1733788879\n|move|p1a: Krookodile|Bulk Up|p1a: Krookodile\n|-boost|p1a: Krookodile|atk|1\n|-boost|p1a: Krookodile|def|1\n|move|p2a: Hydrapple|Leaf Storm|p1a: Krookodile\n|-supereffective|p1a: Krookodile\n|-damage|p1a: Krookodile|0 fnt\n|-unboost|p2a: Hydrapple|spa|2\n|faint|p1a: Krookodile\n|\n|upkeep\n|\n|t:|1733788888\n|switch|p1a: Iron Treads|Iron Treads, L77|243/265\n|turn|3\n|\n|t:|1733788907\n|move|p1a: Iron Treads|Rapid Spin|p2a: Hydrapple\n|-damage|p2a: Hydrapple|283/312\n|-boost|p1a: Iron Treads|spe|1\n|move|p2a: Hydrapple|Earth Power|p1a: Iron Treads\n|-supereffective|p1a: Iron Treads\n|-crit|p1a: Iron Treads\n|-damage|p1a: Iron Treads|0 fnt\n|faint|p1a: Iron Treads\n|-end|p1a: Iron Treads|Quark Drive|[silent]\n|\n|upkeep\n|\n|t:|1733788927\n|switch|p1a: Vespiquen|Vespiquen, L98, F|296/296\n|-ability|p1a: Vespiquen|Pressure\n|turn|4\n|\n|t:|1733788935\n|move|p1a: Vespiquen|Air Slash|p2a: Hydrapple\n|-supereffective|p2a: Hydrapple\n|-damage|p2a: Hydrapple|155/312\n|move|p2a: Hydrapple|Fickle Beam|p1a: Vespiquen|[anim] Fickle Beam All Out\n|-activate|p2a: Hydrapple|move: Fickle Beam\n|-damage|p1a: Vespiquen|212/296\n|\n|upkeep\n|turn|5\n|\n|t:|1733788943\n|move|p1a: Vespiquen|Air Slash|p2a: Hydrapple\n|-supereffective|p2a: Hydrapple\n|-damage|p2a: Hydrapple|9/312\n|move|p2a: Hydrapple|Dragon Tail|p1a: Vespiquen\n|-damage|p1a: Vespiquen|181/296\n|drag|p1a: Eternatus|Eternatus, L69|308/308\n|-ability|p1a: Eternatus|Pressure\n|\n|upkeep\n|turn|6\n|\n|t:|1733788970\n|move|p1a: Eternatus|Sludge Bomb|p2a: Hydrapple\n|-supereffective|p2a: Hydrapple\n|-damage|p2a: Hydrapple|0 fnt\n|faint|p2a: Hydrapple\n|\n|upkeep\n|\n|t:|1733788980\n|switch|p2a: Magnezone|Magnezone, L85|258/258\n|-damage|p2a: Magnezone|242/258|[from] Stealth Rock\n|turn|7\n|\n|t:|1733788991\n|move|p1a: Eternatus|Fire Blast|p2a: Magnezone\n|-supereffective|p2a: Magnezone\n|-damage|p2a: Magnezone|150/258\n|move|p2a: Magnezone|Mirror Coat|p1a: Eternatus\n|-damage|p1a: Eternatus|124/308\n|\n|upkeep\n|turn|8\n|\n|t:|1733789006\n|switch|p1a: Vespiquen|Vespiquen, L98, F|181/296\n|-ability|p1a: Vespiquen|Pressure\n|move|p2a: Magnezone|Thunderbolt|p1a: Vespiquen\n|-supereffective|p1a: Vespiquen\n|-damage|p1a: Vespiquen|0 fnt\n|faint|p1a: Vespiquen\n|\n|upkeep\n|\n|t:|1733789015\n|switch|p1a: Eternatus|Eternatus, L69|124/308\n|-ability|p1a: Eternatus|Pressure\n|turn|9\n|\n|t:|1733789029\n|move|p1a: Eternatus|Meteor Beam||[still]\n|-prepare|p1a: Eternatus|Meteor Beam\n|-boost|p1a: Eternatus|spa|1\n|-enditem|p1a: Eternatus|Power Herb\n|-anim|p1a: Eternatus|Meteor Beam|p2a: Magnezone\n|-resisted|p2a: Magnezone\n|-damage|p2a: Magnezone|113/258\n|move|p2a: Magnezone|Thunderbolt|p1a: Eternatus\n|-resisted|p1a: Eternatus\n|-damage|p1a: Eternatus|48/308\n|\n|upkeep\n|turn|10\n|\n|t:|1733789041\n|move|p1a: Eternatus|Fire Blast|p2a: Magnezone\n|-supereffective|p2a: Magnezone\n|-damage|p2a: Magnezone|0 fnt\n|faint|p2a: Magnezone\n|\n|upkeep\n|\n|t:|1733789050\n|switch|p2a: Lurantis|Lurantis, L87, F|264/264\n|-damage|p2a: Lurantis|231/264|[from] Stealth Rock\n|turn|11\n|\n|t:|1733789067\n|-terastallize|p2a: Lurantis|Fighting\n|move|p1a: Eternatus|Sludge Bomb|p2a: Lurantis\n|-damage|p2a: Lurantis|113/264\n|-status|p2a: Lurantis|psn\n|move|p2a: Lurantis|Superpower|p1a: Eternatus\n|-resisted|p1a: Eternatus\n|-damage|p1a: Eternatus|0 fnt\n|-boost|p2a: Lurantis|atk|1\n|-boost|p2a: Lurantis|def|1\n|faint|p1a: Eternatus\n|\n|-heal|p2a: Lurantis|129/264 psn|[from] item: Leftovers\n|-damage|p2a: Lurantis|96/264 psn|[from] psn\n|upkeep\n|\n|t:|1733789083\n|switch|p1a: Primarina|Primarina, L83, M|268/268\n|turn|12\n|\n|t:|1733789096\n|move|p1a: Primarina|Moonblast|p2a: Lurantis\n|-supereffective|p2a: Lurantis\n|-damage|p2a: Lurantis|0 fnt\n|faint|p2a: Lurantis\n|\n|upkeep\n|\n|t:|1733789106\n|switch|p2a: Zebstrika|Zebstrika, L87, F|272/272\n|-damage|p2a: Zebstrika|238/272|[from] Stealth Rock\n|turn|13\n|\n|t:|1733789115\n|-terastallize|p1a: Primarina|Fairy\n|move|p2a: Zebstrika|Supercell Slam|p1a: Primarina|[miss]\n|-miss|p2a: Zebstrika|p1a: Primarina\n|-damage|p2a: Zebstrika|102/272|[from] supercellslam\n|move|p1a: Primarina|Calm Mind|p1a: Primarina\n|-boost|p1a: Primarina|spa|1\n|-boost|p1a: Primarina|spd|1\n|\n|upkeep\n|turn|14\n|c|\u2606SALF|D:\n|c|\u2606SALF|ohhhh\n|c|\u2606SALF|that's unfortunate\n|\n|t:|1733789145\n|move|p2a: Zebstrika|High Horsepower|p1a: Primarina\n|-damage|p1a: Primarina|165/268\n|-damage|p2a: Zebstrika|75/272|[from] item: Life Orb\n|move|p1a: Primarina|Calm Mind|p1a: Primarina\n|-boost|p1a: Primarina|spa|1\n|-boost|p1a: Primarina|spd|1\n|\n|-heal|p1a: Primarina|181/268|[from] item: Leftovers\n|upkeep\n|turn|15\n|\n|t:|1733789155\n|move|p2a: Zebstrika|Overheat|p1a: Primarina\n|-damage|p1a: Primarina|134/268\n|-unboost|p2a: Zebstrika|spa|2\n|-damage|p2a: Zebstrika|48/272|[from] item: Life Orb\n|move|p1a: Primarina|Draining Kiss|p2a: Zebstrika\n|-damage|p2a: Zebstrika|0 fnt\n|-heal|p1a: Primarina|170/268|[from] drain|[of] p2a: Zebstrika\n|faint|p2a: Zebstrika\n|\n|-heal|p1a: Primarina|186/268|[from] item: Leftovers\n|upkeep\n|\n|t:|1733789203\n|switch|p2a: Crabominable|Crabominable, L90, M|321/321\n|-damage|p2a: Crabominable|281/321|[from] Stealth Rock\n|turn|16\n|\n|t:|1733789212\n|move|p1a: Primarina|Psychic Noise|p2a: Crabominable\n|-damage|p2a: Crabominable|134/321\n|-start|p2a: Crabominable|move: Heal Block\n|move|p2a: Crabominable|Ice Hammer|p1a: Primarina|[miss]\n|-miss|p2a: Crabominable|p1a: Primarina\n|\n|-heal|p1a: Primarina|202/268|[from] item: Leftovers\n|upkeep\n|turn|17\n|-message|Lesbianarmadillo forfeited.\n|\n|win|SALF\n|raw|SALF's rating: 1154 &rarr; <strong>1176</strong><br />(+22 for winning)\n|raw|Lesbianarmadillo's rating: 1109 &rarr; <strong>1087</strong><br />(-22 for losing)\n|l|\u2606Lesbianarmadillo\n|player|p2|\n|c|\u2606SALF|yeah that's fair\n", "inputlog": ">version bfd83cad13791eb5a5a409923076391caf6fb4d4\n>start {\"formatid\":\"gen9randombattle\",\"seed\":[64309,9882,56700,9473],\"rated\":\"Rated battle\"}\n>player p1 {\"name\":\"SALF\",\"avatar\":\"emmet\",\"rating\":1154,\"seed\":[34292,52467,2112,36296]}\n>player p2 {\"name\":\"Lesbianarmadillo\",\"avatar\":\"265\",\"rating\":1109,\"seed\":[23996,62659,61040,45090]}\n>chat \u2606SALF|good luck have fub\n>p1 move stealthrock\n>p2 move dragontail\n>p1 move bulkup\n>p2 move leafstorm\n>p1 switch 2\n>p1 move rapidspin\n>p2 move earthpower\n>p1 switch 4\n>p1 move airslash\n>p2 move ficklebeam\n>p1 move airslash\n>p2 move dragontail\n>p1 move sludgebomb\n>p2 move dragontail\n>p2 switch 2\n>p1 move fireblast\n>p2 move mirrorcoat\n>p1 switch 3\n>p2 move thunderbolt\n>p1 switch 3\n>p1 move meteorbeam\n>p2 move thunderbolt\n>p1 move fireblast\n>p2 move thunderbolt\n>p2 switch 6\n>p1 move sludgebomb\n>p2 move superpower terastallize\n>p1 switch 5\n>p1 move moonblast\n>p2 move superpower\n>p2 switch 4\n>p1 move calmmind terastallize\n>p2 move supercellslam\n>chat \u2606SALF|D:\n>chat \u2606SALF|ohhhh\n>chat \u2606SALF|that's unfortunate\n>p1 move calmmind\n>p2 move highhorsepower\n>p1 move drainingkiss\n>p2 move overheat\n>p2 switch 3\n>p1 move psychicnoise\n>p2 move icehammer\n>forcelose p2", "uploadtime": 1733789230, "views": 39, "formatid": "gen9randombattle", "rating": 1087, "private": 0, "password": null}