{"id": "gen9randombattle-2260297329", "format": "[Gen 9] Random Battle", "players": ["ironplayer8967", "Katapusan"], "log": "|j|\u2606ironplayer8967\n|j|\u2606Katapusan\n|t:|1733836736\n|gametype|singles\n|player|p1|ironplayer8967|102|1384\n|player|p2|Katapusan|fisherman-gen4|1453\n|teamsize|p1|6\n|teamsize|p2|6\n|gen|9\n|tier|[Gen 9] Random Battle\n|rated|\n|rule|Species Clause: Limit one of each Pok\u00e9mon\n|rule|HP Percentage Mod: HP is shown in percentages\n|rule|Sleep Clause Mod: Limit one foe put to sleep\n|rule|Illusion Level Mod: Illusion disguises the Pok\u00e9mon's true level\n|\n|t:|1733836736\n|start\n|switch|p1a: Flapple|Flapple, L88, F|266/266\n|switch|p2a: Pelipper|Pelipper, L86, M|243/243\n|-weather|RainDance|[from] ability: Drizzle|[of] p2a: Pelipper\n|turn|1\n|inactive|Battle timer is ON: inactive players will automatically lose when time's up. (requested by Katapusan)\n|c|\u2606ironplayer8967|glhf\n|\n|t:|1733836758\n|switch|p1a: Lilligant|Lilligant, L86, F|261/261\n|move|p2a: Pelipper|Hurricane|p1a: Lilligant\n|-supereffective|p1a: Lilligant\n|-damage|p1a: Lilligant|0 fnt\n|faint|p1a: Lilligant\n|\n|-weather|RainDance|[upkeep]\n|upkeep\n|c|\u2606ironplayer8967|uhhhh\n|c|\u2606ironplayer8967|there goes my sweeper\n|\n|t:|1733836773\n|switch|p1a: Darkrai|Darkrai, L77|234/234\n|turn|2\n|\n|t:|1733836779\n|move|p1a: Darkrai|Nasty Plot|p1a: Darkrai\n|-boost|p1a: Darkrai|spa|2\n|move|p2a: Pelipper|U-turn|p1a: Darkrai\n|-supereffective|p1a: Darkrai\n|-crit|p1a: Darkrai\n|-damage|p1a: Darkrai|128/234\n|\n|t:|1733836785\n|switch|p2a: Whimsicott|Whimsicott, L85, M|241/241|[from] U-turn\n|\n|-weather|RainDance|[upkeep]\n|upkeep\n|turn|3\n|c|\u2606ironplayer8967|crit mattered\n|\n|t:|1733836792\n|switch|p1a: Clodsire|Clodsire, L81, M|343/343\n|move|p2a: Whimsicott|Substitute|p2a: Whimsicott\n|-start|p2a: Whimsicott|Substitute\n|-damage|p2a: Whimsicott|181/241\n|\n|-weather|RainDance|[upkeep]\n|-heal|p2a: Whimsicott|196/241|[from] item: Leftovers\n|upkeep\n|turn|4\n|\n|t:|1733836796\n|move|p2a: Whimsicott|Leech Seed|p1a: Clodsire\n|-start|p1a: Clodsire|move: Leech Seed\n|move|p1a: Clodsire|Gunk Shot|p2a: Whimsicott\n|-supereffective|p2a: Whimsicott\n|-end|p2a: Whimsicott|Substitute\n|\n|-weather|RainDance|[upkeep]\n|-heal|p2a: Whimsicott|211/241|[from] item: Leftovers\n|-damage|p1a: Clodsire|301/343|[from] Leech Seed|[of] p2a: Whimsicott\n|-heal|p2a: Whimsicott|241/241|[silent]\n|upkeep\n|turn|5\n|\n|t:|1733836812\n|switch|p2a: Pelipper|Pelipper, L86, M|243/243\n|switch|p1a: Lapras|Lapras, L87, M|367/367\n|\n|-weather|none\n|upkeep\n|turn|6\n|\n|t:|1733836820\n|move|p2a: Pelipper|U-turn|p1a: Lapras\n|-damage|p1a: Lapras|331/367\n|\n|t:|1733836834\n|switch|p2a: Umbreon|Umbreon, L84, M|297/297|[from] U-turn\n|move|p1a: Lapras|Dragon Dance|p1a: Lapras\n|-boost|p1a: Lapras|atk|1\n|-boost|p1a: Lapras|spe|1\n|\n|upkeep\n|turn|7\n|\n|t:|1733836842\n|move|p1a: Lapras|Icicle Spear|p2a: Umbreon\n|-damage|p2a: Umbreon|266/297\n|-damage|p2a: Umbreon|235/297\n|-damage|p2a: Umbreon|205/297\n|-damage|p2a: Umbreon|171/297\n|-hitcount|p2a: Umbreon|4\n|move|p2a: Umbreon|Toxic|p1a: Lapras\n|-status|p1a: Lapras|tox\n|\n|-heal|p2a: Umbreon|189/297|[from] item: Leftovers\n|-damage|p1a: Lapras|309/367 tox|[from] psn\n|upkeep\n|turn|8\n|\n|t:|1733836852\n|move|p1a: Lapras|Dragon Dance|p1a: Lapras\n|-boost|p1a: Lapras|atk|1\n|-boost|p1a: Lapras|spe|1\n|move|p2a: Umbreon|Wish|p2a: Umbreon\n|\n|-heal|p2a: Umbreon|207/297|[from] item: Leftovers\n|-damage|p1a: Lapras|265/367 tox|[from] psn\n|upkeep\n|turn|9\n|\n|t:|1733836857\n|move|p1a: Lapras|Dragon Dance|p1a: Lapras\n|-boost|p1a: Lapras|atk|1\n|-boost|p1a: Lapras|spe|1\n|move|p2a: Umbreon|Foul Play|p1a: Lapras\n|-damage|p1a: Lapras|4/367 tox\n|\n|-heal|p2a: Umbreon|297/297|[from] move: Wish|[wisher] Umbreon\n|-damage|p1a: Lapras|0 fnt|[from] psn\n|faint|p1a: Lapras\n|upkeep\n|\n|t:|1733836862\n|switch|p1a: Darkrai|Darkrai, L77|128/234\n|turn|10\n|\n|t:|1733836868\n|move|p1a: Darkrai|Focus Blast|p2a: Umbreon\n|-supereffective|p2a: Umbreon\n|-crit|p2a: Umbreon\n|-damage|p2a: Umbreon|53/297\n|-damage|p1a: Darkrai|105/234|[from] item: Life Orb\n|move|p2a: Umbreon|Toxic|p1a: Darkrai\n|-status|p1a: Darkrai|tox\n|\n|-heal|p2a: Umbreon|71/297|[from] item: Leftovers\n|-damage|p1a: Darkrai|91/234 tox|[from] psn\n|upkeep\n|turn|11\n|\n|t:|1733836879\n|move|p2a: Umbreon|Protect|p2a: Umbreon\n|-singleturn|p2a: Umbreon|Protect\n|move|p1a: Darkrai|Sludge Bomb|p2a: Umbreon\n|-activate|p2a: Umbreon|move: Protect\n|\n|-heal|p2a: Umbreon|89/297|[from] item: Leftovers\n|-damage|p1a: Darkrai|63/234 tox|[from] psn\n|upkeep\n|turn|12\n|\n|t:|1733836887\n|move|p1a: Darkrai|Sludge Bomb||[still]\n|-damage|p2a: Umbreon|27/297\n|-status|p2a: Umbreon|psn\n|-activate|p2a: Umbreon|ability: Synchronize\n|-fail|p2a: Umbreon\n|-damage|p1a: Darkrai|40/234 tox|[from] item: Life Orb\n|move|p2a: Umbreon|Wish|p2a: Umbreon\n|\n|-heal|p2a: Umbreon|45/297 psn|[from] item: Leftovers\n|-damage|p1a: Darkrai|0 fnt|[from] psn\n|faint|p1a: Darkrai\n|-damage|p2a: Umbreon|8/297 psn|[from] psn\n|upkeep\n|\n|t:|1733836902\n|switch|p1a: Clodsire|Clodsire, L81, M|301/343\n|turn|13\n|\n|t:|1733836906\n|move|p2a: Umbreon|Protect|p2a: Umbreon\n|-singleturn|p2a: Umbreon|Protect\n|move|p1a: Clodsire|Toxic Spikes|p2a: Umbreon\n|-sidestart|p2: Katapusan|move: Toxic Spikes\n|\n|-heal|p2a: Umbreon|156/297 psn|[from] move: Wish|[wisher] Umbreon\n|-heal|p2a: Umbreon|174/297 psn|[from] item: Leftovers\n|-heal|p1a: Clodsire|322/343|[from] item: Leftovers\n|-damage|p2a: Umbreon|137/297 psn|[from] psn\n|upkeep\n|turn|14\n|\n|t:|1733836919\n|move|p2a: Umbreon|Wish|p2a: Umbreon\n|move|p1a: Clodsire|Toxic Spikes|p2a: Umbreon\n|-sidestart|p2: Katapusan|move: Toxic Spikes\n|\n|-heal|p2a: Umbreon|155/297 psn|[from] item: Leftovers\n|-heal|p1a: Clodsire|343/343|[from] item: Leftovers\n|-damage|p2a: Umbreon|118/297 psn|[from] psn\n|upkeep\n|turn|15\n|\n|t:|1733836928\n|switch|p1a: Regirock|Regirock, L83|268/268\n|move|p2a: Umbreon|Foul Play|p1a: Regirock\n|-damage|p1a: Regirock|213/268\n|\n|-heal|p2a: Umbreon|266/297 psn|[from] move: Wish|[wisher] Umbreon\n|-heal|p2a: Umbreon|284/297 psn|[from] item: Leftovers\n|-damage|p2a: Umbreon|247/297 psn|[from] psn\n|upkeep\n|turn|16\n|\n|t:|1733836939\n|switch|p1a: Clodsire|Clodsire, L81, M|343/343\n|move|p2a: Umbreon|Toxic|p1a: Clodsire\n|-immune|p1a: Clodsire\n|\n|-heal|p2a: Umbreon|265/297 psn|[from] item: Leftovers\n|-damage|p2a: Umbreon|228/297 psn|[from] psn\n|upkeep\n|turn|17\n|\n|t:|1733836943\n|switch|p2a: Pelipper|Pelipper, L86, M|243/243\n|-weather|RainDance|[from] ability: Drizzle|[of] p2a: Pelipper\n|move|p1a: Clodsire|Earthquake|p2a: Pelipper\n|-immune|p2a: Pelipper\n|\n|-weather|RainDance|[upkeep]\n|upkeep\n|turn|18\n|\n|t:|1733836952\n|switch|p1a: Flapple|Flapple, L88, F|266/266\n|move|p2a: Pelipper|Surf|p1a: Flapple\n|-resisted|p1a: Flapple\n|-damage|p1a: Flapple|219/266\n|\n|-weather|RainDance|[upkeep]\n|upkeep\n|turn|19\n|\n|t:|1733836956\n|move|p1a: Flapple|Outrage|p2a: Pelipper\n|-damage|p2a: Pelipper|36/243\n|move|p2a: Pelipper|Hurricane|p1a: Flapple\n|-supereffective|p1a: Flapple\n|-damage|p1a: Flapple|0 fnt\n|faint|p1a: Flapple\n|\n|-weather|RainDance|[upkeep]\n|upkeep\n|\n|t:|1733836966\n|switch|p1a: Regirock|Regirock, L83|213/268\n|turn|20\n|\n|t:|1733836971\n|-terastallize|p2a: Pelipper|Water\n|move|p2a: Pelipper|Surf|p1a: Regirock\n|-supereffective|p1a: Regirock\n|-damage|p1a: Regirock|0 fnt\n|faint|p1a: Regirock\n|\n|-weather|RainDance|[upkeep]\n|upkeep\n|c|\u2606ironplayer8967|gg\n|\n|t:|1733836975\n|switch|p1a: Clodsire|Clodsire, L81, M|343/343\n|turn|21\n|\n|t:|1733836978\n|move|p2a: Pelipper|Surf|p1a: Clodsire\n|-supereffective|p1a: Clodsire\n|-damage|p1a: Clodsire|0 fnt\n|faint|p1a: Clodsire\n|\n|win|Katapusan\n|raw|ironplayer8967's rating: 1384 &rarr; <strong>1368</strong><br />(-16 for losing)\n|raw|Katapusan's rating: 1453 &rarr; <strong>1469</strong><br />(+16 for winning)\n|c|\u2606Katapusan|Gg\n|l|\u2606ironplayer8967\n|player|p1|\n", "inputlog": ">version bfd83cad13791eb5a5a409923076391caf6fb4d4\n>start {\"formatid\":\"gen9randombattle\",\"seed\":[48399,51310,19986,15177],\"rated\":\"Rated battle\"}\n>player p1 {\"name\":\"ironplayer8967\",\"avatar\":\"102\",\"rating\":1384,\"seed\":[17329,30775,62047,51378]}\n>player p2 {\"name\":\"Katapusan\",\"avatar\":\"fisherman-gen4\",\"rating\":1453,\"seed\":[14857,6599,10728,42806]}\n>chat \u2606ironplayer8967|glhf\n>p1 switch 4\n>p2 move hurricane\n>chat \u2606ironplayer8967|uhhhh\n>chat \u2606ironplayer8967|there goes my sweeper\n>p1 switch 6\n>p1 move nastyplot\n>p2 move uturn\n>p2 switch 2\n>chat \u2606ironplayer8967|crit mattered\n>p1 switch 5\n>p2 move substitute\n>p1 move gunkshot\n>p2 move leechseed\n>p1 switch 2\n>p2 switch 2\n>p1 move dragondance\n>p2 move uturn\n>p2 switch 5\n>p1 move iciclespear\n>p2 move toxic\n>p1 move dragondance\n>p2 move wish\n>p1 move dragondance\n>p2 move foulplay\n>p1 switch 5\n>p1 move focusblast\n>p2 move toxic\n>p1 move sludgebomb\n>p2 move protect\n>p1 move sludgebomb\n>p2 move wish\n>p1 switch 2\n>p1 move toxicspikes\n>p2 move protect\n>p1 move toxicspikes\n>p2 move wish\n>p1 switch 3\n>p2 move foulplay\n>p1 switch 3\n>p2 move toxic\n>p1 move earthquake\n>p2 switch 5\n>p1 switch 4\n>p2 move surf\n>p1 move outrage\n>p2 move hurricane\n>p1 switch 3\n>p1 move stoneedge\n>p2 move surf terastallize\n>chat \u2606ironplayer8967|gg\n>p1 switch 4\n>p1 move gunkshot\n>p2 move surf", "uploadtime": 1733837009, "views": 1, "formatid": "gen9randombattle", "rating": 1368, "private": 0, "password": null}