{"id": "gen9randombattle-2259998049", "format": "[Gen 9] Random Battle", "players": ["hbtc", "Grimm5e"], "log": "|j|\u2606hbtc\n|j|\u2606Grimm5e\n|t:|1733789200\n|gametype|singles\n|player|p1|hbtc|1|1071\n|player|p2|Grimm5e|byron|1055\n|teamsize|p1|6\n|teamsize|p2|6\n|gen|9\n|tier|[Gen 9] Random Battle\n|rated|\n|rule|Species Clause: Limit one of each Pok\u00e9mon\n|rule|HP Percentage Mod: HP is shown in percentages\n|rule|Sleep Clause Mod: Limit one foe put to sleep\n|rule|Illusion Level Mod: Illusion disguises the Pok\u00e9mon's true level\n|\n|t:|1733789200\n|start\n|switch|p1a: Azelf|Azelf, L82|257/257\n|switch|p2a: Magearna|Magearna, L77|250/250\n|turn|1\n|inactive|Battle timer is ON: inactive players will automatically lose when time's up. (requested by hbtc)\n|\n|t:|1733789216\n|move|p1a: Azelf|Taunt|p2a: Magearna\n|-start|p2a: Magearna|move: Taunt\n|cant|p2a: Magearna|move: Taunt|Shift Gear\n|\n|upkeep\n|turn|2\n|\n|t:|1733789223\n|move|p1a: Azelf|Fire Blast|p2a: Magearna|[miss]\n|-miss|p1a: Azelf|p2a: Magearna\n|move|p2a: Magearna|Fleur Cannon|p1a: Azelf\n|-damage|p1a: Azelf|91/257\n|-unboost|p2a: Magearna|spa|2\n|\n|upkeep\n|turn|3\n|\n|t:|1733789234\n|move|p1a: Azelf|Fire Blast|p2a: Magearna\n|-supereffective|p2a: Magearna\n|-damage|p2a: Magearna|55/250\n|-enditem|p2a: Magearna|Weakness Policy\n|-boost|p2a: Magearna|atk|2|[from] item: Weakness Policy\n|-boost|p2a: Magearna|spa|2|[from] item: Weakness Policy\n|-damage|p1a: Azelf|66/257|[from] item: Life Orb\n|move|p2a: Magearna|Tera Blast|p1a: Azelf\n|-damage|p1a: Azelf|0 fnt\n|faint|p1a: Azelf\n|-ability|p2a: Magearna|Soul-Heart|boost\n|-boost|p2a: Magearna|spa|1\n|\n|-end|p2a: Magearna|move: Taunt\n|upkeep\n|\n|t:|1733789249\n|switch|p1a: Hippowdon|Hippowdon, L82, F|311/311\n|-weather|Sandstorm|[from] ability: Sand Stream|[of] p1a: Hippowdon\n|turn|4\n|\n|t:|1733789260\n|move|p2a: Magearna|Fleur Cannon|p1a: Hippowdon\n|-damage|p1a: Hippowdon|40/311\n|-unboost|p2a: Magearna|spa|2\n|move|p1a: Hippowdon|Earthquake|p2a: Magearna\n|-supereffective|p2a: Magearna\n|-damage|p2a: Magearna|0 fnt\n|faint|p2a: Magearna\n|\n|-weather|Sandstorm|[upkeep]\n|-heal|p1a: Hippowdon|59/311|[from] item: Leftovers\n|upkeep\n|\n|t:|1733789276\n|switch|p2a: Mudsdale|Mudsdale, L84, F|305/305\n|turn|5\n|\n|t:|1733789280\n|move|p1a: Hippowdon|Slack Off|p1a: Hippowdon\n|-heal|p1a: Hippowdon|215/311\n|move|p2a: Mudsdale|Heavy Slam|p1a: Hippowdon\n|-damage|p1a: Hippowdon|162/311\n|\n|-weather|Sandstorm|[upkeep]\n|-heal|p1a: Hippowdon|181/311|[from] item: Leftovers\n|upkeep\n|turn|6\n|\n|t:|1733789291\n|move|p1a: Hippowdon|Curse|p1a: Hippowdon\n|-unboost|p1a: Hippowdon|spe|1\n|-boost|p1a: Hippowdon|atk|1\n|-boost|p1a: Hippowdon|def|1\n|move|p2a: Mudsdale|Stealth Rock|p1a: Hippowdon\n|-sidestart|p1: hbtc|move: Stealth Rock\n|\n|-weather|Sandstorm|[upkeep]\n|-heal|p1a: Hippowdon|200/311|[from] item: Leftovers\n|upkeep\n|turn|7\n|\n|t:|1733789303\n|move|p2a: Mudsdale|Earthquake|p1a: Hippowdon\n|-damage|p1a: Hippowdon|127/311\n|move|p1a: Hippowdon|Curse|p1a: Hippowdon\n|-unboost|p1a: Hippowdon|spe|1\n|-boost|p1a: Hippowdon|atk|1\n|-boost|p1a: Hippowdon|def|1\n|\n|-weather|Sandstorm|[upkeep]\n|-heal|p1a: Hippowdon|146/311|[from] item: Leftovers\n|upkeep\n|turn|8\n|\n|t:|1733789320\n|move|p1a: Hippowdon|Slack Off|p1a: Hippowdon\n|-heal|p1a: Hippowdon|302/311\n|move|p2a: Mudsdale|Roar|p1a: Hippowdon\n|drag|p1a: Dragapult|Dragapult, L77, M|262/262\n|-damage|p1a: Dragapult|230/262|[from] Stealth Rock\n|\n|-weather|none\n|upkeep\n|turn|9\n|\n|t:|1733789342\n|switch|p1a: Corviknight|Corviknight, L80, M|288/288\n|-damage|p1a: Corviknight|252/288|[from] Stealth Rock\n|move|p2a: Mudsdale|Roar|p1a: Corviknight\n|drag|p1a: Dragapult|Dragapult, L77, M|230/262\n|-damage|p1a: Dragapult|198/262|[from] Stealth Rock\n|\n|upkeep\n|turn|10\n|\n|t:|1733789353\n|move|p1a: Dragapult|Dragon Darts|p2a: Mudsdale\n|-damage|p2a: Mudsdale|245/305\n|-ability|p2a: Mudsdale|Stamina|boost\n|-boost|p2a: Mudsdale|def|1\n|-anim|p1a: Dragapult|Dragon Darts|p2a: Mudsdale\n|-damage|p2a: Mudsdale|202/305\n|-ability|p2a: Mudsdale|Stamina|boost\n|-boost|p2a: Mudsdale|def|1\n|-damage|p1a: Dragapult|172/262|[from] item: Life Orb\n|move|p2a: Mudsdale|Roar|p1a: Dragapult\n|drag|p1a: Hippowdon|Hippowdon, L82, F|302/311\n|-damage|p1a: Hippowdon|283/311|[from] Stealth Rock\n|-weather|Sandstorm|[from] ability: Sand Stream|[of] p1a: Hippowdon\n|\n|-weather|Sandstorm|[upkeep]\n|-heal|p1a: Hippowdon|302/311|[from] item: Leftovers\n|-heal|p2a: Mudsdale|221/305|[from] item: Leftovers\n|upkeep\n|turn|11\n|inactive|Grimm5e has 120 seconds left.\n|\n|t:|1733789374\n|move|p1a: Hippowdon|Earthquake|p2a: Mudsdale\n|-damage|p2a: Mudsdale|170/305\n|-ability|p2a: Mudsdale|Stamina|boost\n|-boost|p2a: Mudsdale|def|1\n|move|p2a: Mudsdale|Earthquake|p1a: Hippowdon\n|-damage|p1a: Hippowdon|200/311\n|\n|-weather|Sandstorm|[upkeep]\n|-heal|p1a: Hippowdon|219/311|[from] item: Leftovers\n|-heal|p2a: Mudsdale|189/305|[from] item: Leftovers\n|upkeep\n|turn|12\n|inactive|Grimm5e has 120 seconds left.\n|\n|t:|1733789385\n|move|p1a: Hippowdon|Earthquake|p2a: Mudsdale\n|-damage|p2a: Mudsdale|149/305\n|-ability|p2a: Mudsdale|Stamina|boost\n|-boost|p2a: Mudsdale|def|1\n|move|p2a: Mudsdale|Heavy Slam|p1a: Hippowdon\n|-damage|p1a: Hippowdon|165/311\n|\n|-weather|Sandstorm|[upkeep]\n|-heal|p1a: Hippowdon|184/311|[from] item: Leftovers\n|-heal|p2a: Mudsdale|168/305|[from] item: Leftovers\n|upkeep\n|turn|13\n|inactive|Grimm5e has 120 seconds left.\n|\n|t:|1733789396\n|move|p1a: Hippowdon|Earthquake|p2a: Mudsdale\n|-damage|p2a: Mudsdale|132/305\n|-ability|p2a: Mudsdale|Stamina|boost\n|-boost|p2a: Mudsdale|def|1\n|move|p2a: Mudsdale|Earthquake|p1a: Hippowdon\n|-damage|p1a: Hippowdon|75/311\n|\n|-weather|Sandstorm|[upkeep]\n|-heal|p1a: Hippowdon|94/311|[from] item: Leftovers\n|-heal|p2a: Mudsdale|151/305|[from] item: Leftovers\n|upkeep\n|turn|14\n|\n|t:|1733789405\n|move|p1a: Hippowdon|Slack Off|p1a: Hippowdon\n|-heal|p1a: Hippowdon|250/311\n|move|p2a: Mudsdale|Earthquake|p1a: Hippowdon\n|-damage|p1a: Hippowdon|138/311\n|\n|-weather|none\n|-heal|p1a: Hippowdon|157/311|[from] item: Leftovers\n|-heal|p2a: Mudsdale|170/305|[from] item: Leftovers\n|upkeep\n|turn|15\n|\n|t:|1733789415\n|move|p1a: Hippowdon|Earthquake|p2a: Mudsdale\n|-crit|p2a: Mudsdale\n|-damage|p2a: Mudsdale|22/305\n|-ability|p2a: Mudsdale|Stamina|boost\n|-boost|p2a: Mudsdale|def|1\n|move|p2a: Mudsdale|Earthquake|p1a: Hippowdon\n|-damage|p1a: Hippowdon|58/311\n|\n|-heal|p1a: Hippowdon|77/311|[from] item: Leftovers\n|-heal|p2a: Mudsdale|41/305|[from] item: Leftovers\n|upkeep\n|turn|16\n|\n|t:|1733789425\n|move|p1a: Hippowdon|Earthquake|p2a: Mudsdale\n|-damage|p2a: Mudsdale|16/305\n|move|p2a: Mudsdale|Earthquake|p1a: Hippowdon\n|-damage|p1a: Hippowdon|0 fnt\n|faint|p1a: Hippowdon\n|\n|-heal|p2a: Mudsdale|35/305|[from] item: Leftovers\n|upkeep\n|\n|t:|1733789445\n|switch|p1a: Corviknight|Corviknight, L80, M|252/288\n|-damage|p1a: Corviknight|216/288|[from] Stealth Rock\n|turn|17\n|\n|t:|1733789456\n|move|p1a: Corviknight|Defog|p2a: Mudsdale\n|-unboost|p2a: Mudsdale|evasion|1\n|-sideend|p1: hbtc|Stealth Rock|[from] move: Defog|[of] p1a: Corviknight\n|move|p2a: Mudsdale|Roar|p1a: Corviknight\n|drag|p1a: Dragapult|Dragapult, L77, M|172/262\n|\n|-heal|p2a: Mudsdale|54/305|[from] item: Leftovers\n|upkeep\n|turn|18\n|\n|t:|1733789475\n|move|p1a: Dragapult|Fire Blast|p2a: Mudsdale\n|-damage|p2a: Mudsdale|0 fnt\n|faint|p2a: Mudsdale\n|-damage|p1a: Dragapult|146/262|[from] item: Life Orb\n|\n|upkeep\n|\n|t:|1733789492\n|switch|p2a: Pyroar|Pyroar, L88, F|295/295\n|-ability|p2a: Pyroar|Unnerve\n|turn|19\n|\n|t:|1733789498\n|move|p1a: Dragapult|Dragon Darts|p2a: Pyroar\n|-damage|p2a: Pyroar|221/295\n|-anim|p1a: Dragapult|Dragon Darts|p2a: Pyroar\n|-damage|p2a: Pyroar|138/295\n|-damage|p1a: Dragapult|120/262|[from] item: Life Orb\n|move|p2a: Pyroar|Dark Pulse|p1a: Dragapult\n|-supereffective|p1a: Dragapult\n|-damage|p1a: Dragapult|0 fnt\n|faint|p1a: Dragapult\n|\n|upkeep\n|\n|t:|1733789511\n|switch|p1a: Skeledirge|Skeledirge, L79, F|294/294\n|turn|20\n|\n|t:|1733789522\n|move|p2a: Pyroar|Dark Pulse|p1a: Skeledirge\n|-supereffective|p1a: Skeledirge\n|-damage|p1a: Skeledirge|126/294\n|move|p1a: Skeledirge|Torch Song|p2a: Pyroar\n|-resisted|p2a: Pyroar\n|-damage|p2a: Pyroar|85/295\n|-boost|p1a: Skeledirge|spa|1\n|\n|upkeep\n|turn|21\n|\n|t:|1733789535\n|-terastallize|p1a: Skeledirge|Fairy\n|move|p2a: Pyroar|Dark Pulse|p1a: Skeledirge\n|-resisted|p1a: Skeledirge\n|-damage|p1a: Skeledirge|88/294\n|move|p1a: Skeledirge|Slack Off|p1a: Skeledirge\n|-heal|p1a: Skeledirge|235/294\n|\n|upkeep\n|turn|22\n|\n|t:|1733789545\n|move|p2a: Pyroar|Fire Blast|p1a: Skeledirge|[miss]\n|-miss|p2a: Pyroar|p1a: Skeledirge\n|move|p1a: Skeledirge|Torch Song|p2a: Pyroar\n|-resisted|p2a: Pyroar\n|-damage|p2a: Pyroar|15/295\n|-boost|p1a: Skeledirge|spa|1\n|\n|upkeep\n|turn|23\n|\n|t:|1733789562\n|move|p2a: Pyroar|Fire Blast|p1a: Skeledirge\n|-damage|p1a: Skeledirge|66/294\n|-status|p1a: Skeledirge|brn\n|move|p1a: Skeledirge|Torch Song|p2a: Pyroar\n|-resisted|p2a: Pyroar\n|-crit|p2a: Pyroar\n|-damage|p2a: Pyroar|0 fnt\n|-boost|p1a: Skeledirge|spa|1\n|faint|p2a: Pyroar\n|\n|-damage|p1a: Skeledirge|48/294 brn|[from] brn\n|upkeep\n|inactive|Grimm5e has 120 seconds left.\n|\n|t:|1733789588\n|switch|p2a: Sandslash|Sandslash-Alola, L88, F|275/275\n|turn|24\n|\n|t:|1733789599\n|move|p2a: Sandslash|Iron Head|p1a: Skeledirge\n|-supereffective|p1a: Skeledirge\n|-damage|p1a: Skeledirge|0 fnt\n|faint|p1a: Skeledirge\n|\n|upkeep\n|\n|t:|1733789611\n|switch|p1a: Dragonite|Dragonite, L74, M|257/257\n|turn|25\n|\n|t:|1733789622\n|move|p2a: Sandslash|Knock Off|p1a: Dragonite\n|-damage|p1a: Dragonite|219/257\n|-enditem|p1a: Dragonite|Heavy-Duty Boots|[from] move: Knock Off|[of] p2a: Sandslash\n|move|p1a: Dragonite|Earthquake|p2a: Sandslash\n|-supereffective|p2a: Sandslash\n|-damage|p2a: Sandslash|163/275\n|\n|upkeep\n|turn|26\n|\n|t:|1733789633\n|move|p2a: Sandslash|Triple Axel|p1a: Dragonite|[miss]\n|-miss|p2a: Sandslash|p1a: Dragonite\n|move|p1a: Dragonite|Dragon Dance|p1a: Dragonite\n|-boost|p1a: Dragonite|atk|1\n|-boost|p1a: Dragonite|spe|1\n|\n|upkeep\n|turn|27\n|\n|t:|1733789642\n|move|p1a: Dragonite|Outrage|p2a: Sandslash\n|-resisted|p2a: Sandslash\n|-damage|p2a: Sandslash|97/275\n|move|p2a: Sandslash|Triple Axel|p1a: Dragonite\n|-supereffective|p1a: Dragonite\n|-damage|p1a: Dragonite|119/257\n|-supereffective|p1a: Dragonite\n|-damage|p1a: Dragonite|0 fnt\n|faint|p1a: Dragonite\n|-hitcount|p1: Dragonite|2\n|\n|upkeep\n|\n|t:|1733789651\n|switch|p1a: Corviknight|Corviknight, L80, M|216/288\n|turn|28\n|\n|t:|1733789657\n|move|p2a: Sandslash|Triple Axel|p1a: Corviknight\n|-damage|p1a: Corviknight|194/288\n|-damage|p1a: Corviknight|149/288\n|-damage|p1a: Corviknight|79/288\n|-hitcount|p1a: Corviknight|3\n|move|p1a: Corviknight|Brave Bird|p2a: Sandslash\n|-resisted|p2a: Sandslash\n|-damage|p2a: Sandslash|54/275\n|-damage|p1a: Corviknight|65/288|[from] Recoil\n|\n|-heal|p1a: Corviknight|83/288|[from] item: Leftovers\n|upkeep\n|turn|29\n|-message|hbtc forfeited.\n|\n|win|Grimm5e\n|raw|hbtc's rating: 1071 &rarr; <strong>1049</strong><br />(-22 for losing)\n|raw|Grimm5e's rating: 1055 &rarr; <strong>1088</strong><br />(+33 for winning)\n|l|\u2606hbtc\n|player|p1|\n", "inputlog": ">version bfd83cad13791eb5a5a409923076391caf6fb4d4\n>start {\"formatid\":\"gen9randombattle\",\"seed\":[115,47077,28696,20602],\"rated\":\"Rated battle\"}\n>player p1 {\"name\":\"hbtc\",\"avatar\":\"1\",\"rating\":1071,\"seed\":[3371,58799,16659,3338]}\n>player p2 {\"name\":\"Grimm5e\",\"avatar\":\"byron\",\"rating\":1055,\"seed\":[15804,9729,36213,48033]}\n>p1 move taunt\n>p2 move shiftgear\n>p1 move fireblast\n>p2 move fleurcannon\n>p1 move fireblast\n>p2 move terablast\n>p1 switch 4\n>p1 move earthquake\n>p2 move fleurcannon\n>p2 switch 5\n>p1 move slackoff\n>p2 move heavyslam\n>p1 move curse\n>p2 move stealthrock\n>p1 move curse\n>p2 move earthquake\n>p1 move slackoff\n>p2 move roar\n>p1 switch 6\n>p2 move roar\n>p1 move dragondarts\n>p2 move roar\n>p1 move earthquake\n>p2 move earthquake\n>p1 move earthquake\n>p2 move heavyslam\n>p1 move earthquake\n>p2 move earthquake\n>p1 move slackoff\n>p2 move earthquake\n>p1 move earthquake\n>p2 move earthquake\n>p1 move earthquake\n>p2 move earthquake\n>p1 switch 6\n>p1 move defog\n>p2 move roar\n>p1 move fireblast\n>p2 move heavyslam\n>p2 switch 4\n>p1 move dragondarts\n>p2 move darkpulse\n>p1 switch 5\n>p1 move torchsong\n>p2 move darkpulse\n>p1 move slackoff terastallize\n>p2 move darkpulse\n>p1 move torchsong\n>p2 move fireblast\n>p1 move torchsong\n>p2 move fireblast\n>p2 switch 2\n>p1 move slackoff\n>p2 move ironhead\n>p1 switch 3\n>p1 move earthquake\n>p2 move knockoff\n>p1 move dragondance\n>p2 move tripleaxel\n>p1 move outrage\n>p2 move tripleaxel\n>p1 switch 2\n>p1 move bravebird\n>p2 move tripleaxel\n>forcelose p1", "uploadtime": 1733789679, "views": 13, "formatid": "gen9randombattle", "rating": 1049, "private": 0, "password": null}