{"id": "gen9randombattle-2260578976", "format": "[Gen 9] Random Battle", "players": ["Imbetterthanyouok", "Froxtor42"], "log": "|j|\u2606Imbetterthanyouok\n|j|\u2606Froxtor42\n|t:|1733865564\n|gametype|singles\n|player|p1|Imbetterthanyouok|unknown|1811\n|player|p2|Froxtor42|juan|1797\n|teamsize|p1|6\n|teamsize|p2|6\n|gen|9\n|tier|[Gen 9] Random Battle\n|rated|\n|rule|Species Clause: Limit one of each Pok\u00e9mon\n|rule|HP Percentage Mod: HP is shown in percentages\n|rule|Sleep Clause Mod: Limit one foe put to sleep\n|rule|Illusion Level Mod: Illusion disguises the Pok\u00e9mon's true level\n|\n|t:|1733865564\n|start\n|switch|p1a: Farigiraf|Farigiraf, L91, F|366/366\n|switch|p2a: Heracross|Heracross, L80, M|259/259\n|turn|1\n|inactive|Battle timer is ON: inactive players will automatically lose when time's up. (requested by Imbetterthanyouok)\n|\n|t:|1733865576\n|move|p1a: Farigiraf|Protect|p1a: Farigiraf\n|-singleturn|p1a: Farigiraf|Protect\n|move|p2a: Heracross|Knock Off|p1a: Farigiraf\n|-activate|p1a: Farigiraf|move: Protect\n|\n|upkeep\n|turn|2\n|inactive|Imbetterthanyouok has 120 seconds left.\n|inactive|Imbetterthanyouok has 90 seconds left.\n|\n|t:|1733865649\n|switch|p2a: Brute Bonnet|Brute Bonnet, L81|312/312\n|move|p1a: Farigiraf|Future Sight|p2a: Brute Bonnet\n|-start|p1a: Farigiraf|move: Future Sight\n|\n|upkeep\n|turn|3\n|\n|t:|1733865653\n|switch|p1a: Azumarill|Azumarill, L82, M|298/298\n|move|p2a: Brute Bonnet|Crunch|p1a: Azumarill\n|-resisted|p1a: Azumarill\n|-damage|p1a: Azumarill|214/298\n|\n|upkeep\n|turn|4\n|\n|t:|1733865661\n|-end|p2a: Brute Bonnet|Protosynthesis|[silent]\n|switch|p2a: Espathra|Espathra, L80, M|283/283\n|move|p1a: Azumarill|Play Rough|p2a: Espathra\n|-damage|p2a: Espathra|57/283\n|\n|-end|p2a: Espathra|move: Future Sight\n|-resisted|p2a: Espathra\n|-damage|p2a: Espathra|0 fnt\n|faint|p2a: Espathra\n|upkeep\n|\n|t:|1733865672\n|switch|p2a: Sylveon|Sylveon, L85, M|300/300\n|turn|5\n|\n|t:|1733865679\n|move|p2a: Sylveon|Calm Mind|p2a: Sylveon\n|-boost|p2a: Sylveon|spa|1\n|-boost|p2a: Sylveon|spd|1\n|move|p1a: Azumarill|Play Rough|p2a: Sylveon\n|-damage|p2a: Sylveon|98/300\n|\n|-heal|p2a: Sylveon|116/300|[from] item: Leftovers\n|upkeep\n|turn|6\n|\n|t:|1733865684\n|move|p2a: Sylveon|Hyper Voice|p1a: Azumarill\n|-damage|p1a: Azumarill|12/298\n|move|p1a: Azumarill|Play Rough|p2a: Sylveon\n|-damage|p2a: Sylveon|0 fnt\n|faint|p2a: Sylveon\n|\n|upkeep\n|\n|t:|1733865689\n|switch|p2a: Masquerain|Masquerain, L87, F|264/264\n|-ability|p2a: Masquerain|Intimidate|boost\n|-unboost|p1a: Azumarill|atk|1\n|turn|7\n|inactive|Imbetterthanyouok has 120 seconds left.\n|\n|t:|1733865696\n|move|p2a: Masquerain|Hydro Pump|p1a: Azumarill\n|-resisted|p1a: Azumarill\n|-damage|p1a: Azumarill|0 fnt\n|faint|p1a: Azumarill\n|\n|upkeep\n|\n|t:|1733865700\n|switch|p1a: Yanmega|Yanmega, L82, M|275/275\n|turn|8\n|\n|t:|1733865706\n|move|p1a: Yanmega|Air Slash|p2a: Masquerain\n|-supereffective|p2a: Masquerain\n|-damage|p2a: Masquerain|88/264\n|cant|p2a: Masquerain|flinch\n|\n|-ability|p1a: Yanmega|Speed Boost|boost\n|-boost|p1a: Yanmega|spe|1\n|upkeep\n|turn|9\n|\n|t:|1733865712\n|move|p1a: Yanmega|Air Slash|p2a: Masquerain\n|-supereffective|p2a: Masquerain\n|-damage|p2a: Masquerain|0 fnt\n|faint|p2a: Masquerain\n|\n|-ability|p1a: Yanmega|Speed Boost|boost\n|-boost|p1a: Yanmega|spe|1\n|upkeep\n|\n|t:|1733865715\n|switch|p2a: Rampardos|Rampardos, L90, M|321/321\n|turn|10\n|\n|t:|1733865718\n|move|p1a: Yanmega|Protect|p1a: Yanmega\n|-singleturn|p1a: Yanmega|Protect\n|move|p2a: Rampardos|Rock Slide|p1a: Yanmega\n|-activate|p1a: Yanmega|move: Protect\n|\n|-ability|p1a: Yanmega|Speed Boost|boost\n|-boost|p1a: Yanmega|spe|1\n|upkeep\n|turn|11\n|\n|t:|1733865723\n|switch|p1a: Kingambit|Kingambit, L74, M|270/270\n|-activate|p1a: Kingambit|ability: Supreme Overlord\n|-start|p1a: Kingambit|fallen1|[silent]\n|move|p2a: Rampardos|Rock Slide|p1a: Kingambit\n|-resisted|p1a: Kingambit\n|-damage|p1a: Kingambit|189/270\n|\n|-heal|p1a: Kingambit|205/270|[from] item: Leftovers\n|upkeep\n|turn|12\n|\n|t:|1733865727\n|switch|p2a: Brute Bonnet|Brute Bonnet, L81|312/312\n|move|p1a: Kingambit|Iron Head|p2a: Brute Bonnet\n|-damage|p2a: Brute Bonnet|216/312\n|\n|-heal|p1a: Kingambit|221/270|[from] item: Leftovers\n|upkeep\n|turn|13\n|\n|t:|1733865731\n|-end|p1a: Kingambit|fallen1|[silent]\n|switch|p1a: Farigiraf|Farigiraf, L91, F|366/366\n|move|p2a: Brute Bonnet|Close Combat|p1a: Farigiraf\n|-damage|p1a: Farigiraf|213/366\n|-unboost|p2a: Brute Bonnet|def|1\n|-unboost|p2a: Brute Bonnet|spd|1\n|\n|-heal|p1a: Farigiraf|235/366|[from] item: Leftovers\n|upkeep\n|turn|14\n|\n|t:|1733865736\n|-end|p2a: Brute Bonnet|Protosynthesis|[silent]\n|switch|p2a: Rampardos|Rampardos, L90, M|321/321\n|move|p1a: Farigiraf|Future Sight|p2a: Rampardos\n|-start|p1a: Farigiraf|move: Future Sight\n|\n|-heal|p1a: Farigiraf|257/366|[from] item: Leftovers\n|upkeep\n|turn|15\n|\n|t:|1733865742\n|move|p1a: Farigiraf|Protect|p1a: Farigiraf\n|-singleturn|p1a: Farigiraf|Protect\n|move|p2a: Rampardos|Head Smash|p1a: Farigiraf\n|-activate|p1a: Farigiraf|move: Protect\n|\n|-heal|p1a: Farigiraf|279/366|[from] item: Leftovers\n|upkeep\n|turn|16\n|\n|t:|1733865749\n|switch|p1a: Kingambit|Kingambit, L74, M|221/270\n|-activate|p1a: Kingambit|ability: Supreme Overlord\n|-start|p1a: Kingambit|fallen1|[silent]\n|move|p2a: Rampardos|Head Smash|p1a: Kingambit\n|-resisted|p1a: Kingambit\n|-damage|p1a: Kingambit|98/270\n|-damage|p2a: Rampardos|259/321|[from] Recoil\n|\n|-end|p2a: Rampardos|move: Future Sight\n|-damage|p2a: Rampardos|39/321\n|-heal|p1a: Kingambit|114/270|[from] item: Leftovers\n|upkeep\n|turn|17\n|\n|t:|1733865753\n|switch|p2a: Brute Bonnet|Brute Bonnet, L81|216/312\n|move|p1a: Kingambit|Iron Head|p2a: Brute Bonnet\n|-damage|p2a: Brute Bonnet|123/312\n|\n|-heal|p1a: Kingambit|130/270|[from] item: Leftovers\n|upkeep\n|turn|18\n|\n|t:|1733865757\n|move|p2a: Brute Bonnet|Close Combat|p1a: Kingambit\n|-supereffective|p1a: Kingambit\n|-damage|p1a: Kingambit|0 fnt\n|-unboost|p2a: Brute Bonnet|def|1\n|-unboost|p2a: Brute Bonnet|spd|1\n|faint|p1a: Kingambit\n|-end|p1a: Kingambit|fallen1|[silent]\n|\n|upkeep\n|\n|t:|1733865760\n|switch|p1a: Yanmega|Yanmega, L82, M|275/275\n|turn|19\n|\n|t:|1733865763\n|move|p1a: Yanmega|Bug Buzz|p2a: Brute Bonnet\n|-supereffective|p2a: Brute Bonnet\n|-damage|p2a: Brute Bonnet|0 fnt\n|faint|p2a: Brute Bonnet\n|-end|p2a: Brute Bonnet|Protosynthesis|[silent]\n|\n|-ability|p1a: Yanmega|Speed Boost|boost\n|-boost|p1a: Yanmega|spe|1\n|upkeep\n|\n|t:|1733865768\n|switch|p2a: Heracross|Heracross, L80, M|259/259\n|turn|20\n|\n|t:|1733865782\n|-terastallize|p2a: Heracross|Fighting\n|move|p1a: Yanmega|Air Slash|p2a: Heracross\n|-supereffective|p2a: Heracross\n|-damage|p2a: Heracross|85/259\n|move|p2a: Heracross|Knock Off|p1a: Yanmega\n|-damage|p1a: Yanmega|163/275\n|-enditem|p1a: Yanmega|Heavy-Duty Boots|[from] move: Knock Off|[of] p2a: Heracross\n|\n|-ability|p1a: Yanmega|Speed Boost|boost\n|-boost|p1a: Yanmega|spe|1\n|upkeep\n|turn|21\n|\n|t:|1733865788\n|move|p1a: Yanmega|Air Slash|p2a: Heracross\n|-supereffective|p2a: Heracross\n|-damage|p2a: Heracross|0 fnt\n|faint|p2a: Heracross\n|\n|-ability|p1a: Yanmega|Speed Boost|boost\n|-boost|p1a: Yanmega|spe|1\n|upkeep\n|-message|Froxtor42 forfeited.\n|\n|win|Imbetterthanyouok\n|raw|Imbetterthanyouok's rating: 1811 &rarr; <strong>1830</strong><br />(+19 for winning)\n|raw|Froxtor42's rating: 1797 &rarr; <strong>1778</strong><br />(-19 for losing)\n|l|\u2606Froxtor42\n|player|p2|\n", "inputlog": ">version bfd83cad13791eb5a5a409923076391caf6fb4d4\n>start {\"formatid\":\"gen9randombattle\",\"seed\":[11165,51511,18972,48934],\"rated\":\"Rated battle\"}\n>player p1 {\"name\":\"Imbetterthanyouok\",\"avatar\":\"unknown\",\"rating\":1811,\"seed\":[22110,59082,10933,32199]}\n>player p2 {\"name\":\"Froxtor42\",\"avatar\":\"juan\",\"rating\":1797,\"seed\":[18808,56261,56579,31836]}\n>p1 move protect\n>p2 move knockoff\n>p1 move futuresight\n>p2 switch 2\n>p1 switch 6\n>p2 move crunch\n>p1 move playrough\n>p2 switch 5\n>p2 switch 3\n>p1 move playrough\n>p2 move calmmind\n>p1 move playrough\n>p2 move hypervoice\n>p2 switch 4\n>p1 move playrough\n>p2 move hydropump\n>p1 switch 2\n>p1 move airslash\n>p2 move stunspore\n>p1 move airslash\n>p2 move stunspore\n>p2 switch 6\n>p1 move protect\n>p2 move rockslide\n>p1 switch 4\n>p2 move rockslide\n>p1 move ironhead\n>p2 switch 5\n>p1 switch 6\n>p2 move closecombat\n>p1 move futuresight\n>p2 switch 5\n>p1 move protect\n>p2 move headsmash\n>p1 switch 6\n>p2 move headsmash\n>p1 move ironhead\n>p2 switch 5\n>p1 move ironhead\n>p2 move closecombat\n>p1 switch 4\n>p1 move bugbuzz\n>p2 move closecombat\n>p2 switch 2\n>p1 move airslash\n>p2 move knockoff terastallize\n>p1 move airslash\n>p2 move knockoff\n>forcelose p2", "uploadtime": 1733865791, "views": 1, "formatid": "gen9randombattle", "rating": 1778, "private": 0, "password": null}