{"id": "gen9randombattle-2259938934", "format": "[Gen 9] Random Battle", "players": ["UrielC", "zeolong"], "log": "|j|\u2606UrielC\n|j|\u2606zeolong\n|t:|1733782105\n|gametype|singles\n|player|p1|UrielC|170|1371\n|player|p2|zeolong|266|1329\n|teamsize|p1|6\n|teamsize|p2|6\n|gen|9\n|tier|[Gen 9] Random Battle\n|rated|\n|rule|Species Clause: Limit one of each Pok\u00e9mon\n|rule|HP Percentage Mod: HP is shown in percentages\n|rule|Sleep Clause Mod: Limit one foe put to sleep\n|rule|Illusion Level Mod: Illusion disguises the Pok\u00e9mon's true level\n|\n|t:|1733782105\n|start\n|switch|p1a: Regice|Regice, L88|284/284\n|switch|p2a: Archaludon|Archaludon, L78, M|268/268\n|turn|1\n|inactive|Battle timer is ON: inactive players will automatically lose when time's up. (requested by zeolong)\n|\n|t:|1733782121\n|switch|p1a: Dudunsparce|Dudunsparce-Three-Segment, L83, F|343/343\n|move|p2a: Archaludon|Swords Dance|p2a: Archaludon\n|-boost|p2a: Archaludon|atk|2\n|\n|upkeep\n|turn|2\n|\n|t:|1733782128\n|move|p2a: Archaludon|Iron Head|p1a: Dudunsparce\n|-damage|p1a: Dudunsparce|172/343\n|cant|p1a: Dudunsparce|flinch\n|\n|-heal|p1a: Dudunsparce|193/343|[from] item: Leftovers\n|upkeep\n|turn|3\n|\n|t:|1733782139\n|move|p2a: Archaludon|Swords Dance|p2a: Archaludon\n|-boost|p2a: Archaludon|atk|2\n|move|p1a: Dudunsparce|Glare|p2a: Archaludon\n|-status|p2a: Archaludon|par\n|-enditem|p2a: Archaludon|Lum Berry|[eat]\n|-curestatus|p2a: Archaludon|par|[msg]\n|\n|-heal|p1a: Dudunsparce|214/343|[from] item: Leftovers\n|upkeep\n|turn|4\n|\n|t:|1733782148\n|move|p2a: Archaludon|Iron Head|p1a: Dudunsparce\n|-damage|p1a: Dudunsparce|0 fnt\n|faint|p1a: Dudunsparce\n|\n|upkeep\n|\n|t:|1733782162\n|switch|p1a: Entei|Entei, L78|307/307\n|turn|5\n|\n|t:|1733782182\n|move|p1a: Entei|Flare Blitz|p2a: Archaludon\n|-damage|p2a: Archaludon|129/268\n|-status|p2a: Archaludon|brn\n|-ability|p2a: Archaludon|Stamina|boost\n|-boost|p2a: Archaludon|def|1\n|-damage|p1a: Entei|261/307|[from] Recoil\n|move|p2a: Archaludon|Earthquake|p1a: Entei\n|-supereffective|p1a: Entei\n|-damage|p1a: Entei|35/307\n|\n|-damage|p2a: Archaludon|113/268 brn|[from] brn\n|upkeep\n|turn|6\n|\n|t:|1733782195\n|move|p1a: Entei|Flare Blitz|p2a: Archaludon\n|-damage|p2a: Archaludon|13/268 brn\n|-ability|p2a: Archaludon|Stamina|boost\n|-boost|p2a: Archaludon|def|1\n|-damage|p1a: Entei|2/307|[from] Recoil\n|move|p2a: Archaludon|Earthquake|p1a: Entei\n|-supereffective|p1a: Entei\n|-damage|p1a: Entei|0 fnt\n|faint|p1a: Entei\n|\n|-damage|p2a: Archaludon|0 fnt|[from] brn\n|faint|p2a: Archaludon\n|upkeep\n|inactive|zeolong has 120 seconds left.\n|\n|t:|1733782222\n|switch|p1a: Regice|Regice, L88|284/284\n|switch|p2a: Eelektross|Eelektross, L87, M|290/290\n|turn|7\n|\n|t:|1733782232\n|move|p1a: Regice|Ice Beam|p2a: Eelektross\n|-crit|p2a: Eelektross\n|-damage|p2a: Eelektross|128/290\n|move|p2a: Eelektross|Coil|p2a: Eelektross\n|-boost|p2a: Eelektross|atk|1\n|-boost|p2a: Eelektross|def|1\n|-boost|p2a: Eelektross|accuracy|1\n|\n|-heal|p2a: Eelektross|146/290|[from] item: Leftovers\n|upkeep\n|turn|8\n|\n|t:|1733782242\n|move|p1a: Regice|Ice Beam|p2a: Eelektross\n|-damage|p2a: Eelektross|32/290\n|move|p2a: Eelektross|Drain Punch|p1a: Regice\n|-supereffective|p1a: Regice\n|-damage|p1a: Regice|124/284\n|-heal|p2a: Eelektross|112/290|[from] drain|[of] p1a: Regice\n|\n|-heal|p2a: Eelektross|130/290|[from] item: Leftovers\n|upkeep\n|turn|9\n|\n|t:|1733782250\n|move|p1a: Regice|Ice Beam|p2a: Eelektross\n|-damage|p2a: Eelektross|22/290\n|move|p2a: Eelektross|Drain Punch|p1a: Regice\n|-supereffective|p1a: Regice\n|-damage|p1a: Regice|0 fnt\n|-heal|p2a: Eelektross|84/290|[from] drain|[of] p1a: Regice\n|faint|p1a: Regice\n|\n|-heal|p2a: Eelektross|102/290|[from] item: Leftovers\n|upkeep\n|\n|t:|1733782259\n|switch|p1a: Deoxys|Deoxys, L74|196/196\n|-ability|p1a: Deoxys|Pressure\n|turn|10\n|\n|t:|1733782268\n|move|p1a: Deoxys|Psycho Boost|p2a: Eelektross\n|-damage|p2a: Eelektross|0 fnt\n|-unboost|p1a: Deoxys|spa|2\n|faint|p2a: Eelektross\n|-damage|p1a: Deoxys|177/196|[from] item: Life Orb\n|\n|upkeep\n|\n|t:|1733782272\n|switch|p2a: Cacturne|Cacturne, L92, M|278/278\n|turn|11\n|\n|t:|1733782276\n|move|p2a: Cacturne|Sucker Punch|p1a: Deoxys\n|-supereffective|p1a: Deoxys\n|-damage|p1a: Deoxys|0 fnt\n|faint|p1a: Deoxys\n|-damage|p2a: Cacturne|251/278|[from] item: Life Orb\n|\n|upkeep\n|\n|t:|1733782279\n|switch|p1a: Comfey|Comfey, L85, M|225/225\n|turn|12\n|\n|t:|1733782298\n|switch|p2a: Lapras|Lapras, L87, M|368/368\n|move|p1a: Comfey|Calm Mind|p1a: Comfey\n|-boost|p1a: Comfey|spa|1\n|-boost|p1a: Comfey|spd|1\n|\n|upkeep\n|turn|13\n|\n|t:|1733782310\n|move|p1a: Comfey|Taunt|p2a: Lapras\n|-start|p2a: Lapras|move: Taunt\n|move|p2a: Lapras|Sparkling Aria|p1a: Comfey\n|-damage|p1a: Comfey|174/225\n|\n|-heal|p1a: Comfey|188/225|[from] item: Leftovers\n|upkeep\n|turn|14\n|\n|t:|1733782316\n|move|p1a: Comfey|Calm Mind|p1a: Comfey\n|-boost|p1a: Comfey|spa|1\n|-boost|p1a: Comfey|spd|1\n|move|p2a: Lapras|Freeze-Dry|p1a: Comfey\n|-crit|p1a: Comfey\n|-damage|p1a: Comfey|97/225\n|\n|-heal|p1a: Comfey|111/225|[from] item: Leftovers\n|upkeep\n|turn|15\n|\n|t:|1733782322\n|move|p1a: Comfey|Draining Kiss|p2a: Lapras\n|-damage|p2a: Lapras|281/368\n|-heal|p1a: Comfey|176/225|[from] drain|[of] p2a: Lapras\n|move|p2a: Lapras|Freeze-Dry|p1a: Comfey\n|-damage|p1a: Comfey|142/225\n|\n|-heal|p1a: Comfey|156/225|[from] item: Leftovers\n|-end|p2a: Lapras|move: Taunt\n|upkeep\n|turn|16\n|\n|t:|1733782327\n|move|p1a: Comfey|Calm Mind|p1a: Comfey\n|-boost|p1a: Comfey|spa|1\n|-boost|p1a: Comfey|spd|1\n|move|p2a: Lapras|Freeze-Dry|p1a: Comfey\n|-damage|p1a: Comfey|134/225\n|\n|-heal|p1a: Comfey|148/225|[from] item: Leftovers\n|upkeep\n|turn|17\n|\n|t:|1733782331\n|move|p1a: Comfey|Calm Mind|p1a: Comfey\n|-boost|p1a: Comfey|spa|1\n|-boost|p1a: Comfey|spd|1\n|move|p2a: Lapras|Freeze-Dry|p1a: Comfey\n|-damage|p1a: Comfey|126/225\n|\n|-heal|p1a: Comfey|140/225|[from] item: Leftovers\n|upkeep\n|turn|18\n|\n|t:|1733782334\n|switch|p2a: Squawkabilly|Squawkabilly-Yellow, L89, F|291/291\n|move|p1a: Comfey|Calm Mind|p1a: Comfey\n|-boost|p1a: Comfey|spa|1\n|-boost|p1a: Comfey|spd|1\n|\n|-heal|p1a: Comfey|154/225|[from] item: Leftovers\n|upkeep\n|turn|19\n|\n|t:|1733782341\n|move|p1a: Comfey|Draining Kiss|p2a: Squawkabilly\n|-damage|p2a: Squawkabilly|45/291\n|-heal|p1a: Comfey|225/225|[from] drain|[of] p2a: Squawkabilly\n|move|p2a: Squawkabilly|Double-Edge|p1a: Comfey\n|-damage|p1a: Comfey|0 fnt\n|faint|p1a: Comfey\n|-damage|p2a: Squawkabilly|0 fnt|[from] Recoil\n|faint|p2a: Squawkabilly\n|\n|upkeep\n|\n|t:|1733782348\n|switch|p1a: Articuno|Articuno-Galar, L84|288/288\n|switch|p2a: Lapras|Lapras, L87, M|281/368\n|turn|20\n|\n|t:|1733782354\n|-terastallize|p1a: Articuno|Steel\n|move|p1a: Articuno|Calm Mind|p1a: Articuno\n|-boost|p1a: Articuno|spa|1\n|-boost|p1a: Articuno|spd|1\n|move|p2a: Lapras|Freeze-Dry|p1a: Articuno\n|-resisted|p1a: Articuno\n|-damage|p1a: Articuno|267/288\n|\n|upkeep\n|turn|21\n|\n|t:|1733782372\n|move|p1a: Articuno|Calm Mind|p1a: Articuno\n|-boost|p1a: Articuno|spa|1\n|-boost|p1a: Articuno|spd|1\n|move|p2a: Lapras|Freeze-Dry|p1a: Articuno\n|-resisted|p1a: Articuno\n|-damage|p1a: Articuno|250/288\n|\n|upkeep\n|turn|22\n|\n|t:|1733782375\n|move|p1a: Articuno|Calm Mind|p1a: Articuno\n|-boost|p1a: Articuno|spa|1\n|-boost|p1a: Articuno|spd|1\n|move|p2a: Lapras|Sparkling Aria|p1a: Articuno\n|-damage|p1a: Articuno|214/288\n|\n|upkeep\n|turn|23\n|\n|t:|1733782378\n|move|p1a: Articuno|Calm Mind|p1a: Articuno\n|-boost|p1a: Articuno|spa|1\n|-boost|p1a: Articuno|spd|1\n|move|p2a: Lapras|Sparkling Aria|p1a: Articuno\n|-damage|p1a: Articuno|186/288\n|\n|upkeep\n|turn|24\n|\n|t:|1733782381\n|switch|p2a: Cacturne|Cacturne, L92, M|251/278\n|move|p1a: Articuno|Calm Mind|p1a: Articuno\n|-boost|p1a: Articuno|spa|1\n|-boost|p1a: Articuno|spd|1\n|\n|upkeep\n|turn|25\n|\n|t:|1733782390\n|move|p1a: Articuno|Freezing Glare|p2a: Cacturne\n|-immune|p2a: Cacturne\n|move|p2a: Cacturne|Swords Dance|p2a: Cacturne\n|-boost|p2a: Cacturne|atk|2\n|\n|upkeep\n|turn|26\n|\n|t:|1733782398\n|move|p1a: Articuno|Recover|p1a: Articuno\n|-heal|p1a: Articuno|288/288\n|move|p2a: Cacturne|Drain Punch|p1a: Articuno\n|-supereffective|p1a: Articuno\n|-damage|p1a: Articuno|0 fnt\n|-heal|p2a: Cacturne|278/278|[from] drain|[of] p1a: Articuno\n|faint|p1a: Articuno\n|-damage|p2a: Cacturne|251/278|[from] item: Life Orb\n|\n|win|zeolong\n|raw|UrielC's rating: 1371 &rarr; <strong>1349</strong><br />(-22 for losing)\n|raw|zeolong's rating: 1329 &rarr; <strong>1351</strong><br />(+22 for winning)\n|l|\u2606UrielC\n|player|p1|\n", "inputlog": ">version bfd83cad13791eb5a5a409923076391caf6fb4d4\n>start {\"formatid\":\"gen9randombattle\",\"seed\":[46804,47078,7589,8319],\"rated\":\"Rated battle\"}\n>player p1 {\"name\":\"UrielC\",\"avatar\":\"170\",\"rating\":1371,\"seed\":[41588,14041,31305,43602]}\n>player p2 {\"name\":\"zeolong\",\"avatar\":\"266\",\"rating\":1329,\"seed\":[43964,58849,38738,65407]}\n>p1 switch 2\n>p2 move swordsdance\n>p1 move glare\n>p2 move ironhead\n>p1 move glare\n>p2 move swordsdance\n>p1 move glare\n>p2 move ironhead\n>p1 switch 5\n>p1 move flareblitz\n>p2 move earthquake\n>p1 move flareblitz\n>p2 move earthquake\n>p1 switch 2\n>p2 switch 5\n>p1 move icebeam\n>p2 move coil\n>p1 move icebeam\n>p2 move drainpunch\n>p1 move icebeam\n>p2 move drainpunch\n>p1 switch 3\n>p1 move psychoboost\n>p2 move knockoff\n>p2 switch 3\n>p1 move superpower\n>p2 move suckerpunch\n>p1 switch 4\n>p1 move calmmind\n>p2 switch 2\n>p1 move taunt\n>p2 move sparklingaria\n>p1 move calmmind\n>p2 move freezedry\n>p1 move drainingkiss\n>p2 move freezedry\n>p1 move calmmind\n>p2 move freezedry\n>p1 move calmmind\n>p2 move freezedry\n>p1 move calmmind\n>p2 switch 6\n>p1 move drainingkiss\n>p2 move doubleedge\n>p1 switch 6\n>p2 switch 6\n>p1 move calmmind terastallize\n>p2 move freezedry\n>p1 move calmmind\n>p2 move freezedry\n>p1 move calmmind\n>p2 move sparklingaria\n>p1 move calmmind\n>p2 move sparklingaria\n>p1 move calmmind\n>p2 switch 2\n>p1 move freezingglare\n>p2 move swordsdance\n>p1 move recover\n>p2 move drainpunch", "uploadtime": 1733782405, "views": 1, "formatid": "gen9randombattle", "rating": 1349, "private": 0, "password": null}