{"id": "gen9randombattle-2260768604", "format": "[Gen 9] Random Battle", "players": ["Raloss", "fctfgiuciyulik"], "log": "|j|\u2606Raloss\n|j|\u2606fctfgiuciyulik\n|t:|1733889219\n|gametype|singles\n|player|p1|Raloss|101|1105\n|player|p2|fctfgiuciyulik|1|1126\n|teamsize|p1|6\n|teamsize|p2|6\n|gen|9\n|tier|[Gen 9] Random Battle\n|rated|\n|rule|Species Clause: Limit one of each Pok\u00e9mon\n|rule|HP Percentage Mod: HP is shown in percentages\n|rule|Sleep Clause Mod: Limit one foe put to sleep\n|rule|Illusion Level Mod: Illusion disguises the Pok\u00e9mon's true level\n|\n|t:|1733889219\n|start\n|switch|p1a: Comfey|Comfey, L85, F|225/225\n|switch|p2a: Feraligatr|Feraligatr, L79, M|264/264\n|turn|1\n|\n|t:|1733889233\n|switch|p2a: Ho-Oh|Ho-Oh, L71|268/268\n|move|p1a: Comfey|Calm Mind|p1a: Comfey\n|-boost|p1a: Comfey|spa|1\n|-boost|p1a: Comfey|spd|1\n|\n|upkeep\n|turn|2\n|\n|t:|1733889247\n|move|p1a: Comfey|Calm Mind|p1a: Comfey\n|-boost|p1a: Comfey|spa|1\n|-boost|p1a: Comfey|spd|1\n|move|p2a: Ho-Oh|Brave Bird|p1a: Comfey\n|-damage|p1a: Comfey|105/225\n|-damage|p2a: Ho-Oh|228/268|[from] Recoil\n|\n|-heal|p1a: Comfey|119/225|[from] item: Leftovers\n|upkeep\n|turn|3\n|\n|t:|1733889257\n|move|p1a: Comfey|Stored Power|p2a: Ho-Oh\n|-damage|p2a: Ho-Oh|127/268\n|move|p2a: Ho-Oh|Brave Bird|p1a: Comfey\n|-damage|p1a: Comfey|4/225\n|-damage|p2a: Ho-Oh|89/268|[from] Recoil\n|\n|-heal|p1a: Comfey|18/225|[from] item: Leftovers\n|upkeep\n|turn|4\n|\n|t:|1733889266\n|move|p1a: Comfey|Stored Power|p2a: Ho-Oh\n|-damage|p2a: Ho-Oh|0 fnt\n|faint|p2a: Ho-Oh\n|\n|-heal|p1a: Comfey|32/225|[from] item: Leftovers\n|upkeep\n|\n|t:|1733889269\n|switch|p2a: Girafarig|Girafarig, L89, F|269/269\n|turn|5\n|\n|t:|1733889282\n|move|p1a: Comfey|Giga Drain|p2a: Girafarig\n|-ability|p2a: Girafarig|Sap Sipper|boost\n|-boost|p2a: Girafarig|atk|1\n|move|p2a: Girafarig|Nasty Plot|p2a: Girafarig\n|-boost|p2a: Girafarig|spa|2\n|\n|-heal|p1a: Comfey|46/225|[from] item: Leftovers\n|upkeep\n|turn|6\n|\n|t:|1733889287\n|move|p1a: Comfey|Draining Kiss|p2a: Girafarig\n|-damage|p2a: Girafarig|193/269\n|-heal|p1a: Comfey|103/225|[from] drain|[of] p2a: Girafarig\n|move|p2a: Girafarig|Psychic|p1a: Comfey\n|-damage|p1a: Comfey|16/225\n|\n|-heal|p1a: Comfey|30/225|[from] item: Leftovers\n|upkeep\n|turn|7\n|\n|t:|1733889297\n|move|p1a: Comfey|Draining Kiss|p2a: Girafarig\n|-damage|p2a: Girafarig|112/269\n|-heal|p1a: Comfey|91/225|[from] drain|[of] p2a: Girafarig\n|move|p2a: Girafarig|Psychic|p1a: Comfey\n|-damage|p1a: Comfey|6/225\n|\n|-heal|p1a: Comfey|20/225|[from] item: Leftovers\n|upkeep\n|turn|8\n|\n|t:|1733889306\n|move|p1a: Comfey|Draining Kiss|p2a: Girafarig\n|-damage|p2a: Girafarig|28/269\n|-heal|p1a: Comfey|83/225|[from] drain|[of] p2a: Girafarig\n|move|p2a: Girafarig|Psychic|p1a: Comfey\n|-damage|p1a: Comfey|0 fnt\n|faint|p1a: Comfey\n|\n|upkeep\n|\n|t:|1733889315\n|switch|p1a: Pachirisu|Pachirisu, L96, F|271/271\n|turn|9\n|\n|t:|1733889321\n|move|p1a: Pachirisu|Super Fang|p2a: Girafarig\n|-damage|p2a: Girafarig|14/269\n|move|p2a: Girafarig|Psychic|p1a: Pachirisu\n|-damage|p1a: Pachirisu|112/271\n|\n|upkeep\n|turn|10\n|\n|t:|1733889327\n|move|p1a: Pachirisu|Discharge|p2a: Girafarig\n|-damage|p2a: Girafarig|0 fnt\n|faint|p2a: Girafarig\n|\n|upkeep\n|\n|t:|1733889336\n|switch|p2a: Sandslash|Sandslash, L88, F|275/275\n|turn|11\n|\n|t:|1733889340\n|move|p1a: Pachirisu|U-turn|p2a: Sandslash\n|-crit|p2a: Sandslash\n|-damage|p2a: Sandslash|230/275\n|\n|t:|1733889344\n|switch|p1a: Amoonguss|Amoonguss, L82, F|321/321|[from] U-turn\n|move|p2a: Sandslash|Swords Dance|p2a: Sandslash\n|-boost|p2a: Sandslash|atk|2\n|\n|-heal|p2a: Sandslash|247/275|[from] item: Leftovers\n|upkeep\n|turn|12\n|\n|t:|1733889351\n|move|p2a: Sandslash|Earthquake|p1a: Amoonguss\n|-damage|p1a: Amoonguss|23/321\n|move|p1a: Amoonguss|Spore|p2a: Sandslash\n|-status|p2a: Sandslash|slp|[from] move: Spore\n|\n|-heal|p2a: Sandslash|264/275 slp|[from] item: Leftovers\n|upkeep\n|turn|13\n|\n|t:|1733889357\n|cant|p2a: Sandslash|slp\n|move|p1a: Amoonguss|Giga Drain|p2a: Sandslash\n|-supereffective|p2a: Sandslash\n|-damage|p2a: Sandslash|88/275 slp\n|-heal|p1a: Amoonguss|111/321|[from] drain|[of] p2a: Sandslash\n|\n|-heal|p2a: Sandslash|105/275 slp|[from] item: Leftovers\n|upkeep\n|turn|14\n|\n|t:|1733889362\n|-curestatus|p2a: Sandslash|slp|[msg]\n|move|p2a: Sandslash|Earthquake|p1a: Amoonguss\n|-damage|p1a: Amoonguss|0 fnt\n|faint|p1a: Amoonguss\n|\n|-heal|p2a: Sandslash|122/275|[from] item: Leftovers\n|upkeep\n|\n|t:|1733889370\n|switch|p1a: Vileplume|Vileplume, L85, F|266/266\n|turn|15\n|inactive|Battle timer is ON: inactive players will automatically lose when time's up. (requested by fctfgiuciyulik)\n|\n|t:|1733889374\n|move|p2a: Sandslash|Earthquake|p1a: Vileplume\n|-damage|p1a: Vileplume|25/266\n|move|p1a: Vileplume|Giga Drain|p2a: Sandslash\n|-supereffective|p2a: Sandslash\n|-damage|p2a: Sandslash|0 fnt\n|-heal|p1a: Vileplume|86/266|[from] drain|[of] p2a: Sandslash\n|faint|p2a: Sandslash\n|\n|-heal|p1a: Vileplume|102/266|[from] item: Leftovers\n|upkeep\n|\n|t:|1733889379\n|switch|p2a: Annihilape|Annihilape, L76, M|292/292\n|turn|16\n|\n|t:|1733889387\n|move|p2a: Annihilape|Bulk Up|p2a: Annihilape\n|-boost|p2a: Annihilape|atk|1\n|-boost|p2a: Annihilape|def|1\n|move|p1a: Vileplume|Sleep Powder|p2a: Annihilape|[miss]\n|-miss|p1a: Vileplume|p2a: Annihilape\n|\n|-heal|p1a: Vileplume|118/266|[from] item: Leftovers\n|upkeep\n|turn|17\n|\n|t:|1733889399\n|move|p2a: Annihilape|Taunt|p1a: Vileplume\n|-start|p1a: Vileplume|move: Taunt\n|cant|p1a: Vileplume|move: Taunt|Strength Sap\n|\n|-heal|p1a: Vileplume|134/266|[from] item: Leftovers\n|upkeep\n|turn|18\n|\n|t:|1733889402\n|move|p2a: Annihilape|Bulk Up|p2a: Annihilape\n|-boost|p2a: Annihilape|atk|1\n|-boost|p2a: Annihilape|def|1\n|move|p1a: Vileplume|Giga Drain|p2a: Annihilape\n|-damage|p2a: Annihilape|189/292\n|-heal|p1a: Vileplume|186/266|[from] drain|[of] p2a: Annihilape\n|\n|-heal|p2a: Annihilape|207/292|[from] item: Leftovers\n|-heal|p1a: Vileplume|202/266|[from] item: Leftovers\n|upkeep\n|turn|19\n|\n|t:|1733889408\n|move|p2a: Annihilape|Rage Fist|p1a: Vileplume\n|-damage|p1a: Vileplume|0 fnt\n|faint|p1a: Vileplume\n|\n|-heal|p2a: Annihilape|225/292|[from] item: Leftovers\n|upkeep\n|\n|t:|1733889415\n|switch|p1a: Pachirisu|Pachirisu, L96, F|112/271\n|turn|20\n|\n|t:|1733889422\n|move|p1a: Pachirisu|U-turn|p2a: Annihilape\n|-resisted|p2a: Annihilape\n|-damage|p2a: Annihilape|220/292\n|\n|t:|1733889426\n|switch|p1a: Dudunsparce|Dudunsparce, L83, M|343/343|[from] U-turn\n|move|p2a: Annihilape|Drain Punch|p1a: Dudunsparce\n|-supereffective|p1a: Dudunsparce\n|-damage|p1a: Dudunsparce|13/343\n|-heal|p2a: Annihilape|292/292|[from] drain|[of] p1a: Dudunsparce\n|\n|-heal|p1a: Dudunsparce|34/343|[from] item: Leftovers\n|upkeep\n|turn|21\n|-message|Raloss forfeited.\n|\n|win|fctfgiuciyulik\n|raw|Raloss's rating: 1105 &rarr; <strong>1082</strong><br />(-23 for losing)\n|raw|fctfgiuciyulik's rating: 1126 &rarr; <strong>1149</strong><br />(+23 for winning)\n|l|\u2606Raloss\n|player|p1|\n", "inputlog": ">version bfd83cad13791eb5a5a409923076391caf6fb4d4\n>start {\"formatid\":\"gen9randombattle\",\"seed\":[49279,51581,40961,30656],\"rated\":\"Rated battle\"}\n>player p1 {\"name\":\"Raloss\",\"avatar\":\"101\",\"rating\":1105,\"seed\":[23973,31785,1651,43975]}\n>player p2 {\"name\":\"fctfgiuciyulik\",\"avatar\":\"1\",\"rating\":1126,\"seed\":[61840,49615,48006,37698]}\n>p1 move calmmind\n>p2 switch 4\n>p1 move calmmind\n>p2 move bravebird\n>p1 move storedpower\n>p2 move bravebird\n>p1 move storedpower\n>p2 move sacredfire\n>p2 switch 6\n>p1 move gigadrain\n>p2 move nastyplot\n>p1 move drainingkiss\n>p2 move psychic\n>p1 move drainingkiss\n>p2 move psychic\n>p1 move drainingkiss\n>p2 move psychic\n>p1 switch 2\n>p1 move superfang\n>p2 move psychic\n>p1 move discharge\n>p2 move psychic\n>p2 switch 5\n>p1 move uturn\n>p2 move swordsdance\n>p1 switch 6\n>p1 move spore\n>p2 move earthquake\n>p1 move gigadrain\n>p2 move earthquake\n>p1 move gigadrain\n>p2 move earthquake\n>p1 switch 4\n>p1 move gigadrain\n>p2 move earthquake\n>p2 switch 3\n>p1 move sleeppowder\n>p2 move bulkup\n>p1 move strengthsap\n>p2 move taunt\n>p1 move gigadrain\n>p2 move bulkup\n>p1 move sludgebomb\n>p2 move ragefist\n>p1 switch 6\n>p1 move uturn\n>p2 move drainpunch\n>p1 switch 5\n>forcelose p1", "uploadtime": 1733889440, "views": 9, "formatid": "gen9randombattle", "rating": 1082, "private": 0, "password": null}