{"id": "gen9randombattle-2260447017", "format": "[Gen 9] Random Battle", "players": ["asweduy", "cris107"], "log": "|j|\u2606asweduy\n|j|\u2606cris107\n|t:|1733852475\n|gametype|singles\n|player|p1|asweduy|hilda-wonderlauncher|\n|player|p2|cris107|102|\n|teamsize|p1|6\n|teamsize|p2|6\n|gen|9\n|tier|[Gen 9] Random Battle\n|rule|Species Clause: Limit one of each Pok\u00e9mon\n|rule|HP Percentage Mod: HP is shown in percentages\n|rule|Sleep Clause Mod: Limit one foe put to sleep\n|rule|Illusion Level Mod: Illusion disguises the Pok\u00e9mon's true level\n|\n|t:|1733852475\n|start\n|switch|p1a: Ariados|Ariados, L95, F|287/287\n|switch|p2a: Lumineon|Lumineon, L93, F|279/279\n|turn|1\n|inactive|Battle timer is ON: inactive players will automatically lose when time's up. (requested by cris107)\n|\n|t:|1733852493\n|move|p2a: Lumineon|Hydro Pump|p1a: Ariados\n|-crit|p1a: Ariados\n|-damage|p1a: Ariados|4/287\n|move|p1a: Ariados|Sticky Web|p2a: Lumineon\n|-sidestart|p2: cris107|move: Sticky Web\n|\n|upkeep\n|turn|2\n|\n|t:|1733852502\n|switch|p1a: Palossand|Palossand, L89, F|296/296\n|move|p2a: Lumineon|Hydro Pump|p1a: Palossand\n|-supereffective|p1a: Palossand\n|-damage|p1a: Palossand|0 fnt\n|faint|p1a: Palossand\n|\n|upkeep\n|c|\u2606cris107|XD\n|c|\u2606asweduy|estrategia bro\n|inactive|asweduy has 270 seconds left.\n|\n|t:|1733852538\n|switch|p1a: Deoxys|Deoxys, L74|196/196\n|-ability|p1a: Deoxys|Pressure\n|turn|3\n|c|\u2606cris107|ai kbron\n|\n|t:|1733852548\n|move|p1a: Deoxys|Knock Off|p2a: Lumineon\n|-damage|p2a: Lumineon|182/279\n|-enditem|p2a: Lumineon|Choice Specs|[from] move: Knock Off|[of] p1a: Deoxys\n|-damage|p1a: Deoxys|177/196|[from] item: Life Orb\n|move|p2a: Lumineon|Hydro Pump|p1a: Deoxys\n|-damage|p1a: Deoxys|0 fnt\n|faint|p1a: Deoxys\n|\n|upkeep\n|inactive|asweduy has 270 seconds left.\n|c|\u2606cris107|xd\n|\n|t:|1733852559\n|switch|p1a: Flamigo|Flamigo, L82, M|269/269\n|turn|4\n|\n|t:|1733852571\n|-terastallize|p2a: Lumineon|Fairy\n|move|p2a: Lumineon|Alluring Voice|p1a: Flamigo\n|-supereffective|p1a: Flamigo\n|-damage|p1a: Flamigo|69/269\n|move|p1a: Flamigo|Close Combat|p2a: Lumineon\n|-resisted|p2a: Lumineon\n|-crit|p2a: Lumineon\n|-damage|p2a: Lumineon|42/279\n|-unboost|p1a: Flamigo|def|1\n|-unboost|p1a: Flamigo|spd|1\n|-damage|p1a: Flamigo|43/269|[from] item: Life Orb\n|\n|upkeep\n|turn|5\n|\n|t:|1733852582\n|switch|p1a: Skarmory|Skarmory, L80, M|235/235\n|move|p2a: Lumineon|Alluring Voice|p1a: Skarmory\n|-resisted|p1a: Skarmory\n|-damage|p1a: Skarmory|186/235\n|\n|-heal|p1a: Skarmory|200/235|[from] item: Leftovers\n|upkeep\n|turn|6\n|\n|t:|1733852591\n|move|p2a: Lumineon|Hydro Pump|p1a: Skarmory\n|-damage|p1a: Skarmory|50/235\n|move|p1a: Skarmory|Brave Bird|p2a: Lumineon\n|-damage|p2a: Lumineon|0 fnt\n|faint|p2a: Lumineon\n|-damage|p1a: Skarmory|36/235|[from] Recoil\n|\n|-heal|p1a: Skarmory|50/235|[from] item: Leftovers\n|upkeep\n|\n|t:|1733852600\n|switch|p2a: Talonflame|Talonflame, L83, M|265/265\n|turn|7\n|\n|t:|1733852606\n|switch|p1a: Mamoswine|Mamoswine, L81, F|311/311\n|move|p2a: Talonflame|Swords Dance|p2a: Talonflame\n|-boost|p2a: Talonflame|atk|2\n|\n|upkeep\n|turn|8\n|\n|t:|1733852619\n|move|p2a: Talonflame|Flare Blitz|p1a: Mamoswine\n|-supereffective|p1a: Mamoswine\n|-damage|p1a: Mamoswine|71/311\n|-status|p1a: Mamoswine|brn\n|-damage|p2a: Talonflame|186/265|[from] Recoil\n|move|p1a: Mamoswine|Icicle Crash|p2a: Talonflame\n|-damage|p2a: Talonflame|99/265\n|\n|-damage|p1a: Mamoswine|52/311 brn|[from] brn\n|upkeep\n|turn|9\n|\n|t:|1733852629\n|move|p2a: Talonflame|Tera Blast|p1a: Mamoswine\n|-damage|p1a: Mamoswine|0 fnt\n|faint|p1a: Mamoswine\n|\n|upkeep\n|\n|t:|1733852634\n|switch|p1a: Flamigo|Flamigo, L82, M|43/269\n|turn|10\n|\n|t:|1733852639\n|move|p2a: Talonflame|Brave Bird|p1a: Flamigo\n|-supereffective|p1a: Flamigo\n|-damage|p1a: Flamigo|0 fnt\n|faint|p1a: Flamigo\n|-damage|p2a: Talonflame|85/265|[from] Recoil\n|\n|upkeep\n|\n|t:|1733852641\n|switch|p1a: Ariados|Ariados, L95, F|4/287\n|turn|11\n|\n|t:|1733852650\n|move|p2a: Talonflame|Tera Blast|p1a: Ariados\n|-damage|p1a: Ariados|0 fnt\n|faint|p1a: Ariados\n|\n|upkeep\n|\n|t:|1733852652\n|switch|p1a: Skarmory|Skarmory, L80, M|50/235\n|turn|12\n|\n|t:|1733852657\n|-terastallize|p1a: Skarmory|Fighting\n|move|p2a: Talonflame|Flare Blitz|p1a: Skarmory\n|-damage|p1a: Skarmory|0 fnt\n|faint|p1a: Skarmory\n|-damage|p2a: Talonflame|68/265|[from] Recoil\n|\n|win|cris107\n|c|\u2606cris107|gg wp\n|c|\u2606asweduy|puto\n|c|\u2606asweduy|otra\n|c|\u2606cris107|XD\n|c|\u2606asweduy|uwu\n|l|\u2606asweduy\n|player|p1|\n", "inputlog": ">version bfd83cad13791eb5a5a409923076391caf6fb4d4\n>start {\"formatid\":\"gen9randombattle\",\"seed\":[7786,13277,9226,32580]}\n>player p1 {\"name\":\"asweduy\",\"avatar\":\"hilda-wonderlauncher\",\"rating\":0,\"seed\":[40407,8560,42133,64285]}\n>player p2 {\"name\":\"cris107\",\"avatar\":\"102\",\"rating\":0,\"seed\":[28720,11281,7582,55050]}\n>p1 move stickyweb\n>p2 move hydropump\n>p1 switch 6\n>p2 move hydropump\n>chat \u2606cris107|XD\n>chat \u2606asweduy|estrategia bro\n>p1 switch 5\n>chat \u2606cris107|ai kbron\n>p1 move knockoff\n>p2 move hydropump\n>chat \u2606cris107|xd\n>p1 switch 2\n>p1 move closecombat\n>p2 move alluringvoice terastallize\n>p1 switch 3\n>p2 move alluringvoice\n>p1 move bravebird\n>p2 move hydropump\n>p2 switch 5\n>p1 switch 4\n>p2 move swordsdance\n>p1 move iciclecrash\n>p2 move flareblitz\n>p1 move iciclecrash\n>p2 move terablast\n>p1 switch 3\n>p1 move bravebird\n>p2 move bravebird\n>p1 switch 6\n>p1 move knockoff\n>p2 move terablast\n>p1 switch 4\n>p1 move roost terastallize\n>p2 move flareblitz", "uploadtime": 1733852673, "views": 8, "formatid": "gen9randombattle", "rating": null, "private": 0, "password": null}