{"id": "gen9randombattle-2260279829", "format": "[Gen 9] Random Battle", "players": ["Seenuft", "CondeConi"], "log": "|j|\u2606Seenuft\n|j|\u2606CondeConi\n|t:|1733834367\n|gametype|singles\n|player|p1|Seenuft|drayden|1142\n|player|p2|CondeConi|101|1164\n|teamsize|p1|6\n|teamsize|p2|6\n|gen|9\n|tier|[Gen 9] Random Battle\n|rated|\n|rule|Species Clause: Limit one of each Pok\u00e9mon\n|rule|HP Percentage Mod: HP is shown in percentages\n|rule|Sleep Clause Mod: Limit one foe put to sleep\n|rule|Illusion Level Mod: Illusion disguises the Pok\u00e9mon's true level\n|\n|t:|1733834367\n|start\n|switch|p1a: Alomomola|Alomomola, L87, F|429/429\n|switch|p2a: Squawkabilly|Squawkabilly, L85, M|278/278\n|turn|1\n|\n|t:|1733834395\n|move|p2a: Squawkabilly|U-turn|p1a: Alomomola\n|-damage|p1a: Alomomola|371/429\n|-damage|p2a: Squawkabilly|232/278|[from] item: Rocky Helmet|[of] p1a: Alomomola\n|\n|t:|1733834400\n|switch|p2a: Volbeat|Volbeat, L90, M|263/263|[from] U-turn\n|move|p1a: Alomomola|Scald|p2a: Volbeat\n|-damage|p2a: Volbeat|218/263\n|\n|upkeep\n|turn|2\n|inactive|Battle timer is ON: inactive players will automatically lose when time's up. (requested by CondeConi)\n|\n|t:|1733834415\n|move|p1a: Alomomola|Protect|p1a: Alomomola\n|-singleturn|p1a: Alomomola|Protect\n|move|p2a: Volbeat|Thunder Wave|p1a: Alomomola\n|-activate|p1a: Alomomola|move: Protect\n|\n|upkeep\n|turn|3\n|\n|t:|1733834423\n|switch|p1a: Dedenne|Dedenne, L88, F|261/261\n|move|p2a: Volbeat|Lunge|p1a: Dedenne\n|-resisted|p1a: Dedenne\n|-damage|p1a: Dedenne|210/261\n|-unboost|p1a: Dedenne|atk|1\n|\n|upkeep\n|turn|4\n|inactive|CondeConi has 120 seconds left.\n|\n|t:|1733834465\n|switch|p2a: Golem|Golem-Alola, L93, F|300/300\n|move|p1a: Dedenne|Thunderbolt|p2a: Golem\n|-resisted|p2a: Golem\n|-damage|p2a: Golem|249/300\n|\n|upkeep\n|turn|5\n|inactive|Seenuft has 120 seconds left.\n|\n|t:|1733834493\n|move|p1a: Dedenne|U-turn|p2a: Golem\n|-damage|p2a: Golem|233/300\n|\n|t:|1733834501\n|switch|p1a: Scream Tail|Scream Tail, L84|330/330|[from] U-turn\n|move|p2a: Golem|Stone Edge|p1a: Scream Tail\n|-crit|p1a: Scream Tail\n|-damage|p1a: Scream Tail|33/330\n|\n|-heal|p1a: Scream Tail|53/330|[from] item: Leftovers\n|upkeep\n|turn|6\n|inactive|CondeConi has 90 seconds left.\n|\n|t:|1733834545\n|switch|p2a: Volbeat|Volbeat, L90, M|218/263\n|move|p1a: Scream Tail|Protect||[still]\n|-fail|p1a: Scream Tail\n|\n|-heal|p1a: Scream Tail|73/330|[from] item: Leftovers\n|upkeep\n|turn|7\n|\n|t:|1733834560\n|move|p1a: Scream Tail|Protect|p1a: Scream Tail\n|-singleturn|p1a: Scream Tail|Protect\n|move|p2a: Volbeat|Lunge|p1a: Scream Tail\n|-activate|p1a: Scream Tail|move: Protect\n|\n|-heal|p1a: Scream Tail|93/330|[from] item: Leftovers\n|upkeep\n|turn|8\n|\n|t:|1733834570\n|-end|p1a: Scream Tail|Protosynthesis|[silent]\n|switch|p1a: Alomomola|Alomomola, L87, F|429/429\n|move|p2a: Volbeat|Lunge|p1a: Alomomola\n|-damage|p1a: Alomomola|347/429\n|-unboost|p1a: Alomomola|atk|1\n|-damage|p2a: Volbeat|175/263|[from] item: Rocky Helmet|[of] p1a: Alomomola\n|\n|upkeep\n|turn|9\n|inactive|Seenuft has 120 seconds left.\n|inactive|CondeConi has 60 seconds left.\n|\n|t:|1733834592\n|switch|p1a: Dedenne|Dedenne, L88, F|210/261\n|-terastallize|p2a: Volbeat|Water\n|move|p2a: Volbeat|Thunder Wave|p1a: Dedenne\n|-immune|p1a: Dedenne\n|\n|upkeep\n|turn|10\n|inactive|Seenuft has 120 seconds left.\n|\n|t:|1733834603\n|switch|p2a: Golem|Golem-Alola, L93, F|233/300\n|move|p1a: Dedenne|U-turn|p2a: Golem\n|-damage|p2a: Golem|207/300\n|inactive|Seenuft has 120 seconds left.\n|\n|t:|1733834612\n|switch|p1a: Basculin|Basculin-Blue-Striped, L86, F|261/261|[from] U-turn\n|\n|upkeep\n|turn|11\n|\n|t:|1733834619\n|switch|p2a: Volbeat|Volbeat, L90, M, tera:Water|175/263\n|move|p1a: Basculin|Flip Turn|p2a: Volbeat\n|-resisted|p2a: Volbeat\n|-crit|p2a: Volbeat\n|-damage|p2a: Volbeat|67/263\n|inactive|Seenuft has 120 seconds left.\n|\n|t:|1733834634\n|switch|p1a: Dedenne|Dedenne, L88, F|210/261|[from] Flip Turn\n|\n|upkeep\n|turn|12\n|inactive|Seenuft has 120 seconds left.\n|\n|t:|1733834647\n|switch|p2a: Golem|Golem-Alola, L93, F|207/300\n|move|p1a: Dedenne|Dazzling Gleam|p2a: Golem\n|-damage|p2a: Golem|110/300\n|\n|upkeep\n|turn|13\n|inactive|Seenuft has 120 seconds left.\n|\n|t:|1733834681\n|move|p1a: Dedenne|Dazzling Gleam|p2a: Golem\n|-damage|p2a: Golem|26/300\n|move|p2a: Golem|Stone Edge|p1a: Dedenne\n|-damage|p1a: Dedenne|0 fnt\n|faint|p1a: Dedenne\n|\n|upkeep\n|\n|t:|1733834690\n|switch|p1a: Scream Tail|Scream Tail, L84|93/330\n|turn|14\n|inactive|CondeConi has 90 seconds left.\n|\n|t:|1733834723\n|switch|p2a: Volbeat|Volbeat, L90, M, tera:Water|67/263\n|move|p1a: Scream Tail|Play Rough|p2a: Volbeat|[miss]\n|-miss|p1a: Scream Tail|p2a: Volbeat\n|\n|-heal|p1a: Scream Tail|113/330|[from] item: Leftovers\n|upkeep\n|turn|15\n|\n|t:|1733834743\n|move|p2a: Volbeat|Roost|p2a: Volbeat\n|-heal|p2a: Volbeat|199/263\n|move|p1a: Scream Tail|Play Rough|p2a: Volbeat\n|-damage|p2a: Volbeat|117/263\n|\n|-heal|p1a: Scream Tail|133/330|[from] item: Leftovers\n|upkeep\n|turn|16\n|inactive|Seenuft has 90 seconds left.\n|\n|t:|1733834763\n|move|p1a: Scream Tail|Encore|p2a: Volbeat\n|-start|p2a: Volbeat|Encore\n|move|p2a: Volbeat|Roost|p2a: Volbeat\n|-heal|p2a: Volbeat|249/263\n|\n|-heal|p1a: Scream Tail|153/330|[from] item: Leftovers\n|upkeep\n|turn|17\n|inactive|Seenuft has 90 seconds left.\n|inactive|CondeConi has 60 seconds left.\n|\n|t:|1733834802\n|-end|p1a: Scream Tail|Protosynthesis|[silent]\n|switch|p1a: Persian|Persian-Alola, L86, F|252/252\n|move|p2a: Volbeat|Roost|p2a: Volbeat\n|-heal|p2a: Volbeat|263/263\n|\n|upkeep\n|turn|18\n|inactive|Seenuft has 90 seconds left.\n|\n|t:|1733834820\n|switch|p2a: Emboar|Emboar, L84, M|322/322\n|move|p1a: Persian|Hypnosis|p2a: Emboar\n|-status|p2a: Emboar|slp|[from] move: Hypnosis\n|\n|upkeep\n|turn|19\n|inactive|Seenuft has 90 seconds left.\n|inactive|CondeConi has 30 seconds left.\n|\n|t:|1733834848\n|switch|p1a: Basculin|Basculin-Blue-Striped, L86, F|261/261\n|switch|p2a: Golem|Golem-Alola, L93, F|26/300\n|\n|upkeep\n|turn|20\n|inactive|Seenuft has 90 seconds left.\n|inactive|CondeConi has 30 seconds left.\n|\n|t:|1733834858\n|switch|p2a: Volbeat|Volbeat, L90, M, tera:Water|263/263\n|move|p1a: Basculin|Flip Turn|p2a: Volbeat\n|-resisted|p2a: Volbeat\n|-damage|p2a: Volbeat|190/263\n|inactive|Seenuft has 90 seconds left.\n|\n|t:|1733834883\n|switch|p1a: Persian|Persian-Alola, L86, F|252/252|[from] Flip Turn\n|\n|upkeep\n|turn|21\n|inactive|CondeConi has 30 seconds left.\n|inactive|CondeConi has 20 seconds left.\n|\n|t:|1733834910\n|switch|p2a: Golem|Golem-Alola, L93, F|26/300\n|move|p1a: Persian|Thunderbolt|p2a: Golem\n|-resisted|p2a: Golem\n|-damage|p2a: Golem|0 fnt\n|faint|p2a: Golem\n|\n|upkeep\n|inactive|CondeConi has 25 seconds left this turn.\n|inactive|CondeConi has 20 seconds left.\n|inactive|CondeConi has 15 seconds left.\n|inactive|CondeConi has 10 seconds left.\n|inactive|CondeConi has 5 seconds left.\n|\n|t:|1733834934\n|switch|p2a: Emboar|Emboar, L84, M|322/322 slp\n|turn|22\n|inactive|CondeConi has 15 seconds left this turn.\n|inactive|CondeConi has 10 seconds left.\n|inactive|CondeConi has 5 seconds left.\n|\n|t:|1733834950\n|switch|p1a: Scream Tail|Scream Tail, L84|153/330\n|cant|p2a: Emboar|slp\n|\n|-heal|p1a: Scream Tail|173/330|[from] item: Leftovers\n|upkeep\n|turn|23\n|inactive|CondeConi has 15 seconds left this turn.\n|inactive|CondeConi has 10 seconds left.\n|inactive|CondeConi has 5 seconds left.\n|\n|t:|1733834961\n|switch|p2a: Volbeat|Volbeat, L90, M, tera:Water|190/263\n|move|p1a: Scream Tail|Play Rough|p2a: Volbeat\n|-damage|p2a: Volbeat|114/263\n|\n|-heal|p1a: Scream Tail|193/330|[from] item: Leftovers\n|upkeep\n|turn|24\n|inactive|CondeConi has 15 seconds left this turn.\n|inactive|CondeConi has 10 seconds left.\n|inactive|CondeConi has 5 seconds left.\n|\n|t:|1733834974\n|move|p1a: Scream Tail|Protect|p1a: Scream Tail\n|-singleturn|p1a: Scream Tail|Protect\n|move|p2a: Volbeat|Thunder Wave|p1a: Scream Tail\n|-activate|p1a: Scream Tail|move: Protect\n|\n|-heal|p1a: Scream Tail|213/330|[from] item: Leftovers\n|upkeep\n|turn|25\n|inactive|CondeConi has 15 seconds left this turn.\n|inactive|CondeConi has 10 seconds left.\n|\n|t:|1733834992\n|-end|p1a: Scream Tail|Protosynthesis|[silent]\n|switch|p1a: Alomomola|Alomomola, L87, F|429/429\n|move|p2a: Volbeat|Roost|p2a: Volbeat\n|-heal|p2a: Volbeat|246/263\n|\n|upkeep\n|turn|26\n|inactive|CondeConi has 20 seconds left this turn.\n|inactive|CondeConi has 15 seconds left.\n|inactive|CondeConi has 10 seconds left.\n|inactive|CondeConi has 5 seconds left.\n|\n|t:|1733835008\n|move|p1a: Alomomola|Protect|p1a: Alomomola\n|-singleturn|p1a: Alomomola|Protect\n|move|p2a: Volbeat|Thunder Wave|p1a: Alomomola\n|-activate|p1a: Alomomola|move: Protect\n|\n|upkeep\n|turn|27\n|inactive|CondeConi has 15 seconds left this turn.\n|inactive|CondeConi has 10 seconds left.\n|\n|t:|1733835017\n|move|p2a: Volbeat|Thunder Wave|p1a: Alomomola\n|-status|p1a: Alomomola|par\n|move|p1a: Alomomola|Scald|p2a: Volbeat\n|-resisted|p2a: Volbeat\n|-damage|p2a: Volbeat|225/263\n|-status|p2a: Volbeat|brn\n|\n|-damage|p2a: Volbeat|209/263 brn|[from] brn\n|upkeep\n|turn|28\n|inactive|CondeConi has 20 seconds left this turn.\n|inactive|Seenuft has 90 seconds left.\n|inactive|CondeConi has 15 seconds left.\n|inactive|CondeConi has 10 seconds left.\n|inactive|CondeConi has 5 seconds left.\n|\n|t:|1733835036\n|move|p2a: Volbeat|Roost|p2a: Volbeat\n|-heal|p2a: Volbeat|263/263 brn\n|move|p1a: Alomomola|Wish|p1a: Alomomola\n|\n|-damage|p2a: Volbeat|247/263 brn|[from] brn\n|upkeep\n|turn|29\n|inactive|CondeConi has 15 seconds left this turn.\n|inactive|CondeConi has 10 seconds left.\n|inactive|CondeConi has 5 seconds left.\n|\n|t:|1733835047\n|move|p2a: Volbeat|Encore|p1a: Alomomola\n|-start|p1a: Alomomola|Encore\n|move|p1a: Alomomola|Wish||[still]\n|-fail|p1a: Alomomola\n|\n|-damage|p2a: Volbeat|231/263 brn|[from] brn\n|upkeep\n|turn|30\n|inactive|CondeConi has 15 seconds left this turn.\n|inactive|CondeConi has 10 seconds left.\n|inactive|CondeConi has 5 seconds left.\n|\n|t:|1733835061\n|switch|p2a: Emboar|Emboar, L84, M|322/322 slp\n|switch|p1a: Persian|Persian-Alola, L86, F|252/252\n|\n|upkeep\n|turn|31\n|inactive|CondeConi has 15 seconds left this turn.\n|inactive|CondeConi has 10 seconds left.\n|inactive|CondeConi has 5 seconds left.\n|\n|t:|1733835072\n|switch|p1a: Scream Tail|Scream Tail, L84|213/330\n|-curestatus|p2a: Emboar|slp|[msg]\n|move|p2a: Emboar|Drain Punch|p1a: Scream Tail\n|-resisted|p1a: Scream Tail\n|-damage|p1a: Scream Tail|189/330\n|\n|-heal|p1a: Scream Tail|209/330|[from] item: Leftovers\n|upkeep\n|turn|32\n|inactive|CondeConi has 15 seconds left this turn.\n|inactive|Seenuft has 90 seconds left.\n|inactive|CondeConi has 10 seconds left.\n|inactive|CondeConi has 5 seconds left.\n|\n|t:|1733835090\n|switch|p2a: Volbeat|Volbeat, L90, M, tera:Water|231/263 brn\n|move|p1a: Scream Tail|Encore||[still]\n|-fail|p1a: Scream Tail\n|\n|-heal|p1a: Scream Tail|229/330|[from] item: Leftovers\n|-damage|p2a: Volbeat|215/263 brn|[from] brn\n|upkeep\n|turn|33\n|inactive|CondeConi has 15 seconds left this turn.\n|inactive|CondeConi has 10 seconds left.\n|inactive|CondeConi has 5 seconds left.\n|\n|t:|1733835104\n|move|p1a: Scream Tail|Protect|p1a: Scream Tail\n|-singleturn|p1a: Scream Tail|Protect\n|move|p2a: Volbeat|Lunge|p1a: Scream Tail\n|-activate|p1a: Scream Tail|move: Protect\n|\n|-heal|p1a: Scream Tail|249/330|[from] item: Leftovers\n|-damage|p2a: Volbeat|199/263 brn|[from] brn\n|upkeep\n|turn|34\n|inactive|CondeConi has 15 seconds left this turn.\n|inactive|Seenuft has 90 seconds left.\n|inactive|CondeConi has 10 seconds left.\n|inactive|CondeConi has 5 seconds left.\n|\n|t:|1733835120\n|move|p2a: Volbeat|Thunder Wave|p1a: Scream Tail\n|-status|p1a: Scream Tail|par\n|move|p1a: Scream Tail|Encore|p2a: Volbeat\n|-start|p2a: Volbeat|Encore\n|\n|-heal|p1a: Scream Tail|269/330 par|[from] item: Leftovers\n|-damage|p2a: Volbeat|183/263 brn|[from] brn\n|upkeep\n|turn|35\n|inactive|CondeConi has 15 seconds left this turn.\n|inactive|CondeConi has 10 seconds left.\n|inactive|CondeConi has 5 seconds left.\n|-message|CondeConi lost due to inactivity.\n|\n|win|Seenuft\n|raw|Seenuft's rating: 1142 &rarr; <strong>1169</strong><br />(+27 for winning)\n|raw|CondeConi's rating: 1164 &rarr; <strong>1137</strong><br />(-27 for losing)\n|l|\u2606CondeConi\n|player|p2|\n", "inputlog": ">version bfd83cad13791eb5a5a409923076391caf6fb4d4\n>start {\"formatid\":\"gen9randombattle\",\"seed\":[42253,7168,49973,35120],\"rated\":\"Rated battle\"}\n>player p1 {\"name\":\"Seenuft\",\"avatar\":\"drayden\",\"rating\":1142,\"seed\":[19581,8398,59351,30316]}\n>player p2 {\"name\":\"CondeConi\",\"avatar\":\"101\",\"rating\":1164,\"seed\":[23227,61943,2904,39345]}\n>p1 move scald\n>p2 move uturn\n>p2 switch 6\n>p1 move protect\n>p2 move thunderwave\n>p1 switch 5\n>p2 move lunge\n>p1 move thunderbolt\n>p2 switch 4\n>p1 move uturn\n>p2 move stoneedge\n>p1 switch 6\n>p1 move protect\n>p2 switch 4\n>p1 move protect\n>p2 move lunge\n>p1 switch 5\n>p2 move lunge\n>p1 switch 6\n>p2 move thunderwave terastallize\n>p1 move uturn\n>p2 switch 4\n>p1 switch 4\n>p1 move flipturn\n>p2 switch 4\n>p1 switch 4\n>p1 move dazzlinggleam\n>p2 switch 4\n>p1 move dazzlinggleam\n>p2 move stoneedge\n>p1 switch 5\n>p1 move playrough\n>p2 switch 4\n>p1 move playrough\n>p2 move roost\n>p1 move encore\n>p2 move lunge\n>p1 switch 2\n>p2 move roost\n>p1 move hypnosis\n>p2 switch 5\n>p1 switch 4\n>p2 switch 4\n>p1 move flipturn\n>p2 switch 5\n>p1 switch 4\n>p1 move thunderbolt\n>p2 switch 5\n>p2 switch 4\n>p1 switch 2\n>p2 move drainpunch\n>p1 move playrough\n>p2 switch 5\n>p1 move protect\n>p2 move thunderwave\n>p1 switch 6\n>p2 move roost\n>p1 move protect\n>p2 move thunderwave\n>p1 move scald\n>p2 move thunderwave\n>p1 move wish\n>p2 move roost\n>p1 move flipturn\n>p2 move encore\n>p1 switch 2\n>p2 switch 5\n>p1 switch 6\n>p2 move drainpunch\n>p1 move encore\n>p2 switch 5\n>p1 move protect\n>p2 move lunge\n>p1 move encore\n>p2 move thunderwave\n>forcelose p2", "uploadtime": 1733835141, "views": 12, "formatid": "gen9randombattle", "rating": 1137, "private": 0, "password": null}