{"id": "gen9randombattle-2163242535", "format": "[Gen 9] Random Battle", "players": ["Micciu", "Qiuescent"], "log": "|j|\u2606Micciu\n|j|\u203dQiuescent\n|t:|1721325942\n|gametype|singles\n|player|p1|Micciu|#pmpliidachsbuns|2283\n|player|p2|Qiuescent|266|2205\n|teamsize|p1|6\n|teamsize|p2|6\n|gen|9\n|tier|[Gen 9] Random Battle\n|rated|\n|rule|Species Clause: Limit one of each Pok\u00e9mon\n|rule|HP Percentage Mod: HP is shown in percentages\n|rule|Sleep Clause Mod: Limit one foe put to sleep\n|rule|Illusion Level Mod: Illusion disguises the Pok\u00e9mon's true level\n|\n|t:|1721325942\n|start\n|switch|p1a: Glimmora|Glimmora, L75, F|248/248\n|switch|p2a: Gumshoos|Gumshoos, L95, F|321/321\n|turn|1\n|inactive|Battle timer is ON: inactive players will automatically lose when time's up. (requested by Micciu)\n|\n|t:|1721325951\n|move|p1a: Glimmora|Spikes|p2a: Gumshoos\n|-sidestart|p2: Qiuescent|Spikes\n|move|p2a: Gumshoos|Earthquake|p1a: Glimmora\n|-supereffective|p1a: Glimmora\n|-enditem|p1a: Glimmora|Focus Sash\n|-damage|p1a: Glimmora|1/248\n|-activate|p1a: Glimmora|ability: Toxic Debris\n|-sidestart|p2: Qiuescent|move: Toxic Spikes\n|\n|upkeep\n|turn|2\n|\n|t:|1721325958\n|switch|p1a: Dachsbun|Dachsbun, L91, M|252/252\n|move|p2a: Gumshoos|Earthquake|p1a: Dachsbun\n|-damage|p1a: Dachsbun|44/252\n|\n|-heal|p1a: Dachsbun|59/252|[from] item: Leftovers\n|upkeep\n|turn|3\n|\n|t:|1721325964\n|move|p1a: Dachsbun|Protect|p1a: Dachsbun\n|-singleturn|p1a: Dachsbun|Protect\n|move|p2a: Gumshoos|Earthquake|p1a: Dachsbun\n|-activate|p1a: Dachsbun|move: Protect\n|\n|-heal|p1a: Dachsbun|74/252|[from] item: Leftovers\n|upkeep\n|turn|4\n|\n|t:|1721325967\n|move|p1a: Dachsbun|Body Press|p2a: Gumshoos\n|-supereffective|p2a: Gumshoos\n|-damage|p2a: Gumshoos|149/321\n|move|p2a: Gumshoos|Earthquake|p1a: Dachsbun\n|-damage|p1a: Dachsbun|0 fnt\n|faint|p1a: Dachsbun\n|\n|upkeep\n|\n|t:|1721325986\n|switch|p1a: Ursaring|Ursaring, L84, M|288/288\n|turn|5\n|\n|t:|1721325993\n|move|p1a: Ursaring|Body Slam|p2a: Gumshoos\n|-damage|p2a: Gumshoos|8/321\n|move|p2a: Gumshoos|Earthquake|p1a: Ursaring\n|-damage|p1a: Ursaring|168/288\n|\n|upkeep\n|turn|6\n|\n|t:|1721326002\n|move|p1a: Ursaring|Body Slam|p2a: Gumshoos\n|-damage|p2a: Gumshoos|0 fnt\n|faint|p2a: Gumshoos\n|\n|upkeep\n|\n|t:|1721326007\n|switch|p2a: Mudsdale|Mudsdale, L84, F|305/305\n|-damage|p2a: Mudsdale|267/305|[from] Spikes\n|-status|p2a: Mudsdale|psn\n|turn|7\n|\n|t:|1721326013\n|switch|p1a: Reuniclus|Reuniclus, L88, F|337/337\n|move|p2a: Mudsdale|Body Press|p1a: Reuniclus\n|-resisted|p1a: Reuniclus\n|-damage|p1a: Reuniclus|290/337\n|\n|-damage|p2a: Mudsdale|229/305 psn|[from] psn\n|upkeep\n|turn|8\n|\n|t:|1721326020\n|switch|p2a: Shaymin|Shaymin, L82|298/298\n|-damage|p2a: Shaymin|261/298|[from] Spikes\n|-status|p2a: Shaymin|psn\n|move|p1a: Reuniclus|Calm Mind|p1a: Reuniclus\n|-boost|p1a: Reuniclus|spa|1\n|-boost|p1a: Reuniclus|spd|1\n|\n|-heal|p2a: Shaymin|279/298 psn|[from] item: Leftovers\n|-damage|p2a: Shaymin|242/298 psn|[from] psn\n|upkeep\n|turn|9\n|\n|t:|1721326049\n|move|p2a: Shaymin|Seed Flare|p1a: Reuniclus|[miss]\n|-miss|p2a: Shaymin|p1a: Reuniclus\n|move|p1a: Reuniclus|Psyshock|p2a: Shaymin\n|-damage|p2a: Shaymin|54/298 psn\n|\n|-heal|p2a: Shaymin|72/298 psn|[from] item: Leftovers\n|-damage|p2a: Shaymin|35/298 psn|[from] psn\n|upkeep\n|turn|10\n|\n|t:|1721326053\n|move|p2a: Shaymin|Seed Flare|p1a: Reuniclus\n|-damage|p1a: Reuniclus|211/337\n|move|p1a: Reuniclus|Psyshock|p2a: Shaymin\n|-damage|p2a: Shaymin|0 fnt\n|faint|p2a: Shaymin\n|\n|upkeep\n|\n|t:|1721326057\n|switch|p2a: Lycanroc|Lycanroc-Dusk, L80, M|251/251\n|-damage|p2a: Lycanroc|220/251|[from] Spikes\n|-status|p2a: Lycanroc|psn\n|turn|11\n|\n|t:|1721326072\n|move|p2a: Lycanroc|Stone Edge|p1a: Reuniclus\n|-damage|p1a: Reuniclus|59/337\n|-damage|p2a: Lycanroc|195/251 psn|[from] item: Life Orb\n|move|p1a: Reuniclus|Psyshock|p2a: Lycanroc\n|-damage|p2a: Lycanroc|0 fnt\n|faint|p2a: Lycanroc\n|\n|upkeep\n|\n|t:|1721326079\n|switch|p2a: Groudon|Groudon, L72|263/263\n|-damage|p2a: Groudon|231/263|[from] Spikes\n|-status|p2a: Groudon|psn\n|-weather|SunnyDay|[from] ability: Drought|[of] p2a: Groudon\n|turn|12\n|\n|t:|1721326088\n|move|p2a: Groudon|Precipice Blades|p1a: Reuniclus\n|-damage|p1a: Reuniclus|0 fnt\n|faint|p1a: Reuniclus\n|\n|-weather|SunnyDay|[upkeep]\n|-heal|p2a: Groudon|247/263 psn|[from] item: Leftovers\n|-damage|p2a: Groudon|215/263 psn|[from] psn\n|upkeep\n|\n|t:|1721326097\n|switch|p1a: Glimmora|Glimmora, L75, F|1/248\n|turn|13\n|\n|t:|1721326104\n|move|p1a: Glimmora|Earth Power|p2a: Groudon\n|-damage|p2a: Groudon|144/263 psn\n|move|p2a: Groudon|Heat Crash|p1a: Glimmora\n|-resisted|p1a: Glimmora\n|-damage|p1a: Glimmora|0 fnt\n|-activate|p1a: Glimmora|ability: Toxic Debris\n|-sidestart|p2: Qiuescent|move: Toxic Spikes\n|faint|p1a: Glimmora\n|\n|-weather|SunnyDay|[upkeep]\n|-heal|p2a: Groudon|160/263 psn|[from] item: Leftovers\n|-damage|p2a: Groudon|128/263 psn|[from] psn\n|upkeep\n|inactive|Micciu has 120 seconds left.\n|\n|t:|1721326160\n|switch|p1a: Ursaring|Ursaring, L84, M|168/288\n|turn|14\n|\n|t:|1721326163\n|move|p2a: Groudon|Swords Dance|p2a: Groudon\n|-boost|p2a: Groudon|atk|2\n|move|p1a: Ursaring|Rest|p1a: Ursaring\n|-status|p1a: Ursaring|slp|[from] move: Rest\n|-heal|p1a: Ursaring|288/288 slp|[silent]\n|\n|-weather|SunnyDay|[upkeep]\n|-heal|p2a: Groudon|144/263 psn|[from] item: Leftovers\n|-damage|p2a: Groudon|112/263 psn|[from] psn\n|upkeep\n|turn|15\n|\n|t:|1721326174\n|-terastallize|p2a: Groudon|Fire\n|move|p2a: Groudon|Heat Crash|p1a: Ursaring\n|-damage|p1a: Ursaring|0 fnt\n|faint|p1a: Ursaring\n|\n|-weather|SunnyDay|[upkeep]\n|-heal|p2a: Groudon|128/263 psn|[from] item: Leftovers\n|-damage|p2a: Groudon|96/263 psn|[from] psn\n|upkeep\n|\n|t:|1721326183\n|switch|p1a: Bellibolt|Bellibolt, L84, F|320/320\n|turn|16\n|\n|t:|1721326188\n|move|p2a: Groudon|Precipice Blades|p1a: Bellibolt\n|-supereffective|p1a: Bellibolt\n|-damage|p1a: Bellibolt|0 fnt\n|faint|p1a: Bellibolt\n|\n|-weather|none\n|-heal|p2a: Groudon|112/263 psn|[from] item: Leftovers\n|-damage|p2a: Groudon|80/263 psn|[from] psn\n|upkeep\n|\n|t:|1721326190\n|switch|p1a: Pincurchin|Pincurchin, L99, F|255/255\n|-fieldstart|move: Electric Terrain|[from] ability: Electric Surge|[of] p1a: Pincurchin\n|turn|17\n|\n|t:|1721326198\n|-terastallize|p1a: Pincurchin|Grass\n|move|p2a: Groudon|Heat Crash|p1a: Pincurchin\n|-supereffective|p1a: Pincurchin\n|-damage|p1a: Pincurchin|0 fnt\n|faint|p1a: Pincurchin\n|\n|win|Qiuescent\n|raw|Micciu's rating: 2283 &rarr; <strong>2259</strong><br />(-24 for losing)\n|raw|Qiuescent's rating: 2205 &rarr; <strong>2229</strong><br />(+24 for winning)\n", "inputlog": ">version b92a1fd3e3b98f2011b0160b7399266ebee5d224\n>start {\"formatid\":\"gen9randombattle\",\"seed\":[51900,17196,27905,32890],\"rated\":\"Rated battle\"}\n>player p1 {\"name\":\"Micciu\",\"avatar\":\"#pmpliidachsbuns\",\"rating\":2283,\"seed\":[34165,24026,41372,43775]}\n>player p2 {\"name\":\"Qiuescent\",\"avatar\":\"266\",\"rating\":2205,\"seed\":[47609,53381,42133,43786]}\n>p1 move spikes\n>p2 move earthquake\n>p1 switch 4\n>p2 move earthquake\n>p1 move protect\n>p2 move earthquake\n>p1 move bodypress\n>p2 move earthquake\n>p1 switch 6\n>p1 move bodyslam\n>p2 move earthquake\n>p1 move bodyslam\n>p2 move earthquake\n>p2 switch 2\n>p1 switch 2\n>p2 move bodypress\n>p1 move calmmind\n>p2 switch 3\n>p1 move psyshock\n>p2 move seedflare\n>p1 move psyshock\n>p2 move seedflare\n>p2 switch 6\n>p1 move psyshock\n>p2 move stoneedge\n>p2 switch 5\n>p1 move recover\n>p2 move precipiceblades\n>p1 switch 4\n>p1 move earthpower\n>p2 move heatcrash\n>p1 switch 2\n>p1 move rest\n>p2 move swordsdance\n>p1 move sleeptalk\n>p2 move heatcrash terastallize\n>p1 switch 3\n>p1 move thunderbolt\n>p2 move precipiceblades\n>p1 switch 5\n>p1 move liquidation terastallize\n>p2 move heatcrash", "uploadtime": 1721326202, "views": 154, "formatid": "gen9randombattle", "rating": 2229, "private": 0, "password": null}