{"id": "gen9randombattle-2260293407", "format": "[Gen 9] Random Battle", "players": ["Daigon Prime", "daddylonglegs85"], "log": "|j|\u2606Daigon Prime\n|j|\u203ddaddylonglegs85\n|t:|1733836224\n|gametype|singles\n|player|p1|Daigon Prime|lance|\n|player|p2|daddylonglegs85|roughneck-gen4|\n|teamsize|p1|6\n|teamsize|p2|6\n|gen|9\n|tier|[Gen 9] Random Battle\n|rule|Species Clause: Limit one of each Pok\u00e9mon\n|rule|HP Percentage Mod: HP is shown in percentages\n|rule|Sleep Clause Mod: Limit one foe put to sleep\n|rule|Illusion Level Mod: Illusion disguises the Pok\u00e9mon's true level\n|\n|t:|1733836224\n|start\n|switch|p1a: Ninetales|Ninetales, L85, F|263/263\n|switch|p2a: Milotic|Milotic, L83, M|293/293\n|-weather|SunnyDay|[from] ability: Drought|[of] p1a: Ninetales\n|turn|1\n|\n|t:|1733836237\n|move|p1a: Ninetales|Solar Beam||[still]\n|-prepare|p1a: Ninetales|Solar Beam\n|-anim|p1a: Ninetales|Solar Beam|p2a: Milotic\n|-supereffective|p2a: Milotic\n|-damage|p2a: Milotic|183/293\n|move|p2a: Milotic|Ice Beam|p1a: Ninetales\n|-resisted|p1a: Ninetales\n|-damage|p1a: Ninetales|237/263\n|\n|-weather|SunnyDay|[upkeep]\n|-heal|p2a: Milotic|201/293|[from] item: Leftovers\n|upkeep\n|turn|2\n|\n|t:|1733836266\n|move|p1a: Ninetales|Nasty Plot|p1a: Ninetales\n|-boost|p1a: Ninetales|spa|2\n|move|p2a: Milotic|Scald|p1a: Ninetales\n|-supereffective|p1a: Ninetales\n|-damage|p1a: Ninetales|159/263\n|\n|-weather|SunnyDay|[upkeep]\n|-heal|p2a: Milotic|219/293|[from] item: Leftovers\n|upkeep\n|turn|3\n|\n|t:|1733836276\n|move|p1a: Ninetales|Solar Beam||[still]\n|-prepare|p1a: Ninetales|Solar Beam\n|-anim|p1a: Ninetales|Solar Beam|p2a: Milotic\n|-supereffective|p2a: Milotic\n|-damage|p2a: Milotic|0 fnt\n|faint|p2a: Milotic\n|\n|-weather|SunnyDay|[upkeep]\n|upkeep\n|\n|t:|1733836284\n|switch|p2a: Uxie|Uxie, L83|260/260\n|turn|4\n|j| azure_idun\n|\n|t:|1733836289\n|move|p1a: Ninetales|Nasty Plot|p1a: Ninetales\n|-boost|p1a: Ninetales|spa|2\n|move|p2a: Uxie|Knock Off|p1a: Ninetales\n|-damage|p1a: Ninetales|100/263\n|-enditem|p1a: Ninetales|Heavy-Duty Boots|[from] move: Knock Off|[of] p2a: Uxie\n|\n|-weather|SunnyDay|[upkeep]\n|upkeep\n|turn|5\n|\n|t:|1733836306\n|move|p1a: Ninetales|Scorching Sands|p2a: Uxie\n|-immune|p2a: Uxie|[from] ability: Levitate\n|move|p2a: Uxie|Psychic Noise|p1a: Ninetales\n|-damage|p1a: Ninetales|45/263\n|-start|p1a: Ninetales|move: Heal Block\n|\n|-weather|none\n|upkeep\n|turn|6\n|\n|t:|1733836321\n|move|p1a: Ninetales|Fire Blast|p2a: Uxie|[miss]\n|-miss|p1a: Ninetales|p2a: Uxie\n|move|p2a: Uxie|Psychic Noise|p1a: Ninetales\n|-damage|p1a: Ninetales|0 fnt\n|faint|p1a: Ninetales\n|\n|upkeep\n|inactive|Battle timer is ON: inactive players will automatically lose when time's up. (requested by daddylonglegs85)\n|\n|t:|1733836340\n|switch|p1a: Uxie|Uxie, L83|260/260\n|turn|7\n|\n|t:|1733836365\n|switch|p2a: Skuntank|Skuntank, L84, F|310/310\n|move|p1a: Uxie|Thunder Wave|p2a: Skuntank\n|-status|p2a: Skuntank|par\n|\n|upkeep\n|turn|8\n|\n|t:|1733836381\n|cant|p2a: Skuntank|par\n|move|p1a: Uxie|Knock Off|p2a: Skuntank\n|-resisted|p2a: Skuntank\n|-damage|p2a: Skuntank|274/310 par\n|-enditem|p2a: Skuntank|Life Orb|[from] move: Knock Off|[of] p1a: Uxie\n|\n|upkeep\n|turn|9\n|\n|t:|1733836392\n|switch|p1a: Dodrio|Dodrio, L86, M|243/243\n|move|p2a: Skuntank|Sucker Punch||[still]\n|-fail|p2a: Skuntank\n|\n|upkeep\n|turn|10\n|\n|t:|1733836400\n|move|p1a: Dodrio|Drill Run|p2a: Skuntank\n|-supereffective|p2a: Skuntank\n|-damage|p2a: Skuntank|114/310 par\n|cant|p2a: Skuntank|par\n|\n|upkeep\n|turn|11\n|\n|t:|1733836409\n|switch|p2a: Uxie|Uxie, L83|260/260\n|move|p1a: Dodrio|Swords Dance|p1a: Dodrio\n|-boost|p1a: Dodrio|atk|2\n|\n|upkeep\n|turn|12\n|\n|t:|1733836417\n|move|p1a: Dodrio|Swords Dance|p1a: Dodrio\n|-boost|p1a: Dodrio|atk|2\n|move|p2a: Uxie|Knock Off|p1a: Dodrio\n|-damage|p1a: Dodrio|173/243\n|-enditem|p1a: Dodrio|Heavy-Duty Boots|[from] move: Knock Off|[of] p2a: Uxie\n|\n|upkeep\n|turn|13\n|\n|t:|1733836426\n|move|p1a: Dodrio|Swords Dance|p1a: Dodrio\n|-boost|p1a: Dodrio|atk|2\n|move|p2a: Uxie|Psychic Noise|p1a: Dodrio\n|-damage|p1a: Dodrio|83/243\n|-start|p1a: Dodrio|move: Heal Block\n|\n|upkeep\n|turn|14\n|\n|t:|1733836439\n|move|p1a: Dodrio|Drill Run|p2a: Uxie\n|-immune|p2a: Uxie|[from] ability: Levitate\n|move|p2a: Uxie|Yawn|p1a: Dodrio\n|-start|p1a: Dodrio|move: Yawn|[of] p2a: Uxie\n|\n|-end|p1a: Dodrio|move: Heal Block\n|upkeep\n|turn|15\n|\n|t:|1733836449\n|move|p1a: Dodrio|Double-Edge|p2a: Uxie\n|-damage|p2a: Uxie|0 fnt\n|faint|p2a: Uxie\n|-damage|p1a: Dodrio|0 fnt|[from] Recoil\n|faint|p1a: Dodrio\n|\n|upkeep\n|\n|t:|1733836471\n|switch|p1a: Uxie|Uxie, L83|260/260\n|switch|p2a: Skuntank|Skuntank, L84, F|114/310 par\n|turn|16\n|\n|t:|1733836477\n|move|p1a: Uxie|Knock Off|p2a: Skuntank\n|-resisted|p2a: Skuntank\n|-damage|p2a: Skuntank|90/310 par\n|cant|p2a: Skuntank|par\n|\n|upkeep\n|turn|17\n|\n|t:|1733836486\n|switch|p1a: Slaking|Slaking, L84, F|389/389\n|move|p2a: Skuntank|Gunk Shot|p1a: Slaking\n|-damage|p1a: Slaking|280/389\n|\n|upkeep\n|turn|18\n|\n|t:|1733836497\n|move|p1a: Slaking|Earthquake|p2a: Skuntank\n|-supereffective|p2a: Skuntank\n|-damage|p2a: Skuntank|0 fnt\n|faint|p2a: Skuntank\n|\n|upkeep\n|\n|t:|1733836503\n|switch|p2a: Leavanny|Leavanny, L86, F|269/269\n|turn|19\n|\n|t:|1733836528\n|cant|p1a: Slaking|ability: Truant\n|move|p2a: Leavanny|Lunge|p1a: Slaking\n|-damage|p1a: Slaking|193/389\n|-unboost|p1a: Slaking|atk|1\n|\n|upkeep\n|turn|20\n|\n|t:|1733836540\n|switch|p1a: Braviary|Braviary-Hisui, L85, M|326/326\n|move|p2a: Leavanny|Sticky Web|p1a: Braviary\n|-sidestart|p1: Daigon Prime|move: Sticky Web\n|\n|upkeep\n|turn|21\n|\n|t:|1733836550\n|move|p2a: Leavanny|Knock Off|p1a: Braviary\n|-supereffective|p1a: Braviary\n|-damage|p1a: Braviary|136/326\n|-enditem|p1a: Braviary|Life Orb|[from] move: Knock Off|[of] p2a: Leavanny\n|move|p1a: Braviary|Agility|p1a: Braviary\n|-boost|p1a: Braviary|spe|2\n|\n|upkeep\n|turn|22\n|\n|t:|1733836558\n|move|p1a: Braviary|Hurricane|p2a: Leavanny|[miss]\n|-miss|p1a: Braviary|p2a: Leavanny\n|move|p2a: Leavanny|Knock Off|p1a: Braviary\n|-supereffective|p1a: Braviary\n|-damage|p1a: Braviary|28/326\n|\n|upkeep\n|turn|23\n|\n|t:|1733836566\n|move|p1a: Braviary|Hurricane|p2a: Leavanny\n|-supereffective|p2a: Leavanny\n|-damage|p2a: Leavanny|0 fnt\n|faint|p2a: Leavanny\n|\n|upkeep\n|\n|t:|1733836572\n|switch|p2a: Mimikyu|Mimikyu, L79, M|216/216\n|turn|24\n|\n|t:|1733836583\n|move|p2a: Mimikyu|Shadow Sneak|p1a: Braviary\n|-supereffective|p1a: Braviary\n|-damage|p1a: Braviary|0 fnt\n|faint|p1a: Braviary\n|-damage|p2a: Mimikyu|195/216|[from] item: Life Orb\n|\n|upkeep\n|\n|t:|1733836586\n|switch|p1a: Slaking|Slaking, L84, F|193/389\n|-activate|p1a: Slaking|move: Sticky Web\n|-unboost|p1a: Slaking|spe|1\n|turn|25\n|\n|t:|1733836607\n|move|p2a: Mimikyu|Shadow Sneak|p1a: Slaking\n|-immune|p1a: Slaking\n|move|p1a: Slaking|Earthquake|p2a: Mimikyu\n|-activate|p2a: Mimikyu|ability: Disguise\n|-damage|p2a: Mimikyu|195/216\n|detailschange|p2a: Mimikyu|Mimikyu-Busted, L79, M\n|-damage|p2a: Mimikyu|168/216|[from] pokemon: Mimikyu-Busted\n|\n|upkeep\n|turn|26\n|inactive|daddylonglegs85 has 270 seconds left.\n|inactive|daddylonglegs85 has 240 seconds left.\n|\n|t:|1733836670\n|move|p2a: Mimikyu|Swords Dance|p2a: Mimikyu\n|-boost|p2a: Mimikyu|atk|2\n|cant|p1a: Slaking|ability: Truant\n|\n|upkeep\n|turn|27\n|\n|t:|1733836684\n|move|p2a: Mimikyu|Play Rough|p1a: Slaking\n|-damage|p1a: Slaking|6/389\n|-damage|p2a: Mimikyu|147/216|[from] item: Life Orb\n|move|p1a: Slaking|Earthquake|p2a: Mimikyu\n|-damage|p2a: Mimikyu|0 fnt\n|faint|p2a: Mimikyu\n|\n|upkeep\n|\n|t:|1733836696\n|switch|p2a: Tropius|Tropius, L91, F|328/328\n|turn|28\n|\n|t:|1733836705\n|move|p2a: Tropius|Leech Seed|p1a: Slaking\n|-start|p1a: Slaking|move: Leech Seed\n|cant|p1a: Slaking|ability: Truant\n|\n|-damage|p1a: Slaking|0 fnt|[from] Leech Seed|[of] p2a: Tropius\n|faint|p1a: Slaking\n|upkeep\n|\n|t:|1733836708\n|switch|p1a: Uxie|Uxie, L83|260/260\n|turn|29\n|inactive|daddylonglegs85 has 240 seconds left.\n|\n|t:|1733836721\n|move|p1a: Uxie|Thunder Wave|p2a: Tropius\n|-status|p2a: Tropius|par\n|move|p2a: Tropius|Air Slash|p1a: Uxie\n|-damage|p1a: Uxie|200/260\n|\n|-heal|p1a: Uxie|216/260|[from] item: Leftovers\n|upkeep\n|turn|30\n|inactive|daddylonglegs85 has 240 seconds left.\n|\n|t:|1733836738\n|move|p1a: Uxie|Knock Off|p2a: Tropius\n|-damage|p2a: Tropius|275/328 par\n|-enditem|p2a: Tropius|Sitrus Berry|[from] move: Knock Off|[of] p1a: Uxie\n|move|p2a: Tropius|Air Slash|p1a: Uxie\n|-damage|p1a: Uxie|161/260\n|\n|-heal|p1a: Uxie|177/260|[from] item: Leftovers\n|upkeep\n|turn|31\n|\n|t:|1733836749\n|move|p1a: Uxie|Psychic Noise|p2a: Tropius\n|-damage|p2a: Tropius|214/328 par\n|-start|p2a: Tropius|move: Heal Block\n|cant|p2a: Tropius|par\n|\n|-heal|p1a: Uxie|193/260|[from] item: Leftovers\n|upkeep\n|turn|32\n|\n|t:|1733836759\n|switch|p1a: Bellossom|Bellossom, L84, F|263/263\n|-activate|p1a: Bellossom|move: Sticky Web\n|-unboost|p1a: Bellossom|spe|1\n|move|p2a: Tropius|Leech Seed|p1a: Bellossom\n|-immune|p1a: Bellossom\n|\n|-end|p2a: Tropius|move: Heal Block\n|upkeep\n|turn|33\n|\n|t:|1733836771\n|-terastallize|p1a: Bellossom|Rock\n|move|p1a: Bellossom|Quiver Dance|p1a: Bellossom\n|-boost|p1a: Bellossom|spa|1\n|-boost|p1a: Bellossom|spd|1\n|-boost|p1a: Bellossom|spe|1\n|cant|p2a: Tropius|par\n|\n|upkeep\n|turn|34\n|inactive|daddylonglegs85 has 210 seconds left.\n|l|\u203ddaddylonglegs85\n|inactive|daddylonglegs85 disconnected and has 300 seconds to reconnect!\n|player|p2|\n|inactive|daddylonglegs85 has 270 seconds to reconnect!\n|inactive|daddylonglegs85 has 240 seconds to reconnect!\n|l| azure_idun\n|inactive|daddylonglegs85 has 210 seconds to reconnect!\n|l|\u2606Daigon Prime\n|inactive|Daigon Prime disconnected and has 300 seconds to reconnect!\n|player|p1|\n|inactive|daddylonglegs85 has 180 seconds to reconnect!\n|inactive|daddylonglegs85 has 150 seconds to reconnect!\n|j|\u2606Daigon Prime\n|inactive|Daigon Prime reconnected.\n|player|p1|Daigon Prime|lance|\n|inactive|daddylonglegs85 has 120 seconds to reconnect!\n|inactive|daddylonglegs85 has 90 seconds to reconnect!\n|inactive|daddylonglegs85 has 60 seconds to reconnect!\n|inactive|daddylonglegs85 has 30 seconds to reconnect!\n|inactive|daddylonglegs85 has 20 seconds to reconnect!\n|inactive|daddylonglegs85 has 15 seconds to reconnect!\n|inactive|daddylonglegs85 has 10 seconds to reconnect!\n|inactive|daddylonglegs85 has 5 seconds to reconnect!\n|-message|daddylonglegs85 lost due to inactivity.\n|\n|win|Daigon Prime\n|l|\u2606Daigon Prime\n|player|p1|\n|j|\u2606Daigon Prime\n|player|p1|Daigon Prime|lance|\n", "inputlog": ">version bfd83cad13791eb5a5a409923076391caf6fb4d4\n>start {\"formatid\":\"gen9randombattle\",\"seed\":[42984,28527,17137,32060]}\n>player p1 {\"name\":\"Daigon Prime\",\"avatar\":\"lance\",\"rating\":0,\"seed\":[28984,39135,20818,36912]}\n>player p2 {\"name\":\"daddylonglegs85\",\"avatar\":\"roughneck-gen4\",\"rating\":0,\"seed\":[6121,815,3663,52813]}\n>p1 move solarbeam\n>p2 move icebeam\n>p1 move nastyplot\n>p2 move scald\n>p1 move solarbeam\n>p2 move scald\n>p2 switch 2\n>p1 move nastyplot\n>p2 move knockoff\n>p1 move scorchingsands\n>p2 move psychicnoise\n>p1 move fireblast\n>p2 move psychicnoise\n>p1 switch 6\n>p1 move thunderwave\n>p2 switch 3\n>p1 move knockoff\n>p2 move suckerpunch\n>p1 switch 3\n>p2 move suckerpunch\n>p1 move drillrun\n>p2 move gunkshot\n>p1 move swordsdance\n>p2 switch 3\n>p1 move swordsdance\n>p2 move knockoff\n>p1 move swordsdance\n>p2 move psychicnoise\n>p1 move drillrun\n>p2 move yawn\n>p1 move doubleedge\n>p2 move psychicnoise\n>p1 switch 3\n>p2 switch 3\n>p1 move knockoff\n>p2 move gunkshot\n>p1 switch 5\n>p2 move gunkshot\n>p1 move earthquake\n>p2 move taunt\n>p2 switch 4\n>p1 move earthquake\n>p2 move lunge\n>p1 switch 2\n>p2 move stickyweb\n>p1 move agility\n>p2 move knockoff\n>p1 move hurricane\n>p2 move knockoff\n>p1 move hurricane\n>p2 move knockoff\n>p2 switch 5\n>p1 move heatwave\n>p2 move shadowsneak\n>p1 switch 2\n>p1 move earthquake\n>p2 move shadowsneak\n>p1 move earthquake\n>p2 move swordsdance\n>p1 move earthquake\n>p2 move playrough\n>p2 switch 6\n>p1 move earthquake\n>p2 move leechseed\n>p1 switch 5\n>p1 move thunderwave\n>p2 move airslash\n>p1 move knockoff\n>p2 move airslash\n>p1 move psychicnoise\n>p2 move leechseed\n>p1 switch 4\n>p2 move leechseed\n>p1 move quiverdance terastallize\n>p2 move airslash\n>forcelose p2", "uploadtime": 1733837147, "views": 2, "formatid": "gen9randombattle", "rating": null, "private": 0, "password": null}