{"id": "gen9randombattle-2163490802", "format": "[Gen 9] Random Battle", "players": ["mfssonsofbitches", "OwenScizor"], "log": "|j|\u2606mfssonsofbitches\n|j|\u2606OwenScizor\n|t:|1721357544\n|gametype|singles\n|player|p1|mfssonsofbitches|266|2260\n|player|p2|OwenScizor|acetrainer-gen4dp|2257\n|teamsize|p1|6\n|teamsize|p2|6\n|gen|9\n|tier|[Gen 9] Random Battle\n|rated|\n|rule|Species Clause: Limit one of each Pok\u00e9mon\n|rule|HP Percentage Mod: HP is shown in percentages\n|rule|Sleep Clause Mod: Limit one foe put to sleep\n|rule|Illusion Level Mod: Illusion disguises the Pok\u00e9mon's true level\n|\n|t:|1721357544\n|start\n|switch|p1a: Staraptor|Staraptor, L79, F|263/263\n|switch|p2a: Tatsugiri|Tatsugiri, L86, F|257/257\n|turn|1\n|\n|t:|1721357557\n|switch|p2a: Dialga|Dialga, L73|266/266\n|-ability|p2a: Dialga|Pressure\n|move|p1a: Staraptor|Brave Bird|p2a: Dialga\n|-resisted|p2a: Dialga\n|-damage|p2a: Dialga|158/266\n|-damage|p1a: Staraptor|227/263|[from] Recoil\n|\n|upkeep\n|turn|2\n|\n|t:|1721357583\n|move|p1a: Staraptor|Brave Bird|p2a: Dialga\n|-resisted|p2a: Dialga\n|-damage|p2a: Dialga|59/266\n|-damage|p1a: Staraptor|194/263|[from] Recoil\n|move|p2a: Dialga|Heavy Slam|p1a: Staraptor\n|-damage|p1a: Staraptor|56/263\n|\n|upkeep\n|turn|3\n|\n|t:|1721357603\n|move|p1a: Staraptor|Brave Bird|p2a: Dialga\n|-resisted|p2a: Dialga\n|-damage|p2a: Dialga|0 fnt\n|faint|p2a: Dialga\n|-damage|p1a: Staraptor|37/263|[from] Recoil\n|\n|upkeep\n|\n|t:|1721357609\n|switch|p2a: Houndoom|Houndoom, L86, M|269/269\n|turn|4\n|\n|t:|1721357627\n|switch|p1a: Grumpig|Grumpig, L92, M|297/297\n|move|p2a: Houndoom|Sludge Bomb|p1a: Grumpig\n|-damage|p1a: Grumpig|243/297\n|\n|-heal|p1a: Grumpig|261/297|[from] item: Leftovers\n|upkeep\n|turn|5\n|\n|t:|1721357632\n|switch|p1a: Lilligant|Lilligant-Hisui, L80, F|243/243\n|move|p2a: Houndoom|Dark Pulse|p1a: Lilligant\n|-resisted|p1a: Lilligant\n|-damage|p1a: Lilligant|190/243\n|\n|upkeep\n|turn|6\n|\n|t:|1721357638\n|switch|p2a: Yanmega|Yanmega, L82, M|275/275\n|move|p1a: Lilligant|Close Combat|p2a: Yanmega\n|-resisted|p2a: Yanmega\n|-damage|p2a: Yanmega|209/275\n|-unboost|p1a: Lilligant|def|1\n|-unboost|p1a: Lilligant|spd|1\n|-damage|p1a: Lilligant|166/243|[from] item: Life Orb\n|\n|upkeep\n|turn|7\n|\n|t:|1721357644\n|move|p2a: Yanmega|Protect|p2a: Yanmega\n|-singleturn|p2a: Yanmega|Protect\n|move|p1a: Lilligant|Sleep Powder|p2a: Yanmega\n|-activate|p2a: Yanmega|move: Protect\n|\n|-ability|p2a: Yanmega|Speed Boost|boost\n|-boost|p2a: Yanmega|spe|1\n|upkeep\n|turn|8\n|\n|t:|1721357655\n|switch|p1a: Archaludon|Archaludon, L78, F|268/268\n|move|p2a: Yanmega|Air Slash|p1a: Archaludon\n|-resisted|p1a: Archaludon\n|-damage|p1a: Archaludon|229/268\n|-ability|p1a: Archaludon|Stamina|boost\n|-boost|p1a: Archaludon|def|1\n|\n|-ability|p2a: Yanmega|Speed Boost|boost\n|-boost|p2a: Yanmega|spe|1\n|upkeep\n|turn|9\n|\n|t:|1721357660\n|-terastallize|p2a: Yanmega|Ground\n|move|p2a: Yanmega|Tera Blast|p1a: Archaludon|[anim] Tera Blast Ground\n|-supereffective|p1a: Archaludon\n|-damage|p1a: Archaludon|73/268\n|-ability|p1a: Archaludon|Stamina|boost\n|-boost|p1a: Archaludon|def|1\n|move|p1a: Archaludon|Draco Meteor|p2a: Yanmega\n|-damage|p2a: Yanmega|1/275\n|-unboost|p1a: Archaludon|spa|2\n|\n|-ability|p2a: Yanmega|Speed Boost|boost\n|-boost|p2a: Yanmega|spe|1\n|upkeep\n|turn|10\n|\n|t:|1721357670\n|switch|p1a: Staraptor|Staraptor, L79, F|37/263\n|move|p2a: Yanmega|Tera Blast|p1a: Staraptor|[anim] Tera Blast Ground\n|-immune|p1a: Staraptor\n|\n|-ability|p2a: Yanmega|Speed Boost|boost\n|-boost|p2a: Yanmega|spe|1\n|upkeep\n|turn|11\n|\n|t:|1721357673\n|move|p2a: Yanmega|Protect|p2a: Yanmega\n|-singleturn|p2a: Yanmega|Protect\n|move|p1a: Staraptor|Quick Attack|p2a: Yanmega\n|-activate|p2a: Yanmega|move: Protect\n|\n|-ability|p2a: Yanmega|Speed Boost|boost\n|-boost|p2a: Yanmega|spe|1\n|upkeep\n|turn|12\n|\n|t:|1721357680\n|switch|p2a: Medicham|Medicham, L86, M|243/243\n|move|p1a: Staraptor|Quick Attack|p2a: Medicham\n|-damage|p2a: Medicham|165/243\n|\n|upkeep\n|turn|13\n|\n|t:|1721357691\n|switch|p1a: Archaludon|Archaludon, L78, F|73/268\n|move|p2a: Medicham|Close Combat|p1a: Archaludon\n|-supereffective|p1a: Archaludon\n|-damage|p1a: Archaludon|0 fnt\n|-unboost|p2a: Medicham|def|1\n|-unboost|p2a: Medicham|spd|1\n|faint|p1a: Archaludon\n|\n|upkeep\n|\n|t:|1721357716\n|switch|p1a: Gallade|Gallade, L82, M|246/246\n|turn|14\n|\n|t:|1721357720\n|switch|p2a: Tatsugiri|Tatsugiri, L86, F|257/257\n|move|p1a: Gallade|Agility|p1a: Gallade\n|-boost|p1a: Gallade|spe|2\n|\n|upkeep\n|turn|15\n|\n|t:|1721357726\n|move|p1a: Gallade|Sacred Sword|p2a: Tatsugiri\n|-damage|p2a: Tatsugiri|0 fnt\n|faint|p2a: Tatsugiri\n|-damage|p1a: Gallade|222/246|[from] item: Life Orb\n|\n|upkeep\n|\n|t:|1721357733\n|switch|p2a: Delphox|Delphox, L84, F|263/263\n|turn|16\n|\n|t:|1721357737\n|move|p1a: Gallade|Night Slash|p2a: Delphox\n|-supereffective|p2a: Delphox\n|-damage|p2a: Delphox|11/263\n|-damage|p1a: Gallade|198/246|[from] item: Life Orb\n|move|p2a: Delphox|Psyshock|p1a: Gallade\n|-damage|p1a: Gallade|17/246\n|\n|upkeep\n|turn|17\n|\n|t:|1721357744\n|move|p1a: Gallade|Psycho Cut|p2a: Delphox\n|-resisted|p2a: Delphox\n|-crit|p2a: Delphox\n|-damage|p2a: Delphox|0 fnt\n|faint|p2a: Delphox\n|-damage|p1a: Gallade|0 fnt|[from] item: Life Orb\n|faint|p1a: Gallade\n|\n|upkeep\n|\n|t:|1721357755\n|switch|p2a: Medicham|Medicham, L86, M|165/243\n|switch|p1a: Staraptor|Staraptor, L79, F|37/263\n|turn|18\n|\n|t:|1721357761\n|switch|p1a: Dipplin|Dipplin, L88, M|284/284\n|move|p2a: Medicham|Close Combat|p1a: Dipplin\n|-damage|p1a: Dipplin|175/284\n|-unboost|p2a: Medicham|def|1\n|-unboost|p2a: Medicham|spd|1\n|\n|upkeep\n|turn|19\n|\n|t:|1721357771\n|switch|p2a: Houndoom|Houndoom, L86, M|269/269\n|move|p1a: Dipplin|Recover|p1a: Dipplin\n|-heal|p1a: Dipplin|284/284\n|\n|upkeep\n|turn|20\n|\n|t:|1721357776\n|move|p2a: Houndoom|Sludge Bomb|p1a: Dipplin\n|-supereffective|p1a: Dipplin\n|-damage|p1a: Dipplin|190/284\n|-status|p1a: Dipplin|psn\n|move|p1a: Dipplin|Dragon Pulse|p2a: Houndoom\n|-damage|p2a: Houndoom|167/269\n|\n|-damage|p1a: Dipplin|155/284 psn|[from] psn\n|upkeep\n|turn|21\n|\n|t:|1721357781\n|move|p2a: Houndoom|Nasty Plot|p2a: Houndoom\n|-boost|p2a: Houndoom|spa|2\n|move|p1a: Dipplin|Recover|p1a: Dipplin\n|-heal|p1a: Dipplin|284/284 psn\n|\n|-damage|p1a: Dipplin|249/284 psn|[from] psn\n|upkeep\n|turn|22\n|\n|t:|1721357785\n|move|p2a: Houndoom|Sludge Bomb|p1a: Dipplin\n|-supereffective|p1a: Dipplin\n|-damage|p1a: Dipplin|45/284 psn\n|move|p1a: Dipplin|Dragon Pulse|p2a: Houndoom\n|-damage|p2a: Houndoom|71/269\n|\n|-damage|p1a: Dipplin|10/284 psn|[from] psn\n|upkeep\n|turn|23\n|\n|t:|1721357789\n|move|p1a: Dipplin|Sucker Punch|p2a: Houndoom\n|-resisted|p2a: Houndoom\n|-damage|p2a: Houndoom|38/269\n|move|p2a: Houndoom|Dark Pulse|p1a: Dipplin\n|-damage|p1a: Dipplin|0 fnt\n|faint|p1a: Dipplin\n|\n|upkeep\n|\n|t:|1721357796\n|switch|p1a: Staraptor|Staraptor, L79, F|37/263\n|turn|24\n|\n|t:|1721357798\n|move|p1a: Staraptor|Quick Attack|p2a: Houndoom\n|-damage|p2a: Houndoom|0 fnt\n|faint|p2a: Houndoom\n|\n|upkeep\n|\n|t:|1721357801\n|switch|p2a: Medicham|Medicham, L86, M|165/243\n|turn|25\n|\n|t:|1721357806\n|switch|p1a: Grumpig|Grumpig, L92, M|261/297\n|move|p2a: Medicham|Poison Jab|p1a: Grumpig\n|-damage|p1a: Grumpig|174/297\n|\n|-heal|p1a: Grumpig|192/297|[from] item: Leftovers\n|upkeep\n|turn|26\n|\n|t:|1721357819\n|move|p2a: Medicham|Poison Jab|p1a: Grumpig\n|-damage|p1a: Grumpig|91/297\n|move|p1a: Grumpig|Dazzling Gleam|p2a: Medicham\n|-supereffective|p2a: Medicham\n|-damage|p2a: Medicham|21/243\n|\n|-heal|p1a: Grumpig|109/297|[from] item: Leftovers\n|upkeep\n|turn|27\n|\n|t:|1721357823\n|move|p2a: Medicham|Poison Jab|p1a: Grumpig\n|-damage|p1a: Grumpig|16/297\n|move|p1a: Grumpig|Dazzling Gleam|p2a: Medicham\n|-supereffective|p2a: Medicham\n|-damage|p2a: Medicham|0 fnt\n|faint|p2a: Medicham\n|\n|-heal|p1a: Grumpig|34/297|[from] item: Leftovers\n|upkeep\n|\n|t:|1721357825\n|switch|p2a: Yanmega|Yanmega, L82, M, tera:Ground|1/275\n|turn|28\n|c|\u2606mfssonsofbitches|gg\n|\n|t:|1721357830\n|move|p2a: Yanmega|Bug Buzz|p1a: Grumpig\n|-supereffective|p1a: Grumpig\n|-damage|p1a: Grumpig|0 fnt\n|faint|p1a: Grumpig\n|\n|-ability|p2a: Yanmega|Speed Boost|boost\n|-boost|p2a: Yanmega|spe|1\n|upkeep\n|\n|t:|1721357834\n|switch|p1a: Staraptor|Staraptor, L79, F|37/263\n|turn|29\n|\n|t:|1721357837\n|move|p1a: Staraptor|Quick Attack|p2a: Yanmega\n|-damage|p2a: Yanmega|0 fnt\n|faint|p2a: Yanmega\n|\n|win|mfssonsofbitches\n|raw|mfssonsofbitches's rating: 2260 &rarr; <strong>2280</strong><br />(+20 for winning)\n|raw|OwenScizor's rating: 2257 &rarr; <strong>2237</strong><br />(-20 for losing)\n|l|\u2606OwenScizor\n|player|p2|\n", "inputlog": ">version b92a1fd3e3b98f2011b0160b7399266ebee5d224\n>start {\"formatid\":\"gen9randombattle\",\"seed\":[40608,12437,6386,28163],\"rated\":\"Rated battle\"}\n>player p1 {\"name\":\"mfssonsofbitches\",\"avatar\":\"266\",\"rating\":2260,\"seed\":[28816,45110,6941,43332]}\n>player p2 {\"name\":\"OwenScizor\",\"avatar\":\"acetrainer-gen4dp\",\"rating\":2257,\"seed\":[6943,40639,25103,6]}\n>p1 move bravebird\n>p2 switch 4\n>p1 move bravebird\n>p2 move heavyslam\n>p1 move bravebird\n>p2 move dracometeor\n>p2 switch 2\n>p1 switch 5\n>p2 move sludgebomb\n>p1 switch 4\n>p2 move darkpulse\n>p1 move closecombat\n>p2 switch 5\n>p1 move sleeppowder\n>p2 move protect\n>p1 switch 6\n>p2 move airslash\n>p1 move dracometeor\n>p2 move terablast terastallize\n>p1 switch 5\n>p2 move terablast\n>p1 move quickattack\n>p2 move protect\n>p1 move quickattack\n>p2 switch 6\n>p1 switch 5\n>p2 move closecombat\n>p1 switch 2\n>p1 move agility\n>p2 switch 4\n>p1 move sacredsword\n>p2 move hydropump\n>p2 switch 3\n>p1 move nightslash\n>p2 move psyshock\n>p1 move psychocut\n>p2 move psyshock\n>p1 switch 5\n>p2 switch 4\n>p1 switch 3\n>p2 move closecombat\n>p1 move recover\n>p2 switch 5\n>p1 move dragonpulse\n>p2 move sludgebomb\n>p1 move recover\n>p2 move nastyplot\n>p1 move dragonpulse\n>p2 move sludgebomb\n>p1 move suckerpunch\n>p2 move darkpulse\n>p1 switch 3\n>p1 move quickattack\n>p2 move darkpulse\n>p2 switch 5\n>p1 switch 4\n>p2 move poisonjab\n>p1 move dazzlinggleam\n>p2 move poisonjab\n>p1 move dazzlinggleam\n>p2 move poisonjab\n>p2 switch 6\n>chat \u2606mfssonsofbitches|gg\n>p1 move dazzlinggleam\n>p2 move bugbuzz\n>p1 switch 4\n>p1 move quickattack\n>p2 move bugbuzz", "uploadtime": 1721357839, "views": 157, "formatid": "gen9randombattle", "rating": 2237, "private": 0, "password": null}