{"id": "gen9randombattle-2153943064", "format": "[Gen 9] Random Battle", "players": ["kingyascah", "nqhuii"], "log": "|j|\u2606kingyascah\n|j|\u2606nqhuii\n|t:|1719941384\n|gametype|singles\n|player|p1|kingyascah|carmine-festival|2278\n|player|p2|nqhuii|miku-psychic|2249\n|teamsize|p1|6\n|teamsize|p2|6\n|gen|9\n|tier|[Gen 9] Random Battle\n|rated|\n|rule|Species Clause: Limit one of each Pok\u00e9mon\n|rule|HP Percentage Mod: HP is shown in percentages\n|rule|Sleep Clause Mod: Limit one foe put to sleep\n|rule|Illusion Level Mod: Illusion disguises the Pok\u00e9mon's true level\n|\n|t:|1719941384\n|start\n|switch|p1a: Kleavor|Kleavor, L78, M|237/237\n|switch|p2a: Tornadus|Tornadus-Therian, L79, M|254/254\n|turn|1\n|inactive|Battle timer is ON: inactive players will automatically lose when time's up. (requested by nqhuii)\n|\n|t:|1719941412\n|switch|p2a: Regigigas|Regigigas, L84|322/322\n|-start|p2a: Regigigas|ability: Slow Start\n|move|p1a: Kleavor|Stone Axe|p2a: Regigigas\n|-damage|p2a: Regigigas|216/322\n|-sidestart|p2: nqhuii|move: Stealth Rock\n|\n|-heal|p2a: Regigigas|236/322|[from] item: Leftovers\n|upkeep\n|turn|2\n|\n|t:|1719941429\n|move|p1a: Kleavor|X-Scissor|p2a: Regigigas\n|-damage|p2a: Regigigas|107/322\n|move|p2a: Regigigas|Knock Off|p1a: Kleavor\n|-damage|p1a: Kleavor|189/237\n|-enditem|p1a: Kleavor|Heavy-Duty Boots|[from] move: Knock Off|[of] p2a: Regigigas\n|\n|-heal|p2a: Regigigas|127/322|[from] item: Leftovers\n|upkeep\n|turn|3\n|\n|t:|1719941439\n|move|p1a: Kleavor|X-Scissor|p2a: Regigigas\n|-damage|p2a: Regigigas|0 fnt\n|faint|p2a: Regigigas\n|-end|p2a: Regigigas|Slow Start|[silent]\n|\n|upkeep\n|inactive|nqhuii has 120 seconds left.\n|\n|t:|1719941464\n|switch|p2a: Ampharos|Ampharos, L88, M|302/302\n|-damage|p2a: Ampharos|265/302|[from] Stealth Rock\n|turn|4\n|\n|t:|1719941469\n|move|p1a: Kleavor|X-Scissor|p2a: Ampharos\n|-damage|p2a: Ampharos|111/302\n|move|p2a: Ampharos|Agility|p2a: Ampharos\n|-boost|p2a: Ampharos|spe|2\n|\n|upkeep\n|turn|5\n|\n|t:|1719941475\n|switch|p1a: Hippowdon|Hippowdon, L82, F|311/311\n|-weather|Sandstorm|[from] ability: Sand Stream|[of] p1a: Hippowdon\n|move|p2a: Ampharos|Thunderbolt|p1a: Hippowdon\n|-immune|p1a: Hippowdon\n|\n|-weather|Sandstorm|[upkeep]\n|-damage|p2a: Ampharos|93/302|[from] Sandstorm\n|upkeep\n|turn|6\n|\n|t:|1719941484\n|switch|p2a: Arboliva|Arboliva, L91, M|290/290\n|-damage|p2a: Arboliva|254/290|[from] Stealth Rock\n|move|p1a: Hippowdon|Earthquake|p2a: Arboliva\n|-resisted|p2a: Arboliva\n|-damage|p2a: Arboliva|203/290\n|-fieldstart|move: Grassy Terrain|[from] ability: Seed Sower|[of] p2a: Arboliva\n|\n|-weather|Sandstorm|[upkeep]\n|-damage|p2a: Arboliva|185/290|[from] Sandstorm\n|-heal|p2a: Arboliva|203/290|[from] Grassy Terrain\n|-heal|p2a: Arboliva|221/290|[from] item: Leftovers\n|upkeep\n|turn|7\n|\n|t:|1719941496\n|switch|p1a: Kleavor|Kleavor, L78, M|189/237\n|move|p2a: Arboliva|Energy Ball|p1a: Kleavor\n|-damage|p1a: Kleavor|26/237\n|-unboost|p1a: Kleavor|spd|1\n|\n|-weather|Sandstorm|[upkeep]\n|-damage|p2a: Arboliva|203/290|[from] Sandstorm\n|-heal|p1a: Kleavor|40/237|[from] Grassy Terrain\n|-heal|p2a: Arboliva|221/290|[from] Grassy Terrain\n|-heal|p2a: Arboliva|239/290|[from] item: Leftovers\n|upkeep\n|turn|8\n|\n|t:|1719941509\n|switch|p2a: Tornadus|Tornadus-Therian, L79, M|254/254\n|-damage|p2a: Tornadus|191/254|[from] Stealth Rock\n|move|p1a: Kleavor|X-Scissor|p2a: Tornadus\n|-resisted|p2a: Tornadus\n|-damage|p2a: Tornadus|111/254\n|\n|-weather|Sandstorm|[upkeep]\n|-damage|p2a: Tornadus|96/254|[from] Sandstorm\n|-heal|p1a: Kleavor|54/237|[from] Grassy Terrain\n|upkeep\n|turn|9\n|\n|t:|1719941526\n|switch|p1a: Lycanroc|Lycanroc, L86, M|269/269\n|move|p2a: Tornadus|Bleakwind Storm|p1a: Lycanroc\n|-resisted|p1a: Lycanroc\n|-damage|p1a: Lycanroc|230/269\n|\n|-weather|none\n|-heal|p1a: Lycanroc|246/269|[from] Grassy Terrain\n|upkeep\n|turn|10\n|\n|t:|1719941536\n|switch|p2a: Ampharos|Ampharos, L88, M|93/302\n|-damage|p2a: Ampharos|56/302|[from] Stealth Rock\n|move|p1a: Lycanroc|Stone Edge|p2a: Ampharos|[miss]\n|-miss|p1a: Lycanroc|p2a: Ampharos\n|\n|-heal|p1a: Lycanroc|262/269|[from] Grassy Terrain\n|-heal|p2a: Ampharos|74/302|[from] Grassy Terrain\n|-fieldend|move: Grassy Terrain\n|upkeep\n|turn|11\n|\n|t:|1719941541\n|move|p1a: Lycanroc|Stone Edge|p2a: Ampharos\n|-damage|p2a: Ampharos|0 fnt\n|faint|p2a: Ampharos\n|\n|upkeep\n|\n|t:|1719941552\n|switch|p2a: Slowking|Slowking-Galar, L85, M|300/300\n|-damage|p2a: Slowking|263/300|[from] Stealth Rock\n|turn|12\n|\n|t:|1719941579\n|move|p1a: Lycanroc|Stone Edge|p2a: Slowking\n|-damage|p2a: Slowking|47/300\n|move|p2a: Slowking|Future Sight|p1a: Lycanroc\n|-start|p2a: Slowking|move: Future Sight\n|\n|upkeep\n|turn|13\n|\n|t:|1719941590\n|move|p1a: Lycanroc|Stone Edge|p2a: Slowking\n|-damage|p2a: Slowking|0 fnt\n|faint|p2a: Slowking\n|\n|upkeep\n|\n|t:|1719941597\n|switch|p2a: Arboliva|Arboliva, L91, M|239/290\n|-damage|p2a: Arboliva|203/290|[from] Stealth Rock\n|turn|14\n|\n|t:|1719941603\n|switch|p1a: Kleavor|Kleavor, L78, M|54/237\n|move|p2a: Arboliva|Strength Sap|p1a: Kleavor\n|-unboost|p1a: Kleavor|atk|1\n|-heal|p2a: Arboliva|290/290\n|\n|-end|p1a: Kleavor|move: Future Sight\n|-damage|p1a: Kleavor|0 fnt\n|faint|p1a: Kleavor\n|upkeep\n|\n|t:|1719941610\n|switch|p1a: Oricorio|Oricorio-Sensu, L85, M|266/266\n|turn|15\n|\n|t:|1719941618\n|switch|p2a: Tornadus|Tornadus-Therian, L79, M|180/254\n|-damage|p2a: Tornadus|117/254|[from] Stealth Rock\n|move|p1a: Oricorio|Quiver Dance|p1a: Oricorio\n|-boost|p1a: Oricorio|spa|1\n|-boost|p1a: Oricorio|spd|1\n|-boost|p1a: Oricorio|spe|1\n|\n|upkeep\n|turn|16\n|\n|t:|1719941624\n|move|p1a: Oricorio|Quiver Dance|p1a: Oricorio\n|-boost|p1a: Oricorio|spa|1\n|-boost|p1a: Oricorio|spd|1\n|-boost|p1a: Oricorio|spe|1\n|move|p2a: Tornadus|Knock Off|p1a: Oricorio\n|-supereffective|p1a: Oricorio\n|-damage|p1a: Oricorio|110/266\n|-enditem|p1a: Oricorio|Heavy-Duty Boots|[from] move: Knock Off|[of] p2a: Tornadus\n|\n|upkeep\n|turn|17\n|\n|t:|1719941632\n|move|p1a: Oricorio|Revelation Dance|p2a: Tornadus\n|-damage|p2a: Tornadus|0 fnt\n|faint|p2a: Tornadus\n|\n|upkeep\n|\n|t:|1719941640\n|switch|p2a: Scyther|Scyther, L82, M|249/249\n|turn|18\n|\n|t:|1719941644\n|move|p1a: Oricorio|Hurricane|p2a: Scyther\n|-supereffective|p2a: Scyther\n|-damage|p2a: Scyther|0 fnt\n|faint|p2a: Scyther\n|\n|upkeep\n|\n|t:|1719941646\n|switch|p2a: Arboliva|Arboliva, L91, M|290/290\n|-damage|p2a: Arboliva|254/290|[from] Stealth Rock\n|turn|19\n|\n|t:|1719941650\n|move|p1a: Oricorio|Hurricane|p2a: Arboliva\n|-supereffective|p2a: Arboliva\n|-damage|p2a: Arboliva|0 fnt\n|-fieldstart|move: Grassy Terrain|[from] ability: Seed Sower|[of] p2a: Arboliva\n|faint|p2a: Arboliva\n|\n|win|kingyascah\n|raw|kingyascah's rating: 2278 &rarr; <strong>2296</strong><br />(+18 for winning)\n|raw|nqhuii's rating: 2249 &rarr; <strong>2231</strong><br />(-18 for losing)\n|c|\u2606nqhuii|gg\n|c|\u2606kingyascah|gg\n", "inputlog": ">version 26771249c35d7a4b83b8b432d5cb35999166eb23\n>start {\"formatid\":\"gen9randombattle\",\"seed\":[65309,31802,1506,62932],\"rated\":\"Rated battle\"}\n>player p1 {\"name\":\"kingyascah\",\"avatar\":\"carmine-festival\",\"rating\":2278,\"seed\":[7205,41310,43958,54181]}\n>player p2 {\"name\":\"nqhuii\",\"avatar\":\"miku-psychic\",\"rating\":2249,\"seed\":[57655,32915,61330,9899]}\n>p1 move stoneaxe\n>p2 switch 5\n>p1 move xscissor\n>p2 move knockoff\n>p1 move xscissor\n>p2 move rest\n>p2 switch 2\n>p1 move xscissor\n>p2 move agility\n>p1 switch 5\n>p2 move thunderbolt\n>p1 move earthquake\n>p2 switch 4\n>p1 switch 5\n>p2 move energyball\n>p1 move xscissor\n>p2 switch 5\n>p1 switch 2\n>p2 move bleakwindstorm\n>p1 move stoneedge\n>p2 switch 4\n>p1 move stoneedge\n>p2 move focusblast\n>p2 switch 6\n>p1 move stoneedge\n>p2 move futuresight\n>p1 move stoneedge\n>p2 move icebeam\n>p2 switch 5\n>p1 switch 2\n>p2 move strengthsap\n>p1 switch 4\n>p1 move quiverdance\n>p2 switch 4\n>p1 move quiverdance\n>p2 move knockoff\n>p1 move revelationdance\n>p2 move knockoff\n>p2 switch 3\n>p1 move hurricane\n>p2 move dualwingbeat\n>p2 switch 4\n>p1 move hurricane\n>p2 move energyball", "uploadtime": 1719941655, "views": 169, "formatid": "gen9randombattle", "rating": 2231, "private": 0, "password": null}