{"id": "gen9randombattle-2260344673", "format": "[Gen 9] Random Battle", "players": ["Cloysterdestroier", "PoopFlubcus"], "log": "|j|\u2606Cloysterdestroier\n|j|\u2606PoopFlubcus\n|t:|1733842242\n|gametype|singles\n|player|p1|Cloysterdestroier|170|1152\n|player|p2|PoopFlubcus|1|1142\n|teamsize|p1|6\n|teamsize|p2|6\n|gen|9\n|tier|[Gen 9] Random Battle\n|rated|\n|rule|Species Clause: Limit one of each Pok\u00e9mon\n|rule|HP Percentage Mod: HP is shown in percentages\n|rule|Sleep Clause Mod: Limit one foe put to sleep\n|rule|Illusion Level Mod: Illusion disguises the Pok\u00e9mon's true level\n|\n|t:|1733842242\n|start\n|switch|p1a: Maushold|Maushold, L76|238/238\n|switch|p2a: Galvantula|Galvantula, L82, F|249/249\n|turn|1\n|inactive|Battle timer is ON: inactive players will automatically lose when time's up. (requested by Cloysterdestroier)\n|\n|t:|1733842254\n|move|p2a: Galvantula|Sticky Web|p1a: Maushold\n|-sidestart|p1: Cloysterdestroier|move: Sticky Web\n|move|p1a: Maushold|Tidy Up|p1a: Maushold\n|-sideend|p1: Cloysterdestroier|Sticky Web\n|-activate|p1a: Maushold|move: Tidy Up\n|-boost|p1a: Maushold|atk|1\n|-boost|p1a: Maushold|spe|1\n|\n|upkeep\n|turn|2\n|\n|t:|1733842278\n|move|p1a: Maushold|Encore|p2a: Galvantula\n|-start|p2a: Galvantula|Encore\n|move|p2a: Galvantula|Sticky Web|p1a: Maushold\n|-sidestart|p1: Cloysterdestroier|move: Sticky Web\n|\n|upkeep\n|turn|3\n|\n|t:|1733842289\n|switch|p2a: Bastiodon|Bastiodon, L89, F|252/252\n|move|p1a: Maushold|Tidy Up|p1a: Maushold\n|-sideend|p1: Cloysterdestroier|Sticky Web\n|-activate|p1a: Maushold|move: Tidy Up\n|-boost|p1a: Maushold|atk|1\n|-boost|p1a: Maushold|spe|1\n|\n|upkeep\n|turn|4\n|\n|t:|1733842302\n|move|p1a: Maushold|Bite|p2a: Bastiodon\n|-damage|p2a: Bastiodon|199/252\n|cant|p2a: Bastiodon|flinch\n|\n|upkeep\n|turn|5\n|\n|t:|1733842308\n|move|p1a: Maushold|Bite|p2a: Bastiodon\n|-damage|p2a: Bastiodon|151/252\n|cant|p2a: Bastiodon|flinch\n|\n|upkeep\n|turn|6\n|\n|t:|1733842314\n|move|p1a: Maushold|Bite|p2a: Bastiodon\n|-damage|p2a: Bastiodon|102/252\n|cant|p2a: Bastiodon|flinch\n|\n|upkeep\n|turn|7\n|\n|t:|1733842321\n|move|p1a: Maushold|Bite|p2a: Bastiodon\n|-damage|p2a: Bastiodon|54/252\n|move|p2a: Bastiodon|Iron Defense|p2a: Bastiodon\n|-boost|p2a: Bastiodon|def|2\n|\n|upkeep\n|turn|8\n|\n|t:|1733842327\n|move|p1a: Maushold|Bite|p2a: Bastiodon\n|-damage|p2a: Bastiodon|27/252\n|move|p2a: Bastiodon|Body Press|p1a: Maushold\n|-supereffective|p1a: Maushold\n|-damage|p1a: Maushold|0 fnt\n|faint|p1a: Maushold\n|\n|upkeep\n|n|!PoopFlubcus|poopflubcus\n|\n|t:|1733842355\n|switch|p1a: Volcarona|Volcarona, L77, M|257/257\n|turn|9\n|\n|t:|1733842365\n|move|p1a: Volcarona|Fiery Dance|p2a: Bastiodon\n|-damage|p2a: Bastiodon|0 fnt\n|faint|p2a: Bastiodon\n|\n|upkeep\n|\n|t:|1733842368\n|switch|p2a: Kingdra|Kingdra, L84, M|263/263\n|turn|10\n|\n|t:|1733842376\n|switch|p1a: Shiftry|Shiftry, L89, F|305/305\n|move|p2a: Kingdra|Waterfall|p1a: Shiftry\n|-resisted|p1a: Shiftry\n|-damage|p1a: Shiftry|254/305\n|\n|upkeep\n|turn|11\n|\n|t:|1733842388\n|switch|p2a: Galvantula|Galvantula, L82, F|249/249\n|move|p1a: Shiftry|Knock Off|p2a: Galvantula\n|-damage|p2a: Galvantula|58/249\n|-enditem|p2a: Galvantula|Focus Sash|[from] move: Knock Off|[of] p1a: Shiftry\n|-damage|p1a: Shiftry|224/305|[from] item: Life Orb\n|\n|upkeep\n|turn|12\n|\n|t:|1733842397\n|move|p2a: Galvantula|Bug Buzz|p1a: Shiftry\n|-supereffective|p1a: Shiftry\n|-damage|p1a: Shiftry|0 fnt\n|faint|p1a: Shiftry\n|\n|upkeep\n|\n|t:|1733842422\n|switch|p1a: Volcarona|Volcarona, L77, M|257/257\n|turn|13\n|\n|t:|1733842429\n|move|p2a: Galvantula|Sticky Web|p1a: Volcarona\n|-sidestart|p1: Cloysterdestroier|move: Sticky Web\n|move|p1a: Volcarona|Fiery Dance|p2a: Galvantula\n|-supereffective|p2a: Galvantula\n|-damage|p2a: Galvantula|0 fnt\n|faint|p2a: Galvantula\n|\n|upkeep\n|\n|t:|1733842439\n|switch|p2a: Ho-Oh|Ho-Oh, L71|268/268\n|turn|14\n|\n|t:|1733842444\n|switch|p1a: Bruxish|Bruxish, L85, F|254/254\n|-activate|p1a: Bruxish|move: Sticky Web\n|-unboost|p1a: Bruxish|spe|1\n|move|p2a: Ho-Oh|Brave Bird|p1a: Bruxish\n|-damage|p1a: Bruxish|109/254\n|-damage|p2a: Ho-Oh|220/268|[from] Recoil\n|\n|upkeep\n|turn|15\n|\n|t:|1733842455\n|move|p2a: Ho-Oh|Brave Bird|p1a: Bruxish\n|-damage|p1a: Bruxish|0 fnt\n|faint|p1a: Bruxish\n|-damage|p2a: Ho-Oh|184/268|[from] Recoil\n|\n|upkeep\n|\n|t:|1733842462\n|switch|p1a: Meloetta|Meloetta, L82|298/298\n|-activate|p1a: Meloetta|move: Sticky Web\n|-unboost|p1a: Meloetta|spe|1\n|turn|16\n|\n|t:|1733842484\n|move|p2a: Ho-Oh|Recover|p2a: Ho-Oh\n|-heal|p2a: Ho-Oh|268/268\n|move|p1a: Meloetta|Relic Song|p2a: Ho-Oh\n|-damage|p2a: Ho-Oh|173/268\n|-formechange|p1a: Meloetta|Meloetta-Pirouette|[msg]\n|-damage|p1a: Meloetta|269/298|[from] item: Life Orb\n|\n|upkeep\n|turn|17\n|\n|t:|1733842499\n|move|p1a: Meloetta|Knock Off|p2a: Ho-Oh\n|-damage|p2a: Ho-Oh|56/268\n|-enditem|p2a: Ho-Oh|Heavy-Duty Boots|[from] move: Knock Off|[of] p1a: Meloetta\n|-damage|p1a: Meloetta|240/298|[from] item: Life Orb\n|move|p2a: Ho-Oh|Brave Bird|p1a: Meloetta\n|-supereffective|p1a: Meloetta\n|-damage|p1a: Meloetta|0 fnt\n|faint|p1a: Meloetta\n|-damage|p2a: Ho-Oh|0 fnt|[from] Recoil\n|faint|p2a: Ho-Oh\n|\n|upkeep\n|\n|t:|1733842511\n|switch|p1a: Cobalion|Cobalion, L80|277/277\n|switch|p2a: Mandibuzz|Mandibuzz, L85, F|326/326\n|-activate|p1a: Cobalion|move: Sticky Web\n|-unboost|p1a: Cobalion|spe|1\n|turn|18\n|\n|t:|1733842520\n|move|p2a: Mandibuzz|U-turn|p1a: Cobalion\n|-resisted|p1a: Cobalion\n|-damage|p1a: Cobalion|270/277\n|\n|t:|1733842524\n|switch|p2a: Eternatus|Eternatus, L69|308/308|[from] U-turn\n|-ability|p2a: Eternatus|Pressure\n|move|p1a: Cobalion|Stealth Rock|p2a: Eternatus\n|-sidestart|p2: PoopFlubcus|move: Stealth Rock\n|\n|-heal|p1a: Cobalion|277/277|[from] item: Leftovers\n|upkeep\n|turn|19\n|\n|t:|1733842536\n|move|p2a: Eternatus|Flamethrower|p1a: Cobalion\n|-supereffective|p1a: Cobalion\n|-damage|p1a: Cobalion|131/277\n|move|p1a: Cobalion|Thunder Wave|p2a: Eternatus\n|-status|p2a: Eternatus|par\n|\n|-heal|p1a: Cobalion|148/277|[from] item: Leftovers\n|upkeep\n|turn|20\n|\n|t:|1733842548\n|move|p1a: Cobalion|Iron Head|p2a: Eternatus\n|-damage|p2a: Eternatus|218/308 par\n|-damage|p1a: Cobalion|102/277|[from] item: Rocky Helmet|[of] p2a: Eternatus\n|cant|p2a: Eternatus|flinch\n|\n|-heal|p1a: Cobalion|119/277|[from] item: Leftovers\n|upkeep\n|turn|21\n|\n|t:|1733842560\n|move|p1a: Cobalion|Body Press|p2a: Eternatus\n|-resisted|p2a: Eternatus\n|-damage|p2a: Eternatus|158/308 par\n|-damage|p1a: Cobalion|73/277|[from] item: Rocky Helmet|[of] p2a: Eternatus\n|move|p2a: Eternatus|Flamethrower|p1a: Cobalion\n|-supereffective|p1a: Cobalion\n|-damage|p1a: Cobalion|0 fnt\n|faint|p1a: Cobalion\n|\n|upkeep\n|\n|t:|1733842569\n|switch|p1a: Volcarona|Volcarona, L77, M|257/257\n|turn|22\n|\n|t:|1733842576\n|move|p1a: Volcarona|Quiver Dance|p1a: Volcarona\n|-boost|p1a: Volcarona|spa|1\n|-boost|p1a: Volcarona|spd|1\n|-boost|p1a: Volcarona|spe|1\n|cant|p2a: Eternatus|par\n|\n|upkeep\n|turn|23\n|\n|t:|1733842582\n|move|p1a: Volcarona|Quiver Dance|p1a: Volcarona\n|-boost|p1a: Volcarona|spa|1\n|-boost|p1a: Volcarona|spd|1\n|-boost|p1a: Volcarona|spe|1\n|move|p2a: Eternatus|Recover|p2a: Eternatus\n|-heal|p2a: Eternatus|308/308 par\n|\n|upkeep\n|turn|24\n|\n|t:|1733842590\n|move|p1a: Volcarona|Fiery Dance|p2a: Eternatus\n|-resisted|p2a: Eternatus\n|-damage|p2a: Eternatus|206/308 par\n|-boost|p1a: Volcarona|spa|1\n|move|p2a: Eternatus|Dynamax Cannon|p1a: Volcarona\n|-damage|p1a: Volcarona|206/257\n|\n|upkeep\n|turn|25\n|\n|t:|1733842602\n|switch|p2a: Kingdra|Kingdra, L84, M|263/263\n|-damage|p2a: Kingdra|231/263|[from] Stealth Rock\n|move|p1a: Volcarona|Fiery Dance|p2a: Kingdra\n|-resisted|p2a: Kingdra\n|-damage|p2a: Kingdra|178/263\n|\n|upkeep\n|turn|26\n|\n|t:|1733842610\n|-terastallize|p2a: Kingdra|Water\n|move|p1a: Volcarona|Giga Drain|p2a: Kingdra\n|-supereffective|p2a: Kingdra\n|-damage|p2a: Kingdra|0 fnt\n|-heal|p1a: Volcarona|257/257|[from] drain|[of] p2a: Kingdra\n|faint|p2a: Kingdra\n|\n|upkeep\n|\n|t:|1733842613\n|switch|p2a: Mandibuzz|Mandibuzz, L85, F|326/326\n|turn|27\n|\n|t:|1733842621\n|move|p1a: Volcarona|Fiery Dance|p2a: Mandibuzz\n|-damage|p2a: Mandibuzz|104/326\n|move|p2a: Mandibuzz|Foul Play|p1a: Volcarona\n|-damage|p1a: Volcarona|199/257\n|\n|upkeep\n|turn|28\n|\n|t:|1733842628\n|move|p1a: Volcarona|Fiery Dance|p2a: Mandibuzz\n|-damage|p2a: Mandibuzz|0 fnt\n|-boost|p1a: Volcarona|spa|1\n|faint|p2a: Mandibuzz\n|\n|upkeep\n|\n|t:|1733842629\n|switch|p2a: Eternatus|Eternatus, L69|206/308 par\n|-damage|p2a: Eternatus|168/308 par|[from] Stealth Rock\n|-ability|p2a: Eternatus|Pressure\n|turn|29\n|\n|t:|1733842639\n|move|p1a: Volcarona|Fiery Dance|p2a: Eternatus\n|-resisted|p2a: Eternatus\n|-damage|p2a: Eternatus|0 fnt\n|-boost|p1a: Volcarona|spa|1\n|faint|p2a: Eternatus\n|\n|win|Cloysterdestroier\n", "inputlog": ">version bfd83cad13791eb5a5a409923076391caf6fb4d4\n>start {\"formatid\":\"gen9randombattle\",\"seed\":[6848,55785,30731,11724],\"rated\":\"Rated battle\"}\n>player p1 {\"name\":\"Cloysterdestroier\",\"avatar\":\"170\",\"rating\":1152,\"seed\":[60797,49414,46183,3601]}\n>player p2 {\"name\":\"PoopFlubcus\",\"avatar\":\"1\",\"rating\":1142,\"seed\":[34497,60773,10399,56790]}\n>p1 move tidyup\n>p2 move stickyweb\n>p1 move encore\n>p2 move thunder\n>p1 move tidyup\n>p2 switch 5\n>p1 move bite\n>p2 move irondefense\n>p1 move bite\n>p2 move irondefense\n>p1 move bite\n>p2 move irondefense\n>p1 move bite\n>p2 move irondefense\n>p1 move bite\n>p2 move bodypress\n>chat \u2606PoopFlubcus|Fuck u homo\n>p1 switch 2\n>p1 move fierydance\n>p2 move rest\n>p2 switch 6\n>p1 switch 5\n>p2 move waterfall\n>p1 move knockoff\n>p2 switch 5\n>p1 move knockoff\n>p2 move bugbuzz\n>p1 switch 5\n>p1 move fierydance\n>p2 move stickyweb\n>p2 switch 2\n>p1 switch 3\n>p2 move bravebird\n>p1 move wavecrash\n>p2 move bravebird\n>p1 switch 4\n>p1 move relicsong\n>p2 move recover\n>p1 move knockoff\n>p2 move bravebird\n>p1 switch 6\n>p2 switch 3\n>p1 move stealthrock\n>p2 move uturn\n>p2 switch 4\n>p1 move thunderwave\n>p2 move flamethrower\n>p1 move ironhead\n>p2 move flamethrower\n>p1 move bodypress\n>p2 move flamethrower\n>p1 switch 3\n>p1 move quiverdance\n>p2 move recover\n>p1 move quiverdance\n>p2 move recover\n>p1 move fierydance\n>p2 move dynamaxcannon\n>p1 move fierydance\n>p2 switch 5\n>p1 move gigadrain\n>p2 move wavecrash terastallize\n>p2 switch 4\n>p1 move fierydance\n>p2 move foulplay\n>p1 move fierydance\n>p2 move foulplay\n>p2 switch 5\n>p1 move fierydance\n>p2 move flamethrower", "uploadtime": 1733842337, "views": 1, "formatid": "gen9randombattle", "rating": null, "private": 0, "password": null}