{"id": "gen9randombattle-2260592843", "format": "[Gen 9] Random Battle", "players": ["SceptileKyle", "micwell"], "log": "|j|\u2606SceptileKyle\n|j|\u2606micwell\n|t:|1733867053\n|gametype|singles\n|player|p1|SceptileKyle|102|2092\n|player|p2|micwell|red|2153\n|teamsize|p1|6\n|teamsize|p2|6\n|gen|9\n|tier|[Gen 9] Random Battle\n|rated|\n|rule|Species Clause: Limit one of each Pok\u00e9mon\n|rule|HP Percentage Mod: HP is shown in percentages\n|rule|Sleep Clause Mod: Limit one foe put to sleep\n|rule|Illusion Level Mod: Illusion disguises the Pok\u00e9mon's true level\n|\n|t:|1733867053\n|start\n|switch|p1a: Lilligant|Lilligant, L86, F|261/261\n|switch|p2a: Emboar|Emboar, L84, F|322/322\n|turn|1\n|\n|t:|1733867079\n|switch|p1a: Latias|Latias, L79, F|256/256\n|switch|p2a: Tsareena|Tsareena, L87, F|267/267\n|\n|upkeep\n|turn|2\n|\n|t:|1733867085\n|switch|p1a: Ampharos|Ampharos, L88, F|302/302\n|move|p2a: Tsareena|Knock Off|p1a: Ampharos\n|-crit|p1a: Ampharos\n|-damage|p1a: Ampharos|132/302\n|-enditem|p1a: Ampharos|Assault Vest|[from] move: Knock Off|[of] p2a: Tsareena\n|-damage|p2a: Tsareena|241/267|[from] item: Life Orb\n|\n|upkeep\n|turn|3\n|\n|t:|1733867095\n|move|p2a: Tsareena|Power Whip|p1a: Ampharos\n|-damage|p1a: Ampharos|0 fnt\n|faint|p1a: Ampharos\n|-damage|p2a: Tsareena|215/267|[from] item: Life Orb\n|\n|upkeep\n|\n|t:|1733867098\n|switch|p1a: Arcanine|Arcanine-Hisui, L80, F|283/283\n|turn|4\n|\n|t:|1733867117\n|switch|p2a: Eiscue|Eiscue, L88, M|274/274\n|move|p1a: Arcanine|Head Smash|p2a: Eiscue\n|-activate|p2a: Eiscue|ability: Ice Face\n|-damage|p2a: Eiscue|274/274\n|detailschange|p2a: Eiscue|Eiscue-Noice, L88, M\n|\n|upkeep\n|turn|5\n|\n|t:|1733867134\n|switch|p1a: Espeon|Espeon, L84, M|246/246\n|move|p2a: Eiscue|Liquidation|p1a: Espeon\n|-damage|p1a: Espeon|174/246\n|-unboost|p1a: Espeon|def|1\n|\n|upkeep\n|turn|6\n|\n|t:|1733867142\n|switch|p2a: Crawdaunt|Crawdaunt, L84, M|243/243\n|move|p1a: Espeon|Psychic|p2a: Crawdaunt\n|-immune|p2a: Crawdaunt\n|\n|upkeep\n|turn|7\n|\n|t:|1733867148\n|move|p2a: Crawdaunt|Aqua Jet|p1a: Espeon\n|-damage|p1a: Espeon|0 fnt\n|faint|p1a: Espeon\n|\n|upkeep\n|\n|t:|1733867151\n|switch|p1a: Lilligant|Lilligant, L86, F|261/261\n|turn|8\n|\n|t:|1733867154\n|switch|p2a: Tsareena|Tsareena, L87, F|215/267\n|move|p1a: Lilligant|Quiver Dance|p1a: Lilligant\n|-boost|p1a: Lilligant|spa|1\n|-boost|p1a: Lilligant|spd|1\n|-boost|p1a: Lilligant|spe|1\n|\n|upkeep\n|turn|9\n|\n|t:|1733867159\n|move|p1a: Lilligant|Tera Blast|p2a: Tsareena\n|-damage|p2a: Tsareena|95/267\n|-damage|p1a: Lilligant|235/261|[from] item: Life Orb\n|move|p2a: Tsareena|Triple Axel|p1a: Lilligant\n|-supereffective|p1a: Lilligant\n|-damage|p1a: Lilligant|183/261\n|-supereffective|p1a: Lilligant\n|-crit|p1a: Lilligant\n|-damage|p1a: Lilligant|27/261\n|-supereffective|p1a: Lilligant\n|-damage|p1a: Lilligant|0 fnt\n|faint|p1a: Lilligant\n|-hitcount|p1: Lilligant|3\n|-damage|p2a: Tsareena|69/267|[from] item: Life Orb\n|\n|upkeep\n|\n|t:|1733867166\n|switch|p1a: Arcanine|Arcanine-Hisui, L80, F|283/283\n|turn|10\n|\n|t:|1733867178\n|move|p1a: Arcanine|Flare Blitz|p2a: Tsareena\n|-supereffective|p2a: Tsareena\n|-damage|p2a: Tsareena|0 fnt\n|faint|p2a: Tsareena\n|\n|upkeep\n|\n|t:|1733867185\n|switch|p2a: Kyogre|Kyogre, L71|259/259\n|-weather|RainDance|[from] ability: Drizzle|[of] p2a: Kyogre\n|turn|11\n|\n|t:|1733867191\n|move|p1a: Arcanine|Head Smash|p2a: Kyogre|[miss]\n|-miss|p1a: Arcanine|p2a: Kyogre\n|move|p2a: Kyogre|Calm Mind|p2a: Kyogre\n|-boost|p2a: Kyogre|spa|1\n|-boost|p2a: Kyogre|spd|1\n|\n|-weather|RainDance|[upkeep]\n|upkeep\n|turn|12\n|\n|t:|1733867197\n|move|p1a: Arcanine|Head Smash|p2a: Kyogre|[miss]\n|-miss|p1a: Arcanine|p2a: Kyogre\n|move|p2a: Kyogre|Origin Pulse|p1a: Arcanine\n|-supereffective|p1a: Arcanine\n|-damage|p1a: Arcanine|0 fnt\n|faint|p1a: Arcanine\n|\n|-weather|RainDance|[upkeep]\n|upkeep\n|c|\u2606SceptileKyle|gg\n|\n|t:|1733867207\n|switch|p1a: Latias|Latias, L79, F|256/256\n|turn|13\n|\n|t:|1733867219\n|move|p1a: Latias|Calm Mind|p1a: Latias\n|-boost|p1a: Latias|spa|1\n|-boost|p1a: Latias|spd|1\n|move|p2a: Kyogre|Ice Beam|p1a: Latias\n|-supereffective|p1a: Latias\n|-crit|p1a: Latias\n|-damage|p1a: Latias|12/256\n|\n|-weather|RainDance|[upkeep]\n|upkeep\n|turn|14\n|c|\u2606SceptileKyle|Yup\n|c|\u2606micwell|insane luck\n|c|\u2606SceptileKyle|gg again\n|\n|t:|1733867246\n|move|p1a: Latias|Psyshock|p2a: Kyogre\n|-damage|p2a: Kyogre|96/259\n|move|p2a: Kyogre|Ice Beam|p1a: Latias\n|-supereffective|p1a: Latias\n|-damage|p1a: Latias|0 fnt\n|faint|p1a: Latias\n|\n|-weather|RainDance|[upkeep]\n|-heal|p2a: Kyogre|112/259|[from] item: Leftovers\n|upkeep\n|\n|t:|1733867249\n|switch|p1a: Clodsire|Clodsire, L81, F|343/343\n|turn|15\n|\n|t:|1733867253\n|move|p2a: Kyogre|Ice Beam|p1a: Clodsire\n|-supereffective|p1a: Clodsire\n|-damage|p1a: Clodsire|219/343\n|move|p1a: Clodsire|Gunk Shot|p2a: Kyogre\n|-damage|p2a: Kyogre|0 fnt\n|faint|p2a: Kyogre\n|\n|-weather|none\n|-heal|p1a: Clodsire|240/343|[from] item: Leftovers\n|upkeep\n|\n|t:|1733867259\n|switch|p2a: Eiscue|Eiscue-Noice, L88, M|274/274\n|turn|16\n|\n|t:|1733867262\n|-terastallize|p1a: Clodsire|Steel\n|move|p2a: Eiscue|Ice Spinner|p1a: Clodsire\n|-resisted|p1a: Clodsire\n|-damage|p1a: Clodsire|185/343\n|move|p1a: Clodsire|Recover|p1a: Clodsire\n|-heal|p1a: Clodsire|343/343\n|\n|upkeep\n|turn|17\n|\n|t:|1733867271\n|move|p2a: Eiscue|Belly Drum|p2a: Eiscue\n|-damage|p2a: Eiscue|137/274\n|-setboost|p2a: Eiscue|atk|6|[from] move: Belly Drum\n|-enditem|p2a: Eiscue|Sitrus Berry|[eat]\n|-heal|p2a: Eiscue|205/274|[from] item: Sitrus Berry\n|move|p1a: Clodsire|Gunk Shot|p2a: Eiscue\n|-damage|p2a: Eiscue|90/274\n|\n|upkeep\n|turn|18\n|\n|t:|1733867276\n|move|p2a: Eiscue|Liquidation|p1a: Clodsire\n|-damage|p1a: Clodsire|261/343\n|-unboost|p1a: Clodsire|def|1\n|move|p1a: Clodsire|Earthquake|p2a: Eiscue\n|-damage|p2a: Eiscue|0 fnt\n|faint|p2a: Eiscue\n|\n|-heal|p1a: Clodsire|282/343|[from] item: Leftovers\n|upkeep\n|\n|t:|1733867281\n|switch|p2a: Emboar|Emboar, L84, F|322/322\n|turn|19\n|\n|t:|1733867283\n|move|p2a: Emboar|Flare Blitz|p1a: Clodsire\n|-supereffective|p1a: Clodsire\n|-damage|p1a: Clodsire|0 fnt\n|faint|p1a: Clodsire\n|-damage|p2a: Emboar|229/322|[from] Recoil\n|\n|win|micwell\n|raw|SceptileKyle's rating: 2092 &rarr; <strong>2075</strong><br />(-17 for losing)\n|raw|micwell's rating: 2153 &rarr; <strong>2170</strong><br />(+17 for winning)\n|c|\u2606micwell|gg\n|l|\u2606SceptileKyle\n|player|p1|\n", "inputlog": ">version bfd83cad13791eb5a5a409923076391caf6fb4d4\n>start {\"formatid\":\"gen9randombattle\",\"seed\":[11267,31578,59434,7532],\"rated\":\"Rated battle\"}\n>player p1 {\"name\":\"SceptileKyle\",\"avatar\":\"102\",\"rating\":2092,\"seed\":[63955,15465,5118,55216]}\n>player p2 {\"name\":\"micwell\",\"avatar\":\"red\",\"rating\":2153,\"seed\":[50149,5840,363,38854]}\n>p1 switch 4\n>p2 switch 4\n>p1 switch 3\n>p2 move knockoff\n>p1 move voltswitch\n>p2 move powerwhip\n>p1 switch 6\n>p1 move headsmash\n>p2 switch 6\n>p1 switch 5\n>p2 move liquidation\n>p1 move psychic\n>p2 switch 3\n>p1 move alluringvoice\n>p2 move aquajet\n>p1 switch 4\n>p1 move quiverdance\n>p2 switch 6\n>p1 move terablast\n>p2 move tripleaxel\n>p1 switch 5\n>p1 move flareblitz\n>p2 move powerwhip\n>p2 switch 5\n>p1 move headsmash\n>p2 move calmmind\n>p1 move headsmash\n>p2 move originpulse\n>chat \u2606SceptileKyle|gg \n>p1 switch 3\n>p1 move calmmind\n>p2 move icebeam\n>chat \u2606SceptileKyle|Yup \n>chat \u2606micwell|insane luck\n>chat \u2606SceptileKyle|gg again \n>p1 move psyshock\n>p2 move icebeam\n>p1 switch 2\n>p1 move gunkshot\n>p2 move icebeam\n>p2 switch 3\n>p1 move recover terastallize\n>p2 move icespinner\n>p1 move gunkshot\n>p2 move bellydrum\n>p1 move earthquake\n>p2 move liquidation\n>p2 switch 4\n>p1 move earthquake\n>p2 move flareblitz", "uploadtime": 1733867294, "views": 1, "formatid": "gen9randombattle", "rating": 2075, "private": 0, "password": null}