{"id": "gen9randombattle-2260504237", "format": "[Gen 9] Random Battle", "players": ["efaefeawfwef", "rockgguy6"], "log": "|j|\u2606efaefeawfwef\n|j|\u2606rockgguy6\n|t:|1733857987\n|gametype|singles\n|player|p1|efaefeawfwef|1|1000\n|player|p2|rockgguy6|1|1000\n|teamsize|p1|6\n|teamsize|p2|6\n|gen|9\n|tier|[Gen 9] Random Battle\n|rated|\n|rule|Species Clause: Limit one of each Pok\u00e9mon\n|rule|HP Percentage Mod: HP is shown in percentages\n|rule|Sleep Clause Mod: Limit one foe put to sleep\n|rule|Illusion Level Mod: Illusion disguises the Pok\u00e9mon's true level\n|\n|t:|1733857987\n|start\n|switch|p1a: Dragapult|Dragapult, L77, F|262/262\n|switch|p2a: Exeggutor|Exeggutor-Alola, L89, M|314/314\n|turn|1\n|inactive|Battle timer is ON: inactive players will automatically lose when time's up. (requested by efaefeawfwef)\n|inactive|rockgguy6 has 120 seconds left.\n|inactive|rockgguy6 has 90 seconds left.\n|inactive|rockgguy6 has 60 seconds left.\n|\n|t:|1733858105\n|move|p1a: Dragapult|Draco Meteor|p2a: Exeggutor\n|-supereffective|p2a: Exeggutor\n|-damage|p2a: Exeggutor|0 fnt\n|-unboost|p1a: Dragapult|spa|2\n|faint|p2a: Exeggutor\n|\n|upkeep\n|\n|t:|1733858114\n|switch|p2a: Comfey|Comfey, L85, M|225/225\n|turn|2\n|inactive|rockgguy6 has 90 seconds left.\n|inactive|efaefeawfwef has 120 seconds left.\n|\n|t:|1733858152\n|switch|p1a: Komala|Komala, L89, M|260/260\n|-ability|p1a: Komala|Comatose\n|move|p2a: Comfey|Draining Kiss|p1a: Komala\n|-damage|p1a: Komala|229/260\n|\n|upkeep\n|turn|3\n|\n|t:|1733858172\n|move|p2a: Comfey|Calm Mind|p2a: Comfey\n|-boost|p2a: Comfey|spa|1\n|-boost|p2a: Comfey|spd|1\n|move|p1a: Komala|Body Slam|p2a: Comfey\n|-damage|p2a: Comfey|113/225\n|\n|-heal|p2a: Comfey|127/225|[from] item: Leftovers\n|upkeep\n|turn|4\n|\n|t:|1733858183\n|move|p2a: Comfey|Giga Drain|p1a: Komala\n|-damage|p1a: Komala|181/260\n|-heal|p2a: Comfey|151/225|[from] drain|[of] p1a: Komala\n|move|p1a: Komala|Body Slam|p2a: Comfey\n|-damage|p2a: Comfey|31/225\n|\n|-heal|p2a: Comfey|45/225|[from] item: Leftovers\n|upkeep\n|turn|5\n|\n|t:|1733858195\n|switch|p2a: Polteageist|Polteageist, L79|224/224\n|move|p1a: Komala|Body Slam|p2a: Polteageist\n|-immune|p2a: Polteageist\n|\n|upkeep\n|turn|6\n|\n|t:|1733858205\n|move|p1a: Komala|Knock Off|p2a: Polteageist\n|-supereffective|p2a: Polteageist\n|-damage|p2a: Polteageist|0 fnt\n|-enditem|p2a: Polteageist|White Herb|[from] move: Knock Off|[of] p1a: Komala\n|faint|p2a: Polteageist\n|\n|upkeep\n|\n|t:|1733858221\n|switch|p2a: Leafeon|Leafeon, L88, F|258/258\n|turn|7\n|\n|t:|1733858228\n|switch|p1a: Dragapult|Dragapult, L77, F|262/262\n|move|p2a: Leafeon|Swords Dance|p2a: Leafeon\n|-boost|p2a: Leafeon|atk|2\n|\n|upkeep\n|turn|8\n|\n|t:|1733858236\n|move|p1a: Dragapult|Fire Blast|p2a: Leafeon|[miss]\n|-miss|p1a: Dragapult|p2a: Leafeon\n|move|p2a: Leafeon|Knock Off|p1a: Dragapult\n|-supereffective|p1a: Dragapult\n|-damage|p1a: Dragapult|0 fnt\n|-enditem|p1a: Dragapult|Choice Specs|[from] move: Knock Off|[of] p2a: Leafeon\n|faint|p1a: Dragapult\n|-damage|p2a: Leafeon|233/258|[from] item: Life Orb\n|\n|upkeep\n|\n|t:|1733858242\n|switch|p1a: Yanmega|Yanmega, L82, F|275/275\n|turn|9\n|\n|t:|1733858256\n|-terastallize|p1a: Yanmega|Bug\n|move|p2a: Leafeon|Double-Edge|p1a: Yanmega\n|-damage|p1a: Yanmega|19/275\n|-damage|p2a: Leafeon|149/258|[from] Recoil\n|-damage|p2a: Leafeon|124/258|[from] item: Life Orb\n|move|p1a: Yanmega|Bug Buzz|p2a: Leafeon\n|-supereffective|p2a: Leafeon\n|-damage|p2a: Leafeon|0 fnt\n|faint|p2a: Leafeon\n|\n|upkeep\n|\n|t:|1733858270\n|switch|p2a: Comfey|Comfey, L85, M|45/225\n|turn|10\n|\n|t:|1733858275\n|switch|p1a: Komala|Komala, L89, M|181/260\n|-ability|p1a: Komala|Comatose\n|move|p2a: Comfey|Draining Kiss|p1a: Komala\n|-damage|p1a: Komala|150/260\n|-heal|p2a: Comfey|68/225|[from] drain|[of] p1a: Komala\n|\n|-heal|p2a: Comfey|82/225|[from] item: Leftovers\n|upkeep\n|turn|11\n|inactive|rockgguy6 has 90 seconds left.\n|\n|t:|1733858286\n|switch|p2a: Basculegion|Basculegion-F, L83, F|335/335\n|move|p1a: Komala|Body Slam|p2a: Basculegion\n|-immune|p2a: Basculegion\n|\n|upkeep\n|turn|12\n|inactive|rockgguy6 has 90 seconds left.\n|\n|t:|1733858295\n|switch|p2a: Comfey|Comfey, L85, M|82/225\n|switch|p1a: Lanturn|Lanturn, L89, F|367/367\n|\n|-heal|p2a: Comfey|96/225|[from] item: Leftovers\n|upkeep\n|turn|13\n|inactive|rockgguy6 has 90 seconds left.\n|\n|t:|1733858309\n|move|p2a: Comfey|Giga Drain|p1a: Lanturn\n|-supereffective|p1a: Lanturn\n|-damage|p1a: Lanturn|271/367\n|-heal|p2a: Comfey|144/225|[from] drain|[of] p1a: Lanturn\n|move|p1a: Lanturn|Thunder Wave|p2a: Comfey\n|-status|p2a: Comfey|par\n|\n|-heal|p2a: Comfey|158/225 par|[from] item: Leftovers\n|upkeep\n|turn|14\n|inactive|rockgguy6 has 90 seconds left.\n|\n|t:|1733858321\n|move|p1a: Lanturn|Volt Switch|p2a: Comfey\n|-damage|p2a: Comfey|97/225 par\n|\n|t:|1733858323\n|switch|p1a: Komala|Komala, L89, M|150/260|[from] Volt Switch\n|-ability|p1a: Komala|Comatose\n|move|p2a: Comfey|Calm Mind|p2a: Comfey\n|-boost|p2a: Comfey|spa|1\n|-boost|p2a: Comfey|spd|1\n|\n|-heal|p2a: Comfey|111/225 par|[from] item: Leftovers\n|upkeep\n|turn|15\n|\n|t:|1733858336\n|move|p2a: Comfey|Draining Kiss|p1a: Komala\n|-damage|p1a: Komala|110/260\n|-heal|p2a: Comfey|141/225 par|[from] drain|[of] p1a: Komala\n|move|p1a: Komala|Body Slam|p2a: Comfey\n|-damage|p2a: Comfey|24/225 par\n|\n|-heal|p2a: Comfey|38/225 par|[from] item: Leftovers\n|upkeep\n|turn|16\n|\n|t:|1733858346\n|cant|p2a: Comfey|par\n|move|p1a: Komala|Body Slam|p2a: Comfey\n|-damage|p2a: Comfey|0 fnt\n|faint|p2a: Comfey\n|\n|upkeep\n|\n|t:|1733858355\n|switch|p2a: Golem|Golem-Alola, L93, M|300/300\n|turn|17\n|\n|t:|1733858362\n|move|p1a: Komala|U-turn|p2a: Golem\n|-damage|p2a: Golem|260/300\n|\n|t:|1733858365\n|switch|p1a: Passimian|Passimian, L83, M|302/302|[from] U-turn\n|move|p2a: Golem|Earthquake|p1a: Passimian\n|-damage|p1a: Passimian|142/302\n|\n|upkeep\n|turn|18\n|\n|t:|1733858374\n|move|p1a: Passimian|Knock Off|p2a: Golem\n|-damage|p2a: Golem|176/300\n|-enditem|p2a: Golem|Choice Band|[from] move: Knock Off|[of] p1a: Passimian\n|move|p2a: Golem|Earthquake|p1a: Passimian\n|-damage|p1a: Passimian|39/302\n|\n|upkeep\n|turn|19\n|inactive|rockgguy6 has 120 seconds left.\n|\n|t:|1733858386\n|switch|p1a: Komala|Komala, L89, M|110/260\n|-ability|p1a: Komala|Comatose\n|move|p2a: Golem|Stone Edge|p1a: Komala\n|-damage|p1a: Komala|0 fnt\n|faint|p1a: Komala\n|\n|upkeep\n|\n|t:|1733858391\n|switch|p1a: Passimian|Passimian, L83, M|39/302\n|turn|20\n|\n|t:|1733858399\n|switch|p1a: Lanturn|Lanturn, L89, F|271/367\n|move|p2a: Golem|Earthquake|p1a: Lanturn\n|-supereffective|p1a: Lanturn\n|-damage|p1a: Lanturn|9/367\n|\n|upkeep\n|turn|21\n|\n|t:|1733858406\n|move|p1a: Lanturn|Scald|p2a: Golem\n|-supereffective|p2a: Golem\n|-damage|p2a: Golem|0 fnt\n|faint|p2a: Golem\n|\n|upkeep\n|\n|t:|1733858412\n|switch|p2a: Basculegion|Basculegion-F, L83, F|335/335\n|turn|22\n|\n|t:|1733858421\n|move|p2a: Basculegion|Shadow Ball|p1a: Lanturn\n|-damage|p1a: Lanturn|0 fnt\n|faint|p1a: Lanturn\n|\n|upkeep\n|\n|t:|1733858424\n|switch|p1a: Yanmega|Yanmega, L82, F, tera:Bug|19/275\n|turn|23\n|\n|t:|1733858428\n|move|p1a: Yanmega|Bug Buzz|p2a: Basculegion\n|-resisted|p2a: Basculegion\n|-damage|p2a: Basculegion|171/335\n|move|p2a: Basculegion|Shadow Ball|p1a: Yanmega\n|-damage|p1a: Yanmega|0 fnt\n|faint|p1a: Yanmega\n|\n|upkeep\n|\n|t:|1733858432\n|switch|p1a: Passimian|Passimian, L83, M|39/302\n|turn|24\n|\n|t:|1733858443\n|move|p1a: Passimian|Knock Off|p2a: Basculegion\n|-supereffective|p2a: Basculegion\n|-damage|p2a: Basculegion|0 fnt\n|-enditem|p2a: Basculegion|Assault Vest|[from] move: Knock Off|[of] p1a: Passimian\n|faint|p2a: Basculegion\n|\n|win|efaefeawfwef\n|raw|efaefeawfwef's rating: 1000 &rarr; <strong>1040</strong><br />(+40 for winning)\n|raw|rockgguy6's rating: 1000 &rarr; <strong>1000</strong><br />(+0 for losing)\n", "inputlog": ">version bfd83cad13791eb5a5a409923076391caf6fb4d4\n>start {\"formatid\":\"gen9randombattle\",\"seed\":[37815,36866,7713,59508],\"rated\":\"Rated battle\"}\n>player p1 {\"name\":\"efaefeawfwef\",\"avatar\":\"1\",\"rating\":1000,\"seed\":[47298,39577,6964,25143]}\n>player p2 {\"name\":\"rockgguy6\",\"avatar\":\"1\",\"rating\":1000,\"seed\":[9435,24649,59723,58888]}\n>p1 move dracometeor\n>p2 move stunspore\n>p2 switch 2\n>p1 switch 3\n>p2 move drainingkiss\n>p1 move bodyslam\n>p2 move calmmind\n>p1 move bodyslam\n>p2 move gigadrain\n>p1 move bodyslam\n>p2 switch 3\n>p1 move knockoff\n>p2 move shellsmash\n>p2 switch 5\n>p1 switch 3\n>p2 move swordsdance\n>p1 move fireblast\n>p2 move knockoff\n>p1 switch 5\n>p1 move bugbuzz terastallize\n>p2 move doubleedge\n>p2 switch 3\n>p1 switch 3\n>p2 move drainingkiss\n>p1 move bodyslam\n>p2 switch 4\n>p1 switch 4\n>p2 switch 4\n>p1 move thunderwave\n>p2 move gigadrain\n>p1 move voltswitch\n>p2 move calmmind\n>p1 switch 4\n>p1 move bodyslam\n>p2 move drainingkiss\n>p1 move bodyslam\n>p2 move drainingkiss\n>p2 switch 6\n>p1 move uturn\n>p2 move earthquake\n>p1 switch 2\n>p1 move knockoff\n>p2 move earthquake\n>p1 switch 2\n>p2 move stoneedge\n>p1 switch 2\n>p1 switch 4\n>p2 move earthquake\n>p1 move scald\n>p2 move earthquake\n>p2 switch 4\n>p1 move thunderbolt\n>p2 move shadowball\n>p1 switch 3\n>p1 move bugbuzz\n>p2 move shadowball\n>p1 switch 4\n>p1 move knockoff\n>p2 move shadowball", "uploadtime": 1733858446, "views": 1, "formatid": "gen9randombattle", "rating": 1000, "private": 0, "password": null}