{"id": "gen9randombattle-2259996012", "format": "[Gen 9] Random Battle", "players": ["RealGreenz", "CACAPEDOPUIS"], "log": "|j|\u203dRealGreenz\n|j|\u2606CACAPEDOPUIS\n|t:|1733788944\n|gametype|singles\n|player|p1|RealGreenz|1|1131\n|player|p2|CACAPEDOPUIS|twins-gen4dp|1142\n|teamsize|p1|6\n|teamsize|p2|6\n|gen|9\n|tier|[Gen 9] Random Battle\n|rated|\n|rule|Species Clause: Limit one of each Pok\u00e9mon\n|rule|HP Percentage Mod: HP is shown in percentages\n|rule|Sleep Clause Mod: Limit one foe put to sleep\n|rule|Illusion Level Mod: Illusion disguises the Pok\u00e9mon's true level\n|\n|t:|1733788944\n|start\n|switch|p1a: Archaludon|Archaludon, L78, F|268/268\n|switch|p2a: Raging Bolt|Raging Bolt, L78|323/323\n|turn|1\n|\n|t:|1733788955\n|move|p1a: Archaludon|Swords Dance|p1a: Archaludon\n|-boost|p1a: Archaludon|atk|2\n|move|p2a: Raging Bolt|Draco Meteor|p1a: Archaludon\n|-damage|p1a: Archaludon|54/268\n|-unboost|p2a: Raging Bolt|spa|2\n|-ability|p1a: Archaludon|Stamina|boost\n|-boost|p1a: Archaludon|def|1\n|\n|upkeep\n|turn|2\n|\n|t:|1733788973\n|-end|p2a: Raging Bolt|Protosynthesis|[silent]\n|switch|p2a: Dachsbun|Dachsbun, L92, F|254/254\n|move|p1a: Archaludon|Earthquake|p2a: Dachsbun\n|-damage|p2a: Dachsbun|151/254\n|\n|-heal|p2a: Dachsbun|166/254|[from] item: Leftovers\n|upkeep\n|turn|3\n|\n|t:|1733789018\n|switch|p1a: Araquanid|Araquanid, L82, F|246/246\n|move|p2a: Dachsbun|Protect||[still]\n|-fail|p2a: Dachsbun\n|\n|-heal|p2a: Dachsbun|181/254|[from] item: Leftovers\n|upkeep\n|turn|4\n|inactive|Battle timer is ON: inactive players will automatically lose when time's up. (requested by RealGreenz)\n|\n|t:|1733789044\n|move|p2a: Dachsbun|Wish|p2a: Dachsbun\n|move|p1a: Araquanid|Sticky Web|p2a: Dachsbun\n|-sidestart|p2: CACAPEDOPUIS|move: Sticky Web\n|\n|-heal|p2a: Dachsbun|196/254|[from] item: Leftovers\n|upkeep\n|turn|5\n|\n|t:|1733789058\n|move|p2a: Dachsbun|Play Rough|p1a: Araquanid\n|-damage|p1a: Araquanid|152/246\n|move|p1a: Araquanid|Liquidation|p2a: Dachsbun\n|-damage|p2a: Dachsbun|99/254\n|\n|-heal|p2a: Dachsbun|226/254|[from] move: Wish|[wisher] Dachsbun\n|-heal|p2a: Dachsbun|241/254|[from] item: Leftovers\n|upkeep\n|turn|6\n|\n|t:|1733789065\n|move|p2a: Dachsbun|Wish|p2a: Dachsbun\n|move|p1a: Araquanid|Leech Life|p2a: Dachsbun\n|-resisted|p2a: Dachsbun\n|-damage|p2a: Dachsbun|216/254\n|-heal|p1a: Araquanid|165/246|[from] drain|[of] p2a: Dachsbun\n|\n|-heal|p2a: Dachsbun|231/254|[from] item: Leftovers\n|upkeep\n|turn|7\n|\n|t:|1733789075\n|move|p2a: Dachsbun|Protect|p2a: Dachsbun\n|-singleturn|p2a: Dachsbun|Protect\n|move|p1a: Araquanid|Leech Life|p2a: Dachsbun\n|-activate|p2a: Dachsbun|move: Protect\n|\n|-heal|p2a: Dachsbun|254/254|[from] move: Wish|[wisher] Dachsbun\n|upkeep\n|turn|8\n|\n|t:|1733789083\n|move|p2a: Dachsbun|Wish|p2a: Dachsbun\n|move|p1a: Araquanid|Leech Life|p2a: Dachsbun\n|-resisted|p2a: Dachsbun\n|-damage|p2a: Dachsbun|230/254\n|-heal|p1a: Araquanid|177/246|[from] drain|[of] p2a: Dachsbun\n|\n|-heal|p2a: Dachsbun|245/254|[from] item: Leftovers\n|upkeep\n|turn|9\n|\n|t:|1733789109\n|move|p2a: Dachsbun|Play Rough|p1a: Araquanid\n|-damage|p1a: Araquanid|75/246\n|move|p1a: Araquanid|Leech Life|p2a: Dachsbun\n|-resisted|p2a: Dachsbun\n|-damage|p2a: Dachsbun|222/254\n|-heal|p1a: Araquanid|87/246|[from] drain|[of] p2a: Dachsbun\n|\n|-heal|p2a: Dachsbun|254/254|[from] move: Wish|[wisher] Dachsbun\n|upkeep\n|turn|10\n|inactive|CACAPEDOPUIS has 120 seconds left.\n|\n|t:|1733789145\n|move|p2a: Dachsbun|Play Rough|p1a: Araquanid\n|-damage|p1a: Araquanid|0 fnt\n|faint|p1a: Araquanid\n|\n|upkeep\n|inactive|RealGreenz has 120 seconds left.\n|\n|t:|1733789162\n|switch|p1a: Lugia|Lugia, L72|272/272\n|turn|11\n|\n|t:|1733789168\n|move|p2a: Dachsbun|Wish|p2a: Dachsbun\n|move|p1a: Lugia|Calm Mind|p1a: Lugia\n|-boost|p1a: Lugia|spa|1\n|-boost|p1a: Lugia|spd|1\n|\n|upkeep\n|turn|12\n|\n|t:|1733789176\n|move|p2a: Dachsbun|Play Rough|p1a: Lugia\n|-damage|p1a: Lugia|228/272\n|move|p1a: Lugia|Calm Mind|p1a: Lugia\n|-boost|p1a: Lugia|spa|1\n|-boost|p1a: Lugia|spd|1\n|\n|upkeep\n|turn|13\n|\n|t:|1733789184\n|move|p2a: Dachsbun|Wish|p2a: Dachsbun\n|move|p1a: Lugia|Aeroblast|p2a: Dachsbun\n|-damage|p2a: Dachsbun|103/254\n|\n|-heal|p2a: Dachsbun|118/254|[from] item: Leftovers\n|upkeep\n|turn|14\n|\n|t:|1733789193\n|switch|p2a: Lycanroc|Lycanroc-Midnight, L89, M|296/296\n|-activate|p2a: Lycanroc|move: Sticky Web\n|-unboost|p2a: Lycanroc|spe|1\n|move|p1a: Lugia|Aeroblast|p2a: Lycanroc\n|-resisted|p2a: Lycanroc\n|-damage|p2a: Lycanroc|224/296\n|\n|-heal|p2a: Lycanroc|296/296|[from] move: Wish|[wisher] Dachsbun\n|upkeep\n|turn|15\n|\n|t:|1733789207\n|move|p1a: Lugia|Earth Power|p2a: Lycanroc\n|-supereffective|p2a: Lycanroc\n|-damage|p2a: Lycanroc|112/296\n|move|p2a: Lycanroc|Stone Edge|p1a: Lugia\n|-supereffective|p1a: Lugia\n|-damage|p1a: Lugia|0 fnt\n|faint|p1a: Lugia\n|-damage|p2a: Lycanroc|83/296|[from] item: Life Orb\n|\n|upkeep\n|\n|t:|1733789216\n|switch|p1a: Serperior|Serperior, L79, M|248/248\n|turn|16\n|\n|t:|1733789244\n|move|p2a: Lycanroc|Sucker Punch|p1a: Serperior\n|-damage|p1a: Serperior|160/248\n|-damage|p2a: Lycanroc|54/296|[from] item: Life Orb\n|move|p1a: Serperior|Leaf Storm|p2a: Lycanroc\n|-supereffective|p2a: Lycanroc\n|-damage|p2a: Lycanroc|0 fnt\n|-boost|p1a: Serperior|spa|2\n|faint|p2a: Lycanroc\n|\n|-heal|p1a: Serperior|175/248|[from] item: Leftovers\n|upkeep\n|\n|t:|1733789253\n|switch|p2a: Medicham|Medicham, L86, F|243/243\n|-activate|p2a: Medicham|move: Sticky Web\n|-unboost|p2a: Medicham|spe|1\n|turn|17\n|\n|t:|1733789260\n|move|p1a: Serperior|Leaf Storm|p2a: Medicham\n|-damage|p2a: Medicham|3/243\n|-boost|p1a: Serperior|spa|2\n|move|p2a: Medicham|Ice Punch|p1a: Serperior\n|-supereffective|p1a: Serperior\n|-damage|p1a: Serperior|0 fnt\n|faint|p1a: Serperior\n|\n|upkeep\n|\n|t:|1733789286\n|switch|p1a: Archaludon|Archaludon, L78, F|54/268\n|turn|18\n|\n|t:|1733789292\n|move|p1a: Archaludon|Iron Head|p2a: Medicham\n|-damage|p2a: Medicham|0 fnt\n|faint|p2a: Medicham\n|\n|upkeep\n|\n|t:|1733789295\n|switch|p2a: Dachsbun|Dachsbun, L92, F|118/254\n|-activate|p2a: Dachsbun|move: Sticky Web\n|-unboost|p2a: Dachsbun|spe|1\n|turn|19\n|\n|t:|1733789301\n|move|p2a: Dachsbun|Protect|p2a: Dachsbun\n|-singleturn|p2a: Dachsbun|Protect\n|move|p1a: Archaludon|Iron Head|p2a: Dachsbun\n|-activate|p2a: Dachsbun|move: Protect\n|\n|-heal|p2a: Dachsbun|133/254|[from] item: Leftovers\n|upkeep\n|turn|20\n|\n|t:|1733789308\n|-terastallize|p2a: Dachsbun|Steel\n|move|p1a: Archaludon|Iron Head|p2a: Dachsbun\n|-resisted|p2a: Dachsbun\n|-damage|p2a: Dachsbun|101/254\n|move|p2a: Dachsbun|Play Rough|p1a: Archaludon|[miss]\n|-miss|p2a: Dachsbun|p1a: Archaludon\n|\n|-heal|p2a: Dachsbun|116/254|[from] item: Leftovers\n|upkeep\n|turn|21\n|\n|t:|1733789315\n|move|p1a: Archaludon|Earthquake|p2a: Dachsbun\n|-supereffective|p2a: Dachsbun\n|-damage|p2a: Dachsbun|18/254\n|move|p2a: Dachsbun|Play Rough|p1a: Archaludon\n|-damage|p1a: Archaludon|0 fnt\n|faint|p1a: Archaludon\n|\n|-heal|p2a: Dachsbun|33/254|[from] item: Leftovers\n|upkeep\n|\n|t:|1733789332\n|switch|p1a: Froslass|Froslass, L87, F|263/263\n|turn|22\n|\n|t:|1733789349\n|move|p2a: Dachsbun|Protect|p2a: Dachsbun\n|-singleturn|p2a: Dachsbun|Protect\n|move|p1a: Froslass|Triple Axel|p2a: Dachsbun\n|-activate|p2a: Dachsbun|move: Protect\n|\n|-heal|p2a: Dachsbun|48/254|[from] item: Leftovers\n|upkeep\n|turn|23\n|\n|t:|1733789356\n|move|p1a: Froslass|Triple Axel|p2a: Dachsbun\n|-resisted|p2a: Dachsbun\n|-damage|p2a: Dachsbun|40/254\n|-resisted|p2a: Dachsbun\n|-damage|p2a: Dachsbun|26/254\n|-resisted|p2a: Dachsbun\n|-damage|p2a: Dachsbun|4/254\n|-hitcount|p2a: Dachsbun|3\n|move|p2a: Dachsbun|Play Rough|p1a: Froslass\n|-damage|p1a: Froslass|143/263\n|-start|p2a: Dachsbun|Disable|Play Rough|[from] ability: Cursed Body|[of] p1a: Froslass\n|\n|-heal|p2a: Dachsbun|19/254|[from] item: Leftovers\n|upkeep\n|turn|24\n|\n|t:|1733789371\n|move|p2a: Dachsbun|Protect|p2a: Dachsbun\n|-singleturn|p2a: Dachsbun|Protect\n|move|p1a: Froslass|Poltergeist|p2a: Dachsbun\n|-activate|p2a: Dachsbun|move: Protect\n|\n|-heal|p2a: Dachsbun|34/254|[from] item: Leftovers\n|upkeep\n|turn|25\n|\n|t:|1733789385\n|move|p1a: Froslass|Poltergeist|p2a: Dachsbun\n|-activate|p2a: Dachsbun|move: Poltergeist|Leftovers\n|-damage|p2a: Dachsbun|0 fnt\n|faint|p2a: Dachsbun\n|\n|upkeep\n|\n|t:|1733789398\n|switch|p2a: Raging Bolt|Raging Bolt, L78|323/323\n|-activate|p2a: Raging Bolt|move: Sticky Web\n|-unboost|p2a: Raging Bolt|spe|1\n|turn|26\n|\n|t:|1733789406\n|move|p1a: Froslass|Destiny Bond|p1a: Froslass\n|-singlemove|p1a: Froslass|Destiny Bond\n|move|p2a: Raging Bolt|Volt Switch|p1a: Froslass\n|-damage|p1a: Froslass|52/263\n|\n|t:|1733789411\n|-end|p2a: Raging Bolt|Protosynthesis|[silent]\n|switch|p2a: Orthworm|Orthworm, L88, M|266/266|[from] Volt Switch\n|-activate|p2a: Orthworm|move: Sticky Web\n|-unboost|p2a: Orthworm|spe|1\n|\n|upkeep\n|turn|27\n|\n|t:|1733789418\n|move|p1a: Froslass|Spikes|p2a: Orthworm\n|-sidestart|p2: CACAPEDOPUIS|Spikes\n|move|p2a: Orthworm|Heavy Slam|p1a: Froslass\n|-supereffective|p1a: Froslass\n|-damage|p1a: Froslass|0 fnt\n|faint|p1a: Froslass\n|\n|upkeep\n|\n|t:|1733789423\n|switch|p1a: Tatsugiri|Tatsugiri-Droopy, L87, M|260/260\n|turn|28\n|\n|t:|1733789433\n|move|p1a: Tatsugiri|Nasty Plot|p1a: Tatsugiri\n|-boost|p1a: Tatsugiri|spa|2\n|move|p2a: Orthworm|Heavy Slam|p1a: Tatsugiri\n|-resisted|p1a: Tatsugiri\n|-damage|p1a: Tatsugiri|176/260\n|\n|upkeep\n|turn|29\n|\n|t:|1733789443\n|move|p1a: Tatsugiri|Nasty Plot|p1a: Tatsugiri\n|-boost|p1a: Tatsugiri|spa|2\n|move|p2a: Orthworm|Heavy Slam|p1a: Tatsugiri\n|-resisted|p1a: Tatsugiri\n|-damage|p1a: Tatsugiri|89/260\n|\n|upkeep\n|turn|30\n|\n|t:|1733789473\n|move|p1a: Tatsugiri|Surf|p2a: Orthworm\n|-damage|p2a: Orthworm|0 fnt\n|faint|p2a: Orthworm\n|\n|upkeep\n|\n|t:|1733789479\n|switch|p2a: Raging Bolt|Raging Bolt, L78|323/323\n|-activate|p2a: Raging Bolt|move: Sticky Web\n|-unboost|p2a: Raging Bolt|spe|1\n|-damage|p2a: Raging Bolt|283/323|[from] Spikes\n|turn|31\n|\n|t:|1733789486\n|move|p2a: Raging Bolt|Thunderclap|p1a: Tatsugiri\n|-damage|p1a: Tatsugiri|11/260\n|move|p1a: Tatsugiri|Draco Meteor|p2a: Raging Bolt\n|-supereffective|p2a: Raging Bolt\n|-damage|p2a: Raging Bolt|0 fnt\n|-unboost|p1a: Tatsugiri|spa|2\n|faint|p2a: Raging Bolt\n|-end|p2a: Raging Bolt|Protosynthesis|[silent]\n|\n|upkeep\n|\n|t:|1733789492\n|switch|p2a: Toedscruel|Toedscruel, L87, F|281/281\n|-activate|p2a: Toedscruel|move: Sticky Web\n|-unboost|p2a: Toedscruel|spe|1\n|-damage|p2a: Toedscruel|246/281|[from] Spikes\n|turn|32\n|c|\u2606CACAPEDOPUIS|please god\n|\n|t:|1733789502\n|move|p1a: Tatsugiri|Draco Meteor|p2a: Toedscruel\n|-damage|p2a: Toedscruel|0 fnt\n|-unboost|p1a: Tatsugiri|spa|2\n|faint|p2a: Toedscruel\n|\n|win|RealGreenz\n|raw|RealGreenz's rating: 1131 &rarr; <strong>1157</strong><br />(+26 for winning)\n|raw|CACAPEDOPUIS's rating: 1142 &rarr; <strong>1116</strong><br />(-26 for losing)\n", "inputlog": ">version bfd83cad13791eb5a5a409923076391caf6fb4d4\n>start {\"formatid\":\"gen9randombattle\",\"seed\":[62346,40932,50202,30222],\"rated\":\"Rated battle\"}\n>player p1 {\"name\":\"RealGreenz\",\"avatar\":\"1\",\"rating\":1131,\"seed\":[53205,31496,50761,40832]}\n>player p2 {\"name\":\"CACAPEDOPUIS\",\"avatar\":\"twins-gen4dp\",\"rating\":1142,\"seed\":[6802,63969,59922,49634]}\n>p1 move swordsdance\n>p2 move dracometeor\n>p1 move earthquake\n>p2 switch 6\n>p1 switch 5\n>p2 move protect\n>p1 move stickyweb\n>p2 move wish\n>p1 move liquidation\n>p2 move playrough\n>p1 move leechlife\n>p2 move wish\n>p1 move leechlife\n>p2 move protect\n>p1 move leechlife\n>p2 move wish\n>p1 move leechlife\n>p2 move playrough\n>p1 move liquidation\n>p2 move playrough\n>p1 switch 6\n>p1 move calmmind\n>p2 move wish\n>p1 move calmmind\n>p2 move playrough\n>p1 move aeroblast\n>p2 move wish\n>p1 move aeroblast\n>p2 switch 5\n>p1 move earthpower\n>p2 move stoneedge\n>p1 switch 4\n>p1 move leafstorm\n>p2 move suckerpunch\n>p2 switch 4\n>p1 move leafstorm\n>p2 move icepunch\n>p1 switch 5\n>p1 move ironhead\n>p2 move icepunch\n>p2 switch 5\n>p1 move ironhead\n>p2 move protect\n>p1 move ironhead\n>p2 move playrough terastallize\n>p1 move earthquake\n>p2 move playrough\n>p1 switch 3\n>p1 move tripleaxel\n>p2 move protect\n>p1 move tripleaxel\n>p2 move playrough\n>p1 move poltergeist\n>p2 move protect\n>p1 move poltergeist\n>p2 move wish\n>p2 switch 6\n>p1 move destinybond\n>p2 move voltswitch\n>p2 switch 2\n>p1 move spikes\n>p2 move heavyslam\n>p1 switch 2\n>p1 move nastyplot\n>p2 move heavyslam\n>p1 move nastyplot\n>p2 move heavyslam\n>p1 move surf\n>p2 move heavyslam\n>p2 switch 2\n>p1 move dracometeor\n>p2 move thunderclap\n>p2 switch 3\n>chat \u2606CACAPEDOPUIS|please god\n>p1 move dracometeor\n>p2 move rapidspin", "uploadtime": 1733789510, "views": 2, "formatid": "gen9randombattle", "rating": 1116, "private": 0, "password": null}