{"id": "gen9randombattle-2260656817", "format": "[Gen 9] Random Battle", "players": ["Pinkbullet", "InfiniteAscent"], "log": "|j|\u2606Pinkbullet\n|j|\u2606InfiniteAscent\n|t:|1733874635\n|gametype|singles\n|player|p1|Pinkbullet|266|1801\n|player|p2|InfiniteAscent|n|1795\n|teamsize|p1|6\n|teamsize|p2|6\n|gen|9\n|tier|[Gen 9] Random Battle\n|rated|\n|rule|Species Clause: Limit one of each Pok\u00e9mon\n|rule|HP Percentage Mod: HP is shown in percentages\n|rule|Sleep Clause Mod: Limit one foe put to sleep\n|rule|Illusion Level Mod: Illusion disguises the Pok\u00e9mon's true level\n|\n|t:|1733874635\n|start\n|switch|p1a: Seviper|Seviper, L93, M|287/287\n|switch|p2a: Hoopa|Hoopa, L85|275/275\n|turn|1\n|\n|t:|1733874646\n|switch|p1a: Noctowl|Noctowl, L95, F|344/344\n|move|p2a: Hoopa|Psyshock|p1a: Noctowl\n|-damage|p1a: Noctowl|187/344\n|\n|upkeep\n|turn|2\n|inactive|Battle timer is ON: inactive players will automatically lose when time's up. (requested by Pinkbullet)\n|\n|t:|1733874654\n|switch|p1a: Meowscarada|Meowscarada, L78, F|247/247\n|move|p2a: Hoopa|Psyshock|p1a: Meowscarada\n|-immune|p1a: Meowscarada\n|\n|upkeep\n|turn|3\n|\n|t:|1733874661\n|switch|p2a: Weezing|Weezing-Galar, L86, M|252/252\n|move|p1a: Meowscarada|U-turn|p2a: Weezing\n|-start|p1a: Meowscarada|typechange|Bug|[from] ability: Protean\n|-resisted|p2a: Weezing\n|-damage|p2a: Weezing|230/252\n|\n|t:|1733874687\n|switch|p1a: Seviper|Seviper, L93, M|287/287|[from] U-turn\n|\n|-heal|p2a: Weezing|245/252|[from] item: Leftovers\n|upkeep\n|turn|4\n|\n|t:|1733874693\n|move|p1a: Seviper|Trailblaze|p2a: Weezing\n|-resisted|p2a: Weezing\n|-damage|p2a: Weezing|227/252\n|-boost|p1a: Seviper|spe|1\n|move|p2a: Weezing|Will-O-Wisp|p1a: Seviper\n|-status|p1a: Seviper|brn\n|\n|-heal|p2a: Weezing|242/252|[from] item: Leftovers\n|-damage|p1a: Seviper|270/287 brn|[from] brn\n|upkeep\n|turn|5\n|\n|t:|1733874706\n|switch|p2a: Hoopa|Hoopa, L85|275/275\n|move|p1a: Seviper|Swords Dance|p1a: Seviper\n|-boost|p1a: Seviper|atk|2\n|\n|-heal|p1a: Seviper|287/287 brn|[from] item: Leftovers\n|-damage|p1a: Seviper|270/287 brn|[from] brn\n|upkeep\n|turn|6\n|\n|t:|1733874721\n|move|p1a: Seviper|Gunk Shot|p2a: Hoopa\n|-resisted|p2a: Hoopa\n|-damage|p2a: Hoopa|176/275\n|move|p2a: Hoopa|Focus Blast|p1a: Seviper\n|-resisted|p1a: Seviper\n|-damage|p1a: Seviper|190/287 brn\n|\n|-heal|p1a: Seviper|207/287 brn|[from] item: Leftovers\n|-damage|p1a: Seviper|190/287 brn|[from] brn\n|upkeep\n|turn|7\n|\n|t:|1733874730\n|switch|p2a: Mesprit|Mesprit, L85|275/275\n|move|p1a: Seviper|Swords Dance|p1a: Seviper\n|-boost|p1a: Seviper|atk|2\n|\n|-heal|p1a: Seviper|207/287 brn|[from] item: Leftovers\n|-damage|p1a: Seviper|190/287 brn|[from] brn\n|upkeep\n|turn|8\n|\n|t:|1733874739\n|move|p2a: Mesprit|Psychic|p1a: Seviper\n|-supereffective|p1a: Seviper\n|-damage|p1a: Seviper|0 fnt\n|faint|p1a: Seviper\n|\n|upkeep\n|\n|t:|1733874743\n|switch|p1a: Meowscarada|Meowscarada, L78, F|247/247\n|turn|9\n|\n|t:|1733874749\n|switch|p2a: Weezing|Weezing-Galar, L86, M|242/252\n|move|p1a: Meowscarada|Knock Off|p2a: Weezing\n|-start|p1a: Meowscarada|typechange|Dark|[from] ability: Protean\n|-resisted|p2a: Weezing\n|-damage|p2a: Weezing|181/252\n|-enditem|p2a: Weezing|Leftovers|[from] move: Knock Off|[of] p1a: Meowscarada\n|\n|upkeep\n|turn|10\n|\n|t:|1733874758\n|switch|p1a: Arcanine|Arcanine, L84, M|288/288\n|-ability|p1a: Arcanine|Intimidate|boost\n|-unboost|p2a: Weezing|atk|1\n|move|p2a: Weezing|Will-O-Wisp|p1a: Arcanine\n|-immune|p1a: Arcanine\n|\n|upkeep\n|turn|11\n|\n|t:|1733874768\n|switch|p2a: Dondozo|Dondozo, L78, M|362/362\n|move|p1a: Arcanine|Flare Blitz|p2a: Dondozo\n|-resisted|p2a: Dondozo\n|-damage|p2a: Dondozo|296/362\n|-damage|p1a: Arcanine|266/288|[from] Recoil\n|\n|-heal|p2a: Dondozo|318/362|[from] item: Leftovers\n|upkeep\n|turn|12\n|\n|t:|1733874780\n|switch|p1a: Arboliva|Arboliva, L91, F|288/288\n|switch|p2a: Weezing|Weezing-Galar, L86, M|181/252\n|\n|upkeep\n|turn|13\n|\n|t:|1733874793\n|move|p2a: Weezing|Gunk Shot|p1a: Arboliva\n|-supereffective|p1a: Arboliva\n|-damage|p1a: Arboliva|76/288\n|-enditem|p1a: Arboliva|Sitrus Berry|[eat]\n|-heal|p1a: Arboliva|148/288|[from] item: Sitrus Berry\n|move|p1a: Arboliva|Leech Seed|p2a: Weezing\n|-start|p2a: Weezing|move: Leech Seed\n|\n|-damage|p2a: Weezing|150/252|[from] Leech Seed|[of] p1a: Arboliva\n|-heal|p1a: Arboliva|179/288|[silent]\n|-item|p1a: Arboliva|Sitrus Berry|[from] ability: Harvest\n|upkeep\n|turn|14\n|\n|t:|1733874802\n|move|p1a: Arboliva|Protect|p1a: Arboliva\n|-singleturn|p1a: Arboliva|Protect\n|move|p2a: Weezing|Gunk Shot|p1a: Arboliva\n|-activate|p1a: Arboliva|move: Protect\n|\n|-damage|p2a: Weezing|119/252|[from] Leech Seed|[of] p1a: Arboliva\n|-heal|p1a: Arboliva|210/288|[silent]\n|upkeep\n|turn|15\n|\n|t:|1733874809\n|switch|p1a: Sandslash|Sandslash-Alola, L88, F|275/275\n|move|p2a: Weezing|Gunk Shot|p1a: Sandslash\n|-immune|p1a: Sandslash\n|\n|-damage|p2a: Weezing|88/252|[from] Leech Seed|[of] p1a: Sandslash\n|upkeep\n|turn|16\n|\n|t:|1733874822\n|switch|p2a: Dondozo|Dondozo, L78, M|318/362\n|move|p1a: Sandslash|Triple Axel|p2a: Dondozo\n|-resisted|p2a: Dondozo\n|-damage|p2a: Dondozo|308/362\n|-resisted|p2a: Dondozo\n|-damage|p2a: Dondozo|286/362\n|-hitcount|p2a: Dondozo|2\n|\n|-heal|p2a: Dondozo|308/362|[from] item: Leftovers\n|upkeep\n|turn|17\n|\n|t:|1733874836\n|switch|p1a: Arboliva|Arboliva, L91, F|210/288\n|switch|p2a: Mamoswine|Mamoswine, L81, M|311/311\n|\n|upkeep\n|turn|18\n|\n|t:|1733874845\n|switch|p1a: Arcanine|Arcanine, L84, M|266/288\n|-ability|p1a: Arcanine|Intimidate|boost\n|-unboost|p2a: Mamoswine|atk|1\n|move|p2a: Mamoswine|Icicle Crash|p1a: Arcanine|[miss]\n|-miss|p2a: Mamoswine|p1a: Arcanine\n|\n|upkeep\n|turn|19\n|\n|t:|1733874858\n|switch|p1a: Arboliva|Arboliva, L91, F|210/288\n|switch|p2a: Dondozo|Dondozo, L78, M|308/362\n|\n|-heal|p2a: Dondozo|330/362|[from] item: Leftovers\n|upkeep\n|turn|20\n|\n|t:|1733874866\n|switch|p2a: Weezing|Weezing-Galar, L86, M|88/252\n|move|p1a: Arboliva|Substitute|p1a: Arboliva\n|-start|p1a: Arboliva|Substitute\n|-damage|p1a: Arboliva|138/288\n|-enditem|p1a: Arboliva|Sitrus Berry|[eat]\n|-heal|p1a: Arboliva|210/288|[from] item: Sitrus Berry\n|\n|upkeep\n|turn|21\n|\n|t:|1733874877\n|move|p2a: Weezing|Strange Steam|p1a: Arboliva\n|-end|p1a: Arboliva|Substitute\n|move|p1a: Arboliva|Leech Seed|p2a: Weezing\n|-start|p2a: Weezing|move: Leech Seed\n|\n|-damage|p2a: Weezing|57/252|[from] Leech Seed|[of] p1a: Arboliva\n|-heal|p1a: Arboliva|241/288|[silent]\n|-item|p1a: Arboliva|Sitrus Berry|[from] ability: Harvest\n|upkeep\n|turn|22\n|\n|t:|1733874890\n|move|p2a: Weezing|Strange Steam|p1a: Arboliva\n|-damage|p1a: Arboliva|169/288\n|move|p1a: Arboliva|Substitute|p1a: Arboliva\n|-start|p1a: Arboliva|Substitute\n|-damage|p1a: Arboliva|97/288\n|-enditem|p1a: Arboliva|Sitrus Berry|[eat]\n|-heal|p1a: Arboliva|169/288|[from] item: Sitrus Berry\n|\n|-damage|p2a: Weezing|26/252|[from] Leech Seed|[of] p1a: Arboliva\n|-heal|p1a: Arboliva|200/288|[silent]\n|-item|p1a: Arboliva|Sitrus Berry|[from] ability: Harvest\n|upkeep\n|turn|23\n|\n|t:|1733874903\n|switch|p2a: Mamoswine|Mamoswine, L81, M|311/311\n|move|p1a: Arboliva|Leech Seed|p2a: Mamoswine\n|-start|p2a: Mamoswine|move: Leech Seed\n|\n|-damage|p2a: Mamoswine|273/311|[from] Leech Seed|[of] p1a: Arboliva\n|-heal|p1a: Arboliva|238/288|[silent]\n|upkeep\n|turn|24\n|\n|t:|1733874910\n|switch|p2a: Weezing|Weezing-Galar, L86, M|26/252\n|move|p1a: Arboliva|Protect||[still]\n|-fail|p1a: Arboliva\n|\n|upkeep\n|turn|25\n|\n|t:|1733874920\n|move|p2a: Weezing|Defog||[still]\n|-fail|p2a: Weezing\n|move|p1a: Arboliva|Leech Seed|p2a: Weezing\n|-start|p2a: Weezing|move: Leech Seed\n|\n|-damage|p2a: Weezing|0 fnt|[from] Leech Seed|[of] p1a: Arboliva\n|-heal|p1a: Arboliva|264/288|[silent]\n|faint|p2a: Weezing\n|upkeep\n|\n|t:|1733874943\n|switch|p2a: Mamoswine|Mamoswine, L81, M|273/311\n|turn|26\n|\n|t:|1733874951\n|move|p2a: Mamoswine|Icicle Crash|p1a: Arboliva|[miss]\n|-miss|p2a: Mamoswine|p1a: Arboliva\n|move|p1a: Arboliva|Leech Seed|p2a: Mamoswine\n|-start|p2a: Mamoswine|move: Leech Seed\n|\n|-damage|p2a: Mamoswine|235/311|[from] Leech Seed|[of] p1a: Arboliva\n|-heal|p1a: Arboliva|288/288|[silent]\n|upkeep\n|turn|27\n|c|\u2606InfiniteAscent|bruh\n|\n|t:|1733874961\n|switch|p2a: Mesprit|Mesprit, L85|275/275\n|move|p1a: Arboliva|Hyper Voice|p2a: Mesprit\n|-damage|p2a: Mesprit|154/275\n|\n|upkeep\n|turn|28\n|\n|t:|1733874968\n|move|p2a: Mesprit|Psychic|p1a: Arboliva\n|-end|p1a: Arboliva|Substitute\n|move|p1a: Arboliva|Leech Seed|p2a: Mesprit\n|-start|p2a: Mesprit|move: Leech Seed\n|\n|-damage|p2a: Mesprit|120/275|[from] Leech Seed|[of] p1a: Arboliva\n|upkeep\n|turn|29\n|\n|t:|1733874979\n|switch|p2a: Hoopa|Hoopa, L85|176/275\n|move|p1a: Arboliva|Substitute|p1a: Arboliva\n|-start|p1a: Arboliva|Substitute\n|-damage|p1a: Arboliva|216/288\n|\n|upkeep\n|turn|30\n|\n|t:|1733874999\n|move|p2a: Hoopa|Focus Blast|p1a: Arboliva|[miss]\n|-miss|p2a: Hoopa|p1a: Arboliva\n|move|p1a: Arboliva|Leech Seed|p2a: Hoopa\n|-start|p2a: Hoopa|move: Leech Seed\n|\n|-damage|p2a: Hoopa|142/275|[from] Leech Seed|[of] p1a: Arboliva\n|-heal|p1a: Arboliva|250/288|[silent]\n|upkeep\n|turn|31\n|c|\u2606InfiniteAscent|ok yeah i'm not using any more moves that aren't 100% accurate\n|\n|t:|1733875022\n|switch|p2a: Mesprit|Mesprit, L85|120/275\n|move|p1a: Arboliva|Protect||[still]\n|-fail|p1a: Arboliva\n|\n|upkeep\n|turn|32\n|\n|t:|1733875030\n|move|p2a: Mesprit|Psychic|p1a: Arboliva\n|-end|p1a: Arboliva|Substitute\n|move|p1a: Arboliva|Leech Seed|p2a: Mesprit\n|-start|p2a: Mesprit|move: Leech Seed\n|\n|-damage|p2a: Mesprit|86/275|[from] Leech Seed|[of] p1a: Arboliva\n|-heal|p1a: Arboliva|284/288|[silent]\n|upkeep\n|turn|33\n|\n|t:|1733875035\n|move|p2a: Mesprit|Psychic|p1a: Arboliva\n|-damage|p1a: Arboliva|208/288\n|move|p1a: Arboliva|Substitute|p1a: Arboliva\n|-start|p1a: Arboliva|Substitute\n|-damage|p1a: Arboliva|136/288\n|-enditem|p1a: Arboliva|Sitrus Berry|[eat]\n|-heal|p1a: Arboliva|208/288|[from] item: Sitrus Berry\n|\n|-damage|p2a: Mesprit|52/275|[from] Leech Seed|[of] p1a: Arboliva\n|-heal|p1a: Arboliva|242/288|[silent]\n|upkeep\n|turn|34\n|\n|t:|1733875039\n|move|p2a: Mesprit|Psychic|p1a: Arboliva\n|-end|p1a: Arboliva|Substitute\n|move|p1a: Arboliva|Hyper Voice|p2a: Mesprit\n|-damage|p2a: Mesprit|0 fnt\n|faint|p2a: Mesprit\n|\n|-item|p1a: Arboliva|Sitrus Berry|[from] ability: Harvest\n|upkeep\n|\n|t:|1733875042\n|switch|p2a: Hoopa|Hoopa, L85|142/275\n|turn|35\n|\n|t:|1733875051\n|switch|p1a: Noctowl|Noctowl, L95, F|187/344\n|move|p2a: Hoopa|Trick|p1a: Noctowl\n|-activate|p2a: Hoopa|move: Trick|[of] p1a: Noctowl\n|-item|p1a: Noctowl|Choice Scarf|[from] move: Trick\n|-item|p2a: Hoopa|Heavy-Duty Boots|[from] move: Trick\n|\n|upkeep\n|turn|36\n|\n|t:|1733875067\n|move|p1a: Noctowl|Hurricane|p2a: Hoopa\n|-damage|p2a: Hoopa|43/275\n|move|p2a: Hoopa|Psyshock|p1a: Noctowl\n|-damage|p1a: Noctowl|27/344\n|\n|upkeep\n|turn|37\n|\n|t:|1733875074\n|move|p1a: Noctowl|Hurricane|p2a: Hoopa|[miss]\n|-miss|p1a: Noctowl|p2a: Hoopa\n|move|p2a: Hoopa|Psyshock|p1a: Noctowl\n|-damage|p1a: Noctowl|0 fnt\n|faint|p1a: Noctowl\n|\n|upkeep\n|\n|t:|1733875077\n|switch|p1a: Meowscarada|Meowscarada, L78, F|247/247\n|turn|38\n|\n|t:|1733875086\n|move|p1a: Meowscarada|U-turn|p2a: Hoopa\n|-start|p1a: Meowscarada|typechange|Bug|[from] ability: Protean\n|-damage|p2a: Hoopa|0 fnt\n|faint|p2a: Hoopa\n|\n|t:|1733875092\n|switch|p1a: Arcanine|Arcanine, L84, M|266/288|[from] U-turn\n|\n|upkeep\n|\n|t:|1733875097\n|switch|p2a: Mamoswine|Mamoswine, L81, M|235/311\n|turn|39\n|\n|t:|1733875110\n|switch|p2a: Dondozo|Dondozo, L78, M|330/362\n|move|p1a: Arcanine|Flare Blitz|p2a: Dondozo\n|-resisted|p2a: Dondozo\n|-damage|p2a: Dondozo|270/362\n|-damage|p1a: Arcanine|246/288|[from] Recoil\n|\n|-heal|p2a: Dondozo|292/362|[from] item: Leftovers\n|upkeep\n|turn|40\n|\n|t:|1733875137\n|switch|p1a: Arboliva|Arboliva, L91, F|242/288\n|switch|p2a: Mamoswine|Mamoswine, L81, M|235/311\n|\n|upkeep\n|turn|41\n|\n|t:|1733875147\n|switch|p1a: Arcanine|Arcanine, L84, M|246/288\n|-ability|p1a: Arcanine|Intimidate|boost\n|-unboost|p2a: Mamoswine|atk|1\n|move|p2a: Mamoswine|Knock Off|p1a: Arcanine\n|-damage|p1a: Arcanine|166/288\n|-enditem|p1a: Arcanine|Heavy-Duty Boots|[from] move: Knock Off|[of] p2a: Mamoswine\n|\n|upkeep\n|turn|42\n|\n|t:|1733875156\n|switch|p1a: Arboliva|Arboliva, L91, F|242/288\n|switch|p2a: Dondozo|Dondozo, L78, M|292/362\n|\n|-heal|p2a: Dondozo|314/362|[from] item: Leftovers\n|upkeep\n|turn|43\n|\n|t:|1733875169\n|move|p1a: Arboliva|Substitute|p1a: Arboliva\n|-start|p1a: Arboliva|Substitute\n|-damage|p1a: Arboliva|170/288\n|move|p2a: Dondozo|Wave Crash|p1a: Arboliva\n|-resisted|p1a: Arboliva\n|-activate|p1a: Arboliva|move: Substitute|[damage]\n|-damage|p2a: Dondozo|296/362|[from] Recoil|[of] p1a: Arboliva\n|\n|-heal|p2a: Dondozo|318/362|[from] item: Leftovers\n|upkeep\n|turn|44\n|c|\u2606InfiniteAscent|bruh i predicted that\n|c|\u2606InfiniteAscent|but ofc\n|c|\u2606InfiniteAscent|welp\n|\n|t:|1733875183\n|move|p1a: Arboliva|Leech Seed|p2a: Dondozo\n|-start|p2a: Dondozo|move: Leech Seed\n|move|p2a: Dondozo|Wave Crash|p1a: Arboliva\n|-resisted|p1a: Arboliva\n|-end|p1a: Arboliva|Substitute\n|-damage|p2a: Dondozo|312/362|[from] Recoil|[of] p1a: Arboliva\n|\n|-heal|p2a: Dondozo|334/362|[from] item: Leftovers\n|-damage|p2a: Dondozo|289/362|[from] Leech Seed|[of] p1a: Arboliva\n|-heal|p1a: Arboliva|215/288|[silent]\n|upkeep\n|turn|45\n|\n|t:|1733875199\n|switch|p2a: Mamoswine|Mamoswine, L81, M|235/311\n|move|p1a: Arboliva|Substitute|p1a: Arboliva\n|-start|p1a: Arboliva|Substitute\n|-damage|p1a: Arboliva|143/288\n|-enditem|p1a: Arboliva|Sitrus Berry|[eat]\n|-heal|p1a: Arboliva|215/288|[from] item: Sitrus Berry\n|\n|-item|p1a: Arboliva|Sitrus Berry|[from] ability: Harvest\n|upkeep\n|turn|46\n|inactive|InfiniteAscent has 120 seconds left.\n|\n|t:|1733875224\n|move|p2a: Mamoswine|Icicle Crash|p1a: Arboliva\n|-supereffective|p1a: Arboliva\n|-end|p1a: Arboliva|Substitute\n|move|p1a: Arboliva|Leech Seed|p2a: Mamoswine\n|-start|p2a: Mamoswine|move: Leech Seed\n|\n|-damage|p2a: Mamoswine|197/311|[from] Leech Seed|[of] p1a: Arboliva\n|-heal|p1a: Arboliva|253/288|[silent]\n|upkeep\n|turn|47\n|inactive|InfiniteAscent has 120 seconds left.\n|\n|t:|1733875235\n|switch|p2a: Dondozo|Dondozo, L78, M|289/362\n|move|p1a: Arboliva|Protect||[still]\n|-fail|p1a: Arboliva\n|\n|-heal|p2a: Dondozo|311/362|[from] item: Leftovers\n|upkeep\n|turn|48\n|inactive|InfiniteAscent has 120 seconds left.\n|\n|t:|1733875245\n|move|p1a: Arboliva|Substitute|p1a: Arboliva\n|-start|p1a: Arboliva|Substitute\n|-damage|p1a: Arboliva|181/288\n|move|p2a: Dondozo|Curse|p2a: Dondozo\n|-unboost|p2a: Dondozo|spe|1\n|-boost|p2a: Dondozo|atk|1\n|-boost|p2a: Dondozo|def|1\n|\n|-heal|p2a: Dondozo|333/362|[from] item: Leftovers\n|upkeep\n|turn|49\n|\n|t:|1733875249\n|move|p1a: Arboliva|Leech Seed|p2a: Dondozo\n|-start|p2a: Dondozo|move: Leech Seed\n|move|p2a: Dondozo|Wave Crash|p1a: Arboliva\n|-resisted|p1a: Arboliva\n|-end|p1a: Arboliva|Substitute\n|-damage|p2a: Dondozo|309/362|[from] Recoil|[of] p1a: Arboliva\n|\n|-heal|p2a: Dondozo|331/362|[from] item: Leftovers\n|-damage|p2a: Dondozo|286/362|[from] Leech Seed|[of] p1a: Arboliva\n|-heal|p1a: Arboliva|226/288|[silent]\n|upkeep\n|turn|50\n|\n|t:|1733875255\n|switch|p2a: Mamoswine|Mamoswine, L81, M|197/311\n|move|p1a: Arboliva|Hyper Voice|p2a: Mamoswine\n|-damage|p2a: Mamoswine|5/311\n|\n|upkeep\n|turn|51\n|\n|t:|1733875262\n|move|p1a: Arboliva|Protect|p1a: Arboliva\n|-singleturn|p1a: Arboliva|Protect\n|move|p2a: Mamoswine|Icicle Crash|p1a: Arboliva\n|-activate|p1a: Arboliva|move: Protect\n|\n|upkeep\n|turn|52\n|\n|t:|1733875267\n|switch|p1a: Arcanine|Arcanine, L84, M|166/288\n|-ability|p1a: Arcanine|Intimidate|boost\n|-unboost|p2a: Mamoswine|atk|1\n|move|p2a: Mamoswine|Icicle Crash|p1a: Arcanine|[miss]\n|-miss|p2a: Mamoswine|p1a: Arcanine\n|\n|upkeep\n|turn|53\n|c|\u2606InfiniteAscent|bruh\n|c|\u2606InfiniteAscent|3/4 misses is crazy\n|inactive|Pinkbullet has 120 seconds left.\n|\n|t:|1733875305\n|move|p1a: Arcanine|Extreme Speed|p2a: Mamoswine\n|-damage|p2a: Mamoswine|0 fnt\n|faint|p2a: Mamoswine\n|\n|upkeep\n|\n|t:|1733875319\n|switch|p2a: Kingdra|Kingdra, L84, M|263/263\n|turn|54\n|\n|t:|1733875333\n|switch|p1a: Arboliva|Arboliva, L91, F|226/288\n|move|p2a: Kingdra|Dragon Dance|p2a: Kingdra\n|-boost|p2a: Kingdra|atk|1\n|-boost|p2a: Kingdra|spe|1\n|\n|upkeep\n|turn|55\n|inactive|InfiniteAscent has 120 seconds left.\n|\n|t:|1733875361\n|move|p2a: Kingdra|Dragon Dance|p2a: Kingdra\n|-boost|p2a: Kingdra|atk|1\n|-boost|p2a: Kingdra|spe|1\n|move|p1a: Arboliva|Leech Seed|p2a: Kingdra|[miss]\n|-miss|p1a: Arboliva|p2a: Kingdra\n|\n|upkeep\n|turn|56\n|inactive|InfiniteAscent has 120 seconds left.\n|c|\u2606InfiniteAscent|finally some luck\n|\n|t:|1733875382\n|move|p2a: Kingdra|Dragon Dance|p2a: Kingdra\n|-boost|p2a: Kingdra|atk|1\n|-boost|p2a: Kingdra|spe|1\n|move|p1a: Arboliva|Leech Seed|p2a: Kingdra\n|-start|p2a: Kingdra|move: Leech Seed\n|\n|-damage|p2a: Kingdra|231/263|[from] Leech Seed|[of] p1a: Arboliva\n|-heal|p1a: Arboliva|258/288|[silent]\n|upkeep\n|turn|57\n|\n|t:|1733875389\n|move|p1a: Arboliva|Protect|p1a: Arboliva\n|-singleturn|p1a: Arboliva|Protect\n|move|p2a: Kingdra|Outrage|p1a: Arboliva\n|-activate|p1a: Arboliva|move: Protect\n|\n|-damage|p2a: Kingdra|199/263|[from] Leech Seed|[of] p1a: Arboliva\n|-heal|p1a: Arboliva|288/288|[silent]\n|upkeep\n|turn|58\n|\n|t:|1733875399\n|move|p2a: Kingdra|Outrage|p1a: Arboliva\n|-damage|p1a: Arboliva|29/288\n|-enditem|p1a: Arboliva|Sitrus Berry|[eat]\n|-heal|p1a: Arboliva|101/288|[from] item: Sitrus Berry\n|move|p1a: Arboliva|Substitute|p1a: Arboliva\n|-start|p1a: Arboliva|Substitute\n|-damage|p1a: Arboliva|29/288\n|\n|-damage|p2a: Kingdra|167/263|[from] Leech Seed|[of] p1a: Arboliva\n|-heal|p1a: Arboliva|61/288|[silent]\n|upkeep\n|turn|59\n|\n|t:|1733875409\n|move|p2a: Kingdra|Outrage|p1a: Arboliva|[from]lockedmove\n|-end|p1a: Arboliva|Substitute\n|-start|p2a: Kingdra|confusion|[fatigue]\n|-enditem|p2a: Kingdra|Lum Berry|[eat]\n|-end|p2a: Kingdra|confusion\n|move|p1a: Arboliva|Hyper Voice|p2a: Kingdra\n|-crit|p2a: Kingdra\n|-damage|p2a: Kingdra|0 fnt\n|faint|p2a: Kingdra\n|\n|-item|p1a: Arboliva|Sitrus Berry|[from] ability: Harvest\n|upkeep\n|-enditem|p1a: Arboliva|Sitrus Berry|[eat]\n|-heal|p1a: Arboliva|133/288|[from] item: Sitrus Berry\n|c|\u2606InfiniteAscent|nvm crit mattered\n|c|\u2606InfiniteAscent|i give up bro\n|\n|t:|1733875425\n|switch|p2a: Dondozo|Dondozo, L78, M|286/362\n|turn|60\n|inactive|InfiniteAscent has 120 seconds left.\n|c|\u2606Pinkbullet|Leech sub very fun\n|c|\u2606InfiniteAscent|ngl i gotta figure out how to beat this\n|c|\u2606InfiniteAscent|like what could i have done better\n|c|\u2606InfiniteAscent|i feel like a got a lot of doubles\n|c|\u2606InfiniteAscent|but it didn't matter cuz mamoswine can't hit an icicle crash\n|inactive|InfiniteAscent has 90 seconds left.\n|\n|t:|1733875483\n|move|p1a: Arboliva|Leech Seed|p2a: Dondozo\n|-start|p2a: Dondozo|move: Leech Seed\n|move|p2a: Dondozo|Curse|p2a: Dondozo\n|-unboost|p2a: Dondozo|spe|1\n|-boost|p2a: Dondozo|atk|1\n|-boost|p2a: Dondozo|def|1\n|\n|-heal|p2a: Dondozo|308/362|[from] item: Leftovers\n|-damage|p2a: Dondozo|263/362|[from] Leech Seed|[of] p1a: Arboliva\n|-heal|p1a: Arboliva|178/288|[silent]\n|-item|p1a: Arboliva|Sitrus Berry|[from] ability: Harvest\n|upkeep\n|turn|61\n|\n|t:|1733875487\n|move|p1a: Arboliva|Hyper Voice|p2a: Dondozo\n|-damage|p2a: Dondozo|65/362\n|move|p2a: Dondozo|Curse|p2a: Dondozo\n|-unboost|p2a: Dondozo|spe|1\n|-boost|p2a: Dondozo|atk|1\n|-boost|p2a: Dondozo|def|1\n|\n|-heal|p2a: Dondozo|87/362|[from] item: Leftovers\n|-damage|p2a: Dondozo|42/362|[from] Leech Seed|[of] p1a: Arboliva\n|-heal|p1a: Arboliva|223/288|[silent]\n|upkeep\n|turn|62\n|\n|t:|1733875493\n|move|p1a: Arboliva|Hyper Voice|p2a: Dondozo\n|-damage|p2a: Dondozo|0 fnt\n|faint|p2a: Dondozo\n|\n|win|Pinkbullet\n|raw|Pinkbullet's rating: 1801 &rarr; <strong>1821</strong><br />(+20 for winning)\n|raw|InfiniteAscent's rating: 1795 &rarr; <strong>1775</strong><br />(-20 for losing)\n|c|\u2606Pinkbullet|gg\n|l|\u2606Pinkbullet\n|player|p1|\n|c|\u2606InfiniteAscent|gg :sob:\n", "inputlog": ">version bfd83cad13791eb5a5a409923076391caf6fb4d4\n>start {\"formatid\":\"gen9randombattle\",\"seed\":[6458,48787,61418,28345],\"rated\":\"Rated battle\"}\n>player p1 {\"name\":\"Pinkbullet\",\"avatar\":\"266\",\"rating\":1801,\"seed\":[51501,13962,46160,51449]}\n>player p2 {\"name\":\"InfiniteAscent\",\"avatar\":\"n\",\"rating\":1795,\"seed\":[41959,24958,52708,26831]}\n>p1 switch 6\n>p2 move psyshock\n>p1 switch 5\n>p2 move psyshock\n>p1 move uturn\n>p2 switch 4\n>p1 switch 6\n>p1 move trailblaze\n>p2 move willowisp\n>p1 move swordsdance\n>p2 switch 4\n>p1 move gunkshot\n>p2 move focusblast\n>p1 move swordsdance\n>p2 switch 6\n>p1 move gunkshot\n>p2 move psychic\n>p1 switch 6\n>p1 move knockoff\n>p2 switch 4\n>p1 switch 4\n>p2 move willowisp\n>p1 move flareblitz\n>p2 switch 2\n>p1 switch 3\n>p2 switch 2\n>p1 move leechseed\n>p2 move gunkshot\n>p1 move protect\n>p2 move gunkshot\n>p1 switch 2\n>p2 move gunkshot\n>p1 move tripleaxel\n>p2 switch 2\n>p1 switch 2\n>p2 switch 5\n>p1 switch 3\n>p2 move iciclecrash\n>p1 switch 3\n>p2 switch 5\n>p1 move substitute\n>p2 switch 2\n>p1 move leechseed\n>p2 move strangesteam\n>p1 move substitute\n>p2 move strangesteam\n>p1 move leechseed\n>p2 switch 5\n>p1 move protect\n>p2 switch 5\n>p1 move leechseed\n>p2 move defog\n>p2 switch 5\n>p1 move leechseed\n>p2 move iciclecrash\n>chat \u2606InfiniteAscent|bruh\n>p1 move hypervoice\n>p2 switch 4\n>p1 move leechseed\n>p2 move psychic\n>p1 move substitute\n>p2 switch 6\n>p1 move leechseed\n>p2 move focusblast\n>chat \u2606InfiniteAscent|ok yeah i'm not using any more moves that aren't 100% accurate\n>p1 move protect\n>p2 switch 6\n>p1 move leechseed\n>p2 move psychic\n>p1 move substitute\n>p2 move psychic\n>p1 move hypervoice\n>p2 move psychic\n>p2 switch 6\n>p1 switch 5\n>p2 move trick\n>p1 move hurricane\n>p2 move psyshock\n>p1 move hurricane\n>p2 move psyshock\n>p1 switch 4\n>p1 move uturn\n>p2 move focusblast\n>p1 switch 3\n>p2 switch 4\n>p1 move flareblitz\n>p2 switch 2\n>p1 switch 5\n>p2 switch 2\n>p1 switch 5\n>p2 move knockoff\n>p1 switch 5\n>p2 switch 2\n>p1 move substitute\n>p2 move wavecrash\n>chat \u2606InfiniteAscent|bruh i predicted that\n>chat \u2606InfiniteAscent|but ofc\n>chat \u2606InfiniteAscent|welp\n>p1 move leechseed\n>p2 move wavecrash\n>p1 move substitute\n>p2 switch 2\n>p1 move leechseed\n>p2 move iciclecrash\n>p1 move protect\n>p2 switch 2\n>p1 move substitute\n>p2 move curse\n>p1 move leechseed\n>p2 move wavecrash\n>p1 move hypervoice\n>p2 switch 2\n>p1 move protect\n>p2 move iciclecrash\n>p1 switch 5\n>p2 move iciclecrash\n>chat \u2606InfiniteAscent|bruh\n>chat \u2606InfiniteAscent|3/4 misses is crazy\n>p1 move extremespeed\n>p2 move iciclecrash\n>p2 switch 3\n>p1 switch 5\n>p2 move dragondance\n>p1 move leechseed\n>p2 move dragondance\n>chat \u2606InfiniteAscent|finally some luck\n>p1 move leechseed\n>p2 move dragondance\n>p1 move protect\n>p2 move outrage\n>p1 move substitute\n>p2 move outrage\n>p1 move hypervoice\n>p2 move outrage\n>chat \u2606InfiniteAscent|nvm crit mattered\n>chat \u2606InfiniteAscent|i give up bro\n>p2 switch 2\n>chat \u2606Pinkbullet|Leech sub very fun\n>chat \u2606InfiniteAscent|ngl i gotta figure out how to beat this\n>chat \u2606InfiniteAscent|like what could i have done better\n>chat \u2606InfiniteAscent|i feel like a got a lot of doubles\n>chat \u2606InfiniteAscent|but it didn't matter cuz mamoswine can't hit an icicle crash\n>p1 move leechseed\n>p2 move curse\n>p1 move hypervoice\n>p2 move curse\n>p1 move hypervoice\n>p2 move curse", "uploadtime": 1733875505, "views": 1, "formatid": "gen9randombattle", "rating": 1775, "private": 0, "password": null}