{"id": "gen9randombattle-2260387935", "format": "[Gen 9] Random Battle", "players": ["SteakBeater", "king jot"], "log": "|j|\u2606SteakBeater\n|j|\u203dking jot\n|t:|1733846693\n|gametype|singles\n|player|p1|SteakBeater|266|\n|player|p2|king jot|swimmerf|\n|teamsize|p1|6\n|teamsize|p2|6\n|gen|9\n|tier|[Gen 9] Random Battle\n|rule|Species Clause: Limit one of each Pok\u00e9mon\n|rule|HP Percentage Mod: HP is shown in percentages\n|rule|Sleep Clause Mod: Limit one foe put to sleep\n|rule|Illusion Level Mod: Illusion disguises the Pok\u00e9mon's true level\n|\n|t:|1733846693\n|start\n|switch|p1a: Abomasnow|Abomasnow, L85, M|291/291\n|switch|p2a: Calyrex|Calyrex, L93|337/337\n|-ability|p2a: Calyrex|Unnerve\n|-weather|Snow|[from] ability: Snow Warning|[of] p1a: Abomasnow\n|turn|1\n|\n|t:|1733846708\n|-terastallize|p2a: Calyrex|Steel\n|move|p2a: Calyrex|Calm Mind|p2a: Calyrex\n|-boost|p2a: Calyrex|spa|1\n|-boost|p2a: Calyrex|spd|1\n|move|p1a: Abomasnow|Aurora Veil|p1a: Abomasnow\n|-sidestart|p1: SteakBeater|move: Aurora Veil\n|\n|-weather|Snow|[upkeep]\n|upkeep\n|turn|2\n|\n|t:|1733846720\n|switch|p1a: Drifblim|Drifblim, L86, M|396/396\n|move|p2a: Calyrex|Calm Mind|p2a: Calyrex\n|-boost|p2a: Calyrex|spa|1\n|-boost|p2a: Calyrex|spd|1\n|\n|-weather|Snow|[upkeep]\n|upkeep\n|turn|3\n|\n|t:|1733846726\n|move|p2a: Calyrex|Calm Mind|p2a: Calyrex\n|-boost|p2a: Calyrex|spa|1\n|-boost|p2a: Calyrex|spd|1\n|move|p1a: Drifblim|Calm Mind|p1a: Drifblim\n|-boost|p1a: Drifblim|spa|1\n|-boost|p1a: Drifblim|spd|1\n|\n|-weather|Snow|[upkeep]\n|upkeep\n|turn|4\n|\n|t:|1733846731\n|move|p2a: Calyrex|Calm Mind|p2a: Calyrex\n|-boost|p2a: Calyrex|spa|1\n|-boost|p2a: Calyrex|spd|1\n|move|p1a: Drifblim|Calm Mind|p1a: Drifblim\n|-boost|p1a: Drifblim|spa|1\n|-boost|p1a: Drifblim|spd|1\n|\n|-weather|Snow|[upkeep]\n|upkeep\n|turn|5\n|\n|t:|1733846741\n|move|p2a: Calyrex|Calm Mind|p2a: Calyrex\n|-boost|p2a: Calyrex|spa|1\n|-boost|p2a: Calyrex|spd|1\n|move|p1a: Drifblim|Calm Mind|p1a: Drifblim\n|-boost|p1a: Drifblim|spa|1\n|-boost|p1a: Drifblim|spd|1\n|\n|-weather|none\n|upkeep\n|turn|6\n|\n|t:|1733846743\n|move|p2a: Calyrex|Calm Mind|p2a: Calyrex\n|-boost|p2a: Calyrex|spa|1\n|-boost|p2a: Calyrex|spd|1\n|move|p1a: Drifblim|Calm Mind|p1a: Drifblim\n|-boost|p1a: Drifblim|spa|1\n|-boost|p1a: Drifblim|spd|1\n|\n|upkeep\n|turn|7\n|\n|t:|1733846749\n|move|p2a: Calyrex|Encore|p1a: Drifblim\n|-start|p1a: Drifblim|Encore\n|move|p1a: Drifblim|Calm Mind|p1a: Drifblim\n|-boost|p1a: Drifblim|spa|1\n|-boost|p1a: Drifblim|spd|1\n|\n|upkeep\n|turn|8\n|\n|t:|1733846753\n|move|p2a: Calyrex|Psychic|p1a: Drifblim\n|-damage|p1a: Drifblim|318/396\n|move|p1a: Drifblim|Calm Mind|p1a: Drifblim\n|-boost|p1a: Drifblim|spa|1\n|-boost|p1a: Drifblim|spd|1\n|\n|-sideend|p1: SteakBeater|move: Aurora Veil\n|upkeep\n|turn|9\n|\n|t:|1733846761\n|move|p2a: Calyrex|Psychic|p1a: Drifblim\n|-damage|p1a: Drifblim|186/396\n|-unboost|p1a: Drifblim|spd|1\n|move|p1a: Drifblim|Calm Mind|p1a: Drifblim\n|-boost|p1a: Drifblim|spa|0\n|-boost|p1a: Drifblim|spd|1\n|\n|-end|p1a: Drifblim|Encore\n|upkeep\n|turn|10\n|\n|t:|1733846764\n|move|p2a: Calyrex|Encore|p1a: Drifblim\n|-start|p1a: Drifblim|Encore\n|move|p1a: Drifblim|Calm Mind|p1a: Drifblim\n|-boost|p1a: Drifblim|spa|0\n|-boost|p1a: Drifblim|spd|0\n|\n|upkeep\n|turn|11\n|\n|t:|1733846769\n|switch|p1a: Pincurchin|Pincurchin, F|258/258\n|-fieldstart|move: Electric Terrain|[from] ability: Electric Surge|[of] p1a: Pincurchin\n|move|p2a: Calyrex|Psychic|p1a: Pincurchin\n|-damage|p1a: Pincurchin|0 fnt\n|faint|p1a: Pincurchin\n|\n|upkeep\n|\n|t:|1733846787\n|switch|p1a: Rillaboom|Rillaboom, L79, M|288/288\n|-fieldstart|move: Grassy Terrain|[from] ability: Grassy Surge|[of] p1a: Rillaboom\n|turn|12\n|\n|t:|1733846799\n|move|p2a: Calyrex|Giga Drain|p1a: Rillaboom\n|-resisted|p1a: Rillaboom\n|-damage|p1a: Rillaboom|15/288\n|move|p1a: Rillaboom|Knock Off|p2a: Calyrex\n|-damage|p2a: Calyrex|220/337\n|-enditem|p2a: Calyrex|Leftovers|[from] move: Knock Off|[of] p1a: Rillaboom\n|\n|-heal|p2a: Calyrex|241/337|[from] Grassy Terrain\n|-heal|p1a: Rillaboom|33/288|[from] Grassy Terrain\n|upkeep\n|turn|13\n|\n|t:|1733846814\n|switch|p1a: Abomasnow|Abomasnow, L85, M|291/291\n|-weather|Snow|[from] ability: Snow Warning|[of] p1a: Abomasnow\n|move|p2a: Calyrex|Giga Drain|p1a: Abomasnow\n|-resisted|p1a: Abomasnow\n|-damage|p1a: Abomasnow|55/291\n|-heal|p2a: Calyrex|337/337|[from] drain|[of] p1a: Abomasnow\n|\n|-weather|Snow|[upkeep]\n|-heal|p1a: Abomasnow|73/291|[from] Grassy Terrain\n|upkeep\n|turn|14\n|\n|t:|1733846822\n|move|p2a: Calyrex|Giga Drain|p1a: Abomasnow\n|-resisted|p1a: Abomasnow\n|-damage|p1a: Abomasnow|0 fnt\n|faint|p1a: Abomasnow\n|\n|-weather|Snow|[upkeep]\n|upkeep\n|\n|t:|1733846824\n|switch|p1a: Ampharos|Ampharos, L88, F|302/302\n|turn|15\n|\n|t:|1733846830\n|move|p2a: Calyrex|Giga Drain|p1a: Ampharos\n|-damage|p1a: Ampharos|0 fnt\n|faint|p1a: Ampharos\n|\n|-weather|Snow|[upkeep]\n|upkeep\n|\n|t:|1733846834\n|switch|p1a: Copperajah|Copperajah, L86, F|350/350\n|turn|16\n|\n|t:|1733846843\n|move|p2a: Calyrex|Psychic|p1a: Copperajah\n|-resisted|p1a: Copperajah\n|-damage|p1a: Copperajah|125/350\n|move|p1a: Copperajah|Stealth Rock|p2a: Calyrex\n|-sidestart|p2: king jot|move: Stealth Rock\n|\n|-weather|Snow|[upkeep]\n|-heal|p1a: Copperajah|146/350|[from] Grassy Terrain\n|-fieldend|move: Grassy Terrain\n|upkeep\n|turn|17\n|\n|t:|1733846855\n|move|p2a: Calyrex|Giga Drain|p1a: Copperajah\n|-resisted|p1a: Copperajah\n|-damage|p1a: Copperajah|0 fnt\n|faint|p1a: Copperajah\n|\n|-weather|none\n|upkeep\n|\n|t:|1733846858\n|switch|p1a: Rillaboom|Rillaboom, L79, M|33/288\n|-fieldstart|move: Grassy Terrain|[from] ability: Grassy Surge|[of] p1a: Rillaboom\n|turn|18\n|\n|t:|1733846868\n|move|p2a: Calyrex|Giga Drain|p1a: Rillaboom\n|-resisted|p1a: Rillaboom\n|-damage|p1a: Rillaboom|0 fnt\n|faint|p1a: Rillaboom\n|\n|upkeep\n|\n|t:|1733846871\n|switch|p1a: Drifblim|Drifblim, L86, M|186/396\n|turn|19\n|-message|SteakBeater forfeited.\n|\n|win|king jot\n|l|\u2606SteakBeater\n|player|p1|\n", "inputlog": ">version bfd83cad13791eb5a5a409923076391caf6fb4d4\n>start {\"formatid\":\"gen9randombattle\",\"seed\":[19218,54886,30141,20041]}\n>player p1 {\"name\":\"SteakBeater\",\"avatar\":\"266\",\"rating\":0,\"seed\":[19835,15045,32271,11199]}\n>player p2 {\"name\":\"king jot\",\"avatar\":\"swimmerf\",\"rating\":0,\"seed\":[54428,4668,5150,28456]}\n>p1 move auroraveil\n>p2 move calmmind terastallize\n>p1 switch 2\n>p2 move calmmind\n>p1 move calmmind\n>p2 move calmmind\n>p1 move calmmind\n>p2 move calmmind\n>p1 move calmmind\n>p2 move calmmind\n>p1 move calmmind\n>p2 move calmmind\n>p1 move calmmind\n>p2 move encore\n>p1 move calmmind\n>p2 move psychic\n>p1 move calmmind\n>p2 move psychic\n>p1 move strengthsap\n>p2 move encore\n>p1 switch 4\n>p2 move psychic\n>p1 switch 6\n>p1 move knockoff\n>p2 move gigadrain\n>p1 switch 2\n>p2 move gigadrain\n>p1 move woodhammer\n>p2 move gigadrain\n>p1 switch 3\n>p1 move focusblast\n>p2 move gigadrain\n>p1 switch 5\n>p1 move stealthrock\n>p2 move psychic\n>p1 move ironhead\n>p2 move gigadrain\n>p1 switch 2\n>p1 move knockoff\n>p2 move gigadrain\n>p1 switch 4\n>forcelose p1", "uploadtime": 1733846885, "views": 2, "formatid": "gen9randombattle", "rating": null, "private": 0, "password": null}