{"id": "gen9randombattle-2259989056", "format": "[Gen 9] Random Battle", "players": ["Lizzoff", "actually a mimic"], "log": "|j|\u2606Lizzoff\n|j|\u2606actually a mimic\n|t:|1733788084\n|gametype|singles\n|player|p1|Lizzoff|2|1549\n|player|p2|actually a mimic|harlequin|1497\n|teamsize|p1|6\n|teamsize|p2|6\n|gen|9\n|tier|[Gen 9] Random Battle\n|rated|\n|rule|Species Clause: Limit one of each Pok\u00e9mon\n|rule|HP Percentage Mod: HP is shown in percentages\n|rule|Sleep Clause Mod: Limit one foe put to sleep\n|rule|Illusion Level Mod: Illusion disguises the Pok\u00e9mon's true level\n|\n|t:|1733788084\n|start\n|switch|p1a: Barraskewda|Barraskewda, L81, F|231/231\n|switch|p2a: Skeledirge|Skeledirge, L79, F|294/294\n|turn|1\n|inactive|Battle timer is ON: inactive players will automatically lose when time's up. (requested by Lizzoff)\n|\n|t:|1733788099\n|move|p1a: Barraskewda|Waterfall|p2a: Skeledirge\n|-supereffective|p2a: Skeledirge\n|-damage|p2a: Skeledirge|0 fnt\n|faint|p2a: Skeledirge\n|\n|upkeep\n|\n|t:|1733788121\n|switch|p2a: Articuno|Articuno, L86|295/295\n|-ability|p2a: Articuno|Pressure\n|turn|2\n|inactive|Lizzoff has 120 seconds left.\n|\n|t:|1733788155\n|switch|p1a: Wigglytuff|Wigglytuff, L96, M|424/424\n|move|p2a: Articuno|Substitute|p2a: Articuno\n|-start|p2a: Articuno|Substitute\n|-damage|p2a: Articuno|222/295\n|\n|upkeep\n|turn|3\n|inactive|actually a mimic has 120 seconds left.\n|\n|t:|1733788182\n|move|p2a: Articuno|Brave Bird|p1a: Wigglytuff\n|-damage|p1a: Wigglytuff|255/424\n|-damage|p2a: Articuno|166/295|[from] Recoil\n|move|p1a: Wigglytuff|Alluring Voice|p2a: Articuno\n|-damage|p2a: Articuno|85/295\n|\n|-heal|p1a: Wigglytuff|281/424|[from] item: Leftovers\n|upkeep\n|turn|4\n|inactive|actually a mimic has 120 seconds left.\n|\n|t:|1733788203\n|move|p2a: Articuno|Roost|p2a: Articuno\n|-heal|p2a: Articuno|233/295\n|-singleturn|p2a: Articuno|move: Roost\n|move|p1a: Wigglytuff|Wish|p1a: Wigglytuff\n|\n|-heal|p1a: Wigglytuff|307/424|[from] item: Leftovers\n|upkeep\n|turn|5\n|\n|t:|1733788215\n|move|p2a: Articuno|Freeze-Dry|p1a: Wigglytuff\n|-damage|p1a: Wigglytuff|204/424\n|move|p1a: Wigglytuff|Alluring Voice|p2a: Articuno\n|-damage|p2a: Articuno|154/295\n|\n|-heal|p1a: Wigglytuff|416/424|[from] move: Wish|[wisher] Wigglytuff\n|-heal|p1a: Wigglytuff|424/424|[from] item: Leftovers\n|upkeep\n|turn|6\n|\n|t:|1733788226\n|move|p2a: Articuno|Freeze-Dry|p1a: Wigglytuff\n|-damage|p1a: Wigglytuff|327/424\n|-status|p1a: Wigglytuff|frz\n|cant|p1a: Wigglytuff|frz\n|\n|-heal|p1a: Wigglytuff|353/424 frz|[from] item: Leftovers\n|upkeep\n|turn|7\n|\n|t:|1733788249\n|move|p2a: Articuno|Roost|p2a: Articuno\n|-heal|p2a: Articuno|295/295\n|-singleturn|p2a: Articuno|move: Roost\n|cant|p1a: Wigglytuff|frz\n|\n|-heal|p1a: Wigglytuff|379/424 frz|[from] item: Leftovers\n|upkeep\n|turn|8\n|\n|t:|1733788258\n|switch|p2a: Vigoroth|Vigoroth, L85, F|275/275\n|cant|p1a: Wigglytuff|frz\n|\n|-heal|p1a: Wigglytuff|405/424 frz|[from] item: Leftovers\n|upkeep\n|turn|9\n|\n|t:|1733788267\n|move|p2a: Vigoroth|Bulk Up|p2a: Vigoroth\n|-boost|p2a: Vigoroth|atk|1\n|-boost|p2a: Vigoroth|def|1\n|cant|p1a: Wigglytuff|frz\n|\n|-heal|p1a: Wigglytuff|424/424 frz|[from] item: Leftovers\n|upkeep\n|turn|10\n|\n|t:|1733788286\n|move|p2a: Vigoroth|Bulk Up|p2a: Vigoroth\n|-boost|p2a: Vigoroth|atk|1\n|-boost|p2a: Vigoroth|def|1\n|cant|p1a: Wigglytuff|frz\n|\n|upkeep\n|turn|11\n|\n|t:|1733788298\n|switch|p1a: Cryogonal|Cryogonal, L89|287/287\n|move|p2a: Vigoroth|Bulk Up|p2a: Vigoroth\n|-boost|p2a: Vigoroth|atk|1\n|-boost|p2a: Vigoroth|def|1\n|\n|upkeep\n|turn|12\n|\n|t:|1733788312\n|-terastallize|p2a: Vigoroth|Ground\n|move|p1a: Cryogonal|Haze|p1a: Cryogonal\n|-clearallboost\n|move|p2a: Vigoroth|Body Slam|p1a: Cryogonal\n|-damage|p1a: Cryogonal|182/287\n|\n|upkeep\n|turn|13\n|\n|t:|1733788328\n|move|p1a: Cryogonal|Freeze-Dry|p2a: Vigoroth\n|-supereffective|p2a: Vigoroth\n|-damage|p2a: Vigoroth|117/275\n|-status|p2a: Vigoroth|frz\n|-curestatus|p2a: Vigoroth|frz|[msg]\n|move|p2a: Vigoroth|Body Slam|p1a: Cryogonal\n|-damage|p1a: Cryogonal|61/287\n|-status|p1a: Cryogonal|par\n|\n|upkeep\n|turn|14\n|inactive|Lizzoff has 120 seconds left.\n|inactive|Lizzoff has 90 seconds left.\n|\n|t:|1733788395\n|switch|p1a: Wigglytuff|Wigglytuff, L96, M|424/424 frz\n|move|p2a: Vigoroth|Body Slam|p1a: Wigglytuff\n|-damage|p1a: Wigglytuff|321/424 frz\n|\n|-heal|p1a: Wigglytuff|347/424 frz|[from] item: Leftovers\n|upkeep\n|turn|15\n|inactive|Lizzoff has 90 seconds left.\n|\n|t:|1733788405\n|move|p2a: Vigoroth|Slack Off|p2a: Vigoroth\n|-heal|p2a: Vigoroth|255/275\n|cant|p1a: Wigglytuff|frz\n|\n|-heal|p1a: Wigglytuff|373/424 frz|[from] item: Leftovers\n|upkeep\n|turn|16\n|inactive|Lizzoff has 90 seconds left.\n|\n|t:|1733788413\n|move|p2a: Vigoroth|Bulk Up|p2a: Vigoroth\n|-boost|p2a: Vigoroth|atk|1\n|-boost|p2a: Vigoroth|def|1\n|cant|p1a: Wigglytuff|frz\n|\n|-heal|p1a: Wigglytuff|399/424 frz|[from] item: Leftovers\n|upkeep\n|turn|17\n|inactive|Lizzoff has 90 seconds left.\n|\n|t:|1733788425\n|switch|p1a: Hoopa|Hoopa-Unbound, L80|259/259\n|move|p2a: Vigoroth|Body Slam|p1a: Hoopa\n|-damage|p1a: Hoopa|94/259\n|\n|upkeep\n|turn|18\n|inactive|Lizzoff has 90 seconds left.\n|\n|t:|1733788448\n|switch|p1a: Wigglytuff|Wigglytuff, L96, M|399/424 frz\n|move|p2a: Vigoroth|Body Slam|p1a: Wigglytuff\n|-damage|p1a: Wigglytuff|216/424 frz\n|\n|-heal|p1a: Wigglytuff|242/424 frz|[from] item: Leftovers\n|upkeep\n|turn|19\n|\n|t:|1733788457\n|move|p2a: Vigoroth|Body Slam|p1a: Wigglytuff\n|-damage|p1a: Wigglytuff|67/424 frz\n|-curestatus|p1a: Wigglytuff|frz|[msg]\n|move|p1a: Wigglytuff|Wish|p1a: Wigglytuff\n|\n|-heal|p1a: Wigglytuff|93/424|[from] item: Leftovers\n|upkeep\n|turn|20\n|inactive|Lizzoff has 90 seconds left.\n|inactive|actually a mimic has 120 seconds left.\n|\n|t:|1733788467\n|move|p1a: Wigglytuff|Protect|p1a: Wigglytuff\n|-singleturn|p1a: Wigglytuff|Protect\n|move|p2a: Vigoroth|Body Slam|p1a: Wigglytuff\n|-activate|p1a: Wigglytuff|move: Protect\n|\n|-heal|p1a: Wigglytuff|305/424|[from] move: Wish|[wisher] Wigglytuff\n|-heal|p1a: Wigglytuff|331/424|[from] item: Leftovers\n|upkeep\n|turn|21\n|inactive|actually a mimic has 120 seconds left.\n|inactive|Lizzoff has 90 seconds left.\n|\n|t:|1733788480\n|move|p2a: Vigoroth|Bulk Up|p2a: Vigoroth\n|-boost|p2a: Vigoroth|atk|1\n|-boost|p2a: Vigoroth|def|1\n|move|p1a: Wigglytuff|Wish|p1a: Wigglytuff\n|\n|-heal|p1a: Wigglytuff|357/424|[from] item: Leftovers\n|upkeep\n|turn|22\n|inactive|actually a mimic has 120 seconds left.\n|inactive|Lizzoff has 90 seconds left.\n|\n|t:|1733788491\n|switch|p1a: Cryogonal|Cryogonal, L89|61/287 par\n|move|p2a: Vigoroth|Body Slam|p1a: Cryogonal\n|-damage|p1a: Cryogonal|0 fnt\n|faint|p1a: Cryogonal\n|\n|upkeep\n|inactive|Lizzoff has 90 seconds left.\n|\n|t:|1733788501\n|switch|p1a: Thundurus|Thundurus-Therian, L80, M|258/258\n|turn|23\n|inactive|Lizzoff has 90 seconds left.\n|inactive|actually a mimic has 120 seconds left.\n|\n|t:|1733788526\n|move|p1a: Thundurus|Nasty Plot|p1a: Thundurus\n|-boost|p1a: Thundurus|spa|2\n|move|p2a: Vigoroth|Body Slam|p1a: Thundurus\n|-damage|p1a: Thundurus|72/258\n|\n|upkeep\n|turn|24\n|inactive|actually a mimic has 120 seconds left.\n|\n|t:|1733788541\n|move|p1a: Thundurus|Focus Blast|p2a: Vigoroth\n|-damage|p2a: Vigoroth|60/275\n|move|p2a: Vigoroth|Body Slam|p1a: Thundurus\n|-damage|p1a: Thundurus|0 fnt\n|faint|p1a: Thundurus\n|\n|upkeep\n|\n|t:|1733788551\n|switch|p1a: Barraskewda|Barraskewda, L81, F|231/231\n|turn|25\n|\n|t:|1733788560\n|move|p1a: Barraskewda|Waterfall|p2a: Vigoroth\n|-supereffective|p2a: Vigoroth\n|-damage|p2a: Vigoroth|0 fnt\n|faint|p2a: Vigoroth\n|\n|upkeep\n|inactive|actually a mimic has 120 seconds left.\n|\n|t:|1733788583\n|switch|p2a: Slowbro|Slowbro, L85, M|300/300\n|turn|26\n|inactive|actually a mimic has 120 seconds left.\n|\n|t:|1733788596\n|switch|p1a: Wigglytuff|Wigglytuff, L96, M|357/424\n|move|p2a: Slowbro|Iron Defense|p2a: Slowbro\n|-boost|p2a: Slowbro|def|2\n|\n|-heal|p1a: Wigglytuff|383/424|[from] item: Leftovers\n|upkeep\n|turn|27\n|inactive|actually a mimic has 120 seconds left.\n|\n|t:|1733788617\n|switch|p1a: Hoopa|Hoopa-Unbound, L80|94/259\n|move|p2a: Slowbro|Body Press|p1a: Hoopa\n|-damage|p1a: Hoopa|0 fnt\n|faint|p1a: Hoopa\n|\n|upkeep\n|-message|Lizzoff forfeited.\n|\n|win|actually a mimic\n|raw|Lizzoff's rating: 1549 &rarr; <strong>1526</strong><br />(-23 for losing)\n|raw|actually a mimic's rating: 1497 &rarr; <strong>1520</strong><br />(+23 for winning)\n|l|\u2606Lizzoff\n|player|p1|\n", "inputlog": ">version bfd83cad13791eb5a5a409923076391caf6fb4d4\n>start {\"formatid\":\"gen9randombattle\",\"seed\":[60517,23956,45277,34281],\"rated\":\"Rated battle\"}\n>player p1 {\"name\":\"Lizzoff\",\"avatar\":\"2\",\"rating\":1549,\"seed\":[48038,29280,5943,18740]}\n>player p2 {\"name\":\"actually a mimic\",\"avatar\":\"harlequin\",\"rating\":1497,\"seed\":[12967,28857,15606,7955]}\n>p1 move waterfall\n>p2 move willowisp\n>p2 switch 3\n>p1 switch 2\n>p2 move substitute\n>p1 move alluringvoice\n>p2 move bravebird\n>p1 move wish\n>p2 move roost\n>p1 move alluringvoice\n>p2 move freezedry\n>p1 move alluringvoice\n>p2 move freezedry\n>p1 move alluringvoice\n>p2 move roost\n>p1 move alluringvoice\n>p2 switch 5\n>p1 move thunderwave\n>p2 move bulkup\n>p1 move thunderwave\n>p2 move bulkup\n>p1 switch 6\n>p2 move bulkup\n>p1 move haze\n>p2 move bodyslam terastallize\n>p1 move freezedry\n>p2 move bodyslam\n>p1 switch 6\n>p2 move bodyslam\n>p1 move alluringvoice\n>p2 move slackoff\n>p1 move alluringvoice\n>p2 move bulkup\n>p1 switch 5\n>p2 move bodyslam\n>p1 switch 5\n>p2 move bodyslam\n>p1 move wish\n>p2 move bodyslam\n>p1 move protect\n>p2 move bodyslam\n>p1 move wish\n>p2 move bulkup\n>p1 switch 6\n>p2 move bodyslam\n>p1 switch 3\n>p1 move nastyplot\n>p2 move bodyslam\n>p1 move focusblast\n>p2 move bodyslam\n>p1 switch 2\n>p1 move waterfall\n>p2 move bodyslam\n>p2 switch 4\n>p1 switch 6\n>p2 move irondefense\n>p1 switch 5\n>p2 move bodypress\n>forcelose p1", "uploadtime": 1733788630, "views": 1, "formatid": "gen9randombattle", "rating": 1520, "private": 0, "password": null}