{"id": "gen9randombattle-2260774899", "format": "[Gen 9] Random Battle", "players": ["Surfninja02", "MappleFuckUpItself"], "log": "|j|\u2606Surfninja02\n|j|\u2606MappleFuckUpItself\n|t:|1733890138\n|gametype|singles\n|player|p1|Surfninja02|lusamine-nihilego|1473\n|player|p2|MappleFuckUpItself|miku-flying|1505\n|teamsize|p1|6\n|teamsize|p2|6\n|gen|9\n|tier|[Gen 9] Random Battle\n|rated|\n|rule|Species Clause: Limit one of each Pok\u00e9mon\n|rule|HP Percentage Mod: HP is shown in percentages\n|rule|Sleep Clause Mod: Limit one foe put to sleep\n|rule|Illusion Level Mod: Illusion disguises the Pok\u00e9mon's true level\n|\n|t:|1733890138\n|start\n|switch|p1a: Gogoat|Gogoat, L88, F|360/360\n|switch|p2a: Cacturne|Cacturne, L92, F|278/278\n|turn|1\n|\n|t:|1733890160\n|move|p1a: Gogoat|Bulk Up|p1a: Gogoat\n|-boost|p1a: Gogoat|atk|1\n|-boost|p1a: Gogoat|def|1\n|move|p2a: Cacturne|Toxic Spikes|p1a: Gogoat\n|-sidestart|p1: Surfninja02|move: Toxic Spikes\n|\n|upkeep\n|turn|2\n|\n|t:|1733890165\n|switch|p2a: Glalie|Glalie, L96, M|309/309\n|move|p1a: Gogoat|Bulk Up|p1a: Gogoat\n|-boost|p1a: Gogoat|atk|1\n|-boost|p1a: Gogoat|def|1\n|\n|upkeep\n|turn|3\n|\n|t:|1733890184\n|move|p2a: Glalie|Freeze-Dry|p1a: Gogoat\n|-supereffective|p1a: Gogoat\n|-damage|p1a: Gogoat|190/360\n|move|p1a: Gogoat|Horn Leech|p2a: Glalie\n|-damage|p2a: Glalie|132/309\n|-heal|p1a: Gogoat|279/360|[from] drain|[of] p2a: Glalie\n|\n|-heal|p1a: Gogoat|301/360|[from] item: Leftovers\n|upkeep\n|turn|4\n|inactive|Battle timer is ON: inactive players will automatically lose when time's up. (requested by Surfninja02)\n|\n|t:|1733890200\n|move|p2a: Glalie|Freeze-Dry|p1a: Gogoat\n|-supereffective|p1a: Gogoat\n|-damage|p1a: Gogoat|115/360\n|move|p1a: Gogoat|Horn Leech|p2a: Glalie\n|-damage|p2a: Glalie|0 fnt\n|-heal|p1a: Gogoat|181/360|[from] drain|[of] p2a: Glalie\n|faint|p2a: Glalie\n|\n|-heal|p1a: Gogoat|203/360|[from] item: Leftovers\n|upkeep\n|\n|t:|1733890206\n|switch|p2a: Staraptor|Staraptor, L79, M|263/263\n|turn|5\n|\n|t:|1733890236\n|switch|p1a: Pikachu|Pikachu-Partner, L93, M|216/216\n|-status|p1a: Pikachu|psn\n|move|p2a: Staraptor|U-turn|p1a: Pikachu\n|-damage|p1a: Pikachu|97/216 psn\n|\n|t:|1733890249\n|switch|p2a: Hippowdon|Hippowdon, L82, M|311/311|[from] U-turn\n|-weather|Sandstorm|[from] ability: Sand Stream|[of] p2a: Hippowdon\n|\n|-weather|Sandstorm|[upkeep]\n|-damage|p1a: Pikachu|84/216 psn|[from] Sandstorm\n|-damage|p1a: Pikachu|57/216 psn|[from] psn\n|upkeep\n|turn|6\n|\n|t:|1733890268\n|switch|p2a: Cacturne|Cacturne, L92, F|278/278\n|-terastallize|p1a: Pikachu|Water\n|move|p1a: Pikachu|Surf|p2a: Cacturne\n|-immune|p2a: Cacturne|[from] ability: Water Absorb\n|\n|-weather|Sandstorm|[upkeep]\n|-damage|p1a: Pikachu|44/216 psn|[from] Sandstorm\n|-damage|p2a: Cacturne|261/278|[from] Sandstorm\n|-damage|p1a: Pikachu|17/216 psn|[from] psn\n|upkeep\n|turn|7\n|\n|t:|1733890280\n|move|p1a: Pikachu|Play Rough|p2a: Cacturne\n|-supereffective|p2a: Cacturne\n|-damage|p2a: Cacturne|13/278\n|move|p2a: Cacturne|Knock Off|p1a: Pikachu\n|-damage|p1a: Pikachu|0 fnt\n|-enditem|p1a: Pikachu|Light Ball|[from] move: Knock Off|[of] p2a: Cacturne\n|faint|p1a: Pikachu\n|-damage|p2a: Cacturne|0 fnt|[from] item: Life Orb\n|faint|p2a: Cacturne\n|\n|-weather|Sandstorm|[upkeep]\n|upkeep\n|\n|t:|1733890288\n|switch|p1a: Grafaiai|Grafaiai, L86, F|249/249\n|switch|p2a: Staraptor|Staraptor, L79, M|263/263\n|-sideend|p1: Surfninja02|move: Toxic Spikes|[of] p1a: Grafaiai\n|turn|8\n|\n|t:|1733890307\n|switch|p2a: Tyranitar|Tyranitar, L79, F|288/288\n|move|p1a: Grafaiai|Knock Off|p2a: Tyranitar\n|-resisted|p2a: Tyranitar\n|-damage|p2a: Tyranitar|256/288\n|-enditem|p2a: Tyranitar|Assault Vest|[from] move: Knock Off|[of] p1a: Grafaiai\n|\n|-weather|Sandstorm|[upkeep]\n|-damage|p1a: Grafaiai|234/249|[from] Sandstorm\n|upkeep\n|turn|9\n|\n|t:|1733890323\n|move|p1a: Grafaiai|Super Fang|p2a: Tyranitar\n|-damage|p2a: Tyranitar|128/288\n|move|p2a: Tyranitar|Knock Off|p1a: Grafaiai\n|-damage|p1a: Grafaiai|93/249\n|-enditem|p1a: Grafaiai|Assault Vest|[from] move: Knock Off|[of] p2a: Tyranitar\n|\n|-weather|none\n|upkeep\n|turn|10\n|\n|t:|1733890346\n|move|p1a: Grafaiai|U-turn|p2a: Tyranitar\n|-supereffective|p2a: Tyranitar\n|-damage|p2a: Tyranitar|26/288\n|\n|t:|1733890351\n|switch|p1a: Oinkologne|Oinkologne-F, L92, F|361/361|[from] U-turn\n|move|p2a: Tyranitar|Dragon Tail|p1a: Oinkologne\n|-damage|p1a: Oinkologne|309/361\n|drag|p1a: Passimian|Passimian, L83, F|302/302\n|\n|upkeep\n|turn|11\n|\n|t:|1733890361\n|move|p1a: Passimian|Knock Off|p2a: Tyranitar\n|-resisted|p2a: Tyranitar\n|-damage|p2a: Tyranitar|0 fnt\n|faint|p2a: Tyranitar\n|\n|upkeep\n|\n|t:|1733890365\n|switch|p2a: Staraptor|Staraptor, L79, M|263/263\n|turn|12\n|inactive|Surfninja02 has 120 seconds left.\n|\n|t:|1733890410\n|move|p2a: Staraptor|Brave Bird|p1a: Passimian\n|-supereffective|p1a: Passimian\n|-damage|p1a: Passimian|0 fnt\n|faint|p1a: Passimian\n|-damage|p2a: Staraptor|163/263|[from] Recoil\n|\n|upkeep\n|\n|t:|1733890413\n|switch|p1a: Grafaiai|Grafaiai, L86, F|93/249\n|turn|13\n|\n|t:|1733890424\n|switch|p2a: Hippowdon|Hippowdon, L82, M|311/311\n|-weather|Sandstorm|[from] ability: Sand Stream|[of] p2a: Hippowdon\n|move|p1a: Grafaiai|Gunk Shot|p2a: Hippowdon|[miss]\n|-miss|p1a: Grafaiai|p2a: Hippowdon\n|\n|-weather|Sandstorm|[upkeep]\n|-damage|p1a: Grafaiai|78/249|[from] Sandstorm\n|upkeep\n|turn|14\n|inactive|Surfninja02 has 120 seconds left.\n|\n|t:|1733890441\n|move|p1a: Grafaiai|U-turn|p2a: Hippowdon\n|-damage|p2a: Hippowdon|267/311\n|-status|p2a: Hippowdon|psn|[from] ability: Poison Touch|[of] p1a: Grafaiai\n|\n|t:|1733890448\n|switch|p1a: Gogoat|Gogoat, L88, F|203/360|[from] U-turn\n|move|p2a: Hippowdon|Earthquake|p1a: Gogoat\n|-resisted|p1a: Gogoat\n|-damage|p1a: Gogoat|130/360\n|\n|-weather|Sandstorm|[upkeep]\n|-damage|p1a: Gogoat|108/360|[from] Sandstorm\n|-heal|p1a: Gogoat|130/360|[from] item: Leftovers\n|-heal|p2a: Hippowdon|286/311 psn|[from] item: Leftovers\n|-damage|p2a: Hippowdon|248/311 psn|[from] psn\n|upkeep\n|turn|15\n|\n|t:|1733890461\n|switch|p2a: Staraptor|Staraptor, L79, M|163/263\n|move|p1a: Gogoat|Horn Leech|p2a: Staraptor\n|-resisted|p2a: Staraptor\n|-damage|p2a: Staraptor|112/263\n|-heal|p1a: Gogoat|156/360|[from] drain|[of] p2a: Staraptor\n|\n|-weather|Sandstorm|[upkeep]\n|-damage|p2a: Staraptor|96/263|[from] Sandstorm\n|-damage|p1a: Gogoat|134/360|[from] Sandstorm\n|-heal|p1a: Gogoat|156/360|[from] item: Leftovers\n|upkeep\n|turn|16\n|inactive|Surfninja02 has 120 seconds left.\n|\n|t:|1733890481\n|move|p2a: Staraptor|Close Combat|p1a: Gogoat\n|-damage|p1a: Gogoat|0 fnt\n|-unboost|p2a: Staraptor|def|1\n|-unboost|p2a: Staraptor|spd|1\n|faint|p1a: Gogoat\n|\n|-weather|Sandstorm|[upkeep]\n|-damage|p2a: Staraptor|80/263|[from] Sandstorm\n|upkeep\n|\n|t:|1733890484\n|switch|p1a: Grafaiai|Grafaiai, L86, F|78/249\n|turn|17\n|\n|t:|1733890489\n|switch|p2a: Hippowdon|Hippowdon, L82, M|248/311 psn\n|move|p1a: Grafaiai|Knock Off|p2a: Hippowdon\n|-damage|p2a: Hippowdon|186/311 psn\n|-enditem|p2a: Hippowdon|Leftovers|[from] move: Knock Off|[of] p1a: Grafaiai\n|\n|-weather|none\n|-damage|p2a: Hippowdon|148/311 psn|[from] psn\n|upkeep\n|turn|18\n|\n|t:|1733890510\n|move|p1a: Grafaiai|U-turn|p2a: Hippowdon\n|-damage|p2a: Hippowdon|108/311 psn\n|inactive|Surfninja02 has 120 seconds left.\n|\n|t:|1733890527\n|switch|p1a: Flapple|Flapple, L88, M|266/266|[from] U-turn\n|move|p2a: Hippowdon|Slack Off|p2a: Hippowdon\n|-heal|p2a: Hippowdon|264/311 psn\n|\n|-damage|p2a: Hippowdon|226/311 psn|[from] psn\n|upkeep\n|turn|19\n|inactive|Surfninja02 has 120 seconds left.\n|\n|t:|1733890539\n|move|p1a: Flapple|Dragon Dance|p1a: Flapple\n|-boost|p1a: Flapple|atk|1\n|-boost|p1a: Flapple|spe|1\n|move|p2a: Hippowdon|Stone Edge|p1a: Flapple\n|-damage|p1a: Flapple|183/266\n|\n|-damage|p2a: Hippowdon|188/311 psn|[from] psn\n|upkeep\n|turn|20\n|inactive|Surfninja02 has 120 seconds left.\n|\n|t:|1733890559\n|move|p1a: Flapple|Dragon Dance|p1a: Flapple\n|-boost|p1a: Flapple|atk|1\n|-boost|p1a: Flapple|spe|1\n|move|p2a: Hippowdon|Stone Edge|p1a: Flapple|[miss]\n|-miss|p2a: Hippowdon|p1a: Flapple\n|\n|-damage|p2a: Hippowdon|150/311 psn|[from] psn\n|upkeep\n|turn|21\n|inactive|Surfninja02 has 120 seconds left.\n|\n|t:|1733890569\n|move|p1a: Flapple|Dragon Dance|p1a: Flapple\n|-boost|p1a: Flapple|atk|1\n|-boost|p1a: Flapple|spe|1\n|move|p2a: Hippowdon|Earthquake|p1a: Flapple\n|-resisted|p1a: Flapple\n|-damage|p1a: Flapple|129/266\n|\n|-damage|p2a: Hippowdon|112/311 psn|[from] psn\n|upkeep\n|turn|22\n|inactive|Surfninja02 has 120 seconds left.\n|\n|t:|1733890576\n|move|p1a: Flapple|Grav Apple|p2a: Hippowdon\n|-supereffective|p2a: Hippowdon\n|-damage|p2a: Hippowdon|0 fnt\n|faint|p2a: Hippowdon\n|\n|upkeep\n|\n|t:|1733890585\n|switch|p2a: Jolteon|Jolteon, L84, F|246/246\n|turn|23\n|\n|t:|1733890590\n|-terastallize|p2a: Jolteon|Fairy\n|move|p1a: Flapple|Grav Apple|p2a: Jolteon\n|-damage|p2a: Jolteon|0 fnt\n|faint|p2a: Jolteon\n|\n|upkeep\n|\n|t:|1733890593\n|switch|p2a: Staraptor|Staraptor, L79, M|80/263\n|turn|24\n|\n|t:|1733890597\n|move|p1a: Flapple|Grav Apple|p2a: Staraptor\n|-resisted|p2a: Staraptor\n|-damage|p2a: Staraptor|0 fnt\n|faint|p2a: Staraptor\n|\n|win|Surfninja02\n|raw|Surfninja02's rating: 1473 &rarr; <strong>1495</strong><br />(+22 for winning)\n|raw|MappleFuckUpItself's rating: 1505 &rarr; <strong>1483</strong><br />(-22 for losing)\n|c|\u2606Surfninja02|womp womp\n|l|\u2606MappleFuckUpItself\n|player|p2|\n", "inputlog": ">version bfd83cad13791eb5a5a409923076391caf6fb4d4\n>start {\"formatid\":\"gen9randombattle\",\"seed\":[56153,27617,27830,35361],\"rated\":\"Rated battle\"}\n>player p1 {\"name\":\"Surfninja02\",\"avatar\":\"lusamine-nihilego\",\"rating\":1473,\"seed\":[52065,46587,59740,39564]}\n>player p2 {\"name\":\"MappleFuckUpItself\",\"avatar\":\"miku-flying\",\"rating\":1505,\"seed\":[56414,55843,38111,46022]}\n>p1 move bulkup\n>p2 move toxicspikes\n>p1 move bulkup\n>p2 switch 4\n>p1 move hornleech\n>p2 move freezedry\n>p1 move hornleech\n>p2 move freezedry\n>p2 switch 6\n>p1 switch 5\n>p2 move uturn\n>p2 switch 2\n>p1 move surf terastallize\n>p2 switch 4\n>p1 move playrough\n>p2 move knockoff\n>p1 switch 2\n>p2 switch 2\n>p1 move knockoff\n>p2 switch 5\n>p1 move superfang\n>p2 move knockoff\n>p1 move uturn\n>p2 move dragontail\n>p1 switch 3\n>p1 move knockoff\n>p2 move icebeam\n>p2 switch 5\n>p1 move knockoff\n>p2 move bravebird\n>p1 switch 3\n>p1 move gunkshot\n>p2 switch 4\n>p1 move uturn\n>p2 move earthquake\n>p1 switch 5\n>p1 move hornleech\n>p2 switch 4\n>p1 move hornleech\n>p2 move closecombat\n>p1 switch 5\n>p1 move knockoff\n>p2 switch 4\n>p1 move uturn\n>p2 move slackoff\n>p1 switch 4\n>p1 move dragondance\n>p2 move stoneedge\n>p1 move dragondance\n>p2 move stoneedge\n>p1 move dragondance\n>p2 move earthquake\n>p1 move gravapple\n>p2 move earthquake\n>p2 switch 3\n>p1 move gravapple\n>p2 move alluringvoice terastallize\n>p2 switch 4\n>p1 move gravapple\n>p2 move bravebird", "uploadtime": 1733890605, "views": 12, "formatid": "gen9randombattle", "rating": 1483, "private": 0, "password": null}