{"id": "gen9randombattle-2260772022", "format": "[Gen 9] Random Battle", "players": ["dujia", "slumbererer"], "log": "|j|\u2606dujia\n|j|\u2606slumbererer\n|t:|1733889716\n|gametype|singles\n|player|p1|dujia|102|1313\n|player|p2|slumbererer|1|1306\n|teamsize|p1|6\n|teamsize|p2|6\n|gen|9\n|tier|[Gen 9] Random Battle\n|rated|\n|rule|Species Clause: Limit one of each Pok\u00e9mon\n|rule|HP Percentage Mod: HP is shown in percentages\n|rule|Sleep Clause Mod: Limit one foe put to sleep\n|rule|Illusion Level Mod: Illusion disguises the Pok\u00e9mon's true level\n|\n|t:|1733889716\n|start\n|switch|p1a: Hippowdon|Hippowdon, L82, F|311/311\n|switch|p2a: Wyrdeer|Wyrdeer, L87, M|321/321\n|-ability|p2a: Wyrdeer|Intimidate|boost\n|-unboost|p1a: Hippowdon|atk|1\n|-weather|Sandstorm|[from] ability: Sand Stream|[of] p1a: Hippowdon\n|turn|1\n|inactive|Battle timer is ON: inactive players will automatically lose when time's up. (requested by dujia)\n|\n|t:|1733889741\n|switch|p1a: Froslass|Froslass, L87, F|263/263\n|move|p2a: Wyrdeer|Psychic Noise|p1a: Froslass\n|-damage|p1a: Froslass|170/263\n|-start|p1a: Froslass|move: Heal Block\n|\n|-weather|Sandstorm|[upkeep]\n|-damage|p1a: Froslass|154/263|[from] Sandstorm\n|-damage|p2a: Wyrdeer|301/321|[from] Sandstorm\n|-heal|p2a: Wyrdeer|321/321|[from] item: Leftovers\n|upkeep\n|turn|2\n|\n|t:|1733889760\n|move|p1a: Froslass|Triple Axel|p2a: Wyrdeer\n|-damage|p2a: Wyrdeer|297/321\n|-damage|p2a: Wyrdeer|255/321\n|-damage|p2a: Wyrdeer|183/321\n|-hitcount|p2a: Wyrdeer|3\n|move|p2a: Wyrdeer|Psychic Noise|p1a: Froslass\n|-damage|p1a: Froslass|48/263\n|\n|-weather|Sandstorm|[upkeep]\n|-damage|p1a: Froslass|32/263|[from] Sandstorm\n|-damage|p2a: Wyrdeer|163/321|[from] Sandstorm\n|-heal|p2a: Wyrdeer|183/321|[from] item: Leftovers\n|-end|p1a: Froslass|move: Heal Block\n|upkeep\n|turn|3\n|\n|t:|1733889774\n|switch|p2a: Magmortar|Magmortar, L88, M|275/275\n|move|p1a: Froslass|Destiny Bond|p1a: Froslass\n|-singlemove|p1a: Froslass|Destiny Bond\n|\n|-weather|Sandstorm|[upkeep]\n|-damage|p1a: Froslass|16/263|[from] Sandstorm\n|-damage|p2a: Magmortar|258/275|[from] Sandstorm\n|upkeep\n|turn|4\n|\n|t:|1733889786\n|move|p1a: Froslass|Poltergeist|p2a: Magmortar\n|-activate|p2a: Magmortar|move: Poltergeist|Heavy-Duty Boots\n|-damage|p2a: Magmortar|143/275\n|move|p2a: Magmortar|Knock Off|p1a: Froslass\n|-supereffective|p1a: Froslass\n|-damage|p1a: Froslass|0 fnt\n|-enditem|p1a: Froslass|Wide Lens|[from] move: Knock Off|[of] p2a: Magmortar\n|faint|p1a: Froslass\n|\n|-weather|Sandstorm|[upkeep]\n|-damage|p2a: Magmortar|126/275|[from] Sandstorm\n|upkeep\n|\n|t:|1733889801\n|switch|p1a: Hippowdon|Hippowdon, L82, F|311/311\n|turn|5\n|\n|t:|1733889818\n|move|p2a: Magmortar|Fire Blast|p1a: Hippowdon|[miss]\n|-miss|p2a: Magmortar|p1a: Hippowdon\n|move|p1a: Hippowdon|Earthquake|p2a: Magmortar\n|-supereffective|p2a: Magmortar\n|-damage|p2a: Magmortar|0 fnt\n|faint|p2a: Magmortar\n|\n|-weather|none\n|upkeep\n|\n|t:|1733889828\n|switch|p2a: Virizion|Virizion, L82|283/283\n|turn|6\n|inactive|dujia has 120 seconds left.\n|\n|t:|1733889851\n|switch|p1a: Moltres|Moltres, L81|278/278\n|move|p2a: Virizion|Swords Dance|p2a: Virizion\n|-boost|p2a: Virizion|atk|2\n|\n|upkeep\n|turn|7\n|\n|t:|1733889859\n|move|p2a: Virizion|Stone Edge|p1a: Moltres\n|-supereffective|p1a: Moltres\n|-damage|p1a: Moltres|0 fnt\n|faint|p1a: Moltres\n|-damage|p2a: Virizion|255/283|[from] item: Life Orb\n|\n|upkeep\n|inactive|dujia has 120 seconds left.\n|\n|t:|1733889871\n|switch|p1a: Sneasler|Sneasler, L74, F|240/240\n|turn|8\n|\n|t:|1733889891\n|move|p2a: Virizion|Close Combat|p1a: Sneasler\n|-resisted|p1a: Sneasler\n|-damage|p1a: Sneasler|33/240\n|-unboost|p2a: Virizion|def|1\n|-unboost|p2a: Virizion|spd|1\n|-damage|p2a: Virizion|227/283|[from] item: Life Orb\n|move|p1a: Sneasler|Dire Claw|p2a: Virizion\n|-supereffective|p2a: Virizion\n|-crit|p2a: Virizion\n|-damage|p2a: Virizion|0 fnt\n|faint|p2a: Virizion\n|\n|upkeep\n|inactive|slumbererer has 120 seconds left.\n|\n|t:|1733889909\n|switch|p2a: Raging Bolt|Raging Bolt, L78|323/323\n|turn|9\n|inactive|slumbererer has 120 seconds left.\n|\n|t:|1733889920\n|switch|p1a: Hippowdon|Hippowdon, L82, F|311/311\n|-weather|Sandstorm|[from] ability: Sand Stream|[of] p1a: Hippowdon\n|move|p2a: Raging Bolt|Draco Meteor|p1a: Hippowdon\n|-damage|p1a: Hippowdon|128/311\n|-unboost|p2a: Raging Bolt|spa|2\n|\n|-weather|Sandstorm|[upkeep]\n|-damage|p2a: Raging Bolt|303/323|[from] Sandstorm\n|upkeep\n|turn|10\n|inactive|slumbererer has 120 seconds left.\n|\n|t:|1733889939\n|-end|p2a: Raging Bolt|Protosynthesis|[silent]\n|switch|p2a: Wyrdeer|Wyrdeer, L87, M|183/321\n|-ability|p2a: Wyrdeer|Intimidate|boost\n|-unboost|p1a: Hippowdon|atk|1\n|move|p1a: Hippowdon|Slack Off|p1a: Hippowdon\n|-heal|p1a: Hippowdon|284/311\n|\n|-weather|Sandstorm|[upkeep]\n|-damage|p2a: Wyrdeer|163/321|[from] Sandstorm\n|-heal|p2a: Wyrdeer|183/321|[from] item: Leftovers\n|upkeep\n|turn|11\n|inactive|slumbererer has 120 seconds left.\n|\n|t:|1733889953\n|move|p2a: Wyrdeer|Psychic Noise|p1a: Hippowdon\n|-damage|p1a: Hippowdon|176/311\n|-start|p1a: Hippowdon|move: Heal Block\n|move|p1a: Hippowdon|Earthquake|p2a: Wyrdeer\n|-damage|p2a: Wyrdeer|95/321\n|\n|-weather|Sandstorm|[upkeep]\n|-damage|p2a: Wyrdeer|75/321|[from] Sandstorm\n|-heal|p2a: Wyrdeer|95/321|[from] item: Leftovers\n|upkeep\n|turn|12\n|inactive|slumbererer has 120 seconds left.\n|\n|t:|1733889964\n|move|p2a: Wyrdeer|Psychic Noise|p1a: Hippowdon\n|-damage|p1a: Hippowdon|70/311\n|move|p1a: Hippowdon|Earthquake|p2a: Wyrdeer\n|-damage|p2a: Wyrdeer|4/321\n|\n|-weather|Sandstorm|[upkeep]\n|-damage|p2a: Wyrdeer|0 fnt|[from] Sandstorm\n|faint|p2a: Wyrdeer\n|-end|p1a: Hippowdon|move: Heal Block\n|upkeep\n|inactive|slumbererer has 120 seconds left.\n|\n|t:|1733889988\n|switch|p2a: Komala|Komala, L89, M|260/260\n|-ability|p2a: Komala|Comatose\n|turn|13\n|\n|t:|1733889994\n|move|p2a: Komala|Double-Edge|p1a: Hippowdon\n|-damage|p1a: Hippowdon|0 fnt\n|-damage|p2a: Komala|217/260|[from] item: Rocky Helmet|[of] p1a: Hippowdon\n|faint|p1a: Hippowdon\n|-damage|p2a: Komala|194/260|[from] Recoil\n|\n|-weather|none\n|upkeep\n|\n|t:|1733890009\n|switch|p1a: Urshifu|Urshifu-Rapid-Strike, L75, F|274/274\n|turn|14\n|inactive|slumbererer has 120 seconds left.\n|\n|t:|1733890025\n|move|p2a: Komala|Double-Edge|p1a: Urshifu\n|-damage|p1a: Urshifu|109/274\n|-damage|p2a: Komala|140/260|[from] Recoil\n|move|p1a: Urshifu|Close Combat|p2a: Komala\n|-supereffective|p2a: Komala\n|-damage|p2a: Komala|0 fnt\n|-unboost|p1a: Urshifu|def|1\n|-unboost|p1a: Urshifu|spd|1\n|faint|p2a: Komala\n|\n|upkeep\n|\n|t:|1733890047\n|switch|p2a: Raging Bolt|Raging Bolt, L78|303/323\n|turn|15\n|\n|t:|1733890052\n|move|p2a: Raging Bolt|Thunderclap|p1a: Urshifu\n|-supereffective|p1a: Urshifu\n|-damage|p1a: Urshifu|0 fnt\n|faint|p1a: Urshifu\n|\n|upkeep\n|\n|t:|1733890057\n|switch|p1a: Amoonguss|Amoonguss, L82, F|321/321\n|turn|16\n|inactive|slumbererer has 120 seconds left.\n|\n|t:|1733890073\n|move|p2a: Raging Bolt|Draco Meteor|p1a: Amoonguss\n|-damage|p1a: Amoonguss|146/321\n|-unboost|p2a: Raging Bolt|spa|2\n|move|p1a: Amoonguss|Spore|p2a: Raging Bolt\n|-status|p2a: Raging Bolt|slp|[from] move: Spore\n|\n|-heal|p1a: Amoonguss|166/321|[from] item: Leftovers\n|upkeep\n|turn|17\n|\n|t:|1733890086\n|-end|p2a: Raging Bolt|Protosynthesis|[silent]\n|switch|p2a: Miraidon|Miraidon, L65|238/238\n|-fieldstart|move: Electric Terrain|[from] ability: Hadron Engine|[of] p2a: Miraidon\n|move|p1a: Amoonguss|Stomping Tantrum|p2a: Miraidon\n|-supereffective|p2a: Miraidon\n|-damage|p2a: Miraidon|128/238\n|\n|-heal|p1a: Amoonguss|186/321|[from] item: Leftovers\n|upkeep\n|turn|18\n|\n|t:|1733890104\n|move|p2a: Miraidon|Overheat|p1a: Amoonguss\n|-supereffective|p1a: Amoonguss\n|-damage|p1a: Amoonguss|0 fnt\n|-unboost|p2a: Miraidon|spa|2\n|faint|p1a: Amoonguss\n|\n|upkeep\n|\n|t:|1733890110\n|switch|p1a: Sneasler|Sneasler, L74, F|33/240\n|turn|19\n|\n|t:|1733890117\n|-terastallize|p1a: Sneasler|Fighting\n|move|p1a: Sneasler|Close Combat|p2a: Miraidon\n|-damage|p2a: Miraidon|0 fnt\n|-unboost|p1a: Sneasler|def|1\n|-unboost|p1a: Sneasler|spd|1\n|faint|p2a: Miraidon\n|\n|upkeep\n|\n|t:|1733890121\n|switch|p2a: Raging Bolt|Raging Bolt, L78|303/323 slp\n|turn|20\n|\n|t:|1733890128\n|cant|p2a: Raging Bolt|slp\n|move|p1a: Sneasler|Close Combat|p2a: Raging Bolt\n|-damage|p2a: Raging Bolt|55/323 slp\n|-unboost|p1a: Sneasler|def|1\n|-unboost|p1a: Sneasler|spd|1\n|\n|upkeep\n|turn|21\n|\n|t:|1733890138\n|-terastallize|p2a: Raging Bolt|Electric\n|cant|p2a: Raging Bolt|slp\n|move|p1a: Sneasler|Close Combat|p2a: Raging Bolt\n|-damage|p2a: Raging Bolt|0 fnt\n|-unboost|p1a: Sneasler|def|1\n|-unboost|p1a: Sneasler|spd|1\n|faint|p2a: Raging Bolt\n|-end|p2a: Raging Bolt|Protosynthesis|[silent]\n|\n|win|dujia\n|raw|dujia's rating: 1313 &rarr; <strong>1333</strong><br />(+20 for winning)\n|raw|slumbererer's rating: 1306 &rarr; <strong>1286</strong><br />(-20 for losing)\n", "inputlog": ">version bfd83cad13791eb5a5a409923076391caf6fb4d4\n>start {\"formatid\":\"gen9randombattle\",\"seed\":[59530,7986,56284,15793],\"rated\":\"Rated battle\"}\n>player p1 {\"name\":\"dujia\",\"avatar\":\"102\",\"rating\":1313,\"seed\":[38859,39141,47479,8209]}\n>player p2 {\"name\":\"slumbererer\",\"avatar\":\"1\",\"rating\":1306,\"seed\":[4571,49493,51575,57653]}\n>p1 switch 2\n>p2 move psychicnoise\n>p1 move tripleaxel\n>p2 move psychicnoise\n>p1 move destinybond\n>p2 switch 2\n>p1 move poltergeist\n>p2 move knockoff\n>p1 switch 2\n>p1 move earthquake\n>p2 move fireblast\n>p2 switch 6\n>p1 switch 3\n>p2 move swordsdance\n>p1 move fireblast\n>p2 move stoneedge\n>p1 switch 4\n>p1 move direclaw\n>p2 move closecombat\n>p2 switch 5\n>p1 switch 3\n>p2 move dracometeor\n>p1 move slackoff\n>p2 switch 2\n>p1 move earthquake\n>p2 move psychicnoise\n>p1 move earthquake\n>p2 move psychicnoise\n>p2 switch 3\n>p1 move slackoff\n>p2 move doubleedge\n>p1 switch 5\n>p1 move closecombat\n>p2 move doubleedge\n>p2 switch 2\n>p1 move closecombat\n>p2 move thunderclap\n>p1 switch 6\n>p1 move spore\n>p2 move dracometeor\n>p1 move stompingtantrum\n>p2 switch 4\n>p1 move stompingtantrum\n>p2 move overheat\n>p1 switch 3\n>p1 move closecombat terastallize\n>p2 move overheat\n>p2 switch 4\n>p1 move closecombat\n>p2 move thunderclap\n>p1 move closecombat\n>p2 move thunderclap terastallize", "uploadtime": 1733890150, "views": 11, "formatid": "gen9randombattle", "rating": 1286, "private": 0, "password": null}