{"id": "gen9randombattle-2260664778", "format": "[Gen 9] Random Battle", "players": ["ShadeGod", "breadfishin"], "log": "|j|\u2606ShadeGod\n|j|\u2606breadfishin\n|t:|1733875641\n|gametype|singles\n|player|p1|ShadeGod|dragontamer|1462\n|player|p2|breadfishin|byron|1485\n|teamsize|p1|6\n|teamsize|p2|6\n|gen|9\n|tier|[Gen 9] Random Battle\n|rated|\n|rule|Species Clause: Limit one of each Pok\u00e9mon\n|rule|HP Percentage Mod: HP is shown in percentages\n|rule|Sleep Clause Mod: Limit one foe put to sleep\n|rule|Illusion Level Mod: Illusion disguises the Pok\u00e9mon's true level\n|\n|t:|1733875641\n|start\n|switch|p1a: Manaphy|Manaphy, L78|284/284\n|switch|p2a: Honchkrow|Honchkrow, L86, F|312/312\n|turn|1\n|\n|t:|1733875657\n|move|p1a: Manaphy|Tail Glow|p1a: Manaphy\n|-boost|p1a: Manaphy|spa|3\n|move|p2a: Honchkrow|U-turn|p1a: Manaphy\n|-damage|p1a: Manaphy|227/284\n|\n|t:|1733875662\n|switch|p2a: Lilligant|Lilligant, L86, F|261/261|[from] U-turn\n|\n|-heal|p1a: Manaphy|244/284|[from] item: Leftovers\n|upkeep\n|turn|2\n|inactive|Battle timer is ON: inactive players will automatically lose when time's up. (requested by breadfishin)\n|\n|t:|1733875671\n|move|p2a: Lilligant|Sleep Powder|p1a: Manaphy\n|-status|p1a: Manaphy|slp|[from] move: Sleep Powder\n|cant|p1a: Manaphy|slp\n|\n|-heal|p1a: Manaphy|261/284 slp|[from] item: Leftovers\n|upkeep\n|turn|3\n|\n|t:|1733875680\n|switch|p1a: Trevenant|Trevenant, L88, F|293/293\n|move|p2a: Lilligant|Quiver Dance|p2a: Lilligant\n|-boost|p2a: Lilligant|spa|1\n|-boost|p2a: Lilligant|spd|1\n|-boost|p2a: Lilligant|spe|1\n|\n|upkeep\n|turn|4\n|\n|t:|1733875701\n|move|p2a: Lilligant|Quiver Dance|p2a: Lilligant\n|-boost|p2a: Lilligant|spa|1\n|-boost|p2a: Lilligant|spd|1\n|-boost|p2a: Lilligant|spe|1\n|move|p1a: Trevenant|Poltergeist|p2a: Lilligant\n|-activate|p2a: Lilligant|move: Poltergeist|Life Orb\n|-damage|p2a: Lilligant|102/261\n|\n|upkeep\n|turn|5\n|\n|t:|1733875711\n|-terastallize|p2a: Lilligant|Fire\n|move|p2a: Lilligant|Tera Blast|p1a: Trevenant|[anim] Tera Blast Fire\n|-supereffective|p1a: Trevenant\n|-damage|p1a: Trevenant|0 fnt\n|faint|p1a: Trevenant\n|-damage|p2a: Lilligant|76/261|[from] item: Life Orb\n|\n|upkeep\n|\n|t:|1733875714\n|switch|p1a: Coalossal|Coalossal, L89, M|341/341\n|turn|6\n|\n|t:|1733875723\n|move|p2a: Lilligant|Giga Drain|p1a: Coalossal\n|-damage|p1a: Coalossal|106/341\n|-heal|p2a: Lilligant|194/261|[from] drain|[of] p1a: Coalossal\n|-damage|p2a: Lilligant|168/261|[from] item: Life Orb\n|move|p1a: Coalossal|Stone Edge|p2a: Lilligant\n|-supereffective|p2a: Lilligant\n|-damage|p2a: Lilligant|0 fnt\n|faint|p2a: Lilligant\n|\n|upkeep\n|\n|t:|1733875748\n|switch|p2a: Heatran|Heatran, L79, F|273/273\n|-item|p2a: Heatran|Air Balloon\n|turn|7\n|\n|t:|1733875755\n|move|p2a: Heatran|Earth Power|p1a: Coalossal\n|-supereffective|p1a: Coalossal\n|-damage|p1a: Coalossal|0 fnt\n|faint|p1a: Coalossal\n|\n|upkeep\n|\n|t:|1733875774\n|switch|p1a: Manaphy|Manaphy, L78|261/284 slp\n|turn|8\n|\n|t:|1733875799\n|-curestatus|p1a: Manaphy|slp|[msg]\n|move|p1a: Manaphy|Tail Glow|p1a: Manaphy\n|-boost|p1a: Manaphy|spa|3\n|move|p2a: Heatran|Magma Storm|p1a: Manaphy\n|-resisted|p1a: Manaphy\n|-damage|p1a: Manaphy|201/284\n|-activate|p1a: Manaphy|move: Magma Storm|[of] p2a: Heatran\n|\n|-heal|p1a: Manaphy|218/284|[from] item: Leftovers\n|-damage|p1a: Manaphy|183/284|[from] move: Magma Storm|[partiallytrapped]\n|upkeep\n|turn|9\n|inactive|breadfishin has 120 seconds left.\n|\n|t:|1733875830\n|move|p1a: Manaphy|Hydro Pump|p2a: Heatran\n|-supereffective|p2a: Heatran\n|-damage|p2a: Heatran|0 fnt\n|-enditem|p2a: Heatran|Air Balloon\n|faint|p2a: Heatran\n|\n|-heal|p1a: Manaphy|200/284|[from] item: Leftovers\n|-end|p1a: Manaphy|Magma Storm|[partiallytrapped]|[silent]\n|upkeep\n|\n|t:|1733875838\n|switch|p2a: Deoxys|Deoxys, L74|196/196\n|-ability|p2a: Deoxys|Pressure\n|turn|10\n|\n|t:|1733875843\n|move|p2a: Deoxys|Psycho Boost|p1a: Manaphy\n|-damage|p1a: Manaphy|0 fnt\n|-unboost|p2a: Deoxys|spa|2\n|faint|p1a: Manaphy\n|-damage|p2a: Deoxys|177/196|[from] item: Life Orb\n|\n|upkeep\n|\n|t:|1733875850\n|switch|p1a: Regieleki|Regieleki, L79|256/256\n|turn|11\n|inactive|breadfishin has 120 seconds left.\n|\n|t:|1733875860\n|switch|p2a: Muk|Muk-Alola, L82, F|306/306\n|move|p1a: Regieleki|Thunderbolt|p2a: Muk\n|-damage|p2a: Muk|227/306\n|\n|upkeep\n|turn|12\n|\n|t:|1733875870\n|move|p1a: Regieleki|Volt Switch|p2a: Muk\n|-damage|p2a: Muk|164/306\n|inactive|ShadeGod has 120 seconds left.\n|\n|t:|1733875916\n|switch|p1a: Passimian|Passimian, L83, M|302/302|[from] Volt Switch\n|move|p2a: Muk|Poison Jab|p1a: Passimian\n|-damage|p1a: Passimian|209/302\n|\n|upkeep\n|turn|13\n|inactive|breadfishin has 120 seconds left.\n|\n|t:|1733875940\n|move|p1a: Passimian|Close Combat|p2a: Muk\n|-damage|p2a: Muk|0 fnt\n|-unboost|p1a: Passimian|def|1\n|-unboost|p1a: Passimian|spd|1\n|faint|p2a: Muk\n|\n|upkeep\n|inactive|breadfishin has 120 seconds left.\n|\n|t:|1733875963\n|switch|p2a: Deoxys|Deoxys, L74|177/196\n|-ability|p2a: Deoxys|Pressure\n|turn|14\n|\n|t:|1733875974\n|switch|p1a: Arboliva|Arboliva, L91, M|290/290\n|move|p2a: Deoxys|Psycho Boost|p1a: Arboliva|[miss]\n|-miss|p2a: Deoxys|p1a: Arboliva\n|\n|upkeep\n|turn|15\n|\n|t:|1733875986\n|move|p2a: Deoxys|Superpower|p1a: Arboliva\n|-supereffective|p1a: Arboliva\n|-damage|p1a: Arboliva|72/290\n|-unboost|p2a: Deoxys|atk|1\n|-unboost|p2a: Deoxys|def|1\n|-fieldstart|move: Grassy Terrain|[from] ability: Seed Sower|[of] p1a: Arboliva\n|-damage|p2a: Deoxys|158/196|[from] item: Life Orb\n|move|p1a: Arboliva|Hyper Voice|p2a: Deoxys\n|-damage|p2a: Deoxys|0 fnt\n|faint|p2a: Deoxys\n|\n|-heal|p1a: Arboliva|90/290|[from] Grassy Terrain\n|-heal|p1a: Arboliva|108/290|[from] item: Leftovers\n|upkeep\n|\n|t:|1733875998\n|switch|p2a: Slither Wing|Slither Wing, L81|270/270\n|turn|16\n|\n|t:|1733876013\n|move|p2a: Slither Wing|U-turn|p1a: Arboliva\n|-supereffective|p1a: Arboliva\n|-damage|p1a: Arboliva|0 fnt\n|faint|p1a: Arboliva\n|\n|t:|1733876016\n|-end|p2a: Slither Wing|Protosynthesis|[silent]\n|switch|p2a: Honchkrow|Honchkrow, L86, F|312/312|[from] U-turn\n|\n|upkeep\n|\n|t:|1733876020\n|switch|p1a: Passimian|Passimian, L83, M|209/302\n|turn|17\n|\n|t:|1733876026\n|move|p1a: Passimian|Close Combat|p2a: Honchkrow\n|-damage|p2a: Honchkrow|0 fnt\n|-unboost|p1a: Passimian|def|1\n|-unboost|p1a: Passimian|spd|1\n|faint|p2a: Honchkrow\n|\n|-heal|p1a: Passimian|227/302|[from] Grassy Terrain\n|upkeep\n|\n|t:|1733876030\n|switch|p2a: Slither Wing|Slither Wing, L81|270/270\n|turn|18\n|\n|t:|1733876036\n|move|p1a: Passimian|Close Combat|p2a: Slither Wing\n|-resisted|p2a: Slither Wing\n|-damage|p2a: Slither Wing|156/270\n|-unboost|p1a: Passimian|def|1\n|-unboost|p1a: Passimian|spd|1\n|move|p2a: Slither Wing|Will-O-Wisp|p1a: Passimian\n|-status|p1a: Passimian|brn\n|\n|-heal|p1a: Passimian|245/302 brn|[from] Grassy Terrain\n|-heal|p2a: Slither Wing|172/270|[from] Grassy Terrain\n|-damage|p1a: Passimian|227/302 brn|[from] brn\n|upkeep\n|turn|19\n|\n|t:|1733876049\n|move|p1a: Passimian|Close Combat|p2a: Slither Wing\n|-resisted|p2a: Slither Wing\n|-damage|p2a: Slither Wing|106/270\n|-unboost|p1a: Passimian|def|1\n|-unboost|p1a: Passimian|spd|1\n|move|p2a: Slither Wing|Morning Sun|p2a: Slither Wing\n|-heal|p2a: Slither Wing|241/270\n|\n|-heal|p1a: Passimian|245/302 brn|[from] Grassy Terrain\n|-heal|p2a: Slither Wing|257/270|[from] Grassy Terrain\n|-damage|p1a: Passimian|227/302 brn|[from] brn\n|-fieldend|move: Grassy Terrain\n|upkeep\n|turn|20\n|\n|t:|1733876078\n|move|p1a: Passimian|Close Combat|p2a: Slither Wing\n|-resisted|p2a: Slither Wing\n|-damage|p2a: Slither Wing|200/270\n|-unboost|p1a: Passimian|def|1\n|-unboost|p1a: Passimian|spd|1\n|move|p2a: Slither Wing|U-turn|p1a: Passimian\n|-resisted|p1a: Passimian\n|-damage|p1a: Passimian|103/302 brn\n|\n|-damage|p1a: Passimian|85/302 brn|[from] brn\n|upkeep\n|turn|21\n|\n|t:|1733876091\n|move|p1a: Passimian|Close Combat|p2a: Slither Wing\n|-resisted|p2a: Slither Wing\n|-damage|p2a: Slither Wing|142/270\n|-unboost|p1a: Passimian|def|1\n|-unboost|p1a: Passimian|spd|1\n|move|p2a: Slither Wing|Morning Sun|p2a: Slither Wing\n|-heal|p2a: Slither Wing|270/270\n|\n|-damage|p1a: Passimian|67/302 brn|[from] brn\n|upkeep\n|turn|22\n|\n|t:|1733876098\n|move|p1a: Passimian|Close Combat|p2a: Slither Wing\n|-resisted|p2a: Slither Wing\n|-damage|p2a: Slither Wing|213/270\n|-unboost|p1a: Passimian|def|1\n|-unboost|p1a: Passimian|spd|1\n|move|p2a: Slither Wing|U-turn|p1a: Passimian\n|-resisted|p1a: Passimian\n|-damage|p1a: Passimian|0 fnt\n|faint|p1a: Passimian\n|\n|upkeep\n|\n|t:|1733876100\n|switch|p1a: Regieleki|Regieleki, L79|256/256\n|turn|23\n|\n|t:|1733876110\n|move|p1a: Regieleki|Thunderbolt|p2a: Slither Wing\n|-damage|p2a: Slither Wing|90/270\n|-status|p2a: Slither Wing|par\n|move|p2a: Slither Wing|Close Combat|p1a: Regieleki\n|-damage|p1a: Regieleki|6/256\n|-unboost|p2a: Slither Wing|def|1\n|-unboost|p2a: Slither Wing|spd|1\n|\n|upkeep\n|turn|24\n|\n|t:|1733876120\n|move|p1a: Regieleki|Thunderbolt|p2a: Slither Wing\n|-damage|p2a: Slither Wing|0 fnt\n|faint|p2a: Slither Wing\n|-end|p2a: Slither Wing|Protosynthesis|[silent]\n|\n|win|ShadeGod\n|raw|ShadeGod's rating: 1462 &rarr; <strong>1483</strong><br />(+21 for winning)\n|raw|breadfishin's rating: 1485 &rarr; <strong>1464</strong><br />(-21 for losing)\n|l|\u2606breadfishin\n|player|p2|\n", "inputlog": ">version bfd83cad13791eb5a5a409923076391caf6fb4d4\n>start {\"formatid\":\"gen9randombattle\",\"seed\":[31465,10816,50790,47552],\"rated\":\"Rated battle\"}\n>player p1 {\"name\":\"ShadeGod\",\"avatar\":\"dragontamer\",\"rating\":1462,\"seed\":[63577,5602,28275,62010]}\n>player p2 {\"name\":\"breadfishin\",\"avatar\":\"byron\",\"rating\":1485,\"seed\":[62428,52035,61804,27506]}\n>p1 move tailglow\n>p2 move uturn\n>p2 switch 6\n>p1 move icebeam\n>p2 move sleeppowder\n>p1 switch 6\n>p2 move quiverdance\n>p1 move poltergeist\n>p2 move quiverdance\n>p1 move poltergeist\n>p2 move terablast terastallize\n>p1 switch 5\n>p1 move stoneedge\n>p2 move gigadrain\n>p2 switch 4\n>p1 move stealthrock\n>p2 move earthpower\n>p1 switch 6\n>p1 move tailglow\n>p2 move magmastorm\n>p1 move hydropump\n>p2 move stealthrock\n>p2 switch 5\n>p1 move hydropump\n>p2 move psychoboost\n>p1 switch 3\n>p1 move thunderbolt\n>p2 switch 3\n>p1 move voltswitch\n>p2 move poisonjab\n>p1 switch 2\n>p1 move closecombat\n>p2 move knockoff\n>p2 switch 3\n>p1 switch 4\n>p2 move psychoboost\n>p1 move hypervoice\n>p2 move superpower\n>p2 switch 2\n>p1 move strengthsap\n>p2 move uturn\n>p2 switch 6\n>p1 switch 4\n>p1 move closecombat\n>p2 move bravebird\n>p2 switch 6\n>p1 move closecombat\n>p2 move willowisp\n>p1 move closecombat\n>p2 move morningsun\n>p1 move closecombat\n>p2 move uturn\n>p1 move closecombat\n>p2 move morningsun\n>p1 move closecombat\n>p2 move uturn\n>p1 switch 2\n>p1 move thunderbolt\n>p2 move closecombat\n>p1 move thunderbolt\n>p2 move willowisp", "uploadtime": 1733876130, "views": 1, "formatid": "gen9randombattle", "rating": 1464, "private": 0, "password": null}