{"id": "gen9randombattle-2259780139", "format": "[Gen 9] Random Battle", "players": ["011CE", "DuskyCat"], "log": "|j|\u2606011CE\n|j|\u2606DuskyCat\n|t:|1733765977\n|gametype|singles\n|player|p1|011CE|1|1865\n|player|p2|DuskyCat|guitarist|1884\n|teamsize|p1|6\n|teamsize|p2|6\n|gen|9\n|tier|[Gen 9] Random Battle\n|rated|\n|rule|Species Clause: Limit one of each Pok\u00e9mon\n|rule|HP Percentage Mod: HP is shown in percentages\n|rule|Sleep Clause Mod: Limit one foe put to sleep\n|rule|Illusion Level Mod: Illusion disguises the Pok\u00e9mon's true level\n|\n|t:|1733765977\n|start\n|switch|p1a: Raging Bolt|Raging Bolt, L78|323/323\n|switch|p2a: Donphan|Donphan, L84, F|288/288\n|turn|1\n|inactive|Battle timer is ON: inactive players will automatically lose when time's up. (requested by DuskyCat)\n|\n|t:|1733765990\n|-end|p1a: Raging Bolt|Protosynthesis|[silent]\n|switch|p1a: Great Tusk|Great Tusk, L77|304/304\n|-enditem|p1a: Great Tusk|Booster Energy\n|-activate|p1a: Great Tusk|ability: Protosynthesis|[fromitem]\n|-start|p1a: Great Tusk|protosynthesisatk\n|move|p2a: Donphan|Rapid Spin|p1a: Great Tusk\n|-damage|p1a: Great Tusk|268/304\n|-boost|p2a: Donphan|spe|1\n|\n|upkeep\n|turn|2\n|\n|t:|1733766002\n|switch|p2a: Alomomola|Alomomola, L87, F|429/429\n|move|p1a: Great Tusk|Bulk Up|p1a: Great Tusk\n|-boost|p1a: Great Tusk|atk|1\n|-boost|p1a: Great Tusk|def|1\n|\n|upkeep\n|turn|3\n|\n|t:|1733766006\n|move|p1a: Great Tusk|Close Combat|p2a: Alomomola\n|-damage|p2a: Alomomola|140/429\n|-unboost|p1a: Great Tusk|def|1\n|-unboost|p1a: Great Tusk|spd|1\n|move|p2a: Alomomola|Scald|p1a: Great Tusk\n|-supereffective|p1a: Great Tusk\n|-damage|p1a: Great Tusk|22/304\n|\n|upkeep\n|turn|4\n|\n|t:|1733766018\n|switch|p2a: Donphan|Donphan, L84, F|288/288\n|move|p1a: Great Tusk|Close Combat|p2a: Donphan\n|-damage|p2a: Donphan|86/288\n|-unboost|p1a: Great Tusk|def|1\n|-unboost|p1a: Great Tusk|spd|1\n|\n|upkeep\n|turn|5\n|\n|t:|1733766023\n|move|p2a: Donphan|Ice Shard|p1a: Great Tusk\n|-supereffective|p1a: Great Tusk\n|-damage|p1a: Great Tusk|0 fnt\n|faint|p1a: Great Tusk\n|-end|p1a: Great Tusk|Protosynthesis|[silent]\n|\n|upkeep\n|\n|t:|1733766028\n|switch|p1a: Blaziken|Blaziken, L76, F|247/247\n|turn|6\n|\n|t:|1733766037\n|move|p1a: Blaziken|Close Combat|p2a: Donphan\n|-damage|p2a: Donphan|0 fnt\n|-unboost|p1a: Blaziken|def|1\n|-unboost|p1a: Blaziken|spd|1\n|faint|p2a: Donphan\n|-damage|p1a: Blaziken|223/247|[from] item: Life Orb\n|\n|-ability|p1a: Blaziken|Speed Boost|boost\n|-boost|p1a: Blaziken|spe|1\n|upkeep\n|\n|t:|1733766049\n|switch|p2a: Alomomola|Alomomola, L87, F|283/429\n|turn|7\n|\n|t:|1733766056\n|switch|p1a: Raging Bolt|Raging Bolt, L78|323/323\n|move|p2a: Alomomola|Scald|p1a: Raging Bolt\n|-resisted|p1a: Raging Bolt\n|-damage|p1a: Raging Bolt|297/323\n|\n|-heal|p1a: Raging Bolt|317/323|[from] item: Leftovers\n|upkeep\n|turn|8\n|\n|t:|1733766061\n|switch|p2a: Alcremie|Alcremie-Mint-Cream, L90, F|263/263\n|move|p1a: Raging Bolt|Calm Mind|p1a: Raging Bolt\n|-boost|p1a: Raging Bolt|spa|1\n|-boost|p1a: Raging Bolt|spd|1\n|\n|-heal|p1a: Raging Bolt|323/323|[from] item: Leftovers\n|upkeep\n|turn|9\n|\n|t:|1733766065\n|move|p2a: Alcremie|Calm Mind|p2a: Alcremie\n|-boost|p2a: Alcremie|spa|1\n|-boost|p2a: Alcremie|spd|1\n|move|p1a: Raging Bolt|Thunderbolt|p2a: Alcremie\n|-damage|p2a: Alcremie|178/263\n|\n|-heal|p2a: Alcremie|194/263|[from] item: Leftovers\n|upkeep\n|turn|10\n|\n|t:|1733766071\n|-end|p1a: Raging Bolt|Protosynthesis|[silent]\n|switch|p1a: Toxtricity|Toxtricity, L82, M|257/257\n|move|p2a: Alcremie|Alluring Voice|p1a: Toxtricity\n|-resisted|p1a: Toxtricity\n|-damage|p1a: Toxtricity|212/257\n|\n|-heal|p2a: Alcremie|210/263|[from] item: Leftovers\n|upkeep\n|turn|11\n|\n|t:|1733766078\n|-terastallize|p2a: Alcremie|Ground\n|move|p1a: Toxtricity|Sludge Wave|p2a: Alcremie\n|-resisted|p2a: Alcremie\n|-damage|p2a: Alcremie|186/263\n|move|p2a: Alcremie|Tera Blast|p1a: Toxtricity|[anim] Tera Blast Ground\n|-supereffective|p1a: Toxtricity\n|-damage|p1a: Toxtricity|0 fnt\n|faint|p1a: Toxtricity\n|\n|-heal|p2a: Alcremie|202/263|[from] item: Leftovers\n|upkeep\n|\n|t:|1733766087\n|switch|p1a: Blaziken|Blaziken, L76, F|223/247\n|turn|12\n|\n|t:|1733766090\n|move|p2a: Alcremie|Alluring Voice|p1a: Blaziken\n|-damage|p1a: Blaziken|0 fnt\n|faint|p1a: Blaziken\n|\n|-heal|p2a: Alcremie|218/263|[from] item: Leftovers\n|upkeep\n|-message|011CE forfeited.\n|\n|win|DuskyCat\n|raw|011CE's rating: 1865 &rarr; <strong>1846</strong><br />(-19 for losing)\n|raw|DuskyCat's rating: 1884 &rarr; <strong>1903</strong><br />(+19 for winning)\n|l|\u2606011CE\n|player|p1|\n", "inputlog": ">version bfd83cad13791eb5a5a409923076391caf6fb4d4\n>start {\"formatid\":\"gen9randombattle\",\"seed\":[12890,27472,40825,5944],\"rated\":\"Rated battle\"}\n>player p1 {\"name\":\"011CE\",\"avatar\":\"1\",\"rating\":1865,\"seed\":[36578,57976,13161,36639]}\n>player p2 {\"name\":\"DuskyCat\",\"avatar\":\"guitarist\",\"rating\":1884,\"seed\":[30444,65241,62269,3209]}\n>p1 switch 5\n>p2 move rapidspin\n>p1 move bulkup\n>p2 switch 4\n>p1 move closecombat\n>p2 move scald\n>p1 move closecombat\n>p2 switch 4\n>p1 move closecombat\n>p2 move iceshard\n>p1 switch 3\n>p1 move closecombat\n>p2 move earthquake\n>p2 switch 4\n>p1 switch 5\n>p2 move scald\n>p1 move calmmind\n>p2 switch 5\n>p1 move thunderbolt\n>p2 move calmmind\n>p1 switch 2\n>p2 move alluringvoice\n>p1 move sludgewave\n>p2 move terablast terastallize\n>p1 switch 5\n>p1 move flareblitz\n>p2 move alluringvoice\n>forcelose p1", "uploadtime": 1733766102, "views": 1, "formatid": "gen9randombattle", "rating": 1846, "private": 0, "password": null}