{"id": "gen9randombattle-2259995738", "format": "[Gen 9] Random Battle", "players": ["Hyzali on Insta", "Tosufa"], "log": "|j|\u2606Hyzali on Insta\n|j|\u2606Tosufa\n|t:|1733788906\n|gametype|singles\n|player|p1|Hyzali on Insta|dancer|1212\n|player|p2|Tosufa|265|1243\n|teamsize|p1|6\n|teamsize|p2|6\n|gen|9\n|tier|[Gen 9] Random Battle\n|rated|\n|rule|Species Clause: Limit one of each Pok\u00e9mon\n|rule|HP Percentage Mod: HP is shown in percentages\n|rule|Sleep Clause Mod: Limit one foe put to sleep\n|rule|Illusion Level Mod: Illusion disguises the Pok\u00e9mon's true level\n|\n|t:|1733788906\n|start\n|switch|p1a: Jumpluff|Jumpluff, L87, M|271/271\n|switch|p2a: Brute Bonnet|Brute Bonnet, L81|312/312\n|turn|1\n|inactive|Battle timer is ON: inactive players will automatically lose when time's up. (requested by Hyzali on Insta)\n|\n|t:|1733788916\n|move|p1a: Jumpluff|Acrobatics|p2a: Brute Bonnet\n|-supereffective|p2a: Brute Bonnet\n|-damage|p2a: Brute Bonnet|166/312\n|move|p2a: Brute Bonnet|Spore|p1a: Jumpluff\n|-immune|p1a: Jumpluff\n|\n|-heal|p2a: Brute Bonnet|185/312|[from] item: Leftovers\n|upkeep\n|turn|2\n|\n|t:|1733788928\n|-end|p2a: Brute Bonnet|Protosynthesis|[silent]\n|switch|p2a: Talonflame|Talonflame, L83, F|265/265\n|move|p1a: Jumpluff|Encore||[still]\n|-fail|p1a: Jumpluff\n|\n|upkeep\n|turn|3\n|\n|t:|1733788936\n|switch|p1a: Ceruledge|Ceruledge, L78, M|245/245\n|move|p2a: Talonflame|Overheat|p1a: Ceruledge|[miss]\n|-miss|p2a: Talonflame|p1a: Ceruledge\n|\n|upkeep\n|turn|4\n|\n|t:|1733788949\n|move|p2a: Talonflame|U-turn|p1a: Ceruledge\n|-resisted|p1a: Ceruledge\n|-damage|p1a: Ceruledge|232/245\n|-ability|p1a: Ceruledge|Weak Armor|boost\n|-unboost|p1a: Ceruledge|def|1\n|-boost|p1a: Ceruledge|spe|2\n|\n|t:|1733788963\n|switch|p2a: Brute Bonnet|Brute Bonnet, L81|185/312|[from] U-turn\n|move|p1a: Ceruledge|Poltergeist|p2a: Brute Bonnet|[miss]\n|-miss|p1a: Ceruledge|p2a: Brute Bonnet\n|\n|-heal|p2a: Brute Bonnet|204/312|[from] item: Leftovers\n|upkeep\n|turn|5\n|\n|t:|1733788976\n|switch|p1a: Vivillon|Vivillon-Marine, L84, M|272/272\n|move|p2a: Brute Bonnet|Sucker Punch||[still]\n|-fail|p2a: Brute Bonnet\n|\n|-heal|p2a: Brute Bonnet|223/312|[from] item: Leftovers\n|upkeep\n|turn|6\n|\n|t:|1733788991\n|move|p1a: Vivillon|Quiver Dance|p1a: Vivillon\n|-boost|p1a: Vivillon|spa|1\n|-boost|p1a: Vivillon|spd|1\n|-boost|p1a: Vivillon|spe|1\n|move|p2a: Brute Bonnet|Crunch|p1a: Vivillon\n|-crit|p1a: Vivillon\n|-damage|p1a: Vivillon|53/272\n|\n|-heal|p2a: Brute Bonnet|242/312|[from] item: Leftovers\n|upkeep\n|turn|7\n|\n|t:|1733789000\n|move|p1a: Vivillon|Hurricane|p2a: Brute Bonnet\n|-supereffective|p2a: Brute Bonnet\n|-damage|p2a: Brute Bonnet|0 fnt\n|faint|p2a: Brute Bonnet\n|-end|p2a: Brute Bonnet|Protosynthesis|[silent]\n|\n|upkeep\n|\n|t:|1733789007\n|switch|p2a: Talonflame|Talonflame, L83, F|265/265\n|turn|8\n|\n|t:|1733789022\n|move|p1a: Vivillon|Sleep Powder|p2a: Talonflame\n|-status|p2a: Talonflame|slp|[from] move: Sleep Powder\n|cant|p2a: Talonflame|slp\n|\n|upkeep\n|turn|9\n|\n|t:|1733789044\n|switch|p2a: Rotom|Rotom, L88|231/231\n|move|p1a: Vivillon|Hurricane|p2a: Rotom\n|-resisted|p2a: Rotom\n|-damage|p2a: Rotom|140/231\n|\n|upkeep\n|turn|10\n|\n|t:|1733789054\n|move|p2a: Rotom|Trick|p1a: Vivillon\n|-activate|p2a: Rotom|move: Trick|[of] p1a: Vivillon\n|-item|p1a: Vivillon|Choice Scarf|[from] move: Trick\n|-item|p2a: Rotom|Heavy-Duty Boots|[from] move: Trick\n|move|p1a: Vivillon|Hurricane|p2a: Rotom|[miss]\n|-miss|p1a: Vivillon|p2a: Rotom\n|\n|upkeep\n|turn|11\n|\n|t:|1733789063\n|move|p1a: Vivillon|Hurricane|p2a: Rotom\n|-resisted|p2a: Rotom\n|-damage|p2a: Rotom|58/231\n|-start|p2a: Rotom|confusion\n|-activate|p2a: Rotom|confusion\n|-damage|p2a: Rotom|43/231|[from] confusion\n|\n|upkeep\n|turn|12\n|\n|t:|1733789070\n|move|p1a: Vivillon|Hurricane|p2a: Rotom\n|-resisted|p2a: Rotom\n|-damage|p2a: Rotom|0 fnt\n|faint|p2a: Rotom\n|\n|upkeep\n|\n|t:|1733789076\n|switch|p2a: Jumpluff|Jumpluff, L87, M|271/271\n|turn|13\n|\n|t:|1733789081\n|move|p1a: Vivillon|Hurricane|p2a: Jumpluff\n|-supereffective|p2a: Jumpluff\n|-damage|p2a: Jumpluff|0 fnt\n|faint|p2a: Jumpluff\n|\n|upkeep\n|\n|t:|1733789087\n|switch|p2a: Talonflame|Talonflame, L83, F|265/265 slp\n|turn|14\n|\n|t:|1733789090\n|move|p1a: Vivillon|Hurricane|p2a: Talonflame\n|-damage|p2a: Talonflame|79/265 slp\n|cant|p2a: Talonflame|slp\n|\n|upkeep\n|turn|15\n|\n|t:|1733789099\n|switch|p2a: Bellibolt|Bellibolt, L84, F|320/320\n|move|p1a: Vivillon|Hurricane|p2a: Bellibolt\n|-resisted|p2a: Bellibolt\n|-damage|p2a: Bellibolt|229/320\n|-start|p2a: Bellibolt|confusion\n|-start|p2a: Bellibolt|Charge|Hurricane|[from] ability: Electromorphosis\n|\n|-heal|p2a: Bellibolt|249/320|[from] item: Leftovers\n|upkeep\n|turn|16\n|\n|t:|1733789110\n|switch|p1a: Golurk|Golurk, L87|297/297\n|-activate|p2a: Bellibolt|confusion\n|move|p2a: Bellibolt|Thunderbolt|p1a: Golurk\n|-immune|p1a: Golurk\n|-end|p2a: Bellibolt|Charge|[silent]\n|\n|-heal|p2a: Bellibolt|269/320|[from] item: Leftovers\n|upkeep\n|turn|17\n|\n|t:|1733789122\n|move|p1a: Golurk|Stealth Rock|p2a: Bellibolt\n|-sidestart|p2: Tosufa|move: Stealth Rock\n|-activate|p2a: Bellibolt|confusion\n|move|p2a: Bellibolt|Toxic|p1a: Golurk\n|-status|p1a: Golurk|tox\n|\n|-heal|p2a: Bellibolt|289/320|[from] item: Leftovers\n|-damage|p1a: Golurk|279/297 tox|[from] psn\n|upkeep\n|turn|18\n|\n|t:|1733789129\n|move|p1a: Golurk|Earthquake|p2a: Bellibolt\n|-supereffective|p2a: Bellibolt\n|-damage|p2a: Bellibolt|0 fnt\n|faint|p2a: Bellibolt\n|-damage|p1a: Golurk|250/297 tox|[from] item: Life Orb\n|\n|-damage|p1a: Golurk|214/297 tox|[from] psn\n|upkeep\n|\n|t:|1733789136\n|switch|p2a: Talonflame|Talonflame, L83, F|79/265 slp\n|turn|19\n|\n|t:|1733789141\n|cant|p2a: Talonflame|slp\n|move|p1a: Golurk|Poltergeist|p2a: Talonflame\n|-activate|p2a: Talonflame|move: Poltergeist|Heavy-Duty Boots\n|-damage|p2a: Talonflame|0 fnt\n|faint|p2a: Talonflame\n|-damage|p1a: Golurk|185/297 tox|[from] item: Life Orb\n|\n|-damage|p1a: Golurk|131/297 tox|[from] psn\n|upkeep\n|\n|t:|1733789150\n|switch|p2a: Latias|Latias, L79, F|256/256\n|-damage|p2a: Latias|224/256|[from] Stealth Rock\n|turn|20\n|\n|t:|1733789164\n|switch|p1a: Ursaring|Ursaring, L84, M|288/288\n|-terastallize|p2a: Latias|Steel\n|move|p2a: Latias|Calm Mind|p2a: Latias\n|-boost|p2a: Latias|spa|1\n|-boost|p2a: Latias|spd|1\n|\n|upkeep\n|turn|21\n|\n|t:|1733789171\n|move|p2a: Latias|Calm Mind|p2a: Latias\n|-boost|p2a: Latias|spa|1\n|-boost|p2a: Latias|spd|1\n|move|p1a: Ursaring|Body Slam|p2a: Latias\n|-resisted|p2a: Latias\n|-damage|p2a: Latias|168/256\n|\n|upkeep\n|turn|22\n|\n|t:|1733789181\n|move|p2a: Latias|Psyshock|p1a: Ursaring\n|-damage|p1a: Ursaring|143/288\n|move|p1a: Ursaring|Body Slam|p2a: Latias\n|-resisted|p2a: Latias\n|-damage|p2a: Latias|109/256\n|-status|p2a: Latias|par\n|\n|upkeep\n|turn|23\n|\n|t:|1733789200\n|switch|p1a: Ceruledge|Ceruledge, L78, M|232/245\n|move|p2a: Latias|Psyshock|p1a: Ceruledge\n|-damage|p1a: Ceruledge|3/245\n|\n|upkeep\n|turn|24\n|-message|Tosufa forfeited.\n|\n|win|Hyzali on Insta\n|raw|Hyzali on Insta's rating: 1212 &rarr; <strong>1239</strong><br />(+27 for winning)\n|raw|Tosufa's rating: 1243 &rarr; <strong>1216</strong><br />(-27 for losing)\n|l|\u2606Tosufa\n|player|p2|\n", "inputlog": ">version bfd83cad13791eb5a5a409923076391caf6fb4d4\n>start {\"formatid\":\"gen9randombattle\",\"seed\":[46175,50718,43603,52966],\"rated\":\"Rated battle\"}\n>player p1 {\"name\":\"Hyzali on Insta\",\"avatar\":\"dancer\",\"rating\":1212,\"seed\":[14223,10474,32917,19394]}\n>player p2 {\"name\":\"Tosufa\",\"avatar\":\"265\",\"rating\":1243,\"seed\":[10659,9342,61202,6056]}\n>p1 move acrobatics\n>p2 move spore\n>p1 move encore\n>p2 switch 4\n>p1 switch 5\n>p2 move overheat\n>p1 move poltergeist\n>p2 move uturn\n>p2 switch 4\n>p1 switch 3\n>p2 move suckerpunch\n>p1 move quiverdance\n>p2 move crunch\n>p1 move hurricane\n>p2 move crunch\n>p2 switch 4\n>p1 move sleeppowder\n>p2 move overheat\n>p1 move hurricane\n>p2 switch 5\n>p1 move hurricane\n>p2 move trick\n>p1 move hurricane\n>p2 move thunderbolt\n>p1 move hurricane\n>p2 move thunderbolt\n>p2 switch 2\n>p1 move hurricane\n>p2 move acrobatics\n>p2 switch 5\n>p1 move hurricane\n>p2 move overheat\n>p1 move hurricane\n>p2 switch 6\n>p1 switch 4\n>p2 move thunderbolt\n>p1 move stealthrock\n>p2 move toxic\n>p1 move earthquake\n>p2 move muddywater\n>p2 switch 6\n>p1 move poltergeist\n>p2 move roost\n>p2 switch 3\n>p1 switch 2\n>p2 move calmmind terastallize\n>p1 move bodyslam\n>p2 move calmmind\n>p1 move bodyslam\n>p2 move psyshock\n>p1 switch 3\n>p2 move psyshock\n>forcelose p2", "uploadtime": 1733789204, "views": 12, "formatid": "gen9randombattle", "rating": 1216, "private": 0, "password": null}