{"id": "gen9randombattle-2260729803", "format": "[Gen 9] Random Battle", "players": ["98h89h9h889h", "AminitraboTTT"], "log": "|j|\u260698h89h9h889h\n|j|\u2606AminitraboTTT\n|t:|1733883955\n|gametype|singles\n|player|p1|98h89h9h889h|101|\n|player|p2|AminitraboTTT|supernerd|\n|teamsize|p1|6\n|teamsize|p2|6\n|gen|9\n|tier|[Gen 9] Random Battle\n|rule|Species Clause: Limit one of each Pok\u00e9mon\n|rule|HP Percentage Mod: HP is shown in percentages\n|rule|Sleep Clause Mod: Limit one foe put to sleep\n|rule|Illusion Level Mod: Illusion disguises the Pok\u00e9mon's true level\n|\n|t:|1733883955\n|start\n|switch|p1a: Magcargo|Magcargo, L95, F|268/268\n|switch|p2a: Pelipper|Pelipper, L86, M|243/243\n|-weather|RainDance|[from] ability: Drizzle|[of] p2a: Pelipper\n|turn|1\n|c|\u2606AminitraboTTT|Hola, soy AminitraboTTT, el bot de la sala Espa\u00f1ol. gl hf\n|inactive|Battle timer is ON: inactive players will automatically lose when time's up. (requested by AminitraboTTT)\n|\n|t:|1733883966\n|switch|p1a: Slowbro|Slowbro, L85, M|300/300\n|-terastallize|p2a: Pelipper|Water\n|move|p2a: Pelipper|Hydro Pump|p1a: Slowbro\n|-resisted|p1a: Slowbro\n|-damage|p1a: Slowbro|104/300\n|\n|-weather|RainDance|[upkeep]\n|-heal|p1a: Slowbro|122/300|[from] item: Leftovers\n|upkeep\n|turn|2\n|\n|t:|1733883970\n|switch|p1a: Urshifu|Urshifu-Rapid-Strike, L75, F|274/274\n|move|p2a: Pelipper|Hydro Pump|p1a: Urshifu|[miss]\n|-miss|p2a: Pelipper|p1a: Urshifu\n|\n|-weather|RainDance|[upkeep]\n|upkeep\n|turn|3\n|\n|t:|1733883972\n|move|p1a: Urshifu|Surging Strikes|p2a: Pelipper\n|-resisted|p2a: Pelipper\n|-crit|p2a: Pelipper\n|-damage|p2a: Pelipper|200/243\n|-resisted|p2a: Pelipper\n|-crit|p2a: Pelipper\n|-damage|p2a: Pelipper|160/243\n|-resisted|p2a: Pelipper\n|-crit|p2a: Pelipper\n|-damage|p2a: Pelipper|115/243\n|-hitcount|p2a: Pelipper|3\n|move|p2a: Pelipper|Hydro Pump|p1a: Urshifu\n|-resisted|p1a: Urshifu\n|-damage|p1a: Urshifu|21/274\n|\n|-weather|RainDance|[upkeep]\n|upkeep\n|turn|4\n|\n|t:|1733883973\n|move|p1a: Urshifu|Surging Strikes|p2a: Pelipper\n|-resisted|p2a: Pelipper\n|-crit|p2a: Pelipper\n|-damage|p2a: Pelipper|70/243\n|-resisted|p2a: Pelipper\n|-crit|p2a: Pelipper\n|-damage|p2a: Pelipper|30/243\n|-resisted|p2a: Pelipper\n|-crit|p2a: Pelipper\n|-damage|p2a: Pelipper|0 fnt\n|faint|p2a: Pelipper\n|-hitcount|p2: Pelipper|3\n|\n|-weather|RainDance|[upkeep]\n|upkeep\n|\n|t:|1733883973\n|switch|p2a: Dragapult|Dragapult, L77, F|262/262\n|turn|5\n|\n|t:|1733883976\n|move|p2a: Dragapult|Tera Blast|p1a: Urshifu\n|-damage|p1a: Urshifu|0 fnt\n|faint|p1a: Urshifu\n|-damage|p2a: Dragapult|236/262|[from] item: Life Orb\n|\n|-weather|none\n|upkeep\n|\n|t:|1733883983\n|switch|p1a: Gengar|Gengar, L81, F|230/230\n|turn|6\n|\n|t:|1733883984\n|move|p2a: Dragapult|Dragon Darts|p1a: Gengar\n|-damage|p1a: Gengar|136/230\n|-start|p2a: Dragapult|Disable|Dragon Darts|[from] ability: Cursed Body|[of] p1a: Gengar\n|-anim|p2a: Dragapult|Dragon Darts|p1a: Gengar\n|-damage|p1a: Gengar|41/230\n|-damage|p2a: Dragapult|210/262|[from] item: Life Orb\n|move|p1a: Gengar|Shadow Ball|p2a: Dragapult\n|-supereffective|p2a: Dragapult\n|-damage|p2a: Dragapult|0 fnt\n|faint|p2a: Dragapult\n|-damage|p1a: Gengar|18/230|[from] item: Life Orb\n|\n|upkeep\n|\n|t:|1733883984\n|switch|p2a: Coalossal|Coalossal, L89, F|341/341\n|turn|7\n|\n|t:|1733883987\n|move|p1a: Gengar|Shadow Ball|p2a: Coalossal\n|-damage|p2a: Coalossal|223/341\n|-damage|p1a: Gengar|0 fnt|[from] item: Life Orb\n|faint|p1a: Gengar\n|move|p2a: Coalossal|Flamethrower|p1: Gengar|[notarget]\n|-fail|p2a: Coalossal\n|\n|upkeep\n|\n|t:|1733883989\n|switch|p1a: Pikachu|Pikachu-World, L93, M|216/216\n|turn|8\n|\n|t:|1733883990\n|switch|p2a: Slither Wing|Slither Wing, L81|270/270\n|move|p1a: Pikachu|Surf|p2a: Slither Wing\n|-damage|p2a: Slither Wing|174/270\n|\n|upkeep\n|turn|9\n|\n|t:|1733883993\n|move|p1a: Pikachu|Volt Switch|p2a: Slither Wing\n|-damage|p2a: Slither Wing|80/270\n|\n|t:|1733883996\n|switch|p1a: Magcargo|Magcargo, L95, F|268/268|[from] Volt Switch\n|move|p2a: Slither Wing|U-turn|p1a: Magcargo\n|-resisted|p1a: Magcargo\n|-damage|p1a: Magcargo|238/268\n|-status|p2a: Slither Wing|brn|[from] ability: Flame Body|[of] p1a: Magcargo\n|\n|t:|1733883996\n|-end|p2a: Slither Wing|Protosynthesis|[silent]\n|switch|p2a: Azumarill|Azumarill, L82, F|298/298|[from] U-turn\n|\n|upkeep\n|turn|10\n|\n|t:|1733884000\n|switch|p1a: Slowbro|Slowbro, L85, M|222/300\n|move|p2a: Azumarill|Liquidation|p1a: Slowbro\n|-resisted|p1a: Slowbro\n|-damage|p1a: Slowbro|156/300\n|\n|-heal|p1a: Slowbro|174/300|[from] item: Leftovers\n|upkeep\n|turn|11\n|\n|t:|1733884003\n|switch|p2a: Grimmsnarl|Grimmsnarl, L83, M|293/293\n|switch|p1a: Magcargo|Magcargo, L95, F|238/268\n|\n|upkeep\n|turn|12\n|\n|t:|1733884005\n|switch|p2a: Azumarill|Azumarill, L82, F|298/298\n|move|p1a: Magcargo|Stealth Rock|p2a: Azumarill\n|-sidestart|p2: AminitraboTTT|move: Stealth Rock\n|\n|upkeep\n|turn|13\n|\n|t:|1733884007\n|switch|p1a: Slowbro|Slowbro, L85, M|274/300\n|move|p2a: Azumarill|Liquidation|p1a: Slowbro\n|-resisted|p1a: Slowbro\n|-damage|p1a: Slowbro|211/300\n|\n|-heal|p1a: Slowbro|229/300|[from] item: Leftovers\n|upkeep\n|turn|14\n|\n|t:|1733884008\n|switch|p2a: Grimmsnarl|Grimmsnarl, L83, M|293/293\n|-damage|p2a: Grimmsnarl|257/293|[from] Stealth Rock\n|move|p1a: Slowbro|Scald|p2a: Grimmsnarl\n|-damage|p2a: Grimmsnarl|158/293\n|\n|-heal|p1a: Slowbro|247/300|[from] item: Leftovers\n|upkeep\n|turn|15\n|\n|t:|1733884009\n|switch|p1a: Magcargo|Magcargo, L95, F|238/268\n|move|p2a: Grimmsnarl|Light Screen|p2a: Grimmsnarl\n|-sidestart|p2: AminitraboTTT|move: Light Screen\n|\n|upkeep\n|turn|16\n|\n|t:|1733884011\n|switch|p2a: Azumarill|Azumarill, L82, F|298/298\n|-damage|p2a: Azumarill|261/298|[from] Stealth Rock\n|move|p1a: Magcargo|Lava Plume|p2a: Azumarill\n|-resisted|p2a: Azumarill\n|-damage|p2a: Azumarill|232/298\n|\n|upkeep\n|turn|17\n|\n|t:|1733884012\n|switch|p1a: Slowbro|Slowbro, L85, M|300/300\n|move|p2a: Azumarill|Liquidation|p1a: Slowbro\n|-resisted|p1a: Slowbro\n|-damage|p1a: Slowbro|231/300\n|-unboost|p1a: Slowbro|def|1\n|\n|-heal|p1a: Slowbro|249/300|[from] item: Leftovers\n|upkeep\n|turn|18\n|\n|t:|1733884015\n|switch|p2a: Grimmsnarl|Grimmsnarl, L83, M|158/293\n|-damage|p2a: Grimmsnarl|122/293|[from] Stealth Rock\n|move|p1a: Slowbro|Iron Defense|p1a: Slowbro\n|-boost|p1a: Slowbro|def|2\n|\n|-heal|p1a: Slowbro|267/300|[from] item: Leftovers\n|upkeep\n|turn|19\n|\n|t:|1733884017\n|switch|p1a: Magcargo|Magcargo, L95, F|238/268\n|move|p2a: Grimmsnarl|Spirit Break|p1a: Magcargo\n|-resisted|p1a: Magcargo\n|-damage|p1a: Magcargo|205/268\n|-unboost|p1a: Magcargo|spa|1\n|\n|upkeep\n|turn|20\n|\n|t:|1733884019\n|switch|p2a: Azumarill|Azumarill, L82, F|232/298\n|-damage|p2a: Azumarill|195/298|[from] Stealth Rock\n|move|p1a: Magcargo|Lava Plume|p2a: Azumarill\n|-resisted|p2a: Azumarill\n|-damage|p2a: Azumarill|177/298\n|-status|p2a: Azumarill|brn\n|\n|-damage|p2a: Azumarill|159/298 brn|[from] brn\n|upkeep\n|turn|21\n|\n|t:|1733884020\n|switch|p1a: Slowbro|Slowbro, L85, M|300/300\n|move|p2a: Azumarill|Liquidation|p1a: Slowbro\n|-resisted|p1a: Slowbro\n|-damage|p1a: Slowbro|270/300\n|\n|-heal|p1a: Slowbro|288/300|[from] item: Leftovers\n|-damage|p2a: Azumarill|141/298 brn|[from] brn\n|upkeep\n|turn|22\n|\n|t:|1733884022\n|switch|p2a: Grimmsnarl|Grimmsnarl, L83, M|122/293\n|-damage|p2a: Grimmsnarl|86/293|[from] Stealth Rock\n|move|p1a: Slowbro|Scald|p2a: Grimmsnarl\n|-damage|p2a: Grimmsnarl|35/293\n|\n|-heal|p1a: Slowbro|300/300|[from] item: Leftovers\n|-sideend|p2: AminitraboTTT|move: Light Screen\n|upkeep\n|turn|23\n|\n|t:|1733884024\n|move|p2a: Grimmsnarl|Light Screen|p2a: Grimmsnarl\n|-sidestart|p2: AminitraboTTT|move: Light Screen\n|move|p1a: Slowbro|Scald|p2a: Grimmsnarl\n|-damage|p2a: Grimmsnarl|0 fnt\n|faint|p2a: Grimmsnarl\n|\n|upkeep\n|\n|t:|1733884024\n|switch|p2a: Azumarill|Azumarill, L82, F|141/298 brn\n|-damage|p2a: Azumarill|104/298 brn|[from] Stealth Rock\n|turn|24\n|\n|t:|1733884027\n|move|p2a: Azumarill|Ice Spinner|p1a: Slowbro\n|-resisted|p1a: Slowbro\n|-damage|p1a: Slowbro|278/300\n|move|p1a: Slowbro|Iron Defense|p1a: Slowbro\n|-boost|p1a: Slowbro|def|2\n|\n|-heal|p1a: Slowbro|296/300|[from] item: Leftovers\n|-damage|p2a: Azumarill|86/298 brn|[from] brn\n|upkeep\n|turn|25\n|\n|t:|1733884027\n|move|p2a: Azumarill|Ice Spinner|p1a: Slowbro\n|-resisted|p1a: Slowbro\n|-damage|p1a: Slowbro|286/300\n|move|p1a: Slowbro|Iron Defense|p1a: Slowbro\n|-boost|p1a: Slowbro|def|2\n|\n|-heal|p1a: Slowbro|300/300|[from] item: Leftovers\n|-damage|p2a: Azumarill|68/298 brn|[from] brn\n|upkeep\n|turn|26\n|\n|t:|1733884028\n|move|p2a: Azumarill|Ice Spinner|p1a: Slowbro\n|-resisted|p1a: Slowbro\n|-damage|p1a: Slowbro|293/300\n|move|p1a: Slowbro|Iron Defense|p1a: Slowbro\n|-boost|p1a: Slowbro|def|2\n|\n|-heal|p1a: Slowbro|300/300|[from] item: Leftovers\n|-damage|p2a: Azumarill|50/298 brn|[from] brn\n|upkeep\n|turn|27\n|\n|t:|1733884030\n|move|p2a: Azumarill|Ice Spinner|p1a: Slowbro\n|-resisted|p1a: Slowbro\n|-damage|p1a: Slowbro|295/300\n|move|p1a: Slowbro|Body Press|p2a: Azumarill\n|-resisted|p2a: Azumarill\n|-damage|p2a: Azumarill|0 fnt\n|faint|p2a: Azumarill\n|\n|-heal|p1a: Slowbro|300/300|[from] item: Leftovers\n|upkeep\n|\n|t:|1733884030\n|switch|p2a: Slither Wing|Slither Wing, L81|80/270 brn\n|turn|28\n|\n|t:|1733884032\n|move|p2a: Slither Wing|Morning Sun|p2a: Slither Wing\n|-heal|p2a: Slither Wing|215/270 brn\n|move|p1a: Slowbro|Body Press|p2a: Slither Wing\n|-resisted|p2a: Slither Wing\n|-crit|p2a: Slither Wing\n|-damage|p2a: Slither Wing|5/270 brn\n|\n|-damage|p2a: Slither Wing|0 fnt|[from] brn\n|faint|p2a: Slither Wing\n|-end|p2a: Slither Wing|Protosynthesis|[silent]\n|upkeep\n|\n|t:|1733884032\n|switch|p2a: Coalossal|Coalossal, L89, F|223/341\n|turn|29\n|\n|t:|1733884034\n|move|p2a: Coalossal|Stealth Rock|p1a: Slowbro\n|-sidestart|p1: 98h89h9h889h|move: Stealth Rock\n|move|p1a: Slowbro|Body Press|p2a: Coalossal\n|-supereffective|p2a: Coalossal\n|-damage|p2a: Coalossal|0 fnt\n|-status|p1a: Slowbro|brn|[from] ability: Flame Body|[of] p2a: Coalossal\n|faint|p2a: Coalossal\n|\n|win|98h89h9h889h\n|c|\u2606AminitraboTTT|:(\n|l|\u2606AminitraboTTT\n|player|p2|\n|c|\u260698h89h9h889h|/log 98h89h9h889h made this room public.\n", "inputlog": ">version bfd83cad13791eb5a5a409923076391caf6fb4d4\n>start {\"formatid\":\"gen9randombattle\",\"seed\":[12228,4184,50651,47393]}\n>player p1 {\"name\":\"98h89h9h889h\",\"avatar\":\"101\",\"rating\":0,\"seed\":[42987,4378,58825,58841]}\n>player p2 {\"name\":\"AminitraboTTT\",\"avatar\":\"supernerd\",\"rating\":0,\"seed\":[3135,53520,7819,19525]}\n>chat \u2606AminitraboTTT|Hola, soy AminitraboTTT, el bot de la sala Espa\u00f1ol. gl hf\n>p1 switch 4\n>p2 move hydropump terastallize\n>p1 switch 2\n>p2 move hydropump\n>p1 move surgingstrikes\n>p2 move hydropump\n>p1 move surgingstrikes\n>p2 move hydropump\n>p2 switch 4\n>p1 move surgingstrikes\n>p2 move terablast\n>p1 switch 3\n>p1 move shadowball\n>p2 move dragondarts\n>p2 switch 6\n>p1 move shadowball\n>p2 move flamethrower\n>p1 switch 5\n>p1 move surf\n>p2 switch 2\n>p1 move voltswitch\n>p2 move uturn\n>p1 switch 4\n>p2 switch 5\n>p1 switch 2\n>p2 move liquidation\n>p1 switch 2\n>p2 switch 3\n>p1 move stealthrock\n>p2 switch 3\n>p1 switch 2\n>p2 move liquidation\n>p1 move scald\n>p2 switch 3\n>p1 switch 2\n>p2 move lightscreen\n>p1 move lavaplume\n>p2 switch 3\n>p1 switch 2\n>p2 move liquidation\n>p1 move irondefense\n>p2 switch 3\n>p1 switch 2\n>p2 move spiritbreak\n>p1 move lavaplume\n>p2 switch 3\n>p1 switch 2\n>p2 move liquidation\n>p1 move scald\n>p2 switch 3\n>p1 move scald\n>p2 move lightscreen\n>p2 switch 3\n>p1 move irondefense\n>p2 move icespinner\n>p1 move irondefense\n>p2 move icespinner\n>p1 move irondefense\n>p2 move icespinner\n>p1 move bodypress\n>p2 move icespinner\n>p2 switch 5\n>p1 move bodypress\n>p2 move morningsun\n>p2 switch 2\n>p1 move bodypress\n>p2 move stealthrock", "uploadtime": 1733884045, "views": 4, "formatid": "gen9randombattle", "rating": null, "private": 0, "password": null}