{"id": "gen9randombattle-2116793214", "format": "[Gen 9] Random Battle", "players": ["get quagmobile'd", "GothamPaladin"], "log": "|badge|p2|bronze|gen9randombattle|100-1\n|uhtml|medal-msg|<div class=\"broadcast-blue\">Curious what those medals under the avatar are? PS now has Ladder Seasons! For more information, check out the <a href=\"https://www.smogon.com/forums/threads/3740067/\">thread on Smogon.</a></div>\n|j|\u2606get quagmobile'd\n|j|\u2606GothamPaladin\n|t:|1714718399\n|gametype|singles\n|player|p1|get quagmobile'd|170|2246\n|player|p2|GothamPaladin|flannery|2269\n|teamsize|p1|6\n|teamsize|p2|6\n|gen|9\n|tier|[Gen 9] Random Battle\n|rated|\n|rule|Species Clause: Limit one of each Pok\u00e9mon\n|rule|HP Percentage Mod: HP is shown in percentages\n|rule|Sleep Clause Mod: Limit one foe put to sleep\n|rule|Illusion Level Mod: Illusion disguises the Pok\u00e9mon's true level\n|\n|t:|1714718399\n|start\n|switch|p1a: Cinderace|Cinderace, L77, M|249/249\n|switch|p2a: Misdreavus|Misdreavus, L90, M|254/254\n|turn|1\n|\n|t:|1714718424\n|move|p1a: Cinderace|Gunk Shot|p2a: Misdreavus\n|-start|p1a: Cinderace|typechange|Poison|[from] ability: Libero\n|-resisted|p2a: Misdreavus\n|-damage|p2a: Misdreavus|202/254\n|move|p2a: Misdreavus|Calm Mind|p2a: Misdreavus\n|-boost|p2a: Misdreavus|spa|1\n|-boost|p2a: Misdreavus|spd|1\n|\n|upkeep\n|turn|2\n|inactive|Battle timer is ON: inactive players will automatically lose when time's up. (requested by GothamPaladin)\n|\n|t:|1714718476\n|switch|p1a: Pyroar|Pyroar, L88, F|295/295\n|-ability|p1a: Pyroar|Unnerve\n|move|p2a: Misdreavus|Will-O-Wisp|p1a: Pyroar\n|-immune|p1a: Pyroar\n|\n|upkeep\n|turn|3\n|\n|t:|1714718482\n|move|p1a: Pyroar|Work Up|p1a: Pyroar\n|-boost|p1a: Pyroar|atk|1\n|-boost|p1a: Pyroar|spa|1\n|move|p2a: Misdreavus|Calm Mind|p2a: Misdreavus\n|-boost|p2a: Misdreavus|spa|1\n|-boost|p2a: Misdreavus|spd|1\n|\n|upkeep\n|turn|4\n|\n|t:|1714718492\n|move|p1a: Pyroar|Work Up|p1a: Pyroar\n|-boost|p1a: Pyroar|atk|1\n|-boost|p1a: Pyroar|spa|1\n|move|p2a: Misdreavus|Calm Mind|p2a: Misdreavus\n|-boost|p2a: Misdreavus|spa|1\n|-boost|p2a: Misdreavus|spd|1\n|\n|upkeep\n|turn|5\n|\n|t:|1714718498\n|move|p1a: Pyroar|Dark Pulse|p2a: Misdreavus\n|-supereffective|p2a: Misdreavus\n|-damage|p2a: Misdreavus|128/254\n|cant|p2a: Misdreavus|flinch\n|\n|upkeep\n|turn|6\n|\n|t:|1714718504\n|move|p1a: Pyroar|Dark Pulse|p2a: Misdreavus\n|-supereffective|p2a: Misdreavus\n|-damage|p2a: Misdreavus|62/254\n|move|p2a: Misdreavus|Draining Kiss|p1a: Pyroar\n|-resisted|p1a: Pyroar\n|-damage|p1a: Pyroar|244/295\n|-heal|p2a: Misdreavus|100/254|[from] drain|[of] p1a: Pyroar\n|\n|upkeep\n|turn|7\n|\n|t:|1714718510\n|move|p1a: Pyroar|Dark Pulse|p2a: Misdreavus\n|-supereffective|p2a: Misdreavus\n|-damage|p2a: Misdreavus|34/254\n|move|p2a: Misdreavus|Draining Kiss|p1a: Pyroar\n|-resisted|p1a: Pyroar\n|-damage|p1a: Pyroar|191/295\n|-heal|p2a: Misdreavus|74/254|[from] drain|[of] p1a: Pyroar\n|\n|upkeep\n|turn|8\n|\n|t:|1714718518\n|-terastallize|p2a: Misdreavus|Fairy\n|move|p1a: Pyroar|Dark Pulse|p2a: Misdreavus\n|-resisted|p2a: Misdreavus\n|-damage|p2a: Misdreavus|56/254\n|move|p2a: Misdreavus|Draining Kiss|p1a: Pyroar\n|-resisted|p1a: Pyroar\n|-damage|p1a: Pyroar|99/295\n|-heal|p2a: Misdreavus|125/254|[from] drain|[of] p1a: Pyroar\n|\n|upkeep\n|turn|9\n|\n|t:|1714718538\n|move|p1a: Pyroar|Fire Blast|p2a: Misdreavus|[miss]\n|-miss|p1a: Pyroar|p2a: Misdreavus\n|move|p2a: Misdreavus|Draining Kiss|p1a: Pyroar\n|-resisted|p1a: Pyroar\n|-damage|p1a: Pyroar|3/295\n|-heal|p2a: Misdreavus|197/254|[from] drain|[of] p1a: Pyroar\n|\n|upkeep\n|turn|10\n|\n|t:|1714718545\n|move|p1a: Pyroar|Fire Blast|p2a: Misdreavus\n|-damage|p2a: Misdreavus|119/254\n|move|p2a: Misdreavus|Draining Kiss|p1a: Pyroar\n|-resisted|p1a: Pyroar\n|-damage|p1a: Pyroar|0 fnt\n|-heal|p2a: Misdreavus|121/254|[from] drain|[of] p1a: Pyroar\n|faint|p1a: Pyroar\n|\n|upkeep\n|\n|t:|1714718548\n|switch|p1a: Cinderace|Cinderace, L77, M|249/249\n|turn|11\n|\n|t:|1714718556\n|move|p1a: Cinderace|Gunk Shot|p2a: Misdreavus\n|-start|p1a: Cinderace|typechange|Poison|[from] ability: Libero\n|-supereffective|p2a: Misdreavus\n|-damage|p2a: Misdreavus|0 fnt\n|faint|p2a: Misdreavus\n|\n|upkeep\n|\n|t:|1714718563\n|switch|p2a: Overqwil|Overqwil, L82, M, shiny|274/274\n|-ability|p2a: Overqwil|Intimidate|boost\n|-unboost|p1a: Cinderace|atk|1\n|turn|12\n|inactive|get quagmobile'd has 120 seconds left.\n|\n|t:|1714718596\n|move|p1a: Cinderace|Pyro Ball|p2a: Overqwil\n|-damage|p2a: Overqwil|219/274\n|move|p2a: Overqwil|Swords Dance|p2a: Overqwil\n|-boost|p2a: Overqwil|atk|2\n|\n|upkeep\n|turn|13\n|inactive|get quagmobile'd has 120 seconds left.\n|\n|t:|1714718607\n|move|p1a: Cinderace|Pyro Ball|p2a: Overqwil\n|-damage|p2a: Overqwil|168/274\n|move|p2a: Overqwil|Crunch|p1a: Cinderace\n|-damage|p1a: Cinderace|0 fnt\n|faint|p1a: Cinderace\n|-damage|p2a: Overqwil|141/274|[from] item: Life Orb\n|\n|upkeep\n|inactive|get quagmobile'd has 120 seconds left.\n|\n|t:|1714718626\n|switch|p1a: Manaphy|Manaphy, L78|284/284\n|turn|14\n|\n|t:|1714718635\n|move|p1a: Manaphy|Hydro Pump|p2a: Overqwil\n|-damage|p2a: Overqwil|9/274\n|move|p2a: Overqwil|Gunk Shot|p1a: Manaphy|[miss]\n|-miss|p2a: Overqwil|p1a: Manaphy\n|\n|upkeep\n|turn|15\n|\n|t:|1714718640\n|move|p1a: Manaphy|Ice Beam|p2a: Overqwil\n|-damage|p2a: Overqwil|0 fnt\n|faint|p2a: Overqwil\n|\n|upkeep\n|\n|t:|1714718642\n|switch|p2a: Electrode|Electrode, L92|260/260\n|turn|16\n|\n|t:|1714718651\n|switch|p1a: Lurantis|Lurantis, L87, F|264/264\n|move|p2a: Electrode|Thunderbolt|p1a: Lurantis\n|-resisted|p1a: Lurantis\n|-damage|p1a: Lurantis|207/264\n|-damage|p2a: Electrode|234/260|[from] item: Life Orb\n|\n|-heal|p1a: Lurantis|223/264|[from] item: Leftovers\n|upkeep\n|turn|17\n|\n|t:|1714718661\n|switch|p2a: Exeggutor|Exeggutor-Alola, L89, F|314/314\n|-item|p1a: Lurantis|Leftovers|[from] ability: Frisk|[of] p2a: Exeggutor|[identify]\n|move|p1a: Lurantis|Superpower|p2a: Exeggutor\n|-damage|p2a: Exeggutor|216/314\n|-boost|p1a: Lurantis|atk|1\n|-boost|p1a: Lurantis|def|1\n|\n|-heal|p1a: Lurantis|239/264|[from] item: Leftovers\n|upkeep\n|turn|18\n|\n|t:|1714718684\n|switch|p1a: Cresselia|Cresselia, L80, F|323/323\n|move|p2a: Exeggutor|Flamethrower|p1a: Cresselia\n|-damage|p1a: Cresselia|246/323\n|\n|-heal|p1a: Cresselia|266/323|[from] item: Leftovers\n|upkeep\n|turn|19\n|\n|t:|1714718694\n|move|p1a: Cresselia|Calm Mind|p1a: Cresselia\n|-boost|p1a: Cresselia|spa|1\n|-boost|p1a: Cresselia|spd|1\n|move|p2a: Exeggutor|Knock Off|p1a: Cresselia\n|-supereffective|p1a: Cresselia\n|-damage|p1a: Cresselia|124/323\n|-enditem|p1a: Cresselia|Leftovers|[from] move: Knock Off|[of] p2a: Exeggutor\n|\n|upkeep\n|turn|20\n|\n|t:|1714718703\n|move|p1a: Cresselia|Moonlight|p1a: Cresselia\n|-heal|p1a: Cresselia|285/323\n|move|p2a: Exeggutor|Giga Drain|p1a: Cresselia\n|-damage|p1a: Cresselia|224/323\n|-heal|p2a: Exeggutor|247/314|[from] drain|[of] p1a: Cresselia\n|\n|upkeep\n|turn|21\n|\n|t:|1714718707\n|move|p1a: Cresselia|Psyshock|p2a: Exeggutor\n|-damage|p2a: Exeggutor|159/314\n|move|p2a: Exeggutor|Knock Off|p1a: Cresselia\n|-supereffective|p1a: Cresselia\n|-damage|p1a: Cresselia|132/323\n|\n|upkeep\n|turn|22\n|j| hong hoornstaart\n|\n|t:|1714718714\n|switch|p2a: Greninja|Greninja, L80, M|246/246\n|move|p1a: Cresselia|Moonlight|p1a: Cresselia\n|-heal|p1a: Cresselia|293/323\n|\n|upkeep\n|turn|23\n|\n|t:|1714718729\n|move|p2a: Greninja|Dark Pulse|p1a: Cresselia\n|-supereffective|p1a: Cresselia\n|-damage|p1a: Cresselia|181/323\n|-damage|p2a: Greninja|222/246|[from] item: Life Orb\n|cant|p1a: Cresselia|flinch\n|\n|upkeep\n|turn|24\n|\n|t:|1714718733\n|move|p2a: Greninja|Dark Pulse|p1a: Cresselia\n|-supereffective|p1a: Cresselia\n|-damage|p1a: Cresselia|64/323\n|-damage|p2a: Greninja|198/246|[from] item: Life Orb\n|cant|p1a: Cresselia|flinch\n|\n|upkeep\n|turn|25\n|\n|t:|1714718759\n|switch|p1a: Gallade|Gallade, L82, M|246/246\n|move|p2a: Greninja|Hydro Pump|p1a: Gallade|[miss]\n|-miss|p2a: Greninja|p1a: Gallade\n|\n|upkeep\n|turn|26\n|\n|t:|1714718765\n|move|p1a: Gallade|Sacred Sword|p2a: Greninja\n|-supereffective|p2a: Greninja\n|-damage|p2a: Greninja|0 fnt\n|faint|p2a: Greninja\n|\n|upkeep\n|\n|t:|1714718769\n|switch|p2a: Electrode|Electrode, L92|234/260\n|turn|27\n|\n|t:|1714718778\n|switch|p1a: Lurantis|Lurantis, L87, F|239/264\n|move|p2a: Electrode|Thunder Wave|p1a: Lurantis\n|-status|p1a: Lurantis|par\n|\n|-heal|p1a: Lurantis|255/264 par|[from] item: Leftovers\n|upkeep\n|turn|28\n|\n|t:|1714718785\n|switch|p2a: Exeggutor|Exeggutor-Alola, L89, F|159/314\n|-item|p1a: Lurantis|Leftovers|[from] ability: Frisk|[of] p2a: Exeggutor|[identify]\n|cant|p1a: Lurantis|par\n|\n|-heal|p1a: Lurantis|264/264 par|[from] item: Leftovers\n|upkeep\n|turn|29\n|\n|t:|1714718793\n|move|p2a: Exeggutor|Flamethrower|p1a: Lurantis\n|-supereffective|p1a: Lurantis\n|-damage|p1a: Lurantis|102/264 par\n|move|p1a: Lurantis|Superpower|p2a: Exeggutor\n|-damage|p2a: Exeggutor|68/314\n|-boost|p1a: Lurantis|atk|1\n|-boost|p1a: Lurantis|def|1\n|\n|-heal|p1a: Lurantis|118/264 par|[from] item: Leftovers\n|upkeep\n|turn|30\n|\n|t:|1714718799\n|move|p2a: Exeggutor|Flamethrower|p1a: Lurantis\n|-supereffective|p1a: Lurantis\n|-damage|p1a: Lurantis|0 fnt\n|faint|p1a: Lurantis\n|\n|upkeep\n|\n|t:|1714718801\n|switch|p1a: Cresselia|Cresselia, L80, F|64/323\n|turn|31\n|\n|t:|1714718805\n|switch|p2a: Electrode|Electrode, L92|234/260\n|move|p1a: Cresselia|Moonlight|p1a: Cresselia\n|-heal|p1a: Cresselia|225/323\n|\n|upkeep\n|turn|32\n|\n|t:|1714718812\n|-terastallize|p1a: Cresselia|Electric\n|move|p2a: Electrode|Thunder Wave|p1a: Cresselia\n|-immune|p1a: Cresselia\n|move|p1a: Cresselia|Calm Mind|p1a: Cresselia\n|-boost|p1a: Cresselia|spa|1\n|-boost|p1a: Cresselia|spd|1\n|\n|upkeep\n|turn|33\n|\n|t:|1714718818\n|move|p2a: Electrode|Thunderbolt|p1a: Cresselia\n|-resisted|p1a: Cresselia\n|-damage|p1a: Cresselia|191/323\n|-damage|p2a: Electrode|208/260|[from] item: Life Orb\n|move|p1a: Cresselia|Moonlight|p1a: Cresselia\n|-heal|p1a: Cresselia|323/323\n|\n|upkeep\n|turn|34\n|\n|t:|1714718820\n|move|p2a: Electrode|Foul Play|p1a: Cresselia\n|-damage|p1a: Cresselia|274/323\n|-damage|p2a: Electrode|182/260|[from] item: Life Orb\n|move|p1a: Cresselia|Calm Mind|p1a: Cresselia\n|-boost|p1a: Cresselia|spa|1\n|-boost|p1a: Cresselia|spd|1\n|\n|upkeep\n|turn|35\n|\n|t:|1714718823\n|move|p2a: Electrode|Foul Play|p1a: Cresselia\n|-damage|p1a: Cresselia|227/323\n|-damage|p2a: Electrode|156/260|[from] item: Life Orb\n|move|p1a: Cresselia|Calm Mind|p1a: Cresselia\n|-boost|p1a: Cresselia|spa|1\n|-boost|p1a: Cresselia|spd|1\n|\n|upkeep\n|turn|36\n|\n|t:|1714718825\n|move|p2a: Electrode|Foul Play|p1a: Cresselia\n|-damage|p1a: Cresselia|183/323\n|-damage|p2a: Electrode|130/260|[from] item: Life Orb\n|move|p1a: Cresselia|Calm Mind|p1a: Cresselia\n|-boost|p1a: Cresselia|spa|1\n|-boost|p1a: Cresselia|spd|1\n|\n|upkeep\n|turn|37\n|\n|t:|1714718828\n|move|p2a: Electrode|Foul Play|p1a: Cresselia\n|-damage|p1a: Cresselia|139/323\n|-damage|p2a: Electrode|104/260|[from] item: Life Orb\n|move|p1a: Cresselia|Moonlight|p1a: Cresselia\n|-heal|p1a: Cresselia|300/323\n|\n|upkeep\n|turn|38\n|\n|t:|1714718830\n|move|p2a: Electrode|Foul Play|p1a: Cresselia\n|-damage|p1a: Cresselia|249/323\n|-damage|p2a: Electrode|78/260|[from] item: Life Orb\n|move|p1a: Cresselia|Psyshock|p2a: Electrode\n|-damage|p2a: Electrode|0 fnt\n|faint|p2a: Electrode\n|\n|upkeep\n|\n|t:|1714718836\n|switch|p2a: Ditto|Ditto, L87|225/225\n|-transform|p2a: Ditto|p1a: Cresselia|[from] ability: Imposter\n|-start|p2a: Ditto|typechange|Psychic|[silent]\n|turn|39\n|inactive|get quagmobile'd has 120 seconds left.\n|\n|t:|1714718876\n|move|p2a: Ditto|Psyshock|p1a: Cresselia\n|-damage|p1a: Cresselia|75/323\n|move|p1a: Cresselia|Moonlight|p1a: Cresselia\n|-heal|p1a: Cresselia|236/323\n|\n|upkeep\n|turn|40\n|\n|t:|1714718880\n|move|p2a: Ditto|Psyshock|p1a: Cresselia\n|-damage|p1a: Cresselia|70/323\n|move|p1a: Cresselia|Moonlight|p1a: Cresselia\n|-heal|p1a: Cresselia|231/323\n|\n|upkeep\n|turn|41\n|\n|t:|1714718883\n|move|p2a: Ditto|Psyshock|p1a: Cresselia\n|-crit|p1a: Cresselia\n|-damage|p1a: Cresselia|0 fnt\n|faint|p1a: Cresselia\n|\n|upkeep\n|inactive|get quagmobile'd has 120 seconds left.\n|\n|t:|1714718912\n|switch|p1a: Manaphy|Manaphy, L78|284/284\n|turn|42\n|\n|t:|1714718925\n|move|p2a: Ditto|Psyshock|p1a: Manaphy\n|-damage|p1a: Manaphy|95/284\n|move|p1a: Manaphy|Ice Beam|p2a: Ditto\n|-damage|p2a: Ditto|209/225\n|-status|p2a: Ditto|frz\n|\n|-heal|p1a: Manaphy|112/284|[from] item: Leftovers\n|upkeep\n|turn|43\n|\n|t:|1714718934\n|cant|p2a: Ditto|frz\n|move|p1a: Manaphy|Tail Glow|p1a: Manaphy\n|-boost|p1a: Manaphy|spa|3\n|\n|-heal|p1a: Manaphy|129/284|[from] item: Leftovers\n|upkeep\n|turn|44\n|inactive|get quagmobile'd has 120 seconds left.\n|\n|t:|1714718945\n|switch|p1a: Gallade|Gallade, L82, M|246/246\n|cant|p2a: Ditto|frz\n|\n|upkeep\n|turn|45\n|\n|t:|1714718949\n|cant|p2a: Ditto|frz\n|move|p1a: Gallade|Night Slash|p2a: Ditto\n|-supereffective|p2a: Ditto\n|-damage|p2a: Ditto|49/225 frz\n|\n|upkeep\n|turn|46\n|\n|t:|1714718952\n|cant|p2a: Ditto|frz\n|move|p1a: Gallade|Night Slash|p2a: Ditto\n|-supereffective|p2a: Ditto\n|-damage|p2a: Ditto|0 fnt\n|faint|p2a: Ditto\n|\n|upkeep\n|-message|GothamPaladin forfeited.\n|\n|win|get quagmobile'd\n|raw|get quagmobile&apos;d's rating: 2246 &rarr; <strong>2267</strong><br />(+21 for winning)\n|raw|GothamPaladin's rating: 2269 &rarr; <strong>2248</strong><br />(-21 for losing)\n|l|\u2606GothamPaladin\n|player|p2|\n", "inputlog": ">version 1545cb7b56a6c4a9ecd141e44b1f035e8ace9d59\n>start {\"formatid\":\"gen9randombattle\",\"seed\":[48063,5487,50029,60362],\"rated\":\"Rated battle\"}\n>player p1 {\"name\":\"get quagmobile'd\",\"avatar\":\"170\",\"rating\":2246,\"seed\":[10724,59399,47222,13153]}\n>player p2 {\"name\":\"GothamPaladin\",\"avatar\":\"flannery\",\"rating\":2269,\"seed\":[23392,34881,35469,21782]}\n>p1 move gunkshot\n>p2 move calmmind\n>p1 switch 4\n>p2 move willowisp\n>p1 move workup\n>p2 move calmmind\n>p1 move workup\n>p2 move calmmind\n>p1 move darkpulse\n>p2 move calmmind\n>p1 move darkpulse\n>p2 move drainingkiss\n>p1 move darkpulse\n>p2 move drainingkiss\n>p1 move darkpulse\n>p2 move drainingkiss terastallize\n>p1 move fireblast\n>p2 move drainingkiss\n>p1 move fireblast\n>p2 move drainingkiss\n>p1 switch 4\n>p1 move gunkshot\n>p2 move drainingkiss\n>p2 switch 2\n>p1 move pyroball\n>p2 move swordsdance\n>p1 move pyroball\n>p2 move crunch\n>p1 switch 2\n>p1 move hydropump\n>p2 move gunkshot\n>p1 move icebeam\n>p2 move crunch\n>p2 switch 6\n>p1 switch 3\n>p2 move thunderbolt\n>p1 move superpower\n>p2 switch 4\n>p1 switch 5\n>p2 move flamethrower\n>p1 move calmmind\n>p2 move knockoff\n>p1 move moonlight\n>p2 move gigadrain\n>p1 move psyshock\n>p2 move knockoff\n>p1 move moonlight\n>p2 switch 3\n>p1 move thunderbolt\n>p2 move darkpulse\n>p1 move moonlight\n>p2 move darkpulse\n>p1 switch 6\n>p2 move hydropump\n>p1 move sacredsword\n>p2 move gunkshot\n>p2 switch 4\n>p1 switch 5\n>p2 move thunderwave\n>p1 move superpower\n>p2 switch 3\n>p1 move superpower\n>p2 move flamethrower\n>p1 move superpower\n>p2 move flamethrower\n>p1 switch 6\n>p1 move moonlight\n>p2 switch 3\n>p1 move calmmind terastallize\n>p2 move thunderwave\n>p1 move moonlight\n>p2 move thunderbolt\n>p1 move calmmind\n>p2 move foulplay\n>p1 move calmmind\n>p2 move foulplay\n>p1 move calmmind\n>p2 move foulplay\n>p1 move moonlight\n>p2 move foulplay\n>p1 move psyshock\n>p2 move foulplay\n>p2 switch 5\n>p1 move moonlight\n>p2 move psyshock\n>p1 move moonlight\n>p2 move psyshock\n>p1 move moonlight\n>p2 move psyshock\n>p1 switch 3\n>p1 move icebeam\n>p2 move psyshock\n>p1 move tailglow\n>p2 move psyshock\n>p1 switch 5\n>p2 move psyshock\n>p1 move nightslash\n>p2 move psyshock\n>p1 move nightslash\n>p2 move psyshock\n>forcelose p2", "uploadtime": 1714718975, "views": 234, "formatid": "gen9randombattle", "rating": 2248, "private": 0, "password": null}