{"id": "gen9randombattle-2184705269", "format": "[Gen 9] Random Battle", "players": ["Spectrecat17", "EK \u2020 Mike in abyss"], "log": "|badge|p1|bronze|gen9randombattle|100-2\n|uhtml|medal-msg|<div class=\"broadcast-blue\">Curious what those medals under the avatar are? PS now has Ladder Seasons! For more information, check out the <a href=\"https://www.smogon.com/forums/threads/3740067/\">thread on Smogon.</a></div>\n|j|\u2606Spectrecat17\n|j|\u2606EK \u2020 Mike in abyss\n|t:|1724251086\n|gametype|singles\n|player|p1|Spectrecat17|miku-water|2316\n|player|p2|EK \u2020 Mike in abyss|iono|2255\n|teamsize|p1|6\n|teamsize|p2|6\n|gen|9\n|tier|[Gen 9] Random Battle\n|rated|\n|rule|Species Clause: Limit one of each Pok\u00e9mon\n|rule|HP Percentage Mod: HP is shown in percentages\n|rule|Sleep Clause Mod: Limit one foe put to sleep\n|rule|Illusion Level Mod: Illusion disguises the Pok\u00e9mon's true level\n|\n|t:|1724251086\n|start\n|switch|p1a: Sylveon|Sylveon, L85, F|300/300\n|switch|p2a: Duraludon|Duraludon, L82, M|249/249\n|turn|1\n|\n|t:|1724251098\n|move|p2a: Duraludon|Flash Cannon|p1a: Sylveon\n|-supereffective|p1a: Sylveon\n|-damage|p1a: Sylveon|162/300\n|move|p1a: Sylveon|Calm Mind|p1a: Sylveon\n|-boost|p1a: Sylveon|spa|1\n|-boost|p1a: Sylveon|spd|1\n|\n|-heal|p1a: Sylveon|180/300|[from] item: Leftovers\n|upkeep\n|turn|2\n|inactive|Battle timer is ON: inactive players will automatically lose when time's up. (requested by Spectrecat17)\n|\n|t:|1724251101\n|move|p2a: Duraludon|Thunder Wave|p1a: Sylveon\n|-status|p1a: Sylveon|par\n|move|p1a: Sylveon|Wish|p1a: Sylveon\n|\n|-heal|p1a: Sylveon|198/300 par|[from] item: Leftovers\n|upkeep\n|turn|3\n|\n|t:|1724251106\n|switch|p2a: Milotic|Milotic, L83, F|293/293\n|move|p1a: Sylveon|Calm Mind|p1a: Sylveon\n|-boost|p1a: Sylveon|spa|1\n|-boost|p1a: Sylveon|spd|1\n|\n|-heal|p1a: Sylveon|300/300 par|[from] move: Wish|[wisher] Sylveon\n|upkeep\n|turn|4\n|\n|t:|1724251112\n|move|p2a: Milotic|Haze|p2a: Milotic\n|-clearallboost\n|move|p1a: Sylveon|Hyper Voice|p2a: Milotic\n|-damage|p2a: Milotic|197/293\n|\n|-heal|p2a: Milotic|215/293|[from] item: Leftovers\n|upkeep\n|turn|5\n|\n|t:|1724251120\n|switch|p1a: Ninetales|Ninetales, L85, M|263/263\n|-weather|SunnyDay|[from] ability: Drought|[of] p1a: Ninetales\n|move|p2a: Milotic|Scald|p1a: Ninetales\n|-supereffective|p1a: Ninetales\n|-damage|p1a: Ninetales|195/263\n|\n|-weather|SunnyDay|[upkeep]\n|-heal|p2a: Milotic|233/293|[from] item: Leftovers\n|upkeep\n|turn|6\n|\n|t:|1724251130\n|move|p1a: Ninetales|Nasty Plot|p1a: Ninetales\n|-boost|p1a: Ninetales|spa|2\n|move|p2a: Milotic|Scald|p1a: Ninetales\n|-supereffective|p1a: Ninetales\n|-damage|p1a: Ninetales|123/263\n|\n|-weather|SunnyDay|[upkeep]\n|-heal|p2a: Milotic|251/293|[from] item: Leftovers\n|upkeep\n|turn|7\n|\n|t:|1724251135\n|switch|p2a: Tauros|Tauros, L82, M|257/257\n|move|p1a: Ninetales|Solar Beam||[still]\n|-prepare|p1a: Ninetales|Solar Beam\n|-anim|p1a: Ninetales|Solar Beam|p2a: Tauros\n|-damage|p2a: Tauros|69/257\n|\n|-weather|SunnyDay|[upkeep]\n|upkeep\n|turn|8\n|\n|t:|1724251141\n|move|p2a: Tauros|Body Slam|p1a: Ninetales\n|-damage|p1a: Ninetales|0 fnt\n|faint|p1a: Ninetales\n|\n|-weather|SunnyDay|[upkeep]\n|upkeep\n|\n|t:|1724251145\n|switch|p1a: Floatzel|Floatzel, L85, F|283/283\n|turn|9\n|\n|t:|1724251151\n|switch|p2a: Milotic|Milotic, L83, F|251/293\n|move|p1a: Floatzel|Wave Crash|p2a: Milotic\n|-resisted|p2a: Milotic\n|-damage|p2a: Milotic|192/293\n|-damage|p1a: Floatzel|264/283|[from] Recoil\n|\n|-weather|none\n|-heal|p2a: Milotic|210/293|[from] item: Leftovers\n|upkeep\n|turn|10\n|\n|t:|1724251155\n|move|p1a: Floatzel|Wave Crash|p2a: Milotic\n|-resisted|p2a: Milotic\n|-damage|p2a: Milotic|86/293\n|-damage|p1a: Floatzel|223/283|[from] Recoil\n|move|p2a: Milotic|Scald|p1a: Floatzel\n|-resisted|p1a: Floatzel\n|-damage|p1a: Floatzel|160/283\n|\n|-heal|p2a: Milotic|104/293|[from] item: Leftovers\n|upkeep\n|turn|11\n|\n|t:|1724251165\n|move|p1a: Floatzel|Wave Crash|p2a: Milotic\n|-resisted|p2a: Milotic\n|-damage|p2a: Milotic|0 fnt\n|faint|p2a: Milotic\n|-damage|p1a: Floatzel|126/283|[from] Recoil\n|\n|upkeep\n|\n|t:|1724251168\n|switch|p2a: Quaquaval|Quaquaval, L79, M|264/264\n|turn|12\n|\n|t:|1724251171\n|switch|p1a: Clodsire|Clodsire, L81, F|343/343\n|move|p2a: Quaquaval|Aqua Step|p1a: Clodsire\n|-immune|p1a: Clodsire|[from] ability: Water Absorb\n|\n|upkeep\n|turn|13\n|\n|t:|1724251175\n|switch|p2a: Gliscor|Gliscor, L76, F|239/239\n|move|p1a: Clodsire|Curse|p1a: Clodsire\n|-unboost|p1a: Clodsire|spe|1\n|-boost|p1a: Clodsire|atk|1\n|-boost|p1a: Clodsire|def|1\n|\n|-status|p2a: Gliscor|tox|[from] item: Toxic Orb\n|upkeep\n|turn|14\n|\n|t:|1724251186\n|move|p2a: Gliscor|Earthquake|p1a: Clodsire\n|-supereffective|p1a: Clodsire\n|-damage|p1a: Clodsire|185/343\n|move|p1a: Clodsire|Curse|p1a: Clodsire\n|-unboost|p1a: Clodsire|spe|1\n|-boost|p1a: Clodsire|atk|1\n|-boost|p1a: Clodsire|def|1\n|\n|-heal|p1a: Clodsire|206/343|[from] item: Leftovers\n|upkeep\n|turn|15\n|\n|t:|1724251190\n|move|p2a: Gliscor|Earthquake|p1a: Clodsire\n|-supereffective|p1a: Clodsire\n|-damage|p1a: Clodsire|78/343\n|move|p1a: Clodsire|Recover|p1a: Clodsire\n|-heal|p1a: Clodsire|250/343\n|\n|-heal|p1a: Clodsire|271/343|[from] item: Leftovers\n|upkeep\n|turn|16\n|\n|t:|1724251197\n|switch|p2a: Duraludon|Duraludon, L82, M|249/249\n|move|p1a: Clodsire|Curse|p1a: Clodsire\n|-unboost|p1a: Clodsire|spe|1\n|-boost|p1a: Clodsire|atk|1\n|-boost|p1a: Clodsire|def|1\n|\n|-heal|p1a: Clodsire|292/343|[from] item: Leftovers\n|upkeep\n|turn|17\n|\n|t:|1724251203\n|move|p2a: Duraludon|Flash Cannon|p1a: Clodsire\n|-damage|p1a: Clodsire|207/343\n|move|p1a: Clodsire|Earthquake|p2a: Duraludon\n|-supereffective|p2a: Duraludon\n|-damage|p2a: Duraludon|25/249\n|\n|-heal|p1a: Clodsire|228/343|[from] item: Leftovers\n|upkeep\n|turn|18\n|\n|t:|1724251205\n|move|p2a: Duraludon|Draco Meteor|p1a: Clodsire\n|-damage|p1a: Clodsire|78/343\n|-unboost|p2a: Duraludon|spa|2\n|move|p1a: Clodsire|Recover|p1a: Clodsire\n|-heal|p1a: Clodsire|250/343\n|\n|-heal|p1a: Clodsire|271/343|[from] item: Leftovers\n|upkeep\n|turn|19\n|\n|t:|1724251210\n|move|p2a: Duraludon|Flash Cannon|p1a: Clodsire\n|-damage|p1a: Clodsire|228/343\n|move|p1a: Clodsire|Earthquake|p2a: Duraludon\n|-supereffective|p2a: Duraludon\n|-damage|p2a: Duraludon|0 fnt\n|faint|p2a: Duraludon\n|\n|-heal|p1a: Clodsire|249/343|[from] item: Leftovers\n|upkeep\n|\n|t:|1724251213\n|switch|p2a: Tauros|Tauros, L82, M|69/257\n|turn|20\n|\n|t:|1724251217\n|move|p2a: Tauros|Zen Headbutt|p1a: Clodsire\n|-supereffective|p1a: Clodsire\n|-damage|p1a: Clodsire|140/343\n|move|p1a: Clodsire|Curse|p1a: Clodsire\n|-unboost|p1a: Clodsire|spe|1\n|-boost|p1a: Clodsire|atk|1\n|-boost|p1a: Clodsire|def|1\n|\n|-heal|p1a: Clodsire|161/343|[from] item: Leftovers\n|upkeep\n|turn|21\n|\n|t:|1724251221\n|move|p2a: Tauros|Zen Headbutt|p1a: Clodsire\n|-supereffective|p1a: Clodsire\n|-damage|p1a: Clodsire|80/343\n|move|p1a: Clodsire|Recover|p1a: Clodsire\n|-heal|p1a: Clodsire|252/343\n|\n|-heal|p1a: Clodsire|273/343|[from] item: Leftovers\n|upkeep\n|turn|22\n|\n|t:|1724251224\n|move|p2a: Tauros|Zen Headbutt|p1a: Clodsire\n|-supereffective|p1a: Clodsire\n|-damage|p1a: Clodsire|187/343\n|move|p1a: Clodsire|Curse|p1a: Clodsire\n|-unboost|p1a: Clodsire|spe|1\n|-boost|p1a: Clodsire|atk|1\n|-boost|p1a: Clodsire|def|1\n|\n|-heal|p1a: Clodsire|208/343|[from] item: Leftovers\n|upkeep\n|turn|23\n|\n|t:|1724251227\n|move|p2a: Tauros|Zen Headbutt|p1a: Clodsire\n|-supereffective|p1a: Clodsire\n|-damage|p1a: Clodsire|140/343\n|move|p1a: Clodsire|Recover|p1a: Clodsire\n|-heal|p1a: Clodsire|312/343\n|\n|-heal|p1a: Clodsire|333/343|[from] item: Leftovers\n|upkeep\n|turn|24\n|\n|t:|1724251229\n|move|p2a: Tauros|Zen Headbutt|p1a: Clodsire|[miss]\n|-miss|p2a: Tauros|p1a: Clodsire\n|move|p1a: Clodsire|Curse|p1a: Clodsire\n|-unboost|p1a: Clodsire|spe|1\n|-boost|p1a: Clodsire|atk|1\n|-boost|p1a: Clodsire|def|1\n|\n|-heal|p1a: Clodsire|343/343|[from] item: Leftovers\n|upkeep\n|turn|25\n|\n|t:|1724251235\n|move|p2a: Tauros|Zen Headbutt|p1a: Clodsire\n|-supereffective|p1a: Clodsire\n|-damage|p1a: Clodsire|281/343\n|move|p1a: Clodsire|Earthquake|p2a: Tauros\n|-damage|p2a: Tauros|0 fnt\n|faint|p2a: Tauros\n|\n|-heal|p1a: Clodsire|302/343|[from] item: Leftovers\n|upkeep\n|\n|t:|1724251238\n|switch|p2a: Gliscor|Gliscor, L76, F|239/239 tox\n|turn|26\n|\n|t:|1724251247\n|move|p2a: Gliscor|Substitute|p2a: Gliscor\n|-start|p2a: Gliscor|Substitute\n|-damage|p2a: Gliscor|180/239 tox\n|move|p1a: Clodsire|Gunk Shot|p2a: Gliscor\n|-resisted|p2a: Gliscor\n|-end|p2a: Gliscor|Substitute\n|\n|-heal|p1a: Clodsire|323/343|[from] item: Leftovers\n|-heal|p2a: Gliscor|209/239 tox|[from] ability: Poison Heal\n|upkeep\n|turn|27\n|\n|t:|1724251254\n|move|p2a: Gliscor|Substitute|p2a: Gliscor\n|-start|p2a: Gliscor|Substitute\n|-damage|p2a: Gliscor|150/239 tox\n|move|p1a: Clodsire|Gunk Shot|p2a: Gliscor\n|-resisted|p2a: Gliscor\n|-end|p2a: Gliscor|Substitute\n|\n|-heal|p1a: Clodsire|343/343|[from] item: Leftovers\n|-heal|p2a: Gliscor|179/239 tox|[from] ability: Poison Heal\n|upkeep\n|turn|28\n|\n|t:|1724251262\n|move|p2a: Gliscor|Protect|p2a: Gliscor\n|-singleturn|p2a: Gliscor|Protect\n|move|p1a: Clodsire|Gunk Shot|p2a: Gliscor\n|-activate|p2a: Gliscor|move: Protect\n|\n|-heal|p2a: Gliscor|208/239 tox|[from] ability: Poison Heal\n|upkeep\n|turn|29\n|\n|t:|1724251266\n|move|p2a: Gliscor|Substitute|p2a: Gliscor\n|-start|p2a: Gliscor|Substitute\n|-damage|p2a: Gliscor|149/239 tox\n|move|p1a: Clodsire|Gunk Shot|p2a: Gliscor\n|-resisted|p2a: Gliscor\n|-end|p2a: Gliscor|Substitute\n|\n|-heal|p2a: Gliscor|178/239 tox|[from] ability: Poison Heal\n|upkeep\n|turn|30\n|\n|t:|1724251273\n|move|p2a: Gliscor|Protect|p2a: Gliscor\n|-singleturn|p2a: Gliscor|Protect\n|move|p1a: Clodsire|Earthquake|p2a: Gliscor\n|-activate|p2a: Gliscor|move: Protect\n|\n|-heal|p2a: Gliscor|207/239 tox|[from] ability: Poison Heal\n|upkeep\n|turn|31\n|\n|t:|1724251278\n|move|p2a: Gliscor|Substitute|p2a: Gliscor\n|-start|p2a: Gliscor|Substitute\n|-damage|p2a: Gliscor|148/239 tox\n|move|p1a: Clodsire|Gunk Shot|p2a: Gliscor\n|-resisted|p2a: Gliscor\n|-end|p2a: Gliscor|Substitute\n|\n|-heal|p2a: Gliscor|177/239 tox|[from] ability: Poison Heal\n|upkeep\n|turn|32\n|\n|t:|1724251286\n|switch|p1a: Floatzel|Floatzel, L85, F|126/283\n|move|p2a: Gliscor|Substitute|p2a: Gliscor\n|-start|p2a: Gliscor|Substitute\n|-damage|p2a: Gliscor|118/239 tox\n|\n|-heal|p2a: Gliscor|147/239 tox|[from] ability: Poison Heal\n|upkeep\n|turn|33\n|\n|t:|1724251290\n|move|p1a: Floatzel|Flip Turn|p2a: Gliscor\n|-supereffective|p2a: Gliscor\n|-end|p2a: Gliscor|Substitute\n|\n|t:|1724251293\n|switch|p1a: Sylveon|Sylveon, L85, F|300/300 par|[from] Flip Turn\n|move|p2a: Gliscor|Earthquake|p1a: Sylveon\n|-damage|p1a: Sylveon|197/300 par\n|\n|-heal|p1a: Sylveon|215/300 par|[from] item: Leftovers\n|-heal|p2a: Gliscor|176/239 tox|[from] ability: Poison Heal\n|upkeep\n|turn|34\n|\n|t:|1724251297\n|move|p2a: Gliscor|Earthquake|p1a: Sylveon\n|-damage|p1a: Sylveon|109/300 par\n|move|p1a: Sylveon|Calm Mind|p1a: Sylveon\n|-boost|p1a: Sylveon|spa|1\n|-boost|p1a: Sylveon|spd|1\n|\n|-heal|p1a: Sylveon|127/300 par|[from] item: Leftovers\n|-heal|p2a: Gliscor|205/239 tox|[from] ability: Poison Heal\n|upkeep\n|turn|35\n|\n|t:|1724251302\n|move|p1a: Sylveon|Protect|p1a: Sylveon\n|-singleturn|p1a: Sylveon|Protect\n|move|p2a: Gliscor|Earthquake|p1a: Sylveon\n|-activate|p1a: Sylveon|move: Protect\n|\n|-heal|p1a: Sylveon|145/300 par|[from] item: Leftovers\n|-heal|p2a: Gliscor|234/239 tox|[from] ability: Poison Heal\n|upkeep\n|turn|36\n|\n|t:|1724251304\n|move|p2a: Gliscor|Earthquake|p1a: Sylveon\n|-damage|p1a: Sylveon|31/300 par\n|move|p1a: Sylveon|Wish|p1a: Sylveon\n|\n|-heal|p1a: Sylveon|49/300 par|[from] item: Leftovers\n|-heal|p2a: Gliscor|239/239 tox|[from] ability: Poison Heal\n|upkeep\n|turn|37\n|\n|t:|1724251309\n|switch|p2a: Terrakion|Terrakion, L79|273/273\n|move|p1a: Sylveon|Protect||[still]\n|-fail|p1a: Sylveon\n|\n|-heal|p1a: Sylveon|199/300 par|[from] move: Wish|[wisher] Sylveon\n|-heal|p1a: Sylveon|217/300 par|[from] item: Leftovers\n|upkeep\n|turn|38\n|\n|t:|1724251317\n|move|p2a: Terrakion|Stone Edge|p1a: Sylveon\n|-damage|p1a: Sylveon|30/300 par\n|-damage|p2a: Terrakion|246/273|[from] item: Life Orb\n|move|p1a: Sylveon|Hyper Voice|p2a: Terrakion\n|-supereffective|p2a: Terrakion\n|-damage|p2a: Terrakion|0 fnt\n|faint|p2a: Terrakion\n|\n|-heal|p1a: Sylveon|48/300 par|[from] item: Leftovers\n|upkeep\n|\n|t:|1724251320\n|switch|p2a: Gliscor|Gliscor, L76, F|239/239 tox\n|turn|39\n|\n|t:|1724251323\n|move|p2a: Gliscor|Earthquake|p1a: Sylveon\n|-damage|p1a: Sylveon|0 fnt\n|faint|p1a: Sylveon\n|\n|upkeep\n|\n|t:|1724251326\n|switch|p1a: Floatzel|Floatzel, L85, F|126/283\n|turn|40\n|j| Qoalcn\n|\n|t:|1724251335\n|-terastallize|p2a: Gliscor|Water\n|move|p1a: Floatzel|Wave Crash|p2a: Gliscor\n|-resisted|p2a: Gliscor\n|-damage|p2a: Gliscor|144/239 tox\n|-damage|p1a: Floatzel|95/283|[from] Recoil\n|move|p2a: Gliscor|Substitute|p2a: Gliscor\n|-start|p2a: Gliscor|Substitute\n|-damage|p2a: Gliscor|85/239 tox\n|\n|-heal|p2a: Gliscor|114/239 tox|[from] ability: Poison Heal\n|upkeep\n|turn|41\n|\n|t:|1724251342\n|move|p2a: Gliscor|Protect|p2a: Gliscor\n|-singleturn|p2a: Gliscor|Protect\n|move|p1a: Floatzel|Wave Crash|p2a: Gliscor\n|-activate|p2a: Gliscor|move: Protect\n|\n|-heal|p2a: Gliscor|143/239 tox|[from] ability: Poison Heal\n|upkeep\n|turn|42\n|\n|t:|1724251345\n|move|p1a: Floatzel|Wave Crash|p2a: Gliscor\n|-resisted|p2a: Gliscor\n|-end|p2a: Gliscor|Substitute\n|-damage|p1a: Floatzel|76/283|[from] Recoil|[of] p2a: Gliscor\n|move|p2a: Gliscor|Earthquake|p1a: Floatzel\n|-damage|p1a: Floatzel|0 fnt\n|faint|p1a: Floatzel\n|\n|-heal|p2a: Gliscor|172/239 tox|[from] ability: Poison Heal\n|upkeep\n|\n|t:|1724251351\n|switch|p1a: Clodsire|Clodsire, L81, F|343/343\n|turn|43\n|\n|t:|1724251356\n|move|p2a: Gliscor|Earthquake|p1a: Clodsire\n|-supereffective|p1a: Clodsire\n|-damage|p1a: Clodsire|121/343\n|move|p1a: Clodsire|Curse|p1a: Clodsire\n|-unboost|p1a: Clodsire|spe|1\n|-boost|p1a: Clodsire|atk|1\n|-boost|p1a: Clodsire|def|1\n|\n|-heal|p1a: Clodsire|142/343|[from] item: Leftovers\n|-heal|p2a: Gliscor|201/239 tox|[from] ability: Poison Heal\n|upkeep\n|turn|44\n|\n|t:|1724251360\n|move|p2a: Gliscor|Earthquake|p1a: Clodsire\n|-supereffective|p1a: Clodsire\n|-damage|p1a: Clodsire|0 fnt\n|faint|p1a: Clodsire\n|\n|-heal|p2a: Gliscor|230/239 tox|[from] ability: Poison Heal\n|upkeep\n|\n|t:|1724251367\n|switch|p1a: Charizard|Charizard, L85, F|271/271\n|turn|45\n|\n|t:|1724251370\n|move|p1a: Charizard|Swords Dance|p1a: Charizard\n|-boost|p1a: Charizard|atk|2\n|move|p2a: Gliscor|Toxic|p1a: Charizard\n|-status|p1a: Charizard|tox\n|\n|-damage|p1a: Charizard|255/271 tox|[from] psn\n|-heal|p2a: Gliscor|239/239 tox|[from] ability: Poison Heal\n|upkeep\n|turn|46\n|\n|t:|1724251374\n|-terastallize|p1a: Charizard|Dragon\n|move|p1a: Charizard|Outrage|p2a: Gliscor\n|-damage|p2a: Gliscor|38/239 tox\n|move|p2a: Gliscor|Substitute|p2a: Gliscor\n|-fail|p2a: Gliscor|move: Substitute|[weak]\n|\n|-damage|p1a: Charizard|223/271 tox|[from] psn\n|-heal|p2a: Gliscor|67/239 tox|[from] ability: Poison Heal\n|upkeep\n|turn|47\n|\n|t:|1724251380\n|move|p2a: Gliscor|Protect|p2a: Gliscor\n|-singleturn|p2a: Gliscor|Protect\n|move|p1a: Charizard|Outrage|p2a: Gliscor|[from]lockedmove\n|-activate|p2a: Gliscor|move: Protect\n|-start|p1a: Charizard|confusion|[fatigue]\n|\n|-damage|p1a: Charizard|175/271 tox|[from] psn\n|-heal|p2a: Gliscor|96/239 tox|[from] ability: Poison Heal\n|upkeep\n|turn|48\n|\n|t:|1724251390\n|move|p2a: Gliscor|Protect|p2a: Gliscor\n|-singleturn|p2a: Gliscor|Protect\n|-activate|p1a: Charizard|confusion\n|move|p1a: Charizard|Outrage|p2a: Gliscor\n|-activate|p2a: Gliscor|move: Protect\n|\n|-damage|p1a: Charizard|111/271 tox|[from] psn\n|-heal|p2a: Gliscor|125/239 tox|[from] ability: Poison Heal\n|upkeep\n|turn|49\n|\n|t:|1724251395\n|-activate|p1a: Charizard|confusion\n|move|p1a: Charizard|Outrage|p2a: Gliscor\n|-damage|p2a: Gliscor|0 fnt\n|faint|p2a: Gliscor\n|\n|-damage|p1a: Charizard|31/271 tox|[from] psn\n|upkeep\n|\n|t:|1724251397\n|switch|p2a: Quaquaval|Quaquaval, L79, M|264/264\n|turn|50\n|\n|t:|1724251399\n|-activate|p1a: Charizard|confusion\n|move|p1a: Charizard|Outrage|p2a: Quaquaval|[from]lockedmove\n|-damage|p2a: Quaquaval|6/264\n|move|p2a: Quaquaval|Aqua Step|p1a: Charizard\n|-resisted|p1a: Charizard\n|-damage|p1a: Charizard|0 fnt\n|-boost|p2a: Quaquaval|spe|1\n|faint|p1a: Charizard\n|-ability|p2a: Quaquaval|Moxie|boost\n|-boost|p2a: Quaquaval|atk|1\n|\n|upkeep\n|\n|t:|1724251403\n|switch|p1a: Golduck|Golduck, L90, F|290/290\n|-ability|p1a: Golduck|Cloud Nine\n|turn|51\n|\n|t:|1724251404\n|move|p2a: Quaquaval|Aqua Step|p1a: Golduck\n|-resisted|p1a: Golduck\n|-damage|p1a: Golduck|186/290\n|-boost|p2a: Quaquaval|spe|1\n|move|p1a: Golduck|Psyshock|p2a: Quaquaval\n|-supereffective|p2a: Quaquaval\n|-damage|p2a: Quaquaval|0 fnt\n|faint|p2a: Quaquaval\n|-damage|p1a: Golduck|157/290|[from] item: Life Orb\n|\n|win|Spectrecat17\n|raw|Spectrecat17's rating: 2316 &rarr; <strong>2333</strong><br />(+17 for winning)\n|raw|EK \u2020 Mike in abyss's rating: 2255 &rarr; <strong>2238</strong><br />(-17 for losing)\n", "inputlog": ">version 6a1360c35b8aa5f7d54e32a492626d5298caa6f7\n>start {\"formatid\":\"gen9randombattle\",\"seed\":[18670,44964,64728,50206],\"rated\":\"Rated battle\"}\n>player p1 {\"name\":\"Spectrecat17\",\"avatar\":\"miku-water\",\"rating\":2316,\"seed\":[55167,60364,3960,21721]}\n>player p2 {\"name\":\"EK \u2020 Mike in abyss\",\"avatar\":\"iono\",\"rating\":2255,\"seed\":[5916,59087,18835,39339]}\n>p1 move calmmind\n>p2 move flashcannon\n>p1 move wish\n>p2 move thunderwave\n>p1 move calmmind\n>p2 switch 6\n>p1 move hypervoice\n>p2 move haze\n>p1 switch 3\n>p2 move scald\n>p1 move nastyplot\n>p2 move scald\n>p1 move solarbeam\n>p2 switch 2\n>p1 move solarbeam\n>p2 move bodyslam\n>p1 switch 5\n>p1 move wavecrash\n>p2 switch 2\n>p1 move wavecrash\n>p2 move scald\n>p1 move wavecrash\n>p2 move recover\n>p2 switch 5\n>p1 switch 6\n>p2 move aquastep\n>p1 move curse\n>p2 switch 4\n>p1 move curse\n>p2 move earthquake\n>p1 move recover\n>p2 move earthquake\n>p1 move curse\n>p2 switch 6\n>p1 move earthquake\n>p2 move flashcannon\n>p1 move recover\n>p2 move dracometeor\n>p1 move earthquake\n>p2 move flashcannon\n>p2 switch 2\n>p1 move curse\n>p2 move zenheadbutt\n>p1 move recover\n>p2 move zenheadbutt\n>p1 move curse\n>p2 move zenheadbutt\n>p1 move recover\n>p2 move zenheadbutt\n>p1 move curse\n>p2 move zenheadbutt\n>p1 move earthquake\n>p2 move zenheadbutt\n>p2 switch 6\n>p1 move gunkshot\n>p2 move substitute\n>p1 move gunkshot\n>p2 move substitute\n>p1 move gunkshot\n>p2 move protect\n>p1 move gunkshot\n>p2 move substitute\n>p1 move earthquake\n>p2 move protect\n>p1 move gunkshot\n>p2 move substitute\n>p1 switch 6\n>p2 move substitute\n>p1 move flipturn\n>p2 move earthquake\n>p1 switch 3\n>p1 move calmmind\n>p2 move earthquake\n>p1 move protect\n>p2 move earthquake\n>p1 move wish\n>p2 move earthquake\n>p1 move protect\n>p2 switch 3\n>p1 move hypervoice\n>p2 move stoneedge\n>p2 switch 3\n>p1 move hypervoice\n>p2 move earthquake\n>p1 switch 3\n>p1 move wavecrash\n>p2 move substitute terastallize\n>p1 move wavecrash\n>p2 move protect\n>p1 move wavecrash\n>p2 move earthquake\n>p1 switch 6\n>p1 move curse\n>p2 move earthquake\n>p1 move recover\n>p2 move earthquake\n>p1 switch 2\n>p1 move swordsdance\n>p2 move toxic\n>p1 move outrage terastallize\n>p2 move substitute\n>p1 move outrage\n>p2 move protect\n>p1 move outrage\n>p2 move protect\n>p1 move outrage\n>p2 move substitute\n>p2 switch 4\n>p1 move outrage\n>p2 move aquastep\n>p1 switch 4\n>p1 move psyshock\n>p2 move aquastep", "uploadtime": 1724251407, "views": 117, "formatid": "gen9randombattle", "rating": 2238, "private": 0, "password": null}