{"id": "gen9randombattle-2132359548", "format": "[Gen 9] Random Battle", "players": ["freezai", "Sylveon is so cute"], "log": "|badge|p1|silver|gen9randombattle|30-1\n|html|<div class=\"broadcast-red\"><strong>This battle is required to be public due to one or more player having a season medal.</strong><br />During the public phase, you can discuss the state of the ladder <a href=\"/seasondiscussion\">in a special chatroom.</a></div>\n|uhtml|medal-msg|<div class=\"broadcast-blue\">Curious what those medals under the avatar are? PS now has Ladder Seasons! For more information, check out the <a href=\"https://www.smogon.com/forums/threads/3740067/\">thread on Smogon.</a></div>\n|raw|<div class=\"broadcast-blue\"><strong>This battle is required to be public due to a player having a name starting with 'medal'.</div>\n|j|\u2606freezai\n|j|\u2606Sylveon is so cute\n|t:|1716924374\n|gametype|singles\n|player|p1|freezai|#scl1breakers|2389\n|player|p2|Sylveon is so cute|#vgcwliikilowattrels|2373\n|teamsize|p1|6\n|teamsize|p2|6\n|gen|9\n|tier|[Gen 9] Random Battle\n|rated|\n|rule|Species Clause: Limit one of each Pok\u00e9mon\n|rule|HP Percentage Mod: HP is shown in percentages\n|rule|Sleep Clause Mod: Limit one foe put to sleep\n|rule|Illusion Level Mod: Illusion disguises the Pok\u00e9mon's true level\n|\n|t:|1716924374\n|start\n|switch|p1a: Kingdra|Kingdra, L84, F|263/263\n|switch|p2a: Noivern|Noivern, L82, F|274/274\n|turn|1\n|inactive|Battle timer is ON: inactive players will automatically lose when time's up. (requested by freezai)\n|inactive|Sylveon is so cute also wants the timer to be on.\n|\n|t:|1716924397\n|switch|p1a: Probopass|Probopass, L92, M|260/260\n|-item|p1a: Probopass|Air Balloon\n|move|p2a: Noivern|Draco Meteor|p1a: Probopass\n|-resisted|p1a: Probopass\n|-damage|p1a: Probopass|221/260\n|-unboost|p2a: Noivern|spa|2\n|-enditem|p1a: Probopass|Air Balloon\n|\n|upkeep\n|turn|2\n|j| Zim5000\n|\n|t:|1716924408\n|switch|p2a: Hitmonchan|Hitmonchan, L87, M|229/229\n|move|p1a: Probopass|Volt Switch|p2a: Hitmonchan\n|-damage|p2a: Hitmonchan|190/229\n|inactive|freezai has 120 seconds left.\n|\n|t:|1716924437\n|switch|p1a: Raikou|Raikou, L81|278/278|[from] Volt Switch\n|-ability|p1a: Raikou|Pressure\n|\n|upkeep\n|turn|3\n|c|\u2606Sylveon is so cute|will u go to worlds\n|\n|t:|1716924451\n|move|p1a: Raikou|Scald|p2a: Hitmonchan\n|-damage|p2a: Hitmonchan|136/229\n|-status|p2a: Hitmonchan|brn\n|move|p2a: Hitmonchan|Close Combat|p1a: Raikou\n|-crit|p1a: Raikou\n|-damage|p1a: Raikou|122/278\n|-unboost|p2a: Hitmonchan|def|1\n|-unboost|p2a: Hitmonchan|spd|1\n|-damage|p2a: Hitmonchan|114/229 brn|[from] item: Life Orb\n|\n|-heal|p1a: Raikou|139/278|[from] item: Leftovers\n|-damage|p2a: Hitmonchan|100/229 brn|[from] brn\n|upkeep\n|turn|4\n|\n|t:|1716924461\n|switch|p2a: Indeedee|Indeedee-F, L90, F|272/272\n|-fieldstart|move: Psychic Terrain|[from] ability: Psychic Surge|[of] p2a: Indeedee\n|move|p1a: Raikou|Thunderbolt|p2a: Indeedee\n|-damage|p2a: Indeedee|194/272\n|\n|-heal|p1a: Raikou|156/278|[from] item: Leftovers\n|upkeep\n|turn|5\n|\n|t:|1716924467\n|switch|p1a: Probopass|Probopass, L92, M|221/260\n|move|p2a: Indeedee|Psychic|p1a: Probopass\n|-resisted|p1a: Probopass\n|-damage|p1a: Probopass|161/260\n|\n|upkeep\n|turn|6\n|\n|t:|1716924476\n|switch|p2a: Hitmonchan|Hitmonchan, L87, M|100/229 brn\n|move|p1a: Probopass|Volt Switch|p2a: Hitmonchan\n|-damage|p2a: Hitmonchan|64/229 brn\n|\n|t:|1716924480\n|switch|p1a: Raikou|Raikou, L81|156/278|[from] Volt Switch\n|-ability|p1a: Raikou|Pressure\n|\n|-heal|p1a: Raikou|173/278|[from] item: Leftovers\n|-damage|p2a: Hitmonchan|50/229 brn|[from] brn\n|upkeep\n|turn|7\n|\n|t:|1716924487\n|move|p2a: Hitmonchan|Mach Punch|p1a: Raikou\n|-activate|p1a: Raikou|move: Psychic Terrain\n|move|p1a: Raikou|Thunderbolt|p2a: Hitmonchan\n|-crit|p2a: Hitmonchan\n|-damage|p2a: Hitmonchan|0 fnt\n|faint|p2a: Hitmonchan\n|\n|-heal|p1a: Raikou|190/278|[from] item: Leftovers\n|upkeep\n|\n|t:|1716924492\n|switch|p2a: Grumpig|Grumpig, L92, M|297/297\n|turn|8\n|\n|t:|1716924496\n|switch|p1a: Sudowoodo|Sudowoodo, L93, F|281/281\n|move|p2a: Grumpig|Nasty Plot|p2a: Grumpig\n|-boost|p2a: Grumpig|spa|2\n|\n|-fieldend|move: Psychic Terrain\n|upkeep\n|turn|9\n|\n|t:|1716924499\n|move|p2a: Grumpig|Earth Power|p1a: Sudowoodo\n|-supereffective|p1a: Sudowoodo\n|-damage|p1a: Sudowoodo|0 fnt\n|faint|p1a: Sudowoodo\n|\n|upkeep\n|\n|t:|1716924506\n|switch|p1a: Ursaring|Ursaring, L84, F|288/288\n|turn|10\n|inactive|Sylveon is so cute has 120 seconds left.\n|\n|t:|1716924538\n|-terastallize|p2a: Grumpig|Ghost\n|move|p2a: Grumpig|Nasty Plot|p2a: Grumpig\n|-boost|p2a: Grumpig|spa|2\n|move|p1a: Ursaring|Body Slam|p2a: Grumpig\n|-immune|p2a: Grumpig\n|\n|upkeep\n|turn|11\n|\n|t:|1716924546\n|move|p2a: Grumpig|Psyshock|p1a: Ursaring\n|-damage|p1a: Ursaring|68/288\n|move|p1a: Ursaring|Throat Chop|p2a: Grumpig\n|-supereffective|p2a: Grumpig\n|-damage|p2a: Grumpig|145/297\n|-start|p2a: Grumpig|Throat Chop|[silent]\n|\n|-heal|p2a: Grumpig|163/297|[from] item: Leftovers\n|upkeep\n|turn|12\n|\n|t:|1716924552\n|move|p2a: Grumpig|Psyshock|p1a: Ursaring\n|-damage|p1a: Ursaring|0 fnt\n|faint|p1a: Ursaring\n|\n|-heal|p2a: Grumpig|181/297|[from] item: Leftovers\n|-end|p2a: Grumpig|Throat Chop|[silent]\n|upkeep\n|\n|t:|1716924562\n|switch|p1a: Kingdra|Kingdra, L84, F|263/263\n|turn|13\n|\n|t:|1716924575\n|move|p2a: Grumpig|Psyshock|p1a: Kingdra\n|-damage|p1a: Kingdra|0 fnt\n|faint|p1a: Kingdra\n|\n|-heal|p2a: Grumpig|199/297|[from] item: Leftovers\n|upkeep\n|\n|t:|1716924578\n|switch|p1a: Raikou|Raikou, L81|190/278\n|-ability|p1a: Raikou|Pressure\n|turn|14\n|\n|t:|1716924580\n|move|p1a: Raikou|Thunderbolt|p2a: Grumpig\n|-damage|p2a: Grumpig|121/297\n|move|p2a: Grumpig|Psyshock|p1a: Raikou\n|-damage|p1a: Raikou|0 fnt\n|faint|p1a: Raikou\n|\n|-heal|p2a: Grumpig|139/297|[from] item: Leftovers\n|upkeep\n|-message|freezai forfeited.\n|\n|win|Sylveon is so cute\n|raw|freezai's rating: 2389 &rarr; <strong>2368</strong><br />(-21 for losing)\n|raw|Sylveon is so cute's rating: 2373 &rarr; <strong>2394</strong><br />(+21 for winning)\n|l|\u2606freezai\n|player|p1|\n", "inputlog": ">version 7158ead19aeac8750849df2840eabb6dbec77df6\n>start {\"formatid\":\"gen9randombattle\",\"seed\":[3206,36621,23020,11394],\"rated\":\"Rated battle\"}\n>player p1 {\"name\":\"freezai\",\"avatar\":\"#scl1breakers\",\"rating\":2389,\"seed\":[5455,16365,26422,2280]}\n>player p2 {\"name\":\"Sylveon is so cute\",\"avatar\":\"#vgcwliikilowattrels\",\"rating\":2373,\"seed\":[29225,60603,28052,1792]}\n>p1 switch 2\n>p2 move dracometeor\n>p1 move voltswitch\n>p2 switch 4\n>p1 switch 3\n>chat \u2606Sylveon is so cute|will u go to worlds\n>p1 move scald\n>p2 move closecombat\n>p1 move thunderbolt\n>p2 switch 5\n>p1 switch 3\n>p2 move psychic\n>p1 move voltswitch\n>p2 switch 5\n>p1 switch 3\n>p1 move thunderbolt\n>p2 move machpunch\n>p2 switch 2\n>p1 switch 5\n>p2 move nastyplot\n>p1 move headsmash\n>p2 move earthpower\n>p1 switch 6\n>p1 move bodyslam\n>p2 move nastyplot terastallize\n>p1 move throatchop\n>p2 move psyshock\n>p1 move throatchop\n>p2 move psyshock\n>p1 switch 2\n>p1 move dragondance\n>p2 move psyshock\n>p1 switch 5\n>p1 move thunderbolt\n>p2 move psyshock\n>forcelose p1", "uploadtime": 1716924591, "views": 275, "formatid": "gen9randombattle", "rating": 2368, "private": 0, "password": null}