{"id": "gen9randombattle-2260334494", "format": "[Gen 9] Random Battle", "players": ["arameos95", "bohabwestee"], "log": "|j|\u2606arameos95\n|j|\u2606bohabwestee\n|t:|1733841142\n|gametype|singles\n|player|p1|arameos95|101|1401\n|player|p2|bohabwestee|170|1392\n|teamsize|p1|6\n|teamsize|p2|6\n|gen|9\n|tier|[Gen 9] Random Battle\n|rated|\n|rule|Species Clause: Limit one of each Pok\u00e9mon\n|rule|HP Percentage Mod: HP is shown in percentages\n|rule|Sleep Clause Mod: Limit one foe put to sleep\n|rule|Illusion Level Mod: Illusion disguises the Pok\u00e9mon's true level\n|\n|t:|1733841142\n|start\n|switch|p1a: Torkoal|Torkoal, L88, F|266/266\n|switch|p2a: Iron Boulder|Iron Boulder, L77|265/265\n|-weather|SunnyDay|[from] ability: Drought|[of] p1a: Torkoal\n|turn|1\n|inactive|Battle timer is ON: inactive players will automatically lose when time's up. (requested by bohabwestee)\n|\n|t:|1733841169\n|-end|p2a: Iron Boulder|Quark Drive|[silent]\n|switch|p2a: Luvdisc|Luvdisc, F|247/247\n|-terastallize|p1a: Torkoal|Grass\n|move|p1a: Torkoal|Solar Beam||[still]\n|-prepare|p1a: Torkoal|Solar Beam\n|-anim|p1a: Torkoal|Solar Beam|p2a: Luvdisc\n|-supereffective|p2a: Luvdisc\n|-damage|p2a: Luvdisc|0 fnt\n|faint|p2a: Luvdisc\n|\n|-weather|SunnyDay|[upkeep]\n|upkeep\n|\n|t:|1733841175\n|switch|p2a: Shaymin|Shaymin-Sky, L73|266/266\n|turn|2\n|\n|t:|1733841181\n|move|p2a: Shaymin|Substitute|p2a: Shaymin\n|-start|p2a: Shaymin|Substitute\n|-damage|p2a: Shaymin|200/266\n|move|p1a: Torkoal|Lava Plume|p2a: Shaymin\n|-supereffective|p2a: Shaymin\n|-end|p2a: Shaymin|Substitute\n|\n|-weather|SunnyDay|[upkeep]\n|-heal|p2a: Shaymin|216/266|[from] item: Leftovers\n|upkeep\n|turn|3\n|\n|t:|1733841200\n|move|p2a: Shaymin|Air Slash|p1a: Torkoal|[miss]\n|-miss|p2a: Shaymin|p1a: Torkoal\n|move|p1a: Torkoal|Lava Plume|p2a: Shaymin\n|-supereffective|p2a: Shaymin\n|-damage|p2a: Shaymin|0 fnt\n|faint|p2a: Shaymin\n|\n|-weather|SunnyDay|[upkeep]\n|upkeep\n|\n|t:|1733841207\n|switch|p2a: Scrafty|Scrafty, L84, M|246/246\n|-ability|p2a: Scrafty|Intimidate|boost\n|-unboost|p1a: Torkoal|atk|1\n|turn|4\n|\n|t:|1733841223\n|move|p2a: Scrafty|Dragon Dance|p2a: Scrafty\n|-boost|p2a: Scrafty|atk|1\n|-boost|p2a: Scrafty|spe|1\n|move|p1a: Torkoal|Rapid Spin|p2a: Scrafty\n|-damage|p2a: Scrafty|226/246\n|-boost|p1a: Torkoal|spe|1\n|\n|-weather|SunnyDay|[upkeep]\n|upkeep\n|turn|5\n|\n|t:|1733841230\n|move|p2a: Scrafty|Dragon Dance|p2a: Scrafty\n|-boost|p2a: Scrafty|atk|1\n|-boost|p2a: Scrafty|spe|1\n|move|p1a: Torkoal|Lava Plume|p2a: Scrafty\n|-damage|p2a: Scrafty|115/246\n|\n|-weather|none\n|upkeep\n|turn|6\n|\n|t:|1733841249\n|move|p2a: Scrafty|Poison Jab|p1a: Torkoal\n|-supereffective|p1a: Torkoal\n|-damage|p1a: Torkoal|94/266\n|-damage|p2a: Scrafty|91/246|[from] item: Life Orb\n|move|p1a: Torkoal|Earthquake|p2a: Scrafty\n|-damage|p2a: Scrafty|55/246\n|\n|upkeep\n|turn|7\n|\n|t:|1733841257\n|move|p2a: Scrafty|Poison Jab|p1a: Torkoal\n|-supereffective|p1a: Torkoal\n|-damage|p1a: Torkoal|0 fnt\n|faint|p1a: Torkoal\n|-damage|p2a: Scrafty|31/246|[from] item: Life Orb\n|\n|upkeep\n|\n|t:|1733841274\n|switch|p1a: Bruxish|Bruxish, L85, F|254/254\n|turn|8\n|\n|t:|1733841277\n|move|p1a: Bruxish|Aqua Jet|p2a: Scrafty\n|-damage|p2a: Scrafty|0 fnt\n|faint|p2a: Scrafty\n|-damage|p1a: Bruxish|229/254|[from] item: Life Orb\n|\n|upkeep\n|\n|t:|1733841280\n|switch|p2a: Masquerain|Masquerain, L87, F|264/264\n|-ability|p2a: Masquerain|Intimidate|boost\n|-unboost|p1a: Bruxish|atk|1\n|turn|9\n|\n|t:|1733841298\n|move|p1a: Bruxish|Psychic Fangs|p2a: Masquerain\n|-damage|p2a: Masquerain|108/264\n|-damage|p1a: Bruxish|204/254|[from] item: Life Orb\n|move|p2a: Masquerain|Bug Buzz|p1a: Bruxish\n|-supereffective|p1a: Bruxish\n|-damage|p1a: Bruxish|0 fnt\n|faint|p1a: Bruxish\n|\n|upkeep\n|\n|t:|1733841307\n|switch|p1a: Raikou|Raikou, L81|278/278\n|-ability|p1a: Raikou|Pressure\n|turn|10\n|\n|t:|1733841316\n|move|p1a: Raikou|Shadow Ball|p2a: Masquerain\n|-damage|p2a: Masquerain|8/264\n|move|p2a: Masquerain|Quiver Dance|p2a: Masquerain\n|-boost|p2a: Masquerain|spa|1\n|-boost|p2a: Masquerain|spd|1\n|-boost|p2a: Masquerain|spe|1\n|\n|upkeep\n|turn|11\n|\n|t:|1733841322\n|move|p2a: Masquerain|Bug Buzz|p1a: Raikou\n|-damage|p1a: Raikou|136/278\n|move|p1a: Raikou|Shadow Ball|p2a: Masquerain\n|-damage|p2a: Masquerain|0 fnt\n|faint|p2a: Masquerain\n|\n|upkeep\n|\n|t:|1733841334\n|switch|p2a: Azelf|Azelf, L82|257/257\n|turn|12\n|\n|t:|1733841336\n|move|p2a: Azelf|Nasty Plot|p2a: Azelf\n|-boost|p2a: Azelf|spa|2\n|move|p1a: Raikou|Shadow Ball|p2a: Azelf\n|-supereffective|p2a: Azelf\n|-crit|p2a: Azelf\n|-damage|p2a: Azelf|0 fnt\n|faint|p2a: Azelf\n|\n|upkeep\n|\n|t:|1733841339\n|switch|p2a: Iron Boulder|Iron Boulder, L77|265/265\n|turn|13\n|\n|t:|1733841346\n|-terastallize|p2a: Iron Boulder|Fighting\n|move|p2a: Iron Boulder|Swords Dance|p2a: Iron Boulder\n|-boost|p2a: Iron Boulder|atk|2\n|move|p1a: Raikou|Shadow Ball|p2a: Iron Boulder\n|-damage|p2a: Iron Boulder|185/265\n|\n|upkeep\n|turn|14\n|inactive|bohabwestee has 120 seconds left.\n|\n|t:|1733841384\n|move|p2a: Iron Boulder|Mighty Cleave|p1a: Raikou\n|-crit|p1a: Raikou\n|-damage|p1a: Raikou|0 fnt\n|faint|p1a: Raikou\n|-damage|p2a: Iron Boulder|159/265|[from] item: Life Orb\n|\n|upkeep\n|\n|t:|1733841414\n|switch|p1a: Greedent|Greedent, L86, F|347/347\n|turn|15\n|\n|t:|1733841418\n|move|p2a: Iron Boulder|Close Combat|p1a: Greedent\n|-supereffective|p1a: Greedent\n|-damage|p1a: Greedent|0 fnt\n|-unboost|p2a: Iron Boulder|def|1\n|-unboost|p2a: Iron Boulder|spd|1\n|faint|p1a: Greedent\n|-damage|p2a: Iron Boulder|133/265|[from] item: Life Orb\n|\n|upkeep\n|\n|t:|1733841432\n|switch|p1a: Espeon|Espeon, L84, M|246/246\n|turn|16\n|\n|t:|1733841438\n|move|p2a: Iron Boulder|Mighty Cleave|p1a: Espeon\n|-damage|p1a: Espeon|0 fnt\n|faint|p1a: Espeon\n|-damage|p2a: Iron Boulder|107/265|[from] item: Life Orb\n|\n|upkeep\n|\n|t:|1733841443\n|switch|p1a: Skeledirge|Skeledirge, L79, F|294/294\n|turn|17\n|\n|t:|1733841469\n|move|p2a: Iron Boulder|Mighty Cleave|p1a: Skeledirge\n|-supereffective|p1a: Skeledirge\n|-damage|p1a: Skeledirge|21/294\n|-damage|p2a: Iron Boulder|81/265|[from] item: Life Orb\n|move|p1a: Skeledirge|Torch Song|p2a: Iron Boulder\n|-damage|p2a: Iron Boulder|9/265\n|-boost|p1a: Skeledirge|spa|1\n|\n|upkeep\n|turn|18\n|c|\u2606arameos95|gg\n|\n|t:|1733841484\n|move|p2a: Iron Boulder|Mighty Cleave|p1a: Skeledirge\n|-supereffective|p1a: Skeledirge\n|-damage|p1a: Skeledirge|0 fnt\n|faint|p1a: Skeledirge\n|-damage|p2a: Iron Boulder|0 fnt|[from] item: Life Orb\n|faint|p2a: Iron Boulder\n|-end|p2a: Iron Boulder|Quark Drive|[silent]\n|\n|win|bohabwestee\n|raw|arameos95's rating: 1401 &rarr; <strong>1382</strong><br />(-19 for losing)\n|raw|bohabwestee's rating: 1415 &rarr; <strong>1434</strong><br />(+19 for winning)\n", "inputlog": ">version bfd83cad13791eb5a5a409923076391caf6fb4d4\n>start {\"formatid\":\"gen9randombattle\",\"seed\":[61838,54003,39032,6621],\"rated\":\"Rated battle\"}\n>player p1 {\"name\":\"arameos95\",\"avatar\":\"101\",\"rating\":1401,\"seed\":[57213,14256,8507,52768]}\n>player p2 {\"name\":\"bohabwestee\",\"avatar\":\"170\",\"rating\":1392,\"seed\":[32341,45240,683,18547]}\n>p1 move solarbeam terastallize\n>p2 switch 6\n>p2 switch 2\n>p1 move lavaplume\n>p2 move substitute\n>p1 move lavaplume\n>p2 move airslash\n>p2 switch 5\n>p1 move rapidspin\n>p2 move dragondance\n>p1 move lavaplume\n>p2 move dragondance\n>p1 move earthquake\n>p2 move poisonjab\n>p1 move earthquake\n>p2 move poisonjab\n>p1 switch 2\n>p1 move aquajet\n>p2 move knockoff\n>p2 switch 4\n>p1 move psychicfangs\n>p2 move bugbuzz\n>p1 switch 5\n>p1 move shadowball\n>p2 move quiverdance\n>p1 move shadowball\n>p2 move bugbuzz\n>p2 switch 3\n>p1 move shadowball\n>p2 move nastyplot\n>p2 switch 6\n>p1 move shadowball\n>p2 move swordsdance terastallize\n>p1 move shadowball\n>p2 move mightycleave\n>p1 switch 3\n>p1 move earthquake\n>p2 move closecombat\n>p1 switch 4\n>p1 move shadowball\n>p2 move mightycleave\n>p1 switch 6\n>p1 move torchsong\n>p2 move mightycleave\n>chat \u2606arameos95|gg\n>p1 move flamecharge\n>p2 move mightycleave", "uploadtime": 1733841486, "views": 1, "formatid": "gen9randombattle", "rating": 1382, "private": 0, "password": null}