{"id": "gen9randombattle-2260803812", "format": "[Gen 9] Random Battle", "players": ["Wahbit", "RoboWahbit"], "log": "|j|\u2606Wahbit\n|j|\u2606RoboWahbit\n|t:|1733894882\n|gametype|singles\n|player|p1|Wahbit|169|\n|player|p2|RoboWahbit|101|\n|teamsize|p1|6\n|teamsize|p2|6\n|gen|9\n|tier|[Gen 9] Random Battle\n|rule|Species Clause: Limit one of each Pok\u00e9mon\n|rule|HP Percentage Mod: HP is shown in percentages\n|rule|Sleep Clause Mod: Limit one foe put to sleep\n|rule|Illusion Level Mod: Illusion disguises the Pok\u00e9mon's true level\n|\n|t:|1733894882\n|start\n|switch|p1a: Iron Thorns|Iron Thorns, L83|302/302\n|switch|p2a: Dachsbun|Dachsbun, L92, M|254/254\n|-item|p1a: Iron Thorns|Air Balloon\n|turn|1\n|c|\u2606RoboWahbit|hf\n|inactive|Battle timer is ON: inactive players will automatically lose when time's up. (requested by RoboWahbit)\n|\n|t:|1733894892\n|move|p2a: Dachsbun|Body Press|p1a: Iron Thorns\n|-supereffective|p1a: Iron Thorns\n|-damage|p1a: Iron Thorns|180/302\n|-enditem|p1a: Iron Thorns|Air Balloon\n|move|p1a: Iron Thorns|Spikes|p2a: Dachsbun\n|-sidestart|p2: RoboWahbit|Spikes\n|\n|upkeep\n|turn|2\n|\n|t:|1733894911\n|-end|p1a: Iron Thorns|Quark Drive|[silent]\n|switch|p1a: Sunflora|Sunflora, F|312/312\n|move|p2a: Dachsbun|Body Press|p1a: Sunflora\n|-damage|p1a: Sunflora|221/312\n|\n|upkeep\n|turn|3\n|\n|t:|1733894919\n|move|p2a: Dachsbun|Body Press|p1a: Sunflora\n|-damage|p1a: Sunflora|129/312\n|move|p1a: Sunflora|Sludge Bomb|p2a: Dachsbun\n|-supereffective|p2a: Dachsbun\n|-damage|p2a: Dachsbun|0 fnt\n|faint|p2a: Dachsbun\n|\n|upkeep\n|\n|t:|1733894920\n|switch|p2a: Toxtricity|Toxtricity, L82, M|257/257\n|-damage|p2a: Toxtricity|225/257|[from] Spikes\n|turn|4\n|\n|t:|1733894930\n|switch|p1a: Quagsire|Quagsire, L84, F|297/297\n|move|p2a: Toxtricity|Gunk Shot|p1a: Quagsire\n|-resisted|p1a: Quagsire\n|-damage|p1a: Quagsire|238/297\n|\n|-heal|p1a: Quagsire|256/297|[from] item: Leftovers\n|upkeep\n|turn|5\n|\n|t:|1733894938\n|move|p2a: Toxtricity|Boomburst|p1a: Quagsire\n|-damage|p1a: Quagsire|95/297\n|-enditem|p2a: Toxtricity|Throat Spray\n|-boost|p2a: Toxtricity|spa|1|[from] item: Throat Spray\n|move|p1a: Quagsire|Earthquake|p2a: Toxtricity\n|-supereffective|p2a: Toxtricity\n|-damage|p2a: Toxtricity|0 fnt\n|faint|p2a: Toxtricity\n|\n|-heal|p1a: Quagsire|113/297|[from] item: Leftovers\n|upkeep\n|\n|t:|1733894939\n|switch|p2a: Moltres|Moltres-Galar, L79|271/271\n|turn|6\n|\n|t:|1733894945\n|move|p2a: Moltres|Hurricane|p1a: Quagsire\n|-damage|p1a: Quagsire|0 fnt\n|faint|p1a: Quagsire\n|\n|upkeep\n|\n|t:|1733894953\n|switch|p1a: Pawmot|Pawmot, L80, M|243/243\n|turn|7\n|\n|t:|1733894956\n|move|p1a: Pawmot|Double Shock|p2a: Moltres\n|-supereffective|p2a: Moltres\n|-damage|p2a: Moltres|0 fnt\n|-start|p1a: Pawmot|typechange|???/Fighting|[from] move: Double Shock\n|faint|p2a: Moltres\n|-damage|p1a: Pawmot|219/243|[from] item: Life Orb\n|\n|upkeep\n|\n|t:|1733894957\n|switch|p2a: Decidueye|Decidueye, L88, M|281/281\n|-damage|p2a: Decidueye|246/281|[from] Spikes\n|turn|8\n|\n|t:|1733894968\n|move|p1a: Pawmot|Knock Off|p2a: Decidueye\n|-supereffective|p2a: Decidueye\n|-damage|p2a: Decidueye|35/281\n|-enditem|p2a: Decidueye|Life Orb|[from] move: Knock Off|[of] p1a: Pawmot\n|-damage|p1a: Pawmot|195/243|[from] item: Life Orb\n|move|p2a: Decidueye|Swords Dance|p2a: Decidueye\n|-boost|p2a: Decidueye|atk|2\n|\n|upkeep\n|turn|9\n|\n|t:|1733894972\n|move|p2a: Decidueye|Shadow Sneak|p1a: Pawmot\n|-damage|p1a: Pawmot|80/243\n|move|p1a: Pawmot|Knock Off|p2a: Decidueye\n|-supereffective|p2a: Decidueye\n|-damage|p2a: Decidueye|0 fnt\n|faint|p2a: Decidueye\n|-damage|p1a: Pawmot|56/243|[from] item: Life Orb\n|\n|upkeep\n|\n|t:|1733894972\n|switch|p2a: Arcanine|Arcanine, L84, F|288/288\n|-ability|p2a: Arcanine|Intimidate|boost\n|-unboost|p1a: Pawmot|atk|1\n|turn|10\n|\n|t:|1733894979\n|switch|p1a: Iron Thorns|Iron Thorns, L83|180/302\n|move|p2a: Arcanine|Flare Blitz|p1a: Iron Thorns\n|-resisted|p1a: Iron Thorns\n|-damage|p1a: Iron Thorns|126/302\n|-damage|p2a: Arcanine|270/288|[from] Recoil\n|\n|upkeep\n|turn|11\n|\n|t:|1733894984\n|move|p2a: Arcanine|Flare Blitz|p1a: Iron Thorns\n|-resisted|p1a: Iron Thorns\n|-damage|p1a: Iron Thorns|71/302\n|-damage|p2a: Arcanine|252/288|[from] Recoil\n|move|p1a: Iron Thorns|Spikes|p2a: Arcanine\n|-sidestart|p2: RoboWahbit|Spikes\n|\n|upkeep\n|turn|12\n|\n|t:|1733894987\n|move|p2a: Arcanine|Extreme Speed|p1a: Iron Thorns\n|-resisted|p1a: Iron Thorns\n|-damage|p1a: Iron Thorns|45/302\n|move|p1a: Iron Thorns|Spikes|p2a: Arcanine\n|-sidestart|p2: RoboWahbit|Spikes\n|\n|upkeep\n|turn|13\n|\n|t:|1733894992\n|move|p2a: Arcanine|Extreme Speed|p1a: Iron Thorns\n|-resisted|p1a: Iron Thorns\n|-damage|p1a: Iron Thorns|18/302\n|move|p1a: Iron Thorns|Wild Charge|p2a: Arcanine\n|-damage|p2a: Arcanine|134/288\n|-damage|p1a: Iron Thorns|0 fnt|[from] Recoil\n|faint|p1a: Iron Thorns\n|-end|p1a: Iron Thorns|Quark Drive|[silent]\n|\n|upkeep\n|\n|t:|1733895002\n|switch|p1a: Kyogre|Kyogre, L71|259/259\n|-weather|RainDance|[from] ability: Drizzle|[of] p1a: Kyogre\n|turn|14\n|\n|t:|1733895004\n|move|p2a: Arcanine|Extreme Speed|p1a: Kyogre\n|-damage|p1a: Kyogre|192/259\n|move|p1a: Kyogre|Origin Pulse|p2a: Arcanine|[miss]\n|-miss|p1a: Kyogre|p2a: Arcanine\n|\n|-weather|RainDance|[upkeep]\n|-heal|p1a: Kyogre|208/259|[from] item: Leftovers\n|upkeep\n|turn|15\n|\n|t:|1733895009\n|move|p2a: Arcanine|Extreme Speed|p1a: Kyogre\n|-damage|p1a: Kyogre|136/259\n|move|p1a: Kyogre|Origin Pulse|p2a: Arcanine\n|-supereffective|p2a: Arcanine\n|-damage|p2a: Arcanine|0 fnt\n|faint|p2a: Arcanine\n|\n|-weather|RainDance|[upkeep]\n|-heal|p1a: Kyogre|152/259|[from] item: Leftovers\n|upkeep\n|\n|t:|1733895009\n|switch|p2a: Uxie|Uxie, L83|260/260\n|turn|16\n|\n|t:|1733895017\n|-terastallize|p2a: Uxie|Steel\n|move|p2a: Uxie|Knock Off|p1a: Kyogre\n|-damage|p1a: Kyogre|91/259\n|-enditem|p1a: Kyogre|Leftovers|[from] move: Knock Off|[of] p2a: Uxie\n|move|p1a: Kyogre|Thunder|p2a: Uxie\n|-crit|p2a: Uxie\n|-damage|p2a: Uxie|178/260\n|\n|-weather|RainDance|[upkeep]\n|-heal|p2a: Uxie|194/260|[from] item: Leftovers\n|upkeep\n|turn|17\n|\n|t:|1733895028\n|move|p2a: Uxie|Psychic Noise|p1a: Kyogre\n|-damage|p1a: Kyogre|40/259\n|-start|p1a: Kyogre|move: Heal Block\n|move|p1a: Kyogre|Thunder|p2a: Uxie\n|-damage|p2a: Uxie|136/260\n|\n|-weather|RainDance|[upkeep]\n|-heal|p2a: Uxie|152/260|[from] item: Leftovers\n|upkeep\n|turn|18\n|\n|t:|1733895035\n|move|p2a: Uxie|Psychic Noise|p1a: Kyogre\n|-damage|p1a: Kyogre|0 fnt\n|faint|p1a: Kyogre\n|\n|-weather|none\n|-heal|p2a: Uxie|168/260|[from] item: Leftovers\n|upkeep\n|\n|t:|1733895039\n|switch|p1a: Porygon2|Porygon2, L82|274/274\n|-ability|p1a: Porygon2|Download|boost\n|-boost|p1a: Porygon2|spa|1\n|turn|19\n|\n|t:|1733895043\n|move|p2a: Uxie|Knock Off|p1a: Porygon2\n|-damage|p1a: Porygon2|235/274\n|-enditem|p1a: Porygon2|Eviolite|[from] move: Knock Off|[of] p2a: Uxie\n|move|p1a: Porygon2|Shadow Ball|p2a: Uxie\n|-damage|p2a: Uxie|106/260\n|\n|-heal|p2a: Uxie|122/260|[from] item: Leftovers\n|upkeep\n|turn|20\n|\n|t:|1733895050\n|move|p2a: Uxie|Psychic Noise|p1a: Porygon2\n|-damage|p1a: Porygon2|169/274\n|-start|p1a: Porygon2|move: Heal Block\n|move|p1a: Porygon2|Thunder Wave|p2a: Uxie\n|-status|p2a: Uxie|par\n|\n|-heal|p2a: Uxie|138/260 par|[from] item: Leftovers\n|upkeep\n|turn|21\n|\n|t:|1733895052\n|move|p1a: Porygon2|Shadow Ball|p2a: Uxie\n|-damage|p2a: Uxie|69/260 par\n|move|p2a: Uxie|Psychic Noise|p1a: Porygon2\n|-damage|p1a: Porygon2|108/274\n|\n|-heal|p2a: Uxie|85/260 par|[from] item: Leftovers\n|-end|p1a: Porygon2|move: Heal Block\n|upkeep\n|turn|22\n|\n|t:|1733895054\n|move|p1a: Porygon2|Shadow Ball|p2a: Uxie\n|-damage|p2a: Uxie|21/260 par\n|-unboost|p2a: Uxie|spd|1\n|move|p2a: Uxie|Psychic Noise|p1a: Porygon2\n|-damage|p1a: Porygon2|45/274\n|-start|p1a: Porygon2|move: Heal Block\n|\n|-heal|p2a: Uxie|37/260 par|[from] item: Leftovers\n|upkeep\n|turn|23\n|\n|t:|1733895059\n|switch|p1a: Pawmot|Pawmot, L80, M|56/243\n|move|p2a: Uxie|Psychic Noise|p1a: Pawmot\n|-supereffective|p1a: Pawmot\n|-damage|p1a: Pawmot|0 fnt\n|faint|p1a: Pawmot\n|\n|-heal|p2a: Uxie|53/260 par|[from] item: Leftovers\n|upkeep\n|\n|t:|1733895062\n|switch|p1a: Porygon2|Porygon2, L82|45/274\n|-ability|p1a: Porygon2|Download|boost\n|-boost|p1a: Porygon2|spa|1\n|turn|24\n|\n|t:|1733895063\n|move|p1a: Porygon2|Recover|p1a: Porygon2\n|-heal|p1a: Porygon2|182/274\n|move|p2a: Uxie|Psychic Noise|p1a: Porygon2\n|-damage|p1a: Porygon2|118/274\n|-start|p1a: Porygon2|move: Heal Block\n|\n|-heal|p2a: Uxie|69/260 par|[from] item: Leftovers\n|upkeep\n|turn|25\n|\n|t:|1733895066\n|move|p1a: Porygon2|Shadow Ball|p2a: Uxie\n|-damage|p2a: Uxie|0 fnt\n|faint|p2a: Uxie\n|\n|win|Wahbit\n|c|\u2606RoboWahbit|gg\n", "inputlog": ">version bfd83cad13791eb5a5a409923076391caf6fb4d4\n>start {\"formatid\":\"gen9randombattle\",\"seed\":[14154,19048,30473,21537]}\n>player p1 {\"name\":\"Wahbit\",\"avatar\":\"169\",\"rating\":0,\"seed\":[1947,1376,21145,53084]}\n>player p2 {\"name\":\"RoboWahbit\",\"avatar\":\"101\",\"rating\":0,\"seed\":[27158,46011,12181,17554]}\n>chat \u2606RoboWahbit|hf\n>p1 move spikes\n>p2 move bodypress\n>p1 switch 2\n>p2 move bodypress\n>p1 move sludgebomb\n>p2 move bodypress\n>p2 switch 5\n>p1 switch 6\n>p2 move gunkshot\n>p1 move earthquake\n>p2 move boomburst\n>p2 switch 3\n>p1 move recover\n>p2 move hurricane\n>p1 switch 5\n>p1 move doubleshock\n>p2 move nastyplot\n>p2 switch 2\n>p1 move knockoff\n>p2 move swordsdance\n>p1 move knockoff\n>p2 move shadowsneak\n>p2 switch 4\n>p1 switch 2\n>p2 move flareblitz\n>p1 move spikes\n>p2 move flareblitz\n>p1 move spikes\n>p2 move extremespeed\n>p1 move wildcharge\n>p2 move extremespeed\n>p1 switch 4\n>p1 move originpulse\n>p2 move extremespeed\n>p1 move originpulse\n>p2 move extremespeed\n>p2 switch 6\n>p1 move thunder\n>p2 move knockoff terastallize\n>p1 move thunder\n>p2 move psychicnoise\n>p1 move thunder\n>p2 move psychicnoise\n>p1 switch 3\n>p1 move shadowball\n>p2 move knockoff\n>p1 move thunderwave\n>p2 move psychicnoise\n>p1 move shadowball\n>p2 move psychicnoise\n>p1 move shadowball\n>p2 move psychicnoise\n>p1 switch 2\n>p2 move psychicnoise\n>p1 switch 2\n>p1 move recover\n>p2 move psychicnoise\n>p1 move shadowball\n>p2 move psychicnoise", "uploadtime": 1733895066, "views": 1, "formatid": "gen9randombattle", "rating": null, "private": 0, "password": null}