{"id": "gen9randombattle-2260436104", "format": "[Gen 9] Random Battle", "players": ["cris107", "asweduy"], "log": "|j|\u2606cris107\n|j|\u2606asweduy\n|t:|1733851420\n|gametype|singles\n|player|p1|cris107|102|\n|player|p2|asweduy|hilda-wonderlauncher|\n|teamsize|p1|6\n|teamsize|p2|6\n|gen|9\n|tier|[Gen 9] Random Battle\n|rule|Species Clause: Limit one of each Pok\u00e9mon\n|rule|HP Percentage Mod: HP is shown in percentages\n|rule|Sleep Clause Mod: Limit one foe put to sleep\n|rule|Illusion Level Mod: Illusion disguises the Pok\u00e9mon's true level\n|\n|t:|1733851420\n|start\n|switch|p1a: Volcanion|Volcanion, L79|255/255\n|switch|p2a: Houndstone|Houndstone, L86, M|264/264\n|turn|1\n|inactive|Battle timer is ON: inactive players will automatically lose when time's up. (requested by cris107)\n|inactive|asweduy has 270 seconds left.\n|\n|t:|1733851462\n|move|p2a: Houndstone|Poltergeist|p1a: Volcanion\n|-activate|p1a: Volcanion|move: Poltergeist|Assault Vest\n|-damage|p1a: Volcanion|140/255\n|move|p1a: Volcanion|Flamethrower|p2a: Houndstone\n|-damage|p2a: Houndstone|138/264\n|\n|upkeep\n|turn|2\n|\n|t:|1733851478\n|switch|p1a: Girafarig|Girafarig, L89, F|269/269\n|move|p2a: Houndstone|Poltergeist|p1a: Girafarig\n|-immune|p1a: Girafarig\n|\n|upkeep\n|turn|3\n|\n|t:|1733851499\n|move|p1a: Girafarig|Nasty Plot|p1a: Girafarig\n|-boost|p1a: Girafarig|spa|2\n|move|p2a: Houndstone|Body Press|p1a: Girafarig\n|-damage|p1a: Girafarig|219/269\n|\n|upkeep\n|turn|4\n|\n|t:|1733851525\n|switch|p2a: Drednaw|Drednaw, L81, M|278/278\n|move|p1a: Girafarig|Psyshock|p2a: Drednaw\n|-damage|p2a: Drednaw|109/278\n|\n|upkeep\n|turn|5\n|\n|t:|1733851531\n|move|p1a: Girafarig|Thunderbolt|p2a: Drednaw\n|-supereffective|p2a: Drednaw\n|-damage|p2a: Drednaw|0 fnt\n|faint|p2a: Drednaw\n|\n|upkeep\n|\n|t:|1733851549\n|switch|p2a: Okidogi|Okidogi, L77, M|262/262\n|turn|6\n|\n|t:|1733851556\n|-terastallize|p1a: Girafarig|Normal\n|-terastallize|p2a: Okidogi|Dark\n|move|p1a: Girafarig|Hyper Voice|p2a: Okidogi\n|-damage|p2a: Okidogi|54/262\n|move|p2a: Okidogi|Knock Off|p1a: Girafarig\n|-damage|p1a: Girafarig|134/269\n|-status|p1a: Girafarig|tox|[from] ability: Toxic Chain|[of] p2a: Okidogi\n|-enditem|p1a: Girafarig|Eviolite|[from] move: Knock Off|[of] p2a: Okidogi\n|\n|-damage|p1a: Girafarig|118/269 tox|[from] psn\n|upkeep\n|turn|7\n|\n|t:|1733851577\n|move|p1a: Girafarig|Thunderbolt|p2a: Okidogi\n|-damage|p2a: Okidogi|0 fnt\n|faint|p2a: Okidogi\n|\n|-damage|p1a: Girafarig|86/269 tox|[from] psn\n|upkeep\n|\n|t:|1733851588\n|switch|p2a: Houndstone|Houndstone, L86, M|138/264\n|turn|8\n|\n|t:|1733851592\n|move|p1a: Girafarig|Psyshock|p2a: Houndstone\n|-damage|p2a: Houndstone|0 fnt\n|faint|p2a: Houndstone\n|\n|-damage|p1a: Girafarig|38/269 tox|[from] psn\n|upkeep\n|\n|t:|1733851598\n|switch|p2a: Phione|Phione, L91|293/293\n|turn|9\n|\n|t:|1733851606\n|move|p1a: Girafarig|Thunderbolt|p2a: Phione\n|-supereffective|p2a: Phione\n|-damage|p2a: Phione|35/293\n|move|p2a: Phione|Take Heart|p2a: Phione\n|-boost|p2a: Phione|spa|1\n|-boost|p2a: Phione|spd|1\n|\n|-heal|p2a: Phione|53/293|[from] item: Leftovers\n|-damage|p1a: Girafarig|0 fnt|[from] psn\n|faint|p1a: Girafarig\n|upkeep\n|\n|t:|1733851622\n|switch|p1a: Volcanion|Volcanion, L79|140/255\n|turn|10\n|\n|t:|1733851635\n|move|p2a: Phione|Rest|p2a: Phione\n|-status|p2a: Phione|slp|[from] move: Rest\n|-heal|p2a: Phione|293/293 slp|[silent]\n|move|p1a: Volcanion|Flame Charge|p2a: Phione\n|-resisted|p2a: Phione\n|-crit|p2a: Phione\n|-damage|p2a: Phione|252/293 slp\n|-boost|p1a: Volcanion|spe|1\n|\n|-heal|p2a: Phione|270/293 slp|[from] item: Leftovers\n|upkeep\n|turn|11\n|\n|t:|1733851642\n|move|p1a: Volcanion|Sludge Bomb|p2a: Phione\n|-damage|p2a: Phione|221/293 slp\n|cant|p2a: Phione|slp\n|move|p2a: Phione|Sleep Talk|p2a: Phione\n|move|p2a: Phione|Take Heart|p2a: Phione|[from]move: Sleep Talk\n|-boost|p2a: Phione|spa|1\n|-boost|p2a: Phione|spd|1\n|-curestatus|p2a: Phione|slp|[msg]\n|\n|-heal|p2a: Phione|239/293|[from] item: Leftovers\n|upkeep\n|turn|12\n|\n|t:|1733851650\n|move|p1a: Volcanion|Sludge Bomb|p2a: Phione\n|-damage|p2a: Phione|203/293\n|-status|p2a: Phione|psn\n|move|p2a: Phione|Sleep Talk||[still]\n|-fail|p2a: Phione\n|\n|-heal|p2a: Phione|221/293 psn|[from] item: Leftovers\n|-damage|p2a: Phione|185/293 psn|[from] psn\n|upkeep\n|turn|13\n|\n|t:|1733851661\n|move|p1a: Volcanion|Flame Charge|p2a: Phione\n|-resisted|p2a: Phione\n|-damage|p2a: Phione|161/293 psn\n|-boost|p1a: Volcanion|spe|1\n|move|p2a: Phione|Rest|p2a: Phione\n|-status|p2a: Phione|slp|[from] move: Rest\n|-heal|p2a: Phione|293/293 slp|[silent]\n|\n|upkeep\n|turn|14\n|\n|t:|1733851666\n|move|p1a: Volcanion|Sludge Bomb|p2a: Phione\n|-damage|p2a: Phione|257/293 slp\n|cant|p2a: Phione|slp\n|move|p2a: Phione|Sleep Talk|p2a: Phione\n|move|p2a: Phione|Scald|p1a: Volcanion|[from]move: Sleep Talk\n|-heal|p1a: Volcanion|203/255|[from] ability: Water Absorb|[of] p2a: Phione\n|\n|-heal|p2a: Phione|275/293 slp|[from] item: Leftovers\n|upkeep\n|turn|15\n|c|\u2606cris107|:v?\n|\n|t:|1733851674\n|move|p1a: Volcanion|Sludge Bomb|p2a: Phione\n|-damage|p2a: Phione|242/293 slp\n|cant|p2a: Phione|slp\n|move|p2a: Phione|Sleep Talk|p2a: Phione\n|move|p2a: Phione|Rest||[from]move: Sleep Talk|[still]\n|-fail|p2a: Phione\n|\n|-heal|p2a: Phione|260/293 slp|[from] item: Leftovers\n|upkeep\n|turn|16\n|c|\u2606asweduy|te dejare sin pps\n|c|\u2606cris107|XD\n|c|\u2606asweduy|\ud83d\ude08\ud83d\ude08\n|\n|t:|1733851700\n|move|p1a: Volcanion|Flamethrower|p2a: Phione\n|-resisted|p2a: Phione\n|-crit|p2a: Phione\n|-damage|p2a: Phione|177/293 slp\n|-curestatus|p2a: Phione|slp|[msg]\n|move|p2a: Phione|Take Heart|p2a: Phione\n|-boost|p2a: Phione|spa|1\n|-boost|p2a: Phione|spd|1\n|\n|-heal|p2a: Phione|195/293|[from] item: Leftovers\n|upkeep\n|turn|17\n|\n|t:|1733851710\n|move|p1a: Volcanion|Flamethrower|p2a: Phione\n|-resisted|p2a: Phione\n|-damage|p2a: Phione|173/293\n|move|p2a: Phione|Take Heart|p2a: Phione\n|-boost|p2a: Phione|spa|1\n|-boost|p2a: Phione|spd|1\n|\n|-heal|p2a: Phione|191/293|[from] item: Leftovers\n|upkeep\n|turn|18\n|\n|t:|1733851715\n|move|p1a: Volcanion|Flamethrower|p2a: Phione\n|-resisted|p2a: Phione\n|-damage|p2a: Phione|173/293\n|move|p2a: Phione|Take Heart|p2a: Phione\n|-boost|p2a: Phione|spa|1\n|-boost|p2a: Phione|spd|1\n|\n|-heal|p2a: Phione|191/293|[from] item: Leftovers\n|upkeep\n|turn|19\n|\n|t:|1733851719\n|move|p1a: Volcanion|Flamethrower|p2a: Phione\n|-resisted|p2a: Phione\n|-damage|p2a: Phione|176/293\n|move|p2a: Phione|Take Heart|p2a: Phione\n|-boost|p2a: Phione|spa|1\n|-boost|p2a: Phione|spd|1\n|\n|-heal|p2a: Phione|194/293|[from] item: Leftovers\n|upkeep\n|turn|20\n|\n|t:|1733851729\n|move|p1a: Volcanion|Flamethrower|p2a: Phione\n|-resisted|p2a: Phione\n|-damage|p2a: Phione|181/293\n|move|p2a: Phione|Take Heart||[still]\n|-boost|p2a: Phione|spa|0\n|-boost|p2a: Phione|spd|0\n|-fail|p2a: Phione\n|\n|-heal|p2a: Phione|199/293|[from] item: Leftovers\n|upkeep\n|turn|21\n|\n|t:|1733851733\n|move|p1a: Volcanion|Flamethrower|p2a: Phione\n|-resisted|p2a: Phione\n|-damage|p2a: Phione|186/293\n|move|p2a: Phione|Take Heart||[still]\n|-boost|p2a: Phione|spa|0\n|-boost|p2a: Phione|spd|0\n|-fail|p2a: Phione\n|\n|-heal|p2a: Phione|204/293|[from] item: Leftovers\n|upkeep\n|turn|22\n|\n|t:|1733851739\n|move|p1a: Volcanion|Flame Charge|p2a: Phione\n|-resisted|p2a: Phione\n|-damage|p2a: Phione|178/293\n|-boost|p1a: Volcanion|spe|1\n|move|p2a: Phione|Take Heart||[still]\n|-boost|p2a: Phione|spa|0\n|-boost|p2a: Phione|spd|0\n|-fail|p2a: Phione\n|\n|-heal|p2a: Phione|196/293|[from] item: Leftovers\n|upkeep\n|turn|23\n|\n|t:|1733851745\n|move|p1a: Volcanion|Flame Charge|p2a: Phione\n|-resisted|p2a: Phione\n|-damage|p2a: Phione|171/293\n|-boost|p1a: Volcanion|spe|1\n|move|p2a: Phione|Take Heart||[still]\n|-boost|p2a: Phione|spa|0\n|-boost|p2a: Phione|spd|0\n|-fail|p2a: Phione\n|\n|-heal|p2a: Phione|189/293|[from] item: Leftovers\n|upkeep\n|turn|24\n|\n|t:|1733851748\n|move|p1a: Volcanion|Flame Charge|p2a: Phione\n|-resisted|p2a: Phione\n|-damage|p2a: Phione|165/293\n|-boost|p1a: Volcanion|spe|1\n|move|p2a: Phione|Take Heart||[still]\n|-boost|p2a: Phione|spa|0\n|-boost|p2a: Phione|spd|0\n|-fail|p2a: Phione\n|\n|-heal|p2a: Phione|183/293|[from] item: Leftovers\n|upkeep\n|turn|25\n|\n|t:|1733851750\n|move|p1a: Volcanion|Flame Charge|p2a: Phione\n|-resisted|p2a: Phione\n|-damage|p2a: Phione|155/293\n|-boost|p1a: Volcanion|spe|1\n|move|p2a: Phione|Take Heart||[still]\n|-boost|p2a: Phione|spa|0\n|-boost|p2a: Phione|spd|0\n|-fail|p2a: Phione\n|\n|-heal|p2a: Phione|173/293|[from] item: Leftovers\n|upkeep\n|turn|26\n|\n|t:|1733851753\n|move|p1a: Volcanion|Flame Charge|p2a: Phione\n|-resisted|p2a: Phione\n|-damage|p2a: Phione|147/293\n|move|p2a: Phione|Take Heart||[still]\n|-boost|p2a: Phione|spa|0\n|-boost|p2a: Phione|spd|0\n|-fail|p2a: Phione\n|\n|-heal|p2a: Phione|165/293|[from] item: Leftovers\n|upkeep\n|turn|27\n|\n|t:|1733851759\n|move|p1a: Volcanion|Flame Charge|p2a: Phione\n|-resisted|p2a: Phione\n|-damage|p2a: Phione|140/293\n|move|p2a: Phione|Take Heart||[still]\n|-boost|p2a: Phione|spa|0\n|-boost|p2a: Phione|spd|0\n|-fail|p2a: Phione\n|\n|-heal|p2a: Phione|158/293|[from] item: Leftovers\n|upkeep\n|turn|28\n|\n|t:|1733851766\n|move|p1a: Volcanion|Flamethrower|p2a: Phione\n|-resisted|p2a: Phione\n|-damage|p2a: Phione|144/293\n|move|p2a: Phione|Take Heart||[still]\n|-boost|p2a: Phione|spa|0\n|-boost|p2a: Phione|spd|0\n|-fail|p2a: Phione\n|\n|-heal|p2a: Phione|162/293|[from] item: Leftovers\n|upkeep\n|turn|29\n|\n|t:|1733851771\n|move|p1a: Volcanion|Flamethrower|p2a: Phione\n|-resisted|p2a: Phione\n|-damage|p2a: Phione|148/293\n|-status|p2a: Phione|brn\n|move|p2a: Phione|Take Heart|p2a: Phione\n|-boost|p2a: Phione|spa|0\n|-boost|p2a: Phione|spd|0\n|-curestatus|p2a: Phione|brn|[msg]\n|\n|-heal|p2a: Phione|166/293|[from] item: Leftovers\n|upkeep\n|turn|30\n|\n|t:|1733851774\n|move|p1a: Volcanion|Flame Charge|p2a: Phione\n|-resisted|p2a: Phione\n|-damage|p2a: Phione|139/293\n|move|p2a: Phione|Take Heart||[still]\n|-boost|p2a: Phione|spa|0\n|-boost|p2a: Phione|spd|0\n|-fail|p2a: Phione\n|\n|-heal|p2a: Phione|157/293|[from] item: Leftovers\n|upkeep\n|turn|31\n|\n|t:|1733851785\n|move|p1a: Volcanion|Flame Charge|p2a: Phione\n|-resisted|p2a: Phione\n|-damage|p2a: Phione|133/293\n|move|p2a: Phione|Scald|p1a: Volcanion\n|-heal|p1a: Volcanion|255/255|[from] ability: Water Absorb|[of] p2a: Phione\n|\n|-heal|p2a: Phione|151/293|[from] item: Leftovers\n|upkeep\n|turn|32\n|\n|t:|1733851794\n|move|p1a: Volcanion|Flame Charge|p2a: Phione\n|-resisted|p2a: Phione\n|-damage|p2a: Phione|127/293\n|move|p2a: Phione|Take Heart||[still]\n|-boost|p2a: Phione|spa|0\n|-boost|p2a: Phione|spd|0\n|-fail|p2a: Phione\n|\n|-heal|p2a: Phione|145/293|[from] item: Leftovers\n|upkeep\n|turn|33\n|\n|t:|1733851807\n|move|p1a: Volcanion|Flame Charge|p2a: Phione\n|-resisted|p2a: Phione\n|-damage|p2a: Phione|118/293\n|move|p2a: Phione|Take Heart||[still]\n|-boost|p2a: Phione|spa|0\n|-boost|p2a: Phione|spd|0\n|-fail|p2a: Phione\n|\n|-heal|p2a: Phione|136/293|[from] item: Leftovers\n|upkeep\n|turn|34\n|\n|t:|1733851817\n|move|p1a: Volcanion|Flame Charge|p2a: Phione\n|-resisted|p2a: Phione\n|-damage|p2a: Phione|111/293\n|move|p2a: Phione|Take Heart||[still]\n|-boost|p2a: Phione|spa|0\n|-boost|p2a: Phione|spd|0\n|-fail|p2a: Phione\n|\n|-heal|p2a: Phione|129/293|[from] item: Leftovers\n|upkeep\n|turn|35\n|\n|t:|1733851823\n|move|p1a: Volcanion|Sludge Bomb|p2a: Phione\n|-damage|p2a: Phione|112/293\n|-status|p2a: Phione|psn\n|move|p2a: Phione|Take Heart|p2a: Phione\n|-boost|p2a: Phione|spa|0\n|-boost|p2a: Phione|spd|0\n|-curestatus|p2a: Phione|psn|[msg]\n|\n|-heal|p2a: Phione|130/293|[from] item: Leftovers\n|upkeep\n|turn|36\n|\n|t:|1733851827\n|move|p1a: Volcanion|Flamethrower|p2a: Phione\n|-resisted|p2a: Phione\n|-damage|p2a: Phione|118/293\n|move|p2a: Phione|Take Heart||[still]\n|-boost|p2a: Phione|spa|0\n|-boost|p2a: Phione|spd|0\n|-fail|p2a: Phione\n|\n|-heal|p2a: Phione|136/293|[from] item: Leftovers\n|upkeep\n|turn|37\n|\n|t:|1733851832\n|move|p1a: Volcanion|Flamethrower|p2a: Phione\n|-resisted|p2a: Phione\n|-damage|p2a: Phione|123/293\n|move|p2a: Phione|Rest|p2a: Phione\n|-status|p2a: Phione|slp|[from] move: Rest\n|-heal|p2a: Phione|293/293 slp|[silent]\n|\n|upkeep\n|turn|38\n|\n|t:|1733851838\n|move|p1a: Volcanion|Flame Charge|p2a: Phione\n|-resisted|p2a: Phione\n|-damage|p2a: Phione|267/293 slp\n|cant|p2a: Phione|slp\n|\n|-heal|p2a: Phione|285/293 slp|[from] item: Leftovers\n|upkeep\n|turn|39\n|\n|t:|1733851841\n|move|p1a: Volcanion|Flame Charge|p2a: Phione\n|-resisted|p2a: Phione\n|-damage|p2a: Phione|258/293 slp\n|cant|p2a: Phione|slp\n|\n|-heal|p2a: Phione|276/293 slp|[from] item: Leftovers\n|upkeep\n|turn|40\n|c|\u2606asweduy|estrategia pura\n|c|\u2606cris107|xD\n|\n|t:|1733851860\n|move|p1a: Volcanion|Flamethrower|p2a: Phione\n|-resisted|p2a: Phione\n|-damage|p2a: Phione|262/293 slp\n|-curestatus|p2a: Phione|slp|[msg]\n|move|p2a: Phione|Take Heart||[still]\n|-boost|p2a: Phione|spa|0\n|-boost|p2a: Phione|spd|0\n|-fail|p2a: Phione\n|\n|-heal|p2a: Phione|280/293|[from] item: Leftovers\n|upkeep\n|turn|41\n|\n|t:|1733851871\n|move|p1a: Volcanion|Steam Eruption|p2a: Phione\n|-resisted|p2a: Phione\n|-damage|p2a: Phione|265/293\n|move|p2a: Phione|Take Heart||[still]\n|-boost|p2a: Phione|spa|0\n|-boost|p2a: Phione|spd|0\n|-fail|p2a: Phione\n|\n|-heal|p2a: Phione|283/293|[from] item: Leftovers\n|upkeep\n|turn|42\n|\n|t:|1733851878\n|move|p1a: Volcanion|Flame Charge|p2a: Phione\n|-resisted|p2a: Phione\n|-damage|p2a: Phione|256/293\n|move|p2a: Phione|Take Heart||[still]\n|-boost|p2a: Phione|spa|0\n|-boost|p2a: Phione|spd|0\n|-fail|p2a: Phione\n|\n|-heal|p2a: Phione|274/293|[from] item: Leftovers\n|upkeep\n|turn|43\n|\n|t:|1733851892\n|switch|p1a: Cramorant|Cramorant, L86, F|261/261\n|move|p2a: Phione|Sleep Talk||[still]\n|-fail|p2a: Phione\n|\n|-heal|p2a: Phione|292/293|[from] item: Leftovers\n|upkeep\n|turn|44\n|\n|t:|1733851899\n|switch|p1a: Volcanion|Volcanion, L79|255/255\n|move|p2a: Phione|Scald|p1a: Volcanion\n|-immune|p1a: Volcanion|[from] ability: Water Absorb\n|\n|-heal|p2a: Phione|293/293|[from] item: Leftovers\n|upkeep\n|turn|45\n|\n|t:|1733851905\n|move|p2a: Phione|Sleep Talk||[still]\n|-fail|p2a: Phione\n|move|p1a: Volcanion|Flame Charge|p2a: Phione\n|-resisted|p2a: Phione\n|-damage|p2a: Phione|269/293\n|-boost|p1a: Volcanion|spe|1\n|\n|-heal|p2a: Phione|287/293|[from] item: Leftovers\n|upkeep\n|turn|46\n|\n|t:|1733851914\n|move|p1a: Volcanion|Flame Charge|p2a: Phione\n|-resisted|p2a: Phione\n|-damage|p2a: Phione|259/293\n|-boost|p1a: Volcanion|spe|1\n|move|p2a: Phione|Sleep Talk||[still]\n|-fail|p2a: Phione\n|\n|-heal|p2a: Phione|277/293|[from] item: Leftovers\n|upkeep\n|turn|47\n|\n|t:|1733851921\n|move|p1a: Volcanion|Flame Charge|p2a: Phione\n|-resisted|p2a: Phione\n|-damage|p2a: Phione|250/293\n|-boost|p1a: Volcanion|spe|1\n|move|p2a: Phione|Sleep Talk||[still]\n|-fail|p2a: Phione\n|\n|-heal|p2a: Phione|268/293|[from] item: Leftovers\n|upkeep\n|turn|48\n|\n|t:|1733851925\n|switch|p1a: Cramorant|Cramorant, L86, F|261/261\n|move|p2a: Phione|Sleep Talk||[still]\n|-fail|p2a: Phione\n|\n|-heal|p2a: Phione|286/293|[from] item: Leftovers\n|upkeep\n|turn|49\n|\n|t:|1733851929\n|switch|p1a: Volcanion|Volcanion, L79|255/255\n|move|p2a: Phione|Sleep Talk||[still]\n|-fail|p2a: Phione\n|\n|-heal|p2a: Phione|293/293|[from] item: Leftovers\n|upkeep\n|turn|50\n|inactive|asweduy has 270 seconds left.\n|inactive|asweduy has 240 seconds left.\n|\n|t:|1733851993\n|move|p2a: Phione|Sleep Talk||[still]\n|-fail|p2a: Phione\n|move|p1a: Volcanion|Flame Charge|p2a: Phione\n|-resisted|p2a: Phione\n|-damage|p2a: Phione|269/293\n|-boost|p1a: Volcanion|spe|1\n|\n|-heal|p2a: Phione|287/293|[from] item: Leftovers\n|upkeep\n|turn|51\n|inactive|asweduy has 240 seconds left.\n|\n|t:|1733852009\n|move|p1a: Volcanion|Flamethrower|p2a: Phione\n|-resisted|p2a: Phione\n|-damage|p2a: Phione|274/293\n|move|p2a: Phione|Sleep Talk||[still]\n|-fail|p2a: Phione\n|\n|-heal|p2a: Phione|292/293|[from] item: Leftovers\n|upkeep\n|turn|52\n|inactive|asweduy has 240 seconds left.\n|\n|t:|1733852017\n|move|p1a: Volcanion|Flamethrower|p2a: Phione\n|-resisted|p2a: Phione\n|-damage|p2a: Phione|279/293\n|move|p2a: Phione|Sleep Talk||[still]\n|-fail|p2a: Phione\n|\n|-heal|p2a: Phione|293/293|[from] item: Leftovers\n|upkeep\n|turn|53\n|inactive|asweduy has 240 seconds left.\n|\n|t:|1733852029\n|move|p1a: Volcanion|Flamethrower|p2a: Phione\n|-resisted|p2a: Phione\n|-damage|p2a: Phione|280/293\n|move|p2a: Phione|Sleep Talk||[still]\n|-fail|p2a: Phione\n|\n|-heal|p2a: Phione|293/293|[from] item: Leftovers\n|upkeep\n|turn|54\n|inactive|asweduy has 240 seconds left.\n|\n|t:|1733852045\n|move|p1a: Volcanion|Sludge Bomb|p2a: Phione\n|-damage|p2a: Phione|275/293\n|move|p2a: Phione|Sleep Talk||[still]\n|-fail|p2a: Phione\n|\n|-heal|p2a: Phione|293/293|[from] item: Leftovers\n|upkeep\n|turn|55\n|inactive|asweduy has 240 seconds left.\n|\n|t:|1733852054\n|move|p1a: Volcanion|Flame Charge|p2a: Phione\n|-resisted|p2a: Phione\n|-damage|p2a: Phione|269/293\n|-boost|p1a: Volcanion|spe|1\n|move|p2a: Phione|Sleep Talk||[still]\n|-fail|p2a: Phione\n|\n|-heal|p2a: Phione|287/293|[from] item: Leftovers\n|upkeep\n|turn|56\n|inactive|asweduy has 240 seconds left.\n|inactive|asweduy has 210 seconds left.\n|\n|t:|1733852097\n|move|p1a: Volcanion|Flame Charge|p2a: Phione\n|-resisted|p2a: Phione\n|-damage|p2a: Phione|261/293\n|-boost|p1a: Volcanion|spe|1\n|move|p2a: Phione|Rest|p2a: Phione\n|-status|p2a: Phione|slp|[from] move: Rest\n|-heal|p2a: Phione|293/293 slp|[silent]\n|\n|upkeep\n|turn|57\n|\n|t:|1733852112\n|switch|p1a: Cramorant|Cramorant, L86, F|261/261\n|cant|p2a: Phione|slp\n|\n|upkeep\n|turn|58\n|\n|t:|1733852118\n|cant|p2a: Phione|slp\n|move|p1a: Cramorant|Brave Bird|p2a: Phione\n|-damage|p2a: Phione|173/293 slp\n|-damage|p1a: Cramorant|221/261|[from] Recoil\n|\n|-heal|p2a: Phione|191/293 slp|[from] item: Leftovers\n|upkeep\n|turn|59\n|\n|t:|1733852123\n|switch|p1a: Volcanion|Volcanion, L79|255/255\n|-curestatus|p2a: Phione|slp|[msg]\n|move|p2a: Phione|Scald|p1a: Volcanion\n|-immune|p1a: Volcanion|[from] ability: Water Absorb\n|\n|-heal|p2a: Phione|209/293|[from] item: Leftovers\n|upkeep\n|turn|60\n|\n|t:|1733852142\n|move|p2a: Phione|Rest|p2a: Phione\n|-status|p2a: Phione|slp|[from] move: Rest\n|-heal|p2a: Phione|293/293 slp|[silent]\n|move|p1a: Volcanion|Flame Charge|p2a: Phione\n|-resisted|p2a: Phione\n|-damage|p2a: Phione|265/293 slp\n|-boost|p1a: Volcanion|spe|1\n|\n|-heal|p2a: Phione|283/293 slp|[from] item: Leftovers\n|upkeep\n|turn|61\n|\n|t:|1733852145\n|switch|p1a: Cramorant|Cramorant, L86, F|221/261\n|cant|p2a: Phione|slp\n|\n|-heal|p2a: Phione|293/293 slp|[from] item: Leftovers\n|upkeep\n|turn|62\n|\n|t:|1733852148\n|cant|p2a: Phione|slp\n|move|p1a: Cramorant|Brave Bird|p2a: Phione\n|-damage|p2a: Phione|181/293 slp\n|-damage|p1a: Cramorant|184/261|[from] Recoil\n|\n|-heal|p2a: Phione|199/293 slp|[from] item: Leftovers\n|upkeep\n|turn|63\n|\n|t:|1733852156\n|switch|p1a: Volcanion|Volcanion, L79|255/255\n|-curestatus|p2a: Phione|slp|[msg]\n|move|p2a: Phione|Rest|p2a: Phione\n|-status|p2a: Phione|slp|[from] move: Rest\n|-heal|p2a: Phione|293/293 slp|[silent]\n|\n|upkeep\n|turn|64\n|inactive|asweduy has 270 seconds left.\n|\n|t:|1733852166\n|switch|p1a: Cramorant|Cramorant, L86, F|184/261\n|cant|p2a: Phione|slp\n|\n|upkeep\n|turn|65\n|\n|t:|1733852171\n|cant|p2a: Phione|slp\n|move|p1a: Cramorant|Roost|p1a: Cramorant\n|-heal|p1a: Cramorant|261/261\n|-singleturn|p1a: Cramorant|move: Roost\n|\n|upkeep\n|turn|66\n|\n|t:|1733852176\n|switch|p1a: Volcanion|Volcanion, L79|255/255\n|-curestatus|p2a: Phione|slp|[msg]\n|move|p2a: Phione|Scald|p1a: Volcanion\n|-immune|p1a: Volcanion|[from] ability: Water Absorb\n|\n|upkeep\n|turn|67\n|\n|t:|1733852188\n|move|p2a: Phione|Rest|p2a: Phione\n|-fail|p2a: Phione|heal\n|move|p1a: Volcanion|Sludge Bomb|p2a: Phione\n|-damage|p2a: Phione|275/293\n|-status|p2a: Phione|psn\n|\n|-heal|p2a: Phione|293/293 psn|[from] item: Leftovers\n|-damage|p2a: Phione|257/293 psn|[from] psn\n|upkeep\n|turn|68\n|c|\u2606asweduy|siempre hay fe\n|c|\u2606cris107|XD\n|\n|t:|1733852203\n|move|p2a: Phione|Rest|p2a: Phione\n|-status|p2a: Phione|slp|[from] move: Rest\n|-heal|p2a: Phione|293/293 slp|[silent]\n|move|p1a: Volcanion|Flame Charge|p2a: Phione\n|-resisted|p2a: Phione\n|-damage|p2a: Phione|267/293 slp\n|-boost|p1a: Volcanion|spe|1\n|\n|-heal|p2a: Phione|285/293 slp|[from] item: Leftovers\n|upkeep\n|turn|69\n|\n|t:|1733852205\n|switch|p1a: Cramorant|Cramorant, L86, F|261/261\n|cant|p2a: Phione|slp\n|\n|-heal|p2a: Phione|293/293 slp|[from] item: Leftovers\n|upkeep\n|turn|70\n|\n|t:|1733852219\n|cant|p2a: Phione|slp\n|move|p1a: Cramorant|Brave Bird|p2a: Phione\n|-damage|p2a: Phione|179/293 slp\n|-damage|p1a: Cramorant|223/261|[from] Recoil\n|\n|-heal|p2a: Phione|197/293 slp|[from] item: Leftovers\n|upkeep\n|turn|71\n|\n|t:|1733852230\n|switch|p2a: Weezing|Weezing-Galar, L86, M|252/252\n|switch|p1a: Volcanion|Volcanion, L79|255/255\n|\n|upkeep\n|turn|72\n|\n|t:|1733852237\n|move|p1a: Volcanion|Steam Eruption|p2a: Weezing\n|-damage|p2a: Weezing|98/252\n|-status|p2a: Weezing|brn\n|move|p2a: Weezing|Gunk Shot|p1a: Volcanion\n|-damage|p1a: Volcanion|202/255\n|\n|-heal|p2a: Weezing|113/252 brn|[from] item: Leftovers\n|-damage|p2a: Weezing|98/252 brn|[from] brn\n|upkeep\n|turn|73\n|c|\u2606cris107|deomio\n|c|\u2606cris107|XD\n|\n|t:|1733852248\n|move|p1a: Volcanion|Flamethrower|p2a: Weezing\n|-damage|p2a: Weezing|0 fnt\n|faint|p2a: Weezing\n|\n|upkeep\n|\n|t:|1733852253\n|switch|p2a: Shaymin|Shaymin, L82|298/298\n|turn|74\n|\n|t:|1733852262\n|switch|p2a: Phione|Phione, L91|197/293 slp\n|move|p1a: Volcanion|Flame Charge|p2a: Phione\n|-resisted|p2a: Phione\n|-damage|p2a: Phione|172/293 slp\n|-boost|p1a: Volcanion|spe|1\n|\n|-heal|p2a: Phione|190/293 slp|[from] item: Leftovers\n|upkeep\n|turn|75\n|\n|t:|1733852278\n|move|p1a: Volcanion|Steam Eruption|p2a: Phione|[miss]\n|-miss|p1a: Volcanion|p2a: Phione\n|-curestatus|p2a: Phione|slp|[msg]\n|move|p2a: Phione|Scald|p1a: Volcanion\n|-heal|p1a: Volcanion|255/255|[from] ability: Water Absorb|[of] p2a: Phione\n|\n|-heal|p2a: Phione|208/293|[from] item: Leftovers\n|upkeep\n|turn|76\n|\n|t:|1733852288\n|move|p1a: Volcanion|Steam Eruption|p2a: Phione\n|-resisted|p2a: Phione\n|-damage|p2a: Phione|149/293\n|move|p2a: Phione|Scald|p1a: Volcanion\n|-immune|p1a: Volcanion|[from] ability: Water Absorb\n|\n|-heal|p2a: Phione|167/293|[from] item: Leftovers\n|upkeep\n|turn|77\n|c|\u2606asweduy|te odio\n|\n|t:|1733852304\n|move|p1a: Volcanion|Flame Charge|p2a: Phione\n|-resisted|p2a: Phione\n|-damage|p2a: Phione|142/293\n|-boost|p1a: Volcanion|spe|1\n|move|p2a: Phione|Scald|p1a: Volcanion\n|-immune|p1a: Volcanion|[from] ability: Water Absorb\n|\n|-heal|p2a: Phione|160/293|[from] item: Leftovers\n|upkeep\n|turn|78\n|c|\u2606cris107|u///u\n|\n|t:|1733852316\n|move|p1a: Volcanion|Sludge Bomb|p2a: Phione\n|-damage|p2a: Phione|94/293\n|move|p2a: Phione|Scald|p1a: Volcanion\n|-immune|p1a: Volcanion|[from] ability: Water Absorb\n|\n|-heal|p2a: Phione|112/293|[from] item: Leftovers\n|upkeep\n|turn|79\n|\n|t:|1733852326\n|move|p1a: Volcanion|Steam Eruption|p2a: Phione\n|-resisted|p2a: Phione\n|-damage|p2a: Phione|49/293\n|move|p2a: Phione|Scald|p1a: Volcanion\n|-immune|p1a: Volcanion|[from] ability: Water Absorb\n|\n|-heal|p2a: Phione|67/293|[from] item: Leftovers\n|upkeep\n|turn|80\n|\n|t:|1733852338\n|move|p1a: Volcanion|Steam Eruption|p2a: Phione\n|-resisted|p2a: Phione\n|-damage|p2a: Phione|7/293\n|move|p2a: Phione|Scald|p1a: Volcanion\n|-immune|p1a: Volcanion|[from] ability: Water Absorb\n|\n|-heal|p2a: Phione|25/293|[from] item: Leftovers\n|upkeep\n|turn|81\n|\n|t:|1733852361\n|move|p1a: Volcanion|Steam Eruption|p2a: Phione\n|-resisted|p2a: Phione\n|-damage|p2a: Phione|0 fnt\n|faint|p2a: Phione\n|\n|upkeep\n|inactive|asweduy has 270 seconds left.\n|c|\u2606cris107|alola\n|c|\u2606cris107|hay fe?\n|inactive|asweduy has 240 seconds left.\n|\n|t:|1733852413\n|switch|p2a: Shaymin|Shaymin, L82|298/298\n|turn|82\n|c|\u2606asweduy|siempre\n|\n|t:|1733852423\n|move|p1a: Volcanion|Flamethrower|p2a: Shaymin\n|-supereffective|p2a: Shaymin\n|-damage|p2a: Shaymin|100/298\n|move|p2a: Shaymin|Air Slash|p1a: Volcanion\n|-crit|p1a: Volcanion\n|-damage|p1a: Volcanion|200/255\n|\n|-heal|p2a: Shaymin|118/298|[from] item: Leftovers\n|upkeep\n|turn|83\n|\n|t:|1733852433\n|move|p1a: Volcanion|Flamethrower|p2a: Shaymin\n|-supereffective|p2a: Shaymin\n|-damage|p2a: Shaymin|0 fnt\n|faint|p2a: Shaymin\n|\n|win|cris107\n|c|\u2606asweduy|maldito\n|c|\u2606asweduy|otra\n|c|\u2606cris107|ggs\n|c|\u2606cris107|XD\n|c|\u2606asweduy|ggs\n", "inputlog": ">version bfd83cad13791eb5a5a409923076391caf6fb4d4\n>start {\"formatid\":\"gen9randombattle\",\"seed\":[65290,60958,31994,39507]}\n>player p1 {\"name\":\"cris107\",\"avatar\":\"102\",\"rating\":0,\"seed\":[13582,28959,34702,19225]}\n>player p2 {\"name\":\"asweduy\",\"avatar\":\"hilda-wonderlauncher\",\"rating\":0,\"seed\":[55926,37370,5620,15119]}\n>p1 move flamethrower\n>p2 move poltergeist\n>p1 switch 6\n>p2 move poltergeist\n>p1 move nastyplot\n>p2 move bodypress\n>p1 move psyshock\n>p2 switch 4\n>p1 move thunderbolt\n>p2 move earthquake\n>p2 switch 2\n>p1 move hypervoice terastallize\n>p2 move knockoff terastallize\n>p1 move thunderbolt\n>p2 move drainpunch\n>p2 switch 4\n>p1 move psyshock\n>p2 move bodypress\n>p2 switch 5\n>p1 move thunderbolt\n>p2 move takeheart\n>p1 switch 6\n>p1 move flamecharge\n>p2 move rest\n>p1 move sludgebomb\n>p2 move sleeptalk\n>p1 move sludgebomb\n>p2 move sleeptalk\n>p1 move flamecharge\n>p2 move rest\n>p1 move sludgebomb\n>p2 move sleeptalk\n>chat \u2606cris107|:v?\n>p1 move sludgebomb\n>p2 move sleeptalk\n>chat \u2606asweduy|te dejare sin pps\n>chat \u2606cris107|XD\n>chat \u2606asweduy|\ud83d\ude08\ud83d\ude08\n>p1 move flamethrower\n>p2 move takeheart\n>p1 move flamethrower\n>p2 move takeheart\n>p1 move flamethrower\n>p2 move takeheart\n>p1 move flamethrower\n>p2 move takeheart\n>p1 move flamethrower\n>p2 move takeheart\n>p1 move flamethrower\n>p2 move takeheart\n>p1 move flamecharge\n>p2 move takeheart\n>p1 move flamecharge\n>p2 move takeheart\n>p1 move flamecharge\n>p2 move takeheart\n>p1 move flamecharge\n>p2 move takeheart\n>p1 move flamecharge\n>p2 move takeheart\n>p1 move flamecharge\n>p2 move takeheart\n>p1 move flamethrower\n>p2 move takeheart\n>p1 move flamethrower\n>p2 move takeheart\n>p1 move flamecharge\n>p2 move takeheart\n>p1 move flamecharge\n>p2 move scald\n>p1 move flamecharge\n>p2 move takeheart\n>p1 move flamecharge\n>p2 move takeheart\n>p1 move flamecharge\n>p2 move takeheart\n>p1 move sludgebomb\n>p2 move takeheart\n>p1 move flamethrower\n>p2 move takeheart\n>p1 move flamethrower\n>p2 move rest\n>p1 move flamecharge\n>p2 move takeheart\n>p1 move flamecharge\n>p2 move takeheart\n>chat \u2606asweduy|estrategia pura\n>chat \u2606cris107|xD\n>p1 move flamethrower\n>p2 move takeheart\n>p1 move steameruption\n>p2 move takeheart\n>p1 move flamecharge\n>p2 move takeheart\n>p1 switch 4\n>p2 move sleeptalk\n>p1 switch 4\n>p2 move scald\n>p1 move flamecharge\n>p2 move sleeptalk\n>p1 move flamecharge\n>p2 move sleeptalk\n>p1 move flamecharge\n>p2 move sleeptalk\n>p1 switch 4\n>p2 move sleeptalk\n>p1 switch 4\n>p2 move sleeptalk\n>p1 move flamecharge\n>p2 move sleeptalk\n>p1 move flamethrower\n>p2 move sleeptalk\n>p1 move flamethrower\n>p2 move sleeptalk\n>p1 move flamethrower\n>p2 move sleeptalk\n>p1 move sludgebomb\n>p2 move sleeptalk\n>p1 move flamecharge\n>p2 move sleeptalk\n>p1 move flamecharge\n>p2 move rest\n>p1 switch 4\n>p2 move rest\n>p1 move bravebird\n>p2 move scald\n>p1 switch 4\n>p2 move scald\n>p1 move flamecharge\n>p2 move rest\n>p1 switch 4\n>p2 move scald\n>p1 move bravebird\n>p2 move scald\n>p1 switch 4\n>p2 move rest\n>p1 switch 4\n>p2 move scald\n>p1 move roost\n>p2 move scald\n>p1 switch 4\n>p2 move scald\n>p1 move sludgebomb\n>p2 move rest\n>chat \u2606asweduy|siempre hay fe\n>chat \u2606cris107|XD\n>p1 move flamecharge\n>p2 move rest\n>p1 switch 4\n>p2 move scald\n>p1 move bravebird\n>p2 move scald\n>p1 switch 4\n>p2 switch 3\n>p1 move steameruption\n>p2 move gunkshot\n>chat \u2606cris107|deomio\n>chat \u2606cris107|XD\n>p1 move flamethrower\n>p2 move painsplit\n>p2 switch 6\n>p1 move flamecharge\n>p2 switch 3\n>p1 move steameruption\n>p2 move scald\n>p1 move steameruption\n>p2 move scald\n>chat \u2606asweduy|te odio\n>p1 move flamecharge\n>p2 move scald\n>chat \u2606cris107|u///u\n>p1 move sludgebomb\n>p2 move scald\n>p1 move steameruption\n>p2 move scald\n>p1 move steameruption\n>p2 move scald\n>p1 move steameruption\n>p2 move scald\n>chat \u2606cris107|alola\n>chat \u2606cris107|hay fe?\n>p2 switch 3\n>chat \u2606asweduy|siempre\n>p1 move flamethrower\n>p2 move airslash\n>p1 move flamethrower\n>p2 move synthesis", "uploadtime": 1733852442, "views": 9, "formatid": "gen9randombattle", "rating": null, "private": 0, "password": null}