{"id": "gen9randombattle-2185489382", "format": "[Gen 9] Random Battle", "players": ["Washeroscar", "Beraldinhoo"], "log": "|j|\u2606Washeroscar\n|j|\u2606Beraldinhoo\n|t:|1724342991\n|gametype|singles\n|player|p1|Washeroscar|hiker-gen4|2220\n|player|p2|Beraldinhoo|#ruplxderangedhustlers|2271\n|teamsize|p1|6\n|teamsize|p2|6\n|gen|9\n|tier|[Gen 9] Random Battle\n|rated|\n|rule|Species Clause: Limit one of each Pok\u00e9mon\n|rule|HP Percentage Mod: HP is shown in percentages\n|rule|Sleep Clause Mod: Limit one foe put to sleep\n|rule|Illusion Level Mod: Illusion disguises the Pok\u00e9mon's true level\n|\n|t:|1724342991\n|start\n|switch|p1a: Delphox|Delphox, L84, M|263/263\n|switch|p2a: Magnezone|Magnezone, L85|258/258\n|turn|1\n|inactive|Battle timer is ON: inactive players will automatically lose when time's up. (requested by Washeroscar)\n|\n|t:|1724343012\n|switch|p2a: Scream Tail|Scream Tail, L84|330/330\n|move|p1a: Delphox|Focus Blast|p2a: Scream Tail|[miss]\n|-miss|p1a: Delphox|p2a: Scream Tail\n|\n|upkeep\n|turn|2\n|\n|t:|1724343024\n|switch|p1a: Venusaur|Venusaur, L84, F|272/272\n|move|p2a: Scream Tail|Thunder Wave|p1a: Venusaur\n|-status|p1a: Venusaur|par\n|\n|upkeep\n|turn|3\n|\n|t:|1724343035\n|-end|p2a: Scream Tail|Protosynthesis|[silent]\n|switch|p2a: Deoxys|Deoxys-Defense, L86|226/226\n|-ability|p2a: Deoxys|Pressure\n|cant|p1a: Venusaur|par\n|\n|upkeep\n|turn|4\n|\n|t:|1724343042\n|move|p2a: Deoxys|Knock Off|p1a: Venusaur\n|-damage|p1a: Venusaur|211/272 par\n|-enditem|p1a: Venusaur|Leftovers|[from] move: Knock Off|[of] p2a: Deoxys\n|move|p1a: Venusaur|Knock Off|p2a: Deoxys\n|-supereffective|p2a: Deoxys\n|-damage|p2a: Deoxys|148/226\n|-enditem|p2a: Deoxys|Leftovers|[from] move: Knock Off|[of] p1a: Venusaur\n|\n|upkeep\n|turn|5\n|\n|t:|1724343054\n|move|p2a: Deoxys|Knock Off|p1a: Venusaur\n|-damage|p1a: Venusaur|173/272 par\n|move|p1a: Venusaur|Sludge Bomb|p2a: Deoxys\n|-damage|p2a: Deoxys|90/226\n|\n|upkeep\n|turn|6\n|\n|t:|1724343057\n|move|p2a: Deoxys|Recover|p2a: Deoxys\n|-heal|p2a: Deoxys|203/226\n|move|p1a: Venusaur|Sludge Bomb|p2a: Deoxys\n|-damage|p2a: Deoxys|148/226\n|-status|p2a: Deoxys|psn\n|\n|-damage|p2a: Deoxys|120/226 psn|[from] psn\n|upkeep\n|turn|7\n|\n|t:|1724343060\n|move|p2a: Deoxys|Psychic Noise|p1a: Venusaur\n|-supereffective|p1a: Venusaur\n|-damage|p1a: Venusaur|59/272 par\n|-start|p1a: Venusaur|move: Heal Block\n|cant|p1a: Venusaur|move: Heal Block|Synthesis\n|\n|-damage|p2a: Deoxys|92/226 psn|[from] psn\n|upkeep\n|turn|8\n|\n|t:|1724343066\n|switch|p1a: Samurott|Samurott-Hisui, L77, M|265/265\n|move|p2a: Deoxys|Recover|p2a: Deoxys\n|-heal|p2a: Deoxys|205/226 psn\n|\n|-damage|p2a: Deoxys|177/226 psn|[from] psn\n|upkeep\n|turn|9\n|\n|t:|1724343076\n|switch|p2a: Scream Tail|Scream Tail, L84|330/330\n|move|p1a: Samurott|Ceaseless Edge|p2a: Scream Tail\n|-damage|p2a: Scream Tail|197/330\n|-sidestart|p2: Beraldinhoo|Spikes\n|\n|-heal|p2a: Scream Tail|217/330|[from] item: Leftovers\n|upkeep\n|turn|10\n|\n|t:|1724343085\n|move|p2a: Scream Tail|Play Rough|p1a: Samurott\n|-supereffective|p1a: Samurott\n|-damage|p1a: Samurott|103/265\n|move|p1a: Samurott|Ceaseless Edge|p2a: Scream Tail\n|-damage|p2a: Scream Tail|84/330\n|-sidestart|p2: Beraldinhoo|Spikes\n|\n|-heal|p2a: Scream Tail|104/330|[from] item: Leftovers\n|upkeep\n|turn|11\n|\n|t:|1724343099\n|switch|p1a: Mightyena|Mightyena, L95, F|287/287\n|-ability|p1a: Mightyena|Intimidate|boost\n|-unboost|p2a: Scream Tail|atk|1\n|move|p2a: Scream Tail|Play Rough|p1a: Mightyena\n|-supereffective|p1a: Mightyena\n|-damage|p1a: Mightyena|195/287\n|\n|-heal|p2a: Scream Tail|124/330|[from] item: Leftovers\n|upkeep\n|turn|12\n|\n|t:|1724343105\n|move|p2a: Scream Tail|Protect|p2a: Scream Tail\n|-singleturn|p2a: Scream Tail|Protect\n|move|p1a: Mightyena|Poison Fang|p2a: Scream Tail\n|-activate|p2a: Scream Tail|move: Protect\n|\n|-heal|p2a: Scream Tail|144/330|[from] item: Leftovers\n|upkeep\n|turn|13\n|\n|t:|1724343123\n|-end|p2a: Scream Tail|Protosynthesis|[silent]\n|switch|p2a: Annihilape|Annihilape, L76, M|292/292\n|-damage|p2a: Annihilape|244/292|[from] Spikes\n|move|p1a: Mightyena|Throat Chop|p2a: Annihilape\n|-damage|p2a: Annihilape|118/292\n|-start|p2a: Annihilape|Throat Chop|[silent]\n|\n|upkeep\n|turn|14\n|\n|t:|1724343135\n|move|p1a: Mightyena|Throat Chop|p2a: Annihilape\n|-damage|p2a: Annihilape|0 fnt\n|faint|p2a: Annihilape\n|\n|upkeep\n|\n|t:|1724343145\n|switch|p2a: Chien-Pao|Chien-Pao, L72|234/234\n|-damage|p2a: Chien-Pao|195/234|[from] Spikes\n|-ability|p2a: Chien-Pao|Sword of Ruin\n|turn|15\n|\n|t:|1724343154\n|switch|p1a: Venusaur|Venusaur, L84, F|59/272 par\n|move|p2a: Chien-Pao|Sacred Sword|p1a: Venusaur\n|-resisted|p1a: Venusaur\n|-damage|p1a: Venusaur|0 fnt\n|faint|p1a: Venusaur\n|\n|upkeep\n|\n|t:|1724343159\n|switch|p1a: Delphox|Delphox, L84, M|263/263\n|turn|16\n|\n|t:|1724343163\n|switch|p2a: Deoxys|Deoxys-Defense, L86|177/226 psn\n|-damage|p2a: Deoxys|140/226 psn|[from] Spikes\n|-ability|p2a: Deoxys|Pressure\n|move|p1a: Delphox|Fire Blast|p2a: Deoxys\n|-damage|p2a: Deoxys|11/226 psn\n|\n|-damage|p2a: Deoxys|0 fnt|[from] psn\n|faint|p2a: Deoxys\n|upkeep\n|\n|t:|1724343166\n|switch|p2a: Klawf|Klawf, L90, F|272/272\n|-damage|p2a: Klawf|227/272|[from] Spikes\n|turn|17\n|\n|t:|1724343171\n|switch|p1a: Mightyena|Mightyena, L95, F|195/287\n|-ability|p1a: Mightyena|Intimidate|boost\n|-unboost|p2a: Klawf|atk|1\n|move|p2a: Klawf|Stealth Rock|p1a: Mightyena\n|-sidestart|p1: Washeroscar|move: Stealth Rock\n|\n|upkeep\n|turn|18\n|\n|t:|1724343179\n|move|p1a: Mightyena|Throat Chop|p2a: Klawf\n|-damage|p2a: Klawf|145/272\n|-start|p2a: Klawf|Throat Chop|[silent]\n|move|p2a: Klawf|Stone Edge|p1a: Mightyena|[miss]\n|-miss|p2a: Klawf|p1a: Mightyena\n|\n|upkeep\n|turn|19\n|\n|t:|1724343185\n|move|p1a: Mightyena|Throat Chop|p2a: Klawf\n|-damage|p2a: Klawf|72/272\n|move|p2a: Klawf|Stone Edge|p1a: Mightyena\n|-crit|p1a: Mightyena\n|-damage|p1a: Mightyena|0 fnt\n|faint|p1a: Mightyena\n|-damage|p2a: Klawf|45/272|[from] item: Life Orb\n|\n|-end|p2a: Klawf|Throat Chop|[silent]\n|upkeep\n|\n|t:|1724343196\n|switch|p1a: Iron Crown|Iron Crown, L79|272/272\n|-damage|p1a: Iron Crown|255/272|[from] Stealth Rock\n|turn|20\n|\n|t:|1724343202\n|move|p1a: Iron Crown|Tachyon Cutter|p2a: Klawf\n|-supereffective|p2a: Klawf\n|-damage|p2a: Klawf|0 fnt\n|faint|p2a: Klawf\n|-hitcount|p2: Klawf|1\n|\n|-heal|p1a: Iron Crown|272/272|[from] item: Leftovers\n|upkeep\n|\n|t:|1724343206\n|switch|p2a: Chien-Pao|Chien-Pao, L72|195/234\n|-damage|p2a: Chien-Pao|156/234|[from] Spikes\n|-ability|p2a: Chien-Pao|Sword of Ruin\n|turn|21\n|\n|t:|1724343213\n|-end|p1a: Iron Crown|Quark Drive|[silent]\n|switch|p1a: Samurott|Samurott-Hisui, L77, M|103/265\n|-damage|p1a: Samurott|70/265|[from] Stealth Rock\n|-terastallize|p2a: Chien-Pao|Ice\n|move|p2a: Chien-Pao|Icicle Crash|p1a: Samurott\n|-resisted|p1a: Samurott\n|-damage|p1a: Samurott|0 fnt\n|faint|p1a: Samurott\n|\n|upkeep\n|\n|t:|1724343219\n|switch|p1a: Iron Crown|Iron Crown, L79|272/272\n|-damage|p1a: Iron Crown|255/272|[from] Stealth Rock\n|turn|22\n|\n|t:|1724343231\n|switch|p2a: Magnezone|Magnezone, L85|258/258\n|-damage|p2a: Magnezone|215/258|[from] Spikes\n|move|p1a: Iron Crown|Calm Mind|p1a: Iron Crown\n|-boost|p1a: Iron Crown|spa|1\n|-boost|p1a: Iron Crown|spd|1\n|\n|-heal|p1a: Iron Crown|272/272|[from] item: Leftovers\n|-heal|p2a: Magnezone|231/258|[from] item: Leftovers\n|upkeep\n|turn|23\n|\n|t:|1724343234\n|switch|p2a: Scream Tail|Scream Tail, L84|144/330\n|-damage|p2a: Scream Tail|89/330|[from] Spikes\n|move|p1a: Iron Crown|Focus Blast|p2a: Scream Tail|[miss]\n|-miss|p1a: Iron Crown|p2a: Scream Tail\n|\n|-heal|p2a: Scream Tail|109/330|[from] item: Leftovers\n|upkeep\n|turn|24\n|\n|t:|1724343237\n|move|p2a: Scream Tail|Thunder Wave|p1a: Iron Crown\n|-status|p1a: Iron Crown|par\n|move|p1a: Iron Crown|Tachyon Cutter|p2a: Scream Tail\n|-supereffective|p2a: Scream Tail\n|-damage|p2a: Scream Tail|0 fnt\n|faint|p2a: Scream Tail\n|-end|p2a: Scream Tail|Protosynthesis|[silent]\n|-hitcount|p2: Scream Tail|1\n|\n|upkeep\n|\n|t:|1724343244\n|switch|p2a: Magnezone|Magnezone, L85|231/258\n|-damage|p2a: Magnezone|188/258|[from] Spikes\n|turn|25\n|\n|t:|1724343247\n|move|p2a: Magnezone|Iron Defense|p2a: Magnezone\n|-boost|p2a: Magnezone|def|2\n|move|p1a: Iron Crown|Focus Blast|p2a: Magnezone\n|-supereffective|p2a: Magnezone\n|-damage|p2a: Magnezone|0 fnt\n|faint|p2a: Magnezone\n|\n|upkeep\n|\n|t:|1724343249\n|switch|p2a: Chien-Pao|Chien-Pao, L72, tera:Ice|156/234\n|-damage|p2a: Chien-Pao|117/234|[from] Spikes\n|-ability|p2a: Chien-Pao|Sword of Ruin\n|turn|26\n|\n|t:|1724343262\n|move|p2a: Chien-Pao|Icicle Crash|p1a: Iron Crown\n|-resisted|p1a: Iron Crown\n|-damage|p1a: Iron Crown|172/272 par\n|move|p1a: Iron Crown|Tachyon Cutter|p2a: Chien-Pao\n|-supereffective|p2a: Chien-Pao\n|-damage|p2a: Chien-Pao|0 fnt\n|faint|p2a: Chien-Pao\n|-hitcount|p2: Chien-Pao|1\n|\n|win|Washeroscar\n|raw|Washeroscar's rating: 2220 &rarr; <strong>2243</strong><br />(+23 for winning)\n|raw|Beraldinhoo's rating: 2271 &rarr; <strong>2248</strong><br />(-23 for losing)\n|l|\u2606Beraldinhoo\n|player|p2|\n|l|\u2606Washeroscar\n|player|p1|\n", "inputlog": ">version 6a1360c35b8aa5f7d54e32a492626d5298caa6f7\n>start {\"formatid\":\"gen9randombattle\",\"seed\":[58827,30649,2677,24852],\"rated\":\"Rated battle\"}\n>player p1 {\"name\":\"Washeroscar\",\"avatar\":\"hiker-gen4\",\"rating\":2220,\"seed\":[54,58166,27867,16918]}\n>player p2 {\"name\":\"Beraldinhoo\",\"avatar\":\"#ruplxderangedhustlers\",\"rating\":2271,\"seed\":[59276,53865,5519,37181]}\n>p1 move focusblast\n>p2 switch 4\n>p1 switch 4\n>p2 move thunderwave\n>p1 move knockoff\n>p2 switch 2\n>p1 move knockoff\n>p2 move knockoff\n>p1 move sludgebomb\n>p2 move knockoff\n>p1 move sludgebomb\n>p2 move recover\n>p1 move synthesis\n>p2 move psychicnoise\n>p1 switch 5\n>p2 move recover\n>p1 move ceaselessedge\n>p2 switch 2\n>p1 move ceaselessedge\n>p2 move playrough\n>p1 switch 2\n>p2 move playrough\n>p1 move poisonfang\n>p2 move protect\n>p1 move throatchop\n>p2 switch 5\n>p1 move throatchop\n>p2 move drainpunch\n>p2 switch 6\n>p1 switch 5\n>p2 move sacredsword\n>p1 switch 4\n>p1 move fireblast\n>p2 switch 2\n>p2 switch 3\n>p1 switch 5\n>p2 move stealthrock\n>p1 move throatchop\n>p2 move stoneedge\n>p1 move throatchop\n>p2 move stoneedge\n>p1 switch 3\n>p1 move tachyoncutter\n>p2 move knockoff\n>p2 switch 2\n>p1 switch 2\n>p2 move iciclecrash terastallize\n>p1 switch 2\n>p1 move calmmind\n>p2 switch 4\n>p1 move focusblast\n>p2 switch 5\n>p1 move tachyoncutter\n>p2 move thunderwave\n>p2 switch 5\n>p1 move focusblast\n>p2 move irondefense\n>p2 switch 4\n>p1 move tachyoncutter\n>p2 move iciclecrash", "uploadtime": 1724343422, "views": 114, "formatid": "gen9randombattle", "rating": 2243, "private": 0, "password": null}