{"id": "gen9randombattle-2260654184", "format": "[Gen 9] Random Battle", "players": ["SXD2002", "Jo8h"], "log": "|j|\u2606SXD2002\n|j|\u2606Jo8h\n|t:|1733874303\n|gametype|singles\n|player|p1|SXD2002|1|1877\n|player|p2|Jo8h|2|1867\n|teamsize|p1|6\n|teamsize|p2|6\n|gen|9\n|tier|[Gen 9] Random Battle\n|rated|\n|rule|Species Clause: Limit one of each Pok\u00e9mon\n|rule|HP Percentage Mod: HP is shown in percentages\n|rule|Sleep Clause Mod: Limit one foe put to sleep\n|rule|Illusion Level Mod: Illusion disguises the Pok\u00e9mon's true level\n|\n|t:|1733874303\n|start\n|switch|p1a: Terrakion|Terrakion, L79|273/273\n|switch|p2a: Dragonite|Dragonite, L74, M|257/257\n|turn|1\n|inactive|Battle timer is ON: inactive players will automatically lose when time's up. (requested by Jo8h)\n|\n|t:|1733874313\n|switch|p2a: Gholdengo|Gholdengo, L77|261/261\n|move|p1a: Terrakion|Stone Edge|p2a: Gholdengo|[miss]\n|-miss|p1a: Terrakion|p2a: Gholdengo\n|\n|upkeep\n|turn|2\n|\n|t:|1733874323\n|switch|p1a: Plusle|Plusle, L95, F|268/268\n|move|p2a: Gholdengo|Shadow Ball|p1a: Plusle\n|-damage|p1a: Plusle|183/268\n|\n|upkeep\n|turn|3\n|\n|t:|1733874329\n|switch|p1a: Cyclizar|Cyclizar, L83, F|252/252\n|move|p2a: Gholdengo|Shadow Ball|p1a: Cyclizar\n|-immune|p1a: Cyclizar\n|\n|upkeep\n|turn|4\n|\n|t:|1733874339\n|switch|p2a: Meowstic|Meowstic, L89, M|277/277\n|move|p1a: Cyclizar|Shed Tail|p1a: Cyclizar\n|-start|p1a: Cyclizar|Substitute|[from] move: Shed Tail\n|-damage|p1a: Cyclizar|126/252\n|\n|t:|1733874347\n|switch|p1a: Noivern|Noivern, L82, M|274/274|[from] Shed Tail\n|\n|upkeep\n|turn|5\n|\n|t:|1733874360\n|move|p2a: Meowstic|Light Screen|p2a: Meowstic\n|-sidestart|p2: Jo8h|move: Light Screen\n|move|p1a: Noivern|Draco Meteor|p2a: Meowstic|[miss]\n|-miss|p1a: Noivern|p2a: Meowstic\n|\n|upkeep\n|turn|6\n|\n|t:|1733874366\n|move|p1a: Noivern|Draco Meteor|p2a: Meowstic|[miss]\n|-miss|p1a: Noivern|p2a: Meowstic\n|move|p2a: Meowstic|Psychic Noise|p1a: Noivern\n|-damage|p1a: Noivern|181/274\n|-start|p1a: Noivern|move: Heal Block\n|\n|upkeep\n|turn|7\n|\n|t:|1733874374\n|move|p1a: Noivern|Hurricane|p2a: Meowstic\n|-damage|p2a: Meowstic|157/277\n|move|p2a: Meowstic|Psychic Noise|p1a: Noivern\n|-damage|p1a: Noivern|99/274\n|\n|-end|p1a: Noivern|move: Heal Block\n|upkeep\n|turn|8\n|\n|t:|1733874400\n|switch|p2a: Gholdengo|Gholdengo, L77|261/261\n|move|p1a: Noivern|Roost|p1a: Noivern\n|-heal|p1a: Noivern|236/274\n|-singleturn|p1a: Noivern|move: Roost\n|\n|upkeep\n|turn|9\n|\n|t:|1733874406\n|move|p2a: Gholdengo|Shadow Ball|p1a: Noivern\n|-end|p1a: Noivern|Substitute\n|move|p1a: Noivern|Flamethrower|p2a: Gholdengo\n|-supereffective|p2a: Gholdengo\n|-damage|p2a: Gholdengo|127/261\n|\n|upkeep\n|turn|10\n|\n|t:|1733874412\n|move|p2a: Gholdengo|Shadow Ball|p1a: Noivern\n|-damage|p1a: Noivern|127/274\n|move|p1a: Noivern|Flamethrower|p2a: Gholdengo\n|-supereffective|p2a: Gholdengo\n|-crit|p2a: Gholdengo\n|-damage|p2a: Gholdengo|0 fnt\n|faint|p2a: Gholdengo\n|\n|upkeep\n|\n|t:|1733874422\n|switch|p2a: Golduck|Golduck, L90, M|290/290\n|-ability|p2a: Golduck|Cloud Nine\n|turn|11\n|\n|t:|1733874426\n|switch|p1a: Infernape|Infernape, L82, M|259/259\n|move|p2a: Golduck|Ice Beam|p1a: Infernape\n|-resisted|p1a: Infernape\n|-damage|p1a: Infernape|204/259\n|-damage|p2a: Golduck|261/290|[from] item: Life Orb\n|\n|upkeep\n|turn|12\n|inactive|Jo8h has 120 seconds left.\n|inactive|Jo8h has 90 seconds left.\n|\n|t:|1733874487\n|switch|p1a: Cyclizar|Cyclizar, L83, F|210/252\n|move|p2a: Golduck|Hydro Pump|p1a: Cyclizar\n|-resisted|p1a: Cyclizar\n|-damage|p1a: Cyclizar|97/252\n|-damage|p2a: Golduck|232/290|[from] item: Life Orb\n|\n|-sideend|p2: Jo8h|move: Light Screen\n|upkeep\n|turn|13\n|inactive|SXD2002 has 120 seconds left.\n|\n|t:|1733874502\n|move|p1a: Cyclizar|Knock Off|p2a: Golduck\n|-damage|p2a: Golduck|158/290\n|-enditem|p2a: Golduck|Life Orb|[from] move: Knock Off|[of] p1a: Cyclizar\n|move|p2a: Golduck|Hydro Pump|p1a: Cyclizar\n|-resisted|p1a: Cyclizar\n|-damage|p1a: Cyclizar|12/252\n|\n|upkeep\n|turn|14\n|\n|t:|1733874512\n|switch|p1a: Bellossom|Bellossom, L84, F|263/263\n|move|p2a: Golduck|Hydro Pump|p1a: Bellossom\n|-resisted|p1a: Bellossom\n|-damage|p1a: Bellossom|205/263\n|\n|-heal|p1a: Bellossom|221/263|[from] item: Leftovers\n|upkeep\n|turn|15\n|\n|t:|1733874516\n|move|p2a: Golduck|Ice Beam|p1a: Bellossom\n|-supereffective|p1a: Bellossom\n|-damage|p1a: Bellossom|79/263\n|-status|p1a: Bellossom|frz\n|cant|p1a: Bellossom|frz\n|\n|-heal|p1a: Bellossom|95/263 frz|[from] item: Leftovers\n|upkeep\n|turn|16\n|\n|t:|1733874520\n|move|p2a: Golduck|Ice Beam|p1a: Bellossom\n|-supereffective|p1a: Bellossom\n|-damage|p1a: Bellossom|0 fnt\n|faint|p1a: Bellossom\n|\n|upkeep\n|\n|t:|1733874525\n|switch|p1a: Plusle|Plusle, L95, F|183/268\n|turn|17\n|\n|t:|1733874537\n|move|p1a: Plusle|Thunderbolt|p2a: Golduck\n|-supereffective|p2a: Golduck\n|-damage|p2a: Golduck|0 fnt\n|faint|p2a: Golduck\n|-damage|p1a: Plusle|157/268|[from] item: Life Orb\n|\n|upkeep\n|\n|t:|1733874541\n|switch|p2a: Meowstic|Meowstic, L89, M|157/277\n|turn|18\n|\n|t:|1733874547\n|move|p2a: Meowstic|Light Screen|p2a: Meowstic\n|-sidestart|p2: Jo8h|move: Light Screen\n|move|p1a: Plusle|Encore|p2a: Meowstic\n|-start|p2a: Meowstic|Encore\n|\n|upkeep\n|turn|19\n|\n|t:|1733874555\n|switch|p2a: Iron Hands|Iron Hands, L79|373/373\n|move|p1a: Plusle|Nasty Plot|p1a: Plusle\n|-boost|p1a: Plusle|spa|2\n|\n|upkeep\n|turn|20\n|\n|t:|1733874560\n|move|p1a: Plusle|Alluring Voice|p2a: Iron Hands\n|-supereffective|p2a: Iron Hands\n|-crit|p2a: Iron Hands\n|-damage|p2a: Iron Hands|0 fnt\n|faint|p2a: Iron Hands\n|-end|p2a: Iron Hands|Quark Drive|[silent]\n|-damage|p1a: Plusle|131/268|[from] item: Life Orb\n|\n|upkeep\n|l|\u2606Jo8h\n|inactive|Jo8h disconnected and has a minute to reconnect!\n|player|p2|\n|inactive|Jo8h has 30 seconds to reconnect!\n|inactive|Jo8h has 20 seconds to reconnect!\n|inactive|Jo8h has 15 seconds to reconnect!\n|inactive|Jo8h has 10 seconds to reconnect!\n|inactive|Jo8h has 5 seconds to reconnect!\n|-message|Jo8h lost due to inactivity.\n|\n|win|SXD2002\n|raw|SXD2002's rating: 1877 &rarr; <strong>1896</strong><br />(+19 for winning)\n|raw|Jo8h's rating: 1867 &rarr; <strong>1848</strong><br />(-19 for losing)\n", "inputlog": ">version bfd83cad13791eb5a5a409923076391caf6fb4d4\n>start {\"formatid\":\"gen9randombattle\",\"seed\":[26551,2373,40074,52349],\"rated\":\"Rated battle\"}\n>player p1 {\"name\":\"SXD2002\",\"avatar\":\"1\",\"rating\":1877,\"seed\":[21789,55722,30000,26363]}\n>player p2 {\"name\":\"Jo8h\",\"avatar\":\"2\",\"rating\":1867,\"seed\":[57473,33886,39638,51441]}\n>p1 move stoneedge\n>p2 switch 6\n>p1 switch 6\n>p2 move shadowball\n>p1 switch 5\n>p2 move shadowball\n>p1 move shedtail\n>p2 switch 5\n>p1 switch 2\n>p1 move dracometeor\n>p2 move lightscreen\n>p1 move dracometeor\n>p2 move psychicnoise\n>p1 move hurricane\n>p2 move psychicnoise\n>p1 move roost\n>p2 switch 5\n>p1 move flamethrower\n>p2 move shadowball\n>p1 move flamethrower\n>p2 move shadowball\n>p2 switch 4\n>p1 switch 4\n>p2 move icebeam\n>p1 switch 2\n>p2 move hydropump\n>p1 move knockoff\n>p2 move hydropump\n>p1 switch 3\n>p2 move hydropump\n>p1 move sleeppowder\n>p2 move icebeam\n>p1 move quiverdance\n>p2 move icebeam\n>p1 switch 5\n>p1 move thunderbolt\n>p2 move hydropump\n>p2 switch 5\n>p1 move encore\n>p2 move lightscreen\n>p1 move nastyplot\n>p2 switch 2\n>p1 move alluringvoice\n>p2 move drainpunch\n>forcelose p2", "uploadtime": 1733874624, "views": 8, "formatid": "gen9randombattle", "rating": 1848, "private": 0, "password": null}