{"id": "gen9randombattle-2260091633", "format": "[Gen 9] Random Battle", "players": ["Bigharry74", "kdkdkkdkdksks"], "log": "|j|\u2606Bigharry74\n|j|\u2606kdkdkkdkdksks\n|t:|1733801218\n|gametype|singles\n|player|p1|Bigharry74|101|1183\n|player|p2|kdkdkkdkdksks|1|1142\n|teamsize|p1|6\n|teamsize|p2|6\n|gen|9\n|tier|[Gen 9] Random Battle\n|rated|\n|rule|Species Clause: Limit one of each Pok\u00e9mon\n|rule|HP Percentage Mod: HP is shown in percentages\n|rule|Sleep Clause Mod: Limit one foe put to sleep\n|rule|Illusion Level Mod: Illusion disguises the Pok\u00e9mon's true level\n|\n|t:|1733801218\n|start\n|switch|p1a: Brambleghast|Brambleghast, L88, F|240/240\n|switch|p2a: Goodra|Goodra-Hisui, L82, M|265/265\n|turn|1\n|inactive|Battle timer is ON: inactive players will automatically lose when time's up. (requested by Bigharry74)\n|\n|t:|1733801231\n|move|p1a: Brambleghast|Leech Seed|p2a: Goodra\n|-ability|p2a: Goodra|Sap Sipper|boost\n|-boost|p2a: Goodra|atk|1\n|move|p2a: Goodra|Heavy Slam|p1a: Brambleghast\n|-damage|p1a: Brambleghast|17/240\n|\n|-heal|p1a: Brambleghast|32/240|[from] item: Leftovers\n|upkeep\n|turn|2\n|\n|t:|1733801238\n|move|p1a: Brambleghast|Leech Seed|p2a: Goodra\n|-ability|p2a: Goodra|Sap Sipper|boost\n|-boost|p2a: Goodra|atk|1\n|move|p2a: Goodra|Heavy Slam|p1a: Brambleghast\n|-damage|p1a: Brambleghast|0 fnt\n|faint|p1a: Brambleghast\n|\n|upkeep\n|\n|t:|1733801251\n|switch|p1a: Electivire|Electivire, L84, M|263/263\n|turn|3\n|\n|t:|1733801257\n|move|p1a: Electivire|Earthquake|p2a: Goodra\n|-supereffective|p2a: Goodra\n|-damage|p2a: Goodra|67/265\n|-damage|p1a: Electivire|237/263|[from] item: Life Orb\n|move|p2a: Goodra|Earthquake|p1a: Electivire\n|-supereffective|p1a: Electivire\n|-damage|p1a: Electivire|0 fnt\n|faint|p1a: Electivire\n|\n|upkeep\n|\n|t:|1733801272\n|switch|p1a: Lycanroc|Lycanroc-Dusk, L80, M|251/251\n|turn|4\n|\n|t:|1733801279\n|move|p1a: Lycanroc|Close Combat|p2a: Goodra\n|-supereffective|p2a: Goodra\n|-damage|p2a: Goodra|0 fnt\n|-unboost|p1a: Lycanroc|def|1\n|-unboost|p1a: Lycanroc|spd|1\n|faint|p2a: Goodra\n|\n|upkeep\n|\n|t:|1733801286\n|switch|p2a: Tsareena|Tsareena, L87, F|267/267\n|turn|5\n|\n|t:|1733801289\n|move|p1a: Lycanroc|Close Combat|p2a: Tsareena\n|-damage|p2a: Tsareena|118/267\n|-unboost|p1a: Lycanroc|def|1\n|-unboost|p1a: Lycanroc|spd|1\n|move|p2a: Tsareena|Power Whip|p1a: Lycanroc\n|-supereffective|p1a: Lycanroc\n|-damage|p1a: Lycanroc|0 fnt\n|faint|p1a: Lycanroc\n|\n|upkeep\n|\n|t:|1733801292\n|switch|p1a: Blaziken|Blaziken, L76, F|247/247\n|turn|6\n|inactive|kdkdkkdkdksks has 120 seconds left.\n|\n|t:|1733801323\n|move|p2a: Tsareena|High Jump Kick|p1a: Blaziken|[miss]\n|-miss|p2a: Tsareena|p1a: Blaziken\n|-damage|p2a: Tsareena|0 fnt|[from] highjumpkick\n|faint|p2a: Tsareena\n|move|p1a: Blaziken|Flare Blitz|p2: Tsareena|[notarget]\n|-fail|p1a: Blaziken\n|\n|-ability|p1a: Blaziken|Speed Boost|boost\n|-boost|p1a: Blaziken|spe|1\n|upkeep\n|inactive|kdkdkkdkdksks has 120 seconds left.\n|\n|t:|1733801330\n|switch|p2a: Arceus|Arceus-Ghost, L69|280/280\n|turn|7\n|\n|t:|1733801335\n|move|p1a: Blaziken|Knock Off|p2a: Arceus\n|-supereffective|p2a: Arceus\n|-damage|p2a: Arceus|173/280\n|-damage|p1a: Blaziken|223/247|[from] item: Life Orb\n|move|p2a: Arceus|Judgment|p1a: Blaziken\n|-damage|p1a: Blaziken|100/247\n|\n|-ability|p1a: Blaziken|Speed Boost|boost\n|-boost|p1a: Blaziken|spe|1\n|upkeep\n|turn|8\n|\n|t:|1733801353\n|move|p1a: Blaziken|Flare Blitz|p2a: Arceus\n|-damage|p2a: Arceus|25/280\n|-damage|p1a: Blaziken|51/247|[from] Recoil\n|-damage|p1a: Blaziken|27/247|[from] item: Life Orb\n|move|p2a: Arceus|Judgment|p1a: Blaziken\n|-damage|p1a: Blaziken|0 fnt\n|faint|p1a: Blaziken\n|\n|upkeep\n|\n|t:|1733801359\n|switch|p1a: Mightyena|Mightyena, L95, F|287/287\n|-ability|p1a: Mightyena|Intimidate|boost\n|-unboost|p2a: Arceus|atk|1\n|turn|9\n|\n|t:|1733801377\n|move|p1a: Mightyena|Sucker Punch||[still]\n|-fail|p1a: Mightyena\n|move|p2a: Arceus|Will-O-Wisp|p1a: Mightyena|[miss]\n|-miss|p2a: Arceus|p1a: Mightyena\n|\n|upkeep\n|turn|10\n|\n|t:|1733801383\n|move|p2a: Arceus|Focus Blast|p1a: Mightyena|[miss]\n|-miss|p2a: Arceus|p1a: Mightyena\n|move|p1a: Mightyena|Throat Chop|p2a: Arceus\n|-supereffective|p2a: Arceus\n|-damage|p2a: Arceus|0 fnt\n|faint|p2a: Arceus\n|\n|upkeep\n|\n|t:|1733801387\n|switch|p2a: Venomoth|Venomoth, L84, M|255/255\n|turn|11\n|\n|t:|1733801397\n|move|p2a: Venomoth|Sleep Powder|p1a: Mightyena|[miss]\n|-miss|p2a: Venomoth|p1a: Mightyena\n|move|p1a: Mightyena|Super Fang|p2a: Venomoth\n|-damage|p2a: Venomoth|128/255\n|\n|upkeep\n|turn|12\n|inactive|Bigharry74 has 120 seconds left.\n|\n|t:|1733801438\n|move|p2a: Venomoth|Sleep Powder|p1a: Mightyena\n|-status|p1a: Mightyena|slp|[from] move: Sleep Powder\n|cant|p1a: Mightyena|slp\n|\n|upkeep\n|turn|13\n|\n|t:|1733801457\n|move|p2a: Venomoth|Bug Buzz|p1a: Mightyena\n|-supereffective|p1a: Mightyena\n|-damage|p1a: Mightyena|143/287 slp\n|-curestatus|p1a: Mightyena|slp|[msg]\n|move|p1a: Mightyena|Throat Chop|p2a: Venomoth\n|-damage|p2a: Venomoth|0 fnt\n|faint|p2a: Venomoth\n|\n|upkeep\n|\n|t:|1733801460\n|switch|p2a: Vileplume|Vileplume, L85, M|266/266\n|turn|14\n|inactive|Bigharry74 has 120 seconds left.\n|\n|t:|1733801485\n|move|p1a: Mightyena|Super Fang|p2a: Vileplume\n|-damage|p2a: Vileplume|133/266\n|move|p2a: Vileplume|Strength Sap|p1a: Mightyena\n|-unboost|p1a: Mightyena|atk|1\n|-heal|p2a: Vileplume|266/266\n|\n|upkeep\n|turn|15\n|\n|t:|1733801495\n|move|p1a: Mightyena|Super Fang|p2a: Vileplume\n|-damage|p2a: Vileplume|133/266\n|move|p2a: Vileplume|Leech Seed|p1a: Mightyena\n|-start|p1a: Mightyena|move: Leech Seed\n|\n|-heal|p2a: Vileplume|149/266|[from] item: Leftovers\n|-damage|p1a: Mightyena|108/287|[from] Leech Seed|[of] p2a: Vileplume\n|-heal|p2a: Vileplume|184/266|[silent]\n|upkeep\n|turn|16\n|\n|t:|1733801498\n|move|p1a: Mightyena|Super Fang|p2a: Vileplume\n|-damage|p2a: Vileplume|92/266\n|-status|p1a: Mightyena|slp|[from] ability: Effect Spore|[of] p2a: Vileplume\n|move|p2a: Vileplume|Strength Sap|p1a: Mightyena\n|-unboost|p1a: Mightyena|atk|1\n|-heal|p2a: Vileplume|242/266\n|\n|-heal|p2a: Vileplume|258/266|[from] item: Leftovers\n|-damage|p1a: Mightyena|73/287 slp|[from] Leech Seed|[of] p2a: Vileplume\n|-heal|p2a: Vileplume|266/266|[silent]\n|upkeep\n|turn|17\n|inactive|Bigharry74 has 120 seconds left.\n|\n|t:|1733801526\n|cant|p1a: Mightyena|slp\n|move|p2a: Vileplume|Giga Drain|p1a: Mightyena\n|-damage|p1a: Mightyena|7/287 slp\n|\n|-damage|p1a: Mightyena|0 fnt|[from] Leech Seed|[of] p2a: Vileplume\n|faint|p1a: Mightyena\n|upkeep\n|\n|t:|1733801535\n|switch|p1a: Espathra|Espathra, L80, F|283/283\n|turn|18\n|\n|t:|1733801544\n|move|p1a: Espathra|Substitute|p1a: Espathra\n|-start|p1a: Espathra|Substitute\n|-damage|p1a: Espathra|213/283\n|move|p2a: Vileplume|Sludge Bomb|p1a: Espathra\n|-end|p1a: Espathra|Substitute\n|\n|-heal|p1a: Espathra|230/283|[from] item: Leftovers\n|-ability|p1a: Espathra|Speed Boost|boost\n|-boost|p1a: Espathra|spe|1\n|upkeep\n|turn|19\n|inactive|Bigharry74 has 120 seconds left.\n|\n|t:|1733801553\n|move|p1a: Espathra|Calm Mind|p1a: Espathra\n|-boost|p1a: Espathra|spa|1\n|-boost|p1a: Espathra|spd|1\n|move|p2a: Vileplume|Sludge Bomb|p1a: Espathra\n|-damage|p1a: Espathra|124/283\n|\n|-heal|p1a: Espathra|141/283|[from] item: Leftovers\n|-ability|p1a: Espathra|Speed Boost|boost\n|-boost|p1a: Espathra|spe|1\n|upkeep\n|turn|20\n|\n|t:|1733801563\n|-terastallize|p2a: Vileplume|Steel\n|move|p1a: Espathra|Stored Power|p2a: Vileplume\n|-resisted|p2a: Vileplume\n|-damage|p2a: Vileplume|194/266\n|move|p2a: Vileplume|Sludge Bomb|p1a: Espathra\n|-damage|p1a: Espathra|42/283\n|\n|-heal|p1a: Espathra|59/283|[from] item: Leftovers\n|-heal|p2a: Vileplume|210/266|[from] item: Leftovers\n|-ability|p1a: Espathra|Speed Boost|boost\n|-boost|p1a: Espathra|spe|1\n|upkeep\n|turn|21\n|\n|t:|1733801570\n|move|p1a: Espathra|Stored Power|p2a: Vileplume\n|-resisted|p2a: Vileplume\n|-damage|p2a: Vileplume|117/266\n|move|p2a: Vileplume|Sludge Bomb|p1a: Espathra\n|-damage|p1a: Espathra|0 fnt\n|faint|p1a: Espathra\n|\n|win|kdkdkkdkdksks\n|raw|Bigharry74's rating: 1183 &rarr; <strong>1156</strong><br />(-27 for losing)\n|raw|kdkdkkdkdksks's rating: 1162 &rarr; <strong>1189</strong><br />(+27 for winning)\n", "inputlog": ">version bfd83cad13791eb5a5a409923076391caf6fb4d4\n>start {\"formatid\":\"gen9randombattle\",\"seed\":[45815,25757,7590,57617],\"rated\":\"Rated battle\"}\n>player p1 {\"name\":\"Bigharry74\",\"avatar\":\"101\",\"rating\":1183,\"seed\":[28764,2013,54139,59745]}\n>player p2 {\"name\":\"kdkdkkdkdksks\",\"avatar\":\"1\",\"rating\":1142,\"seed\":[9541,63472,3604,54280]}\n>p1 move leechseed\n>p2 move heavyslam\n>p1 move leechseed\n>p2 move heavyslam\n>p1 switch 5\n>p1 move earthquake\n>p2 move earthquake\n>p1 switch 6\n>p1 move closecombat\n>p2 move earthquake\n>p2 switch 3\n>p1 move closecombat\n>p2 move powerwhip\n>p1 switch 2\n>p1 move flareblitz\n>p2 move highjumpkick\n>p2 switch 6\n>p1 move knockoff\n>p2 move judgment\n>p1 move flareblitz\n>p2 move judgment\n>p1 switch 3\n>p1 move suckerpunch\n>p2 move willowisp\n>p1 move throatchop\n>p2 move focusblast\n>p2 switch 5\n>p1 move superfang\n>p2 move sleeppowder\n>p1 move throatchop\n>p2 move sleeppowder\n>p1 move throatchop\n>p2 move bugbuzz\n>p2 switch 4\n>p1 move superfang\n>p2 move strengthsap\n>p1 move superfang\n>p2 move leechseed\n>p1 move superfang\n>p2 move strengthsap\n>p1 move superfang\n>p2 move gigadrain\n>p1 switch 4\n>p1 move substitute\n>p2 move sludgebomb\n>p1 move calmmind\n>p2 move sludgebomb\n>p1 move storedpower\n>p2 move sludgebomb terastallize\n>p1 move storedpower\n>p2 move sludgebomb", "uploadtime": 1733801572, "views": 14, "formatid": "gen9randombattle", "rating": 1156, "private": 0, "password": null}