{"id": "gen9randombattle-2129541342", "format": "[Gen 9] Random Battle", "players": ["YveltalNL", "dcenoris"], "log": "|badge|p1|silver|gen9randombattle|30-1\n|uhtml|medal-msg|<div class=\"broadcast-blue\">Curious what those medals under the avatar are? PS now has Ladder Seasons! For more information, check out the <a href=\"https://www.smogon.com/forums/threads/3740067/\">thread on Smogon.</a></div>\n|badge|p2|bronze|gen9randombattle|100-1\n|uhtml|medal-msg|<div class=\"broadcast-blue\">Curious what those medals under the avatar are? PS now has Ladder Seasons! For more information, check out the <a href=\"https://www.smogon.com/forums/threads/3740067/\">thread on Smogon.</a></div>\n|j|\u2606YveltalNL\n|j|\u2606dcenoris\n|t:|1716550923\n|gametype|singles\n|player|p1|YveltalNL|#yveltalnl|2385\n|player|p2|dcenoris|lucas|2387\n|teamsize|p1|6\n|teamsize|p2|6\n|gen|9\n|tier|[Gen 9] Random Battle\n|rated|\n|rule|Species Clause: Limit one of each Pok\u00e9mon\n|rule|HP Percentage Mod: HP is shown in percentages\n|rule|Sleep Clause Mod: Limit one foe put to sleep\n|rule|Illusion Level Mod: Illusion disguises the Pok\u00e9mon's true level\n|\n|t:|1716550923\n|start\n|switch|p1a: Forretress|Forretress, L84, M|263/263\n|switch|p2a: Hippowdon|Hippowdon, L82, F|311/311\n|-weather|Sandstorm|[from] ability: Sand Stream|[of] p2a: Hippowdon\n|turn|1\n|\n|t:|1716550941\n|move|p2a: Hippowdon|Earthquake|p1a: Forretress\n|-damage|p1a: Forretress|178/263\n|move|p1a: Forretress|Spikes|p2a: Hippowdon\n|-sidestart|p2: dcenoris|Spikes\n|\n|-weather|Sandstorm|[upkeep]\n|-heal|p1a: Forretress|194/263|[from] item: Leftovers\n|upkeep\n|turn|2\n|\n|t:|1716550958\n|switch|p1a: Mamoswine|Mamoswine, L81, M|311/311\n|move|p2a: Hippowdon|Earthquake|p1a: Mamoswine\n|-damage|p1a: Mamoswine|196/311\n|\n|-weather|Sandstorm|[upkeep]\n|upkeep\n|turn|3\n|\n|t:|1716550966\n|switch|p2a: Rotom|Rotom-Frost, L86|226/226\n|move|p1a: Mamoswine|Icicle Crash|p2a: Rotom\n|-resisted|p2a: Rotom\n|-damage|p2a: Rotom|173/226\n|-damage|p1a: Mamoswine|165/311|[from] item: Life Orb\n|\n|-weather|Sandstorm|[upkeep]\n|-damage|p2a: Rotom|159/226|[from] Sandstorm\n|upkeep\n|turn|4\n|\n|t:|1716550971\n|move|p2a: Rotom|Will-O-Wisp|p1a: Mamoswine|[miss]\n|-miss|p2a: Rotom|p1a: Mamoswine\n|move|p1a: Mamoswine|Stealth Rock|p2a: Rotom\n|-sidestart|p2: dcenoris|move: Stealth Rock\n|\n|-weather|Sandstorm|[upkeep]\n|-damage|p2a: Rotom|145/226|[from] Sandstorm\n|upkeep\n|turn|5\n|\n|t:|1716550983\n|switch|p1a: Slowbro|Slowbro-Galar, L87, F|307/307\n|move|p2a: Rotom|Will-O-Wisp|p1a: Slowbro|[miss]\n|-miss|p2a: Rotom|p1a: Slowbro\n|\n|-weather|none\n|upkeep\n|turn|6\n|c|\u2606YveltalNL|jeez\n|\n|t:|1716550994\n|move|p2a: Rotom|Volt Switch|p1a: Slowbro\n|-damage|p1a: Slowbro|213/307\n|\n|t:|1716551002\n|switch|p2a: Hippowdon|Hippowdon, L82, F|311/311|[from] Volt Switch\n|-damage|p2a: Hippowdon|273/311|[from] Spikes\n|-damage|p2a: Hippowdon|254/311|[from] Stealth Rock\n|-weather|Sandstorm|[from] ability: Sand Stream|[of] p2a: Hippowdon\n|move|p1a: Slowbro|Psychic|p2a: Hippowdon\n|-damage|p2a: Hippowdon|128/311\n|\n|-weather|Sandstorm|[upkeep]\n|-damage|p1a: Slowbro|194/307|[from] Sandstorm\n|-heal|p1a: Slowbro|213/307|[from] item: Leftovers\n|upkeep\n|turn|7\n|\n|t:|1716551008\n|switch|p1a: Mamoswine|Mamoswine, L81, M|165/311\n|move|p2a: Hippowdon|Slack Off|p2a: Hippowdon\n|-heal|p2a: Hippowdon|284/311\n|\n|-weather|Sandstorm|[upkeep]\n|upkeep\n|turn|8\n|\n|t:|1716551012\n|switch|p2a: Rotom|Rotom-Frost, L86|145/226\n|move|p1a: Mamoswine|Icicle Crash|p2a: Rotom\n|-resisted|p2a: Rotom\n|-damage|p2a: Rotom|89/226\n|-damage|p1a: Mamoswine|134/311|[from] item: Life Orb\n|\n|-weather|Sandstorm|[upkeep]\n|-damage|p2a: Rotom|75/226|[from] Sandstorm\n|upkeep\n|turn|9\n|\n|t:|1716551017\n|switch|p1a: Slowbro|Slowbro-Galar, L87, F|307/307\n|move|p2a: Rotom|Thunderbolt|p1a: Slowbro\n|-damage|p1a: Slowbro|181/307\n|-status|p1a: Slowbro|par\n|\n|-weather|Sandstorm|[upkeep]\n|-damage|p2a: Rotom|61/226|[from] Sandstorm\n|-damage|p1a: Slowbro|162/307 par|[from] Sandstorm\n|-heal|p1a: Slowbro|181/307 par|[from] item: Leftovers\n|upkeep\n|turn|10\n|\n|t:|1716551024\n|move|p2a: Rotom|Blizzard|p1a: Slowbro\n|-damage|p1a: Slowbro|21/307 par\n|move|p1a: Slowbro|Psychic|p2a: Rotom\n|-damage|p2a: Rotom|0 fnt\n|faint|p2a: Rotom\n|\n|-weather|none\n|-heal|p1a: Slowbro|40/307 par|[from] item: Leftovers\n|upkeep\n|\n|t:|1716551033\n|switch|p2a: Hippowdon|Hippowdon, L82, F|284/311\n|-damage|p2a: Hippowdon|246/311|[from] Spikes\n|-damage|p2a: Hippowdon|227/311|[from] Stealth Rock\n|-weather|Sandstorm|[from] ability: Sand Stream|[of] p2a: Hippowdon\n|turn|11\n|\n|t:|1716551035\n|switch|p1a: Forretress|Forretress, L84, M|194/263\n|move|p2a: Hippowdon|Earthquake|p1a: Forretress\n|-damage|p1a: Forretress|112/263\n|\n|-weather|Sandstorm|[upkeep]\n|-heal|p1a: Forretress|128/263|[from] item: Leftovers\n|upkeep\n|turn|12\n|\n|t:|1716551040\n|move|p2a: Hippowdon|Earthquake|p1a: Forretress\n|-damage|p1a: Forretress|43/263\n|move|p1a: Forretress|Rapid Spin|p2a: Hippowdon\n|-damage|p2a: Hippowdon|199/311\n|-boost|p1a: Forretress|spe|1\n|-damage|p1a: Forretress|0 fnt|[from] item: Rocky Helmet|[of] p2a: Hippowdon\n|faint|p1a: Forretress\n|\n|-weather|Sandstorm|[upkeep]\n|upkeep\n|\n|t:|1716551046\n|switch|p1a: Mamoswine|Mamoswine, L81, M|134/311\n|turn|13\n|\n|t:|1716551051\n|switch|p2a: Houndstone|Houndstone, L86, F|264/264\n|-damage|p2a: Houndstone|231/264|[from] Spikes\n|-damage|p2a: Houndstone|198/264|[from] Stealth Rock\n|move|p1a: Mamoswine|Icicle Crash|p2a: Houndstone\n|-damage|p2a: Houndstone|84/264\n|-damage|p1a: Mamoswine|103/311|[from] item: Life Orb\n|\n|-weather|Sandstorm|[upkeep]\n|-damage|p2a: Houndstone|68/264|[from] Sandstorm\n|-heal|p2a: Houndstone|84/264|[from] item: Leftovers\n|upkeep\n|turn|14\n|\n|t:|1716551057\n|move|p1a: Mamoswine|Icicle Crash|p2a: Houndstone\n|-damage|p2a: Houndstone|0 fnt\n|faint|p2a: Houndstone\n|-damage|p1a: Mamoswine|72/311|[from] item: Life Orb\n|\n|-weather|Sandstorm|[upkeep]\n|upkeep\n|\n|t:|1716551062\n|switch|p2a: Cramorant|Cramorant, L86, F|261/261\n|turn|15\n|\n|t:|1716551065\n|switch|p1a: Plusle|Plusle, L95, F|268/268\n|move|p2a: Cramorant|Surf|p1a: Plusle\n|-formechange|p2a: Cramorant|Cramorant-Gulping|\n|-damage|p1a: Plusle|178/268\n|\n|-weather|none\n|upkeep\n|turn|16\n|\n|t:|1716551075\n|switch|p2a: Kilowattrel|Kilowattrel, L83, F|252/252\n|move|p1a: Plusle|Thunderbolt|p2a: Kilowattrel\n|-immune|p2a: Kilowattrel|[from] ability: Volt Absorb\n|\n|upkeep\n|turn|17\n|\n|t:|1716551081\n|move|p2a: Kilowattrel|Hurricane|p1a: Plusle\n|-resisted|p1a: Plusle\n|-crit|p1a: Plusle\n|-damage|p1a: Plusle|87/268\n|-start|p1a: Plusle|confusion\n|-activate|p1a: Plusle|confusion\n|-damage|p1a: Plusle|64/268|[from] confusion\n|\n|upkeep\n|turn|18\n|c|\u2606YveltalNL|Well\n|\n|t:|1716551086\n|move|p2a: Kilowattrel|Hurricane|p1a: Plusle\n|-resisted|p1a: Plusle\n|-damage|p1a: Plusle|3/268\n|-activate|p1a: Plusle|confusion\n|move|p1a: Plusle|Alluring Voice|p2a: Kilowattrel\n|-damage|p2a: Kilowattrel|144/252\n|-damage|p1a: Plusle|0 fnt|[from] item: Life Orb\n|faint|p1a: Plusle\n|\n|upkeep\n|\n|t:|1716551104\n|switch|p1a: Swampert|Swampert, L83, M|302/302\n|turn|19\n|\n|t:|1716551107\n|move|p2a: Kilowattrel|U-turn|p1a: Swampert\n|-damage|p1a: Swampert|262/302\n|\n|t:|1716551109\n|switch|p2a: Cramorant|Cramorant, L86, F|261/261|[from] U-turn\n|move|p1a: Swampert|Flip Turn|p2a: Cramorant\n|-resisted|p2a: Cramorant\n|-damage|p2a: Cramorant|212/261\n|\n|t:|1716551127\n|switch|p1a: Palkia|Palkia, L75|259/259|[from] Flip Turn\n|-ability|p1a: Palkia|Pressure\n|\n|upkeep\n|turn|20\n|\n|t:|1716551130\n|move|p1a: Palkia|Spacial Rend|p2a: Cramorant\n|-crit|p2a: Cramorant\n|-damage|p2a: Cramorant|56/261\n|move|p2a: Cramorant|Defog|p1a: Palkia\n|-unboost|p1a: Palkia|evasion|1\n|-sideend|p2: dcenoris|Spikes|[from] move: Defog|[of] p2a: Cramorant\n|-sideend|p2: dcenoris|Stealth Rock|[from] move: Defog|[of] p2a: Cramorant\n|\n|upkeep\n|turn|21\n|\n|t:|1716551134\n|switch|p2a: Umbreon|Umbreon, L84, F|297/297\n|move|p1a: Palkia|Spacial Rend|p2a: Umbreon\n|-damage|p2a: Umbreon|207/297\n|\n|-heal|p2a: Umbreon|225/297|[from] item: Leftovers\n|upkeep\n|turn|22\n|\n|t:|1716551143\n|switch|p1a: Slowbro|Slowbro-Galar, L87, F|142/307 par\n|move|p2a: Umbreon|Foul Play|p1a: Slowbro\n|-supereffective|p1a: Slowbro\n|-damage|p1a: Slowbro|0 fnt\n|faint|p1a: Slowbro\n|\n|-heal|p2a: Umbreon|243/297|[from] item: Leftovers\n|upkeep\n|\n|t:|1716551146\n|switch|p1a: Mamoswine|Mamoswine, L81, M|72/311\n|turn|23\n|\n|t:|1716551151\n|move|p1a: Mamoswine|Icicle Crash|p2a: Umbreon\n|-damage|p2a: Umbreon|121/297\n|-damage|p1a: Mamoswine|41/311|[from] item: Life Orb\n|move|p2a: Umbreon|Foul Play|p1a: Mamoswine\n|-damage|p1a: Mamoswine|0 fnt\n|faint|p1a: Mamoswine\n|\n|-heal|p2a: Umbreon|139/297|[from] item: Leftovers\n|upkeep\n|\n|t:|1716551156\n|switch|p1a: Palkia|Palkia, L75|259/259\n|-ability|p1a: Palkia|Pressure\n|turn|24\n|\n|t:|1716551159\n|-terastallize|p1a: Palkia|Water\n|move|p2a: Umbreon|Protect|p2a: Umbreon\n|-singleturn|p2a: Umbreon|Protect\n|move|p1a: Palkia|Hydro Pump|p2a: Umbreon\n|-activate|p2a: Umbreon|move: Protect\n|\n|-heal|p2a: Umbreon|157/297|[from] item: Leftovers\n|upkeep\n|turn|25\n|\n|t:|1716551168\n|switch|p2a: Kilowattrel|Kilowattrel, L83, F|144/252\n|move|p1a: Palkia|Hydro Pump|p2a: Kilowattrel\n|-damage|p2a: Kilowattrel|0 fnt\n|faint|p2a: Kilowattrel\n|\n|upkeep\n|\n|t:|1716551170\n|switch|p2a: Umbreon|Umbreon, L84, F|157/297\n|turn|26\n|\n|t:|1716551176\n|switch|p1a: Swampert|Swampert, L83, M|262/302\n|move|p2a: Umbreon|Protect||[still]\n|-fail|p2a: Umbreon\n|\n|-heal|p2a: Umbreon|175/297|[from] item: Leftovers\n|-heal|p1a: Swampert|280/302|[from] item: Leftovers\n|upkeep\n|turn|27\n|\n|t:|1716551178\n|move|p2a: Umbreon|Wish|p2a: Umbreon\n|move|p1a: Swampert|Knock Off|p2a: Umbreon\n|-resisted|p2a: Umbreon\n|-damage|p2a: Umbreon|145/297\n|-enditem|p2a: Umbreon|Leftovers|[from] move: Knock Off|[of] p1a: Swampert\n|\n|-heal|p1a: Swampert|298/302|[from] item: Leftovers\n|upkeep\n|turn|28\n|\n|t:|1716551181\n|move|p2a: Umbreon|Toxic|p1a: Swampert\n|-status|p1a: Swampert|tox\n|move|p1a: Swampert|Roar|p2a: Umbreon\n|drag|p2a: Cramorant|Cramorant, L86, F|56/261\n|\n|-heal|p2a: Cramorant|204/261|[from] move: Wish|[wisher] Umbreon\n|-heal|p1a: Swampert|302/302 tox|[from] item: Leftovers\n|-damage|p1a: Swampert|284/302 tox|[from] psn\n|upkeep\n|turn|29\n|\n|t:|1716551187\n|move|p2a: Cramorant|Surf|p1a: Swampert\n|-formechange|p2a: Cramorant|Cramorant-Gulping|\n|-damage|p1a: Swampert|187/302 tox\n|move|p1a: Swampert|Knock Off|p2a: Cramorant\n|-damage|p2a: Cramorant|102/261\n|-damage|p1a: Swampert|112/302 tox|[from] ability: Gulp Missile|[of] p2a: Cramorant\n|-unboost|p1a: Swampert|def|1\n|-formechange|p2a: Cramorant|Cramorant|\n|-enditem|p2a: Cramorant|Heavy-Duty Boots|[from] move: Knock Off|[of] p1a: Swampert\n|\n|-heal|p1a: Swampert|130/302 tox|[from] item: Leftovers\n|-damage|p1a: Swampert|94/302 tox|[from] psn\n|upkeep\n|turn|30\n|\n|t:|1716551201\n|move|p2a: Cramorant|Roost|p2a: Cramorant\n|-heal|p2a: Cramorant|233/261\n|-singleturn|p2a: Cramorant|move: Roost\n|move|p1a: Swampert|Earthquake|p2a: Cramorant\n|-damage|p2a: Cramorant|71/261\n|\n|-heal|p1a: Swampert|112/302 tox|[from] item: Leftovers\n|-damage|p1a: Swampert|58/302 tox|[from] psn\n|upkeep\n|turn|31\n|\n|t:|1716551210\n|move|p2a: Cramorant|Roost|p2a: Cramorant\n|-heal|p2a: Cramorant|202/261\n|-singleturn|p2a: Cramorant|move: Roost\n|move|p1a: Swampert|Earthquake|p2a: Cramorant\n|-damage|p2a: Cramorant|48/261\n|\n|-heal|p1a: Swampert|76/302 tox|[from] item: Leftovers\n|-damage|p1a: Swampert|4/302 tox|[from] psn\n|upkeep\n|turn|32\n|\n|t:|1716551217\n|move|p2a: Cramorant|Surf|p1a: Swampert\n|-formechange|p2a: Cramorant|Cramorant-Gorging|\n|-damage|p1a: Swampert|0 fnt\n|faint|p1a: Swampert\n|\n|upkeep\n|\n|t:|1716551219\n|switch|p1a: Palkia|Palkia, L75, tera:Water|259/259\n|-ability|p1a: Palkia|Pressure\n|turn|33\n|\n|t:|1716551222\n|move|p1a: Palkia|Hydro Pump|p2a: Cramorant\n|-resisted|p2a: Cramorant\n|-damage|p2a: Cramorant|0 fnt\n|-damage|p1a: Palkia|195/259|[from] ability: Gulp Missile|[of] p2a: Cramorant\n|-status|p1a: Palkia|par\n|-formechange|p2a: Cramorant|Cramorant|\n|faint|p2a: Cramorant\n|\n|upkeep\n|c|\u2606YveltalNL|umbreon walls the whole team lmao\n|\n|t:|1716551226\n|switch|p2a: Umbreon|Umbreon, L84, F|145/297\n|turn|34\n|\n|t:|1716551229\n|move|p2a: Umbreon|Protect|p2a: Umbreon\n|-singleturn|p2a: Umbreon|Protect\n|move|p1a: Palkia|Hydro Pump|p2a: Umbreon\n|-activate|p2a: Umbreon|move: Protect\n|\n|upkeep\n|turn|35\n|\n|t:|1716551235\n|move|p2a: Umbreon|Foul Play|p1a: Palkia\n|-damage|p1a: Palkia|113/259 par\n|move|p1a: Palkia|Hydro Pump|p2a: Umbreon\n|-damage|p2a: Umbreon|13/297\n|\n|upkeep\n|turn|36\n|\n|t:|1716551243\n|move|p2a: Umbreon|Protect|p2a: Umbreon\n|-singleturn|p2a: Umbreon|Protect\n|move|p1a: Palkia|Hydro Pump|p2a: Umbreon\n|-activate|p2a: Umbreon|move: Protect\n|\n|upkeep\n|turn|37\n|\n|t:|1716551250\n|move|p2a: Umbreon|Foul Play|p1a: Palkia\n|-damage|p1a: Palkia|19/259 par\n|move|p1a: Palkia|Hydro Pump|p2a: Umbreon\n|-damage|p2a: Umbreon|0 fnt\n|faint|p2a: Umbreon\n|\n|upkeep\n|\n|t:|1716551253\n|switch|p2a: Hippowdon|Hippowdon, L82, F|199/311\n|-weather|Sandstorm|[from] ability: Sand Stream|[of] p2a: Hippowdon\n|turn|38\n|\n|t:|1716551255\n|-terastallize|p2a: Hippowdon|Dragon\n|move|p1a: Palkia|Hydro Pump|p2a: Hippowdon\n|-resisted|p2a: Hippowdon\n|-damage|p2a: Hippowdon|92/311\n|move|p2a: Hippowdon|Earthquake|p1a: Palkia\n|-damage|p1a: Palkia|0 fnt\n|faint|p1a: Palkia\n|\n|win|dcenoris\n|raw|YveltalNL's rating: 2385 &rarr; <strong>2365</strong><br />(-20 for losing)\n|raw|dcenoris's rating: 2387 &rarr; <strong>2407</strong><br />(+20 for winning)\n|l|\u2606YveltalNL\n|player|p1|\n", "inputlog": ">version 7158ead19aeac8750849df2840eabb6dbec77df6\n>start {\"formatid\":\"gen9randombattle\",\"seed\":[11003,61361,14891,30161],\"rated\":\"Rated battle\"}\n>player p1 {\"name\":\"YveltalNL\",\"avatar\":\"#yveltalnl\",\"rating\":2385,\"seed\":[34357,65193,55627,26676]}\n>player p2 {\"name\":\"dcenoris\",\"avatar\":\"lucas\",\"rating\":2387,\"seed\":[3107,46403,34339,40698]}\n>p1 move spikes\n>p2 move earthquake\n>p1 switch 4\n>p2 move earthquake\n>p1 move iciclecrash\n>p2 switch 5\n>p1 move stealthrock\n>p2 move willowisp\n>p1 switch 3\n>p2 move willowisp\n>chat \u2606YveltalNL|jeez\n>p1 move psychic\n>p2 move voltswitch\n>p2 switch 5\n>p1 switch 3\n>p2 move slackoff\n>p1 move iciclecrash\n>p2 switch 5\n>p1 switch 3\n>p2 move thunderbolt\n>p1 move psychic\n>p2 move blizzard\n>p2 switch 5\n>p1 switch 4\n>p2 move earthquake\n>p1 move rapidspin\n>p2 move earthquake\n>p1 switch 3\n>p1 move iciclecrash\n>p2 switch 4\n>p1 move iciclecrash\n>p2 move rest\n>p2 switch 2\n>p1 switch 6\n>p2 move surf\n>p1 move thunderbolt\n>p2 switch 3\n>p1 move nastyplot\n>p2 move hurricane\n>chat \u2606YveltalNL|Well\n>p1 move alluringvoice\n>p2 move hurricane\n>p1 switch 5\n>p1 move flipturn\n>p2 move uturn\n>p2 switch 3\n>p1 switch 2\n>p1 move spacialrend\n>p2 move defog\n>p1 move spacialrend\n>p2 switch 6\n>p1 switch 4\n>p2 move foulplay\n>p1 switch 6\n>p1 move iciclecrash\n>p2 move foulplay\n>p1 switch 4\n>p1 move hydropump terastallize\n>p2 move protect\n>p1 move hydropump\n>p2 switch 3\n>p2 switch 3\n>p1 switch 2\n>p2 move protect\n>p1 move knockoff\n>p2 move wish\n>p1 move roar\n>p2 move toxic\n>p1 move knockoff\n>p2 move surf\n>p1 move earthquake\n>p2 move roost\n>p1 move earthquake\n>p2 move roost\n>p1 move earthquake\n>p2 move surf\n>p1 switch 2\n>p1 move hydropump\n>p2 move bravebird\n>chat \u2606YveltalNL|umbreon walls the whole team lmao\n>p2 switch 6\n>p1 move hydropump\n>p2 move protect\n>p1 move hydropump\n>p2 move foulplay\n>p1 move hydropump\n>p2 move protect\n>p1 move hydropump\n>p2 move foulplay\n>p2 switch 4\n>p1 move hydropump\n>p2 move earthquake terastallize", "uploadtime": 1716551336, "views": 206, "formatid": "gen9randombattle", "rating": 2365, "private": 0, "password": null}