{"id": "gen9randombattle-2260307052", "format": "[Gen 9] Random Battle", "players": ["RiverInTheDryLand", "mailop1"], "log": "|j|\u2606RiverInTheDryLand\n|j|\u2606mailop1\n|t:|1733837945\n|gametype|singles\n|player|p1|RiverInTheDryLand|hoopster|1461\n|player|p2|mailop1|sailor|1393\n|teamsize|p1|6\n|teamsize|p2|6\n|gen|9\n|tier|[Gen 9] Random Battle\n|rated|\n|rule|Species Clause: Limit one of each Pok\u00e9mon\n|rule|HP Percentage Mod: HP is shown in percentages\n|rule|Sleep Clause Mod: Limit one foe put to sleep\n|rule|Illusion Level Mod: Illusion disguises the Pok\u00e9mon's true level\n|\n|t:|1733837945\n|start\n|switch|p1a: Torkoal|Torkoal, L88, F|266/266\n|switch|p2a: Annihilape|Annihilape, L76, F|292/292\n|-weather|SunnyDay|[from] ability: Drought|[of] p1a: Torkoal\n|turn|1\n|inactive|Battle timer is ON: inactive players will automatically lose when time's up. (requested by RiverInTheDryLand)\n|\n|t:|1733837969\n|move|p2a: Annihilape|Bulk Up|p2a: Annihilape\n|-boost|p2a: Annihilape|atk|1\n|-boost|p2a: Annihilape|def|1\n|move|p1a: Torkoal|Stealth Rock|p2a: Annihilape\n|-sidestart|p2: mailop1|move: Stealth Rock\n|\n|-weather|SunnyDay|[upkeep]\n|upkeep\n|turn|2\n|\n|t:|1733837999\n|move|p2a: Annihilape|Drain Punch|p1a: Torkoal\n|-damage|p1a: Torkoal|184/266\n|move|p1a: Torkoal|Lava Plume|p2a: Annihilape\n|-damage|p2a: Annihilape|163/292\n|\n|-weather|SunnyDay|[upkeep]\n|upkeep\n|turn|3\n|\n|t:|1733838012\n|move|p2a: Annihilape|Drain Punch|p1a: Torkoal\n|-crit|p1a: Torkoal\n|-damage|p1a: Torkoal|72/266\n|-heal|p2a: Annihilape|219/292|[from] drain|[of] p1a: Torkoal\n|move|p1a: Torkoal|Lava Plume|p2a: Annihilape\n|-damage|p2a: Annihilape|81/292\n|\n|-weather|SunnyDay|[upkeep]\n|upkeep\n|turn|4\n|inactive|mailop1 has 120 seconds left.\n|\n|t:|1733838048\n|move|p2a: Annihilape|Drain Punch|p1a: Torkoal\n|-damage|p1a: Torkoal|0 fnt\n|-heal|p2a: Annihilape|117/292|[from] drain|[of] p1a: Torkoal\n|faint|p1a: Torkoal\n|\n|-weather|SunnyDay|[upkeep]\n|upkeep\n|\n|t:|1733838057\n|switch|p1a: Typhlosion|Typhlosion-Hisui, L83, M|257/257\n|turn|5\n|inactive|mailop1 has 90 seconds left.\n|\n|t:|1733838106\n|-terastallize|p2a: Annihilape|Steel\n|move|p1a: Typhlosion|Shadow Ball|p2a: Annihilape\n|-damage|p2a: Annihilape|20/292\n|move|p2a: Annihilape|Rage Fist|p1a: Typhlosion\n|-supereffective|p1a: Typhlosion\n|-damage|p1a: Typhlosion|0 fnt\n|faint|p1a: Typhlosion\n|\n|-weather|none\n|upkeep\n|\n|t:|1733838124\n|switch|p1a: Grafaiai|Grafaiai, L86, M|249/249\n|turn|6\n|\n|t:|1733838145\n|move|p1a: Grafaiai|Knock Off|p2a: Annihilape\n|-damage|p2a: Annihilape|0 fnt\n|-enditem|p2a: Annihilape|Chesto Berry|[from] move: Knock Off|[of] p1a: Grafaiai\n|faint|p2a: Annihilape\n|\n|upkeep\n|inactive|mailop1 has 60 seconds left.\n|\n|t:|1733838161\n|switch|p2a: Arceus|Arceus-Psychic, L69|280/280\n|-damage|p2a: Arceus|245/280|[from] Stealth Rock\n|turn|7\n|\n|t:|1733838188\n|move|p1a: Grafaiai|U-turn|p2a: Arceus\n|-supereffective|p2a: Arceus\n|-damage|p2a: Arceus|139/280\n|\n|t:|1733838192\n|switch|p1a: Gothitelle|Gothitelle, L90, M|272/272|[from] U-turn\n|move|p2a: Arceus|Cosmic Power|p2a: Arceus\n|-boost|p2a: Arceus|def|1\n|-boost|p2a: Arceus|spd|1\n|\n|upkeep\n|turn|8\n|\n|t:|1733838202\n|move|p2a: Arceus|Recover|p2a: Arceus\n|-heal|p2a: Arceus|279/280\n|move|p1a: Gothitelle|Calm Mind|p1a: Gothitelle\n|-boost|p1a: Gothitelle|spa|1\n|-boost|p1a: Gothitelle|spd|1\n|\n|upkeep\n|turn|9\n|inactive|mailop1 has 60 seconds left.\n|\n|t:|1733838230\n|move|p2a: Arceus|Cosmic Power|p2a: Arceus\n|-boost|p2a: Arceus|def|1\n|-boost|p2a: Arceus|spd|1\n|move|p1a: Gothitelle|Calm Mind|p1a: Gothitelle\n|-boost|p1a: Gothitelle|spa|1\n|-boost|p1a: Gothitelle|spd|1\n|\n|upkeep\n|turn|10\n|\n|t:|1733838238\n|move|p2a: Arceus|Stored Power|p1a: Gothitelle\n|-resisted|p1a: Gothitelle\n|-damage|p1a: Gothitelle|254/272\n|move|p1a: Gothitelle|Calm Mind|p1a: Gothitelle\n|-boost|p1a: Gothitelle|spa|1\n|-boost|p1a: Gothitelle|spd|1\n|\n|-heal|p1a: Gothitelle|271/272|[from] item: Leftovers\n|upkeep\n|turn|11\n|\n|t:|1733838249\n|move|p2a: Arceus|Body Press|p1a: Gothitelle\n|-resisted|p1a: Gothitelle\n|-damage|p1a: Gothitelle|231/272\n|move|p1a: Gothitelle|Calm Mind|p1a: Gothitelle\n|-boost|p1a: Gothitelle|spa|1\n|-boost|p1a: Gothitelle|spd|1\n|\n|-heal|p1a: Gothitelle|248/272|[from] item: Leftovers\n|upkeep\n|turn|12\n|c|\u2606mailop1|it's actually over\n|\n|t:|1733838259\n|move|p2a: Arceus|Cosmic Power|p2a: Arceus\n|-boost|p2a: Arceus|def|1\n|-boost|p2a: Arceus|spd|1\n|move|p1a: Gothitelle|Calm Mind|p1a: Gothitelle\n|-boost|p1a: Gothitelle|spa|1\n|-boost|p1a: Gothitelle|spd|1\n|\n|-heal|p1a: Gothitelle|265/272|[from] item: Leftovers\n|upkeep\n|turn|13\n|\n|t:|1733838269\n|move|p2a: Arceus|Cosmic Power|p2a: Arceus\n|-boost|p2a: Arceus|def|1\n|-boost|p2a: Arceus|spd|1\n|move|p1a: Gothitelle|Calm Mind|p1a: Gothitelle\n|-boost|p1a: Gothitelle|spa|1\n|-boost|p1a: Gothitelle|spd|1\n|\n|-heal|p1a: Gothitelle|272/272|[from] item: Leftovers\n|upkeep\n|turn|14\n|\n|t:|1733838278\n|move|p2a: Arceus|Cosmic Power|p2a: Arceus\n|-boost|p2a: Arceus|def|1\n|-boost|p2a: Arceus|spd|1\n|move|p1a: Gothitelle|Thunderbolt|p2a: Arceus\n|-damage|p2a: Arceus|193/280\n|\n|upkeep\n|turn|15\n|\n|t:|1733838286\n|move|p2a: Arceus|Cosmic Power|p2a: Arceus\n|-boost|p2a: Arceus|def|1\n|-boost|p2a: Arceus|spd|1\n|move|p1a: Gothitelle|Thunderbolt|p2a: Arceus\n|-damage|p2a: Arceus|127/280\n|\n|upkeep\n|turn|16\n|\n|t:|1733838293\n|move|p2a: Arceus|Recover|p2a: Arceus\n|-heal|p2a: Arceus|267/280\n|move|p1a: Gothitelle|Thunderbolt|p2a: Arceus\n|-damage|p2a: Arceus|202/280\n|\n|upkeep\n|turn|17\n|inactive|mailop1 has 90 seconds left.\n|\n|t:|1733838300\n|move|p2a: Arceus|Body Press|p1a: Gothitelle\n|-resisted|p1a: Gothitelle\n|-damage|p1a: Gothitelle|196/272\n|move|p1a: Gothitelle|Thunderbolt|p2a: Arceus\n|-damage|p2a: Arceus|134/280\n|\n|-heal|p1a: Gothitelle|213/272|[from] item: Leftovers\n|upkeep\n|turn|18\n|inactive|mailop1 has 90 seconds left.\n|\n|t:|1733838312\n|move|p2a: Arceus|Recover|p2a: Arceus\n|-heal|p2a: Arceus|274/280\n|move|p1a: Gothitelle|Thunderbolt|p2a: Arceus\n|-damage|p2a: Arceus|209/280\n|\n|-heal|p1a: Gothitelle|230/272|[from] item: Leftovers\n|upkeep\n|turn|19\n|\n|t:|1733838320\n|move|p2a: Arceus|Body Press|p1a: Gothitelle\n|-resisted|p1a: Gothitelle\n|-damage|p1a: Gothitelle|146/272\n|move|p1a: Gothitelle|Thunderbolt|p2a: Arceus\n|-damage|p2a: Arceus|136/280\n|\n|-heal|p1a: Gothitelle|163/272|[from] item: Leftovers\n|upkeep\n|turn|20\n|\n|t:|1733838329\n|move|p2a: Arceus|Body Press|p1a: Gothitelle\n|-resisted|p1a: Gothitelle\n|-damage|p1a: Gothitelle|82/272\n|move|p1a: Gothitelle|Thunderbolt|p2a: Arceus\n|-damage|p2a: Arceus|72/280\n|\n|-heal|p1a: Gothitelle|99/272|[from] item: Leftovers\n|upkeep\n|turn|21\n|\n|t:|1733838348\n|move|p2a: Arceus|Recover|p2a: Arceus\n|-heal|p2a: Arceus|212/280\n|move|p1a: Gothitelle|Thunderbolt|p2a: Arceus\n|-damage|p2a: Arceus|140/280\n|\n|-heal|p1a: Gothitelle|116/272|[from] item: Leftovers\n|upkeep\n|turn|22\n|\n|t:|1733838356\n|move|p2a: Arceus|Body Press|p1a: Gothitelle\n|-resisted|p1a: Gothitelle\n|-damage|p1a: Gothitelle|41/272\n|move|p1a: Gothitelle|Thunderbolt|p2a: Arceus\n|-damage|p2a: Arceus|66/280\n|\n|-heal|p1a: Gothitelle|58/272|[from] item: Leftovers\n|upkeep\n|turn|23\n|\n|t:|1733838365\n|move|p2a: Arceus|Body Press|p1a: Gothitelle\n|-resisted|p1a: Gothitelle\n|-damage|p1a: Gothitelle|0 fnt\n|faint|p1a: Gothitelle\n|\n|upkeep\n|\n|t:|1733838369\n|switch|p1a: Grafaiai|Grafaiai, L86, M|249/249\n|turn|24\n|\n|t:|1733838375\n|-terastallize|p1a: Grafaiai|Dark\n|move|p1a: Grafaiai|Knock Off|p2a: Arceus\n|-supereffective|p2a: Arceus\n|-damage|p2a: Arceus|30/280\n|move|p2a: Arceus|Body Press|p1a: Grafaiai\n|-supereffective|p1a: Grafaiai\n|-damage|p1a: Grafaiai|0 fnt\n|faint|p1a: Grafaiai\n|\n|upkeep\n|\n|t:|1733838384\n|switch|p1a: Grumpig|Grumpig, L92, M|297/297\n|turn|25\n|\n|t:|1733838389\n|move|p2a: Arceus|Recover|p2a: Arceus\n|-heal|p2a: Arceus|170/280\n|move|p1a: Grumpig|Shadow Ball|p2a: Arceus\n|-supereffective|p2a: Arceus\n|-damage|p2a: Arceus|136/280\n|-unboost|p2a: Arceus|spd|1\n|\n|upkeep\n|turn|26\n|\n|t:|1733838407\n|move|p2a: Arceus|Body Press|p1a: Grumpig\n|-resisted|p1a: Grumpig\n|-damage|p1a: Grumpig|191/297\n|move|p1a: Grumpig|Nasty Plot|p1a: Grumpig\n|-boost|p1a: Grumpig|spa|2\n|\n|-heal|p1a: Grumpig|209/297|[from] item: Leftovers\n|upkeep\n|turn|27\n|\n|t:|1733838420\n|move|p2a: Arceus|Stored Power|p1a: Grumpig\n|-resisted|p1a: Grumpig\n|-damage|p1a: Grumpig|112/297\n|move|p1a: Grumpig|Shadow Ball|p2a: Arceus\n|-supereffective|p2a: Arceus\n|-damage|p2a: Arceus|68/280\n|\n|-heal|p1a: Grumpig|130/297|[from] item: Leftovers\n|upkeep\n|turn|28\n|\n|t:|1733838430\n|move|p2a: Arceus|Recover|p2a: Arceus\n|-heal|p2a: Arceus|208/280\n|move|p1a: Grumpig|Shadow Ball|p2a: Arceus\n|-supereffective|p2a: Arceus\n|-damage|p2a: Arceus|132/280\n|\n|-heal|p1a: Grumpig|148/297|[from] item: Leftovers\n|upkeep\n|turn|29\n|\n|t:|1733838439\n|move|p2a: Arceus|Stored Power|p1a: Grumpig\n|-resisted|p1a: Grumpig\n|-damage|p1a: Grumpig|62/297\n|move|p1a: Grumpig|Shadow Ball|p2a: Arceus\n|-supereffective|p2a: Arceus\n|-damage|p2a: Arceus|68/280\n|-unboost|p2a: Arceus|spd|1\n|\n|-heal|p1a: Grumpig|80/297|[from] item: Leftovers\n|upkeep\n|turn|30\n|\n|t:|1733838452\n|move|p2a: Arceus|Body Press|p1a: Grumpig\n|-resisted|p1a: Grumpig\n|-damage|p1a: Grumpig|0 fnt\n|faint|p1a: Grumpig\n|\n|upkeep\n|-message|RiverInTheDryLand forfeited.\n|\n|win|mailop1\n|raw|RiverInTheDryLand's rating: 1461 &rarr; <strong>1437</strong><br />(-24 for losing)\n|raw|mailop1's rating: 1393 &rarr; <strong>1417</strong><br />(+24 for winning)\n|l|\u2606RiverInTheDryLand\n|player|p1|\n", "inputlog": ">version bfd83cad13791eb5a5a409923076391caf6fb4d4\n>start {\"formatid\":\"gen9randombattle\",\"seed\":[43932,2159,26777,2106],\"rated\":\"Rated battle\"}\n>player p1 {\"name\":\"RiverInTheDryLand\",\"avatar\":\"hoopster\",\"rating\":1461,\"seed\":[60869,13577,54364,36482]}\n>player p2 {\"name\":\"mailop1\",\"avatar\":\"sailor\",\"rating\":1393,\"seed\":[41775,31819,24681,43489]}\n>p1 move stealthrock\n>p2 move bulkup\n>p1 move lavaplume\n>p2 move drainpunch\n>p1 move lavaplume\n>p2 move drainpunch\n>p1 move lavaplume\n>p2 move drainpunch\n>p1 switch 3\n>p1 move shadowball\n>p2 move ragefist terastallize\n>p1 switch 2\n>p1 move knockoff\n>p2 move drainpunch\n>p2 switch 4\n>p1 move uturn\n>p2 move cosmicpower\n>p1 switch 4\n>p1 move calmmind\n>p2 move recover\n>p1 move calmmind\n>p2 move cosmicpower\n>p1 move calmmind\n>p2 move storedpower\n>p1 move calmmind\n>p2 move bodypress\n>chat \u2606mailop1|it's actually over\n>p1 move calmmind\n>p2 move cosmicpower\n>p1 move calmmind\n>p2 move cosmicpower\n>p1 move thunderbolt\n>p2 move cosmicpower\n>p1 move thunderbolt\n>p2 move cosmicpower\n>p1 move thunderbolt\n>p2 move recover\n>p1 move thunderbolt\n>p2 move bodypress\n>p1 move thunderbolt\n>p2 move recover\n>p1 move thunderbolt\n>p2 move bodypress\n>p1 move thunderbolt\n>p2 move bodypress\n>p1 move thunderbolt\n>p2 move recover\n>p1 move thunderbolt\n>p2 move bodypress\n>p1 move thunderbolt\n>p2 move bodypress\n>p1 switch 4\n>p1 move knockoff terastallize\n>p2 move bodypress\n>p1 switch 5\n>p1 move shadowball\n>p2 move recover\n>p1 move nastyplot\n>p2 move bodypress\n>p1 move shadowball\n>p2 move storedpower\n>p1 move shadowball\n>p2 move recover\n>p1 move shadowball\n>p2 move storedpower\n>p1 move shadowball\n>p2 move bodypress\n>forcelose p1", "uploadtime": 1733838461, "views": 1, "formatid": "gen9randombattle", "rating": 1417, "private": 0, "password": null}