{"id": "gen9randombattle-2259961440", "format": "[Gen 9] Random Battle", "players": ["pokemonepic120", "kkfuticipote"], "log": "|j|\u2606pokemonepic120\n|j|\u2606kkfuticipote\n|t:|1733784679\n|gametype|singles\n|player|p1|pokemonepic120|265|1987\n|player|p2|kkfuticipote|twins-gen4dp|1988\n|teamsize|p1|6\n|teamsize|p2|6\n|gen|9\n|tier|[Gen 9] Random Battle\n|rated|\n|rule|Species Clause: Limit one of each Pok\u00e9mon\n|rule|HP Percentage Mod: HP is shown in percentages\n|rule|Sleep Clause Mod: Limit one foe put to sleep\n|rule|Illusion Level Mod: Illusion disguises the Pok\u00e9mon's true level\n|\n|t:|1733784679\n|start\n|switch|p1a: Toxicroak|Toxicroak, L84, F|277/277\n|switch|p2a: Duraludon|Duraludon, L82, F|249/249\n|turn|1\n|inactive|Battle timer is ON: inactive players will automatically lose when time's up. (requested by kkfuticipote)\n|inactive|pokemonepic120 has 120 seconds left.\n|\n|t:|1733784727\n|move|p1a: Toxicroak|Close Combat|p2a: Duraludon\n|-supereffective|p2a: Duraludon\n|-damage|p2a: Duraludon|46/249\n|-unboost|p1a: Toxicroak|def|1\n|-unboost|p1a: Toxicroak|spd|1\n|-damage|p1a: Toxicroak|250/277|[from] item: Life Orb\n|move|p2a: Duraludon|Thunder Wave|p1a: Toxicroak\n|-status|p1a: Toxicroak|par\n|\n|upkeep\n|turn|2\n|\n|t:|1733784738\n|move|p1a: Toxicroak|Sucker Punch|p2a: Duraludon\n|-damage|p2a: Duraludon|7/249\n|-damage|p1a: Toxicroak|223/277 par|[from] item: Life Orb\n|move|p2a: Duraludon|Draco Meteor|p1a: Toxicroak\n|-damage|p1a: Toxicroak|0 fnt\n|-unboost|p2a: Duraludon|spa|2\n|faint|p1a: Toxicroak\n|\n|upkeep\n|\n|t:|1733784753\n|switch|p1a: Kleavor|Kleavor, L78, F|237/237\n|turn|3\n|\n|t:|1733784759\n|move|p2a: Duraludon|Thunder Wave|p1a: Kleavor\n|-status|p1a: Kleavor|par\n|move|p1a: Kleavor|Stone Axe|p2a: Duraludon\n|-resisted|p2a: Duraludon\n|-damage|p2a: Duraludon|0 fnt\n|-sidestart|p2: kkfuticipote|move: Stealth Rock\n|faint|p2a: Duraludon\n|\n|upkeep\n|\n|t:|1733784774\n|switch|p2a: Pikachu|Pikachu-Alola, L93, M|216/216\n|-damage|p2a: Pikachu|189/216|[from] Stealth Rock\n|turn|4\n|\n|t:|1733784779\n|move|p2a: Pikachu|Surf|p1a: Kleavor\n|-supereffective|p1a: Kleavor\n|-damage|p1a: Kleavor|0 fnt\n|faint|p1a: Kleavor\n|\n|upkeep\n|\n|t:|1733784789\n|switch|p1a: Ogerpon|Ogerpon-Cornerstone, L76, F|247/247\n|turn|5\n|\n|t:|1733784794\n|move|p2a: Pikachu|Volt Switch|p1a: Ogerpon\n|-resisted|p1a: Ogerpon\n|-damage|p1a: Ogerpon|184/247\n|\n|t:|1733784805\n|switch|p2a: Arceus|Arceus-Ghost, L69|280/280|[from] Volt Switch\n|-damage|p2a: Arceus|245/280|[from] Stealth Rock\n|move|p1a: Ogerpon|Ivy Cudgel|p2a: Arceus|[anim] Ivy Cudgel Rock\n|-crit|p2a: Arceus\n|-damage|p2a: Arceus|71/280\n|\n|upkeep\n|turn|6\n|\n|t:|1733784812\n|move|p1a: Ogerpon|Ivy Cudgel|p2a: Arceus|[anim] Ivy Cudgel Rock\n|-crit|p2a: Arceus\n|-damage|p2a: Arceus|0 fnt\n|faint|p2a: Arceus\n|\n|upkeep\n|\n|t:|1733784819\n|switch|p2a: Slowking|Slowking, L88, M|310/310\n|turn|7\n|\n|t:|1733784824\n|move|p1a: Ogerpon|Power Whip|p2a: Slowking\n|-supereffective|p2a: Slowking\n|-damage|p2a: Slowking|0 fnt\n|faint|p2a: Slowking\n|\n|upkeep\n|\n|t:|1733784829\n|switch|p2a: Moltres|Moltres, L81|278/278\n|turn|8\n|\n|t:|1733784836\n|-terastallize|p2a: Moltres|Ground\n|move|p1a: Ogerpon|Ivy Cudgel|p2a: Moltres|[anim] Ivy Cudgel Rock\n|-resisted|p2a: Moltres\n|-damage|p2a: Moltres|214/278\n|move|p2a: Moltres|Fire Blast|p1a: Ogerpon\n|-damage|p1a: Ogerpon|52/247\n|\n|upkeep\n|turn|9\n|\n|t:|1733784851\n|move|p1a: Ogerpon|Power Whip|p2a: Moltres\n|-supereffective|p2a: Moltres\n|-damage|p2a: Moltres|0 fnt\n|faint|p2a: Moltres\n|\n|upkeep\n|\n|t:|1733784855\n|switch|p2a: Regidrago|Regidrago, L77|435/435\n|-damage|p2a: Regidrago|381/435|[from] Stealth Rock\n|turn|10\n|\n|t:|1733784868\n|move|p1a: Ogerpon|Ivy Cudgel|p2a: Regidrago|[anim] Ivy Cudgel Rock\n|-damage|p2a: Regidrago|198/435\n|move|p2a: Regidrago|Dragon Dance|p2a: Regidrago\n|-boost|p2a: Regidrago|atk|1\n|-boost|p2a: Regidrago|spe|1\n|\n|upkeep\n|turn|11\n|\n|t:|1733784874\n|move|p2a: Regidrago|Dragon Claw|p1a: Ogerpon\n|-damage|p1a: Ogerpon|0 fnt\n|faint|p1a: Ogerpon\n|-damage|p2a: Regidrago|155/435|[from] item: Life Orb\n|\n|upkeep\n|\n|t:|1733784883\n|switch|p1a: Oricorio|Oricorio-Sensu, L85, F|266/266\n|turn|12\n|\n|t:|1733784890\n|move|p2a: Regidrago|Dragon Claw|p1a: Oricorio\n|-crit|p1a: Oricorio\n|-damage|p1a: Oricorio|0 fnt\n|faint|p1a: Oricorio\n|-damage|p2a: Regidrago|112/435|[from] item: Life Orb\n|\n|upkeep\n|\n|t:|1733784896\n|switch|p1a: Typhlosion|Typhlosion, L84, M|267/267\n|turn|13\n|\n|t:|1733784900\n|-terastallize|p1a: Typhlosion|Fire\n|move|p1a: Typhlosion|Eruption|p2a: Regidrago\n|-resisted|p2a: Regidrago\n|-damage|p2a: Regidrago|0 fnt\n|faint|p2a: Regidrago\n|\n|upkeep\n|\n|t:|1733784905\n|switch|p2a: Pikachu|Pikachu-Alola, L93, M|189/216\n|-damage|p2a: Pikachu|162/216|[from] Stealth Rock\n|turn|14\n|\n|t:|1733784906\n|move|p1a: Typhlosion|Eruption|p2a: Pikachu\n|-damage|p2a: Pikachu|0 fnt\n|faint|p2a: Pikachu\n|\n|win|pokemonepic120\n|raw|pokemonepic120's rating: 1987 &rarr; <strong>2007</strong><br />(+20 for winning)\n|raw|kkfuticipote's rating: 1988 &rarr; <strong>1968</strong><br />(-20 for losing)\n|l|\u2606kkfuticipote\n|player|p2|\n", "inputlog": ">version bfd83cad13791eb5a5a409923076391caf6fb4d4\n>start {\"formatid\":\"gen9randombattle\",\"seed\":[4109,17266,29329,40891],\"rated\":\"Rated battle\"}\n>player p1 {\"name\":\"pokemonepic120\",\"avatar\":\"265\",\"rating\":1987,\"seed\":[50249,40814,54001,58393]}\n>player p2 {\"name\":\"kkfuticipote\",\"avatar\":\"twins-gen4dp\",\"rating\":1988,\"seed\":[16002,54890,29274,53972]}\n>p1 move closecombat\n>p2 move thunderwave\n>p1 move suckerpunch\n>p2 move dracometeor\n>p1 switch 6\n>p1 move stoneaxe\n>p2 move thunderwave\n>p2 switch 3\n>p1 move xscissor\n>p2 move surf\n>p1 switch 5\n>p1 move ivycudgel\n>p2 move voltswitch\n>p2 switch 4\n>p1 move ivycudgel\n>p2 move recover\n>p2 switch 5\n>p1 move powerwhip\n>p2 move scald\n>p2 switch 2\n>p1 move ivycudgel\n>p2 move fireblast terastallize\n>p1 move powerwhip\n>p2 move roost\n>p2 switch 6\n>p1 move ivycudgel\n>p2 move dragondance\n>p1 move ivycudgel\n>p2 move dragonclaw\n>p1 switch 4\n>p1 move revelationdance\n>p2 move dragonclaw\n>p1 switch 2\n>p1 move eruption terastallize\n>p2 move earthquake\n>p2 switch 4\n>p1 move eruption\n>p2 move surf", "uploadtime": 1733784914, "views": 1, "formatid": "gen9randombattle", "rating": 1968, "private": 0, "password": null}