{"id": "gen9randombattle-2120937955", "format": "[Gen 9] Random Battle", "players": ["poeyjokeaim", "alexisjra"], "log": "|badge|p2|bronze|gen9randombattle|100-1\n|uhtml|medal-msg|<div class=\"broadcast-blue\">Curious what those medals under the avatar are? PS now has Ladder Seasons! For more information, check out the <a href=\"https://www.smogon.com/forums/threads/3740067/\">thread on Smogon.</a></div>\n|j|\u2606poeyjokeaim\n|j|\u2606alexisjra\n|t:|1715227127\n|gametype|singles\n|player|p1|poeyjokeaim|sycamore-masters|2251\n|player|p2|alexisjra|battlegirl-gen4|2350\n|teamsize|p1|6\n|teamsize|p2|6\n|gen|9\n|tier|[Gen 9] Random Battle\n|rated|\n|rule|Species Clause: Limit one of each Pok\u00e9mon\n|rule|HP Percentage Mod: HP is shown in percentages\n|rule|Sleep Clause Mod: Limit one foe put to sleep\n|rule|Illusion Level Mod: Illusion disguises the Pok\u00e9mon's true level\n|\n|t:|1715227127\n|start\n|switch|p1a: Arboliva|Arboliva, L91, M|290/290\n|switch|p2a: Chandelure|Chandelure, L83, F|235/235\n|turn|1\n|\n|t:|1715227152\n|switch|p1a: Golem|Golem-Alola, L93, F|300/300\n|move|p2a: Chandelure|Fire Blast|p1a: Golem\n|-resisted|p1a: Golem\n|-damage|p1a: Golem|212/300\n|\n|upkeep\n|turn|2\n|\n|t:|1715227166\n|switch|p2a: Decidueye|Decidueye, L88, F|281/281\n|move|p1a: Golem|Earthquake|p2a: Decidueye\n|-resisted|p2a: Decidueye\n|-damage|p2a: Decidueye|205/281\n|\n|upkeep\n|turn|3\n|j| yemu413\n|l| yemu413\n|\n|t:|1715227179\n|switch|p1a: Mabosstiff|Mabosstiff, L86, F|278/278\n|move|p2a: Decidueye|U-turn|p1a: Mabosstiff\n|-supereffective|p1a: Mabosstiff\n|-damage|p1a: Mabosstiff|164/278\n|\n|t:|1715227186\n|switch|p2a: Arceus|Arceus-Fairy, L69|280/280|[from] U-turn\n|\n|upkeep\n|turn|4\n|\n|t:|1715227198\n|switch|p1a: Sunflora|Sunflora, M|312/312\n|move|p2a: Arceus|Judgment|p1a: Sunflora\n|-damage|p1a: Sunflora|227/312\n|\n|upkeep\n|turn|5\n|\n|t:|1715227204\n|switch|p2a: Appletun|Appletun, L92, F|352/352\n|move|p1a: Sunflora|Sludge Bomb|p2a: Appletun\n|-supereffective|p2a: Appletun\n|-damage|p2a: Appletun|60/352\n|\n|-heal|p2a: Appletun|82/352|[from] item: Leftovers\n|upkeep\n|turn|6\n|\n|t:|1715227210\n|switch|p2a: Chandelure|Chandelure, L83, F|235/235\n|move|p1a: Sunflora|Sludge Bomb|p2a: Chandelure\n|-resisted|p2a: Chandelure\n|-damage|p2a: Chandelure|162/235\n|-status|p2a: Chandelure|psn\n|\n|-damage|p2a: Chandelure|133/235 psn|[from] psn\n|upkeep\n|turn|7\n|\n|t:|1715227214\n|switch|p1a: Tornadus|Tornadus-Therian, L79, M|254/254\n|move|p2a: Chandelure|Fire Blast|p1a: Tornadus|[miss]\n|-miss|p2a: Chandelure|p1a: Tornadus\n|\n|-damage|p2a: Chandelure|104/235 psn|[from] psn\n|upkeep\n|turn|8\n|\n|t:|1715227221\n|switch|p2a: Arceus|Arceus-Fairy, L69|280/280\n|move|p1a: Tornadus|Knock Off|p2a: Arceus\n|-resisted|p2a: Arceus\n|-damage|p2a: Arceus|259/280\n|\n|upkeep\n|turn|9\n|\n|t:|1715227238\n|move|p1a: Tornadus|Bleakwind Storm|p2a: Arceus\n|-damage|p2a: Arceus|157/280\n|move|p2a: Arceus|Judgment|p1a: Tornadus\n|-damage|p1a: Tornadus|181/254\n|\n|upkeep\n|turn|10\n|\n|t:|1715227244\n|move|p1a: Tornadus|U-turn|p2a: Arceus\n|-resisted|p2a: Arceus\n|-damage|p2a: Arceus|136/280\n|\n|t:|1715227249\n|switch|p1a: Sunflora|Sunflora, M|227/312|[from] U-turn\n|move|p2a: Arceus|Recover|p2a: Arceus\n|-heal|p2a: Arceus|276/280\n|\n|upkeep\n|turn|11\n|\n|t:|1715227253\n|switch|p2a: Appletun|Appletun, L92, F|82/352\n|move|p1a: Sunflora|Sludge Bomb|p2a: Appletun\n|-supereffective|p2a: Appletun\n|-crit|p2a: Appletun\n|-damage|p2a: Appletun|0 fnt\n|faint|p2a: Appletun\n|\n|upkeep\n|\n|t:|1715227258\n|switch|p2a: Stonjourner|Stonjourner, L91, M|330/330\n|turn|12\n|\n|t:|1715227272\n|move|p2a: Stonjourner|Heat Crash|p1a: Sunflora\n|-supereffective|p1a: Sunflora\n|-damage|p1a: Sunflora|0 fnt\n|faint|p1a: Sunflora\n|-damage|p2a: Stonjourner|297/330|[from] item: Life Orb\n|\n|upkeep\n|\n|t:|1715227277\n|switch|p1a: Arboliva|Arboliva, L91, M|290/290\n|turn|13\n|\n|t:|1715227280\n|switch|p2a: Decidueye|Decidueye, L88, F|205/281\n|move|p1a: Arboliva|Energy Ball|p2a: Decidueye\n|-resisted|p2a: Decidueye\n|-damage|p2a: Decidueye|145/281\n|\n|upkeep\n|turn|14\n|\n|t:|1715227285\n|move|p2a: Decidueye|Roost|p2a: Decidueye\n|-heal|p2a: Decidueye|281/281\n|-singleturn|p2a: Decidueye|move: Roost\n|move|p1a: Arboliva|Energy Ball|p2a: Decidueye\n|-resisted|p2a: Decidueye\n|-damage|p2a: Decidueye|227/281\n|\n|upkeep\n|turn|15\n|\n|t:|1715227290\n|move|p2a: Decidueye|Leaf Storm|p1a: Arboliva\n|-resisted|p1a: Arboliva\n|-damage|p1a: Arboliva|230/290\n|-unboost|p2a: Decidueye|spa|2\n|-fieldstart|move: Grassy Terrain|[from] ability: Seed Sower|[of] p1a: Arboliva\n|move|p1a: Arboliva|Energy Ball|p2a: Decidueye\n|-resisted|p2a: Decidueye\n|-damage|p2a: Decidueye|151/281\n|\n|-heal|p2a: Decidueye|168/281|[from] Grassy Terrain\n|-heal|p1a: Arboliva|248/290|[from] Grassy Terrain\n|-heal|p1a: Arboliva|266/290|[from] item: Leftovers\n|upkeep\n|turn|16\n|\n|t:|1715227296\n|move|p2a: Decidueye|U-turn|p1a: Arboliva\n|-supereffective|p1a: Arboliva\n|-damage|p1a: Arboliva|164/290\n|\n|t:|1715227298\n|switch|p2a: Chandelure|Chandelure, L83, F|104/235 psn|[from] U-turn\n|move|p1a: Arboliva|Energy Ball|p2a: Chandelure\n|-resisted|p2a: Chandelure\n|-damage|p2a: Chandelure|14/235 psn\n|\n|-heal|p2a: Chandelure|28/235 psn|[from] Grassy Terrain\n|-heal|p1a: Arboliva|182/290|[from] Grassy Terrain\n|-heal|p1a: Arboliva|200/290|[from] item: Leftovers\n|-damage|p2a: Chandelure|0 fnt|[from] psn\n|faint|p2a: Chandelure\n|upkeep\n|\n|t:|1715227304\n|switch|p2a: Arceus|Arceus-Fairy, L69|276/280\n|turn|17\n|\n|t:|1715227321\n|move|p2a: Arceus|Calm Mind|p2a: Arceus\n|-boost|p2a: Arceus|spa|1\n|-boost|p2a: Arceus|spd|1\n|move|p1a: Arboliva|Energy Ball|p2a: Arceus\n|-damage|p2a: Arceus|165/280\n|\n|-heal|p2a: Arceus|182/280|[from] Grassy Terrain\n|-heal|p1a: Arboliva|218/290|[from] Grassy Terrain\n|-heal|p1a: Arboliva|236/290|[from] item: Leftovers\n|upkeep\n|turn|18\n|\n|t:|1715227330\n|switch|p1a: Tornadus|Tornadus-Therian, L79, M|254/254\n|move|p2a: Arceus|Calm Mind|p2a: Arceus\n|-boost|p2a: Arceus|spa|1\n|-boost|p2a: Arceus|spd|1\n|\n|-heal|p2a: Arceus|199/280|[from] Grassy Terrain\n|upkeep\n|turn|19\n|\n|t:|1715227334\n|move|p1a: Tornadus|Bleakwind Storm|p2a: Arceus\n|-damage|p2a: Arceus|147/280\n|move|p2a: Arceus|Judgment|p1a: Tornadus\n|-damage|p1a: Tornadus|113/254\n|\n|-heal|p2a: Arceus|164/280|[from] Grassy Terrain\n|-fieldend|move: Grassy Terrain\n|upkeep\n|turn|20\n|\n|t:|1715227340\n|move|p1a: Tornadus|U-turn|p2a: Arceus\n|-resisted|p2a: Arceus\n|-damage|p2a: Arceus|142/280\n|\n|t:|1715227342\n|switch|p1a: Mabosstiff|Mabosstiff, L86, F|164/278|[from] U-turn\n|move|p2a: Arceus|Judgment|p1a: Mabosstiff\n|-supereffective|p1a: Mabosstiff\n|-damage|p1a: Mabosstiff|0 fnt\n|faint|p1a: Mabosstiff\n|\n|upkeep\n|\n|t:|1715227344\n|switch|p1a: Tornadus|Tornadus-Therian, L79, M|197/254\n|turn|21\n|\n|t:|1715227346\n|move|p1a: Tornadus|Bleakwind Storm|p2a: Arceus\n|-damage|p2a: Arceus|91/280\n|move|p2a: Arceus|Recover|p2a: Arceus\n|-heal|p2a: Arceus|231/280\n|\n|upkeep\n|turn|22\n|\n|t:|1715227350\n|move|p1a: Tornadus|Bleakwind Storm|p2a: Arceus\n|-damage|p2a: Arceus|179/280\n|move|p2a: Arceus|Judgment|p1a: Tornadus\n|-damage|p1a: Tornadus|53/254\n|\n|upkeep\n|turn|23\n|\n|t:|1715227352\n|move|p1a: Tornadus|Bleakwind Storm|p2a: Arceus\n|-damage|p2a: Arceus|127/280\n|-unboost|p2a: Arceus|spe|1\n|move|p2a: Arceus|Judgment|p1a: Tornadus\n|-damage|p1a: Tornadus|0 fnt\n|faint|p1a: Tornadus\n|\n|upkeep\n|\n|t:|1715227356\n|switch|p1a: Golem|Golem-Alola, L93, F|212/300\n|turn|24\n|\n|t:|1715227369\n|switch|p2a: Decidueye|Decidueye, L88, F|168/281\n|move|p1a: Golem|Explosion|p2a: Decidueye\n|-resisted|p2a: Decidueye\n|-damage|p2a: Decidueye|0 fnt\n|faint|p1a: Golem\n|faint|p2a: Decidueye\n|\n|upkeep\n|\n|t:|1715227379\n|switch|p2a: Arceus|Arceus-Fairy, L69|127/280\n|switch|p1a: Slither Wing|Slither Wing, L81|270/270\n|-enditem|p1a: Slither Wing|Booster Energy\n|-activate|p1a: Slither Wing|ability: Protosynthesis|[fromitem]\n|-start|p1a: Slither Wing|protosynthesisatk\n|turn|25\n|\n|t:|1715227392\n|move|p2a: Arceus|Recover|p2a: Arceus\n|-heal|p2a: Arceus|267/280\n|move|p1a: Slither Wing|Flame Charge|p2a: Arceus\n|-crit|p2a: Arceus\n|-damage|p2a: Arceus|193/280\n|-boost|p1a: Slither Wing|spe|1\n|\n|upkeep\n|turn|26\n|\n|t:|1715227399\n|switch|p2a: Politoed|Politoed, L88, F|302/302\n|-weather|RainDance|[from] ability: Drizzle|[of] p2a: Politoed\n|move|p1a: Slither Wing|Bulk Up|p1a: Slither Wing\n|-boost|p1a: Slither Wing|atk|1\n|-boost|p1a: Slither Wing|def|1\n|\n|-weather|RainDance|[upkeep]\n|upkeep\n|turn|27\n|\n|t:|1715227402\n|-terastallize|p1a: Slither Wing|Fighting\n|move|p1a: Slither Wing|Close Combat|p2a: Politoed\n|-damage|p2a: Politoed|0 fnt\n|-unboost|p1a: Slither Wing|def|1\n|-unboost|p1a: Slither Wing|spd|1\n|faint|p2a: Politoed\n|\n|-weather|RainDance|[upkeep]\n|upkeep\n|\n|t:|1715227410\n|switch|p2a: Arceus|Arceus-Fairy, L69|193/280\n|turn|28\n|\n|t:|1715227414\n|move|p1a: Slither Wing|Close Combat|p2a: Arceus\n|-resisted|p2a: Arceus\n|-damage|p2a: Arceus|0 fnt\n|-unboost|p1a: Slither Wing|def|1\n|-unboost|p1a: Slither Wing|spd|1\n|faint|p2a: Arceus\n|\n|-weather|RainDance|[upkeep]\n|upkeep\n|\n|t:|1715227417\n|switch|p2a: Stonjourner|Stonjourner, L91, M|297/330\n|turn|29\n|\n|t:|1715227421\n|-terastallize|p2a: Stonjourner|Fire\n|move|p1a: Slither Wing|Close Combat|p2a: Stonjourner\n|-damage|p2a: Stonjourner|53/330\n|-unboost|p1a: Slither Wing|def|1\n|-unboost|p1a: Slither Wing|spd|1\n|move|p2a: Stonjourner|Rock Polish|p2a: Stonjourner\n|-boost|p2a: Stonjourner|spe|2\n|\n|-weather|RainDance|[upkeep]\n|upkeep\n|turn|30\n|\n|t:|1715227429\n|move|p2a: Stonjourner|Earthquake|p1a: Slither Wing\n|-damage|p1a: Slither Wing|0 fnt\n|faint|p1a: Slither Wing\n|-end|p1a: Slither Wing|Protosynthesis|[silent]\n|-damage|p2a: Stonjourner|20/330|[from] item: Life Orb\n|\n|-weather|none\n|upkeep\n|\n|t:|1715227431\n|switch|p1a: Arboliva|Arboliva, L91, M|236/290\n|turn|31\n|c|\u2606poeyjokeaim|gg\n|c|\u2606poeyjokeaim|what an end\n|\n|t:|1715227443\n|move|p2a: Stonjourner|Heat Crash|p1a: Arboliva\n|-supereffective|p1a: Arboliva\n|-damage|p1a: Arboliva|0 fnt\n|-fieldstart|move: Grassy Terrain|[from] ability: Seed Sower|[of] p1a: Arboliva\n|faint|p1a: Arboliva\n|-damage|p2a: Stonjourner|0 fnt|[from] item: Life Orb\n|faint|p2a: Stonjourner\n|\n|win|alexisjra\n|raw|poeyjokeaim's rating: 2251 &rarr; <strong>2237</strong><br />(-14 for losing)\n|raw|alexisjra's rating: 2350 &rarr; <strong>2364</strong><br />(+14 for winning)\n", "inputlog": ">version d87f45fad9b955c6072adc425367687e8a017379\n>start {\"formatid\":\"gen9randombattle\",\"seed\":[876,25220,50671,63076],\"rated\":\"Rated battle\"}\n>player p1 {\"name\":\"poeyjokeaim\",\"avatar\":\"sycamore-masters\",\"rating\":2251,\"seed\":[25144,5958,31811,10443]}\n>player p2 {\"name\":\"alexisjra\",\"avatar\":\"battlegirl-gen4\",\"rating\":2350,\"seed\":[8507,61041,41432,47168]}\n>p1 switch 2\n>p2 move fireblast\n>p1 move earthquake\n>p2 switch 3\n>p1 switch 3\n>p2 move uturn\n>p2 switch 5\n>p1 switch 5\n>p2 move judgment\n>p1 move sludgebomb\n>p2 switch 4\n>p1 move sludgebomb\n>p2 switch 3\n>p1 switch 4\n>p2 move fireblast\n>p1 move knockoff\n>p2 switch 4\n>p1 move bleakwindstorm\n>p2 move judgment\n>p1 move uturn\n>p2 move recover\n>p1 switch 4\n>p1 move sludgebomb\n>p2 switch 3\n>p2 switch 6\n>p1 move sludgebomb\n>p2 move heatcrash\n>p1 switch 2\n>p1 move energyball\n>p2 switch 5\n>p1 move energyball\n>p2 move roost\n>p1 move energyball\n>p2 move leafstorm\n>p1 move energyball\n>p2 move uturn\n>p2 switch 4\n>p2 switch 3\n>p1 move energyball\n>p2 move calmmind\n>p1 switch 4\n>p2 move calmmind\n>p1 move bleakwindstorm\n>p2 move judgment\n>p1 move uturn\n>p2 move judgment\n>p1 switch 5\n>p1 switch 5\n>p1 move bleakwindstorm\n>p2 move recover\n>p1 move bleakwindstorm\n>p2 move judgment\n>p1 move bleakwindstorm\n>p2 move judgment\n>p1 switch 3\n>p1 move explosion\n>p2 switch 4\n>p1 switch 6\n>p2 switch 4\n>p1 move flamecharge\n>p2 move recover\n>p1 move bulkup\n>p2 switch 2\n>p1 move closecombat terastallize\n>p2 move hydropump\n>p2 switch 2\n>p1 move closecombat\n>p2 move judgment\n>p2 switch 5\n>p1 move closecombat\n>p2 move rockpolish terastallize\n>p1 move closecombat\n>p2 move earthquake\n>p1 switch 4\n>chat \u2606poeyjokeaim|gg\n>chat \u2606poeyjokeaim|what an end\n>p1 move hypervoice\n>p2 move heatcrash", "uploadtime": 1715227453, "views": 225, "formatid": "gen9randombattle", "rating": 2237, "private": 0, "password": null}