{"id": "gen9randombattle-2260099727", "format": "[Gen 9] Random Battle", "players": ["SDFGHBN", "flyyygon"], "log": "|j|\u2606SDFGHBN\n|j|\u2606flyyygon\n|t:|1733802347\n|gametype|singles\n|player|p1|SDFGHBN|170|1155\n|player|p2|flyyygon|lass-gen4dp|1206\n|teamsize|p1|6\n|teamsize|p2|6\n|gen|9\n|tier|[Gen 9] Random Battle\n|rated|\n|rule|Species Clause: Limit one of each Pok\u00e9mon\n|rule|HP Percentage Mod: HP is shown in percentages\n|rule|Sleep Clause Mod: Limit one foe put to sleep\n|rule|Illusion Level Mod: Illusion disguises the Pok\u00e9mon's true level\n|\n|t:|1733802347\n|start\n|switch|p1a: Quagsire|Quagsire, L84, F|297/297\n|switch|p2a: Urshifu|Urshifu, L74, M|270/270\n|turn|1\n|inactive|Battle timer is ON: inactive players will automatically lose when time's up. (requested by flyyygon)\n|\n|t:|1733802368\n|move|p2a: Urshifu|Wicked Blow|p1a: Quagsire\n|-crit|p1a: Quagsire\n|-damage|p1a: Quagsire|128/297\n|move|p1a: Quagsire|Spikes|p2a: Urshifu\n|-sidestart|p2: flyyygon|Spikes\n|\n|-heal|p1a: Quagsire|146/297|[from] item: Leftovers\n|upkeep\n|turn|2\n|\n|t:|1733802384\n|move|p2a: Urshifu|Wicked Blow|p1a: Quagsire\n|-crit|p1a: Quagsire\n|-damage|p1a: Quagsire|0 fnt\n|faint|p1a: Quagsire\n|\n|upkeep\n|\n|t:|1733802399\n|switch|p1a: Qwilfish|Qwilfish, L86, M|252/252\n|-ability|p1a: Qwilfish|Intimidate|boost\n|-unboost|p2a: Urshifu|atk|1\n|turn|3\n|\n|t:|1733802413\n|move|p1a: Qwilfish|Thunder Wave|p2a: Urshifu\n|-status|p2a: Urshifu|par\n|move|p2a: Urshifu|Wicked Blow|p1a: Qwilfish\n|-crit|p1a: Qwilfish\n|-damage|p1a: Qwilfish|86/252\n|\n|-heal|p1a: Qwilfish|101/252|[from] item: Leftovers\n|upkeep\n|turn|4\n|\n|t:|1733802422\n|move|p1a: Qwilfish|Gunk Shot|p2a: Urshifu|[miss]\n|-miss|p1a: Qwilfish|p2a: Urshifu\n|move|p2a: Urshifu|Wicked Blow|p1a: Qwilfish\n|-crit|p1a: Qwilfish\n|-damage|p1a: Qwilfish|0 fnt\n|faint|p1a: Qwilfish\n|\n|upkeep\n|inactive|SDFGHBN has 120 seconds left.\n|\n|t:|1733802447\n|switch|p1a: Dragalge|Dragalge, L88, F|258/258\n|turn|5\n|\n|t:|1733802468\n|move|p2a: Urshifu|Wicked Blow|p1a: Dragalge\n|-crit|p1a: Dragalge\n|-damage|p1a: Dragalge|83/258\n|move|p1a: Dragalge|Dragon Tail|p2a: Urshifu\n|-damage|p2a: Urshifu|190/270 par\n|drag|p2a: Arbok|Arbok, L87, M|246/246\n|-damage|p2a: Arbok|216/246|[from] Spikes\n|-ability|p2a: Arbok|Intimidate|boost\n|-unboost|p1a: Dragalge|atk|1\n|\n|upkeep\n|turn|6\n|inactive|SDFGHBN has 120 seconds left.\n|\n|t:|1733802495\n|move|p2a: Arbok|Earthquake|p1a: Dragalge\n|-supereffective|p1a: Dragalge\n|-damage|p1a: Dragalge|0 fnt\n|faint|p1a: Dragalge\n|-damage|p2a: Arbok|192/246|[from] item: Life Orb\n|\n|upkeep\n|\n|t:|1733802501\n|switch|p1a: Cinderace|Cinderace, L77, M|249/249\n|turn|7\n|\n|t:|1733802511\n|move|p1a: Cinderace|Pyro Ball|p2a: Arbok\n|-damage|p2a: Arbok|0 fnt\n|faint|p2a: Arbok\n|\n|upkeep\n|\n|t:|1733802516\n|switch|p2a: Eiscue|Eiscue, L88, F|272/272\n|-damage|p2a: Eiscue|238/272|[from] Spikes\n|turn|8\n|\n|t:|1733802521\n|-terastallize|p2a: Eiscue|Water\n|move|p1a: Cinderace|Pyro Ball|p2a: Eiscue\n|-activate|p2a: Eiscue|ability: Ice Face\n|-damage|p2a: Eiscue|238/272\n|detailschange|p2a: Eiscue|Eiscue-Noice, L88, F, tera:Water\n|move|p2a: Eiscue|Liquidation|p1a: Cinderace\n|-supereffective|p1a: Cinderace\n|-damage|p1a: Cinderace|39/249\n|-unboost|p1a: Cinderace|def|1\n|\n|upkeep\n|turn|9\n|\n|t:|1733802532\n|switch|p1a: Exeggutor|Exeggutor-Alola, L89, F|314/314\n|-item|p2a: Eiscue|Salac Berry|[from] ability: Frisk|[of] p1a: Exeggutor\n|move|p2a: Eiscue|Liquidation|p1a: Exeggutor\n|-resisted|p1a: Exeggutor\n|-damage|p1a: Exeggutor|294/314\n|-unboost|p1a: Exeggutor|def|1\n|\n|upkeep\n|turn|10\n|\n|t:|1733802542\n|move|p2a: Eiscue|Ice Spinner|p1a: Exeggutor\n|-supereffective|p1a: Exeggutor\n|-damage|p1a: Exeggutor|0 fnt\n|faint|p1a: Exeggutor\n|\n|upkeep\n|-message|SDFGHBN forfeited.\n|\n|win|flyyygon\n|raw|SDFGHBN's rating: 1155 &rarr; <strong>1134</strong><br />(-21 for losing)\n|raw|flyyygon's rating: 1206 &rarr; <strong>1227</strong><br />(+21 for winning)\n|l|\u2606SDFGHBN\n|player|p1|\n", "inputlog": ">version bfd83cad13791eb5a5a409923076391caf6fb4d4\n>start {\"formatid\":\"gen9randombattle\",\"seed\":[59650,64467,29715,39736],\"rated\":\"Rated battle\"}\n>player p1 {\"name\":\"SDFGHBN\",\"avatar\":\"170\",\"rating\":1155,\"seed\":[7379,54912,7472,34769]}\n>player p2 {\"name\":\"flyyygon\",\"avatar\":\"lass-gen4dp\",\"rating\":1206,\"seed\":[12898,11402,44971,21611]}\n>p1 move spikes\n>p2 move wickedblow\n>p1 move spikes\n>p2 move wickedblow\n>p1 switch 2\n>p1 move thunderwave\n>p2 move wickedblow\n>p1 move gunkshot\n>p2 move wickedblow\n>p1 switch 5\n>p1 move dragontail\n>p2 move wickedblow\n>p1 move dracometeor\n>p2 move earthquake\n>p1 switch 4\n>p1 move pyroball\n>p2 move earthquake\n>p2 switch 4\n>p1 move pyroball\n>p2 move liquidation terastallize\n>p1 switch 3\n>p2 move liquidation\n>p1 move gigadrain\n>p2 move icespinner\n>forcelose p1", "uploadtime": 1733802558, "views": 26, "formatid": "gen9randombattle", "rating": 1134, "private": 0, "password": null}