{"id": "gen9randombattle-2224719812", "format": "[Gen 9] Random Battle", "players": ["Qiuescent", "applo"], "log": "|j|\u203dQiuescent\n|j|\u2606applo\n|t:|1729143156\n|gametype|singles\n|player|p1|Qiuescent|169|2234\n|player|p2|applo|266|2250\n|teamsize|p1|6\n|teamsize|p2|6\n|gen|9\n|tier|[Gen 9] Random Battle\n|rated|\n|rule|Species Clause: Limit one of each Pok\u00e9mon\n|rule|HP Percentage Mod: HP is shown in percentages\n|rule|Sleep Clause Mod: Limit one foe put to sleep\n|rule|Illusion Level Mod: Illusion disguises the Pok\u00e9mon's true level\n|\n|t:|1729143156\n|start\n|switch|p1a: Grumpig|Grumpig, L92, M|297/297\n|switch|p2a: Ho-Oh|Ho-Oh, L71|268/268\n|turn|1\n|inactive|Battle timer is ON: inactive players will automatically lose when time's up. (requested by Qiuescent)\n|\n|t:|1729143220\n|switch|p2a: Electrode|Electrode, L92|260/260\n|move|p1a: Grumpig|Trick|p2a: Electrode\n|-activate|p1a: Grumpig|move: Trick|[of] p2a: Electrode\n|-item|p2a: Electrode|Choice Scarf|[from] move: Trick\n|-item|p1a: Grumpig|Life Orb|[from] move: Trick\n|\n|upkeep\n|turn|2\n|\n|t:|1729143243\n|move|p2a: Electrode|Foul Play|p1a: Grumpig\n|-supereffective|p1a: Grumpig\n|-damage|p1a: Grumpig|225/297\n|move|p1a: Grumpig|Psyshock|p2a: Electrode\n|-damage|p2a: Electrode|120/260\n|-damage|p1a: Grumpig|196/297|[from] item: Life Orb\n|\n|upkeep\n|turn|3\n|\n|t:|1729143248\n|switch|p2a: Cacturne|Cacturne, L92, M|278/278\n|move|p1a: Grumpig|Psyshock|p2a: Cacturne\n|-immune|p2a: Cacturne\n|\n|upkeep\n|turn|4\n|\n|t:|1729143251\n|switch|p1a: Overqwil|Overqwil, L82, M|274/274\n|-ability|p1a: Overqwil|Intimidate|boost\n|-unboost|p2a: Cacturne|atk|1\n|move|p2a: Cacturne|Sucker Punch||[still]\n|-fail|p2a: Cacturne\n|\n|upkeep\n|turn|5\n|\n|t:|1729143255\n|switch|p2a: Bastiodon|Bastiodon, L89, F|252/252\n|move|p1a: Overqwil|Gunk Shot|p2a: Bastiodon\n|-immune|p2a: Bastiodon\n|\n|upkeep\n|turn|6\n|\n|t:|1729143266\n|switch|p1a: Goodra|Goodra, L85, F|292/292\n|move|p2a: Bastiodon|Iron Defense|p2a: Bastiodon\n|-boost|p2a: Bastiodon|def|2\n|\n|upkeep\n|turn|7\n|\n|t:|1729143270\n|move|p1a: Goodra|Scald|p2a: Bastiodon\n|-supereffective|p2a: Bastiodon\n|-damage|p2a: Bastiodon|162/252\n|move|p2a: Bastiodon|Body Press|p1a: Goodra\n|-damage|p1a: Goodra|72/292\n|\n|upkeep\n|turn|8\n|\n|t:|1729143277\n|move|p1a: Goodra|Scald|p2a: Bastiodon\n|-supereffective|p2a: Bastiodon\n|-damage|p2a: Bastiodon|70/252\n|-status|p2a: Bastiodon|brn\n|move|p2a: Bastiodon|Body Press|p1a: Goodra\n|-damage|p1a: Goodra|0 fnt\n|faint|p1a: Goodra\n|\n|-damage|p2a: Bastiodon|55/252 brn|[from] brn\n|upkeep\n|\n|t:|1729143283\n|switch|p1a: Grumpig|Grumpig, L92, M|196/297\n|turn|9\n|\n|t:|1729143287\n|move|p1a: Grumpig|Earth Power|p2a: Bastiodon\n|-supereffective|p2a: Bastiodon\n|-damage|p2a: Bastiodon|0 fnt\n|faint|p2a: Bastiodon\n|-damage|p1a: Grumpig|167/297|[from] item: Life Orb\n|\n|upkeep\n|\n|t:|1729143290\n|switch|p2a: Iron Jugulis|Iron Jugulis, L78|275/275\n|turn|10\n|\n|t:|1729143294\n|switch|p1a: Dedenne|Dedenne, L88, F|261/261\n|move|p2a: Iron Jugulis|Dark Pulse|p1a: Dedenne\n|-resisted|p1a: Dedenne\n|-damage|p1a: Dedenne|186/261\n|\n|upkeep\n|turn|11\n|\n|t:|1729143298\n|-end|p2a: Iron Jugulis|Quark Drive|[silent]\n|switch|p2a: Electrode|Electrode, L92|120/260\n|move|p1a: Dedenne|Dazzling Gleam|p2a: Electrode\n|-damage|p2a: Electrode|42/260\n|\n|upkeep\n|turn|12\n|\n|t:|1729143301\n|move|p2a: Electrode|Explosion|p1a: Dedenne\n|-damage|p1a: Dedenne|18/261\n|-enditem|p1a: Dedenne|Sitrus Berry|[eat]\n|-heal|p1a: Dedenne|83/261|[from] item: Sitrus Berry\n|-heal|p1a: Dedenne|170/261|[from] ability: Cheek Pouch\n|faint|p2a: Electrode\n|move|p1a: Dedenne|Dazzling Gleam|p2: Electrode|[notarget]\n|-fail|p1a: Dedenne\n|\n|upkeep\n|\n|t:|1729143309\n|switch|p2a: Cacturne|Cacturne, L92, M|278/278\n|turn|13\n|\n|t:|1729143313\n|switch|p1a: Overqwil|Overqwil, L82, M|274/274\n|-ability|p1a: Overqwil|Intimidate|boost\n|-unboost|p2a: Cacturne|atk|1\n|move|p2a: Cacturne|Leaf Storm|p1a: Overqwil\n|-resisted|p1a: Overqwil\n|-crit|p1a: Overqwil\n|-damage|p1a: Overqwil|48/274\n|-unboost|p2a: Cacturne|spa|2\n|-damage|p2a: Cacturne|251/278|[from] item: Life Orb\n|\n|upkeep\n|turn|14\n|\n|t:|1729143319\n|move|p2a: Cacturne|Sucker Punch|p1a: Overqwil\n|-resisted|p1a: Overqwil\n|-damage|p1a: Overqwil|5/274\n|-damage|p2a: Cacturne|224/278|[from] item: Life Orb\n|move|p1a: Overqwil|Gunk Shot|p2a: Cacturne\n|-supereffective|p2a: Cacturne\n|-damage|p2a: Cacturne|0 fnt\n|faint|p2a: Cacturne\n|-damage|p1a: Overqwil|0 fnt|[from] item: Life Orb\n|faint|p1a: Overqwil\n|\n|upkeep\n|\n|t:|1729143325\n|switch|p1a: Girafarig|Girafarig, L89, M|269/269\n|switch|p2a: Iron Jugulis|Iron Jugulis, L78|275/275\n|turn|15\n|\n|t:|1729143328\n|-terastallize|p1a: Girafarig|Fairy\n|move|p2a: Iron Jugulis|Dark Pulse|p1a: Girafarig\n|-resisted|p1a: Girafarig\n|-damage|p1a: Girafarig|220/269\n|move|p1a: Girafarig|Dazzling Gleam|p2a: Iron Jugulis\n|-supereffective|p2a: Iron Jugulis\n|-damage|p2a: Iron Jugulis|51/275\n|\n|upkeep\n|turn|16\n|\n|t:|1729143332\n|-end|p2a: Iron Jugulis|Quark Drive|[silent]\n|switch|p2a: Ho-Oh|Ho-Oh, L71|268/268\n|move|p1a: Girafarig|Nasty Plot|p1a: Girafarig\n|-boost|p1a: Girafarig|spa|2\n|\n|upkeep\n|turn|17\n|\n|t:|1729143336\n|move|p1a: Girafarig|Psyshock|p2a: Ho-Oh\n|-damage|p2a: Ho-Oh|45/268\n|move|p2a: Ho-Oh|Sacred Fire|p1a: Girafarig\n|-damage|p1a: Girafarig|139/269\n|\n|upkeep\n|turn|18\n|\n|t:|1729143357\n|switch|p2a: Iron Jugulis|Iron Jugulis, L78|51/275\n|move|p1a: Girafarig|Dazzling Gleam|p2a: Iron Jugulis\n|-supereffective|p2a: Iron Jugulis\n|-damage|p2a: Iron Jugulis|0 fnt\n|faint|p2a: Iron Jugulis\n|-end|p2a: Iron Jugulis|Quark Drive|[silent]\n|\n|upkeep\n|\n|t:|1729143360\n|switch|p2a: Ho-Oh|Ho-Oh, L71|134/268\n|turn|19\n|\n|t:|1729143362\n|-terastallize|p2a: Ho-Oh|Steel\n|move|p1a: Girafarig|Psyshock|p2a: Ho-Oh\n|-resisted|p2a: Ho-Oh\n|-damage|p2a: Ho-Oh|31/268\n|move|p2a: Ho-Oh|Recover|p2a: Ho-Oh\n|-heal|p2a: Ho-Oh|165/268\n|\n|upkeep\n|turn|20\n|\n|t:|1729143366\n|move|p1a: Girafarig|Shadow Ball|p2a: Ho-Oh\n|-damage|p2a: Ho-Oh|70/268\n|move|p2a: Ho-Oh|Sacred Fire|p1a: Girafarig\n|-damage|p1a: Girafarig|66/269\n|\n|upkeep\n|turn|21\n|\n|t:|1729143374\n|switch|p2a: Rillaboom|Rillaboom, L79, M|288/288\n|-fieldstart|move: Grassy Terrain|[from] ability: Grassy Surge|[of] p2a: Rillaboom\n|move|p1a: Girafarig|Shadow Ball|p2a: Rillaboom\n|-damage|p2a: Rillaboom|133/288\n|\n|-heal|p1a: Girafarig|82/269|[from] Grassy Terrain\n|-heal|p2a: Rillaboom|151/288|[from] Grassy Terrain\n|upkeep\n|turn|22\n|\n|t:|1729143381\n|move|p1a: Girafarig|Dazzling Gleam|p2a: Rillaboom\n|-damage|p2a: Rillaboom|0 fnt\n|faint|p2a: Rillaboom\n|\n|-heal|p1a: Girafarig|98/269|[from] Grassy Terrain\n|upkeep\n|\n|t:|1729143383\n|switch|p2a: Ho-Oh|Ho-Oh, L71, tera:Steel|159/268\n|turn|23\n|\n|t:|1729143390\n|move|p1a: Girafarig|Nasty Plot|p1a: Girafarig\n|-boost|p1a: Girafarig|spa|2\n|move|p2a: Ho-Oh|Recover|p2a: Ho-Oh\n|-heal|p2a: Ho-Oh|268/268\n|\n|-heal|p1a: Girafarig|114/269|[from] Grassy Terrain\n|upkeep\n|turn|24\n|\n|t:|1729143392\n|move|p1a: Girafarig|Shadow Ball|p2a: Ho-Oh\n|-damage|p2a: Ho-Oh|122/268\n|move|p2a: Ho-Oh|Brave Bird|p1a: Girafarig\n|-damage|p1a: Girafarig|15/269\n|-damage|p2a: Ho-Oh|89/268|[from] Recoil\n|\n|-heal|p1a: Girafarig|31/269|[from] Grassy Terrain\n|-heal|p2a: Ho-Oh|105/268|[from] Grassy Terrain\n|upkeep\n|turn|25\n|-message|applo forfeited.\n|\n|win|Qiuescent\n|raw|Qiuescent's rating: 2234 &rarr; <strong>2255</strong><br />(+21 for winning)\n|raw|applo's rating: 2250 &rarr; <strong>2229</strong><br />(-21 for losing)\n|l|\u2606applo\n|player|p2|\n", "inputlog": ">version 24b5ea12b3dbe77b1f0aa07975a48e3bd4b94ca5\n>start {\"formatid\":\"gen9randombattle\",\"seed\":[4438,64139,63863,55675],\"rated\":\"Rated battle\"}\n>player p1 {\"name\":\"Qiuescent\",\"avatar\":\"169\",\"rating\":2234,\"seed\":[55454,26679,3498,61346]}\n>player p2 {\"name\":\"applo\",\"avatar\":\"266\",\"rating\":2250,\"seed\":[56704,62505,5469,20260]}\n>p1 move trick\n>p2 switch 5\n>p1 move psyshock\n>p2 move foulplay\n>p1 move psyshock\n>p2 switch 3\n>p1 switch 5\n>p2 move suckerpunch\n>p1 move gunkshot\n>p2 switch 6\n>p1 switch 6\n>p2 move irondefense\n>p1 move scald\n>p2 move bodypress\n>p1 move scald\n>p2 move bodypress\n>p1 switch 5\n>p1 move earthpower\n>p2 move rest\n>p2 switch 2\n>p1 switch 3\n>p2 move darkpulse\n>p1 move dazzlinggleam\n>p2 switch 3\n>p1 move dazzlinggleam\n>p2 move explosion\n>p2 switch 6\n>p1 switch 6\n>p2 move leafstorm\n>p1 move gunkshot\n>p2 move suckerpunch\n>p1 switch 2\n>p2 switch 3\n>p1 move dazzlinggleam terastallize\n>p2 move darkpulse\n>p1 move nastyplot\n>p2 switch 5\n>p1 move psyshock\n>p2 move sacredfire\n>p1 move dazzlinggleam\n>p2 switch 5\n>p2 switch 5\n>p1 move psyshock\n>p2 move recover terastallize\n>p1 move shadowball\n>p2 move sacredfire\n>p1 move shadowball\n>p2 switch 4\n>p1 move dazzlinggleam\n>p2 move knockoff\n>p2 switch 4\n>p1 move nastyplot\n>p2 move recover\n>p1 move shadowball\n>p2 move bravebird\n>forcelose p2", "uploadtime": 1729143399, "views": 56, "formatid": "gen9randombattle", "rating": 2229, "private": 0, "password": null}