{"id": "gen9randombattle-2260431098", "format": "[Gen 9] Random Battle", "players": ["its clownning time", "hiroakiruby"], "log": "|j|\u2606its clownning time\n|j|\u2606hiroakiruby\n|t:|1733850941\n|gametype|singles\n|player|p1|its clownning time|clown|1668\n|player|p2|hiroakiruby|170|1715\n|teamsize|p1|6\n|teamsize|p2|6\n|gen|9\n|tier|[Gen 9] Random Battle\n|rated|\n|rule|Species Clause: Limit one of each Pok\u00e9mon\n|rule|HP Percentage Mod: HP is shown in percentages\n|rule|Sleep Clause Mod: Limit one foe put to sleep\n|rule|Illusion Level Mod: Illusion disguises the Pok\u00e9mon's true level\n|\n|t:|1733850941\n|start\n|switch|p1a: Garganacl|Garganacl, L80, M|291/291\n|switch|p2a: Orthworm|Orthworm, L88, F|266/266\n|turn|1\n|inactive|Battle timer is ON: inactive players will automatically lose when time's up. (requested by its clownning time)\n|l|\u2606hiroakiruby\n|inactive|hiroakiruby disconnected and has a minute to reconnect!\n|player|p2|\n|j|\u2606hiroakiruby\n|inactive|hiroakiruby reconnected and has 130 seconds left.\n|player|p2|hiroakiruby|170|\n|inactive|hiroakiruby has 120 seconds left.\n|\n|t:|1733851001\n|move|p2a: Orthworm|Heavy Slam|p1a: Garganacl\n|-supereffective|p1a: Garganacl\n|-damage|p1a: Garganacl|229/291\n|move|p1a: Garganacl|Stealth Rock|p2a: Orthworm\n|-sidestart|p2: hiroakiruby|move: Stealth Rock\n|\n|-heal|p1a: Garganacl|247/291|[from] item: Leftovers\n|upkeep\n|turn|2\n|\n|t:|1733851014\n|move|p2a: Orthworm|Spikes|p1a: Garganacl\n|-sidestart|p1: its clownning time|Spikes\n|move|p1a: Garganacl|Body Press|p2a: Orthworm\n|-supereffective|p2a: Orthworm\n|-damage|p2a: Orthworm|180/266\n|\n|-heal|p1a: Garganacl|265/291|[from] item: Leftovers\n|upkeep\n|turn|3\n|c|\u2606hiroakiruby|Tf\n|c|\u2606hiroakiruby|So bulky\n|\n|t:|1733851035\n|move|p2a: Orthworm|Spikes|p1a: Garganacl\n|-sidestart|p1: its clownning time|Spikes\n|move|p1a: Garganacl|Salt Cure|p2a: Orthworm\n|-resisted|p2a: Orthworm\n|-damage|p2a: Orthworm|167/266\n|-start|p2a: Orthworm|Salt Cure\n|\n|-heal|p1a: Garganacl|283/291|[from] item: Leftovers\n|-damage|p2a: Orthworm|101/266|[from] Salt Cure\n|upkeep\n|turn|4\n|\n|t:|1733851051\n|move|p2a: Orthworm|Rest|p2a: Orthworm\n|-status|p2a: Orthworm|slp|[from] move: Rest\n|-heal|p2a: Orthworm|266/266 slp|[silent]\n|-enditem|p2a: Orthworm|Chesto Berry|[eat]\n|-curestatus|p2a: Orthworm|slp|[msg]\n|move|p1a: Garganacl|Body Press|p2a: Orthworm\n|-supereffective|p2a: Orthworm\n|-damage|p2a: Orthworm|174/266\n|\n|-heal|p1a: Garganacl|291/291|[from] item: Leftovers\n|-damage|p2a: Orthworm|108/266|[from] Salt Cure\n|upkeep\n|turn|5\n|\n|t:|1733851067\n|switch|p2a: Jumpluff|Jumpluff, L87, F|271/271\n|-damage|p2a: Jumpluff|204/271|[from] Stealth Rock\n|move|p1a: Garganacl|Body Press|p2a: Jumpluff\n|-resisted|p2a: Jumpluff\n|-damage|p2a: Jumpluff|167/271\n|\n|upkeep\n|turn|6\n|\n|t:|1733851078\n|move|p2a: Jumpluff|Substitute|p2a: Jumpluff\n|-start|p2a: Jumpluff|Substitute\n|-damage|p2a: Jumpluff|100/271\n|move|p1a: Garganacl|Salt Cure|p2a: Jumpluff\n|-supereffective|p2a: Jumpluff\n|-end|p2a: Jumpluff|Substitute\n|\n|upkeep\n|turn|7\n|\n|t:|1733851090\n|move|p2a: Jumpluff|Strength Sap|p1a: Garganacl\n|-unboost|p1a: Garganacl|atk|1\n|-heal|p2a: Jumpluff|271/271\n|move|p1a: Garganacl|Salt Cure|p2a: Jumpluff\n|-supereffective|p2a: Jumpluff\n|-damage|p2a: Jumpluff|209/271\n|-start|p2a: Jumpluff|Salt Cure\n|\n|-damage|p2a: Jumpluff|176/271|[from] Salt Cure\n|upkeep\n|turn|8\n|\n|t:|1733851099\n|move|p2a: Jumpluff|Leech Seed|p1a: Garganacl\n|-start|p1a: Garganacl|move: Leech Seed\n|move|p1a: Garganacl|Body Press|p2a: Jumpluff\n|-resisted|p2a: Jumpluff\n|-damage|p2a: Jumpluff|136/271\n|\n|-damage|p1a: Garganacl|255/291|[from] Leech Seed|[of] p2a: Jumpluff\n|-heal|p2a: Jumpluff|172/271|[silent]\n|-damage|p2a: Jumpluff|139/271|[from] Salt Cure\n|upkeep\n|turn|9\n|\n|t:|1733851105\n|switch|p1a: Grafaiai|Grafaiai, L86, F|249/249\n|move|p2a: Jumpluff|Strength Sap|p1a: Grafaiai\n|-unboost|p1a: Grafaiai|atk|1\n|-heal|p2a: Jumpluff|271/271\n|\n|-damage|p2a: Jumpluff|238/271|[from] Salt Cure\n|upkeep\n|turn|10\n|\n|t:|1733851117\n|switch|p2a: Orthworm|Orthworm, L88, F|108/266\n|-damage|p2a: Orthworm|92/266|[from] Stealth Rock\n|move|p1a: Grafaiai|Knock Off|p2a: Orthworm\n|-damage|p2a: Orthworm|70/266\n|\n|upkeep\n|turn|11\n|\n|t:|1733851132\n|move|p1a: Grafaiai|Parting Shot|p2a: Orthworm\n|-unboost|p2a: Orthworm|atk|1\n|-unboost|p2a: Orthworm|spa|1\n|\n|t:|1733851134\n|switch|p1a: Toxtricity|Toxtricity, L82, M|257/257|[from] Parting Shot\n|-damage|p1a: Toxtricity|215/257|[from] Spikes\n|move|p2a: Orthworm|Heavy Slam|p1a: Toxtricity\n|-resisted|p1a: Toxtricity\n|-damage|p1a: Toxtricity|166/257\n|\n|upkeep\n|turn|12\n|\n|t:|1733851151\n|move|p1a: Toxtricity|Overdrive|p2a: Orthworm\n|-damage|p2a: Orthworm|0 fnt\n|faint|p2a: Orthworm\n|\n|upkeep\n|\n|t:|1733851159\n|switch|p2a: Bellibolt|Bellibolt, L84, F|320/320\n|-damage|p2a: Bellibolt|280/320|[from] Stealth Rock\n|turn|13\n|\n|t:|1733851163\n|switch|p1a: Flygon|Flygon, L82, F|265/265\n|move|p2a: Bellibolt|Volt Switch|p1a: Flygon\n|-immune|p1a: Flygon\n|\n|-heal|p2a: Bellibolt|300/320|[from] item: Leftovers\n|upkeep\n|turn|14\n|\n|t:|1733851170\n|-terastallize|p2a: Bellibolt|Water\n|move|p1a: Flygon|U-turn|p2a: Bellibolt\n|-damage|p2a: Bellibolt|235/320\n|-start|p2a: Bellibolt|Charge|U-turn|[from] ability: Electromorphosis\n|\n|t:|1733851173\n|switch|p1a: Toxtricity|Toxtricity, L82, M|166/257|[from] U-turn\n|-damage|p1a: Toxtricity|124/257|[from] Spikes\n|move|p2a: Bellibolt|Muddy Water|p1a: Toxtricity\n|-damage|p1a: Toxtricity|0 fnt\n|faint|p1a: Toxtricity\n|\n|-heal|p2a: Bellibolt|255/320|[from] item: Leftovers\n|upkeep\n|\n|t:|1733851184\n|switch|p1a: Grafaiai|Grafaiai, L86, F|249/249\n|turn|15\n|\n|t:|1733851188\n|move|p1a: Grafaiai|Knock Off|p2a: Bellibolt\n|-damage|p2a: Bellibolt|183/320\n|-start|p2a: Bellibolt|Charge|Knock Off|[from] ability: Electromorphosis\n|-enditem|p2a: Bellibolt|Leftovers|[from] move: Knock Off|[of] p1a: Grafaiai\n|move|p2a: Bellibolt|Thunderbolt|p1a: Grafaiai\n|-crit|p1a: Grafaiai\n|-damage|p1a: Grafaiai|0 fnt\n|faint|p1a: Grafaiai\n|-end|p2a: Bellibolt|Charge|[silent]\n|\n|upkeep\n|\n|t:|1733851199\n|switch|p1a: Flygon|Flygon, L82, F|265/265\n|turn|16\n|\n|t:|1733851205\n|move|p1a: Flygon|Outrage|p2a: Bellibolt\n|-damage|p2a: Bellibolt|11/320\n|-start|p2a: Bellibolt|Charge|Outrage|[from] ability: Electromorphosis\n|move|p2a: Bellibolt|Slack Off|p2a: Bellibolt\n|-heal|p2a: Bellibolt|171/320\n|\n|upkeep\n|turn|17\n|\n|t:|1733851215\n|move|p1a: Flygon|Outrage|p2a: Bellibolt|[from]lockedmove\n|-damage|p2a: Bellibolt|0 fnt\n|faint|p2a: Bellibolt\n|-start|p1a: Flygon|confusion|[fatigue]\n|\n|upkeep\n|inactive|hiroakiruby has 120 seconds left.\n|\n|t:|1733851242\n|switch|p2a: Phione|Phione, L91|293/293\n|-damage|p2a: Phione|257/293|[from] Stealth Rock\n|turn|18\n|\n|t:|1733851252\n|switch|p1a: Garganacl|Garganacl, L80, M|255/291\n|-damage|p1a: Garganacl|207/291|[from] Spikes\n|move|p2a: Phione|Scald|p1a: Garganacl\n|-supereffective|p1a: Garganacl\n|-damage|p1a: Garganacl|43/291\n|\n|-heal|p2a: Phione|275/293|[from] item: Leftovers\n|-heal|p1a: Garganacl|61/291|[from] item: Leftovers\n|upkeep\n|turn|19\n|\n|t:|1733851261\n|move|p2a: Phione|Scald|p1a: Garganacl\n|-supereffective|p1a: Garganacl\n|-damage|p1a: Garganacl|0 fnt\n|faint|p1a: Garganacl\n|\n|-heal|p2a: Phione|293/293|[from] item: Leftovers\n|upkeep\n|\n|t:|1733851266\n|switch|p1a: Lilligant|Lilligant, L86, F|261/261\n|-damage|p1a: Lilligant|218/261|[from] Spikes\n|turn|20\n|\n|t:|1733851280\n|switch|p2a: Jumpluff|Jumpluff, L87, F|238/271\n|-damage|p2a: Jumpluff|171/271|[from] Stealth Rock\n|move|p1a: Lilligant|Quiver Dance|p1a: Lilligant\n|-boost|p1a: Lilligant|spa|1\n|-boost|p1a: Lilligant|spd|1\n|-boost|p1a: Lilligant|spe|1\n|\n|upkeep\n|turn|21\n|\n|t:|1733851295\n|-terastallize|p1a: Lilligant|Fire\n|move|p1a: Lilligant|Tera Blast|p2a: Jumpluff|[anim] Tera Blast Fire\n|-supereffective|p2a: Jumpluff\n|-damage|p2a: Jumpluff|0 fnt\n|faint|p2a: Jumpluff\n|-damage|p1a: Lilligant|192/261|[from] item: Life Orb\n|\n|upkeep\n|\n|t:|1733851307\n|switch|p2a: Volcarona|Volcarona, L77, M|257/257\n|turn|22\n|\n|t:|1733851319\n|move|p1a: Lilligant|Sleep Powder|p2a: Volcarona\n|-status|p2a: Volcarona|slp|[from] move: Sleep Powder\n|cant|p2a: Volcarona|slp\n|\n|upkeep\n|turn|23\n|\n|t:|1733851336\n|move|p1a: Lilligant|Quiver Dance|p1a: Lilligant\n|-boost|p1a: Lilligant|spa|1\n|-boost|p1a: Lilligant|spd|1\n|-boost|p1a: Lilligant|spe|1\n|cant|p2a: Volcarona|slp\n|\n|upkeep\n|turn|24\n|\n|t:|1733851343\n|move|p1a: Lilligant|Quiver Dance|p1a: Lilligant\n|-boost|p1a: Lilligant|spa|1\n|-boost|p1a: Lilligant|spd|1\n|-boost|p1a: Lilligant|spe|1\n|cant|p2a: Volcarona|slp\n|\n|upkeep\n|turn|25\n|\n|t:|1733851346\n|move|p1a: Lilligant|Quiver Dance|p1a: Lilligant\n|-boost|p1a: Lilligant|spa|1\n|-boost|p1a: Lilligant|spd|1\n|-boost|p1a: Lilligant|spe|1\n|-curestatus|p2a: Volcarona|slp|[msg]\n|move|p2a: Volcarona|Tera Blast|p1a: Lilligant\n|-damage|p1a: Lilligant|169/261\n|\n|upkeep\n|turn|26\n|\n|t:|1733851350\n|move|p1a: Lilligant|Sleep Powder|p2a: Volcarona\n|-status|p2a: Volcarona|slp|[from] move: Sleep Powder\n|cant|p2a: Volcarona|slp\n|\n|upkeep\n|turn|27\n|\n|t:|1733851353\n|move|p1a: Lilligant|Quiver Dance|p1a: Lilligant\n|-boost|p1a: Lilligant|spa|1\n|-boost|p1a: Lilligant|spd|1\n|-boost|p1a: Lilligant|spe|1\n|cant|p2a: Volcarona|slp\n|\n|upkeep\n|turn|28\n|\n|t:|1733851355\n|move|p1a: Lilligant|Quiver Dance|p1a: Lilligant\n|-boost|p1a: Lilligant|spa|1\n|-boost|p1a: Lilligant|spd|1\n|-boost|p1a: Lilligant|spe|1\n|cant|p2a: Volcarona|slp\n|\n|upkeep\n|turn|29\n|\n|t:|1733851358\n|move|p1a: Lilligant|Tera Blast|p2a: Volcarona|[anim] Tera Blast Fire\n|-damage|p2a: Volcarona|0 fnt\n|faint|p2a: Volcarona\n|-damage|p1a: Lilligant|143/261|[from] item: Life Orb\n|\n|upkeep\n|\n|t:|1733851369\n|switch|p2a: Phione|Phione, L91|293/293\n|-damage|p2a: Phione|257/293|[from] Stealth Rock\n|turn|30\n|\n|t:|1733851378\n|move|p1a: Lilligant|Giga Drain|p2a: Phione\n|-supereffective|p2a: Phione\n|-damage|p2a: Phione|0 fnt\n|-heal|p1a: Lilligant|261/261|[from] drain|[of] p2a: Phione\n|faint|p2a: Phione\n|-damage|p1a: Lilligant|235/261|[from] item: Life Orb\n|\n|upkeep\n|\n|t:|1733851381\n|switch|p2a: Maushold|Maushold, L76|238/238\n|-damage|p2a: Maushold|209/238|[from] Stealth Rock\n|turn|31\n|\n|t:|1733851383\n|move|p1a: Lilligant|Tera Blast|p2a: Maushold|[anim] Tera Blast Fire\n|-damage|p2a: Maushold|0 fnt\n|faint|p2a: Maushold\n|-damage|p1a: Lilligant|209/261|[from] item: Life Orb\n|\n|win|its clownning time\n|raw|its clownning time's rating: 1668 &rarr; <strong>1691</strong><br />(+23 for winning)\n|raw|hiroakiruby's rating: 1715 &rarr; <strong>1692</strong><br />(-23 for losing)\n", "inputlog": ">version bfd83cad13791eb5a5a409923076391caf6fb4d4\n>start {\"formatid\":\"gen9randombattle\",\"seed\":[38586,24704,28510,56701],\"rated\":\"Rated battle\"}\n>player p1 {\"name\":\"its clownning time\",\"avatar\":\"clown\",\"rating\":1668,\"seed\":[34448,7983,32416,28987]}\n>player p2 {\"name\":\"hiroakiruby\",\"avatar\":\"170\",\"rating\":1715,\"seed\":[2794,26565,8559,18560]}\n>p1 move stealthrock\n>p2 move heavyslam\n>p1 move bodypress\n>p2 move spikes\n>chat \u2606hiroakiruby|Tf\n>chat \u2606hiroakiruby|So bulky\n>p1 move saltcure\n>p2 move spikes\n>p1 move bodypress\n>p2 move rest\n>p1 move bodypress\n>p2 switch 6\n>p1 move saltcure\n>p2 move substitute\n>p1 move saltcure\n>p2 move strengthsap\n>p1 move bodypress\n>p2 move leechseed\n>p1 switch 2\n>p2 move strengthsap\n>p1 move knockoff\n>p2 switch 6\n>p1 move partingshot\n>p2 move heavyslam\n>p1 switch 3\n>p1 move overdrive\n>p2 move heavyslam\n>p2 switch 3\n>p1 switch 4\n>p2 move voltswitch\n>p1 move uturn\n>p2 move muddywater terastallize\n>p1 switch 4\n>p1 switch 3\n>p1 move knockoff\n>p2 move thunderbolt\n>p1 switch 4\n>p1 move outrage\n>p2 move slackoff\n>p1 move outrage\n>p2 move muddywater\n>p2 switch 4\n>p1 switch 2\n>p2 move scald\n>p1 move saltcure\n>p2 move scald\n>p1 switch 5\n>p1 move quiverdance\n>p2 switch 6\n>p1 move terablast terastallize\n>p2 move acrobatics\n>p2 switch 2\n>p1 move sleeppowder\n>p2 move quiverdance\n>p1 move quiverdance\n>p2 move quiverdance\n>p1 move quiverdance\n>p2 move terablast\n>p1 move quiverdance\n>p2 move terablast\n>p1 move sleeppowder\n>p2 move terablast\n>p1 move quiverdance\n>p2 move terablast\n>p1 move quiverdance\n>p2 move terablast\n>p1 move terablast\n>p2 move terablast\n>p2 switch 6\n>p1 move gigadrain\n>p2 move scald\n>p2 switch 5\n>p1 move terablast\n>p2 move tidyup", "uploadtime": 1733851385, "views": 2, "formatid": "gen9randombattle", "rating": 1691, "private": 0, "password": null}