{"id": "gen9randombattle-2259902910", "format": "[Gen 9] Random Battle", "players": ["asdfljsdf", "Santos Guadalupe"], "log": "|j|\u2606asdfljsdf\n|j|\u2606Santos Guadalupe\n|t:|1733778226\n|gametype|singles\n|player|p1|asdfljsdf|2|1624\n|player|p2|Santos Guadalupe|steven|1580\n|teamsize|p1|6\n|teamsize|p2|6\n|gen|9\n|tier|[Gen 9] Random Battle\n|rated|\n|rule|Species Clause: Limit one of each Pok\u00e9mon\n|rule|HP Percentage Mod: HP is shown in percentages\n|rule|Sleep Clause Mod: Limit one foe put to sleep\n|rule|Illusion Level Mod: Illusion disguises the Pok\u00e9mon's true level\n|\n|t:|1733778226\n|start\n|switch|p1a: Enamorus|Enamorus-Therian, L83, F|259/259\n|switch|p2a: Rotom|Rotom-Mow, L86|226/226\n|turn|1\n|inactive|Battle timer is ON: inactive players will automatically lose when time's up. (requested by Santos Guadalupe)\n|inactive|asdfljsdf has 120 seconds left.\n|inactive|asdfljsdf has 90 seconds left.\n|\n|t:|1733778325\n|move|p2a: Rotom|Volt Switch|p1a: Enamorus\n|-supereffective|p1a: Enamorus\n|-damage|p1a: Enamorus|111/259\n|-damage|p2a: Rotom|204/226|[from] item: Life Orb\n|\n|t:|1733778347\n|switch|p2a: Grimmsnarl|Grimmsnarl, L83, M|293/293|[from] Volt Switch\n|move|p1a: Enamorus|Moonblast|p2a: Grimmsnarl\n|-supereffective|p2a: Grimmsnarl\n|-damage|p2a: Grimmsnarl|0 fnt\n|faint|p2a: Grimmsnarl\n|\n|upkeep\n|\n|t:|1733778352\n|switch|p2a: Clodsire|Clodsire, L81, F|343/343\n|turn|2\n|\n|t:|1733778363\n|move|p1a: Enamorus|Earth Power|p2a: Clodsire\n|-supereffective|p2a: Clodsire\n|-damage|p2a: Clodsire|187/343\n|move|p2a: Clodsire|Stealth Rock|p1a: Enamorus\n|-sidestart|p1: asdfljsdf|move: Stealth Rock\n|\n|-heal|p2a: Clodsire|208/343|[from] item: Leftovers\n|upkeep\n|turn|3\n|\n|t:|1733778382\n|move|p1a: Enamorus|Earth Power|p2a: Clodsire\n|-supereffective|p2a: Clodsire\n|-damage|p2a: Clodsire|52/343\n|move|p2a: Clodsire|Gunk Shot|p1a: Enamorus|[miss]\n|-miss|p2a: Clodsire|p1a: Enamorus\n|\n|-heal|p2a: Clodsire|73/343|[from] item: Leftovers\n|upkeep\n|turn|4\n|\n|t:|1733778391\n|-terastallize|p2a: Clodsire|Flying\n|move|p1a: Enamorus|Moonblast|p2a: Clodsire\n|-damage|p2a: Clodsire|0 fnt\n|faint|p2a: Clodsire\n|\n|upkeep\n|\n|t:|1733778398\n|switch|p2a: Rotom|Rotom-Mow, L86|204/226\n|turn|5\n|\n|t:|1733778417\n|move|p2a: Rotom|Thunderbolt|p1a: Enamorus\n|-supereffective|p1a: Enamorus\n|-damage|p1a: Enamorus|0 fnt\n|faint|p1a: Enamorus\n|-damage|p2a: Rotom|182/226|[from] item: Life Orb\n|\n|upkeep\n|\n|t:|1733778425\n|switch|p1a: Porygon2|Porygon2, L82|274/274\n|-damage|p1a: Porygon2|240/274|[from] Stealth Rock\n|-ability|p1a: Porygon2|Download|boost\n|-boost|p1a: Porygon2|spa|1\n|turn|6\n|\n|t:|1733778439\n|move|p2a: Rotom|Volt Switch|p1a: Porygon2\n|-damage|p1a: Porygon2|170/274\n|-damage|p2a: Rotom|160/226|[from] item: Life Orb\n|\n|t:|1733778444\n|switch|p2a: Tauros|Tauros, L82, M|257/257|[from] Volt Switch\n|move|p1a: Porygon2|Tera Blast|p2a: Tauros\n|-damage|p2a: Tauros|109/257\n|\n|upkeep\n|turn|7\n|\n|t:|1733778455\n|switch|p1a: Hawlucha|Hawlucha, L80, F|256/256\n|-damage|p1a: Hawlucha|224/256|[from] Stealth Rock\n|move|p2a: Tauros|Close Combat|p1a: Hawlucha\n|-resisted|p1a: Hawlucha\n|-damage|p1a: Hawlucha|159/256\n|-unboost|p2a: Tauros|def|1\n|-unboost|p2a: Tauros|spd|1\n|-damage|p2a: Tauros|84/257|[from] item: Life Orb\n|\n|upkeep\n|turn|8\n|\n|t:|1733778464\n|move|p1a: Hawlucha|Acrobatics|p2a: Tauros\n|-damage|p2a: Tauros|5/257\n|move|p2a: Tauros|Zen Headbutt|p1a: Hawlucha\n|-supereffective|p1a: Hawlucha\n|-damage|p1a: Hawlucha|0 fnt\n|faint|p1a: Hawlucha\n|\n|upkeep\n|\n|t:|1733778473\n|switch|p1a: Iron Leaves|Iron Leaves, L80|275/275\n|-damage|p1a: Iron Leaves|241/275|[from] Stealth Rock\n|turn|9\n|\n|t:|1733778479\n|switch|p2a: Shaymin|Shaymin-Sky, L73|266/266\n|move|p1a: Iron Leaves|Swords Dance|p1a: Iron Leaves\n|-boost|p1a: Iron Leaves|atk|2\n|\n|upkeep\n|turn|10\n|\n|t:|1733778486\n|-end|p1a: Iron Leaves|Quark Drive|[silent]\n|switch|p1a: Baxcalibur|Baxcalibur, L75, F|295/295\n|-damage|p1a: Baxcalibur|222/295|[from] Stealth Rock\n|move|p2a: Shaymin|Air Slash|p1a: Baxcalibur\n|-damage|p1a: Baxcalibur|137/295\n|\n|upkeep\n|turn|11\n|\n|t:|1733778491\n|switch|p2a: Manaphy|Manaphy, L78|284/284\n|move|p1a: Baxcalibur|Ice Shard|p2a: Manaphy\n|-resisted|p2a: Manaphy\n|-damage|p2a: Manaphy|249/284\n|\n|-heal|p2a: Manaphy|266/284|[from] item: Leftovers\n|upkeep\n|turn|12\n|\n|t:|1733778496\n|switch|p1a: Dudunsparce|Dudunsparce-Three-Segment, L83, M|343/343\n|-damage|p1a: Dudunsparce|301/343|[from] Stealth Rock\n|move|p2a: Manaphy|Tail Glow|p2a: Manaphy\n|-boost|p2a: Manaphy|spa|3\n|\n|-heal|p2a: Manaphy|283/284|[from] item: Leftovers\n|-heal|p1a: Dudunsparce|322/343|[from] item: Leftovers\n|upkeep\n|turn|13\n|\n|t:|1733778501\n|move|p2a: Manaphy|Hydro Pump|p1a: Dudunsparce\n|-damage|p1a: Dudunsparce|16/343\n|move|p1a: Dudunsparce|Glare|p2a: Manaphy\n|-status|p2a: Manaphy|par\n|\n|-heal|p1a: Dudunsparce|37/343|[from] item: Leftovers\n|-heal|p2a: Manaphy|284/284 par|[from] item: Leftovers\n|upkeep\n|turn|14\n|\n|t:|1733778507\n|switch|p2a: Shaymin|Shaymin-Sky, L73|266/266\n|move|p1a: Dudunsparce|Headbutt|p2a: Shaymin\n|-damage|p2a: Shaymin|176/266\n|\n|-heal|p1a: Dudunsparce|58/343|[from] item: Leftovers\n|upkeep\n|turn|15\n|\n|t:|1733778511\n|move|p2a: Shaymin|Air Slash|p1a: Dudunsparce\n|-damage|p1a: Dudunsparce|0 fnt\n|faint|p1a: Dudunsparce\n|\n|upkeep\n|\n|t:|1733778513\n|switch|p1a: Porygon2|Porygon2, L82|170/274\n|-damage|p1a: Porygon2|136/274|[from] Stealth Rock\n|-ability|p1a: Porygon2|Download|boost\n|-boost|p1a: Porygon2|spa|1\n|turn|16\n|\n|t:|1733778518\n|move|p2a: Shaymin|Seed Flare|p1a: Porygon2\n|-damage|p1a: Porygon2|64/274\n|-unboost|p1a: Porygon2|spd|2\n|move|p1a: Porygon2|Recover|p1a: Porygon2\n|-heal|p1a: Porygon2|201/274\n|\n|upkeep\n|turn|17\n|\n|t:|1733778523\n|move|p2a: Shaymin|Seed Flare|p1a: Porygon2|[miss]\n|-miss|p2a: Shaymin|p1a: Porygon2\n|move|p1a: Porygon2|Thunder Wave|p2a: Shaymin\n|-status|p2a: Shaymin|par\n|\n|upkeep\n|turn|18\n|\n|t:|1733778527\n|move|p1a: Porygon2|Tera Blast|p2a: Shaymin\n|-damage|p2a: Shaymin|11/266 par\n|move|p2a: Shaymin|Seed Flare|p1a: Porygon2|[miss]\n|-miss|p2a: Shaymin|p1a: Porygon2\n|\n|upkeep\n|turn|19\n|\n|t:|1733778534\n|move|p1a: Porygon2|Tera Blast|p2a: Shaymin\n|-damage|p2a: Shaymin|0 fnt\n|faint|p2a: Shaymin\n|\n|upkeep\n|\n|t:|1733778538\n|switch|p2a: Manaphy|Manaphy, L78|284/284 par\n|turn|20\n|\n|t:|1733778542\n|move|p1a: Porygon2|Tera Blast|p2a: Manaphy\n|-damage|p2a: Manaphy|157/284 par\n|move|p2a: Manaphy|Tail Glow|p2a: Manaphy\n|-boost|p2a: Manaphy|spa|3\n|\n|-heal|p2a: Manaphy|174/284 par|[from] item: Leftovers\n|upkeep\n|turn|21\n|\n|t:|1733778552\n|move|p1a: Porygon2|Tera Blast|p2a: Manaphy\n|-damage|p2a: Manaphy|41/284 par\n|move|p2a: Manaphy|Hydro Pump|p1a: Porygon2|[miss]\n|-miss|p2a: Manaphy|p1a: Porygon2\n|\n|-heal|p2a: Manaphy|58/284 par|[from] item: Leftovers\n|upkeep\n|turn|22\n|c|\u2606Santos Guadalupe|such bullshit ur a waste of my time\n|n|\u203dSantos Guadalupe|santosguadalupe\n|c|~|/log Santos Guadalupe was locked from talking by Artemis. (\u2606Santos Guadalupe: such bullshit ur a waste of my time)\n|c|~|/raw <small>This action was done automatically. Want to learn more about the AI? <a href=\"https://www.smogon.com/forums/threads/3570628/#post-9056769\">Visit the information thread</a>.</small>\n|-message|Santos Guadalupe forfeited.\n|\n|win|asdfljsdf\n", "inputlog": ">version bfd83cad13791eb5a5a409923076391caf6fb4d4\n>start {\"formatid\":\"gen9randombattle\",\"seed\":[35827,10504,20729,14235],\"rated\":\"Rated battle\"}\n>player p1 {\"name\":\"asdfljsdf\",\"avatar\":\"2\",\"rating\":1624,\"seed\":[3471,7617,44196,8598]}\n>player p2 {\"name\":\"Santos Guadalupe\",\"avatar\":\"steven\",\"rating\":1580,\"seed\":[6493,37570,32868,57374]}\n>p1 move moonblast\n>p2 move voltswitch\n>p2 switch 6\n>p2 switch 2\n>p1 move earthpower\n>p2 move stealthrock\n>p1 move earthpower\n>p2 move gunkshot\n>p1 move moonblast\n>p2 move recover terastallize\n>p2 switch 6\n>p1 move moonblast\n>p2 move thunderbolt\n>p1 switch 4\n>p1 move terablast\n>p2 move voltswitch\n>p2 switch 4\n>p1 switch 3\n>p2 move closecombat\n>p1 move acrobatics\n>p2 move zenheadbutt\n>p1 switch 2\n>p1 move swordsdance\n>p2 switch 5\n>p1 switch 5\n>p2 move airslash\n>p1 move iceshard\n>p2 switch 3\n>p1 switch 6\n>p2 move tailglow\n>p1 move glare\n>p2 move hydropump\n>p1 move headbutt\n>p2 switch 3\n>p1 move glare\n>p2 move airslash\n>p1 switch 3\n>p1 move recover\n>p2 move seedflare\n>p1 move thunderwave\n>p2 move seedflare\n>p1 move terablast\n>p2 move seedflare\n>p1 move terablast\n>p2 move seedflare\n>p2 switch 3\n>p1 move terablast\n>p2 move tailglow\n>p1 move terablast\n>p2 move hydropump\n>chat \u2606Santos Guadalupe|such bullshit ur a waste of my time\n>forcelose p2", "uploadtime": 1733778566, "views": 1, "formatid": "gen9randombattle", "rating": null, "private": 0, "password": null}