{"id": "gen9randombattle-2120666437", "format": "[Gen 9] Random Battle", "players": ["PokeChess", "JulianBachmannVgc"], "log": "|j|\u2606PokeChess\n|j|\u2606JulianBachmannVgc\n|t:|1715195212\n|gametype|singles\n|player|p1|PokeChess|cynthia-anime2|2258\n|player|p2|JulianBachmannVgc|florian-bb|2279\n|teamsize|p1|6\n|teamsize|p2|6\n|gen|9\n|tier|[Gen 9] Random Battle\n|rated|\n|rule|Species Clause: Limit one of each Pok\u00e9mon\n|rule|HP Percentage Mod: HP is shown in percentages\n|rule|Sleep Clause Mod: Limit one foe put to sleep\n|rule|Illusion Level Mod: Illusion disguises the Pok\u00e9mon's true level\n|\n|t:|1715195212\n|start\n|switch|p1a: Miraidon|Miraidon, L65|238/238\n|switch|p2a: Feraligatr|Feraligatr, L80, F|267/267\n|-fieldstart|move: Electric Terrain|[from] ability: Hadron Engine|[of] p1a: Miraidon\n|turn|1\n|inactive|Battle timer is ON: inactive players will automatically lose when time's up. (requested by JulianBachmannVgc)\n|inactive|JulianBachmannVgc has 120 seconds left.\n|\n|t:|1715195243\n|-terastallize|p2a: Feraligatr|Grass\n|move|p1a: Miraidon|Substitute|p1a: Miraidon\n|-start|p1a: Miraidon|Substitute\n|-damage|p1a: Miraidon|179/238\n|move|p2a: Feraligatr|Ice Punch|p1a: Miraidon\n|-supereffective|p1a: Miraidon\n|-end|p1a: Miraidon|Substitute\n|\n|-heal|p1a: Miraidon|193/238|[from] item: Leftovers\n|upkeep\n|turn|2\n|\n|t:|1715195263\n|switch|p1a: Oinkologne|Oinkologne, L92, M|352/352\n|move|p2a: Feraligatr|Ice Punch|p1a: Oinkologne\n|-damage|p1a: Oinkologne|308/352\n|\n|-heal|p1a: Oinkologne|330/352|[from] item: Leftovers\n|upkeep\n|turn|3\n|inactive|JulianBachmannVgc has 120 seconds left.\n|\n|t:|1715195312\n|switch|p2a: Overqwil|Overqwil, L82, F|274/274\n|-ability|p2a: Overqwil|Intimidate|boost\n|-unboost|p1a: Oinkologne|atk|1\n|move|p1a: Oinkologne|Curse|p1a: Oinkologne\n|-unboost|p1a: Oinkologne|spe|1\n|-boost|p1a: Oinkologne|atk|1\n|-boost|p1a: Oinkologne|def|1\n|\n|-heal|p1a: Oinkologne|352/352|[from] item: Leftovers\n|upkeep\n|turn|4\n|\n|t:|1715195324\n|switch|p2a: Conkeldurr|Conkeldurr, L80, M|299/299\n|move|p1a: Oinkologne|Curse|p1a: Oinkologne\n|-unboost|p1a: Oinkologne|spe|1\n|-boost|p1a: Oinkologne|atk|1\n|-boost|p1a: Oinkologne|def|1\n|\n|-status|p2a: Conkeldurr|brn|[from] item: Flame Orb\n|upkeep\n|turn|5\n|\n|t:|1715195341\n|switch|p1a: Vespiquen|Vespiquen, L98, F|296/296\n|-ability|p1a: Vespiquen|Pressure\n|move|p2a: Conkeldurr|Close Combat|p1a: Vespiquen\n|-resisted|p1a: Vespiquen\n|-damage|p1a: Vespiquen|254/296\n|-unboost|p2a: Conkeldurr|def|1\n|-unboost|p2a: Conkeldurr|spd|1\n|\n|-damage|p2a: Conkeldurr|281/299 brn|[from] brn\n|-fieldend|move: Electric Terrain\n|upkeep\n|turn|6\n|inactive|JulianBachmannVgc has 90 seconds left.\n|inactive|JulianBachmannVgc has 60 seconds left.\n|\n|t:|1715195408\n|switch|p2a: Overqwil|Overqwil, L82, F|274/274\n|-ability|p2a: Overqwil|Intimidate|boost\n|-unboost|p1a: Vespiquen|atk|1\n|move|p1a: Vespiquen|Spikes|p2a: Overqwil\n|-sidestart|p2: JulianBachmannVgc|Spikes\n|\n|upkeep\n|turn|7\n|\n|t:|1715195423\n|switch|p1a: Phione|Phione, L90|290/290\n|move|p2a: Overqwil|Gunk Shot|p1a: Phione\n|-damage|p1a: Phione|70/290\n|\n|-heal|p1a: Phione|88/290|[from] item: Leftovers\n|upkeep\n|turn|8\n|inactive|JulianBachmannVgc has 60 seconds left.\n|\n|t:|1715195445\n|move|p1a: Phione|Scald|p2a: Overqwil\n|-damage|p2a: Overqwil|157/274\n|-status|p2a: Overqwil|brn\n|move|p2a: Overqwil|Gunk Shot|p1a: Phione\n|-damage|p1a: Phione|0 fnt\n|faint|p1a: Phione\n|\n|-damage|p2a: Overqwil|140/274 brn|[from] brn\n|upkeep\n|inactive|PokeChess has 120 seconds left.\n|\n|t:|1715195484\n|switch|p1a: Vespiquen|Vespiquen, L98, F|254/296\n|-ability|p1a: Vespiquen|Pressure\n|turn|9\n|inactive|JulianBachmannVgc has 60 seconds left.\n|\n|t:|1715195493\n|switch|p2a: Registeel|Registeel, L82|265/265\n|-damage|p2a: Registeel|232/265|[from] Spikes\n|move|p1a: Vespiquen|Spikes|p2a: Registeel\n|-sidestart|p2: JulianBachmannVgc|Spikes\n|\n|-heal|p2a: Registeel|248/265|[from] item: Leftovers\n|upkeep\n|turn|10\n|\n|t:|1715195498\n|move|p1a: Vespiquen|Spikes|p2a: Registeel\n|-sidestart|p2: JulianBachmannVgc|Spikes\n|move|p2a: Registeel|Stealth Rock|p1a: Vespiquen\n|-sidestart|p1: PokeChess|move: Stealth Rock\n|\n|-heal|p2a: Registeel|264/265|[from] item: Leftovers\n|upkeep\n|turn|11\n|inactive|JulianBachmannVgc has 60 seconds left.\n|\n|t:|1715195521\n|switch|p1a: Oinkologne|Oinkologne, L92, M|352/352\n|-damage|p1a: Oinkologne|308/352|[from] Stealth Rock\n|move|p2a: Registeel|Body Press|p1a: Oinkologne\n|-supereffective|p1a: Oinkologne\n|-damage|p1a: Oinkologne|150/352\n|\n|-heal|p1a: Oinkologne|172/352|[from] item: Leftovers\n|-heal|p2a: Registeel|265/265|[from] item: Leftovers\n|upkeep\n|turn|12\n|inactive|JulianBachmannVgc has 60 seconds left.\n|\n|t:|1715195555\n|move|p1a: Oinkologne|Curse|p1a: Oinkologne\n|-unboost|p1a: Oinkologne|spe|1\n|-boost|p1a: Oinkologne|atk|1\n|-boost|p1a: Oinkologne|def|1\n|move|p2a: Registeel|Body Press|p1a: Oinkologne\n|-supereffective|p1a: Oinkologne\n|-damage|p1a: Oinkologne|66/352\n|\n|-heal|p1a: Oinkologne|88/352|[from] item: Leftovers\n|upkeep\n|turn|13\n|\n|t:|1715195567\n|move|p2a: Registeel|Body Press|p1a: Oinkologne\n|-supereffective|p1a: Oinkologne\n|-damage|p1a: Oinkologne|0 fnt\n|faint|p1a: Oinkologne\n|\n|upkeep\n|\n|t:|1715195580\n|switch|p1a: Miraidon|Miraidon, L65|193/238\n|-damage|p1a: Miraidon|164/238|[from] Stealth Rock\n|-fieldstart|move: Electric Terrain|[from] ability: Hadron Engine|[of] p1a: Miraidon\n|turn|14\n|inactive|JulianBachmannVgc has 60 seconds left.\n|\n|t:|1715195589\n|move|p1a: Miraidon|Calm Mind|p1a: Miraidon\n|-boost|p1a: Miraidon|spa|1\n|-boost|p1a: Miraidon|spd|1\n|move|p2a: Registeel|Body Press|p1a: Miraidon\n|-damage|p1a: Miraidon|69/238\n|\n|-heal|p1a: Miraidon|83/238|[from] item: Leftovers\n|upkeep\n|turn|15\n|\n|t:|1715195598\n|move|p1a: Miraidon|Calm Mind|p1a: Miraidon\n|-boost|p1a: Miraidon|spa|1\n|-boost|p1a: Miraidon|spd|1\n|move|p2a: Registeel|Body Press|p1a: Miraidon\n|-damage|p1a: Miraidon|0 fnt\n|faint|p1a: Miraidon\n|\n|upkeep\n|-message|PokeChess forfeited.\n|\n|win|JulianBachmannVgc\n|raw|PokeChess's rating: 2258 &rarr; <strong>2239</strong><br />(-19 for losing)\n|raw|JulianBachmannVgc's rating: 2279 &rarr; <strong>2298</strong><br />(+19 for winning)\n", "inputlog": ">version d87f45fad9b955c6072adc425367687e8a017379\n>start {\"formatid\":\"gen9randombattle\",\"seed\":[46843,53021,34706,49222],\"rated\":\"Rated battle\"}\n>player p1 {\"name\":\"PokeChess\",\"avatar\":\"cynthia-anime2\",\"rating\":2258,\"seed\":[4541,44078,41888,9250]}\n>player p2 {\"name\":\"JulianBachmannVgc\",\"avatar\":\"florian-bb\",\"rating\":2279,\"seed\":[8484,48009,32792,3210]}\n>p1 move substitute\n>p2 move icepunch terastallize\n>p1 switch 5\n>p2 move icepunch\n>p1 move curse\n>p2 switch 3\n>p1 move curse\n>p2 switch 2\n>p1 switch 3\n>p2 move closecombat\n>p1 move spikes\n>p2 switch 2\n>p1 switch 2\n>p2 move gunkshot\n>p1 move scald\n>p2 move gunkshot\n>p1 switch 2\n>p1 move spikes\n>p2 switch 6\n>p1 move spikes\n>p2 move stealthrock\n>p1 switch 3\n>p2 move bodypress\n>p1 move curse\n>p2 move bodypress\n>p1 move highhorsepower\n>p2 move bodypress\n>p1 switch 5\n>p1 move calmmind\n>p2 move bodypress\n>p1 move calmmind\n>p2 move bodypress\n>forcelose p1", "uploadtime": 1715195611, "views": 226, "formatid": "gen9randombattle", "rating": 2239, "private": 0, "password": null}