{"id": "gen9randombattle-2260787265", "format": "[Gen 9] Random Battle", "players": ["Yule2004", "jac2016"], "log": "|j|\u2606Yule2004\n|j|\u2606jac2016\n|t:|1733892043\n|gametype|singles\n|player|p1|Yule2004|proton|1544\n|player|p2|jac2016|1|1588\n|teamsize|p1|6\n|teamsize|p2|6\n|gen|9\n|tier|[Gen 9] Random Battle\n|rated|\n|rule|Species Clause: Limit one of each Pok\u00e9mon\n|rule|HP Percentage Mod: HP is shown in percentages\n|rule|Sleep Clause Mod: Limit one foe put to sleep\n|rule|Illusion Level Mod: Illusion disguises the Pok\u00e9mon's true level\n|\n|t:|1733892043\n|start\n|switch|p1a: Landorus|Landorus, L75, M|257/257\n|switch|p2a: Kleavor|Kleavor, L78, F|237/237\n|turn|1\n|inactive|Battle timer is ON: inactive players will automatically lose when time's up. (requested by Yule2004)\n|\n|t:|1733892057\n|switch|p1a: Tauros|Tauros-Paldea-Combat, L82, M|257/257\n|-ability|p1a: Tauros|Intimidate|boost\n|-unboost|p2a: Kleavor|atk|1\n|move|p2a: Kleavor|Stone Axe|p1a: Tauros|[miss]\n|-miss|p2a: Kleavor|p1a: Tauros\n|\n|upkeep\n|turn|2\n|\n|t:|1733892072\n|move|p1a: Tauros|Close Combat|p2a: Kleavor\n|-crit|p2a: Kleavor\n|-damage|p2a: Kleavor|0 fnt\n|-unboost|p1a: Tauros|def|1\n|-unboost|p1a: Tauros|spd|1\n|faint|p2a: Kleavor\n|-damage|p1a: Tauros|232/257|[from] item: Life Orb\n|\n|upkeep\n|\n|t:|1733892080\n|switch|p2a: Mesprit|Mesprit, L85|275/275\n|turn|3\n|\n|t:|1733892095\n|switch|p1a: Mabosstiff|Mabosstiff, L86, M|278/278\n|move|p2a: Mesprit|Psychic Noise|p1a: Mabosstiff\n|-immune|p1a: Mabosstiff\n|\n|upkeep\n|turn|4\n|\n|t:|1733892117\n|move|p1a: Mabosstiff|Crunch|p2a: Mesprit\n|-supereffective|p2a: Mesprit\n|-damage|p2a: Mesprit|9/275\n|move|p2a: Mesprit|Thunder Wave|p1a: Mabosstiff\n|-status|p1a: Mabosstiff|par\n|\n|-heal|p2a: Mesprit|26/275|[from] item: Leftovers\n|upkeep\n|turn|5\n|\n|t:|1733892134\n|move|p2a: Mesprit|U-turn|p1a: Mabosstiff\n|-supereffective|p1a: Mabosstiff\n|-damage|p1a: Mabosstiff|168/278 par\n|\n|t:|1733892137\n|switch|p2a: Vigoroth|Vigoroth, L85, M|275/275|[from] U-turn\n|move|p1a: Mabosstiff|Crunch|p2a: Vigoroth\n|-damage|p2a: Vigoroth|53/275\n|\n|upkeep\n|turn|6\n|\n|t:|1733892143\n|move|p2a: Vigoroth|Slack Off|p2a: Vigoroth\n|-heal|p2a: Vigoroth|191/275\n|move|p1a: Mabosstiff|Crunch|p2a: Vigoroth\n|-damage|p2a: Vigoroth|86/275\n|\n|upkeep\n|turn|7\n|\n|t:|1733892146\n|switch|p1a: Tauros|Tauros-Paldea-Combat, L82, M|232/257\n|-ability|p1a: Tauros|Intimidate|boost\n|-unboost|p2a: Vigoroth|atk|1\n|move|p2a: Vigoroth|Slack Off|p2a: Vigoroth\n|-heal|p2a: Vigoroth|224/275\n|\n|upkeep\n|turn|8\n|\n|t:|1733892155\n|switch|p2a: Mesprit|Mesprit, L85|26/275\n|move|p1a: Tauros|Close Combat|p2a: Mesprit\n|-resisted|p2a: Mesprit\n|-damage|p2a: Mesprit|0 fnt\n|-unboost|p1a: Tauros|def|1\n|-unboost|p1a: Tauros|spd|1\n|faint|p2a: Mesprit\n|-damage|p1a: Tauros|207/257|[from] item: Life Orb\n|\n|upkeep\n|\n|t:|1733892160\n|switch|p2a: Solgaleo|Solgaleo, L74|325/325\n|turn|9\n|\n|t:|1733892182\n|switch|p1a: Mabosstiff|Mabosstiff, L86, M|168/278 par\n|move|p2a: Solgaleo|Psychic|p1a: Mabosstiff\n|-immune|p1a: Mabosstiff\n|\n|upkeep\n|turn|10\n|\n|t:|1733892186\n|move|p2a: Solgaleo|Close Combat|p1a: Mabosstiff\n|-supereffective|p1a: Mabosstiff\n|-damage|p1a: Mabosstiff|0 fnt\n|-unboost|p2a: Solgaleo|def|1\n|-unboost|p2a: Solgaleo|spd|1\n|faint|p1a: Mabosstiff\n|\n|upkeep\n|\n|t:|1733892206\n|switch|p1a: Tauros|Tauros-Paldea-Combat, L82, M|207/257\n|-ability|p1a: Tauros|Intimidate|boost\n|-fail|p2a: Solgaleo|unboost|[from] ability: Full Metal Body|[of] p2a: Solgaleo\n|turn|11\n|\n|t:|1733892230\n|move|p1a: Tauros|Close Combat|p2a: Solgaleo\n|-damage|p2a: Solgaleo|56/325\n|-unboost|p1a: Tauros|def|1\n|-unboost|p1a: Tauros|spd|1\n|-damage|p1a: Tauros|182/257|[from] item: Life Orb\n|move|p2a: Solgaleo|Psychic|p1a: Tauros\n|-supereffective|p1a: Tauros\n|-damage|p1a: Tauros|0 fnt\n|faint|p1a: Tauros\n|\n|upkeep\n|\n|t:|1733892236\n|switch|p1a: Landorus|Landorus, L75, M|257/257\n|turn|12\n|\n|t:|1733892242\n|switch|p2a: Dewgong|Dewgong, L94, F|322/322\n|move|p1a: Landorus|Earth Power|p2a: Dewgong\n|-damage|p2a: Dewgong|235/322\n|\n|upkeep\n|turn|13\n|\n|t:|1733892257\n|-terastallize|p1a: Landorus|Psychic\n|move|p1a: Landorus|Nasty Plot|p1a: Landorus\n|-boost|p1a: Landorus|spa|2\n|move|p2a: Dewgong|Flip Turn|p1a: Landorus\n|-damage|p1a: Landorus|185/257\n|\n|t:|1733892272\n|switch|p2a: Vigoroth|Vigoroth, L85, M|224/275|[from] Flip Turn\n|\n|upkeep\n|turn|14\n|\n|t:|1733892286\n|switch|p1a: Vespiquen|Vespiquen, L98, F|296/296\n|-ability|p1a: Vespiquen|Pressure\n|move|p2a: Vigoroth|Body Slam|p1a: Vespiquen\n|-damage|p1a: Vespiquen|229/296\n|\n|upkeep\n|turn|15\n|\n|t:|1733892307\n|switch|p2a: Solgaleo|Solgaleo, L74|56/325\n|move|p1a: Vespiquen|Toxic Spikes|p2a: Solgaleo\n|-sidestart|p2: jac2016|move: Toxic Spikes\n|\n|upkeep\n|turn|16\n|\n|t:|1733892317\n|switch|p1a: Espeon|Espeon, L84, F|246/246\n|move|p2a: Solgaleo|Flame Charge|p1a: Espeon\n|-damage|p1a: Espeon|196/246\n|-boost|p2a: Solgaleo|spe|1\n|\n|upkeep\n|turn|17\n|\n|t:|1733892324\n|move|p2a: Solgaleo|Sunsteel Strike|p1a: Espeon\n|-damage|p1a: Espeon|40/246\n|move|p1a: Espeon|Psychic|p2a: Solgaleo\n|-resisted|p2a: Solgaleo\n|-damage|p2a: Solgaleo|14/325\n|-damage|p1a: Espeon|16/246|[from] item: Life Orb\n|\n|upkeep\n|turn|18\n|\n|t:|1733892332\n|move|p2a: Solgaleo|Sunsteel Strike|p1a: Espeon\n|-damage|p1a: Espeon|0 fnt\n|faint|p1a: Espeon\n|\n|upkeep\n|\n|t:|1733892336\n|switch|p1a: Vespiquen|Vespiquen, L98, F|229/296\n|-ability|p1a: Vespiquen|Pressure\n|turn|19\n|\n|t:|1733892342\n|move|p2a: Solgaleo|Sunsteel Strike|p1a: Vespiquen\n|-damage|p1a: Vespiquen|148/296\n|move|p1a: Vespiquen|Air Slash|p2a: Solgaleo\n|-resisted|p2a: Solgaleo\n|-damage|p2a: Solgaleo|0 fnt\n|faint|p2a: Solgaleo\n|\n|upkeep\n|\n|t:|1733892354\n|switch|p2a: Dewgong|Dewgong, L94, F|235/322\n|-status|p2a: Dewgong|psn\n|turn|20\n|\n|t:|1733892361\n|move|p2a: Dewgong|Ice Beam|p1a: Vespiquen\n|-supereffective|p1a: Vespiquen\n|-damage|p1a: Vespiquen|16/296\n|move|p1a: Vespiquen|Roost|p1a: Vespiquen\n|-heal|p1a: Vespiquen|164/296\n|-singleturn|p1a: Vespiquen|move: Roost\n|\n|-damage|p2a: Dewgong|195/322 psn|[from] psn\n|upkeep\n|turn|21\n|\n|t:|1733892385\n|-terastallize|p2a: Dewgong|Poison\n|move|p2a: Dewgong|Flip Turn|p1a: Vespiquen\n|-damage|p1a: Vespiquen|115/296\n|\n|t:|1733892389\n|switch|p2a: Exeggutor|Exeggutor-Alola, L89, M|314/314|[from] Flip Turn\n|-status|p2a: Exeggutor|psn\n|move|p1a: Vespiquen|Toxic Spikes|p2a: Exeggutor\n|-sidestart|p2: jac2016|move: Toxic Spikes\n|\n|-damage|p2a: Exeggutor|275/314 psn|[from] psn\n|upkeep\n|turn|22\n|\n|t:|1733892394\n|switch|p2a: Dewgong|Dewgong, L94, F, tera:Poison|195/322 psn\n|-sideend|p2: jac2016|move: Toxic Spikes|[of] p2a: Dewgong\n|move|p1a: Vespiquen|Roost|p1a: Vespiquen\n|-heal|p1a: Vespiquen|263/296\n|-singleturn|p1a: Vespiquen|move: Roost\n|\n|-damage|p2a: Dewgong|155/322 psn|[from] psn\n|upkeep\n|turn|23\n|\n|t:|1733892399\n|move|p2a: Dewgong|Ice Beam|p1a: Vespiquen\n|-supereffective|p1a: Vespiquen\n|-damage|p1a: Vespiquen|131/296\n|move|p1a: Vespiquen|Spikes|p2a: Dewgong\n|-sidestart|p2: jac2016|Spikes\n|\n|-damage|p2a: Dewgong|115/322 psn|[from] psn\n|upkeep\n|turn|24\n|\n|t:|1733892403\n|switch|p1a: Chi-Yu|Chi-Yu, L77|211/211\n|-ability|p1a: Chi-Yu|Beads of Ruin\n|move|p2a: Dewgong|Flip Turn|p1a: Chi-Yu\n|-supereffective|p1a: Chi-Yu\n|-damage|p1a: Chi-Yu|55/211\n|\n|t:|1733892410\n|switch|p2a: Vigoroth|Vigoroth, L85, M|224/275|[from] Flip Turn\n|-damage|p2a: Vigoroth|190/275|[from] Spikes\n|\n|upkeep\n|turn|25\n|c|\u2606Yule2004|sb\n|\n|t:|1733892419\n|move|p1a: Chi-Yu|Overheat|p2a: Vigoroth\n|-crit|p2a: Vigoroth\n|-damage|p2a: Vigoroth|0 fnt\n|-unboost|p1a: Chi-Yu|spa|2\n|faint|p2a: Vigoroth\n|\n|upkeep\n|\n|t:|1733892432\n|switch|p2a: Exeggutor|Exeggutor-Alola, L89, M|275/314 psn\n|-damage|p2a: Exeggutor|236/314 psn|[from] Spikes\n|turn|26\n|\n|t:|1733892438\n|switch|p1a: Vespiquen|Vespiquen, L98, F|131/296\n|-ability|p1a: Vespiquen|Pressure\n|move|p2a: Exeggutor|Dragon Pulse|p1a: Vespiquen\n|-damage|p1a: Vespiquen|35/296\n|\n|-damage|p2a: Exeggutor|197/314 psn|[from] psn\n|upkeep\n|turn|27\n|\n|t:|1733892445\n|move|p1a: Vespiquen|Roost|p1a: Vespiquen\n|-heal|p1a: Vespiquen|183/296\n|-singleturn|p1a: Vespiquen|move: Roost\n|move|p2a: Exeggutor|Flamethrower|p1a: Vespiquen\n|-supereffective|p1a: Vespiquen\n|-damage|p1a: Vespiquen|59/296\n|\n|-damage|p2a: Exeggutor|158/314 psn|[from] psn\n|upkeep\n|turn|28\n|\n|t:|1733892449\n|move|p1a: Vespiquen|Roost|p1a: Vespiquen\n|-heal|p1a: Vespiquen|207/296\n|-singleturn|p1a: Vespiquen|move: Roost\n|move|p2a: Exeggutor|Flamethrower|p1a: Vespiquen\n|-supereffective|p1a: Vespiquen\n|-damage|p1a: Vespiquen|69/296\n|\n|-damage|p2a: Exeggutor|119/314 psn|[from] psn\n|upkeep\n|-enditem|p2a: Exeggutor|Sitrus Berry|[eat]\n|-heal|p2a: Exeggutor|197/314 psn|[from] item: Sitrus Berry\n|turn|29\n|\n|t:|1733892452\n|move|p1a: Vespiquen|Roost|p1a: Vespiquen\n|-heal|p1a: Vespiquen|217/296\n|-singleturn|p1a: Vespiquen|move: Roost\n|move|p2a: Exeggutor|Flamethrower|p1a: Vespiquen\n|-supereffective|p1a: Vespiquen\n|-damage|p1a: Vespiquen|93/296\n|\n|-damage|p2a: Exeggutor|158/314 psn|[from] psn\n|-item|p2a: Exeggutor|Sitrus Berry|[from] ability: Harvest\n|upkeep\n|turn|30\n|c|\u2606jac2016|please stop wasting my time and fucking press air slash\n|c|\u2606jac2016|christ\n|\n|t:|1733892466\n|switch|p1a: Chi-Yu|Chi-Yu, L77|55/211\n|-ability|p1a: Chi-Yu|Beads of Ruin\n|move|p2a: Exeggutor|Flamethrower|p1a: Chi-Yu\n|-resisted|p1a: Chi-Yu\n|-damage|p1a: Chi-Yu|19/211\n|\n|-damage|p2a: Exeggutor|119/314 psn|[from] psn\n|upkeep\n|-enditem|p2a: Exeggutor|Sitrus Berry|[eat]\n|-heal|p2a: Exeggutor|197/314 psn|[from] item: Sitrus Berry\n|turn|31\n|\n|t:|1733892472\n|move|p1a: Chi-Yu|Flamethrower|p2a: Exeggutor\n|-damage|p2a: Exeggutor|46/314 psn\n|move|p2a: Exeggutor|Giga Drain|p1a: Chi-Yu\n|-resisted|p1a: Chi-Yu\n|-crit|p1a: Chi-Yu\n|-damage|p1a: Chi-Yu|0 fnt\n|-heal|p2a: Exeggutor|56/314 psn|[from] drain|[of] p1a: Chi-Yu\n|faint|p1a: Chi-Yu\n|\n|-damage|p2a: Exeggutor|17/314 psn|[from] psn\n|upkeep\n|\n|t:|1733892476\n|switch|p1a: Vespiquen|Vespiquen, L98, F|93/296\n|-ability|p1a: Vespiquen|Pressure\n|turn|32\n|\n|t:|1733892478\n|move|p1a: Vespiquen|Air Slash|p2a: Exeggutor\n|-supereffective|p2a: Exeggutor\n|-damage|p2a: Exeggutor|0 fnt\n|faint|p2a: Exeggutor\n|\n|upkeep\n|\n|t:|1733892479\n|switch|p2a: Dewgong|Dewgong, L94, F, tera:Poison|115/322 psn\n|-damage|p2a: Dewgong|75/322 psn|[from] Spikes\n|turn|33\n|\n|t:|1733892483\n|move|p2a: Dewgong|Ice Beam|p1a: Vespiquen\n|-supereffective|p1a: Vespiquen\n|-damage|p1a: Vespiquen|0 fnt\n|faint|p1a: Vespiquen\n|\n|-damage|p2a: Dewgong|35/322 psn|[from] psn\n|upkeep\n|\n|t:|1733892484\n|switch|p1a: Landorus|Landorus, L75, M, tera:Psychic|185/257\n|turn|34\n|\n|t:|1733892486\n|move|p1a: Landorus|Psychic|p2a: Dewgong\n|-supereffective|p2a: Dewgong\n|-damage|p2a: Dewgong|0 fnt\n|faint|p2a: Dewgong\n|\n|win|Yule2004\n", "inputlog": ">version bfd83cad13791eb5a5a409923076391caf6fb4d4\n>start {\"formatid\":\"gen9randombattle\",\"seed\":[47766,21233,62575,27145],\"rated\":\"Rated battle\"}\n>player p1 {\"name\":\"Yule2004\",\"avatar\":\"proton\",\"rating\":1544,\"seed\":[5788,39511,29820,30039]}\n>player p2 {\"name\":\"jac2016\",\"avatar\":\"1\",\"rating\":1588,\"seed\":[59131,30124,4863,34911]}\n>p1 switch 6\n>p2 move stoneaxe\n>p1 move closecombat\n>p2 move stoneaxe\n>p2 switch 5\n>p1 switch 4\n>p2 move psychicnoise\n>p1 move crunch\n>p2 move thunderwave\n>p1 move crunch\n>p2 move uturn\n>p2 switch 2\n>p1 move crunch\n>p2 move slackoff\n>p1 switch 4\n>p2 move slackoff\n>p1 move closecombat\n>p2 switch 2\n>p2 switch 4\n>p1 switch 4\n>p2 move psychic\n>p1 move crunch\n>p2 move closecombat\n>p1 switch 4\n>p1 move closecombat\n>p2 move psychic\n>p1 switch 6\n>p1 move earthpower\n>p2 switch 3\n>p1 move nastyplot terastallize\n>p2 move flipturn\n>p2 switch 2\n>p1 switch 3\n>p2 move bodyslam\n>p1 move toxicspikes\n>p2 switch 3\n>p1 switch 5\n>p2 move flamecharge\n>p1 move psychic\n>p2 move sunsteelstrike\n>p1 move psychic\n>p2 move sunsteelstrike\n>p1 switch 5\n>p1 move airslash\n>p2 move sunsteelstrike\n>p2 switch 2\n>p1 move roost\n>p2 move icebeam\n>p1 move toxicspikes\n>p2 move flipturn terastallize\n>p2 switch 6\n>p1 move roost\n>p2 switch 6\n>p1 move spikes\n>p2 move icebeam\n>p1 switch 2\n>p2 move flipturn\n>p2 switch 3\n>chat \u2606Yule2004|sb\n>p1 move overheat\n>p2 move bodyslam\n>p2 switch 6\n>p1 switch 2\n>p2 move dragonpulse\n>p1 move roost\n>p2 move flamethrower\n>p1 move roost\n>p2 move flamethrower\n>p1 move roost\n>p2 move flamethrower\n>chat \u2606jac2016|please stop wasting my time and fucking press air slash\n>chat \u2606jac2016|christ\n>p1 switch 2\n>p2 move flamethrower\n>p1 move flamethrower\n>p2 move gigadrain\n>p1 switch 2\n>p1 move airslash\n>p2 move flamethrower\n>p2 switch 3\n>p1 move airslash\n>p2 move icebeam\n>p1 switch 3\n>p1 move psychic\n>p2 move knockoff", "uploadtime": 1733892463, "views": 13, "formatid": "gen9randombattle", "rating": null, "private": 0, "password": null}