{"id": "gen9randombattle-2260341997", "format": "[Gen 9] Random Battle", "players": ["Evanston", "ViscousPotato"], "log": "|j|\u203dEvanston\n|j|\u2606ViscousPotato\n|t:|1733841956\n|gametype|singles\n|player|p1|Evanston|1|1914\n|player|p2|ViscousPotato|lusamine-nihilego|1967\n|teamsize|p1|6\n|teamsize|p2|6\n|gen|9\n|tier|[Gen 9] Random Battle\n|rated|\n|rule|Species Clause: Limit one of each Pok\u00e9mon\n|rule|HP Percentage Mod: HP is shown in percentages\n|rule|Sleep Clause Mod: Limit one foe put to sleep\n|rule|Illusion Level Mod: Illusion disguises the Pok\u00e9mon's true level\n|\n|t:|1733841956\n|start\n|switch|p1a: Spectrier|Spectrier, L75|274/274\n|switch|p2a: Flamigo|Flamigo, L82, M|269/269\n|turn|1\n|inactive|Battle timer is ON: inactive players will automatically lose when time's up. (requested by ViscousPotato)\n|\n|t:|1733841982\n|switch|p2a: Tsareena|Tsareena, L87, F|267/267\n|move|p1a: Spectrier|Will-O-Wisp|p2a: Tsareena\n|-status|p2a: Tsareena|brn\n|\n|-damage|p2a: Tsareena|251/267 brn|[from] brn\n|upkeep\n|turn|2\n|\n|t:|1733841990\n|switch|p1a: Heatran|Heatran, L79, F|273/273\n|-item|p1a: Heatran|Air Balloon\n|move|p2a: Tsareena|U-turn|p1a: Heatran\n|-resisted|p1a: Heatran\n|-damage|p1a: Heatran|266/273\n|-enditem|p1a: Heatran|Air Balloon\n|\n|t:|1733842004\n|switch|p2a: Electivire|Electivire, L84, M|263/263|[from] U-turn\n|\n|upkeep\n|turn|3\n|\n|t:|1733842010\n|switch|p1a: Glastrier|Glastrier, L86|312/312\n|move|p2a: Electivire|Earthquake|p1a: Glastrier\n|-damage|p1a: Glastrier|219/312\n|\n|upkeep\n|turn|4\n|\n|t:|1733842016\n|switch|p2a: Corviknight|Corviknight, L80, F|288/288\n|-ability|p2a: Corviknight|Pressure\n|move|p1a: Glastrier|Heavy Slam|p2a: Corviknight\n|-resisted|p2a: Corviknight\n|-damage|p2a: Corviknight|235/288\n|-damage|p1a: Glastrier|167/312|[from] item: Rocky Helmet|[of] p2a: Corviknight\n|\n|upkeep\n|turn|5\n|\n|t:|1733842026\n|switch|p1a: Heatran|Heatran, L79, F|266/273\n|move|p2a: Corviknight|Body Press|p1a: Heatran\n|-supereffective|p1a: Heatran\n|-damage|p1a: Heatran|166/273\n|\n|upkeep\n|turn|6\n|\n|t:|1733842030\n|switch|p2a: Electivire|Electivire, L84, M|263/263\n|move|p1a: Heatran|Stealth Rock|p2a: Electivire\n|-sidestart|p2: ViscousPotato|move: Stealth Rock\n|\n|upkeep\n|turn|7\n|\n|t:|1733842036\n|switch|p1a: Glastrier|Glastrier, L86|167/312\n|move|p2a: Electivire|Earthquake|p1a: Glastrier\n|-damage|p1a: Glastrier|72/312\n|\n|upkeep\n|turn|8\n|\n|t:|1733842042\n|switch|p1a: Dragonite|Dragonite, L74, M|257/257\n|move|p2a: Electivire|Earthquake|p1a: Dragonite\n|-immune|p1a: Dragonite\n|\n|upkeep\n|turn|9\n|\n|t:|1733842054\n|switch|p2a: Tsareena|Tsareena, L87, F|251/267 brn\n|-damage|p2a: Tsareena|218/267 brn|[from] Stealth Rock\n|switch|p1a: Heatran|Heatran, L79, F|166/273\n|\n|-damage|p2a: Tsareena|202/267 brn|[from] brn\n|upkeep\n|turn|10\n|\n|t:|1733842063\n|switch|p1a: Spectrier|Spectrier, L75|274/274\n|move|p2a: Tsareena|U-turn|p1a: Spectrier\n|-resisted|p1a: Spectrier\n|-damage|p1a: Spectrier|253/274\n|inactive|ViscousPotato has 120 seconds left.\n|\n|t:|1733842095\n|switch|p2a: Electivire|Electivire, L84, M|263/263|[from] U-turn\n|-damage|p2a: Electivire|231/263|[from] Stealth Rock\n|\n|upkeep\n|turn|11\n|\n|t:|1733842101\n|switch|p1a: Glastrier|Glastrier, L86|72/312\n|move|p2a: Electivire|Knock Off|p1a: Glastrier\n|-damage|p1a: Glastrier|0 fnt\n|-enditem|p1a: Glastrier|Heavy-Duty Boots|[from] move: Knock Off|[of] p2a: Electivire\n|faint|p1a: Glastrier\n|\n|upkeep\n|\n|t:|1733842106\n|switch|p1a: Heatran|Heatran, L79, F|166/273\n|turn|12\n|inactive|ViscousPotato has 120 seconds left.\n|\n|t:|1733842131\n|switch|p2a: Flamigo|Flamigo, L82, M|269/269\n|-damage|p2a: Flamigo|236/269|[from] Stealth Rock\n|move|p1a: Heatran|Lava Plume|p2a: Flamigo\n|-damage|p2a: Flamigo|109/269\n|-status|p2a: Flamigo|brn\n|\n|-damage|p2a: Flamigo|93/269 brn|[from] brn\n|upkeep\n|turn|13\n|inactive|Evanston has 120 seconds left.\n|\n|t:|1733842169\n|switch|p1a: Sneasler|Sneasler, L74, M|240/240\n|move|p2a: Flamigo|Brave Bird|p1a: Sneasler\n|-supereffective|p1a: Sneasler\n|-damage|p1a: Sneasler|0 fnt\n|faint|p1a: Sneasler\n|-damage|p2a: Flamigo|14/269 brn|[from] Recoil\n|-damage|p2a: Flamigo|0 fnt|[from] item: Life Orb\n|faint|p2a: Flamigo\n|\n|upkeep\n|inactive|Evanston has 120 seconds left.\n|inactive|ViscousPotato has 120 seconds left.\n|\n|t:|1733842188\n|switch|p1a: Spectrier|Spectrier, L75|253/274\n|switch|p2a: Electivire|Electivire, L84, M|231/263\n|-damage|p2a: Electivire|199/263|[from] Stealth Rock\n|turn|14\n|inactive|Evanston has 120 seconds left.\n|\n|t:|1733842211\n|move|p1a: Spectrier|Will-O-Wisp|p2a: Electivire\n|-status|p2a: Electivire|brn\n|move|p2a: Electivire|Supercell Slam|p1a: Spectrier\n|-damage|p1a: Spectrier|111/274\n|\n|-damage|p2a: Electivire|183/263 brn|[from] brn\n|upkeep\n|turn|15\n|\n|t:|1733842230\n|move|p1a: Spectrier|Shadow Ball|p2a: Electivire\n|-damage|p2a: Electivire|61/263 brn\n|-damage|p1a: Spectrier|84/274|[from] item: Life Orb\n|move|p2a: Electivire|Supercell Slam|p1a: Spectrier\n|-damage|p1a: Spectrier|0 fnt\n|faint|p1a: Spectrier\n|\n|-damage|p2a: Electivire|45/263 brn|[from] brn\n|upkeep\n|inactive|Evanston has 90 seconds left.\n|\n|t:|1733842260\n|switch|p1a: Dragonite|Dragonite, L74, M|257/257\n|turn|16\n|\n|t:|1733842266\n|switch|p2a: Tsareena|Tsareena, L87, F|202/267 brn\n|-damage|p2a: Tsareena|169/267 brn|[from] Stealth Rock\n|move|p1a: Dragonite|Dragon Dance|p1a: Dragonite\n|-boost|p1a: Dragonite|atk|1\n|-boost|p1a: Dragonite|spe|1\n|\n|-damage|p2a: Tsareena|153/267 brn|[from] brn\n|upkeep\n|turn|17\n|inactive|Evanston has 90 seconds left.\n|\n|t:|1733842281\n|move|p1a: Dragonite|Outrage|p2a: Tsareena\n|-crit|p2a: Tsareena\n|-damage|p2a: Tsareena|0 fnt\n|faint|p2a: Tsareena\n|\n|upkeep\n|\n|t:|1733842290\n|switch|p2a: Corviknight|Corviknight, L80, F|235/288\n|-damage|p2a: Corviknight|199/288|[from] Stealth Rock\n|-ability|p2a: Corviknight|Pressure\n|turn|18\n|inactive|Evanston has 90 seconds left.\n|\n|t:|1733842313\n|move|p1a: Dragonite|Outrage|p2a: Corviknight|[from]lockedmove\n|-resisted|p2a: Corviknight\n|-damage|p2a: Corviknight|118/288\n|-damage|p1a: Dragonite|215/257|[from] item: Rocky Helmet|[of] p2a: Corviknight\n|-start|p1a: Dragonite|confusion|[fatigue]\n|move|p2a: Corviknight|U-turn|p1a: Dragonite\n|-resisted|p1a: Dragonite\n|-damage|p1a: Dragonite|195/257\n|\n|t:|1733842339\n|switch|p2a: Grumpig|Grumpig, L92, F|297/297|[from] U-turn\n|-damage|p2a: Grumpig|260/297|[from] Stealth Rock\n|\n|-heal|p2a: Grumpig|278/297|[from] item: Leftovers\n|upkeep\n|turn|19\n|inactive|Evanston has 90 seconds left.\n|\n|t:|1733842366\n|-activate|p1a: Dragonite|confusion\n|move|p1a: Dragonite|Outrage|p2a: Grumpig\n|-damage|p2a: Grumpig|65/297\n|move|p2a: Grumpig|Psyshock|p1a: Dragonite\n|-damage|p1a: Dragonite|99/257\n|\n|-heal|p2a: Grumpig|83/297|[from] item: Leftovers\n|upkeep\n|turn|20\n|\n|t:|1733842376\n|-activate|p1a: Dragonite|confusion\n|move|p1a: Dragonite|Outrage|p2a: Grumpig|[from]lockedmove\n|-damage|p2a: Grumpig|0 fnt\n|faint|p2a: Grumpig\n|\n|upkeep\n|\n|t:|1733842380\n|switch|p2a: Corviknight|Corviknight, L80, F|118/288\n|-damage|p2a: Corviknight|82/288|[from] Stealth Rock\n|-ability|p2a: Corviknight|Pressure\n|turn|21\n|inactive|Evanston has 90 seconds left.\n|\n|t:|1733842386\n|switch|p1a: Heatran|Heatran, L79, F|166/273\n|move|p2a: Corviknight|Roost|p2a: Corviknight\n|-heal|p2a: Corviknight|226/288\n|-singleturn|p2a: Corviknight|move: Roost\n|\n|upkeep\n|turn|22\n|\n|t:|1733842390\n|switch|p2a: Electivire|Electivire, L84, M|45/263 brn\n|-damage|p2a: Electivire|13/263 brn|[from] Stealth Rock\n|move|p1a: Heatran|Lava Plume|p2a: Electivire\n|-damage|p2a: Electivire|0 fnt\n|faint|p2a: Electivire\n|\n|upkeep\n|\n|t:|1733842400\n|switch|p2a: Flapple|Flapple, L88, M|266/266\n|-damage|p2a: Flapple|233/266|[from] Stealth Rock\n|turn|23\n|inactive|Evanston has 90 seconds left.\n|\n|t:|1733842431\n|-terastallize|p2a: Flapple|Fire\n|move|p2a: Flapple|Dragon Dance|p2a: Flapple\n|-boost|p2a: Flapple|atk|1\n|-boost|p2a: Flapple|spe|1\n|move|p1a: Heatran|Lava Plume|p2a: Flapple\n|-resisted|p2a: Flapple\n|-crit|p2a: Flapple\n|-damage|p2a: Flapple|141/266\n|\n|upkeep\n|turn|24\n|inactive|Evanston has 90 seconds left.\n|\n|t:|1733842449\n|move|p2a: Flapple|Outrage|p1a: Heatran\n|-resisted|p1a: Heatran\n|-damage|p1a: Heatran|11/273\n|move|p1a: Heatran|Earth Power|p2a: Flapple\n|-supereffective|p2a: Flapple\n|-damage|p2a: Flapple|0 fnt\n|faint|p2a: Flapple\n|\n|upkeep\n|\n|t:|1733842452\n|switch|p2a: Corviknight|Corviknight, L80, F|226/288\n|-damage|p2a: Corviknight|190/288|[from] Stealth Rock\n|-ability|p2a: Corviknight|Pressure\n|turn|25\n|\n|t:|1733842457\n|move|p1a: Heatran|Lava Plume|p2a: Corviknight\n|-supereffective|p2a: Corviknight\n|-damage|p2a: Corviknight|0 fnt\n|faint|p2a: Corviknight\n|\n|win|Evanston\n|raw|Evanston's rating: 1914 &rarr; <strong>1937</strong><br />(+23 for winning)\n|raw|ViscousPotato's rating: 1967 &rarr; <strong>1944</strong><br />(-23 for losing)\n", "inputlog": ">version bfd83cad13791eb5a5a409923076391caf6fb4d4\n>start {\"formatid\":\"gen9randombattle\",\"seed\":[64473,21038,4730,57377],\"rated\":\"Rated battle\"}\n>player p1 {\"name\":\"Evanston\",\"avatar\":\"1\",\"rating\":1914,\"seed\":[54388,31488,11094,42228]}\n>player p2 {\"name\":\"ViscousPotato\",\"avatar\":\"lusamine-nihilego\",\"rating\":1967,\"seed\":[59535,30106,24055,46828]}\n>p1 move willowisp\n>p2 switch 2\n>p1 switch 4\n>p2 move uturn\n>p2 switch 6\n>p1 switch 6\n>p2 move earthquake\n>p1 move heavyslam\n>p2 switch 5\n>p1 switch 6\n>p2 move bodypress\n>p1 move stealthrock\n>p2 switch 5\n>p1 switch 6\n>p2 move earthquake\n>p1 switch 2\n>p2 move earthquake\n>p1 switch 6\n>p2 switch 6\n>p1 switch 4\n>p2 move uturn\n>p2 switch 6\n>p1 switch 2\n>p2 move knockoff\n>p1 switch 4\n>p1 move lavaplume\n>p2 switch 2\n>p1 switch 5\n>p2 move bravebird\n>p1 switch 2\n>p2 switch 2\n>p1 move willowisp\n>p2 move supercellslam\n>p1 move shadowball\n>p2 move supercellslam\n>p1 switch 6\n>p1 move dragondance\n>p2 switch 6\n>p1 move outrage\n>p2 move tripleaxel\n>p2 switch 5\n>p1 move outrage\n>p2 move uturn\n>p2 switch 4\n>p1 move outrage\n>p2 move psyshock\n>p1 move outrage\n>p2 move psyshock\n>p2 switch 4\n>p1 switch 5\n>p2 move roost\n>p1 move lavaplume\n>p2 switch 6\n>p2 switch 3\n>p1 move lavaplume\n>p2 move dragondance terastallize\n>p1 move earthpower\n>p2 move outrage\n>p2 switch 6\n>p1 move lavaplume\n>p2 move bravebird", "uploadtime": 1733842463, "views": 2, "formatid": "gen9randombattle", "rating": 1937, "private": 0, "password": null}