{"id": "gen9randombattle-2260913180", "format": "[Gen 9] Random Battle", "players": ["Chibros77", "Ezekiel23twenty"], "log": "|j|\u2606Chibros77\n|j|\u2606Ezekiel23twenty\n|t:|1733915708\n|gametype|singles\n|player|p1|Chibros77|skier|1172\n|player|p2|Ezekiel23twenty|gentleman|1203\n|teamsize|p1|6\n|teamsize|p2|6\n|gen|9\n|tier|[Gen 9] Random Battle\n|rated|\n|rule|Species Clause: Limit one of each Pok\u00e9mon\n|rule|HP Percentage Mod: HP is shown in percentages\n|rule|Sleep Clause Mod: Limit one foe put to sleep\n|rule|Illusion Level Mod: Illusion disguises the Pok\u00e9mon's true level\n|\n|t:|1733915708\n|start\n|switch|p1a: Espathra|Espathra, L80, F|283/283\n|switch|p2a: Vikavolt|Vikavolt, L83, F|263/263\n|turn|1\n|inactive|Battle timer is ON: inactive players will automatically lose when time's up. (requested by Chibros77)\n|\n|t:|1733915726\n|move|p1a: Espathra|Substitute|p1a: Espathra\n|-start|p1a: Espathra|Substitute\n|-damage|p1a: Espathra|213/283\n|move|p2a: Vikavolt|Sticky Web|p1a: Espathra\n|-sidestart|p1: Chibros77|move: Sticky Web\n|\n|-heal|p1a: Espathra|230/283|[from] item: Leftovers\n|-ability|p1a: Espathra|Speed Boost|boost\n|-boost|p1a: Espathra|spe|1\n|upkeep\n|turn|2\n|\n|t:|1733915737\n|move|p1a: Espathra|Calm Mind|p1a: Espathra\n|-boost|p1a: Espathra|spa|1\n|-boost|p1a: Espathra|spd|1\n|move|p2a: Vikavolt|Bug Buzz|p1a: Espathra\n|-supereffective|p1a: Espathra\n|-damage|p1a: Espathra|0 fnt\n|faint|p1a: Espathra\n|\n|upkeep\n|inactive|Chibros77 has 120 seconds left.\n|\n|t:|1733915768\n|switch|p1a: Seviper|Seviper, L93, F|287/287\n|-activate|p1a: Seviper|move: Sticky Web\n|-unboost|p1a: Seviper|spe|1\n|turn|3\n|\n|t:|1733915777\n|move|p2a: Vikavolt|Thunderbolt|p1a: Seviper\n|-damage|p1a: Seviper|137/287\n|move|p1a: Seviper|Gunk Shot|p2a: Vikavolt\n|-damage|p2a: Vikavolt|97/263\n|-status|p2a: Vikavolt|psn\n|\n|-heal|p1a: Seviper|154/287|[from] item: Leftovers\n|-damage|p2a: Vikavolt|65/263 psn|[from] psn\n|upkeep\n|turn|4\n|\n|t:|1733915791\n|move|p2a: Vikavolt|Thunderbolt|p1a: Seviper\n|-damage|p1a: Seviper|4/287\n|move|p1a: Seviper|Trailblaze|p2a: Vikavolt\n|-resisted|p2a: Vikavolt\n|-damage|p2a: Vikavolt|43/263 psn\n|-boost|p1a: Seviper|spe|1\n|\n|-heal|p1a: Seviper|21/287|[from] item: Leftovers\n|-damage|p2a: Vikavolt|11/263 psn|[from] psn\n|upkeep\n|turn|5\n|\n|t:|1733915801\n|move|p1a: Seviper|Trailblaze|p2a: Vikavolt\n|-resisted|p2a: Vikavolt\n|-damage|p2a: Vikavolt|0 fnt\n|-boost|p1a: Seviper|spe|1\n|faint|p2a: Vikavolt\n|\n|-heal|p1a: Seviper|38/287|[from] item: Leftovers\n|upkeep\n|\n|t:|1733915806\n|switch|p2a: Samurott|Samurott, L88, M|310/310\n|turn|6\n|\n|t:|1733915812\n|move|p2a: Samurott|Aqua Jet|p1a: Seviper\n|-damage|p1a: Seviper|0 fnt\n|faint|p1a: Seviper\n|\n|upkeep\n|\n|t:|1733915822\n|switch|p1a: Tentacruel|Tentacruel, L84, F|272/272\n|-activate|p1a: Tentacruel|move: Sticky Web\n|-unboost|p1a: Tentacruel|spe|1\n|turn|7\n|\n|t:|1733915846\n|move|p2a: Samurott|Knock Off|p1a: Tentacruel\n|-damage|p1a: Tentacruel|181/272\n|-enditem|p1a: Tentacruel|Leftovers|[from] move: Knock Off|[of] p2a: Samurott\n|move|p1a: Tentacruel|Toxic|p2a: Samurott\n|-status|p2a: Samurott|tox\n|\n|-damage|p2a: Samurott|291/310 tox|[from] psn\n|upkeep\n|turn|8\n|\n|t:|1733915858\n|switch|p2a: Magnezone|Magnezone, L85|258/258\n|move|p1a: Tentacruel|Rapid Spin|p2a: Magnezone\n|-resisted|p2a: Magnezone\n|-damage|p2a: Magnezone|246/258\n|-boost|p1a: Tentacruel|spe|1\n|-sideend|p1: Chibros77|Sticky Web|[from] move: Rapid Spin|[of] p1a: Tentacruel\n|\n|upkeep\n|turn|9\n|\n|t:|1733915880\n|switch|p1a: Landorus|Landorus-Therian, L76, M|260/260\n|-ability|p1a: Landorus|Intimidate|boost\n|-unboost|p2a: Magnezone|atk|1\n|move|p2a: Magnezone|Volt Switch|p1a: Landorus\n|-immune|p1a: Landorus\n|\n|upkeep\n|turn|10\n|\n|t:|1733915894\n|switch|p2a: Samurott|Samurott, L88, M|291/310 tox\n|move|p1a: Landorus|Stealth Rock|p2a: Samurott\n|-sidestart|p2: Ezekiel23twenty|move: Stealth Rock\n|\n|-damage|p2a: Samurott|272/310 tox|[from] psn\n|upkeep\n|turn|11\n|\n|t:|1733915905\n|move|p1a: Landorus|U-turn|p2a: Samurott\n|-damage|p2a: Samurott|221/310 tox\n|\n|t:|1733915908\n|switch|p1a: Tentacruel|Tentacruel, L84, F|181/272|[from] U-turn\n|move|p2a: Samurott|Hydro Pump|p1a: Tentacruel\n|-resisted|p1a: Tentacruel\n|-damage|p1a: Tentacruel|125/272\n|\n|-damage|p2a: Samurott|183/310 tox|[from] psn\n|upkeep\n|turn|12\n|\n|t:|1733915922\n|move|p1a: Tentacruel|Rapid Spin|p2a: Samurott\n|-damage|p2a: Samurott|154/310 tox\n|-boost|p1a: Tentacruel|spe|1\n|move|p2a: Samurott|Knock Off|p1a: Tentacruel\n|-crit|p1a: Tentacruel\n|-damage|p1a: Tentacruel|34/272\n|\n|-damage|p2a: Samurott|97/310 tox|[from] psn\n|upkeep\n|turn|13\n|\n|t:|1733915930\n|move|p2a: Samurott|Aqua Jet|p1a: Tentacruel\n|-resisted|p1a: Tentacruel\n|-damage|p1a: Tentacruel|0 fnt\n|faint|p1a: Tentacruel\n|\n|-damage|p2a: Samurott|21/310 tox|[from] psn\n|upkeep\n|\n|t:|1733915948\n|switch|p1a: Gurdurr|Gurdurr, L85, F|283/283\n|turn|14\n|\n|t:|1733915953\n|move|p2a: Samurott|Aqua Jet|p1a: Gurdurr\n|-damage|p1a: Gurdurr|235/283\n|move|p1a: Gurdurr|Bulk Up|p1a: Gurdurr\n|-boost|p1a: Gurdurr|atk|1\n|-boost|p1a: Gurdurr|def|1\n|\n|-damage|p2a: Samurott|0 fnt|[from] psn\n|faint|p2a: Samurott\n|upkeep\n|\n|t:|1733915965\n|switch|p2a: Scream Tail|Scream Tail, L84|330/330\n|-damage|p2a: Scream Tail|289/330|[from] Stealth Rock\n|turn|15\n|\n|t:|1733915991\n|-terastallize|p1a: Gurdurr|Steel\n|move|p2a: Scream Tail|Thunder Wave|p1a: Gurdurr\n|-status|p1a: Gurdurr|par\n|move|p1a: Gurdurr|Knock Off|p2a: Scream Tail\n|-damage|p2a: Scream Tail|143/330\n|-enditem|p2a: Scream Tail|Leftovers|[from] move: Knock Off|[of] p1a: Gurdurr\n|\n|upkeep\n|turn|16\n|\n|t:|1733916002\n|move|p2a: Scream Tail|Wish|p2a: Scream Tail\n|move|p1a: Gurdurr|Knock Off|p2a: Scream Tail\n|-damage|p2a: Scream Tail|43/330\n|\n|upkeep\n|turn|17\n|\n|t:|1733916012\n|move|p2a: Scream Tail|Protect|p2a: Scream Tail\n|-singleturn|p2a: Scream Tail|Protect\n|move|p1a: Gurdurr|Knock Off|p2a: Scream Tail\n|-activate|p2a: Scream Tail|move: Protect\n|\n|-heal|p2a: Scream Tail|208/330|[from] move: Wish|[wisher] Scream Tail\n|upkeep\n|turn|18\n|\n|t:|1733916020\n|switch|p1a: Landorus|Landorus-Therian, L76, M|260/260\n|-ability|p1a: Landorus|Intimidate|boost\n|-unboost|p2a: Scream Tail|atk|1\n|move|p2a: Scream Tail|Wish|p2a: Scream Tail\n|\n|upkeep\n|turn|19\n|\n|t:|1733916029\n|move|p2a: Scream Tail|Dazzling Gleam|p1a: Landorus\n|-damage|p1a: Landorus|187/260\n|move|p1a: Landorus|Taunt|p2a: Scream Tail\n|-start|p2a: Scream Tail|move: Taunt\n|\n|-heal|p2a: Scream Tail|330/330|[from] move: Wish|[wisher] Scream Tail\n|-heal|p1a: Landorus|203/260|[from] item: Leftovers\n|upkeep\n|turn|20\n|\n|t:|1733916038\n|move|p2a: Scream Tail|Dazzling Gleam|p1a: Landorus\n|-damage|p1a: Landorus|130/260\n|move|p1a: Landorus|Earthquake|p2a: Scream Tail\n|-damage|p2a: Scream Tail|218/330\n|\n|-heal|p1a: Landorus|146/260|[from] item: Leftovers\n|upkeep\n|turn|21\n|\n|t:|1733916050\n|move|p2a: Scream Tail|Dazzling Gleam|p1a: Landorus\n|-damage|p1a: Landorus|70/260\n|move|p1a: Landorus|Earthquake|p2a: Scream Tail\n|-damage|p2a: Scream Tail|115/330\n|\n|-heal|p1a: Landorus|86/260|[from] item: Leftovers\n|upkeep\n|turn|22\n|\n|t:|1733916056\n|move|p2a: Scream Tail|Dazzling Gleam|p1a: Landorus\n|-damage|p1a: Landorus|14/260\n|move|p1a: Landorus|Earthquake|p2a: Scream Tail\n|-damage|p2a: Scream Tail|0 fnt\n|faint|p2a: Scream Tail\n|-end|p2a: Scream Tail|Protosynthesis|[silent]\n|\n|-heal|p1a: Landorus|30/260|[from] item: Leftovers\n|upkeep\n|\n|t:|1733916065\n|switch|p2a: Garchomp|Garchomp, L74, F|282/282\n|-damage|p2a: Garchomp|265/282|[from] Stealth Rock\n|turn|23\n|\n|t:|1733916076\n|move|p2a: Garchomp|Scale Shot|p1a: Landorus\n|-damage|p1a: Landorus|0 fnt\n|faint|p1a: Landorus\n|-hitcount|p1: Landorus|1\n|-unboost|p2a: Garchomp|def|1\n|-boost|p2a: Garchomp|spe|1\n|\n|upkeep\n|\n|t:|1733916079\n|switch|p1a: Arceus|Arceus-Psychic, L69|280/280\n|turn|24\n|\n|t:|1733916098\n|switch|p2a: Magnezone|Magnezone, L85|246/258\n|-damage|p2a: Magnezone|230/258|[from] Stealth Rock\n|move|p1a: Arceus|Cosmic Power|p1a: Arceus\n|-boost|p1a: Arceus|def|1\n|-boost|p1a: Arceus|spd|1\n|\n|upkeep\n|turn|25\n|\n|t:|1733916119\n|move|p1a: Arceus|Cosmic Power|p1a: Arceus\n|-boost|p1a: Arceus|def|1\n|-boost|p1a: Arceus|spd|1\n|move|p2a: Magnezone|Volt Switch|p1a: Arceus\n|-damage|p1a: Arceus|229/280\n|\n|t:|1733916121\n|switch|p2a: Kricketune|Kricketune, L99, F|312/312|[from] Volt Switch\n|\n|upkeep\n|turn|26\n|\n|t:|1733916129\n|move|p1a: Arceus|Cosmic Power|p1a: Arceus\n|-boost|p1a: Arceus|def|1\n|-boost|p1a: Arceus|spd|1\n|move|p2a: Kricketune|Pounce|p1a: Arceus\n|-supereffective|p1a: Arceus\n|-damage|p1a: Arceus|161/280\n|-unboost|p1a: Arceus|spe|1\n|\n|upkeep\n|turn|27\n|\n|t:|1733916143\n|move|p2a: Kricketune|Pounce|p1a: Arceus\n|-supereffective|p1a: Arceus\n|-damage|p1a: Arceus|89/280\n|-unboost|p1a: Arceus|spe|1\n|move|p1a: Arceus|Cosmic Power|p1a: Arceus\n|-boost|p1a: Arceus|def|1\n|-boost|p1a: Arceus|spd|1\n|\n|upkeep\n|turn|28\n|\n|t:|1733916151\n|move|p2a: Kricketune|Taunt|p1a: Arceus\n|-start|p1a: Arceus|move: Taunt\n|cant|p1a: Arceus|move: Taunt|Recover\n|\n|upkeep\n|turn|29\n|\n|t:|1733916156\n|move|p2a: Kricketune|Pounce|p1a: Arceus\n|-supereffective|p1a: Arceus\n|-damage|p1a: Arceus|21/280\n|-unboost|p1a: Arceus|spe|1\n|move|p1a: Arceus|Stored Power|p2a: Kricketune\n|-damage|p2a: Kricketune|77/312\n|\n|upkeep\n|turn|30\n|\n|t:|1733916160\n|move|p2a: Kricketune|Pounce|p1a: Arceus\n|-supereffective|p1a: Arceus\n|-damage|p1a: Arceus|0 fnt\n|faint|p1a: Arceus\n|\n|upkeep\n|\n|t:|1733916162\n|switch|p1a: Gurdurr|Gurdurr, L85, F, tera:Steel|235/283 par\n|turn|31\n|c|\u2606Ezekiel23twenty|Kricketune > God\n|\n|t:|1733916183\n|cant|p1a: Gurdurr|par\n|move|p2a: Kricketune|Knock Off|p1a: Gurdurr\n|-damage|p1a: Gurdurr|181/283 par\n|-enditem|p1a: Gurdurr|Eviolite|[from] move: Knock Off|[of] p2a: Kricketune\n|\n|upkeep\n|turn|32\n|\n|t:|1733916191\n|move|p1a: Gurdurr|Mach Punch|p2a: Kricketune\n|-resisted|p2a: Kricketune\n|-damage|p2a: Kricketune|29/312\n|move|p2a: Kricketune|Pounce|p1a: Gurdurr\n|-resisted|p1a: Gurdurr\n|-damage|p1a: Gurdurr|135/283 par\n|-unboost|p1a: Gurdurr|spe|1\n|\n|upkeep\n|turn|33\n|\n|t:|1733916195\n|move|p1a: Gurdurr|Mach Punch|p2a: Kricketune\n|-resisted|p2a: Kricketune\n|-damage|p2a: Kricketune|0 fnt\n|faint|p2a: Kricketune\n|\n|upkeep\n|\n|t:|1733916202\n|switch|p2a: Garchomp|Garchomp, L74, F|265/282\n|-damage|p2a: Garchomp|248/282|[from] Stealth Rock\n|turn|34\n|l|\u2606Chibros77\n|inactive|Chibros77 disconnected and has a minute to reconnect!\n|player|p1|\n|inactive|Chibros77 has 30 seconds to reconnect!\n|inactive|Chibros77 has 20 seconds to reconnect!\n|inactive|Chibros77 has 15 seconds to reconnect!\n|inactive|Chibros77 has 10 seconds to reconnect!\n|inactive|Chibros77 has 5 seconds to reconnect!\n|-message|Chibros77 lost due to inactivity.\n|\n|win|Ezekiel23twenty\n|raw|Chibros77's rating: 1172 &rarr; <strong>1149</strong><br />(-23 for losing)\n|raw|Ezekiel23twenty's rating: 1203 &rarr; <strong>1226</strong><br />(+23 for winning)\n", "inputlog": ">version bfd83cad13791eb5a5a409923076391caf6fb4d4\n>start {\"formatid\":\"gen9randombattle\",\"seed\":[1483,47586,58294,56819],\"rated\":\"Rated battle\"}\n>player p1 {\"name\":\"Chibros77\",\"avatar\":\"skier\",\"rating\":1172,\"seed\":[57155,32762,54069,23614]}\n>player p2 {\"name\":\"Ezekiel23twenty\",\"avatar\":\"gentleman\",\"rating\":1203,\"seed\":[36783,56041,4580,43948]}\n>p1 move substitute\n>p2 move stickyweb\n>p1 move calmmind\n>p2 move bugbuzz\n>p1 switch 2\n>p1 move gunkshot\n>p2 move thunderbolt\n>p1 move trailblaze\n>p2 move thunderbolt\n>p1 move trailblaze\n>p2 move bugbuzz\n>p2 switch 5\n>p1 move trailblaze\n>p2 move aquajet\n>p1 switch 4\n>p1 move toxic\n>p2 move knockoff\n>p1 move rapidspin\n>p2 switch 4\n>p1 switch 6\n>p2 move voltswitch\n>p1 move stealthrock\n>p2 switch 4\n>p1 move uturn\n>p2 move hydropump\n>p1 switch 6\n>p1 move rapidspin\n>p2 move knockoff\n>p1 move rapidspin\n>p2 move aquajet\n>p1 switch 5\n>p1 move bulkup\n>p2 move aquajet\n>p2 switch 6\n>p1 move knockoff terastallize\n>p2 move thunderwave\n>p1 move knockoff\n>p2 move wish\n>p1 move knockoff\n>p2 move protect\n>p1 switch 6\n>p2 move wish\n>p1 move taunt\n>p2 move dazzlinggleam\n>p1 move earthquake\n>p2 move dazzlinggleam\n>p1 move earthquake\n>p2 move dazzlinggleam\n>p1 move earthquake\n>p2 move dazzlinggleam\n>p2 switch 3\n>p1 move uturn\n>p2 move scaleshot\n>p1 switch 3\n>p1 move cosmicpower\n>p2 switch 4\n>p1 move cosmicpower\n>p2 move voltswitch\n>p2 switch 2\n>p1 move cosmicpower\n>p2 move pounce\n>p1 move cosmicpower\n>p2 move pounce\n>p1 move recover\n>p2 move taunt\n>p1 move storedpower\n>p2 move pounce\n>p1 move storedpower\n>p2 move pounce\n>p1 switch 6\n>chat \u2606Ezekiel23twenty|Kricketune > God\n>p1 move machpunch\n>p2 move knockoff\n>p1 move machpunch\n>p2 move pounce\n>p1 move machpunch\n>p2 move knockoff\n>p2 switch 4\n>forcelose p1", "uploadtime": 1733916279, "views": 1, "formatid": "gen9randombattle", "rating": 1149, "private": 0, "password": null}