{"id": "gen9randombattle-2260457806", "format": "[Gen 9] Random Battle", "players": ["Lrice.exe", "JeromeSimpson"], "log": "|j|\u2606Lrice.exe\n|j|\u2606JeromeSimpson\n|t:|1733853524\n|gametype|singles\n|player|p1|Lrice.exe|lance|1367\n|player|p2|JeromeSimpson|170|1399\n|teamsize|p1|6\n|teamsize|p2|6\n|gen|9\n|tier|[Gen 9] Random Battle\n|rated|\n|rule|Species Clause: Limit one of each Pok\u00e9mon\n|rule|HP Percentage Mod: HP is shown in percentages\n|rule|Sleep Clause Mod: Limit one foe put to sleep\n|rule|Illusion Level Mod: Illusion disguises the Pok\u00e9mon's true level\n|\n|t:|1733853524\n|start\n|switch|p1a: Kricketune|Kricketune, L99, M|311/311\n|switch|p2a: Froslass|Froslass, L87, F|263/263\n|turn|1\n|inactive|Battle timer is ON: inactive players will automatically lose when time's up. (requested by JeromeSimpson)\n|\n|t:|1733853534\n|move|p2a: Froslass|Will-O-Wisp|p1a: Kricketune\n|-status|p1a: Kricketune|brn\n|move|p1a: Kricketune|Knock Off|p2a: Froslass\n|-supereffective|p2a: Froslass\n|-damage|p2a: Froslass|171/263\n|-enditem|p2a: Froslass|Wide Lens|[from] move: Knock Off|[of] p1a: Kricketune\n|\n|-damage|p1a: Kricketune|292/311 brn|[from] brn\n|upkeep\n|turn|2\n|\n|t:|1733853545\n|move|p2a: Froslass|Poltergeist|p1a: Kricketune\n|-activate|p1a: Kricketune|move: Poltergeist|Focus Sash\n|-damage|p1a: Kricketune|148/311 brn\n|move|p1a: Kricketune|Sticky Web|p2a: Froslass\n|-sidestart|p2: JeromeSimpson|move: Sticky Web\n|\n|-damage|p1a: Kricketune|129/311 brn|[from] brn\n|upkeep\n|turn|3\n|\n|t:|1733853554\n|move|p2a: Froslass|Poltergeist|p1a: Kricketune\n|-activate|p1a: Kricketune|move: Poltergeist|Focus Sash\n|-damage|p1a: Kricketune|0 fnt\n|faint|p1a: Kricketune\n|\n|upkeep\n|\n|t:|1733853576\n|switch|p1a: Tentacruel|Tentacruel, L84, M|272/272\n|turn|4\n|\n|t:|1733853586\n|move|p2a: Froslass|Will-O-Wisp|p1a: Tentacruel|[miss]\n|-miss|p2a: Froslass|p1a: Tentacruel\n|move|p1a: Tentacruel|Knock Off|p2a: Froslass\n|-supereffective|p2a: Froslass\n|-damage|p2a: Froslass|87/263\n|\n|upkeep\n|turn|5\n|\n|t:|1733853602\n|move|p2a: Froslass|Will-O-Wisp|p1a: Tentacruel|[miss]\n|-miss|p2a: Froslass|p1a: Tentacruel\n|move|p1a: Tentacruel|Knock Off|p2a: Froslass\n|-supereffective|p2a: Froslass\n|-damage|p2a: Froslass|0 fnt\n|faint|p2a: Froslass\n|\n|upkeep\n|\n|t:|1733853610\n|switch|p2a: Lanturn|Lanturn, L89, M|367/367\n|turn|6\n|\n|t:|1733853619\n|switch|p1a: Meowscarada|Meowscarada, L78, M|247/247\n|move|p2a: Lanturn|Thunder Wave|p1a: Meowscarada\n|-status|p1a: Meowscarada|par\n|\n|upkeep\n|turn|7\n|\n|t:|1733853633\n|move|p2a: Lanturn|Volt Switch|p1a: Meowscarada\n|-resisted|p1a: Meowscarada\n|-damage|p1a: Meowscarada|205/247 par\n|\n|t:|1733853642\n|switch|p2a: Fezandipiti|Fezandipiti, L82, M|278/278|[from] Volt Switch\n|-activate|p2a: Fezandipiti|move: Sticky Web\n|-unboost|p2a: Fezandipiti|spe|1\n|cant|p1a: Meowscarada|par\n|\n|upkeep\n|turn|8\n|\n|t:|1733853667\n|switch|p1a: Chimecho|Chimecho, L93, F|290/290\n|move|p2a: Fezandipiti|Beat Up|p1a: Chimecho\n|-supereffective|p1a: Chimecho\n|-damage|p1a: Chimecho|270/290\n|-supereffective|p1a: Chimecho\n|-damage|p1a: Chimecho|250/290\n|-supereffective|p1a: Chimecho\n|-damage|p1a: Chimecho|228/290\n|-supereffective|p1a: Chimecho\n|-damage|p1a: Chimecho|214/290\n|-supereffective|p1a: Chimecho\n|-damage|p1a: Chimecho|200/290\n|-hitcount|p1a: Chimecho|5\n|\n|-heal|p1a: Chimecho|218/290|[from] item: Leftovers\n|upkeep\n|turn|9\n|c|\u2606JeromeSimpson|bro what\n|inactive|JeromeSimpson has 120 seconds left.\n|c|\u2606JeromeSimpson|is that bs\n|\n|t:|1733853684\n|move|p1a: Chimecho|Calm Mind|p1a: Chimecho\n|-boost|p1a: Chimecho|spa|1\n|-boost|p1a: Chimecho|spd|1\n|move|p2a: Fezandipiti|U-turn|p1a: Chimecho\n|-supereffective|p1a: Chimecho\n|-damage|p1a: Chimecho|134/290\n|c|\u2606JeromeSimpson|that shit fucking sucked\n|n|\u203dJeromeSimpson|jeromesimpson\n|c|~|/log JeromeSimpson was locked from talking by Artemis. (\u2606JeromeSimpson: that shit fucking sucked)\n|c|~|/raw <small>This action was done automatically. Want to learn more about the AI? <a href=\"https://www.smogon.com/forums/threads/3570628/#post-9056769\">Visit the information thread</a>.</small>\n|inactive|JeromeSimpson has 120 seconds left.\n|j|@Mathy\n|n|\u2606JeromeSimpson|jeromesimpson\n|c|@Mathy|/log JeromeSimpson was unlocked by Mathy.\n|c|@Mathy|bad bot\n|c|\u2606JeromeSimpson|lolol\n|\n|t:|1733853719\n|switch|p2a: Arceus|Arceus-Ghost, L69|280/280|[from] U-turn\n|-activate|p2a: Arceus|move: Sticky Web\n|-unboost|p2a: Arceus|spe|1\n|\n|-heal|p1a: Chimecho|152/290|[from] item: Leftovers\n|upkeep\n|turn|10\n|c|\u2606JeromeSimpson|ty\n|l|@Mathy\n|inactive|Lrice.exe has 120 seconds left.\n|\n|t:|1733853747\n|-terastallize|p1a: Chimecho|Fairy\n|move|p1a: Chimecho|Recover|p1a: Chimecho\n|-heal|p1a: Chimecho|290/290\n|move|p2a: Arceus|Focus Blast|p1a: Chimecho\n|-resisted|p1a: Chimecho\n|-damage|p1a: Chimecho|270/290\n|\n|-heal|p1a: Chimecho|288/290|[from] item: Leftovers\n|upkeep\n|turn|11\n|inactive|Lrice.exe has 120 seconds left.\n|\n|t:|1733853761\n|switch|p2a: Fezandipiti|Fezandipiti, L82, M|278/278\n|-activate|p2a: Fezandipiti|move: Sticky Web\n|-unboost|p2a: Fezandipiti|spe|1\n|move|p1a: Chimecho|Calm Mind|p1a: Chimecho\n|-boost|p1a: Chimecho|spa|1\n|-boost|p1a: Chimecho|spd|1\n|\n|-heal|p1a: Chimecho|290/290|[from] item: Leftovers\n|upkeep\n|turn|12\n|inactive|Lrice.exe has 120 seconds left.\n|\n|t:|1733853772\n|move|p1a: Chimecho|Psychic Noise|p2a: Fezandipiti\n|-supereffective|p2a: Fezandipiti\n|-damage|p2a: Fezandipiti|62/278\n|-start|p2a: Fezandipiti|move: Heal Block\n|move|p2a: Fezandipiti|Gunk Shot|p1a: Chimecho\n|-supereffective|p1a: Chimecho\n|-damage|p1a: Chimecho|84/290\n|-status|p1a: Chimecho|psn\n|\n|-heal|p1a: Chimecho|102/290 psn|[from] item: Leftovers\n|-damage|p1a: Chimecho|66/290 psn|[from] psn\n|upkeep\n|turn|13\n|inactive|Lrice.exe has 120 seconds left.\n|\n|t:|1733853791\n|switch|p2a: Meloetta|Meloetta, L82|298/298\n|-activate|p2a: Meloetta|move: Sticky Web\n|-unboost|p2a: Meloetta|spe|1\n|move|p1a: Chimecho|Psychic Noise|p2a: Meloetta\n|-resisted|p2a: Meloetta\n|-damage|p2a: Meloetta|220/298\n|-start|p2a: Meloetta|move: Heal Block\n|\n|-heal|p1a: Chimecho|84/290 psn|[from] item: Leftovers\n|-damage|p1a: Chimecho|48/290 psn|[from] psn\n|upkeep\n|turn|14\n|inactive|Lrice.exe has 120 seconds left.\n|\n|t:|1733853809\n|move|p1a: Chimecho|Dazzling Gleam|p2a: Meloetta\n|-damage|p2a: Meloetta|54/298\n|move|p2a: Meloetta|Knock Off|p1a: Chimecho\n|-resisted|p1a: Chimecho\n|-damage|p1a: Chimecho|14/290 psn\n|-enditem|p1a: Chimecho|Leftovers|[from] move: Knock Off|[of] p2a: Meloetta\n|-damage|p2a: Meloetta|25/298|[from] item: Life Orb\n|\n|-damage|p1a: Chimecho|0 fnt|[from] psn\n|faint|p1a: Chimecho\n|-end|p2a: Meloetta|move: Heal Block\n|upkeep\n|\n|t:|1733853826\n|switch|p1a: Jumpluff|Jumpluff, L87, M|271/271\n|turn|15\n|\n|t:|1733853840\n|move|p1a: Jumpluff|Sleep Powder|p2a: Meloetta\n|-status|p2a: Meloetta|slp|[from] move: Sleep Powder\n|cant|p2a: Meloetta|slp\n|\n|upkeep\n|turn|16\n|\n|t:|1733853850\n|move|p1a: Jumpluff|Acrobatics|p2a: Meloetta\n|-damage|p2a: Meloetta|0 fnt\n|faint|p2a: Meloetta\n|\n|upkeep\n|\n|t:|1733853856\n|switch|p2a: Lanturn|Lanturn, L89, M|367/367\n|turn|17\n|inactive|JeromeSimpson has 120 seconds left.\n|\n|t:|1733853864\n|move|p1a: Jumpluff|Sleep Powder|p2a: Lanturn\n|-status|p2a: Lanturn|slp|[from] move: Sleep Powder\n|cant|p2a: Lanturn|slp\n|\n|upkeep\n|turn|18\n|inactive|Lrice.exe has 120 seconds left.\n|\n|t:|1733853870\n|move|p1a: Jumpluff|U-turn|p2a: Lanturn\n|-damage|p2a: Lanturn|318/367 slp\n|\n|t:|1733853874\n|switch|p1a: Meowscarada|Meowscarada, L78, M|205/247 par|[from] U-turn\n|-curestatus|p2a: Lanturn|slp|[msg]\n|move|p2a: Lanturn|Thunderbolt|p1a: Meowscarada\n|-resisted|p1a: Meowscarada\n|-damage|p1a: Meowscarada|145/247 par\n|\n|upkeep\n|turn|19\n|\n|t:|1733853889\n|move|p2a: Lanturn|Volt Switch|p1a: Meowscarada\n|-resisted|p1a: Meowscarada\n|-damage|p1a: Meowscarada|100/247 par\n|\n|t:|1733853906\n|switch|p2a: Fezandipiti|Fezandipiti, L82, M|62/278|[from] Volt Switch\n|-activate|p2a: Fezandipiti|move: Sticky Web\n|-unboost|p2a: Fezandipiti|spe|1\n|cant|p1a: Meowscarada|par\n|\n|upkeep\n|turn|20\n|inactive|Lrice.exe has 120 seconds left.\n|\n|t:|1733853928\n|move|p2a: Fezandipiti|U-turn|p1a: Meowscarada\n|-supereffective|p1a: Meowscarada\n|-damage|p1a: Meowscarada|0 fnt\n|faint|p1a: Meowscarada\n|\n|t:|1733853934\n|switch|p2a: Lanturn|Lanturn, L89, M|318/367|[from] U-turn\n|\n|upkeep\n|\n|t:|1733853940\n|switch|p1a: Manaphy|Manaphy, L78|284/284\n|turn|21\n|\n|t:|1733853948\n|move|p1a: Manaphy|Tail Glow|p1a: Manaphy\n|-boost|p1a: Manaphy|spa|3\n|move|p2a: Lanturn|Thunderbolt|p1a: Manaphy\n|-supereffective|p1a: Manaphy\n|-damage|p1a: Manaphy|122/284\n|\n|-heal|p1a: Manaphy|139/284|[from] item: Leftovers\n|upkeep\n|turn|22\n|\n|t:|1733853956\n|move|p1a: Manaphy|Energy Ball|p2a: Lanturn\n|-supereffective|p2a: Lanturn\n|-damage|p2a: Lanturn|4/367\n|move|p2a: Lanturn|Thunderbolt|p1a: Manaphy\n|-supereffective|p1a: Manaphy\n|-damage|p1a: Manaphy|0 fnt\n|faint|p1a: Manaphy\n|\n|upkeep\n|\n|t:|1733853964\n|switch|p1a: Jumpluff|Jumpluff, L87, M|271/271\n|turn|23\n|c|\u2606Lrice.exe|are we fr\n|\n|t:|1733853973\n|move|p1a: Jumpluff|U-turn|p2a: Lanturn\n|-damage|p2a: Lanturn|0 fnt\n|faint|p2a: Lanturn\n|\n|t:|1733853977\n|switch|p1a: Tentacruel|Tentacruel, L84, M|272/272|[from] U-turn\n|\n|upkeep\n|\n|t:|1733853982\n|switch|p2a: Lurantis|Lurantis, L87, F|264/264\n|-activate|p2a: Lurantis|move: Sticky Web\n|-boost|p2a: Lurantis|spe|1\n|turn|24\n|\n|t:|1733853995\n|move|p1a: Tentacruel|Knock Off|p2a: Lurantis\n|-damage|p2a: Lurantis|210/264\n|-enditem|p2a: Lurantis|Assault Vest|[from] move: Knock Off|[of] p1a: Tentacruel\n|move|p2a: Lurantis|Leaf Storm|p1a: Tentacruel\n|-damage|p1a: Tentacruel|200/272\n|-boost|p2a: Lurantis|spa|2\n|\n|upkeep\n|turn|25\n|\n|t:|1733854004\n|move|p1a: Tentacruel|Sludge Bomb|p2a: Lurantis\n|-supereffective|p2a: Lurantis\n|-damage|p2a: Lurantis|48/264\n|move|p2a: Lurantis|Leaf Storm|p1a: Tentacruel\n|-damage|p1a: Tentacruel|70/272\n|-boost|p2a: Lurantis|spa|2\n|\n|upkeep\n|turn|26\n|\n|t:|1733854029\n|move|p1a: Tentacruel|Sludge Bomb|p2a: Lurantis\n|-supereffective|p2a: Lurantis\n|-damage|p2a: Lurantis|0 fnt\n|faint|p2a: Lurantis\n|\n|upkeep\n|\n|t:|1733854034\n|switch|p2a: Arceus|Arceus-Ghost, L69|280/280\n|-activate|p2a: Arceus|move: Sticky Web\n|-unboost|p2a: Arceus|spe|1\n|turn|27\n|inactive|JeromeSimpson has 120 seconds left.\n|\n|t:|1733854055\n|-terastallize|p2a: Arceus|Ghost\n|move|p1a: Tentacruel|Knock Off|p2a: Arceus\n|-supereffective|p2a: Arceus\n|-damage|p2a: Arceus|206/280\n|move|p2a: Arceus|Judgment|p1a: Tentacruel\n|-damage|p1a: Tentacruel|0 fnt\n|faint|p1a: Tentacruel\n|\n|upkeep\n|\n|t:|1733854062\n|switch|p1a: Jumpluff|Jumpluff, L87, M|271/271\n|turn|28\n|\n|t:|1733854076\n|move|p1a: Jumpluff|Sleep Powder|p2a: Arceus\n|-status|p2a: Arceus|slp|[from] move: Sleep Powder\n|cant|p2a: Arceus|slp\n|\n|upkeep\n|turn|29\n|\n|t:|1733854082\n|move|p1a: Jumpluff|Acrobatics|p2a: Arceus\n|-damage|p2a: Arceus|124/280 slp\n|-curestatus|p2a: Arceus|slp|[msg]\n|move|p2a: Arceus|Judgment|p1a: Jumpluff\n|-damage|p1a: Jumpluff|153/271\n|\n|upkeep\n|turn|30\n|\n|t:|1733854090\n|move|p1a: Jumpluff|Sleep Powder|p2a: Arceus|[miss]\n|-miss|p1a: Jumpluff|p2a: Arceus\n|move|p2a: Arceus|Recover|p2a: Arceus\n|-heal|p2a: Arceus|264/280\n|\n|upkeep\n|turn|31\n|\n|t:|1733854096\n|switch|p2a: Fezandipiti|Fezandipiti, L82, M|62/278\n|-activate|p2a: Fezandipiti|move: Sticky Web\n|-unboost|p2a: Fezandipiti|spe|1\n|move|p1a: Jumpluff|Sleep Powder|p2a: Fezandipiti\n|-status|p2a: Fezandipiti|slp|[from] move: Sleep Powder\n|\n|upkeep\n|turn|32\n|\n|t:|1733854109\n|switch|p2a: Arceus|Arceus-Ghost, L69, tera:Ghost|264/280\n|-activate|p2a: Arceus|move: Sticky Web\n|-unboost|p2a: Arceus|spe|1\n|move|p1a: Jumpluff|Acrobatics|p2a: Arceus\n|-damage|p2a: Arceus|185/280\n|\n|upkeep\n|turn|33\n|\n|t:|1733854116\n|move|p1a: Jumpluff|Sleep Powder|p2a: Arceus\n|-message|Sleep Clause Mod activated.\n|-hint|Sleep Clause Mod prevents players from putting more than one of their opponent's Pok\u00e9mon to sleep at a time\n|move|p2a: Arceus|Judgment|p1a: Jumpluff\n|-damage|p1a: Jumpluff|35/271\n|\n|upkeep\n|turn|34\n|c|\u2606JeromeSimpson|:)\n|c|\u2606JeromeSimpson|gg\n|\n|t:|1733854126\n|move|p1a: Jumpluff|Acrobatics|p2a: Arceus\n|-damage|p2a: Arceus|100/280\n|move|p2a: Arceus|Judgment|p1a: Jumpluff\n|-damage|p1a: Jumpluff|0 fnt\n|faint|p1a: Jumpluff\n|\n|win|JeromeSimpson\n", "inputlog": ">version bfd83cad13791eb5a5a409923076391caf6fb4d4\n>start {\"formatid\":\"gen9randombattle\",\"seed\":[60295,47141,32204,20565],\"rated\":\"Rated battle\"}\n>player p1 {\"name\":\"Lrice.exe\",\"avatar\":\"lance\",\"rating\":1367,\"seed\":[53004,42227,37846,47392]}\n>player p2 {\"name\":\"JeromeSimpson\",\"avatar\":\"170\",\"rating\":1399,\"seed\":[14165,56743,1221,43576]}\n>p1 move knockoff\n>p2 move willowisp\n>p1 move stickyweb\n>p2 move poltergeist\n>p1 move pounce\n>p2 move poltergeist\n>p1 switch 2\n>p1 move knockoff\n>p2 move willowisp\n>p1 move knockoff\n>p2 move willowisp\n>p2 switch 2\n>p1 switch 3\n>p2 move thunderwave\n>p1 move uturn\n>p2 move voltswitch\n>p2 switch 5\n>p1 switch 6\n>p2 move beatup\n>chat \u2606JeromeSimpson|bro what\n>chat \u2606JeromeSimpson|is that bs\n>p1 move calmmind\n>p2 move uturn\n>chat \u2606JeromeSimpson|that shit fucking sucked\n>chat @Mathy|bad bot\n>chat \u2606JeromeSimpson|lolol\n>p2 switch 4\n>chat \u2606JeromeSimpson|ty\n>p1 move recover terastallize\n>p2 move focusblast\n>p1 move calmmind\n>p2 switch 4\n>p1 move psychicnoise\n>p2 move gunkshot\n>p1 move psychicnoise\n>p2 switch 6\n>p1 move dazzlinggleam\n>p2 move knockoff\n>p1 switch 5\n>p1 move sleeppowder\n>p2 move tripleaxel\n>p1 move acrobatics\n>p2 move tripleaxel\n>p2 switch 5\n>p1 move sleeppowder\n>p2 move thunderbolt\n>p1 move uturn\n>p2 move thunderbolt\n>p1 switch 6\n>p1 move flowertrick\n>p2 move voltswitch\n>p2 switch 6\n>p1 move flowertrick\n>p2 move uturn\n>p2 switch 6\n>p1 switch 4\n>p1 move tailglow\n>p2 move thunderbolt\n>p1 move energyball\n>p2 move thunderbolt\n>p1 switch 6\n>chat \u2606Lrice.exe|are we fr\n>p1 move uturn\n>p2 move thunderbolt\n>p1 switch 3\n>p2 switch 3\n>p1 move knockoff\n>p2 move leafstorm\n>p1 move sludgebomb\n>p2 move leafstorm\n>p1 move sludgebomb\n>p2 move leafstorm\n>p2 switch 4\n>p1 move knockoff\n>p2 move judgment terastallize\n>p1 switch 3\n>p1 move sleeppowder\n>p2 move judgment\n>p1 move acrobatics\n>p2 move judgment\n>p1 move sleeppowder\n>p2 move recover\n>p1 move sleeppowder\n>p2 switch 6\n>p1 move acrobatics\n>p2 switch 6\n>p1 move sleeppowder\n>p2 move judgment\n>chat \u2606JeromeSimpson|:)\n>chat \u2606JeromeSimpson|gg\n>p1 move acrobatics\n>p2 move judgment", "uploadtime": 1733853689, "views": 1, "formatid": "gen9randombattle", "rating": null, "private": 0, "password": null}