{"id": "gen9randombattle-2260705699", "format": "[Gen 9] Random Battle", "players": ["DismondScout", "FantasyWind"], "log": "|j|\u2606DismondScout\n|j|\u203dFantasyWind\n|t:|1733880831\n|gametype|singles\n|player|p1|DismondScout|170|1375\n|player|p2|FantasyWind|hilda|1358\n|teamsize|p1|6\n|teamsize|p2|6\n|gen|9\n|tier|[Gen 9] Random Battle\n|rated|\n|rule|Species Clause: Limit one of each Pok\u00e9mon\n|rule|HP Percentage Mod: HP is shown in percentages\n|rule|Sleep Clause Mod: Limit one foe put to sleep\n|rule|Illusion Level Mod: Illusion disguises the Pok\u00e9mon's true level\n|\n|t:|1733880831\n|start\n|switch|p1a: Terapagos|Terapagos, L76, M|262/262\n|switch|p2a: Garchomp|Garchomp, L74, M|282/282\n|-activate|p1a: Terapagos|ability: Tera Shift\n|detailschange|p1a: Terapagos|Terapagos-Terastal, L76, M\n|-heal|p1a: Terapagos|269/269|[silent]\n|turn|1\n|inactive|Battle timer is ON: inactive players will automatically lose when time's up. (requested by FantasyWind)\n|inactive|DismondScout also wants the timer to be on.\n|\n|t:|1733880850\n|switch|p2a: Sunflora|Sunflora, M|312/312\n|switch|p1a: Flutter Mane|Flutter Mane, L74|203/203\n|\n|upkeep\n|turn|2\n|\n|t:|1733880855\n|move|p1a: Flutter Mane|Calm Mind|p1a: Flutter Mane\n|-boost|p1a: Flutter Mane|spa|1\n|-boost|p1a: Flutter Mane|spd|1\n|move|p2a: Sunflora|Sludge Bomb|p1a: Flutter Mane\n|-damage|p1a: Flutter Mane|119/203\n|\n|upkeep\n|turn|3\n|\n|t:|1733880861\n|move|p1a: Flutter Mane|Moonblast|p2a: Sunflora\n|-damage|p2a: Sunflora|143/312\n|-damage|p1a: Flutter Mane|99/203|[from] item: Life Orb\n|move|p2a: Sunflora|Sludge Bomb|p1a: Flutter Mane\n|-damage|p1a: Flutter Mane|20/203\n|\n|upkeep\n|turn|4\n|\n|t:|1733880866\n|move|p1a: Flutter Mane|Moonblast|p2a: Sunflora\n|-crit|p2a: Sunflora\n|-damage|p2a: Sunflora|0 fnt\n|faint|p2a: Sunflora\n|-damage|p1a: Flutter Mane|0 fnt|[from] item: Life Orb\n|faint|p1a: Flutter Mane\n|-end|p1a: Flutter Mane|Protosynthesis|[silent]\n|\n|upkeep\n|\n|t:|1733880883\n|switch|p1a: Grumpig|Grumpig, L92, M|297/297\n|switch|p2a: Malamar|Malamar, L82, M|275/275\n|turn|5\n|\n|t:|1733880898\n|move|p1a: Grumpig|Earth Power|p2a: Malamar\n|-damage|p2a: Malamar|190/275\n|move|p2a: Malamar|Superpower|p1a: Grumpig\n|-resisted|p1a: Grumpig\n|-damage|p1a: Grumpig|250/297\n|-boost|p2a: Malamar|atk|1\n|-boost|p2a: Malamar|def|1\n|\n|-heal|p1a: Grumpig|268/297|[from] item: Leftovers\n|upkeep\n|turn|6\n|\n|t:|1733880903\n|-terastallize|p1a: Grumpig|Ground\n|move|p1a: Grumpig|Earth Power|p2a: Malamar\n|-damage|p2a: Malamar|57/275\n|move|p2a: Malamar|Knock Off|p1a: Grumpig\n|-damage|p1a: Grumpig|118/297\n|-enditem|p1a: Grumpig|Leftovers|[from] move: Knock Off|[of] p2a: Malamar\n|\n|upkeep\n|turn|7\n|\n|t:|1733880927\n|move|p1a: Grumpig|Earth Power|p2a: Malamar\n|-damage|p2a: Malamar|0 fnt\n|faint|p2a: Malamar\n|\n|upkeep\n|\n|t:|1733880929\n|switch|p2a: Kingdra|Kingdra, L84, M|263/263\n|turn|8\n|\n|t:|1733880935\n|move|p1a: Grumpig|Earth Power|p2a: Kingdra\n|-damage|p2a: Kingdra|167/263\n|move|p2a: Kingdra|Rain Dance|p2a: Kingdra\n|-weather|RainDance\n|\n|-weather|RainDance|[upkeep]\n|upkeep\n|turn|9\n|\n|t:|1733880941\n|move|p2a: Kingdra|Wave Crash|p1a: Grumpig\n|-supereffective|p1a: Grumpig\n|-damage|p1a: Grumpig|0 fnt\n|faint|p1a: Grumpig\n|-damage|p2a: Kingdra|128/263|[from] Recoil\n|-damage|p2a: Kingdra|102/263|[from] item: Life Orb\n|\n|-weather|RainDance|[upkeep]\n|upkeep\n|\n|t:|1733880958\n|switch|p1a: Jirachi|Jirachi, L80|291/291\n|turn|10\n|\n|t:|1733880962\n|move|p1a: Jirachi|Protect|p1a: Jirachi\n|-singleturn|p1a: Jirachi|Protect\n|move|p2a: Kingdra|Wave Crash|p1a: Jirachi\n|-activate|p1a: Jirachi|move: Protect\n|\n|-weather|RainDance|[upkeep]\n|upkeep\n|turn|11\n|\n|t:|1733880968\n|-terastallize|p2a: Kingdra|Water\n|move|p2a: Kingdra|Wave Crash|p1a: Jirachi\n|-damage|p1a: Jirachi|5/291\n|-damage|p2a: Kingdra|8/263|[from] Recoil\n|-damage|p2a: Kingdra|0 fnt|[from] item: Life Orb\n|faint|p2a: Kingdra\n|move|p1a: Jirachi|Body Slam|p2: Kingdra|[notarget]\n|-fail|p1a: Jirachi\n|\n|-weather|RainDance|[upkeep]\n|-heal|p1a: Jirachi|23/291|[from] item: Leftovers\n|upkeep\n|\n|t:|1733880973\n|switch|p2a: Garchomp|Garchomp, L74, M|282/282\n|turn|12\n|\n|t:|1733880979\n|move|p1a: Jirachi|Iron Head|p2a: Garchomp\n|-damage|p2a: Garchomp|195/282\n|-damage|p1a: Jirachi|0 fnt|[from] ability: Rough Skin|[of] p2a: Garchomp\n|faint|p1a: Jirachi\n|cant|p2a: Garchomp|flinch\n|\n|-weather|none\n|upkeep\n|\n|t:|1733880983\n|switch|p1a: Regidrago|Regidrago, L77|435/435\n|turn|13\n|\n|t:|1733880993\n|move|p1a: Regidrago|Dragon Energy|p2a: Garchomp\n|-supereffective|p2a: Garchomp\n|-damage|p2a: Garchomp|0 fnt\n|faint|p2a: Garchomp\n|\n|upkeep\n|\n|t:|1733880997\n|switch|p2a: Houndoom|Houndoom, L87, F|272/272\n|turn|14\n|inactive|DismondScout has 120 seconds left.\n|inactive|DismondScout has 90 seconds left.\n|l|\u2606DismondScout\n|inactive|DismondScout disconnected and has a minute to reconnect!\n|player|p1|\n|inactive|DismondScout has 30 seconds to reconnect!\n|j|\u2606DismondScout\n|inactive|DismondScout reconnected and has 60 seconds left.\n|player|p1|DismondScout|170|\n|\n|t:|1733881094\n|move|p2a: Houndoom|Sucker Punch|p1a: Regidrago\n|-damage|p1a: Regidrago|314/435\n|move|p1a: Regidrago|Dragon Energy|p2a: Houndoom\n|-damage|p2a: Houndoom|112/272\n|\n|upkeep\n|turn|15\n|inactive|DismondScout has 60 seconds left.\n|\n|t:|1733881100\n|move|p2a: Houndoom|Sucker Punch|p1a: Regidrago\n|-damage|p1a: Regidrago|188/435\n|move|p1a: Regidrago|Dragon Energy|p2a: Houndoom\n|-damage|p2a: Houndoom|28/272\n|\n|upkeep\n|turn|16\n|\n|t:|1733881105\n|move|p2a: Houndoom|Sucker Punch|p1a: Regidrago\n|-damage|p1a: Regidrago|77/435\n|move|p1a: Regidrago|Dragon Energy|p2a: Houndoom\n|-damage|p2a: Houndoom|0 fnt\n|faint|p2a: Houndoom\n|\n|upkeep\n|\n|t:|1733881108\n|switch|p2a: Iron Thorns|Iron Thorns, L83|302/302\n|-enditem|p2a: Iron Thorns|Booster Energy\n|-activate|p2a: Iron Thorns|ability: Quark Drive|[fromitem]\n|-start|p2a: Iron Thorns|quarkdriveatk\n|turn|17\n|\n|t:|1733881111\n|switch|p1a: Muk|Muk-Alola, L82, M|306/306\n|move|p2a: Iron Thorns|Dragon Dance|p2a: Iron Thorns\n|-boost|p2a: Iron Thorns|atk|1\n|-boost|p2a: Iron Thorns|spe|1\n|\n|upkeep\n|turn|18\n|\n|t:|1733881122\n|move|p2a: Iron Thorns|Dragon Dance|p2a: Iron Thorns\n|-boost|p2a: Iron Thorns|atk|1\n|-boost|p2a: Iron Thorns|spe|1\n|move|p1a: Muk|Drain Punch|p2a: Iron Thorns\n|-supereffective|p2a: Iron Thorns\n|-damage|p2a: Iron Thorns|210/302\n|\n|upkeep\n|turn|19\n|\n|t:|1733881131\n|move|p2a: Iron Thorns|Stone Edge|p1a: Muk\n|-damage|p1a: Muk|0 fnt\n|faint|p1a: Muk\n|\n|upkeep\n|\n|t:|1733881137\n|switch|p1a: Regidrago|Regidrago, L77|77/435\n|turn|20\n|\n|t:|1733881142\n|move|p2a: Iron Thorns|Ice Punch|p1a: Regidrago\n|-supereffective|p1a: Regidrago\n|-damage|p1a: Regidrago|0 fnt\n|faint|p1a: Regidrago\n|\n|upkeep\n|\n|t:|1733881144\n|switch|p1a: Terapagos|Terapagos-Terastal, L76, M|269/269\n|turn|21\n|inactive|DismondScout has 120 seconds left.\n|\n|t:|1733881156\n|move|p2a: Iron Thorns|Stone Edge|p1a: Terapagos\n|-activate|p1a: Terapagos|ability: Tera Shell\n|-resisted|p1a: Terapagos\n|-damage|p1a: Terapagos|110/269\n|move|p1a: Terapagos|Tera Starstorm|p2a: Iron Thorns\n|-resisted|p2a: Iron Thorns\n|-damage|p2a: Iron Thorns|147/302\n|\n|upkeep\n|turn|22\n|\n|t:|1733881160\n|move|p2a: Iron Thorns|Wild Charge|p1a: Terapagos\n|-damage|p1a: Terapagos|0 fnt\n|faint|p1a: Terapagos\n|-damage|p2a: Iron Thorns|119/302|[from] Recoil\n|\n|win|FantasyWind\n|raw|DismondScout's rating: 1375 &rarr; <strong>1354</strong><br />(-21 for losing)\n|raw|FantasyWind's rating: 1358 &rarr; <strong>1379</strong><br />(+21 for winning)\n|l|\u2606DismondScout\n|player|p1|\n", "inputlog": ">version bfd83cad13791eb5a5a409923076391caf6fb4d4\n>start {\"formatid\":\"gen9randombattle\",\"seed\":[25525,50121,62845,15192],\"rated\":\"Rated battle\"}\n>player p1 {\"name\":\"DismondScout\",\"avatar\":\"170\",\"rating\":1375,\"seed\":[58444,55335,32095,42572]}\n>player p2 {\"name\":\"FantasyWind\",\"avatar\":\"hilda\",\"rating\":1358,\"seed\":[53728,63417,752,39277]}\n>p1 switch 3\n>p2 switch 4\n>p1 move calmmind\n>p2 move sludgebomb\n>p1 move moonblast\n>p2 move sludgebomb\n>p1 move moonblast\n>p2 move sludgebomb\n>p1 switch 2\n>p2 switch 5\n>p1 move earthpower\n>p2 move superpower\n>p1 move earthpower terastallize\n>p2 move knockoff\n>p1 move earthpower\n>p2 move rest\n>p2 switch 6\n>p1 move earthpower\n>p2 move raindance\n>p1 move earthpower\n>p2 move wavecrash\n>p1 switch 6\n>p1 move protect\n>p2 move wavecrash\n>p1 move bodyslam\n>p2 move wavecrash terastallize\n>p2 switch 4\n>p1 move ironhead\n>p2 move swordsdance\n>p1 switch 4\n>p1 move dragonenergy\n>p2 move scaleshot\n>p2 switch 2\n>p1 move dragonenergy\n>p2 move suckerpunch\n>p1 move dragonenergy\n>p2 move suckerpunch\n>p1 move dragonenergy\n>p2 move suckerpunch\n>p2 switch 3\n>p1 switch 5\n>p2 move dragondance\n>p1 move drainpunch\n>p2 move dragondance\n>p1 move icepunch\n>p2 move stoneedge\n>p1 switch 5\n>p1 move earthquake\n>p2 move icepunch\n>p1 switch 3\n>p1 move terastarstorm\n>p2 move stoneedge\n>p1 move rest\n>p2 move wildcharge", "uploadtime": 1733881162, "views": 1, "formatid": "gen9randombattle", "rating": 1354, "private": 0, "password": null}