{"id": "gen9randombattle-2103530848", "format": "[Gen 9] Random Battle", "players": ["pokeblade\u2606101", "Kumar1220"], "log": "|badge|p1|gold|gen9randombattle|3-1\n|uhtml|medal-msg|<div class=\"broadcast-blue\">Curious what those medals under the avatar are? PS now has Ladder Seasons! For more information, check out the <a href=\"https://www.smogon.com/forums/threads/3740067/\">thread on Smogon.</a></div>\n|badge|p2|bronze|gen9randombattle|100-1\n|uhtml|medal-msg|<div class=\"broadcast-blue\">Curious what those medals under the avatar are? PS now has Ladder Seasons! For more information, check out the <a href=\"https://www.smogon.com/forums/threads/3740067/\">thread on Smogon.</a></div>\n|j|\u2606pokeblade\u2606101\n|j|\u2606Kumar1220\n|t:|1713139043\n|gametype|singles\n|player|p1|pokeblade\u2606101|#rbtt7teamchiyu|2545\n|player|p2|Kumar1220|dawn|2352\n|teamsize|p1|6\n|teamsize|p2|6\n|gen|9\n|tier|[Gen 9] Random Battle\n|rated|\n|rule|Species Clause: Limit one of each Pok\u00e9mon\n|rule|HP Percentage Mod: HP is shown in percentages\n|rule|Sleep Clause Mod: Limit one foe put to sleep\n|rule|Illusion Level Mod: Illusion disguises the Pok\u00e9mon's true level\n|\n|t:|1713139043\n|start\n|switch|p1a: Goodra|Goodra, L85, F|292/292\n|switch|p2a: Floatzel|Floatzel, L85, F|283/283\n|turn|1\n|\n|t:|1713139057\n|move|p2a: Floatzel|Ice Spinner|p1a: Goodra\n|-supereffective|p1a: Goodra\n|-damage|p1a: Goodra|66/292\n|move|p1a: Goodra|Draco Meteor|p2a: Floatzel\n|-damage|p2a: Floatzel|64/283\n|-unboost|p1a: Goodra|spa|2\n|\n|upkeep\n|turn|2\n|\n|t:|1713139064\n|switch|p1a: Bruxish|Bruxish, L85, F|254/254\n|move|p2a: Floatzel|Ice Spinner|p1a: Bruxish\n|-resisted|p1a: Bruxish\n|-damage|p1a: Bruxish|203/254\n|\n|upkeep\n|turn|3\n|\n|t:|1713139083\n|switch|p2a: Scrafty|Scrafty, L84, F|246/246\n|move|p1a: Bruxish|Psychic Fangs|p2a: Scrafty\n|-immune|p2a: Scrafty\n|\n|upkeep\n|turn|4\n|\n|t:|1713139088\n|switch|p1a: Iron Jugulis|Iron Jugulis, L78|275/275\n|move|p2a: Scrafty|Knock Off|p1a: Iron Jugulis\n|-resisted|p1a: Iron Jugulis\n|-damage|p1a: Iron Jugulis|224/275\n|-enditem|p1a: Iron Jugulis|Choice Specs|[from] move: Knock Off|[of] p2a: Scrafty\n|\n|upkeep\n|turn|5\n|\n|t:|1713139095\n|switch|p2a: Noivern|Noivern, L82, M|274/274\n|move|p1a: Iron Jugulis|Hurricane|p2a: Noivern\n|-damage|p2a: Noivern|139/274\n|-start|p2a: Noivern|confusion\n|\n|upkeep\n|turn|6\n|\n|t:|1713139100\n|-activate|p2a: Noivern|confusion\n|move|p2a: Noivern|Hurricane|p1a: Iron Jugulis|[miss]\n|-miss|p2a: Noivern|p1a: Iron Jugulis\n|move|p1a: Iron Jugulis|Hurricane|p2a: Noivern\n|-damage|p2a: Noivern|13/274\n|\n|upkeep\n|turn|7\n|\n|t:|1713139105\n|-activate|p2a: Noivern|confusion\n|-damage|p2a: Noivern|0 fnt|[from] confusion\n|faint|p2a: Noivern\n|move|p1a: Iron Jugulis|Dark Pulse|p2: Noivern|[notarget]\n|-fail|p1a: Iron Jugulis\n|\n|upkeep\n|\n|t:|1713139108\n|switch|p2a: Floatzel|Floatzel, L85, F|64/283\n|turn|8\n|\n|t:|1713139112\n|-end|p1a: Iron Jugulis|Quark Drive|[silent]\n|switch|p1a: Orthworm|Orthworm, L88, M|266/266\n|move|p2a: Floatzel|Wave Crash|p1a: Orthworm\n|-damage|p1a: Orthworm|124/266\n|-damage|p2a: Floatzel|17/283|[from] Recoil\n|\n|upkeep\n|turn|9\n|\n|t:|1713139119\n|move|p2a: Floatzel|Wave Crash|p1a: Orthworm\n|-damage|p1a: Orthworm|0 fnt\n|faint|p1a: Orthworm\n|-damage|p2a: Floatzel|0 fnt|[from] Recoil\n|faint|p2a: Floatzel\n|\n|upkeep\n|\n|t:|1713139137\n|switch|p2a: Medicham|Medicham, L86, F|243/243\n|switch|p1a: Bruxish|Bruxish, L85, F|203/254\n|turn|10\n|\n|t:|1713139143\n|switch|p2a: Exeggutor|Exeggutor, L89, M|312/312\n|move|p1a: Bruxish|Flip Turn|p2a: Exeggutor\n|-resisted|p2a: Exeggutor\n|-damage|p2a: Exeggutor|279/312\n|\n|t:|1713139147\n|switch|p1a: Iron Jugulis|Iron Jugulis, L78|224/275|[from] Flip Turn\n|\n|upkeep\n|turn|11\n|\n|t:|1713139151\n|switch|p2a: Medicham|Medicham, L86, F|243/243\n|move|p1a: Iron Jugulis|U-turn|p2a: Medicham\n|-damage|p2a: Medicham|197/243\n|\n|t:|1713139158\n|-end|p1a: Iron Jugulis|Quark Drive|[silent]\n|switch|p1a: Zangoose|Zangoose, L86, F|266/266|[from] U-turn\n|\n|-status|p1a: Zangoose|tox|[from] item: Toxic Orb\n|upkeep\n|turn|12\n|\n|t:|1713139163\n|move|p1a: Zangoose|Facade|p2a: Medicham\n|-damage|p2a: Medicham|0 fnt\n|faint|p2a: Medicham\n|\n|-damage|p1a: Zangoose|250/266 tox|[from] psn\n|upkeep\n|\n|t:|1713139167\n|switch|p2a: Regirock|Regirock, L85|275/275\n|turn|13\n|\n|t:|1713139172\n|switch|p1a: Dedenne|Dedenne, L88, F|261/261\n|move|p2a: Regirock|Iron Defense|p2a: Regirock\n|-boost|p2a: Regirock|def|2\n|\n|upkeep\n|turn|14\n|\n|t:|1713139176\n|move|p1a: Dedenne|Super Fang|p2a: Regirock\n|-damage|p2a: Regirock|138/275\n|move|p2a: Regirock|Iron Defense|p2a: Regirock\n|-boost|p2a: Regirock|def|2\n|\n|upkeep\n|turn|15\n|\n|t:|1713139183\n|move|p1a: Dedenne|Thunderbolt|p2a: Regirock\n|-damage|p2a: Regirock|57/275\n|move|p2a: Regirock|Rest|p2a: Regirock\n|-status|p2a: Regirock|slp|[from] move: Rest\n|-heal|p2a: Regirock|275/275 slp|[silent]\n|-enditem|p2a: Regirock|Chesto Berry|[eat]\n|-curestatus|p2a: Regirock|slp|[msg]\n|\n|upkeep\n|turn|16\n|\n|t:|1713139187\n|move|p1a: Dedenne|Super Fang|p2a: Regirock\n|-damage|p2a: Regirock|138/275\n|move|p2a: Regirock|Body Press|p1a: Dedenne\n|-resisted|p1a: Dedenne\n|-damage|p1a: Dedenne|63/261\n|-enditem|p1a: Dedenne|Sitrus Berry|[eat]\n|-heal|p1a: Dedenne|128/261|[from] item: Sitrus Berry\n|-heal|p1a: Dedenne|215/261|[from] ability: Cheek Pouch\n|\n|upkeep\n|turn|17\n|\n|t:|1713139190\n|move|p1a: Dedenne|Thunderbolt|p2a: Regirock\n|-damage|p2a: Regirock|62/275\n|move|p2a: Regirock|Body Press|p1a: Dedenne\n|-resisted|p1a: Dedenne\n|-damage|p1a: Dedenne|26/261\n|\n|upkeep\n|turn|18\n|\n|t:|1713139203\n|move|p1a: Dedenne|Super Fang|p2a: Regirock|[miss]\n|-miss|p1a: Dedenne|p2a: Regirock\n|move|p2a: Regirock|Body Press|p1a: Dedenne\n|-resisted|p1a: Dedenne\n|-damage|p1a: Dedenne|0 fnt\n|faint|p1a: Dedenne\n|\n|upkeep\n|\n|t:|1713139220\n|switch|p1a: Bruxish|Bruxish, L85, F|203/254\n|turn|19\n|\n|t:|1713139229\n|move|p1a: Bruxish|Psychic Fangs|p2a: Regirock\n|-damage|p2a: Regirock|35/275\n|move|p2a: Regirock|Body Press|p1a: Bruxish\n|-resisted|p1a: Bruxish\n|-damage|p1a: Bruxish|25/254\n|\n|upkeep\n|turn|20\n|\n|t:|1713139274\n|move|p1a: Bruxish|Psychic Fangs|p2a: Regirock\n|-damage|p2a: Regirock|7/275\n|move|p2a: Regirock|Body Press|p1a: Bruxish\n|-resisted|p1a: Bruxish\n|-damage|p1a: Bruxish|0 fnt\n|faint|p1a: Bruxish\n|\n|upkeep\n|\n|t:|1713139276\n|switch|p1a: Zangoose|Zangoose, L86, F|250/266 tox\n|turn|21\n|\n|t:|1713139279\n|move|p1a: Zangoose|Facade|p2a: Regirock\n|-resisted|p2a: Regirock\n|-damage|p2a: Regirock|0 fnt\n|faint|p2a: Regirock\n|\n|-damage|p1a: Zangoose|234/266 tox|[from] psn\n|upkeep\n|\n|t:|1713139282\n|switch|p2a: Exeggutor|Exeggutor, L89, M|279/312\n|turn|22\n|\n|t:|1713139295\n|switch|p1a: Goodra|Goodra, L85, F|66/292\n|move|p2a: Exeggutor|Giga Drain|p1a: Goodra\n|-ability|p1a: Goodra|Sap Sipper|boost\n|-boost|p1a: Goodra|atk|1\n|\n|upkeep\n|turn|23\n|\n|t:|1713139304\n|move|p1a: Goodra|Knock Off|p2a: Exeggutor\n|-supereffective|p2a: Exeggutor\n|-damage|p2a: Exeggutor|75/312\n|-enditem|p2a: Exeggutor|Sitrus Berry|[from] move: Knock Off|[of] p1a: Goodra\n|move|p2a: Exeggutor|Substitute|p2a: Exeggutor\n|-fail|p2a: Exeggutor|move: Substitute|[weak]\n|\n|upkeep\n|turn|24\n|\n|t:|1713139311\n|move|p1a: Goodra|Knock Off|p2a: Exeggutor\n|-supereffective|p2a: Exeggutor\n|-damage|p2a: Exeggutor|0 fnt\n|faint|p2a: Exeggutor\n|\n|upkeep\n|\n|t:|1713139313\n|switch|p2a: Scrafty|Scrafty, L84, F|246/246\n|turn|25\n|\n|t:|1713139330\n|switch|p1a: Zangoose|Zangoose, L86, F|234/266 tox\n|move|p2a: Scrafty|Bulk Up|p2a: Scrafty\n|-boost|p2a: Scrafty|atk|1\n|-boost|p2a: Scrafty|def|1\n|\n|-damage|p1a: Zangoose|218/266 tox|[from] psn\n|upkeep\n|turn|26\n|\n|t:|1713139337\n|-terastallize|p1a: Zangoose|Normal\n|move|p1a: Zangoose|Facade|p2a: Scrafty\n|-damage|p2a: Scrafty|42/246\n|move|p2a: Scrafty|Drain Punch|p1a: Zangoose\n|-supereffective|p1a: Zangoose\n|-damage|p1a: Zangoose|0 fnt\n|-heal|p2a: Scrafty|151/246|[from] drain|[of] p1a: Zangoose\n|faint|p1a: Zangoose\n|\n|-heal|p2a: Scrafty|166/246|[from] item: Leftovers\n|upkeep\n|\n|t:|1713139341\n|switch|p1a: Iron Jugulis|Iron Jugulis, L78|224/275\n|turn|27\n|\n|t:|1713139344\n|-terastallize|p2a: Scrafty|Poison\n|move|p1a: Iron Jugulis|Hurricane|p2a: Scrafty\n|-damage|p2a: Scrafty|75/246\n|move|p2a: Scrafty|Drain Punch|p1a: Iron Jugulis\n|-crit|p1a: Iron Jugulis\n|-damage|p1a: Iron Jugulis|40/275\n|-heal|p2a: Scrafty|167/246|[from] drain|[of] p1a: Iron Jugulis\n|\n|-heal|p2a: Scrafty|182/246|[from] item: Leftovers\n|upkeep\n|turn|28\n|\n|t:|1713139353\n|move|p1a: Iron Jugulis|Hurricane|p2a: Scrafty|[miss]\n|-miss|p1a: Iron Jugulis|p2a: Scrafty\n|move|p2a: Scrafty|Drain Punch|p1a: Iron Jugulis\n|-damage|p1a: Iron Jugulis|0 fnt\n|-heal|p2a: Scrafty|202/246|[from] drain|[of] p1a: Iron Jugulis\n|faint|p1a: Iron Jugulis\n|-end|p1a: Iron Jugulis|Quark Drive|[silent]\n|\n|-heal|p2a: Scrafty|217/246|[from] item: Leftovers\n|upkeep\n|j|+Aqua\n|-message|pokeblade\u2606101 forfeited.\n|\n|win|Kumar1220\n|raw|pokeblade\u2606101's rating: 2545 &rarr; <strong>2515</strong><br />(-30 for losing)\n|raw|Kumar1220's rating: 2352 &rarr; <strong>2382</strong><br />(+30 for winning)\n|l|\u2606pokeblade\u2606101\n|player|p1|\n|l|\u2606Kumar1220\n|player|p2|\n", "inputlog": ">version 94cb14e6e593f9434fd234bef139544825d280b8\n>start {\"formatid\":\"gen9randombattle\",\"seed\":[3982,38822,12789,47556],\"rated\":\"Rated battle\"}\n>player p1 {\"name\":\"pokeblade\u2606101\",\"avatar\":\"#rbtt7teamchiyu\",\"rating\":2545,\"seed\":[24148,38874,129,60020]}\n>player p2 {\"name\":\"Kumar1220\",\"avatar\":\"dawn\",\"rating\":2352,\"seed\":[6177,27461,56712,49204]}\n>p1 move dracometeor\n>p2 move icespinner\n>p1 switch 5\n>p2 move icespinner\n>p1 move psychicfangs\n>p2 switch 6\n>p1 switch 6\n>p2 move knockoff\n>p1 move hurricane\n>p2 switch 4\n>p1 move hurricane\n>p2 move hurricane\n>p1 move darkpulse\n>p2 move hurricane\n>p2 switch 6\n>p1 switch 3\n>p2 move wavecrash\n>p1 move rest\n>p2 move wavecrash\n>p1 switch 6\n>p2 switch 3\n>p1 move flipturn\n>p2 switch 2\n>p1 switch 3\n>p1 move uturn\n>p2 switch 2\n>p1 switch 2\n>p1 move facade\n>p2 move closecombat\n>p2 switch 5\n>p1 switch 4\n>p2 move irondefense\n>p1 move superfang\n>p2 move irondefense\n>p1 move thunderbolt\n>p2 move rest\n>p1 move superfang\n>p2 move bodypress\n>p1 move thunderbolt\n>p2 move bodypress\n>p1 move superfang\n>p2 move bodypress\n>p1 switch 3\n>p1 move psychicfangs\n>p2 move bodypress\n>p1 move psychicfangs\n>p2 move bodypress\n>p1 switch 4\n>p1 move facade\n>p2 move bodypress\n>p2 switch 2\n>p1 switch 5\n>p2 move gigadrain\n>p1 move knockoff\n>p2 move substitute\n>p1 move knockoff\n>p2 move psychic\n>p2 switch 4\n>p1 switch 5\n>p2 move bulkup\n>p1 move facade terastallize\n>p2 move drainpunch\n>p1 switch 2\n>p1 move hurricane\n>p2 move drainpunch terastallize\n>p1 move hurricane\n>p2 move drainpunch\n>forcelose p1", "uploadtime": 1713139363, "views": 245, "formatid": "gen9randombattle", "rating": 2382, "private": 0, "password": null}