{"id": "gen9randombattle-2157692425", "format": "[Gen 9] Random Battle", "players": ["nqhuii", "moomoo798"], "log": "|j|\u2606nqhuii\n|j|\u2606moomoo798\n|t:|1720503521\n|gametype|singles\n|player|p1|nqhuii|clerkf|2215\n|player|p2|moomoo798|steven|2253\n|teamsize|p1|6\n|teamsize|p2|6\n|gen|9\n|tier|[Gen 9] Random Battle\n|rated|\n|rule|Species Clause: Limit one of each Pok\u00e9mon\n|rule|HP Percentage Mod: HP is shown in percentages\n|rule|Sleep Clause Mod: Limit one foe put to sleep\n|rule|Illusion Level Mod: Illusion disguises the Pok\u00e9mon's true level\n|\n|t:|1720503521\n|start\n|switch|p1a: Charizard|Charizard, L85, M|271/271\n|switch|p2a: Reshiram|Reshiram, L76|277/277\n|-ability|p2a: Reshiram|Turboblaze\n|turn|1\n|inactive|Battle timer is ON: inactive players will automatically lose when time's up. (requested by moomoo798)\n|inactive|nqhuii also wants the timer to be on.\n|inactive|moomoo798 has 120 seconds left.\n|\n|t:|1720503563\n|switch|p1a: Dedenne|Dedenne, L88, M|261/261\n|move|p2a: Reshiram|Dragon Dance|p2a: Reshiram\n|-boost|p2a: Reshiram|atk|1\n|-boost|p2a: Reshiram|spe|1\n|\n|upkeep\n|turn|2\n|\n|t:|1720503585\n|move|p2a: Reshiram|Dragon Dance|p2a: Reshiram\n|-boost|p2a: Reshiram|atk|1\n|-boost|p2a: Reshiram|spe|1\n|move|p1a: Dedenne|U-turn|p2a: Reshiram\n|-resisted|p2a: Reshiram\n|-damage|p2a: Reshiram|257/277\n|\n|t:|1720503591\n|switch|p1a: Ursaluna|Ursaluna, L79, M|335/335|[from] U-turn\n|\n|-status|p1a: Ursaluna|brn|[from] item: Flame Orb\n|upkeep\n|turn|3\n|\n|t:|1720503615\n|move|p2a: Reshiram|Flare Blitz|p1a: Ursaluna\n|-damage|p1a: Ursaluna|115/335 brn\n|-damage|p2a: Reshiram|184/277|[from] Recoil\n|move|p1a: Ursaluna|Headlong Rush|p2a: Reshiram\n|-supereffective|p2a: Reshiram\n|-damage|p2a: Reshiram|0 fnt\n|-unboost|p1a: Ursaluna|def|1\n|-unboost|p1a: Ursaluna|spd|1\n|faint|p2a: Reshiram\n|\n|-damage|p1a: Ursaluna|95/335 brn|[from] brn\n|upkeep\n|inactive|moomoo798 has 120 seconds left.\n|\n|t:|1720503636\n|switch|p2a: Ambipom|Ambipom, L84, M|263/263\n|turn|4\n|inactive|moomoo798 has 120 seconds left.\n|\n|t:|1720503648\n|move|p2a: Ambipom|Low Kick|p1a: Ursaluna\n|-supereffective|p1a: Ursaluna\n|-damage|p1a: Ursaluna|0 fnt\n|faint|p1a: Ursaluna\n|\n|upkeep\n|inactive|nqhuii has 120 seconds left.\n|\n|t:|1720503674\n|switch|p1a: Kleavor|Kleavor, L78, M|237/237\n|turn|5\n|inactive|nqhuii has 120 seconds left.\n|inactive|moomoo798 has 120 seconds left.\n|\n|t:|1720503690\n|switch|p2a: Swalot|Swalot, L90, M|326/326\n|move|p1a: Kleavor|Stone Axe|p2a: Swalot\n|-damage|p2a: Swalot|203/326\n|-sidestart|p2: moomoo798|move: Stealth Rock\n|\n|-heal|p2a: Swalot|223/326|[from] item: Leftovers\n|upkeep\n|turn|6\n|inactive|nqhuii has 120 seconds left.\n|inactive|moomoo798 has 120 seconds left.\n|\n|t:|1720503709\n|switch|p1a: Charizard|Charizard, L85, M|271/271\n|move|p2a: Swalot|Toxic|p1a: Charizard\n|-status|p1a: Charizard|tox\n|\n|-heal|p2a: Swalot|243/326|[from] item: Leftovers\n|-damage|p1a: Charizard|255/271 tox|[from] psn\n|upkeep\n|turn|7\n|inactive|moomoo798 has 120 seconds left.\n|\n|t:|1720503724\n|move|p2a: Swalot|Protect|p2a: Swalot\n|-singleturn|p2a: Swalot|Protect\n|move|p1a: Charizard|Hurricane|p2a: Swalot\n|-activate|p2a: Swalot|move: Protect\n|\n|-heal|p2a: Swalot|263/326|[from] item: Leftovers\n|-damage|p1a: Charizard|223/271 tox|[from] psn\n|upkeep\n|turn|8\n|inactive|moomoo798 has 120 seconds left.\n|\n|t:|1720503736\n|switch|p2a: Chimecho|Chimecho, L94, F|293/293\n|-damage|p2a: Chimecho|257/293|[from] Stealth Rock\n|move|p1a: Charizard|Will-O-Wisp|p2a: Chimecho\n|-status|p2a: Chimecho|brn\n|\n|-heal|p2a: Chimecho|275/293 brn|[from] item: Leftovers\n|-damage|p1a: Charizard|175/271 tox|[from] psn\n|-damage|p2a: Chimecho|257/293 brn|[from] brn\n|upkeep\n|turn|9\n|inactive|nqhuii has 120 seconds left.\n|\n|t:|1720503747\n|switch|p1a: Kleavor|Kleavor, L78, M|237/237\n|move|p2a: Chimecho|Psychic Noise|p1a: Kleavor\n|-damage|p1a: Kleavor|104/237\n|-start|p1a: Kleavor|move: Heal Block\n|\n|-heal|p2a: Chimecho|275/293 brn|[from] item: Leftovers\n|-damage|p2a: Chimecho|257/293 brn|[from] brn\n|upkeep\n|turn|10\n|inactive|nqhuii has 120 seconds left.\n|\n|t:|1720503757\n|switch|p2a: Swalot|Swalot, L90, M|263/326\n|-damage|p2a: Swalot|223/326|[from] Stealth Rock\n|move|p1a: Kleavor|Stone Axe|p2a: Swalot\n|-damage|p2a: Swalot|117/326\n|\n|-heal|p2a: Swalot|137/326|[from] item: Leftovers\n|-end|p1a: Kleavor|move: Heal Block\n|upkeep\n|turn|11\n|inactive|nqhuii has 120 seconds left.\n|\n|t:|1720503775\n|move|p1a: Kleavor|Stone Axe|p2a: Swalot\n|-damage|p2a: Swalot|28/326\n|move|p2a: Swalot|Sludge Bomb|p1a: Kleavor\n|-resisted|p1a: Kleavor\n|-damage|p1a: Kleavor|44/237\n|-status|p1a: Kleavor|psn\n|\n|-heal|p2a: Swalot|48/326|[from] item: Leftovers\n|-damage|p1a: Kleavor|15/237 psn|[from] psn\n|upkeep\n|turn|12\n|inactive|nqhuii has 120 seconds left.\n|\n|t:|1720503783\n|switch|p1a: Charizard|Charizard, L85, M|175/271 tox\n|move|p2a: Swalot|Protect||[still]\n|-fail|p2a: Swalot\n|\n|-heal|p2a: Swalot|68/326|[from] item: Leftovers\n|-damage|p1a: Charizard|159/271 tox|[from] psn\n|upkeep\n|turn|13\n|\n|t:|1720503787\n|move|p2a: Swalot|Protect|p2a: Swalot\n|-singleturn|p2a: Swalot|Protect\n|move|p1a: Charizard|Flamethrower|p2a: Swalot\n|-activate|p2a: Swalot|move: Protect\n|\n|-heal|p2a: Swalot|88/326|[from] item: Leftovers\n|-damage|p1a: Charizard|127/271 tox|[from] psn\n|upkeep\n|turn|14\n|\n|t:|1720503790\n|switch|p2a: Chimecho|Chimecho, L94, F|257/293 brn\n|-damage|p2a: Chimecho|221/293 brn|[from] Stealth Rock\n|move|p1a: Charizard|Flamethrower|p2a: Chimecho\n|-damage|p2a: Chimecho|122/293 brn\n|\n|-heal|p2a: Chimecho|140/293 brn|[from] item: Leftovers\n|-damage|p1a: Charizard|79/271 tox|[from] psn\n|-damage|p2a: Chimecho|122/293 brn|[from] brn\n|upkeep\n|turn|15\n|\n|t:|1720503794\n|move|p1a: Charizard|Flamethrower|p2a: Chimecho\n|-damage|p2a: Chimecho|0 fnt\n|faint|p2a: Chimecho\n|\n|-damage|p1a: Charizard|15/271 tox|[from] psn\n|upkeep\n|\n|t:|1720503802\n|switch|p2a: Swalot|Swalot, L90, M|88/326\n|-damage|p2a: Swalot|48/326|[from] Stealth Rock\n|turn|16\n|\n|t:|1720503805\n|switch|p1a: Kleavor|Kleavor, L78, M|15/237 psn\n|move|p2a: Swalot|Protect||[still]\n|-fail|p2a: Swalot\n|\n|-heal|p2a: Swalot|68/326|[from] item: Leftovers\n|-damage|p1a: Kleavor|0 fnt|[from] psn\n|faint|p1a: Kleavor\n|upkeep\n|\n|t:|1720503812\n|switch|p1a: Feraligatr|Feraligatr, L79, F|264/264\n|turn|17\n|\n|t:|1720503815\n|move|p1a: Feraligatr|Liquidation|p2a: Swalot\n|-damage|p2a: Swalot|0 fnt\n|faint|p2a: Swalot\n|\n|upkeep\n|\n|t:|1720503822\n|switch|p2a: Ambipom|Ambipom, L84, M|263/263\n|-damage|p2a: Ambipom|231/263|[from] Stealth Rock\n|turn|18\n|\n|t:|1720503830\n|-terastallize|p2a: Ambipom|Normal\n|move|p2a: Ambipom|Fake Out|p1a: Feraligatr\n|-damage|p1a: Feraligatr|156/264\n|cant|p1a: Feraligatr|flinch\n|\n|upkeep\n|turn|19\n|\n|t:|1720503849\n|-terastallize|p1a: Feraligatr|Steel\n|move|p2a: Ambipom|Double-Edge|p1a: Feraligatr\n|-resisted|p1a: Feraligatr\n|-damage|p1a: Feraligatr|52/264\n|-damage|p2a: Ambipom|197/263|[from] Recoil\n|move|p1a: Feraligatr|Dragon Dance|p1a: Feraligatr\n|-boost|p1a: Feraligatr|atk|1\n|-boost|p1a: Feraligatr|spe|1\n|\n|upkeep\n|turn|20\n|\n|t:|1720503867\n|move|p1a: Feraligatr|Liquidation|p2a: Ambipom\n|-damage|p2a: Ambipom|0 fnt\n|faint|p2a: Ambipom\n|\n|upkeep\n|\n|t:|1720503872\n|switch|p2a: Hitmonchan|Hitmonchan, L87, M|229/229\n|-damage|p2a: Hitmonchan|215/229|[from] Stealth Rock\n|turn|21\n|\n|t:|1720503880\n|move|p1a: Feraligatr|Liquidation|p2a: Hitmonchan\n|-damage|p2a: Hitmonchan|4/229\n|move|p2a: Hitmonchan|Drain Punch|p1a: Feraligatr\n|-supereffective|p1a: Feraligatr\n|-damage|p1a: Feraligatr|0 fnt\n|-heal|p2a: Hitmonchan|30/229|[from] drain|[of] p1a: Feraligatr\n|faint|p1a: Feraligatr\n|-damage|p2a: Hitmonchan|8/229|[from] item: Life Orb\n|\n|upkeep\n|\n|t:|1720503893\n|switch|p1a: Dedenne|Dedenne, L88, M|261/261\n|turn|22\n|\n|t:|1720503897\n|move|p1a: Dedenne|Thunderbolt|p2a: Hitmonchan\n|-damage|p2a: Hitmonchan|0 fnt\n|faint|p2a: Hitmonchan\n|\n|upkeep\n|-message|moomoo798 forfeited.\n|\n|win|nqhuii\n|raw|nqhuii's rating: 2215 &rarr; <strong>2237</strong><br />(+22 for winning)\n|raw|moomoo798's rating: 2253 &rarr; <strong>2231</strong><br />(-22 for losing)\n|l|\u2606moomoo798\n|player|p2|\n", "inputlog": ">version 708131a49d80c5074b5d7130220aa0cc60fe6fba\n>start {\"formatid\":\"gen9randombattle\",\"seed\":[59578,53378,46098,15859],\"rated\":\"Rated battle\"}\n>player p1 {\"name\":\"nqhuii\",\"avatar\":\"clerkf\",\"rating\":2215,\"seed\":[16519,62118,64434,16613]}\n>player p2 {\"name\":\"moomoo798\",\"avatar\":\"steven\",\"rating\":2253,\"seed\":[36743,5015,14083,42246]}\n>p1 switch 5\n>p2 move dragondance\n>p1 move uturn\n>p2 move dragondance\n>p1 switch 2\n>p1 move headlongrush\n>p2 move flareblitz\n>p2 switch 5\n>p1 move facade\n>p2 move lowkick\n>p1 switch 4\n>p1 move stoneaxe\n>p2 switch 3\n>p1 switch 5\n>p2 move toxic\n>p1 move hurricane\n>p2 move protect\n>p1 move willowisp\n>p2 switch 2\n>p1 switch 5\n>p2 move psychicnoise\n>p1 move stoneaxe\n>p2 switch 2\n>p1 move stoneaxe\n>p2 move sludgebomb\n>p1 switch 5\n>p2 move protect\n>p1 move flamethrower\n>p2 move protect\n>p1 move flamethrower\n>p2 switch 2\n>p1 move flamethrower\n>p2 move recover\n>p2 switch 2\n>p1 switch 5\n>p2 move protect\n>p1 switch 3\n>p1 move liquidation\n>p2 move toxic\n>p2 switch 3\n>p1 move dragondance\n>p2 move fakeout terastallize\n>p1 move dragondance terastallize\n>p2 move doubleedge\n>p1 move liquidation\n>p2 move lowkick\n>p2 switch 6\n>p1 move liquidation\n>p2 move drainpunch\n>p1 switch 2\n>p1 move thunderbolt\n>p2 move knockoff\n>forcelose p2", "uploadtime": 1720503903, "views": 160, "formatid": "gen9randombattle", "rating": 2231, "private": 0, "password": null}