{"id": "gen9randombattle-2239689043", "format": "[Gen 9] Random Battle", "players": ["Node", "kandkad"], "log": "|badge|p1|silver|gen9randombattle|30-3\n|uhtml|medal-msg|<div class=\"broadcast-blue\">Curious what those medals under the avatar are? PS now has Ladder Seasons! For more information, check out the <a href=\"https://www.smogon.com/forums/threads/3740067/\">thread on Smogon.</a></div>\n|badge|p2|bronze|gen9randombattle|100-3\n|uhtml|medal-msg|<div class=\"broadcast-blue\">Curious what those medals under the avatar are? PS now has Ladder Seasons! For more information, check out the <a href=\"https://www.smogon.com/forums/threads/3740067/\">thread on Smogon.</a></div>\n|j|\u2606Node\n|j|\u2606kandkad\n|t:|1731038427\n|gametype|singles\n|player|p1|Node|#pspl2019ubers|2438\n|player|p2|kandkad|wulfric|2308\n|teamsize|p1|6\n|teamsize|p2|6\n|gen|9\n|tier|[Gen 9] Random Battle\n|rated|\n|rule|Species Clause: Limit one of each Pok\u00e9mon\n|rule|HP Percentage Mod: HP is shown in percentages\n|rule|Sleep Clause Mod: Limit one foe put to sleep\n|rule|Illusion Level Mod: Illusion disguises the Pok\u00e9mon's true level\n|\n|t:|1731038427\n|start\n|switch|p1a: Vigoroth|Vigoroth, L85, M|275/275\n|switch|p2a: Lanturn|Lanturn, L89, M|367/367\n|turn|1\n|inactive|Battle timer is ON: inactive players will automatically lose when time's up. (requested by kandkad)\n|c|\u2606Node|hf\n|\n|t:|1731038438\n|move|p1a: Vigoroth|Earthquake|p2a: Lanturn\n|-supereffective|p2a: Lanturn\n|-damage|p2a: Lanturn|193/367\n|move|p2a: Lanturn|Thunder Wave|p1a: Vigoroth\n|-status|p1a: Vigoroth|par\n|\n|upkeep\n|turn|2\n|\n|t:|1731038449\n|move|p2a: Lanturn|Volt Switch|p1a: Vigoroth\n|-damage|p1a: Vigoroth|209/275 par\n|\n|t:|1731038454\n|switch|p2a: Mudsdale|Mudsdale, L84, M|305/305|[from] Volt Switch\n|cant|p1a: Vigoroth|par\n|\n|upkeep\n|turn|3\n|\n|t:|1731038458\n|switch|p1a: Uxie|Uxie, L83|260/260\n|move|p2a: Mudsdale|Stealth Rock|p1a: Uxie\n|-sidestart|p1: Node|move: Stealth Rock\n|\n|upkeep\n|turn|4\n|\n|t:|1731038470\n|switch|p2a: Lanturn|Lanturn, L89, M|193/367\n|move|p1a: Uxie|Stealth Rock|p2a: Lanturn\n|-sidestart|p2: kandkad|move: Stealth Rock\n|\n|upkeep\n|turn|5\n|\n|t:|1731038475\n|move|p1a: Uxie|U-turn|p2a: Lanturn\n|-damage|p2a: Lanturn|139/367\n|\n|t:|1731038478\n|switch|p1a: Lurantis|Lurantis, L87, F|264/264|[from] U-turn\n|-damage|p1a: Lurantis|231/264|[from] Stealth Rock\n|move|p2a: Lanturn|Volt Switch|p1a: Lurantis\n|-resisted|p1a: Lurantis\n|-damage|p1a: Lurantis|209/264\n|\n|t:|1731038483\n|switch|p2a: Ceruledge|Ceruledge, L78, M|245/245|[from] Volt Switch\n|\n|upkeep\n|turn|6\n|\n|t:|1731038488\n|switch|p1a: Granbull|Granbull, L88, M|302/302\n|-damage|p1a: Granbull|265/302|[from] Stealth Rock\n|-ability|p1a: Granbull|Intimidate|boost\n|-unboost|p2a: Ceruledge|atk|1\n|move|p2a: Ceruledge|Swords Dance|p2a: Ceruledge\n|-boost|p2a: Ceruledge|atk|2\n|\n|-heal|p1a: Granbull|283/302|[from] item: Leftovers\n|upkeep\n|turn|7\n|\n|t:|1731038494\n|move|p2a: Ceruledge|Bitter Blade|p1a: Granbull\n|-damage|p1a: Granbull|132/302\n|move|p1a: Granbull|Thunder Wave|p2a: Ceruledge\n|-status|p2a: Ceruledge|par\n|\n|-heal|p1a: Granbull|150/302|[from] item: Leftovers\n|upkeep\n|turn|8\n|inactive|Node has 120 seconds left.\n|inactive|Node has 90 seconds left.\n|\n|t:|1731038560\n|move|p1a: Granbull|Earthquake|p2a: Ceruledge\n|-supereffective|p2a: Ceruledge\n|-damage|p2a: Ceruledge|29/245 par\n|-ability|p2a: Ceruledge|Weak Armor|boost\n|-unboost|p2a: Ceruledge|def|1\n|-boost|p2a: Ceruledge|spe|2\n|cant|p2a: Ceruledge|par\n|\n|-heal|p1a: Granbull|168/302|[from] item: Leftovers\n|upkeep\n|turn|9\n|inactive|Node has 90 seconds left.\n|\n|t:|1731038568\n|move|p2a: Ceruledge|Poltergeist|p1a: Granbull\n|-activate|p1a: Granbull|move: Poltergeist|Leftovers\n|-damage|p1a: Granbull|0 fnt\n|faint|p1a: Granbull\n|\n|upkeep\n|inactive|Node has 90 seconds left.\n|\n|t:|1731038577\n|switch|p1a: Uxie|Uxie, L83|260/260\n|-damage|p1a: Uxie|228/260|[from] Stealth Rock\n|turn|10\n|\n|t:|1731038580\n|move|p1a: Uxie|Psychic Noise|p2a: Ceruledge\n|-damage|p2a: Ceruledge|0 fnt\n|faint|p2a: Ceruledge\n|\n|-heal|p1a: Uxie|244/260|[from] item: Leftovers\n|upkeep\n|\n|t:|1731038589\n|switch|p2a: Lanturn|Lanturn, L89, M|139/367\n|turn|11\n|\n|t:|1731038609\n|move|p1a: Uxie|U-turn|p2a: Lanturn\n|-damage|p2a: Lanturn|90/367\n|\n|t:|1731038610\n|switch|p1a: Lurantis|Lurantis, L87, F|209/264|[from] U-turn\n|-damage|p1a: Lurantis|176/264|[from] Stealth Rock\n|move|p2a: Lanturn|Volt Switch|p1a: Lurantis\n|-resisted|p1a: Lurantis\n|-damage|p1a: Lurantis|152/264\n|\n|t:|1731038615\n|switch|p2a: Virizion|Virizion, L82|283/283|[from] Volt Switch\n|-damage|p2a: Virizion|266/283|[from] Stealth Rock\n|\n|upkeep\n|turn|12\n|\n|t:|1731038626\n|move|p2a: Virizion|Swords Dance|p2a: Virizion\n|-boost|p2a: Virizion|atk|2\n|move|p1a: Lurantis|Superpower|p2a: Virizion\n|-damage|p2a: Virizion|143/283\n|-boost|p1a: Lurantis|atk|1\n|-boost|p1a: Lurantis|def|1\n|\n|upkeep\n|turn|13\n|\n|t:|1731038635\n|move|p2a: Virizion|Close Combat|p1a: Lurantis\n|-damage|p1a: Lurantis|0 fnt\n|-unboost|p2a: Virizion|def|1\n|-unboost|p2a: Virizion|spd|1\n|faint|p1a: Lurantis\n|-damage|p2a: Virizion|115/283|[from] item: Life Orb\n|\n|upkeep\n|inactive|Node has 90 seconds left.\n|\n|t:|1731038681\n|switch|p1a: Misdreavus|Misdreavus, L90, M|254/254\n|-damage|p1a: Misdreavus|223/254|[from] Stealth Rock\n|turn|14\n|c|\u2606Node|dont\n|c|\u2606Node|crit\n|c|\u2606Node|me\n|\n|t:|1731038695\n|move|p2a: Virizion|Leaf Blade|p1a: Misdreavus\n|-damage|p1a: Misdreavus|48/254\n|-damage|p2a: Virizion|87/283|[from] item: Life Orb\n|move|p1a: Misdreavus|Draining Kiss|p2a: Virizion\n|-supereffective|p2a: Virizion\n|-damage|p2a: Virizion|1/283\n|-heal|p1a: Misdreavus|113/254|[from] drain|[of] p2a: Virizion\n|\n|upkeep\n|turn|15\n|c|\u2606kandkad|i would never\n|\n|t:|1731038703\n|switch|p1a: Vigoroth|Vigoroth, L85, M|209/275 par\n|-damage|p1a: Vigoroth|175/275 par|[from] Stealth Rock\n|move|p2a: Virizion|Leaf Blade|p1a: Vigoroth\n|-damage|p1a: Vigoroth|31/275 par\n|-damage|p2a: Virizion|0 fnt|[from] item: Life Orb\n|faint|p2a: Virizion\n|\n|upkeep\n|c|\u2606Node|I knew I could rely on you\n|\n|t:|1731038714\n|switch|p2a: Lanturn|Lanturn, L89, M|90/367\n|turn|16\n|\n|t:|1731038718\n|move|p2a: Lanturn|Thunderbolt|p1a: Vigoroth\n|-damage|p1a: Vigoroth|0 fnt\n|faint|p1a: Vigoroth\n|\n|upkeep\n|inactive|Node has 90 seconds left.\n|\n|t:|1731038756\n|switch|p1a: Misdreavus|Misdreavus, L90, M|113/254\n|-damage|p1a: Misdreavus|82/254|[from] Stealth Rock\n|turn|17\n|\n|t:|1731038764\n|move|p1a: Misdreavus|Shadow Ball|p2a: Lanturn\n|-damage|p2a: Lanturn|0 fnt\n|faint|p2a: Lanturn\n|\n|upkeep\n|\n|t:|1731038781\n|switch|p2a: Greedent|Greedent, L86, M|347/347\n|-damage|p2a: Greedent|304/347|[from] Stealth Rock\n|turn|18\n|inactive|Node has 90 seconds left.\n|\n|t:|1731038788\n|move|p1a: Misdreavus|Will-O-Wisp|p2a: Greedent\n|-status|p2a: Greedent|brn\n|move|p2a: Greedent|Swords Dance|p2a: Greedent\n|-boost|p2a: Greedent|atk|2\n|\n|-damage|p2a: Greedent|283/347 brn|[from] brn\n|upkeep\n|turn|19\n|inactive|Node has 90 seconds left.\n|\n|t:|1731038822\n|switch|p1a: Uxie|Uxie, L83|244/260\n|-damage|p1a: Uxie|212/260|[from] Stealth Rock\n|move|p2a: Greedent|Knock Off|p1a: Uxie\n|-supereffective|p1a: Uxie\n|-damage|p1a: Uxie|104/260\n|-enditem|p1a: Uxie|Leftovers|[from] move: Knock Off|[of] p2a: Greedent\n|\n|-damage|p2a: Greedent|262/347 brn|[from] brn\n|upkeep\n|turn|20\n|\n|t:|1731038834\n|move|p1a: Uxie|Psychic Noise|p2a: Greedent\n|-damage|p2a: Greedent|189/347 brn\n|-start|p2a: Greedent|move: Heal Block\n|move|p2a: Greedent|Body Slam|p1a: Uxie\n|-crit|p1a: Uxie\n|-damage|p1a: Uxie|0 fnt\n|faint|p1a: Uxie\n|\n|-damage|p2a: Greedent|168/347 brn|[from] brn\n|upkeep\n|\n|t:|1731038840\n|switch|p1a: Farigiraf|Farigiraf, L91, F|366/366\n|-damage|p1a: Farigiraf|321/366|[from] Stealth Rock\n|turn|21\n|\n|t:|1731038846\n|move|p1a: Farigiraf|Future Sight|p2a: Greedent\n|-start|p1a: Farigiraf|move: Future Sight\n|move|p2a: Greedent|Knock Off|p1a: Farigiraf\n|-supereffective|p1a: Farigiraf\n|-damage|p1a: Farigiraf|159/366\n|-enditem|p1a: Farigiraf|Leftovers|[from] move: Knock Off|[of] p2a: Greedent\n|\n|-damage|p2a: Greedent|147/347 brn|[from] brn\n|-end|p2a: Greedent|move: Heal Block\n|upkeep\n|-enditem|p2a: Greedent|Sitrus Berry|[eat]\n|-heal|p2a: Greedent|233/347 brn|[from] item: Sitrus Berry\n|-heal|p2a: Greedent|347/347 brn|[from] ability: Cheek Pouch\n|turn|22\n|\n|t:|1731038858\n|move|p1a: Farigiraf|Hyper Voice|p2a: Greedent\n|-damage|p2a: Greedent|220/347 brn\n|move|p2a: Greedent|Swords Dance|p2a: Greedent\n|-boost|p2a: Greedent|atk|2\n|\n|-damage|p2a: Greedent|199/347 brn|[from] brn\n|upkeep\n|turn|23\n|\n|t:|1731038867\n|move|p1a: Farigiraf|Protect|p1a: Farigiraf\n|-singleturn|p1a: Farigiraf|Protect\n|move|p2a: Greedent|Knock Off|p1a: Farigiraf\n|-activate|p1a: Farigiraf|move: Protect\n|\n|-end|p2a: Greedent|move: Future Sight\n|-damage|p2a: Greedent|9/347 brn\n|-damage|p2a: Greedent|0 fnt|[from] brn\n|faint|p2a: Greedent\n|upkeep\n|\n|t:|1731038874\n|switch|p2a: Electrode|Electrode-Hisui, L87|246/246\n|-damage|p2a: Electrode|216/246|[from] Stealth Rock\n|turn|24\n|inactive|Node has 90 seconds left.\n|\n|t:|1731038882\n|move|p2a: Electrode|Thunderbolt|p1a: Farigiraf\n|-damage|p1a: Farigiraf|69/366\n|move|p1a: Farigiraf|Wish|p1a: Farigiraf\n|\n|-heal|p2a: Electrode|231/246|[from] item: Leftovers\n|upkeep\n|turn|25\n|\n|t:|1731038886\n|move|p1a: Farigiraf|Protect|p1a: Farigiraf\n|-singleturn|p1a: Farigiraf|Protect\n|move|p2a: Electrode|Substitute|p2a: Electrode\n|-start|p2a: Electrode|Substitute\n|-damage|p2a: Electrode|170/246\n|\n|-heal|p1a: Farigiraf|252/366|[from] move: Wish|[wisher] Farigiraf\n|-heal|p2a: Electrode|185/246|[from] item: Leftovers\n|upkeep\n|turn|26\n|\n|t:|1731038891\n|move|p2a: Electrode|Thunderbolt|p1a: Farigiraf\n|-damage|p1a: Farigiraf|155/366\n|move|p1a: Farigiraf|Wish|p1a: Farigiraf\n|\n|-heal|p2a: Electrode|200/246|[from] item: Leftovers\n|upkeep\n|turn|27\n|\n|t:|1731038895\n|move|p1a: Farigiraf|Protect|p1a: Farigiraf\n|-singleturn|p1a: Farigiraf|Protect\n|move|p2a: Electrode|Thunderbolt|p1a: Farigiraf\n|-activate|p1a: Farigiraf|move: Protect\n|\n|-heal|p1a: Farigiraf|338/366|[from] move: Wish|[wisher] Farigiraf\n|-heal|p2a: Electrode|215/246|[from] item: Leftovers\n|upkeep\n|turn|28\n|inactive|Node has 120 seconds left.\n|\n|t:|1731038902\n|move|p2a: Electrode|Thunderbolt|p1a: Farigiraf\n|-damage|p1a: Farigiraf|245/366\n|move|p1a: Farigiraf|Future Sight|p2a: Electrode\n|-start|p1a: Farigiraf|move: Future Sight\n|\n|-heal|p2a: Electrode|230/246|[from] item: Leftovers\n|upkeep\n|turn|29\n|\n|t:|1731038906\n|move|p1a: Farigiraf|Protect|p1a: Farigiraf\n|-singleturn|p1a: Farigiraf|Protect\n|move|p2a: Electrode|Thunderbolt|p1a: Farigiraf\n|-activate|p1a: Farigiraf|move: Protect\n|\n|-heal|p2a: Electrode|245/246|[from] item: Leftovers\n|upkeep\n|turn|30\n|\n|t:|1731038908\n|move|p2a: Electrode|Thunderbolt|p1a: Farigiraf\n|-damage|p1a: Farigiraf|148/366\n|move|p1a: Farigiraf|Wish|p1a: Farigiraf\n|\n|-end|p2a: Electrode|move: Future Sight\n|-end|p2a: Electrode|Substitute\n|-heal|p2a: Electrode|246/246|[from] item: Leftovers\n|upkeep\n|turn|31\n|\n|t:|1731038917\n|move|p2a: Electrode|Giga Drain|p1a: Farigiraf\n|-ability|p1a: Farigiraf|Sap Sipper|boost\n|-boost|p1a: Farigiraf|atk|1\n|move|p1a: Farigiraf|Future Sight|p2a: Electrode\n|-start|p1a: Farigiraf|move: Future Sight\n|\n|-heal|p1a: Farigiraf|331/366|[from] move: Wish|[wisher] Farigiraf\n|upkeep\n|turn|32\n|\n|t:|1731038921\n|move|p2a: Electrode|Substitute|p2a: Electrode\n|-start|p2a: Electrode|Substitute\n|-damage|p2a: Electrode|185/246\n|move|p1a: Farigiraf|Hyper Voice|p2a: Electrode\n|-immune|p2a: Electrode|[from] ability: Soundproof\n|\n|-heal|p2a: Electrode|200/246|[from] item: Leftovers\n|upkeep\n|turn|33\n|\n|t:|1731038927\n|move|p1a: Farigiraf|Protect|p1a: Farigiraf\n|-singleturn|p1a: Farigiraf|Protect\n|move|p2a: Electrode|Giga Drain|p1a: Farigiraf\n|-activate|p1a: Farigiraf|move: Protect\n|\n|-end|p2a: Electrode|move: Future Sight\n|-end|p2a: Electrode|Substitute\n|-heal|p2a: Electrode|215/246|[from] item: Leftovers\n|upkeep\n|turn|34\n|\n|t:|1731038934\n|move|p2a: Electrode|Substitute|p2a: Electrode\n|-start|p2a: Electrode|Substitute\n|-damage|p2a: Electrode|154/246\n|move|p1a: Farigiraf|Future Sight|p2a: Electrode\n|-start|p1a: Farigiraf|move: Future Sight\n|\n|-heal|p2a: Electrode|169/246|[from] item: Leftovers\n|upkeep\n|turn|35\n|\n|t:|1731038940\n|move|p2a: Electrode|Giga Drain|p1a: Farigiraf\n|-ability|p1a: Farigiraf|Sap Sipper|boost\n|-boost|p1a: Farigiraf|atk|1\n|move|p1a: Farigiraf|Wish|p1a: Farigiraf\n|\n|-heal|p2a: Electrode|184/246|[from] item: Leftovers\n|upkeep\n|turn|36\n|\n|t:|1731038945\n|move|p2a: Electrode|Thunderbolt|p1a: Farigiraf\n|-damage|p1a: Farigiraf|237/366\n|move|p1a: Farigiraf|Hyper Voice|p2a: Electrode\n|-immune|p2a: Electrode|[from] ability: Soundproof\n|\n|-end|p2a: Electrode|move: Future Sight\n|-end|p2a: Electrode|Substitute\n|-heal|p1a: Farigiraf|366/366|[from] move: Wish|[wisher] Farigiraf\n|-heal|p2a: Electrode|199/246|[from] item: Leftovers\n|upkeep\n|turn|37\n|\n|t:|1731038950\n|move|p2a: Electrode|Substitute|p2a: Electrode\n|-start|p2a: Electrode|Substitute\n|-damage|p2a: Electrode|138/246\n|move|p1a: Farigiraf|Future Sight|p2a: Electrode\n|-start|p1a: Farigiraf|move: Future Sight\n|\n|-heal|p2a: Electrode|153/246|[from] item: Leftovers\n|upkeep\n|turn|38\n|\n|t:|1731038952\n|move|p2a: Electrode|Thunderbolt|p1a: Farigiraf\n|-damage|p1a: Farigiraf|272/366\n|move|p1a: Farigiraf|Wish|p1a: Farigiraf\n|\n|-heal|p2a: Electrode|168/246|[from] item: Leftovers\n|upkeep\n|turn|39\n|\n|t:|1731038958\n|move|p2a: Electrode|Thunderbolt|p1a: Farigiraf\n|-damage|p1a: Farigiraf|170/366\n|move|p1a: Farigiraf|Hyper Voice|p2a: Electrode\n|-immune|p2a: Electrode|[from] ability: Soundproof\n|\n|-end|p2a: Electrode|move: Future Sight\n|-end|p2a: Electrode|Substitute\n|-heal|p1a: Farigiraf|353/366|[from] move: Wish|[wisher] Farigiraf\n|-heal|p2a: Electrode|183/246|[from] item: Leftovers\n|upkeep\n|turn|40\n|\n|t:|1731038961\n|move|p2a: Electrode|Thunderbolt|p1a: Farigiraf\n|-damage|p1a: Farigiraf|257/366\n|move|p1a: Farigiraf|Future Sight|p2a: Electrode\n|-start|p1a: Farigiraf|move: Future Sight\n|\n|-heal|p2a: Electrode|198/246|[from] item: Leftovers\n|upkeep\n|turn|41\n|\n|t:|1731038967\n|move|p2a: Electrode|Substitute|p2a: Electrode\n|-start|p2a: Electrode|Substitute\n|-damage|p2a: Electrode|137/246\n|move|p1a: Farigiraf|Wish|p1a: Farigiraf\n|\n|-heal|p2a: Electrode|152/246|[from] item: Leftovers\n|upkeep\n|turn|42\n|\n|t:|1731038970\n|move|p1a: Farigiraf|Protect|p1a: Farigiraf\n|-singleturn|p1a: Farigiraf|Protect\n|move|p2a: Electrode|Thunderbolt|p1a: Farigiraf\n|-activate|p1a: Farigiraf|move: Protect\n|\n|-end|p2a: Electrode|move: Future Sight\n|-end|p2a: Electrode|Substitute\n|-heal|p1a: Farigiraf|366/366|[from] move: Wish|[wisher] Farigiraf\n|-heal|p2a: Electrode|167/246|[from] item: Leftovers\n|upkeep\n|turn|43\n|\n|t:|1731038994\n|move|p2a: Electrode|Thunderbolt|p1a: Farigiraf\n|-damage|p1a: Farigiraf|276/366\n|move|p1a: Farigiraf|Future Sight|p2a: Electrode\n|-start|p1a: Farigiraf|move: Future Sight\n|\n|-heal|p2a: Electrode|182/246|[from] item: Leftovers\n|upkeep\n|turn|44\n|\n|t:|1731038998\n|move|p2a: Electrode|Thunderbolt|p1a: Farigiraf\n|-damage|p1a: Farigiraf|176/366\n|move|p1a: Farigiraf|Wish|p1a: Farigiraf\n|\n|-heal|p2a: Electrode|197/246|[from] item: Leftovers\n|upkeep\n|turn|45\n|inactive|Node has 120 seconds left.\n|\n|t:|1731039040\n|move|p2a: Electrode|Substitute|p2a: Electrode\n|-start|p2a: Electrode|Substitute\n|-damage|p2a: Electrode|136/246\n|move|p1a: Farigiraf|Hyper Voice|p2a: Electrode\n|-immune|p2a: Electrode|[from] ability: Soundproof\n|\n|-end|p2a: Electrode|move: Future Sight\n|-end|p2a: Electrode|Substitute\n|-heal|p1a: Farigiraf|359/366|[from] move: Wish|[wisher] Farigiraf\n|-heal|p2a: Electrode|151/246|[from] item: Leftovers\n|upkeep\n|turn|46\n|\n|t:|1731039045\n|move|p2a: Electrode|Thunderbolt|p1a: Farigiraf\n|-damage|p1a: Farigiraf|259/366\n|-status|p1a: Farigiraf|par\n|move|p1a: Farigiraf|Future Sight|p2a: Electrode\n|-start|p1a: Farigiraf|move: Future Sight\n|\n|-heal|p2a: Electrode|166/246|[from] item: Leftovers\n|upkeep\n|turn|47\n|\n|t:|1731039050\n|move|p2a: Electrode|Thunderbolt|p1a: Farigiraf\n|-damage|p1a: Farigiraf|157/366 par\n|move|p1a: Farigiraf|Wish|p1a: Farigiraf\n|\n|-heal|p2a: Electrode|181/246|[from] item: Leftovers\n|upkeep\n|turn|48\n|\n|t:|1731039055\n|switch|p1a: Misdreavus|Misdreavus, L90, M|82/254\n|-damage|p1a: Misdreavus|51/254|[from] Stealth Rock\n|move|p2a: Electrode|Substitute|p2a: Electrode\n|-start|p2a: Electrode|Substitute\n|-damage|p2a: Electrode|120/246\n|\n|-end|p2a: Electrode|move: Future Sight\n|-crit|p2a: Electrode\n|-end|p2a: Electrode|Substitute\n|-heal|p1a: Misdreavus|234/254|[from] move: Wish|[wisher] Farigiraf\n|-heal|p2a: Electrode|135/246|[from] item: Leftovers\n|upkeep\n|turn|49\n|\n|t:|1731039061\n|move|p2a: Electrode|Leech Seed|p1a: Misdreavus\n|-start|p1a: Misdreavus|move: Leech Seed\n|move|p1a: Misdreavus|Calm Mind|p1a: Misdreavus\n|-boost|p1a: Misdreavus|spa|1\n|-boost|p1a: Misdreavus|spd|1\n|\n|-heal|p2a: Electrode|150/246|[from] item: Leftovers\n|-damage|p1a: Misdreavus|203/254|[from] Leech Seed|[of] p2a: Electrode\n|-heal|p2a: Electrode|181/246|[silent]\n|upkeep\n|turn|50\n|\n|t:|1731039068\n|-terastallize|p2a: Electrode|Poison\n|move|p2a: Electrode|Substitute|p2a: Electrode\n|-start|p2a: Electrode|Substitute\n|-damage|p2a: Electrode|120/246\n|move|p1a: Misdreavus|Calm Mind|p1a: Misdreavus\n|-boost|p1a: Misdreavus|spa|1\n|-boost|p1a: Misdreavus|spd|1\n|\n|-heal|p2a: Electrode|135/246|[from] item: Leftovers\n|-damage|p1a: Misdreavus|172/254|[from] Leech Seed|[of] p2a: Electrode\n|-heal|p2a: Electrode|166/246|[silent]\n|upkeep\n|turn|51\n|\n|t:|1731039078\n|move|p2a: Electrode|Thunderbolt|p1a: Misdreavus\n|-damage|p1a: Misdreavus|142/254\n|move|p1a: Misdreavus|Shadow Ball|p2a: Electrode\n|-end|p2a: Electrode|Substitute\n|\n|-heal|p2a: Electrode|181/246|[from] item: Leftovers\n|-damage|p1a: Misdreavus|111/254|[from] Leech Seed|[of] p2a: Electrode\n|-heal|p2a: Electrode|212/246|[silent]\n|upkeep\n|turn|52\n|\n|t:|1731039084\n|-terastallize|p1a: Misdreavus|Fairy\n|move|p2a: Electrode|Substitute|p2a: Electrode\n|-start|p2a: Electrode|Substitute\n|-damage|p2a: Electrode|151/246\n|move|p1a: Misdreavus|Draining Kiss|p2a: Electrode\n|-resisted|p2a: Electrode\n|-end|p2a: Electrode|Substitute\n|-heal|p1a: Misdreavus|157/254|[from] drain|[of] p2a: Electrode\n|\n|-heal|p2a: Electrode|166/246|[from] item: Leftovers\n|-damage|p1a: Misdreavus|126/254|[from] Leech Seed|[of] p2a: Electrode\n|-heal|p2a: Electrode|197/246|[silent]\n|upkeep\n|turn|53\n|j| applerush\n|\n|t:|1731039093\n|move|p2a: Electrode|Substitute|p2a: Electrode\n|-start|p2a: Electrode|Substitute\n|-damage|p2a: Electrode|136/246\n|move|p1a: Misdreavus|Draining Kiss|p2a: Electrode\n|-resisted|p2a: Electrode\n|-end|p2a: Electrode|Substitute\n|-heal|p1a: Misdreavus|172/254|[from] drain|[of] p2a: Electrode\n|\n|-heal|p2a: Electrode|151/246|[from] item: Leftovers\n|-damage|p1a: Misdreavus|141/254|[from] Leech Seed|[of] p2a: Electrode\n|-heal|p2a: Electrode|182/246|[silent]\n|upkeep\n|turn|54\n|\n|t:|1731039098\n|move|p2a: Electrode|Thunderbolt|p1a: Misdreavus\n|-damage|p1a: Misdreavus|110/254\n|move|p1a: Misdreavus|Shadow Ball|p2a: Electrode\n|-damage|p2a: Electrode|13/246\n|-unboost|p2a: Electrode|spd|1\n|\n|-heal|p2a: Electrode|28/246|[from] item: Leftovers\n|-damage|p1a: Misdreavus|79/254|[from] Leech Seed|[of] p2a: Electrode\n|-heal|p2a: Electrode|59/246|[silent]\n|upkeep\n|turn|55\n|\n|t:|1731039106\n|move|p2a: Electrode|Thunderbolt|p1a: Misdreavus\n|-damage|p1a: Misdreavus|48/254\n|move|p1a: Misdreavus|Draining Kiss|p2a: Electrode\n|-resisted|p2a: Electrode\n|-damage|p2a: Electrode|0 fnt\n|-heal|p1a: Misdreavus|92/254|[from] drain|[of] p2a: Electrode\n|faint|p2a: Electrode\n|\n|upkeep\n|\n|t:|1731039108\n|switch|p2a: Mudsdale|Mudsdale, L84, M|305/305\n|-damage|p2a: Mudsdale|286/305|[from] Stealth Rock\n|turn|56\n|\n|t:|1731039115\n|move|p1a: Misdreavus|Will-O-Wisp|p2a: Mudsdale\n|-status|p2a: Mudsdale|brn\n|move|p2a: Mudsdale|Stone Edge|p1a: Misdreavus\n|-damage|p1a: Misdreavus|57/254\n|\n|-heal|p2a: Mudsdale|305/305 brn|[from] item: Leftovers\n|-damage|p1a: Misdreavus|26/254|[from] Leech Seed|[of] p2a: Mudsdale\n|-damage|p2a: Mudsdale|286/305 brn|[from] brn\n|upkeep\n|turn|57\n|\n|t:|1731039120\n|move|p1a: Misdreavus|Draining Kiss|p2a: Mudsdale\n|-damage|p2a: Mudsdale|138/305 brn\n|-heal|p1a: Misdreavus|137/254|[from] drain|[of] p2a: Mudsdale\n|-ability|p2a: Mudsdale|Stamina|boost\n|-boost|p2a: Mudsdale|def|1\n|move|p2a: Mudsdale|Stone Edge|p1a: Misdreavus\n|-damage|p1a: Misdreavus|105/254\n|\n|-heal|p2a: Mudsdale|157/305 brn|[from] item: Leftovers\n|-damage|p1a: Misdreavus|74/254|[from] Leech Seed|[of] p2a: Mudsdale\n|-heal|p2a: Mudsdale|188/305 brn|[silent]\n|-damage|p2a: Mudsdale|169/305 brn|[from] brn\n|upkeep\n|turn|58\n|l| applerush\n|\n|t:|1731039125\n|move|p1a: Misdreavus|Draining Kiss|p2a: Mudsdale\n|-damage|p2a: Mudsdale|40/305 brn\n|-heal|p1a: Misdreavus|171/254|[from] drain|[of] p2a: Mudsdale\n|-ability|p2a: Mudsdale|Stamina|boost\n|-boost|p2a: Mudsdale|def|1\n|move|p2a: Mudsdale|Stone Edge|p1a: Misdreavus\n|-damage|p1a: Misdreavus|134/254\n|\n|-heal|p2a: Mudsdale|59/305 brn|[from] item: Leftovers\n|-damage|p1a: Misdreavus|103/254|[from] Leech Seed|[of] p2a: Mudsdale\n|-heal|p2a: Mudsdale|90/305 brn|[silent]\n|-damage|p2a: Mudsdale|71/305 brn|[from] brn\n|upkeep\n|turn|59\n|\n|t:|1731039128\n|move|p1a: Misdreavus|Draining Kiss|p2a: Mudsdale\n|-damage|p2a: Mudsdale|0 fnt\n|-heal|p1a: Misdreavus|156/254|[from] drain|[of] p2a: Mudsdale\n|faint|p2a: Mudsdale\n|\n|win|Node\n|raw|Node's rating: 2438 &rarr; <strong>2451</strong><br />(+13 for winning)\n|raw|kandkad's rating: 2308 &rarr; <strong>2295</strong><br />(-13 for losing)\n|c|\u2606kandkad|gg\n|c|\u2606Node|gg\n|l|\u2606kandkad\n|player|p2|\n", "inputlog": ">version 6cf2ed9506aaf20327444a00a9388215acbf9fb2\n>start {\"formatid\":\"gen9randombattle\",\"seed\":[29133,53479,32585,47288],\"rated\":\"Rated battle\"}\n>player p1 {\"name\":\"Node\",\"avatar\":\"#pspl2019ubers\",\"rating\":2438,\"seed\":[42110,52185,28993,65344]}\n>player p2 {\"name\":\"kandkad\",\"avatar\":\"wulfric\",\"rating\":2308,\"seed\":[15523,20161,49204,48938]}\n>chat \u2606Node|hf\n>p1 move earthquake\n>p2 move thunderwave\n>p1 move earthquake\n>p2 move voltswitch\n>p2 switch 5\n>p1 switch 4\n>p2 move stealthrock\n>p1 move stealthrock\n>p2 switch 5\n>p1 move uturn\n>p2 move voltswitch\n>p1 switch 3\n>p2 switch 3\n>p1 switch 5\n>p2 move swordsdance\n>p1 move thunderwave\n>p2 move bitterblade\n>p1 move earthquake\n>p2 move bitterblade\n>p1 move earthquake\n>p2 move poltergeist\n>p1 switch 3\n>p1 move psychicnoise\n>p2 move poltergeist\n>p2 switch 3\n>p1 move uturn\n>p2 move voltswitch\n>p1 switch 5\n>p2 switch 2\n>p1 move superpower\n>p2 move swordsdance\n>p1 move superpower\n>p2 move closecombat\n>p1 switch 6\n>chat \u2606Node|dont\n>chat \u2606Node|crit\n>chat \u2606Node|me\n>p1 move drainingkiss\n>p2 move leafblade\n>chat \u2606kandkad|i would never\n>p1 switch 4\n>p2 move leafblade\n>chat \u2606Node|I knew I could rely on you\n>p2 switch 2\n>p1 move earthquake\n>p2 move thunderbolt\n>p1 switch 4\n>p1 move shadowball\n>p2 move thunderwave\n>p2 switch 6\n>p1 move willowisp\n>p2 move swordsdance\n>p1 switch 5\n>p2 move knockoff\n>p1 move psychicnoise\n>p2 move bodyslam\n>p1 switch 2\n>p1 move futuresight\n>p2 move knockoff\n>p1 move hypervoice\n>p2 move swordsdance\n>p1 move protect\n>p2 move knockoff\n>p2 switch 4\n>p1 move wish\n>p2 move thunderbolt\n>p1 move protect\n>p2 move substitute\n>p1 move wish\n>p2 move thunderbolt\n>p1 move protect\n>p2 move thunderbolt\n>p1 move futuresight\n>p2 move thunderbolt\n>p1 move protect\n>p2 move thunderbolt\n>p1 move wish\n>p2 move thunderbolt\n>p1 move futuresight\n>p2 move gigadrain\n>p1 move hypervoice\n>p2 move substitute\n>p1 move protect\n>p2 move gigadrain\n>p1 move futuresight\n>p2 move substitute\n>p1 move wish\n>p2 move gigadrain\n>p1 move hypervoice\n>p2 move thunderbolt\n>p1 move futuresight\n>p2 move substitute\n>p1 move wish\n>p2 move thunderbolt\n>p1 move hypervoice\n>p2 move thunderbolt\n>p1 move futuresight\n>p2 move thunderbolt\n>p1 move wish\n>p2 move substitute\n>p1 move protect\n>p2 move thunderbolt\n>p1 move futuresight\n>p2 move thunderbolt\n>p1 move wish\n>p2 move thunderbolt\n>p1 move hypervoice\n>p2 move substitute\n>p1 move futuresight\n>p2 move thunderbolt\n>p1 move wish\n>p2 move thunderbolt\n>p1 switch 5\n>p2 move substitute\n>p1 move calmmind\n>p2 move leechseed\n>p1 move calmmind\n>p2 move substitute terastallize\n>p1 move shadowball\n>p2 move thunderbolt\n>p1 move drainingkiss terastallize\n>p2 move substitute\n>p1 move drainingkiss\n>p2 move substitute\n>p1 move shadowball\n>p2 move thunderbolt\n>p1 move drainingkiss\n>p2 move thunderbolt\n>p2 switch 5\n>p1 move willowisp\n>p2 move stoneedge\n>p1 move drainingkiss\n>p2 move stoneedge\n>p1 move drainingkiss\n>p2 move stoneedge\n>p1 move drainingkiss\n>p2 move stoneedge", "uploadtime": 1731039137, "views": 69, "formatid": "gen9randombattle", "rating": 2295, "private": 0, "password": null}