{"id": "gen9randombattle-2241046749", "format": "[Gen 9] Random Battle", "players": ["Gloriousplays", "Sir C0ne"], "log": "|badge|p1|bronze|gen9randombattle|100-3\n|uhtml|medal-msg|<div class=\"broadcast-blue\">Curious what those medals under the avatar are? PS now has Ladder Seasons! For more information, check out the <a href=\"https://www.smogon.com/forums/threads/3740067/\">thread on Smogon.</a></div>\n|badge|p2|bronze|gen9randombattle|100-3\n|uhtml|medal-msg|<div class=\"broadcast-blue\">Curious what those medals under the avatar are? PS now has Ladder Seasons! For more information, check out the <a href=\"https://www.smogon.com/forums/threads/3740067/\">thread on Smogon.</a></div>\n|j|\u2606Gloriousplays\n|j|\u2606Sir C0ne\n|t:|1731237364\n|gametype|singles\n|player|p1|Gloriousplays|ash|2328\n|player|p2|Sir C0ne|guzma|2241\n|teamsize|p1|6\n|teamsize|p2|6\n|gen|9\n|tier|[Gen 9] Random Battle\n|rated|\n|rule|Species Clause: Limit one of each Pok\u00e9mon\n|rule|HP Percentage Mod: HP is shown in percentages\n|rule|Sleep Clause Mod: Limit one foe put to sleep\n|rule|Illusion Level Mod: Illusion disguises the Pok\u00e9mon's true level\n|\n|t:|1731237364\n|start\n|switch|p1a: Chandelure|Chandelure, L83, F|235/235\n|switch|p2a: Uxie|Uxie, L83|260/260\n|turn|1\n|inactive|Battle timer is ON: inactive players will automatically lose when time's up. (requested by Sir C0ne)\n|inactive|Sir C0ne has 120 seconds left.\n|\n|t:|1731237405\n|switch|p2a: Cyclizar|Cyclizar, L83, M|252/252\n|move|p1a: Chandelure|Shadow Ball|p2a: Cyclizar\n|-immune|p2a: Cyclizar\n|\n|upkeep\n|turn|2\n|\n|t:|1731237412\n|move|p2a: Cyclizar|Knock Off|p1a: Chandelure\n|-supereffective|p1a: Chandelure\n|-damage|p1a: Chandelure|113/235\n|-status|p2a: Cyclizar|brn|[from] ability: Flame Body|[of] p1a: Chandelure\n|-enditem|p1a: Chandelure|Leftovers|[from] move: Knock Off|[of] p2a: Cyclizar\n|move|p1a: Chandelure|Substitute|p1a: Chandelure\n|-start|p1a: Chandelure|Substitute\n|-damage|p1a: Chandelure|55/235\n|\n|-damage|p2a: Cyclizar|237/252 brn|[from] brn\n|upkeep\n|turn|3\n|inactive|Sir C0ne has 120 seconds left.\n|\n|t:|1731237452\n|move|p2a: Cyclizar|Draco Meteor|p1a: Chandelure\n|-end|p1a: Chandelure|Substitute\n|-unboost|p2a: Cyclizar|spa|2\n|move|p1a: Chandelure|Calm Mind|p1a: Chandelure\n|-boost|p1a: Chandelure|spa|1\n|-boost|p1a: Chandelure|spd|1\n|\n|-damage|p2a: Cyclizar|222/252 brn|[from] brn\n|upkeep\n|turn|4\n|inactive|Sir C0ne has 120 seconds left.\n|\n|t:|1731237458\n|move|p2a: Cyclizar|Shed Tail|p2a: Cyclizar\n|-start|p2a: Cyclizar|Substitute|[from] move: Shed Tail\n|-damage|p2a: Cyclizar|96/252 brn\n|inactive|Sir C0ne has 120 seconds left.\n|\n|t:|1731237471\n|switch|p2a: Tauros|Tauros-Paldea-Blaze, L81, M|254/254|[from] Shed Tail\n|-ability|p2a: Tauros|Intimidate|boost\n|-unboost|p1a: Chandelure|atk|1\n|move|p1a: Chandelure|Fire Blast|p2a: Tauros\n|-resisted|p2a: Tauros\n|-end|p2a: Tauros|Substitute\n|\n|upkeep\n|turn|5\n|inactive|Sir C0ne has 120 seconds left.\n|\n|t:|1731237485\n|switch|p1a: Slowbro|Slowbro, L85, F|300/300\n|move|p2a: Tauros|Flare Blitz|p1a: Slowbro\n|-resisted|p1a: Slowbro\n|-damage|p1a: Slowbro|223/300\n|-damage|p2a: Tauros|229/254|[from] Recoil\n|\n|upkeep\n|turn|6\n|inactive|Sir C0ne has 120 seconds left.\n|\n|t:|1731237517\n|switch|p2a: Meganium|Meganium, L90, F|290/290\n|move|p1a: Slowbro|Future Sight|p2a: Meganium\n|-start|p1a: Slowbro|move: Future Sight\n|\n|upkeep\n|turn|7\n|\n|t:|1731237529\n|switch|p1a: Shiftry|Shiftry, L89, M|305/305\n|move|p2a: Meganium|Swords Dance|p2a: Meganium\n|-boost|p2a: Meganium|atk|2\n|\n|upkeep\n|turn|8\n|\n|t:|1731237548\n|move|p2a: Meganium|Knock Off|p1a: Shiftry\n|-resisted|p1a: Shiftry\n|-damage|p1a: Shiftry|184/305\n|-enditem|p1a: Shiftry|Heavy-Duty Boots|[from] move: Knock Off|[of] p2a: Meganium\n|-damage|p2a: Meganium|261/290|[from] item: Life Orb\n|move|p1a: Shiftry|Knock Off|p2a: Meganium\n|-damage|p2a: Meganium|168/290\n|-enditem|p2a: Meganium|Life Orb|[from] move: Knock Off|[of] p1a: Shiftry\n|\n|-end|p2a: Meganium|move: Future Sight\n|-damage|p2a: Meganium|51/290\n|upkeep\n|turn|9\n|inactive|Sir C0ne has 90 seconds left.\n|\n|t:|1731237578\n|move|p1a: Shiftry|Sucker Punch||[still]\n|-fail|p1a: Shiftry\n|move|p2a: Meganium|Swords Dance|p2a: Meganium\n|-boost|p2a: Meganium|atk|2\n|\n|upkeep\n|turn|10\n|\n|t:|1731237585\n|move|p1a: Shiftry|Sucker Punch|p2a: Meganium\n|-damage|p2a: Meganium|0 fnt\n|faint|p2a: Meganium\n|\n|upkeep\n|\n|t:|1731237589\n|switch|p2a: Tauros|Tauros-Paldea-Blaze, L81, M|229/254\n|-ability|p2a: Tauros|Intimidate|boost\n|-unboost|p1a: Shiftry|atk|1\n|turn|11\n|\n|t:|1731237598\n|switch|p1a: Chandelure|Chandelure, L83, F|55/235\n|move|p2a: Tauros|Wild Charge|p1a: Chandelure\n|-damage|p1a: Chandelure|0 fnt\n|faint|p1a: Chandelure\n|-damage|p2a: Tauros|215/254|[from] Recoil\n|\n|upkeep\n|\n|t:|1731237609\n|switch|p1a: Shiftry|Shiftry, L89, M|184/305\n|turn|12\n|\n|t:|1731237628\n|switch|p2a: Tsareena|Tsareena, L87, F|267/267\n|move|p1a: Shiftry|Leaf Storm|p2a: Tsareena\n|-resisted|p2a: Tsareena\n|-damage|p2a: Tsareena|197/267\n|-unboost|p1a: Shiftry|spa|2\n|\n|upkeep\n|turn|13\n|\n|t:|1731237639\n|move|p1a: Shiftry|Knock Off|p2a: Tsareena\n|-damage|p2a: Tsareena|101/267\n|-enditem|p2a: Tsareena|Life Orb|[from] move: Knock Off|[of] p1a: Shiftry\n|move|p2a: Tsareena|Triple Axel|p1a: Shiftry\n|-supereffective|p1a: Shiftry\n|-damage|p1a: Shiftry|136/305\n|-supereffective|p1a: Shiftry\n|-damage|p1a: Shiftry|50/305\n|-supereffective|p1a: Shiftry\n|-damage|p1a: Shiftry|0 fnt\n|faint|p1a: Shiftry\n|-hitcount|p1: Shiftry|3\n|\n|upkeep\n|\n|t:|1731237647\n|switch|p1a: Tinkaton|Tinkaton, L82, F|274/274\n|-ability|p1a: Tinkaton|Mold Breaker\n|turn|14\n|inactive|Sir C0ne has 90 seconds left.\n|\n|t:|1731237674\n|switch|p2a: Metagross|Metagross, L79|256/256\n|move|p1a: Tinkaton|Gigaton Hammer|p2a: Metagross\n|-resisted|p2a: Metagross\n|-damage|p2a: Metagross|192/256\n|-damage|p1a: Tinkaton|247/274|[from] item: Life Orb\n|\n|-heal|p2a: Metagross|208/256|[from] item: Leftovers\n|upkeep\n|turn|15\n|inactive|Sir C0ne has 90 seconds left.\n|inactive|Gloriousplays has 120 seconds left.\n|j| petopitillos\n|\n|t:|1731237715\n|switch|p1a: Slowbro|Slowbro, L85, F|300/300\n|move|p2a: Metagross|Stealth Rock|p1a: Slowbro\n|-sidestart|p1: Gloriousplays|move: Stealth Rock\n|\n|-heal|p2a: Metagross|224/256|[from] item: Leftovers\n|upkeep\n|turn|16\n|\n|t:|1731237724\n|move|p2a: Metagross|Knock Off|p1a: Slowbro\n|-supereffective|p1a: Slowbro\n|-damage|p1a: Slowbro|156/300\n|-enditem|p1a: Slowbro|Assault Vest|[from] move: Knock Off|[of] p2a: Metagross\n|move|p1a: Slowbro|Future Sight|p2a: Metagross\n|-start|p1a: Slowbro|move: Future Sight\n|\n|-heal|p2a: Metagross|240/256|[from] item: Leftovers\n|upkeep\n|turn|17\n|\n|t:|1731237732\n|move|p2a: Metagross|Knock Off|p1a: Slowbro\n|-supereffective|p1a: Slowbro\n|-damage|p1a: Slowbro|74/300\n|move|p1a: Slowbro|Scald|p2a: Metagross\n|-damage|p2a: Metagross|153/256\n|-status|p2a: Metagross|brn\n|\n|-heal|p2a: Metagross|169/256 brn|[from] item: Leftovers\n|-damage|p2a: Metagross|153/256 brn|[from] brn\n|upkeep\n|turn|18\n|\n|t:|1731237742\n|switch|p1a: Archaludon|Archaludon, L78, M|268/268\n|-damage|p1a: Archaludon|252/268|[from] Stealth Rock\n|move|p2a: Metagross|Knock Off|p1a: Archaludon\n|-damage|p1a: Archaludon|224/268\n|-ability|p1a: Archaludon|Stamina|boost\n|-boost|p1a: Archaludon|def|1\n|-enditem|p1a: Archaludon|Assault Vest|[from] move: Knock Off|[of] p2a: Metagross\n|\n|-end|p2a: Metagross|move: Future Sight\n|-resisted|p2a: Metagross\n|-damage|p2a: Metagross|120/256 brn\n|-heal|p2a: Metagross|136/256 brn|[from] item: Leftovers\n|-damage|p2a: Metagross|120/256 brn|[from] brn\n|upkeep\n|turn|19\n|l| petopitillos\n|inactive|Sir C0ne has 90 seconds left.\n|\n|t:|1731237771\n|move|p1a: Archaludon|Body Press|p2a: Metagross\n|-damage|p2a: Metagross|41/256 brn\n|move|p2a: Metagross|Earthquake|p1a: Archaludon\n|-supereffective|p1a: Archaludon\n|-damage|p1a: Archaludon|179/268\n|-ability|p1a: Archaludon|Stamina|boost\n|-boost|p1a: Archaludon|def|1\n|\n|-heal|p2a: Metagross|57/256 brn|[from] item: Leftovers\n|-damage|p2a: Metagross|41/256 brn|[from] brn\n|upkeep\n|turn|20\n|\n|t:|1731237784\n|move|p1a: Archaludon|Body Press|p2a: Metagross\n|-damage|p2a: Metagross|0 fnt\n|faint|p2a: Metagross\n|\n|upkeep\n|inactive|Sir C0ne has 90 seconds left.\n|\n|t:|1731237816\n|switch|p2a: Tauros|Tauros-Paldea-Blaze, L81, M|215/254\n|-ability|p2a: Tauros|Intimidate|boost\n|-unboost|p1a: Archaludon|atk|1\n|turn|21\n|\n|t:|1731237824\n|-terastallize|p2a: Tauros|Fighting\n|-terastallize|p1a: Archaludon|Fighting\n|move|p2a: Tauros|Close Combat|p1a: Archaludon\n|-damage|p1a: Archaludon|79/268\n|-unboost|p2a: Tauros|def|1\n|-unboost|p2a: Tauros|spd|1\n|-ability|p1a: Archaludon|Stamina|boost\n|-boost|p1a: Archaludon|def|1\n|move|p1a: Archaludon|Body Press|p2a: Tauros\n|-damage|p2a: Tauros|0 fnt\n|faint|p2a: Tauros\n|\n|upkeep\n|\n|t:|1731237831\n|switch|p2a: Uxie|Uxie, L83|260/260\n|turn|22\n|\n|t:|1731237842\n|switch|p1a: Tinkaton|Tinkaton, L82, F|247/274\n|-damage|p1a: Tinkaton|230/274|[from] Stealth Rock\n|-ability|p1a: Tinkaton|Mold Breaker\n|move|p2a: Uxie|U-turn|p1a: Tinkaton\n|-resisted|p1a: Tinkaton\n|-damage|p1a: Tinkaton|219/274\n|\n|t:|1731237863\n|switch|p2a: Cyclizar|Cyclizar, L83, M|180/252 brn|[from] U-turn\n|\n|-damage|p2a: Cyclizar|165/252 brn|[from] brn\n|upkeep\n|turn|23\n|-message|Sir C0ne forfeited.\n|\n|win|Gloriousplays\n|raw|Gloriousplays's rating: 2328 &rarr; <strong>2343</strong><br />(+15 for winning)\n|raw|Sir C0ne's rating: 2241 &rarr; <strong>2226</strong><br />(-15 for losing)\n|l|\u2606Sir C0ne\n|player|p2|\n", "inputlog": ">version 6cf2ed9506aaf20327444a00a9388215acbf9fb2\n>start {\"formatid\":\"gen9randombattle\",\"seed\":[60152,8051,56123,45991],\"rated\":\"Rated battle\"}\n>player p1 {\"name\":\"Gloriousplays\",\"avatar\":\"ash\",\"rating\":2328,\"seed\":[35000,54410,57055,31500]}\n>player p2 {\"name\":\"Sir C0ne\",\"avatar\":\"guzma\",\"rating\":2241,\"seed\":[51961,9867,62319,42426]}\n>p1 move shadowball\n>p2 switch 5\n>p1 move substitute\n>p2 move knockoff\n>p1 move calmmind\n>p2 move dracometeor\n>p1 move fireblast\n>p2 move shedtail\n>p2 switch 6\n>p1 switch 6\n>p2 move flareblitz\n>p1 move futuresight\n>p2 switch 2\n>p1 switch 4\n>p2 move swordsdance\n>p1 move knockoff\n>p2 move knockoff\n>p1 move suckerpunch\n>p2 move swordsdance\n>p1 move suckerpunch\n>p2 move earthquake\n>p2 switch 2\n>p1 switch 6\n>p2 move wildcharge\n>p1 switch 6\n>p1 move leafstorm\n>p2 switch 3\n>p1 move knockoff\n>p2 move tripleaxel\n>p1 switch 2\n>p1 move gigatonhammer\n>p2 switch 4\n>p1 switch 4\n>p2 move stealthrock\n>p1 move futuresight\n>p2 move knockoff\n>p1 move scald\n>p2 move knockoff\n>p1 switch 5\n>p2 move knockoff\n>p1 move bodypress\n>p2 move earthquake\n>p1 move bodypress\n>p2 move earthquake\n>p2 switch 3\n>p1 move bodypress terastallize\n>p2 move closecombat terastallize\n>p2 switch 5\n>p1 switch 4\n>p2 move uturn\n>p2 switch 6\n>forcelose p2", "uploadtime": 1731237933, "views": 33, "formatid": "gen9randombattle", "rating": 2226, "private": 0, "password": null}