{"id": "gen9randombattle-2260036537", "format": "[Gen 9] Random Battle", "players": ["nakalas", "darreman4"], "log": "|j|\u2606nakalas\n|j|\u2606darreman4\n|t:|1733794020\n|gametype|singles\n|player|p1|nakalas|lucas-gen4pt|1427\n|player|p2|darreman4|unknown|1406\n|teamsize|p1|6\n|teamsize|p2|6\n|gen|9\n|tier|[Gen 9] Random Battle\n|rated|\n|rule|Species Clause: Limit one of each Pok\u00e9mon\n|rule|HP Percentage Mod: HP is shown in percentages\n|rule|Sleep Clause Mod: Limit one foe put to sleep\n|rule|Illusion Level Mod: Illusion disguises the Pok\u00e9mon's true level\n|\n|t:|1733794020\n|start\n|switch|p1a: Mewtwo|Mewtwo, L72|272/272\n|switch|p2a: Dusknoir|Dusknoir, L89, M|225/225\n|-ability|p1a: Mewtwo|Unnerve\n|-item|p1a: Mewtwo|Life Orb|[from] ability: Frisk|[of] p2a: Dusknoir\n|turn|1\n|inactive|Battle timer is ON: inactive players will automatically lose when time's up. (requested by nakalas)\n|inactive|nakalas has 120 seconds left.\n|\n|t:|1733794063\n|move|p1a: Mewtwo|Dark Pulse|p2a: Dusknoir\n|-supereffective|p2a: Dusknoir\n|-damage|p2a: Dusknoir|116/225\n|-damage|p1a: Mewtwo|245/272|[from] item: Life Orb\n|move|p2a: Dusknoir|Poltergeist|p1a: Mewtwo\n|-activate|p1a: Mewtwo|move: Poltergeist|Life Orb\n|-supereffective|p1a: Mewtwo\n|-damage|p1a: Mewtwo|0 fnt\n|faint|p1a: Mewtwo\n|\n|upkeep\n|\n|t:|1733794076\n|switch|p1a: Sableye|Sableye, L89, F|234/234\n|turn|2\n|inactive|darreman4 has 120 seconds left.\n|inactive|darreman4 has 90 seconds left.\n|\n|t:|1733794140\n|switch|p2a: Grafaiai|Grafaiai, L86, M|249/249\n|move|p1a: Sableye|Knock Off|p2a: Grafaiai\n|-damage|p2a: Grafaiai|129/249\n|-enditem|p2a: Grafaiai|Assault Vest|[from] move: Knock Off|[of] p1a: Sableye\n|\n|upkeep\n|turn|3\n|\n|t:|1733794167\n|move|p2a: Grafaiai|Knock Off|p1a: Sableye\n|-damage|p1a: Sableye|162/234\n|-status|p1a: Sableye|psn|[from] ability: Poison Touch|[of] p2a: Grafaiai\n|-enditem|p1a: Sableye|Leftovers|[from] move: Knock Off|[of] p2a: Grafaiai\n|move|p1a: Sableye|Knock Off|p2a: Grafaiai\n|-damage|p2a: Grafaiai|57/249\n|\n|-damage|p1a: Sableye|133/234 psn|[from] psn\n|upkeep\n|turn|4\n|inactive|darreman4 has 90 seconds left.\n|\n|t:|1733794189\n|move|p2a: Grafaiai|U-turn|p1a: Sableye\n|-damage|p1a: Sableye|79/234 psn\n|inactive|darreman4 has 90 seconds left.\n|\n|t:|1733794197\n|switch|p2a: Arceus|Arceus-Fighting, L70|284/284|[from] U-turn\n|move|p1a: Sableye|Knock Off|p2a: Arceus\n|-resisted|p2a: Arceus\n|-damage|p2a: Arceus|253/284\n|\n|-damage|p1a: Sableye|50/234 psn|[from] psn\n|upkeep\n|turn|5\n|inactive|darreman4 has 90 seconds left.\n|\n|t:|1733794212\n|move|p1a: Sableye|Thunder Wave|p2a: Arceus|[miss]\n|-miss|p1a: Sableye|p2a: Arceus\n|move|p2a: Arceus|Cosmic Power|p2a: Arceus\n|-boost|p2a: Arceus|def|1\n|-boost|p2a: Arceus|spd|1\n|\n|-damage|p1a: Sableye|21/234 psn|[from] psn\n|upkeep\n|turn|6\n|\n|t:|1733794225\n|switch|p2a: Weavile|Weavile, L79, M|240/240\n|move|p1a: Sableye|Thunder Wave|p2a: Weavile\n|-hint|Since gen 7, Dark is immune to Prankster moves.\n|-immune|p2a: Weavile\n|\n|-damage|p1a: Sableye|0 fnt|[from] psn\n|faint|p1a: Sableye\n|upkeep\n|\n|t:|1733794245\n|switch|p1a: Pikachu|Pikachu-Original, L93, M|216/216\n|turn|7\n|inactive|darreman4 has 90 seconds left.\n|\n|t:|1733794277\n|switch|p2a: Grafaiai|Grafaiai, L86, M|57/249\n|move|p1a: Pikachu|Volt Tackle|p2a: Grafaiai\n|-damage|p2a: Grafaiai|0 fnt\n|faint|p2a: Grafaiai\n|-damage|p1a: Pikachu|197/216|[from] Recoil\n|\n|upkeep\n|\n|t:|1733794280\n|switch|p2a: Orthworm|Orthworm, L88, M|266/266\n|turn|8\n|\n|t:|1733794297\n|move|p1a: Pikachu|Volt Tackle|p2a: Orthworm\n|-damage|p2a: Orthworm|121/266\n|-damage|p1a: Pikachu|149/216|[from] Recoil\n|move|p2a: Orthworm|Body Press|p1a: Pikachu\n|-damage|p1a: Pikachu|7/216\n|\n|upkeep\n|turn|9\n|\n|t:|1733794305\n|move|p1a: Pikachu|Volt Tackle|p2a: Orthworm\n|-damage|p2a: Orthworm|0 fnt\n|faint|p2a: Orthworm\n|-damage|p1a: Pikachu|0 fnt|[from] Recoil\n|faint|p1a: Pikachu\n|\n|upkeep\n|\n|t:|1733794317\n|switch|p1a: Electivire|Electivire, L84, F|263/263\n|switch|p2a: Dusknoir|Dusknoir, L89, M|116/225\n|-item|p1a: Electivire|Life Orb|[from] ability: Frisk|[of] p2a: Dusknoir\n|turn|10\n|\n|t:|1733794330\n|move|p1a: Electivire|Supercell Slam|p2a: Dusknoir\n|-crit|p2a: Dusknoir\n|-damage|p2a: Dusknoir|0 fnt\n|faint|p2a: Dusknoir\n|-damage|p1a: Electivire|237/263|[from] item: Life Orb\n|\n|upkeep\n|\n|t:|1733794337\n|switch|p2a: Arceus|Arceus-Fighting, L70|253/284\n|turn|11\n|\n|t:|1733794351\n|switch|p1a: Articuno|Articuno-Galar, L84|288/288\n|move|p2a: Arceus|Cosmic Power|p2a: Arceus\n|-boost|p2a: Arceus|def|1\n|-boost|p2a: Arceus|spd|1\n|\n|upkeep\n|turn|12\n|inactive|darreman4 has 120 seconds left.\n|\n|t:|1733794367\n|switch|p2a: Weavile|Weavile, L79, M|240/240\n|move|p1a: Articuno|Freezing Glare|p2a: Weavile\n|-immune|p2a: Weavile\n|\n|upkeep\n|turn|13\n|inactive|nakalas has 120 seconds left.\n|\n|t:|1733794421\n|-terastallize|p1a: Articuno|Steel\n|move|p2a: Weavile|Knock Off|p1a: Articuno\n|-damage|p1a: Articuno|179/288\n|-enditem|p1a: Articuno|Heavy-Duty Boots|[from] move: Knock Off|[of] p2a: Weavile\n|move|p1a: Articuno|Hurricane|p2a: Weavile\n|-crit|p2a: Weavile\n|-damage|p2a: Weavile|0 fnt\n|faint|p2a: Weavile\n|\n|upkeep\n|\n|t:|1733794429\n|switch|p2a: Arceus|Arceus-Fighting, L70|253/284\n|turn|14\n|\n|t:|1733794434\n|move|p2a: Arceus|Body Press|p1a: Articuno\n|-supereffective|p1a: Articuno\n|-damage|p1a: Articuno|0 fnt\n|faint|p1a: Articuno\n|\n|upkeep\n|\n|t:|1733794443\n|switch|p1a: Garchomp|Garchomp, L74, F|282/282\n|turn|15\n|\n|t:|1733794471\n|move|p2a: Arceus|Cosmic Power|p2a: Arceus\n|-boost|p2a: Arceus|def|1\n|-boost|p2a: Arceus|spd|1\n|move|p1a: Garchomp|Swords Dance|p1a: Garchomp\n|-boost|p1a: Garchomp|atk|2\n|\n|upkeep\n|turn|16\n|\n|t:|1733794481\n|move|p2a: Arceus|Cosmic Power|p2a: Arceus\n|-boost|p2a: Arceus|def|1\n|-boost|p2a: Arceus|spd|1\n|move|p1a: Garchomp|Scale Shot|p2a: Arceus\n|-damage|p2a: Arceus|225/284\n|-damage|p2a: Arceus|200/284\n|-damage|p2a: Arceus|176/284\n|-damage|p2a: Arceus|151/284\n|-hitcount|p2a: Arceus|4\n|-unboost|p1a: Garchomp|def|1\n|-boost|p1a: Garchomp|spe|1\n|\n|upkeep\n|turn|17\n|inactive|nakalas has 90 seconds left.\n|\n|t:|1733794504\n|move|p1a: Garchomp|Scale Shot|p2a: Arceus|[miss]\n|-miss|p1a: Garchomp|p2a: Arceus\n|move|p2a: Arceus|Recover|p2a: Arceus\n|-heal|p2a: Arceus|284/284\n|\n|upkeep\n|turn|18\n|inactive|nakalas has 90 seconds left.\n|c|\u2606nakalas|i think that lost me the game\n|c|\u2606nakalas|oh well\n|c|\u2606nakalas|i got some lucky crits\n|\n|t:|1733794532\n|move|p1a: Garchomp|Scale Shot|p2a: Arceus\n|-damage|p2a: Arceus|257/284\n|-damage|p2a: Arceus|230/284\n|-damage|p2a: Arceus|203/284\n|-damage|p2a: Arceus|176/284\n|-damage|p2a: Arceus|149/284\n|-hitcount|p2a: Arceus|5\n|-unboost|p1a: Garchomp|def|1\n|-boost|p1a: Garchomp|spe|1\n|move|p2a: Arceus|Cosmic Power|p2a: Arceus\n|-boost|p2a: Arceus|def|1\n|-boost|p2a: Arceus|spd|1\n|\n|upkeep\n|turn|19\n|\n|t:|1733794549\n|move|p1a: Garchomp|Scale Shot|p2a: Arceus\n|-damage|p2a: Arceus|131/284\n|-damage|p2a: Arceus|112/284\n|-crit|p2a: Arceus\n|-damage|p2a: Arceus|37/284\n|-damage|p2a: Arceus|16/284\n|-damage|p2a: Arceus|0 fnt\n|faint|p2a: Arceus\n|-hitcount|p2: Arceus|5\n|-unboost|p1a: Garchomp|def|1\n|-boost|p1a: Garchomp|spe|1\n|\n|upkeep\n|\n|t:|1733794552\n|switch|p2a: Hitmonchan|Hitmonchan, L87, M|229/229\n|turn|20\n|c|\u2606nakalas|...\n|\n|t:|1733794565\n|move|p1a: Garchomp|Earthquake|p2a: Hitmonchan\n|-damage|p2a: Hitmonchan|0 fnt\n|faint|p2a: Hitmonchan\n|\n|win|nakalas\n|raw|nakalas's rating: 1427 &rarr; <strong>1446</strong><br />(+19 for winning)\n|raw|darreman4's rating: 1406 &rarr; <strong>1387</strong><br />(-19 for losing)\n|l|\u2606darreman4\n|player|p2|\n", "inputlog": ">version bfd83cad13791eb5a5a409923076391caf6fb4d4\n>start {\"formatid\":\"gen9randombattle\",\"seed\":[26469,41490,40581,33507],\"rated\":\"Rated battle\"}\n>player p1 {\"name\":\"nakalas\",\"avatar\":\"lucas-gen4pt\",\"rating\":1427,\"seed\":[51022,23033,10431,12873]}\n>player p2 {\"name\":\"darreman4\",\"avatar\":\"unknown\",\"rating\":1406,\"seed\":[10805,54497,21287,5226]}\n>p1 move darkpulse\n>p2 move poltergeist\n>p1 switch 3\n>p1 move knockoff\n>p2 switch 4\n>p1 move knockoff\n>p2 move knockoff\n>p1 move knockoff\n>p2 move uturn\n>p2 switch 5\n>p1 move thunderwave\n>p2 move cosmicpower\n>p1 move thunderwave\n>p2 switch 3\n>p1 switch 2\n>p1 move volttackle\n>p2 switch 5\n>p2 switch 6\n>p1 move volttackle\n>p2 move bodypress\n>p1 move volttackle\n>p2 move rest\n>p1 switch 4\n>p2 switch 4\n>p1 move supercellslam\n>p2 move earthquake\n>p2 switch 3\n>p1 switch 5\n>p2 move cosmicpower\n>p1 move freezingglare\n>p2 switch 5\n>p1 move hurricane terastallize\n>p2 move knockoff\n>p2 switch 5\n>p1 move freezingglare\n>p2 move bodypress\n>p1 switch 6\n>p1 move swordsdance\n>p2 move cosmicpower\n>p1 move scaleshot\n>p2 move cosmicpower\n>p1 move scaleshot\n>p2 move recover\n>chat \u2606nakalas|i think that lost me the game\n>chat \u2606nakalas|oh well\n>chat \u2606nakalas|i got some lucky crits\n>p1 move scaleshot\n>p2 move cosmicpower\n>p1 move scaleshot\n>p2 move bodypress\n>p2 switch 2\n>chat \u2606nakalas|...\n>p1 move earthquake\n>p2 move drainpunch", "uploadtime": 1733794573, "views": 4, "formatid": "gen9randombattle", "rating": 1387, "private": 0, "password": null}