{"id": "gen9randombattle-2249441465", "format": "[Gen 9] Random Battle", "players": ["vegemite360", "gouji"], "log": "|badge|p2|bronze|gen9randombattle|100-3\n|uhtml|medal-msg|<div class=\"broadcast-blue\">Curious what those medals under the avatar are? PS now has Ladder Seasons! For more information, check out the <a href=\"https://www.smogon.com/forums/threads/3740067/\">thread on Smogon.</a></div>\n|j|\u2606vegemite360\n|j|\u2606gouji\n|t:|1732344356\n|gametype|singles\n|player|p1|vegemite360|lance|2201\n|player|p2|gouji|officeworker|2340\n|teamsize|p1|6\n|teamsize|p2|6\n|gen|9\n|tier|[Gen 9] Random Battle\n|rated|\n|rule|Species Clause: Limit one of each Pok\u00e9mon\n|rule|HP Percentage Mod: HP is shown in percentages\n|rule|Sleep Clause Mod: Limit one foe put to sleep\n|rule|Illusion Level Mod: Illusion disguises the Pok\u00e9mon's true level\n|\n|t:|1732344356\n|start\n|switch|p1a: Dudunsparce|Dudunsparce, L83, F|343/343\n|switch|p2a: Chesnaught|Chesnaught, L84, F|285/285\n|turn|1\n|inactive|Battle timer is ON: inactive players will automatically lose when time's up. (requested by vegemite360)\n|\n|t:|1732344377\n|switch|p1a: Enamorus|Enamorus-Therian, L83, F|259/259\n|move|p2a: Chesnaught|Body Press|p1a: Enamorus\n|-resisted|p1a: Enamorus\n|-damage|p1a: Enamorus|238/259\n|\n|upkeep\n|turn|2\n|\n|t:|1732344388\n|switch|p2a: Uxie|Uxie, L83|260/260\n|move|p1a: Enamorus|Moonblast|p2a: Uxie\n|-damage|p2a: Uxie|169/260\n|\n|-heal|p2a: Uxie|185/260|[from] item: Leftovers\n|upkeep\n|turn|3\n|\n|t:|1732344406\n|move|p2a: Uxie|Knock Off|p1a: Enamorus\n|-resisted|p1a: Enamorus\n|-damage|p1a: Enamorus|214/259\n|-enditem|p1a: Enamorus|Assault Vest|[from] move: Knock Off|[of] p2a: Uxie\n|move|p1a: Enamorus|Mystical Fire|p2a: Uxie\n|-damage|p2a: Uxie|132/260\n|-unboost|p2a: Uxie|spa|1\n|\n|-heal|p2a: Uxie|148/260|[from] item: Leftovers\n|upkeep\n|turn|4\n|\n|t:|1732344413\n|move|p2a: Uxie|Yawn|p1a: Enamorus\n|-start|p1a: Enamorus|move: Yawn|[of] p2a: Uxie\n|move|p1a: Enamorus|Moonblast|p2a: Uxie\n|-damage|p2a: Uxie|57/260\n|-unboost|p2a: Uxie|spa|1\n|\n|-heal|p2a: Uxie|73/260|[from] item: Leftovers\n|upkeep\n|turn|5\n|\n|t:|1732344428\n|switch|p2a: Chi-Yu|Chi-Yu, L77|211/211\n|-ability|p2a: Chi-Yu|Beads of Ruin\n|switch|p1a: Cobalion|Cobalion, L80|277/277\n|\n|upkeep\n|turn|6\n|\n|t:|1732344437\n|switch|p1a: Chansey|Chansey, L85, F|564/564\n|switch|p2a: Chesnaught|Chesnaught, L84, F|285/285\n|\n|upkeep\n|turn|7\n|\n|t:|1732344451\n|move|p2a: Chesnaught|Wood Hammer|p1a: Chansey\n|-damage|p1a: Chansey|245/564\n|-damage|p2a: Chesnaught|180/285|[from] Recoil\n|move|p1a: Chansey|Stealth Rock|p2a: Chesnaught\n|-sidestart|p2: gouji|move: Stealth Rock\n|\n|-heal|p2a: Chesnaught|197/285|[from] item: Leftovers\n|upkeep\n|turn|8\n|\n|t:|1732344456\n|switch|p1a: Enamorus|Enamorus-Therian, L83, F|214/259\n|move|p2a: Chesnaught|Wood Hammer|p1a: Enamorus\n|-resisted|p1a: Enamorus\n|-damage|p1a: Enamorus|160/259\n|-damage|p2a: Chesnaught|179/285|[from] Recoil\n|\n|-heal|p2a: Chesnaught|196/285|[from] item: Leftovers\n|upkeep\n|turn|9\n|\n|t:|1732344468\n|switch|p2a: Uxie|Uxie, L83|73/260\n|-damage|p2a: Uxie|41/260|[from] Stealth Rock\n|move|p1a: Enamorus|Moonblast|p2a: Uxie\n|-damage|p2a: Uxie|0 fnt\n|faint|p2a: Uxie\n|\n|upkeep\n|\n|t:|1732344471\n|switch|p2a: Tsareena|Tsareena, L87, F|267/267\n|-damage|p2a: Tsareena|234/267|[from] Stealth Rock\n|turn|10\n|\n|t:|1732344491\n|switch|p1a: Cobalion|Cobalion, L80|277/277\n|move|p2a: Tsareena|Triple Axel|p1a: Cobalion\n|-resisted|p1a: Cobalion\n|-damage|p1a: Cobalion|267/277\n|-resisted|p1a: Cobalion\n|-damage|p1a: Cobalion|249/277\n|-resisted|p1a: Cobalion\n|-damage|p1a: Cobalion|223/277\n|-hitcount|p1a: Cobalion|3\n|-damage|p2a: Tsareena|208/267|[from] item: Life Orb\n|\n|-heal|p1a: Cobalion|240/277|[from] item: Leftovers\n|upkeep\n|turn|11\n|\n|t:|1732344499\n|switch|p1a: Trevenant|Trevenant, L88, M|293/293\n|move|p2a: Tsareena|High Jump Kick|p1a: Trevenant\n|-immune|p1a: Trevenant\n|-damage|p2a: Tsareena|75/267|[from] highjumpkick\n|\n|upkeep\n|turn|12\n|\n|t:|1732344509\n|move|p2a: Tsareena|Synthesis|p2a: Tsareena\n|-heal|p2a: Tsareena|208/267\n|move|p1a: Trevenant|Drain Punch|p2a: Tsareena\n|-damage|p2a: Tsareena|154/267\n|\n|upkeep\n|turn|13\n|\n|t:|1732344518\n|move|p2a: Tsareena|Triple Axel|p1a: Trevenant\n|-supereffective|p1a: Trevenant\n|-damage|p1a: Trevenant|246/293\n|-supereffective|p1a: Trevenant\n|-crit|p1a: Trevenant\n|-damage|p1a: Trevenant|82/293\n|-enditem|p1a: Trevenant|Sitrus Berry|[eat]\n|-heal|p1a: Trevenant|155/293|[from] item: Sitrus Berry\n|-supereffective|p1a: Trevenant\n|-damage|p1a: Trevenant|15/293\n|-hitcount|p1a: Trevenant|3\n|-damage|p2a: Tsareena|128/267|[from] item: Life Orb\n|move|p1a: Trevenant|Toxic|p2a: Tsareena\n|-status|p2a: Tsareena|tox\n|\n|-damage|p2a: Tsareena|112/267 tox|[from] psn\n|upkeep\n|turn|14\n|\n|t:|1732344537\n|move|p1a: Trevenant|Protect|p1a: Trevenant\n|-singleturn|p1a: Trevenant|Protect\n|move|p2a: Tsareena|Triple Axel|p1a: Trevenant\n|-activate|p1a: Trevenant|move: Protect\n|\n|-damage|p2a: Tsareena|80/267 tox|[from] psn\n|-item|p1a: Trevenant|Sitrus Berry|[from] ability: Harvest\n|upkeep\n|-enditem|p1a: Trevenant|Sitrus Berry|[eat]\n|-heal|p1a: Trevenant|88/293|[from] item: Sitrus Berry\n|turn|15\n|\n|t:|1732344548\n|move|p2a: Tsareena|Triple Axel|p1a: Trevenant\n|-supereffective|p1a: Trevenant\n|-damage|p1a: Trevenant|39/293\n|-supereffective|p1a: Trevenant\n|-damage|p1a: Trevenant|0 fnt\n|faint|p1a: Trevenant\n|-hitcount|p1: Trevenant|2\n|-damage|p2a: Tsareena|54/267 tox|[from] item: Life Orb\n|\n|-damage|p2a: Tsareena|6/267 tox|[from] psn\n|upkeep\n|\n|t:|1732344556\n|switch|p1a: Cobalion|Cobalion, L80|240/277\n|turn|16\n|\n|t:|1732344564\n|move|p1a: Cobalion|Flash Cannon|p2a: Tsareena\n|-damage|p2a: Tsareena|0 fnt\n|faint|p2a: Tsareena\n|\n|-heal|p1a: Cobalion|257/277|[from] item: Leftovers\n|upkeep\n|\n|t:|1732344580\n|switch|p2a: Falinks|Falinks, L84|246/246\n|-damage|p2a: Falinks|231/246|[from] Stealth Rock\n|turn|17\n|\n|t:|1732344595\n|move|p1a: Cobalion|Aura Sphere|p2a: Falinks\n|-damage|p2a: Falinks|125/246\n|move|p2a: Falinks|No Retreat|p2a: Falinks\n|-boost|p2a: Falinks|atk|1\n|-boost|p2a: Falinks|def|1\n|-boost|p2a: Falinks|spa|1\n|-boost|p2a: Falinks|spd|1\n|-boost|p2a: Falinks|spe|1\n|-start|p2a: Falinks|move: No Retreat\n|\n|-heal|p1a: Cobalion|274/277|[from] item: Leftovers\n|upkeep\n|turn|18\n|\n|t:|1732344612\n|-terastallize|p1a: Cobalion|Ghost\n|move|p2a: Falinks|Close Combat|p1a: Cobalion\n|-immune|p1a: Cobalion\n|move|p1a: Cobalion|Aura Sphere|p2a: Falinks\n|-damage|p2a: Falinks|64/246\n|\n|-heal|p1a: Cobalion|277/277|[from] item: Leftovers\n|upkeep\n|turn|19\n|\n|t:|1732344631\n|switch|p1a: Dudunsparce|Dudunsparce, L83, F|343/343\n|move|p2a: Falinks|Knock Off|p1a: Dudunsparce\n|-damage|p1a: Dudunsparce|191/343\n|-ability|p1a: Dudunsparce|Rattled|boost\n|-boost|p1a: Dudunsparce|spe|1\n|-enditem|p1a: Dudunsparce|Leftovers|[from] move: Knock Off|[of] p2a: Falinks\n|-damage|p2a: Falinks|40/246|[from] item: Life Orb\n|\n|upkeep\n|turn|20\n|\n|t:|1732344638\n|move|p2a: Falinks|Close Combat|p1a: Dudunsparce\n|-supereffective|p1a: Dudunsparce\n|-damage|p1a: Dudunsparce|0 fnt\n|-unboost|p2a: Falinks|def|1\n|-unboost|p2a: Falinks|spd|1\n|faint|p1a: Dudunsparce\n|-damage|p2a: Falinks|16/246|[from] item: Life Orb\n|\n|upkeep\n|inactive|vegemite360 has 120 seconds left.\n|\n|t:|1732344659\n|switch|p1a: Cobalion|Cobalion, L80, tera:Ghost|277/277\n|turn|21\n|\n|t:|1732344665\n|move|p2a: Falinks|Iron Head|p1a: Cobalion\n|-damage|p1a: Cobalion|185/277\n|-damage|p2a: Falinks|0 fnt|[from] item: Life Orb\n|faint|p2a: Falinks\n|move|p1a: Cobalion|Calm Mind|p1a: Cobalion\n|-boost|p1a: Cobalion|spa|1\n|-boost|p1a: Cobalion|spd|1\n|\n|-heal|p1a: Cobalion|202/277|[from] item: Leftovers\n|upkeep\n|inactive|gouji has 120 seconds left.\n|\n|t:|1732344714\n|switch|p2a: Typhlosion|Typhlosion, L84, M|267/267\n|-damage|p2a: Typhlosion|201/267|[from] Stealth Rock\n|turn|22\n|inactive|vegemite360 has 120 seconds left.\n|\n|t:|1732344739\n|move|p1a: Cobalion|Vacuum Wave|p2a: Typhlosion\n|-damage|p2a: Typhlosion|144/267\n|move|p2a: Typhlosion|Fire Blast|p1a: Cobalion|[miss]\n|-miss|p2a: Typhlosion|p1a: Cobalion\n|\n|-heal|p1a: Cobalion|219/277|[from] item: Leftovers\n|upkeep\n|turn|23\n|\n|t:|1732344743\n|move|p1a: Cobalion|Aura Sphere|p2a: Typhlosion\n|-damage|p2a: Typhlosion|32/267\n|move|p2a: Typhlosion|Fire Blast|p1a: Cobalion\n|-damage|p1a: Cobalion|0 fnt\n|faint|p1a: Cobalion\n|\n|upkeep\n|inactive|vegemite360 has 120 seconds left.\n|\n|t:|1732344758\n|switch|p1a: Chansey|Chansey, L85, F|245/564\n|turn|24\n|inactive|gouji has 120 seconds left.\n|\n|t:|1732344765\n|switch|p2a: Chesnaught|Chesnaught, L84, F|196/285\n|-damage|p2a: Chesnaught|179/285|[from] Stealth Rock\n|move|p1a: Chansey|Soft-Boiled|p1a: Chansey\n|-heal|p1a: Chansey|527/564\n|\n|-heal|p2a: Chesnaught|196/285|[from] item: Leftovers\n|upkeep\n|turn|25\n|\n|t:|1732344771\n|switch|p1a: Enamorus|Enamorus-Therian, L83, F|160/259\n|move|p2a: Chesnaught|Wood Hammer|p1a: Enamorus\n|-resisted|p1a: Enamorus\n|-damage|p1a: Enamorus|103/259\n|-damage|p2a: Chesnaught|177/285|[from] Recoil\n|\n|-heal|p2a: Chesnaught|194/285|[from] item: Leftovers\n|upkeep\n|turn|26\n|\n|t:|1732344781\n|switch|p2a: Chi-Yu|Chi-Yu, L77|211/211\n|-damage|p2a: Chi-Yu|159/211|[from] Stealth Rock\n|-ability|p2a: Chi-Yu|Beads of Ruin\n|move|p1a: Enamorus|Earth Power|p2a: Chi-Yu\n|-supereffective|p2a: Chi-Yu\n|-damage|p2a: Chi-Yu|21/211\n|\n|upkeep\n|turn|27\n|\n|t:|1732344791\n|switch|p2a: Chesnaught|Chesnaught, L84, F|194/285\n|-damage|p2a: Chesnaught|177/285|[from] Stealth Rock\n|switch|p1a: Chansey|Chansey, L85, F|527/564\n|\n|-heal|p2a: Chesnaught|194/285|[from] item: Leftovers\n|upkeep\n|turn|28\n|\n|t:|1732344796\n|move|p2a: Chesnaught|Wood Hammer|p1a: Chansey\n|-damage|p1a: Chansey|218/564\n|-damage|p2a: Chesnaught|92/285|[from] Recoil\n|move|p1a: Chansey|Thunder Wave|p2a: Chesnaught\n|-status|p2a: Chesnaught|par\n|\n|-heal|p2a: Chesnaught|109/285 par|[from] item: Leftovers\n|upkeep\n|turn|29\n|\n|t:|1732344802\n|move|p1a: Chansey|Seismic Toss|p2a: Chesnaught\n|-damage|p2a: Chesnaught|24/285 par\n|move|p2a: Chesnaught|Synthesis|p2a: Chesnaught\n|-heal|p2a: Chesnaught|166/285 par\n|\n|-heal|p2a: Chesnaught|183/285 par|[from] item: Leftovers\n|upkeep\n|turn|30\n|\n|t:|1732344804\n|move|p1a: Chansey|Seismic Toss|p2a: Chesnaught\n|-damage|p2a: Chesnaught|98/285 par\n|move|p2a: Chesnaught|Synthesis|p2a: Chesnaught\n|-heal|p2a: Chesnaught|240/285 par\n|\n|-heal|p2a: Chesnaught|257/285 par|[from] item: Leftovers\n|upkeep\n|turn|31\n|\n|t:|1732344807\n|move|p1a: Chansey|Seismic Toss|p2a: Chesnaught\n|-damage|p2a: Chesnaught|172/285 par\n|move|p2a: Chesnaught|Knock Off|p1a: Chansey\n|-damage|p1a: Chansey|51/564\n|-enditem|p1a: Chansey|Eviolite|[from] move: Knock Off|[of] p2a: Chesnaught\n|\n|-heal|p2a: Chesnaught|189/285 par|[from] item: Leftovers\n|upkeep\n|turn|32\n|\n|t:|1732344811\n|move|p1a: Chansey|Seismic Toss|p2a: Chesnaught\n|-damage|p2a: Chesnaught|104/285 par\n|move|p2a: Chesnaught|Synthesis|p2a: Chesnaught\n|-heal|p2a: Chesnaught|246/285 par\n|\n|-heal|p2a: Chesnaught|263/285 par|[from] item: Leftovers\n|upkeep\n|turn|33\n|\n|t:|1732344815\n|move|p1a: Chansey|Seismic Toss|p2a: Chesnaught\n|-damage|p2a: Chesnaught|178/285 par\n|move|p2a: Chesnaught|Knock Off|p1a: Chansey\n|-damage|p1a: Chansey|0 fnt\n|faint|p1a: Chansey\n|\n|-heal|p2a: Chesnaught|195/285 par|[from] item: Leftovers\n|upkeep\n|\n|t:|1732344823\n|switch|p1a: Iron Hands|Iron Hands, L79|373/373\n|turn|34\n|\n|t:|1732344832\n|move|p1a: Iron Hands|Swords Dance|p1a: Iron Hands\n|-boost|p1a: Iron Hands|atk|2\n|move|p2a: Chesnaught|Wood Hammer|p1a: Iron Hands\n|-damage|p1a: Iron Hands|253/373\n|-damage|p2a: Chesnaught|155/285 par|[from] Recoil\n|\n|-heal|p1a: Iron Hands|276/373|[from] item: Leftovers\n|-heal|p2a: Chesnaught|172/285 par|[from] item: Leftovers\n|upkeep\n|turn|35\n|\n|t:|1732344838\n|move|p1a: Iron Hands|Drain Punch|p2a: Chesnaught\n|-damage|p2a: Chesnaught|33/285 par\n|-heal|p1a: Iron Hands|346/373|[from] drain|[of] p2a: Chesnaught\n|cant|p2a: Chesnaught|par\n|\n|-heal|p1a: Iron Hands|369/373|[from] item: Leftovers\n|-heal|p2a: Chesnaught|50/285 par|[from] item: Leftovers\n|upkeep\n|turn|36\n|-message|gouji forfeited.\n|\n|win|vegemite360\n|raw|vegemite360's rating: 2201 &rarr; <strong>2229</strong><br />(+28 for winning)\n|raw|gouji's rating: 2340 &rarr; <strong>2312</strong><br />(-28 for losing)\n|l|\u2606gouji\n|player|p2|\n", "inputlog": ">version baf9aa68cbe18cf25f290680a08c9ad9c5e3e828\n>start {\"formatid\":\"gen9randombattle\",\"seed\":[43418,25285,50418,56995],\"rated\":\"Rated battle\"}\n>player p1 {\"name\":\"vegemite360\",\"avatar\":\"lance\",\"rating\":2201,\"seed\":[46003,1923,17646,36696]}\n>player p2 {\"name\":\"gouji\",\"avatar\":\"officeworker\",\"rating\":2340,\"seed\":[18667,45569,24053,4517]}\n>p1 switch 2\n>p2 move bodypress\n>p1 move moonblast\n>p2 switch 3\n>p1 move mysticalfire\n>p2 move knockoff\n>p1 move moonblast\n>p2 move yawn\n>p1 switch 4\n>p2 switch 6\n>p1 switch 6\n>p2 switch 3\n>p1 move stealthrock\n>p2 move woodhammer\n>p1 switch 4\n>p2 move woodhammer\n>p1 move moonblast\n>p2 switch 6\n>p2 switch 4\n>p1 switch 6\n>p2 move tripleaxel\n>p1 switch 5\n>p2 move highjumpkick\n>p1 move drainpunch\n>p2 move synthesis\n>p1 move toxic\n>p2 move tripleaxel\n>p1 move protect\n>p2 move tripleaxel\n>p1 move poltergeist\n>p2 move tripleaxel\n>p1 switch 5\n>p1 move flashcannon\n>p2 move highjumpkick\n>p2 switch 5\n>p1 move aurasphere\n>p2 move noretreat\n>p1 move aurasphere terastallize\n>p2 move closecombat\n>p1 switch 2\n>p2 move knockoff\n>p1 move boomburst\n>p2 move closecombat\n>p1 switch 2\n>p1 move calmmind\n>p2 move ironhead\n>p2 switch 2\n>p1 move vacuumwave\n>p2 move fireblast\n>p1 move aurasphere\n>p2 move fireblast\n>p1 switch 4\n>p1 move softboiled\n>p2 switch 6\n>p1 switch 6\n>p2 move woodhammer\n>p1 move earthpower\n>p2 switch 3\n>p1 switch 6\n>p2 switch 3\n>p1 move thunderwave\n>p2 move woodhammer\n>p1 move seismictoss\n>p2 move synthesis\n>p1 move seismictoss\n>p2 move synthesis\n>p1 move seismictoss\n>p2 move knockoff\n>p1 move seismictoss\n>p2 move synthesis\n>p1 move seismictoss\n>p2 move knockoff\n>p1 switch 3\n>p1 move swordsdance\n>p2 move woodhammer\n>p1 move drainpunch\n>p2 move woodhammer\n>forcelose p2", "uploadtime": 1732344847, "views": 22, "formatid": "gen9randombattle", "rating": 2229, "private": 0, "password": null}