{"id": "gen9randombattle-2260642709", "format": "[Gen 9] Random Battle", "players": ["bigpooper1", "mizuno44"], "log": "|j|\u2606bigpooper1\n|j|\u2606mizuno44\n|t:|1733872869\n|gametype|singles\n|player|p1|bigpooper1|lance|1363\n|player|p2|mizuno44|1|1400\n|teamsize|p1|6\n|teamsize|p2|6\n|gen|9\n|tier|[Gen 9] Random Battle\n|rated|\n|rule|Species Clause: Limit one of each Pok\u00e9mon\n|rule|HP Percentage Mod: HP is shown in percentages\n|rule|Sleep Clause Mod: Limit one foe put to sleep\n|rule|Illusion Level Mod: Illusion disguises the Pok\u00e9mon's true level\n|\n|t:|1733872869\n|start\n|switch|p1a: Meowscarada|Meowscarada, L78, F|247/247\n|switch|p2a: Shaymin|Shaymin-Sky, L73|266/266\n|turn|1\n|inactive|Battle timer is ON: inactive players will automatically lose when time's up. (requested by bigpooper1)\n|\n|t:|1733872878\n|move|p1a: Meowscarada|Triple Axel|p2a: Shaymin\n|-start|p1a: Meowscarada|typechange|Ice|[from] ability: Protean\n|-supereffective|p2a: Shaymin\n|-crit|p2a: Shaymin\n|-damage|p2a: Shaymin|110/266\n|-supereffective|p2a: Shaymin\n|-damage|p2a: Shaymin|0 fnt\n|faint|p2a: Shaymin\n|-hitcount|p2: Shaymin|2\n|\n|upkeep\n|\n|t:|1733872899\n|switch|p2a: Magmortar|Magmortar, L88, F|275/275\n|turn|2\n|\n|t:|1733872910\n|switch|p1a: Palafin|Palafin, L77, M|281/281\n|move|p2a: Magmortar|Fire Blast|p1a: Palafin\n|-resisted|p1a: Palafin\n|-crit|p1a: Palafin\n|-damage|p1a: Palafin|34/281\n|\n|-heal|p1a: Palafin|51/281|[from] item: Leftovers\n|upkeep\n|turn|3\n|\n|t:|1733872926\n|detailschange|p1a: Palafin|Palafin-Hero, L77, M\n|switch|p1a: Persian|Persian, L92, F|269/269\n|move|p2a: Magmortar|Fire Blast|p1a: Persian\n|-damage|p1a: Persian|23/269\n|\n|upkeep\n|turn|4\n|\n|t:|1733872942\n|switch|p2a: Pincurchin|Pincurchin, M|258/258\n|-fieldstart|move: Electric Terrain|[from] ability: Electric Surge|[of] p2a: Pincurchin\n|move|p1a: Persian|Double-Edge|p2a: Pincurchin\n|-damage|p2a: Pincurchin|129/258\n|-damage|p1a: Persian|0 fnt|[from] Recoil\n|faint|p1a: Persian\n|\n|-heal|p2a: Pincurchin|145/258|[from] item: Leftovers\n|upkeep\n|\n|t:|1733872953\n|switch|p1a: Meowscarada|Meowscarada, L78, F|247/247\n|turn|5\n|\n|t:|1733872958\n|move|p1a: Meowscarada|Flower Trick|p2a: Pincurchin\n|-start|p1a: Meowscarada|typechange|Grass|[from] ability: Protean\n|-crit|p2a: Pincurchin\n|-damage|p2a: Pincurchin|52/258\n|move|p2a: Pincurchin|Toxic Spikes|p1a: Meowscarada\n|-sidestart|p1: bigpooper1|move: Toxic Spikes\n|\n|-heal|p2a: Pincurchin|68/258|[from] item: Leftovers\n|upkeep\n|turn|6\n|\n|t:|1733872978\n|move|p1a: Meowscarada|Flower Trick|p2a: Pincurchin\n|-crit|p2a: Pincurchin\n|-damage|p2a: Pincurchin|0 fnt\n|faint|p2a: Pincurchin\n|\n|upkeep\n|\n|t:|1733872983\n|switch|p2a: Magmortar|Magmortar, L88, F|275/275\n|turn|7\n|\n|t:|1733872998\n|move|p1a: Meowscarada|Toxic Spikes|p2a: Magmortar\n|-sidestart|p2: mizuno44|move: Toxic Spikes\n|move|p2a: Magmortar|Fire Blast|p1a: Meowscarada\n|-supereffective|p1a: Meowscarada\n|-enditem|p1a: Meowscarada|Focus Sash\n|-damage|p1a: Meowscarada|1/247\n|-status|p1a: Meowscarada|brn\n|\n|-damage|p1a: Meowscarada|0 fnt|[from] brn\n|faint|p1a: Meowscarada\n|upkeep\n|\n|t:|1733873010\n|switch|p1a: Palafin|Palafin-Hero, L77, M|51/281\n|-status|p1a: Palafin|psn\n|-activate|p1a: Palafin|ability: Zero to Hero\n|turn|8\n|c|\u2606mizuno44|does meow learn every move\n|c|\u2606mizuno44|thats crazy\n|\n|t:|1733873031\n|switch|p2a: Leavanny|Leavanny, L86, M|269/269\n|move|p1a: Palafin|Jet Punch|p2a: Leavanny\n|-resisted|p2a: Leavanny\n|-damage|p2a: Leavanny|231/269\n|\n|-heal|p1a: Palafin|68/281 psn|[from] item: Leftovers\n|-damage|p1a: Palafin|33/281 psn|[from] psn\n|-fieldend|move: Electric Terrain\n|upkeep\n|turn|9\n|\n|t:|1733873040\n|move|p2a: Leavanny|Sticky Web|p1a: Palafin\n|-sidestart|p1: bigpooper1|move: Sticky Web\n|move|p1a: Palafin|Ice Punch|p2a: Leavanny\n|-supereffective|p2a: Leavanny\n|-damage|p2a: Leavanny|93/269\n|\n|-heal|p1a: Palafin|50/281 psn|[from] item: Leftovers\n|-damage|p1a: Palafin|15/281 psn|[from] psn\n|upkeep\n|turn|10\n|\n|t:|1733873053\n|move|p1a: Palafin|Jet Punch|p2a: Leavanny\n|-resisted|p2a: Leavanny\n|-crit|p2a: Leavanny\n|-damage|p2a: Leavanny|27/269\n|move|p2a: Leavanny|Knock Off|p1a: Palafin\n|-damage|p1a: Palafin|0 fnt\n|-enditem|p1a: Palafin|Leftovers|[from] move: Knock Off|[of] p2a: Leavanny\n|faint|p1a: Palafin\n|\n|upkeep\n|\n|t:|1733873065\n|switch|p1a: Ninetales|Ninetales-Alola, L78, F|242/242\n|-status|p1a: Ninetales|psn\n|-activate|p1a: Ninetales|move: Sticky Web\n|-unboost|p1a: Ninetales|spe|1\n|-weather|Snow|[from] ability: Snow Warning|[of] p1a: Ninetales\n|turn|11\n|\n|t:|1733873077\n|move|p2a: Leavanny|Lunge|p1a: Ninetales\n|-resisted|p1a: Ninetales\n|-damage|p1a: Ninetales|190/242 psn\n|-unboost|p1a: Ninetales|atk|1\n|move|p1a: Ninetales|Aurora Veil|p1a: Ninetales\n|-sidestart|p1: bigpooper1|move: Aurora Veil\n|\n|-weather|Snow|[upkeep]\n|-damage|p1a: Ninetales|160/242 psn|[from] psn\n|upkeep\n|turn|12\n|\n|t:|1733873087\n|move|p2a: Leavanny|Knock Off|p1a: Ninetales\n|-resisted|p1a: Ninetales\n|-crit|p1a: Ninetales\n|-damage|p1a: Ninetales|117/242 psn\n|-enditem|p1a: Ninetales|Light Clay|[from] move: Knock Off|[of] p2a: Leavanny\n|move|p1a: Ninetales|Blizzard|p2a: Leavanny\n|-supereffective|p2a: Leavanny\n|-damage|p2a: Leavanny|0 fnt\n|faint|p2a: Leavanny\n|\n|-weather|Snow|[upkeep]\n|-damage|p1a: Ninetales|87/242 psn|[from] psn\n|upkeep\n|inactive|mizuno44 has 120 seconds left.\n|\n|t:|1733873115\n|switch|p2a: Ting-Lu|Ting-Lu, L78|370/370\n|-status|p2a: Ting-Lu|psn\n|-ability|p2a: Ting-Lu|Vessel of Ruin\n|turn|13\n|inactive|mizuno44 has 120 seconds left.\n|\n|t:|1733873129\n|-terastallize|p2a: Ting-Lu|Ghost\n|move|p1a: Ninetales|Blizzard|p2a: Ting-Lu\n|-damage|p2a: Ting-Lu|289/370 psn\n|move|p2a: Ting-Lu|Whirlwind|p1a: Ninetales\n|drag|p1a: Mienshao|Mienshao, L83, M|244/244\n|-status|p1a: Mienshao|psn\n|-activate|p1a: Mienshao|move: Sticky Web\n|-unboost|p1a: Mienshao|spe|1\n|\n|-weather|Snow|[upkeep]\n|-heal|p2a: Ting-Lu|312/370 psn|[from] item: Leftovers\n|-damage|p1a: Mienshao|214/244 psn|[from] psn\n|-damage|p2a: Ting-Lu|266/370 psn|[from] psn\n|upkeep\n|turn|14\n|inactive|mizuno44 has 120 seconds left.\n|\n|t:|1733873148\n|move|p1a: Mienshao|Knock Off|p2a: Ting-Lu\n|-supereffective|p2a: Ting-Lu\n|-damage|p2a: Ting-Lu|81/370 psn\n|-enditem|p2a: Ting-Lu|Leftovers|[from] move: Knock Off|[of] p1a: Mienshao\n|-damage|p1a: Mienshao|190/244 psn|[from] item: Life Orb\n|move|p2a: Ting-Lu|Earthquake|p1a: Mienshao\n|-damage|p1a: Mienshao|121/244 psn\n|\n|-weather|Snow|[upkeep]\n|-damage|p1a: Mienshao|91/244 psn|[from] psn\n|-damage|p2a: Ting-Lu|35/370 psn|[from] psn\n|upkeep\n|turn|15\n|inactive|mizuno44 has 120 seconds left.\n|\n|t:|1733873165\n|move|p1a: Mienshao|Knock Off|p2a: Ting-Lu\n|-supereffective|p2a: Ting-Lu\n|-damage|p2a: Ting-Lu|0 fnt\n|faint|p2a: Ting-Lu\n|-damage|p1a: Mienshao|67/244 psn|[from] item: Life Orb\n|\n|-weather|none\n|-damage|p1a: Mienshao|37/244 psn|[from] psn\n|upkeep\n|\n|t:|1733873173\n|switch|p2a: Hitmonlee|Hitmonlee, L85, M|223/223\n|-status|p2a: Hitmonlee|psn\n|turn|16\n|inactive|mizuno44 has 120 seconds left.\n|\n|t:|1733873197\n|switch|p1a: Vivillon|Vivillon, L84, F|272/272\n|move|p2a: Hitmonlee|High Jump Kick|p1a: Vivillon\n|-resisted|p1a: Vivillon\n|-damage|p1a: Vivillon|217/272\n|\n|-damage|p2a: Hitmonlee|196/223 psn|[from] psn\n|upkeep\n|turn|17\n|\n|t:|1733873204\n|switch|p2a: Magmortar|Magmortar, L88, F|275/275\n|-status|p2a: Magmortar|psn\n|move|p1a: Vivillon|Sleep Powder||[still]\n|-fail|p1a: Vivillon\n|\n|-damage|p2a: Magmortar|241/275 psn|[from] psn\n|upkeep\n|turn|18\n|\n|t:|1733873222\n|-terastallize|p1a: Vivillon|Ground\n|move|p1a: Vivillon|Quiver Dance|p1a: Vivillon\n|-boost|p1a: Vivillon|spa|1\n|-boost|p1a: Vivillon|spd|1\n|-boost|p1a: Vivillon|spe|1\n|move|p2a: Magmortar|Thunderbolt|p1a: Vivillon\n|-immune|p1a: Vivillon\n|\n|-damage|p2a: Magmortar|207/275 psn|[from] psn\n|-sideend|p1: bigpooper1|move: Aurora Veil\n|upkeep\n|turn|19\n|\n|t:|1733873231\n|switch|p2a: Hitmonlee|Hitmonlee, L85, M|196/223 psn\n|move|p1a: Vivillon|Tera Blast|p2a: Hitmonlee|[anim] Tera Blast Ground\n|-damage|p2a: Hitmonlee|91/223 psn\n|\n|-damage|p2a: Hitmonlee|64/223 psn|[from] psn\n|upkeep\n|turn|20\n|\n|t:|1733873239\n|move|p2a: Hitmonlee|Mach Punch|p1a: Vivillon\n|-crit|p1a: Vivillon\n|-damage|p1a: Vivillon|49/272\n|move|p1a: Vivillon|Tera Blast|p2a: Hitmonlee|[anim] Tera Blast Ground\n|-damage|p2a: Hitmonlee|0 fnt\n|faint|p2a: Hitmonlee\n|\n|upkeep\n|\n|t:|1733873245\n|switch|p2a: Magmortar|Magmortar, L88, F|207/275 psn\n|turn|21\n|\n|t:|1733873251\n|move|p1a: Vivillon|Tera Blast|p2a: Magmortar|[anim] Tera Blast Ground\n|-supereffective|p2a: Magmortar\n|-damage|p2a: Magmortar|0 fnt\n|faint|p2a: Magmortar\n|\n|win|bigpooper1\n|raw|bigpooper1's rating: 1363 &rarr; <strong>1385</strong><br />(+22 for winning)\n|raw|mizuno44's rating: 1400 &rarr; <strong>1378</strong><br />(-22 for losing)\n|l|\u2606mizuno44\n|player|p2|\n", "inputlog": ">version bfd83cad13791eb5a5a409923076391caf6fb4d4\n>start {\"formatid\":\"gen9randombattle\",\"seed\":[17858,58534,62579,26976],\"rated\":\"Rated battle\"}\n>player p1 {\"name\":\"bigpooper1\",\"avatar\":\"lance\",\"rating\":1363,\"seed\":[12847,31480,64711,28272]}\n>player p2 {\"name\":\"mizuno44\",\"avatar\":\"1\",\"rating\":1400,\"seed\":[36659,60585,51732,19289]}\n>p1 move tripleaxel\n>p2 move airslash\n>p2 switch 4\n>p1 switch 2\n>p2 move fireblast\n>p1 switch 5\n>p2 move fireblast\n>p1 move doubleedge\n>p2 switch 2\n>p1 switch 2\n>p1 move flowertrick\n>p2 move toxicspikes\n>p1 move flowertrick\n>p2 move recover\n>p2 switch 2\n>p1 move toxicspikes\n>p2 move fireblast\n>p1 switch 5\n>chat \u2606mizuno44|does meow learn every move \n>chat \u2606mizuno44|thats crazy\n>p1 move jetpunch\n>p2 switch 6\n>p1 move icepunch\n>p2 move stickyweb\n>p1 move jetpunch\n>p2 move knockoff\n>p1 switch 6\n>p1 move auroraveil\n>p2 move lunge\n>p1 move blizzard\n>p2 move knockoff\n>p2 switch 5\n>p1 move blizzard\n>p2 move whirlwind terastallize\n>p1 move knockoff\n>p2 move earthquake\n>p1 move knockoff\n>p2 move earthquake\n>p2 switch 3\n>p1 switch 4\n>p2 move highjumpkick\n>p1 move sleeppowder\n>p2 switch 6\n>p1 move quiverdance terastallize\n>p2 move thunderbolt\n>p1 move terablast\n>p2 switch 6\n>p1 move terablast\n>p2 move machpunch\n>p2 switch 6\n>p1 move terablast\n>p2 move fireblast", "uploadtime": 1733873257, "views": 1, "formatid": "gen9randombattle", "rating": 1378, "private": 0, "password": null}