{"id": "gen9randombattle-2260665079", "format": "[Gen 9] Random Battle", "players": ["DeadByDaylight", "sodpnw"], "log": "|j|\u2606DeadByDaylight\n|j|\u2606sodpnw\n|t:|1733875676\n|gametype|singles\n|player|p1|DeadByDaylight|lady-gen4|1359\n|player|p2|sodpnw|1|1405\n|teamsize|p1|6\n|teamsize|p2|6\n|gen|9\n|tier|[Gen 9] Random Battle\n|rated|\n|rule|Species Clause: Limit one of each Pok\u00e9mon\n|rule|HP Percentage Mod: HP is shown in percentages\n|rule|Sleep Clause Mod: Limit one foe put to sleep\n|rule|Illusion Level Mod: Illusion disguises the Pok\u00e9mon's true level\n|\n|t:|1733875676\n|start\n|switch|p1a: Basculin|Basculin-Blue-Striped, L86, M|261/261\n|switch|p2a: Bombirdier|Bombirdier, L85, F|258/258\n|turn|1\n|\n|t:|1733875692\n|switch|p2a: Shiftry|Shiftry, L89, F|305/305\n|move|p1a: Basculin|Double-Edge|p2a: Shiftry\n|-damage|p2a: Shiftry|140/305\n|-damage|p1a: Basculin|207/261|[from] Recoil\n|\n|upkeep\n|turn|2\n|\n|t:|1733875703\n|move|p1a: Basculin|Double-Edge|p2a: Shiftry\n|-damage|p2a: Shiftry|0 fnt\n|faint|p2a: Shiftry\n|-damage|p1a: Basculin|161/261|[from] Recoil\n|\n|upkeep\n|inactive|Battle timer is ON: inactive players will automatically lose when time's up. (requested by sodpnw)\n|\n|t:|1733875711\n|switch|p2a: Skeledirge|Skeledirge, L79, F|294/294\n|turn|3\n|\n|t:|1733875725\n|switch|p1a: Salazzle|Salazzle, L83, F|249/249\n|move|p2a: Skeledirge|Torch Song|p1a: Salazzle\n|-resisted|p1a: Salazzle\n|-damage|p1a: Salazzle|198/249\n|-boost|p2a: Skeledirge|spa|1\n|\n|upkeep\n|turn|4\n|\n|t:|1733875739\n|switch|p2a: Bombirdier|Bombirdier, L85, F|258/258\n|move|p1a: Salazzle|Nasty Plot|p1a: Salazzle\n|-boost|p1a: Salazzle|spa|2\n|\n|upkeep\n|turn|5\n|\n|t:|1733875748\n|switch|p2a: Skeledirge|Skeledirge, L79, F|294/294\n|move|p1a: Salazzle|Fire Blast|p2a: Skeledirge\n|-resisted|p2a: Skeledirge\n|-damage|p2a: Skeledirge|212/294\n|\n|upkeep\n|turn|6\n|\n|t:|1733875756\n|move|p1a: Salazzle|Sludge Wave|p2a: Skeledirge\n|-resisted|p2a: Skeledirge\n|-damage|p2a: Skeledirge|146/294\n|-status|p2a: Skeledirge|psn\n|move|p2a: Skeledirge|Flame Charge|p1a: Salazzle\n|-resisted|p1a: Salazzle\n|-damage|p1a: Salazzle|174/249\n|-boost|p2a: Skeledirge|spe|1\n|\n|-damage|p2a: Skeledirge|110/294 psn|[from] psn\n|upkeep\n|turn|7\n|\n|t:|1733875764\n|move|p1a: Salazzle|Fire Blast|p2a: Skeledirge\n|-resisted|p2a: Skeledirge\n|-damage|p2a: Skeledirge|31/294 psn\n|move|p2a: Skeledirge|Slack Off|p2a: Skeledirge\n|-heal|p2a: Skeledirge|178/294 psn\n|\n|-damage|p2a: Skeledirge|142/294 psn|[from] psn\n|upkeep\n|turn|8\n|\n|t:|1733875770\n|move|p1a: Salazzle|Fire Blast|p2a: Skeledirge\n|-resisted|p2a: Skeledirge\n|-damage|p2a: Skeledirge|67/294 psn\n|move|p2a: Skeledirge|Flame Charge|p1a: Salazzle\n|-resisted|p1a: Salazzle\n|-damage|p1a: Salazzle|149/249\n|-boost|p2a: Skeledirge|spe|1\n|\n|-damage|p2a: Skeledirge|31/294 psn|[from] psn\n|upkeep\n|turn|9\n|\n|t:|1733875779\n|move|p2a: Skeledirge|Slack Off|p2a: Skeledirge\n|-heal|p2a: Skeledirge|178/294 psn\n|move|p1a: Salazzle|Fire Blast|p2a: Skeledirge\n|-resisted|p2a: Skeledirge\n|-damage|p2a: Skeledirge|104/294 psn\n|\n|-damage|p2a: Skeledirge|68/294 psn|[from] psn\n|upkeep\n|turn|10\n|\n|t:|1733875782\n|move|p2a: Skeledirge|Slack Off|p2a: Skeledirge\n|-heal|p2a: Skeledirge|215/294 psn\n|move|p1a: Salazzle|Fire Blast|p2a: Skeledirge|[miss]\n|-miss|p1a: Salazzle|p2a: Skeledirge\n|\n|-damage|p2a: Skeledirge|179/294 psn|[from] psn\n|upkeep\n|turn|11\n|\n|t:|1733875789\n|switch|p1a: Basculin|Basculin-Blue-Striped, L86, M|161/261\n|move|p2a: Skeledirge|Torch Song|p1a: Basculin\n|-resisted|p1a: Basculin\n|-damage|p1a: Basculin|109/261\n|-boost|p2a: Skeledirge|spa|1\n|\n|-damage|p2a: Skeledirge|143/294 psn|[from] psn\n|upkeep\n|turn|12\n|\n|t:|1733875795\n|move|p2a: Skeledirge|Shadow Ball|p1a: Basculin\n|-damage|p1a: Basculin|0 fnt\n|faint|p1a: Basculin\n|\n|-damage|p2a: Skeledirge|107/294 psn|[from] psn\n|upkeep\n|\n|t:|1733875812\n|switch|p1a: Comfey|Comfey, L85, M|225/225\n|turn|13\n|\n|t:|1733875819\n|move|p2a: Skeledirge|Slack Off|p2a: Skeledirge\n|-heal|p2a: Skeledirge|254/294 psn\n|move|p1a: Comfey|Calm Mind|p1a: Comfey\n|-boost|p1a: Comfey|spa|1\n|-boost|p1a: Comfey|spd|1\n|\n|-damage|p2a: Skeledirge|218/294 psn|[from] psn\n|upkeep\n|turn|14\n|\n|t:|1733875824\n|move|p2a: Skeledirge|Torch Song|p1a: Comfey\n|-damage|p1a: Comfey|125/225\n|-boost|p2a: Skeledirge|spa|1\n|move|p1a: Comfey|Calm Mind|p1a: Comfey\n|-boost|p1a: Comfey|spa|1\n|-boost|p1a: Comfey|spd|1\n|\n|-heal|p1a: Comfey|139/225|[from] item: Leftovers\n|-damage|p2a: Skeledirge|182/294 psn|[from] psn\n|upkeep\n|turn|15\n|\n|t:|1733875832\n|move|p2a: Skeledirge|Torch Song|p1a: Comfey\n|-damage|p1a: Comfey|0 fnt\n|-boost|p2a: Skeledirge|spa|1\n|faint|p1a: Comfey\n|\n|-damage|p2a: Skeledirge|146/294 psn|[from] psn\n|upkeep\n|\n|t:|1733875835\n|switch|p1a: Garchomp|Garchomp, L74, F|282/282\n|turn|16\n|\n|t:|1733875841\n|-terastallize|p2a: Skeledirge|Water\n|move|p2a: Skeledirge|Slack Off|p2a: Skeledirge\n|-heal|p2a: Skeledirge|293/294 psn\n|move|p1a: Garchomp|Earthquake|p2a: Skeledirge\n|-damage|p2a: Skeledirge|193/294 psn\n|\n|-damage|p2a: Skeledirge|157/294 psn|[from] psn\n|upkeep\n|turn|17\n|\n|t:|1733875848\n|move|p2a: Skeledirge|Shadow Ball|p1a: Garchomp\n|-damage|p1a: Garchomp|51/282\n|move|p1a: Garchomp|Earthquake|p2a: Skeledirge\n|-damage|p2a: Skeledirge|61/294 psn\n|\n|-damage|p2a: Skeledirge|25/294 psn|[from] psn\n|upkeep\n|turn|18\n|\n|t:|1733875855\n|move|p2a: Skeledirge|Slack Off|p2a: Skeledirge\n|-heal|p2a: Skeledirge|172/294 psn\n|move|p1a: Garchomp|Earthquake|p2a: Skeledirge\n|-damage|p2a: Skeledirge|70/294 psn\n|\n|-damage|p2a: Skeledirge|34/294 psn|[from] psn\n|upkeep\n|turn|19\n|\n|t:|1733875864\n|move|p2a: Skeledirge|Slack Off|p2a: Skeledirge\n|-heal|p2a: Skeledirge|181/294 psn\n|move|p1a: Garchomp|Scale Shot|p2a: Skeledirge\n|-damage|p2a: Skeledirge|157/294 psn\n|-damage|p2a: Skeledirge|130/294 psn\n|-damage|p2a: Skeledirge|105/294 psn\n|-damage|p2a: Skeledirge|77/294 psn\n|-damage|p2a: Skeledirge|52/294 psn\n|-hitcount|p2a: Skeledirge|5\n|-unboost|p1a: Garchomp|def|1\n|-boost|p1a: Garchomp|spe|1\n|\n|-damage|p2a: Skeledirge|16/294 psn|[from] psn\n|upkeep\n|turn|20\n|\n|t:|1733875871\n|move|p2a: Skeledirge|Torch Song|p1a: Garchomp\n|-resisted|p1a: Garchomp\n|-damage|p1a: Garchomp|0 fnt\n|-boost|p2a: Skeledirge|spa|1\n|faint|p1a: Garchomp\n|\n|-damage|p2a: Skeledirge|0 fnt|[from] psn\n|faint|p2a: Skeledirge\n|upkeep\n|\n|t:|1733875883\n|switch|p1a: Duraludon|Duraludon, L82, F|249/249\n|switch|p2a: Goodra|Goodra-Hisui, L82, M|265/265\n|turn|21\n|\n|t:|1733875907\n|move|p1a: Duraludon|Body Press|p2a: Goodra\n|-supereffective|p2a: Goodra\n|-damage|p2a: Goodra|161/265\n|move|p2a: Goodra|Earthquake|p1a: Duraludon\n|-supereffective|p1a: Duraludon\n|-damage|p1a: Duraludon|165/249\n|\n|upkeep\n|turn|22\n|\n|t:|1733875915\n|move|p1a: Duraludon|Body Press|p2a: Goodra\n|-supereffective|p2a: Goodra\n|-damage|p2a: Goodra|55/265\n|move|p2a: Goodra|Draco Meteor|p1a: Duraludon\n|-damage|p1a: Duraludon|14/249\n|-unboost|p2a: Goodra|spa|2\n|\n|upkeep\n|turn|23\n|\n|t:|1733875921\n|move|p1a: Duraludon|Body Press|p2a: Goodra\n|-supereffective|p2a: Goodra\n|-damage|p2a: Goodra|0 fnt\n|faint|p2a: Goodra\n|\n|upkeep\n|\n|t:|1733875925\n|switch|p2a: Magearna|Magearna-Original, L77|250/250\n|turn|24\n|\n|t:|1733875930\n|move|p2a: Magearna|Shift Gear|p2a: Magearna\n|-boost|p2a: Magearna|spe|2\n|-boost|p2a: Magearna|atk|1\n|move|p1a: Duraludon|Dragon Tail|p2a: Magearna\n|-immune|p2a: Magearna\n|\n|upkeep\n|turn|25\n|\n|t:|1733875938\n|move|p2a: Magearna|Calm Mind|p2a: Magearna\n|-boost|p2a: Magearna|spa|1\n|-boost|p2a: Magearna|spd|1\n|move|p1a: Duraludon|Body Press|p2a: Magearna\n|-damage|p2a: Magearna|200/250\n|\n|-heal|p2a: Magearna|215/250|[from] item: Leftovers\n|upkeep\n|turn|26\n|\n|t:|1733875944\n|switch|p1a: Salazzle|Salazzle, L83, F|149/249\n|move|p2a: Magearna|Calm Mind|p2a: Magearna\n|-boost|p2a: Magearna|spa|1\n|-boost|p2a: Magearna|spd|1\n|\n|-heal|p2a: Magearna|230/250|[from] item: Leftovers\n|upkeep\n|turn|27\n|\n|t:|1733875951\n|move|p2a: Magearna|Fleur Cannon|p1a: Salazzle\n|-resisted|p1a: Salazzle\n|-damage|p1a: Salazzle|58/249\n|-unboost|p2a: Magearna|spa|2\n|move|p1a: Salazzle|Fire Blast|p2a: Magearna\n|-supereffective|p2a: Magearna\n|-damage|p2a: Magearna|114/250\n|\n|-heal|p2a: Magearna|129/250|[from] item: Leftovers\n|upkeep\n|turn|28\n|\n|t:|1733875962\n|move|p2a: Magearna|Calm Mind|p2a: Magearna\n|-boost|p2a: Magearna|spa|1\n|-boost|p2a: Magearna|spd|1\n|move|p1a: Salazzle|Fire Blast|p2a: Magearna\n|-supereffective|p2a: Magearna\n|-damage|p2a: Magearna|33/250\n|\n|-heal|p2a: Magearna|48/250|[from] item: Leftovers\n|upkeep\n|turn|29\n|\n|t:|1733875972\n|move|p2a: Magearna|Fleur Cannon|p1a: Salazzle|[miss]\n|-miss|p2a: Magearna|p1a: Salazzle\n|move|p1a: Salazzle|Fire Blast|p2a: Magearna\n|-supereffective|p2a: Magearna\n|-damage|p2a: Magearna|0 fnt\n|faint|p2a: Magearna\n|\n|upkeep\n|\n|t:|1733875981\n|switch|p2a: Bombirdier|Bombirdier, L85, F|258/258\n|turn|30\n|\n|t:|1733876001\n|switch|p1a: Duraludon|Duraludon, L82, F|14/249\n|move|p2a: Bombirdier|Knock Off|p1a: Duraludon\n|-damage|p1a: Duraludon|0 fnt\n|-enditem|p1a: Duraludon|Eviolite|[from] move: Knock Off|[of] p2a: Bombirdier\n|faint|p1a: Duraludon\n|\n|upkeep\n|\n|t:|1733876007\n|switch|p1a: Salazzle|Salazzle, L83, F|58/249\n|turn|31\n|\n|t:|1733876010\n|move|p1a: Salazzle|Sludge Wave|p2a: Bombirdier\n|-damage|p2a: Bombirdier|147/258\n|move|p2a: Bombirdier|Knock Off|p1a: Salazzle\n|-damage|p1a: Salazzle|0 fnt\n|-enditem|p1a: Salazzle|Heavy-Duty Boots|[from] move: Knock Off|[of] p2a: Bombirdier\n|faint|p1a: Salazzle\n|\n|upkeep\n|\n|t:|1733876013\n|switch|p1a: Mewtwo|Mewtwo, L72|272/272\n|-ability|p1a: Mewtwo|Unnerve\n|turn|32\n|\n|t:|1733876019\n|move|p1a: Mewtwo|Fire Blast|p2a: Bombirdier\n|-damage|p2a: Bombirdier|15/258\n|move|p2a: Bombirdier|Knock Off|p1a: Mewtwo\n|-supereffective|p1a: Mewtwo\n|-damage|p1a: Mewtwo|0 fnt\n|-enditem|p1a: Mewtwo|Choice Specs|[from] move: Knock Off|[of] p2a: Bombirdier\n|faint|p1a: Mewtwo\n|\n|win|sodpnw\n|raw|DeadByDaylight's rating: 1359 &rarr; <strong>1342</strong><br />(-17 for losing)\n|raw|sodpnw's rating: 1405 &rarr; <strong>1422</strong><br />(+17 for winning)\n|l|\u2606DeadByDaylight\n|player|p1|\n", "inputlog": ">version bfd83cad13791eb5a5a409923076391caf6fb4d4\n>start {\"formatid\":\"gen9randombattle\",\"seed\":[53647,14825,41385,60305],\"rated\":\"Rated battle\"}\n>player p1 {\"name\":\"DeadByDaylight\",\"avatar\":\"lady-gen4\",\"rating\":1359,\"seed\":[48962,44433,4991,50459]}\n>player p2 {\"name\":\"sodpnw\",\"avatar\":\"1\",\"rating\":1405,\"seed\":[18251,31463,4370,13004]}\n>p1 move doubleedge\n>p2 switch 5\n>p1 move doubleedge\n>p2 move leafblade\n>p2 switch 3\n>p1 switch 4\n>p2 move torchsong\n>p1 move nastyplot\n>p2 switch 5\n>p1 move fireblast\n>p2 switch 5\n>p1 move sludgewave\n>p2 move flamecharge\n>p1 move fireblast\n>p2 move slackoff\n>p1 move fireblast\n>p2 move flamecharge\n>p1 move fireblast\n>p2 move slackoff\n>p1 move fireblast\n>p2 move slackoff\n>p1 switch 4\n>p2 move torchsong\n>p1 move wavecrash\n>p2 move shadowball\n>p1 switch 5\n>p1 move calmmind\n>p2 move slackoff\n>p1 move calmmind\n>p2 move torchsong\n>p1 move calmmind\n>p2 move torchsong\n>p1 switch 3\n>p1 move earthquake\n>p2 move slackoff terastallize\n>p1 move earthquake\n>p2 move shadowball\n>p1 move earthquake\n>p2 move slackoff\n>p1 move scaleshot\n>p2 move slackoff\n>p1 move scaleshot\n>p2 move torchsong\n>p1 switch 2\n>p2 switch 6\n>p1 move bodypress\n>p2 move earthquake\n>p1 move bodypress\n>p2 move dracometeor\n>p1 move bodypress\n>p2 move earthquake\n>p2 switch 4\n>p1 move dragontail\n>p2 move shiftgear\n>p1 move bodypress\n>p2 move calmmind\n>p1 switch 4\n>p2 move calmmind\n>p1 move fireblast\n>p2 move fleurcannon\n>p1 move fireblast\n>p2 move calmmind\n>p1 move fireblast\n>p2 move fleurcannon\n>p2 switch 5\n>p1 switch 4\n>p2 move knockoff\n>p1 switch 4\n>p1 move sludgewave\n>p2 move knockoff\n>p1 switch 6\n>p1 move fireblast\n>p2 move knockoff", "uploadtime": 1733876024, "views": 1, "formatid": "gen9randombattle", "rating": 1342, "private": 0, "password": null}