{"id": "gen9randombattle-2260622422", "format": "[Gen 9] Random Battle", "players": ["ojkhbhd2", "myOUusername"], "log": "|j|\u2606ojkhbhd2\n|j|\u2606myOUusername\n|t:|1733870422\n|gametype|singles\n|player|p1|ojkhbhd2|1|1778\n|player|p2|myOUusername|1|1811\n|teamsize|p1|6\n|teamsize|p2|6\n|gen|9\n|tier|[Gen 9] Random Battle\n|rated|\n|rule|Species Clause: Limit one of each Pok\u00e9mon\n|rule|HP Percentage Mod: HP is shown in percentages\n|rule|Sleep Clause Mod: Limit one foe put to sleep\n|rule|Illusion Level Mod: Illusion disguises the Pok\u00e9mon's true level\n|\n|t:|1733870422\n|start\n|switch|p1a: Amoonguss|Amoonguss, L82, M|321/321\n|switch|p2a: Luxray|Luxray, L88, M|283/283\n|turn|1\n|inactive|Battle timer is ON: inactive players will automatically lose when time's up. (requested by myOUusername)\n|inactive|myOUusername has 120 seconds left.\n|\n|t:|1733870476\n|switch|p2a: Wyrdeer|Wyrdeer, L87, M|321/321\n|-ability|p2a: Wyrdeer|Intimidate|boost\n|-unboost|p1a: Amoonguss|atk|1\n|move|p1a: Amoonguss|Spore|p2a: Wyrdeer\n|-status|p2a: Wyrdeer|slp|[from] move: Spore\n|\n|upkeep\n|turn|2\n|\n|t:|1733870505\n|switch|p2a: Luxray|Luxray, L88, M|283/283\n|switch|p1a: Iron Jugulis|Iron Jugulis, L78|275/275\n|\n|-status|p2a: Luxray|brn|[from] item: Flame Orb\n|upkeep\n|turn|3\n|inactive|ojkhbhd2 has 120 seconds left.\n|\n|t:|1733870541\n|move|p1a: Iron Jugulis|Meteor Beam||[still]\n|-prepare|p1a: Iron Jugulis|Meteor Beam\n|-boost|p1a: Iron Jugulis|spa|1\n|-enditem|p1a: Iron Jugulis|Power Herb\n|-anim|p1a: Iron Jugulis|Meteor Beam|p2a: Luxray\n|-damage|p2a: Luxray|137/283 brn\n|move|p2a: Luxray|Supercell Slam|p1a: Iron Jugulis\n|-supereffective|p1a: Iron Jugulis\n|-damage|p1a: Iron Jugulis|0 fnt\n|faint|p1a: Iron Jugulis\n|-end|p1a: Iron Jugulis|Quark Drive|[silent]\n|\n|-damage|p2a: Luxray|120/283 brn|[from] brn\n|upkeep\n|\n|t:|1733870560\n|switch|p1a: Delphox|Delphox, L84, F|263/263\n|turn|4\n|\n|t:|1733870572\n|switch|p2a: Porygon2|Porygon2, L82|274/274\n|-ability|p2a: Porygon2|Download|boost\n|-boost|p2a: Porygon2|atk|1\n|move|p1a: Delphox|Fire Blast|p2a: Porygon2\n|-damage|p2a: Porygon2|154/274\n|-status|p2a: Porygon2|brn\n|\n|-damage|p2a: Porygon2|137/274 brn|[from] brn\n|upkeep\n|turn|5\n|\n|t:|1733870577\n|move|p1a: Delphox|Fire Blast|p2a: Porygon2|[miss]\n|-miss|p1a: Delphox|p2a: Porygon2\n|move|p2a: Porygon2|Recover|p2a: Porygon2\n|-heal|p2a: Porygon2|274/274 brn\n|\n|-damage|p2a: Porygon2|257/274 brn|[from] brn\n|upkeep\n|turn|6\n|\n|t:|1733870580\n|move|p1a: Delphox|Fire Blast|p2a: Porygon2\n|-damage|p2a: Porygon2|131/274 brn\n|move|p2a: Porygon2|Thunder Wave|p1a: Delphox|[miss]\n|-miss|p2a: Porygon2|p1a: Delphox\n|\n|-damage|p2a: Porygon2|114/274 brn|[from] brn\n|upkeep\n|turn|7\n|\n|t:|1733870586\n|switch|p2a: Manaphy|Manaphy, L78|284/284\n|move|p1a: Delphox|Fire Blast|p2a: Manaphy\n|-resisted|p2a: Manaphy\n|-damage|p2a: Manaphy|192/284\n|\n|-heal|p2a: Manaphy|209/284|[from] item: Leftovers\n|upkeep\n|turn|8\n|\n|t:|1733870597\n|switch|p1a: Amoonguss|Amoonguss, L82, M|321/321\n|move|p2a: Manaphy|Tail Glow|p2a: Manaphy\n|-boost|p2a: Manaphy|spa|3\n|\n|-heal|p2a: Manaphy|226/284|[from] item: Leftovers\n|upkeep\n|turn|9\n|\n|t:|1733870602\n|move|p2a: Manaphy|Ice Beam|p1a: Amoonguss\n|-supereffective|p1a: Amoonguss\n|-damage|p1a: Amoonguss|21/321\n|move|p1a: Amoonguss|Clear Smog|p2a: Manaphy\n|-damage|p2a: Manaphy|183/284\n|-clearboost|p2a: Manaphy\n|\n|-heal|p2a: Manaphy|200/284|[from] item: Leftovers\n|-heal|p1a: Amoonguss|41/321|[from] item: Leftovers\n|upkeep\n|turn|10\n|inactive|myOUusername has 120 seconds left.\n|\n|t:|1733870633\n|switch|p1a: Pyroar|Pyroar, L88, M|295/295\n|-ability|p1a: Pyroar|Unnerve\n|move|p2a: Manaphy|Hydro Pump|p1a: Pyroar|[miss]\n|-miss|p2a: Manaphy|p1a: Pyroar\n|\n|-heal|p2a: Manaphy|217/284|[from] item: Leftovers\n|upkeep\n|turn|11\n|inactive|myOUusername has 120 seconds left.\n|\n|t:|1733870650\n|move|p1a: Pyroar|Hyper Voice|p2a: Manaphy\n|-damage|p2a: Manaphy|94/284\n|move|p2a: Manaphy|Hydro Pump|p1a: Pyroar\n|-supereffective|p1a: Pyroar\n|-damage|p1a: Pyroar|67/295\n|\n|-heal|p2a: Manaphy|111/284|[from] item: Leftovers\n|upkeep\n|turn|12\n|inactive|myOUusername has 120 seconds left.\n|\n|t:|1733870659\n|switch|p2a: Porygon2|Porygon2, L82|114/274 brn\n|-ability|p2a: Porygon2|Download|boost\n|-boost|p2a: Porygon2|spa|1\n|move|p1a: Pyroar|Hyper Voice|p2a: Porygon2\n|-damage|p2a: Porygon2|41/274 brn\n|\n|-damage|p2a: Porygon2|24/274 brn|[from] brn\n|upkeep\n|turn|13\n|\n|t:|1733870665\n|move|p1a: Pyroar|Dark Pulse|p2a: Porygon2\n|-damage|p2a: Porygon2|0 fnt\n|faint|p2a: Porygon2\n|\n|upkeep\n|\n|t:|1733870674\n|switch|p2a: Deoxys|Deoxys-Attack, L72|191/191\n|-ability|p2a: Deoxys|Pressure\n|turn|14\n|\n|t:|1733870680\n|move|p2a: Deoxys|Knock Off|p1a: Pyroar\n|-crit|p1a: Pyroar\n|-damage|p1a: Pyroar|0 fnt\n|-enditem|p1a: Pyroar|Heavy-Duty Boots|[from] move: Knock Off|[of] p2a: Deoxys\n|faint|p1a: Pyroar\n|-damage|p2a: Deoxys|172/191|[from] item: Life Orb\n|\n|upkeep\n|\n|t:|1733870690\n|switch|p1a: Hoopa|Hoopa-Unbound, L80|259/259\n|turn|15\n|\n|t:|1733870704\n|switch|p2a: Florges|Florges-Yellow, L85, F|271/271\n|move|p1a: Hoopa|Hyperspace Fury|p2a: Florges\n|-resisted|p2a: Florges\n|-damage|p2a: Florges|185/271\n|-unboost|p1a: Hoopa|def|1\n|\n|-heal|p2a: Florges|201/271|[from] item: Leftovers\n|upkeep\n|turn|16\n|\n|t:|1733870718\n|switch|p1a: Amoonguss|Amoonguss, L82, M|148/321\n|move|p2a: Florges|Wish|p2a: Florges\n|\n|-heal|p2a: Florges|217/271|[from] item: Leftovers\n|-heal|p1a: Amoonguss|168/321|[from] item: Leftovers\n|upkeep\n|turn|17\n|\n|t:|1733870727\n|switch|p2a: Luxray|Luxray, L88, M|120/283 brn\n|move|p1a: Amoonguss|Sludge Bomb|p2a: Luxray\n|-damage|p2a: Luxray|30/283 brn\n|\n|-heal|p2a: Luxray|165/283 brn|[from] move: Wish|[wisher] Florges\n|-heal|p1a: Amoonguss|188/321|[from] item: Leftovers\n|-damage|p2a: Luxray|148/283 brn|[from] brn\n|upkeep\n|turn|18\n|\n|t:|1733870736\n|move|p2a: Luxray|Facade|p1a: Amoonguss\n|-damage|p1a: Amoonguss|0 fnt\n|faint|p1a: Amoonguss\n|\n|-damage|p2a: Luxray|131/283 brn|[from] brn\n|upkeep\n|\n|t:|1733870747\n|switch|p1a: Delphox|Delphox, L84, F|263/263\n|turn|19\n|\n|t:|1733870753\n|switch|p2a: Wyrdeer|Wyrdeer, L87, M|321/321 slp\n|-ability|p2a: Wyrdeer|Intimidate|boost\n|-unboost|p1a: Delphox|atk|1\n|move|p1a: Delphox|Psyshock|p2a: Wyrdeer\n|-resisted|p2a: Wyrdeer\n|-damage|p2a: Wyrdeer|235/321 slp\n|\n|-heal|p2a: Wyrdeer|255/321 slp|[from] item: Leftovers\n|upkeep\n|turn|20\n|\n|t:|1733870760\n|switch|p1a: Hoopa|Hoopa-Unbound, L80|259/259\n|cant|p2a: Wyrdeer|slp\n|\n|-heal|p2a: Wyrdeer|275/321 slp|[from] item: Leftovers\n|upkeep\n|turn|21\n|\n|t:|1733870764\n|switch|p2a: Florges|Florges-Yellow, L85, F|217/271\n|move|p1a: Hoopa|Hyperspace Fury|p2a: Florges\n|-resisted|p2a: Florges\n|-damage|p2a: Florges|127/271\n|-unboost|p1a: Hoopa|def|1\n|\n|-heal|p2a: Florges|143/271|[from] item: Leftovers\n|upkeep\n|turn|22\n|\n|t:|1733870769\n|switch|p1a: Delphox|Delphox, L84, F|263/263\n|move|p2a: Florges|Wish|p2a: Florges\n|\n|-heal|p2a: Florges|159/271|[from] item: Leftovers\n|upkeep\n|turn|23\n|\n|t:|1733870776\n|move|p2a: Florges|Protect|p2a: Florges\n|-singleturn|p2a: Florges|Protect\n|move|p1a: Delphox|Psyshock|p2a: Florges\n|-activate|p2a: Florges|move: Protect\n|\n|-heal|p2a: Florges|271/271|[from] move: Wish|[wisher] Florges\n|upkeep\n|turn|24\n|\n|t:|1733870779\n|move|p1a: Delphox|Psyshock|p2a: Florges\n|-damage|p2a: Florges|103/271\n|move|p2a: Florges|Wish|p2a: Florges\n|\n|-heal|p2a: Florges|119/271|[from] item: Leftovers\n|upkeep\n|turn|25\n|\n|t:|1733870788\n|switch|p1a: Hoopa|Hoopa-Unbound, L80|259/259\n|move|p2a: Florges|Protect||[still]\n|-fail|p2a: Florges\n|\n|-heal|p2a: Florges|254/271|[from] move: Wish|[wisher] Florges\n|-heal|p2a: Florges|270/271|[from] item: Leftovers\n|upkeep\n|turn|26\n|\n|t:|1733870798\n|switch|p1a: Delphox|Delphox, L84, F|263/263\n|move|p2a: Florges|Protect||[still]\n|-fail|p2a: Florges\n|\n|-heal|p2a: Florges|271/271|[from] item: Leftovers\n|upkeep\n|turn|27\n|\n|t:|1733870818\n|move|p2a: Florges|Protect|p2a: Florges\n|-singleturn|p2a: Florges|Protect\n|move|p1a: Delphox|Psyshock|p2a: Florges\n|-activate|p2a: Florges|move: Protect\n|\n|upkeep\n|turn|28\n|\n|t:|1733870840\n|switch|p2a: Wyrdeer|Wyrdeer, L87, M|275/321 slp\n|-ability|p2a: Wyrdeer|Intimidate|boost\n|-unboost|p1a: Delphox|atk|1\n|move|p1a: Delphox|Psyshock|p2a: Wyrdeer\n|-resisted|p2a: Wyrdeer\n|-damage|p2a: Wyrdeer|195/321 slp\n|\n|-heal|p2a: Wyrdeer|215/321 slp|[from] item: Leftovers\n|upkeep\n|turn|29\n|\n|t:|1733870849\n|switch|p1a: Arceus|Arceus-Dragon, L71|288/288\n|cant|p2a: Wyrdeer|slp\n|\n|-heal|p2a: Wyrdeer|235/321 slp|[from] item: Leftovers\n|upkeep\n|turn|30\n|\n|t:|1733870859\n|move|p1a: Arceus|Calm Mind|p1a: Arceus\n|-boost|p1a: Arceus|spa|1\n|-boost|p1a: Arceus|spd|1\n|-curestatus|p2a: Wyrdeer|slp|[msg]\n|move|p2a: Wyrdeer|Thunder Wave|p1a: Arceus\n|-status|p1a: Arceus|par\n|\n|-heal|p2a: Wyrdeer|255/321|[from] item: Leftovers\n|upkeep\n|turn|31\n|\n|t:|1733870870\n|switch|p2a: Florges|Florges-Yellow, L85, F|271/271\n|cant|p1a: Arceus|par\n|\n|upkeep\n|turn|32\n|\n|t:|1733870876\n|move|p2a: Florges|Calm Mind|p2a: Florges\n|-boost|p2a: Florges|spa|1\n|-boost|p2a: Florges|spd|1\n|move|p1a: Arceus|Sludge Bomb|p2a: Florges\n|-supereffective|p2a: Florges\n|-damage|p2a: Florges|201/271\n|\n|-heal|p2a: Florges|217/271|[from] item: Leftovers\n|upkeep\n|turn|33\n|\n|t:|1733870888\n|move|p2a: Florges|Calm Mind|p2a: Florges\n|-boost|p2a: Florges|spa|1\n|-boost|p2a: Florges|spd|1\n|move|p1a: Arceus|Sludge Bomb|p2a: Florges\n|-supereffective|p2a: Florges\n|-damage|p2a: Florges|165/271\n|\n|-heal|p2a: Florges|181/271|[from] item: Leftovers\n|upkeep\n|turn|34\n|-message|ojkhbhd2 forfeited.\n|\n|win|myOUusername\n|raw|ojkhbhd2's rating: 1778 &rarr; <strong>1760</strong><br />(-18 for losing)\n|raw|myOUusername's rating: 1811 &rarr; <strong>1829</strong><br />(+18 for winning)\n|l|\u2606ojkhbhd2\n|player|p1|\n", "inputlog": ">version bfd83cad13791eb5a5a409923076391caf6fb4d4\n>start {\"formatid\":\"gen9randombattle\",\"seed\":[3330,11435,25425,30681],\"rated\":\"Rated battle\"}\n>player p1 {\"name\":\"ojkhbhd2\",\"avatar\":\"1\",\"rating\":1778,\"seed\":[38466,1069,52029,41658]}\n>player p2 {\"name\":\"myOUusername\",\"avatar\":\"1\",\"rating\":1811,\"seed\":[6057,54873,32279,8153]}\n>p1 move spore\n>p2 switch 6\n>p1 switch 3\n>p2 switch 6\n>p1 move meteorbeam\n>p2 move supercellslam\n>p1 switch 2\n>p1 move fireblast\n>p2 switch 3\n>p1 move fireblast\n>p2 move recover\n>p1 move fireblast\n>p2 move thunderwave\n>p1 move fireblast\n>p2 switch 5\n>p1 switch 3\n>p2 move tailglow\n>p1 move clearsmog\n>p2 move icebeam\n>p1 switch 6\n>p2 move hydropump\n>p1 move hypervoice\n>p2 move hydropump\n>p1 move hypervoice\n>p2 switch 5\n>p1 move darkpulse\n>p2 move terablast\n>p2 switch 2\n>p1 move willowisp\n>p2 move knockoff\n>p1 switch 4\n>p1 move hyperspacefury\n>p2 switch 4\n>p1 switch 6\n>p2 move wish\n>p1 move sludgebomb\n>p2 switch 3\n>p1 move sludgebomb\n>p2 move facade\n>p1 switch 3\n>p1 move psyshock\n>p2 switch 6\n>p1 switch 6\n>p2 move thunderwave\n>p1 move hyperspacefury\n>p2 switch 3\n>p1 switch 6\n>p2 move wish\n>p1 move psyshock\n>p2 move protect\n>p1 move psyshock\n>p2 move wish\n>p1 switch 6\n>p2 move protect\n>p1 switch 6\n>p2 move protect\n>p1 move psyshock\n>p2 move protect\n>p1 move psyshock\n>p2 switch 3\n>p1 switch 5\n>p2 move thunderwave\n>p1 move calmmind\n>p2 move thunderwave\n>p1 move calmmind\n>p2 switch 3\n>p1 move sludgebomb\n>p2 move calmmind\n>p1 move sludgebomb\n>p2 move calmmind\n>forcelose p1", "uploadtime": 1733870899, "views": 2, "formatid": "gen9randombattle", "rating": 1760, "private": 0, "password": null}