{"id": "gen9randombattle-2110792575", "format": "[Gen 9] Random Battle", "players": ["MichaelderBeste2", "paysa"], "log": "|badge|p1|silver|gen9randombattle|30-1\n|uhtml|medal-msg|<div class=\"broadcast-blue\">Curious what those medals under the avatar are? PS now has Ladder Seasons! For more information, check out the <a href=\"https://www.smogon.com/forums/threads/3740067/\">thread on Smogon.</a></div>\n|badge|p2|silver|gen9randombattle|30-1\n|uhtml|medal-msg|<div class=\"broadcast-blue\">Curious what those medals under the avatar are? PS now has Ladder Seasons! For more information, check out the <a href=\"https://www.smogon.com/forums/threads/3740067/\">thread on Smogon.</a></div>\n|j|\u2606MichaelderBeste2\n|j|\u2606paysa\n|t:|1713990152\n|gametype|singles\n|player|p1|MichaelderBeste2|#rbtt7teamdarkrai|2397\n|player|p2|paysa|caitlin|2417\n|teamsize|p1|6\n|teamsize|p2|6\n|gen|9\n|tier|[Gen 9] Random Battle\n|rated|\n|rule|Species Clause: Limit one of each Pok\u00e9mon\n|rule|HP Percentage Mod: HP is shown in percentages\n|rule|Sleep Clause Mod: Limit one foe put to sleep\n|rule|Illusion Level Mod: Illusion disguises the Pok\u00e9mon's true level\n|\n|t:|1713990152\n|start\n|switch|p1a: Emboar|Emboar, L84, M|322/322\n|switch|p2a: Brute Bonnet|Brute Bonnet, L81|312/312\n|turn|1\n|inactive|Battle timer is ON: inactive players will automatically lose when time's up. (requested by paysa)\n|c|\u2606paysa|gl\n|inactive|paysa has 120 seconds left.\n|j|+pokeblade\u2606101\n|inactive|paysa has 90 seconds left.\n|j| PKV Pokevin\n|j| Arcanine Numbers\n|c| Arcanine Numbers|gooo paysa\n|inactive|paysa has 60 seconds left.\n|\n|t:|1713990250\n|-end|p2a: Brute Bonnet|Protosynthesis|[silent]\n|switch|p2a: Gothitelle|Gothitelle, L90, F|272/272\n|move|p1a: Emboar|Knock Off|p2a: Gothitelle\n|-supereffective|p2a: Gothitelle\n|-damage|p2a: Gothitelle|120/272\n|-enditem|p2a: Gothitelle|Leftovers|[from] move: Knock Off|[of] p1a: Emboar\n|\n|upkeep\n|turn|2\n|inactive|paysa has 120 seconds left.\n|\n|t:|1713990267\n|move|p2a: Gothitelle|Psychic Noise|p1a: Emboar\n|-supereffective|p1a: Emboar\n|-damage|p1a: Emboar|164/322\n|-start|p1a: Emboar|move: Heal Block\n|move|p1a: Emboar|Flare Blitz|p2a: Gothitelle\n|-damage|p2a: Gothitelle|0 fnt\n|faint|p2a: Gothitelle\n|-damage|p1a: Emboar|124/322|[from] Recoil\n|\n|upkeep\n|inactive|paysa has 90 seconds left.\n|\n|t:|1713990306\n|switch|p2a: Iron Crown|Iron Crown, L79|272/272\n|turn|3\n|\n|t:|1713990314\n|-end|p2a: Iron Crown|Quark Drive|[silent]\n|switch|p2a: Arceus|Arceus-Rock, L73|296/296\n|switch|p1a: Qwilfish|Qwilfish-Hisui, L84, F|246/246\n|-ability|p1a: Qwilfish|Intimidate|boost\n|-unboost|p2a: Arceus|atk|1\n|\n|upkeep\n|turn|4\n|inactive|paysa has 90 seconds left.\n|l| PKV Pokevin\n|inactive|MichaelderBeste2 has 120 seconds left.\n|\n|t:|1713990361\n|switch|p1a: Passimian|Passimian, L83, F|302/302\n|move|p2a: Arceus|Judgment|p1a: Passimian\n|-resisted|p1a: Passimian\n|-damage|p1a: Passimian|223/302\n|\n|upkeep\n|turn|5\n|inactive|paysa has 90 seconds left.\n|\n|t:|1713990370\n|switch|p2a: Amoonguss|Amoonguss, L82, M|321/321\n|move|p1a: Passimian|Close Combat|p2a: Amoonguss\n|-resisted|p2a: Amoonguss\n|-damage|p2a: Amoonguss|187/321\n|-unboost|p1a: Passimian|def|1\n|-unboost|p1a: Passimian|spd|1\n|-damage|p1a: Passimian|173/302|[from] item: Rocky Helmet|[of] p2a: Amoonguss\n|\n|upkeep\n|turn|6\n|inactive|MichaelderBeste2 has 120 seconds left.\n|inactive|paysa has 90 seconds left.\n|\n|t:|1713990395\n|move|p1a: Passimian|Close Combat|p2a: Amoonguss\n|-resisted|p2a: Amoonguss\n|-damage|p2a: Amoonguss|61/321\n|-unboost|p1a: Passimian|def|1\n|-unboost|p1a: Passimian|spd|1\n|-damage|p1a: Passimian|123/302|[from] item: Rocky Helmet|[of] p2a: Amoonguss\n|move|p2a: Amoonguss|Spore|p1a: Passimian\n|-status|p1a: Passimian|slp|[from] move: Spore\n|\n|upkeep\n|turn|7\n|inactive|paysa has 90 seconds left.\n|\n|t:|1713990406\n|switch|p1a: Qwilfish|Qwilfish-Hisui, L84, F|246/246\n|-ability|p1a: Qwilfish|Intimidate|boost\n|-unboost|p2a: Amoonguss|atk|1\n|switch|p2a: Arceus|Arceus-Rock, L73|296/296\n|\n|upkeep\n|turn|8\n|inactive|paysa has 90 seconds left.\n|\n|t:|1713990411\n|switch|p1a: Wugtrio|Wugtrio, L91, M|212/212\n|move|p2a: Arceus|Calm Mind|p2a: Arceus\n|-boost|p2a: Arceus|spa|1\n|-boost|p2a: Arceus|spd|1\n|\n|upkeep\n|turn|9\n|inactive|paysa has 90 seconds left.\n|\n|t:|1713990424\n|switch|p2a: Amoonguss|Amoonguss, L82, M|168/321\n|move|p1a: Wugtrio|Liquidation|p2a: Amoonguss\n|-resisted|p2a: Amoonguss\n|-damage|p2a: Amoonguss|72/321\n|-damage|p1a: Wugtrio|177/212|[from] item: Rocky Helmet|[of] p2a: Amoonguss\n|\n|upkeep\n|turn|10\n|\n|t:|1713990428\n|switch|p2a: Brute Bonnet|Brute Bonnet, L81|312/312\n|move|p1a: Wugtrio|Liquidation|p2a: Brute Bonnet\n|-resisted|p2a: Brute Bonnet\n|-damage|p2a: Brute Bonnet|240/312\n|\n|-heal|p2a: Brute Bonnet|259/312|[from] item: Leftovers\n|upkeep\n|turn|11\n|\n|t:|1713990433\n|switch|p1a: Qwilfish|Qwilfish-Hisui, L84, F|246/246\n|-ability|p1a: Qwilfish|Intimidate|boost\n|-unboost|p2a: Brute Bonnet|atk|1\n|-end|p2a: Brute Bonnet|Protosynthesis|[silent]\n|switch|p2a: Arceus|Arceus-Rock, L73|296/296\n|\n|upkeep\n|turn|12\n|\n|t:|1713990440\n|move|p2a: Arceus|Calm Mind|p2a: Arceus\n|-boost|p2a: Arceus|spa|1\n|-boost|p2a: Arceus|spd|1\n|move|p1a: Qwilfish|Gunk Shot|p2a: Arceus\n|-resisted|p2a: Arceus\n|-damage|p2a: Arceus|239/296\n|\n|upkeep\n|turn|13\n|\n|t:|1713990445\n|move|p2a: Arceus|Judgment|p1a: Qwilfish\n|-damage|p1a: Qwilfish|75/246\n|move|p1a: Qwilfish|Gunk Shot|p2a: Arceus\n|-resisted|p2a: Arceus\n|-damage|p2a: Arceus|183/296\n|\n|upkeep\n|turn|14\n|\n|t:|1713990448\n|switch|p1a: Wugtrio|Wugtrio, L91, M|177/212\n|move|p2a: Arceus|Judgment|p1a: Wugtrio\n|-damage|p1a: Wugtrio|0 fnt\n|faint|p1a: Wugtrio\n|\n|upkeep\n|\n|t:|1713990452\n|switch|p1a: Haxorus|Haxorus, L77, F|244/244\n|-ability|p1a: Haxorus|Mold Breaker\n|turn|15\n|\n|t:|1713990459\n|-terastallize|p1a: Haxorus|Steel\n|move|p2a: Arceus|Earth Power|p1a: Haxorus\n|-supereffective|p1a: Haxorus\n|-damage|p1a: Haxorus|18/244\n|move|p1a: Haxorus|Dragon Dance|p1a: Haxorus\n|-boost|p1a: Haxorus|atk|1\n|-boost|p1a: Haxorus|spe|1\n|\n|upkeep\n|turn|16\n|\n|t:|1713990466\n|switch|p2a: Amoonguss|Amoonguss, L82, M|179/321\n|move|p1a: Haxorus|Outrage|p2a: Amoonguss\n|-damage|p2a: Amoonguss|0 fnt\n|-damage|p1a: Haxorus|0 fnt|[from] item: Rocky Helmet|[of] p2a: Amoonguss\n|faint|p2a: Amoonguss\n|faint|p1a: Haxorus\n|\n|upkeep\n|-message|MichaelderBeste2 forfeited.\n|\n|win|paysa\n|raw|MichaelderBeste2's rating: 2397 &rarr; <strong>2378</strong><br />(-19 for losing)\n|raw|paysa's rating: 2417 &rarr; <strong>2436</strong><br />(+19 for winning)\n|l|\u2606MichaelderBeste2\n|player|p1|\n|c|\u2606paysa|gg\n", "inputlog": ">version 56c3b69fcd3b113ffc796eb8c36c032ea017d75b\n>start {\"formatid\":\"gen9randombattle\",\"seed\":[38027,49314,41457,57042],\"rated\":\"Rated battle\"}\n>player p1 {\"name\":\"MichaelderBeste2\",\"avatar\":\"#rbtt7teamdarkrai\",\"rating\":2397,\"seed\":[11377,38331,15970,40613]}\n>player p2 {\"name\":\"paysa\",\"avatar\":\"caitlin\",\"rating\":2417,\"seed\":[22064,5105,32147,35461]}\n>chat \u2606paysa|gl\n>chat  Arcanine Numbers|gooo paysa\n>p1 move knockoff\n>p2 switch 6\n>p1 move flareblitz\n>p2 move psychicnoise\n>p2 switch 4\n>p1 switch 2\n>p2 switch 5\n>p1 switch 3\n>p2 move judgment\n>p1 move closecombat\n>p2 switch 3\n>p1 move closecombat\n>p2 move spore\n>p1 switch 3\n>p2 switch 3\n>p1 switch 5\n>p2 move calmmind\n>p1 move liquidation\n>p2 switch 3\n>p1 move liquidation\n>p2 switch 6\n>p1 switch 5\n>p2 switch 3\n>p1 move gunkshot\n>p2 move calmmind\n>p1 move gunkshot\n>p2 move judgment\n>p1 switch 5\n>p2 move judgment\n>p1 switch 6\n>p1 move dragondance terastallize\n>p2 move earthpower\n>p1 move outrage\n>p2 switch 6\n>forcelose p1", "uploadtime": 1713990475, "views": 254, "formatid": "gen9randombattle", "rating": 2378, "private": 0, "password": null}