{"id": "gen9randombattle-2096499346", "format": "[Gen 9] Random Battle", "players": ["gxx", "CherylBush"], "log": "|badge|p1|bronze|gen9randombattle|100-1\n|uhtml|medal-msg|<div class=\"broadcast-blue\">Curious what those medals under the avatar are? PS now has Ladder Seasons! For more information, check out the <a href=\"https://www.smogon.com/forums/threads/3740067/\">thread on Smogon.</a></div>\n|uhtml|medal-msg|<div class=\"broadcast-blue\">Curious what those medals under the avatar are? PS now has Ladder Seasons! For more information, check out the <a href=\"https://www.smogon.com/forums/threads/3740067/\">thread on Smogon.</a></div>\n|j|\u2606gxx\n|j|\u2606CherylBush\n|t:|1712307274\n|gametype|singles\n|player|p1|gxx|101|2316\n|player|p2|CherylBush|mallow-masters|2256\n|teamsize|p1|6\n|teamsize|p2|6\n|gen|9\n|tier|[Gen 9] Random Battle\n|rated|\n|rule|Species Clause: Limit one of each Pok\u00e9mon\n|rule|HP Percentage Mod: HP is shown in percentages\n|rule|Sleep Clause Mod: Limit one foe put to sleep\n|rule|Illusion Level Mod: Illusion disguises the Pok\u00e9mon's true level\n|\n|t:|1712307274\n|start\n|switch|p1a: Slither Wing|Slither Wing, L81|270/270\n|switch|p2a: Clefable|Clefable, L83, F|293/293\n|turn|1\n|\n|t:|1712307288\n|move|p1a: Slither Wing|U-turn|p2a: Clefable\n|-resisted|p2a: Clefable\n|-damage|p2a: Clefable|227/293\n|-damage|p1a: Slither Wing|243/270|[from] item: Life Orb\n|\n|t:|1712307292\n|-end|p1a: Slither Wing|Protosynthesis|[silent]\n|switch|p1a: Grafaiai|Grafaiai, L86, M|249/249|[from] U-turn\n|move|p2a: Clefable|Stealth Rock|p1a: Grafaiai\n|-sidestart|p1: gxx|move: Stealth Rock\n|\n|-heal|p2a: Clefable|245/293|[from] item: Leftovers\n|upkeep\n|turn|2\n|\n|t:|1712307303\n|switch|p2a: Hippowdon|Hippowdon, L82, F|311/311\n|-weather|Sandstorm|[from] ability: Sand Stream|[of] p2a: Hippowdon\n|move|p1a: Grafaiai|Knock Off|p2a: Hippowdon\n|-damage|p2a: Hippowdon|255/311\n|-enditem|p2a: Hippowdon|Leftovers|[from] move: Knock Off|[of] p1a: Grafaiai\n|\n|-weather|Sandstorm|[upkeep]\n|-damage|p1a: Grafaiai|234/249|[from] Sandstorm\n|upkeep\n|turn|3\n|\n|t:|1712307315\n|move|p1a: Grafaiai|Parting Shot|p2a: Hippowdon\n|-unboost|p2a: Hippowdon|atk|1\n|-unboost|p2a: Hippowdon|spa|1\n|\n|t:|1712307320\n|switch|p1a: Ogerpon|Ogerpon-Wellspring, L76, F|247/247|[from] Parting Shot\n|-damage|p1a: Ogerpon|217/247|[from] Stealth Rock\n|move|p2a: Hippowdon|Earthquake|p1a: Ogerpon\n|-resisted|p1a: Ogerpon\n|-damage|p1a: Ogerpon|178/247\n|\n|-weather|Sandstorm|[upkeep]\n|-damage|p1a: Ogerpon|163/247|[from] Sandstorm\n|upkeep\n|turn|4\n|\n|t:|1712307333\n|switch|p2a: Lilligant|Lilligant-Hisui, L80, F|243/243\n|move|p1a: Ogerpon|Spikes|p2a: Lilligant\n|-sidestart|p2: CherylBush|Spikes\n|\n|-weather|Sandstorm|[upkeep]\n|-damage|p2a: Lilligant|228/243|[from] Sandstorm\n|-damage|p1a: Ogerpon|148/247|[from] Sandstorm\n|upkeep\n|turn|5\n|\n|t:|1712307345\n|switch|p1a: Grafaiai|Grafaiai, L86, M|234/249\n|move|p2a: Lilligant|Close Combat|p1a: Grafaiai\n|-damage|p1a: Grafaiai|26/249\n|-unboost|p2a: Lilligant|def|1\n|-unboost|p2a: Lilligant|spd|1\n|\n|-weather|Sandstorm|[upkeep]\n|-damage|p1a: Grafaiai|11/249|[from] Sandstorm\n|-damage|p2a: Lilligant|213/243|[from] Sandstorm\n|upkeep\n|turn|6\n|\n|t:|1712307362\n|switch|p2a: Hippowdon|Hippowdon, L82, F|255/311\n|-damage|p2a: Hippowdon|217/311|[from] Spikes\n|move|p1a: Grafaiai|Gunk Shot|p2a: Hippowdon\n|-resisted|p2a: Hippowdon\n|-damage|p2a: Hippowdon|163/311\n|-status|p2a: Hippowdon|psn\n|\n|-weather|none\n|-damage|p2a: Hippowdon|125/311 psn|[from] psn\n|upkeep\n|turn|7\n|\n|t:|1712307373\n|move|p1a: Grafaiai|Parting Shot|p2a: Hippowdon\n|-unboost|p2a: Hippowdon|atk|1\n|-unboost|p2a: Hippowdon|spa|1\n|\n|t:|1712307377\n|switch|p1a: Ogerpon|Ogerpon-Wellspring, L76, F|148/247|[from] Parting Shot\n|-damage|p1a: Ogerpon|118/247|[from] Stealth Rock\n|move|p2a: Hippowdon|Slack Off|p2a: Hippowdon\n|-heal|p2a: Hippowdon|281/311 psn\n|\n|-damage|p2a: Hippowdon|243/311 psn|[from] psn\n|upkeep\n|turn|8\n|\n|t:|1712307397\n|switch|p2a: Lilligant|Lilligant-Hisui, L80, F|213/243\n|-damage|p2a: Lilligant|183/243|[from] Spikes\n|move|p1a: Ogerpon|Spikes|p2a: Lilligant\n|-sidestart|p2: CherylBush|Spikes\n|\n|upkeep\n|turn|9\n|\n|t:|1712307407\n|move|p2a: Lilligant|Leaf Blade|p1a: Ogerpon\n|-damage|p1a: Ogerpon|0 fnt\n|faint|p1a: Ogerpon\n|\n|upkeep\n|\n|t:|1712307412\n|switch|p1a: Grafaiai|Grafaiai, L86, M|11/249\n|turn|10\n|\n|t:|1712307424\n|switch|p2a: Hippowdon|Hippowdon, L82, F|243/311 psn\n|-damage|p2a: Hippowdon|192/311 psn|[from] Spikes\n|-weather|Sandstorm|[from] ability: Sand Stream|[of] p2a: Hippowdon\n|move|p1a: Grafaiai|Parting Shot|p2a: Hippowdon\n|-unboost|p2a: Hippowdon|atk|1\n|-unboost|p2a: Hippowdon|spa|1\n|\n|t:|1712307432\n|switch|p1a: Garganacl|Garganacl, L80, F|291/291|[from] Parting Shot\n|-damage|p1a: Garganacl|255/291|[from] Stealth Rock\n|\n|-weather|Sandstorm|[upkeep]\n|-heal|p1a: Garganacl|273/291|[from] item: Leftovers\n|-damage|p2a: Hippowdon|154/311 psn|[from] psn\n|upkeep\n|turn|11\n|\n|t:|1712307444\n|move|p2a: Hippowdon|Slack Off|p2a: Hippowdon\n|-heal|p2a: Hippowdon|310/311 psn\n|move|p1a: Garganacl|Stealth Rock|p2a: Hippowdon\n|-sidestart|p2: CherylBush|move: Stealth Rock\n|\n|-weather|Sandstorm|[upkeep]\n|-heal|p1a: Garganacl|291/291|[from] item: Leftovers\n|-damage|p2a: Hippowdon|272/311 psn|[from] psn\n|upkeep\n|turn|12\n|\n|t:|1712307453\n|move|p1a: Garganacl|Salt Cure|p2a: Hippowdon\n|-resisted|p2a: Hippowdon\n|-damage|p2a: Hippowdon|254/311 psn\n|-start|p2a: Hippowdon|Salt Cure\n|move|p2a: Hippowdon|Whirlwind|p1a: Garganacl\n|drag|p1a: Leafeon|Leafeon, L88, M|258/258\n|-damage|p1a: Leafeon|226/258|[from] Stealth Rock\n|\n|-weather|Sandstorm|[upkeep]\n|-damage|p1a: Leafeon|210/258|[from] Sandstorm\n|-heal|p1a: Leafeon|226/258|[from] item: Leftovers\n|-damage|p2a: Hippowdon|216/311 psn|[from] psn\n|-damage|p2a: Hippowdon|178/311 psn|[from] Salt Cure\n|upkeep\n|turn|13\n|\n|t:|1712307470\n|switch|p2a: Magmortar|Magmortar, L87, M|272/272\n|move|p1a: Leafeon|Leaf Blade|p2a: Magmortar\n|-resisted|p2a: Magmortar\n|-damage|p2a: Magmortar|207/272\n|\n|-weather|Sandstorm|[upkeep]\n|-damage|p1a: Leafeon|210/258|[from] Sandstorm\n|-damage|p2a: Magmortar|190/272|[from] Sandstorm\n|-heal|p1a: Leafeon|226/258|[from] item: Leftovers\n|upkeep\n|turn|14\n|\n|t:|1712307489\n|move|p1a: Leafeon|Knock Off|p2a: Magmortar\n|-damage|p2a: Magmortar|100/272\n|-enditem|p2a: Magmortar|Heavy-Duty Boots|[from] move: Knock Off|[of] p1a: Leafeon\n|move|p2a: Magmortar|Fire Blast|p1a: Leafeon\n|-supereffective|p1a: Leafeon\n|-damage|p1a: Leafeon|0 fnt\n|faint|p1a: Leafeon\n|\n|-weather|none\n|upkeep\n|\n|t:|1712307497\n|switch|p1a: Grafaiai|Grafaiai, L86, M|11/249\n|turn|15\n|\n|t:|1712307503\n|move|p1a: Grafaiai|Gunk Shot|p2a: Magmortar\n|-damage|p2a: Magmortar|0 fnt\n|faint|p2a: Magmortar\n|\n|upkeep\n|\n|t:|1712307518\n|switch|p2a: Hippowdon|Hippowdon, L82, F|178/311 psn\n|-damage|p2a: Hippowdon|127/311 psn|[from] Spikes\n|-damage|p2a: Hippowdon|108/311 psn|[from] Stealth Rock\n|-weather|Sandstorm|[from] ability: Sand Stream|[of] p2a: Hippowdon\n|turn|16\n|\n|t:|1712307527\n|move|p1a: Grafaiai|Parting Shot|p2a: Hippowdon\n|-unboost|p2a: Hippowdon|atk|1\n|-unboost|p2a: Hippowdon|spa|1\n|\n|t:|1712307531\n|switch|p1a: Garganacl|Garganacl, L80, F|291/291|[from] Parting Shot\n|-damage|p1a: Garganacl|255/291|[from] Stealth Rock\n|move|p2a: Hippowdon|Slack Off|p2a: Hippowdon\n|-heal|p2a: Hippowdon|264/311 psn\n|\n|-weather|Sandstorm|[upkeep]\n|-heal|p1a: Garganacl|273/291|[from] item: Leftovers\n|-damage|p2a: Hippowdon|226/311 psn|[from] psn\n|upkeep\n|turn|17\n|\n|t:|1712307547\n|move|p1a: Garganacl|Salt Cure|p2a: Hippowdon\n|-resisted|p2a: Hippowdon\n|-damage|p2a: Hippowdon|210/311 psn\n|-start|p2a: Hippowdon|Salt Cure\n|move|p2a: Hippowdon|Whirlwind|p1a: Garganacl\n|drag|p1a: Slither Wing|Slither Wing, L81|243/270\n|-damage|p1a: Slither Wing|210/270|[from] Stealth Rock\n|\n|-weather|Sandstorm|[upkeep]\n|-damage|p1a: Slither Wing|194/270|[from] Sandstorm\n|-damage|p2a: Hippowdon|172/311 psn|[from] psn\n|-damage|p2a: Hippowdon|134/311 psn|[from] Salt Cure\n|upkeep\n|turn|18\n|\n|t:|1712307565\n|move|p1a: Slither Wing|First Impression|p2a: Hippowdon\n|-damage|p2a: Hippowdon|9/311 psn\n|-damage|p1a: Slither Wing|167/270|[from] item: Life Orb\n|move|p2a: Hippowdon|Slack Off|p2a: Hippowdon\n|-heal|p2a: Hippowdon|165/311 psn\n|\n|-weather|Sandstorm|[upkeep]\n|-damage|p1a: Slither Wing|151/270|[from] Sandstorm\n|-damage|p2a: Hippowdon|127/311 psn|[from] psn\n|-damage|p2a: Hippowdon|89/311 psn|[from] Salt Cure\n|upkeep\n|turn|19\n|\n|t:|1712307592\n|move|p1a: Slither Wing|U-turn|p2a: Hippowdon\n|-damage|p2a: Hippowdon|0 fnt\n|faint|p2a: Hippowdon\n|-damage|p1a: Slither Wing|124/270|[from] item: Life Orb\n|\n|t:|1712307598\n|-end|p1a: Slither Wing|Protosynthesis|[silent]\n|switch|p1a: Garganacl|Garganacl, L80, F|273/291|[from] U-turn\n|-damage|p1a: Garganacl|237/291|[from] Stealth Rock\n|\n|-weather|Sandstorm|[upkeep]\n|-heal|p1a: Garganacl|255/291|[from] item: Leftovers\n|upkeep\n|\n|t:|1712307605\n|switch|p2a: Lilligant|Lilligant-Hisui, L80, F|183/243\n|-damage|p2a: Lilligant|143/243|[from] Spikes\n|-damage|p2a: Lilligant|128/243|[from] Stealth Rock\n|turn|20\n|\n|t:|1712307612\n|-terastallize|p1a: Garganacl|Ghost\n|move|p2a: Lilligant|Close Combat|p1a: Garganacl\n|-immune|p1a: Garganacl\n|move|p1a: Garganacl|Salt Cure|p2a: Lilligant\n|-resisted|p2a: Lilligant\n|-damage|p2a: Lilligant|106/243\n|-start|p2a: Lilligant|Salt Cure\n|\n|-weather|none\n|-heal|p1a: Garganacl|273/291|[from] item: Leftovers\n|-damage|p2a: Lilligant|76/243|[from] Salt Cure\n|upkeep\n|turn|21\n|c|\u2606CherylBush|oof my wincon was it being neutral to CCs\n|c|\u2606CherylBush|p sure its over now\n|\n|t:|1712307642\n|move|p2a: Lilligant|Leaf Blade|p1a: Garganacl\n|-damage|p1a: Garganacl|162/291\n|move|p1a: Garganacl|Salt Cure|p2a: Lilligant\n|-resisted|p2a: Lilligant\n|-damage|p2a: Lilligant|52/243\n|\n|-heal|p1a: Garganacl|180/291|[from] item: Leftovers\n|-damage|p2a: Lilligant|22/243|[from] Salt Cure\n|upkeep\n|turn|22\n|\n|t:|1712307653\n|move|p2a: Lilligant|Leaf Blade|p1a: Garganacl|[miss]\n|-miss|p2a: Lilligant|p1a: Garganacl\n|move|p1a: Garganacl|Recover|p1a: Garganacl\n|-heal|p1a: Garganacl|291/291\n|\n|-damage|p2a: Lilligant|0 fnt|[from] Salt Cure\n|faint|p2a: Lilligant\n|upkeep\n|\n|t:|1712307661\n|switch|p2a: Zamazenta|Zamazenta, L72|251/251\n|-damage|p2a: Zamazenta|210/251|[from] Spikes\n|-damage|p2a: Zamazenta|195/251|[from] Stealth Rock\n|-ability|p2a: Zamazenta|Dauntless Shield|boost\n|-boost|p2a: Zamazenta|def|1\n|turn|23\n|\n|t:|1712307671\n|move|p2a: Zamazenta|Crunch|p1a: Garganacl\n|-supereffective|p1a: Garganacl\n|-damage|p1a: Garganacl|177/291\n|-unboost|p1a: Garganacl|def|1\n|move|p1a: Garganacl|Salt Cure|p2a: Zamazenta\n|-resisted|p2a: Zamazenta\n|-damage|p2a: Zamazenta|183/251\n|-start|p2a: Zamazenta|Salt Cure\n|\n|-heal|p1a: Garganacl|195/291|[from] item: Leftovers\n|-damage|p2a: Zamazenta|152/251|[from] Salt Cure\n|upkeep\n|turn|24\n|\n|t:|1712307687\n|move|p2a: Zamazenta|Crunch|p1a: Garganacl\n|-supereffective|p1a: Garganacl\n|-damage|p1a: Garganacl|19/291\n|move|p1a: Garganacl|Recover|p1a: Garganacl\n|-heal|p1a: Garganacl|165/291\n|\n|-heal|p1a: Garganacl|183/291|[from] item: Leftovers\n|-damage|p2a: Zamazenta|121/251|[from] Salt Cure\n|upkeep\n|turn|25\n|\n|t:|1712307697\n|switch|p1a: Regirock|Regirock, L85|275/275\n|-damage|p1a: Regirock|241/275|[from] Stealth Rock\n|move|p2a: Zamazenta|Crunch|p1a: Regirock\n|-damage|p1a: Regirock|204/275\n|\n|-damage|p2a: Zamazenta|90/251|[from] Salt Cure\n|upkeep\n|turn|26\n|j| fjieweee\n|\n|t:|1712307714\n|switch|p2a: Clefable|Clefable, L83, F|245/293\n|-damage|p2a: Clefable|197/293|[from] Spikes\n|-damage|p2a: Clefable|161/293|[from] Stealth Rock\n|move|p1a: Regirock|Stone Edge|p2a: Clefable\n|-damage|p2a: Clefable|26/293\n|\n|-heal|p2a: Clefable|44/293|[from] item: Leftovers\n|upkeep\n|turn|27\n|\n|t:|1712307727\n|switch|p1a: Garganacl|Garganacl, L80, F, tera:Ghost|183/291\n|-damage|p1a: Garganacl|147/291|[from] Stealth Rock\n|move|p2a: Clefable|Moonblast|p1a: Garganacl\n|-damage|p1a: Garganacl|39/291\n|\n|-heal|p2a: Clefable|62/293|[from] item: Leftovers\n|-heal|p1a: Garganacl|57/291|[from] item: Leftovers\n|upkeep\n|turn|28\n|\n|t:|1712307737\n|move|p2a: Clefable|Moonblast|p1a: Garganacl\n|-damage|p1a: Garganacl|0 fnt\n|faint|p1a: Garganacl\n|\n|-heal|p2a: Clefable|80/293|[from] item: Leftovers\n|upkeep\n|\n|t:|1712307749\n|switch|p1a: Slither Wing|Slither Wing, L81|124/270\n|-damage|p1a: Slither Wing|91/270|[from] Stealth Rock\n|turn|29\n|\n|t:|1712307758\n|move|p1a: Slither Wing|Close Combat|p2a: Clefable\n|-resisted|p2a: Clefable\n|-damage|p2a: Clefable|0 fnt\n|-unboost|p1a: Slither Wing|def|1\n|-unboost|p1a: Slither Wing|spd|1\n|faint|p2a: Clefable\n|-damage|p1a: Slither Wing|64/270|[from] item: Life Orb\n|\n|upkeep\n|\n|t:|1712307769\n|switch|p2a: Cetitan|Cetitan, L82, M|413/413\n|-damage|p2a: Cetitan|345/413|[from] Spikes\n|-damage|p2a: Cetitan|242/413|[from] Stealth Rock\n|turn|30\n|\n|t:|1712307779\n|-end|p1a: Slither Wing|Protosynthesis|[silent]\n|switch|p1a: Regirock|Regirock, L85|204/275\n|-damage|p1a: Regirock|170/275|[from] Stealth Rock\n|move|p2a: Cetitan|Ice Shard|p1a: Regirock\n|-damage|p1a: Regirock|138/275\n|-damage|p2a: Cetitan|201/413|[from] item: Life Orb\n|\n|upkeep\n|turn|31\n|\n|t:|1712307792\n|-terastallize|p2a: Cetitan|Fairy\n|move|p2a: Cetitan|Icicle Crash|p1a: Regirock\n|-damage|p1a: Regirock|51/275\n|move|p1a: Regirock|Rest|p1a: Regirock\n|-status|p1a: Regirock|slp|[from] move: Rest\n|-heal|p1a: Regirock|275/275 slp|[silent]\n|-enditem|p1a: Regirock|Chesto Berry|[eat]\n|-curestatus|p1a: Regirock|slp|[msg]\n|\n|upkeep\n|turn|32\n|c|\u2606CherylBush|yeah\n|-message|CherylBush forfeited.\n|\n|win|gxx\n|raw|gxx's rating: 2316 &rarr; <strong>2333</strong><br />(+17 for winning)\n|raw|CherylBush's rating: 2256 &rarr; <strong>2239</strong><br />(-17 for losing)\n|l|\u2606CherylBush\n|player|p2|\n", "inputlog": ">version 5e6884075e425dc5b64255756e621f094dcccacd\n>start {\"formatid\":\"gen9randombattle\",\"seed\":[7142,8403,17261,54439],\"rated\":\"Rated battle\"}\n>player p1 {\"name\":\"gxx\",\"avatar\":\"101\",\"rating\":2316,\"seed\":[33040,61861,545,6264]}\n>player p2 {\"name\":\"CherylBush\",\"avatar\":\"mallow-masters\",\"rating\":2256,\"seed\":[11442,5293,60334,45110]}\n>p1 move uturn\n>p2 move stealthrock\n>p1 switch 4\n>p1 move knockoff\n>p2 switch 4\n>p1 move partingshot\n>p2 move earthquake\n>p1 switch 3\n>p1 move spikes\n>p2 switch 5\n>p1 switch 3\n>p2 move closecombat\n>p1 move gunkshot\n>p2 switch 5\n>p1 move partingshot\n>p2 move slackoff\n>p1 switch 3\n>p1 move spikes\n>p2 switch 5\n>p1 move spikes\n>p2 move leafblade\n>p1 switch 3\n>p1 move partingshot\n>p2 switch 5\n>p1 switch 6\n>p1 move stealthrock\n>p2 move slackoff\n>p1 move saltcure\n>p2 move whirlwind\n>p1 move leafblade\n>p2 switch 3\n>p1 move knockoff\n>p2 move fireblast\n>p1 switch 6\n>p1 move gunkshot\n>p2 move earthquake\n>p2 switch 3\n>p1 move partingshot\n>p2 move slackoff\n>p1 switch 5\n>p1 move saltcure\n>p2 move whirlwind\n>p1 move firstimpression\n>p2 move slackoff\n>p1 move uturn\n>p2 move whirlwind\n>p1 switch 4\n>p2 switch 5\n>p1 move saltcure terastallize\n>p2 move closecombat\n>chat \u2606CherylBush|oof my wincon was it being neutral to CCs\n>chat \u2606CherylBush|p sure its over now \n>p1 move saltcure\n>p2 move leafblade\n>p1 move recover\n>p2 move leafblade\n>p2 switch 6\n>p1 move saltcure\n>p2 move crunch\n>p1 move recover\n>p2 move crunch\n>p1 switch 2\n>p2 move crunch\n>p1 move stoneedge\n>p2 switch 4\n>p1 switch 2\n>p2 move moonblast\n>p1 move saltcure\n>p2 move moonblast\n>p1 switch 4\n>p1 move closecombat\n>p2 move moonblast\n>p2 switch 2\n>p1 switch 2\n>p2 move iceshard\n>p1 move rest\n>p2 move iciclecrash terastallize\n>chat \u2606CherylBush|yeah\n>forcelose p2", "uploadtime": 1712307816, "views": 245, "formatid": "gen9randombattle", "rating": 2239, "private": 0, "password": null}