{"id": "gen9randombattle-2260394001", "format": "[Gen 9] Random Battle", "players": ["Flippancakes1024", "Serumo^2"], "log": "|j|\u2606Flippancakes1024\n|j|\u2606Serumo^2\n|t:|1733847300\n|gametype|singles\n|player|p1|Flippancakes1024|2|\n|player|p2|Serumo^2|1|\n|teamsize|p1|6\n|teamsize|p2|6\n|gen|9\n|tier|[Gen 9] Random Battle\n|rule|Species Clause: Limit one of each Pok\u00e9mon\n|rule|HP Percentage Mod: HP is shown in percentages\n|rule|Sleep Clause Mod: Limit one foe put to sleep\n|rule|Illusion Level Mod: Illusion disguises the Pok\u00e9mon's true level\n|\n|t:|1733847300\n|start\n|switch|p1a: Tauros|Tauros-Paldea-Aqua, L81, M|252/252\n|switch|p2a: Magearna|Magearna-Original, L77|250/250\n|turn|1\n|\n|t:|1733847322\n|switch|p1a: Typhlosion|Typhlosion, L84, F|267/267\n|move|p2a: Magearna|Fleur Cannon|p1a: Typhlosion\n|-resisted|p1a: Typhlosion\n|-damage|p1a: Typhlosion|195/267\n|-unboost|p2a: Magearna|spa|2\n|\n|upkeep\n|turn|2\n|\n|t:|1733847342\n|switch|p2a: Bruxish|Bruxish, L85, M|254/254\n|move|p1a: Typhlosion|Scorching Sands|p2a: Bruxish\n|-damage|p2a: Bruxish|168/254\n|\n|upkeep\n|turn|3\n|\n|t:|1733847374\n|switch|p1a: Morpeko|Morpeko, L88, F|245/245\n|move|p2a: Bruxish|Psychic Fangs|p1a: Morpeko\n|-immune|p1a: Morpeko\n|\n|-formechange|p1a: Morpeko|Morpeko-Hangry||[from] ability: Hunger Switch\n|upkeep\n|turn|4\n|\n|t:|1733847387\n|switch|p2a: Iron Valiant|Iron Valiant, L78|244/244\n|move|p1a: Morpeko|Parting Shot|p2a: Iron Valiant\n|-unboost|p2a: Iron Valiant|atk|1\n|-unboost|p2a: Iron Valiant|spa|1\n|l|\u2606Serumo^2\n|player|p2|\n|j|\u2606Serumo^2\n|player|p2|Serumo^2|1|\n|\n|t:|1733847425\n|switch|p1a: Gyarados|Gyarados, L79, F|280/280|[from] Parting Shot\n|\n|upkeep\n|turn|5\n|\n|t:|1733847434\n|move|p2a: Iron Valiant|Knock Off|p1a: Gyarados\n|-damage|p1a: Gyarados|207/280\n|-enditem|p1a: Gyarados|Heavy-Duty Boots|[from] move: Knock Off|[of] p2a: Iron Valiant\n|-damage|p2a: Iron Valiant|220/244|[from] item: Life Orb\n|move|p1a: Gyarados|Dragon Dance|p1a: Gyarados\n|-boost|p1a: Gyarados|atk|1\n|-boost|p1a: Gyarados|spe|1\n|\n|upkeep\n|turn|6\n|\n|t:|1733847458\n|move|p1a: Gyarados|Dragon Dance|p1a: Gyarados\n|-boost|p1a: Gyarados|atk|1\n|-boost|p1a: Gyarados|spe|1\n|move|p2a: Iron Valiant|Swords Dance|p2a: Iron Valiant\n|-boost|p2a: Iron Valiant|atk|2\n|\n|upkeep\n|turn|7\n|\n|t:|1733847476\n|-terastallize|p1a: Gyarados|Flying\n|move|p1a: Gyarados|Tera Blast|p2a: Iron Valiant|[anim] Tera Blast Flying\n|-supereffective|p2a: Iron Valiant\n|-damage|p2a: Iron Valiant|0 fnt\n|faint|p2a: Iron Valiant\n|-end|p2a: Iron Valiant|Quark Drive|[silent]\n|-ability|p1a: Gyarados|Moxie|boost\n|-boost|p1a: Gyarados|atk|1\n|\n|upkeep\n|\n|t:|1733847504\n|switch|p2a: Arcanine|Arcanine-Hisui, L80, M|283/283\n|turn|8\n|\n|t:|1733847511\n|move|p1a: Gyarados|Waterfall|p2a: Arcanine\n|-supereffective|p2a: Arcanine\n|-damage|p2a: Arcanine|0 fnt\n|faint|p2a: Arcanine\n|-ability|p1a: Gyarados|Moxie|boost\n|-boost|p1a: Gyarados|atk|1\n|\n|upkeep\n|\n|t:|1733847563\n|switch|p2a: Bombirdier|Bombirdier, L85, M|258/258\n|turn|9\n|\n|t:|1733847584\n|move|p1a: Gyarados|Tera Blast|p2a: Bombirdier|[anim] Tera Blast Flying\n|-damage|p2a: Bombirdier|0 fnt\n|faint|p2a: Bombirdier\n|-ability|p1a: Gyarados|Moxie|boost\n|-boost|p1a: Gyarados|atk|1\n|\n|upkeep\n|\n|t:|1733847628\n|switch|p2a: Weezing|Weezing, L88, F|258/258\n|turn|10\n|\n|t:|1733847637\n|move|p1a: Gyarados|Tera Blast|p2a: Weezing|[anim] Tera Blast Flying\n|-damage|p2a: Weezing|0 fnt\n|faint|p2a: Weezing\n|-ability|p1a: Gyarados|Moxie|boost\n|-boost|p1a: Gyarados|atk|1\n|\n|upkeep\n|\n|t:|1733847642\n|switch|p2a: Magearna|Magearna-Original, L77|250/250\n|turn|11\n|\n|t:|1733847650\n|move|p1a: Gyarados|Earthquake|p2a: Magearna\n|-supereffective|p2a: Magearna\n|-crit|p2a: Magearna\n|-damage|p2a: Magearna|0 fnt\n|faint|p2a: Magearna\n|\n|upkeep\n|\n|t:|1733847657\n|switch|p2a: Bruxish|Bruxish, L85, M|168/254\n|turn|12\n|\n|t:|1733847660\n|move|p2a: Bruxish|Aqua Jet|p1a: Gyarados\n|-damage|p1a: Gyarados|119/280\n|move|p1a: Gyarados|Tera Blast|p2a: Bruxish|[anim] Tera Blast Flying\n|-damage|p2a: Bruxish|0 fnt\n|faint|p2a: Bruxish\n|\n|win|Flippancakes1024\n", "inputlog": ">version bfd83cad13791eb5a5a409923076391caf6fb4d4\n>start {\"formatid\":\"gen9randombattle\",\"seed\":[8548,30359,687,32874]}\n>player p1 {\"name\":\"Flippancakes1024\",\"avatar\":\"2\",\"rating\":0,\"seed\":[39570,573,65055,696]}\n>player p2 {\"name\":\"Serumo^2\",\"avatar\":\"1\",\"rating\":0,\"seed\":[18955,44851,16743,24436]}\n>p1 switch 4\n>p2 move fleurcannon\n>p1 move scorchingsands\n>p2 switch 3\n>p1 switch 3\n>p2 move psychicfangs\n>p1 move partingshot\n>p2 switch 5\n>p1 switch 2\n>p1 move dragondance\n>p2 move knockoff\n>p1 move dragondance\n>p2 move swordsdance\n>p1 move terablast terastallize\n>p2 move spiritbreak\n>p2 switch 4\n>p1 move waterfall\n>p2 move headsmash\n>p2 switch 6\n>p1 move terablast\n>p2 move stoneedge\n>p2 switch 2\n>p1 move terablast\n>p2 move painsplit\n>p2 switch 3\n>p1 move earthquake\n>p2 move flashcannon\n>p2 switch 5\n>p1 move terablast\n>p2 move aquajet", "uploadtime": 1733847666, "views": 3, "formatid": "gen9randombattle", "rating": null, "private": 0, "password": null}