{"id": "gen9randombattle-2191565757", "format": "[Gen 9] Random Battle", "players": ["randbats addict", "Alpha Tw"], "log": "|j|\u2606randbats addict\n|j|\u2606Alpha Tw\n|t:|1725089657\n|gametype|singles\n|player|p1|randbats addict|lady|2185\n|player|p2|Alpha Tw|n|2308\n|teamsize|p1|6\n|teamsize|p2|6\n|gen|9\n|tier|[Gen 9] Random Battle\n|rated|\n|rule|Species Clause: Limit one of each Pok\u00e9mon\n|rule|HP Percentage Mod: HP is shown in percentages\n|rule|Sleep Clause Mod: Limit one foe put to sleep\n|rule|Illusion Level Mod: Illusion disguises the Pok\u00e9mon's true level\n|\n|t:|1725089657\n|start\n|switch|p1a: Iron Boulder|Iron Boulder, L77|265/265\n|switch|p2a: Terapagos|Terapagos, L76, M|262/262\n|-activate|p2a: Terapagos|ability: Tera Shift\n|detailschange|p2a: Terapagos|Terapagos-Terastal, L76, M\n|-heal|p2a: Terapagos|269/269|[silent]\n|turn|1\n|\n|t:|1725089677\n|-end|p1a: Iron Boulder|Quark Drive|[silent]\n|switch|p1a: Clodsire|Clodsire, L81, F|343/343\n|switch|p2a: Gholdengo|Gholdengo, L77|261/261\n|\n|upkeep\n|turn|2\n|\n|t:|1725089689\n|switch|p1a: Lumineon|Lumineon, L93, F|279/279\n|move|p2a: Gholdengo|Trick|p1a: Lumineon\n|-activate|p2a: Gholdengo|move: Trick|[of] p1a: Lumineon\n|-item|p1a: Lumineon|Choice Scarf|[from] move: Trick\n|-item|p2a: Gholdengo|Life Orb|[from] move: Trick\n|\n|upkeep\n|turn|3\n|inactive|Battle timer is ON: inactive players will automatically lose when time's up. (requested by randbats addict)\n|\n|t:|1725089704\n|switch|p2a: Masquerain|Masquerain, L87, F|264/264\n|-ability|p2a: Masquerain|Intimidate|boost\n|-unboost|p1a: Lumineon|atk|1\n|move|p1a: Lumineon|Hydro Pump|p2a: Masquerain|[miss]\n|-miss|p1a: Lumineon|p2a: Masquerain\n|\n|upkeep\n|turn|4\n|\n|t:|1725089711\n|switch|p1a: Clodsire|Clodsire, L81, F|343/343\n|move|p2a: Masquerain|Sticky Web|p1a: Clodsire\n|-sidestart|p1: randbats addict|move: Sticky Web\n|\n|upkeep\n|turn|5\n|\n|t:|1725089717\n|move|p2a: Masquerain|Hydro Pump|p1a: Clodsire\n|-supereffective|p1a: Clodsire\n|-damage|p1a: Clodsire|181/343\n|move|p1a: Clodsire|Toxic Spikes|p2a: Masquerain\n|-sidestart|p2: Alpha Tw|move: Toxic Spikes\n|\n|-heal|p1a: Clodsire|202/343|[from] item: Leftovers\n|upkeep\n|turn|6\n|\n|t:|1725089731\n|-terastallize|p1a: Clodsire|Flying\n|move|p2a: Masquerain|Hydro Pump|p1a: Clodsire\n|-damage|p1a: Clodsire|122/343\n|move|p1a: Clodsire|Recover|p1a: Clodsire\n|-heal|p1a: Clodsire|294/343\n|\n|-heal|p1a: Clodsire|315/343|[from] item: Leftovers\n|upkeep\n|turn|7\n|\n|t:|1725089741\n|switch|p2a: Arbok|Arbok, L87, M|246/246\n|-sideend|p2: Alpha Tw|move: Toxic Spikes|[of] p2a: Arbok\n|-ability|p2a: Arbok|Intimidate|boost\n|-unboost|p1a: Clodsire|atk|1\n|move|p1a: Clodsire|Toxic Spikes|p2a: Arbok\n|-sidestart|p2: Alpha Tw|move: Toxic Spikes\n|\n|-heal|p1a: Clodsire|336/343|[from] item: Leftovers\n|upkeep\n|turn|8\n|\n|t:|1725089747\n|switch|p1a: Farigiraf|Farigiraf, L91, F|366/366\n|-activate|p1a: Farigiraf|move: Sticky Web\n|-unboost|p1a: Farigiraf|spe|1\n|move|p2a: Arbok|Trailblaze|p1a: Farigiraf\n|-ability|p1a: Farigiraf|Sap Sipper|boost\n|-boost|p1a: Farigiraf|atk|1\n|\n|upkeep\n|turn|9\n|\n|t:|1725089753\n|move|p2a: Arbok|Gunk Shot|p1a: Farigiraf|[miss]\n|-miss|p2a: Arbok|p1a: Farigiraf\n|move|p1a: Farigiraf|Body Slam|p2a: Arbok\n|-damage|p2a: Arbok|78/246\n|-status|p2a: Arbok|par\n|\n|-heal|p2a: Arbok|93/246 par|[from] item: Leftovers\n|upkeep\n|turn|10\n|\n|t:|1725089770\n|move|p1a: Farigiraf|Body Slam|p2a: Arbok\n|-damage|p2a: Arbok|0 fnt\n|faint|p2a: Arbok\n|\n|upkeep\n|\n|t:|1725089772\n|switch|p2a: Gholdengo|Gholdengo, L77|261/261\n|turn|11\n|\n|t:|1725089788\n|move|p2a: Gholdengo|Trick|p1a: Farigiraf\n|-activate|p2a: Gholdengo|move: Trick|[of] p1a: Farigiraf\n|-item|p1a: Farigiraf|Life Orb|[from] move: Trick\n|-item|p2a: Gholdengo|Leftovers|[from] move: Trick\n|move|p1a: Farigiraf|Psychic Noise|p2a: Gholdengo\n|-resisted|p2a: Gholdengo\n|-damage|p2a: Gholdengo|195/261\n|-start|p2a: Gholdengo|move: Heal Block\n|-damage|p1a: Farigiraf|330/366|[from] item: Life Orb\n|\n|upkeep\n|turn|12\n|\n|t:|1725089804\n|move|p2a: Gholdengo|Make It Rain|p1a: Farigiraf\n|-damage|p1a: Farigiraf|179/366\n|-unboost|p2a: Gholdengo|spa|1\n|move|p1a: Farigiraf|Psychic Noise|p2a: Gholdengo\n|-resisted|p2a: Gholdengo\n|-damage|p2a: Gholdengo|126/261\n|-damage|p1a: Farigiraf|143/366|[from] item: Life Orb\n|\n|-end|p2a: Gholdengo|move: Heal Block\n|upkeep\n|turn|13\n|\n|t:|1725089809\n|move|p2a: Gholdengo|Make It Rain|p1a: Farigiraf\n|-damage|p1a: Farigiraf|40/366\n|-unboost|p2a: Gholdengo|spa|1\n|move|p1a: Farigiraf|Wish|p1a: Farigiraf\n|\n|-heal|p2a: Gholdengo|142/261|[from] item: Leftovers\n|upkeep\n|turn|14\n|\n|t:|1725089816\n|switch|p2a: Terapagos|Terapagos-Terastal, L76, M|269/269\n|move|p1a: Farigiraf|Protect||[still]\n|-fail|p1a: Farigiraf\n|\n|-heal|p1a: Farigiraf|223/366|[from] move: Wish|[wisher] Farigiraf\n|upkeep\n|turn|15\n|\n|t:|1725089824\n|move|p2a: Terapagos|Calm Mind|p2a: Terapagos\n|-boost|p2a: Terapagos|spa|1\n|-boost|p2a: Terapagos|spd|1\n|move|p1a: Farigiraf|Body Slam|p2a: Terapagos\n|-activate|p2a: Terapagos|ability: Tera Shell\n|-resisted|p2a: Terapagos\n|-damage|p2a: Terapagos|182/269\n|-status|p2a: Terapagos|par\n|-damage|p1a: Farigiraf|187/366|[from] item: Life Orb\n|\n|upkeep\n|turn|16\n|\n|t:|1725089829\n|switch|p1a: Clodsire|Clodsire, L81, F, tera:Flying|336/343\n|move|p2a: Terapagos|Tera Starstorm|p1a: Clodsire\n|-damage|p1a: Clodsire|227/343\n|\n|-heal|p1a: Clodsire|248/343|[from] item: Leftovers\n|upkeep\n|turn|17\n|\n|t:|1725089842\n|move|p2a: Terapagos|Tera Starstorm|p1a: Clodsire\n|-crit|p1a: Clodsire\n|-damage|p1a: Clodsire|100/343\n|move|p1a: Clodsire|Toxic Spikes|p2a: Terapagos\n|-sidestart|p2: Alpha Tw|move: Toxic Spikes\n|\n|-heal|p1a: Clodsire|121/343|[from] item: Leftovers\n|upkeep\n|turn|18\n|\n|t:|1725089846\n|move|p2a: Terapagos|Rapid Spin|p1a: Clodsire\n|-damage|p1a: Clodsire|57/343\n|-boost|p2a: Terapagos|spe|1\n|-sideend|p2: Alpha Tw|Toxic Spikes|[from] move: Rapid Spin|[of] p2a: Terapagos\n|move|p1a: Clodsire|Recover|p1a: Clodsire\n|-heal|p1a: Clodsire|229/343\n|\n|-heal|p1a: Clodsire|250/343|[from] item: Leftovers\n|upkeep\n|turn|19\n|\n|t:|1725089850\n|cant|p2a: Terapagos|par\n|move|p1a: Clodsire|Toxic Spikes|p2a: Terapagos\n|-sidestart|p2: Alpha Tw|move: Toxic Spikes\n|\n|-heal|p1a: Clodsire|271/343|[from] item: Leftovers\n|upkeep\n|turn|20\n|\n|t:|1725089855\n|move|p2a: Terapagos|Tera Starstorm|p1a: Clodsire\n|-damage|p1a: Clodsire|172/343\n|move|p1a: Clodsire|Earthquake|p2a: Terapagos\n|-damage|p2a: Terapagos|104/269 par\n|\n|-heal|p1a: Clodsire|193/343|[from] item: Leftovers\n|upkeep\n|turn|21\n|\n|t:|1725089858\n|move|p2a: Terapagos|Rapid Spin|p1a: Clodsire\n|-damage|p1a: Clodsire|135/343\n|-boost|p2a: Terapagos|spe|1\n|-sideend|p2: Alpha Tw|Toxic Spikes|[from] move: Rapid Spin|[of] p2a: Terapagos\n|move|p1a: Clodsire|Recover|p1a: Clodsire\n|-heal|p1a: Clodsire|307/343\n|\n|-heal|p1a: Clodsire|328/343|[from] item: Leftovers\n|upkeep\n|turn|22\n|\n|t:|1725089864\n|switch|p2a: Regirock|Regirock, L83|268/268\n|move|p1a: Clodsire|Toxic Spikes|p2a: Regirock\n|-sidestart|p2: Alpha Tw|move: Toxic Spikes\n|\n|-heal|p1a: Clodsire|343/343|[from] item: Leftovers\n|upkeep\n|turn|23\n|\n|t:|1725089875\n|switch|p1a: Falinks|Falinks, L85|249/249\n|-activate|p1a: Falinks|move: Sticky Web\n|-unboost|p1a: Falinks|spe|1\n|-ability|p1a: Falinks|Defiant|boost\n|-boost|p1a: Falinks|atk|2\n|move|p2a: Regirock|Stone Edge|p1a: Falinks\n|-resisted|p1a: Falinks\n|-damage|p1a: Falinks|205/249\n|\n|upkeep\n|turn|24\n|\n|t:|1725089893\n|switch|p2a: Masquerain|Masquerain, L87, F|264/264\n|-ability|p2a: Masquerain|Intimidate|boost\n|-unboost|p1a: Falinks|atk|1\n|-ability|p1a: Falinks|Defiant|boost\n|-boost|p1a: Falinks|atk|2\n|move|p1a: Falinks|Knock Off|p2a: Masquerain\n|-damage|p2a: Masquerain|0 fnt\n|-enditem|p2a: Masquerain|Heavy-Duty Boots|[from] move: Knock Off|[of] p1a: Falinks\n|faint|p2a: Masquerain\n|-damage|p1a: Falinks|181/249|[from] item: Life Orb\n|\n|upkeep\n|\n|t:|1725089905\n|switch|p2a: Gholdengo|Gholdengo, L77|142/261\n|turn|25\n|\n|t:|1725089909\n|switch|p1a: Lumineon|Lumineon, L93, F|279/279\n|-activate|p1a: Lumineon|move: Sticky Web\n|-unboost|p1a: Lumineon|spe|1\n|move|p2a: Gholdengo|Make It Rain|p1a: Lumineon\n|-resisted|p1a: Lumineon\n|-damage|p1a: Lumineon|215/279\n|-unboost|p2a: Gholdengo|spa|1\n|\n|-heal|p2a: Gholdengo|158/261|[from] item: Leftovers\n|upkeep\n|turn|26\n|\n|t:|1725089922\n|move|p1a: Lumineon|Hydro Pump|p2a: Gholdengo\n|-damage|p2a: Gholdengo|49/261\n|move|p2a: Gholdengo|Shadow Ball|p1a: Lumineon\n|-damage|p1a: Lumineon|164/279\n|\n|-heal|p2a: Gholdengo|65/261|[from] item: Leftovers\n|upkeep\n|turn|27\n|\n|t:|1725089926\n|move|p1a: Lumineon|Hydro Pump|p2a: Gholdengo\n|-damage|p2a: Gholdengo|0 fnt\n|faint|p2a: Gholdengo\n|\n|upkeep\n|c|\u2606randbats addict|gg\n|\n|t:|1725089943\n|switch|p2a: Terapagos|Terapagos-Terastal, L76, M|104/269 par\n|turn|28\n|\n|t:|1725089946\n|move|p1a: Lumineon|Hydro Pump|p2a: Terapagos\n|-damage|p2a: Terapagos|1/269 par\n|cant|p2a: Terapagos|par\n|\n|upkeep\n|turn|29\n|\n|t:|1725089954\n|move|p1a: Lumineon|Hydro Pump|p2a: Terapagos\n|-damage|p2a: Terapagos|0 fnt\n|faint|p2a: Terapagos\n|\n|upkeep\n|\n|t:|1725089958\n|switch|p2a: Passimian|Passimian, L83, M|302/302\n|-status|p2a: Passimian|psn\n|turn|30\n|\n|t:|1725089964\n|switch|p1a: Clodsire|Clodsire, L81, F, tera:Flying|343/343\n|move|p2a: Passimian|Drain Punch|p1a: Clodsire\n|-resisted|p1a: Clodsire\n|-damage|p1a: Clodsire|276/343\n|\n|-heal|p1a: Clodsire|297/343|[from] item: Leftovers\n|-damage|p2a: Passimian|265/302 psn|[from] psn\n|upkeep\n|turn|31\n|\n|t:|1725089972\n|move|p2a: Passimian|Knock Off|p1a: Clodsire\n|-damage|p1a: Clodsire|188/343\n|-enditem|p1a: Clodsire|Leftovers|[from] move: Knock Off|[of] p2a: Passimian\n|move|p1a: Clodsire|Earthquake|p2a: Passimian\n|-damage|p2a: Passimian|187/302 psn\n|\n|-heal|p2a: Passimian|205/302 psn|[from] item: Leftovers\n|-damage|p2a: Passimian|168/302 psn|[from] psn\n|upkeep\n|turn|32\n|\n|t:|1725089974\n|move|p2a: Passimian|Gunk Shot|p1a: Clodsire\n|-damage|p1a: Clodsire|47/343\n|move|p1a: Clodsire|Earthquake|p2a: Passimian\n|-damage|p2a: Passimian|90/302 psn\n|\n|-heal|p2a: Passimian|108/302 psn|[from] item: Leftovers\n|-damage|p2a: Passimian|71/302 psn|[from] psn\n|upkeep\n|turn|33\n|\n|t:|1725089977\n|move|p2a: Passimian|Drain Punch|p1a: Clodsire\n|-resisted|p1a: Clodsire\n|-damage|p1a: Clodsire|0 fnt\n|-heal|p2a: Passimian|95/302 psn|[from] drain|[of] p1a: Clodsire\n|faint|p1a: Clodsire\n|\n|-heal|p2a: Passimian|113/302 psn|[from] item: Leftovers\n|-damage|p2a: Passimian|76/302 psn|[from] psn\n|upkeep\n|\n|t:|1725089981\n|switch|p1a: Lumineon|Lumineon, L93, F|164/279\n|-activate|p1a: Lumineon|move: Sticky Web\n|-unboost|p1a: Lumineon|spe|1\n|turn|34\n|\n|t:|1725089984\n|move|p1a: Lumineon|Alluring Voice|p2a: Passimian\n|-supereffective|p2a: Passimian\n|-damage|p2a: Passimian|0 fnt\n|faint|p2a: Passimian\n|\n|upkeep\n|\n|t:|1725089986\n|switch|p2a: Regirock|Regirock, L83|268/268\n|-status|p2a: Regirock|psn\n|turn|35\n|\n|t:|1725089989\n|switch|p1a: Falinks|Falinks, L85|181/249\n|-activate|p1a: Falinks|move: Sticky Web\n|-unboost|p1a: Falinks|spe|1\n|-ability|p1a: Falinks|Defiant|boost\n|-boost|p1a: Falinks|atk|2\n|move|p2a: Regirock|Stone Edge|p1a: Falinks\n|-resisted|p1a: Falinks\n|-damage|p1a: Falinks|133/249\n|\n|-damage|p2a: Regirock|235/268 psn|[from] psn\n|upkeep\n|turn|36\n|c|\u2606randbats addict|gg\n|\n|t:|1725090003\n|move|p2a: Regirock|Body Press|p1a: Falinks\n|-damage|p1a: Falinks|48/249\n|move|p1a: Falinks|No Retreat|p1a: Falinks\n|-boost|p1a: Falinks|atk|1\n|-boost|p1a: Falinks|def|1\n|-boost|p1a: Falinks|spa|1\n|-boost|p1a: Falinks|spd|1\n|-boost|p1a: Falinks|spe|1\n|-start|p1a: Falinks|move: No Retreat\n|\n|-damage|p2a: Regirock|202/268 psn|[from] psn\n|upkeep\n|turn|37\n|\n|t:|1725090008\n|move|p1a: Falinks|Close Combat|p2a: Regirock\n|-supereffective|p2a: Regirock\n|-damage|p2a: Regirock|0 fnt\n|-unboost|p1a: Falinks|def|1\n|-unboost|p1a: Falinks|spd|1\n|faint|p2a: Regirock\n|-damage|p1a: Falinks|24/249|[from] item: Life Orb\n|\n|win|randbats addict\n|raw|randbats addict's rating: 2185 &rarr; <strong>2213</strong><br />(+28 for winning)\n|raw|Alpha Tw's rating: 2325 &rarr; <strong>2297</strong><br />(-28 for losing)\n|l|\u2606Alpha Tw\n|player|p2|\n", "inputlog": ">version b487ee646cb6fecaf610a76141b0ec5b10a125c1\n>start {\"formatid\":\"gen9randombattle\",\"seed\":[3355,23403,58343,15403],\"rated\":\"Rated battle\"}\n>player p1 {\"name\":\"randbats addict\",\"avatar\":\"lady\",\"rating\":2185,\"seed\":[26081,17526,62725,54819]}\n>player p2 {\"name\":\"Alpha Tw\",\"avatar\":\"n\",\"rating\":2308,\"seed\":[12619,63028,53221,20446]}\n>p1 switch 2\n>p2 switch 2\n>p1 switch 6\n>p2 move trick\n>p1 move hydropump\n>p2 switch 5\n>p1 switch 6\n>p2 move stickyweb\n>p1 move toxicspikes\n>p2 move hydropump\n>p1 move recover terastallize\n>p2 move hydropump\n>p1 move toxicspikes\n>p2 switch 4\n>p1 switch 5\n>p2 move trailblaze\n>p1 move bodyslam\n>p2 move gunkshot\n>p1 move bodyslam\n>p2 move gunkshot\n>p2 switch 5\n>p1 move psychicnoise\n>p2 move trick\n>p1 move psychicnoise\n>p2 move makeitrain\n>p1 move wish\n>p2 move makeitrain\n>p1 move protect\n>p2 switch 2\n>p1 move bodyslam\n>p2 move calmmind\n>p1 switch 5\n>p2 move terastarstorm\n>p1 move toxicspikes\n>p2 move terastarstorm\n>p1 move recover\n>p2 move rapidspin\n>p1 move toxicspikes\n>p2 move terastarstorm\n>p1 move earthquake\n>p2 move terastarstorm\n>p1 move recover\n>p2 move rapidspin\n>p1 move toxicspikes\n>p2 switch 3\n>p1 switch 4\n>p2 move stoneedge\n>p1 move knockoff\n>p2 switch 4\n>p2 switch 2\n>p1 switch 6\n>p2 move makeitrain\n>p1 move hydropump\n>p2 move shadowball\n>p1 move hydropump\n>p2 move shadowball\n>chat \u2606randbats addict|gg\n>p2 switch 3\n>p1 move hydropump\n>p2 move rapidspin\n>p1 move hydropump\n>p2 move rapidspin\n>p2 switch 6\n>p1 switch 4\n>p2 move drainpunch\n>p1 move earthquake\n>p2 move knockoff\n>p1 move earthquake\n>p2 move gunkshot\n>p1 move earthquake\n>p2 move drainpunch\n>p1 switch 4\n>p1 move alluringvoice\n>p2 move drainpunch\n>p2 switch 4\n>p1 switch 6\n>p2 move stoneedge\n>chat \u2606randbats addict|gg\n>p1 move noretreat\n>p2 move bodypress\n>p1 move closecombat\n>p2 move bodypress", "uploadtime": 1725090011, "views": 103, "formatid": "gen9randombattle", "rating": 2213, "private": 0, "password": null}