{"id": "gen9randombattle-2191856302", "format": "[Gen 9] Random Battle", "players": ["Qiuescent", "Son of Sandslash"], "log": "|j|\u203dQiuescent\n|j|\u2606Son of Sandslash\n|t:|1725129971\n|gametype|singles\n|player|p1|Qiuescent|1|2224\n|player|p2|Son of Sandslash|alder|2299\n|teamsize|p1|6\n|teamsize|p2|6\n|gen|9\n|tier|[Gen 9] Random Battle\n|rated|\n|rule|Species Clause: Limit one of each Pok\u00e9mon\n|rule|HP Percentage Mod: HP is shown in percentages\n|rule|Sleep Clause Mod: Limit one foe put to sleep\n|rule|Illusion Level Mod: Illusion disguises the Pok\u00e9mon's true level\n|\n|t:|1725129971\n|start\n|switch|p1a: Politoed|Politoed, L88, F|302/302\n|switch|p2a: Iron Boulder|Iron Boulder, L77|265/265\n|-weather|RainDance|[from] ability: Drizzle|[of] p1a: Politoed\n|turn|1\n|inactive|Battle timer is ON: inactive players will automatically lose when time's up. (requested by Qiuescent)\n|inactive|Son of Sandslash has 120 seconds left.\n|\n|t:|1725130015\n|-end|p2a: Iron Boulder|Quark Drive|[silent]\n|switch|p2a: Iron Leaves|Iron Leaves, L80|275/275\n|move|p1a: Politoed|Weather Ball|p2a: Iron Leaves\n|-resisted|p2a: Iron Leaves\n|-damage|p2a: Iron Leaves|173/275\n|\n|-weather|RainDance|[upkeep]\n|upkeep\n|turn|2\n|\n|t:|1725130021\n|switch|p1a: Bronzong|Bronzong, L88|261/261\n|move|p2a: Iron Leaves|Leaf Blade|p1a: Bronzong\n|-resisted|p1a: Bronzong\n|-damage|p1a: Bronzong|208/261\n|-damage|p2a: Iron Leaves|146/275|[from] item: Life Orb\n|\n|-weather|RainDance|[upkeep]\n|-heal|p1a: Bronzong|224/261|[from] item: Leftovers\n|upkeep\n|turn|3\n|\n|t:|1725130031\n|-end|p2a: Iron Leaves|Quark Drive|[silent]\n|switch|p2a: Electivire|Electivire, L84, M|263/263\n|move|p1a: Bronzong|Iron Defense|p1a: Bronzong\n|-boost|p1a: Bronzong|def|2\n|\n|-weather|RainDance|[upkeep]\n|-heal|p1a: Bronzong|240/261|[from] item: Leftovers\n|upkeep\n|turn|4\n|\n|t:|1725130035\n|move|p2a: Electivire|Volt Switch|p1a: Bronzong\n|-damage|p1a: Bronzong|161/261\n|-damage|p2a: Electivire|237/263|[from] item: Life Orb\n|\n|t:|1725130051\n|switch|p2a: Quagsire|Quagsire, L84, M|297/297|[from] Volt Switch\n|move|p1a: Bronzong|Body Press|p2a: Quagsire\n|-damage|p2a: Quagsire|226/297\n|\n|-weather|RainDance|[upkeep]\n|-heal|p1a: Bronzong|177/261|[from] item: Leftovers\n|-heal|p2a: Quagsire|244/297|[from] item: Leftovers\n|upkeep\n|turn|5\n|\n|t:|1725130055\n|move|p1a: Bronzong|Psychic Noise|p2a: Quagsire\n|-damage|p2a: Quagsire|156/297\n|-start|p2a: Quagsire|move: Heal Block\n|move|p2a: Quagsire|Ice Beam|p1a: Bronzong\n|-resisted|p1a: Bronzong\n|-damage|p1a: Bronzong|158/261\n|\n|-weather|none\n|-heal|p1a: Bronzong|174/261|[from] item: Leftovers\n|upkeep\n|turn|6\n|\n|t:|1725130070\n|switch|p2a: Magmortar|Magmortar, L88, M|275/275\n|move|p1a: Bronzong|Psychic Noise|p2a: Magmortar\n|-damage|p2a: Magmortar|200/275\n|-start|p2a: Magmortar|move: Heal Block\n|\n|-heal|p1a: Bronzong|190/261|[from] item: Leftovers\n|upkeep\n|turn|7\n|\n|t:|1725130078\n|switch|p1a: Sandaconda|Sandaconda, L84, F|258/258\n|move|p2a: Magmortar|Thunderbolt|p1a: Sandaconda\n|-immune|p1a: Sandaconda\n|\n|-end|p2a: Magmortar|move: Heal Block\n|upkeep\n|turn|8\n|\n|t:|1725130086\n|switch|p2a: Iron Leaves|Iron Leaves, L80|146/275\n|move|p1a: Sandaconda|Glare|p2a: Iron Leaves\n|-status|p2a: Iron Leaves|par\n|\n|upkeep\n|turn|9\n|\n|t:|1725130091\n|switch|p1a: Vikavolt|Vikavolt, L83, F|263/263\n|move|p2a: Iron Leaves|Leaf Blade|p1a: Vikavolt\n|-resisted|p1a: Vikavolt\n|-damage|p1a: Vikavolt|193/263\n|-damage|p2a: Iron Leaves|119/275 par|[from] item: Life Orb\n|\n|upkeep\n|turn|10\n|\n|t:|1725130097\n|-end|p2a: Iron Leaves|Quark Drive|[silent]\n|switch|p2a: Magmortar|Magmortar, L88, M|200/275\n|move|p1a: Vikavolt|Sticky Web|p2a: Magmortar\n|-sidestart|p2: Son of Sandslash|move: Sticky Web\n|\n|upkeep\n|turn|11\n|\n|t:|1725130103\n|switch|p1a: Sandaconda|Sandaconda, L84, F|258/258\n|move|p2a: Magmortar|Thunderbolt|p1a: Sandaconda\n|-immune|p1a: Sandaconda\n|\n|upkeep\n|turn|12\n|\n|t:|1725130113\n|switch|p2a: Iron Leaves|Iron Leaves, L80|119/275 par\n|-activate|p2a: Iron Leaves|move: Sticky Web\n|-unboost|p2a: Iron Leaves|spe|1\n|move|p1a: Sandaconda|Earthquake|p2a: Iron Leaves\n|-resisted|p2a: Iron Leaves\n|-damage|p2a: Iron Leaves|55/275 par\n|\n|upkeep\n|turn|13\n|\n|t:|1725130119\n|move|p1a: Sandaconda|Earthquake|p2a: Iron Leaves\n|-resisted|p2a: Iron Leaves\n|-damage|p2a: Iron Leaves|0 fnt\n|faint|p2a: Iron Leaves\n|-end|p2a: Iron Leaves|Quark Drive|[silent]\n|\n|upkeep\n|\n|t:|1725130125\n|switch|p2a: Quagsire|Quagsire, L84, M|156/297\n|-activate|p2a: Quagsire|move: Sticky Web\n|-unboost|p2a: Quagsire|spe|1\n|turn|14\n|\n|t:|1725130136\n|switch|p1a: Bronzong|Bronzong, L88|190/261\n|move|p2a: Quagsire|Recover|p2a: Quagsire\n|-heal|p2a: Quagsire|297/297\n|\n|-heal|p1a: Bronzong|206/261|[from] item: Leftovers\n|upkeep\n|turn|15\n|\n|t:|1725130144\n|switch|p2a: Magmortar|Magmortar, L88, M|200/275\n|move|p1a: Bronzong|Psychic Noise|p2a: Magmortar\n|-crit|p2a: Magmortar\n|-damage|p2a: Magmortar|101/275\n|-start|p2a: Magmortar|move: Heal Block\n|\n|-heal|p1a: Bronzong|222/261|[from] item: Leftovers\n|upkeep\n|turn|16\n|\n|t:|1725130148\n|switch|p1a: Sandaconda|Sandaconda, L84, F|258/258\n|move|p2a: Magmortar|Fire Blast|p1a: Sandaconda\n|-damage|p1a: Sandaconda|57/258\n|\n|-heal|p1a: Sandaconda|73/258|[from] item: Leftovers\n|-end|p2a: Magmortar|move: Heal Block\n|upkeep\n|turn|17\n|\n|t:|1725130151\n|move|p2a: Magmortar|Fire Blast|p1a: Sandaconda\n|-damage|p1a: Sandaconda|0 fnt\n|faint|p1a: Sandaconda\n|\n|upkeep\n|\n|t:|1725130155\n|switch|p1a: Politoed|Politoed, L88, F|302/302\n|-weather|RainDance|[from] ability: Drizzle|[of] p1a: Politoed\n|turn|18\n|inactive|Son of Sandslash has 120 seconds left.\n|\n|t:|1725130190\n|move|p2a: Magmortar|Thunderbolt|p1a: Politoed\n|-supereffective|p1a: Politoed\n|-damage|p1a: Politoed|158/302\n|move|p1a: Politoed|Weather Ball|p2a: Magmortar\n|-supereffective|p2a: Magmortar\n|-damage|p2a: Magmortar|0 fnt\n|faint|p2a: Magmortar\n|\n|-weather|RainDance|[upkeep]\n|upkeep\n|\n|t:|1725130195\n|switch|p2a: Electivire|Electivire, L84, M|237/263\n|-activate|p2a: Electivire|move: Sticky Web\n|-unboost|p2a: Electivire|spe|1\n|turn|19\n|\n|t:|1725130198\n|move|p1a: Politoed|Weather Ball|p2a: Electivire\n|-damage|p2a: Electivire|0 fnt\n|faint|p2a: Electivire\n|\n|-weather|RainDance|[upkeep]\n|upkeep\n|\n|t:|1725130201\n|switch|p2a: Dachsbun|Dachsbun, L91, M|252/252\n|-activate|p2a: Dachsbun|move: Sticky Web\n|-unboost|p2a: Dachsbun|spe|1\n|turn|20\n|\n|t:|1725130203\n|move|p1a: Politoed|Weather Ball|p2a: Dachsbun\n|-damage|p2a: Dachsbun|0 fnt\n|faint|p2a: Dachsbun\n|\n|-weather|RainDance|[upkeep]\n|upkeep\n|inactive|Son of Sandslash has 120 seconds left.\n|inactive|Son of Sandslash has 90 seconds left.\n|-message|Son of Sandslash forfeited.\n|\n|win|Qiuescent\n|raw|Qiuescent's rating: 2224 &rarr; <strong>2248</strong><br />(+24 for winning)\n|raw|Son of Sandslash's rating: 2299 &rarr; <strong>2275</strong><br />(-24 for losing)\n|l|\u2606Son of Sandslash\n|player|p2|\n", "inputlog": ">version b487ee646cb6fecaf610a76141b0ec5b10a125c1\n>start {\"formatid\":\"gen9randombattle\",\"seed\":[57408,49438,28285,38497],\"rated\":\"Rated battle\"}\n>player p1 {\"name\":\"Qiuescent\",\"avatar\":\"1\",\"rating\":2224,\"seed\":[11906,31674,38032,61201]}\n>player p2 {\"name\":\"Son of Sandslash\",\"avatar\":\"alder\",\"rating\":2299,\"seed\":[33264,29218,12295,27974]}\n>p1 move weatherball\n>p2 switch 3\n>p1 switch 3\n>p2 move leafblade\n>p1 move irondefense\n>p2 switch 5\n>p1 move bodypress\n>p2 move voltswitch\n>p2 switch 6\n>p1 move psychicnoise\n>p2 move icebeam\n>p1 move psychicnoise\n>p2 switch 2\n>p1 switch 6\n>p2 move thunderbolt\n>p1 move glare\n>p2 switch 5\n>p1 switch 5\n>p2 move leafblade\n>p1 move stickyweb\n>p2 switch 5\n>p1 switch 5\n>p2 move thunderbolt\n>p1 move earthquake\n>p2 switch 5\n>p1 move earthquake\n>p2 move leafblade\n>p2 switch 2\n>p1 switch 6\n>p2 move recover\n>p1 move psychicnoise\n>p2 switch 5\n>p1 switch 6\n>p2 move fireblast\n>p1 move earthquake\n>p2 move fireblast\n>p1 switch 3\n>p1 move weatherball\n>p2 move thunderbolt\n>p2 switch 6\n>p1 move weatherball\n>p2 move supercellslam\n>p2 switch 4\n>p1 move weatherball\n>p2 move wish\n>forcelose p2", "uploadtime": 1725130271, "views": 109, "formatid": "gen9randombattle", "rating": 2248, "private": 0, "password": null}