{"id": "gen9randombattle-2170195906", "format": "[Gen 9] Random Battle", "players": ["scyther225", "Qiuescent"], "log": "|j|\u2606scyther225\n|j|\u203dQiuescent\n|t:|1722355062\n|gametype|singles\n|player|p1|scyther225|acetrainer-gen4dp|2228\n|player|p2|Qiuescent|1|2304\n|teamsize|p1|6\n|teamsize|p2|6\n|gen|9\n|tier|[Gen 9] Random Battle\n|rated|\n|rule|Species Clause: Limit one of each Pok\u00e9mon\n|rule|HP Percentage Mod: HP is shown in percentages\n|rule|Sleep Clause Mod: Limit one foe put to sleep\n|rule|Illusion Level Mod: Illusion disguises the Pok\u00e9mon's true level\n|\n|t:|1722355062\n|start\n|switch|p1a: Conkeldurr|Conkeldurr, L80, M|299/299\n|switch|p2a: Arcanine|Arcanine, L84, M|288/288\n|-ability|p2a: Arcanine|Intimidate|boost\n|-unboost|p1a: Conkeldurr|atk|1\n|turn|1\n|inactive|Battle timer is ON: inactive players will automatically lose when time's up. (requested by Qiuescent)\n|inactive|scyther225 has 120 seconds left.\n|\n|t:|1722355144\n|move|p2a: Arcanine|Flare Blitz|p1a: Conkeldurr\n|-damage|p1a: Conkeldurr|163/299\n|-damage|p2a: Arcanine|243/288|[from] Recoil\n|move|p1a: Conkeldurr|Knock Off|p2a: Arcanine\n|-damage|p2a: Arcanine|181/288\n|-enditem|p2a: Arcanine|Heavy-Duty Boots|[from] move: Knock Off|[of] p1a: Conkeldurr\n|\n|-status|p1a: Conkeldurr|brn|[from] item: Flame Orb\n|upkeep\n|turn|2\n|\n|t:|1722355148\n|switch|p1a: Donphan|Donphan, L84, F|288/288\n|move|p2a: Arcanine|Flare Blitz|p1a: Donphan\n|-damage|p1a: Donphan|171/288\n|-damage|p2a: Arcanine|142/288|[from] Recoil\n|\n|-heal|p1a: Donphan|189/288|[from] item: Leftovers\n|upkeep\n|turn|3\n|\n|t:|1722355151\n|move|p2a: Arcanine|Flare Blitz|p1a: Donphan\n|-damage|p1a: Donphan|78/288\n|-damage|p2a: Arcanine|105/288|[from] Recoil\n|move|p1a: Donphan|Stealth Rock|p2a: Arcanine\n|-sidestart|p2: Qiuescent|move: Stealth Rock\n|\n|-heal|p1a: Donphan|96/288|[from] item: Leftovers\n|upkeep\n|turn|4\n|\n|t:|1722355158\n|switch|p1a: Granbull|Granbull, L88, M|302/302\n|-ability|p1a: Granbull|Intimidate|boost\n|-unboost|p2a: Arcanine|atk|1\n|move|p2a: Arcanine|Flare Blitz|p1a: Granbull\n|-crit|p1a: Granbull\n|-damage|p1a: Granbull|58/302\n|-damage|p2a: Arcanine|24/288|[from] Recoil\n|\n|-heal|p1a: Granbull|76/302|[from] item: Leftovers\n|upkeep\n|turn|5\n|\n|t:|1722355166\n|switch|p1a: Donphan|Donphan, L84, F|96/288\n|move|p2a: Arcanine|Flare Blitz|p1a: Donphan\n|-damage|p1a: Donphan|21/288\n|-damage|p2a: Arcanine|0 fnt|[from] Recoil\n|faint|p2a: Arcanine\n|\n|-heal|p1a: Donphan|39/288|[from] item: Leftovers\n|upkeep\n|\n|t:|1722355172\n|switch|p2a: Samurott|Samurott-Hisui, L77, F|265/265\n|-damage|p2a: Samurott|232/265|[from] Stealth Rock\n|turn|6\n|\n|t:|1722355176\n|switch|p1a: Slither Wing|Slither Wing, L81|270/270\n|-enditem|p1a: Slither Wing|Booster Energy\n|-activate|p1a: Slither Wing|ability: Protosynthesis|[fromitem]\n|-start|p1a: Slither Wing|protosynthesisatk\n|move|p2a: Samurott|Ceaseless Edge|p1a: Slither Wing\n|-resisted|p1a: Slither Wing\n|-damage|p1a: Slither Wing|197/270\n|-sidestart|p1: scyther225|Spikes\n|-damage|p2a: Samurott|206/265|[from] item: Life Orb\n|\n|upkeep\n|turn|7\n|inactive|Qiuescent has 120 seconds left.\n|\n|t:|1722355211\n|move|p1a: Slither Wing|Bulk Up|p1a: Slither Wing\n|-boost|p1a: Slither Wing|atk|1\n|-boost|p1a: Slither Wing|def|1\n|move|p2a: Samurott|Razor Shell|p1a: Slither Wing\n|-damage|p1a: Slither Wing|100/270\n|-unboost|p1a: Slither Wing|def|1\n|-damage|p2a: Samurott|180/265|[from] item: Life Orb\n|\n|upkeep\n|turn|8\n|\n|t:|1722355236\n|move|p1a: Slither Wing|Close Combat|p2a: Samurott\n|-supereffective|p2a: Samurott\n|-damage|p2a: Samurott|0 fnt\n|-unboost|p1a: Slither Wing|def|1\n|-unboost|p1a: Slither Wing|spd|1\n|faint|p2a: Samurott\n|\n|upkeep\n|inactive|Qiuescent has 120 seconds left.\n|inactive|Qiuescent has 90 seconds left.\n|\n|t:|1722355281\n|switch|p2a: Ninetales|Ninetales-Alola, L79, M|245/245\n|-damage|p2a: Ninetales|184/245|[from] Stealth Rock\n|-weather|Snow|[from] ability: Snow Warning|[of] p2a: Ninetales\n|turn|9\n|inactive|scyther225 has 120 seconds left.\n|\n|t:|1722355304\n|move|p2a: Ninetales|Blizzard|p1a: Slither Wing\n|-damage|p1a: Slither Wing|0 fnt\n|faint|p1a: Slither Wing\n|-end|p1a: Slither Wing|Protosynthesis|[silent]\n|\n|-weather|Snow|[upkeep]\n|upkeep\n|inactive|scyther225 has 120 seconds left.\n|\n|t:|1722355318\n|switch|p1a: Espeon|Espeon, L84, F|246/246\n|-damage|p1a: Espeon|216/246|[from] Spikes\n|turn|10\n|\n|t:|1722355322\n|move|p1a: Espeon|Psychic|p2a: Ninetales\n|-damage|p2a: Ninetales|32/245\n|-damage|p1a: Espeon|192/246|[from] item: Life Orb\n|move|p2a: Ninetales|Aurora Veil|p2a: Ninetales\n|-sidestart|p2: Qiuescent|move: Aurora Veil\n|\n|-weather|Snow|[upkeep]\n|upkeep\n|turn|11\n|\n|t:|1722355326\n|switch|p2a: Meowscarada|Meowscarada, L78, M|247/247\n|-damage|p2a: Meowscarada|217/247|[from] Stealth Rock\n|move|p1a: Espeon|Psychic|p2a: Meowscarada\n|-immune|p2a: Meowscarada\n|\n|-weather|Snow|[upkeep]\n|upkeep\n|turn|12\n|\n|t:|1722355331\n|switch|p1a: Granbull|Granbull, L88, M|76/302\n|-damage|p1a: Granbull|39/302|[from] Spikes\n|-ability|p1a: Granbull|Intimidate|boost\n|-unboost|p2a: Meowscarada|atk|1\n|move|p2a: Meowscarada|Flower Trick|p1a: Granbull\n|-start|p2a: Meowscarada|typechange|Grass|[from] ability: Protean\n|-crit|p1a: Granbull\n|-damage|p1a: Granbull|0 fnt\n|faint|p1a: Granbull\n|-damage|p2a: Meowscarada|193/247|[from] item: Life Orb\n|\n|-weather|Snow|[upkeep]\n|upkeep\n|\n|t:|1722355338\n|switch|p1a: Dragonite|Dragonite, L74, F|257/257\n|turn|13\n|\n|t:|1722355342\n|-terastallize|p1a: Dragonite|Steel\n|move|p2a: Meowscarada|Triple Axel|p1a: Dragonite\n|-resisted|p1a: Dragonite\n|-damage|p1a: Dragonite|254/257\n|-resisted|p1a: Dragonite\n|-damage|p1a: Dragonite|241/257\n|-resisted|p1a: Dragonite\n|-damage|p1a: Dragonite|224/257\n|-hitcount|p1a: Dragonite|3\n|-damage|p2a: Meowscarada|169/247|[from] item: Life Orb\n|move|p1a: Dragonite|Dragon Dance|p1a: Dragonite\n|-boost|p1a: Dragonite|atk|1\n|-boost|p1a: Dragonite|spe|1\n|\n|-weather|none\n|upkeep\n|turn|14\n|\n|t:|1722355346\n|move|p1a: Dragonite|Roost|p1a: Dragonite\n|-heal|p1a: Dragonite|257/257\n|move|p2a: Meowscarada|Knock Off|p1a: Dragonite\n|-damage|p1a: Dragonite|225/257\n|-enditem|p1a: Dragonite|Heavy-Duty Boots|[from] move: Knock Off|[of] p2a: Meowscarada\n|-damage|p2a: Meowscarada|145/247|[from] item: Life Orb\n|\n|upkeep\n|turn|15\n|\n|t:|1722355350\n|switch|p2a: Suicune|Suicune, L82|298/298\n|-damage|p2a: Suicune|261/298|[from] Stealth Rock\n|-ability|p2a: Suicune|Pressure\n|move|p1a: Dragonite|Dragon Dance|p1a: Dragonite\n|-boost|p1a: Dragonite|atk|1\n|-boost|p1a: Dragonite|spe|1\n|\n|-heal|p2a: Suicune|279/298|[from] item: Leftovers\n|upkeep\n|turn|16\n|\n|t:|1722355357\n|move|p1a: Dragonite|Dragon Dance|p1a: Dragonite\n|-boost|p1a: Dragonite|atk|1\n|-boost|p1a: Dragonite|spe|1\n|move|p2a: Suicune|Scald|p1a: Dragonite\n|-damage|p1a: Dragonite|141/257\n|-status|p1a: Dragonite|brn\n|\n|-heal|p2a: Suicune|297/298|[from] item: Leftovers\n|-damage|p1a: Dragonite|125/257 brn|[from] brn\n|upkeep\n|turn|17\n|\n|t:|1722355360\n|move|p1a: Dragonite|Roost|p1a: Dragonite\n|-heal|p1a: Dragonite|254/257 brn\n|move|p2a: Suicune|Scald|p1a: Dragonite\n|-damage|p1a: Dragonite|172/257 brn\n|\n|-heal|p2a: Suicune|298/298|[from] item: Leftovers\n|-damage|p1a: Dragonite|156/257 brn|[from] brn\n|-sideend|p2: Qiuescent|move: Aurora Veil\n|upkeep\n|turn|18\n|\n|t:|1722355363\n|move|p1a: Dragonite|Roost|p1a: Dragonite\n|-heal|p1a: Dragonite|257/257 brn\n|move|p2a: Suicune|Calm Mind|p2a: Suicune\n|-boost|p2a: Suicune|spa|1\n|-boost|p2a: Suicune|spd|1\n|\n|-damage|p1a: Dragonite|241/257 brn|[from] brn\n|upkeep\n|turn|19\n|\n|t:|1722355366\n|move|p1a: Dragonite|Outrage|p2a: Suicune\n|-damage|p2a: Suicune|175/298\n|move|p2a: Suicune|Scald|p1a: Dragonite\n|-damage|p1a: Dragonite|132/257 brn\n|\n|-heal|p2a: Suicune|193/298|[from] item: Leftovers\n|-damage|p1a: Dragonite|116/257 brn|[from] brn\n|upkeep\n|turn|20\n|\n|t:|1722355373\n|move|p1a: Dragonite|Outrage|p2a: Suicune|[from]lockedmove\n|-damage|p2a: Suicune|53/298\n|-start|p1a: Dragonite|confusion|[fatigue]\n|move|p2a: Suicune|Scald|p1a: Dragonite\n|-crit|p1a: Dragonite\n|-damage|p1a: Dragonite|0 fnt\n|faint|p1a: Dragonite\n|\n|-heal|p2a: Suicune|71/298|[from] item: Leftovers\n|upkeep\n|\n|t:|1722355380\n|switch|p1a: Espeon|Espeon, L84, F|192/246\n|-damage|p1a: Espeon|162/246|[from] Spikes\n|turn|21\n|\n|t:|1722355386\n|move|p1a: Espeon|Psychic|p2a: Suicune\n|-damage|p2a: Suicune|0 fnt\n|faint|p2a: Suicune\n|-damage|p1a: Espeon|138/246|[from] item: Life Orb\n|\n|upkeep\n|\n|t:|1722355405\n|switch|p2a: Meowscarada|Meowscarada, L78, M|145/247\n|-damage|p2a: Meowscarada|115/247|[from] Stealth Rock\n|turn|22\n|\n|t:|1722355409\n|switch|p1a: Donphan|Donphan, L84, F|39/288\n|-damage|p1a: Donphan|3/288|[from] Spikes\n|move|p2a: Meowscarada|Flower Trick|p1a: Donphan\n|-start|p2a: Meowscarada|typechange|Grass|[from] ability: Protean\n|-supereffective|p1a: Donphan\n|-crit|p1a: Donphan\n|-damage|p1a: Donphan|0 fnt\n|faint|p1a: Donphan\n|-damage|p2a: Meowscarada|91/247|[from] item: Life Orb\n|\n|upkeep\n|\n|t:|1722355410\n|switch|p1a: Conkeldurr|Conkeldurr, L80, M|163/299 brn\n|-damage|p1a: Conkeldurr|126/299 brn|[from] Spikes\n|turn|23\n|\n|t:|1722355413\n|move|p1a: Conkeldurr|Mach Punch|p2a: Meowscarada\n|-damage|p2a: Meowscarada|0 fnt\n|faint|p2a: Meowscarada\n|\n|-damage|p1a: Conkeldurr|108/299 brn|[from] brn\n|upkeep\n|\n|t:|1722355420\n|switch|p2a: Cinccino|Cinccino, L83, M|260/260\n|-damage|p2a: Cinccino|228/260|[from] Stealth Rock\n|turn|24\n|\n|t:|1722355422\n|move|p1a: Conkeldurr|Mach Punch|p2a: Cinccino\n|-supereffective|p2a: Cinccino\n|-damage|p2a: Cinccino|30/260\n|move|p2a: Cinccino|Bullet Seed|p1a: Conkeldurr\n|-damage|p1a: Conkeldurr|84/299 brn\n|-damage|p1a: Conkeldurr|61/299 brn\n|-damage|p1a: Conkeldurr|35/299 brn\n|-damage|p1a: Conkeldurr|11/299 brn\n|-hitcount|p1a: Conkeldurr|4\n|\n|-damage|p1a: Conkeldurr|0 fnt|[from] brn\n|faint|p1a: Conkeldurr\n|upkeep\n|\n|t:|1722355424\n|switch|p1a: Espeon|Espeon, L84, F|138/246\n|-damage|p1a: Espeon|108/246|[from] Spikes\n|turn|25\n|\n|t:|1722355431\n|move|p2a: Cinccino|Bullet Seed|p1a: Espeon\n|-damage|p1a: Espeon|75/246\n|-damage|p1a: Espeon|39/246\n|-damage|p1a: Espeon|5/246\n|-damage|p1a: Espeon|0 fnt\n|faint|p1a: Espeon\n|-hitcount|p1: Espeon|4\n|\n|win|Qiuescent\n|raw|scyther225's rating: 2228 &rarr; <strong>2212</strong><br />(-16 for losing)\n|raw|Qiuescent's rating: 2304 &rarr; <strong>2320</strong><br />(+16 for winning)\n", "inputlog": ">version 3c8c0ba6a3441824201ce9f0cf68dcc094963845\n>start {\"formatid\":\"gen9randombattle\",\"seed\":[64638,3018,56693,29217],\"rated\":\"Rated battle\"}\n>player p1 {\"name\":\"scyther225\",\"avatar\":\"acetrainer-gen4dp\",\"rating\":2228,\"seed\":[23617,43777,4789,2068]}\n>player p2 {\"name\":\"Qiuescent\",\"avatar\":\"1\",\"rating\":2304,\"seed\":[13592,51504,48353,20279]}\n>p1 move knockoff\n>p2 move flareblitz\n>p1 switch 5\n>p2 move flareblitz\n>p1 move stealthrock\n>p2 move flareblitz\n>p1 switch 3\n>p2 move flareblitz\n>p1 switch 3\n>p2 move flareblitz\n>p2 switch 2\n>p1 switch 2\n>p2 move ceaselessedge\n>p1 move bulkup\n>p2 move razorshell\n>p1 move closecombat\n>p2 move razorshell\n>p2 switch 5\n>p1 move flamecharge\n>p2 move blizzard\n>p1 switch 6\n>p1 move psychic\n>p2 move auroraveil\n>p1 move psychic\n>p2 switch 3\n>p1 switch 3\n>p2 move flowertrick\n>p1 switch 4\n>p1 move dragondance terastallize\n>p2 move tripleaxel\n>p1 move roost\n>p2 move knockoff\n>p1 move dragondance\n>p2 switch 4\n>p1 move dragondance\n>p2 move scald\n>p1 move roost\n>p2 move scald\n>p1 move roost\n>p2 move calmmind\n>p1 move outrage\n>p2 move scald\n>p1 move outrage\n>p2 move scald\n>p1 switch 3\n>p1 move psychic\n>p2 move rest\n>p2 switch 4\n>p1 switch 2\n>p2 move flowertrick\n>p1 switch 5\n>p1 move machpunch\n>p2 move flowertrick\n>p2 switch 6\n>p1 move machpunch\n>p2 move bulletseed\n>p1 switch 2\n>p1 move psychic\n>p2 move bulletseed", "uploadtime": 1722355432, "views": 150, "formatid": "gen9randombattle", "rating": 2212, "private": 0, "password": null}