{"id": "gen9randombattle-2259894908", "format": "[Gen 9] Random Battle", "players": ["Vaporeonlover455", "bbcdadysad"], "log": "|j|\u2606Vaporeonlover455\n|j|\u2606bbcdadysad\n|t:|1733777379\n|gametype|singles\n|player|p1|Vaporeonlover455|supernerd|1142\n|player|p2|bbcdadysad|170|1179\n|teamsize|p1|6\n|teamsize|p2|6\n|gen|9\n|tier|[Gen 9] Random Battle\n|rated|\n|rule|Species Clause: Limit one of each Pok\u00e9mon\n|rule|HP Percentage Mod: HP is shown in percentages\n|rule|Sleep Clause Mod: Limit one foe put to sleep\n|rule|Illusion Level Mod: Illusion disguises the Pok\u00e9mon's true level\n|\n|t:|1733777379\n|start\n|switch|p1a: Rotom|Rotom, L88|231/231\n|switch|p2a: Wyrdeer|Wyrdeer, L87, M|321/321\n|-ability|p2a: Wyrdeer|Intimidate|boost\n|-unboost|p1a: Rotom|atk|1\n|turn|1\n|\n|t:|1733777406\n|move|p1a: Rotom|Will-O-Wisp|p2a: Wyrdeer\n|-status|p2a: Wyrdeer|brn\n|move|p2a: Wyrdeer|Psychic Noise|p1a: Rotom\n|-damage|p1a: Rotom|138/231\n|-start|p1a: Rotom|move: Heal Block\n|\n|-damage|p2a: Wyrdeer|301/321 brn|[from] brn\n|upkeep\n|turn|2\n|\n|t:|1733777427\n|move|p1a: Rotom|Nasty Plot|p1a: Rotom\n|-boost|p1a: Rotom|spa|2\n|move|p2a: Wyrdeer|Psychic Noise|p1a: Rotom\n|-damage|p1a: Rotom|38/231\n|\n|-damage|p2a: Wyrdeer|281/321 brn|[from] brn\n|-end|p1a: Rotom|move: Heal Block\n|upkeep\n|turn|3\n|\n|t:|1733777438\n|move|p1a: Rotom|Thunderbolt|p2a: Wyrdeer\n|-damage|p2a: Wyrdeer|69/321 brn\n|-damage|p1a: Rotom|15/231|[from] item: Life Orb\n|move|p2a: Wyrdeer|Psychic Noise|p1a: Rotom\n|-damage|p1a: Rotom|0 fnt\n|faint|p1a: Rotom\n|\n|-damage|p2a: Wyrdeer|49/321 brn|[from] brn\n|upkeep\n|inactive|Battle timer is ON: inactive players will automatically lose when time's up. (requested by bbcdadysad)\n|\n|t:|1733777458\n|switch|p1a: Victreebel|Victreebel, L90, M|290/290\n|turn|4\n|\n|t:|1733777471\n|move|p1a: Victreebel|Sucker Punch|p2a: Wyrdeer\n|-supereffective|p2a: Wyrdeer\n|-damage|p2a: Wyrdeer|0 fnt\n|faint|p2a: Wyrdeer\n|-damage|p1a: Victreebel|261/290|[from] item: Life Orb\n|\n|upkeep\n|\n|t:|1733777479\n|switch|p2a: Farigiraf|Farigiraf, L91, M|366/366\n|turn|5\n|\n|t:|1733777494\n|-terastallize|p1a: Victreebel|Dark\n|move|p1a: Victreebel|Sucker Punch||[still]\n|-fail|p1a: Victreebel\n|move|p2a: Farigiraf|Wish|p2a: Farigiraf\n|\n|upkeep\n|turn|6\n|\n|t:|1733777499\n|move|p1a: Victreebel|Sucker Punch|p2a: Farigiraf\n|-supereffective|p2a: Farigiraf\n|-damage|p2a: Farigiraf|109/366\n|-damage|p1a: Victreebel|232/290|[from] item: Life Orb\n|move|p2a: Farigiraf|Body Slam|p1a: Victreebel\n|-damage|p1a: Victreebel|115/290\n|\n|-heal|p2a: Farigiraf|292/366|[from] move: Wish|[wisher] Farigiraf\n|-heal|p2a: Farigiraf|314/366|[from] item: Leftovers\n|upkeep\n|turn|7\n|\n|t:|1733777522\n|move|p1a: Victreebel|Sucker Punch||[still]\n|-fail|p1a: Victreebel\n|move|p2a: Farigiraf|Wish|p2a: Farigiraf\n|\n|-heal|p2a: Farigiraf|336/366|[from] item: Leftovers\n|upkeep\n|turn|8\n|\n|t:|1733777536\n|move|p1a: Victreebel|Power Whip|p2a: Farigiraf\n|-ability|p2a: Farigiraf|Sap Sipper|boost\n|-boost|p2a: Farigiraf|atk|1\n|move|p2a: Farigiraf|Body Slam|p1a: Victreebel\n|-damage|p1a: Victreebel|0 fnt\n|faint|p1a: Victreebel\n|\n|-heal|p2a: Farigiraf|366/366|[from] move: Wish|[wisher] Farigiraf\n|upkeep\n|\n|t:|1733777547\n|switch|p1a: Wo-Chien|Wo-Chien, L83|277/277\n|-ability|p1a: Wo-Chien|Tablets of Ruin\n|turn|9\n|\n|t:|1733777561\n|switch|p2a: Mandibuzz|Mandibuzz, L85, F|326/326\n|move|p1a: Wo-Chien|Stun Spore|p2a: Mandibuzz\n|-immune|p2a: Mandibuzz|[from] ability: Overcoat\n|\n|upkeep\n|turn|10\n|\n|t:|1733777572\n|switch|p1a: Suicune|Suicune, L82|298/298\n|-ability|p1a: Suicune|Pressure\n|move|p2a: Mandibuzz|Brave Bird|p1a: Suicune\n|-damage|p1a: Suicune|220/298\n|-damage|p2a: Mandibuzz|300/326|[from] Recoil\n|\n|-heal|p1a: Suicune|238/298|[from] item: Leftovers\n|upkeep\n|turn|11\n|\n|t:|1733777582\n|move|p1a: Suicune|Calm Mind|p1a: Suicune\n|-boost|p1a: Suicune|spa|1\n|-boost|p1a: Suicune|spd|1\n|move|p2a: Mandibuzz|Toxic|p1a: Suicune\n|-status|p1a: Suicune|tox\n|\n|-heal|p1a: Suicune|256/298 tox|[from] item: Leftovers\n|-damage|p1a: Suicune|238/298 tox|[from] psn\n|upkeep\n|turn|12\n|\n|t:|1733777590\n|move|p1a: Suicune|Ice Beam|p2a: Mandibuzz\n|-supereffective|p2a: Mandibuzz\n|-damage|p2a: Mandibuzz|146/326\n|move|p2a: Mandibuzz|Knock Off|p1a: Suicune\n|-damage|p1a: Suicune|166/298 tox\n|-enditem|p1a: Suicune|Leftovers|[from] move: Knock Off|[of] p2a: Mandibuzz\n|\n|-damage|p1a: Suicune|130/298 tox|[from] psn\n|upkeep\n|turn|13\n|\n|t:|1733777601\n|switch|p2a: Farigiraf|Farigiraf, L91, M|366/366\n|move|p1a: Suicune|Ice Beam|p2a: Farigiraf\n|-damage|p2a: Farigiraf|278/366\n|-status|p2a: Farigiraf|frz\n|\n|-heal|p2a: Farigiraf|300/366 frz|[from] item: Leftovers\n|-damage|p1a: Suicune|76/298 tox|[from] psn\n|upkeep\n|turn|14\n|\n|t:|1733777614\n|move|p1a: Suicune|Scald|p2a: Farigiraf\n|-damage|p2a: Farigiraf|168/366 frz\n|-curestatus|p2a: Farigiraf|frz|[msg]\n|move|p2a: Farigiraf|Wish|p2a: Farigiraf\n|\n|-heal|p2a: Farigiraf|190/366|[from] item: Leftovers\n|-damage|p1a: Suicune|4/298 tox|[from] psn\n|upkeep\n|turn|15\n|\n|t:|1733777623\n|move|p2a: Farigiraf|Protect|p2a: Farigiraf\n|-singleturn|p2a: Farigiraf|Protect\n|move|p1a: Suicune|Scald|p2a: Farigiraf\n|-activate|p2a: Farigiraf|move: Protect\n|\n|-heal|p2a: Farigiraf|366/366|[from] move: Wish|[wisher] Farigiraf\n|-damage|p1a: Suicune|0 fnt|[from] psn\n|faint|p1a: Suicune\n|upkeep\n|\n|t:|1733777633\n|switch|p1a: Gallade|Gallade, L81, M|243/243\n|turn|16\n|\n|t:|1733777643\n|switch|p2a: Mandibuzz|Mandibuzz, L85, F|146/326\n|move|p1a: Gallade|Sacred Sword|p2a: Mandibuzz\n|-damage|p2a: Mandibuzz|14/326\n|\n|upkeep\n|turn|17\n|\n|t:|1733777650\n|move|p1a: Gallade|Sacred Sword|p2a: Mandibuzz\n|-damage|p2a: Mandibuzz|0 fnt\n|faint|p2a: Mandibuzz\n|\n|upkeep\n|\n|t:|1733777660\n|switch|p2a: Primarina|Primarina, L83, F|268/268\n|turn|18\n|\n|t:|1733777680\n|switch|p1a: Wo-Chien|Wo-Chien, L83|277/277\n|-ability|p1a: Wo-Chien|Tablets of Ruin\n|move|p2a: Primarina|Draining Kiss|p1a: Wo-Chien\n|-supereffective|p1a: Wo-Chien\n|-damage|p1a: Wo-Chien|173/277\n|\n|-heal|p1a: Wo-Chien|190/277|[from] item: Leftovers\n|upkeep\n|turn|19\n|\n|t:|1733777691\n|switch|p2a: Zamazenta|Zamazenta-Crowned, L68|238/238\n|-ability|p2a: Zamazenta|Dauntless Shield|boost\n|-boost|p2a: Zamazenta|def|1\n|move|p1a: Wo-Chien|Leech Seed|p2a: Zamazenta\n|-start|p2a: Zamazenta|move: Leech Seed\n|\n|-heal|p1a: Wo-Chien|207/277|[from] item: Leftovers\n|-damage|p2a: Zamazenta|209/238|[from] Leech Seed|[of] p1a: Wo-Chien\n|-heal|p1a: Wo-Chien|236/277|[silent]\n|upkeep\n|turn|20\n|\n|t:|1733777701\n|move|p2a: Zamazenta|Iron Defense|p2a: Zamazenta\n|-boost|p2a: Zamazenta|def|2\n|move|p1a: Wo-Chien|Knock Off|p2a: Zamazenta\n|-resisted|p2a: Zamazenta\n|-damage|p2a: Zamazenta|199/238\n|\n|-heal|p1a: Wo-Chien|253/277|[from] item: Leftovers\n|-damage|p2a: Zamazenta|170/238|[from] Leech Seed|[of] p1a: Wo-Chien\n|-heal|p1a: Wo-Chien|277/277|[silent]\n|upkeep\n|turn|21\n|\n|t:|1733777711\n|switch|p1a: Eternatus|Eternatus, L69|308/308\n|-ability|p1a: Eternatus|Pressure\n|move|p2a: Zamazenta|Body Press|p1a: Eternatus\n|-resisted|p1a: Eternatus\n|-damage|p1a: Eternatus|194/308\n|\n|-damage|p2a: Zamazenta|141/238|[from] Leech Seed|[of] p1a: Eternatus\n|-heal|p1a: Eternatus|223/308|[silent]\n|upkeep\n|turn|22\n|\n|t:|1733777726\n|move|p1a: Eternatus|Fire Blast|p2a: Zamazenta\n|-supereffective|p2a: Zamazenta\n|-damage|p2a: Zamazenta|15/238\n|move|p2a: Zamazenta|Iron Defense|p2a: Zamazenta\n|-boost|p2a: Zamazenta|def|2\n|\n|-damage|p2a: Zamazenta|0 fnt|[from] Leech Seed|[of] p1a: Eternatus\n|-heal|p1a: Eternatus|238/308|[silent]\n|faint|p2a: Zamazenta\n|upkeep\n|\n|t:|1733777730\n|switch|p2a: Farigiraf|Farigiraf, L91, M|366/366\n|turn|23\n|\n|t:|1733777739\n|move|p1a: Eternatus|Meteor Beam||[still]\n|-prepare|p1a: Eternatus|Meteor Beam\n|-boost|p1a: Eternatus|spa|1\n|-enditem|p1a: Eternatus|Power Herb\n|-anim|p1a: Eternatus|Meteor Beam|p2a: Farigiraf\n|-damage|p2a: Farigiraf|245/366\n|move|p2a: Farigiraf|Body Slam|p1a: Eternatus\n|-damage|p1a: Eternatus|114/308\n|\n|-heal|p2a: Farigiraf|267/366|[from] item: Leftovers\n|upkeep\n|turn|24\n|\n|t:|1733777753\n|move|p1a: Eternatus|Dynamax Cannon|p2a: Farigiraf\n|-damage|p2a: Farigiraf|105/366\n|move|p2a: Farigiraf|Psychic Noise|p1a: Eternatus\n|-supereffective|p1a: Eternatus\n|-damage|p1a: Eternatus|0 fnt\n|faint|p1a: Eternatus\n|\n|-heal|p2a: Farigiraf|127/366|[from] item: Leftovers\n|upkeep\n|\n|t:|1733777763\n|switch|p1a: Gallade|Gallade, L81, M|243/243\n|turn|25\n|\n|t:|1733777780\n|switch|p2a: Primarina|Primarina, L83, F|268/268\n|move|p1a: Gallade|Night Slash|p2a: Primarina\n|-resisted|p2a: Primarina\n|-crit|p2a: Primarina\n|-damage|p2a: Primarina|195/268\n|\n|-heal|p2a: Primarina|211/268|[from] item: Leftovers\n|upkeep\n|turn|26\n|\n|t:|1733777788\n|switch|p1a: Wo-Chien|Wo-Chien, L83|277/277\n|-ability|p1a: Wo-Chien|Tablets of Ruin\n|move|p2a: Primarina|Draining Kiss|p1a: Wo-Chien\n|-supereffective|p1a: Wo-Chien\n|-damage|p1a: Wo-Chien|175/277\n|-heal|p2a: Primarina|268/268|[from] drain|[of] p1a: Wo-Chien\n|\n|-heal|p1a: Wo-Chien|192/277|[from] item: Leftovers\n|upkeep\n|turn|27\n|\n|t:|1733777806\n|switch|p2a: Farigiraf|Farigiraf, L91, M|127/366\n|move|p1a: Wo-Chien|Leech Seed|p2a: Farigiraf\n|-ability|p2a: Farigiraf|Sap Sipper|boost\n|-boost|p2a: Farigiraf|atk|1\n|\n|-heal|p1a: Wo-Chien|209/277|[from] item: Leftovers\n|-heal|p2a: Farigiraf|149/366|[from] item: Leftovers\n|upkeep\n|turn|28\n|\n|t:|1733777819\n|move|p1a: Wo-Chien|Knock Off|p2a: Farigiraf\n|-supereffective|p2a: Farigiraf\n|-damage|p2a: Farigiraf|0 fnt\n|-enditem|p2a: Farigiraf|Leftovers|[from] move: Knock Off|[of] p1a: Wo-Chien\n|faint|p2a: Farigiraf\n|\n|-heal|p1a: Wo-Chien|226/277|[from] item: Leftovers\n|upkeep\n|\n|t:|1733777821\n|switch|p2a: Primarina|Primarina, L83, F|268/268\n|turn|29\n|inactive|Vaporeonlover455 has 120 seconds left.\n|inactive|bbcdadysad has 120 seconds left.\n|\n|t:|1733777856\n|switch|p2a: Suicune|Suicune, L82|298/298\n|-ability|p2a: Suicune|Pressure\n|move|p1a: Wo-Chien|Leech Seed|p2a: Suicune\n|-start|p2a: Suicune|move: Leech Seed\n|\n|-heal|p1a: Wo-Chien|243/277|[from] item: Leftovers\n|-damage|p2a: Suicune|261/298|[from] Leech Seed|[of] p1a: Wo-Chien\n|-heal|p1a: Wo-Chien|277/277|[silent]\n|upkeep\n|turn|30\n|\n|t:|1733777866\n|move|p2a: Suicune|Calm Mind|p2a: Suicune\n|-boost|p2a: Suicune|spa|1\n|-boost|p2a: Suicune|spd|1\n|move|p1a: Wo-Chien|Stun Spore|p2a: Suicune\n|-status|p2a: Suicune|par\n|\n|-heal|p2a: Suicune|279/298 par|[from] item: Leftovers\n|-damage|p2a: Suicune|242/298 par|[from] Leech Seed|[of] p1a: Wo-Chien\n|upkeep\n|turn|31\n|\n|t:|1733777878\n|move|p1a: Wo-Chien|Knock Off|p2a: Suicune\n|-crit|p2a: Suicune\n|-damage|p2a: Suicune|133/298 par\n|-enditem|p2a: Suicune|Leftovers|[from] move: Knock Off|[of] p1a: Wo-Chien\n|move|p2a: Suicune|Scald|p1a: Wo-Chien\n|-resisted|p1a: Wo-Chien\n|-damage|p1a: Wo-Chien|239/277\n|\n|-heal|p1a: Wo-Chien|256/277|[from] item: Leftovers\n|-damage|p2a: Suicune|96/298 par|[from] Leech Seed|[of] p1a: Wo-Chien\n|-heal|p1a: Wo-Chien|277/277|[silent]\n|upkeep\n|turn|32\n|\n|t:|1733777891\n|move|p1a: Wo-Chien|Protect|p1a: Wo-Chien\n|-singleturn|p1a: Wo-Chien|Protect\n|cant|p2a: Suicune|par\n|\n|-damage|p2a: Suicune|59/298 par|[from] Leech Seed|[of] p1a: Wo-Chien\n|upkeep\n|turn|33\n|\n|t:|1733777897\n|move|p1a: Wo-Chien|Knock Off|p2a: Suicune\n|-crit|p2a: Suicune\n|-damage|p2a: Suicune|0 fnt\n|faint|p2a: Suicune\n|\n|upkeep\n|\n|t:|1733777899\n|switch|p2a: Primarina|Primarina, L83, F|268/268\n|turn|34\n|\n|t:|1733777907\n|move|p1a: Wo-Chien|Stun Spore|p2a: Primarina\n|-status|p2a: Primarina|par\n|move|p2a: Primarina|Calm Mind|p2a: Primarina\n|-boost|p2a: Primarina|spa|1\n|-boost|p2a: Primarina|spd|1\n|\n|upkeep\n|turn|35\n|\n|t:|1733777913\n|move|p1a: Wo-Chien|Leech Seed|p2a: Primarina\n|-start|p2a: Primarina|move: Leech Seed\n|move|p2a: Primarina|Draining Kiss|p1a: Wo-Chien\n|-supereffective|p1a: Wo-Chien\n|-damage|p1a: Wo-Chien|125/277\n|\n|-heal|p1a: Wo-Chien|142/277|[from] item: Leftovers\n|-damage|p2a: Primarina|235/268 par|[from] Leech Seed|[of] p1a: Wo-Chien\n|-heal|p1a: Wo-Chien|175/277|[silent]\n|upkeep\n|turn|36\n|\n|t:|1733777922\n|move|p1a: Wo-Chien|Protect|p1a: Wo-Chien\n|-singleturn|p1a: Wo-Chien|Protect\n|cant|p2a: Primarina|par\n|\n|-heal|p1a: Wo-Chien|192/277|[from] item: Leftovers\n|-heal|p2a: Primarina|251/268 par|[from] item: Leftovers\n|-damage|p2a: Primarina|218/268 par|[from] Leech Seed|[of] p1a: Wo-Chien\n|-heal|p1a: Wo-Chien|225/277|[silent]\n|upkeep\n|turn|37\n|\n|t:|1733777932\n|move|p1a: Wo-Chien|Knock Off|p2a: Primarina\n|-resisted|p2a: Primarina\n|-damage|p2a: Primarina|166/268 par\n|-enditem|p2a: Primarina|Leftovers|[from] move: Knock Off|[of] p1a: Wo-Chien\n|cant|p2a: Primarina|par\n|\n|-heal|p1a: Wo-Chien|242/277|[from] item: Leftovers\n|-damage|p2a: Primarina|133/268 par|[from] Leech Seed|[of] p1a: Wo-Chien\n|-heal|p1a: Wo-Chien|275/277|[silent]\n|upkeep\n|turn|38\n|\n|t:|1733777945\n|move|p1a: Wo-Chien|Knock Off|p2a: Primarina\n|-resisted|p2a: Primarina\n|-damage|p2a: Primarina|100/268 par\n|move|p2a: Primarina|Draining Kiss|p1a: Wo-Chien\n|-supereffective|p1a: Wo-Chien\n|-damage|p1a: Wo-Chien|141/277\n|-heal|p2a: Primarina|201/268 par|[from] drain|[of] p1a: Wo-Chien\n|\n|-heal|p1a: Wo-Chien|158/277|[from] item: Leftovers\n|-damage|p2a: Primarina|168/268 par|[from] Leech Seed|[of] p1a: Wo-Chien\n|-heal|p1a: Wo-Chien|191/277|[silent]\n|upkeep\n|turn|39\n|\n|t:|1733777954\n|move|p1a: Wo-Chien|Protect|p1a: Wo-Chien\n|-singleturn|p1a: Wo-Chien|Protect\n|move|p2a: Primarina|Draining Kiss|p1a: Wo-Chien\n|-activate|p1a: Wo-Chien|move: Protect\n|\n|-heal|p1a: Wo-Chien|208/277|[from] item: Leftovers\n|-damage|p2a: Primarina|135/268 par|[from] Leech Seed|[of] p1a: Wo-Chien\n|-heal|p1a: Wo-Chien|241/277|[silent]\n|upkeep\n|turn|40\n|\n|t:|1733777963\n|move|p1a: Wo-Chien|Protect||[still]\n|-fail|p1a: Wo-Chien\n|move|p2a: Primarina|Draining Kiss|p1a: Wo-Chien\n|-supereffective|p1a: Wo-Chien\n|-damage|p1a: Wo-Chien|101/277\n|-heal|p2a: Primarina|240/268 par|[from] drain|[of] p1a: Wo-Chien\n|\n|-heal|p1a: Wo-Chien|118/277|[from] item: Leftovers\n|-damage|p2a: Primarina|207/268 par|[from] Leech Seed|[of] p1a: Wo-Chien\n|-heal|p1a: Wo-Chien|151/277|[silent]\n|upkeep\n|turn|41\n|\n|t:|1733777973\n|move|p1a: Wo-Chien|Knock Off|p2a: Primarina\n|-resisted|p2a: Primarina\n|-damage|p2a: Primarina|171/268 par\n|cant|p2a: Primarina|par\n|\n|-heal|p1a: Wo-Chien|168/277|[from] item: Leftovers\n|-damage|p2a: Primarina|138/268 par|[from] Leech Seed|[of] p1a: Wo-Chien\n|-heal|p1a: Wo-Chien|201/277|[silent]\n|upkeep\n|turn|42\n|\n|t:|1733777981\n|move|p1a: Wo-Chien|Protect|p1a: Wo-Chien\n|-singleturn|p1a: Wo-Chien|Protect\n|move|p2a: Primarina|Calm Mind|p2a: Primarina\n|-boost|p2a: Primarina|spa|1\n|-boost|p2a: Primarina|spd|1\n|\n|-heal|p1a: Wo-Chien|218/277|[from] item: Leftovers\n|-damage|p2a: Primarina|105/268 par|[from] Leech Seed|[of] p1a: Wo-Chien\n|-heal|p1a: Wo-Chien|251/277|[silent]\n|upkeep\n|turn|43\n|\n|t:|1733777994\n|move|p1a: Wo-Chien|Protect||[still]\n|-fail|p1a: Wo-Chien\n|move|p2a: Primarina|Draining Kiss|p1a: Wo-Chien\n|-supereffective|p1a: Wo-Chien\n|-damage|p1a: Wo-Chien|51/277\n|-heal|p2a: Primarina|255/268 par|[from] drain|[of] p1a: Wo-Chien\n|\n|-heal|p1a: Wo-Chien|68/277|[from] item: Leftovers\n|-damage|p2a: Primarina|222/268 par|[from] Leech Seed|[of] p1a: Wo-Chien\n|-heal|p1a: Wo-Chien|101/277|[silent]\n|upkeep\n|turn|44\n|\n|t:|1733778003\n|move|p1a: Wo-Chien|Knock Off|p2a: Primarina\n|-resisted|p2a: Primarina\n|-damage|p2a: Primarina|189/268 par\n|move|p2a: Primarina|Calm Mind|p2a: Primarina\n|-boost|p2a: Primarina|spa|1\n|-boost|p2a: Primarina|spd|1\n|\n|-heal|p1a: Wo-Chien|118/277|[from] item: Leftovers\n|-damage|p2a: Primarina|156/268 par|[from] Leech Seed|[of] p1a: Wo-Chien\n|-heal|p1a: Wo-Chien|151/277|[silent]\n|upkeep\n|turn|45\n|\n|t:|1733778013\n|move|p1a: Wo-Chien|Protect|p1a: Wo-Chien\n|-singleturn|p1a: Wo-Chien|Protect\n|move|p2a: Primarina|Draining Kiss|p1a: Wo-Chien\n|-activate|p1a: Wo-Chien|move: Protect\n|\n|-heal|p1a: Wo-Chien|168/277|[from] item: Leftovers\n|-damage|p2a: Primarina|123/268 par|[from] Leech Seed|[of] p1a: Wo-Chien\n|-heal|p1a: Wo-Chien|201/277|[silent]\n|upkeep\n|turn|46\n|\n|t:|1733778023\n|move|p1a: Wo-Chien|Protect||[still]\n|-fail|p1a: Wo-Chien\n|move|p2a: Primarina|Draining Kiss|p1a: Wo-Chien\n|-supereffective|p1a: Wo-Chien\n|-damage|p1a: Wo-Chien|0 fnt\n|-heal|p2a: Primarina|268/268 par|[from] drain|[of] p1a: Wo-Chien\n|faint|p1a: Wo-Chien\n|\n|upkeep\n|\n|t:|1733778030\n|switch|p1a: Gallade|Gallade, L81, M|243/243\n|turn|47\n|\n|t:|1733778036\n|move|p1a: Gallade|Leaf Blade|p2a: Primarina\n|-supereffective|p2a: Primarina\n|-damage|p2a: Primarina|0 fnt\n|faint|p2a: Primarina\n|\n|win|Vaporeonlover455\n|raw|Vaporeonlover455's rating: 1142 &rarr; <strong>1170</strong><br />(+28 for winning)\n|raw|bbcdadysad's rating: 1179 &rarr; <strong>1151</strong><br />(-28 for losing)\n|l|\u2606bbcdadysad\n|player|p2|\n", "inputlog": ">version bfd83cad13791eb5a5a409923076391caf6fb4d4\n>start {\"formatid\":\"gen9randombattle\",\"seed\":[57354,14867,52353,51522],\"rated\":\"Rated battle\"}\n>player p1 {\"name\":\"Vaporeonlover455\",\"avatar\":\"supernerd\",\"rating\":1142,\"seed\":[42305,12093,50133,18388]}\n>player p2 {\"name\":\"bbcdadysad\",\"avatar\":\"170\",\"rating\":1179,\"seed\":[10370,35443,34792,8656]}\n>p1 move willowisp\n>p2 move psychicnoise\n>p1 move nastyplot\n>p2 move psychicnoise\n>p1 move thunderbolt\n>p2 move psychicnoise\n>p1 switch 3\n>p1 move suckerpunch\n>p2 move psychicnoise\n>p2 switch 6\n>p1 move suckerpunch terastallize\n>p2 move wish\n>p1 move suckerpunch\n>p2 move bodyslam\n>p1 move suckerpunch\n>p2 move wish\n>p1 move powerwhip\n>p2 move bodyslam\n>p1 switch 4\n>p1 move stunspore\n>p2 switch 4\n>p1 switch 5\n>p2 move bravebird\n>p1 move calmmind\n>p2 move toxic\n>p1 move icebeam\n>p2 move knockoff\n>p1 move icebeam\n>p2 switch 4\n>p1 move scald\n>p2 move wish\n>p1 move scald\n>p2 move protect\n>p1 switch 6\n>p1 move sacredsword\n>p2 switch 4\n>p1 move sacredsword\n>p2 move bravebird\n>p2 switch 3\n>p1 switch 5\n>p2 move drainingkiss\n>p1 move leechseed\n>p2 switch 5\n>p1 move knockoff\n>p2 move irondefense\n>p1 switch 2\n>p2 move bodypress\n>p1 move fireblast\n>p2 move irondefense\n>p2 switch 4\n>p1 move meteorbeam\n>p2 move bodyslam\n>p1 move dynamaxcannon\n>p2 move psychicnoise\n>p1 switch 5\n>p1 move nightslash\n>p2 switch 5\n>p1 switch 2\n>p2 move drainingkiss\n>p1 move leechseed\n>p2 switch 5\n>p1 move knockoff\n>p2 move wish\n>p2 switch 5\n>p1 move leechseed\n>p2 switch 2\n>p1 move stunspore\n>p2 move calmmind\n>p1 move knockoff\n>p2 move scald\n>p1 move protect\n>p2 move scald\n>p1 move knockoff\n>p2 move substitute\n>p2 switch 2\n>p1 move stunspore\n>p2 move calmmind\n>p1 move leechseed\n>p2 move drainingkiss\n>p1 move protect\n>p2 move calmmind\n>p1 move knockoff\n>p2 move calmmind\n>p1 move knockoff\n>p2 move drainingkiss\n>p1 move protect\n>p2 move drainingkiss\n>p1 move protect\n>p2 move drainingkiss\n>p1 move knockoff\n>p2 move calmmind\n>p1 move protect\n>p2 move calmmind\n>p1 move protect\n>p2 move drainingkiss\n>p1 move knockoff\n>p2 move calmmind\n>p1 move protect\n>p2 move drainingkiss\n>p1 move protect\n>p2 move drainingkiss\n>p1 switch 2\n>p1 move leafblade\n>p2 move drainingkiss", "uploadtime": 1733778043, "views": 2, "formatid": "gen9randombattle", "rating": 1151, "private": 0, "password": null}