{"id": "gen9randombattle-2259770239", "format": "[Gen 9] Random Battle", "players": ["pokemontrainer020", "Harryboy92"], "log": "|j|\u2606pokemontrainer020\n|j|\u2606Harryboy92\n|t:|1733765009\n|gametype|singles\n|player|p1|pokemontrainer020|pokemonranger|1205\n|player|p2|Harryboy92|101|1234\n|teamsize|p1|6\n|teamsize|p2|6\n|gen|9\n|tier|[Gen 9] Random Battle\n|rated|\n|rule|Species Clause: Limit one of each Pok\u00e9mon\n|rule|HP Percentage Mod: HP is shown in percentages\n|rule|Sleep Clause Mod: Limit one foe put to sleep\n|rule|Illusion Level Mod: Illusion disguises the Pok\u00e9mon's true level\n|\n|t:|1733765009\n|start\n|switch|p1a: Bellibolt|Bellibolt, L84, M|320/320\n|switch|p2a: Tatsugiri|Tatsugiri-Stretchy, L87, F|260/260\n|turn|1\n|inactive|Battle timer is ON: inactive players will automatically lose when time's up. (requested by Harryboy92)\n|\n|t:|1733765019\n|move|p2a: Tatsugiri|Nasty Plot|p2a: Tatsugiri\n|-boost|p2a: Tatsugiri|spa|2\n|move|p1a: Bellibolt|Muddy Water|p2a: Tatsugiri\n|-ability|p2a: Tatsugiri|Storm Drain|boost\n|-boost|p2a: Tatsugiri|spa|1\n|\n|upkeep\n|turn|2\n|\n|t:|1733765038\n|move|p2a: Tatsugiri|Nasty Plot|p2a: Tatsugiri\n|-boost|p2a: Tatsugiri|spa|2\n|move|p1a: Bellibolt|Volt Switch|p2a: Tatsugiri\n|-damage|p2a: Tatsugiri|182/260\n|\n|t:|1733765041\n|switch|p1a: Staraptor|Staraptor, L79, F|263/263|[from] Volt Switch\n|\n|upkeep\n|turn|3\n|\n|t:|1733765048\n|move|p1a: Staraptor|Brave Bird|p2a: Tatsugiri\n|-damage|p2a: Tatsugiri|0 fnt\n|faint|p2a: Tatsugiri\n|-damage|p1a: Staraptor|203/263|[from] Recoil\n|\n|upkeep\n|\n|t:|1733765066\n|switch|p2a: Rampardos|Rampardos, L90, F|321/321\n|turn|4\n|\n|t:|1733765072\n|switch|p1a: Bellibolt|Bellibolt, L84, M|320/320\n|-terastallize|p2a: Rampardos|Psychic\n|move|p2a: Rampardos|Rock Slide|p1a: Bellibolt\n|-damage|p1a: Bellibolt|86/320\n|-start|p1a: Bellibolt|Charge|Rock Slide|[from] ability: Electromorphosis\n|\n|-heal|p1a: Bellibolt|106/320|[from] item: Leftovers\n|upkeep\n|turn|5\n|\n|t:|1733765086\n|move|p2a: Rampardos|Earthquake|p1a: Bellibolt\n|-supereffective|p1a: Bellibolt\n|-damage|p1a: Bellibolt|0 fnt\n|faint|p1a: Bellibolt\n|-damage|p2a: Rampardos|289/321|[from] item: Life Orb\n|\n|upkeep\n|\n|t:|1733765095\n|switch|p1a: Houndstone|Houndstone, L86, F|264/264\n|turn|6\n|\n|t:|1733765103\n|move|p1a: Houndstone|Poltergeist|p2a: Rampardos\n|-activate|p2a: Rampardos|move: Poltergeist|Life Orb\n|-supereffective|p2a: Rampardos\n|-damage|p2a: Rampardos|0 fnt\n|faint|p2a: Rampardos\n|\n|upkeep\n|\n|t:|1733765116\n|switch|p2a: Hoopa|Hoopa-Unbound, L80|259/259\n|turn|7\n|\n|t:|1733765127\n|move|p2a: Hoopa|Hyperspace Fury|p1a: Houndstone\n|-supereffective|p1a: Houndstone\n|-damage|p1a: Houndstone|24/264\n|-unboost|p2a: Hoopa|def|1\n|move|p1a: Houndstone|Body Press|p2a: Hoopa\n|-damage|p2a: Hoopa|127/259\n|\n|upkeep\n|turn|8\n|\n|t:|1733765135\n|move|p1a: Houndstone|Shadow Sneak|p2a: Hoopa\n|-damage|p2a: Hoopa|36/259\n|move|p2a: Hoopa|Hyperspace Fury|p1a: Houndstone\n|-supereffective|p1a: Houndstone\n|-damage|p1a: Houndstone|0 fnt\n|-unboost|p2a: Hoopa|def|1\n|faint|p1a: Houndstone\n|\n|upkeep\n|\n|t:|1733765144\n|switch|p1a: Azelf|Azelf, L82|257/257\n|turn|9\n|\n|t:|1733765158\n|switch|p2a: Lucario|Lucario, L84, F|255/255\n|move|p1a: Azelf|Thunderbolt|p2a: Lucario\n|-damage|p2a: Lucario|126/255\n|\n|upkeep\n|turn|10\n|\n|t:|1733765168\n|move|p1a: Azelf|Thunderbolt|p2a: Lucario\n|-damage|p2a: Lucario|0 fnt\n|faint|p2a: Lucario\n|\n|upkeep\n|\n|t:|1733765192\n|switch|p2a: Iron Bundle|Iron Bundle, L77|213/213\n|turn|11\n|\n|t:|1733765210\n|move|p2a: Iron Bundle|Substitute|p2a: Iron Bundle\n|-start|p2a: Iron Bundle|Substitute\n|-damage|p2a: Iron Bundle|160/213\n|move|p1a: Azelf|Thunderbolt|p2a: Iron Bundle\n|-supereffective|p2a: Iron Bundle\n|-end|p2a: Iron Bundle|Substitute\n|\n|-heal|p2a: Iron Bundle|173/213|[from] item: Leftovers\n|upkeep\n|turn|12\n|inactive|Harryboy92 has 120 seconds left.\n|\n|t:|1733765227\n|move|p2a: Iron Bundle|Encore|p1a: Azelf\n|-start|p1a: Azelf|Encore\n|move|p1a: Azelf|Thunderbolt|p2a: Iron Bundle\n|-supereffective|p2a: Iron Bundle\n|-damage|p2a: Iron Bundle|0 fnt\n|faint|p2a: Iron Bundle\n|-end|p2a: Iron Bundle|Quark Drive|[silent]\n|\n|upkeep\n|inactive|Harryboy92 has 120 seconds left.\n|c|\u2606pokemontrainer020|im specs\n|\n|t:|1733765236\n|switch|p2a: Vileplume|Vileplume, L85, F|266/266\n|turn|13\n|\n|t:|1733765241\n|switch|p1a: Seviper|Seviper, L93, M|287/287\n|move|p2a: Vileplume|Leech Seed|p1a: Seviper\n|-start|p1a: Seviper|move: Leech Seed\n|\n|-damage|p1a: Seviper|252/287|[from] Leech Seed|[of] p2a: Vileplume\n|upkeep\n|turn|14\n|\n|t:|1733765252\n|move|p1a: Seviper|Swords Dance|p1a: Seviper\n|-boost|p1a: Seviper|atk|2\n|move|p2a: Vileplume|Strength Sap|p1a: Seviper\n|-unboost|p1a: Seviper|atk|1\n|\n|-heal|p1a: Seviper|269/287|[from] item: Leftovers\n|-damage|p1a: Seviper|234/287|[from] Leech Seed|[of] p2a: Vileplume\n|upkeep\n|turn|15\n|\n|t:|1733765257\n|move|p1a: Seviper|Gunk Shot|p2a: Vileplume\n|-damage|p2a: Vileplume|17/266\n|move|p2a: Vileplume|Strength Sap|p1a: Seviper\n|-unboost|p1a: Seviper|atk|1\n|-heal|p2a: Vileplume|266/266\n|\n|-heal|p1a: Seviper|251/287|[from] item: Leftovers\n|-damage|p1a: Seviper|216/287|[from] Leech Seed|[of] p2a: Vileplume\n|upkeep\n|turn|16\n|\n|t:|1733765279\n|move|p1a: Seviper|Gunk Shot|p2a: Vileplume|[miss]\n|-miss|p1a: Seviper|p2a: Vileplume\n|move|p2a: Vileplume|Strength Sap|p1a: Seviper\n|-unboost|p1a: Seviper|atk|1\n|\n|-heal|p1a: Seviper|233/287|[from] item: Leftovers\n|-damage|p1a: Seviper|198/287|[from] Leech Seed|[of] p2a: Vileplume\n|upkeep\n|turn|17\n|\n|t:|1733765298\n|move|p1a: Seviper|Gunk Shot|p2a: Vileplume|[miss]\n|-miss|p1a: Seviper|p2a: Vileplume\n|move|p2a: Vileplume|Sludge Bomb|p1a: Seviper\n|-resisted|p1a: Seviper\n|-crit|p1a: Seviper\n|-damage|p1a: Seviper|96/287\n|\n|-heal|p1a: Seviper|113/287|[from] item: Leftovers\n|-damage|p1a: Seviper|78/287|[from] Leech Seed|[of] p2a: Vileplume\n|upkeep\n|turn|18\n|l|\u2606Harryboy92\n|inactive|Harryboy92 disconnected and has a minute to reconnect!\n|player|p2|\n|j|\u2606Harryboy92\n|inactive|Harryboy92 reconnected and has 105 seconds left.\n|player|p2|Harryboy92|101|\n|inactive|Harryboy92 has 90 seconds left.\n|\n|t:|1733765360\n|move|p1a: Seviper|Gunk Shot|p2a: Vileplume|[miss]\n|-miss|p1a: Seviper|p2a: Vileplume\n|move|p2a: Vileplume|Strength Sap|p1a: Seviper\n|-unboost|p1a: Seviper|atk|1\n|\n|-heal|p1a: Seviper|95/287|[from] item: Leftovers\n|-damage|p1a: Seviper|60/287|[from] Leech Seed|[of] p2a: Vileplume\n|upkeep\n|turn|19\n|\n|t:|1733765372\n|move|p1a: Seviper|Gunk Shot|p2a: Vileplume|[miss]\n|-miss|p1a: Seviper|p2a: Vileplume\n|move|p2a: Vileplume|Giga Drain|p1a: Seviper\n|-resisted|p1a: Seviper\n|-damage|p1a: Seviper|1/287\n|\n|-heal|p1a: Seviper|18/287|[from] item: Leftovers\n|-damage|p1a: Seviper|0 fnt|[from] Leech Seed|[of] p2a: Vileplume\n|faint|p1a: Seviper\n|upkeep\n|\n|t:|1733765378\n|switch|p1a: Staraptor|Staraptor, L79, F|203/263\n|turn|20\n|\n|t:|1733765385\n|move|p1a: Staraptor|Brave Bird|p2a: Vileplume\n|-supereffective|p2a: Vileplume\n|-damage|p2a: Vileplume|0 fnt\n|-status|p1a: Staraptor|psn|[from] ability: Effect Spore|[of] p2a: Vileplume\n|faint|p2a: Vileplume\n|-damage|p1a: Staraptor|115/263 psn|[from] Recoil\n|\n|-damage|p1a: Staraptor|83/263 psn|[from] psn\n|upkeep\n|\n|t:|1733765398\n|switch|p2a: Hoopa|Hoopa-Unbound, L80|36/259\n|turn|21\n|\n|t:|1733765404\n|move|p2a: Hoopa|Psychic|p1a: Staraptor\n|-damage|p1a: Staraptor|0 fnt\n|faint|p1a: Staraptor\n|\n|upkeep\n|\n|t:|1733765417\n|switch|p1a: Ampharos|Ampharos, L88, F|302/302\n|turn|22\n|\n|t:|1733765423\n|move|p2a: Hoopa|Psychic|p1a: Ampharos\n|-damage|p1a: Ampharos|179/302\n|move|p1a: Ampharos|Thunderbolt|p2a: Hoopa\n|-damage|p2a: Hoopa|0 fnt\n|faint|p2a: Hoopa\n|\n|win|pokemontrainer020\n|raw|pokemontrainer020's rating: 1205 &rarr; <strong>1232</strong><br />(+27 for winning)\n|raw|Harryboy92's rating: 1234 &rarr; <strong>1207</strong><br />(-27 for losing)\n", "inputlog": ">version bfd83cad13791eb5a5a409923076391caf6fb4d4\n>start {\"formatid\":\"gen9randombattle\",\"seed\":[22548,54482,11635,19978],\"rated\":\"Rated battle\"}\n>player p1 {\"name\":\"pokemontrainer020\",\"avatar\":\"pokemonranger\",\"rating\":1205,\"seed\":[49570,20374,14021,3109]}\n>player p2 {\"name\":\"Harryboy92\",\"avatar\":\"101\",\"rating\":1234,\"seed\":[59662,28500,64719,4765]}\n>p1 move muddywater\n>p2 move nastyplot\n>p1 move voltswitch\n>p2 move nastyplot\n>p1 switch 5\n>p1 move bravebird\n>p2 move surf\n>p2 switch 5\n>p1 switch 5\n>p2 move rockslide terastallize\n>p1 move thunderbolt\n>p2 move earthquake\n>p1 switch 4\n>p1 move poltergeist\n>p2 move rockslide\n>p2 switch 3\n>p1 move bodypress\n>p2 move hyperspacefury\n>p1 move shadowsneak\n>p2 move hyperspacefury\n>p1 switch 2\n>p1 move thunderbolt\n>p2 switch 6\n>p1 move thunderbolt\n>p2 move flashcannon\n>p2 switch 2\n>p1 move thunderbolt\n>p2 move substitute\n>p1 move thunderbolt\n>p2 move encore\n>chat \u2606pokemontrainer020|im specs\n>p2 switch 4\n>p1 switch 3\n>p2 move leechseed\n>p1 move swordsdance\n>p2 move strengthsap\n>p1 move gunkshot\n>p2 move strengthsap\n>p1 move gunkshot\n>p2 move strengthsap\n>p1 move gunkshot\n>p2 move sludgebomb\n>p1 move gunkshot\n>p2 move strengthsap\n>p1 move gunkshot\n>p2 move gigadrain\n>p1 switch 5\n>p1 move bravebird\n>p2 move sludgebomb\n>p2 switch 6\n>p1 move bravebird\n>p2 move psychic\n>p1 switch 6\n>p1 move thunderbolt\n>p2 move psychic", "uploadtime": 1733765429, "views": 2, "formatid": "gen9randombattle", "rating": 1207, "private": 0, "password": null}