{"id": "gen9randombattle-2204456278", "format": "[Gen 9] Random Battle", "players": ["PrinceOfAllTacos", "RB2T paysa"], "log": "|badge|p2|bronze|gen9randombattle|100-2\n|uhtml|medal-msg|<div class=\"broadcast-blue\">Curious what those medals under the avatar are? PS now has Ladder Seasons! For more information, check out the <a href=\"https://www.smogon.com/forums/threads/3740067/\">thread on Smogon.</a></div>\n|raw|<div class=\"broadcast-blue\"><strong>This battle is required to be public due to a player having a name starting with 'rb2t'.</div>\n|j|\u2606PrinceOfAllTacos\n|j|\u2606RB2T paysa\n|t:|1726678778\n|gametype|singles\n|player|p1|PrinceOfAllTacos|#psplxtournaments|2222\n|player|p2|RB2T paysa|viola-masters|2329\n|teamsize|p1|6\n|teamsize|p2|6\n|gen|9\n|tier|[Gen 9] Random Battle\n|rated|\n|rule|Species Clause: Limit one of each Pok\u00e9mon\n|rule|HP Percentage Mod: HP is shown in percentages\n|rule|Sleep Clause Mod: Limit one foe put to sleep\n|rule|Illusion Level Mod: Illusion disguises the Pok\u00e9mon's true level\n|\n|t:|1726678778\n|start\n|switch|p1a: Krookodile|Krookodile, L80, M|283/283\n|switch|p2a: Armarouge|Armarouge, L80, F|267/267\n|-ability|p1a: Krookodile|Intimidate|boost\n|-unboost|p2a: Armarouge|atk|1\n|turn|1\n|inactive|Battle timer is ON: inactive players will automatically lose when time's up. (requested by RB2T paysa)\n|c|\u2606RB2T paysa|hf\n|c|\u2606PrinceOfAllTacos|you too\n|inactive|PrinceOfAllTacos has 120 seconds left.\n|\n|t:|1726678818\n|switch|p2a: Slaking|Slaking, L84, M|389/389\n|move|p1a: Krookodile|Stealth Rock|p2a: Slaking\n|-sidestart|p2: RB2T paysa|move: Stealth Rock\n|\n|upkeep\n|turn|2\n|\n|t:|1726678826\n|move|p2a: Slaking|Double-Edge|p1a: Krookodile\n|-damage|p1a: Krookodile|0 fnt\n|faint|p1a: Krookodile\n|-damage|p2a: Slaking|296/389|[from] Recoil\n|\n|upkeep\n|j| xhaan\n|\n|t:|1726678839\n|switch|p1a: Kommo-o|Kommo-o, L78, M|245/245\n|turn|3\n|inactive|RB2T paysa has 120 seconds left.\n|l| xhaan\n|\n|t:|1726678890\n|switch|p2a: Metagross|Metagross, L79|256/256\n|-damage|p2a: Metagross|240/256|[from] Stealth Rock\n|move|p1a: Kommo-o|Swords Dance|p1a: Kommo-o\n|-boost|p1a: Kommo-o|atk|2\n|\n|upkeep\n|turn|4\n|inactive|RB2T paysa has 90 seconds left.\n|\n|t:|1726678913\n|switch|p1a: Inteleon|Inteleon, L81, F|246/246\n|move|p2a: Metagross|Heavy Slam|p1a: Inteleon\n|-resisted|p1a: Inteleon\n|-damage|p1a: Inteleon|160/246\n|\n|upkeep\n|turn|5\n|inactive|RB2T paysa has 90 seconds left.\n|\n|t:|1726678927\n|switch|p2a: Sylveon|Sylveon, L85, M|300/300\n|-damage|p2a: Sylveon|263/300|[from] Stealth Rock\n|move|p1a: Inteleon|Scald|p2a: Sylveon\n|-damage|p2a: Sylveon|164/300\n|\n|-heal|p2a: Sylveon|182/300|[from] item: Leftovers\n|upkeep\n|turn|6\n|inactive|RB2T paysa has 90 seconds left.\n|\n|t:|1726678938\n|switch|p1a: Talonflame|Talonflame, L84, F|268/268\n|switch|p2a: Metagross|Metagross, L79|240/256\n|-damage|p2a: Metagross|224/256|[from] Stealth Rock\n|\n|upkeep\n|turn|7\n|inactive|RB2T paysa has 90 seconds left.\n|j| RB2T R\n|\n|t:|1726678973\n|switch|p2a: Armarouge|Armarouge, L80, F|267/267\n|-damage|p2a: Armarouge|201/267|[from] Stealth Rock\n|move|p1a: Talonflame|Swords Dance|p1a: Talonflame\n|-boost|p1a: Talonflame|atk|2\n|\n|upkeep\n|turn|8\n|inactive|RB2T paysa has 60 seconds left.\n|\n|t:|1726678996\n|-terastallize|p1a: Talonflame|Ground\n|move|p1a: Talonflame|Tera Blast|p2a: Armarouge|[anim] Tera Blast Ground\n|-supereffective|p2a: Armarouge\n|-damage|p2a: Armarouge|0 fnt\n|faint|p2a: Armarouge\n|\n|upkeep\n|inactive|RB2T paysa has 60 seconds left.\n|\n|t:|1726679008\n|switch|p2a: Sylveon|Sylveon, L85, M|182/300\n|-damage|p2a: Sylveon|145/300|[from] Stealth Rock\n|turn|9\n|\n|t:|1726679013\n|move|p1a: Talonflame|Tera Blast|p2a: Sylveon|[anim] Tera Blast Ground\n|-damage|p2a: Sylveon|0 fnt\n|faint|p2a: Sylveon\n|\n|upkeep\n|\n|t:|1726679020\n|switch|p2a: Slaking|Slaking, L84, M|296/389\n|-damage|p2a: Slaking|248/389|[from] Stealth Rock\n|turn|10\n|\n|t:|1726679028\n|move|p1a: Talonflame|Flare Blitz|p2a: Slaking\n|-damage|p2a: Slaking|53/389\n|-damage|p1a: Talonflame|204/268|[from] Recoil\n|move|p2a: Slaking|Double-Edge|p1a: Talonflame\n|-damage|p1a: Talonflame|0 fnt\n|faint|p1a: Talonflame\n|-damage|p2a: Slaking|0 fnt|[from] Recoil\n|faint|p2a: Slaking\n|\n|upkeep\n|\n|t:|1726679037\n|switch|p1a: Inteleon|Inteleon, L81, F|160/246\n|switch|p2a: Dusknoir|Dusknoir, L89, F|225/225\n|-damage|p2a: Dusknoir|197/225|[from] Stealth Rock\n|-item|p1a: Inteleon|Choice Specs|[from] ability: Frisk|[of] p2a: Dusknoir\n|turn|11\n|l| RB2T R\n|\n|t:|1726679042\n|move|p1a: Inteleon|Scald|p2a: Dusknoir\n|-damage|p2a: Dusknoir|95/225\n|move|p2a: Dusknoir|Poltergeist|p1a: Inteleon\n|-activate|p1a: Inteleon|move: Poltergeist|Choice Specs\n|-damage|p1a: Inteleon|0 fnt\n|faint|p1a: Inteleon\n|\n|-heal|p2a: Dusknoir|109/225|[from] item: Leftovers\n|upkeep\n|\n|t:|1726679052\n|switch|p1a: Kommo-o|Kommo-o, L78, M|245/245\n|turn|12\n|j| RB2T R\n|inactive|RB2T paysa has 90 seconds left.\n|\n|t:|1726679089\n|move|p1a: Kommo-o|Swords Dance|p1a: Kommo-o\n|-boost|p1a: Kommo-o|atk|2\n|move|p2a: Dusknoir|Poltergeist|p1a: Kommo-o\n|-activate|p1a: Kommo-o|move: Poltergeist|Loaded Dice\n|-damage|p1a: Kommo-o|142/245\n|\n|-heal|p2a: Dusknoir|123/225|[from] item: Leftovers\n|upkeep\n|turn|13\n|\n|t:|1726679095\n|move|p1a: Kommo-o|Scale Shot|p2a: Dusknoir\n|-damage|p2a: Dusknoir|84/225\n|-damage|p2a: Dusknoir|51/225\n|-damage|p2a: Dusknoir|15/225\n|-damage|p2a: Dusknoir|0 fnt\n|faint|p2a: Dusknoir\n|-hitcount|p2: Dusknoir|4\n|-unboost|p1a: Kommo-o|def|1\n|-boost|p1a: Kommo-o|spe|1\n|\n|upkeep\n|\n|t:|1726679097\n|switch|p2a: Metagross|Metagross, L79|224/256\n|-damage|p2a: Metagross|208/256|[from] Stealth Rock\n|turn|14\n|\n|t:|1726679114\n|move|p1a: Kommo-o|Close Combat|p2a: Metagross\n|-damage|p2a: Metagross|33/256\n|-unboost|p1a: Kommo-o|def|1\n|-unboost|p1a: Kommo-o|spd|1\n|move|p2a: Metagross|Agility|p2a: Metagross\n|-boost|p2a: Metagross|spe|2\n|\n|upkeep\n|turn|15\n|\n|t:|1726679119\n|move|p2a: Metagross|Heavy Slam|p1a: Kommo-o\n|-damage|p1a: Kommo-o|0 fnt\n|faint|p1a: Kommo-o\n|\n|upkeep\n|\n|t:|1726679124\n|switch|p1a: Azelf|Azelf, L82|257/257\n|turn|16\n|\n|t:|1726679128\n|move|p2a: Metagross|Knock Off|p1a: Azelf\n|-supereffective|p1a: Azelf\n|-damage|p1a: Azelf|71/257\n|-enditem|p1a: Azelf|Life Orb|[from] move: Knock Off|[of] p2a: Metagross\n|move|p1a: Azelf|Thunderbolt|p2a: Metagross\n|-damage|p2a: Metagross|0 fnt\n|faint|p2a: Metagross\n|\n|upkeep\n|\n|t:|1726679132\n|switch|p2a: Excadrill|Excadrill, L80, F|307/307\n|-damage|p2a: Excadrill|298/307|[from] Stealth Rock\n|-ability|p2a: Excadrill|Mold Breaker\n|turn|17\n|j| sdlkfmkldsc\n|\n|t:|1726679142\n|-terastallize|p2a: Excadrill|Ground\n|move|p1a: Azelf|Psychic|p2a: Excadrill\n|-damage|p2a: Excadrill|159/307\n|-unboost|p2a: Excadrill|spd|1\n|move|p2a: Excadrill|Rapid Spin|p1a: Azelf\n|-damage|p1a: Azelf|18/257\n|-boost|p2a: Excadrill|spe|1\n|-sideend|p2: RB2T paysa|Stealth Rock|[from] move: Rapid Spin|[of] p2a: Excadrill\n|\n|-heal|p2a: Excadrill|178/307|[from] item: Leftovers\n|upkeep\n|turn|18\n|\n|t:|1726679148\n|move|p2a: Excadrill|Iron Head|p1a: Azelf\n|-damage|p1a: Azelf|0 fnt\n|faint|p1a: Azelf\n|\n|-heal|p2a: Excadrill|197/307|[from] item: Leftovers\n|upkeep\n|\n|t:|1726679151\n|switch|p1a: Zapdos|Zapdos-Galar, L77|265/265\n|turn|19\n|inactive|RB2T paysa has 120 seconds left.\n|c|\u2606RB2T paysa|would you be ok\n|c|\u2606RB2T paysa|if i flinched you twice\n|\n|t:|1726679181\n|move|p2a: Excadrill|Iron Head|p1a: Zapdos\n|-damage|p1a: Zapdos|159/265\n|move|p1a: Zapdos|Bulk Up|p1a: Zapdos\n|-boost|p1a: Zapdos|atk|1\n|-boost|p1a: Zapdos|def|1\n|\n|-heal|p2a: Excadrill|216/307|[from] item: Leftovers\n|upkeep\n|turn|20\n|c|\u2606PrinceOfAllTacos|i've been lucky in this match so it  would be karma\n|\n|t:|1726679193\n|move|p2a: Excadrill|Iron Head|p1a: Zapdos\n|-damage|p1a: Zapdos|83/265\n|move|p1a: Zapdos|Close Combat|p2a: Excadrill\n|-damage|p2a: Excadrill|0 fnt\n|-unboost|p1a: Zapdos|def|1\n|-unboost|p1a: Zapdos|spd|1\n|faint|p2a: Excadrill\n|-damage|p1a: Zapdos|57/265|[from] item: Life Orb\n|\n|win|PrinceOfAllTacos\n|raw|PrinceOfAllTacos's rating: 2222 &rarr; <strong>2248</strong><br />(+26 for winning)\n|raw|RB2T paysa's rating: 2329 &rarr; <strong>2303</strong><br />(-26 for losing)\n|l| RB2T R\n|c|\u2606RB2T paysa|karma will strike another day it seems\n|c|\u2606RB2T paysa|gg\n", "inputlog": ">version ddf5848a381b6afa3b8db755b9bdef59b522c4eb\n>start {\"formatid\":\"gen9randombattle\",\"seed\":[37814,12039,24071,62085],\"rated\":\"Rated battle\"}\n>player p1 {\"name\":\"PrinceOfAllTacos\",\"avatar\":\"#psplxtournaments\",\"rating\":2222,\"seed\":[24608,33643,51707,38648]}\n>player p2 {\"name\":\"RB2T paysa\",\"avatar\":\"viola-masters\",\"rating\":2329,\"seed\":[14137,50855,27068,2148]}\n>chat \u2606RB2T paysa|hf\n>chat \u2606PrinceOfAllTacos|you too\n>p1 move stealthrock\n>p2 switch 3\n>p1 move knockoff\n>p2 move doubleedge\n>p1 switch 2\n>p1 move swordsdance\n>p2 switch 4\n>p1 switch 3\n>p2 move heavyslam\n>p1 move scald\n>p2 switch 5\n>p1 switch 6\n>p2 switch 5\n>p1 move swordsdance\n>p2 switch 3\n>p1 move terablast terastallize\n>p2 move meteorbeam\n>p2 switch 5\n>p1 move terablast\n>p2 move hypervoice\n>p2 switch 4\n>p1 move flareblitz\n>p2 move doubleedge\n>p1 switch 6\n>p2 switch 6\n>p1 move scald\n>p2 move poltergeist\n>p1 switch 3\n>p1 move swordsdance\n>p2 move poltergeist\n>p1 move scaleshot\n>p2 move poltergeist\n>p2 switch 3\n>p1 move closecombat\n>p2 move agility\n>p1 move closecombat\n>p2 move heavyslam\n>p1 switch 4\n>p1 move thunderbolt\n>p2 move knockoff\n>p2 switch 2\n>p1 move psychic\n>p2 move rapidspin terastallize\n>p1 move psychic\n>p2 move ironhead\n>p1 switch 5\n>chat \u2606RB2T paysa|would you be ok\n>chat \u2606RB2T paysa|if i flinched you twice\n>p1 move bulkup\n>p2 move ironhead\n>chat \u2606PrinceOfAllTacos|i've been lucky in this match so it  would be karma\n>p1 move closecombat\n>p2 move ironhead", "uploadtime": 1726679205, "views": 84, "formatid": "gen9randombattle", "rating": 2248, "private": 0, "password": null}