{"id": "gen9randombattle-2260766475", "format": "[Gen 9] Random Battle", "players": ["Spadynxz", "fctfgiuciyulik"], "log": "|j|\u2606Spadynxz\n|j|\u2606fctfgiuciyulik\n|t:|1733888920\n|gametype|singles\n|player|p1|Spadynxz|266|1038\n|player|p2|fctfgiuciyulik|1|1044\n|teamsize|p1|6\n|teamsize|p2|6\n|gen|9\n|tier|[Gen 9] Random Battle\n|rated|\n|rule|Species Clause: Limit one of each Pok\u00e9mon\n|rule|HP Percentage Mod: HP is shown in percentages\n|rule|Sleep Clause Mod: Limit one foe put to sleep\n|rule|Illusion Level Mod: Illusion disguises the Pok\u00e9mon's true level\n|\n|t:|1733888920\n|start\n|switch|p1a: Chesnaught|Chesnaught, L84, F|285/285\n|switch|p2a: Zangoose|Zangoose, L85, M|263/263\n|turn|1\n|\n|t:|1733888928\n|switch|p2a: Hoopa|Hoopa, L85|275/275\n|move|p1a: Chesnaught|Spikes|p2a: Hoopa\n|-sidestart|p2: fctfgiuciyulik|Spikes\n|\n|upkeep\n|turn|2\n|\n|t:|1733888937\n|move|p2a: Hoopa|Psyshock|p1a: Chesnaught\n|-supereffective|p1a: Chesnaught\n|-damage|p1a: Chesnaught|35/285\n|-damage|p2a: Hoopa|248/275|[from] item: Life Orb\n|move|p1a: Chesnaught|Body Press|p2a: Hoopa\n|-immune|p2a: Hoopa\n|\n|-heal|p1a: Chesnaught|52/285|[from] item: Leftovers\n|upkeep\n|turn|3\n|\n|t:|1733888941\n|move|p2a: Hoopa|Psyshock|p1a: Chesnaught\n|-supereffective|p1a: Chesnaught\n|-damage|p1a: Chesnaught|0 fnt\n|faint|p1a: Chesnaught\n|-damage|p2a: Hoopa|221/275|[from] item: Life Orb\n|\n|upkeep\n|\n|t:|1733888968\n|switch|p1a: Entei|Entei, L78|307/307\n|turn|4\n|\n|t:|1733888976\n|move|p1a: Entei|Flare Blitz|p2a: Hoopa\n|-damage|p2a: Hoopa|0 fnt\n|faint|p2a: Hoopa\n|-damage|p1a: Entei|234/307|[from] Recoil\n|\n|upkeep\n|\n|t:|1733888979\n|switch|p2a: Miraidon|Miraidon, L65|238/238\n|-damage|p2a: Miraidon|209/238|[from] Spikes\n|-fieldstart|move: Electric Terrain|[from] ability: Hadron Engine|[of] p2a: Miraidon\n|turn|5\n|\n|t:|1733888987\n|move|p2a: Miraidon|Electro Drift|p1a: Entei\n|-damage|p1a: Entei|0 fnt\n|faint|p1a: Entei\n|\n|upkeep\n|\n|t:|1733888996\n|switch|p1a: Luxray|Luxray, L88, F|283/283\n|turn|6\n|\n|t:|1733889003\n|switch|p2a: Lurantis|Lurantis, L87, F|264/264\n|-damage|p2a: Lurantis|231/264|[from] Spikes\n|move|p1a: Luxray|Facade|p2a: Lurantis\n|-damage|p2a: Lurantis|167/264\n|\n|-heal|p2a: Lurantis|183/264|[from] item: Leftovers\n|-status|p1a: Luxray|brn|[from] item: Flame Orb\n|upkeep\n|turn|7\n|\n|t:|1733889009\n|-terastallize|p1a: Luxray|Normal\n|move|p1a: Luxray|Throat Chop|p2a: Lurantis\n|-damage|p2a: Lurantis|74/264\n|-start|p2a: Lurantis|Throat Chop|[silent]\n|move|p2a: Lurantis|Defog|p1a: Luxray\n|-unboost|p1a: Luxray|evasion|1\n|-sideend|p2: fctfgiuciyulik|Spikes|[from] move: Defog|[of] p2a: Lurantis\n|-fieldend|move: Electric Terrain\n|\n|-heal|p2a: Lurantis|90/264|[from] item: Leftovers\n|-damage|p1a: Luxray|266/283 brn|[from] brn\n|upkeep\n|turn|8\n|\n|t:|1733889018\n|move|p1a: Luxray|Facade|p2a: Lurantis\n|-damage|p2a: Lurantis|0 fnt\n|faint|p2a: Lurantis\n|\n|-damage|p1a: Luxray|249/283 brn|[from] brn\n|upkeep\n|\n|t:|1733889028\n|switch|p2a: Miraidon|Miraidon, L65|209/238\n|-fieldstart|move: Electric Terrain|[from] ability: Hadron Engine|[of] p2a: Miraidon\n|turn|9\n|\n|t:|1733889031\n|move|p2a: Miraidon|Electro Drift|p1a: Luxray\n|-damage|p1a: Luxray|26/283 brn\n|move|p1a: Luxray|Facade|p2a: Miraidon\n|-damage|p2a: Miraidon|0 fnt\n|faint|p2a: Miraidon\n|\n|-damage|p1a: Luxray|9/283 brn|[from] brn\n|upkeep\n|\n|t:|1733889035\n|switch|p2a: Regieleki|Regieleki, L79|256/256\n|turn|10\n|\n|t:|1733889039\n|move|p2a: Regieleki|Rapid Spin|p1a: Luxray\n|-damage|p1a: Luxray|0 fnt\n|-boost|p2a: Regieleki|spe|1\n|faint|p1a: Luxray\n|\n|upkeep\n|\n|t:|1733889043\n|switch|p1a: Furret|Furret, L94, M|312/312\n|-item|p2a: Regieleki|Magnet|[from] ability: Frisk|[of] p1a: Furret\n|turn|11\n|\n|t:|1733889053\n|move|p2a: Regieleki|Thunderbolt|p1a: Furret\n|-damage|p1a: Furret|93/312\n|move|p1a: Furret|Brick Break|p2a: Regieleki\n|-damage|p2a: Regieleki|153/256\n|-damage|p1a: Furret|62/312|[from] item: Life Orb\n|\n|upkeep\n|turn|12\n|\n|t:|1733889056\n|move|p2a: Regieleki|Thunderbolt|p1a: Furret\n|-damage|p1a: Furret|0 fnt\n|faint|p1a: Furret\n|\n|upkeep\n|\n|t:|1733889059\n|switch|p1a: Rayquaza|Rayquaza, L72|270/270\n|-ability|p1a: Rayquaza|Air Lock\n|turn|13\n|\n|t:|1733889069\n|-terastallize|p2a: Regieleki|Ice\n|move|p2a: Regieleki|Tera Blast|p1a: Rayquaza|[anim] Tera Blast Ice\n|-supereffective|p1a: Rayquaza\n|-damage|p1a: Rayquaza|0 fnt\n|faint|p1a: Rayquaza\n|\n|-fieldend|move: Electric Terrain\n|upkeep\n|\n|t:|1733889070\n|switch|p1a: Dewgong|Dewgong, L94, F|322/322\n|turn|14\n|\n|t:|1733889074\n|move|p2a: Regieleki|Thunderbolt|p1a: Dewgong\n|-supereffective|p1a: Dewgong\n|-damage|p1a: Dewgong|158/322\n|move|p1a: Dewgong|Ice Beam|p2a: Regieleki\n|-resisted|p2a: Regieleki\n|-damage|p2a: Regieleki|81/256\n|\n|upkeep\n|turn|15\n|\n|t:|1733889088\n|move|p2a: Regieleki|Thunderbolt|p1a: Dewgong\n|-supereffective|p1a: Dewgong\n|-damage|p1a: Dewgong|2/322\n|move|p1a: Dewgong|Hydro Pump|p2a: Regieleki\n|-damage|p2a: Regieleki|0 fnt\n|faint|p2a: Regieleki\n|\n|upkeep\n|inactive|Battle timer is ON: inactive players will automatically lose when time's up. (requested by fctfgiuciyulik)\n|\n|t:|1733889094\n|switch|p2a: Tauros|Tauros, L82, M|257/257\n|turn|16\n|\n|t:|1733889120\n|move|p2a: Tauros|Close Combat|p1a: Dewgong\n|-supereffective|p1a: Dewgong\n|-damage|p1a: Dewgong|0 fnt\n|-unboost|p2a: Tauros|def|1\n|-unboost|p2a: Tauros|spd|1\n|faint|p1a: Dewgong\n|-damage|p2a: Tauros|232/257|[from] item: Life Orb\n|\n|win|fctfgiuciyulik\n|raw|Spadynxz's rating: 1038 &rarr; <strong>1024</strong><br />(-14 for losing)\n|raw|fctfgiuciyulik's rating: 1077 &rarr; <strong>1102</strong><br />(+25 for winning)\n", "inputlog": ">version bfd83cad13791eb5a5a409923076391caf6fb4d4\n>start {\"formatid\":\"gen9randombattle\",\"seed\":[16848,11216,62483,18206],\"rated\":\"Rated battle\"}\n>player p1 {\"name\":\"Spadynxz\",\"avatar\":\"266\",\"rating\":1038,\"seed\":[47382,61874,23536,33248]}\n>player p2 {\"name\":\"fctfgiuciyulik\",\"avatar\":\"1\",\"rating\":1044,\"seed\":[58870,58704,10273,61555]}\n>p1 move spikes\n>p2 switch 2\n>p1 move bodypress\n>p2 move psyshock\n>p1 move woodhammer\n>p2 move psyshock\n>p1 switch 3\n>p1 move flareblitz\n>p2 move psyshock\n>p2 switch 3\n>p1 move flareblitz\n>p2 move electrodrift\n>p1 switch 4\n>p1 move facade\n>p2 switch 5\n>p1 move throatchop terastallize\n>p2 move defog\n>p1 move facade\n>p2 move superpower\n>p2 switch 5\n>p1 move facade\n>p2 move electrodrift\n>p2 switch 6\n>p1 move facade\n>p2 move rapidspin\n>p1 switch 6\n>p1 move brickbreak\n>p2 move thunderbolt\n>p1 move brickbreak\n>p2 move thunderbolt\n>p1 switch 5\n>p1 move dragonascent\n>p2 move terablast terastallize\n>p1 switch 2\n>p1 move icebeam\n>p2 move thunderbolt\n>p1 move hydropump\n>p2 move thunderbolt\n>p2 switch 4\n>p1 move hydropump\n>p2 move closecombat", "uploadtime": 1733889124, "views": 9, "formatid": "gen9randombattle", "rating": 1024, "private": 0, "password": null}