{"id": "gen9randombattle-2257597180", "format": "[Gen 9] Random Battle", "players": ["Qiuescent", "Shaky3"], "log": "|j|\u203dQiuescent\n|j|\u2606Shaky3\n|t:|1733445544\n|gametype|singles\n|player|p1|Qiuescent|170|2229\n|player|p2|Shaky3|102|2258\n|teamsize|p1|6\n|teamsize|p2|6\n|gen|9\n|tier|[Gen 9] Random Battle\n|rated|\n|rule|Species Clause: Limit one of each Pok\u00e9mon\n|rule|HP Percentage Mod: HP is shown in percentages\n|rule|Sleep Clause Mod: Limit one foe put to sleep\n|rule|Illusion Level Mod: Illusion disguises the Pok\u00e9mon's true level\n|\n|t:|1733445544\n|start\n|switch|p1a: Donphan|Donphan, L84, M|288/288\n|switch|p2a: Meloetta|Meloetta, L82|298/298\n|turn|1\n|inactive|Battle timer is ON: inactive players will automatically lose when time's up. (requested by Qiuescent)\n|\n|t:|1733445576\n|move|p2a: Meloetta|Relic Song|p1a: Donphan\n|-damage|p1a: Donphan|187/288\n|-formechange|p2a: Meloetta|Meloetta-Pirouette|[msg]\n|-damage|p2a: Meloetta|269/298|[from] item: Life Orb\n|move|p1a: Donphan|Knock Off|p2a: Meloetta\n|-resisted|p2a: Meloetta\n|-damage|p2a: Meloetta|231/298\n|-enditem|p2a: Meloetta|Life Orb|[from] move: Knock Off|[of] p1a: Donphan\n|\n|upkeep\n|turn|2\n|\n|t:|1733445581\n|move|p2a: Meloetta|Triple Axel|p1a: Donphan\n|-supereffective|p1a: Donphan\n|-damage|p1a: Donphan|161/288\n|-hitcount|p1a: Donphan|1\n|move|p1a: Donphan|Earthquake|p2a: Meloetta\n|-damage|p2a: Meloetta|111/298\n|\n|upkeep\n|turn|3\n|\n|t:|1733445587\n|move|p2a: Meloetta|Triple Axel|p1a: Donphan\n|-supereffective|p1a: Donphan\n|-crit|p1a: Donphan\n|-damage|p1a: Donphan|125/288\n|-supereffective|p1a: Donphan\n|-damage|p1a: Donphan|75/288\n|-hitcount|p1a: Donphan|2\n|move|p1a: Donphan|Earthquake|p2a: Meloetta\n|-damage|p2a: Meloetta|0 fnt\n|faint|p2a: Meloetta\n|\n|upkeep\n|\n|t:|1733445597\n|switch|p2a: Moltres|Moltres, L81|278/278\n|turn|4\n|\n|t:|1733445603\n|move|p2a: Moltres|Fire Blast|p1a: Donphan|[miss]\n|-miss|p2a: Moltres|p1a: Donphan\n|move|p1a: Donphan|Knock Off|p2a: Moltres\n|-damage|p2a: Moltres|195/278\n|-status|p1a: Donphan|brn|[from] ability: Flame Body|[of] p2a: Moltres\n|-enditem|p2a: Moltres|Heavy-Duty Boots|[from] move: Knock Off|[of] p1a: Donphan\n|\n|-damage|p1a: Donphan|57/288 brn|[from] brn\n|upkeep\n|turn|5\n|\n|t:|1733445611\n|switch|p1a: Coalossal|Coalossal, L89, F|341/341\n|move|p2a: Moltres|Fire Blast|p1a: Coalossal\n|-resisted|p1a: Coalossal\n|-damage|p1a: Coalossal|312/341\n|\n|upkeep\n|turn|6\n|\n|t:|1733445615\n|move|p2a: Moltres|U-turn|p1a: Coalossal\n|-resisted|p1a: Coalossal\n|-damage|p1a: Coalossal|293/341\n|\n|t:|1733445618\n|switch|p2a: Groudon|Groudon, L72|263/263|[from] U-turn\n|-weather|SunnyDay|[from] ability: Drought|[of] p2a: Groudon\n|move|p1a: Coalossal|Stealth Rock|p2a: Groudon\n|-sidestart|p2: Shaky3|move: Stealth Rock\n|\n|-weather|SunnyDay|[upkeep]\n|upkeep\n|turn|7\n|\n|t:|1733445627\n|switch|p1a: Donphan|Donphan, L84, M|57/288 brn\n|move|p2a: Groudon|Swords Dance|p2a: Groudon\n|-boost|p2a: Groudon|atk|2\n|\n|-weather|SunnyDay|[upkeep]\n|-damage|p1a: Donphan|39/288 brn|[from] brn\n|upkeep\n|turn|8\n|\n|t:|1733445630\n|move|p1a: Donphan|Ice Shard|p2a: Groudon\n|-supereffective|p2a: Groudon\n|-damage|p2a: Groudon|238/263\n|move|p2a: Groudon|Heat Crash|p1a: Donphan\n|-damage|p1a: Donphan|0 fnt\n|faint|p1a: Donphan\n|\n|-weather|SunnyDay|[upkeep]\n|-heal|p2a: Groudon|254/263|[from] item: Leftovers\n|upkeep\n|\n|t:|1733445636\n|switch|p1a: Flutter Mane|Flutter Mane, L74|203/203\n|-activate|p1a: Flutter Mane|ability: Protosynthesis\n|-start|p1a: Flutter Mane|protosynthesisspa\n|turn|9\n|inactive|Shaky3 has 120 seconds left.\n|inactive|Shaky3 has 90 seconds left.\n|\n|t:|1733445702\n|-terastallize|p2a: Groudon|Fire\n|move|p1a: Flutter Mane|Moonblast|p2a: Groudon\n|-resisted|p2a: Groudon\n|-damage|p2a: Groudon|135/263\n|move|p2a: Groudon|Heat Crash|p1a: Flutter Mane\n|-damage|p1a: Flutter Mane|0 fnt\n|faint|p1a: Flutter Mane\n|-end|p1a: Flutter Mane|Protosynthesis|[silent]\n|\n|-weather|SunnyDay|[upkeep]\n|-heal|p2a: Groudon|151/263|[from] item: Leftovers\n|upkeep\n|\n|t:|1733445716\n|switch|p1a: Terapagos|Terapagos, L76, M|262/262\n|-activate|p1a: Terapagos|ability: Tera Shift\n|detailschange|p1a: Terapagos|Terapagos-Terastal, L76, M\n|-heal|p1a: Terapagos|269/269|[silent]\n|turn|10\n|\n|t:|1733445723\n|move|p1a: Terapagos|Tera Starstorm|p2a: Groudon\n|-damage|p2a: Groudon|33/263\n|move|p2a: Groudon|Heat Crash|p1a: Terapagos\n|-activate|p1a: Terapagos|ability: Tera Shell\n|-resisted|p1a: Terapagos\n|-damage|p1a: Terapagos|71/269\n|\n|-weather|none\n|-heal|p2a: Groudon|49/263|[from] item: Leftovers\n|upkeep\n|turn|11\n|\n|t:|1733445736\n|switch|p2a: Fezandipiti|Fezandipiti, L82, M|278/278\n|-damage|p2a: Fezandipiti|244/278|[from] Stealth Rock\n|move|p1a: Terapagos|Tera Starstorm|p2a: Fezandipiti\n|-damage|p2a: Fezandipiti|181/278\n|\n|upkeep\n|turn|12\n|\n|t:|1733445739\n|switch|p1a: Coalossal|Coalossal, L89, F|293/341\n|move|p2a: Fezandipiti|Beat Up|p1a: Coalossal\n|-damage|p1a: Coalossal|284/341\n|-status|p1a: Coalossal|tox|[from] ability: Toxic Chain|[of] p2a: Fezandipiti\n|-damage|p1a: Coalossal|273/341 tox\n|-damage|p1a: Coalossal|266/341 tox\n|-damage|p1a: Coalossal|259/341 tox\n|-damage|p1a: Coalossal|249/341 tox\n|-hitcount|p1a: Coalossal|5\n|\n|-damage|p1a: Coalossal|228/341 tox|[from] psn\n|upkeep\n|turn|13\n|\n|t:|1733445754\n|move|p2a: Fezandipiti|U-turn|p1a: Coalossal\n|-resisted|p1a: Coalossal\n|-damage|p1a: Coalossal|212/341 tox\n|\n|t:|1733445757\n|switch|p2a: Groudon|Groudon, L72, tera:Fire|49/263|[from] U-turn\n|-damage|p2a: Groudon|0 fnt|[from] Stealth Rock\n|faint|p2a: Groudon\n|move|p1a: Coalossal|Flamethrower|p2: Groudon|[notarget]\n|-fail|p1a: Coalossal\n|\n|-damage|p1a: Coalossal|170/341 tox|[from] psn\n|upkeep\n|\n|t:|1733445775\n|switch|p2a: Zekrom|Zekrom, L71|259/259\n|-damage|p2a: Zekrom|227/259|[from] Stealth Rock\n|-ability|p2a: Zekrom|Teravolt\n|turn|14\n|\n|t:|1733445779\n|switch|p1a: Arboliva|Arboliva, L91, F|290/290\n|move|p2a: Zekrom|Substitute|p2a: Zekrom\n|-start|p2a: Zekrom|Substitute\n|-damage|p2a: Zekrom|163/259\n|\n|-heal|p2a: Zekrom|179/259|[from] item: Leftovers\n|upkeep\n|turn|15\n|\n|t:|1733445789\n|switch|p2a: Moltres|Moltres, L81|195/278\n|-damage|p2a: Moltres|56/278|[from] Stealth Rock\n|move|p1a: Arboliva|Hyper Voice|p2a: Moltres\n|-damage|p2a: Moltres|0 fnt\n|faint|p2a: Moltres\n|\n|upkeep\n|\n|t:|1733445791\n|switch|p2a: Fezandipiti|Fezandipiti, L82, M|181/278\n|-damage|p2a: Fezandipiti|147/278|[from] Stealth Rock\n|turn|16\n|\n|t:|1733445794\n|switch|p1a: Coalossal|Coalossal, L89, F|170/341 tox\n|move|p2a: Fezandipiti|Gunk Shot|p1a: Coalossal\n|-resisted|p1a: Coalossal\n|-damage|p1a: Coalossal|126/341 tox\n|\n|-damage|p1a: Coalossal|105/341 tox|[from] psn\n|upkeep\n|turn|17\n|\n|t:|1733445798\n|move|p2a: Fezandipiti|U-turn|p1a: Coalossal\n|-resisted|p1a: Coalossal\n|-damage|p1a: Coalossal|89/341 tox\n|-status|p2a: Fezandipiti|brn|[from] ability: Flame Body|[of] p1a: Coalossal\n|\n|t:|1733445800\n|switch|p2a: Zekrom|Zekrom, L71|179/259|[from] U-turn\n|-damage|p2a: Zekrom|147/259|[from] Stealth Rock\n|-ability|p2a: Zekrom|Teravolt\n|move|p1a: Coalossal|Will-O-Wisp|p2a: Zekrom\n|-status|p2a: Zekrom|brn\n|\n|-heal|p2a: Zekrom|163/259 brn|[from] item: Leftovers\n|-damage|p1a: Coalossal|47/341 tox|[from] psn\n|-damage|p2a: Zekrom|147/259 brn|[from] brn\n|upkeep\n|turn|18\n|\n|t:|1733445805\n|switch|p1a: Arboliva|Arboliva, L91, F|290/290\n|move|p2a: Zekrom|Dragon Dance|p2a: Zekrom\n|-boost|p2a: Zekrom|atk|1\n|-boost|p2a: Zekrom|spe|1\n|\n|-heal|p2a: Zekrom|163/259 brn|[from] item: Leftovers\n|-damage|p2a: Zekrom|147/259 brn|[from] brn\n|upkeep\n|turn|19\n|\n|t:|1733445807\n|move|p2a: Zekrom|Bolt Strike|p1a: Arboliva\n|-resisted|p1a: Arboliva\n|-damage|p1a: Arboliva|243/290\n|-fieldstart|move: Grassy Terrain|[from] ability: Seed Sower|[of] p1a: Arboliva\n|move|p1a: Arboliva|Hyper Voice|p2a: Zekrom\n|-damage|p2a: Zekrom|0 fnt\n|faint|p2a: Zekrom\n|\n|-heal|p1a: Arboliva|261/290|[from] Grassy Terrain\n|-heal|p1a: Arboliva|279/290|[from] item: Leftovers\n|upkeep\n|\n|t:|1733445809\n|switch|p2a: Fezandipiti|Fezandipiti, L82, M|147/278 brn\n|-damage|p2a: Fezandipiti|113/278 brn|[from] Stealth Rock\n|turn|20\n|\n|t:|1733445813\n|switch|p1a: Coalossal|Coalossal, L89, F|47/341 tox\n|move|p2a: Fezandipiti|Gunk Shot|p1a: Coalossal\n|-resisted|p1a: Coalossal\n|-damage|p1a: Coalossal|26/341 tox\n|\n|-heal|p2a: Fezandipiti|130/278 brn|[from] Grassy Terrain\n|-heal|p1a: Coalossal|47/341 tox|[from] Grassy Terrain\n|-damage|p1a: Coalossal|26/341 tox|[from] psn\n|-damage|p2a: Fezandipiti|113/278 brn|[from] brn\n|upkeep\n|turn|21\n|\n|t:|1733445825\n|move|p2a: Fezandipiti|Gunk Shot|p1a: Coalossal\n|-resisted|p1a: Coalossal\n|-damage|p1a: Coalossal|4/341 tox\n|move|p1a: Coalossal|Flamethrower|p2a: Fezandipiti\n|-damage|p2a: Fezandipiti|67/278 brn\n|\n|-heal|p2a: Fezandipiti|84/278 brn|[from] Grassy Terrain\n|-heal|p1a: Coalossal|25/341 tox|[from] Grassy Terrain\n|-damage|p1a: Coalossal|0 fnt|[from] psn\n|faint|p1a: Coalossal\n|-damage|p2a: Fezandipiti|67/278 brn|[from] brn\n|upkeep\n|\n|t:|1733445832\n|switch|p1a: Minun|Minun, L95, F|268/268\n|turn|22\n|\n|t:|1733445836\n|move|p1a: Minun|Nasty Plot|p1a: Minun\n|-boost|p1a: Minun|spa|2\n|move|p2a: Fezandipiti|Gunk Shot|p1a: Minun\n|-damage|p1a: Minun|199/268\n|\n|-heal|p1a: Minun|215/268|[from] Grassy Terrain\n|-heal|p2a: Fezandipiti|84/278 brn|[from] Grassy Terrain\n|-damage|p2a: Fezandipiti|67/278 brn|[from] brn\n|upkeep\n|turn|23\n|-message|Shaky3 forfeited.\n|\n|win|Qiuescent\n|raw|Qiuescent's rating: 2229 &rarr; <strong>2251</strong><br />(+22 for winning)\n|raw|Shaky3's rating: 2258 &rarr; <strong>2236</strong><br />(-22 for losing)\n|l|\u2606Shaky3\n|player|p2|\n", "inputlog": ">version f27bf860d389bcfdfe10192499dbd80f1998dac7\n>start {\"formatid\":\"gen9randombattle\",\"seed\":[24960,13083,50442,25936],\"rated\":\"Rated battle\"}\n>player p1 {\"name\":\"Qiuescent\",\"avatar\":\"170\",\"rating\":2229,\"seed\":[60273,52175,9756,7079]}\n>player p2 {\"name\":\"Shaky3\",\"avatar\":\"102\",\"rating\":2258,\"seed\":[40286,2173,42131,23620]}\n>p1 move knockoff\n>p2 move relicsong\n>p1 move earthquake\n>p2 move tripleaxel\n>p1 move earthquake\n>p2 move tripleaxel\n>p2 switch 5\n>p1 move knockoff\n>p2 move fireblast\n>p1 switch 5\n>p2 move fireblast\n>p1 move stealthrock\n>p2 move uturn\n>p2 switch 3\n>p1 switch 5\n>p2 move swordsdance\n>p1 move iceshard\n>p2 move heatcrash\n>p1 switch 3\n>p1 move moonblast\n>p2 move heatcrash terastallize\n>p1 switch 6\n>p1 move terastarstorm\n>p2 move heatcrash\n>p1 move terastarstorm\n>p2 switch 6\n>p1 switch 5\n>p2 move beatup\n>p1 move flamethrower\n>p2 move uturn\n>p2 switch 6\n>p2 switch 2\n>p1 switch 4\n>p2 move substitute\n>p1 move hypervoice\n>p2 switch 3\n>p2 switch 6\n>p1 switch 4\n>p2 move gunkshot\n>p1 move willowisp\n>p2 move uturn\n>p2 switch 3\n>p1 switch 4\n>p2 move dragondance\n>p1 move hypervoice\n>p2 move boltstrike\n>p2 switch 3\n>p1 switch 4\n>p2 move gunkshot\n>p1 move flamethrower\n>p2 move gunkshot\n>p1 switch 2\n>p1 move nastyplot\n>p2 move gunkshot\n>forcelose p2", "uploadtime": 1733445842, "views": 6, "formatid": "gen9randombattle", "rating": 2236, "private": 0, "password": null}