{"id": "gen9randombattle-2260756058", "format": "[Gen 9] Random Battle", "players": ["Kvi25", "puppy.o_o"], "log": "|j|\u2606Kvi25\n|j|\u2606puppy.o_o\n|t:|1733887480\n|gametype|singles\n|player|p1|Kvi25|adaman|1488\n|player|p2|puppy.o_o|1|1461\n|teamsize|p1|6\n|teamsize|p2|6\n|gen|9\n|tier|[Gen 9] Random Battle\n|rated|\n|rule|Species Clause: Limit one of each Pok\u00e9mon\n|rule|HP Percentage Mod: HP is shown in percentages\n|rule|Sleep Clause Mod: Limit one foe put to sleep\n|rule|Illusion Level Mod: Illusion disguises the Pok\u00e9mon's true level\n|\n|t:|1733887480\n|start\n|switch|p1a: Girafarig|Girafarig, L89, M|269/269\n|switch|p2a: Girafarig|Girafarig, L89, M|269/269\n|turn|1\n|inactive|Battle timer is ON: inactive players will automatically lose when time's up. (requested by Kvi25)\n|\n|t:|1733887497\n|switch|p1a: Sableye|Sableye, L89, F|234/234\n|move|p2a: Girafarig|Nasty Plot|p2a: Girafarig\n|-boost|p2a: Girafarig|spa|2\n|\n|upkeep\n|turn|2\n|\n|t:|1733887505\n|move|p1a: Sableye|Encore|p2a: Girafarig\n|-start|p2a: Girafarig|Encore\n|move|p2a: Girafarig|Nasty Plot|p2a: Girafarig\n|-boost|p2a: Girafarig|spa|2\n|\n|upkeep\n|turn|3\n|\n|t:|1733887514\n|move|p2a: Girafarig|Nasty Plot|p2a: Girafarig\n|-boost|p2a: Girafarig|spa|2\n|move|p1a: Sableye|Knock Off|p2a: Girafarig\n|-supereffective|p2a: Girafarig\n|-damage|p2a: Girafarig|129/269\n|-enditem|p2a: Girafarig|Eviolite|[from] move: Knock Off|[of] p1a: Sableye\n|\n|upkeep\n|turn|4\n|\n|t:|1733887522\n|-terastallize|p2a: Girafarig|Fairy\n|move|p2a: Girafarig|Nasty Plot|p2a: Girafarig\n|-boost|p2a: Girafarig|spa|0\n|move|p1a: Sableye|Knock Off|p2a: Girafarig\n|-resisted|p2a: Girafarig\n|-damage|p2a: Girafarig|92/269\n|\n|-end|p2a: Girafarig|Encore\n|upkeep\n|turn|5\n|\n|t:|1733887532\n|move|p1a: Sableye|Encore|p2a: Girafarig\n|-start|p2a: Girafarig|Encore\n|move|p2a: Girafarig|Nasty Plot|p2a: Girafarig\n|-boost|p2a: Girafarig|spa|0\n|\n|upkeep\n|turn|6\n|\n|t:|1733887539\n|switch|p2a: Heracross|Heracross, L80, F|259/259\n|move|p1a: Sableye|Knock Off|p2a: Heracross\n|-resisted|p2a: Heracross\n|-damage|p2a: Heracross|201/259\n|-enditem|p2a: Heracross|Choice Scarf|[from] move: Knock Off|[of] p1a: Sableye\n|\n|upkeep\n|turn|7\n|\n|t:|1733887550\n|move|p1a: Sableye|Will-O-Wisp|p2a: Heracross\n|-status|p2a: Heracross|brn\n|move|p2a: Heracross|Megahorn|p1a: Sableye\n|-damage|p1a: Sableye|153/234\n|\n|-heal|p1a: Sableye|167/234|[from] item: Leftovers\n|-damage|p2a: Heracross|185/259 brn|[from] brn\n|upkeep\n|turn|8\n|\n|t:|1733887559\n|move|p2a: Heracross|Knock Off|p1a: Sableye\n|-damage|p1a: Sableye|126/234\n|-enditem|p1a: Sableye|Leftovers|[from] move: Knock Off|[of] p2a: Heracross\n|move|p1a: Sableye|Knock Off|p2a: Heracross\n|-resisted|p2a: Heracross\n|-crit|p2a: Heracross\n|-damage|p2a: Heracross|131/259 brn\n|\n|-damage|p2a: Heracross|115/259 brn|[from] brn\n|upkeep\n|turn|9\n|\n|t:|1733887567\n|move|p1a: Sableye|Recover|p1a: Sableye\n|-heal|p1a: Sableye|234/234\n|move|p2a: Heracross|Close Combat|p1a: Sableye\n|-immune|p1a: Sableye\n|\n|-damage|p2a: Heracross|99/259 brn|[from] brn\n|upkeep\n|turn|10\n|\n|t:|1733887584\n|move|p2a: Heracross|Stone Edge|p1a: Sableye|[miss]\n|-miss|p2a: Heracross|p1a: Sableye\n|move|p1a: Sableye|Knock Off|p2a: Heracross\n|-resisted|p2a: Heracross\n|-crit|p2a: Heracross\n|-damage|p2a: Heracross|42/259 brn\n|\n|-damage|p2a: Heracross|26/259 brn|[from] brn\n|upkeep\n|turn|11\n|inactive|Kvi25 has 120 seconds left.\n|\n|t:|1733887636\n|move|p2a: Heracross|Stone Edge|p1a: Sableye\n|-damage|p1a: Sableye|194/234\n|move|p1a: Sableye|Knock Off|p2a: Heracross\n|-resisted|p2a: Heracross\n|-damage|p2a: Heracross|0 fnt\n|faint|p2a: Heracross\n|\n|upkeep\n|inactive|puppy.o_o has 120 seconds left.\n|\n|t:|1733887685\n|switch|p2a: Inteleon|Inteleon, L81, F|246/246\n|turn|12\n|inactive|Kvi25 has 90 seconds left.\n|\n|t:|1733887705\n|move|p2a: Inteleon|Hydro Pump|p1a: Sableye|[miss]\n|-miss|p2a: Inteleon|p1a: Sableye\n|move|p1a: Sableye|Knock Off|p2a: Inteleon\n|-damage|p2a: Inteleon|123/246\n|-enditem|p2a: Inteleon|Choice Specs|[from] move: Knock Off|[of] p1a: Sableye\n|\n|upkeep\n|turn|13\n|inactive|puppy.o_o has 120 seconds left.\n|inactive|Kvi25 has 90 seconds left.\n|\n|t:|1733887732\n|move|p2a: Inteleon|Hydro Pump|p1a: Sableye\n|-damage|p1a: Sableye|23/234\n|move|p1a: Sableye|Knock Off|p2a: Inteleon\n|-damage|p2a: Inteleon|42/246\n|\n|upkeep\n|turn|14\n|\n|t:|1733887738\n|move|p2a: Inteleon|Scald|p1a: Sableye\n|-damage|p1a: Sableye|0 fnt\n|faint|p1a: Sableye\n|\n|upkeep\n|\n|t:|1733887742\n|switch|p1a: Ariados|Ariados, L95, F|287/287\n|turn|15\n|\n|t:|1733887748\n|switch|p2a: Avalugg|Avalugg, L88, M|310/310\n|move|p1a: Ariados|Sucker Punch||[still]\n|-fail|p1a: Ariados\n|\n|upkeep\n|turn|16\n|inactive|puppy.o_o has 120 seconds left.\n|\n|t:|1733887755\n|switch|p1a: Bellibolt|Bellibolt, L84, F|320/320\n|move|p2a: Avalugg|Avalanche|p1a: Bellibolt\n|-damage|p1a: Bellibolt|233/320\n|-start|p1a: Bellibolt|Charge|Avalanche|[from] ability: Electromorphosis\n|\n|-heal|p1a: Bellibolt|253/320|[from] item: Leftovers\n|upkeep\n|turn|17\n|\n|t:|1733887764\n|move|p1a: Bellibolt|Thunderbolt|p2a: Avalugg\n|-damage|p2a: Avalugg|6/310\n|-end|p1a: Bellibolt|Charge|[silent]\n|move|p2a: Avalugg|Body Press|p1a: Bellibolt\n|-damage|p1a: Bellibolt|146/320\n|-start|p1a: Bellibolt|Charge|Body Press|[from] ability: Electromorphosis\n|\n|-heal|p1a: Bellibolt|166/320|[from] item: Leftovers\n|upkeep\n|turn|18\n|inactive|Kvi25 has 120 seconds left.\n|inactive|puppy.o_o has 120 seconds left.\n|\n|t:|1733887784\n|switch|p2a: Komala|Komala, L89, M|260/260\n|-ability|p2a: Komala|Comatose\n|move|p1a: Bellibolt|Slack Off|p1a: Bellibolt\n|-heal|p1a: Bellibolt|320/320\n|\n|upkeep\n|turn|19\n|inactive|Kvi25 has 120 seconds left.\n|\n|t:|1733887810\n|switch|p1a: Malamar|Malamar, L82, M|275/275\n|move|p2a: Komala|Earthquake|p1a: Malamar\n|-damage|p1a: Malamar|127/275\n|\n|upkeep\n|turn|20\n|inactive|puppy.o_o has 120 seconds left.\n|\n|t:|1733887851\n|move|p1a: Malamar|Rest|p1a: Malamar\n|-status|p1a: Malamar|slp|[from] move: Rest\n|-heal|p1a: Malamar|275/275 slp|[silent]\n|-enditem|p1a: Malamar|Chesto Berry|[eat]\n|-curestatus|p1a: Malamar|slp|[msg]\n|move|p2a: Komala|Earthquake|p1a: Malamar\n|-damage|p1a: Malamar|137/275\n|\n|upkeep\n|turn|21\n|\n|t:|1733887859\n|move|p1a: Malamar|Knock Off|p2a: Komala\n|-damage|p2a: Komala|149/260\n|-enditem|p2a: Komala|Choice Band|[from] move: Knock Off|[of] p1a: Malamar\n|move|p2a: Komala|Earthquake|p1a: Malamar\n|-damage|p1a: Malamar|38/275\n|\n|upkeep\n|turn|22\n|\n|t:|1733887868\n|move|p1a: Malamar|Superpower|p2a: Komala\n|-supereffective|p2a: Komala\n|-damage|p2a: Komala|0 fnt\n|-boost|p1a: Malamar|atk|1\n|-boost|p1a: Malamar|def|1\n|faint|p2a: Komala\n|\n|upkeep\n|\n|t:|1733887874\n|switch|p2a: Inteleon|Inteleon, L81, F|42/246\n|turn|23\n|\n|t:|1733887879\n|move|p2a: Inteleon|U-turn|p1a: Malamar\n|-supereffective|p1a: Malamar\n|-crit|p1a: Malamar\n|-damage|p1a: Malamar|0 fnt\n|faint|p1a: Malamar\n|\n|t:|1733887886\n|switch|p2a: Crawdaunt|Crawdaunt, L84, M|243/243|[from] U-turn\n|\n|upkeep\n|\n|t:|1733887895\n|switch|p1a: Bellibolt|Bellibolt, L84, F|320/320\n|turn|24\n|inactive|puppy.o_o has 120 seconds left.\n|\n|t:|1733887924\n|move|p2a: Crawdaunt|Crabhammer|p1a: Bellibolt\n|-damage|p1a: Bellibolt|115/320\n|-start|p1a: Bellibolt|Charge|Crabhammer|[from] ability: Electromorphosis\n|-damage|p2a: Crawdaunt|219/243|[from] item: Life Orb\n|move|p1a: Bellibolt|Thunderbolt|p2a: Crawdaunt\n|-supereffective|p2a: Crawdaunt\n|-damage|p2a: Crawdaunt|0 fnt\n|faint|p2a: Crawdaunt\n|-end|p1a: Bellibolt|Charge|[silent]\n|\n|-heal|p1a: Bellibolt|135/320|[from] item: Leftovers\n|upkeep\n|\n|t:|1733887935\n|switch|p2a: Inteleon|Inteleon, L81, F|42/246\n|turn|25\n|\n|t:|1733887939\n|move|p2a: Inteleon|Hydro Pump|p1a: Bellibolt\n|-damage|p1a: Bellibolt|0 fnt\n|faint|p1a: Bellibolt\n|\n|upkeep\n|\n|t:|1733887940\n|switch|p1a: Girafarig|Girafarig, L89, M|269/269\n|turn|26\n|inactive|puppy.o_o has 120 seconds left.\n|\n|t:|1733887946\n|-terastallize|p1a: Girafarig|Electric\n|move|p2a: Inteleon|Hydro Pump|p1a: Girafarig|[miss]\n|-miss|p2a: Inteleon|p1a: Girafarig\n|move|p1a: Girafarig|Thunderbolt|p2a: Inteleon\n|-supereffective|p2a: Inteleon\n|-damage|p2a: Inteleon|0 fnt\n|faint|p2a: Inteleon\n|\n|upkeep\n|inactive|puppy.o_o has 120 seconds left.\n|\n|t:|1733887954\n|switch|p2a: Avalugg|Avalugg, L88, M|6/310\n|turn|27\n|\n|t:|1733887957\n|switch|p2a: Girafarig|Girafarig, L89, M, tera:Fairy|92/269\n|move|p1a: Girafarig|Thunderbolt|p2a: Girafarig\n|-damage|p2a: Girafarig|0 fnt\n|faint|p2a: Girafarig\n|\n|upkeep\n|-message|puppy.o_o forfeited.\n|\n|win|Kvi25\n|raw|Kvi25's rating: 1488 &rarr; <strong>1507</strong><br />(+19 for winning)\n|raw|puppy.o_o's rating: 1478 &rarr; <strong>1459</strong><br />(-19 for losing)\n|l|\u2606puppy.o_o\n|player|p2|\n|c|\u2606Kvi25|RIP\n", "inputlog": ">version bfd83cad13791eb5a5a409923076391caf6fb4d4\n>start {\"formatid\":\"gen9randombattle\",\"seed\":[61180,47615,41605,44399],\"rated\":\"Rated battle\"}\n>player p1 {\"name\":\"Kvi25\",\"avatar\":\"adaman\",\"rating\":1488,\"seed\":[65167,15415,42683,4341]}\n>player p2 {\"name\":\"puppy.o_o\",\"avatar\":\"1\",\"rating\":1461,\"seed\":[59706,10846,50001,40898]}\n>p1 switch 4\n>p2 move nastyplot\n>p1 move encore\n>p2 move dazzlinggleam\n>p1 move knockoff\n>p2 move nastyplot\n>p1 move knockoff\n>p2 move nastyplot terastallize\n>p1 move encore\n>p2 move dazzlinggleam\n>p1 move knockoff\n>p2 switch 2\n>p1 move willowisp\n>p2 move megahorn\n>p1 move knockoff\n>p2 move knockoff\n>p1 move recover\n>p2 move closecombat\n>p1 move knockoff\n>p2 move stoneedge\n>p1 move knockoff\n>p2 move stoneedge\n>p2 switch 4\n>p1 move knockoff\n>p2 move hydropump\n>p1 move knockoff\n>p2 move hydropump\n>p1 move knockoff\n>p2 move scald\n>p1 switch 5\n>p1 move suckerpunch\n>p2 switch 3\n>p1 switch 6\n>p2 move avalanche\n>p1 move thunderbolt\n>p2 move bodypress\n>p1 move slackoff\n>p2 switch 5\n>p1 switch 3\n>p2 move earthquake\n>p1 move rest\n>p2 move earthquake\n>p1 move knockoff\n>p2 move earthquake\n>p1 move superpower\n>p2 move earthquake\n>p2 switch 3\n>p1 move psychocut\n>p2 move uturn\n>p2 switch 6\n>p1 switch 3\n>p1 move thunderbolt\n>p2 move crabhammer\n>p2 switch 6\n>p1 move thunderbolt\n>p2 move hydropump\n>p1 switch 4\n>p1 move thunderbolt terastallize\n>p2 move hydropump\n>p2 switch 5\n>p1 move thunderbolt\n>p2 switch 2\n>forcelose p2", "uploadtime": 1733887970, "views": 7, "formatid": "gen9randombattle", "rating": 1459, "private": 0, "password": null}