{"id": "gen9randombattle-2260716086", "format": "[Gen 9] Random Battle", "players": ["psicoseado", "enthusiastic_squid"], "log": "|j|\u2606psicoseado\n|j|\u2606enthusiastic_squid\n|t:|1733882152\n|gametype|singles\n|player|p1|psicoseado|pokekid|1525\n|player|p2|enthusiastic_squid|hiker-gen4|1567\n|teamsize|p1|6\n|teamsize|p2|6\n|gen|9\n|tier|[Gen 9] Random Battle\n|rated|\n|rule|Species Clause: Limit one of each Pok\u00e9mon\n|rule|HP Percentage Mod: HP is shown in percentages\n|rule|Sleep Clause Mod: Limit one foe put to sleep\n|rule|Illusion Level Mod: Illusion disguises the Pok\u00e9mon's true level\n|\n|t:|1733882152\n|start\n|switch|p1a: Girafarig|Girafarig, L89, M|269/269\n|switch|p2a: Corviknight|Corviknight, L80, M|288/288\n|-ability|p2a: Corviknight|Pressure\n|turn|1\n|inactive|Battle timer is ON: inactive players will automatically lose when time's up. (requested by enthusiastic_squid)\n|\n|t:|1733882181\n|move|p1a: Girafarig|Thunderbolt|p2a: Corviknight\n|-supereffective|p2a: Corviknight\n|-damage|p2a: Corviknight|136/288\n|move|p2a: Corviknight|U-turn|p1a: Girafarig\n|-supereffective|p1a: Girafarig\n|-damage|p1a: Girafarig|199/269\n|\n|t:|1733882187\n|switch|p2a: Darkrai|Darkrai, L77|234/234|[from] U-turn\n|\n|upkeep\n|turn|2\n|\n|t:|1733882193\n|switch|p1a: Skuntank|Skuntank, L84, F|310/310\n|move|p2a: Darkrai|Nasty Plot|p2a: Darkrai\n|-boost|p2a: Darkrai|spa|2\n|\n|upkeep\n|turn|3\n|\n|t:|1733882201\n|move|p2a: Darkrai|Hypnosis|p1a: Skuntank\n|-status|p1a: Skuntank|slp|[from] move: Hypnosis\n|cant|p1a: Skuntank|slp\n|\n|-damage|p1a: Skuntank|272/310 slp|[from] ability: Bad Dreams|[of] p2a: Darkrai\n|upkeep\n|turn|4\n|\n|t:|1733882214\n|switch|p1a: Girafarig|Girafarig, L89, M|199/269\n|move|p2a: Darkrai|Nasty Plot|p2a: Darkrai\n|-boost|p2a: Darkrai|spa|2\n|\n|upkeep\n|turn|5\n|\n|t:|1733882226\n|-terastallize|p1a: Girafarig|Electric\n|move|p2a: Darkrai|Dark Pulse|p1a: Girafarig\n|-damage|p1a: Girafarig|0 fnt\n|faint|p1a: Girafarig\n|-damage|p2a: Darkrai|211/234|[from] item: Life Orb\n|\n|upkeep\n|\n|t:|1733882235\n|switch|p1a: Copperajah|Copperajah, L86, M|350/350\n|turn|6\n|\n|t:|1733882239\n|move|p2a: Darkrai|Dark Pulse|p1a: Copperajah\n|-damage|p1a: Copperajah|0 fnt\n|faint|p1a: Copperajah\n|-damage|p2a: Darkrai|188/234|[from] item: Life Orb\n|\n|upkeep\n|\n|t:|1733882246\n|switch|p1a: Terrakion|Terrakion, L79|273/273\n|turn|7\n|\n|t:|1733882251\n|move|p2a: Darkrai|Dark Pulse|p1a: Terrakion\n|-resisted|p1a: Terrakion\n|-damage|p1a: Terrakion|72/273\n|-ability|p1a: Terrakion|Justified|boost\n|-boost|p1a: Terrakion|atk|1\n|-damage|p2a: Darkrai|165/234|[from] item: Life Orb\n|move|p1a: Terrakion|Close Combat|p2a: Darkrai\n|-supereffective|p2a: Darkrai\n|-damage|p2a: Darkrai|0 fnt\n|-unboost|p1a: Terrakion|def|1\n|-unboost|p1a: Terrakion|spd|1\n|faint|p2a: Darkrai\n|-damage|p1a: Terrakion|45/273|[from] item: Life Orb\n|\n|upkeep\n|\n|t:|1733882268\n|switch|p2a: Serperior|Serperior, L79, M|248/248\n|turn|8\n|\n|t:|1733882286\n|switch|p1a: Skuntank|Skuntank, L84, F|272/310 slp\n|move|p2a: Serperior|Leaf Storm|p1a: Skuntank\n|-resisted|p1a: Skuntank\n|-damage|p1a: Skuntank|206/310 slp\n|-boost|p2a: Serperior|spa|2\n|\n|upkeep\n|turn|9\n|inactive|psicoseado has 120 seconds left.\n|\n|t:|1733882326\n|move|p2a: Serperior|Substitute|p2a: Serperior\n|-start|p2a: Serperior|Substitute\n|-damage|p2a: Serperior|186/248\n|cant|p1a: Skuntank|slp\n|\n|-heal|p2a: Serperior|201/248|[from] item: Leftovers\n|upkeep\n|turn|10\n|\n|t:|1733882331\n|move|p2a: Serperior|Dragon Pulse|p1a: Skuntank\n|-damage|p1a: Skuntank|87/310 slp\n|cant|p1a: Skuntank|slp\n|\n|-heal|p2a: Serperior|216/248|[from] item: Leftovers\n|upkeep\n|turn|11\n|\n|t:|1733882335\n|move|p2a: Serperior|Leaf Storm|p1a: Skuntank\n|-resisted|p1a: Skuntank\n|-damage|p1a: Skuntank|0 fnt\n|-boost|p2a: Serperior|spa|2\n|faint|p1a: Skuntank\n|\n|-heal|p2a: Serperior|231/248|[from] item: Leftovers\n|upkeep\n|\n|t:|1733882343\n|switch|p1a: Ogerpon|Ogerpon-Cornerstone, L76, F|247/247\n|turn|12\n|\n|t:|1733882348\n|move|p2a: Serperior|Leaf Storm|p1a: Ogerpon\n|-ability|p1a: Ogerpon|Sturdy\n|-damage|p1a: Ogerpon|1/247\n|-boost|p2a: Serperior|spa|2\n|move|p1a: Ogerpon|Ivy Cudgel|p2a: Serperior|[anim] Ivy Cudgel Rock\n|-end|p2a: Serperior|Substitute\n|\n|-heal|p2a: Serperior|246/248|[from] item: Leftovers\n|upkeep\n|turn|13\n|\n|t:|1733882363\n|move|p2a: Serperior|Dragon Pulse|p1a: Ogerpon\n|-damage|p1a: Ogerpon|0 fnt\n|faint|p1a: Ogerpon\n|\n|-heal|p2a: Serperior|248/248|[from] item: Leftovers\n|upkeep\n|\n|t:|1733882365\n|switch|p1a: Articuno|Articuno-Galar, L84|288/288\n|turn|14\n|\n|t:|1733882368\n|move|p2a: Serperior|Dragon Pulse|p1a: Articuno\n|-damage|p1a: Articuno|127/288\n|move|p1a: Articuno|Hurricane|p2a: Serperior\n|-supereffective|p2a: Serperior\n|-damage|p2a: Serperior|0 fnt\n|faint|p2a: Serperior\n|\n|upkeep\n|\n|t:|1733882377\n|switch|p2a: Weezing|Weezing, L88, M|258/258\n|turn|15\n|\n|t:|1733882385\n|move|p1a: Articuno|Recover|p1a: Articuno\n|-heal|p1a: Articuno|271/288\n|move|p2a: Weezing|Fire Blast|p1a: Articuno|[miss]\n|-miss|p2a: Weezing|p1a: Articuno\n|\n|upkeep\n|turn|16\n|\n|t:|1733882392\n|move|p1a: Articuno|Calm Mind|p1a: Articuno\n|-boost|p1a: Articuno|spa|1\n|-boost|p1a: Articuno|spd|1\n|move|p2a: Weezing|Pain Split|p1a: Articuno\n|-sethp|p1a: Articuno|264/288|[from] move: Pain Split|[silent]\n|-sethp|p2a: Weezing|258/258|[from] move: Pain Split\n|\n|upkeep\n|turn|17\n|\n|t:|1733882400\n|move|p1a: Articuno|Calm Mind|p1a: Articuno\n|-boost|p1a: Articuno|spa|1\n|-boost|p1a: Articuno|spd|1\n|move|p2a: Weezing|Fire Blast|p1a: Articuno\n|-damage|p1a: Articuno|229/288\n|\n|upkeep\n|turn|18\n|inactive|enthusiastic_squid has 120 seconds left.\n|\n|t:|1733882432\n|-terastallize|p2a: Weezing|Steel\n|move|p1a: Articuno|Calm Mind|p1a: Articuno\n|-boost|p1a: Articuno|spa|1\n|-boost|p1a: Articuno|spd|1\n|move|p2a: Weezing|Pain Split|p1a: Articuno\n|-sethp|p1a: Articuno|243/288|[from] move: Pain Split|[silent]\n|-sethp|p2a: Weezing|243/258|[from] move: Pain Split\n|\n|-heal|p2a: Weezing|258/258|[from] item: Leftovers\n|upkeep\n|turn|19\n|\n|t:|1733882442\n|move|p1a: Articuno|Calm Mind|p1a: Articuno\n|-boost|p1a: Articuno|spa|1\n|-boost|p1a: Articuno|spd|1\n|move|p2a: Weezing|Sludge Bomb|p1a: Articuno\n|-damage|p1a: Articuno|216/288\n|\n|upkeep\n|turn|20\n|\n|t:|1733882451\n|move|p1a: Articuno|Hurricane|p2a: Weezing\n|-resisted|p2a: Weezing\n|-damage|p2a: Weezing|28/258\n|move|p2a: Weezing|Sludge Bomb|p1a: Articuno\n|-damage|p1a: Articuno|185/288\n|-status|p1a: Articuno|psn\n|\n|-heal|p2a: Weezing|44/258|[from] item: Leftovers\n|-damage|p1a: Articuno|149/288 psn|[from] psn\n|upkeep\n|turn|21\n|\n|t:|1733882459\n|move|p1a: Articuno|Freezing Glare|p2a: Weezing\n|-resisted|p2a: Weezing\n|-damage|p2a: Weezing|0 fnt\n|faint|p2a: Weezing\n|\n|-damage|p1a: Articuno|113/288 psn|[from] psn\n|upkeep\n|c|\u2606psicoseado|-.-\n|\n|t:|1733882473\n|switch|p2a: Corviknight|Corviknight, L80, M|136/288\n|-ability|p2a: Corviknight|Pressure\n|turn|22\n|\n|t:|1733882482\n|move|p1a: Articuno|Freezing Glare|p2a: Corviknight\n|-resisted|p2a: Corviknight\n|-damage|p2a: Corviknight|0 fnt\n|faint|p2a: Corviknight\n|\n|-damage|p1a: Articuno|77/288 psn|[from] psn\n|upkeep\n|\n|t:|1733882492\n|switch|p2a: Eiscue|Eiscue, L88, M|274/274\n|turn|23\n|\n|t:|1733882498\n|move|p1a: Articuno|Freezing Glare|p2a: Eiscue\n|-damage|p2a: Eiscue|0 fnt\n|faint|p2a: Eiscue\n|\n|-damage|p1a: Articuno|41/288 psn|[from] psn\n|upkeep\n|\n|t:|1733882503\n|switch|p2a: Flamigo|Flamigo, L82, F|269/269\n|turn|24\n|\n|t:|1733882506\n|move|p1a: Articuno|Freezing Glare|p2a: Flamigo\n|-supereffective|p2a: Flamigo\n|-damage|p2a: Flamigo|0 fnt\n|faint|p2a: Flamigo\n|\n|win|psicoseado\n|raw|psicoseado's rating: 1525 &rarr; <strong>1547</strong><br />(+22 for winning)\n|raw|enthusiastic_squid's rating: 1567 &rarr; <strong>1545</strong><br />(-22 for losing)\n|l|\u2606enthusiastic_squid\n|player|p2|\n|c|\u2606psicoseado|gg\n", "inputlog": ">version bfd83cad13791eb5a5a409923076391caf6fb4d4\n>start {\"formatid\":\"gen9randombattle\",\"seed\":[49563,35613,54147,65075],\"rated\":\"Rated battle\"}\n>player p1 {\"name\":\"psicoseado\",\"avatar\":\"pokekid\",\"rating\":1525,\"seed\":[4652,48972,14925,38482]}\n>player p2 {\"name\":\"enthusiastic_squid\",\"avatar\":\"hiker-gen4\",\"rating\":1567,\"seed\":[41117,19893,29552,30854]}\n>p1 move thunderbolt\n>p2 move uturn\n>p2 switch 3\n>p1 switch 6\n>p2 move nastyplot\n>p1 move knockoff\n>p2 move hypnosis\n>p1 switch 6\n>p2 move nastyplot\n>p1 move dazzlinggleam terastallize\n>p2 move darkpulse\n>p1 switch 2\n>p1 move playrough\n>p2 move darkpulse\n>p1 switch 4\n>p1 move closecombat\n>p2 move darkpulse\n>p2 switch 5\n>p1 switch 6\n>p2 move leafstorm\n>p1 move gunkshot\n>p2 move substitute\n>p1 move fireblast\n>p2 move dragonpulse\n>p1 move fireblast\n>p2 move leafstorm\n>p1 switch 5\n>p1 move ivycudgel\n>p2 move leafstorm\n>p1 move ivycudgel\n>p2 move dragonpulse\n>p1 switch 3\n>p1 move hurricane\n>p2 move dragonpulse\n>p2 switch 2\n>p1 move recover\n>p2 move fireblast\n>p1 move calmmind\n>p2 move painsplit\n>p1 move calmmind\n>p2 move fireblast\n>p1 move calmmind\n>p2 move painsplit terastallize\n>p1 move calmmind\n>p2 move sludgebomb\n>p1 move hurricane\n>p2 move sludgebomb\n>p1 move freezingglare\n>p2 move painsplit\n>chat \u2606psicoseado|-.-\n>p2 switch 3\n>p1 move freezingglare\n>p2 move bravebird\n>p2 switch 6\n>p1 move freezingglare\n>p2 move icespinner\n>p2 switch 4\n>p1 move freezingglare\n>p2 move throatchop", "uploadtime": 1733882538, "views": 3, "formatid": "gen9randombattle", "rating": 1545, "private": 0, "password": null}