{"id": "gen9randombattle-2108647848", "format": "[Gen 9] Random Battle", "players": ["BillyFan302", "smokyaim"], "log": "|uhtml|medal-msg|<div class=\"broadcast-blue\">Curious what those medals under the avatar are? PS now has Ladder Seasons! For more information, check out the <a href=\"https://www.smogon.com/forums/threads/3740067/\">thread on Smogon.</a></div>\n|badge|p2|silver|gen9randombattle|30-1\n|uhtml|medal-msg|<div class=\"broadcast-blue\">Curious what those medals under the avatar are? PS now has Ladder Seasons! For more information, check out the <a href=\"https://www.smogon.com/forums/threads/3740067/\">thread on Smogon.</a></div>\n|j|\u2606BillyFan302\n|j|\u2606smokyaim\n|t:|1713741351\n|gametype|singles\n|player|p1|BillyFan302|skier-gen2|2305\n|player|p2|smokyaim|1|2373\n|teamsize|p1|6\n|teamsize|p2|6\n|gen|9\n|tier|[Gen 9] Random Battle\n|rated|\n|rule|Species Clause: Limit one of each Pok\u00e9mon\n|rule|HP Percentage Mod: HP is shown in percentages\n|rule|Sleep Clause Mod: Limit one foe put to sleep\n|rule|Illusion Level Mod: Illusion disguises the Pok\u00e9mon's true level\n|\n|t:|1713741351\n|start\n|switch|p1a: Dusknoir|Dusknoir, L88, F|222/222\n|switch|p2a: Conkeldurr|Conkeldurr, L80, F|299/299\n|-item|p2a: Conkeldurr|Flame Orb|[from] ability: Frisk|[of] p1a: Dusknoir|[identify]\n|turn|1\n|\n|t:|1713741391\n|move|p1a: Dusknoir|Poltergeist|p2a: Conkeldurr\n|-activate|p2a: Conkeldurr|move: Poltergeist|Flame Orb\n|-crit|p2a: Conkeldurr\n|-damage|p2a: Conkeldurr|103/299\n|move|p2a: Conkeldurr|Knock Off|p1a: Dusknoir\n|-supereffective|p1a: Dusknoir\n|-damage|p1a: Dusknoir|116/222\n|-enditem|p1a: Dusknoir|Leftovers|[from] move: Knock Off|[of] p2a: Conkeldurr\n|\n|-status|p2a: Conkeldurr|brn|[from] item: Flame Orb\n|upkeep\n|turn|2\n|\n|t:|1713741447\n|switch|p2a: Mandibuzz|Mandibuzz, L84, F|322/322\n|move|p1a: Dusknoir|Poltergeist|p2a: Mandibuzz\n|-activate|p2a: Mandibuzz|move: Poltergeist|Heavy-Duty Boots\n|-resisted|p2a: Mandibuzz\n|-damage|p2a: Mandibuzz|270/322\n|\n|upkeep\n|turn|3\n|\n|t:|1713741470\n|switch|p2a: Conkeldurr|Conkeldurr, L80, F|103/299 brn\n|switch|p1a: Lumineon|Lumineon, L93, F|279/279\n|\n|-damage|p2a: Conkeldurr|85/299 brn|[from] brn\n|upkeep\n|turn|4\n|\n|t:|1713741480\n|switch|p2a: Cryogonal|Cryogonal, L88|284/284\n|move|p1a: Lumineon|Alluring Voice|p2a: Cryogonal\n|-damage|p2a: Cryogonal|235/284\n|-damage|p1a: Lumineon|252/279|[from] item: Life Orb\n|\n|upkeep\n|turn|5\n|\n|t:|1713741487\n|switch|p1a: Snorlax|Snorlax, L82, F|397/397\n|move|p2a: Cryogonal|Freeze-Dry|p1a: Snorlax\n|-damage|p1a: Snorlax|363/397\n|\n|-heal|p1a: Snorlax|387/397|[from] item: Leftovers\n|upkeep\n|turn|6\n|\n|t:|1713741492\n|switch|p2a: Tauros|Tauros-Paldea-Combat, L83, M|260/260\n|-ability|p2a: Tauros|Intimidate|boost\n|-unboost|p1a: Snorlax|atk|1\n|move|p1a: Snorlax|Body Slam|p2a: Tauros\n|-damage|p2a: Tauros|205/260\n|-status|p2a: Tauros|par\n|\n|-heal|p1a: Snorlax|397/397|[from] item: Leftovers\n|upkeep\n|turn|7\n|\n|t:|1713741504\n|switch|p1a: Dusknoir|Dusknoir, L88, F|116/222\n|-item|p2a: Tauros|Life Orb|[from] ability: Frisk|[of] p1a: Dusknoir|[identify]\n|move|p2a: Tauros|Earthquake|p1a: Dusknoir\n|-damage|p1a: Dusknoir|54/222\n|-damage|p2a: Tauros|179/260 par|[from] item: Life Orb\n|\n|upkeep\n|turn|8\n|\n|t:|1713741512\n|switch|p2a: Conkeldurr|Conkeldurr, L80, F|85/299 brn\n|move|p1a: Dusknoir|Poltergeist|p2a: Conkeldurr\n|-activate|p2a: Conkeldurr|move: Poltergeist|Flame Orb\n|-damage|p2a: Conkeldurr|0 fnt\n|faint|p2a: Conkeldurr\n|\n|upkeep\n|\n|t:|1713741519\n|switch|p2a: Mandibuzz|Mandibuzz, L84, F|270/322\n|turn|9\n|\n|t:|1713741529\n|move|p2a: Mandibuzz|Knock Off|p1a: Dusknoir\n|-supereffective|p1a: Dusknoir\n|-damage|p1a: Dusknoir|0 fnt\n|faint|p1a: Dusknoir\n|\n|upkeep\n|\n|t:|1713741545\n|switch|p1a: Kyurem|Kyurem-Black, L71|295/295\n|-ability|p1a: Kyurem|Teravolt\n|turn|10\n|\n|t:|1713741550\n|move|p2a: Mandibuzz|Toxic|p1a: Kyurem\n|-status|p1a: Kyurem|tox\n|move|p1a: Kyurem|Dragon Dance|p1a: Kyurem\n|-boost|p1a: Kyurem|atk|1\n|-boost|p1a: Kyurem|spe|1\n|\n|-damage|p1a: Kyurem|277/295 tox|[from] psn\n|upkeep\n|turn|11\n|\n|t:|1713741562\n|switch|p2a: Politoed|Politoed, L88, F|302/302\n|-weather|RainDance|[from] ability: Drizzle|[of] p2a: Politoed\n|move|p1a: Kyurem|Fusion Bolt|p2a: Politoed\n|-supereffective|p2a: Politoed\n|-damage|p2a: Politoed|36/302\n|\n|-weather|RainDance|[upkeep]\n|-heal|p2a: Politoed|54/302|[from] item: Leftovers\n|-damage|p1a: Kyurem|241/295 tox|[from] psn\n|upkeep\n|turn|12\n|\n|t:|1713741572\n|move|p1a: Kyurem|Fusion Bolt|p2a: Politoed\n|-supereffective|p2a: Politoed\n|-damage|p2a: Politoed|0 fnt\n|faint|p2a: Politoed\n|\n|-weather|RainDance|[upkeep]\n|-damage|p1a: Kyurem|187/295 tox|[from] psn\n|upkeep\n|\n|t:|1713741576\n|switch|p2a: Grumpig|Grumpig, L92, F|297/297\n|turn|13\n|\n|t:|1713741594\n|move|p1a: Kyurem|Fusion Bolt|p2a: Grumpig\n|-damage|p2a: Grumpig|154/297\n|move|p2a: Grumpig|Dazzling Gleam|p1a: Kyurem\n|-supereffective|p1a: Kyurem\n|-damage|p1a: Kyurem|43/295 tox\n|\n|-weather|RainDance|[upkeep]\n|-heal|p2a: Grumpig|172/297|[from] item: Leftovers\n|-damage|p1a: Kyurem|0 fnt|[from] psn\n|faint|p1a: Kyurem\n|upkeep\n|\n|t:|1713741599\n|switch|p1a: Clawitzer|Clawitzer, L86, M|262/262\n|turn|14\n|\n|t:|1713741621\n|move|p2a: Grumpig|Psychic|p1a: Clawitzer\n|-damage|p1a: Clawitzer|166/262\n|move|p1a: Clawitzer|Water Pulse|p2a: Grumpig\n|-damage|p2a: Grumpig|0 fnt\n|faint|p2a: Grumpig\n|\n|-weather|RainDance|[upkeep]\n|upkeep\n|\n|t:|1713741629\n|switch|p2a: Cryogonal|Cryogonal, L88|235/284\n|turn|15\n|\n|t:|1713741642\n|move|p2a: Cryogonal|Freeze-Dry|p1a: Clawitzer\n|-supereffective|p1a: Clawitzer\n|-damage|p1a: Clawitzer|8/262\n|move|p1a: Clawitzer|Water Pulse|p2a: Cryogonal\n|-damage|p2a: Cryogonal|60/284\n|\n|-weather|none\n|upkeep\n|turn|16\n|\n|t:|1713741649\n|move|p2a: Cryogonal|Recover|p2a: Cryogonal\n|-heal|p2a: Cryogonal|202/284\n|move|p1a: Clawitzer|Water Pulse|p2a: Cryogonal\n|-damage|p2a: Cryogonal|82/284\n|\n|upkeep\n|turn|17\n|\n|t:|1713741653\n|switch|p1a: Snorlax|Snorlax, L82, F|397/397\n|move|p2a: Cryogonal|Freeze-Dry|p1a: Snorlax\n|-damage|p1a: Snorlax|361/397\n|\n|-heal|p1a: Snorlax|385/397|[from] item: Leftovers\n|upkeep\n|turn|18\n|\n|t:|1713741660\n|switch|p2a: Tauros|Tauros-Paldea-Combat, L83, M|179/260 par\n|-ability|p2a: Tauros|Intimidate|boost\n|-unboost|p1a: Snorlax|atk|1\n|move|p1a: Snorlax|Body Slam|p2a: Tauros\n|-damage|p2a: Tauros|125/260 par\n|\n|-heal|p1a: Snorlax|397/397|[from] item: Leftovers\n|upkeep\n|turn|19\n|\n|t:|1713741667\n|switch|p1a: Clawitzer|Clawitzer, L86, M|8/262\n|cant|p2a: Tauros|par\n|\n|upkeep\n|turn|20\n|c|\u2606smokyaim|Don't deny my turns\n|c|\u2606smokyaim|You already hax me every turn\n|c|\u2606smokyaim|CRIT put it in 2hko range\n|c|\u2606BillyFan302|U ever wanted a psr gf or no\n|c|\u2606smokyaim|Body slam one shot paralysis\n|c|\u2606BillyFan302|I want one soooooo bad\n|j| Shaky3\n|c|\u2606smokyaim|I'm married\n|c|\u2606smokyaim|I don't know what you are talking about\n|c|\u2606BillyFan302|U can sitll have a psr gf\n|c|\u2606BillyFan302|And a psr wife\n|j| 32098yth GHJJJ\n|inactive|Battle timer is ON: inactive players will automatically lose when time's up. (requested by BillyFan302)\n|-message|smokyaim forfeited.\n|\n|win|BillyFan302\n|raw|BillyFan302's rating: 2305 &rarr; <strong>2329</strong><br />(+24 for winning)\n|raw|smokyaim's rating: 2373 &rarr; <strong>2349</strong><br />(-24 for losing)\n|l|\u2606smokyaim\n|player|p2|\n", "inputlog": ">version 353afcba8edc3ce061b3a30b18dec61a8b98d08c\n>start {\"formatid\":\"gen9randombattle\",\"seed\":[29622,14937,63093,15329],\"rated\":\"Rated battle\"}\n>player p1 {\"name\":\"BillyFan302\",\"avatar\":\"skier-gen2\",\"rating\":2305,\"seed\":[61641,15526,21529,4694]}\n>player p2 {\"name\":\"smokyaim\",\"avatar\":\"1\",\"rating\":2373,\"seed\":[52627,20384,22079,54475]}\n>p1 move poltergeist\n>p2 move knockoff\n>p1 move poltergeist\n>p2 switch 6\n>p1 switch 6\n>p2 switch 6\n>p1 move alluringvoice\n>p2 switch 3\n>p1 switch 2\n>p2 move freezedry\n>p1 move bodyslam\n>p2 switch 5\n>p1 switch 6\n>p2 move earthquake\n>p1 move poltergeist\n>p2 switch 3\n>p2 switch 6\n>p1 move painsplit\n>p2 move knockoff\n>p1 switch 4\n>p1 move dragondance\n>p2 move toxic\n>p1 move fusionbolt\n>p2 switch 4\n>p1 move fusionbolt\n>p2 move haze\n>p2 switch 2\n>p1 move fusionbolt\n>p2 move dazzlinggleam\n>p1 switch 5\n>p1 move waterpulse\n>p2 move psychic\n>p2 switch 5\n>p1 move waterpulse\n>p2 move freezedry\n>p1 move waterpulse\n>p2 move recover\n>p1 switch 6\n>p2 move freezedry\n>p1 move bodyslam\n>p2 switch 3\n>p1 switch 6\n>p2 move closecombat\n>chat \u2606smokyaim|Don't deny my turns\n>chat \u2606smokyaim|You already hax me every turn \n>chat \u2606smokyaim|CRIT put it in 2hko range\n>chat \u2606BillyFan302|U ever wanted a psr gf or no\n>chat \u2606smokyaim|Body slam one shot paralysis\n>chat \u2606BillyFan302|I want one soooooo bad\n>chat \u2606smokyaim|I'm married\n>chat \u2606smokyaim|I don't know what you are talking about \n>chat \u2606BillyFan302|U can sitll have a psr gf\n>chat \u2606BillyFan302|And a psr wife\n>forcelose p2", "uploadtime": 1713741814, "views": 247, "formatid": "gen9randombattle", "rating": 2329, "private": 0, "password": null}