{"id": "gen9randombattle-2260351063", "format": "[Gen 9] Random Battle", "players": ["xcom-jenkins", "mathysocks"], "log": "|j|\u2606xcom-jenkins\n|j|\u2606mathysocks\n|t:|1733842923\n|gametype|singles\n|player|p1|xcom-jenkins|2|1609\n|player|p2|mathysocks|2|1680\n|teamsize|p1|6\n|teamsize|p2|6\n|gen|9\n|tier|[Gen 9] Random Battle\n|rated|\n|rule|Species Clause: Limit one of each Pok\u00e9mon\n|rule|HP Percentage Mod: HP is shown in percentages\n|rule|Sleep Clause Mod: Limit one foe put to sleep\n|rule|Illusion Level Mod: Illusion disguises the Pok\u00e9mon's true level\n|\n|t:|1733842923\n|start\n|switch|p1a: Gurdurr|Gurdurr, L85, F|283/283\n|switch|p2a: Tyranitar|Tyranitar, L79, F|288/288\n|-weather|Sandstorm|[from] ability: Sand Stream|[of] p2a: Tyranitar\n|turn|1\n|inactive|Battle timer is ON: inactive players will automatically lose when time's up. (requested by xcom-jenkins)\n|\n|t:|1733842934\n|switch|p2a: Sylveon|Sylveon, L85, F|300/300\n|move|p1a: Gurdurr|Knock Off|p2a: Sylveon\n|-resisted|p2a: Sylveon\n|-damage|p2a: Sylveon|255/300\n|-enditem|p2a: Sylveon|Leftovers|[from] move: Knock Off|[of] p1a: Gurdurr\n|\n|-weather|Sandstorm|[upkeep]\n|-damage|p2a: Sylveon|237/300|[from] Sandstorm\n|-damage|p1a: Gurdurr|266/283|[from] Sandstorm\n|upkeep\n|turn|2\n|\n|t:|1733842960\n|switch|p1a: Flutter Mane|Flutter Mane, L74|203/203\n|move|p2a: Sylveon|Hyper Voice|p1a: Flutter Mane\n|-crit|p1a: Flutter Mane\n|-damage|p1a: Flutter Mane|37/203\n|\n|-weather|Sandstorm|[upkeep]\n|-damage|p1a: Flutter Mane|25/203|[from] Sandstorm\n|-damage|p2a: Sylveon|219/300|[from] Sandstorm\n|upkeep\n|turn|3\n|\n|t:|1733842968\n|move|p1a: Flutter Mane|Psyshock|p2a: Sylveon\n|-damage|p2a: Sylveon|117/300\n|move|p2a: Sylveon|Wish|p2a: Sylveon\n|\n|-weather|Sandstorm|[upkeep]\n|-damage|p1a: Flutter Mane|13/203|[from] Sandstorm\n|-damage|p2a: Sylveon|99/300|[from] Sandstorm\n|upkeep\n|turn|4\n|\n|t:|1733842976\n|move|p2a: Sylveon|Protect|p2a: Sylveon\n|-singleturn|p2a: Sylveon|Protect\n|move|p1a: Flutter Mane|Psyshock|p2a: Sylveon\n|-activate|p2a: Sylveon|move: Protect\n|\n|-weather|Sandstorm|[upkeep]\n|-damage|p1a: Flutter Mane|1/203|[from] Sandstorm\n|-damage|p2a: Sylveon|81/300|[from] Sandstorm\n|-heal|p2a: Sylveon|231/300|[from] move: Wish|[wisher] Sylveon\n|upkeep\n|turn|5\n|\n|t:|1733842986\n|-end|p1a: Flutter Mane|Protosynthesis|[silent]\n|switch|p1a: Gurdurr|Gurdurr, L85, F|266/283\n|move|p2a: Sylveon|Wish|p2a: Sylveon\n|\n|-weather|none\n|upkeep\n|turn|6\n|\n|t:|1733842992\n|switch|p1a: Flutter Mane|Flutter Mane, L74|1/203\n|move|p2a: Sylveon|Calm Mind|p2a: Sylveon\n|-boost|p2a: Sylveon|spa|1\n|-boost|p2a: Sylveon|spd|1\n|\n|-heal|p2a: Sylveon|300/300|[from] move: Wish|[wisher] Sylveon\n|upkeep\n|turn|7\n|\n|t:|1733843000\n|move|p1a: Flutter Mane|Psyshock|p2a: Sylveon\n|-damage|p2a: Sylveon|196/300\n|move|p2a: Sylveon|Wish|p2a: Sylveon\n|\n|upkeep\n|turn|8\n|\n|t:|1733843005\n|move|p1a: Flutter Mane|Psyshock|p2a: Sylveon\n|-damage|p2a: Sylveon|92/300\n|move|p2a: Sylveon|Calm Mind|p2a: Sylveon\n|-boost|p2a: Sylveon|spa|1\n|-boost|p2a: Sylveon|spd|1\n|\n|-heal|p2a: Sylveon|242/300|[from] move: Wish|[wisher] Sylveon\n|upkeep\n|turn|9\n|\n|t:|1733843010\n|move|p1a: Flutter Mane|Psyshock|p2a: Sylveon\n|-damage|p2a: Sylveon|142/300\n|move|p2a: Sylveon|Wish|p2a: Sylveon\n|\n|upkeep\n|turn|10\n|\n|t:|1733843014\n|move|p2a: Sylveon|Protect|p2a: Sylveon\n|-singleturn|p2a: Sylveon|Protect\n|move|p1a: Flutter Mane|Psyshock|p2a: Sylveon\n|-activate|p2a: Sylveon|move: Protect\n|\n|-heal|p2a: Sylveon|292/300|[from] move: Wish|[wisher] Sylveon\n|upkeep\n|turn|11\n|\n|t:|1733843021\n|move|p1a: Flutter Mane|Psyshock|p2a: Sylveon\n|-damage|p2a: Sylveon|192/300\n|move|p2a: Sylveon|Wish|p2a: Sylveon\n|\n|upkeep\n|turn|12\n|\n|t:|1733843027\n|move|p1a: Flutter Mane|Psyshock|p2a: Sylveon\n|-damage|p2a: Sylveon|90/300\n|move|p2a: Sylveon|Calm Mind|p2a: Sylveon\n|-boost|p2a: Sylveon|spa|1\n|-boost|p2a: Sylveon|spd|1\n|\n|-heal|p2a: Sylveon|240/300|[from] move: Wish|[wisher] Sylveon\n|upkeep\n|turn|13\n|\n|t:|1733843033\n|move|p1a: Flutter Mane|Psyshock|p2a: Sylveon\n|-damage|p2a: Sylveon|135/300\n|move|p2a: Sylveon|Wish|p2a: Sylveon\n|\n|upkeep\n|turn|14\n|\n|t:|1733843040\n|move|p2a: Sylveon|Protect|p2a: Sylveon\n|-singleturn|p2a: Sylveon|Protect\n|move|p1a: Flutter Mane|Psyshock|p2a: Sylveon\n|-activate|p2a: Sylveon|move: Protect\n|\n|-heal|p2a: Sylveon|285/300|[from] move: Wish|[wisher] Sylveon\n|upkeep\n|turn|15\n|\n|t:|1733843044\n|move|p1a: Flutter Mane|Psyshock|p2a: Sylveon\n|-damage|p2a: Sylveon|172/300\n|move|p2a: Sylveon|Wish|p2a: Sylveon\n|\n|upkeep\n|turn|16\n|\n|t:|1733843053\n|-end|p1a: Flutter Mane|Protosynthesis|[silent]\n|switch|p1a: Zangoose|Zangoose, L85, F|263/263\n|move|p2a: Sylveon|Calm Mind|p2a: Sylveon\n|-boost|p2a: Sylveon|spa|1\n|-boost|p2a: Sylveon|spd|1\n|\n|-heal|p2a: Sylveon|300/300|[from] move: Wish|[wisher] Sylveon\n|-status|p1a: Zangoose|tox|[from] item: Toxic Orb\n|upkeep\n|turn|17\n|\n|t:|1733843067\n|move|p1a: Zangoose|Facade|p2a: Sylveon\n|-damage|p2a: Sylveon|0 fnt\n|faint|p2a: Sylveon\n|\n|-damage|p1a: Zangoose|247/263 tox|[from] psn\n|upkeep\n|\n|t:|1733843072\n|switch|p2a: Tyranitar|Tyranitar, L79, F|288/288\n|-weather|Sandstorm|[from] ability: Sand Stream|[of] p2a: Tyranitar\n|turn|18\n|\n|t:|1733843075\n|switch|p1a: Gurdurr|Gurdurr, L85, F|266/283\n|move|p2a: Tyranitar|Dragon Dance|p2a: Tyranitar\n|-boost|p2a: Tyranitar|atk|1\n|-boost|p2a: Tyranitar|spe|1\n|\n|-weather|Sandstorm|[upkeep]\n|-damage|p1a: Gurdurr|249/283|[from] Sandstorm\n|upkeep\n|turn|19\n|\n|t:|1733843083\n|-terastallize|p2a: Tyranitar|Ghost\n|move|p1a: Gurdurr|Mach Punch|p2a: Tyranitar\n|-immune|p2a: Tyranitar\n|move|p2a: Tyranitar|Dragon Dance|p2a: Tyranitar\n|-boost|p2a: Tyranitar|atk|1\n|-boost|p2a: Tyranitar|spe|1\n|\n|-weather|Sandstorm|[upkeep]\n|-damage|p2a: Tyranitar|270/288|[from] Sandstorm\n|-damage|p1a: Gurdurr|232/283|[from] Sandstorm\n|-heal|p2a: Tyranitar|288/288|[from] item: Leftovers\n|upkeep\n|turn|20\n|\n|t:|1733843088\n|move|p2a: Tyranitar|Ice Punch|p1a: Gurdurr\n|-damage|p1a: Gurdurr|151/283\n|move|p1a: Gurdurr|Knock Off|p2a: Tyranitar\n|-supereffective|p2a: Tyranitar\n|-damage|p2a: Tyranitar|152/288\n|-enditem|p2a: Tyranitar|Leftovers|[from] move: Knock Off|[of] p1a: Gurdurr\n|\n|-weather|Sandstorm|[upkeep]\n|-damage|p2a: Tyranitar|134/288|[from] Sandstorm\n|-damage|p1a: Gurdurr|134/283|[from] Sandstorm\n|upkeep\n|turn|21\n|\n|t:|1733843100\n|move|p2a: Tyranitar|Stone Edge|p1a: Gurdurr|[miss]\n|-miss|p2a: Tyranitar|p1a: Gurdurr\n|move|p1a: Gurdurr|Knock Off|p2a: Tyranitar\n|-supereffective|p2a: Tyranitar\n|-damage|p2a: Tyranitar|36/288\n|\n|-weather|Sandstorm|[upkeep]\n|-damage|p2a: Tyranitar|18/288|[from] Sandstorm\n|-damage|p1a: Gurdurr|117/283|[from] Sandstorm\n|upkeep\n|turn|22\n|\n|t:|1733843112\n|move|p2a: Tyranitar|Knock Off|p1a: Gurdurr\n|-resisted|p1a: Gurdurr\n|-damage|p1a: Gurdurr|36/283\n|-enditem|p1a: Gurdurr|Eviolite|[from] move: Knock Off|[of] p2a: Tyranitar\n|move|p1a: Gurdurr|Knock Off|p2a: Tyranitar\n|-supereffective|p2a: Tyranitar\n|-damage|p2a: Tyranitar|0 fnt\n|faint|p2a: Tyranitar\n|\n|-weather|none\n|upkeep\n|\n|t:|1733843120\n|switch|p2a: Revavroom|Revavroom, L79, M|256/256\n|turn|23\n|\n|t:|1733843130\n|move|p2a: Revavroom|Shift Gear|p2a: Revavroom\n|-boost|p2a: Revavroom|spe|2\n|-boost|p2a: Revavroom|atk|1\n|move|p1a: Gurdurr|Drain Punch|p2a: Revavroom\n|-damage|p2a: Revavroom|166/256\n|-heal|p1a: Gurdurr|81/283|[from] drain|[of] p2a: Revavroom\n|\n|upkeep\n|turn|24\n|\n|t:|1733843138\n|move|p2a: Revavroom|Iron Head|p1a: Gurdurr\n|-damage|p1a: Gurdurr|0 fnt\n|faint|p1a: Gurdurr\n|-damage|p2a: Revavroom|141/256|[from] item: Life Orb\n|\n|upkeep\n|\n|t:|1733843158\n|switch|p1a: Exeggutor|Exeggutor-Alola, L89, M|314/314\n|turn|25\n|\n|t:|1733843163\n|-terastallize|p1a: Exeggutor|Steel\n|move|p2a: Revavroom|Gunk Shot|p1a: Exeggutor\n|-immune|p1a: Exeggutor\n|move|p1a: Exeggutor|Flamethrower|p2a: Revavroom\n|-supereffective|p2a: Revavroom\n|-damage|p2a: Revavroom|0 fnt\n|faint|p2a: Revavroom\n|\n|upkeep\n|\n|t:|1733843170\n|switch|p2a: Scovillain|Scovillain, L91, F|266/266\n|turn|26\n|\n|t:|1733843177\n|move|p2a: Scovillain|Overheat|p1a: Exeggutor\n|-supereffective|p1a: Exeggutor\n|-damage|p1a: Exeggutor|0 fnt\n|-unboost|p2a: Scovillain|spa|2\n|faint|p1a: Exeggutor\n|\n|upkeep\n|\n|t:|1733843182\n|switch|p1a: Zangoose|Zangoose, L85, F|247/263 tox\n|turn|27\n|\n|t:|1733843187\n|switch|p2a: Okidogi|Okidogi, L77, M|262/262\n|move|p1a: Zangoose|Swords Dance|p1a: Zangoose\n|-boost|p1a: Zangoose|atk|2\n|\n|-damage|p1a: Zangoose|231/263 tox|[from] psn\n|upkeep\n|turn|28\n|\n|t:|1733843192\n|move|p1a: Zangoose|Facade|p2a: Okidogi\n|-damage|p2a: Okidogi|0 fnt\n|faint|p2a: Okidogi\n|\n|-damage|p1a: Zangoose|199/263 tox|[from] psn\n|upkeep\n|\n|t:|1733843194\n|switch|p2a: Iron Valiant|Iron Valiant, L78|244/244\n|turn|29\n|\n|t:|1733843201\n|move|p1a: Zangoose|Quick Attack|p2a: Iron Valiant\n|-damage|p2a: Iron Valiant|82/244\n|move|p2a: Iron Valiant|Close Combat|p1a: Zangoose\n|-supereffective|p1a: Zangoose\n|-damage|p1a: Zangoose|0 fnt\n|-unboost|p2a: Iron Valiant|def|1\n|-unboost|p2a: Iron Valiant|spd|1\n|faint|p1a: Zangoose\n|-damage|p2a: Iron Valiant|58/244|[from] item: Life Orb\n|\n|upkeep\n|\n|t:|1733843207\n|switch|p1a: Flutter Mane|Flutter Mane, L74|1/203\n|turn|30\n|\n|t:|1733843217\n|-end|p2a: Iron Valiant|Quark Drive|[silent]\n|switch|p2a: Scovillain|Scovillain, L91, F|266/266\n|move|p1a: Flutter Mane|Psyshock|p2a: Scovillain\n|-damage|p2a: Scovillain|158/266\n|\n|upkeep\n|turn|31\n|\n|t:|1733843226\n|move|p2a: Scovillain|Flamethrower|p1a: Flutter Mane\n|-crit|p1a: Flutter Mane\n|-damage|p1a: Flutter Mane|0 fnt\n|faint|p1a: Flutter Mane\n|-end|p1a: Flutter Mane|Protosynthesis|[silent]\n|\n|upkeep\n|\n|t:|1733843230\n|switch|p1a: Mightyena|Mightyena, L95, M|287/287\n|-ability|p1a: Mightyena|Intimidate|boost\n|-unboost|p2a: Scovillain|atk|1\n|turn|32\n|\n|t:|1733843236\n|move|p2a: Scovillain|Flamethrower|p1a: Mightyena\n|-damage|p1a: Mightyena|185/287\n|move|p1a: Mightyena|Poison Fang|p2a: Scovillain\n|-supereffective|p2a: Scovillain\n|-damage|p2a: Scovillain|64/266\n|\n|upkeep\n|turn|33\n|\n|t:|1733843243\n|move|p2a: Scovillain|Flamethrower|p1a: Mightyena\n|-damage|p1a: Mightyena|92/287\n|move|p1a: Mightyena|Poison Fang|p2a: Scovillain\n|-supereffective|p2a: Scovillain\n|-damage|p2a: Scovillain|0 fnt\n|faint|p2a: Scovillain\n|\n|upkeep\n|\n|t:|1733843249\n|switch|p2a: Iron Valiant|Iron Valiant, L78|58/244\n|turn|34\n|\n|t:|1733843252\n|move|p2a: Iron Valiant|Moonblast|p1a: Mightyena\n|-supereffective|p1a: Mightyena\n|-damage|p1a: Mightyena|0 fnt\n|faint|p1a: Mightyena\n|-damage|p2a: Iron Valiant|34/244|[from] item: Life Orb\n|\n|upkeep\n|\n|t:|1733843254\n|switch|p1a: Delibird|Delibird, F|252/252\n|turn|35\n|\n|t:|1733843257\n|move|p2a: Iron Valiant|Close Combat|p1a: Delibird\n|-damage|p1a: Delibird|17/252\n|-unboost|p2a: Iron Valiant|def|1\n|-unboost|p2a: Iron Valiant|spd|1\n|-damage|p2a: Iron Valiant|10/244|[from] item: Life Orb\n|move|p1a: Delibird|Brave Bird|p2a: Iron Valiant\n|-supereffective|p2a: Iron Valiant\n|-damage|p2a: Iron Valiant|0 fnt\n|faint|p2a: Iron Valiant\n|-end|p2a: Iron Valiant|Quark Drive|[silent]\n|-damage|p1a: Delibird|14/252|[from] Recoil\n|\n|win|xcom-jenkins\n|raw|xcom-jenkins's rating: 1609 &rarr; <strong>1633</strong><br />(+24 for winning)\n|raw|mathysocks's rating: 1680 &rarr; <strong>1656</strong><br />(-24 for losing)\n|c|\u2606xcom-jenkins|gg\n|l|\u2606mathysocks\n|player|p2|\n", "inputlog": ">version bfd83cad13791eb5a5a409923076391caf6fb4d4\n>start {\"formatid\":\"gen9randombattle\",\"seed\":[61581,45221,58522,1255],\"rated\":\"Rated battle\"}\n>player p1 {\"name\":\"xcom-jenkins\",\"avatar\":\"2\",\"rating\":1609,\"seed\":[17597,13984,61610,61066]}\n>player p2 {\"name\":\"mathysocks\",\"avatar\":\"2\",\"rating\":1680,\"seed\":[44068,32254,49567,7807]}\n>p1 move knockoff\n>p2 switch 2\n>p1 switch 6\n>p2 move hypervoice\n>p1 move psyshock\n>p2 move wish\n>p1 move psyshock\n>p2 move protect\n>p1 switch 6\n>p2 move wish\n>p1 switch 6\n>p2 move calmmind\n>p1 move psyshock\n>p2 move wish\n>p1 move psyshock\n>p2 move calmmind\n>p1 move psyshock\n>p2 move wish\n>p1 move psyshock\n>p2 move protect\n>p1 move psyshock\n>p2 move wish\n>p1 move psyshock\n>p2 move calmmind\n>p1 move psyshock\n>p2 move wish\n>p1 move psyshock\n>p2 move protect\n>p1 move psyshock\n>p2 move wish\n>p1 switch 5\n>p2 move calmmind\n>p1 move facade\n>p2 move hypervoice\n>p2 switch 2\n>p1 switch 6\n>p2 move dragondance\n>p1 move machpunch\n>p2 move dragondance terastallize\n>p1 move knockoff\n>p2 move icepunch\n>p1 move knockoff\n>p2 move stoneedge\n>p1 move knockoff\n>p2 move knockoff\n>p2 switch 5\n>p1 move drainpunch\n>p2 move shiftgear\n>p1 move drainpunch\n>p2 move ironhead\n>p1 switch 4\n>p1 move flamethrower terastallize\n>p2 move gunkshot\n>p2 switch 4\n>p1 move flamethrower\n>p2 move overheat\n>p1 switch 6\n>p1 move swordsdance\n>p2 switch 3\n>p1 move facade\n>p2 move drainpunch\n>p2 switch 6\n>p1 move quickattack\n>p2 move closecombat\n>p1 switch 5\n>p1 move psyshock\n>p2 switch 3\n>p1 move psyshock\n>p2 move flamethrower\n>p1 switch 3\n>p1 move poisonfang\n>p2 move flamethrower\n>p1 move poisonfang\n>p2 move flamethrower\n>p2 switch 3\n>p1 move poisonfang\n>p2 move moonblast\n>p1 switch 2\n>p1 move bravebird\n>p2 move closecombat", "uploadtime": 1733843271, "views": 8, "formatid": "gen9randombattle", "rating": 1633, "private": 0, "password": null}