{"id": "gen9randombattle-2260787430", "format": "[Gen 9] Random Battle", "players": ["Chilepegasus22", "MrPopoTheGodOfAlll"], "log": "|j|\u2606Chilepegasus22\n|j|\u2606MrPopoTheGodOfAlll\n|t:|1733892067\n|gametype|singles\n|player|p1|Chilepegasus22|cyclist-gen4|1444\n|player|p2|MrPopoTheGodOfAlll|ash-sinnoh|1462\n|teamsize|p1|6\n|teamsize|p2|6\n|gen|9\n|tier|[Gen 9] Random Battle\n|rated|\n|rule|Species Clause: Limit one of each Pok\u00e9mon\n|rule|HP Percentage Mod: HP is shown in percentages\n|rule|Sleep Clause Mod: Limit one foe put to sleep\n|rule|Illusion Level Mod: Illusion disguises the Pok\u00e9mon's true level\n|\n|t:|1733892067\n|start\n|switch|p1a: Lunala|Lunala, L70|308/308\n|switch|p2a: Iron Leaves|Iron Leaves, L80|275/275\n|turn|1\n|inactive|Battle timer is ON: inactive players will automatically lose when time's up. (requested by MrPopoTheGodOfAlll)\n|\n|t:|1733892086\n|-end|p2a: Iron Leaves|Quark Drive|[silent]\n|switch|p2a: Smeargle|Smeargle, L95, F|258/258\n|switch|p1a: Illumise|Illumise, L91, F|266/266\n|\n|upkeep\n|turn|2\n|\n|t:|1733892094\n|move|p1a: Illumise|Thunder Wave|p2a: Smeargle\n|-status|p2a: Smeargle|par\n|move|p2a: Smeargle|Spore|p1a: Illumise\n|-status|p1a: Illumise|slp|[from] move: Spore\n|\n|upkeep\n|turn|3\n|\n|t:|1733892116\n|switch|p1a: Garchomp|Garchomp, L74, M|282/282\n|move|p2a: Smeargle|Sticky Web|p1a: Garchomp\n|-sidestart|p1: Chilepegasus22|move: Sticky Web\n|\n|upkeep\n|turn|4\n|\n|t:|1733892126\n|switch|p2a: Rotom|Rotom-Fan, L86|226/226\n|move|p1a: Garchomp|Earthquake|p2a: Rotom\n|-immune|p2a: Rotom\n|\n|upkeep\n|turn|5\n|\n|t:|1733892130\n|move|p2a: Rotom|Will-O-Wisp|p1a: Garchomp\n|-status|p1a: Garchomp|brn\n|move|p1a: Garchomp|Stealth Rock|p2a: Rotom\n|-sidestart|p2: MrPopoTheGodOfAlll|move: Stealth Rock\n|\n|-damage|p1a: Garchomp|265/282 brn|[from] brn\n|upkeep\n|turn|6\n|\n|t:|1733892148\n|switch|p1a: Articuno|Articuno, L86|295/295\n|-ability|p1a: Articuno|Pressure\n|move|p2a: Rotom|Nasty Plot|p2a: Rotom\n|-boost|p2a: Rotom|spa|2\n|\n|upkeep\n|turn|7\n|\n|t:|1733892159\n|move|p2a: Rotom|Thunderbolt|p1a: Articuno\n|-supereffective|p1a: Articuno\n|-damage|p1a: Articuno|0 fnt\n|faint|p1a: Articuno\n|\n|upkeep\n|\n|t:|1733892177\n|switch|p1a: Houndoom|Houndoom, L87, F|272/272\n|turn|8\n|\n|t:|1733892185\n|move|p1a: Houndoom|Sludge Bomb|p2a: Rotom\n|-damage|p2a: Rotom|168/226\n|-status|p2a: Rotom|psn\n|move|p2a: Rotom|Thunderbolt|p1a: Houndoom\n|-crit|p1a: Houndoom\n|-damage|p1a: Houndoom|0 fnt\n|faint|p1a: Houndoom\n|\n|-damage|p2a: Rotom|140/226 psn|[from] psn\n|upkeep\n|\n|t:|1733892196\n|switch|p1a: Banette|Banette, L93, M|270/270\n|-activate|p1a: Banette|move: Sticky Web\n|-unboost|p1a: Banette|spe|1\n|turn|9\n|\n|t:|1733892206\n|move|p2a: Rotom|Thunderbolt|p1a: Banette\n|-damage|p1a: Banette|27/270\n|-start|p2a: Rotom|Disable|Thunderbolt|[from] ability: Cursed Body|[of] p1a: Banette\n|move|p1a: Banette|Gunk Shot|p2a: Rotom|[miss]\n|-miss|p1a: Banette|p2a: Rotom\n|\n|-damage|p2a: Rotom|112/226 psn|[from] psn\n|upkeep\n|turn|10\n|\n|t:|1733892216\n|move|p1a: Banette|Shadow Sneak|p2a: Rotom\n|-damage|p2a: Rotom|48/226 psn\n|-damage|p1a: Banette|0 fnt|[from] item: Life Orb\n|faint|p1a: Banette\n|move|p2a: Rotom|Air Slash|p1: Banette|[notarget]\n|-fail|p2a: Rotom\n|\n|-damage|p2a: Rotom|20/226 psn|[from] psn\n|upkeep\n|\n|t:|1733892228\n|switch|p1a: Garchomp|Garchomp, L74, M|265/282 brn\n|-activate|p1a: Garchomp|move: Sticky Web\n|-unboost|p1a: Garchomp|spe|1\n|turn|11\n|\n|t:|1733892233\n|move|p2a: Rotom|Air Slash|p1a: Garchomp\n|-damage|p1a: Garchomp|43/282 brn\n|move|p1a: Garchomp|Spikes|p2a: Rotom\n|-sidestart|p2: MrPopoTheGodOfAlll|Spikes\n|\n|-damage|p2a: Rotom|0 fnt|[from] psn\n|faint|p2a: Rotom\n|-damage|p1a: Garchomp|26/282 brn|[from] brn\n|upkeep\n|\n|t:|1733892248\n|switch|p2a: Lapras|Lapras, L87, M|367/367\n|-damage|p2a: Lapras|276/367|[from] Stealth Rock\n|-damage|p2a: Lapras|231/367|[from] Spikes\n|turn|12\n|\n|t:|1733892256\n|move|p2a: Lapras|Dragon Dance|p2a: Lapras\n|-boost|p2a: Lapras|atk|1\n|-boost|p2a: Lapras|spe|1\n|move|p1a: Garchomp|Spikes|p2a: Lapras\n|-sidestart|p2: MrPopoTheGodOfAlll|Spikes\n|\n|-damage|p1a: Garchomp|9/282 brn|[from] brn\n|upkeep\n|turn|13\n|\n|t:|1733892264\n|move|p2a: Lapras|Dragon Dance|p2a: Lapras\n|-boost|p2a: Lapras|atk|1\n|-boost|p2a: Lapras|spe|1\n|move|p1a: Garchomp|Spikes|p2a: Lapras\n|-sidestart|p2: MrPopoTheGodOfAlll|Spikes\n|\n|-damage|p1a: Garchomp|0 fnt|[from] brn\n|faint|p1a: Garchomp\n|upkeep\n|\n|t:|1733892274\n|switch|p1a: Lunala|Lunala, L70|308/308\n|-activate|p1a: Lunala|move: Sticky Web\n|-unboost|p1a: Lunala|spe|1\n|turn|14\n|\n|t:|1733892281\n|move|p2a: Lapras|Icicle Spear|p1a: Lunala\n|-damage|p1a: Lunala|279/308\n|-damage|p1a: Lunala|222/308\n|-damage|p1a: Lunala|156/308\n|-damage|p1a: Lunala|95/308\n|-damage|p1a: Lunala|32/308\n|-hitcount|p1a: Lunala|5\n|move|p1a: Lunala|Psyshock|p2a: Lapras\n|-damage|p2a: Lapras|152/367\n|\n|-heal|p1a: Lunala|51/308|[from] item: Leftovers\n|upkeep\n|turn|15\n|-message|Chilepegasus22 forfeited.\n|\n|win|MrPopoTheGodOfAlll\n|raw|Chilepegasus22's rating: 1444 &rarr; <strong>1425</strong><br />(-19 for losing)\n|raw|MrPopoTheGodOfAlll's rating: 1462 &rarr; <strong>1481</strong><br />(+19 for winning)\n|l|\u2606Chilepegasus22\n|player|p1|\n", "inputlog": ">version bfd83cad13791eb5a5a409923076391caf6fb4d4\n>start {\"formatid\":\"gen9randombattle\",\"seed\":[46183,20126,6103,438],\"rated\":\"Rated battle\"}\n>player p1 {\"name\":\"Chilepegasus22\",\"avatar\":\"cyclist-gen4\",\"rating\":1444,\"seed\":[20200,45796,13252,38488]}\n>player p2 {\"name\":\"MrPopoTheGodOfAlll\",\"avatar\":\"ash-sinnoh\",\"rating\":1462,\"seed\":[10873,22248,14588,40463]}\n>p1 switch 3\n>p2 switch 5\n>p1 move thunderwave\n>p2 move spore\n>p1 switch 4\n>p2 move stickyweb\n>p1 move earthquake\n>p2 switch 3\n>p1 move stealthrock\n>p2 move willowisp\n>p1 switch 5\n>p2 move nastyplot\n>p1 move freezedry\n>p2 move thunderbolt\n>p1 switch 6\n>p1 move sludgebomb\n>p2 move thunderbolt\n>p1 switch 2\n>p1 move gunkshot\n>p2 move thunderbolt\n>p1 move shadowsneak\n>p2 move airslash\n>p1 switch 5\n>p1 move spikes\n>p2 move airslash\n>p2 switch 6\n>p1 move spikes\n>p2 move dragondance\n>p1 move spikes\n>p2 move dragondance\n>p1 switch 3\n>p1 move psyshock\n>p2 move iciclespear\n>forcelose p1", "uploadtime": 1733892308, "views": 15, "formatid": "gen9randombattle", "rating": 1425, "private": 0, "password": null}