{"id": "gen9randombattle-2260351452", "format": "[Gen 9] Random Battle", "players": ["Kibutsuji Muzan", "AI-test1"], "log": "|j|\u203dKibutsuji Muzan\n|j|\u2606AI-test1\n|t:|1733842964\n|gametype|singles\n|player|p1|Kibutsuji Muzan|giovanni|1684\n|player|p2|AI-test1|supernerd|1731\n|teamsize|p1|6\n|teamsize|p2|6\n|gen|9\n|tier|[Gen 9] Random Battle\n|rated|\n|rule|Species Clause: Limit one of each Pok\u00e9mon\n|rule|HP Percentage Mod: HP is shown in percentages\n|rule|Sleep Clause Mod: Limit one foe put to sleep\n|rule|Illusion Level Mod: Illusion disguises the Pok\u00e9mon's true level\n|\n|t:|1733842964\n|start\n|switch|p1a: Miraidon|Miraidon, L65|238/238\n|switch|p2a: Wigglytuff|Wigglytuff, L96, M|424/424\n|-fieldstart|move: Electric Terrain|[from] ability: Hadron Engine|[of] p1a: Miraidon\n|turn|1\n|inactive|Battle timer is ON: inactive players will automatically lose when time's up. (requested by AI-test1)\n|inactive|Kibutsuji Muzan has 120 seconds left.\n|\n|t:|1733843044\n|switch|p1a: Hatterene|Hatterene, L85, F|236/236\n|move|p2a: Wigglytuff|Alluring Voice|p1a: Hatterene\n|-crit|p1a: Hatterene\n|-damage|p1a: Hatterene|154/236\n|\n|upkeep\n|turn|2\n|\n|t:|1733843054\n|switch|p2a: Bronzong|Bronzong, L88|261/261\n|move|p1a: Hatterene|Nuzzle|p2a: Bronzong\n|-damage|p2a: Bronzong|247/261\n|-status|p2a: Bronzong|par\n|\n|-heal|p2a: Bronzong|261/261 par|[from] item: Leftovers\n|upkeep\n|turn|3\n|\n|t:|1733843066\n|switch|p1a: Torkoal|Torkoal, L88, F|266/266\n|-weather|SunnyDay|[from] ability: Drought|[of] p1a: Torkoal\n|move|p2a: Bronzong|Iron Head|p1a: Torkoal\n|-resisted|p1a: Torkoal\n|-damage|p1a: Torkoal|237/266\n|\n|-weather|SunnyDay|[upkeep]\n|upkeep\n|turn|4\n|inactive|AI-test1 has 120 seconds left.\n|\n|t:|1733843100\n|switch|p2a: Wigglytuff|Wigglytuff, L96, M|424/424\n|move|p1a: Torkoal|Stealth Rock|p2a: Wigglytuff\n|-sidestart|p2: AI-test1|move: Stealth Rock\n|\n|-weather|SunnyDay|[upkeep]\n|upkeep\n|turn|5\n|\n|t:|1733843107\n|switch|p1a: Hatterene|Hatterene, L85, F|154/236\n|move|p2a: Wigglytuff|Wish|p2a: Wigglytuff\n|\n|-weather|SunnyDay|[upkeep]\n|-fieldend|move: Electric Terrain\n|upkeep\n|turn|6\n|\n|t:|1733843115\n|switch|p2a: Bronzong|Bronzong, L88|261/261 par\n|-damage|p2a: Bronzong|245/261 par|[from] Stealth Rock\n|move|p1a: Hatterene|Mystical Fire|p2a: Bronzong\n|-supereffective|p2a: Bronzong\n|-damage|p2a: Bronzong|85/261 par\n|-unboost|p2a: Bronzong|spa|1\n|\n|-weather|SunnyDay|[upkeep]\n|-heal|p2a: Bronzong|261/261 par|[from] move: Wish|[wisher] Wigglytuff\n|upkeep\n|turn|7\n|\n|t:|1733843127\n|move|p1a: Hatterene|Mystical Fire|p2a: Bronzong\n|-supereffective|p2a: Bronzong\n|-damage|p2a: Bronzong|79/261 par\n|-unboost|p2a: Bronzong|spa|1\n|move|p2a: Bronzong|Iron Head|p1a: Hatterene\n|-supereffective|p1a: Hatterene\n|-damage|p1a: Hatterene|0 fnt\n|faint|p1a: Hatterene\n|\n|-weather|none\n|-heal|p2a: Bronzong|95/261 par|[from] item: Leftovers\n|upkeep\n|\n|t:|1733843137\n|switch|p1a: Torkoal|Torkoal, L88, F|237/266\n|-weather|SunnyDay|[from] ability: Drought|[of] p1a: Torkoal\n|turn|8\n|\n|t:|1733843141\n|move|p1a: Torkoal|Lava Plume|p2a: Bronzong\n|-supereffective|p2a: Bronzong\n|-damage|p2a: Bronzong|0 fnt\n|faint|p2a: Bronzong\n|\n|-weather|SunnyDay|[upkeep]\n|upkeep\n|\n|t:|1733843149\n|switch|p2a: Greedent|Greedent, L86, M|347/347\n|-damage|p2a: Greedent|304/347|[from] Stealth Rock\n|turn|9\n|\n|t:|1733843160\n|move|p1a: Torkoal|Lava Plume|p2a: Greedent\n|-damage|p2a: Greedent|169/347\n|-status|p2a: Greedent|brn\n|-enditem|p2a: Greedent|Sitrus Berry|[eat]\n|-heal|p2a: Greedent|255/347 brn|[from] item: Sitrus Berry\n|-heal|p2a: Greedent|347/347 brn|[from] ability: Cheek Pouch\n|move|p2a: Greedent|Swords Dance|p2a: Greedent\n|-boost|p2a: Greedent|atk|2\n|\n|-weather|SunnyDay|[upkeep]\n|-damage|p2a: Greedent|326/347 brn|[from] brn\n|upkeep\n|turn|10\n|\n|t:|1733843172\n|move|p1a: Torkoal|Lava Plume|p2a: Greedent\n|-damage|p2a: Greedent|188/347 brn\n|move|p2a: Greedent|Body Slam|p1a: Torkoal\n|-damage|p1a: Torkoal|171/266\n|\n|-weather|SunnyDay|[upkeep]\n|-damage|p2a: Greedent|167/347 brn|[from] brn\n|upkeep\n|turn|11\n|\n|t:|1733843181\n|move|p1a: Torkoal|Lava Plume|p2a: Greedent\n|-damage|p2a: Greedent|34/347 brn\n|move|p2a: Greedent|Body Slam|p1a: Torkoal\n|-damage|p1a: Torkoal|105/266\n|-status|p1a: Torkoal|par\n|\n|-weather|SunnyDay|[upkeep]\n|-damage|p2a: Greedent|13/347 brn|[from] brn\n|upkeep\n|turn|12\n|\n|t:|1733843193\n|move|p2a: Greedent|Earthquake|p1a: Torkoal\n|-supereffective|p1a: Torkoal\n|-damage|p1a: Torkoal|11/266 par\n|cant|p1a: Torkoal|par\n|\n|-weather|none\n|-damage|p2a: Greedent|0 fnt|[from] brn\n|faint|p2a: Greedent\n|upkeep\n|\n|t:|1733843209\n|switch|p2a: Rayquaza|Rayquaza, L72|270/270\n|-damage|p2a: Rayquaza|203/270|[from] Stealth Rock\n|-ability|p2a: Rayquaza|Air Lock\n|turn|13\n|\n|t:|1733843216\n|move|p2a: Rayquaza|Swords Dance|p2a: Rayquaza\n|-boost|p2a: Rayquaza|atk|2\n|move|p1a: Torkoal|Lava Plume|p2a: Rayquaza\n|-resisted|p2a: Rayquaza\n|-damage|p2a: Rayquaza|156/270\n|\n|upkeep\n|turn|14\n|\n|t:|1733843223\n|move|p2a: Rayquaza|Scale Shot|p1a: Torkoal\n|-damage|p1a: Torkoal|0 fnt\n|faint|p1a: Torkoal\n|-hitcount|p1: Torkoal|1\n|-unboost|p2a: Rayquaza|def|1\n|-boost|p2a: Rayquaza|spe|1\n|\n|upkeep\n|\n|t:|1733843246\n|switch|p1a: Sandslash|Sandslash, L88, F|275/275\n|turn|15\n|\n|t:|1733843258\n|-terastallize|p2a: Rayquaza|Flying\n|move|p2a: Rayquaza|Dragon Ascent|p1a: Sandslash\n|-damage|p1a: Sandslash|0 fnt\n|-unboost|p2a: Rayquaza|def|1\n|-unboost|p2a: Rayquaza|spd|1\n|faint|p1a: Sandslash\n|\n|upkeep\n|inactive|Kibutsuji Muzan has 120 seconds left.\n|\n|t:|1733843274\n|switch|p1a: Vikavolt|Vikavolt, L83, M|263/263\n|turn|16\n|\n|t:|1733843282\n|-terastallize|p1a: Vikavolt|Electric\n|move|p2a: Rayquaza|Dragon Ascent|p1a: Vikavolt\n|-resisted|p1a: Vikavolt\n|-damage|p1a: Vikavolt|92/263\n|-unboost|p2a: Rayquaza|def|1\n|-unboost|p2a: Rayquaza|spd|1\n|move|p1a: Vikavolt|Discharge|p2a: Rayquaza\n|-supereffective|p2a: Rayquaza\n|-damage|p2a: Rayquaza|0 fnt\n|faint|p2a: Rayquaza\n|\n|upkeep\n|\n|t:|1733843293\n|switch|p2a: Hitmonlee|Hitmonlee, L85, M|223/223\n|-damage|p2a: Hitmonlee|210/223|[from] Stealth Rock\n|turn|17\n|\n|t:|1733843298\n|move|p2a: Hitmonlee|High Jump Kick|p1a: Vikavolt\n|-damage|p1a: Vikavolt|0 fnt\n|faint|p1a: Vikavolt\n|\n|upkeep\n|\n|t:|1733843306\n|switch|p1a: Miraidon|Miraidon, L65|238/238\n|-fieldstart|move: Electric Terrain|[from] ability: Hadron Engine|[of] p1a: Miraidon\n|turn|18\n|\n|t:|1733843311\n|move|p1a: Miraidon|Substitute|p1a: Miraidon\n|-start|p1a: Miraidon|Substitute\n|-damage|p1a: Miraidon|179/238\n|move|p2a: Hitmonlee|High Jump Kick|p1a: Miraidon|[miss]\n|-miss|p2a: Hitmonlee|p1a: Miraidon\n|-damage|p2a: Hitmonlee|99/223|[from] highjumpkick\n|\n|-heal|p1a: Miraidon|193/238|[from] item: Leftovers\n|upkeep\n|turn|19\n|c|\u2606AI-test1|come on\n|\n|t:|1733843323\n|move|p1a: Miraidon|Calm Mind|p1a: Miraidon\n|-boost|p1a: Miraidon|spa|1\n|-boost|p1a: Miraidon|spd|1\n|move|p2a: Hitmonlee|High Jump Kick|p1a: Miraidon\n|-end|p1a: Miraidon|Substitute\n|\n|-heal|p1a: Miraidon|207/238|[from] item: Leftovers\n|upkeep\n|turn|20\n|\n|t:|1733843334\n|switch|p2a: Wigglytuff|Wigglytuff, L96, M|424/424\n|-damage|p2a: Wigglytuff|371/424|[from] Stealth Rock\n|move|p1a: Miraidon|Substitute|p1a: Miraidon\n|-start|p1a: Miraidon|Substitute\n|-damage|p1a: Miraidon|148/238\n|\n|-heal|p1a: Miraidon|162/238|[from] item: Leftovers\n|-heal|p2a: Wigglytuff|397/424|[from] item: Leftovers\n|upkeep\n|turn|21\n|\n|t:|1733843343\n|move|p1a: Miraidon|Electro Drift|p2a: Wigglytuff\n|-damage|p2a: Wigglytuff|94/424\n|move|p2a: Wigglytuff|Alluring Voice|p1a: Miraidon\n|-supereffective|p1a: Miraidon\n|-damage|p1a: Miraidon|24/238\n|\n|-heal|p1a: Miraidon|38/238|[from] item: Leftovers\n|-heal|p2a: Wigglytuff|120/424|[from] item: Leftovers\n|upkeep\n|turn|22\n|\n|t:|1733843352\n|move|p1a: Miraidon|Electro Drift|p2a: Wigglytuff\n|-damage|p2a: Wigglytuff|0 fnt\n|faint|p2a: Wigglytuff\n|\n|-heal|p1a: Miraidon|52/238|[from] item: Leftovers\n|-fieldend|move: Electric Terrain\n|upkeep\n|\n|t:|1733843355\n|switch|p2a: Thundurus|Thundurus-Therian, L80, M|258/258\n|-damage|p2a: Thundurus|194/258|[from] Stealth Rock\n|turn|23\n|\n|t:|1733843363\n|move|p1a: Miraidon|Draco Meteor|p2a: Thundurus\n|-damage|p2a: Thundurus|10/258\n|-unboost|p1a: Miraidon|spa|2\n|move|p2a: Thundurus|Sludge Wave|p1a: Miraidon\n|-end|p1a: Miraidon|Substitute\n|\n|-heal|p1a: Miraidon|66/238|[from] item: Leftovers\n|upkeep\n|turn|24\n|\n|t:|1733843373\n|move|p1a: Miraidon|Draco Meteor|p2a: Thundurus\n|-damage|p2a: Thundurus|0 fnt\n|-unboost|p1a: Miraidon|spa|2\n|faint|p2a: Thundurus\n|\n|-heal|p1a: Miraidon|80/238|[from] item: Leftovers\n|upkeep\n|c|\u2606AI-test1|insta burn, never misses, miss my kick\n|n|!AI-test1|aitest1\n|\n|t:|1733843395\n|switch|p2a: Hitmonlee|Hitmonlee, L85, M|99/223\n|-damage|p2a: Hitmonlee|86/223|[from] Stealth Rock\n|turn|25\n|\n|t:|1733843401\n|move|p1a: Miraidon|Electro Drift|p2a: Hitmonlee\n|-damage|p2a: Hitmonlee|56/223\n|move|p2a: Hitmonlee|High Jump Kick|p1a: Miraidon\n|-damage|p1a: Miraidon|0 fnt\n|faint|p1a: Miraidon\n|\n|upkeep\n|\n|t:|1733843408\n|switch|p1a: Terrakion|Terrakion, L79|273/273\n|turn|26\n|inactive|AI-test1 has 120 seconds left.\n|\n|t:|1733843449\n|move|p1a: Terrakion|Close Combat|p2a: Hitmonlee\n|-damage|p2a: Hitmonlee|0 fnt\n|-unboost|p1a: Terrakion|def|1\n|-unboost|p1a: Terrakion|spd|1\n|faint|p2a: Hitmonlee\n|-damage|p1a: Terrakion|246/273|[from] item: Life Orb\n|\n|win|Kibutsuji Muzan\n", "inputlog": ">version bfd83cad13791eb5a5a409923076391caf6fb4d4\n>start {\"formatid\":\"gen9randombattle\",\"seed\":[21786,38710,15888,46259],\"rated\":\"Rated battle\"}\n>player p1 {\"name\":\"Kibutsuji Muzan\",\"avatar\":\"giovanni\",\"rating\":1684,\"seed\":[24709,48807,5369,63396]}\n>player p2 {\"name\":\"AI-test1\",\"avatar\":\"supernerd\",\"rating\":1731,\"seed\":[18706,60178,54810,28493]}\n>p1 switch 2\n>p2 move alluringvoice\n>p1 move nuzzle\n>p2 switch 3\n>p1 switch 4\n>p2 move ironhead\n>p1 move stealthrock\n>p2 switch 3\n>p1 switch 4\n>p2 move wish\n>p1 move mysticalfire\n>p2 switch 3\n>p1 move mysticalfire\n>p2 move ironhead\n>p1 switch 4\n>p1 move lavaplume\n>p2 move stealthrock\n>p2 switch 2\n>p1 move lavaplume\n>p2 move swordsdance\n>p1 move lavaplume\n>p2 move bodyslam\n>p1 move lavaplume\n>p2 move bodyslam\n>p1 move solarbeam\n>p2 move earthquake\n>p2 switch 5\n>p1 move lavaplume\n>p2 move swordsdance\n>p1 move lavaplume\n>p2 move scaleshot\n>p1 switch 3\n>p1 move knockoff\n>p2 move dragonascent terastallize\n>p1 switch 6\n>p1 move discharge terastallize\n>p2 move dragonascent\n>p2 switch 4\n>p1 move stickyweb\n>p2 move highjumpkick\n>p1 switch 2\n>p1 move substitute\n>p2 move highjumpkick\n>chat \u2606AI-test1|come on\n>p1 move calmmind\n>p2 move highjumpkick\n>p1 move substitute\n>p2 switch 3\n>p1 move electrodrift\n>p2 move alluringvoice\n>p1 move electrodrift\n>p2 move wish\n>p2 switch 6\n>p1 move dracometeor\n>p2 move sludgewave\n>p1 move dracometeor\n>p2 move sludgewave\n>chat \u2606AI-test1|insta burn, never misses, miss my kick \n>chat \u2606AI-test1|fuck off \n>p2 switch 3\n>p1 move electrodrift\n>p2 move highjumpkick\n>p1 switch 5\n>p1 move closecombat\n>p2 move highjumpkick", "uploadtime": 1733843394, "views": 1, "formatid": "gen9randombattle", "rating": null, "private": 0, "password": null}