{"id": "gen9randombattle-2260774650", "format": "[Gen 9] Random Battle", "players": ["Sulihiya", "colbyonekenobi"], "log": "|j|\u2606Sulihiya\n|j|\u2606colbyonekenobi\n|t:|1733890103\n|gametype|singles\n|player|p1|Sulihiya|unknown|1030\n|player|p2|colbyonekenobi|pokemaniac|1079\n|teamsize|p1|6\n|teamsize|p2|6\n|gen|9\n|tier|[Gen 9] Random Battle\n|rated|\n|rule|Species Clause: Limit one of each Pok\u00e9mon\n|rule|HP Percentage Mod: HP is shown in percentages\n|rule|Sleep Clause Mod: Limit one foe put to sleep\n|rule|Illusion Level Mod: Illusion disguises the Pok\u00e9mon's true level\n|\n|t:|1733890103\n|start\n|switch|p1a: Revavroom|Revavroom, L79, M|256/256\n|switch|p2a: Galvantula|Galvantula, L82, F|249/249\n|turn|1\n|inactive|Battle timer is ON: inactive players will automatically lose when time's up. (requested by colbyonekenobi)\n|\n|t:|1733890124\n|switch|p2a: Pyroar|Pyroar, L88, F|295/295\n|-ability|p2a: Pyroar|Unnerve\n|move|p1a: Revavroom|Gunk Shot|p2a: Pyroar|[miss]\n|-miss|p1a: Revavroom|p2a: Pyroar\n|\n|upkeep\n|turn|2\n|\n|t:|1733890136\n|move|p2a: Pyroar|Will-O-Wisp|p1a: Revavroom\n|-status|p1a: Revavroom|brn\n|move|p1a: Revavroom|High Horsepower|p2a: Pyroar\n|-supereffective|p2a: Pyroar\n|-damage|p2a: Pyroar|203/295\n|-damage|p1a: Revavroom|231/256 brn|[from] item: Life Orb\n|\n|-damage|p1a: Revavroom|215/256 brn|[from] brn\n|upkeep\n|turn|3\n|\n|t:|1733890153\n|switch|p1a: Grimmsnarl|Grimmsnarl, L83, M|293/293\n|move|p2a: Pyroar|Fire Blast|p1a: Grimmsnarl|[miss]\n|-miss|p2a: Pyroar|p1a: Grimmsnarl\n|\n|upkeep\n|turn|4\n|\n|t:|1733890172\n|move|p1a: Grimmsnarl|Sucker Punch||[still]\n|-fail|p1a: Grimmsnarl\n|move|p2a: Pyroar|Taunt|p1a: Grimmsnarl\n|-start|p1a: Grimmsnarl|move: Taunt\n|\n|upkeep\n|turn|5\n|\n|t:|1733890184\n|switch|p2a: Galvantula|Galvantula, L82, F|249/249\n|switch|p1a: Terrakion|Terrakion, L79|273/273\n|\n|upkeep\n|turn|6\n|\n|t:|1733890195\n|move|p2a: Galvantula|Sticky Web|p1a: Terrakion\n|-sidestart|p1: Sulihiya|move: Sticky Web\n|move|p1a: Terrakion|Earthquake|p2a: Galvantula\n|-damage|p2a: Galvantula|90/249\n|\n|upkeep\n|turn|7\n|\n|t:|1733890214\n|switch|p2a: Suicune|Suicune, L82|298/298\n|-ability|p2a: Suicune|Pressure\n|move|p1a: Terrakion|Earthquake|p2a: Suicune\n|-damage|p2a: Suicune|205/298\n|\n|-heal|p2a: Suicune|223/298|[from] item: Leftovers\n|upkeep\n|turn|8\n|\n|t:|1733890229\n|switch|p1a: Shiftry|Shiftry, L89, F|305/305\n|-activate|p1a: Shiftry|move: Sticky Web\n|-unboost|p1a: Shiftry|spe|1\n|move|p2a: Suicune|Scald|p1a: Shiftry\n|-resisted|p1a: Shiftry\n|-damage|p1a: Shiftry|259/305\n|\n|-heal|p2a: Suicune|241/298|[from] item: Leftovers\n|upkeep\n|turn|9\n|inactive|colbyonekenobi has 120 seconds left.\n|\n|t:|1733890266\n|switch|p2a: Hitmonchan|Hitmonchan, L87, M|229/229\n|move|p1a: Shiftry|Leaf Blade|p2a: Hitmonchan\n|-damage|p2a: Hitmonchan|87/229\n|-damage|p1a: Shiftry|229/305|[from] item: Life Orb\n|\n|-heal|p2a: Hitmonchan|101/229|[from] item: Leftovers\n|upkeep\n|turn|10\n|\n|t:|1733890289\n|switch|p1a: Solgaleo|Solgaleo, L74|325/325\n|-activate|p1a: Solgaleo|move: Sticky Web\n|-fail|p1a: Solgaleo|unboost|[from] ability: Full Metal Body|[of] p1a: Solgaleo\n|move|p2a: Hitmonchan|Poison Jab|p1a: Solgaleo\n|-immune|p1a: Solgaleo\n|\n|-heal|p2a: Hitmonchan|115/229|[from] item: Leftovers\n|upkeep\n|turn|11\n|inactive|colbyonekenobi has 120 seconds left.\n|inactive|colbyonekenobi has 90 seconds left.\n|\n|t:|1733890351\n|switch|p2a: Galvantula|Galvantula, L82, F|90/249\n|move|p1a: Solgaleo|Psychic Fangs|p2a: Galvantula\n|-damage|p2a: Galvantula|0 fnt\n|faint|p2a: Galvantula\n|\n|upkeep\n|\n|t:|1733890355\n|switch|p2a: Pyroar|Pyroar, L88, F|203/295\n|-ability|p2a: Pyroar|Unnerve\n|turn|12\n|inactive|Sulihiya has 120 seconds left.\n|\n|t:|1733890376\n|-terastallize|p1a: Solgaleo|Water\n|move|p2a: Pyroar|Fire Blast|p1a: Solgaleo\n|-resisted|p1a: Solgaleo\n|-damage|p1a: Solgaleo|251/325\n|move|p1a: Solgaleo|Psychic Fangs|p2a: Pyroar\n|-damage|p2a: Pyroar|100/295\n|\n|upkeep\n|turn|13\n|inactive|Sulihiya has 120 seconds left.\n|inactive|colbyonekenobi has 90 seconds left.\n|\n|t:|1733890402\n|move|p2a: Pyroar|Will-O-Wisp|p1a: Solgaleo\n|-status|p1a: Solgaleo|brn\n|move|p1a: Solgaleo|Morning Sun|p1a: Solgaleo\n|-heal|p1a: Solgaleo|325/325 brn\n|\n|-damage|p1a: Solgaleo|305/325 brn|[from] brn\n|upkeep\n|turn|14\n|\n|t:|1733890411\n|switch|p2a: Suicune|Suicune, L82|241/298\n|-ability|p2a: Suicune|Pressure\n|move|p1a: Solgaleo|Psychic Fangs|p2a: Suicune\n|-damage|p2a: Suicune|202/298\n|\n|-heal|p2a: Suicune|220/298|[from] item: Leftovers\n|-damage|p1a: Solgaleo|285/325 brn|[from] brn\n|upkeep\n|turn|15\n|\n|t:|1733890425\n|switch|p1a: Shiftry|Shiftry, L89, F|229/305\n|-activate|p1a: Shiftry|move: Sticky Web\n|-unboost|p1a: Shiftry|spe|1\n|move|p2a: Suicune|Calm Mind|p2a: Suicune\n|-boost|p2a: Suicune|spa|1\n|-boost|p2a: Suicune|spd|1\n|\n|-heal|p2a: Suicune|238/298|[from] item: Leftovers\n|upkeep\n|turn|16\n|\n|t:|1733890436\n|switch|p2a: Hitmonchan|Hitmonchan, L87, M|115/229\n|move|p1a: Shiftry|Leaf Blade|p2a: Hitmonchan\n|-damage|p2a: Hitmonchan|0 fnt\n|faint|p2a: Hitmonchan\n|-damage|p1a: Shiftry|199/305|[from] item: Life Orb\n|\n|upkeep\n|\n|t:|1733890443\n|switch|p2a: Pyroar|Pyroar, L88, F|100/295\n|-ability|p2a: Pyroar|Unnerve\n|turn|17\n|\n|t:|1733890453\n|switch|p1a: Grimmsnarl|Grimmsnarl, L83, M|293/293\n|-activate|p1a: Grimmsnarl|move: Sticky Web\n|-unboost|p1a: Grimmsnarl|spe|1\n|move|p2a: Pyroar|Fire Blast|p1a: Grimmsnarl\n|-damage|p1a: Grimmsnarl|133/293\n|\n|-heal|p1a: Grimmsnarl|151/293|[from] item: Leftovers\n|upkeep\n|turn|18\n|\n|t:|1733890472\n|switch|p2a: Suicune|Suicune, L82|238/298\n|-ability|p2a: Suicune|Pressure\n|move|p1a: Grimmsnarl|Spirit Break|p2a: Suicune\n|-damage|p2a: Suicune|162/298\n|-unboost|p2a: Suicune|spa|1\n|\n|-heal|p2a: Suicune|180/298|[from] item: Leftovers\n|-heal|p1a: Grimmsnarl|169/293|[from] item: Leftovers\n|upkeep\n|turn|19\n|\n|t:|1733890487\n|switch|p1a: Shiftry|Shiftry, L89, F|199/305\n|-activate|p1a: Shiftry|move: Sticky Web\n|-unboost|p1a: Shiftry|spe|1\n|move|p2a: Suicune|Scald|p1a: Shiftry\n|-resisted|p1a: Shiftry\n|-crit|p1a: Shiftry\n|-damage|p1a: Shiftry|130/305\n|\n|-heal|p2a: Suicune|198/298|[from] item: Leftovers\n|upkeep\n|turn|20\n|\n|t:|1733890498\n|switch|p2a: Gholdengo|Gholdengo, L77|261/261\n|move|p1a: Shiftry|Leaf Blade|p2a: Gholdengo\n|-resisted|p2a: Gholdengo\n|-damage|p2a: Gholdengo|187/261\n|-damage|p1a: Shiftry|100/305|[from] item: Life Orb\n|\n|-heal|p2a: Gholdengo|203/261|[from] item: Leftovers\n|upkeep\n|turn|21\n|inactive|Sulihiya has 120 seconds left.\n|\n|t:|1733890523\n|switch|p1a: Mismagius|Mismagius, L86, M|243/243\n|move|p2a: Gholdengo|Nasty Plot|p2a: Gholdengo\n|-boost|p2a: Gholdengo|spa|2\n|\n|-heal|p2a: Gholdengo|219/261|[from] item: Leftovers\n|upkeep\n|turn|22\n|inactive|Sulihiya has 120 seconds left.\n|\n|t:|1733890538\n|move|p1a: Mismagius|Substitute|p1a: Mismagius\n|-start|p1a: Mismagius|Substitute\n|-damage|p1a: Mismagius|183/243\n|move|p2a: Gholdengo|Shadow Ball|p1a: Mismagius\n|-supereffective|p1a: Mismagius\n|-end|p1a: Mismagius|Substitute\n|\n|-heal|p1a: Mismagius|198/243|[from] item: Leftovers\n|-heal|p2a: Gholdengo|235/261|[from] item: Leftovers\n|upkeep\n|turn|23\n|inactive|Sulihiya has 120 seconds left.\n|\n|t:|1733890553\n|switch|p1a: Terrakion|Terrakion, L79|273/273\n|-activate|p1a: Terrakion|move: Sticky Web\n|-unboost|p1a: Terrakion|spe|1\n|move|p2a: Gholdengo|Shadow Ball|p1a: Terrakion\n|-damage|p1a: Terrakion|81/273\n|\n|-heal|p2a: Gholdengo|251/261|[from] item: Leftovers\n|upkeep\n|turn|24\n|inactive|Sulihiya has 120 seconds left.\n|inactive|colbyonekenobi has 90 seconds left.\n|inactive|colbyonekenobi has 60 seconds left.\n|\n|t:|1733890619\n|move|p2a: Gholdengo|Shadow Ball|p1a: Terrakion\n|-damage|p1a: Terrakion|0 fnt\n|faint|p1a: Terrakion\n|\n|-heal|p2a: Gholdengo|261/261|[from] item: Leftovers\n|upkeep\n|inactive|Sulihiya has 120 seconds left.\n|\n|t:|1733890627\n|switch|p1a: Solgaleo|Solgaleo, L74, tera:Water|285/325 brn\n|-activate|p1a: Solgaleo|move: Sticky Web\n|-fail|p1a: Solgaleo|unboost|[from] ability: Full Metal Body|[of] p1a: Solgaleo\n|turn|25\n|inactive|colbyonekenobi has 60 seconds left.\n|\n|t:|1733890661\n|move|p1a: Solgaleo|Flare Blitz|p2a: Gholdengo\n|-supereffective|p2a: Gholdengo\n|-damage|p2a: Gholdengo|171/261\n|-damage|p1a: Solgaleo|255/325 brn|[from] Recoil\n|move|p2a: Gholdengo|Nasty Plot|p2a: Gholdengo\n|-boost|p2a: Gholdengo|spa|2\n|\n|-heal|p2a: Gholdengo|187/261|[from] item: Leftovers\n|-damage|p1a: Solgaleo|235/325 brn|[from] brn\n|upkeep\n|turn|26\n|inactive|Sulihiya has 120 seconds left.\n|inactive|colbyonekenobi has 30 seconds left.\n|\n|t:|1733890684\n|move|p1a: Solgaleo|Psychic Fangs|p2a: Gholdengo\n|-resisted|p2a: Gholdengo\n|-damage|p2a: Gholdengo|164/261\n|move|p2a: Gholdengo|Shadow Ball|p1a: Solgaleo\n|-crit|p1a: Solgaleo\n|-damage|p1a: Solgaleo|0 fnt\n|faint|p1a: Solgaleo\n|\n|-heal|p2a: Gholdengo|180/261|[from] item: Leftovers\n|upkeep\n|inactive|Sulihiya has 120 seconds left.\n|\n|t:|1733890697\n|switch|p1a: Mismagius|Mismagius, L86, M|198/243\n|turn|27\n|inactive|Sulihiya has 120 seconds left.\n|\n|t:|1733890705\n|move|p1a: Mismagius|Substitute|p1a: Mismagius\n|-start|p1a: Mismagius|Substitute\n|-damage|p1a: Mismagius|138/243\n|move|p2a: Gholdengo|Shadow Ball|p1a: Mismagius\n|-supereffective|p1a: Mismagius\n|-end|p1a: Mismagius|Substitute\n|\n|-heal|p1a: Mismagius|153/243|[from] item: Leftovers\n|-heal|p2a: Gholdengo|196/261|[from] item: Leftovers\n|upkeep\n|turn|28\n|inactive|Sulihiya has 120 seconds left.\n|\n|t:|1733890717\n|move|p1a: Mismagius|Nasty Plot|p1a: Mismagius\n|-boost|p1a: Mismagius|spa|2\n|move|p2a: Gholdengo|Shadow Ball|p1a: Mismagius\n|-supereffective|p1a: Mismagius\n|-damage|p1a: Mismagius|0 fnt\n|faint|p1a: Mismagius\n|\n|-heal|p2a: Gholdengo|212/261|[from] item: Leftovers\n|upkeep\n|inactive|Sulihiya has 120 seconds left.\n|\n|t:|1733890727\n|switch|p1a: Revavroom|Revavroom, L79, M|215/256 brn\n|-activate|p1a: Revavroom|move: Sticky Web\n|-unboost|p1a: Revavroom|spe|1\n|turn|29\n|inactive|Sulihiya has 120 seconds left.\n|\n|t:|1733890741\n|move|p2a: Gholdengo|Shadow Ball|p1a: Revavroom\n|-damage|p1a: Revavroom|0 fnt\n|faint|p1a: Revavroom\n|\n|-heal|p2a: Gholdengo|228/261|[from] item: Leftovers\n|upkeep\n|-message|Sulihiya forfeited.\n|\n|win|colbyonekenobi\n|raw|Sulihiya's rating: 1030 &rarr; <strong>1018</strong><br />(-12 for losing)\n|raw|colbyonekenobi's rating: 1079 &rarr; <strong>1103</strong><br />(+24 for winning)\n|l|\u2606Sulihiya\n|player|p1|\n", "inputlog": ">version bfd83cad13791eb5a5a409923076391caf6fb4d4\n>start {\"formatid\":\"gen9randombattle\",\"seed\":[32492,28054,27168,18238],\"rated\":\"Rated battle\"}\n>player p1 {\"name\":\"Sulihiya\",\"avatar\":\"unknown\",\"rating\":1030,\"seed\":[48522,37424,45554,60767]}\n>player p2 {\"name\":\"colbyonekenobi\",\"avatar\":\"pokemaniac\",\"rating\":1079,\"seed\":[24748,23081,55753,47299]}\n>p1 move gunkshot\n>p2 switch 4\n>p1 move highhorsepower\n>p2 move willowisp\n>p1 switch 6\n>p2 move fireblast\n>p1 move suckerpunch\n>p2 move taunt\n>p1 switch 2\n>p2 switch 4\n>p1 move earthquake\n>p2 move stickyweb\n>p1 move earthquake\n>p2 switch 5\n>p1 switch 3\n>p2 move scald\n>p1 move leafblade\n>p2 switch 2\n>p1 switch 4\n>p2 move poisonjab\n>p1 move psychicfangs\n>p2 switch 5\n>p2 switch 4\n>p1 move psychicfangs terastallize\n>p2 move fireblast\n>p1 move morningsun\n>p2 move willowisp\n>p1 move psychicfangs\n>p2 switch 2\n>p1 switch 4\n>p2 move calmmind\n>p1 move leafblade\n>p2 switch 5\n>p2 switch 2\n>p1 switch 2\n>p2 move fireblast\n>p1 move spiritbreak\n>p2 switch 5\n>p1 switch 2\n>p2 move scald\n>p1 move leafblade\n>p2 switch 3\n>p1 switch 5\n>p2 move nastyplot\n>p1 move substitute\n>p2 move shadowball\n>p1 switch 3\n>p2 move shadowball\n>p1 move earthquake\n>p2 move shadowball\n>p1 switch 4\n>p1 move flareblitz\n>p2 move nastyplot\n>p1 move psychicfangs\n>p2 move shadowball\n>p1 switch 3\n>p1 move substitute\n>p2 move shadowball\n>p1 move nastyplot\n>p2 move shadowball\n>p1 switch 6\n>p1 move shiftgear\n>p2 move shadowball\n>forcelose p1", "uploadtime": 1733890781, "views": 18, "formatid": "gen9randombattle", "rating": 1018, "private": 0, "password": null}