{"id": "gen9randombattle-2260649123", "format": "[Gen 9] Random Battle", "players": ["theshinyster", "elpacodvd"], "log": "|j|\u2606theshinyster\n|j|\u2606elpacodvd\n|t:|1733873674\n|gametype|singles\n|player|p1|theshinyster|pokemonranger-gen4|1517\n|player|p2|elpacodvd|265|1469\n|teamsize|p1|6\n|teamsize|p2|6\n|gen|9\n|tier|[Gen 9] Random Battle\n|rated|\n|rule|Species Clause: Limit one of each Pok\u00e9mon\n|rule|HP Percentage Mod: HP is shown in percentages\n|rule|Sleep Clause Mod: Limit one foe put to sleep\n|rule|Illusion Level Mod: Illusion disguises the Pok\u00e9mon's true level\n|\n|t:|1733873674\n|start\n|switch|p1a: Eiscue|Eiscue, L88, M|272/272\n|switch|p2a: Zangoose|Zangoose, L85, M|263/263\n|turn|1\n|\n|t:|1733873689\n|move|p2a: Zangoose|Knock Off|p1a: Eiscue\n|-activate|p1a: Eiscue|ability: Ice Face\n|-damage|p1a: Eiscue|272/272\n|-enditem|p1a: Eiscue|Salac Berry|[from] move: Knock Off|[of] p2a: Zangoose\n|detailschange|p1a: Eiscue|Eiscue-Noice, L88, M\n|move|p1a: Eiscue|Substitute|p1a: Eiscue\n|-start|p1a: Eiscue|Substitute\n|-damage|p1a: Eiscue|204/272\n|\n|-status|p2a: Zangoose|tox|[from] item: Toxic Orb\n|upkeep\n|turn|2\n|\n|t:|1733873700\n|move|p1a: Eiscue|Belly Drum|p1a: Eiscue\n|-damage|p1a: Eiscue|68/272\n|-setboost|p1a: Eiscue|atk|6|[from] move: Belly Drum\n|move|p2a: Zangoose|Swords Dance|p2a: Zangoose\n|-boost|p2a: Zangoose|atk|2\n|\n|-damage|p2a: Zangoose|247/263 tox|[from] psn\n|upkeep\n|turn|3\n|\n|t:|1733873713\n|move|p1a: Eiscue|Liquidation|p2a: Zangoose\n|-damage|p2a: Zangoose|0 fnt\n|faint|p2a: Zangoose\n|\n|upkeep\n|\n|t:|1733873726\n|switch|p2a: Basculegion|Basculegion, L81, M|327/327\n|turn|4\n|inactive|Battle timer is ON: inactive players will automatically lose when time's up. (requested by theshinyster)\n|\n|t:|1733873736\n|move|p1a: Eiscue|Ice Spinner|p2a: Basculegion\n|-resisted|p2a: Basculegion\n|-damage|p2a: Basculegion|123/327\n|move|p2a: Basculegion|Shadow Ball|p1a: Eiscue\n|-end|p1a: Eiscue|Substitute\n|\n|upkeep\n|turn|5\n|\n|t:|1733873744\n|move|p2a: Basculegion|Aqua Jet|p1a: Eiscue\n|-damage|p1a: Eiscue|2/272\n|move|p1a: Eiscue|Ice Spinner|p2a: Basculegion\n|-resisted|p2a: Basculegion\n|-damage|p2a: Basculegion|0 fnt\n|faint|p2a: Basculegion\n|\n|upkeep\n|\n|t:|1733873759\n|switch|p2a: Mismagius|Mismagius, L86, M|243/243\n|turn|6\n|\n|t:|1733873764\n|move|p1a: Eiscue|Ice Spinner|p2a: Mismagius\n|-damage|p2a: Mismagius|0 fnt\n|faint|p2a: Mismagius\n|\n|upkeep\n|\n|t:|1733873767\n|switch|p2a: Morpeko|Morpeko, L88, F|245/245\n|turn|7\n|\n|t:|1733873777\n|-terastallize|p2a: Morpeko|Electric\n|move|p2a: Morpeko|Protect|p2a: Morpeko\n|-singleturn|p2a: Morpeko|Protect\n|move|p1a: Eiscue|Ice Spinner|p2a: Morpeko\n|-activate|p2a: Morpeko|move: Protect\n|\n|upkeep\n|turn|8\n|\n|t:|1733873791\n|move|p1a: Eiscue|Ice Spinner|p2a: Morpeko\n|-damage|p2a: Morpeko|0 fnt\n|faint|p2a: Morpeko\n|\n|upkeep\n|\n|t:|1733873793\n|switch|p2a: Heatran|Heatran, L79, F|273/273\n|-item|p2a: Heatran|Air Balloon\n|turn|9\n|\n|t:|1733873797\n|move|p1a: Eiscue|Liquidation|p2a: Heatran\n|-supereffective|p2a: Heatran\n|-damage|p2a: Heatran|0 fnt\n|-enditem|p2a: Heatran|Air Balloon\n|faint|p2a: Heatran\n|\n|upkeep\n|\n|t:|1733873800\n|switch|p2a: Torkoal|Torkoal, L88, F|266/266\n|-weather|SunnyDay|[from] ability: Drought|[of] p2a: Torkoal\n|turn|10\n|\n|t:|1733873809\n|move|p1a: Eiscue|Liquidation|p2a: Torkoal\n|-supereffective|p2a: Torkoal\n|-damage|p2a: Torkoal|122/266\n|move|p2a: Torkoal|Lava Plume|p1a: Eiscue\n|-supereffective|p1a: Eiscue\n|-damage|p1a: Eiscue|0 fnt\n|faint|p1a: Eiscue\n|\n|-weather|SunnyDay|[upkeep]\n|upkeep\n|\n|t:|1733873820\n|switch|p1a: Raikou|Raikou, L81|278/278\n|-ability|p1a: Raikou|Pressure\n|turn|11\n|-message|elpacodvd forfeited.\n|\n|win|theshinyster\n|raw|theshinyster's rating: 1517 &rarr; <strong>1534</strong><br />(+17 for winning)\n|raw|elpacodvd's rating: 1469 &rarr; <strong>1452</strong><br />(-17 for losing)\n|l|\u2606elpacodvd\n|player|p2|\n", "inputlog": ">version bfd83cad13791eb5a5a409923076391caf6fb4d4\n>start {\"formatid\":\"gen9randombattle\",\"seed\":[56543,51177,7297,23608],\"rated\":\"Rated battle\"}\n>player p1 {\"name\":\"theshinyster\",\"avatar\":\"pokemonranger-gen4\",\"rating\":1517,\"seed\":[19153,57375,55,5472]}\n>player p2 {\"name\":\"elpacodvd\",\"avatar\":\"265\",\"rating\":1469,\"seed\":[3589,23095,45635,2844]}\n>p1 move substitute\n>p2 move knockoff\n>p1 move bellydrum\n>p2 move swordsdance\n>p1 move liquidation\n>p2 move facade\n>p2 switch 4\n>p1 move icespinner\n>p2 move shadowball\n>p1 move icespinner\n>p2 move aquajet\n>p2 switch 3\n>p1 move icespinner\n>p2 move shadowball\n>p2 switch 2\n>p1 move icespinner\n>p2 move protect terastallize\n>p1 move icespinner\n>p2 move rapidspin\n>p2 switch 5\n>p1 move liquidation\n>p2 move flashcannon\n>p2 switch 6\n>p1 move liquidation\n>p2 move lavaplume\n>p1 switch 2\n>forcelose p2", "uploadtime": 1733873825, "views": 1, "formatid": "gen9randombattle", "rating": 1452, "private": 0, "password": null}