{"id": "gen9randombattle-2260831789", "format": "[Gen 9] Random Battle", "players": ["Dainvel", "Chillichakka"], "log": "|j|\u2606Dainvel\n|j|\u2606Chillichakka\n|t:|1733900265\n|gametype|singles\n|player|p1|Dainvel|erika|1641\n|player|p2|Chillichakka|265|1652\n|teamsize|p1|6\n|teamsize|p2|6\n|gen|9\n|tier|[Gen 9] Random Battle\n|rated|\n|rule|Species Clause: Limit one of each Pok\u00e9mon\n|rule|HP Percentage Mod: HP is shown in percentages\n|rule|Sleep Clause Mod: Limit one foe put to sleep\n|rule|Illusion Level Mod: Illusion disguises the Pok\u00e9mon's true level\n|\n|t:|1733900265\n|start\n|switch|p1a: Dragalge|Dragalge, L88, M|258/258\n|switch|p2a: Weezing|Weezing-Galar, L86, F|252/252\n|turn|1\n|inactive|Battle timer is ON: inactive players will automatically lose when time's up. (requested by Dainvel)\n|inactive|Chillichakka has 120 seconds left.\n|\n|t:|1733900311\n|switch|p2a: Cyclizar|Cyclizar, L83, F|252/252\n|move|p1a: Dragalge|Sludge Wave|p2a: Cyclizar\n|-damage|p2a: Cyclizar|78/252\n|\n|upkeep\n|turn|2\n|\n|t:|1733900323\n|move|p2a: Cyclizar|Draco Meteor|p1a: Dragalge\n|-supereffective|p1a: Dragalge\n|-damage|p1a: Dragalge|130/258\n|-unboost|p2a: Cyclizar|spa|2\n|move|p1a: Dragalge|Sludge Wave|p2a: Cyclizar\n|-damage|p2a: Cyclizar|0 fnt\n|faint|p2a: Cyclizar\n|\n|upkeep\n|\n|t:|1733900337\n|switch|p2a: Iron Jugulis|Iron Jugulis, L78|275/275\n|turn|3\n|\n|t:|1733900347\n|move|p2a: Iron Jugulis|Hurricane|p1a: Dragalge\n|-damage|p1a: Dragalge|45/258\n|move|p1a: Dragalge|Draco Meteor|p2a: Iron Jugulis\n|-damage|p2a: Iron Jugulis|21/275\n|-unboost|p1a: Dragalge|spa|2\n|\n|upkeep\n|turn|4\n|\n|t:|1733900353\n|move|p2a: Iron Jugulis|Hurricane|p1a: Dragalge|[miss]\n|-miss|p2a: Iron Jugulis|p1a: Dragalge\n|move|p1a: Dragalge|Sludge Wave|p2a: Iron Jugulis\n|-damage|p2a: Iron Jugulis|0 fnt\n|faint|p2a: Iron Jugulis\n|-end|p2a: Iron Jugulis|Quark Drive|[silent]\n|\n|upkeep\n|\n|t:|1733900358\n|switch|p2a: Cloyster|Cloyster, L80, M|211/211\n|turn|5\n|\n|t:|1733900369\n|move|p2a: Cloyster|Shell Smash|p2a: Cloyster\n|-unboost|p2a: Cloyster|def|1\n|-unboost|p2a: Cloyster|spd|1\n|-boost|p2a: Cloyster|atk|2\n|-boost|p2a: Cloyster|spa|2\n|-boost|p2a: Cloyster|spe|2\n|-enditem|p2a: Cloyster|White Herb\n|-clearnegativeboost|p2a: Cloyster|[silent]\n|move|p1a: Dragalge|Dragon Tail|p2a: Cloyster\n|-damage|p2a: Cloyster|167/211\n|drag|p2a: Forretress|Forretress, L84, M|263/263\n|\n|upkeep\n|turn|6\n|inactive|Chillichakka has 120 seconds left.\n|\n|t:|1733900406\n|move|p2a: Forretress|Spikes|p1a: Dragalge\n|-sidestart|p1: Dainvel|Spikes\n|move|p1a: Dragalge|Dragon Tail|p2a: Forretress\n|-resisted|p2a: Forretress\n|-damage|p2a: Forretress|234/263\n|drag|p2a: Cloyster|Cloyster, L80, M|167/211\n|\n|upkeep\n|turn|7\n|inactive|Chillichakka has 120 seconds left.\n|\n|t:|1733900428\n|move|p2a: Cloyster|Shell Smash|p2a: Cloyster\n|-unboost|p2a: Cloyster|def|1\n|-unboost|p2a: Cloyster|spd|1\n|-boost|p2a: Cloyster|atk|2\n|-boost|p2a: Cloyster|spa|2\n|-boost|p2a: Cloyster|spe|2\n|move|p1a: Dragalge|Dragon Tail|p2a: Cloyster\n|-damage|p2a: Cloyster|101/211\n|drag|p2a: Weezing|Weezing-Galar, L86, F|252/252\n|\n|upkeep\n|turn|8\n|\n|t:|1733900437\n|move|p2a: Weezing|Strange Steam|p1a: Dragalge\n|-damage|p1a: Dragalge|0 fnt\n|faint|p1a: Dragalge\n|\n|upkeep\n|\n|t:|1733900461\n|switch|p1a: Spidops|Spidops, L96, M|271/271\n|turn|9\n|inactive|Chillichakka has 120 seconds left.\n|\n|t:|1733900472\n|move|p2a: Weezing|Gunk Shot|p1a: Spidops\n|-damage|p1a: Spidops|156/271\n|move|p1a: Spidops|Sticky Web|p2a: Weezing\n|-sidestart|p2: Chillichakka|move: Sticky Web\n|\n|upkeep\n|turn|10\n|\n|t:|1733900476\n|move|p2a: Weezing|Gunk Shot|p1a: Spidops\n|-damage|p1a: Spidops|42/271\n|-status|p1a: Spidops|psn\n|move|p1a: Spidops|Toxic Spikes|p2a: Weezing\n|-sidestart|p2: Chillichakka|move: Toxic Spikes\n|\n|-damage|p1a: Spidops|9/271 psn|[from] psn\n|upkeep\n|turn|11\n|\n|t:|1733900483\n|move|p2a: Weezing|Defog|p1a: Spidops\n|-unboost|p1a: Spidops|evasion|1\n|-sideend|p1: Dainvel|Spikes|[from] move: Defog|[of] p2a: Weezing\n|-sideend|p2: Chillichakka|Toxic Spikes|[from] move: Defog|[of] p2a: Weezing\n|-sideend|p2: Chillichakka|Sticky Web|[from] move: Defog|[of] p2a: Weezing\n|move|p1a: Spidops|Knock Off|p2a: Weezing\n|-resisted|p2a: Weezing\n|-damage|p2a: Weezing|222/252\n|-enditem|p2a: Weezing|Leftovers|[from] move: Knock Off|[of] p1a: Spidops\n|\n|-damage|p1a: Spidops|0 fnt|[from] psn\n|faint|p1a: Spidops\n|upkeep\n|\n|t:|1733900490\n|switch|p1a: Minior|Minior-Indigo, L79|224/224\n|-formechange|p1a: Minior|Minior-Meteor||[from] ability: Shields Down\n|turn|12\n|\n|t:|1733900517\n|move|p2a: Weezing|Strange Steam|p1a: Minior\n|-damage|p1a: Minior|137/224\n|move|p1a: Minior|Shell Smash|p1a: Minior\n|-unboost|p1a: Minior|def|1\n|-unboost|p1a: Minior|spd|1\n|-boost|p1a: Minior|atk|2\n|-boost|p1a: Minior|spa|2\n|-boost|p1a: Minior|spe|2\n|-enditem|p1a: Minior|White Herb\n|-clearnegativeboost|p1a: Minior|[silent]\n|\n|upkeep\n|turn|13\n|\n|t:|1733900525\n|move|p1a: Minior|Power Gem|p2a: Weezing\n|-damage|p2a: Weezing|99/252\n|move|p2a: Weezing|Strange Steam|p1a: Minior\n|-damage|p1a: Minior|53/224\n|\n|-formechange|p1a: Minior|Minior-Indigo||[from] ability: Shields Down\n|upkeep\n|turn|14\n|\n|t:|1733900535\n|-terastallize|p2a: Weezing|Steel\n|move|p1a: Minior|Power Gem|p2a: Weezing\n|-resisted|p2a: Weezing\n|-damage|p2a: Weezing|18/252\n|move|p2a: Weezing|Strange Steam|p1a: Minior\n|-damage|p1a: Minior|0 fnt\n|faint|p1a: Minior\n|\n|upkeep\n|\n|t:|1733900545\n|switch|p1a: Darkrai|Darkrai, L77|234/234\n|turn|15\n|\n|t:|1733900551\n|switch|p2a: Forretress|Forretress, L84, M|234/263\n|move|p1a: Darkrai|Dark Pulse|p2a: Forretress\n|-damage|p2a: Forretress|105/263\n|\n|-heal|p2a: Forretress|121/263|[from] item: Leftovers\n|upkeep\n|turn|16\n|\n|t:|1733900559\n|switch|p2a: Incineroar|Incineroar, L82, M|290/290\n|-ability|p2a: Incineroar|Intimidate|boost\n|-unboost|p1a: Darkrai|atk|1\n|move|p1a: Darkrai|Nasty Plot|p1a: Darkrai\n|-boost|p1a: Darkrai|spa|2\n|\n|upkeep\n|turn|17\n|\n|t:|1733900571\n|-terastallize|p1a: Darkrai|Poison\n|move|p1a: Darkrai|Substitute|p1a: Darkrai\n|-start|p1a: Darkrai|Substitute\n|-damage|p1a: Darkrai|176/234\n|move|p2a: Incineroar|Close Combat|p1a: Darkrai\n|-resisted|p1a: Darkrai\n|-activate|p1a: Darkrai|move: Substitute|[damage]\n|-unboost|p2a: Incineroar|def|1\n|-unboost|p2a: Incineroar|spd|1\n|\n|-heal|p1a: Darkrai|190/234|[from] item: Leftovers\n|upkeep\n|turn|18\n|l|\u2606Dainvel\n|inactive|Dainvel disconnected and has a minute to reconnect!\n|player|p1|\n|j|\u2606Dainvel\n|inactive|Dainvel reconnected and has 120 seconds left.\n|player|p1|Dainvel|erika|\n|\n|t:|1733900605\n|move|p1a: Darkrai|Sludge Bomb|p2a: Incineroar\n|-damage|p2a: Incineroar|1/290\n|move|p2a: Incineroar|Knock Off|p1a: Darkrai\n|-end|p1a: Darkrai|Substitute\n|\n|-heal|p1a: Darkrai|204/234|[from] item: Leftovers\n|upkeep\n|turn|19\n|inactive|Dainvel has 120 seconds left.\n|inactive|Chillichakka has 120 seconds left.\n|\n|t:|1733900652\n|move|p1a: Darkrai|Dark Pulse|p2a: Incineroar\n|-resisted|p2a: Incineroar\n|-damage|p2a: Incineroar|0 fnt\n|faint|p2a: Incineroar\n|\n|-heal|p1a: Darkrai|218/234|[from] item: Leftovers\n|upkeep\n|\n|t:|1733900656\n|switch|p2a: Weezing|Weezing-Galar, L86, F, tera:Steel|18/252\n|turn|20\n|inactive|Dainvel has 120 seconds left.\n|\n|t:|1733900673\n|move|p1a: Darkrai|Substitute|p1a: Darkrai\n|-start|p1a: Darkrai|Substitute\n|-damage|p1a: Darkrai|160/234\n|move|p2a: Weezing|Pain Split||[still]\n|-fail|p2a: Weezing\n|\n|-heal|p1a: Darkrai|174/234|[from] item: Leftovers\n|upkeep\n|turn|21\n|inactive|Chillichakka has 120 seconds left.\n|\n|t:|1733900693\n|move|p1a: Darkrai|Nasty Plot|p1a: Darkrai\n|-boost|p1a: Darkrai|spa|2\n|move|p2a: Weezing|Pain Split||[still]\n|-fail|p2a: Weezing\n|\n|-heal|p1a: Darkrai|188/234|[from] item: Leftovers\n|upkeep\n|turn|22\n|\n|t:|1733900699\n|move|p1a: Darkrai|Nasty Plot|p1a: Darkrai\n|-boost|p1a: Darkrai|spa|2\n|move|p2a: Weezing|Pain Split||[still]\n|-fail|p2a: Weezing\n|\n|-heal|p1a: Darkrai|202/234|[from] item: Leftovers\n|upkeep\n|turn|23\n|inactive|Chillichakka has 120 seconds left.\n|\n|t:|1733900707\n|move|p1a: Darkrai|Dark Pulse|p2a: Weezing\n|-damage|p2a: Weezing|0 fnt\n|faint|p2a: Weezing\n|\n|-heal|p1a: Darkrai|216/234|[from] item: Leftovers\n|upkeep\n|c|\u2606Dainvel|Lol\n|c|\u2606Dainvel|Ff\n|\n|t:|1733900711\n|switch|p2a: Cloyster|Cloyster, L80, M|101/211\n|turn|24\n|inactive|Chillichakka has 120 seconds left.\n|inactive|Chillichakka has 90 seconds left.\n|inactive|Chillichakka has 60 seconds left.\n|inactive|Chillichakka has 30 seconds left.\n|inactive|Chillichakka has 20 seconds left.\n|inactive|Chillichakka has 15 seconds left.\n|inactive|Chillichakka has 10 seconds left.\n|\n|t:|1733900836\n|move|p1a: Darkrai|Sludge Bomb|p2a: Cloyster\n|-damage|p2a: Cloyster|0 fnt\n|faint|p2a: Cloyster\n|\n|-heal|p1a: Darkrai|230/234|[from] item: Leftovers\n|upkeep\n|inactive|Chillichakka has 15 seconds left this turn.\n|\n|t:|1733900838\n|switch|p2a: Forretress|Forretress, L84, M|121/263\n|turn|25\n|inactive|Chillichakka has 25 seconds left this turn.\n|\n|t:|1733900845\n|move|p1a: Darkrai|Dark Pulse|p2a: Forretress\n|-damage|p2a: Forretress|0 fnt\n|faint|p2a: Forretress\n|\n|win|Dainvel\n|inactive|Chillichakka has 30 seconds left this turn.\n|raw|Dainvel's rating: 1641 &rarr; <strong>1662</strong><br />(+21 for winning)\n|raw|Chillichakka's rating: 1652 &rarr; <strong>1631</strong><br />(-21 for losing)\n", "inputlog": ">version bfd83cad13791eb5a5a409923076391caf6fb4d4\n>start {\"formatid\":\"gen9randombattle\",\"seed\":[1281,1743,61879,48304],\"rated\":\"Rated battle\"}\n>player p1 {\"name\":\"Dainvel\",\"avatar\":\"erika\",\"rating\":1641,\"seed\":[62445,17143,17082,60037]}\n>player p2 {\"name\":\"Chillichakka\",\"avatar\":\"265\",\"rating\":1652,\"seed\":[9231,51444,20448,40314]}\n>p1 move sludgewave\n>p2 switch 6\n>p1 move sludgewave\n>p2 move dracometeor\n>p2 switch 5\n>p1 move dracometeor\n>p2 move hurricane\n>p1 move sludgewave\n>p2 move hurricane\n>p2 switch 2\n>p1 move dragontail\n>p2 move shellsmash\n>p1 move dragontail\n>p2 move spikes\n>p1 move dragontail\n>p2 move shellsmash\n>p1 move sludgewave\n>p2 move strangesteam\n>p1 switch 2\n>p1 move stickyweb\n>p2 move gunkshot\n>p1 move toxicspikes\n>p2 move gunkshot\n>p1 move knockoff\n>p2 move defog\n>p1 switch 4\n>p1 move shellsmash\n>p2 move strangesteam\n>p1 move powergem\n>p2 move strangesteam\n>p1 move powergem\n>p2 move strangesteam terastallize\n>p1 switch 6\n>p1 move darkpulse\n>p2 switch 3\n>p1 move nastyplot\n>p2 switch 4\n>p1 move substitute terastallize\n>p2 move closecombat\n>p1 move sludgebomb\n>p2 move knockoff\n>p1 move darkpulse\n>p2 move knockoff\n>p2 switch 3\n>p1 move substitute\n>p2 move painsplit\n>p1 move nastyplot\n>p2 move painsplit\n>p1 move nastyplot\n>p2 move painsplit\n>p1 move darkpulse\n>p2 move gunkshot\n>chat \u2606Dainvel|Lol\n>chat \u2606Dainvel|Ff\n>p2 switch 6\n>p1 move sludgebomb\n>p2 move shellsmash\n>p2 switch 4\n>p1 move darkpulse\n>p2 move ironhead", "uploadtime": 1733900951, "views": 1, "formatid": "gen9randombattle", "rating": 1631, "private": 0, "password": null}