{"id": "gen9randombattle-2032903594", "format": "[Gen 9] Random Battle", "players": ["Thanos(Angelo)", "pokeblade\u2606101"], "log": "|j|\u2606Thanos(Angelo)\n|j|\u2606pokeblade\u2606101\n|t:|1705017723\n|gametype|singles\n|player|p1|Thanos(Angelo)|alec-anime|2206\n|player|p2|pokeblade\u2606101|#rbtt7teamchiyu|2463\n|teamsize|p1|6\n|teamsize|p2|6\n|gen|9\n|tier|[Gen 9] Random Battle\n|rated|\n|rule|Species Clause: Limit one of each Pok\u00e9mon\n|rule|HP Percentage Mod: HP is shown in percentages\n|rule|Sleep Clause Mod: Limit one foe put to sleep\n|rule|Illusion Level Mod: Illusion disguises the Pok\u00e9mon's true level\n|\n|t:|1705017723\n|start\n|switch|p1a: Kricketune|Kricketune, L99, F|311/311\n|switch|p2a: Mightyena|Mightyena, L95, F|287/287\n|-ability|p2a: Mightyena|Intimidate|boost\n|-unboost|p1a: Kricketune|atk|1\n|turn|1\n|\n|t:|1705017741\n|move|p2a: Mightyena|Throat Chop|p1a: Kricketune\n|-damage|p1a: Kricketune|142/311\n|-start|p1a: Kricketune|Throat Chop|[silent]\n|-damage|p2a: Mightyena|259/287|[from] item: Life Orb\n|move|p1a: Kricketune|Sticky Web|p2a: Mightyena\n|-sidestart|p2: pokeblade\u2606101|move: Sticky Web\n|\n|upkeep\n|turn|2\n|\n|t:|1705017766\n|move|p2a: Mightyena|Throat Chop|p1a: Kricketune\n|-damage|p1a: Kricketune|0 fnt\n|faint|p1a: Kricketune\n|-damage|p2a: Mightyena|231/287|[from] item: Life Orb\n|\n|upkeep\n|\n|t:|1705017776\n|switch|p1a: Abomasnow|Abomasnow, L86, M|295/295\n|-weather|Snow|[from] ability: Snow Warning|[of] p1a: Abomasnow\n|turn|3\n|j|+Aqua\n|\n|t:|1705017786\n|move|p2a: Mightyena|Taunt|p1a: Abomasnow\n|-start|p1a: Abomasnow|move: Taunt\n|cant|p1a: Abomasnow|move: Taunt|Aurora Veil\n|\n|-weather|Snow|[upkeep]\n|upkeep\n|turn|4\n|\n|t:|1705017812\n|move|p2a: Mightyena|Poison Fang|p1a: Abomasnow\n|-supereffective|p1a: Abomasnow\n|-damage|p1a: Abomasnow|212/295\n|-damage|p2a: Mightyena|203/287|[from] item: Life Orb\n|move|p1a: Abomasnow|Blizzard|p2a: Mightyena\n|-damage|p2a: Mightyena|62/287\n|\n|-weather|Snow|[upkeep]\n|upkeep\n|turn|5\n|\n|t:|1705017828\n|move|p2a: Mightyena|Poison Fang|p1a: Abomasnow\n|-supereffective|p1a: Abomasnow\n|-damage|p1a: Abomasnow|129/295\n|-damage|p2a: Mightyena|34/287|[from] item: Life Orb\n|move|p1a: Abomasnow|Blizzard|p2a: Mightyena\n|-damage|p2a: Mightyena|0 fnt\n|faint|p2a: Mightyena\n|\n|-weather|Snow|[upkeep]\n|-end|p1a: Abomasnow|move: Taunt\n|upkeep\n|c|+Aqua|so that's SE damage with life orb. interesting\n|c|\u2606pokeblade\u2606101|eh its only 50 power\n|\n|t:|1705017852\n|switch|p2a: Persian|Persian, L93, F|272/272\n|-activate|p2a: Persian|move: Sticky Web\n|-unboost|p2a: Persian|spe|1\n|turn|6\n|c|+Aqua|still weird to see\n|\n|t:|1705017880\n|move|p2a: Persian|Double-Edge|p1a: Abomasnow\n|-damage|p1a: Abomasnow|0 fnt\n|faint|p1a: Abomasnow\n|-damage|p2a: Persian|229/272|[from] Recoil\n|\n|-weather|Snow|[upkeep]\n|upkeep\n|\n|t:|1705017902\n|switch|p1a: Deoxys|Deoxys-Speed, L79|209/209\n|-ability|p1a: Deoxys|Pressure\n|turn|7\n|\n|t:|1705017908\n|switch|p2a: Vespiquen|Vespiquen, L98, F|296/296\n|-ability|p2a: Vespiquen|Pressure\n|move|p1a: Deoxys|Focus Blast|p2a: Vespiquen\n|-resisted|p2a: Vespiquen\n|-damage|p2a: Vespiquen|277/296\n|-damage|p1a: Deoxys|189/209|[from] item: Life Orb\n|\n|-weather|none\n|upkeep\n|turn|8\n|\n|t:|1705017915\n|move|p1a: Deoxys|Nasty Plot|p1a: Deoxys\n|-boost|p1a: Deoxys|spa|2\n|move|p2a: Vespiquen|U-turn|p1a: Deoxys\n|-supereffective|p1a: Deoxys\n|-damage|p1a: Deoxys|1/209\n|\n|t:|1705017922\n|switch|p2a: Persian|Persian, L93, F|229/272|[from] U-turn\n|-activate|p2a: Persian|move: Sticky Web\n|-unboost|p2a: Persian|spe|1\n|\n|upkeep\n|turn|9\n|\n|t:|1705017928\n|switch|p2a: Clawitzer|Clawitzer, L86, M|262/262\n|-activate|p2a: Clawitzer|move: Sticky Web\n|-unboost|p2a: Clawitzer|spe|1\n|move|p1a: Deoxys|Psycho Boost|p2a: Clawitzer\n|-damage|p2a: Clawitzer|0 fnt\n|-unboost|p1a: Deoxys|spa|2\n|faint|p2a: Clawitzer\n|-damage|p1a: Deoxys|0 fnt|[from] item: Life Orb\n|faint|p1a: Deoxys\n|\n|upkeep\n|\n|t:|1705017937\n|switch|p1a: Furret|Furret, L93, F|309/309\n|switch|p2a: Leavanny|Leavanny, L88, M|275/275\n|-item|p2a: Leavanny|Heavy-Duty Boots|[from] ability: Frisk|[of] p1a: Furret|[identify]\n|turn|10\n|\n|t:|1705017952\n|move|p1a: Furret|Double-Edge|p2a: Leavanny\n|-damage|p2a: Leavanny|115/275\n|-damage|p1a: Furret|256/309|[from] Recoil\n|-damage|p1a: Furret|226/309|[from] item: Life Orb\n|move|p2a: Leavanny|Lunge|p1a: Furret\n|-damage|p1a: Furret|106/309\n|-unboost|p1a: Furret|atk|1\n|\n|upkeep\n|turn|11\n|\n|t:|1705017984\n|move|p1a: Furret|Double-Edge|p2a: Leavanny\n|-damage|p2a: Leavanny|1/275\n|-damage|p1a: Furret|68/309|[from] Recoil\n|-damage|p1a: Furret|38/309|[from] item: Life Orb\n|move|p2a: Leavanny|Sticky Web|p1a: Furret\n|-sidestart|p1: Thanos(Angelo)|move: Sticky Web\n|\n|upkeep\n|turn|12\n|\n|t:|1705017995\n|switch|p2a: Gastrodon|Gastrodon-East, L86, F|331/331\n|-activate|p2a: Gastrodon|move: Sticky Web\n|-unboost|p2a: Gastrodon|spe|1\n|move|p1a: Furret|Knock Off|p2a: Gastrodon\n|-damage|p2a: Gastrodon|260/331\n|-enditem|p2a: Gastrodon|Leftovers|[from] move: Knock Off|[of] p1a: Furret\n|-damage|p1a: Furret|8/309|[from] item: Life Orb\n|\n|upkeep\n|turn|13\n|\n|t:|1705018001\n|switch|p1a: Hydrapple|Hydrapple, L83, F|312/312\n|-activate|p1a: Hydrapple|move: Sticky Web\n|-unboost|p1a: Hydrapple|spe|1\n|move|p2a: Gastrodon|Recover|p2a: Gastrodon\n|-heal|p2a: Gastrodon|331/331\n|\n|upkeep\n|turn|14\n|\n|t:|1705018010\n|-terastallize|p2a: Gastrodon|Steel\n|move|p1a: Hydrapple|Nasty Plot|p1a: Hydrapple\n|-boost|p1a: Hydrapple|spa|2\n|move|p2a: Gastrodon|Ice Beam|p1a: Hydrapple\n|-supereffective|p1a: Hydrapple\n|-damage|p1a: Hydrapple|16/312\n|\n|upkeep\n|turn|15\n|\n|t:|1705018020\n|switch|p2a: Vespiquen|Vespiquen, L98, F|277/296\n|-ability|p2a: Vespiquen|Pressure\n|move|p1a: Hydrapple|Giga Drain|p2a: Vespiquen\n|-resisted|p2a: Vespiquen\n|-damage|p2a: Vespiquen|229/296\n|-heal|p1a: Hydrapple|40/312|[from] drain|[of] p2a: Vespiquen\n|-damage|p1a: Hydrapple|9/312|[from] item: Life Orb\n|\n|upkeep\n|turn|16\n|\n|t:|1705018027\n|move|p2a: Vespiquen|U-turn|p1a: Hydrapple\n|-supereffective|p1a: Hydrapple\n|-damage|p1a: Hydrapple|0 fnt\n|faint|p1a: Hydrapple\n|\n|t:|1705018030\n|switch|p2a: Leavanny|Leavanny, L88, M|1/275|[from] U-turn\n|\n|upkeep\n|\n|t:|1705018042\n|switch|p1a: Eiscue|Eiscue, L87, M|272/272\n|-activate|p1a: Eiscue|move: Sticky Web\n|-unboost|p1a: Eiscue|spe|1\n|turn|17\n|\n|t:|1705018065\n|switch|p2a: Gastrodon|Gastrodon-East, L86, F, tera:Steel|331/331\n|-activate|p2a: Gastrodon|move: Sticky Web\n|-unboost|p2a: Gastrodon|spe|1\n|move|p1a: Eiscue|Belly Drum|p1a: Eiscue\n|-damage|p1a: Eiscue|136/272\n|-setboost|p1a: Eiscue|atk|6|[from] move: Belly Drum\n|-enditem|p1a: Eiscue|Sitrus Berry|[eat]\n|-heal|p1a: Eiscue|204/272|[from] item: Sitrus Berry\n|\n|upkeep\n|turn|18\n|\n|t:|1705018079\n|-terastallize|p1a: Eiscue|Ground\n|move|p1a: Eiscue|Tera Blast|p2a: Gastrodon|[anim] Tera Blast Ground\n|-supereffective|p2a: Gastrodon\n|-damage|p2a: Gastrodon|0 fnt\n|faint|p2a: Gastrodon\n|\n|upkeep\n|\n|t:|1705018094\n|switch|p2a: Vespiquen|Vespiquen, L98, F|229/296\n|-ability|p2a: Vespiquen|Pressure\n|turn|19\n|\n|t:|1705018098\n|move|p2a: Vespiquen|Air Slash|p1a: Eiscue\n|-damage|p1a: Eiscue|108/272\n|move|p1a: Eiscue|Ice Spinner|p2a: Vespiquen\n|-supereffective|p2a: Vespiquen\n|-damage|p2a: Vespiquen|0 fnt\n|faint|p2a: Vespiquen\n|\n|upkeep\n|c|\u2606pokeblade\u2606101|damn man\n|-message|pokeblade\u2606101 forfeited.\n|\n|win|Thanos(Angelo)\n|raw|Thanos(Angelo)'s rating: 2206 &rarr; <strong>2239</strong><br />(+33 for winning)\n|raw|pokeblade\u2606101's rating: 2463 &rarr; <strong>2430</strong><br />(-33 for losing)\n|l|\u2606pokeblade\u2606101\n|player|p2|\n", "inputlog": ">version d8bbfa1aa35c3d3e1c4b06899841493a0e490a2d\n>start {\"formatid\":\"gen9randombattle\",\"seed\":[35346,41787,9397,8074],\"rated\":\"Rated battle\"}\n>player p1 {\"name\":\"Thanos(Angelo)\",\"avatar\":\"alec-anime\",\"rating\":2206,\"seed\":[57815,58815,62619,13641]}\n>player p2 {\"name\":\"pokeblade\u2606101\",\"avatar\":\"#rbtt7teamchiyu\",\"rating\":2463,\"seed\":[51308,39132,18174,36225]}\n>p1 move stickyweb\n>p2 move throatchop\n>p1 move pounce\n>p2 move throatchop\n>p1 switch 3\n>p1 move auroraveil\n>p2 move taunt\n>p1 move blizzard\n>p2 move poisonfang\n>p1 move blizzard\n>p2 move poisonfang\n>chat +Aqua|so that's SE damage with life orb. interesting\n>chat \u2606pokeblade\u2606101|eh its only 50 power\n>p2 switch 6\n>chat +Aqua|still weird to see\n>p1 move auroraveil\n>p2 move doubleedge\n>p1 switch 5\n>p1 move focusblast\n>p2 switch 3\n>p1 move nastyplot\n>p2 move uturn\n>p2 switch 3\n>p1 move psychoboost\n>p2 switch 4\n>p1 switch 4\n>p2 switch 2\n>p1 move doubleedge\n>p2 move lunge\n>p1 move doubleedge\n>p2 move stickyweb\n>p1 move knockoff\n>p2 switch 5\n>p1 switch 6\n>p2 move recover\n>p1 move nastyplot\n>p2 move icebeam terastallize\n>p1 move gigadrain\n>p2 switch 3\n>p1 move ficklebeam\n>p2 move uturn\n>p2 switch 5\n>p1 switch 2\n>p1 move bellydrum\n>p2 switch 3\n>p1 move terablast terastallize\n>p2 move clearsmog\n>p2 switch 5\n>p1 move icespinner\n>p2 move airslash\n>chat \u2606pokeblade\u2606101|damn man\n>forcelose p2", "uploadtime": 1705018114, "views": 279, "formatid": "gen9randombattle", "rating": 2239, "private": 0, "password": null}