{"id": "gen9randombattle-2259764001", "format": "[Gen 9] Random Battle", "players": ["Meneguelloaluno", "zgvuo"], "log": "|j|\u2606Meneguelloaluno\n|j|\u2606zgvuo\n|t:|1733764388\n|gametype|singles\n|player|p1|Meneguelloaluno|169|1145\n|player|p2|zgvuo|preschooler|1136\n|teamsize|p1|6\n|teamsize|p2|6\n|gen|9\n|tier|[Gen 9] Random Battle\n|rated|\n|rule|Species Clause: Limit one of each Pok\u00e9mon\n|rule|HP Percentage Mod: HP is shown in percentages\n|rule|Sleep Clause Mod: Limit one foe put to sleep\n|rule|Illusion Level Mod: Illusion disguises the Pok\u00e9mon's true level\n|\n|t:|1733764388\n|start\n|switch|p1a: Solgaleo|Solgaleo, L74|325/325\n|switch|p2a: Luxray|Luxray, L88, M|284/284\n|-ability|p2a: Luxray|Intimidate|boost\n|-fail|p1a: Solgaleo|unboost|[from] ability: Full Metal Body|[of] p1a: Solgaleo\n|turn|1\n|inactive|Battle timer is ON: inactive players will automatically lose when time's up. (requested by Meneguelloaluno)\n|inactive|Meneguelloaluno has 120 seconds left.\n|\n|t:|1733764421\n|move|p1a: Solgaleo|Psychic Fangs|p2a: Luxray\n|-damage|p2a: Luxray|184/284\n|move|p2a: Luxray|Throat Chop|p1a: Solgaleo\n|-supereffective|p1a: Solgaleo\n|-damage|p1a: Solgaleo|175/325\n|-start|p1a: Solgaleo|Throat Chop|[silent]\n|-damage|p2a: Luxray|137/284|[from] item: Rocky Helmet|[of] p1a: Solgaleo\n|\n|upkeep\n|turn|2\n|\n|t:|1733764454\n|switch|p1a: Mienshao|Mienshao, L83, F|244/244\n|move|p2a: Luxray|Throat Chop|p1a: Mienshao\n|-resisted|p1a: Mienshao\n|-damage|p1a: Mienshao|194/244\n|-start|p1a: Mienshao|Throat Chop|[silent]\n|\n|upkeep\n|turn|3\n|\n|t:|1733764465\n|switch|p2a: Skeledirge|Skeledirge, L79, M|294/294\n|move|p1a: Mienshao|Fake Out|p2a: Skeledirge\n|-immune|p2a: Skeledirge\n|\n|-end|p1a: Mienshao|Throat Chop|[silent]\n|upkeep\n|turn|4\n|inactive|Meneguelloaluno has 120 seconds left.\n|\n|t:|1733764485\n|move|p1a: Mienshao|U-turn|p2a: Skeledirge\n|-resisted|p2a: Skeledirge\n|-damage|p2a: Skeledirge|280/294\n|\n|t:|1733764488\n|switch|p1a: Ho-Oh|Ho-Oh, L71|268/268|[from] U-turn\n|move|p2a: Skeledirge|Will-O-Wisp|p1a: Ho-Oh\n|-immune|p1a: Ho-Oh\n|\n|upkeep\n|turn|5\n|\n|t:|1733764504\n|move|p1a: Ho-Oh|Earthquake|p2a: Skeledirge\n|-supereffective|p2a: Skeledirge\n|-damage|p2a: Skeledirge|158/294\n|move|p2a: Skeledirge|Torch Song|p1a: Ho-Oh\n|-resisted|p1a: Ho-Oh\n|-damage|p1a: Ho-Oh|238/268\n|-boost|p2a: Skeledirge|spa|1\n|\n|upkeep\n|turn|6\n|\n|t:|1733764519\n|-terastallize|p2a: Skeledirge|Fairy\n|move|p1a: Ho-Oh|Earthquake|p2a: Skeledirge\n|-crit|p2a: Skeledirge\n|-damage|p2a: Skeledirge|72/294\n|move|p2a: Skeledirge|Slack Off|p2a: Skeledirge\n|-heal|p2a: Skeledirge|219/294\n|\n|upkeep\n|turn|7\n|\n|t:|1733764537\n|move|p1a: Ho-Oh|Sacred Fire|p2a: Skeledirge\n|-damage|p2a: Skeledirge|123/294\n|move|p2a: Skeledirge|Torch Song|p1a: Ho-Oh\n|-resisted|p1a: Ho-Oh\n|-damage|p1a: Ho-Oh|196/268\n|-boost|p2a: Skeledirge|spa|1\n|\n|upkeep\n|turn|8\n|\n|t:|1733764548\n|move|p1a: Ho-Oh|Brave Bird|p2a: Skeledirge\n|-damage|p2a: Skeledirge|17/294\n|-damage|p1a: Ho-Oh|161/268|[from] Recoil\n|move|p2a: Skeledirge|Slack Off|p2a: Skeledirge\n|-heal|p2a: Skeledirge|164/294\n|\n|upkeep\n|turn|9\n|\n|t:|1733764554\n|move|p1a: Ho-Oh|Recover|p1a: Ho-Oh\n|-heal|p1a: Ho-Oh|268/268\n|move|p2a: Skeledirge|Slack Off|p2a: Skeledirge\n|-heal|p2a: Skeledirge|294/294\n|\n|upkeep\n|turn|10\n|\n|t:|1733764561\n|move|p1a: Ho-Oh|Sacred Fire|p2a: Skeledirge\n|-damage|p2a: Skeledirge|204/294\n|-status|p2a: Skeledirge|brn\n|move|p2a: Skeledirge|Torch Song|p1a: Ho-Oh\n|-resisted|p1a: Ho-Oh\n|-damage|p1a: Ho-Oh|207/268\n|-boost|p2a: Skeledirge|spa|1\n|\n|-damage|p2a: Skeledirge|186/294 brn|[from] brn\n|upkeep\n|turn|11\n|\n|t:|1733764572\n|move|p1a: Ho-Oh|Sacred Fire|p2a: Skeledirge\n|-damage|p2a: Skeledirge|84/294 brn\n|move|p2a: Skeledirge|Torch Song|p1a: Ho-Oh\n|-resisted|p1a: Ho-Oh\n|-damage|p1a: Ho-Oh|135/268\n|-boost|p2a: Skeledirge|spa|1\n|\n|-damage|p2a: Skeledirge|66/294 brn|[from] brn\n|upkeep\n|turn|12\n|\n|t:|1733764587\n|move|p1a: Ho-Oh|Recover|p1a: Ho-Oh\n|-heal|p1a: Ho-Oh|268/268\n|move|p2a: Skeledirge|Slack Off|p2a: Skeledirge\n|-heal|p2a: Skeledirge|213/294 brn\n|\n|-damage|p2a: Skeledirge|195/294 brn|[from] brn\n|upkeep\n|turn|13\n|\n|t:|1733764599\n|move|p1a: Ho-Oh|Brave Bird|p2a: Skeledirge\n|-damage|p2a: Skeledirge|81/294 brn\n|-damage|p1a: Ho-Oh|230/268|[from] Recoil\n|move|p2a: Skeledirge|Slack Off|p2a: Skeledirge\n|-heal|p2a: Skeledirge|228/294 brn\n|\n|-damage|p2a: Skeledirge|210/294 brn|[from] brn\n|upkeep\n|turn|14\n|\n|t:|1733764608\n|move|p1a: Ho-Oh|Brave Bird|p2a: Skeledirge\n|-damage|p2a: Skeledirge|96/294 brn\n|-damage|p1a: Ho-Oh|192/268|[from] Recoil\n|move|p2a: Skeledirge|Slack Off|p2a: Skeledirge\n|-heal|p2a: Skeledirge|243/294 brn\n|\n|-damage|p2a: Skeledirge|225/294 brn|[from] brn\n|upkeep\n|turn|15\n|\n|t:|1733764616\n|move|p1a: Ho-Oh|Recover|p1a: Ho-Oh\n|-heal|p1a: Ho-Oh|268/268\n|move|p2a: Skeledirge|Will-O-Wisp|p1a: Ho-Oh\n|-immune|p1a: Ho-Oh\n|\n|-damage|p2a: Skeledirge|207/294 brn|[from] brn\n|upkeep\n|turn|16\n|\n|t:|1733764624\n|move|p1a: Ho-Oh|Brave Bird|p2a: Skeledirge\n|-damage|p2a: Skeledirge|89/294 brn\n|-damage|p1a: Ho-Oh|229/268|[from] Recoil\n|move|p2a: Skeledirge|Torch Song|p1a: Ho-Oh\n|-resisted|p1a: Ho-Oh\n|-damage|p1a: Ho-Oh|142/268\n|-boost|p2a: Skeledirge|spa|1\n|\n|-damage|p2a: Skeledirge|71/294 brn|[from] brn\n|upkeep\n|turn|17\n|\n|t:|1733764636\n|move|p1a: Ho-Oh|Sacred Fire|p2a: Skeledirge\n|-damage|p2a: Skeledirge|0 fnt\n|faint|p2a: Skeledirge\n|\n|upkeep\n|\n|t:|1733764657\n|switch|p2a: Luxray|Luxray, L88, M|137/284\n|-ability|p2a: Luxray|Intimidate|boost\n|-unboost|p1a: Ho-Oh|atk|1\n|turn|18\n|\n|t:|1733764684\n|switch|p1a: Greedent|Greedent, L86, F|347/347\n|move|p2a: Luxray|Wild Charge|p1a: Greedent\n|-crit|p1a: Greedent\n|-damage|p1a: Greedent|181/347\n|-damage|p2a: Luxray|95/284|[from] Recoil\n|\n|upkeep\n|turn|19\n|\n|t:|1733764694\n|move|p2a: Luxray|Volt Switch|p1a: Greedent\n|-damage|p1a: Greedent|90/347\n|-enditem|p1a: Greedent|Sitrus Berry|[eat]\n|-heal|p1a: Greedent|176/347|[from] item: Sitrus Berry\n|-heal|p1a: Greedent|291/347|[from] ability: Cheek Pouch\n|\n|t:|1733764703\n|switch|p2a: Hypno|Hypno, L95, M|315/315|[from] Volt Switch\n|move|p1a: Greedent|Earthquake|p2a: Hypno\n|-damage|p2a: Hypno|240/315\n|\n|-heal|p2a: Hypno|259/315|[from] item: Leftovers\n|upkeep\n|turn|20\n|\n|t:|1733764716\n|move|p2a: Hypno|Psychic Noise|p1a: Greedent\n|-damage|p1a: Greedent|204/347\n|-start|p1a: Greedent|move: Heal Block\n|move|p1a: Greedent|Swords Dance|p1a: Greedent\n|-boost|p1a: Greedent|atk|2\n|\n|-heal|p2a: Hypno|278/315|[from] item: Leftovers\n|upkeep\n|turn|21\n|\n|t:|1733764726\n|move|p2a: Hypno|Encore|p1a: Greedent\n|-start|p1a: Greedent|Encore\n|move|p1a: Greedent|Swords Dance|p1a: Greedent\n|-boost|p1a: Greedent|atk|2\n|\n|-heal|p2a: Hypno|297/315|[from] item: Leftovers\n|-end|p1a: Greedent|move: Heal Block\n|upkeep\n|turn|22\n|\n|t:|1733764740\n|switch|p1a: Solgaleo|Solgaleo, L74|175/325\n|move|p2a: Hypno|Thunder Wave|p1a: Solgaleo\n|-status|p1a: Solgaleo|par\n|\n|-heal|p2a: Hypno|315/315|[from] item: Leftovers\n|upkeep\n|turn|23\n|\n|t:|1733764749\n|move|p2a: Hypno|Knock Off|p1a: Solgaleo\n|-supereffective|p1a: Solgaleo\n|-damage|p1a: Solgaleo|37/325 par\n|-damage|p2a: Hypno|263/315|[from] item: Rocky Helmet|[of] p1a: Solgaleo\n|-enditem|p1a: Solgaleo|Rocky Helmet|[from] move: Knock Off|[of] p2a: Hypno\n|move|p1a: Solgaleo|Morning Sun|p1a: Solgaleo\n|-heal|p1a: Solgaleo|199/325 par\n|\n|-heal|p2a: Hypno|282/315|[from] item: Leftovers\n|upkeep\n|turn|24\n|\n|t:|1733764777\n|switch|p1a: Copperajah|Copperajah, L86, F|350/350\n|move|p2a: Hypno|Encore||[still]\n|-fail|p2a: Hypno\n|\n|-heal|p2a: Hypno|301/315|[from] item: Leftovers\n|upkeep\n|turn|25\n|inactive|Meneguelloaluno has 120 seconds left.\n|\n|t:|1733764801\n|move|p2a: Hypno|Knock Off|p1a: Copperajah\n|-damage|p1a: Copperajah|272/350\n|-enditem|p1a: Copperajah|Choice Band|[from] move: Knock Off|[of] p2a: Hypno\n|move|p1a: Copperajah|Knock Off|p2a: Hypno\n|-supereffective|p2a: Hypno\n|-damage|p2a: Hypno|107/315\n|-enditem|p2a: Hypno|Leftovers|[from] move: Knock Off|[of] p1a: Copperajah\n|\n|upkeep\n|turn|26\n|inactive|Meneguelloaluno has 120 seconds left.\n|\n|t:|1733764815\n|move|p2a: Hypno|Thunder Wave|p1a: Copperajah\n|-status|p1a: Copperajah|par\n|move|p1a: Copperajah|Heat Crash|p2a: Hypno\n|-damage|p2a: Hypno|0 fnt\n|faint|p2a: Hypno\n|\n|upkeep\n|\n|t:|1733764824\n|switch|p2a: Luxray|Luxray, L88, M|95/284\n|-ability|p2a: Luxray|Intimidate|boost\n|-unboost|p1a: Copperajah|atk|1\n|turn|27\n|\n|t:|1733764835\n|switch|p2a: Articuno|Articuno, L86|295/295\n|-ability|p2a: Articuno|Pressure\n|move|p1a: Copperajah|Earthquake|p2a: Articuno\n|-immune|p2a: Articuno\n|\n|upkeep\n|turn|28\n|\n|t:|1733764851\n|switch|p2a: Meloetta|Meloetta, L82|298/298\n|move|p1a: Copperajah|Heat Crash|p2a: Meloetta\n|-damage|p2a: Meloetta|209/298\n|\n|upkeep\n|turn|29\n|\n|t:|1733764861\n|move|p2a: Meloetta|Focus Blast|p1a: Copperajah|[miss]\n|-miss|p2a: Meloetta|p1a: Copperajah\n|move|p1a: Copperajah|Heat Crash|p2a: Meloetta\n|-damage|p2a: Meloetta|125/298\n|\n|upkeep\n|turn|30\n|\n|t:|1733764868\n|move|p2a: Meloetta|Focus Blast|p1a: Copperajah\n|-supereffective|p1a: Copperajah\n|-damage|p1a: Copperajah|0 fnt\n|faint|p1a: Copperajah\n|\n|upkeep\n|\n|t:|1733764878\n|switch|p1a: Mienshao|Mienshao, L83, F|244/244\n|turn|31\n|\n|t:|1733764881\n|switch|p2a: Luxray|Luxray, L88, M|95/284\n|-ability|p2a: Luxray|Intimidate|boost\n|-unboost|p1a: Mienshao|atk|1\n|move|p1a: Mienshao|Fake Out|p2a: Luxray\n|-damage|p2a: Luxray|71/284\n|\n|upkeep\n|turn|32\n|\n|t:|1733764895\n|switch|p2a: Bellossom|Bellossom, L84, F|263/263\n|move|p1a: Mienshao|Close Combat|p2a: Bellossom\n|-damage|p2a: Bellossom|175/263\n|-unboost|p1a: Mienshao|def|1\n|-unboost|p1a: Mienshao|spd|1\n|\n|-heal|p2a: Bellossom|191/263|[from] item: Leftovers\n|upkeep\n|turn|33\n|\n|t:|1733764909\n|move|p1a: Mienshao|U-turn|p2a: Bellossom\n|-supereffective|p2a: Bellossom\n|-damage|p2a: Bellossom|107/263\n|\n|t:|1733764915\n|switch|p1a: Beartic|Beartic, L91, M|321/321|[from] U-turn\n|move|p2a: Bellossom|Quiver Dance|p2a: Bellossom\n|-boost|p2a: Bellossom|spa|1\n|-boost|p2a: Bellossom|spd|1\n|-boost|p2a: Bellossom|spe|1\n|\n|-heal|p2a: Bellossom|123/263|[from] item: Leftovers\n|upkeep\n|turn|34\n|\n|t:|1733764927\n|move|p2a: Bellossom|Strength Sap|p1a: Beartic\n|-unboost|p1a: Beartic|atk|1\n|-heal|p2a: Bellossom|263/263\n|move|p1a: Beartic|Icicle Crash|p2a: Bellossom\n|-supereffective|p2a: Bellossom\n|-damage|p2a: Bellossom|83/263\n|\n|-heal|p2a: Bellossom|99/263|[from] item: Leftovers\n|upkeep\n|turn|35\n|\n|t:|1733764935\n|move|p2a: Bellossom|Strength Sap|p1a: Beartic\n|-unboost|p1a: Beartic|atk|1\n|-heal|p2a: Bellossom|263/263\n|move|p1a: Beartic|Icicle Crash|p2a: Bellossom\n|-supereffective|p2a: Bellossom\n|-damage|p2a: Bellossom|135/263\n|\n|-heal|p2a: Bellossom|151/263|[from] item: Leftovers\n|upkeep\n|turn|36\n|\n|t:|1733764960\n|switch|p1a: Mienshao|Mienshao, L83, F|244/244\n|move|p2a: Bellossom|Strength Sap|p1a: Mienshao\n|-unboost|p1a: Mienshao|atk|1\n|-heal|p2a: Bellossom|263/263\n|\n|upkeep\n|turn|37\n|\n|t:|1733764968\n|move|p1a: Mienshao|Fake Out|p2a: Bellossom\n|-damage|p2a: Bellossom|243/263\n|cant|p2a: Bellossom|flinch\n|\n|-heal|p2a: Bellossom|259/263|[from] item: Leftovers\n|upkeep\n|turn|38\n|\n|t:|1733764982\n|move|p1a: Mienshao|U-turn|p2a: Bellossom\n|-supereffective|p2a: Bellossom\n|-damage|p2a: Bellossom|187/263\n|\n|t:|1733764987\n|switch|p1a: Ho-Oh|Ho-Oh, L71|231/268|[from] U-turn\n|move|p2a: Bellossom|Quiver Dance|p2a: Bellossom\n|-boost|p2a: Bellossom|spa|1\n|-boost|p2a: Bellossom|spd|1\n|-boost|p2a: Bellossom|spe|1\n|\n|-heal|p2a: Bellossom|203/263|[from] item: Leftovers\n|upkeep\n|turn|39\n|\n|t:|1733765005\n|move|p2a: Bellossom|Moonblast|p1a: Ho-Oh\n|-resisted|p1a: Ho-Oh\n|-damage|p1a: Ho-Oh|182/268\n|-unboost|p1a: Ho-Oh|spa|1\n|move|p1a: Ho-Oh|Sacred Fire|p2a: Bellossom\n|-supereffective|p2a: Bellossom\n|-damage|p2a: Bellossom|23/263\n|-status|p2a: Bellossom|brn\n|\n|-heal|p2a: Bellossom|39/263 brn|[from] item: Leftovers\n|-damage|p2a: Bellossom|23/263 brn|[from] brn\n|upkeep\n|turn|40\n|\n|t:|1733765017\n|move|p2a: Bellossom|Strength Sap|p1a: Ho-Oh\n|-unboost|p1a: Ho-Oh|atk|1\n|-heal|p2a: Bellossom|249/263 brn\n|move|p1a: Ho-Oh|Recover|p1a: Ho-Oh\n|-heal|p1a: Ho-Oh|268/268\n|\n|-heal|p2a: Bellossom|263/263 brn|[from] item: Leftovers\n|-damage|p2a: Bellossom|247/263 brn|[from] brn\n|upkeep\n|turn|41\n|\n|t:|1733765038\n|move|p2a: Bellossom|Moonblast|p1a: Ho-Oh\n|-resisted|p1a: Ho-Oh\n|-damage|p1a: Ho-Oh|223/268\n|-unboost|p1a: Ho-Oh|spa|1\n|move|p1a: Ho-Oh|Brave Bird|p2a: Bellossom\n|-supereffective|p2a: Bellossom\n|-damage|p2a: Bellossom|109/263 brn\n|-damage|p1a: Ho-Oh|177/268|[from] Recoil\n|\n|-heal|p2a: Bellossom|125/263 brn|[from] item: Leftovers\n|-damage|p2a: Bellossom|109/263 brn|[from] brn\n|upkeep\n|turn|42\n|inactive|Meneguelloaluno has 120 seconds left.\n|inactive|zgvuo has 120 seconds left.\n|\n|t:|1733765077\n|move|p2a: Bellossom|Strength Sap|p1a: Ho-Oh\n|-unboost|p1a: Ho-Oh|atk|1\n|-heal|p2a: Bellossom|259/263 brn\n|move|p1a: Ho-Oh|Brave Bird|p2a: Bellossom\n|-supereffective|p2a: Bellossom\n|-damage|p2a: Bellossom|151/263 brn\n|-damage|p1a: Ho-Oh|141/268|[from] Recoil\n|\n|-heal|p2a: Bellossom|167/263 brn|[from] item: Leftovers\n|-damage|p2a: Bellossom|151/263 brn|[from] brn\n|upkeep\n|turn|43\n|inactive|zgvuo has 120 seconds left.\n|\n|t:|1733765089\n|move|p2a: Bellossom|Moonblast|p1a: Ho-Oh\n|-resisted|p1a: Ho-Oh\n|-damage|p1a: Ho-Oh|97/268\n|-unboost|p1a: Ho-Oh|spa|1\n|move|p1a: Ho-Oh|Recover|p1a: Ho-Oh\n|-heal|p1a: Ho-Oh|231/268\n|\n|-heal|p2a: Bellossom|167/263 brn|[from] item: Leftovers\n|-damage|p2a: Bellossom|151/263 brn|[from] brn\n|upkeep\n|turn|44\n|inactive|zgvuo has 120 seconds left.\n|\n|t:|1733765099\n|switch|p1a: Beartic|Beartic, L91, M|321/321\n|move|p2a: Bellossom|Strength Sap|p1a: Beartic\n|-unboost|p1a: Beartic|atk|1\n|-heal|p2a: Bellossom|263/263 brn\n|\n|-damage|p2a: Bellossom|247/263 brn|[from] brn\n|upkeep\n|turn|45\n|inactive|zgvuo has 120 seconds left.\n|\n|t:|1733765107\n|move|p2a: Bellossom|Strength Sap|p1a: Beartic\n|-unboost|p1a: Beartic|atk|1\n|-heal|p2a: Bellossom|263/263 brn\n|move|p1a: Beartic|Swords Dance|p1a: Beartic\n|-boost|p1a: Beartic|atk|2\n|\n|-damage|p2a: Bellossom|247/263 brn|[from] brn\n|upkeep\n|turn|46\n|\n|t:|1733765116\n|move|p2a: Bellossom|Strength Sap|p1a: Beartic\n|-unboost|p1a: Beartic|atk|1\n|-heal|p2a: Bellossom|263/263 brn\n|move|p1a: Beartic|Swords Dance|p1a: Beartic\n|-boost|p1a: Beartic|atk|2\n|\n|-damage|p2a: Bellossom|247/263 brn|[from] brn\n|upkeep\n|turn|47\n|\n|t:|1733765126\n|move|p2a: Bellossom|Moonblast|p1a: Beartic\n|-damage|p1a: Beartic|200/321\n|-unboost|p1a: Beartic|spa|1\n|move|p1a: Beartic|Swords Dance|p1a: Beartic\n|-boost|p1a: Beartic|atk|2\n|\n|-heal|p2a: Bellossom|263/263 brn|[from] item: Leftovers\n|-damage|p2a: Bellossom|247/263 brn|[from] brn\n|upkeep\n|turn|48\n|\n|t:|1733765139\n|move|p2a: Bellossom|Strength Sap|p1a: Beartic\n|-unboost|p1a: Beartic|atk|1\n|-heal|p2a: Bellossom|263/263 brn\n|move|p1a: Beartic|Icicle Crash|p2a: Bellossom|[miss]\n|-miss|p1a: Beartic|p2a: Bellossom\n|\n|-damage|p2a: Bellossom|247/263 brn|[from] brn\n|upkeep\n|turn|49\n|\n|t:|1733765147\n|move|p2a: Bellossom|Moonblast|p1a: Beartic\n|-damage|p1a: Beartic|71/321\n|-unboost|p1a: Beartic|spa|1\n|move|p1a: Beartic|Icicle Crash|p2a: Bellossom\n|-supereffective|p2a: Bellossom\n|-damage|p2a: Bellossom|0 fnt\n|faint|p2a: Bellossom\n|\n|upkeep\n|\n|t:|1733765157\n|switch|p2a: Luxray|Luxray, L88, M|71/284\n|-ability|p2a: Luxray|Intimidate|boost\n|-unboost|p1a: Beartic|atk|1\n|turn|50\n|\n|t:|1733765170\n|move|p2a: Luxray|Volt Switch|p1a: Beartic\n|-damage|p1a: Beartic|0 fnt\n|faint|p1a: Beartic\n|\n|t:|1733765182\n|switch|p2a: Meloetta|Meloetta, L82|125/298|[from] Volt Switch\n|\n|upkeep\n|\n|t:|1733765185\n|switch|p1a: Mienshao|Mienshao, L83, F|244/244\n|turn|51\n|\n|t:|1733765190\n|switch|p2a: Luxray|Luxray, L88, M|71/284\n|-ability|p2a: Luxray|Intimidate|boost\n|-unboost|p1a: Mienshao|atk|1\n|move|p1a: Mienshao|Fake Out|p2a: Luxray\n|-damage|p2a: Luxray|45/284\n|\n|upkeep\n|turn|52\n|\n|t:|1733765203\n|switch|p2a: Articuno|Articuno, L86|295/295\n|-ability|p2a: Articuno|Pressure\n|move|p1a: Mienshao|Close Combat|p2a: Articuno\n|-damage|p2a: Articuno|199/295\n|-unboost|p1a: Mienshao|def|1\n|-unboost|p1a: Mienshao|spd|1\n|\n|upkeep\n|turn|53\n|\n|t:|1733765215\n|switch|p1a: Solgaleo|Solgaleo, L74|199/325 par\n|move|p2a: Articuno|Brave Bird|p1a: Solgaleo\n|-resisted|p1a: Solgaleo\n|-damage|p1a: Solgaleo|139/325 par\n|-damage|p2a: Articuno|179/295|[from] Recoil\n|\n|upkeep\n|turn|54\n|\n|t:|1733765223\n|switch|p2a: Luxray|Luxray, L88, M|45/284\n|-ability|p2a: Luxray|Intimidate|boost\n|-fail|p1a: Solgaleo|unboost|[from] ability: Full Metal Body|[of] p1a: Solgaleo\n|move|p1a: Solgaleo|Morning Sun|p1a: Solgaleo\n|-heal|p1a: Solgaleo|301/325 par\n|\n|upkeep\n|turn|55\n|\n|t:|1733765232\n|move|p2a: Luxray|Throat Chop|p1a: Solgaleo\n|-supereffective|p1a: Solgaleo\n|-damage|p1a: Solgaleo|153/325 par\n|-start|p1a: Solgaleo|Throat Chop|[silent]\n|move|p1a: Solgaleo|Sunsteel Strike|p2a: Luxray\n|-resisted|p2a: Luxray\n|-crit|p2a: Luxray\n|-damage|p2a: Luxray|0 fnt\n|faint|p2a: Luxray\n|\n|upkeep\n|\n|t:|1733765240\n|switch|p2a: Meloetta|Meloetta, L82|125/298\n|turn|56\n|\n|t:|1733765249\n|move|p2a: Meloetta|U-turn|p1a: Solgaleo\n|-damage|p1a: Solgaleo|114/325 par\n|\n|t:|1733765251\n|switch|p2a: Articuno|Articuno, L86|179/295|[from] U-turn\n|-ability|p2a: Articuno|Pressure\n|cant|p1a: Solgaleo|par\n|\n|-end|p1a: Solgaleo|Throat Chop|[silent]\n|upkeep\n|turn|57\n|\n|t:|1733765262\n|switch|p2a: Meloetta|Meloetta, L82|125/298\n|cant|p1a: Solgaleo|par\n|\n|upkeep\n|turn|58\n|\n|t:|1733765272\n|switch|p1a: Ho-Oh|Ho-Oh, L71|268/268\n|move|p2a: Meloetta|Hyper Voice|p1a: Ho-Oh\n|-damage|p1a: Ho-Oh|135/268\n|\n|upkeep\n|turn|59\n|\n|t:|1733765278\n|move|p2a: Meloetta|Hyper Voice|p1a: Ho-Oh\n|-damage|p1a: Ho-Oh|17/268\n|move|p1a: Ho-Oh|Sacred Fire|p2a: Meloetta\n|-damage|p2a: Meloetta|23/298\n|-status|p2a: Meloetta|brn\n|\n|-damage|p2a: Meloetta|5/298 brn|[from] brn\n|upkeep\n|turn|60\n|\n|t:|1733765289\n|switch|p1a: Mienshao|Mienshao, L83, F|244/244\n|move|p2a: Meloetta|Hyper Voice|p1a: Mienshao\n|-damage|p1a: Mienshao|97/244\n|\n|-damage|p2a: Meloetta|0 fnt|[from] brn\n|faint|p2a: Meloetta\n|upkeep\n|\n|t:|1733765296\n|switch|p2a: Articuno|Articuno, L86|179/295\n|-ability|p2a: Articuno|Pressure\n|turn|61\n|\n|t:|1733765301\n|move|p1a: Mienshao|Fake Out|p2a: Articuno\n|-damage|p2a: Articuno|150/295\n|cant|p2a: Articuno|flinch\n|\n|upkeep\n|turn|62\n|\n|t:|1733765307\n|move|p1a: Mienshao|Close Combat|p2a: Articuno\n|-damage|p2a: Articuno|5/295\n|-unboost|p1a: Mienshao|def|1\n|-unboost|p1a: Mienshao|spd|1\n|move|p2a: Articuno|Substitute|p2a: Articuno\n|-fail|p2a: Articuno|move: Substitute|[weak]\n|\n|upkeep\n|turn|63\n|\n|t:|1733765315\n|move|p1a: Mienshao|Knock Off|p2a: Articuno\n|-damage|p2a: Articuno|0 fnt\n|-enditem|p2a: Articuno|Heavy-Duty Boots|[from] move: Knock Off|[of] p1a: Mienshao\n|faint|p2a: Articuno\n|\n|win|Meneguelloaluno\n|raw|Meneguelloaluno's rating: 1145 &rarr; <strong>1171</strong><br />(+26 for winning)\n|raw|zgvuo's rating: 1162 &rarr; <strong>1136</strong><br />(-26 for losing)\n|l|\u2606zgvuo\n|player|p2|\n", "inputlog": ">version bfd83cad13791eb5a5a409923076391caf6fb4d4\n>start {\"formatid\":\"gen9randombattle\",\"seed\":[29238,26583,29742,54626],\"rated\":\"Rated battle\"}\n>player p1 {\"name\":\"Meneguelloaluno\",\"avatar\":\"169\",\"rating\":1145,\"seed\":[51349,44441,8430,26512]}\n>player p2 {\"name\":\"zgvuo\",\"avatar\":\"preschooler\",\"rating\":1136,\"seed\":[38693,1261,18480,36142]}\n>p1 move psychicfangs\n>p2 move throatchop\n>p1 switch 4\n>p2 move throatchop\n>p1 move fakeout\n>p2 switch 6\n>p1 move uturn\n>p2 move willowisp\n>p1 switch 5\n>p1 move earthquake\n>p2 move torchsong\n>p1 move earthquake\n>p2 move slackoff terastallize\n>p1 move sacredfire\n>p2 move torchsong\n>p1 move bravebird\n>p2 move slackoff\n>p1 move recover\n>p2 move slackoff\n>p1 move sacredfire\n>p2 move torchsong\n>p1 move sacredfire\n>p2 move torchsong\n>p1 move recover\n>p2 move slackoff\n>p1 move bravebird\n>p2 move slackoff\n>p1 move bravebird\n>p2 move slackoff\n>p1 move recover\n>p2 move willowisp\n>p1 move bravebird\n>p2 move torchsong\n>p1 move sacredfire\n>p2 move slackoff\n>p2 switch 6\n>p1 switch 3\n>p2 move wildcharge\n>p1 move earthquake\n>p2 move voltswitch\n>p2 switch 3\n>p1 move swordsdance\n>p2 move psychicnoise\n>p1 move knockoff\n>p2 move encore\n>p1 switch 4\n>p2 move thunderwave\n>p1 move morningsun\n>p2 move knockoff\n>p1 switch 6\n>p2 move encore\n>p1 move knockoff\n>p2 move knockoff\n>p1 move heatcrash\n>p2 move thunderwave\n>p2 switch 3\n>p1 move earthquake\n>p2 switch 4\n>p1 move heatcrash\n>p2 switch 5\n>p1 move heatcrash\n>p2 move focusblast\n>p1 move knockoff\n>p2 move focusblast\n>p1 switch 5\n>p1 move fakeout\n>p2 switch 4\n>p1 move closecombat\n>p2 switch 2\n>p1 move uturn\n>p2 move quiverdance\n>p1 switch 2\n>p1 move iciclecrash\n>p2 move strengthsap\n>p1 move iciclecrash\n>p2 move strengthsap\n>p1 switch 2\n>p2 move strengthsap\n>p1 move fakeout\n>p2 move moonblast\n>p1 move uturn\n>p2 move quiverdance\n>p1 switch 3\n>p1 move sacredfire\n>p2 move moonblast\n>p1 move recover\n>p2 move strengthsap\n>p1 move bravebird\n>p2 move moonblast\n>p1 move bravebird\n>p2 move strengthsap\n>p1 move recover\n>p2 move moonblast\n>p1 switch 2\n>p2 move strengthsap\n>p1 move swordsdance\n>p2 move strengthsap\n>p1 move swordsdance\n>p2 move strengthsap\n>p1 move swordsdance\n>p2 move moonblast\n>p1 move iciclecrash\n>p2 move strengthsap\n>p1 move iciclecrash\n>p2 move moonblast\n>p2 switch 2\n>p1 move iciclecrash\n>p2 move voltswitch\n>p2 switch 4\n>p1 switch 3\n>p1 move fakeout\n>p2 switch 4\n>p1 move closecombat\n>p2 switch 5\n>p1 switch 6\n>p2 move bravebird\n>p1 move morningsun\n>p2 switch 5\n>p1 move sunsteelstrike\n>p2 move throatchop\n>p2 switch 4\n>p1 move sunsteelstrike\n>p2 move uturn\n>p2 switch 5\n>p1 move sunsteelstrike\n>p2 switch 5\n>p1 switch 2\n>p2 move hypervoice\n>p1 move sacredfire\n>p2 move hypervoice\n>p1 switch 6\n>p2 move hypervoice\n>p2 switch 5\n>p1 move fakeout\n>p2 move roost\n>p1 move closecombat\n>p2 move substitute\n>p1 move knockoff\n>p2 move bravebird", "uploadtime": 1733765323, "views": 2, "formatid": "gen9randombattle", "rating": 1136, "private": 0, "password": null}