{"id": "gen9randombattle-2260282673", "format": "[Gen 9] Random Battle", "players": ["kutekittiekat", "shark_land-"], "log": "|j|\u2606kutekittiekat\n|j|\u2606shark_land-\n|t:|1733834768\n|gametype|singles\n|player|p1|kutekittiekat|pokekid|\n|player|p2|shark_land-|preschooler|\n|teamsize|p1|6\n|teamsize|p2|6\n|gen|9\n|tier|[Gen 9] Random Battle\n|rule|Species Clause: Limit one of each Pok\u00e9mon\n|rule|HP Percentage Mod: HP is shown in percentages\n|rule|Sleep Clause Mod: Limit one foe put to sleep\n|rule|Illusion Level Mod: Illusion disguises the Pok\u00e9mon's true level\n|\n|t:|1733834768\n|start\n|switch|p1a: Rotom|Rotom-Heat, L83|219/219\n|switch|p2a: Phione|Phione, L91|293/293\n|turn|1\n|\n|t:|1733834780\n|move|p2a: Phione|Scald|p1a: Rotom\n|-supereffective|p1a: Rotom\n|-damage|p1a: Rotom|75/219\n|move|p1a: Rotom|Overheat|p2a: Phione\n|-resisted|p2a: Phione\n|-damage|p2a: Phione|226/293\n|-unboost|p1a: Rotom|spa|2\n|\n|-heal|p2a: Phione|244/293|[from] item: Leftovers\n|upkeep\n|turn|2\n|\n|t:|1733834793\n|switch|p1a: Snorlax|Snorlax, L82, M|397/397\n|move|p2a: Phione|Scald|p1a: Snorlax\n|-damage|p1a: Snorlax|325/397\n|\n|-heal|p2a: Phione|262/293|[from] item: Leftovers\n|-heal|p1a: Snorlax|349/397|[from] item: Leftovers\n|upkeep\n|turn|3\n|\n|t:|1733834811\n|move|p2a: Phione|Scald|p1a: Snorlax\n|-damage|p1a: Snorlax|276/397\n|-status|p1a: Snorlax|brn\n|move|p1a: Snorlax|Curse|p1a: Snorlax\n|-unboost|p1a: Snorlax|spe|1\n|-boost|p1a: Snorlax|atk|1\n|-boost|p1a: Snorlax|def|1\n|\n|-heal|p2a: Phione|280/293|[from] item: Leftovers\n|-heal|p1a: Snorlax|300/397 brn|[from] item: Leftovers\n|-damage|p1a: Snorlax|276/397 brn|[from] brn\n|upkeep\n|turn|4\n|\n|t:|1733834823\n|move|p2a: Phione|Scald|p1a: Snorlax\n|-damage|p1a: Snorlax|207/397 brn\n|move|p1a: Snorlax|Curse|p1a: Snorlax\n|-unboost|p1a: Snorlax|spe|1\n|-boost|p1a: Snorlax|atk|1\n|-boost|p1a: Snorlax|def|1\n|\n|-heal|p2a: Phione|293/293|[from] item: Leftovers\n|-heal|p1a: Snorlax|231/397 brn|[from] item: Leftovers\n|-damage|p1a: Snorlax|207/397 brn|[from] brn\n|upkeep\n|turn|5\n|\n|t:|1733834837\n|switch|p2a: Kommo-o|Kommo-o, L78, F|245/245\n|move|p1a: Snorlax|Curse|p1a: Snorlax\n|-unboost|p1a: Snorlax|spe|1\n|-boost|p1a: Snorlax|atk|1\n|-boost|p1a: Snorlax|def|1\n|\n|-heal|p1a: Snorlax|231/397 brn|[from] item: Leftovers\n|-damage|p1a: Snorlax|207/397 brn|[from] brn\n|upkeep\n|turn|6\n|\n|t:|1733834853\n|move|p2a: Kommo-o|Close Combat|p1a: Snorlax\n|-supereffective|p1a: Snorlax\n|-damage|p1a: Snorlax|81/397 brn\n|-unboost|p2a: Kommo-o|def|1\n|-unboost|p2a: Kommo-o|spd|1\n|move|p1a: Snorlax|Body Slam|p2a: Kommo-o\n|-damage|p2a: Kommo-o|95/245\n|\n|-heal|p1a: Snorlax|105/397 brn|[from] item: Leftovers\n|-damage|p1a: Snorlax|81/397 brn|[from] brn\n|upkeep\n|turn|7\n|\n|t:|1733834866\n|-terastallize|p1a: Snorlax|Fairy\n|move|p2a: Kommo-o|Clangorous Soul|p2a: Kommo-o\n|-boost|p2a: Kommo-o|atk|1\n|-boost|p2a: Kommo-o|def|1\n|-boost|p2a: Kommo-o|spa|1\n|-boost|p2a: Kommo-o|spd|1\n|-boost|p2a: Kommo-o|spe|1\n|-damage|p2a: Kommo-o|15/245\n|-enditem|p2a: Kommo-o|Throat Spray\n|-boost|p2a: Kommo-o|spa|1|[from] item: Throat Spray\n|move|p1a: Snorlax|Body Slam|p2a: Kommo-o\n|-damage|p2a: Kommo-o|0 fnt\n|faint|p2a: Kommo-o\n|\n|-heal|p1a: Snorlax|105/397 brn|[from] item: Leftovers\n|-damage|p1a: Snorlax|81/397 brn|[from] brn\n|upkeep\n|\n|t:|1733834884\n|switch|p2a: Articuno|Articuno-Galar, L84|288/288\n|turn|8\n|\n|t:|1733834896\n|move|p2a: Articuno|Hurricane|p1a: Snorlax\n|-damage|p1a: Snorlax|0 fnt\n|faint|p1a: Snorlax\n|\n|upkeep\n|\n|t:|1733834903\n|switch|p1a: Lugia|Lugia, L72|272/272\n|turn|9\n|\n|t:|1733834909\n|move|p2a: Articuno|Freezing Glare|p1a: Lugia\n|-resisted|p1a: Lugia\n|-damage|p1a: Lugia|250/272\n|move|p1a: Lugia|Aeroblast|p2a: Articuno\n|-damage|p2a: Articuno|221/288\n|\n|upkeep\n|turn|10\n|\n|t:|1733834919\n|move|p2a: Articuno|Calm Mind|p2a: Articuno\n|-boost|p2a: Articuno|spa|1\n|-boost|p2a: Articuno|spd|1\n|move|p1a: Lugia|Earth Power|p2a: Articuno\n|-immune|p2a: Articuno\n|\n|upkeep\n|turn|11\n|\n|t:|1733834927\n|switch|p1a: Okidogi|Okidogi, L77, M|262/262\n|move|p2a: Articuno|Hurricane|p1a: Okidogi\n|-supereffective|p1a: Okidogi\n|-damage|p1a: Okidogi|0 fnt\n|faint|p1a: Okidogi\n|\n|upkeep\n|\n|t:|1733834935\n|switch|p1a: Rabsca|Rabsca, L91, M|284/284\n|turn|12\n|\n|t:|1733834945\n|move|p2a: Articuno|Hurricane|p1a: Rabsca\n|-supereffective|p1a: Rabsca\n|-damage|p1a: Rabsca|0 fnt\n|faint|p1a: Rabsca\n|\n|upkeep\n|\n|t:|1733834951\n|switch|p1a: Houndstone|Houndstone, L86, F|264/264\n|turn|13\n|\n|t:|1733834955\n|move|p2a: Articuno|Freezing Glare|p1a: Houndstone\n|-damage|p1a: Houndstone|114/264\n|-status|p1a: Houndstone|frz\n|cant|p1a: Houndstone|frz\n|\n|-heal|p1a: Houndstone|130/264 frz|[from] item: Leftovers\n|upkeep\n|turn|14\n|\n|t:|1733834963\n|switch|p1a: Lugia|Lugia, L72|250/272\n|move|p2a: Articuno|Hurricane|p1a: Lugia\n|-damage|p1a: Lugia|82/272\n|\n|upkeep\n|turn|15\n|\n|t:|1733834973\n|move|p2a: Articuno|Calm Mind|p2a: Articuno\n|-boost|p2a: Articuno|spa|1\n|-boost|p2a: Articuno|spd|1\n|move|p1a: Lugia|Recover|p1a: Lugia\n|-heal|p1a: Lugia|218/272\n|\n|upkeep\n|turn|16\n|\n|t:|1733834982\n|move|p2a: Articuno|Hurricane|p1a: Lugia\n|-damage|p1a: Lugia|0 fnt\n|faint|p1a: Lugia\n|\n|upkeep\n|\n|t:|1733834988\n|switch|p1a: Houndstone|Houndstone, L86, F|130/264 frz\n|turn|17\n|\n|t:|1733834992\n|move|p2a: Articuno|Hurricane|p1a: Houndstone\n|-damage|p1a: Houndstone|0 fnt\n|faint|p1a: Houndstone\n|\n|upkeep\n|\n|t:|1733834996\n|switch|p1a: Rotom|Rotom-Heat, L83|75/219\n|turn|18\n|\n|t:|1733835005\n|switch|p2a: Iron Boulder|Iron Boulder, L77|238/238\n|move|p1a: Rotom|Will-O-Wisp|p2a: Iron Boulder\n|-status|p2a: Iron Boulder|brn\n|\n|-damage|p2a: Iron Boulder|224/238 brn|[from] brn\n|upkeep\n|turn|19\n|\n|t:|1733835016\n|move|p2a: Iron Boulder|Focus Blast|p1a: Rotom|[miss]\n|-miss|p2a: Iron Boulder|p1a: Rotom\n|move|p1a: Rotom|Overheat|p2a: Iron Boulder\n|-damage|p2a: Iron Boulder|40/238 brn\n|-unboost|p1a: Rotom|spa|2\n|replace|p2a: Zoroark|Zoroark, L84, M\n|-end|p2a: Zoroark|Illusion\n|-hint|Illusion Level Mod is active, so this Pok\u00e9mon's true level was hidden.\n|\n|-damage|p2a: Zoroark|26/238 brn|[from] brn\n|upkeep\n|turn|20\n|\n|t:|1733835028\n|move|p2a: Zoroark|Dark Pulse|p1a: Rotom\n|-crit|p1a: Rotom\n|-damage|p1a: Rotom|0 fnt\n|faint|p1a: Rotom\n|-damage|p2a: Zoroark|3/238 brn|[from] item: Life Orb\n|\n|win|shark_land-\n", "inputlog": ">version bfd83cad13791eb5a5a409923076391caf6fb4d4\n>start {\"formatid\":\"gen9randombattle\",\"seed\":[20665,64987,45088,60160]}\n>player p1 {\"name\":\"kutekittiekat\",\"avatar\":\"pokekid\",\"rating\":0,\"seed\":[9154,17962,62852,7569]}\n>player p2 {\"name\":\"shark_land-\",\"avatar\":\"preschooler\",\"rating\":0,\"seed\":[46728,51128,34535,24781]}\n>p1 move overheat\n>p2 move scald\n>p1 switch 6\n>p2 move scald\n>p1 move curse\n>p2 move scald\n>p1 move curse\n>p2 move scald\n>p1 move curse\n>p2 switch 5\n>p1 move bodyslam\n>p2 move closecombat\n>p1 move bodyslam terastallize\n>p2 move clangoroussoul\n>p2 switch 4\n>p1 move bodyslam\n>p2 move hurricane\n>p1 switch 4\n>p1 move aeroblast\n>p2 move freezingglare\n>p1 move earthpower\n>p2 move calmmind\n>p1 switch 5\n>p2 move hurricane\n>p1 switch 2\n>p1 move revivalblessing\n>p2 move hurricane\n>p1 switch 3\n>p1 move bodypress\n>p2 move freezingglare\n>p1 switch 5\n>p2 move hurricane\n>p1 move recover\n>p2 move calmmind\n>p1 move aeroblast\n>p2 move hurricane\n>p1 switch 5\n>p1 move rest\n>p2 move hurricane\n>p1 switch 6\n>p1 move willowisp\n>p2 switch 3\n>p1 move overheat\n>p2 move focusblast\n>p1 move thunderbolt\n>p2 move darkpulse", "uploadtime": 1733835034, "views": 1, "formatid": "gen9randombattle", "rating": null, "private": 0, "password": null}