{"id": "gen9randombattle-2259927795", "format": "[Gen 9] Random Battle", "players": ["TheLastStraww", "ToxicWyvern"], "log": "|j|\u2606TheLastStraww\n|j|\u2606ToxicWyvern\n|t:|1733780878\n|gametype|singles\n|player|p1|TheLastStraww|depotagent|1644\n|player|p2|ToxicWyvern|ethan|1616\n|teamsize|p1|6\n|teamsize|p2|6\n|gen|9\n|tier|[Gen 9] Random Battle\n|rated|\n|rule|Species Clause: Limit one of each Pok\u00e9mon\n|rule|HP Percentage Mod: HP is shown in percentages\n|rule|Sleep Clause Mod: Limit one foe put to sleep\n|rule|Illusion Level Mod: Illusion disguises the Pok\u00e9mon's true level\n|\n|t:|1733780878\n|start\n|switch|p1a: Palossand|Palossand, L89, M|296/296\n|switch|p2a: Slowking|Slowking-Galar, L85, M|300/300\n|turn|1\n|\n|t:|1733780907\n|switch|p2a: Uxie|Uxie, L83|260/260\n|move|p1a: Palossand|Stealth Rock|p2a: Uxie\n|-sidestart|p2: ToxicWyvern|move: Stealth Rock\n|\n|upkeep\n|turn|2\n|inactive|Battle timer is ON: inactive players will automatically lose when time's up. (requested by TheLastStraww)\n|\n|t:|1733780911\n|move|p2a: Uxie|Stealth Rock|p1a: Palossand\n|-sidestart|p1: TheLastStraww|move: Stealth Rock\n|move|p1a: Palossand|Shadow Ball|p2a: Uxie\n|-supereffective|p2a: Uxie\n|-damage|p2a: Uxie|120/260\n|\n|-heal|p2a: Uxie|136/260|[from] item: Leftovers\n|upkeep\n|turn|3\n|\n|t:|1733780914\n|move|p2a: Uxie|Knock Off|p1a: Palossand\n|-supereffective|p1a: Palossand\n|-crit|p1a: Palossand\n|-damage|p1a: Palossand|156/296\n|-enditem|p1a: Palossand|Leftovers|[from] move: Knock Off|[of] p2a: Uxie\n|move|p1a: Palossand|Shadow Ball|p2a: Uxie\n|-supereffective|p2a: Uxie\n|-damage|p2a: Uxie|2/260\n|\n|-heal|p2a: Uxie|18/260|[from] item: Leftovers\n|upkeep\n|turn|4\n|\n|t:|1733780918\n|move|p2a: Uxie|Psychic Noise|p1a: Palossand\n|-damage|p1a: Palossand|87/296\n|-start|p1a: Palossand|move: Heal Block\n|cant|p1a: Palossand|move: Heal Block|Shore Up\n|\n|-heal|p2a: Uxie|34/260|[from] item: Leftovers\n|upkeep\n|turn|5\n|\n|t:|1733780922\n|move|p2a: Uxie|Knock Off|p1a: Palossand\n|-supereffective|p1a: Palossand\n|-damage|p1a: Palossand|25/296\n|move|p1a: Palossand|Shadow Ball|p2a: Uxie\n|-supereffective|p2a: Uxie\n|-damage|p2a: Uxie|0 fnt\n|faint|p2a: Uxie\n|\n|-end|p1a: Palossand|move: Heal Block\n|upkeep\n|\n|t:|1733780926\n|switch|p2a: Blaziken|Blaziken, L76, M|247/247\n|-damage|p2a: Blaziken|217/247|[from] Stealth Rock\n|turn|6\n|\n|t:|1733780930\n|move|p2a: Blaziken|Knock Off|p1a: Palossand\n|-supereffective|p1a: Palossand\n|-crit|p1a: Palossand\n|-damage|p1a: Palossand|0 fnt\n|faint|p1a: Palossand\n|-damage|p2a: Blaziken|193/247|[from] item: Life Orb\n|\n|-ability|p2a: Blaziken|Speed Boost|boost\n|-boost|p2a: Blaziken|spe|1\n|upkeep\n|\n|t:|1733780936\n|switch|p1a: Walking Wake|Walking Wake, L79|286/286\n|-damage|p1a: Walking Wake|251/286|[from] Stealth Rock\n|turn|7\n|\n|t:|1733780947\n|switch|p2a: Glaceon|Glaceon, L94, F|275/275\n|move|p1a: Walking Wake|Hydro Steam|p2a: Glaceon\n|-damage|p2a: Glaceon|180/275\n|-damage|p1a: Walking Wake|223/286|[from] item: Life Orb\n|\n|upkeep\n|turn|8\n|\n|t:|1733780952\n|-terastallize|p1a: Walking Wake|Fire\n|move|p1a: Walking Wake|Sunny Day|p1a: Walking Wake\n|-weather|SunnyDay\n|-activate|p1a: Walking Wake|ability: Protosynthesis\n|-start|p1a: Walking Wake|protosynthesisspa\n|move|p2a: Glaceon|Freeze-Dry|p1a: Walking Wake\n|-resisted|p1a: Walking Wake\n|-damage|p1a: Walking Wake|159/286\n|\n|-weather|SunnyDay|[upkeep]\n|upkeep\n|turn|9\n|\n|t:|1733780956\n|move|p2a: Glaceon|Protect|p2a: Glaceon\n|-singleturn|p2a: Glaceon|Protect\n|move|p1a: Walking Wake|Flamethrower|p2a: Glaceon\n|-activate|p2a: Glaceon|move: Protect\n|\n|-weather|SunnyDay|[upkeep]\n|upkeep\n|turn|10\n|\n|t:|1733780966\n|move|p1a: Walking Wake|Hydro Steam|p2a: Glaceon\n|-damage|p2a: Glaceon|0 fnt\n|faint|p2a: Glaceon\n|-damage|p1a: Walking Wake|131/286|[from] item: Life Orb\n|\n|-weather|SunnyDay|[upkeep]\n|upkeep\n|\n|t:|1733780971\n|switch|p2a: Slowking|Slowking-Galar, L85, M|300/300\n|-damage|p2a: Slowking|263/300|[from] Stealth Rock\n|turn|11\n|\n|t:|1733780978\n|move|p1a: Walking Wake|Flamethrower|p2a: Slowking\n|-damage|p2a: Slowking|111/300\n|-damage|p1a: Walking Wake|103/286|[from] item: Life Orb\n|move|p2a: Slowking|Psychic Noise|p1a: Walking Wake\n|-damage|p1a: Walking Wake|1/286\n|-start|p1a: Walking Wake|move: Heal Block\n|\n|-weather|SunnyDay|[upkeep]\n|upkeep\n|turn|12\n|\n|t:|1733780987\n|switch|p2a: Ludicolo|Ludicolo, L90, F|290/290\n|-damage|p2a: Ludicolo|254/290|[from] Stealth Rock\n|move|p1a: Walking Wake|Flamethrower|p2a: Ludicolo\n|-crit|p2a: Ludicolo\n|-damage|p2a: Ludicolo|0 fnt\n|faint|p2a: Ludicolo\n|-damage|p1a: Walking Wake|0 fnt|[from] item: Life Orb\n|faint|p1a: Walking Wake\n|-end|p1a: Walking Wake|Protosynthesis|[silent]\n|\n|-weather|none\n|upkeep\n|\n|t:|1733781006\n|switch|p1a: Chesnaught|Chesnaught, L84, F|285/285\n|switch|p2a: Blaziken|Blaziken, L76, M|193/247\n|-damage|p2a: Blaziken|163/247|[from] Stealth Rock\n|-damage|p1a: Chesnaught|268/285|[from] Stealth Rock\n|turn|13\n|\n|t:|1733781016\n|move|p2a: Blaziken|Swords Dance|p2a: Blaziken\n|-boost|p2a: Blaziken|atk|2\n|move|p1a: Chesnaught|Trailblaze|p2a: Blaziken\n|-resisted|p2a: Blaziken\n|-damage|p2a: Blaziken|127/247\n|-boost|p1a: Chesnaught|spe|1\n|\n|-heal|p1a: Chesnaught|285/285|[from] item: Leftovers\n|-ability|p2a: Blaziken|Speed Boost|boost\n|-boost|p2a: Blaziken|spe|1\n|upkeep\n|turn|14\n|\n|t:|1733781023\n|move|p2a: Blaziken|Flare Blitz|p1a: Chesnaught\n|-supereffective|p1a: Chesnaught\n|-damage|p1a: Chesnaught|0 fnt\n|faint|p1a: Chesnaught\n|-damage|p2a: Blaziken|33/247|[from] Recoil\n|-damage|p2a: Blaziken|9/247|[from] item: Life Orb\n|\n|-ability|p2a: Blaziken|Speed Boost|boost\n|-boost|p2a: Blaziken|spe|1\n|upkeep\n|\n|t:|1733781027\n|switch|p1a: Azumarill|Azumarill, L82, F|298/298\n|-damage|p1a: Azumarill|261/298|[from] Stealth Rock\n|turn|15\n|\n|t:|1733781031\n|move|p1a: Azumarill|Aqua Jet|p2a: Blaziken\n|-supereffective|p2a: Blaziken\n|-damage|p2a: Blaziken|0 fnt\n|faint|p2a: Blaziken\n|\n|upkeep\n|\n|t:|1733781034\n|switch|p2a: Slowking|Slowking-Galar, L85, M|211/300\n|-damage|p2a: Slowking|174/300|[from] Stealth Rock\n|turn|16\n|\n|t:|1733781038\n|switch|p1a: Weavile|Weavile, L79, M|240/240\n|move|p2a: Slowking|Sludge Bomb|p1a: Weavile\n|-damage|p1a: Weavile|126/240\n|\n|upkeep\n|turn|17\n|\n|t:|1733781046\n|switch|p2a: Landorus|Landorus-Therian, L76, M|260/260\n|-damage|p2a: Landorus|228/260|[from] Stealth Rock\n|-ability|p2a: Landorus|Intimidate|boost\n|-unboost|p1a: Weavile|atk|1\n|move|p1a: Weavile|Knock Off|p2a: Landorus\n|-damage|p2a: Landorus|156/260\n|-enditem|p2a: Landorus|Leftovers|[from] move: Knock Off|[of] p1a: Weavile\n|\n|upkeep\n|turn|18\n|\n|t:|1733781051\n|move|p1a: Weavile|Triple Axel|p2a: Landorus\n|-supereffective|p2a: Landorus\n|-damage|p2a: Landorus|84/260\n|-supereffective|p2a: Landorus\n|-damage|p2a: Landorus|0 fnt\n|faint|p2a: Landorus\n|-hitcount|p2: Landorus|2\n|\n|upkeep\n|\n|t:|1733781053\n|switch|p2a: Slowking|Slowking-Galar, L85, M|274/300\n|-damage|p2a: Slowking|237/300|[from] Stealth Rock\n|turn|19\n|\n|t:|1733781063\n|switch|p1a: Azumarill|Azumarill, L82, F|261/298\n|-damage|p1a: Azumarill|224/298|[from] Stealth Rock\n|-terastallize|p2a: Slowking|Poison\n|move|p2a: Slowking|Sludge Bomb|p1a: Azumarill\n|-supereffective|p1a: Azumarill\n|-damage|p1a: Azumarill|0 fnt\n|faint|p1a: Azumarill\n|\n|upkeep\n|\n|t:|1733781067\n|switch|p1a: Weavile|Weavile, L79, M|126/240\n|turn|20\n|\n|t:|1733781077\n|move|p1a: Weavile|Triple Axel|p2a: Slowking\n|-damage|p2a: Slowking|215/300\n|-damage|p2a: Slowking|163/300\n|-damage|p2a: Slowking|96/300\n|-hitcount|p2a: Slowking|3\n|move|p2a: Slowking|Sludge Bomb|p1a: Weavile\n|-damage|p1a: Weavile|0 fnt\n|faint|p1a: Weavile\n|\n|upkeep\n|\n|t:|1733781084\n|switch|p1a: Infernape|Infernape, L82, M|259/259\n|-damage|p1a: Infernape|227/259|[from] Stealth Rock\n|turn|21\n|inactive|ToxicWyvern has 120 seconds left.\n|\n|t:|1733781139\n|move|p1a: Infernape|Overheat|p2a: Slowking\n|-damage|p2a: Slowking|2/300\n|-unboost|p1a: Infernape|spa|2\n|-damage|p1a: Infernape|202/259|[from] item: Life Orb\n|move|p2a: Slowking|Psychic Noise|p1a: Infernape\n|-supereffective|p1a: Infernape\n|-damage|p1a: Infernape|0 fnt\n|faint|p1a: Infernape\n|\n|win|ToxicWyvern\n|raw|TheLastStraww's rating: 1644 &rarr; <strong>1622</strong><br />(-22 for losing)\n|raw|ToxicWyvern's rating: 1616 &rarr; <strong>1638</strong><br />(+22 for winning)\n|l|\u2606TheLastStraww\n|player|p1|\n", "inputlog": ">version bfd83cad13791eb5a5a409923076391caf6fb4d4\n>start {\"formatid\":\"gen9randombattle\",\"seed\":[26848,11164,21777,5899],\"rated\":\"Rated battle\"}\n>player p1 {\"name\":\"TheLastStraww\",\"avatar\":\"depotagent\",\"rating\":1644,\"seed\":[52826,35486,49448,62739]}\n>player p2 {\"name\":\"ToxicWyvern\",\"avatar\":\"ethan\",\"rating\":1616,\"seed\":[42956,6060,7156,50743]}\n>p1 move stealthrock\n>p2 switch 2\n>p1 move shadowball\n>p2 move stealthrock\n>p1 move shadowball\n>p2 move knockoff\n>p1 move shoreup\n>p2 move psychicnoise\n>p1 move shadowball\n>p2 move knockoff\n>p2 switch 5\n>p1 move earthpower\n>p2 move knockoff\n>p1 switch 4\n>p1 move hydrosteam\n>p2 switch 6\n>p1 move sunnyday terastallize\n>p2 move freezedry\n>p1 move flamethrower\n>p2 move protect\n>p1 move hydrosteam\n>p2 move mudshot\n>p2 switch 2\n>p1 move flamethrower\n>p2 move psychicnoise\n>p1 move flamethrower\n>p2 switch 4\n>p1 switch 6\n>p2 switch 6\n>p1 move trailblaze\n>p2 move swordsdance\n>p1 move irondefense\n>p2 move flareblitz\n>p1 switch 5\n>p1 move aquajet\n>p2 move flareblitz\n>p2 switch 4\n>p1 switch 3\n>p2 move sludgebomb\n>p1 move knockoff\n>p2 switch 3\n>p1 move tripleaxel\n>p2 move uturn\n>p2 switch 3\n>p1 switch 3\n>p2 move sludgebomb terastallize\n>p1 switch 3\n>p1 move tripleaxel\n>p2 move sludgebomb\n>p1 switch 2\n>p1 move overheat\n>p2 move psychicnoise", "uploadtime": 1733781149, "views": 8, "formatid": "gen9randombattle", "rating": 1622, "private": 0, "password": null}