{"id": "gen9randombattle-2260897911", "format": "[Gen 9] Random Battle", "players": ["orangenkopf", "ThaBomB"], "log": "|j|\u2606orangenkopf\n|j|\u2606ThaBomB\n|t:|1733913044\n|gametype|singles\n|player|p1|orangenkopf|waitress|1907\n|player|p2|ThaBomB|ltsurge|1870\n|teamsize|p1|6\n|teamsize|p2|6\n|gen|9\n|tier|[Gen 9] Random Battle\n|rated|\n|rule|Species Clause: Limit one of each Pok\u00e9mon\n|rule|HP Percentage Mod: HP is shown in percentages\n|rule|Sleep Clause Mod: Limit one foe put to sleep\n|rule|Illusion Level Mod: Illusion disguises the Pok\u00e9mon's true level\n|\n|t:|1733913044\n|start\n|switch|p1a: Giratina|Giratina, L75|349/349\n|switch|p2a: Staraptor|Staraptor, L79, M|263/263\n|-ability|p1a: Giratina|Pressure\n|turn|1\n|inactive|Battle timer is ON: inactive players will automatically lose when time's up. (requested by ThaBomB)\n|inactive|orangenkopf has 120 seconds left.\n|inactive|ThaBomB has 120 seconds left.\n|\n|t:|1733913082\n|switch|p2a: Magcargo|Magcargo, L95, M|268/268\n|move|p1a: Giratina|Dragon Tail|p2a: Magcargo\n|-damage|p2a: Magcargo|229/268\n|drag|p2a: Kingambit|Kingambit, L74, M|270/270\n|\n|upkeep\n|turn|2\n|inactive|ThaBomB has 120 seconds left.\n|\n|t:|1733913116\n|switch|p1a: Houndoom|Houndoom, L87, M|272/272\n|-end|p2a: Kingambit|fallenundefined|[silent]\n|switch|p2a: Magcargo|Magcargo, L95, M|229/268\n|\n|upkeep\n|turn|3\n|\n|t:|1733913135\n|switch|p1a: Blastoise|Blastoise, L80, F|258/258\n|move|p2a: Magcargo|Stealth Rock|p1a: Blastoise\n|-sidestart|p1: orangenkopf|move: Stealth Rock\n|\n|upkeep\n|turn|4\n|inactive|ThaBomB has 120 seconds left.\n|\n|t:|1733913176\n|move|p1a: Blastoise|Shell Smash|p1a: Blastoise\n|-unboost|p1a: Blastoise|def|1\n|-unboost|p1a: Blastoise|spd|1\n|-boost|p1a: Blastoise|atk|2\n|-boost|p1a: Blastoise|spa|2\n|-boost|p1a: Blastoise|spe|2\n|-enditem|p1a: Blastoise|White Herb\n|-clearnegativeboost|p1a: Blastoise|[silent]\n|move|p2a: Magcargo|Yawn|p1a: Blastoise\n|-start|p1a: Blastoise|move: Yawn|[of] p2a: Magcargo\n|\n|upkeep\n|turn|5\n|\n|t:|1733913191\n|switch|p2a: Appletun|Appletun, L92, F|352/352\n|move|p1a: Blastoise|Hydro Pump|p2a: Appletun\n|-resisted|p2a: Appletun\n|-damage|p2a: Appletun|307/352\n|\n|-heal|p2a: Appletun|329/352|[from] item: Leftovers\n|-end|p1a: Blastoise|move: Yawn|[silent]\n|-status|p1a: Blastoise|slp\n|upkeep\n|turn|6\n|inactive|ThaBomB has 90 seconds left.\n|\n|t:|1733913223\n|cant|p1a: Blastoise|slp\n|move|p2a: Appletun|Leech Seed|p1a: Blastoise\n|-start|p1a: Blastoise|move: Leech Seed\n|\n|-heal|p2a: Appletun|351/352|[from] item: Leftovers\n|-damage|p1a: Blastoise|226/258 slp|[from] Leech Seed|[of] p2a: Appletun\n|-heal|p2a: Appletun|352/352|[silent]\n|upkeep\n|turn|7\n|\n|t:|1733913227\n|cant|p1a: Blastoise|slp\n|move|p2a: Appletun|Apple Acid|p1a: Blastoise\n|-supereffective|p1a: Blastoise\n|-crit|p1a: Blastoise\n|-damage|p1a: Blastoise|0 fnt\n|faint|p1a: Blastoise\n|\n|upkeep\n|\n|t:|1733913244\n|switch|p1a: Toucannon|Toucannon, L88, M|284/284\n|turn|8\n|\n|t:|1733913263\n|switch|p2a: Magcargo|Magcargo, L95, M|229/268\n|move|p1a: Toucannon|U-turn|p2a: Magcargo\n|-resisted|p2a: Magcargo\n|-damage|p2a: Magcargo|207/268\n|\n|t:|1733913278\n|switch|p1a: Giratina|Giratina, L75|349/349|[from] U-turn\n|-damage|p1a: Giratina|306/349|[from] Stealth Rock\n|-ability|p1a: Giratina|Pressure\n|\n|-heal|p1a: Giratina|327/349|[from] item: Leftovers\n|upkeep\n|turn|9\n|\n|t:|1733913299\n|move|p1a: Giratina|Shadow Ball|p2a: Magcargo\n|-damage|p2a: Magcargo|143/268\n|-unboost|p2a: Magcargo|spd|1\n|move|p2a: Magcargo|Yawn|p1a: Giratina\n|-start|p1a: Giratina|move: Yawn|[of] p2a: Magcargo\n|\n|-heal|p1a: Giratina|348/349|[from] item: Leftovers\n|upkeep\n|turn|10\n|\n|t:|1733913309\n|move|p1a: Giratina|Shadow Ball|p2a: Magcargo\n|-damage|p2a: Magcargo|38/268\n|move|p2a: Magcargo|Recover|p2a: Magcargo\n|-heal|p2a: Magcargo|172/268\n|\n|-heal|p1a: Giratina|349/349|[from] item: Leftovers\n|-end|p1a: Giratina|move: Yawn|[silent]\n|-status|p1a: Giratina|slp\n|upkeep\n|turn|11\n|\n|t:|1733913332\n|switch|p2a: Kingambit|Kingambit, L74, M|270/270\n|cant|p1a: Giratina|slp\n|move|p1a: Giratina|Sleep Talk|p1a: Giratina\n|move|p1a: Giratina|Dragon Tail|p2a: Kingambit|[from]move: Sleep Talk\n|-resisted|p2a: Kingambit\n|-damage|p2a: Kingambit|249/270\n|-end|p2a: Kingambit|fallenundefined|[silent]\n|drag|p2a: Magcargo|Magcargo, L95, M|172/268\n|\n|upkeep\n|turn|12\n|\n|t:|1733913340\n|switch|p2a: Grimmsnarl|Grimmsnarl, L83, M|293/293\n|cant|p1a: Giratina|slp\n|move|p1a: Giratina|Sleep Talk|p1a: Giratina\n|move|p1a: Giratina|Rest||[from]move: Sleep Talk|[still]\n|-fail|p1a: Giratina\n|\n|upkeep\n|turn|13\n|\n|t:|1733913353\n|switch|p1a: Victreebel|Victreebel, L90, F|290/290\n|-damage|p1a: Victreebel|254/290|[from] Stealth Rock\n|move|p2a: Grimmsnarl|Spirit Break|p1a: Victreebel\n|-resisted|p1a: Victreebel\n|-damage|p1a: Victreebel|204/290\n|-unboost|p1a: Victreebel|spa|1\n|\n|upkeep\n|turn|14\n|\n|t:|1733913358\n|move|p2a: Grimmsnarl|Parting Shot|p1a: Victreebel\n|-unboost|p1a: Victreebel|atk|1\n|-unboost|p1a: Victreebel|spa|1\n|inactive|ThaBomB has 120 seconds left.\n|\n|t:|1733913365\n|switch|p2a: Magcargo|Magcargo, L95, M|172/268|[from] Parting Shot\n|move|p1a: Victreebel|Sleep Powder|p2a: Magcargo\n|-status|p2a: Magcargo|slp|[from] move: Sleep Powder\n|\n|upkeep\n|turn|15\n|inactive|ThaBomB has 120 seconds left.\n|\n|t:|1733913384\n|switch|p1a: Houndoom|Houndoom, L87, M|272/272\n|switch|p2a: Kingambit|Kingambit, L74, M|249/270\n|\n|-heal|p2a: Kingambit|265/270|[from] item: Leftovers\n|upkeep\n|turn|16\n|inactive|ThaBomB has 120 seconds left.\n|\n|t:|1733913399\n|-end|p2a: Kingambit|fallenundefined|[silent]\n|switch|p2a: Great Tusk|Great Tusk, L77|304/304\n|move|p1a: Houndoom|Nasty Plot|p1a: Houndoom\n|-boost|p1a: Houndoom|spa|2\n|\n|upkeep\n|turn|17\n|\n|t:|1733913404\n|move|p1a: Houndoom|Fire Blast|p2a: Great Tusk|[miss]\n|-miss|p1a: Houndoom|p2a: Great Tusk\n|move|p2a: Great Tusk|Headlong Rush|p1a: Houndoom\n|-supereffective|p1a: Houndoom\n|-damage|p1a: Houndoom|0 fnt\n|-unboost|p2a: Great Tusk|def|1\n|-unboost|p2a: Great Tusk|spd|1\n|faint|p1a: Houndoom\n|\n|upkeep\n|c|\u2606orangenkopf|You are so bad\n|\n|t:|1733913425\n|switch|p1a: Toucannon|Toucannon, L88, M|284/284\n|turn|18\n|\n|t:|1733913431\n|-end|p2a: Great Tusk|Protosynthesis|[silent]\n|switch|p2a: Magcargo|Magcargo, L95, M|172/268 slp\n|move|p1a: Toucannon|Boomburst|p2a: Magcargo\n|-resisted|p2a: Magcargo\n|-damage|p2a: Magcargo|103/268 slp\n|\n|upkeep\n|turn|19\n|\n|t:|1733913436\n|move|p1a: Toucannon|Boomburst|p2a: Magcargo\n|-resisted|p2a: Magcargo\n|-damage|p2a: Magcargo|36/268 slp\n|cant|p2a: Magcargo|slp\n|\n|upkeep\n|turn|20\n|\n|t:|1733913460\n|move|p1a: Toucannon|Boomburst|p2a: Magcargo\n|-resisted|p2a: Magcargo\n|-damage|p2a: Magcargo|0 fnt\n|faint|p2a: Magcargo\n|\n|upkeep\n|inactive|ThaBomB has 120 seconds left.\n|\n|t:|1733913476\n|switch|p2a: Staraptor|Staraptor, L79, M|263/263\n|turn|21\n|\n|t:|1733913481\n|-singleturn|p1a: Toucannon|move: Beak Blast\n|move|p2a: Staraptor|Brave Bird|p1a: Toucannon\n|-damage|p1a: Toucannon|41/284\n|-status|p2a: Staraptor|brn\n|-damage|p2a: Staraptor|183/263 brn|[from] Recoil\n|move|p1a: Toucannon|Beak Blast|p2a: Staraptor\n|-damage|p2a: Staraptor|21/263 brn\n|\n|-damage|p2a: Staraptor|5/263 brn|[from] brn\n|upkeep\n|turn|22\n|\n|t:|1733913500\n|switch|p1a: Giratina|Giratina, L75|349/349 slp\n|-damage|p1a: Giratina|306/349 slp|[from] Stealth Rock\n|-ability|p1a: Giratina|Pressure\n|move|p2a: Staraptor|Brave Bird|p1a: Giratina\n|-damage|p1a: Giratina|210/349 slp\n|-damage|p2a: Staraptor|0 fnt|[from] Recoil\n|faint|p2a: Staraptor\n|\n|-heal|p1a: Giratina|231/349 slp|[from] item: Leftovers\n|upkeep\n|\n|t:|1733913506\n|switch|p2a: Kingambit|Kingambit, L74, M|265/270\n|-activate|p2a: Kingambit|ability: Supreme Overlord\n|-start|p2a: Kingambit|fallen2|[silent]\n|turn|23\n|\n|t:|1733913533\n|move|p2a: Kingambit|Swords Dance|p2a: Kingambit\n|-boost|p2a: Kingambit|atk|2\n|-curestatus|p1a: Giratina|slp|[msg]\n|move|p1a: Giratina|Dragon Tail|p2a: Kingambit|[miss]\n|-miss|p1a: Giratina|p2a: Kingambit\n|\n|-heal|p1a: Giratina|252/349|[from] item: Leftovers\n|-heal|p2a: Kingambit|270/270|[from] item: Leftovers\n|upkeep\n|turn|24\n|c|\u2606orangenkopf|What the fuck\n|inactive|orangenkopf has 120 seconds left.\n|\n|t:|1733913564\n|move|p2a: Kingambit|Kowtow Cleave|p1a: Giratina\n|-supereffective|p1a: Giratina\n|-damage|p1a: Giratina|0 fnt\n|faint|p1a: Giratina\n|\n|upkeep\n|c|\u2606ThaBomB|:D\n|\n|t:|1733913571\n|switch|p1a: Victreebel|Victreebel, L90, F|204/290\n|-damage|p1a: Victreebel|168/290|[from] Stealth Rock\n|turn|25\n|\n|t:|1733913597\n|move|p2a: Kingambit|Sucker Punch||[still]\n|-fail|p2a: Kingambit\n|move|p1a: Victreebel|Sleep Powder|p2a: Kingambit\n|-status|p2a: Kingambit|slp|[from] move: Sleep Powder\n|\n|upkeep\n|turn|26\n|inactive|orangenkopf has 120 seconds left.\n|\n|t:|1733913604\n|switch|p1a: Delphox|Delphox, L84, M|263/263\n|-damage|p1a: Delphox|198/263|[from] Stealth Rock\n|-end|p2a: Kingambit|fallen2|[silent]\n|switch|p2a: Grimmsnarl|Grimmsnarl, L83, M|293/293\n|\n|upkeep\n|turn|27\n|inactive|orangenkopf has 120 seconds left.\n|\n|t:|1733913619\n|move|p2a: Grimmsnarl|Thunder Wave|p1a: Delphox\n|-status|p1a: Delphox|par\n|move|p1a: Delphox|Fire Blast|p2a: Grimmsnarl\n|-damage|p2a: Grimmsnarl|70/293\n|\n|-heal|p2a: Grimmsnarl|88/293|[from] item: Leftovers\n|upkeep\n|turn|28\n|\n|t:|1733913628\n|move|p2a: Grimmsnarl|Sucker Punch|p1a: Delphox\n|-supereffective|p1a: Delphox\n|-damage|p1a: Delphox|0 fnt\n|faint|p1a: Delphox\n|\n|-heal|p2a: Grimmsnarl|106/293|[from] item: Leftovers\n|upkeep\n|inactive|orangenkopf has 120 seconds left.\n|\n|t:|1733913645\n|switch|p1a: Toucannon|Toucannon, L88, M|41/284\n|turn|29\n|\n|t:|1733913657\n|move|p2a: Grimmsnarl|Sucker Punch||[still]\n|-fail|p2a: Grimmsnarl\n|move|p1a: Toucannon|Roost|p1a: Toucannon\n|-heal|p1a: Toucannon|183/284\n|-singleturn|p1a: Toucannon|move: Roost\n|\n|-heal|p2a: Grimmsnarl|124/293|[from] item: Leftovers\n|upkeep\n|turn|30\n|\n|t:|1733913693\n|-singleturn|p1a: Toucannon|move: Beak Blast\n|move|p2a: Grimmsnarl|Parting Shot|p1a: Toucannon\n|-unboost|p1a: Toucannon|atk|1\n|-unboost|p1a: Toucannon|spa|1\n|\n|t:|1733913695\n|switch|p2a: Kingambit|Kingambit, L74, M|270/270 slp|[from] Parting Shot\n|-activate|p2a: Kingambit|ability: Supreme Overlord\n|-start|p2a: Kingambit|fallen2|[silent]\n|move|p1a: Toucannon|Beak Blast|p2a: Kingambit\n|-resisted|p2a: Kingambit\n|-damage|p2a: Kingambit|228/270 slp\n|\n|-heal|p2a: Kingambit|244/270 slp|[from] item: Leftovers\n|upkeep\n|turn|31\n|inactive|orangenkopf has 120 seconds left.\n|\n|t:|1733913728\n|move|p1a: Toucannon|Roost|p1a: Toucannon\n|-heal|p1a: Toucannon|284/284\n|-singleturn|p1a: Toucannon|move: Roost\n|cant|p2a: Kingambit|slp\n|\n|-heal|p2a: Kingambit|260/270 slp|[from] item: Leftovers\n|upkeep\n|turn|32\n|\n|t:|1733913738\n|move|p1a: Toucannon|Boomburst|p2a: Kingambit\n|-resisted|p2a: Kingambit\n|-damage|p2a: Kingambit|210/270 slp\n|-curestatus|p2a: Kingambit|slp|[msg]\n|move|p2a: Kingambit|Kowtow Cleave|p1a: Toucannon\n|-damage|p1a: Toucannon|172/284\n|\n|-heal|p2a: Kingambit|226/270|[from] item: Leftovers\n|upkeep\n|turn|33\n|\n|t:|1733913747\n|move|p1a: Toucannon|U-turn|p2a: Kingambit\n|-damage|p2a: Kingambit|188/270\n|\n|t:|1733913749\n|switch|p1a: Victreebel|Victreebel, L90, F|168/290|[from] U-turn\n|-damage|p1a: Victreebel|132/290|[from] Stealth Rock\n|move|p2a: Kingambit|Swords Dance|p2a: Kingambit\n|-boost|p2a: Kingambit|atk|2\n|\n|-heal|p2a: Kingambit|204/270|[from] item: Leftovers\n|upkeep\n|turn|34\n|\n|t:|1733913756\n|move|p1a: Victreebel|Sleep Powder|p2a: Kingambit\n|-status|p2a: Kingambit|slp|[from] move: Sleep Powder\n|cant|p2a: Kingambit|slp\n|\n|-heal|p2a: Kingambit|220/270 slp|[from] item: Leftovers\n|upkeep\n|turn|35\n|\n|t:|1733913764\n|cant|p2a: Kingambit|slp\n|move|p1a: Victreebel|Power Whip|p2a: Kingambit\n|-resisted|p2a: Kingambit\n|-damage|p2a: Kingambit|128/270 slp\n|-damage|p1a: Victreebel|103/290|[from] item: Life Orb\n|\n|-heal|p2a: Kingambit|144/270 slp|[from] item: Leftovers\n|upkeep\n|turn|36\n|\n|t:|1733913769\n|cant|p2a: Kingambit|slp\n|move|p1a: Victreebel|Power Whip|p2a: Kingambit\n|-resisted|p2a: Kingambit\n|-damage|p2a: Kingambit|49/270 slp\n|-damage|p1a: Victreebel|74/290|[from] item: Life Orb\n|\n|-heal|p2a: Kingambit|65/270 slp|[from] item: Leftovers\n|upkeep\n|turn|37\n|\n|t:|1733913774\n|-curestatus|p2a: Kingambit|slp|[msg]\n|move|p2a: Kingambit|Sucker Punch|p1a: Victreebel\n|-damage|p1a: Victreebel|0 fnt\n|faint|p1a: Victreebel\n|\n|-heal|p2a: Kingambit|81/270|[from] item: Leftovers\n|upkeep\n|\n|t:|1733913778\n|switch|p1a: Toucannon|Toucannon, L88, M|172/284\n|turn|38\n|\n|t:|1733913784\n|move|p2a: Kingambit|Sucker Punch||[still]\n|-fail|p2a: Kingambit\n|move|p1a: Toucannon|Roost|p1a: Toucannon\n|-heal|p1a: Toucannon|284/284\n|-singleturn|p1a: Toucannon|move: Roost\n|\n|-heal|p2a: Kingambit|97/270|[from] item: Leftovers\n|upkeep\n|turn|39\n|\n|t:|1733913788\n|-singleturn|p1a: Toucannon|move: Beak Blast\n|move|p2a: Kingambit|Sucker Punch|p1a: Toucannon\n|-damage|p1a: Toucannon|76/284\n|-status|p2a: Kingambit|brn\n|move|p1a: Toucannon|Beak Blast|p2a: Kingambit\n|-resisted|p2a: Kingambit\n|-damage|p2a: Kingambit|31/270 brn\n|\n|-heal|p2a: Kingambit|47/270 brn|[from] item: Leftovers\n|-damage|p2a: Kingambit|31/270 brn|[from] brn\n|upkeep\n|turn|40\n|\n|t:|1733913793\n|move|p1a: Toucannon|Roost|p1a: Toucannon\n|-heal|p1a: Toucannon|218/284\n|-singleturn|p1a: Toucannon|move: Roost\n|move|p2a: Kingambit|Kowtow Cleave|p1a: Toucannon\n|-damage|p1a: Toucannon|108/284\n|\n|-heal|p2a: Kingambit|47/270 brn|[from] item: Leftovers\n|-damage|p2a: Kingambit|31/270 brn|[from] brn\n|upkeep\n|turn|41\n|\n|t:|1733913795\n|move|p1a: Toucannon|Roost|p1a: Toucannon\n|-heal|p1a: Toucannon|250/284\n|-singleturn|p1a: Toucannon|move: Roost\n|move|p2a: Kingambit|Kowtow Cleave|p1a: Toucannon\n|-crit|p1a: Toucannon\n|-damage|p1a: Toucannon|86/284\n|\n|-heal|p2a: Kingambit|47/270 brn|[from] item: Leftovers\n|-damage|p2a: Kingambit|31/270 brn|[from] brn\n|upkeep\n|turn|42\n|\n|t:|1733913799\n|move|p1a: Toucannon|Roost|p1a: Toucannon\n|-heal|p1a: Toucannon|228/284\n|-singleturn|p1a: Toucannon|move: Roost\n|move|p2a: Kingambit|Kowtow Cleave|p1a: Toucannon\n|-damage|p1a: Toucannon|114/284\n|\n|-heal|p2a: Kingambit|47/270 brn|[from] item: Leftovers\n|-damage|p2a: Kingambit|31/270 brn|[from] brn\n|upkeep\n|turn|43\n|\n|t:|1733913805\n|move|p1a: Toucannon|Roost|p1a: Toucannon\n|-heal|p1a: Toucannon|256/284\n|-singleturn|p1a: Toucannon|move: Roost\n|move|p2a: Kingambit|Kowtow Cleave|p1a: Toucannon\n|-damage|p1a: Toucannon|143/284\n|\n|-heal|p2a: Kingambit|47/270 brn|[from] item: Leftovers\n|-damage|p2a: Kingambit|31/270 brn|[from] brn\n|upkeep\n|turn|44\n|\n|t:|1733913811\n|move|p1a: Toucannon|Roost|p1a: Toucannon\n|-heal|p1a: Toucannon|284/284\n|-singleturn|p1a: Toucannon|move: Roost\n|move|p2a: Kingambit|Kowtow Cleave|p1a: Toucannon\n|-crit|p1a: Toucannon\n|-damage|p1a: Toucannon|109/284\n|\n|-heal|p2a: Kingambit|47/270 brn|[from] item: Leftovers\n|-damage|p2a: Kingambit|31/270 brn|[from] brn\n|upkeep\n|turn|45\n|\n|t:|1733913819\n|move|p2a: Kingambit|Sucker Punch|p1a: Toucannon\n|-damage|p1a: Toucannon|15/284\n|move|p1a: Toucannon|Boomburst|p2a: Kingambit\n|-resisted|p2a: Kingambit\n|-damage|p2a: Kingambit|0 fnt\n|faint|p2a: Kingambit\n|-end|p2a: Kingambit|fallen2|[silent]\n|\n|upkeep\n|\n|t:|1733913824\n|switch|p2a: Great Tusk|Great Tusk, L77|304/304\n|turn|46\n|c|\u2606orangenkopf|Crazy\n|c|\u2606orangenkopf|Actually crazy\n|\n|t:|1733913831\n|-terastallize|p1a: Toucannon|Steel\n|-singleturn|p1a: Toucannon|move: Beak Blast\n|move|p2a: Great Tusk|Rapid Spin|p1a: Toucannon\n|-resisted|p1a: Toucannon\n|-damage|p1a: Toucannon|0 fnt\n|-status|p2a: Great Tusk|brn\n|-boost|p2a: Great Tusk|spe|1\n|faint|p1a: Toucannon\n|\n|win|ThaBomB\n|raw|orangenkopf's rating: 1907 &rarr; <strong>1885</strong><br />(-22 for losing)\n|raw|ThaBomB's rating: 1870 &rarr; <strong>1892</strong><br />(+22 for winning)\n", "inputlog": ">version bfd83cad13791eb5a5a409923076391caf6fb4d4\n>start {\"formatid\":\"gen9randombattle\",\"seed\":[53915,27724,51828,52310],\"rated\":\"Rated battle\"}\n>player p1 {\"name\":\"orangenkopf\",\"avatar\":\"waitress\",\"rating\":1907,\"seed\":[33880,12618,19902,41768]}\n>player p2 {\"name\":\"ThaBomB\",\"avatar\":\"ltsurge\",\"rating\":1870,\"seed\":[9205,46509,11559,39262]}\n>p1 move dragontail\n>p2 switch 2\n>p1 switch 5\n>p2 switch 3\n>p1 switch 4\n>p2 move stealthrock\n>p1 move shellsmash\n>p2 move yawn\n>p1 move hydropump\n>p2 switch 5\n>p1 move icebeam\n>p2 move leechseed\n>p1 move icebeam\n>p2 move appleacid\n>p1 switch 2\n>p1 move uturn\n>p2 switch 5\n>p1 switch 5\n>p1 move shadowball\n>p2 move yawn\n>p1 move shadowball\n>p2 move recover\n>p1 move sleeptalk\n>p2 switch 3\n>p1 move sleeptalk\n>p2 switch 4\n>p1 switch 3\n>p2 move spiritbreak\n>p1 move sleeppowder\n>p2 move partingshot\n>p2 switch 4\n>p1 switch 4\n>p2 switch 3\n>p1 move nastyplot\n>p2 switch 6\n>p1 move fireblast\n>p2 move headlongrush\n>chat \u2606orangenkopf|You are so bad\n>p1 switch 5\n>p1 move boomburst\n>p2 switch 3\n>p1 move boomburst\n>p2 move recover\n>p1 move boomburst\n>p2 move recover\n>p2 switch 2\n>p1 move beakblast\n>p2 move bravebird\n>p1 switch 3\n>p2 move bravebird\n>p2 switch 6\n>p1 move dragontail\n>p2 move swordsdance\n>chat \u2606orangenkopf|What the fuck\n>p1 move dragontail\n>p2 move kowtowcleave\n>chat \u2606ThaBomB|:D\n>p1 switch 4\n>p1 move sleeppowder\n>p2 move suckerpunch\n>p1 switch 6\n>p2 switch 4\n>p1 move fireblast\n>p2 move thunderwave\n>p1 move fireblast\n>p2 move suckerpunch\n>p1 switch 3\n>p1 move roost\n>p2 move suckerpunch\n>p1 move beakblast\n>p2 move partingshot\n>p2 switch 4\n>p1 move roost\n>p2 move kowtowcleave\n>p1 move boomburst\n>p2 move kowtowcleave\n>p1 move uturn\n>p2 move swordsdance\n>p1 switch 6\n>p1 move sleeppowder\n>p2 move kowtowcleave\n>p1 move powerwhip\n>p2 move suckerpunch\n>p1 move powerwhip\n>p2 move suckerpunch\n>p1 move powerwhip\n>p2 move suckerpunch\n>p1 switch 6\n>p1 move roost\n>p2 move suckerpunch\n>p1 move beakblast\n>p2 move suckerpunch\n>p1 move roost\n>p2 move kowtowcleave\n>p1 move roost\n>p2 move kowtowcleave\n>p1 move roost\n>p2 move kowtowcleave\n>p1 move roost\n>p2 move kowtowcleave\n>p1 move roost\n>p2 move kowtowcleave\n>p1 move boomburst\n>p2 move suckerpunch\n>p2 switch 3\n>chat \u2606orangenkopf|Crazy\n>chat \u2606orangenkopf|Actually crazy\n>p1 move beakblast terastallize\n>p2 move rapidspin", "uploadtime": 1733913841, "views": 1, "formatid": "gen9randombattle", "rating": 1885, "private": 0, "password": null}