{"id": "gen9randombattle-2260091434", "format": "[Gen 9] Random Battle", "players": ["Bne1", "zyolite"], "log": "|j|\u2606Bne1\n|j|\u2606zyolite\n|t:|1733801190\n|gametype|singles\n|player|p1|Bne1|2|\n|player|p2|zyolite|102|\n|teamsize|p1|6\n|teamsize|p2|6\n|gen|9\n|tier|[Gen 9] Random Battle\n|rule|Species Clause: Limit one of each Pok\u00e9mon\n|rule|HP Percentage Mod: HP is shown in percentages\n|rule|Sleep Clause Mod: Limit one foe put to sleep\n|rule|Illusion Level Mod: Illusion disguises the Pok\u00e9mon's true level\n|\n|t:|1733801190\n|start\n|switch|p1a: Lunala|Lunala, L70|308/308\n|switch|p2a: Scyther|Scyther, L82, F|249/249\n|turn|1\n|\n|t:|1733801205\n|move|p2a: Scyther|Dual Wingbeat|p1a: Lunala\n|-damage|p1a: Lunala|269/308\n|-damage|p1a: Lunala|185/308\n|-hitcount|p1a: Lunala|2\n|move|p1a: Lunala|Moongeist Beam|p2a: Scyther\n|-damage|p2a: Scyther|176/249\n|\n|-heal|p1a: Lunala|204/308|[from] item: Leftovers\n|upkeep\n|turn|2\n|\n|t:|1733801219\n|move|p2a: Scyther|Close Combat|p1a: Lunala\n|-immune|p1a: Lunala\n|move|p1a: Lunala|Psyshock|p2a: Scyther\n|-damage|p2a: Scyther|116/249\n|\n|-heal|p1a: Lunala|223/308|[from] item: Leftovers\n|upkeep\n|turn|3\n|\n|t:|1733801230\n|-terastallize|p1a: Lunala|Fairy\n|move|p2a: Scyther|Dual Wingbeat|p1a: Lunala\n|-damage|p1a: Lunala|141/308\n|-damage|p1a: Lunala|60/308\n|-hitcount|p1a: Lunala|2\n|move|p1a: Lunala|Psyshock|p2a: Scyther\n|-damage|p2a: Scyther|55/249\n|\n|-heal|p1a: Lunala|79/308|[from] item: Leftovers\n|upkeep\n|turn|4\n|\n|t:|1733801243\n|move|p2a: Scyther|Dual Wingbeat|p1a: Lunala\n|-damage|p1a: Lunala|0 fnt\n|faint|p1a: Lunala\n|-hitcount|p1: Lunala|1\n|\n|upkeep\n|\n|t:|1733801252\n|switch|p1a: Fezandipiti|Fezandipiti, L82, M|278/278\n|turn|5\n|\n|t:|1733801261\n|move|p2a: Scyther|Close Combat|p1a: Fezandipiti\n|-resisted|p1a: Fezandipiti\n|-crit|p1a: Fezandipiti\n|-damage|p1a: Fezandipiti|241/278\n|-unboost|p2a: Scyther|def|1\n|-unboost|p2a: Scyther|spd|1\n|move|p1a: Fezandipiti|Tera Blast|p2a: Scyther\n|-crit|p2a: Scyther\n|-damage|p2a: Scyther|0 fnt\n|faint|p2a: Scyther\n|\n|-heal|p1a: Fezandipiti|258/278|[from] item: Leftovers\n|upkeep\n|\n|t:|1733801288\n|switch|p2a: Camerupt|Camerupt, L91, M|275/275\n|turn|6\n|\n|t:|1733801297\n|move|p1a: Fezandipiti|Tera Blast|p2a: Camerupt\n|-damage|p2a: Camerupt|231/275\n|-status|p2a: Camerupt|tox|[from] ability: Toxic Chain|[of] p1a: Fezandipiti\n|move|p2a: Camerupt|Earthquake|p1a: Fezandipiti\n|-supereffective|p1a: Fezandipiti\n|-damage|p1a: Fezandipiti|0 fnt\n|faint|p1a: Fezandipiti\n|\n|-heal|p2a: Camerupt|248/275 tox|[from] item: Leftovers\n|-damage|p2a: Camerupt|231/275 tox|[from] psn\n|upkeep\n|\n|t:|1733801311\n|switch|p1a: Qwilfish|Qwilfish, L86, F|252/252\n|-ability|p1a: Qwilfish|Intimidate|boost\n|-unboost|p2a: Camerupt|atk|1\n|turn|7\n|\n|t:|1733801322\n|move|p1a: Qwilfish|Flip Turn|p2a: Camerupt\n|-supereffective|p2a: Camerupt\n|-damage|p2a: Camerupt|21/275 tox\n|\n|t:|1733801346\n|switch|p1a: Espeon|Espeon, L84, F|238/238|[from] Flip Turn\n|move|p2a: Camerupt|Earthquake|p1a: Espeon\n|-damage|p1a: Espeon|135/238\n|replace|p1a: Zoroark|Zoroark, L84, F\n|-end|p1a: Zoroark|Illusion\n|-hint|Illusion Level Mod is active, so this Pok\u00e9mon's true level was hidden.\n|\n|-heal|p2a: Camerupt|38/275 tox|[from] item: Leftovers\n|-damage|p2a: Camerupt|4/275 tox|[from] psn\n|upkeep\n|turn|8\n|\n|t:|1733801360\n|move|p1a: Zoroark|Dark Pulse|p2a: Camerupt\n|-damage|p2a: Camerupt|0 fnt\n|faint|p2a: Camerupt\n|-damage|p1a: Zoroark|112/238|[from] item: Life Orb\n|\n|upkeep\n|\n|t:|1733801367\n|switch|p2a: Azelf|Azelf, L82|257/257\n|turn|9\n|\n|t:|1733801377\n|move|p2a: Azelf|Psyshock|p1a: Zoroark\n|-immune|p1a: Zoroark\n|move|p1a: Zoroark|Focus Blast|p2a: Azelf\n|-resisted|p2a: Azelf\n|-damage|p2a: Azelf|175/257\n|-damage|p1a: Zoroark|89/238|[from] item: Life Orb\n|\n|upkeep\n|turn|10\n|\n|t:|1733801387\n|move|p2a: Azelf|Nasty Plot|p2a: Azelf\n|-boost|p2a: Azelf|spa|2\n|move|p1a: Zoroark|Sludge Bomb|p2a: Azelf\n|-damage|p2a: Azelf|50/257\n|-damage|p1a: Zoroark|66/238|[from] item: Life Orb\n|\n|upkeep\n|turn|11\n|\n|t:|1733801395\n|move|p2a: Azelf|Fire Blast|p1a: Zoroark\n|-damage|p1a: Zoroark|0 fnt\n|faint|p1a: Zoroark\n|-damage|p2a: Azelf|25/257|[from] item: Life Orb\n|\n|upkeep\n|\n|t:|1733801402\n|switch|p1a: Qwilfish|Qwilfish, L86, F|252/252\n|-ability|p1a: Qwilfish|Intimidate|boost\n|-unboost|p2a: Azelf|atk|1\n|turn|12\n|\n|t:|1733801408\n|move|p2a: Azelf|Psyshock|p1a: Qwilfish\n|-supereffective|p1a: Qwilfish\n|-damage|p1a: Qwilfish|0 fnt\n|faint|p1a: Qwilfish\n|-damage|p2a: Azelf|0 fnt|[from] item: Life Orb\n|faint|p2a: Azelf\n|\n|upkeep\n|\n|t:|1733801416\n|switch|p2a: Eiscue|Eiscue, L88, M|272/272\n|switch|p1a: Sawsbuck|Sawsbuck-Autumn, L88, M|284/284\n|turn|13\n|\n|t:|1733801425\n|move|p1a: Sawsbuck|High Horsepower|p2a: Eiscue\n|-activate|p2a: Eiscue|ability: Ice Face\n|-damage|p2a: Eiscue|272/272\n|detailschange|p2a: Eiscue|Eiscue-Noice, L88, M\n|-damage|p1a: Sawsbuck|256/284|[from] item: Life Orb\n|move|p2a: Eiscue|Belly Drum|p2a: Eiscue\n|-damage|p2a: Eiscue|136/272\n|-setboost|p2a: Eiscue|atk|6|[from] move: Belly Drum\n|\n|upkeep\n|turn|14\n|\n|t:|1733801437\n|move|p2a: Eiscue|Ice Spinner|p1a: Sawsbuck\n|-supereffective|p1a: Sawsbuck\n|-crit|p1a: Sawsbuck\n|-damage|p1a: Sawsbuck|0 fnt\n|faint|p1a: Sawsbuck\n|\n|upkeep\n|\n|t:|1733801443\n|switch|p1a: Espeon|Espeon, L84, F|246/246\n|turn|15\n|\n|t:|1733801449\n|move|p2a: Eiscue|Tera Blast|p1a: Espeon\n|-damage|p1a: Espeon|203/246\n|move|p1a: Espeon|Shadow Ball|p2a: Eiscue\n|-damage|p2a: Eiscue|2/272\n|-enditem|p2a: Eiscue|Salac Berry|[eat]\n|-boost|p2a: Eiscue|spe|1|[from] item: Salac Berry\n|-damage|p1a: Espeon|179/246|[from] item: Life Orb\n|\n|upkeep\n|turn|16\n|\n|t:|1733801463\n|move|p2a: Eiscue|Ice Spinner|p1a: Espeon\n|-damage|p1a: Espeon|0 fnt\n|faint|p1a: Espeon\n|\n|win|zyolite\n|l|\u2606Bne1\n|player|p1|\n", "inputlog": ">version bfd83cad13791eb5a5a409923076391caf6fb4d4\n>start {\"formatid\":\"gen9randombattle\",\"seed\":[4990,41152,27707,19993]}\n>player p1 {\"name\":\"Bne1\",\"avatar\":\"2\",\"rating\":0,\"seed\":[43408,42605,21511,15422]}\n>player p2 {\"name\":\"zyolite\",\"avatar\":\"102\",\"rating\":0,\"seed\":[11321,19659,64094,9729]}\n>p1 move moongeistbeam\n>p2 move dualwingbeat\n>p1 move psyshock\n>p2 move closecombat\n>p1 move psyshock terastallize\n>p2 move dualwingbeat\n>p1 move moonlight\n>p2 move dualwingbeat\n>p1 switch 6\n>p1 move terablast\n>p2 move closecombat\n>p2 switch 3\n>p1 move terablast\n>p2 move earthquake\n>p1 switch 5\n>p1 move flipturn\n>p2 move earthquake\n>p1 switch 2\n>p1 move darkpulse\n>p2 move stealthrock\n>p2 switch 6\n>p1 move focusblast\n>p2 move psyshock\n>p1 move sludgebomb\n>p2 move nastyplot\n>p1 move sludgebomb\n>p2 move fireblast\n>p1 switch 2\n>p1 move flipturn\n>p2 move psyshock\n>p1 switch 3\n>p2 switch 4\n>p1 move highhorsepower\n>p2 move bellydrum\n>p1 move highhorsepower\n>p2 move icespinner\n>p1 switch 4\n>p1 move shadowball\n>p2 move terablast\n>p1 move alluringvoice\n>p2 move icespinner", "uploadtime": 1733801489, "views": 23, "formatid": "gen9randombattle", "rating": null, "private": 0, "password": null}