{"id": "gen9randombattle-2259772311", "format": "[Gen 9] Random Battle", "players": ["youngpapa1031", "callatejorje"], "log": "|j|\u2606youngpapa1031\n|j|\u2606callatejorje\n|t:|1733765210\n|gametype|singles\n|player|p1|youngpapa1031|clair|1115\n|player|p2|callatejorje|medium|1134\n|teamsize|p1|6\n|teamsize|p2|6\n|gen|9\n|tier|[Gen 9] Random Battle\n|rated|\n|rule|Species Clause: Limit one of each Pok\u00e9mon\n|rule|HP Percentage Mod: HP is shown in percentages\n|rule|Sleep Clause Mod: Limit one foe put to sleep\n|rule|Illusion Level Mod: Illusion disguises the Pok\u00e9mon's true level\n|\n|t:|1733765210\n|start\n|switch|p1a: Kleavor|Kleavor, L78, M|237/237\n|switch|p2a: Regigigas|Regigigas, L84|322/322\n|-start|p2a: Regigigas|ability: Slow Start\n|turn|1\n|\n|t:|1733765218\n|move|p1a: Kleavor|Stone Axe|p2a: Regigigas\n|-damage|p2a: Regigigas|222/322\n|-sidestart|p2: callatejorje|move: Stealth Rock\n|move|p2a: Regigigas|Substitute|p2a: Regigigas\n|-start|p2a: Regigigas|Substitute\n|-damage|p2a: Regigigas|142/322\n|\n|-heal|p2a: Regigigas|162/322|[from] item: Leftovers\n|upkeep\n|turn|2\n|\n|t:|1733765228\n|move|p2a: Regigigas|Protect|p2a: Regigigas\n|-singleturn|p2a: Regigigas|Protect\n|move|p1a: Kleavor|X-Scissor|p2a: Regigigas\n|-activate|p2a: Regigigas|move: Protect\n|\n|-heal|p2a: Regigigas|182/322|[from] item: Leftovers\n|upkeep\n|turn|3\n|\n|t:|1733765237\n|move|p1a: Kleavor|X-Scissor|p2a: Regigigas\n|-end|p2a: Regigigas|Substitute\n|move|p2a: Regigigas|Substitute|p2a: Regigigas\n|-start|p2a: Regigigas|Substitute\n|-damage|p2a: Regigigas|102/322\n|\n|-heal|p2a: Regigigas|122/322|[from] item: Leftovers\n|upkeep\n|turn|4\n|\n|t:|1733765250\n|move|p2a: Regigigas|Protect|p2a: Regigigas\n|-singleturn|p2a: Regigigas|Protect\n|move|p1a: Kleavor|X-Scissor|p2a: Regigigas\n|-activate|p2a: Regigigas|move: Protect\n|\n|-heal|p2a: Regigigas|142/322|[from] item: Leftovers\n|upkeep\n|turn|5\n|\n|t:|1733765265\n|move|p1a: Kleavor|X-Scissor|p2a: Regigigas\n|-end|p2a: Regigigas|Substitute\n|move|p2a: Regigigas|Substitute|p2a: Regigigas\n|-start|p2a: Regigigas|Substitute\n|-damage|p2a: Regigigas|62/322\n|\n|-heal|p2a: Regigigas|82/322|[from] item: Leftovers\n|-end|p2a: Regigigas|Slow Start\n|upkeep\n|turn|6\n|c|\u2606youngpapa1031|what exactly is ur game plan here?\n|\n|t:|1733765282\n|move|p2a: Regigigas|Body Slam|p1a: Kleavor\n|-resisted|p1a: Kleavor\n|-damage|p1a: Kleavor|164/237\n|-status|p1a: Kleavor|par\n|move|p1a: Kleavor|X-Scissor|p2a: Regigigas\n|-end|p2a: Regigigas|Substitute\n|\n|-heal|p2a: Regigigas|102/322|[from] item: Leftovers\n|upkeep\n|turn|7\n|\n|t:|1733765293\n|move|p2a: Regigigas|Protect|p2a: Regigigas\n|-singleturn|p2a: Regigigas|Protect\n|move|p1a: Kleavor|X-Scissor|p2a: Regigigas\n|-activate|p2a: Regigigas|move: Protect\n|\n|-heal|p2a: Regigigas|122/322|[from] item: Leftovers\n|upkeep\n|turn|8\n|\n|t:|1733765300\n|move|p2a: Regigigas|Body Slam|p1a: Kleavor\n|-resisted|p1a: Kleavor\n|-damage|p1a: Kleavor|92/237 par\n|move|p1a: Kleavor|X-Scissor|p2a: Regigigas\n|-damage|p2a: Regigigas|10/322\n|\n|-heal|p2a: Regigigas|30/322|[from] item: Leftovers\n|upkeep\n|turn|9\n|\n|t:|1733765310\n|move|p2a: Regigigas|Protect|p2a: Regigigas\n|-singleturn|p2a: Regigigas|Protect\n|move|p1a: Kleavor|X-Scissor|p2a: Regigigas\n|-activate|p2a: Regigigas|move: Protect\n|\n|-heal|p2a: Regigigas|50/322|[from] item: Leftovers\n|upkeep\n|turn|10\n|c|\u2606callatejorje|if a black woman is playing you shut up and play\n|\n|t:|1733765319\n|move|p2a: Regigigas|Body Slam|p1a: Kleavor\n|-resisted|p1a: Kleavor\n|-damage|p1a: Kleavor|23/237 par\n|move|p1a: Kleavor|X-Scissor|p2a: Regigigas\n|-damage|p2a: Regigigas|0 fnt\n|faint|p2a: Regigigas\n|-end|p2a: Regigigas|Slow Start|[silent]\n|\n|upkeep\n|\n|t:|1733765325\n|switch|p2a: Feraligatr|Feraligatr, L79, F|264/264\n|-damage|p2a: Feraligatr|231/264|[from] Stealth Rock\n|turn|11\n|inactive|Battle timer is ON: inactive players will automatically lose when time's up. (requested by callatejorje)\n|\n|t:|1733765338\n|move|p2a: Feraligatr|Dragon Dance|p2a: Feraligatr\n|-boost|p2a: Feraligatr|atk|1\n|-boost|p2a: Feraligatr|spe|1\n|move|p1a: Kleavor|X-Scissor|p2a: Feraligatr\n|-damage|p2a: Feraligatr|84/264\n|\n|upkeep\n|turn|12\n|\n|t:|1733765352\n|move|p2a: Feraligatr|Liquidation|p1a: Kleavor\n|-supereffective|p1a: Kleavor\n|-damage|p1a: Kleavor|0 fnt\n|faint|p1a: Kleavor\n|\n|upkeep\n|\n|t:|1733765368\n|switch|p1a: Drifblim|Drifblim, L86, M|396/396\n|turn|13\n|\n|t:|1733765379\n|move|p2a: Feraligatr|Ice Punch|p1a: Drifblim\n|-supereffective|p1a: Drifblim\n|-damage|p1a: Drifblim|29/396\n|-enditem|p1a: Drifblim|Sitrus Berry|[eat]\n|-heal|p1a: Drifblim|128/396|[from] item: Sitrus Berry\n|move|p1a: Drifblim|Calm Mind|p1a: Drifblim\n|-boost|p1a: Drifblim|spa|1\n|-boost|p1a: Drifblim|spd|1\n|\n|upkeep\n|turn|14\n|\n|t:|1733765390\n|move|p1a: Drifblim|Strength Sap|p2a: Feraligatr\n|-unboost|p2a: Feraligatr|atk|1\n|-heal|p1a: Drifblim|396/396\n|move|p2a: Feraligatr|Liquidation|p1a: Drifblim\n|-damage|p1a: Drifblim|182/396\n|\n|upkeep\n|turn|15\n|\n|t:|1733765402\n|move|p1a: Drifblim|Strength Sap|p2a: Feraligatr\n|-unboost|p2a: Feraligatr|atk|1\n|-heal|p1a: Drifblim|393/396\n|move|p2a: Feraligatr|Ice Punch|p1a: Drifblim\n|-supereffective|p1a: Drifblim\n|-damage|p1a: Drifblim|229/396\n|\n|upkeep\n|turn|16\n|\n|t:|1733765425\n|move|p1a: Drifblim|Strength Sap|p2a: Feraligatr\n|-unboost|p2a: Feraligatr|atk|1\n|-heal|p1a: Drifblim|369/396\n|move|p2a: Feraligatr|Dragon Dance|p2a: Feraligatr\n|-boost|p2a: Feraligatr|atk|1\n|-boost|p2a: Feraligatr|spe|1\n|\n|upkeep\n|turn|17\n|\n|t:|1733765453\n|switch|p2a: Dunsparce|Dunsparce, L86, F|312/312\n|-damage|p2a: Dunsparce|273/312|[from] Stealth Rock\n|move|p1a: Drifblim|Strength Sap|p2a: Dunsparce\n|-unboost|p2a: Dunsparce|atk|1\n|-heal|p1a: Drifblim|396/396\n|\n|upkeep\n|turn|18\n|\n|t:|1733765469\n|move|p1a: Drifblim|Calm Mind|p1a: Drifblim\n|-boost|p1a: Drifblim|spa|1\n|-boost|p1a: Drifblim|spd|1\n|move|p2a: Dunsparce|Coil|p2a: Dunsparce\n|-boost|p2a: Dunsparce|atk|1\n|-boost|p2a: Dunsparce|def|1\n|-boost|p2a: Dunsparce|accuracy|1\n|\n|upkeep\n|turn|19\n|\n|t:|1733765477\n|switch|p2a: Bastiodon|Bastiodon, L89, F|252/252\n|-damage|p2a: Bastiodon|237/252|[from] Stealth Rock\n|move|p1a: Drifblim|Shadow Ball|p2a: Bastiodon\n|-damage|p2a: Bastiodon|119/252\n|-unboost|p2a: Bastiodon|spd|1\n|\n|upkeep\n|turn|20\n|\n|t:|1733765488\n|move|p1a: Drifblim|Shadow Ball|p2a: Bastiodon\n|-damage|p2a: Bastiodon|0 fnt\n|faint|p2a: Bastiodon\n|\n|upkeep\n|\n|t:|1733765492\n|switch|p2a: Mimikyu|Mimikyu, L79, M|216/216\n|-damage|p2a: Mimikyu|189/216|[from] Stealth Rock\n|turn|21\n|\n|t:|1733765502\n|move|p1a: Drifblim|Strength Sap|p2a: Mimikyu\n|-unboost|p2a: Mimikyu|atk|1\n|move|p2a: Mimikyu|Shadow Claw|p1a: Drifblim\n|-supereffective|p1a: Drifblim\n|-damage|p1a: Drifblim|214/396\n|-damage|p2a: Mimikyu|168/216|[from] item: Life Orb\n|\n|upkeep\n|turn|22\n|\n|t:|1733765513\n|move|p1a: Drifblim|Air Slash|p2a: Mimikyu|[miss]\n|-miss|p1a: Drifblim|p2a: Mimikyu\n|move|p2a: Mimikyu|Swords Dance|p2a: Mimikyu\n|-boost|p2a: Mimikyu|atk|2\n|\n|upkeep\n|turn|23\n|\n|t:|1733765528\n|move|p1a: Drifblim|Air Slash|p2a: Mimikyu\n|-activate|p2a: Mimikyu|ability: Disguise\n|-damage|p2a: Mimikyu|168/216\n|detailschange|p2a: Mimikyu|Mimikyu-Busted, L79, M\n|-damage|p2a: Mimikyu|141/216|[from] pokemon: Mimikyu-Busted\n|move|p2a: Mimikyu|Shadow Claw|p1a: Drifblim\n|-supereffective|p1a: Drifblim\n|-damage|p1a: Drifblim|0 fnt\n|faint|p1a: Drifblim\n|-damage|p2a: Mimikyu|120/216|[from] item: Life Orb\n|\n|upkeep\n|c|\u2606callatejorje|fuck drifloon\n|c|\u2606youngpapa1031|hes innocent\n|n|!callatejorje|callatejorje\n|\n|t:|1733765557\n|switch|p1a: Dialga|Dialga-Origin, L73|266/266\n|-ability|p1a: Dialga|Pressure\n|turn|24\n|\n|t:|1733765572\n|switch|p2a: Jumpluff|Jumpluff, L87, F|271/271\n|-damage|p2a: Jumpluff|204/271|[from] Stealth Rock\n|move|p1a: Dialga|Heavy Slam|p2a: Jumpluff\n|-damage|p2a: Jumpluff|75/271\n|\n|upkeep\n|turn|25\n|inactive|youngpapa1031 has 120 seconds left.\n|c|\u2606youngpapa1031|i dont wanna go to sleep\n|\n|t:|1733765593\n|move|p2a: Jumpluff|Strength Sap|p1a: Dialga\n|-unboost|p1a: Dialga|atk|1\n|-heal|p2a: Jumpluff|263/271\n|move|p1a: Dialga|Fire Blast|p2a: Jumpluff\n|-supereffective|p2a: Jumpluff\n|-damage|p2a: Jumpluff|103/271\n|\n|upkeep\n|turn|26\n|inactive|youngpapa1031 has 120 seconds left.\n|inactive|callatejorje has 120 seconds left.\n|\n|t:|1733765635\n|move|p2a: Jumpluff|Strength Sap|p1a: Dialga\n|-unboost|p1a: Dialga|atk|1\n|-heal|p2a: Jumpluff|228/271\n|move|p1a: Dialga|Fire Blast|p2a: Jumpluff\n|-supereffective|p2a: Jumpluff\n|-damage|p2a: Jumpluff|68/271\n|\n|upkeep\n|turn|27\n|inactive|youngpapa1031 has 120 seconds left.\n|\n|t:|1733765651\n|move|p2a: Jumpluff|Leech Seed|p1a: Dialga|[miss]\n|-miss|p2a: Jumpluff|p1a: Dialga\n|move|p1a: Dialga|Draco Meteor|p2a: Jumpluff|[miss]\n|-miss|p1a: Dialga|p2a: Jumpluff\n|\n|upkeep\n|turn|28\n|inactive|youngpapa1031 has 120 seconds left.\n|\n|t:|1733765662\n|switch|p2a: Dunsparce|Dunsparce, L86, F|273/312\n|-damage|p2a: Dunsparce|234/312|[from] Stealth Rock\n|move|p1a: Dialga|Fire Blast|p2a: Dunsparce\n|-damage|p2a: Dunsparce|163/312\n|\n|upkeep\n|turn|29\n|inactive|youngpapa1031 has 120 seconds left.\n|inactive|callatejorje has 120 seconds left.\n|\n|t:|1733765690\n|move|p1a: Dialga|Draco Meteor|p2a: Dunsparce\n|-damage|p2a: Dunsparce|15/312\n|-unboost|p1a: Dialga|spa|2\n|move|p2a: Dunsparce|Coil|p2a: Dunsparce\n|-boost|p2a: Dunsparce|atk|1\n|-boost|p2a: Dunsparce|def|1\n|-boost|p2a: Dunsparce|accuracy|1\n|\n|upkeep\n|turn|30\n|inactive|youngpapa1031 has 120 seconds left.\n|-message|callatejorje forfeited.\n|\n|win|youngpapa1031\n", "inputlog": ">version bfd83cad13791eb5a5a409923076391caf6fb4d4\n>start {\"formatid\":\"gen9randombattle\",\"seed\":[30963,34477,51285,58684],\"rated\":\"Rated battle\"}\n>player p1 {\"name\":\"youngpapa1031\",\"avatar\":\"clair\",\"rating\":1115,\"seed\":[23923,11651,32655,31475]}\n>player p2 {\"name\":\"callatejorje\",\"avatar\":\"medium\",\"rating\":1134,\"seed\":[59149,15106,65219,2495]}\n>p1 move stoneaxe\n>p2 move substitute\n>p1 move xscissor\n>p2 move protect\n>p1 move xscissor\n>p2 move substitute\n>p1 move xscissor\n>p2 move protect\n>p1 move xscissor\n>p2 move substitute\n>chat \u2606youngpapa1031|what exactly is ur game plan here?\n>p1 move xscissor\n>p2 move bodyslam\n>p1 move xscissor\n>p2 move protect\n>p1 move xscissor\n>p2 move bodyslam\n>p1 move xscissor\n>p2 move protect\n>chat \u2606callatejorje|if a black woman is playing you shut up and play\n>p1 move xscissor\n>p2 move bodyslam\n>p2 switch 6\n>p1 move xscissor\n>p2 move dragondance\n>p1 move xscissor\n>p2 move liquidation\n>p1 switch 6\n>p1 move calmmind\n>p2 move icepunch\n>p1 move strengthsap\n>p2 move liquidation\n>p1 move strengthsap\n>p2 move icepunch\n>p1 move strengthsap\n>p2 move dragondance\n>p1 move strengthsap\n>p2 switch 4\n>p1 move calmmind\n>p2 move coil\n>p1 move shadowball\n>p2 switch 2\n>p1 move shadowball\n>p2 move foulplay\n>p2 switch 3\n>p1 move strengthsap\n>p2 move shadowclaw\n>p1 move airslash\n>p2 move swordsdance\n>p1 move airslash\n>p2 move shadowclaw\n>chat \u2606callatejorje|fuck drifloon\n>chat \u2606youngpapa1031|hes innocent \n>chat \u2606callatejorje|fuck you then\n>p1 switch 4\n>p1 move heavyslam\n>p2 switch 5\n>chat \u2606youngpapa1031|i dont wanna go to sleep\n>p1 move fireblast\n>p2 move strengthsap\n>p1 move fireblast\n>p2 move strengthsap\n>p1 move dracometeor\n>p2 move leechseed\n>p1 move fireblast\n>p2 switch 2\n>p1 move dracometeor\n>p2 move coil\n>forcelose p2", "uploadtime": 1733765556, "views": 1, "formatid": "gen9randombattle", "rating": null, "private": 0, "password": null}