{"id": "gen9randombattle-2260870516", "format": "[Gen 9] Random Battle", "players": ["ellthesylveon", "EulerMZ"], "log": "|j|\u203dellthesylveon\n|j|\u2606EulerMZ\n|t:|1733907963\n|gametype|singles\n|player|p1|ellthesylveon|lady|1267\n|player|p2|EulerMZ|chuck|1271\n|teamsize|p1|6\n|teamsize|p2|6\n|gen|9\n|tier|[Gen 9] Random Battle\n|rated|\n|rule|Species Clause: Limit one of each Pok\u00e9mon\n|rule|HP Percentage Mod: HP is shown in percentages\n|rule|Sleep Clause Mod: Limit one foe put to sleep\n|rule|Illusion Level Mod: Illusion disguises the Pok\u00e9mon's true level\n|\n|t:|1733907963\n|start\n|switch|p1a: Grafaiai|Grafaiai, L86, M|249/249\n|switch|p2a: Cloyster|Cloyster, L80, F|211/211\n|turn|1\n|inactive|Battle timer is ON: inactive players will automatically lose when time's up. (requested by ellthesylveon)\n|\n|t:|1733907973\n|move|p1a: Grafaiai|Knock Off|p2a: Cloyster\n|-damage|p2a: Cloyster|170/211\n|-enditem|p2a: Cloyster|White Herb|[from] move: Knock Off|[of] p1a: Grafaiai\n|move|p2a: Cloyster|Shell Smash|p2a: Cloyster\n|-unboost|p2a: Cloyster|def|1\n|-unboost|p2a: Cloyster|spd|1\n|-boost|p2a: Cloyster|atk|2\n|-boost|p2a: Cloyster|spa|2\n|-boost|p2a: Cloyster|spe|2\n|\n|upkeep\n|turn|2\n|\n|t:|1733907990\n|move|p2a: Cloyster|Icicle Spear|p1a: Grafaiai\n|-damage|p1a: Grafaiai|188/249\n|-damage|p1a: Grafaiai|134/249\n|-damage|p1a: Grafaiai|73/249\n|-crit|p1a: Grafaiai\n|-damage|p1a: Grafaiai|0 fnt\n|faint|p1a: Grafaiai\n|-hitcount|p1: Grafaiai|4\n|\n|upkeep\n|\n|t:|1733907996\n|switch|p1a: Necrozma|Necrozma-Dusk-Mane, L69|248/248\n|turn|3\n|\n|t:|1733908012\n|move|p2a: Cloyster|Drill Run|p1a: Necrozma\n|-supereffective|p1a: Necrozma\n|-damage|p1a: Necrozma|110/248\n|-enditem|p1a: Necrozma|Weakness Policy\n|-boost|p1a: Necrozma|atk|2|[from] item: Weakness Policy\n|-boost|p1a: Necrozma|spa|2|[from] item: Weakness Policy\n|move|p1a: Necrozma|Photon Geyser|p2a: Cloyster\n|-damage|p2a: Cloyster|0 fnt\n|faint|p2a: Cloyster\n|\n|upkeep\n|inactive|EulerMZ has 120 seconds left.\n|\n|t:|1733908037\n|switch|p2a: Oinkologne|Oinkologne, L92, M|352/352\n|turn|4\n|\n|t:|1733908047\n|-terastallize|p2a: Oinkologne|Ground\n|move|p2a: Oinkologne|High Horsepower|p1a: Necrozma\n|-supereffective|p1a: Necrozma\n|-damage|p1a: Necrozma|0 fnt\n|faint|p1a: Necrozma\n|\n|upkeep\n|\n|t:|1733908056\n|switch|p1a: Smeargle|Smeargle, L95, F|258/258\n|turn|5\n|\n|t:|1733908067\n|move|p1a: Smeargle|Spore|p2a: Oinkologne\n|-status|p2a: Oinkologne|slp|[from] move: Spore\n|cant|p2a: Oinkologne|slp\n|\n|upkeep\n|turn|6\n|\n|t:|1733908078\n|switch|p2a: Iron Valiant|Iron Valiant, L78|244/244\n|move|p1a: Smeargle|Shell Smash|p1a: Smeargle\n|-unboost|p1a: Smeargle|def|1\n|-unboost|p1a: Smeargle|spd|1\n|-boost|p1a: Smeargle|atk|2\n|-boost|p1a: Smeargle|spa|2\n|-boost|p1a: Smeargle|spe|2\n|\n|upkeep\n|turn|7\n|\n|t:|1733908101\n|-terastallize|p1a: Smeargle|Normal\n|move|p1a: Smeargle|Population Bomb|p2a: Iron Valiant\n|-damage|p2a: Iron Valiant|194/244\n|-damage|p2a: Iron Valiant|150/244\n|-crit|p2a: Iron Valiant\n|-damage|p2a: Iron Valiant|86/244\n|-damage|p2a: Iron Valiant|38/244\n|-damage|p2a: Iron Valiant|0 fnt\n|faint|p2a: Iron Valiant\n|-end|p2a: Iron Valiant|Quark Drive|[silent]\n|-hitcount|p2: Iron Valiant|5\n|\n|upkeep\n|\n|t:|1733908118\n|switch|p2a: Great Tusk|Great Tusk, L77|304/304\n|-enditem|p2a: Great Tusk|Booster Energy\n|-activate|p2a: Great Tusk|ability: Protosynthesis|[fromitem]\n|-start|p2a: Great Tusk|protosynthesisatk\n|turn|8\n|\n|t:|1733908124\n|move|p1a: Smeargle|Population Bomb|p2a: Great Tusk\n|-damage|p2a: Great Tusk|266/304\n|-damage|p2a: Great Tusk|234/304\n|-damage|p2a: Great Tusk|196/304\n|-damage|p2a: Great Tusk|158/304\n|-damage|p2a: Great Tusk|126/304\n|-damage|p2a: Great Tusk|92/304\n|-damage|p2a: Great Tusk|60/304\n|-damage|p2a: Great Tusk|24/304\n|-damage|p2a: Great Tusk|0 fnt\n|faint|p2a: Great Tusk\n|-end|p2a: Great Tusk|Protosynthesis|[silent]\n|-hitcount|p2: Great Tusk|9\n|\n|upkeep\n|inactive|EulerMZ has 120 seconds left.\n|\n|t:|1733908142\n|switch|p2a: Archaludon|Archaludon, L78, F|268/268\n|turn|9\n|\n|t:|1733908148\n|move|p1a: Smeargle|Power Trip|p2a: Archaludon\n|-damage|p2a: Archaludon|186/268\n|-ability|p2a: Archaludon|Stamina|boost\n|-boost|p2a: Archaludon|def|1\n|move|p2a: Archaludon|Swords Dance|p2a: Archaludon\n|-boost|p2a: Archaludon|atk|2\n|\n|upkeep\n|turn|10\n|\n|t:|1733908156\n|move|p1a: Smeargle|Power Trip|p2a: Archaludon\n|-damage|p2a: Archaludon|135/268\n|-ability|p2a: Archaludon|Stamina|boost\n|-boost|p2a: Archaludon|def|1\n|move|p2a: Archaludon|Outrage|p1a: Smeargle\n|-damage|p1a: Smeargle|0 fnt\n|faint|p1a: Smeargle\n|\n|upkeep\n|\n|t:|1733908168\n|switch|p1a: Malamar|Malamar, L82, F|275/275\n|turn|11\n|\n|t:|1733908171\n|move|p2a: Archaludon|Outrage|p1a: Malamar|[from]lockedmove\n|-damage|p1a: Malamar|16/275\n|-start|p2a: Archaludon|confusion|[fatigue]\n|-enditem|p2a: Archaludon|Lum Berry|[eat]\n|-end|p2a: Archaludon|confusion\n|move|p1a: Malamar|Superpower|p2a: Archaludon\n|-supereffective|p2a: Archaludon\n|-damage|p2a: Archaludon|75/268\n|-boost|p1a: Malamar|atk|1\n|-boost|p1a: Malamar|def|1\n|-ability|p2a: Archaludon|Stamina|boost\n|-boost|p2a: Archaludon|def|1\n|\n|upkeep\n|turn|12\n|\n|t:|1733908184\n|move|p2a: Archaludon|Outrage|p1a: Malamar\n|-damage|p1a: Malamar|0 fnt\n|faint|p1a: Malamar\n|\n|upkeep\n|\n|t:|1733908188\n|switch|p1a: Talonflame|Talonflame, L83, F|265/265\n|turn|13\n|\n|t:|1733908194\n|move|p1a: Talonflame|Overheat|p2a: Archaludon\n|-damage|p2a: Archaludon|0 fnt\n|-unboost|p1a: Talonflame|spa|2\n|faint|p2a: Archaludon\n|\n|upkeep\n|\n|t:|1733908201\n|switch|p2a: Hippowdon|Hippowdon, L82, M|311/311\n|-weather|Sandstorm|[from] ability: Sand Stream|[of] p2a: Hippowdon\n|turn|14\n|\n|t:|1733908206\n|move|p1a: Talonflame|U-turn|p2a: Hippowdon\n|-damage|p2a: Hippowdon|276/311\n|\n|t:|1733908209\n|switch|p1a: Kingdra|Kingdra, L84, M|263/263|[from] U-turn\n|move|p2a: Hippowdon|Stone Edge|p1a: Kingdra|[miss]\n|-miss|p2a: Hippowdon|p1a: Kingdra\n|\n|-weather|Sandstorm|[upkeep]\n|-damage|p1a: Kingdra|247/263|[from] Sandstorm\n|-heal|p2a: Hippowdon|295/311|[from] item: Leftovers\n|upkeep\n|turn|15\n|\n|t:|1733908219\n|switch|p2a: Oinkologne|Oinkologne, L92, M, tera:Ground|352/352 slp\n|move|p1a: Kingdra|Dragon Dance|p1a: Kingdra\n|-boost|p1a: Kingdra|atk|1\n|-boost|p1a: Kingdra|spe|1\n|\n|-weather|Sandstorm|[upkeep]\n|-damage|p1a: Kingdra|231/263|[from] Sandstorm\n|upkeep\n|turn|16\n|\n|t:|1733908229\n|move|p1a: Kingdra|Wave Crash|p2a: Oinkologne\n|-supereffective|p2a: Oinkologne\n|-damage|p2a: Oinkologne|0 fnt\n|faint|p2a: Oinkologne\n|-damage|p1a: Kingdra|115/263|[from] Recoil\n|\n|-weather|Sandstorm|[upkeep]\n|-damage|p1a: Kingdra|99/263|[from] Sandstorm\n|upkeep\n|\n|t:|1733908236\n|switch|p2a: Hippowdon|Hippowdon, L82, M|295/311\n|turn|17\n|\n|t:|1733908245\n|move|p1a: Kingdra|Wave Crash|p2a: Hippowdon\n|-supereffective|p2a: Hippowdon\n|-damage|p2a: Hippowdon|5/311\n|-damage|p1a: Kingdra|3/263|[from] Recoil\n|move|p2a: Hippowdon|Stone Edge|p1a: Kingdra|[miss]\n|-miss|p2a: Hippowdon|p1a: Kingdra\n|\n|-weather|Sandstorm|[upkeep]\n|-damage|p1a: Kingdra|0 fnt|[from] Sandstorm\n|faint|p1a: Kingdra\n|-heal|p2a: Hippowdon|24/311|[from] item: Leftovers\n|upkeep\n|\n|t:|1733908251\n|switch|p1a: Talonflame|Talonflame, L83, F|265/265\n|turn|18\n|\n|t:|1733908257\n|move|p1a: Talonflame|Brave Bird|p2a: Hippowdon\n|-damage|p2a: Hippowdon|0 fnt\n|faint|p2a: Hippowdon\n|-damage|p1a: Talonflame|257/265|[from] Recoil\n|\n|win|ellthesylveon\n|raw|ellthesylveon's rating: 1267 &rarr; <strong>1292</strong><br />(+25 for winning)\n|raw|EulerMZ's rating: 1271 &rarr; <strong>1246</strong><br />(-25 for losing)\n|l|\u2606EulerMZ\n|player|p2|\n", "inputlog": ">version bfd83cad13791eb5a5a409923076391caf6fb4d4\n>start {\"formatid\":\"gen9randombattle\",\"seed\":[29821,30332,12159,37799],\"rated\":\"Rated battle\"}\n>player p1 {\"name\":\"ellthesylveon\",\"avatar\":\"lady\",\"rating\":1267,\"seed\":[16111,3756,23752,57360]}\n>player p2 {\"name\":\"EulerMZ\",\"avatar\":\"chuck\",\"rating\":1271,\"seed\":[64680,17808,4763,12963]}\n>p1 move knockoff\n>p2 move shellsmash\n>p1 move gunkshot\n>p2 move iciclespear\n>p1 switch 5\n>p1 move photongeyser\n>p2 move drillrun\n>p2 switch 6\n>p1 move dragondance\n>p2 move highhorsepower terastallize\n>p1 switch 6\n>p1 move spore\n>p2 move doubleedge\n>p1 move shellsmash\n>p2 switch 3\n>p1 move populationbomb terastallize\n>p2 move closecombat\n>p2 switch 4\n>p1 move populationbomb\n>p2 move closecombat\n>p2 switch 5\n>p1 move powertrip\n>p2 move swordsdance\n>p1 move powertrip\n>p2 move outrage\n>p1 switch 4\n>p1 move superpower\n>p2 move outrage\n>p1 move superpower\n>p2 move outrage\n>p1 switch 2\n>p1 move overheat\n>p2 move outrage\n>p2 switch 2\n>p1 move uturn\n>p2 move stoneedge\n>p1 switch 3\n>p1 move dragondance\n>p2 switch 3\n>p1 move wavecrash\n>p2 move curse\n>p2 switch 3\n>p1 move wavecrash\n>p2 move stoneedge\n>p1 switch 3\n>p1 move bravebird\n>p2 move stoneedge", "uploadtime": 1733908268, "views": 6, "formatid": "gen9randombattle", "rating": 1246, "private": 0, "password": null}