{"id": "gen9randombattle-2123934559", "format": "[Gen 9] Random Battle", "players": ["Slim Workshop", "godblaster68"], "log": "|j|\u2606Slim Workshop\n|j|\u2606godblaster68\n|t:|1715623026\n|gametype|singles\n|player|p1|Slim Workshop|266|2232\n|player|p2|godblaster68|1|2252\n|teamsize|p1|6\n|teamsize|p2|6\n|gen|9\n|tier|[Gen 9] Random Battle\n|rated|\n|rule|Species Clause: Limit one of each Pok\u00e9mon\n|rule|HP Percentage Mod: HP is shown in percentages\n|rule|Sleep Clause Mod: Limit one foe put to sleep\n|rule|Illusion Level Mod: Illusion disguises the Pok\u00e9mon's true level\n|\n|t:|1715623026\n|start\n|switch|p1a: Darkrai|Darkrai, L76|231/231\n|switch|p2a: Iron Bundle|Iron Bundle, L77|213/213\n|turn|1\n|inactive|Battle timer is ON: inactive players will automatically lose when time's up. (requested by godblaster68)\n|\n|t:|1715623046\n|move|p2a: Iron Bundle|Substitute|p2a: Iron Bundle\n|-start|p2a: Iron Bundle|Substitute\n|-damage|p2a: Iron Bundle|160/213\n|move|p1a: Darkrai|Dark Pulse|p2a: Iron Bundle\n|-end|p2a: Iron Bundle|Substitute\n|\n|-heal|p2a: Iron Bundle|173/213|[from] item: Leftovers\n|upkeep\n|turn|2\n|j| zest242\n|\n|t:|1715623056\n|move|p2a: Iron Bundle|Hydro Pump|p1a: Darkrai\n|-damage|p1a: Darkrai|96/231\n|move|p1a: Darkrai|Sludge Bomb|p2a: Iron Bundle\n|-damage|p2a: Iron Bundle|74/213\n|-status|p2a: Iron Bundle|psn\n|\n|-heal|p2a: Iron Bundle|87/213 psn|[from] item: Leftovers\n|-heal|p1a: Darkrai|110/231|[from] item: Leftovers\n|-damage|p2a: Iron Bundle|61/213 psn|[from] psn\n|upkeep\n|turn|3\n|\n|t:|1715623071\n|switch|p1a: Basculin|Basculin, L86, M|261/261\n|move|p2a: Iron Bundle|Hydro Pump|p1a: Basculin\n|-resisted|p1a: Basculin\n|-damage|p1a: Basculin|183/261\n|\n|-heal|p2a: Iron Bundle|74/213 psn|[from] item: Leftovers\n|-damage|p2a: Iron Bundle|48/213 psn|[from] psn\n|upkeep\n|turn|4\n|\n|t:|1715623082\n|switch|p1a: Pincurchin|Pincurchin, L99, F|255/255\n|-fieldstart|move: Electric Terrain|[from] ability: Electric Surge|[of] p1a: Pincurchin\n|-activate|p2a: Iron Bundle|ability: Quark Drive\n|-start|p2a: Iron Bundle|quarkdrivespe\n|move|p2a: Iron Bundle|Freeze-Dry|p1a: Pincurchin\n|-damage|p1a: Pincurchin|192/255\n|\n|-heal|p2a: Iron Bundle|61/213 psn|[from] item: Leftovers\n|-heal|p1a: Pincurchin|207/255|[from] item: Leftovers\n|-damage|p2a: Iron Bundle|35/213 psn|[from] psn\n|upkeep\n|turn|5\n|\n|t:|1715623097\n|-end|p2a: Iron Bundle|Quark Drive|[silent]\n|switch|p2a: Mudsdale|Mudsdale, L84, M|305/305\n|move|p1a: Pincurchin|Toxic Spikes|p2a: Mudsdale\n|-sidestart|p2: godblaster68|move: Toxic Spikes\n|\n|-heal|p1a: Pincurchin|222/255|[from] item: Leftovers\n|upkeep\n|turn|6\n|\n|t:|1715623106\n|switch|p1a: Azelf|Azelf, L82|257/257\n|move|p2a: Mudsdale|Earthquake|p1a: Azelf\n|-immune|p1a: Azelf|[from] ability: Levitate\n|\n|upkeep\n|turn|7\n|\n|t:|1715623117\n|switch|p2a: Toxapex|Toxapex, L82, F|216/216\n|-sideend|p2: godblaster68|move: Toxic Spikes|[of] p2a: Toxapex\n|move|p1a: Azelf|Nasty Plot|p1a: Azelf\n|-boost|p1a: Azelf|spa|2\n|\n|upkeep\n|turn|8\n|\n|t:|1715623135\n|switch|p2a: Lurantis|Lurantis, L87, F|264/264\n|move|p1a: Azelf|Psychic|p2a: Lurantis\n|-damage|p2a: Lurantis|85/264\n|-damage|p1a: Azelf|232/257|[from] item: Life Orb\n|\n|-fieldend|move: Electric Terrain\n|upkeep\n|turn|9\n|c|\u2606Slim Workshop|you love iron bundle dont u\n|\n|t:|1715623147\n|move|p1a: Azelf|Psychic|p2a: Lurantis\n|-damage|p2a: Lurantis|0 fnt\n|faint|p2a: Lurantis\n|-damage|p1a: Azelf|207/257|[from] item: Life Orb\n|\n|upkeep\n|c|\u2606Slim Workshop|its a cute mon\n|inactive|godblaster68 has 120 seconds left.\n|\n|t:|1715623185\n|switch|p2a: Pecharunt|Pecharunt, L77|262/262\n|turn|10\n|\n|t:|1715623193\n|-terastallize|p1a: Azelf|Electric\n|-terastallize|p2a: Pecharunt|Dark\n|move|p1a: Azelf|Thunderbolt|p2a: Pecharunt\n|-damage|p2a: Pecharunt|0 fnt\n|faint|p2a: Pecharunt\n|-damage|p1a: Azelf|182/257|[from] item: Life Orb\n|\n|upkeep\n|\n|t:|1715623205\n|switch|p2a: Mudsdale|Mudsdale, L84, M|305/305\n|turn|11\n|\n|t:|1715623210\n|move|p1a: Azelf|Psychic|p2a: Mudsdale\n|-damage|p2a: Mudsdale|0 fnt\n|faint|p2a: Mudsdale\n|-damage|p1a: Azelf|157/257|[from] item: Life Orb\n|\n|upkeep\n|\n|t:|1715623215\n|switch|p2a: Iron Bundle|Iron Bundle, L77|35/213 psn\n|turn|12\n|\n|t:|1715623221\n|move|p2a: Iron Bundle|Hydro Pump|p1a: Azelf\n|-damage|p1a: Azelf|15/257\n|move|p1a: Azelf|Psychic|p2a: Iron Bundle\n|-damage|p2a: Iron Bundle|0 fnt\n|faint|p2a: Iron Bundle\n|-end|p2a: Iron Bundle|Quark Drive|[silent]\n|-damage|p1a: Azelf|0 fnt|[from] item: Life Orb\n|faint|p1a: Azelf\n|\n|upkeep\n|inactive|godblaster68 has 120 seconds left.\n|\n|t:|1715623239\n|switch|p2a: Glalie|Glalie, L96, M|309/309\n|switch|p1a: Crabominable|Crabominable, L90, F|321/321\n|turn|13\n|\n|t:|1715623250\n|move|p2a: Glalie|Earthquake|p1a: Crabominable\n|-damage|p1a: Crabominable|240/321\n|move|p1a: Crabominable|Close Combat|p2a: Glalie\n|-supereffective|p2a: Glalie\n|-damage|p2a: Glalie|0 fnt\n|-unboost|p1a: Crabominable|def|1\n|-unboost|p1a: Crabominable|spd|1\n|faint|p2a: Glalie\n|\n|upkeep\n|c|\u2606Slim Workshop|gg\n|-message|godblaster68 forfeited.\n|\n|win|Slim Workshop\n|raw|Slim Workshop's rating: 2232 &rarr; <strong>2253</strong><br />(+21 for winning)\n|raw|godblaster68's rating: 2252 &rarr; <strong>2231</strong><br />(-21 for losing)\n|l|\u2606godblaster68\n|player|p2|\n", "inputlog": ">version 80ea9d1f890aa30f79744790e00b820c91be1203\n>start {\"formatid\":\"gen9randombattle\",\"seed\":[53644,48,55576,34785],\"rated\":\"Rated battle\"}\n>player p1 {\"name\":\"Slim Workshop\",\"avatar\":\"266\",\"rating\":2232,\"seed\":[50595,62705,28648,56307]}\n>player p2 {\"name\":\"godblaster68\",\"avatar\":\"1\",\"rating\":2252,\"seed\":[31730,54511,60588,21313]}\n>p1 move darkpulse\n>p2 move substitute\n>p1 move sludgebomb\n>p2 move hydropump\n>p1 switch 3\n>p2 move hydropump\n>p1 switch 2\n>p2 move freezedry\n>p1 move toxicspikes\n>p2 switch 4\n>p1 switch 6\n>p2 move earthquake\n>p1 move nastyplot\n>p2 switch 5\n>p1 move psychic\n>p2 switch 6\n>chat \u2606Slim Workshop|you love iron bundle dont u\n>p1 move psychic\n>p2 move knockoff\n>chat \u2606Slim Workshop|its a cute mon\n>p2 switch 2\n>p1 move thunderbolt terastallize\n>p2 move shadowball terastallize\n>p2 switch 5\n>p1 move psychic\n>p2 move stoneedge\n>p2 switch 4\n>p1 move psychic\n>p2 move hydropump\n>p1 switch 4\n>p2 switch 3\n>p1 move closecombat\n>p2 move earthquake\n>chat \u2606Slim Workshop|gg\n>forcelose p2", "uploadtime": 1715623269, "views": 221, "formatid": "gen9randombattle", "rating": 2231, "private": 0, "password": null}