{"id": "gen9randombattle-2260898356", "format": "[Gen 9] Random Battle", "players": ["Pickadilly", "Justaperson7"], "log": "|j|\u2606Pickadilly\n|j|\u2606Justaperson7\n|t:|1733913125\n|gametype|singles\n|player|p1|Pickadilly|gambler|1622\n|player|p2|Justaperson7|1|1583\n|teamsize|p1|6\n|teamsize|p2|6\n|gen|9\n|tier|[Gen 9] Random Battle\n|rated|\n|rule|Species Clause: Limit one of each Pok\u00e9mon\n|rule|HP Percentage Mod: HP is shown in percentages\n|rule|Sleep Clause Mod: Limit one foe put to sleep\n|rule|Illusion Level Mod: Illusion disguises the Pok\u00e9mon's true level\n|\n|t:|1733913125\n|start\n|switch|p1a: Leafeon|Leafeon, L88, F|258/258\n|switch|p2a: Persian|Persian, L92, M|269/269\n|turn|1\n|inactive|Battle timer is ON: inactive players will automatically lose when time's up. (requested by Pickadilly)\n|\n|t:|1733913149\n|switch|p1a: Iron Crown|Iron Crown, L78|268/268\n|move|p2a: Persian|U-turn|p1a: Iron Crown\n|-damage|p1a: Iron Crown|198/268\n|\n|t:|1733913162\n|switch|p2a: Swampert|Swampert, L83, M|302/302|[from] U-turn\n|\n|upkeep\n|turn|2\n|\n|t:|1733913172\n|-end|p1a: Iron Crown|Quark Drive|[silent]\n|switch|p1a: Leafeon|Leafeon, L88, F|258/258\n|move|p2a: Swampert|Stealth Rock|p1a: Leafeon\n|-sidestart|p1: Pickadilly|move: Stealth Rock\n|\n|upkeep\n|turn|3\n|\n|t:|1733913185\n|switch|p2a: Jumpluff|Jumpluff, L87, M|271/271\n|move|p1a: Leafeon|Swords Dance|p1a: Leafeon\n|-boost|p1a: Leafeon|atk|2\n|\n|upkeep\n|turn|4\n|\n|t:|1733913191\n|move|p2a: Jumpluff|Acrobatics|p1a: Leafeon\n|-supereffective|p1a: Leafeon\n|-damage|p1a: Leafeon|144/258\n|move|p1a: Leafeon|Double-Edge|p2a: Jumpluff\n|-damage|p2a: Jumpluff|0 fnt\n|faint|p2a: Jumpluff\n|-damage|p1a: Leafeon|55/258|[from] Recoil\n|-damage|p1a: Leafeon|30/258|[from] item: Life Orb\n|\n|upkeep\n|\n|t:|1733913198\n|switch|p2a: Persian|Persian, L92, M|269/269\n|turn|5\n|\n|t:|1733913202\n|move|p2a: Persian|Knock Off|p1a: Leafeon\n|-damage|p1a: Leafeon|0 fnt\n|-enditem|p1a: Leafeon|Life Orb|[from] move: Knock Off|[of] p2a: Persian\n|faint|p1a: Leafeon\n|\n|upkeep\n|\n|t:|1733913210\n|switch|p1a: Iron Crown|Iron Crown, L78|198/268\n|-damage|p1a: Iron Crown|182/268|[from] Stealth Rock\n|turn|6\n|\n|t:|1733913219\n|move|p2a: Persian|Knock Off|p1a: Iron Crown\n|-supereffective|p1a: Iron Crown\n|-damage|p1a: Iron Crown|2/268\n|-enditem|p1a: Iron Crown|Choice Specs|[from] move: Knock Off|[of] p2a: Persian\n|move|p1a: Iron Crown|Focus Blast|p2a: Persian\n|-supereffective|p2a: Persian\n|-damage|p2a: Persian|49/269\n|\n|upkeep\n|turn|7\n|\n|t:|1733913227\n|move|p2a: Persian|Knock Off|p1a: Iron Crown\n|-supereffective|p1a: Iron Crown\n|-damage|p1a: Iron Crown|0 fnt\n|faint|p1a: Iron Crown\n|-end|p1a: Iron Crown|Quark Drive|[silent]\n|\n|upkeep\n|\n|t:|1733913235\n|switch|p1a: Medicham|Medicham, L86, F|243/243\n|-damage|p1a: Medicham|228/243|[from] Stealth Rock\n|turn|8\n|\n|t:|1733913243\n|move|p1a: Medicham|Bullet Punch|p2a: Persian\n|-damage|p2a: Persian|0 fnt\n|faint|p2a: Persian\n|\n|upkeep\n|\n|t:|1733913251\n|switch|p2a: Swampert|Swampert, L83, M|302/302\n|turn|9\n|\n|t:|1733913256\n|switch|p1a: Palkia|Palkia, L75|259/259\n|-damage|p1a: Palkia|227/259|[from] Stealth Rock\n|-ability|p1a: Palkia|Pressure\n|move|p2a: Swampert|Roar|p1a: Palkia\n|drag|p1a: Iron Thorns|Iron Thorns, L83|302/302\n|-damage|p1a: Iron Thorns|265/302|[from] Stealth Rock\n|-enditem|p1a: Iron Thorns|Booster Energy\n|-activate|p1a: Iron Thorns|ability: Quark Drive|[fromitem]\n|-start|p1a: Iron Thorns|quarkdriveatk\n|\n|upkeep\n|turn|10\n|\n|t:|1733913279\n|move|p1a: Iron Thorns|Earthquake|p2a: Swampert\n|-damage|p2a: Swampert|176/302\n|move|p2a: Swampert|Earthquake|p1a: Iron Thorns\n|-supereffective|p1a: Iron Thorns\n|-damage|p1a: Iron Thorns|0 fnt\n|faint|p1a: Iron Thorns\n|-end|p1a: Iron Thorns|Quark Drive|[silent]\n|\n|-heal|p2a: Swampert|194/302|[from] item: Leftovers\n|upkeep\n|\n|t:|1733913284\n|switch|p1a: Palkia|Palkia, L75|227/259\n|-damage|p1a: Palkia|195/259|[from] Stealth Rock\n|-ability|p1a: Palkia|Pressure\n|turn|11\n|\n|t:|1733913298\n|move|p1a: Palkia|Hydro Pump|p2a: Swampert\n|-damage|p2a: Swampert|38/302\n|move|p2a: Swampert|Roar|p1a: Palkia\n|drag|p1a: Medicham|Medicham, L86, F|228/243\n|-damage|p1a: Medicham|213/243|[from] Stealth Rock\n|\n|-heal|p2a: Swampert|56/302|[from] item: Leftovers\n|upkeep\n|turn|12\n|\n|t:|1733913312\n|move|p1a: Medicham|Zen Headbutt|p2a: Swampert\n|-damage|p2a: Swampert|0 fnt\n|faint|p2a: Swampert\n|\n|upkeep\n|\n|t:|1733913324\n|switch|p2a: Drifblim|Drifblim, L86, F|396/396\n|turn|13\n|\n|t:|1733913332\n|move|p1a: Medicham|Zen Headbutt|p2a: Drifblim\n|-damage|p2a: Drifblim|104/396\n|-enditem|p2a: Drifblim|Sitrus Berry|[eat]\n|-heal|p2a: Drifblim|203/396|[from] item: Sitrus Berry\n|move|p2a: Drifblim|Calm Mind|p2a: Drifblim\n|-boost|p2a: Drifblim|spa|1\n|-boost|p2a: Drifblim|spd|1\n|\n|upkeep\n|turn|14\n|\n|t:|1733913342\n|move|p2a: Drifblim|Shadow Ball|p1a: Medicham\n|-supereffective|p1a: Medicham\n|-damage|p1a: Medicham|0 fnt\n|faint|p1a: Medicham\n|\n|upkeep\n|\n|t:|1733913346\n|switch|p1a: Palkia|Palkia, L75|195/259\n|-damage|p1a: Palkia|163/259|[from] Stealth Rock\n|-ability|p1a: Palkia|Pressure\n|turn|15\n|\n|t:|1733913375\n|-terastallize|p2a: Drifblim|Fairy\n|move|p2a: Drifblim|Shadow Ball|p1a: Palkia\n|-damage|p1a: Palkia|55/259\n|move|p1a: Palkia|Thunder Wave|p2a: Drifblim\n|-status|p2a: Drifblim|par\n|\n|upkeep\n|turn|16\n|\n|t:|1733913384\n|move|p1a: Palkia|Hydro Pump|p2a: Drifblim\n|-damage|p2a: Drifblim|47/396 par\n|move|p2a: Drifblim|Shadow Ball|p1a: Palkia\n|-damage|p1a: Palkia|0 fnt\n|faint|p1a: Palkia\n|\n|upkeep\n|\n|t:|1733913388\n|switch|p1a: Weavile|Weavile, L79, F|240/240\n|turn|17\n|\n|t:|1733913393\n|move|p1a: Weavile|Knock Off|p2a: Drifblim\n|-resisted|p2a: Drifblim\n|-damage|p2a: Drifblim|0 fnt\n|faint|p2a: Drifblim\n|\n|upkeep\n|\n|t:|1733913398\n|switch|p2a: Solgaleo|Solgaleo, L74|325/325\n|turn|18\n|\n|t:|1733913405\n|-terastallize|p1a: Weavile|Dark\n|move|p1a: Weavile|Swords Dance|p1a: Weavile\n|-boost|p1a: Weavile|atk|2\n|move|p2a: Solgaleo|Sunsteel Strike|p1a: Weavile\n|-damage|p1a: Weavile|101/240\n|\n|upkeep\n|turn|19\n|\n|t:|1733913417\n|move|p1a: Weavile|Knock Off|p2a: Solgaleo\n|-supereffective|p2a: Solgaleo\n|-damage|p2a: Solgaleo|0 fnt\n|-enditem|p2a: Solgaleo|Weakness Policy|[from] move: Knock Off|[of] p1a: Weavile\n|faint|p2a: Solgaleo\n|\n|upkeep\n|\n|t:|1733913420\n|switch|p2a: Tentacruel|Tentacruel, L84, M|272/272\n|turn|20\n|\n|t:|1733913434\n|move|p1a: Weavile|Knock Off|p2a: Tentacruel\n|-damage|p2a: Tentacruel|0 fnt\n|-enditem|p2a: Tentacruel|Assault Vest|[from] move: Knock Off|[of] p1a: Weavile\n|faint|p2a: Tentacruel\n|\n|win|Pickadilly\n|raw|Pickadilly's rating: 1622 &rarr; <strong>1640</strong><br />(+18 for winning)\n|raw|Justaperson7's rating: 1583 &rarr; <strong>1565</strong><br />(-18 for losing)\n", "inputlog": ">version bfd83cad13791eb5a5a409923076391caf6fb4d4\n>start {\"formatid\":\"gen9randombattle\",\"seed\":[15927,24053,55099,11146],\"rated\":\"Rated battle\"}\n>player p1 {\"name\":\"Pickadilly\",\"avatar\":\"gambler\",\"rating\":1622,\"seed\":[27364,24045,16965,30416]}\n>player p2 {\"name\":\"Justaperson7\",\"avatar\":\"1\",\"rating\":1583,\"seed\":[48495,18945,4404,10091]}\n>p1 switch 2\n>p2 move uturn\n>p2 switch 5\n>p1 switch 2\n>p2 move stealthrock\n>p1 move swordsdance\n>p2 switch 6\n>p1 move doubleedge\n>p2 move acrobatics\n>p2 switch 5\n>p1 move doubleedge\n>p2 move knockoff\n>p1 switch 2\n>p1 move focusblast\n>p2 move knockoff\n>p1 move tachyoncutter\n>p2 move knockoff\n>p1 switch 3\n>p1 move bulletpunch\n>p2 move knockoff\n>p2 switch 6\n>p1 switch 6\n>p2 move roar\n>p1 move earthquake\n>p2 move earthquake\n>p1 switch 5\n>p1 move hydropump\n>p2 move roar\n>p1 move zenheadbutt\n>p2 move earthquake\n>p2 switch 4\n>p1 move zenheadbutt\n>p2 move calmmind\n>p1 move zenheadbutt\n>p2 move shadowball\n>p1 switch 6\n>p1 move thunderwave\n>p2 move shadowball terastallize\n>p1 move hydropump\n>p2 move shadowball\n>p1 switch 4\n>p1 move knockoff\n>p2 move strengthsap\n>p2 switch 3\n>p1 move swordsdance terastallize\n>p2 move sunsteelstrike\n>p1 move knockoff\n>p2 move closecombat\n>p2 switch 2\n>p1 move knockoff\n>p2 move surf", "uploadtime": 1733913438, "views": 1, "formatid": "gen9randombattle", "rating": 1565, "private": 0, "password": null}