{"id": "gen9randombattle-2259929975", "format": "[Gen 9] Random Battle", "players": ["ckkxkkskdkdkd", "BlikooO"], "log": "|j|\u2606ckkxkkskdkdkd\n|j|\u2606BlikooO\n|t:|1733781124\n|gametype|singles\n|player|p1|ckkxkkskdkdkd|101|1000\n|player|p2|BlikooO|170|1014\n|teamsize|p1|6\n|teamsize|p2|6\n|gen|9\n|tier|[Gen 9] Random Battle\n|rated|\n|rule|Species Clause: Limit one of each Pok\u00e9mon\n|rule|HP Percentage Mod: HP is shown in percentages\n|rule|Sleep Clause Mod: Limit one foe put to sleep\n|rule|Illusion Level Mod: Illusion disguises the Pok\u00e9mon's true level\n|\n|t:|1733781124\n|start\n|switch|p1a: Slowking|Slowking-Galar, L85, F|300/300\n|switch|p2a: Archaludon|Archaludon, L78, M|268/268\n|turn|1\n|inactive|Battle timer is ON: inactive players will automatically lose when time's up. (requested by ckkxkkskdkdkd)\n|\n|t:|1733781142\n|move|p2a: Archaludon|Earthquake|p1a: Slowking\n|-supereffective|p1a: Slowking\n|-damage|p1a: Slowking|148/300\n|move|p1a: Slowking|Toxic Spikes|p2a: Archaludon\n|-sidestart|p2: BlikooO|move: Toxic Spikes\n|\n|-heal|p1a: Slowking|166/300|[from] item: Leftovers\n|upkeep\n|turn|2\n|\n|t:|1733781149\n|move|p2a: Archaludon|Earthquake|p1a: Slowking\n|-supereffective|p1a: Slowking\n|-damage|p1a: Slowking|36/300\n|move|p1a: Slowking|Toxic Spikes|p2a: Archaludon\n|-sidestart|p2: BlikooO|move: Toxic Spikes\n|\n|-heal|p1a: Slowking|54/300|[from] item: Leftovers\n|upkeep\n|turn|3\n|\n|t:|1733781171\n|switch|p1a: Quagsire|Quagsire, L84, M|297/297\n|move|p2a: Archaludon|Earthquake|p1a: Quagsire\n|-damage|p1a: Quagsire|233/297\n|\n|-heal|p1a: Quagsire|251/297|[from] item: Leftovers\n|upkeep\n|turn|4\n|\n|t:|1733781181\n|move|p2a: Archaludon|Swords Dance|p2a: Archaludon\n|-boost|p2a: Archaludon|atk|2\n|move|p1a: Quagsire|Spikes|p2a: Archaludon\n|-sidestart|p2: BlikooO|Spikes\n|\n|-heal|p1a: Quagsire|269/297|[from] item: Leftovers\n|upkeep\n|turn|5\n|\n|t:|1733781191\n|move|p2a: Archaludon|Swords Dance|p2a: Archaludon\n|-boost|p2a: Archaludon|atk|2\n|move|p1a: Quagsire|Spikes|p2a: Archaludon\n|-sidestart|p2: BlikooO|Spikes\n|\n|-heal|p1a: Quagsire|287/297|[from] item: Leftovers\n|upkeep\n|turn|6\n|\n|t:|1733781201\n|move|p2a: Archaludon|Swords Dance|p2a: Archaludon\n|-boost|p2a: Archaludon|atk|2\n|move|p1a: Quagsire|Earthquake|p2a: Archaludon\n|-supereffective|p2a: Archaludon\n|-damage|p2a: Archaludon|128/268\n|-ability|p2a: Archaludon|Stamina|boost\n|-boost|p2a: Archaludon|def|1\n|\n|-heal|p1a: Quagsire|297/297|[from] item: Leftovers\n|upkeep\n|turn|7\n|\n|t:|1733781210\n|move|p2a: Archaludon|Outrage|p1a: Quagsire\n|-damage|p1a: Quagsire|183/297\n|move|p1a: Quagsire|Spikes|p2a: Archaludon\n|-sidestart|p2: BlikooO|Spikes\n|\n|-heal|p1a: Quagsire|201/297|[from] item: Leftovers\n|upkeep\n|turn|8\n|\n|t:|1733781218\n|move|p2a: Archaludon|Outrage|p1a: Quagsire|[from]lockedmove\n|-damage|p1a: Quagsire|83/297\n|move|p1a: Quagsire|Earthquake|p2a: Archaludon\n|-supereffective|p2a: Archaludon\n|-damage|p2a: Archaludon|0 fnt\n|faint|p2a: Archaludon\n|\n|-heal|p1a: Quagsire|101/297|[from] item: Leftovers\n|upkeep\n|\n|t:|1733781241\n|switch|p2a: Vivillon|Vivillon-Archipelago, L84, F|272/272\n|turn|9\n|\n|t:|1733781246\n|move|p2a: Vivillon|Sleep Powder|p1a: Quagsire\n|-status|p1a: Quagsire|slp|[from] move: Sleep Powder\n|cant|p1a: Quagsire|slp\n|\n|-heal|p1a: Quagsire|119/297 slp|[from] item: Leftovers\n|upkeep\n|turn|10\n|\n|t:|1733781258\n|switch|p1a: Lycanroc|Lycanroc, L86, F|269/269\n|move|p2a: Vivillon|Quiver Dance|p2a: Vivillon\n|-boost|p2a: Vivillon|spa|1\n|-boost|p2a: Vivillon|spd|1\n|-boost|p2a: Vivillon|spe|1\n|\n|upkeep\n|turn|11\n|\n|t:|1733781264\n|move|p1a: Lycanroc|Accelerock|p2a: Vivillon\n|-supereffective|p2a: Vivillon\n|-damage|p2a: Vivillon|0 fnt\n|faint|p2a: Vivillon\n|\n|upkeep\n|\n|t:|1733781274\n|switch|p2a: Espathra|Espathra, L80, F|283/283\n|-status|p2a: Espathra|tox\n|-damage|p2a: Espathra|213/283 tox|[from] Spikes\n|turn|12\n|\n|t:|1733781287\n|move|p1a: Lycanroc|Accelerock|p2a: Espathra\n|-damage|p2a: Espathra|116/283 tox\n|move|p2a: Espathra|U-turn|p1a: Lycanroc\n|-damage|p1a: Lycanroc|232/269\n|\n|t:|1733781291\n|switch|p2a: Eternatus|Eternatus, L69|308/308|[from] U-turn\n|-sideend|p2: BlikooO|move: Toxic Spikes|[of] p2a: Eternatus\n|-damage|p2a: Eternatus|231/308|[from] Spikes\n|-ability|p2a: Eternatus|Pressure\n|\n|upkeep\n|turn|13\n|\n|t:|1733781308\n|switch|p1a: Slowking|Slowking-Galar, L85, F|154/300\n|-terastallize|p2a: Eternatus|Water\n|move|p2a: Eternatus|Dynamax Cannon|p1a: Slowking\n|-damage|p1a: Slowking|72/300\n|\n|-heal|p1a: Slowking|90/300|[from] item: Leftovers\n|upkeep\n|turn|14\n|\n|t:|1733781317\n|switch|p1a: Quagsire|Quagsire, L84, M|119/297 slp\n|move|p2a: Eternatus|Flamethrower|p1a: Quagsire\n|-resisted|p1a: Quagsire\n|-damage|p1a: Quagsire|81/297 slp\n|\n|-heal|p1a: Quagsire|99/297 slp|[from] item: Leftovers\n|upkeep\n|turn|15\n|\n|t:|1733781327\n|move|p2a: Eternatus|Dynamax Cannon|p1a: Quagsire\n|-damage|p1a: Quagsire|0 fnt\n|faint|p1a: Quagsire\n|\n|upkeep\n|\n|t:|1733781331\n|switch|p1a: Drifblim|Drifblim, L86, F|396/396\n|turn|16\n|\n|t:|1733781343\n|move|p2a: Eternatus|Recover|p2a: Eternatus\n|-heal|p2a: Eternatus|308/308\n|move|p1a: Drifblim|Calm Mind|p1a: Drifblim\n|-boost|p1a: Drifblim|spa|1\n|-boost|p1a: Drifblim|spd|1\n|\n|upkeep\n|turn|17\n|\n|t:|1733781349\n|move|p2a: Eternatus|Dynamax Cannon|p1a: Drifblim\n|-damage|p1a: Drifblim|312/396\n|move|p1a: Drifblim|Calm Mind|p1a: Drifblim\n|-boost|p1a: Drifblim|spa|1\n|-boost|p1a: Drifblim|spd|1\n|\n|upkeep\n|turn|18\n|\n|t:|1733781355\n|move|p2a: Eternatus|Flamethrower|p1a: Drifblim\n|-damage|p1a: Drifblim|273/396\n|move|p1a: Drifblim|Calm Mind|p1a: Drifblim\n|-boost|p1a: Drifblim|spa|1\n|-boost|p1a: Drifblim|spd|1\n|\n|upkeep\n|turn|19\n|\n|t:|1733781369\n|move|p2a: Eternatus|Flamethrower|p1a: Drifblim\n|-crit|p1a: Drifblim\n|-damage|p1a: Drifblim|144/396\n|-enditem|p1a: Drifblim|Sitrus Berry|[eat]\n|-heal|p1a: Drifblim|243/396|[from] item: Sitrus Berry\n|move|p1a: Drifblim|Calm Mind|p1a: Drifblim\n|-boost|p1a: Drifblim|spa|1\n|-boost|p1a: Drifblim|spd|1\n|\n|upkeep\n|turn|20\n|\n|t:|1733781378\n|move|p1a: Drifblim|Calm Mind|p1a: Drifblim\n|-boost|p1a: Drifblim|spa|1\n|-boost|p1a: Drifblim|spd|1\n|move|p2a: Eternatus|Dynamax Cannon|p1a: Drifblim\n|-damage|p1a: Drifblim|203/396\n|\n|upkeep\n|turn|21\n|\n|t:|1733781391\n|switch|p2a: Bellibolt|Bellibolt, L84, M|320/320\n|-damage|p2a: Bellibolt|240/320|[from] Spikes\n|move|p1a: Drifblim|Strength Sap|p2a: Bellibolt\n|-unboost|p2a: Bellibolt|atk|1\n|-heal|p1a: Drifblim|315/396\n|\n|-heal|p2a: Bellibolt|260/320|[from] item: Leftovers\n|upkeep\n|turn|22\n|\n|t:|1733781400\n|move|p1a: Drifblim|Shadow Ball|p2a: Bellibolt\n|-damage|p2a: Bellibolt|0 fnt\n|faint|p2a: Bellibolt\n|\n|upkeep\n|-message|BlikooO forfeited.\n|\n|win|ckkxkkskdkdkd\n|raw|ckkxkkskdkdkd's rating: 1000 &rarr; <strong>1042</strong><br />(+42 for winning)\n|raw|BlikooO's rating: 1014 &rarr; <strong>1001</strong><br />(-13 for losing)\n|l|\u2606BlikooO\n|player|p2|\n", "inputlog": ">version bfd83cad13791eb5a5a409923076391caf6fb4d4\n>start {\"formatid\":\"gen9randombattle\",\"seed\":[4879,14478,23843,23470],\"rated\":\"Rated battle\"}\n>player p1 {\"name\":\"ckkxkkskdkdkd\",\"avatar\":\"101\",\"rating\":1000,\"seed\":[39350,4007,21081,24239]}\n>player p2 {\"name\":\"BlikooO\",\"avatar\":\"170\",\"rating\":1014,\"seed\":[1729,41826,58538,23558]}\n>p1 move toxicspikes\n>p2 move earthquake\n>p1 move toxicspikes\n>p2 move earthquake\n>p1 switch 5\n>p2 move earthquake\n>p1 move spikes\n>p2 move swordsdance\n>p1 move spikes\n>p2 move swordsdance\n>p1 move earthquake\n>p2 move swordsdance\n>p1 move spikes\n>p2 move outrage\n>p1 move earthquake\n>p2 move outrage\n>p2 switch 6\n>p1 move toxic\n>p2 move sleeppowder\n>p1 switch 2\n>p2 move quiverdance\n>p1 move accelerock\n>p2 move sleeppowder\n>p2 switch 4\n>p1 move accelerock\n>p2 move uturn\n>p2 switch 2\n>p1 switch 5\n>p2 move dynamaxcannon terastallize\n>p1 switch 2\n>p2 move flamethrower\n>p1 move earthquake\n>p2 move dynamaxcannon\n>p1 switch 6\n>p1 move calmmind\n>p2 move recover\n>p1 move calmmind\n>p2 move dynamaxcannon\n>p1 move calmmind\n>p2 move flamethrower\n>p1 move calmmind\n>p2 move flamethrower\n>p1 move calmmind\n>p2 move dynamaxcannon\n>p1 move strengthsap\n>p2 switch 3\n>p1 move shadowball\n>p2 move thunderbolt\n>forcelose p2", "uploadtime": 1733781426, "views": 1, "formatid": "gen9randombattle", "rating": 1001, "private": 0, "password": null}