{"id": "gen9randombattle-2259918593", "format": "[Gen 9] Random Battle", "players": ["toto8838", "Ungodlykey"], "log": "|j|\u2606toto8838\n|j|\u2606Ungodlykey\n|t:|1733779882\n|gametype|singles\n|player|p1|toto8838|2|2075\n|player|p2|Ungodlykey|102|2040\n|teamsize|p1|6\n|teamsize|p2|6\n|gen|9\n|tier|[Gen 9] Random Battle\n|rated|\n|rule|Species Clause: Limit one of each Pok\u00e9mon\n|rule|HP Percentage Mod: HP is shown in percentages\n|rule|Sleep Clause Mod: Limit one foe put to sleep\n|rule|Illusion Level Mod: Illusion disguises the Pok\u00e9mon's true level\n|\n|t:|1733779882\n|start\n|switch|p1a: Toedscruel|Toedscruel, L87, M|281/281\n|switch|p2a: Oricorio|Oricorio-Pa'u, L87, M|272/272\n|turn|1\n|\n|t:|1733779903\n|switch|p1a: Weavile|Weavile, L79, M|240/240\n|switch|p2a: Girafarig|Girafarig, L89, F|269/269\n|\n|upkeep\n|turn|2\n|\n|t:|1733779911\n|move|p1a: Weavile|Swords Dance|p1a: Weavile\n|-boost|p1a: Weavile|atk|2\n|move|p2a: Girafarig|Dazzling Gleam|p1a: Weavile\n|-supereffective|p1a: Weavile\n|-damage|p1a: Weavile|118/240\n|\n|upkeep\n|turn|3\n|\n|t:|1733779920\n|move|p1a: Weavile|Knock Off|p2a: Girafarig\n|-supereffective|p2a: Girafarig\n|-damage|p2a: Girafarig|0 fnt\n|-enditem|p2a: Girafarig|Eviolite|[from] move: Knock Off|[of] p1a: Weavile\n|faint|p2a: Girafarig\n|\n|upkeep\n|\n|t:|1733779930\n|switch|p2a: Blastoise|Blastoise, L80, F|258/258\n|turn|4\n|inactive|Battle timer is ON: inactive players will automatically lose when time's up. (requested by toto8838)\n|\n|t:|1733779939\n|move|p1a: Weavile|Knock Off|p2a: Blastoise\n|-damage|p2a: Blastoise|54/258\n|-enditem|p2a: Blastoise|White Herb|[from] move: Knock Off|[of] p1a: Weavile\n|move|p2a: Blastoise|Hydro Pump|p1a: Weavile\n|-damage|p1a: Weavile|0 fnt\n|faint|p1a: Weavile\n|\n|upkeep\n|j| FloSoup\n|\n|t:|1733779954\n|switch|p1a: Jolteon|Jolteon, L84, M|246/246\n|turn|5\n|\n|t:|1733779959\n|switch|p2a: Torterra|Torterra, L78, M|276/276\n|move|p1a: Jolteon|Thunderbolt|p2a: Torterra\n|-immune|p2a: Torterra\n|\n|upkeep\n|turn|6\n|\n|t:|1733779978\n|-terastallize|p1a: Jolteon|Ice\n|move|p1a: Jolteon|Tera Blast|p2a: Torterra|[anim] Tera Blast Ice\n|-supereffective|p2a: Torterra\n|-damage|p2a: Torterra|0 fnt\n|faint|p2a: Torterra\n|\n|upkeep\n|\n|t:|1733779992\n|switch|p2a: Cinderace|Cinderace, L77, M|249/249\n|turn|7\n|\n|t:|1733780007\n|switch|p1a: Ampharos|Ampharos, L88, F|302/302\n|move|p2a: Cinderace|Pyro Ball|p1a: Ampharos\n|-damage|p1a: Ampharos|113/302\n|\n|upkeep\n|turn|8\n|\n|t:|1733780013\n|move|p2a: Cinderace|Pyro Ball|p1a: Ampharos\n|-crit|p1a: Ampharos\n|-damage|p1a: Ampharos|0 fnt\n|faint|p1a: Ampharos\n|\n|upkeep\n|\n|t:|1733780020\n|switch|p1a: Rampardos|Rampardos, L90, M|321/321\n|turn|9\n|\n|t:|1733780042\n|switch|p2a: Blastoise|Blastoise, L80, F|54/258\n|move|p1a: Rampardos|Rock Slide|p2a: Blastoise\n|-damage|p2a: Blastoise|0 fnt\n|faint|p2a: Blastoise\n|\n|upkeep\n|\n|t:|1733780060\n|switch|p2a: Cinderace|Cinderace, L77, M|249/249\n|turn|10\n|inactive|toto8838 has 120 seconds left.\n|\n|t:|1733780104\n|switch|p1a: Toedscruel|Toedscruel, L87, M|281/281\n|move|p2a: Cinderace|High Jump Kick|p1a: Toedscruel\n|-start|p2a: Cinderace|typechange|Fighting|[from] ability: Libero\n|-damage|p1a: Toedscruel|34/281\n|\n|upkeep\n|turn|11\n|inactive|toto8838 has 90 seconds left.\n|\n|t:|1733780130\n|move|p2a: Cinderace|High Jump Kick|p1a: Toedscruel\n|-damage|p1a: Toedscruel|0 fnt\n|faint|p1a: Toedscruel\n|\n|upkeep\n|inactive|toto8838 has 90 seconds left.\n|\n|t:|1733780145\n|switch|p1a: Jolteon|Jolteon, L84, M, tera:Ice|246/246\n|turn|12\n|\n|t:|1733780155\n|move|p1a: Jolteon|Substitute|p1a: Jolteon\n|-start|p1a: Jolteon|Substitute\n|-damage|p1a: Jolteon|185/246\n|move|p2a: Cinderace|High Jump Kick|p1a: Jolteon\n|-supereffective|p1a: Jolteon\n|-end|p1a: Jolteon|Substitute\n|\n|-heal|p1a: Jolteon|200/246|[from] item: Leftovers\n|upkeep\n|turn|13\n|inactive|toto8838 has 90 seconds left.\n|\n|t:|1733780175\n|switch|p2a: Oricorio|Oricorio-Pa'u, L87, M|272/272\n|move|p1a: Jolteon|Substitute|p1a: Jolteon\n|-start|p1a: Jolteon|Substitute\n|-damage|p1a: Jolteon|139/246\n|\n|-heal|p1a: Jolteon|154/246|[from] item: Leftovers\n|upkeep\n|turn|14\n|\n|t:|1733780181\n|move|p1a: Jolteon|Tera Blast|p2a: Oricorio|[anim] Tera Blast Ice\n|-supereffective|p2a: Oricorio\n|-damage|p2a: Oricorio|54/272\n|move|p2a: Oricorio|Quiver Dance|p2a: Oricorio\n|-boost|p2a: Oricorio|spa|1\n|-boost|p2a: Oricorio|spd|1\n|-boost|p2a: Oricorio|spe|1\n|\n|-heal|p1a: Jolteon|169/246|[from] item: Leftovers\n|upkeep\n|turn|15\n|\n|t:|1733780189\n|move|p2a: Oricorio|Revelation Dance|p1a: Jolteon\n|-end|p1a: Jolteon|Substitute\n|move|p1a: Jolteon|Tera Blast|p2a: Oricorio|[anim] Tera Blast Ice\n|-supereffective|p2a: Oricorio\n|-damage|p2a: Oricorio|0 fnt\n|faint|p2a: Oricorio\n|\n|-heal|p1a: Jolteon|184/246|[from] item: Leftovers\n|upkeep\n|\n|t:|1733780192\n|switch|p2a: Cinderace|Cinderace, L77, M|249/249\n|turn|16\n|\n|t:|1733780208\n|move|p1a: Jolteon|Substitute|p1a: Jolteon\n|-start|p1a: Jolteon|Substitute\n|-damage|p1a: Jolteon|123/246\n|move|p2a: Cinderace|U-turn|p1a: Jolteon\n|-start|p2a: Cinderace|typechange|Bug|[from] ability: Libero\n|-crit|p1a: Jolteon\n|-end|p1a: Jolteon|Substitute\n|\n|t:|1733780225\n|switch|p2a: Haxorus|Haxorus, L77, F|244/244|[from] U-turn\n|-ability|p2a: Haxorus|Mold Breaker\n|\n|-heal|p1a: Jolteon|138/246|[from] item: Leftovers\n|upkeep\n|turn|17\n|\n|t:|1733780238\n|-terastallize|p2a: Haxorus|Steel\n|move|p1a: Jolteon|Tera Blast|p2a: Haxorus|[anim] Tera Blast Ice\n|-resisted|p2a: Haxorus\n|-damage|p2a: Haxorus|188/244\n|move|p2a: Haxorus|Scale Shot|p1a: Jolteon|[miss]\n|-miss|p2a: Haxorus|p1a: Jolteon\n|\n|-heal|p1a: Jolteon|153/246|[from] item: Leftovers\n|upkeep\n|turn|18\n|\n|t:|1733780246\n|move|p1a: Jolteon|Thunderbolt|p2a: Haxorus\n|-damage|p2a: Haxorus|56/244\n|move|p2a: Haxorus|Scale Shot|p1a: Jolteon\n|-damage|p1a: Jolteon|107/246\n|-damage|p1a: Jolteon|67/246\n|-crit|p1a: Jolteon\n|-damage|p1a: Jolteon|3/246\n|-damage|p1a: Jolteon|0 fnt\n|faint|p1a: Jolteon\n|-hitcount|p1: Jolteon|4\n|-unboost|p2a: Haxorus|def|1\n|-boost|p2a: Haxorus|spe|1\n|\n|upkeep\n|\n|t:|1733780255\n|switch|p1a: Zangoose|Zangoose, L85, M|263/263\n|turn|19\n|inactive|toto8838 has 120 seconds left.\n|\n|t:|1733780265\n|move|p1a: Zangoose|Quick Attack|p2a: Haxorus\n|-resisted|p2a: Haxorus\n|-damage|p2a: Haxorus|17/244\n|move|p2a: Haxorus|Iron Head|p1a: Zangoose\n|-crit|p1a: Zangoose\n|-damage|p1a: Zangoose|85/263\n|\n|-status|p1a: Zangoose|tox|[from] item: Toxic Orb\n|upkeep\n|turn|20\n|inactive|toto8838 has 120 seconds left.\n|\n|t:|1733780275\n|move|p1a: Zangoose|Quick Attack|p2a: Haxorus\n|-resisted|p2a: Haxorus\n|-damage|p2a: Haxorus|0 fnt\n|faint|p2a: Haxorus\n|\n|-damage|p1a: Zangoose|69/263 tox|[from] psn\n|upkeep\n|\n|t:|1733780278\n|switch|p2a: Cinderace|Cinderace, L77, M|249/249\n|turn|21\n|\n|t:|1733780288\n|move|p1a: Zangoose|Quick Attack|p2a: Cinderace\n|-damage|p2a: Cinderace|159/249\n|move|p2a: Cinderace|High Jump Kick|p1a: Zangoose\n|-start|p2a: Cinderace|typechange|Fighting|[from] ability: Libero\n|-supereffective|p1a: Zangoose\n|-damage|p1a: Zangoose|0 fnt\n|faint|p1a: Zangoose\n|\n|upkeep\n|c|\u2606Ungodlykey|I need two kicks!\n|\n|t:|1733780293\n|switch|p1a: Rampardos|Rampardos, L90, M|321/321\n|turn|22\n|\n|t:|1733780304\n|move|p1a: Rampardos|Earthquake|p2a: Cinderace\n|-damage|p2a: Cinderace|16/249\n|move|p2a: Cinderace|High Jump Kick|p1a: Rampardos\n|-supereffective|p1a: Rampardos\n|-damage|p1a: Rampardos|0 fnt\n|faint|p1a: Rampardos\n|\n|win|Ungodlykey\n|raw|toto8838's rating: 2075 &rarr; <strong>2053</strong><br />(-22 for losing)\n|raw|Ungodlykey's rating: 2040 &rarr; <strong>2062</strong><br />(+22 for winning)\n|c|\u2606Ungodlykey|Gg\n|l|\u2606toto8838\n|player|p1|\n", "inputlog": ">version bfd83cad13791eb5a5a409923076391caf6fb4d4\n>start {\"formatid\":\"gen9randombattle\",\"seed\":[37971,37256,4379,57184],\"rated\":\"Rated battle\"}\n>player p1 {\"name\":\"toto8838\",\"avatar\":\"2\",\"rating\":2075,\"seed\":[25955,59967,13656,32994]}\n>player p2 {\"name\":\"Ungodlykey\",\"avatar\":\"102\",\"rating\":2040,\"seed\":[50675,24306,13529,29449]}\n>p1 switch 6\n>p2 switch 6\n>p1 move swordsdance\n>p2 move dazzlinggleam\n>p1 move knockoff\n>p2 move dazzlinggleam\n>p2 switch 3\n>p1 move knockoff\n>p2 move hydropump\n>p1 switch 5\n>p1 move thunderbolt\n>p2 switch 2\n>p1 move terablast terastallize\n>p2 move headlongrush\n>p2 switch 5\n>p1 switch 4\n>p2 move pyroball\n>p1 move voltswitch\n>p2 move pyroball\n>p1 switch 2\n>p1 move rockslide\n>p2 switch 2\n>p2 switch 2\n>p1 switch 6\n>p2 move highjumpkick\n>p1 move gigadrain\n>p2 move highjumpkick\n>p1 switch 4\n>p1 move substitute\n>p2 move highjumpkick\n>p1 move substitute\n>p2 switch 6\n>p1 move terablast\n>p2 move quiverdance\n>p1 move terablast\n>p2 move revelationdance\n>p2 switch 6\n>p1 move substitute\n>p2 move uturn\n>p2 switch 4\n>p1 move terablast\n>p2 move scaleshot terastallize\n>p1 move thunderbolt\n>p2 move scaleshot\n>p1 switch 3\n>p1 move quickattack\n>p2 move ironhead\n>p1 move quickattack\n>p2 move ironhead\n>p2 switch 4\n>p1 move quickattack\n>p2 move highjumpkick\n>chat \u2606Ungodlykey|I need two kicks!\n>p1 switch 6\n>p1 move earthquake\n>p2 move highjumpkick", "uploadtime": 1733780320, "views": 17, "formatid": "gen9randombattle", "rating": 2053, "private": 0, "password": null}