{"id": "gen9randombattle-2260525200", "format": "[Gen 9] Random Battle", "players": ["MikaelSolaris78", "jsjdkxkbv"], "log": "|j|\u2606MikaelSolaris78\n|j|\u2606jsjdkxkbv\n|t:|1733860041\n|gametype|singles\n|player|p1|MikaelSolaris78|pokefan-gen4|1040\n|player|p2|jsjdkxkbv|1|1000\n|teamsize|p1|6\n|teamsize|p2|6\n|gen|9\n|tier|[Gen 9] Random Battle\n|rated|\n|rule|Species Clause: Limit one of each Pok\u00e9mon\n|rule|HP Percentage Mod: HP is shown in percentages\n|rule|Sleep Clause Mod: Limit one foe put to sleep\n|rule|Illusion Level Mod: Illusion disguises the Pok\u00e9mon's true level\n|\n|t:|1733860041\n|start\n|switch|p1a: Dunsparce|Dunsparce, L86, M|312/312\n|switch|p2a: Annihilape|Annihilape, L76, M|292/292\n|turn|1\n|\n|t:|1733860062\n|move|p2a: Annihilape|Bulk Up|p2a: Annihilape\n|-boost|p2a: Annihilape|atk|1\n|-boost|p2a: Annihilape|def|1\n|move|p1a: Dunsparce|Coil|p1a: Dunsparce\n|-boost|p1a: Dunsparce|atk|1\n|-boost|p1a: Dunsparce|def|1\n|-boost|p1a: Dunsparce|accuracy|1\n|\n|upkeep\n|turn|2\n|\n|t:|1733860077\n|move|p2a: Annihilape|Bulk Up|p2a: Annihilape\n|-boost|p2a: Annihilape|atk|1\n|-boost|p2a: Annihilape|def|1\n|move|p1a: Dunsparce|Body Slam|p2a: Annihilape\n|-immune|p2a: Annihilape\n|\n|upkeep\n|turn|3\n|\n|t:|1733860089\n|move|p2a: Annihilape|Bulk Up|p2a: Annihilape\n|-boost|p2a: Annihilape|atk|1\n|-boost|p2a: Annihilape|def|1\n|move|p1a: Dunsparce|Coil|p1a: Dunsparce\n|-boost|p1a: Dunsparce|atk|1\n|-boost|p1a: Dunsparce|def|1\n|-boost|p1a: Dunsparce|accuracy|1\n|\n|upkeep\n|turn|4\n|\n|t:|1733860103\n|move|p2a: Annihilape|Bulk Up|p2a: Annihilape\n|-boost|p2a: Annihilape|atk|1\n|-boost|p2a: Annihilape|def|1\n|move|p1a: Dunsparce|Earthquake|p2a: Annihilape\n|-damage|p2a: Annihilape|249/292\n|\n|-heal|p2a: Annihilape|267/292|[from] item: Leftovers\n|upkeep\n|turn|5\n|\n|t:|1733860115\n|move|p2a: Annihilape|Bulk Up|p2a: Annihilape\n|-boost|p2a: Annihilape|atk|1\n|-boost|p2a: Annihilape|def|1\n|move|p1a: Dunsparce|Earthquake|p2a: Annihilape\n|-damage|p2a: Annihilape|230/292\n|\n|-heal|p2a: Annihilape|248/292|[from] item: Leftovers\n|upkeep\n|turn|6\n|\n|t:|1733860140\n|switch|p1a: Masquerain|Masquerain, L87, M|264/264\n|-ability|p1a: Masquerain|Intimidate|boost\n|-unboost|p2a: Annihilape|atk|1\n|-ability|p2a: Annihilape|Defiant|boost\n|-boost|p2a: Annihilape|atk|2\n|move|p2a: Annihilape|Bulk Up|p2a: Annihilape\n|-boost|p2a: Annihilape|atk|0\n|-boost|p2a: Annihilape|def|1\n|\n|-heal|p2a: Annihilape|266/292|[from] item: Leftovers\n|upkeep\n|turn|7\n|\n|t:|1733860167\n|move|p1a: Masquerain|Bug Buzz|p2a: Annihilape\n|-resisted|p2a: Annihilape\n|-damage|p2a: Annihilape|236/292\n|-unboost|p2a: Annihilape|spd|1\n|-boost|p2a: Annihilape|atk|0\n|move|p2a: Annihilape|Rage Fist|p1a: Masquerain\n|-damage|p1a: Masquerain|0 fnt\n|faint|p1a: Masquerain\n|\n|-heal|p2a: Annihilape|254/292|[from] item: Leftovers\n|upkeep\n|\n|t:|1733860217\n|switch|p1a: Walking Wake|Walking Wake, L79|286/286\n|turn|8\n|\n|t:|1733860238\n|switch|p2a: Primarina|Primarina, L83, F|268/268\n|move|p1a: Walking Wake|Sunny Day|p1a: Walking Wake\n|-weather|SunnyDay\n|-activate|p1a: Walking Wake|ability: Protosynthesis\n|-start|p1a: Walking Wake|protosynthesisspa\n|\n|-weather|SunnyDay|[upkeep]\n|upkeep\n|turn|9\n|\n|t:|1733860250\n|-end|p1a: Walking Wake|Protosynthesis|[silent]\n|switch|p1a: Rotom|Rotom-Wash, L82|216/216\n|move|p2a: Primarina|Calm Mind|p2a: Primarina\n|-boost|p2a: Primarina|spa|1\n|-boost|p2a: Primarina|spd|1\n|\n|-weather|SunnyDay|[upkeep]\n|upkeep\n|turn|10\n|\n|t:|1733860265\n|move|p1a: Rotom|Thunderbolt|p2a: Primarina\n|-supereffective|p2a: Primarina\n|-damage|p2a: Primarina|170/268\n|move|p2a: Primarina|Moonblast|p1a: Rotom\n|-damage|p1a: Rotom|60/216\n|\n|-weather|SunnyDay|[upkeep]\n|-heal|p2a: Primarina|186/268|[from] item: Leftovers\n|upkeep\n|turn|11\n|\n|t:|1733860274\n|move|p1a: Rotom|Thunderbolt|p2a: Primarina\n|-supereffective|p2a: Primarina\n|-damage|p2a: Primarina|88/268\n|move|p2a: Primarina|Draining Kiss|p1a: Rotom\n|-damage|p1a: Rotom|0 fnt\n|-heal|p2a: Primarina|133/268|[from] drain|[of] p1a: Rotom\n|faint|p1a: Rotom\n|\n|-weather|SunnyDay|[upkeep]\n|-heal|p2a: Primarina|149/268|[from] item: Leftovers\n|upkeep\n|\n|t:|1733860287\n|switch|p1a: Dunsparce|Dunsparce, L86, M|312/312\n|turn|12\n|\n|t:|1733860298\n|move|p2a: Primarina|Psychic Noise|p1a: Dunsparce\n|-damage|p1a: Dunsparce|251/312\n|-start|p1a: Dunsparce|move: Heal Block\n|move|p1a: Dunsparce|Coil|p1a: Dunsparce\n|-boost|p1a: Dunsparce|atk|1\n|-boost|p1a: Dunsparce|def|1\n|-boost|p1a: Dunsparce|accuracy|1\n|\n|-weather|none\n|-heal|p2a: Primarina|165/268|[from] item: Leftovers\n|upkeep\n|turn|13\n|\n|t:|1733860309\n|move|p2a: Primarina|Draining Kiss|p1a: Dunsparce\n|-damage|p1a: Dunsparce|176/312\n|-heal|p2a: Primarina|221/268|[from] drain|[of] p1a: Dunsparce\n|move|p1a: Dunsparce|Body Slam|p2a: Primarina\n|-crit|p2a: Primarina\n|-damage|p2a: Primarina|43/268\n|-status|p2a: Primarina|par\n|\n|-heal|p2a: Primarina|59/268 par|[from] item: Leftovers\n|-end|p1a: Dunsparce|move: Heal Block\n|upkeep\n|turn|14\n|\n|t:|1733860321\n|move|p1a: Dunsparce|Body Slam|p2a: Primarina\n|-damage|p2a: Primarina|0 fnt\n|faint|p2a: Primarina\n|\n|upkeep\n|\n|t:|1733860327\n|switch|p2a: Annihilape|Annihilape, L76, M|254/292\n|turn|15\n|\n|t:|1733860331\n|switch|p1a: Walking Wake|Walking Wake, L79|286/286\n|move|p2a: Annihilape|Bulk Up|p2a: Annihilape\n|-boost|p2a: Annihilape|atk|1\n|-boost|p2a: Annihilape|def|1\n|\n|-heal|p2a: Annihilape|272/292|[from] item: Leftovers\n|upkeep\n|turn|16\n|\n|t:|1733860341\n|switch|p2a: Grimmsnarl|Grimmsnarl, L83, M|293/293\n|move|p1a: Walking Wake|Sunny Day|p1a: Walking Wake\n|-weather|SunnyDay\n|-activate|p1a: Walking Wake|ability: Protosynthesis\n|-start|p1a: Walking Wake|protosynthesisspa\n|\n|-weather|SunnyDay|[upkeep]\n|upkeep\n|turn|17\n|\n|t:|1733860351\n|move|p1a: Walking Wake|Flamethrower|p2a: Grimmsnarl\n|-damage|p2a: Grimmsnarl|89/293\n|-damage|p1a: Walking Wake|258/286|[from] item: Life Orb\n|move|p2a: Grimmsnarl|Spirit Break|p1a: Walking Wake\n|-supereffective|p1a: Walking Wake\n|-damage|p1a: Walking Wake|48/286\n|-unboost|p1a: Walking Wake|spa|1\n|\n|-weather|SunnyDay|[upkeep]\n|-heal|p2a: Grimmsnarl|107/293|[from] item: Leftovers\n|upkeep\n|turn|18\n|\n|t:|1733860364\n|-terastallize|p1a: Walking Wake|Fire\n|move|p2a: Grimmsnarl|Sucker Punch|p1a: Walking Wake\n|-damage|p1a: Walking Wake|0 fnt\n|faint|p1a: Walking Wake\n|-end|p1a: Walking Wake|Protosynthesis|[silent]\n|\n|-weather|SunnyDay|[upkeep]\n|-heal|p2a: Grimmsnarl|125/293|[from] item: Leftovers\n|upkeep\n|\n|t:|1733860380\n|switch|p1a: Sandaconda|Sandaconda, L84, M|258/258\n|turn|19\n|\n|t:|1733860390\n|move|p2a: Grimmsnarl|Taunt|p1a: Sandaconda\n|-start|p1a: Sandaconda|move: Taunt\n|move|p1a: Sandaconda|Rock Blast|p2a: Grimmsnarl\n|-damage|p2a: Grimmsnarl|102/293\n|-damage|p2a: Grimmsnarl|77/293\n|-damage|p2a: Grimmsnarl|52/293\n|-damage|p2a: Grimmsnarl|29/293\n|-hitcount|p2a: Grimmsnarl|4\n|\n|-weather|SunnyDay|[upkeep]\n|-heal|p2a: Grimmsnarl|47/293|[from] item: Leftovers\n|upkeep\n|turn|20\n|\n|t:|1733860403\n|move|p2a: Grimmsnarl|Parting Shot|p1a: Sandaconda\n|-unboost|p1a: Sandaconda|atk|1\n|-unboost|p1a: Sandaconda|spa|1\n|\n|t:|1733860411\n|switch|p2a: Annihilape|Annihilape, L76, M|272/292|[from] Parting Shot\n|move|p1a: Sandaconda|Scale Shot|p2a: Annihilape\n|-damage|p2a: Annihilape|255/292\n|-damage|p2a: Annihilape|239/292\n|-damage|p2a: Annihilape|223/292\n|-damage|p2a: Annihilape|207/292\n|-damage|p2a: Annihilape|191/292\n|-hitcount|p2a: Annihilape|5\n|-unboost|p1a: Sandaconda|def|1\n|-boost|p1a: Sandaconda|spe|1\n|\n|-weather|none\n|-heal|p2a: Annihilape|209/292|[from] item: Leftovers\n|upkeep\n|turn|21\n|\n|t:|1733860431\n|move|p1a: Sandaconda|Rock Blast|p2a: Annihilape\n|-resisted|p2a: Annihilape\n|-crit|p2a: Annihilape\n|-damage|p2a: Annihilape|192/292\n|-resisted|p2a: Annihilape\n|-damage|p2a: Annihilape|184/292\n|-resisted|p2a: Annihilape\n|-damage|p2a: Annihilape|176/292\n|-resisted|p2a: Annihilape\n|-damage|p2a: Annihilape|169/292\n|-resisted|p2a: Annihilape\n|-damage|p2a: Annihilape|161/292\n|-hitcount|p2a: Annihilape|5\n|move|p2a: Annihilape|Bulk Up|p2a: Annihilape\n|-boost|p2a: Annihilape|atk|1\n|-boost|p2a: Annihilape|def|1\n|\n|-heal|p2a: Annihilape|179/292|[from] item: Leftovers\n|-end|p1a: Sandaconda|move: Taunt\n|upkeep\n|turn|22\n|\n|t:|1733860447\n|move|p1a: Sandaconda|Scale Shot|p2a: Annihilape\n|-damage|p2a: Annihilape|168/292\n|-damage|p2a: Annihilape|157/292\n|-damage|p2a: Annihilape|147/292\n|-damage|p2a: Annihilape|136/292\n|-damage|p2a: Annihilape|124/292\n|-hitcount|p2a: Annihilape|5\n|-unboost|p1a: Sandaconda|def|1\n|-boost|p1a: Sandaconda|spe|1\n|move|p2a: Annihilape|Bulk Up|p2a: Annihilape\n|-boost|p2a: Annihilape|atk|1\n|-boost|p2a: Annihilape|def|1\n|\n|-heal|p2a: Annihilape|142/292|[from] item: Leftovers\n|upkeep\n|turn|23\n|\n|t:|1733860464\n|move|p1a: Sandaconda|Scale Shot|p2a: Annihilape\n|-damage|p2a: Annihilape|134/292\n|-damage|p2a: Annihilape|126/292\n|-damage|p2a: Annihilape|118/292\n|-damage|p2a: Annihilape|109/292\n|-hitcount|p2a: Annihilape|4\n|-unboost|p1a: Sandaconda|def|1\n|-boost|p1a: Sandaconda|spe|1\n|move|p2a: Annihilape|Drain Punch|p1a: Sandaconda\n|-damage|p1a: Sandaconda|0 fnt\n|-heal|p2a: Annihilape|238/292|[from] drain|[of] p1a: Sandaconda\n|faint|p1a: Sandaconda\n|\n|-heal|p2a: Annihilape|256/292|[from] item: Leftovers\n|upkeep\n|\n|t:|1733860480\n|switch|p1a: Kricketune|Kricketune, L99, F|312/312\n|turn|24\n|\n|t:|1733860504\n|move|p1a: Kricketune|Knock Off|p2a: Annihilape\n|-damage|p2a: Annihilape|206/292\n|-enditem|p2a: Annihilape|Leftovers|[from] move: Knock Off|[of] p1a: Kricketune\n|move|p2a: Annihilape|Rage Fist|p1a: Kricketune\n|-damage|p1a: Kricketune|0 fnt\n|faint|p1a: Kricketune\n|\n|upkeep\n|\n|t:|1733860513\n|switch|p1a: Dunsparce|Dunsparce, L86, M|176/312\n|turn|25\n|\n|t:|1733860524\n|move|p2a: Annihilape|Drain Punch|p1a: Dunsparce\n|-supereffective|p1a: Dunsparce\n|-damage|p1a: Dunsparce|0 fnt\n|-heal|p2a: Annihilape|292/292|[from] drain|[of] p1a: Dunsparce\n|faint|p1a: Dunsparce\n|\n|win|jsjdkxkbv\n|raw|MikaelSolaris78's rating: 1040 &rarr; <strong>1022</strong><br />(-18 for losing)\n|raw|jsjdkxkbv's rating: 1000 &rarr; <strong>1045</strong><br />(+45 for winning)\n|l|\u2606MikaelSolaris78\n|player|p1|\n", "inputlog": ">version bfd83cad13791eb5a5a409923076391caf6fb4d4\n>start {\"formatid\":\"gen9randombattle\",\"seed\":[61623,29104,56283,13918],\"rated\":\"Rated battle\"}\n>player p1 {\"name\":\"MikaelSolaris78\",\"avatar\":\"pokefan-gen4\",\"rating\":1040,\"seed\":[12832,20406,27567,39824]}\n>player p2 {\"name\":\"jsjdkxkbv\",\"avatar\":\"1\",\"rating\":1000,\"seed\":[15662,64804,45900,48262]}\n>p1 move coil\n>p2 move bulkup\n>p1 move bodyslam\n>p2 move bulkup\n>p1 move coil\n>p2 move bulkup\n>p1 move earthquake\n>p2 move bulkup\n>p1 move earthquake\n>p2 move bulkup\n>p1 switch 3\n>p2 move bulkup\n>p1 move bugbuzz\n>p2 move ragefist\n>p1 switch 4\n>p1 move sunnyday\n>p2 switch 2\n>p1 switch 5\n>p2 move calmmind\n>p1 move thunderbolt\n>p2 move moonblast\n>p1 move thunderbolt\n>p2 move drainingkiss\n>p1 switch 3\n>p1 move coil\n>p2 move psychicnoise\n>p1 move bodyslam\n>p2 move drainingkiss\n>p1 move bodyslam\n>p2 move psychicnoise\n>p2 switch 2\n>p1 switch 5\n>p2 move bulkup\n>p1 move sunnyday\n>p2 switch 4\n>p1 move flamethrower\n>p2 move spiritbreak\n>p1 move flamethrower terastallize\n>p2 move suckerpunch\n>p1 switch 2\n>p1 move rockblast\n>p2 move taunt\n>p1 move scaleshot\n>p2 move partingshot\n>p2 switch 4\n>p1 move rockblast\n>p2 move bulkup\n>p1 move scaleshot\n>p2 move bulkup\n>p1 move scaleshot\n>p2 move drainpunch\n>p1 switch 6\n>p1 move knockoff\n>p2 move ragefist\n>p1 switch 5\n>p1 move earthquake\n>p2 move drainpunch", "uploadtime": 1733860525, "views": 3, "formatid": "gen9randombattle", "rating": 1022, "private": 0, "password": null}