{"id": "gen9randombattle-2169490962", "format": "[Gen 9] Random Battle", "players": ["Galarian Gas", "FaZe Alec Baldwin"], "log": "|j|\u2606Galarian Gas\n|j|\u203dFaZe Alec Baldwin\n|t:|1722259571\n|gametype|singles\n|player|p1|Galarian Gas|265|2258\n|player|p2|FaZe Alec Baldwin|drayden|2267\n|teamsize|p1|6\n|teamsize|p2|6\n|gen|9\n|tier|[Gen 9] Random Battle\n|rated|\n|rule|Species Clause: Limit one of each Pok\u00e9mon\n|rule|HP Percentage Mod: HP is shown in percentages\n|rule|Sleep Clause Mod: Limit one foe put to sleep\n|rule|Illusion Level Mod: Illusion disguises the Pok\u00e9mon's true level\n|\n|t:|1722259571\n|start\n|switch|p1a: Azumarill|Azumarill, L82, M|298/298\n|switch|p2a: Enamorus|Enamorus-Therian, L83, F|259/259\n|turn|1\n|inactive|Battle timer is ON: inactive players will automatically lose when time's up. (requested by FaZe Alec Baldwin)\n|\n|t:|1722259601\n|switch|p1a: Toxtricity|Toxtricity, L82, F|257/257\n|move|p2a: Enamorus|Moonblast|p1a: Toxtricity\n|-resisted|p1a: Toxtricity\n|-damage|p1a: Toxtricity|182/257\n|-unboost|p1a: Toxtricity|spa|1\n|\n|upkeep\n|turn|2\n|\n|t:|1722259618\n|move|p1a: Toxtricity|Volt Switch|p2a: Enamorus\n|-supereffective|p2a: Enamorus\n|-damage|p2a: Enamorus|151/259\n|-enditem|p2a: Enamorus|Weakness Policy\n|-boost|p2a: Enamorus|atk|2|[from] item: Weakness Policy\n|-boost|p2a: Enamorus|spa|2|[from] item: Weakness Policy\n|\n|t:|1722259623\n|switch|p1a: Vigoroth|Vigoroth, L85, F|275/275|[from] Volt Switch\n|move|p2a: Enamorus|Agility|p2a: Enamorus\n|-boost|p2a: Enamorus|spe|2\n|\n|upkeep\n|turn|3\n|\n|t:|1722259629\n|move|p2a: Enamorus|Moonblast|p1a: Vigoroth\n|-damage|p1a: Vigoroth|29/275\n|-unboost|p1a: Vigoroth|spa|1\n|move|p1a: Vigoroth|Body Slam|p2a: Enamorus\n|-damage|p2a: Enamorus|79/259\n|\n|upkeep\n|turn|4\n|\n|t:|1722259640\n|move|p2a: Enamorus|Moonblast|p1a: Vigoroth\n|-damage|p1a: Vigoroth|0 fnt\n|faint|p1a: Vigoroth\n|\n|upkeep\n|\n|t:|1722259643\n|switch|p1a: Toxtricity|Toxtricity, L82, F|182/257\n|turn|5\n|\n|t:|1722259659\n|move|p1a: Toxtricity|Boomburst|p2a: Enamorus\n|-crit|p2a: Enamorus\n|-damage|p2a: Enamorus|0 fnt\n|faint|p2a: Enamorus\n|\n|upkeep\n|\n|t:|1722259674\n|switch|p2a: Dodrio|Dodrio, L86, F|243/243\n|turn|6\n|j| TiltAccount2\n|\n|t:|1722259684\n|switch|p1a: Azumarill|Azumarill, L82, M|298/298\n|move|p2a: Dodrio|Double-Edge|p1a: Azumarill\n|-damage|p1a: Azumarill|145/298\n|-enditem|p1a: Azumarill|Sitrus Berry|[eat]\n|-heal|p1a: Azumarill|219/298|[from] item: Sitrus Berry\n|-damage|p2a: Dodrio|193/243|[from] Recoil\n|\n|upkeep\n|turn|7\n|\n|t:|1722259692\n|move|p2a: Dodrio|Double-Edge|p1a: Azumarill\n|-damage|p1a: Azumarill|66/298\n|-damage|p2a: Dodrio|143/243|[from] Recoil\n|move|p1a: Azumarill|Liquidation|p2a: Dodrio\n|-damage|p2a: Dodrio|20/243\n|\n|upkeep\n|turn|8\n|\n|t:|1722259703\n|switch|p2a: Quaquaval|Quaquaval, L79, M|264/264\n|move|p1a: Azumarill|Aqua Jet|p2a: Quaquaval\n|-resisted|p2a: Quaquaval\n|-damage|p2a: Quaquaval|233/264\n|\n|upkeep\n|turn|9\n|j| mfssonsofbitches\n|\n|t:|1722259729\n|switch|p1a: Dipplin|Dipplin, L88, F|284/284\n|move|p2a: Quaquaval|Close Combat|p1a: Dipplin\n|-damage|p1a: Dipplin|193/284\n|-unboost|p2a: Quaquaval|def|1\n|-unboost|p2a: Quaquaval|spd|1\n|-damage|p2a: Quaquaval|207/264|[from] item: Life Orb\n|\n|upkeep\n|turn|10\n|\n|t:|1722259749\n|switch|p2a: Dedenne|Dedenne, L88, M|261/261\n|switch|p1a: Pecharunt|Pecharunt, L77|262/262\n|\n|upkeep\n|turn|11\n|\n|t:|1722259757\n|move|p2a: Dedenne|U-turn|p1a: Pecharunt\n|-resisted|p1a: Pecharunt\n|-damage|p1a: Pecharunt|256/262\n|\n|t:|1722259761\n|switch|p2a: Chansey|Chansey, L85, F|564/564|[from] U-turn\n|move|p1a: Pecharunt|Malignant Chain|p2a: Chansey\n|-damage|p2a: Chansey|516/564\n|-status|p2a: Chansey|tox\n|-start|p2a: Chansey|confusion|[from] ability: Poison Puppeteer|[of] p1a: Pecharunt\n|\n|-heal|p1a: Pecharunt|262/262|[from] item: Leftovers\n|-damage|p2a: Chansey|481/564 tox|[from] psn\n|upkeep\n|turn|12\n|\n|t:|1722259788\n|switch|p1a: Dipplin|Dipplin, L88, F|193/284\n|-activate|p2a: Chansey|confusion\n|move|p2a: Chansey|Thunder Wave|p1a: Dipplin\n|-status|p1a: Dipplin|par\n|\n|-damage|p2a: Chansey|411/564 tox|[from] psn\n|upkeep\n|turn|13\n|\n|t:|1722259794\n|-curestatus|p2a: Chansey|tox|[from] ability: Natural Cure\n|switch|p2a: Dedenne|Dedenne, L88, M|261/261\n|move|p1a: Dipplin|Giga Drain|p2a: Dedenne\n|-damage|p2a: Dedenne|159/261\n|-heal|p1a: Dipplin|244/284 par|[from] drain|[of] p2a: Dedenne\n|\n|upkeep\n|turn|14\n|\n|t:|1722259812\n|switch|p1a: Pecharunt|Pecharunt, L77|262/262\n|move|p2a: Dedenne|U-turn|p1a: Pecharunt\n|-resisted|p1a: Pecharunt\n|-damage|p1a: Pecharunt|256/262\n|\n|t:|1722259817\n|switch|p2a: Houndoom|Houndoom, L86, M|269/269|[from] U-turn\n|\n|-heal|p1a: Pecharunt|262/262|[from] item: Leftovers\n|upkeep\n|turn|15\n|\n|t:|1722259825\n|switch|p1a: Toxtricity|Toxtricity, L82, F|182/257\n|move|p2a: Houndoom|Nasty Plot|p2a: Houndoom\n|-boost|p2a: Houndoom|spa|2\n|\n|upkeep\n|turn|16\n|\n|t:|1722259840\n|move|p1a: Toxtricity|Boomburst|p2a: Houndoom\n|-damage|p2a: Houndoom|137/269\n|move|p2a: Houndoom|Dark Pulse|p1a: Toxtricity\n|-damage|p1a: Toxtricity|0 fnt\n|faint|p1a: Toxtricity\n|\n|upkeep\n|\n|t:|1722259851\n|switch|p1a: Azumarill|Azumarill, L82, M|66/298\n|turn|17\n|\n|t:|1722259854\n|switch|p2a: Dedenne|Dedenne, L88, M|159/261\n|move|p1a: Azumarill|Aqua Jet|p2a: Dedenne\n|-damage|p2a: Dedenne|99/261\n|-enditem|p2a: Dedenne|Sitrus Berry|[eat]\n|-heal|p2a: Dedenne|164/261|[from] item: Sitrus Berry\n|-heal|p2a: Dedenne|251/261|[from] ability: Cheek Pouch\n|\n|upkeep\n|turn|18\n|\n|t:|1722259862\n|switch|p1a: Pecharunt|Pecharunt, L77|262/262\n|move|p2a: Dedenne|Nuzzle|p1a: Pecharunt\n|-damage|p1a: Pecharunt|250/262\n|-status|p1a: Pecharunt|par\n|\n|-heal|p1a: Pecharunt|262/262 par|[from] item: Leftovers\n|upkeep\n|turn|19\n|\n|t:|1722259869\n|move|p2a: Dedenne|U-turn|p1a: Pecharunt\n|-resisted|p1a: Pecharunt\n|-damage|p1a: Pecharunt|255/262 par\n|\n|t:|1722259871\n|switch|p2a: Chansey|Chansey, L85, F|411/564|[from] U-turn\n|move|p1a: Pecharunt|Malignant Chain|p2a: Chansey\n|-damage|p2a: Chansey|363/564\n|\n|-heal|p1a: Pecharunt|262/262 par|[from] item: Leftovers\n|upkeep\n|turn|20\n|\n|t:|1722259878\n|switch|p1a: Dipplin|Dipplin, L88, F|244/284 par\n|move|p2a: Chansey|Soft-Boiled|p2a: Chansey\n|-heal|p2a: Chansey|564/564\n|\n|upkeep\n|turn|21\n|\n|t:|1722259884\n|move|p2a: Chansey|Seismic Toss|p1a: Dipplin\n|-damage|p1a: Dipplin|159/284 par\n|cant|p1a: Dipplin|par\n|\n|upkeep\n|turn|22\n|\n|t:|1722259889\n|switch|p2a: Dedenne|Dedenne, L88, M|251/261\n|move|p1a: Dipplin|Recover|p1a: Dipplin\n|-heal|p1a: Dipplin|284/284 par\n|\n|upkeep\n|turn|23\n|\n|t:|1722259896\n|move|p2a: Dedenne|Thunderbolt|p1a: Dipplin\n|-resisted|p1a: Dipplin\n|-crit|p1a: Dipplin\n|-damage|p1a: Dipplin|262/284 par\n|move|p1a: Dipplin|Giga Drain|p2a: Dedenne\n|-damage|p2a: Dedenne|152/261\n|-heal|p1a: Dipplin|284/284 par|[from] drain|[of] p2a: Dedenne\n|\n|upkeep\n|turn|24\n|\n|t:|1722259901\n|move|p2a: Dedenne|Thunderbolt|p1a: Dipplin\n|-resisted|p1a: Dipplin\n|-damage|p1a: Dipplin|268/284 par\n|move|p1a: Dipplin|Giga Drain|p2a: Dedenne\n|-damage|p2a: Dedenne|43/261\n|-heal|p1a: Dipplin|284/284 par|[from] drain|[of] p2a: Dedenne\n|\n|upkeep\n|turn|25\n|\n|t:|1722259906\n|move|p2a: Dedenne|Thunderbolt|p1a: Dipplin\n|-resisted|p1a: Dipplin\n|-damage|p1a: Dipplin|269/284 par\n|cant|p1a: Dipplin|par\n|\n|upkeep\n|turn|26\n|\n|t:|1722259911\n|move|p2a: Dedenne|Dazzling Gleam|p1a: Dipplin\n|-supereffective|p1a: Dipplin\n|-damage|p1a: Dipplin|161/284 par\n|move|p1a: Dipplin|Giga Drain|p2a: Dedenne\n|-crit|p2a: Dedenne\n|-damage|p2a: Dedenne|0 fnt\n|-heal|p1a: Dipplin|183/284 par|[from] drain|[of] p2a: Dedenne\n|faint|p2a: Dedenne\n|\n|upkeep\n|\n|t:|1722259920\n|switch|p2a: Houndoom|Houndoom, L86, M|137/269\n|turn|27\n|\n|t:|1722259927\n|move|p2a: Houndoom|Dark Pulse|p1a: Dipplin\n|-damage|p1a: Dipplin|111/284 par\n|cant|p1a: Dipplin|flinch\n|\n|upkeep\n|turn|28\n|\n|t:|1722259933\n|move|p2a: Houndoom|Nasty Plot|p2a: Houndoom\n|-boost|p2a: Houndoom|spa|2\n|move|p1a: Dipplin|Recover|p1a: Dipplin\n|-heal|p1a: Dipplin|253/284 par\n|\n|upkeep\n|turn|29\n|\n|t:|1722259937\n|move|p2a: Houndoom|Dark Pulse|p1a: Dipplin\n|-damage|p1a: Dipplin|126/284 par\n|cant|p1a: Dipplin|flinch\n|\n|upkeep\n|turn|30\n|\n|t:|1722259946\n|cant|p1a: Dipplin|par\n|move|p2a: Houndoom|Dark Pulse|p1a: Dipplin\n|-damage|p1a: Dipplin|0 fnt\n|faint|p1a: Dipplin\n|\n|upkeep\n|\n|t:|1722259948\n|switch|p1a: Azumarill|Azumarill, L82, M|66/298\n|turn|31\n|\n|t:|1722259959\n|switch|p2a: Chansey|Chansey, L85, F|564/564\n|move|p1a: Azumarill|Aqua Jet|p2a: Chansey\n|-damage|p2a: Chansey|440/564\n|\n|upkeep\n|turn|32\n|\n|t:|1722259965\n|switch|p2a: Houndoom|Houndoom, L86, M|137/269\n|switch|p1a: Pecharunt|Pecharunt, L77|262/262 par\n|\n|upkeep\n|turn|33\n|-message|Galarian Gas forfeited.\n|\n|win|FaZe Alec Baldwin\n|raw|Galarian Gas's rating: 2258 &rarr; <strong>2237</strong><br />(-21 for losing)\n|raw|FaZe Alec Baldwin's rating: 2242 &rarr; <strong>2263</strong><br />(+21 for winning)\n|l|\u2606Galarian Gas\n|player|p1|\n|l|\u203dFaZe Alec Baldwin\n|player|p2|\n|l| mfssonsofbitches\n|j|\u203dFaZe Alec Baldwin\n|player|p2|FaZe Alec Baldwin|drayden|\n", "inputlog": ">version 3c8c0ba6a3441824201ce9f0cf68dcc094963845\n>start {\"formatid\":\"gen9randombattle\",\"seed\":[3148,43502,44408,58205],\"rated\":\"Rated battle\"}\n>player p1 {\"name\":\"Galarian Gas\",\"avatar\":\"265\",\"rating\":2258,\"seed\":[26489,19470,7651,42348]}\n>player p2 {\"name\":\"FaZe Alec Baldwin\",\"avatar\":\"drayden\",\"rating\":2267,\"seed\":[46538,34401,10303,58036]}\n>p1 switch 4\n>p2 move moonblast\n>p1 move voltswitch\n>p2 move agility\n>p1 switch 6\n>p1 move bodyslam\n>p2 move moonblast\n>p1 move bodyslam\n>p2 move moonblast\n>p1 switch 6\n>p1 move boomburst\n>p2 move earthpower\n>p2 switch 5\n>p1 switch 4\n>p2 move doubleedge\n>p1 move liquidation\n>p2 move doubleedge\n>p1 move aquajet\n>p2 switch 6\n>p1 switch 3\n>p2 move closecombat\n>p1 switch 2\n>p2 switch 3\n>p1 move malignantchain\n>p2 move uturn\n>p2 switch 2\n>p1 switch 2\n>p2 move thunderwave\n>p1 move gigadrain\n>p2 switch 2\n>p1 switch 2\n>p2 move uturn\n>p2 switch 4\n>p1 switch 4\n>p2 move nastyplot\n>p1 move boomburst\n>p2 move darkpulse\n>p1 switch 3\n>p1 move aquajet\n>p2 switch 4\n>p1 switch 4\n>p2 move nuzzle\n>p1 move malignantchain\n>p2 move uturn\n>p2 switch 2\n>p1 switch 2\n>p2 move softboiled\n>p1 move gigadrain\n>p2 move seismictoss\n>p1 move recover\n>p2 switch 2\n>p1 move gigadrain\n>p2 move thunderbolt\n>p1 move gigadrain\n>p2 move thunderbolt\n>p1 move gigadrain\n>p2 move thunderbolt\n>p1 move gigadrain\n>p2 move dazzlinggleam\n>p2 switch 4\n>p1 move dragonpulse\n>p2 move darkpulse\n>p1 move recover\n>p2 move nastyplot\n>p1 move dragonpulse\n>p2 move darkpulse\n>p1 move suckerpunch\n>p2 move darkpulse\n>p1 switch 4\n>p1 move aquajet\n>p2 switch 2\n>p1 switch 2\n>p2 switch 2\n>forcelose p1", "uploadtime": 1722260043, "views": 155, "formatid": "gen9randombattle", "rating": 2237, "private": 0, "password": null}