{"id": "gen9randombattle-2211390784", "format": "[Gen 9] Random Battle", "players": ["N00BZ MUST B0W", "R3LT O1V7O2X9O"], "log": "|j|\u2606N00BZ MUST B0W\n|j|\u2606R3LT O1V7O2X9O\n|t:|1727507616\n|gametype|singles\n|player|p1|N00BZ MUST B0W|artist|2257\n|player|p2|R3LT O1V7O2X9O|carmine|2261\n|teamsize|p1|6\n|teamsize|p2|6\n|gen|9\n|tier|[Gen 9] Random Battle\n|rated|\n|rule|Species Clause: Limit one of each Pok\u00e9mon\n|rule|HP Percentage Mod: HP is shown in percentages\n|rule|Sleep Clause Mod: Limit one foe put to sleep\n|rule|Illusion Level Mod: Illusion disguises the Pok\u00e9mon's true level\n|\n|t:|1727507616\n|start\n|switch|p1a: Annihilape|Annihilape, L76, M|292/292\n|switch|p2a: Ogerpon|Ogerpon-Wellspring, L76, F|247/247\n|turn|1\n|\n|t:|1727507650\n|switch|p1a: Tauros|Tauros-Paldea-Combat, L83, M|260/260\n|-ability|p1a: Tauros|Intimidate|boost\n|-unboost|p2a: Ogerpon|atk|1\n|move|p2a: Ogerpon|Ivy Cudgel|p1a: Tauros|[anim] Ivy Cudgel Water\n|-damage|p1a: Tauros|193/260\n|\n|upkeep\n|turn|2\n|\n|t:|1727507667\n|switch|p2a: Dedenne|Dedenne, L88, F|261/261\n|move|p1a: Tauros|Close Combat|p2a: Dedenne\n|-resisted|p2a: Dedenne\n|-damage|p2a: Dedenne|126/261\n|-unboost|p1a: Tauros|def|1\n|-unboost|p1a: Tauros|spd|1\n|-enditem|p2a: Dedenne|Sitrus Berry|[eat]\n|-heal|p2a: Dedenne|191/261|[from] item: Sitrus Berry\n|-heal|p2a: Dedenne|261/261|[from] ability: Cheek Pouch\n|\n|upkeep\n|turn|3\n|\n|t:|1727507686\n|switch|p1a: Uxie|Uxie, L83|260/260\n|move|p2a: Dedenne|Dazzling Gleam|p1a: Uxie\n|-damage|p1a: Uxie|196/260\n|\n|-heal|p1a: Uxie|212/260|[from] item: Leftovers\n|upkeep\n|turn|4\n|j| Petros\n|\n|t:|1727507701\n|move|p2a: Dedenne|Nuzzle|p1a: Uxie\n|-damage|p1a: Uxie|199/260\n|-status|p1a: Uxie|par\n|move|p1a: Uxie|Stealth Rock|p2a: Dedenne\n|-sidestart|p2: R3LT O1V7O2X9O|move: Stealth Rock\n|\n|-heal|p1a: Uxie|215/260 par|[from] item: Leftovers\n|upkeep\n|turn|5\n|\n|t:|1727507716\n|move|p2a: Dedenne|U-turn|p1a: Uxie\n|-supereffective|p1a: Uxie\n|-damage|p1a: Uxie|153/260 par\n|\n|t:|1727507729\n|switch|p2a: Sunflora|Sunflora, M|312/312|[from] U-turn\n|-damage|p2a: Sunflora|273/312|[from] Stealth Rock\n|move|p1a: Uxie|Psychic Noise|p2a: Sunflora\n|-damage|p2a: Sunflora|216/312\n|-start|p2a: Sunflora|move: Heal Block\n|\n|-heal|p1a: Uxie|169/260 par|[from] item: Leftovers\n|upkeep\n|turn|6\n|\n|t:|1727507737\n|switch|p1a: Dipplin|Dipplin, L88, M|284/284\n|move|p2a: Sunflora|Leaf Storm|p1a: Dipplin\n|-resisted|p1a: Dipplin\n|-damage|p1a: Dipplin|227/284\n|-unboost|p2a: Sunflora|spa|2\n|\n|-end|p2a: Sunflora|move: Heal Block\n|upkeep\n|turn|7\n|\n|t:|1727507749\n|switch|p2a: Ho-Oh|Ho-Oh, L71|268/268\n|move|p1a: Dipplin|Giga Drain|p2a: Ho-Oh\n|-resisted|p2a: Ho-Oh\n|-damage|p2a: Ho-Oh|252/268\n|-heal|p1a: Dipplin|235/284|[from] drain|[of] p2a: Ho-Oh\n|\n|upkeep\n|turn|8\n|\n|t:|1727507761\n|move|p2a: Ho-Oh|Brave Bird|p1a: Dipplin\n|-supereffective|p1a: Dipplin\n|-damage|p1a: Dipplin|115/284\n|-damage|p2a: Ho-Oh|212/268|[from] Recoil\n|move|p1a: Dipplin|Dragon Tail|p2a: Ho-Oh\n|-damage|p2a: Ho-Oh|140/268\n|drag|p2a: Iron Jugulis|Iron Jugulis, L78|275/275\n|-damage|p2a: Iron Jugulis|207/275|[from] Stealth Rock\n|\n|upkeep\n|turn|9\n|\n|t:|1727507783\n|switch|p1a: Duraludon|Duraludon, L82, M|249/249\n|move|p2a: Iron Jugulis|Hurricane|p1a: Duraludon\n|-resisted|p1a: Duraludon\n|-damage|p1a: Duraludon|162/249\n|\n|upkeep\n|turn|10\n|\n|t:|1727507801\n|-end|p2a: Iron Jugulis|Quark Drive|[silent]\n|switch|p2a: Dedenne|Dedenne, L88, F|261/261\n|-damage|p2a: Dedenne|229/261|[from] Stealth Rock\n|move|p1a: Duraludon|Flash Cannon|p2a: Dedenne\n|-damage|p2a: Dedenne|109/261\n|\n|upkeep\n|turn|11\n|\n|t:|1727507807\n|switch|p1a: Uxie|Uxie, L83|169/260 par\n|move|p2a: Dedenne|Dazzling Gleam|p1a: Uxie\n|-damage|p1a: Uxie|112/260 par\n|\n|-heal|p1a: Uxie|128/260 par|[from] item: Leftovers\n|upkeep\n|turn|12\n|\n|t:|1727507819\n|move|p2a: Dedenne|U-turn|p1a: Uxie\n|-supereffective|p1a: Uxie\n|-damage|p1a: Uxie|76/260 par\n|\n|t:|1727507823\n|switch|p2a: Sunflora|Sunflora, M|216/312|[from] U-turn\n|-damage|p2a: Sunflora|177/312|[from] Stealth Rock\n|move|p1a: Uxie|U-turn|p2a: Sunflora\n|-supereffective|p2a: Sunflora\n|-damage|p2a: Sunflora|81/312\n|inactive|Battle timer is ON: inactive players will automatically lose when time's up. (requested by R3LT O1V7O2X9O)\n|inactive|N00BZ MUST B0W has 120 seconds left.\n|inactive|N00BZ MUST B0W has 90 seconds left.\n|\n|t:|1727507942\n|switch|p1a: Tauros|Tauros-Paldea-Combat, L83, M|193/260|[from] U-turn\n|-ability|p1a: Tauros|Intimidate|boost\n|-unboost|p2a: Sunflora|atk|1\n|\n|upkeep\n|turn|13\n|\n|t:|1727507952\n|move|p1a: Tauros|Stone Edge|p2a: Sunflora\n|-damage|p2a: Sunflora|0 fnt\n|faint|p2a: Sunflora\n|\n|upkeep\n|\n|t:|1727507966\n|switch|p2a: Dedenne|Dedenne, L88, F|109/261\n|-damage|p2a: Dedenne|77/261|[from] Stealth Rock\n|turn|14\n|\n|t:|1727507984\n|switch|p1a: Duraludon|Duraludon, L82, M|162/249\n|move|p2a: Dedenne|Dazzling Gleam|p1a: Duraludon\n|-damage|p1a: Duraludon|84/249\n|\n|upkeep\n|turn|15\n|inactive|N00BZ MUST B0W has 120 seconds left.\n|\n|t:|1727508010\n|move|p2a: Dedenne|Dazzling Gleam|p1a: Duraludon\n|-damage|p1a: Duraludon|6/249\n|move|p1a: Duraludon|Flash Cannon|p2a: Dedenne\n|-damage|p2a: Dedenne|0 fnt\n|faint|p2a: Dedenne\n|\n|upkeep\n|inactive|R3LT O1V7O2X9O has 120 seconds left.\n|inactive|R3LT O1V7O2X9O has 90 seconds left.\n|\n|t:|1727508067\n|switch|p2a: Ogerpon|Ogerpon-Wellspring, L76, F|247/247\n|-damage|p2a: Ogerpon|217/247|[from] Stealth Rock\n|turn|16\n|\n|t:|1727508074\n|switch|p1a: Tauros|Tauros-Paldea-Combat, L83, M|193/260\n|-ability|p1a: Tauros|Intimidate|boost\n|-unboost|p2a: Ogerpon|atk|1\n|move|p2a: Ogerpon|Horn Leech|p1a: Tauros\n|-damage|p1a: Tauros|136/260\n|-heal|p2a: Ogerpon|246/247|[from] drain|[of] p1a: Tauros\n|\n|upkeep\n|turn|17\n|inactive|R3LT O1V7O2X9O has 90 seconds left.\n|\n|t:|1727508088\n|move|p1a: Tauros|Close Combat|p2a: Ogerpon\n|-damage|p2a: Ogerpon|2/247\n|-unboost|p1a: Tauros|def|1\n|-unboost|p1a: Tauros|spd|1\n|move|p2a: Ogerpon|Swords Dance|p2a: Ogerpon\n|-boost|p2a: Ogerpon|atk|2\n|\n|upkeep\n|turn|18\n|\n|t:|1727508096\n|move|p1a: Tauros|Close Combat|p2a: Ogerpon\n|-damage|p2a: Ogerpon|0 fnt\n|-unboost|p1a: Tauros|def|1\n|-unboost|p1a: Tauros|spd|1\n|faint|p2a: Ogerpon\n|\n|upkeep\n|c|\u2606N00BZ MUST B0W|gg\n|\n|t:|1727508102\n|switch|p2a: Ho-Oh|Ho-Oh, L71|229/268\n|turn|19\n|\n|t:|1727508110\n|switch|p1a: Uxie|Uxie, L83|76/260 par\n|move|p2a: Ho-Oh|Sacred Fire|p1a: Uxie\n|-damage|p1a: Uxie|7/260 par\n|\n|-heal|p1a: Uxie|23/260 par|[from] item: Leftovers\n|upkeep\n|turn|20\n|\n|t:|1727508116\n|move|p2a: Ho-Oh|Sacred Fire|p1a: Uxie\n|-damage|p1a: Uxie|0 fnt\n|faint|p1a: Uxie\n|\n|upkeep\n|inactive|N00BZ MUST B0W has 120 seconds left.\n|\n|t:|1727508169\n|switch|p1a: Gumshoos|Gumshoos, L95, M|321/321\n|turn|21\n|inactive|R3LT O1V7O2X9O has 120 seconds left.\n|\n|t:|1727508175\n|-terastallize|p1a: Gumshoos|Normal\n|move|p2a: Ho-Oh|Sacred Fire|p1a: Gumshoos\n|-damage|p1a: Gumshoos|207/321\n|move|p1a: Gumshoos|Double-Edge|p2a: Ho-Oh\n|-damage|p2a: Ho-Oh|0 fnt\n|faint|p2a: Ho-Oh\n|-damage|p1a: Gumshoos|131/321|[from] Recoil\n|\n|upkeep\n|inactive|R3LT O1V7O2X9O has 120 seconds left.\n|\n|t:|1727508188\n|switch|p2a: Dudunsparce|Dudunsparce, L82, M|339/339\n|-damage|p2a: Dudunsparce|297/339|[from] Stealth Rock\n|turn|22\n|inactive|N00BZ MUST B0W has 120 seconds left.\n|\n|t:|1727508218\n|-terastallize|p2a: Dudunsparce|Ghost\n|move|p1a: Gumshoos|Double-Edge|p2a: Dudunsparce\n|-immune|p2a: Dudunsparce\n|move|p2a: Dudunsparce|Calm Mind|p2a: Dudunsparce\n|-boost|p2a: Dudunsparce|spa|1\n|-boost|p2a: Dudunsparce|spd|1\n|\n|-heal|p2a: Dudunsparce|318/339|[from] item: Leftovers\n|upkeep\n|turn|23\n|\n|t:|1727508226\n|switch|p1a: Annihilape|Annihilape, L76, M|292/292\n|move|p2a: Dudunsparce|Calm Mind|p2a: Dudunsparce\n|-boost|p2a: Dudunsparce|spa|1\n|-boost|p2a: Dudunsparce|spd|1\n|\n|-heal|p2a: Dudunsparce|339/339|[from] item: Leftovers\n|upkeep\n|turn|24\n|\n|t:|1727508244\n|move|p1a: Annihilape|Taunt|p2a: Dudunsparce\n|-start|p2a: Dudunsparce|move: Taunt\n|move|p2a: Dudunsparce|Shadow Ball|p1a: Annihilape\n|-supereffective|p1a: Annihilape\n|-damage|p1a: Annihilape|0 fnt\n|faint|p1a: Annihilape\n|\n|upkeep\n|\n|t:|1727508249\n|switch|p1a: Gumshoos|Gumshoos, L95, M, tera:Normal|131/321\n|turn|25\n|\n|t:|1727508256\n|move|p1a: Gumshoos|Knock Off|p2a: Dudunsparce\n|-supereffective|p2a: Dudunsparce\n|-damage|p2a: Dudunsparce|19/339\n|-ability|p2a: Dudunsparce|Rattled|boost\n|-boost|p2a: Dudunsparce|spe|1\n|-enditem|p2a: Dudunsparce|Leftovers|[from] move: Knock Off|[of] p1a: Gumshoos\n|move|p2a: Dudunsparce|Boomburst|p1a: Gumshoos\n|-damage|p1a: Gumshoos|0 fnt\n|faint|p1a: Gumshoos\n|\n|upkeep\n|\n|t:|1727508265\n|switch|p1a: Tauros|Tauros-Paldea-Combat, L83, M|136/260\n|-ability|p1a: Tauros|Intimidate|boost\n|-unboost|p2a: Dudunsparce|atk|1\n|-ability|p2a: Dudunsparce|Rattled|boost\n|-boost|p2a: Dudunsparce|spe|1\n|turn|26\n|c|\u2606N00BZ MUST B0W|LOL\n|c|\u2606N00BZ MUST B0W|dude\n|inactive|N00BZ MUST B0W has 120 seconds left.\n|c|\u2606N00BZ MUST B0W|are you fucking kdiding me\n|c|\u2606R3LT O1V7O2X9O|lmao\n|c|\u2606N00BZ MUST B0W|intimidiate does that shit\n|c|\u2606R3LT O1V7O2X9O|I was waiting for this moment\n|c|\u2606N00BZ MUST B0W|i knew there was some stupid ass mechanic\n|c|\u2606N00BZ MUST B0W|ready to fuck me over\n|inactive|N00BZ MUST B0W has 90 seconds left.\n|c|\u2606R3LT O1V7O2X9O|bow\n|c|\u2606N00BZ MUST B0W|man i couldve sacced any poke and won this shit\n|c|\u2606N00BZ MUST B0W|had i known that\n|\n|t:|1727508326\n|switch|p1a: Duraludon|Duraludon, L82, M|6/249\n|move|p2a: Dudunsparce|Boomburst|p1a: Duraludon\n|-resisted|p1a: Duraludon\n|-damage|p1a: Duraludon|0 fnt\n|faint|p1a: Duraludon\n|\n|-end|p2a: Dudunsparce|move: Taunt\n|upkeep\n|\n|t:|1727508330\n|switch|p1a: Dipplin|Dipplin, L88, M|115/284\n|turn|27\n|\n|t:|1727508335\n|move|p2a: Dudunsparce|Boomburst|p1a: Dipplin\n|-damage|p1a: Dipplin|0 fnt\n|faint|p1a: Dipplin\n|\n|upkeep\n|\n|t:|1727508336\n|switch|p1a: Tauros|Tauros-Paldea-Combat, L83, M|136/260\n|-ability|p1a: Tauros|Intimidate|boost\n|-unboost|p2a: Dudunsparce|atk|1\n|-ability|p2a: Dudunsparce|Rattled|boost\n|-boost|p2a: Dudunsparce|spe|1\n|turn|28\n|-message|N00BZ MUST B0W forfeited.\n|\n|win|R3LT O1V7O2X9O\n|raw|N00BZ MUST B0W's rating: 2257 &rarr; <strong>2237</strong><br />(-20 for losing)\n|raw|R3LT O1V7O2X9O's rating: 2261 &rarr; <strong>2281</strong><br />(+20 for winning)\n|l|\u2606N00BZ MUST B0W\n|player|p1|\n|j|\u2606N00BZ MUST B0W\n|player|p1|N00BZ MUST B0W|artist|\n|l|\u2606N00BZ MUST B0W\n|player|p1|\n|l|\u2606R3LT O1V7O2X9O\n|player|p2|\n|j|\u2606N00BZ MUST B0W\n|player|p1|N00BZ MUST B0W|artist|\n", "inputlog": ">version 69ff0b2f47ddc97367302b06f7f2ae172fb214dd\n>start {\"formatid\":\"gen9randombattle\",\"seed\":[49728,54568,53936,19826],\"rated\":\"Rated battle\"}\n>player p1 {\"name\":\"N00BZ MUST B0W\",\"avatar\":\"artist\",\"rating\":2257,\"seed\":[6711,48183,58141,25214]}\n>player p2 {\"name\":\"R3LT O1V7O2X9O\",\"avatar\":\"carmine\",\"rating\":2261,\"seed\":[41868,16646,25205,37123]}\n>p1 switch 6\n>p2 move ivycudgel\n>p1 move closecombat\n>p2 switch 3\n>p1 switch 3\n>p2 move dazzlinggleam\n>p1 move stealthrock\n>p2 move nuzzle\n>p1 move psychicnoise\n>p2 move uturn\n>p2 switch 5\n>p1 switch 5\n>p2 move leafstorm\n>p1 move gigadrain\n>p2 switch 6\n>p1 move dragontail\n>p2 move bravebird\n>p1 switch 4\n>p2 move hurricane\n>p1 move flashcannon\n>p2 switch 5\n>p1 switch 5\n>p2 move dazzlinggleam\n>p1 move uturn\n>p2 move uturn\n>p2 switch 6\n>p1 switch 3\n>p1 move stoneedge\n>p2 move leafstorm\n>p2 switch 6\n>p1 switch 5\n>p2 move dazzlinggleam\n>p1 move flashcannon\n>p2 move dazzlinggleam\n>p2 switch 3\n>p1 switch 5\n>p2 move hornleech\n>p1 move closecombat\n>p2 move swordsdance\n>p1 move closecombat\n>p2 move hornleech\n>chat \u2606N00BZ MUST B0W|gg\n>p2 switch 4\n>p1 switch 3\n>p2 move sacredfire\n>p1 move uturn\n>p2 move sacredfire\n>p1 switch 2\n>p1 move doubleedge terastallize\n>p2 move sacredfire\n>p2 switch 2\n>p1 move doubleedge\n>p2 move calmmind terastallize\n>p1 switch 6\n>p2 move calmmind\n>p1 move taunt\n>p2 move shadowball\n>p1 switch 6\n>p1 move knockoff\n>p2 move boomburst\n>p1 switch 3\n>chat \u2606N00BZ MUST B0W|LOL\n>chat \u2606N00BZ MUST B0W|dude\n>chat \u2606N00BZ MUST B0W|are you fucking kdiding me\n>chat \u2606R3LT O1V7O2X9O|lmao\n>chat \u2606N00BZ MUST B0W|intimidiate does that shit\n>chat \u2606R3LT O1V7O2X9O|I was waiting for this moment\n>chat \u2606N00BZ MUST B0W|i knew there was some stupid ass mechanic\n>chat \u2606N00BZ MUST B0W|ready to fuck me over\n>chat \u2606R3LT O1V7O2X9O|bow\n>chat \u2606N00BZ MUST B0W|man i couldve sacced any poke and won this shit\n>chat \u2606N00BZ MUST B0W|had i known that\n>p1 switch 5\n>p2 move boomburst\n>p1 switch 4\n>p1 move dragontail\n>p2 move boomburst\n>p1 switch 5\n>forcelose p1", "uploadtime": 1727508344, "views": 112, "formatid": "gen9randombattle", "rating": 2237, "private": 0, "password": null}