{"id": "gen9randombattle-2260539207", "format": "[Gen 9] Random Battle", "players": ["IamYOJIT", "eviolite girafarig"], "log": "|j|\u2606IamYOJIT\n|j|\u2606eviolite girafarig\n|t:|1733861452\n|gametype|singles\n|player|p1|IamYOJIT|silver|1127\n|player|p2|eviolite girafarig|waitress|1164\n|teamsize|p1|6\n|teamsize|p2|6\n|gen|9\n|tier|[Gen 9] Random Battle\n|rated|\n|rule|Species Clause: Limit one of each Pok\u00e9mon\n|rule|HP Percentage Mod: HP is shown in percentages\n|rule|Sleep Clause Mod: Limit one foe put to sleep\n|rule|Illusion Level Mod: Illusion disguises the Pok\u00e9mon's true level\n|\n|t:|1733861452\n|start\n|switch|p1a: Ludicolo|Ludicolo, L90, M|290/290\n|switch|p2a: Seviper|Seviper, L93, F|287/287\n|turn|1\n|\n|t:|1733861488\n|switch|p1a: Oinkologne|Oinkologne-F, L92, F|361/361\n|move|p2a: Seviper|Gunk Shot|p1a: Oinkologne\n|-damage|p1a: Oinkologne|122/361\n|-damage|p2a: Seviper|259/287|[from] item: Life Orb\n|\n|-heal|p1a: Oinkologne|144/361|[from] item: Leftovers\n|upkeep\n|turn|2\n|\n|t:|1733861502\n|move|p2a: Seviper|Glare|p1a: Oinkologne\n|-status|p1a: Oinkologne|par\n|move|p1a: Oinkologne|High Horsepower|p2a: Seviper\n|-supereffective|p2a: Seviper\n|-damage|p2a: Seviper|89/287\n|\n|-heal|p1a: Oinkologne|166/361 par|[from] item: Leftovers\n|upkeep\n|turn|3\n|\n|t:|1733861520\n|move|p2a: Seviper|Gunk Shot|p1a: Oinkologne|[miss]\n|-miss|p2a: Seviper|p1a: Oinkologne\n|move|p1a: Oinkologne|High Horsepower|p2a: Seviper\n|-supereffective|p2a: Seviper\n|-damage|p2a: Seviper|0 fnt\n|faint|p2a: Seviper\n|\n|-heal|p1a: Oinkologne|188/361 par|[from] item: Leftovers\n|upkeep\n|\n|t:|1733861524\n|switch|p2a: Decidueye|Decidueye, L88, F|281/281\n|turn|4\n|\n|t:|1733861553\n|move|p2a: Decidueye|Leaf Blade|p1a: Oinkologne\n|-damage|p1a: Oinkologne|15/361 par\n|-damage|p2a: Decidueye|253/281|[from] item: Life Orb\n|move|p1a: Oinkologne|Curse|p1a: Oinkologne\n|-unboost|p1a: Oinkologne|spe|1\n|-boost|p1a: Oinkologne|atk|1\n|-boost|p1a: Oinkologne|def|1\n|\n|-heal|p1a: Oinkologne|37/361 par|[from] item: Leftovers\n|upkeep\n|turn|5\n|\n|t:|1733861568\n|move|p2a: Decidueye|Swords Dance|p2a: Decidueye\n|-boost|p2a: Decidueye|atk|2\n|move|p1a: Oinkologne|Lash Out|p2a: Decidueye\n|-supereffective|p2a: Decidueye\n|-damage|p2a: Decidueye|73/281\n|\n|-heal|p1a: Oinkologne|59/361 par|[from] item: Leftovers\n|upkeep\n|turn|6\n|\n|t:|1733861577\n|move|p2a: Decidueye|Leaf Blade|p1a: Oinkologne\n|-damage|p1a: Oinkologne|0 fnt\n|faint|p1a: Oinkologne\n|-damage|p2a: Decidueye|45/281|[from] item: Life Orb\n|\n|upkeep\n|\n|t:|1733861587\n|switch|p1a: Polteageist|Polteageist-Antique, L79|224/224\n|turn|7\n|\n|t:|1733861592\n|move|p2a: Decidueye|Shadow Sneak|p1a: Polteageist\n|-supereffective|p1a: Polteageist\n|-damage|p1a: Polteageist|0 fnt\n|-start|p2a: Decidueye|Disable|Shadow Sneak|[from] ability: Cursed Body|[of] p1a: Polteageist\n|faint|p1a: Polteageist\n|-damage|p2a: Decidueye|17/281|[from] item: Life Orb\n|\n|upkeep\n|\n|t:|1733861601\n|switch|p1a: Torkoal|Torkoal, L88, M|266/266\n|-weather|SunnyDay|[from] ability: Drought|[of] p1a: Torkoal\n|turn|8\n|\n|t:|1733861614\n|switch|p2a: Garchomp|Garchomp, L74, M|282/282\n|move|p1a: Torkoal|Lava Plume|p2a: Garchomp\n|-resisted|p2a: Garchomp\n|-damage|p2a: Garchomp|210/282\n|\n|-weather|SunnyDay|[upkeep]\n|upkeep\n|turn|9\n|\n|t:|1733861624\n|move|p2a: Garchomp|Earthquake|p1a: Torkoal\n|-supereffective|p1a: Torkoal\n|-damage|p1a: Torkoal|120/266\n|move|p1a: Torkoal|Yawn|p2a: Garchomp\n|-start|p2a: Garchomp|move: Yawn|[of] p1a: Torkoal\n|\n|-weather|SunnyDay|[upkeep]\n|upkeep\n|turn|10\n|\n|t:|1733861641\n|-terastallize|p1a: Torkoal|Grass\n|move|p2a: Garchomp|Earthquake|p1a: Torkoal\n|-resisted|p1a: Torkoal\n|-damage|p1a: Torkoal|84/266\n|move|p1a: Torkoal|Stealth Rock|p2a: Garchomp\n|-sidestart|p2: eviolite girafarig|move: Stealth Rock\n|\n|-weather|SunnyDay|[upkeep]\n|-end|p2a: Garchomp|move: Yawn|[silent]\n|-status|p2a: Garchomp|slp\n|upkeep\n|turn|11\n|\n|t:|1733861655\n|cant|p2a: Garchomp|slp\n|move|p1a: Torkoal|Lava Plume|p2a: Garchomp\n|-resisted|p2a: Garchomp\n|-damage|p2a: Garchomp|141/282 slp\n|\n|-weather|SunnyDay|[upkeep]\n|upkeep\n|turn|12\n|\n|t:|1733861666\n|cant|p2a: Garchomp|slp\n|move|p1a: Torkoal|Lava Plume|p2a: Garchomp\n|-resisted|p2a: Garchomp\n|-damage|p2a: Garchomp|63/282 slp\n|\n|-weather|none\n|upkeep\n|turn|13\n|\n|t:|1733861685\n|-curestatus|p2a: Garchomp|slp|[msg]\n|move|p2a: Garchomp|Stealth Rock|p1a: Torkoal\n|-sidestart|p1: IamYOJIT|move: Stealth Rock\n|move|p1a: Torkoal|Lava Plume|p2a: Garchomp\n|-resisted|p2a: Garchomp\n|-damage|p2a: Garchomp|15/282\n|\n|upkeep\n|turn|14\n|\n|t:|1733861693\n|move|p2a: Garchomp|Earthquake|p1a: Torkoal\n|-resisted|p1a: Torkoal\n|-damage|p1a: Torkoal|49/266\n|move|p1a: Torkoal|Lava Plume|p2a: Garchomp\n|-resisted|p2a: Garchomp\n|-damage|p2a: Garchomp|0 fnt\n|faint|p2a: Garchomp\n|\n|upkeep\n|\n|t:|1733861698\n|switch|p2a: Groudon|Groudon, L72|263/263\n|-damage|p2a: Groudon|247/263|[from] Stealth Rock\n|-weather|SunnyDay|[from] ability: Drought|[of] p2a: Groudon\n|turn|15\n|\n|t:|1733861709\n|move|p2a: Groudon|Heat Crash|p1a: Torkoal\n|-supereffective|p1a: Torkoal\n|-damage|p1a: Torkoal|0 fnt\n|faint|p1a: Torkoal\n|\n|-weather|SunnyDay|[upkeep]\n|-heal|p2a: Groudon|263/263|[from] item: Leftovers\n|upkeep\n|\n|t:|1733861719\n|switch|p1a: Ludicolo|Ludicolo, L90, M|290/290\n|-damage|p1a: Ludicolo|254/290|[from] Stealth Rock\n|turn|16\n|\n|t:|1733861761\n|move|p1a: Ludicolo|Hydro Pump|p2a: Groudon|[miss]\n|-miss|p1a: Ludicolo|p2a: Groudon\n|move|p2a: Groudon|Stone Edge|p1a: Ludicolo\n|-damage|p1a: Ludicolo|169/290\n|\n|-weather|SunnyDay|[upkeep]\n|upkeep\n|turn|17\n|\n|t:|1733861776\n|move|p1a: Ludicolo|Hydro Pump|p2a: Groudon\n|-supereffective|p2a: Groudon\n|-damage|p2a: Groudon|89/263\n|-damage|p1a: Ludicolo|140/290|[from] item: Life Orb\n|move|p2a: Groudon|Stone Edge|p1a: Ludicolo\n|-crit|p1a: Ludicolo\n|-damage|p1a: Ludicolo|9/290\n|\n|-weather|SunnyDay|[upkeep]\n|-heal|p2a: Groudon|105/263|[from] item: Leftovers\n|upkeep\n|turn|18\n|\n|t:|1733861808\n|move|p1a: Ludicolo|Hydro Pump|p2a: Groudon\n|-supereffective|p2a: Groudon\n|-crit|p2a: Groudon\n|-damage|p2a: Groudon|0 fnt\n|faint|p2a: Groudon\n|-damage|p1a: Ludicolo|0 fnt|[from] item: Life Orb\n|faint|p1a: Ludicolo\n|\n|-weather|SunnyDay|[upkeep]\n|upkeep\n|\n|t:|1733861822\n|switch|p1a: Magearna|Magearna, L77|250/250\n|switch|p2a: Decidueye|Decidueye, L88, F|17/281\n|-damage|p2a: Decidueye|0 fnt|[from] Stealth Rock\n|faint|p2a: Decidueye\n|-ability|p1a: Magearna|Soul-Heart|boost\n|-boost|p1a: Magearna|spa|1\n|-damage|p1a: Magearna|235/250|[from] Stealth Rock\n|\n|t:|1733861838\n|switch|p2a: Falinks|Falinks, L84|246/246\n|-damage|p2a: Falinks|231/246|[from] Stealth Rock\n|turn|19\n|\n|t:|1733861866\n|switch|p2a: Misdreavus|Misdreavus, L90, F|254/254\n|-damage|p2a: Misdreavus|223/254|[from] Stealth Rock\n|move|p1a: Magearna|Fleur Cannon|p2a: Misdreavus\n|-damage|p2a: Misdreavus|75/254\n|-unboost|p1a: Magearna|spa|2\n|\n|-weather|none\n|-heal|p1a: Magearna|250/250|[from] item: Leftovers\n|upkeep\n|turn|20\n|c|\u2606eviolite girafarig|player rolls worst type matchup known to man, asked to leave gen 9 random battles\n|\n|t:|1733861892\n|move|p2a: Misdreavus|Shadow Ball|p1a: Magearna\n|-damage|p1a: Magearna|165/250\n|move|p1a: Magearna|Shift Gear|p1a: Magearna\n|-boost|p1a: Magearna|spe|2\n|-boost|p1a: Magearna|atk|1\n|\n|-heal|p1a: Magearna|180/250|[from] item: Leftovers\n|upkeep\n|turn|21\n|\n|t:|1733861905\n|move|p1a: Magearna|Fleur Cannon|p2a: Misdreavus\n|-damage|p2a: Misdreavus|14/254\n|-unboost|p1a: Magearna|spa|2\n|move|p2a: Misdreavus|Will-O-Wisp|p1a: Magearna|[miss]\n|-miss|p2a: Misdreavus|p1a: Magearna\n|\n|-heal|p1a: Magearna|195/250|[from] item: Leftovers\n|upkeep\n|turn|22\n|\n|t:|1733861917\n|move|p1a: Magearna|Fleur Cannon|p2a: Misdreavus\n|-damage|p2a: Misdreavus|0 fnt\n|-unboost|p1a: Magearna|spa|2\n|faint|p2a: Misdreavus\n|-ability|p1a: Magearna|Soul-Heart|boost\n|-boost|p1a: Magearna|spa|1\n|\n|-heal|p1a: Magearna|210/250|[from] item: Leftovers\n|upkeep\n|\n|t:|1733861921\n|switch|p2a: Falinks|Falinks, L84|231/246\n|-damage|p2a: Falinks|216/246|[from] Stealth Rock\n|turn|23\n|\n|t:|1733861928\n|move|p1a: Magearna|Fleur Cannon|p2a: Falinks|[miss]\n|-miss|p1a: Magearna|p2a: Falinks\n|move|p2a: Falinks|No Retreat|p2a: Falinks\n|-boost|p2a: Falinks|atk|1\n|-boost|p2a: Falinks|def|1\n|-boost|p2a: Falinks|spa|1\n|-boost|p2a: Falinks|spd|1\n|-boost|p2a: Falinks|spe|1\n|-start|p2a: Falinks|move: No Retreat\n|\n|-heal|p1a: Magearna|225/250|[from] item: Leftovers\n|upkeep\n|turn|24\n|\n|t:|1733861938\n|move|p1a: Magearna|Fleur Cannon|p2a: Falinks\n|-supereffective|p2a: Falinks\n|-damage|p2a: Falinks|132/246\n|-unboost|p1a: Magearna|spa|2\n|move|p2a: Falinks|Iron Head|p1a: Magearna\n|-damage|p1a: Magearna|130/250\n|-damage|p2a: Falinks|108/246|[from] item: Life Orb\n|\n|-heal|p1a: Magearna|145/250|[from] item: Leftovers\n|upkeep\n|turn|25\n|\n|t:|1733861952\n|move|p1a: Magearna|Fleur Cannon|p2a: Falinks|[miss]\n|-miss|p1a: Magearna|p2a: Falinks\n|move|p2a: Falinks|Close Combat|p1a: Magearna\n|-damage|p1a: Magearna|0 fnt\n|-unboost|p2a: Falinks|def|1\n|-unboost|p2a: Falinks|spd|1\n|faint|p1a: Magearna\n|-damage|p2a: Falinks|84/246|[from] item: Life Orb\n|\n|upkeep\n|\n|t:|1733861962\n|switch|p1a: Dachsbun|Dachsbun, L92, M|254/254\n|-damage|p1a: Dachsbun|223/254|[from] Stealth Rock\n|turn|26\n|\n|t:|1733861974\n|move|p2a: Falinks|Iron Head|p1a: Dachsbun\n|-supereffective|p1a: Dachsbun\n|-damage|p1a: Dachsbun|49/254\n|-damage|p2a: Falinks|60/246|[from] item: Life Orb\n|cant|p1a: Dachsbun|flinch\n|\n|-heal|p1a: Dachsbun|64/254|[from] item: Leftovers\n|upkeep\n|turn|27\n|\n|t:|1733861985\n|move|p1a: Dachsbun|Protect|p1a: Dachsbun\n|-singleturn|p1a: Dachsbun|Protect\n|move|p2a: Falinks|Close Combat|p1a: Dachsbun\n|-activate|p1a: Dachsbun|move: Protect\n|\n|-heal|p1a: Dachsbun|79/254|[from] item: Leftovers\n|upkeep\n|turn|28\n|\n|t:|1733861993\n|move|p2a: Falinks|Iron Head|p1a: Dachsbun\n|-supereffective|p1a: Dachsbun\n|-damage|p1a: Dachsbun|0 fnt\n|faint|p1a: Dachsbun\n|-damage|p2a: Falinks|36/246|[from] item: Life Orb\n|\n|win|eviolite girafarig\n|raw|IamYOJIT's rating: 1127 &rarr; <strong>1105</strong><br />(-22 for losing)\n|raw|eviolite girafarig's rating: 1164 &rarr; <strong>1186</strong><br />(+22 for winning)\n", "inputlog": ">version bfd83cad13791eb5a5a409923076391caf6fb4d4\n>start {\"formatid\":\"gen9randombattle\",\"seed\":[26268,62774,5598,56888],\"rated\":\"Rated battle\"}\n>player p1 {\"name\":\"IamYOJIT\",\"avatar\":\"silver\",\"rating\":1127,\"seed\":[39636,8203,33756,20117]}\n>player p2 {\"name\":\"eviolite girafarig\",\"avatar\":\"waitress\",\"rating\":1164,\"seed\":[59285,44299,16329,18415]}\n>p1 switch 2\n>p2 move gunkshot\n>p1 move highhorsepower\n>p2 move glare\n>p1 move highhorsepower\n>p2 move gunkshot\n>p2 switch 5\n>p1 move curse\n>p2 move leafblade\n>p1 move lashout\n>p2 move swordsdance\n>p1 move lashout\n>p2 move leafblade\n>p1 switch 3\n>p1 move shadowball\n>p2 move shadowsneak\n>p1 switch 6\n>p1 move lavaplume\n>p2 switch 4\n>p1 move yawn\n>p2 move earthquake\n>p1 move stealthrock terastallize\n>p2 move earthquake\n>p1 move lavaplume\n>p2 move stealthrock\n>p1 move lavaplume\n>p2 move stealthrock\n>p1 move lavaplume\n>p2 move stealthrock\n>p1 move lavaplume\n>p2 move earthquake\n>p2 switch 2\n>p1 move yawn\n>p2 move heatcrash\n>p1 switch 2\n>p1 move hydropump\n>p2 move stoneedge\n>p1 move hydropump\n>p2 move stoneedge\n>p1 move hydropump\n>p2 move stoneedge\n>p1 switch 4\n>p2 switch 4\n>p2 switch 3\n>p1 move fleurcannon\n>p2 switch 6\n>chat \u2606eviolite girafarig|player rolls worst type matchup known to man, asked to leave gen 9 random battles\n>p1 move shiftgear\n>p2 move shadowball\n>p1 move fleurcannon\n>p2 move willowisp\n>p1 move fleurcannon\n>p2 move willowisp\n>p2 switch 6\n>p1 move fleurcannon\n>p2 move noretreat\n>p1 move fleurcannon\n>p2 move ironhead\n>p1 move fleurcannon\n>p2 move closecombat\n>p1 switch 5\n>p1 move playrough\n>p2 move ironhead\n>p1 move protect\n>p2 move closecombat\n>p1 move playrough\n>p2 move ironhead", "uploadtime": 1733861999, "views": 13, "formatid": "gen9randombattle", "rating": 1105, "private": 0, "password": null}