{"id": "gen9randombattle-2260379829", "format": "[Gen 9] Random Battle", "players": ["SteakBeater", "king jot"], "log": "|j|\u2606SteakBeater\n|j|\u203dking jot\n|t:|1733845873\n|gametype|singles\n|player|p1|SteakBeater|266|\n|player|p2|king jot|swimmerf|\n|teamsize|p1|6\n|teamsize|p2|6\n|gen|9\n|tier|[Gen 9] Random Battle\n|rule|Species Clause: Limit one of each Pok\u00e9mon\n|rule|HP Percentage Mod: HP is shown in percentages\n|rule|Sleep Clause Mod: Limit one foe put to sleep\n|rule|Illusion Level Mod: Illusion disguises the Pok\u00e9mon's true level\n|\n|t:|1733845873\n|start\n|switch|p1a: Cinderace|Cinderace, L77, F|249/249\n|switch|p2a: Dragonite|Dragonite, L74, M|257/257\n|turn|1\n|\n|t:|1733845903\n|move|p1a: Cinderace|Court Change||[still]\n|-start|p1a: Cinderace|typechange|Normal|[from] ability: Libero\n|-swapsideconditions\n|-fail|p1a: Cinderace\n|move|p2a: Dragonite|Dragon Dance|p2a: Dragonite\n|-boost|p2a: Dragonite|atk|1\n|-boost|p2a: Dragonite|spe|1\n|\n|upkeep\n|turn|2\n|\n|t:|1733845915\n|switch|p1a: Miraidon|Miraidon, L65|238/238\n|-fieldstart|move: Electric Terrain|[from] ability: Hadron Engine|[of] p1a: Miraidon\n|move|p2a: Dragonite|Dragon Dance|p2a: Dragonite\n|-boost|p2a: Dragonite|atk|1\n|-boost|p2a: Dragonite|spe|1\n|\n|upkeep\n|turn|3\n|\n|t:|1733845922\n|move|p2a: Dragonite|Earthquake|p1a: Miraidon\n|-supereffective|p1a: Miraidon\n|-damage|p1a: Miraidon|0 fnt\n|faint|p1a: Miraidon\n|\n|upkeep\n|\n|t:|1733845929\n|switch|p1a: Froslass|Froslass, L87, F|263/263\n|turn|4\n|\n|t:|1733845936\n|move|p2a: Dragonite|Outrage|p1a: Froslass\n|-damage|p1a: Froslass|0 fnt\n|-start|p2a: Dragonite|Disable|Outrage|[from] ability: Cursed Body|[of] p1a: Froslass\n|faint|p1a: Froslass\n|\n|upkeep\n|\n|t:|1733845939\n|switch|p1a: Cinderace|Cinderace, L77, F|249/249\n|turn|5\n|\n|t:|1733845943\n|cant|p2a: Dragonite|Disable|Outrage\n|move|p1a: Cinderace|Court Change||[still]\n|-start|p1a: Cinderace|typechange|Normal|[from] ability: Libero\n|-swapsideconditions\n|-fail|p1a: Cinderace\n|\n|-start|p2a: Dragonite|confusion|[fatigue]\n|upkeep\n|turn|6\n|\n|t:|1733845952\n|switch|p1a: Dragalge|Dragalge, L88, F|258/258\n|-activate|p2a: Dragonite|confusion\n|move|p2a: Dragonite|Dragon Dance|p2a: Dragonite\n|-boost|p2a: Dragonite|atk|1\n|-boost|p2a: Dragonite|spe|1\n|\n|-fieldend|move: Electric Terrain\n|upkeep\n|turn|7\n|\n|t:|1733845959\n|-activate|p2a: Dragonite|confusion\n|move|p2a: Dragonite|Earthquake|p1a: Dragalge\n|-supereffective|p1a: Dragalge\n|-damage|p1a: Dragalge|0 fnt\n|faint|p1a: Dragalge\n|\n|-end|p2a: Dragonite|Disable\n|upkeep\n|\n|t:|1733845963\n|switch|p1a: Cramorant|Cramorant, L86, F|261/261\n|turn|8\n|\n|t:|1733845976\n|-terastallize|p2a: Dragonite|Flying\n|-activate|p2a: Dragonite|confusion\n|move|p2a: Dragonite|Tera Blast|p1a: Cramorant|[anim] Tera Blast Flying\n|-damage|p1a: Cramorant|0 fnt\n|faint|p1a: Cramorant\n|\n|upkeep\n|\n|t:|1733845982\n|switch|p1a: Snorlax|Snorlax, L82, M|397/397\n|turn|9\n|-message|SteakBeater forfeited.\n|\n|win|king jot\n|l|\u2606SteakBeater\n|player|p1|\n", "inputlog": ">version bfd83cad13791eb5a5a409923076391caf6fb4d4\n>start {\"formatid\":\"gen9randombattle\",\"seed\":[65154,50069,26896,348]}\n>player p1 {\"name\":\"SteakBeater\",\"avatar\":\"266\",\"rating\":0,\"seed\":[26560,34093,17176,60058]}\n>player p2 {\"name\":\"king jot\",\"avatar\":\"swimmerf\",\"rating\":0,\"seed\":[32579,4701,33898,36581]}\n>p1 move courtchange\n>p2 move dragondance\n>p1 switch 3\n>p2 move dragondance\n>p1 move substitute\n>p2 move earthquake\n>p1 switch 4\n>p1 move tripleaxel\n>p2 move outrage\n>p1 switch 3\n>p1 move courtchange\n>p2 move outrage\n>p1 switch 2\n>p2 move dragondance\n>p1 move dracometeor\n>p2 move earthquake\n>p1 switch 5\n>p1 move defog\n>p2 move terablast terastallize\n>p1 switch 6\n>forcelose p1", "uploadtime": 1733845992, "views": 1, "formatid": "gen9randombattle", "rating": null, "private": 0, "password": null}