{"id": "gen9randombattle-2260661295", "format": "[Gen 9] Random Battle", "players": ["Seonplz", "eonplz"], "log": "|j|\u2606Seonplz\n|j|\u2606eonplz\n|t:|1733875196\n|gametype|singles\n|player|p1|Seonplz|169|\n|player|p2|eonplz|170|\n|teamsize|p1|6\n|teamsize|p2|6\n|gen|9\n|tier|[Gen 9] Random Battle\n|rule|Species Clause: Limit one of each Pok\u00e9mon\n|rule|HP Percentage Mod: HP is shown in percentages\n|rule|Sleep Clause Mod: Limit one foe put to sleep\n|rule|Illusion Level Mod: Illusion disguises the Pok\u00e9mon's true level\n|\n|t:|1733875196\n|start\n|switch|p1a: Snorlax|Snorlax, L82, F|397/397\n|switch|p2a: Raikou|Raikou, L81|278/278\n|-ability|p2a: Raikou|Pressure\n|turn|1\n|\n|t:|1733875234\n|move|p2a: Raikou|Calm Mind|p2a: Raikou\n|-boost|p2a: Raikou|spa|1\n|-boost|p2a: Raikou|spd|1\n|move|p1a: Snorlax|Curse|p1a: Snorlax\n|-unboost|p1a: Snorlax|spe|1\n|-boost|p1a: Snorlax|atk|1\n|-boost|p1a: Snorlax|def|1\n|\n|upkeep\n|turn|2\n|\n|t:|1733875255\n|move|p2a: Raikou|Shadow Ball|p1a: Snorlax\n|-immune|p1a: Snorlax\n|move|p1a: Snorlax|Body Slam|p2a: Raikou\n|-damage|p2a: Raikou|115/278\n|\n|-heal|p2a: Raikou|132/278|[from] item: Leftovers\n|upkeep\n|turn|3\n|\n|t:|1733875285\n|move|p2a: Raikou|Thunderbolt|p1a: Snorlax\n|-damage|p1a: Snorlax|276/397\n|move|p1a: Snorlax|Body Slam|p2a: Raikou\n|-damage|p2a: Raikou|0 fnt\n|faint|p2a: Raikou\n|\n|-heal|p1a: Snorlax|300/397|[from] item: Leftovers\n|upkeep\n|\n|t:|1733875307\n|switch|p2a: Incineroar|Incineroar, L82, F|290/290\n|-ability|p2a: Incineroar|Intimidate|boost\n|-unboost|p1a: Snorlax|atk|1\n|turn|4\n|l|\u2606Seonplz\n|player|p1|\n|j|\u2606Seonplz\n|player|p1|Seonplz|169|\n|n|\u2606Seonplz|seonplz\n|\n|t:|1733875347\n|move|p2a: Incineroar|Close Combat|p1a: Snorlax\n|-supereffective|p1a: Snorlax\n|-damage|p1a: Snorlax|136/397\n|-unboost|p2a: Incineroar|def|1\n|-unboost|p2a: Incineroar|spd|1\n|move|p1a: Snorlax|Body Slam|p2a: Incineroar\n|-damage|p2a: Incineroar|143/290\n|-status|p2a: Incineroar|par\n|\n|-heal|p1a: Snorlax|160/397|[from] item: Leftovers\n|upkeep\n|turn|5\n|\n|t:|1733875365\n|move|p2a: Incineroar|Close Combat|p1a: Snorlax\n|-supereffective|p1a: Snorlax\n|-damage|p1a: Snorlax|0 fnt\n|-unboost|p2a: Incineroar|def|1\n|-unboost|p2a: Incineroar|spd|1\n|faint|p1a: Snorlax\n|\n|upkeep\n|\n|t:|1733875371\n|switch|p1a: Misdreavus|Misdreavus, L90, F|254/254\n|turn|6\n|\n|t:|1733875383\n|-terastallize|p1a: Misdreavus|Fairy\n|move|p1a: Misdreavus|Calm Mind|p1a: Misdreavus\n|-boost|p1a: Misdreavus|spa|1\n|-boost|p1a: Misdreavus|spd|1\n|move|p2a: Incineroar|U-turn|p1a: Misdreavus\n|-resisted|p1a: Misdreavus\n|-damage|p1a: Misdreavus|232/254\n|\n|t:|1733875402\n|switch|p2a: Dunsparce|Dunsparce, L86, F|312/312|[from] U-turn\n|\n|upkeep\n|turn|7\n|\n|t:|1733875416\n|move|p1a: Misdreavus|Will-O-Wisp|p2a: Dunsparce\n|-status|p2a: Dunsparce|brn\n|move|p2a: Dunsparce|Coil|p2a: Dunsparce\n|-boost|p2a: Dunsparce|atk|1\n|-boost|p2a: Dunsparce|def|1\n|-boost|p2a: Dunsparce|accuracy|1\n|\n|-damage|p2a: Dunsparce|293/312 brn|[from] brn\n|upkeep\n|turn|8\n|inactive|Battle timer is ON: inactive players will automatically lose when time's up. (requested by Seonplz)\n|\n|t:|1733875457\n|move|p1a: Misdreavus|Calm Mind|p1a: Misdreavus\n|-boost|p1a: Misdreavus|spa|1\n|-boost|p1a: Misdreavus|spd|1\n|move|p2a: Dunsparce|Body Slam|p1a: Misdreavus\n|-damage|p1a: Misdreavus|187/254\n|-status|p1a: Misdreavus|par\n|\n|-damage|p2a: Dunsparce|274/312 brn|[from] brn\n|upkeep\n|turn|9\n|\n|t:|1733875479\n|move|p2a: Dunsparce|Body Slam|p1a: Misdreavus\n|-damage|p1a: Misdreavus|139/254 par\n|move|p1a: Misdreavus|Calm Mind|p1a: Misdreavus\n|-boost|p1a: Misdreavus|spa|1\n|-boost|p1a: Misdreavus|spd|1\n|\n|-damage|p2a: Dunsparce|255/312 brn|[from] brn\n|upkeep\n|turn|10\n|inactive|eonplz has 270 seconds left.\n|\n|t:|1733875507\n|move|p2a: Dunsparce|Roost|p2a: Dunsparce\n|-heal|p2a: Dunsparce|312/312 brn\n|-singleturn|p2a: Dunsparce|move: Roost\n|move|p1a: Misdreavus|Draining Kiss|p2a: Dunsparce\n|-damage|p2a: Dunsparce|185/312 brn\n|-heal|p1a: Misdreavus|234/254 par|[from] drain|[of] p2a: Dunsparce\n|\n|-damage|p2a: Dunsparce|166/312 brn|[from] brn\n|upkeep\n|turn|11\n|inactive|eonplz has 270 seconds left.\n|\n|t:|1733875516\n|move|p2a: Dunsparce|Roost|p2a: Dunsparce\n|-heal|p2a: Dunsparce|312/312 brn\n|-singleturn|p2a: Dunsparce|move: Roost\n|move|p1a: Misdreavus|Calm Mind|p1a: Misdreavus\n|-boost|p1a: Misdreavus|spa|1\n|-boost|p1a: Misdreavus|spd|1\n|\n|-damage|p2a: Dunsparce|293/312 brn|[from] brn\n|upkeep\n|turn|12\n|\n|t:|1733875526\n|move|p2a: Dunsparce|Coil|p2a: Dunsparce\n|-boost|p2a: Dunsparce|atk|1\n|-boost|p2a: Dunsparce|def|1\n|-boost|p2a: Dunsparce|accuracy|1\n|move|p1a: Misdreavus|Calm Mind|p1a: Misdreavus\n|-boost|p1a: Misdreavus|spa|1\n|-boost|p1a: Misdreavus|spd|1\n|\n|-damage|p2a: Dunsparce|274/312 brn|[from] brn\n|upkeep\n|turn|13\n|inactive|eonplz has 270 seconds left.\n|\n|t:|1733875560\n|move|p2a: Dunsparce|Body Slam|p1a: Misdreavus\n|-damage|p1a: Misdreavus|168/254 par\n|cant|p1a: Misdreavus|par\n|\n|-damage|p2a: Dunsparce|255/312 brn|[from] brn\n|upkeep\n|turn|14\n|\n|t:|1733875569\n|move|p2a: Dunsparce|Body Slam|p1a: Misdreavus\n|-damage|p1a: Misdreavus|105/254 par\n|cant|p1a: Misdreavus|par\n|\n|-damage|p2a: Dunsparce|236/312 brn|[from] brn\n|upkeep\n|turn|15\n|\n|t:|1733875579\n|move|p2a: Dunsparce|Body Slam|p1a: Misdreavus\n|-damage|p1a: Misdreavus|45/254 par\n|move|p1a: Misdreavus|Draining Kiss|p2a: Dunsparce\n|-damage|p2a: Dunsparce|52/312 brn\n|-heal|p1a: Misdreavus|183/254 par|[from] drain|[of] p2a: Dunsparce\n|\n|-damage|p2a: Dunsparce|33/312 brn|[from] brn\n|upkeep\n|turn|16\n|inactive|eonplz has 270 seconds left.\n|\n|t:|1733875590\n|move|p2a: Dunsparce|Roost|p2a: Dunsparce\n|-heal|p2a: Dunsparce|189/312 brn\n|-singleturn|p2a: Dunsparce|move: Roost\n|move|p1a: Misdreavus|Draining Kiss|p2a: Dunsparce\n|-damage|p2a: Dunsparce|0 fnt\n|-heal|p1a: Misdreavus|254/254 par|[from] drain|[of] p2a: Dunsparce\n|faint|p2a: Dunsparce\n|\n|upkeep\n|\n|t:|1733875604\n|switch|p2a: Incineroar|Incineroar, L82, F|143/290 par\n|-ability|p2a: Incineroar|Intimidate|boost\n|-unboost|p1a: Misdreavus|atk|1\n|turn|17\n|\n|t:|1733875613\n|move|p1a: Misdreavus|Draining Kiss|p2a: Incineroar\n|-damage|p2a: Incineroar|0 fnt\n|faint|p2a: Incineroar\n|\n|upkeep\n|\n|t:|1733875627\n|switch|p2a: Chimecho|Chimecho, L93, F|290/290\n|turn|18\n|\n|t:|1733875638\n|move|p2a: Chimecho|Psychic Noise|p1a: Misdreavus\n|-damage|p1a: Misdreavus|235/254 par\n|-start|p1a: Misdreavus|move: Heal Block\n|move|p1a: Misdreavus|Shadow Ball|p2a: Chimecho\n|-supereffective|p2a: Chimecho\n|-damage|p2a: Chimecho|0 fnt\n|faint|p2a: Chimecho\n|\n|upkeep\n|inactive|eonplz has 240 seconds left.\n|\n|t:|1733875665\n|switch|p2a: Lunala|Lunala, L70|308/308\n|turn|19\n|inactive|eonplz has 240 seconds left.\n|\n|t:|1733875681\n|move|p2a: Lunala|Moonblast|p1a: Misdreavus\n|-damage|p1a: Misdreavus|222/254 par\n|-unboost|p1a: Misdreavus|spa|1\n|move|p1a: Misdreavus|Shadow Ball|p2a: Lunala\n|-supereffective|p2a: Lunala\n|-damage|p2a: Lunala|0 fnt\n|faint|p2a: Lunala\n|\n|-end|p1a: Misdreavus|move: Heal Block\n|upkeep\n|\n|t:|1733875693\n|switch|p2a: Leavanny|Leavanny, L86, M|269/269\n|turn|20\n|\n|t:|1733875697\n|move|p2a: Leavanny|Sticky Web|p1a: Misdreavus\n|-sidestart|p1: Seonplz|move: Sticky Web\n|cant|p1a: Misdreavus|par\n|\n|upkeep\n|turn|21\n|\n|t:|1733875704\n|move|p2a: Leavanny|Leaf Blade|p1a: Misdreavus\n|-damage|p1a: Misdreavus|137/254 par\n|move|p1a: Misdreavus|Draining Kiss|p2a: Leavanny\n|-damage|p2a: Leavanny|55/269\n|-heal|p1a: Misdreavus|254/254 par|[from] drain|[of] p2a: Leavanny\n|\n|upkeep\n|turn|22\n|inactive|eonplz has 240 seconds left.\n|\n|t:|1733875722\n|move|p2a: Leavanny|Knock Off|p1a: Misdreavus\n|-resisted|p1a: Misdreavus\n|-damage|p1a: Misdreavus|223/254 par\n|-enditem|p1a: Misdreavus|Eviolite|[from] move: Knock Off|[of] p2a: Leavanny\n|move|p1a: Misdreavus|Draining Kiss|p2a: Leavanny\n|-damage|p2a: Leavanny|0 fnt\n|-heal|p1a: Misdreavus|254/254 par|[from] drain|[of] p2a: Leavanny\n|faint|p2a: Leavanny\n|\n|win|Seonplz\n", "inputlog": ">version bfd83cad13791eb5a5a409923076391caf6fb4d4\n>start {\"formatid\":\"gen9randombattle\",\"seed\":[50796,61185,16849,8136]}\n>player p1 {\"name\":\"Seonplz\",\"avatar\":\"169\",\"rating\":0,\"seed\":[11259,8273,62347,16930]}\n>player p2 {\"name\":\"eonplz\",\"avatar\":\"170\",\"rating\":0,\"seed\":[39117,51655,38850,39149]}\n>p1 move curse\n>p2 move calmmind\n>p1 move bodyslam\n>p2 move shadowball\n>p1 move bodyslam\n>p2 move thunderbolt\n>p2 switch 6\n>p1 move bodyslam\n>p2 move closecombat\n>p1 move rest\n>p2 move closecombat\n>p1 switch 2\n>p1 move calmmind terastallize\n>p2 move uturn\n>p2 switch 5\n>p1 move willowisp\n>p2 move coil\n>p1 move calmmind\n>p2 move bodyslam\n>p1 move calmmind\n>p2 move bodyslam\n>p1 move drainingkiss\n>p2 move roost\n>p1 move calmmind\n>p2 move roost\n>p1 move calmmind\n>p2 move coil\n>p1 move drainingkiss\n>p2 move bodyslam\n>p1 move calmmind\n>p2 move bodyslam\n>p1 move drainingkiss\n>p2 move bodyslam\n>p1 move drainingkiss\n>p2 move roost\n>p2 switch 5\n>p1 move drainingkiss\n>p2 move closecombat\n>p2 switch 3\n>p1 move shadowball\n>p2 move psychicnoise\n>p2 switch 2\n>p1 move shadowball\n>p2 move moonblast\n>p2 switch 4\n>p1 move drainingkiss\n>p2 move stickyweb\n>p1 move drainingkiss\n>p2 move leafblade\n>p1 move drainingkiss\n>p2 move knockoff", "uploadtime": 1733875729, "views": 6, "formatid": "gen9randombattle", "rating": null, "private": 0, "password": null}