{"id": "gen9randombattle-2260918132", "format": "[Gen 9] Random Battle", "players": ["yeksimmuc", "Sergioem"], "log": "|j|\u2606yeksimmuc\n|j|\u2606Sergioem\n|t:|1733916550\n|gametype|singles\n|player|p1|yeksimmuc|koga|1402\n|player|p2|Sergioem|1|1451\n|teamsize|p1|6\n|teamsize|p2|6\n|gen|9\n|tier|[Gen 9] Random Battle\n|rated|\n|rule|Species Clause: Limit one of each Pok\u00e9mon\n|rule|HP Percentage Mod: HP is shown in percentages\n|rule|Sleep Clause Mod: Limit one foe put to sleep\n|rule|Illusion Level Mod: Illusion disguises the Pok\u00e9mon's true level\n|\n|t:|1733916550\n|start\n|switch|p1a: Milotic|Milotic, L83, F|293/293\n|switch|p2a: Ariados|Ariados, L95, M|287/287\n|turn|1\n|inactive|Battle timer is ON: inactive players will automatically lose when time's up. (requested by Sergioem)\n|\n|t:|1733916561\n|move|p1a: Milotic|Flip Turn|p2a: Ariados\n|-damage|p2a: Ariados|239/287\n|\n|t:|1733916568\n|switch|p1a: Charizard|Charizard, L85, M|271/271|[from] Flip Turn\n|move|p2a: Ariados|Sticky Web|p1a: Charizard\n|-sidestart|p1: yeksimmuc|move: Sticky Web\n|\n|upkeep\n|turn|2\n|\n|t:|1733916584\n|switch|p2a: Bruxish|Bruxish, L85, F|254/254\n|move|p1a: Charizard|Dragon Dance|p1a: Charizard\n|-boost|p1a: Charizard|atk|1\n|-boost|p1a: Charizard|spe|1\n|\n|upkeep\n|turn|3\n|\n|t:|1733916595\n|-terastallize|p1a: Charizard|Dragon\n|move|p1a: Charizard|Dragon Dance|p1a: Charizard\n|-boost|p1a: Charizard|atk|1\n|-boost|p1a: Charizard|spe|1\n|move|p2a: Bruxish|Wave Crash|p1a: Charizard\n|-resisted|p1a: Charizard\n|-damage|p1a: Charizard|151/271\n|-damage|p2a: Bruxish|214/254|[from] Recoil\n|\n|upkeep\n|turn|4\n|\n|t:|1733916614\n|switch|p2a: Alcremie|Alcremie-Salted-Cream, L90, F|263/263\n|move|p1a: Charizard|Outrage|p2a: Alcremie\n|-immune|p2a: Alcremie\n|\n|upkeep\n|turn|5\n|\n|t:|1733916621\n|move|p1a: Charizard|Earthquake|p2a: Alcremie\n|-damage|p2a: Alcremie|133/263\n|move|p2a: Alcremie|Alluring Voice|p1a: Charizard\n|-supereffective|p1a: Charizard\n|-damage|p1a: Charizard|0 fnt\n|faint|p1a: Charizard\n|\n|-heal|p2a: Alcremie|149/263|[from] item: Leftovers\n|upkeep\n|\n|t:|1733916635\n|switch|p1a: Krookodile|Krookodile, L80, M|283/283\n|-activate|p1a: Krookodile|move: Sticky Web\n|-unboost|p1a: Krookodile|spe|1\n|-ability|p1a: Krookodile|Intimidate|boost\n|-unboost|p2a: Alcremie|atk|1\n|turn|6\n|\n|t:|1733916642\n|move|p2a: Alcremie|Alluring Voice|p1a: Krookodile\n|-supereffective|p1a: Krookodile\n|-damage|p1a: Krookodile|37/283\n|move|p1a: Krookodile|Gunk Shot|p2a: Alcremie\n|-supereffective|p2a: Alcremie\n|-damage|p2a: Alcremie|0 fnt\n|faint|p2a: Alcremie\n|-damage|p1a: Krookodile|9/283|[from] item: Life Orb\n|\n|upkeep\n|inactive|Sergioem has 120 seconds left.\n|\n|t:|1733916675\n|switch|p2a: Meowscarada|Meowscarada, L78, F|247/247\n|turn|7\n|\n|t:|1733916678\n|move|p2a: Meowscarada|Flower Trick|p1a: Krookodile\n|-start|p2a: Meowscarada|typechange|Grass|[from] ability: Protean\n|-supereffective|p1a: Krookodile\n|-crit|p1a: Krookodile\n|-damage|p1a: Krookodile|0 fnt\n|faint|p1a: Krookodile\n|\n|upkeep\n|\n|t:|1733916690\n|switch|p1a: Chesnaught|Chesnaught, L84, F|285/285\n|-activate|p1a: Chesnaught|move: Sticky Web\n|-unboost|p1a: Chesnaught|spe|1\n|turn|8\n|\n|t:|1733916700\n|switch|p2a: Ariados|Ariados, L95, M|239/287\n|move|p1a: Chesnaught|Body Press|p2a: Ariados\n|-resisted|p2a: Ariados\n|-damage|p2a: Ariados|213/287\n|\n|upkeep\n|turn|9\n|\n|t:|1733916711\n|switch|p1a: Electivire|Electivire, L84, F|263/263\n|-activate|p1a: Electivire|move: Sticky Web\n|-unboost|p1a: Electivire|spe|1\n|move|p2a: Ariados|Poison Jab|p1a: Electivire\n|-damage|p1a: Electivire|128/263\n|\n|upkeep\n|turn|10\n|\n|t:|1733916728\n|move|p1a: Electivire|Ice Punch|p2a: Ariados\n|-damage|p2a: Ariados|107/287\n|move|p2a: Ariados|Poison Jab|p1a: Electivire\n|-damage|p1a: Electivire|0 fnt\n|faint|p1a: Electivire\n|\n|upkeep\n|\n|t:|1733916739\n|switch|p1a: Milotic|Milotic, L83, F|293/293\n|-activate|p1a: Milotic|move: Sticky Web\n|-unboost|p1a: Milotic|spe|1\n|-ability|p1a: Milotic|Competitive|boost\n|-boost|p1a: Milotic|spa|2\n|turn|11\n|\n|t:|1733916747\n|move|p2a: Ariados|Knock Off|p1a: Milotic\n|-damage|p1a: Milotic|199/293\n|-enditem|p1a: Milotic|Leftovers|[from] move: Knock Off|[of] p2a: Ariados\n|move|p1a: Milotic|Scald|p2a: Ariados\n|-damage|p2a: Ariados|0 fnt\n|faint|p2a: Ariados\n|\n|upkeep\n|\n|t:|1733916760\n|switch|p2a: Meowscarada|Meowscarada, L78, F|247/247\n|turn|12\n|\n|t:|1733916764\n|move|p2a: Meowscarada|Flower Trick|p1a: Milotic\n|-start|p2a: Meowscarada|typechange|Grass|[from] ability: Protean\n|-supereffective|p1a: Milotic\n|-crit|p1a: Milotic\n|-damage|p1a: Milotic|0 fnt\n|faint|p1a: Milotic\n|\n|upkeep\n|\n|t:|1733916777\n|switch|p1a: Farigiraf|Farigiraf, L91, F|366/366\n|-activate|p1a: Farigiraf|move: Sticky Web\n|-unboost|p1a: Farigiraf|spe|1\n|turn|13\n|\n|t:|1733916787\n|switch|p2a: Bruxish|Bruxish, L85, F|214/254\n|move|p1a: Farigiraf|Body Slam|p2a: Bruxish\n|-damage|p2a: Bruxish|103/254\n|\n|upkeep\n|turn|14\n|\n|t:|1733916795\n|move|p2a: Bruxish|Psychic Fangs|p1a: Farigiraf\n|-resisted|p1a: Farigiraf\n|-damage|p1a: Farigiraf|250/366\n|move|p1a: Farigiraf|Wish|p1a: Farigiraf\n|\n|-heal|p1a: Farigiraf|272/366|[from] item: Leftovers\n|upkeep\n|turn|15\n|\n|t:|1733916802\n|switch|p2a: Meowscarada|Meowscarada, L78, F|247/247\n|move|p1a: Farigiraf|Body Slam|p2a: Meowscarada\n|-damage|p2a: Meowscarada|114/247\n|\n|-heal|p1a: Farigiraf|366/366|[from] move: Wish|[wisher] Farigiraf\n|upkeep\n|turn|16\n|\n|t:|1733916813\n|switch|p1a: Chesnaught|Chesnaught, L84, F|285/285\n|-activate|p1a: Chesnaught|move: Sticky Web\n|-unboost|p1a: Chesnaught|spe|1\n|move|p2a: Meowscarada|Knock Off|p1a: Chesnaught\n|-start|p2a: Meowscarada|typechange|Dark|[from] ability: Protean\n|-resisted|p1a: Chesnaught\n|-damage|p1a: Chesnaught|232/285\n|-enditem|p1a: Chesnaught|Leftovers|[from] move: Knock Off|[of] p2a: Meowscarada\n|\n|upkeep\n|turn|17\n|\n|t:|1733916826\n|switch|p2a: Archaludon|Archaludon, L78, F|268/268\n|move|p1a: Chesnaught|Trailblaze|p2a: Archaludon\n|-resisted|p2a: Archaludon\n|-damage|p2a: Archaludon|258/268\n|-boost|p1a: Chesnaught|spe|1\n|-ability|p2a: Archaludon|Stamina|boost\n|-boost|p2a: Archaludon|def|1\n|\n|upkeep\n|turn|18\n|\n|t:|1733916842\n|switch|p2a: Mismagius|Mismagius, L86, F|243/243\n|move|p1a: Chesnaught|Iron Defense|p1a: Chesnaught\n|-boost|p1a: Chesnaught|def|2\n|\n|upkeep\n|turn|19\n|\n|t:|1733916849\n|move|p2a: Mismagius|Mystical Fire|p1a: Chesnaught\n|-supereffective|p1a: Chesnaught\n|-damage|p1a: Chesnaught|20/285\n|-unboost|p1a: Chesnaught|spa|1\n|move|p1a: Chesnaught|Trailblaze|p2a: Mismagius\n|-damage|p2a: Mismagius|173/243\n|-boost|p1a: Chesnaught|spe|1\n|\n|upkeep\n|turn|20\n|\n|t:|1733916866\n|move|p1a: Chesnaught|Trailblaze|p2a: Mismagius\n|-damage|p2a: Mismagius|95/243\n|-boost|p1a: Chesnaught|spe|1\n|move|p2a: Mismagius|Mystical Fire|p1a: Chesnaught\n|-supereffective|p1a: Chesnaught\n|-damage|p1a: Chesnaught|0 fnt\n|faint|p1a: Chesnaught\n|\n|upkeep\n|\n|t:|1733916875\n|switch|p1a: Farigiraf|Farigiraf, L91, F|366/366\n|-activate|p1a: Farigiraf|move: Sticky Web\n|-unboost|p1a: Farigiraf|spe|1\n|turn|21\n|\n|t:|1733916884\n|move|p2a: Mismagius|Mystical Fire|p1a: Farigiraf\n|-damage|p1a: Farigiraf|264/366\n|-unboost|p1a: Farigiraf|spa|1\n|move|p1a: Farigiraf|Body Slam|p2a: Mismagius\n|-immune|p2a: Mismagius\n|\n|-heal|p1a: Farigiraf|286/366|[from] item: Leftovers\n|upkeep\n|turn|22\n|\n|t:|1733916893\n|move|p2a: Mismagius|Mystical Fire|p1a: Farigiraf\n|-damage|p1a: Farigiraf|188/366\n|-unboost|p1a: Farigiraf|spa|1\n|move|p1a: Farigiraf|Wish|p1a: Farigiraf\n|\n|-heal|p1a: Farigiraf|210/366|[from] item: Leftovers\n|upkeep\n|turn|23\n|-message|yeksimmuc forfeited.\n|\n|win|Sergioem\n|raw|yeksimmuc's rating: 1402 &rarr; <strong>1385</strong><br />(-17 for losing)\n|raw|Sergioem's rating: 1451 &rarr; <strong>1468</strong><br />(+17 for winning)\n|l|\u2606yeksimmuc\n|player|p1|\n", "inputlog": ">version bfd83cad13791eb5a5a409923076391caf6fb4d4\n>start {\"formatid\":\"gen9randombattle\",\"seed\":[33891,13318,58293,13729],\"rated\":\"Rated battle\"}\n>player p1 {\"name\":\"yeksimmuc\",\"avatar\":\"koga\",\"rating\":1402,\"seed\":[63589,26340,36819,35512]}\n>player p2 {\"name\":\"Sergioem\",\"avatar\":\"1\",\"rating\":1451,\"seed\":[54927,54386,52102,19959]}\n>p1 move flipturn\n>p2 move stickyweb\n>p1 switch 2\n>p1 move dragondance\n>p2 switch 3\n>p1 move dragondance terastallize\n>p2 move wavecrash\n>p1 move outrage\n>p2 switch 4\n>p1 move earthquake\n>p2 move alluringvoice\n>p1 switch 4\n>p1 move gunkshot\n>p2 move alluringvoice\n>p2 switch 5\n>p1 move knockoff\n>p2 move flowertrick\n>p1 switch 6\n>p1 move bodypress\n>p2 switch 3\n>p1 switch 3\n>p2 move poisonjab\n>p1 move icepunch\n>p2 move poisonjab\n>p1 switch 2\n>p1 move scald\n>p2 move knockoff\n>p2 switch 3\n>p1 move icebeam\n>p2 move flowertrick\n>p1 switch 5\n>p1 move bodyslam\n>p2 switch 4\n>p1 move wish\n>p2 move psychicfangs\n>p1 move bodyslam\n>p2 switch 4\n>p1 switch 3\n>p2 move knockoff\n>p1 move trailblaze\n>p2 switch 6\n>p1 move irondefense\n>p2 switch 2\n>p1 move trailblaze\n>p2 move mysticalfire\n>p1 move trailblaze\n>p2 move mysticalfire\n>p1 switch 3\n>p1 move bodyslam\n>p2 move mysticalfire\n>p1 move wish\n>p2 move mysticalfire\n>forcelose p1", "uploadtime": 1733916901, "views": 1, "formatid": "gen9randombattle", "rating": 1385, "private": 0, "password": null}