{"id": "gen9randombattle-2259990558", "format": "[Gen 9] Random Battle", "players": ["e2r4i", "Yoda174"], "log": "|j|\u2606e2r4i\n|j|\u2606Yoda174\n|t:|1733788271\n|gametype|singles\n|player|p1|e2r4i|2|1510\n|player|p2|Yoda174|volkner|1564\n|teamsize|p1|6\n|teamsize|p2|6\n|gen|9\n|tier|[Gen 9] Random Battle\n|rated|\n|rule|Species Clause: Limit one of each Pok\u00e9mon\n|rule|HP Percentage Mod: HP is shown in percentages\n|rule|Sleep Clause Mod: Limit one foe put to sleep\n|rule|Illusion Level Mod: Illusion disguises the Pok\u00e9mon's true level\n|\n|t:|1733788271\n|start\n|switch|p1a: Alcremie|Alcremie-Caramel-Swirl, L90, F|263/263\n|switch|p2a: Pachirisu|Pachirisu, L96, M|271/271\n|turn|1\n|inactive|Battle timer is ON: inactive players will automatically lose when time's up. (requested by Yoda174)\n|\n|t:|1733788285\n|switch|p1a: Iron Thorns|Iron Thorns, L83|302/302\n|-enditem|p1a: Iron Thorns|Booster Energy\n|-activate|p1a: Iron Thorns|ability: Quark Drive|[fromitem]\n|-start|p1a: Iron Thorns|quarkdriveatk\n|move|p2a: Pachirisu|Nuzzle|p1a: Iron Thorns\n|-resisted|p1a: Iron Thorns\n|-damage|p1a: Iron Thorns|294/302\n|\n|upkeep\n|turn|2\n|\n|t:|1733788307\n|switch|p2a: Granbull|Granbull, L88, M|302/302\n|-ability|p2a: Granbull|Intimidate|boost\n|-unboost|p1a: Iron Thorns|atk|1\n|move|p1a: Iron Thorns|Dragon Dance|p1a: Iron Thorns\n|-boost|p1a: Iron Thorns|atk|1\n|-boost|p1a: Iron Thorns|spe|1\n|\n|upkeep\n|turn|3\n|\n|t:|1733788321\n|move|p1a: Iron Thorns|Dragon Dance|p1a: Iron Thorns\n|-boost|p1a: Iron Thorns|atk|1\n|-boost|p1a: Iron Thorns|spe|1\n|move|p2a: Granbull|Earthquake|p1a: Iron Thorns\n|-supereffective|p1a: Iron Thorns\n|-damage|p1a: Iron Thorns|0 fnt\n|faint|p1a: Iron Thorns\n|-end|p1a: Iron Thorns|Quark Drive|[silent]\n|\n|upkeep\n|\n|t:|1733788336\n|switch|p1a: Mienshao|Mienshao, L83, F|243/243\n|turn|4\n|\n|t:|1733788343\n|move|p1a: Mienshao|Poison Jab|p2a: Granbull\n|-supereffective|p2a: Granbull\n|-damage|p2a: Granbull|82/302\n|-status|p2a: Granbull|psn\n|move|p2a: Granbull|Play Rough|p1a: Mienshao\n|-supereffective|p1a: Mienshao\n|-damage|p1a: Mienshao|0 fnt\n|faint|p1a: Mienshao\n|\n|-heal|p2a: Granbull|100/302 psn|[from] item: Leftovers\n|-damage|p2a: Granbull|63/302 psn|[from] psn\n|upkeep\n|\n|t:|1733788349\n|switch|p1a: Skuntank|Skuntank, L84, M|310/310\n|turn|5\n|\n|t:|1733788359\n|move|p1a: Skuntank|Knock Off|p2a: Granbull\n|-resisted|p2a: Granbull\n|-damage|p2a: Granbull|9/302 psn\n|-enditem|p2a: Granbull|Leftovers|[from] move: Knock Off|[of] p1a: Skuntank\n|move|p2a: Granbull|Thunder Wave|p1a: Skuntank\n|-status|p1a: Skuntank|par\n|\n|-damage|p2a: Granbull|0 fnt|[from] psn\n|faint|p2a: Granbull\n|upkeep\n|\n|t:|1733788372\n|switch|p2a: Politoed|Politoed, L88, F|302/302\n|-weather|RainDance|[from] ability: Drizzle|[of] p2a: Politoed\n|turn|6\n|\n|t:|1733788389\n|move|p2a: Politoed|Weather Ball|p1a: Skuntank\n|-damage|p1a: Skuntank|9/310 par\n|move|p1a: Skuntank|Knock Off|p2a: Politoed\n|-damage|p2a: Politoed|187/302\n|-enditem|p2a: Politoed|Choice Specs|[from] move: Knock Off|[of] p1a: Skuntank\n|\n|-weather|RainDance|[upkeep]\n|-heal|p1a: Skuntank|28/310 par|[from] item: Leftovers\n|upkeep\n|turn|7\n|\n|t:|1733788400\n|move|p2a: Politoed|Weather Ball|p1a: Skuntank\n|-damage|p1a: Skuntank|0 fnt\n|faint|p1a: Skuntank\n|\n|-weather|RainDance|[upkeep]\n|upkeep\n|\n|t:|1733788407\n|switch|p1a: Toxapex|Toxapex, L82, M|216/216\n|turn|8\n|\n|t:|1733788417\n|switch|p2a: Pachirisu|Pachirisu, L96, M|271/271\n|move|p1a: Toxapex|Toxic|p2a: Pachirisu\n|-status|p2a: Pachirisu|tox\n|\n|-weather|RainDance|[upkeep]\n|-damage|p2a: Pachirisu|255/271 tox|[from] psn\n|upkeep\n|turn|9\n|\n|t:|1733788426\n|switch|p1a: Alcremie|Alcremie-Caramel-Swirl, L90, F|263/263\n|move|p2a: Pachirisu|Nuzzle|p1a: Alcremie\n|-damage|p1a: Alcremie|245/263\n|-status|p1a: Alcremie|par\n|\n|-weather|RainDance|[upkeep]\n|-heal|p1a: Alcremie|261/263 par|[from] item: Leftovers\n|-damage|p2a: Pachirisu|223/271 tox|[from] psn\n|upkeep\n|turn|10\n|\n|t:|1733788436\n|move|p2a: Pachirisu|Super Fang|p1a: Alcremie\n|-damage|p1a: Alcremie|131/263 par\n|move|p1a: Alcremie|Calm Mind|p1a: Alcremie\n|-boost|p1a: Alcremie|spa|1\n|-boost|p1a: Alcremie|spd|1\n|\n|-weather|none\n|-heal|p1a: Alcremie|147/263 par|[from] item: Leftovers\n|-damage|p2a: Pachirisu|175/271 tox|[from] psn\n|upkeep\n|turn|11\n|\n|t:|1733788452\n|move|p2a: Pachirisu|Super Fang|p1a: Alcremie\n|-damage|p1a: Alcremie|74/263 par\n|move|p1a: Alcremie|Calm Mind|p1a: Alcremie\n|-boost|p1a: Alcremie|spa|1\n|-boost|p1a: Alcremie|spd|1\n|\n|-heal|p1a: Alcremie|90/263 par|[from] item: Leftovers\n|-damage|p2a: Pachirisu|111/271 tox|[from] psn\n|upkeep\n|turn|12\n|\n|t:|1733788464\n|move|p2a: Pachirisu|Thunderbolt|p1a: Alcremie\n|-damage|p1a: Alcremie|65/263 par\n|move|p1a: Alcremie|Recover|p1a: Alcremie\n|-heal|p1a: Alcremie|197/263 par\n|\n|-heal|p1a: Alcremie|213/263 par|[from] item: Leftovers\n|-damage|p2a: Pachirisu|31/271 tox|[from] psn\n|upkeep\n|turn|13\n|\n|t:|1733788475\n|move|p2a: Pachirisu|U-turn|p1a: Alcremie\n|-resisted|p1a: Alcremie\n|-damage|p1a: Alcremie|194/263 par\n|\n|t:|1733788490\n|switch|p2a: Politoed|Politoed, L88, F|187/302|[from] U-turn\n|-weather|RainDance|[from] ability: Drizzle|[of] p2a: Politoed\n|cant|p1a: Alcremie|par\n|\n|-weather|RainDance|[upkeep]\n|-heal|p1a: Alcremie|210/263 par|[from] item: Leftovers\n|upkeep\n|turn|14\n|\n|t:|1733788506\n|-terastallize|p2a: Politoed|Water\n|move|p2a: Politoed|Weather Ball|p1a: Alcremie\n|-crit|p1a: Alcremie\n|-damage|p1a: Alcremie|0 fnt\n|faint|p1a: Alcremie\n|\n|-weather|RainDance|[upkeep]\n|upkeep\n|inactive|e2r4i has 120 seconds left.\n|\n|t:|1733788553\n|switch|p1a: Toxapex|Toxapex, L82, M|216/216\n|turn|15\n|\n|t:|1733788563\n|move|p2a: Politoed|Weather Ball|p1a: Toxapex\n|-resisted|p1a: Toxapex\n|-damage|p1a: Toxapex|136/216\n|move|p1a: Toxapex|Liquidation|p2a: Politoed\n|-resisted|p2a: Politoed\n|-damage|p2a: Politoed|133/302\n|\n|-weather|RainDance|[upkeep]\n|-heal|p1a: Toxapex|149/216|[from] item: Leftovers\n|upkeep\n|turn|16\n|\n|t:|1733788575\n|move|p2a: Politoed|Weather Ball|p1a: Toxapex\n|-resisted|p1a: Toxapex\n|-damage|p1a: Toxapex|67/216\n|move|p1a: Toxapex|Toxic|p2a: Politoed\n|-status|p2a: Politoed|tox\n|\n|-weather|RainDance|[upkeep]\n|-heal|p1a: Toxapex|80/216|[from] item: Leftovers\n|-damage|p2a: Politoed|115/302 tox|[from] psn\n|upkeep\n|turn|17\n|\n|t:|1733788585\n|move|p2a: Politoed|Hydro Pump|p1a: Toxapex|[miss]\n|-miss|p2a: Politoed|p1a: Toxapex\n|move|p1a: Toxapex|Recover|p1a: Toxapex\n|-heal|p1a: Toxapex|188/216\n|\n|-weather|none\n|-heal|p1a: Toxapex|201/216|[from] item: Leftovers\n|-damage|p2a: Politoed|79/302 tox|[from] psn\n|upkeep\n|turn|18\n|\n|t:|1733788604\n|switch|p2a: Salamence|Salamence, L77, M|273/273\n|-ability|p2a: Salamence|Intimidate|boost\n|-unboost|p1a: Toxapex|atk|1\n|move|p1a: Toxapex|Liquidation|p2a: Salamence\n|-resisted|p2a: Salamence\n|-damage|p2a: Salamence|249/273\n|\n|-heal|p1a: Toxapex|214/216|[from] item: Leftovers\n|upkeep\n|turn|19\n|inactive|e2r4i has 120 seconds left.\n|\n|t:|1733788624\n|move|p2a: Salamence|Dragon Dance|p2a: Salamence\n|-boost|p2a: Salamence|atk|1\n|-boost|p2a: Salamence|spe|1\n|move|p1a: Toxapex|Toxic|p2a: Salamence\n|-status|p2a: Salamence|tox\n|\n|-heal|p1a: Toxapex|216/216|[from] item: Leftovers\n|-damage|p2a: Salamence|232/273 tox|[from] psn\n|upkeep\n|turn|20\n|\n|t:|1733788634\n|move|p2a: Salamence|Earthquake|p1a: Toxapex\n|-supereffective|p1a: Toxapex\n|-damage|p1a: Toxapex|58/216\n|move|p1a: Toxapex|Haze|p1a: Toxapex\n|-clearallboost\n|\n|-heal|p1a: Toxapex|71/216|[from] item: Leftovers\n|-damage|p2a: Salamence|198/273 tox|[from] psn\n|upkeep\n|turn|21\n|\n|t:|1733788643\n|switch|p1a: Scream Tail|Scream Tail, L84|330/330\n|move|p2a: Salamence|Earthquake|p1a: Scream Tail\n|-damage|p1a: Scream Tail|257/330\n|\n|-heal|p1a: Scream Tail|277/330|[from] item: Leftovers\n|-damage|p2a: Salamence|147/273 tox|[from] psn\n|upkeep\n|turn|22\n|\n|t:|1733788660\n|switch|p2a: Dudunsparce|Dudunsparce-Three-Segment, L83, F|343/343\n|move|p1a: Scream Tail|Encore||[still]\n|-fail|p1a: Scream Tail\n|\n|-heal|p1a: Scream Tail|297/330|[from] item: Leftovers\n|upkeep\n|turn|23\n|\n|t:|1733788670\n|-end|p1a: Scream Tail|Protosynthesis|[silent]\n|switch|p1a: Toxapex|Toxapex, L82, M|143/216\n|move|p2a: Dudunsparce|Boomburst|p1a: Toxapex\n|-damage|p1a: Toxapex|52/216\n|\n|-heal|p1a: Toxapex|65/216|[from] item: Leftovers\n|upkeep\n|turn|24\n|\n|t:|1733788679\n|-terastallize|p1a: Toxapex|Steel\n|move|p2a: Dudunsparce|Boomburst|p1a: Toxapex\n|-resisted|p1a: Toxapex\n|-damage|p1a: Toxapex|17/216\n|move|p1a: Toxapex|Recover|p1a: Toxapex\n|-heal|p1a: Toxapex|125/216\n|\n|-heal|p1a: Toxapex|138/216|[from] item: Leftovers\n|upkeep\n|turn|25\n|\n|t:|1733788696\n|move|p2a: Dudunsparce|Earth Power|p1a: Toxapex\n|-supereffective|p1a: Toxapex\n|-damage|p1a: Toxapex|60/216\n|move|p1a: Toxapex|Toxic|p2a: Dudunsparce\n|-status|p2a: Dudunsparce|tox\n|\n|-heal|p1a: Toxapex|73/216|[from] item: Leftovers\n|-damage|p2a: Dudunsparce|322/343 tox|[from] psn\n|upkeep\n|turn|26\n|\n|t:|1733788707\n|switch|p1a: Scream Tail|Scream Tail, L84|297/330\n|move|p2a: Dudunsparce|Earth Power|p1a: Scream Tail\n|-damage|p1a: Scream Tail|248/330\n|\n|-heal|p1a: Scream Tail|268/330|[from] item: Leftovers\n|-heal|p2a: Dudunsparce|343/343 tox|[from] item: Leftovers\n|-damage|p2a: Dudunsparce|301/343 tox|[from] psn\n|upkeep\n|turn|27\n|\n|t:|1733788718\n|move|p1a: Scream Tail|Protect|p1a: Scream Tail\n|-singleturn|p1a: Scream Tail|Protect\n|move|p2a: Dudunsparce|Boomburst|p1a: Scream Tail\n|-activate|p1a: Scream Tail|move: Protect\n|\n|-heal|p1a: Scream Tail|288/330|[from] item: Leftovers\n|-heal|p2a: Dudunsparce|322/343 tox|[from] item: Leftovers\n|-damage|p2a: Dudunsparce|259/343 tox|[from] psn\n|upkeep\n|turn|28\n|\n|t:|1733788732\n|-end|p1a: Scream Tail|Protosynthesis|[silent]\n|switch|p1a: Toxapex|Toxapex, L82, M, tera:Steel|145/216\n|move|p2a: Dudunsparce|Boomburst|p1a: Toxapex\n|-resisted|p1a: Toxapex\n|-damage|p1a: Toxapex|99/216\n|\n|-heal|p2a: Dudunsparce|280/343 tox|[from] item: Leftovers\n|-heal|p1a: Toxapex|112/216|[from] item: Leftovers\n|-damage|p2a: Dudunsparce|196/343 tox|[from] psn\n|upkeep\n|turn|29\n|\n|t:|1733788745\n|switch|p2a: Pachirisu|Pachirisu, L96, M|31/271 tox\n|move|p1a: Toxapex|Recover|p1a: Toxapex\n|-heal|p1a: Toxapex|216/216\n|\n|-damage|p2a: Pachirisu|15/271 tox|[from] psn\n|upkeep\n|turn|30\n|\n|t:|1733788757\n|move|p2a: Pachirisu|Nuzzle|p1a: Toxapex\n|-damage|p1a: Toxapex|204/216\n|-status|p1a: Toxapex|par\n|cant|p1a: Toxapex|par\n|\n|-heal|p1a: Toxapex|216/216 par|[from] item: Leftovers\n|-damage|p2a: Pachirisu|0 fnt|[from] psn\n|faint|p2a: Pachirisu\n|upkeep\n|\n|t:|1733788779\n|switch|p2a: Cyclizar|Cyclizar, L83, M|252/252\n|turn|31\n|\n|t:|1733788787\n|move|p2a: Cyclizar|Knock Off|p1a: Toxapex\n|-damage|p1a: Toxapex|174/216 par\n|-enditem|p1a: Toxapex|Leftovers|[from] move: Knock Off|[of] p2a: Cyclizar\n|move|p1a: Toxapex|Toxic|p2a: Cyclizar\n|-status|p2a: Cyclizar|tox\n|\n|-damage|p2a: Cyclizar|237/252 tox|[from] psn\n|upkeep\n|turn|32\n|\n|t:|1733788799\n|move|p2a: Cyclizar|Shed Tail|p2a: Cyclizar\n|-start|p2a: Cyclizar|Substitute|[from] move: Shed Tail\n|-damage|p2a: Cyclizar|111/252 tox\n|\n|t:|1733788803\n|switch|p2a: Salamence|Salamence, L77, M|147/273 tox|[from] Shed Tail\n|-ability|p2a: Salamence|Intimidate|boost\n|-unboost|p1a: Toxapex|atk|1\n|cant|p1a: Toxapex|par\n|\n|-damage|p2a: Salamence|130/273 tox|[from] psn\n|upkeep\n|turn|33\n|\n|t:|1733788814\n|move|p2a: Salamence|Earthquake|p1a: Toxapex\n|-supereffective|p1a: Toxapex\n|-damage|p1a: Toxapex|78/216 par\n|move|p1a: Toxapex|Haze|p1a: Toxapex\n|-clearallboost\n|\n|-damage|p2a: Salamence|96/273 tox|[from] psn\n|upkeep\n|turn|34\n|\n|t:|1733788824\n|switch|p1a: Scream Tail|Scream Tail, L84|288/330\n|move|p2a: Salamence|Earthquake|p1a: Scream Tail\n|-damage|p1a: Scream Tail|218/330\n|\n|-heal|p1a: Scream Tail|238/330|[from] item: Leftovers\n|-damage|p2a: Salamence|45/273 tox|[from] psn\n|upkeep\n|turn|35\n|\n|t:|1733788836\n|switch|p2a: Dudunsparce|Dudunsparce-Three-Segment, L83, F|196/343 tox\n|move|p1a: Scream Tail|Play Rough|p2a: Dudunsparce\n|-damage|p2a: Dudunsparce|121/343 tox\n|\n|-heal|p1a: Scream Tail|258/330|[from] item: Leftovers\n|-heal|p2a: Dudunsparce|142/343 tox|[from] item: Leftovers\n|-damage|p2a: Dudunsparce|121/343 tox|[from] psn\n|upkeep\n|turn|36\n|\n|t:|1733788848\n|move|p1a: Scream Tail|Protect|p1a: Scream Tail\n|-singleturn|p1a: Scream Tail|Protect\n|move|p2a: Dudunsparce|Roost|p2a: Dudunsparce\n|-heal|p2a: Dudunsparce|293/343 tox\n|-singleturn|p2a: Dudunsparce|move: Roost\n|\n|-heal|p1a: Scream Tail|278/330|[from] item: Leftovers\n|-heal|p2a: Dudunsparce|314/343 tox|[from] item: Leftovers\n|-damage|p2a: Dudunsparce|272/343 tox|[from] psn\n|upkeep\n|turn|37\n|\n|t:|1733788858\n|move|p1a: Scream Tail|Encore|p2a: Dudunsparce\n|-start|p2a: Dudunsparce|Encore\n|move|p2a: Dudunsparce|Roost|p2a: Dudunsparce\n|-heal|p2a: Dudunsparce|343/343 tox\n|-singleturn|p2a: Dudunsparce|move: Roost\n|\n|-heal|p1a: Scream Tail|298/330|[from] item: Leftovers\n|-damage|p2a: Dudunsparce|280/343 tox|[from] psn\n|upkeep\n|turn|38\n|\n|t:|1733788883\n|switch|p2a: Politoed|Politoed, L88, F, tera:Water|79/302 tox\n|-weather|RainDance|[from] ability: Drizzle|[of] p2a: Politoed\n|move|p1a: Scream Tail|Play Rough|p2a: Politoed\n|-damage|p2a: Politoed|6/302 tox\n|\n|-weather|RainDance|[upkeep]\n|-heal|p1a: Scream Tail|318/330|[from] item: Leftovers\n|-damage|p2a: Politoed|0 fnt|[from] psn\n|faint|p2a: Politoed\n|upkeep\n|\n|t:|1733788900\n|switch|p2a: Dudunsparce|Dudunsparce-Three-Segment, L83, F|280/343 tox\n|turn|39\n|\n|t:|1733788915\n|move|p1a: Scream Tail|Protect|p1a: Scream Tail\n|-singleturn|p1a: Scream Tail|Protect\n|move|p2a: Dudunsparce|Boomburst|p1a: Scream Tail\n|-activate|p1a: Scream Tail|move: Protect\n|\n|-weather|RainDance|[upkeep]\n|-heal|p1a: Scream Tail|330/330|[from] item: Leftovers\n|-heal|p2a: Dudunsparce|301/343 tox|[from] item: Leftovers\n|-damage|p2a: Dudunsparce|280/343 tox|[from] psn\n|upkeep\n|turn|40\n|\n|t:|1733788926\n|-end|p1a: Scream Tail|Protosynthesis|[silent]\n|switch|p1a: Toxapex|Toxapex, L82, M, tera:Steel|150/216 par\n|move|p2a: Dudunsparce|Boomburst|p1a: Toxapex\n|-resisted|p1a: Toxapex\n|-damage|p1a: Toxapex|102/216 par\n|\n|-weather|RainDance|[upkeep]\n|-heal|p2a: Dudunsparce|301/343 tox|[from] item: Leftovers\n|-damage|p2a: Dudunsparce|259/343 tox|[from] psn\n|upkeep\n|turn|41\n|\n|t:|1733788939\n|move|p2a: Dudunsparce|Earth Power|p1a: Toxapex\n|-supereffective|p1a: Toxapex\n|-damage|p1a: Toxapex|26/216 par\n|cant|p1a: Toxapex|par\n|\n|-weather|RainDance|[upkeep]\n|-heal|p2a: Dudunsparce|280/343 tox|[from] item: Leftovers\n|-damage|p2a: Dudunsparce|217/343 tox|[from] psn\n|upkeep\n|turn|42\n|\n|t:|1733788948\n|switch|p1a: Scream Tail|Scream Tail, L84|330/330\n|move|p2a: Dudunsparce|Boomburst|p1a: Scream Tail\n|-damage|p1a: Scream Tail|231/330\n|\n|-weather|none\n|-heal|p1a: Scream Tail|251/330|[from] item: Leftovers\n|-heal|p2a: Dudunsparce|238/343 tox|[from] item: Leftovers\n|-damage|p2a: Dudunsparce|154/343 tox|[from] psn\n|upkeep\n|turn|43\n|\n|t:|1733788964\n|switch|p2a: Cyclizar|Cyclizar, L83, M|195/252 tox\n|move|p1a: Scream Tail|Play Rough|p2a: Cyclizar\n|-supereffective|p2a: Cyclizar\n|-damage|p2a: Cyclizar|31/252 tox\n|\n|-heal|p1a: Scream Tail|271/330|[from] item: Leftovers\n|-damage|p2a: Cyclizar|16/252 tox|[from] psn\n|upkeep\n|turn|44\n|\n|t:|1733788976\n|move|p1a: Scream Tail|Protect|p1a: Scream Tail\n|-singleturn|p1a: Scream Tail|Protect\n|move|p2a: Cyclizar|Knock Off|p1a: Scream Tail\n|-activate|p1a: Scream Tail|move: Protect\n|\n|-heal|p1a: Scream Tail|291/330|[from] item: Leftovers\n|-damage|p2a: Cyclizar|0 fnt|[from] psn\n|faint|p2a: Cyclizar\n|upkeep\n|\n|t:|1733788986\n|switch|p2a: Dudunsparce|Dudunsparce-Three-Segment, L83, F|154/343 tox\n|turn|45\n|\n|t:|1733788996\n|move|p1a: Scream Tail|Play Rough|p2a: Dudunsparce\n|-damage|p2a: Dudunsparce|73/343 tox\n|-unboost|p2a: Dudunsparce|atk|1\n|move|p2a: Dudunsparce|Boomburst|p1a: Scream Tail\n|-damage|p1a: Scream Tail|180/330\n|\n|-heal|p1a: Scream Tail|200/330|[from] item: Leftovers\n|-heal|p2a: Dudunsparce|94/343 tox|[from] item: Leftovers\n|-damage|p2a: Dudunsparce|73/343 tox|[from] psn\n|upkeep\n|turn|46\n|\n|t:|1733789008\n|move|p1a: Scream Tail|Wish|p1a: Scream Tail\n|move|p2a: Dudunsparce|Roost|p2a: Dudunsparce\n|-heal|p2a: Dudunsparce|245/343 tox\n|-singleturn|p2a: Dudunsparce|move: Roost\n|\n|-heal|p1a: Scream Tail|220/330|[from] item: Leftovers\n|-heal|p2a: Dudunsparce|266/343 tox|[from] item: Leftovers\n|-damage|p2a: Dudunsparce|224/343 tox|[from] psn\n|upkeep\n|turn|47\n|\n|t:|1733789017\n|move|p1a: Scream Tail|Play Rough|p2a: Dudunsparce|[miss]\n|-miss|p1a: Scream Tail|p2a: Dudunsparce\n|move|p2a: Dudunsparce|Calm Mind|p2a: Dudunsparce\n|-boost|p2a: Dudunsparce|spa|1\n|-boost|p2a: Dudunsparce|spd|1\n|\n|-heal|p1a: Scream Tail|330/330|[from] move: Wish|[wisher] Scream Tail\n|-heal|p2a: Dudunsparce|245/343 tox|[from] item: Leftovers\n|-damage|p2a: Dudunsparce|182/343 tox|[from] psn\n|upkeep\n|turn|48\n|\n|t:|1733789029\n|move|p1a: Scream Tail|Encore|p2a: Dudunsparce\n|-start|p2a: Dudunsparce|Encore\n|move|p2a: Dudunsparce|Calm Mind|p2a: Dudunsparce\n|-boost|p2a: Dudunsparce|spa|1\n|-boost|p2a: Dudunsparce|spd|1\n|\n|-heal|p2a: Dudunsparce|203/343 tox|[from] item: Leftovers\n|-damage|p2a: Dudunsparce|119/343 tox|[from] psn\n|upkeep\n|turn|49\n|-message|Yoda174 forfeited.\n|\n|win|e2r4i\n|raw|e2r4i's rating: 1510 &rarr; <strong>1533</strong><br />(+23 for winning)\n|raw|Yoda174's rating: 1564 &rarr; <strong>1541</strong><br />(-23 for losing)\n|l|\u2606Yoda174\n|player|p2|\n", "inputlog": ">version bfd83cad13791eb5a5a409923076391caf6fb4d4\n>start {\"formatid\":\"gen9randombattle\",\"seed\":[26525,60802,31156,15665],\"rated\":\"Rated battle\"}\n>player p1 {\"name\":\"e2r4i\",\"avatar\":\"2\",\"rating\":1510,\"seed\":[30262,15945,11882,49754]}\n>player p2 {\"name\":\"Yoda174\",\"avatar\":\"volkner\",\"rating\":1564,\"seed\":[19085,52723,45016,13504]}\n>p1 switch 3\n>p2 move nuzzle\n>p1 move dragondance\n>p2 switch 5\n>p1 move dragondance\n>p2 move earthquake\n>p1 switch 4\n>p1 move poisonjab\n>p2 move playrough\n>p1 switch 6\n>p1 move knockoff\n>p2 move thunderwave\n>p2 switch 4\n>p1 move knockoff\n>p2 move weatherball\n>p1 move toxicspikes\n>p2 move weatherball\n>p1 switch 5\n>p1 move toxic\n>p2 switch 5\n>p1 switch 3\n>p2 move nuzzle\n>p1 move calmmind\n>p2 move superfang\n>p1 move calmmind\n>p2 move superfang\n>p1 move recover\n>p2 move thunderbolt\n>p1 move recover\n>p2 move uturn\n>p2 switch 5\n>p1 move alluringvoice\n>p2 move weatherball terastallize\n>p1 switch 3\n>p1 move liquidation\n>p2 move weatherball\n>p1 move toxic\n>p2 move weatherball\n>p1 move recover\n>p2 move hydropump\n>p1 move liquidation\n>p2 switch 2\n>p1 move toxic\n>p2 move dragondance\n>p1 move haze\n>p2 move earthquake\n>p1 switch 2\n>p2 move earthquake\n>p1 move encore\n>p2 switch 6\n>p1 switch 2\n>p2 move boomburst\n>p1 move recover terastallize\n>p2 move boomburst\n>p1 move toxic\n>p2 move earthpower\n>p1 switch 2\n>p2 move earthpower\n>p1 move protect\n>p2 move boomburst\n>p1 switch 2\n>p2 move boomburst\n>p1 move recover\n>p2 switch 5\n>p1 move liquidation\n>p2 move nuzzle\n>p2 switch 3\n>p1 move toxic\n>p2 move knockoff\n>p1 move liquidation\n>p2 move shedtail\n>p2 switch 6\n>p1 move haze\n>p2 move earthquake\n>p1 switch 2\n>p2 move earthquake\n>p1 move playrough\n>p2 switch 5\n>p1 move protect\n>p2 move roost\n>p1 move encore\n>p2 move boomburst\n>p1 move playrough\n>p2 switch 2\n>p2 switch 2\n>p1 move protect\n>p2 move boomburst\n>p1 switch 2\n>p2 move boomburst\n>p1 move recover\n>p2 move earthpower\n>p1 switch 2\n>p2 move boomburst\n>p1 move playrough\n>p2 switch 6\n>p1 move protect\n>p2 move knockoff\n>p2 switch 6\n>p1 move playrough\n>p2 move boomburst\n>p1 move wish\n>p2 move roost\n>p1 move playrough\n>p2 move calmmind\n>p1 move encore\n>p2 move boomburst\n>forcelose p2", "uploadtime": 1733789058, "views": 2, "formatid": "gen9randombattle", "rating": 1533, "private": 0, "password": null}