{"id": "gen9randombattle-2260421973", "format": "[Gen 9] Random Battle", "players": ["easy jc", "cc126"], "log": "|j|\u2606easy jc\n|j|\u203dcc126\n|t:|1733850054\n|gametype|singles\n|player|p1|easy jc|266|1715\n|player|p2|cc126|acetrainer-gen4|1700\n|teamsize|p1|6\n|teamsize|p2|6\n|gen|9\n|tier|[Gen 9] Random Battle\n|rated|\n|rule|Species Clause: Limit one of each Pok\u00e9mon\n|rule|HP Percentage Mod: HP is shown in percentages\n|rule|Sleep Clause Mod: Limit one foe put to sleep\n|rule|Illusion Level Mod: Illusion disguises the Pok\u00e9mon's true level\n|\n|t:|1733850054\n|start\n|switch|p1a: Oinkologne|Oinkologne-F, L92, F|361/361\n|switch|p2a: Ogerpon|Ogerpon, L80, F|259/259\n|turn|1\n|inactive|Battle timer is ON: inactive players will automatically lose when time's up. (requested by cc126)\n|\n|t:|1733850071\n|move|p2a: Ogerpon|Knock Off|p1a: Oinkologne\n|-damage|p1a: Oinkologne|275/361\n|-enditem|p1a: Oinkologne|Leftovers|[from] move: Knock Off|[of] p2a: Ogerpon\n|move|p1a: Oinkologne|Body Slam|p2a: Ogerpon\n|-damage|p2a: Ogerpon|156/259\n|\n|-heal|p2a: Ogerpon|172/259|[from] item: Leftovers\n|upkeep\n|turn|2\n|\n|t:|1733850078\n|switch|p2a: Pachirisu|Pachirisu, L96, F|271/271\n|switch|p1a: Froslass|Froslass, L87, F|263/263\n|\n|upkeep\n|turn|3\n|\n|t:|1733850089\n|switch|p1a: Galvantula|Galvantula, L82, M|249/249\n|move|p2a: Pachirisu|Discharge|p1a: Galvantula\n|-resisted|p1a: Galvantula\n|-damage|p1a: Galvantula|210/249\n|\n|upkeep\n|turn|4\n|\n|t:|1733850094\n|move|p2a: Pachirisu|Super Fang|p1a: Galvantula\n|-damage|p1a: Galvantula|105/249\n|move|p1a: Galvantula|Sticky Web|p2a: Pachirisu\n|-sidestart|p2: cc126|move: Sticky Web\n|\n|upkeep\n|turn|5\n|\n|t:|1733850097\n|move|p2a: Pachirisu|Encore|p1a: Galvantula\n|-start|p1a: Galvantula|Encore\n|move|p1a: Galvantula|Sticky Web||[still]\n|-fail|p1a: Galvantula\n|\n|upkeep\n|turn|6\n|\n|t:|1733850101\n|switch|p1a: Minun|Minun, L95, M|268/268\n|move|p2a: Pachirisu|Super Fang|p1a: Minun|[miss]\n|-miss|p2a: Pachirisu|p1a: Minun\n|\n|upkeep\n|turn|7\n|\n|t:|1733850113\n|switch|p1a: Galvantula|Galvantula, L82, M|105/249\n|move|p2a: Pachirisu|Super Fang|p1a: Galvantula\n|-damage|p1a: Galvantula|53/249\n|\n|upkeep\n|turn|8\n|\n|t:|1733850133\n|move|p2a: Pachirisu|Discharge|p1a: Galvantula\n|-resisted|p1a: Galvantula\n|-damage|p1a: Galvantula|14/249\n|move|p1a: Galvantula|Bug Buzz|p2a: Pachirisu\n|-damage|p2a: Pachirisu|199/271\n|\n|upkeep\n|turn|9\n|\n|t:|1733850140\n|move|p2a: Pachirisu|Discharge|p1a: Galvantula\n|-resisted|p1a: Galvantula\n|-damage|p1a: Galvantula|0 fnt\n|faint|p1a: Galvantula\n|\n|upkeep\n|\n|t:|1733850156\n|switch|p1a: Minun|Minun, L95, M|268/268\n|turn|10\n|\n|t:|1733850161\n|move|p2a: Pachirisu|Super Fang|p1a: Minun|[miss]\n|-miss|p2a: Pachirisu|p1a: Minun\n|move|p1a: Minun|Nasty Plot|p1a: Minun\n|-boost|p1a: Minun|spa|2\n|\n|upkeep\n|turn|11\n|\n|t:|1733850164\n|move|p2a: Pachirisu|Super Fang|p1a: Minun\n|-damage|p1a: Minun|134/268\n|move|p1a: Minun|Nasty Plot|p1a: Minun\n|-boost|p1a: Minun|spa|2\n|\n|upkeep\n|turn|12\n|\n|t:|1733850171\n|move|p2a: Pachirisu|Encore|p1a: Minun\n|-start|p1a: Minun|Encore\n|move|p1a: Minun|Nasty Plot|p1a: Minun\n|-boost|p1a: Minun|spa|2\n|\n|upkeep\n|turn|13\n|\n|t:|1733850174\n|move|p2a: Pachirisu|Super Fang|p1a: Minun\n|-damage|p1a: Minun|67/268\n|move|p1a: Minun|Nasty Plot|p1a: Minun\n|-boost|p1a: Minun|spa|0\n|\n|upkeep\n|turn|14\n|\n|t:|1733850180\n|move|p2a: Pachirisu|Super Fang|p1a: Minun\n|-damage|p1a: Minun|34/268\n|move|p1a: Minun|Nasty Plot|p1a: Minun\n|-boost|p1a: Minun|spa|0\n|\n|-end|p1a: Minun|Encore\n|upkeep\n|turn|15\n|\n|t:|1733850184\n|move|p2a: Pachirisu|U-turn|p1a: Minun\n|-damage|p1a: Minun|0 fnt\n|faint|p1a: Minun\n|l|\u2606easy jc\n|inactive|easy jc disconnected and has a minute to reconnect!\n|player|p1|\n|\n|t:|1733850208\n|switch|p2a: Arceus|Arceus-Fighting, L70|284/284|[from] U-turn\n|-activate|p2a: Arceus|move: Sticky Web\n|-unboost|p2a: Arceus|spe|1\n|\n|upkeep\n|inactive|easy jc has 30 seconds to reconnect!\n|inactive|easy jc has 20 seconds to reconnect!\n|inactive|easy jc has 15 seconds to reconnect!\n|inactive|easy jc has 10 seconds to reconnect!\n|inactive|easy jc has 5 seconds to reconnect!\n|-message|easy jc lost due to inactivity.\n|\n|win|cc126\n|raw|easy jc's rating: 1715 &rarr; <strong>1694</strong><br />(-21 for losing)\n|raw|cc126's rating: 1700 &rarr; <strong>1721</strong><br />(+21 for winning)\n", "inputlog": ">version bfd83cad13791eb5a5a409923076391caf6fb4d4\n>start {\"formatid\":\"gen9randombattle\",\"seed\":[36095,58157,24565,47057],\"rated\":\"Rated battle\"}\n>player p1 {\"name\":\"easy jc\",\"avatar\":\"266\",\"rating\":1715,\"seed\":[55776,22207,40891,185]}\n>player p2 {\"name\":\"cc126\",\"avatar\":\"acetrainer-gen4\",\"rating\":1700,\"seed\":[34838,10978,59804,10161]}\n>p1 move bodyslam\n>p2 move knockoff\n>p1 switch 5\n>p2 switch 5\n>p1 switch 3\n>p2 move discharge\n>p1 move stickyweb\n>p2 move superfang\n>p1 move bugbuzz\n>p2 move encore\n>p1 switch 2\n>p2 move superfang\n>p1 switch 2\n>p2 move superfang\n>p1 move bugbuzz\n>p2 move discharge\n>p1 move bugbuzz\n>p2 move discharge\n>p1 switch 2\n>p1 move nastyplot\n>p2 move superfang\n>p1 move nastyplot\n>p2 move superfang\n>p1 move grassknot\n>p2 move encore\n>p1 move nastyplot\n>p2 move superfang\n>p1 move nastyplot\n>p2 move superfang\n>p1 move grassknot\n>p2 move uturn\n>p2 switch 4\n>forcelose p1", "uploadtime": 1733850303, "views": 1, "formatid": "gen9randombattle", "rating": 1694, "private": 0, "password": null}