{"id": "gen9randombattle-2260660457", "format": "[Gen 9] Random Battle", "players": ["RumbleFighter", "VedantaBudha"], "log": "|j|\u2606RumbleFighter\n|j|\u2606VedantaBudha\n|t:|1733875092\n|gametype|singles\n|player|p1|RumbleFighter|volkner|1654\n|player|p2|VedantaBudha|1|1670\n|teamsize|p1|6\n|teamsize|p2|6\n|gen|9\n|tier|[Gen 9] Random Battle\n|rated|\n|rule|Species Clause: Limit one of each Pok\u00e9mon\n|rule|HP Percentage Mod: HP is shown in percentages\n|rule|Sleep Clause Mod: Limit one foe put to sleep\n|rule|Illusion Level Mod: Illusion disguises the Pok\u00e9mon's true level\n|\n|t:|1733875092\n|start\n|switch|p1a: Greedent|Greedent, L86, M|347/347\n|switch|p2a: Honchkrow|Honchkrow, L86, M|312/312\n|turn|1\n|\n|t:|1733875107\n|switch|p2a: Zacian|Zacian, L69|241/241\n|-ability|p2a: Zacian|Intrepid Sword|boost\n|-boost|p2a: Zacian|atk|1\n|move|p1a: Greedent|Swords Dance|p1a: Greedent\n|-boost|p1a: Greedent|atk|2\n|\n|upkeep\n|turn|2\n|inactive|Battle timer is ON: inactive players will automatically lose when time's up. (requested by VedantaBudha)\n|\n|t:|1733875126\n|-terastallize|p2a: Zacian|Fighting\n|-terastallize|p1a: Greedent|Ghost\n|move|p2a: Zacian|Close Combat|p1a: Greedent\n|-immune|p1a: Greedent\n|move|p1a: Greedent|Swords Dance|p1a: Greedent\n|-boost|p1a: Greedent|atk|2\n|\n|upkeep\n|turn|3\n|\n|t:|1733875145\n|switch|p2a: Mudsdale|Mudsdale, L84, M|305/305\n|move|p1a: Greedent|Double-Edge|p2a: Mudsdale\n|-damage|p2a: Mudsdale|0 fnt\n|faint|p2a: Mudsdale\n|-damage|p1a: Greedent|246/347|[from] Recoil\n|\n|upkeep\n|\n|t:|1733875157\n|switch|p2a: Honchkrow|Honchkrow, L86, M|312/312\n|turn|4\n|\n|t:|1733875163\n|move|p2a: Honchkrow|Lash Out|p1a: Greedent\n|-supereffective|p1a: Greedent\n|-damage|p1a: Greedent|54/347\n|-enditem|p1a: Greedent|Sitrus Berry|[eat]\n|-heal|p1a: Greedent|140/347|[from] item: Sitrus Berry\n|-heal|p1a: Greedent|255/347|[from] ability: Cheek Pouch\n|move|p1a: Greedent|Double-Edge|p2a: Honchkrow\n|-damage|p2a: Honchkrow|0 fnt\n|faint|p2a: Honchkrow\n|-damage|p1a: Greedent|152/347|[from] Recoil\n|\n|upkeep\n|\n|t:|1733875174\n|switch|p2a: Wugtrio|Wugtrio, L91, M|212/212\n|turn|5\n|\n|t:|1733875178\n|move|p2a: Wugtrio|Throat Chop|p1a: Greedent\n|-supereffective|p1a: Greedent\n|-damage|p1a: Greedent|0 fnt\n|faint|p1a: Greedent\n|\n|upkeep\n|\n|t:|1733875182\n|switch|p1a: Sinistcha|Sinistcha, L83|254/254\n|turn|6\n|\n|t:|1733875187\n|move|p2a: Wugtrio|Throat Chop|p1a: Sinistcha\n|-supereffective|p1a: Sinistcha\n|-damage|p1a: Sinistcha|72/254\n|-start|p1a: Sinistcha|Throat Chop|[silent]\n|move|p1a: Sinistcha|Matcha Gotcha|p2a: Wugtrio\n|-supereffective|p2a: Wugtrio\n|-damage|p2a: Wugtrio|0 fnt\n|-heal|p1a: Sinistcha|178/254|[from] drain|[of] p2a: Wugtrio\n|faint|p2a: Wugtrio\n|\n|-heal|p1a: Sinistcha|193/254|[from] item: Leftovers\n|upkeep\n|\n|t:|1733875203\n|switch|p2a: Arceus|Arceus-Fairy, L69|280/280\n|turn|7\n|\n|t:|1733875210\n|switch|p1a: Blissey|Blissey, L84, F|566/566\n|move|p2a: Arceus|Calm Mind|p2a: Arceus\n|-boost|p2a: Arceus|spa|1\n|-boost|p2a: Arceus|spd|1\n|\n|upkeep\n|turn|8\n|\n|t:|1733875217\n|move|p2a: Arceus|Calm Mind|p2a: Arceus\n|-boost|p2a: Arceus|spa|1\n|-boost|p2a: Arceus|spd|1\n|move|p1a: Blissey|Thunder Wave|p2a: Arceus\n|-status|p2a: Arceus|par\n|\n|upkeep\n|turn|9\n|\n|t:|1733875224\n|move|p1a: Blissey|Seismic Toss|p2a: Arceus\n|-damage|p2a: Arceus|196/280 par\n|move|p2a: Arceus|Calm Mind|p2a: Arceus\n|-boost|p2a: Arceus|spa|1\n|-boost|p2a: Arceus|spd|1\n|\n|upkeep\n|turn|10\n|\n|t:|1733875230\n|move|p1a: Blissey|Seismic Toss|p2a: Arceus\n|-damage|p2a: Arceus|112/280 par\n|cant|p2a: Arceus|par\n|\n|upkeep\n|turn|11\n|\n|t:|1733875242\n|move|p1a: Blissey|Seismic Toss|p2a: Arceus\n|-damage|p2a: Arceus|28/280 par\n|move|p2a: Arceus|Recover|p2a: Arceus\n|-heal|p2a: Arceus|168/280 par\n|\n|upkeep\n|turn|12\n|\n|t:|1733875247\n|move|p1a: Blissey|Seismic Toss|p2a: Arceus\n|-damage|p2a: Arceus|84/280 par\n|move|p2a: Arceus|Recover|p2a: Arceus\n|-heal|p2a: Arceus|224/280 par\n|\n|upkeep\n|turn|13\n|\n|t:|1733875254\n|move|p1a: Blissey|Seismic Toss|p2a: Arceus\n|-damage|p2a: Arceus|140/280 par\n|cant|p2a: Arceus|par\n|\n|upkeep\n|turn|14\n|\n|t:|1733875264\n|move|p1a: Blissey|Seismic Toss|p2a: Arceus\n|-damage|p2a: Arceus|56/280 par\n|move|p2a: Arceus|Judgment|p1a: Blissey\n|-crit|p1a: Blissey\n|-damage|p1a: Blissey|302/566\n|\n|-heal|p1a: Blissey|337/566|[from] item: Leftovers\n|upkeep\n|turn|15\n|\n|t:|1733875272\n|move|p1a: Blissey|Seismic Toss|p2a: Arceus\n|-damage|p2a: Arceus|0 fnt\n|faint|p2a: Arceus\n|\n|-heal|p1a: Blissey|372/566|[from] item: Leftovers\n|upkeep\n|\n|t:|1733875275\n|switch|p2a: Zacian|Zacian, L69, tera:Fighting|241/241\n|turn|16\n|\n|t:|1733875279\n|move|p2a: Zacian|Close Combat|p1a: Blissey\n|-supereffective|p1a: Blissey\n|-damage|p1a: Blissey|0 fnt\n|-unboost|p2a: Zacian|def|1\n|-unboost|p2a: Zacian|spd|1\n|faint|p1a: Blissey\n|\n|upkeep\n|\n|t:|1733875287\n|switch|p1a: Sinistcha|Sinistcha, L83|193/254\n|turn|17\n|\n|t:|1733875290\n|switch|p2a: Yanmega|Yanmega, L82, M|275/275\n|move|p1a: Sinistcha|Calm Mind|p1a: Sinistcha\n|-boost|p1a: Sinistcha|spa|1\n|-boost|p1a: Sinistcha|spd|1\n|\n|-heal|p1a: Sinistcha|208/254|[from] item: Leftovers\n|upkeep\n|turn|18\n|\n|t:|1733875298\n|move|p2a: Yanmega|Air Slash|p1a: Sinistcha\n|-supereffective|p1a: Sinistcha\n|-damage|p1a: Sinistcha|74/254\n|move|p1a: Sinistcha|Shadow Ball|p2a: Yanmega\n|-damage|p2a: Yanmega|77/275\n|-unboost|p2a: Yanmega|spd|1\n|\n|-heal|p1a: Sinistcha|89/254|[from] item: Leftovers\n|-ability|p2a: Yanmega|Speed Boost|boost\n|-boost|p2a: Yanmega|spe|1\n|upkeep\n|turn|19\n|\n|t:|1733875311\n|move|p2a: Yanmega|Air Slash|p1a: Sinistcha\n|-supereffective|p1a: Sinistcha\n|-damage|p1a: Sinistcha|0 fnt\n|faint|p1a: Sinistcha\n|\n|-ability|p2a: Yanmega|Speed Boost|boost\n|-boost|p2a: Yanmega|spe|1\n|upkeep\n|\n|t:|1733875313\n|switch|p1a: Dondozo|Dondozo, L78, F|362/362\n|turn|20\n|\n|t:|1733875316\n|move|p2a: Yanmega|Air Slash|p1a: Dondozo\n|-damage|p1a: Dondozo|256/362\n|move|p1a: Dondozo|Wave Crash|p2a: Yanmega\n|-damage|p2a: Yanmega|0 fnt\n|faint|p2a: Yanmega\n|-damage|p1a: Dondozo|231/362|[from] Recoil\n|\n|-heal|p1a: Dondozo|253/362|[from] item: Leftovers\n|upkeep\n|l|\u2606VedantaBudha\n|inactive|VedantaBudha disconnected and has a minute to reconnect!\n|player|p2|\n|j|\u2606VedantaBudha\n|inactive|VedantaBudha reconnected and has 135 seconds left.\n|player|p2|VedantaBudha|1|\n|\n|t:|1733875339\n|switch|p2a: Zacian|Zacian, L69, tera:Fighting|241/241\n|turn|21\n|\n|t:|1733875343\n|move|p2a: Zacian|Close Combat|p1a: Dondozo\n|-damage|p1a: Dondozo|112/362\n|-unboost|p2a: Zacian|def|1\n|-unboost|p2a: Zacian|spd|1\n|move|p1a: Dondozo|Wave Crash|p2a: Zacian\n|-damage|p2a: Zacian|120/241\n|-damage|p1a: Dondozo|72/362|[from] Recoil\n|\n|-heal|p1a: Dondozo|94/362|[from] item: Leftovers\n|upkeep\n|turn|22\n|\n|t:|1733875353\n|move|p2a: Zacian|Close Combat|p1a: Dondozo\n|-damage|p1a: Dondozo|0 fnt\n|-unboost|p2a: Zacian|def|1\n|-unboost|p2a: Zacian|spd|1\n|faint|p1a: Dondozo\n|\n|upkeep\n|\n|t:|1733875356\n|switch|p1a: Lucario|Lucario, L84, F|255/255\n|turn|23\n|\n|t:|1733875359\n|move|p1a: Lucario|Vacuum Wave|p2a: Zacian\n|-damage|p2a: Zacian|0 fnt\n|faint|p2a: Zacian\n|-damage|p1a: Lucario|230/255|[from] item: Life Orb\n|\n|win|RumbleFighter\n|raw|RumbleFighter's rating: 1654 &rarr; <strong>1675</strong><br />(+21 for winning)\n|raw|VedantaBudha's rating: 1670 &rarr; <strong>1649</strong><br />(-21 for losing)\n|l|\u2606VedantaBudha\n|player|p2|\n", "inputlog": ">version bfd83cad13791eb5a5a409923076391caf6fb4d4\n>start {\"formatid\":\"gen9randombattle\",\"seed\":[61998,55624,201,861],\"rated\":\"Rated battle\"}\n>player p1 {\"name\":\"RumbleFighter\",\"avatar\":\"volkner\",\"rating\":1654,\"seed\":[5707,19673,2559,42633]}\n>player p2 {\"name\":\"VedantaBudha\",\"avatar\":\"1\",\"rating\":1670,\"seed\":[22101,53642,30773,15855]}\n>p1 move swordsdance\n>p2 switch 3\n>p1 move swordsdance terastallize\n>p2 move closecombat terastallize\n>p1 move doubleedge\n>p2 switch 6\n>p2 switch 3\n>p1 move doubleedge\n>p2 move lashout\n>p2 switch 5\n>p1 move doubleedge\n>p2 move throatchop\n>p1 switch 5\n>p1 move matchagotcha\n>p2 move throatchop\n>p2 switch 4\n>p1 switch 6\n>p2 move calmmind\n>p1 move thunderwave\n>p2 move calmmind\n>p1 move seismictoss\n>p2 move calmmind\n>p1 move seismictoss\n>p2 move judgment\n>p1 move seismictoss\n>p2 move recover\n>p1 move seismictoss\n>p2 move recover\n>p1 move seismictoss\n>p2 move judgment\n>p1 move seismictoss\n>p2 move judgment\n>p1 move seismictoss\n>p2 move judgment\n>p2 switch 6\n>p1 move thunderwave\n>p2 move closecombat\n>p1 switch 6\n>p1 move calmmind\n>p2 switch 2\n>p1 move shadowball\n>p2 move airslash\n>p1 move shadowball\n>p2 move airslash\n>p1 switch 4\n>p1 move wavecrash\n>p2 move airslash\n>p2 switch 2\n>p1 move wavecrash\n>p2 move closecombat\n>p1 move wavecrash\n>p2 move closecombat\n>p1 switch 2\n>p1 move vacuumwave\n>p2 move closecombat", "uploadtime": 1733876467, "views": 2, "formatid": "gen9randombattle", "rating": 1649, "private": 0, "password": null}