{"id": "gen9randombattle-2105529921", "format": "[Gen 9] Random Battle", "players": ["gustah_br2", "villains dont die"], "log": "|uhtml|medal-msg|<div class=\"broadcast-blue\">Curious what those medals under the avatar are? PS now has Ladder Seasons! For more information, check out the <a href=\"https://www.smogon.com/forums/threads/3740067/\">thread on Smogon.</a></div>\n|uhtml|medal-msg|<div class=\"broadcast-blue\">Curious what those medals under the avatar are? PS now has Ladder Seasons! For more information, check out the <a href=\"https://www.smogon.com/forums/threads/3740067/\">thread on Smogon.</a></div>\n|j|\u2606gustah_br2\n|j|\u2606villains dont die\n|t:|1713367909\n|gametype|singles\n|player|p1|gustah_br2|worker|2248\n|player|p2|villains dont die|unknown|2290\n|teamsize|p1|6\n|teamsize|p2|6\n|gen|9\n|tier|[Gen 9] Random Battle\n|rated|\n|rule|Species Clause: Limit one of each Pok\u00e9mon\n|rule|HP Percentage Mod: HP is shown in percentages\n|rule|Sleep Clause Mod: Limit one foe put to sleep\n|rule|Illusion Level Mod: Illusion disguises the Pok\u00e9mon's true level\n|\n|t:|1713367909\n|start\n|switch|p1a: Sunflora|Sunflora, M|312/312\n|switch|p2a: Serperior|Serperior, L80, F|251/251\n|turn|1\n|inactive|Battle timer is ON: inactive players will automatically lose when time's up. (requested by villains dont die)\n|\n|t:|1713367926\n|switch|p2a: Palossand|Palossand, L89, F|296/296\n|move|p1a: Sunflora|Sludge Bomb|p2a: Palossand\n|-resisted|p2a: Palossand\n|-damage|p2a: Palossand|260/296\n|\n|-heal|p2a: Palossand|278/296|[from] item: Leftovers\n|upkeep\n|turn|2\n|\n|t:|1713367941\n|switch|p1a: Suicune|Suicune, L82|298/298\n|-ability|p1a: Suicune|Pressure\n|move|p2a: Palossand|Stealth Rock|p1a: Suicune\n|-sidestart|p1: gustah_br2|move: Stealth Rock\n|\n|-heal|p2a: Palossand|296/296|[from] item: Leftovers\n|upkeep\n|turn|3\n|\n|t:|1713367961\n|switch|p2a: Serperior|Serperior, L80, F|251/251\n|move|p1a: Suicune|Substitute|p1a: Suicune\n|-start|p1a: Suicune|Substitute\n|-damage|p1a: Suicune|224/298\n|\n|-heal|p1a: Suicune|242/298|[from] item: Leftovers\n|upkeep\n|turn|4\n|\n|t:|1713367966\n|move|p2a: Serperior|Leaf Storm|p1a: Suicune\n|-supereffective|p1a: Suicune\n|-end|p1a: Suicune|Substitute\n|-boost|p2a: Serperior|spa|2\n|-damage|p2a: Serperior|226/251|[from] item: Life Orb\n|move|p1a: Suicune|Ice Beam|p2a: Serperior\n|-supereffective|p2a: Serperior\n|-damage|p2a: Serperior|122/251\n|\n|-heal|p1a: Suicune|260/298|[from] item: Leftovers\n|upkeep\n|turn|5\n|\n|t:|1713367996\n|-terastallize|p1a: Suicune|Dragon\n|move|p2a: Serperior|Leaf Storm|p1a: Suicune\n|-resisted|p1a: Suicune\n|-damage|p1a: Suicune|140/298\n|-boost|p2a: Serperior|spa|2\n|-damage|p2a: Serperior|97/251|[from] item: Life Orb\n|move|p1a: Suicune|Ice Beam|p2a: Serperior\n|-supereffective|p2a: Serperior\n|-damage|p2a: Serperior|0 fnt\n|faint|p2a: Serperior\n|\n|-heal|p1a: Suicune|158/298|[from] item: Leftovers\n|upkeep\n|\n|t:|1713368005\n|switch|p2a: Hydreigon|Hydreigon, L79, M|275/275\n|turn|6\n|j| gokupichu\n|\n|t:|1713368025\n|move|p2a: Hydreigon|Dark Pulse|p1a: Suicune\n|-damage|p1a: Suicune|53/298\n|cant|p1a: Suicune|flinch\n|\n|-heal|p1a: Suicune|71/298|[from] item: Leftovers\n|upkeep\n|turn|7\n|inactive|gustah_br2 has 120 seconds left.\n|\n|t:|1713368044\n|move|p2a: Hydreigon|Dark Pulse|p1a: Suicune\n|-damage|p1a: Suicune|0 fnt\n|faint|p1a: Suicune\n|\n|upkeep\n|inactive|gustah_br2 has 120 seconds left.\n|\n|t:|1713368075\n|switch|p1a: Iron Moth|Iron Moth, L78|253/253\n|turn|8\n|\n|t:|1713368086\n|switch|p2a: Coalossal|Coalossal, L89, M|341/341\n|move|p1a: Iron Moth|Toxic Spikes|p2a: Coalossal\n|-sidestart|p2: villains dont die|move: Toxic Spikes\n|\n|upkeep\n|turn|9\n|\n|t:|1713368107\n|-end|p1a: Iron Moth|Quark Drive|[silent]\n|switch|p1a: Sunflora|Sunflora, M|312/312\n|-damage|p1a: Sunflora|273/312|[from] Stealth Rock\n|move|p2a: Coalossal|Flamethrower|p1a: Sunflora\n|-supereffective|p1a: Sunflora\n|-damage|p1a: Sunflora|117/312\n|\n|upkeep\n|turn|10\n|\n|t:|1713368123\n|switch|p2a: Palossand|Palossand, L89, F|296/296\n|-status|p2a: Palossand|psn\n|move|p1a: Sunflora|Leaf Storm|p2a: Palossand\n|-supereffective|p2a: Palossand\n|-damage|p2a: Palossand|0 fnt\n|-unboost|p1a: Sunflora|spa|2\n|faint|p2a: Palossand\n|\n|upkeep\n|\n|t:|1713368137\n|switch|p2a: Hydreigon|Hydreigon, L79, M|275/275\n|turn|11\n|\n|t:|1713368140\n|move|p2a: Hydreigon|Dark Pulse|p1a: Sunflora\n|-damage|p1a: Sunflora|0 fnt\n|faint|p1a: Sunflora\n|\n|upkeep\n|\n|t:|1713368144\n|switch|p1a: Iron Moth|Iron Moth, L78|253/253\n|turn|12\n|\n|t:|1713368155\n|-end|p1a: Iron Moth|Quark Drive|[silent]\n|switch|p1a: Azelf|Azelf, L82|257/257\n|-damage|p1a: Azelf|225/257|[from] Stealth Rock\n|move|p2a: Hydreigon|Dark Pulse|p1a: Azelf\n|-supereffective|p1a: Azelf\n|-damage|p1a: Azelf|0 fnt\n|faint|p1a: Azelf\n|\n|upkeep\n|\n|t:|1713368159\n|switch|p1a: Iron Boulder|Iron Boulder, L77|265/265\n|-damage|p1a: Iron Boulder|232/265|[from] Stealth Rock\n|-enditem|p1a: Iron Boulder|Booster Energy\n|-activate|p1a: Iron Boulder|ability: Quark Drive|[fromitem]\n|-start|p1a: Iron Boulder|quarkdrivespe\n|turn|13\n|\n|t:|1713368162\n|move|p1a: Iron Boulder|Close Combat|p2a: Hydreigon\n|-supereffective|p2a: Hydreigon\n|-damage|p2a: Hydreigon|97/275\n|-unboost|p1a: Iron Boulder|def|1\n|-unboost|p1a: Iron Boulder|spd|1\n|move|p2a: Hydreigon|Dark Pulse|p1a: Iron Boulder\n|-supereffective|p1a: Iron Boulder\n|-damage|p1a: Iron Boulder|0 fnt\n|faint|p1a: Iron Boulder\n|-end|p1a: Iron Boulder|Quark Drive|[silent]\n|\n|upkeep\n|\n|t:|1713368165\n|switch|p1a: Mismagius|Mismagius, L86, F|243/243\n|-damage|p1a: Mismagius|213/243|[from] Stealth Rock\n|turn|14\n|\n|t:|1713368171\n|move|p1a: Mismagius|Nasty Plot|p1a: Mismagius\n|-boost|p1a: Mismagius|spa|2\n|move|p2a: Hydreigon|Dark Pulse|p1a: Mismagius\n|-supereffective|p1a: Mismagius\n|-damage|p1a: Mismagius|0 fnt\n|faint|p1a: Mismagius\n|\n|upkeep\n|-message|gustah_br2 forfeited.\n|\n|win|villains dont die\n|raw|gustah_br2's rating: 2248 &rarr; <strong>2230</strong><br />(-18 for losing)\n|raw|villains dont die's rating: 2290 &rarr; <strong>2308</strong><br />(+18 for winning)\n|l|\u2606gustah_br2\n|player|p1|\n", "inputlog": ">version 94cb14e6e593f9434fd234bef139544825d280b8\n>start {\"formatid\":\"gen9randombattle\",\"seed\":[20212,35792,59844,40390],\"rated\":\"Rated battle\"}\n>player p1 {\"name\":\"gustah_br2\",\"avatar\":\"worker\",\"rating\":2248,\"seed\":[1987,14856,9624,51941]}\n>player p2 {\"name\":\"villains dont die\",\"avatar\":\"unknown\",\"rating\":2290,\"seed\":[24955,21631,52207,42066]}\n>p1 move sludgebomb\n>p2 switch 5\n>p1 switch 6\n>p2 move stealthrock\n>p1 move substitute\n>p2 switch 5\n>p1 move icebeam\n>p2 move leafstorm\n>p1 move icebeam terastallize\n>p2 move leafstorm\n>p2 switch 4\n>p1 move icebeam\n>p2 move darkpulse\n>p1 move icebeam\n>p2 move darkpulse\n>p1 switch 3\n>p1 move toxicspikes\n>p2 switch 6\n>p1 switch 6\n>p2 move flamethrower\n>p1 move leafstorm\n>p2 switch 5\n>p2 switch 6\n>p1 move leafstorm\n>p2 move darkpulse\n>p1 switch 6\n>p1 switch 2\n>p2 move darkpulse\n>p1 switch 5\n>p1 move closecombat\n>p2 move darkpulse\n>p1 switch 4\n>p1 move nastyplot\n>p2 move darkpulse\n>forcelose p1", "uploadtime": 1713368588, "views": 245, "formatid": "gen9randombattle", "rating": 2230, "private": 0, "password": null}