{"id": "gen9randombattle-2260478624", "format": "[Gen 9] Random Battle", "players": ["DatMemeKing", "loonytheomega"], "log": "|j|\u2606DatMemeKing\n|j|\u2606loonytheomega\n|t:|1733855531\n|gametype|singles\n|player|p1|DatMemeKing|101|1221\n|player|p2|loonytheomega|265|1168\n|teamsize|p1|6\n|teamsize|p2|6\n|gen|9\n|tier|[Gen 9] Random Battle\n|rated|\n|rule|Species Clause: Limit one of each Pok\u00e9mon\n|rule|HP Percentage Mod: HP is shown in percentages\n|rule|Sleep Clause Mod: Limit one foe put to sleep\n|rule|Illusion Level Mod: Illusion disguises the Pok\u00e9mon's true level\n|\n|t:|1733855531\n|start\n|switch|p1a: Flamigo|Flamigo, L82, M|269/269\n|switch|p2a: Politoed|Politoed, L88, F|302/302\n|-weather|RainDance|[from] ability: Drizzle|[of] p2a: Politoed\n|turn|1\n|\n|t:|1733855552\n|move|p1a: Flamigo|U-turn|p2a: Politoed\n|-damage|p2a: Politoed|246/302\n|\n|t:|1733855555\n|switch|p1a: Mismagius|Mismagius, L86, M|243/243|[from] U-turn\n|move|p2a: Politoed|Weather Ball|p1a: Mismagius\n|-crit|p1a: Mismagius\n|-damage|p1a: Mismagius|0 fnt\n|faint|p1a: Mismagius\n|\n|-weather|RainDance|[upkeep]\n|upkeep\n|\n|t:|1733855567\n|switch|p1a: Amoonguss|Amoonguss, L82, M|321/321\n|turn|2\n|\n|t:|1733855575\n|move|p2a: Politoed|Weather Ball|p1a: Amoonguss\n|-resisted|p1a: Amoonguss\n|-damage|p1a: Amoonguss|173/321\n|move|p1a: Amoonguss|Giga Drain|p2a: Politoed\n|-supereffective|p2a: Politoed\n|-damage|p2a: Politoed|126/302\n|-heal|p1a: Amoonguss|233/321|[from] drain|[of] p2a: Politoed\n|\n|-weather|RainDance|[upkeep]\n|-heal|p1a: Amoonguss|253/321|[from] item: Leftovers\n|upkeep\n|turn|3\n|\n|t:|1733855590\n|move|p2a: Politoed|Weather Ball|p1a: Amoonguss\n|-resisted|p1a: Amoonguss\n|-damage|p1a: Amoonguss|123/321\n|move|p1a: Amoonguss|Giga Drain|p2a: Politoed\n|-supereffective|p2a: Politoed\n|-damage|p2a: Politoed|0 fnt\n|-heal|p1a: Amoonguss|186/321|[from] drain|[of] p2a: Politoed\n|faint|p2a: Politoed\n|\n|-weather|RainDance|[upkeep]\n|-heal|p1a: Amoonguss|206/321|[from] item: Leftovers\n|upkeep\n|\n|t:|1733855605\n|switch|p2a: Weavile|Weavile, L79, M|240/240\n|turn|4\n|inactive|Battle timer is ON: inactive players will automatically lose when time's up. (requested by DatMemeKing)\n|inactive|DatMemeKing has 120 seconds left.\n|\n|t:|1733855648\n|move|p2a: Weavile|Ice Shard|p1a: Amoonguss\n|-supereffective|p1a: Amoonguss\n|-crit|p1a: Amoonguss\n|-damage|p1a: Amoonguss|36/321\n|move|p1a: Amoonguss|Spore|p2a: Weavile\n|-status|p2a: Weavile|slp|[from] move: Spore\n|\n|-weather|RainDance|[upkeep]\n|-heal|p1a: Amoonguss|56/321|[from] item: Leftovers\n|upkeep\n|turn|5\n|\n|t:|1733855672\n|switch|p1a: Flamigo|Flamigo, L82, M|269/269\n|cant|p2a: Weavile|slp\n|\n|-weather|none\n|upkeep\n|turn|6\n|\n|t:|1733855682\n|switch|p2a: Zebstrika|Zebstrika, L87, F|272/272\n|move|p1a: Flamigo|Close Combat|p2a: Zebstrika\n|-damage|p2a: Zebstrika|100/272\n|-unboost|p1a: Flamigo|def|1\n|-unboost|p1a: Flamigo|spd|1\n|\n|upkeep\n|turn|7\n|\n|t:|1733855696\n|move|p1a: Flamigo|Close Combat|p2a: Zebstrika\n|-damage|p2a: Zebstrika|0 fnt\n|-unboost|p1a: Flamigo|def|1\n|-unboost|p1a: Flamigo|spd|1\n|faint|p2a: Zebstrika\n|\n|upkeep\n|\n|t:|1733855703\n|switch|p2a: Weavile|Weavile, L79, M|240/240 slp\n|turn|8\n|\n|t:|1733855712\n|cant|p2a: Weavile|slp\n|move|p1a: Flamigo|Close Combat|p2a: Weavile\n|-supereffective|p2a: Weavile\n|-damage|p2a: Weavile|0 fnt\n|-unboost|p1a: Flamigo|def|1\n|-unboost|p1a: Flamigo|spd|1\n|faint|p2a: Weavile\n|\n|upkeep\n|\n|t:|1733855722\n|switch|p2a: Raikou|Raikou, L81|278/278\n|-ability|p2a: Raikou|Pressure\n|turn|9\n|\n|t:|1733855727\n|move|p1a: Flamigo|Close Combat|p2a: Raikou\n|-damage|p2a: Raikou|121/278\n|-unboost|p1a: Flamigo|def|1\n|-unboost|p1a: Flamigo|spd|1\n|move|p2a: Raikou|Thunderbolt|p1a: Flamigo\n|-supereffective|p1a: Flamigo\n|-damage|p1a: Flamigo|0 fnt\n|faint|p1a: Flamigo\n|\n|-heal|p2a: Raikou|138/278|[from] item: Leftovers\n|upkeep\n|\n|t:|1733855731\n|switch|p1a: Stonjourner|Stonjourner, L91, M|330/330\n|turn|10\n|\n|t:|1733855748\n|move|p2a: Raikou|Scald|p1a: Stonjourner\n|-supereffective|p1a: Stonjourner\n|-damage|p1a: Stonjourner|38/330\n|move|p1a: Stonjourner|Rock Polish|p1a: Stonjourner\n|-boost|p1a: Stonjourner|spe|2\n|\n|-heal|p2a: Raikou|155/278|[from] item: Leftovers\n|upkeep\n|turn|11\n|\n|t:|1733855761\n|-terastallize|p1a: Stonjourner|Ground\n|-terastallize|p2a: Raikou|Water\n|move|p1a: Stonjourner|Earthquake|p2a: Raikou\n|-damage|p2a: Raikou|0 fnt\n|faint|p2a: Raikou\n|-damage|p1a: Stonjourner|5/330|[from] item: Life Orb\n|\n|upkeep\n|\n|t:|1733855772\n|switch|p2a: Ariados|Ariados, L95, F|287/287\n|turn|12\n|\n|t:|1733855785\n|move|p1a: Stonjourner|Heat Crash|p2a: Ariados\n|-supereffective|p2a: Ariados\n|-damage|p2a: Ariados|0 fnt\n|faint|p2a: Ariados\n|-damage|p1a: Stonjourner|0 fnt|[from] item: Life Orb\n|faint|p1a: Stonjourner\n|\n|upkeep\n|\n|t:|1733855796\n|switch|p1a: Amoonguss|Amoonguss, L82, M|163/321\n|switch|p2a: Umbreon|Umbreon, L84, M|297/297\n|turn|13\n|\n|t:|1733855808\n|move|p2a: Umbreon|Foul Play|p1a: Amoonguss\n|-damage|p1a: Amoonguss|60/321\n|move|p1a: Amoonguss|Sludge Bomb|p2a: Umbreon\n|-damage|p2a: Umbreon|234/297\n|\n|-heal|p2a: Umbreon|252/297|[from] item: Leftovers\n|-heal|p1a: Amoonguss|80/321|[from] item: Leftovers\n|upkeep\n|turn|14\n|\n|t:|1733855822\n|move|p2a: Umbreon|Foul Play|p1a: Amoonguss\n|-damage|p1a: Amoonguss|0 fnt\n|faint|p1a: Amoonguss\n|\n|-heal|p2a: Umbreon|270/297|[from] item: Leftovers\n|upkeep\n|\n|t:|1733855824\n|switch|p1a: Froslass|Froslass, L87, F|263/263\n|turn|15\n|\n|t:|1733855834\n|move|p1a: Froslass|Destiny Bond|p1a: Froslass\n|-singlemove|p1a: Froslass|Destiny Bond\n|move|p2a: Umbreon|Wish|p2a: Umbreon\n|\n|-heal|p2a: Umbreon|288/297|[from] item: Leftovers\n|upkeep\n|turn|16\n|\n|t:|1733855844\n|move|p1a: Froslass|Poltergeist|p2a: Umbreon\n|-activate|p2a: Umbreon|move: Poltergeist|Leftovers\n|-resisted|p2a: Umbreon\n|-damage|p2a: Umbreon|246/297\n|move|p2a: Umbreon|Toxic|p1a: Froslass\n|-status|p1a: Froslass|tox\n|\n|-heal|p2a: Umbreon|297/297|[from] move: Wish|[wisher] Umbreon\n|-damage|p1a: Froslass|247/263 tox|[from] psn\n|upkeep\n|turn|17\n|\n|t:|1733855856\n|move|p1a: Froslass|Triple Axel|p2a: Umbreon\n|-damage|p2a: Umbreon|279/297\n|-damage|p2a: Umbreon|245/297\n|-damage|p2a: Umbreon|197/297\n|-hitcount|p2a: Umbreon|3\n|move|p2a: Umbreon|Wish|p2a: Umbreon\n|\n|-heal|p2a: Umbreon|215/297|[from] item: Leftovers\n|-damage|p1a: Froslass|215/263 tox|[from] psn\n|upkeep\n|turn|18\n|\n|t:|1733855869\n|move|p1a: Froslass|Taunt|p2a: Umbreon\n|-start|p2a: Umbreon|move: Taunt\n|move|p2a: Umbreon|Foul Play|p1a: Froslass\n|-supereffective|p1a: Froslass\n|-damage|p1a: Froslass|17/263 tox\n|-start|p2a: Umbreon|Disable|Foul Play|[from] ability: Cursed Body|[of] p1a: Froslass\n|\n|-heal|p2a: Umbreon|297/297|[from] move: Wish|[wisher] Umbreon\n|-damage|p1a: Froslass|0 fnt|[from] psn\n|faint|p1a: Froslass\n|upkeep\n|\n|t:|1733855875\n|switch|p1a: Staraptor|Staraptor, L79, F|263/263\n|turn|19\n|\n|t:|1733855887\n|move|p1a: Staraptor|Close Combat|p2a: Umbreon\n|-supereffective|p2a: Umbreon\n|-damage|p2a: Umbreon|77/297\n|-unboost|p1a: Staraptor|def|1\n|-unboost|p1a: Staraptor|spd|1\n|-activate|p2a: Umbreon|move: Struggle\n|move|p2a: Umbreon|Struggle|p1a: Staraptor\n|-damage|p1a: Staraptor|223/263\n|-damage|p2a: Umbreon|3/297|[from] recoil\n|\n|-heal|p2a: Umbreon|21/297|[from] item: Leftovers\n|upkeep\n|turn|20\n|\n|t:|1733855902\n|move|p1a: Staraptor|Close Combat|p2a: Umbreon\n|-supereffective|p2a: Umbreon\n|-damage|p2a: Umbreon|0 fnt\n|-unboost|p1a: Staraptor|def|1\n|-unboost|p1a: Staraptor|spd|1\n|faint|p2a: Umbreon\n|\n|win|DatMemeKing\n|raw|DatMemeKing's rating: 1221 &rarr; <strong>1242</strong><br />(+21 for winning)\n|raw|loonytheomega's rating: 1168 &rarr; <strong>1147</strong><br />(-21 for losing)\n|l|\u2606loonytheomega\n|player|p2|\n", "inputlog": ">version bfd83cad13791eb5a5a409923076391caf6fb4d4\n>start {\"formatid\":\"gen9randombattle\",\"seed\":[51803,51695,26956,14294],\"rated\":\"Rated battle\"}\n>player p1 {\"name\":\"DatMemeKing\",\"avatar\":\"101\",\"rating\":1221,\"seed\":[56848,12938,48270,51486]}\n>player p2 {\"name\":\"loonytheomega\",\"avatar\":\"265\",\"rating\":1168,\"seed\":[50138,33386,56729,41210]}\n>p1 move uturn\n>p2 move weatherball\n>p1 switch 3\n>p1 switch 5\n>p1 move gigadrain\n>p2 move weatherball\n>p1 move gigadrain\n>p2 move weatherball\n>p2 switch 6\n>p1 move spore\n>p2 move iceshard\n>p1 switch 3\n>p2 move tripleaxel\n>p1 move closecombat\n>p2 switch 5\n>p1 move closecombat\n>p2 move voltswitch\n>p2 switch 5\n>p1 move closecombat\n>p2 move iceshard\n>p2 switch 2\n>p1 move closecombat\n>p2 move thunderbolt\n>p1 switch 6\n>p1 move rockpolish\n>p2 move scald\n>p1 move earthquake terastallize\n>p2 move scald terastallize\n>p2 switch 3\n>p1 move heatcrash\n>p2 move toxicspikes\n>p1 switch 3\n>p2 switch 4\n>p1 move sludgebomb\n>p2 move foulplay\n>p1 move spore\n>p2 move foulplay\n>p1 switch 4\n>p1 move destinybond\n>p2 move wish\n>p1 move poltergeist\n>p2 move toxic\n>p1 move tripleaxel\n>p2 move wish\n>p1 move taunt\n>p2 move foulplay\n>p1 switch 2\n>p1 move closecombat\n>p2 move struggle\n>p1 move closecombat\n>p2 move struggle", "uploadtime": 1733855910, "views": 1, "formatid": "gen9randombattle", "rating": 1147, "private": 0, "password": null}