{"id": "gen9randombattle-2135950302", "format": "[Gen 9] Random Battle", "players": ["duuhhao", "Norman2!"], "log": "|badge|p2|silver|gen9randombattle|30-1\n|uhtml|medal-msg|<div class=\"broadcast-blue\">Curious what those medals under the avatar are? PS now has Ladder Seasons! For more information, check out the <a href=\"https://www.smogon.com/forums/threads/3740067/\">thread on Smogon.</a></div>\n|j|\u2606duuhhao\n|j|\u203dNorman2!\n|t:|1717410271\n|gametype|singles\n|player|p1|duuhhao|101|2251\n|player|p2|Norman2!|265|2470\n|teamsize|p1|6\n|teamsize|p2|6\n|gen|9\n|tier|[Gen 9] Random Battle\n|rated|\n|rule|Species Clause: Limit one of each Pok\u00e9mon\n|rule|HP Percentage Mod: HP is shown in percentages\n|rule|Sleep Clause Mod: Limit one foe put to sleep\n|rule|Illusion Level Mod: Illusion disguises the Pok\u00e9mon's true level\n|\n|t:|1717410271\n|start\n|switch|p1a: Polteageist|Polteageist, L79|224/224\n|switch|p2a: Great Tusk|Great Tusk, L77|304/304\n|turn|1\n|\n|t:|1717410285\n|move|p2a: Great Tusk|Headlong Rush|p1a: Polteageist\n|-damage|p1a: Polteageist|40/224\n|-unboost|p2a: Great Tusk|def|1\n|-unboost|p2a: Great Tusk|spd|1\n|move|p1a: Polteageist|Shell Smash|p1a: Polteageist\n|-unboost|p1a: Polteageist|def|1\n|-unboost|p1a: Polteageist|spd|1\n|-boost|p1a: Polteageist|atk|2\n|-boost|p1a: Polteageist|spa|2\n|-boost|p1a: Polteageist|spe|2\n|-enditem|p1a: Polteageist|White Herb\n|-clearnegativeboost|p1a: Polteageist|[silent]\n|\n|upkeep\n|turn|2\n|\n|t:|1717410292\n|-end|p2a: Great Tusk|Protosynthesis|[silent]\n|switch|p2a: Vespiquen|Vespiquen, L98, F|296/296\n|-ability|p2a: Vespiquen|Pressure\n|move|p1a: Polteageist|Strength Sap|p2a: Vespiquen\n|-unboost|p2a: Vespiquen|atk|1\n|-heal|p1a: Polteageist|224/224\n|\n|upkeep\n|turn|3\n|\n|t:|1717410315\n|move|p1a: Polteageist|Shadow Ball|p2a: Vespiquen\n|-damage|p2a: Vespiquen|151/296\n|-unboost|p2a: Vespiquen|spd|1\n|move|p2a: Vespiquen|U-turn|p1a: Polteageist\n|-resisted|p1a: Polteageist\n|-damage|p1a: Polteageist|187/224\n|-start|p2a: Vespiquen|Disable|U-turn|[from] ability: Cursed Body|[of] p1a: Polteageist\n|\n|t:|1717410339\n|switch|p2a: Granbull|Granbull, L88, M|302/302|[from] U-turn\n|-ability|p2a: Granbull|Intimidate|boost\n|-unboost|p1a: Polteageist|atk|1\n|\n|upkeep\n|turn|4\n|\n|t:|1717410348\n|move|p1a: Polteageist|Shadow Ball|p2a: Granbull\n|-damage|p2a: Granbull|56/302\n|move|p2a: Granbull|Thunder Wave|p1a: Polteageist\n|-status|p1a: Polteageist|par\n|\n|-heal|p2a: Granbull|74/302|[from] item: Leftovers\n|upkeep\n|turn|5\n|\n|t:|1717410362\n|move|p1a: Polteageist|Shadow Ball|p2a: Granbull\n|-damage|p2a: Granbull|0 fnt\n|faint|p2a: Granbull\n|\n|upkeep\n|\n|t:|1717410377\n|switch|p2a: Tsareena|Tsareena, L87, F|267/267\n|turn|6\n|\n|t:|1717410383\n|move|p2a: Tsareena|Power Whip|p1a: Polteageist\n|-damage|p1a: Polteageist|0 fnt\n|faint|p1a: Polteageist\n|\n|upkeep\n|\n|t:|1717410387\n|switch|p1a: Eternatus|Eternatus, L69|308/308\n|-ability|p1a: Eternatus|Pressure\n|turn|7\n|\n|t:|1717410395\n|switch|p2a: Great Tusk|Great Tusk, L77|304/304\n|switch|p1a: Hitmontop|Hitmontop, L88, M|231/231\n|-ability|p1a: Hitmontop|Intimidate|boost\n|-unboost|p2a: Great Tusk|atk|1\n|\n|upkeep\n|turn|8\n|\n|t:|1717410402\n|-end|p2a: Great Tusk|Protosynthesis|[silent]\n|switch|p2a: Pelipper|Pelipper, L86, F|243/243\n|-weather|RainDance|[from] ability: Drizzle|[of] p2a: Pelipper\n|move|p1a: Hitmontop|Triple Axel|p2a: Pelipper\n|-damage|p2a: Pelipper|229/243\n|-damage|p2a: Pelipper|201/243\n|-damage|p2a: Pelipper|163/243\n|-hitcount|p2a: Pelipper|3\n|\n|-weather|RainDance|[upkeep]\n|upkeep\n|turn|9\n|\n|t:|1717410420\n|move|p1a: Hitmontop|Triple Axel|p2a: Pelipper\n|-damage|p2a: Pelipper|149/243\n|-damage|p2a: Pelipper|119/243\n|-damage|p2a: Pelipper|74/243\n|-hitcount|p2a: Pelipper|3\n|move|p2a: Pelipper|Roost|p2a: Pelipper\n|-heal|p2a: Pelipper|196/243\n|-singleturn|p2a: Pelipper|move: Roost\n|\n|-weather|RainDance|[upkeep]\n|upkeep\n|turn|10\n|\n|t:|1717410430\n|switch|p1a: Eternatus|Eternatus, L69|308/308\n|-ability|p1a: Eternatus|Pressure\n|move|p2a: Pelipper|Hurricane|p1a: Eternatus\n|-damage|p1a: Eternatus|161/308\n|-start|p1a: Eternatus|confusion\n|\n|-weather|RainDance|[upkeep]\n|-heal|p1a: Eternatus|180/308|[from] item: Leftovers\n|upkeep\n|turn|11\n|\n|t:|1717410434\n|switch|p2a: Great Tusk|Great Tusk, L77|304/304\n|-activate|p1a: Eternatus|confusion\n|move|p1a: Eternatus|Dynamax Cannon|p2a: Great Tusk\n|-damage|p2a: Great Tusk|208/304\n|\n|-weather|RainDance|[upkeep]\n|-heal|p1a: Eternatus|199/308|[from] item: Leftovers\n|upkeep\n|turn|12\n|\n|t:|1717410444\n|-activate|p1a: Eternatus|confusion\n|move|p1a: Eternatus|Dynamax Cannon|p2a: Great Tusk\n|-damage|p2a: Great Tusk|105/304\n|move|p2a: Great Tusk|Headlong Rush|p1a: Eternatus\n|-supereffective|p1a: Eternatus\n|-damage|p1a: Eternatus|0 fnt\n|-unboost|p2a: Great Tusk|def|1\n|-unboost|p2a: Great Tusk|spd|1\n|faint|p1a: Eternatus\n|\n|-weather|none\n|upkeep\n|\n|t:|1717410451\n|switch|p1a: Hitmontop|Hitmontop, L88, M|231/231\n|-ability|p1a: Hitmontop|Intimidate|boost\n|-unboost|p2a: Great Tusk|atk|1\n|turn|13\n|\n|t:|1717410460\n|-end|p2a: Great Tusk|Protosynthesis|[silent]\n|switch|p2a: Vespiquen|Vespiquen, L98, F|151/296\n|-ability|p2a: Vespiquen|Pressure\n|move|p1a: Hitmontop|Triple Axel|p2a: Vespiquen\n|-supereffective|p2a: Vespiquen\n|-damage|p2a: Vespiquen|125/296\n|-supereffective|p2a: Vespiquen\n|-damage|p2a: Vespiquen|75/296\n|-supereffective|p2a: Vespiquen\n|-damage|p2a: Vespiquen|1/296\n|-hitcount|p2a: Vespiquen|3\n|\n|upkeep\n|turn|14\n|\n|t:|1717410469\n|move|p1a: Hitmontop|Rapid Spin|p2a: Vespiquen\n|-damage|p2a: Vespiquen|0 fnt\n|-boost|p1a: Hitmontop|spe|1\n|faint|p2a: Vespiquen\n|\n|upkeep\n|\n|t:|1717410472\n|switch|p2a: Pelipper|Pelipper, L86, F|196/243\n|-weather|RainDance|[from] ability: Drizzle|[of] p2a: Pelipper\n|turn|15\n|\n|t:|1717410481\n|move|p1a: Hitmontop|Triple Axel|p2a: Pelipper\n|-damage|p2a: Pelipper|181/243\n|-damage|p2a: Pelipper|154/243\n|-damage|p2a: Pelipper|114/243\n|-hitcount|p2a: Pelipper|3\n|move|p2a: Pelipper|Hurricane|p1a: Hitmontop\n|-supereffective|p1a: Hitmontop\n|-damage|p1a: Hitmontop|105/231\n|\n|-weather|RainDance|[upkeep]\n|upkeep\n|turn|16\n|\n|t:|1717410493\n|move|p1a: Hitmontop|Triple Axel|p2a: Pelipper\n|-damage|p2a: Pelipper|100/243\n|-damage|p2a: Pelipper|72/243\n|-damage|p2a: Pelipper|34/243\n|-hitcount|p2a: Pelipper|3\n|move|p2a: Pelipper|Hurricane|p1a: Hitmontop\n|-supereffective|p1a: Hitmontop\n|-damage|p1a: Hitmontop|0 fnt\n|faint|p1a: Hitmontop\n|\n|-weather|RainDance|[upkeep]\n|upkeep\n|\n|t:|1717410508\n|switch|p1a: Gallade|Gallade, L82, M|246/246\n|turn|17\n|\n|t:|1717410518\n|move|p1a: Gallade|Sacred Sword|p2a: Pelipper\n|-resisted|p2a: Pelipper\n|-damage|p2a: Pelipper|0 fnt\n|faint|p2a: Pelipper\n|\n|-weather|RainDance|[upkeep]\n|upkeep\n|\n|t:|1717410523\n|switch|p2a: Espathra|Espathra, L80, M|283/283\n|turn|18\n|\n|t:|1717410532\n|switch|p1a: Deoxys|Deoxys-Speed, L82|216/216\n|-ability|p1a: Deoxys|Pressure\n|move|p2a: Espathra|Calm Mind|p2a: Espathra\n|-boost|p2a: Espathra|spa|1\n|-boost|p2a: Espathra|spd|1\n|\n|-weather|RainDance|[upkeep]\n|-ability|p2a: Espathra|Speed Boost|boost\n|-boost|p2a: Espathra|spe|1\n|upkeep\n|turn|19\n|\n|t:|1717410544\n|move|p2a: Espathra|Protect|p2a: Espathra\n|-singleturn|p2a: Espathra|Protect\n|move|p1a: Deoxys|Knock Off|p2a: Espathra\n|-activate|p2a: Espathra|move: Protect\n|\n|-weather|none\n|-ability|p2a: Espathra|Speed Boost|boost\n|-boost|p2a: Espathra|spe|1\n|upkeep\n|turn|20\n|\n|t:|1717410551\n|-terastallize|p2a: Espathra|Fairy\n|move|p2a: Espathra|Calm Mind|p2a: Espathra\n|-boost|p2a: Espathra|spa|1\n|-boost|p2a: Espathra|spd|1\n|move|p1a: Deoxys|Knock Off|p2a: Espathra\n|-resisted|p2a: Espathra\n|-crit|p2a: Espathra\n|-damage|p2a: Espathra|204/283\n|-enditem|p2a: Espathra|Leftovers|[from] move: Knock Off|[of] p1a: Deoxys\n|-damage|p1a: Deoxys|195/216|[from] item: Life Orb\n|\n|-ability|p2a: Espathra|Speed Boost|boost\n|-boost|p2a: Espathra|spe|1\n|upkeep\n|turn|21\n|\n|t:|1717410593\n|move|p2a: Espathra|Dazzling Gleam|p1a: Deoxys\n|-damage|p1a: Deoxys|42/216\n|move|p1a: Deoxys|Taunt|p2a: Espathra\n|-start|p2a: Espathra|move: Taunt\n|\n|-ability|p2a: Espathra|Speed Boost|boost\n|-boost|p2a: Espathra|spe|1\n|upkeep\n|turn|22\n|\n|t:|1717410599\n|move|p2a: Espathra|Dazzling Gleam|p1a: Deoxys\n|-damage|p1a: Deoxys|0 fnt\n|faint|p1a: Deoxys\n|\n|-ability|p2a: Espathra|Speed Boost|boost\n|-boost|p2a: Espathra|spe|1\n|upkeep\n|\n|t:|1717410606\n|switch|p1a: Arbok|Arbok, L87, M|246/246\n|-ability|p1a: Arbok|Intimidate|boost\n|-unboost|p2a: Espathra|atk|1\n|turn|23\n|\n|t:|1717410634\n|-terastallize|p1a: Arbok|Dark\n|move|p2a: Espathra|Dazzling Gleam|p1a: Arbok\n|-supereffective|p1a: Arbok\n|-damage|p1a: Arbok|0 fnt\n|faint|p1a: Arbok\n|\n|-ability|p2a: Espathra|Speed Boost|boost\n|-boost|p2a: Espathra|spe|1\n|upkeep\n|\n|t:|1717410638\n|switch|p1a: Gallade|Gallade, L82, M|246/246\n|turn|24\n|\n|t:|1717410649\n|move|p2a: Espathra|Stored Power|p1a: Gallade\n|-damage|p1a: Gallade|0 fnt\n|faint|p1a: Gallade\n|\n|win|Norman2!\n|raw|duuhhao's rating: 2251 &rarr; <strong>2242</strong><br />(-9 for losing)\n|raw|Norman2!'s rating: 2470 &rarr; <strong>2479</strong><br />(+9 for winning)\n|l|\u2606duuhhao\n|player|p1|\n", "inputlog": ">version 44ea4080b22383dffbfbbbc072caa3821a8e16c7\n>start {\"formatid\":\"gen9randombattle\",\"seed\":[24163,16673,27987,22770],\"rated\":\"Rated battle\"}\n>player p1 {\"name\":\"duuhhao\",\"avatar\":\"101\",\"rating\":2251,\"seed\":[4224,27114,10635,2177]}\n>player p2 {\"name\":\"Norman2!\",\"avatar\":\"265\",\"rating\":2470,\"seed\":[20584,35675,14523,2210]}\n>p1 move shellsmash\n>p2 move headlongrush\n>p1 move strengthsap\n>p2 switch 2\n>p1 move shadowball\n>p2 move uturn\n>p2 switch 6\n>p1 move shadowball\n>p2 move thunderwave\n>p1 move shadowball\n>p2 move playrough\n>p2 switch 3\n>p1 move strengthsap\n>p2 move powerwhip\n>p1 switch 5\n>p1 switch 2\n>p2 switch 2\n>p1 move tripleaxel\n>p2 switch 5\n>p1 move tripleaxel\n>p2 move roost\n>p1 switch 2\n>p2 move hurricane\n>p1 move dynamaxcannon\n>p2 switch 5\n>p1 move dynamaxcannon\n>p2 move headlongrush\n>p1 switch 2\n>p1 move tripleaxel\n>p2 switch 6\n>p1 move rapidspin\n>p2 move airslash\n>p2 switch 5\n>p1 move tripleaxel\n>p2 move hurricane\n>p1 move tripleaxel\n>p2 move hurricane\n>p1 switch 6\n>p1 move sacredsword\n>p2 move hurricane\n>p2 switch 4\n>p1 switch 3\n>p2 move calmmind\n>p1 move knockoff\n>p2 move protect\n>p1 move knockoff\n>p2 move calmmind terastallize\n>p1 move taunt\n>p2 move dazzlinggleam\n>p1 move psychoboost\n>p2 move dazzlinggleam\n>p1 switch 4\n>p1 move gunkshot terastallize\n>p2 move dazzlinggleam\n>p1 switch 3\n>p1 move psychocut\n>p2 move storedpower", "uploadtime": 1717410655, "views": 207, "formatid": "gen9randombattle", "rating": 2242, "private": 0, "password": null}