{"id": "gen9randombattle-2260706204", "format": "[Gen 9] Random Battle", "players": ["Loading_Zzz", "prayermachine"], "log": "|j|\u2606Loading_Zzz\n|j|\u203dprayermachine\n|t:|1733880896\n|gametype|singles\n|player|p1|Loading_Zzz|pokekid|1595\n|player|p2|prayermachine|rood|1543\n|teamsize|p1|6\n|teamsize|p2|6\n|gen|9\n|tier|[Gen 9] Random Battle\n|rated|\n|rule|Species Clause: Limit one of each Pok\u00e9mon\n|rule|HP Percentage Mod: HP is shown in percentages\n|rule|Sleep Clause Mod: Limit one foe put to sleep\n|rule|Illusion Level Mod: Illusion disguises the Pok\u00e9mon's true level\n|\n|t:|1733880896\n|start\n|switch|p1a: Carbink|Carbink, L90|236/236\n|switch|p2a: Lucario|Lucario, L84, F|255/255\n|turn|1\n|inactive|Battle timer is ON: inactive players will automatically lose when time's up. (requested by prayermachine)\n|inactive|Loading_Zzz also wants the timer to be on.\n|\n|t:|1733880906\n|switch|p1a: Gyarados|Gyarados, L79, M|280/280\n|move|p2a: Lucario|Flash Cannon|p1a: Gyarados\n|-resisted|p1a: Gyarados\n|-damage|p1a: Gyarados|222/280\n|-damage|p2a: Lucario|230/255|[from] item: Life Orb\n|\n|upkeep\n|turn|2\n|\n|t:|1733880935\n|switch|p2a: Sinistcha|Sinistcha, L83|254/254\n|move|p1a: Gyarados|Dragon Dance|p1a: Gyarados\n|-boost|p1a: Gyarados|atk|1\n|-boost|p1a: Gyarados|spe|1\n|\n|upkeep\n|turn|3\n|\n|t:|1733880945\n|move|p1a: Gyarados|Stone Edge|p2a: Sinistcha\n|-crit|p2a: Sinistcha\n|-damage|p2a: Sinistcha|114/254\n|move|p2a: Sinistcha|Strength Sap|p1a: Gyarados\n|-unboost|p1a: Gyarados|atk|1\n|-heal|p2a: Sinistcha|254/254\n|\n|upkeep\n|turn|4\n|\n|t:|1733880957\n|switch|p1a: Seviper|Seviper, L93, M|287/287\n|move|p2a: Sinistcha|Matcha Gotcha|p1a: Seviper\n|-resisted|p1a: Seviper\n|-damage|p1a: Seviper|227/287\n|\n|upkeep\n|turn|5\n|\n|t:|1733880967\n|move|p1a: Seviper|Switcheroo|p2a: Sinistcha\n|-activate|p1a: Seviper|move: Trick|[of] p2a: Sinistcha\n|-item|p2a: Sinistcha|Choice Scarf|[from] move: Switcheroo\n|-item|p1a: Seviper|Leftovers|[from] move: Switcheroo\n|move|p2a: Sinistcha|Shadow Ball|p1a: Seviper\n|-damage|p1a: Seviper|113/287\n|\n|-heal|p1a: Seviper|130/287|[from] item: Leftovers\n|upkeep\n|turn|6\n|\n|t:|1733880974\n|move|p2a: Sinistcha|Shadow Ball|p1a: Seviper\n|-damage|p1a: Seviper|16/287\n|move|p1a: Seviper|Gunk Shot|p2a: Sinistcha\n|-damage|p2a: Sinistcha|125/254\n|\n|-heal|p1a: Seviper|33/287|[from] item: Leftovers\n|upkeep\n|turn|7\n|\n|t:|1733880982\n|move|p2a: Sinistcha|Shadow Ball|p1a: Seviper\n|-damage|p1a: Seviper|0 fnt\n|faint|p1a: Seviper\n|\n|upkeep\n|\n|t:|1733880987\n|switch|p1a: Lokix|Lokix, L82, M|251/251\n|turn|8\n|\n|t:|1733880996\n|switch|p2a: Lycanroc|Lycanroc-Midnight, L89, F|296/296\n|move|p1a: Lokix|First Impression|p2a: Lycanroc\n|-damage|p2a: Lycanroc|182/296\n|\n|upkeep\n|turn|9\n|\n|t:|1733881010\n|switch|p1a: Carbink|Carbink, L90|236/236\n|move|p2a: Lycanroc|Stealth Rock|p1a: Carbink\n|-sidestart|p1: Loading_Zzz|move: Stealth Rock\n|\n|upkeep\n|turn|10\n|\n|t:|1733881026\n|move|p2a: Lycanroc|Knock Off|p1a: Carbink\n|-resisted|p1a: Carbink\n|-damage|p1a: Carbink|198/236\n|-enditem|p1a: Carbink|Leftovers|[from] move: Knock Off|[of] p2a: Lycanroc\n|-damage|p2a: Lycanroc|153/296|[from] item: Life Orb\n|move|p1a: Carbink|Rock Polish|p1a: Carbink\n|-boost|p1a: Carbink|spe|2\n|\n|upkeep\n|turn|11\n|\n|t:|1733881044\n|move|p1a: Carbink|Iron Defense|p1a: Carbink\n|-boost|p1a: Carbink|def|2\n|move|p2a: Lycanroc|Stone Edge|p1a: Carbink\n|-damage|p1a: Carbink|147/236\n|-damage|p2a: Lycanroc|124/296|[from] item: Life Orb\n|\n|upkeep\n|turn|12\n|\n|t:|1733881052\n|move|p1a: Carbink|Body Press|p2a: Lycanroc\n|-supereffective|p2a: Lycanroc\n|-damage|p2a: Lycanroc|0 fnt\n|faint|p2a: Lycanroc\n|\n|upkeep\n|\n|t:|1733881062\n|switch|p2a: Sinistcha|Sinistcha, L83|125/254\n|turn|13\n|\n|t:|1733881065\n|move|p1a: Carbink|Moonblast|p2a: Sinistcha\n|-damage|p2a: Sinistcha|47/254\n|-unboost|p2a: Sinistcha|spa|1\n|move|p2a: Sinistcha|Matcha Gotcha|p1a: Carbink\n|-supereffective|p1a: Carbink\n|-damage|p1a: Carbink|61/236\n|-heal|p2a: Sinistcha|90/254|[from] drain|[of] p1a: Carbink\n|-status|p1a: Carbink|brn\n|\n|-damage|p1a: Carbink|47/236 brn|[from] brn\n|upkeep\n|turn|14\n|\n|t:|1733881078\n|move|p1a: Carbink|Moonblast|p2a: Sinistcha\n|-damage|p2a: Sinistcha|12/254\n|move|p2a: Sinistcha|Matcha Gotcha|p1a: Carbink\n|-supereffective|p1a: Carbink\n|-damage|p1a: Carbink|0 fnt\n|-heal|p2a: Sinistcha|36/254|[from] drain|[of] p1a: Carbink\n|faint|p1a: Carbink\n|\n|upkeep\n|\n|t:|1733881084\n|switch|p1a: Lokix|Lokix, L82, M|251/251\n|-damage|p1a: Lokix|189/251|[from] Stealth Rock\n|turn|15\n|\n|t:|1733881093\n|switch|p2a: Snorlax|Snorlax, L82, M|397/397\n|move|p1a: Lokix|U-turn|p2a: Snorlax\n|-damage|p2a: Snorlax|289/397\n|\n|t:|1733881100\n|switch|p1a: Crabominable|Crabominable, L90, M|321/321|[from] U-turn\n|-damage|p1a: Crabominable|281/321|[from] Stealth Rock\n|\n|-heal|p2a: Snorlax|313/397|[from] item: Leftovers\n|upkeep\n|turn|16\n|\n|t:|1733881107\n|move|p1a: Crabominable|Ice Hammer|p2a: Snorlax\n|-damage|p2a: Snorlax|198/397\n|-unboost|p1a: Crabominable|spe|1\n|move|p2a: Snorlax|Body Slam|p1a: Crabominable\n|-damage|p1a: Crabominable|182/321\n|\n|-heal|p2a: Snorlax|222/397|[from] item: Leftovers\n|upkeep\n|turn|17\n|\n|t:|1733881115\n|move|p2a: Snorlax|Curse|p2a: Snorlax\n|-unboost|p2a: Snorlax|spe|1\n|-boost|p2a: Snorlax|atk|1\n|-boost|p2a: Snorlax|def|1\n|move|p1a: Crabominable|Drain Punch|p2a: Snorlax\n|-supereffective|p2a: Snorlax\n|-damage|p2a: Snorlax|0 fnt\n|-heal|p1a: Crabominable|293/321|[from] drain|[of] p2a: Snorlax\n|faint|p2a: Snorlax\n|\n|upkeep\n|l|\u2606Loading_Zzz\n|inactive|Loading_Zzz disconnected and has a minute to reconnect!\n|player|p1|\n|j|\u2606Loading_Zzz\n|inactive|Loading_Zzz reconnected.\n|player|p1|Loading_Zzz|pokekid|\n|\n|t:|1733881136\n|switch|p2a: Arcanine|Arcanine, L84, F|288/288\n|-ability|p2a: Arcanine|Intimidate|boost\n|-unboost|p1a: Crabominable|atk|1\n|turn|18\n|\n|t:|1733881154\n|switch|p1a: Gyarados|Gyarados, L79, M|222/280\n|move|p2a: Arcanine|Morning Sun|p2a: Arcanine\n|-fail|p2a: Arcanine|heal\n|\n|upkeep\n|turn|19\n|\n|t:|1733881169\n|switch|p2a: Hitmonchan|Hitmonchan, L87, M|229/229\n|move|p1a: Gyarados|Dragon Dance|p1a: Gyarados\n|-boost|p1a: Gyarados|atk|1\n|-boost|p1a: Gyarados|spe|1\n|\n|upkeep\n|turn|20\n|\n|t:|1733881180\n|move|p1a: Gyarados|Waterfall|p2a: Hitmonchan\n|-damage|p2a: Hitmonchan|94/229\n|move|p2a: Hitmonchan|Knock Off|p1a: Gyarados\n|-damage|p1a: Gyarados|139/280\n|-enditem|p1a: Gyarados|Heavy-Duty Boots|[from] move: Knock Off|[of] p2a: Hitmonchan\n|\n|-heal|p2a: Hitmonchan|108/229|[from] item: Leftovers\n|upkeep\n|turn|21\n|\n|t:|1733881188\n|move|p1a: Gyarados|Waterfall|p2a: Hitmonchan\n|-damage|p2a: Hitmonchan|0 fnt\n|faint|p2a: Hitmonchan\n|-ability|p1a: Gyarados|Moxie|boost\n|-boost|p1a: Gyarados|atk|1\n|\n|upkeep\n|l|\u2606Loading_Zzz\n|inactive|Loading_Zzz disconnected and has a minute to reconnect!\n|player|p1|\n|\n|t:|1733881193\n|switch|p2a: Sinistcha|Sinistcha, L83|36/254\n|turn|22\n|j|\u2606Loading_Zzz\n|inactive|Loading_Zzz reconnected and has 140 seconds left.\n|player|p1|Loading_Zzz|pokekid|\n|inactive|Loading_Zzz has 120 seconds left.\n|inactive|Loading_Zzz has 90 seconds left.\n|\n|t:|1733881266\n|move|p1a: Gyarados|Waterfall|p2a: Sinistcha\n|-resisted|p2a: Sinistcha\n|-damage|p2a: Sinistcha|0 fnt\n|faint|p2a: Sinistcha\n|-ability|p1a: Gyarados|Moxie|boost\n|-boost|p1a: Gyarados|atk|1\n|\n|upkeep\n|\n|t:|1733881276\n|switch|p2a: Arcanine|Arcanine, L84, F|288/288\n|-ability|p2a: Arcanine|Intimidate|boost\n|-unboost|p1a: Gyarados|atk|1\n|turn|23\n|inactive|Loading_Zzz has 90 seconds left.\n|\n|t:|1733881292\n|-terastallize|p2a: Arcanine|Fighting\n|move|p2a: Arcanine|Extreme Speed|p1a: Gyarados\n|-damage|p1a: Gyarados|69/280\n|move|p1a: Gyarados|Earthquake|p2a: Arcanine\n|-damage|p2a: Arcanine|111/288\n|\n|upkeep\n|turn|24\n|\n|t:|1733881299\n|move|p2a: Arcanine|Extreme Speed|p1a: Gyarados\n|-damage|p1a: Gyarados|0 fnt\n|faint|p1a: Gyarados\n|\n|upkeep\n|\n|t:|1733881302\n|switch|p1a: Lokix|Lokix, L82, M|189/251\n|-damage|p1a: Lokix|127/251|[from] Stealth Rock\n|turn|25\n|\n|t:|1733881307\n|move|p2a: Arcanine|Extreme Speed|p1a: Lokix\n|-damage|p1a: Lokix|62/251\n|move|p1a: Lokix|First Impression|p2a: Arcanine\n|-resisted|p2a: Arcanine\n|-damage|p2a: Arcanine|0 fnt\n|faint|p2a: Arcanine\n|\n|upkeep\n|\n|t:|1733881314\n|switch|p2a: Lucario|Lucario, L84, F|230/255\n|turn|26\n|inactive|Loading_Zzz has 120 seconds left.\n|\n|t:|1733881320\n|move|p1a: Lokix|Sucker Punch||[still]\n|-fail|p1a: Lokix\n|move|p2a: Lucario|Nasty Plot|p2a: Lucario\n|-boost|p2a: Lucario|spa|2\n|\n|upkeep\n|turn|27\n|\n|t:|1733881326\n|move|p1a: Lokix|Sucker Punch||[still]\n|-fail|p1a: Lokix\n|move|p2a: Lucario|Nasty Plot|p2a: Lucario\n|-boost|p2a: Lucario|spa|2\n|\n|upkeep\n|turn|28\n|\n|t:|1733881331\n|move|p1a: Lokix|Sucker Punch||[still]\n|-fail|p1a: Lokix\n|move|p2a: Lucario|Nasty Plot|p2a: Lucario\n|-boost|p2a: Lucario|spa|2\n|\n|upkeep\n|turn|29\n|\n|t:|1733881336\n|move|p2a: Lucario|Vacuum Wave|p1a: Lokix\n|-damage|p1a: Lokix|0 fnt\n|faint|p1a: Lokix\n|-damage|p2a: Lucario|205/255|[from] item: Life Orb\n|\n|upkeep\n|\n|t:|1733881340\n|switch|p1a: Crabominable|Crabominable, L90, M|293/321\n|-damage|p1a: Crabominable|253/321|[from] Stealth Rock\n|turn|30\n|\n|t:|1733881344\n|-terastallize|p1a: Crabominable|Water\n|move|p2a: Lucario|Aura Sphere|p1a: Crabominable\n|-damage|p1a: Crabominable|0 fnt\n|faint|p1a: Crabominable\n|-damage|p2a: Lucario|180/255|[from] item: Life Orb\n|\n|upkeep\n|\n|t:|1733881348\n|switch|p1a: Jolteon|Jolteon, L84, F|246/246\n|-damage|p1a: Jolteon|216/246|[from] Stealth Rock\n|turn|31\n|\n|t:|1733881357\n|move|p2a: Lucario|Vacuum Wave|p1a: Jolteon\n|-damage|p1a: Jolteon|0 fnt\n|faint|p1a: Jolteon\n|-damage|p2a: Lucario|155/255|[from] item: Life Orb\n|\n|win|prayermachine\n|raw|Loading_Zzz's rating: 1595 &rarr; <strong>1572</strong><br />(-23 for losing)\n|raw|prayermachine's rating: 1543 &rarr; <strong>1566</strong><br />(+23 for winning)\n|l|\u2606Loading_Zzz\n|player|p1|\n", "inputlog": ">version bfd83cad13791eb5a5a409923076391caf6fb4d4\n>start {\"formatid\":\"gen9randombattle\",\"seed\":[63303,64338,20813,5028],\"rated\":\"Rated battle\"}\n>player p1 {\"name\":\"Loading_Zzz\",\"avatar\":\"pokekid\",\"rating\":1595,\"seed\":[29288,39686,22761,61818]}\n>player p2 {\"name\":\"prayermachine\",\"avatar\":\"rood\",\"rating\":1543,\"seed\":[45934,23810,42665,37801]}\n>p1 switch 6\n>p2 move flashcannon\n>p1 move dragondance\n>p2 switch 3\n>p1 move stoneedge\n>p2 move strengthsap\n>p1 switch 4\n>p2 move matchagotcha\n>p1 move switcheroo\n>p2 move shadowball\n>p1 move gunkshot\n>p2 move shadowball\n>p1 move gigadrain\n>p2 move shadowball\n>p1 switch 5\n>p1 move firstimpression\n>p2 switch 6\n>p1 switch 6\n>p2 move stealthrock\n>p1 move rockpolish\n>p2 move knockoff\n>p1 move irondefense\n>p2 move stoneedge\n>p1 move bodypress\n>p2 move stoneedge\n>p2 switch 6\n>p1 move moonblast\n>p2 move matchagotcha\n>p1 move moonblast\n>p2 move matchagotcha\n>p1 switch 6\n>p1 move uturn\n>p2 switch 5\n>p1 switch 3\n>p1 move icehammer\n>p2 move bodyslam\n>p1 move drainpunch\n>p2 move curse\n>p2 switch 4\n>p1 switch 4\n>p2 move morningsun\n>p1 move dragondance\n>p2 switch 2\n>p1 move waterfall\n>p2 move knockoff\n>p1 move waterfall\n>p2 move drainpunch\n>p2 switch 5\n>p1 move waterfall\n>p2 move strengthsap\n>p2 switch 2\n>p1 move earthquake\n>p2 move extremespeed terastallize\n>p1 move waterfall\n>p2 move extremespeed\n>p1 switch 3\n>p1 move firstimpression\n>p2 move extremespeed\n>p2 switch 3\n>p1 move suckerpunch\n>p2 move nastyplot\n>p1 move suckerpunch\n>p2 move nastyplot\n>p1 move suckerpunch\n>p2 move nastyplot\n>p1 move suckerpunch\n>p2 move vacuumwave\n>p1 switch 4\n>p1 move drainpunch terastallize\n>p2 move aurasphere\n>p1 switch 2\n>p1 move thunderbolt\n>p2 move vacuumwave", "uploadtime": 1733881364, "views": 2, "formatid": "gen9randombattle", "rating": 1566, "private": 0, "password": null}