{"id": "gen9randombattle-2260861539", "format": "[Gen 9] Random Battle", "players": ["Dinosweep", "demontw1nk"], "log": "|j|\u2606Dinosweep\n|j|\u2606demontw1nk\n|t:|1733906206\n|gametype|singles\n|player|p1|Dinosweep|pokemaniac|1339\n|player|p2|demontw1nk|rocketgrunt|1377\n|teamsize|p1|6\n|teamsize|p2|6\n|gen|9\n|tier|[Gen 9] Random Battle\n|rated|\n|rule|Species Clause: Limit one of each Pok\u00e9mon\n|rule|HP Percentage Mod: HP is shown in percentages\n|rule|Sleep Clause Mod: Limit one foe put to sleep\n|rule|Illusion Level Mod: Illusion disguises the Pok\u00e9mon's true level\n|\n|t:|1733906206\n|start\n|switch|p1a: Tatsugiri|Tatsugiri, L87, F|260/260\n|switch|p2a: Jolteon|Jolteon, L84, M|246/246\n|turn|1\n|inactive|Battle timer is ON: inactive players will automatically lose when time's up. (requested by Dinosweep)\n|\n|t:|1733906224\n|switch|p1a: Entei|Entei, L78|307/307\n|move|p2a: Jolteon|Substitute|p2a: Jolteon\n|-start|p2a: Jolteon|Substitute\n|-damage|p2a: Jolteon|185/246\n|\n|-heal|p2a: Jolteon|200/246|[from] item: Leftovers\n|upkeep\n|turn|2\n|\n|t:|1733906234\n|move|p2a: Jolteon|Thunderbolt|p1a: Entei\n|-damage|p1a: Entei|174/307\n|move|p1a: Entei|Sacred Fire|p2a: Jolteon\n|-crit|p2a: Jolteon\n|-end|p2a: Jolteon|Substitute\n|\n|-heal|p2a: Jolteon|215/246|[from] item: Leftovers\n|upkeep\n|turn|3\n|\n|t:|1733906253\n|switch|p2a: Magmortar|Magmortar, L88, F|275/275\n|move|p1a: Entei|Sacred Fire|p2a: Magmortar\n|-resisted|p2a: Magmortar\n|-damage|p2a: Magmortar|182/275\n|\n|upkeep\n|turn|4\n|\n|t:|1733906262\n|switch|p1a: Tatsugiri|Tatsugiri, L87, F|260/260\n|move|p2a: Magmortar|Thunderbolt|p1a: Tatsugiri\n|-damage|p1a: Tatsugiri|184/260\n|\n|upkeep\n|turn|5\n|\n|t:|1733906280\n|switch|p2a: Plusle|Plusle, L95, F|268/268\n|move|p1a: Tatsugiri|Rapid Spin|p2a: Plusle\n|-damage|p2a: Plusle|230/268\n|-boost|p1a: Tatsugiri|spe|1\n|\n|upkeep\n|turn|6\n|\n|t:|1733906286\n|move|p1a: Tatsugiri|Draco Meteor|p2a: Plusle\n|-damage|p2a: Plusle|62/268\n|-unboost|p1a: Tatsugiri|spa|2\n|move|p2a: Plusle|Encore|p1a: Tatsugiri\n|-start|p1a: Tatsugiri|Encore\n|\n|upkeep\n|turn|7\n|\n|t:|1733906309\n|switch|p2a: Polteageist|Polteageist, L79|224/224\n|move|p1a: Tatsugiri|Draco Meteor|p2a: Polteageist\n|-damage|p2a: Polteageist|152/224\n|-unboost|p1a: Tatsugiri|spa|2\n|-start|p1a: Tatsugiri|Disable|Draco Meteor|[from] ability: Cursed Body|[of] p2a: Polteageist\n|\n|upkeep\n|turn|8\n|\n|t:|1733906327\n|switch|p1a: Pachirisu|Pachirisu, L96, F|271/271\n|move|p2a: Polteageist|Shell Smash|p2a: Polteageist\n|-unboost|p2a: Polteageist|def|1\n|-unboost|p2a: Polteageist|spd|1\n|-boost|p2a: Polteageist|atk|2\n|-boost|p2a: Polteageist|spa|2\n|-boost|p2a: Polteageist|spe|2\n|-enditem|p2a: Polteageist|White Herb\n|-clearnegativeboost|p2a: Polteageist|[silent]\n|\n|upkeep\n|turn|9\n|\n|t:|1733906340\n|-terastallize|p2a: Polteageist|Psychic\n|move|p2a: Polteageist|Stored Power|p1a: Pachirisu\n|-damage|p1a: Pachirisu|0 fnt\n|faint|p1a: Pachirisu\n|\n|upkeep\n|\n|t:|1733906357\n|switch|p1a: Talonflame|Talonflame, L83, M|265/265\n|turn|10\n|\n|t:|1733906365\n|move|p2a: Polteageist|Stored Power|p1a: Talonflame\n|-damage|p1a: Talonflame|0 fnt\n|faint|p1a: Talonflame\n|\n|upkeep\n|\n|t:|1733906369\n|switch|p1a: Entei|Entei, L78|174/307\n|turn|11\n|\n|t:|1733906372\n|-terastallize|p1a: Entei|Normal\n|move|p1a: Entei|Extreme Speed|p2a: Polteageist\n|-damage|p2a: Polteageist|0 fnt\n|faint|p2a: Polteageist\n|\n|upkeep\n|\n|t:|1733906381\n|switch|p2a: Blastoise|Blastoise, L80, F|258/258\n|turn|12\n|\n|t:|1733906387\n|switch|p1a: Pelipper|Pelipper, L86, M|243/243\n|-weather|RainDance|[from] ability: Drizzle|[of] p1a: Pelipper\n|move|p2a: Blastoise|Shell Smash|p2a: Blastoise\n|-unboost|p2a: Blastoise|def|1\n|-unboost|p2a: Blastoise|spd|1\n|-boost|p2a: Blastoise|atk|2\n|-boost|p2a: Blastoise|spa|2\n|-boost|p2a: Blastoise|spe|2\n|-enditem|p2a: Blastoise|White Herb\n|-clearnegativeboost|p2a: Blastoise|[silent]\n|\n|-weather|RainDance|[upkeep]\n|upkeep\n|turn|13\n|\n|t:|1733906400\n|move|p2a: Blastoise|Hydro Pump|p1a: Pelipper|[miss]\n|-miss|p2a: Blastoise|p1a: Pelipper\n|move|p1a: Pelipper|Hurricane|p2a: Blastoise\n|-damage|p2a: Blastoise|146/258\n|-start|p2a: Blastoise|confusion\n|\n|-weather|RainDance|[upkeep]\n|upkeep\n|turn|14\n|\n|t:|1733906413\n|-activate|p2a: Blastoise|confusion\n|move|p2a: Blastoise|Ice Beam|p1a: Pelipper\n|-damage|p1a: Pelipper|117/243\n|move|p1a: Pelipper|Hurricane|p2a: Blastoise\n|-damage|p2a: Blastoise|29/258\n|\n|-weather|RainDance|[upkeep]\n|upkeep\n|turn|15\n|\n|t:|1733906426\n|-end|p2a: Blastoise|confusion\n|move|p2a: Blastoise|Ice Beam|p1a: Pelipper\n|-damage|p1a: Pelipper|0 fnt\n|faint|p1a: Pelipper\n|\n|-weather|RainDance|[upkeep]\n|upkeep\n|\n|t:|1733906432\n|switch|p1a: Entei|Entei, L78, tera:Normal|174/307\n|turn|16\n|\n|t:|1733906439\n|move|p1a: Entei|Extreme Speed|p2a: Blastoise\n|-damage|p2a: Blastoise|0 fnt\n|faint|p2a: Blastoise\n|\n|-weather|none\n|upkeep\n|\n|t:|1733906444\n|switch|p2a: Lurantis|Lurantis, L87, M|264/264\n|turn|17\n|\n|t:|1733906450\n|switch|p1a: Heracross|Heracross, L80, M|259/259\n|move|p2a: Lurantis|Superpower|p1a: Heracross\n|-resisted|p1a: Heracross\n|-damage|p1a: Heracross|205/259\n|-boost|p2a: Lurantis|atk|1\n|-boost|p2a: Lurantis|def|1\n|\n|upkeep\n|turn|18\n|\n|t:|1733906469\n|move|p1a: Heracross|Megahorn|p2a: Lurantis\n|-supereffective|p2a: Lurantis\n|-damage|p2a: Lurantis|82/264\n|move|p2a: Lurantis|Superpower|p1a: Heracross\n|-resisted|p1a: Heracross\n|-damage|p1a: Heracross|123/259\n|-boost|p2a: Lurantis|atk|1\n|-boost|p2a: Lurantis|def|1\n|\n|upkeep\n|turn|19\n|\n|t:|1733906477\n|switch|p1a: Tatsugiri|Tatsugiri, L87, F|184/260\n|move|p2a: Lurantis|Leech Life|p1a: Tatsugiri\n|-damage|p1a: Tatsugiri|20/260\n|-heal|p2a: Lurantis|164/264|[from] drain|[of] p1a: Tatsugiri\n|\n|upkeep\n|turn|20\n|\n|t:|1733906487\n|move|p1a: Tatsugiri|Draco Meteor|p2a: Lurantis\n|-damage|p2a: Lurantis|62/264\n|-unboost|p1a: Tatsugiri|spa|2\n|move|p2a: Lurantis|Leech Life|p1a: Tatsugiri\n|-damage|p1a: Tatsugiri|0 fnt\n|-heal|p2a: Lurantis|72/264|[from] drain|[of] p1a: Tatsugiri\n|faint|p1a: Tatsugiri\n|\n|upkeep\n|\n|t:|1733906502\n|switch|p1a: Entei|Entei, L78, tera:Normal|174/307\n|turn|21\n|\n|t:|1733906513\n|move|p1a: Entei|Sacred Fire|p2a: Lurantis\n|-supereffective|p2a: Lurantis\n|-damage|p2a: Lurantis|0 fnt\n|faint|p2a: Lurantis\n|\n|upkeep\n|\n|t:|1733906516\n|switch|p2a: Magmortar|Magmortar, L88, F|182/275\n|turn|22\n|\n|t:|1733906520\n|move|p1a: Entei|Sacred Fire|p2a: Magmortar\n|-resisted|p2a: Magmortar\n|-damage|p2a: Magmortar|83/275\n|move|p2a: Magmortar|Fire Blast|p1a: Entei\n|-damage|p1a: Entei|0 fnt\n|faint|p1a: Entei\n|\n|upkeep\n|\n|t:|1733906527\n|switch|p1a: Heracross|Heracross, L80, M|123/259\n|turn|23\n|c|\u2606demontw1nk|gg\n|\n|t:|1733906537\n|move|p1a: Heracross|Earthquake|p2a: Magmortar\n|-supereffective|p2a: Magmortar\n|-damage|p2a: Magmortar|0 fnt\n|faint|p2a: Magmortar\n|-ability|p1a: Heracross|Moxie|boost\n|-boost|p1a: Heracross|atk|1\n|\n|upkeep\n|\n|t:|1733906544\n|switch|p2a: Jolteon|Jolteon, L84, M|215/246\n|turn|24\n|\n|t:|1733906549\n|move|p1a: Heracross|Earthquake|p2a: Jolteon\n|-supereffective|p2a: Jolteon\n|-damage|p2a: Jolteon|0 fnt\n|faint|p2a: Jolteon\n|-ability|p1a: Heracross|Moxie|boost\n|-boost|p1a: Heracross|atk|1\n|\n|upkeep\n|\n|t:|1733906551\n|switch|p2a: Plusle|Plusle, L95, F|62/268\n|turn|25\n|c|\u2606Dinosweep|ggs\n|c|\u2606demontw1nk|wait you're scarfed\n|c|\u2606Dinosweep|Yep\n|c|\u2606demontw1nk|you literally suck at this game. u played horribly\n|-message|demontw1nk forfeited.\n|\n|win|Dinosweep\n", "inputlog": ">version bfd83cad13791eb5a5a409923076391caf6fb4d4\n>start {\"formatid\":\"gen9randombattle\",\"seed\":[19473,14298,13541,52128],\"rated\":\"Rated battle\"}\n>player p1 {\"name\":\"Dinosweep\",\"avatar\":\"pokemaniac\",\"rating\":1339,\"seed\":[38624,64926,52488,5844]}\n>player p2 {\"name\":\"demontw1nk\",\"avatar\":\"rocketgrunt\",\"rating\":1377,\"seed\":[8827,5200,16343,42653]}\n>p1 switch 4\n>p2 move substitute\n>p1 move sacredfire\n>p2 move thunderbolt\n>p1 move sacredfire\n>p2 switch 4\n>p1 switch 4\n>p2 move thunderbolt\n>p1 move rapidspin\n>p2 switch 3\n>p1 move dracometeor\n>p2 move encore\n>p1 move dracometeor\n>p2 switch 6\n>p1 switch 6\n>p2 move shellsmash\n>p1 move encore\n>p2 move storedpower terastallize\n>p1 switch 5\n>p1 move flareblitz\n>p2 move storedpower\n>p1 switch 4\n>p1 move extremespeed terastallize\n>p2 move storedpower\n>p2 switch 5\n>p1 switch 2\n>p2 move shellsmash\n>p1 move hurricane\n>p2 move hydropump\n>p1 move hurricane\n>p2 move icebeam\n>p1 move roost\n>p2 move icebeam\n>p1 switch 2\n>p1 move extremespeed\n>p2 move hydropump\n>p2 switch 2\n>p1 switch 3\n>p2 move superpower\n>p1 move megahorn\n>p2 move superpower\n>p1 switch 6\n>p2 move leechlife\n>p1 move dracometeor\n>p2 move leechlife\n>p1 switch 3\n>p1 move sacredfire\n>p2 move leechlife\n>p2 switch 3\n>p1 move sacredfire\n>p2 move fireblast\n>p1 switch 6\n>chat \u2606demontw1nk|gg\n>p1 move earthquake\n>p2 move fireblast\n>p2 switch 4\n>p1 move earthquake\n>p2 move thunderbolt\n>p2 switch 6\n>chat \u2606Dinosweep|ggs\n>chat \u2606demontw1nk|wait you're scarfed\n>chat \u2606Dinosweep|Yep\n>chat \u2606demontw1nk|you literally suck at this game. u played horribly\n>forcelose p2", "uploadtime": 1733906571, "views": 1, "formatid": "gen9randombattle", "rating": null, "private": 0, "password": null}