{"id": "gen9randombattle-2236294171", "format": "[Gen 9] Random Battle", "players": ["BullyMcKnight", "MichaelderBeste2"], "log": "|badge|p2|bronze|gen9randombattle|100-3\n|uhtml|medal-msg|<div class=\"broadcast-blue\">Curious what those medals under the avatar are? PS now has Ladder Seasons! For more information, check out the <a href=\"https://www.smogon.com/forums/threads/3740067/\">thread on Smogon.</a></div>\n|j|\u2606BullyMcKnight\n|j|\u2606MichaelderBeste2\n|t:|1730596113\n|gametype|singles\n|player|p1|BullyMcKnight|101|2281\n|player|p2|MichaelderBeste2|#scl4islanders2|2283\n|teamsize|p1|6\n|teamsize|p2|6\n|gen|9\n|tier|[Gen 9] Random Battle\n|rated|\n|rule|Species Clause: Limit one of each Pok\u00e9mon\n|rule|HP Percentage Mod: HP is shown in percentages\n|rule|Sleep Clause Mod: Limit one foe put to sleep\n|rule|Illusion Level Mod: Illusion disguises the Pok\u00e9mon's true level\n|\n|t:|1730596113\n|start\n|switch|p1a: Tauros|Tauros-Paldea-Combat, L82, M|257/257\n|switch|p2a: Umbreon|Umbreon, L84, M|297/297\n|-ability|p1a: Tauros|Intimidate|boost\n|-unboost|p2a: Umbreon|atk|1\n|turn|1\n|\n|t:|1730596134\n|switch|p2a: Munkidori|Munkidori, L79, M|269/269\n|move|p1a: Tauros|Bulk Up|p1a: Tauros\n|-boost|p1a: Tauros|atk|1\n|-boost|p1a: Tauros|def|1\n|\n|upkeep\n|turn|2\n|\n|t:|1730596141\n|switch|p1a: Empoleon|Empoleon, L84, F|278/278\n|move|p2a: Munkidori|U-turn|p1a: Empoleon\n|-resisted|p1a: Empoleon\n|-damage|p1a: Empoleon|260/278\n|\n|t:|1730596146\n|switch|p2a: Terrakion|Terrakion, L79|273/273|[from] U-turn\n|\n|-heal|p1a: Empoleon|277/278|[from] item: Leftovers\n|upkeep\n|turn|3\n|\n|t:|1730596153\n|switch|p1a: Gyarados|Gyarados, L79, M|280/280\n|-ability|p1a: Gyarados|Intimidate|boost\n|-unboost|p2a: Terrakion|atk|1\n|move|p2a: Terrakion|Close Combat|p1a: Gyarados\n|-resisted|p1a: Gyarados\n|-damage|p1a: Gyarados|198/280\n|-unboost|p2a: Terrakion|def|1\n|-unboost|p2a: Terrakion|spd|1\n|\n|upkeep\n|turn|4\n|\n|t:|1730596169\n|switch|p2a: Umbreon|Umbreon, L84, M|297/297\n|switch|p1a: Empoleon|Empoleon, L84, F|277/278\n|\n|-heal|p1a: Empoleon|278/278|[from] item: Leftovers\n|upkeep\n|turn|5\n|\n|t:|1730596186\n|switch|p2a: Terrakion|Terrakion, L79|273/273\n|move|p1a: Empoleon|Stealth Rock|p2a: Terrakion\n|-sidestart|p2: MichaelderBeste2|move: Stealth Rock\n|\n|upkeep\n|turn|6\n|\n|t:|1730596191\n|switch|p1a: Gyarados|Gyarados, L79, M|198/280\n|-ability|p1a: Gyarados|Intimidate|boost\n|-unboost|p2a: Terrakion|atk|1\n|move|p2a: Terrakion|Close Combat|p1a: Gyarados\n|-resisted|p1a: Gyarados\n|-damage|p1a: Gyarados|121/280\n|-unboost|p2a: Terrakion|def|1\n|-unboost|p2a: Terrakion|spd|1\n|\n|upkeep\n|turn|7\n|\n|t:|1730596213\n|switch|p2a: Umbreon|Umbreon, L84, M|297/297\n|-damage|p2a: Umbreon|260/297|[from] Stealth Rock\n|switch|p1a: Slither Wing|Slither Wing, L81|270/270\n|-enditem|p1a: Slither Wing|Booster Energy\n|-activate|p1a: Slither Wing|ability: Protosynthesis|[fromitem]\n|-start|p1a: Slither Wing|protosynthesisatk\n|\n|-heal|p2a: Umbreon|278/297|[from] item: Leftovers\n|upkeep\n|turn|8\n|\n|t:|1730596225\n|-terastallize|p2a: Umbreon|Poison\n|move|p1a: Slither Wing|Bulk Up|p1a: Slither Wing\n|-boost|p1a: Slither Wing|atk|1\n|-boost|p1a: Slither Wing|def|1\n|move|p2a: Umbreon|Toxic|p1a: Slither Wing\n|-status|p1a: Slither Wing|tox\n|\n|-heal|p2a: Umbreon|296/297|[from] item: Leftovers\n|-damage|p1a: Slither Wing|254/270 tox|[from] psn\n|upkeep\n|turn|9\n|\n|t:|1730596234\n|move|p2a: Umbreon|Protect|p2a: Umbreon\n|-singleturn|p2a: Umbreon|Protect\n|move|p1a: Slither Wing|Wild Charge|p2a: Umbreon\n|-activate|p2a: Umbreon|move: Protect\n|\n|-heal|p2a: Umbreon|297/297|[from] item: Leftovers\n|-damage|p1a: Slither Wing|222/270 tox|[from] psn\n|upkeep\n|turn|10\n|\n|t:|1730596237\n|move|p1a: Slither Wing|Wild Charge|p2a: Umbreon\n|-damage|p2a: Umbreon|177/297\n|-damage|p1a: Slither Wing|192/270 tox|[from] Recoil\n|move|p2a: Umbreon|Wish|p2a: Umbreon\n|\n|-heal|p2a: Umbreon|195/297|[from] item: Leftovers\n|-damage|p1a: Slither Wing|144/270 tox|[from] psn\n|upkeep\n|turn|11\n|\n|t:|1730596241\n|move|p1a: Slither Wing|Bulk Up|p1a: Slither Wing\n|-boost|p1a: Slither Wing|atk|1\n|-boost|p1a: Slither Wing|def|1\n|move|p2a: Umbreon|Foul Play|p1a: Slither Wing\n|-resisted|p1a: Slither Wing\n|-damage|p1a: Slither Wing|71/270 tox\n|\n|-heal|p2a: Umbreon|297/297|[from] move: Wish|[wisher] Umbreon\n|-damage|p1a: Slither Wing|7/270 tox|[from] psn\n|upkeep\n|turn|12\n|\n|t:|1730596252\n|-end|p1a: Slither Wing|Protosynthesis|[silent]\n|switch|p1a: Camerupt|Camerupt, L91, M|275/275\n|move|p2a: Umbreon|Protect||[still]\n|-fail|p2a: Umbreon\n|\n|upkeep\n|turn|13\n|\n|t:|1730596256\n|switch|p2a: Snorlax|Snorlax, L82, F|397/397\n|-damage|p2a: Snorlax|348/397|[from] Stealth Rock\n|move|p1a: Camerupt|Earthquake|p2a: Snorlax\n|-damage|p2a: Snorlax|177/397\n|\n|upkeep\n|turn|14\n|\n|t:|1730596263\n|move|p1a: Camerupt|Earthquake|p2a: Snorlax\n|-damage|p2a: Snorlax|24/397\n|move|p2a: Snorlax|Rest|p2a: Snorlax\n|-status|p2a: Snorlax|slp|[from] move: Rest\n|-heal|p2a: Snorlax|397/397 slp|[silent]\n|-enditem|p2a: Snorlax|Chesto Berry|[eat]\n|-curestatus|p2a: Snorlax|slp|[msg]\n|\n|upkeep\n|turn|15\n|\n|t:|1730596271\n|move|p1a: Camerupt|Will-O-Wisp|p2a: Snorlax\n|-status|p2a: Snorlax|brn\n|move|p2a: Snorlax|Body Slam|p1a: Camerupt\n|-damage|p1a: Camerupt|222/275\n|\n|-heal|p1a: Camerupt|239/275|[from] item: Leftovers\n|-damage|p2a: Snorlax|373/397 brn|[from] brn\n|upkeep\n|turn|16\n|\n|t:|1730596278\n|move|p1a: Camerupt|Earthquake|p2a: Snorlax\n|-damage|p2a: Snorlax|204/397 brn\n|move|p2a: Snorlax|Body Slam|p1a: Camerupt\n|-damage|p1a: Camerupt|191/275\n|\n|-heal|p1a: Camerupt|208/275|[from] item: Leftovers\n|-damage|p2a: Snorlax|180/397 brn|[from] brn\n|upkeep\n|turn|17\n|\n|t:|1730596290\n|move|p1a: Camerupt|Earthquake|p2a: Snorlax\n|-damage|p2a: Snorlax|24/397 brn\n|move|p2a: Snorlax|Body Slam|p1a: Camerupt\n|-damage|p1a: Camerupt|160/275\n|-status|p1a: Camerupt|par\n|\n|-heal|p1a: Camerupt|177/275 par|[from] item: Leftovers\n|-damage|p2a: Snorlax|0 fnt|[from] brn\n|faint|p2a: Snorlax\n|upkeep\n|\n|t:|1730596301\n|switch|p2a: Terrakion|Terrakion, L79|273/273\n|-damage|p2a: Terrakion|256/273|[from] Stealth Rock\n|turn|18\n|\n|t:|1730596305\n|switch|p1a: Slither Wing|Slither Wing, L81|7/270 tox\n|move|p2a: Terrakion|Close Combat|p1a: Slither Wing\n|-resisted|p1a: Slither Wing\n|-damage|p1a: Slither Wing|0 fnt\n|-unboost|p2a: Terrakion|def|1\n|-unboost|p2a: Terrakion|spd|1\n|faint|p1a: Slither Wing\n|-end|p1a: Slither Wing|Protosynthesis|[silent]\n|\n|upkeep\n|\n|t:|1730596313\n|switch|p1a: Gyarados|Gyarados, L79, M|121/280\n|-ability|p1a: Gyarados|Intimidate|boost\n|-unboost|p2a: Terrakion|atk|1\n|turn|19\n|\n|t:|1730596319\n|switch|p2a: Wugtrio|Wugtrio, L91, M|212/212\n|-damage|p2a: Wugtrio|186/212|[from] Stealth Rock\n|move|p1a: Gyarados|Earthquake|p2a: Wugtrio\n|-damage|p2a: Wugtrio|72/212\n|\n|upkeep\n|turn|20\n|\n|t:|1730596324\n|move|p2a: Wugtrio|Liquidation|p1a: Gyarados\n|-resisted|p1a: Gyarados\n|-damage|p1a: Gyarados|25/280\n|-unboost|p1a: Gyarados|def|1\n|move|p1a: Gyarados|Earthquake|p2a: Wugtrio\n|-damage|p2a: Wugtrio|0 fnt\n|faint|p2a: Wugtrio\n|\n|upkeep\n|\n|t:|1730596326\n|switch|p2a: Terrakion|Terrakion, L79|256/273\n|-damage|p2a: Terrakion|239/273|[from] Stealth Rock\n|turn|21\n|\n|t:|1730596336\n|move|p2a: Terrakion|Close Combat|p1a: Gyarados\n|-resisted|p1a: Gyarados\n|-damage|p1a: Gyarados|0 fnt\n|-unboost|p2a: Terrakion|def|1\n|-unboost|p2a: Terrakion|spd|1\n|faint|p1a: Gyarados\n|\n|upkeep\n|\n|t:|1730596342\n|switch|p1a: Tauros|Tauros-Paldea-Combat, L82, M|257/257\n|-ability|p1a: Tauros|Intimidate|boost\n|-unboost|p2a: Terrakion|atk|1\n|turn|22\n|\n|t:|1730596350\n|switch|p2a: Umbreon|Umbreon, L84, M, tera:Poison|297/297\n|-damage|p2a: Umbreon|260/297|[from] Stealth Rock\n|move|p1a: Tauros|Earthquake|p2a: Umbreon\n|-supereffective|p2a: Umbreon\n|-damage|p2a: Umbreon|91/297\n|-damage|p1a: Tauros|232/257|[from] item: Life Orb\n|\n|-heal|p2a: Umbreon|109/297|[from] item: Leftovers\n|upkeep\n|turn|23\n|\n|t:|1730596357\n|move|p2a: Umbreon|Protect|p2a: Umbreon\n|-singleturn|p2a: Umbreon|Protect\n|move|p1a: Tauros|Earthquake|p2a: Umbreon\n|-activate|p2a: Umbreon|move: Protect\n|\n|-heal|p2a: Umbreon|127/297|[from] item: Leftovers\n|upkeep\n|turn|24\n|\n|t:|1730596365\n|move|p2a: Umbreon|Protect||[still]\n|-fail|p2a: Umbreon\n|move|p1a: Tauros|Earthquake|p2a: Umbreon\n|-supereffective|p2a: Umbreon\n|-damage|p2a: Umbreon|0 fnt\n|faint|p2a: Umbreon\n|-damage|p1a: Tauros|207/257|[from] item: Life Orb\n|\n|upkeep\n|\n|t:|1730596368\n|switch|p2a: Terrakion|Terrakion, L79|239/273\n|-damage|p2a: Terrakion|222/273|[from] Stealth Rock\n|turn|25\n|\n|t:|1730596378\n|move|p2a: Terrakion|Close Combat|p1a: Tauros\n|-damage|p1a: Tauros|17/257\n|-unboost|p2a: Terrakion|def|1\n|-unboost|p2a: Terrakion|spd|1\n|move|p1a: Tauros|Close Combat|p2a: Terrakion\n|-supereffective|p2a: Terrakion\n|-damage|p2a: Terrakion|0 fnt\n|-unboost|p1a: Tauros|def|1\n|-unboost|p1a: Tauros|spd|1\n|faint|p2a: Terrakion\n|-damage|p1a: Tauros|0 fnt|[from] item: Life Orb\n|faint|p1a: Tauros\n|\n|upkeep\n|-message|MichaelderBeste2 forfeited.\n|\n|win|BullyMcKnight\n|raw|BullyMcKnight's rating: 2281 &rarr; <strong>2302</strong><br />(+21 for winning)\n|raw|MichaelderBeste2's rating: 2303 &rarr; <strong>2282</strong><br />(-21 for losing)\n|l|\u2606MichaelderBeste2\n|player|p2|\n|l|\u2606BullyMcKnight\n|player|p1|\n|j|\u2606BullyMcKnight\n|player|p1|BullyMcKnight|101|\n", "inputlog": ">version 138b9afab342d6be526a5f7547ee3b0f4e63f024\n>start {\"formatid\":\"gen9randombattle\",\"seed\":[35977,64985,17827,63819],\"rated\":\"Rated battle\"}\n>player p1 {\"name\":\"BullyMcKnight\",\"avatar\":\"101\",\"rating\":2281,\"seed\":[26237,2255,43964,28795]}\n>player p2 {\"name\":\"MichaelderBeste2\",\"avatar\":\"#scl4islanders2\",\"rating\":2283,\"seed\":[7171,34330,31042,60897]}\n>p1 move bulkup\n>p2 switch 6\n>p1 switch 5\n>p2 move uturn\n>p2 switch 5\n>p1 switch 3\n>p2 move closecombat\n>p1 switch 3\n>p2 switch 6\n>p1 move stealthrock\n>p2 switch 6\n>p1 switch 3\n>p2 move closecombat\n>p1 switch 2\n>p2 switch 6\n>p1 move bulkup\n>p2 move toxic terastallize\n>p1 move wildcharge\n>p2 move protect\n>p1 move wildcharge\n>p2 move wish\n>p1 move bulkup\n>p2 move foulplay\n>p1 switch 6\n>p2 move protect\n>p1 move earthquake\n>p2 switch 3\n>p1 move earthquake\n>p2 move rest\n>p1 move willowisp\n>p2 move bodyslam\n>p1 move earthquake\n>p2 move bodyslam\n>p1 move earthquake\n>p2 move bodyslam\n>p2 switch 6\n>p1 switch 6\n>p2 move closecombat\n>p1 switch 2\n>p1 move earthquake\n>p2 switch 2\n>p1 move earthquake\n>p2 move liquidation\n>p2 switch 2\n>p1 move earthquake\n>p2 move closecombat\n>p1 switch 5\n>p1 move earthquake\n>p2 switch 3\n>p1 move earthquake\n>p2 move protect\n>p1 move earthquake\n>p2 move protect\n>p2 switch 3\n>p1 move closecombat\n>p2 move closecombat\n>forcelose p2", "uploadtime": 1730596475, "views": 158, "formatid": "gen9randombattle", "rating": 2282, "private": 0, "password": null}