{"id": "gen9randombattle-2259953040", "format": "[Gen 9] Random Battle", "players": ["Jynxhairweave", "Chernobyl\u00d710"], "log": "|j|\u2606Jynxhairweave\n|j|\u2606Chernobyl\u00d710\n|t:|1733783696\n|gametype|singles\n|player|p1|Jynxhairweave|266|1916\n|player|p2|Chernobyl\u00d710|steven|1970\n|teamsize|p1|6\n|teamsize|p2|6\n|gen|9\n|tier|[Gen 9] Random Battle\n|rated|\n|rule|Species Clause: Limit one of each Pok\u00e9mon\n|rule|HP Percentage Mod: HP is shown in percentages\n|rule|Sleep Clause Mod: Limit one foe put to sleep\n|rule|Illusion Level Mod: Illusion disguises the Pok\u00e9mon's true level\n|\n|t:|1733783696\n|start\n|switch|p1a: Krookodile|Krookodile, L80, F|283/283\n|switch|p2a: Azelf|Azelf, L82|257/257\n|-ability|p1a: Krookodile|Intimidate|boost\n|-unboost|p2a: Azelf|atk|1\n|turn|1\n|inactive|Battle timer is ON: inactive players will automatically lose when time's up. (requested by Chernobyl\u00d710)\n|\n|t:|1733783710\n|move|p2a: Azelf|Stealth Rock|p1a: Krookodile\n|-sidestart|p1: Jynxhairweave|move: Stealth Rock\n|move|p1a: Krookodile|Knock Off|p2a: Azelf\n|-supereffective|p2a: Azelf\n|-enditem|p2a: Azelf|Focus Sash\n|-damage|p2a: Azelf|1/257\n|-damage|p1a: Krookodile|255/283|[from] item: Life Orb\n|\n|upkeep\n|turn|2\n|\n|t:|1733783737\n|switch|p1a: Giratina|Giratina, L75|349/349\n|-damage|p1a: Giratina|306/349|[from] Stealth Rock\n|-ability|p1a: Giratina|Pressure\n|move|p2a: Azelf|Fire Blast|p1a: Giratina\n|-resisted|p1a: Giratina\n|-damage|p1a: Giratina|270/349\n|\n|upkeep\n|turn|3\n|\n|t:|1733783751\n|switch|p2a: Vaporeon|Vaporeon, L86, F|364/364\n|move|p1a: Giratina|Shadow Ball|p2a: Vaporeon\n|-damage|p2a: Vaporeon|303/364\n|\n|-heal|p2a: Vaporeon|325/364|[from] item: Leftovers\n|upkeep\n|turn|4\n|\n|t:|1733783761\n|move|p1a: Giratina|Defog|p2a: Vaporeon\n|-unboost|p2a: Vaporeon|evasion|1\n|-sideend|p1: Jynxhairweave|Stealth Rock|[from] move: Defog|[of] p1a: Giratina\n|move|p2a: Vaporeon|Wish|p2a: Vaporeon\n|\n|-heal|p2a: Vaporeon|347/364|[from] item: Leftovers\n|upkeep\n|turn|5\n|\n|t:|1733783771\n|move|p1a: Giratina|Shadow Ball|p2a: Vaporeon\n|-damage|p2a: Vaporeon|280/364\n|move|p2a: Vaporeon|Flip Turn|p1a: Giratina\n|-resisted|p1a: Giratina\n|-damage|p1a: Giratina|246/349\n|\n|t:|1733783791\n|switch|p2a: Azelf|Azelf, L82|1/257|[from] Flip Turn\n|\n|-heal|p2a: Azelf|183/257|[from] move: Wish|[wisher] Vaporeon\n|upkeep\n|turn|6\n|\n|t:|1733783797\n|switch|p2a: Vaporeon|Vaporeon, L86, F|280/364\n|move|p1a: Giratina|Shadow Ball|p2a: Vaporeon\n|-damage|p2a: Vaporeon|211/364\n|-unboost|p2a: Vaporeon|spd|1\n|\n|-heal|p2a: Vaporeon|233/364|[from] item: Leftovers\n|upkeep\n|turn|7\n|\n|t:|1733783810\n|move|p1a: Giratina|Will-O-Wisp|p2a: Vaporeon\n|-status|p2a: Vaporeon|brn\n|move|p2a: Vaporeon|Scald|p1a: Giratina\n|-resisted|p1a: Giratina\n|-damage|p1a: Giratina|202/349\n|\n|-heal|p2a: Vaporeon|255/364 brn|[from] item: Leftovers\n|-damage|p2a: Vaporeon|233/364 brn|[from] brn\n|upkeep\n|turn|8\n|l|\u2606Chernobyl\u00d710\n|inactive|Chernobyl\u00d710 disconnected and has a minute to reconnect!\n|player|p2|\n|j|\u2606Chernobyl\u00d710\n|inactive|Chernobyl\u00d710 reconnected and has 125 seconds left.\n|player|p2|Chernobyl\u00d710|steven|\n|inactive|Chernobyl\u00d710 has 120 seconds left.\n|\n|t:|1733783850\n|move|p1a: Giratina|Shadow Ball|p2a: Vaporeon\n|-crit|p2a: Vaporeon\n|-damage|p2a: Vaporeon|98/364 brn\n|-unboost|p2a: Vaporeon|spd|1\n|move|p2a: Vaporeon|Wish|p2a: Vaporeon\n|\n|-heal|p2a: Vaporeon|120/364 brn|[from] item: Leftovers\n|-damage|p2a: Vaporeon|98/364 brn|[from] brn\n|upkeep\n|turn|9\n|\n|t:|1733783858\n|move|p2a: Vaporeon|Protect|p2a: Vaporeon\n|-singleturn|p2a: Vaporeon|Protect\n|move|p1a: Giratina|Shadow Ball|p2a: Vaporeon\n|-activate|p2a: Vaporeon|move: Protect\n|\n|-heal|p2a: Vaporeon|280/364 brn|[from] move: Wish|[wisher] Vaporeon\n|-heal|p2a: Vaporeon|302/364 brn|[from] item: Leftovers\n|-damage|p2a: Vaporeon|280/364 brn|[from] brn\n|upkeep\n|turn|10\n|l|\u2606Chernobyl\u00d710\n|inactive|Chernobyl\u00d710 disconnected and has a minute to reconnect!\n|player|p2|\n|inactive|Chernobyl\u00d710 has 30 seconds to reconnect!\n|j|\u2606Chernobyl\u00d710\n|inactive|Chernobyl\u00d710 reconnected and has 100 seconds left.\n|player|p2|Chernobyl\u00d710|steven|\n|inactive|Chernobyl\u00d710 has 90 seconds left.\n|\n|t:|1733783907\n|switch|p2a: Donphan|Donphan, L84, F|288/288\n|move|p1a: Giratina|Shadow Ball|p2a: Donphan\n|-damage|p2a: Donphan|225/288\n|-unboost|p2a: Donphan|spd|1\n|\n|upkeep\n|turn|11\n|\n|t:|1733783916\n|move|p1a: Giratina|Will-O-Wisp|p2a: Donphan\n|-status|p2a: Donphan|brn\n|move|p2a: Donphan|Knock Off|p1a: Giratina\n|-supereffective|p1a: Giratina\n|-crit|p1a: Giratina\n|-damage|p1a: Giratina|96/349\n|-enditem|p1a: Giratina|Chesto Berry|[from] move: Knock Off|[of] p2a: Donphan\n|\n|-damage|p2a: Donphan|207/288 brn|[from] brn\n|upkeep\n|turn|12\n|inactive|Chernobyl\u00d710 has 90 seconds left.\n|\n|t:|1733783942\n|switch|p2a: Vaporeon|Vaporeon, L86, F|280/364 brn\n|move|p1a: Giratina|Shadow Ball|p2a: Vaporeon\n|-crit|p2a: Vaporeon\n|-damage|p2a: Vaporeon|172/364 brn\n|-unboost|p2a: Vaporeon|spd|1\n|\n|-heal|p2a: Vaporeon|194/364 brn|[from] item: Leftovers\n|-damage|p2a: Vaporeon|172/364 brn|[from] brn\n|upkeep\n|turn|13\n|\n|t:|1733783950\n|move|p2a: Vaporeon|Protect|p2a: Vaporeon\n|-singleturn|p2a: Vaporeon|Protect\n|move|p1a: Giratina|Shadow Ball|p2a: Vaporeon\n|-activate|p2a: Vaporeon|move: Protect\n|\n|-heal|p2a: Vaporeon|194/364 brn|[from] item: Leftovers\n|-damage|p2a: Vaporeon|172/364 brn|[from] brn\n|upkeep\n|turn|14\n|\n|t:|1733783954\n|switch|p2a: Donphan|Donphan, L84, F|207/288 brn\n|move|p1a: Giratina|Shadow Ball|p2a: Donphan\n|-damage|p2a: Donphan|140/288 brn\n|\n|-damage|p2a: Donphan|122/288 brn|[from] brn\n|upkeep\n|turn|15\n|\n|t:|1733783961\n|move|p1a: Giratina|Shadow Ball|p2a: Donphan\n|-damage|p2a: Donphan|62/288 brn\n|-unboost|p2a: Donphan|spd|1\n|move|p2a: Donphan|Ice Spinner|p1a: Giratina\n|-supereffective|p1a: Giratina\n|-damage|p1a: Giratina|41/349\n|\n|-damage|p2a: Donphan|44/288 brn|[from] brn\n|upkeep\n|turn|16\n|\n|t:|1733783984\n|move|p1a: Giratina|Shadow Ball|p2a: Donphan\n|-damage|p2a: Donphan|0 fnt\n|faint|p2a: Donphan\n|\n|upkeep\n|inactive|Chernobyl\u00d710 has 90 seconds left.\n|\n|t:|1733784002\n|switch|p2a: Azelf|Azelf, L82|183/257\n|turn|17\n|inactive|Chernobyl\u00d710 has 90 seconds left.\n|\n|t:|1733784029\n|move|p2a: Azelf|Fire Blast|p1a: Giratina\n|-resisted|p1a: Giratina\n|-damage|p1a: Giratina|2/349\n|move|p1a: Giratina|Rest|p1a: Giratina\n|-status|p1a: Giratina|slp|[from] move: Rest\n|-heal|p1a: Giratina|349/349 slp|[silent]\n|\n|upkeep\n|turn|18\n|\n|t:|1733784037\n|move|p2a: Azelf|Stealth Rock|p1a: Giratina\n|-sidestart|p1: Jynxhairweave|move: Stealth Rock\n|cant|p1a: Giratina|slp\n|\n|upkeep\n|turn|19\n|\n|t:|1733784051\n|switch|p2a: Reuniclus|Reuniclus, L88, F|337/337\n|cant|p1a: Giratina|slp\n|\n|upkeep\n|turn|20\n|\n|t:|1733784060\n|-curestatus|p1a: Giratina|slp|[msg]\n|move|p1a: Giratina|Defog|p2a: Reuniclus\n|-unboost|p2a: Reuniclus|evasion|1\n|-sideend|p1: Jynxhairweave|Stealth Rock|[from] move: Defog|[of] p1a: Giratina\n|move|p2a: Reuniclus|Calm Mind|p2a: Reuniclus\n|-boost|p2a: Reuniclus|spa|1\n|-boost|p2a: Reuniclus|spd|1\n|\n|upkeep\n|turn|21\n|\n|t:|1733784068\n|switch|p1a: Krookodile|Krookodile, L80, F|255/283\n|-ability|p1a: Krookodile|Intimidate|boost\n|-unboost|p2a: Reuniclus|atk|1\n|move|p2a: Reuniclus|Calm Mind|p2a: Reuniclus\n|-boost|p2a: Reuniclus|spa|1\n|-boost|p2a: Reuniclus|spd|1\n|\n|upkeep\n|turn|22\n|\n|t:|1733784077\n|-terastallize|p2a: Reuniclus|Steel\n|move|p1a: Krookodile|Knock Off|p2a: Reuniclus\n|-damage|p2a: Reuniclus|193/337\n|-enditem|p2a: Reuniclus|Life Orb|[from] move: Knock Off|[of] p1a: Krookodile\n|-damage|p1a: Krookodile|227/283|[from] item: Life Orb\n|move|p2a: Reuniclus|Focus Blast|p1a: Krookodile\n|-supereffective|p1a: Krookodile\n|-damage|p1a: Krookodile|0 fnt\n|faint|p1a: Krookodile\n|\n|upkeep\n|\n|t:|1733784094\n|switch|p1a: Crabominable|Crabominable, L90, M|321/321\n|turn|23\n|\n|t:|1733784107\n|switch|p2a: Arbok|Arbok, L87, F|246/246\n|-ability|p2a: Arbok|Intimidate|boost\n|-unboost|p1a: Crabominable|atk|1\n|move|p1a: Crabominable|Drain Punch|p2a: Arbok\n|-resisted|p2a: Arbok\n|-crit|p2a: Arbok\n|-damage|p2a: Arbok|120/246\n|\n|-heal|p2a: Arbok|135/246|[from] item: Leftovers\n|upkeep\n|turn|24\n|\n|t:|1733784131\n|switch|p2a: Azelf|Azelf, L82|183/257\n|switch|p1a: Giratina|Giratina, L75|349/349\n|-ability|p1a: Giratina|Pressure\n|\n|upkeep\n|turn|25\n|\n|t:|1733784141\n|switch|p2a: Reuniclus|Reuniclus, L88, F, tera:Steel|193/337\n|move|p1a: Giratina|Shadow Ball|p2a: Reuniclus\n|-damage|p2a: Reuniclus|121/337\n|\n|upkeep\n|turn|26\n|\n|t:|1733784147\n|move|p1a: Giratina|Shadow Ball|p2a: Reuniclus\n|-damage|p2a: Reuniclus|48/337\n|move|p2a: Reuniclus|Recover|p2a: Reuniclus\n|-heal|p2a: Reuniclus|217/337\n|\n|upkeep\n|turn|27\n|\n|t:|1733784154\n|move|p1a: Giratina|Shadow Ball|p2a: Reuniclus\n|-damage|p2a: Reuniclus|147/337\n|move|p2a: Reuniclus|Psyshock|p1a: Giratina\n|-damage|p1a: Giratina|241/349\n|\n|upkeep\n|turn|28\n|\n|t:|1733784164\n|switch|p1a: Magmortar|Magmortar, L88, M|275/275\n|move|p2a: Reuniclus|Recover|p2a: Reuniclus\n|-heal|p2a: Reuniclus|316/337\n|\n|upkeep\n|turn|29\n|\n|t:|1733784177\n|move|p1a: Magmortar|Thunderbolt|p2a: Reuniclus\n|-damage|p2a: Reuniclus|229/337\n|move|p2a: Reuniclus|Calm Mind|p2a: Reuniclus\n|-boost|p2a: Reuniclus|spa|1\n|-boost|p2a: Reuniclus|spd|1\n|\n|upkeep\n|turn|30\n|\n|t:|1733784182\n|move|p1a: Magmortar|Taunt|p2a: Reuniclus\n|-start|p2a: Reuniclus|move: Taunt\n|cant|p2a: Reuniclus|move: Taunt|Recover\n|\n|upkeep\n|turn|31\n|\n|t:|1733784187\n|move|p1a: Magmortar|Fire Blast|p2a: Reuniclus|[miss]\n|-miss|p1a: Magmortar|p2a: Reuniclus\n|move|p2a: Reuniclus|Psyshock|p1a: Magmortar\n|-damage|p1a: Magmortar|62/275\n|\n|upkeep\n|turn|32\n|\n|t:|1733784200\n|switch|p2a: Vaporeon|Vaporeon, L86, F|172/364 brn\n|move|p1a: Magmortar|Fire Blast|p2a: Vaporeon\n|-resisted|p2a: Vaporeon\n|-damage|p2a: Vaporeon|97/364 brn\n|\n|-heal|p2a: Vaporeon|119/364 brn|[from] item: Leftovers\n|-damage|p2a: Vaporeon|97/364 brn|[from] brn\n|upkeep\n|turn|33\n|\n|t:|1733784208\n|switch|p2a: Electivire|Electivire, L84, F|263/263\n|move|p1a: Magmortar|Thunderbolt|p2a: Electivire\n|-ability|p2a: Electivire|Motor Drive|boost\n|-boost|p2a: Electivire|spe|1\n|\n|upkeep\n|turn|34\n|\n|t:|1733784223\n|switch|p1a: Giratina|Giratina, L75|241/349\n|-ability|p1a: Giratina|Pressure\n|move|p2a: Electivire|Earthquake|p1a: Giratina\n|-damage|p1a: Giratina|138/349\n|-damage|p2a: Electivire|237/263|[from] item: Life Orb\n|\n|upkeep\n|turn|35\n|\n|t:|1733784234\n|move|p2a: Electivire|Ice Punch|p1a: Giratina\n|-supereffective|p1a: Giratina\n|-damage|p1a: Giratina|0 fnt\n|faint|p1a: Giratina\n|-damage|p2a: Electivire|211/263|[from] item: Life Orb\n|\n|upkeep\n|inactive|Jynxhairweave has 120 seconds left.\n|\n|t:|1733784260\n|switch|p1a: Crabominable|Crabominable, L90, M|321/321\n|turn|36\n|inactive|Jynxhairweave has 120 seconds left.\n|\n|t:|1733784291\n|switch|p2a: Vaporeon|Vaporeon, L86, F|97/364 brn\n|move|p1a: Crabominable|Ice Hammer|p2a: Vaporeon|[miss]\n|-miss|p1a: Crabominable|p2a: Vaporeon\n|\n|-heal|p2a: Vaporeon|119/364 brn|[from] item: Leftovers\n|-damage|p2a: Vaporeon|97/364 brn|[from] brn\n|upkeep\n|turn|37\n|inactive|Jynxhairweave has 120 seconds left.\n|\n|t:|1733784303\n|move|p2a: Vaporeon|Scald|p1a: Crabominable\n|-damage|p1a: Crabominable|242/321\n|move|p1a: Crabominable|Drain Punch|p2a: Vaporeon\n|-damage|p2a: Vaporeon|0 fnt\n|-heal|p1a: Crabominable|291/321|[from] drain|[of] p2a: Vaporeon\n|faint|p2a: Vaporeon\n|\n|upkeep\n|\n|t:|1733784315\n|switch|p2a: Azelf|Azelf, L82|183/257\n|turn|38\n|inactive|Jynxhairweave has 120 seconds left.\n|\n|t:|1733784325\n|switch|p1a: Magmortar|Magmortar, L88, M|62/275\n|move|p2a: Azelf|Encore||[still]\n|-fail|p2a: Azelf\n|\n|upkeep\n|turn|39\n|\n|t:|1733784331\n|move|p2a: Azelf|Psychic|p1a: Magmortar\n|-damage|p1a: Magmortar|0 fnt\n|faint|p1a: Magmortar\n|\n|upkeep\n|\n|t:|1733784340\n|switch|p1a: Crabominable|Crabominable, L90, M|291/321\n|turn|40\n|inactive|Jynxhairweave has 120 seconds left.\n|\n|t:|1733784360\n|switch|p2a: Reuniclus|Reuniclus, L88, F, tera:Steel|229/337\n|move|p1a: Crabominable|Knock Off|p2a: Reuniclus\n|-damage|p2a: Reuniclus|158/337\n|\n|upkeep\n|turn|41\n|inactive|Jynxhairweave has 120 seconds left.\n|\n|t:|1733784368\n|switch|p2a: Arbok|Arbok, L87, F|135/246\n|-ability|p2a: Arbok|Intimidate|boost\n|-unboost|p1a: Crabominable|atk|1\n|move|p1a: Crabominable|Drain Punch|p2a: Arbok\n|-resisted|p2a: Arbok\n|-damage|p2a: Arbok|78/246\n|-heal|p1a: Crabominable|320/321|[from] drain|[of] p2a: Arbok\n|\n|-heal|p2a: Arbok|93/246|[from] item: Leftovers\n|upkeep\n|turn|42\n|inactive|Jynxhairweave has 120 seconds left.\n|\n|t:|1733784378\n|move|p2a: Arbok|Coil|p2a: Arbok\n|-boost|p2a: Arbok|atk|1\n|-boost|p2a: Arbok|def|1\n|-boost|p2a: Arbok|accuracy|1\n|move|p1a: Crabominable|Earthquake|p2a: Arbok\n|-supereffective|p2a: Arbok\n|-damage|p2a: Arbok|0 fnt\n|faint|p2a: Arbok\n|\n|upkeep\n|\n|t:|1733784382\n|switch|p2a: Azelf|Azelf, L82|183/257\n|turn|43\n|\n|t:|1733784391\n|switch|p1a: Gholdengo|Gholdengo, L77|261/261\n|move|p2a: Azelf|Psychic|p1a: Gholdengo\n|-resisted|p1a: Gholdengo\n|-damage|p1a: Gholdengo|203/261\n|\n|-heal|p1a: Gholdengo|219/261|[from] item: Leftovers\n|upkeep\n|turn|44\n|\n|t:|1733784400\n|switch|p2a: Reuniclus|Reuniclus, L88, F, tera:Steel|158/337\n|move|p1a: Gholdengo|Thunder Wave|p2a: Reuniclus\n|-status|p2a: Reuniclus|par\n|\n|-heal|p1a: Gholdengo|235/261|[from] item: Leftovers\n|upkeep\n|turn|45\n|\n|t:|1733784409\n|switch|p1a: Crabominable|Crabominable, L90, M|320/321\n|cant|p2a: Reuniclus|par\n|\n|upkeep\n|turn|46\n|\n|t:|1733784417\n|move|p1a: Crabominable|Drain Punch|p2a: Reuniclus\n|-supereffective|p2a: Reuniclus\n|-damage|p2a: Reuniclus|0 fnt\n|-heal|p1a: Crabominable|321/321|[from] drain|[of] p2a: Reuniclus\n|faint|p2a: Reuniclus\n|\n|upkeep\n|\n|t:|1733784418\n|switch|p2a: Azelf|Azelf, L82|183/257\n|turn|47\n|\n|t:|1733784422\n|move|p2a: Azelf|Psychic|p1a: Crabominable\n|-supereffective|p1a: Crabominable\n|-damage|p1a: Crabominable|159/321\n|move|p1a: Crabominable|Knock Off|p2a: Azelf\n|-supereffective|p2a: Azelf\n|-damage|p2a: Azelf|3/257\n|\n|upkeep\n|turn|48\n|\n|t:|1733784429\n|move|p2a: Azelf|Psychic|p1a: Crabominable\n|-supereffective|p1a: Crabominable\n|-damage|p1a: Crabominable|0 fnt\n|faint|p1a: Crabominable\n|\n|upkeep\n|\n|t:|1733784437\n|switch|p1a: Gholdengo|Gholdengo, L77|235/261\n|turn|49\n|\n|t:|1733784439\n|move|p2a: Azelf|Fire Blast|p1a: Gholdengo\n|-supereffective|p1a: Gholdengo\n|-damage|p1a: Gholdengo|49/261\n|move|p1a: Gholdengo|Shadow Ball|p2a: Azelf\n|-supereffective|p2a: Azelf\n|-damage|p2a: Azelf|0 fnt\n|faint|p2a: Azelf\n|\n|-heal|p1a: Gholdengo|65/261|[from] item: Leftovers\n|upkeep\n|\n|t:|1733784441\n|switch|p2a: Electivire|Electivire, L84, F|211/263\n|turn|50\n|\n|t:|1733784446\n|move|p2a: Electivire|Bulk Up|p2a: Electivire\n|-boost|p2a: Electivire|atk|1\n|-boost|p2a: Electivire|def|1\n|move|p1a: Gholdengo|Shadow Ball|p2a: Electivire\n|-damage|p2a: Electivire|117/263\n|\n|-heal|p1a: Gholdengo|81/261|[from] item: Leftovers\n|upkeep\n|turn|51\n|\n|t:|1733784454\n|move|p2a: Electivire|Earthquake|p1a: Gholdengo\n|-supereffective|p1a: Gholdengo\n|-damage|p1a: Gholdengo|0 fnt\n|faint|p1a: Gholdengo\n|-damage|p2a: Electivire|91/263|[from] item: Life Orb\n|\n|upkeep\n|\n|t:|1733784462\n|switch|p1a: Minior|Minior-Blue, L79|224/224\n|-formechange|p1a: Minior|Minior-Meteor||[from] ability: Shields Down\n|turn|52\n|\n|t:|1733784466\n|-terastallize|p1a: Minior|Steel\n|move|p2a: Electivire|Supercell Slam|p1a: Minior\n|-damage|p1a: Minior|0 fnt\n|faint|p1a: Minior\n|-damage|p2a: Electivire|65/263|[from] item: Life Orb\n|\n|win|Chernobyl\u00d710\n|raw|Jynxhairweave's rating: 1916 &rarr; <strong>1899</strong><br />(-17 for losing)\n|raw|Chernobyl\u00d710's rating: 1970 &rarr; <strong>1987</strong><br />(+17 for winning)\n|c|\u2606Chernobyl\u00d710|ggwp\n", "inputlog": ">version bfd83cad13791eb5a5a409923076391caf6fb4d4\n>start {\"formatid\":\"gen9randombattle\",\"seed\":[18037,47735,60708,38664],\"rated\":\"Rated battle\"}\n>player p1 {\"name\":\"Jynxhairweave\",\"avatar\":\"266\",\"rating\":1916,\"seed\":[23197,33506,59498,61057]}\n>player p2 {\"name\":\"Chernobyl\u00d710\",\"avatar\":\"steven\",\"rating\":1970,\"seed\":[63367,51814,39076,12030]}\n>p1 move knockoff\n>p2 move stealthrock\n>p1 switch 3\n>p2 move fireblast\n>p1 move shadowball\n>p2 switch 6\n>p1 move defog\n>p2 move wish\n>p1 move shadowball\n>p2 move flipturn\n>p2 switch 6\n>p1 move shadowball\n>p2 switch 6\n>p1 move willowisp\n>p2 move scald\n>p1 move shadowball\n>p2 move wish\n>p1 move shadowball\n>p2 move protect\n>p1 move shadowball\n>p2 switch 5\n>p1 move willowisp\n>p2 move knockoff\n>p1 move shadowball\n>p2 switch 5\n>p1 move shadowball\n>p2 move protect\n>p1 move shadowball\n>p2 switch 5\n>p1 move shadowball\n>p2 move icespinner\n>p1 move shadowball\n>p2 move icespinner\n>p2 switch 6\n>p1 move rest\n>p2 move fireblast\n>p1 move shadowball\n>p2 move stealthrock\n>p1 move defog\n>p2 switch 3\n>p1 move defog\n>p2 move calmmind\n>p1 switch 3\n>p2 move calmmind\n>p1 move knockoff\n>p2 move focusblast terastallize\n>p1 switch 4\n>p1 move drainpunch\n>p2 switch 4\n>p1 switch 3\n>p2 switch 3\n>p1 move shadowball\n>p2 switch 4\n>p1 move shadowball\n>p2 move recover\n>p1 move shadowball\n>p2 move psyshock\n>p1 switch 6\n>p2 move recover\n>p1 move thunderbolt\n>p2 move calmmind\n>p1 move taunt\n>p2 move recover\n>p1 move fireblast\n>p2 move psyshock\n>p1 move fireblast\n>p2 switch 5\n>p1 move thunderbolt\n>p2 switch 2\n>p1 switch 6\n>p2 move earthquake\n>p1 move willowisp\n>p2 move icepunch\n>p1 switch 3\n>p1 move icehammer\n>p2 switch 2\n>p1 move drainpunch\n>p2 move scald\n>p2 switch 4\n>p1 switch 6\n>p2 move encore\n>p1 move fireblast\n>p2 move psychic\n>p1 switch 6\n>p1 move knockoff\n>p2 switch 5\n>p1 move drainpunch\n>p2 switch 3\n>p1 move earthquake\n>p2 move coil\n>p2 switch 5\n>p1 switch 2\n>p2 move psychic\n>p1 move thunderwave\n>p2 switch 3\n>p1 switch 2\n>p2 move recover\n>p1 move drainpunch\n>p2 move recover\n>p2 switch 3\n>p1 move knockoff\n>p2 move psychic\n>p1 move drainpunch\n>p2 move psychic\n>p1 switch 2\n>p1 move shadowball\n>p2 move fireblast\n>p2 switch 2\n>p1 move shadowball\n>p2 move bulkup\n>p1 move shadowball\n>p2 move earthquake\n>p1 switch 5\n>p1 move shellsmash terastallize\n>p2 move supercellslam", "uploadtime": 1733784477, "views": 2, "formatid": "gen9randombattle", "rating": 1899, "private": 0, "password": null}