{"id": "gen9randombattle-2259993290", "format": "[Gen 9] Random Battle", "players": ["KapnSauce", "nyxreborn"], "log": "|j|\u2606KapnSauce\n|j|\u2606nyxreborn\n|t:|1733788605\n|gametype|singles\n|player|p1|KapnSauce|benga|1421\n|player|p2|nyxreborn|lady-gen4|1383\n|teamsize|p1|6\n|teamsize|p2|6\n|gen|9\n|tier|[Gen 9] Random Battle\n|rated|\n|rule|Species Clause: Limit one of each Pok\u00e9mon\n|rule|HP Percentage Mod: HP is shown in percentages\n|rule|Sleep Clause Mod: Limit one foe put to sleep\n|rule|Illusion Level Mod: Illusion disguises the Pok\u00e9mon's true level\n|\n|t:|1733788605\n|start\n|switch|p1a: Dunsparce|Dunsparce, L86, F|312/312\n|switch|p2a: Polteageist|Polteageist-Antique, L79|224/224\n|turn|1\n|inactive|Battle timer is ON: inactive players will automatically lose when time's up. (requested by nyxreborn)\n|\n|t:|1733788617\n|switch|p2a: Regieleki|Regieleki, L79|256/256\n|switch|p1a: Grimmsnarl|Grimmsnarl, L83, M|293/293\n|\n|upkeep\n|turn|2\n|\n|t:|1733788625\n|move|p1a: Grimmsnarl|Light Screen|p1a: Grimmsnarl\n|-sidestart|p1: KapnSauce|move: Light Screen\n|move|p2a: Regieleki|Volt Switch|p1a: Grimmsnarl\n|-damage|p1a: Grimmsnarl|237/293\n|\n|t:|1733788646\n|switch|p2a: Cryogonal|Cryogonal, L89|287/287|[from] Volt Switch\n|\n|upkeep\n|turn|3\n|\n|t:|1733788656\n|move|p1a: Grimmsnarl|Parting Shot|p2a: Cryogonal\n|-unboost|p2a: Cryogonal|atk|1\n|-unboost|p2a: Cryogonal|spa|1\n|\n|t:|1733788662\n|switch|p1a: Conkeldurr|Conkeldurr, L80, F|299/299|[from] Parting Shot\n|move|p2a: Cryogonal|Freeze-Dry|p1a: Conkeldurr\n|-damage|p1a: Conkeldurr|261/299\n|-status|p1a: Conkeldurr|frz\n|\n|upkeep\n|turn|4\n|\n|t:|1733788686\n|switch|p2a: Polteageist|Polteageist-Antique, L79|224/224\n|cant|p1a: Conkeldurr|frz\n|\n|upkeep\n|turn|5\n|\n|t:|1733788695\n|move|p2a: Polteageist|Shell Smash|p2a: Polteageist\n|-unboost|p2a: Polteageist|def|1\n|-unboost|p2a: Polteageist|spd|1\n|-boost|p2a: Polteageist|atk|2\n|-boost|p2a: Polteageist|spa|2\n|-boost|p2a: Polteageist|spe|2\n|-enditem|p2a: Polteageist|White Herb\n|-clearnegativeboost|p2a: Polteageist|[silent]\n|cant|p1a: Conkeldurr|frz\n|\n|upkeep\n|turn|6\n|\n|t:|1733788699\n|move|p2a: Polteageist|Shadow Ball|p1a: Conkeldurr\n|-damage|p1a: Conkeldurr|136/299 frz\n|cant|p1a: Conkeldurr|frz\n|\n|upkeep\n|turn|7\n|\n|t:|1733788707\n|move|p2a: Polteageist|Shadow Ball|p1a: Conkeldurr\n|-damage|p1a: Conkeldurr|13/299 frz\n|-curestatus|p1a: Conkeldurr|frz|[msg]\n|move|p1a: Conkeldurr|Knock Off|p2a: Polteageist\n|-supereffective|p2a: Polteageist\n|-damage|p2a: Polteageist|60/224\n|-start|p1a: Conkeldurr|Disable|Knock Off|[from] ability: Cursed Body|[of] p2a: Polteageist\n|\n|-status|p1a: Conkeldurr|brn|[from] item: Flame Orb\n|upkeep\n|turn|8\n|\n|t:|1733788719\n|move|p1a: Conkeldurr|Mach Punch|p2a: Polteageist\n|-immune|p2a: Polteageist\n|move|p2a: Polteageist|Strength Sap|p1a: Conkeldurr\n|-unboost|p1a: Conkeldurr|atk|1\n|-heal|p2a: Polteageist|224/224\n|\n|-damage|p1a: Conkeldurr|0 fnt|[from] brn\n|faint|p1a: Conkeldurr\n|upkeep\n|\n|t:|1733788724\n|switch|p1a: Grimmsnarl|Grimmsnarl, L83, M|237/293\n|turn|9\n|\n|t:|1733788738\n|move|p2a: Polteageist|Tera Blast|p1a: Grimmsnarl\n|-crit|p1a: Grimmsnarl\n|-damage|p1a: Grimmsnarl|33/293\n|move|p1a: Grimmsnarl|Spirit Break|p2a: Polteageist\n|-damage|p2a: Polteageist|107/224\n|-unboost|p2a: Polteageist|spa|1\n|\n|-sideend|p1: KapnSauce|move: Light Screen\n|upkeep\n|turn|10\n|\n|t:|1733788744\n|move|p1a: Grimmsnarl|Parting Shot|p2a: Polteageist\n|-unboost|p2a: Polteageist|atk|1\n|-unboost|p2a: Polteageist|spa|1\n|\n|t:|1733788750\n|switch|p1a: Dunsparce|Dunsparce, L86, F|312/312|[from] Parting Shot\n|move|p2a: Polteageist|Tera Blast|p1a: Dunsparce\n|-damage|p1a: Dunsparce|256/312\n|\n|upkeep\n|turn|11\n|\n|t:|1733788764\n|move|p2a: Polteageist|Strength Sap|p1a: Dunsparce\n|-unboost|p1a: Dunsparce|atk|1\n|-heal|p2a: Polteageist|224/224\n|move|p1a: Dunsparce|Coil|p1a: Dunsparce\n|-boost|p1a: Dunsparce|atk|1\n|-boost|p1a: Dunsparce|def|1\n|-boost|p1a: Dunsparce|accuracy|1\n|\n|upkeep\n|turn|12\n|\n|t:|1733788768\n|-terastallize|p2a: Polteageist|Fighting\n|move|p2a: Polteageist|Tera Blast|p1a: Dunsparce|[anim] Tera Blast Fighting\n|-supereffective|p1a: Dunsparce\n|-damage|p1a: Dunsparce|110/312\n|move|p1a: Dunsparce|Earthquake|p2a: Polteageist\n|-damage|p2a: Polteageist|147/224\n|\n|upkeep\n|turn|13\n|\n|t:|1733788782\n|move|p2a: Polteageist|Tera Blast|p1a: Dunsparce|[anim] Tera Blast Fighting\n|-supereffective|p1a: Dunsparce\n|-damage|p1a: Dunsparce|0 fnt\n|faint|p1a: Dunsparce\n|\n|upkeep\n|\n|t:|1733788785\n|switch|p1a: Skarmory|Skarmory, L80, F|235/235\n|turn|14\n|\n|t:|1733788800\n|move|p2a: Polteageist|Strength Sap|p1a: Skarmory\n|-unboost|p1a: Skarmory|atk|1\n|-heal|p2a: Polteageist|224/224\n|move|p1a: Skarmory|Brave Bird|p2a: Polteageist\n|-supereffective|p2a: Polteageist\n|-damage|p2a: Polteageist|36/224\n|-damage|p1a: Skarmory|173/235|[from] Recoil\n|\n|-heal|p1a: Skarmory|187/235|[from] item: Leftovers\n|upkeep\n|turn|15\n|\n|t:|1733788810\n|move|p2a: Polteageist|Strength Sap|p1a: Skarmory\n|-unboost|p1a: Skarmory|atk|1\n|-heal|p2a: Polteageist|152/224\n|move|p1a: Skarmory|Brave Bird|p2a: Polteageist\n|-supereffective|p2a: Polteageist\n|-damage|p2a: Polteageist|26/224\n|-damage|p1a: Skarmory|145/235|[from] Recoil\n|\n|-heal|p1a: Skarmory|159/235|[from] item: Leftovers\n|upkeep\n|turn|16\n|\n|t:|1733788813\n|move|p2a: Polteageist|Shadow Ball|p1a: Skarmory\n|-damage|p1a: Skarmory|48/235\n|move|p1a: Skarmory|Brave Bird|p2a: Polteageist\n|-supereffective|p2a: Polteageist\n|-damage|p2a: Polteageist|0 fnt\n|-start|p1a: Skarmory|Disable|Brave Bird|[from] ability: Cursed Body|[of] p2a: Polteageist\n|faint|p2a: Polteageist\n|-damage|p1a: Skarmory|39/235|[from] Recoil\n|\n|-heal|p1a: Skarmory|53/235|[from] item: Leftovers\n|upkeep\n|\n|t:|1733788819\n|switch|p2a: Regieleki|Regieleki, L79|256/256\n|turn|17\n|\n|t:|1733788826\n|move|p2a: Regieleki|Volt Switch|p1a: Skarmory\n|-supereffective|p1a: Skarmory\n|-damage|p1a: Skarmory|0 fnt\n|faint|p1a: Skarmory\n|\n|t:|1733788831\n|switch|p2a: Cryogonal|Cryogonal, L89|287/287|[from] Volt Switch\n|\n|upkeep\n|\n|t:|1733788848\n|switch|p1a: Magearna|Magearna, L77|250/250\n|turn|18\n|\n|t:|1733788857\n|move|p2a: Cryogonal|Flash Cannon|p1a: Magearna\n|-damage|p1a: Magearna|199/250\n|move|p1a: Magearna|Shift Gear|p1a: Magearna\n|-boost|p1a: Magearna|spe|2\n|-boost|p1a: Magearna|atk|1\n|\n|upkeep\n|turn|19\n|\n|t:|1733788869\n|move|p1a: Magearna|Iron Head|p2a: Cryogonal\n|-supereffective|p2a: Cryogonal\n|-damage|p2a: Cryogonal|5/287\n|cant|p2a: Cryogonal|flinch\n|\n|upkeep\n|turn|20\n|\n|t:|1733788876\n|move|p1a: Magearna|Iron Head|p2a: Cryogonal\n|-supereffective|p2a: Cryogonal\n|-damage|p2a: Cryogonal|0 fnt\n|faint|p2a: Cryogonal\n|-ability|p1a: Magearna|Soul-Heart|boost\n|-boost|p1a: Magearna|spa|1\n|\n|upkeep\n|c|\u2606nyxreborn|Flinch probably just won you the game\n|c|\u2606nyxreborn|I had haze\n|\n|t:|1733788903\n|switch|p2a: Delphox|Delphox, L84, F|263/263\n|turn|21\n|\n|t:|1733788912\n|-terastallize|p1a: Magearna|Ground\n|move|p2a: Delphox|Fire Blast|p1a: Magearna\n|-damage|p1a: Magearna|88/250\n|move|p1a: Magearna|Tera Blast|p2a: Delphox|[anim] Tera Blast Ground\n|-supereffective|p2a: Delphox\n|-damage|p2a: Delphox|23/263\n|\n|upkeep\n|turn|22\n|\n|t:|1733788927\n|move|p2a: Delphox|Fire Blast|p1a: Magearna|[miss]\n|-miss|p2a: Delphox|p1a: Magearna\n|move|p1a: Magearna|Tera Blast|p2a: Delphox|[anim] Tera Blast Ground\n|-supereffective|p2a: Delphox\n|-damage|p2a: Delphox|0 fnt\n|faint|p2a: Delphox\n|-ability|p1a: Magearna|Soul-Heart|boost\n|-boost|p1a: Magearna|spa|1\n|\n|upkeep\n|\n|t:|1733788931\n|switch|p2a: Samurott|Samurott-Hisui, L77, F|265/265\n|turn|23\n|\n|t:|1733788940\n|move|p1a: Magearna|Fleur Cannon|p2a: Samurott|[miss]\n|-miss|p1a: Magearna|p2a: Samurott\n|move|p2a: Samurott|Sacred Sword|p1a: Magearna\n|-damage|p1a: Magearna|0 fnt\n|faint|p1a: Magearna\n|-damage|p2a: Samurott|239/265|[from] item: Life Orb\n|\n|upkeep\n|c|\u2606nyxreborn|Deserved\n|\n|t:|1733788947\n|switch|p1a: Cramorant|Cramorant, L86, M|261/261\n|turn|24\n|n|!KapnSauce|kapnsauce\n|\n|t:|1733788960\n|move|p1a: Cramorant|Brave Bird|p2a: Samurott\n|-crit|p2a: Samurott\n|-damage|p2a: Samurott|40/265\n|-damage|p1a: Cramorant|195/261|[from] Recoil\n|move|p2a: Samurott|Ceaseless Edge|p1a: Cramorant\n|-damage|p1a: Cramorant|43/261\n|-sidestart|p1: KapnSauce|Spikes\n|-damage|p2a: Samurott|14/265|[from] item: Life Orb\n|\n|upkeep\n|turn|25\n|\n|t:|1733788968\n|move|p1a: Cramorant|Surf|p2a: Samurott\n|-formechange|p1a: Cramorant|Cramorant-Gorging|\n|-resisted|p2a: Samurott\n|-damage|p2a: Samurott|0 fnt\n|faint|p2a: Samurott\n|\n|upkeep\n|\n|t:|1733788971\n|switch|p2a: Regieleki|Regieleki, L79|256/256\n|turn|26\n|\n|t:|1733788976\n|move|p2a: Regieleki|Volt Switch|p1a: Cramorant\n|-supereffective|p1a: Cramorant\n|-damage|p1a: Cramorant|0 fnt\n|-damage|p2a: Regieleki|192/256|[from] ability: Gulp Missile|[of] p1a: Cramorant\n|-formechange|p1a: Cramorant|Cramorant|\n|faint|p1a: Cramorant\n|\n|t:|1733788978\n|switch|p2a: Iron Thorns|Iron Thorns, L83|302/302|[from] Volt Switch\n|-enditem|p2a: Iron Thorns|Booster Energy\n|-activate|p2a: Iron Thorns|ability: Quark Drive|[fromitem]\n|-start|p2a: Iron Thorns|quarkdriveatk\n|\n|upkeep\n|\n|t:|1733788983\n|switch|p1a: Grimmsnarl|Grimmsnarl, L83, M|33/293\n|-damage|p1a: Grimmsnarl|0 fnt|[from] Spikes\n|faint|p1a: Grimmsnarl\n|\n|win|nyxreborn\n", "inputlog": ">version bfd83cad13791eb5a5a409923076391caf6fb4d4\n>start {\"formatid\":\"gen9randombattle\",\"seed\":[18875,59584,25996,12205],\"rated\":\"Rated battle\"}\n>player p1 {\"name\":\"KapnSauce\",\"avatar\":\"benga\",\"rating\":1421,\"seed\":[29207,60297,46044,19487]}\n>player p2 {\"name\":\"nyxreborn\",\"avatar\":\"lady-gen4\",\"rating\":1383,\"seed\":[47465,65529,4935,60560]}\n>p1 switch 6\n>p2 switch 2\n>p1 move lightscreen\n>p2 move voltswitch\n>p2 switch 5\n>p1 move partingshot\n>p2 move freezedry\n>p1 switch 4\n>p1 move knockoff\n>p2 switch 2\n>p1 move knockoff\n>p2 move shellsmash\n>p1 move knockoff\n>p2 move shadowball\n>p1 move knockoff\n>p2 move shadowball\n>p1 move machpunch\n>p2 move strengthsap\n>p1 switch 4\n>p1 move spiritbreak\n>p2 move terablast\n>p1 move partingshot\n>p2 move terablast\n>p1 switch 6\n>p1 move coil\n>p2 move strengthsap\n>p1 move earthquake\n>p2 move terablast terastallize\n>p1 move bodyslam\n>p2 move terablast\n>p1 switch 3\n>p1 move bravebird\n>p2 move strengthsap\n>p1 move bravebird\n>p2 move strengthsap\n>p1 move bravebird\n>p2 move shadowball\n>p2 switch 5\n>p1 move roost\n>p2 move voltswitch\n>p2 switch 2\n>p1 switch 5\n>p1 move shiftgear\n>p2 move flashcannon\n>p1 move ironhead\n>p2 move haze\n>p1 move ironhead\n>p2 move flashcannon\n>chat \u2606nyxreborn|Flinch probably just won you the game\n>chat \u2606nyxreborn|I had haze\n>p2 switch 4\n>p1 move terablast terastallize\n>p2 move fireblast\n>p1 move terablast\n>p2 move fireblast\n>p2 switch 6\n>p1 move fleurcannon\n>p2 move sacredsword\n>chat \u2606nyxreborn|Deserved\n>p1 switch 2\n>chat \u2606KapnSauce|Lmfao fuck off\n>p1 move bravebird\n>p2 move ceaselessedge\n>p1 move surf\n>p2 move razorshell\n>p2 switch 2\n>p1 move roost\n>p2 move voltswitch\n>p2 switch 3\n>p1 switch 6", "uploadtime": 1733788951, "views": 1, "formatid": "gen9randombattle", "rating": null, "private": 0, "password": null}