{"id": "gen9randombattle-2260418954", "format": "[Gen 9] Random Battle", "players": ["VelvetInfernal", "Dr. Mirbro"], "log": "|j|\u2606VelvetInfernal\n|j|\u2606Dr. Mirbro\n|t:|1733849760\n|gametype|singles\n|player|p1|VelvetInfernal|bellelba|1404\n|player|p2|Dr. Mirbro|#ndpliiigalarianphoenix|1450\n|teamsize|p1|6\n|teamsize|p2|6\n|gen|9\n|tier|[Gen 9] Random Battle\n|rated|\n|rule|Species Clause: Limit one of each Pok\u00e9mon\n|rule|HP Percentage Mod: HP is shown in percentages\n|rule|Sleep Clause Mod: Limit one foe put to sleep\n|rule|Illusion Level Mod: Illusion disguises the Pok\u00e9mon's true level\n|\n|t:|1733849760\n|start\n|switch|p1a: Granbull|Granbull, L88, F|302/302\n|switch|p2a: Houndstone|Houndstone, L86, F|264/264\n|-ability|p1a: Granbull|Intimidate|boost\n|-unboost|p2a: Houndstone|atk|1\n|turn|1\n|c|\u2606Dr. Mirbro|hf\n|\n|t:|1733849781\n|move|p2a: Houndstone|Poltergeist|p1a: Granbull\n|-activate|p1a: Granbull|move: Poltergeist|Leftovers\n|-damage|p1a: Granbull|206/302\n|move|p1a: Granbull|Thunder Wave|p2a: Houndstone\n|-status|p2a: Houndstone|par\n|\n|-heal|p1a: Granbull|224/302|[from] item: Leftovers\n|upkeep\n|turn|2\n|inactive|Battle timer is ON: inactive players will automatically lose when time's up. (requested by Dr. Mirbro)\n|\n|t:|1733849860\n|move|p1a: Granbull|Play Rough|p2a: Houndstone\n|-damage|p2a: Houndstone|213/264 par\n|move|p2a: Houndstone|Poltergeist|p1a: Granbull\n|-activate|p1a: Granbull|move: Poltergeist|Leftovers\n|-damage|p1a: Granbull|130/302\n|\n|-heal|p1a: Granbull|148/302|[from] item: Leftovers\n|-heal|p2a: Houndstone|229/264 par|[from] item: Leftovers\n|upkeep\n|turn|3\n|\n|t:|1733849876\n|switch|p1a: Mabosstiff|Mabosstiff, L86, F|278/278\n|cant|p2a: Houndstone|par\n|\n|-heal|p2a: Houndstone|245/264 par|[from] item: Leftovers\n|upkeep\n|turn|4\n|inactive|VelvetInfernal has 120 seconds left.\n|inactive|Dr. Mirbro has 120 seconds left.\n|\n|t:|1733849925\n|switch|p2a: Ribombee|Ribombee, L82, M|233/233\n|move|p1a: Mabosstiff|Crunch|p2a: Ribombee\n|-resisted|p2a: Ribombee\n|-damage|p2a: Ribombee|38/233\n|\n|upkeep\n|turn|5\n|\n|t:|1733849935\n|switch|p1a: Dachsbun|Dachsbun, L92, M|254/254\n|move|p2a: Ribombee|Sticky Web|p1a: Dachsbun\n|-sidestart|p1: VelvetInfernal|move: Sticky Web\n|\n|upkeep\n|turn|6\n|inactive|Dr. Mirbro has 120 seconds left.\n|inactive|VelvetInfernal has 90 seconds left.\n|\n|t:|1733849970\n|move|p2a: Ribombee|U-turn|p1a: Dachsbun\n|-resisted|p1a: Dachsbun\n|-damage|p1a: Dachsbun|236/254\n|\n|t:|1733849972\n|switch|p2a: Farigiraf|Farigiraf, L91, F|366/366|[from] U-turn\n|move|p1a: Dachsbun|Play Rough|p2a: Farigiraf\n|-damage|p2a: Farigiraf|252/366\n|\n|-heal|p1a: Dachsbun|251/254|[from] item: Leftovers\n|-heal|p2a: Farigiraf|274/366|[from] item: Leftovers\n|upkeep\n|turn|7\n|inactive|VelvetInfernal has 90 seconds left.\n|\n|t:|1733849993\n|move|p1a: Dachsbun|Play Rough|p2a: Farigiraf\n|-damage|p2a: Farigiraf|175/366\n|move|p2a: Farigiraf|Body Slam|p1a: Dachsbun\n|-damage|p1a: Dachsbun|179/254\n|\n|-heal|p1a: Dachsbun|194/254|[from] item: Leftovers\n|-heal|p2a: Farigiraf|197/366|[from] item: Leftovers\n|upkeep\n|turn|8\n|inactive|VelvetInfernal has 90 seconds left.\n|\n|t:|1733850008\n|switch|p1a: Mabosstiff|Mabosstiff, L86, F|278/278\n|-activate|p1a: Mabosstiff|move: Sticky Web\n|-unboost|p1a: Mabosstiff|spe|1\n|move|p2a: Farigiraf|Wish|p2a: Farigiraf\n|\n|-heal|p2a: Farigiraf|219/366|[from] item: Leftovers\n|upkeep\n|turn|9\n|inactive|VelvetInfernal has 90 seconds left.\n|\n|t:|1733850016\n|move|p2a: Farigiraf|Protect|p2a: Farigiraf\n|-singleturn|p2a: Farigiraf|Protect\n|move|p1a: Mabosstiff|Crunch|p2a: Farigiraf\n|-activate|p2a: Farigiraf|move: Protect\n|\n|-heal|p2a: Farigiraf|366/366|[from] move: Wish|[wisher] Farigiraf\n|upkeep\n|turn|10\n|\n|t:|1733850029\n|-terastallize|p2a: Farigiraf|Fairy\n|move|p2a: Farigiraf|Body Slam|p1a: Mabosstiff\n|-damage|p1a: Mabosstiff|190/278\n|move|p1a: Mabosstiff|Crunch|p2a: Farigiraf\n|-resisted|p2a: Farigiraf\n|-damage|p2a: Farigiraf|282/366\n|\n|-heal|p2a: Farigiraf|304/366|[from] item: Leftovers\n|upkeep\n|turn|11\n|\n|t:|1733850048\n|switch|p1a: Dachsbun|Dachsbun, L92, M|194/254\n|-activate|p1a: Dachsbun|move: Sticky Web\n|-unboost|p1a: Dachsbun|spe|1\n|move|p2a: Farigiraf|Psychic Noise|p1a: Dachsbun\n|-damage|p1a: Dachsbun|91/254\n|-start|p1a: Dachsbun|move: Heal Block\n|\n|-heal|p2a: Farigiraf|326/366|[from] item: Leftovers\n|upkeep\n|turn|12\n|\n|t:|1733850058\n|move|p1a: Dachsbun|Protect|p1a: Dachsbun\n|-singleturn|p1a: Dachsbun|Protect\n|move|p2a: Farigiraf|Psychic Noise|p1a: Dachsbun\n|-activate|p1a: Dachsbun|move: Protect\n|\n|-heal|p2a: Farigiraf|348/366|[from] item: Leftovers\n|-end|p1a: Dachsbun|move: Heal Block\n|upkeep\n|turn|13\n|\n|t:|1733850072\n|move|p2a: Farigiraf|Psychic Noise|p1a: Dachsbun\n|-damage|p1a: Dachsbun|0 fnt\n|faint|p1a: Dachsbun\n|\n|-heal|p2a: Farigiraf|366/366|[from] item: Leftovers\n|upkeep\n|\n|t:|1733850079\n|switch|p1a: Sunflora|Sunflora, M|312/312\n|-activate|p1a: Sunflora|move: Sticky Web\n|-unboost|p1a: Sunflora|spe|1\n|turn|14\n|\n|t:|1733850098\n|move|p2a: Farigiraf|Protect|p2a: Farigiraf\n|-singleturn|p2a: Farigiraf|Protect\n|move|p1a: Sunflora|Sunny Day|p1a: Sunflora\n|-weather|SunnyDay\n|\n|-weather|SunnyDay|[upkeep]\n|upkeep\n|turn|15\n|\n|t:|1733850110\n|switch|p2a: Ribombee|Ribombee, L82, M|38/233\n|-terastallize|p1a: Sunflora|Fire\n|move|p1a: Sunflora|Weather Ball|p2a: Ribombee\n|-supereffective|p2a: Ribombee\n|-damage|p2a: Ribombee|0 fnt\n|faint|p2a: Ribombee\n|-damage|p1a: Sunflora|281/312|[from] item: Life Orb\n|\n|-weather|SunnyDay|[upkeep]\n|upkeep\n|\n|t:|1733850127\n|switch|p2a: Mienshao|Mienshao, L83, F|243/243\n|turn|16\n|\n|t:|1733850138\n|move|p2a: Mienshao|High Jump Kick|p1a: Sunflora\n|-damage|p1a: Sunflora|0 fnt\n|faint|p1a: Sunflora\n|\n|-weather|SunnyDay|[upkeep]\n|upkeep\n|\n|t:|1733850147\n|switch|p1a: Okidogi|Okidogi, L77, M|262/262\n|-activate|p1a: Okidogi|move: Sticky Web\n|-unboost|p1a: Okidogi|spe|1\n|turn|17\n|inactive|VelvetInfernal has 120 seconds left.\n|inactive|Dr. Mirbro has 120 seconds left.\n|\n|t:|1733850184\n|switch|p2a: Houndstone|Houndstone, L86, F|245/264 par\n|move|p1a: Okidogi|Gunk Shot|p2a: Houndstone\n|-resisted|p2a: Houndstone\n|-damage|p2a: Houndstone|181/264 par\n|\n|-weather|SunnyDay|[upkeep]\n|-heal|p2a: Houndstone|197/264 par|[from] item: Leftovers\n|upkeep\n|turn|18\n|inactive|VelvetInfernal has 120 seconds left.\n|\n|t:|1733850197\n|move|p1a: Okidogi|Knock Off|p2a: Houndstone\n|-supereffective|p2a: Houndstone\n|-damage|p2a: Houndstone|132/264 par\n|-enditem|p2a: Houndstone|Leftovers|[from] move: Knock Off|[of] p1a: Okidogi\n|move|p2a: Houndstone|Poltergeist|p1a: Okidogi\n|-activate|p1a: Okidogi|move: Poltergeist|Assault Vest\n|-damage|p1a: Okidogi|145/262\n|\n|-weather|none\n|upkeep\n|turn|19\n|inactive|Dr. Mirbro has 120 seconds left.\n|inactive|VelvetInfernal has 120 seconds left.\n|\n|t:|1733850211\n|switch|p1a: Mabosstiff|Mabosstiff, L86, F|190/278\n|-activate|p1a: Mabosstiff|move: Sticky Web\n|-unboost|p1a: Mabosstiff|spe|1\n|move|p2a: Houndstone|Rest|p2a: Houndstone\n|-status|p2a: Houndstone|slp|[from] move: Rest\n|-heal|p2a: Houndstone|264/264 slp|[silent]\n|\n|upkeep\n|turn|20\n|inactive|Dr. Mirbro has 120 seconds left.\n|inactive|VelvetInfernal has 120 seconds left.\n|\n|t:|1733850225\n|cant|p2a: Houndstone|slp\n|move|p2a: Houndstone|Sleep Talk|p2a: Houndstone\n|move|p2a: Houndstone|Rest||[from]move: Sleep Talk|[still]\n|-fail|p2a: Houndstone\n|move|p1a: Mabosstiff|Crunch|p2a: Houndstone\n|-supereffective|p2a: Houndstone\n|-damage|p2a: Houndstone|114/264 slp\n|\n|upkeep\n|turn|21\n|inactive|Dr. Mirbro has 120 seconds left.\n|\n|t:|1733850233\n|switch|p2a: Farigiraf|Farigiraf, L91, F, tera:Fairy|366/366\n|move|p1a: Mabosstiff|Crunch|p2a: Farigiraf\n|-resisted|p2a: Farigiraf\n|-damage|p2a: Farigiraf|182/366\n|-unboost|p2a: Farigiraf|def|1\n|\n|-heal|p2a: Farigiraf|204/366|[from] item: Leftovers\n|upkeep\n|turn|22\n|inactive|Dr. Mirbro has 120 seconds left.\n|\n|t:|1733850246\n|switch|p1a: Granbull|Granbull, L88, F|148/302\n|-activate|p1a: Granbull|move: Sticky Web\n|-unboost|p1a: Granbull|spe|1\n|-ability|p1a: Granbull|Intimidate|boost\n|-unboost|p2a: Farigiraf|atk|1\n|move|p2a: Farigiraf|Body Slam|p1a: Granbull\n|-damage|p1a: Granbull|76/302\n|-status|p1a: Granbull|par\n|\n|-heal|p2a: Farigiraf|226/366|[from] item: Leftovers\n|-heal|p1a: Granbull|94/302 par|[from] item: Leftovers\n|upkeep\n|turn|23\n|\n|t:|1733850260\n|move|p2a: Farigiraf|Psychic Noise|p1a: Granbull\n|-damage|p1a: Granbull|0 fnt\n|faint|p1a: Granbull\n|\n|-heal|p2a: Farigiraf|248/366|[from] item: Leftovers\n|upkeep\n|inactive|VelvetInfernal has 120 seconds left.\n|\n|t:|1733850272\n|switch|p1a: Falinks|Falinks, L84|246/246\n|-activate|p1a: Falinks|move: Sticky Web\n|-unboost|p1a: Falinks|spe|1\n|-ability|p1a: Falinks|Defiant|boost\n|-boost|p1a: Falinks|atk|2\n|turn|24\n|inactive|VelvetInfernal has 120 seconds left.\n|\n|t:|1733850287\n|move|p2a: Farigiraf|Psychic Noise|p1a: Falinks\n|-supereffective|p1a: Falinks\n|-damage|p1a: Falinks|0 fnt\n|faint|p1a: Falinks\n|\n|-heal|p2a: Farigiraf|270/366|[from] item: Leftovers\n|upkeep\n|\n|t:|1733850294\n|switch|p1a: Okidogi|Okidogi, L77, M|145/262\n|-activate|p1a: Okidogi|move: Sticky Web\n|-unboost|p1a: Okidogi|spe|1\n|turn|25\n|\n|t:|1733850298\n|move|p2a: Farigiraf|Psychic Noise|p1a: Okidogi\n|-supereffective|p1a: Okidogi\n|-damage|p1a: Okidogi|0 fnt\n|faint|p1a: Okidogi\n|\n|-heal|p2a: Farigiraf|292/366|[from] item: Leftovers\n|upkeep\n|\n|t:|1733850304\n|switch|p1a: Mabosstiff|Mabosstiff, L86, F|190/278\n|-activate|p1a: Mabosstiff|move: Sticky Web\n|-unboost|p1a: Mabosstiff|spe|1\n|turn|26\n|\n|t:|1733850312\n|switch|p2a: Houndstone|Houndstone, L86, F|114/264 slp\n|move|p1a: Mabosstiff|Play Rough|p2a: Houndstone\n|-damage|p2a: Houndstone|15/264 slp\n|\n|upkeep\n|turn|27\n|\n|t:|1733850317\n|cant|p2a: Houndstone|slp\n|move|p2a: Houndstone|Sleep Talk|p2a: Houndstone\n|move|p2a: Houndstone|Body Press|p1a: Mabosstiff|[from]move: Sleep Talk\n|-supereffective|p1a: Mabosstiff\n|-damage|p1a: Mabosstiff|72/278\n|move|p1a: Mabosstiff|Play Rough|p2a: Houndstone|[miss]\n|-miss|p1a: Mabosstiff|p2a: Houndstone\n|\n|upkeep\n|turn|28\n|\n|t:|1733850326\n|-curestatus|p2a: Houndstone|slp|[msg]\n|move|p2a: Houndstone|Body Press|p1a: Mabosstiff\n|-supereffective|p1a: Mabosstiff\n|-damage|p1a: Mabosstiff|0 fnt\n|faint|p1a: Mabosstiff\n|\n|win|Dr. Mirbro\n|raw|VelvetInfernal's rating: 1404 &rarr; <strong>1387</strong><br />(-17 for losing)\n|raw|Dr. Mirbro's rating: 1450 &rarr; <strong>1467</strong><br />(+17 for winning)\n|l|\u2606VelvetInfernal\n|player|p1|\n|c|\u2606Dr. Mirbro|gg\n", "inputlog": ">version bfd83cad13791eb5a5a409923076391caf6fb4d4\n>start {\"formatid\":\"gen9randombattle\",\"seed\":[19315,27338,21214,20090],\"rated\":\"Rated battle\"}\n>player p1 {\"name\":\"VelvetInfernal\",\"avatar\":\"bellelba\",\"rating\":1404,\"seed\":[26812,26383,59210,37143]}\n>player p2 {\"name\":\"Dr. Mirbro\",\"avatar\":\"#ndpliiigalarianphoenix\",\"rating\":1450,\"seed\":[39873,59437,38160,14163]}\n>chat \u2606Dr. Mirbro|hf\n>p1 move thunderwave\n>p2 move poltergeist\n>p1 move playrough\n>p2 move poltergeist\n>p1 switch 6\n>p2 move poltergeist\n>p1 move crunch\n>p2 switch 2\n>p1 switch 3\n>p2 move stickyweb\n>p1 move playrough\n>p2 move uturn\n>p2 switch 5\n>p1 move playrough\n>p2 move bodyslam\n>p1 switch 3\n>p2 move wish\n>p1 move crunch\n>p2 move protect\n>p1 move crunch\n>p2 move bodyslam terastallize\n>p1 switch 3\n>p2 move psychicnoise\n>p1 move protect\n>p2 move psychicnoise\n>p1 move playrough\n>p2 move psychicnoise\n>p1 switch 5\n>p1 move sunnyday\n>p2 move protect\n>p1 move weatherball terastallize\n>p2 switch 5\n>p2 switch 6\n>p1 move weatherball\n>p2 move highjumpkick\n>p1 switch 2\n>p1 move gunkshot\n>p2 switch 2\n>p1 move knockoff\n>p2 move poltergeist\n>p1 switch 3\n>p2 move rest\n>p1 move crunch\n>p2 move sleeptalk\n>p1 move crunch\n>p2 switch 5\n>p1 switch 6\n>p2 move bodyslam\n>p1 move playrough\n>p2 move psychicnoise\n>p1 switch 4\n>p1 move ironhead\n>p2 move psychicnoise\n>p1 switch 3\n>p1 move knockoff\n>p2 move psychicnoise\n>p1 switch 6\n>p1 move playrough\n>p2 switch 5\n>p1 move playrough\n>p2 move sleeptalk\n>p1 move playrough\n>p2 move bodypress", "uploadtime": 1733850333, "views": 3, "formatid": "gen9randombattle", "rating": 1387, "private": 0, "password": null}