{"id": "gen9randombattle-2260912093", "format": "[Gen 9] Random Battle", "players": ["Lubettsch", "5miao"], "log": "|j|\u2606Lubettsch\n|j|\u26065miao\n|t:|1733915524\n|gametype|singles\n|player|p1|Lubettsch|dancer|1514\n|player|p2|5miao|265|1511\n|teamsize|p1|6\n|teamsize|p2|6\n|gen|9\n|tier|[Gen 9] Random Battle\n|rated|\n|rule|Species Clause: Limit one of each Pok\u00e9mon\n|rule|HP Percentage Mod: HP is shown in percentages\n|rule|Sleep Clause Mod: Limit one foe put to sleep\n|rule|Illusion Level Mod: Illusion disguises the Pok\u00e9mon's true level\n|\n|t:|1733915524\n|start\n|switch|p1a: Quaquaval|Quaquaval, L79, M|264/264\n|switch|p2a: Rillaboom|Rillaboom, L79, F|288/288\n|-fieldstart|move: Grassy Terrain|[from] ability: Grassy Surge|[of] p2a: Rillaboom\n|turn|1\n|\n|t:|1733915533\n|switch|p1a: Cetitan|Cetitan, L82, F|413/413\n|move|p2a: Rillaboom|Wood Hammer|p1a: Cetitan\n|-damage|p1a: Cetitan|111/413\n|-damage|p2a: Rillaboom|188/288|[from] Recoil\n|-damage|p2a: Rillaboom|160/288|[from] item: Life Orb\n|\n|-heal|p2a: Rillaboom|178/288|[from] Grassy Terrain\n|-heal|p1a: Cetitan|136/413|[from] Grassy Terrain\n|upkeep\n|turn|2\n|\n|t:|1733915546\n|move|p1a: Cetitan|Ice Shard|p2a: Rillaboom\n|-supereffective|p2a: Rillaboom\n|-damage|p2a: Rillaboom|53/288\n|-damage|p1a: Cetitan|95/413|[from] item: Life Orb\n|move|p2a: Rillaboom|Wood Hammer|p1a: Cetitan\n|-damage|p1a: Cetitan|0 fnt\n|faint|p1a: Cetitan\n|-damage|p2a: Rillaboom|22/288|[from] Recoil\n|-damage|p2a: Rillaboom|0 fnt|[from] item: Life Orb\n|faint|p2a: Rillaboom\n|\n|upkeep\n|\n|t:|1733915550\n|switch|p2a: Volbeat|Volbeat, L90, M|263/263\n|switch|p1a: Quaquaval|Quaquaval, L79, M|264/264\n|turn|3\n|\n|t:|1733915553\n|move|p2a: Volbeat|Thunder Wave|p1a: Quaquaval\n|-status|p1a: Quaquaval|par\n|move|p1a: Quaquaval|Aqua Step|p2a: Volbeat\n|-damage|p2a: Volbeat|146/263\n|-boost|p1a: Quaquaval|spe|1\n|-damage|p1a: Quaquaval|238/264 par|[from] item: Life Orb\n|\n|-heal|p2a: Volbeat|162/263|[from] Grassy Terrain\n|-heal|p1a: Quaquaval|254/264 par|[from] Grassy Terrain\n|upkeep\n|turn|4\n|inactive|Battle timer is ON: inactive players will automatically lose when time's up. (requested by Lubettsch)\n|\n|t:|1733915560\n|move|p2a: Volbeat|Encore|p1a: Quaquaval\n|-start|p1a: Quaquaval|Encore\n|move|p1a: Quaquaval|Aqua Step|p2a: Volbeat\n|-damage|p2a: Volbeat|48/263\n|-boost|p1a: Quaquaval|spe|1\n|-damage|p1a: Quaquaval|228/264 par|[from] item: Life Orb\n|\n|-heal|p2a: Volbeat|64/263|[from] Grassy Terrain\n|-heal|p1a: Quaquaval|244/264 par|[from] Grassy Terrain\n|upkeep\n|turn|5\n|\n|t:|1733915564\n|move|p2a: Volbeat|Roost|p2a: Volbeat\n|-heal|p2a: Volbeat|196/263\n|-singleturn|p2a: Volbeat|move: Roost\n|cant|p1a: Quaquaval|par\n|\n|-heal|p2a: Volbeat|212/263|[from] Grassy Terrain\n|-heal|p1a: Quaquaval|260/264 par|[from] Grassy Terrain\n|-fieldend|move: Grassy Terrain\n|upkeep\n|turn|6\n|\n|t:|1733915568\n|move|p2a: Volbeat|Lunge|p1a: Quaquaval\n|-resisted|p1a: Quaquaval\n|-damage|p1a: Quaquaval|215/264 par\n|-unboost|p1a: Quaquaval|atk|1\n|move|p1a: Quaquaval|Aqua Step|p2a: Volbeat\n|-damage|p2a: Volbeat|126/263\n|-boost|p1a: Quaquaval|spe|1\n|-damage|p1a: Quaquaval|189/264 par|[from] item: Life Orb\n|\n|-end|p1a: Quaquaval|Encore\n|upkeep\n|turn|7\n|\n|t:|1733915572\n|move|p2a: Volbeat|Roost|p2a: Volbeat\n|-heal|p2a: Volbeat|258/263\n|-singleturn|p2a: Volbeat|move: Roost\n|move|p1a: Quaquaval|Aqua Step|p2a: Volbeat\n|-damage|p2a: Volbeat|168/263\n|-boost|p1a: Quaquaval|spe|1\n|-damage|p1a: Quaquaval|163/264 par|[from] item: Life Orb\n|\n|upkeep\n|turn|8\n|\n|t:|1733915577\n|switch|p1a: Skarmory|Skarmory, L80, M|235/235\n|move|p2a: Volbeat|Roost|p2a: Volbeat\n|-heal|p2a: Volbeat|263/263\n|-singleturn|p2a: Volbeat|move: Roost\n|\n|upkeep\n|turn|9\n|\n|t:|1733915582\n|switch|p2a: Reshiram|Reshiram, L76|277/277\n|-ability|p2a: Reshiram|Turboblaze\n|move|p1a: Skarmory|Brave Bird|p2a: Reshiram\n|-damage|p2a: Reshiram|171/277\n|-damage|p1a: Skarmory|200/235|[from] Recoil\n|\n|-heal|p1a: Skarmory|214/235|[from] item: Leftovers\n|upkeep\n|turn|10\n|\n|t:|1733915587\n|switch|p1a: Golurk|Golurk, L87|297/297\n|move|p2a: Reshiram|Will-O-Wisp|p1a: Golurk\n|-status|p1a: Golurk|brn\n|\n|-damage|p1a: Golurk|279/297 brn|[from] brn\n|upkeep\n|turn|11\n|\n|t:|1733915597\n|switch|p2a: Exeggutor|Exeggutor-Alola, L89, M|314/314\n|-item|p1a: Golurk|Choice Band|[from] ability: Frisk|[of] p2a: Exeggutor\n|move|p1a: Golurk|Earthquake|p2a: Exeggutor\n|-resisted|p2a: Exeggutor\n|-damage|p2a: Exeggutor|269/314\n|\n|-damage|p1a: Golurk|261/297 brn|[from] brn\n|upkeep\n|turn|12\n|\n|t:|1733915603\n|switch|p1a: Skarmory|Skarmory, L80, M|214/235\n|move|p2a: Exeggutor|Flamethrower|p1a: Skarmory\n|-supereffective|p1a: Skarmory\n|-damage|p1a: Skarmory|0 fnt\n|faint|p1a: Skarmory\n|\n|upkeep\n|\n|t:|1733915610\n|switch|p1a: Feraligatr|Feraligatr, L79, M|264/264\n|turn|13\n|\n|t:|1733915612\n|switch|p2a: Volbeat|Volbeat, L90, M|263/263\n|move|p1a: Feraligatr|Ice Punch|p2a: Volbeat\n|-damage|p2a: Volbeat|175/263\n|\n|upkeep\n|turn|14\n|\n|t:|1733915616\n|move|p2a: Volbeat|Encore|p1a: Feraligatr\n|-start|p1a: Feraligatr|Encore\n|move|p1a: Feraligatr|Ice Punch|p2a: Volbeat\n|-damage|p2a: Volbeat|83/263\n|\n|upkeep\n|turn|15\n|\n|t:|1733915618\n|move|p2a: Volbeat|Lunge|p1a: Feraligatr\n|-damage|p1a: Feraligatr|182/264\n|-unboost|p1a: Feraligatr|atk|1\n|move|p1a: Feraligatr|Ice Punch|p2a: Volbeat\n|-crit|p2a: Volbeat\n|-damage|p2a: Volbeat|0 fnt\n|faint|p2a: Volbeat\n|\n|upkeep\n|\n|t:|1733915625\n|switch|p2a: Reshiram|Reshiram, L76|171/277\n|-ability|p2a: Reshiram|Turboblaze\n|turn|16\n|\n|t:|1733915630\n|switch|p1a: Quaquaval|Quaquaval, L79, M|163/264 par\n|move|p2a: Reshiram|Draco Meteor|p1a: Quaquaval\n|-damage|p1a: Quaquaval|0 fnt\n|-unboost|p2a: Reshiram|spa|2\n|faint|p1a: Quaquaval\n|\n|upkeep\n|\n|t:|1733915632\n|switch|p1a: Golurk|Golurk, L87|261/297 brn\n|turn|17\n|\n|t:|1733915639\n|switch|p2a: Exeggutor|Exeggutor-Alola, L89, M|269/314\n|-item|p1a: Golurk|Choice Band|[from] ability: Frisk|[of] p2a: Exeggutor\n|move|p1a: Golurk|Earthquake|p2a: Exeggutor\n|-resisted|p2a: Exeggutor\n|-damage|p2a: Exeggutor|220/314\n|\n|-damage|p1a: Golurk|243/297 brn|[from] brn\n|upkeep\n|turn|18\n|\n|t:|1733915659\n|move|p1a: Golurk|Earthquake|p2a: Exeggutor\n|-resisted|p2a: Exeggutor\n|-damage|p2a: Exeggutor|167/314\n|move|p2a: Exeggutor|Giga Drain|p1a: Golurk\n|-supereffective|p1a: Golurk\n|-crit|p1a: Golurk\n|-damage|p1a: Golurk|0 fnt\n|-heal|p2a: Exeggutor|289/314|[from] drain|[of] p1a: Golurk\n|faint|p1a: Golurk\n|\n|upkeep\n|\n|t:|1733915661\n|switch|p1a: Feraligatr|Feraligatr, L79, M|182/264\n|turn|19\n|\n|t:|1733915668\n|-terastallize|p2a: Exeggutor|Fire\n|move|p1a: Feraligatr|Ice Punch|p2a: Exeggutor\n|-resisted|p2a: Exeggutor\n|-damage|p2a: Exeggutor|245/314\n|move|p2a: Exeggutor|Giga Drain|p1a: Feraligatr\n|-supereffective|p1a: Feraligatr\n|-damage|p1a: Feraligatr|0 fnt\n|-heal|p2a: Exeggutor|314/314|[from] drain|[of] p1a: Feraligatr\n|faint|p1a: Feraligatr\n|\n|upkeep\n|\n|t:|1733915670\n|switch|p1a: Cobalion|Cobalion, L80|277/277\n|turn|20\n|\n|t:|1733915676\n|switch|p2a: Pecharunt|Pecharunt, L77|262/262\n|-terastallize|p1a: Cobalion|Fighting\n|move|p1a: Cobalion|Close Combat|p2a: Pecharunt\n|-immune|p2a: Pecharunt\n|\n|upkeep\n|turn|21\n|\n|t:|1733915680\n|move|p1a: Cobalion|Iron Head|p2a: Pecharunt\n|-damage|p2a: Pecharunt|213/262\n|cant|p2a: Pecharunt|flinch\n|\n|-heal|p2a: Pecharunt|229/262|[from] item: Leftovers\n|upkeep\n|turn|22\n|\n|t:|1733915683\n|move|p1a: Cobalion|Taunt|p2a: Pecharunt\n|-start|p2a: Pecharunt|move: Taunt\n|move|p2a: Pecharunt|Malignant Chain|p1a: Cobalion\n|-damage|p1a: Cobalion|180/277\n|-status|p1a: Cobalion|tox\n|-start|p1a: Cobalion|confusion|[from] ability: Poison Puppeteer|[of] p2a: Pecharunt\n|\n|-heal|p1a: Cobalion|197/277 tox|[from] item: Leftovers\n|-heal|p2a: Pecharunt|245/262|[from] item: Leftovers\n|-damage|p1a: Cobalion|180/277 tox|[from] psn\n|upkeep\n|turn|23\n|\n|t:|1733915686\n|-activate|p1a: Cobalion|confusion\n|-damage|p1a: Cobalion|158/277 tox|[from] confusion\n|move|p2a: Pecharunt|Shadow Ball|p1a: Cobalion\n|-damage|p1a: Cobalion|73/277 tox\n|\n|-heal|p1a: Cobalion|90/277 tox|[from] item: Leftovers\n|-heal|p2a: Pecharunt|261/262|[from] item: Leftovers\n|-damage|p1a: Cobalion|56/277 tox|[from] psn\n|upkeep\n|turn|24\n|\n|t:|1733915695\n|-activate|p1a: Cobalion|confusion\n|move|p1a: Cobalion|Iron Head|p2a: Pecharunt\n|-damage|p2a: Pecharunt|213/262\n|cant|p2a: Pecharunt|flinch\n|\n|-heal|p1a: Cobalion|73/277 tox|[from] item: Leftovers\n|-heal|p2a: Pecharunt|229/262|[from] item: Leftovers\n|-damage|p1a: Cobalion|22/277 tox|[from] psn\n|-end|p2a: Pecharunt|move: Taunt\n|upkeep\n|turn|25\n|\n|t:|1733915707\n|-activate|p1a: Cobalion|confusion\n|move|p1a: Cobalion|Iron Head|p2a: Pecharunt\n|-damage|p2a: Pecharunt|177/262\n|move|p2a: Pecharunt|Shadow Ball|p1a: Cobalion\n|-damage|p1a: Cobalion|0 fnt\n|faint|p1a: Cobalion\n|\n|win|5miao\n|raw|Lubettsch's rating: 1514 &rarr; <strong>1494</strong><br />(-20 for losing)\n|raw|5miao's rating: 1511 &rarr; <strong>1531</strong><br />(+20 for winning)\n", "inputlog": ">version bfd83cad13791eb5a5a409923076391caf6fb4d4\n>start {\"formatid\":\"gen9randombattle\",\"seed\":[31726,37151,46131,15659],\"rated\":\"Rated battle\"}\n>player p1 {\"name\":\"Lubettsch\",\"avatar\":\"dancer\",\"rating\":1514,\"seed\":[48549,10584,11110,44359]}\n>player p2 {\"name\":\"5miao\",\"avatar\":\"265\",\"rating\":1511,\"seed\":[38506,65111,7234,61622]}\n>p1 switch 3\n>p2 move woodhammer\n>p1 move iceshard\n>p2 move woodhammer\n>p1 switch 3\n>p2 switch 5\n>p1 move aquastep\n>p2 move thunderwave\n>p1 move aquastep\n>p2 move encore\n>p1 move aquastep\n>p2 move roost\n>p1 move aquastep\n>p2 move lunge\n>p1 move aquastep\n>p2 move roost\n>p1 switch 5\n>p2 move roost\n>p1 move bravebird\n>p2 switch 3\n>p1 switch 6\n>p2 move willowisp\n>p1 move earthquake\n>p2 switch 2\n>p1 switch 6\n>p2 move flamethrower\n>p1 switch 2\n>p1 move icepunch\n>p2 switch 3\n>p1 move liquidation\n>p2 move encore\n>p1 move icepunch\n>p2 move lunge\n>p2 switch 2\n>p1 switch 5\n>p2 move dracometeor\n>p1 switch 6\n>p1 move earthquake\n>p2 switch 3\n>p1 move earthquake\n>p2 move gigadrain\n>p1 switch 5\n>p1 move icepunch\n>p2 move gigadrain terastallize\n>p1 switch 4\n>p1 move closecombat terastallize\n>p2 switch 6\n>p1 move ironhead\n>p2 move malignantchain\n>p1 move taunt\n>p2 move malignantchain\n>p1 move swordsdance\n>p2 move shadowball\n>p1 move ironhead\n>p2 move shadowball\n>p1 move ironhead\n>p2 move shadowball", "uploadtime": 1733915709, "views": 1, "formatid": "gen9randombattle", "rating": 1494, "private": 0, "password": null}