{"id": "gen9randombattle-2259888110", "format": "[Gen 9] Random Battle", "players": ["grassytoes", "happyguywho"], "log": "|j|\u2606grassytoes\n|j|\u2606happyguywho\n|t:|1733776685\n|gametype|singles\n|player|p1|grassytoes|burglar|1078\n|player|p2|happyguywho|1|1120\n|teamsize|p1|6\n|teamsize|p2|6\n|gen|9\n|tier|[Gen 9] Random Battle\n|rated|\n|rule|Species Clause: Limit one of each Pok\u00e9mon\n|rule|HP Percentage Mod: HP is shown in percentages\n|rule|Sleep Clause Mod: Limit one foe put to sleep\n|rule|Illusion Level Mod: Illusion disguises the Pok\u00e9mon's true level\n|\n|t:|1733776685\n|start\n|switch|p1a: Tropius|Tropius, L91, M|328/328\n|switch|p2a: Thundurus|Thundurus-Therian, L80, M|258/258\n|turn|1\n|inactive|Battle timer is ON: inactive players will automatically lose when time's up. (requested by happyguywho)\n|\n|t:|1733776707\n|switch|p1a: Gastrodon|Gastrodon-East, L86, M|331/331\n|move|p2a: Thundurus|Nasty Plot|p2a: Thundurus\n|-boost|p2a: Thundurus|spa|2\n|\n|upkeep\n|turn|2\n|\n|t:|1733776719\n|move|p2a: Thundurus|Focus Blast|p1a: Gastrodon\n|-damage|p1a: Gastrodon|91/331\n|move|p1a: Gastrodon|Stealth Rock|p2a: Thundurus\n|-sidestart|p2: happyguywho|move: Stealth Rock\n|\n|-heal|p1a: Gastrodon|111/331|[from] item: Leftovers\n|upkeep\n|turn|3\n|\n|t:|1733776748\n|switch|p1a: Tropius|Tropius, L91, M|328/328\n|move|p2a: Thundurus|Tera Blast|p1a: Tropius\n|-damage|p1a: Tropius|197/328\n|\n|upkeep\n|turn|4\n|inactive|grassytoes has 120 seconds left.\n|\n|t:|1733776765\n|switch|p1a: Gastrodon|Gastrodon-East, L86, M|111/331\n|move|p2a: Thundurus|Thunderbolt|p1a: Gastrodon\n|-immune|p1a: Gastrodon\n|\n|-heal|p1a: Gastrodon|131/331|[from] item: Leftovers\n|upkeep\n|turn|5\n|\n|t:|1733776773\n|switch|p1a: Tropius|Tropius, L91, M|197/328\n|move|p2a: Thundurus|Tera Blast|p1a: Tropius\n|-damage|p1a: Tropius|70/328\n|-enditem|p1a: Tropius|Sitrus Berry|[eat]\n|-heal|p1a: Tropius|152/328|[from] item: Sitrus Berry\n|\n|upkeep\n|turn|6\n|\n|t:|1733776781\n|switch|p1a: Gastrodon|Gastrodon-East, L86, M|131/331\n|move|p2a: Thundurus|Thunderbolt|p1a: Gastrodon\n|-immune|p1a: Gastrodon\n|\n|-heal|p1a: Gastrodon|151/331|[from] item: Leftovers\n|upkeep\n|turn|7\n|c|\u2606grassytoes|LMAO\n|\n|t:|1733776796\n|switch|p1a: Slaking|Slaking, L84, F|389/389\n|move|p2a: Thundurus|Tera Blast|p1a: Slaking\n|-damage|p1a: Slaking|215/389\n|\n|upkeep\n|turn|8\n|\n|t:|1733776807\n|switch|p1a: Tropius|Tropius, L91, M|152/328\n|move|p2a: Thundurus|Focus Blast|p1a: Tropius|[miss]\n|-miss|p2a: Thundurus|p1a: Tropius\n|\n|upkeep\n|turn|9\n|\n|t:|1733776817\n|switch|p1a: Gastrodon|Gastrodon-East, L86, M|151/331\n|-terastallize|p2a: Thundurus|Flying\n|move|p2a: Thundurus|Tera Blast|p1a: Gastrodon|[anim] Tera Blast Flying\n|-damage|p1a: Gastrodon|0 fnt\n|faint|p1a: Gastrodon\n|\n|upkeep\n|inactive|grassytoes has 120 seconds left.\n|\n|t:|1733776836\n|switch|p1a: Slaking|Slaking, L84, F|215/389\n|turn|10\n|\n|t:|1733776856\n|move|p1a: Slaking|Giga Impact|p2a: Thundurus\n|-damage|p2a: Thundurus|0 fnt\n|-mustrecharge|p1a: Slaking\n|faint|p2a: Thundurus\n|\n|upkeep\n|\n|t:|1733776869\n|switch|p2a: Okidogi|Okidogi, L77, M|262/262\n|-damage|p2a: Okidogi|246/262|[from] Stealth Rock\n|turn|11\n|\n|t:|1733776875\n|cant|p1a: Slaking|recharge\n|move|p2a: Okidogi|Drain Punch|p1a: Slaking\n|-supereffective|p1a: Slaking\n|-damage|p1a: Slaking|59/389\n|-heal|p2a: Okidogi|262/262|[from] drain|[of] p1a: Slaking\n|\n|upkeep\n|turn|12\n|inactive|happyguywho has 120 seconds left.\n|\n|t:|1733776910\n|switch|p1a: Muk|Muk-Alola, L82, F|306/306\n|move|p2a: Okidogi|Knock Off|p1a: Muk\n|-resisted|p1a: Muk\n|-damage|p1a: Muk|264/306\n|-enditem|p1a: Muk|Assault Vest|[from] move: Knock Off|[of] p2a: Okidogi\n|\n|upkeep\n|turn|13\n|inactive|grassytoes has 120 seconds left.\n|\n|t:|1733776928\n|switch|p1a: Tropius|Tropius, L91, M|152/328\n|move|p2a: Okidogi|Bulk Up|p2a: Okidogi\n|-boost|p2a: Okidogi|atk|1\n|-boost|p2a: Okidogi|def|1\n|\n|-item|p1a: Tropius|Sitrus Berry|[from] ability: Harvest\n|upkeep\n|-enditem|p1a: Tropius|Sitrus Berry|[eat]\n|-heal|p1a: Tropius|234/328|[from] item: Sitrus Berry\n|turn|14\n|inactive|grassytoes has 120 seconds left.\n|\n|t:|1733776945\n|move|p2a: Okidogi|Gunk Shot|p1a: Tropius\n|-supereffective|p1a: Tropius\n|-damage|p1a: Tropius|0 fnt\n|faint|p1a: Tropius\n|\n|upkeep\n|\n|t:|1733776953\n|switch|p1a: Slaking|Slaking, L84, F|59/389\n|turn|15\n|inactive|grassytoes has 120 seconds left.\n|\n|t:|1733776970\n|switch|p2a: Perrserker|Perrserker, L89, M|269/269\n|-damage|p2a: Perrserker|253/269|[from] Stealth Rock\n|move|p1a: Slaking|Earthquake|p2a: Perrserker\n|-supereffective|p2a: Perrserker\n|-damage|p2a: Perrserker|0 fnt\n|faint|p2a: Perrserker\n|\n|upkeep\n|\n|t:|1733776977\n|switch|p2a: Okidogi|Okidogi, L77, M|262/262\n|-damage|p2a: Okidogi|246/262|[from] Stealth Rock\n|turn|16\n|\n|t:|1733776982\n|cant|p1a: Slaking|ability: Truant\n|move|p2a: Okidogi|Drain Punch|p1a: Slaking\n|-supereffective|p1a: Slaking\n|-damage|p1a: Slaking|0 fnt\n|-heal|p2a: Okidogi|262/262|[from] drain|[of] p1a: Slaking\n|faint|p1a: Slaking\n|\n|upkeep\n|\n|t:|1733776993\n|switch|p1a: Articuno|Articuno, L86|295/295\n|-ability|p1a: Articuno|Pressure\n|turn|17\n|\n|t:|1733777003\n|move|p1a: Articuno|Brave Bird|p2a: Okidogi\n|-supereffective|p2a: Okidogi\n|-damage|p2a: Okidogi|44/262\n|-damage|p1a: Articuno|223/295|[from] Recoil\n|move|p2a: Okidogi|Knock Off|p1a: Articuno\n|-damage|p1a: Articuno|159/295\n|-status|p1a: Articuno|tox|[from] ability: Toxic Chain|[of] p2a: Okidogi\n|-enditem|p1a: Articuno|Heavy-Duty Boots|[from] move: Knock Off|[of] p2a: Okidogi\n|\n|-heal|p2a: Okidogi|60/262|[from] item: Leftovers\n|-damage|p1a: Articuno|141/295 tox|[from] psn\n|upkeep\n|turn|18\n|\n|t:|1733777020\n|move|p1a: Articuno|Roost|p1a: Articuno\n|-heal|p1a: Articuno|289/295 tox\n|-singleturn|p1a: Articuno|move: Roost\n|move|p2a: Okidogi|Drain Punch|p1a: Articuno\n|-supereffective|p1a: Articuno\n|-crit|p1a: Articuno\n|-damage|p1a: Articuno|55/295 tox\n|-heal|p2a: Okidogi|177/262|[from] drain|[of] p1a: Articuno\n|\n|-heal|p2a: Okidogi|193/262|[from] item: Leftovers\n|-damage|p1a: Articuno|19/295 tox|[from] psn\n|upkeep\n|turn|19\n|\n|t:|1733777033\n|move|p1a: Articuno|Brave Bird|p2a: Okidogi\n|-supereffective|p2a: Okidogi\n|-damage|p2a: Okidogi|0 fnt\n|faint|p2a: Okidogi\n|-damage|p1a: Articuno|0 fnt|[from] Recoil\n|faint|p1a: Articuno\n|\n|upkeep\n|\n|t:|1733777052\n|switch|p1a: Muk|Muk-Alola, L82, F|264/306\n|switch|p2a: Iron Bundle|Iron Bundle, L77|213/213\n|-damage|p2a: Iron Bundle|160/213|[from] Stealth Rock\n|turn|20\n|inactive|grassytoes has 120 seconds left.\n|\n|t:|1733777074\n|move|p2a: Iron Bundle|Substitute|p2a: Iron Bundle\n|-start|p2a: Iron Bundle|Substitute\n|-damage|p2a: Iron Bundle|107/213\n|move|p1a: Muk|Knock Off|p2a: Iron Bundle\n|-end|p2a: Iron Bundle|Substitute\n|\n|-heal|p2a: Iron Bundle|120/213|[from] item: Leftovers\n|upkeep\n|turn|21\n|\n|t:|1733777083\n|move|p2a: Iron Bundle|Hydro Pump|p1a: Muk|[miss]\n|-miss|p2a: Iron Bundle|p1a: Muk\n|move|p1a: Muk|Knock Off|p2a: Iron Bundle\n|-damage|p2a: Iron Bundle|30/213\n|-status|p2a: Iron Bundle|psn|[from] ability: Poison Touch|[of] p1a: Muk\n|-enditem|p2a: Iron Bundle|Leftovers|[from] move: Knock Off|[of] p1a: Muk\n|\n|-damage|p2a: Iron Bundle|4/213 psn|[from] psn\n|upkeep\n|turn|22\n|\n|t:|1733777096\n|move|p2a: Iron Bundle|Hydro Pump|p1a: Muk\n|-damage|p1a: Muk|162/306\n|move|p1a: Muk|Drain Punch|p2a: Iron Bundle\n|-supereffective|p2a: Iron Bundle\n|-damage|p2a: Iron Bundle|0 fnt\n|-heal|p1a: Muk|164/306|[from] drain|[of] p2a: Iron Bundle\n|faint|p2a: Iron Bundle\n|-end|p2a: Iron Bundle|Quark Drive|[silent]\n|\n|upkeep\n|\n|t:|1733777103\n|switch|p2a: Roaring Moon|Roaring Moon, L72|270/270\n|-damage|p2a: Roaring Moon|237/270|[from] Stealth Rock\n|turn|23\n|\n|t:|1733777110\n|move|p2a: Roaring Moon|Dragon Dance|p2a: Roaring Moon\n|-boost|p2a: Roaring Moon|atk|1\n|-boost|p2a: Roaring Moon|spe|1\n|move|p1a: Muk|Ice Punch|p2a: Roaring Moon\n|-supereffective|p2a: Roaring Moon\n|-damage|p2a: Roaring Moon|83/270\n|\n|upkeep\n|turn|24\n|\n|t:|1733777118\n|move|p2a: Roaring Moon|Outrage|p1a: Muk\n|-damage|p1a: Muk|0 fnt\n|faint|p1a: Muk\n|\n|upkeep\n|\n|t:|1733777123\n|switch|p1a: Necrozma|Necrozma-Dawn-Wings, L76|272/272\n|turn|25\n|\n|t:|1733777135\n|move|p2a: Roaring Moon|Outrage|p1a: Necrozma|[from]lockedmove\n|-damage|p1a: Necrozma|94/272\n|-start|p2a: Roaring Moon|confusion|[fatigue]\n|-enditem|p2a: Roaring Moon|Lum Berry|[eat]\n|-end|p2a: Roaring Moon|confusion\n|move|p1a: Necrozma|Moongeist Beam|p2a: Roaring Moon\n|-resisted|p2a: Roaring Moon\n|-damage|p2a: Roaring Moon|0 fnt\n|faint|p2a: Roaring Moon\n|-end|p2a: Roaring Moon|Protosynthesis|[silent]\n|-damage|p1a: Necrozma|67/272|[from] item: Life Orb\n|\n|upkeep\n|\n|t:|1733777139\n|switch|p2a: Meganium|Meganium, L90, M|290/290\n|-damage|p2a: Meganium|254/290|[from] Stealth Rock\n|turn|26\n|inactive|grassytoes has 120 seconds left.\n|\n|t:|1733777175\n|move|p2a: Meganium|Knock Off|p1a: Necrozma\n|-supereffective|p1a: Necrozma\n|-damage|p1a: Necrozma|0 fnt\n|-enditem|p1a: Necrozma|Life Orb|[from] move: Knock Off|[of] p2a: Meganium\n|faint|p1a: Necrozma\n|-damage|p2a: Meganium|225/290|[from] item: Life Orb\n|\n|win|happyguywho\n|raw|grassytoes's rating: 1078 &rarr; <strong>1059</strong><br />(-19 for losing)\n|raw|happyguywho's rating: 1120 &rarr; <strong>1142</strong><br />(+22 for winning)\n|c|\u2606grassytoes|gg lol\n", "inputlog": ">version bfd83cad13791eb5a5a409923076391caf6fb4d4\n>start {\"formatid\":\"gen9randombattle\",\"seed\":[1686,45735,30944,51016],\"rated\":\"Rated battle\"}\n>player p1 {\"name\":\"grassytoes\",\"avatar\":\"burglar\",\"rating\":1078,\"seed\":[54597,17319,25120,47865]}\n>player p2 {\"name\":\"happyguywho\",\"avatar\":\"1\",\"rating\":1120,\"seed\":[73,39685,25285,9856]}\n>p1 switch 6\n>p2 move nastyplot\n>p1 move stealthrock\n>p2 move focusblast\n>p1 switch 6\n>p2 move terablast\n>p1 switch 6\n>p2 move thunderbolt\n>p1 switch 6\n>p2 move terablast\n>p1 switch 6\n>p2 move thunderbolt\n>chat \u2606grassytoes|LMAO\n>p1 switch 5\n>p2 move terablast\n>p1 switch 6\n>p2 move focusblast\n>p1 switch 5\n>p2 move terablast terastallize\n>p1 switch 6\n>p1 move gigaimpact\n>p2 move focusblast\n>p2 switch 6\n>p1 move recharge\n>p2 move drainpunch\n>p1 switch 2\n>p2 move knockoff\n>p1 switch 5\n>p2 move bulkup\n>p1 move dualwingbeat\n>p2 move gunkshot\n>p1 switch 2\n>p1 move earthquake\n>p2 switch 4\n>p2 switch 4\n>p1 move earthquake\n>p2 move drainpunch\n>p1 switch 4\n>p1 move bravebird\n>p2 move knockoff\n>p1 move roost\n>p2 move drainpunch\n>p1 move bravebird\n>p2 move drainpunch\n>p1 switch 5\n>p2 switch 5\n>p1 move knockoff\n>p2 move substitute\n>p1 move knockoff\n>p2 move hydropump\n>p1 move drainpunch\n>p2 move hydropump\n>p2 switch 2\n>p1 move icepunch\n>p2 move dragondance\n>p1 move icepunch\n>p2 move outrage\n>p1 switch 3\n>p1 move moongeistbeam\n>p2 move outrage\n>p2 switch 3\n>p1 move photongeyser\n>p2 move knockoff", "uploadtime": 1733777181, "views": 1, "formatid": "gen9randombattle", "rating": 1059, "private": 0, "password": null}