{"id": "gen9randombattle-2260535807", "format": "[Gen 9] Random Battle", "players": ["jdisxjbgcc", "IllIFebbyreeGB"], "log": "|j|\u2606jdisxjbgcc\n|j|\u2606IllIFebbyreeGB\n|t:|1733861101\n|gametype|singles\n|player|p1|jdisxjbgcc|266|1000\n|player|p2|IllIFebbyreeGB|169|1000\n|teamsize|p1|6\n|teamsize|p2|6\n|gen|9\n|tier|[Gen 9] Random Battle\n|rated|\n|rule|Species Clause: Limit one of each Pok\u00e9mon\n|rule|HP Percentage Mod: HP is shown in percentages\n|rule|Sleep Clause Mod: Limit one foe put to sleep\n|rule|Illusion Level Mod: Illusion disguises the Pok\u00e9mon's true level\n|\n|t:|1733861101\n|start\n|switch|p1a: Blissey|Blissey, L84, F|566/566\n|switch|p2a: Spectrier|Spectrier, L75|274/274\n|turn|1\n|\n|t:|1733861162\n|switch|p1a: Illumise|Illumise, L91, F|266/266\n|move|p2a: Spectrier|Substitute|p2a: Spectrier\n|-start|p2a: Spectrier|Substitute\n|-damage|p2a: Spectrier|206/274\n|\n|-heal|p2a: Spectrier|223/274|[from] item: Leftovers\n|upkeep\n|turn|2\n|inactive|Battle timer is ON: inactive players will automatically lose when time's up. (requested by IllIFebbyreeGB)\n|\n|t:|1733861185\n|move|p1a: Illumise|Encore|p2a: Spectrier\n|-start|p2a: Spectrier|Encore\n|move|p2a: Spectrier|Substitute|p2a: Spectrier\n|-fail|p2a: Spectrier|move: Substitute\n|\n|-heal|p2a: Spectrier|240/274|[from] item: Leftovers\n|upkeep\n|turn|3\n|\n|t:|1733861190\n|move|p2a: Spectrier|Substitute|p2a: Spectrier\n|-fail|p2a: Spectrier|move: Substitute\n|move|p1a: Illumise|Bug Buzz|p2a: Spectrier\n|-resisted|p2a: Spectrier\n|-damage|p2a: Spectrier|190/274\n|\n|-heal|p2a: Spectrier|207/274|[from] item: Leftovers\n|upkeep\n|turn|4\n|\n|t:|1733861197\n|move|p2a: Spectrier|Substitute|p2a: Spectrier\n|-fail|p2a: Spectrier|move: Substitute\n|move|p1a: Illumise|Bug Buzz|p2a: Spectrier\n|-resisted|p2a: Spectrier\n|-damage|p2a: Spectrier|152/274\n|\n|-heal|p2a: Spectrier|169/274|[from] item: Leftovers\n|-end|p2a: Spectrier|Encore\n|upkeep\n|turn|5\n|\n|t:|1733861207\n|move|p1a: Illumise|Encore|p2a: Spectrier\n|-start|p2a: Spectrier|Encore\n|move|p2a: Spectrier|Substitute|p2a: Spectrier\n|-fail|p2a: Spectrier|move: Substitute\n|\n|-heal|p2a: Spectrier|186/274|[from] item: Leftovers\n|upkeep\n|turn|6\n|\n|t:|1733861218\n|switch|p2a: Bruxish|Bruxish, L85, M|254/254\n|move|p1a: Illumise|Bug Buzz|p2a: Bruxish\n|-supereffective|p2a: Bruxish\n|-damage|p2a: Bruxish|30/254\n|\n|upkeep\n|turn|7\n|\n|t:|1733861225\n|move|p1a: Illumise|Bug Buzz|p2a: Bruxish\n|-supereffective|p2a: Bruxish\n|-damage|p2a: Bruxish|0 fnt\n|faint|p2a: Bruxish\n|\n|upkeep\n|\n|t:|1733861234\n|switch|p2a: Volcarona|Volcarona, L77, M|257/257\n|turn|8\n|\n|t:|1733861239\n|move|p1a: Illumise|Thunder Wave|p2a: Volcarona\n|-status|p2a: Volcarona|par\n|move|p2a: Volcarona|Quiver Dance|p2a: Volcarona\n|-boost|p2a: Volcarona|spa|1\n|-boost|p2a: Volcarona|spd|1\n|-boost|p2a: Volcarona|spe|1\n|\n|upkeep\n|turn|9\n|\n|t:|1733861247\n|move|p1a: Illumise|Encore|p2a: Volcarona\n|-start|p2a: Volcarona|Encore\n|move|p2a: Volcarona|Quiver Dance|p2a: Volcarona\n|-boost|p2a: Volcarona|spa|1\n|-boost|p2a: Volcarona|spd|1\n|-boost|p2a: Volcarona|spe|1\n|\n|upkeep\n|turn|10\n|\n|t:|1733861251\n|switch|p1a: Hoopa|Hoopa, L85|275/275\n|cant|p2a: Volcarona|par\n|\n|upkeep\n|turn|11\n|\n|t:|1733861252\n|move|p1a: Hoopa|Trick|p2a: Volcarona\n|-activate|p1a: Hoopa|move: Trick|[of] p2a: Volcarona\n|-item|p2a: Volcarona|Choice Scarf|[from] move: Trick\n|-item|p1a: Hoopa|Heavy-Duty Boots|[from] move: Trick\n|move|p2a: Volcarona|Quiver Dance|p2a: Volcarona\n|-boost|p2a: Volcarona|spa|1\n|-boost|p2a: Volcarona|spd|1\n|-boost|p2a: Volcarona|spe|1\n|\n|-end|p2a: Volcarona|Encore\n|upkeep\n|turn|12\n|\n|t:|1733861259\n|switch|p1a: Camerupt|Camerupt, L91, M|275/275\n|move|p2a: Volcarona|Quiver Dance|p2a: Volcarona\n|-boost|p2a: Volcarona|spa|1\n|-boost|p2a: Volcarona|spd|1\n|-boost|p2a: Volcarona|spe|1\n|\n|upkeep\n|turn|13\n|\n|t:|1733861262\n|move|p2a: Volcarona|Quiver Dance|p2a: Volcarona\n|-boost|p2a: Volcarona|spa|1\n|-boost|p2a: Volcarona|spd|1\n|-boost|p2a: Volcarona|spe|1\n|move|p1a: Camerupt|Stealth Rock|p2a: Volcarona\n|-sidestart|p2: IllIFebbyreeGB|move: Stealth Rock\n|\n|upkeep\n|turn|14\n|l|\u2606IllIFebbyreeGB\n|inactive|IllIFebbyreeGB disconnected and has a minute to reconnect!\n|player|p2|\n|inactive|IllIFebbyreeGB has 30 seconds to reconnect!\n|inactive|IllIFebbyreeGB has 20 seconds to reconnect!\n|inactive|IllIFebbyreeGB has 15 seconds to reconnect!\n|inactive|IllIFebbyreeGB has 10 seconds to reconnect!\n|inactive|IllIFebbyreeGB has 5 seconds to reconnect!\n|-message|IllIFebbyreeGB lost due to inactivity.\n|\n|win|jdisxjbgcc\n|raw|jdisxjbgcc's rating: 1000 &rarr; <strong>1040</strong><br />(+40 for winning)\n|raw|IllIFebbyreeGB's rating: 1000 &rarr; <strong>1000</strong><br />(+0 for losing)\n", "inputlog": ">version bfd83cad13791eb5a5a409923076391caf6fb4d4\n>start {\"formatid\":\"gen9randombattle\",\"seed\":[59222,56809,4226,53253],\"rated\":\"Rated battle\"}\n>player p1 {\"name\":\"jdisxjbgcc\",\"avatar\":\"266\",\"rating\":1000,\"seed\":[40826,58878,52023,38539]}\n>player p2 {\"name\":\"IllIFebbyreeGB\",\"avatar\":\"169\",\"rating\":1000,\"seed\":[35790,36311,47097,27366]}\n>p1 switch 3\n>p2 move substitute\n>p1 move encore\n>p2 move nastyplot\n>p1 move bugbuzz\n>p2 move substitute\n>p1 move bugbuzz\n>p2 move substitute\n>p1 move encore\n>p2 move shadowball\n>p1 move bugbuzz\n>p2 switch 4\n>p1 move bugbuzz\n>p2 move psychicfangs\n>p2 switch 2\n>p1 move thunderwave\n>p2 move quiverdance\n>p1 move encore\n>p2 move fierydance\n>p1 switch 6\n>p2 move quiverdance\n>p1 move trick\n>p2 move quiverdance\n>p1 switch 2\n>p2 move quiverdance\n>p1 move stealthrock\n>p2 move quiverdance\n>forcelose p2", "uploadtime": 1733861329, "views": 4, "formatid": "gen9randombattle", "rating": 1000, "private": 0, "password": null}