{"id": "gen9randombattle-2173621919", "format": "[Gen 9] Random Battle", "players": ["BMence", "beeg peeg"], "log": "|j|\u203dBMence\n|j|\u2606beeg peeg\n|t:|1722818943\n|gametype|singles\n|player|p1|BMence|170|2213\n|player|p2|beeg peeg|firebreather|2272\n|teamsize|p1|6\n|teamsize|p2|6\n|gen|9\n|tier|[Gen 9] Random Battle\n|rated|\n|rule|Species Clause: Limit one of each Pok\u00e9mon\n|rule|HP Percentage Mod: HP is shown in percentages\n|rule|Sleep Clause Mod: Limit one foe put to sleep\n|rule|Illusion Level Mod: Illusion disguises the Pok\u00e9mon's true level\n|\n|t:|1722818943\n|start\n|switch|p1a: Spectrier|Spectrier, L75|274/274\n|switch|p2a: Cetitan|Cetitan, L82, M|412/412\n|turn|1\n|inactive|Battle timer is ON: inactive players will automatically lose when time's up. (requested by beeg peeg)\n|\n|t:|1722819014\n|switch|p2a: Glaceon|Glaceon, L94, F|275/275\n|move|p1a: Spectrier|Will-O-Wisp|p2a: Glaceon\n|-status|p2a: Glaceon|brn\n|\n|-damage|p2a: Glaceon|258/275 brn|[from] brn\n|upkeep\n|turn|2\n|\n|t:|1722819027\n|move|p1a: Spectrier|Nasty Plot|p1a: Spectrier\n|-boost|p1a: Spectrier|spa|2\n|move|p2a: Glaceon|Freeze-Dry|p1a: Spectrier\n|-damage|p1a: Spectrier|133/274\n|\n|-damage|p2a: Glaceon|241/275 brn|[from] brn\n|upkeep\n|turn|3\n|\n|t:|1722819043\n|move|p2a: Glaceon|Protect|p2a: Glaceon\n|-singleturn|p2a: Glaceon|Protect\n|move|p1a: Spectrier|Shadow Ball|p2a: Glaceon\n|-activate|p2a: Glaceon|move: Protect\n|\n|-damage|p2a: Glaceon|224/275 brn|[from] brn\n|upkeep\n|turn|4\n|\n|t:|1722819049\n|move|p1a: Spectrier|Shadow Ball|p2a: Glaceon\n|-damage|p2a: Glaceon|17/275 brn\n|-damage|p1a: Spectrier|106/274|[from] item: Life Orb\n|move|p2a: Glaceon|Freeze-Dry|p1a: Spectrier\n|-damage|p1a: Spectrier|0 fnt\n|faint|p1a: Spectrier\n|\n|-damage|p2a: Glaceon|0 fnt|[from] brn\n|faint|p2a: Glaceon\n|upkeep\n|\n|t:|1722819075\n|switch|p1a: Venusaur|Venusaur, L84, M|272/272\n|switch|p2a: Perrserker|Perrserker, L89, M|269/269\n|turn|5\n|inactive|BMence has 120 seconds left.\n|\n|t:|1722819123\n|move|p1a: Venusaur|Sleep Powder|p2a: Perrserker\n|-status|p2a: Perrserker|slp|[from] move: Sleep Powder\n|cant|p2a: Perrserker|slp\n|\n|upkeep\n|turn|6\n|\n|t:|1722819130\n|move|p1a: Venusaur|Substitute|p1a: Venusaur\n|-start|p1a: Venusaur|Substitute\n|-damage|p1a: Venusaur|204/272\n|-curestatus|p2a: Perrserker|slp|[msg]\n|move|p2a: Perrserker|Iron Head|p1a: Venusaur\n|-end|p1a: Venusaur|Substitute\n|\n|-heal|p1a: Venusaur|221/272|[from] item: Leftovers\n|upkeep\n|turn|7\n|\n|t:|1722819140\n|move|p1a: Venusaur|Sleep Powder|p2a: Perrserker|[miss]\n|-miss|p1a: Venusaur|p2a: Perrserker\n|move|p2a: Perrserker|Iron Head|p1a: Venusaur\n|-damage|p1a: Venusaur|0 fnt\n|faint|p1a: Venusaur\n|\n|upkeep\n|\n|t:|1722819152\n|switch|p1a: Mudsdale|Mudsdale, L84, F|305/305\n|turn|8\n|\n|t:|1722819173\n|switch|p2a: Cresselia|Cresselia, L80, F|323/323\n|move|p1a: Mudsdale|Stealth Rock|p2a: Cresselia\n|-sidestart|p2: beeg peeg|move: Stealth Rock\n|\n|upkeep\n|turn|9\n|inactive|BMence has 120 seconds left.\n|inactive|BMence has 90 seconds left.\n|\n|t:|1722819217\n|switch|p1a: Azelf|Azelf, L82|257/257\n|move|p2a: Cresselia|Calm Mind|p2a: Cresselia\n|-boost|p2a: Cresselia|spa|1\n|-boost|p2a: Cresselia|spd|1\n|\n|upkeep\n|turn|10\n|inactive|beeg peeg has 120 seconds left.\n|\n|t:|1722819261\n|move|p1a: Azelf|Knock Off|p2a: Cresselia\n|-supereffective|p2a: Cresselia\n|-damage|p2a: Cresselia|144/323\n|-enditem|p2a: Cresselia|Leftovers|[from] move: Knock Off|[of] p1a: Azelf\n|-damage|p1a: Azelf|232/257|[from] item: Life Orb\n|move|p2a: Cresselia|Calm Mind|p2a: Cresselia\n|-boost|p2a: Cresselia|spa|1\n|-boost|p2a: Cresselia|spd|1\n|\n|upkeep\n|turn|11\n|j| tal1002\n|inactive|BMence has 90 seconds left.\n|\n|t:|1722819292\n|move|p1a: Azelf|Taunt|p2a: Cresselia\n|-start|p2a: Cresselia|move: Taunt\n|cant|p2a: Cresselia|move: Taunt|Moonlight\n|\n|upkeep\n|turn|12\n|\n|t:|1722819321\n|switch|p2a: Perrserker|Perrserker, L89, M|269/269\n|-damage|p2a: Perrserker|253/269|[from] Stealth Rock\n|move|p1a: Azelf|Knock Off|p2a: Perrserker\n|-damage|p2a: Perrserker|169/269\n|-enditem|p2a: Perrserker|Choice Band|[from] move: Knock Off|[of] p1a: Azelf\n|-damage|p1a: Azelf|207/257|[from] item: Life Orb\n|\n|upkeep\n|turn|13\n|\n|t:|1722819331\n|switch|p1a: Tropius|Tropius, L91, M|328/328\n|move|p2a: Perrserker|Iron Head|p1a: Tropius\n|-damage|p1a: Tropius|163/328\n|-enditem|p1a: Tropius|Sitrus Berry|[eat]\n|-heal|p1a: Tropius|245/328|[from] item: Sitrus Berry\n|\n|upkeep\n|turn|14\n|\n|t:|1722819340\n|move|p1a: Tropius|Leech Seed|p2a: Perrserker\n|-start|p2a: Perrserker|move: Leech Seed\n|move|p2a: Perrserker|Knock Off|p1a: Tropius\n|-damage|p1a: Tropius|191/328\n|\n|-damage|p2a: Perrserker|136/269|[from] Leech Seed|[of] p1a: Tropius\n|-heal|p1a: Tropius|224/328|[silent]\n|-item|p1a: Tropius|Sitrus Berry|[from] ability: Harvest\n|upkeep\n|turn|15\n|\n|t:|1722819353\n|switch|p2a: Salamence|Salamence, L77, F|273/273\n|-ability|p2a: Salamence|Intimidate|boost\n|-unboost|p1a: Tropius|atk|1\n|move|p1a: Tropius|Substitute|p1a: Tropius\n|-start|p1a: Tropius|Substitute\n|-damage|p1a: Tropius|142/328\n|-enditem|p1a: Tropius|Sitrus Berry|[eat]\n|-heal|p1a: Tropius|224/328|[from] item: Sitrus Berry\n|\n|-item|p1a: Tropius|Sitrus Berry|[from] ability: Harvest\n|upkeep\n|turn|16\n|\n|t:|1722819364\n|move|p2a: Salamence|Dragon Dance|p2a: Salamence\n|-boost|p2a: Salamence|atk|1\n|-boost|p2a: Salamence|spe|1\n|move|p1a: Tropius|Leech Seed|p2a: Salamence\n|-start|p2a: Salamence|move: Leech Seed\n|\n|-damage|p2a: Salamence|239/273|[from] Leech Seed|[of] p1a: Tropius\n|-heal|p1a: Tropius|258/328|[silent]\n|upkeep\n|turn|17\n|\n|t:|1722819387\n|-terastallize|p2a: Salamence|Steel\n|move|p1a: Tropius|Protect|p1a: Tropius\n|-singleturn|p1a: Tropius|Protect\n|move|p2a: Salamence|Dragon Dance|p2a: Salamence\n|-boost|p2a: Salamence|atk|1\n|-boost|p2a: Salamence|spe|1\n|\n|-damage|p2a: Salamence|205/273|[from] Leech Seed|[of] p1a: Tropius\n|-heal|p1a: Tropius|292/328|[silent]\n|upkeep\n|turn|18\n|inactive|BMence has 120 seconds left.\n|\n|t:|1722819401\n|move|p2a: Salamence|Dual Wingbeat|p1a: Tropius\n|-supereffective|p1a: Tropius\n|-end|p1a: Tropius|Substitute\n|-supereffective|p1a: Tropius\n|-damage|p1a: Tropius|106/328\n|-enditem|p1a: Tropius|Sitrus Berry|[eat]\n|-heal|p1a: Tropius|188/328|[from] item: Sitrus Berry\n|-hitcount|p1a: Tropius|2\n|move|p1a: Tropius|Air Slash|p2a: Salamence\n|-resisted|p2a: Salamence\n|-damage|p2a: Salamence|161/273\n|\n|-damage|p2a: Salamence|127/273|[from] Leech Seed|[of] p1a: Tropius\n|-heal|p1a: Tropius|222/328|[silent]\n|-item|p1a: Tropius|Sitrus Berry|[from] ability: Harvest\n|upkeep\n|turn|19\n|inactive|BMence has 120 seconds left.\n|inactive|beeg peeg has 90 seconds left.\n|\n|t:|1722819418\n|move|p1a: Tropius|Protect|p1a: Tropius\n|-singleturn|p1a: Tropius|Protect\n|move|p2a: Salamence|Dual Wingbeat|p1a: Tropius\n|-activate|p1a: Tropius|move: Protect\n|\n|-damage|p2a: Salamence|93/273|[from] Leech Seed|[of] p1a: Tropius\n|-heal|p1a: Tropius|256/328|[silent]\n|upkeep\n|turn|20\n|inactive|BMence has 120 seconds left.\n|inactive|beeg peeg has 90 seconds left.\n|\n|t:|1722819435\n|switch|p1a: Mudsdale|Mudsdale, L84, F|305/305\n|move|p2a: Salamence|Dual Wingbeat|p1a: Mudsdale\n|-damage|p1a: Mudsdale|221/305\n|-ability|p1a: Mudsdale|Stamina|boost\n|-boost|p1a: Mudsdale|def|1\n|-damage|p1a: Mudsdale|164/305\n|-ability|p1a: Mudsdale|Stamina|boost\n|-boost|p1a: Mudsdale|def|1\n|-hitcount|p1a: Mudsdale|2\n|\n|-heal|p1a: Mudsdale|183/305|[from] item: Leftovers\n|-damage|p2a: Salamence|59/273|[from] Leech Seed|[of] p1a: Mudsdale\n|-heal|p1a: Mudsdale|217/305|[silent]\n|upkeep\n|turn|21\n|inactive|beeg peeg has 90 seconds left.\n|inactive|BMence has 120 seconds left.\n|\n|t:|1722819449\n|switch|p2a: Cresselia|Cresselia, L80, F|144/323\n|-damage|p2a: Cresselia|104/323|[from] Stealth Rock\n|move|p1a: Mudsdale|Body Press|p2a: Cresselia\n|-resisted|p2a: Cresselia\n|-damage|p2a: Cresselia|50/323\n|\n|-heal|p1a: Mudsdale|236/305|[from] item: Leftovers\n|upkeep\n|turn|22\n|inactive|beeg peeg has 90 seconds left.\n|\n|t:|1722819456\n|switch|p1a: Azelf|Azelf, L82|207/257\n|move|p2a: Cresselia|Moonlight|p2a: Cresselia\n|-heal|p2a: Cresselia|211/323\n|\n|upkeep\n|turn|23\n|\n|t:|1722819464\n|move|p1a: Azelf|Knock Off|p2a: Cresselia\n|-supereffective|p2a: Cresselia\n|-damage|p2a: Cresselia|78/323\n|-damage|p1a: Azelf|182/257|[from] item: Life Orb\n|move|p2a: Cresselia|Moonlight|p2a: Cresselia\n|-heal|p2a: Cresselia|239/323\n|\n|upkeep\n|turn|24\n|\n|t:|1722819472\n|move|p1a: Azelf|Knock Off|p2a: Cresselia\n|-supereffective|p2a: Cresselia\n|-damage|p2a: Cresselia|122/323\n|-damage|p1a: Azelf|157/257|[from] item: Life Orb\n|move|p2a: Cresselia|Moonblast|p1a: Azelf\n|-damage|p1a: Azelf|91/257\n|\n|upkeep\n|turn|25\n|\n|t:|1722819481\n|switch|p2a: Perrserker|Perrserker, L89, M|136/269\n|-damage|p2a: Perrserker|120/269|[from] Stealth Rock\n|move|p1a: Azelf|Knock Off|p2a: Perrserker\n|-damage|p2a: Perrserker|58/269\n|-damage|p1a: Azelf|66/257|[from] item: Life Orb\n|\n|upkeep\n|turn|26\n|\n|t:|1722819487\n|move|p1a: Azelf|Psychic|p2a: Perrserker\n|-resisted|p2a: Perrserker\n|-damage|p2a: Perrserker|0 fnt\n|faint|p2a: Perrserker\n|-damage|p1a: Azelf|41/257|[from] item: Life Orb\n|\n|upkeep\n|\n|t:|1722819493\n|switch|p2a: Cetitan|Cetitan, L82, M|412/412\n|-damage|p2a: Cetitan|309/412|[from] Stealth Rock\n|turn|27\n|\n|t:|1722819497\n|switch|p1a: Delphox|Delphox, L84, M|263/263\n|move|p2a: Cetitan|Ice Shard|p1a: Delphox\n|-resisted|p1a: Delphox\n|-damage|p1a: Delphox|237/263\n|\n|upkeep\n|turn|28\n|inactive|beeg peeg has 120 seconds left.\n|\n|t:|1722819508\n|move|p1a: Delphox|Fire Blast|p2a: Cetitan|[miss]\n|-miss|p1a: Delphox|p2a: Cetitan\n|move|p2a: Cetitan|Earthquake|p1a: Delphox\n|-supereffective|p1a: Delphox\n|-damage|p1a: Delphox|51/263\n|\n|upkeep\n|turn|29\n|\n|t:|1722819516\n|move|p1a: Delphox|Fire Blast|p2a: Cetitan|[miss]\n|-miss|p1a: Delphox|p2a: Cetitan\n|move|p2a: Cetitan|Earthquake|p1a: Delphox\n|-supereffective|p1a: Delphox\n|-damage|p1a: Delphox|0 fnt\n|faint|p1a: Delphox\n|\n|upkeep\n|\n|t:|1722819530\n|switch|p1a: Mudsdale|Mudsdale, L84, F|236/305\n|turn|30\n|\n|t:|1722819539\n|-terastallize|p1a: Mudsdale|Fighting\n|move|p2a: Cetitan|Ice Spinner|p1a: Mudsdale\n|-damage|p1a: Mudsdale|155/305\n|-ability|p1a: Mudsdale|Stamina|boost\n|-boost|p1a: Mudsdale|def|1\n|move|p1a: Mudsdale|Body Press|p2a: Cetitan\n|-supereffective|p2a: Cetitan\n|-damage|p2a: Cetitan|0 fnt\n|faint|p2a: Cetitan\n|\n|-heal|p1a: Mudsdale|174/305|[from] item: Leftovers\n|upkeep\n|\n|t:|1722819547\n|switch|p2a: Cresselia|Cresselia, L80, F|122/323\n|-damage|p2a: Cresselia|82/323|[from] Stealth Rock\n|turn|31\n|\n|t:|1722819553\n|switch|p1a: Tropius|Tropius, L91, M|256/328\n|move|p2a: Cresselia|Moonlight|p2a: Cresselia\n|-heal|p2a: Cresselia|243/323\n|\n|upkeep\n|turn|32\n|\n|t:|1722819564\n|switch|p2a: Salamence|Salamence, L77, F, tera:Steel|59/273\n|-ability|p2a: Salamence|Intimidate|boost\n|-unboost|p1a: Tropius|atk|1\n|move|p1a: Tropius|Leech Seed|p2a: Salamence|[miss]\n|-miss|p1a: Tropius|p2a: Salamence\n|\n|upkeep\n|turn|33\n|\n|t:|1722819574\n|move|p2a: Salamence|Dual Wingbeat|p1a: Tropius\n|-supereffective|p1a: Tropius\n|-damage|p1a: Tropius|172/328\n|-supereffective|p1a: Tropius\n|-damage|p1a: Tropius|76/328\n|-enditem|p1a: Tropius|Sitrus Berry|[eat]\n|-heal|p1a: Tropius|158/328|[from] item: Sitrus Berry\n|-hitcount|p1a: Tropius|2\n|move|p1a: Tropius|Leech Seed|p2a: Salamence\n|-start|p2a: Salamence|move: Leech Seed\n|\n|-damage|p2a: Salamence|25/273|[from] Leech Seed|[of] p1a: Tropius\n|-heal|p1a: Tropius|192/328|[silent]\n|upkeep\n|turn|34\n|\n|t:|1722819585\n|move|p1a: Tropius|Protect|p1a: Tropius\n|-singleturn|p1a: Tropius|Protect\n|move|p2a: Salamence|Dual Wingbeat|p1a: Tropius\n|-activate|p1a: Tropius|move: Protect\n|\n|-damage|p2a: Salamence|0 fnt|[from] Leech Seed|[of] p1a: Tropius\n|-heal|p1a: Tropius|217/328|[silent]\n|faint|p2a: Salamence\n|-item|p1a: Tropius|Sitrus Berry|[from] ability: Harvest\n|upkeep\n|\n|t:|1722819588\n|switch|p2a: Arceus|Arceus-Poison, L71|288/288\n|-damage|p2a: Arceus|252/288|[from] Stealth Rock\n|turn|35\n|\n|t:|1722819594\n|switch|p1a: Mudsdale|Mudsdale, L84, F, tera:Fighting|174/305\n|move|p2a: Arceus|Gunk Shot|p1a: Mudsdale\n|-damage|p1a: Mudsdale|62/305\n|-ability|p1a: Mudsdale|Stamina|boost\n|-boost|p1a: Mudsdale|def|1\n|\n|-heal|p1a: Mudsdale|81/305|[from] item: Leftovers\n|upkeep\n|turn|36\n|\n|t:|1722819606\n|switch|p2a: Cresselia|Cresselia, L80, F|243/323\n|-damage|p2a: Cresselia|203/323|[from] Stealth Rock\n|switch|p1a: Tropius|Tropius, L91, M|217/328\n|\n|upkeep\n|turn|37\n|\n|t:|1722819619\n|move|p2a: Cresselia|Calm Mind|p2a: Cresselia\n|-boost|p2a: Cresselia|spa|1\n|-boost|p2a: Cresselia|spd|1\n|move|p1a: Tropius|Leech Seed|p2a: Cresselia\n|-start|p2a: Cresselia|move: Leech Seed\n|\n|-damage|p2a: Cresselia|163/323|[from] Leech Seed|[of] p1a: Tropius\n|-heal|p1a: Tropius|257/328|[silent]\n|upkeep\n|turn|38\n|\n|t:|1722819628\n|move|p2a: Cresselia|Calm Mind|p2a: Cresselia\n|-boost|p2a: Cresselia|spa|1\n|-boost|p2a: Cresselia|spd|1\n|move|p1a: Tropius|Air Slash|p2a: Cresselia\n|-damage|p2a: Cresselia|132/323\n|\n|-damage|p2a: Cresselia|92/323|[from] Leech Seed|[of] p1a: Tropius\n|-heal|p1a: Tropius|297/328|[silent]\n|upkeep\n|turn|39\n|\n|t:|1722819632\n|move|p2a: Cresselia|Moonlight|p2a: Cresselia\n|-heal|p2a: Cresselia|253/323\n|move|p1a: Tropius|Substitute|p1a: Tropius\n|-start|p1a: Tropius|Substitute\n|-damage|p1a: Tropius|215/328\n|\n|-damage|p2a: Cresselia|213/323|[from] Leech Seed|[of] p1a: Tropius\n|-heal|p1a: Tropius|255/328|[silent]\n|upkeep\n|turn|40\n|\n|t:|1722819637\n|move|p2a: Cresselia|Calm Mind|p2a: Cresselia\n|-boost|p2a: Cresselia|spa|1\n|-boost|p2a: Cresselia|spd|1\n|move|p1a: Tropius|Air Slash|p2a: Cresselia\n|-damage|p2a: Cresselia|186/323\n|\n|-damage|p2a: Cresselia|146/323|[from] Leech Seed|[of] p1a: Tropius\n|-heal|p1a: Tropius|295/328|[silent]\n|upkeep\n|turn|41\n|\n|t:|1722819640\n|move|p2a: Cresselia|Moonlight|p2a: Cresselia\n|-heal|p2a: Cresselia|307/323\n|move|p1a: Tropius|Air Slash|p2a: Cresselia\n|-damage|p2a: Cresselia|283/323\n|\n|-damage|p2a: Cresselia|243/323|[from] Leech Seed|[of] p1a: Tropius\n|-heal|p1a: Tropius|328/328|[silent]\n|upkeep\n|turn|42\n|\n|t:|1722819646\n|move|p2a: Cresselia|Psyshock|p1a: Tropius\n|-end|p1a: Tropius|Substitute\n|move|p1a: Tropius|Air Slash|p2a: Cresselia\n|-damage|p2a: Cresselia|216/323\n|\n|-damage|p2a: Cresselia|176/323|[from] Leech Seed|[of] p1a: Tropius\n|upkeep\n|turn|43\n|\n|t:|1722819653\n|move|p2a: Cresselia|Psyshock|p1a: Tropius\n|-damage|p1a: Tropius|174/328\n|move|p1a: Tropius|Air Slash|p2a: Cresselia\n|-damage|p2a: Cresselia|149/323\n|\n|-damage|p2a: Cresselia|109/323|[from] Leech Seed|[of] p1a: Tropius\n|-heal|p1a: Tropius|214/328|[silent]\n|upkeep\n|turn|44\n|\n|t:|1722819659\n|move|p2a: Cresselia|Calm Mind|p2a: Cresselia\n|-boost|p2a: Cresselia|spa|1\n|-boost|p2a: Cresselia|spd|1\n|move|p1a: Tropius|Air Slash|p2a: Cresselia\n|-damage|p2a: Cresselia|87/323\n|\n|-damage|p2a: Cresselia|47/323|[from] Leech Seed|[of] p1a: Tropius\n|-heal|p1a: Tropius|254/328|[silent]\n|upkeep\n|turn|45\n|\n|t:|1722819665\n|move|p2a: Cresselia|Moonlight|p2a: Cresselia\n|-heal|p2a: Cresselia|208/323\n|move|p1a: Tropius|Air Slash|p2a: Cresselia\n|-damage|p2a: Cresselia|186/323\n|\n|-damage|p2a: Cresselia|146/323|[from] Leech Seed|[of] p1a: Tropius\n|-heal|p1a: Tropius|294/328|[silent]\n|upkeep\n|turn|46\n|\n|t:|1722819673\n|move|p1a: Tropius|Protect|p1a: Tropius\n|-singleturn|p1a: Tropius|Protect\n|move|p2a: Cresselia|Moonlight|p2a: Cresselia\n|-heal|p2a: Cresselia|307/323\n|\n|-damage|p2a: Cresselia|267/323|[from] Leech Seed|[of] p1a: Tropius\n|-heal|p1a: Tropius|328/328|[silent]\n|upkeep\n|turn|47\n|\n|t:|1722819678\n|move|p2a: Cresselia|Calm Mind|p2a: Cresselia\n|-boost|p2a: Cresselia|spa|1\n|-boost|p2a: Cresselia|spd|1\n|move|p1a: Tropius|Air Slash|p2a: Cresselia\n|-damage|p2a: Cresselia|249/323\n|\n|-damage|p2a: Cresselia|209/323|[from] Leech Seed|[of] p1a: Tropius\n|upkeep\n|turn|48\n|\n|t:|1722819685\n|move|p2a: Cresselia|Psyshock|p1a: Tropius\n|-damage|p1a: Tropius|121/328\n|-enditem|p1a: Tropius|Sitrus Berry|[eat]\n|-heal|p1a: Tropius|203/328|[from] item: Sitrus Berry\n|move|p1a: Tropius|Air Slash|p2a: Cresselia\n|-damage|p2a: Cresselia|191/323\n|\n|-damage|p2a: Cresselia|151/323|[from] Leech Seed|[of] p1a: Tropius\n|-heal|p1a: Tropius|243/328|[silent]\n|-item|p1a: Tropius|Sitrus Berry|[from] ability: Harvest\n|upkeep\n|turn|49\n|\n|t:|1722819695\n|move|p1a: Tropius|Protect|p1a: Tropius\n|-singleturn|p1a: Tropius|Protect\n|move|p2a: Cresselia|Calm Mind|p2a: Cresselia\n|-boost|p2a: Cresselia|spa|1\n|-boost|p2a: Cresselia|spd|1\n|\n|-damage|p2a: Cresselia|111/323|[from] Leech Seed|[of] p1a: Tropius\n|-heal|p1a: Tropius|283/328|[silent]\n|upkeep\n|turn|50\n|\n|t:|1722819703\n|move|p2a: Cresselia|Psyshock|p1a: Tropius\n|-damage|p1a: Tropius|40/328\n|-enditem|p1a: Tropius|Sitrus Berry|[eat]\n|-heal|p1a: Tropius|122/328|[from] item: Sitrus Berry\n|move|p1a: Tropius|Air Slash|p2a: Cresselia\n|-damage|p2a: Cresselia|95/323\n|\n|-damage|p2a: Cresselia|55/323|[from] Leech Seed|[of] p1a: Tropius\n|-heal|p1a: Tropius|162/328|[silent]\n|-item|p1a: Tropius|Sitrus Berry|[from] ability: Harvest\n|upkeep\n|-enditem|p1a: Tropius|Sitrus Berry|[eat]\n|-heal|p1a: Tropius|244/328|[from] item: Sitrus Berry\n|turn|51\n|\n|t:|1722819716\n|move|p2a: Cresselia|Moonlight|p2a: Cresselia\n|-heal|p2a: Cresselia|216/323\n|move|p1a: Tropius|Air Slash|p2a: Cresselia\n|-damage|p2a: Cresselia|200/323\n|\n|-damage|p2a: Cresselia|160/323|[from] Leech Seed|[of] p1a: Tropius\n|-heal|p1a: Tropius|284/328|[silent]\n|-item|p1a: Tropius|Sitrus Berry|[from] ability: Harvest\n|upkeep\n|turn|52\n|\n|t:|1722819725\n|move|p1a: Tropius|Protect|p1a: Tropius\n|-singleturn|p1a: Tropius|Protect\n|move|p2a: Cresselia|Psyshock|p1a: Tropius\n|-activate|p1a: Tropius|move: Protect\n|\n|-damage|p2a: Cresselia|120/323|[from] Leech Seed|[of] p1a: Tropius\n|-heal|p1a: Tropius|324/328|[silent]\n|upkeep\n|turn|53\n|\n|t:|1722819728\n|move|p1a: Tropius|Protect||[still]\n|-fail|p1a: Tropius\n|move|p2a: Cresselia|Psyshock|p1a: Tropius\n|-damage|p1a: Tropius|56/328\n|-enditem|p1a: Tropius|Sitrus Berry|[eat]\n|-heal|p1a: Tropius|138/328|[from] item: Sitrus Berry\n|\n|-damage|p2a: Cresselia|80/323|[from] Leech Seed|[of] p1a: Tropius\n|-heal|p1a: Tropius|178/328|[silent]\n|upkeep\n|turn|54\n|\n|t:|1722819734\n|move|p1a: Tropius|Protect|p1a: Tropius\n|-singleturn|p1a: Tropius|Protect\n|move|p2a: Cresselia|Psyshock|p1a: Tropius\n|-activate|p1a: Tropius|move: Protect\n|\n|-damage|p2a: Cresselia|40/323|[from] Leech Seed|[of] p1a: Tropius\n|-heal|p1a: Tropius|218/328|[silent]\n|-item|p1a: Tropius|Sitrus Berry|[from] ability: Harvest\n|upkeep\n|turn|55\n|\n|t:|1722819749\n|move|p2a: Cresselia|Calm Mind|p2a: Cresselia\n|-boost|p2a: Cresselia|spa|0\n|-boost|p2a: Cresselia|spd|0\n|move|p1a: Tropius|Air Slash|p2a: Cresselia\n|-damage|p2a: Cresselia|25/323\n|\n|-damage|p2a: Cresselia|0 fnt|[from] Leech Seed|[of] p1a: Tropius\n|-heal|p1a: Tropius|243/328|[silent]\n|faint|p2a: Cresselia\n|upkeep\n|\n|t:|1722819752\n|switch|p2a: Arceus|Arceus-Poison, L71|252/288\n|-damage|p2a: Arceus|216/288|[from] Stealth Rock\n|turn|56\n|\n|t:|1722819757\n|move|p2a: Arceus|Dragon Dance|p2a: Arceus\n|-boost|p2a: Arceus|atk|1\n|-boost|p2a: Arceus|spe|1\n|move|p1a: Tropius|Leech Seed|p2a: Arceus\n|-start|p2a: Arceus|move: Leech Seed\n|\n|-damage|p2a: Arceus|180/288|[from] Leech Seed|[of] p1a: Tropius\n|-heal|p1a: Tropius|279/328|[silent]\n|upkeep\n|turn|57\n|\n|t:|1722819765\n|move|p1a: Tropius|Protect|p1a: Tropius\n|-singleturn|p1a: Tropius|Protect\n|move|p2a: Arceus|Gunk Shot|p1a: Tropius\n|-activate|p1a: Tropius|move: Protect\n|\n|-damage|p2a: Arceus|144/288|[from] Leech Seed|[of] p1a: Tropius\n|-heal|p1a: Tropius|315/328|[silent]\n|upkeep\n|turn|58\n|\n|t:|1722819770\n|switch|p1a: Mudsdale|Mudsdale, L84, F, tera:Fighting|81/305\n|move|p2a: Arceus|Gunk Shot|p1a: Mudsdale|[miss]\n|-miss|p2a: Arceus|p1a: Mudsdale\n|\n|-heal|p1a: Mudsdale|100/305|[from] item: Leftovers\n|-damage|p2a: Arceus|108/288|[from] Leech Seed|[of] p1a: Mudsdale\n|-heal|p1a: Mudsdale|136/305|[silent]\n|upkeep\n|turn|59\n|\n|t:|1722819783\n|move|p2a: Arceus|Gunk Shot|p1a: Mudsdale\n|-damage|p1a: Mudsdale|0 fnt\n|faint|p1a: Mudsdale\n|\n|upkeep\n|\n|t:|1722819787\n|switch|p1a: Tropius|Tropius, L91, M|315/328\n|turn|60\n|\n|t:|1722819793\n|move|p1a: Tropius|Protect|p1a: Tropius\n|-singleturn|p1a: Tropius|Protect\n|move|p2a: Arceus|Gunk Shot|p1a: Tropius\n|-activate|p1a: Tropius|move: Protect\n|\n|-damage|p2a: Arceus|72/288|[from] Leech Seed|[of] p1a: Tropius\n|-heal|p1a: Tropius|328/328|[silent]\n|upkeep\n|turn|61\n|\n|t:|1722819801\n|move|p1a: Tropius|Protect|p1a: Tropius\n|-singleturn|p1a: Tropius|Protect\n|move|p2a: Arceus|Gunk Shot|p1a: Tropius\n|-activate|p1a: Tropius|move: Protect\n|\n|-damage|p2a: Arceus|36/288|[from] Leech Seed|[of] p1a: Tropius\n|upkeep\n|turn|62\n|\n|t:|1722819806\n|switch|p1a: Azelf|Azelf, L82|41/257\n|move|p2a: Arceus|Gunk Shot|p1a: Azelf\n|-damage|p1a: Azelf|0 fnt\n|faint|p1a: Azelf\n|\n|upkeep\n|\n|t:|1722819809\n|switch|p1a: Tropius|Tropius, L91, M|328/328\n|turn|63\n|\n|t:|1722819812\n|move|p1a: Tropius|Protect|p1a: Tropius\n|-singleturn|p1a: Tropius|Protect\n|move|p2a: Arceus|Gunk Shot|p1a: Tropius\n|-activate|p1a: Tropius|move: Protect\n|\n|-damage|p2a: Arceus|0 fnt|[from] Leech Seed|[of] p1a: Tropius\n|faint|p2a: Arceus\n|\n|win|BMence\n|upkeep\n|raw|BMence's rating: 2213 &rarr; <strong>2236</strong><br />(+23 for winning)\n|raw|beeg peeg's rating: 2272 &rarr; <strong>2249</strong><br />(-23 for losing)\n|l|\u2606beeg peeg\n|player|p2|\n", "inputlog": ">version 4360de0a8e68d59f2e365e61bed8c1683ebaca20\n>start {\"formatid\":\"gen9randombattle\",\"seed\":[30828,12012,32878,15852],\"rated\":\"Rated battle\"}\n>player p1 {\"name\":\"BMence\",\"avatar\":\"170\",\"rating\":2213,\"seed\":[46223,32884,7737,34552]}\n>player p2 {\"name\":\"beeg peeg\",\"avatar\":\"firebreather\",\"rating\":2272,\"seed\":[55550,19525,16917,56260]}\n>p1 move willowisp\n>p2 switch 2\n>p1 move nastyplot\n>p2 move freezedry\n>p1 move shadowball\n>p2 move protect\n>p1 move shadowball\n>p2 move freezedry\n>p1 switch 6\n>p2 switch 4\n>p1 move sleeppowder\n>p2 move ironhead\n>p1 move substitute\n>p2 move ironhead\n>p1 move sleeppowder\n>p2 move ironhead\n>p1 switch 3\n>p1 move stealthrock\n>p2 switch 3\n>p1 switch 4\n>p2 move calmmind\n>p1 move knockoff\n>p2 move calmmind\n>p1 move taunt\n>p2 move moonlight\n>p1 move knockoff\n>p2 switch 3\n>p1 switch 2\n>p2 move ironhead\n>p1 move leechseed\n>p2 move knockoff\n>p1 move substitute\n>p2 switch 5\n>p1 move leechseed\n>p2 move dragondance\n>p1 move protect\n>p2 move dragondance terastallize\n>p1 move airslash\n>p2 move dualwingbeat\n>p1 move protect\n>p2 move dualwingbeat\n>p1 switch 4\n>p2 move dualwingbeat\n>p1 move bodypress\n>p2 switch 3\n>p1 switch 2\n>p2 move moonlight\n>p1 move knockoff\n>p2 move moonlight\n>p1 move knockoff\n>p2 move moonblast\n>p1 move knockoff\n>p2 switch 5\n>p1 move psychic\n>p2 move uturn\n>p2 switch 2\n>p1 switch 5\n>p2 move iceshard\n>p1 move fireblast\n>p2 move earthquake\n>p1 move fireblast\n>p2 move earthquake\n>p1 switch 2\n>p1 move bodypress terastallize\n>p2 move icespinner\n>p2 switch 5\n>p1 switch 4\n>p2 move moonlight\n>p1 move leechseed\n>p2 switch 3\n>p1 move leechseed\n>p2 move dualwingbeat\n>p1 move protect\n>p2 move dualwingbeat\n>p2 switch 6\n>p1 switch 4\n>p2 move gunkshot\n>p1 switch 4\n>p2 switch 3\n>p1 move leechseed\n>p2 move calmmind\n>p1 move airslash\n>p2 move calmmind\n>p1 move substitute\n>p2 move moonlight\n>p1 move airslash\n>p2 move calmmind\n>p1 move airslash\n>p2 move moonlight\n>p1 move airslash\n>p2 move psyshock\n>p1 move airslash\n>p2 move psyshock\n>p1 move airslash\n>p2 move calmmind\n>p1 move airslash\n>p2 move moonlight\n>p1 move protect\n>p2 move moonlight\n>p1 move airslash\n>p2 move calmmind\n>p1 move airslash\n>p2 move psyshock\n>p1 move protect\n>p2 move calmmind\n>p1 move airslash\n>p2 move psyshock\n>p1 move airslash\n>p2 move moonlight\n>p1 move protect\n>p2 move psyshock\n>p1 move protect\n>p2 move psyshock\n>p1 move protect\n>p2 move psyshock\n>p1 move airslash\n>p2 move calmmind\n>p2 switch 3\n>p1 move leechseed\n>p2 move dragondance\n>p1 move protect\n>p2 move gunkshot\n>p1 switch 4\n>p2 move gunkshot\n>p1 move earthquake\n>p2 move gunkshot\n>p1 switch 4\n>p1 move protect\n>p2 move gunkshot\n>p1 move protect\n>p2 move gunkshot\n>p1 switch 5\n>p2 move gunkshot\n>p1 switch 5\n>p1 move protect\n>p2 move gunkshot", "uploadtime": 1722819829, "views": 131, "formatid": "gen9randombattle", "rating": 2236, "private": 0, "password": null}