{"id": "gen9randombattle-2184739861", "format": "[Gen 9] Random Battle", "players": ["scyther225", "gengis khann"], "log": "|badge|p1|bronze|gen9randombattle|100-2\n|uhtml|medal-msg|<div class=\"broadcast-blue\">Curious what those medals under the avatar are? PS now has Ladder Seasons! For more information, check out the <a href=\"https://www.smogon.com/forums/threads/3740067/\">thread on Smogon.</a></div>\n|j|\u2606scyther225\n|j|\u2606gengis khann\n|t:|1724254379\n|gametype|singles\n|player|p1|scyther225|acetrainer-gen4dp|2380\n|player|p2|gengis khann|266|2319\n|teamsize|p1|6\n|teamsize|p2|6\n|gen|9\n|tier|[Gen 9] Random Battle\n|rated|\n|rule|Species Clause: Limit one of each Pok\u00e9mon\n|rule|HP Percentage Mod: HP is shown in percentages\n|rule|Sleep Clause Mod: Limit one foe put to sleep\n|rule|Illusion Level Mod: Illusion disguises the Pok\u00e9mon's true level\n|\n|t:|1724254379\n|start\n|switch|p1a: Muk|Muk-Alola, L82, F|306/306\n|switch|p2a: Probopass|Probopass, L92, M|260/260\n|-item|p2a: Probopass|Air Balloon\n|turn|1\n|\n|t:|1724254385\n|move|p1a: Muk|Knock Off|p2a: Probopass\n|-damage|p2a: Probopass|196/260\n|-enditem|p2a: Probopass|Air Balloon\n|move|p2a: Probopass|Thunder Wave|p1a: Muk\n|-status|p1a: Muk|par\n|\n|upkeep\n|turn|2\n|inactive|Battle timer is ON: inactive players will automatically lose when time's up. (requested by gengis khann)\n|\n|t:|1724254392\n|move|p2a: Probopass|Body Press|p1a: Muk\n|-damage|p1a: Muk|207/306 par\n|cant|p1a: Muk|par\n|\n|upkeep\n|turn|3\n|\n|t:|1724254412\n|switch|p2a: Araquanid|Araquanid, L82, F|246/246\n|cant|p1a: Muk|par\n|\n|upkeep\n|turn|4\n|\n|t:|1724254418\n|move|p2a: Araquanid|Sticky Web|p1a: Muk\n|-sidestart|p1: scyther225|move: Sticky Web\n|move|p1a: Muk|Knock Off|p2a: Araquanid\n|-damage|p2a: Araquanid|141/246\n|-enditem|p2a: Araquanid|Heavy-Duty Boots|[from] move: Knock Off|[of] p1a: Muk\n|\n|upkeep\n|turn|5\n|\n|t:|1724254422\n|move|p2a: Araquanid|Liquidation|p1a: Muk\n|-damage|p1a: Muk|45/306 par\n|cant|p1a: Muk|par\n|\n|upkeep\n|turn|6\n|\n|t:|1724254426\n|switch|p1a: Gastrodon|Gastrodon-East, L86, M|331/331\n|-activate|p1a: Gastrodon|move: Sticky Web\n|-unboost|p1a: Gastrodon|spe|1\n|move|p2a: Araquanid|Leech Life|p1a: Gastrodon\n|-damage|p1a: Gastrodon|253/331\n|-heal|p2a: Araquanid|180/246|[from] drain|[of] p1a: Gastrodon\n|\n|-heal|p1a: Gastrodon|273/331|[from] item: Leftovers\n|upkeep\n|turn|7\n|\n|t:|1724254441\n|switch|p2a: Malamar|Malamar, L82, F|275/275\n|move|p1a: Gastrodon|Stealth Rock|p2a: Malamar\n|-sidestart|p2: gengis khann|move: Stealth Rock\n|\n|-heal|p1a: Gastrodon|293/331|[from] item: Leftovers\n|upkeep\n|turn|8\n|\n|t:|1724254452\n|switch|p1a: Mudsdale|Mudsdale, L84, M|305/305\n|-activate|p1a: Mudsdale|move: Sticky Web\n|-unboost|p1a: Mudsdale|spe|1\n|move|p2a: Malamar|Superpower|p1a: Mudsdale\n|-damage|p1a: Mudsdale|237/305\n|-boost|p2a: Malamar|atk|1\n|-boost|p2a: Malamar|def|1\n|-ability|p1a: Mudsdale|Stamina|boost\n|-boost|p1a: Mudsdale|def|1\n|\n|upkeep\n|turn|9\n|\n|t:|1724254459\n|move|p2a: Malamar|Superpower|p1a: Mudsdale\n|-damage|p1a: Mudsdale|165/305\n|-boost|p2a: Malamar|atk|1\n|-boost|p2a: Malamar|def|1\n|-ability|p1a: Mudsdale|Stamina|boost\n|-boost|p1a: Mudsdale|def|1\n|move|p1a: Mudsdale|Body Press|p2a: Malamar\n|-damage|p2a: Malamar|180/275\n|\n|-heal|p2a: Malamar|197/275|[from] item: Leftovers\n|upkeep\n|turn|10\n|\n|t:|1724254468\n|move|p2a: Malamar|Superpower|p1a: Mudsdale\n|-damage|p1a: Mudsdale|95/305\n|-boost|p2a: Malamar|atk|1\n|-boost|p2a: Malamar|def|1\n|-ability|p1a: Mudsdale|Stamina|boost\n|-boost|p1a: Mudsdale|def|1\n|move|p1a: Mudsdale|Body Press|p2a: Malamar\n|-damage|p2a: Malamar|107/275\n|\n|-heal|p2a: Malamar|124/275|[from] item: Leftovers\n|upkeep\n|turn|11\n|\n|t:|1724254476\n|move|p2a: Malamar|Superpower|p1a: Mudsdale\n|-damage|p1a: Mudsdale|23/305\n|-boost|p2a: Malamar|atk|1\n|-boost|p2a: Malamar|def|1\n|-ability|p1a: Mudsdale|Stamina|boost\n|-boost|p1a: Mudsdale|def|1\n|move|p1a: Mudsdale|Body Press|p2a: Malamar\n|-damage|p2a: Malamar|33/275\n|\n|-heal|p2a: Malamar|50/275|[from] item: Leftovers\n|upkeep\n|turn|12\n|\n|t:|1724254485\n|move|p2a: Malamar|Rest|p2a: Malamar\n|-status|p2a: Malamar|slp|[from] move: Rest\n|-heal|p2a: Malamar|275/275 slp|[silent]\n|move|p1a: Mudsdale|Body Press|p2a: Malamar\n|-damage|p2a: Malamar|180/275 slp\n|\n|-heal|p2a: Malamar|197/275 slp|[from] item: Leftovers\n|upkeep\n|turn|13\n|\n|t:|1724254494\n|cant|p2a: Malamar|slp\n|move|p2a: Malamar|Sleep Talk|p2a: Malamar\n|move|p2a: Malamar|Knock Off|p1a: Mudsdale|[from]move: Sleep Talk\n|-damage|p1a: Mudsdale|0 fnt\n|-enditem|p1a: Mudsdale|Choice Band|[from] move: Knock Off|[of] p2a: Malamar\n|faint|p1a: Mudsdale\n|\n|-heal|p2a: Malamar|214/275 slp|[from] item: Leftovers\n|upkeep\n|\n|t:|1724254495\n|switch|p1a: Rabsca|Rabsca, L91, M|284/284\n|turn|14\n|\n|t:|1724254502\n|-terastallize|p2a: Malamar|Steel\n|cant|p2a: Malamar|slp\n|move|p2a: Malamar|Sleep Talk|p2a: Malamar\n|move|p2a: Malamar|Knock Off|p1a: Rabsca|[from]move: Sleep Talk\n|-supereffective|p1a: Rabsca\n|-damage|p1a: Rabsca|0 fnt\n|-enditem|p1a: Rabsca|Heavy-Duty Boots|[from] move: Knock Off|[of] p2a: Malamar\n|faint|p1a: Rabsca\n|\n|-heal|p2a: Malamar|231/275 slp|[from] item: Leftovers\n|upkeep\n|\n|t:|1724254507\n|switch|p1a: Torkoal|Torkoal, L88, M|266/266\n|-weather|SunnyDay|[from] ability: Drought|[of] p1a: Torkoal\n|turn|15\n|\n|t:|1724254520\n|-curestatus|p2a: Malamar|slp|[msg]\n|move|p2a: Malamar|Knock Off|p1a: Torkoal\n|-damage|p1a: Torkoal|88/266\n|-enditem|p1a: Torkoal|Heavy-Duty Boots|[from] move: Knock Off|[of] p2a: Malamar\n|move|p1a: Torkoal|Lava Plume|p2a: Malamar\n|-supereffective|p2a: Malamar\n|-damage|p2a: Malamar|0 fnt\n|faint|p2a: Malamar\n|\n|-weather|SunnyDay|[upkeep]\n|upkeep\n|\n|t:|1724254535\n|switch|p2a: Walking Wake|Walking Wake, L79|286/286\n|-damage|p2a: Walking Wake|251/286|[from] Stealth Rock\n|-activate|p2a: Walking Wake|ability: Protosynthesis\n|-start|p2a: Walking Wake|protosynthesisspa\n|turn|16\n|\n|t:|1724254544\n|switch|p1a: Muk|Muk-Alola, L82, F|45/306 par\n|-activate|p1a: Muk|move: Sticky Web\n|-unboost|p1a: Muk|spe|1\n|move|p2a: Walking Wake|Flamethrower|p1a: Muk\n|-damage|p1a: Muk|0 fnt\n|faint|p1a: Muk\n|-damage|p2a: Walking Wake|223/286|[from] item: Life Orb\n|\n|-weather|SunnyDay|[upkeep]\n|upkeep\n|\n|t:|1724254547\n|switch|p1a: Gastrodon|Gastrodon-East, L86, M|293/331\n|-activate|p1a: Gastrodon|move: Sticky Web\n|-unboost|p1a: Gastrodon|spe|1\n|turn|17\n|\n|t:|1724254557\n|move|p2a: Walking Wake|Draco Meteor|p1a: Gastrodon\n|-damage|p1a: Gastrodon|16/331\n|-unboost|p2a: Walking Wake|spa|2\n|-damage|p2a: Walking Wake|195/286|[from] item: Life Orb\n|move|p1a: Gastrodon|Earthquake|p2a: Walking Wake\n|-damage|p2a: Walking Wake|86/286\n|\n|-weather|SunnyDay|[upkeep]\n|-heal|p1a: Gastrodon|36/331|[from] item: Leftovers\n|upkeep\n|turn|18\n|\n|t:|1724254566\n|move|p2a: Walking Wake|Flamethrower|p1a: Gastrodon\n|-resisted|p1a: Gastrodon\n|-damage|p1a: Gastrodon|0 fnt\n|faint|p1a: Gastrodon\n|-damage|p2a: Walking Wake|58/286|[from] item: Life Orb\n|\n|-weather|SunnyDay|[upkeep]\n|upkeep\n|\n|t:|1724254572\n|switch|p1a: Torkoal|Torkoal, L88, M|88/266\n|-activate|p1a: Torkoal|move: Sticky Web\n|-unboost|p1a: Torkoal|spe|1\n|turn|19\n|\n|t:|1724254579\n|move|p2a: Walking Wake|Draco Meteor|p1a: Torkoal|[miss]\n|-miss|p2a: Walking Wake|p1a: Torkoal\n|move|p1a: Torkoal|Yawn|p2a: Walking Wake\n|-start|p2a: Walking Wake|move: Yawn|[of] p1a: Torkoal\n|\n|-weather|none\n|-end|p2a: Walking Wake|Protosynthesis\n|upkeep\n|turn|20\n|\n|t:|1724254583\n|-end|p2a: Walking Wake|Protosynthesis|[silent]\n|switch|p2a: Araquanid|Araquanid, L82, F|180/246\n|-damage|p2a: Araquanid|119/246|[from] Stealth Rock\n|move|p1a: Torkoal|Lava Plume|p2a: Araquanid\n|-damage|p2a: Araquanid|86/246\n|\n|upkeep\n|turn|21\n|\n|t:|1724254591\n|move|p2a: Araquanid|Liquidation|p1a: Torkoal\n|-supereffective|p1a: Torkoal\n|-damage|p1a: Torkoal|0 fnt\n|faint|p1a: Torkoal\n|\n|upkeep\n|\n|t:|1724254592\n|switch|p1a: Salamence|Salamence, L77, M|273/273\n|-ability|p1a: Salamence|Intimidate|boost\n|-unboost|p2a: Araquanid|atk|1\n|turn|22\n|\n|t:|1724254608\n|switch|p2a: Probopass|Probopass, L92, M|196/260\n|-damage|p2a: Probopass|180/260|[from] Stealth Rock\n|move|p1a: Salamence|Dragon Dance|p1a: Salamence\n|-boost|p1a: Salamence|atk|1\n|-boost|p1a: Salamence|spe|1\n|\n|upkeep\n|turn|23\n|\n|t:|1724254613\n|move|p1a: Salamence|Earthquake|p2a: Probopass\n|-supereffective|p2a: Probopass\n|-damage|p2a: Probopass|0 fnt\n|faint|p2a: Probopass\n|\n|upkeep\n|\n|t:|1724254623\n|switch|p2a: Iron Valiant|Iron Valiant, L79|247/247\n|-damage|p2a: Iron Valiant|232/247|[from] Stealth Rock\n|turn|24\n|\n|t:|1724254632\n|-terastallize|p1a: Salamence|Steel\n|move|p1a: Salamence|Dual Wingbeat|p2a: Iron Valiant\n|-supereffective|p2a: Iron Valiant\n|-damage|p2a: Iron Valiant|98/247\n|-supereffective|p2a: Iron Valiant\n|-damage|p2a: Iron Valiant|0 fnt\n|faint|p2a: Iron Valiant\n|-end|p2a: Iron Valiant|Quark Drive|[silent]\n|-hitcount|p2: Iron Valiant|2\n|\n|upkeep\n|l|\u2606gengis khann\n|inactive|gengis khann disconnected and has a minute to reconnect!\n|player|p2|\n|c|\u2606scyther225|gg\n|j| Ponit Cube\n|inactive|gengis khann has 30 seconds to reconnect!\n|inactive|gengis khann has 20 seconds to reconnect!\n|j| WyAk\n|inactive|gengis khann has 15 seconds to reconnect!\n|inactive|gengis khann has 10 seconds to reconnect!\n|inactive|gengis khann has 5 seconds to reconnect!\n|l| WyAk\n|-message|gengis khann lost due to inactivity.\n|\n|win|scyther225\n|raw|scyther225's rating: 2380 &rarr; <strong>2397</strong><br />(+17 for winning)\n|raw|gengis khann's rating: 2319 &rarr; <strong>2302</strong><br />(-17 for losing)\n|l|\u2606scyther225\n|player|p1|\n|l| Ponit Cube\n", "inputlog": ">version 6a1360c35b8aa5f7d54e32a492626d5298caa6f7\n>start {\"formatid\":\"gen9randombattle\",\"seed\":[29148,37259,52194,19493],\"rated\":\"Rated battle\"}\n>player p1 {\"name\":\"scyther225\",\"avatar\":\"acetrainer-gen4dp\",\"rating\":2380,\"seed\":[35285,14227,17731,30908]}\n>player p2 {\"name\":\"gengis khann\",\"avatar\":\"266\",\"rating\":2319,\"seed\":[40541,64603,64048,6714]}\n>p1 move knockoff\n>p2 move thunderwave\n>p1 move drainpunch\n>p2 move bodypress\n>p1 move drainpunch\n>p2 switch 2\n>p1 move knockoff\n>p2 move stickyweb\n>p1 move poisonjab\n>p2 move liquidation\n>p1 switch 3\n>p2 move leechlife\n>p1 move stealthrock\n>p2 switch 6\n>p1 switch 4\n>p2 move superpower\n>p1 move bodypress\n>p2 move superpower\n>p1 move bodypress\n>p2 move superpower\n>p1 move bodypress\n>p2 move superpower\n>p1 move bodypress\n>p2 move rest\n>p1 move bodypress\n>p2 move sleeptalk\n>p1 switch 2\n>p1 move bugbuzz\n>p2 move sleeptalk terastallize\n>p1 switch 6\n>p1 move lavaplume\n>p2 move knockoff\n>p2 switch 4\n>p1 switch 3\n>p2 move flamethrower\n>p1 switch 4\n>p1 move earthquake\n>p2 move dracometeor\n>p1 move recover\n>p2 move flamethrower\n>p1 switch 3\n>p1 move yawn\n>p2 move dracometeor\n>p1 move lavaplume\n>p2 switch 6\n>p1 move yawn\n>p2 move liquidation\n>p1 switch 5\n>p1 move dragondance\n>p2 switch 2\n>p1 move earthquake\n>p2 move bodypress\n>p2 switch 3\n>p1 move dualwingbeat terastallize\n>p2 move encore\n>chat \u2606scyther225|gg\n>forcelose p2", "uploadtime": 1724254705, "views": 115, "formatid": "gen9randombattle", "rating": 2302, "private": 0, "password": null}