{"id": "gen9randombattle-2145564771", "format": "[Gen 9] Random Battle", "players": ["Norman2!", "MasterJ007"], "log": "|badge|p1|silver|gen9randombattle|30-1\n|uhtml|medal-msg|<div class=\"broadcast-blue\">Curious what those medals under the avatar are? PS now has Ladder Seasons! For more information, check out the <a href=\"https://www.smogon.com/forums/threads/3740067/\">thread on Smogon.</a></div>\n|badge|p2|silver|gen9randombattle|30-1\n|uhtml|medal-msg|<div class=\"broadcast-blue\">Curious what those medals under the avatar are? PS now has Ladder Seasons! For more information, check out the <a href=\"https://www.smogon.com/forums/threads/3740067/\">thread on Smogon.</a></div>\n|j|\u203dNorman2!\n|j|\u2606MasterJ007\n|t:|1718716923\n|gametype|singles\n|player|p1|Norman2!|102|2420\n|player|p2|MasterJ007|#rbtt7teamsuicune|2462\n|teamsize|p1|6\n|teamsize|p2|6\n|gen|9\n|tier|[Gen 9] Random Battle\n|rated|\n|rule|Species Clause: Limit one of each Pok\u00e9mon\n|rule|HP Percentage Mod: HP is shown in percentages\n|rule|Sleep Clause Mod: Limit one foe put to sleep\n|rule|Illusion Level Mod: Illusion disguises the Pok\u00e9mon's true level\n|\n|t:|1718716923\n|start\n|switch|p1a: Miraidon|Miraidon, L65|238/238\n|switch|p2a: Forretress|Forretress, L84, F|263/263\n|-fieldstart|move: Electric Terrain|[from] ability: Hadron Engine|[of] p1a: Miraidon\n|turn|1\n|\n|t:|1718716937\n|switch|p2a: Palossand|Palossand, L89, M|296/296\n|move|p1a: Miraidon|Substitute|p1a: Miraidon\n|-start|p1a: Miraidon|Substitute\n|-damage|p1a: Miraidon|179/238\n|\n|-heal|p1a: Miraidon|193/238|[from] item: Leftovers\n|upkeep\n|turn|2\n|inactive|Battle timer is ON: inactive players will automatically lose when time's up. (requested by MasterJ007)\n|\n|t:|1718716943\n|move|p1a: Miraidon|Calm Mind|p1a: Miraidon\n|-boost|p1a: Miraidon|spa|1\n|-boost|p1a: Miraidon|spd|1\n|move|p2a: Palossand|Earth Power|p1a: Miraidon\n|-supereffective|p1a: Miraidon\n|-end|p1a: Miraidon|Substitute\n|\n|-heal|p1a: Miraidon|207/238|[from] item: Leftovers\n|upkeep\n|turn|3\n|j| MinionTotem\u2713\n|\n|t:|1718716949\n|move|p1a: Miraidon|Draco Meteor|p2a: Palossand\n|-damage|p2a: Palossand|71/296\n|-unboost|p1a: Miraidon|spa|2\n|move|p2a: Palossand|Earth Power|p1a: Miraidon\n|-supereffective|p1a: Miraidon\n|-damage|p1a: Miraidon|57/238\n|\n|-heal|p1a: Miraidon|71/238|[from] item: Leftovers\n|-heal|p2a: Palossand|89/296|[from] item: Leftovers\n|upkeep\n|turn|4\n|\n|t:|1718716953\n|switch|p2a: Forretress|Forretress, L84, F|263/263\n|move|p1a: Miraidon|Draco Meteor|p2a: Forretress|[miss]\n|-miss|p1a: Miraidon|p2a: Forretress\n|\n|-heal|p1a: Miraidon|85/238|[from] item: Leftovers\n|upkeep\n|turn|5\n|\n|t:|1718716963\n|switch|p1a: Heatran|Heatran, L79, M|273/273\n|-item|p1a: Heatran|Air Balloon\n|move|p2a: Forretress|Toxic Spikes|p1a: Heatran\n|-sidestart|p1: Norman2!|move: Toxic Spikes\n|\n|-fieldend|move: Electric Terrain\n|upkeep\n|turn|6\n|\n|t:|1718716971\n|move|p1a: Heatran|Lava Plume|p2a: Forretress\n|-supereffective|p2a: Forretress\n|-ability|p2a: Forretress|Sturdy\n|-damage|p2a: Forretress|1/263\n|move|p2a: Forretress|Volt Switch|p1a: Heatran\n|-damage|p1a: Heatran|243/273\n|-enditem|p1a: Heatran|Air Balloon\n|\n|t:|1718716983\n|switch|p2a: Arceus|Arceus-Poison, L72|292/292|[from] Volt Switch\n|\n|upkeep\n|turn|7\n|\n|t:|1718716991\n|switch|p1a: Oranguru|Oranguru, L92, M|315/315\n|-status|p1a: Oranguru|psn\n|move|p2a: Arceus|Swords Dance|p2a: Arceus\n|-boost|p2a: Arceus|atk|2\n|\n|-damage|p1a: Oranguru|276/315 psn|[from] psn\n|upkeep\n|turn|8\n|\n|t:|1718717009\n|move|p2a: Arceus|Gunk Shot|p1a: Oranguru|[miss]\n|-miss|p2a: Arceus|p1a: Oranguru\n|move|p1a: Oranguru|Psyshock|p2a: Arceus\n|-supereffective|p2a: Arceus\n|-damage|p2a: Arceus|40/292\n|\n|-damage|p1a: Oranguru|237/315 psn|[from] psn\n|upkeep\n|turn|9\n|\n|t:|1718717013\n|move|p2a: Arceus|Gunk Shot|p1a: Oranguru|[miss]\n|-miss|p2a: Arceus|p1a: Oranguru\n|move|p1a: Oranguru|Psyshock|p2a: Arceus\n|-supereffective|p2a: Arceus\n|-damage|p2a: Arceus|0 fnt\n|faint|p2a: Arceus\n|\n|-damage|p1a: Oranguru|198/315 psn|[from] psn\n|upkeep\n|\n|t:|1718717027\n|switch|p2a: Ribombee|Ribombee, L82, M|233/233\n|turn|10\n|\n|t:|1718717040\n|move|p2a: Ribombee|Sticky Web|p1a: Oranguru\n|-sidestart|p1: Norman2!|move: Sticky Web\n|move|p1a: Oranguru|Psyshock|p2a: Ribombee\n|-damage|p2a: Ribombee|46/233\n|\n|-damage|p1a: Oranguru|159/315 psn|[from] psn\n|upkeep\n|turn|11\n|\n|t:|1718717044\n|move|p2a: Ribombee|U-turn|p1a: Oranguru\n|-supereffective|p1a: Oranguru\n|-damage|p1a: Oranguru|57/315 psn\n|\n|t:|1718717046\n|switch|p2a: Forretress|Forretress, L84, F|1/263|[from] U-turn\n|move|p1a: Oranguru|Psyshock|p2a: Forretress\n|-resisted|p2a: Forretress\n|-damage|p2a: Forretress|0 fnt\n|faint|p2a: Forretress\n|\n|-damage|p1a: Oranguru|18/315 psn|[from] psn\n|upkeep\n|\n|t:|1718717048\n|switch|p2a: Ribombee|Ribombee, L82, M|46/233\n|turn|12\n|\n|t:|1718717051\n|switch|p1a: Heatran|Heatran, L79, M|243/273\n|-activate|p1a: Heatran|move: Sticky Web\n|-unboost|p1a: Heatran|spe|1\n|move|p2a: Ribombee|Bug Buzz|p1a: Heatran\n|-resisted|p1a: Heatran\n|-damage|p1a: Heatran|223/273\n|-unboost|p1a: Heatran|spd|1\n|\n|upkeep\n|turn|13\n|\n|t:|1718717064\n|move|p2a: Ribombee|Moonblast|p1a: Heatran\n|-resisted|p1a: Heatran\n|-damage|p1a: Heatran|189/273\n|-unboost|p1a: Heatran|spa|1\n|move|p1a: Heatran|Stealth Rock|p2a: Ribombee\n|-sidestart|p2: MasterJ007|move: Stealth Rock\n|\n|upkeep\n|turn|14\n|\n|t:|1718717069\n|move|p2a: Ribombee|Moonblast|p1a: Heatran\n|-resisted|p1a: Heatran\n|-damage|p1a: Heatran|158/273\n|-unboost|p1a: Heatran|spa|1\n|move|p1a: Heatran|Lava Plume|p2a: Ribombee\n|-supereffective|p2a: Ribombee\n|-damage|p2a: Ribombee|0 fnt\n|faint|p2a: Ribombee\n|\n|upkeep\n|\n|t:|1718717072\n|switch|p2a: Palossand|Palossand, L89, M|89/296\n|-damage|p2a: Palossand|71/296|[from] Stealth Rock\n|turn|15\n|\n|t:|1718717077\n|switch|p1a: Lilligant|Lilligant-Hisui, L80, F|243/243\n|-status|p1a: Lilligant|psn\n|-activate|p1a: Lilligant|move: Sticky Web\n|-unboost|p1a: Lilligant|spe|1\n|move|p2a: Palossand|Shore Up|p2a: Palossand\n|-heal|p2a: Palossand|219/296\n|\n|-heal|p2a: Palossand|237/296|[from] item: Leftovers\n|-damage|p1a: Lilligant|213/243 psn|[from] psn\n|upkeep\n|turn|16\n|\n|t:|1718717088\n|switch|p2a: Entei|Entei, L78|307/307\n|-damage|p2a: Entei|231/307|[from] Stealth Rock\n|move|p1a: Lilligant|Sleep Powder|p2a: Entei\n|-status|p2a: Entei|slp|[from] move: Sleep Powder\n|\n|-damage|p1a: Lilligant|183/243 psn|[from] psn\n|upkeep\n|turn|17\n|\n|t:|1718717098\n|cant|p2a: Entei|slp\n|move|p1a: Lilligant|Close Combat|p2a: Entei\n|-damage|p2a: Entei|0 fnt\n|-unboost|p1a: Lilligant|def|1\n|-unboost|p1a: Lilligant|spd|1\n|faint|p2a: Entei\n|-damage|p1a: Lilligant|159/243 psn|[from] item: Life Orb\n|\n|-damage|p1a: Lilligant|129/243 psn|[from] psn\n|upkeep\n|\n|t:|1718717104\n|switch|p2a: Terapagos|Terapagos, L76, F|262/262\n|-activate|p2a: Terapagos|ability: Tera Shift\n|detailschange|p2a: Terapagos|Terapagos-Terastal, L76, F\n|-heal|p2a: Terapagos|269/269|[silent]\n|-damage|p2a: Terapagos|236/269|[from] Stealth Rock\n|turn|18\n|\n|t:|1718717112\n|switch|p1a: Banette|Banette, L93, M|270/270\n|-status|p1a: Banette|psn\n|-activate|p1a: Banette|move: Sticky Web\n|-unboost|p1a: Banette|spe|1\n|-item|p2a: Terapagos|Chesto Berry|[from] ability: Frisk|[of] p1a: Banette|[identify]\n|move|p2a: Terapagos|Tera Starstorm|p1a: Banette\n|-immune|p1a: Banette\n|\n|-damage|p1a: Banette|237/270 psn|[from] psn\n|upkeep\n|turn|19\n|\n|t:|1718717118\n|move|p2a: Terapagos|Calm Mind|p2a: Terapagos\n|-boost|p2a: Terapagos|spa|1\n|-boost|p2a: Terapagos|spd|1\n|move|p1a: Banette|Thunder Wave|p2a: Terapagos\n|-status|p2a: Terapagos|par\n|\n|-damage|p1a: Banette|204/270 psn|[from] psn\n|upkeep\n|turn|20\n|\n|t:|1718717127\n|switch|p1a: Oranguru|Oranguru, L92, M|18/315 psn\n|-activate|p1a: Oranguru|move: Sticky Web\n|-unboost|p1a: Oranguru|spe|1\n|move|p2a: Terapagos|Rest|p2a: Terapagos\n|-status|p2a: Terapagos|slp|[from] move: Rest\n|-heal|p2a: Terapagos|269/269 slp|[silent]\n|-enditem|p2a: Terapagos|Chesto Berry|[eat]\n|-curestatus|p2a: Terapagos|slp|[msg]\n|\n|-damage|p1a: Oranguru|0 fnt|[from] psn\n|faint|p1a: Oranguru\n|upkeep\n|\n|t:|1718717144\n|switch|p1a: Banette|Banette, L93, M|204/270 psn\n|-activate|p1a: Banette|move: Sticky Web\n|-unboost|p1a: Banette|spe|1\n|turn|21\n|\n|t:|1718717153\n|-terastallize|p2a: Terapagos|Stellar\n|detailschange|p2a: Terapagos|Terapagos-Stellar, L76, F, tera:Stellar\n|-heal|p2a: Terapagos|368/368|[silent]\n|move|p2a: Terapagos|Tera Starstorm|p1a: Banette\n|-damage|p1a: Banette|23/270 psn\n|move|p1a: Banette|Thunder Wave|p2a: Terapagos\n|-status|p2a: Terapagos|par\n|\n|-damage|p1a: Banette|0 fnt|[from] psn\n|faint|p1a: Banette\n|upkeep\n|\n|t:|1718717167\n|switch|p1a: Heatran|Heatran, L79, M|158/273\n|-activate|p1a: Heatran|move: Sticky Web\n|-unboost|p1a: Heatran|spe|1\n|turn|22\n|\n|t:|1718717188\n|move|p1a: Heatran|Heavy Slam|p2a: Terapagos\n|-damage|p2a: Terapagos|274/368 par\n|move|p2a: Terapagos|Earth Power|p1a: Heatran\n|-supereffective|p1a: Heatran\n|-damage|p1a: Heatran|0 fnt\n|faint|p1a: Heatran\n|\n|upkeep\n|\n|t:|1718717197\n|switch|p1a: Lilligant|Lilligant-Hisui, L80, F|129/243 psn\n|-activate|p1a: Lilligant|move: Sticky Web\n|-unboost|p1a: Lilligant|spe|1\n|turn|23\n|\n|t:|1718717210\n|move|p1a: Lilligant|Close Combat|p2a: Terapagos|[miss]\n|-miss|p1a: Lilligant|p2a: Terapagos\n|cant|p2a: Terapagos|par\n|\n|-damage|p1a: Lilligant|99/243 psn|[from] psn\n|upkeep\n|turn|24\n|\n|t:|1718717218\n|switch|p2a: Palossand|Palossand, L89, M|237/296\n|-damage|p2a: Palossand|219/296|[from] Stealth Rock\n|move|p1a: Lilligant|Close Combat|p2a: Palossand\n|-immune|p2a: Palossand\n|\n|-heal|p2a: Palossand|237/296|[from] item: Leftovers\n|-damage|p1a: Lilligant|69/243 psn|[from] psn\n|upkeep\n|turn|25\n|\n|t:|1718717227\n|switch|p2a: Terapagos|Terapagos-Stellar, L76, F, tera:Stellar|274/368 par\n|-damage|p2a: Terapagos|228/368 par|[from] Stealth Rock\n|move|p1a: Lilligant|Leaf Blade|p2a: Terapagos|[miss]\n|-miss|p1a: Lilligant|p2a: Terapagos\n|\n|-damage|p1a: Lilligant|39/243 psn|[from] psn\n|upkeep\n|turn|26\n|\n|t:|1718717242\n|move|p1a: Lilligant|Leaf Blade|p2a: Terapagos\n|-damage|p2a: Terapagos|55/368 par\n|-damage|p1a: Lilligant|15/243 psn|[from] item: Life Orb\n|move|p2a: Terapagos|Rest|p2a: Terapagos\n|-status|p2a: Terapagos|slp|[from] move: Rest\n|-heal|p2a: Terapagos|368/368 slp|[silent]\n|\n|-damage|p1a: Lilligant|0 fnt|[from] psn\n|faint|p1a: Lilligant\n|upkeep\n|\n|t:|1718717246\n|switch|p1a: Vivillon|Vivillon-River, L85, F|275/275\n|turn|27\n|\n|t:|1718717257\n|switch|p2a: Palossand|Palossand, L89, M|237/296\n|-damage|p2a: Palossand|219/296|[from] Stealth Rock\n|move|p1a: Vivillon|Quiver Dance|p1a: Vivillon\n|-boost|p1a: Vivillon|spa|1\n|-boost|p1a: Vivillon|spd|1\n|-boost|p1a: Vivillon|spe|1\n|\n|-heal|p2a: Palossand|237/296|[from] item: Leftovers\n|upkeep\n|turn|28\n|\n|t:|1718717264\n|move|p1a: Vivillon|Energy Ball|p2a: Palossand\n|-supereffective|p2a: Palossand\n|-damage|p2a: Palossand|41/296\n|move|p2a: Palossand|Sludge Bomb|p1a: Vivillon\n|-damage|p1a: Vivillon|207/275\n|\n|-heal|p2a: Palossand|59/296|[from] item: Leftovers\n|upkeep\n|turn|29\n|\n|t:|1718717271\n|move|p1a: Vivillon|Energy Ball|p2a: Palossand\n|-supereffective|p2a: Palossand\n|-damage|p2a: Palossand|0 fnt\n|faint|p2a: Palossand\n|\n|upkeep\n|\n|t:|1718717273\n|switch|p2a: Terapagos|Terapagos-Stellar, L76, F, tera:Stellar|368/368 slp\n|-damage|p2a: Terapagos|322/368 slp|[from] Stealth Rock\n|turn|30\n|\n|t:|1718717275\n|move|p1a: Vivillon|Bug Buzz|p2a: Terapagos\n|-damage|p2a: Terapagos|199/368 slp\n|cant|p2a: Terapagos|slp\n|\n|upkeep\n|turn|31\n|\n|t:|1718717281\n|move|p1a: Vivillon|Bug Buzz|p2a: Terapagos\n|-crit|p2a: Terapagos\n|-damage|p2a: Terapagos|9/368 slp\n|cant|p2a: Terapagos|slp\n|\n|upkeep\n|turn|32\n|\n|t:|1718717284\n|move|p1a: Vivillon|Bug Buzz|p2a: Terapagos\n|-damage|p2a: Terapagos|0 fnt\n|faint|p2a: Terapagos\n|\n|win|Norman2!\n|raw|Norman2!'s rating: 2420 &rarr; <strong>2442</strong><br />(+22 for winning)\n|raw|MasterJ007's rating: 2462 &rarr; <strong>2440</strong><br />(-22 for losing)\n|l|\u2606MasterJ007\n|player|p2|\n", "inputlog": ">version 8819e60f9a01cede7471b534a2fb53a3a85674fc\n>start {\"formatid\":\"gen9randombattle\",\"seed\":[47478,38188,30116,52642],\"rated\":\"Rated battle\"}\n>player p1 {\"name\":\"Norman2!\",\"avatar\":\"102\",\"rating\":2420,\"seed\":[65041,30208,30060,18335]}\n>player p2 {\"name\":\"MasterJ007\",\"avatar\":\"#rbtt7teamsuicune\",\"rating\":2462,\"seed\":[44676,51700,26428,38551]}\n>p1 move substitute\n>p2 switch 4\n>p1 move calmmind\n>p2 move earthpower\n>p1 move dracometeor\n>p2 move earthpower\n>p1 move dracometeor\n>p2 switch 4\n>p1 switch 6\n>p2 move toxicspikes\n>p1 move lavaplume\n>p2 move voltswitch\n>p2 switch 3\n>p1 switch 4\n>p2 move swordsdance\n>p1 move psyshock\n>p2 move gunkshot\n>p1 move psyshock\n>p2 move gunkshot\n>p2 switch 6\n>p1 move psyshock\n>p2 move stickyweb\n>p1 move psyshock\n>p2 move uturn\n>p2 switch 3\n>p2 switch 3\n>p1 switch 4\n>p2 move bugbuzz\n>p1 move stealthrock\n>p2 move moonblast\n>p1 move lavaplume\n>p2 move moonblast\n>p2 switch 4\n>p1 switch 2\n>p2 move shoreup\n>p1 move sleeppowder\n>p2 switch 2\n>p1 move closecombat\n>p2 move flareblitz\n>p2 switch 5\n>p1 switch 5\n>p2 move terastarstorm\n>p1 move thunderwave\n>p2 move calmmind\n>p1 switch 4\n>p2 move rest\n>p1 switch 4\n>p1 move thunderwave\n>p2 move terastarstorm terastallize\n>p1 switch 2\n>p1 move heavyslam\n>p2 move earthpower\n>p1 switch 5\n>p1 move closecombat\n>p2 move terastarstorm\n>p1 move closecombat\n>p2 switch 2\n>p1 move leafblade\n>p2 switch 2\n>p1 move leafblade\n>p2 move rest\n>p1 switch 3\n>p1 move quiverdance\n>p2 switch 2\n>p1 move energyball\n>p2 move sludgebomb\n>p1 move energyball\n>p2 move sludgebomb\n>p2 switch 2\n>p1 move bugbuzz\n>p2 move calmmind\n>p1 move bugbuzz\n>p2 move terastarstorm\n>p1 move bugbuzz\n>p2 move terastarstorm", "uploadtime": 1718717286, "views": 190, "formatid": "gen9randombattle", "rating": 2440, "private": 0, "password": null}