{"id": "gen9randombattle-2242847762", "format": "[Gen 9] Random Battle", "players": ["ananananji", "Gleepage"], "log": "|j|\u2606ananananji\n|j|\u2606Gleepage\n|t:|1731472534\n|gametype|singles\n|player|p1|ananananji|170|2163\n|player|p2|Gleepage|266|2232\n|teamsize|p1|6\n|teamsize|p2|6\n|gen|9\n|tier|[Gen 9] Random Battle\n|rated|\n|rule|Species Clause: Limit one of each Pok\u00e9mon\n|rule|HP Percentage Mod: HP is shown in percentages\n|rule|Sleep Clause Mod: Limit one foe put to sleep\n|rule|Illusion Level Mod: Illusion disguises the Pok\u00e9mon's true level\n|\n|t:|1731472534\n|start\n|switch|p1a: Hypno|Hypno, L95, F|315/315\n|switch|p2a: Kingdra|Kingdra, L84, M|263/263\n|turn|1\n|inactive|Battle timer is ON: inactive players will automatically lose when time's up. (requested by ananananji)\n|\n|t:|1731472548\n|switch|p2a: Porygon-Z|Porygon-Z, L83|277/277\n|move|p1a: Hypno|Encore||[still]\n|-fail|p1a: Hypno\n|\n|upkeep\n|turn|2\n|\n|t:|1731472556\n|move|p2a: Porygon-Z|Tri Attack|p1a: Hypno\n|-damage|p1a: Hypno|209/315\n|move|p1a: Hypno|Knock Off|p2a: Porygon-Z\n|-damage|p2a: Porygon-Z|188/277\n|-enditem|p2a: Porygon-Z|Choice Scarf|[from] move: Knock Off|[of] p1a: Hypno\n|\n|-heal|p1a: Hypno|228/315|[from] item: Leftovers\n|upkeep\n|turn|3\n|\n|t:|1731472566\n|switch|p1a: Iron Thorns|Iron Thorns, L83|302/302\n|-enditem|p1a: Iron Thorns|Booster Energy\n|-activate|p1a: Iron Thorns|ability: Quark Drive|[fromitem]\n|-start|p1a: Iron Thorns|quarkdriveatk\n|move|p2a: Porygon-Z|Trick||[still]\n|-fail|p2a: Porygon-Z\n|\n|upkeep\n|turn|4\n|\n|t:|1731472572\n|switch|p2a: Great Tusk|Great Tusk, L77|304/304\n|move|p1a: Iron Thorns|Dragon Dance|p1a: Iron Thorns\n|-boost|p1a: Iron Thorns|atk|1\n|-boost|p1a: Iron Thorns|spe|1\n|\n|upkeep\n|turn|5\n|\n|t:|1731472579\n|-end|p1a: Iron Thorns|Quark Drive|[silent]\n|switch|p1a: Hypno|Hypno, L95, F|228/315\n|move|p2a: Great Tusk|Headlong Rush|p1a: Hypno\n|-damage|p1a: Hypno|98/315\n|-unboost|p2a: Great Tusk|def|1\n|-unboost|p2a: Great Tusk|spd|1\n|\n|-heal|p1a: Hypno|117/315|[from] item: Leftovers\n|upkeep\n|turn|6\n|\n|t:|1731472583\n|-end|p2a: Great Tusk|Protosynthesis|[silent]\n|switch|p2a: Porygon-Z|Porygon-Z, L83|188/277\n|move|p1a: Hypno|Psychic Noise|p2a: Porygon-Z\n|-damage|p2a: Porygon-Z|91/277\n|-start|p2a: Porygon-Z|move: Heal Block\n|\n|-heal|p1a: Hypno|136/315|[from] item: Leftovers\n|upkeep\n|turn|7\n|\n|t:|1731472589\n|move|p2a: Porygon-Z|Tri Attack|p1a: Hypno\n|-damage|p1a: Hypno|24/315\n|move|p1a: Hypno|Psychic Noise|p2a: Porygon-Z\n|-damage|p2a: Porygon-Z|0 fnt\n|faint|p2a: Porygon-Z\n|\n|-heal|p1a: Hypno|43/315|[from] item: Leftovers\n|upkeep\n|\n|t:|1731472597\n|switch|p2a: Kingdra|Kingdra, L84, M|263/263\n|turn|8\n|\n|t:|1731472608\n|move|p2a: Kingdra|Iron Head|p1a: Hypno\n|-damage|p1a: Hypno|0 fnt\n|faint|p1a: Hypno\n|\n|upkeep\n|\n|t:|1731472614\n|switch|p1a: Tatsugiri|Tatsugiri-Droopy, L87, M|260/260\n|turn|9\n|\n|t:|1731472618\n|switch|p2a: Beartic|Beartic, L91, M|321/321\n|move|p1a: Tatsugiri|Draco Meteor|p2a: Beartic\n|-damage|p2a: Beartic|147/321\n|-unboost|p1a: Tatsugiri|spa|2\n|\n|upkeep\n|turn|10\n|\n|t:|1731472624\n|switch|p1a: Iron Thorns|Iron Thorns, L83|302/302\n|move|p2a: Beartic|Snowscape|p2a: Beartic\n|-weather|Snow\n|\n|-weather|Snow|[upkeep]\n|upkeep\n|turn|11\n|\n|t:|1731472640\n|-terastallize|p1a: Iron Thorns|Flying\n|move|p2a: Beartic|Earthquake|p1a: Iron Thorns\n|-immune|p1a: Iron Thorns\n|move|p1a: Iron Thorns|Stone Edge|p2a: Beartic|[miss]\n|-miss|p1a: Iron Thorns|p2a: Beartic\n|\n|-weather|Snow|[upkeep]\n|upkeep\n|turn|12\n|\n|t:|1731472647\n|move|p2a: Beartic|Icicle Crash|p1a: Iron Thorns\n|-supereffective|p1a: Iron Thorns\n|-damage|p1a: Iron Thorns|84/302\n|move|p1a: Iron Thorns|Dragon Dance|p1a: Iron Thorns\n|-boost|p1a: Iron Thorns|atk|1\n|-boost|p1a: Iron Thorns|spe|1\n|\n|-weather|Snow|[upkeep]\n|upkeep\n|turn|13\n|\n|t:|1731472651\n|move|p2a: Beartic|Icicle Crash|p1a: Iron Thorns\n|-supereffective|p1a: Iron Thorns\n|-damage|p1a: Iron Thorns|0 fnt\n|faint|p1a: Iron Thorns\n|-end|p1a: Iron Thorns|Quark Drive|[silent]\n|\n|-weather|Snow|[upkeep]\n|upkeep\n|\n|t:|1731472657\n|switch|p1a: Tatsugiri|Tatsugiri-Droopy, L87, M|260/260\n|turn|14\n|\n|t:|1731472665\n|move|p2a: Beartic|Icicle Crash|p1a: Tatsugiri|[miss]\n|-miss|p2a: Beartic|p1a: Tatsugiri\n|move|p1a: Tatsugiri|Rapid Spin|p2a: Beartic\n|-damage|p2a: Beartic|131/321\n|-boost|p1a: Tatsugiri|spe|1\n|\n|-weather|none\n|upkeep\n|turn|15\n|\n|t:|1731472673\n|move|p1a: Tatsugiri|Nasty Plot|p1a: Tatsugiri\n|-boost|p1a: Tatsugiri|spa|2\n|move|p2a: Beartic|Icicle Crash|p1a: Tatsugiri\n|-damage|p1a: Tatsugiri|91/260\n|\n|upkeep\n|turn|16\n|\n|t:|1731472676\n|move|p1a: Tatsugiri|Surf|p2a: Beartic\n|-damage|p2a: Beartic|0 fnt\n|faint|p2a: Beartic\n|\n|upkeep\n|\n|t:|1731472682\n|switch|p2a: Dodrio|Dodrio, L86, F|243/243\n|turn|17\n|\n|t:|1731472686\n|move|p1a: Tatsugiri|Surf|p2a: Dodrio\n|-damage|p2a: Dodrio|0 fnt\n|faint|p2a: Dodrio\n|\n|upkeep\n|\n|t:|1731472689\n|switch|p2a: Haxorus|Haxorus, L77, M|244/244\n|-ability|p2a: Haxorus|Mold Breaker\n|turn|18\n|\n|t:|1731472691\n|-terastallize|p2a: Haxorus|Steel\n|move|p1a: Tatsugiri|Draco Meteor|p2a: Haxorus\n|-resisted|p2a: Haxorus\n|-damage|p2a: Haxorus|10/244\n|-unboost|p1a: Tatsugiri|spa|2\n|move|p2a: Haxorus|Scale Shot|p1a: Tatsugiri\n|-supereffective|p1a: Tatsugiri\n|-damage|p1a: Tatsugiri|11/260\n|-supereffective|p1a: Tatsugiri\n|-damage|p1a: Tatsugiri|0 fnt\n|faint|p1a: Tatsugiri\n|-hitcount|p1: Tatsugiri|2\n|-unboost|p2a: Haxorus|def|1\n|-boost|p2a: Haxorus|spe|1\n|\n|upkeep\n|\n|t:|1731472699\n|switch|p1a: Zarude|Zarude, L78|292/292\n|turn|19\n|\n|t:|1731472706\n|move|p2a: Haxorus|Close Combat|p1a: Zarude\n|-supereffective|p1a: Zarude\n|-damage|p1a: Zarude|114/292\n|-unboost|p2a: Haxorus|def|1\n|-unboost|p2a: Haxorus|spd|1\n|move|p1a: Zarude|U-turn|p2a: Haxorus\n|-resisted|p2a: Haxorus\n|-damage|p2a: Haxorus|0 fnt\n|faint|p2a: Haxorus\n|\n|t:|1731472712\n|switch|p1a: Kingdra|Kingdra, L84, F|263/263|[from] U-turn\n|\n|upkeep\n|\n|t:|1731472716\n|switch|p2a: Kingdra|Kingdra, L84, M|263/263\n|turn|20\n|\n|t:|1731472719\n|move|p2a: Kingdra|Dragon Dance|p2a: Kingdra\n|-boost|p2a: Kingdra|atk|1\n|-boost|p2a: Kingdra|spe|1\n|move|p1a: Kingdra|Draco Meteor|p2a: Kingdra\n|-supereffective|p2a: Kingdra\n|-damage|p2a: Kingdra|0 fnt\n|-unboost|p1a: Kingdra|spa|2\n|faint|p2a: Kingdra\n|-damage|p1a: Kingdra|237/263|[from] item: Life Orb\n|\n|upkeep\n|\n|t:|1731472722\n|switch|p2a: Great Tusk|Great Tusk, L77|304/304\n|turn|21\n|\n|t:|1731472729\n|switch|p1a: Zarude|Zarude, L78|114/292\n|move|p2a: Great Tusk|Rapid Spin|p1a: Zarude\n|-damage|p1a: Zarude|77/292\n|-boost|p2a: Great Tusk|spe|1\n|\n|upkeep\n|turn|22\n|\n|t:|1731472733\n|move|p2a: Great Tusk|Close Combat|p1a: Zarude\n|-supereffective|p1a: Zarude\n|-damage|p1a: Zarude|0 fnt\n|-unboost|p2a: Great Tusk|def|1\n|-unboost|p2a: Great Tusk|spd|1\n|faint|p1a: Zarude\n|\n|upkeep\n|\n|t:|1731472741\n|switch|p1a: Maushold|Maushold, L76|238/238\n|turn|23\n|\n|t:|1731472744\n|move|p2a: Great Tusk|Close Combat|p1a: Maushold\n|-supereffective|p1a: Maushold\n|-damage|p1a: Maushold|0 fnt\n|-unboost|p2a: Great Tusk|def|1\n|-unboost|p2a: Great Tusk|spd|1\n|faint|p1a: Maushold\n|\n|upkeep\n|\n|t:|1731472746\n|switch|p1a: Kingdra|Kingdra, L84, F|237/263\n|turn|24\n|\n|t:|1731472751\n|move|p2a: Great Tusk|Close Combat|p1a: Kingdra\n|-crit|p1a: Kingdra\n|-damage|p1a: Kingdra|48/263\n|-unboost|p2a: Great Tusk|def|1\n|-unboost|p2a: Great Tusk|spd|1\n|move|p1a: Kingdra|Rain Dance|p1a: Kingdra\n|-weather|RainDance\n|\n|-weather|RainDance|[upkeep]\n|upkeep\n|turn|25\n|\n|t:|1731472757\n|move|p1a: Kingdra|Hurricane|p2a: Great Tusk\n|-supereffective|p2a: Great Tusk\n|-damage|p2a: Great Tusk|0 fnt\n|faint|p2a: Great Tusk\n|-end|p2a: Great Tusk|Protosynthesis|[silent]\n|-damage|p1a: Kingdra|22/263|[from] item: Life Orb\n|\n|win|ananananji\n|raw|ananananji's rating: 2178 &rarr; <strong>2201</strong><br />(+23 for winning)\n|raw|Gleepage's rating: 2232 &rarr; <strong>2209</strong><br />(-23 for losing)\n|l|\u2606Gleepage\n|player|p2|\n", "inputlog": ">version 6cf2ed9506aaf20327444a00a9388215acbf9fb2\n>start {\"formatid\":\"gen9randombattle\",\"seed\":[35614,53483,12966,64949],\"rated\":\"Rated battle\"}\n>player p1 {\"name\":\"ananananji\",\"avatar\":\"170\",\"rating\":2163,\"seed\":[36652,21654,5423,53066]}\n>player p2 {\"name\":\"Gleepage\",\"avatar\":\"266\",\"rating\":2232,\"seed\":[2788,43979,6657,52831]}\n>p1 move encore\n>p2 switch 5\n>p1 move knockoff\n>p2 move triattack\n>p1 switch 4\n>p2 move trick\n>p1 move dragondance\n>p2 switch 2\n>p1 switch 4\n>p2 move headlongrush\n>p1 move psychicnoise\n>p2 switch 2\n>p1 move psychicnoise\n>p2 move triattack\n>p2 switch 5\n>p1 move encore\n>p2 move ironhead\n>p1 switch 2\n>p1 move dracometeor\n>p2 switch 6\n>p1 switch 4\n>p2 move snowscape\n>p1 move stoneedge terastallize\n>p2 move earthquake\n>p1 move dragondance\n>p2 move iciclecrash\n>p1 move stoneedge\n>p2 move iciclecrash\n>p1 switch 4\n>p1 move rapidspin\n>p2 move iciclecrash\n>p1 move nastyplot\n>p2 move iciclecrash\n>p1 move surf\n>p2 move iciclecrash\n>p2 switch 3\n>p1 move surf\n>p2 move bravebird\n>p2 switch 4\n>p1 move dracometeor\n>p2 move scaleshot terastallize\n>p1 switch 6\n>p1 move uturn\n>p2 move closecombat\n>p1 switch 3\n>p2 switch 6\n>p1 move dracometeor\n>p2 move dragondance\n>p2 switch 2\n>p1 switch 3\n>p2 move rapidspin\n>p1 move powerwhip\n>p2 move closecombat\n>p1 switch 5\n>p1 move populationbomb\n>p2 move closecombat\n>p1 switch 3\n>p1 move raindance\n>p2 move closecombat\n>p1 move hurricane\n>p2 move closecombat", "uploadtime": 1731472761, "views": 51, "formatid": "gen9randombattle", "rating": 2201, "private": 0, "password": null}