{"id": "gen9randombattle-2260456623", "format": "[Gen 9] Random Battle", "players": ["dejdejdjede", "BugGymLeader564783"], "log": "|j|\u2606dejdejdjede\n|j|\u2606BugGymLeader564783\n|t:|1733853408\n|gametype|singles\n|player|p1|dejdejdjede|2|1000\n|player|p2|BugGymLeader564783|bugcatcher-gen4dp|1000\n|teamsize|p1|6\n|teamsize|p2|6\n|gen|9\n|tier|[Gen 9] Random Battle\n|rated|\n|rule|Species Clause: Limit one of each Pok\u00e9mon\n|rule|HP Percentage Mod: HP is shown in percentages\n|rule|Sleep Clause Mod: Limit one foe put to sleep\n|rule|Illusion Level Mod: Illusion disguises the Pok\u00e9mon's true level\n|\n|t:|1733853408\n|start\n|switch|p1a: Bronzong|Bronzong, L88|261/261\n|switch|p2a: Avalugg|Avalugg-Hisui, L90, M|317/317\n|turn|1\n|\n|t:|1733853424\n|move|p2a: Avalugg|Body Press|p1a: Bronzong\n|-damage|p1a: Bronzong|172/261\n|move|p1a: Bronzong|Iron Defense|p1a: Bronzong\n|-boost|p1a: Bronzong|def|2\n|\n|upkeep\n|turn|2\n|\n|t:|1733853432\n|move|p2a: Avalugg|Body Press|p1a: Bronzong\n|-damage|p1a: Bronzong|125/261\n|move|p1a: Bronzong|Body Press|p2a: Avalugg\n|-supereffective|p2a: Avalugg\n|-damage|p2a: Avalugg|29/317\n|\n|upkeep\n|turn|3\n|\n|t:|1733853445\n|move|p2a: Avalugg|Body Press|p1a: Bronzong\n|-damage|p1a: Bronzong|84/261\n|move|p1a: Bronzong|Iron Head|p2a: Avalugg\n|-supereffective|p2a: Avalugg\n|-damage|p2a: Avalugg|0 fnt\n|faint|p2a: Avalugg\n|\n|upkeep\n|\n|t:|1733853455\n|switch|p2a: Torkoal|Torkoal, L88, M|266/266\n|-weather|SunnyDay|[from] ability: Drought|[of] p2a: Torkoal\n|turn|4\n|\n|t:|1733853466\n|move|p1a: Bronzong|Body Press|p2a: Torkoal\n|-damage|p2a: Torkoal|170/266\n|move|p2a: Torkoal|Lava Plume|p1a: Bronzong\n|-supereffective|p1a: Bronzong\n|-damage|p1a: Bronzong|0 fnt\n|faint|p1a: Bronzong\n|\n|-weather|SunnyDay|[upkeep]\n|upkeep\n|\n|t:|1733853472\n|switch|p1a: Sandy Shocks|Sandy Shocks, L80|267/267\n|-activate|p1a: Sandy Shocks|ability: Protosynthesis\n|-start|p1a: Sandy Shocks|protosynthesisspa\n|turn|5\n|\n|t:|1733853477\n|move|p1a: Sandy Shocks|Stealth Rock|p2a: Torkoal\n|-sidestart|p2: BugGymLeader564783|move: Stealth Rock\n|move|p2a: Torkoal|Stealth Rock|p1a: Sandy Shocks\n|-sidestart|p1: dejdejdjede|move: Stealth Rock\n|\n|-weather|SunnyDay|[upkeep]\n|upkeep\n|turn|6\n|\n|t:|1733853483\n|move|p1a: Sandy Shocks|Earth Power|p2a: Torkoal\n|-supereffective|p2a: Torkoal\n|-damage|p2a: Torkoal|0 fnt\n|faint|p2a: Torkoal\n|\n|-weather|SunnyDay|[upkeep]\n|upkeep\n|\n|t:|1733853507\n|switch|p2a: Smeargle|Smeargle, L95, F|258/258\n|-damage|p2a: Smeargle|226/258|[from] Stealth Rock\n|turn|7\n|\n|t:|1733853513\n|move|p1a: Sandy Shocks|Thunderbolt|p2a: Smeargle\n|-damage|p2a: Smeargle|36/258\n|move|p2a: Smeargle|Spore|p1a: Sandy Shocks\n|-status|p1a: Sandy Shocks|slp|[from] move: Spore\n|\n|-weather|SunnyDay|[upkeep]\n|upkeep\n|turn|8\n|\n|t:|1733853522\n|-end|p1a: Sandy Shocks|Protosynthesis|[silent]\n|switch|p1a: Decidueye|Decidueye, L88, M|281/281\n|move|p2a: Smeargle|Shell Smash|p2a: Smeargle\n|-unboost|p2a: Smeargle|def|1\n|-unboost|p2a: Smeargle|spd|1\n|-boost|p2a: Smeargle|atk|2\n|-boost|p2a: Smeargle|spa|2\n|-boost|p2a: Smeargle|spe|2\n|\n|-weather|none\n|upkeep\n|turn|9\n|\n|t:|1733853533\n|move|p2a: Smeargle|Power Trip|p1a: Decidueye\n|-supereffective|p1a: Decidueye\n|-damage|p1a: Decidueye|71/281\n|move|p1a: Decidueye|Leaf Storm|p2a: Smeargle\n|-damage|p2a: Smeargle|0 fnt\n|-unboost|p1a: Decidueye|spa|2\n|faint|p2a: Smeargle\n|\n|upkeep\n|\n|t:|1733853544\n|switch|p2a: Shiftry|Shiftry, L89, F|305/305\n|-damage|p2a: Shiftry|267/305|[from] Stealth Rock\n|turn|10\n|\n|t:|1733853551\n|move|p2a: Shiftry|Knock Off|p1a: Decidueye\n|-supereffective|p1a: Decidueye\n|-damage|p1a: Decidueye|0 fnt\n|-enditem|p1a: Decidueye|Heavy-Duty Boots|[from] move: Knock Off|[of] p2a: Shiftry\n|faint|p1a: Decidueye\n|-damage|p2a: Shiftry|237/305|[from] item: Life Orb\n|\n|upkeep\n|\n|t:|1733853555\n|switch|p1a: Flamigo|Flamigo, L82, M|269/269\n|-damage|p1a: Flamigo|236/269|[from] Stealth Rock\n|turn|11\n|\n|t:|1733853565\n|move|p1a: Flamigo|Close Combat|p2a: Shiftry\n|-supereffective|p2a: Shiftry\n|-crit|p2a: Shiftry\n|-damage|p2a: Shiftry|0 fnt\n|-unboost|p1a: Flamigo|def|1\n|-unboost|p1a: Flamigo|spd|1\n|faint|p2a: Shiftry\n|-damage|p1a: Flamigo|210/269|[from] item: Life Orb\n|\n|upkeep\n|\n|t:|1733853574\n|switch|p2a: Reuniclus|Reuniclus, L88, M|337/337\n|turn|12\n|\n|t:|1733853584\n|switch|p1a: Scrafty|Scrafty, L84, M|246/246\n|-damage|p1a: Scrafty|231/246|[from] Stealth Rock\n|-ability|p1a: Scrafty|Intimidate|boost\n|-unboost|p2a: Reuniclus|atk|1\n|move|p2a: Reuniclus|Psychic|p1a: Scrafty\n|-immune|p1a: Scrafty\n|\n|upkeep\n|turn|13\n|\n|t:|1733853596\n|move|p1a: Scrafty|Knock Off|p2a: Reuniclus\n|-supereffective|p2a: Reuniclus\n|-damage|p2a: Reuniclus|61/337\n|-enditem|p2a: Reuniclus|Life Orb|[from] move: Knock Off|[of] p1a: Scrafty\n|-damage|p1a: Scrafty|207/246|[from] item: Life Orb\n|move|p2a: Reuniclus|Focus Blast|p1a: Scrafty\n|-supereffective|p1a: Scrafty\n|-damage|p1a: Scrafty|19/246\n|\n|upkeep\n|turn|14\n|\n|t:|1733853607\n|move|p1a: Scrafty|Knock Off|p2a: Reuniclus\n|-supereffective|p2a: Reuniclus\n|-damage|p2a: Reuniclus|0 fnt\n|faint|p2a: Reuniclus\n|-damage|p1a: Scrafty|0 fnt|[from] item: Life Orb\n|faint|p1a: Scrafty\n|\n|upkeep\n|inactive|Battle timer is ON: inactive players will automatically lose when time's up. (requested by BugGymLeader564783)\n|\n|t:|1733853638\n|switch|p1a: Flamigo|Flamigo, L82, M|210/269\n|switch|p2a: Pecharunt|Pecharunt, L77|262/262\n|-damage|p1a: Flamigo|177/269|[from] Stealth Rock\n|-damage|p2a: Pecharunt|230/262|[from] Stealth Rock\n|turn|15\n|\n|t:|1733853650\n|move|p1a: Flamigo|Brave Bird|p2a: Pecharunt\n|-damage|p2a: Pecharunt|97/262\n|-damage|p1a: Flamigo|133/269|[from] Recoil\n|-damage|p1a: Flamigo|107/269|[from] item: Life Orb\n|move|p2a: Pecharunt|Malignant Chain|p1a: Flamigo\n|-damage|p1a: Flamigo|8/269\n|-status|p1a: Flamigo|tox\n|-start|p1a: Flamigo|confusion|[from] ability: Poison Puppeteer|[of] p2a: Pecharunt\n|\n|-heal|p2a: Pecharunt|113/262|[from] item: Leftovers\n|-damage|p1a: Flamigo|0 fnt|[from] psn\n|faint|p1a: Flamigo\n|upkeep\n|\n|t:|1733853664\n|switch|p1a: Kingambit|Kingambit, L74, M|270/270\n|-damage|p1a: Kingambit|254/270|[from] Stealth Rock\n|-activate|p1a: Kingambit|ability: Supreme Overlord\n|-start|p1a: Kingambit|fallen4|[silent]\n|turn|16\n|\n|t:|1733853676\n|move|p2a: Pecharunt|Shadow Ball|p1a: Kingambit\n|-resisted|p1a: Kingambit\n|-damage|p1a: Kingambit|218/270\n|move|p1a: Kingambit|Swords Dance|p1a: Kingambit\n|-boost|p1a: Kingambit|atk|2\n|\n|-heal|p2a: Pecharunt|129/262|[from] item: Leftovers\n|-heal|p1a: Kingambit|234/270|[from] item: Leftovers\n|upkeep\n|turn|17\n|\n|t:|1733853686\n|move|p2a: Pecharunt|Shadow Ball|p1a: Kingambit\n|-resisted|p1a: Kingambit\n|-damage|p1a: Kingambit|197/270\n|move|p1a: Kingambit|Swords Dance|p1a: Kingambit\n|-boost|p1a: Kingambit|atk|2\n|\n|-heal|p2a: Pecharunt|145/262|[from] item: Leftovers\n|-heal|p1a: Kingambit|213/270|[from] item: Leftovers\n|upkeep\n|turn|18\n|\n|t:|1733853695\n|move|p2a: Pecharunt|Shadow Ball|p1a: Kingambit\n|-resisted|p1a: Kingambit\n|-damage|p1a: Kingambit|177/270\n|move|p1a: Kingambit|Swords Dance|p1a: Kingambit\n|-boost|p1a: Kingambit|atk|2\n|\n|-heal|p2a: Pecharunt|161/262|[from] item: Leftovers\n|-heal|p1a: Kingambit|193/270|[from] item: Leftovers\n|upkeep\n|turn|19\n|\n|t:|1733853704\n|move|p2a: Pecharunt|Recover|p2a: Pecharunt\n|-heal|p2a: Pecharunt|262/262\n|move|p1a: Kingambit|Iron Head|p2a: Pecharunt\n|-crit|p2a: Pecharunt\n|-damage|p2a: Pecharunt|0 fnt\n|faint|p2a: Pecharunt\n|\n|win|dejdejdjede\n|raw|dejdejdjede's rating: 1040 &rarr; <strong>1070</strong><br />(+30 for winning)\n|raw|BugGymLeader564783's rating: 1000 &rarr; <strong>1000</strong><br />(+0 for losing)\n", "inputlog": ">version bfd83cad13791eb5a5a409923076391caf6fb4d4\n>start {\"formatid\":\"gen9randombattle\",\"seed\":[53146,14353,40188,24740],\"rated\":\"Rated battle\"}\n>player p1 {\"name\":\"dejdejdjede\",\"avatar\":\"2\",\"rating\":1000,\"seed\":[63027,37464,8959,14691]}\n>player p2 {\"name\":\"BugGymLeader564783\",\"avatar\":\"bugcatcher-gen4dp\",\"rating\":1000,\"seed\":[30910,20890,43235,47424]}\n>p1 move irondefense\n>p2 move bodypress\n>p1 move bodypress\n>p2 move bodypress\n>p1 move ironhead\n>p2 move bodypress\n>p2 switch 2\n>p1 move bodypress\n>p2 move lavaplume\n>p1 switch 6\n>p1 move stealthrock\n>p2 move stealthrock\n>p1 move earthpower\n>p2 move solarbeam\n>p2 switch 6\n>p1 move thunderbolt\n>p2 move spore\n>p1 switch 2\n>p2 move shellsmash\n>p1 move leafstorm\n>p2 move powertrip\n>p2 switch 4\n>p1 move spiritshackle\n>p2 move knockoff\n>p1 switch 5\n>p1 move closecombat\n>p2 move swordsdance\n>p2 switch 3\n>p1 switch 3\n>p2 move psychic\n>p1 move knockoff\n>p2 move focusblast\n>p1 move knockoff\n>p2 move focusblast\n>p1 switch 3\n>p2 switch 5\n>p1 move bravebird\n>p2 move malignantchain\n>p1 switch 4\n>p1 move swordsdance\n>p2 move shadowball\n>p1 move swordsdance\n>p2 move shadowball\n>p1 move swordsdance\n>p2 move shadowball\n>p1 move ironhead\n>p2 move recover", "uploadtime": 1733853707, "views": 1, "formatid": "gen9randombattle", "rating": 1000, "private": 0, "password": null}