{"id": "gen9randombattle-2144523532", "format": "[Gen 9] Random Battle", "players": ["WiesellordUNI6", "TechBuster"], "log": "|j|\u2606WiesellordUNI6\n|j|\u2606TechBuster\n|t:|1718567075\n|gametype|singles\n|player|p1|WiesellordUNI6|101|2267\n|player|p2|TechBuster|cynthia|2287\n|teamsize|p1|6\n|teamsize|p2|6\n|gen|9\n|tier|[Gen 9] Random Battle\n|rated|\n|rule|Species Clause: Limit one of each Pok\u00e9mon\n|rule|HP Percentage Mod: HP is shown in percentages\n|rule|Sleep Clause Mod: Limit one foe put to sleep\n|rule|Illusion Level Mod: Illusion disguises the Pok\u00e9mon's true level\n|\n|t:|1718567075\n|start\n|switch|p1a: Wugtrio|Wugtrio, L91, F|212/212\n|switch|p2a: Chandelure|Chandelure, L83, F|235/235\n|turn|1\n|inactive|Battle timer is ON: inactive players will automatically lose when time's up. (requested by WiesellordUNI6)\n|\n|t:|1718567105\n|switch|p2a: Archaludon|Archaludon, L78, M|268/268\n|move|p1a: Wugtrio|Liquidation|p2a: Archaludon\n|-resisted|p2a: Archaludon\n|-damage|p2a: Archaludon|203/268\n|-unboost|p2a: Archaludon|def|1\n|-ability|p2a: Archaludon|Stamina|boost\n|-boost|p2a: Archaludon|def|1\n|\n|upkeep\n|turn|2\n|\n|t:|1718567130\n|switch|p1a: Excadrill|Excadrill, L80, M|307/307\n|-ability|p1a: Excadrill|Mold Breaker\n|move|p2a: Archaludon|Iron Head|p1a: Excadrill\n|-resisted|p1a: Excadrill\n|-damage|p1a: Excadrill|249/307\n|\n|-heal|p1a: Excadrill|268/307|[from] item: Leftovers\n|upkeep\n|turn|3\n|inactive|TechBuster has 120 seconds left.\n|inactive|TechBuster has 90 seconds left.\n|inactive|TechBuster has 60 seconds left.\n|\n|t:|1718567210\n|move|p1a: Excadrill|Earthquake|p2a: Archaludon\n|-supereffective|p2a: Archaludon\n|-damage|p2a: Archaludon|11/268\n|-ability|p2a: Archaludon|Stamina|boost\n|-boost|p2a: Archaludon|def|1\n|move|p2a: Archaludon|Earthquake|p1a: Excadrill\n|-supereffective|p1a: Excadrill\n|-damage|p1a: Excadrill|98/307\n|\n|-heal|p1a: Excadrill|117/307|[from] item: Leftovers\n|upkeep\n|turn|4\n|inactive|TechBuster has 60 seconds left.\n|\n|t:|1718567224\n|move|p1a: Excadrill|Earthquake|p2a: Archaludon\n|-supereffective|p2a: Archaludon\n|-damage|p2a: Archaludon|0 fnt\n|faint|p2a: Archaludon\n|\n|-heal|p1a: Excadrill|136/307|[from] item: Leftovers\n|upkeep\n|inactive|TechBuster has 60 seconds left.\n|\n|t:|1718567237\n|switch|p2a: Chandelure|Chandelure, L83, F|235/235\n|turn|5\n|inactive|TechBuster has 60 seconds left.\n|\n|t:|1718567248\n|move|p2a: Chandelure|Shadow Ball|p1a: Excadrill\n|-damage|p1a: Excadrill|0 fnt\n|faint|p1a: Excadrill\n|\n|upkeep\n|\n|t:|1718567251\n|switch|p1a: Wugtrio|Wugtrio, L91, F|212/212\n|turn|6\n|inactive|TechBuster has 60 seconds left.\n|\n|t:|1718567273\n|switch|p2a: Cyclizar|Cyclizar, L83, F|252/252\n|move|p1a: Wugtrio|Liquidation|p2a: Cyclizar\n|-resisted|p2a: Cyclizar\n|-damage|p2a: Cyclizar|144/252\n|\n|upkeep\n|turn|7\n|\n|t:|1718567300\n|move|p1a: Wugtrio|Liquidation|p2a: Cyclizar\n|-resisted|p2a: Cyclizar\n|-damage|p2a: Cyclizar|43/252\n|move|p2a: Cyclizar|Shed Tail|p2a: Cyclizar\n|-fail|p2a: Cyclizar|move: Shed Tail|[weak]\n|\n|upkeep\n|turn|8\n|\n|t:|1718567310\n|switch|p2a: Primarina|Primarina, L83, M|268/268\n|move|p1a: Wugtrio|Liquidation|p2a: Primarina\n|-resisted|p2a: Primarina\n|-damage|p2a: Primarina|181/268\n|-unboost|p2a: Primarina|def|1\n|\n|upkeep\n|turn|9\n|\n|t:|1718567328\n|switch|p1a: Electrode|Electrode-Hisui, L87|246/246\n|move|p2a: Primarina|Moonblast|p1a: Electrode\n|-damage|p1a: Electrode|65/246\n|\n|-heal|p1a: Electrode|80/246|[from] item: Leftovers\n|upkeep\n|turn|10\n|\n|t:|1718567344\n|move|p1a: Electrode|Thunderbolt|p2a: Primarina\n|-supereffective|p2a: Primarina\n|-damage|p2a: Primarina|41/268\n|move|p2a: Primarina|Moonblast|p1a: Electrode\n|-damage|p1a: Electrode|0 fnt\n|faint|p1a: Electrode\n|\n|upkeep\n|\n|t:|1718567349\n|switch|p1a: Wugtrio|Wugtrio, L91, F|212/212\n|turn|11\n|\n|t:|1718567351\n|move|p1a: Wugtrio|Liquidation|p2a: Primarina\n|-resisted|p2a: Primarina\n|-damage|p2a: Primarina|0 fnt\n|faint|p2a: Primarina\n|\n|upkeep\n|inactive|TechBuster has 60 seconds left.\n|\n|t:|1718567362\n|switch|p2a: Grimmsnarl|Grimmsnarl, L83, M|293/293\n|turn|12\n|\n|t:|1718567370\n|move|p2a: Grimmsnarl|Reflect|p2a: Grimmsnarl\n|-sidestart|p2: TechBuster|Reflect\n|move|p1a: Wugtrio|Liquidation|p2a: Grimmsnarl\n|-crit|p2a: Grimmsnarl\n|-damage|p2a: Grimmsnarl|0 fnt\n|faint|p2a: Grimmsnarl\n|\n|upkeep\n|\n|t:|1718567379\n|switch|p2a: Chandelure|Chandelure, L83, F|235/235\n|turn|13\n|\n|t:|1718567388\n|-terastallize|p2a: Chandelure|Grass\n|move|p2a: Chandelure|Energy Ball|p1a: Wugtrio\n|-supereffective|p1a: Wugtrio\n|-damage|p1a: Wugtrio|0 fnt\n|faint|p1a: Wugtrio\n|\n|upkeep\n|\n|t:|1718567393\n|switch|p1a: Eternatus|Eternatus, L69|308/308\n|-ability|p1a: Eternatus|Pressure\n|turn|14\n|\n|t:|1718567402\n|switch|p2a: Cyclizar|Cyclizar, L83, F|127/252\n|move|p1a: Eternatus|Sludge Bomb|p2a: Cyclizar\n|-damage|p2a: Cyclizar|16/252\n|\n|upkeep\n|turn|15\n|inactive|TechBuster has 90 seconds left.\n|\n|t:|1718567416\n|switch|p1a: Oricorio|Oricorio, L84, M|263/263\n|move|p2a: Cyclizar|Draco Meteor|p1a: Oricorio\n|-damage|p1a: Oricorio|127/263\n|-unboost|p2a: Cyclizar|spa|2\n|\n|upkeep\n|turn|16\n|inactive|TechBuster has 90 seconds left.\n|inactive|TechBuster has 60 seconds left.\n|\n|t:|1718567470\n|move|p2a: Cyclizar|Rapid Spin|p1a: Oricorio\n|-damage|p1a: Oricorio|60/263\n|-boost|p2a: Cyclizar|spe|1\n|move|p1a: Oricorio|Quiver Dance|p1a: Oricorio\n|-boost|p1a: Oricorio|spa|1\n|-boost|p1a: Oricorio|spd|1\n|-boost|p1a: Oricorio|spe|1\n|\n|upkeep\n|turn|17\n|\n|t:|1718567484\n|move|p2a: Cyclizar|Rapid Spin|p1a: Oricorio\n|-damage|p1a: Oricorio|0 fnt\n|-boost|p2a: Cyclizar|spe|1\n|faint|p1a: Oricorio\n|\n|upkeep\n|\n|t:|1718567498\n|switch|p1a: Eternatus|Eternatus, L69|308/308\n|-ability|p1a: Eternatus|Pressure\n|turn|18\n|j| Danuczc\n|\n|t:|1718567522\n|switch|p2a: Rampardos|Rampardos, L90, M|321/321\n|move|p1a: Eternatus|Sludge Bomb|p2a: Rampardos\n|-resisted|p2a: Rampardos\n|-damage|p2a: Rampardos|257/321\n|-status|p2a: Rampardos|psn\n|\n|-damage|p2a: Rampardos|217/321 psn|[from] psn\n|upkeep\n|turn|19\n|l| Danuczc\n|inactive|TechBuster has 30 seconds left.\n|\n|t:|1718567548\n|move|p1a: Eternatus|Dynamax Cannon|p2a: Rampardos\n|-damage|p2a: Rampardos|88/321 psn\n|move|p2a: Rampardos|Earthquake|p1a: Eternatus\n|-supereffective|p1a: Eternatus\n|-damage|p1a: Eternatus|0 fnt\n|faint|p1a: Eternatus\n|-damage|p2a: Rampardos|56/321 psn|[from] item: Life Orb\n|\n|-damage|p2a: Rampardos|16/321 psn|[from] psn\n|-sideend|p2: TechBuster|Reflect\n|upkeep\n|inactive|TechBuster has 30 seconds left this turn.\n|\n|t:|1718567551\n|switch|p1a: Clawitzer|Clawitzer, L86, F|262/262\n|turn|20\n|\n|t:|1718567556\n|move|p2a: Rampardos|Rock Slide|p1a: Clawitzer\n|-damage|p1a: Clawitzer|9/262\n|move|p1a: Clawitzer|Water Pulse|p2a: Rampardos\n|-supereffective|p2a: Rampardos\n|-damage|p2a: Rampardos|0 fnt\n|faint|p2a: Rampardos\n|\n|upkeep\n|\n|t:|1718567559\n|switch|p2a: Chandelure|Chandelure, L83, F, tera:Grass|235/235\n|turn|21\n|-message|WiesellordUNI6 forfeited.\n|\n|win|TechBuster\n|raw|WiesellordUNI6's rating: 2267 &rarr; <strong>2248</strong><br />(-19 for losing)\n|raw|TechBuster's rating: 2287 &rarr; <strong>2306</strong><br />(+19 for winning)\n|l|\u2606WiesellordUNI6\n|player|p1|\n|c|\u2606TechBuster|gg\n", "inputlog": ">version f332f6e66c888c6399c77e4ee9d4d682fcd18d40\n>start {\"formatid\":\"gen9randombattle\",\"seed\":[58962,17752,58791,2403],\"rated\":\"Rated battle\"}\n>player p1 {\"name\":\"WiesellordUNI6\",\"avatar\":\"101\",\"rating\":2267,\"seed\":[37025,22885,5123,51042]}\n>player p2 {\"name\":\"TechBuster\",\"avatar\":\"cynthia\",\"rating\":2287,\"seed\":[53754,6539,60233,27220]}\n>p1 move liquidation\n>p2 switch 3\n>p1 switch 5\n>p2 move ironhead\n>p1 move earthquake\n>p2 move earthquake\n>p1 move earthquake\n>p2 move earthquake\n>p2 switch 3\n>p1 move earthquake\n>p2 move shadowball\n>p1 switch 5\n>p1 move liquidation\n>p2 switch 4\n>p1 move liquidation\n>p2 move shedtail\n>p1 move liquidation\n>p2 switch 5\n>p1 switch 6\n>p2 move moonblast\n>p1 move thunderbolt\n>p2 move moonblast\n>p1 switch 6\n>p1 move liquidation\n>p2 move moonblast\n>p2 switch 2\n>p1 move liquidation\n>p2 move reflect\n>p2 switch 4\n>p1 move liquidation\n>p2 move energyball terastallize\n>p1 switch 3\n>p1 move sludgebomb\n>p2 switch 5\n>p1 switch 4\n>p2 move dracometeor\n>p1 move quiverdance\n>p2 move rapidspin\n>p1 move roost\n>p2 move rapidspin\n>p1 switch 4\n>p1 move sludgebomb\n>p2 switch 6\n>p1 move dynamaxcannon\n>p2 move earthquake\n>p1 switch 2\n>p1 move waterpulse\n>p2 move rockslide\n>p2 switch 5\n>forcelose p1", "uploadtime": 1718567587, "views": 187, "formatid": "gen9randombattle", "rating": 2248, "private": 0, "password": null}