{"id": "gen9randombattle-2260731508", "format": "[Gen 9] Random Battle", "players": ["AdipIkkeh", "Micael Lopes"], "log": "|j|\u2606AdipIkkeh\n|j|\u2606Micael Lopes\n|t:|1733884179\n|gametype|singles\n|player|p1|AdipIkkeh|2|1905\n|player|p2|Micael Lopes|benga|1904\n|teamsize|p1|6\n|teamsize|p2|6\n|gen|9\n|tier|[Gen 9] Random Battle\n|rated|\n|rule|Species Clause: Limit one of each Pok\u00e9mon\n|rule|HP Percentage Mod: HP is shown in percentages\n|rule|Sleep Clause Mod: Limit one foe put to sleep\n|rule|Illusion Level Mod: Illusion disguises the Pok\u00e9mon's true level\n|\n|t:|1733884179\n|start\n|switch|p1a: Overqwil|Overqwil, L82, M|274/274\n|switch|p2a: Toxicroak|Toxicroak, L84, F|277/277\n|-ability|p1a: Overqwil|Intimidate|boost\n|-unboost|p2a: Toxicroak|atk|1\n|turn|1\n|inactive|Battle timer is ON: inactive players will automatically lose when time's up. (requested by Micael Lopes)\n|\n|t:|1733884198\n|switch|p1a: Latias|Latias, L79, F|256/256\n|move|p2a: Toxicroak|Earthquake|p1a: Latias\n|-immune|p1a: Latias|[from] ability: Levitate\n|\n|upkeep\n|turn|2\n|\n|t:|1733884207\n|switch|p2a: Cyclizar|Cyclizar, L83, F|252/252\n|move|p1a: Latias|Calm Mind|p1a: Latias\n|-boost|p1a: Latias|spa|1\n|-boost|p1a: Latias|spd|1\n|\n|upkeep\n|turn|3\n|\n|t:|1733884213\n|move|p2a: Cyclizar|Shed Tail|p2a: Cyclizar\n|-start|p2a: Cyclizar|Substitute|[from] move: Shed Tail\n|-damage|p2a: Cyclizar|126/252\n|\n|t:|1733884215\n|switch|p2a: Regice|Regice, L88|284/284|[from] Shed Tail\n|move|p1a: Latias|Draco Meteor|p2a: Regice\n|-end|p2a: Regice|Substitute\n|-unboost|p1a: Latias|spa|2\n|\n|upkeep\n|turn|4\n|\n|t:|1733884227\n|switch|p1a: Palafin|Palafin, L77, F|281/281\n|move|p2a: Regice|Thunder Wave|p1a: Palafin\n|-status|p1a: Palafin|par\n|\n|upkeep\n|turn|5\n|\n|t:|1733884258\n|switch|p2a: Cyclizar|Cyclizar, L83, F|210/252\n|detailschange|p1a: Palafin|Palafin-Hero, L77, F\n|switch|p1a: Koraidon|Koraidon, L64|235/235\n|-weather|SunnyDay|[from] ability: Orichalcum Pulse|[of] p1a: Koraidon\n|-activate|p1a: Koraidon|Orichalcum Pulse|[source]\n|\n|-weather|SunnyDay|[upkeep]\n|upkeep\n|turn|6\n|\n|t:|1733884268\n|move|p2a: Cyclizar|Draco Meteor|p1a: Koraidon\n|-supereffective|p1a: Koraidon\n|-damage|p1a: Koraidon|0 fnt\n|-unboost|p2a: Cyclizar|spa|2\n|faint|p1a: Koraidon\n|\n|-weather|SunnyDay|[upkeep]\n|upkeep\n|\n|t:|1733884279\n|switch|p1a: Lokix|Lokix, L82, M|251/251\n|turn|7\n|\n|t:|1733884289\n|switch|p2a: Toxicroak|Toxicroak, L84, F|277/277\n|switch|p1a: Overqwil|Overqwil, L82, M|274/274\n|-ability|p1a: Overqwil|Intimidate|boost\n|-unboost|p2a: Toxicroak|atk|1\n|\n|-weather|SunnyDay|[upkeep]\n|-damage|p2a: Toxicroak|243/277|[from] ability: Dry Skin|[of] p2a: Toxicroak\n|upkeep\n|turn|8\n|\n|t:|1733884298\n|move|p2a: Toxicroak|Knock Off|p1a: Overqwil\n|-resisted|p1a: Overqwil\n|-damage|p1a: Overqwil|251/274\n|-enditem|p1a: Overqwil|Loaded Dice|[from] move: Knock Off|[of] p2a: Toxicroak\n|move|p1a: Overqwil|Swords Dance|p1a: Overqwil\n|-boost|p1a: Overqwil|atk|2\n|\n|-weather|SunnyDay|[upkeep]\n|-damage|p2a: Toxicroak|209/277|[from] ability: Dry Skin|[of] p2a: Toxicroak\n|upkeep\n|turn|9\n|\n|t:|1733884308\n|switch|p2a: Oinkologne|Oinkologne, L92, M|352/352\n|move|p1a: Overqwil|Scale Shot|p2a: Oinkologne\n|-damage|p2a: Oinkologne|310/352\n|-damage|p2a: Oinkologne|272/352\n|-damage|p2a: Oinkologne|232/352\n|-hitcount|p2a: Oinkologne|3\n|-unboost|p1a: Overqwil|def|1\n|-boost|p1a: Overqwil|spe|1\n|\n|-weather|none\n|-heal|p2a: Oinkologne|254/352|[from] item: Leftovers\n|upkeep\n|turn|10\n|\n|t:|1733884319\n|-terastallize|p2a: Oinkologne|Ground\n|move|p1a: Overqwil|Gunk Shot|p2a: Oinkologne\n|-resisted|p2a: Oinkologne\n|-damage|p2a: Oinkologne|113/352\n|-status|p2a: Oinkologne|psn\n|move|p2a: Oinkologne|High Horsepower|p1a: Overqwil\n|-supereffective|p1a: Overqwil\n|-damage|p1a: Overqwil|0 fnt\n|faint|p1a: Overqwil\n|\n|-heal|p2a: Oinkologne|135/352 psn|[from] item: Leftovers\n|-damage|p2a: Oinkologne|91/352 psn|[from] psn\n|upkeep\n|\n|t:|1733884329\n|switch|p1a: Ogerpon|Ogerpon, L80, F|259/259\n|turn|11\n|\n|t:|1733884332\n|move|p1a: Ogerpon|Swords Dance|p1a: Ogerpon\n|-boost|p1a: Ogerpon|atk|2\n|move|p2a: Oinkologne|Double-Edge|p1a: Ogerpon\n|-damage|p1a: Ogerpon|96/259\n|-damage|p2a: Oinkologne|37/352 psn|[from] Recoil\n|\n|-heal|p2a: Oinkologne|59/352 psn|[from] item: Leftovers\n|-damage|p2a: Oinkologne|15/352 psn|[from] psn\n|upkeep\n|turn|12\n|\n|t:|1733884340\n|switch|p2a: Toxicroak|Toxicroak, L84, F|209/277\n|move|p1a: Ogerpon|Knock Off|p2a: Toxicroak\n|-resisted|p2a: Toxicroak\n|-damage|p2a: Toxicroak|95/277\n|-enditem|p2a: Toxicroak|Choice Scarf|[from] move: Knock Off|[of] p1a: Ogerpon\n|-damage|p1a: Ogerpon|71/259|[from] item: Life Orb\n|\n|upkeep\n|turn|13\n|\n|t:|1733884351\n|move|p1a: Ogerpon|Ivy Cudgel|p2a: Toxicroak\n|-resisted|p2a: Toxicroak\n|-damage|p2a: Toxicroak|0 fnt\n|faint|p2a: Toxicroak\n|-damage|p1a: Ogerpon|46/259|[from] item: Life Orb\n|\n|upkeep\n|\n|t:|1733884360\n|switch|p2a: Cyclizar|Cyclizar, L83, F|252/252\n|turn|14\n|\n|t:|1733884366\n|move|p2a: Cyclizar|Rapid Spin|p1a: Ogerpon\n|-damage|p1a: Ogerpon|0 fnt\n|-boost|p2a: Cyclizar|spe|1\n|faint|p1a: Ogerpon\n|\n|upkeep\n|\n|t:|1733884371\n|switch|p1a: Latias|Latias, L79, F|256/256\n|turn|15\n|\n|t:|1733884379\n|-terastallize|p1a: Latias|Steel\n|move|p2a: Cyclizar|Shed Tail|p2a: Cyclizar\n|-start|p2a: Cyclizar|Substitute|[from] move: Shed Tail\n|-damage|p2a: Cyclizar|126/252\n|\n|t:|1733884386\n|switch|p2a: Regice|Regice, L88|284/284|[from] Shed Tail\n|move|p1a: Latias|Calm Mind|p1a: Latias\n|-boost|p1a: Latias|spa|1\n|-boost|p1a: Latias|spd|1\n|\n|upkeep\n|turn|16\n|\n|t:|1733884391\n|move|p1a: Latias|Calm Mind|p1a: Latias\n|-boost|p1a: Latias|spa|1\n|-boost|p1a: Latias|spd|1\n|move|p2a: Regice|Body Press|p1a: Latias\n|-supereffective|p1a: Latias\n|-damage|p1a: Latias|112/256\n|\n|upkeep\n|turn|17\n|\n|t:|1733884400\n|move|p1a: Latias|Recover|p1a: Latias\n|-heal|p1a: Latias|240/256\n|move|p2a: Regice|Body Press|p1a: Latias\n|-supereffective|p1a: Latias\n|-damage|p1a: Latias|100/256\n|\n|upkeep\n|turn|18\n|\n|t:|1733884403\n|move|p1a: Latias|Recover|p1a: Latias\n|-heal|p1a: Latias|228/256\n|move|p2a: Regice|Thunder Wave|p1a: Latias\n|-status|p1a: Latias|par\n|\n|upkeep\n|turn|19\n|-message|AdipIkkeh forfeited.\n|\n|win|Micael Lopes\n|raw|AdipIkkeh's rating: 1905 &rarr; <strong>1885</strong><br />(-20 for losing)\n|raw|Micael Lopes's rating: 1904 &rarr; <strong>1924</strong><br />(+20 for winning)\n|l|\u2606AdipIkkeh\n|player|p1|\n|c|\u2606Micael Lopes|**__Sexy game.__**\n", "inputlog": ">version bfd83cad13791eb5a5a409923076391caf6fb4d4\n>start {\"formatid\":\"gen9randombattle\",\"seed\":[20070,4173,46179,18371],\"rated\":\"Rated battle\"}\n>player p1 {\"name\":\"AdipIkkeh\",\"avatar\":\"2\",\"rating\":1905,\"seed\":[37215,43632,46950,61909]}\n>player p2 {\"name\":\"Micael Lopes\",\"avatar\":\"benga\",\"rating\":1904,\"seed\":[29529,49557,27246,34511]}\n>p1 switch 6\n>p2 move earthquake\n>p1 move calmmind\n>p2 switch 3\n>p1 move dracometeor\n>p2 move shedtail\n>p2 switch 2\n>p1 switch 3\n>p2 move thunderwave\n>p1 switch 2\n>p2 switch 2\n>p1 move closecombat\n>p2 move dracometeor\n>p1 switch 4\n>p1 switch 6\n>p2 switch 3\n>p1 move swordsdance\n>p2 move knockoff\n>p1 move scaleshot\n>p2 switch 6\n>p1 move gunkshot\n>p2 move highhorsepower terastallize\n>p1 switch 5\n>p1 move swordsdance\n>p2 move doubleedge\n>p1 move knockoff\n>p2 switch 6\n>p1 move ivycudgel\n>p2 move closecombat\n>p2 switch 3\n>p1 move superpower\n>p2 move rapidspin\n>p1 switch 3\n>p1 move calmmind terastallize\n>p2 move shedtail\n>p2 switch 2\n>p1 move calmmind\n>p2 move bodypress\n>p1 move recover\n>p2 move bodypress\n>p1 move recover\n>p2 move thunderwave\n>forcelose p1", "uploadtime": 1733884412, "views": 4, "formatid": "gen9randombattle", "rating": 1885, "private": 0, "password": null}