{"id": "gen9randombattle-2260776799", "format": "[Gen 9] Random Battle", "players": ["TimmyB1238", "mi1kweed"], "log": "|j|\u2606TimmyB1238\n|j|\u2606mi1kweed\n|t:|1733890419\n|gametype|singles\n|player|p1|TimmyB1238|infielder|1239\n|player|p2|mi1kweed|pokemonranger-gen4|1213\n|teamsize|p1|6\n|teamsize|p2|6\n|gen|9\n|tier|[Gen 9] Random Battle\n|rated|\n|rule|Species Clause: Limit one of each Pok\u00e9mon\n|rule|HP Percentage Mod: HP is shown in percentages\n|rule|Sleep Clause Mod: Limit one foe put to sleep\n|rule|Illusion Level Mod: Illusion disguises the Pok\u00e9mon's true level\n|\n|t:|1733890419\n|start\n|switch|p1a: Hypno|Hypno, L95, M|315/315\n|switch|p2a: Flutter Mane|Flutter Mane, L74|203/203\n|turn|1\n|inactive|Battle timer is ON: inactive players will automatically lose when time's up. (requested by TimmyB1238)\n|\n|t:|1733890429\n|move|p2a: Flutter Mane|Shadow Ball|p1a: Hypno\n|-supereffective|p1a: Hypno\n|-damage|p1a: Hypno|139/315\n|-unboost|p1a: Hypno|spd|1\n|move|p1a: Hypno|Toxic|p2a: Flutter Mane\n|-status|p2a: Flutter Mane|tox\n|\n|-heal|p1a: Hypno|158/315|[from] item: Leftovers\n|-damage|p2a: Flutter Mane|191/203 tox|[from] psn\n|upkeep\n|turn|2\n|\n|t:|1733890441\n|-end|p2a: Flutter Mane|Protosynthesis|[silent]\n|switch|p2a: Flareon|Flareon, L90, F|263/263\n|move|p1a: Hypno|Protect||[still]\n|-fail|p1a: Hypno\n|\n|-heal|p1a: Hypno|177/315|[from] item: Leftovers\n|-status|p2a: Flareon|tox|[from] item: Toxic Orb\n|upkeep\n|turn|3\n|\n|t:|1733890453\n|move|p1a: Hypno|Psychic Noise|p2a: Flareon\n|-damage|p2a: Flareon|202/263 tox\n|-start|p2a: Flareon|move: Heal Block\n|move|p2a: Flareon|Trailblaze|p1a: Hypno\n|-damage|p1a: Hypno|97/315\n|-boost|p2a: Flareon|spe|1\n|\n|-heal|p1a: Hypno|116/315|[from] item: Leftovers\n|-damage|p2a: Flareon|186/263 tox|[from] psn\n|upkeep\n|turn|4\n|\n|t:|1733890463\n|move|p2a: Flareon|Facade|p1a: Hypno\n|-damage|p1a: Hypno|0 fnt\n|faint|p1a: Hypno\n|\n|-damage|p2a: Flareon|154/263 tox|[from] psn\n|-end|p2a: Flareon|move: Heal Block\n|upkeep\n|\n|t:|1733890484\n|switch|p1a: Tentacruel|Tentacruel, L84, M|272/272\n|turn|5\n|\n|t:|1733890505\n|-terastallize|p2a: Flareon|Normal\n|move|p2a: Flareon|Facade|p1a: Tentacruel\n|-damage|p1a: Tentacruel|0 fnt\n|faint|p1a: Tentacruel\n|\n|-damage|p2a: Flareon|106/263 tox|[from] psn\n|upkeep\n|\n|t:|1733890518\n|switch|p1a: Lucario|Lucario, L84, M|255/255\n|turn|6\n|\n|t:|1733890524\n|move|p1a: Lucario|Vacuum Wave|p2a: Flareon\n|-supereffective|p2a: Flareon\n|-damage|p2a: Flareon|2/263 tox\n|-damage|p1a: Lucario|230/255|[from] item: Life Orb\n|move|p2a: Flareon|Flare Blitz|p1a: Lucario\n|-supereffective|p1a: Lucario\n|-damage|p1a: Lucario|0 fnt\n|faint|p1a: Lucario\n|-damage|p2a: Flareon|0 fnt|[from] Recoil\n|faint|p2a: Flareon\n|\n|upkeep\n|\n|t:|1733890533\n|switch|p1a: Glastrier|Glastrier, L86|312/312\n|switch|p2a: Flutter Mane|Flutter Mane, L74|191/203 tox\n|turn|7\n|\n|t:|1733890540\n|move|p2a: Flutter Mane|Mystical Fire|p1a: Glastrier\n|-supereffective|p1a: Glastrier\n|-damage|p1a: Glastrier|170/312\n|-unboost|p1a: Glastrier|spa|1\n|move|p1a: Glastrier|Heavy Slam|p2a: Flutter Mane\n|-supereffective|p2a: Flutter Mane\n|-damage|p2a: Flutter Mane|0 fnt\n|faint|p2a: Flutter Mane\n|-end|p2a: Flutter Mane|Protosynthesis|[silent]\n|-ability|p1a: Glastrier|Chilling Neigh|boost\n|-boost|p1a: Glastrier|atk|1\n|\n|upkeep\n|\n|t:|1733890556\n|switch|p2a: Reuniclus|Reuniclus, L88, F|337/337\n|turn|8\n|\n|t:|1733890563\n|move|p2a: Reuniclus|Psychic|p1a: Glastrier\n|-damage|p1a: Glastrier|28/312\n|move|p1a: Glastrier|Heavy Slam|p2a: Reuniclus\n|-damage|p2a: Reuniclus|143/337\n|\n|upkeep\n|turn|9\n|\n|t:|1733890572\n|move|p2a: Reuniclus|Psychic|p1a: Glastrier\n|-damage|p1a: Glastrier|0 fnt\n|faint|p1a: Glastrier\n|\n|upkeep\n|\n|t:|1733890578\n|switch|p1a: Morpeko|Morpeko, L88, M|245/245\n|turn|10\n|\n|t:|1733890596\n|switch|p2a: Eelektross|Eelektross, L87, M|290/290\n|move|p1a: Morpeko|Knock Off|p2a: Eelektross\n|-crit|p2a: Eelektross\n|-damage|p2a: Eelektross|130/290\n|-enditem|p2a: Eelektross|Leftovers|[from] move: Knock Off|[of] p1a: Morpeko\n|\n|-formechange|p1a: Morpeko|Morpeko-Hangry||[from] ability: Hunger Switch\n|upkeep\n|turn|11\n|\n|t:|1733890604\n|move|p1a: Morpeko|Aura Wheel|p2a: Eelektross\n|-damage|p2a: Eelektross|0 fnt\n|-boost|p1a: Morpeko|spe|1\n|faint|p2a: Eelektross\n|\n|-formechange|p1a: Morpeko|Morpeko||[from] ability: Hunger Switch\n|upkeep\n|\n|t:|1733890612\n|switch|p2a: Flapple|Flapple, L88, M|266/266\n|turn|12\n|\n|t:|1733890618\n|move|p1a: Morpeko|Knock Off|p2a: Flapple\n|-damage|p2a: Flapple|149/266\n|-enditem|p2a: Flapple|Wide Lens|[from] move: Knock Off|[of] p1a: Morpeko\n|move|p2a: Flapple|Grav Apple|p1a: Morpeko|[miss]\n|-miss|p2a: Flapple|p1a: Morpeko\n|\n|-formechange|p1a: Morpeko|Morpeko-Hangry||[from] ability: Hunger Switch\n|upkeep\n|turn|13\n|\n|t:|1733890625\n|move|p1a: Morpeko|Aura Wheel|p2a: Flapple\n|-damage|p2a: Flapple|10/266\n|-boost|p1a: Morpeko|spe|1\n|move|p2a: Flapple|Outrage|p1a: Morpeko|[miss]\n|-miss|p2a: Flapple|p1a: Morpeko\n|\n|-formechange|p1a: Morpeko|Morpeko||[from] ability: Hunger Switch\n|upkeep\n|turn|14\n|c|\u2606mi1kweed|man\n|\n|t:|1733890639\n|move|p1a: Morpeko|Aura Wheel|p2a: Flapple\n|-resisted|p2a: Flapple\n|-damage|p2a: Flapple|0 fnt\n|-boost|p1a: Morpeko|spe|1\n|faint|p2a: Flapple\n|\n|-formechange|p1a: Morpeko|Morpeko-Hangry||[from] ability: Hunger Switch\n|upkeep\n|c|\u2606TimmyB1238|hustle gives\n|\n|t:|1733890642\n|switch|p2a: Iron Valiant|Iron Valiant, L78|244/244\n|turn|15\n|c|\u2606TimmyB1238|hustle takes\n|c|\u2606mi1kweed|it be like that\n|\n|t:|1733890656\n|move|p1a: Morpeko|Knock Off|p2a: Iron Valiant\n|-resisted|p2a: Iron Valiant\n|-damage|p2a: Iron Valiant|212/244\n|-enditem|p2a: Iron Valiant|Life Orb|[from] move: Knock Off|[of] p1a: Morpeko\n|move|p2a: Iron Valiant|Spirit Break|p1a: Morpeko\n|-supereffective|p1a: Morpeko\n|-damage|p1a: Morpeko|5/245\n|-unboost|p1a: Morpeko|spa|1\n|\n|-heal|p1a: Morpeko|20/245|[from] item: Leftovers\n|-formechange|p1a: Morpeko|Morpeko||[from] ability: Hunger Switch\n|upkeep\n|turn|16\n|\n|t:|1733890666\n|-end|p2a: Iron Valiant|Quark Drive|[silent]\n|switch|p2a: Reuniclus|Reuniclus, L88, F|143/337\n|move|p1a: Morpeko|Aura Wheel|p2a: Reuniclus\n|-damage|p2a: Reuniclus|0 fnt\n|-boost|p1a: Morpeko|spe|1\n|faint|p2a: Reuniclus\n|\n|-heal|p1a: Morpeko|35/245|[from] item: Leftovers\n|-formechange|p1a: Morpeko|Morpeko-Hangry||[from] ability: Hunger Switch\n|upkeep\n|\n|t:|1733890671\n|switch|p2a: Iron Valiant|Iron Valiant, L78|212/244\n|turn|17\n|\n|t:|1733890677\n|move|p1a: Morpeko|Protect|p1a: Morpeko\n|-singleturn|p1a: Morpeko|Protect\n|move|p2a: Iron Valiant|Spirit Break|p1a: Morpeko\n|-activate|p1a: Morpeko|move: Protect\n|\n|-heal|p1a: Morpeko|50/245|[from] item: Leftovers\n|-formechange|p1a: Morpeko|Morpeko||[from] ability: Hunger Switch\n|upkeep\n|turn|18\n|c|\u2606mi1kweed|ggwp\n|c|\u2606TimmyB1238|gg\n|\n|t:|1733890690\n|move|p1a: Morpeko|Aura Wheel|p2a: Iron Valiant\n|-damage|p2a: Iron Valiant|74/244\n|-boost|p1a: Morpeko|spe|1\n|move|p2a: Iron Valiant|Spirit Break|p1a: Morpeko\n|-supereffective|p1a: Morpeko\n|-damage|p1a: Morpeko|0 fnt\n|faint|p1a: Morpeko\n|\n|upkeep\n|\n|t:|1733890693\n|switch|p1a: Comfey|Comfey, L85, F|225/225\n|turn|19\n|\n|t:|1733890699\n|move|p1a: Comfey|Draining Kiss|p2a: Iron Valiant\n|-supereffective|p2a: Iron Valiant\n|-damage|p2a: Iron Valiant|0 fnt\n|faint|p2a: Iron Valiant\n|-end|p2a: Iron Valiant|Quark Drive|[silent]\n|\n|win|TimmyB1238\n|raw|TimmyB1238's rating: 1239 &rarr; <strong>1262</strong><br />(+23 for winning)\n|raw|mi1kweed's rating: 1213 &rarr; <strong>1190</strong><br />(-23 for losing)\n", "inputlog": ">version bfd83cad13791eb5a5a409923076391caf6fb4d4\n>start {\"formatid\":\"gen9randombattle\",\"seed\":[23344,6809,11422,41655],\"rated\":\"Rated battle\"}\n>player p1 {\"name\":\"TimmyB1238\",\"avatar\":\"infielder\",\"rating\":1239,\"seed\":[4451,7664,35212,41757]}\n>player p2 {\"name\":\"mi1kweed\",\"avatar\":\"pokemonranger-gen4\",\"rating\":1213,\"seed\":[23944,37205,3373,61175]}\n>p1 move toxic\n>p2 move shadowball\n>p1 move protect\n>p2 switch 5\n>p1 move psychicnoise\n>p2 move trailblaze\n>p1 move focusblast\n>p2 move facade\n>p1 switch 2\n>p1 move sludgebomb\n>p2 move facade terastallize\n>p1 switch 6\n>p1 move vacuumwave\n>p2 move flareblitz\n>p1 switch 4\n>p2 switch 5\n>p1 move heavyslam\n>p2 move mysticalfire\n>p2 switch 2\n>p1 move heavyslam\n>p2 move psychic\n>p1 move heavyslam\n>p2 move psychic\n>p1 switch 5\n>p1 move knockoff\n>p2 switch 4\n>p1 move aurawheel\n>p2 move drainpunch\n>p2 switch 3\n>p1 move knockoff\n>p2 move gravapple\n>p1 move aurawheel\n>p2 move outrage\n>chat \u2606mi1kweed|man\n>p1 move aurawheel\n>p2 move gravapple\n>chat \u2606TimmyB1238|hustle gives\n>p2 switch 6\n>chat \u2606TimmyB1238|hustle takes\n>chat \u2606mi1kweed|it be like that\n>p1 move knockoff\n>p2 move spiritbreak\n>p1 move aurawheel\n>p2 switch 4\n>p2 switch 4\n>p1 move protect\n>p2 move spiritbreak\n>chat \u2606mi1kweed|ggwp\n>chat \u2606TimmyB1238|gg\n>p1 move aurawheel\n>p2 move spiritbreak\n>p1 switch 3\n>p1 move drainingkiss\n>p2 move knockoff", "uploadtime": 1733890701, "views": 11, "formatid": "gen9randombattle", "rating": 1190, "private": 0, "password": null}