{"id": "gen9randombattle-2260427628", "format": "[Gen 9] Random Battle", "players": ["MrPopoTheGodOfAlll", "ritvik lethargic"], "log": "|j|\u2606MrPopoTheGodOfAlll\n|j|\u2606ritvik lethargic\n|t:|1733850608\n|gametype|singles\n|player|p1|MrPopoTheGodOfAlll|ash-sinnoh|1401\n|player|p2|ritvik lethargic|iris-gen5bw2|1388\n|teamsize|p1|6\n|teamsize|p2|6\n|gen|9\n|tier|[Gen 9] Random Battle\n|rated|\n|rule|Species Clause: Limit one of each Pok\u00e9mon\n|rule|HP Percentage Mod: HP is shown in percentages\n|rule|Sleep Clause Mod: Limit one foe put to sleep\n|rule|Illusion Level Mod: Illusion disguises the Pok\u00e9mon's true level\n|\n|t:|1733850608\n|start\n|switch|p1a: Kyogre|Kyogre, L71|259/259\n|switch|p2a: Iron Hands|Iron Hands, L79|373/373\n|-weather|RainDance|[from] ability: Drizzle|[of] p1a: Kyogre\n|turn|1\n|inactive|Battle timer is ON: inactive players will automatically lose when time's up. (requested by ritvik lethargic)\n|inactive|MrPopoTheGodOfAlll also wants the timer to be on.\n|\n|t:|1733850616\n|-terastallize|p1a: Kyogre|Water\n|move|p1a: Kyogre|Water Spout|p2a: Iron Hands\n|-damage|p2a: Iron Hands|0 fnt\n|faint|p2a: Iron Hands\n|-end|p2a: Iron Hands|Quark Drive|[silent]\n|\n|-weather|RainDance|[upkeep]\n|upkeep\n|\n|t:|1733850631\n|switch|p2a: Scizor|Scizor, L79, M|240/240\n|turn|2\n|\n|t:|1733850637\n|move|p2a: Scizor|Bullet Punch|p1a: Kyogre\n|-resisted|p1a: Kyogre\n|-damage|p1a: Kyogre|207/259\n|-damage|p2a: Scizor|216/240|[from] item: Life Orb\n|move|p1a: Kyogre|Water Spout|p2a: Scizor\n|-damage|p2a: Scizor|0 fnt\n|faint|p2a: Scizor\n|\n|-weather|RainDance|[upkeep]\n|upkeep\n|inactive|ritvik lethargic has 120 seconds left.\n|\n|t:|1733850672\n|switch|p2a: Duraludon|Duraludon, L82, M|249/249\n|turn|3\n|\n|t:|1733850682\n|switch|p1a: Sandaconda|Sandaconda, L84, F|258/258\n|move|p2a: Duraludon|Draco Meteor|p1a: Sandaconda\n|-damage|p1a: Sandaconda|92/258\n|-unboost|p2a: Duraludon|spa|2\n|\n|-weather|RainDance|[upkeep]\n|upkeep\n|turn|4\n|\n|t:|1733850689\n|switch|p2a: Oricorio|Oricorio-Sensu, L85, F|266/266\n|move|p1a: Sandaconda|Scale Shot|p2a: Oricorio\n|-damage|p2a: Oricorio|243/266\n|-damage|p2a: Oricorio|220/266\n|-damage|p2a: Oricorio|198/266\n|-damage|p2a: Oricorio|176/266\n|-hitcount|p2a: Oricorio|4\n|-unboost|p1a: Sandaconda|def|1\n|-boost|p1a: Sandaconda|spe|1\n|\n|-weather|RainDance|[upkeep]\n|upkeep\n|turn|5\n|\n|t:|1733850700\n|move|p1a: Sandaconda|Rock Blast|p2a: Oricorio\n|-supereffective|p2a: Oricorio\n|-damage|p2a: Oricorio|128/266\n|-supereffective|p2a: Oricorio\n|-damage|p2a: Oricorio|86/266\n|-supereffective|p2a: Oricorio\n|-damage|p2a: Oricorio|40/266\n|-supereffective|p2a: Oricorio\n|-damage|p2a: Oricorio|0 fnt\n|faint|p2a: Oricorio\n|-hitcount|p2: Oricorio|4\n|\n|-weather|none\n|upkeep\n|\n|t:|1733850714\n|switch|p2a: Golem|Golem, L87, M|281/281\n|turn|6\n|\n|t:|1733850718\n|move|p1a: Sandaconda|Earthquake|p2a: Golem\n|-supereffective|p2a: Golem\n|-damage|p2a: Golem|111/281\n|-enditem|p2a: Golem|Weakness Policy\n|-boost|p2a: Golem|atk|2|[from] item: Weakness Policy\n|-boost|p2a: Golem|spa|2|[from] item: Weakness Policy\n|move|p2a: Golem|Rock Polish|p2a: Golem\n|-boost|p2a: Golem|spe|2\n|\n|upkeep\n|turn|7\n|\n|t:|1733850723\n|move|p2a: Golem|Earthquake|p1a: Sandaconda\n|-crit|p1a: Sandaconda\n|-damage|p1a: Sandaconda|0 fnt\n|faint|p1a: Sandaconda\n|\n|upkeep\n|\n|t:|1733850737\n|switch|p1a: Ursaluna|Ursaluna, L79, M|335/335\n|turn|8\n|\n|t:|1733850752\n|move|p2a: Golem|Explosion|p1a: Ursaluna\n|-damage|p1a: Ursaluna|0 fnt\n|faint|p2a: Golem\n|faint|p1a: Ursaluna\n|\n|upkeep\n|\n|t:|1733850761\n|switch|p2a: Azelf|Azelf, L82|257/257\n|switch|p1a: Incineroar|Incineroar, L82, M|290/290\n|-ability|p1a: Incineroar|Intimidate|boost\n|-unboost|p2a: Azelf|atk|1\n|turn|9\n|inactive|ritvik lethargic has 120 seconds left.\n|\n|t:|1733850794\n|-terastallize|p2a: Azelf|Fire\n|move|p2a: Azelf|Taunt|p1a: Incineroar\n|-start|p1a: Incineroar|move: Taunt\n|move|p1a: Incineroar|Knock Off|p2a: Azelf\n|-damage|p2a: Azelf|38/257\n|-enditem|p2a: Azelf|Life Orb|[from] move: Knock Off|[of] p1a: Incineroar\n|\n|upkeep\n|turn|10\n|\n|t:|1733850803\n|move|p2a: Azelf|Explosion|p1a: Incineroar\n|-damage|p1a: Incineroar|162/290\n|faint|p2a: Azelf\n|move|p1a: Incineroar|Knock Off|p2: Azelf|[notarget]\n|-fail|p1a: Incineroar\n|\n|upkeep\n|\n|t:|1733850813\n|switch|p2a: Duraludon|Duraludon, L82, M|249/249\n|turn|11\n|\n|t:|1733850833\n|switch|p1a: Toxtricity|Toxtricity, L82, F|257/257\n|move|p2a: Duraludon|Iron Defense|p2a: Duraludon\n|-boost|p2a: Duraludon|def|2\n|\n|upkeep\n|turn|12\n|\n|t:|1733850845\n|switch|p1a: Incineroar|Incineroar, L82, M|162/290\n|-ability|p1a: Incineroar|Intimidate|boost\n|-unboost|p2a: Duraludon|atk|1\n|move|p2a: Duraludon|Draco Meteor|p1a: Incineroar\n|-damage|p1a: Incineroar|14/290\n|-unboost|p2a: Duraludon|spa|2\n|\n|upkeep\n|turn|13\n|\n|t:|1733850852\n|move|p2a: Duraludon|Iron Defense|p2a: Duraludon\n|-boost|p2a: Duraludon|def|2\n|move|p1a: Incineroar|Close Combat|p2a: Duraludon\n|-supereffective|p2a: Duraludon\n|-damage|p2a: Duraludon|197/249\n|-unboost|p1a: Incineroar|def|1\n|-unboost|p1a: Incineroar|spd|1\n|\n|upkeep\n|turn|14\n|\n|t:|1733850863\n|move|p2a: Duraludon|Flash Cannon|p1a: Incineroar\n|-resisted|p1a: Incineroar\n|-damage|p1a: Incineroar|0 fnt\n|faint|p1a: Incineroar\n|\n|upkeep\n|\n|t:|1733850871\n|switch|p1a: Kyogre|Kyogre, L71, tera:Water|207/259\n|-weather|RainDance|[from] ability: Drizzle|[of] p1a: Kyogre\n|turn|15\n|\n|t:|1733850874\n|move|p1a: Kyogre|Water Spout|p2a: Duraludon\n|-resisted|p2a: Duraludon\n|-damage|p2a: Duraludon|58/249\n|move|p2a: Duraludon|Body Press|p1a: Kyogre\n|-damage|p1a: Kyogre|13/259\n|\n|-weather|RainDance|[upkeep]\n|upkeep\n|turn|16\n|\n|t:|1733850882\n|switch|p1a: Toxtricity|Toxtricity, L82, F|257/257\n|move|p2a: Duraludon|Body Press|p1a: Toxtricity\n|-resisted|p1a: Toxtricity\n|-damage|p1a: Toxtricity|154/257\n|\n|-weather|RainDance|[upkeep]\n|upkeep\n|turn|17\n|c|\u2606MrPopoTheGodOfAlll|gg\n|\n|t:|1733850891\n|move|p2a: Duraludon|Draco Meteor|p1a: Toxtricity\n|-damage|p1a: Toxtricity|60/257\n|-unboost|p2a: Duraludon|spa|2\n|move|p1a: Toxtricity|Overdrive|p2a: Duraludon\n|-resisted|p2a: Duraludon\n|-damage|p2a: Duraludon|1/249\n|-enditem|p1a: Toxtricity|Throat Spray\n|-boost|p1a: Toxtricity|spa|1|[from] item: Throat Spray\n|\n|-weather|RainDance|[upkeep]\n|upkeep\n|turn|18\n|\n|t:|1733850895\n|move|p2a: Duraludon|Body Press|p1a: Toxtricity\n|-resisted|p1a: Toxtricity\n|-damage|p1a: Toxtricity|0 fnt\n|faint|p1a: Toxtricity\n|\n|-weather|RainDance|[upkeep]\n|upkeep\n|\n|t:|1733850898\n|switch|p1a: Kyogre|Kyogre, L71, tera:Water|13/259\n|turn|19\n|\n|t:|1733850901\n|move|p1a: Kyogre|Ice Beam|p2a: Duraludon\n|-damage|p2a: Duraludon|0 fnt\n|faint|p2a: Duraludon\n|\n|win|MrPopoTheGodOfAlll\n|raw|MrPopoTheGodOfAlll's rating: 1401 &rarr; <strong>1420</strong><br />(+19 for winning)\n|raw|ritvik lethargic's rating: 1388 &rarr; <strong>1369</strong><br />(-19 for losing)\n", "inputlog": ">version bfd83cad13791eb5a5a409923076391caf6fb4d4\n>start {\"formatid\":\"gen9randombattle\",\"seed\":[35076,55310,54384,4934],\"rated\":\"Rated battle\"}\n>player p1 {\"name\":\"MrPopoTheGodOfAlll\",\"avatar\":\"ash-sinnoh\",\"rating\":1401,\"seed\":[16823,26103,30226,53854]}\n>player p2 {\"name\":\"ritvik lethargic\",\"avatar\":\"iris-gen5bw2\",\"rating\":1388,\"seed\":[26125,50934,63385,35893]}\n>p1 move waterspout terastallize\n>p2 move wildcharge\n>p2 switch 6\n>p1 move waterspout\n>p2 move bulletpunch\n>p2 switch 3\n>p1 switch 2\n>p2 move dracometeor\n>p1 move scaleshot\n>p2 switch 5\n>p1 move rockblast\n>p2 move revelationdance\n>p2 switch 4\n>p1 move earthquake\n>p2 move rockpolish\n>p1 move earthquake\n>p2 move earthquake\n>p1 switch 4\n>p1 move headlongrush\n>p2 move explosion\n>p1 switch 5\n>p2 switch 2\n>p1 move knockoff\n>p2 move taunt terastallize\n>p1 move knockoff\n>p2 move explosion\n>p2 switch 5\n>p1 switch 3\n>p2 move irondefense\n>p1 switch 3\n>p2 move dracometeor\n>p1 move closecombat\n>p2 move irondefense\n>p1 move closecombat\n>p2 move flashcannon\n>p1 switch 2\n>p1 move waterspout\n>p2 move bodypress\n>p1 switch 3\n>p2 move bodypress\n>chat \u2606MrPopoTheGodOfAlll|gg\n>p1 move overdrive\n>p2 move dracometeor\n>p1 move overdrive\n>p2 move bodypress\n>p1 switch 3\n>p1 move icebeam\n>p2 move bodypress", "uploadtime": 1733850918, "views": 2, "formatid": "gen9randombattle", "rating": 1369, "private": 0, "password": null}