{"id": "gen9randombattle-2260363461", "format": "[Gen 9] Random Battle", "players": ["Ascettarolo", "GamesWrath"], "log": "|j|\u2606Ascettarolo\n|j|\u203dGamesWrath\n|t:|1733844212\n|gametype|singles\n|player|p1|Ascettarolo|2|1442\n|player|p2|GamesWrath|blue|1438\n|teamsize|p1|6\n|teamsize|p2|6\n|gen|9\n|tier|[Gen 9] Random Battle\n|rated|\n|rule|Species Clause: Limit one of each Pok\u00e9mon\n|rule|HP Percentage Mod: HP is shown in percentages\n|rule|Sleep Clause Mod: Limit one foe put to sleep\n|rule|Illusion Level Mod: Illusion disguises the Pok\u00e9mon's true level\n|\n|t:|1733844212\n|start\n|switch|p1a: Wugtrio|Wugtrio, L91, F|212/212\n|switch|p2a: Magnezone|Magnezone, L85|258/258\n|turn|1\n|inactive|Battle timer is ON: inactive players will automatically lose when time's up. (requested by Ascettarolo)\n|\n|t:|1733844233\n|switch|p1a: Latios|Latios, L78, M|253/253\n|move|p2a: Magnezone|Volt Switch|p1a: Latios\n|-resisted|p1a: Latios\n|-damage|p1a: Latios|211/253\n|\n|t:|1733844242\n|switch|p2a: Staraptor|Staraptor, L79, M|263/263|[from] Volt Switch\n|\n|upkeep\n|turn|2\n|\n|t:|1733844260\n|switch|p1a: Copperajah|Copperajah, L86, F|350/350\n|move|p2a: Staraptor|U-turn|p1a: Copperajah\n|-resisted|p1a: Copperajah\n|-crit|p1a: Copperajah\n|-damage|p1a: Copperajah|305/350\n|\n|t:|1733844277\n|switch|p2a: Sandy Shocks|Sandy Shocks, L80|267/267|[from] U-turn\n|\n|upkeep\n|turn|3\n|\n|t:|1733844287\n|move|p2a: Sandy Shocks|Thunder Wave|p1a: Copperajah\n|-status|p1a: Copperajah|par\n|move|p1a: Copperajah|Stealth Rock|p2a: Sandy Shocks\n|-sidestart|p2: GamesWrath|move: Stealth Rock\n|\n|upkeep\n|turn|4\n|\n|t:|1733844302\n|switch|p1a: Wugtrio|Wugtrio, L91, F|212/212\n|move|p2a: Sandy Shocks|Stealth Rock|p1a: Wugtrio\n|-sidestart|p1: Ascettarolo|move: Stealth Rock\n|\n|upkeep\n|turn|5\n|inactive|GamesWrath has 120 seconds left.\n|\n|t:|1733844338\n|move|p1a: Wugtrio|Liquidation|p2a: Sandy Shocks\n|-supereffective|p2a: Sandy Shocks\n|-damage|p2a: Sandy Shocks|0 fnt\n|faint|p2a: Sandy Shocks\n|-end|p2a: Sandy Shocks|Protosynthesis|[silent]\n|\n|upkeep\n|\n|t:|1733844352\n|switch|p2a: Quagsire|Quagsire, L84, M|297/297\n|-damage|p2a: Quagsire|279/297|[from] Stealth Rock\n|turn|6\n|\n|t:|1733844367\n|switch|p1a: Copperajah|Copperajah, L86, F|305/350 par\n|-damage|p1a: Copperajah|284/350 par|[from] Stealth Rock\n|move|p2a: Quagsire|Spikes|p1a: Copperajah\n|-sidestart|p1: Ascettarolo|Spikes\n|\n|-heal|p2a: Quagsire|297/297|[from] item: Leftovers\n|upkeep\n|turn|7\n|\n|t:|1733844374\n|switch|p1a: Latios|Latios, L78, M|211/253\n|-damage|p1a: Latios|180/253|[from] Stealth Rock\n|move|p2a: Quagsire|Earthquake|p1a: Latios\n|-immune|p1a: Latios|[from] ability: Levitate\n|\n|upkeep\n|turn|8\n|\n|t:|1733844382\n|move|p1a: Latios|Luster Purge|p2a: Quagsire\n|-damage|p2a: Quagsire|102/297\n|-unboost|p2a: Quagsire|spd|1\n|move|p2a: Quagsire|Ice Beam|p1a: Latios\n|-supereffective|p1a: Latios\n|-damage|p1a: Latios|98/253\n|\n|-heal|p2a: Quagsire|120/297|[from] item: Leftovers\n|upkeep\n|turn|9\n|\n|t:|1733844395\n|switch|p2a: Magnezone|Magnezone, L85|258/258\n|-damage|p2a: Magnezone|242/258|[from] Stealth Rock\n|move|p1a: Latios|Luster Purge|p2a: Magnezone\n|-resisted|p2a: Magnezone\n|-damage|p2a: Magnezone|189/258\n|-unboost|p2a: Magnezone|spd|1\n|\n|upkeep\n|turn|10\n|\n|t:|1733844402\n|switch|p1a: Copperajah|Copperajah, L86, F|284/350 par\n|-damage|p1a: Copperajah|263/350 par|[from] Stealth Rock\n|-damage|p1a: Copperajah|220/350 par|[from] Spikes\n|move|p2a: Magnezone|Mirror Coat||[still]\n|-fail|p2a: Magnezone\n|\n|upkeep\n|turn|11\n|\n|t:|1733844424\n|move|p2a: Magnezone|Volt Switch|p1a: Copperajah\n|-damage|p1a: Copperajah|102/350 par\n|\n|t:|1733844437\n|switch|p2a: Quagsire|Quagsire, L84, M|120/297|[from] Volt Switch\n|-damage|p2a: Quagsire|102/297|[from] Stealth Rock\n|move|p1a: Copperajah|Iron Head|p2a: Quagsire\n|-resisted|p2a: Quagsire\n|-damage|p2a: Quagsire|3/297\n|\n|-heal|p2a: Quagsire|21/297|[from] item: Leftovers\n|upkeep\n|turn|12\n|-message|Ascettarolo forfeited.\n|\n|win|GamesWrath\n|raw|Ascettarolo's rating: 1442 &rarr; <strong>1422</strong><br />(-20 for losing)\n|raw|GamesWrath's rating: 1438 &rarr; <strong>1458</strong><br />(+20 for winning)\n|l|\u2606Ascettarolo\n|player|p1|\n", "inputlog": ">version bfd83cad13791eb5a5a409923076391caf6fb4d4\n>start {\"formatid\":\"gen9randombattle\",\"seed\":[13289,42224,35355,13450],\"rated\":\"Rated battle\"}\n>player p1 {\"name\":\"Ascettarolo\",\"avatar\":\"2\",\"rating\":1442,\"seed\":[52795,17759,9509,2609]}\n>player p2 {\"name\":\"GamesWrath\",\"avatar\":\"blue\",\"rating\":1438,\"seed\":[47216,28986,49311,35932]}\n>p1 switch 2\n>p2 move voltswitch\n>p2 switch 3\n>p1 switch 4\n>p2 move uturn\n>p2 switch 2\n>p1 move stealthrock\n>p2 move thunderwave\n>p1 switch 2\n>p2 move stealthrock\n>p1 move liquidation\n>p2 move thunderwave\n>p2 switch 4\n>p1 switch 2\n>p2 move spikes\n>p1 switch 4\n>p2 move earthquake\n>p1 move lusterpurge\n>p2 move icebeam\n>p1 move lusterpurge\n>p2 switch 3\n>p1 switch 4\n>p2 move mirrorcoat\n>p1 move ironhead\n>p2 move voltswitch\n>p2 switch 3\n>forcelose p1", "uploadtime": 1733844445, "views": 1, "formatid": "gen9randombattle", "rating": 1422, "private": 0, "password": null}