{"id": "gen9randombattle-2260473525", "format": "[Gen 9] Random Battle", "players": ["belesar", "dejdejdjede"], "log": "|j|\u2606belesar\n|j|\u2606dejdejdjede\n|t:|1733855046\n|gametype|singles\n|player|p1|belesar|worker|1265\n|player|p2|dejdejdjede|2|1239\n|teamsize|p1|6\n|teamsize|p2|6\n|gen|9\n|tier|[Gen 9] Random Battle\n|rated|\n|rule|Species Clause: Limit one of each Pok\u00e9mon\n|rule|HP Percentage Mod: HP is shown in percentages\n|rule|Sleep Clause Mod: Limit one foe put to sleep\n|rule|Illusion Level Mod: Illusion disguises the Pok\u00e9mon's true level\n|\n|t:|1733855046\n|start\n|switch|p1a: Solgaleo|Solgaleo, L74|325/325\n|switch|p2a: Skarmory|Skarmory, L80, F|235/235\n|turn|1\n|\n|t:|1733855061\n|move|p1a: Solgaleo|Knock Off|p2a: Skarmory\n|-damage|p2a: Skarmory|182/235\n|-damage|p1a: Solgaleo|271/325|[from] item: Rocky Helmet|[of] p2a: Skarmory\n|-enditem|p2a: Skarmory|Rocky Helmet|[from] move: Knock Off|[of] p1a: Solgaleo\n|move|p2a: Skarmory|Spikes|p1a: Solgaleo\n|-sidestart|p1: belesar|Spikes\n|\n|upkeep\n|turn|2\n|\n|t:|1733855070\n|move|p1a: Solgaleo|Flame Charge|p2a: Skarmory\n|-supereffective|p2a: Skarmory\n|-damage|p2a: Skarmory|130/235\n|-boost|p1a: Solgaleo|spe|1\n|move|p2a: Skarmory|Spikes|p1a: Solgaleo\n|-sidestart|p1: belesar|Spikes\n|\n|upkeep\n|turn|3\n|\n|t:|1733855085\n|move|p1a: Solgaleo|Flame Charge|p2a: Skarmory\n|-supereffective|p2a: Skarmory\n|-damage|p2a: Skarmory|74/235\n|-boost|p1a: Solgaleo|spe|1\n|move|p2a: Skarmory|Roost|p2a: Skarmory\n|-heal|p2a: Skarmory|192/235\n|-singleturn|p2a: Skarmory|move: Roost\n|\n|upkeep\n|turn|4\n|\n|t:|1733855102\n|move|p1a: Solgaleo|Flame Charge|p2a: Skarmory\n|-supereffective|p2a: Skarmory\n|-damage|p2a: Skarmory|140/235\n|-boost|p1a: Solgaleo|spe|1\n|move|p2a: Skarmory|Spikes|p1a: Solgaleo\n|-sidestart|p1: belesar|Spikes\n|\n|upkeep\n|turn|5\n|\n|t:|1733855110\n|move|p1a: Solgaleo|Flame Charge|p2a: Skarmory\n|-supereffective|p2a: Skarmory\n|-damage|p2a: Skarmory|82/235\n|-boost|p1a: Solgaleo|spe|1\n|move|p2a: Skarmory|Roost|p2a: Skarmory\n|-heal|p2a: Skarmory|200/235\n|-singleturn|p2a: Skarmory|move: Roost\n|\n|upkeep\n|turn|6\n|\n|t:|1733855119\n|switch|p2a: Vaporeon|Vaporeon, L86, F|364/364\n|move|p1a: Solgaleo|Flame Charge|p2a: Vaporeon\n|-resisted|p2a: Vaporeon\n|-damage|p2a: Vaporeon|341/364\n|-boost|p1a: Solgaleo|spe|1\n|\n|-heal|p2a: Vaporeon|363/364|[from] item: Leftovers\n|upkeep\n|turn|7\n|\n|t:|1733855135\n|move|p1a: Solgaleo|Psychic|p2a: Vaporeon\n|-damage|p2a: Vaporeon|284/364\n|move|p2a: Vaporeon|Scald|p1a: Solgaleo\n|-damage|p1a: Solgaleo|165/325\n|-status|p1a: Solgaleo|brn\n|\n|-heal|p2a: Vaporeon|306/364|[from] item: Leftovers\n|-damage|p1a: Solgaleo|145/325 brn|[from] brn\n|upkeep\n|turn|8\n|\n|t:|1733855149\n|move|p1a: Solgaleo|Knock Off|p2a: Vaporeon\n|-damage|p2a: Vaporeon|260/364\n|-enditem|p2a: Vaporeon|Leftovers|[from] move: Knock Off|[of] p1a: Solgaleo\n|move|p2a: Vaporeon|Calm Mind|p2a: Vaporeon\n|-boost|p2a: Vaporeon|spa|1\n|-boost|p2a: Vaporeon|spd|1\n|\n|-damage|p1a: Solgaleo|125/325 brn|[from] brn\n|upkeep\n|turn|9\n|\n|t:|1733855160\n|switch|p1a: Pincurchin|Pincurchin, F|258/258\n|-damage|p1a: Pincurchin|194/258|[from] Spikes\n|-fieldstart|move: Electric Terrain|[from] ability: Electric Surge|[of] p1a: Pincurchin\n|move|p2a: Vaporeon|Wish|p2a: Vaporeon\n|\n|-heal|p1a: Pincurchin|210/258|[from] item: Leftovers\n|upkeep\n|turn|10\n|\n|t:|1733855173\n|move|p2a: Vaporeon|Scald|p1a: Pincurchin\n|-damage|p1a: Pincurchin|80/258\n|move|p1a: Pincurchin|Curse|p1a: Pincurchin\n|-unboost|p1a: Pincurchin|spe|1\n|-boost|p1a: Pincurchin|atk|1\n|-boost|p1a: Pincurchin|def|1\n|\n|-heal|p2a: Vaporeon|364/364|[from] move: Wish|[wisher] Vaporeon\n|-heal|p1a: Pincurchin|96/258|[from] item: Leftovers\n|upkeep\n|turn|11\n|\n|t:|1733855184\n|move|p2a: Vaporeon|Scald|p1a: Pincurchin\n|-damage|p1a: Pincurchin|0 fnt\n|faint|p1a: Pincurchin\n|\n|upkeep\n|\n|t:|1733855192\n|switch|p1a: Noivern|Noivern, L82, M|274/274\n|turn|12\n|-message|belesar forfeited.\n|\n|win|dejdejdjede\n|raw|belesar's rating: 1265 &rarr; <strong>1240</strong><br />(-25 for losing)\n|raw|dejdejdjede's rating: 1265 &rarr; <strong>1290</strong><br />(+25 for winning)\n|l|\u2606belesar\n|player|p1|\n", "inputlog": ">version bfd83cad13791eb5a5a409923076391caf6fb4d4\n>start {\"formatid\":\"gen9randombattle\",\"seed\":[8790,43729,19192,11902],\"rated\":\"Rated battle\"}\n>player p1 {\"name\":\"belesar\",\"avatar\":\"worker\",\"rating\":1265,\"seed\":[27498,41233,7379,48565]}\n>player p2 {\"name\":\"dejdejdjede\",\"avatar\":\"2\",\"rating\":1239,\"seed\":[40456,24949,17147,54063]}\n>p1 move knockoff\n>p2 move spikes\n>p1 move flamecharge\n>p2 move spikes\n>p1 move flamecharge\n>p2 move roost\n>p1 move flamecharge\n>p2 move spikes\n>p1 move flamecharge\n>p2 move roost\n>p1 move flamecharge\n>p2 switch 4\n>p1 move psychic\n>p2 move scald\n>p1 move knockoff\n>p2 move calmmind\n>p1 switch 5\n>p2 move wish\n>p1 move curse\n>p2 move scald\n>p1 move zingzap\n>p2 move scald\n>p1 switch 6\n>forcelose p1", "uploadtime": 1733855216, "views": 1, "formatid": "gen9randombattle", "rating": 1240, "private": 0, "password": null}