{"id": "gen9randombattle-2260850512", "format": "[Gen 9] Random Battle", "players": ["Nobunaga 1st", "packaging tech1"], "log": "|j|\u2606Nobunaga 1st\n|j|\u2606packaging tech1\n|t:|1733903997\n|gametype|singles\n|player|p1|Nobunaga 1st|265|1570\n|player|p2|packaging tech1|102|1561\n|teamsize|p1|6\n|teamsize|p2|6\n|gen|9\n|tier|[Gen 9] Random Battle\n|rated|\n|rule|Species Clause: Limit one of each Pok\u00e9mon\n|rule|HP Percentage Mod: HP is shown in percentages\n|rule|Sleep Clause Mod: Limit one foe put to sleep\n|rule|Illusion Level Mod: Illusion disguises the Pok\u00e9mon's true level\n|\n|t:|1733903997\n|start\n|switch|p1a: Mesprit|Mesprit, L85|275/275\n|switch|p2a: Registeel|Registeel, L81|262/262\n|turn|1\n|\n|t:|1733904016\n|switch|p2a: Spidops|Spidops, L96, M|271/271\n|move|p1a: Mesprit|Thunder Wave|p2a: Spidops\n|-status|p2a: Spidops|par\n|\n|upkeep\n|turn|2\n|inactive|Battle timer is ON: inactive players will automatically lose when time's up. (requested by packaging tech1)\n|\n|t:|1733904045\n|switch|p1a: Whiscash|Whiscash, L88, F|337/337\n|move|p2a: Spidops|Knock Off|p1a: Whiscash\n|-damage|p1a: Whiscash|157/337\n|-enditem|p1a: Whiscash|Life Orb|[from] move: Knock Off|[of] p2a: Spidops\n|\n|upkeep\n|turn|3\n|\n|t:|1733904060\n|move|p1a: Whiscash|Dragon Dance|p1a: Whiscash\n|-boost|p1a: Whiscash|atk|1\n|-boost|p1a: Whiscash|spe|1\n|cant|p2a: Spidops|par\n|\n|upkeep\n|turn|4\n|\n|t:|1733904066\n|move|p1a: Whiscash|Stone Edge|p2a: Spidops|[miss]\n|-miss|p1a: Whiscash|p2a: Spidops\n|cant|p2a: Spidops|par\n|\n|upkeep\n|turn|5\n|\n|t:|1733904072\n|move|p1a: Whiscash|Stone Edge|p2a: Spidops\n|-supereffective|p2a: Spidops\n|-damage|p2a: Spidops|103/271 par\n|move|p2a: Spidops|Circle Throw|p1a: Whiscash\n|-damage|p1a: Whiscash|109/337\n|drag|p1a: Mesprit|Mesprit, L85|275/275\n|\n|upkeep\n|turn|6\n|\n|t:|1733904093\n|move|p1a: Mesprit|Psychic Noise|p2a: Spidops\n|-damage|p2a: Spidops|24/271 par\n|-start|p2a: Spidops|move: Heal Block\n|move|p2a: Spidops|Sticky Web|p1a: Mesprit\n|-sidestart|p1: Nobunaga 1st|move: Sticky Web\n|\n|upkeep\n|turn|7\n|\n|t:|1733904100\n|move|p1a: Mesprit|Psychic Noise|p2a: Spidops\n|-damage|p2a: Spidops|0 fnt\n|faint|p2a: Spidops\n|\n|upkeep\n|\n|t:|1733904116\n|switch|p2a: Rotom|Rotom, L88|231/231\n|turn|8\n|\n|t:|1733904128\n|move|p2a: Rotom|Shadow Ball|p1a: Mesprit\n|-supereffective|p1a: Mesprit\n|-damage|p1a: Mesprit|123/275\n|-unboost|p1a: Mesprit|spd|1\n|move|p1a: Mesprit|Knock Off|p2a: Rotom\n|-supereffective|p2a: Rotom\n|-damage|p2a: Rotom|69/231\n|-enditem|p2a: Rotom|Choice Scarf|[from] move: Knock Off|[of] p1a: Mesprit\n|\n|-heal|p1a: Mesprit|140/275|[from] item: Leftovers\n|upkeep\n|turn|9\n|\n|t:|1733904157\n|switch|p1a: Whiscash|Whiscash, L88, F|109/337\n|-activate|p1a: Whiscash|move: Sticky Web\n|-unboost|p1a: Whiscash|spe|1\n|move|p2a: Rotom|Thunderbolt|p1a: Whiscash\n|-immune|p1a: Whiscash\n|\n|upkeep\n|turn|10\n|\n|t:|1733904168\n|move|p2a: Rotom|Shadow Ball|p1a: Whiscash\n|-damage|p1a: Whiscash|3/337\n|move|p1a: Whiscash|Liquidation|p2a: Rotom\n|-damage|p2a: Rotom|0 fnt\n|faint|p2a: Rotom\n|\n|upkeep\n|\n|t:|1733904177\n|switch|p2a: Registeel|Registeel, L81|262/262\n|turn|11\n|\n|t:|1733904184\n|move|p2a: Registeel|Iron Head|p1a: Whiscash\n|-resisted|p1a: Whiscash\n|-damage|p1a: Whiscash|0 fnt\n|faint|p1a: Whiscash\n|\n|upkeep\n|\n|t:|1733904203\n|switch|p1a: Giratina|Giratina-Origin, L72|335/335\n|turn|12\n|\n|t:|1733904212\n|move|p1a: Giratina|Will-O-Wisp|p2a: Registeel\n|-status|p2a: Registeel|brn\n|move|p2a: Registeel|Iron Defense|p2a: Registeel\n|-boost|p2a: Registeel|def|2\n|\n|-damage|p2a: Registeel|246/262 brn|[from] brn\n|upkeep\n|turn|13\n|inactive|Nobunaga 1st has 120 seconds left.\n|\n|t:|1733904234\n|move|p2a: Registeel|Iron Defense|p2a: Registeel\n|-boost|p2a: Registeel|def|2\n|move|p1a: Giratina|Dragon Tail|p2a: Registeel\n|-resisted|p2a: Registeel\n|-damage|p2a: Registeel|239/262 brn\n|drag|p2a: Virizion|Virizion, L82|283/283\n|\n|upkeep\n|turn|14\n|inactive|Nobunaga 1st has 120 seconds left.\n|\n|t:|1733904248\n|switch|p2a: Registeel|Registeel, L81|239/262 brn\n|move|p1a: Giratina|Will-O-Wisp|p2a: Registeel\n|-fail|p2a: Registeel|brn\n|\n|-damage|p2a: Registeel|223/262 brn|[from] brn\n|upkeep\n|turn|15\n|\n|t:|1733904256\n|move|p1a: Giratina|Poltergeist|p2a: Registeel\n|-activate|p2a: Registeel|move: Poltergeist|Chesto Berry\n|-damage|p2a: Registeel|133/262 brn\n|move|p2a: Registeel|Iron Head|p1a: Giratina\n|-damage|p1a: Giratina|299/335\n|\n|-damage|p2a: Registeel|117/262 brn|[from] brn\n|upkeep\n|turn|16\n|\n|t:|1733904268\n|move|p1a: Giratina|Poltergeist|p2a: Registeel|[miss]\n|-miss|p1a: Giratina|p2a: Registeel\n|move|p2a: Registeel|Iron Head|p1a: Giratina\n|-damage|p1a: Giratina|267/335\n|\n|-damage|p2a: Registeel|101/262 brn|[from] brn\n|upkeep\n|turn|17\n|inactive|Nobunaga 1st has 120 seconds left.\n|\n|t:|1733904290\n|move|p1a: Giratina|Poltergeist|p2a: Registeel\n|-activate|p2a: Registeel|move: Poltergeist|Chesto Berry\n|-damage|p2a: Registeel|16/262 brn\n|move|p2a: Registeel|Iron Head|p1a: Giratina\n|-damage|p1a: Giratina|233/335\n|\n|-damage|p2a: Registeel|0 fnt|[from] brn\n|faint|p2a: Registeel\n|upkeep\n|\n|t:|1733904296\n|switch|p2a: Latios|Latios, L78, M|253/253\n|turn|18\n|inactive|Nobunaga 1st has 120 seconds left.\n|\n|t:|1733904317\n|-terastallize|p1a: Giratina|Ghost\n|move|p2a: Latios|Draco Meteor|p1a: Giratina\n|-damage|p1a: Giratina|11/335\n|-unboost|p2a: Latios|spa|2\n|move|p1a: Giratina|Poltergeist|p2a: Latios\n|-activate|p2a: Latios|move: Poltergeist|Choice Specs\n|-supereffective|p2a: Latios\n|-damage|p2a: Latios|0 fnt\n|faint|p2a: Latios\n|\n|upkeep\n|\n|t:|1733904325\n|switch|p2a: Greninja|Greninja, L80, M|246/246\n|turn|19\n|inactive|Nobunaga 1st has 120 seconds left.\n|\n|t:|1733904333\n|move|p2a: Greninja|Dark Pulse|p1a: Giratina\n|-supereffective|p1a: Giratina\n|-damage|p1a: Giratina|0 fnt\n|faint|p1a: Giratina\n|-ability|p2a: Greninja|Battle Bond|boost\n|-boost|p2a: Greninja|atk|1\n|-boost|p2a: Greninja|spa|1\n|-boost|p2a: Greninja|spe|1\n|-activate|p2a: Greninja|ability: Battle Bond\n|-damage|p2a: Greninja|222/246|[from] item: Life Orb\n|\n|upkeep\n|inactive|Nobunaga 1st has 120 seconds left.\n|\n|t:|1733904356\n|switch|p1a: Electrode|Electrode-Hisui, L87|246/246\n|-activate|p1a: Electrode|move: Sticky Web\n|-unboost|p1a: Electrode|spe|1\n|turn|20\n|\n|t:|1733904371\n|move|p2a: Greninja|Ice Beam|p1a: Electrode\n|-supereffective|p1a: Electrode\n|-damage|p1a: Electrode|17/246\n|-damage|p2a: Greninja|198/246|[from] item: Life Orb\n|move|p1a: Electrode|Thunder Wave|p2a: Greninja\n|-status|p2a: Greninja|par\n|\n|upkeep\n|turn|21\n|\n|t:|1733904394\n|switch|p2a: Virizion|Virizion, L82|283/283\n|move|p1a: Electrode|Leaf Storm|p2a: Virizion|[miss]\n|-miss|p1a: Electrode|p2a: Virizion\n|\n|upkeep\n|turn|22\n|\n|t:|1733904411\n|move|p2a: Virizion|Stone Edge|p1a: Electrode\n|-damage|p1a: Electrode|0 fnt\n|faint|p1a: Electrode\n|-damage|p2a: Virizion|255/283|[from] item: Life Orb\n|\n|upkeep\n|\n|t:|1733904418\n|switch|p1a: Mesprit|Mesprit, L85|140/275\n|turn|23\n|\n|t:|1733904432\n|switch|p2a: Greninja|Greninja, L80, M|198/246 par\n|move|p1a: Mesprit|Drain Punch|p2a: Greninja\n|-supereffective|p2a: Greninja\n|-damage|p2a: Greninja|56/246 par\n|-heal|p1a: Mesprit|211/275|[from] drain|[of] p2a: Greninja\n|\n|-heal|p1a: Mesprit|228/275|[from] item: Leftovers\n|upkeep\n|turn|24\n|\n|t:|1733904443\n|move|p1a: Mesprit|Drain Punch|p2a: Greninja\n|-supereffective|p2a: Greninja\n|-damage|p2a: Greninja|0 fnt\n|-heal|p1a: Mesprit|256/275|[from] drain|[of] p2a: Greninja\n|faint|p2a: Greninja\n|\n|-heal|p1a: Mesprit|273/275|[from] item: Leftovers\n|upkeep\n|\n|t:|1733904445\n|switch|p2a: Virizion|Virizion, L82|255/283\n|turn|25\n|inactive|Nobunaga 1st has 120 seconds left.\n|\n|t:|1733904454\n|-terastallize|p2a: Virizion|Rock\n|move|p2a: Virizion|Swords Dance|p2a: Virizion\n|-boost|p2a: Virizion|atk|2\n|move|p1a: Mesprit|Psychic Noise|p2a: Virizion\n|-damage|p2a: Virizion|186/283\n|-start|p2a: Virizion|move: Heal Block\n|\n|-heal|p1a: Mesprit|275/275|[from] item: Leftovers\n|upkeep\n|turn|26\n|inactive|Nobunaga 1st has 120 seconds left.\n|\n|t:|1733904486\n|move|p2a: Virizion|Stone Edge|p1a: Mesprit\n|-crit|p1a: Mesprit\n|-damage|p1a: Mesprit|0 fnt\n|faint|p1a: Mesprit\n|-damage|p2a: Virizion|158/283|[from] item: Life Orb\n|\n|-end|p2a: Virizion|move: Heal Block\n|upkeep\n|inactive|Nobunaga 1st has 90 seconds left.\n|l|\u2606Nobunaga 1st\n|inactive|Nobunaga 1st disconnected and has a minute to reconnect!\n|player|p1|\n|inactive|Nobunaga 1st has 30 seconds to reconnect!\n|inactive|Nobunaga 1st has 20 seconds to reconnect!\n|inactive|Nobunaga 1st has 15 seconds to reconnect!\n|inactive|Nobunaga 1st has 10 seconds to reconnect!\n|inactive|Nobunaga 1st has 5 seconds to reconnect!\n|-message|Nobunaga 1st lost due to inactivity.\n|\n|win|packaging tech1\n|inactive|Nobunaga 1st has 20 seconds left this turn.\n|raw|Nobunaga 1st's rating: 1570 &rarr; <strong>1549</strong><br />(-21 for losing)\n|raw|packaging tech1's rating: 1561 &rarr; <strong>1582</strong><br />(+21 for winning)\n", "inputlog": ">version bfd83cad13791eb5a5a409923076391caf6fb4d4\n>start {\"formatid\":\"gen9randombattle\",\"seed\":[19958,58490,49235,23625],\"rated\":\"Rated battle\"}\n>player p1 {\"name\":\"Nobunaga 1st\",\"avatar\":\"265\",\"rating\":1570,\"seed\":[31513,88,52694,22354]}\n>player p2 {\"name\":\"packaging tech1\",\"avatar\":\"102\",\"rating\":1561,\"seed\":[21344,44296,10590,55165]}\n>p1 move thunderwave\n>p2 switch 5\n>p1 switch 4\n>p2 move knockoff\n>p1 move dragondance\n>p2 move stickyweb\n>p1 move stoneedge\n>p2 move circlethrow\n>p1 move stoneedge\n>p2 move circlethrow\n>p1 move psychicnoise\n>p2 move stickyweb\n>p1 move psychicnoise\n>p2 move knockoff\n>p2 switch 2\n>p1 move knockoff\n>p2 move shadowball\n>p1 switch 4\n>p2 move thunderbolt\n>p1 move liquidation\n>p2 move shadowball\n>p2 switch 5\n>p1 move earthquake\n>p2 move ironhead\n>p1 switch 2\n>p1 move willowisp\n>p2 move irondefense\n>p1 move dragontail\n>p2 move irondefense\n>p1 move willowisp\n>p2 switch 3\n>p1 move poltergeist\n>p2 move ironhead\n>p1 move poltergeist\n>p2 move ironhead\n>p1 move poltergeist\n>p2 move ironhead\n>p2 switch 4\n>p1 move poltergeist terastallize\n>p2 move dracometeor\n>p2 switch 6\n>p1 move willowisp\n>p2 move darkpulse\n>p1 switch 6\n>p1 move thunderwave\n>p2 move icebeam\n>p1 move leafstorm\n>p2 switch 3\n>p1 move voltswitch\n>p2 move stoneedge\n>p1 switch 4\n>p1 move drainpunch\n>p2 switch 3\n>p1 move drainpunch\n>p2 move darkpulse\n>p2 switch 3\n>p1 move psychicnoise\n>p2 move swordsdance terastallize\n>p1 move drainpunch\n>p2 move stoneedge\n>forcelose p1", "uploadtime": 1733904585, "views": 11, "formatid": "gen9randombattle", "rating": 1549, "private": 0, "password": null}