{"id": "gen9randombattle-2090916295", "format": "[Gen 9] Random Battle", "players": ["AL_quds_AL_aqsa", "marrickchill"], "log": "|j|\u2606AL_quds_AL_aqsa\n|j|\u2606marrickchill\n|t:|1711625671\n|gametype|singles\n|player|p1|AL_quds_AL_aqsa|169|2234\n|player|p2|marrickchill|youngster-gen4dp|2223\n|teamsize|p1|6\n|teamsize|p2|6\n|gen|9\n|tier|[Gen 9] Random Battle\n|rated|\n|rule|Species Clause: Limit one of each Pok\u00e9mon\n|rule|HP Percentage Mod: HP is shown in percentages\n|rule|Sleep Clause Mod: Limit one foe put to sleep\n|rule|Illusion Level Mod: Illusion disguises the Pok\u00e9mon's true level\n|\n|t:|1711625671\n|start\n|switch|p1a: Hitmontop|Hitmontop, L88, M|231/231\n|switch|p2a: Uxie|Uxie, L83|260/260\n|-ability|p1a: Hitmontop|Intimidate|boost\n|-unboost|p2a: Uxie|atk|1\n|turn|1\n|\n|t:|1711625678\n|switch|p1a: Excadrill|Excadrill, L80, F|307/307\n|-ability|p1a: Excadrill|Mold Breaker\n|move|p2a: Uxie|Stealth Rock|p1a: Excadrill\n|-sidestart|p1: AL_quds_AL_aqsa|move: Stealth Rock\n|\n|upkeep\n|turn|2\n|\n|t:|1711625727\n|move|p2a: Uxie|Knock Off|p1a: Excadrill\n|-damage|p1a: Excadrill|255/307\n|-enditem|p1a: Excadrill|Life Orb|[from] move: Knock Off|[of] p2a: Uxie\n|move|p1a: Excadrill|Swords Dance|p1a: Excadrill\n|-boost|p1a: Excadrill|atk|2\n|\n|upkeep\n|turn|3\n|\n|t:|1711625735\n|move|p2a: Uxie|U-turn|p1a: Excadrill\n|-resisted|p1a: Excadrill\n|-damage|p1a: Excadrill|237/307\n|\n|t:|1711625738\n|switch|p2a: Lugia|Lugia, L73|275/275|[from] U-turn\n|move|p1a: Excadrill|Iron Head|p2a: Lugia\n|-damage|p2a: Lugia|94/275\n|\n|upkeep\n|turn|4\n|\n|t:|1711625792\n|move|p2a: Lugia|Earth Power|p1a: Excadrill\n|-supereffective|p1a: Excadrill\n|-damage|p1a: Excadrill|111/307\n|move|p1a: Excadrill|Rock Slide|p2a: Lugia\n|-supereffective|p2a: Lugia\n|-damage|p2a: Lugia|0 fnt\n|faint|p2a: Lugia\n|\n|upkeep\n|\n|t:|1711625800\n|switch|p2a: Manaphy|Manaphy, L78|284/284\n|turn|5\n|\n|t:|1711625806\n|-terastallize|p1a: Excadrill|Water\n|move|p2a: Manaphy|Hydro Pump|p1a: Excadrill\n|-resisted|p1a: Excadrill\n|-damage|p1a: Excadrill|41/307\n|move|p1a: Excadrill|Earthquake|p2a: Manaphy\n|-damage|p2a: Manaphy|29/284\n|\n|-heal|p2a: Manaphy|46/284|[from] item: Leftovers\n|upkeep\n|turn|6\n|\n|t:|1711625815\n|switch|p1a: Hitmontop|Hitmontop, L88, M|231/231\n|-damage|p1a: Hitmontop|217/231|[from] Stealth Rock\n|-ability|p1a: Hitmontop|Intimidate|boost\n|-unboost|p2a: Manaphy|atk|1\n|move|p2a: Manaphy|Energy Ball|p1a: Hitmontop\n|-damage|p1a: Hitmontop|189/231\n|\n|-heal|p2a: Manaphy|63/284|[from] item: Leftovers\n|upkeep\n|turn|7\n|\n|t:|1711625825\n|switch|p2a: Toxapex|Toxapex, L82, F|216/216\n|move|p1a: Hitmontop|Rapid Spin|p2a: Toxapex\n|-damage|p2a: Toxapex|189/216\n|-boost|p1a: Hitmontop|spe|1\n|-damage|p1a: Hitmontop|151/231|[from] item: Rocky Helmet|[of] p2a: Toxapex\n|-sideend|p1: AL_quds_AL_aqsa|Stealth Rock|[from] move: Rapid Spin|[of] p1a: Hitmontop\n|\n|upkeep\n|turn|8\n|\n|t:|1711625834\n|switch|p1a: Excadrill|Excadrill, L80, F, tera:Water|41/307\n|-ability|p1a: Excadrill|Mold Breaker\n|move|p2a: Toxapex|Toxic|p1a: Excadrill\n|-status|p1a: Excadrill|tox\n|\n|-damage|p1a: Excadrill|22/307 tox|[from] psn\n|upkeep\n|turn|9\n|\n|t:|1711625842\n|switch|p2a: Manaphy|Manaphy, L78|63/284\n|move|p1a: Excadrill|Iron Head|p2a: Manaphy\n|-resisted|p2a: Manaphy\n|-damage|p2a: Manaphy|15/284\n|\n|-heal|p2a: Manaphy|32/284|[from] item: Leftovers\n|-damage|p1a: Excadrill|0 fnt|[from] psn\n|faint|p1a: Excadrill\n|upkeep\n|\n|t:|1711625847\n|switch|p1a: Basculin|Basculin-Blue-Striped, L86, M|261/261\n|turn|10\n|\n|t:|1711625853\n|switch|p2a: Toxapex|Toxapex, L82, F|216/216\n|move|p1a: Basculin|Flip Turn|p2a: Toxapex\n|-resisted|p2a: Toxapex\n|-damage|p2a: Toxapex|175/216\n|-damage|p1a: Basculin|218/261|[from] item: Rocky Helmet|[of] p2a: Toxapex\n|\n|t:|1711625855\n|switch|p1a: Kyogre|Kyogre, L71|259/259|[from] Flip Turn\n|-weather|RainDance|[from] ability: Drizzle|[of] p1a: Kyogre\n|\n|-weather|RainDance|[upkeep]\n|upkeep\n|turn|11\n|\n|t:|1711625868\n|move|p1a: Kyogre|Calm Mind|p1a: Kyogre\n|-boost|p1a: Kyogre|spa|1\n|-boost|p1a: Kyogre|spd|1\n|move|p2a: Toxapex|Toxic|p1a: Kyogre\n|-status|p1a: Kyogre|tox\n|\n|-weather|RainDance|[upkeep]\n|-damage|p1a: Kyogre|243/259 tox|[from] psn\n|upkeep\n|turn|12\n|\n|t:|1711625875\n|switch|p2a: Manaphy|Manaphy, L78|32/284\n|move|p1a: Kyogre|Origin Pulse|p2a: Manaphy\n|-resisted|p2a: Manaphy\n|-crit|p2a: Manaphy\n|-damage|p2a: Manaphy|0 fnt\n|faint|p2a: Manaphy\n|\n|-weather|RainDance|[upkeep]\n|-heal|p1a: Kyogre|259/259 tox|[from] item: Leftovers\n|-damage|p1a: Kyogre|227/259 tox|[from] psn\n|upkeep\n|\n|t:|1711625885\n|switch|p2a: Miraidon|Miraidon, L65|238/238\n|-fieldstart|move: Electric Terrain|[from] ability: Hadron Engine|[of] p2a: Miraidon\n|turn|13\n|\n|t:|1711625892\n|move|p2a: Miraidon|Substitute|p2a: Miraidon\n|-start|p2a: Miraidon|Substitute\n|-damage|p2a: Miraidon|179/238\n|move|p1a: Kyogre|Ice Beam|p2a: Miraidon\n|-supereffective|p2a: Miraidon\n|-end|p2a: Miraidon|Substitute\n|\n|-weather|RainDance|[upkeep]\n|-heal|p2a: Miraidon|193/238|[from] item: Leftovers\n|-heal|p1a: Kyogre|243/259 tox|[from] item: Leftovers\n|-damage|p1a: Kyogre|195/259 tox|[from] psn\n|upkeep\n|turn|14\n|\n|t:|1711625902\n|switch|p1a: Chesnaught|Chesnaught, L84, M|285/285\n|move|p2a: Miraidon|Substitute|p2a: Miraidon\n|-start|p2a: Miraidon|Substitute\n|-damage|p2a: Miraidon|134/238\n|\n|-weather|none\n|-heal|p2a: Miraidon|148/238|[from] item: Leftovers\n|upkeep\n|turn|15\n|\n|t:|1711625910\n|switch|p2a: Uxie|Uxie, L83|260/260\n|move|p1a: Chesnaught|Body Press|p2a: Uxie\n|-resisted|p2a: Uxie\n|-crit|p2a: Uxie\n|-damage|p2a: Uxie|207/260\n|\n|-heal|p2a: Uxie|223/260|[from] item: Leftovers\n|upkeep\n|turn|16\n|\n|t:|1711625918\n|move|p2a: Uxie|Psychic Noise|p1a: Chesnaught\n|-supereffective|p1a: Chesnaught\n|-damage|p1a: Chesnaught|129/285\n|-start|p1a: Chesnaught|move: Heal Block\n|move|p1a: Chesnaught|Spikes|p2a: Uxie\n|-sidestart|p2: marrickchill|Spikes\n|\n|-heal|p2a: Uxie|239/260|[from] item: Leftovers\n|upkeep\n|turn|17\n|\n|t:|1711625925\n|switch|p1a: Incineroar|Incineroar, L84, M|297/297\n|-ability|p1a: Incineroar|Intimidate|boost\n|-unboost|p2a: Uxie|atk|1\n|move|p2a: Uxie|Psychic Noise|p1a: Incineroar\n|-immune|p1a: Incineroar\n|\n|-heal|p2a: Uxie|255/260|[from] item: Leftovers\n|-fieldend|move: Electric Terrain\n|upkeep\n|turn|18\n|\n|t:|1711625936\n|move|p1a: Incineroar|Fake Out|p2a: Uxie\n|-damage|p2a: Uxie|231/260\n|cant|p2a: Uxie|flinch\n|\n|-heal|p2a: Uxie|247/260|[from] item: Leftovers\n|upkeep\n|turn|19\n|\n|t:|1711625943\n|move|p2a: Uxie|U-turn|p1a: Incineroar\n|-damage|p1a: Incineroar|270/297\n|\n|t:|1711625945\n|switch|p2a: Qwilfish|Qwilfish-Hisui, L84, F|246/246|[from] U-turn\n|-damage|p2a: Qwilfish|216/246|[from] Spikes\n|-ability|p2a: Qwilfish|Intimidate|boost\n|-unboost|p1a: Incineroar|atk|1\n|move|p1a: Incineroar|Knock Off|p2a: Qwilfish\n|-resisted|p2a: Qwilfish\n|-damage|p2a: Qwilfish|187/246\n|-enditem|p2a: Qwilfish|Eviolite|[from] move: Knock Off|[of] p1a: Incineroar\n|\n|upkeep\n|turn|20\n|\n|t:|1711625955\n|switch|p1a: Hitmontop|Hitmontop, L88, M|151/231\n|-ability|p1a: Hitmontop|Intimidate|boost\n|-unboost|p2a: Qwilfish|atk|1\n|move|p2a: Qwilfish|Toxic Spikes|p1a: Hitmontop\n|-sidestart|p1: AL_quds_AL_aqsa|move: Toxic Spikes\n|\n|upkeep\n|turn|21\n|\n|t:|1711625963\n|move|p2a: Qwilfish|Gunk Shot|p1a: Hitmontop\n|-damage|p1a: Hitmontop|69/231\n|-status|p1a: Hitmontop|psn\n|move|p1a: Hitmontop|Rapid Spin|p2a: Qwilfish\n|-crit|p2a: Qwilfish\n|-damage|p2a: Qwilfish|130/246\n|-boost|p1a: Hitmontop|spe|1\n|-sideend|p1: AL_quds_AL_aqsa|Toxic Spikes|[from] move: Rapid Spin|[of] p1a: Hitmontop\n|\n|-damage|p1a: Hitmontop|41/231 psn|[from] psn\n|upkeep\n|turn|22\n|\n|t:|1711625975\n|switch|p2a: Toxapex|Toxapex, L82, F|216/216\n|-damage|p2a: Toxapex|189/216|[from] Spikes\n|move|p1a: Hitmontop|Close Combat|p2a: Toxapex\n|-resisted|p2a: Toxapex\n|-damage|p2a: Toxapex|143/216\n|-unboost|p1a: Hitmontop|def|1\n|-unboost|p1a: Hitmontop|spd|1\n|-damage|p1a: Hitmontop|3/231 psn|[from] item: Rocky Helmet|[of] p2a: Toxapex\n|\n|-damage|p1a: Hitmontop|0 fnt|[from] psn\n|faint|p1a: Hitmontop\n|upkeep\n|\n|t:|1711625982\n|switch|p1a: Kyogre|Kyogre, L71|195/259 tox\n|-weather|RainDance|[from] ability: Drizzle|[of] p1a: Kyogre\n|turn|23\n|\n|t:|1711625991\n|switch|p2a: Uxie|Uxie, L83|247/260\n|move|p1a: Kyogre|Thunder|p2a: Uxie\n|-damage|p2a: Uxie|191/260\n|-status|p2a: Uxie|par\n|\n|-weather|RainDance|[upkeep]\n|-heal|p1a: Kyogre|211/259 tox|[from] item: Leftovers\n|-heal|p2a: Uxie|207/260 par|[from] item: Leftovers\n|-damage|p1a: Kyogre|195/259 tox|[from] psn\n|upkeep\n|turn|24\n|\n|t:|1711626003\n|switch|p1a: Incineroar|Incineroar, L84, M|270/297\n|-ability|p1a: Incineroar|Intimidate|boost\n|-unboost|p2a: Uxie|atk|1\n|cant|p2a: Uxie|par\n|\n|-weather|RainDance|[upkeep]\n|-heal|p2a: Uxie|223/260 par|[from] item: Leftovers\n|upkeep\n|turn|25\n|\n|t:|1711626011\n|switch|p2a: Qwilfish|Qwilfish-Hisui, L84, F|130/246\n|-damage|p2a: Qwilfish|100/246|[from] Spikes\n|-ability|p2a: Qwilfish|Intimidate|boost\n|-unboost|p1a: Incineroar|atk|1\n|move|p1a: Incineroar|U-turn|p2a: Qwilfish\n|-damage|p2a: Qwilfish|61/246\n|\n|t:|1711626014\n|switch|p1a: Basculin|Basculin-Blue-Striped, L86, M|218/261|[from] U-turn\n|\n|-weather|RainDance|[upkeep]\n|upkeep\n|turn|26\n|\n|t:|1711626022\n|switch|p2a: Toxapex|Toxapex, L82, F|215/216\n|-damage|p2a: Toxapex|188/216|[from] Spikes\n|move|p1a: Basculin|Flip Turn|p2a: Toxapex\n|-resisted|p2a: Toxapex\n|-damage|p2a: Toxapex|123/216\n|-damage|p1a: Basculin|175/261|[from] item: Rocky Helmet|[of] p2a: Toxapex\n|\n|t:|1711626029\n|switch|p1a: Kyogre|Kyogre, L71|195/259 tox|[from] Flip Turn\n|\n|-weather|RainDance|[upkeep]\n|-heal|p1a: Kyogre|211/259 tox|[from] item: Leftovers\n|-damage|p1a: Kyogre|195/259 tox|[from] psn\n|upkeep\n|turn|27\n|\n|t:|1711626037\n|switch|p2a: Uxie|Uxie, L83|223/260 par\n|move|p1a: Kyogre|Thunder|p2a: Uxie\n|-damage|p2a: Uxie|162/260 par\n|\n|-weather|none\n|-heal|p1a: Kyogre|211/259 tox|[from] item: Leftovers\n|-heal|p2a: Uxie|178/260 par|[from] item: Leftovers\n|-damage|p1a: Kyogre|179/259 tox|[from] psn\n|upkeep\n|turn|28\n|\n|t:|1711626047\n|switch|p1a: Incineroar|Incineroar, L84, M|270/297\n|-ability|p1a: Incineroar|Intimidate|boost\n|-unboost|p2a: Uxie|atk|1\n|move|p2a: Uxie|Stealth Rock|p1a: Incineroar\n|-sidestart|p1: AL_quds_AL_aqsa|move: Stealth Rock\n|\n|-heal|p2a: Uxie|194/260 par|[from] item: Leftovers\n|upkeep\n|turn|29\n|\n|t:|1711626055\n|switch|p2a: Qwilfish|Qwilfish-Hisui, L84, F|61/246\n|-damage|p2a: Qwilfish|31/246|[from] Spikes\n|-ability|p2a: Qwilfish|Intimidate|boost\n|-unboost|p1a: Incineroar|atk|1\n|move|p1a: Incineroar|Knock Off|p2a: Qwilfish\n|-resisted|p2a: Qwilfish\n|-damage|p2a: Qwilfish|4/246\n|\n|upkeep\n|turn|30\n|\n|t:|1711626065\n|move|p2a: Qwilfish|Gunk Shot|p1a: Incineroar\n|-damage|p1a: Incineroar|158/297\n|move|p1a: Incineroar|U-turn|p2a: Qwilfish\n|-damage|p2a: Qwilfish|0 fnt\n|faint|p2a: Qwilfish\n|\n|t:|1711626078\n|switch|p1a: Basculin|Basculin-Blue-Striped, L86, M|175/261|[from] U-turn\n|-damage|p1a: Basculin|143/261|[from] Stealth Rock\n|\n|upkeep\n|\n|t:|1711626084\n|switch|p2a: Toxapex|Toxapex, L82, F|195/216\n|-damage|p2a: Toxapex|168/216|[from] Spikes\n|turn|31\n|\n|t:|1711626096\n|switch|p1a: Chesnaught|Chesnaught, L84, M|129/285\n|-damage|p1a: Chesnaught|112/285|[from] Stealth Rock\n|move|p2a: Toxapex|Toxic|p1a: Chesnaught\n|-status|p1a: Chesnaught|tox\n|\n|-heal|p1a: Chesnaught|129/285 tox|[from] item: Leftovers\n|-damage|p1a: Chesnaught|112/285 tox|[from] psn\n|upkeep\n|turn|32\n|\n|t:|1711626105\n|switch|p2a: Uxie|Uxie, L83|194/260 par\n|move|p1a: Chesnaught|Spikes|p2a: Uxie\n|-sidestart|p2: marrickchill|Spikes\n|\n|-heal|p1a: Chesnaught|129/285 tox|[from] item: Leftovers\n|-heal|p2a: Uxie|210/260 par|[from] item: Leftovers\n|-damage|p1a: Chesnaught|95/285 tox|[from] psn\n|upkeep\n|turn|33\n|\n|t:|1711626114\n|move|p1a: Chesnaught|Wood Hammer|p2a: Uxie\n|-crit|p2a: Uxie\n|-damage|p2a: Uxie|66/260 par\n|-damage|p1a: Chesnaught|47/285 tox|[from] Recoil\n|move|p2a: Uxie|Knock Off|p1a: Chesnaught\n|-resisted|p1a: Chesnaught\n|-damage|p1a: Chesnaught|24/285 tox\n|-enditem|p1a: Chesnaught|Leftovers|[from] move: Knock Off|[of] p2a: Uxie\n|\n|-heal|p2a: Uxie|82/260 par|[from] item: Leftovers\n|-damage|p1a: Chesnaught|0 fnt|[from] psn\n|faint|p1a: Chesnaught\n|upkeep\n|\n|t:|1711626118\n|switch|p1a: Incineroar|Incineroar, L84, M|158/297\n|-damage|p1a: Incineroar|84/297|[from] Stealth Rock\n|-ability|p1a: Incineroar|Intimidate|boost\n|-unboost|p2a: Uxie|atk|1\n|turn|34\n|\n|t:|1711626132\n|move|p1a: Incineroar|Knock Off|p2a: Uxie\n|-supereffective|p2a: Uxie\n|-damage|p2a: Uxie|0 fnt\n|-enditem|p2a: Uxie|Leftovers|[from] move: Knock Off|[of] p1a: Incineroar\n|faint|p2a: Uxie\n|\n|upkeep\n|\n|t:|1711626138\n|switch|p2a: Miraidon|Miraidon, L65|148/238\n|-damage|p2a: Miraidon|109/238|[from] Spikes\n|-fieldstart|move: Electric Terrain|[from] ability: Hadron Engine|[of] p2a: Miraidon\n|turn|35\n|\n|t:|1711626144\n|move|p2a: Miraidon|Electro Drift|p1a: Incineroar\n|-damage|p1a: Incineroar|0 fnt\n|faint|p1a: Incineroar\n|\n|-heal|p2a: Miraidon|123/238|[from] item: Leftovers\n|upkeep\n|\n|t:|1711626146\n|switch|p1a: Basculin|Basculin-Blue-Striped, L86, M|143/261\n|-damage|p1a: Basculin|111/261|[from] Stealth Rock\n|turn|36\n|\n|t:|1711626154\n|switch|p2a: Toxapex|Toxapex, L82, F|216/216\n|-damage|p2a: Toxapex|180/216|[from] Spikes\n|move|p1a: Basculin|Flip Turn|p2a: Toxapex\n|-resisted|p2a: Toxapex\n|-damage|p2a: Toxapex|136/216\n|-damage|p1a: Basculin|68/261|[from] item: Rocky Helmet|[of] p2a: Toxapex\n|\n|t:|1711626155\n|switch|p1a: Kyogre|Kyogre, L71|179/259 tox|[from] Flip Turn\n|-damage|p1a: Kyogre|147/259 tox|[from] Stealth Rock\n|-weather|RainDance|[from] ability: Drizzle|[of] p1a: Kyogre\n|\n|-weather|RainDance|[upkeep]\n|-heal|p1a: Kyogre|163/259 tox|[from] item: Leftovers\n|-damage|p1a: Kyogre|147/259 tox|[from] psn\n|upkeep\n|turn|37\n|\n|t:|1711626170\n|-terastallize|p2a: Toxapex|Fairy\n|move|p1a: Kyogre|Calm Mind|p1a: Kyogre\n|-boost|p1a: Kyogre|spa|1\n|-boost|p1a: Kyogre|spd|1\n|move|p2a: Toxapex|Recover|p2a: Toxapex\n|-heal|p2a: Toxapex|216/216\n|\n|-weather|RainDance|[upkeep]\n|-heal|p1a: Kyogre|163/259 tox|[from] item: Leftovers\n|-damage|p1a: Kyogre|131/259 tox|[from] psn\n|upkeep\n|turn|38\n|\n|t:|1711626182\n|move|p1a: Kyogre|Origin Pulse|p2a: Toxapex\n|-damage|p2a: Toxapex|29/216\n|move|p2a: Toxapex|Haze|p2a: Toxapex\n|-clearallboost\n|\n|-weather|RainDance|[upkeep]\n|-heal|p1a: Kyogre|147/259 tox|[from] item: Leftovers\n|-damage|p1a: Kyogre|99/259 tox|[from] psn\n|upkeep\n|turn|39\n|\n|t:|1711626191\n|move|p1a: Kyogre|Ice Beam|p2a: Toxapex\n|-damage|p2a: Toxapex|0 fnt\n|faint|p2a: Toxapex\n|\n|-weather|RainDance|[upkeep]\n|-heal|p1a: Kyogre|115/259 tox|[from] item: Leftovers\n|-damage|p1a: Kyogre|51/259 tox|[from] psn\n|-fieldend|move: Electric Terrain\n|upkeep\n|\n|t:|1711626198\n|switch|p2a: Miraidon|Miraidon, L65|123/238\n|-damage|p2a: Miraidon|84/238|[from] Spikes\n|-fieldstart|move: Electric Terrain|[from] ability: Hadron Engine|[of] p2a: Miraidon\n|turn|40\n|-message|marrickchill forfeited.\n|\n|win|AL_quds_AL_aqsa\n|raw|AL_quds_AL_aqsa's rating: 2211 &rarr; <strong>2232</strong><br />(+21 for winning)\n|raw|marrickchill's rating: 2223 &rarr; <strong>2202</strong><br />(-21 for losing)\n|l|\u2606marrickchill\n|player|p2|\n", "inputlog": ">version 2900dc167fef168b2118e614d150189f9391c44b\n>start {\"formatid\":\"gen9randombattle\",\"seed\":[45121,47450,16588,6629],\"rated\":\"Rated battle\"}\n>player p1 {\"name\":\"AL_quds_AL_aqsa\",\"avatar\":\"169\",\"rating\":2234,\"seed\":[46402,19056,50728,57047]}\n>player p2 {\"name\":\"marrickchill\",\"avatar\":\"youngster-gen4dp\",\"rating\":2223,\"seed\":[3551,42949,64900,2463]}\n>p1 switch 4\n>p2 move stealthrock\n>p1 move swordsdance\n>p2 move knockoff\n>p1 move ironhead\n>p2 move uturn\n>p2 switch 2\n>p1 move rockslide\n>p2 move earthpower\n>p2 switch 4\n>p1 move earthquake terastallize\n>p2 move hydropump\n>p1 switch 4\n>p2 move energyball\n>p1 move rapidspin\n>p2 switch 5\n>p1 switch 4\n>p2 move toxic\n>p1 move ironhead\n>p2 switch 5\n>p1 switch 2\n>p1 move flipturn\n>p2 switch 5\n>p1 switch 3\n>p1 move calmmind\n>p2 move toxic\n>p1 move originpulse\n>p2 switch 5\n>p2 switch 3\n>p1 move icebeam\n>p2 move substitute\n>p1 switch 5\n>p2 move substitute\n>p1 move bodypress\n>p2 switch 2\n>p1 move spikes\n>p2 move psychicnoise\n>p1 switch 6\n>p2 move psychicnoise\n>p1 move fakeout\n>p2 move uturn\n>p1 move knockoff\n>p2 move uturn\n>p2 switch 6\n>p1 switch 4\n>p2 move toxicspikes\n>p1 move rapidspin\n>p2 move gunkshot\n>p1 move closecombat\n>p2 switch 5\n>p1 switch 5\n>p1 move thunder\n>p2 switch 6\n>p1 switch 4\n>p2 move stealthrock\n>p1 move uturn\n>p2 switch 5\n>p1 switch 3\n>p1 move flipturn\n>p2 switch 6\n>p1 switch 4\n>p1 move thunder\n>p2 switch 5\n>p1 switch 3\n>p2 move stealthrock\n>p1 move knockoff\n>p2 switch 6\n>p1 move uturn\n>p2 move gunkshot\n>p1 switch 4\n>p2 switch 5\n>p1 switch 6\n>p2 move toxic\n>p1 move spikes\n>p2 switch 6\n>p1 move woodhammer\n>p2 move knockoff\n>p1 switch 4\n>p1 move knockoff\n>p2 move knockoff\n>p2 switch 2\n>p1 move knockoff\n>p2 move electrodrift\n>p1 switch 6\n>p1 move flipturn\n>p2 switch 6\n>p1 switch 3\n>p1 move calmmind\n>p2 move recover terastallize\n>p1 move originpulse\n>p2 move haze\n>p1 move icebeam\n>p2 move recover\n>p2 switch 6\n>forcelose p2", "uploadtime": 1711626212, "views": 242, "formatid": "gen9randombattle", "rating": 2202, "private": 0, "password": null}