{"id": "gen9randombattle-2129157490", "format": "[Gen 9] Random Battle", "players": ["MichaelderBeste2", "Delta 2777"], "log": "|badge|p1|gold|gen9randombattle|3-1\n|uhtml|medal-msg|<div class=\"broadcast-blue\">Curious what those medals under the avatar are? PS now has Ladder Seasons! For more information, check out the <a href=\"https://www.smogon.com/forums/threads/3740067/\">thread on Smogon.</a></div>\n|badge|p2|gold|gen9randombattle|3-1\n|uhtml|medal-msg|<div class=\"broadcast-blue\">Curious what those medals under the avatar are? PS now has Ladder Seasons! For more information, check out the <a href=\"https://www.smogon.com/forums/threads/3740067/\">thread on Smogon.</a></div>\n|j|\u2606MichaelderBeste2\n|j|\u2606Delta 2777\n|t:|1716497071\n|gametype|singles\n|player|p1|MichaelderBeste2|#scl1platoon|2504\n|player|p2|Delta 2777|265|2483\n|teamsize|p1|6\n|teamsize|p2|6\n|gen|9\n|tier|[Gen 9] Random Battle\n|rated|\n|rule|Species Clause: Limit one of each Pok\u00e9mon\n|rule|HP Percentage Mod: HP is shown in percentages\n|rule|Sleep Clause Mod: Limit one foe put to sleep\n|rule|Illusion Level Mod: Illusion disguises the Pok\u00e9mon's true level\n|\n|t:|1716497071\n|start\n|switch|p1a: Clodsire|Clodsire, L81, F|343/343\n|switch|p2a: Primarina|Primarina, L83, F|268/268\n|turn|1\n|inactive|Battle timer is ON: inactive players will automatically lose when time's up. (requested by Delta 2777)\n|\n|t:|1716497094\n|move|p2a: Primarina|Sparkling Aria|p1a: Clodsire\n|-supereffective|p1a: Clodsire\n|-damage|p1a: Clodsire|107/343\n|move|p1a: Clodsire|Gunk Shot|p2a: Primarina\n|-supereffective|p2a: Primarina\n|-damage|p2a: Primarina|56/268\n|\n|-heal|p2a: Primarina|72/268|[from] item: Leftovers\n|-heal|p1a: Clodsire|128/343|[from] item: Leftovers\n|upkeep\n|turn|2\n|\n|t:|1716497104\n|switch|p1a: Toxicroak|Toxicroak, L84, F|277/277\n|move|p2a: Primarina|Draining Kiss|p1a: Toxicroak\n|-damage|p1a: Toxicroak|189/277\n|-heal|p2a: Primarina|138/268|[from] drain|[of] p1a: Toxicroak\n|\n|-heal|p2a: Primarina|154/268|[from] item: Leftovers\n|upkeep\n|turn|3\n|j| werwerw3rwe\n|\n|t:|1716497129\n|switch|p2a: Annihilape|Annihilape, L76, M|292/292\n|move|p1a: Toxicroak|Close Combat|p2a: Annihilape\n|-immune|p2a: Annihilape\n|\n|upkeep\n|turn|4\n|\n|t:|1716497139\n|switch|p1a: Clodsire|Clodsire, L81, F|128/343\n|move|p2a: Annihilape|Bulk Up|p2a: Annihilape\n|-boost|p2a: Annihilape|atk|1\n|-boost|p2a: Annihilape|def|1\n|\n|-heal|p1a: Clodsire|149/343|[from] item: Leftovers\n|upkeep\n|turn|5\n|\n|t:|1716497152\n|switch|p2a: Hoopa|Hoopa-Unbound, L80|259/259\n|move|p1a: Clodsire|Recover|p1a: Clodsire\n|-heal|p1a: Clodsire|321/343\n|\n|-heal|p1a: Clodsire|342/343|[from] item: Leftovers\n|upkeep\n|turn|6\n|\n|t:|1716497160\n|switch|p1a: Mightyena|Mightyena, L95, M|287/287\n|-ability|p1a: Mightyena|Intimidate|boost\n|-unboost|p2a: Hoopa|atk|1\n|move|p2a: Hoopa|Zen Headbutt|p1a: Mightyena\n|-immune|p1a: Mightyena\n|\n|upkeep\n|turn|7\n|\n|t:|1716497171\n|switch|p2a: Primarina|Primarina, L83, F|154/268\n|move|p1a: Mightyena|Throat Chop|p2a: Primarina\n|-resisted|p2a: Primarina\n|-damage|p2a: Primarina|58/268\n|-start|p2a: Primarina|Throat Chop|[silent]\n|\n|-heal|p2a: Primarina|74/268|[from] item: Leftovers\n|upkeep\n|turn|8\n|\n|t:|1716497188\n|move|p1a: Mightyena|Throat Chop|p2a: Primarina\n|-resisted|p2a: Primarina\n|-damage|p2a: Primarina|0 fnt\n|faint|p2a: Primarina\n|\n|upkeep\n|\n|t:|1716497196\n|switch|p2a: Inteleon|Inteleon, L81, F|246/246\n|turn|9\n|\n|t:|1716497208\n|move|p2a: Inteleon|Hydro Pump|p1a: Mightyena\n|-damage|p1a: Mightyena|59/287\n|move|p1a: Mightyena|Throat Chop|p2a: Inteleon\n|-damage|p2a: Inteleon|32/246\n|-start|p2a: Inteleon|Throat Chop|[silent]\n|\n|upkeep\n|turn|10\n|\n|t:|1716497220\n|move|p2a: Inteleon|Hydro Pump|p1a: Mightyena\n|-damage|p1a: Mightyena|0 fnt\n|faint|p1a: Mightyena\n|\n|-end|p2a: Inteleon|Throat Chop|[silent]\n|upkeep\n|\n|t:|1716497229\n|switch|p1a: Toxicroak|Toxicroak, L84, F|189/277\n|turn|11\n|\n|t:|1716497245\n|switch|p2a: Slaking|Slaking, L84, F|389/389\n|move|p1a: Toxicroak|Swords Dance|p1a: Toxicroak\n|-boost|p1a: Toxicroak|atk|2\n|\n|upkeep\n|turn|12\n|\n|t:|1716497253\n|move|p2a: Slaking|Earthquake|p1a: Toxicroak\n|-supereffective|p1a: Toxicroak\n|-damage|p1a: Toxicroak|0 fnt\n|faint|p1a: Toxicroak\n|\n|upkeep\n|\n|t:|1716497259\n|switch|p1a: Dodrio|Dodrio, L86, M|243/243\n|turn|13\n|j| Sylveon is so cute\n|\n|t:|1716497266\n|switch|p2a: Glimmora|Glimmora, L76, M|251/251\n|-item|p2a: Glimmora|Air Balloon\n|move|p1a: Dodrio|Brave Bird|p2a: Glimmora\n|-resisted|p2a: Glimmora\n|-damage|p2a: Glimmora|175/251\n|-activate|p2a: Glimmora|ability: Toxic Debris\n|-sidestart|p1: MichaelderBeste2|move: Toxic Spikes\n|-enditem|p2a: Glimmora|Air Balloon\n|-damage|p1a: Dodrio|218/243|[from] Recoil\n|\n|upkeep\n|turn|14\n|\n|t:|1716497274\n|switch|p2a: Slaking|Slaking, L84, F|389/389\n|move|p1a: Dodrio|Drill Run|p2a: Slaking\n|-damage|p2a: Slaking|332/389\n|\n|upkeep\n|turn|15\n|\n|t:|1716497287\n|switch|p1a: Clodsire|Clodsire, L81, F|342/343\n|-sideend|p1: MichaelderBeste2|move: Toxic Spikes|[of] p1a: Clodsire\n|-terastallize|p2a: Slaking|Normal\n|move|p2a: Slaking|Double-Edge|p1a: Clodsire\n|-damage|p1a: Clodsire|0 fnt\n|faint|p1a: Clodsire\n|-damage|p2a: Slaking|219/389|[from] Recoil\n|\n|upkeep\n|\n|t:|1716497295\n|switch|p1a: Palkia|Palkia, L75|259/259\n|-ability|p1a: Palkia|Pressure\n|turn|16\n|\n|t:|1716497310\n|switch|p2a: Hoopa|Hoopa-Unbound, L80|259/259\n|move|p1a: Palkia|Spacial Rend|p2a: Hoopa\n|-damage|p2a: Hoopa|165/259\n|\n|upkeep\n|turn|17\n|\n|t:|1716497318\n|switch|p1a: Vigoroth|Vigoroth, L85, M|275/275\n|move|p2a: Hoopa|Hyperspace Fury|p1a: Vigoroth\n|-damage|p1a: Vigoroth|124/275\n|-unboost|p2a: Hoopa|def|1\n|\n|upkeep\n|turn|18\n|\n|t:|1716497327\n|switch|p2a: Annihilape|Annihilape, L76, M|292/292\n|move|p1a: Vigoroth|Slack Off|p1a: Vigoroth\n|-heal|p1a: Vigoroth|262/275\n|\n|upkeep\n|turn|19\n|\n|t:|1716497338\n|switch|p1a: Dodrio|Dodrio, L86, M|218/243\n|move|p2a: Annihilape|Drain Punch|p1a: Dodrio\n|-damage|p1a: Dodrio|137/243\n|\n|upkeep\n|turn|20\n|\n|t:|1716497344\n|switch|p1a: Palkia|Palkia, L75|259/259\n|-ability|p1a: Palkia|Pressure\n|switch|p2a: Glimmora|Glimmora, L76, M|175/251\n|\n|upkeep\n|turn|21\n|j| Teres bahji\n|\n|t:|1716497368\n|switch|p2a: Inteleon|Inteleon, L81, F|32/246\n|move|p1a: Palkia|Hydro Pump|p2a: Inteleon\n|-resisted|p2a: Inteleon\n|-damage|p2a: Inteleon|0 fnt\n|faint|p2a: Inteleon\n|\n|upkeep\n|c| Teres bahji|money on delta\n|inactive|Delta 2777 has 120 seconds left.\n|\n|t:|1716497388\n|switch|p2a: Slaking|Slaking, L84, F, tera:Normal|219/389\n|turn|22\n|inactive|Delta 2777 has 120 seconds left.\n|\n|t:|1716497400\n|switch|p1a: Vigoroth|Vigoroth, L85, M|262/275\n|move|p2a: Slaking|Double-Edge|p1a: Vigoroth\n|-damage|p1a: Vigoroth|76/275\n|-damage|p2a: Slaking|158/389|[from] Recoil\n|\n|upkeep\n|turn|23\n|inactive|Delta 2777 has 120 seconds left.\n|\n|t:|1716497417\n|switch|p2a: Annihilape|Annihilape, L76, M|292/292\n|move|p1a: Vigoroth|Slack Off|p1a: Vigoroth\n|-heal|p1a: Vigoroth|214/275\n|\n|upkeep\n|turn|24\n|\n|t:|1716497425\n|switch|p1a: Palkia|Palkia, L75|259/259\n|-ability|p1a: Palkia|Pressure\n|switch|p2a: Slaking|Slaking, L84, F, tera:Normal|158/389\n|\n|upkeep\n|turn|25\n|inactive|Delta 2777 has 120 seconds left.\n|\n|t:|1716497443\n|switch|p1a: Vigoroth|Vigoroth, L85, M|214/275\n|move|p2a: Slaking|Giga Impact|p1a: Vigoroth\n|-crit|p1a: Vigoroth\n|-damage|p1a: Vigoroth|0 fnt\n|-mustrecharge|p2a: Slaking\n|faint|p1a: Vigoroth\n|\n|upkeep\n|\n|t:|1716497462\n|switch|p1a: Palkia|Palkia, L75|259/259\n|-ability|p1a: Palkia|Pressure\n|turn|26\n|\n|t:|1716497476\n|-terastallize|p1a: Palkia|Dragon\n|cant|p2a: Slaking|recharge\n|move|p1a: Palkia|Spacial Rend|p2a: Slaking\n|-damage|p2a: Slaking|0 fnt\n|faint|p2a: Slaking\n|\n|upkeep\n|inactive|Delta 2777 has 120 seconds left.\n|\n|t:|1716497493\n|switch|p2a: Hoopa|Hoopa-Unbound, L80|165/259\n|turn|27\n|\n|t:|1716497497\n|move|p1a: Palkia|Spacial Rend|p2a: Hoopa\n|-crit|p2a: Hoopa\n|-damage|p2a: Hoopa|0 fnt\n|faint|p2a: Hoopa\n|\n|upkeep\n|\n|t:|1716497510\n|switch|p2a: Annihilape|Annihilape, L76, M|292/292\n|turn|28\n|\n|t:|1716497519\n|move|p1a: Palkia|Spacial Rend|p2a: Annihilape\n|-damage|p2a: Annihilape|104/292\n|move|p2a: Annihilape|Bulk Up|p2a: Annihilape\n|-boost|p2a: Annihilape|atk|1\n|-boost|p2a: Annihilape|def|1\n|\n|-heal|p2a: Annihilape|122/292|[from] item: Leftovers\n|upkeep\n|turn|29\n|\n|t:|1716497524\n|move|p1a: Palkia|Spacial Rend|p2a: Annihilape\n|-damage|p2a: Annihilape|0 fnt\n|faint|p2a: Annihilape\n|\n|upkeep\n|-message|Delta 2777 forfeited.\n|\n|win|MichaelderBeste2\n|raw|MichaelderBeste2's rating: 2504 &rarr; <strong>2523</strong><br />(+19 for winning)\n|raw|Delta 2777's rating: 2483 &rarr; <strong>2464</strong><br />(-19 for losing)\n|l|\u2606Delta 2777\n|player|p2|\n|c|\u2606MichaelderBeste2|teres\n|c|\u2606MichaelderBeste2|ty for your money\n|c| Teres bahji|damn\n|c|\u2606MichaelderBeste2|the crit did not matter btw\n|c|\u2606MichaelderBeste2|I was drill run\n|c| Teres bahji|itbf\n|c| Teres bahji|why\n|c| Teres bahji|giga impact\n|c| Teres bahji|when double edge\n|c| Teres bahji|was better\n|c| Teres bahji|made no sense\n|c| Teres bahji|oh well\n|c|\u2606MichaelderBeste2|well\n|c| Teres bahji|i already helped u tho\n|c|\u2606MichaelderBeste2|I would double then\n|c| Teres bahji|i erased 30 points\n|c| Teres bahji|from number 1\n|c| Teres bahji|so u have less work\n|c| Teres bahji|to do\n|c|\u2606MichaelderBeste2|ty\n|l|\u2606MichaelderBeste2\n|player|p1|\n|l| Sylveon is so cute\n|l| werwerw3rwe\n", "inputlog": ">version 7158ead19aeac8750849df2840eabb6dbec77df6\n>start {\"formatid\":\"gen9randombattle\",\"seed\":[25399,13216,22063,20315],\"rated\":\"Rated battle\"}\n>player p1 {\"name\":\"MichaelderBeste2\",\"avatar\":\"#scl1platoon\",\"rating\":2504,\"seed\":[14582,48084,39503,51449]}\n>player p2 {\"name\":\"Delta 2777\",\"avatar\":\"265\",\"rating\":2483,\"seed\":[32947,10662,4226,57006]}\n>p1 move gunkshot\n>p2 move sparklingaria\n>p1 switch 6\n>p2 move drainingkiss\n>p1 move closecombat\n>p2 switch 2\n>p1 switch 6\n>p2 move bulkup\n>p1 move recover\n>p2 switch 6\n>p1 switch 5\n>p2 move zenheadbutt\n>p1 move throatchop\n>p2 switch 2\n>p1 move throatchop\n>p2 move drainingkiss\n>p2 switch 3\n>p1 move throatchop\n>p2 move hydropump\n>p1 move throatchop\n>p2 move hydropump\n>p1 switch 6\n>p1 move swordsdance\n>p2 switch 5\n>p1 move closecombat\n>p2 move earthquake\n>p1 switch 4\n>p1 move bravebird\n>p2 switch 4\n>p1 move drillrun\n>p2 switch 4\n>p1 switch 5\n>p2 move doubleedge terastallize\n>p1 switch 3\n>p1 move spacialrend\n>p2 switch 2\n>p1 switch 2\n>p2 move hyperspacefury\n>p1 move slackoff\n>p2 switch 6\n>p1 switch 5\n>p2 move drainpunch\n>p1 switch 2\n>p2 switch 4\n>p1 move hydropump\n>p2 switch 5\n>chat  Teres bahji|money on delta\n>p2 switch 2\n>p1 switch 5\n>p2 move doubleedge\n>p1 move slackoff\n>p2 switch 4\n>p1 switch 5\n>p2 switch 4\n>p1 switch 5\n>p2 move gigaimpact\n>p1 switch 5\n>p1 move spacialrend terastallize\n>p2 move recharge\n>p2 switch 6\n>p1 move spacialrend\n>p2 move hyperspacefury\n>p2 switch 4\n>p1 move spacialrend\n>p2 move bulkup\n>p1 move spacialrend\n>p2 move drainpunch\n>forcelose p2", "uploadtime": 1716498079, "views": 265, "formatid": "gen9randombattle", "rating": 2464, "private": 0, "password": null}