{"id": "gen9randombattle-2260733021", "format": "[Gen 9] Random Battle", "players": ["635j356jj356", "AminitraboTTT"], "log": "|j|\u2606635j356jj356\n|j|\u2606AminitraboTTT\n|t:|1733884377\n|gametype|singles\n|player|p1|635j356jj356|169|\n|player|p2|AminitraboTTT|supernerd|\n|teamsize|p1|6\n|teamsize|p2|6\n|gen|9\n|tier|[Gen 9] Random Battle\n|rule|Species Clause: Limit one of each Pok\u00e9mon\n|rule|HP Percentage Mod: HP is shown in percentages\n|rule|Sleep Clause Mod: Limit one foe put to sleep\n|rule|Illusion Level Mod: Illusion disguises the Pok\u00e9mon's true level\n|\n|t:|1733884377\n|start\n|switch|p1a: Jolteon|Jolteon, L84, M|246/246\n|switch|p2a: Duraludon|Duraludon, L82, M|249/249\n|turn|1\n|c|\u2606AminitraboTTT|Hola, soy AminitraboTTT, el bot de la sala Espa\u00f1ol. gl hf\n|inactive|Battle timer is ON: inactive players will automatically lose when time's up. (requested by AminitraboTTT)\n|\n|t:|1733884380\n|-terastallize|p2a: Duraludon|Fighting\n|move|p1a: Jolteon|Volt Switch|p2a: Duraludon\n|-damage|p2a: Duraludon|119/249\n|\n|t:|1733884384\n|switch|p1a: Ribombee|Ribombee, L82, M|233/233|[from] Volt Switch\n|move|p2a: Duraludon|Draco Meteor|p1a: Ribombee\n|-immune|p1a: Ribombee\n|\n|upkeep\n|turn|2\n|\n|t:|1733884385\n|move|p1a: Ribombee|Moonblast|p2a: Duraludon\n|-supereffective|p2a: Duraludon\n|-damage|p2a: Duraludon|0 fnt\n|faint|p2a: Duraludon\n|\n|upkeep\n|\n|t:|1733884386\n|switch|p2a: Bellibolt|Bellibolt, L84, M|320/320\n|turn|3\n|\n|t:|1733884387\n|move|p1a: Ribombee|Sticky Web|p2a: Bellibolt\n|-sidestart|p2: AminitraboTTT|move: Sticky Web\n|move|p2a: Bellibolt|Thunderbolt|p1a: Ribombee\n|-damage|p1a: Ribombee|124/233\n|\n|upkeep\n|turn|4\n|\n|t:|1733884390\n|move|p1a: Ribombee|U-turn|p2a: Bellibolt\n|-damage|p2a: Bellibolt|272/320\n|-start|p2a: Bellibolt|Charge|U-turn|[from] ability: Electromorphosis\n|\n|t:|1733884391\n|switch|p1a: Jolteon|Jolteon, L84, M|246/246|[from] U-turn\n|move|p2a: Bellibolt|Thunderbolt|p1a: Jolteon\n|-immune|p1a: Jolteon|[from] ability: Volt Absorb\n|-end|p2a: Bellibolt|Charge|[silent]\n|\n|-heal|p2a: Bellibolt|292/320|[from] item: Leftovers\n|upkeep\n|turn|5\n|\n|t:|1733884393\n|switch|p2a: Lurantis|Lurantis, L87, F|264/264\n|-activate|p2a: Lurantis|move: Sticky Web\n|-boost|p2a: Lurantis|spe|1\n|move|p1a: Jolteon|Volt Switch|p2a: Lurantis\n|-resisted|p2a: Lurantis\n|-damage|p2a: Lurantis|210/264\n|\n|t:|1733884398\n|switch|p1a: Noivern|Noivern, L82, M|274/274|[from] Volt Switch\n|\n|-heal|p2a: Lurantis|226/264|[from] item: Leftovers\n|upkeep\n|turn|6\n|\n|t:|1733884401\n|switch|p2a: Bellibolt|Bellibolt, L84, M|292/320\n|-activate|p2a: Bellibolt|move: Sticky Web\n|-unboost|p2a: Bellibolt|spe|1\n|move|p1a: Noivern|U-turn|p2a: Bellibolt\n|-damage|p2a: Bellibolt|256/320\n|-start|p2a: Bellibolt|Charge|U-turn|[from] ability: Electromorphosis\n|\n|t:|1733884403\n|switch|p1a: Jolteon|Jolteon, L84, M|246/246|[from] U-turn\n|\n|-heal|p2a: Bellibolt|276/320|[from] item: Leftovers\n|upkeep\n|turn|7\n|\n|t:|1733884404\n|switch|p2a: Lurantis|Lurantis, L87, F|226/264\n|-activate|p2a: Lurantis|move: Sticky Web\n|-boost|p2a: Lurantis|spe|1\n|move|p1a: Jolteon|Volt Switch|p2a: Lurantis\n|-resisted|p2a: Lurantis\n|-damage|p2a: Lurantis|172/264\n|\n|t:|1733884405\n|switch|p1a: Noivern|Noivern, L82, M|274/274|[from] Volt Switch\n|\n|-heal|p2a: Lurantis|188/264|[from] item: Leftovers\n|upkeep\n|turn|8\n|\n|t:|1733884406\n|switch|p2a: Bellibolt|Bellibolt, L84, M|276/320\n|-activate|p2a: Bellibolt|move: Sticky Web\n|-unboost|p2a: Bellibolt|spe|1\n|move|p1a: Noivern|U-turn|p2a: Bellibolt\n|-damage|p2a: Bellibolt|238/320\n|-start|p2a: Bellibolt|Charge|U-turn|[from] ability: Electromorphosis\n|\n|t:|1733884407\n|switch|p1a: Jolteon|Jolteon, L84, M|246/246|[from] U-turn\n|\n|-heal|p2a: Bellibolt|258/320|[from] item: Leftovers\n|upkeep\n|turn|9\n|\n|t:|1733884409\n|switch|p2a: Lurantis|Lurantis, L87, F|188/264\n|-activate|p2a: Lurantis|move: Sticky Web\n|-boost|p2a: Lurantis|spe|1\n|move|p1a: Jolteon|Volt Switch|p2a: Lurantis\n|-resisted|p2a: Lurantis\n|-damage|p2a: Lurantis|134/264\n|\n|t:|1733884410\n|switch|p1a: Noivern|Noivern, L82, M|274/274|[from] Volt Switch\n|\n|-heal|p2a: Lurantis|150/264|[from] item: Leftovers\n|upkeep\n|turn|10\n|\n|t:|1733884411\n|switch|p2a: Bellibolt|Bellibolt, L84, M|258/320\n|-activate|p2a: Bellibolt|move: Sticky Web\n|-unboost|p2a: Bellibolt|spe|1\n|move|p1a: Noivern|U-turn|p2a: Bellibolt\n|-damage|p2a: Bellibolt|219/320\n|-start|p2a: Bellibolt|Charge|U-turn|[from] ability: Electromorphosis\n|\n|t:|1733884412\n|switch|p1a: Jolteon|Jolteon, L84, M|246/246|[from] U-turn\n|\n|-heal|p2a: Bellibolt|239/320|[from] item: Leftovers\n|upkeep\n|turn|11\n|\n|t:|1733884413\n|switch|p2a: Lurantis|Lurantis, L87, F|150/264\n|-activate|p2a: Lurantis|move: Sticky Web\n|-boost|p2a: Lurantis|spe|1\n|move|p1a: Jolteon|Volt Switch|p2a: Lurantis\n|-resisted|p2a: Lurantis\n|-damage|p2a: Lurantis|91/264\n|\n|t:|1733884414\n|switch|p1a: Noivern|Noivern, L82, M|274/274|[from] Volt Switch\n|\n|-heal|p2a: Lurantis|107/264|[from] item: Leftovers\n|upkeep\n|turn|12\n|\n|t:|1733884415\n|switch|p2a: Bellibolt|Bellibolt, L84, M|239/320\n|-activate|p2a: Bellibolt|move: Sticky Web\n|-unboost|p2a: Bellibolt|spe|1\n|move|p1a: Noivern|U-turn|p2a: Bellibolt\n|-damage|p2a: Bellibolt|205/320\n|-start|p2a: Bellibolt|Charge|U-turn|[from] ability: Electromorphosis\n|\n|t:|1733884415\n|switch|p1a: Jolteon|Jolteon, L84, M|246/246|[from] U-turn\n|\n|-heal|p2a: Bellibolt|225/320|[from] item: Leftovers\n|upkeep\n|turn|13\n|\n|t:|1733884416\n|switch|p2a: Lurantis|Lurantis, L87, F|107/264\n|-activate|p2a: Lurantis|move: Sticky Web\n|-boost|p2a: Lurantis|spe|1\n|move|p1a: Jolteon|Volt Switch|p2a: Lurantis\n|-resisted|p2a: Lurantis\n|-damage|p2a: Lurantis|50/264\n|\n|t:|1733884417\n|switch|p1a: Noivern|Noivern, L82, M|274/274|[from] Volt Switch\n|\n|-heal|p2a: Lurantis|66/264|[from] item: Leftovers\n|upkeep\n|turn|14\n|\n|t:|1733884418\n|switch|p2a: Bellibolt|Bellibolt, L84, M|225/320\n|-activate|p2a: Bellibolt|move: Sticky Web\n|-unboost|p2a: Bellibolt|spe|1\n|move|p1a: Noivern|U-turn|p2a: Bellibolt\n|-damage|p2a: Bellibolt|189/320\n|-start|p2a: Bellibolt|Charge|U-turn|[from] ability: Electromorphosis\n|\n|t:|1733884419\n|switch|p1a: Jolteon|Jolteon, L84, M|246/246|[from] U-turn\n|\n|-heal|p2a: Bellibolt|209/320|[from] item: Leftovers\n|upkeep\n|turn|15\n|\n|t:|1733884420\n|switch|p2a: Lurantis|Lurantis, L87, F|66/264\n|-activate|p2a: Lurantis|move: Sticky Web\n|-boost|p2a: Lurantis|spe|1\n|move|p1a: Jolteon|Volt Switch|p2a: Lurantis\n|-resisted|p2a: Lurantis\n|-damage|p2a: Lurantis|6/264\n|\n|t:|1733884421\n|switch|p1a: Noivern|Noivern, L82, M|274/274|[from] Volt Switch\n|\n|-heal|p2a: Lurantis|22/264|[from] item: Leftovers\n|upkeep\n|turn|16\n|\n|t:|1733884422\n|switch|p2a: Bellibolt|Bellibolt, L84, M|209/320\n|-activate|p2a: Bellibolt|move: Sticky Web\n|-unboost|p2a: Bellibolt|spe|1\n|move|p1a: Noivern|U-turn|p2a: Bellibolt\n|-damage|p2a: Bellibolt|175/320\n|-start|p2a: Bellibolt|Charge|U-turn|[from] ability: Electromorphosis\n|\n|t:|1733884423\n|switch|p1a: Jolteon|Jolteon, L84, M|246/246|[from] U-turn\n|\n|-heal|p2a: Bellibolt|195/320|[from] item: Leftovers\n|upkeep\n|turn|17\n|\n|t:|1733884424\n|switch|p2a: Lurantis|Lurantis, L87, F|22/264\n|-activate|p2a: Lurantis|move: Sticky Web\n|-boost|p2a: Lurantis|spe|1\n|move|p1a: Jolteon|Volt Switch|p2a: Lurantis\n|-resisted|p2a: Lurantis\n|-damage|p2a: Lurantis|0 fnt\n|faint|p2a: Lurantis\n|\n|t:|1733884427\n|switch|p1a: Noivern|Noivern, L82, M|274/274|[from] Volt Switch\n|\n|upkeep\n|\n|t:|1733884427\n|switch|p2a: Bellibolt|Bellibolt, L84, M|195/320\n|-activate|p2a: Bellibolt|move: Sticky Web\n|-unboost|p2a: Bellibolt|spe|1\n|turn|18\n|\n|t:|1733884428\n|move|p1a: Noivern|U-turn|p2a: Bellibolt\n|-damage|p2a: Bellibolt|156/320\n|-start|p2a: Bellibolt|Charge|U-turn|[from] ability: Electromorphosis\n|\n|t:|1733884429\n|switch|p1a: Jolteon|Jolteon, L84, M|246/246|[from] U-turn\n|move|p2a: Bellibolt|Slack Off|p2a: Bellibolt\n|-heal|p2a: Bellibolt|316/320\n|\n|-heal|p2a: Bellibolt|320/320|[from] item: Leftovers\n|upkeep\n|turn|19\n|\n|t:|1733884430\n|move|p1a: Jolteon|Volt Switch|p2a: Bellibolt\n|-resisted|p2a: Bellibolt\n|-damage|p2a: Bellibolt|251/320\n|-start|p2a: Bellibolt|Charge|Volt Switch|[from] ability: Electromorphosis\n|\n|t:|1733884432\n|switch|p1a: Ditto|Ditto, L87|225/225|[from] Volt Switch\n|-transform|p1a: Ditto|p2a: Bellibolt|[from] ability: Imposter\n|move|p2a: Bellibolt|Muddy Water|p1a: Ditto|[miss]\n|-miss|p2a: Bellibolt|p1a: Ditto\n|\n|-heal|p2a: Bellibolt|271/320|[from] item: Leftovers\n|upkeep\n|turn|20\n|\n|t:|1733884435\n|move|p1a: Ditto|Volt Switch|p2a: Bellibolt\n|-resisted|p2a: Bellibolt\n|-damage|p2a: Bellibolt|229/320\n|-start|p2a: Bellibolt|Charge|Volt Switch|[from] ability: Electromorphosis\n|\n|t:|1733884437\n|switch|p1a: Jolteon|Jolteon, L84, M|246/246|[from] Volt Switch\n|move|p2a: Bellibolt|Volt Switch|p1a: Jolteon\n|-immune|p1a: Jolteon|[from] ability: Volt Absorb\n|-end|p2a: Bellibolt|Charge|[silent]\n|\n|-heal|p2a: Bellibolt|249/320|[from] item: Leftovers\n|upkeep\n|turn|21\n|\n|t:|1733884442\n|move|p1a: Jolteon|Volt Switch|p2a: Bellibolt\n|-resisted|p2a: Bellibolt\n|-damage|p2a: Bellibolt|191/320\n|-start|p2a: Bellibolt|Charge|Volt Switch|[from] ability: Electromorphosis\n|\n|t:|1733884443\n|switch|p1a: Manaphy|Manaphy, L78|284/284|[from] Volt Switch\n|move|p2a: Bellibolt|Slack Off|p2a: Bellibolt\n|-heal|p2a: Bellibolt|320/320\n|\n|upkeep\n|turn|22\n|\n|t:|1733884446\n|switch|p1a: Jolteon|Jolteon, L84, M|246/246\n|switch|p2a: Gallade|Gallade, L81, M|243/243\n|-activate|p2a: Gallade|move: Sticky Web\n|-unboost|p2a: Gallade|spe|1\n|\n|upkeep\n|turn|23\n|\n|t:|1733884449\n|move|p1a: Jolteon|Volt Switch|p2a: Gallade\n|-damage|p2a: Gallade|141/243\n|\n|t:|1733884452\n|switch|p1a: Granbull|Granbull, L88, F|302/302|[from] Volt Switch\n|-ability|p1a: Granbull|Intimidate|boost\n|-unboost|p2a: Gallade|atk|1\n|move|p2a: Gallade|Psycho Cut|p1a: Granbull\n|-damage|p1a: Granbull|177/302\n|-damage|p2a: Gallade|117/243|[from] item: Life Orb\n|\n|-heal|p1a: Granbull|195/302|[from] item: Leftovers\n|upkeep\n|turn|24\n|\n|t:|1733884453\n|move|p1a: Granbull|Play Rough|p2a: Gallade\n|-supereffective|p2a: Gallade\n|-damage|p2a: Gallade|0 fnt\n|faint|p2a: Gallade\n|\n|-heal|p1a: Granbull|213/302|[from] item: Leftovers\n|upkeep\n|\n|t:|1733884454\n|switch|p2a: Bellibolt|Bellibolt, L84, M|320/320\n|-activate|p2a: Bellibolt|move: Sticky Web\n|-unboost|p2a: Bellibolt|spe|1\n|turn|25\n|\n|t:|1733884456\n|switch|p1a: Jolteon|Jolteon, L84, M|246/246\n|move|p2a: Bellibolt|Thunderbolt|p1a: Jolteon\n|-immune|p1a: Jolteon|[from] ability: Volt Absorb\n|\n|upkeep\n|turn|26\n|\n|t:|1733884458\n|move|p1a: Jolteon|Volt Switch|p2a: Bellibolt\n|-resisted|p2a: Bellibolt\n|-damage|p2a: Bellibolt|261/320\n|-start|p2a: Bellibolt|Charge|Volt Switch|[from] ability: Electromorphosis\n|\n|t:|1733884459\n|switch|p1a: Manaphy|Manaphy, L78|284/284|[from] Volt Switch\n|move|p2a: Bellibolt|Muddy Water|p1a: Manaphy|[miss]\n|-miss|p2a: Bellibolt|p1a: Manaphy\n|\n|-heal|p2a: Bellibolt|281/320|[from] item: Leftovers\n|upkeep\n|turn|27\n|\n|t:|1733884460\n|switch|p1a: Jolteon|Jolteon, L84, M|246/246\n|move|p2a: Bellibolt|Volt Switch|p1a: Jolteon\n|-immune|p1a: Jolteon|[from] ability: Volt Absorb\n|-end|p2a: Bellibolt|Charge|[silent]\n|\n|-heal|p2a: Bellibolt|301/320|[from] item: Leftovers\n|upkeep\n|turn|28\n|\n|t:|1733884461\n|switch|p1a: Manaphy|Manaphy, L78|284/284\n|move|p2a: Bellibolt|Muddy Water|p1a: Manaphy|[miss]\n|-miss|p2a: Bellibolt|p1a: Manaphy\n|\n|-heal|p2a: Bellibolt|320/320|[from] item: Leftovers\n|upkeep\n|turn|29\n|\n|t:|1733884462\n|switch|p1a: Jolteon|Jolteon, L84, M|246/246\n|move|p2a: Bellibolt|Volt Switch|p1a: Jolteon\n|-immune|p1a: Jolteon|[from] ability: Volt Absorb\n|\n|upkeep\n|turn|30\n|\n|t:|1733884462\n|switch|p1a: Manaphy|Manaphy, L78|284/284\n|move|p2a: Bellibolt|Muddy Water|p1a: Manaphy|[miss]\n|-miss|p2a: Bellibolt|p1a: Manaphy\n|\n|upkeep\n|turn|31\n|\n|t:|1733884463\n|switch|p1a: Jolteon|Jolteon, L84, M|246/246\n|move|p2a: Bellibolt|Thunderbolt|p1a: Jolteon\n|-immune|p1a: Jolteon|[from] ability: Volt Absorb\n|\n|upkeep\n|turn|32\n|\n|t:|1733884464\n|switch|p1a: Manaphy|Manaphy, L78|284/284\n|move|p2a: Bellibolt|Muddy Water|p1a: Manaphy\n|-resisted|p1a: Manaphy\n|-damage|p1a: Manaphy|250/284\n|\n|-heal|p1a: Manaphy|267/284|[from] item: Leftovers\n|upkeep\n|turn|33\n|\n|t:|1733884465\n|switch|p1a: Jolteon|Jolteon, L84, M|246/246\n|move|p2a: Bellibolt|Thunderbolt|p1a: Jolteon\n|-immune|p1a: Jolteon|[from] ability: Volt Absorb\n|\n|upkeep\n|turn|34\n|\n|t:|1733884465\n|switch|p1a: Manaphy|Manaphy, L78|267/284\n|move|p2a: Bellibolt|Muddy Water|p1a: Manaphy\n|-resisted|p1a: Manaphy\n|-damage|p1a: Manaphy|237/284\n|\n|-heal|p1a: Manaphy|254/284|[from] item: Leftovers\n|upkeep\n|turn|35\n|\n|t:|1733884468\n|switch|p1a: Jolteon|Jolteon, L84, M|246/246\n|move|p2a: Bellibolt|Thunderbolt|p1a: Jolteon\n|-immune|p1a: Jolteon|[from] ability: Volt Absorb\n|\n|upkeep\n|turn|36\n|\n|t:|1733884470\n|switch|p1a: Manaphy|Manaphy, L78|254/284\n|move|p2a: Bellibolt|Muddy Water|p1a: Manaphy\n|-resisted|p1a: Manaphy\n|-damage|p1a: Manaphy|221/284\n|\n|-heal|p1a: Manaphy|238/284|[from] item: Leftovers\n|upkeep\n|turn|37\n|\n|t:|1733884470\n|switch|p1a: Jolteon|Jolteon, L84, M|246/246\n|move|p2a: Bellibolt|Thunderbolt|p1a: Jolteon\n|-immune|p1a: Jolteon|[from] ability: Volt Absorb\n|\n|upkeep\n|turn|38\n|\n|t:|1733884471\n|switch|p1a: Manaphy|Manaphy, L78|238/284\n|move|p2a: Bellibolt|Muddy Water|p1a: Manaphy\n|-resisted|p1a: Manaphy\n|-damage|p1a: Manaphy|205/284\n|\n|-heal|p1a: Manaphy|222/284|[from] item: Leftovers\n|upkeep\n|turn|39\n|\n|t:|1733884475\n|switch|p1a: Jolteon|Jolteon, L84, M|246/246\n|move|p2a: Bellibolt|Thunderbolt|p1a: Jolteon\n|-immune|p1a: Jolteon|[from] ability: Volt Absorb\n|\n|upkeep\n|turn|40\n|\n|t:|1733884480\n|switch|p1a: Ditto|Ditto, L87|225/225\n|-transform|p1a: Ditto|p2a: Bellibolt|[from] ability: Imposter\n|move|p2a: Bellibolt|Muddy Water|p1a: Ditto\n|-damage|p1a: Ditto|156/225\n|-start|p1a: Ditto|Charge|Muddy Water|[from] ability: Electromorphosis\n|\n|upkeep\n|turn|41\n|\n|t:|1733884482\n|move|p1a: Ditto|Slack Off|p1a: Ditto\n|-heal|p1a: Ditto|225/225\n|move|p2a: Bellibolt|Muddy Water|p1a: Ditto\n|-damage|p1a: Ditto|152/225\n|-unboost|p1a: Ditto|accuracy|1\n|-start|p1a: Ditto|Charge|Muddy Water|[from] ability: Electromorphosis\n|\n|upkeep\n|turn|42\n|\n|t:|1733884483\n|move|p1a: Ditto|Slack Off|p1a: Ditto\n|-heal|p1a: Ditto|225/225\n|move|p2a: Bellibolt|Muddy Water|p1a: Ditto\n|-damage|p1a: Ditto|159/225\n|-start|p1a: Ditto|Charge|Muddy Water|[from] ability: Electromorphosis\n|\n|upkeep\n|turn|43\n|\n|t:|1733884484\n|move|p1a: Ditto|Slack Off|p1a: Ditto\n|-heal|p1a: Ditto|225/225\n|move|p2a: Bellibolt|Muddy Water|p1a: Ditto\n|-damage|p1a: Ditto|161/225\n|-unboost|p1a: Ditto|accuracy|1\n|-start|p1a: Ditto|Charge|Muddy Water|[from] ability: Electromorphosis\n|\n|upkeep\n|turn|44\n|\n|t:|1733884485\n|move|p1a: Ditto|Slack Off|p1a: Ditto\n|-heal|p1a: Ditto|225/225\n|move|p2a: Bellibolt|Muddy Water|p1a: Ditto\n|-damage|p1a: Ditto|160/225\n|-start|p1a: Ditto|Charge|Muddy Water|[from] ability: Electromorphosis\n|\n|upkeep\n|turn|45\n|\n|t:|1733884489\n|move|p1a: Ditto|Slack Off|p1a: Ditto\n|-heal|p1a: Ditto|225/225\n|move|p2a: Bellibolt|Muddy Water|p1a: Ditto|[miss]\n|-miss|p2a: Bellibolt|p1a: Ditto\n|\n|upkeep\n|turn|46\n|\n|t:|1733884491\n|switch|p1a: Manaphy|Manaphy, L78|222/284\n|move|p2a: Bellibolt|Muddy Water|p1a: Manaphy\n|-resisted|p1a: Manaphy\n|-damage|p1a: Manaphy|188/284\n|-unboost|p1a: Manaphy|accuracy|1\n|\n|-heal|p1a: Manaphy|205/284|[from] item: Leftovers\n|upkeep\n|turn|47\n|\n|t:|1733884494\n|switch|p1a: Jolteon|Jolteon, L84, M|246/246\n|move|p2a: Bellibolt|Volt Switch|p1a: Jolteon\n|-immune|p1a: Jolteon|[from] ability: Volt Absorb\n|\n|upkeep\n|turn|48\n|\n|t:|1733884499\n|move|p1a: Jolteon|Volt Switch|p2a: Bellibolt\n|-resisted|p2a: Bellibolt\n|-damage|p2a: Bellibolt|257/320\n|-start|p2a: Bellibolt|Charge|Volt Switch|[from] ability: Electromorphosis\n|\n|t:|1733884501\n|switch|p1a: Manaphy|Manaphy, L78|205/284|[from] Volt Switch\n|move|p2a: Bellibolt|Muddy Water|p1a: Manaphy|[miss]\n|-miss|p2a: Bellibolt|p1a: Manaphy\n|\n|-heal|p1a: Manaphy|222/284|[from] item: Leftovers\n|-heal|p2a: Bellibolt|277/320|[from] item: Leftovers\n|upkeep\n|turn|49\n|\n|t:|1733884504\n|switch|p1a: Jolteon|Jolteon, L84, M|246/246\n|move|p2a: Bellibolt|Thunderbolt|p1a: Jolteon\n|-immune|p1a: Jolteon|[from] ability: Volt Absorb\n|-end|p2a: Bellibolt|Charge|[silent]\n|\n|-heal|p2a: Bellibolt|297/320|[from] item: Leftovers\n|upkeep\n|turn|50\n|\n|t:|1733884507\n|switch|p2a: Chien-Pao|Chien-Pao, L72|234/234\n|-activate|p2a: Chien-Pao|move: Sticky Web\n|-unboost|p2a: Chien-Pao|spe|1\n|-ability|p2a: Chien-Pao|Sword of Ruin\n|move|p1a: Jolteon|Volt Switch|p2a: Chien-Pao\n|-damage|p2a: Chien-Pao|71/234\n|\n|t:|1733884510\n|switch|p1a: Ribombee|Ribombee, L82, M|124/233|[from] Volt Switch\n|\n|upkeep\n|turn|51\n|\n|t:|1733884511\n|move|p1a: Ribombee|Moonblast|p2a: Chien-Pao\n|-supereffective|p2a: Chien-Pao\n|-damage|p2a: Chien-Pao|0 fnt\n|faint|p2a: Chien-Pao\n|\n|upkeep\n|\n|t:|1733884511\n|switch|p2a: Bellibolt|Bellibolt, L84, M|297/320\n|-activate|p2a: Bellibolt|move: Sticky Web\n|-unboost|p2a: Bellibolt|spe|1\n|turn|52\n|\n|t:|1733884512\n|move|p1a: Ribombee|U-turn|p2a: Bellibolt\n|-damage|p2a: Bellibolt|254/320\n|-start|p2a: Bellibolt|Charge|U-turn|[from] ability: Electromorphosis\n|\n|t:|1733884513\n|switch|p1a: Jolteon|Jolteon, L84, M|246/246|[from] U-turn\n|move|p2a: Bellibolt|Thunderbolt|p1a: Jolteon\n|-immune|p1a: Jolteon|[from] ability: Volt Absorb\n|-end|p2a: Bellibolt|Charge|[silent]\n|\n|-heal|p2a: Bellibolt|274/320|[from] item: Leftovers\n|upkeep\n|turn|53\n|\n|t:|1733884514\n|switch|p2a: Hawlucha|Hawlucha, L80, F|256/256\n|move|p1a: Jolteon|Volt Switch|p2a: Hawlucha\n|-supereffective|p2a: Hawlucha\n|-damage|p2a: Hawlucha|0 fnt\n|faint|p2a: Hawlucha\n|\n|t:|1733884521\n|switch|p1a: Granbull|Granbull, L88, F|213/302|[from] Volt Switch\n|\n|-heal|p1a: Granbull|231/302|[from] item: Leftovers\n|upkeep\n|\n|t:|1733884522\n|switch|p2a: Bellibolt|Bellibolt, L84, M|274/320\n|-activate|p2a: Bellibolt|move: Sticky Web\n|-unboost|p2a: Bellibolt|spe|1\n|turn|54\n|\n|t:|1733884523\n|-terastallize|p1a: Granbull|Ground\n|move|p1a: Granbull|Earthquake|p2a: Bellibolt\n|-supereffective|p2a: Bellibolt\n|-damage|p2a: Bellibolt|16/320\n|-start|p2a: Bellibolt|Charge|Earthquake|[from] ability: Electromorphosis\n|move|p2a: Bellibolt|Thunderbolt|p1a: Granbull\n|-immune|p1a: Granbull\n|-end|p2a: Bellibolt|Charge|[silent]\n|\n|-heal|p1a: Granbull|249/302|[from] item: Leftovers\n|-heal|p2a: Bellibolt|36/320|[from] item: Leftovers\n|upkeep\n|turn|55\n|\n|t:|1733884530\n|move|p1a: Granbull|Earthquake|p2a: Bellibolt\n|-supereffective|p2a: Bellibolt\n|-damage|p2a: Bellibolt|0 fnt\n|faint|p2a: Bellibolt\n|\n|win|635j356jj356\n|c|\u2606AminitraboTTT|wow ok :(\n|l|\u2606AminitraboTTT\n|player|p2|\n|c|\u2606635j356jj356|/log 635j356jj356 made this room public.\n", "inputlog": ">version bfd83cad13791eb5a5a409923076391caf6fb4d4\n>start {\"formatid\":\"gen9randombattle\",\"seed\":[42102,18862,34123,64191]}\n>player p1 {\"name\":\"635j356jj356\",\"avatar\":\"169\",\"rating\":0,\"seed\":[21232,60865,2953,19554]}\n>player p2 {\"name\":\"AminitraboTTT\",\"avatar\":\"supernerd\",\"rating\":0,\"seed\":[34033,15208,19029,18406]}\n>chat \u2606AminitraboTTT|Hola, soy AminitraboTTT, el bot de la sala Espa\u00f1ol. gl hf\n>p1 move voltswitch\n>p2 move dracometeor terastallize\n>p1 switch 3\n>p1 move moonblast\n>p2 move flashcannon\n>p2 switch 3\n>p1 move stickyweb\n>p2 move thunderbolt\n>p1 move uturn\n>p2 move thunderbolt\n>p1 switch 3\n>p1 move voltswitch\n>p2 switch 4\n>p1 switch 4\n>p1 move uturn\n>p2 switch 4\n>p1 switch 4\n>p1 move voltswitch\n>p2 switch 4\n>p1 switch 4\n>p1 move uturn\n>p2 switch 4\n>p1 switch 4\n>p1 move voltswitch\n>p2 switch 4\n>p1 switch 4\n>p1 move uturn\n>p2 switch 4\n>p1 switch 4\n>p1 move voltswitch\n>p2 switch 4\n>p1 switch 4\n>p1 move uturn\n>p2 switch 4\n>p1 switch 4\n>p1 move voltswitch\n>p2 switch 4\n>p1 switch 4\n>p1 move uturn\n>p2 switch 4\n>p1 switch 4\n>p1 move voltswitch\n>p2 switch 4\n>p1 switch 4\n>p1 move uturn\n>p2 switch 4\n>p1 switch 4\n>p1 move voltswitch\n>p2 switch 4\n>p1 switch 4\n>p2 switch 4\n>p1 move uturn\n>p2 move slackoff\n>p1 switch 4\n>p1 move voltswitch\n>p2 move muddywater\n>p1 switch 6\n>p1 move voltswitch\n>p2 move voltswitch\n>p1 switch 6\n>p1 move voltswitch\n>p2 move slackoff\n>p1 switch 2\n>p1 switch 2\n>p2 switch 6\n>p1 move voltswitch\n>p2 move psychocut\n>p1 switch 5\n>p1 move playrough\n>p2 move leafblade\n>p2 switch 6\n>p1 switch 5\n>p2 move thunderbolt\n>p1 move voltswitch\n>p2 move muddywater\n>p1 switch 2\n>p1 switch 2\n>p2 move voltswitch\n>p1 switch 2\n>p2 move muddywater\n>p1 switch 2\n>p2 move voltswitch\n>p1 switch 2\n>p2 move muddywater\n>p1 switch 2\n>p2 move thunderbolt\n>p1 switch 2\n>p2 move muddywater\n>p1 switch 2\n>p2 move thunderbolt\n>p1 switch 2\n>p2 move muddywater\n>p1 switch 2\n>p2 move thunderbolt\n>p1 switch 2\n>p2 move muddywater\n>p1 switch 2\n>p2 move thunderbolt\n>p1 switch 2\n>p2 move muddywater\n>p1 switch 2\n>p2 move thunderbolt\n>p1 switch 6\n>p2 move muddywater\n>p1 move slackoff\n>p2 move muddywater\n>p1 move slackoff\n>p2 move muddywater\n>p1 move slackoff\n>p2 move muddywater\n>p1 move slackoff\n>p2 move muddywater\n>p1 move slackoff\n>p2 move muddywater\n>p1 switch 2\n>p2 move muddywater\n>p1 switch 6\n>p2 move voltswitch\n>p1 move voltswitch\n>p2 move muddywater\n>p1 switch 6\n>p1 switch 6\n>p2 move thunderbolt\n>p1 move voltswitch\n>p2 switch 2\n>p1 switch 3\n>p1 move moonblast\n>p2 move iciclecrash\n>p2 switch 2\n>p1 move uturn\n>p2 move thunderbolt\n>p1 switch 3\n>p1 move voltswitch\n>p2 switch 5\n>p1 switch 5\n>p2 switch 5\n>p1 move earthquake terastallize\n>p2 move thunderbolt\n>p1 move earthquake\n>p2 move slackoff", "uploadtime": 1733884536, "views": 5, "formatid": "gen9randombattle", "rating": null, "private": 0, "password": null}