{"id": "gen9randombattle-2260842582", "format": "[Gen 9] Random Battle", "players": ["Datos curiosos", "iJessy"], "log": "|j|\u2606Datos curiosos\n|j|\u2606iJessy\n|t:|1733902439\n|gametype|singles\n|player|p1|Datos curiosos|170|1319\n|player|p2|iJessy|wattson|1329\n|teamsize|p1|6\n|teamsize|p2|6\n|gen|9\n|tier|[Gen 9] Random Battle\n|rated|\n|rule|Species Clause: Limit one of each Pok\u00e9mon\n|rule|HP Percentage Mod: HP is shown in percentages\n|rule|Sleep Clause Mod: Limit one foe put to sleep\n|rule|Illusion Level Mod: Illusion disguises the Pok\u00e9mon's true level\n|\n|t:|1733902439\n|start\n|switch|p1a: Zarude|Zarude-Dada, L78|292/292\n|switch|p2a: Chien-Pao|Chien-Pao, L72|234/234\n|-ability|p2a: Chien-Pao|Sword of Ruin\n|turn|1\n|\n|t:|1733902451\n|-terastallize|p2a: Chien-Pao|Dark\n|move|p2a: Chien-Pao|Swords Dance|p2a: Chien-Pao\n|-boost|p2a: Chien-Pao|atk|2\n|move|p1a: Zarude|Close Combat|p2a: Chien-Pao\n|-supereffective|p2a: Chien-Pao\n|-damage|p2a: Chien-Pao|0 fnt\n|-unboost|p1a: Zarude|def|1\n|-unboost|p1a: Zarude|spd|1\n|faint|p2a: Chien-Pao\n|\n|upkeep\n|inactive|Battle timer is ON: inactive players will automatically lose when time's up. (requested by iJessy)\n|\n|t:|1733902458\n|switch|p2a: Weezing|Weezing, L88, M|258/258\n|turn|2\n|\n|t:|1733902464\n|switch|p1a: Klefki|Klefki, L84, M|233/233\n|move|p2a: Weezing|Will-O-Wisp|p1a: Klefki\n|-status|p1a: Klefki|brn\n|\n|-damage|p1a: Klefki|219/233 brn|[from] brn\n|upkeep\n|turn|3\n|\n|t:|1733902470\n|move|p1a: Klefki|Magnet Rise|p1a: Klefki\n|-start|p1a: Klefki|Magnet Rise\n|move|p2a: Weezing|Fire Blast|p1a: Klefki\n|-supereffective|p1a: Klefki\n|-damage|p1a: Klefki|55/233 brn\n|\n|-heal|p1a: Klefki|69/233 brn|[from] item: Leftovers\n|-damage|p1a: Klefki|55/233 brn|[from] brn\n|upkeep\n|turn|4\n|\n|t:|1733902475\n|move|p1a: Klefki|Thunder Wave|p2a: Weezing|[miss]\n|-miss|p1a: Klefki|p2a: Weezing\n|move|p2a: Weezing|Fire Blast|p1a: Klefki\n|-supereffective|p1a: Klefki\n|-damage|p1a: Klefki|0 fnt\n|faint|p1a: Klefki\n|\n|upkeep\n|\n|t:|1733902483\n|switch|p1a: Espeon|Espeon, L84, M|246/246\n|turn|5\n|\n|t:|1733902496\n|switch|p2a: Gyarados|Gyarados, L79, M|280/280\n|-ability|p2a: Gyarados|Intimidate|boost\n|-unboost|p1a: Espeon|atk|1\n|move|p1a: Espeon|Alluring Voice|p2a: Gyarados\n|-damage|p2a: Gyarados|183/280\n|-damage|p1a: Espeon|222/246|[from] item: Life Orb\n|\n|upkeep\n|turn|6\n|\n|t:|1733902503\n|move|p1a: Espeon|Psychic|p2a: Gyarados\n|-damage|p2a: Gyarados|39/280\n|-damage|p1a: Espeon|198/246|[from] item: Life Orb\n|move|p2a: Gyarados|Dragon Dance|p2a: Gyarados\n|-boost|p2a: Gyarados|atk|1\n|-boost|p2a: Gyarados|spe|1\n|\n|upkeep\n|turn|7\n|\n|t:|1733902521\n|move|p2a: Gyarados|Waterfall|p1a: Espeon\n|-damage|p1a: Espeon|14/246\n|cant|p1a: Espeon|flinch\n|\n|upkeep\n|turn|8\n|\n|t:|1733902532\n|move|p2a: Gyarados|Waterfall|p1a: Espeon\n|-damage|p1a: Espeon|0 fnt\n|faint|p1a: Espeon\n|\n|upkeep\n|\n|t:|1733902534\n|switch|p1a: Cramorant|Cramorant, L86, F|261/261\n|turn|9\n|\n|t:|1733902548\n|move|p2a: Gyarados|Waterfall|p1a: Cramorant\n|-resisted|p1a: Cramorant\n|-damage|p1a: Cramorant|164/261\n|cant|p1a: Cramorant|flinch\n|\n|upkeep\n|turn|10\n|\n|t:|1733902566\n|move|p2a: Gyarados|Waterfall|p1a: Cramorant\n|-resisted|p1a: Cramorant\n|-damage|p1a: Cramorant|73/261\n|cant|p1a: Cramorant|flinch\n|\n|upkeep\n|turn|11\n|c|\u2606Datos curiosos|bro wtf\n|\n|t:|1733902574\n|move|p2a: Gyarados|Waterfall|p1a: Cramorant\n|-resisted|p1a: Cramorant\n|-damage|p1a: Cramorant|0 fnt\n|faint|p1a: Cramorant\n|\n|upkeep\n|c|\u2606iJessy|welp. gg lol\n|\n|t:|1733902589\n|switch|p1a: Tentacruel|Tentacruel, L84, M|272/272\n|turn|12\n|\n|t:|1733902594\n|move|p2a: Gyarados|Earthquake|p1a: Tentacruel\n|-supereffective|p1a: Tentacruel\n|-damage|p1a: Tentacruel|0 fnt\n|faint|p1a: Tentacruel\n|\n|upkeep\n|\n|t:|1733902597\n|switch|p1a: Zarude|Zarude-Dada, L78|292/292\n|turn|13\n|\n|t:|1733902600\n|move|p2a: Gyarados|Temper Flare|p1a: Zarude\n|-supereffective|p1a: Zarude\n|-damage|p1a: Zarude|124/292\n|move|p1a: Zarude|Knock Off|p2a: Gyarados\n|-damage|p2a: Gyarados|0 fnt\n|-enditem|p2a: Gyarados|Heavy-Duty Boots|[from] move: Knock Off|[of] p1a: Zarude\n|faint|p2a: Gyarados\n|\n|upkeep\n|\n|t:|1733902605\n|switch|p2a: Weezing|Weezing, L88, M|258/258\n|turn|14\n|n|!Datos curiosos|datoscuriosos\n|\n|t:|1733902616\n|move|p1a: Zarude|Knock Off|p2a: Weezing\n|-damage|p2a: Weezing|144/258\n|-enditem|p2a: Weezing|Leftovers|[from] move: Knock Off|[of] p1a: Zarude\n|move|p2a: Weezing|Fire Blast|p1a: Zarude\n|-supereffective|p1a: Zarude\n|-damage|p1a: Zarude|0 fnt\n|faint|p1a: Zarude\n|\n|upkeep\n|\n|t:|1733902627\n|switch|p1a: Hippowdon|Hippowdon, L82, F|311/311\n|-weather|Sandstorm|[from] ability: Sand Stream|[of] p1a: Hippowdon\n|turn|15\n|\n|t:|1733902641\n|move|p2a: Weezing|Will-O-Wisp|p1a: Hippowdon\n|-status|p1a: Hippowdon|brn\n|move|p1a: Hippowdon|Stealth Rock|p2a: Weezing\n|-sidestart|p2: iJessy|move: Stealth Rock\n|\n|-weather|Sandstorm|[upkeep]\n|-damage|p2a: Weezing|128/258|[from] Sandstorm\n|-damage|p1a: Hippowdon|292/311 brn|[from] brn\n|upkeep\n|turn|16\n|\n|t:|1733902656\n|move|p2a: Weezing|Pain Split|p1a: Hippowdon\n|-sethp|p1a: Hippowdon|210/311 brn|[from] move: Pain Split|[silent]\n|-sethp|p2a: Weezing|210/258|[from] move: Pain Split\n|move|p1a: Hippowdon|Stone Edge|p2a: Weezing\n|-damage|p2a: Weezing|181/258\n|\n|-weather|Sandstorm|[upkeep]\n|-damage|p2a: Weezing|165/258|[from] Sandstorm\n|-heal|p1a: Hippowdon|229/311 brn|[from] item: Leftovers\n|-damage|p1a: Hippowdon|210/311 brn|[from] brn\n|upkeep\n|turn|17\n|-message|Datos curiosos forfeited.\n|\n|win|iJessy\n", "inputlog": ">version bfd83cad13791eb5a5a409923076391caf6fb4d4\n>start {\"formatid\":\"gen9randombattle\",\"seed\":[10901,14403,10679,55008],\"rated\":\"Rated battle\"}\n>player p1 {\"name\":\"Datos curiosos\",\"avatar\":\"170\",\"rating\":1319,\"seed\":[42732,47527,33952,18680]}\n>player p2 {\"name\":\"iJessy\",\"avatar\":\"wattson\",\"rating\":1329,\"seed\":[52617,16988,15641,46085]}\n>p1 move closecombat\n>p2 move swordsdance terastallize\n>p2 switch 2\n>p1 switch 4\n>p2 move willowisp\n>p1 move magnetrise\n>p2 move fireblast\n>p1 move thunderwave\n>p2 move fireblast\n>p1 switch 2\n>p1 move alluringvoice\n>p2 switch 3\n>p1 move psychic\n>p2 move dragondance\n>p1 move shadowball\n>p2 move waterfall\n>p1 move shadowball\n>p2 move waterfall\n>p1 switch 3\n>p1 move surf\n>p2 move waterfall\n>p1 move surf\n>p2 move waterfall\n>chat \u2606Datos curiosos|bro wtf\n>p1 move surf\n>p2 move waterfall\n>chat \u2606iJessy|welp. gg lol\n>p1 switch 6\n>p1 move sludgebomb\n>p2 move earthquake\n>p1 switch 4\n>p1 move knockoff\n>p2 move temperflare\n>p2 switch 3\n>chat \u2606Datos curiosos|na fuck you gyarados\n>p1 move knockoff\n>p2 move fireblast\n>p1 switch 5\n>p1 move stealthrock\n>p2 move willowisp\n>p1 move stoneedge\n>p2 move painsplit\n>forcelose p1", "uploadtime": 1733902614, "views": 1, "formatid": "gen9randombattle", "rating": null, "private": 0, "password": null}