{"id": "gen9randombattle-2260633759", "format": "[Gen 9] Random Battle", "players": ["nvlkesvnslkb", "Laksksnsns"], "log": "|j|\u2606nvlkesvnslkb\n|j|\u2606Laksksnsns\n|t:|1733871763\n|gametype|singles\n|player|p1|nvlkesvnslkb|norman|1023\n|player|p2|Laksksnsns|169|1000\n|teamsize|p1|6\n|teamsize|p2|6\n|gen|9\n|tier|[Gen 9] Random Battle\n|rated|\n|rule|Species Clause: Limit one of each Pok\u00e9mon\n|rule|HP Percentage Mod: HP is shown in percentages\n|rule|Sleep Clause Mod: Limit one foe put to sleep\n|rule|Illusion Level Mod: Illusion disguises the Pok\u00e9mon's true level\n|\n|t:|1733871763\n|start\n|switch|p1a: Glastrier|Glastrier, L86|312/312\n|switch|p2a: Oricorio|Oricorio, L84, M|263/263\n|turn|1\n|\n|t:|1733871767\n|move|p2a: Oricorio|Revelation Dance|p1a: Glastrier\n|-supereffective|p1a: Glastrier\n|-damage|p1a: Glastrier|162/312\n|move|p1a: Glastrier|Icicle Crash|p2a: Oricorio\n|-damage|p2a: Oricorio|116/263\n|\n|upkeep\n|turn|2\n|inactive|Battle timer is ON: inactive players will automatically lose when time's up. (requested by nvlkesvnslkb)\n|\n|t:|1733871795\n|move|p2a: Oricorio|Revelation Dance|p1a: Glastrier\n|-supereffective|p1a: Glastrier\n|-damage|p1a: Glastrier|16/312\n|move|p1a: Glastrier|Icicle Crash|p2a: Oricorio\n|-damage|p2a: Oricorio|0 fnt\n|faint|p2a: Oricorio\n|-ability|p1a: Glastrier|Chilling Neigh|boost\n|-boost|p1a: Glastrier|atk|1\n|\n|upkeep\n|\n|t:|1733871800\n|switch|p2a: Conkeldurr|Conkeldurr, L80, M|299/299\n|turn|3\n|inactive|nvlkesvnslkb has 120 seconds left.\n|\n|t:|1733871847\n|move|p2a: Conkeldurr|Knock Off|p1a: Glastrier\n|-damage|p1a: Glastrier|0 fnt\n|-enditem|p1a: Glastrier|Heavy-Duty Boots|[from] move: Knock Off|[of] p2a: Conkeldurr\n|faint|p1a: Glastrier\n|\n|-status|p2a: Conkeldurr|brn|[from] item: Flame Orb\n|upkeep\n|\n|t:|1733871850\n|switch|p1a: Indeedee|Indeedee-F, L90, F|272/272\n|-fieldstart|move: Psychic Terrain|[from] ability: Psychic Surge|[of] p1a: Indeedee\n|turn|4\n|\n|t:|1733871869\n|switch|p2a: Qwilfish|Qwilfish-Hisui, L83, F|244/244\n|-ability|p2a: Qwilfish|Intimidate|boost\n|-unboost|p1a: Indeedee|atk|1\n|move|p1a: Indeedee|Psyshock|p2a: Qwilfish\n|-immune|p2a: Qwilfish\n|\n|upkeep\n|turn|5\n|inactive|nvlkesvnslkb has 120 seconds left.\n|\n|t:|1733871881\n|switch|p1a: Falinks|Falinks, L84|246/246\n|move|p2a: Qwilfish|Crunch|p1a: Falinks\n|-resisted|p1a: Falinks\n|-damage|p1a: Falinks|209/246\n|-unboost|p1a: Falinks|def|1\n|-ability|p1a: Falinks|Defiant|boost\n|-boost|p1a: Falinks|atk|2\n|\n|upkeep\n|turn|6\n|\n|t:|1733871902\n|move|p2a: Qwilfish|Gunk Shot|p1a: Falinks\n|-damage|p1a: Falinks|49/246\n|-status|p1a: Falinks|psn\n|move|p1a: Falinks|No Retreat|p1a: Falinks\n|-boost|p1a: Falinks|atk|1\n|-boost|p1a: Falinks|def|1\n|-boost|p1a: Falinks|spa|1\n|-boost|p1a: Falinks|spd|1\n|-boost|p1a: Falinks|spe|1\n|-start|p1a: Falinks|move: No Retreat\n|\n|-damage|p1a: Falinks|19/246 psn|[from] psn\n|upkeep\n|turn|7\n|inactive|nvlkesvnslkb has 120 seconds left.\n|\n|t:|1733871921\n|move|p1a: Falinks|Close Combat|p2a: Qwilfish\n|-damage|p2a: Qwilfish|0 fnt\n|-unboost|p1a: Falinks|def|1\n|-unboost|p1a: Falinks|spd|1\n|faint|p2a: Qwilfish\n|-damage|p1a: Falinks|0 fnt|[from] item: Life Orb\n|faint|p1a: Falinks\n|\n|upkeep\n|inactive|nvlkesvnslkb has 120 seconds left.\n|inactive|Laksksnsns has 120 seconds left.\n|\n|t:|1733871956\n|switch|p2a: Necrozma|Necrozma-Dawn-Wings, L76|272/272\n|switch|p1a: Leavanny|Leavanny, L86, M|269/269\n|turn|8\n|inactive|nvlkesvnslkb has 120 seconds left.\n|\n|t:|1733871973\n|move|p1a: Leavanny|Sticky Web|p2a: Necrozma\n|-sidestart|p2: Laksksnsns|move: Sticky Web\n|move|p2a: Necrozma|Calm Mind|p2a: Necrozma\n|-boost|p2a: Necrozma|spa|1\n|-boost|p2a: Necrozma|spd|1\n|\n|-fieldend|move: Psychic Terrain\n|upkeep\n|turn|9\n|\n|t:|1733871990\n|move|p1a: Leavanny|Knock Off|p2a: Necrozma\n|-supereffective|p2a: Necrozma\n|-damage|p2a: Necrozma|62/272\n|-enditem|p2a: Necrozma|Leftovers|[from] move: Knock Off|[of] p1a: Leavanny\n|move|p2a: Necrozma|Photon Geyser|p1a: Leavanny\n|-damage|p1a: Leavanny|76/269\n|\n|upkeep\n|turn|10\n|\n|t:|1733871999\n|move|p1a: Leavanny|Knock Off|p2a: Necrozma\n|-supereffective|p2a: Necrozma\n|-damage|p2a: Necrozma|0 fnt\n|faint|p2a: Necrozma\n|\n|upkeep\n|\n|t:|1733872007\n|switch|p2a: Flamigo|Flamigo, L82, M|269/269\n|turn|11\n|\n|t:|1733872017\n|move|p1a: Leavanny|Knock Off|p2a: Flamigo\n|-resisted|p2a: Flamigo\n|-damage|p2a: Flamigo|222/269\n|-enditem|p2a: Flamigo|Choice Band|[from] move: Knock Off|[of] p1a: Leavanny\n|move|p2a: Flamigo|Brave Bird|p1a: Leavanny\n|-supereffective|p1a: Leavanny\n|-damage|p1a: Leavanny|0 fnt\n|faint|p1a: Leavanny\n|-damage|p2a: Flamigo|197/269|[from] Recoil\n|\n|upkeep\n|\n|t:|1733872024\n|switch|p1a: Indeedee|Indeedee-F, L90, F|272/272\n|-fieldstart|move: Psychic Terrain|[from] ability: Psychic Surge|[of] p1a: Indeedee\n|turn|12\n|\n|t:|1733872030\n|move|p1a: Indeedee|Psyshock|p2a: Flamigo\n|-supereffective|p2a: Flamigo\n|-damage|p2a: Flamigo|0 fnt\n|faint|p2a: Flamigo\n|\n|upkeep\n|\n|t:|1733872031\n|switch|p2a: Whimsicott|Whimsicott, L85, F|241/241\n|-activate|p2a: Whimsicott|move: Sticky Web\n|-unboost|p2a: Whimsicott|spe|1\n|turn|13\n|\n|t:|1733872040\n|switch|p1a: Rotom|Rotom, L88|231/231\n|-terastallize|p2a: Whimsicott|Steel\n|move|p2a: Whimsicott|Substitute|p2a: Whimsicott\n|-start|p2a: Whimsicott|Substitute\n|-damage|p2a: Whimsicott|181/241\n|\n|-heal|p2a: Whimsicott|196/241|[from] item: Leftovers\n|upkeep\n|turn|14\n|\n|t:|1733872045\n|move|p2a: Whimsicott|Leech Seed|p1a: Rotom\n|-start|p1a: Rotom|move: Leech Seed\n|move|p1a: Rotom|Shadow Ball|p2a: Whimsicott\n|-end|p2a: Whimsicott|Substitute\n|-damage|p1a: Rotom|208/231|[from] item: Life Orb\n|\n|-heal|p2a: Whimsicott|211/241|[from] item: Leftovers\n|-damage|p1a: Rotom|180/231|[from] Leech Seed|[of] p2a: Whimsicott\n|-heal|p2a: Whimsicott|239/241|[silent]\n|upkeep\n|turn|15\n|\n|t:|1733872062\n|switch|p1a: Crawdaunt|Crawdaunt, L84, M|243/243\n|move|p2a: Whimsicott|Substitute|p2a: Whimsicott\n|-start|p2a: Whimsicott|Substitute\n|-damage|p2a: Whimsicott|179/241\n|\n|-heal|p2a: Whimsicott|194/241|[from] item: Leftovers\n|upkeep\n|turn|16\n|\n|t:|1733872068\n|move|p2a: Whimsicott|Moonblast|p1a: Crawdaunt\n|-supereffective|p1a: Crawdaunt\n|-damage|p1a: Crawdaunt|7/243\n|-unboost|p1a: Crawdaunt|spa|1\n|move|p1a: Crawdaunt|Knock Off|p2a: Whimsicott\n|-end|p2a: Whimsicott|Substitute\n|-damage|p1a: Crawdaunt|0 fnt|[from] item: Life Orb\n|faint|p1a: Crawdaunt\n|\n|-heal|p2a: Whimsicott|209/241|[from] item: Leftovers\n|-fieldend|move: Psychic Terrain\n|upkeep\n|\n|t:|1733872077\n|switch|p1a: Rotom|Rotom, L88|180/231\n|turn|17\n|\n|t:|1733872087\n|move|p2a: Whimsicott|Substitute|p2a: Whimsicott\n|-start|p2a: Whimsicott|Substitute\n|-damage|p2a: Whimsicott|149/241\n|move|p1a: Rotom|Thunderbolt|p2a: Whimsicott\n|-end|p2a: Whimsicott|Substitute\n|-damage|p1a: Rotom|157/231|[from] item: Life Orb\n|\n|-heal|p2a: Whimsicott|164/241|[from] item: Leftovers\n|upkeep\n|turn|18\n|\n|t:|1733872089\n|move|p2a: Whimsicott|Leech Seed|p1a: Rotom\n|-start|p1a: Rotom|move: Leech Seed\n|move|p1a: Rotom|Thunderbolt|p2a: Whimsicott\n|-damage|p2a: Whimsicott|22/241\n|-damage|p1a: Rotom|134/231|[from] item: Life Orb\n|\n|-heal|p2a: Whimsicott|37/241|[from] item: Leftovers\n|-damage|p1a: Rotom|106/231|[from] Leech Seed|[of] p2a: Whimsicott\n|-heal|p2a: Whimsicott|65/241|[silent]\n|upkeep\n|turn|19\n|\n|t:|1733872099\n|move|p2a: Whimsicott|Substitute|p2a: Whimsicott\n|-start|p2a: Whimsicott|Substitute\n|-damage|p2a: Whimsicott|5/241\n|move|p1a: Rotom|Thunderbolt|p2a: Whimsicott\n|-end|p2a: Whimsicott|Substitute\n|-damage|p1a: Rotom|83/231|[from] item: Life Orb\n|\n|-heal|p2a: Whimsicott|20/241|[from] item: Leftovers\n|-damage|p1a: Rotom|55/231|[from] Leech Seed|[of] p2a: Whimsicott\n|-heal|p2a: Whimsicott|48/241|[silent]\n|upkeep\n|turn|20\n|\n|t:|1733872113\n|move|p1a: Rotom|Thunderbolt|p2a: Whimsicott\n|-crit|p2a: Whimsicott\n|-damage|p2a: Whimsicott|0 fnt\n|faint|p2a: Whimsicott\n|-damage|p1a: Rotom|32/231|[from] item: Life Orb\n|\n|upkeep\n|\n|t:|1733872115\n|switch|p2a: Conkeldurr|Conkeldurr, L80, M|299/299 brn\n|-activate|p2a: Conkeldurr|move: Sticky Web\n|-unboost|p2a: Conkeldurr|spe|1\n|turn|21\n|\n|t:|1733872119\n|move|p1a: Rotom|Thunderbolt|p2a: Conkeldurr\n|-damage|p2a: Conkeldurr|131/299 brn\n|-damage|p1a: Rotom|9/231|[from] item: Life Orb\n|move|p2a: Conkeldurr|Knock Off|p1a: Rotom\n|-supereffective|p1a: Rotom\n|-damage|p1a: Rotom|0 fnt\n|-enditem|p1a: Rotom|Life Orb|[from] move: Knock Off|[of] p2a: Conkeldurr\n|faint|p1a: Rotom\n|\n|-damage|p2a: Conkeldurr|113/299 brn|[from] brn\n|upkeep\n|\n|t:|1733872121\n|switch|p1a: Indeedee|Indeedee-F, L90, F|272/272\n|-fieldstart|move: Psychic Terrain|[from] ability: Psychic Surge|[of] p1a: Indeedee\n|turn|22\n|n|\u2606nvlkesvnslkb|nvlkesvnslkb\n|c|\u2606nvlkesvnslkb|no tera required :)\n|inactive|nvlkesvnslkb has 120 seconds left.\n|c|\u2606nvlkesvnslkb|Radio in bum ass leech seed spammer has been killed repeat bum ass leech seed spammer\n|inactive|nvlkesvnslkb has 90 seconds left.\n|c|\u2606nvlkesvnslkb|now we're gonna sit here and wait while i line up the kill shot\n|j|@aQrator\n|inactive|nvlkesvnslkb has 60 seconds left.\n|l|\u2606Laksksnsns\n|inactive|Laksksnsns disconnected and has a minute to reconnect!\n|player|p2|\n|inactive|nvlkesvnslkb has 30 seconds left.\n|j|@aQrator\n|c|@aQrator|/log nvlkesvnslkb was warned by aQrator. (Don't be rude to your opponent, don't intentionally stall the timee)\n|hidelines|unlink|nvlkesvnslkb\n|c|~|/raw If you have questions about this action, please contact staff by making a <a href=\"view-help-request\" class=\"button\">help ticket</a>\n|l|@aQrator\n|\n|t:|1733872247\n|move|p2a: Conkeldurr|Mach Punch|p1a: Indeedee\n|-activate|p1a: Indeedee|move: Psychic Terrain\n|move|p1a: Indeedee|Psyshock|p2a: Conkeldurr\n|-supereffective|p2a: Conkeldurr\n|-damage|p2a: Conkeldurr|0 fnt\n|faint|p2a: Conkeldurr\n|\n|win|nvlkesvnslkb\n|inactive|nvlkesvnslkb has 30 seconds left this turn.\n", "inputlog": ">version bfd83cad13791eb5a5a409923076391caf6fb4d4\n>start {\"formatid\":\"gen9randombattle\",\"seed\":[32353,4635,51030,26944],\"rated\":\"Rated battle\"}\n>player p1 {\"name\":\"nvlkesvnslkb\",\"avatar\":\"norman\",\"rating\":1023,\"seed\":[51006,8962,12718,40856]}\n>player p2 {\"name\":\"Laksksnsns\",\"avatar\":\"169\",\"rating\":1000,\"seed\":[49765,35233,5623,59925]}\n>p1 move iciclecrash\n>p2 move revelationdance\n>p1 move iciclecrash\n>p2 move revelationdance\n>p2 switch 4\n>p1 move heavyslam\n>p2 move knockoff\n>p1 switch 6\n>p1 move psyshock\n>p2 switch 5\n>p1 switch 5\n>p2 move crunch\n>p1 move noretreat\n>p2 move gunkshot\n>p1 move closecombat\n>p2 move toxicspikes\n>p1 switch 2\n>p2 switch 6\n>p1 move stickyweb\n>p2 move calmmind\n>p1 move knockoff\n>p2 move photongeyser\n>p1 move knockoff\n>p2 move photongeyser\n>p2 switch 2\n>p1 move knockoff\n>p2 move bravebird\n>p1 switch 5\n>p1 move psyshock\n>p2 move throatchop\n>p2 switch 3\n>p1 switch 3\n>p2 move substitute terastallize\n>p1 move shadowball\n>p2 move leechseed\n>p1 switch 4\n>p2 move substitute\n>p1 move knockoff\n>p2 move moonblast\n>p1 switch 4\n>p1 move thunderbolt\n>p2 move substitute\n>p1 move thunderbolt\n>p2 move leechseed\n>p1 move thunderbolt\n>p2 move substitute\n>p1 move thunderbolt\n>p2 move moonblast\n>p2 switch 5\n>p1 move thunderbolt\n>p2 move knockoff\n>p1 switch 3\n>chat \u2606nvlkesvnslkb|no tera required :)\n>chat \u2606nvlkesvnslkb|Radio in bum ass leech seed spammer has been killed repeat bum ass leech seed spammer\n>chat \u2606nvlkesvnslkb|now we're gonna sit here and wait while i line up the kill shot\n>p1 move psyshock\n>p2 move machpunch", "uploadtime": 1733872169, "views": 1, "formatid": "gen9randombattle", "rating": null, "private": 0, "password": null}