{"id": "gen9randombattle-2123600684", "format": "[Gen 9] Random Battle", "players": ["Iceman8911", "nocomment3"], "log": "|badge|p2|bronze|gen9randombattle|100-1\n|uhtml|medal-msg|<div class=\"broadcast-blue\">Curious what those medals under the avatar are? PS now has Ladder Seasons! For more information, check out the <a href=\"https://www.smogon.com/forums/threads/3740067/\">thread on Smogon.</a></div>\n|j|\u2606Iceman8911\n|j|\u2606nocomment3\n|t:|1715583580\n|gametype|singles\n|player|p1|Iceman8911|lysandre-masters|2201\n|player|p2|nocomment3|102|2269\n|teamsize|p1|6\n|teamsize|p2|6\n|gen|9\n|tier|[Gen 9] Random Battle\n|rated|\n|rule|Species Clause: Limit one of each Pok\u00e9mon\n|rule|HP Percentage Mod: HP is shown in percentages\n|rule|Sleep Clause Mod: Limit one foe put to sleep\n|rule|Illusion Level Mod: Illusion disguises the Pok\u00e9mon's true level\n|\n|t:|1715583580\n|start\n|switch|p1a: Meganium|Meganium, L90, F|290/290\n|switch|p2a: Slowking|Slowking, L88, M|310/310\n|turn|1\n|inactive|Battle timer is ON: inactive players will automatically lose when time's up. (requested by Iceman8911)\n|inactive|Iceman8911 has 120 seconds left.\n|\n|t:|1715583649\n|move|p1a: Meganium|Swords Dance|p1a: Meganium\n|-boost|p1a: Meganium|atk|2\n|move|p2a: Slowking|Fire Blast|p1a: Meganium|[miss]\n|-miss|p2a: Slowking|p1a: Meganium\n|\n|upkeep\n|turn|2\n|\n|t:|1715583657\n|switch|p2a: Skarmory|Skarmory, L80, M|235/235\n|move|p1a: Meganium|Petal Blizzard|p2a: Skarmory\n|-resisted|p2a: Skarmory\n|-damage|p2a: Skarmory|188/235\n|-damage|p1a: Meganium|261/290|[from] item: Life Orb\n|\n|-heal|p2a: Skarmory|202/235|[from] item: Leftovers\n|upkeep\n|turn|3\n|\n|t:|1715583665\n|move|p1a: Meganium|Swords Dance|p1a: Meganium\n|-boost|p1a: Meganium|atk|2\n|move|p2a: Skarmory|Brave Bird|p1a: Meganium\n|-supereffective|p1a: Meganium\n|-damage|p1a: Meganium|93/290\n|-damage|p2a: Skarmory|147/235|[from] Recoil\n|\n|-heal|p2a: Skarmory|161/235|[from] item: Leftovers\n|upkeep\n|turn|4\n|\n|t:|1715583677\n|move|p1a: Meganium|Knock Off|p2a: Skarmory\n|-damage|p2a: Skarmory|0 fnt\n|-enditem|p2a: Skarmory|Leftovers|[from] move: Knock Off|[of] p1a: Meganium\n|faint|p2a: Skarmory\n|-damage|p1a: Meganium|64/290|[from] item: Life Orb\n|\n|upkeep\n|\n|t:|1715583684\n|switch|p2a: Regice|Regice, L88|284/284\n|turn|5\n|\n|t:|1715583690\n|switch|p2a: Arbok|Arbok, L87, F|246/246\n|-ability|p2a: Arbok|Intimidate|boost\n|-unboost|p1a: Meganium|atk|1\n|move|p1a: Meganium|Petal Blizzard|p2a: Arbok\n|-resisted|p2a: Arbok\n|-damage|p2a: Arbok|0 fnt\n|faint|p2a: Arbok\n|-damage|p1a: Meganium|35/290|[from] item: Life Orb\n|\n|upkeep\n|\n|t:|1715583702\n|switch|p2a: Regice|Regice, L88|284/284\n|turn|6\n|\n|t:|1715583706\n|move|p1a: Meganium|Petal Blizzard|p2a: Regice\n|-damage|p2a: Regice|0 fnt\n|faint|p2a: Regice\n|-damage|p1a: Meganium|6/290|[from] item: Life Orb\n|\n|upkeep\n|\n|t:|1715583711\n|switch|p2a: Klawf|Klawf, L90, F|272/272\n|turn|7\n|\n|t:|1715583714\n|move|p1a: Meganium|Petal Blizzard|p2a: Klawf\n|-supereffective|p2a: Klawf\n|-crit|p2a: Klawf\n|-damage|p2a: Klawf|0 fnt\n|faint|p2a: Klawf\n|-damage|p1a: Meganium|0 fnt|[from] item: Life Orb\n|faint|p1a: Meganium\n|\n|upkeep\n|\n|t:|1715583720\n|switch|p1a: Mabosstiff|Mabosstiff, L86, F|278/278\n|switch|p2a: Slowking|Slowking, L88, M|310/310\n|turn|8\n|\n|t:|1715583724\n|move|p1a: Mabosstiff|Crunch|p2a: Slowking\n|-supereffective|p2a: Slowking\n|-damage|p2a: Slowking|0 fnt\n|faint|p2a: Slowking\n|\n|upkeep\n|\n|t:|1715583727\n|switch|p2a: Falinks|Falinks, L85|249/249\n|turn|9\n|\n|t:|1715583743\n|move|p1a: Mabosstiff|Crunch|p2a: Falinks\n|-resisted|p2a: Falinks\n|-damage|p2a: Falinks|180/249\n|move|p2a: Falinks|No Retreat|p2a: Falinks\n|-boost|p2a: Falinks|atk|1\n|-boost|p2a: Falinks|def|1\n|-boost|p2a: Falinks|spa|1\n|-boost|p2a: Falinks|spd|1\n|-boost|p2a: Falinks|spe|1\n|-start|p2a: Falinks|move: No Retreat\n|\n|upkeep\n|turn|10\n|\n|t:|1715583748\n|move|p2a: Falinks|Knock Off|p1a: Mabosstiff\n|-resisted|p1a: Mabosstiff\n|-damage|p1a: Mabosstiff|207/278\n|-enditem|p1a: Mabosstiff|Choice Band|[from] move: Knock Off|[of] p2a: Falinks\n|-damage|p2a: Falinks|156/249|[from] item: Life Orb\n|move|p1a: Mabosstiff|Crunch|p2a: Falinks\n|-resisted|p2a: Falinks\n|-damage|p2a: Falinks|126/249\n|\n|upkeep\n|turn|11\n|\n|t:|1715583752\n|move|p2a: Falinks|Iron Head|p1a: Mabosstiff\n|-damage|p1a: Mabosstiff|104/278\n|-damage|p2a: Falinks|102/249|[from] item: Life Orb\n|move|p1a: Mabosstiff|Psychic Fangs|p2a: Falinks\n|-supereffective|p2a: Falinks\n|-damage|p2a: Falinks|16/249\n|\n|upkeep\n|turn|12\n|c|\u2606Iceman8911|Lmao\n|-message|nocomment3 forfeited.\n|\n|win|Iceman8911\n|raw|Iceman8911's rating: 2201 &rarr; <strong>2225</strong><br />(+24 for winning)\n|raw|nocomment3's rating: 2269 &rarr; <strong>2245</strong><br />(-24 for losing)\n|l|\u2606nocomment3\n|player|p2|\n", "inputlog": ">version 80ea9d1f890aa30f79744790e00b820c91be1203\n>start {\"formatid\":\"gen9randombattle\",\"seed\":[46368,34095,12176,55108],\"rated\":\"Rated battle\"}\n>player p1 {\"name\":\"Iceman8911\",\"avatar\":\"lysandre-masters\",\"rating\":2201,\"seed\":[53088,54055,6441,22827]}\n>player p2 {\"name\":\"nocomment3\",\"avatar\":\"102\",\"rating\":2269,\"seed\":[29307,51232,38226,27497]}\n>p1 move swordsdance\n>p2 move fireblast\n>p1 move petalblizzard\n>p2 switch 6\n>p1 move swordsdance\n>p2 move bravebird\n>p1 move knockoff\n>p2 move bravebird\n>p2 switch 4\n>p1 move petalblizzard\n>p2 switch 5\n>p2 switch 5\n>p1 move petalblizzard\n>p2 move icebeam\n>p2 switch 3\n>p1 move petalblizzard\n>p2 move highhorsepower\n>p1 switch 6\n>p2 switch 6\n>p1 move crunch\n>p2 move hydropump\n>p2 switch 2\n>p1 move crunch\n>p2 move noretreat\n>p1 move crunch\n>p2 move knockoff\n>p1 move psychicfangs\n>p2 move ironhead\n>chat \u2606Iceman8911|Lmao\n>forcelose p2", "uploadtime": 1715583767, "views": 226, "formatid": "gen9randombattle", "rating": 2225, "private": 0, "password": null}