{"id": "gen9randombattle-2189791198", "format": "[Gen 9] Random Battle", "players": ["bmence", "Delta 2777"], "log": "|badge|p1|bronze|gen9randombattle|100-2\n|uhtml|medal-msg|<div class=\"broadcast-blue\">Curious what those medals under the avatar are? PS now has Ladder Seasons! For more information, check out the <a href=\"https://www.smogon.com/forums/threads/3740067/\">thread on Smogon.</a></div>\n|badge|p2|silver|gen9randombattle|30-2\n|uhtml|medal-msg|<div class=\"broadcast-blue\">Curious what those medals under the avatar are? PS now has Ladder Seasons! For more information, check out the <a href=\"https://www.smogon.com/forums/threads/3740067/\">thread on Smogon.</a></div>\n|j|\u203dbmence\n|j|\u2606Delta 2777\n|t:|1724872783\n|gametype|singles\n|player|p1|bmence|101|2400\n|player|p2|Delta 2777|266|2418\n|teamsize|p1|6\n|teamsize|p2|6\n|gen|9\n|tier|[Gen 9] Random Battle\n|rated|\n|rule|Species Clause: Limit one of each Pok\u00e9mon\n|rule|HP Percentage Mod: HP is shown in percentages\n|rule|Sleep Clause Mod: Limit one foe put to sleep\n|rule|Illusion Level Mod: Illusion disguises the Pok\u00e9mon's true level\n|\n|t:|1724872783\n|start\n|switch|p1a: Alomomola|Alomomola, L87, M|429/429\n|switch|p2a: Golduck|Golduck, L90, M|290/290\n|-ability|p2a: Golduck|Cloud Nine\n|turn|1\n|inactive|Battle timer is ON: inactive players will automatically lose when time's up. (requested by Delta 2777)\n|j| traxler counter\n|inactive|Delta 2777 has 120 seconds left.\n|\n|t:|1724872822\n|switch|p2a: Sceptile|Sceptile, L87, M|264/264\n|move|p1a: Alomomola|Flip Turn|p2a: Sceptile\n|-resisted|p2a: Sceptile\n|-damage|p2a: Sceptile|231/264\n|\n|t:|1724872829\n|switch|p1a: Sneasler|Sneasler, L74, M|240/240|[from] Flip Turn\n|\n|upkeep\n|turn|2\n|\n|t:|1724872838\n|move|p2a: Sceptile|Earthquake|p1a: Sneasler\n|-supereffective|p1a: Sneasler\n|-damage|p1a: Sneasler|0 fnt\n|faint|p1a: Sneasler\n|-damage|p2a: Sceptile|205/264|[from] item: Life Orb\n|\n|upkeep\n|\n|t:|1724872850\n|switch|p1a: Lugia|Lugia, L72|272/272\n|turn|3\n|\n|t:|1724872870\n|move|p2a: Sceptile|Shed Tail|p2a: Sceptile\n|-start|p2a: Sceptile|Substitute|[from] move: Shed Tail\n|-damage|p2a: Sceptile|73/264\n|\n|t:|1724872873\n|switch|p2a: Drednaw|Drednaw, L81, F|278/278|[from] Shed Tail\n|move|p1a: Lugia|Aeroblast|p2a: Drednaw\n|-resisted|p2a: Drednaw\n|-activate|p2a: Drednaw|move: Substitute|[damage]\n|\n|upkeep\n|turn|4\n|\n|t:|1724872887\n|move|p1a: Lugia|Earth Power|p2a: Drednaw\n|-supereffective|p2a: Drednaw\n|-end|p2a: Drednaw|Substitute\n|move|p2a: Drednaw|Shell Smash|p2a: Drednaw\n|-unboost|p2a: Drednaw|def|1\n|-unboost|p2a: Drednaw|spd|1\n|-boost|p2a: Drednaw|atk|2\n|-boost|p2a: Drednaw|spa|2\n|-boost|p2a: Drednaw|spe|2\n|-enditem|p2a: Drednaw|White Herb\n|-clearnegativeboost|p2a: Drednaw|[silent]\n|\n|upkeep\n|turn|5\n|inactive|Delta 2777 has 120 seconds left.\n|\n|t:|1724872913\n|move|p2a: Drednaw|Liquidation|p1a: Lugia\n|-damage|p1a: Lugia|195/272\n|-unboost|p1a: Lugia|def|1\n|move|p1a: Lugia|Earth Power|p2a: Drednaw\n|-supereffective|p2a: Drednaw\n|-damage|p2a: Drednaw|164/278\n|\n|upkeep\n|turn|6\n|inactive|Delta 2777 has 120 seconds left.\n|\n|t:|1724872924\n|switch|p1a: Ludicolo|Ludicolo, L90, M|290/290\n|move|p2a: Drednaw|Stone Edge|p1a: Ludicolo\n|-damage|p1a: Ludicolo|52/290\n|\n|upkeep\n|turn|7\n|\n|t:|1724872930\n|move|p2a: Drednaw|Earthquake|p1a: Ludicolo\n|-resisted|p1a: Ludicolo\n|-damage|p1a: Ludicolo|0 fnt\n|faint|p1a: Ludicolo\n|\n|upkeep\n|\n|t:|1724872933\n|switch|p1a: Gurdurr|Gurdurr, L85, F|283/283\n|turn|8\n|inactive|Delta 2777 has 120 seconds left.\n|inactive|Delta 2777 has 90 seconds left.\n|\n|t:|1724872993\n|switch|p2a: Grimmsnarl|Grimmsnarl, L83, M|293/293\n|move|p1a: Gurdurr|Drain Punch|p2a: Grimmsnarl\n|-damage|p2a: Grimmsnarl|179/293\n|\n|upkeep\n|turn|9\n|\n|t:|1724873011\n|switch|p1a: Alomomola|Alomomola, L87, M|429/429\n|move|p2a: Grimmsnarl|Reflect|p2a: Grimmsnarl\n|-sidestart|p2: Delta 2777|Reflect\n|\n|upkeep\n|turn|10\n|\n|t:|1724873036\n|move|p2a: Grimmsnarl|Parting Shot|p1a: Alomomola\n|-unboost|p1a: Alomomola|atk|1\n|-unboost|p1a: Alomomola|spa|1\n|\n|t:|1724873038\n|switch|p2a: Smeargle|Smeargle, L95, F|258/258|[from] Parting Shot\n|move|p1a: Alomomola|Scald|p2a: Smeargle\n|-damage|p2a: Smeargle|212/258\n|\n|upkeep\n|turn|11\n|inactive|Delta 2777 has 60 seconds left.\n|\n|t:|1724873068\n|move|p2a: Smeargle|Stealth Rock|p1a: Alomomola\n|-sidestart|p1: bmence|move: Stealth Rock\n|move|p1a: Alomomola|Scald|p2a: Smeargle\n|-damage|p2a: Smeargle|167/258\n|\n|upkeep\n|turn|12\n|\n|t:|1724873075\n|move|p2a: Smeargle|Spore|p1a: Alomomola\n|-status|p1a: Alomomola|slp|[from] move: Spore\n|cant|p1a: Alomomola|slp\n|\n|upkeep\n|turn|13\n|\n|t:|1724873079\n|move|p2a: Smeargle|Ceaseless Edge|p1a: Alomomola|[miss]\n|-miss|p2a: Smeargle|p1a: Alomomola\n|-curestatus|p1a: Alomomola|slp|[msg]\n|move|p1a: Alomomola|Flip Turn|p2a: Smeargle\n|-damage|p2a: Smeargle|134/258\n|\n|t:|1724873083\n|switch|p1a: Gurdurr|Gurdurr, L85, F|283/283|[from] Flip Turn\n|-damage|p1a: Gurdurr|266/283|[from] Stealth Rock\n|\n|upkeep\n|turn|14\n|\n|t:|1724873088\n|move|p2a: Smeargle|Spore|p1a: Gurdurr\n|-status|p1a: Gurdurr|slp|[from] move: Spore\n|cant|p1a: Gurdurr|slp\n|\n|upkeep\n|turn|15\n|\n|t:|1724873093\n|move|p2a: Smeargle|Ceaseless Edge|p1a: Gurdurr|[miss]\n|-miss|p2a: Smeargle|p1a: Gurdurr\n|-curestatus|p1a: Gurdurr|slp|[msg]\n|move|p1a: Gurdurr|Drain Punch|p2a: Smeargle\n|-supereffective|p2a: Smeargle\n|-damage|p2a: Smeargle|0 fnt\n|-heal|p1a: Gurdurr|283/283|[from] drain|[of] p2a: Smeargle\n|faint|p2a: Smeargle\n|\n|upkeep\n|c|\u2606Delta 2777|that's pretty insane\n|inactive|Delta 2777 has 90 seconds left.\n|\n|t:|1724873110\n|switch|p2a: Grimmsnarl|Grimmsnarl, L83, M|179/293\n|turn|16\n|\n|t:|1724873113\n|switch|p1a: Alomomola|Alomomola, L87, M|429/429\n|-damage|p1a: Alomomola|376/429|[from] Stealth Rock\n|move|p2a: Grimmsnarl|Light Screen|p2a: Grimmsnarl\n|-sidestart|p2: Delta 2777|move: Light Screen\n|\n|-sideend|p2: Delta 2777|Reflect\n|upkeep\n|turn|17\n|\n|t:|1724873118\n|move|p2a: Grimmsnarl|Reflect|p2a: Grimmsnarl\n|-sidestart|p2: Delta 2777|Reflect\n|move|p1a: Alomomola|Scald|p2a: Grimmsnarl\n|-damage|p2a: Grimmsnarl|152/293\n|\n|upkeep\n|turn|18\n|\n|t:|1724873125\n|move|p2a: Grimmsnarl|Parting Shot|p1a: Alomomola\n|-unboost|p1a: Alomomola|atk|1\n|-unboost|p1a: Alomomola|spa|1\n|\n|t:|1724873127\n|switch|p2a: Sceptile|Sceptile, L87, M|73/264|[from] Parting Shot\n|move|p1a: Alomomola|Scald|p2a: Sceptile\n|-resisted|p2a: Sceptile\n|-damage|p2a: Sceptile|66/264\n|\n|upkeep\n|turn|19\n|\n|t:|1724873134\n|switch|p1a: Lugia|Lugia, L72|195/272\n|move|p2a: Sceptile|Rock Slide|p1a: Lugia|[miss]\n|-miss|p2a: Sceptile|p1a: Lugia\n|\n|upkeep\n|turn|20\n|inactive|Delta 2777 has 120 seconds left.\n|inactive|Delta 2777 has 90 seconds left.\n|\n|t:|1724873182\n|switch|p2a: Drednaw|Drednaw, L81, F|164/278\n|move|p1a: Lugia|Aeroblast|p2a: Drednaw\n|-resisted|p2a: Drednaw\n|-damage|p2a: Drednaw|140/278\n|\n|upkeep\n|turn|21\n|\n|t:|1724873194\n|switch|p1a: Gurdurr|Gurdurr, L85, F|283/283\n|-damage|p1a: Gurdurr|266/283|[from] Stealth Rock\n|move|p2a: Drednaw|Shell Smash|p2a: Drednaw\n|-unboost|p2a: Drednaw|def|1\n|-unboost|p2a: Drednaw|spd|1\n|-boost|p2a: Drednaw|atk|2\n|-boost|p2a: Drednaw|spa|2\n|-boost|p2a: Drednaw|spe|2\n|\n|upkeep\n|turn|22\n|\n|t:|1724873198\n|-terastallize|p2a: Drednaw|Ground\n|move|p2a: Drednaw|Earthquake|p1a: Gurdurr\n|-damage|p1a: Gurdurr|121/283\n|move|p1a: Gurdurr|Drain Punch|p2a: Drednaw\n|-damage|p2a: Drednaw|69/278\n|-heal|p1a: Gurdurr|157/283|[from] drain|[of] p2a: Drednaw\n|\n|upkeep\n|turn|23\n|\n|t:|1724873209\n|move|p2a: Drednaw|Earthquake|p1a: Gurdurr\n|-damage|p1a: Gurdurr|0 fnt\n|faint|p1a: Gurdurr\n|\n|-sideend|p2: Delta 2777|move: Light Screen\n|upkeep\n|\n|t:|1724873215\n|switch|p1a: Alomomola|Alomomola, L87, M|429/429\n|-damage|p1a: Alomomola|376/429|[from] Stealth Rock\n|turn|24\n|\n|t:|1724873219\n|move|p1a: Alomomola|Protect|p1a: Alomomola\n|-singleturn|p1a: Alomomola|Protect\n|move|p2a: Drednaw|Stone Edge|p1a: Alomomola\n|-activate|p1a: Alomomola|move: Protect\n|\n|-sideend|p2: Delta 2777|Reflect\n|upkeep\n|turn|25\n|\n|t:|1724873223\n|move|p2a: Drednaw|Stone Edge|p1a: Alomomola\n|-damage|p1a: Alomomola|162/429\n|move|p1a: Alomomola|Scald|p2a: Drednaw\n|-supereffective|p2a: Drednaw\n|-damage|p2a: Drednaw|0 fnt\n|faint|p2a: Drednaw\n|\n|upkeep\n|\n|t:|1724873229\n|switch|p2a: Sceptile|Sceptile, L87, M|66/264\n|turn|26\n|\n|t:|1724873234\n|move|p1a: Alomomola|Protect|p1a: Alomomola\n|-singleturn|p1a: Alomomola|Protect\n|move|p2a: Sceptile|Giga Drain|p1a: Alomomola\n|-activate|p1a: Alomomola|move: Protect\n|\n|upkeep\n|turn|27\n|\n|t:|1724873244\n|switch|p1a: Lugia|Lugia, L72|195/272\n|move|p2a: Sceptile|Giga Drain|p1a: Lugia\n|-resisted|p1a: Lugia\n|-damage|p1a: Lugia|131/272\n|-heal|p2a: Sceptile|98/264|[from] drain|[of] p1a: Lugia\n|-damage|p2a: Sceptile|72/264|[from] item: Life Orb\n|\n|upkeep\n|turn|28\n|\n|t:|1724873260\n|move|p2a: Sceptile|Rock Slide|p1a: Lugia\n|-supereffective|p1a: Lugia\n|-damage|p1a: Lugia|24/272\n|-damage|p2a: Sceptile|46/264|[from] item: Life Orb\n|move|p1a: Lugia|Aeroblast|p2a: Sceptile\n|-supereffective|p2a: Sceptile\n|-damage|p2a: Sceptile|0 fnt\n|faint|p2a: Sceptile\n|\n|upkeep\n|\n|t:|1724873277\n|switch|p2a: Jirachi|Jirachi, L80|291/291\n|turn|29\n|\n|t:|1724873280\n|switch|p1a: Alomomola|Alomomola, L87, M|305/429\n|-damage|p1a: Alomomola|252/429|[from] Stealth Rock\n|move|p2a: Jirachi|U-turn|p1a: Alomomola\n|-damage|p1a: Alomomola|200/429\n|-damage|p2a: Jirachi|243/291|[from] item: Rocky Helmet|[of] p1a: Alomomola\n|\n|t:|1724873286\n|switch|p2a: Golduck|Golduck, L90, M|290/290|[from] U-turn\n|-ability|p2a: Golduck|Cloud Nine\n|\n|upkeep\n|turn|30\n|\n|t:|1724873291\n|move|p2a: Golduck|Grass Knot|p1a: Alomomola\n|-supereffective|p1a: Alomomola\n|-damage|p1a: Alomomola|0 fnt\n|-damage|p2a: Golduck|242/290|[from] item: Rocky Helmet|[of] p1a: Alomomola\n|faint|p1a: Alomomola\n|\n|upkeep\n|\n|t:|1724873295\n|switch|p1a: Revavroom|Revavroom, L79, F|256/256\n|-damage|p1a: Revavroom|240/256|[from] Stealth Rock\n|turn|31\n|\n|t:|1724873300\n|switch|p2a: Grimmsnarl|Grimmsnarl, L83, M|152/293\n|move|p1a: Revavroom|Shift Gear|p1a: Revavroom\n|-boost|p1a: Revavroom|spe|2\n|-boost|p1a: Revavroom|atk|1\n|\n|upkeep\n|turn|32\n|\n|t:|1724873304\n|move|p2a: Grimmsnarl|Reflect|p2a: Grimmsnarl\n|-sidestart|p2: Delta 2777|Reflect\n|move|p1a: Revavroom|Shift Gear|p1a: Revavroom\n|-boost|p1a: Revavroom|spe|2\n|-boost|p1a: Revavroom|atk|1\n|\n|upkeep\n|turn|33\n|inactive|Delta 2777 has 120 seconds left.\n|\n|t:|1724873355\n|move|p2a: Grimmsnarl|Parting Shot|p1a: Revavroom\n|-unboost|p1a: Revavroom|atk|1\n|-unboost|p1a: Revavroom|spa|1\n|\n|t:|1724873358\n|switch|p2a: Jirachi|Jirachi, L80|243/291|[from] Parting Shot\n|move|p1a: Revavroom|Shift Gear|p1a: Revavroom\n|-boost|p1a: Revavroom|spe|2\n|-boost|p1a: Revavroom|atk|1\n|\n|upkeep\n|turn|34\n|inactive|bmence has 120 seconds left.\n|j| DefinitelyNoTroll\n|inactive|bmence has 90 seconds left.\n|inactive|bmence has 60 seconds left.\n|\n|t:|1724873464\n|move|p1a: Revavroom|Shift Gear|p1a: Revavroom\n|-boost|p1a: Revavroom|spe|0\n|-boost|p1a: Revavroom|atk|1\n|move|p2a: Jirachi|Psychic|p1a: Revavroom\n|-damage|p1a: Revavroom|129/256\n|\n|upkeep\n|turn|35\n|\n|t:|1724873471\n|-terastallize|p1a: Revavroom|Ground\n|move|p1a: Revavroom|High Horsepower|p2a: Jirachi\n|-supereffective|p2a: Jirachi\n|-damage|p2a: Jirachi|0 fnt\n|faint|p2a: Jirachi\n|-damage|p1a: Revavroom|104/256|[from] item: Life Orb\n|\n|upkeep\n|\n|t:|1724873480\n|switch|p2a: Golduck|Golduck, L90, M|242/290\n|-ability|p2a: Golduck|Cloud Nine\n|turn|36\n|inactive|bmence has 60 seconds left.\n|\n|t:|1724873511\n|move|p1a: Revavroom|Gunk Shot|p2a: Golduck\n|-damage|p2a: Golduck|10/290\n|-status|p2a: Golduck|psn\n|-damage|p1a: Revavroom|79/256|[from] item: Life Orb\n|move|p2a: Golduck|Ice Beam|p1a: Revavroom\n|-supereffective|p1a: Revavroom\n|-damage|p1a: Revavroom|0 fnt\n|faint|p1a: Revavroom\n|\n|-damage|p2a: Golduck|0 fnt|[from] psn\n|faint|p2a: Golduck\n|upkeep\n|\n|t:|1724873520\n|switch|p2a: Grimmsnarl|Grimmsnarl, L83, M|152/293\n|switch|p1a: Lugia|Lugia, L72|24/272\n|turn|37\n|\n|t:|1724873525\n|move|p1a: Lugia|Recover|p1a: Lugia\n|-heal|p1a: Lugia|160/272\n|move|p2a: Grimmsnarl|Spirit Break|p1a: Lugia\n|-crit|p1a: Lugia\n|-damage|p1a: Lugia|37/272\n|-unboost|p1a: Lugia|spa|1\n|\n|upkeep\n|turn|38\n|\n|t:|1724873531\n|move|p1a: Lugia|Recover|p1a: Lugia\n|-heal|p1a: Lugia|173/272\n|move|p2a: Grimmsnarl|Spirit Break|p1a: Lugia\n|-damage|p1a: Lugia|88/272\n|-unboost|p1a: Lugia|spa|1\n|\n|upkeep\n|turn|39\n|\n|t:|1724873536\n|move|p1a: Lugia|Recover|p1a: Lugia\n|-heal|p1a: Lugia|224/272\n|move|p2a: Grimmsnarl|Spirit Break|p1a: Lugia\n|-damage|p1a: Lugia|145/272\n|-unboost|p1a: Lugia|spa|1\n|\n|-sideend|p2: Delta 2777|Reflect\n|upkeep\n|turn|40\n|\n|t:|1724873540\n|move|p1a: Lugia|Recover|p1a: Lugia\n|-heal|p1a: Lugia|272/272\n|move|p2a: Grimmsnarl|Spirit Break|p1a: Lugia\n|-damage|p1a: Lugia|232/272\n|-unboost|p1a: Lugia|spa|1\n|\n|upkeep\n|turn|41\n|\n|t:|1724873550\n|move|p1a: Lugia|Aeroblast|p2a: Grimmsnarl\n|-damage|p2a: Grimmsnarl|121/293\n|move|p2a: Grimmsnarl|Spirit Break|p1a: Lugia\n|-damage|p1a: Lugia|159/272\n|-unboost|p1a: Lugia|spa|1\n|\n|upkeep\n|turn|42\n|inactive|bmence has 90 seconds left.\n|\n|t:|1724873561\n|move|p1a: Lugia|Aeroblast|p2a: Grimmsnarl\n|-damage|p2a: Grimmsnarl|96/293\n|move|p2a: Grimmsnarl|Spirit Break|p1a: Lugia\n|-damage|p1a: Lugia|74/272\n|-unboost|p1a: Lugia|spa|1\n|\n|upkeep\n|turn|43\n|\n|t:|1724873570\n|move|p1a: Lugia|Recover|p1a: Lugia\n|-heal|p1a: Lugia|210/272\n|move|p2a: Grimmsnarl|Spirit Break|p1a: Lugia\n|-damage|p1a: Lugia|132/272\n|\n|upkeep\n|turn|44\n|\n|t:|1724873575\n|move|p1a: Lugia|Recover|p1a: Lugia\n|-heal|p1a: Lugia|268/272\n|move|p2a: Grimmsnarl|Spirit Break|p1a: Lugia\n|-damage|p1a: Lugia|189/272\n|\n|upkeep\n|turn|45\n|j| PatrykMe\n|\n|t:|1724873581\n|move|p1a: Lugia|Recover|p1a: Lugia\n|-heal|p1a: Lugia|272/272\n|move|p2a: Grimmsnarl|Spirit Break|p1a: Lugia\n|-damage|p1a: Lugia|230/272\n|\n|upkeep\n|turn|46\n|\n|t:|1724873585\n|move|p1a: Lugia|Aeroblast|p2a: Grimmsnarl\n|-damage|p2a: Grimmsnarl|75/293\n|move|p2a: Grimmsnarl|Spirit Break|p1a: Lugia\n|-damage|p1a: Lugia|149/272\n|\n|upkeep\n|turn|47\n|\n|t:|1724873594\n|move|p1a: Lugia|Recover|p1a: Lugia\n|-heal|p1a: Lugia|272/272\n|move|p2a: Grimmsnarl|Spirit Break|p1a: Lugia\n|-damage|p1a: Lugia|230/272\n|\n|upkeep\n|turn|48\n|\n|t:|1724873599\n|move|p1a: Lugia|Aeroblast|p2a: Grimmsnarl\n|-damage|p2a: Grimmsnarl|51/293\n|move|p2a: Grimmsnarl|Spirit Break|p1a: Lugia\n|-damage|p1a: Lugia|145/272\n|\n|upkeep\n|turn|49\n|\n|t:|1724873611\n|move|p1a: Lugia|Earth Power|p2a: Grimmsnarl\n|-damage|p2a: Grimmsnarl|38/293\n|move|p2a: Grimmsnarl|Spirit Break|p1a: Lugia\n|-damage|p1a: Lugia|72/272\n|\n|upkeep\n|turn|50\n|\n|t:|1724873616\n|move|p1a: Lugia|Aeroblast|p2a: Grimmsnarl|[miss]\n|-miss|p1a: Lugia|p2a: Grimmsnarl\n|move|p2a: Grimmsnarl|Spirit Break|p1a: Lugia\n|-damage|p1a: Lugia|0 fnt\n|faint|p1a: Lugia\n|\n|win|Delta 2777\n|raw|bmence's rating: 2400 &rarr; <strong>2381</strong><br />(-19 for losing)\n|raw|Delta 2777's rating: 2418 &rarr; <strong>2437</strong><br />(+19 for winning)\n|l| PatrykMe\n", "inputlog": ">version 2e590d34c814cccdb89d4fed97a7fe8ad0bc829c\n>start {\"formatid\":\"gen9randombattle\",\"seed\":[21592,50990,53802,35492],\"rated\":\"Rated battle\"}\n>player p1 {\"name\":\"bmence\",\"avatar\":\"101\",\"rating\":2400,\"seed\":[2878,59141,24422,34944]}\n>player p2 {\"name\":\"Delta 2777\",\"avatar\":\"266\",\"rating\":2418,\"seed\":[39480,39581,53495,12291]}\n>p1 move flipturn\n>p2 switch 5\n>p1 switch 3\n>p1 move gunkshot\n>p2 move earthquake\n>p1 switch 6\n>p1 move aeroblast\n>p2 move shedtail\n>p2 switch 6\n>p1 move earthpower\n>p2 move shellsmash\n>p1 move earthpower\n>p2 move liquidation\n>p1 switch 5\n>p2 move stoneedge\n>p1 move gigadrain\n>p2 move earthquake\n>p1 switch 4\n>p1 move drainpunch\n>p2 switch 3\n>p1 switch 3\n>p2 move reflect\n>p1 move scald\n>p2 move partingshot\n>p2 switch 2\n>p1 move scald\n>p2 move stealthrock\n>p1 move scald\n>p2 move spore\n>p1 move flipturn\n>p2 move ceaselessedge\n>p1 switch 3\n>p1 move knockoff\n>p2 move spore\n>p1 move drainpunch\n>p2 move ceaselessedge\n>chat \u2606Delta 2777|that's pretty insane\n>p2 switch 2\n>p1 switch 3\n>p2 move lightscreen\n>p1 move scald\n>p2 move reflect\n>p1 move scald\n>p2 move partingshot\n>p2 switch 6\n>p1 switch 5\n>p2 move rockslide\n>p1 move aeroblast\n>p2 switch 3\n>p1 switch 3\n>p2 move shellsmash\n>p1 move drainpunch\n>p2 move earthquake terastallize\n>p1 move drainpunch\n>p2 move earthquake\n>p1 switch 5\n>p1 move protect\n>p2 move stoneedge\n>p1 move scald\n>p2 move stoneedge\n>p2 switch 3\n>p1 move protect\n>p2 move gigadrain\n>p1 switch 3\n>p2 move gigadrain\n>p1 move aeroblast\n>p2 move rockslide\n>p2 switch 4\n>p1 switch 3\n>p2 move uturn\n>p2 switch 5\n>p1 move flipturn\n>p2 move grassknot\n>p1 switch 2\n>p1 move shiftgear\n>p2 switch 6\n>p1 move shiftgear\n>p2 move reflect\n>p1 move shiftgear\n>p2 move partingshot\n>p2 switch 5\n>p1 move shiftgear\n>p2 move psychic\n>p1 move highhorsepower terastallize\n>p2 move psychic\n>p2 switch 6\n>p1 move gunkshot\n>p2 move icebeam\n>p1 switch 3\n>p2 switch 5\n>p1 move recover\n>p2 move spiritbreak\n>p1 move recover\n>p2 move spiritbreak\n>p1 move recover\n>p2 move spiritbreak\n>p1 move recover\n>p2 move spiritbreak\n>p1 move aeroblast\n>p2 move spiritbreak\n>p1 move aeroblast\n>p2 move spiritbreak\n>p1 move recover\n>p2 move spiritbreak\n>p1 move recover\n>p2 move spiritbreak\n>p1 move recover\n>p2 move spiritbreak\n>p1 move aeroblast\n>p2 move spiritbreak\n>p1 move recover\n>p2 move spiritbreak\n>p1 move aeroblast\n>p2 move spiritbreak\n>p1 move earthpower\n>p2 move spiritbreak\n>p1 move aeroblast\n>p2 move spiritbreak", "uploadtime": 1724873624, "views": 107, "formatid": "gen9randombattle", "rating": 2381, "private": 0, "password": null}