{"id": "gen9randombattle-2140328369", "format": "[Gen 9] Random Battle", "players": ["Astinov", "MU$TCHEGOAT"], "log": "|badge|p1|bronze|gen9randombattle|100-1\n|uhtml|medal-msg|<div class=\"broadcast-blue\">Curious what those medals under the avatar are? PS now has Ladder Seasons! For more information, check out the <a href=\"https://www.smogon.com/forums/threads/3740067/\">thread on Smogon.</a></div>\n|j|\u2606Astinov\n|j|\u203dMU$TCHEGOAT\n|t:|1717989913\n|gametype|singles\n|player|p1|Astinov|101|2355\n|player|p2|MU$TCHEGOAT|2|2270\n|teamsize|p1|6\n|teamsize|p2|6\n|gen|9\n|tier|[Gen 9] Random Battle\n|rated|\n|rule|Species Clause: Limit one of each Pok\u00e9mon\n|rule|HP Percentage Mod: HP is shown in percentages\n|rule|Sleep Clause Mod: Limit one foe put to sleep\n|rule|Illusion Level Mod: Illusion disguises the Pok\u00e9mon's true level\n|\n|t:|1717989913\n|start\n|switch|p1a: Dunsparce|Dunsparce, L86, M|312/312\n|switch|p2a: Scyther|Scyther, L82, M|249/249\n|turn|1\n|inactive|Battle timer is ON: inactive players will automatically lose when time's up. (requested by MU$TCHEGOAT)\n|inactive|MU$TCHEGOAT has 120 seconds left.\n|\n|t:|1717989955\n|move|p2a: Scyther|Close Combat|p1a: Dunsparce\n|-supereffective|p1a: Dunsparce\n|-damage|p1a: Dunsparce|182/312\n|-unboost|p2a: Scyther|def|1\n|-unboost|p2a: Scyther|spd|1\n|move|p1a: Dunsparce|Body Slam|p2a: Scyther\n|-damage|p2a: Scyther|128/249\n|-status|p2a: Scyther|par\n|\n|upkeep\n|turn|2\n|\n|t:|1717989965\n|switch|p2a: Gholdengo|Gholdengo, L77|261/261\n|move|p1a: Dunsparce|Roost|p1a: Dunsparce\n|-heal|p1a: Dunsparce|312/312\n|-singleturn|p1a: Dunsparce|move: Roost\n|\n|upkeep\n|turn|3\n|\n|t:|1717989969\n|switch|p1a: Bombirdier|Bombirdier, L85, M|258/258\n|move|p2a: Gholdengo|Thunder Wave|p1a: Bombirdier\n|-status|p1a: Bombirdier|par\n|\n|upkeep\n|turn|4\n|\n|t:|1717989988\n|switch|p2a: Raging Bolt|Raging Bolt, L78|323/323\n|move|p1a: Bombirdier|Stealth Rock|p2a: Raging Bolt\n|-sidestart|p2: MU$TCHEGOAT|move: Stealth Rock\n|\n|upkeep\n|turn|5\n|\n|t:|1717989992\n|switch|p1a: Mesprit|Mesprit, L85|275/275\n|move|p2a: Raging Bolt|Thunderbolt|p1a: Mesprit\n|-damage|p1a: Mesprit|179/275\n|\n|-heal|p1a: Mesprit|196/275|[from] item: Leftovers\n|upkeep\n|turn|6\n|\n|t:|1717989997\n|move|p1a: Mesprit|U-turn|p2a: Raging Bolt\n|-damage|p2a: Raging Bolt|260/323\n|\n|t:|1717989999\n|switch|p1a: Tinkaton|Tinkaton, L82, F|274/274|[from] U-turn\n|-ability|p1a: Tinkaton|Mold Breaker\n|move|p2a: Raging Bolt|Volt Switch|p1a: Tinkaton\n|-damage|p1a: Tinkaton|195/274\n|\n|t:|1717990014\n|-end|p2a: Raging Bolt|Protosynthesis|[silent]\n|switch|p2a: Luvdisc|Luvdisc, M|247/247|[from] Volt Switch\n|\n|upkeep\n|turn|7\n|\n|t:|1717990032\n|switch|p1a: Mesprit|Mesprit, L85|196/275\n|move|p2a: Luvdisc|Whirlpool|p1a: Mesprit\n|-damage|p1a: Mesprit|171/275\n|-activate|p1a: Mesprit|move: Whirlpool|[of] p2a: Luvdisc\n|\n|-heal|p1a: Mesprit|188/275|[from] item: Leftovers\n|-damage|p1a: Mesprit|154/275|[from] move: Whirlpool|[partiallytrapped]\n|upkeep\n|turn|8\n|\n|t:|1717990041\n|move|p2a: Luvdisc|Substitute|p2a: Luvdisc\n|-start|p2a: Luvdisc|Substitute\n|-damage|p2a: Luvdisc|186/247\n|move|p1a: Mesprit|Encore|p2a: Luvdisc\n|-start|p2a: Luvdisc|Encore\n|\n|-heal|p1a: Mesprit|171/275|[from] item: Leftovers\n|-damage|p1a: Mesprit|137/275|[from] move: Whirlpool|[partiallytrapped]\n|upkeep\n|turn|9\n|\n|t:|1717990049\n|move|p2a: Luvdisc|Substitute|p2a: Luvdisc\n|-fail|p2a: Luvdisc|move: Substitute\n|move|p1a: Mesprit|Psychic Noise|p2a: Luvdisc\n|-damage|p2a: Luvdisc|96/247\n|-start|p2a: Luvdisc|move: Heal Block\n|\n|-heal|p1a: Mesprit|154/275|[from] item: Leftovers\n|-damage|p1a: Mesprit|120/275|[from] move: Whirlpool|[partiallytrapped]\n|upkeep\n|turn|10\n|\n|t:|1717990055\n|switch|p2a: Gholdengo|Gholdengo, L77|261/261\n|-damage|p2a: Gholdengo|245/261|[from] Stealth Rock\n|move|p1a: Mesprit|Psychic Noise|p2a: Gholdengo\n|-resisted|p2a: Gholdengo\n|-damage|p2a: Gholdengo|199/261\n|-start|p2a: Gholdengo|move: Heal Block\n|\n|-heal|p1a: Mesprit|137/275|[from] item: Leftovers\n|-end|p1a: Mesprit|Whirlpool|[partiallytrapped]|[silent]\n|upkeep\n|turn|11\n|\n|t:|1717990066\n|move|p1a: Mesprit|U-turn|p2a: Gholdengo\n|-resisted|p2a: Gholdengo\n|-damage|p2a: Gholdengo|186/261\n|\n|t:|1717990072\n|switch|p1a: Bombirdier|Bombirdier, L85, M|258/258 par|[from] U-turn\n|move|p2a: Gholdengo|Make It Rain|p1a: Bombirdier\n|-damage|p1a: Bombirdier|126/258 par\n|-unboost|p2a: Gholdengo|spa|1\n|\n|-end|p2a: Gholdengo|move: Heal Block\n|upkeep\n|turn|12\n|\n|t:|1717990089\n|switch|p2a: Scyther|Scyther, L82, M|128/249 par\n|cant|p1a: Bombirdier|par\n|\n|upkeep\n|turn|13\n|\n|t:|1717990109\n|move|p2a: Scyther|Defog|p1a: Bombirdier\n|-unboost|p1a: Bombirdier|evasion|1\n|-sideend|p2: MU$TCHEGOAT|Stealth Rock|[from] move: Defog|[of] p2a: Scyther\n|move|p1a: Bombirdier|Brave Bird|p2a: Scyther\n|-supereffective|p2a: Scyther\n|-damage|p2a: Scyther|0 fnt\n|faint|p2a: Scyther\n|-damage|p1a: Bombirdier|84/258 par|[from] Recoil\n|\n|upkeep\n|\n|t:|1717990119\n|switch|p2a: Raging Bolt|Raging Bolt, L78|260/323\n|turn|14\n|\n|t:|1717990135\n|move|p2a: Raging Bolt|Thunderbolt|p1a: Bombirdier\n|-supereffective|p1a: Bombirdier\n|-damage|p1a: Bombirdier|0 fnt\n|faint|p1a: Bombirdier\n|\n|upkeep\n|\n|t:|1717990140\n|switch|p1a: Tinkaton|Tinkaton, L82, F|195/274\n|-ability|p1a: Tinkaton|Mold Breaker\n|turn|15\n|\n|t:|1717990148\n|-end|p2a: Raging Bolt|Protosynthesis|[silent]\n|switch|p2a: Luvdisc|Luvdisc, M|96/247\n|move|p1a: Tinkaton|Knock Off|p2a: Luvdisc\n|-damage|p2a: Luvdisc|6/247\n|-enditem|p2a: Luvdisc|Heavy-Duty Boots|[from] move: Knock Off|[of] p1a: Tinkaton\n|-damage|p1a: Tinkaton|168/274|[from] item: Life Orb\n|\n|upkeep\n|turn|16\n|\n|t:|1717990166\n|switch|p1a: Mesprit|Mesprit, L85|137/275\n|move|p2a: Luvdisc|Endeavor|p1a: Mesprit\n|-damage|p1a: Mesprit|6/275\n|\n|-heal|p1a: Mesprit|23/275|[from] item: Leftovers\n|upkeep\n|turn|17\n|\n|t:|1717990179\n|move|p2a: Luvdisc|Surf|p1a: Mesprit\n|-damage|p1a: Mesprit|0 fnt\n|faint|p1a: Mesprit\n|\n|upkeep\n|\n|t:|1717990182\n|switch|p1a: Terrakion|Terrakion, L79|273/273\n|turn|18\n|\n|t:|1717990189\n|switch|p2a: Gholdengo|Gholdengo, L77|186/261\n|move|p1a: Terrakion|Quick Attack|p2a: Gholdengo\n|-immune|p2a: Gholdengo\n|\n|-heal|p2a: Gholdengo|202/261|[from] item: Leftovers\n|upkeep\n|turn|19\n|\n|t:|1717990198\n|switch|p1a: Houndoom|Houndoom, L86, F|269/269\n|move|p2a: Gholdengo|Thunder Wave|p1a: Houndoom\n|-status|p1a: Houndoom|par\n|\n|-heal|p2a: Gholdengo|218/261|[from] item: Leftovers\n|upkeep\n|turn|20\n|\n|t:|1717990214\n|switch|p2a: Snorlax|Snorlax, L82, M|397/397\n|move|p1a: Houndoom|Dark Pulse|p2a: Snorlax\n|-damage|p2a: Snorlax|304/397\n|\n|-heal|p2a: Snorlax|328/397|[from] item: Leftovers\n|upkeep\n|turn|21\n|\n|t:|1717990229\n|switch|p1a: Terrakion|Terrakion, L79|273/273\n|move|p2a: Snorlax|Earthquake|p1a: Terrakion\n|-supereffective|p1a: Terrakion\n|-damage|p1a: Terrakion|127/273\n|\n|-heal|p2a: Snorlax|352/397|[from] item: Leftovers\n|upkeep\n|turn|22\n|\n|t:|1717990241\n|move|p1a: Terrakion|Stone Edge|p2a: Snorlax\n|-crit|p2a: Snorlax\n|-damage|p2a: Snorlax|6/397\n|move|p2a: Snorlax|Earthquake|p1a: Terrakion\n|-supereffective|p1a: Terrakion\n|-damage|p1a: Terrakion|0 fnt\n|faint|p1a: Terrakion\n|\n|-heal|p2a: Snorlax|30/397|[from] item: Leftovers\n|upkeep\n|\n|t:|1717990249\n|switch|p1a: Dunsparce|Dunsparce, L86, M|312/312\n|turn|23\n|\n|t:|1717990272\n|switch|p2a: Gholdengo|Gholdengo, L77|218/261\n|move|p1a: Dunsparce|Earthquake|p2a: Gholdengo\n|-supereffective|p2a: Gholdengo\n|-damage|p2a: Gholdengo|100/261\n|\n|-heal|p2a: Gholdengo|116/261|[from] item: Leftovers\n|upkeep\n|turn|24\n|\n|t:|1717990280\n|move|p2a: Gholdengo|Recover|p2a: Gholdengo\n|-heal|p2a: Gholdengo|247/261\n|move|p1a: Dunsparce|Earthquake|p2a: Gholdengo\n|-supereffective|p2a: Gholdengo\n|-damage|p2a: Gholdengo|135/261\n|\n|-heal|p2a: Gholdengo|151/261|[from] item: Leftovers\n|upkeep\n|turn|25\n|inactive|MU$TCHEGOAT has 120 seconds left.\n|\n|t:|1717990325\n|move|p2a: Gholdengo|Thunder Wave|p1a: Dunsparce\n|-status|p1a: Dunsparce|par\n|move|p1a: Dunsparce|Coil|p1a: Dunsparce\n|-boost|p1a: Dunsparce|atk|1\n|-boost|p1a: Dunsparce|def|1\n|-boost|p1a: Dunsparce|accuracy|1\n|\n|-heal|p2a: Gholdengo|167/261|[from] item: Leftovers\n|upkeep\n|turn|26\n|inactive|MU$TCHEGOAT has 90 seconds left.\n|\n|t:|1717990363\n|move|p2a: Gholdengo|Make It Rain|p1a: Dunsparce\n|-damage|p1a: Dunsparce|209/312 par\n|-unboost|p2a: Gholdengo|spa|1\n|move|p1a: Dunsparce|Earthquake|p2a: Gholdengo\n|-supereffective|p2a: Gholdengo\n|-damage|p2a: Gholdengo|0 fnt\n|faint|p2a: Gholdengo\n|\n|upkeep\n|\n|t:|1717990372\n|switch|p2a: Luvdisc|Luvdisc, M|6/247\n|turn|27\n|\n|t:|1717990377\n|switch|p1a: Houndoom|Houndoom, L86, F|269/269 par\n|move|p2a: Luvdisc|Endeavor|p1a: Houndoom\n|-damage|p1a: Houndoom|6/269 par\n|\n|upkeep\n|turn|28\n|\n|t:|1717990382\n|move|p2a: Luvdisc|Surf|p1a: Houndoom\n|-supereffective|p1a: Houndoom\n|-damage|p1a: Houndoom|0 fnt\n|faint|p1a: Houndoom\n|\n|upkeep\n|\n|t:|1717990389\n|switch|p1a: Dunsparce|Dunsparce, L86, M|209/312 par\n|turn|29\n|\n|t:|1717990396\n|move|p2a: Luvdisc|Endeavor|p1a: Dunsparce\n|-damage|p1a: Dunsparce|6/312 par\n|cant|p1a: Dunsparce|par\n|\n|upkeep\n|turn|30\n|-message|Astinov forfeited.\n|\n|win|MU$TCHEGOAT\n|raw|Astinov's rating: 2355 &rarr; <strong>2330</strong><br />(-25 for losing)\n|raw|MU$TCHEGOAT's rating: 2270 &rarr; <strong>2295</strong><br />(+25 for winning)\n|l|\u2606Astinov\n|player|p1|\n", "inputlog": ">version e046c5ea766451ca9500a73fe72ec774e92e6f7e\n>start {\"formatid\":\"gen9randombattle\",\"seed\":[49125,38542,24131,14795],\"rated\":\"Rated battle\"}\n>player p1 {\"name\":\"Astinov\",\"avatar\":\"101\",\"rating\":2355,\"seed\":[29116,20481,22436,35588]}\n>player p2 {\"name\":\"MU$TCHEGOAT\",\"avatar\":\"2\",\"rating\":2270,\"seed\":[59084,60072,5574,55371]}\n>p1 move bodyslam\n>p2 move closecombat\n>p1 move roost\n>p2 switch 6\n>p1 switch 6\n>p2 move thunderwave\n>p1 move stealthrock\n>p2 switch 4\n>p1 switch 2\n>p2 move thunderbolt\n>p1 move uturn\n>p2 move voltswitch\n>p1 switch 4\n>p2 switch 3\n>p1 switch 4\n>p2 move whirlpool\n>p1 move encore\n>p2 move substitute\n>p1 move psychicnoise\n>p2 move substitute\n>p1 move psychicnoise\n>p2 switch 4\n>p1 move uturn\n>p2 move makeitrain\n>p1 switch 2\n>p1 move knockoff\n>p2 switch 6\n>p1 move bravebird\n>p2 move defog\n>p2 switch 3\n>p1 move stealthrock\n>p2 move thunderbolt\n>p1 switch 4\n>p1 move knockoff\n>p2 switch 4\n>p1 switch 2\n>p2 move endeavor\n>p1 move psychicnoise\n>p2 move surf\n>p1 switch 3\n>p1 move quickattack\n>p2 switch 6\n>p1 switch 5\n>p2 move thunderwave\n>p1 move darkpulse\n>p2 switch 2\n>p1 switch 5\n>p2 move earthquake\n>p1 move stoneedge\n>p2 move earthquake\n>p1 switch 6\n>p1 move earthquake\n>p2 switch 2\n>p1 move earthquake\n>p2 move recover\n>p1 move coil\n>p2 move thunderwave\n>p1 move earthquake\n>p2 move makeitrain\n>p2 switch 6\n>p1 switch 5\n>p2 move endeavor\n>p1 move sludgebomb\n>p2 move surf\n>p1 switch 5\n>p1 move roost\n>p2 move endeavor\n>forcelose p1", "uploadtime": 1717990417, "views": 201, "formatid": "gen9randombattle", "rating": 2295, "private": 0, "password": null}