{"id": "gen9randombattle-2259958569", "format": "[Gen 9] Random Battle", "players": ["mailop1", "shortround526"], "log": "|j|\u2606mailop1\n|j|\u2606shortround526\n|t:|1733784339\n|gametype|singles\n|player|p1|mailop1|sailor|1351\n|player|p2|shortround526|101|1383\n|teamsize|p1|6\n|teamsize|p2|6\n|gen|9\n|tier|[Gen 9] Random Battle\n|rated|\n|rule|Species Clause: Limit one of each Pok\u00e9mon\n|rule|HP Percentage Mod: HP is shown in percentages\n|rule|Sleep Clause Mod: Limit one foe put to sleep\n|rule|Illusion Level Mod: Illusion disguises the Pok\u00e9mon's true level\n|\n|t:|1733784339\n|start\n|switch|p1a: Quagsire|Quagsire, L84, F|297/297\n|switch|p2a: Minun|Minun, L95, F|268/268\n|turn|1\n|\n|t:|1733784349\n|move|p2a: Minun|Alluring Voice|p1a: Quagsire\n|-damage|p1a: Quagsire|200/297\n|-damage|p2a: Minun|242/268|[from] item: Life Orb\n|move|p1a: Quagsire|Spikes|p2a: Minun\n|-sidestart|p2: shortround526|Spikes\n|\n|-heal|p1a: Quagsire|218/297|[from] item: Leftovers\n|upkeep\n|turn|2\n|\n|t:|1733784359\n|move|p2a: Minun|Alluring Voice|p1a: Quagsire\n|-damage|p1a: Quagsire|128/297\n|-damage|p2a: Minun|216/268|[from] item: Life Orb\n|move|p1a: Quagsire|Spikes|p2a: Minun\n|-sidestart|p2: shortround526|Spikes\n|\n|-heal|p1a: Quagsire|146/297|[from] item: Leftovers\n|upkeep\n|turn|3\n|inactive|Battle timer is ON: inactive players will automatically lose when time's up. (requested by shortround526)\n|\n|t:|1733784367\n|move|p2a: Minun|Alluring Voice|p1a: Quagsire\n|-damage|p1a: Quagsire|49/297\n|-damage|p2a: Minun|190/268|[from] item: Life Orb\n|move|p1a: Quagsire|Recover|p1a: Quagsire\n|-heal|p1a: Quagsire|198/297\n|\n|-heal|p1a: Quagsire|216/297|[from] item: Leftovers\n|upkeep\n|turn|4\n|inactive|shortround526 has 120 seconds left.\n|\n|t:|1733784397\n|move|p2a: Minun|Encore|p1a: Quagsire\n|-start|p1a: Quagsire|Encore\n|move|p1a: Quagsire|Recover|p1a: Quagsire\n|-heal|p1a: Quagsire|297/297\n|\n|upkeep\n|turn|5\n|inactive|shortround526 has 120 seconds left.\n|\n|t:|1733784410\n|switch|p2a: Eiscue|Eiscue, L88, M|272/272\n|-damage|p2a: Eiscue|227/272|[from] Spikes\n|switch|p1a: Klefki|Klefki, L84, M|233/233\n|\n|upkeep\n|turn|6\n|\n|t:|1733784430\n|switch|p2a: Minun|Minun, L95, F|190/268\n|-damage|p2a: Minun|146/268|[from] Spikes\n|move|p1a: Klefki|Play Rough|p2a: Minun\n|-damage|p2a: Minun|34/268\n|\n|upkeep\n|turn|7\n|\n|t:|1733784437\n|move|p1a: Klefki|Spikes|p2a: Minun\n|-sidestart|p2: shortround526|Spikes\n|move|p2a: Minun|Thunderbolt|p1a: Klefki\n|-damage|p1a: Klefki|111/233\n|-status|p1a: Klefki|par\n|-damage|p2a: Minun|8/268|[from] item: Life Orb\n|\n|-heal|p1a: Klefki|125/233 par|[from] item: Leftovers\n|upkeep\n|turn|8\n|\n|t:|1733784462\n|switch|p1a: Quagsire|Quagsire, L84, F|297/297\n|move|p2a: Minun|Thunderbolt|p1a: Quagsire\n|-immune|p1a: Quagsire\n|\n|upkeep\n|turn|9\n|\n|t:|1733784476\n|move|p2a: Minun|Alluring Voice|p1a: Quagsire\n|-damage|p1a: Quagsire|203/297\n|-damage|p2a: Minun|0 fnt|[from] item: Life Orb\n|faint|p2a: Minun\n|move|p1a: Quagsire|Recover|p1a: Quagsire\n|-heal|p1a: Quagsire|297/297\n|\n|upkeep\n|\n|t:|1733784495\n|switch|p2a: Articuno|Articuno-Galar, L84|288/288\n|turn|10\n|\n|t:|1733784502\n|move|p2a: Articuno|Hurricane|p1a: Quagsire\n|-damage|p1a: Quagsire|117/297\n|move|p1a: Quagsire|Toxic|p2a: Articuno\n|-status|p2a: Articuno|tox\n|\n|-heal|p1a: Quagsire|135/297|[from] item: Leftovers\n|-damage|p2a: Articuno|270/288 tox|[from] psn\n|upkeep\n|turn|11\n|\n|t:|1733784523\n|switch|p1a: Klefki|Klefki, L84, M|125/233 par\n|move|p2a: Articuno|Hurricane|p1a: Klefki\n|-resisted|p1a: Klefki\n|-damage|p1a: Klefki|53/233 par\n|\n|-heal|p1a: Klefki|67/233 par|[from] item: Leftovers\n|-damage|p2a: Articuno|234/288 tox|[from] psn\n|upkeep\n|turn|12\n|\n|t:|1733784537\n|move|p2a: Articuno|Calm Mind|p2a: Articuno\n|-boost|p2a: Articuno|spa|1\n|-boost|p2a: Articuno|spd|1\n|move|p1a: Klefki|Play Rough|p2a: Articuno\n|-damage|p2a: Articuno|155/288 tox\n|\n|-heal|p1a: Klefki|81/233 par|[from] item: Leftovers\n|-damage|p2a: Articuno|101/288 tox|[from] psn\n|upkeep\n|turn|13\n|\n|t:|1733784547\n|move|p2a: Articuno|Freezing Glare|p1a: Klefki\n|-resisted|p1a: Klefki\n|-crit|p1a: Klefki\n|-damage|p1a: Klefki|0 fnt\n|faint|p1a: Klefki\n|\n|-damage|p2a: Articuno|29/288 tox|[from] psn\n|upkeep\n|inactive|mailop1 has 120 seconds left.\n|\n|t:|1733784579\n|switch|p1a: Eelektross|Eelektross, L87, F|290/290\n|turn|14\n|\n|t:|1733784585\n|move|p2a: Articuno|Freezing Glare|p1a: Eelektross\n|-damage|p1a: Eelektross|124/290\n|move|p1a: Eelektross|Coil|p1a: Eelektross\n|-boost|p1a: Eelektross|atk|1\n|-boost|p1a: Eelektross|def|1\n|-boost|p1a: Eelektross|accuracy|1\n|\n|-heal|p1a: Eelektross|142/290|[from] item: Leftovers\n|-damage|p2a: Articuno|0 fnt|[from] psn\n|faint|p2a: Articuno\n|upkeep\n|\n|t:|1733784591\n|switch|p2a: Eiscue|Eiscue, L88, M|227/272\n|-damage|p2a: Eiscue|159/272|[from] Spikes\n|turn|15\n|inactive|mailop1 has 120 seconds left.\n|\n|t:|1733784617\n|move|p2a: Eiscue|Ice Spinner|p1a: Eelektross\n|-damage|p1a: Eelektross|81/290\n|move|p1a: Eelektross|Knock Off|p2a: Eiscue\n|-activate|p2a: Eiscue|ability: Ice Face\n|-damage|p2a: Eiscue|159/272\n|-enditem|p2a: Eiscue|Salac Berry|[from] move: Knock Off|[of] p1a: Eelektross\n|detailschange|p2a: Eiscue|Eiscue-Noice, L88, M\n|\n|-heal|p1a: Eelektross|99/290|[from] item: Leftovers\n|upkeep\n|turn|16\n|inactive|mailop1 has 120 seconds left.\n|\n|t:|1733784634\n|move|p2a: Eiscue|Ice Spinner|p1a: Eelektross\n|-damage|p1a: Eelektross|44/290\n|move|p1a: Eelektross|Drain Punch|p2a: Eiscue\n|-supereffective|p2a: Eiscue\n|-damage|p2a: Eiscue|0 fnt\n|-heal|p1a: Eelektross|124/290|[from] drain|[of] p2a: Eiscue\n|faint|p2a: Eiscue\n|\n|-heal|p1a: Eelektross|142/290|[from] item: Leftovers\n|upkeep\n|l|\u2606shortround526\n|inactive|shortround526 disconnected and has a minute to reconnect!\n|player|p2|\n|inactive|shortround526 has 30 seconds to reconnect!\n|c|\u2606mailop1|sigh\n|inactive|shortround526 has 20 seconds to reconnect!\n|inactive|shortround526 has 15 seconds to reconnect!\n|inactive|shortround526 has 10 seconds to reconnect!\n|inactive|shortround526 has 5 seconds to reconnect!\n|-message|shortround526 lost due to inactivity.\n|\n|win|mailop1\n|raw|mailop1's rating: 1351 &rarr; <strong>1373</strong><br />(+22 for winning)\n|raw|shortround526's rating: 1383 &rarr; <strong>1361</strong><br />(-22 for losing)\n", "inputlog": ">version bfd83cad13791eb5a5a409923076391caf6fb4d4\n>start {\"formatid\":\"gen9randombattle\",\"seed\":[9605,36083,39086,29145],\"rated\":\"Rated battle\"}\n>player p1 {\"name\":\"mailop1\",\"avatar\":\"sailor\",\"rating\":1351,\"seed\":[36472,63510,34270,20882]}\n>player p2 {\"name\":\"shortround526\",\"avatar\":\"101\",\"rating\":1383,\"seed\":[36006,62131,61920,62240]}\n>p1 move spikes\n>p2 move alluringvoice\n>p1 move spikes\n>p2 move alluringvoice\n>p1 move recover\n>p2 move alluringvoice\n>p1 move spikes\n>p2 move encore\n>p1 switch 4\n>p2 switch 5\n>p1 move playrough\n>p2 switch 5\n>p1 move spikes\n>p2 move thunderbolt\n>p1 switch 4\n>p2 move thunderbolt\n>p1 move recover\n>p2 move alluringvoice\n>p2 switch 4\n>p1 move toxic\n>p2 move hurricane\n>p1 switch 4\n>p2 move hurricane\n>p1 move playrough\n>p2 move calmmind\n>p1 move playrough\n>p2 move freezingglare\n>p1 switch 5\n>p1 move coil\n>p2 move freezingglare\n>p2 switch 5\n>p1 move knockoff\n>p2 move icespinner\n>p1 move drainpunch\n>p2 move icespinner\n>chat \u2606mailop1|sigh\n>forcelose p2", "uploadtime": 1733784701, "views": 1, "formatid": "gen9randombattle", "rating": 1361, "private": 0, "password": null}