{"id": "gen9randombattle-2260672304", "format": "[Gen 9] Random Battle", "players": ["mthalmann", "BruteGod"], "log": "|j|\u2606mthalmann\n|j|\u2606BruteGod\n|t:|1733876596\n|gametype|singles\n|player|p1|mthalmann|170|\n|player|p2|BruteGod|clay|\n|teamsize|p1|6\n|teamsize|p2|6\n|gen|9\n|tier|[Gen 9] Random Battle\n|rule|Species Clause: Limit one of each Pok\u00e9mon\n|rule|HP Percentage Mod: HP is shown in percentages\n|rule|Sleep Clause Mod: Limit one foe put to sleep\n|rule|Illusion Level Mod: Illusion disguises the Pok\u00e9mon's true level\n|\n|t:|1733876596\n|start\n|switch|p1a: Comfey|Comfey, L85, M|225/225\n|switch|p2a: Comfey|Comfey, L85, M|225/225\n|turn|1\n|\n|t:|1733876605\n|move|p2a: Comfey|Calm Mind|p2a: Comfey\n|-boost|p2a: Comfey|spa|1\n|-boost|p2a: Comfey|spd|1\n|move|p1a: Comfey|Calm Mind|p1a: Comfey\n|-boost|p1a: Comfey|spa|1\n|-boost|p1a: Comfey|spd|1\n|\n|upkeep\n|turn|2\n|\n|t:|1733876608\n|move|p1a: Comfey|Calm Mind|p1a: Comfey\n|-boost|p1a: Comfey|spa|1\n|-boost|p1a: Comfey|spd|1\n|move|p2a: Comfey|Encore|p1a: Comfey\n|-start|p1a: Comfey|Encore\n|\n|upkeep\n|turn|3\n|\n|t:|1733876617\n|move|p2a: Comfey|Calm Mind|p2a: Comfey\n|-boost|p2a: Comfey|spa|1\n|-boost|p2a: Comfey|spd|1\n|move|p1a: Comfey|Calm Mind|p1a: Comfey\n|-boost|p1a: Comfey|spa|1\n|-boost|p1a: Comfey|spd|1\n|\n|upkeep\n|turn|4\n|\n|t:|1733876620\n|move|p1a: Comfey|Calm Mind|p1a: Comfey\n|-boost|p1a: Comfey|spa|1\n|-boost|p1a: Comfey|spd|1\n|move|p2a: Comfey|Calm Mind|p2a: Comfey\n|-boost|p2a: Comfey|spa|1\n|-boost|p2a: Comfey|spd|1\n|\n|upkeep\n|turn|5\n|\n|t:|1733876622\n|move|p1a: Comfey|Calm Mind|p1a: Comfey\n|-boost|p1a: Comfey|spa|1\n|-boost|p1a: Comfey|spd|1\n|move|p2a: Comfey|Calm Mind|p2a: Comfey\n|-boost|p2a: Comfey|spa|1\n|-boost|p2a: Comfey|spd|1\n|\n|-end|p1a: Comfey|Encore\n|upkeep\n|turn|6\n|\n|t:|1733876628\n|move|p1a: Comfey|Draining Kiss|p2a: Comfey\n|-damage|p2a: Comfey|176/225\n|move|p2a: Comfey|Encore|p1a: Comfey\n|-start|p1a: Comfey|Encore\n|\n|-heal|p2a: Comfey|190/225|[from] item: Leftovers\n|upkeep\n|turn|7\n|\n|t:|1733876632\n|move|p1a: Comfey|Draining Kiss|p2a: Comfey\n|-damage|p2a: Comfey|145/225\n|move|p2a: Comfey|Calm Mind|p2a: Comfey\n|-boost|p2a: Comfey|spa|1\n|-boost|p2a: Comfey|spd|1\n|\n|-heal|p2a: Comfey|159/225|[from] item: Leftovers\n|upkeep\n|turn|8\n|\n|t:|1733876635\n|move|p1a: Comfey|Draining Kiss|p2a: Comfey\n|-damage|p2a: Comfey|116/225\n|move|p2a: Comfey|Calm Mind|p2a: Comfey\n|-boost|p2a: Comfey|spa|1\n|-boost|p2a: Comfey|spd|1\n|\n|-heal|p2a: Comfey|130/225|[from] item: Leftovers\n|upkeep\n|turn|9\n|\n|t:|1733876638\n|move|p1a: Comfey|Draining Kiss|p2a: Comfey\n|-damage|p2a: Comfey|94/225\n|move|p2a: Comfey|Draining Kiss|p1a: Comfey\n|-damage|p1a: Comfey|182/225\n|-heal|p2a: Comfey|126/225|[from] drain|[of] p1a: Comfey\n|\n|-heal|p2a: Comfey|140/225|[from] item: Leftovers\n|-heal|p1a: Comfey|196/225|[from] item: Leftovers\n|-end|p1a: Comfey|Encore\n|upkeep\n|turn|10\n|\n|t:|1733876642\n|move|p2a: Comfey|Draining Kiss|p1a: Comfey\n|-damage|p1a: Comfey|151/225\n|-heal|p2a: Comfey|174/225|[from] drain|[of] p1a: Comfey\n|move|p1a: Comfey|Draining Kiss|p2a: Comfey\n|-damage|p2a: Comfey|140/225\n|-heal|p1a: Comfey|177/225|[from] drain|[of] p2a: Comfey\n|\n|-heal|p1a: Comfey|191/225|[from] item: Leftovers\n|-heal|p2a: Comfey|154/225|[from] item: Leftovers\n|upkeep\n|turn|11\n|\n|t:|1733876651\n|move|p2a: Comfey|Draining Kiss|p1a: Comfey\n|-damage|p1a: Comfey|146/225\n|-heal|p2a: Comfey|188/225|[from] drain|[of] p1a: Comfey\n|move|p1a: Comfey|Draining Kiss|p2a: Comfey\n|-damage|p2a: Comfey|154/225\n|-heal|p1a: Comfey|172/225|[from] drain|[of] p2a: Comfey\n|\n|-heal|p2a: Comfey|168/225|[from] item: Leftovers\n|-heal|p1a: Comfey|186/225|[from] item: Leftovers\n|upkeep\n|turn|12\n|\n|t:|1733876661\n|move|p2a: Comfey|Draining Kiss|p1a: Comfey\n|-crit|p1a: Comfey\n|-damage|p1a: Comfey|0 fnt\n|-heal|p2a: Comfey|225/225|[from] drain|[of] p1a: Comfey\n|faint|p1a: Comfey\n|\n|upkeep\n|\n|t:|1733876675\n|switch|p1a: Glimmora|Glimmora, L75, F|248/248\n|turn|13\n|\n|t:|1733876691\n|-terastallize|p2a: Comfey|Ground\n|move|p2a: Comfey|Tera Blast|p1a: Glimmora|[anim] Tera Blast Ground\n|-supereffective|p1a: Glimmora\n|-damage|p1a: Glimmora|0 fnt\n|faint|p1a: Glimmora\n|\n|upkeep\n|\n|t:|1733876701\n|switch|p1a: Rabsca|Rabsca, L91, F|284/284\n|turn|14\n|\n|t:|1733876709\n|move|p2a: Comfey|Draining Kiss|p1a: Rabsca\n|-damage|p1a: Rabsca|136/284\n|move|p1a: Rabsca|Trick Room|p1a: Rabsca\n|-fieldstart|move: Trick Room|[of] p1a: Rabsca\n|\n|upkeep\n|turn|15\n|\n|t:|1733876716\n|move|p1a: Rabsca|Revival Blessing|p1a: Rabsca\n|\n|t:|1733876720\n|-heal|p1: Glimmora|124/248|[from] move: Revival Blessing\n|move|p2a: Comfey|Encore||[still]\n|-fail|p2a: Comfey\n|\n|upkeep\n|turn|16\n|\n|t:|1733876735\n|move|p2a: Comfey|Draining Kiss|p1a: Rabsca\n|-damage|p1a: Rabsca|0 fnt\n|faint|p1a: Rabsca\n|\n|upkeep\n|\n|t:|1733876748\n|switch|p1a: Klawf|Klawf, L90, F|272/272\n|turn|17\n|\n|t:|1733876755\n|move|p1a: Klawf|Knock Off|p2a: Comfey\n|-damage|p2a: Comfey|140/225\n|-enditem|p2a: Comfey|Leftovers|[from] move: Knock Off|[of] p1a: Klawf\n|move|p2a: Comfey|Tera Blast|p1a: Klawf|[anim] Tera Blast Ground\n|-supereffective|p1a: Klawf\n|-damage|p1a: Klawf|0 fnt\n|faint|p1a: Klawf\n|\n|upkeep\n|\n|t:|1733876764\n|switch|p1a: Maushold|Maushold, L76|238/238\n|turn|18\n|\n|t:|1733876768\n|move|p2a: Comfey|Draining Kiss|p1a: Maushold\n|-damage|p1a: Maushold|13/238\n|-heal|p2a: Comfey|225/225|[from] drain|[of] p1a: Maushold\n|move|p1a: Maushold|Population Bomb|p2a: Comfey\n|-damage|p2a: Comfey|203/225\n|-damage|p2a: Comfey|181/225\n|-damage|p2a: Comfey|159/225\n|-damage|p2a: Comfey|135/225\n|-damage|p2a: Comfey|113/225\n|-damage|p2a: Comfey|91/225\n|-damage|p2a: Comfey|70/225\n|-damage|p2a: Comfey|49/225\n|-damage|p2a: Comfey|25/225\n|-damage|p2a: Comfey|4/225\n|-hitcount|p2a: Comfey|10\n|\n|-fieldend|move: Trick Room\n|upkeep\n|turn|19\n|\n|t:|1733876796\n|move|p2a: Comfey|Draining Kiss|p1a: Maushold\n|-damage|p1a: Maushold|0 fnt\n|-heal|p2a: Comfey|14/225|[from] drain|[of] p1a: Maushold\n|faint|p1a: Maushold\n|\n|upkeep\n|\n|t:|1733876801\n|switch|p1a: Mewtwo|Mewtwo, L72|272/272\n|-ability|p1a: Mewtwo|Unnerve\n|turn|20\n|\n|t:|1733876808\n|move|p2a: Comfey|Draining Kiss|p1a: Mewtwo\n|-damage|p1a: Mewtwo|53/272\n|-heal|p2a: Comfey|178/225|[from] drain|[of] p1a: Mewtwo\n|move|p1a: Mewtwo|Psystrike|p2a: Comfey\n|-damage|p2a: Comfey|38/225\n|-damage|p1a: Mewtwo|26/272|[from] item: Life Orb\n|\n|upkeep\n|turn|21\n|\n|t:|1733876820\n|move|p2a: Comfey|Draining Kiss|p1a: Mewtwo\n|-damage|p1a: Mewtwo|0 fnt\n|-heal|p2a: Comfey|58/225|[from] drain|[of] p1a: Mewtwo\n|faint|p1a: Mewtwo\n|\n|upkeep\n|\n|t:|1733876822\n|switch|p1a: Glimmora|Glimmora, L75, F|124/248\n|turn|22\n|\n|t:|1733876828\n|move|p2a: Comfey|Tera Blast|p1a: Glimmora|[anim] Tera Blast Ground\n|-supereffective|p1a: Glimmora\n|-damage|p1a: Glimmora|0 fnt\n|faint|p1a: Glimmora\n|\n|win|BruteGod\n|l|\u2606mthalmann\n|player|p1|\n", "inputlog": ">version bfd83cad13791eb5a5a409923076391caf6fb4d4\n>start {\"formatid\":\"gen9randombattle\",\"seed\":[58667,12392,58728,8083]}\n>player p1 {\"name\":\"mthalmann\",\"avatar\":\"170\",\"rating\":0,\"seed\":[54161,62306,39137,58302]}\n>player p2 {\"name\":\"BruteGod\",\"avatar\":\"clay\",\"rating\":0,\"seed\":[20167,23702,37,14332]}\n>p1 move calmmind\n>p2 move calmmind\n>p1 move calmmind\n>p2 move encore\n>p1 move calmmind\n>p2 move calmmind\n>p1 move calmmind\n>p2 move calmmind\n>p1 move calmmind\n>p2 move calmmind\n>p1 move drainingkiss\n>p2 move encore\n>p1 move drainingkiss\n>p2 move calmmind\n>p1 move drainingkiss\n>p2 move calmmind\n>p1 move drainingkiss\n>p2 move drainingkiss\n>p1 move drainingkiss\n>p2 move drainingkiss\n>p1 move drainingkiss\n>p2 move drainingkiss\n>p1 move terablast\n>p2 move drainingkiss\n>p1 switch 5\n>p1 move sludgewave\n>p2 move terablast terastallize\n>p1 switch 2\n>p1 move trickroom\n>p2 move drainingkiss\n>p1 move revivalblessing\n>p2 move encore\n>p1 switch 2\n>p1 move bugbuzz\n>p2 move drainingkiss\n>p1 switch 4\n>p1 move knockoff\n>p2 move terablast\n>p1 switch 3\n>p1 move populationbomb\n>p2 move drainingkiss\n>p1 move populationbomb\n>p2 move drainingkiss\n>p1 switch 6\n>p1 move psystrike\n>p2 move drainingkiss\n>p1 move psystrike\n>p2 move drainingkiss\n>p1 switch 2\n>p1 move energyball\n>p2 move terablast", "uploadtime": 1733876834, "views": 2, "formatid": "gen9randombattle", "rating": null, "private": 0, "password": null}