{"id": "gen9randombattle-2260701717", "format": "[Gen 9] Random Battle", "players": ["Jacob Laye", "Gerade"], "log": "|j|\u2606Jacob Laye\n|j|\u2606Gerade\n|t:|1733880321\n|gametype|singles\n|player|p1|Jacob Laye|crasherwake|1440\n|player|p2|Gerade|1|1401\n|teamsize|p1|6\n|teamsize|p2|6\n|gen|9\n|tier|[Gen 9] Random Battle\n|rated|\n|rule|Species Clause: Limit one of each Pok\u00e9mon\n|rule|HP Percentage Mod: HP is shown in percentages\n|rule|Sleep Clause Mod: Limit one foe put to sleep\n|rule|Illusion Level Mod: Illusion disguises the Pok\u00e9mon's true level\n|\n|t:|1733880321\n|start\n|switch|p1a: Forretress|Forretress, L84, F|263/263\n|switch|p2a: Crawdaunt|Crawdaunt, L84, F|243/243\n|turn|1\n|\n|t:|1733880341\n|move|p2a: Crawdaunt|Crabhammer|p1a: Forretress\n|-damage|p1a: Forretress|85/263\n|move|p1a: Forretress|Body Press|p2a: Crawdaunt\n|-supereffective|p2a: Crawdaunt\n|-damage|p2a: Crawdaunt|79/243\n|\n|-heal|p1a: Forretress|101/263|[from] item: Leftovers\n|upkeep\n|turn|2\n|\n|t:|1733880351\n|switch|p1a: Sceptile|Sceptile, L87, F|264/264\n|move|p2a: Crawdaunt|Crabhammer|p1a: Sceptile\n|-resisted|p1a: Sceptile\n|-damage|p1a: Sceptile|105/264\n|\n|-heal|p1a: Sceptile|121/264|[from] item: Leftovers\n|upkeep\n|turn|3\n|\n|t:|1733880363\n|switch|p2a: Honchkrow|Honchkrow, L86, F|312/312\n|move|p1a: Sceptile|Giga Drain|p2a: Honchkrow\n|-resisted|p2a: Honchkrow\n|-damage|p2a: Honchkrow|246/312\n|-heal|p1a: Sceptile|154/264|[from] drain|[of] p2a: Honchkrow\n|\n|-heal|p1a: Sceptile|170/264|[from] item: Leftovers\n|upkeep\n|turn|4\n|\n|t:|1733880374\n|switch|p1a: Raging Bolt|Raging Bolt, L78|323/323\n|move|p2a: Honchkrow|Thunder Wave|p1a: Raging Bolt\n|-immune|p1a: Raging Bolt\n|\n|upkeep\n|turn|5\n|\n|t:|1733880390\n|switch|p2a: Kleavor|Kleavor, L78, M|237/237\n|move|p1a: Raging Bolt|Calm Mind|p1a: Raging Bolt\n|-boost|p1a: Raging Bolt|spa|1\n|-boost|p1a: Raging Bolt|spd|1\n|\n|upkeep\n|turn|6\n|\n|t:|1733880397\n|move|p2a: Kleavor|Stone Axe|p1a: Raging Bolt\n|-damage|p1a: Raging Bolt|200/323\n|-sidestart|p1: Jacob Laye|move: Stealth Rock\n|move|p1a: Raging Bolt|Thunderbolt|p2a: Kleavor\n|-damage|p2a: Kleavor|36/237\n|\n|-heal|p1a: Raging Bolt|220/323|[from] item: Leftovers\n|upkeep\n|turn|7\n|\n|t:|1733880410\n|move|p2a: Kleavor|X-Scissor|p1a: Raging Bolt\n|-damage|p1a: Raging Bolt|81/323\n|move|p1a: Raging Bolt|Thunderbolt|p2a: Kleavor\n|-damage|p2a: Kleavor|0 fnt\n|faint|p2a: Kleavor\n|\n|-heal|p1a: Raging Bolt|101/323|[from] item: Leftovers\n|upkeep\n|\n|t:|1733880422\n|switch|p2a: Iron Hands|Iron Hands, L79|373/373\n|turn|8\n|\n|t:|1733880426\n|move|p2a: Iron Hands|Fake Out|p1a: Raging Bolt\n|-damage|p1a: Raging Bolt|62/323\n|cant|p1a: Raging Bolt|flinch\n|\n|-heal|p1a: Raging Bolt|82/323|[from] item: Leftovers\n|upkeep\n|turn|9\n|\n|t:|1733880435\n|move|p1a: Raging Bolt|Dragon Pulse|p2a: Iron Hands\n|-damage|p2a: Iron Hands|246/373\n|move|p2a: Iron Hands|Close Combat|p1a: Raging Bolt\n|-damage|p1a: Raging Bolt|0 fnt\n|-unboost|p2a: Iron Hands|def|1\n|-unboost|p2a: Iron Hands|spd|1\n|faint|p1a: Raging Bolt\n|-end|p1a: Raging Bolt|Protosynthesis|[silent]\n|\n|upkeep\n|\n|t:|1733880439\n|switch|p1a: Camerupt|Camerupt, L91, F|275/275\n|-damage|p1a: Camerupt|241/275|[from] Stealth Rock\n|turn|10\n|\n|t:|1733880454\n|-end|p2a: Iron Hands|Quark Drive|[silent]\n|switch|p2a: Politoed|Politoed, L88, F|302/302\n|-weather|RainDance|[from] ability: Drizzle|[of] p2a: Politoed\n|move|p1a: Camerupt|Will-O-Wisp|p2a: Politoed\n|-status|p2a: Politoed|brn\n|\n|-weather|RainDance|[upkeep]\n|-heal|p1a: Camerupt|258/275|[from] item: Leftovers\n|-damage|p2a: Politoed|284/302 brn|[from] brn\n|upkeep\n|turn|11\n|\n|t:|1733880480\n|switch|p1a: Sceptile|Sceptile, L87, F|170/264\n|-damage|p1a: Sceptile|137/264|[from] Stealth Rock\n|move|p2a: Politoed|Hydro Pump|p1a: Sceptile\n|-resisted|p1a: Sceptile\n|-damage|p1a: Sceptile|0 fnt\n|faint|p1a: Sceptile\n|\n|-weather|RainDance|[upkeep]\n|-damage|p2a: Politoed|266/302 brn|[from] brn\n|upkeep\n|\n|t:|1733880488\n|switch|p1a: Gliscor|Gliscor, L76, M|239/239\n|-damage|p1a: Gliscor|210/239|[from] Stealth Rock\n|turn|12\n|\n|t:|1733880495\n|-terastallize|p1a: Gliscor|Water\n|move|p1a: Gliscor|Earthquake|p2a: Politoed\n|-damage|p2a: Politoed|176/302 brn\n|move|p2a: Politoed|Hydro Pump|p1a: Gliscor\n|-resisted|p1a: Gliscor\n|-damage|p1a: Gliscor|44/239\n|\n|-weather|RainDance|[upkeep]\n|-damage|p2a: Politoed|158/302 brn|[from] brn\n|-status|p1a: Gliscor|tox|[from] item: Toxic Orb\n|upkeep\n|turn|13\n|\n|t:|1733880513\n|move|p1a: Gliscor|Protect|p1a: Gliscor\n|-singleturn|p1a: Gliscor|Protect\n|move|p2a: Politoed|Hydro Pump|p1a: Gliscor\n|-activate|p1a: Gliscor|move: Protect\n|\n|-weather|RainDance|[upkeep]\n|-heal|p1a: Gliscor|73/239 tox|[from] ability: Poison Heal\n|-damage|p2a: Politoed|140/302 brn|[from] brn\n|upkeep\n|turn|14\n|\n|t:|1733880523\n|move|p1a: Gliscor|Earthquake|p2a: Politoed\n|-damage|p2a: Politoed|52/302 brn\n|move|p2a: Politoed|Hydro Pump|p1a: Gliscor|[miss]\n|-miss|p2a: Politoed|p1a: Gliscor\n|\n|-weather|none\n|-heal|p1a: Gliscor|102/239 tox|[from] ability: Poison Heal\n|-damage|p2a: Politoed|34/302 brn|[from] brn\n|upkeep\n|turn|15\n|c|\u2606Gerade|gg\n|\n|t:|1733880536\n|switch|p2a: Honchkrow|Honchkrow, L86, F|246/312\n|move|p1a: Gliscor|Protect||[still]\n|-fail|p1a: Gliscor\n|\n|-heal|p1a: Gliscor|131/239 tox|[from] ability: Poison Heal\n|upkeep\n|turn|16\n|\n|t:|1733880546\n|move|p1a: Gliscor|Toxic|p2a: Honchkrow\n|-status|p2a: Honchkrow|tox\n|move|p2a: Honchkrow|Brave Bird|p1a: Gliscor\n|-damage|p1a: Gliscor|1/239 tox\n|-damage|p2a: Honchkrow|203/312 tox|[from] Recoil\n|\n|-heal|p1a: Gliscor|30/239 tox|[from] ability: Poison Heal\n|-damage|p2a: Honchkrow|184/312 tox|[from] psn\n|upkeep\n|turn|17\n|\n|t:|1733880557\n|switch|p2a: Crawdaunt|Crawdaunt, L84, F|79/243\n|move|p1a: Gliscor|Protect||[still]\n|-fail|p1a: Gliscor\n|\n|-heal|p1a: Gliscor|59/239 tox|[from] ability: Poison Heal\n|upkeep\n|turn|18\n|\n|t:|1733880565\n|move|p1a: Gliscor|Protect|p1a: Gliscor\n|-singleturn|p1a: Gliscor|Protect\n|move|p2a: Crawdaunt|Aqua Jet|p1a: Gliscor\n|-activate|p1a: Gliscor|move: Protect\n|\n|-heal|p1a: Gliscor|88/239 tox|[from] ability: Poison Heal\n|upkeep\n|turn|19\n|\n|t:|1733880574\n|move|p2a: Crawdaunt|Aqua Jet|p1a: Gliscor\n|-resisted|p1a: Gliscor\n|-damage|p1a: Gliscor|48/239 tox\n|move|p1a: Gliscor|Earthquake|p2a: Crawdaunt\n|-damage|p2a: Crawdaunt|0 fnt\n|faint|p2a: Crawdaunt\n|\n|-heal|p1a: Gliscor|77/239 tox|[from] ability: Poison Heal\n|upkeep\n|\n|t:|1733880586\n|switch|p2a: Iron Hands|Iron Hands, L79|246/373\n|turn|20\n|\n|t:|1733880592\n|-terastallize|p2a: Iron Hands|Fighting\n|move|p1a: Gliscor|Protect|p1a: Gliscor\n|-singleturn|p1a: Gliscor|Protect\n|move|p2a: Iron Hands|Thunder Punch|p1a: Gliscor\n|-activate|p1a: Gliscor|move: Protect\n|\n|-heal|p1a: Gliscor|106/239 tox|[from] ability: Poison Heal\n|upkeep\n|turn|21\n|\n|t:|1733880602\n|switch|p1a: Forretress|Forretress, L84, F|101/263\n|-damage|p1a: Forretress|69/263|[from] Stealth Rock\n|move|p2a: Iron Hands|Thunder Punch|p1a: Forretress\n|-damage|p1a: Forretress|6/263\n|\n|-heal|p1a: Forretress|22/263|[from] item: Leftovers\n|upkeep\n|turn|22\n|\n|t:|1733880612\n|move|p2a: Iron Hands|Thunder Punch|p1a: Forretress\n|-damage|p1a: Forretress|0 fnt\n|faint|p1a: Forretress\n|\n|upkeep\n|\n|t:|1733880614\n|switch|p1a: Camerupt|Camerupt, L91, F|258/275\n|-damage|p1a: Camerupt|224/275|[from] Stealth Rock\n|turn|23\n|\n|t:|1733880626\n|-end|p2a: Iron Hands|Quark Drive|[silent]\n|switch|p2a: Honchkrow|Honchkrow, L86, F|184/312 tox\n|move|p1a: Camerupt|Will-O-Wisp||[still]\n|-fail|p1a: Camerupt\n|\n|-heal|p1a: Camerupt|241/275|[from] item: Leftovers\n|-damage|p2a: Honchkrow|165/312 tox|[from] psn\n|upkeep\n|turn|24\n|\n|t:|1733880637\n|move|p2a: Honchkrow|Brave Bird|p1a: Camerupt\n|-damage|p1a: Camerupt|66/275\n|-damage|p2a: Honchkrow|107/312 tox|[from] Recoil\n|move|p1a: Camerupt|Overheat|p2a: Honchkrow\n|-damage|p2a: Honchkrow|0 fnt\n|-unboost|p1a: Camerupt|spa|2\n|faint|p2a: Honchkrow\n|\n|-heal|p1a: Camerupt|83/275|[from] item: Leftovers\n|upkeep\n|\n|t:|1733880649\n|switch|p2a: Politoed|Politoed, L88, F|34/302 brn\n|-weather|RainDance|[from] ability: Drizzle|[of] p2a: Politoed\n|turn|25\n|\n|t:|1733880655\n|move|p2a: Politoed|Weather Ball|p1a: Camerupt\n|-supereffective|p1a: Camerupt\n|-damage|p1a: Camerupt|0 fnt\n|faint|p1a: Camerupt\n|\n|-weather|RainDance|[upkeep]\n|-damage|p2a: Politoed|16/302 brn|[from] brn\n|upkeep\n|\n|t:|1733880660\n|switch|p1a: Gliscor|Gliscor, L76, M, tera:Water|106/239 tox\n|-damage|p1a: Gliscor|77/239 tox|[from] Stealth Rock\n|turn|26\n|\n|t:|1733880666\n|move|p1a: Gliscor|Earthquake|p2a: Politoed\n|-damage|p2a: Politoed|0 fnt\n|faint|p2a: Politoed\n|\n|-weather|RainDance|[upkeep]\n|-heal|p1a: Gliscor|106/239 tox|[from] ability: Poison Heal\n|upkeep\n|\n|t:|1733880674\n|switch|p2a: Iron Hands|Iron Hands, L79, tera:Fighting|246/373\n|turn|27\n|\n|t:|1733880679\n|move|p1a: Gliscor|Protect|p1a: Gliscor\n|-singleturn|p1a: Gliscor|Protect\n|move|p2a: Iron Hands|Fake Out|p1a: Gliscor\n|-activate|p1a: Gliscor|move: Protect\n|\n|-weather|RainDance|[upkeep]\n|-heal|p1a: Gliscor|135/239 tox|[from] ability: Poison Heal\n|upkeep\n|turn|28\n|\n|t:|1733880687\n|move|p1a: Gliscor|Toxic|p2a: Iron Hands|[miss]\n|-miss|p1a: Gliscor|p2a: Iron Hands\n|move|p2a: Iron Hands|Thunder Punch|p1a: Gliscor\n|-supereffective|p1a: Gliscor\n|-damage|p1a: Gliscor|0 fnt\n|faint|p1a: Gliscor\n|\n|-weather|RainDance|[upkeep]\n|upkeep\n|\n|t:|1733880689\n|switch|p1a: Iron Boulder|Iron Boulder, L77|265/265\n|-damage|p1a: Iron Boulder|232/265|[from] Stealth Rock\n|-enditem|p1a: Iron Boulder|Booster Energy\n|-activate|p1a: Iron Boulder|ability: Quark Drive|[fromitem]\n|-start|p1a: Iron Boulder|quarkdrivespe\n|turn|29\n|\n|t:|1733880704\n|move|p1a: Iron Boulder|Swords Dance|p1a: Iron Boulder\n|-boost|p1a: Iron Boulder|atk|2\n|move|p2a: Iron Hands|Close Combat|p1a: Iron Boulder\n|-damage|p1a: Iron Boulder|14/265\n|-unboost|p2a: Iron Hands|def|1\n|-unboost|p2a: Iron Hands|spd|1\n|\n|-weather|none\n|upkeep\n|turn|30\n|c|\u2606Gerade|?\n|c|\u2606Gerade|just lucky\n|\n|t:|1733880718\n|-end|p2a: Iron Hands|Quark Drive|[silent]\n|switch|p2a: Entei|Entei, L78|307/307\n|move|p1a: Iron Boulder|Zen Headbutt|p2a: Entei\n|-damage|p2a: Entei|112/307\n|\n|upkeep\n|turn|31\n|\n|t:|1733880726\n|move|p2a: Entei|Extreme Speed|p1a: Iron Boulder\n|-resisted|p1a: Iron Boulder\n|-damage|p1a: Iron Boulder|0 fnt\n|faint|p1a: Iron Boulder\n|-end|p1a: Iron Boulder|Quark Drive|[silent]\n|\n|win|Gerade\n|raw|Jacob Laye's rating: 1440 &rarr; <strong>1418</strong><br />(-22 for losing)\n|raw|Gerade's rating: 1401 &rarr; <strong>1423</strong><br />(+22 for winning)\n|l|\u2606Jacob Laye\n|player|p1|\n", "inputlog": ">version bfd83cad13791eb5a5a409923076391caf6fb4d4\n>start {\"formatid\":\"gen9randombattle\",\"seed\":[9728,49366,51285,32716],\"rated\":\"Rated battle\"}\n>player p1 {\"name\":\"Jacob Laye\",\"avatar\":\"crasherwake\",\"rating\":1440,\"seed\":[28410,20809,55472,25894]}\n>player p2 {\"name\":\"Gerade\",\"avatar\":\"1\",\"rating\":1401,\"seed\":[27930,57675,51831,4262]}\n>p1 move bodypress\n>p2 move crabhammer\n>p1 switch 4\n>p2 move crabhammer\n>p1 move gigadrain\n>p2 switch 6\n>p1 switch 2\n>p2 move thunderwave\n>p1 move calmmind\n>p2 switch 4\n>p1 move thunderbolt\n>p2 move stoneaxe\n>p1 move thunderbolt\n>p2 move xscissor\n>p2 switch 5\n>p1 move dragonpulse\n>p2 move fakeout\n>p1 move dragonpulse\n>p2 move closecombat\n>p1 switch 3\n>p1 move willowisp\n>p2 switch 3\n>p1 switch 2\n>p2 move hydropump\n>p1 switch 6\n>p1 move earthquake terastallize\n>p2 move hydropump\n>p1 move protect\n>p2 move hydropump\n>p1 move earthquake\n>p2 move hydropump\n>chat \u2606Gerade|gg\n>p1 move protect\n>p2 switch 4\n>p1 move toxic\n>p2 move bravebird\n>p1 move protect\n>p2 switch 6\n>p1 move protect\n>p2 move aquajet\n>p1 move earthquake\n>p2 move aquajet\n>p2 switch 3\n>p1 move protect\n>p2 move thunderpunch terastallize\n>p1 switch 4\n>p2 move thunderpunch\n>p1 move rapidspin\n>p2 move thunderpunch\n>p1 switch 2\n>p1 move willowisp\n>p2 switch 6\n>p1 move overheat\n>p2 move bravebird\n>p2 switch 4\n>p1 move earthquake\n>p2 move weatherball\n>p1 switch 4\n>p1 move earthquake\n>p2 move weatherball\n>p2 switch 6\n>p1 move protect\n>p2 move fakeout\n>p1 move toxic\n>p2 move thunderpunch\n>p1 switch 5\n>p1 move swordsdance\n>p2 move closecombat\n>chat \u2606Gerade|?\n>chat \u2606Gerade|just lucky\n>p1 move zenheadbutt\n>p2 switch 2\n>p1 move mightycleave\n>p2 move extremespeed", "uploadtime": 1733880735, "views": 1, "formatid": "gen9randombattle", "rating": 1418, "private": 0, "password": null}