{"id": "gen9randombattle-2260792584", "format": "[Gen 9] Random Battle", "players": ["xinyazhili", "Zara home 001"], "log": "|j|\u2606xinyazhili\n|j|\u2606Zara home 001\n|t:|1733892911\n|gametype|singles\n|player|p1|xinyazhili|170|\n|player|p2|Zara home 001|266|\n|teamsize|p1|6\n|teamsize|p2|6\n|gen|9\n|tier|[Gen 9] Random Battle\n|rule|Species Clause: Limit one of each Pok\u00e9mon\n|rule|HP Percentage Mod: HP is shown in percentages\n|rule|Sleep Clause Mod: Limit one foe put to sleep\n|rule|Illusion Level Mod: Illusion disguises the Pok\u00e9mon's true level\n|\n|t:|1733892911\n|start\n|switch|p1a: Hypno|Hypno, L95, F|315/315\n|switch|p2a: Zebstrika|Zebstrika, L87, M|272/272\n|turn|1\n|inactive|Battle timer is ON: inactive players will automatically lose when time's up. (requested by xinyazhili)\n|\n|t:|1733892916\n|move|p2a: Zebstrika|Volt Switch|p1a: Hypno\n|-damage|p1a: Hypno|247/315\n|-damage|p2a: Zebstrika|245/272|[from] item: Life Orb\n|\n|t:|1733892923\n|switch|p2a: Florges|Florges-Orange, L85, F|271/271|[from] Volt Switch\n|move|p1a: Hypno|Toxic|p2a: Florges\n|-status|p2a: Florges|tox\n|\n|-heal|p1a: Hypno|266/315|[from] item: Leftovers\n|-damage|p2a: Florges|255/271 tox|[from] psn\n|upkeep\n|turn|2\n|\n|t:|1733892930\n|switch|p2a: Exeggutor|Exeggutor-Alola, L89, F|314/314\n|move|p1a: Hypno|Psychic Noise|p2a: Exeggutor\n|-damage|p2a: Exeggutor|223/314\n|-start|p2a: Exeggutor|move: Heal Block\n|\n|-heal|p1a: Hypno|285/315|[from] item: Leftovers\n|upkeep\n|turn|3\n|\n|t:|1733892934\n|move|p1a: Hypno|Toxic|p2a: Exeggutor\n|-status|p2a: Exeggutor|tox\n|move|p2a: Exeggutor|Sleep Powder|p1a: Hypno|[miss]\n|-miss|p2a: Exeggutor|p1a: Hypno\n|\n|-heal|p1a: Hypno|304/315|[from] item: Leftovers\n|-damage|p2a: Exeggutor|204/314 tox|[from] psn\n|-end|p2a: Exeggutor|move: Heal Block\n|upkeep\n|turn|4\n|\n|t:|1733892939\n|move|p1a: Hypno|Psychic Noise|p2a: Exeggutor\n|-damage|p2a: Exeggutor|108/314 tox\n|-start|p2a: Exeggutor|move: Heal Block\n|move|p2a: Exeggutor|Sleep Powder|p1a: Hypno\n|-immune|p1a: Hypno|[from] ability: Insomnia\n|\n|-heal|p1a: Hypno|315/315|[from] item: Leftovers\n|-damage|p2a: Exeggutor|70/314 tox|[from] psn\n|upkeep\n|turn|5\n|\n|t:|1733892943\n|move|p1a: Hypno|Psychic Noise|p2a: Exeggutor\n|-damage|p2a: Exeggutor|0 fnt\n|faint|p2a: Exeggutor\n|\n|upkeep\n|\n|t:|1733892952\n|switch|p2a: Kyogre|Kyogre, L71|259/259\n|-weather|RainDance|[from] ability: Drizzle|[of] p2a: Kyogre\n|turn|6\n|\n|t:|1733892958\n|move|p1a: Hypno|Toxic|p2a: Kyogre\n|-status|p2a: Kyogre|tox\n|move|p2a: Kyogre|Calm Mind|p2a: Kyogre\n|-boost|p2a: Kyogre|spa|1\n|-boost|p2a: Kyogre|spd|1\n|\n|-weather|RainDance|[upkeep]\n|-damage|p2a: Kyogre|243/259 tox|[from] psn\n|upkeep\n|turn|7\n|\n|t:|1733892961\n|move|p1a: Hypno|Psychic Noise|p2a: Kyogre\n|-damage|p2a: Kyogre|198/259 tox\n|-start|p2a: Kyogre|move: Heal Block\n|move|p2a: Kyogre|Origin Pulse|p1a: Hypno\n|-damage|p1a: Hypno|108/315\n|\n|-weather|RainDance|[upkeep]\n|-heal|p1a: Hypno|127/315|[from] item: Leftovers\n|-damage|p2a: Kyogre|166/259 tox|[from] psn\n|upkeep\n|turn|8\n|\n|t:|1733892964\n|move|p1a: Hypno|Protect|p1a: Hypno\n|-singleturn|p1a: Hypno|Protect\n|move|p2a: Kyogre|Origin Pulse|p1a: Hypno\n|-activate|p1a: Hypno|move: Protect\n|\n|-weather|RainDance|[upkeep]\n|-heal|p1a: Hypno|146/315|[from] item: Leftovers\n|-damage|p2a: Kyogre|118/259 tox|[from] psn\n|-end|p2a: Kyogre|move: Heal Block\n|upkeep\n|turn|9\n|\n|t:|1733892967\n|move|p1a: Hypno|Psychic Noise|p2a: Kyogre\n|-damage|p2a: Kyogre|72/259 tox\n|-start|p2a: Kyogre|move: Heal Block\n|move|p2a: Kyogre|Origin Pulse|p1a: Hypno\n|-damage|p1a: Hypno|0 fnt\n|faint|p1a: Hypno\n|\n|-weather|RainDance|[upkeep]\n|-damage|p2a: Kyogre|8/259 tox|[from] psn\n|upkeep\n|\n|t:|1733892971\n|switch|p1a: Galvantula|Galvantula, L82, M|249/249\n|turn|10\n|\n|t:|1733892974\n|move|p1a: Galvantula|Thunder|p2a: Kyogre\n|-supereffective|p2a: Kyogre\n|-damage|p2a: Kyogre|0 fnt\n|faint|p2a: Kyogre\n|\n|-weather|none\n|upkeep\n|\n|t:|1733892983\n|switch|p2a: Zebstrika|Zebstrika, L87, M|245/272\n|turn|11\n|\n|t:|1733892987\n|move|p2a: Zebstrika|Overheat|p1a: Galvantula\n|-supereffective|p1a: Galvantula\n|-damage|p1a: Galvantula|0 fnt\n|-unboost|p2a: Zebstrika|spa|2\n|faint|p1a: Galvantula\n|-damage|p2a: Zebstrika|218/272|[from] item: Life Orb\n|\n|upkeep\n|\n|t:|1733892990\n|switch|p1a: Iron Moth|Iron Moth, L78|253/253\n|turn|12\n|\n|t:|1733892996\n|move|p2a: Zebstrika|High Horsepower|p1a: Iron Moth\n|-supereffective|p1a: Iron Moth\n|-damage|p1a: Iron Moth|0 fnt\n|faint|p1a: Iron Moth\n|-end|p1a: Iron Moth|Quark Drive|[silent]\n|-damage|p2a: Zebstrika|191/272|[from] item: Life Orb\n|\n|upkeep\n|\n|t:|1733893000\n|switch|p1a: Slaking|Slaking, L84, F|389/389\n|turn|13\n|\n|t:|1733893005\n|switch|p2a: Spectrier|Spectrier, L75|274/274\n|move|p1a: Slaking|Earthquake|p2a: Spectrier\n|-damage|p2a: Spectrier|57/274\n|\n|upkeep\n|turn|14\n|\n|t:|1733893010\n|switch|p1a: Munkidori|Munkidori, L79, M|269/269\n|move|p2a: Spectrier|Will-O-Wisp|p1a: Munkidori\n|-status|p1a: Munkidori|brn\n|\n|-damage|p1a: Munkidori|253/269 brn|[from] brn\n|upkeep\n|turn|15\n|\n|t:|1733893015\n|move|p2a: Spectrier|Shadow Ball|p1a: Munkidori\n|-supereffective|p1a: Munkidori\n|-crit|p1a: Munkidori\n|-damage|p1a: Munkidori|3/269 brn\n|-damage|p2a: Spectrier|30/274|[from] item: Life Orb\n|move|p1a: Munkidori|Sludge Wave|p2a: Spectrier\n|-resisted|p2a: Spectrier\n|-damage|p2a: Spectrier|0 fnt\n|faint|p2a: Spectrier\n|\n|-damage|p1a: Munkidori|0 fnt|[from] brn\n|faint|p1a: Munkidori\n|upkeep\n|\n|t:|1733893021\n|switch|p2a: Glalie|Glalie, L96, M|309/309\n|switch|p1a: Slaking|Slaking, L84, F|389/389\n|turn|16\n|\n|t:|1733893028\n|move|p1a: Slaking|Giga Impact|p2a: Glalie|[miss]\n|-miss|p1a: Slaking|p2a: Glalie\n|move|p2a: Glalie|Freeze-Dry|p1a: Slaking\n|-damage|p1a: Slaking|287/389\n|\n|upkeep\n|turn|17\n|\n|t:|1733893030\n|cant|p1a: Slaking|ability: Truant\n|move|p2a: Glalie|Freeze-Dry|p1a: Slaking\n|-damage|p1a: Slaking|191/389\n|\n|upkeep\n|turn|18\n|\n|t:|1733893033\n|-terastallize|p2a: Glalie|Ghost\n|move|p1a: Slaking|Giga Impact|p2a: Glalie\n|-immune|p2a: Glalie\n|move|p2a: Glalie|Freeze-Dry|p1a: Slaking\n|-damage|p1a: Slaking|77/389\n|\n|upkeep\n|turn|19\n|\n|t:|1733893037\n|switch|p1a: Florges|Florges, L85, F|271/271\n|move|p2a: Glalie|Freeze-Dry|p1a: Florges\n|-damage|p1a: Florges|216/271\n|\n|-heal|p1a: Florges|232/271|[from] item: Leftovers\n|upkeep\n|turn|20\n|\n|t:|1733893040\n|move|p2a: Glalie|Taunt|p1a: Florges\n|-start|p1a: Florges|move: Taunt\n|cant|p1a: Florges|move: Taunt|Calm Mind\n|\n|-heal|p1a: Florges|248/271|[from] item: Leftovers\n|upkeep\n|turn|21\n|\n|t:|1733893043\n|move|p2a: Glalie|Earthquake|p1a: Florges\n|-damage|p1a: Florges|158/271\n|move|p1a: Florges|Moonblast|p2a: Glalie\n|-damage|p2a: Glalie|194/309\n|\n|-heal|p1a: Florges|174/271|[from] item: Leftovers\n|upkeep\n|turn|22\n|\n|t:|1733893046\n|move|p2a: Glalie|Earthquake|p1a: Florges\n|-damage|p1a: Florges|71/271\n|move|p1a: Florges|Moonblast|p2a: Glalie\n|-damage|p2a: Glalie|92/309\n|\n|-heal|p1a: Florges|87/271|[from] item: Leftovers\n|-end|p1a: Florges|move: Taunt\n|upkeep\n|turn|23\n|\n|t:|1733893048\n|move|p2a: Glalie|Earthquake|p1a: Florges\n|-damage|p1a: Florges|0 fnt\n|faint|p1a: Florges\n|\n|upkeep\n|\n|t:|1733893053\n|switch|p1a: Slaking|Slaking, L84, F|77/389\n|turn|24\n|\n|t:|1733893057\n|move|p1a: Slaking|Earthquake|p2a: Glalie\n|-damage|p2a: Glalie|0 fnt\n|faint|p2a: Glalie\n|\n|upkeep\n|\n|t:|1733893060\n|switch|p2a: Zebstrika|Zebstrika, L87, M|191/272\n|turn|25\n|\n|t:|1733893062\n|-terastallize|p1a: Slaking|Ground\n|move|p2a: Zebstrika|Supercell Slam|p1a: Slaking\n|-immune|p1a: Slaking\n|-damage|p2a: Zebstrika|55/272|[from] supercellslam\n|cant|p1a: Slaking|ability: Truant\n|\n|upkeep\n|turn|26\n|\n|t:|1733893066\n|switch|p2a: Florges|Florges-Orange, L85, F|255/271 tox\n|move|p1a: Slaking|Earthquake|p2a: Florges\n|-damage|p2a: Florges|0 fnt\n|faint|p2a: Florges\n|\n|upkeep\n|\n|t:|1733893067\n|switch|p2a: Zebstrika|Zebstrika, L87, M|55/272\n|turn|27\n|\n|t:|1733893071\n|move|p2a: Zebstrika|Overheat|p1a: Slaking\n|-damage|p1a: Slaking|0 fnt\n|-unboost|p2a: Zebstrika|spa|2\n|faint|p1a: Slaking\n|-damage|p2a: Zebstrika|28/272|[from] item: Life Orb\n|\n|win|Zara home 001\n|l|\u2606xinyazhili\n|player|p1|\n", "inputlog": ">version bfd83cad13791eb5a5a409923076391caf6fb4d4\n>start {\"formatid\":\"gen9randombattle\",\"seed\":[38694,40632,14963,13806]}\n>player p1 {\"name\":\"xinyazhili\",\"avatar\":\"170\",\"rating\":0,\"seed\":[37466,11258,57607,10364]}\n>player p2 {\"name\":\"Zara home 001\",\"avatar\":\"266\",\"rating\":0,\"seed\":[12894,10475,17057,59738]}\n>p1 move toxic\n>p2 move voltswitch\n>p2 switch 3\n>p1 move psychicnoise\n>p2 switch 6\n>p1 move toxic\n>p2 move sleeppowder\n>p1 move psychicnoise\n>p2 move sleeppowder\n>p1 move psychicnoise\n>p2 move woodhammer\n>p2 switch 2\n>p1 move toxic\n>p2 move calmmind\n>p1 move psychicnoise\n>p2 move originpulse\n>p1 move protect\n>p2 move originpulse\n>p1 move psychicnoise\n>p2 move originpulse\n>p1 switch 5\n>p1 move thunder\n>p2 move originpulse\n>p2 switch 3\n>p1 move stickyweb\n>p2 move overheat\n>p1 switch 6\n>p1 move fierydance\n>p2 move highhorsepower\n>p1 switch 3\n>p1 move earthquake\n>p2 switch 5\n>p1 switch 4\n>p2 move willowisp\n>p1 move sludgewave\n>p2 move shadowball\n>p1 switch 4\n>p2 switch 4\n>p1 move gigaimpact\n>p2 move freezedry\n>p1 move gigaimpact\n>p2 move freezedry\n>p1 move gigaimpact\n>p2 move freezedry terastallize\n>p1 switch 2\n>p2 move freezedry\n>p1 move calmmind\n>p2 move taunt\n>p1 move moonblast\n>p2 move earthquake\n>p1 move moonblast\n>p2 move earthquake\n>p1 move moonblast\n>p2 move earthquake\n>p1 switch 2\n>p1 move earthquake\n>p2 move freezedry\n>p2 switch 5\n>p1 move earthquake terastallize\n>p2 move supercellslam\n>p1 move earthquake\n>p2 switch 6\n>p2 switch 6\n>p1 move earthquake\n>p2 move overheat", "uploadtime": 1733893074, "views": 14, "formatid": "gen9randombattle", "rating": null, "private": 0, "password": null}