{"id": "gen9randombattle-2259771849", "format": "[Gen 9] Random Battle", "players": ["kibo1808", "ryoto_58"], "log": "|j|\u2606kibo1808\n|j|\u2606ryoto_58\n|t:|1733765166\n|gametype|singles\n|player|p1|kibo1808|101|1426\n|player|p2|ryoto_58|colress|1444\n|teamsize|p1|6\n|teamsize|p2|6\n|gen|9\n|tier|[Gen 9] Random Battle\n|rated|\n|rule|Species Clause: Limit one of each Pok\u00e9mon\n|rule|HP Percentage Mod: HP is shown in percentages\n|rule|Sleep Clause Mod: Limit one foe put to sleep\n|rule|Illusion Level Mod: Illusion disguises the Pok\u00e9mon's true level\n|\n|t:|1733765166\n|start\n|switch|p1a: Chimecho|Chimecho, L93, M|290/290\n|switch|p2a: Skarmory|Skarmory, L80, F|235/235\n|turn|1\n|inactive|Battle timer is ON: inactive players will automatically lose when time's up. (requested by ryoto_58)\n|inactive|kibo1808 has 120 seconds left.\n|\n|t:|1733765210\n|switch|p1a: Sandy Shocks|Sandy Shocks, L80|267/267\n|move|p2a: Skarmory|Spikes|p1a: Sandy Shocks\n|-sidestart|p1: kibo1808|Spikes\n|\n|upkeep\n|turn|2\n|\n|t:|1733765216\n|move|p1a: Sandy Shocks|Thunder Wave|p2a: Skarmory\n|-status|p2a: Skarmory|par\n|move|p2a: Skarmory|Whirlwind|p1a: Sandy Shocks\n|-end|p1a: Sandy Shocks|Protosynthesis|[silent]\n|drag|p1a: Persian|Persian-Alola, L86, F|252/252\n|-damage|p1a: Persian|221/252|[from] Spikes\n|\n|upkeep\n|turn|3\n|\n|t:|1733765234\n|move|p1a: Persian|Nasty Plot|p1a: Persian\n|-boost|p1a: Persian|spa|2\n|move|p2a: Skarmory|Whirlwind|p1a: Persian\n|drag|p1a: Orthworm|Orthworm, L88, M|266/266\n|-damage|p1a: Orthworm|233/266|[from] Spikes\n|\n|upkeep\n|turn|4\n|\n|t:|1733765245\n|move|p1a: Orthworm|Body Press|p2a: Skarmory\n|-damage|p2a: Skarmory|172/235 par\n|-damage|p1a: Orthworm|189/266|[from] item: Rocky Helmet|[of] p2a: Skarmory\n|move|p2a: Skarmory|Spikes|p1a: Orthworm\n|-sidestart|p1: kibo1808|Spikes\n|\n|upkeep\n|turn|5\n|\n|t:|1733765251\n|move|p1a: Orthworm|Body Press|p2a: Skarmory\n|-damage|p2a: Skarmory|107/235 par\n|-damage|p1a: Orthworm|145/266|[from] item: Rocky Helmet|[of] p2a: Skarmory\n|move|p2a: Skarmory|Spikes|p1a: Orthworm\n|-sidestart|p1: kibo1808|Spikes\n|\n|upkeep\n|turn|6\n|\n|t:|1733765257\n|move|p1a: Orthworm|Body Press|p2a: Skarmory\n|-damage|p2a: Skarmory|42/235 par\n|-damage|p1a: Orthworm|101/266|[from] item: Rocky Helmet|[of] p2a: Skarmory\n|move|p2a: Skarmory|Roost|p2a: Skarmory\n|-heal|p2a: Skarmory|160/235 par\n|-singleturn|p2a: Skarmory|move: Roost\n|\n|upkeep\n|turn|7\n|\n|t:|1733765265\n|move|p1a: Orthworm|Rest|p1a: Orthworm\n|-status|p1a: Orthworm|slp|[from] move: Rest\n|-heal|p1a: Orthworm|266/266 slp|[silent]\n|-enditem|p1a: Orthworm|Chesto Berry|[eat]\n|-curestatus|p1a: Orthworm|slp|[msg]\n|move|p2a: Skarmory|Whirlwind|p1a: Orthworm\n|drag|p1a: Porygon2|Porygon2, L82|274/274\n|-damage|p1a: Porygon2|206/274|[from] Spikes\n|-ability|p1a: Porygon2|Download|boost\n|-boost|p1a: Porygon2|spa|1\n|\n|upkeep\n|turn|8\n|\n|t:|1733765274\n|move|p1a: Porygon2|Discharge|p2a: Skarmory\n|-supereffective|p2a: Skarmory\n|-crit|p2a: Skarmory\n|-damage|p2a: Skarmory|0 fnt\n|faint|p2a: Skarmory\n|\n|upkeep\n|\n|t:|1733765285\n|switch|p2a: Armarouge|Armarouge, L80, F|267/267\n|turn|9\n|inactive|kibo1808 has 120 seconds left.\n|\n|t:|1733765316\n|move|p2a: Armarouge|Meteor Beam||[still]\n|-prepare|p2a: Armarouge|Meteor Beam\n|-boost|p2a: Armarouge|spa|1\n|-enditem|p2a: Armarouge|Power Herb\n|-anim|p2a: Armarouge|Meteor Beam|p1a: Porygon2\n|-damage|p1a: Porygon2|111/274\n|move|p1a: Porygon2|Tri Attack|p2a: Armarouge\n|-damage|p2a: Armarouge|128/267\n|-status|p2a: Armarouge|par\n|\n|upkeep\n|turn|10\n|\n|t:|1733765327\n|move|p1a: Porygon2|Tri Attack|p2a: Armarouge\n|-crit|p2a: Armarouge\n|-damage|p2a: Armarouge|0 fnt\n|faint|p2a: Armarouge\n|\n|upkeep\n|\n|t:|1733765336\n|switch|p2a: Chien-Pao|Chien-Pao, L72|234/234\n|-ability|p2a: Chien-Pao|Sword of Ruin\n|turn|11\n|\n|t:|1733765341\n|move|p2a: Chien-Pao|Icicle Crash|p1a: Porygon2\n|-damage|p1a: Porygon2|11/274\n|cant|p1a: Porygon2|flinch\n|\n|upkeep\n|turn|12\n|\n|t:|1733765350\n|move|p2a: Chien-Pao|Icicle Crash|p1a: Porygon2\n|-damage|p1a: Porygon2|0 fnt\n|faint|p1a: Porygon2\n|\n|upkeep\n|\n|t:|1733765361\n|switch|p1a: Orthworm|Orthworm, L88, M|266/266\n|-damage|p1a: Orthworm|200/266|[from] Spikes\n|turn|13\n|\n|t:|1733765368\n|switch|p2a: Gholdengo|Gholdengo, L77|261/261\n|move|p1a: Orthworm|Body Press|p2a: Gholdengo\n|-immune|p2a: Gholdengo\n|\n|upkeep\n|turn|14\n|\n|t:|1733765377\n|move|p2a: Gholdengo|Focus Blast|p1a: Orthworm\n|-supereffective|p1a: Orthworm\n|-damage|p1a: Orthworm|0 fnt\n|faint|p1a: Orthworm\n|\n|upkeep\n|\n|t:|1733765383\n|switch|p1a: Sandy Shocks|Sandy Shocks, L80|267/267\n|-damage|p1a: Sandy Shocks|201/267|[from] Spikes\n|turn|15\n|\n|t:|1733765388\n|move|p2a: Gholdengo|Focus Blast|p1a: Sandy Shocks\n|-damage|p1a: Sandy Shocks|99/267\n|move|p1a: Sandy Shocks|Thunder Wave|p2a: Gholdengo\n|-immune|p2a: Gholdengo|[from] ability: Good as Gold\n|\n|-heal|p1a: Sandy Shocks|115/267|[from] item: Leftovers\n|upkeep\n|turn|16\n|c|\u2606kibo1808|a\n|\n|t:|1733765406\n|move|p2a: Gholdengo|Focus Blast|p1a: Sandy Shocks\n|-damage|p1a: Sandy Shocks|12/267\n|-unboost|p1a: Sandy Shocks|spd|1\n|move|p1a: Sandy Shocks|Earth Power|p2a: Gholdengo\n|-supereffective|p2a: Gholdengo\n|-damage|p2a: Gholdengo|25/261\n|-unboost|p2a: Gholdengo|spd|1\n|\n|-heal|p1a: Sandy Shocks|28/267|[from] item: Leftovers\n|upkeep\n|turn|17\n|\n|t:|1733765414\n|move|p2a: Gholdengo|Focus Blast|p1a: Sandy Shocks\n|-damage|p1a: Sandy Shocks|0 fnt\n|faint|p1a: Sandy Shocks\n|-end|p1a: Sandy Shocks|Protosynthesis|[silent]\n|\n|upkeep\n|\n|t:|1733765419\n|switch|p1a: Persian|Persian-Alola, L86, F|221/252\n|-damage|p1a: Persian|158/252|[from] Spikes\n|turn|18\n|\n|t:|1733765424\n|move|p2a: Gholdengo|Focus Blast|p1a: Persian\n|-supereffective|p1a: Persian\n|-damage|p1a: Persian|0 fnt\n|faint|p1a: Persian\n|\n|upkeep\n|c|\u2606kibo1808|lol\n|\n|t:|1733765432\n|switch|p1a: Pikachu|Pikachu-Hoenn, L93, M|216/216\n|-damage|p1a: Pikachu|162/216|[from] Spikes\n|turn|19\n|\n|t:|1733765435\n|move|p2a: Gholdengo|Focus Blast|p1a: Pikachu\n|-damage|p1a: Pikachu|50/216\n|move|p1a: Pikachu|Knock Off|p2a: Gholdengo\n|-supereffective|p2a: Gholdengo\n|-damage|p2a: Gholdengo|0 fnt\n|-enditem|p2a: Gholdengo|Choice Scarf|[from] move: Knock Off|[of] p1a: Pikachu\n|faint|p2a: Gholdengo\n|\n|upkeep\n|\n|t:|1733765444\n|switch|p2a: Chien-Pao|Chien-Pao, L72|234/234\n|-ability|p2a: Chien-Pao|Sword of Ruin\n|turn|20\n|\n|t:|1733765452\n|move|p2a: Chien-Pao|Throat Chop|p1a: Pikachu\n|-damage|p1a: Pikachu|0 fnt\n|faint|p1a: Pikachu\n|\n|upkeep\n|\n|t:|1733765456\n|switch|p1a: Chimecho|Chimecho, L93, M|290/290\n|turn|21\n|\n|t:|1733765460\n|-terastallize|p1a: Chimecho|Steel\n|move|p2a: Chien-Pao|Throat Chop|p1a: Chimecho\n|-damage|p1a: Chimecho|142/290\n|-start|p1a: Chimecho|Throat Chop|[silent]\n|move|p1a: Chimecho|Dazzling Gleam|p2a: Chien-Pao\n|-supereffective|p2a: Chien-Pao\n|-damage|p2a: Chien-Pao|24/234\n|\n|-heal|p1a: Chimecho|160/290|[from] item: Leftovers\n|upkeep\n|turn|22\n|\n|t:|1733765470\n|move|p2a: Chien-Pao|Throat Chop|p1a: Chimecho\n|-damage|p1a: Chimecho|28/290\n|move|p1a: Chimecho|Dazzling Gleam|p2a: Chien-Pao\n|-supereffective|p2a: Chien-Pao\n|-damage|p2a: Chien-Pao|0 fnt\n|faint|p2a: Chien-Pao\n|\n|-heal|p1a: Chimecho|46/290|[from] item: Leftovers\n|-end|p1a: Chimecho|Throat Chop|[silent]\n|upkeep\n|\n|t:|1733765480\n|switch|p2a: Haxorus|Haxorus, L77, M|244/244\n|-ability|p2a: Haxorus|Mold Breaker\n|turn|23\n|\n|t:|1733765486\n|-terastallize|p2a: Haxorus|Steel\n|move|p2a: Haxorus|Close Combat|p1a: Chimecho\n|-supereffective|p1a: Chimecho\n|-damage|p1a: Chimecho|0 fnt\n|-unboost|p2a: Haxorus|def|1\n|-unboost|p2a: Haxorus|spd|1\n|faint|p1a: Chimecho\n|\n|win|ryoto_58\n|raw|kibo1808's rating: 1426 &rarr; <strong>1407</strong><br />(-19 for losing)\n|raw|ryoto_58's rating: 1444 &rarr; <strong>1463</strong><br />(+19 for winning)\n|l|\u2606kibo1808\n|player|p1|\n", "inputlog": ">version bfd83cad13791eb5a5a409923076391caf6fb4d4\n>start {\"formatid\":\"gen9randombattle\",\"seed\":[51083,36247,39098,40314],\"rated\":\"Rated battle\"}\n>player p1 {\"name\":\"kibo1808\",\"avatar\":\"101\",\"rating\":1426,\"seed\":[15987,16447,56069,24791]}\n>player p2 {\"name\":\"ryoto_58\",\"avatar\":\"colress\",\"rating\":1444,\"seed\":[1718,54718,27219,23052]}\n>p1 switch 5\n>p2 move spikes\n>p1 move thunderwave\n>p2 move whirlwind\n>p1 move nastyplot\n>p2 move whirlwind\n>p1 move bodypress\n>p2 move spikes\n>p1 move bodypress\n>p2 move spikes\n>p1 move bodypress\n>p2 move roost\n>p1 move rest\n>p2 move whirlwind\n>p1 move discharge\n>p2 move whirlwind\n>p2 switch 4\n>p1 move triattack\n>p2 move meteorbeam\n>p1 move triattack\n>p2 move energyball\n>p2 switch 2\n>p1 move triattack\n>p2 move iciclecrash\n>p1 move recover\n>p2 move iciclecrash\n>p1 switch 4\n>p1 move bodypress\n>p2 switch 5\n>p1 move coil\n>p2 move focusblast\n>p1 switch 6\n>p1 move thunderwave\n>p2 move focusblast\n>chat \u2606kibo1808|a\n>p1 move earthpower\n>p2 move focusblast\n>p1 move earthpower\n>p2 move focusblast\n>p1 switch 3\n>p1 move darkpulse\n>p2 move focusblast\n>chat \u2606kibo1808|lol\n>p1 switch 2\n>p1 move knockoff\n>p2 move focusblast\n>p2 switch 5\n>p1 move playrough\n>p2 move throatchop\n>p1 switch 5\n>p1 move dazzlinggleam terastallize\n>p2 move throatchop\n>p1 move dazzlinggleam\n>p2 move throatchop\n>p2 switch 3\n>p1 move dazzlinggleam\n>p2 move closecombat terastallize", "uploadtime": 1733765495, "views": 15, "formatid": "gen9randombattle", "rating": 1407, "private": 0, "password": null}