{"id": "gen9randombattle-2260040038", "format": "[Gen 9] Random Battle", "players": ["sunsa", "SXD2002"], "log": "|j|\u2606sunsa\n|j|\u2606SXD2002\n|t:|1733794463\n|gametype|singles\n|player|p1|sunsa|veteran|1845\n|player|p2|SXD2002|265|1860\n|teamsize|p1|6\n|teamsize|p2|6\n|gen|9\n|tier|[Gen 9] Random Battle\n|rated|\n|rule|Species Clause: Limit one of each Pok\u00e9mon\n|rule|HP Percentage Mod: HP is shown in percentages\n|rule|Sleep Clause Mod: Limit one foe put to sleep\n|rule|Illusion Level Mod: Illusion disguises the Pok\u00e9mon's true level\n|\n|t:|1733794463\n|start\n|switch|p1a: Garchomp|Garchomp, L74, F|282/282\n|switch|p2a: Suicune|Suicune, L82|298/298\n|-ability|p2a: Suicune|Pressure\n|turn|1\n|inactive|Battle timer is ON: inactive players will automatically lose when time's up. (requested by sunsa)\n|\n|t:|1733794473\n|move|p1a: Garchomp|Swords Dance|p1a: Garchomp\n|-boost|p1a: Garchomp|atk|2\n|move|p2a: Suicune|Scald|p1a: Garchomp\n|-damage|p1a: Garchomp|200/282\n|\n|upkeep\n|turn|2\n|\n|t:|1733794480\n|move|p1a: Garchomp|Scale Shot|p2a: Suicune\n|-damage|p2a: Suicune|256/298\n|-damage|p2a: Suicune|211/298\n|-damage|p2a: Suicune|171/298\n|-damage|p2a: Suicune|129/298\n|-hitcount|p2a: Suicune|4\n|-unboost|p1a: Garchomp|def|1\n|-boost|p1a: Garchomp|spe|1\n|move|p2a: Suicune|Scald|p1a: Garchomp\n|-damage|p1a: Garchomp|104/282\n|\n|-heal|p2a: Suicune|147/298|[from] item: Leftovers\n|upkeep\n|turn|3\n|\n|t:|1733794495\n|move|p1a: Garchomp|Earthquake|p2a: Suicune\n|-crit|p2a: Suicune\n|-damage|p2a: Suicune|0 fnt\n|faint|p2a: Suicune\n|\n|upkeep\n|\n|t:|1733794498\n|switch|p2a: Lokix|Lokix, L82, M|251/251\n|turn|4\n|l|\u2606sunsa\n|inactive|sunsa disconnected and has a minute to reconnect!\n|player|p1|\n|j|\u2606sunsa\n|inactive|sunsa reconnected and has 125 seconds left.\n|player|p1|sunsa|veteran|\n|inactive|sunsa has 120 seconds left.\n|\n|t:|1733794530\n|move|p2a: Lokix|First Impression|p1a: Garchomp\n|-damage|p1a: Garchomp|0 fnt\n|-damage|p2a: Lokix|220/251|[from] ability: Rough Skin|[of] p1a: Garchomp\n|faint|p1a: Garchomp\n|\n|upkeep\n|inactive|sunsa has 120 seconds left.\n|\n|t:|1733794539\n|switch|p1a: Passimian|Passimian, L83, F|302/302\n|turn|5\n|\n|t:|1733794547\n|move|p2a: Lokix|Knock Off|p1a: Passimian\n|-resisted|p1a: Passimian\n|-damage|p1a: Passimian|194/302\n|-enditem|p1a: Passimian|Leftovers|[from] move: Knock Off|[of] p2a: Lokix\n|move|p1a: Passimian|Knock Off|p2a: Lokix\n|-resisted|p2a: Lokix\n|-damage|p2a: Lokix|175/251\n|-enditem|p2a: Lokix|Silver Powder|[from] move: Knock Off|[of] p1a: Passimian\n|\n|upkeep\n|turn|6\n|\n|t:|1733794557\n|move|p2a: Lokix|U-turn|p1a: Passimian\n|-resisted|p1a: Passimian\n|-crit|p1a: Passimian\n|-damage|p1a: Passimian|92/302\n|\n|t:|1733794559\n|switch|p2a: Cramorant|Cramorant, L86, F|261/261|[from] U-turn\n|move|p1a: Passimian|Drain Punch|p2a: Cramorant\n|-resisted|p2a: Cramorant\n|-damage|p2a: Cramorant|195/261\n|-heal|p1a: Passimian|125/302|[from] drain|[of] p2a: Cramorant\n|\n|upkeep\n|turn|7\n|\n|t:|1733794569\n|switch|p1a: Dewgong|Dewgong, L94, M|322/322\n|move|p2a: Cramorant|Brave Bird|p1a: Dewgong\n|-damage|p1a: Dewgong|199/322\n|-damage|p2a: Cramorant|154/261|[from] Recoil\n|\n|upkeep\n|turn|8\n|\n|t:|1733794580\n|move|p2a: Cramorant|Surf|p1a: Dewgong\n|-formechange|p2a: Cramorant|Cramorant-Gulping|\n|-resisted|p1a: Dewgong\n|-damage|p1a: Dewgong|175/322\n|move|p1a: Dewgong|Ice Beam|p2a: Cramorant\n|-damage|p2a: Cramorant|75/261\n|-damage|p1a: Dewgong|95/322|[from] ability: Gulp Missile|[of] p2a: Cramorant\n|-unboost|p1a: Dewgong|def|1\n|-formechange|p2a: Cramorant|Cramorant|\n|\n|upkeep\n|turn|9\n|\n|t:|1733794592\n|move|p2a: Cramorant|Roost|p2a: Cramorant\n|-heal|p2a: Cramorant|206/261\n|-singleturn|p2a: Cramorant|move: Roost\n|move|p1a: Dewgong|Flip Turn|p2a: Cramorant\n|-resisted|p2a: Cramorant\n|-damage|p2a: Cramorant|167/261\n|\n|t:|1733794604\n|switch|p1a: Quagsire|Quagsire, L84, F|297/297|[from] Flip Turn\n|\n|upkeep\n|turn|10\n|\n|t:|1733794609\n|switch|p2a: Skuntank|Skuntank, L84, F|310/310\n|move|p1a: Quagsire|Toxic|p2a: Skuntank\n|-immune|p2a: Skuntank\n|\n|upkeep\n|turn|11\n|\n|t:|1733794622\n|move|p2a: Skuntank|Taunt|p1a: Quagsire\n|-start|p1a: Quagsire|move: Taunt\n|move|p1a: Quagsire|Earthquake|p2a: Skuntank\n|-supereffective|p2a: Skuntank\n|-damage|p2a: Skuntank|74/310\n|\n|-heal|p2a: Skuntank|93/310|[from] item: Leftovers\n|upkeep\n|turn|12\n|\n|t:|1733794634\n|switch|p2a: Cramorant|Cramorant, L86, F|167/261\n|move|p1a: Quagsire|Earthquake|p2a: Cramorant\n|-immune|p2a: Cramorant\n|\n|upkeep\n|turn|13\n|\n|t:|1733794643\n|switch|p1a: Dewgong|Dewgong, L94, M|95/322\n|move|p2a: Cramorant|Surf|p1a: Dewgong\n|-formechange|p2a: Cramorant|Cramorant-Gulping|\n|-resisted|p1a: Dewgong\n|-damage|p1a: Dewgong|71/322\n|\n|upkeep\n|turn|14\n|\n|t:|1733794651\n|move|p2a: Cramorant|Brave Bird|p1a: Dewgong\n|-damage|p1a: Dewgong|0 fnt\n|faint|p1a: Dewgong\n|-damage|p2a: Cramorant|144/261|[from] Recoil\n|\n|upkeep\n|\n|t:|1733794658\n|switch|p1a: Quagsire|Quagsire, L84, F|297/297\n|turn|15\n|\n|t:|1733794663\n|switch|p2a: Skuntank|Skuntank, L84, F|93/310\n|move|p1a: Quagsire|Spikes|p2a: Skuntank\n|-sidestart|p2: SXD2002|Spikes\n|\n|-heal|p2a: Skuntank|112/310|[from] item: Leftovers\n|upkeep\n|turn|16\n|\n|t:|1733794671\n|move|p2a: Skuntank|Toxic Spikes|p1a: Quagsire\n|-sidestart|p1: sunsa|move: Toxic Spikes\n|move|p1a: Quagsire|Earthquake|p2a: Skuntank\n|-supereffective|p2a: Skuntank\n|-damage|p2a: Skuntank|0 fnt\n|faint|p2a: Skuntank\n|\n|upkeep\n|\n|t:|1733794674\n|switch|p2a: Lokix|Lokix, L82, M|175/251\n|-damage|p2a: Lokix|144/251|[from] Spikes\n|turn|17\n|\n|t:|1733794684\n|move|p2a: Lokix|First Impression|p1a: Quagsire\n|-damage|p1a: Quagsire|200/297\n|move|p1a: Quagsire|Toxic|p2a: Lokix\n|-status|p2a: Lokix|tox\n|\n|-heal|p1a: Quagsire|218/297|[from] item: Leftovers\n|-damage|p2a: Lokix|129/251 tox|[from] psn\n|upkeep\n|turn|18\n|\n|t:|1733794693\n|move|p2a: Lokix|Knock Off|p1a: Quagsire\n|-damage|p1a: Quagsire|121/297\n|-enditem|p1a: Quagsire|Leftovers|[from] move: Knock Off|[of] p2a: Lokix\n|move|p1a: Quagsire|Toxic|p2a: Lokix\n|-fail|p2a: Lokix|tox\n|\n|-damage|p2a: Lokix|99/251 tox|[from] psn\n|upkeep\n|turn|19\n|\n|t:|1733794702\n|move|p2a: Lokix|U-turn|p1a: Quagsire\n|-damage|p1a: Quagsire|43/297\n|\n|t:|1733794705\n|switch|p2a: Sunflora|Sunflora, F|312/312|[from] U-turn\n|-damage|p2a: Sunflora|273/312|[from] Spikes\n|move|p1a: Quagsire|Recover|p1a: Quagsire\n|-heal|p1a: Quagsire|192/297\n|\n|upkeep\n|turn|20\n|\n|t:|1733794716\n|switch|p1a: Blaziken|Blaziken, L76, F|247/247\n|-status|p1a: Blaziken|psn\n|move|p2a: Sunflora|Sunny Day|p2a: Sunflora\n|-weather|SunnyDay\n|\n|-weather|SunnyDay|[upkeep]\n|-damage|p1a: Blaziken|217/247 psn|[from] psn\n|upkeep\n|turn|21\n|\n|t:|1733794732\n|move|p1a: Blaziken|Protect|p1a: Blaziken\n|-singleturn|p1a: Blaziken|Protect\n|move|p2a: Sunflora|Earth Power|p1a: Blaziken\n|-activate|p1a: Blaziken|move: Protect\n|\n|-weather|SunnyDay|[upkeep]\n|-damage|p1a: Blaziken|187/247 psn|[from] psn\n|-ability|p1a: Blaziken|Speed Boost|boost\n|-boost|p1a: Blaziken|spe|1\n|upkeep\n|turn|22\n|\n|t:|1733794742\n|-terastallize|p2a: Sunflora|Fire\n|move|p1a: Blaziken|Flare Blitz|p2a: Sunflora\n|-resisted|p2a: Sunflora\n|-damage|p2a: Sunflora|144/312\n|-damage|p1a: Blaziken|144/247 psn|[from] Recoil\n|-damage|p1a: Blaziken|120/247 psn|[from] item: Life Orb\n|move|p2a: Sunflora|Earth Power|p1a: Blaziken\n|-supereffective|p1a: Blaziken\n|-damage|p1a: Blaziken|0 fnt\n|faint|p1a: Blaziken\n|-damage|p2a: Sunflora|113/312|[from] item: Life Orb\n|\n|-weather|SunnyDay|[upkeep]\n|upkeep\n|\n|t:|1733794759\n|switch|p1a: Gardevoir|Gardevoir, L83, M|249/249\n|-status|p1a: Gardevoir|psn\n|-ability|p1a: Gardevoir|Chlorophyll|[from] ability: Trace|[of] p2a: Sunflora\n|turn|23\n|\n|t:|1733794766\n|move|p1a: Gardevoir|Moonblast|p2a: Sunflora\n|-resisted|p2a: Sunflora\n|-damage|p2a: Sunflora|43/312\n|-damage|p1a: Gardevoir|225/249 psn|[from] item: Life Orb\n|move|p2a: Sunflora|Solar Beam||[still]\n|-prepare|p2a: Sunflora|Solar Beam\n|-anim|p2a: Sunflora|Solar Beam|p1a: Gardevoir\n|-damage|p1a: Gardevoir|38/249 psn\n|-damage|p2a: Sunflora|12/312|[from] item: Life Orb\n|\n|-weather|SunnyDay|[upkeep]\n|-damage|p1a: Gardevoir|7/249 psn|[from] psn\n|upkeep\n|turn|24\n|-message|sunsa forfeited.\n|\n|win|SXD2002\n|raw|sunsa's rating: 1845 &rarr; <strong>1826</strong><br />(-19 for losing)\n|raw|SXD2002's rating: 1860 &rarr; <strong>1879</strong><br />(+19 for winning)\n|l|\u2606sunsa\n|player|p1|\n", "inputlog": ">version bfd83cad13791eb5a5a409923076391caf6fb4d4\n>start {\"formatid\":\"gen9randombattle\",\"seed\":[23516,24447,11253,51084],\"rated\":\"Rated battle\"}\n>player p1 {\"name\":\"sunsa\",\"avatar\":\"veteran\",\"rating\":1845,\"seed\":[57526,8003,6519,2235]}\n>player p2 {\"name\":\"SXD2002\",\"avatar\":\"265\",\"rating\":1860,\"seed\":[13966,18083,64373,39873]}\n>p1 move swordsdance\n>p2 move scald\n>p1 move scaleshot\n>p2 move scald\n>p1 move earthquake\n>p2 move scald\n>p2 switch 5\n>p1 move firefang\n>p2 move firstimpression\n>p1 switch 4\n>p1 move knockoff\n>p2 move knockoff\n>p1 move drainpunch\n>p2 move uturn\n>p2 switch 6\n>p1 switch 5\n>p2 move bravebird\n>p1 move icebeam\n>p2 move surf\n>p1 move flipturn\n>p2 move roost\n>p1 switch 2\n>p1 move toxic\n>p2 switch 3\n>p1 move earthquake\n>p2 move taunt\n>p1 move earthquake\n>p2 switch 3\n>p1 switch 2\n>p2 move surf\n>p1 move knockoff\n>p2 move bravebird\n>p1 switch 2\n>p1 move spikes\n>p2 switch 3\n>p1 move earthquake\n>p2 move toxicspikes\n>p2 switch 6\n>p1 move toxic\n>p2 move firstimpression\n>p1 move toxic\n>p2 move knockoff\n>p1 move recover\n>p2 move uturn\n>p2 switch 2\n>p1 switch 6\n>p2 move sunnyday\n>p1 move protect\n>p2 move earthpower\n>p1 move flareblitz\n>p2 move earthpower terastallize\n>p1 switch 3\n>p1 move moonblast\n>p2 move solarbeam\n>forcelose p1", "uploadtime": 1733794776, "views": 3, "formatid": "gen9randombattle", "rating": 1826, "private": 0, "password": null}