{"id": "gen9randombattle-2260810979", "format": "[Gen 9] Random Battle", "players": ["remembersummerdays", "Rodmantis"], "log": "|j|\u2606remembersummerdays\n|j|\u2606Rodmantis\n|t:|1733896207\n|gametype|singles\n|player|p1|remembersummerdays|dawn|1828\n|player|p2|Rodmantis|101|1839\n|teamsize|p1|6\n|teamsize|p2|6\n|gen|9\n|tier|[Gen 9] Random Battle\n|rated|\n|rule|Species Clause: Limit one of each Pok\u00e9mon\n|rule|HP Percentage Mod: HP is shown in percentages\n|rule|Sleep Clause Mod: Limit one foe put to sleep\n|rule|Illusion Level Mod: Illusion disguises the Pok\u00e9mon's true level\n|\n|t:|1733896207\n|start\n|switch|p1a: Weezing|Weezing-Galar, L86, M|252/252\n|switch|p2a: Pelipper|Pelipper, L86, M|243/243\n|-weather|RainDance|[from] ability: Drizzle|[of] p2a: Pelipper\n|turn|1\n|inactive|Battle timer is ON: inactive players will automatically lose when time's up. (requested by remembersummerdays)\n|\n|t:|1733896229\n|switch|p1a: Empoleon|Empoleon, L84, F|278/278\n|move|p2a: Pelipper|Hydro Pump|p1a: Empoleon\n|-resisted|p1a: Empoleon\n|-damage|p1a: Empoleon|202/278\n|\n|-weather|RainDance|[upkeep]\n|-heal|p1a: Empoleon|219/278|[from] item: Leftovers\n|upkeep\n|turn|2\n|\n|t:|1733896234\n|move|p2a: Pelipper|Hurricane|p1a: Empoleon\n|-resisted|p1a: Empoleon\n|-damage|p1a: Empoleon|165/278\n|-start|p1a: Empoleon|confusion\n|-activate|p1a: Empoleon|confusion\n|move|p1a: Empoleon|Surf|p2a: Pelipper\n|-resisted|p2a: Pelipper\n|-damage|p2a: Pelipper|155/243\n|\n|-weather|RainDance|[upkeep]\n|-heal|p1a: Empoleon|182/278|[from] item: Leftovers\n|upkeep\n|turn|3\n|\n|t:|1733896241\n|move|p2a: Pelipper|Knock Off|p1a: Empoleon\n|-damage|p1a: Empoleon|134/278\n|-enditem|p1a: Empoleon|Leftovers|[from] move: Knock Off|[of] p2a: Pelipper\n|-activate|p1a: Empoleon|confusion\n|move|p1a: Empoleon|Surf|p2a: Pelipper\n|-resisted|p2a: Pelipper\n|-damage|p2a: Pelipper|66/243\n|\n|-weather|RainDance|[upkeep]\n|upkeep\n|turn|4\n|\n|t:|1733896244\n|move|p2a: Pelipper|Roost|p2a: Pelipper\n|-heal|p2a: Pelipper|188/243\n|-singleturn|p2a: Pelipper|move: Roost\n|-activate|p1a: Empoleon|confusion\n|move|p1a: Empoleon|Roost|p1a: Empoleon\n|-heal|p1a: Empoleon|273/278\n|-singleturn|p1a: Empoleon|move: Roost\n|\n|-weather|RainDance|[upkeep]\n|upkeep\n|turn|5\n|\n|t:|1733896252\n|move|p2a: Pelipper|Hydro Pump|p1a: Empoleon\n|-resisted|p1a: Empoleon\n|-damage|p1a: Empoleon|186/278\n|-activate|p1a: Empoleon|confusion\n|move|p1a: Empoleon|Surf|p2a: Pelipper\n|-resisted|p2a: Pelipper\n|-damage|p2a: Pelipper|104/243\n|\n|-weather|none\n|upkeep\n|turn|6\n|\n|t:|1733896255\n|move|p2a: Pelipper|Roost|p2a: Pelipper\n|-heal|p2a: Pelipper|226/243\n|-singleturn|p2a: Pelipper|move: Roost\n|-end|p1a: Empoleon|confusion\n|move|p1a: Empoleon|Roost|p1a: Empoleon\n|-heal|p1a: Empoleon|278/278\n|-singleturn|p1a: Empoleon|move: Roost\n|\n|upkeep\n|turn|7\n|\n|t:|1733896260\n|switch|p2a: Rillaboom|Rillaboom, L79, F|288/288\n|-fieldstart|move: Grassy Terrain|[from] ability: Grassy Surge|[of] p2a: Rillaboom\n|move|p1a: Empoleon|Yawn|p2a: Rillaboom\n|-start|p2a: Rillaboom|move: Yawn|[of] p1a: Empoleon\n|\n|upkeep\n|turn|8\n|\n|t:|1733896265\n|switch|p2a: Electrode|Electrode-Hisui, L87|246/246\n|switch|p1a: Weezing|Weezing-Galar, L86, M|252/252\n|\n|upkeep\n|turn|9\n|\n|t:|1733896271\n|switch|p1a: Raging Bolt|Raging Bolt, L78|323/323\n|move|p2a: Electrode|Substitute|p2a: Electrode\n|-start|p2a: Electrode|Substitute\n|-damage|p2a: Electrode|185/246\n|\n|-heal|p2a: Electrode|200/246|[from] Grassy Terrain\n|-heal|p2a: Electrode|215/246|[from] item: Leftovers\n|upkeep\n|turn|10\n|\n|t:|1733896278\n|move|p2a: Electrode|Leech Seed|p1a: Raging Bolt\n|-start|p1a: Raging Bolt|move: Leech Seed\n|move|p1a: Raging Bolt|Dragon Pulse|p2a: Electrode\n|-end|p2a: Electrode|Substitute\n|\n|-heal|p2a: Electrode|230/246|[from] Grassy Terrain\n|-heal|p2a: Electrode|245/246|[from] item: Leftovers\n|-damage|p1a: Raging Bolt|283/323|[from] Leech Seed|[of] p2a: Electrode\n|-heal|p2a: Electrode|246/246|[silent]\n|upkeep\n|turn|11\n|\n|t:|1733896285\n|-end|p1a: Raging Bolt|Protosynthesis|[silent]\n|switch|p1a: Sceptile|Sceptile, L87, M|264/264\n|move|p2a: Electrode|Substitute|p2a: Electrode\n|-start|p2a: Electrode|Substitute\n|-damage|p2a: Electrode|185/246\n|\n|-heal|p2a: Electrode|200/246|[from] Grassy Terrain\n|-heal|p2a: Electrode|215/246|[from] item: Leftovers\n|-fieldend|move: Grassy Terrain\n|upkeep\n|turn|12\n|\n|t:|1733896291\n|move|p2a: Electrode|Thunderbolt|p1a: Sceptile\n|-resisted|p1a: Sceptile\n|-crit|p1a: Sceptile\n|-damage|p1a: Sceptile|201/264\n|move|p1a: Sceptile|Earthquake|p2a: Electrode\n|-end|p2a: Electrode|Substitute\n|-damage|p1a: Sceptile|175/264|[from] item: Life Orb\n|\n|-heal|p2a: Electrode|230/246|[from] item: Leftovers\n|upkeep\n|turn|13\n|\n|t:|1733896295\n|move|p2a: Electrode|Thunderbolt|p1a: Sceptile\n|-resisted|p1a: Sceptile\n|-damage|p1a: Sceptile|130/264\n|move|p1a: Sceptile|Swords Dance|p1a: Sceptile\n|-boost|p1a: Sceptile|atk|2\n|\n|-heal|p2a: Electrode|245/246|[from] item: Leftovers\n|upkeep\n|turn|14\n|\n|t:|1733896298\n|move|p2a: Electrode|Thunderbolt|p1a: Sceptile\n|-resisted|p1a: Sceptile\n|-damage|p1a: Sceptile|91/264\n|move|p1a: Sceptile|Earthquake|p2a: Electrode\n|-damage|p2a: Electrode|46/246\n|-damage|p1a: Sceptile|65/264|[from] item: Life Orb\n|\n|-heal|p2a: Electrode|61/246|[from] item: Leftovers\n|upkeep\n|turn|15\n|\n|t:|1733896305\n|move|p2a: Electrode|Thunderbolt|p1a: Sceptile\n|-resisted|p1a: Sceptile\n|-damage|p1a: Sceptile|19/264\n|move|p1a: Sceptile|Earthquake|p2a: Electrode\n|-damage|p2a: Electrode|0 fnt\n|faint|p2a: Electrode\n|-damage|p1a: Sceptile|0 fnt|[from] item: Life Orb\n|faint|p1a: Sceptile\n|\n|upkeep\n|\n|t:|1733896314\n|switch|p2a: Rillaboom|Rillaboom, L79, F|288/288\n|switch|p1a: Weezing|Weezing-Galar, L86, M|252/252\n|-fieldstart|move: Grassy Terrain|[from] ability: Grassy Surge|[of] p2a: Rillaboom\n|turn|16\n|\n|t:|1733896325\n|switch|p2a: Toxtricity|Toxtricity, L82, F|257/257\n|move|p1a: Weezing|Strange Steam|p2a: Toxtricity\n|-resisted|p2a: Toxtricity\n|-damage|p2a: Toxtricity|206/257\n|\n|-heal|p2a: Toxtricity|222/257|[from] Grassy Terrain\n|upkeep\n|turn|17\n|\n|t:|1733896330\n|switch|p1a: Ting-Lu|Ting-Lu, L78|370/370\n|-ability|p1a: Ting-Lu|Vessel of Ruin\n|move|p2a: Toxtricity|Volt Switch|p1a: Ting-Lu\n|-immune|p1a: Ting-Lu\n|\n|-heal|p2a: Toxtricity|238/257|[from] Grassy Terrain\n|upkeep\n|turn|18\n|\n|t:|1733896333\n|switch|p2a: Pelipper|Pelipper, L86, M|226/243\n|-weather|RainDance|[from] ability: Drizzle|[of] p2a: Pelipper\n|move|p1a: Ting-Lu|Spikes|p2a: Pelipper\n|-sidestart|p2: Rodmantis|Spikes\n|\n|-weather|RainDance|[upkeep]\n|upkeep\n|turn|19\n|\n|t:|1733896342\n|switch|p2a: Rillaboom|Rillaboom, L79, F|288/288\n|-damage|p2a: Rillaboom|252/288|[from] Spikes\n|switch|p1a: Empoleon|Empoleon, L84, F|278/278\n|\n|-weather|RainDance|[upkeep]\n|-heal|p2a: Rillaboom|270/288|[from] Grassy Terrain\n|upkeep\n|turn|20\n|\n|t:|1733896353\n|switch|p1a: Weezing|Weezing-Galar, L86, M|252/252\n|move|p2a: Rillaboom|Wood Hammer|p1a: Weezing\n|-resisted|p1a: Weezing\n|-crit|p1a: Weezing\n|-damage|p1a: Weezing|110/252\n|-damage|p2a: Rillaboom|223/288|[from] Recoil\n|-damage|p2a: Rillaboom|195/288|[from] item: Life Orb\n|\n|-weather|RainDance|[upkeep]\n|-heal|p2a: Rillaboom|213/288|[from] Grassy Terrain\n|-heal|p1a: Weezing|125/252|[from] item: Leftovers\n|-fieldend|move: Grassy Terrain\n|upkeep\n|turn|21\n|\n|t:|1733896360\n|switch|p2a: Toxtricity|Toxtricity, L82, F|238/257\n|-damage|p2a: Toxtricity|206/257|[from] Spikes\n|move|p1a: Weezing|Strange Steam|p2a: Toxtricity\n|-resisted|p2a: Toxtricity\n|-damage|p2a: Toxtricity|155/257\n|\n|-weather|RainDance|[upkeep]\n|-heal|p1a: Weezing|140/252|[from] item: Leftovers\n|upkeep\n|turn|22\n|\n|t:|1733896367\n|switch|p1a: Empoleon|Empoleon, L84, F|278/278\n|move|p2a: Toxtricity|Boomburst|p1a: Empoleon\n|-resisted|p1a: Empoleon\n|-damage|p1a: Empoleon|215/278\n|\n|-weather|none\n|upkeep\n|turn|23\n|\n|t:|1733896372\n|switch|p2a: Pelipper|Pelipper, L86, M|226/243\n|-weather|RainDance|[from] ability: Drizzle|[of] p2a: Pelipper\n|move|p1a: Empoleon|Ice Beam|p2a: Pelipper\n|-damage|p2a: Pelipper|147/243\n|\n|-weather|RainDance|[upkeep]\n|upkeep\n|turn|24\n|\n|t:|1733896378\n|switch|p2a: Rillaboom|Rillaboom, L79, F|213/288\n|-damage|p2a: Rillaboom|177/288|[from] Spikes\n|-fieldstart|move: Grassy Terrain|[from] ability: Grassy Surge|[of] p2a: Rillaboom\n|move|p1a: Empoleon|Yawn|p2a: Rillaboom\n|-start|p2a: Rillaboom|move: Yawn|[of] p1a: Empoleon\n|\n|-weather|RainDance|[upkeep]\n|-heal|p2a: Rillaboom|195/288|[from] Grassy Terrain\n|-heal|p1a: Empoleon|232/278|[from] Grassy Terrain\n|upkeep\n|turn|25\n|\n|t:|1733896383\n|switch|p1a: Weezing|Weezing-Galar, L86, M|140/252\n|move|p2a: Rillaboom|Wood Hammer|p1a: Weezing\n|-resisted|p1a: Weezing\n|-damage|p1a: Weezing|50/252\n|-damage|p2a: Rillaboom|165/288|[from] Recoil\n|-damage|p2a: Rillaboom|137/288|[from] item: Life Orb\n|\n|-weather|RainDance|[upkeep]\n|-heal|p2a: Rillaboom|155/288|[from] Grassy Terrain\n|-heal|p1a: Weezing|65/252|[from] item: Leftovers\n|-end|p2a: Rillaboom|move: Yawn|[silent]\n|-status|p2a: Rillaboom|slp\n|upkeep\n|turn|26\n|\n|t:|1733896386\n|switch|p2a: Toxtricity|Toxtricity, L82, F|155/257\n|-damage|p2a: Toxtricity|123/257|[from] Spikes\n|move|p1a: Weezing|Strange Steam|p2a: Toxtricity\n|-resisted|p2a: Toxtricity\n|-damage|p2a: Toxtricity|66/257\n|\n|-weather|RainDance|[upkeep]\n|-heal|p2a: Toxtricity|82/257|[from] Grassy Terrain\n|-heal|p1a: Weezing|80/252|[from] item: Leftovers\n|upkeep\n|turn|27\n|\n|t:|1733896394\n|switch|p1a: Ting-Lu|Ting-Lu, L78|370/370\n|-ability|p1a: Ting-Lu|Vessel of Ruin\n|move|p2a: Toxtricity|Boomburst|p1a: Ting-Lu\n|-damage|p1a: Ting-Lu|258/370\n|\n|-weather|none\n|-heal|p2a: Toxtricity|98/257|[from] Grassy Terrain\n|-heal|p1a: Ting-Lu|281/370|[from] Grassy Terrain\n|-heal|p1a: Ting-Lu|304/370|[from] item: Leftovers\n|upkeep\n|turn|28\n|\n|t:|1733896403\n|switch|p2a: Pelipper|Pelipper, L86, M|147/243\n|-weather|RainDance|[from] ability: Drizzle|[of] p2a: Pelipper\n|move|p1a: Ting-Lu|Spikes|p2a: Pelipper\n|-sidestart|p2: Rodmantis|Spikes\n|\n|-weather|RainDance|[upkeep]\n|-heal|p1a: Ting-Lu|327/370|[from] Grassy Terrain\n|-heal|p1a: Ting-Lu|350/370|[from] item: Leftovers\n|-fieldend|move: Grassy Terrain\n|upkeep\n|turn|29\n|\n|t:|1733896407\n|switch|p2a: Feraligatr|Feraligatr, L79, M|264/264\n|-damage|p2a: Feraligatr|220/264|[from] Spikes\n|switch|p1a: Empoleon|Empoleon, L84, F|232/278\n|\n|-weather|RainDance|[upkeep]\n|upkeep\n|turn|30\n|\n|t:|1733896414\n|move|p2a: Feraligatr|Dragon Dance|p2a: Feraligatr\n|-boost|p2a: Feraligatr|atk|1\n|-boost|p2a: Feraligatr|spe|1\n|move|p1a: Empoleon|Surf|p2a: Feraligatr\n|-resisted|p2a: Feraligatr\n|-damage|p2a: Feraligatr|127/264\n|\n|-weather|RainDance|[upkeep]\n|upkeep\n|turn|31\n|\n|t:|1733896427\n|move|p2a: Feraligatr|Liquidation|p1a: Empoleon\n|-resisted|p1a: Empoleon\n|-damage|p1a: Empoleon|72/278\n|move|p1a: Empoleon|Surf|p2a: Feraligatr\n|-resisted|p2a: Feraligatr\n|-damage|p2a: Feraligatr|37/264\n|\n|-weather|RainDance|[upkeep]\n|upkeep\n|turn|32\n|\n|t:|1733896431\n|move|p2a: Feraligatr|Liquidation|p1a: Empoleon\n|-resisted|p1a: Empoleon\n|-damage|p1a: Empoleon|0 fnt\n|faint|p1a: Empoleon\n|\n|-weather|none\n|upkeep\n|\n|t:|1733896433\n|switch|p1a: Raging Bolt|Raging Bolt, L78|283/323\n|turn|33\n|\n|t:|1733896435\n|move|p1a: Raging Bolt|Thunderclap||[still]\n|-fail|p1a: Raging Bolt\n|move|p2a: Feraligatr|Dragon Dance|p2a: Feraligatr\n|-boost|p2a: Feraligatr|atk|1\n|-boost|p2a: Feraligatr|spe|1\n|\n|-heal|p1a: Raging Bolt|303/323|[from] item: Leftovers\n|upkeep\n|turn|34\n|\n|t:|1733896438\n|move|p1a: Raging Bolt|Thunderclap||[still]\n|-fail|p1a: Raging Bolt\n|move|p2a: Feraligatr|Dragon Dance|p2a: Feraligatr\n|-boost|p2a: Feraligatr|atk|1\n|-boost|p2a: Feraligatr|spe|1\n|\n|-heal|p1a: Raging Bolt|323/323|[from] item: Leftovers\n|upkeep\n|turn|35\n|\n|t:|1733896440\n|move|p1a: Raging Bolt|Thunderclap||[still]\n|-fail|p1a: Raging Bolt\n|move|p2a: Feraligatr|Dragon Dance|p2a: Feraligatr\n|-boost|p2a: Feraligatr|atk|1\n|-boost|p2a: Feraligatr|spe|1\n|\n|upkeep\n|turn|36\n|\n|t:|1733896442\n|move|p2a: Feraligatr|Ice Punch|p1a: Raging Bolt\n|-supereffective|p1a: Raging Bolt\n|-damage|p1a: Raging Bolt|0 fnt\n|faint|p1a: Raging Bolt\n|-end|p1a: Raging Bolt|Protosynthesis|[silent]\n|\n|upkeep\n|c|\u2606Rodmantis|Ooooooh\n|-message|remembersummerdays forfeited.\n|\n|win|Rodmantis\n|raw|remembersummerdays's rating: 1828 &rarr; <strong>1809</strong><br />(-19 for losing)\n|raw|Rodmantis's rating: 1839 &rarr; <strong>1858</strong><br />(+19 for winning)\n|l|\u2606remembersummerdays\n|player|p1|\n", "inputlog": ">version bfd83cad13791eb5a5a409923076391caf6fb4d4\n>start {\"formatid\":\"gen9randombattle\",\"seed\":[58784,12868,52904,58195],\"rated\":\"Rated battle\"}\n>player p1 {\"name\":\"remembersummerdays\",\"avatar\":\"dawn\",\"rating\":1828,\"seed\":[64111,41419,22430,55476]}\n>player p2 {\"name\":\"Rodmantis\",\"avatar\":\"101\",\"rating\":1839,\"seed\":[54729,19971,38117,4981]}\n>p1 switch 2\n>p2 move hydropump\n>p1 move surf\n>p2 move hurricane\n>p1 move surf\n>p2 move knockoff\n>p1 move roost\n>p2 move roost\n>p1 move surf\n>p2 move hydropump\n>p1 move roost\n>p2 move roost\n>p1 move yawn\n>p2 switch 2\n>p1 switch 2\n>p2 switch 4\n>p1 switch 3\n>p2 move substitute\n>p1 move dragonpulse\n>p2 move leechseed\n>p1 switch 6\n>p2 move substitute\n>p1 move earthquake\n>p2 move thunderbolt\n>p1 move swordsdance\n>p2 move thunderbolt\n>p1 move earthquake\n>p2 move thunderbolt\n>p1 move earthquake\n>p2 move thunderbolt\n>p1 switch 3\n>p2 switch 4\n>p1 move strangesteam\n>p2 switch 6\n>p1 switch 5\n>p2 move voltswitch\n>p1 move spikes\n>p2 switch 2\n>p1 switch 2\n>p2 switch 6\n>p1 switch 5\n>p2 move woodhammer\n>p1 move strangesteam\n>p2 switch 2\n>p1 switch 5\n>p2 move boomburst\n>p1 move icebeam\n>p2 switch 6\n>p1 move yawn\n>p2 switch 2\n>p1 switch 5\n>p2 move woodhammer\n>p1 move strangesteam\n>p2 switch 6\n>p1 switch 2\n>p2 move boomburst\n>p1 move spikes\n>p2 switch 2\n>p1 switch 5\n>p2 switch 3\n>p1 move surf\n>p2 move dragondance\n>p1 move surf\n>p2 move liquidation\n>p1 move surf\n>p2 move liquidation\n>p1 switch 6\n>p1 move thunderclap\n>p2 move dragondance\n>p1 move thunderclap\n>p2 move dragondance\n>p1 move thunderclap\n>p2 move dragondance\n>p1 move thunderbolt\n>p2 move icepunch\n>chat \u2606Rodmantis|Ooooooh\n>forcelose p1", "uploadtime": 1733896463, "views": 2, "formatid": "gen9randombattle", "rating": 1809, "private": 0, "password": null}