{"id": "gen9randombattle-2260716953", "format": "[Gen 9] Random Battle", "players": ["Saaskin", "eyesack24"], "log": "|j|\u2606Saaskin\n|j|\u2606eyesack24\n|t:|1733882264\n|gametype|singles\n|player|p1|Saaskin|170|1924\n|player|p2|eyesack24|169|1958\n|teamsize|p1|6\n|teamsize|p2|6\n|gen|9\n|tier|[Gen 9] Random Battle\n|rated|\n|rule|Species Clause: Limit one of each Pok\u00e9mon\n|rule|HP Percentage Mod: HP is shown in percentages\n|rule|Sleep Clause Mod: Limit one foe put to sleep\n|rule|Illusion Level Mod: Illusion disguises the Pok\u00e9mon's true level\n|\n|t:|1733882264\n|start\n|switch|p1a: Tropius|Tropius, L91, F|328/328\n|switch|p2a: Electrode|Electrode-Hisui, L87|246/246\n|turn|1\n|inactive|Battle timer is ON: inactive players will automatically lose when time's up. (requested by Saaskin)\n|\n|t:|1733882282\n|switch|p1a: Luxray|Luxray, L88, M|284/284\n|-ability|p1a: Luxray|Intimidate|boost\n|-unboost|p2a: Electrode|atk|1\n|move|p2a: Electrode|Taunt|p1a: Luxray\n|-start|p1a: Luxray|move: Taunt\n|\n|upkeep\n|turn|2\n|\n|t:|1733882297\n|move|p2a: Electrode|Volt Switch|p1a: Luxray\n|-resisted|p1a: Luxray\n|-damage|p1a: Luxray|254/284\n|-damage|p2a: Electrode|222/246|[from] item: Life Orb\n|\n|t:|1733882303\n|switch|p2a: Registeel|Registeel, L81|262/262|[from] Volt Switch\n|move|p1a: Luxray|Wild Charge|p2a: Registeel\n|-damage|p2a: Registeel|180/262\n|-damage|p1a: Luxray|233/284|[from] Recoil\n|\n|-heal|p2a: Registeel|196/262|[from] item: Leftovers\n|upkeep\n|turn|3\n|\n|t:|1733882307\n|move|p1a: Luxray|Volt Switch|p2a: Registeel\n|-damage|p2a: Registeel|142/262\n|\n|t:|1733882325\n|switch|p1a: Kricketune|Kricketune, L99, M|312/312|[from] Volt Switch\n|move|p2a: Registeel|Stealth Rock|p1a: Kricketune\n|-sidestart|p1: Saaskin|move: Stealth Rock\n|\n|-heal|p2a: Registeel|158/262|[from] item: Leftovers\n|upkeep\n|turn|4\n|\n|t:|1733882329\n|move|p1a: Kricketune|Taunt|p2a: Registeel\n|-start|p2a: Registeel|move: Taunt\n|cant|p2a: Registeel|move: Taunt|Thunder Wave\n|\n|-heal|p2a: Registeel|174/262|[from] item: Leftovers\n|upkeep\n|turn|5\n|\n|t:|1733882333\n|move|p1a: Kricketune|Knock Off|p2a: Registeel\n|-damage|p2a: Registeel|113/262\n|-enditem|p2a: Registeel|Leftovers|[from] move: Knock Off|[of] p1a: Kricketune\n|move|p2a: Registeel|Iron Head|p1a: Kricketune\n|-damage|p1a: Kricketune|224/312\n|\n|upkeep\n|turn|6\n|\n|t:|1733882336\n|move|p1a: Kricketune|Sticky Web|p2a: Registeel\n|-sidestart|p2: eyesack24|move: Sticky Web\n|move|p2a: Registeel|Iron Head|p1a: Kricketune\n|-damage|p1a: Kricketune|142/312\n|\n|-end|p2a: Registeel|move: Taunt\n|upkeep\n|turn|7\n|\n|t:|1733882340\n|move|p1a: Kricketune|Knock Off|p2a: Registeel\n|-damage|p2a: Registeel|71/262\n|move|p2a: Registeel|Iron Head|p1a: Kricketune\n|-damage|p1a: Kricketune|55/312\n|\n|upkeep\n|turn|8\n|\n|t:|1733882342\n|move|p1a: Kricketune|Taunt|p2a: Registeel\n|-start|p2a: Registeel|move: Taunt\n|move|p2a: Registeel|Iron Head|p1a: Kricketune\n|-damage|p1a: Kricketune|0 fnt\n|faint|p1a: Kricketune\n|\n|upkeep\n|\n|t:|1733882348\n|switch|p1a: Granbull|Granbull, L88, M|302/302\n|-damage|p1a: Granbull|265/302|[from] Stealth Rock\n|-ability|p1a: Granbull|Intimidate|boost\n|-fail|p2a: Registeel|unboost|[from] ability: Clear Body|[of] p2a: Registeel\n|turn|9\n|\n|t:|1733882351\n|move|p1a: Granbull|Earthquake|p2a: Registeel\n|-supereffective|p2a: Registeel\n|-damage|p2a: Registeel|0 fnt\n|faint|p2a: Registeel\n|\n|-heal|p1a: Granbull|283/302|[from] item: Leftovers\n|upkeep\n|\n|t:|1733882358\n|switch|p2a: Vigoroth|Vigoroth, L85, M|275/275\n|-activate|p2a: Vigoroth|move: Sticky Web\n|-unboost|p2a: Vigoroth|spe|1\n|turn|10\n|\n|t:|1733882366\n|move|p2a: Vigoroth|Bulk Up|p2a: Vigoroth\n|-boost|p2a: Vigoroth|atk|1\n|-boost|p2a: Vigoroth|def|1\n|move|p1a: Granbull|Thunder Wave|p2a: Vigoroth\n|-status|p2a: Vigoroth|par\n|\n|-heal|p1a: Granbull|301/302|[from] item: Leftovers\n|upkeep\n|turn|11\n|\n|t:|1733882374\n|move|p1a: Granbull|Encore|p2a: Vigoroth\n|-start|p2a: Vigoroth|Encore\n|move|p2a: Vigoroth|Bulk Up|p2a: Vigoroth\n|-boost|p2a: Vigoroth|atk|1\n|-boost|p2a: Vigoroth|def|1\n|\n|-heal|p1a: Granbull|302/302|[from] item: Leftovers\n|upkeep\n|turn|12\n|\n|t:|1733882379\n|move|p1a: Granbull|Play Rough|p2a: Vigoroth\n|-crit|p2a: Vigoroth\n|-damage|p2a: Vigoroth|131/275 par\n|move|p2a: Vigoroth|Bulk Up|p2a: Vigoroth\n|-boost|p2a: Vigoroth|atk|1\n|-boost|p2a: Vigoroth|def|1\n|\n|upkeep\n|turn|13\n|\n|t:|1733882384\n|move|p1a: Granbull|Play Rough|p2a: Vigoroth\n|-damage|p2a: Vigoroth|97/275 par\n|move|p2a: Vigoroth|Bulk Up|p2a: Vigoroth\n|-boost|p2a: Vigoroth|atk|1\n|-boost|p2a: Vigoroth|def|1\n|\n|-end|p2a: Vigoroth|Encore\n|upkeep\n|turn|14\n|\n|t:|1733882389\n|switch|p2a: Electrode|Electrode-Hisui, L87|222/246\n|-activate|p2a: Electrode|move: Sticky Web\n|-unboost|p2a: Electrode|spe|1\n|move|p1a: Granbull|Encore||[still]\n|-fail|p1a: Granbull\n|\n|upkeep\n|turn|15\n|\n|t:|1733882395\n|move|p2a: Electrode|Thunderbolt|p1a: Granbull\n|-damage|p1a: Granbull|162/302\n|-damage|p2a: Electrode|198/246|[from] item: Life Orb\n|move|p1a: Granbull|Play Rough|p2a: Electrode\n|-damage|p2a: Electrode|51/246\n|\n|-heal|p1a: Granbull|180/302|[from] item: Leftovers\n|upkeep\n|turn|16\n|\n|t:|1733882400\n|switch|p1a: Luxray|Luxray, L88, M|233/284\n|-damage|p1a: Luxray|198/284|[from] Stealth Rock\n|-ability|p1a: Luxray|Intimidate|boost\n|-unboost|p2a: Electrode|atk|1\n|move|p2a: Electrode|Leaf Storm|p1a: Luxray\n|-damage|p1a: Luxray|80/284\n|-unboost|p2a: Electrode|spa|2\n|-damage|p2a: Electrode|27/246|[from] item: Life Orb\n|\n|upkeep\n|turn|17\n|\n|t:|1733882411\n|move|p2a: Electrode|Volt Switch|p1a: Luxray\n|-resisted|p1a: Luxray\n|-damage|p1a: Luxray|66/284\n|-damage|p2a: Electrode|3/246|[from] item: Life Orb\n|\n|t:|1733882414\n|switch|p2a: Vigoroth|Vigoroth, L85, M|97/275 par|[from] Volt Switch\n|-activate|p2a: Vigoroth|move: Sticky Web\n|-unboost|p2a: Vigoroth|spe|1\n|move|p1a: Luxray|Throat Chop|p2a: Vigoroth\n|-damage|p2a: Vigoroth|45/275 par\n|-start|p2a: Vigoroth|Throat Chop|[silent]\n|\n|upkeep\n|turn|18\n|\n|t:|1733882421\n|move|p1a: Luxray|Wild Charge|p2a: Vigoroth\n|-damage|p2a: Vigoroth|0 fnt\n|faint|p2a: Vigoroth\n|-damage|p1a: Luxray|55/284|[from] Recoil\n|\n|upkeep\n|\n|t:|1733882431\n|switch|p2a: Urshifu|Urshifu, L74, F|270/270\n|-activate|p2a: Urshifu|move: Sticky Web\n|-unboost|p2a: Urshifu|spe|1\n|turn|19\n|\n|t:|1733882440\n|move|p1a: Luxray|Play Rough|p2a: Urshifu\n|-supereffective|p2a: Urshifu\n|-damage|p2a: Urshifu|0 fnt\n|faint|p2a: Urshifu\n|\n|upkeep\n|\n|t:|1733882446\n|switch|p2a: Polteageist|Polteageist-Antique, L79|224/224\n|-activate|p2a: Polteageist|move: Sticky Web\n|-unboost|p2a: Polteageist|spe|1\n|-enditem|p2a: Polteageist|White Herb\n|-clearnegativeboost|p2a: Polteageist|[silent]\n|turn|20\n|\n|t:|1733882450\n|-terastallize|p2a: Polteageist|Fighting\n|move|p1a: Luxray|Throat Chop|p2a: Polteageist\n|-resisted|p2a: Polteageist\n|-damage|p2a: Polteageist|173/224\n|-start|p2a: Polteageist|Throat Chop|[silent]\n|move|p2a: Polteageist|Shell Smash|p2a: Polteageist\n|-unboost|p2a: Polteageist|def|1\n|-unboost|p2a: Polteageist|spd|1\n|-boost|p2a: Polteageist|atk|2\n|-boost|p2a: Polteageist|spa|2\n|-boost|p2a: Polteageist|spe|2\n|\n|upkeep\n|turn|21\n|\n|t:|1733882456\n|move|p2a: Polteageist|Shadow Ball|p1a: Luxray\n|-damage|p1a: Luxray|0 fnt\n|faint|p1a: Luxray\n|\n|-end|p2a: Polteageist|Throat Chop|[silent]\n|upkeep\n|\n|t:|1733882467\n|switch|p1a: Tropius|Tropius, L91, F|328/328\n|-damage|p1a: Tropius|246/328|[from] Stealth Rock\n|turn|22\n|\n|t:|1733882470\n|move|p2a: Polteageist|Shadow Ball|p1a: Tropius\n|-damage|p1a: Tropius|66/328\n|-unboost|p1a: Tropius|spd|1\n|-enditem|p1a: Tropius|Sitrus Berry|[eat]\n|-heal|p1a: Tropius|148/328|[from] item: Sitrus Berry\n|move|p1a: Tropius|Dual Wingbeat|p2a: Polteageist\n|-supereffective|p2a: Polteageist\n|-damage|p2a: Polteageist|29/224\n|-supereffective|p2a: Polteageist\n|-damage|p2a: Polteageist|0 fnt\n|-start|p1a: Tropius|Disable|Dual Wingbeat|[from] ability: Cursed Body|[of] p2a: Polteageist\n|faint|p2a: Polteageist\n|-hitcount|p2: Polteageist|2\n|\n|upkeep\n|\n|t:|1733882480\n|switch|p2a: Frosmoth|Frosmoth, L82, M|249/249\n|turn|23\n|\n|t:|1733882489\n|switch|p1a: Granbull|Granbull, L88, M|180/302\n|-damage|p1a: Granbull|143/302|[from] Stealth Rock\n|-ability|p1a: Granbull|Intimidate|boost\n|-unboost|p2a: Frosmoth|atk|1\n|move|p2a: Frosmoth|Quiver Dance|p2a: Frosmoth\n|-boost|p2a: Frosmoth|spa|1\n|-boost|p2a: Frosmoth|spd|1\n|-boost|p2a: Frosmoth|spe|1\n|\n|-heal|p1a: Granbull|161/302|[from] item: Leftovers\n|upkeep\n|turn|24\n|\n|t:|1733882495\n|move|p2a: Frosmoth|Ice Beam|p1a: Granbull\n|-damage|p1a: Granbull|0 fnt\n|faint|p1a: Granbull\n|\n|upkeep\n|\n|t:|1733882497\n|switch|p1a: Munkidori|Munkidori, L79, M|269/269\n|-damage|p1a: Munkidori|236/269|[from] Stealth Rock\n|turn|25\n|\n|t:|1733882501\n|move|p1a: Munkidori|Fake Out|p2a: Frosmoth\n|-damage|p2a: Frosmoth|223/249\n|cant|p2a: Frosmoth|flinch\n|\n|upkeep\n|turn|26\n|\n|t:|1733882509\n|move|p2a: Frosmoth|Ice Beam|p1a: Munkidori\n|-damage|p1a: Munkidori|110/269\n|move|p1a: Munkidori|Sludge Wave|p2a: Frosmoth\n|-crit|p2a: Frosmoth\n|-damage|p2a: Frosmoth|143/249\n|\n|upkeep\n|turn|27\n|\n|t:|1733882515\n|move|p2a: Frosmoth|Ice Beam|p1a: Munkidori\n|-damage|p1a: Munkidori|1/269\n|move|p1a: Munkidori|Sludge Wave|p2a: Frosmoth\n|-damage|p2a: Frosmoth|104/249\n|\n|upkeep\n|turn|28\n|\n|t:|1733882518\n|move|p2a: Frosmoth|Giga Drain|p1a: Munkidori\n|-resisted|p1a: Munkidori\n|-crit|p1a: Munkidori\n|-damage|p1a: Munkidori|0 fnt\n|-heal|p2a: Frosmoth|105/249|[from] drain|[of] p1a: Munkidori\n|faint|p1a: Munkidori\n|\n|upkeep\n|\n|t:|1733882523\n|switch|p1a: Bombirdier|Bombirdier, L85, F|258/258\n|-damage|p1a: Bombirdier|194/258|[from] Stealth Rock\n|turn|29\n|\n|t:|1733882532\n|-terastallize|p1a: Bombirdier|Rock\n|move|p2a: Frosmoth|Ice Beam|p1a: Bombirdier\n|-damage|p1a: Bombirdier|32/258\n|move|p1a: Bombirdier|Stone Edge|p2a: Frosmoth\n|-supereffective|p2a: Frosmoth\n|-damage|p2a: Frosmoth|0 fnt\n|faint|p2a: Frosmoth\n|\n|upkeep\n|\n|t:|1733882538\n|switch|p2a: Electrode|Electrode-Hisui, L87|3/246\n|-activate|p2a: Electrode|move: Sticky Web\n|-unboost|p2a: Electrode|spe|1\n|turn|30\n|\n|t:|1733882542\n|move|p2a: Electrode|Thunderbolt|p1a: Bombirdier\n|-damage|p1a: Bombirdier|0 fnt\n|faint|p1a: Bombirdier\n|-damage|p2a: Electrode|0 fnt|[from] item: Life Orb\n|faint|p2a: Electrode\n|\n|win|Saaskin\n|raw|Saaskin's rating: 1924 &rarr; <strong>1946</strong><br />(+22 for winning)\n|raw|eyesack24's rating: 1958 &rarr; <strong>1936</strong><br />(-22 for losing)\n|l|\u2606eyesack24\n|player|p2|\n", "inputlog": ">version bfd83cad13791eb5a5a409923076391caf6fb4d4\n>start {\"formatid\":\"gen9randombattle\",\"seed\":[35367,18387,57664,57453],\"rated\":\"Rated battle\"}\n>player p1 {\"name\":\"Saaskin\",\"avatar\":\"170\",\"rating\":1924,\"seed\":[47225,38039,54747,35819]}\n>player p2 {\"name\":\"eyesack24\",\"avatar\":\"169\",\"rating\":1958,\"seed\":[1936,4094,63892,46318]}\n>p1 switch 5\n>p2 move taunt\n>p1 move wildcharge\n>p2 move voltswitch\n>p2 switch 3\n>p1 move voltswitch\n>p2 move stealthrock\n>p1 switch 4\n>p1 move taunt\n>p2 move thunderwave\n>p1 move knockoff\n>p2 move ironhead\n>p1 move stickyweb\n>p2 move ironhead\n>p1 move knockoff\n>p2 move ironhead\n>p1 move taunt\n>p2 move ironhead\n>p1 switch 3\n>p1 move earthquake\n>p2 move ironhead\n>p2 switch 6\n>p1 move thunderwave\n>p2 move bulkup\n>p1 move encore\n>p2 move bulkup\n>p1 move playrough\n>p2 move bulkup\n>p1 move playrough\n>p2 move bulkup\n>p1 move encore\n>p2 switch 3\n>p1 move playrough\n>p2 move thunderbolt\n>p1 switch 4\n>p2 move leafstorm\n>p1 move throatchop\n>p2 move voltswitch\n>p2 switch 3\n>p1 move wildcharge\n>p2 move slackoff\n>p2 switch 4\n>p1 move playrough\n>p2 move uturn\n>p2 switch 2\n>p1 move throatchop\n>p2 move shellsmash terastallize\n>p1 move voltswitch\n>p2 move shadowball\n>p1 switch 5\n>p1 move dualwingbeat\n>p2 move shadowball\n>p2 switch 5\n>p1 switch 4\n>p2 move quiverdance\n>p1 move thunderwave\n>p2 move icebeam\n>p1 switch 6\n>p1 move fakeout\n>p2 move icebeam\n>p1 move sludgewave\n>p2 move icebeam\n>p1 move sludgewave\n>p2 move icebeam\n>p1 move sludgewave\n>p2 move gigadrain\n>p1 switch 2\n>p1 move stoneedge terastallize\n>p2 move icebeam\n>p2 switch 3\n>p1 move stoneedge\n>p2 move thunderbolt", "uploadtime": 1733882545, "views": 2, "formatid": "gen9randombattle", "rating": 1936, "private": 0, "password": null}