{"id": "gen9randombattle-2260837854", "format": "[Gen 9] Random Battle", "players": ["RoboWahbit", "giyygig"], "log": "|j|\u2606RoboWahbit\n|j|\u2606giyygig\n|t:|1733901493\n|gametype|singles\n|player|p1|RoboWahbit|101|1228\n|player|p2|giyygig|101|1264\n|teamsize|p1|6\n|teamsize|p2|6\n|gen|9\n|tier|[Gen 9] Random Battle\n|rated|\n|rule|Species Clause: Limit one of each Pok\u00e9mon\n|rule|HP Percentage Mod: HP is shown in percentages\n|rule|Sleep Clause Mod: Limit one foe put to sleep\n|rule|Illusion Level Mod: Illusion disguises the Pok\u00e9mon's true level\n|\n|t:|1733901493\n|start\n|switch|p1a: Reshiram|Reshiram, L76|277/277\n|switch|p2a: Vaporeon|Vaporeon, L86, F|364/364\n|-ability|p1a: Reshiram|Turboblaze\n|turn|1\n|c|\u2606RoboWahbit|hf\n|inactive|Battle timer is ON: inactive players will automatically lose when time's up. (requested by RoboWahbit)\n|\n|t:|1733901511\n|switch|p1a: Frosmoth|Frosmoth, L82, F|249/249\n|move|p2a: Vaporeon|Scald|p1a: Frosmoth\n|-damage|p1a: Frosmoth|200/249\n|\n|upkeep\n|turn|2\n|\n|t:|1733901525\n|switch|p2a: Gumshoos|Gumshoos, L95, M|321/321\n|move|p1a: Frosmoth|Quiver Dance|p1a: Frosmoth\n|-boost|p1a: Frosmoth|spa|1\n|-boost|p1a: Frosmoth|spd|1\n|-boost|p1a: Frosmoth|spe|1\n|\n|upkeep\n|turn|3\n|\n|t:|1733901529\n|move|p1a: Frosmoth|Bug Buzz|p2a: Gumshoos\n|-damage|p2a: Gumshoos|126/321\n|move|p2a: Gumshoos|Double-Edge|p1a: Frosmoth\n|-damage|p1a: Frosmoth|0 fnt\n|faint|p1a: Frosmoth\n|-damage|p2a: Gumshoos|60/321|[from] Recoil\n|\n|upkeep\n|\n|t:|1733901530\n|switch|p1a: Drednaw|Drednaw, L81, F|278/278\n|turn|4\n|\n|t:|1733901551\n|switch|p2a: Vaporeon|Vaporeon, L86, F|364/364\n|move|p1a: Drednaw|Shell Smash|p1a: Drednaw\n|-unboost|p1a: Drednaw|def|1\n|-unboost|p1a: Drednaw|spd|1\n|-boost|p1a: Drednaw|atk|2\n|-boost|p1a: Drednaw|spa|2\n|-boost|p1a: Drednaw|spe|2\n|-enditem|p1a: Drednaw|White Herb\n|-clearnegativeboost|p1a: Drednaw|[silent]\n|\n|upkeep\n|turn|5\n|\n|t:|1733901559\n|move|p1a: Drednaw|Crunch|p2a: Vaporeon\n|-damage|p2a: Vaporeon|115/364\n|move|p2a: Vaporeon|Scald|p1a: Drednaw\n|-damage|p1a: Drednaw|148/278\n|-status|p1a: Drednaw|brn\n|\n|-heal|p2a: Vaporeon|137/364|[from] item: Leftovers\n|-damage|p1a: Drednaw|131/278 brn|[from] brn\n|upkeep\n|turn|6\n|\n|t:|1733901568\n|move|p2a: Vaporeon|Protect|p2a: Vaporeon\n|-singleturn|p2a: Vaporeon|Protect\n|move|p1a: Drednaw|Stone Edge|p2a: Vaporeon\n|-activate|p2a: Vaporeon|move: Protect\n|\n|-heal|p2a: Vaporeon|159/364|[from] item: Leftovers\n|-damage|p1a: Drednaw|114/278 brn|[from] brn\n|upkeep\n|turn|7\n|\n|t:|1733901573\n|move|p1a: Drednaw|Crunch|p2a: Vaporeon\n|-damage|p2a: Vaporeon|41/364\n|move|p2a: Vaporeon|Wish|p2a: Vaporeon\n|\n|-heal|p2a: Vaporeon|63/364|[from] item: Leftovers\n|-damage|p1a: Drednaw|97/278 brn|[from] brn\n|upkeep\n|turn|8\n|\n|t:|1733901580\n|move|p2a: Vaporeon|Protect|p2a: Vaporeon\n|-singleturn|p2a: Vaporeon|Protect\n|move|p1a: Drednaw|Crunch|p2a: Vaporeon\n|-activate|p2a: Vaporeon|move: Protect\n|\n|-heal|p2a: Vaporeon|245/364|[from] move: Wish|[wisher] Vaporeon\n|-heal|p2a: Vaporeon|267/364|[from] item: Leftovers\n|-damage|p1a: Drednaw|80/278 brn|[from] brn\n|upkeep\n|turn|9\n|\n|t:|1733901587\n|move|p1a: Drednaw|Crunch|p2a: Vaporeon\n|-damage|p2a: Vaporeon|160/364\n|-unboost|p2a: Vaporeon|def|1\n|move|p2a: Vaporeon|Wish|p2a: Vaporeon\n|\n|-heal|p2a: Vaporeon|182/364|[from] item: Leftovers\n|-damage|p1a: Drednaw|63/278 brn|[from] brn\n|upkeep\n|turn|10\n|\n|t:|1733901596\n|move|p2a: Vaporeon|Protect|p2a: Vaporeon\n|-singleturn|p2a: Vaporeon|Protect\n|move|p1a: Drednaw|Stone Edge|p2a: Vaporeon\n|-activate|p2a: Vaporeon|move: Protect\n|\n|-heal|p2a: Vaporeon|364/364|[from] move: Wish|[wisher] Vaporeon\n|-damage|p1a: Drednaw|46/278 brn|[from] brn\n|upkeep\n|turn|11\n|\n|t:|1733901612\n|switch|p2a: Gumshoos|Gumshoos, L95, M|60/321\n|move|p1a: Drednaw|Crunch|p2a: Gumshoos\n|-damage|p2a: Gumshoos|0 fnt\n|faint|p2a: Gumshoos\n|\n|-damage|p1a: Drednaw|29/278 brn|[from] brn\n|upkeep\n|\n|t:|1733901622\n|switch|p2a: Vaporeon|Vaporeon, L86, F|364/364\n|turn|12\n|\n|t:|1733901626\n|move|p2a: Vaporeon|Protect|p2a: Vaporeon\n|-singleturn|p2a: Vaporeon|Protect\n|move|p1a: Drednaw|Crunch|p2a: Vaporeon\n|-activate|p2a: Vaporeon|move: Protect\n|\n|-damage|p1a: Drednaw|12/278 brn|[from] brn\n|upkeep\n|turn|13\n|\n|t:|1733901633\n|move|p1a: Drednaw|Crunch|p2a: Vaporeon\n|-damage|p2a: Vaporeon|242/364\n|move|p2a: Vaporeon|Wish|p2a: Vaporeon\n|\n|-heal|p2a: Vaporeon|264/364|[from] item: Leftovers\n|-damage|p1a: Drednaw|0 fnt|[from] brn\n|faint|p1a: Drednaw\n|upkeep\n|\n|t:|1733901633\n|switch|p1a: Medicham|Medicham, L86, F|243/243\n|turn|14\n|\n|t:|1733901644\n|move|p1a: Medicham|Close Combat|p2a: Vaporeon\n|-damage|p2a: Vaporeon|0 fnt\n|-unboost|p1a: Medicham|def|1\n|-unboost|p1a: Medicham|spd|1\n|faint|p2a: Vaporeon\n|\n|upkeep\n|\n|t:|1733901649\n|switch|p2a: Arceus|Arceus-Psychic, L69|280/280\n|turn|15\n|\n|t:|1733901654\n|move|p2a: Arceus|Cosmic Power|p2a: Arceus\n|-boost|p2a: Arceus|def|1\n|-boost|p2a: Arceus|spd|1\n|move|p1a: Medicham|Close Combat|p2a: Arceus\n|-resisted|p2a: Arceus\n|-damage|p2a: Arceus|199/280\n|-unboost|p1a: Medicham|def|1\n|-unboost|p1a: Medicham|spd|1\n|\n|upkeep\n|turn|16\n|\n|t:|1733901660\n|switch|p1a: Dudunsparce|Dudunsparce-Three-Segment, L83, F|343/343\n|move|p2a: Arceus|Cosmic Power|p2a: Arceus\n|-boost|p2a: Arceus|def|1\n|-boost|p2a: Arceus|spd|1\n|\n|upkeep\n|turn|17\n|\n|t:|1733901669\n|move|p2a: Arceus|Body Press|p1a: Dudunsparce\n|-supereffective|p1a: Dudunsparce\n|-damage|p1a: Dudunsparce|127/343\n|move|p1a: Dudunsparce|Calm Mind|p1a: Dudunsparce\n|-boost|p1a: Dudunsparce|spa|1\n|-boost|p1a: Dudunsparce|spd|1\n|\n|-heal|p1a: Dudunsparce|148/343|[from] item: Leftovers\n|upkeep\n|turn|18\n|\n|t:|1733901674\n|switch|p1a: Whimsicott|Whimsicott, L85, M|241/241\n|move|p2a: Arceus|Body Press|p1a: Whimsicott\n|-resisted|p1a: Whimsicott\n|-damage|p1a: Whimsicott|198/241\n|\n|upkeep\n|turn|19\n|\n|t:|1733901681\n|move|p1a: Whimsicott|Stun Spore|p2a: Arceus|[miss]\n|-miss|p1a: Whimsicott|p2a: Arceus\n|move|p2a: Arceus|Stored Power|p1a: Whimsicott\n|-damage|p1a: Whimsicott|83/241\n|\n|upkeep\n|turn|20\n|\n|t:|1733901688\n|move|p1a: Whimsicott|Stun Spore|p2a: Arceus|[miss]\n|-miss|p1a: Whimsicott|p2a: Arceus\n|move|p2a: Arceus|Stored Power|p1a: Whimsicott\n|-damage|p1a: Whimsicott|0 fnt\n|faint|p1a: Whimsicott\n|\n|upkeep\n|\n|t:|1733901688\n|switch|p1a: Reshiram|Reshiram, L76|277/277\n|-ability|p1a: Reshiram|Turboblaze\n|turn|21\n|\n|t:|1733901694\n|move|p2a: Arceus|Stored Power|p1a: Reshiram\n|-damage|p1a: Reshiram|195/277\n|move|p1a: Reshiram|Blue Flare|p2a: Arceus\n|-damage|p2a: Arceus|124/280\n|\n|upkeep\n|turn|22\n|\n|t:|1733901700\n|move|p2a: Arceus|Recover|p2a: Arceus\n|-heal|p2a: Arceus|264/280\n|move|p1a: Reshiram|Blue Flare|p2a: Arceus\n|-damage|p2a: Arceus|191/280\n|\n|upkeep\n|turn|23\n|\n|t:|1733901704\n|move|p2a: Arceus|Cosmic Power|p2a: Arceus\n|-boost|p2a: Arceus|def|1\n|-boost|p2a: Arceus|spd|1\n|move|p1a: Reshiram|Blue Flare|p2a: Arceus\n|-damage|p2a: Arceus|128/280\n|-status|p2a: Arceus|brn\n|\n|-damage|p2a: Arceus|111/280 brn|[from] brn\n|upkeep\n|turn|24\n|\n|t:|1733901711\n|move|p2a: Arceus|Cosmic Power|p2a: Arceus\n|-boost|p2a: Arceus|def|1\n|-boost|p2a: Arceus|spd|1\n|move|p1a: Reshiram|Blue Flare|p2a: Arceus\n|-damage|p2a: Arceus|57/280 brn\n|\n|-damage|p2a: Arceus|40/280 brn|[from] brn\n|upkeep\n|turn|25\n|\n|t:|1733901716\n|move|p2a: Arceus|Recover|p2a: Arceus\n|-heal|p2a: Arceus|180/280 brn\n|move|p1a: Reshiram|Blue Flare|p2a: Arceus\n|-damage|p2a: Arceus|126/280 brn\n|\n|-damage|p2a: Arceus|109/280 brn|[from] brn\n|upkeep\n|turn|26\n|\n|t:|1733901720\n|switch|p1a: Dudunsparce|Dudunsparce-Three-Segment, L83, F|148/343\n|move|p2a: Arceus|Recover|p2a: Arceus\n|-heal|p2a: Arceus|249/280 brn\n|\n|-heal|p1a: Dudunsparce|169/343|[from] item: Leftovers\n|-damage|p2a: Arceus|232/280 brn|[from] brn\n|upkeep\n|turn|27\n|\n|t:|1733901725\n|move|p2a: Arceus|Stored Power|p1a: Dudunsparce\n|-damage|p1a: Dudunsparce|0 fnt\n|faint|p1a: Dudunsparce\n|\n|-damage|p2a: Arceus|215/280 brn|[from] brn\n|upkeep\n|\n|t:|1733901725\n|switch|p1a: Reshiram|Reshiram, L76|195/277\n|-ability|p1a: Reshiram|Turboblaze\n|turn|28\n|\n|t:|1733901733\n|move|p2a: Arceus|Stored Power|p1a: Reshiram\n|-crit|p1a: Reshiram\n|-damage|p1a: Reshiram|0 fnt\n|faint|p1a: Reshiram\n|\n|-damage|p2a: Arceus|198/280 brn|[from] brn\n|upkeep\n|\n|t:|1733901733\n|switch|p1a: Medicham|Medicham, L86, F|243/243\n|turn|29\n|\n|t:|1733901736\n|-terastallize|p1a: Medicham|Fighting\n|move|p1a: Medicham|Bullet Punch|p2a: Arceus\n|-damage|p2a: Arceus|177/280 brn\n|move|p2a: Arceus|Stored Power|p1a: Medicham\n|-supereffective|p1a: Medicham\n|-damage|p1a: Medicham|0 fnt\n|faint|p1a: Medicham\n|\n|win|giyygig\n|raw|RoboWahbit's rating: 1228 &rarr; <strong>1206</strong><br />(-22 for losing)\n|raw|giyygig's rating: 1264 &rarr; <strong>1286</strong><br />(+22 for winning)\n|c|\u2606RoboWahbit|gg\n", "inputlog": ">version bfd83cad13791eb5a5a409923076391caf6fb4d4\n>start {\"formatid\":\"gen9randombattle\",\"seed\":[26772,30282,44502,63134],\"rated\":\"Rated battle\"}\n>player p1 {\"name\":\"RoboWahbit\",\"avatar\":\"101\",\"rating\":1228,\"seed\":[63486,27593,43212,22272]}\n>player p2 {\"name\":\"giyygig\",\"avatar\":\"101\",\"rating\":1264,\"seed\":[54644,14347,2659,36631]}\n>chat \u2606RoboWahbit|hf\n>p1 switch 2\n>p2 move scald\n>p1 move quiverdance\n>p2 switch 5\n>p1 move bugbuzz\n>p2 move doubleedge\n>p1 switch 5\n>p1 move shellsmash\n>p2 switch 5\n>p1 move crunch\n>p2 move scald\n>p1 move stoneedge\n>p2 move protect\n>p1 move crunch\n>p2 move wish\n>p1 move crunch\n>p2 move protect\n>p1 move crunch\n>p2 move wish\n>p1 move stoneedge\n>p2 move protect\n>p1 move crunch\n>p2 switch 5\n>p2 switch 5\n>p1 move crunch\n>p2 move protect\n>p1 move crunch\n>p2 move wish\n>p1 switch 4\n>p1 move closecombat\n>p2 move scald\n>p2 switch 2\n>p1 move closecombat\n>p2 move cosmicpower\n>p1 switch 6\n>p2 move cosmicpower\n>p1 move calmmind\n>p2 move bodypress\n>p1 switch 3\n>p2 move bodypress\n>p1 move stunspore\n>p2 move storedpower\n>p1 move stunspore\n>p2 move storedpower\n>p1 switch 2\n>p1 move blueflare\n>p2 move storedpower\n>p1 move blueflare\n>p2 move recover\n>p1 move blueflare\n>p2 move cosmicpower\n>p1 move blueflare\n>p2 move cosmicpower\n>p1 move blueflare\n>p2 move recover\n>p1 switch 3\n>p2 move recover\n>p1 move roost\n>p2 move storedpower\n>p1 switch 3\n>p1 move blueflare\n>p2 move storedpower\n>p1 switch 6\n>p1 move bulletpunch terastallize\n>p2 move storedpower", "uploadtime": 1733901737, "views": 2, "formatid": "gen9randombattle", "rating": 1206, "private": 0, "password": null}