{"id": "gen9randombattle-2260685987", "format": "[Gen 9] Random Battle", "players": ["pro_simulator_", "Guest 2063490"], "log": "|j|\u2606pro_simulator_\n|j|\u203dGuest 2063490\n|t:|1733878321\n|gametype|singles\n|player|p1|pro_simulator_|koga|1094\n|player|p2|Guest 2063490|hoopster|1142\n|teamsize|p1|6\n|teamsize|p2|6\n|gen|9\n|tier|[Gen 9] Random Battle\n|rated|\n|rule|Species Clause: Limit one of each Pok\u00e9mon\n|rule|HP Percentage Mod: HP is shown in percentages\n|rule|Sleep Clause Mod: Limit one foe put to sleep\n|rule|Illusion Level Mod: Illusion disguises the Pok\u00e9mon's true level\n|\n|t:|1733878321\n|start\n|switch|p1a: Weezing|Weezing-Galar, L86, F|252/252\n|switch|p2a: Palkia|Palkia, L75|259/259\n|-ability|p2a: Palkia|Pressure\n|turn|1\n|inactive|Battle timer is ON: inactive players will automatically lose when time's up. (requested by pro_simulator_)\n|\n|t:|1733878344\n|switch|p2a: Eelektross|Eelektross, L87, M|290/290\n|move|p1a: Weezing|Will-O-Wisp|p2a: Eelektross\n|-status|p2a: Eelektross|brn\n|\n|-damage|p2a: Eelektross|272/290 brn|[from] brn\n|upkeep\n|turn|2\n|\n|t:|1733878359\n|switch|p1a: Leafeon|Leafeon, L88, F|258/258\n|move|p2a: Eelektross|Discharge|p1a: Leafeon\n|-resisted|p1a: Leafeon\n|-damage|p1a: Leafeon|204/258\n|\n|-heal|p1a: Leafeon|220/258|[from] item: Leftovers\n|-damage|p2a: Eelektross|254/290 brn|[from] brn\n|upkeep\n|turn|3\n|\n|t:|1733878368\n|switch|p2a: Tropius|Tropius, L91, M|328/328\n|move|p1a: Leafeon|Knock Off|p2a: Tropius\n|-damage|p2a: Tropius|248/328\n|-enditem|p2a: Tropius|Sitrus Berry|[from] move: Knock Off|[of] p1a: Leafeon\n|\n|-heal|p1a: Leafeon|236/258|[from] item: Leftovers\n|upkeep\n|turn|4\n|inactive|Guest 2063490 has 120 seconds left.\n|\n|t:|1733878400\n|switch|p1a: Weezing|Weezing-Galar, L86, F|252/252\n|move|p2a: Tropius|Dragon Dance|p2a: Tropius\n|-boost|p2a: Tropius|atk|1\n|-boost|p2a: Tropius|spe|1\n|\n|upkeep\n|turn|5\n|\n|t:|1733878407\n|move|p2a: Tropius|Dual Wingbeat|p1a: Weezing\n|-damage|p1a: Weezing|203/252\n|-damage|p1a: Weezing|155/252\n|-hitcount|p1a: Weezing|2\n|move|p1a: Weezing|Gunk Shot|p2a: Tropius|[miss]\n|-miss|p1a: Weezing|p2a: Tropius\n|\n|-heal|p1a: Weezing|170/252|[from] item: Leftovers\n|upkeep\n|turn|6\n|\n|t:|1733878416\n|move|p2a: Tropius|Dual Wingbeat|p1a: Weezing\n|-damage|p1a: Weezing|128/252\n|-crit|p1a: Weezing\n|-damage|p1a: Weezing|64/252\n|-hitcount|p1a: Weezing|2\n|move|p1a: Weezing|Gunk Shot|p2a: Tropius|[miss]\n|-miss|p1a: Weezing|p2a: Tropius\n|\n|-heal|p1a: Weezing|79/252|[from] item: Leftovers\n|upkeep\n|turn|7\n|\n|t:|1733878429\n|move|p2a: Tropius|Dual Wingbeat|p1a: Weezing\n|-damage|p1a: Weezing|36/252\n|-damage|p1a: Weezing|0 fnt\n|faint|p1a: Weezing\n|-hitcount|p1: Weezing|2\n|\n|upkeep\n|\n|t:|1733878435\n|switch|p1a: Froslass|Froslass, L87, F|263/263\n|turn|8\n|\n|t:|1733878455\n|switch|p2a: Eelektross|Eelektross, L87, M|254/290 brn\n|move|p1a: Froslass|Triple Axel|p2a: Eelektross\n|-damage|p2a: Eelektross|232/290 brn\n|-damage|p2a: Eelektross|189/290 brn\n|-damage|p2a: Eelektross|122/290 brn\n|-hitcount|p2a: Eelektross|3\n|\n|-damage|p2a: Eelektross|104/290 brn|[from] brn\n|upkeep\n|turn|9\n|inactive|Guest 2063490 has 120 seconds left.\n|\n|t:|1733878500\n|move|p1a: Froslass|Triple Axel|p2a: Eelektross\n|-damage|p2a: Eelektross|85/290 brn\n|-damage|p2a: Eelektross|42/290 brn\n|-damage|p2a: Eelektross|0 fnt\n|faint|p2a: Eelektross\n|-hitcount|p2: Eelektross|3\n|\n|upkeep\n|\n|t:|1733878505\n|switch|p2a: Morpeko|Morpeko, L88, F|245/245\n|turn|10\n|\n|t:|1733878516\n|switch|p1a: Leafeon|Leafeon, L88, F|236/258\n|move|p2a: Morpeko|Knock Off|p1a: Leafeon\n|-crit|p1a: Leafeon\n|-damage|p1a: Leafeon|118/258\n|-enditem|p1a: Leafeon|Leftovers|[from] move: Knock Off|[of] p2a: Morpeko\n|\n|-formechange|p2a: Morpeko|Morpeko-Hangry||[from] ability: Hunger Switch\n|upkeep\n|turn|11\n|\n|t:|1733878526\n|switch|p2a: Tropius|Tropius, L91, M|248/328\n|move|p1a: Leafeon|Leaf Blade|p2a: Tropius\n|-resisted|p2a: Tropius\n|-damage|p2a: Tropius|218/328\n|\n|upkeep\n|turn|12\n|\n|t:|1733878537\n|switch|p1a: Froslass|Froslass, L87, F|263/263\n|move|p2a: Tropius|Dual Wingbeat|p1a: Froslass\n|-damage|p1a: Froslass|217/263\n|-damage|p1a: Froslass|174/263\n|-hitcount|p1a: Froslass|2\n|\n|upkeep\n|turn|13\n|inactive|Guest 2063490 has 120 seconds left.\n|\n|t:|1733878547\n|switch|p2a: Morpeko|Morpeko, L88, F|245/245\n|move|p1a: Froslass|Triple Axel|p2a: Morpeko\n|-damage|p2a: Morpeko|218/245\n|-crit|p2a: Morpeko\n|-damage|p2a: Morpeko|143/245\n|-damage|p2a: Morpeko|64/245\n|-hitcount|p2a: Morpeko|3\n|\n|-heal|p2a: Morpeko|79/245|[from] item: Leftovers\n|-formechange|p2a: Morpeko|Morpeko-Hangry||[from] ability: Hunger Switch\n|upkeep\n|turn|14\n|inactive|Guest 2063490 has 120 seconds left.\n|\n|t:|1733878559\n|move|p1a: Froslass|Triple Axel|p2a: Morpeko\n|-damage|p2a: Morpeko|51/245\n|-damage|p2a: Morpeko|0 fnt\n|faint|p2a: Morpeko\n|-hitcount|p2: Morpeko|2\n|\n|upkeep\n|inactive|Guest 2063490 has 120 seconds left.\n|\n|t:|1733878568\n|switch|p2a: Sudowoodo|Sudowoodo, L94, M|284/284\n|turn|15\n|\n|t:|1733878575\n|switch|p1a: Leafeon|Leafeon, L88, F|118/258\n|move|p2a: Sudowoodo|Head Smash|p1a: Leafeon\n|-damage|p1a: Leafeon|0 fnt\n|faint|p1a: Leafeon\n|\n|upkeep\n|\n|t:|1733878583\n|switch|p1a: Iron Leaves|Iron Leaves, L80|275/275\n|turn|16\n|\n|t:|1733878595\n|switch|p2a: Tropius|Tropius, L91, M|218/328\n|move|p1a: Iron Leaves|Psyblade|p2a: Tropius\n|-damage|p2a: Tropius|68/328\n|\n|upkeep\n|turn|17\n|\n|t:|1733878601\n|move|p1a: Iron Leaves|Psyblade|p2a: Tropius\n|-damage|p2a: Tropius|0 fnt\n|faint|p2a: Tropius\n|\n|upkeep\n|\n|t:|1733878603\n|switch|p2a: Sudowoodo|Sudowoodo, L94, M|284/284\n|turn|18\n|\n|t:|1733878610\n|move|p1a: Iron Leaves|Psyblade|p2a: Sudowoodo\n|-damage|p2a: Sudowoodo|172/284\n|move|p2a: Sudowoodo|Head Smash|p1a: Iron Leaves\n|-damage|p1a: Iron Leaves|0 fnt\n|faint|p1a: Iron Leaves\n|-end|p1a: Iron Leaves|Quark Drive|[silent]\n|\n|upkeep\n|\n|t:|1733878616\n|switch|p1a: Keldeo|Keldeo-Resolute, L79|273/273\n|turn|19\n|\n|t:|1733878627\n|switch|p2a: Palkia|Palkia, L75|259/259\n|-ability|p2a: Palkia|Pressure\n|move|p1a: Keldeo|Secret Sword|p2a: Palkia\n|-damage|p2a: Palkia|163/259\n|\n|upkeep\n|turn|20\n|\n|t:|1733878640\n|move|p1a: Keldeo|Secret Sword|p2a: Palkia\n|-damage|p2a: Palkia|58/259\n|move|p2a: Palkia|Draco Meteor|p1a: Keldeo\n|-damage|p1a: Keldeo|36/273\n|-unboost|p2a: Palkia|spa|2\n|\n|-heal|p1a: Keldeo|53/273|[from] item: Leftovers\n|upkeep\n|turn|21\n|\n|t:|1733878650\n|move|p1a: Keldeo|Secret Sword|p2a: Palkia\n|-damage|p2a: Palkia|0 fnt\n|faint|p2a: Palkia\n|\n|-heal|p1a: Keldeo|70/273|[from] item: Leftovers\n|upkeep\n|\n|t:|1733878665\n|switch|p2a: Passimian|Passimian, L83, F|302/302\n|turn|22\n|\n|t:|1733878688\n|move|p1a: Keldeo|Surf|p2a: Passimian\n|-damage|p2a: Passimian|155/302\n|move|p2a: Passimian|Close Combat|p1a: Keldeo\n|-damage|p1a: Keldeo|0 fnt\n|-unboost|p2a: Passimian|def|1\n|-unboost|p2a: Passimian|spd|1\n|faint|p1a: Keldeo\n|\n|upkeep\n|\n|t:|1733878698\n|switch|p1a: Scream Tail|Scream Tail, L84|330/330\n|turn|23\n|\n|t:|1733878705\n|switch|p2a: Sudowoodo|Sudowoodo, L94, M|172/284\n|move|p1a: Scream Tail|Play Rough|p2a: Sudowoodo\n|-damage|p2a: Sudowoodo|121/284\n|\n|upkeep\n|turn|24\n|\n|t:|1733878713\n|move|p1a: Scream Tail|Protect|p1a: Scream Tail\n|-singleturn|p1a: Scream Tail|Protect\n|move|p2a: Sudowoodo|Head Smash|p1a: Scream Tail\n|-activate|p1a: Scream Tail|move: Protect\n|\n|upkeep\n|turn|25\n|\n|t:|1733878720\n|move|p1a: Scream Tail|Play Rough|p2a: Sudowoodo\n|-damage|p2a: Sudowoodo|67/284\n|move|p2a: Sudowoodo|Head Smash|p1a: Scream Tail\n|-damage|p1a: Scream Tail|42/330\n|\n|-heal|p1a: Scream Tail|62/330|[from] item: Leftovers\n|upkeep\n|turn|26\n|\n|t:|1733878728\n|move|p1a: Scream Tail|Protect|p1a: Scream Tail\n|-singleturn|p1a: Scream Tail|Protect\n|move|p2a: Sudowoodo|Head Smash|p1a: Scream Tail\n|-activate|p1a: Scream Tail|move: Protect\n|\n|-heal|p1a: Scream Tail|82/330|[from] item: Leftovers\n|upkeep\n|turn|27\n|\n|t:|1733878734\n|move|p1a: Scream Tail|Play Rough|p2a: Sudowoodo\n|-damage|p2a: Sudowoodo|19/284\n|move|p2a: Sudowoodo|Head Smash|p1a: Scream Tail\n|-damage|p1a: Scream Tail|0 fnt\n|faint|p1a: Scream Tail\n|-end|p1a: Scream Tail|Protosynthesis|[silent]\n|\n|upkeep\n|\n|t:|1733878741\n|switch|p1a: Froslass|Froslass, L87, F|174/263\n|turn|28\n|\n|t:|1733878745\n|switch|p2a: Passimian|Passimian, L83, F|155/302\n|move|p1a: Froslass|Triple Axel|p2a: Passimian\n|-damage|p2a: Passimian|136/302\n|-damage|p2a: Passimian|100/302\n|-damage|p2a: Passimian|42/302\n|-hitcount|p2a: Passimian|3\n|\n|upkeep\n|turn|29\n|\n|t:|1733878753\n|move|p1a: Froslass|Triple Axel|p2a: Passimian\n|-damage|p2a: Passimian|21/302\n|-damage|p2a: Passimian|0 fnt\n|faint|p2a: Passimian\n|-hitcount|p2: Passimian|2\n|\n|upkeep\n|\n|t:|1733878755\n|switch|p2a: Sudowoodo|Sudowoodo, L94, M|19/284\n|turn|30\n|\n|t:|1733878761\n|move|p2a: Sudowoodo|Sucker Punch|p1a: Froslass\n|-supereffective|p1a: Froslass\n|-damage|p1a: Froslass|0 fnt\n|faint|p1a: Froslass\n|\n|win|Guest 2063490\n|raw|pro_simulator_'s rating: 1094 &rarr; <strong>1073</strong><br />(-21 for losing)\n|raw|Guest 2063490's rating: 1142 &rarr; <strong>1164</strong><br />(+22 for winning)\n", "inputlog": ">version bfd83cad13791eb5a5a409923076391caf6fb4d4\n>start {\"formatid\":\"gen9randombattle\",\"seed\":[20459,18890,38867,20625],\"rated\":\"Rated battle\"}\n>player p1 {\"name\":\"pro_simulator_\",\"avatar\":\"koga\",\"rating\":1094,\"seed\":[39869,4030,37276,63270]}\n>player p2 {\"name\":\"Guest 2063490\",\"avatar\":\"hoopster\",\"rating\":1142,\"seed\":[36862,43078,58121,21871]}\n>p1 move willowisp\n>p2 switch 4\n>p1 switch 6\n>p2 move discharge\n>p1 move knockoff\n>p2 switch 6\n>p1 switch 6\n>p2 move dragondance\n>p1 move gunkshot\n>p2 move dualwingbeat\n>p1 move gunkshot\n>p2 move dualwingbeat\n>p1 move gunkshot\n>p2 move dualwingbeat\n>p1 switch 3\n>p1 move tripleaxel\n>p2 switch 6\n>p1 move tripleaxel\n>p2 move discharge\n>p2 switch 5\n>p1 switch 6\n>p2 move knockoff\n>p1 move leafblade\n>p2 switch 6\n>p1 switch 6\n>p2 move dualwingbeat\n>p1 move tripleaxel\n>p2 switch 6\n>p1 move tripleaxel\n>p2 move knockoff\n>p2 switch 2\n>p1 switch 6\n>p2 move headsmash\n>p1 switch 4\n>p1 move psyblade\n>p2 switch 6\n>p1 move psyblade\n>p2 move dualwingbeat\n>p2 switch 6\n>p1 move psyblade\n>p2 move headsmash\n>p1 switch 5\n>p1 move secretsword\n>p2 switch 4\n>p1 move secretsword\n>p2 move dracometeor\n>p1 move secretsword\n>p2 move dracometeor\n>p2 switch 3\n>p1 move surf\n>p2 move closecombat\n>p1 switch 2\n>p1 move playrough\n>p2 switch 4\n>p1 move protect\n>p2 move headsmash\n>p1 move playrough\n>p2 move headsmash\n>p1 move protect\n>p2 move headsmash\n>p1 move playrough\n>p2 move headsmash\n>p1 switch 6\n>p1 move tripleaxel\n>p2 switch 4\n>p1 move tripleaxel\n>p2 move knockoff\n>p2 switch 4\n>p1 move tripleaxel\n>p2 move suckerpunch", "uploadtime": 1733878767, "views": 1, "formatid": "gen9randombattle", "rating": 1073, "private": 0, "password": null}