{"id": "gen9randombattle-2260879807", "format": "[Gen 9] Random Battle", "players": ["Hdcubdbjcddx", "sxcewfd"], "log": "|j|\u2606Hdcubdbjcddx\n|j|\u2606sxcewfd\n|t:|1733909707\n|gametype|singles\n|player|p1|Hdcubdbjcddx|170|1130\n|player|p2|sxcewfd|265|1082\n|teamsize|p1|6\n|teamsize|p2|6\n|gen|9\n|tier|[Gen 9] Random Battle\n|rated|\n|rule|Species Clause: Limit one of each Pok\u00e9mon\n|rule|HP Percentage Mod: HP is shown in percentages\n|rule|Sleep Clause Mod: Limit one foe put to sleep\n|rule|Illusion Level Mod: Illusion disguises the Pok\u00e9mon's true level\n|\n|t:|1733909707\n|start\n|switch|p1a: Rhyperior|Rhyperior, L82, F|323/323\n|switch|p2a: Gengar|Gengar, L81, F|230/230\n|turn|1\n|\n|t:|1733909731\n|move|p2a: Gengar|Focus Blast|p1a: Rhyperior\n|-supereffective|p1a: Rhyperior\n|-damage|p1a: Rhyperior|130/323\n|-damage|p2a: Gengar|207/230|[from] item: Life Orb\n|move|p1a: Rhyperior|Earthquake|p2a: Gengar\n|-supereffective|p2a: Gengar\n|-damage|p2a: Gengar|0 fnt\n|faint|p2a: Gengar\n|\n|upkeep\n|\n|t:|1733909740\n|switch|p2a: Swampert|Swampert, L83, F|302/302\n|turn|2\n|inactive|Battle timer is ON: inactive players will automatically lose when time's up. (requested by sxcewfd)\n|\n|t:|1733909749\n|move|p2a: Swampert|Ice Beam|p1a: Rhyperior\n|-supereffective|p1a: Rhyperior\n|-damage|p1a: Rhyperior|49/323\n|move|p1a: Rhyperior|Dragon Tail|p2a: Swampert\n|-damage|p2a: Swampert|250/302\n|drag|p2a: Cinccino|Cinccino, L83, M|260/260\n|\n|upkeep\n|turn|3\n|\n|t:|1733909758\n|move|p2a: Cinccino|Bullet Seed|p1a: Rhyperior\n|-supereffective|p1a: Rhyperior\n|-damage|p1a: Rhyperior|0 fnt\n|faint|p1a: Rhyperior\n|-hitcount|p1: Rhyperior|1\n|\n|upkeep\n|\n|t:|1733909769\n|switch|p1a: Scovillain|Scovillain, L91, M|266/266\n|turn|4\n|\n|t:|1733909789\n|move|p2a: Cinccino|Tidy Up|p2a: Cinccino\n|-boost|p2a: Cinccino|atk|1\n|-boost|p2a: Cinccino|spe|1\n|move|p1a: Scovillain|Flamethrower|p2a: Cinccino\n|-damage|p2a: Cinccino|100/260\n|\n|upkeep\n|turn|5\n|\n|t:|1733909800\n|-terastallize|p2a: Cinccino|Normal\n|move|p2a: Cinccino|Tail Slap|p1a: Scovillain\n|-damage|p1a: Scovillain|174/266\n|-damage|p1a: Scovillain|78/266\n|-damage|p1a: Scovillain|0 fnt\n|faint|p1a: Scovillain\n|-hitcount|p1: Scovillain|3\n|\n|upkeep\n|\n|t:|1733909806\n|switch|p1a: Cinderace|Cinderace, L77, F|249/249\n|turn|6\n|\n|t:|1733909821\n|move|p1a: Cinderace|Sucker Punch|p2a: Cinccino\n|-start|p1a: Cinderace|typechange|Dark|[from] ability: Libero\n|-damage|p2a: Cinccino|7/260\n|move|p2a: Cinccino|Tail Slap|p1a: Cinderace\n|-damage|p1a: Cinderace|147/249\n|-crit|p1a: Cinderace\n|-damage|p1a: Cinderace|9/249\n|-damage|p1a: Cinderace|0 fnt\n|faint|p1a: Cinderace\n|-hitcount|p1: Cinderace|3\n|\n|upkeep\n|\n|t:|1733909825\n|switch|p1a: Metagross|Metagross, L79|256/256\n|turn|7\n|\n|t:|1733909836\n|move|p1a: Metagross|Bullet Punch|p2a: Cinccino\n|-damage|p2a: Cinccino|0 fnt\n|faint|p2a: Cinccino\n|\n|upkeep\n|\n|t:|1733909839\n|switch|p2a: Swampert|Swampert, L83, F|250/302\n|turn|8\n|\n|t:|1733909844\n|switch|p1a: Phione|Phione, L91|293/293\n|move|p2a: Swampert|Earthquake|p1a: Phione\n|-damage|p1a: Phione|172/293\n|\n|-heal|p1a: Phione|190/293|[from] item: Leftovers\n|-heal|p2a: Swampert|268/302|[from] item: Leftovers\n|upkeep\n|turn|9\n|\n|t:|1733909851\n|switch|p2a: Lilligant|Lilligant, L86, F|261/261\n|move|p1a: Phione|Take Heart|p1a: Phione\n|-boost|p1a: Phione|spa|1\n|-boost|p1a: Phione|spd|1\n|\n|-heal|p1a: Phione|208/293|[from] item: Leftovers\n|upkeep\n|turn|10\n|\n|t:|1733909855\n|switch|p1a: Arceus|Arceus-Bug, L73|295/295\n|move|p2a: Lilligant|Quiver Dance|p2a: Lilligant\n|-boost|p2a: Lilligant|spa|1\n|-boost|p2a: Lilligant|spd|1\n|-boost|p2a: Lilligant|spe|1\n|\n|upkeep\n|turn|11\n|\n|t:|1733909861\n|switch|p1a: Metagross|Metagross, L79|256/256\n|move|p2a: Lilligant|Quiver Dance|p2a: Lilligant\n|-boost|p2a: Lilligant|spa|1\n|-boost|p2a: Lilligant|spd|1\n|-boost|p2a: Lilligant|spe|1\n|\n|upkeep\n|turn|12\n|\n|t:|1733909868\n|move|p2a: Lilligant|Quiver Dance|p2a: Lilligant\n|-boost|p2a: Lilligant|spa|1\n|-boost|p2a: Lilligant|spd|1\n|-boost|p2a: Lilligant|spe|1\n|move|p1a: Metagross|Heavy Slam|p2a: Lilligant\n|-damage|p2a: Lilligant|20/261\n|\n|upkeep\n|turn|13\n|\n|t:|1733909870\n|move|p2a: Lilligant|Giga Drain|p1a: Metagross\n|-resisted|p1a: Metagross\n|-damage|p1a: Metagross|101/256\n|-heal|p2a: Lilligant|98/261|[from] drain|[of] p1a: Metagross\n|-damage|p2a: Lilligant|72/261|[from] item: Life Orb\n|move|p1a: Metagross|Heavy Slam|p2a: Lilligant\n|-damage|p2a: Lilligant|0 fnt\n|faint|p2a: Lilligant\n|\n|upkeep\n|\n|t:|1733909875\n|switch|p2a: Swampert|Swampert, L83, F|268/302\n|turn|14\n|\n|t:|1733909878\n|switch|p1a: Phione|Phione, L91|208/293\n|move|p2a: Swampert|Earthquake|p1a: Phione\n|-damage|p1a: Phione|100/293\n|\n|-heal|p1a: Phione|118/293|[from] item: Leftovers\n|-heal|p2a: Swampert|286/302|[from] item: Leftovers\n|upkeep\n|turn|15\n|\n|t:|1733909885\n|move|p1a: Phione|Rest|p1a: Phione\n|-status|p1a: Phione|slp|[from] move: Rest\n|-heal|p1a: Phione|293/293 slp|[silent]\n|move|p2a: Swampert|Earthquake|p1a: Phione\n|-damage|p1a: Phione|178/293 slp\n|\n|-heal|p1a: Phione|196/293 slp|[from] item: Leftovers\n|-heal|p2a: Swampert|302/302|[from] item: Leftovers\n|upkeep\n|turn|16\n|\n|t:|1733909901\n|cant|p1a: Phione|slp\n|move|p1a: Phione|Sleep Talk|p1a: Phione\n|move|p1a: Phione|Rest||[from]move: Sleep Talk|[still]\n|-fail|p1a: Phione\n|move|p2a: Swampert|Earthquake|p1a: Phione\n|-damage|p1a: Phione|88/293 slp\n|\n|-heal|p1a: Phione|106/293 slp|[from] item: Leftovers\n|upkeep\n|turn|17\n|\n|t:|1733909907\n|cant|p1a: Phione|slp\n|move|p1a: Phione|Sleep Talk|p1a: Phione\n|move|p1a: Phione|Rest||[from]move: Sleep Talk|[still]\n|-fail|p1a: Phione\n|move|p2a: Swampert|Earthquake|p1a: Phione\n|-damage|p1a: Phione|0 fnt\n|faint|p1a: Phione\n|\n|upkeep\n|\n|t:|1733909914\n|switch|p1a: Arceus|Arceus-Bug, L73|295/295\n|turn|18\n|\n|t:|1733909945\n|move|p1a: Arceus|Calm Mind|p1a: Arceus\n|-boost|p1a: Arceus|spa|1\n|-boost|p1a: Arceus|spd|1\n|move|p2a: Swampert|Knock Off|p1a: Arceus\n|-damage|p1a: Arceus|248/295\n|\n|upkeep\n|turn|19\n|\n|t:|1733909952\n|move|p1a: Arceus|Judgment|p2a: Swampert\n|-damage|p2a: Swampert|134/302\n|move|p2a: Swampert|Earthquake|p1a: Arceus\n|-resisted|p1a: Arceus\n|-damage|p1a: Arceus|197/295\n|\n|-heal|p2a: Swampert|152/302|[from] item: Leftovers\n|upkeep\n|turn|20\n|\n|t:|1733909963\n|move|p1a: Arceus|Judgment|p2a: Swampert\n|-damage|p2a: Swampert|0 fnt\n|faint|p2a: Swampert\n|\n|upkeep\n|\n|t:|1733909969\n|switch|p2a: Mimikyu|Mimikyu, L79, F|216/216\n|turn|21\n|\n|t:|1733909972\n|move|p1a: Arceus|Judgment|p2a: Mimikyu\n|-activate|p2a: Mimikyu|ability: Disguise\n|-damage|p2a: Mimikyu|216/216\n|detailschange|p2a: Mimikyu|Mimikyu-Busted, L79, F\n|-damage|p2a: Mimikyu|189/216|[from] pokemon: Mimikyu-Busted\n|move|p2a: Mimikyu|Swords Dance|p2a: Mimikyu\n|-boost|p2a: Mimikyu|atk|2\n|\n|upkeep\n|turn|22\n|\n|t:|1733909986\n|-terastallize|p1a: Arceus|Fire\n|move|p1a: Arceus|Fire Blast|p2a: Mimikyu\n|-damage|p2a: Mimikyu|48/216\n|move|p2a: Mimikyu|Play Rough|p1a: Arceus\n|-resisted|p1a: Arceus\n|-damage|p1a: Arceus|103/295\n|-damage|p2a: Mimikyu|27/216|[from] item: Life Orb\n|\n|upkeep\n|turn|23\n|\n|t:|1733909995\n|move|p2a: Mimikyu|Shadow Sneak|p1a: Arceus\n|-damage|p1a: Arceus|16/295\n|-damage|p2a: Mimikyu|6/216|[from] item: Life Orb\n|move|p1a: Arceus|Judgment|p2a: Mimikyu\n|-resisted|p2a: Mimikyu\n|-damage|p2a: Mimikyu|0 fnt\n|faint|p2a: Mimikyu\n|\n|upkeep\n|\n|t:|1733909997\n|switch|p2a: Glaceon|Glaceon, L94, F|275/275\n|turn|24\n|\n|t:|1733910004\n|move|p1a: Arceus|Recover|p1a: Arceus\n|-heal|p1a: Arceus|164/295\n|move|p2a: Glaceon|Freeze-Dry|p1a: Arceus\n|-resisted|p1a: Arceus\n|-damage|p1a: Arceus|130/295\n|\n|upkeep\n|turn|25\n|-message|sxcewfd forfeited.\n|\n|win|Hdcubdbjcddx\n|raw|Hdcubdbjcddx's rating: 1130 &rarr; <strong>1152</strong><br />(+22 for winning)\n|raw|sxcewfd's rating: 1082 &rarr; <strong>1063</strong><br />(-19 for losing)\n|l|\u2606sxcewfd\n|player|p2|\n", "inputlog": ">version bfd83cad13791eb5a5a409923076391caf6fb4d4\n>start {\"formatid\":\"gen9randombattle\",\"seed\":[883,28645,31094,8421],\"rated\":\"Rated battle\"}\n>player p1 {\"name\":\"Hdcubdbjcddx\",\"avatar\":\"170\",\"rating\":1130,\"seed\":[60636,7117,45662,41932]}\n>player p2 {\"name\":\"sxcewfd\",\"avatar\":\"265\",\"rating\":1082,\"seed\":[54326,1261,12178,48744]}\n>p1 move earthquake\n>p2 move focusblast\n>p2 switch 6\n>p1 move dragontail\n>p2 move icebeam\n>p1 move stoneedge\n>p2 move bulletseed\n>p1 switch 5\n>p1 move flamethrower\n>p2 move tidyup\n>p1 move flamethrower\n>p2 move tailslap terastallize\n>p1 switch 3\n>p1 move suckerpunch\n>p2 move tailslap\n>p1 switch 4\n>p1 move bulletpunch\n>p2 move tailslap\n>p2 switch 3\n>p1 switch 6\n>p2 move earthquake\n>p1 move takeheart\n>p2 switch 2\n>p1 switch 2\n>p2 move quiverdance\n>p1 switch 6\n>p2 move quiverdance\n>p1 move heavyslam\n>p2 move quiverdance\n>p1 move heavyslam\n>p2 move gigadrain\n>p2 switch 2\n>p1 switch 2\n>p2 move earthquake\n>p1 move rest\n>p2 move earthquake\n>p1 move sleeptalk\n>p2 move earthquake\n>p1 move sleeptalk\n>p2 move earthquake\n>p1 switch 6\n>p1 move calmmind\n>p2 move knockoff\n>p1 move judgment\n>p2 move earthquake\n>p1 move judgment\n>p2 move roar\n>p2 switch 5\n>p1 move judgment\n>p2 move swordsdance\n>p1 move fireblast terastallize\n>p2 move playrough\n>p1 move judgment\n>p2 move shadowsneak\n>p2 switch 4\n>p1 move recover\n>p2 move freezedry\n>forcelose p2", "uploadtime": 1733910010, "views": 1, "formatid": "gen9randombattle", "rating": 1063, "private": 0, "password": null}