{"id": "gen9randombattle-2082662748", "format": "[Gen 9] Random Battle", "players": ["pokeblade\u2606101", "dapandanerd"], "log": "|j|\u2606pokeblade\u2606101\n|j|\u2606dapandanerd\n|t:|1710642618\n|gametype|singles\n|player|p1|pokeblade\u2606101|#rbtt7teamchiyu|2336\n|player|p2|dapandanerd|169|2245\n|teamsize|p1|6\n|teamsize|p2|6\n|gen|9\n|tier|[Gen 9] Random Battle\n|rated|\n|rule|Species Clause: Limit one of each Pok\u00e9mon\n|rule|HP Percentage Mod: HP is shown in percentages\n|rule|Sleep Clause Mod: Limit one foe put to sleep\n|rule|Illusion Level Mod: Illusion disguises the Pok\u00e9mon's true level\n|\n|t:|1710642618\n|start\n|switch|p1a: Chandelure|Chandelure, L83, M|235/235\n|switch|p2a: Arcanine|Arcanine-Hisui, L82, M|290/290\n|turn|1\n|\n|t:|1710642637\n|switch|p1a: Slowbro|Slowbro, L84, M|297/297\n|move|p2a: Arcanine|Head Smash|p1a: Slowbro\n|-damage|p1a: Slowbro|155/297\n|-damage|p2a: Arcanine|242/290|[from] item: Rocky Helmet|[of] p1a: Slowbro\n|\n|upkeep\n|turn|2\n|\n|t:|1710642646\n|switch|p2a: Latios|Latios, L78, M|253/253\n|switch|p1a: Hitmontop|Hitmontop, L88, M|231/231\n|-ability|p1a: Hitmontop|Intimidate|boost\n|-unboost|p2a: Latios|atk|1\n|\n|upkeep\n|turn|3\n|\n|t:|1710642652\n|switch|p1a: Slowbro|Slowbro, L84, M|254/297\n|move|p2a: Latios|Flip Turn|p1a: Slowbro\n|-resisted|p1a: Slowbro\n|-damage|p1a: Slowbro|245/297\n|-damage|p2a: Latios|211/253|[from] item: Rocky Helmet|[of] p1a: Slowbro\n|\n|t:|1710642656\n|switch|p2a: Braviary|Braviary-Hisui, L84, M|322/322|[from] Flip Turn\n|\n|upkeep\n|turn|4\n|\n|t:|1710642660\n|move|p2a: Braviary|Hurricane|p1a: Slowbro\n|-damage|p1a: Slowbro|0 fnt\n|faint|p1a: Slowbro\n|\n|upkeep\n|c|\u2606pokeblade\u2606101|strong as shit\n|\n|t:|1710642675\n|switch|p1a: Chandelure|Chandelure, L83, M|235/235\n|turn|5\n|\n|t:|1710642677\n|switch|p2a: Tyranitar|Tyranitar, L79, F|288/288\n|-weather|Sandstorm|[from] ability: Sand Stream|[of] p2a: Tyranitar\n|move|p1a: Chandelure|Shadow Ball|p2a: Tyranitar\n|-resisted|p2a: Tyranitar\n|-damage|p2a: Tyranitar|250/288\n|\n|-weather|Sandstorm|[upkeep]\n|-damage|p1a: Chandelure|221/235|[from] Sandstorm\n|-heal|p2a: Tyranitar|268/288|[from] item: Leftovers\n|upkeep\n|turn|6\n|\n|t:|1710642685\n|switch|p2a: Latios|Latios, L78, M|211/253\n|move|p1a: Chandelure|Shadow Ball|p2a: Latios\n|-supereffective|p2a: Latios\n|-damage|p2a: Latios|5/253\n|\n|-weather|Sandstorm|[upkeep]\n|-damage|p2a: Latios|0 fnt|[from] Sandstorm\n|-damage|p1a: Chandelure|207/235|[from] Sandstorm\n|faint|p2a: Latios\n|upkeep\n|j|+Aqua\n|\n|t:|1710642688\n|switch|p2a: Tyranitar|Tyranitar, L79, F|268/288\n|turn|7\n|\n|t:|1710642695\n|switch|p1a: Hitmontop|Hitmontop, L88, M|231/231\n|-ability|p1a: Hitmontop|Intimidate|boost\n|-unboost|p2a: Tyranitar|atk|1\n|switch|p2a: Braviary|Braviary-Hisui, L84, M|322/322\n|\n|-weather|Sandstorm|[upkeep]\n|-damage|p1a: Hitmontop|217/231|[from] Sandstorm\n|-damage|p2a: Braviary|302/322|[from] Sandstorm\n|upkeep\n|turn|8\n|\n|t:|1710642704\n|switch|p1a: Chansey|Chansey, L85, F|564/564\n|move|p2a: Braviary|Hurricane|p1a: Chansey|[miss]\n|-miss|p2a: Braviary|p1a: Chansey\n|\n|-weather|Sandstorm|[upkeep]\n|-damage|p2a: Braviary|282/322|[from] Sandstorm\n|-damage|p1a: Chansey|529/564|[from] Sandstorm\n|upkeep\n|turn|9\n|\n|t:|1710642709\n|switch|p2a: Pawmot|Pawmot, L80, F|243/243\n|move|p1a: Chansey|Thunder Wave|p2a: Pawmot\n|-immune|p2a: Pawmot|[from] ability: Volt Absorb\n|\n|-weather|none\n|upkeep\n|turn|10\n|\n|t:|1710642718\n|switch|p1a: Hitmontop|Hitmontop, L88, M|217/231\n|-ability|p1a: Hitmontop|Intimidate|boost\n|-unboost|p2a: Pawmot|atk|1\n|move|p2a: Pawmot|Double Shock|p1a: Hitmontop\n|-damage|p1a: Hitmontop|132/231\n|-start|p2a: Pawmot|typechange|???/Fighting|[from] move: Double Shock\n|\n|upkeep\n|turn|11\n|\n|t:|1710642733\n|move|p2a: Pawmot|Revival Blessing|p2a: Pawmot\n|-enditem|p2a: Pawmot|Leppa Berry|[eat]\n|-activate|p2a: Pawmot|item: Leppa Berry|Revival Blessing|[consumed]\n|\n|t:|1710642735\n|-heal|p2: Latios|126/253|[from] move: Revival Blessing\n|move|p1a: Hitmontop|Close Combat|p2a: Pawmot\n|-damage|p2a: Pawmot|72/243\n|-unboost|p1a: Hitmontop|def|1\n|-unboost|p1a: Hitmontop|spd|1\n|\n|upkeep\n|turn|12\n|\n|t:|1710642746\n|switch|p2a: Braviary|Braviary-Hisui, L84, M|282/322\n|switch|p1a: Chandelure|Chandelure, L83, M|207/235\n|\n|upkeep\n|turn|13\n|\n|t:|1710642757\n|switch|p2a: Tyranitar|Tyranitar, L79, F|268/288\n|-weather|Sandstorm|[from] ability: Sand Stream|[of] p2a: Tyranitar\n|move|p1a: Chandelure|Shadow Ball|p2a: Tyranitar\n|-resisted|p2a: Tyranitar\n|-damage|p2a: Tyranitar|232/288\n|\n|-weather|Sandstorm|[upkeep]\n|-damage|p1a: Chandelure|193/235|[from] Sandstorm\n|-heal|p2a: Tyranitar|250/288|[from] item: Leftovers\n|upkeep\n|turn|14\n|\n|t:|1710642768\n|switch|p1a: Hitmontop|Hitmontop, L88, M|132/231\n|-ability|p1a: Hitmontop|Intimidate|boost\n|-unboost|p2a: Tyranitar|atk|1\n|move|p2a: Tyranitar|Knock Off|p1a: Hitmontop\n|-resisted|p1a: Hitmontop\n|-damage|p1a: Hitmontop|96/231\n|-enditem|p1a: Hitmontop|Assault Vest|[from] move: Knock Off|[of] p2a: Tyranitar\n|\n|-weather|Sandstorm|[upkeep]\n|-damage|p1a: Hitmontop|82/231|[from] Sandstorm\n|-heal|p2a: Tyranitar|268/288|[from] item: Leftovers\n|upkeep\n|turn|15\n|\n|t:|1710642776\n|switch|p2a: Braviary|Braviary-Hisui, L84, M|282/322\n|move|p1a: Hitmontop|Close Combat|p2a: Braviary\n|-resisted|p2a: Braviary\n|-damage|p2a: Braviary|245/322\n|-unboost|p1a: Hitmontop|def|1\n|-unboost|p1a: Hitmontop|spd|1\n|\n|-weather|Sandstorm|[upkeep]\n|-damage|p1a: Hitmontop|68/231|[from] Sandstorm\n|-damage|p2a: Braviary|225/322|[from] Sandstorm\n|upkeep\n|turn|16\n|\n|t:|1710642786\n|switch|p1a: Chansey|Chansey, L85, F|529/564\n|move|p2a: Braviary|Psychic|p1a: Chansey\n|-damage|p1a: Chansey|430/564\n|\n|-weather|Sandstorm|[upkeep]\n|-damage|p2a: Braviary|205/322|[from] Sandstorm\n|-damage|p1a: Chansey|395/564|[from] Sandstorm\n|upkeep\n|turn|17\n|\n|t:|1710642790\n|switch|p2a: Tyranitar|Tyranitar, L79, F|268/288\n|move|p1a: Chansey|Thunder Wave|p2a: Tyranitar|[miss]\n|-miss|p1a: Chansey|p2a: Tyranitar\n|\n|-weather|none\n|-heal|p2a: Tyranitar|286/288|[from] item: Leftovers\n|upkeep\n|turn|18\n|\n|t:|1710642802\n|switch|p1a: Hitmontop|Hitmontop, L88, M|68/231\n|-ability|p1a: Hitmontop|Intimidate|boost\n|-unboost|p2a: Tyranitar|atk|1\n|move|p2a: Tyranitar|Knock Off|p1a: Hitmontop\n|-resisted|p1a: Hitmontop\n|-damage|p1a: Hitmontop|45/231\n|\n|-heal|p2a: Tyranitar|288/288|[from] item: Leftovers\n|upkeep\n|turn|19\n|\n|t:|1710642811\n|switch|p2a: Arcanine|Arcanine-Hisui, L82, M|242/290\n|move|p1a: Hitmontop|Close Combat|p2a: Arcanine\n|-supereffective|p2a: Arcanine\n|-crit|p2a: Arcanine\n|-damage|p2a: Arcanine|0 fnt\n|-unboost|p1a: Hitmontop|def|1\n|-unboost|p1a: Hitmontop|spd|1\n|faint|p2a: Arcanine\n|\n|upkeep\n|\n|t:|1710642817\n|switch|p2a: Braviary|Braviary-Hisui, L84, M|205/322\n|turn|20\n|\n|t:|1710642821\n|switch|p2a: Tyranitar|Tyranitar, L79, F|288/288\n|-weather|Sandstorm|[from] ability: Sand Stream|[of] p2a: Tyranitar\n|move|p1a: Hitmontop|Close Combat|p2a: Tyranitar\n|-supereffective|p2a: Tyranitar\n|-damage|p2a: Tyranitar|0 fnt\n|-unboost|p1a: Hitmontop|def|1\n|-unboost|p1a: Hitmontop|spd|1\n|faint|p2a: Tyranitar\n|\n|-weather|Sandstorm|[upkeep]\n|-damage|p1a: Hitmontop|31/231|[from] Sandstorm\n|upkeep\n|\n|t:|1710642827\n|switch|p2a: Pawmot|Pawmot, L80, F|72/243\n|turn|21\n|\n|t:|1710642838\n|move|p1a: Hitmontop|Sucker Punch|p2a: Pawmot\n|-resisted|p2a: Pawmot\n|-damage|p2a: Pawmot|36/243\n|move|p2a: Pawmot|Close Combat|p1a: Hitmontop\n|-damage|p1a: Hitmontop|0 fnt\n|-unboost|p2a: Pawmot|def|1\n|-unboost|p2a: Pawmot|spd|1\n|faint|p1a: Hitmontop\n|\n|-weather|Sandstorm|[upkeep]\n|-damage|p2a: Pawmot|21/243|[from] Sandstorm\n|upkeep\n|\n|t:|1710642842\n|switch|p1a: Abomasnow|Abomasnow, L85, M|291/291\n|-weather|Snow|[from] ability: Snow Warning|[of] p1a: Abomasnow\n|turn|22\n|\n|t:|1710642854\n|switch|p2a: Latios|Latios, L78, M|126/253\n|move|p1a: Abomasnow|Ice Shard|p2a: Latios\n|-supereffective|p2a: Latios\n|-damage|p2a: Latios|18/253\n|\n|-weather|Snow|[upkeep]\n|upkeep\n|turn|23\n|\n|t:|1710642861\n|move|p1a: Abomasnow|Ice Shard|p2a: Latios\n|-supereffective|p2a: Latios\n|-damage|p2a: Latios|0 fnt\n|faint|p2a: Latios\n|\n|-weather|Snow|[upkeep]\n|upkeep\n|\n|t:|1710642863\n|switch|p2a: Terapagos|Terapagos, L75, F|259/259\n|-activate|p2a: Terapagos|ability: Tera Shift\n|detailschange|p2a: Terapagos|Terapagos-Terastal, L75, F\n|-heal|p2a: Terapagos|266/266|[silent]\n|turn|24\n|\n|t:|1710642883\n|move|p2a: Terapagos|Calm Mind|p2a: Terapagos\n|-boost|p2a: Terapagos|spa|1\n|-boost|p2a: Terapagos|spd|1\n|move|p1a: Abomasnow|Wood Hammer|p2a: Terapagos\n|-activate|p2a: Terapagos|ability: Tera Shell\n|-resisted|p2a: Terapagos\n|-damage|p2a: Terapagos|207/266\n|-damage|p1a: Abomasnow|272/291|[from] Recoil\n|\n|-weather|Snow|[upkeep]\n|-heal|p2a: Terapagos|223/266|[from] item: Leftovers\n|upkeep\n|turn|25\n|\n|t:|1710642892\n|switch|p1a: Chansey|Chansey, L85, F|395/564\n|move|p2a: Terapagos|Calm Mind|p2a: Terapagos\n|-boost|p2a: Terapagos|spa|1\n|-boost|p2a: Terapagos|spd|1\n|\n|-weather|Snow|[upkeep]\n|-heal|p2a: Terapagos|239/266|[from] item: Leftovers\n|upkeep\n|turn|26\n|\n|t:|1710642899\n|move|p2a: Terapagos|Tera Starstorm|p1a: Chansey\n|-damage|p1a: Chansey|262/564\n|move|p1a: Chansey|Seismic Toss|p2a: Terapagos\n|-damage|p2a: Terapagos|154/266\n|\n|-weather|none\n|-heal|p2a: Terapagos|170/266|[from] item: Leftovers\n|upkeep\n|turn|27\n|\n|t:|1710642909\n|move|p2a: Terapagos|Tera Starstorm|p1a: Chansey\n|-damage|p1a: Chansey|127/564\n|move|p1a: Chansey|Soft-Boiled|p1a: Chansey\n|-heal|p1a: Chansey|409/564\n|\n|-heal|p2a: Terapagos|186/266|[from] item: Leftovers\n|upkeep\n|turn|28\n|\n|t:|1710642915\n|move|p2a: Terapagos|Calm Mind|p2a: Terapagos\n|-boost|p2a: Terapagos|spa|1\n|-boost|p2a: Terapagos|spd|1\n|move|p1a: Chansey|Seismic Toss|p2a: Terapagos\n|-damage|p2a: Terapagos|101/266\n|\n|-heal|p2a: Terapagos|117/266|[from] item: Leftovers\n|upkeep\n|turn|29\n|\n|t:|1710642925\n|move|p2a: Terapagos|Tera Starstorm|p1a: Chansey\n|-damage|p1a: Chansey|240/564\n|move|p1a: Chansey|Thunder Wave|p2a: Terapagos|[miss]\n|-miss|p1a: Chansey|p2a: Terapagos\n|\n|-heal|p2a: Terapagos|133/266|[from] item: Leftovers\n|upkeep\n|turn|30\n|\n|t:|1710642931\n|move|p2a: Terapagos|Calm Mind|p2a: Terapagos\n|-boost|p2a: Terapagos|spa|1\n|-boost|p2a: Terapagos|spd|1\n|move|p1a: Chansey|Soft-Boiled|p1a: Chansey\n|-heal|p1a: Chansey|522/564\n|\n|-heal|p2a: Terapagos|149/266|[from] item: Leftovers\n|upkeep\n|turn|31\n|\n|t:|1710642934\n|move|p2a: Terapagos|Tera Starstorm|p1a: Chansey\n|-damage|p1a: Chansey|323/564\n|move|p1a: Chansey|Thunder Wave|p2a: Terapagos|[miss]\n|-miss|p1a: Chansey|p2a: Terapagos\n|\n|-heal|p2a: Terapagos|165/266|[from] item: Leftovers\n|upkeep\n|turn|32\n|\n|t:|1710642940\n|move|p2a: Terapagos|Calm Mind|p2a: Terapagos\n|-boost|p2a: Terapagos|spa|1\n|-boost|p2a: Terapagos|spd|1\n|move|p1a: Chansey|Soft-Boiled|p1a: Chansey\n|-heal|p1a: Chansey|564/564\n|\n|-heal|p2a: Terapagos|181/266|[from] item: Leftovers\n|upkeep\n|turn|33\n|\n|t:|1710642948\n|-terastallize|p2a: Terapagos|Stellar\n|detailschange|p2a: Terapagos|Terapagos-Stellar, L75, F, tera:Stellar\n|-heal|p2a: Terapagos|279/364|[silent]\n|move|p2a: Terapagos|Tera Starstorm|p1a: Chansey\n|-damage|p1a: Chansey|364/564\n|move|p1a: Chansey|Thunder Wave|p2a: Terapagos\n|-status|p2a: Terapagos|par\n|\n|-heal|p2a: Terapagos|301/364 par|[from] item: Leftovers\n|upkeep\n|turn|34\n|\n|t:|1710642957\n|move|p1a: Chansey|Seismic Toss|p2a: Terapagos\n|-damage|p2a: Terapagos|216/364 par\n|move|p2a: Terapagos|Calm Mind|p2a: Terapagos\n|-boost|p2a: Terapagos|spa|1\n|-boost|p2a: Terapagos|spd|1\n|\n|-heal|p2a: Terapagos|238/364 par|[from] item: Leftovers\n|upkeep\n|turn|35\n|c|\u2606pokeblade\u2606101|yeah that makes it weaker lol\n|\n|t:|1710642963\n|move|p1a: Chansey|Seismic Toss|p2a: Terapagos\n|-damage|p2a: Terapagos|153/364 par\n|move|p2a: Terapagos|Tera Starstorm|p1a: Chansey\n|-damage|p1a: Chansey|143/564\n|\n|-heal|p2a: Terapagos|175/364 par|[from] item: Leftovers\n|upkeep\n|turn|36\n|\n|t:|1710642969\n|move|p1a: Chansey|Soft-Boiled|p1a: Chansey\n|-heal|p1a: Chansey|425/564\n|move|p2a: Terapagos|Earth Power|p1a: Chansey\n|-damage|p1a: Chansey|241/564\n|\n|-heal|p2a: Terapagos|197/364 par|[from] item: Leftovers\n|upkeep\n|turn|37\n|\n|t:|1710642975\n|move|p1a: Chansey|Soft-Boiled|p1a: Chansey\n|-heal|p1a: Chansey|523/564\n|cant|p2a: Terapagos|par\n|\n|-heal|p2a: Terapagos|219/364 par|[from] item: Leftovers\n|upkeep\n|turn|38\n|\n|t:|1710642978\n|move|p1a: Chansey|Seismic Toss|p2a: Terapagos\n|-damage|p2a: Terapagos|134/364 par\n|move|p2a: Terapagos|Rock Polish|p2a: Terapagos\n|-boost|p2a: Terapagos|spe|2\n|\n|-heal|p2a: Terapagos|156/364 par|[from] item: Leftovers\n|upkeep\n|turn|39\n|\n|t:|1710642983\n|cant|p2a: Terapagos|par\n|move|p1a: Chansey|Seismic Toss|p2a: Terapagos\n|-damage|p2a: Terapagos|71/364 par\n|\n|-heal|p2a: Terapagos|93/364 par|[from] item: Leftovers\n|upkeep\n|turn|40\n|\n|t:|1710642986\n|move|p2a: Terapagos|Earth Power|p1a: Chansey\n|-damage|p1a: Chansey|336/564\n|move|p1a: Chansey|Seismic Toss|p2a: Terapagos\n|-damage|p2a: Terapagos|8/364 par\n|\n|-heal|p2a: Terapagos|30/364 par|[from] item: Leftovers\n|upkeep\n|turn|41\n|\n|t:|1710642992\n|move|p2a: Terapagos|Tera Starstorm|p1a: Chansey\n|-damage|p1a: Chansey|113/564\n|move|p1a: Chansey|Soft-Boiled|p1a: Chansey\n|-heal|p1a: Chansey|395/564\n|\n|-heal|p2a: Terapagos|52/364 par|[from] item: Leftovers\n|upkeep\n|turn|42\n|\n|t:|1710642997\n|move|p2a: Terapagos|Earth Power|p1a: Chansey\n|-damage|p1a: Chansey|216/564\n|move|p1a: Chansey|Soft-Boiled|p1a: Chansey\n|-heal|p1a: Chansey|498/564\n|\n|-heal|p2a: Terapagos|74/364 par|[from] item: Leftovers\n|upkeep\n|turn|43\n|\n|t:|1710643002\n|move|p2a: Terapagos|Tera Starstorm|p1a: Chansey\n|-damage|p1a: Chansey|248/564\n|move|p1a: Chansey|Seismic Toss|p2a: Terapagos\n|-damage|p2a: Terapagos|0 fnt\n|faint|p2a: Terapagos\n|\n|upkeep\n|\n|t:|1710643006\n|switch|p2a: Pawmot|Pawmot, L80, F|21/243\n|turn|44\n|\n|t:|1710643012\n|move|p2a: Pawmot|Revival Blessing|p2a: Pawmot\n|\n|t:|1710643014\n|-heal|p2: Tyranitar|144/288|[from] move: Revival Blessing\n|move|p1a: Chansey|Seismic Toss|p2a: Pawmot\n|-damage|p2a: Pawmot|0 fnt\n|faint|p2a: Pawmot\n|\n|upkeep\n|\n|t:|1710643019\n|switch|p2a: Tyranitar|Tyranitar, L79, F|144/288\n|-weather|Sandstorm|[from] ability: Sand Stream|[of] p2a: Tyranitar\n|turn|45\n|\n|t:|1710643023\n|switch|p1a: Bastiodon|Bastiodon, L89, M|252/252\n|move|p2a: Tyranitar|Dragon Dance|p2a: Tyranitar\n|-boost|p2a: Tyranitar|atk|1\n|-boost|p2a: Tyranitar|spe|1\n|\n|-weather|Sandstorm|[upkeep]\n|-heal|p2a: Tyranitar|162/288|[from] item: Leftovers\n|upkeep\n|turn|46\n|\n|t:|1710643028\n|switch|p2a: Braviary|Braviary-Hisui, L84, M|205/322\n|-terastallize|p1a: Bastiodon|Fighting\n|move|p1a: Bastiodon|Body Press|p2a: Braviary\n|-resisted|p2a: Braviary\n|-damage|p2a: Braviary|160/322\n|\n|-weather|Sandstorm|[upkeep]\n|-damage|p2a: Braviary|140/322|[from] Sandstorm\n|-damage|p1a: Bastiodon|237/252|[from] Sandstorm\n|upkeep\n|turn|47\n|\n|t:|1710643036\n|switch|p2a: Tyranitar|Tyranitar, L79, F|162/288\n|switch|p1a: Abomasnow|Abomasnow, L85, M|272/291\n|-weather|Snow|[from] ability: Snow Warning|[of] p1a: Abomasnow\n|\n|-weather|Snow|[upkeep]\n|-heal|p2a: Tyranitar|180/288|[from] item: Leftovers\n|upkeep\n|turn|48\n|\n|t:|1710643041\n|switch|p2a: Braviary|Braviary-Hisui, L84, M|140/322\n|move|p1a: Abomasnow|Wood Hammer|p2a: Braviary\n|-resisted|p2a: Braviary\n|-damage|p2a: Braviary|72/322\n|-damage|p1a: Abomasnow|250/291|[from] Recoil\n|\n|-weather|Snow|[upkeep]\n|upkeep\n|turn|49\n|\n|t:|1710643047\n|switch|p2a: Tyranitar|Tyranitar, L79, F|180/288\n|-weather|Sandstorm|[from] ability: Sand Stream|[of] p2a: Tyranitar\n|move|p1a: Abomasnow|Ice Shard|p2a: Tyranitar\n|-damage|p2a: Tyranitar|143/288\n|\n|-weather|Sandstorm|[upkeep]\n|-damage|p1a: Abomasnow|232/291|[from] Sandstorm\n|-heal|p2a: Tyranitar|161/288|[from] item: Leftovers\n|upkeep\n|turn|50\n|\n|t:|1710643054\n|move|p1a: Abomasnow|Wood Hammer|p2a: Tyranitar\n|-supereffective|p2a: Tyranitar\n|-damage|p2a: Tyranitar|0 fnt\n|faint|p2a: Tyranitar\n|-damage|p1a: Abomasnow|179/291|[from] Recoil\n|\n|-weather|Sandstorm|[upkeep]\n|-damage|p1a: Abomasnow|161/291|[from] Sandstorm\n|upkeep\n|-message|dapandanerd forfeited.\n|\n|win|pokeblade\u2606101\n|raw|pokeblade\u2606101's rating: 2336 &rarr; <strong>2351</strong><br />(+15 for winning)\n|raw|dapandanerd's rating: 2245 &rarr; <strong>2230</strong><br />(-15 for losing)\n|l|\u2606dapandanerd\n|player|p2|\n", "inputlog": ">version 42f7c42c6de6925d15cdc0aae6d1ff4c4cc2a923\n>start {\"formatid\":\"gen9randombattle\",\"seed\":[2882,32474,39621,31946],\"rated\":\"Rated battle\"}\n>player p1 {\"name\":\"pokeblade\u2606101\",\"avatar\":\"#rbtt7teamchiyu\",\"rating\":2336,\"seed\":[17768,25803,56818,26136]}\n>player p2 {\"name\":\"dapandanerd\",\"avatar\":\"169\",\"rating\":2245,\"seed\":[12533,59802,15203,6130]}\n>p1 switch 6\n>p2 move headsmash\n>p1 switch 5\n>p2 switch 4\n>p1 switch 5\n>p2 move flipturn\n>p2 switch 6\n>p1 move thunderwave\n>p2 move hurricane\n>chat \u2606pokeblade\u2606101|strong as shit\n>p1 switch 6\n>p1 move shadowball\n>p2 switch 2\n>p1 move shadowball\n>p2 switch 6\n>p2 switch 6\n>p1 switch 5\n>p2 switch 2\n>p1 switch 4\n>p2 move hurricane\n>p1 move thunderwave\n>p2 switch 3\n>p1 switch 4\n>p2 move doubleshock\n>p1 move closecombat\n>p2 move revivalblessing\n>p2 switch 6\n>p1 switch 5\n>p2 switch 3\n>p1 move shadowball\n>p2 switch 2\n>p1 switch 5\n>p2 move knockoff\n>p1 move closecombat\n>p2 switch 2\n>p1 switch 4\n>p2 move psychic\n>p1 move thunderwave\n>p2 switch 2\n>p1 switch 4\n>p2 move knockoff\n>p1 move closecombat\n>p2 switch 4\n>p2 switch 2\n>p1 move closecombat\n>p2 switch 4\n>p2 switch 3\n>p1 move suckerpunch\n>p2 move closecombat\n>p1 switch 3\n>p1 move iceshard\n>p2 switch 6\n>p1 move iceshard\n>p2 move aurasphere\n>p2 switch 5\n>p1 move woodhammer\n>p2 move calmmind\n>p1 switch 4\n>p2 move calmmind\n>p1 move seismictoss\n>p2 move terastarstorm\n>p1 move softboiled\n>p2 move terastarstorm\n>p1 move seismictoss\n>p2 move calmmind\n>p1 move thunderwave\n>p2 move terastarstorm\n>p1 move softboiled\n>p2 move calmmind\n>p1 move thunderwave\n>p2 move terastarstorm\n>p1 move softboiled\n>p2 move calmmind\n>p1 move thunderwave\n>p2 move terastarstorm terastallize\n>p1 move seismictoss\n>p2 move calmmind\n>chat \u2606pokeblade\u2606101|yeah that makes it weaker lol\n>p1 move seismictoss\n>p2 move terastarstorm\n>p1 move softboiled\n>p2 move earthpower\n>p1 move softboiled\n>p2 move rockpolish\n>p1 move seismictoss\n>p2 move rockpolish\n>p1 move seismictoss\n>p2 move earthpower\n>p1 move seismictoss\n>p2 move earthpower\n>p1 move softboiled\n>p2 move terastarstorm\n>p1 move softboiled\n>p2 move earthpower\n>p1 move seismictoss\n>p2 move terastarstorm\n>p2 switch 6\n>p1 move seismictoss\n>p2 move revivalblessing\n>p2 switch 3\n>p2 switch 3\n>p1 switch 2\n>p2 move dragondance\n>p1 move bodypress terastallize\n>p2 switch 4\n>p1 switch 4\n>p2 switch 4\n>p1 move woodhammer\n>p2 switch 4\n>p1 move iceshard\n>p2 switch 4\n>p1 move woodhammer\n>p2 move stoneedge\n>forcelose p2", "uploadtime": 1710643075, "views": 272, "formatid": "gen9randombattle", "rating": 2230, "private": 0, "password": null}