{"id": "gen9randombattle-2260647585", "format": "[Gen 9] Random Battle", "players": ["secretgentleman", "dr4conic"], "log": "|j|\u2606secretgentleman\n|j|\u2606dr4conic\n|t:|1733873482\n|gametype|singles\n|player|p1|secretgentleman|bugcatcher-gen4dp|1526\n|player|p2|dr4conic|veteran|1501\n|teamsize|p1|6\n|teamsize|p2|6\n|gen|9\n|tier|[Gen 9] Random Battle\n|rated|\n|rule|Species Clause: Limit one of each Pok\u00e9mon\n|rule|HP Percentage Mod: HP is shown in percentages\n|rule|Sleep Clause Mod: Limit one foe put to sleep\n|rule|Illusion Level Mod: Illusion disguises the Pok\u00e9mon's true level\n|\n|t:|1733873482\n|start\n|switch|p1a: Plusle|Plusle, L95, M|268/268\n|switch|p2a: Glalie|Glalie, L96, F|309/309\n|turn|1\n|inactive|Battle timer is ON: inactive players will automatically lose when time's up. (requested by secretgentleman)\n|\n|t:|1733873492\n|move|p1a: Plusle|Thunderbolt|p2a: Glalie\n|-damage|p2a: Glalie|169/309\n|-damage|p1a: Plusle|242/268|[from] item: Life Orb\n|move|p2a: Glalie|Earthquake|p1a: Plusle\n|-supereffective|p1a: Plusle\n|-damage|p1a: Plusle|8/268\n|\n|upkeep\n|turn|2\n|\n|t:|1733873507\n|switch|p1a: Inteleon|Inteleon, L81, M|246/246\n|move|p2a: Glalie|Freeze-Dry|p1a: Inteleon\n|-supereffective|p1a: Inteleon\n|-damage|p1a: Inteleon|34/246\n|\n|upkeep\n|turn|3\n|\n|t:|1733873520\n|move|p1a: Inteleon|Dark Pulse|p2a: Glalie\n|-damage|p2a: Glalie|82/309\n|move|p2a: Glalie|Freeze-Dry|p1a: Inteleon\n|-supereffective|p1a: Inteleon\n|-damage|p1a: Inteleon|0 fnt\n|faint|p1a: Inteleon\n|\n|upkeep\n|\n|t:|1733873533\n|switch|p1a: Urshifu|Urshifu, L74, M|270/270\n|turn|4\n|\n|t:|1733873541\n|switch|p2a: Araquanid|Araquanid, L82, F|246/246\n|move|p1a: Urshifu|Swords Dance|p1a: Urshifu\n|-boost|p1a: Urshifu|atk|2\n|\n|upkeep\n|turn|5\n|\n|t:|1733873554\n|move|p1a: Urshifu|Poison Jab|p2a: Araquanid\n|-damage|p2a: Araquanid|107/246\n|-damage|p1a: Urshifu|243/270|[from] item: Life Orb\n|move|p2a: Araquanid|Leech Life|p1a: Urshifu\n|-damage|p1a: Urshifu|179/270\n|-heal|p2a: Araquanid|139/246|[from] drain|[of] p1a: Urshifu\n|\n|upkeep\n|turn|6\n|\n|t:|1733873574\n|-terastallize|p2a: Araquanid|Ground\n|move|p1a: Urshifu|Close Combat|p2a: Araquanid\n|-damage|p2a: Araquanid|0 fnt\n|-unboost|p1a: Urshifu|def|1\n|-unboost|p1a: Urshifu|spd|1\n|faint|p2a: Araquanid\n|-damage|p1a: Urshifu|152/270|[from] item: Life Orb\n|\n|upkeep\n|\n|t:|1733873585\n|switch|p2a: Shaymin|Shaymin-Sky, L73|266/266\n|turn|7\n|\n|t:|1733873594\n|switch|p1a: Probopass|Probopass, L92, M|260/260\n|move|p2a: Shaymin|Air Slash|p1a: Probopass\n|-resisted|p1a: Probopass\n|-damage|p1a: Probopass|250/260\n|\n|-heal|p1a: Probopass|260/260|[from] item: Leftovers\n|upkeep\n|turn|8\n|\n|t:|1733873606\n|move|p2a: Shaymin|Earth Power|p1a: Probopass\n|-supereffective|p1a: Probopass\n|-damage|p1a: Probopass|108/260\n|move|p1a: Probopass|Power Gem|p2a: Shaymin\n|-supereffective|p2a: Shaymin\n|-crit|p2a: Shaymin\n|-damage|p2a: Shaymin|0 fnt\n|faint|p2a: Shaymin\n|\n|-heal|p1a: Probopass|124/260|[from] item: Leftovers\n|upkeep\n|\n|t:|1733873619\n|switch|p2a: Glalie|Glalie, L96, F|82/309\n|turn|9\n|\n|t:|1733873637\n|move|p2a: Glalie|Earthquake|p1a: Probopass\n|-supereffective|p1a: Probopass\n|-damage|p1a: Probopass|0 fnt\n|faint|p1a: Probopass\n|\n|upkeep\n|\n|t:|1733873642\n|switch|p1a: Plusle|Plusle, L95, M|8/268\n|turn|10\n|\n|t:|1733873649\n|move|p1a: Plusle|Thunderbolt|p2a: Glalie\n|-damage|p2a: Glalie|0 fnt\n|faint|p2a: Glalie\n|-damage|p1a: Plusle|0 fnt|[from] item: Life Orb\n|faint|p1a: Plusle\n|\n|upkeep\n|\n|t:|1733873662\n|switch|p1a: Polteageist|Polteageist-Antique, L79|224/224\n|switch|p2a: Scream Tail|Scream Tail, L84|330/330\n|turn|11\n|\n|t:|1733873671\n|move|p2a: Scream Tail|Thunder Wave|p1a: Polteageist\n|-status|p1a: Polteageist|par\n|move|p1a: Polteageist|Shell Smash|p1a: Polteageist\n|-unboost|p1a: Polteageist|def|1\n|-unboost|p1a: Polteageist|spd|1\n|-boost|p1a: Polteageist|atk|2\n|-boost|p1a: Polteageist|spa|2\n|-boost|p1a: Polteageist|spe|2\n|-enditem|p1a: Polteageist|White Herb\n|-clearnegativeboost|p1a: Polteageist|[silent]\n|\n|upkeep\n|turn|12\n|\n|t:|1733873685\n|-end|p2a: Scream Tail|Protosynthesis|[silent]\n|switch|p2a: Meloetta|Meloetta, L82|298/298\n|move|p1a: Polteageist|Shadow Ball|p2a: Meloetta\n|-immune|p2a: Meloetta\n|\n|upkeep\n|turn|13\n|\n|t:|1733873695\n|move|p2a: Meloetta|Calm Mind|p2a: Meloetta\n|-boost|p2a: Meloetta|spa|1\n|-boost|p2a: Meloetta|spd|1\n|move|p1a: Polteageist|Stored Power|p2a: Meloetta\n|-resisted|p2a: Meloetta\n|-damage|p2a: Meloetta|236/298\n|\n|upkeep\n|turn|14\n|\n|t:|1733873704\n|move|p2a: Meloetta|Focus Blast|p1a: Polteageist\n|-immune|p1a: Polteageist\n|move|p1a: Polteageist|Shell Smash|p1a: Polteageist\n|-unboost|p1a: Polteageist|def|1\n|-unboost|p1a: Polteageist|spd|1\n|-boost|p1a: Polteageist|atk|2\n|-boost|p1a: Polteageist|spa|2\n|-boost|p1a: Polteageist|spe|2\n|\n|upkeep\n|turn|15\n|\n|t:|1733873715\n|move|p1a: Polteageist|Stored Power|p2a: Meloetta\n|-resisted|p2a: Meloetta\n|-damage|p2a: Meloetta|86/298\n|move|p2a: Meloetta|Psyshock|p1a: Polteageist\n|-damage|p1a: Polteageist|0 fnt\n|faint|p1a: Polteageist\n|-damage|p2a: Meloetta|57/298|[from] item: Life Orb\n|\n|upkeep\n|\n|t:|1733873733\n|switch|p1a: Lucario|Lucario, L84, F|255/255\n|turn|16\n|\n|t:|1733873750\n|move|p1a: Lucario|Flash Cannon|p2a: Meloetta\n|-damage|p2a: Meloetta|0 fnt\n|faint|p2a: Meloetta\n|-damage|p1a: Lucario|230/255|[from] item: Life Orb\n|\n|upkeep\n|\n|t:|1733873765\n|switch|p2a: Grafaiai|Grafaiai, L86, F|249/249\n|turn|17\n|\n|t:|1733873784\n|move|p2a: Grafaiai|Swords Dance|p2a: Grafaiai\n|-boost|p2a: Grafaiai|atk|2\n|move|p1a: Lucario|Focus Blast|p2a: Grafaiai|[miss]\n|-miss|p1a: Lucario|p2a: Grafaiai\n|\n|upkeep\n|turn|18\n|\n|t:|1733873791\n|move|p2a: Grafaiai|Low Kick|p1a: Lucario\n|-supereffective|p1a: Lucario\n|-damage|p1a: Lucario|0 fnt\n|faint|p1a: Lucario\n|-damage|p2a: Grafaiai|225/249|[from] item: Life Orb\n|\n|upkeep\n|\n|t:|1733873797\n|switch|p1a: Urshifu|Urshifu, L74, M|152/270\n|turn|19\n|inactive|secretgentleman has 120 seconds left.\n|\n|t:|1733873824\n|-terastallize|p1a: Urshifu|Poison\n|move|p2a: Grafaiai|Low Kick|p1a: Urshifu\n|-resisted|p1a: Urshifu\n|-damage|p1a: Urshifu|53/270\n|-damage|p2a: Grafaiai|201/249|[from] item: Life Orb\n|move|p1a: Urshifu|Wicked Blow|p2a: Grafaiai\n|-crit|p2a: Grafaiai\n|-damage|p2a: Grafaiai|28/249\n|-damage|p1a: Urshifu|26/270|[from] item: Life Orb\n|\n|upkeep\n|turn|20\n|inactive|secretgentleman has 120 seconds left.\n|\n|t:|1733873836\n|move|p2a: Grafaiai|Knock Off|p1a: Urshifu\n|-damage|p1a: Urshifu|0 fnt\n|-enditem|p1a: Urshifu|Life Orb|[from] move: Knock Off|[of] p2a: Grafaiai\n|faint|p1a: Urshifu\n|-damage|p2a: Grafaiai|4/249|[from] item: Life Orb\n|\n|win|dr4conic\n|raw|secretgentleman's rating: 1526 &rarr; <strong>1505</strong><br />(-21 for losing)\n|raw|dr4conic's rating: 1501 &rarr; <strong>1522</strong><br />(+21 for winning)\n|l|\u2606secretgentleman\n|player|p1|\n|c|\u2606dr4conic|Ggs\n", "inputlog": ">version bfd83cad13791eb5a5a409923076391caf6fb4d4\n>start {\"formatid\":\"gen9randombattle\",\"seed\":[45255,5241,28043,11215],\"rated\":\"Rated battle\"}\n>player p1 {\"name\":\"secretgentleman\",\"avatar\":\"bugcatcher-gen4dp\",\"rating\":1526,\"seed\":[43720,9430,27897,39482]}\n>player p2 {\"name\":\"dr4conic\",\"avatar\":\"veteran\",\"rating\":1501,\"seed\":[50523,15175,33576,9112]}\n>p1 move thunderbolt\n>p2 move earthquake\n>p1 switch 4\n>p2 move freezedry\n>p1 move darkpulse\n>p2 move freezedry\n>p1 switch 5\n>p1 move swordsdance\n>p2 switch 4\n>p1 move poisonjab\n>p2 move leechlife\n>p1 move closecombat\n>p2 move liquidation terastallize\n>p2 switch 5\n>p1 switch 2\n>p2 move airslash\n>p1 move powergem\n>p2 move earthpower\n>p2 switch 4\n>p1 move flashcannon\n>p2 move earthquake\n>p1 switch 4\n>p1 move thunderbolt\n>p2 move earthquake\n>p1 switch 6\n>p2 switch 3\n>p1 move shellsmash\n>p2 move thunderwave\n>p1 move shadowball\n>p2 switch 2\n>p1 move storedpower\n>p2 move calmmind\n>p1 move shellsmash\n>p2 move focusblast\n>p1 move storedpower\n>p2 move psyshock\n>p1 switch 3\n>p1 move flashcannon\n>p2 move focusblast\n>p2 switch 6\n>p1 move focusblast\n>p2 move swordsdance\n>p1 move focusblast\n>p2 move lowkick\n>p1 switch 2\n>p1 move wickedblow terastallize\n>p2 move lowkick\n>p1 move poisonjab\n>p2 move knockoff", "uploadtime": 1733873852, "views": 9, "formatid": "gen9randombattle", "rating": 1505, "private": 0, "password": null}