{"id": "gen9randombattle-2260714274", "format": "[Gen 9] Random Battle", "players": ["ponkjim", "Jaden02023"], "log": "|j|\u2606ponkjim\n|j|\u2606Jaden02023\n|t:|1733881922\n|gametype|singles\n|player|p1|ponkjim|265|1341\n|player|p2|Jaden02023|169|1367\n|teamsize|p1|6\n|teamsize|p2|6\n|gen|9\n|tier|[Gen 9] Random Battle\n|rated|\n|rule|Species Clause: Limit one of each Pok\u00e9mon\n|rule|HP Percentage Mod: HP is shown in percentages\n|rule|Sleep Clause Mod: Limit one foe put to sleep\n|rule|Illusion Level Mod: Illusion disguises the Pok\u00e9mon's true level\n|\n|t:|1733881922\n|start\n|switch|p1a: Electrode|Electrode, L92|260/260\n|switch|p2a: Dialga|Dialga, L73|266/266\n|-ability|p2a: Dialga|Pressure\n|turn|1\n|inactive|Battle timer is ON: inactive players will automatically lose when time's up. (requested by ponkjim)\n|\n|t:|1733881945\n|move|p1a: Electrode|Volt Switch|p2a: Dialga\n|-resisted|p2a: Dialga\n|-damage|p2a: Dialga|224/266\n|\n|t:|1733881948\n|switch|p1a: Slither Wing|Slither Wing, L81|270/270|[from] Volt Switch\n|move|p2a: Dialga|Draco Meteor|p1a: Slither Wing|[miss]\n|-miss|p2a: Dialga|p1a: Slither Wing\n|\n|-heal|p2a: Dialga|240/266|[from] item: Leftovers\n|upkeep\n|turn|2\n|\n|t:|1733881965\n|switch|p2a: Swanna|Swanna, L88, F|275/275\n|move|p1a: Slither Wing|U-turn|p2a: Swanna\n|-resisted|p2a: Swanna\n|-damage|p2a: Swanna|221/275\n|\n|t:|1733881970\n|-end|p1a: Slither Wing|Protosynthesis|[silent]\n|switch|p1a: Electrode|Electrode, L92|260/260|[from] U-turn\n|\n|upkeep\n|turn|3\n|\n|t:|1733881977\n|switch|p2a: Bellibolt|Bellibolt, L84, M|320/320\n|move|p1a: Electrode|Thunder Wave|p2a: Bellibolt\n|-immune|p2a: Bellibolt\n|\n|upkeep\n|turn|4\n|\n|t:|1733882002\n|switch|p1a: Goodra|Goodra, L85, F|292/292\n|move|p2a: Bellibolt|Muddy Water|p1a: Goodra\n|-resisted|p1a: Goodra\n|-crit|p1a: Goodra\n|-damage|p1a: Goodra|270/292\n|\n|upkeep\n|turn|5\n|\n|t:|1733882010\n|move|p1a: Goodra|Earthquake|p2a: Bellibolt\n|-supereffective|p2a: Bellibolt\n|-damage|p2a: Bellibolt|184/320\n|-start|p2a: Bellibolt|Charge|Earthquake|[from] ability: Electromorphosis\n|move|p2a: Bellibolt|Toxic|p1a: Goodra\n|-status|p1a: Goodra|tox\n|\n|-heal|p2a: Bellibolt|204/320|[from] item: Leftovers\n|-damage|p1a: Goodra|252/292 tox|[from] psn\n|upkeep\n|turn|6\n|\n|t:|1733882015\n|move|p1a: Goodra|Earthquake|p2a: Bellibolt\n|-supereffective|p2a: Bellibolt\n|-damage|p2a: Bellibolt|60/320\n|-start|p2a: Bellibolt|Charge|Earthquake|[from] ability: Electromorphosis\n|move|p2a: Bellibolt|Slack Off|p2a: Bellibolt\n|-heal|p2a: Bellibolt|220/320\n|\n|-heal|p2a: Bellibolt|240/320|[from] item: Leftovers\n|-damage|p1a: Goodra|216/292 tox|[from] psn\n|upkeep\n|turn|7\n|\n|t:|1733882026\n|switch|p2a: Swanna|Swanna, L88, F|221/275\n|move|p1a: Goodra|Earthquake|p2a: Swanna\n|-immune|p2a: Swanna\n|\n|-damage|p1a: Goodra|162/292 tox|[from] psn\n|upkeep\n|turn|8\n|\n|t:|1733882061\n|switch|p1a: Politoed|Politoed, L88, M|302/302\n|-weather|RainDance|[from] ability: Drizzle|[of] p1a: Politoed\n|move|p2a: Swanna|Brave Bird|p1a: Politoed\n|-damage|p1a: Politoed|169/302\n|-damage|p2a: Swanna|177/275|[from] Recoil\n|\n|-weather|RainDance|[upkeep]\n|upkeep\n|turn|9\n|\n|t:|1733882075\n|switch|p2a: Serperior|Serperior, L79, M|248/248\n|move|p1a: Politoed|Ice Beam|p2a: Serperior\n|-supereffective|p2a: Serperior\n|-damage|p2a: Serperior|42/248\n|\n|-weather|RainDance|[upkeep]\n|-heal|p2a: Serperior|57/248|[from] item: Leftovers\n|upkeep\n|turn|10\n|\n|t:|1733882088\n|switch|p1a: Goodra|Goodra, L85, F|162/292 tox\n|move|p2a: Serperior|Leaf Storm|p1a: Goodra\n|-ability|p1a: Goodra|Sap Sipper|boost\n|-boost|p1a: Goodra|atk|1\n|\n|-weather|RainDance|[upkeep]\n|-heal|p2a: Serperior|72/248|[from] item: Leftovers\n|-damage|p1a: Goodra|144/292 tox|[from] psn\n|upkeep\n|turn|11\n|\n|t:|1733882112\n|move|p2a: Serperior|Dragon Pulse|p1a: Goodra\n|-supereffective|p1a: Goodra\n|-damage|p1a: Goodra|100/292 tox\n|move|p1a: Goodra|Draco Meteor|p2a: Serperior\n|-damage|p2a: Serperior|0 fnt\n|-unboost|p1a: Goodra|spa|2\n|faint|p2a: Serperior\n|\n|-weather|RainDance|[upkeep]\n|-damage|p1a: Goodra|64/292 tox|[from] psn\n|upkeep\n|inactive|Jaden02023 has 120 seconds left.\n|\n|t:|1733882130\n|switch|p2a: Swanna|Swanna, L88, F|177/275\n|turn|12\n|\n|t:|1733882136\n|switch|p1a: Politoed|Politoed, L88, M|169/302\n|move|p2a: Swanna|Brave Bird|p1a: Politoed\n|-damage|p1a: Politoed|40/302\n|-damage|p2a: Swanna|134/275|[from] Recoil\n|\n|-weather|none\n|upkeep\n|turn|13\n|\n|t:|1733882147\n|move|p2a: Swanna|Roost|p2a: Swanna\n|-heal|p2a: Swanna|272/275\n|-singleturn|p2a: Swanna|move: Roost\n|move|p1a: Politoed|Ice Beam|p2a: Swanna\n|-resisted|p2a: Swanna\n|-damage|p2a: Swanna|215/275\n|\n|upkeep\n|turn|14\n|\n|t:|1733882153\n|move|p2a: Swanna|Brave Bird|p1a: Politoed\n|-damage|p1a: Politoed|0 fnt\n|faint|p1a: Politoed\n|-damage|p2a: Swanna|202/275|[from] Recoil\n|\n|upkeep\n|\n|t:|1733882181\n|switch|p1a: Slither Wing|Slither Wing, L81|270/270\n|turn|15\n|\n|t:|1733882184\n|move|p1a: Slither Wing|Wild Charge|p2a: Swanna\n|-supereffective|p2a: Swanna\n|-damage|p2a: Swanna|0 fnt\n|faint|p2a: Swanna\n|-damage|p1a: Slither Wing|219/270|[from] Recoil\n|\n|upkeep\n|\n|t:|1733882199\n|switch|p2a: Dialga|Dialga, L73|240/266\n|-ability|p2a: Dialga|Pressure\n|turn|16\n|\n|t:|1733882208\n|-end|p1a: Slither Wing|Protosynthesis|[silent]\n|switch|p1a: Goodra|Goodra, L85, F|64/292 tox\n|move|p2a: Dialga|Draco Meteor|p1a: Goodra\n|-supereffective|p1a: Goodra\n|-damage|p1a: Goodra|0 fnt\n|-unboost|p2a: Dialga|spa|2\n|faint|p1a: Goodra\n|\n|-heal|p2a: Dialga|256/266|[from] item: Leftovers\n|upkeep\n|\n|t:|1733882212\n|switch|p1a: Slither Wing|Slither Wing, L81|219/270\n|turn|17\n|\n|t:|1733882228\n|switch|p2a: Bruxish|Bruxish, L85, M|254/254\n|move|p1a: Slither Wing|Close Combat|p2a: Bruxish\n|-resisted|p2a: Bruxish\n|-damage|p2a: Bruxish|172/254\n|-unboost|p1a: Slither Wing|def|1\n|-unboost|p1a: Slither Wing|spd|1\n|\n|upkeep\n|turn|18\n|\n|t:|1733882234\n|-end|p1a: Slither Wing|Protosynthesis|[silent]\n|switch|p1a: Honchkrow|Honchkrow, L86, M|312/312\n|move|p2a: Bruxish|Psychic Fangs|p1a: Honchkrow\n|-immune|p1a: Honchkrow\n|\n|upkeep\n|turn|19\n|\n|t:|1733882247\n|switch|p2a: Bellibolt|Bellibolt, L84, M|240/320\n|move|p1a: Honchkrow|U-turn|p2a: Bellibolt\n|-damage|p2a: Bellibolt|183/320\n|-start|p2a: Bellibolt|Charge|U-turn|[from] ability: Electromorphosis\n|\n|t:|1733882254\n|switch|p1a: Leafeon|Leafeon, L88, F|258/258|[from] U-turn\n|\n|-heal|p2a: Bellibolt|203/320|[from] item: Leftovers\n|upkeep\n|turn|20\n|\n|t:|1733882265\n|move|p1a: Leafeon|Substitute|p1a: Leafeon\n|-start|p1a: Leafeon|Substitute\n|-damage|p1a: Leafeon|194/258\n|move|p2a: Bellibolt|Toxic||[still]\n|-fail|p2a: Bellibolt\n|\n|-heal|p1a: Leafeon|210/258|[from] item: Leftovers\n|-heal|p2a: Bellibolt|223/320|[from] item: Leftovers\n|upkeep\n|turn|21\n|-message|Jaden02023 forfeited.\n|\n|win|ponkjim\n|raw|ponkjim's rating: 1341 &rarr; <strong>1362</strong><br />(+21 for winning)\n|raw|Jaden02023's rating: 1367 &rarr; <strong>1346</strong><br />(-21 for losing)\n|l|\u2606Jaden02023\n|player|p2|\n", "inputlog": ">version bfd83cad13791eb5a5a409923076391caf6fb4d4\n>start {\"formatid\":\"gen9randombattle\",\"seed\":[4899,63132,13665,14707],\"rated\":\"Rated battle\"}\n>player p1 {\"name\":\"ponkjim\",\"avatar\":\"265\",\"rating\":1341,\"seed\":[34021,5797,39107,55284]}\n>player p2 {\"name\":\"Jaden02023\",\"avatar\":\"169\",\"rating\":1367,\"seed\":[20350,32391,64767,47960]}\n>p1 move voltswitch\n>p2 move dracometeor\n>p1 switch 4\n>p1 move uturn\n>p2 switch 4\n>p1 switch 4\n>p1 move thunderwave\n>p2 switch 5\n>p1 switch 2\n>p2 move muddywater\n>p1 move earthquake\n>p2 move toxic\n>p1 move earthquake\n>p2 move slackoff\n>p1 move earthquake\n>p2 switch 5\n>p1 switch 3\n>p2 move bravebird\n>p1 move icebeam\n>p2 switch 3\n>p1 switch 3\n>p2 move leafstorm\n>p1 move dracometeor\n>p2 move dragonpulse\n>p2 switch 3\n>p1 switch 3\n>p2 move bravebird\n>p1 move icebeam\n>p2 move roost\n>p1 move icebeam\n>p2 move bravebird\n>p1 switch 4\n>p1 move wildcharge\n>p2 move bravebird\n>p2 switch 4\n>p1 switch 3\n>p2 move dracometeor\n>p1 switch 3\n>p1 move closecombat\n>p2 switch 6\n>p1 switch 6\n>p2 move psychicfangs\n>p1 move uturn\n>p2 switch 5\n>p1 switch 5\n>p1 move substitute\n>p2 move toxic\n>forcelose p2", "uploadtime": 1733882272, "views": 1, "formatid": "gen9randombattle", "rating": 1346, "private": 0, "password": null}