{"id": "gen9randombattle-2260667098", "format": "[Gen 9] Random Battle", "players": ["xxkhnb", "fish skin 27"], "log": "|j|\u2606xxkhnb\n|j|\u2606fish skin 27\n|t:|1733875930\n|gametype|singles\n|player|p1|xxkhnb|2|1205\n|player|p2|fish skin 27|red-masters|1217\n|teamsize|p1|6\n|teamsize|p2|6\n|gen|9\n|tier|[Gen 9] Random Battle\n|rated|\n|rule|Species Clause: Limit one of each Pok\u00e9mon\n|rule|HP Percentage Mod: HP is shown in percentages\n|rule|Sleep Clause Mod: Limit one foe put to sleep\n|rule|Illusion Level Mod: Illusion disguises the Pok\u00e9mon's true level\n|\n|t:|1733875930\n|start\n|switch|p1a: Incineroar|Incineroar, L82, F|290/290\n|switch|p2a: Torterra|Torterra, L78, M|276/276\n|-ability|p1a: Incineroar|Intimidate|boost\n|-unboost|p2a: Torterra|atk|1\n|turn|1\n|inactive|Battle timer is ON: inactive players will automatically lose when time's up. (requested by fish skin 27)\n|inactive|fish skin 27 has 120 seconds left.\n|\n|t:|1733875962\n|switch|p2a: Excadrill|Excadrill, L79, F|303/303\n|-ability|p2a: Excadrill|Mold Breaker\n|move|p1a: Incineroar|Swords Dance|p1a: Incineroar\n|-boost|p1a: Incineroar|atk|2\n|\n|upkeep\n|turn|2\n|\n|t:|1733875979\n|move|p2a: Excadrill|Earthquake|p1a: Incineroar\n|-supereffective|p1a: Incineroar\n|-damage|p1a: Incineroar|36/290\n|move|p1a: Incineroar|Flare Blitz|p2a: Excadrill\n|-supereffective|p2a: Excadrill\n|-damage|p2a: Excadrill|0 fnt\n|faint|p2a: Excadrill\n|-damage|p1a: Incineroar|0 fnt|[from] Recoil\n|faint|p1a: Incineroar\n|\n|upkeep\n|\n|t:|1733875990\n|switch|p2a: Torterra|Torterra, L78, M|276/276\n|switch|p1a: Pachirisu|Pachirisu, L96, F|271/271\n|turn|3\n|\n|t:|1733875999\n|move|p1a: Pachirisu|Super Fang|p2a: Torterra\n|-damage|p2a: Torterra|138/276\n|move|p2a: Torterra|Shell Smash|p2a: Torterra\n|-unboost|p2a: Torterra|def|1\n|-unboost|p2a: Torterra|spd|1\n|-boost|p2a: Torterra|atk|2\n|-boost|p2a: Torterra|spa|2\n|-boost|p2a: Torterra|spe|2\n|\n|upkeep\n|turn|4\n|\n|t:|1733876011\n|move|p2a: Torterra|Headlong Rush|p1a: Pachirisu\n|-supereffective|p1a: Pachirisu\n|-damage|p1a: Pachirisu|0 fnt\n|-unboost|p2a: Torterra|def|1\n|-unboost|p2a: Torterra|spd|1\n|faint|p1a: Pachirisu\n|\n|upkeep\n|\n|t:|1733876021\n|switch|p1a: Houndoom|Houndoom, L87, F|272/272\n|turn|5\n|\n|t:|1733876033\n|move|p1a: Houndoom|Sucker Punch|p2a: Torterra\n|-damage|p2a: Torterra|8/276\n|move|p2a: Torterra|Rock Blast|p1a: Houndoom\n|-supereffective|p1a: Houndoom\n|-crit|p1a: Houndoom\n|-damage|p1a: Houndoom|134/272\n|-supereffective|p1a: Houndoom\n|-damage|p1a: Houndoom|42/272\n|-supereffective|p1a: Houndoom\n|-damage|p1a: Houndoom|0 fnt\n|faint|p1a: Houndoom\n|-hitcount|p1: Houndoom|3\n|\n|upkeep\n|\n|t:|1733876044\n|switch|p1a: Komala|Komala, L89, F|260/260\n|-ability|p1a: Komala|Comatose\n|turn|6\n|\n|t:|1733876056\n|move|p2a: Torterra|Bullet Seed|p1a: Komala\n|-damage|p1a: Komala|164/260\n|-damage|p1a: Komala|77/260\n|-damage|p1a: Komala|0 fnt\n|faint|p1a: Komala\n|-hitcount|p1: Komala|3\n|\n|upkeep\n|-message|xxkhnb forfeited.\n|\n|win|fish skin 27\n|raw|xxkhnb's rating: 1205 &rarr; <strong>1181</strong><br />(-24 for losing)\n|raw|fish skin 27's rating: 1217 &rarr; <strong>1241</strong><br />(+24 for winning)\n|l|\u2606xxkhnb\n|player|p1|\n", "inputlog": ">version bfd83cad13791eb5a5a409923076391caf6fb4d4\n>start {\"formatid\":\"gen9randombattle\",\"seed\":[45583,15467,60486,43523],\"rated\":\"Rated battle\"}\n>player p1 {\"name\":\"xxkhnb\",\"avatar\":\"2\",\"rating\":1205,\"seed\":[8880,28754,14991,19555]}\n>player p2 {\"name\":\"fish skin 27\",\"avatar\":\"red-masters\",\"rating\":1217,\"seed\":[22748,53536,8515,3944]}\n>p1 move swordsdance\n>p2 switch 2\n>p1 move flareblitz\n>p2 move earthquake\n>p1 switch 2\n>p2 switch 2\n>p1 move superfang\n>p2 move shellsmash\n>p1 move encore\n>p2 move headlongrush\n>p1 switch 3\n>p1 move suckerpunch\n>p2 move rockblast\n>p1 switch 6\n>p1 move uturn\n>p2 move bulletseed\n>forcelose p1", "uploadtime": 1733876064, "views": 2, "formatid": "gen9randombattle", "rating": 1181, "private": 0, "password": null}