{"id": "gen9randombattle-2260096045", "format": "[Gen 9] Random Battle", "players": ["Hootyfan2", "Poscidion"], "log": "|j|\u2606Hootyfan2\n|j|\u203dPoscidion\n|t:|1733801820\n|gametype|singles\n|player|p1|Hootyfan2|iris-gen5bw2|1358\n|player|p2|Poscidion|169|1388\n|teamsize|p1|6\n|teamsize|p2|6\n|gen|9\n|tier|[Gen 9] Random Battle\n|rated|\n|rule|Species Clause: Limit one of each Pok\u00e9mon\n|rule|HP Percentage Mod: HP is shown in percentages\n|rule|Sleep Clause Mod: Limit one foe put to sleep\n|rule|Illusion Level Mod: Illusion disguises the Pok\u00e9mon's true level\n|\n|t:|1733801820\n|start\n|switch|p1a: Roaring Moon|Roaring Moon, L72|270/270\n|switch|p2a: Avalugg|Avalugg, L88, F|310/310\n|turn|1\n|\n|t:|1733801836\n|-end|p1a: Roaring Moon|Protosynthesis|[silent]\n|switch|p1a: Pawmot|Pawmot, L80, F|243/243\n|move|p2a: Avalugg|Avalanche|p1a: Pawmot\n|-damage|p1a: Pawmot|140/243\n|\n|upkeep\n|turn|2\n|inactive|Battle timer is ON: inactive players will automatically lose when time's up. (requested by Hootyfan2)\n|\n|t:|1733801862\n|move|p1a: Pawmot|Close Combat|p2a: Avalugg\n|-supereffective|p2a: Avalugg\n|-damage|p2a: Avalugg|115/310\n|-unboost|p1a: Pawmot|def|1\n|-unboost|p1a: Pawmot|spd|1\n|-damage|p1a: Pawmot|116/243|[from] item: Life Orb\n|move|p2a: Avalugg|Avalanche|p1a: Pawmot\n|-damage|p1a: Pawmot|0 fnt\n|faint|p1a: Pawmot\n|\n|upkeep\n|\n|t:|1733801880\n|switch|p1a: Dialga|Dialga, L73|266/266\n|-ability|p1a: Dialga|Pressure\n|turn|3\n|\n|t:|1733801887\n|switch|p2a: Cobalion|Cobalion, L80|277/277\n|move|p1a: Dialga|Fire Blast|p2a: Cobalion|[miss]\n|-miss|p1a: Dialga|p2a: Cobalion\n|\n|upkeep\n|turn|4\n|\n|t:|1733801902\n|switch|p2a: Politoed|Politoed, L88, M|302/302\n|-weather|RainDance|[from] ability: Drizzle|[of] p2a: Politoed\n|switch|p1a: Chimecho|Chimecho, L93, M|290/290\n|\n|-weather|RainDance|[upkeep]\n|upkeep\n|turn|5\n|\n|t:|1733801911\n|move|p1a: Chimecho|Calm Mind|p1a: Chimecho\n|-boost|p1a: Chimecho|spa|1\n|-boost|p1a: Chimecho|spd|1\n|move|p2a: Politoed|Weather Ball|p1a: Chimecho\n|-damage|p1a: Chimecho|137/290\n|\n|-weather|RainDance|[upkeep]\n|-heal|p1a: Chimecho|155/290|[from] item: Leftovers\n|upkeep\n|turn|6\n|\n|t:|1733801926\n|move|p1a: Chimecho|Calm Mind|p1a: Chimecho\n|-boost|p1a: Chimecho|spa|1\n|-boost|p1a: Chimecho|spd|1\n|move|p2a: Politoed|Weather Ball|p1a: Chimecho\n|-damage|p1a: Chimecho|34/290\n|\n|-weather|RainDance|[upkeep]\n|-heal|p1a: Chimecho|52/290|[from] item: Leftovers\n|upkeep\n|turn|7\n|\n|t:|1733801931\n|move|p1a: Chimecho|Recover|p1a: Chimecho\n|-heal|p1a: Chimecho|197/290\n|move|p2a: Politoed|Weather Ball|p1a: Chimecho\n|-damage|p1a: Chimecho|80/290\n|\n|-weather|RainDance|[upkeep]\n|-heal|p1a: Chimecho|98/290|[from] item: Leftovers\n|upkeep\n|turn|8\n|\n|t:|1733801942\n|switch|p2a: Flygon|Flygon, L82, F|265/265\n|move|p1a: Chimecho|Recover|p1a: Chimecho\n|-heal|p1a: Chimecho|243/290\n|\n|-weather|none\n|-heal|p1a: Chimecho|261/290|[from] item: Leftovers\n|upkeep\n|turn|9\n|\n|t:|1733801951\n|move|p2a: Flygon|U-turn|p1a: Chimecho\n|-supereffective|p1a: Chimecho\n|-damage|p1a: Chimecho|163/290\n|\n|t:|1733801965\n|switch|p2a: Politoed|Politoed, L88, M|302/302|[from] U-turn\n|-weather|RainDance|[from] ability: Drizzle|[of] p2a: Politoed\n|move|p1a: Chimecho|Dazzling Gleam|p2a: Politoed\n|-damage|p2a: Politoed|176/302\n|\n|-weather|RainDance|[upkeep]\n|-heal|p1a: Chimecho|181/290|[from] item: Leftovers\n|upkeep\n|turn|10\n|\n|t:|1733801977\n|move|p1a: Chimecho|Psychic Noise|p2a: Politoed\n|-damage|p2a: Politoed|19/302\n|-start|p2a: Politoed|move: Heal Block\n|move|p2a: Politoed|Hydro Pump|p1a: Chimecho\n|-damage|p1a: Chimecho|69/290\n|\n|-weather|RainDance|[upkeep]\n|-heal|p1a: Chimecho|87/290|[from] item: Leftovers\n|upkeep\n|turn|11\n|\n|t:|1733801987\n|move|p1a: Chimecho|Recover|p1a: Chimecho\n|-heal|p1a: Chimecho|232/290\n|move|p2a: Politoed|Hydro Pump|p1a: Chimecho\n|-damage|p1a: Chimecho|102/290\n|\n|-weather|RainDance|[upkeep]\n|-heal|p1a: Chimecho|120/290|[from] item: Leftovers\n|-end|p2a: Politoed|move: Heal Block\n|upkeep\n|turn|12\n|\n|t:|1733802003\n|move|p1a: Chimecho|Psychic Noise|p2a: Politoed\n|-damage|p2a: Politoed|0 fnt\n|faint|p2a: Politoed\n|\n|-weather|RainDance|[upkeep]\n|-heal|p1a: Chimecho|138/290|[from] item: Leftovers\n|upkeep\n|\n|t:|1733802015\n|switch|p2a: Flygon|Flygon, L82, F|265/265\n|turn|13\n|\n|t:|1733802026\n|move|p2a: Flygon|Outrage|p1a: Chimecho\n|-damage|p1a: Chimecho|26/290\n|move|p1a: Chimecho|Dazzling Gleam|p2a: Flygon\n|-supereffective|p2a: Flygon\n|-damage|p2a: Flygon|0 fnt\n|faint|p2a: Flygon\n|\n|-weather|none\n|-heal|p1a: Chimecho|44/290|[from] item: Leftovers\n|upkeep\n|\n|t:|1733802034\n|switch|p2a: Munkidori|Munkidori, L79, M|269/269\n|turn|14\n|\n|t:|1733802041\n|move|p2a: Munkidori|U-turn|p1a: Chimecho\n|-supereffective|p1a: Chimecho\n|-damage|p1a: Chimecho|0 fnt\n|faint|p1a: Chimecho\n|\n|t:|1733802046\n|switch|p2a: Glalie|Glalie, L96, M|309/309|[from] U-turn\n|\n|upkeep\n|\n|t:|1733802052\n|switch|p1a: Dialga|Dialga, L73|266/266\n|-ability|p1a: Dialga|Pressure\n|turn|15\n|\n|t:|1733802060\n|move|p2a: Glalie|Earthquake|p1a: Dialga\n|-supereffective|p1a: Dialga\n|-damage|p1a: Dialga|134/266\n|move|p1a: Dialga|Fire Blast|p2a: Glalie|[miss]\n|-miss|p1a: Dialga|p2a: Glalie\n|\n|upkeep\n|turn|16\n|\n|t:|1733802073\n|move|p2a: Glalie|Earthquake|p1a: Dialga\n|-supereffective|p1a: Dialga\n|-damage|p1a: Dialga|0 fnt\n|faint|p1a: Dialga\n|\n|upkeep\n|\n|t:|1733802081\n|switch|p1a: Mamoswine|Mamoswine, L81, M|311/311\n|turn|17\n|\n|t:|1733802087\n|move|p2a: Glalie|Taunt|p1a: Mamoswine\n|-start|p1a: Mamoswine|move: Taunt\n|move|p1a: Mamoswine|Earthquake|p2a: Glalie\n|-damage|p2a: Glalie|153/309\n|-damage|p1a: Mamoswine|280/311|[from] item: Life Orb\n|\n|upkeep\n|turn|18\n|\n|t:|1733802108\n|move|p2a: Glalie|Earthquake|p1a: Mamoswine\n|-damage|p1a: Mamoswine|190/311\n|move|p1a: Mamoswine|Earthquake|p2a: Glalie\n|-damage|p2a: Glalie|4/309\n|-damage|p1a: Mamoswine|159/311|[from] item: Life Orb\n|\n|upkeep\n|turn|19\n|\n|t:|1733802115\n|move|p1a: Mamoswine|Ice Shard|p2a: Glalie\n|-resisted|p2a: Glalie\n|-damage|p2a: Glalie|0 fnt\n|faint|p2a: Glalie\n|-damage|p1a: Mamoswine|128/311|[from] item: Life Orb\n|\n|-end|p1a: Mamoswine|move: Taunt\n|upkeep\n|\n|t:|1733802130\n|switch|p2a: Cobalion|Cobalion, L80|277/277\n|turn|20\n|\n|t:|1733802144\n|switch|p1a: Ogerpon|Ogerpon-Wellspring, L76, F|247/247\n|move|p2a: Cobalion|Aura Sphere|p1a: Ogerpon\n|-damage|p1a: Ogerpon|169/247\n|\n|upkeep\n|turn|21\n|\n|t:|1733802165\n|switch|p2a: Avalugg|Avalugg, L88, F|115/310\n|move|p1a: Ogerpon|Ivy Cudgel|p2a: Avalugg|[anim] Ivy Cudgel Water\n|-damage|p2a: Avalugg|46/310\n|\n|upkeep\n|turn|22\n|\n|t:|1733802172\n|move|p1a: Ogerpon|Ivy Cudgel|p2a: Avalugg|[anim] Ivy Cudgel Water\n|-crit|p2a: Avalugg\n|-damage|p2a: Avalugg|0 fnt\n|faint|p2a: Avalugg\n|\n|upkeep\n|\n|t:|1733802175\n|switch|p2a: Munkidori|Munkidori, L79, M|269/269\n|turn|23\n|\n|t:|1733802182\n|-terastallize|p1a: Ogerpon|Water\n|detailschange|p1a: Ogerpon|Ogerpon-Wellspring-Tera, L76, F, tera:Water\n|-ability|p1a: Ogerpon|Embody Aspect (Wellspring)|boost\n|-boost|p1a: Ogerpon|spd|1\n|move|p2a: Munkidori|Sludge Wave|p1a: Ogerpon\n|-damage|p1a: Ogerpon|63/247\n|move|p1a: Ogerpon|Ivy Cudgel|p2a: Munkidori|[anim] Ivy Cudgel Water\n|-damage|p2a: Munkidori|41/269\n|\n|upkeep\n|turn|24\n|\n|t:|1733802195\n|switch|p1a: Mamoswine|Mamoswine, L81, M|128/311\n|move|p2a: Munkidori|Sludge Wave|p1a: Mamoswine\n|-resisted|p1a: Mamoswine\n|-damage|p1a: Mamoswine|19/311\n|-status|p1a: Mamoswine|tox|[from] ability: Toxic Chain|[of] p2a: Munkidori\n|\n|-damage|p1a: Mamoswine|0 fnt|[from] psn\n|faint|p1a: Mamoswine\n|upkeep\n|\n|t:|1733802214\n|switch|p1a: Ogerpon|Ogerpon-Wellspring-Tera, L76, F, tera:Water|63/247\n|-ability|p1a: Ogerpon|Embody Aspect (Wellspring)|boost\n|-boost|p1a: Ogerpon|spd|1\n|turn|25\n|\n|t:|1733802218\n|move|p2a: Munkidori|Sludge Wave|p1a: Ogerpon\n|-damage|p1a: Ogerpon|0 fnt\n|faint|p1a: Ogerpon\n|\n|upkeep\n|\n|t:|1733802220\n|switch|p1a: Roaring Moon|Roaring Moon, L72|270/270\n|turn|26\n|\n|t:|1733802227\n|move|p2a: Munkidori|Sludge Wave|p1a: Roaring Moon\n|-damage|p1a: Roaring Moon|98/270\n|-status|p1a: Roaring Moon|tox|[from] ability: Toxic Chain|[of] p2a: Munkidori\n|-enditem|p1a: Roaring Moon|Lum Berry|[eat]\n|-curestatus|p1a: Roaring Moon|tox|[msg]\n|move|p1a: Roaring Moon|Knock Off|p2a: Munkidori\n|-supereffective|p2a: Munkidori\n|-damage|p2a: Munkidori|0 fnt\n|-enditem|p2a: Munkidori|Choice Specs|[from] move: Knock Off|[of] p1a: Roaring Moon\n|faint|p2a: Munkidori\n|\n|upkeep\n|\n|t:|1733802236\n|switch|p2a: Cobalion|Cobalion, L80|277/277\n|turn|27\n|\n|t:|1733802247\n|-terastallize|p2a: Cobalion|Fighting\n|move|p2a: Cobalion|Vacuum Wave|p1a: Roaring Moon\n|-supereffective|p1a: Roaring Moon\n|-damage|p1a: Roaring Moon|2/270\n|move|p1a: Roaring Moon|Roost|p1a: Roaring Moon\n|-heal|p1a: Roaring Moon|137/270\n|-singleturn|p1a: Roaring Moon|move: Roost\n|\n|upkeep\n|turn|28\n|\n|t:|1733802255\n|move|p2a: Cobalion|Aura Sphere|p1a: Roaring Moon\n|-supereffective|p1a: Roaring Moon\n|-damage|p1a: Roaring Moon|0 fnt\n|faint|p1a: Roaring Moon\n|-end|p1a: Roaring Moon|Protosynthesis|[silent]\n|\n|win|Poscidion\n|raw|Hootyfan2's rating: 1358 &rarr; <strong>1340</strong><br />(-18 for losing)\n|raw|Poscidion's rating: 1388 &rarr; <strong>1406</strong><br />(+18 for winning)\n|l|\u2606Hootyfan2\n|player|p1|\n", "inputlog": ">version bfd83cad13791eb5a5a409923076391caf6fb4d4\n>start {\"formatid\":\"gen9randombattle\",\"seed\":[21902,63877,49170,12175],\"rated\":\"Rated battle\"}\n>player p1 {\"name\":\"Hootyfan2\",\"avatar\":\"iris-gen5bw2\",\"rating\":1358,\"seed\":[50704,53126,40312,9015]}\n>player p2 {\"name\":\"Poscidion\",\"avatar\":\"169\",\"rating\":1388,\"seed\":[52493,23018,25141,22622]}\n>p1 switch 6\n>p2 move avalanche\n>p1 move closecombat\n>p2 move avalanche\n>p1 switch 4\n>p1 move fireblast\n>p2 switch 2\n>p1 switch 5\n>p2 switch 6\n>p1 move calmmind\n>p2 move weatherball\n>p1 move calmmind\n>p2 move weatherball\n>p1 move recover\n>p2 move weatherball\n>p1 move recover\n>p2 switch 5\n>p1 move dazzlinggleam\n>p2 move uturn\n>p2 switch 5\n>p1 move psychicnoise\n>p2 move hydropump\n>p1 move recover\n>p2 move hydropump\n>p1 move psychicnoise\n>p2 move hydropump\n>p2 switch 5\n>p1 move dazzlinggleam\n>p2 move outrage\n>p2 switch 4\n>p1 move psychicnoise\n>p2 move uturn\n>p2 switch 3\n>p1 switch 5\n>p1 move fireblast\n>p2 move earthquake\n>p1 move fireblast\n>p2 move earthquake\n>p1 switch 2\n>p1 move earthquake\n>p2 move taunt\n>p1 move earthquake\n>p2 move earthquake\n>p1 move iceshard\n>p2 move earthquake\n>p2 switch 6\n>p1 switch 3\n>p2 move aurasphere\n>p1 move ivycudgel\n>p2 switch 2\n>p1 move ivycudgel\n>p2 move recover\n>p2 switch 3\n>p1 move ivycudgel terastallize\n>p2 move sludgewave\n>p1 switch 3\n>p2 move sludgewave\n>p1 switch 3\n>p1 move ivycudgel\n>p2 move sludgewave\n>p1 switch 6\n>p1 move knockoff\n>p2 move sludgewave\n>p2 switch 2\n>p1 move roost\n>p2 move vacuumwave terastallize\n>p1 move outrage\n>p2 move aurasphere", "uploadtime": 1733802265, "views": 15, "formatid": "gen9randombattle", "rating": 1340, "private": 0, "password": null}