{"id": "gen9randombattle-2225928163", "format": "[Gen 9] Random Battle", "players": ["sasuke_U1", "velvestrade"], "log": "|j|\u2606sasuke_U1\n|j|\u2606velvestrade\n|t:|1729282650\n|gametype|singles\n|player|p1|sasuke_U1|veteran|2245\n|player|p2|velvestrade|miku-ground|2243\n|teamsize|p1|6\n|teamsize|p2|6\n|gen|9\n|tier|[Gen 9] Random Battle\n|rated|\n|rule|Species Clause: Limit one of each Pok\u00e9mon\n|rule|HP Percentage Mod: HP is shown in percentages\n|rule|Sleep Clause Mod: Limit one foe put to sleep\n|rule|Illusion Level Mod: Illusion disguises the Pok\u00e9mon's true level\n|\n|t:|1729282650\n|start\n|switch|p1a: Serperior|Serperior, L79, M|248/248\n|switch|p2a: Oranguru|Oranguru, L92, M|315/315\n|turn|1\n|inactive|Battle timer is ON: inactive players will automatically lose when time's up. (requested by velvestrade)\n|\n|t:|1729282677\n|switch|p2a: Perrserker|Perrserker, L89, M|269/269\n|move|p1a: Serperior|Glare|p2a: Perrserker\n|-status|p2a: Perrserker|par\n|\n|upkeep\n|turn|2\n|\n|t:|1729282685\n|switch|p1a: Charizard|Charizard, L85, M|271/271\n|cant|p2a: Perrserker|par\n|\n|upkeep\n|turn|3\n|\n|t:|1729282696\n|switch|p2a: Oranguru|Oranguru, L92, M|315/315\n|move|p1a: Charizard|Flamethrower|p2a: Oranguru\n|-damage|p2a: Oranguru|230/315\n|\n|-heal|p2a: Oranguru|249/315|[from] item: Leftovers\n|upkeep\n|turn|4\n|\n|t:|1729282709\n|switch|p1a: Spiritomb|Spiritomb, L89, M|234/234\n|move|p2a: Oranguru|Nasty Plot|p2a: Oranguru\n|-boost|p2a: Oranguru|spa|2\n|\n|-heal|p2a: Oranguru|268/315|[from] item: Leftovers\n|upkeep\n|turn|5\n|\n|t:|1729282737\n|switch|p2a: Clefable|Clefable, L83, F|293/293\n|move|p1a: Spiritomb|Foul Play|p2a: Clefable\n|-resisted|p2a: Clefable\n|-damage|p2a: Clefable|259/293\n|\n|-heal|p2a: Clefable|277/293|[from] item: Leftovers\n|upkeep\n|turn|6\n|\n|t:|1729282750\n|switch|p1a: Dialga|Dialga-Origin, L73|266/266\n|-ability|p1a: Dialga|Pressure\n|move|p2a: Clefable|Moonblast|p1a: Dialga\n|-damage|p1a: Dialga|185/266\n|-unboost|p1a: Dialga|spa|1\n|\n|-heal|p2a: Clefable|293/293|[from] item: Leftovers\n|upkeep\n|turn|7\n|\n|t:|1729282762\n|switch|p2a: Orthworm|Orthworm, L88, M|266/266\n|move|p1a: Dialga|Flash Cannon|p2a: Orthworm\n|-resisted|p2a: Orthworm\n|-damage|p2a: Orthworm|217/266\n|\n|upkeep\n|turn|8\n|\n|t:|1729282768\n|move|p1a: Dialga|Thunder Wave|p2a: Orthworm|[miss]\n|-miss|p1a: Dialga|p2a: Orthworm\n|move|p2a: Orthworm|Stealth Rock|p1a: Dialga\n|-sidestart|p1: sasuke_U1|move: Stealth Rock\n|\n|upkeep\n|turn|9\n|\n|t:|1729282773\n|move|p1a: Dialga|Fire Blast|p2a: Orthworm\n|-supereffective|p2a: Orthworm\n|-damage|p2a: Orthworm|75/266\n|move|p2a: Orthworm|Body Press|p1a: Dialga\n|-supereffective|p1a: Dialga\n|-damage|p1a: Dialga|41/266\n|\n|upkeep\n|turn|10\n|\n|t:|1729282786\n|switch|p2a: Oranguru|Oranguru, L92, M|268/315\n|move|p1a: Dialga|Fire Blast|p2a: Oranguru\n|-damage|p2a: Oranguru|227/315\n|\n|-heal|p2a: Oranguru|246/315|[from] item: Leftovers\n|upkeep\n|turn|11\n|\n|t:|1729282794\n|move|p1a: Dialga|Thunder Wave|p2a: Oranguru\n|-status|p2a: Oranguru|par\n|move|p2a: Oranguru|Psychic|p1a: Dialga\n|-resisted|p1a: Dialga\n|-damage|p1a: Dialga|0 fnt\n|faint|p1a: Dialga\n|\n|-heal|p2a: Oranguru|265/315 par|[from] item: Leftovers\n|upkeep\n|\n|t:|1729282804\n|switch|p1a: Spiritomb|Spiritomb, L89, M|234/234\n|-damage|p1a: Spiritomb|205/234|[from] Stealth Rock\n|turn|12\n|inactive|velvestrade has 120 seconds left.\n|\n|t:|1729282841\n|switch|p2a: Clefable|Clefable, L83, F|293/293\n|move|p1a: Spiritomb|Poltergeist|p2a: Clefable\n|-activate|p2a: Clefable|move: Poltergeist|Leftovers\n|-damage|p2a: Clefable|160/293\n|\n|-heal|p2a: Clefable|178/293|[from] item: Leftovers\n|-heal|p1a: Spiritomb|219/234|[from] item: Leftovers\n|upkeep\n|turn|13\n|\n|t:|1729282850\n|move|p2a: Clefable|Moonlight|p2a: Clefable\n|-heal|p2a: Clefable|293/293\n|move|p1a: Spiritomb|Poltergeist|p2a: Clefable\n|-activate|p2a: Clefable|move: Poltergeist|Leftovers\n|-damage|p2a: Clefable|146/293\n|\n|-heal|p2a: Clefable|164/293|[from] item: Leftovers\n|-heal|p1a: Spiritomb|233/234|[from] item: Leftovers\n|upkeep\n|turn|14\n|\n|t:|1729282862\n|move|p2a: Clefable|Moonlight|p2a: Clefable\n|-heal|p2a: Clefable|293/293\n|move|p1a: Spiritomb|Poltergeist|p2a: Clefable\n|-activate|p2a: Clefable|move: Poltergeist|Leftovers\n|-damage|p2a: Clefable|143/293\n|\n|-heal|p2a: Clefable|161/293|[from] item: Leftovers\n|-heal|p1a: Spiritomb|234/234|[from] item: Leftovers\n|upkeep\n|turn|15\n|j| Ragnnis\n|inactive|velvestrade has 120 seconds left.\n|\n|t:|1729282881\n|move|p2a: Clefable|Moonblast|p1a: Spiritomb\n|-supereffective|p1a: Spiritomb\n|-damage|p1a: Spiritomb|72/234\n|move|p1a: Spiritomb|Poltergeist|p2a: Clefable\n|-activate|p2a: Clefable|move: Poltergeist|Leftovers\n|-damage|p2a: Clefable|19/293\n|\n|-heal|p2a: Clefable|37/293|[from] item: Leftovers\n|-heal|p1a: Spiritomb|86/234|[from] item: Leftovers\n|upkeep\n|turn|16\n|\n|t:|1729282888\n|switch|p2a: Terapagos|Terapagos, L76, M|262/262\n|-activate|p2a: Terapagos|ability: Tera Shift\n|detailschange|p2a: Terapagos|Terapagos-Terastal, L76, M\n|-heal|p2a: Terapagos|269/269|[silent]\n|move|p1a: Spiritomb|Shadow Sneak|p2a: Terapagos\n|-immune|p2a: Terapagos\n|\n|-heal|p1a: Spiritomb|100/234|[from] item: Leftovers\n|upkeep\n|turn|17\n|inactive|velvestrade has 120 seconds left.\n|\n|t:|1729282905\n|switch|p2a: Perrserker|Perrserker, L89, M|269/269 par\n|move|p1a: Spiritomb|Will-O-Wisp||[still]\n|-fail|p1a: Spiritomb\n|\n|-heal|p1a: Spiritomb|114/234|[from] item: Leftovers\n|upkeep\n|turn|18\n|inactive|velvestrade has 120 seconds left.\n|\n|t:|1729282915\n|move|p1a: Spiritomb|Poltergeist|p2a: Perrserker\n|-activate|p2a: Perrserker|move: Poltergeist|Choice Band\n|-damage|p2a: Perrserker|166/269 par\n|move|p2a: Perrserker|Knock Off|p1a: Spiritomb\n|-damage|p1a: Spiritomb|0 fnt\n|-enditem|p1a: Spiritomb|Leftovers|[from] move: Knock Off|[of] p2a: Perrserker\n|faint|p1a: Spiritomb\n|\n|upkeep\n|\n|t:|1729282920\n|switch|p1a: Charizard|Charizard, L85, M|271/271\n|turn|19\n|\n|t:|1729282927\n|switch|p2a: Oranguru|Oranguru, L92, M|265/315 par\n|move|p1a: Charizard|Flamethrower|p2a: Oranguru\n|-damage|p2a: Oranguru|183/315 par\n|\n|-heal|p2a: Oranguru|202/315 par|[from] item: Leftovers\n|upkeep\n|turn|20\n|\n|t:|1729282933\n|move|p1a: Charizard|Earthquake|p2a: Oranguru\n|-damage|p2a: Oranguru|139/315 par\n|cant|p2a: Oranguru|par\n|\n|-heal|p2a: Oranguru|158/315 par|[from] item: Leftovers\n|upkeep\n|turn|21\n|\n|t:|1729282939\n|move|p1a: Charizard|Flamethrower|p2a: Oranguru\n|-damage|p2a: Oranguru|77/315 par\n|move|p2a: Oranguru|Thunderbolt|p1a: Charizard\n|-supereffective|p1a: Charizard\n|-damage|p1a: Charizard|137/271\n|\n|-heal|p2a: Oranguru|96/315 par|[from] item: Leftovers\n|upkeep\n|turn|22\n|\n|t:|1729282950\n|move|p1a: Charizard|Hurricane|p2a: Oranguru|[miss]\n|-miss|p1a: Charizard|p2a: Oranguru\n|move|p2a: Oranguru|Psychic|p1a: Charizard\n|-damage|p1a: Charizard|19/271\n|\n|-heal|p2a: Oranguru|115/315 par|[from] item: Leftovers\n|upkeep\n|turn|23\n|\n|t:|1729282958\n|move|p1a: Charizard|Flamethrower|p2a: Oranguru\n|-damage|p2a: Oranguru|0 fnt\n|faint|p2a: Oranguru\n|\n|upkeep\n|\n|t:|1729282966\n|switch|p2a: Meowstic|Meowstic, L89, M|277/277\n|turn|24\n|\n|t:|1729282972\n|move|p2a: Meowstic|Psychic Noise|p1a: Charizard\n|-damage|p1a: Charizard|0 fnt\n|faint|p1a: Charizard\n|\n|upkeep\n|\n|t:|1729282974\n|switch|p1a: Chandelure|Chandelure, L83, F|235/235\n|turn|25\n|inactive|velvestrade has 120 seconds left.\n|\n|t:|1729283013\n|move|p2a: Meowstic|Thunder Wave|p1a: Chandelure\n|-status|p1a: Chandelure|par\n|move|p1a: Chandelure|Shadow Ball|p2a: Meowstic\n|-supereffective|p2a: Meowstic\n|-damage|p2a: Meowstic|25/277\n|-unboost|p2a: Meowstic|spd|1\n|\n|-heal|p2a: Meowstic|42/277|[from] item: Leftovers\n|upkeep\n|turn|26\n|inactive|velvestrade has 120 seconds left.\n|\n|t:|1729283025\n|switch|p2a: Terapagos|Terapagos-Terastal, L76, M|269/269\n|cant|p1a: Chandelure|par\n|\n|upkeep\n|turn|27\n|inactive|velvestrade has 120 seconds left.\n|\n|t:|1729283030\n|switch|p1a: Serperior|Serperior, L79, M|248/248\n|-damage|p1a: Serperior|217/248|[from] Stealth Rock\n|move|p2a: Terapagos|Calm Mind|p2a: Terapagos\n|-boost|p2a: Terapagos|spa|1\n|-boost|p2a: Terapagos|spd|1\n|\n|upkeep\n|turn|28\n|inactive|velvestrade has 120 seconds left.\n|\n|t:|1729283044\n|move|p1a: Serperior|Glare|p2a: Terapagos\n|-status|p2a: Terapagos|par\n|move|p2a: Terapagos|Tera Starstorm|p1a: Serperior\n|-damage|p1a: Serperior|51/248\n|\n|upkeep\n|turn|29\n|\n|t:|1729283058\n|move|p1a: Serperior|Leaf Storm|p2a: Terapagos\n|-activate|p2a: Terapagos|ability: Tera Shell\n|-resisted|p2a: Terapagos\n|-damage|p2a: Terapagos|230/269 par\n|-boost|p1a: Serperior|spa|2\n|-damage|p1a: Serperior|27/248|[from] item: Life Orb\n|move|p2a: Terapagos|Dark Pulse|p1a: Serperior\n|-damage|p1a: Serperior|0 fnt\n|faint|p1a: Serperior\n|\n|upkeep\n|\n|t:|1729283066\n|switch|p1a: Arceus|Arceus-Flying, L69|279/279\n|-damage|p1a: Arceus|210/279|[from] Stealth Rock\n|turn|30\n|inactive|velvestrade has 120 seconds left.\n|\n|t:|1729283088\n|move|p1a: Arceus|Calm Mind|p1a: Arceus\n|-boost|p1a: Arceus|spa|1\n|-boost|p1a: Arceus|spd|1\n|move|p2a: Terapagos|Tera Starstorm|p1a: Arceus\n|-damage|p1a: Arceus|93/279\n|\n|upkeep\n|turn|31\n|\n|t:|1729283097\n|switch|p2a: Meowstic|Meowstic, L89, M|42/277\n|move|p1a: Arceus|Recover|p1a: Arceus\n|-heal|p1a: Arceus|233/279\n|\n|-heal|p2a: Meowstic|59/277|[from] item: Leftovers\n|upkeep\n|turn|32\n|\n|t:|1729283103\n|-terastallize|p1a: Arceus|Ground\n|move|p2a: Meowstic|Thunder Wave|p1a: Arceus\n|-immune|p1a: Arceus\n|move|p1a: Arceus|Judgment|p2a: Meowstic\n|-damage|p2a: Meowstic|0 fnt\n|faint|p2a: Meowstic\n|\n|upkeep\n|inactive|velvestrade has 120 seconds left.\n|\n|t:|1729283124\n|switch|p2a: Terapagos|Terapagos-Terastal, L76, M|230/269 par\n|turn|33\n|inactive|velvestrade has 120 seconds left.\n|\n|t:|1729283133\n|-terastallize|p2a: Terapagos|Stellar\n|detailschange|p2a: Terapagos|Terapagos-Stellar, L76, M, tera:Stellar\n|-heal|p2a: Terapagos|329/368 par|[silent]\n|move|p1a: Arceus|Judgment|p2a: Terapagos\n|-damage|p2a: Terapagos|175/368 par\n|move|p2a: Terapagos|Calm Mind|p2a: Terapagos\n|-boost|p2a: Terapagos|spa|1\n|-boost|p2a: Terapagos|spd|1\n|\n|upkeep\n|turn|34\n|inactive|velvestrade has 120 seconds left.\n|\n|t:|1729283147\n|move|p1a: Arceus|Judgment|p2a: Terapagos\n|-damage|p2a: Terapagos|87/368 par\n|move|p2a: Terapagos|Tera Starstorm|p1a: Arceus\n|-supereffective|p1a: Arceus\n|-damage|p1a: Arceus|27/279\n|\n|upkeep\n|turn|35\n|\n|t:|1729283157\n|move|p1a: Arceus|Judgment|p2a: Terapagos\n|-damage|p2a: Terapagos|0 fnt\n|faint|p2a: Terapagos\n|\n|upkeep\n|\n|t:|1729283164\n|switch|p2a: Perrserker|Perrserker, L89, M|166/269 par\n|turn|36\n|\n|t:|1729283169\n|switch|p2a: Orthworm|Orthworm, L88, M|75/266\n|move|p1a: Arceus|Earth Power|p2a: Orthworm\n|-heal|p2a: Orthworm|141/266|[from] ability: Earth Eater|[of] p1a: Arceus\n|\n|upkeep\n|turn|37\n|\n|t:|1729283187\n|move|p1a: Arceus|Recover|p1a: Arceus\n|-heal|p1a: Arceus|167/279\n|move|p2a: Orthworm|Rest|p2a: Orthworm\n|-status|p2a: Orthworm|slp|[from] move: Rest\n|-heal|p2a: Orthworm|266/266 slp|[silent]\n|-enditem|p2a: Orthworm|Chesto Berry|[eat]\n|-curestatus|p2a: Orthworm|slp|[msg]\n|\n|upkeep\n|turn|38\n|\n|t:|1729283200\n|switch|p1a: Chandelure|Chandelure, L83, F|235/235 par\n|move|p2a: Orthworm|Body Press|p1a: Chandelure\n|-immune|p1a: Chandelure\n|\n|upkeep\n|turn|39\n|\n|t:|1729283208\n|switch|p2a: Perrserker|Perrserker, L89, M|166/269 par\n|cant|p1a: Chandelure|par\n|\n|upkeep\n|turn|40\n|inactive|velvestrade has 120 seconds left.\n|\n|t:|1729283239\n|move|p1a: Chandelure|Fire Blast|p2a: Perrserker\n|-supereffective|p2a: Perrserker\n|-damage|p2a: Perrserker|0 fnt\n|faint|p2a: Perrserker\n|\n|upkeep\n|\n|t:|1729283243\n|switch|p2a: Clefable|Clefable, L83, F|37/293\n|turn|41\n|\n|t:|1729283251\n|move|p2a: Clefable|Moonlight|p2a: Clefable\n|-heal|p2a: Clefable|183/293\n|move|p1a: Chandelure|Fire Blast|p2a: Clefable\n|-damage|p2a: Clefable|29/293\n|\n|-heal|p2a: Clefable|47/293|[from] item: Leftovers\n|upkeep\n|turn|42\n|\n|t:|1729283257\n|move|p2a: Clefable|Moonlight|p2a: Clefable\n|-heal|p2a: Clefable|193/293\n|move|p1a: Chandelure|Calm Mind|p1a: Chandelure\n|-boost|p1a: Chandelure|spa|1\n|-boost|p1a: Chandelure|spd|1\n|\n|-heal|p2a: Clefable|211/293|[from] item: Leftovers\n|upkeep\n|turn|43\n|\n|t:|1729283263\n|move|p2a: Clefable|Calm Mind|p2a: Clefable\n|-boost|p2a: Clefable|spa|1\n|-boost|p2a: Clefable|spd|1\n|move|p1a: Chandelure|Shadow Ball|p2a: Clefable\n|-damage|p2a: Clefable|130/293\n|\n|-heal|p2a: Clefable|148/293|[from] item: Leftovers\n|upkeep\n|turn|44\n|\n|t:|1729283270\n|move|p2a: Clefable|Moonlight|p2a: Clefable\n|-heal|p2a: Clefable|293/293\n|move|p1a: Chandelure|Fire Blast|p2a: Clefable\n|-damage|p2a: Clefable|193/293\n|-status|p2a: Clefable|brn\n|\n|-heal|p2a: Clefable|211/293 brn|[from] item: Leftovers\n|-damage|p2a: Clefable|193/293 brn|[from] brn\n|upkeep\n|turn|45\n|\n|t:|1729283277\n|move|p2a: Clefable|Calm Mind|p2a: Clefable\n|-boost|p2a: Clefable|spa|1\n|-boost|p2a: Clefable|spd|1\n|move|p1a: Chandelure|Calm Mind|p1a: Chandelure\n|-boost|p1a: Chandelure|spa|1\n|-boost|p1a: Chandelure|spd|1\n|\n|-heal|p2a: Clefable|211/293 brn|[from] item: Leftovers\n|-damage|p2a: Clefable|193/293 brn|[from] brn\n|upkeep\n|turn|46\n|c|\u2606sasuke_U1|gg\n|\n|t:|1729283284\n|move|p2a: Clefable|Calm Mind|p2a: Clefable\n|-boost|p2a: Clefable|spa|1\n|-boost|p2a: Clefable|spd|1\n|move|p1a: Chandelure|Calm Mind|p1a: Chandelure\n|-boost|p1a: Chandelure|spa|1\n|-boost|p1a: Chandelure|spd|1\n|\n|-heal|p2a: Clefable|211/293 brn|[from] item: Leftovers\n|-damage|p2a: Clefable|193/293 brn|[from] brn\n|upkeep\n|turn|47\n|\n|t:|1729283290\n|move|p2a: Clefable|Calm Mind|p2a: Clefable\n|-boost|p2a: Clefable|spa|1\n|-boost|p2a: Clefable|spd|1\n|move|p1a: Chandelure|Calm Mind|p1a: Chandelure\n|-boost|p1a: Chandelure|spa|1\n|-boost|p1a: Chandelure|spd|1\n|\n|-heal|p2a: Clefable|211/293 brn|[from] item: Leftovers\n|-damage|p2a: Clefable|193/293 brn|[from] brn\n|upkeep\n|turn|48\n|\n|t:|1729283299\n|move|p2a: Clefable|Moonblast|p1a: Chandelure\n|-resisted|p1a: Chandelure\n|-crit|p1a: Chandelure\n|-damage|p1a: Chandelure|36/235 par\n|-unboost|p1a: Chandelure|spa|1\n|cant|p1a: Chandelure|par\n|\n|-heal|p2a: Clefable|211/293 brn|[from] item: Leftovers\n|-damage|p2a: Clefable|193/293 brn|[from] brn\n|upkeep\n|turn|49\n|\n|t:|1729283309\n|move|p2a: Clefable|Moonblast|p1a: Chandelure\n|-resisted|p1a: Chandelure\n|-damage|p1a: Chandelure|0 fnt\n|faint|p1a: Chandelure\n|\n|-heal|p2a: Clefable|211/293 brn|[from] item: Leftovers\n|-damage|p2a: Clefable|193/293 brn|[from] brn\n|upkeep\n|\n|t:|1729283312\n|switch|p1a: Arceus|Arceus-Flying, L69, tera:Ground|167/279\n|-damage|p1a: Arceus|150/279|[from] Stealth Rock\n|turn|50\n|c|\u2606velvestrade|gg\n|\n|t:|1729283321\n|move|p1a: Arceus|Judgment|p2a: Clefable\n|-damage|p2a: Clefable|160/293 brn\n|move|p2a: Clefable|Moonblast|p1a: Arceus\n|-damage|p1a: Arceus|0 fnt\n|faint|p1a: Arceus\n|\n|win|velvestrade\n|raw|sasuke_U1's rating: 2245 &rarr; <strong>2225</strong><br />(-20 for losing)\n|raw|velvestrade's rating: 2243 &rarr; <strong>2263</strong><br />(+20 for winning)\n|l|\u2606sasuke_U1\n|player|p1|\n", "inputlog": ">version 24b5ea12b3dbe77b1f0aa07975a48e3bd4b94ca5\n>start {\"formatid\":\"gen9randombattle\",\"seed\":[17699,3638,56142,63828],\"rated\":\"Rated battle\"}\n>player p1 {\"name\":\"sasuke_U1\",\"avatar\":\"veteran\",\"rating\":2245,\"seed\":[22066,20130,33124,61159]}\n>player p2 {\"name\":\"velvestrade\",\"avatar\":\"miku-ground\",\"rating\":2243,\"seed\":[42208,32614,21273,30693]}\n>p1 move glare\n>p2 switch 6\n>p1 switch 6\n>p2 move uturn\n>p1 move flamethrower\n>p2 switch 6\n>p1 switch 5\n>p2 move nastyplot\n>p1 move foulplay\n>p2 switch 5\n>p1 switch 4\n>p2 move moonblast\n>p1 move flashcannon\n>p2 switch 4\n>p1 move thunderwave\n>p2 move stealthrock\n>p1 move fireblast\n>p2 move bodypress\n>p1 move fireblast\n>p2 switch 5\n>p1 move thunderwave\n>p2 move psychic\n>p1 switch 4\n>p1 move poltergeist\n>p2 switch 4\n>p1 move poltergeist\n>p2 move moonlight\n>p1 move poltergeist\n>p2 move moonlight\n>p1 move poltergeist\n>p2 move moonblast\n>p1 move shadowsneak\n>p2 switch 3\n>p1 move willowisp\n>p2 switch 6\n>p1 move poltergeist\n>p2 move knockoff\n>p1 switch 5\n>p1 move flamethrower\n>p2 switch 4\n>p1 move earthquake\n>p2 move thunderbolt\n>p1 move flamethrower\n>p2 move thunderbolt\n>p1 move hurricane\n>p2 move psychic\n>p1 move flamethrower\n>p2 move thunderbolt\n>p2 switch 2\n>p1 move flamethrower\n>p2 move psychicnoise\n>p1 switch 2\n>p1 move shadowball\n>p2 move thunderwave\n>p1 move fireblast\n>p2 switch 6\n>p1 switch 6\n>p2 move calmmind\n>p1 move glare\n>p2 move terastarstorm\n>p1 move leafstorm\n>p2 move darkpulse\n>p1 switch 3\n>p1 move calmmind\n>p2 move terastarstorm\n>p1 move recover\n>p2 switch 6\n>p1 move judgment terastallize\n>p2 move thunderwave\n>p2 switch 6\n>p1 move judgment\n>p2 move calmmind terastallize\n>p1 move judgment\n>p2 move terastarstorm\n>p1 move judgment\n>p2 move rapidspin\n>p2 switch 4\n>p1 move earthpower\n>p2 switch 5\n>p1 move recover\n>p2 move rest\n>p1 switch 6\n>p2 move bodypress\n>p1 move fireblast\n>p2 switch 5\n>p1 move fireblast\n>p2 move knockoff\n>p2 switch 3\n>p1 move fireblast\n>p2 move moonlight\n>p1 move calmmind\n>p2 move moonlight\n>p1 move shadowball\n>p2 move calmmind\n>p1 move fireblast\n>p2 move moonlight\n>p1 move calmmind\n>p2 move calmmind\n>chat \u2606sasuke_U1|gg\n>p1 move calmmind\n>p2 move calmmind\n>p1 move calmmind\n>p2 move calmmind\n>p1 move calmmind\n>p2 move moonblast\n>p1 move painsplit\n>p2 move moonblast\n>p1 switch 6\n>chat \u2606velvestrade|gg \n>p1 move judgment\n>p2 move moonblast", "uploadtime": 1729283337, "views": 55, "formatid": "gen9randombattle", "rating": 2225, "private": 0, "password": null}