{"id": "gen9randombattle-2128947807", "format": "[Gen 9] Random Battle", "players": ["Drop a nickname", "freebobby2020"], "log": "|badge|p1|silver|gen9randombattle|30-1\n|uhtml|medal-msg|<div class=\"broadcast-blue\">Curious what those medals under the avatar are? PS now has Ladder Seasons! For more information, check out the <a href=\"https://www.smogon.com/forums/threads/3740067/\">thread on Smogon.</a></div>\n|badge|p2|bronze|gen9randombattle|100-1\n|uhtml|medal-msg|<div class=\"broadcast-blue\">Curious what those medals under the avatar are? PS now has Ladder Seasons! For more information, check out the <a href=\"https://www.smogon.com/forums/threads/3740067/\">thread on Smogon.</a></div>\n|j|\u2606Drop a nickname\n|j|\u2606freebobby2020\n|t:|1716477816\n|gametype|singles\n|player|p1|Drop a nickname|266|2350\n|player|p2|freebobby2020|102|2365\n|teamsize|p1|6\n|teamsize|p2|6\n|gen|9\n|tier|[Gen 9] Random Battle\n|rated|\n|rule|Species Clause: Limit one of each Pok\u00e9mon\n|rule|HP Percentage Mod: HP is shown in percentages\n|rule|Sleep Clause Mod: Limit one foe put to sleep\n|rule|Illusion Level Mod: Illusion disguises the Pok\u00e9mon's true level\n|\n|t:|1716477816\n|start\n|switch|p1a: Torkoal|Torkoal, L88, F|266/266\n|switch|p2a: Sneasler|Sneasler, L74, M|240/240\n|-weather|SunnyDay|[from] ability: Drought|[of] p1a: Torkoal\n|turn|1\n|inactive|Battle timer is ON: inactive players will automatically lose when time's up. (requested by Drop a nickname)\n|\n|t:|1716477830\n|switch|p2a: Talonflame|Talonflame, L84, F|268/268\n|move|p1a: Torkoal|Stealth Rock|p2a: Talonflame\n|-sidestart|p2: freebobby2020|move: Stealth Rock\n|\n|-weather|SunnyDay|[upkeep]\n|upkeep\n|turn|2\n|\n|t:|1716477841\n|switch|p1a: Milotic|Milotic, L83, M|293/293\n|move|p2a: Talonflame|Brave Bird|p1a: Milotic\n|-damage|p1a: Milotic|182/293\n|-damage|p2a: Talonflame|231/268|[from] Recoil\n|\n|-weather|SunnyDay|[upkeep]\n|-heal|p1a: Milotic|200/293|[from] item: Leftovers\n|upkeep\n|turn|3\n|\n|t:|1716477848\n|move|p2a: Talonflame|Brave Bird|p1a: Milotic\n|-damage|p1a: Milotic|76/293\n|-damage|p2a: Talonflame|190/268|[from] Recoil\n|move|p1a: Milotic|Scald|p2a: Talonflame\n|-supereffective|p2a: Talonflame\n|-damage|p2a: Talonflame|98/268\n|\n|-weather|SunnyDay|[upkeep]\n|-heal|p1a: Milotic|94/293|[from] item: Leftovers\n|upkeep\n|turn|4\n|\n|t:|1716477851\n|switch|p1a: Entei|Entei, L78|307/307\n|move|p2a: Talonflame|Brave Bird|p1a: Entei\n|-damage|p1a: Entei|192/307\n|-damage|p2a: Talonflame|60/268|[from] Recoil\n|\n|-weather|SunnyDay|[upkeep]\n|upkeep\n|turn|5\n|\n|t:|1716477862\n|switch|p2a: Luvdisc|Luvdisc, M|247/247\n|move|p1a: Entei|Flare Blitz|p2a: Luvdisc\n|-resisted|p2a: Luvdisc\n|-damage|p2a: Luvdisc|67/247\n|-damage|p1a: Entei|133/307|[from] Recoil\n|\n|-weather|none\n|upkeep\n|turn|6\n|\n|t:|1716477871\n|switch|p1a: Whimsicott|Whimsicott, L85, F|241/241\n|move|p2a: Luvdisc|Surf|p1a: Whimsicott\n|-resisted|p1a: Whimsicott\n|-damage|p1a: Whimsicott|202/241\n|\n|-heal|p1a: Whimsicott|217/241|[from] item: Leftovers\n|upkeep\n|turn|7\n|\n|t:|1716477879\n|move|p2a: Luvdisc|Endeavor|p1a: Whimsicott\n|-damage|p1a: Whimsicott|67/241\n|move|p1a: Whimsicott|Moonblast|p2a: Luvdisc\n|-damage|p2a: Luvdisc|0 fnt\n|faint|p2a: Luvdisc\n|\n|-heal|p1a: Whimsicott|82/241|[from] item: Leftovers\n|upkeep\n|\n|t:|1716477887\n|switch|p2a: Talonflame|Talonflame, L84, F|60/268\n|turn|8\n|\n|t:|1716477893\n|switch|p1a: Entei|Entei, L78|133/307\n|move|p2a: Talonflame|Brave Bird|p1a: Entei\n|-damage|p1a: Entei|6/307\n|-damage|p2a: Talonflame|18/268|[from] Recoil\n|\n|upkeep\n|turn|9\n|\n|t:|1716477902\n|switch|p2a: Scream Tail|Scream Tail, L84|330/330\n|-damage|p2a: Scream Tail|289/330|[from] Stealth Rock\n|move|p1a: Entei|Extreme Speed|p2a: Scream Tail\n|-damage|p2a: Scream Tail|207/330\n|\n|-heal|p2a: Scream Tail|227/330|[from] item: Leftovers\n|upkeep\n|turn|10\n|\n|t:|1716477906\n|switch|p1a: Scizor|Scizor, L79, F|240/240\n|move|p2a: Scream Tail|Wish|p2a: Scream Tail\n|\n|-heal|p2a: Scream Tail|247/330|[from] item: Leftovers\n|upkeep\n|turn|11\n|\n|t:|1716477912\n|-end|p2a: Scream Tail|Protosynthesis|[silent]\n|switch|p2a: Phione|Phione, L90|290/290\n|-damage|p2a: Phione|254/290|[from] Stealth Rock\n|move|p1a: Scizor|Knock Off|p2a: Phione\n|-damage|p2a: Phione|143/290\n|-enditem|p2a: Phione|Leftovers|[from] move: Knock Off|[of] p1a: Scizor\n|\n|-heal|p2a: Phione|290/290|[from] move: Wish|[wisher] Scream Tail\n|upkeep\n|turn|12\n|\n|t:|1716477921\n|switch|p1a: Milotic|Milotic, L83, M|94/293\n|move|p2a: Phione|Scald|p1a: Milotic\n|-resisted|p1a: Milotic\n|-damage|p1a: Milotic|61/293\n|\n|-heal|p1a: Milotic|79/293|[from] item: Leftovers\n|upkeep\n|turn|13\n|\n|t:|1716477924\n|move|p2a: Phione|Take Heart|p2a: Phione\n|-boost|p2a: Phione|spa|1\n|-boost|p2a: Phione|spd|1\n|move|p1a: Milotic|Recover|p1a: Milotic\n|-heal|p1a: Milotic|226/293\n|\n|-heal|p1a: Milotic|244/293|[from] item: Leftovers\n|upkeep\n|turn|14\n|\n|t:|1716477930\n|move|p2a: Phione|Scald|p1a: Milotic\n|-resisted|p1a: Milotic\n|-damage|p1a: Milotic|197/293\n|move|p1a: Milotic|Flip Turn|p2a: Phione\n|-resisted|p2a: Phione\n|-damage|p2a: Phione|268/290\n|\n|t:|1716477938\n|switch|p1a: Whimsicott|Whimsicott, L85, F|82/241|[from] Flip Turn\n|\n|-heal|p1a: Whimsicott|97/241|[from] item: Leftovers\n|upkeep\n|turn|15\n|\n|t:|1716477941\n|move|p1a: Whimsicott|Leech Seed|p2a: Phione\n|-start|p2a: Phione|move: Leech Seed\n|move|p2a: Phione|Scald|p1a: Whimsicott\n|-resisted|p1a: Whimsicott\n|-damage|p1a: Whimsicott|31/241\n|\n|-heal|p1a: Whimsicott|46/241|[from] item: Leftovers\n|-damage|p2a: Phione|232/290|[from] Leech Seed|[of] p1a: Whimsicott\n|-heal|p1a: Whimsicott|82/241|[silent]\n|upkeep\n|turn|16\n|\n|t:|1716477948\n|switch|p2a: Scream Tail|Scream Tail, L84|247/330\n|-damage|p2a: Scream Tail|206/330|[from] Stealth Rock\n|move|p1a: Whimsicott|Substitute|p1a: Whimsicott\n|-start|p1a: Whimsicott|Substitute\n|-damage|p1a: Whimsicott|22/241\n|\n|-heal|p1a: Whimsicott|37/241|[from] item: Leftovers\n|-heal|p2a: Scream Tail|226/330|[from] item: Leftovers\n|upkeep\n|turn|17\n|\n|t:|1716477958\n|move|p1a: Whimsicott|Leech Seed|p2a: Scream Tail|[miss]\n|-miss|p1a: Whimsicott|p2a: Scream Tail\n|move|p2a: Scream Tail|Encore|p1a: Whimsicott\n|-start|p1a: Whimsicott|Encore\n|\n|-heal|p1a: Whimsicott|52/241|[from] item: Leftovers\n|-heal|p2a: Scream Tail|246/330|[from] item: Leftovers\n|upkeep\n|turn|18\n|\n|t:|1716477965\n|move|p1a: Whimsicott|Leech Seed|p2a: Scream Tail\n|-start|p2a: Scream Tail|move: Leech Seed\n|move|p2a: Scream Tail|Wish|p2a: Scream Tail\n|\n|-heal|p1a: Whimsicott|67/241|[from] item: Leftovers\n|-heal|p2a: Scream Tail|266/330|[from] item: Leftovers\n|-damage|p2a: Scream Tail|225/330|[from] Leech Seed|[of] p1a: Whimsicott\n|-heal|p1a: Whimsicott|108/241|[silent]\n|upkeep\n|turn|19\n|\n|t:|1716477969\n|-end|p2a: Scream Tail|Protosynthesis|[silent]\n|switch|p2a: Talonflame|Talonflame, L84, F|18/268\n|move|p1a: Whimsicott|Leech Seed|p2a: Talonflame\n|-start|p2a: Talonflame|move: Leech Seed\n|\n|-heal|p2a: Talonflame|183/268|[from] move: Wish|[wisher] Scream Tail\n|-heal|p1a: Whimsicott|123/241|[from] item: Leftovers\n|-damage|p2a: Talonflame|150/268|[from] Leech Seed|[of] p1a: Whimsicott\n|-heal|p1a: Whimsicott|156/241|[silent]\n|upkeep\n|turn|20\n|\n|t:|1716477975\n|switch|p1a: Milotic|Milotic, L83, M|197/293\n|move|p2a: Talonflame|Brave Bird|p1a: Milotic\n|-damage|p1a: Milotic|70/293\n|-damage|p2a: Talonflame|108/268|[from] Recoil\n|\n|-heal|p1a: Milotic|88/293|[from] item: Leftovers\n|-damage|p2a: Talonflame|75/268|[from] Leech Seed|[of] p1a: Milotic\n|-heal|p1a: Milotic|121/293|[silent]\n|upkeep\n|turn|21\n|\n|t:|1716477980\n|move|p2a: Talonflame|Roost|p2a: Talonflame\n|-heal|p2a: Talonflame|209/268\n|-singleturn|p2a: Talonflame|move: Roost\n|move|p1a: Milotic|Scald|p2a: Talonflame\n|-supereffective|p2a: Talonflame\n|-damage|p2a: Talonflame|0 fnt\n|faint|p2a: Talonflame\n|\n|-heal|p1a: Milotic|139/293|[from] item: Leftovers\n|upkeep\n|\n|t:|1716477987\n|switch|p2a: Sneasler|Sneasler, L74, M|240/240\n|-damage|p2a: Sneasler|225/240|[from] Stealth Rock\n|turn|22\n|\n|t:|1716477993\n|switch|p1a: Entei|Entei, L78|6/307\n|move|p2a: Sneasler|Swords Dance|p2a: Sneasler\n|-boost|p2a: Sneasler|atk|2\n|\n|upkeep\n|turn|23\n|\n|t:|1716477997\n|move|p1a: Entei|Extreme Speed|p2a: Sneasler\n|-damage|p2a: Sneasler|95/240\n|move|p2a: Sneasler|Close Combat|p1a: Entei\n|-damage|p1a: Entei|0 fnt\n|-unboost|p2a: Sneasler|def|1\n|-unboost|p2a: Sneasler|spd|1\n|-enditem|p2a: Sneasler|White Herb\n|-clearnegativeboost|p2a: Sneasler|[silent]\n|faint|p1a: Entei\n|\n|upkeep\n|\n|t:|1716478000\n|switch|p1a: Scizor|Scizor, L79, F|240/240\n|turn|24\n|\n|t:|1716478004\n|move|p1a: Scizor|Bullet Punch|p2a: Sneasler\n|-damage|p2a: Sneasler|0 fnt\n|faint|p2a: Sneasler\n|\n|upkeep\n|\n|t:|1716478008\n|switch|p2a: Phione|Phione, L90|232/290\n|-damage|p2a: Phione|196/290|[from] Stealth Rock\n|turn|25\n|\n|t:|1716478011\n|switch|p1a: Whimsicott|Whimsicott, L85, F|156/241\n|move|p2a: Phione|Scald|p1a: Whimsicott\n|-resisted|p1a: Whimsicott\n|-damage|p1a: Whimsicott|107/241\n|-status|p1a: Whimsicott|brn\n|\n|-heal|p1a: Whimsicott|122/241 brn|[from] item: Leftovers\n|-damage|p1a: Whimsicott|107/241 brn|[from] brn\n|upkeep\n|turn|26\n|\n|t:|1716478016\n|switch|p2a: Scream Tail|Scream Tail, L84|225/330\n|-damage|p2a: Scream Tail|184/330|[from] Stealth Rock\n|move|p1a: Whimsicott|Leech Seed|p2a: Scream Tail\n|-start|p2a: Scream Tail|move: Leech Seed\n|\n|-heal|p1a: Whimsicott|122/241 brn|[from] item: Leftovers\n|-heal|p2a: Scream Tail|204/330|[from] item: Leftovers\n|-damage|p2a: Scream Tail|163/330|[from] Leech Seed|[of] p1a: Whimsicott\n|-heal|p1a: Whimsicott|163/241 brn|[silent]\n|-damage|p1a: Whimsicott|148/241 brn|[from] brn\n|upkeep\n|turn|27\n|\n|t:|1716478022\n|switch|p1a: Scizor|Scizor, L79, F|240/240\n|move|p2a: Scream Tail|Wish|p2a: Scream Tail\n|\n|-heal|p2a: Scream Tail|183/330|[from] item: Leftovers\n|-damage|p2a: Scream Tail|142/330|[from] Leech Seed|[of] p1a: Scizor\n|upkeep\n|turn|28\n|\n|t:|1716478032\n|move|p2a: Scream Tail|Protect|p2a: Scream Tail\n|-singleturn|p2a: Scream Tail|Protect\n|move|p1a: Scizor|Close Combat|p2a: Scream Tail\n|-activate|p2a: Scream Tail|move: Protect\n|\n|-heal|p2a: Scream Tail|307/330|[from] move: Wish|[wisher] Scream Tail\n|-heal|p2a: Scream Tail|327/330|[from] item: Leftovers\n|-damage|p2a: Scream Tail|286/330|[from] Leech Seed|[of] p1a: Scizor\n|upkeep\n|turn|29\n|\n|t:|1716478037\n|switch|p1a: Milotic|Milotic, L83, M|139/293\n|move|p2a: Scream Tail|Wish|p2a: Scream Tail\n|\n|-heal|p2a: Scream Tail|306/330|[from] item: Leftovers\n|-heal|p1a: Milotic|157/293|[from] item: Leftovers\n|-damage|p2a: Scream Tail|265/330|[from] Leech Seed|[of] p1a: Milotic\n|-heal|p1a: Milotic|198/293|[silent]\n|upkeep\n|turn|30\n|\n|t:|1716478043\n|-end|p2a: Scream Tail|Protosynthesis|[silent]\n|switch|p2a: Phione|Phione, L90|196/290\n|-damage|p2a: Phione|160/290|[from] Stealth Rock\n|move|p1a: Milotic|Flip Turn|p2a: Phione\n|-resisted|p2a: Phione\n|-damage|p2a: Phione|137/290\n|\n|t:|1716478050\n|switch|p1a: Whimsicott|Whimsicott, L85, F|148/241 brn|[from] Flip Turn\n|\n|-heal|p2a: Phione|290/290|[from] move: Wish|[wisher] Scream Tail\n|-heal|p1a: Whimsicott|163/241 brn|[from] item: Leftovers\n|-damage|p1a: Whimsicott|148/241 brn|[from] brn\n|upkeep\n|turn|31\n|\n|t:|1716478055\n|switch|p2a: Scream Tail|Scream Tail, L84|265/330\n|-damage|p2a: Scream Tail|224/330|[from] Stealth Rock\n|move|p1a: Whimsicott|Leech Seed|p2a: Scream Tail\n|-start|p2a: Scream Tail|move: Leech Seed\n|\n|-heal|p1a: Whimsicott|163/241 brn|[from] item: Leftovers\n|-heal|p2a: Scream Tail|244/330|[from] item: Leftovers\n|-damage|p2a: Scream Tail|203/330|[from] Leech Seed|[of] p1a: Whimsicott\n|-heal|p1a: Whimsicott|204/241 brn|[silent]\n|-damage|p1a: Whimsicott|189/241 brn|[from] brn\n|upkeep\n|turn|32\n|\n|t:|1716478058\n|move|p1a: Whimsicott|Moonblast|p2a: Scream Tail\n|-damage|p2a: Scream Tail|131/330\n|move|p2a: Scream Tail|Wish|p2a: Scream Tail\n|\n|-heal|p1a: Whimsicott|204/241 brn|[from] item: Leftovers\n|-heal|p2a: Scream Tail|151/330|[from] item: Leftovers\n|-damage|p2a: Scream Tail|110/330|[from] Leech Seed|[of] p1a: Whimsicott\n|-heal|p1a: Whimsicott|241/241 brn|[silent]\n|-damage|p1a: Whimsicott|226/241 brn|[from] brn\n|upkeep\n|turn|33\n|\n|t:|1716478064\n|switch|p1a: Scizor|Scizor, L79, F|240/240\n|move|p2a: Scream Tail|Encore||[still]\n|-fail|p2a: Scream Tail\n|\n|-heal|p2a: Scream Tail|275/330|[from] move: Wish|[wisher] Scream Tail\n|-heal|p2a: Scream Tail|295/330|[from] item: Leftovers\n|-damage|p2a: Scream Tail|254/330|[from] Leech Seed|[of] p1a: Scizor\n|upkeep\n|turn|34\n|\n|t:|1716478071\n|move|p2a: Scream Tail|Wish|p2a: Scream Tail\n|move|p1a: Scizor|Knock Off|p2a: Scream Tail\n|-damage|p2a: Scream Tail|146/330\n|-enditem|p2a: Scream Tail|Leftovers|[from] move: Knock Off|[of] p1a: Scizor\n|\n|-damage|p2a: Scream Tail|105/330|[from] Leech Seed|[of] p1a: Scizor\n|upkeep\n|turn|35\n|\n|t:|1716478087\n|move|p2a: Scream Tail|Protect|p2a: Scream Tail\n|-singleturn|p2a: Scream Tail|Protect\n|move|p1a: Scizor|Knock Off|p2a: Scream Tail\n|-activate|p2a: Scream Tail|move: Protect\n|\n|-heal|p2a: Scream Tail|270/330|[from] move: Wish|[wisher] Scream Tail\n|-damage|p2a: Scream Tail|229/330|[from] Leech Seed|[of] p1a: Scizor\n|upkeep\n|turn|36\n|\n|t:|1716478091\n|move|p2a: Scream Tail|Wish|p2a: Scream Tail\n|move|p1a: Scizor|Knock Off|p2a: Scream Tail\n|-damage|p2a: Scream Tail|160/330\n|\n|-damage|p2a: Scream Tail|119/330|[from] Leech Seed|[of] p1a: Scizor\n|upkeep\n|turn|37\n|\n|t:|1716478097\n|-end|p2a: Scream Tail|Protosynthesis|[silent]\n|switch|p2a: Phione|Phione, L90|290/290\n|-damage|p2a: Phione|254/290|[from] Stealth Rock\n|move|p1a: Scizor|Knock Off|p2a: Phione\n|-damage|p2a: Phione|182/290\n|\n|-heal|p2a: Phione|290/290|[from] move: Wish|[wisher] Scream Tail\n|upkeep\n|turn|38\n|\n|t:|1716478104\n|switch|p1a: Whimsicott|Whimsicott, L85, F|226/241 brn\n|move|p2a: Phione|Take Heart|p2a: Phione\n|-boost|p2a: Phione|spa|1\n|-boost|p2a: Phione|spd|1\n|\n|-heal|p1a: Whimsicott|241/241 brn|[from] item: Leftovers\n|-damage|p1a: Whimsicott|226/241 brn|[from] brn\n|upkeep\n|turn|39\n|\n|t:|1716478108\n|move|p1a: Whimsicott|Leech Seed|p2a: Phione\n|-start|p2a: Phione|move: Leech Seed\n|move|p2a: Phione|Scald|p1a: Whimsicott\n|-resisted|p1a: Whimsicott\n|-damage|p1a: Whimsicott|160/241 brn\n|\n|-heal|p1a: Whimsicott|175/241 brn|[from] item: Leftovers\n|-damage|p2a: Phione|254/290|[from] Leech Seed|[of] p1a: Whimsicott\n|-heal|p1a: Whimsicott|211/241 brn|[silent]\n|-damage|p1a: Whimsicott|196/241 brn|[from] brn\n|upkeep\n|turn|40\n|\n|t:|1716478112\n|move|p1a: Whimsicott|Moonblast|p2a: Phione\n|-damage|p2a: Phione|196/290\n|move|p2a: Phione|Take Heart|p2a: Phione\n|-boost|p2a: Phione|spa|1\n|-boost|p2a: Phione|spd|1\n|\n|-heal|p1a: Whimsicott|211/241 brn|[from] item: Leftovers\n|-damage|p2a: Phione|160/290|[from] Leech Seed|[of] p1a: Whimsicott\n|-heal|p1a: Whimsicott|241/241 brn|[silent]\n|-damage|p1a: Whimsicott|226/241 brn|[from] brn\n|upkeep\n|turn|41\n|\n|t:|1716478115\n|move|p1a: Whimsicott|Moonblast|p2a: Phione\n|-damage|p2a: Phione|114/290\n|move|p2a: Phione|Scald|p1a: Whimsicott\n|-resisted|p1a: Whimsicott\n|-damage|p1a: Whimsicott|132/241 brn\n|\n|-heal|p1a: Whimsicott|147/241 brn|[from] item: Leftovers\n|-damage|p2a: Phione|78/290|[from] Leech Seed|[of] p1a: Whimsicott\n|-heal|p1a: Whimsicott|183/241 brn|[silent]\n|-damage|p1a: Whimsicott|168/241 brn|[from] brn\n|upkeep\n|turn|42\n|\n|t:|1716478118\n|move|p1a: Whimsicott|Moonblast|p2a: Phione\n|-damage|p2a: Phione|36/290\n|move|p2a: Phione|Rest|p2a: Phione\n|-status|p2a: Phione|slp|[from] move: Rest\n|-heal|p2a: Phione|290/290 slp|[silent]\n|\n|-heal|p1a: Whimsicott|183/241 brn|[from] item: Leftovers\n|-damage|p2a: Phione|254/290 slp|[from] Leech Seed|[of] p1a: Whimsicott\n|-heal|p1a: Whimsicott|219/241 brn|[silent]\n|-damage|p1a: Whimsicott|204/241 brn|[from] brn\n|upkeep\n|turn|43\n|\n|t:|1716478123\n|move|p1a: Whimsicott|Moonblast|p2a: Phione\n|-damage|p2a: Phione|205/290 slp\n|cant|p2a: Phione|slp\n|move|p2a: Phione|Sleep Talk|p2a: Phione\n|move|p2a: Phione|Rest||[from]move: Sleep Talk|[still]\n|-fail|p2a: Phione\n|\n|-heal|p1a: Whimsicott|219/241 brn|[from] item: Leftovers\n|-damage|p2a: Phione|169/290 slp|[from] Leech Seed|[of] p1a: Whimsicott\n|-heal|p1a: Whimsicott|241/241 brn|[silent]\n|-damage|p1a: Whimsicott|226/241 brn|[from] brn\n|upkeep\n|turn|44\n|\n|t:|1716478126\n|move|p1a: Whimsicott|Moonblast|p2a: Phione\n|-damage|p2a: Phione|121/290 slp\n|cant|p2a: Phione|slp\n|move|p2a: Phione|Sleep Talk|p2a: Phione\n|move|p2a: Phione|Rest||[from]move: Sleep Talk|[still]\n|-fail|p2a: Phione\n|\n|-heal|p1a: Whimsicott|241/241 brn|[from] item: Leftovers\n|-damage|p2a: Phione|85/290 slp|[from] Leech Seed|[of] p1a: Whimsicott\n|-damage|p1a: Whimsicott|226/241 brn|[from] brn\n|upkeep\n|turn|45\n|\n|t:|1716478128\n|move|p1a: Whimsicott|Moonblast|p2a: Phione\n|-damage|p2a: Phione|37/290 slp\n|-curestatus|p2a: Phione|slp|[msg]\n|move|p2a: Phione|Rest|p2a: Phione\n|-status|p2a: Phione|slp|[from] move: Rest\n|-heal|p2a: Phione|290/290 slp|[silent]\n|\n|-heal|p1a: Whimsicott|241/241 brn|[from] item: Leftovers\n|-damage|p2a: Phione|254/290 slp|[from] Leech Seed|[of] p1a: Whimsicott\n|-damage|p1a: Whimsicott|226/241 brn|[from] brn\n|upkeep\n|turn|46\n|\n|t:|1716478131\n|switch|p1a: Lokix|Lokix, L82, M|251/251\n|cant|p2a: Phione|slp\n|move|p2a: Phione|Sleep Talk|p2a: Phione\n|move|p2a: Phione|Scald|p1a: Lokix|[from]move: Sleep Talk\n|-damage|p1a: Lokix|20/251\n|\n|-damage|p2a: Phione|218/290 slp|[from] Leech Seed|[of] p1a: Lokix\n|-heal|p1a: Lokix|56/251|[silent]\n|upkeep\n|turn|47\n|\n|t:|1716478140\n|move|p1a: Lokix|Leech Life|p2a: Phione\n|-damage|p2a: Phione|115/290 slp\n|-heal|p1a: Lokix|108/251|[from] drain|[of] p2a: Phione\n|-damage|p1a: Lokix|83/251|[from] item: Life Orb\n|cant|p2a: Phione|slp\n|move|p2a: Phione|Sleep Talk|p2a: Phione\n|move|p2a: Phione|Scald|p1a: Lokix|[from]move: Sleep Talk\n|-damage|p1a: Lokix|0 fnt\n|faint|p1a: Lokix\n|\n|upkeep\n|\n|t:|1716478155\n|switch|p1a: Whimsicott|Whimsicott, L85, F|226/241 brn\n|turn|48\n|\n|t:|1716478158\n|move|p1a: Whimsicott|Moonblast|p2a: Phione\n|-damage|p2a: Phione|70/290 slp\n|-unboost|p2a: Phione|spa|1\n|-curestatus|p2a: Phione|slp|[msg]\n|move|p2a: Phione|Rest|p2a: Phione\n|-status|p2a: Phione|slp|[from] move: Rest\n|-heal|p2a: Phione|290/290 slp|[silent]\n|\n|-heal|p1a: Whimsicott|241/241 brn|[from] item: Leftovers\n|-damage|p2a: Phione|254/290 slp|[from] Leech Seed|[of] p1a: Whimsicott\n|-damage|p1a: Whimsicott|226/241 brn|[from] brn\n|upkeep\n|turn|49\n|\n|t:|1716478166\n|switch|p1a: Scizor|Scizor, L79, F|240/240\n|cant|p2a: Phione|slp\n|move|p2a: Phione|Sleep Talk|p2a: Phione\n|move|p2a: Phione|Scald|p1a: Scizor|[from]move: Sleep Talk\n|-damage|p1a: Scizor|90/240\n|\n|-damage|p2a: Phione|218/290 slp|[from] Leech Seed|[of] p1a: Scizor\n|-heal|p1a: Scizor|126/240|[silent]\n|upkeep\n|turn|50\n|\n|t:|1716478173\n|switch|p2a: Scream Tail|Scream Tail, L84|119/330\n|-damage|p2a: Scream Tail|78/330|[from] Stealth Rock\n|move|p1a: Scizor|Close Combat|p2a: Scream Tail\n|-resisted|p2a: Scream Tail\n|-damage|p2a: Scream Tail|44/330\n|-unboost|p1a: Scizor|def|1\n|-unboost|p1a: Scizor|spd|1\n|\n|upkeep\n|turn|51\n|\n|t:|1716478183\n|switch|p1a: Whimsicott|Whimsicott, L85, F|226/241 brn\n|move|p2a: Scream Tail|Wish|p2a: Scream Tail\n|\n|-heal|p1a: Whimsicott|241/241 brn|[from] item: Leftovers\n|-damage|p1a: Whimsicott|226/241 brn|[from] brn\n|upkeep\n|turn|52\n|\n|t:|1716478187\n|move|p2a: Scream Tail|Protect|p2a: Scream Tail\n|-singleturn|p2a: Scream Tail|Protect\n|move|p1a: Whimsicott|Leech Seed|p2a: Scream Tail\n|-activate|p2a: Scream Tail|move: Protect\n|\n|-heal|p2a: Scream Tail|209/330|[from] move: Wish|[wisher] Scream Tail\n|-heal|p1a: Whimsicott|241/241 brn|[from] item: Leftovers\n|-damage|p1a: Whimsicott|226/241 brn|[from] brn\n|upkeep\n|turn|53\n|\n|t:|1716478191\n|move|p1a: Whimsicott|Leech Seed|p2a: Scream Tail\n|-start|p2a: Scream Tail|move: Leech Seed\n|move|p2a: Scream Tail|Wish|p2a: Scream Tail\n|\n|-heal|p1a: Whimsicott|241/241 brn|[from] item: Leftovers\n|-damage|p2a: Scream Tail|168/330|[from] Leech Seed|[of] p1a: Whimsicott\n|-damage|p1a: Whimsicott|226/241 brn|[from] brn\n|upkeep\n|turn|54\n|\n|t:|1716478194\n|-end|p2a: Scream Tail|Protosynthesis|[silent]\n|switch|p2a: Phione|Phione, L90|218/290 slp\n|-damage|p2a: Phione|182/290 slp|[from] Stealth Rock\n|move|p1a: Whimsicott|Moonblast|p2a: Phione\n|-damage|p2a: Phione|94/290 slp\n|\n|-heal|p2a: Phione|259/290 slp|[from] move: Wish|[wisher] Scream Tail\n|-heal|p1a: Whimsicott|241/241 brn|[from] item: Leftovers\n|-damage|p1a: Whimsicott|226/241 brn|[from] brn\n|upkeep\n|turn|55\n|\n|t:|1716478208\n|move|p1a: Whimsicott|Moonblast|p2a: Phione\n|-damage|p2a: Phione|172/290 slp\n|cant|p2a: Phione|slp\n|move|p2a: Phione|Sleep Talk|p2a: Phione\n|move|p2a: Phione|Take Heart|p2a: Phione|[from]move: Sleep Talk\n|-boost|p2a: Phione|spa|1\n|-boost|p2a: Phione|spd|1\n|-curestatus|p2a: Phione|slp|[msg]\n|\n|-heal|p1a: Whimsicott|241/241 brn|[from] item: Leftovers\n|-damage|p1a: Whimsicott|226/241 brn|[from] brn\n|upkeep\n|turn|56\n|\n|t:|1716478211\n|move|p1a: Whimsicott|Leech Seed|p2a: Phione\n|-start|p2a: Phione|move: Leech Seed\n|move|p2a: Phione|Take Heart|p2a: Phione\n|-boost|p2a: Phione|spa|1\n|-boost|p2a: Phione|spd|1\n|\n|-heal|p1a: Whimsicott|241/241 brn|[from] item: Leftovers\n|-damage|p2a: Phione|136/290|[from] Leech Seed|[of] p1a: Whimsicott\n|-damage|p1a: Whimsicott|226/241 brn|[from] brn\n|upkeep\n|turn|57\n|\n|t:|1716478217\n|switch|p1a: Scizor|Scizor, L79, F|126/240\n|move|p2a: Phione|Rest|p2a: Phione\n|-status|p2a: Phione|slp|[from] move: Rest\n|-heal|p2a: Phione|290/290 slp|[silent]\n|\n|-damage|p2a: Phione|254/290 slp|[from] Leech Seed|[of] p1a: Scizor\n|-heal|p1a: Scizor|162/240|[silent]\n|upkeep\n|turn|58\n|\n|t:|1716478220\n|cant|p2a: Phione|slp\n|move|p2a: Phione|Sleep Talk|p2a: Phione\n|move|p2a: Phione|Scald|p1a: Scizor|[from]move: Sleep Talk\n|-damage|p1a: Scizor|0 fnt\n|faint|p1a: Scizor\n|\n|upkeep\n|-message|Drop a nickname forfeited.\n|\n|win|freebobby2020\n|raw|Drop a nickname's rating: 2350 &rarr; <strong>2331</strong><br />(-19 for losing)\n|raw|freebobby2020's rating: 2365 &rarr; <strong>2384</strong><br />(+19 for winning)\n|l|\u2606Drop a nickname\n|player|p1|\n|l|\u2606freebobby2020\n|player|p2|\n", "inputlog": ">version 7158ead19aeac8750849df2840eabb6dbec77df6\n>start {\"formatid\":\"gen9randombattle\",\"seed\":[8439,39121,11262,17282],\"rated\":\"Rated battle\"}\n>player p1 {\"name\":\"Drop a nickname\",\"avatar\":\"266\",\"rating\":2350,\"seed\":[58702,23568,58976,52433]}\n>player p2 {\"name\":\"freebobby2020\",\"avatar\":\"102\",\"rating\":2365,\"seed\":[19426,4050,2713,30100]}\n>p1 move stealthrock\n>p2 switch 2\n>p1 switch 6\n>p2 move bravebird\n>p1 move scald\n>p2 move bravebird\n>p1 switch 4\n>p2 move bravebird\n>p1 move flareblitz\n>p2 switch 4\n>p1 switch 5\n>p2 move surf\n>p1 move moonblast\n>p2 move endeavor\n>p2 switch 4\n>p1 switch 5\n>p2 move bravebird\n>p1 move extremespeed\n>p2 switch 6\n>p1 switch 3\n>p2 move wish\n>p1 move knockoff\n>p2 switch 5\n>p1 switch 4\n>p2 move scald\n>p1 move recover\n>p2 move takeheart\n>p1 move flipturn\n>p2 move scald\n>p1 switch 5\n>p1 move leechseed\n>p2 move scald\n>p1 move substitute\n>p2 switch 5\n>p1 move leechseed\n>p2 move encore\n>p1 move leechseed\n>p2 move wish\n>p1 move leechseed\n>p2 switch 6\n>p1 switch 5\n>p2 move bravebird\n>p1 move scald\n>p2 move roost\n>p2 switch 2\n>p1 switch 3\n>p2 move swordsdance\n>p1 move extremespeed\n>p2 move closecombat\n>p1 switch 4\n>p1 move bulletpunch\n>p2 move closecombat\n>p2 switch 5\n>p1 switch 5\n>p2 move scald\n>p1 move leechseed\n>p2 switch 6\n>p1 switch 5\n>p2 move wish\n>p1 move closecombat\n>p2 move protect\n>p1 switch 3\n>p2 move wish\n>p1 move flipturn\n>p2 switch 6\n>p1 switch 5\n>p1 move leechseed\n>p2 switch 6\n>p1 move moonblast\n>p2 move wish\n>p1 switch 3\n>p2 move encore\n>p1 move knockoff\n>p2 move wish\n>p1 move knockoff\n>p2 move protect\n>p1 move knockoff\n>p2 move wish\n>p1 move knockoff\n>p2 switch 6\n>p1 switch 3\n>p2 move takeheart\n>p1 move leechseed\n>p2 move scald\n>p1 move moonblast\n>p2 move takeheart\n>p1 move moonblast\n>p2 move scald\n>p1 move moonblast\n>p2 move rest\n>p1 move moonblast\n>p2 move sleeptalk\n>p1 move moonblast\n>p2 move sleeptalk\n>p1 move moonblast\n>p2 move rest\n>p1 switch 2\n>p2 move sleeptalk\n>p1 move leechlife\n>p2 move sleeptalk\n>p1 switch 2\n>p1 move moonblast\n>p2 move rest\n>p1 switch 3\n>p2 move sleeptalk\n>p1 move closecombat\n>p2 switch 6\n>p1 switch 3\n>p2 move wish\n>p1 move leechseed\n>p2 move protect\n>p1 move leechseed\n>p2 move wish\n>p1 move moonblast\n>p2 switch 6\n>p1 move moonblast\n>p2 move sleeptalk\n>p1 move leechseed\n>p2 move takeheart\n>p1 switch 3\n>p2 move rest\n>p1 move closecombat\n>p2 move sleeptalk\n>forcelose p1", "uploadtime": 1716478333, "views": 210, "formatid": "gen9randombattle", "rating": 2331, "private": 0, "password": null}