{"id": "gen9randombattle-2260428317", "format": "[Gen 9] Random Battle", "players": ["seleroni", "S1xxPy"], "log": "|j|\u2606seleroni\n|j|\u2606S1xxPy\n|t:|1733850674\n|gametype|singles\n|player|p1|seleroni|1|\n|player|p2|S1xxPy|burglar|\n|teamsize|p1|6\n|teamsize|p2|6\n|gen|9\n|tier|[Gen 9] Random Battle\n|rule|Species Clause: Limit one of each Pok\u00e9mon\n|rule|HP Percentage Mod: HP is shown in percentages\n|rule|Sleep Clause Mod: Limit one foe put to sleep\n|rule|Illusion Level Mod: Illusion disguises the Pok\u00e9mon's true level\n|\n|t:|1733850674\n|start\n|switch|p1a: Avalugg|Avalugg, L88, M|310/310\n|switch|p2a: Scyther|Scyther, L82, F|249/249\n|turn|1\n|\n|t:|1733850692\n|switch|p2a: Chi-Yu|Chi-Yu, L77|211/211\n|-ability|p2a: Chi-Yu|Beads of Ruin\n|move|p1a: Avalugg|Avalanche|p2a: Chi-Yu\n|-resisted|p2a: Chi-Yu\n|-damage|p2a: Chi-Yu|160/211\n|\n|upkeep\n|turn|2\n|\n|t:|1733850707\n|switch|p1a: Dondozo|Dondozo, L78, F|362/362\n|move|p2a: Chi-Yu|Nasty Plot|p2a: Chi-Yu\n|-boost|p2a: Chi-Yu|spa|2\n|\n|upkeep\n|turn|3\n|\n|t:|1733850720\n|move|p2a: Chi-Yu|Dark Pulse|p1a: Dondozo\n|-damage|p1a: Dondozo|188/362\n|move|p1a: Dondozo|Wave Crash|p2a: Chi-Yu\n|-supereffective|p2a: Chi-Yu\n|-damage|p2a: Chi-Yu|0 fnt\n|faint|p2a: Chi-Yu\n|-damage|p1a: Dondozo|135/362|[from] Recoil\n|\n|-heal|p1a: Dondozo|157/362|[from] item: Leftovers\n|upkeep\n|\n|t:|1733850737\n|switch|p2a: Slither Wing|Slither Wing, L81|270/270\n|-enditem|p2a: Slither Wing|Booster Energy\n|-activate|p2a: Slither Wing|ability: Protosynthesis|[fromitem]\n|-start|p2a: Slither Wing|protosynthesisatk\n|turn|4\n|\n|t:|1733850747\n|move|p2a: Slither Wing|Bulk Up|p2a: Slither Wing\n|-boost|p2a: Slither Wing|atk|1\n|-boost|p2a: Slither Wing|def|1\n|move|p1a: Dondozo|Rest|p1a: Dondozo\n|-status|p1a: Dondozo|slp|[from] move: Rest\n|-heal|p1a: Dondozo|362/362 slp|[silent]\n|\n|upkeep\n|turn|5\n|\n|t:|1733850754\n|move|p2a: Slither Wing|Bulk Up|p2a: Slither Wing\n|-boost|p2a: Slither Wing|atk|1\n|-boost|p2a: Slither Wing|def|1\n|cant|p1a: Dondozo|slp\n|\n|upkeep\n|turn|6\n|\n|t:|1733850759\n|move|p2a: Slither Wing|Bulk Up|p2a: Slither Wing\n|-boost|p2a: Slither Wing|atk|1\n|-boost|p2a: Slither Wing|def|1\n|cant|p1a: Dondozo|slp\n|\n|upkeep\n|turn|7\n|\n|t:|1733850763\n|move|p2a: Slither Wing|Bulk Up|p2a: Slither Wing\n|-boost|p2a: Slither Wing|atk|1\n|-boost|p2a: Slither Wing|def|1\n|-curestatus|p1a: Dondozo|slp|[msg]\n|move|p1a: Dondozo|Curse|p1a: Dondozo\n|-unboost|p1a: Dondozo|spe|1\n|-boost|p1a: Dondozo|atk|1\n|-boost|p1a: Dondozo|def|1\n|\n|upkeep\n|turn|8\n|\n|t:|1733850778\n|move|p2a: Slither Wing|Wild Charge|p1a: Dondozo\n|-supereffective|p1a: Dondozo\n|-damage|p1a: Dondozo|252/362\n|-damage|p2a: Slither Wing|242/270|[from] Recoil\n|move|p1a: Dondozo|Wave Crash|p2a: Slither Wing\n|-damage|p2a: Slither Wing|65/270\n|-damage|p1a: Dondozo|194/362|[from] Recoil\n|\n|-heal|p1a: Dondozo|216/362|[from] item: Leftovers\n|upkeep\n|turn|9\n|\n|t:|1733850792\n|move|p2a: Slither Wing|Close Combat|p1a: Dondozo\n|-damage|p1a: Dondozo|96/362\n|-unboost|p2a: Slither Wing|def|1\n|-unboost|p2a: Slither Wing|spd|1\n|move|p1a: Dondozo|Rest|p1a: Dondozo\n|-status|p1a: Dondozo|slp|[from] move: Rest\n|-heal|p1a: Dondozo|362/362 slp|[silent]\n|\n|upkeep\n|turn|10\n|\n|t:|1733850801\n|move|p2a: Slither Wing|Leech Life|p1a: Dondozo\n|-damage|p1a: Dondozo|286/362 slp\n|-heal|p2a: Slither Wing|103/270|[from] drain|[of] p1a: Dondozo\n|cant|p1a: Dondozo|slp\n|move|p1a: Dondozo|Sleep Talk|p1a: Dondozo\n|move|p1a: Dondozo|Wave Crash|p2a: Slither Wing|[from]move: Sleep Talk\n|-damage|p2a: Slither Wing|0 fnt\n|faint|p2a: Slither Wing\n|-end|p2a: Slither Wing|Protosynthesis|[silent]\n|-damage|p1a: Dondozo|252/362 slp|[from] Recoil\n|\n|-heal|p1a: Dondozo|274/362 slp|[from] item: Leftovers\n|upkeep\n|\n|t:|1733850824\n|switch|p2a: Scyther|Scyther, L82, F|249/249\n|turn|11\n|\n|t:|1733850833\n|move|p2a: Scyther|Swords Dance|p2a: Scyther\n|-boost|p2a: Scyther|atk|2\n|cant|p1a: Dondozo|slp\n|move|p1a: Dondozo|Sleep Talk|p1a: Dondozo\n|move|p1a: Dondozo|Wave Crash|p2a: Scyther|[from]move: Sleep Talk\n|-damage|p2a: Scyther|117/249\n|-damage|p1a: Dondozo|230/362 slp|[from] Recoil\n|\n|-heal|p1a: Dondozo|252/362 slp|[from] item: Leftovers\n|upkeep\n|turn|12\n|\n|t:|1733850845\n|move|p2a: Scyther|Dual Wingbeat|p1a: Dondozo\n|-damage|p1a: Dondozo|213/362 slp\n|-damage|p1a: Dondozo|173/362 slp\n|-hitcount|p1a: Dondozo|2\n|-curestatus|p1a: Dondozo|slp|[msg]\n|move|p1a: Dondozo|Sleep Talk||[still]\n|-fail|p1a: Dondozo\n|\n|-heal|p1a: Dondozo|195/362|[from] item: Leftovers\n|upkeep\n|turn|13\n|\n|t:|1733850861\n|move|p2a: Scyther|Close Combat|p1a: Dondozo\n|-damage|p1a: Dondozo|140/362\n|-unboost|p2a: Scyther|def|1\n|-unboost|p2a: Scyther|spd|1\n|move|p1a: Dondozo|Wave Crash|p2a: Scyther\n|-damage|p2a: Scyther|0 fnt\n|faint|p2a: Scyther\n|-damage|p1a: Dondozo|101/362|[from] Recoil\n|\n|-heal|p1a: Dondozo|123/362|[from] item: Leftovers\n|upkeep\n|c|\u2606seleroni|my revenge\n|\n|t:|1733850888\n|switch|p2a: Farigiraf|Farigiraf, L91, F|366/366\n|turn|14\n|\n|t:|1733850893\n|move|p2a: Farigiraf|Psychic Noise|p1a: Dondozo\n|-damage|p1a: Dondozo|0 fnt\n|faint|p1a: Dondozo\n|\n|upkeep\n|\n|t:|1733850898\n|switch|p1a: Kyurem|Kyurem-Black, L71|295/295\n|-ability|p1a: Kyurem|Teravolt\n|turn|15\n|c|\u2606seleroni|so?\n|\n|t:|1733850906\n|-terastallize|p1a: Kyurem|Electric\n|-terastallize|p2a: Farigiraf|Fairy\n|move|p1a: Kyurem|Dragon Dance|p1a: Kyurem\n|-boost|p1a: Kyurem|atk|1\n|-boost|p1a: Kyurem|spe|1\n|move|p2a: Farigiraf|Body Slam|p1a: Kyurem\n|-damage|p1a: Kyurem|190/295\n|\n|upkeep\n|turn|16\n|c|\u2606seleroni|so?\n|\n|t:|1733850919\n|move|p1a: Kyurem|Fusion Bolt|p2a: Farigiraf\n|-damage|p2a: Farigiraf|153/366\n|move|p2a: Farigiraf|Psychic Noise|p1a: Kyurem\n|-damage|p1a: Kyurem|75/295\n|-start|p1a: Kyurem|move: Heal Block\n|\n|-heal|p2a: Farigiraf|175/366|[from] item: Leftovers\n|upkeep\n|turn|17\n|\n|t:|1733850928\n|move|p2a: Farigiraf|Protect|p2a: Farigiraf\n|-singleturn|p2a: Farigiraf|Protect\n|move|p1a: Kyurem|Fusion Bolt|p2a: Farigiraf\n|-activate|p2a: Farigiraf|move: Protect\n|\n|-heal|p2a: Farigiraf|197/366|[from] item: Leftovers\n|-end|p1a: Kyurem|move: Heal Block\n|upkeep\n|turn|18\n|\n|t:|1733850936\n|move|p1a: Kyurem|Fusion Bolt|p2a: Farigiraf\n|-damage|p2a: Farigiraf|1/366\n|move|p2a: Farigiraf|Body Slam|p1a: Kyurem\n|-damage|p1a: Kyurem|0 fnt\n|faint|p1a: Kyurem\n|\n|-heal|p2a: Farigiraf|23/366|[from] item: Leftovers\n|upkeep\n|\n|t:|1733850939\n|switch|p1a: Avalugg|Avalugg, L88, M|310/310\n|turn|19\n|c|\u2606seleroni|you finna get gardenia'd\n|\n|t:|1733850957\n|move|p2a: Farigiraf|Body Slam|p1a: Avalugg\n|-damage|p1a: Avalugg|259/310\n|move|p1a: Avalugg|Body Press|p2a: Farigiraf\n|-resisted|p2a: Farigiraf\n|-damage|p2a: Farigiraf|0 fnt\n|faint|p2a: Farigiraf\n|\n|upkeep\n|c|\u2606seleroni|see\n|\n|t:|1733850967\n|switch|p2a: Heatran|Heatran, L79, M|273/273\n|-item|p2a: Heatran|Air Balloon\n|turn|20\n|c|\u2606seleroni|u got gardenia'd\n|\n|t:|1733850972\n|move|p2a: Heatran|Stealth Rock|p1a: Avalugg\n|-sidestart|p1: seleroni|move: Stealth Rock\n|move|p1a: Avalugg|Avalanche|p2a: Heatran\n|-resisted|p2a: Heatran\n|-damage|p2a: Heatran|256/273\n|-enditem|p2a: Heatran|Air Balloon\n|\n|upkeep\n|turn|21\n|\n|t:|1733850986\n|move|p2a: Heatran|Magma Storm|p1a: Avalugg\n|-supereffective|p1a: Avalugg\n|-damage|p1a: Avalugg|0 fnt\n|faint|p1a: Avalugg\n|\n|upkeep\n|\n|t:|1733850989\n|switch|p1a: Dipplin|Dipplin, L88, F|284/284\n|-damage|p1a: Dipplin|249/284|[from] Stealth Rock\n|turn|22\n|\n|t:|1733850993\n|move|p2a: Heatran|Magma Storm|p1a: Dipplin|[miss]\n|-miss|p2a: Heatran|p1a: Dipplin\n|move|p1a: Dipplin|Dragon Pulse|p2a: Heatran\n|-resisted|p2a: Heatran\n|-damage|p2a: Heatran|210/273\n|\n|upkeep\n|turn|23\n|c|\u2606seleroni|crap..\n|\n|t:|1733850999\n|move|p2a: Heatran|Magma Storm|p1a: Dipplin\n|-damage|p1a: Dipplin|162/284\n|-activate|p1a: Dipplin|move: Magma Storm|[of] p2a: Heatran\n|move|p1a: Dipplin|Dragon Pulse|p2a: Heatran\n|-resisted|p2a: Heatran\n|-damage|p2a: Heatran|165/273\n|\n|-damage|p1a: Dipplin|127/284|[from] move: Magma Storm|[partiallytrapped]\n|upkeep\n|turn|24\n|\n|t:|1733851016\n|move|p2a: Heatran|Magma Storm|p1a: Dipplin\n|-damage|p1a: Dipplin|46/284\n|move|p1a: Dipplin|Recover|p1a: Dipplin\n|-heal|p1a: Dipplin|188/284\n|\n|-damage|p1a: Dipplin|153/284|[from] move: Magma Storm|[partiallytrapped]\n|upkeep\n|turn|25\n|c|\u2606seleroni|:)\n|\n|t:|1733851022\n|move|p2a: Heatran|Magma Storm|p1a: Dipplin\n|-damage|p1a: Dipplin|74/284\n|move|p1a: Dipplin|Recover|p1a: Dipplin\n|-heal|p1a: Dipplin|216/284\n|\n|-damage|p1a: Dipplin|181/284|[from] move: Magma Storm|[partiallytrapped]\n|upkeep\n|turn|26\n|\n|t:|1733851028\n|move|p2a: Heatran|Magma Storm|p1a: Dipplin\n|-damage|p1a: Dipplin|93/284\n|move|p1a: Dipplin|Recover|p1a: Dipplin\n|-heal|p1a: Dipplin|235/284\n|\n|-damage|p1a: Dipplin|200/284|[from] move: Magma Storm|[partiallytrapped]\n|upkeep\n|turn|27\n|\n|t:|1733851035\n|move|p2a: Heatran|Magma Storm|p1a: Dipplin|[miss]\n|-miss|p2a: Heatran|p1a: Dipplin\n|move|p1a: Dipplin|Recover|p1a: Dipplin\n|-heal|p1a: Dipplin|284/284\n|\n|-damage|p1a: Dipplin|249/284|[from] move: Magma Storm|[partiallytrapped]\n|upkeep\n|turn|28\n|c|\u2606seleroni|._.\n|\n|t:|1733851048\n|switch|p2a: Hitmonlee|Hitmonlee, L85, M|223/223\n|move|p1a: Dipplin|Dragon Pulse|p2a: Hitmonlee\n|-damage|p2a: Hitmonlee|147/223\n|\n|-end|p1a: Dipplin|Magma Storm|[partiallytrapped]\n|upkeep\n|turn|29\n|\n|t:|1733851055\n|move|p2a: Hitmonlee|Poison Jab|p1a: Dipplin\n|-supereffective|p1a: Dipplin\n|-damage|p1a: Dipplin|175/284\n|move|p1a: Dipplin|Giga Drain|p2a: Hitmonlee\n|-damage|p2a: Hitmonlee|69/223\n|-heal|p1a: Dipplin|214/284|[from] drain|[of] p2a: Hitmonlee\n|\n|upkeep\n|turn|30\n|\n|t:|1733851062\n|move|p2a: Hitmonlee|Poison Jab|p1a: Dipplin\n|-supereffective|p1a: Dipplin\n|-damage|p1a: Dipplin|132/284\n|move|p1a: Dipplin|Dragon Pulse|p2a: Hitmonlee\n|-damage|p2a: Hitmonlee|0 fnt\n|faint|p2a: Hitmonlee\n|\n|upkeep\n|\n|t:|1733851069\n|switch|p2a: Heatran|Heatran, L79, M|165/273\n|turn|31\n|\n|t:|1733851071\n|move|p2a: Heatran|Magma Storm|p1a: Dipplin\n|-damage|p1a: Dipplin|51/284\n|-activate|p1a: Dipplin|move: Magma Storm|[of] p2a: Heatran\n|move|p1a: Dipplin|Recover|p1a: Dipplin\n|-heal|p1a: Dipplin|193/284\n|\n|-damage|p1a: Dipplin|158/284|[from] move: Magma Storm|[partiallytrapped]\n|upkeep\n|turn|32\n|\n|t:|1733851080\n|move|p2a: Heatran|Flash Cannon|p1a: Dipplin\n|-damage|p1a: Dipplin|88/284\n|move|p1a: Dipplin|Recover|p1a: Dipplin\n|-heal|p1a: Dipplin|230/284\n|\n|-damage|p1a: Dipplin|195/284|[from] move: Magma Storm|[partiallytrapped]\n|upkeep\n|turn|33\n|c|\u2606seleroni|{:\n|\n|t:|1733851086\n|move|p2a: Heatran|Flash Cannon|p1a: Dipplin\n|-damage|p1a: Dipplin|134/284\n|move|p1a: Dipplin|Giga Drain|p2a: Heatran\n|-resisted|p2a: Heatran\n|-damage|p2a: Heatran|146/273\n|-heal|p1a: Dipplin|144/284|[from] drain|[of] p2a: Heatran\n|\n|-damage|p1a: Dipplin|109/284|[from] move: Magma Storm|[partiallytrapped]\n|upkeep\n|turn|34\n|\n|t:|1733851095\n|move|p2a: Heatran|Earth Power|p1a: Dipplin\n|-resisted|p1a: Dipplin\n|-damage|p1a: Dipplin|84/284\n|-unboost|p1a: Dipplin|spd|1\n|move|p1a: Dipplin|Recover|p1a: Dipplin\n|-heal|p1a: Dipplin|226/284\n|\n|-damage|p1a: Dipplin|191/284|[from] move: Magma Storm|[partiallytrapped]\n|upkeep\n|turn|35\n|c|\u2606seleroni|look at my defense btw\n|\n|t:|1733851103\n|move|p2a: Heatran|Flash Cannon|p1a: Dipplin\n|-damage|p1a: Dipplin|95/284\n|move|p1a: Dipplin|Dragon Pulse|p2a: Heatran\n|-resisted|p2a: Heatran\n|-damage|p2a: Heatran|97/273\n|\n|-end|p1a: Dipplin|Magma Storm|[partiallytrapped]\n|upkeep\n|turn|36\n|\n|t:|1733851109\n|move|p2a: Heatran|Flash Cannon|p1a: Dipplin\n|-damage|p1a: Dipplin|0 fnt\n|faint|p1a: Dipplin\n|\n|upkeep\n|\n|t:|1733851112\n|switch|p1a: Pachirisu|Pachirisu, L96, M|271/271\n|-damage|p1a: Pachirisu|238/271|[from] Stealth Rock\n|turn|37\n|\n|t:|1733851115\n|move|p1a: Pachirisu|Thunderbolt|p2a: Heatran\n|-damage|p2a: Heatran|34/273\n|move|p2a: Heatran|Earth Power|p1a: Pachirisu\n|-supereffective|p1a: Pachirisu\n|-damage|p1a: Pachirisu|158/271\n|\n|upkeep\n|turn|38\n|\n|t:|1733851123\n|move|p1a: Pachirisu|U-turn|p2a: Heatran\n|-resisted|p2a: Heatran\n|-damage|p2a: Heatran|26/273\n|\n|t:|1733851125\n|switch|p1a: Typhlosion|Typhlosion-Hisui, L83, F|257/257|[from] U-turn\n|move|p2a: Heatran|Earth Power|p1a: Typhlosion\n|-supereffective|p1a: Typhlosion\n|-damage|p1a: Typhlosion|99/257\n|\n|upkeep\n|turn|39\n|\n|t:|1733851132\n|move|p1a: Typhlosion|Shadow Ball|p2a: Heatran\n|-damage|p2a: Heatran|0 fnt\n|faint|p2a: Heatran\n|\n|win|seleroni\n|l|\u2606S1xxPy\n|player|p2|\n", "inputlog": ">version bfd83cad13791eb5a5a409923076391caf6fb4d4\n>start {\"formatid\":\"gen9randombattle\",\"seed\":[24885,4950,9055,29523]}\n>player p1 {\"name\":\"seleroni\",\"avatar\":\"1\",\"rating\":0,\"seed\":[43519,2889,62804,62430]}\n>player p2 {\"name\":\"S1xxPy\",\"avatar\":\"burglar\",\"rating\":0,\"seed\":[22896,15590,42661,11597]}\n>p1 move avalanche\n>p2 switch 5\n>p1 switch 3\n>p2 move nastyplot\n>p1 move wavecrash\n>p2 move darkpulse\n>p2 switch 4\n>p1 move rest\n>p2 move bulkup\n>p1 move curse\n>p2 move bulkup\n>p1 move curse\n>p2 move bulkup\n>p1 move curse\n>p2 move bulkup\n>p1 move wavecrash\n>p2 move wildcharge\n>p1 move rest\n>p2 move closecombat\n>p1 move sleeptalk\n>p2 move leechlife\n>p2 switch 5\n>p1 move sleeptalk\n>p2 move swordsdance\n>p1 move sleeptalk\n>p2 move dualwingbeat\n>p1 move wavecrash\n>p2 move closecombat\n>chat \u2606seleroni|my revenge\n>p2 switch 6\n>p1 move rest\n>p2 move psychicnoise\n>p1 switch 5\n>chat \u2606seleroni|so?\n>p1 move dragondance terastallize\n>p2 move bodyslam terastallize\n>chat \u2606seleroni|so?\n>p1 move fusionbolt\n>p2 move psychicnoise\n>p1 move fusionbolt\n>p2 move protect\n>p1 move fusionbolt\n>p2 move bodyslam\n>p1 switch 3\n>chat \u2606seleroni|you finna get gardenia'd\n>p1 move bodypress\n>p2 move bodyslam\n>chat \u2606seleroni|see\n>p2 switch 2\n>chat \u2606seleroni|u got gardenia'd\n>p1 move avalanche\n>p2 move stealthrock\n>p1 move rapidspin\n>p2 move magmastorm\n>p1 switch 2\n>p1 move dragonpulse\n>p2 move magmastorm\n>chat \u2606seleroni|crap..\n>p1 move dragonpulse\n>p2 move magmastorm\n>p1 move recover\n>p2 move magmastorm\n>chat \u2606seleroni|:)\n>p1 move recover\n>p2 move magmastorm\n>p1 move recover\n>p2 move magmastorm\n>p1 move recover\n>p2 move magmastorm\n>chat \u2606seleroni|._.\n>p1 move dragonpulse\n>p2 switch 3\n>p1 move gigadrain\n>p2 move poisonjab\n>p1 move dragonpulse\n>p2 move poisonjab\n>p2 switch 3\n>p1 move recover\n>p2 move magmastorm\n>p1 move recover\n>p2 move flashcannon\n>chat \u2606seleroni|{:\n>p1 move gigadrain\n>p2 move flashcannon\n>p1 move recover\n>p2 move earthpower\n>chat \u2606seleroni|look at my defense btw\n>p1 move dragonpulse\n>p2 move flashcannon\n>p1 move recover\n>p2 move flashcannon\n>p1 switch 6\n>p1 move thunderbolt\n>p2 move earthpower\n>p1 move uturn\n>p2 move earthpower\n>p1 switch 4\n>p1 move shadowball\n>p2 move earthpower", "uploadtime": 1733851142, "views": 2, "formatid": "gen9randombattle", "rating": null, "private": 0, "password": null}