{"id": "gen9randombattle-2260329227", "format": "[Gen 9] Random Battle", "players": ["Tymek champion", "BigShot2208"], "log": "|j|\u203dTymek champion\n|j|\u2606BigShot2208\n|t:|1733840547\n|gametype|singles\n|player|p1|Tymek champion|riley|1050\n|player|p2|BigShot2208|2|1047\n|teamsize|p1|6\n|teamsize|p2|6\n|gen|9\n|tier|[Gen 9] Random Battle\n|rated|\n|rule|Species Clause: Limit one of each Pok\u00e9mon\n|rule|HP Percentage Mod: HP is shown in percentages\n|rule|Sleep Clause Mod: Limit one foe put to sleep\n|rule|Illusion Level Mod: Illusion disguises the Pok\u00e9mon's true level\n|\n|t:|1733840547\n|start\n|switch|p1a: Iron Jugulis|Iron Jugulis, L78|275/275\n|switch|p2a: Seviper|Seviper, L93, F|287/287\n|turn|1\n|\n|t:|1733840559\n|move|p1a: Iron Jugulis|Meteor Beam||[still]\n|-prepare|p1a: Iron Jugulis|Meteor Beam\n|-boost|p1a: Iron Jugulis|spa|1\n|-enditem|p1a: Iron Jugulis|Power Herb\n|-anim|p1a: Iron Jugulis|Meteor Beam|p2a: Seviper\n|-damage|p2a: Seviper|120/287\n|move|p2a: Seviper|Gunk Shot|p1a: Iron Jugulis\n|-damage|p1a: Iron Jugulis|61/275\n|-damage|p2a: Seviper|92/287|[from] item: Life Orb\n|\n|upkeep\n|turn|2\n|\n|t:|1733840572\n|move|p1a: Iron Jugulis|Earth Power|p2a: Seviper\n|-supereffective|p2a: Seviper\n|-damage|p2a: Seviper|0 fnt\n|faint|p2a: Seviper\n|\n|upkeep\n|\n|t:|1733840585\n|switch|p2a: Sudowoodo|Sudowoodo, L94, M|284/284\n|turn|3\n|\n|t:|1733840589\n|move|p1a: Iron Jugulis|Earth Power|p2a: Sudowoodo\n|-supereffective|p2a: Sudowoodo\n|-damage|p2a: Sudowoodo|64/284\n|move|p2a: Sudowoodo|Head Smash|p1a: Iron Jugulis\n|-supereffective|p1a: Iron Jugulis\n|-damage|p1a: Iron Jugulis|0 fnt\n|faint|p1a: Iron Jugulis\n|-end|p1a: Iron Jugulis|Quark Drive|[silent]\n|\n|upkeep\n|\n|t:|1733840598\n|switch|p1a: Inteleon|Inteleon, L81, M|246/246\n|turn|4\n|\n|t:|1733840603\n|move|p1a: Inteleon|Hydro Pump|p2a: Sudowoodo\n|-supereffective|p2a: Sudowoodo\n|-damage|p2a: Sudowoodo|0 fnt\n|faint|p2a: Sudowoodo\n|\n|upkeep\n|\n|t:|1733840613\n|switch|p2a: Mewtwo|Mewtwo, L72|272/272\n|-ability|p2a: Mewtwo|Unnerve\n|turn|5\n|\n|t:|1733840623\n|move|p1a: Inteleon|Hydro Pump|p2a: Mewtwo\n|-damage|p2a: Mewtwo|55/272\n|move|p2a: Mewtwo|Psystrike|p1a: Inteleon\n|-damage|p1a: Inteleon|51/246\n|-damage|p2a: Mewtwo|28/272|[from] item: Life Orb\n|\n|upkeep\n|turn|6\n|\n|t:|1733840630\n|move|p1a: Inteleon|Hydro Pump|p2a: Mewtwo\n|-damage|p2a: Mewtwo|0 fnt\n|faint|p2a: Mewtwo\n|\n|upkeep\n|\n|t:|1733840634\n|switch|p2a: Lokix|Lokix, L82, M|251/251\n|turn|7\n|\n|t:|1733840640\n|move|p2a: Lokix|Sucker Punch|p1a: Inteleon\n|-damage|p1a: Inteleon|0 fnt\n|faint|p1a: Inteleon\n|\n|upkeep\n|\n|t:|1733840646\n|switch|p1a: Mamoswine|Mamoswine, L81, F|311/311\n|turn|8\n|\n|t:|1733840656\n|move|p2a: Lokix|Sucker Punch|p1a: Mamoswine\n|-damage|p1a: Mamoswine|236/311\n|move|p1a: Mamoswine|Icicle Crash|p2a: Lokix\n|-damage|p2a: Lokix|94/251\n|-damage|p1a: Mamoswine|205/311|[from] item: Life Orb\n|\n|upkeep\n|turn|9\n|\n|t:|1733840674\n|move|p2a: Lokix|First Impression||[still]\n|-hint|First Impression only works on your first turn out.\n|-fail|p2a: Lokix\n|move|p1a: Mamoswine|Icicle Crash|p2a: Lokix\n|-damage|p2a: Lokix|0 fnt\n|faint|p2a: Lokix\n|-damage|p1a: Mamoswine|174/311|[from] item: Life Orb\n|\n|upkeep\n|\n|t:|1733840683\n|switch|p2a: Flareon|Flareon, L90, F|263/263\n|turn|10\n|\n|t:|1733840689\n|-terastallize|p2a: Flareon|Normal\n|move|p1a: Mamoswine|Earthquake|p2a: Flareon\n|-damage|p2a: Flareon|59/263\n|-damage|p1a: Mamoswine|143/311|[from] item: Life Orb\n|move|p2a: Flareon|Flare Blitz|p1a: Mamoswine\n|-supereffective|p1a: Mamoswine\n|-damage|p1a: Mamoswine|0 fnt\n|faint|p1a: Mamoswine\n|-damage|p2a: Flareon|12/263|[from] Recoil\n|\n|-status|p2a: Flareon|tox|[from] item: Toxic Orb\n|upkeep\n|\n|t:|1733840701\n|switch|p1a: Hypno|Hypno, L95, M|315/315\n|turn|11\n|\n|t:|1733840707\n|move|p1a: Hypno|Protect|p1a: Hypno\n|-singleturn|p1a: Hypno|Protect\n|move|p2a: Flareon|Facade|p1a: Hypno\n|-activate|p1a: Hypno|move: Protect\n|\n|-damage|p2a: Flareon|0 fnt|[from] psn\n|faint|p2a: Flareon\n|upkeep\n|\n|t:|1733840714\n|switch|p2a: Indeedee|Indeedee-F, L90, F|272/272\n|-fieldstart|move: Psychic Terrain|[from] ability: Psychic Surge|[of] p2a: Indeedee\n|turn|12\n|\n|t:|1733840722\n|move|p2a: Indeedee|Shadow Ball|p1a: Hypno\n|-supereffective|p1a: Hypno\n|-damage|p1a: Hypno|183/315\n|-unboost|p1a: Hypno|spd|1\n|move|p1a: Hypno|Psychic Noise|p2a: Indeedee\n|-resisted|p2a: Indeedee\n|-damage|p2a: Indeedee|225/272\n|-start|p2a: Indeedee|move: Heal Block\n|\n|-heal|p1a: Hypno|202/315|[from] item: Leftovers\n|upkeep\n|turn|13\n|\n|t:|1733840734\n|move|p2a: Indeedee|Shadow Ball|p1a: Hypno\n|-supereffective|p1a: Hypno\n|-damage|p1a: Hypno|0 fnt\n|faint|p1a: Hypno\n|\n|-end|p2a: Indeedee|move: Heal Block\n|upkeep\n|\n|t:|1733840741\n|switch|p1a: Yanmega|Yanmega, L82, F|275/275\n|turn|14\n|\n|t:|1733840745\n|-terastallize|p1a: Yanmega|Bug\n|move|p2a: Indeedee|Shadow Ball|p1a: Yanmega\n|-damage|p1a: Yanmega|149/275\n|move|p1a: Yanmega|Bug Buzz|p2a: Indeedee\n|-supereffective|p2a: Indeedee\n|-damage|p2a: Indeedee|0 fnt\n|faint|p2a: Indeedee\n|\n|win|Tymek champion\n|raw|Tymek champion's rating: 1050 &rarr; <strong>1082</strong><br />(+32 for winning)\n|raw|BigShot2208's rating: 1047 &rarr; <strong>1030</strong><br />(-17 for losing)\n", "inputlog": ">version bfd83cad13791eb5a5a409923076391caf6fb4d4\n>start {\"formatid\":\"gen9randombattle\",\"seed\":[51246,44466,18742,37007],\"rated\":\"Rated battle\"}\n>player p1 {\"name\":\"Tymek champion\",\"avatar\":\"riley\",\"rating\":1050,\"seed\":[27897,38482,58082,31146]}\n>player p2 {\"name\":\"BigShot2208\",\"avatar\":\"2\",\"rating\":1047,\"seed\":[21246,32026,42387,19971]}\n>p1 move meteorbeam\n>p2 move gunkshot\n>p1 move earthpower\n>p2 move glare\n>p2 switch 4\n>p1 move earthpower\n>p2 move headsmash\n>p1 switch 5\n>p1 move hydropump\n>p2 move headsmash\n>p2 switch 3\n>p1 move hydropump\n>p2 move psystrike\n>p1 move hydropump\n>p2 move recover\n>p2 switch 5\n>p1 move hydropump\n>p2 move suckerpunch\n>p1 switch 4\n>p1 move iciclecrash\n>p2 move suckerpunch\n>p1 move iciclecrash\n>p2 move firstimpression\n>p2 switch 6\n>p1 move earthquake\n>p2 move flareblitz terastallize\n>p1 switch 2\n>p1 move protect\n>p2 move facade\n>p2 switch 2\n>p1 move psychicnoise\n>p2 move shadowball\n>p1 move focusblast\n>p2 move shadowball\n>p1 switch 3\n>p1 move bugbuzz terastallize\n>p2 move shadowball", "uploadtime": 1733840755, "views": 1, "formatid": "gen9randombattle", "rating": 1030, "private": 0, "password": null}