{"id": "gen9randombattle-2260740554", "format": "[Gen 9] Random Battle", "players": ["tyel2", "sodpnw"], "log": "|j|\u2606tyel2\n|j|\u2606sodpnw\n|t:|1733885370\n|gametype|singles\n|player|p1|tyel2|hiker-gen4|1552\n|player|p2|sodpnw|1|1539\n|teamsize|p1|6\n|teamsize|p2|6\n|gen|9\n|tier|[Gen 9] Random Battle\n|rated|\n|rule|Species Clause: Limit one of each Pok\u00e9mon\n|rule|HP Percentage Mod: HP is shown in percentages\n|rule|Sleep Clause Mod: Limit one foe put to sleep\n|rule|Illusion Level Mod: Illusion disguises the Pok\u00e9mon's true level\n|\n|t:|1733885370\n|start\n|switch|p1a: Ursaring|Ursaring, L84, M|288/288\n|switch|p2a: Eelektross|Eelektross, L87, M|290/290\n|turn|1\n|inactive|Battle timer is ON: inactive players will automatically lose when time's up. (requested by sodpnw)\n|\n|t:|1733885386\n|move|p1a: Ursaring|Body Slam|p2a: Eelektross\n|-damage|p2a: Eelektross|164/290\n|move|p2a: Eelektross|Coil|p2a: Eelektross\n|-boost|p2a: Eelektross|atk|1\n|-boost|p2a: Eelektross|def|1\n|-boost|p2a: Eelektross|accuracy|1\n|\n|-heal|p2a: Eelektross|182/290|[from] item: Leftovers\n|upkeep\n|turn|2\n|\n|t:|1733885396\n|move|p1a: Ursaring|Body Slam|p2a: Eelektross\n|-damage|p2a: Eelektross|106/290\n|move|p2a: Eelektross|Drain Punch|p1a: Ursaring\n|-supereffective|p1a: Ursaring\n|-damage|p1a: Ursaring|142/288\n|-heal|p2a: Eelektross|179/290|[from] drain|[of] p1a: Ursaring\n|\n|-heal|p2a: Eelektross|197/290|[from] item: Leftovers\n|upkeep\n|turn|3\n|\n|t:|1733885410\n|switch|p1a: Okidogi|Okidogi, L77, M|262/262\n|move|p2a: Eelektross|Coil|p2a: Eelektross\n|-boost|p2a: Eelektross|atk|1\n|-boost|p2a: Eelektross|def|1\n|-boost|p2a: Eelektross|accuracy|1\n|\n|-heal|p2a: Eelektross|215/290|[from] item: Leftovers\n|upkeep\n|turn|4\n|\n|t:|1733885415\n|move|p1a: Okidogi|Knock Off|p2a: Eelektross\n|-damage|p2a: Eelektross|179/290\n|-enditem|p2a: Eelektross|Leftovers|[from] move: Knock Off|[of] p1a: Okidogi\n|move|p2a: Eelektross|Supercell Slam|p1a: Okidogi\n|-damage|p1a: Okidogi|30/262\n|\n|-heal|p1a: Okidogi|46/262|[from] item: Leftovers\n|upkeep\n|turn|5\n|\n|t:|1733885424\n|move|p1a: Okidogi|Drain Punch|p2a: Eelektross\n|-damage|p2a: Eelektross|134/290\n|-heal|p1a: Okidogi|69/262|[from] drain|[of] p2a: Eelektross\n|move|p2a: Eelektross|Fire Punch|p1a: Okidogi\n|-damage|p1a: Okidogi|0 fnt\n|faint|p1a: Okidogi\n|\n|upkeep\n|\n|t:|1733885435\n|switch|p1a: Raichu|Raichu, L88, F|249/249\n|turn|6\n|\n|t:|1733885441\n|-terastallize|p1a: Raichu|Grass\n|move|p1a: Raichu|Grass Knot|p2a: Eelektross\n|-damage|p2a: Eelektross|44/290\n|move|p2a: Eelektross|Drain Punch|p1a: Raichu\n|-damage|p1a: Raichu|64/249\n|-heal|p2a: Eelektross|137/290|[from] drain|[of] p1a: Raichu\n|\n|upkeep\n|turn|7\n|-message|tyel2 forfeited.\n|\n|win|sodpnw\n|raw|tyel2's rating: 1552 &rarr; <strong>1531</strong><br />(-21 for losing)\n|raw|sodpnw's rating: 1539 &rarr; <strong>1560</strong><br />(+21 for winning)\n|l|\u2606tyel2\n|player|p1|\n", "inputlog": ">version bfd83cad13791eb5a5a409923076391caf6fb4d4\n>start {\"formatid\":\"gen9randombattle\",\"seed\":[13371,17692,49839,24244],\"rated\":\"Rated battle\"}\n>player p1 {\"name\":\"tyel2\",\"avatar\":\"hiker-gen4\",\"rating\":1552,\"seed\":[34985,6524,11624,17500]}\n>player p2 {\"name\":\"sodpnw\",\"avatar\":\"1\",\"rating\":1539,\"seed\":[43716,18475,59389,32858]}\n>p1 move bodyslam\n>p2 move coil\n>p1 move bodyslam\n>p2 move drainpunch\n>p1 switch 2\n>p2 move coil\n>p1 move knockoff\n>p2 move supercellslam\n>p1 move drainpunch\n>p2 move firepunch\n>p1 switch 4\n>p1 move grassknot terastallize\n>p2 move drainpunch\n>forcelose p1", "uploadtime": 1733885449, "views": 7, "formatid": "gen9randombattle", "rating": 1531, "private": 0, "password": null}