{"id": "gen9randombattle-2201577831", "format": "[Gen 9] Random Battle", "players": ["DTeeko", "JuanAsh \u2605\u2605\u2605\u2605"], "log": "|j|\u2606DTeeko\n|j|\u2606JuanAsh \u2605\u2605\u2605\u2605\n|t:|1726333435\n|gametype|singles\n|player|p1|DTeeko|101|2243\n|player|p2|JuanAsh \u2605\u2605\u2605\u2605|nemona-v|2268\n|teamsize|p1|6\n|teamsize|p2|6\n|gen|9\n|tier|[Gen 9] Random Battle\n|rated|\n|rule|Species Clause: Limit one of each Pok\u00e9mon\n|rule|HP Percentage Mod: HP is shown in percentages\n|rule|Sleep Clause Mod: Limit one foe put to sleep\n|rule|Illusion Level Mod: Illusion disguises the Pok\u00e9mon's true level\n|\n|t:|1726333435\n|start\n|switch|p1a: Vivillon|Vivillon-Tundra, L84, F|272/272\n|switch|p2a: Fezandipiti|Fezandipiti, L82, M|278/278\n|turn|1\n|inactive|Battle timer is ON: inactive players will automatically lose when time's up. (requested by JuanAsh \u2605\u2605\u2605\u2605)\n|\n|t:|1726333459\n|move|p2a: Fezandipiti|Beat Up|p1a: Vivillon\n|-damage|p1a: Vivillon|257/272\n|-damage|p1a: Vivillon|245/272\n|-damage|p1a: Vivillon|227/272\n|-damage|p1a: Vivillon|217/272\n|-status|p1a: Vivillon|tox|[from] ability: Toxic Chain|[of] p2a: Fezandipiti\n|-damage|p1a: Vivillon|202/272 tox\n|-damage|p1a: Vivillon|187/272 tox\n|-hitcount|p1a: Vivillon|6\n|move|p1a: Vivillon|Sleep Powder|p2a: Fezandipiti\n|-status|p2a: Fezandipiti|slp|[from] move: Sleep Powder\n|\n|-damage|p1a: Vivillon|170/272 tox|[from] psn\n|upkeep\n|turn|2\n|\n|t:|1726333483\n|switch|p1a: Medicham|Medicham, L86, F|243/243\n|cant|p2a: Fezandipiti|slp\n|\n|upkeep\n|turn|3\n|\n|t:|1726333488\n|switch|p2a: Lunala|Lunala, L70|308/308\n|move|p1a: Medicham|Zen Headbutt|p2a: Lunala\n|-resisted|p2a: Lunala\n|-damage|p2a: Lunala|251/308\n|\n|-heal|p2a: Lunala|270/308|[from] item: Leftovers\n|upkeep\n|turn|4\n|\n|t:|1726333494\n|switch|p1a: Ambipom|Ambipom, L84, F|263/263\n|move|p2a: Lunala|Moongeist Beam|p1a: Ambipom\n|-immune|p1a: Ambipom\n|\n|-heal|p2a: Lunala|289/308|[from] item: Leftovers\n|upkeep\n|turn|5\n|\n|t:|1726333499\n|switch|p2a: Emboar|Emboar, L84, F|322/322\n|move|p1a: Ambipom|Double-Edge|p2a: Emboar\n|-damage|p2a: Emboar|73/322\n|-damage|p1a: Ambipom|181/263|[from] Recoil\n|\n|upkeep\n|turn|6\n|\n|t:|1726333508\n|switch|p1a: Ampharos|Ampharos, L88, M|302/302\n|move|p2a: Emboar|Flare Blitz|p1a: Ampharos\n|-damage|p1a: Ampharos|116/302\n|-damage|p2a: Emboar|12/322|[from] Recoil\n|\n|upkeep\n|turn|7\n|\n|t:|1726333515\n|move|p2a: Emboar|Flare Blitz|p1a: Ampharos\n|-damage|p1a: Ampharos|0 fnt\n|faint|p1a: Ampharos\n|-damage|p2a: Emboar|0 fnt|[from] Recoil\n|faint|p2a: Emboar\n|\n|upkeep\n|\n|t:|1726333524\n|switch|p2a: Feraligatr|Feraligatr, L79, F|264/264\n|switch|p1a: Ambipom|Ambipom, L84, F|181/263\n|turn|8\n|\n|t:|1726333529\n|switch|p1a: Granbull|Granbull, L88, M|302/302\n|-ability|p1a: Granbull|Intimidate|boost\n|-unboost|p2a: Feraligatr|atk|1\n|move|p2a: Feraligatr|Liquidation|p1a: Granbull\n|-damage|p1a: Granbull|203/302\n|\n|-heal|p1a: Granbull|221/302|[from] item: Leftovers\n|upkeep\n|turn|9\n|\n|t:|1726333535\n|switch|p2a: Fezandipiti|Fezandipiti, L82, M|278/278 slp\n|move|p1a: Granbull|Play Rough|p2a: Fezandipiti\n|-resisted|p2a: Fezandipiti\n|-damage|p2a: Fezandipiti|215/278 slp\n|-unboost|p2a: Fezandipiti|atk|1\n|\n|-heal|p2a: Fezandipiti|232/278 slp|[from] item: Leftovers\n|-heal|p1a: Granbull|239/302|[from] item: Leftovers\n|upkeep\n|turn|10\n|\n|t:|1726333544\n|cant|p2a: Fezandipiti|slp\n|move|p1a: Granbull|Earthquake|p2a: Fezandipiti\n|-supereffective|p2a: Fezandipiti\n|-damage|p2a: Fezandipiti|36/278 slp\n|\n|-heal|p2a: Fezandipiti|53/278 slp|[from] item: Leftovers\n|-heal|p1a: Granbull|257/302|[from] item: Leftovers\n|upkeep\n|turn|11\n|\n|t:|1726333547\n|cant|p2a: Fezandipiti|slp\n|move|p1a: Granbull|Earthquake|p2a: Fezandipiti\n|-supereffective|p2a: Fezandipiti\n|-damage|p2a: Fezandipiti|0 fnt\n|faint|p2a: Fezandipiti\n|\n|-heal|p1a: Granbull|275/302|[from] item: Leftovers\n|upkeep\n|c|\u2606JuanAsh \u2605\u2605\u2605\u2605|AHAHAHAHAH\n|\n|t:|1726333556\n|switch|p2a: Feraligatr|Feraligatr, L79, F|264/264\n|turn|12\n|\n|t:|1726333558\n|move|p2a: Feraligatr|Dragon Dance|p2a: Feraligatr\n|-boost|p2a: Feraligatr|atk|1\n|-boost|p2a: Feraligatr|spe|1\n|move|p1a: Granbull|Thunder Wave|p2a: Feraligatr|[miss]\n|-miss|p1a: Granbull|p2a: Feraligatr\n|\n|-heal|p1a: Granbull|293/302|[from] item: Leftovers\n|upkeep\n|turn|13\n|\n|t:|1726333563\n|-terastallize|p2a: Feraligatr|Water\n|move|p2a: Feraligatr|Liquidation|p1a: Granbull\n|-damage|p1a: Granbull|10/302\n|move|p1a: Granbull|Roar|p2a: Feraligatr\n|drag|p2a: Comfey|Comfey, L85, M|225/225\n|\n|-heal|p1a: Granbull|28/302|[from] item: Leftovers\n|upkeep\n|turn|14\n|\n|t:|1726333571\n|move|p2a: Comfey|Draining Kiss|p1a: Granbull\n|-damage|p1a: Granbull|0 fnt\n|faint|p1a: Granbull\n|\n|upkeep\n|\n|t:|1726333575\n|switch|p1a: Vivillon|Vivillon-Tundra, L84, F|170/272 tox\n|turn|15\n|inactive|JuanAsh \u2605\u2605\u2605\u2605 has 120 seconds left.\n|\n|t:|1726333627\n|move|p2a: Comfey|Calm Mind|p2a: Comfey\n|-boost|p2a: Comfey|spa|1\n|-boost|p2a: Comfey|spd|1\n|move|p1a: Vivillon|Sleep Powder|p2a: Comfey\n|-status|p2a: Comfey|slp|[from] move: Sleep Powder\n|\n|-damage|p1a: Vivillon|153/272 tox|[from] psn\n|upkeep\n|turn|16\n|\n|t:|1726333640\n|switch|p1a: Armarouge|Armarouge, L80, F|267/267\n|cant|p2a: Comfey|slp\n|\n|upkeep\n|turn|17\n|\n|t:|1726333645\n|-curestatus|p2a: Comfey|slp|[msg]\n|move|p2a: Comfey|Calm Mind|p2a: Comfey\n|-boost|p2a: Comfey|spa|1\n|-boost|p2a: Comfey|spd|1\n|move|p1a: Armarouge|Meteor Beam||[still]\n|-prepare|p1a: Armarouge|Meteor Beam\n|-boost|p1a: Armarouge|spa|1\n|-enditem|p1a: Armarouge|Power Herb\n|-anim|p1a: Armarouge|Meteor Beam|p2a: Comfey\n|-damage|p2a: Comfey|161/225\n|\n|-heal|p2a: Comfey|175/225|[from] item: Leftovers\n|upkeep\n|turn|18\n|inactive|JuanAsh \u2605\u2605\u2605\u2605 has 120 seconds left.\n|\n|t:|1726333655\n|move|p2a: Comfey|Calm Mind|p2a: Comfey\n|-boost|p2a: Comfey|spa|1\n|-boost|p2a: Comfey|spd|1\n|move|p1a: Armarouge|Psyshock|p2a: Comfey\n|-damage|p2a: Comfey|33/225\n|\n|-heal|p2a: Comfey|47/225|[from] item: Leftovers\n|upkeep\n|turn|19\n|inactive|JuanAsh \u2605\u2605\u2605\u2605 has 120 seconds left.\n|\n|t:|1726333667\n|move|p2a: Comfey|Stored Power|p1a: Armarouge\n|-resisted|p1a: Armarouge\n|-damage|p1a: Armarouge|137/267\n|move|p1a: Armarouge|Psyshock|p2a: Comfey\n|-damage|p2a: Comfey|0 fnt\n|faint|p2a: Comfey\n|\n|upkeep\n|\n|t:|1726333670\n|switch|p2a: Lunala|Lunala, L70|289/308\n|turn|20\n|\n|t:|1726333675\n|move|p2a: Lunala|Moongeist Beam|p1a: Armarouge\n|-supereffective|p1a: Armarouge\n|-damage|p1a: Armarouge|0 fnt\n|faint|p1a: Armarouge\n|\n|-heal|p2a: Lunala|308/308|[from] item: Leftovers\n|upkeep\n|\n|t:|1726333678\n|switch|p1a: Vivillon|Vivillon-Tundra, L84, F|153/272 tox\n|turn|21\n|\n|t:|1726333683\n|move|p1a: Vivillon|Sleep Powder|p2a: Lunala\n|-status|p2a: Lunala|slp|[from] move: Sleep Powder\n|cant|p2a: Lunala|slp\n|\n|-damage|p1a: Vivillon|136/272 tox|[from] psn\n|upkeep\n|turn|22\n|\n|t:|1726333685\n|switch|p2a: Cryogonal|Cryogonal, L89|287/287\n|move|p1a: Vivillon|Bug Buzz|p2a: Cryogonal\n|-damage|p2a: Cryogonal|221/287\n|\n|-damage|p1a: Vivillon|102/272 tox|[from] psn\n|upkeep\n|turn|23\n|\n|t:|1726333691\n|move|p2a: Cryogonal|Ice Beam|p1a: Vivillon\n|-supereffective|p1a: Vivillon\n|-damage|p1a: Vivillon|0 fnt\n|faint|p1a: Vivillon\n|\n|upkeep\n|\n|t:|1726333705\n|switch|p1a: Ambipom|Ambipom, L84, F|181/263\n|turn|24\n|\n|t:|1726333728\n|-terastallize|p1a: Ambipom|Ice\n|move|p1a: Ambipom|Knock Off|p2a: Cryogonal\n|-damage|p2a: Cryogonal|77/287\n|-enditem|p2a: Cryogonal|Heavy-Duty Boots|[from] move: Knock Off|[of] p1a: Ambipom\n|move|p2a: Cryogonal|Ice Beam|p1a: Ambipom\n|-resisted|p1a: Ambipom\n|-crit|p1a: Ambipom\n|-damage|p1a: Ambipom|78/263\n|\n|upkeep\n|turn|25\n|\n|t:|1726333737\n|move|p1a: Ambipom|Knock Off|p2a: Cryogonal\n|-damage|p2a: Cryogonal|0 fnt\n|faint|p2a: Cryogonal\n|\n|upkeep\n|\n|t:|1726333739\n|switch|p2a: Feraligatr|Feraligatr, L79, F, tera:Water|264/264\n|turn|26\n|\n|t:|1726333756\n|move|p1a: Ambipom|Knock Off|p2a: Feraligatr\n|-damage|p2a: Feraligatr|170/264\n|-enditem|p2a: Feraligatr|Life Orb|[from] move: Knock Off|[of] p1a: Ambipom\n|move|p2a: Feraligatr|Dragon Dance|p2a: Feraligatr\n|-boost|p2a: Feraligatr|atk|1\n|-boost|p2a: Feraligatr|spe|1\n|\n|upkeep\n|turn|27\n|\n|t:|1726333764\n|move|p2a: Feraligatr|Dragon Dance|p2a: Feraligatr\n|-boost|p2a: Feraligatr|atk|1\n|-boost|p2a: Feraligatr|spe|1\n|move|p1a: Ambipom|Knock Off|p2a: Feraligatr\n|-damage|p2a: Feraligatr|105/264\n|\n|upkeep\n|turn|28\n|\n|t:|1726333778\n|move|p2a: Feraligatr|Liquidation|p1a: Ambipom\n|-damage|p1a: Ambipom|0 fnt\n|faint|p1a: Ambipom\n|\n|upkeep\n|\n|t:|1726333779\n|switch|p1a: Medicham|Medicham, L86, F|243/243\n|turn|29\n|\n|t:|1726333783\n|move|p2a: Feraligatr|Liquidation|p1a: Medicham\n|-damage|p1a: Medicham|0 fnt\n|faint|p1a: Medicham\n|\n|win|JuanAsh \u2605\u2605\u2605\u2605\n|raw|DTeeko's rating: 2243 &rarr; <strong>2224</strong><br />(-19 for losing)\n|raw|JuanAsh \u2605\u2605\u2605\u2605's rating: 2268 &rarr; <strong>2287</strong><br />(+19 for winning)\n|l|\u2606DTeeko\n|player|p1|\n|c|\u2606JuanAsh \u2605\u2605\u2605\u2605|/log JuanAsh \u2605\u2605\u2605\u2605 made this room public.\n", "inputlog": ">version abcf08933808d3fb39dbc2b54a8665d830b47482\n>start {\"formatid\":\"gen9randombattle\",\"seed\":[26496,5105,47180,37015],\"rated\":\"Rated battle\"}\n>player p1 {\"name\":\"DTeeko\",\"avatar\":\"101\",\"rating\":2243,\"seed\":[63163,60618,54978,37512]}\n>player p2 {\"name\":\"JuanAsh \u2605\u2605\u2605\u2605\",\"avatar\":\"nemona-v\",\"rating\":2268,\"seed\":[61274,8995,10373,63120]}\n>p1 move sleeppowder\n>p2 move beatup\n>p1 switch 5\n>p2 move roost\n>p1 move zenheadbutt\n>p2 switch 6\n>p1 switch 2\n>p2 move moongeistbeam\n>p1 move doubleedge\n>p2 switch 3\n>p1 switch 4\n>p2 move flareblitz\n>p1 move voltswitch\n>p2 move flareblitz\n>p1 switch 4\n>p2 switch 5\n>p1 switch 3\n>p2 move liquidation\n>p1 move playrough\n>p2 switch 6\n>p1 move earthquake\n>p2 move gunkshot\n>p1 move earthquake\n>p2 move gunkshot\n>chat \u2606JuanAsh \u2605\u2605\u2605\u2605|AHAHAHAHAH\n>p2 switch 6\n>p1 move thunderwave\n>p2 move dragondance\n>p1 move roar\n>p2 move liquidation terastallize\n>p1 move thunderwave\n>p2 move drainingkiss\n>p1 switch 5\n>p1 move sleeppowder\n>p2 move calmmind\n>p1 switch 6\n>p2 move calmmind\n>p1 move meteorbeam\n>p2 move calmmind\n>p1 move psyshock\n>p2 move calmmind\n>p1 move psyshock\n>p2 move storedpower\n>p2 switch 3\n>p1 move armorcannon\n>p2 move moongeistbeam\n>p1 switch 6\n>p1 move sleeppowder\n>p2 move calmmind\n>p1 move bugbuzz\n>p2 switch 4\n>p1 move hurricane\n>p2 move icebeam\n>p1 switch 3\n>p1 move knockoff terastallize\n>p2 move icebeam\n>p1 move knockoff\n>p2 move icebeam\n>p2 switch 2\n>p1 move knockoff\n>p2 move dragondance\n>p1 move knockoff\n>p2 move dragondance\n>p1 move knockoff\n>p2 move liquidation\n>p1 switch 2\n>p1 move zenheadbutt\n>p2 move liquidation", "uploadtime": 1726333799, "views": 88, "formatid": "gen9randombattle", "rating": 2224, "private": 0, "password": null}