{"id": "gen9randombattle-2260895994", "format": "[Gen 9] Random Battle", "players": ["Dr. Mirbro", "Pokemon0629"], "log": "|j|\u2606Dr. Mirbro\n|j|\u2606Pokemon0629\n|t:|1733912699\n|gametype|singles\n|player|p1|Dr. Mirbro|#ndpliiigalarianphoenix|1467\n|player|p2|Pokemon0629|drayden|1441\n|teamsize|p1|6\n|teamsize|p2|6\n|gen|9\n|tier|[Gen 9] Random Battle\n|rated|\n|rule|Species Clause: Limit one of each Pok\u00e9mon\n|rule|HP Percentage Mod: HP is shown in percentages\n|rule|Sleep Clause Mod: Limit one foe put to sleep\n|rule|Illusion Level Mod: Illusion disguises the Pok\u00e9mon's true level\n|\n|t:|1733912699\n|start\n|switch|p1a: Terapagos|Terapagos, L76, F|262/262\n|switch|p2a: Slowbro|Slowbro-Galar, L87, M|307/307\n|-activate|p1a: Terapagos|ability: Tera Shift\n|detailschange|p1a: Terapagos|Terapagos-Terastal, L76, F\n|-heal|p1a: Terapagos|269/269|[silent]\n|turn|1\n|c|\u2606Dr. Mirbro|hf\n|inactive|Battle timer is ON: inactive players will automatically lose when time's up. (requested by Pokemon0629)\n|inactive|Dr. Mirbro has 120 seconds left.\n|\n|t:|1733912749\n|switch|p2a: Volbeat|Volbeat, L90, M|263/263\n|move|p1a: Terapagos|Dark Pulse|p2a: Volbeat\n|-damage|p2a: Volbeat|218/263\n|\n|upkeep\n|turn|2\n|\n|t:|1733912771\n|switch|p1a: Toxtricity|Toxtricity, L82, F|257/257\n|move|p2a: Volbeat|Thunder Wave|p1a: Toxtricity\n|-immune|p1a: Toxtricity\n|\n|upkeep\n|turn|3\n|\n|t:|1733912787\n|move|p2a: Volbeat|U-turn|p1a: Toxtricity\n|-resisted|p1a: Toxtricity\n|-damage|p1a: Toxtricity|215/257\n|\n|t:|1733912795\n|switch|p2a: Iron Thorns|Iron Thorns, L83|302/302|[from] U-turn\n|-enditem|p2a: Iron Thorns|Booster Energy\n|-activate|p2a: Iron Thorns|ability: Quark Drive|[fromitem]\n|-start|p2a: Iron Thorns|quarkdriveatk\n|move|p1a: Toxtricity|Overdrive|p2a: Iron Thorns\n|-resisted|p2a: Iron Thorns\n|-damage|p2a: Iron Thorns|215/302\n|\n|upkeep\n|turn|4\n|inactive|Dr. Mirbro has 120 seconds left.\n|\n|t:|1733912824\n|switch|p1a: Terapagos|Terapagos-Terastal, L76, F|269/269\n|move|p2a: Iron Thorns|Dragon Dance|p2a: Iron Thorns\n|-boost|p2a: Iron Thorns|atk|1\n|-boost|p2a: Iron Thorns|spe|1\n|\n|upkeep\n|turn|5\n|inactive|Dr. Mirbro has 120 seconds left.\n|\n|t:|1733912846\n|-terastallize|p2a: Iron Thorns|Flying\n|move|p2a: Iron Thorns|Earthquake|p1a: Terapagos\n|-activate|p1a: Terapagos|ability: Tera Shell\n|-resisted|p1a: Terapagos\n|-damage|p1a: Terapagos|182/269\n|move|p1a: Terapagos|Tera Starstorm|p2a: Iron Thorns\n|-damage|p2a: Iron Thorns|101/302\n|\n|upkeep\n|turn|6\n|\n|t:|1733912867\n|-terastallize|p1a: Terapagos|Stellar\n|detailschange|p1a: Terapagos|Terapagos-Stellar, L76, F, tera:Stellar\n|-heal|p1a: Terapagos|281/368|[silent]\n|move|p2a: Iron Thorns|Stone Edge|p1a: Terapagos\n|-damage|p1a: Terapagos|58/368\n|move|p1a: Terapagos|Tera Starstorm|p2a: Iron Thorns\n|-supereffective|p2a: Iron Thorns\n|-damage|p2a: Iron Thorns|0 fnt\n|faint|p2a: Iron Thorns\n|-end|p2a: Iron Thorns|Quark Drive|[silent]\n|\n|upkeep\n|\n|t:|1733912886\n|switch|p2a: Spectrier|Spectrier, L75|274/274\n|turn|7\n|inactive|Dr. Mirbro has 90 seconds left.\n|inactive|Dr. Mirbro has 60 seconds left.\n|\n|t:|1733912957\n|switch|p1a: Vespiquen|Vespiquen, L98, F|296/296\n|-ability|p1a: Vespiquen|Pressure\n|move|p2a: Spectrier|Nasty Plot|p2a: Spectrier\n|-boost|p2a: Spectrier|spa|2\n|\n|upkeep\n|turn|8\n|\n|t:|1733912963\n|move|p2a: Spectrier|Shadow Ball|p1a: Vespiquen\n|-damage|p1a: Vespiquen|108/296\n|-damage|p2a: Spectrier|247/274|[from] item: Life Orb\n|move|p1a: Vespiquen|Hurricane|p2a: Spectrier|[miss]\n|-miss|p1a: Vespiquen|p2a: Spectrier\n|\n|upkeep\n|turn|9\n|\n|t:|1733912972\n|move|p2a: Spectrier|Shadow Ball|p1a: Vespiquen\n|-damage|p1a: Vespiquen|0 fnt\n|faint|p1a: Vespiquen\n|-ability|p2a: Spectrier|Grim Neigh|boost\n|-boost|p2a: Spectrier|spa|1\n|-damage|p2a: Spectrier|220/274|[from] item: Life Orb\n|\n|upkeep\n|\n|t:|1733912989\n|switch|p1a: Suicune|Suicune, L82|298/298\n|-ability|p1a: Suicune|Pressure\n|turn|10\n|\n|t:|1733912992\n|move|p2a: Spectrier|Shadow Ball|p1a: Suicune\n|-damage|p1a: Suicune|35/298\n|-damage|p2a: Spectrier|193/274|[from] item: Life Orb\n|move|p1a: Suicune|Scald|p2a: Spectrier\n|-damage|p2a: Spectrier|106/274\n|\n|-heal|p1a: Suicune|53/298|[from] item: Leftovers\n|upkeep\n|turn|11\n|\n|t:|1733913004\n|move|p2a: Spectrier|Tera Blast|p1a: Suicune\n|-damage|p1a: Suicune|0 fnt\n|faint|p1a: Suicune\n|-ability|p2a: Spectrier|Grim Neigh|boost\n|-boost|p2a: Spectrier|spa|1\n|-damage|p2a: Spectrier|79/274|[from] item: Life Orb\n|\n|upkeep\n|\n|t:|1733913012\n|switch|p1a: Toxtricity|Toxtricity, L82, F|215/257\n|turn|12\n|\n|t:|1733913015\n|move|p2a: Spectrier|Shadow Ball|p1a: Toxtricity\n|-crit|p1a: Toxtricity\n|-damage|p1a: Toxtricity|0 fnt\n|faint|p1a: Toxtricity\n|-ability|p2a: Spectrier|Grim Neigh|boost\n|-boost|p2a: Spectrier|spa|1\n|-damage|p2a: Spectrier|52/274|[from] item: Life Orb\n|\n|upkeep\n|inactive|Dr. Mirbro has 60 seconds left.\n|\n|t:|1733913033\n|switch|p1a: Terapagos|Terapagos-Stellar, L76, F, tera:Stellar|58/368\n|turn|13\n|\n|t:|1733913037\n|move|p2a: Spectrier|Tera Blast|p1a: Terapagos\n|-damage|p1a: Terapagos|0 fnt\n|faint|p1a: Terapagos\n|-ability|p2a: Spectrier|Grim Neigh|boost\n|-boost|p2a: Spectrier|spa|1\n|-damage|p2a: Spectrier|25/274|[from] item: Life Orb\n|\n|upkeep\n|\n|t:|1733913041\n|switch|p1a: Chien-Pao|Chien-Pao, L72|234/234\n|-ability|p1a: Chien-Pao|Sword of Ruin\n|turn|14\n|\n|t:|1733913046\n|move|p2a: Spectrier|Tera Blast|p1a: Chien-Pao\n|-damage|p1a: Chien-Pao|0 fnt\n|faint|p1a: Chien-Pao\n|-damage|p2a: Spectrier|0 fnt|[from] item: Life Orb\n|faint|p2a: Spectrier\n|\n|upkeep\n|\n|t:|1733913051\n|switch|p2a: Volbeat|Volbeat, L90, M|218/263\n|switch|p1a: Manaphy|Manaphy, L78|284/284\n|turn|15\n|inactive|Dr. Mirbro has 90 seconds left.\n|\n|t:|1733913056\n|move|p2a: Volbeat|Thunder Wave|p1a: Manaphy\n|-status|p1a: Manaphy|par\n|move|p1a: Manaphy|Surf|p2a: Volbeat\n|-damage|p2a: Volbeat|134/263\n|\n|upkeep\n|turn|16\n|\n|t:|1733913060\n|move|p2a: Volbeat|Roost|p2a: Volbeat\n|-heal|p2a: Volbeat|263/263\n|-singleturn|p2a: Volbeat|move: Roost\n|move|p1a: Manaphy|Surf|p2a: Volbeat\n|-damage|p2a: Volbeat|181/263\n|\n|upkeep\n|turn|17\n|\n|t:|1733913066\n|move|p2a: Volbeat|Roost|p2a: Volbeat\n|-heal|p2a: Volbeat|263/263\n|-singleturn|p2a: Volbeat|move: Roost\n|move|p1a: Manaphy|Surf|p2a: Volbeat\n|-damage|p2a: Volbeat|185/263\n|\n|upkeep\n|turn|18\n|\n|t:|1733913068\n|move|p2a: Volbeat|Roost|p2a: Volbeat\n|-heal|p2a: Volbeat|263/263\n|-singleturn|p2a: Volbeat|move: Roost\n|move|p1a: Manaphy|Ice Beam|p2a: Volbeat\n|-damage|p2a: Volbeat|209/263\n|\n|upkeep\n|turn|19\n|\n|t:|1733913071\n|move|p2a: Volbeat|Roost|p2a: Volbeat\n|-heal|p2a: Volbeat|263/263\n|-singleturn|p2a: Volbeat|move: Roost\n|move|p1a: Manaphy|Ice Beam|p2a: Volbeat\n|-damage|p2a: Volbeat|211/263\n|\n|upkeep\n|turn|20\n|\n|t:|1733913077\n|move|p2a: Volbeat|Encore|p1a: Manaphy\n|-start|p1a: Manaphy|Encore\n|move|p1a: Manaphy|Ice Beam|p2a: Volbeat\n|-damage|p2a: Volbeat|152/263\n|\n|upkeep\n|turn|21\n|\n|t:|1733913080\n|move|p2a: Volbeat|U-turn|p1a: Manaphy\n|-damage|p1a: Manaphy|212/284 par\n|\n|t:|1733913082\n|switch|p2a: Dudunsparce|Dudunsparce, L83, M|343/343|[from] U-turn\n|move|p1a: Manaphy|Ice Beam|p2a: Dudunsparce\n|-damage|p2a: Dudunsparce|279/343\n|\n|-heal|p2a: Dudunsparce|300/343|[from] item: Leftovers\n|-heal|p1a: Manaphy|229/284 par|[from] item: Leftovers\n|upkeep\n|turn|22\n|\n|t:|1733913087\n|move|p2a: Dudunsparce|Headbutt|p1a: Manaphy\n|-damage|p1a: Manaphy|148/284 par\n|cant|p1a: Manaphy|flinch\n|\n|-heal|p2a: Dudunsparce|321/343|[from] item: Leftovers\n|-heal|p1a: Manaphy|165/284 par|[from] item: Leftovers\n|-end|p1a: Manaphy|Encore\n|upkeep\n|turn|23\n|\n|t:|1733913093\n|move|p2a: Dudunsparce|Headbutt|p1a: Manaphy\n|-damage|p1a: Manaphy|89/284 par\n|cant|p1a: Manaphy|flinch\n|\n|-heal|p2a: Dudunsparce|342/343|[from] item: Leftovers\n|-heal|p1a: Manaphy|106/284 par|[from] item: Leftovers\n|upkeep\n|turn|24\n|\n|t:|1733913096\n|move|p2a: Dudunsparce|Headbutt|p1a: Manaphy\n|-damage|p1a: Manaphy|31/284 par\n|move|p1a: Manaphy|Ice Beam|p2a: Dudunsparce\n|-damage|p2a: Dudunsparce|279/343\n|\n|-heal|p2a: Dudunsparce|300/343|[from] item: Leftovers\n|-heal|p1a: Manaphy|48/284 par|[from] item: Leftovers\n|upkeep\n|turn|25\n|\n|t:|1733913101\n|move|p2a: Dudunsparce|Headbutt|p1a: Manaphy\n|-damage|p1a: Manaphy|0 fnt\n|faint|p1a: Manaphy\n|\n|win|Pokemon0629\n|raw|Dr. Mirbro's rating: 1467 &rarr; <strong>1446</strong><br />(-21 for losing)\n|raw|Pokemon0629's rating: 1441 &rarr; <strong>1462</strong><br />(+21 for winning)\n", "inputlog": ">version bfd83cad13791eb5a5a409923076391caf6fb4d4\n>start {\"formatid\":\"gen9randombattle\",\"seed\":[50979,31297,51225,39716],\"rated\":\"Rated battle\"}\n>player p1 {\"name\":\"Dr. Mirbro\",\"avatar\":\"#ndpliiigalarianphoenix\",\"rating\":1467,\"seed\":[49778,39197,61130,22186]}\n>player p2 {\"name\":\"Pokemon0629\",\"avatar\":\"drayden\",\"rating\":1441,\"seed\":[58911,7939,49879,60231]}\n>chat \u2606Dr. Mirbro|hf\n>p1 move darkpulse\n>p2 switch 5\n>p1 switch 6\n>p2 move thunderwave\n>p1 move overdrive\n>p2 move uturn\n>p2 switch 2\n>p1 switch 6\n>p2 move dragondance\n>p1 move terastarstorm\n>p2 move earthquake terastallize\n>p1 move terastarstorm terastallize\n>p2 move stoneedge\n>p2 switch 6\n>p1 switch 4\n>p2 move nastyplot\n>p1 move hurricane\n>p2 move shadowball\n>p1 move hurricane\n>p2 move shadowball\n>p1 switch 3\n>p1 move scald\n>p2 move shadowball\n>p1 move scald\n>p2 move terablast\n>p1 switch 6\n>p1 move voltswitch\n>p2 move shadowball\n>p1 switch 4\n>p1 move rest\n>p2 move terablast\n>p1 switch 2\n>p1 move crunch\n>p2 move terablast\n>p1 switch 5\n>p2 switch 2\n>p1 move surf\n>p2 move thunderwave\n>p1 move surf\n>p2 move roost\n>p1 move surf\n>p2 move roost\n>p1 move icebeam\n>p2 move roost\n>p1 move icebeam\n>p2 move roost\n>p1 move icebeam\n>p2 move encore\n>p1 move icebeam\n>p2 move uturn\n>p2 switch 4\n>p1 move icebeam\n>p2 move headbutt\n>p1 move icebeam\n>p2 move headbutt\n>p1 move icebeam\n>p2 move headbutt\n>p1 move icebeam\n>p2 move headbutt", "uploadtime": 1733913103, "views": 2, "formatid": "gen9randombattle", "rating": 1446, "private": 0, "password": null}