{"id": "gen9randombattle-2260786915", "format": "[Gen 9] Random Battle", "players": ["xinyazhili", "Zara home 001"], "log": "|j|\u2606xinyazhili\n|j|\u2606Zara home 001\n|t:|1733891988\n|gametype|singles\n|player|p1|xinyazhili|170|\n|player|p2|Zara home 001|266|\n|teamsize|p1|6\n|teamsize|p2|6\n|gen|9\n|tier|[Gen 9] Random Battle\n|rule|Species Clause: Limit one of each Pok\u00e9mon\n|rule|HP Percentage Mod: HP is shown in percentages\n|rule|Sleep Clause Mod: Limit one foe put to sleep\n|rule|Illusion Level Mod: Illusion disguises the Pok\u00e9mon's true level\n|\n|t:|1733891988\n|start\n|switch|p1a: Hypno|Hypno, L95, F|315/315\n|switch|p2a: Articuno|Articuno-Galar, L84|288/288\n|turn|1\n|inactive|Battle timer is ON: inactive players will automatically lose when time's up. (requested by xinyazhili)\n|\n|t:|1733891999\n|switch|p2a: Skarmory|Skarmory, L80, M|235/235\n|move|p1a: Hypno|Knock Off|p2a: Skarmory\n|-damage|p2a: Skarmory|181/235\n|-enditem|p2a: Skarmory|Leftovers|[from] move: Knock Off|[of] p1a: Hypno\n|\n|upkeep\n|turn|2\n|\n|t:|1733892010\n|move|p1a: Hypno|Psychic Noise|p2a: Skarmory\n|-resisted|p2a: Skarmory\n|-damage|p2a: Skarmory|129/235\n|-start|p2a: Skarmory|move: Heal Block\n|move|p2a: Skarmory|Stealth Rock|p1a: Hypno\n|-sidestart|p1: xinyazhili|move: Stealth Rock\n|\n|upkeep\n|turn|3\n|\n|t:|1733892013\n|move|p1a: Hypno|Thunder Wave|p2a: Skarmory|[miss]\n|-miss|p1a: Hypno|p2a: Skarmory\n|move|p2a: Skarmory|Spikes|p1a: Hypno\n|-sidestart|p1: xinyazhili|Spikes\n|\n|-end|p2a: Skarmory|move: Heal Block\n|upkeep\n|turn|4\n|\n|t:|1733892035\n|move|p1a: Hypno|Thunder Wave|p2a: Skarmory\n|-status|p2a: Skarmory|par\n|move|p2a: Skarmory|Roost|p2a: Skarmory\n|-heal|p2a: Skarmory|235/235 par\n|-singleturn|p2a: Skarmory|move: Roost\n|\n|upkeep\n|turn|5\n|\n|t:|1733892043\n|move|p1a: Hypno|Encore|p2a: Skarmory\n|-start|p2a: Skarmory|Encore\n|move|p2a: Skarmory|Roost||[still]\n|-fail|p2a: Skarmory|heal\n|\n|upkeep\n|turn|6\n|\n|t:|1733892048\n|switch|p2a: Cacturne|Cacturne, L92, M|278/278\n|move|p1a: Hypno|Psychic Noise|p2a: Cacturne\n|-immune|p2a: Cacturne\n|\n|upkeep\n|turn|7\n|\n|t:|1733892050\n|move|p1a: Hypno|Knock Off|p2a: Cacturne\n|-resisted|p2a: Cacturne\n|-damage|p2a: Cacturne|239/278\n|-enditem|p2a: Cacturne|Life Orb|[from] move: Knock Off|[of] p1a: Hypno\n|move|p2a: Cacturne|Knock Off|p1a: Hypno\n|-supereffective|p1a: Hypno\n|-damage|p1a: Hypno|45/315\n|-enditem|p1a: Hypno|Leftovers|[from] move: Knock Off|[of] p2a: Cacturne\n|\n|upkeep\n|turn|8\n|\n|t:|1733892065\n|move|p1a: Hypno|Knock Off|p2a: Cacturne\n|-resisted|p2a: Cacturne\n|-damage|p2a: Cacturne|213/278\n|move|p2a: Cacturne|Swords Dance|p2a: Cacturne\n|-boost|p2a: Cacturne|atk|2\n|\n|upkeep\n|turn|9\n|\n|t:|1733892071\n|move|p1a: Hypno|Encore|p2a: Cacturne\n|-start|p2a: Cacturne|Encore\n|move|p2a: Cacturne|Swords Dance|p2a: Cacturne\n|-boost|p2a: Cacturne|atk|2\n|\n|upkeep\n|turn|10\n|\n|t:|1733892077\n|switch|p2a: Skarmory|Skarmory, L80, M|235/235 par\n|move|p1a: Hypno|Knock Off|p2a: Skarmory\n|-damage|p2a: Skarmory|201/235 par\n|\n|upkeep\n|turn|11\n|\n|t:|1733892085\n|switch|p1a: Samurott|Samurott, L88, M|310/310\n|-damage|p1a: Samurott|272/310|[from] Stealth Rock\n|-damage|p1a: Samurott|234/310|[from] Spikes\n|move|p2a: Skarmory|Spikes|p1a: Samurott\n|-sidestart|p1: xinyazhili|Spikes\n|\n|upkeep\n|turn|12\n|\n|t:|1733892089\n|move|p1a: Samurott|Liquidation|p2a: Skarmory\n|-damage|p2a: Skarmory|96/235 par\n|-unboost|p2a: Skarmory|def|1\n|-damage|p1a: Samurott|203/310|[from] item: Life Orb\n|move|p2a: Skarmory|Spikes|p1a: Samurott\n|-sidestart|p1: xinyazhili|Spikes\n|\n|upkeep\n|turn|13\n|\n|t:|1733892096\n|switch|p2a: Walking Wake|Walking Wake, L79|286/286\n|move|p1a: Samurott|Swords Dance|p1a: Samurott\n|-boost|p1a: Samurott|atk|2\n|\n|upkeep\n|turn|14\n|\n|t:|1733892102\n|move|p2a: Walking Wake|Sunny Day|p2a: Walking Wake\n|-weather|SunnyDay\n|-activate|p2a: Walking Wake|ability: Protosynthesis\n|-start|p2a: Walking Wake|protosynthesisspa\n|move|p1a: Samurott|Knock Off|p2a: Walking Wake\n|-damage|p2a: Walking Wake|69/286\n|-enditem|p2a: Walking Wake|Life Orb|[from] move: Knock Off|[of] p1a: Samurott\n|-damage|p1a: Samurott|172/310|[from] item: Life Orb\n|\n|-weather|SunnyDay|[upkeep]\n|upkeep\n|turn|15\n|\n|t:|1733892107\n|move|p2a: Walking Wake|Draco Meteor|p1a: Samurott\n|-damage|p1a: Samurott|0 fnt\n|-unboost|p2a: Walking Wake|spa|2\n|faint|p1a: Samurott\n|\n|-weather|SunnyDay|[upkeep]\n|upkeep\n|\n|t:|1733892109\n|switch|p1a: Walking Wake|Walking Wake, L79|286/286\n|-damage|p1a: Walking Wake|251/286|[from] Stealth Rock\n|-damage|p1a: Walking Wake|180/286|[from] Spikes\n|-activate|p1a: Walking Wake|ability: Protosynthesis\n|-start|p1a: Walking Wake|protosynthesisspa\n|turn|16\n|\n|t:|1733892115\n|move|p1a: Walking Wake|Hydro Steam|p2a: Walking Wake\n|-resisted|p2a: Walking Wake\n|-damage|p2a: Walking Wake|1/286\n|-damage|p1a: Walking Wake|152/286|[from] item: Life Orb\n|move|p2a: Walking Wake|Draco Meteor|p1a: Walking Wake\n|-supereffective|p1a: Walking Wake\n|-damage|p1a: Walking Wake|0 fnt\n|-unboost|p2a: Walking Wake|spa|2\n|faint|p1a: Walking Wake\n|-end|p1a: Walking Wake|Protosynthesis|[silent]\n|\n|-weather|SunnyDay|[upkeep]\n|upkeep\n|\n|t:|1733892122\n|switch|p1a: Mightyena|Mightyena, L95, F|287/287\n|-damage|p1a: Mightyena|252/287|[from] Stealth Rock\n|-damage|p1a: Mightyena|181/287|[from] Spikes\n|-ability|p1a: Mightyena|Intimidate|boost\n|-unboost|p2a: Walking Wake|atk|1\n|turn|17\n|\n|t:|1733892125\n|move|p1a: Mightyena|Sucker Punch|p2a: Walking Wake\n|-damage|p2a: Walking Wake|0 fnt\n|faint|p2a: Walking Wake\n|-end|p2a: Walking Wake|Protosynthesis|[silent]\n|\n|-weather|SunnyDay|[upkeep]\n|upkeep\n|\n|t:|1733892128\n|switch|p2a: Typhlosion|Typhlosion, L84, M|267/267\n|turn|18\n|\n|t:|1733892133\n|-terastallize|p2a: Typhlosion|Fire\n|move|p1a: Mightyena|Sucker Punch|p2a: Typhlosion\n|-damage|p2a: Typhlosion|164/267\n|move|p2a: Typhlosion|Eruption|p1a: Mightyena\n|-damage|p1a: Mightyena|0 fnt\n|faint|p1a: Mightyena\n|\n|-weather|none\n|upkeep\n|\n|t:|1733892136\n|switch|p1a: Sudowoodo|Sudowoodo, L94, M|284/284\n|-damage|p1a: Sudowoodo|249/284|[from] Stealth Rock\n|-damage|p1a: Sudowoodo|178/284|[from] Spikes\n|turn|19\n|\n|t:|1733892139\n|move|p2a: Typhlosion|Eruption|p1a: Sudowoodo\n|-resisted|p1a: Sudowoodo\n|-damage|p1a: Sudowoodo|70/284\n|move|p1a: Sudowoodo|Head Smash|p2a: Typhlosion\n|-supereffective|p2a: Typhlosion\n|-damage|p2a: Typhlosion|0 fnt\n|faint|p2a: Typhlosion\n|\n|-heal|p1a: Sudowoodo|87/284|[from] item: Leftovers\n|upkeep\n|\n|t:|1733892142\n|switch|p2a: Cacturne|Cacturne, L92, M|213/278\n|turn|20\n|\n|t:|1733892145\n|-terastallize|p1a: Sudowoodo|Grass\n|move|p2a: Cacturne|Seed Bomb|p1a: Sudowoodo\n|-resisted|p1a: Sudowoodo\n|-crit|p1a: Sudowoodo\n|-damage|p1a: Sudowoodo|26/284\n|move|p1a: Sudowoodo|Head Smash|p2a: Cacturne\n|-crit|p2a: Cacturne\n|-damage|p2a: Cacturne|0 fnt\n|faint|p2a: Cacturne\n|\n|-heal|p1a: Sudowoodo|43/284|[from] item: Leftovers\n|upkeep\n|\n|t:|1733892150\n|switch|p2a: Glalie|Glalie, L96, F|309/309\n|turn|21\n|\n|t:|1733892153\n|move|p2a: Glalie|Freeze-Dry|p1a: Sudowoodo\n|-supereffective|p1a: Sudowoodo\n|-damage|p1a: Sudowoodo|0 fnt\n|faint|p1a: Sudowoodo\n|\n|upkeep\n|\n|t:|1733892155\n|switch|p1a: Farigiraf|Farigiraf, L91, F|366/366\n|-damage|p1a: Farigiraf|321/366|[from] Stealth Rock\n|-damage|p1a: Farigiraf|230/366|[from] Spikes\n|turn|22\n|\n|t:|1733892159\n|move|p2a: Glalie|Taunt|p1a: Farigiraf\n|-start|p1a: Farigiraf|move: Taunt\n|cant|p1a: Farigiraf|move: Taunt|Wish\n|\n|-heal|p1a: Farigiraf|252/366|[from] item: Leftovers\n|upkeep\n|turn|23\n|\n|t:|1733892163\n|move|p2a: Glalie|Freeze-Dry|p1a: Farigiraf\n|-damage|p1a: Farigiraf|158/366\n|move|p1a: Farigiraf|Future Sight|p2a: Glalie\n|-start|p1a: Farigiraf|move: Future Sight\n|\n|-heal|p1a: Farigiraf|180/366|[from] item: Leftovers\n|upkeep\n|turn|24\n|\n|t:|1733892165\n|move|p2a: Glalie|Earthquake|p1a: Farigiraf\n|-damage|p1a: Farigiraf|98/366\n|move|p1a: Farigiraf|Hyper Voice|p2a: Glalie\n|-damage|p2a: Glalie|183/309\n|\n|-heal|p1a: Farigiraf|120/366|[from] item: Leftovers\n|-end|p1a: Farigiraf|move: Taunt\n|upkeep\n|turn|25\n|\n|t:|1733892169\n|move|p1a: Farigiraf|Protect|p1a: Farigiraf\n|-singleturn|p1a: Farigiraf|Protect\n|move|p2a: Glalie|Taunt|p1a: Farigiraf\n|-activate|p1a: Farigiraf|move: Protect\n|\n|-end|p2a: Glalie|move: Future Sight\n|-damage|p2a: Glalie|33/309\n|-heal|p1a: Farigiraf|142/366|[from] item: Leftovers\n|upkeep\n|turn|26\n|\n|t:|1733892171\n|move|p2a: Glalie|Taunt|p1a: Farigiraf\n|-start|p1a: Farigiraf|move: Taunt\n|cant|p1a: Farigiraf|move: Taunt|Wish\n|\n|-heal|p1a: Farigiraf|164/366|[from] item: Leftovers\n|upkeep\n|turn|27\n|\n|t:|1733892173\n|move|p2a: Glalie|Freeze-Dry|p1a: Farigiraf\n|-crit|p1a: Farigiraf\n|-damage|p1a: Farigiraf|25/366\n|-status|p1a: Farigiraf|frz\n|cant|p1a: Farigiraf|frz\n|\n|-heal|p1a: Farigiraf|47/366 frz|[from] item: Leftovers\n|upkeep\n|turn|28\n|-message|xinyazhili forfeited.\n|\n|win|Zara home 001\n|l|\u2606xinyazhili\n|player|p1|\n", "inputlog": ">version bfd83cad13791eb5a5a409923076391caf6fb4d4\n>start {\"formatid\":\"gen9randombattle\",\"seed\":[45855,18710,470,12108]}\n>player p1 {\"name\":\"xinyazhili\",\"avatar\":\"170\",\"rating\":0,\"seed\":[29980,13353,5818,44770]}\n>player p2 {\"name\":\"Zara home 001\",\"avatar\":\"266\",\"rating\":0,\"seed\":[50447,40630,64789,34715]}\n>p1 move knockoff\n>p2 switch 2\n>p1 move psychicnoise\n>p2 move stealthrock\n>p1 move thunderwave\n>p2 move spikes\n>p1 move thunderwave\n>p2 move roost\n>p1 move encore\n>p2 move spikes\n>p1 move psychicnoise\n>p2 switch 3\n>p1 move knockoff\n>p2 move knockoff\n>p1 move knockoff\n>p2 move swordsdance\n>p1 move encore\n>p2 move seedbomb\n>p1 move knockoff\n>p2 switch 3\n>p1 switch 6\n>p2 move spikes\n>p1 move liquidation\n>p2 move spikes\n>p1 move swordsdance\n>p2 switch 6\n>p1 move knockoff\n>p2 move sunnyday\n>p1 move liquidation\n>p2 move dracometeor\n>p1 switch 3\n>p1 move hydrosteam\n>p2 move dracometeor\n>p1 switch 4\n>p1 move suckerpunch\n>p2 move flamethrower\n>p2 switch 4\n>p1 move suckerpunch\n>p2 move eruption terastallize\n>p1 switch 5\n>p1 move headsmash\n>p2 move eruption\n>p2 switch 3\n>p1 move headsmash terastallize\n>p2 move seedbomb\n>p2 switch 5\n>p1 move headsmash\n>p2 move freezedry\n>p1 switch 2\n>p1 move wish\n>p2 move taunt\n>p1 move futuresight\n>p2 move freezedry\n>p1 move hypervoice\n>p2 move earthquake\n>p1 move protect\n>p2 move taunt\n>p1 move wish\n>p2 move taunt\n>p1 move hypervoice\n>p2 move freezedry\n>forcelose p1", "uploadtime": 1733892185, "views": 14, "formatid": "gen9randombattle", "rating": null, "private": 0, "password": null}