{"id": "gen9randombattle-2114011339", "format": "[Gen 9] Random Battle", "players": ["samuelayers", "Aqua"], "log": "|badge|p1|silver|gen9randombattle|30-1\n|html|<div class=\"broadcast-red\"><strong>This battle is required to be public due to one or more player having a season medal.</strong><br />During the public phase, you can discuss the state of the ladder <a href=\"/seasondiscussion\">in a special chatroom.</a></div>\n|uhtml|medal-msg|<div class=\"broadcast-blue\">Curious what those medals under the avatar are? PS now has Ladder Seasons! For more information, check out the <a href=\"https://www.smogon.com/forums/threads/3740067/\">thread on Smogon.</a></div>\n|badge|p2|gold|gen9randombattle|3-1\n|uhtml|medal-msg|<div class=\"broadcast-blue\">Curious what those medals under the avatar are? PS now has Ladder Seasons! For more information, check out the <a href=\"https://www.smogon.com/forums/threads/3740067/\">thread on Smogon.</a></div>\n|j|\u2606samuelayers\n|j|\u2606Aqua\n|t:|1714397995\n|gametype|singles\n|player|p1|samuelayers|gentleman-gen4dp|2408\n|player|p2|Aqua|#rbtt6teamlatiasf|2539\n|teamsize|p1|6\n|teamsize|p2|6\n|gen|9\n|tier|[Gen 9] Random Battle\n|rated|\n|rule|Species Clause: Limit one of each Pok\u00e9mon\n|rule|HP Percentage Mod: HP is shown in percentages\n|rule|Sleep Clause Mod: Limit one foe put to sleep\n|rule|Illusion Level Mod: Illusion disguises the Pok\u00e9mon's true level\n|\n|t:|1714397995\n|start\n|switch|p1a: Dusknoir|Dusknoir, L88, F|222/222\n|switch|p2a: Hatterene|Hatterene, L86, F|238/238\n|-item|p2a: Hatterene|Leftovers|[from] ability: Frisk|[of] p1a: Dusknoir|[identify]\n|turn|1\n|inactive|Battle timer is ON: inactive players will automatically lose when time's up. (requested by samuelayers)\n|j|+duck\n|\n|t:|1714398011\n|switch|p2a: Golem|Golem, L87, M|281/281\n|move|p1a: Dusknoir|Poltergeist|p2a: Golem|[miss]\n|-miss|p1a: Dusknoir|p2a: Golem\n|\n|upkeep\n|turn|2\n|l|+duck\n|j|+duck\n|\n|t:|1714398024\n|switch|p1a: Hatterene|Hatterene, L86, F|238/238\n|move|p2a: Golem|Stealth Rock|p1a: Hatterene\n|move|p1a: Hatterene|Stealth Rock|p2a: Golem|[from]ability: Magic Bounce\n|-sidestart|p2: Aqua|move: Stealth Rock\n|\n|upkeep\n|turn|3\n|\n|t:|1714398039\n|switch|p2a: Ho-Oh|Ho-Oh, L71|268/268\n|move|p1a: Hatterene|Draining Kiss|p2a: Ho-Oh\n|-resisted|p2a: Ho-Oh\n|-damage|p2a: Ho-Oh|239/268\n|\n|upkeep\n|turn|4\n|\n|t:|1714398049\n|switch|p1a: Camerupt|Camerupt, L91, F|275/275\n|move|p2a: Ho-Oh|Sacred Fire|p1a: Camerupt\n|-resisted|p1a: Camerupt\n|-damage|p1a: Camerupt|227/275\n|\n|-heal|p1a: Camerupt|244/275|[from] item: Leftovers\n|upkeep\n|turn|5\n|\n|t:|1714398072\n|switch|p1a: Dusknoir|Dusknoir, L88, F|222/222\n|-item|p2a: Ho-Oh|Heavy-Duty Boots|[from] ability: Frisk|[of] p1a: Dusknoir|[identify]\n|move|p2a: Ho-Oh|Brave Bird|p1a: Dusknoir\n|-damage|p1a: Dusknoir|143/222\n|-damage|p2a: Ho-Oh|213/268|[from] Recoil\n|\n|upkeep\n|turn|6\n|inactive|Aqua has 120 seconds left.\n|\n|t:|1714398114\n|move|p2a: Ho-Oh|Sacred Fire|p1a: Dusknoir\n|-damage|p1a: Dusknoir|82/222\n|move|p1a: Dusknoir|Poltergeist|p2a: Ho-Oh\n|-activate|p2a: Ho-Oh|move: Poltergeist|Heavy-Duty Boots\n|-damage|p2a: Ho-Oh|0 fnt\n|faint|p2a: Ho-Oh\n|\n|upkeep\n|\n|t:|1714398133\n|switch|p2a: Golem|Golem, L87, M|281/281\n|-damage|p2a: Golem|264/281|[from] Stealth Rock\n|turn|7\n|\n|t:|1714398141\n|move|p1a: Dusknoir|Poltergeist|p2a: Golem\n|-activate|p2a: Golem|move: Poltergeist|Custap Berry\n|-damage|p2a: Golem|134/281\n|move|p2a: Golem|Earthquake|p1a: Dusknoir\n|-crit|p1a: Dusknoir\n|-damage|p1a: Dusknoir|0 fnt\n|faint|p1a: Dusknoir\n|\n|upkeep\n|\n|t:|1714398156\n|switch|p1a: Iron Treads|Iron Treads, L77|265/265\n|turn|8\n|\n|t:|1714398172\n|switch|p2a: Altaria|Altaria, L88, M|275/275\n|move|p1a: Iron Treads|Earthquake|p2a: Altaria\n|-immune|p2a: Altaria\n|\n|upkeep\n|turn|9\n|\n|t:|1714398180\n|switch|p2a: Golem|Golem, L87, M|134/281\n|-damage|p2a: Golem|117/281|[from] Stealth Rock\n|move|p1a: Iron Treads|Knock Off|p2a: Golem\n|-damage|p2a: Golem|73/281\n|-enditem|p2a: Golem|Custap Berry|[from] move: Knock Off|[of] p1a: Iron Treads\n|\n|upkeep\n|turn|10\n|\n|t:|1714398186\n|switch|p2a: Altaria|Altaria, L88, M|275/275\n|move|p1a: Iron Treads|Earthquake|p2a: Altaria\n|-immune|p2a: Altaria\n|\n|upkeep\n|turn|11\n|\n|t:|1714398191\n|move|p1a: Iron Treads|Knock Off|p2a: Altaria\n|-damage|p2a: Altaria|209/275\n|-enditem|p2a: Altaria|Heavy-Duty Boots|[from] move: Knock Off|[of] p1a: Iron Treads\n|move|p2a: Altaria|Dragon Dance|p2a: Altaria\n|-boost|p2a: Altaria|atk|1\n|-boost|p2a: Altaria|spe|1\n|\n|upkeep\n|turn|12\n|\n|t:|1714398202\n|-end|p1a: Iron Treads|Quark Drive|[silent]\n|switch|p1a: Oricorio|Oricorio-Sensu, L85, M|266/266\n|move|p2a: Altaria|Brave Bird|p1a: Oricorio\n|-damage|p1a: Oricorio|77/266\n|-damage|p2a: Altaria|147/275|[from] Recoil\n|\n|upkeep\n|turn|13\n|\n|t:|1714398216\n|switch|p1a: Camerupt|Camerupt, L91, F|244/275\n|move|p2a: Altaria|Brave Bird|p1a: Camerupt\n|-damage|p1a: Camerupt|64/275\n|-damage|p2a: Altaria|88/275|[from] Recoil\n|\n|-heal|p1a: Camerupt|81/275|[from] item: Leftovers\n|upkeep\n|turn|14\n|\n|t:|1714398223\n|move|p2a: Altaria|Earthquake|p1a: Camerupt\n|-supereffective|p1a: Camerupt\n|-damage|p1a: Camerupt|0 fnt\n|faint|p1a: Camerupt\n|\n|upkeep\n|\n|t:|1714398226\n|switch|p1a: Hatterene|Hatterene, L86, F|238/238\n|turn|15\n|inactive|Aqua has 120 seconds left.\n|\n|t:|1714398284\n|-terastallize|p2a: Altaria|Steel\n|move|p2a: Altaria|Roost|p2a: Altaria\n|-heal|p2a: Altaria|226/275\n|move|p1a: Hatterene|Nuzzle|p2a: Altaria\n|-crit|p2a: Altaria\n|-damage|p2a: Altaria|206/275\n|-status|p2a: Altaria|par\n|\n|upkeep\n|turn|16\n|inactive|Aqua has 90 seconds left.\n|\n|t:|1714398304\n|switch|p1a: Iron Treads|Iron Treads, L77|265/265\n|move|p2a: Altaria|Brave Bird|p1a: Iron Treads\n|-resisted|p1a: Iron Treads\n|-damage|p1a: Iron Treads|191/265\n|-damage|p2a: Altaria|182/275 par|[from] Recoil\n|\n|upkeep\n|turn|17\n|inactive|Aqua has 90 seconds left.\n|\n|t:|1714398342\n|-curestatus|p2a: Altaria|par|[from] ability: Natural Cure\n|switch|p2a: Golem|Golem, L87, M|73/281\n|-damage|p2a: Golem|56/281|[from] Stealth Rock\n|move|p1a: Iron Treads|Earthquake|p2a: Golem\n|-supereffective|p2a: Golem\n|-damage|p2a: Golem|0 fnt\n|faint|p2a: Golem\n|\n|upkeep\n|inactive|Aqua has 60 seconds left.\n|\n|t:|1714398372\n|switch|p2a: Iron Valiant|Iron Valiant, L79|247/247\n|-damage|p2a: Iron Valiant|232/247|[from] Stealth Rock\n|turn|18\n|\n|t:|1714398382\n|-end|p1a: Iron Treads|Quark Drive|[silent]\n|switch|p1a: Fezandipiti|Fezandipiti, L81, M|275/275\n|move|p2a: Iron Valiant|Moonblast|p1a: Fezandipiti\n|-resisted|p1a: Fezandipiti\n|-damage|p1a: Fezandipiti|240/275\n|-damage|p2a: Iron Valiant|208/247|[from] item: Life Orb\n|\n|upkeep\n|turn|19\n|inactive|Aqua has 30 seconds left.\n|\n|t:|1714398407\n|move|p2a: Iron Valiant|Psychic|p1a: Fezandipiti\n|-supereffective|p1a: Fezandipiti\n|-damage|p1a: Fezandipiti|154/275\n|-damage|p2a: Iron Valiant|184/247|[from] item: Life Orb\n|move|p1a: Fezandipiti|Gunk Shot|p2a: Iron Valiant\n|-supereffective|p2a: Iron Valiant\n|-damage|p2a: Iron Valiant|0 fnt\n|faint|p2a: Iron Valiant\n|-end|p2a: Iron Valiant|Quark Drive|[silent]\n|\n|upkeep\n|\n|t:|1714398410\n|switch|p2a: Altaria|Altaria, L88, M, tera:Steel|182/275\n|-damage|p2a: Altaria|165/275|[from] Stealth Rock\n|turn|20\n|\n|t:|1714398414\n|move|p1a: Fezandipiti|U-turn|p2a: Altaria\n|-resisted|p2a: Altaria\n|-damage|p2a: Altaria|144/275\n|\n|t:|1714398417\n|switch|p1a: Oricorio|Oricorio-Sensu, L85, M|77/266|[from] U-turn\n|move|p2a: Altaria|Dragon Dance|p2a: Altaria\n|-boost|p2a: Altaria|atk|1\n|-boost|p2a: Altaria|spe|1\n|-activate|p1a: Oricorio|ability: Dancer\n|move|p1a: Oricorio|Dragon Dance|p1a: Oricorio|[from]ability: Dancer\n|-boost|p1a: Oricorio|atk|1\n|-boost|p1a: Oricorio|spe|1\n|\n|upkeep\n|turn|21\n|\n|t:|1714398425\n|-terastallize|p1a: Oricorio|Fighting\n|move|p1a: Oricorio|Revelation Dance|p2a: Altaria\n|-supereffective|p2a: Altaria\n|-damage|p2a: Altaria|0 fnt\n|faint|p2a: Altaria\n|\n|upkeep\n|inactive|Aqua has 60 seconds left.\n|\n|t:|1714398431\n|switch|p2a: Hatterene|Hatterene, L86, F|238/238\n|-damage|p2a: Hatterene|209/238|[from] Stealth Rock\n|turn|22\n|\n|t:|1714398438\n|switch|p1a: Iron Treads|Iron Treads, L77|191/265\n|move|p2a: Hatterene|Calm Mind|p2a: Hatterene\n|-boost|p2a: Hatterene|spa|1\n|-boost|p2a: Hatterene|spd|1\n|\n|-heal|p2a: Hatterene|223/238|[from] item: Leftovers\n|upkeep\n|turn|23\n|\n|t:|1714398441\n|move|p1a: Iron Treads|Iron Head|p2a: Hatterene\n|-supereffective|p2a: Hatterene\n|-damage|p2a: Hatterene|71/238\n|move|p2a: Hatterene|Mystical Fire|p1a: Iron Treads\n|-supereffective|p1a: Iron Treads\n|-damage|p1a: Iron Treads|0 fnt\n|faint|p1a: Iron Treads\n|-end|p1a: Iron Treads|Quark Drive|[silent]\n|\n|-heal|p2a: Hatterene|85/238|[from] item: Leftovers\n|upkeep\n|\n|t:|1714398444\n|switch|p1a: Fezandipiti|Fezandipiti, L81, M|154/275\n|turn|24\n|\n|t:|1714398448\n|move|p1a: Fezandipiti|Gunk Shot|p2a: Hatterene\n|-supereffective|p2a: Hatterene\n|-damage|p2a: Hatterene|0 fnt\n|faint|p2a: Hatterene\n|\n|upkeep\n|\n|t:|1714398450\n|switch|p2a: Zekrom|Zekrom, L71|259/259\n|-damage|p2a: Zekrom|227/259|[from] Stealth Rock\n|-ability|p2a: Zekrom|Teravolt\n|turn|25\n|\n|t:|1714398458\n|move|p1a: Fezandipiti|Play Rough|p2a: Zekrom\n|-supereffective|p2a: Zekrom\n|-damage|p2a: Zekrom|63/259\n|move|p2a: Zekrom|Dragon Dance|p2a: Zekrom\n|-boost|p2a: Zekrom|atk|1\n|-boost|p2a: Zekrom|spe|1\n|\n|-heal|p2a: Zekrom|79/259|[from] item: Leftovers\n|upkeep\n|turn|26\n|\n|t:|1714398466\n|move|p2a: Zekrom|Substitute|p2a: Zekrom\n|-start|p2a: Zekrom|Substitute\n|-damage|p2a: Zekrom|15/259\n|move|p1a: Fezandipiti|U-turn|p2a: Zekrom\n|-activate|p2a: Zekrom|move: Substitute|[damage]\n|j| Ryzen777\n|\n|t:|1714398470\n|switch|p1a: Oricorio|Oricorio-Sensu, L85, M, tera:Fighting|77/266|[from] U-turn\n|\n|-heal|p2a: Zekrom|31/259|[from] item: Leftovers\n|upkeep\n|turn|27\n|inactive|Aqua has 90 seconds left.\n|\n|t:|1714398501\n|move|p2a: Zekrom|Bolt Strike|p1a: Oricorio\n|-damage|p1a: Oricorio|0 fnt\n|faint|p1a: Oricorio\n|\n|-heal|p2a: Zekrom|47/259|[from] item: Leftovers\n|upkeep\n|\n|t:|1714398506\n|switch|p1a: Hatterene|Hatterene, L86, F|238/238\n|turn|28\n|j| MasterJ007\n|\n|t:|1714398508\n|move|p2a: Zekrom|Dragon Dance|p2a: Zekrom\n|-boost|p2a: Zekrom|atk|1\n|-boost|p2a: Zekrom|spe|1\n|move|p1a: Hatterene|Psychic Noise|p2a: Zekrom\n|-damage|p2a: Zekrom|0 fnt\n|faint|p2a: Zekrom\n|\n|win|samuelayers\n|raw|samuelayers's rating: 2408 &rarr; <strong>2435</strong><br />(+27 for winning)\n|raw|Aqua's rating: 2539 &rarr; <strong>2512</strong><br />(-27 for losing)\n|c|\u2606Aqua|oh\n|c|\u2606Aqua|gg\n|l|\u2606Aqua\n|player|p2|\n|c|\u2606samuelayers|gg\n|l| MasterJ007\n|l|+duck\n", "inputlog": ">version b84337b8f7878220839aa0c41b4e8e9021e31424\n>start {\"formatid\":\"gen9randombattle\",\"seed\":[59661,8129,65501,39700],\"rated\":\"Rated battle\"}\n>player p1 {\"name\":\"samuelayers\",\"avatar\":\"gentleman-gen4dp\",\"rating\":2408,\"seed\":[18601,19094,25243,26669]}\n>player p2 {\"name\":\"Aqua\",\"avatar\":\"#rbtt6teamlatiasf\",\"rating\":2539,\"seed\":[3406,27349,11800,59197]}\n>p1 move poltergeist\n>p2 switch 4\n>p1 switch 2\n>p2 move stealthrock\n>p1 move drainingkiss\n>p2 switch 3\n>p1 switch 4\n>p2 move sacredfire\n>p1 switch 2\n>p2 move bravebird\n>p1 move poltergeist\n>p2 move sacredfire\n>p2 switch 3\n>p1 move poltergeist\n>p2 move earthquake\n>p1 switch 6\n>p1 move earthquake\n>p2 switch 5\n>p1 move knockoff\n>p2 switch 5\n>p1 move earthquake\n>p2 switch 5\n>p1 move knockoff\n>p2 move dragondance\n>p1 switch 3\n>p2 move bravebird\n>p1 switch 2\n>p2 move bravebird\n>p1 move willowisp\n>p2 move earthquake\n>p1 switch 4\n>p1 move nuzzle\n>p2 move roost terastallize\n>p1 switch 3\n>p2 move bravebird\n>p1 move earthquake\n>p2 switch 5\n>p2 switch 6\n>p1 switch 5\n>p2 move moonblast\n>p1 move gunkshot\n>p2 move psychic\n>p2 switch 5\n>p1 move uturn\n>p2 move dragondance\n>p1 switch 2\n>p1 move revelationdance terastallize\n>p2 move roost\n>p2 switch 4\n>p1 switch 5\n>p2 move calmmind\n>p1 move ironhead\n>p2 move mysticalfire\n>p1 switch 2\n>p1 move gunkshot\n>p2 move psychic\n>p2 switch 2\n>p1 move playrough\n>p2 move dragondance\n>p1 move uturn\n>p2 move substitute\n>p1 switch 5\n>p1 move revelationdance\n>p2 move boltstrike\n>p1 switch 3\n>p1 move psychicnoise\n>p2 move dragondance", "uploadtime": 1714398530, "views": 264, "formatid": "gen9randombattle", "rating": 2435, "private": 0, "password": null}