{"id": "gen9randombattle-2243453872", "format": "[Gen 9] Random Battle", "players": ["freyaknightvgc", "fingerfonger"], "log": "|j|\u2606freyaknightvgc\n|j|\u2606fingerfonger\n|t:|1731548810\n|gametype|singles\n|player|p1|freyaknightvgc|grusha|2255\n|player|p2|fingerfonger|clerkf|2258\n|teamsize|p1|6\n|teamsize|p2|6\n|gen|9\n|tier|[Gen 9] Random Battle\n|rated|\n|rule|Species Clause: Limit one of each Pok\u00e9mon\n|rule|HP Percentage Mod: HP is shown in percentages\n|rule|Sleep Clause Mod: Limit one foe put to sleep\n|rule|Illusion Level Mod: Illusion disguises the Pok\u00e9mon's true level\n|\n|t:|1731548810\n|start\n|switch|p1a: Hydreigon|Hydreigon, L79, M|275/275\n|switch|p2a: Deoxys|Deoxys-Defense, L84|221/221\n|-ability|p2a: Deoxys|Pressure\n|turn|1\n|inactive|Battle timer is ON: inactive players will automatically lose when time's up. (requested by freyaknightvgc)\n|c|\u2606freyaknightvgc|hf\n|\n|t:|1731548836\n|switch|p2a: Lapras|Lapras, L87, M|367/367\n|move|p1a: Hydreigon|U-turn|p2a: Lapras\n|-damage|p2a: Lapras|315/367\n|inactive|freyaknightvgc has 120 seconds left.\n|\n|t:|1731548871\n|switch|p1a: Calyrex|Calyrex-Ice, L72|263/263|[from] U-turn\n|-ability|p1a: Calyrex|As One\n|-ability|p1a: Calyrex|Unnerve\n|\n|upkeep\n|turn|2\n|\n|t:|1731548891\n|switch|p1a: Tatsugiri|Tatsugiri-Droopy, L87, F|260/260\n|move|p2a: Lapras|Hydro Pump|p1a: Tatsugiri\n|-ability|p1a: Tatsugiri|Storm Drain|boost\n|-boost|p1a: Tatsugiri|spa|1\n|\n|upkeep\n|turn|3\n|inactive|freyaknightvgc has 120 seconds left.\n|\n|t:|1731548907\n|switch|p2a: Glalie|Glalie, L96, F|309/309\n|move|p1a: Tatsugiri|Hydro Pump|p2a: Glalie\n|-damage|p2a: Glalie|113/309\n|\n|upkeep\n|turn|4\n|inactive|freyaknightvgc has 120 seconds left.\n|\n|t:|1731548918\n|switch|p1a: Calyrex|Calyrex-Ice, L72|263/263\n|-ability|p1a: Calyrex|As One\n|-ability|p1a: Calyrex|Unnerve\n|move|p2a: Glalie|Spikes|p1a: Calyrex\n|-sidestart|p1: freyaknightvgc|Spikes\n|\n|upkeep\n|turn|5\n|inactive|freyaknightvgc has 120 seconds left.\n|\n|t:|1731548946\n|move|p2a: Glalie|Spikes|p1a: Calyrex\n|-sidestart|p1: freyaknightvgc|Spikes\n|move|p1a: Calyrex|Glacial Lance|p2a: Glalie\n|-resisted|p2a: Glalie\n|-damage|p2a: Glalie|50/309\n|\n|upkeep\n|turn|6\n|\n|t:|1731548950\n|move|p2a: Glalie|Spikes|p1a: Calyrex\n|-sidestart|p1: freyaknightvgc|Spikes\n|move|p1a: Calyrex|Glacial Lance|p2a: Glalie\n|-resisted|p2a: Glalie\n|-damage|p2a: Glalie|0 fnt\n|faint|p2a: Glalie\n|-ability|p1a: Calyrex|Chilling Neigh|boost\n|-boost|p1a: Calyrex|atk|1\n|\n|upkeep\n|inactive|fingerfonger has 120 seconds left.\n|\n|t:|1731548980\n|switch|p2a: Miraidon|Miraidon, L65|238/238\n|-fieldstart|move: Electric Terrain|[from] ability: Hadron Engine|[of] p2a: Miraidon\n|turn|7\n|inactive|freyaknightvgc has 120 seconds left.\n|\n|t:|1731549006\n|move|p2a: Miraidon|Volt Switch|p1a: Calyrex\n|-damage|p1a: Calyrex|127/263\n|\n|t:|1731549019\n|switch|p2a: Deoxys|Deoxys-Defense, L84|221/221|[from] Volt Switch\n|-ability|p2a: Deoxys|Pressure\n|move|p1a: Calyrex|Agility|p1a: Calyrex\n|-boost|p1a: Calyrex|spe|2\n|\n|upkeep\n|turn|8\n|inactive|fingerfonger has 120 seconds left.\n|\n|t:|1731549035\n|move|p1a: Calyrex|Glacial Lance|p2a: Deoxys\n|-damage|p2a: Deoxys|76/221\n|move|p2a: Deoxys|Dark Pulse|p1a: Calyrex\n|-supereffective|p1a: Calyrex\n|-damage|p1a: Calyrex|55/263\n|-enditem|p1a: Calyrex|Weakness Policy\n|-boost|p1a: Calyrex|atk|2|[from] item: Weakness Policy\n|-boost|p1a: Calyrex|spa|2|[from] item: Weakness Policy\n|\n|-heal|p2a: Deoxys|89/221|[from] item: Leftovers\n|upkeep\n|turn|9\n|inactive|freyaknightvgc has 120 seconds left.\n|\n|t:|1731549048\n|move|p1a: Calyrex|Glacial Lance|p2a: Deoxys\n|-damage|p2a: Deoxys|0 fnt\n|faint|p2a: Deoxys\n|-ability|p1a: Calyrex|Chilling Neigh|boost\n|-boost|p1a: Calyrex|atk|1\n|\n|upkeep\n|inactive|fingerfonger has 120 seconds left.\n|\n|t:|1731549069\n|switch|p2a: Lapras|Lapras, L87, M|315/367\n|turn|10\n|\n|t:|1731549079\n|-terastallize|p1a: Calyrex|Fighting\n|move|p1a: Calyrex|Close Combat|p2a: Lapras\n|-supereffective|p2a: Lapras\n|-damage|p2a: Lapras|0 fnt\n|-unboost|p1a: Calyrex|def|1\n|-unboost|p1a: Calyrex|spd|1\n|faint|p2a: Lapras\n|-ability|p1a: Calyrex|Chilling Neigh|boost\n|-boost|p1a: Calyrex|atk|1\n|\n|upkeep\n|\n|t:|1731549086\n|switch|p2a: Sinistcha|Sinistcha-Masterpiece, L83|254/254\n|turn|11\n|inactive|fingerfonger has 120 seconds left.\n|inactive|freyaknightvgc has 120 seconds left.\n|\n|t:|1731549123\n|move|p1a: Calyrex|Glacial Lance|p2a: Sinistcha\n|-supereffective|p2a: Sinistcha\n|-damage|p2a: Sinistcha|0 fnt\n|faint|p2a: Sinistcha\n|-ability|p1a: Calyrex|Chilling Neigh|boost\n|-boost|p1a: Calyrex|atk|1\n|\n|-fieldend|move: Electric Terrain\n|upkeep\n|-message|fingerfonger forfeited.\n|\n|win|freyaknightvgc\n|raw|freyaknightvgc's rating: 2255 &rarr; <strong>2275</strong><br />(+20 for winning)\n|raw|fingerfonger's rating: 2258 &rarr; <strong>2238</strong><br />(-20 for losing)\n|l|\u2606fingerfonger\n|player|p2|\n", "inputlog": ">version 48604a2341c6e7bec58958c0f00ddbd3a745b6d0\n>start {\"formatid\":\"gen9randombattle\",\"seed\":[50447,39994,10437,65322],\"rated\":\"Rated battle\"}\n>player p1 {\"name\":\"freyaknightvgc\",\"avatar\":\"grusha\",\"rating\":2255,\"seed\":[47357,11081,46705,19690]}\n>player p2 {\"name\":\"fingerfonger\",\"avatar\":\"clerkf\",\"rating\":2258,\"seed\":[16680,54731,62288,19911]}\n>chat \u2606freyaknightvgc|hf\n>p1 move uturn\n>p2 switch 6\n>p1 switch 4\n>p1 switch 6\n>p2 move hydropump\n>p1 move hydropump\n>p2 switch 3\n>p1 switch 6\n>p2 move spikes\n>p1 move glaciallance\n>p2 move spikes\n>p1 move glaciallance\n>p2 move spikes\n>p2 switch 5\n>p1 move agility\n>p2 move voltswitch\n>p2 switch 6\n>p1 move glaciallance\n>p2 move darkpulse\n>p1 move glaciallance\n>p2 move darkpulse\n>p2 switch 3\n>p1 move closecombat terastallize\n>p2 move sparklingaria\n>p2 switch 4\n>p1 move glaciallance\n>p2 move shadowball\n>forcelose p2", "uploadtime": 1731549130, "views": 31, "formatid": "gen9randombattle", "rating": 2238, "private": 0, "password": null}