{"id": "gen9randombattle-2260693338", "format": "[Gen 9] Random Battle", "players": ["Harasho419", "cowtherian"], "log": "|j|\u2606Harasho419\n|j|\u2606cowtherian\n|t:|1733879260\n|gametype|singles\n|player|p1|Harasho419|1|1747\n|player|p2|cowtherian|266|1701\n|teamsize|p1|6\n|teamsize|p2|6\n|gen|9\n|tier|[Gen 9] Random Battle\n|rated|\n|rule|Species Clause: Limit one of each Pok\u00e9mon\n|rule|HP Percentage Mod: HP is shown in percentages\n|rule|Sleep Clause Mod: Limit one foe put to sleep\n|rule|Illusion Level Mod: Illusion disguises the Pok\u00e9mon's true level\n|\n|t:|1733879260\n|start\n|switch|p1a: Misdreavus|Misdreavus, L90, M|254/254\n|switch|p2a: Overqwil|Overqwil, L82, F|274/274\n|-ability|p2a: Overqwil|Intimidate|boost\n|-unboost|p1a: Misdreavus|atk|1\n|turn|1\n|inactive|Battle timer is ON: inactive players will automatically lose when time's up. (requested by cowtherian)\n|\n|t:|1733879274\n|move|p1a: Misdreavus|Will-O-Wisp|p2a: Overqwil\n|-status|p2a: Overqwil|brn\n|move|p2a: Overqwil|Gunk Shot|p1a: Misdreavus\n|-resisted|p1a: Misdreavus\n|-damage|p1a: Misdreavus|218/254\n|-status|p1a: Misdreavus|psn\n|-damage|p2a: Overqwil|247/274 brn|[from] item: Life Orb\n|\n|-damage|p1a: Misdreavus|187/254 psn|[from] psn\n|-damage|p2a: Overqwil|230/274 brn|[from] brn\n|upkeep\n|turn|2\n|\n|t:|1733879285\n|switch|p1a: Flareon|Flareon, L90, M|263/263\n|move|p2a: Overqwil|Swords Dance|p2a: Overqwil\n|-boost|p2a: Overqwil|atk|2\n|\n|-damage|p2a: Overqwil|213/274 brn|[from] brn\n|-status|p1a: Flareon|tox|[from] item: Toxic Orb\n|upkeep\n|turn|3\n|\n|t:|1733879292\n|move|p2a: Overqwil|Liquidation|p1a: Flareon\n|-supereffective|p1a: Flareon\n|-damage|p1a: Flareon|52/263 tox\n|-damage|p2a: Overqwil|186/274 brn|[from] item: Life Orb\n|move|p1a: Flareon|Facade|p2a: Overqwil\n|-damage|p2a: Overqwil|0 fnt\n|faint|p2a: Overqwil\n|\n|-damage|p1a: Flareon|36/263 tox|[from] psn\n|upkeep\n|\n|t:|1733879309\n|switch|p2a: Chien-Pao|Chien-Pao, L72|234/234\n|-ability|p2a: Chien-Pao|Sword of Ruin\n|turn|4\n|\n|t:|1733879314\n|move|p2a: Chien-Pao|Ice Shard|p1a: Flareon\n|-resisted|p1a: Flareon\n|-damage|p1a: Flareon|0 fnt\n|faint|p1a: Flareon\n|\n|upkeep\n|\n|t:|1733879323\n|switch|p1a: Suicune|Suicune, L82|298/298\n|-ability|p1a: Suicune|Pressure\n|turn|5\n|\n|t:|1733879330\n|switch|p2a: Swampert|Swampert, L83, F|302/302\n|move|p1a: Suicune|Scald|p2a: Swampert\n|-damage|p2a: Swampert|223/302\n|\n|-heal|p2a: Swampert|241/302|[from] item: Leftovers\n|upkeep\n|turn|6\n|\n|t:|1733879353\n|move|p1a: Suicune|Scald|p2a: Swampert\n|-damage|p2a: Swampert|165/302\n|-status|p2a: Swampert|brn\n|move|p2a: Swampert|Yawn|p1a: Suicune\n|-start|p1a: Suicune|move: Yawn|[of] p2a: Swampert\n|\n|-heal|p2a: Swampert|183/302 brn|[from] item: Leftovers\n|-damage|p2a: Swampert|165/302 brn|[from] brn\n|upkeep\n|turn|7\n|\n|t:|1733879365\n|switch|p1a: Glaceon|Glaceon, L94, F|275/275\n|move|p2a: Swampert|Stealth Rock|p1a: Glaceon\n|-sidestart|p1: Harasho419|move: Stealth Rock\n|\n|-heal|p2a: Swampert|183/302 brn|[from] item: Leftovers\n|-damage|p2a: Swampert|165/302 brn|[from] brn\n|upkeep\n|turn|8\n|\n|t:|1733879386\n|move|p1a: Glaceon|Freeze-Dry|p2a: Swampert\n|-supereffective|p2a: Swampert\n|-damage|p2a: Swampert|0 fnt\n|faint|p2a: Swampert\n|\n|upkeep\n|inactive|cowtherian has 120 seconds left.\n|\n|t:|1733879404\n|switch|p2a: Eiscue|Eiscue, L88, M|272/272\n|turn|9\n|\n|t:|1733879415\n|switch|p1a: Scovillain|Scovillain, L91, M|266/266\n|move|p2a: Eiscue|Belly Drum|p2a: Eiscue\n|-damage|p2a: Eiscue|136/272\n|-setboost|p2a: Eiscue|atk|6|[from] move: Belly Drum\n|\n|upkeep\n|turn|10\n|\n|t:|1733879425\n|-terastallize|p2a: Eiscue|Water\n|move|p1a: Scovillain|Energy Ball|p2a: Eiscue\n|-supereffective|p2a: Eiscue\n|-damage|p2a: Eiscue|0 fnt\n|faint|p2a: Eiscue\n|\n|upkeep\n|inactive|cowtherian has 120 seconds left.\n|\n|t:|1733879441\n|switch|p2a: Chien-Pao|Chien-Pao, L72|234/234\n|-ability|p2a: Chien-Pao|Sword of Ruin\n|turn|11\n|\n|t:|1733879445\n|move|p2a: Chien-Pao|Crunch|p1a: Scovillain\n|-damage|p1a: Scovillain|110/266\n|move|p1a: Scovillain|Fire Blast|p2a: Chien-Pao\n|-supereffective|p2a: Chien-Pao\n|-damage|p2a: Chien-Pao|0 fnt\n|faint|p2a: Chien-Pao\n|\n|upkeep\n|\n|t:|1733879451\n|switch|p2a: Iron Thorns|Iron Thorns, L83|302/302\n|turn|12\n|\n|t:|1733879457\n|move|p1a: Scovillain|Energy Ball|p2a: Iron Thorns\n|-supereffective|p2a: Iron Thorns\n|-damage|p2a: Iron Thorns|56/302\n|move|p2a: Iron Thorns|Spikes|p1a: Scovillain\n|-sidestart|p1: Harasho419|Spikes\n|\n|upkeep\n|turn|13\n|\n|t:|1733879461\n|move|p1a: Scovillain|Energy Ball|p2a: Iron Thorns\n|-supereffective|p2a: Iron Thorns\n|-damage|p2a: Iron Thorns|0 fnt\n|faint|p2a: Iron Thorns\n|-end|p2a: Iron Thorns|Quark Drive|[silent]\n|\n|upkeep\n|\n|t:|1733879463\n|switch|p2a: Rabsca|Rabsca, L91, F|284/284\n|turn|14\n|\n|t:|1733879466\n|move|p1a: Scovillain|Fire Blast|p2a: Rabsca\n|-supereffective|p2a: Rabsca\n|-damage|p2a: Rabsca|26/284\n|move|p2a: Rabsca|Revival Blessing|p2a: Rabsca\n|\n|t:|1733879474\n|-heal|p2: Chien-Pao|117/234|[from] move: Revival Blessing\n|\n|upkeep\n|turn|15\n|\n|t:|1733879484\n|move|p1a: Scovillain|Energy Ball|p2a: Rabsca\n|-resisted|p2a: Rabsca\n|-damage|p2a: Rabsca|0 fnt\n|faint|p2a: Rabsca\n|\n|upkeep\n|\n|t:|1733879485\n|switch|p2a: Chien-Pao|Chien-Pao, L72|117/234\n|-ability|p2a: Chien-Pao|Sword of Ruin\n|turn|16\n|\n|t:|1733879493\n|move|p2a: Chien-Pao|Crunch|p1a: Scovillain\n|-damage|p1a: Scovillain|0 fnt\n|faint|p1a: Scovillain\n|\n|upkeep\n|\n|t:|1733879495\n|switch|p1a: Chesnaught|Chesnaught, L84, F|285/285\n|-damage|p1a: Chesnaught|268/285|[from] Stealth Rock\n|-damage|p1a: Chesnaught|233/285|[from] Spikes\n|turn|17\n|\n|t:|1733879506\n|move|p2a: Chien-Pao|Crunch|p1a: Chesnaught\n|-resisted|p1a: Chesnaught\n|-damage|p1a: Chesnaught|175/285\n|move|p1a: Chesnaught|Body Press|p2a: Chien-Pao\n|-supereffective|p2a: Chien-Pao\n|-damage|p2a: Chien-Pao|0 fnt\n|faint|p2a: Chien-Pao\n|\n|win|Harasho419\n|raw|Harasho419's rating: 1747 &rarr; <strong>1764</strong><br />(+17 for winning)\n|raw|cowtherian's rating: 1701 &rarr; <strong>1684</strong><br />(-17 for losing)\n|c|\u2606Harasho419|Gg\n|l|\u2606cowtherian\n|player|p2|\n", "inputlog": ">version bfd83cad13791eb5a5a409923076391caf6fb4d4\n>start {\"formatid\":\"gen9randombattle\",\"seed\":[54088,18587,56045,15836],\"rated\":\"Rated battle\"}\n>player p1 {\"name\":\"Harasho419\",\"avatar\":\"1\",\"rating\":1747,\"seed\":[18203,55890,6128,14125]}\n>player p2 {\"name\":\"cowtherian\",\"avatar\":\"266\",\"rating\":1701,\"seed\":[20077,46881,15937,50286]}\n>p1 move willowisp\n>p2 move gunkshot\n>p1 switch 5\n>p2 move swordsdance\n>p1 move facade\n>p2 move liquidation\n>p2 switch 4\n>p1 move quickattack\n>p2 move iceshard\n>p1 switch 6\n>p1 move scald\n>p2 switch 2\n>p1 move scald\n>p2 move yawn\n>p1 switch 2\n>p2 move stealthrock\n>p1 move freezedry\n>p2 move yawn\n>p2 switch 5\n>p1 switch 3\n>p2 move bellydrum\n>p1 move energyball\n>p2 move substitute terastallize\n>p2 switch 2\n>p1 move fireblast\n>p2 move crunch\n>p2 switch 3\n>p1 move energyball\n>p2 move spikes\n>p1 move energyball\n>p2 move spikes\n>p2 switch 6\n>p1 move fireblast\n>p2 move revivalblessing\n>p2 switch 3\n>p1 move energyball\n>p2 move bugbuzz\n>p2 switch 3\n>p1 move fireblast\n>p2 move crunch\n>p1 switch 4\n>p1 move bodypress\n>p2 move crunch", "uploadtime": 1733879515, "views": 2, "formatid": "gen9randombattle", "rating": 1684, "private": 0, "password": null}