{"id": "gen9randombattle-2260394388", "format": "[Gen 9] Random Battle", "players": ["ClipSec", "thvtvtctcycyvyb"], "log": "|j|\u2606ClipSec\n|j|\u2606thvtvtctcycyvyb\n|t:|1733847342\n|gametype|singles\n|player|p1|ClipSec|swimmerf-gen4|\n|player|p2|thvtvtctcycyvyb|alder|\n|teamsize|p1|6\n|teamsize|p2|6\n|gen|9\n|tier|[Gen 9] Random Battle\n|rule|Species Clause: Limit one of each Pok\u00e9mon\n|rule|HP Percentage Mod: HP is shown in percentages\n|rule|Sleep Clause Mod: Limit one foe put to sleep\n|rule|Illusion Level Mod: Illusion disguises the Pok\u00e9mon's true level\n|\n|t:|1733847342\n|start\n|switch|p1a: Poliwrath|Poliwrath, L88, F|302/302\n|switch|p2a: Tauros|Tauros, L82, M|257/257\n|turn|1\n|inactive|Battle timer is ON: inactive players will automatically lose when time's up. (requested by thvtvtctcycyvyb)\n|inactive|thvtvtctcycyvyb has 270 seconds left.\n|inactive|thvtvtctcycyvyb has 240 seconds left.\n|inactive|thvtvtctcycyvyb has 210 seconds left.\n|inactive|thvtvtctcycyvyb disconnected and has 300 seconds to reconnect!\n|player|p2|\n|l| thvtvtctcycyvyb\n|j|\u2606thvtvtctcycyvyb\n|inactive|thvtvtctcycyvyb reconnected and has 210 seconds left.\n|player|p2|thvtvtctcycyvyb|alder|\n|\n|t:|1733847463\n|move|p2a: Tauros|Zen Headbutt|p1a: Poliwrath\n|-supereffective|p1a: Poliwrath\n|-damage|p1a: Poliwrath|138/302\n|move|p1a: Poliwrath|Drain Punch|p2a: Tauros\n|-supereffective|p2a: Tauros\n|-damage|p2a: Tauros|93/257\n|-heal|p1a: Poliwrath|220/302|[from] drain|[of] p2a: Tauros\n|\n|-heal|p1a: Poliwrath|238/302|[from] item: Leftovers\n|upkeep\n|turn|2\n|\n|t:|1733847483\n|switch|p2a: Medicham|Medicham, L86, F|243/243\n|move|p1a: Poliwrath|Drain Punch|p2a: Medicham\n|-resisted|p2a: Medicham\n|-damage|p2a: Medicham|193/243\n|-heal|p1a: Poliwrath|263/302|[from] drain|[of] p2a: Medicham\n|\n|-heal|p1a: Poliwrath|281/302|[from] item: Leftovers\n|upkeep\n|turn|3\n|\n|t:|1733847497\n|switch|p1a: Vespiquen|Vespiquen, L98, F|296/296\n|-ability|p1a: Vespiquen|Pressure\n|move|p2a: Medicham|Zen Headbutt|p1a: Vespiquen\n|-damage|p1a: Vespiquen|155/296\n|\n|upkeep\n|turn|4\n|\n|t:|1733847511\n|move|p2a: Medicham|Zen Headbutt|p1a: Vespiquen\n|-damage|p1a: Vespiquen|16/296\n|move|p1a: Vespiquen|Toxic|p2a: Medicham\n|-status|p2a: Medicham|tox\n|\n|-damage|p2a: Medicham|178/243 tox|[from] psn\n|upkeep\n|turn|5\n|\n|t:|1733847528\n|switch|p1a: Sableye|Sableye, L89, F|234/234\n|move|p2a: Medicham|Zen Headbutt|p1a: Sableye\n|-immune|p1a: Sableye\n|\n|-damage|p2a: Medicham|148/243 tox|[from] psn\n|upkeep\n|turn|6\n|\n|t:|1733847544\n|switch|p2a: Tauros|Tauros, L82, M|93/257\n|move|p1a: Sableye|Encore||[still]\n|-fail|p1a: Sableye\n|\n|upkeep\n|turn|7\n|\n|t:|1733847555\n|move|p2a: Tauros|Body Slam|p1a: Sableye\n|-immune|p1a: Sableye\n|move|p1a: Sableye|Knock Off|p2a: Tauros\n|-damage|p2a: Tauros|0 fnt\n|-enditem|p2a: Tauros|Life Orb|[from] move: Knock Off|[of] p1a: Sableye\n|faint|p2a: Tauros\n|\n|upkeep\n|\n|t:|1733847564\n|switch|p2a: Walking Wake|Walking Wake, L79|286/286\n|turn|8\n|\n|t:|1733847571\n|move|p2a: Walking Wake|Flamethrower|p1a: Sableye\n|-damage|p1a: Sableye|130/234\n|-damage|p2a: Walking Wake|258/286|[from] item: Life Orb\n|move|p1a: Sableye|Knock Off|p2a: Walking Wake\n|-damage|p2a: Walking Wake|164/286\n|-enditem|p2a: Walking Wake|Life Orb|[from] move: Knock Off|[of] p1a: Sableye\n|\n|-heal|p1a: Sableye|144/234|[from] item: Leftovers\n|upkeep\n|turn|9\n|inactive|thvtvtctcycyvyb has 270 seconds left.\n|\n|t:|1733847590\n|move|p2a: Walking Wake|Hydro Steam|p1a: Sableye\n|-damage|p1a: Sableye|44/234\n|move|p1a: Sableye|Knock Off|p2a: Walking Wake\n|-damage|p2a: Walking Wake|100/286\n|\n|-heal|p1a: Sableye|58/234|[from] item: Leftovers\n|upkeep\n|turn|10\n|\n|t:|1733847612\n|switch|p1a: Gardevoir|Gardevoir, L83, M|249/249\n|move|p2a: Walking Wake|Hydro Steam|p1a: Gardevoir\n|-damage|p1a: Gardevoir|177/249\n|\n|upkeep\n|turn|11\n|\n|t:|1733847621\n|-terastallize|p2a: Walking Wake|Fire\n|move|p1a: Gardevoir|Moonblast|p2a: Walking Wake\n|-resisted|p2a: Walking Wake\n|-damage|p2a: Walking Wake|28/286\n|-unboost|p2a: Walking Wake|spa|1\n|move|p2a: Walking Wake|Flamethrower|p1a: Gardevoir\n|-damage|p1a: Gardevoir|125/249\n|\n|upkeep\n|turn|12\n|inactive|thvtvtctcycyvyb has 270 seconds left.\n|\n|t:|1733847631\n|move|p1a: Gardevoir|Moonblast|p2a: Walking Wake\n|-resisted|p2a: Walking Wake\n|-damage|p2a: Walking Wake|0 fnt\n|faint|p2a: Walking Wake\n|-end|p2a: Walking Wake|Protosynthesis|[silent]\n|\n|upkeep\n|\n|t:|1733847641\n|switch|p2a: Malamar|Malamar, L82, F|275/275\n|-ability|p1a: Gardevoir|Contrary|[from] ability: Trace|[of] p2a: Malamar\n|turn|13\n|inactive|thvtvtctcycyvyb has 270 seconds left.\n|\n|t:|1733847661\n|move|p1a: Gardevoir|Moonblast|p2a: Malamar\n|-supereffective|p2a: Malamar\n|-damage|p2a: Malamar|0 fnt\n|faint|p2a: Malamar\n|\n|upkeep\n|\n|t:|1733847667\n|switch|p2a: Rhyperior|Rhyperior, L82, F|323/323\n|turn|14\n|\n|t:|1733847674\n|switch|p1a: Poliwrath|Poliwrath, L88, F|281/302\n|move|p2a: Rhyperior|Earthquake|p1a: Poliwrath\n|-damage|p1a: Poliwrath|163/302\n|\n|-heal|p1a: Poliwrath|181/302|[from] item: Leftovers\n|upkeep\n|turn|15\n|\n|t:|1733847685\n|move|p1a: Poliwrath|Liquidation|p2a: Rhyperior\n|-supereffective|p2a: Rhyperior\n|-damage|p2a: Rhyperior|122/323\n|move|p2a: Rhyperior|Stone Edge|p1a: Poliwrath\n|-resisted|p1a: Poliwrath\n|-damage|p1a: Poliwrath|121/302\n|\n|-heal|p1a: Poliwrath|139/302|[from] item: Leftovers\n|upkeep\n|turn|16\n|\n|t:|1733847696\n|move|p1a: Poliwrath|Liquidation|p2a: Rhyperior\n|-supereffective|p2a: Rhyperior\n|-damage|p2a: Rhyperior|0 fnt\n|faint|p2a: Rhyperior\n|\n|-heal|p1a: Poliwrath|157/302|[from] item: Leftovers\n|upkeep\n|\n|t:|1733847703\n|switch|p2a: Talonflame|Talonflame, L83, M|265/265\n|turn|17\n|\n|t:|1733847708\n|move|p2a: Talonflame|Swords Dance|p2a: Talonflame\n|-boost|p2a: Talonflame|atk|2\n|move|p1a: Poliwrath|Liquidation|p2a: Talonflame\n|-supereffective|p2a: Talonflame\n|-damage|p2a: Talonflame|17/265\n|-unboost|p2a: Talonflame|def|1\n|\n|-heal|p1a: Poliwrath|175/302|[from] item: Leftovers\n|upkeep\n|turn|18\n|inactive|thvtvtctcycyvyb has 270 seconds left.\n|\n|t:|1733847732\n|move|p2a: Talonflame|Tera Blast|p1a: Poliwrath\n|-damage|p1a: Poliwrath|130/302\n|move|p1a: Poliwrath|Drain Punch|p2a: Talonflame\n|-resisted|p2a: Talonflame\n|-damage|p2a: Talonflame|0 fnt\n|-heal|p1a: Poliwrath|139/302|[from] drain|[of] p2a: Talonflame\n|-status|p1a: Poliwrath|brn|[from] ability: Flame Body|[of] p2a: Talonflame\n|faint|p2a: Talonflame\n|\n|-heal|p1a: Poliwrath|157/302 brn|[from] item: Leftovers\n|-damage|p1a: Poliwrath|139/302 brn|[from] brn\n|upkeep\n|\n|t:|1733847740\n|switch|p2a: Medicham|Medicham, L86, F|148/243 tox\n|turn|19\n|\n|t:|1733847752\n|move|p2a: Medicham|Zen Headbutt|p1a: Poliwrath\n|-supereffective|p1a: Poliwrath\n|-damage|p1a: Poliwrath|0 fnt\n|faint|p1a: Poliwrath\n|\n|-damage|p2a: Medicham|133/243 tox|[from] psn\n|upkeep\n|\n|t:|1733847759\n|switch|p1a: Sableye|Sableye, L89, F|58/234\n|turn|20\n|\n|t:|1733847764\n|move|p1a: Sableye|Recover|p1a: Sableye\n|-heal|p1a: Sableye|175/234\n|move|p2a: Medicham|Zen Headbutt|p1a: Sableye\n|-immune|p1a: Sableye\n|\n|-heal|p1a: Sableye|189/234|[from] item: Leftovers\n|-damage|p2a: Medicham|103/243 tox|[from] psn\n|upkeep\n|turn|21\n|\n|t:|1733847775\n|move|p1a: Sableye|Recover|p1a: Sableye\n|-heal|p1a: Sableye|234/234\n|move|p2a: Medicham|Zen Headbutt|p1a: Sableye\n|-immune|p1a: Sableye\n|\n|-damage|p2a: Medicham|58/243 tox|[from] psn\n|upkeep\n|turn|22\n|\n|t:|1733847783\n|move|p1a: Sableye|Encore|p2a: Medicham\n|-start|p2a: Medicham|Encore\n|move|p2a: Medicham|Zen Headbutt|p1a: Sableye\n|-immune|p1a: Sableye\n|\n|-damage|p2a: Medicham|0 fnt|[from] psn\n|faint|p2a: Medicham\n|\n|win|ClipSec\n|upkeep\n|l|\u2606thvtvtctcycyvyb\n|player|p2|\n", "inputlog": ">version bfd83cad13791eb5a5a409923076391caf6fb4d4\n>start {\"formatid\":\"gen9randombattle\",\"seed\":[48906,65503,30759,17855]}\n>player p1 {\"name\":\"ClipSec\",\"avatar\":\"swimmerf-gen4\",\"rating\":0,\"seed\":[7635,21712,16508,6290]}\n>player p2 {\"name\":\"thvtvtctcycyvyb\",\"avatar\":\"alder\",\"rating\":0,\"seed\":[14309,51547,28397,53771]}\n>p1 move drainpunch\n>p2 move zenheadbutt\n>p1 move drainpunch\n>p2 switch 4\n>p1 switch 4\n>p2 move zenheadbutt\n>p1 move toxic\n>p2 move zenheadbutt\n>p1 switch 2\n>p2 move zenheadbutt\n>p1 move encore\n>p2 switch 4\n>p1 move knockoff\n>p2 move bodyslam\n>p2 switch 6\n>p1 move knockoff\n>p2 move flamethrower\n>p1 move knockoff\n>p2 move hydrosteam\n>p1 switch 6\n>p2 move hydrosteam\n>p1 move moonblast\n>p2 move flamethrower terastallize\n>p1 move moonblast\n>p2 move sunnyday\n>p2 switch 2\n>p1 move moonblast\n>p2 move superpower\n>p2 switch 3\n>p1 switch 4\n>p2 move earthquake\n>p1 move liquidation\n>p2 move stoneedge\n>p1 move liquidation\n>p2 move dragontail\n>p2 switch 5\n>p1 move liquidation\n>p2 move swordsdance\n>p1 move drainpunch\n>p2 move terablast\n>p2 switch 4\n>p1 move icepunch\n>p2 move zenheadbutt\n>p1 switch 6\n>p1 move recover\n>p2 move zenheadbutt\n>p1 move recover\n>p2 move zenheadbutt\n>p1 move encore\n>p2 move zenheadbutt", "uploadtime": 1733847808, "views": 7, "formatid": "gen9randombattle", "rating": null, "private": 0, "password": null}