{"id": "gen9randombattle-2259948726", "format": "[Gen 9] Random Battle", "players": ["babytronfan420", "AuraInkling"], "log": "|j|\u2606babytronfan420\n|j|\u203dAuraInkling\n|t:|1733783199\n|gametype|singles\n|player|p1|babytronfan420|2|1272\n|player|p2|AuraInkling|265|1272\n|teamsize|p1|6\n|teamsize|p2|6\n|gen|9\n|tier|[Gen 9] Random Battle\n|rated|\n|rule|Species Clause: Limit one of each Pok\u00e9mon\n|rule|HP Percentage Mod: HP is shown in percentages\n|rule|Sleep Clause Mod: Limit one foe put to sleep\n|rule|Illusion Level Mod: Illusion disguises the Pok\u00e9mon's true level\n|\n|t:|1733783199\n|start\n|switch|p1a: Breloom|Breloom, L82, F|233/233\n|switch|p2a: Emboar|Emboar, L84, M|322/322\n|turn|1\n|inactive|Battle timer is ON: inactive players will automatically lose when time's up. (requested by AuraInkling)\n|inactive|babytronfan420 also wants the timer to be on.\n|\n|t:|1733783222\n|switch|p1a: Regirock|Regirock, L83|268/268\n|move|p2a: Emboar|Knock Off|p1a: Regirock\n|-damage|p1a: Regirock|205/268\n|-enditem|p1a: Regirock|Leftovers|[from] move: Knock Off|[of] p2a: Emboar\n|\n|upkeep\n|turn|2\n|c|\u2606babytronfan420|amazing day to get breloom\n|\n|t:|1733783246\n|switch|p2a: Feraligatr|Feraligatr, L79, F|264/264\n|move|p1a: Regirock|Stealth Rock|p2a: Feraligatr\n|-sidestart|p2: AuraInkling|move: Stealth Rock\n|\n|upkeep\n|turn|3\n|\n|t:|1733783265\n|switch|p1a: Qwilfish|Qwilfish-Hisui, L83, M|244/244\n|-ability|p1a: Qwilfish|Intimidate|boost\n|-unboost|p2a: Feraligatr|atk|1\n|move|p2a: Feraligatr|Dragon Dance|p2a: Feraligatr\n|-boost|p2a: Feraligatr|atk|1\n|-boost|p2a: Feraligatr|spe|1\n|\n|upkeep\n|turn|4\n|\n|t:|1733783273\n|move|p2a: Feraligatr|Dragon Dance|p2a: Feraligatr\n|-boost|p2a: Feraligatr|atk|1\n|-boost|p2a: Feraligatr|spe|1\n|move|p1a: Qwilfish|Toxic Spikes|p2a: Feraligatr\n|-sidestart|p2: AuraInkling|move: Toxic Spikes\n|\n|upkeep\n|turn|5\n|\n|t:|1733783284\n|move|p2a: Feraligatr|Dragon Dance|p2a: Feraligatr\n|-boost|p2a: Feraligatr|atk|1\n|-boost|p2a: Feraligatr|spe|1\n|move|p1a: Qwilfish|Gunk Shot|p2a: Feraligatr\n|-damage|p2a: Feraligatr|146/264\n|\n|upkeep\n|turn|6\n|\n|t:|1733783292\n|move|p2a: Feraligatr|Liquidation|p1a: Qwilfish\n|-damage|p1a: Qwilfish|44/244\n|move|p1a: Qwilfish|Gunk Shot|p2a: Feraligatr\n|-damage|p2a: Feraligatr|28/264\n|\n|upkeep\n|turn|7\n|\n|t:|1733783318\n|switch|p1a: Breloom|Breloom, L82, F|233/233\n|move|p2a: Feraligatr|Liquidation|p1a: Breloom\n|-resisted|p1a: Breloom\n|-damage|p1a: Breloom|63/233\n|\n|upkeep\n|turn|8\n|\n|t:|1733783328\n|switch|p1a: Frosmoth|Frosmoth, L82, F|249/249\n|move|p2a: Feraligatr|Liquidation|p1a: Frosmoth\n|-damage|p1a: Frosmoth|0 fnt\n|faint|p1a: Frosmoth\n|\n|upkeep\n|\n|t:|1733783340\n|switch|p1a: Granbull|Granbull, L88, M|302/302\n|-ability|p1a: Granbull|Intimidate|boost\n|-unboost|p2a: Feraligatr|atk|1\n|turn|9\n|\n|t:|1733783344\n|move|p2a: Feraligatr|Liquidation|p1a: Granbull\n|-crit|p1a: Granbull\n|-damage|p1a: Granbull|0 fnt\n|faint|p1a: Granbull\n|\n|upkeep\n|c|\u2606babytronfan420|...\n|c|\u2606babytronfan420|gg\n|\n|t:|1733783354\n|switch|p1a: Qwilfish|Qwilfish-Hisui, L83, M|44/244\n|-ability|p1a: Qwilfish|Intimidate|boost\n|-unboost|p2a: Feraligatr|atk|1\n|turn|10\n|\n|t:|1733783358\n|switch|p1a: Porygon-Z|Porygon-Z, L83|277/277\n|-ability|p1a: Porygon-Z|Download|boost\n|-boost|p1a: Porygon-Z|spa|1\n|move|p2a: Feraligatr|Liquidation|p1a: Porygon-Z\n|-damage|p1a: Porygon-Z|113/277\n|\n|upkeep\n|turn|11\n|\n|t:|1733783367\n|switch|p1a: Qwilfish|Qwilfish-Hisui, L83, M|44/244\n|-ability|p1a: Qwilfish|Intimidate|boost\n|-unboost|p2a: Feraligatr|atk|1\n|move|p2a: Feraligatr|Liquidation|p1a: Qwilfish\n|-damage|p1a: Qwilfish|0 fnt\n|faint|p1a: Qwilfish\n|\n|upkeep\n|\n|t:|1733783372\n|switch|p1a: Regirock|Regirock, L83|205/268\n|turn|12\n|\n|t:|1733783394\n|move|p2a: Feraligatr|Liquidation|p1a: Regirock\n|-supereffective|p1a: Regirock\n|-damage|p1a: Regirock|109/268\n|move|p1a: Regirock|Body Press|p2a: Feraligatr\n|-damage|p2a: Feraligatr|0 fnt\n|faint|p2a: Feraligatr\n|\n|upkeep\n|\n|t:|1733783406\n|switch|p2a: Incineroar|Incineroar, L82, F|290/290\n|-ability|p2a: Incineroar|Intimidate|boost\n|-fail|p1a: Regirock|unboost|[from] ability: Clear Body|[of] p1a: Regirock\n|turn|13\n|\n|t:|1733783426\n|-terastallize|p2a: Incineroar|Water\n|move|p2a: Incineroar|Earthquake|p1a: Regirock\n|-supereffective|p1a: Regirock\n|-damage|p1a: Regirock|31/268\n|move|p1a: Regirock|Thunder Wave|p2a: Incineroar\n|-status|p2a: Incineroar|par\n|\n|upkeep\n|turn|14\n|\n|t:|1733783434\n|move|p1a: Regirock|Body Press|p2a: Incineroar\n|-damage|p2a: Incineroar|195/290 par\n|move|p2a: Incineroar|Earthquake|p1a: Regirock\n|-supereffective|p1a: Regirock\n|-damage|p1a: Regirock|0 fnt\n|faint|p1a: Regirock\n|\n|upkeep\n|\n|t:|1733783440\n|switch|p1a: Breloom|Breloom, L82, F|63/233\n|turn|15\n|\n|t:|1733783444\n|switch|p2a: Gardevoir|Gardevoir, L83, F|249/249\n|-damage|p2a: Gardevoir|218/249|[from] Stealth Rock\n|-status|p2a: Gardevoir|psn\n|-ability|p2a: Gardevoir|Technician|[from] ability: Trace|[of] p1a: Breloom\n|move|p1a: Breloom|Bullet Seed|p2a: Gardevoir\n|-damage|p2a: Gardevoir|139/249 psn\n|-damage|p2a: Gardevoir|61/249 psn\n|-damage|p2a: Gardevoir|0 fnt\n|faint|p2a: Gardevoir\n|-hitcount|p2: Gardevoir|3\n|-damage|p1a: Breloom|40/233|[from] item: Life Orb\n|\n|upkeep\n|\n|t:|1733783457\n|switch|p2a: Incineroar|Incineroar, L82, F, tera:Water|195/290 par\n|-ability|p2a: Incineroar|Intimidate|boost\n|-unboost|p1a: Breloom|atk|1\n|turn|16\n|\n|t:|1733783464\n|switch|p2a: Emboar|Emboar, L84, M|322/322\n|-damage|p2a: Emboar|282/322|[from] Stealth Rock\n|-status|p2a: Emboar|psn\n|move|p1a: Breloom|Bullet Seed|p2a: Emboar\n|-resisted|p2a: Emboar\n|-damage|p2a: Emboar|256/322 psn\n|-resisted|p2a: Emboar\n|-damage|p2a: Emboar|229/322 psn\n|-resisted|p2a: Emboar\n|-damage|p2a: Emboar|204/322 psn\n|-resisted|p2a: Emboar\n|-damage|p2a: Emboar|177/322 psn\n|-resisted|p2a: Emboar\n|-damage|p2a: Emboar|150/322 psn\n|-hitcount|p2a: Emboar|5\n|-damage|p1a: Breloom|17/233|[from] item: Life Orb\n|\n|-damage|p2a: Emboar|110/322 psn|[from] psn\n|upkeep\n|turn|17\n|\n|t:|1733783482\n|move|p1a: Breloom|Rock Tomb|p2a: Emboar\n|-damage|p2a: Emboar|28/322 psn\n|-unboost|p2a: Emboar|spe|1\n|-damage|p1a: Breloom|0 fnt|[from] item: Life Orb\n|faint|p1a: Breloom\n|move|p2a: Emboar|Flare Blitz|p1: Breloom|[notarget]\n|-fail|p2a: Emboar\n|\n|-damage|p2a: Emboar|0 fnt|[from] psn\n|faint|p2a: Emboar\n|upkeep\n|\n|t:|1733783496\n|switch|p1a: Porygon-Z|Porygon-Z, L83|113/277\n|switch|p2a: Persian|Persian, L92, F|269/269\n|-ability|p1a: Porygon-Z|Download|boost\n|-boost|p1a: Porygon-Z|atk|1\n|-damage|p2a: Persian|236/269|[from] Stealth Rock\n|-status|p2a: Persian|psn\n|turn|18\n|\n|t:|1733783510\n|move|p2a: Persian|Fake Out|p1a: Porygon-Z\n|-damage|p1a: Porygon-Z|26/277\n|cant|p1a: Porygon-Z|flinch\n|\n|-damage|p2a: Persian|203/269 psn|[from] psn\n|upkeep\n|turn|19\n|\n|t:|1733783517\n|move|p1a: Porygon-Z|Tri Attack|p2a: Persian\n|-damage|p2a: Persian|79/269 psn\n|move|p2a: Persian|Double-Edge|p1a: Porygon-Z\n|-damage|p1a: Porygon-Z|0 fnt\n|faint|p1a: Porygon-Z\n|-damage|p2a: Persian|70/269 psn|[from] Recoil\n|\n|win|AuraInkling\n|raw|babytronfan420's rating: 1272 &rarr; <strong>1247</strong><br />(-25 for losing)\n|raw|AuraInkling's rating: 1272 &rarr; <strong>1297</strong><br />(+25 for winning)\n", "inputlog": ">version bfd83cad13791eb5a5a409923076391caf6fb4d4\n>start {\"formatid\":\"gen9randombattle\",\"seed\":[29515,23700,22429,10100],\"rated\":\"Rated battle\"}\n>player p1 {\"name\":\"babytronfan420\",\"avatar\":\"2\",\"rating\":1272,\"seed\":[53243,8580,16203,54226]}\n>player p2 {\"name\":\"AuraInkling\",\"avatar\":\"265\",\"rating\":1272,\"seed\":[502,45226,43775,48578]}\n>p1 switch 5\n>p2 move knockoff\n>chat \u2606babytronfan420|amazing day to get breloom\n>p1 move stealthrock\n>p2 switch 4\n>p1 switch 3\n>p2 move dragondance\n>p1 move toxicspikes\n>p2 move dragondance\n>p1 move gunkshot\n>p2 move dragondance\n>p1 move gunkshot\n>p2 move liquidation\n>p1 switch 5\n>p2 move liquidation\n>p1 switch 4\n>p2 move liquidation\n>p1 switch 2\n>p1 move roar\n>p2 move liquidation\n>chat \u2606babytronfan420|...\n>chat \u2606babytronfan420|gg\n>p1 switch 5\n>p1 switch 6\n>p2 move liquidation\n>p1 switch 6\n>p2 move liquidation\n>p1 switch 3\n>p1 move bodypress\n>p2 move liquidation\n>p2 switch 2\n>p1 move thunderwave\n>p2 move earthquake terastallize\n>p1 move bodypress\n>p2 move earthquake\n>p1 switch 4\n>p1 move bulletseed\n>p2 switch 5\n>p2 switch 5\n>p1 move bulletseed\n>p2 switch 4\n>p1 move rocktomb\n>p2 move flareblitz\n>p1 switch 6\n>p2 switch 6\n>p1 move triattack\n>p2 move fakeout\n>p1 move triattack\n>p2 move doubleedge", "uploadtime": 1733783525, "views": 1, "formatid": "gen9randombattle", "rating": 1247, "private": 0, "password": null}