{"id": "gen9randombattle-2260390474", "format": "[Gen 9] Random Battle", "players": ["Mangioneisahero", "raschdork"], "log": "|j|\u2606Mangioneisahero\n|j|\u2606raschdork\n|t:|1733846950\n|gametype|singles\n|player|p1|Mangioneisahero|hooligans|\n|player|p2|raschdork|170|\n|teamsize|p1|6\n|teamsize|p2|6\n|gen|9\n|tier|[Gen 9] Random Battle\n|rule|Species Clause: Limit one of each Pok\u00e9mon\n|rule|HP Percentage Mod: HP is shown in percentages\n|rule|Sleep Clause Mod: Limit one foe put to sleep\n|rule|Illusion Level Mod: Illusion disguises the Pok\u00e9mon's true level\n|\n|t:|1733846950\n|start\n|switch|p1a: Urshifu|Urshifu-Rapid-Strike, L75, M|274/274\n|switch|p2a: Tropius|Tropius, L91, M|328/328\n|turn|1\n|\n|t:|1733846983\n|move|p1a: Urshifu|U-turn|p2a: Tropius\n|-damage|p2a: Tropius|247/328\n|\n|t:|1733846989\n|switch|p1a: Charizard|Charizard, L85, M|271/271|[from] U-turn\n|move|p2a: Tropius|Dragon Dance|p2a: Tropius\n|-boost|p2a: Tropius|atk|1\n|-boost|p2a: Tropius|spe|1\n|\n|upkeep\n|turn|2\n|l|\u2606raschdork\n|player|p2|\n|j|\u2606raschdork\n|player|p2|raschdork|170|\n|\n|t:|1733847143\n|switch|p2a: Dewgong|Dewgong, L94, F|322/322\n|move|p1a: Charizard|Flare Blitz|p2a: Dewgong\n|-damage|p2a: Dewgong|261/322\n|-damage|p1a: Charizard|251/271|[from] Recoil\n|\n|upkeep\n|turn|3\n|\n|t:|1733847163\n|switch|p1a: Urshifu|Urshifu-Rapid-Strike, L75, M|274/274\n|move|p2a: Dewgong|Surf|p1a: Urshifu\n|-resisted|p1a: Urshifu\n|-damage|p1a: Urshifu|207/274\n|\n|upkeep\n|turn|4\n|\n|t:|1733847186\n|switch|p2a: Tropius|Tropius, L91, M|247/328\n|move|p1a: Urshifu|U-turn|p2a: Tropius\n|-damage|p2a: Tropius|179/328\n|\n|t:|1733847191\n|switch|p1a: Charizard|Charizard, L85, M|251/271|[from] U-turn\n|\n|upkeep\n|turn|5\n|\n|t:|1733847199\n|switch|p2a: Dewgong|Dewgong, L94, F|261/322\n|move|p1a: Charizard|Swords Dance|p1a: Charizard\n|-boost|p1a: Charizard|atk|2\n|\n|upkeep\n|turn|6\n|\n|t:|1733847212\n|move|p1a: Charizard|Flare Blitz|p2a: Dewgong\n|-damage|p2a: Dewgong|144/322\n|-damage|p1a: Charizard|212/271|[from] Recoil\n|move|p2a: Dewgong|Surf|p1a: Charizard\n|-supereffective|p1a: Charizard\n|-damage|p1a: Charizard|32/271\n|\n|upkeep\n|turn|7\n|\n|t:|1733847228\n|switch|p1a: Urshifu|Urshifu-Rapid-Strike, L75, M|207/274\n|move|p2a: Dewgong|Surf|p1a: Urshifu\n|-resisted|p1a: Urshifu\n|-damage|p1a: Urshifu|135/274\n|\n|upkeep\n|turn|8\n|\n|t:|1733847250\n|switch|p2a: Cresselia|Cresselia, L80, F|323/323\n|move|p1a: Urshifu|Close Combat|p2a: Cresselia\n|-resisted|p2a: Cresselia\n|-damage|p2a: Cresselia|233/323\n|-unboost|p1a: Urshifu|def|1\n|-unboost|p1a: Urshifu|spd|1\n|\n|-heal|p2a: Cresselia|253/323|[from] item: Leftovers\n|upkeep\n|turn|9\n|\n|t:|1733847269\n|switch|p1a: Ditto|Ditto, L87|225/225\n|-transform|p1a: Ditto|p2a: Cresselia|[from] ability: Imposter\n|move|p2a: Cresselia|Calm Mind|p2a: Cresselia\n|-boost|p2a: Cresselia|spa|1\n|-boost|p2a: Cresselia|spd|1\n|\n|-heal|p2a: Cresselia|273/323|[from] item: Leftovers\n|upkeep\n|turn|10\n|\n|t:|1733847298\n|move|p1a: Ditto|Psyshock|p2a: Cresselia\n|-resisted|p2a: Cresselia\n|-damage|p2a: Cresselia|245/323\n|move|p2a: Cresselia|Thunderbolt|p1a: Ditto\n|-damage|p1a: Ditto|165/225\n|\n|-heal|p2a: Cresselia|265/323|[from] item: Leftovers\n|upkeep\n|turn|11\n|\n|t:|1733847310\n|switch|p1a: Ting-Lu|Ting-Lu, L78|370/370\n|-ability|p1a: Ting-Lu|Vessel of Ruin\n|move|p2a: Cresselia|Calm Mind|p2a: Cresselia\n|-boost|p2a: Cresselia|spa|1\n|-boost|p2a: Cresselia|spd|1\n|\n|-heal|p2a: Cresselia|285/323|[from] item: Leftovers\n|upkeep\n|turn|12\n|\n|t:|1733847343\n|switch|p2a: Tauros|Tauros-Paldea-Combat, L82, M|257/257\n|-ability|p2a: Tauros|Intimidate|boost\n|-unboost|p1a: Ting-Lu|atk|1\n|move|p1a: Ting-Lu|Spikes|p2a: Tauros\n|-sidestart|p2: raschdork|Spikes\n|\n|upkeep\n|turn|13\n|\n|t:|1733847371\n|switch|p1a: Luvdisc|Luvdisc, F|247/247\n|move|p2a: Tauros|Bulk Up|p2a: Tauros\n|-boost|p2a: Tauros|atk|1\n|-boost|p2a: Tauros|def|1\n|\n|upkeep\n|turn|14\n|\n|t:|1733847388\n|move|p1a: Luvdisc|Whirlpool|p2a: Tauros\n|-damage|p2a: Tauros|221/257\n|-activate|p2a: Tauros|move: Whirlpool|[of] p1a: Luvdisc\n|move|p2a: Tauros|Iron Head|p1a: Luvdisc\n|-resisted|p1a: Luvdisc\n|-damage|p1a: Luvdisc|177/247\n|-damage|p2a: Tauros|196/257|[from] item: Life Orb\n|\n|-damage|p2a: Tauros|164/257|[from] move: Whirlpool|[partiallytrapped]\n|upkeep\n|turn|15\n|\n|t:|1733847401\n|move|p1a: Luvdisc|Substitute|p1a: Luvdisc\n|-start|p1a: Luvdisc|Substitute\n|-damage|p1a: Luvdisc|116/247\n|move|p2a: Tauros|Earthquake|p1a: Luvdisc\n|-end|p1a: Luvdisc|Substitute\n|-damage|p2a: Tauros|139/257|[from] item: Life Orb\n|\n|-damage|p2a: Tauros|107/257|[from] move: Whirlpool|[partiallytrapped]\n|upkeep\n|turn|16\n|\n|t:|1733847413\n|move|p1a: Luvdisc|Substitute|p1a: Luvdisc\n|-start|p1a: Luvdisc|Substitute\n|-damage|p1a: Luvdisc|55/247\n|move|p2a: Tauros|Close Combat|p1a: Luvdisc\n|-end|p1a: Luvdisc|Substitute\n|-unboost|p2a: Tauros|def|1\n|-unboost|p2a: Tauros|spd|1\n|-damage|p2a: Tauros|82/257|[from] item: Life Orb\n|\n|-damage|p2a: Tauros|50/257|[from] move: Whirlpool|[partiallytrapped]\n|upkeep\n|turn|17\n|\n|t:|1733847430\n|move|p1a: Luvdisc|Surf|p2a: Tauros\n|-damage|p2a: Tauros|0 fnt\n|faint|p2a: Tauros\n|\n|upkeep\n|\n|t:|1733847437\n|switch|p2a: Leafeon|Leafeon, L88, F|258/258\n|-damage|p2a: Leafeon|226/258|[from] Spikes\n|turn|18\n|\n|t:|1733847458\n|move|p1a: Luvdisc|Endeavor|p2a: Leafeon\n|-damage|p2a: Leafeon|55/258\n|move|p2a: Leafeon|Swords Dance|p2a: Leafeon\n|-boost|p2a: Leafeon|atk|2\n|\n|upkeep\n|turn|19\n|\n|t:|1733847477\n|move|p1a: Luvdisc|Whirlpool|p2a: Leafeon\n|-resisted|p2a: Leafeon\n|-damage|p2a: Leafeon|36/258\n|-activate|p2a: Leafeon|move: Whirlpool|[of] p1a: Luvdisc\n|move|p2a: Leafeon|Synthesis|p2a: Leafeon\n|-heal|p2a: Leafeon|165/258\n|\n|-damage|p2a: Leafeon|133/258|[from] move: Whirlpool|[partiallytrapped]\n|upkeep\n|turn|20\n|\n|t:|1733847491\n|move|p1a: Luvdisc|Endeavor|p2a: Leafeon\n|-damage|p2a: Leafeon|55/258\n|move|p2a: Leafeon|Leaf Blade|p1a: Luvdisc\n|-supereffective|p1a: Luvdisc\n|-damage|p1a: Luvdisc|0 fnt\n|faint|p1a: Luvdisc\n|-damage|p2a: Leafeon|30/258|[from] item: Life Orb\n|\n|-end|p2a: Leafeon|Whirlpool|[partiallytrapped]|[silent]\n|upkeep\n|\n|t:|1733847506\n|switch|p1a: Charizard|Charizard, L85, M|32/271\n|turn|21\n|\n|t:|1733847530\n|switch|p2a: Dewgong|Dewgong, L94, F|144/322\n|move|p1a: Charizard|Outrage|p2a: Dewgong\n|-damage|p2a: Dewgong|70/322\n|\n|upkeep\n|turn|22\n|\n|t:|1733847542\n|move|p1a: Charizard|Outrage|p2a: Dewgong|[from]lockedmove\n|-damage|p2a: Dewgong|0 fnt\n|faint|p2a: Dewgong\n|-start|p1a: Charizard|confusion|[fatigue]\n|\n|upkeep\n|\n|t:|1733847551\n|switch|p2a: Armarouge|Armarouge, L80, F|267/267\n|-damage|p2a: Armarouge|234/267|[from] Spikes\n|turn|23\n|\n|t:|1733847568\n|-activate|p1a: Charizard|confusion\n|-damage|p1a: Charizard|5/271|[from] confusion\n|move|p2a: Armarouge|Psyshock|p1a: Charizard\n|-damage|p1a: Charizard|0 fnt\n|faint|p1a: Charizard\n|\n|upkeep\n|\n|t:|1733847577\n|switch|p1a: Ting-Lu|Ting-Lu, L78|370/370\n|-ability|p1a: Ting-Lu|Vessel of Ruin\n|turn|24\n|\n|t:|1733847600\n|switch|p2a: Tropius|Tropius, L91, M|179/328\n|move|p1a: Ting-Lu|Spikes|p2a: Tropius\n|-sidestart|p2: raschdork|Spikes\n|\n|upkeep\n|turn|25\n|\n|t:|1733847613\n|switch|p1a: Ditto|Ditto, L87|165/225\n|-transform|p1a: Ditto|p2a: Tropius|[from] ability: Imposter\n|move|p2a: Tropius|Leaf Blade|p1a: Ditto\n|-resisted|p1a: Ditto\n|-damage|p1a: Ditto|144/225\n|\n|upkeep\n|turn|26\n|\n|t:|1733847633\n|switch|p2a: Armarouge|Armarouge, L80, F|234/267\n|-damage|p2a: Armarouge|190/267|[from] Spikes\n|move|p1a: Ditto|Dual Wingbeat|p2a: Armarouge\n|-damage|p2a: Armarouge|157/267\n|-ability|p2a: Armarouge|Weak Armor|boost\n|-unboost|p2a: Armarouge|def|1\n|-boost|p2a: Armarouge|spe|2\n|-damage|p2a: Armarouge|108/267\n|-ability|p2a: Armarouge|Weak Armor|boost\n|-unboost|p2a: Armarouge|def|1\n|-boost|p2a: Armarouge|spe|2\n|-hitcount|p2a: Armarouge|2\n|\n|upkeep\n|turn|27\n|\n|t:|1733847662\n|switch|p1a: Dunsparce|Dunsparce, L86, F|312/312\n|move|p2a: Armarouge|Armor Cannon|p1a: Dunsparce\n|-damage|p1a: Dunsparce|186/312\n|-unboost|p2a: Armarouge|def|1\n|-unboost|p2a: Armarouge|spd|1\n|\n|upkeep\n|turn|28\n|\n|t:|1733847693\n|-terastallize|p2a: Armarouge|Fire\n|move|p2a: Armarouge|Armor Cannon|p1a: Dunsparce\n|-damage|p1a: Dunsparce|30/312\n|-unboost|p2a: Armarouge|def|1\n|-unboost|p2a: Armarouge|spd|1\n|move|p1a: Dunsparce|Body Slam|p2a: Armarouge\n|-damage|p2a: Armarouge|0 fnt\n|faint|p2a: Armarouge\n|\n|upkeep\n|\n|t:|1733847710\n|switch|p2a: Cresselia|Cresselia, L80, F|285/323\n|turn|29\n|\n|t:|1733847723\n|switch|p1a: Ting-Lu|Ting-Lu, L78|370/370\n|-ability|p1a: Ting-Lu|Vessel of Ruin\n|move|p2a: Cresselia|Psyshock|p1a: Ting-Lu\n|-immune|p1a: Ting-Lu\n|\n|-heal|p2a: Cresselia|305/323|[from] item: Leftovers\n|upkeep\n|turn|30\n|\n|t:|1733847746\n|switch|p2a: Tropius|Tropius, L91, M|179/328\n|move|p1a: Ting-Lu|Payback|p2a: Tropius\n|-damage|p2a: Tropius|128/328\n|-enditem|p2a: Tropius|Sitrus Berry|[eat]\n|-heal|p2a: Tropius|210/328|[from] item: Sitrus Berry\n|\n|-item|p2a: Tropius|Sitrus Berry|[from] ability: Harvest\n|upkeep\n|turn|31\n|\n|t:|1733847771\n|switch|p1a: Ditto|Ditto, L87|144/225\n|-transform|p1a: Ditto|p2a: Tropius|[from] ability: Imposter\n|move|p2a: Tropius|Leaf Blade|p1a: Ditto\n|-resisted|p1a: Ditto\n|-damage|p1a: Ditto|124/225\n|\n|upkeep\n|turn|32\n|\n|t:|1733847799\n|move|p1a: Ditto|Dual Wingbeat|p2a: Tropius\n|-supereffective|p2a: Tropius\n|-crit|p2a: Tropius\n|-damage|p2a: Tropius|108/328\n|-enditem|p2a: Tropius|Sitrus Berry|[eat]\n|-heal|p2a: Tropius|190/328|[from] item: Sitrus Berry\n|-supereffective|p2a: Tropius\n|-damage|p2a: Tropius|122/328\n|-hitcount|p2a: Tropius|2\n|move|p2a: Tropius|Dragon Dance|p2a: Tropius\n|-boost|p2a: Tropius|atk|1\n|-boost|p2a: Tropius|spe|1\n|\n|-item|p2a: Tropius|Sitrus Berry|[from] ability: Harvest\n|upkeep\n|-enditem|p2a: Tropius|Sitrus Berry|[eat]\n|-heal|p2a: Tropius|204/328|[from] item: Sitrus Berry\n|turn|33\n|\n|t:|1733847819\n|move|p2a: Tropius|Dual Wingbeat|p1a: Ditto\n|-supereffective|p1a: Ditto\n|-damage|p1a: Ditto|20/225\n|-supereffective|p1a: Ditto\n|-damage|p1a: Ditto|0 fnt\n|faint|p1a: Ditto\n|-hitcount|p1: Ditto|2\n|\n|-item|p2a: Tropius|Sitrus Berry|[from] ability: Harvest\n|upkeep\n|\n|t:|1733847860\n|switch|p1a: Dunsparce|Dunsparce, L86, F|30/312\n|turn|34\n|\n|t:|1733847883\n|move|p2a: Tropius|Earthquake|p1a: Dunsparce\n|-damage|p1a: Dunsparce|0 fnt\n|faint|p1a: Dunsparce\n|\n|upkeep\n|\n|t:|1733847915\n|switch|p1a: Ting-Lu|Ting-Lu, L78|370/370\n|-ability|p1a: Ting-Lu|Vessel of Ruin\n|turn|35\n|\n|t:|1733847928\n|-terastallize|p1a: Ting-Lu|Poison\n|move|p2a: Tropius|Leaf Blade|p1a: Ting-Lu\n|-resisted|p1a: Ting-Lu\n|-crit|p1a: Ting-Lu\n|-damage|p1a: Ting-Lu|289/370\n|move|p1a: Ting-Lu|Payback|p2a: Tropius\n|-damage|p2a: Tropius|104/328\n|-enditem|p2a: Tropius|Sitrus Berry|[eat]\n|-heal|p2a: Tropius|186/328|[from] item: Sitrus Berry\n|\n|-heal|p1a: Ting-Lu|312/370|[from] item: Leftovers\n|-item|p2a: Tropius|Sitrus Berry|[from] ability: Harvest\n|upkeep\n|turn|36\n|\n|t:|1733847947\n|move|p2a: Tropius|Earthquake|p1a: Ting-Lu\n|-supereffective|p1a: Ting-Lu\n|-damage|p1a: Ting-Lu|158/370\n|move|p1a: Ting-Lu|Payback|p2a: Tropius\n|-damage|p2a: Tropius|90/328\n|-enditem|p2a: Tropius|Sitrus Berry|[eat]\n|-heal|p2a: Tropius|172/328|[from] item: Sitrus Berry\n|\n|-heal|p1a: Ting-Lu|181/370|[from] item: Leftovers\n|upkeep\n|turn|37\n|\n|t:|1733847957\n|move|p2a: Tropius|Earthquake|p1a: Ting-Lu\n|-supereffective|p1a: Ting-Lu\n|-damage|p1a: Ting-Lu|23/370\n|move|p1a: Ting-Lu|Payback|p2a: Tropius\n|-damage|p2a: Tropius|73/328\n|\n|-heal|p1a: Ting-Lu|46/370|[from] item: Leftovers\n|-item|p2a: Tropius|Sitrus Berry|[from] ability: Harvest\n|upkeep\n|-enditem|p2a: Tropius|Sitrus Berry|[eat]\n|-heal|p2a: Tropius|155/328|[from] item: Sitrus Berry\n|turn|38\n|\n|t:|1733847969\n|move|p2a: Tropius|Earthquake|p1a: Ting-Lu\n|-supereffective|p1a: Ting-Lu\n|-damage|p1a: Ting-Lu|0 fnt\n|faint|p1a: Ting-Lu\n|\n|upkeep\n|\n|t:|1733847975\n|switch|p1a: Urshifu|Urshifu-Rapid-Strike, L75, M|135/274\n|turn|39\n|\n|t:|1733847986\n|move|p2a: Tropius|Leaf Blade|p1a: Urshifu\n|-supereffective|p1a: Urshifu\n|-damage|p1a: Urshifu|0 fnt\n|faint|p1a: Urshifu\n|\n|win|raschdork\n", "inputlog": ">version bfd83cad13791eb5a5a409923076391caf6fb4d4\n>start {\"formatid\":\"gen9randombattle\",\"seed\":[52680,61321,30116,18785]}\n>player p1 {\"name\":\"Mangioneisahero\",\"avatar\":\"hooligans\",\"rating\":0,\"seed\":[9518,54101,48481,1674]}\n>player p2 {\"name\":\"raschdork\",\"avatar\":\"170\",\"rating\":0,\"seed\":[10342,15382,18112,55971]}\n>p1 move uturn\n>p2 move dragondance\n>p1 switch 4\n>p1 move flareblitz\n>p2 switch 6\n>p1 switch 4\n>p2 move surf\n>p1 move uturn\n>p2 switch 6\n>p1 switch 4\n>p1 move swordsdance\n>p2 switch 6\n>p1 move flareblitz\n>p2 move surf\n>p1 switch 4\n>p2 move surf\n>p1 move closecombat\n>p2 switch 5\n>p1 switch 3\n>p2 move calmmind\n>p1 move psyshock\n>p2 move thunderbolt\n>p1 switch 2\n>p2 move calmmind\n>p1 move spikes\n>p2 switch 2\n>p1 switch 6\n>p2 move bulkup\n>p1 move whirlpool\n>p2 move ironhead\n>p1 move substitute\n>p2 move earthquake\n>p1 move substitute\n>p2 move closecombat\n>p1 move surf\n>p2 move closecombat\n>p2 switch 4\n>p1 move endeavor\n>p2 move swordsdance\n>p1 move whirlpool\n>p2 move synthesis\n>p1 move endeavor\n>p2 move leafblade\n>p1 switch 4\n>p1 move outrage\n>p2 switch 5\n>p1 move outrage\n>p2 move flipturn\n>p2 switch 3\n>p1 move earthquake\n>p2 move psyshock\n>p1 switch 6\n>p1 move spikes\n>p2 switch 6\n>p1 switch 2\n>p2 move leafblade\n>p1 move dualwingbeat\n>p2 switch 6\n>p1 switch 5\n>p2 move armorcannon\n>p1 move bodyslam\n>p2 move armorcannon terastallize\n>p2 switch 2\n>p1 switch 2\n>p2 move psyshock\n>p1 move payback\n>p2 switch 6\n>p1 switch 5\n>p2 move leafblade\n>p1 move dualwingbeat\n>p2 move dragondance\n>p1 move dualwingbeat\n>p2 move dualwingbeat\n>p1 switch 2\n>p1 move roost\n>p2 move earthquake\n>p1 switch 5\n>p1 move payback terastallize\n>p2 move leafblade\n>p1 move payback\n>p2 move earthquake\n>p1 move payback\n>p2 move earthquake\n>p1 move payback\n>p2 move earthquake\n>p1 switch 3\n>p1 move uturn\n>p2 move leafblade", "uploadtime": 1733847992, "views": 1, "formatid": "gen9randombattle", "rating": null, "private": 0, "password": null}