{"id": "gen9randombattle-2199053613", "format": "[Gen 9] Random Battle", "players": ["RBLT Buhrito", "AGILe419"], "log": "|badge|p2|bronze|gen9randombattle|100-2\n|uhtml|medal-msg|<div class=\"broadcast-blue\">Curious what those medals under the avatar are? PS now has Ladder Seasons! For more information, check out the <a href=\"https://www.smogon.com/forums/threads/3740067/\">thread on Smogon.</a></div>\n|j|\u2606RBLT Buhrito\n|j|\u2606AGILe419\n|t:|1726025971\n|gametype|singles\n|player|p1|RBLT Buhrito|lucas|2305\n|player|p2|AGILe419|170|2354\n|teamsize|p1|6\n|teamsize|p2|6\n|gen|9\n|tier|[Gen 9] Random Battle\n|rated|\n|rule|Species Clause: Limit one of each Pok\u00e9mon\n|rule|HP Percentage Mod: HP is shown in percentages\n|rule|Sleep Clause Mod: Limit one foe put to sleep\n|rule|Illusion Level Mod: Illusion disguises the Pok\u00e9mon's true level\n|\n|t:|1726025972\n|start\n|switch|p1a: Poliwrath|Poliwrath, L88, M|302/302\n|switch|p2a: Grafaiai|Grafaiai, L86, M|249/249\n|turn|1\n|\n|t:|1726026007\n|move|p2a: Grafaiai|Gunk Shot|p1a: Poliwrath\n|-damage|p1a: Poliwrath|184/302\n|move|p1a: Poliwrath|Rain Dance|p1a: Poliwrath\n|-weather|RainDance\n|\n|-weather|RainDance|[upkeep]\n|upkeep\n|turn|2\n|\n|t:|1726026015\n|move|p1a: Poliwrath|Liquidation|p2a: Grafaiai\n|-damage|p2a: Grafaiai|2/249\n|-damage|p1a: Poliwrath|154/302|[from] item: Life Orb\n|move|p2a: Grafaiai|Gunk Shot|p1a: Poliwrath\n|-damage|p1a: Poliwrath|33/302\n|\n|-weather|RainDance|[upkeep]\n|upkeep\n|turn|3\n|j| rblt ri\n|\n|t:|1726026022\n|move|p1a: Poliwrath|Knock Off|p2a: Grafaiai\n|-damage|p2a: Grafaiai|0 fnt\n|-enditem|p2a: Grafaiai|Assault Vest|[from] move: Knock Off|[of] p1a: Poliwrath\n|faint|p2a: Grafaiai\n|-damage|p1a: Poliwrath|3/302|[from] item: Life Orb\n|\n|-weather|RainDance|[upkeep]\n|upkeep\n|\n|t:|1726026030\n|switch|p2a: Cloyster|Cloyster, L79, M|209/209\n|turn|4\n|j| Afrohasfaith\n|\n|t:|1726026039\n|move|p1a: Poliwrath|Close Combat|p2a: Cloyster\n|-supereffective|p2a: Cloyster\n|-damage|p2a: Cloyster|0 fnt\n|-unboost|p1a: Poliwrath|def|1\n|-unboost|p1a: Poliwrath|spd|1\n|faint|p2a: Cloyster\n|-damage|p1a: Poliwrath|0 fnt|[from] item: Life Orb\n|faint|p1a: Poliwrath\n|\n|-weather|RainDance|[upkeep]\n|upkeep\n|\n|t:|1726026057\n|switch|p1a: Pincurchin|Pincurchin, M|258/258\n|switch|p2a: Gumshoos|Gumshoos, L95, F|321/321\n|-fieldstart|move: Electric Terrain|[from] ability: Electric Surge|[of] p1a: Pincurchin\n|turn|5\n|\n|t:|1726026069\n|move|p2a: Gumshoos|Double-Edge|p1a: Pincurchin\n|-damage|p1a: Pincurchin|38/258\n|-damage|p2a: Gumshoos|248/321|[from] Recoil\n|move|p1a: Pincurchin|Zing Zap|p2a: Gumshoos\n|-damage|p2a: Gumshoos|49/321\n|\n|-weather|none\n|-heal|p1a: Pincurchin|54/258|[from] item: Leftovers\n|upkeep\n|turn|6\n|\n|t:|1726026077\n|switch|p1a: Gholdengo|Gholdengo, L77|261/261\n|move|p2a: Gumshoos|Double-Edge|p1a: Gholdengo\n|-immune|p1a: Gholdengo\n|\n|upkeep\n|turn|7\n|\n|t:|1726026080\n|move|p1a: Gholdengo|Shadow Ball|p2a: Gumshoos\n|-immune|p2a: Gumshoos\n|move|p2a: Gumshoos|Double-Edge|p1a: Gholdengo\n|-immune|p1a: Gholdengo\n|\n|upkeep\n|turn|8\n|\n|t:|1726026083\n|move|p1a: Gholdengo|Shadow Ball|p2a: Gumshoos\n|-immune|p2a: Gumshoos\n|move|p2a: Gumshoos|Double-Edge|p1a: Gholdengo\n|-immune|p1a: Gholdengo\n|\n|upkeep\n|turn|9\n|\n|t:|1726026085\n|move|p1a: Gholdengo|Nasty Plot|p1a: Gholdengo\n|-boost|p1a: Gholdengo|spa|2\n|move|p2a: Gumshoos|Double-Edge|p1a: Gholdengo\n|-immune|p1a: Gholdengo\n|\n|-fieldend|move: Electric Terrain\n|upkeep\n|turn|10\n|\n|t:|1726026087\n|move|p1a: Gholdengo|Shadow Ball|p2a: Gumshoos\n|-immune|p2a: Gumshoos\n|move|p2a: Gumshoos|Double-Edge|p1a: Gholdengo\n|-immune|p1a: Gholdengo\n|\n|upkeep\n|turn|11\n|\n|t:|1726026089\n|move|p1a: Gholdengo|Nasty Plot|p1a: Gholdengo\n|-boost|p1a: Gholdengo|spa|2\n|move|p2a: Gumshoos|Double-Edge|p1a: Gholdengo\n|-immune|p1a: Gholdengo\n|\n|upkeep\n|turn|12\n|\n|t:|1726026091\n|move|p1a: Gholdengo|Nasty Plot|p1a: Gholdengo\n|-boost|p1a: Gholdengo|spa|2\n|move|p2a: Gumshoos|Double-Edge|p1a: Gholdengo\n|-immune|p1a: Gholdengo\n|\n|upkeep\n|turn|13\n|\n|t:|1726026095\n|move|p1a: Gholdengo|Focus Blast|p2a: Gumshoos\n|-supereffective|p2a: Gumshoos\n|-damage|p2a: Gumshoos|0 fnt\n|faint|p2a: Gumshoos\n|\n|upkeep\n|\n|t:|1726026096\n|switch|p2a: Morpeko|Morpeko, L88, F|245/245\n|turn|14\n|\n|t:|1726026102\n|-terastallize|p1a: Gholdengo|Fighting\n|move|p2a: Morpeko|Protect|p2a: Morpeko\n|-singleturn|p2a: Morpeko|Protect\n|move|p1a: Gholdengo|Make It Rain|p2a: Morpeko\n|-activate|p2a: Morpeko|move: Protect\n|\n|-formechange|p2a: Morpeko|Morpeko-Hangry||[from] ability: Hunger Switch\n|upkeep\n|turn|15\n|\n|t:|1726026108\n|move|p2a: Morpeko|Knock Off|p1a: Gholdengo\n|-resisted|p1a: Gholdengo\n|-damage|p1a: Gholdengo|204/261\n|-enditem|p1a: Gholdengo|Leftovers|[from] move: Knock Off|[of] p2a: Morpeko\n|move|p1a: Gholdengo|Make It Rain|p2a: Morpeko\n|-resisted|p2a: Morpeko\n|-damage|p2a: Morpeko|0 fnt\n|-unboost|p1a: Gholdengo|spa|1\n|faint|p2a: Morpeko\n|\n|upkeep\n|\n|t:|1726026110\n|switch|p2a: Falinks|Falinks, L85|249/249\n|turn|16\n|\n|t:|1726026118\n|move|p2a: Falinks|Close Combat|p1a: Gholdengo\n|-damage|p1a: Gholdengo|16/261\n|-unboost|p2a: Falinks|def|1\n|-unboost|p2a: Falinks|spd|1\n|-damage|p2a: Falinks|225/249|[from] item: Life Orb\n|move|p1a: Gholdengo|Make It Rain|p2a: Falinks\n|-damage|p2a: Falinks|0 fnt\n|-unboost|p1a: Gholdengo|spa|1\n|faint|p2a: Falinks\n|\n|upkeep\n|\n|t:|1726026121\n|switch|p2a: Plusle|Plusle, L95, F|268/268\n|turn|17\n|\n|t:|1726026125\n|move|p2a: Plusle|Thunderbolt|p1a: Gholdengo\n|-damage|p1a: Gholdengo|0 fnt\n|faint|p1a: Gholdengo\n|-damage|p2a: Plusle|242/268|[from] item: Life Orb\n|\n|upkeep\n|\n|t:|1726026139\n|switch|p1a: Oranguru|Oranguru, L92, M|315/315\n|turn|18\n|\n|t:|1726026142\n|move|p2a: Plusle|Nasty Plot|p2a: Plusle\n|-boost|p2a: Plusle|spa|2\n|move|p1a: Oranguru|Psyshock|p2a: Plusle\n|-damage|p2a: Plusle|65/268\n|-damage|p1a: Oranguru|284/315|[from] item: Life Orb\n|\n|upkeep\n|turn|19\n|\n|t:|1726026145\n|-terastallize|p2a: Plusle|Electric\n|move|p2a: Plusle|Thunderbolt|p1a: Oranguru\n|-damage|p1a: Oranguru|14/315\n|-damage|p2a: Plusle|39/268|[from] item: Life Orb\n|move|p1a: Oranguru|Psyshock|p2a: Plusle\n|-damage|p2a: Plusle|0 fnt\n|faint|p2a: Plusle\n|-damage|p1a: Oranguru|0 fnt|[from] item: Life Orb\n|faint|p1a: Oranguru\n|\n|win|RBLT Buhrito\n|raw|RBLT Buhrito's rating: 2305 &rarr; <strong>2328</strong><br />(+23 for winning)\n|raw|AGILe419's rating: 2354 &rarr; <strong>2331</strong><br />(-23 for losing)\n|c|\u2606AGILe419|gg\n|l|\u2606AGILe419\n|player|p2|\n|c|\u2606RBLT Buhrito|gg\n", "inputlog": ">version 4aaeaf600b1c44f5d740f3e60432e126c6a1bdf3\n>start {\"formatid\":\"gen9randombattle\",\"seed\":[47279,33913,839,2597],\"rated\":\"Rated battle\"}\n>player p1 {\"name\":\"RBLT Buhrito\",\"avatar\":\"lucas\",\"rating\":2305,\"seed\":[159,42317,24284,45846]}\n>player p2 {\"name\":\"AGILe419\",\"avatar\":\"170\",\"rating\":2354,\"seed\":[51086,28316,42532,1764]}\n>p1 move raindance\n>p2 move gunkshot\n>p1 move liquidation\n>p2 move gunkshot\n>p1 move knockoff\n>p2 move gunkshot\n>p2 switch 4\n>p1 move closecombat\n>p2 move shellsmash\n>p1 switch 2\n>p2 switch 5\n>p1 move zingzap\n>p2 move doubleedge\n>p1 switch 6\n>p2 move doubleedge\n>p1 move shadowball\n>p2 move doubleedge\n>p1 move shadowball\n>p2 move doubleedge\n>p1 move nastyplot\n>p2 move doubleedge\n>p1 move shadowball\n>p2 move doubleedge\n>p1 move nastyplot\n>p2 move doubleedge\n>p1 move nastyplot\n>p2 move doubleedge\n>p1 move focusblast\n>p2 move doubleedge\n>p2 switch 3\n>p1 move makeitrain terastallize\n>p2 move protect\n>p1 move makeitrain\n>p2 move knockoff\n>p2 switch 6\n>p1 move makeitrain\n>p2 move closecombat\n>p2 switch 2\n>p1 move shadowball\n>p2 move thunderbolt\n>p1 switch 4\n>p1 move psyshock\n>p2 move nastyplot\n>p1 move psyshock\n>p2 move thunderbolt terastallize", "uploadtime": 1726026160, "views": 134, "formatid": "gen9randombattle", "rating": 2328, "private": 0, "password": null}