{"id": "gen9randombattle-2260856459", "format": "[Gen 9] Random Battle", "players": ["oathkeeper1408", "xmyp"], "log": "|j|\u2606oathkeeper1408\n|j|\u2606xmyp\n|t:|1733905199\n|gametype|singles\n|player|p1|oathkeeper1408|265|1564\n|player|p2|xmyp|hiker-gen4|1537\n|teamsize|p1|6\n|teamsize|p2|6\n|gen|9\n|tier|[Gen 9] Random Battle\n|rated|\n|rule|Species Clause: Limit one of each Pok\u00e9mon\n|rule|HP Percentage Mod: HP is shown in percentages\n|rule|Sleep Clause Mod: Limit one foe put to sleep\n|rule|Illusion Level Mod: Illusion disguises the Pok\u00e9mon's true level\n|\n|t:|1733905199\n|start\n|switch|p1a: Dunsparce|Dunsparce, L86, F|312/312\n|switch|p2a: Hydrapple|Hydrapple, L83, M|312/312\n|turn|1\n|inactive|Battle timer is ON: inactive players will automatically lose when time's up. (requested by oathkeeper1408)\n|\n|t:|1733905208\n|move|p1a: Dunsparce|Coil|p1a: Dunsparce\n|-boost|p1a: Dunsparce|atk|1\n|-boost|p1a: Dunsparce|def|1\n|-boost|p1a: Dunsparce|accuracy|1\n|move|p2a: Hydrapple|Fickle Beam|p1a: Dunsparce\n|-damage|p1a: Dunsparce|192/312\n|\n|upkeep\n|turn|2\n|\n|t:|1733905214\n|move|p1a: Dunsparce|Body Slam|p2a: Hydrapple\n|-damage|p2a: Hydrapple|225/312\n|move|p2a: Hydrapple|Fickle Beam|p1a: Dunsparce|[anim] Fickle Beam All Out\n|-activate|p2a: Hydrapple|move: Fickle Beam\n|-damage|p1a: Dunsparce|0 fnt\n|faint|p1a: Dunsparce\n|\n|upkeep\n|\n|t:|1733905228\n|switch|p1a: Regigigas|Regigigas, L84|322/322\n|-start|p1a: Regigigas|ability: Slow Start\n|turn|3\n|\n|t:|1733905233\n|move|p1a: Regigigas|Protect|p1a: Regigigas\n|-singleturn|p1a: Regigigas|Protect\n|move|p2a: Hydrapple|Fickle Beam|p1a: Regigigas\n|-activate|p1a: Regigigas|move: Protect\n|\n|upkeep\n|turn|4\n|\n|t:|1733905238\n|move|p2a: Hydrapple|Fickle Beam|p1a: Regigigas\n|-damage|p1a: Regigigas|205/322\n|move|p1a: Regigigas|Substitute|p1a: Regigigas\n|-start|p1a: Regigigas|Substitute\n|-damage|p1a: Regigigas|125/322\n|\n|-heal|p1a: Regigigas|145/322|[from] item: Leftovers\n|upkeep\n|turn|5\n|\n|t:|1733905243\n|move|p1a: Regigigas|Protect|p1a: Regigigas\n|-singleturn|p1a: Regigigas|Protect\n|move|p2a: Hydrapple|Fickle Beam|p1a: Regigigas\n|-activate|p1a: Regigigas|move: Protect\n|\n|-heal|p1a: Regigigas|165/322|[from] item: Leftovers\n|upkeep\n|turn|6\n|\n|t:|1733905261\n|switch|p2a: Deoxys|Deoxys-Defense, L84|221/221\n|-ability|p2a: Deoxys|Pressure\n|move|p1a: Regigigas|Knock Off|p2a: Deoxys\n|-supereffective|p2a: Deoxys\n|-damage|p2a: Deoxys|159/221\n|-enditem|p2a: Deoxys|Leftovers|[from] move: Knock Off|[of] p1a: Regigigas\n|\n|-heal|p1a: Regigigas|185/322|[from] item: Leftovers\n|upkeep\n|turn|7\n|\n|t:|1733905269\n|move|p2a: Deoxys|Cosmic Power|p2a: Deoxys\n|-boost|p2a: Deoxys|def|1\n|-boost|p2a: Deoxys|spd|1\n|move|p1a: Regigigas|Body Slam|p2a: Deoxys\n|-damage|p2a: Deoxys|129/221\n|\n|-heal|p1a: Regigigas|205/322|[from] item: Leftovers\n|-end|p1a: Regigigas|Slow Start\n|upkeep\n|turn|8\n|\n|t:|1733905279\n|-end|p1a: Regigigas|Slow Start|[silent]\n|switch|p1a: Arcanine|Arcanine, L84, M|288/288\n|-ability|p1a: Arcanine|Intimidate|boost\n|-unboost|p2a: Deoxys|atk|1\n|move|p2a: Deoxys|Cosmic Power|p2a: Deoxys\n|-boost|p2a: Deoxys|def|1\n|-boost|p2a: Deoxys|spd|1\n|\n|upkeep\n|turn|9\n|\n|t:|1733905285\n|move|p2a: Deoxys|Recover|p2a: Deoxys\n|-heal|p2a: Deoxys|221/221\n|move|p1a: Arcanine|Roar|p2a: Deoxys\n|drag|p2a: Hitmonlee|Hitmonlee, L85, M|223/223\n|\n|upkeep\n|turn|10\n|\n|t:|1733905297\n|move|p1a: Arcanine|Flare Blitz|p2a: Hitmonlee\n|-damage|p2a: Hitmonlee|28/223\n|-damage|p1a: Arcanine|224/288|[from] Recoil\n|move|p2a: Hitmonlee|Knock Off|p1a: Arcanine\n|-damage|p1a: Arcanine|87/288\n|-enditem|p1a: Arcanine|Heavy-Duty Boots|[from] move: Knock Off|[of] p2a: Hitmonlee\n|\n|upkeep\n|turn|11\n|\n|t:|1733905319\n|move|p1a: Arcanine|Extreme Speed|p2a: Hitmonlee\n|-damage|p2a: Hitmonlee|0 fnt\n|faint|p2a: Hitmonlee\n|\n|upkeep\n|inactive|xmyp has 120 seconds left.\n|\n|t:|1733905335\n|switch|p2a: Deoxys|Deoxys-Defense, L84|221/221\n|-ability|p2a: Deoxys|Pressure\n|turn|12\n|\n|t:|1733905343\n|move|p1a: Arcanine|Morning Sun|p1a: Arcanine\n|-heal|p1a: Arcanine|231/288\n|move|p2a: Deoxys|Night Shade|p1a: Arcanine\n|-damage|p1a: Arcanine|147/288\n|\n|upkeep\n|turn|13\n|\n|t:|1733905349\n|move|p1a: Arcanine|Morning Sun|p1a: Arcanine\n|-heal|p1a: Arcanine|288/288\n|move|p2a: Deoxys|Night Shade|p1a: Arcanine\n|-damage|p1a: Arcanine|204/288\n|\n|upkeep\n|turn|14\n|l|\u2606xmyp\n|inactive|xmyp disconnected and has a minute to reconnect!\n|player|p2|\n|j|\u2606xmyp\n|inactive|xmyp reconnected and has 135 seconds left.\n|player|p2|xmyp|hiker-gen4|\n|\n|t:|1733905364\n|move|p2a: Deoxys|Night Shade|p1a: Arcanine\n|-damage|p1a: Arcanine|120/288\n|move|p1a: Arcanine|Roar|p2a: Deoxys\n|drag|p2a: Grumpig|Grumpig, L92, F|297/297\n|\n|upkeep\n|turn|15\n|\n|t:|1733905374\n|move|p1a: Arcanine|Morning Sun|p1a: Arcanine\n|-heal|p1a: Arcanine|264/288\n|move|p2a: Grumpig|Earth Power|p1a: Arcanine\n|-supereffective|p1a: Arcanine\n|-damage|p1a: Arcanine|24/288\n|\n|upkeep\n|turn|16\n|\n|t:|1733905386\n|switch|p1a: Hydreigon|Hydreigon, L79, M|275/275\n|move|p2a: Grumpig|Earth Power|p1a: Hydreigon\n|-immune|p1a: Hydreigon|[from] ability: Levitate\n|\n|upkeep\n|turn|17\n|\n|t:|1733905391\n|switch|p2a: Alcremie|Alcremie-Rainbow-Swirl, L90, F|263/263\n|move|p1a: Hydreigon|Dark Pulse|p2a: Alcremie\n|-resisted|p2a: Alcremie\n|-damage|p2a: Alcremie|227/263\n|\n|-heal|p2a: Alcremie|243/263|[from] item: Leftovers\n|upkeep\n|turn|18\n|\n|t:|1733905397\n|switch|p1a: Raichu|Raichu-Alola, L87, F|246/246\n|move|p2a: Alcremie|Calm Mind|p2a: Alcremie\n|-boost|p2a: Alcremie|spa|1\n|-boost|p2a: Alcremie|spd|1\n|\n|-heal|p2a: Alcremie|259/263|[from] item: Leftovers\n|upkeep\n|turn|19\n|\n|t:|1733905407\n|switch|p1a: Regigigas|Regigigas, L84|205/322\n|-start|p1a: Regigigas|ability: Slow Start\n|move|p2a: Alcremie|Calm Mind|p2a: Alcremie\n|-boost|p2a: Alcremie|spa|1\n|-boost|p2a: Alcremie|spd|1\n|\n|-heal|p2a: Alcremie|263/263|[from] item: Leftovers\n|-heal|p1a: Regigigas|225/322|[from] item: Leftovers\n|upkeep\n|turn|20\n|\n|t:|1733905418\n|move|p1a: Regigigas|Protect|p1a: Regigigas\n|-singleturn|p1a: Regigigas|Protect\n|move|p2a: Alcremie|Calm Mind|p2a: Alcremie\n|-boost|p2a: Alcremie|spa|1\n|-boost|p2a: Alcremie|spd|1\n|\n|-heal|p1a: Regigigas|245/322|[from] item: Leftovers\n|upkeep\n|turn|21\n|\n|t:|1733905423\n|move|p2a: Alcremie|Alluring Voice|p1a: Regigigas\n|-crit|p1a: Regigigas\n|-damage|p1a: Regigigas|0 fnt\n|faint|p1a: Regigigas\n|-end|p1a: Regigigas|Slow Start|[silent]\n|\n|upkeep\n|\n|t:|1733905429\n|switch|p1a: Arcanine|Arcanine, L84, M|24/288\n|-ability|p1a: Arcanine|Intimidate|boost\n|-unboost|p2a: Alcremie|atk|1\n|turn|22\n|\n|t:|1733905432\n|move|p1a: Arcanine|Flare Blitz|p2a: Alcremie\n|-damage|p2a: Alcremie|119/263\n|-damage|p1a: Arcanine|0 fnt|[from] Recoil\n|faint|p1a: Arcanine\n|move|p2a: Alcremie|Tera Blast|p1: Arcanine|[notarget]\n|-fail|p2a: Alcremie\n|\n|-heal|p2a: Alcremie|135/263|[from] item: Leftovers\n|upkeep\n|\n|t:|1733905444\n|switch|p1a: Scream Tail|Scream Tail, L84|330/330\n|turn|23\n|\n|t:|1733905448\n|move|p1a: Scream Tail|Thunder Wave|p2a: Alcremie|[miss]\n|-miss|p1a: Scream Tail|p2a: Alcremie\n|move|p2a: Alcremie|Calm Mind|p2a: Alcremie\n|-boost|p2a: Alcremie|spa|1\n|-boost|p2a: Alcremie|spd|1\n|\n|-heal|p2a: Alcremie|151/263|[from] item: Leftovers\n|upkeep\n|turn|24\n|\n|t:|1733905452\n|move|p1a: Scream Tail|Thunder Wave|p2a: Alcremie\n|-status|p2a: Alcremie|par\n|move|p2a: Alcremie|Recover|p2a: Alcremie\n|-heal|p2a: Alcremie|263/263 par\n|\n|upkeep\n|turn|25\n|\n|t:|1733905460\n|move|p1a: Scream Tail|Play Rough|p2a: Alcremie\n|-damage|p2a: Alcremie|185/263 par\n|-unboost|p2a: Alcremie|atk|1\n|cant|p2a: Alcremie|par\n|\n|-heal|p2a: Alcremie|201/263 par|[from] item: Leftovers\n|upkeep\n|turn|26\n|\n|t:|1733905466\n|move|p1a: Scream Tail|Play Rough|p2a: Alcremie\n|-damage|p2a: Alcremie|126/263 par\n|cant|p2a: Alcremie|par\n|\n|-heal|p2a: Alcremie|142/263 par|[from] item: Leftovers\n|upkeep\n|turn|27\n|\n|t:|1733905471\n|move|p1a: Scream Tail|Play Rough|p2a: Alcremie\n|-damage|p2a: Alcremie|70/263 par\n|move|p2a: Alcremie|Recover|p2a: Alcremie\n|-heal|p2a: Alcremie|202/263 par\n|\n|-heal|p2a: Alcremie|218/263 par|[from] item: Leftovers\n|upkeep\n|turn|28\n|\n|t:|1733905479\n|move|p1a: Scream Tail|Play Rough|p2a: Alcremie\n|-damage|p2a: Alcremie|143/263 par\n|-unboost|p2a: Alcremie|atk|1\n|move|p2a: Alcremie|Alluring Voice|p1a: Scream Tail\n|-damage|p1a: Scream Tail|77/330\n|\n|-heal|p1a: Scream Tail|97/330|[from] item: Leftovers\n|-heal|p2a: Alcremie|159/263 par|[from] item: Leftovers\n|upkeep\n|turn|29\n|\n|t:|1733905486\n|move|p1a: Scream Tail|Play Rough|p2a: Alcremie\n|-damage|p2a: Alcremie|80/263 par\n|move|p2a: Alcremie|Recover|p2a: Alcremie\n|-heal|p2a: Alcremie|212/263 par\n|\n|-heal|p1a: Scream Tail|117/330|[from] item: Leftovers\n|-heal|p2a: Alcremie|228/263 par|[from] item: Leftovers\n|upkeep\n|turn|30\n|\n|t:|1733905492\n|move|p1a: Scream Tail|Play Rough|p2a: Alcremie\n|-damage|p2a: Alcremie|150/263 par\n|move|p2a: Alcremie|Recover|p2a: Alcremie\n|-heal|p2a: Alcremie|263/263 par\n|\n|-heal|p1a: Scream Tail|137/330|[from] item: Leftovers\n|upkeep\n|turn|31\n|\n|t:|1733905499\n|move|p1a: Scream Tail|Protect|p1a: Scream Tail\n|-singleturn|p1a: Scream Tail|Protect\n|cant|p2a: Alcremie|par\n|\n|-heal|p1a: Scream Tail|157/330|[from] item: Leftovers\n|upkeep\n|turn|32\n|\n|t:|1733905504\n|move|p1a: Scream Tail|Wish|p1a: Scream Tail\n|cant|p2a: Alcremie|par\n|\n|-heal|p1a: Scream Tail|177/330|[from] item: Leftovers\n|upkeep\n|turn|33\n|\n|t:|1733905511\n|move|p1a: Scream Tail|Protect|p1a: Scream Tail\n|-singleturn|p1a: Scream Tail|Protect\n|move|p2a: Alcremie|Alluring Voice|p1a: Scream Tail\n|-activate|p1a: Scream Tail|move: Protect\n|\n|-heal|p1a: Scream Tail|330/330|[from] move: Wish|[wisher] Scream Tail\n|upkeep\n|turn|34\n|\n|t:|1733905514\n|move|p1a: Scream Tail|Play Rough|p2a: Alcremie\n|-damage|p2a: Alcremie|181/263 par\n|move|p2a: Alcremie|Alluring Voice|p1a: Scream Tail\n|-damage|p1a: Scream Tail|89/330\n|\n|-heal|p1a: Scream Tail|109/330|[from] item: Leftovers\n|-heal|p2a: Alcremie|197/263 par|[from] item: Leftovers\n|upkeep\n|turn|35\n|\n|t:|1733905520\n|move|p1a: Scream Tail|Play Rough|p2a: Alcremie\n|-damage|p2a: Alcremie|115/263 par\n|move|p2a: Alcremie|Alluring Voice|p1a: Scream Tail\n|-damage|p1a: Scream Tail|0 fnt\n|faint|p1a: Scream Tail\n|-end|p1a: Scream Tail|Protosynthesis|[silent]\n|\n|-heal|p2a: Alcremie|131/263 par|[from] item: Leftovers\n|upkeep\n|\n|t:|1733905528\n|switch|p1a: Hydreigon|Hydreigon, L79, M|275/275\n|turn|36\n|l|\u2606xmyp\n|inactive|xmyp disconnected and has a minute to reconnect!\n|player|p2|\n|j|\u2606xmyp\n|inactive|xmyp reconnected and has 125 seconds left.\n|player|p2|xmyp|hiker-gen4|\n|\n|t:|1733905558\n|-terastallize|p1a: Hydreigon|Fire\n|move|p1a: Hydreigon|Flash Cannon|p2a: Alcremie\n|-supereffective|p2a: Alcremie\n|-damage|p2a: Alcremie|101/263 par\n|move|p2a: Alcremie|Alluring Voice|p1a: Hydreigon\n|-resisted|p1a: Hydreigon\n|-damage|p1a: Hydreigon|95/275\n|\n|-heal|p2a: Alcremie|117/263 par|[from] item: Leftovers\n|upkeep\n|turn|37\n|\n|t:|1733905565\n|move|p1a: Hydreigon|Flash Cannon|p2a: Alcremie\n|-supereffective|p2a: Alcremie\n|-damage|p2a: Alcremie|87/263 par\n|-unboost|p2a: Alcremie|spd|1\n|move|p2a: Alcremie|Alluring Voice|p1a: Hydreigon\n|-resisted|p1a: Hydreigon\n|-damage|p1a: Hydreigon|0 fnt\n|faint|p1a: Hydreigon\n|\n|-heal|p2a: Alcremie|103/263 par|[from] item: Leftovers\n|upkeep\n|\n|t:|1733905570\n|switch|p1a: Raichu|Raichu-Alola, L87, F|246/246\n|turn|38\n|\n|t:|1733905573\n|move|p1a: Raichu|Thunderbolt|p2a: Alcremie\n|-damage|p2a: Alcremie|58/263 par\n|move|p2a: Alcremie|Alluring Voice|p1a: Raichu\n|-damage|p1a: Raichu|0 fnt\n|faint|p1a: Raichu\n|\n|win|xmyp\n|raw|oathkeeper1408's rating: 1564 &rarr; <strong>1542</strong><br />(-22 for losing)\n|raw|xmyp's rating: 1537 &rarr; <strong>1559</strong><br />(+22 for winning)\n", "inputlog": ">version bfd83cad13791eb5a5a409923076391caf6fb4d4\n>start {\"formatid\":\"gen9randombattle\",\"seed\":[44653,62540,47061,45338],\"rated\":\"Rated battle\"}\n>player p1 {\"name\":\"oathkeeper1408\",\"avatar\":\"265\",\"rating\":1564,\"seed\":[42001,25160,57859,20366]}\n>player p2 {\"name\":\"xmyp\",\"avatar\":\"hiker-gen4\",\"rating\":1537,\"seed\":[35327,44988,8821,10714]}\n>p1 move coil\n>p2 move ficklebeam\n>p1 move bodyslam\n>p2 move ficklebeam\n>p1 switch 4\n>p1 move protect\n>p2 move ficklebeam\n>p1 move substitute\n>p2 move ficklebeam\n>p1 move protect\n>p2 move ficklebeam\n>p1 move knockoff\n>p2 switch 2\n>p1 move bodyslam\n>p2 move cosmicpower\n>p1 switch 6\n>p2 move cosmicpower\n>p1 move roar\n>p2 move recover\n>p1 move flareblitz\n>p2 move knockoff\n>p1 move extremespeed\n>p2 move knockoff\n>p2 switch 3\n>p1 move morningsun\n>p2 move nightshade\n>p1 move morningsun\n>p2 move nightshade\n>p1 move roar\n>p2 move nightshade\n>p1 move morningsun\n>p2 move earthpower\n>p1 switch 3\n>p2 move earthpower\n>p1 move darkpulse\n>p2 switch 6\n>p1 switch 2\n>p2 move calmmind\n>p1 switch 6\n>p2 move calmmind\n>p1 move protect\n>p2 move calmmind\n>p1 move bodyslam\n>p2 move alluringvoice\n>p1 switch 3\n>p1 move flareblitz\n>p2 move terablast\n>p1 switch 5\n>p1 move thunderwave\n>p2 move calmmind\n>p1 move thunderwave\n>p2 move recover\n>p1 move playrough\n>p2 move alluringvoice\n>p1 move playrough\n>p2 move alluringvoice\n>p1 move playrough\n>p2 move recover\n>p1 move playrough\n>p2 move alluringvoice\n>p1 move playrough\n>p2 move recover\n>p1 move playrough\n>p2 move recover\n>p1 move protect\n>p2 move alluringvoice\n>p1 move wish\n>p2 move alluringvoice\n>p1 move protect\n>p2 move alluringvoice\n>p1 move playrough\n>p2 move alluringvoice\n>p1 move playrough\n>p2 move alluringvoice\n>p1 switch 2\n>p1 move flashcannon terastallize\n>p2 move alluringvoice\n>p1 move flashcannon\n>p2 move alluringvoice\n>p1 switch 6\n>p1 move thunderbolt\n>p2 move alluringvoice", "uploadtime": 1733905575, "views": 2, "formatid": "gen9randombattle", "rating": 1542, "private": 0, "password": null}