{"id": "gen9randombattle-2260374515", "format": "[Gen 9] Random Battle", "players": ["azztheddicaff", "useemstohavefun"], "log": "|badge|p2|bronze|gen9randombattle|100-3\n|uhtml|medal-msg|<div class=\"broadcast-blue\">Curious what those medals under the avatar are? PS now has Ladder Seasons! For more information, check out the <a href=\"https://www.smogon.com/forums/threads/3740067/\">thread on Smogon.</a></div>\n|j|\u2606azztheddicaff\n|j|\u2606useemstohavefun\n|t:|1733845334\n|gametype|singles\n|player|p1|azztheddicaff|grimsley-gen7|2220\n|player|p2|useemstohavefun|thorton|2337\n|teamsize|p1|6\n|teamsize|p2|6\n|gen|9\n|tier|[Gen 9] Random Battle\n|rated|\n|rule|Species Clause: Limit one of each Pok\u00e9mon\n|rule|HP Percentage Mod: HP is shown in percentages\n|rule|Sleep Clause Mod: Limit one foe put to sleep\n|rule|Illusion Level Mod: Illusion disguises the Pok\u00e9mon's true level\n|\n|t:|1733845334\n|start\n|switch|p1a: Inteleon|Inteleon, L81, F|246/246\n|switch|p2a: Scyther|Scyther, L82, M|249/249\n|turn|1\n|inactive|Battle timer is ON: inactive players will automatically lose when time's up. (requested by useemstohavefun)\n|\n|t:|1733845347\n|move|p1a: Inteleon|Ice Beam|p2a: Scyther\n|-supereffective|p2a: Scyther\n|-damage|p2a: Scyther|11/249\n|move|p2a: Scyther|Dual Wingbeat|p1a: Inteleon\n|-damage|p1a: Inteleon|162/246\n|-damage|p1a: Inteleon|75/246\n|-hitcount|p1a: Inteleon|2\n|\n|upkeep\n|turn|2\n|\n|t:|1733845358\n|switch|p2a: Blastoise|Blastoise, L80, F|258/258\n|move|p1a: Inteleon|Ice Beam|p2a: Blastoise\n|-resisted|p2a: Blastoise\n|-damage|p2a: Blastoise|213/258\n|\n|upkeep\n|turn|3\n|\n|t:|1733845372\n|move|p1a: Inteleon|Ice Beam|p2a: Blastoise\n|-resisted|p2a: Blastoise\n|-damage|p2a: Blastoise|166/258\n|-status|p2a: Blastoise|frz\n|cant|p2a: Blastoise|frz\n|\n|upkeep\n|turn|4\n|\n|t:|1733845379\n|switch|p1a: Gumshoos|Gumshoos, L95, M|321/321\n|cant|p2a: Blastoise|frz\n|\n|upkeep\n|turn|5\n|\n|t:|1733845383\n|-curestatus|p2a: Blastoise|frz|[msg]\n|move|p2a: Blastoise|Hydro Pump|p1a: Gumshoos\n|-damage|p1a: Gumshoos|198/321\n|move|p1a: Gumshoos|Double-Edge|p2a: Blastoise\n|-damage|p2a: Blastoise|0 fnt\n|faint|p2a: Blastoise\n|-damage|p1a: Gumshoos|143/321|[from] Recoil\n|\n|upkeep\n|\n|t:|1733845392\n|switch|p2a: Scyther|Scyther, L82, M|11/249\n|turn|6\n|\n|t:|1733845396\n|switch|p1a: Carbink|Carbink, L90|236/236\n|move|p2a: Scyther|Close Combat|p1a: Carbink\n|-damage|p1a: Carbink|181/236\n|-unboost|p2a: Scyther|def|1\n|-unboost|p2a: Scyther|spd|1\n|\n|upkeep\n|turn|7\n|\n|t:|1733845400\n|move|p2a: Scyther|U-turn|p1a: Carbink\n|-resisted|p1a: Carbink\n|-damage|p1a: Carbink|157/236\n|\n|t:|1733845403\n|switch|p2a: Slowbro|Slowbro-Galar, L87, F|307/307|[from] U-turn\n|move|p1a: Carbink|Moonblast|p2a: Slowbro\n|-resisted|p2a: Slowbro\n|-damage|p2a: Slowbro|268/307\n|\n|-heal|p2a: Slowbro|287/307|[from] item: Leftovers\n|upkeep\n|turn|8\n|\n|t:|1733845411\n|switch|p1a: Chien-Pao|Chien-Pao, L72|234/234\n|-ability|p1a: Chien-Pao|Sword of Ruin\n|move|p2a: Slowbro|Shell Side Arm|p1a: Chien-Pao|[anim] Shell Side Arm Special\n|-damage|p1a: Chien-Pao|78/234\n|-hint|Special Shell Side Arm\n|\n|-heal|p2a: Slowbro|306/307|[from] item: Leftovers\n|upkeep\n|turn|9\n|\n|t:|1733845421\n|move|p1a: Chien-Pao|Throat Chop|p2a: Slowbro\n|-supereffective|p2a: Slowbro\n|-damage|p2a: Slowbro|120/307\n|-start|p2a: Slowbro|Throat Chop|[silent]\n|move|p2a: Slowbro|Shell Side Arm|p1a: Chien-Pao|[anim] Shell Side Arm Special\n|-damage|p1a: Chien-Pao|0 fnt\n|-hint|Special Shell Side Arm\n|faint|p1a: Chien-Pao\n|\n|-heal|p2a: Slowbro|139/307|[from] item: Leftovers\n|upkeep\n|\n|t:|1733845430\n|switch|p1a: Inteleon|Inteleon, L81, F|75/246\n|turn|10\n|\n|t:|1733845434\n|switch|p2a: Lanturn|Lanturn, L89, M|367/367\n|move|p1a: Inteleon|Dark Pulse|p2a: Lanturn\n|-damage|p2a: Lanturn|273/367\n|\n|upkeep\n|turn|11\n|\n|t:|1733845454\n|move|p1a: Inteleon|Dark Pulse|p2a: Lanturn\n|-damage|p2a: Lanturn|179/367\n|move|p2a: Lanturn|Volt Switch|p1a: Inteleon\n|-supereffective|p1a: Inteleon\n|-damage|p1a: Inteleon|0 fnt\n|faint|p1a: Inteleon\n|\n|t:|1733845464\n|switch|p2a: Scyther|Scyther, L82, M|11/249|[from] Volt Switch\n|\n|upkeep\n|\n|t:|1733845473\n|switch|p1a: Carbink|Carbink, L90|157/236\n|turn|12\n|\n|t:|1733845481\n|move|p2a: Scyther|U-turn|p1a: Carbink\n|-resisted|p1a: Carbink\n|-damage|p1a: Carbink|133/236\n|\n|t:|1733845485\n|switch|p2a: Slowbro|Slowbro-Galar, L87, F|241/307|[from] U-turn\n|move|p1a: Carbink|Iron Defense|p1a: Carbink\n|-boost|p1a: Carbink|def|2\n|\n|-heal|p2a: Slowbro|260/307|[from] item: Leftovers\n|upkeep\n|turn|13\n|\n|t:|1733845490\n|move|p1a: Carbink|Iron Defense|p1a: Carbink\n|-boost|p1a: Carbink|def|2\n|move|p2a: Slowbro|Shell Side Arm|p1a: Carbink|[anim] Shell Side Arm Special\n|-damage|p1a: Carbink|69/236\n|-hint|Special Shell Side Arm\n|\n|-heal|p2a: Slowbro|279/307|[from] item: Leftovers\n|upkeep\n|turn|14\n|\n|t:|1733845497\n|move|p1a: Carbink|Rest|p1a: Carbink\n|-status|p1a: Carbink|slp|[from] move: Rest\n|-heal|p1a: Carbink|236/236 slp|[silent]\n|-enditem|p1a: Carbink|Chesto Berry|[eat]\n|-curestatus|p1a: Carbink|slp|[msg]\n|move|p2a: Slowbro|Shell Side Arm|p1a: Carbink|[anim] Shell Side Arm Special\n|-damage|p1a: Carbink|170/236\n|-hint|Special Shell Side Arm\n|\n|-heal|p2a: Slowbro|298/307|[from] item: Leftovers\n|upkeep\n|turn|15\n|\n|t:|1733845502\n|move|p1a: Carbink|Iron Defense|p1a: Carbink\n|-boost|p1a: Carbink|def|2\n|move|p2a: Slowbro|Shell Side Arm|p1a: Carbink|[anim] Shell Side Arm Special\n|-damage|p1a: Carbink|109/236\n|-hint|Special Shell Side Arm\n|\n|-heal|p2a: Slowbro|307/307|[from] item: Leftovers\n|upkeep\n|turn|16\n|\n|t:|1733845505\n|move|p1a: Carbink|Body Press|p2a: Slowbro\n|-resisted|p2a: Slowbro\n|-damage|p2a: Slowbro|224/307\n|move|p2a: Slowbro|Shell Side Arm|p1a: Carbink|[anim] Shell Side Arm Special\n|-damage|p1a: Carbink|48/236\n|-hint|Special Shell Side Arm\n|\n|-heal|p2a: Slowbro|243/307|[from] item: Leftovers\n|upkeep\n|turn|17\n|\n|t:|1733845513\n|move|p1a: Carbink|Rest|p1a: Carbink\n|-status|p1a: Carbink|slp|[from] move: Rest\n|-heal|p1a: Carbink|236/236 slp|[silent]\n|move|p2a: Slowbro|Psychic|p1a: Carbink\n|-damage|p1a: Carbink|172/236 slp\n|\n|-heal|p2a: Slowbro|262/307|[from] item: Leftovers\n|upkeep\n|turn|18\n|\n|t:|1733845517\n|cant|p1a: Carbink|slp\n|move|p2a: Slowbro|Psychic|p1a: Carbink\n|-damage|p1a: Carbink|108/236 slp\n|\n|-heal|p2a: Slowbro|281/307|[from] item: Leftovers\n|upkeep\n|turn|19\n|\n|t:|1733845522\n|cant|p1a: Carbink|slp\n|move|p2a: Slowbro|Psychic|p1a: Carbink\n|-damage|p1a: Carbink|48/236 slp\n|\n|-heal|p2a: Slowbro|300/307|[from] item: Leftovers\n|upkeep\n|turn|20\n|\n|t:|1733845530\n|-curestatus|p1a: Carbink|slp|[msg]\n|move|p1a: Carbink|Rest|p1a: Carbink\n|-status|p1a: Carbink|slp|[from] move: Rest\n|-heal|p1a: Carbink|236/236 slp|[silent]\n|move|p2a: Slowbro|Psychic|p1a: Carbink\n|-damage|p1a: Carbink|173/236 slp\n|\n|-heal|p2a: Slowbro|307/307|[from] item: Leftovers\n|upkeep\n|turn|21\n|j| bu5\n|\n|t:|1733845536\n|cant|p1a: Carbink|slp\n|move|p2a: Slowbro|Shell Side Arm|p1a: Carbink|[anim] Shell Side Arm Special\n|-damage|p1a: Carbink|109/236 slp\n|-hint|Special Shell Side Arm\n|\n|upkeep\n|turn|22\n|\n|t:|1733845539\n|cant|p1a: Carbink|slp\n|move|p2a: Slowbro|Psychic|p1a: Carbink\n|-damage|p1a: Carbink|46/236 slp\n|\n|upkeep\n|turn|23\n|\n|t:|1733845543\n|switch|p2a: Lanturn|Lanturn, L89, M|179/367\n|-curestatus|p1a: Carbink|slp|[msg]\n|move|p1a: Carbink|Rest|p1a: Carbink\n|-status|p1a: Carbink|slp|[from] move: Rest\n|-heal|p1a: Carbink|236/236 slp|[silent]\n|\n|upkeep\n|turn|24\n|\n|t:|1733845552\n|-terastallize|p1a: Carbink|Fighting\n|move|p2a: Lanturn|Scald|p1a: Carbink\n|-damage|p1a: Carbink|160/236 slp\n|cant|p1a: Carbink|slp\n|\n|upkeep\n|turn|25\n|\n|t:|1733845557\n|switch|p2a: Slowbro|Slowbro-Galar, L87, F|307/307\n|cant|p1a: Carbink|slp\n|\n|upkeep\n|turn|26\n|\n|t:|1733845560\n|-curestatus|p1a: Carbink|slp|[msg]\n|move|p1a: Carbink|Body Press|p2a: Slowbro\n|-resisted|p2a: Slowbro\n|-damage|p2a: Slowbro|186/307\n|move|p2a: Slowbro|Psychic|p1a: Carbink\n|-supereffective|p1a: Carbink\n|-damage|p1a: Carbink|32/236\n|\n|-heal|p2a: Slowbro|205/307|[from] item: Leftovers\n|upkeep\n|turn|27\n|\n|t:|1733845565\n|move|p1a: Carbink|Body Press|p2a: Slowbro\n|-resisted|p2a: Slowbro\n|-damage|p2a: Slowbro|73/307\n|move|p2a: Slowbro|Psychic|p1a: Carbink\n|-supereffective|p1a: Carbink\n|-damage|p1a: Carbink|0 fnt\n|faint|p1a: Carbink\n|\n|-heal|p2a: Slowbro|92/307|[from] item: Leftovers\n|upkeep\n|\n|t:|1733845570\n|switch|p1a: Gumshoos|Gumshoos, L95, M|143/321\n|turn|28\n|\n|t:|1733845578\n|move|p1a: Gumshoos|Double-Edge|p2a: Slowbro\n|-damage|p2a: Slowbro|0 fnt\n|faint|p2a: Slowbro\n|-damage|p1a: Gumshoos|113/321|[from] Recoil\n|\n|upkeep\n|\n|t:|1733845582\n|switch|p2a: Scyther|Scyther, L82, M|11/249\n|turn|29\n|\n|t:|1733845586\n|switch|p1a: Palossand|Palossand, L89, F|296/296\n|move|p2a: Scyther|Dual Wingbeat|p1a: Palossand\n|-damage|p1a: Palossand|244/296\n|-damage|p1a: Palossand|186/296\n|-hitcount|p1a: Palossand|2\n|\n|-heal|p1a: Palossand|204/296|[from] item: Leftovers\n|upkeep\n|turn|30\n|\n|t:|1733845596\n|move|p2a: Scyther|U-turn|p1a: Palossand\n|-resisted|p1a: Palossand\n|-damage|p1a: Palossand|171/296\n|\n|t:|1733845599\n|switch|p2a: Mabosstiff|Mabosstiff, L86, F|278/278|[from] U-turn\n|move|p1a: Palossand|Stealth Rock|p2a: Mabosstiff\n|-sidestart|p2: useemstohavefun|move: Stealth Rock\n|\n|-heal|p1a: Palossand|189/296|[from] item: Leftovers\n|upkeep\n|turn|31\n|\n|t:|1733845606\n|move|p2a: Mabosstiff|Crunch|p1a: Palossand\n|-supereffective|p1a: Palossand\n|-damage|p1a: Palossand|0 fnt\n|faint|p1a: Palossand\n|\n|upkeep\n|\n|t:|1733845608\n|switch|p1a: Gogoat|Gogoat, L88, M|360/360\n|turn|32\n|\n|t:|1733845612\n|-terastallize|p2a: Mabosstiff|Dark\n|move|p2a: Mabosstiff|Crunch|p1a: Gogoat\n|-damage|p1a: Gogoat|118/360\n|-unboost|p1a: Gogoat|def|1\n|move|p1a: Gogoat|Bulk Up|p1a: Gogoat\n|-boost|p1a: Gogoat|atk|1\n|-boost|p1a: Gogoat|def|1\n|\n|-heal|p1a: Gogoat|140/360|[from] item: Leftovers\n|upkeep\n|turn|33\n|-message|azztheddicaff forfeited.\n|\n|win|useemstohavefun\n|raw|azztheddicaff's rating: 2220 &rarr; <strong>2206</strong><br />(-14 for losing)\n|raw|useemstohavefun's rating: 2337 &rarr; <strong>2351</strong><br />(+14 for winning)\n|l|\u2606azztheddicaff\n|player|p1|\n", "inputlog": ">version bfd83cad13791eb5a5a409923076391caf6fb4d4\n>start {\"formatid\":\"gen9randombattle\",\"seed\":[19215,21530,35631,63233],\"rated\":\"Rated battle\"}\n>player p1 {\"name\":\"azztheddicaff\",\"avatar\":\"grimsley-gen7\",\"rating\":2220,\"seed\":[31357,31465,51083,31142]}\n>player p2 {\"name\":\"useemstohavefun\",\"avatar\":\"thorton\",\"rating\":2337,\"seed\":[58160,38230,3586,41831]}\n>p1 move icebeam\n>p2 move dualwingbeat\n>p1 move icebeam\n>p2 switch 2\n>p1 move icebeam\n>p2 move shellsmash\n>p1 switch 4\n>p2 move shellsmash\n>p1 move doubleedge\n>p2 move hydropump\n>p2 switch 2\n>p1 switch 2\n>p2 move closecombat\n>p1 move moonblast\n>p2 move uturn\n>p2 switch 6\n>p1 switch 3\n>p2 move shellsidearm\n>p1 move throatchop\n>p2 move shellsidearm\n>p1 switch 4\n>p1 move darkpulse\n>p2 switch 4\n>p1 move darkpulse\n>p2 move voltswitch\n>p2 switch 6\n>p1 switch 3\n>p1 move irondefense\n>p2 move uturn\n>p2 switch 4\n>p1 move irondefense\n>p2 move shellsidearm\n>p1 move rest\n>p2 move shellsidearm\n>p1 move irondefense\n>p2 move shellsidearm\n>p1 move bodypress\n>p2 move shellsidearm\n>p1 move rest\n>p2 move psychic\n>p1 move bodypress\n>p2 move psychic\n>p1 move bodypress\n>p2 move psychic\n>p1 move rest\n>p2 move psychic\n>p1 move bodypress\n>p2 move shellsidearm\n>p1 move bodypress\n>p2 move psychic\n>p1 move rest\n>p2 switch 6\n>p1 move bodypress terastallize\n>p2 move scald\n>p1 move bodypress\n>p2 switch 6\n>p1 move bodypress\n>p2 move psychic\n>p1 move bodypress\n>p2 move psychic\n>p1 switch 2\n>p1 move doubleedge\n>p2 move shellsidearm\n>p2 switch 4\n>p1 switch 5\n>p2 move dualwingbeat\n>p1 move stealthrock\n>p2 move uturn\n>p2 switch 5\n>p1 move shoreup\n>p2 move crunch\n>p1 switch 6\n>p1 move bulkup\n>p2 move crunch terastallize\n>forcelose p1", "uploadtime": 1733845620, "views": 1, "formatid": "gen9randombattle", "rating": 2206, "private": 0, "password": null}