{"id": "gen9randombattle-2259770536", "format": "[Gen 9] Random Battle", "players": ["RavingHydra", "shocnotshoe"], "log": "|j|\u2606RavingHydra\n|j|\u2606shocnotshoe\n|t:|1733765038\n|gametype|singles\n|player|p1|RavingHydra|265|1680\n|player|p2|shocnotshoe|101|1657\n|teamsize|p1|6\n|teamsize|p2|6\n|gen|9\n|tier|[Gen 9] Random Battle\n|rated|\n|rule|Species Clause: Limit one of each Pok\u00e9mon\n|rule|HP Percentage Mod: HP is shown in percentages\n|rule|Sleep Clause Mod: Limit one foe put to sleep\n|rule|Illusion Level Mod: Illusion disguises the Pok\u00e9mon's true level\n|\n|t:|1733765038\n|start\n|switch|p1a: Weavile|Weavile, L79, F|240/240\n|switch|p2a: Rillaboom|Rillaboom, L79, F|288/288\n|-fieldstart|move: Grassy Terrain|[from] ability: Grassy Surge|[of] p2a: Rillaboom\n|turn|1\n|inactive|Battle timer is ON: inactive players will automatically lose when time's up. (requested by shocnotshoe)\n|\n|t:|1733765059\n|switch|p2a: Wyrdeer|Wyrdeer, L87, F|321/321\n|-ability|p2a: Wyrdeer|Intimidate|boost\n|-unboost|p1a: Weavile|atk|1\n|move|p1a: Weavile|Triple Axel|p2a: Wyrdeer\n|-damage|p2a: Wyrdeer|303/321\n|-damage|p2a: Wyrdeer|269/321\n|-damage|p2a: Wyrdeer|223/321\n|-hitcount|p2a: Wyrdeer|3\n|\n|-heal|p2a: Wyrdeer|243/321|[from] Grassy Terrain\n|upkeep\n|turn|2\n|\n|t:|1733765083\n|switch|p1a: Rotom|Rotom-Heat, L83|219/219\n|move|p2a: Wyrdeer|Body Slam|p1a: Rotom\n|-damage|p1a: Rotom|135/219\n|\n|-heal|p2a: Wyrdeer|263/321|[from] Grassy Terrain\n|upkeep\n|turn|3\n|\n|t:|1733765097\n|move|p1a: Rotom|Will-O-Wisp|p2a: Wyrdeer|[miss]\n|-miss|p1a: Rotom|p2a: Wyrdeer\n|move|p2a: Wyrdeer|Body Slam|p1a: Rotom\n|-damage|p1a: Rotom|39/219\n|\n|-heal|p2a: Wyrdeer|283/321|[from] Grassy Terrain\n|upkeep\n|turn|4\n|\n|t:|1733765106\n|move|p1a: Rotom|Will-O-Wisp|p2a: Wyrdeer|[miss]\n|-miss|p1a: Rotom|p2a: Wyrdeer\n|move|p2a: Wyrdeer|Psychic Noise|p1a: Rotom\n|-damage|p1a: Rotom|0 fnt\n|faint|p1a: Rotom\n|\n|-heal|p2a: Wyrdeer|303/321|[from] Grassy Terrain\n|upkeep\n|\n|t:|1733765119\n|switch|p1a: Weavile|Weavile, L79, F|240/240\n|turn|5\n|\n|t:|1733765142\n|switch|p2a: Pelipper|Pelipper, L86, F|243/243\n|-weather|RainDance|[from] ability: Drizzle|[of] p2a: Pelipper\n|-terastallize|p1a: Weavile|Dark\n|move|p1a: Weavile|Knock Off|p2a: Pelipper\n|-damage|p2a: Pelipper|113/243\n|-enditem|p2a: Pelipper|Heavy-Duty Boots|[from] move: Knock Off|[of] p1a: Weavile\n|\n|-weather|RainDance|[upkeep]\n|-fieldend|move: Grassy Terrain\n|upkeep\n|turn|6\n|\n|t:|1733765155\n|switch|p1a: Groudon|Groudon, L72|263/263\n|-weather|SunnyDay|[from] ability: Drought|[of] p1a: Groudon\n|move|p2a: Pelipper|Hurricane|p1a: Groudon\n|-damage|p1a: Groudon|118/263\n|-start|p1a: Groudon|confusion\n|\n|-weather|SunnyDay|[upkeep]\n|-heal|p1a: Groudon|134/263|[from] item: Leftovers\n|upkeep\n|turn|7\n|inactive|shocnotshoe has 120 seconds left.\n|\n|t:|1733765177\n|switch|p1a: Amoonguss|Amoonguss, L82, F|321/321\n|move|p2a: Pelipper|Hydro Pump|p1a: Amoonguss|[miss]\n|-miss|p2a: Pelipper|p1a: Amoonguss\n|\n|-weather|SunnyDay|[upkeep]\n|upkeep\n|turn|8\n|inactive|shocnotshoe has 120 seconds left.\n|\n|t:|1733765191\n|move|p2a: Pelipper|U-turn|p1a: Amoonguss\n|-damage|p1a: Amoonguss|283/321\n|-damage|p2a: Pelipper|73/243|[from] item: Rocky Helmet|[of] p1a: Amoonguss\n|inactive|shocnotshoe has 120 seconds left.\n|\n|t:|1733765207\n|switch|p2a: Wo-Chien|Wo-Chien, L83|277/277|[from] U-turn\n|-ability|p2a: Wo-Chien|Tablets of Ruin\n|move|p1a: Amoonguss|Sludge Bomb|p2a: Wo-Chien\n|-supereffective|p2a: Wo-Chien\n|-damage|p2a: Wo-Chien|163/277\n|-status|p2a: Wo-Chien|psn\n|\n|-weather|SunnyDay|[upkeep]\n|-heal|p2a: Wo-Chien|180/277 psn|[from] item: Leftovers\n|-damage|p2a: Wo-Chien|146/277 psn|[from] psn\n|upkeep\n|turn|9\n|\n|t:|1733765220\n|move|p2a: Wo-Chien|Knock Off|p1a: Amoonguss\n|-damage|p1a: Amoonguss|169/321\n|-damage|p2a: Wo-Chien|100/277 psn|[from] item: Rocky Helmet|[of] p1a: Amoonguss\n|-enditem|p1a: Amoonguss|Rocky Helmet|[from] move: Knock Off|[of] p2a: Wo-Chien\n|move|p1a: Amoonguss|Sludge Bomb|p2a: Wo-Chien\n|-supereffective|p2a: Wo-Chien\n|-damage|p2a: Wo-Chien|0 fnt\n|faint|p2a: Wo-Chien\n|\n|-weather|SunnyDay|[upkeep]\n|upkeep\n|\n|t:|1733765227\n|switch|p2a: Solgaleo|Solgaleo, L74|325/325\n|turn|10\n|\n|t:|1733765231\n|move|p2a: Solgaleo|Flame Charge|p1a: Amoonguss\n|-supereffective|p1a: Amoonguss\n|-damage|p1a: Amoonguss|45/321\n|-boost|p2a: Solgaleo|spe|1\n|move|p1a: Amoonguss|Spore|p2a: Solgaleo\n|-status|p2a: Solgaleo|slp|[from] move: Spore\n|\n|-weather|none\n|upkeep\n|turn|11\n|\n|t:|1733765243\n|switch|p1a: Groudon|Groudon, L72|134/263\n|-weather|SunnyDay|[from] ability: Drought|[of] p1a: Groudon\n|cant|p2a: Solgaleo|slp\n|\n|-weather|SunnyDay|[upkeep]\n|-heal|p1a: Groudon|150/263|[from] item: Leftovers\n|upkeep\n|turn|12\n|\n|t:|1733765258\n|switch|p2a: Rillaboom|Rillaboom, L79, F|288/288\n|-fieldstart|move: Grassy Terrain|[from] ability: Grassy Surge|[of] p2a: Rillaboom\n|move|p1a: Groudon|Precipice Blades|p2a: Rillaboom|[miss]\n|-miss|p1a: Groudon|p2a: Rillaboom\n|\n|-weather|SunnyDay|[upkeep]\n|-heal|p1a: Groudon|166/263|[from] Grassy Terrain\n|-heal|p1a: Groudon|182/263|[from] item: Leftovers\n|upkeep\n|turn|13\n|inactive|shocnotshoe has 120 seconds left.\n|\n|t:|1733765274\n|switch|p1a: Amoonguss|Amoonguss, L82, F|152/321\n|move|p2a: Rillaboom|Wood Hammer|p1a: Amoonguss\n|-resisted|p1a: Amoonguss\n|-damage|p1a: Amoonguss|65/321\n|-damage|p2a: Rillaboom|259/288|[from] Recoil\n|\n|-weather|SunnyDay|[upkeep]\n|-heal|p2a: Rillaboom|277/288|[from] Grassy Terrain\n|-heal|p1a: Amoonguss|85/321|[from] Grassy Terrain\n|upkeep\n|turn|14\n|\n|t:|1733765285\n|switch|p1a: Squawkabilly|Squawkabilly-White, L89, F|291/291\n|move|p2a: Rillaboom|Wood Hammer|p1a: Squawkabilly\n|-resisted|p1a: Squawkabilly\n|-damage|p1a: Squawkabilly|113/291\n|-damage|p2a: Rillaboom|218/288|[from] Recoil\n|\n|-weather|SunnyDay|[upkeep]\n|-heal|p2a: Rillaboom|236/288|[from] Grassy Terrain\n|upkeep\n|turn|15\n|inactive|shocnotshoe has 120 seconds left.\n|\n|t:|1733765302\n|switch|p2a: Solgaleo|Solgaleo, L74|325/325 slp\n|move|p1a: Squawkabilly|Parting Shot|p2a: Solgaleo\n|-fail|p2a: Solgaleo|unboost|[from] ability: Full Metal Body|[of] p2a: Solgaleo\n|\n|-weather|none\n|upkeep\n|turn|16\n|\n|t:|1733765309\n|move|p1a: Squawkabilly|Foul Play|p2a: Solgaleo|[miss]\n|-miss|p1a: Squawkabilly|p2a: Solgaleo\n|cant|p2a: Solgaleo|slp\n|\n|-fieldend|move: Grassy Terrain\n|upkeep\n|turn|17\n|c|\u2606RavingHydra|my guys are blind\n|\n|t:|1733765318\n|move|p1a: Squawkabilly|Foul Play|p2a: Solgaleo|[miss]\n|-miss|p1a: Squawkabilly|p2a: Solgaleo\n|cant|p2a: Solgaleo|slp\n|\n|upkeep\n|turn|18\n|c|\u2606RavingHydra|k\n|\n|t:|1733765326\n|move|p1a: Squawkabilly|Foul Play|p2a: Solgaleo\n|-supereffective|p2a: Solgaleo\n|-damage|p2a: Solgaleo|103/325 slp\n|-enditem|p2a: Solgaleo|Weakness Policy\n|-boost|p2a: Solgaleo|atk|2|[from] item: Weakness Policy\n|-boost|p2a: Solgaleo|spa|2|[from] item: Weakness Policy\n|-curestatus|p2a: Solgaleo|slp|[msg]\n|move|p2a: Solgaleo|Flame Charge|p1a: Squawkabilly\n|-damage|p1a: Squawkabilly|21/291\n|-boost|p2a: Solgaleo|spe|1\n|\n|upkeep\n|turn|19\n|-message|RavingHydra forfeited.\n|\n|win|shocnotshoe\n|raw|RavingHydra's rating: 1680 &rarr; <strong>1659</strong><br />(-21 for losing)\n|raw|shocnotshoe's rating: 1657 &rarr; <strong>1678</strong><br />(+21 for winning)\n|l|\u2606RavingHydra\n|player|p1|\n", "inputlog": ">version bfd83cad13791eb5a5a409923076391caf6fb4d4\n>start {\"formatid\":\"gen9randombattle\",\"seed\":[60000,36995,836,7849],\"rated\":\"Rated battle\"}\n>player p1 {\"name\":\"RavingHydra\",\"avatar\":\"265\",\"rating\":1680,\"seed\":[18230,17879,4894,50339]}\n>player p2 {\"name\":\"shocnotshoe\",\"avatar\":\"101\",\"rating\":1657,\"seed\":[28212,53174,37218,49180]}\n>p1 move tripleaxel\n>p2 switch 5\n>p1 switch 6\n>p2 move bodyslam\n>p1 move willowisp\n>p2 move bodyslam\n>p1 move willowisp\n>p2 move psychicnoise\n>p1 switch 6\n>p1 move knockoff terastallize\n>p2 switch 4\n>p1 switch 2\n>p2 move hurricane\n>p1 switch 3\n>p2 move hydropump\n>p1 move sludgebomb\n>p2 move uturn\n>p2 switch 3\n>p1 move sludgebomb\n>p2 move knockoff\n>p2 switch 6\n>p1 move spore\n>p2 move flamecharge\n>p1 switch 3\n>p2 move knockoff\n>p1 move precipiceblades\n>p2 switch 5\n>p1 switch 3\n>p2 move woodhammer\n>p1 switch 4\n>p2 move woodhammer\n>p1 move partingshot\n>p2 switch 5\n>p1 move foulplay\n>p2 move flamecharge\n>chat \u2606RavingHydra|my guys are blind\n>p1 move foulplay\n>p2 move flamecharge\n>chat \u2606RavingHydra|k\n>p1 move foulplay\n>p2 move flamecharge\n>forcelose p1", "uploadtime": 1733765361, "views": 5, "formatid": "gen9randombattle", "rating": 1659, "private": 0, "password": null}