{"id": "gen9randombattle-2260880270", "format": "[Gen 9] Random Battle", "players": ["Magikarpitalism", "Alpha Tw"], "log": "|j|\u2606Magikarpitalism\n|j|\u2606Alpha Tw\n|t:|1733909792\n|gametype|singles\n|player|p1|Magikarpitalism|adaman|2202\n|player|p2|Alpha Tw|n|2267\n|teamsize|p1|6\n|teamsize|p2|6\n|gen|9\n|tier|[Gen 9] Random Battle\n|rated|\n|rule|Species Clause: Limit one of each Pok\u00e9mon\n|rule|HP Percentage Mod: HP is shown in percentages\n|rule|Sleep Clause Mod: Limit one foe put to sleep\n|rule|Illusion Level Mod: Illusion disguises the Pok\u00e9mon's true level\n|\n|t:|1733909792\n|start\n|switch|p1a: Orthworm|Orthworm, L88, F|238/238\n|switch|p2a: Dugtrio|Dugtrio, L84, M|196/196\n|turn|1\n|\n|t:|1733909799\n|switch|p2a: Blaziken|Blaziken, L76, M|247/247\n|move|p1a: Orthworm|U-turn|p2a: Blaziken\n|-resisted|p2a: Blaziken\n|-damage|p2a: Blaziken|232/247\n|\n|t:|1733909801\n|switch|p1a: Inteleon|Inteleon, L81, F|246/246|[from] U-turn\n|\n|upkeep\n|turn|2\n|\n|t:|1733909806\n|switch|p2a: Eternatus|Eternatus, L69|308/308\n|-ability|p2a: Eternatus|Pressure\n|move|p1a: Inteleon|Hydro Pump|p2a: Eternatus|[miss]\n|-miss|p1a: Inteleon|p2a: Eternatus\n|\n|upkeep\n|turn|3\n|\n|t:|1733909816\n|switch|p1a: Oranguru|Oranguru, L92, F|315/315\n|move|p2a: Eternatus|Meteor Beam||[still]\n|-prepare|p2a: Eternatus|Meteor Beam\n|-boost|p2a: Eternatus|spa|1\n|-enditem|p2a: Eternatus|Power Herb\n|-anim|p2a: Eternatus|Meteor Beam|p1a: Oranguru\n|-damage|p1a: Oranguru|229/315\n|\n|-heal|p1a: Oranguru|248/315|[from] item: Leftovers\n|upkeep\n|turn|4\n|\n|t:|1733909821\n|move|p2a: Eternatus|Dynamax Cannon|p1a: Oranguru\n|-damage|p1a: Oranguru|143/315\n|move|p1a: Oranguru|Psychic|p2a: Eternatus\n|-supereffective|p2a: Eternatus\n|-damage|p2a: Eternatus|66/308\n|\n|-heal|p1a: Oranguru|162/315|[from] item: Leftovers\n|upkeep\n|turn|5\n|\n|t:|1733909824\n|move|p2a: Eternatus|Sludge Bomb|p1a: Oranguru\n|-damage|p1a: Oranguru|63/315\n|move|p1a: Oranguru|Psychic|p2a: Eternatus\n|-supereffective|p2a: Eternatus\n|-damage|p2a: Eternatus|0 fnt\n|faint|p2a: Eternatus\n|\n|-heal|p1a: Oranguru|82/315|[from] item: Leftovers\n|upkeep\n|\n|t:|1733909828\n|switch|p2a: Blaziken|Blaziken, L76, M|232/247\n|turn|6\n|\n|t:|1733909834\n|move|p2a: Blaziken|Knock Off|p1a: Oranguru\n|-supereffective|p1a: Oranguru\n|-damage|p1a: Oranguru|0 fnt\n|-enditem|p1a: Oranguru|Leftovers|[from] move: Knock Off|[of] p2a: Blaziken\n|faint|p1a: Oranguru\n|-damage|p2a: Blaziken|208/247|[from] item: Life Orb\n|\n|-ability|p2a: Blaziken|Speed Boost|boost\n|-boost|p2a: Blaziken|spe|1\n|upkeep\n|\n|t:|1733909839\n|switch|p1a: Bombirdier|Bombirdier, L85, F|258/258\n|turn|7\n|\n|t:|1733909845\n|move|p2a: Blaziken|Flare Blitz|p1a: Bombirdier\n|-damage|p1a: Bombirdier|90/258\n|-damage|p2a: Blaziken|153/247|[from] Recoil\n|-damage|p2a: Blaziken|129/247|[from] item: Life Orb\n|move|p1a: Bombirdier|Brave Bird|p2a: Blaziken\n|-supereffective|p2a: Blaziken\n|-damage|p2a: Blaziken|0 fnt\n|faint|p2a: Blaziken\n|-damage|p1a: Bombirdier|47/258|[from] Recoil\n|\n|upkeep\n|\n|t:|1733909855\n|switch|p2a: Furret|Furret, L94, M|312/312\n|-item|p1a: Bombirdier|Heavy-Duty Boots|[from] ability: Frisk|[of] p2a: Furret\n|turn|8\n|\n|t:|1733909859\n|move|p2a: Furret|Knock Off|p1a: Bombirdier\n|-resisted|p1a: Bombirdier\n|-damage|p1a: Bombirdier|0 fnt\n|-enditem|p1a: Bombirdier|Heavy-Duty Boots|[from] move: Knock Off|[of] p2a: Furret\n|faint|p1a: Bombirdier\n|\n|upkeep\n|\n|t:|1733909864\n|switch|p1a: Orthworm|Orthworm, L88, F|238/238\n|turn|9\n|\n|t:|1733909866\n|move|p1a: Orthworm|Dark Pulse|p2a: Furret\n|-damage|p2a: Furret|123/312\n|move|p2a: Furret|Knock Off|p1a: Orthworm\n|-resisted|p1a: Orthworm\n|-damage|p1a: Orthworm|172/238\n|replace|p1a: Zoroark|Zoroark, L84, F\n|-end|p1a: Zoroark|Illusion\n|-hint|Illusion Level Mod is active, so this Pok\u00e9mon's true level was hidden.\n|-enditem|p1a: Zoroark|Choice Specs|[from] move: Knock Off|[of] p2a: Furret\n|\n|upkeep\n|turn|10\n|\n|t:|1733909872\n|switch|p2a: Dugtrio|Dugtrio, L84, M|196/196\n|move|p1a: Zoroark|Dark Pulse|p2a: Dugtrio\n|-damage|p2a: Dugtrio|67/196\n|\n|upkeep\n|turn|11\n|\n|t:|1733909878\n|move|p2a: Dugtrio|Earthquake|p1a: Zoroark\n|-damage|p1a: Zoroark|27/238\n|move|p1a: Zoroark|U-turn|p2a: Dugtrio\n|-damage|p2a: Dugtrio|0 fnt\n|faint|p2a: Dugtrio\n|\n|t:|1733909882\n|switch|p1a: Inteleon|Inteleon, L81, F|246/246|[from] U-turn\n|\n|upkeep\n|\n|t:|1733909886\n|switch|p2a: Tauros|Tauros, L82, M|257/257\n|turn|12\n|\n|t:|1733909888\n|move|p1a: Inteleon|U-turn|p2a: Tauros\n|-damage|p2a: Tauros|215/257\n|\n|t:|1733909893\n|switch|p1a: Orthworm|Orthworm, L88, F|27/238|[from] U-turn\n|move|p2a: Tauros|Body Slam|p1a: Orthworm\n|-damage|p1a: Orthworm|0 fnt\n|replace|p1a: Zoroark|Zoroark, L84, F\n|-end|p1a: Zoroark|Illusion\n|faint|p1a: Zoroark\n|\n|upkeep\n|\n|t:|1733909897\n|switch|p1a: Orthworm|Orthworm, L88, F|266/266\n|turn|13\n|\n|t:|1733909899\n|move|p2a: Tauros|Close Combat|p1a: Orthworm\n|-supereffective|p1a: Orthworm\n|-damage|p1a: Orthworm|131/266\n|-unboost|p2a: Tauros|def|1\n|-unboost|p2a: Tauros|spd|1\n|-damage|p2a: Tauros|190/257|[from] item: Life Orb\n|move|p1a: Orthworm|Body Press|p2a: Tauros\n|-supereffective|p2a: Tauros\n|-damage|p2a: Tauros|0 fnt\n|faint|p2a: Tauros\n|\n|upkeep\n|\n|t:|1733909902\n|switch|p2a: Furret|Furret, L94, M|123/312\n|-item|p1a: Orthworm|Chesto Berry|[from] ability: Frisk|[of] p2a: Furret\n|turn|14\n|\n|t:|1733909905\n|move|p2a: Furret|Knock Off|p1a: Orthworm\n|-damage|p1a: Orthworm|65/266\n|-enditem|p1a: Orthworm|Chesto Berry|[from] move: Knock Off|[of] p2a: Furret\n|move|p1a: Orthworm|Rest|p1a: Orthworm\n|-status|p1a: Orthworm|slp|[from] move: Rest\n|-heal|p1a: Orthworm|266/266 slp|[silent]\n|\n|upkeep\n|turn|15\n|\n|t:|1733909907\n|switch|p2a: Regirock|Regirock, L83|268/268\n|cant|p1a: Orthworm|slp\n|\n|upkeep\n|turn|16\n|\n|t:|1733909911\n|switch|p1a: Inteleon|Inteleon, L81, F|246/246\n|move|p2a: Regirock|Curse|p2a: Regirock\n|-unboost|p2a: Regirock|spe|1\n|-boost|p2a: Regirock|atk|1\n|-boost|p2a: Regirock|def|1\n|\n|upkeep\n|turn|17\n|\n|t:|1733909916\n|-terastallize|p2a: Regirock|Fighting\n|move|p1a: Inteleon|U-turn|p2a: Regirock\n|-resisted|p2a: Regirock\n|-damage|p2a: Regirock|261/268\n|\n|t:|1733909920\n|switch|p1a: Orthworm|Orthworm, L88, F|266/266 slp|[from] U-turn\n|move|p2a: Regirock|Body Press|p1a: Orthworm\n|-supereffective|p1a: Orthworm\n|-damage|p1a: Orthworm|0 fnt\n|faint|p1a: Orthworm\n|\n|upkeep\n|\n|t:|1733909923\n|switch|p1a: Tatsugiri|Tatsugiri-Droopy, L87, M|260/260\n|turn|18\n|\n|t:|1733909928\n|move|p1a: Tatsugiri|Surf|p2a: Regirock\n|-damage|p2a: Regirock|152/268\n|move|p2a: Regirock|Body Press|p1a: Tatsugiri\n|-damage|p1a: Tatsugiri|0 fnt\n|faint|p1a: Tatsugiri\n|\n|upkeep\n|\n|t:|1733909931\n|switch|p1a: Inteleon|Inteleon, L81, F|246/246\n|turn|19\n|\n|t:|1733909936\n|-terastallize|p1a: Inteleon|Water\n|move|p1a: Inteleon|Scald|p2a: Regirock\n|-damage|p2a: Regirock|0 fnt\n|faint|p2a: Regirock\n|\n|upkeep\n|\n|t:|1733909939\n|switch|p2a: Furret|Furret, L94, M|123/312\n|-item|p1a: Inteleon|Choice Specs|[from] ability: Frisk|[of] p2a: Furret\n|turn|20\n|\n|t:|1733909942\n|move|p1a: Inteleon|Scald|p2a: Furret\n|-damage|p2a: Furret|0 fnt\n|faint|p2a: Furret\n|\n|win|Magikarpitalism\n|raw|Magikarpitalism's rating: 2202 &rarr; <strong>2226</strong><br />(+24 for winning)\n|raw|Alpha Tw's rating: 2267 &rarr; <strong>2243</strong><br />(-24 for losing)\n|l|\u2606Alpha Tw\n|player|p2|\n", "inputlog": ">version bfd83cad13791eb5a5a409923076391caf6fb4d4\n>start {\"formatid\":\"gen9randombattle\",\"seed\":[63030,44569,15557,58974],\"rated\":\"Rated battle\"}\n>player p1 {\"name\":\"Magikarpitalism\",\"avatar\":\"adaman\",\"rating\":2202,\"seed\":[44853,46811,13288,421]}\n>player p2 {\"name\":\"Alpha Tw\",\"avatar\":\"n\",\"rating\":2267,\"seed\":[14184,10632,61681,30799]}\n>p1 move uturn\n>p2 switch 5\n>p1 switch 4\n>p1 move hydropump\n>p2 switch 4\n>p1 switch 2\n>p2 move meteorbeam\n>p1 move psychic\n>p2 move dynamaxcannon\n>p1 move psychic\n>p2 move sludgebomb\n>p2 switch 4\n>p1 move psychic\n>p2 move knockoff\n>p1 switch 3\n>p1 move bravebird\n>p2 move flareblitz\n>p2 switch 3\n>p1 move stealthrock\n>p2 move knockoff\n>p1 switch 4\n>p1 move darkpulse\n>p2 move knockoff\n>p1 move darkpulse\n>p2 switch 5\n>p1 move uturn\n>p2 move earthquake\n>p1 switch 2\n>p2 switch 2\n>p1 move uturn\n>p2 move bodyslam\n>p1 switch 2\n>p1 switch 6\n>p1 move bodypress\n>p2 move closecombat\n>p2 switch 5\n>p1 move rest\n>p2 move knockoff\n>p1 move irontail\n>p2 switch 6\n>p1 switch 2\n>p2 move curse\n>p1 move uturn\n>p2 move bodypress terastallize\n>p1 switch 2\n>p1 switch 5\n>p1 move surf\n>p2 move bodypress\n>p1 switch 2\n>p1 move scald terastallize\n>p2 move bodypress\n>p2 switch 6\n>p1 move scald\n>p2 move doubleedge", "uploadtime": 1733909944, "views": 2, "formatid": "gen9randombattle", "rating": 2226, "private": 0, "password": null}