{"id": "gen9randombattle-2260344597", "format": "[Gen 9] Random Battle", "players": ["Guexxr", "FashiRn"], "log": "|j|\u2606Guexxr\n|j|\u2606FashiRn\n|t:|1733842234\n|gametype|singles\n|player|p1|Guexxr|102|1954\n|player|p2|FashiRn|ninjaboy|1961\n|teamsize|p1|6\n|teamsize|p2|6\n|gen|9\n|tier|[Gen 9] Random Battle\n|rated|\n|rule|Species Clause: Limit one of each Pok\u00e9mon\n|rule|HP Percentage Mod: HP is shown in percentages\n|rule|Sleep Clause Mod: Limit one foe put to sleep\n|rule|Illusion Level Mod: Illusion disguises the Pok\u00e9mon's true level\n|\n|t:|1733842234\n|start\n|switch|p1a: Eternatus|Eternatus, L69|308/308\n|switch|p2a: Clawitzer|Clawitzer, L87, F|265/265\n|-ability|p1a: Eternatus|Pressure\n|turn|1\n|inactive|Battle timer is ON: inactive players will automatically lose when time's up. (requested by FashiRn)\n|\n|t:|1733842259\n|switch|p1a: Gengar|Gengar, L81, M|230/230\n|move|p2a: Clawitzer|Dragon Pulse|p1a: Gengar\n|-damage|p1a: Gengar|37/230\n|\n|upkeep\n|turn|2\n|\n|t:|1733842270\n|move|p1a: Gengar|Sludge Wave|p2a: Clawitzer\n|-damage|p2a: Clawitzer|112/265\n|-damage|p1a: Gengar|14/230|[from] item: Life Orb\n|move|p2a: Clawitzer|Dragon Pulse|p1a: Gengar\n|-damage|p1a: Gengar|0 fnt\n|faint|p1a: Gengar\n|\n|upkeep\n|\n|t:|1733842289\n|switch|p1a: Urshifu|Urshifu, L74, F|270/270\n|turn|3\n|\n|t:|1733842302\n|move|p1a: Urshifu|Wicked Blow|p2a: Clawitzer\n|-crit|p2a: Clawitzer\n|-damage|p2a: Clawitzer|0 fnt\n|faint|p2a: Clawitzer\n|-damage|p1a: Urshifu|243/270|[from] item: Life Orb\n|\n|upkeep\n|\n|t:|1733842319\n|switch|p2a: Scream Tail|Scream Tail, L84|330/330\n|turn|4\n|inactive|Guexxr has 120 seconds left.\n|\n|t:|1733842354\n|switch|p1a: Eternatus|Eternatus, L69|308/308\n|-ability|p1a: Eternatus|Pressure\n|move|p2a: Scream Tail|Protect||[still]\n|-fail|p2a: Scream Tail\n|\n|upkeep\n|turn|5\n|\n|t:|1733842368\n|-end|p2a: Scream Tail|Protosynthesis|[silent]\n|switch|p2a: Pachirisu|Pachirisu, L96, F|271/271\n|move|p1a: Eternatus|Sludge Bomb|p2a: Pachirisu\n|-damage|p2a: Pachirisu|220/271\n|-status|p2a: Pachirisu|psn\n|\n|-damage|p2a: Pachirisu|187/271 psn|[from] psn\n|upkeep\n|turn|6\n|inactive|Guexxr has 120 seconds left.\n|\n|t:|1733842391\n|switch|p1a: Malamar|Malamar, L82, M|275/275\n|move|p2a: Pachirisu|Nuzzle|p1a: Malamar\n|-damage|p1a: Malamar|257/275\n|-status|p1a: Malamar|par\n|\n|-damage|p2a: Pachirisu|154/271 psn|[from] psn\n|upkeep\n|turn|7\n|inactive|Guexxr has 120 seconds left.\n|\n|t:|1733842403\n|switch|p1a: Eternatus|Eternatus, L69|308/308\n|-ability|p1a: Eternatus|Pressure\n|move|p2a: Pachirisu|U-turn|p1a: Eternatus\n|-resisted|p1a: Eternatus\n|-damage|p1a: Eternatus|285/308\n|\n|t:|1733842420\n|switch|p2a: Gouging Fire|Gouging Fire, L74|277/277|[from] U-turn\n|\n|-heal|p1a: Eternatus|304/308|[from] item: Leftovers\n|upkeep\n|turn|8\n|\n|t:|1733842426\n|move|p1a: Eternatus|Dynamax Cannon|p2a: Gouging Fire\n|-supereffective|p2a: Gouging Fire\n|-crit|p2a: Gouging Fire\n|-damage|p2a: Gouging Fire|0 fnt\n|faint|p2a: Gouging Fire\n|-end|p2a: Gouging Fire|Protosynthesis|[silent]\n|\n|-heal|p1a: Eternatus|308/308|[from] item: Leftovers\n|upkeep\n|\n|t:|1733842430\n|switch|p2a: Chandelure|Chandelure, L83, F|235/235\n|turn|9\n|\n|t:|1733842435\n|move|p2a: Chandelure|Shadow Ball|p1a: Eternatus\n|-damage|p1a: Eternatus|169/308\n|move|p1a: Eternatus|Dynamax Cannon|p2a: Chandelure\n|-damage|p2a: Chandelure|142/235\n|\n|-heal|p1a: Eternatus|188/308|[from] item: Leftovers\n|upkeep\n|turn|10\n|\n|t:|1733842443\n|-terastallize|p2a: Chandelure|Ghost\n|move|p2a: Chandelure|Shadow Ball|p1a: Eternatus\n|-crit|p1a: Eternatus\n|-damage|p1a: Eternatus|0 fnt\n|faint|p1a: Eternatus\n|\n|upkeep\n|\n|t:|1733842451\n|switch|p1a: Urshifu|Urshifu, L74, F|243/270\n|turn|11\n|\n|t:|1733842464\n|switch|p2a: Scream Tail|Scream Tail, L84|330/330\n|move|p1a: Urshifu|Wicked Blow|p2a: Scream Tail\n|-crit|p2a: Scream Tail\n|-damage|p2a: Scream Tail|178/330\n|-damage|p1a: Urshifu|216/270|[from] item: Life Orb\n|\n|-heal|p2a: Scream Tail|198/330|[from] item: Leftovers\n|upkeep\n|turn|12\n|\n|t:|1733842486\n|move|p2a: Scream Tail|Play Rough|p1a: Urshifu\n|-supereffective|p1a: Urshifu\n|-damage|p1a: Urshifu|0 fnt\n|faint|p1a: Urshifu\n|\n|-heal|p2a: Scream Tail|218/330|[from] item: Leftovers\n|upkeep\n|\n|t:|1733842497\n|switch|p1a: Bruxish|Bruxish, L85, F|254/254\n|turn|13\n|\n|t:|1733842508\n|move|p2a: Scream Tail|Wish|p2a: Scream Tail\n|move|p1a: Bruxish|Wave Crash|p2a: Scream Tail\n|-damage|p2a: Scream Tail|41/330\n|-damage|p1a: Bruxish|196/254|[from] Recoil\n|\n|-heal|p2a: Scream Tail|61/330|[from] item: Leftovers\n|upkeep\n|turn|14\n|\n|t:|1733842526\n|switch|p1a: Malamar|Malamar, L82, M|257/275 par\n|move|p2a: Scream Tail|Protect||[still]\n|-fail|p2a: Scream Tail\n|\n|-heal|p2a: Scream Tail|226/330|[from] move: Wish|[wisher] Scream Tail\n|-heal|p2a: Scream Tail|246/330|[from] item: Leftovers\n|upkeep\n|turn|15\n|\n|t:|1733842539\n|switch|p1a: Bruxish|Bruxish, L85, F|196/254\n|move|p2a: Scream Tail|Play Rough|p1a: Bruxish\n|-damage|p1a: Bruxish|115/254\n|\n|-heal|p2a: Scream Tail|266/330|[from] item: Leftovers\n|upkeep\n|turn|16\n|\n|t:|1733842543\n|move|p2a: Scream Tail|Protect|p2a: Scream Tail\n|-singleturn|p2a: Scream Tail|Protect\n|move|p1a: Bruxish|Crunch|p2a: Scream Tail\n|-activate|p2a: Scream Tail|move: Protect\n|\n|-heal|p2a: Scream Tail|286/330|[from] item: Leftovers\n|upkeep\n|turn|17\n|\n|t:|1733842549\n|move|p2a: Scream Tail|Wish|p2a: Scream Tail\n|move|p1a: Bruxish|Crunch|p2a: Scream Tail\n|-damage|p2a: Scream Tail|168/330\n|-unboost|p2a: Scream Tail|def|1\n|\n|-heal|p2a: Scream Tail|188/330|[from] item: Leftovers\n|upkeep\n|turn|18\n|\n|t:|1733842564\n|move|p2a: Scream Tail|Play Rough|p1a: Bruxish\n|-damage|p1a: Bruxish|31/254\n|move|p1a: Bruxish|Crunch|p2a: Scream Tail\n|-damage|p2a: Scream Tail|6/330\n|\n|-heal|p2a: Scream Tail|171/330|[from] move: Wish|[wisher] Scream Tail\n|-heal|p2a: Scream Tail|191/330|[from] item: Leftovers\n|upkeep\n|turn|19\n|\n|t:|1733842571\n|move|p2a: Scream Tail|Play Rough|p1a: Bruxish\n|-damage|p1a: Bruxish|0 fnt\n|faint|p1a: Bruxish\n|\n|-heal|p2a: Scream Tail|211/330|[from] item: Leftovers\n|upkeep\n|\n|t:|1733842574\n|switch|p1a: Inteleon|Inteleon, L81, M|246/246\n|turn|20\n|\n|t:|1733842584\n|-terastallize|p1a: Inteleon|Water\n|move|p2a: Scream Tail|Protect|p2a: Scream Tail\n|-singleturn|p2a: Scream Tail|Protect\n|move|p1a: Inteleon|Hydro Pump|p2a: Scream Tail\n|-activate|p2a: Scream Tail|move: Protect\n|\n|-heal|p2a: Scream Tail|231/330|[from] item: Leftovers\n|upkeep\n|turn|21\n|\n|t:|1733842595\n|move|p1a: Inteleon|Hydro Pump|p2a: Scream Tail\n|-damage|p2a: Scream Tail|5/330\n|move|p2a: Scream Tail|Wish|p2a: Scream Tail\n|\n|-heal|p2a: Scream Tail|25/330|[from] item: Leftovers\n|upkeep\n|turn|22\n|\n|t:|1733842603\n|-end|p2a: Scream Tail|Protosynthesis|[silent]\n|switch|p2a: Tsareena|Tsareena, L87, F|267/267\n|move|p1a: Inteleon|Hydro Pump|p2a: Tsareena\n|-resisted|p2a: Tsareena\n|-damage|p2a: Tsareena|141/267\n|\n|-heal|p2a: Tsareena|267/267|[from] move: Wish|[wisher] Scream Tail\n|upkeep\n|turn|23\n|\n|t:|1733842608\n|switch|p1a: Malamar|Malamar, L82, M|257/275 par\n|move|p2a: Tsareena|Power Whip|p1a: Malamar|[miss]\n|-miss|p2a: Tsareena|p1a: Malamar\n|\n|upkeep\n|turn|24\n|\n|t:|1733842619\n|switch|p2a: Pachirisu|Pachirisu, L96, F|154/271 psn\n|move|p1a: Malamar|Knock Off|p2a: Pachirisu\n|-damage|p2a: Pachirisu|52/271 psn\n|-enditem|p2a: Pachirisu|Assault Vest|[from] move: Knock Off|[of] p1a: Malamar\n|\n|-damage|p2a: Pachirisu|19/271 psn|[from] psn\n|upkeep\n|turn|25\n|\n|t:|1733842626\n|move|p2a: Pachirisu|Super Fang|p1a: Malamar\n|-damage|p1a: Malamar|129/275 par\n|move|p1a: Malamar|Rest|p1a: Malamar\n|-status|p1a: Malamar|slp|[from] move: Rest\n|-heal|p1a: Malamar|275/275 slp|[silent]\n|-enditem|p1a: Malamar|Chesto Berry|[eat]\n|-curestatus|p1a: Malamar|slp|[msg]\n|\n|-damage|p2a: Pachirisu|0 fnt|[from] psn\n|faint|p2a: Pachirisu\n|upkeep\n|\n|t:|1733842642\n|switch|p2a: Scream Tail|Scream Tail, L84|25/330\n|turn|26\n|\n|t:|1733842648\n|switch|p1a: Inteleon|Inteleon, L81, M, tera:Water|246/246\n|move|p2a: Scream Tail|Encore||[still]\n|-fail|p2a: Scream Tail\n|\n|-heal|p2a: Scream Tail|45/330|[from] item: Leftovers\n|upkeep\n|turn|27\n|\n|t:|1733842661\n|move|p2a: Scream Tail|Protect|p2a: Scream Tail\n|-singleturn|p2a: Scream Tail|Protect\n|move|p1a: Inteleon|Scald|p2a: Scream Tail\n|-activate|p2a: Scream Tail|move: Protect\n|\n|-heal|p2a: Scream Tail|65/330|[from] item: Leftovers\n|upkeep\n|turn|28\n|\n|t:|1733842674\n|move|p1a: Inteleon|Scald|p2a: Scream Tail\n|-damage|p2a: Scream Tail|0 fnt\n|faint|p2a: Scream Tail\n|-end|p2a: Scream Tail|Protosynthesis|[silent]\n|\n|upkeep\n|\n|t:|1733842676\n|switch|p2a: Tsareena|Tsareena, L87, F|267/267\n|turn|29\n|\n|t:|1733842694\n|move|p1a: Inteleon|Scald|p2a: Tsareena\n|-resisted|p2a: Tsareena\n|-damage|p2a: Tsareena|188/267\n|move|p2a: Tsareena|Power Whip|p1a: Inteleon|[miss]\n|-miss|p2a: Tsareena|p1a: Inteleon\n|\n|upkeep\n|turn|30\n|\n|t:|1733842702\n|move|p1a: Inteleon|Scald|p2a: Tsareena\n|-resisted|p2a: Tsareena\n|-damage|p2a: Tsareena|105/267\n|-status|p2a: Tsareena|brn\n|move|p2a: Tsareena|Power Whip|p1a: Inteleon|[miss]\n|-miss|p2a: Tsareena|p1a: Inteleon\n|\n|-damage|p2a: Tsareena|89/267 brn|[from] brn\n|upkeep\n|turn|31\n|\n|t:|1733842707\n|move|p1a: Inteleon|Scald|p2a: Tsareena\n|-resisted|p2a: Tsareena\n|-damage|p2a: Tsareena|8/267 brn\n|move|p2a: Tsareena|Power Whip|p1a: Inteleon|[miss]\n|-miss|p2a: Tsareena|p1a: Inteleon\n|\n|-damage|p2a: Tsareena|0 fnt|[from] brn\n|faint|p2a: Tsareena\n|upkeep\n|c|\u2606FashiRn|crazy\n|c|\u2606FashiRn|4 straight miss\n|\n|t:|1733842718\n|switch|p2a: Chandelure|Chandelure, L83, F, tera:Ghost|142/235\n|turn|32\n|c|\u2606Guexxr|Yea\n|c|\u2606Guexxr|thazz bs\n|\n|t:|1733842734\n|move|p2a: Chandelure|Energy Ball|p1a: Inteleon\n|-supereffective|p1a: Inteleon\n|-damage|p1a: Inteleon|18/246\n|move|p1a: Inteleon|Scald|p2a: Chandelure\n|-damage|p2a: Chandelure|0 fnt\n|faint|p2a: Chandelure\n|\n|win|Guexxr\n|raw|Guexxr's rating: 1929 &rarr; <strong>1951</strong><br />(+22 for winning)\n|raw|FashiRn's rating: 1961 &rarr; <strong>1939</strong><br />(-22 for losing)\n", "inputlog": ">version bfd83cad13791eb5a5a409923076391caf6fb4d4\n>start {\"formatid\":\"gen9randombattle\",\"seed\":[18371,49279,24828,56740],\"rated\":\"Rated battle\"}\n>player p1 {\"name\":\"Guexxr\",\"avatar\":\"102\",\"rating\":1954,\"seed\":[58496,41410,40723,55248]}\n>player p2 {\"name\":\"FashiRn\",\"avatar\":\"ninjaboy\",\"rating\":1961,\"seed\":[43653,16604,51775,31762]}\n>p1 switch 3\n>p2 move dragonpulse\n>p1 move sludgewave\n>p2 move dragonpulse\n>p1 switch 4\n>p1 move wickedblow\n>p2 move dragonpulse\n>p2 switch 2\n>p1 switch 3\n>p2 move protect\n>p1 move sludgebomb\n>p2 switch 4\n>p1 switch 2\n>p2 move nuzzle\n>p1 switch 2\n>p2 move uturn\n>p2 switch 3\n>p1 move dynamaxcannon\n>p2 move dragondance\n>p2 switch 5\n>p1 move dynamaxcannon\n>p2 move shadowball\n>p1 move recover\n>p2 move shadowball terastallize\n>p1 switch 3\n>p1 move wickedblow\n>p2 switch 4\n>p1 move poisonjab\n>p2 move playrough\n>p1 switch 5\n>p1 move wavecrash\n>p2 move wish\n>p1 switch 2\n>p2 move protect\n>p1 switch 2\n>p2 move playrough\n>p1 move crunch\n>p2 move protect\n>p1 move crunch\n>p2 move wish\n>p1 move crunch\n>p2 move playrough\n>p1 move crunch\n>p2 move playrough\n>p1 switch 6\n>p1 move hydropump terastallize\n>p2 move protect\n>p1 move hydropump\n>p2 move wish\n>p1 move hydropump\n>p2 switch 6\n>p1 switch 2\n>p2 move powerwhip\n>p1 move knockoff\n>p2 switch 3\n>p1 move rest\n>p2 move superfang\n>p2 switch 6\n>p1 switch 2\n>p2 move encore\n>p1 move scald\n>p2 move protect\n>p1 move scald\n>p2 move wish\n>p2 switch 3\n>p1 move scald\n>p2 move powerwhip\n>p1 move scald\n>p2 move powerwhip\n>p1 move scald\n>p2 move powerwhip\n>chat \u2606FashiRn|crazy\n>chat \u2606FashiRn|4 straight miss\n>p2 switch 4\n>chat \u2606Guexxr|Yea\n>chat \u2606Guexxr|thazz bs\n>p1 move scald\n>p2 move energyball", "uploadtime": 1733842747, "views": 1, "formatid": "gen9randombattle", "rating": 1939, "private": 0, "password": null}