{"id": "gen9randombattle-2260816847", "format": "[Gen 9] Random Battle", "players": ["just_4_fun69420", "sawhoneyg"], "log": "|j|\u2606just_4_fun69420\n|j|\u2606sawhoneyg\n|t:|1733897323\n|gametype|singles\n|player|p1|just_4_fun69420|norman|\n|player|p2|sawhoneyg|clair|\n|teamsize|p1|6\n|teamsize|p2|6\n|gen|9\n|tier|[Gen 9] Random Battle\n|rule|Species Clause: Limit one of each Pok\u00e9mon\n|rule|HP Percentage Mod: HP is shown in percentages\n|rule|Sleep Clause Mod: Limit one foe put to sleep\n|rule|Illusion Level Mod: Illusion disguises the Pok\u00e9mon's true level\n|\n|t:|1733897323\n|start\n|switch|p1a: Carbink|Carbink, L90|236/236\n|switch|p2a: Skarmory|Skarmory, L80, F|235/235\n|turn|1\n|\n|t:|1733897334\n|move|p2a: Skarmory|Iron Defense|p2a: Skarmory\n|-boost|p2a: Skarmory|def|2\n|move|p1a: Carbink|Iron Defense|p1a: Carbink\n|-boost|p1a: Carbink|def|2\n|\n|upkeep\n|turn|2\n|\n|t:|1733897344\n|move|p2a: Skarmory|Iron Defense|p2a: Skarmory\n|-boost|p2a: Skarmory|def|2\n|move|p1a: Carbink|Iron Defense|p1a: Carbink\n|-boost|p1a: Carbink|def|2\n|\n|upkeep\n|turn|3\n|\n|t:|1733897350\n|move|p2a: Skarmory|Body Press|p1a: Carbink\n|-damage|p1a: Carbink|195/236\n|move|p1a: Carbink|Iron Defense|p1a: Carbink\n|-boost|p1a: Carbink|def|2\n|\n|upkeep\n|turn|4\n|\n|t:|1733897357\n|-terastallize|p1a: Carbink|Fighting\n|move|p2a: Skarmory|Body Press|p1a: Carbink\n|-damage|p1a: Carbink|160/236\n|move|p1a: Carbink|Body Press|p2a: Skarmory\n|-damage|p2a: Skarmory|100/235\n|\n|-heal|p2a: Skarmory|114/235|[from] item: Leftovers\n|upkeep\n|turn|5\n|\n|t:|1733897368\n|move|p2a: Skarmory|Roost|p2a: Skarmory\n|-heal|p2a: Skarmory|232/235\n|-singleturn|p2a: Skarmory|move: Roost\n|move|p1a: Carbink|Body Press|p2a: Skarmory\n|-supereffective|p2a: Skarmory\n|-damage|p2a: Skarmory|0 fnt\n|faint|p2a: Skarmory\n|\n|upkeep\n|\n|t:|1733897384\n|switch|p2a: Comfey|Comfey, L85, M|225/225\n|turn|6\n|\n|t:|1733897394\n|move|p2a: Comfey|Calm Mind|p2a: Comfey\n|-boost|p2a: Comfey|spa|1\n|-boost|p2a: Comfey|spd|1\n|move|p1a: Carbink|Body Press|p2a: Comfey\n|-resisted|p2a: Comfey\n|-damage|p2a: Comfey|0 fnt\n|faint|p2a: Comfey\n|\n|upkeep\n|\n|t:|1733897407\n|switch|p2a: Ninetales|Ninetales-Alola, L78, M|242/242\n|-weather|Snow|[from] ability: Snow Warning|[of] p2a: Ninetales\n|turn|7\n|\n|t:|1733897418\n|move|p2a: Ninetales|Aurora Veil|p2a: Ninetales\n|-sidestart|p2: sawhoneyg|move: Aurora Veil\n|move|p1a: Carbink|Body Press|p2a: Ninetales\n|-damage|p2a: Ninetales|32/242\n|\n|-weather|Snow|[upkeep]\n|upkeep\n|turn|8\n|\n|t:|1733897427\n|move|p2a: Ninetales|Moonblast|p1a: Carbink\n|-supereffective|p1a: Carbink\n|-damage|p1a: Carbink|58/236\n|move|p1a: Carbink|Body Press|p2a: Ninetales\n|-damage|p2a: Ninetales|0 fnt\n|faint|p2a: Ninetales\n|\n|-weather|Snow|[upkeep]\n|upkeep\n|\n|t:|1733897442\n|switch|p2a: Bastiodon|Bastiodon, L89, F|252/252\n|turn|9\n|\n|t:|1733897450\n|move|p1a: Carbink|Rest|p1a: Carbink\n|-status|p1a: Carbink|slp|[from] move: Rest\n|-heal|p1a: Carbink|236/236 slp|[silent]\n|-enditem|p1a: Carbink|Chesto Berry|[eat]\n|-curestatus|p1a: Carbink|slp|[msg]\n|move|p2a: Bastiodon|Iron Defense|p2a: Bastiodon\n|-boost|p2a: Bastiodon|def|2\n|\n|-weather|Snow|[upkeep]\n|upkeep\n|turn|10\n|\n|t:|1733897461\n|move|p1a: Carbink|Body Press|p2a: Bastiodon\n|-supereffective|p2a: Bastiodon\n|-damage|p2a: Bastiodon|0 fnt\n|faint|p2a: Bastiodon\n|\n|-weather|Snow|[upkeep]\n|upkeep\n|\n|t:|1733897468\n|switch|p2a: Malamar|Malamar, L82, F|275/275\n|turn|11\n|\n|t:|1733897485\n|switch|p2a: Slaking|Slaking, L84, F|389/389\n|move|p1a: Carbink|Body Press|p2a: Slaking\n|-supereffective|p2a: Slaking\n|-damage|p2a: Slaking|0 fnt\n|faint|p2a: Slaking\n|\n|-weather|none\n|upkeep\n|\n|t:|1733897494\n|switch|p2a: Malamar|Malamar, L82, F|275/275\n|turn|12\n|\n|t:|1733897499\n|move|p2a: Malamar|Superpower|p1a: Carbink\n|-crit|p1a: Carbink\n|-damage|p1a: Carbink|162/236\n|-boost|p2a: Malamar|atk|1\n|-boost|p2a: Malamar|def|1\n|move|p1a: Carbink|Body Press|p2a: Malamar\n|-damage|p2a: Malamar|99/275\n|\n|-heal|p2a: Malamar|116/275|[from] item: Leftovers\n|upkeep\n|turn|13\n|\n|t:|1733897511\n|move|p2a: Malamar|Rest|p2a: Malamar\n|-status|p2a: Malamar|slp|[from] move: Rest\n|-heal|p2a: Malamar|275/275 slp|[silent]\n|move|p1a: Carbink|Body Press|p2a: Malamar\n|-damage|p2a: Malamar|78/275 slp\n|\n|-heal|p2a: Malamar|95/275 slp|[from] item: Leftovers\n|upkeep\n|turn|14\n|\n|t:|1733897521\n|cant|p2a: Malamar|slp\n|move|p2a: Malamar|Sleep Talk|p2a: Malamar\n|move|p2a: Malamar|Rest||[from]move: Sleep Talk|[still]\n|-fail|p2a: Malamar\n|move|p1a: Carbink|Body Press|p2a: Malamar\n|-damage|p2a: Malamar|0 fnt\n|faint|p2a: Malamar\n|\n|win|just_4_fun69420\n", "inputlog": ">version bfd83cad13791eb5a5a409923076391caf6fb4d4\n>start {\"formatid\":\"gen9randombattle\",\"seed\":[52414,25696,42648,46776]}\n>player p1 {\"name\":\"just_4_fun69420\",\"avatar\":\"norman\",\"rating\":0,\"seed\":[45188,29875,46093,8839]}\n>player p2 {\"name\":\"sawhoneyg\",\"avatar\":\"clair\",\"rating\":0,\"seed\":[46684,12097,28183,2881]}\n>p1 move irondefense\n>p2 move irondefense\n>p1 move irondefense\n>p2 move irondefense\n>p1 move irondefense\n>p2 move bodypress\n>p1 move bodypress terastallize\n>p2 move bodypress\n>p1 move bodypress\n>p2 move roost\n>p2 switch 2\n>p1 move bodypress\n>p2 move calmmind\n>p2 switch 5\n>p1 move bodypress\n>p2 move auroraveil\n>p1 move bodypress\n>p2 move moonblast\n>p2 switch 4\n>p1 move rest\n>p2 move irondefense\n>p1 move bodypress\n>p2 move irondefense\n>p2 switch 3\n>p1 move bodypress\n>p2 switch 6\n>p2 switch 6\n>p1 move bodypress\n>p2 move superpower\n>p1 move bodypress\n>p2 move rest\n>p1 move bodypress\n>p2 move sleeptalk", "uploadtime": 1733897536, "views": 2, "formatid": "gen9randombattle", "rating": null, "private": 0, "password": null}