{"id": "gen9randombattle-2260317400", "format": "[Gen 9] Random Battle", "players": ["Ailoss", "snekkiee"], "log": "|j|\u2606Ailoss\n|j|\u2606snekkiee\n|t:|1733839174\n|gametype|singles\n|player|p1|Ailoss|265|1321\n|player|p2|snekkiee|harlequin|1309\n|teamsize|p1|6\n|teamsize|p2|6\n|gen|9\n|tier|[Gen 9] Random Battle\n|rated|\n|rule|Species Clause: Limit one of each Pok\u00e9mon\n|rule|HP Percentage Mod: HP is shown in percentages\n|rule|Sleep Clause Mod: Limit one foe put to sleep\n|rule|Illusion Level Mod: Illusion disguises the Pok\u00e9mon's true level\n|\n|t:|1733839174\n|start\n|switch|p1a: Forretress|Forretress, L84, M|263/263\n|switch|p2a: Misdreavus|Misdreavus, L90, M|254/254\n|turn|1\n|inactive|Battle timer is ON: inactive players will automatically lose when time's up. (requested by snekkiee)\n|\n|t:|1733839202\n|move|p2a: Misdreavus|Will-O-Wisp|p1a: Forretress\n|-status|p1a: Forretress|brn\n|move|p1a: Forretress|Toxic Spikes|p2a: Misdreavus\n|-sidestart|p2: snekkiee|move: Toxic Spikes\n|\n|-damage|p1a: Forretress|247/263 brn|[from] brn\n|upkeep\n|turn|2\n|\n|t:|1733839208\n|move|p2a: Misdreavus|Calm Mind|p2a: Misdreavus\n|-boost|p2a: Misdreavus|spa|1\n|-boost|p2a: Misdreavus|spd|1\n|move|p1a: Forretress|Toxic Spikes|p2a: Misdreavus\n|-sidestart|p2: snekkiee|move: Toxic Spikes\n|\n|-heal|p1a: Forretress|263/263 brn|[from] item: Leftovers\n|-damage|p1a: Forretress|247/263 brn|[from] brn\n|upkeep\n|turn|3\n|inactive|snekkiee has 120 seconds left.\n|inactive|snekkiee has 90 seconds left.\n|\n|t:|1733839280\n|move|p2a: Misdreavus|Calm Mind|p2a: Misdreavus\n|-boost|p2a: Misdreavus|spa|1\n|-boost|p2a: Misdreavus|spd|1\n|move|p1a: Forretress|Stealth Rock|p2a: Misdreavus\n|-sidestart|p2: snekkiee|move: Stealth Rock\n|\n|-heal|p1a: Forretress|263/263 brn|[from] item: Leftovers\n|-damage|p1a: Forretress|247/263 brn|[from] brn\n|upkeep\n|turn|4\n|\n|t:|1733839291\n|move|p2a: Misdreavus|Shadow Ball|p1a: Forretress\n|-damage|p1a: Forretress|1/263 brn\n|move|p1a: Forretress|Toxic Spikes||[still]\n|-fail|p1a: Forretress\n|\n|-heal|p1a: Forretress|17/263 brn|[from] item: Leftovers\n|-damage|p1a: Forretress|1/263 brn|[from] brn\n|upkeep\n|turn|5\n|\n|t:|1733839303\n|move|p2a: Misdreavus|Calm Mind|p2a: Misdreavus\n|-boost|p2a: Misdreavus|spa|1\n|-boost|p2a: Misdreavus|spd|1\n|move|p1a: Forretress|Toxic Spikes||[still]\n|-fail|p1a: Forretress\n|\n|-heal|p1a: Forretress|17/263 brn|[from] item: Leftovers\n|-damage|p1a: Forretress|1/263 brn|[from] brn\n|upkeep\n|turn|6\n|inactive|snekkiee has 90 seconds left.\n|\n|t:|1733839309\n|move|p2a: Misdreavus|Shadow Ball|p1a: Forretress\n|-damage|p1a: Forretress|0 fnt\n|faint|p1a: Forretress\n|\n|upkeep\n|c|\u2606snekkiee|gg\n|\n|t:|1733839326\n|switch|p1a: Sawsbuck|Sawsbuck-Winter, L88, F|284/284\n|turn|7\n|\n|t:|1733839340\n|move|p1a: Sawsbuck|Swords Dance|p1a: Sawsbuck\n|-boost|p1a: Sawsbuck|atk|2\n|move|p2a: Misdreavus|Draining Kiss|p1a: Sawsbuck\n|-damage|p1a: Sawsbuck|183/284\n|\n|upkeep\n|turn|8\n|\n|t:|1733839350\n|-terastallize|p2a: Misdreavus|Fairy\n|move|p1a: Sawsbuck|Horn Leech|p2a: Misdreavus\n|-damage|p2a: Misdreavus|46/254\n|-heal|p1a: Sawsbuck|284/284|[from] drain|[of] p2a: Misdreavus\n|-damage|p1a: Sawsbuck|256/284|[from] item: Life Orb\n|move|p2a: Misdreavus|Draining Kiss|p1a: Sawsbuck\n|-damage|p1a: Sawsbuck|84/284\n|-heal|p2a: Misdreavus|175/254|[from] drain|[of] p1a: Sawsbuck\n|\n|upkeep\n|turn|9\n|\n|t:|1733839366\n|switch|p2a: Sableye|Sableye, L89, F|234/234\n|-status|p2a: Sableye|tox\n|-damage|p2a: Sableye|205/234 tox|[from] Stealth Rock\n|move|p1a: Sawsbuck|Horn Leech|p2a: Sableye\n|-damage|p2a: Sableye|0 fnt\n|-heal|p1a: Sawsbuck|187/284|[from] drain|[of] p2a: Sableye\n|faint|p2a: Sableye\n|-damage|p1a: Sawsbuck|159/284|[from] item: Life Orb\n|\n|upkeep\n|\n|t:|1733839370\n|switch|p2a: Victreebel|Victreebel, L90, F|290/290\n|-sideend|p2: snekkiee|move: Toxic Spikes|[of] p2a: Victreebel\n|-damage|p2a: Victreebel|254/290|[from] Stealth Rock\n|turn|10\n|\n|t:|1733839384\n|move|p2a: Victreebel|Sucker Punch|p1a: Sawsbuck\n|-damage|p1a: Sawsbuck|72/284\n|-damage|p2a: Victreebel|225/290|[from] item: Life Orb\n|move|p1a: Sawsbuck|Headbutt|p2a: Victreebel\n|-damage|p2a: Victreebel|0 fnt\n|faint|p2a: Victreebel\n|-damage|p1a: Sawsbuck|44/284|[from] item: Life Orb\n|\n|upkeep\n|\n|t:|1733839392\n|switch|p2a: Copperajah|Copperajah, L86, M|350/350\n|-damage|p2a: Copperajah|329/350|[from] Stealth Rock\n|turn|11\n|\n|t:|1733839398\n|move|p1a: Sawsbuck|Horn Leech|p2a: Copperajah\n|-resisted|p2a: Copperajah\n|-damage|p2a: Copperajah|195/350\n|-heal|p1a: Sawsbuck|111/284|[from] drain|[of] p2a: Copperajah\n|-damage|p1a: Sawsbuck|83/284|[from] item: Life Orb\n|move|p2a: Copperajah|Heat Crash|p1a: Sawsbuck\n|-supereffective|p1a: Sawsbuck\n|-crit|p1a: Sawsbuck\n|-damage|p1a: Sawsbuck|0 fnt\n|faint|p1a: Sawsbuck\n|\n|upkeep\n|\n|t:|1733839402\n|switch|p1a: Swampert|Swampert, L83, F|302/302\n|turn|12\n|\n|t:|1733839413\n|switch|p2a: Moltres|Moltres, L81|278/278\n|move|p1a: Swampert|Earthquake|p2a: Moltres\n|-immune|p2a: Moltres\n|\n|upkeep\n|turn|13\n|\n|t:|1733839418\n|move|p2a: Moltres|U-turn|p1a: Swampert\n|-damage|p1a: Swampert|257/302\n|\n|t:|1733839420\n|switch|p2a: Misdreavus|Misdreavus, L90, M, tera:Fairy|175/254|[from] U-turn\n|-damage|p2a: Misdreavus|144/254|[from] Stealth Rock\n|move|p1a: Swampert|Flip Turn|p2a: Misdreavus\n|-damage|p2a: Misdreavus|89/254\n|\n|t:|1733839429\n|switch|p1a: Spiritomb|Spiritomb, L89, M|234/234|[from] Flip Turn\n|\n|upkeep\n|turn|14\n|l|\u2606snekkiee\n|inactive|snekkiee disconnected and has a minute to reconnect!\n|player|p2|\n|inactive|snekkiee has 30 seconds to reconnect!\n|inactive|snekkiee has 20 seconds to reconnect!\n|inactive|snekkiee has 15 seconds to reconnect!\n|inactive|snekkiee has 10 seconds to reconnect!\n|inactive|snekkiee has 5 seconds to reconnect!\n|-message|snekkiee lost due to inactivity.\n|\n|win|Ailoss\n|raw|Ailoss's rating: 1321 &rarr; <strong>1340</strong><br />(+19 for winning)\n|raw|snekkiee's rating: 1309 &rarr; <strong>1290</strong><br />(-19 for losing)\n", "inputlog": ">version bfd83cad13791eb5a5a409923076391caf6fb4d4\n>start {\"formatid\":\"gen9randombattle\",\"seed\":[53448,53820,5459,29569],\"rated\":\"Rated battle\"}\n>player p1 {\"name\":\"Ailoss\",\"avatar\":\"265\",\"rating\":1321,\"seed\":[61715,26276,61687,16227]}\n>player p2 {\"name\":\"snekkiee\",\"avatar\":\"harlequin\",\"rating\":1309,\"seed\":[18679,54204,21414,28908]}\n>p1 move toxicspikes\n>p2 move willowisp\n>p1 move toxicspikes\n>p2 move calmmind\n>p1 move stealthrock\n>p2 move calmmind\n>p1 move toxicspikes\n>p2 move shadowball\n>p1 move toxicspikes\n>p2 move calmmind\n>p1 move ironhead\n>p2 move shadowball\n>chat \u2606snekkiee|gg\n>p1 switch 4\n>p1 move swordsdance\n>p2 move drainingkiss\n>p1 move hornleech\n>p2 move drainingkiss terastallize\n>p1 move hornleech\n>p2 switch 5\n>p2 switch 2\n>p1 move headbutt\n>p2 move suckerpunch\n>p2 switch 4\n>p1 move hornleech\n>p2 move heatcrash\n>p1 switch 5\n>p1 move earthquake\n>p2 switch 6\n>p1 move flipturn\n>p2 move uturn\n>p2 switch 5\n>p1 switch 6\n>forcelose p2", "uploadtime": 1733839490, "views": 1, "formatid": "gen9randombattle", "rating": 1290, "private": 0, "password": null}