{"id": "gen9randombattle-2150766562", "format": "[Gen 9] Random Battle", "players": ["nocomment3", "Iceman8911"], "log": "|badge|p2|silver|gen9randombattle|30-1\n|html|<div class=\"broadcast-red\"><strong>This battle is required to be public due to one or more player having a season medal.</strong><br />During the public phase, you can discuss the state of the ladder <a href=\"/seasondiscussion\">in a special chatroom.</a></div>\n|uhtml|medal-msg|<div class=\"broadcast-blue\">Curious what those medals under the avatar are? PS now has Ladder Seasons! For more information, check out the <a href=\"https://www.smogon.com/forums/threads/3740067/\">thread on Smogon.</a></div>\n|j|\u2606nocomment3\n|j|\u2606Iceman8911\n|t:|1719456774\n|gametype|singles\n|player|p1|nocomment3|101|2255\n|player|p2|Iceman8911|lysandre-masters|2399\n|teamsize|p1|6\n|teamsize|p2|6\n|gen|9\n|tier|[Gen 9] Random Battle\n|rated|\n|rule|Species Clause: Limit one of each Pok\u00e9mon\n|rule|HP Percentage Mod: HP is shown in percentages\n|rule|Sleep Clause Mod: Limit one foe put to sleep\n|rule|Illusion Level Mod: Illusion disguises the Pok\u00e9mon's true level\n|\n|t:|1719456774\n|start\n|switch|p1a: Illumise|Illumise, L91, F|266/266\n|switch|p2a: Fezandipiti|Fezandipiti, L82, M|278/278\n|turn|1\n|l|\u2606nocomment3\n|player|p1|\n|j|\u2606nocomment3\n|player|p1|nocomment3|101|\n|\n|t:|1719456790\n|switch|p2a: Mamoswine|Mamoswine, L81, F|311/311\n|move|p1a: Illumise|Thunder Wave|p2a: Mamoswine\n|-immune|p2a: Mamoswine\n|\n|upkeep\n|turn|2\n|inactive|Battle timer is ON: inactive players will automatically lose when time's up. (requested by Iceman8911)\n|\n|t:|1719456795\n|move|p1a: Illumise|Bug Buzz|p2a: Mamoswine\n|-damage|p2a: Mamoswine|193/311\n|move|p2a: Mamoswine|Icicle Crash|p1a: Illumise\n|-damage|p1a: Illumise|98/266\n|\n|upkeep\n|turn|3\n|\n|t:|1719456802\n|move|p1a: Illumise|Roost|p1a: Illumise\n|-heal|p1a: Illumise|231/266\n|-singleturn|p1a: Illumise|move: Roost\n|move|p2a: Mamoswine|Icicle Crash|p1a: Illumise\n|-damage|p1a: Illumise|56/266\n|\n|upkeep\n|turn|4\n|\n|t:|1719456820\n|switch|p1a: Samurott|Samurott, L88, F|310/310\n|move|p2a: Mamoswine|Icicle Crash|p1a: Samurott\n|-resisted|p1a: Samurott\n|-damage|p1a: Samurott|238/310\n|\n|upkeep\n|turn|5\n|l|\u2606nocomment3\n|inactive|nocomment3 disconnected and has a minute to reconnect!\n|player|p1|\n|j|\u2606nocomment3\n|inactive|nocomment3 reconnected.\n|player|p1|nocomment3|101|\n|\n|t:|1719456845\n|switch|p2a: Sceptile|Sceptile, L87, F|264/264\n|move|p1a: Samurott|Swords Dance|p1a: Samurott\n|-boost|p1a: Samurott|atk|2\n|\n|upkeep\n|turn|6\n|\n|t:|1719456854\n|switch|p1a: Muk|Muk-Alola, L82, M|306/306\n|move|p2a: Sceptile|Leaf Blade|p1a: Muk\n|-resisted|p1a: Muk\n|-damage|p1a: Muk|240/306\n|-damage|p2a: Sceptile|238/264|[from] item: Life Orb\n|\n|upkeep\n|turn|7\n|\n|t:|1719456875\n|switch|p2a: Mamoswine|Mamoswine, L81, F|193/311\n|move|p1a: Muk|Knock Off|p2a: Mamoswine\n|-damage|p2a: Mamoswine|78/311\n|-enditem|p2a: Mamoswine|Choice Band|[from] move: Knock Off|[of] p1a: Muk\n|\n|upkeep\n|turn|8\n|\n|t:|1719456881\n|switch|p1a: Leavanny|Leavanny, L87, M|272/272\n|move|p2a: Mamoswine|Earthquake|p1a: Leavanny\n|-resisted|p1a: Leavanny\n|-damage|p1a: Leavanny|242/272\n|\n|upkeep\n|turn|9\n|\n|t:|1719456891\n|move|p1a: Leavanny|Sticky Web|p2a: Mamoswine\n|-sidestart|p2: Iceman8911|move: Sticky Web\n|move|p2a: Mamoswine|Icicle Crash|p1a: Leavanny\n|-supereffective|p1a: Leavanny\n|-damage|p1a: Leavanny|2/272\n|\n|upkeep\n|turn|10\n|\n|t:|1719456896\n|switch|p1a: Muk|Muk-Alola, L82, M|240/306\n|move|p2a: Mamoswine|Ice Shard|p1a: Muk\n|-damage|p1a: Muk|182/306\n|\n|upkeep\n|turn|11\n|\n|t:|1719456906\n|switch|p1a: Leavanny|Leavanny, L87, M|2/272\n|move|p2a: Mamoswine|Earthquake|p1a: Leavanny\n|-resisted|p1a: Leavanny\n|-damage|p1a: Leavanny|0 fnt\n|faint|p1a: Leavanny\n|\n|upkeep\n|\n|t:|1719456909\n|switch|p1a: Samurott|Samurott, L88, F|238/310\n|turn|12\n|\n|t:|1719456924\n|move|p2a: Mamoswine|Earthquake|p1a: Samurott\n|-damage|p1a: Samurott|123/310\n|move|p1a: Samurott|Swords Dance|p1a: Samurott\n|-boost|p1a: Samurott|atk|2\n|\n|upkeep\n|turn|13\n|\n|t:|1719456930\n|move|p1a: Samurott|Aqua Jet|p2a: Mamoswine\n|-supereffective|p2a: Mamoswine\n|-damage|p2a: Mamoswine|0 fnt\n|faint|p2a: Mamoswine\n|-damage|p1a: Samurott|92/310|[from] item: Life Orb\n|\n|upkeep\n|\n|t:|1719456938\n|switch|p2a: Sceptile|Sceptile, L87, F|238/264\n|-activate|p2a: Sceptile|move: Sticky Web\n|-unboost|p2a: Sceptile|spe|1\n|turn|14\n|\n|t:|1719456944\n|move|p1a: Samurott|Sacred Sword|p2a: Sceptile\n|-damage|p2a: Sceptile|33/264\n|-damage|p1a: Samurott|61/310|[from] item: Life Orb\n|move|p2a: Sceptile|Earthquake|p1a: Samurott\n|-damage|p1a: Samurott|0 fnt\n|faint|p1a: Samurott\n|-damage|p2a: Sceptile|7/264|[from] item: Life Orb\n|\n|upkeep\n|\n|t:|1719456950\n|switch|p1a: Muk|Muk-Alola, L82, M|182/306\n|turn|15\n|\n|t:|1719456961\n|switch|p2a: Fezandipiti|Fezandipiti, L82, M|278/278\n|-activate|p2a: Fezandipiti|move: Sticky Web\n|-unboost|p2a: Fezandipiti|spe|1\n|move|p1a: Muk|Shadow Sneak|p2a: Fezandipiti\n|-damage|p2a: Fezandipiti|247/278\n|\n|-heal|p2a: Fezandipiti|264/278|[from] item: Leftovers\n|upkeep\n|turn|16\n|\n|t:|1719456969\n|move|p2a: Fezandipiti|Play Rough|p1a: Muk\n|-damage|p1a: Muk|85/306\n|move|p1a: Muk|Knock Off|p2a: Fezandipiti\n|-resisted|p2a: Fezandipiti\n|-damage|p2a: Fezandipiti|211/278\n|-enditem|p2a: Fezandipiti|Leftovers|[from] move: Knock Off|[of] p1a: Muk\n|\n|upkeep\n|turn|17\n|\n|t:|1719456974\n|switch|p1a: Camerupt|Camerupt, L91, M|275/275\n|move|p2a: Fezandipiti|Play Rough|p1a: Camerupt\n|-resisted|p1a: Camerupt\n|-damage|p1a: Camerupt|226/275\n|\n|-heal|p1a: Camerupt|243/275|[from] item: Leftovers\n|upkeep\n|turn|18\n|\n|t:|1719456984\n|switch|p2a: Sceptile|Sceptile, L87, F|7/264\n|-activate|p2a: Sceptile|move: Sticky Web\n|-unboost|p2a: Sceptile|spe|1\n|move|p1a: Camerupt|Stealth Rock|p2a: Sceptile\n|-sidestart|p2: Iceman8911|move: Stealth Rock\n|\n|-heal|p1a: Camerupt|260/275|[from] item: Leftovers\n|upkeep\n|turn|19\n|\n|t:|1719456992\n|switch|p1a: Glaceon|Glaceon, L94, M|275/275\n|move|p2a: Sceptile|Leaf Blade|p1a: Glaceon\n|-damage|p1a: Glaceon|139/275\n|-damage|p2a: Sceptile|0 fnt|[from] item: Life Orb\n|faint|p2a: Sceptile\n|\n|upkeep\n|\n|t:|1719457002\n|switch|p2a: Glimmora|Glimmora, L76, F|251/251\n|-activate|p2a: Glimmora|move: Sticky Web\n|-unboost|p2a: Glimmora|spe|1\n|-damage|p2a: Glimmora|220/251|[from] Stealth Rock\n|turn|20\n|\n|t:|1719457011\n|-terastallize|p1a: Glaceon|Water\n|move|p1a: Glaceon|Calm Mind|p1a: Glaceon\n|-boost|p1a: Glaceon|spa|1\n|-boost|p1a: Glaceon|spd|1\n|move|p2a: Glimmora|Meteor Beam||[still]\n|-prepare|p2a: Glimmora|Meteor Beam\n|-boost|p2a: Glimmora|spa|1\n|-enditem|p2a: Glimmora|Power Herb\n|-anim|p2a: Glimmora|Meteor Beam|p1a: Glaceon\n|-damage|p1a: Glaceon|33/275\n|\n|upkeep\n|turn|21\n|\n|t:|1719457027\n|move|p1a: Glaceon|Freeze-Dry|p2a: Glimmora\n|-damage|p2a: Glimmora|24/251\n|move|p2a: Glimmora|Earth Power|p1a: Glaceon\n|-damage|p1a: Glaceon|0 fnt\n|faint|p1a: Glaceon\n|\n|upkeep\n|\n|t:|1719457038\n|switch|p1a: Camerupt|Camerupt, L91, M|260/275\n|turn|22\n|\n|t:|1719457049\n|move|p1a: Camerupt|Overheat|p2a: Glimmora\n|-resisted|p2a: Glimmora\n|-damage|p2a: Glimmora|0 fnt\n|-unboost|p1a: Camerupt|spa|2\n|faint|p2a: Glimmora\n|\n|-heal|p1a: Camerupt|275/275|[from] item: Leftovers\n|upkeep\n|\n|t:|1719457063\n|switch|p2a: Fezandipiti|Fezandipiti, L82, M|211/278\n|-activate|p2a: Fezandipiti|move: Sticky Web\n|-unboost|p2a: Fezandipiti|spe|1\n|-damage|p2a: Fezandipiti|177/278|[from] Stealth Rock\n|turn|23\n|\n|t:|1719457071\n|-terastallize|p2a: Fezandipiti|Ground\n|move|p2a: Fezandipiti|Swords Dance|p2a: Fezandipiti\n|-boost|p2a: Fezandipiti|atk|2\n|move|p1a: Camerupt|Earthquake|p2a: Fezandipiti\n|-damage|p2a: Fezandipiti|29/278\n|\n|upkeep\n|turn|24\n|\n|t:|1719457083\n|switch|p1a: Muk|Muk-Alola, L82, M|85/306\n|move|p2a: Fezandipiti|Tera Blast|p1a: Muk|[anim] Tera Blast Ground\n|-supereffective|p1a: Muk\n|-damage|p1a: Muk|0 fnt\n|faint|p1a: Muk\n|\n|upkeep\n|\n|t:|1719457087\n|switch|p1a: Illumise|Illumise, L91, F|56/266\n|turn|25\n|\n|t:|1719457093\n|move|p1a: Illumise|Bug Buzz|p2a: Fezandipiti\n|-damage|p2a: Fezandipiti|0 fnt\n|faint|p2a: Fezandipiti\n|\n|upkeep\n|\n|t:|1719457097\n|switch|p2a: Kingambit|Kingambit, L74, M|270/270\n|-activate|p2a: Kingambit|move: Sticky Web\n|-unboost|p2a: Kingambit|spe|1\n|-damage|p2a: Kingambit|254/270|[from] Stealth Rock\n|-activate|p2a: Kingambit|ability: Supreme Overlord\n|-start|p2a: Kingambit|fallen4|[silent]\n|turn|26\n|\n|t:|1719457103\n|switch|p1a: Camerupt|Camerupt, L91, M|275/275\n|move|p2a: Kingambit|Kowtow Cleave|p1a: Camerupt\n|-damage|p1a: Camerupt|146/275\n|\n|-heal|p1a: Camerupt|163/275|[from] item: Leftovers\n|-heal|p2a: Kingambit|270/270|[from] item: Leftovers\n|upkeep\n|turn|27\n|\n|t:|1719457110\n|move|p1a: Camerupt|Earthquake|p2a: Kingambit\n|-supereffective|p2a: Kingambit\n|-damage|p2a: Kingambit|40/270\n|move|p2a: Kingambit|Kowtow Cleave|p1a: Camerupt\n|-damage|p1a: Camerupt|16/275\n|\n|-heal|p1a: Camerupt|33/275|[from] item: Leftovers\n|-heal|p2a: Kingambit|56/270|[from] item: Leftovers\n|upkeep\n|turn|28\n|\n|t:|1719457115\n|move|p2a: Kingambit|Sucker Punch||[still]\n|-fail|p2a: Kingambit\n|move|p1a: Camerupt|Will-O-Wisp|p2a: Kingambit\n|-status|p2a: Kingambit|brn\n|\n|-heal|p1a: Camerupt|50/275|[from] item: Leftovers\n|-heal|p2a: Kingambit|72/270 brn|[from] item: Leftovers\n|-damage|p2a: Kingambit|56/270 brn|[from] brn\n|upkeep\n|turn|29\n|\n|t:|1719457120\n|move|p1a: Camerupt|Earthquake|p2a: Kingambit\n|-supereffective|p2a: Kingambit\n|-damage|p2a: Kingambit|0 fnt\n|faint|p2a: Kingambit\n|-end|p2a: Kingambit|fallen4|[silent]\n|\n|-heal|p1a: Camerupt|67/275|[from] item: Leftovers\n|upkeep\n|\n|t:|1719457122\n|switch|p2a: Necrozma|Necrozma-Dawn-Wings, L76|272/272\n|-activate|p2a: Necrozma|move: Sticky Web\n|-unboost|p2a: Necrozma|spe|1\n|-damage|p2a: Necrozma|238/272|[from] Stealth Rock\n|turn|30\n|\n|t:|1719457133\n|move|p1a: Camerupt|Earthquake|p2a: Necrozma\n|-damage|p2a: Necrozma|121/272\n|move|p2a: Necrozma|Dragon Dance|p2a: Necrozma\n|-boost|p2a: Necrozma|atk|1\n|-boost|p2a: Necrozma|spe|1\n|\n|-heal|p1a: Camerupt|84/275|[from] item: Leftovers\n|upkeep\n|turn|31\n|\n|t:|1719457138\n|move|p2a: Necrozma|Moongeist Beam|p1a: Camerupt\n|-damage|p1a: Camerupt|0 fnt\n|faint|p1a: Camerupt\n|-damage|p2a: Necrozma|94/272|[from] item: Life Orb\n|\n|upkeep\n|\n|t:|1719457144\n|switch|p1a: Illumise|Illumise, L91, F|56/266\n|turn|32\n|\n|t:|1719457146\n|move|p1a: Illumise|Bug Buzz|p2a: Necrozma\n|-damage|p2a: Necrozma|24/272\n|move|p2a: Necrozma|Photon Geyser|p1a: Illumise\n|-damage|p1a: Illumise|0 fnt\n|faint|p1a: Illumise\n|-damage|p2a: Necrozma|0 fnt|[from] item: Life Orb\n|faint|p2a: Necrozma\n|\n|win|Iceman8911\n|raw|nocomment3's rating: 2255 &rarr; <strong>2243</strong><br />(-12 for losing)\n|raw|Iceman8911's rating: 2399 &rarr; <strong>2411</strong><br />(+12 for winning)\n|l|\u2606nocomment3\n|player|p1|\n", "inputlog": ">version 021bb6b4147d783a3aa9da22896c4e1e173f1b61\n>start {\"formatid\":\"gen9randombattle\",\"seed\":[50573,14555,33763,57431],\"rated\":\"Rated battle\"}\n>player p1 {\"name\":\"nocomment3\",\"avatar\":\"101\",\"rating\":2255,\"seed\":[56723,38835,29076,25440]}\n>player p2 {\"name\":\"Iceman8911\",\"avatar\":\"lysandre-masters\",\"rating\":2399,\"seed\":[25027,29254,47855,31251]}\n>p1 move thunderwave\n>p2 switch 6\n>p1 move bugbuzz\n>p2 move iciclecrash\n>p1 move roost\n>p2 move iciclecrash\n>p1 switch 3\n>p2 move iciclecrash\n>p1 move swordsdance\n>p2 switch 3\n>p1 switch 5\n>p2 move leafblade\n>p1 move knockoff\n>p2 switch 3\n>p1 switch 6\n>p2 move earthquake\n>p1 move stickyweb\n>p2 move iciclecrash\n>p1 switch 6\n>p2 move iceshard\n>p1 switch 6\n>p2 move earthquake\n>p1 switch 5\n>p1 move swordsdance\n>p2 move earthquake\n>p1 move aquajet\n>p2 move earthquake\n>p2 switch 3\n>p1 move sacredsword\n>p2 move earthquake\n>p1 switch 6\n>p1 move shadowsneak\n>p2 switch 6\n>p1 move knockoff\n>p2 move playrough\n>p1 switch 2\n>p2 move playrough\n>p1 move stealthrock\n>p2 switch 6\n>p1 switch 4\n>p2 move leafblade\n>p2 switch 5\n>p1 move calmmind terastallize\n>p2 move meteorbeam\n>p1 move freezedry\n>p2 move earthpower\n>p1 switch 4\n>p1 move overheat\n>p2 move earthpower\n>p2 switch 6\n>p1 move earthquake\n>p2 move swordsdance terastallize\n>p1 switch 2\n>p2 move terablast\n>p1 switch 3\n>p1 move bugbuzz\n>p2 move terablast\n>p2 switch 4\n>p1 switch 2\n>p2 move kowtowcleave\n>p1 move earthquake\n>p2 move kowtowcleave\n>p1 move willowisp\n>p2 move suckerpunch\n>p1 move earthquake\n>p2 move kowtowcleave\n>p2 switch 2\n>p1 move earthquake\n>p2 move dragondance\n>p1 move earthquake\n>p2 move moongeistbeam\n>p1 switch 2\n>p1 move bugbuzz\n>p2 move photongeyser", "uploadtime": 1719457161, "views": 179, "formatid": "gen9randombattle", "rating": 2243, "private": 0, "password": null}