{"id": "gen9randombattle-2158251724", "format": "[Gen 9] Random Battle", "players": ["Emily in Paris", "LizarDune"], "log": "|badge|p1|bronze|gen9randombattle|100-2\n|uhtml|medal-msg|<div class=\"broadcast-blue\">Curious what those medals under the avatar are? PS now has Ladder Seasons! For more information, check out the <a href=\"https://www.smogon.com/forums/threads/3740067/\">thread on Smogon.</a></div>\n|badge|p2|silver|gen9randombattle|30-2\n|uhtml|medal-msg|<div class=\"broadcast-blue\">Curious what those medals under the avatar are? PS now has Ladder Seasons! For more information, check out the <a href=\"https://www.smogon.com/forums/threads/3740067/\">thread on Smogon.</a></div>\n|j|\u2606Emily in Paris\n|j|\u2606LizarDune\n|t:|1720583136\n|gametype|singles\n|player|p1|Emily in Paris|sightseerf|2383\n|player|p2|LizarDune|musician|2390\n|teamsize|p1|6\n|teamsize|p2|6\n|gen|9\n|tier|[Gen 9] Random Battle\n|rated|\n|rule|Species Clause: Limit one of each Pok\u00e9mon\n|rule|HP Percentage Mod: HP is shown in percentages\n|rule|Sleep Clause Mod: Limit one foe put to sleep\n|rule|Illusion Level Mod: Illusion disguises the Pok\u00e9mon's true level\n|\n|t:|1720583136\n|start\n|switch|p1a: Palossand|Palossand, L89, F|296/296\n|switch|p2a: Golurk|Golurk, L87|297/297\n|turn|1\n|inactive|Battle timer is ON: inactive players will automatically lose when time's up. (requested by LizarDune)\n|\n|t:|1720583159\n|switch|p1a: Samurott|Samurott-Hisui, L77, F|265/265\n|move|p2a: Golurk|Stealth Rock|p1a: Samurott\n|-sidestart|p1: Emily in Paris|move: Stealth Rock\n|\n|upkeep\n|turn|2\n|j| crumblcoochie\n|inactive|LizarDune has 120 seconds left.\n|\n|t:|1720583199\n|switch|p2a: Ludicolo|Ludicolo, L90, F|290/290\n|move|p1a: Samurott|Ceaseless Edge|p2a: Ludicolo\n|-crit|p2a: Ludicolo\n|-damage|p2a: Ludicolo|99/290\n|-sidestart|p2: LizarDune|Spikes\n|-damage|p1a: Samurott|239/265|[from] item: Life Orb\n|\n|upkeep\n|turn|3\n|\n|t:|1720583212\n|move|p1a: Samurott|Sucker Punch|p2a: Ludicolo\n|-damage|p2a: Ludicolo|0 fnt\n|faint|p2a: Ludicolo\n|-damage|p1a: Samurott|213/265|[from] item: Life Orb\n|\n|upkeep\n|\n|t:|1720583231\n|switch|p2a: Koraidon|Koraidon, L64|235/235\n|-damage|p2a: Koraidon|206/235|[from] Spikes\n|-weather|SunnyDay|[from] ability: Orichalcum Pulse|[of] p2a: Koraidon\n|-activate|p2a: Koraidon|Orichalcum Pulse|[source]\n|turn|4\n|inactive|LizarDune has 90 seconds left.\n|inactive|Emily in Paris has 120 seconds left.\n|\n|t:|1720583266\n|switch|p1a: Ariados|Ariados, L95, M|287/287\n|move|p2a: Koraidon|U-turn|p1a: Ariados\n|-resisted|p1a: Ariados\n|-damage|p1a: Ariados|245/287\n|inactive|LizarDune has 90 seconds left.\n|\n|t:|1720583286\n|switch|p2a: Victreebel|Victreebel, L90, F|290/290|[from] U-turn\n|-damage|p2a: Victreebel|254/290|[from] Spikes\n|\n|-weather|SunnyDay|[upkeep]\n|upkeep\n|turn|5\n|inactive|Emily in Paris has 120 seconds left.\n|\n|t:|1720583322\n|switch|p1a: Deoxys|Deoxys-Defense, L86|226/226\n|-damage|p1a: Deoxys|198/226|[from] Stealth Rock\n|-ability|p1a: Deoxys|Pressure\n|move|p2a: Victreebel|Weather Ball|p1a: Deoxys\n|-damage|p1a: Deoxys|102/226\n|-damage|p2a: Victreebel|225/290|[from] item: Life Orb\n|\n|-weather|SunnyDay|[upkeep]\n|-heal|p1a: Deoxys|116/226|[from] item: Leftovers\n|upkeep\n|turn|6\n|\n|t:|1720583339\n|switch|p1a: Ariados|Ariados, L95, M|245/287\n|move|p2a: Victreebel|Power Whip|p1a: Ariados\n|-resisted|p1a: Ariados\n|-damage|p1a: Ariados|196/287\n|-damage|p2a: Victreebel|196/290|[from] item: Life Orb\n|\n|-weather|SunnyDay|[upkeep]\n|upkeep\n|turn|7\n|inactive|Emily in Paris has 90 seconds left.\n|\n|t:|1720583370\n|switch|p1a: Samurott|Samurott-Hisui, L77, F|213/265\n|-damage|p1a: Samurott|180/265|[from] Stealth Rock\n|move|p2a: Victreebel|Weather Ball|p1a: Samurott\n|-resisted|p1a: Samurott\n|-damage|p1a: Samurott|67/265\n|-damage|p2a: Victreebel|167/290|[from] item: Life Orb\n|\n|-weather|SunnyDay|[upkeep]\n|upkeep\n|turn|8\n|\n|t:|1720583378\n|move|p1a: Samurott|Sucker Punch|p2a: Victreebel\n|-crit|p2a: Victreebel\n|-damage|p2a: Victreebel|23/290\n|-damage|p1a: Samurott|41/265|[from] item: Life Orb\n|move|p2a: Victreebel|Weather Ball|p1a: Samurott\n|-resisted|p1a: Samurott\n|-damage|p1a: Samurott|0 fnt\n|faint|p1a: Samurott\n|-damage|p2a: Victreebel|0 fnt|[from] item: Life Orb\n|faint|p2a: Victreebel\n|\n|-weather|none\n|upkeep\n|inactive|Emily in Paris has 90 seconds left.\n|inactive|LizarDune has 90 seconds left.\n|\n|t:|1720583400\n|switch|p2a: Golurk|Golurk, L87|297/297\n|switch|p1a: Zarude|Zarude, L78|292/292\n|-damage|p1a: Zarude|256/292|[from] Stealth Rock\n|-damage|p2a: Golurk|260/297|[from] Spikes\n|turn|9\n|\n|t:|1720583417\n|move|p1a: Zarude|Knock Off|p2a: Golurk\n|-supereffective|p2a: Golurk\n|-damage|p2a: Golurk|44/297\n|-enditem|p2a: Golurk|Life Orb|[from] move: Knock Off|[of] p1a: Zarude\n|move|p2a: Golurk|Poltergeist|p1a: Zarude\n|-activate|p1a: Zarude|move: Poltergeist|Leftovers\n|-resisted|p1a: Zarude\n|-damage|p1a: Zarude|181/292\n|\n|-heal|p1a: Zarude|199/292|[from] item: Leftovers\n|upkeep\n|turn|10\n|inactive|Emily in Paris has 90 seconds left.\n|\n|t:|1720583425\n|move|p1a: Zarude|Knock Off|p2a: Golurk\n|-supereffective|p2a: Golurk\n|-damage|p2a: Golurk|0 fnt\n|faint|p2a: Golurk\n|\n|-heal|p1a: Zarude|217/292|[from] item: Leftovers\n|upkeep\n|j| think neuro\n|\n|t:|1720583434\n|switch|p2a: Koraidon|Koraidon, L64|206/235\n|-damage|p2a: Koraidon|177/235|[from] Spikes\n|-weather|SunnyDay|[from] ability: Orichalcum Pulse|[of] p2a: Koraidon\n|-activate|p2a: Koraidon|Orichalcum Pulse|[source]\n|turn|11\n|\n|t:|1720583437\n|move|p2a: Koraidon|U-turn|p1a: Zarude\n|-supereffective|p1a: Zarude\n|-damage|p1a: Zarude|0 fnt\n|faint|p1a: Zarude\n|\n|t:|1720583442\n|switch|p2a: Iron Boulder|Iron Boulder, L77|265/265|[from] U-turn\n|-damage|p2a: Iron Boulder|232/265|[from] Spikes\n|\n|-weather|SunnyDay|[upkeep]\n|upkeep\n|\n|t:|1720583449\n|switch|p1a: Palossand|Palossand, L89, F|296/296\n|-damage|p1a: Palossand|278/296|[from] Stealth Rock\n|turn|12\n|inactive|LizarDune has 90 seconds left.\n|\n|t:|1720583476\n|-end|p2a: Iron Boulder|Quark Drive|[silent]\n|switch|p2a: Koraidon|Koraidon, L64|177/235\n|-damage|p2a: Koraidon|148/235|[from] Spikes\n|-activate|p2a: Koraidon|ability: Orichalcum Pulse\n|move|p1a: Palossand|Earth Power|p2a: Koraidon\n|-damage|p2a: Koraidon|9/235\n|\n|-weather|SunnyDay|[upkeep]\n|-heal|p1a: Palossand|296/296|[from] item: Leftovers\n|upkeep\n|turn|13\n|\n|t:|1720583484\n|move|p2a: Koraidon|Outrage|p1a: Palossand\n|-damage|p1a: Palossand|148/296\n|move|p1a: Palossand|Shore Up|p1a: Palossand\n|-heal|p1a: Palossand|296/296\n|\n|-weather|SunnyDay|[upkeep]\n|upkeep\n|turn|14\n|\n|t:|1720583490\n|move|p2a: Koraidon|Outrage|p1a: Palossand|[from]lockedmove\n|-damage|p1a: Palossand|145/296\n|-start|p2a: Koraidon|confusion|[fatigue]\n|move|p1a: Palossand|Shore Up|p1a: Palossand\n|-heal|p1a: Palossand|293/296\n|\n|-weather|SunnyDay|[upkeep]\n|-heal|p1a: Palossand|296/296|[from] item: Leftovers\n|upkeep\n|turn|15\n|\n|t:|1720583494\n|-activate|p2a: Koraidon|confusion\n|move|p2a: Koraidon|Outrage|p1a: Palossand\n|-damage|p1a: Palossand|146/296\n|move|p1a: Palossand|Stealth Rock|p2a: Koraidon\n|-sidestart|p2: LizarDune|move: Stealth Rock\n|\n|-weather|none\n|-heal|p1a: Palossand|164/296|[from] item: Leftovers\n|upkeep\n|turn|16\n|\n|t:|1720583497\n|-end|p2a: Koraidon|confusion\n|move|p2a: Koraidon|Outrage|p1a: Palossand|[from]lockedmove\n|-damage|p1a: Palossand|47/296\n|-start|p2a: Koraidon|confusion|[fatigue]\n|move|p1a: Palossand|Shore Up|p1a: Palossand\n|-heal|p1a: Palossand|195/296\n|\n|-heal|p1a: Palossand|213/296|[from] item: Leftovers\n|upkeep\n|turn|17\n|\n|t:|1720583503\n|-activate|p2a: Koraidon|confusion\n|move|p2a: Koraidon|Outrage|p1a: Palossand\n|-damage|p1a: Palossand|90/296\n|move|p1a: Palossand|Shore Up|p1a: Palossand\n|-heal|p1a: Palossand|238/296\n|\n|-heal|p1a: Palossand|256/296|[from] item: Leftovers\n|upkeep\n|turn|18\n|\n|t:|1720583506\n|-end|p2a: Koraidon|confusion\n|move|p2a: Koraidon|Outrage|p1a: Palossand|[from]lockedmove\n|-damage|p1a: Palossand|139/296\n|-start|p2a: Koraidon|confusion|[fatigue]\n|move|p1a: Palossand|Shore Up|p1a: Palossand\n|-heal|p1a: Palossand|287/296\n|\n|-heal|p1a: Palossand|296/296|[from] item: Leftovers\n|upkeep\n|turn|19\n|\n|t:|1720583522\n|-activate|p2a: Koraidon|confusion\n|-damage|p2a: Koraidon|0 fnt|[from] confusion\n|faint|p2a: Koraidon\n|move|p1a: Palossand|Shore Up|p1a: Palossand\n|-fail|p1a: Palossand|heal\n|\n|upkeep\n|\n|t:|1720583528\n|switch|p2a: Iron Boulder|Iron Boulder, L77|232/265\n|-damage|p2a: Iron Boulder|199/265|[from] Spikes\n|-damage|p2a: Iron Boulder|166/265|[from] Stealth Rock\n|turn|20\n|\n|t:|1720583540\n|move|p2a: Iron Boulder|Zen Headbutt|p1a: Palossand\n|-damage|p1a: Palossand|210/296\n|-damage|p2a: Iron Boulder|140/265|[from] item: Life Orb\n|move|p1a: Palossand|Earth Power|p2a: Iron Boulder\n|-supereffective|p2a: Iron Boulder\n|-damage|p2a: Iron Boulder|0 fnt\n|faint|p2a: Iron Boulder\n|-end|p2a: Iron Boulder|Quark Drive|[silent]\n|\n|-heal|p1a: Palossand|228/296|[from] item: Leftovers\n|upkeep\n|\n|t:|1720583543\n|switch|p2a: Terrakion|Terrakion, L79|273/273\n|-damage|p2a: Terrakion|239/273|[from] Spikes\n|-damage|p2a: Terrakion|222/273|[from] Stealth Rock\n|turn|21\n|-message|LizarDune forfeited.\n|\n|win|Emily in Paris\n|raw|Emily in Paris's rating: 2383 &rarr; <strong>2403</strong><br />(+20 for winning)\n|raw|LizarDune's rating: 2390 &rarr; <strong>2370</strong><br />(-20 for losing)\n|c| think neuro|bye\n|j| Referrals\n", "inputlog": ">version f3d3ef5955f9cf6306c9ec5413a163a5498560bf\n>start {\"formatid\":\"gen9randombattle\",\"seed\":[49154,12166,20996,43738],\"rated\":\"Rated battle\"}\n>player p1 {\"name\":\"Emily in Paris\",\"avatar\":\"sightseerf\",\"rating\":2383,\"seed\":[62538,60586,41012,151]}\n>player p2 {\"name\":\"LizarDune\",\"avatar\":\"musician\",\"rating\":2390,\"seed\":[18582,55593,54636,56425]}\n>p1 switch 2\n>p2 move stealthrock\n>p1 move ceaselessedge\n>p2 switch 5\n>p1 move suckerpunch\n>p2 move gigadrain\n>p2 switch 2\n>p1 switch 3\n>p2 move uturn\n>p2 switch 4\n>p1 switch 4\n>p2 move weatherball\n>p1 switch 4\n>p2 move powerwhip\n>p1 switch 3\n>p2 move weatherball\n>p1 move suckerpunch\n>p2 move weatherball\n>p1 switch 5\n>p2 switch 5\n>p1 move knockoff\n>p2 move poltergeist\n>p1 move knockoff\n>p2 move dynamicpunch\n>p2 switch 4\n>p1 move powerwhip\n>p2 move uturn\n>p2 switch 3\n>p1 switch 2\n>p1 move earthpower\n>p2 switch 3\n>p1 move shoreup\n>p2 move outrage\n>p1 move shoreup\n>p2 move outrage\n>p1 move stealthrock\n>p2 move outrage\n>p1 move shoreup\n>p2 move outrage\n>p1 move shoreup\n>p2 move outrage\n>p1 move shoreup\n>p2 move outrage\n>p1 move shoreup\n>p2 move outrage\n>p2 switch 3\n>p1 move earthpower\n>p2 move zenheadbutt\n>p2 switch 6\n>forcelose p2", "uploadtime": 1720583547, "views": 178, "formatid": "gen9randombattle", "rating": 2370, "private": 0, "password": null}