{"id": "gen9randombattle-2104171315", "format": "[Gen 9] Random Battle", "players": ["Qiuescent", "chichi732"], "log": "|uhtml|medal-msg|<div class=\"broadcast-blue\">Curious what those medals under the avatar are? PS now has Ladder Seasons! For more information, check out the <a href=\"https://www.smogon.com/forums/threads/3740067/\">thread on Smogon.</a></div>\n|badge|p2|bronze|gen9randombattle|100-1\n|uhtml|medal-msg|<div class=\"broadcast-blue\">Curious what those medals under the avatar are? PS now has Ladder Seasons! For more information, check out the <a href=\"https://www.smogon.com/forums/threads/3740067/\">thread on Smogon.</a></div>\n|j|\u203dQiuescent\n|j|\u2606chichi732\n|t:|1713212382\n|gametype|singles\n|player|p1|Qiuescent|102|2271\n|player|p2|chichi732|hiker-gen4|2341\n|teamsize|p1|6\n|teamsize|p2|6\n|gen|9\n|tier|[Gen 9] Random Battle\n|rated|\n|rule|Species Clause: Limit one of each Pok\u00e9mon\n|rule|HP Percentage Mod: HP is shown in percentages\n|rule|Sleep Clause Mod: Limit one foe put to sleep\n|rule|Illusion Level Mod: Illusion disguises the Pok\u00e9mon's true level\n|\n|t:|1713212382\n|start\n|switch|p1a: Alomomola|Alomomola, L87, F|429/429\n|switch|p2a: Mudsdale|Mudsdale, L84, M|305/305\n|turn|1\n|inactive|Battle timer is ON: inactive players will automatically lose when time's up. (requested by Qiuescent)\n|inactive|chichi732 has 120 seconds left.\n|\n|t:|1713212449\n|switch|p2a: Whimsicott|Whimsicott, L86, M|243/243\n|move|p1a: Alomomola|Scald|p2a: Whimsicott\n|-resisted|p2a: Whimsicott\n|-damage|p2a: Whimsicott|216/243\n|\n|-heal|p2a: Whimsicott|231/243|[from] item: Leftovers\n|upkeep\n|turn|2\n|\n|t:|1713212453\n|move|p2a: Whimsicott|Substitute|p2a: Whimsicott\n|-start|p2a: Whimsicott|Substitute\n|-damage|p2a: Whimsicott|171/243\n|move|p1a: Alomomola|Flip Turn|p2a: Whimsicott\n|-resisted|p2a: Whimsicott\n|-activate|p2a: Whimsicott|move: Substitute|[damage]\n|\n|t:|1713212462\n|switch|p1a: Politoed|Politoed, L88, M|302/302|[from] Flip Turn\n|-weather|RainDance|[from] ability: Drizzle|[of] p1a: Politoed\n|\n|-weather|RainDance|[upkeep]\n|-heal|p2a: Whimsicott|186/243|[from] item: Leftovers\n|upkeep\n|turn|3\n|\n|t:|1713212465\n|move|p2a: Whimsicott|Leech Seed|p1a: Politoed\n|-start|p1a: Politoed|move: Leech Seed\n|move|p1a: Politoed|Ice Beam|p2a: Whimsicott\n|-supereffective|p2a: Whimsicott\n|-end|p2a: Whimsicott|Substitute\n|\n|-weather|RainDance|[upkeep]\n|-heal|p2a: Whimsicott|201/243|[from] item: Leftovers\n|-damage|p1a: Politoed|265/302|[from] Leech Seed|[of] p2a: Whimsicott\n|-heal|p2a: Whimsicott|238/243|[silent]\n|upkeep\n|turn|4\n|\n|t:|1713212468\n|move|p2a: Whimsicott|Substitute|p2a: Whimsicott\n|-start|p2a: Whimsicott|Substitute\n|-damage|p2a: Whimsicott|178/243\n|move|p1a: Politoed|Encore|p2a: Whimsicott\n|-start|p2a: Whimsicott|Encore\n|\n|-weather|RainDance|[upkeep]\n|-heal|p2a: Whimsicott|193/243|[from] item: Leftovers\n|-heal|p1a: Politoed|283/302|[from] item: Leftovers\n|-damage|p1a: Politoed|246/302|[from] Leech Seed|[of] p2a: Whimsicott\n|-heal|p2a: Whimsicott|230/243|[silent]\n|upkeep\n|turn|5\n|\n|t:|1713212473\n|switch|p1a: Regigigas|Regigigas, L84|322/322\n|-start|p1a: Regigigas|ability: Slow Start\n|move|p2a: Whimsicott|Substitute|p2a: Whimsicott\n|-fail|p2a: Whimsicott|move: Substitute\n|\n|-weather|RainDance|[upkeep]\n|-heal|p2a: Whimsicott|243/243|[from] item: Leftovers\n|upkeep\n|turn|6\n|\n|t:|1713212481\n|switch|p2a: Rotom|Rotom, L87|229/229\n|move|p1a: Regigigas|Body Slam|p2a: Rotom\n|-immune|p2a: Rotom\n|\n|-weather|none\n|upkeep\n|turn|7\n|\n|t:|1713212483\n|move|p1a: Regigigas|Protect|p1a: Regigigas\n|-singleturn|p1a: Regigigas|Protect\n|move|p2a: Rotom|Will-O-Wisp|p1a: Regigigas\n|-activate|p1a: Regigigas|move: Protect\n|\n|upkeep\n|turn|8\n|\n|t:|1713212490\n|-end|p1a: Regigigas|Slow Start|[silent]\n|switch|p1a: Raichu|Raichu, L88, M|249/249\n|move|p2a: Rotom|Will-O-Wisp|p1a: Raichu\n|-status|p1a: Raichu|brn\n|\n|-damage|p1a: Raichu|234/249 brn|[from] brn\n|upkeep\n|turn|9\n|\n|t:|1713212494\n|switch|p2a: Mudsdale|Mudsdale, L84, M|305/305\n|move|p1a: Raichu|Volt Switch|p2a: Mudsdale\n|-immune|p2a: Mudsdale\n|\n|-damage|p1a: Raichu|219/249 brn|[from] brn\n|upkeep\n|turn|10\n|\n|t:|1713212497\n|move|p1a: Raichu|Grass Knot|p2a: Mudsdale\n|-supereffective|p2a: Mudsdale\n|-damage|p2a: Mudsdale|111/305\n|-ability|p2a: Mudsdale|Stamina|boost\n|-boost|p2a: Mudsdale|def|1\n|move|p2a: Mudsdale|Stealth Rock|p1a: Raichu\n|-sidestart|p1: Qiuescent|move: Stealth Rock\n|\n|-heal|p2a: Mudsdale|130/305|[from] item: Leftovers\n|-damage|p1a: Raichu|204/249 brn|[from] brn\n|upkeep\n|turn|11\n|\n|t:|1713212503\n|switch|p2a: Whimsicott|Whimsicott, L86, M|243/243\n|move|p1a: Raichu|Volt Switch|p2a: Whimsicott\n|-resisted|p2a: Whimsicott\n|-damage|p2a: Whimsicott|199/243\n|\n|t:|1713212513\n|switch|p1a: Regigigas|Regigigas, L84|322/322|[from] Volt Switch\n|-damage|p1a: Regigigas|282/322|[from] Stealth Rock\n|-start|p1a: Regigigas|ability: Slow Start\n|\n|-heal|p2a: Whimsicott|214/243|[from] item: Leftovers\n|-heal|p1a: Regigigas|302/322|[from] item: Leftovers\n|upkeep\n|turn|12\n|\n|t:|1713212515\n|move|p2a: Whimsicott|Leech Seed|p1a: Regigigas\n|-start|p1a: Regigigas|move: Leech Seed\n|move|p1a: Regigigas|Body Slam|p2a: Whimsicott\n|-damage|p2a: Whimsicott|151/243\n|-status|p2a: Whimsicott|par\n|\n|-heal|p2a: Whimsicott|166/243 par|[from] item: Leftovers\n|-heal|p1a: Regigigas|322/322|[from] item: Leftovers\n|-damage|p1a: Regigigas|282/322|[from] Leech Seed|[of] p2a: Whimsicott\n|-heal|p2a: Whimsicott|206/243 par|[silent]\n|upkeep\n|turn|13\n|\n|t:|1713212521\n|switch|p2a: Mudsdale|Mudsdale, L84, M|130/305\n|-end|p1a: Regigigas|Slow Start|[silent]\n|switch|p1a: Politoed|Politoed, L88, M|246/302\n|-damage|p1a: Politoed|209/302|[from] Stealth Rock\n|-weather|RainDance|[from] ability: Drizzle|[of] p1a: Politoed\n|\n|-weather|RainDance|[upkeep]\n|-heal|p1a: Politoed|227/302|[from] item: Leftovers\n|-heal|p2a: Mudsdale|149/305|[from] item: Leftovers\n|upkeep\n|turn|14\n|\n|t:|1713212526\n|switch|p2a: Whimsicott|Whimsicott, L86, M|206/243 par\n|move|p1a: Politoed|Hydro Pump|p2a: Whimsicott\n|-resisted|p2a: Whimsicott\n|-damage|p2a: Whimsicott|99/243 par\n|\n|-weather|RainDance|[upkeep]\n|-heal|p1a: Politoed|245/302|[from] item: Leftovers\n|-heal|p2a: Whimsicott|114/243 par|[from] item: Leftovers\n|upkeep\n|turn|15\n|\n|t:|1713212533\n|switch|p2a: Scream Tail|Scream Tail, L84|330/330\n|move|p1a: Politoed|Ice Beam|p2a: Scream Tail\n|-damage|p2a: Scream Tail|277/330\n|\n|-weather|RainDance|[upkeep]\n|-heal|p2a: Scream Tail|297/330|[from] item: Leftovers\n|-heal|p1a: Politoed|263/302|[from] item: Leftovers\n|upkeep\n|turn|16\n|\n|t:|1713212535\n|move|p2a: Scream Tail|Wish|p2a: Scream Tail\n|move|p1a: Politoed|Hydro Pump|p2a: Scream Tail\n|-damage|p2a: Scream Tail|146/330\n|\n|-weather|RainDance|[upkeep]\n|-heal|p2a: Scream Tail|166/330|[from] item: Leftovers\n|-heal|p1a: Politoed|281/302|[from] item: Leftovers\n|upkeep\n|turn|17\n|\n|t:|1713212539\n|move|p2a: Scream Tail|Protect|p2a: Scream Tail\n|-singleturn|p2a: Scream Tail|Protect\n|move|p1a: Politoed|Encore|p2a: Scream Tail\n|-activate|p2a: Scream Tail|move: Protect\n|\n|-weather|none\n|-heal|p2a: Scream Tail|330/330|[from] move: Wish|[wisher] Scream Tail\n|-heal|p1a: Politoed|299/302|[from] item: Leftovers\n|upkeep\n|turn|18\n|\n|t:|1713212542\n|move|p2a: Scream Tail|Thunder Wave|p1a: Politoed\n|-status|p1a: Politoed|par\n|move|p1a: Politoed|Ice Beam|p2a: Scream Tail\n|-damage|p2a: Scream Tail|274/330\n|\n|-heal|p2a: Scream Tail|294/330|[from] item: Leftovers\n|-heal|p1a: Politoed|302/302 par|[from] item: Leftovers\n|upkeep\n|turn|19\n|\n|t:|1713212546\n|switch|p1a: Golem|Golem, L87, F|281/281\n|-damage|p1a: Golem|264/281|[from] Stealth Rock\n|move|p2a: Scream Tail|Wish|p2a: Scream Tail\n|\n|-heal|p2a: Scream Tail|314/330|[from] item: Leftovers\n|upkeep\n|turn|20\n|\n|t:|1713212551\n|-end|p2a: Scream Tail|Protosynthesis|[silent]\n|switch|p2a: Mudsdale|Mudsdale, L84, M|149/305\n|move|p1a: Golem|Stealth Rock|p2a: Mudsdale\n|-sidestart|p2: chichi732|move: Stealth Rock\n|\n|-heal|p2a: Mudsdale|305/305|[from] move: Wish|[wisher] Scream Tail\n|upkeep\n|turn|21\n|\n|t:|1713212556\n|switch|p1a: Alomomola|Alomomola, L87, F|429/429\n|-damage|p1a: Alomomola|376/429|[from] Stealth Rock\n|move|p2a: Mudsdale|Earthquake|p1a: Alomomola\n|-damage|p1a: Alomomola|240/429\n|\n|upkeep\n|turn|22\n|\n|t:|1713212563\n|move|p1a: Alomomola|Scald|p2a: Mudsdale\n|-supereffective|p2a: Mudsdale\n|-damage|p2a: Mudsdale|203/305\n|-status|p2a: Mudsdale|brn\n|-ability|p2a: Mudsdale|Stamina|boost\n|-boost|p2a: Mudsdale|def|1\n|move|p2a: Mudsdale|Earthquake|p1a: Alomomola\n|-damage|p1a: Alomomola|172/429\n|\n|-heal|p2a: Mudsdale|222/305 brn|[from] item: Leftovers\n|-damage|p2a: Mudsdale|203/305 brn|[from] brn\n|upkeep\n|turn|23\n|\n|t:|1713212569\n|switch|p2a: Whimsicott|Whimsicott, L86, M|114/243 par\n|-damage|p2a: Whimsicott|84/243 par|[from] Stealth Rock\n|move|p1a: Alomomola|Wish|p1a: Alomomola\n|\n|-heal|p2a: Whimsicott|99/243 par|[from] item: Leftovers\n|upkeep\n|turn|24\n|\n|t:|1713212571\n|cant|p2a: Whimsicott|par\n|move|p1a: Alomomola|Flip Turn|p2a: Whimsicott\n|-resisted|p2a: Whimsicott\n|-damage|p2a: Whimsicott|72/243 par\n|\n|t:|1713212578\n|switch|p1a: Regigigas|Regigigas, L84|282/322|[from] Flip Turn\n|-damage|p1a: Regigigas|242/322|[from] Stealth Rock\n|-start|p1a: Regigigas|ability: Slow Start\n|\n|-heal|p1a: Regigigas|322/322|[from] move: Wish|[wisher] Alomomola\n|-heal|p2a: Whimsicott|87/243 par|[from] item: Leftovers\n|upkeep\n|turn|25\n|\n|t:|1713212581\n|move|p2a: Whimsicott|Leech Seed|p1a: Regigigas\n|-start|p1a: Regigigas|move: Leech Seed\n|move|p1a: Regigigas|Body Slam|p2a: Whimsicott\n|-damage|p2a: Whimsicott|14/243 par\n|\n|-heal|p2a: Whimsicott|29/243 par|[from] item: Leftovers\n|-damage|p1a: Regigigas|282/322|[from] Leech Seed|[of] p2a: Whimsicott\n|-heal|p2a: Whimsicott|69/243 par|[silent]\n|upkeep\n|turn|26\n|\n|t:|1713212594\n|switch|p2a: Rotom|Rotom, L87|229/229\n|-damage|p2a: Rotom|201/229|[from] Stealth Rock\n|-end|p1a: Regigigas|Slow Start|[silent]\n|switch|p1a: Alomomola|Alomomola, L87, F|315/429\n|-damage|p1a: Alomomola|262/429|[from] Stealth Rock\n|\n|upkeep\n|turn|27\n|\n|t:|1713212607\n|switch|p1a: Raichu|Raichu, L88, M|204/249 brn\n|move|p2a: Rotom|Shadow Ball|p1a: Raichu\n|-damage|p1a: Raichu|83/249 brn\n|-damage|p2a: Rotom|179/229|[from] item: Life Orb\n|\n|-damage|p1a: Raichu|68/249 brn|[from] brn\n|upkeep\n|turn|28\n|\n|t:|1713212617\n|switch|p2a: Mudsdale|Mudsdale, L84, M|203/305 brn\n|-damage|p2a: Mudsdale|184/305 brn|[from] Stealth Rock\n|move|p1a: Raichu|Thunderbolt|p2a: Mudsdale\n|-immune|p2a: Mudsdale\n|\n|-heal|p2a: Mudsdale|203/305 brn|[from] item: Leftovers\n|-damage|p1a: Raichu|53/249 brn|[from] brn\n|-damage|p2a: Mudsdale|184/305 brn|[from] brn\n|upkeep\n|turn|29\n|\n|t:|1713212620\n|move|p1a: Raichu|Grass Knot|p2a: Mudsdale\n|-supereffective|p2a: Mudsdale\n|-damage|p2a: Mudsdale|0 fnt\n|faint|p2a: Mudsdale\n|\n|-damage|p1a: Raichu|38/249 brn|[from] brn\n|upkeep\n|\n|t:|1713212630\n|switch|p2a: Whimsicott|Whimsicott, L86, M|69/243 par\n|-damage|p2a: Whimsicott|39/243 par|[from] Stealth Rock\n|turn|30\n|\n|t:|1713212633\n|move|p2a: Whimsicott|Leech Seed|p1a: Raichu\n|-start|p1a: Raichu|move: Leech Seed\n|move|p1a: Raichu|Thunderbolt|p2a: Whimsicott\n|-resisted|p2a: Whimsicott\n|-damage|p2a: Whimsicott|0 fnt\n|faint|p2a: Whimsicott\n|\n|-damage|p1a: Raichu|23/249 brn|[from] brn\n|upkeep\n|\n|t:|1713212644\n|switch|p2a: Scream Tail|Scream Tail, L84|314/330\n|-damage|p2a: Scream Tail|273/330|[from] Stealth Rock\n|turn|31\n|\n|t:|1713212648\n|switch|p1a: Alomomola|Alomomola, L87, F|405/429\n|-damage|p1a: Alomomola|352/429|[from] Stealth Rock\n|move|p2a: Scream Tail|Wish|p2a: Scream Tail\n|\n|-heal|p2a: Scream Tail|293/330|[from] item: Leftovers\n|upkeep\n|turn|32\n|\n|t:|1713212651\n|-end|p2a: Scream Tail|Protosynthesis|[silent]\n|switch|p2a: Rotom|Rotom, L87|179/229\n|-damage|p2a: Rotom|151/229|[from] Stealth Rock\n|move|p1a: Alomomola|Scald|p2a: Rotom\n|-damage|p2a: Rotom|99/229\n|-status|p2a: Rotom|brn\n|\n|-heal|p2a: Rotom|229/229 brn|[from] move: Wish|[wisher] Scream Tail\n|-damage|p2a: Rotom|215/229 brn|[from] brn\n|upkeep\n|turn|33\n|\n|t:|1713212656\n|move|p2a: Rotom|Thunderbolt|p1a: Alomomola\n|-supereffective|p1a: Alomomola\n|-damage|p1a: Alomomola|0 fnt\n|faint|p1a: Alomomola\n|-damage|p2a: Rotom|193/229 brn|[from] item: Life Orb\n|\n|-damage|p2a: Rotom|179/229 brn|[from] brn\n|upkeep\n|\n|t:|1713212661\n|switch|p1a: Raichu|Raichu, L88, M|23/249 brn\n|turn|34\n|\n|t:|1713212665\n|switch|p2a: Scream Tail|Scream Tail, L84|293/330\n|-damage|p2a: Scream Tail|252/330|[from] Stealth Rock\n|move|p1a: Raichu|Thunderbolt|p2a: Scream Tail\n|-crit|p2a: Scream Tail\n|-damage|p2a: Scream Tail|140/330\n|\n|-heal|p2a: Scream Tail|160/330|[from] item: Leftovers\n|-damage|p1a: Raichu|8/249 brn|[from] brn\n|upkeep\n|turn|35\n|\n|t:|1713212668\n|move|p1a: Raichu|Volt Switch|p2a: Scream Tail\n|-damage|p2a: Scream Tail|102/330\n|\n|t:|1713212670\n|switch|p1a: Golem|Golem, L87, F|264/281|[from] Volt Switch\n|-damage|p1a: Golem|247/281|[from] Stealth Rock\n|move|p2a: Scream Tail|Wish|p2a: Scream Tail\n|\n|-heal|p2a: Scream Tail|122/330|[from] item: Leftovers\n|upkeep\n|turn|36\n|\n|t:|1713212675\n|move|p2a: Scream Tail|Protect|p2a: Scream Tail\n|-singleturn|p2a: Scream Tail|Protect\n|move|p1a: Golem|Stone Edge|p2a: Scream Tail\n|-activate|p2a: Scream Tail|move: Protect\n|\n|-heal|p2a: Scream Tail|287/330|[from] move: Wish|[wisher] Scream Tail\n|-heal|p2a: Scream Tail|307/330|[from] item: Leftovers\n|upkeep\n|turn|37\n|\n|t:|1713212680\n|-end|p2a: Scream Tail|Protosynthesis|[silent]\n|switch|p2a: Great Tusk|Great Tusk, L77|304/304\n|-damage|p2a: Great Tusk|295/304|[from] Stealth Rock\n|move|p1a: Golem|Stone Edge|p2a: Great Tusk\n|-resisted|p2a: Great Tusk\n|-damage|p2a: Great Tusk|267/304\n|\n|upkeep\n|turn|38\n|\n|t:|1713212683\n|move|p2a: Great Tusk|Rapid Spin|p1a: Golem\n|-resisted|p1a: Golem\n|-damage|p1a: Golem|234/281\n|-boost|p2a: Great Tusk|spe|1\n|-sideend|p2: chichi732|Stealth Rock|[from] move: Rapid Spin|[of] p2a: Great Tusk\n|move|p1a: Golem|Explosion|p2a: Great Tusk\n|-damage|p2a: Great Tusk|103/304\n|faint|p1a: Golem\n|\n|upkeep\n|\n|t:|1713212686\n|switch|p1a: Politoed|Politoed, L88, M|302/302 par\n|-damage|p1a: Politoed|265/302 par|[from] Stealth Rock\n|-weather|RainDance|[from] ability: Drizzle|[of] p1a: Politoed\n|turn|39\n|\n|t:|1713212693\n|-end|p2a: Great Tusk|Protosynthesis|[silent]\n|switch|p2a: Scream Tail|Scream Tail, L84|307/330\n|move|p1a: Politoed|Hydro Pump|p2a: Scream Tail\n|-crit|p2a: Scream Tail\n|-damage|p2a: Scream Tail|99/330\n|\n|-weather|RainDance|[upkeep]\n|-heal|p2a: Scream Tail|119/330|[from] item: Leftovers\n|-heal|p1a: Politoed|283/302 par|[from] item: Leftovers\n|upkeep\n|turn|40\n|\n|t:|1713212696\n|move|p2a: Scream Tail|Protect|p2a: Scream Tail\n|-singleturn|p2a: Scream Tail|Protect\n|move|p1a: Politoed|Hydro Pump|p2a: Scream Tail\n|-activate|p2a: Scream Tail|move: Protect\n|\n|-weather|RainDance|[upkeep]\n|-heal|p2a: Scream Tail|139/330|[from] item: Leftovers\n|-heal|p1a: Politoed|301/302 par|[from] item: Leftovers\n|upkeep\n|turn|41\n|\n|t:|1713212700\n|move|p2a: Scream Tail|Wish|p2a: Scream Tail\n|move|p1a: Politoed|Hydro Pump|p2a: Scream Tail\n|-damage|p2a: Scream Tail|0 fnt\n|faint|p2a: Scream Tail\n|-end|p2a: Scream Tail|Protosynthesis|[silent]\n|\n|-weather|RainDance|[upkeep]\n|-heal|p1a: Politoed|302/302 par|[from] item: Leftovers\n|upkeep\n|\n|t:|1713212702\n|switch|p2a: Rotom|Rotom, L87|179/229 brn\n|turn|42\n|\n|t:|1713212706\n|move|p2a: Rotom|Thunderbolt|p1a: Politoed\n|-supereffective|p1a: Politoed\n|-damage|p1a: Politoed|73/302 par\n|-damage|p2a: Rotom|157/229 brn|[from] item: Life Orb\n|move|p1a: Politoed|Hydro Pump|p2a: Rotom\n|-damage|p2a: Rotom|0 fnt\n|faint|p2a: Rotom\n|\n|-weather|RainDance|[upkeep]\n|-heal|p1a: Politoed|91/302 par|[from] item: Leftovers\n|upkeep\n|c|\u2606chichi732|u want to miss?\n|c|\u2606chichi732|that would be nice\n|\n|t:|1713212726\n|switch|p2a: Great Tusk|Great Tusk, L77|103/304\n|turn|43\n|\n|t:|1713212741\n|move|p2a: Great Tusk|Headlong Rush|p1a: Politoed\n|-damage|p1a: Politoed|0 fnt\n|-unboost|p2a: Great Tusk|def|1\n|-unboost|p2a: Great Tusk|spd|1\n|faint|p1a: Politoed\n|\n|-weather|none\n|upkeep\n|\n|t:|1713212747\n|switch|p1a: Raichu|Raichu, L88, M|8/249 brn\n|turn|44\n|\n|t:|1713212750\n|-end|p2a: Great Tusk|Protosynthesis|[silent]\n|switch|p2a: Magmortar|Magmortar, L87, F|272/272\n|move|p1a: Raichu|Grass Knot|p2a: Magmortar\n|-resisted|p2a: Magmortar\n|-crit|p2a: Magmortar\n|-damage|p2a: Magmortar|232/272\n|\n|-damage|p1a: Raichu|0 fnt|[from] brn\n|faint|p1a: Raichu\n|upkeep\n|\n|t:|1713212755\n|switch|p1a: Regigigas|Regigigas, L84|282/322\n|-damage|p1a: Regigigas|242/322|[from] Stealth Rock\n|-start|p1a: Regigigas|ability: Slow Start\n|turn|45\n|\n|t:|1713212757\n|move|p1a: Regigigas|Protect|p1a: Regigigas\n|-singleturn|p1a: Regigigas|Protect\n|move|p2a: Magmortar|Focus Blast|p1a: Regigigas\n|-activate|p1a: Regigigas|move: Protect\n|\n|-heal|p1a: Regigigas|262/322|[from] item: Leftovers\n|upkeep\n|turn|46\n|\n|t:|1713212763\n|-terastallize|p1a: Regigigas|Ghost\n|move|p2a: Magmortar|Fire Blast|p1a: Regigigas\n|-damage|p1a: Regigigas|124/322\n|move|p1a: Regigigas|Body Slam|p2a: Magmortar\n|-damage|p2a: Magmortar|159/272\n|\n|-heal|p1a: Regigigas|144/322|[from] item: Leftovers\n|upkeep\n|turn|47\n|\n|t:|1713212767\n|move|p1a: Regigigas|Protect|p1a: Regigigas\n|-singleturn|p1a: Regigigas|Protect\n|move|p2a: Magmortar|Fire Blast|p1a: Regigigas\n|-activate|p1a: Regigigas|move: Protect\n|\n|-heal|p1a: Regigigas|164/322|[from] item: Leftovers\n|upkeep\n|turn|48\n|\n|t:|1713212772\n|move|p2a: Magmortar|Fire Blast|p1a: Regigigas\n|-damage|p1a: Regigigas|41/322\n|move|p1a: Regigigas|Body Slam|p2a: Magmortar\n|-damage|p2a: Magmortar|75/272\n|\n|-heal|p1a: Regigigas|61/322|[from] item: Leftovers\n|upkeep\n|turn|49\n|\n|t:|1713212778\n|move|p1a: Regigigas|Protect|p1a: Regigigas\n|-singleturn|p1a: Regigigas|Protect\n|move|p2a: Magmortar|Thunderbolt|p1a: Regigigas\n|-activate|p1a: Regigigas|move: Protect\n|\n|-heal|p1a: Regigigas|81/322|[from] item: Leftovers\n|-end|p1a: Regigigas|Slow Start\n|upkeep\n|turn|50\n|\n|t:|1713212781\n|move|p1a: Regigigas|Body Slam|p2a: Magmortar\n|-damage|p2a: Magmortar|0 fnt\n|faint|p2a: Magmortar\n|\n|-heal|p1a: Regigigas|101/322|[from] item: Leftovers\n|upkeep\n|\n|t:|1713212783\n|switch|p2a: Great Tusk|Great Tusk, L77|103/304\n|turn|51\n|\n|t:|1713212786\n|-terastallize|p2a: Great Tusk|Ground\n|move|p1a: Regigigas|Body Slam|p2a: Great Tusk\n|-damage|p2a: Great Tusk|0 fnt\n|faint|p2a: Great Tusk\n|-end|p2a: Great Tusk|Protosynthesis|[silent]\n|\n|win|Qiuescent\n|raw|Qiuescent's rating: 2271 &rarr; <strong>2295</strong><br />(+24 for winning)\n|raw|chichi732's rating: 2341 &rarr; <strong>2317</strong><br />(-24 for losing)\n|l|\u2606chichi732\n|player|p2|\n", "inputlog": ">version 94cb14e6e593f9434fd234bef139544825d280b8\n>start {\"formatid\":\"gen9randombattle\",\"seed\":[31494,28338,35881,61615],\"rated\":\"Rated battle\"}\n>player p1 {\"name\":\"Qiuescent\",\"avatar\":\"102\",\"rating\":2271,\"seed\":[61527,37636,31688,31147]}\n>player p2 {\"name\":\"chichi732\",\"avatar\":\"hiker-gen4\",\"rating\":2341,\"seed\":[51926,54933,59251,23307]}\n>p1 move scald\n>p2 switch 3\n>p1 move flipturn\n>p2 move substitute\n>p1 switch 3\n>p1 move icebeam\n>p2 move leechseed\n>p1 move encore\n>p2 move substitute\n>p1 switch 2\n>p2 move substitute\n>p1 move bodyslam\n>p2 switch 4\n>p1 move protect\n>p2 move willowisp\n>p1 switch 6\n>p2 move willowisp\n>p1 move voltswitch\n>p2 switch 3\n>p1 move grassknot\n>p2 move stealthrock\n>p1 move voltswitch\n>p2 switch 4\n>p1 switch 6\n>p1 move bodyslam\n>p2 move leechseed\n>p1 switch 2\n>p2 switch 4\n>p1 move hydropump\n>p2 switch 4\n>p1 move icebeam\n>p2 switch 2\n>p1 move hydropump\n>p2 move wish\n>p1 move encore\n>p2 move protect\n>p1 move icebeam\n>p2 move thunderwave\n>p1 switch 4\n>p2 move wish\n>p1 move stealthrock\n>p2 switch 4\n>p1 switch 3\n>p2 move earthquake\n>p1 move scald\n>p2 move earthquake\n>p1 move wish\n>p2 switch 2\n>p1 move flipturn\n>p2 move leechseed\n>p1 switch 2\n>p1 move bodyslam\n>p2 move leechseed\n>p1 switch 2\n>p2 switch 3\n>p1 switch 6\n>p2 move shadowball\n>p1 move thunderbolt\n>p2 switch 2\n>p1 move grassknot\n>p2 move bodypress\n>p2 switch 3\n>p1 move thunderbolt\n>p2 move leechseed\n>p2 switch 4\n>p1 switch 6\n>p2 move wish\n>p1 move scald\n>p2 switch 2\n>p1 move wish\n>p2 move thunderbolt\n>p1 switch 6\n>p1 move thunderbolt\n>p2 switch 2\n>p1 move voltswitch\n>p2 move wish\n>p1 switch 3\n>p1 move stoneedge\n>p2 move protect\n>p1 move stoneedge\n>p2 switch 6\n>p1 move explosion\n>p2 move rapidspin\n>p1 switch 4\n>p1 move hydropump\n>p2 switch 6\n>p1 move hydropump\n>p2 move protect\n>p1 move hydropump\n>p2 move wish\n>p2 switch 2\n>p1 move hydropump\n>p2 move thunderbolt\n>chat \u2606chichi732|u want to miss?\n>chat \u2606chichi732|that would be nice\n>p2 switch 6\n>p1 move icebeam\n>p2 move headlongrush\n>p1 switch 3\n>p1 move grassknot\n>p2 switch 5\n>p1 switch 2\n>p1 move protect\n>p2 move focusblast\n>p1 move bodyslam terastallize\n>p2 move fireblast\n>p1 move protect\n>p2 move fireblast\n>p1 move bodyslam\n>p2 move fireblast\n>p1 move protect\n>p2 move thunderbolt\n>p1 move bodyslam\n>p2 move thunderbolt\n>p2 switch 5\n>p1 move bodyslam\n>p2 move headlongrush terastallize", "uploadtime": 1713212791, "views": 241, "formatid": "gen9randombattle", "rating": 2295, "private": 0, "password": null}