{"id": "gen9randombattle-2260273344", "format": "[Gen 9] Random Battle", "players": ["YGaming", "jealousjella"], "log": "|j|\u2606YGaming\n|j|\u2606jealousjella\n|t:|1733833405\n|gametype|singles\n|player|p1|YGaming|170|\n|player|p2|jealousjella|sabrina|\n|teamsize|p1|6\n|teamsize|p2|6\n|gen|9\n|tier|[Gen 9] Random Battle\n|rule|Species Clause: Limit one of each Pok\u00e9mon\n|rule|HP Percentage Mod: HP is shown in percentages\n|rule|Sleep Clause Mod: Limit one foe put to sleep\n|rule|Illusion Level Mod: Illusion disguises the Pok\u00e9mon's true level\n|\n|t:|1733833405\n|start\n|switch|p1a: Iron Leaves|Iron Leaves, L80|275/275\n|switch|p2a: Volcarona|Volcarona, L77, F|257/257\n|turn|1\n|\n|t:|1733833427\n|move|p1a: Iron Leaves|Leaf Blade|p2a: Volcarona\n|-resisted|p2a: Volcarona\n|-damage|p2a: Volcarona|203/257\n|move|p2a: Volcarona|Quiver Dance|p2a: Volcarona\n|-boost|p2a: Volcarona|spa|1\n|-boost|p2a: Volcarona|spd|1\n|-boost|p2a: Volcarona|spe|1\n|\n|upkeep\n|turn|2\n|\n|t:|1733833441\n|-end|p1a: Iron Leaves|Quark Drive|[silent]\n|switch|p1a: Dialga|Dialga, L73|266/266\n|-ability|p1a: Dialga|Pressure\n|move|p2a: Volcarona|Fiery Dance|p1a: Dialga\n|-damage|p1a: Dialga|176/266\n|\n|upkeep\n|turn|3\n|\n|t:|1733833457\n|move|p2a: Volcarona|Fiery Dance|p1a: Dialga\n|-damage|p1a: Dialga|74/266\n|-boost|p2a: Volcarona|spa|1\n|move|p1a: Dialga|Heavy Slam|p2a: Volcarona\n|-resisted|p2a: Volcarona\n|-damage|p2a: Volcarona|128/257\n|-status|p1a: Dialga|brn|[from] ability: Flame Body|[of] p2a: Volcarona\n|\n|-damage|p1a: Dialga|58/266 brn|[from] brn\n|upkeep\n|turn|4\n|\n|t:|1733833476\n|move|p2a: Volcarona|Morning Sun|p2a: Volcarona\n|-heal|p2a: Volcarona|256/257\n|move|p1a: Dialga|Draco Meteor|p2a: Volcarona\n|-damage|p2a: Volcarona|162/257\n|-unboost|p1a: Dialga|spa|2\n|\n|-damage|p1a: Dialga|42/266 brn|[from] brn\n|upkeep\n|turn|5\n|\n|t:|1733833486\n|move|p2a: Volcarona|Morning Sun|p2a: Volcarona\n|-heal|p2a: Volcarona|257/257\n|move|p1a: Dialga|Fire Blast|p2a: Volcarona\n|-damage|p2a: Volcarona|228/257\n|\n|-damage|p1a: Dialga|26/266 brn|[from] brn\n|upkeep\n|turn|6\n|\n|t:|1733833494\n|move|p2a: Volcarona|Fiery Dance|p1a: Dialga\n|-damage|p1a: Dialga|0 fnt\n|-boost|p2a: Volcarona|spa|1\n|faint|p1a: Dialga\n|\n|upkeep\n|\n|t:|1733833501\n|switch|p1a: Venomoth|Venomoth, L84, M|255/255\n|turn|7\n|\n|t:|1733833508\n|move|p2a: Volcarona|Fiery Dance|p1a: Venomoth\n|-supereffective|p1a: Venomoth\n|-damage|p1a: Venomoth|0 fnt\n|-boost|p2a: Volcarona|spa|1\n|faint|p1a: Venomoth\n|\n|upkeep\n|\n|t:|1733833515\n|switch|p1a: Iron Leaves|Iron Leaves, L80|275/275\n|turn|8\n|\n|t:|1733833521\n|move|p2a: Volcarona|Fiery Dance|p1a: Iron Leaves\n|-supereffective|p1a: Iron Leaves\n|-damage|p1a: Iron Leaves|0 fnt\n|-boost|p2a: Volcarona|spa|1\n|faint|p1a: Iron Leaves\n|-end|p1a: Iron Leaves|Quark Drive|[silent]\n|\n|upkeep\n|\n|t:|1733833527\n|switch|p1a: Arboliva|Arboliva, L91, M|288/288\n|turn|9\n|\n|t:|1733833531\n|move|p2a: Volcarona|Fiery Dance|p1a: Arboliva\n|-supereffective|p1a: Arboliva\n|-damage|p1a: Arboliva|0 fnt\n|faint|p1a: Arboliva\n|\n|upkeep\n|\n|t:|1733833536\n|switch|p1a: Gastrodon|Gastrodon-East, L86, F|331/331\n|turn|10\n|c|\u2606jealousjella|everything is weak to fucking fire?\n|c|\u2606jealousjella|finally\n|\n|t:|1733833546\n|-terastallize|p2a: Volcarona|Grass\n|move|p2a: Volcarona|Giga Drain|p1a: Gastrodon\n|-supereffective|p1a: Gastrodon\n|-damage|p1a: Gastrodon|0 fnt\n|-heal|p2a: Volcarona|257/257|[from] drain|[of] p1a: Gastrodon\n|faint|p1a: Gastrodon\n|\n|upkeep\n|\n|t:|1733833553\n|switch|p1a: Kyogre|Kyogre, L71|259/259\n|-weather|RainDance|[from] ability: Drizzle|[of] p1a: Kyogre\n|turn|11\n|c|\u2606jealousjella|rip\n|\n|t:|1733833559\n|move|p2a: Volcarona|Giga Drain|p1a: Kyogre\n|-supereffective|p1a: Kyogre\n|-damage|p1a: Kyogre|0 fnt\n|faint|p1a: Kyogre\n|\n|win|jealousjella\n|c|\u2606jealousjella|fully countered\n|l|\u2606YGaming\n|player|p1|\n|c|\u2606jealousjella|LLLL\n", "inputlog": ">version bfd83cad13791eb5a5a409923076391caf6fb4d4\n>start {\"formatid\":\"gen9randombattle\",\"seed\":[59277,21824,9475,22507]}\n>player p1 {\"name\":\"YGaming\",\"avatar\":\"170\",\"rating\":0,\"seed\":[21600,22428,58584,49410]}\n>player p2 {\"name\":\"jealousjella\",\"avatar\":\"sabrina\",\"rating\":0,\"seed\":[48754,42682,38680,10507]}\n>p1 move leafblade\n>p2 move quiverdance\n>p1 switch 5\n>p2 move fierydance\n>p1 move heavyslam\n>p2 move fierydance\n>p1 move dracometeor\n>p2 move morningsun\n>p1 move fireblast\n>p2 move morningsun\n>p1 move dracometeor\n>p2 move fierydance\n>p1 switch 6\n>p1 move sleeppowder\n>p2 move fierydance\n>p1 switch 5\n>p1 move psyblade\n>p2 move fierydance\n>p1 switch 2\n>p1 move substitute\n>p2 move fierydance\n>p1 switch 3\n>chat \u2606jealousjella|everything is weak to fucking fire?\n>chat \u2606jealousjella|finally\n>p1 move surf\n>p2 move gigadrain terastallize\n>p1 switch 4\n>chat \u2606jealousjella|rip\n>p1 move thunder\n>p2 move gigadrain", "uploadtime": 1733833569, "views": 3, "formatid": "gen9randombattle", "rating": null, "private": 0, "password": null}