{"id": "gen9randombattle-2260846885", "format": "[Gen 9] Random Battle", "players": ["Hteggevegbgen", "NobleMP4"], "log": "|j|\u2606Hteggevegbgen\n|j|\u2606NobleMP4\n|t:|1733903278\n|gametype|singles\n|player|p1|Hteggevegbgen|265|1000\n|player|p2|NobleMP4|266|1000\n|teamsize|p1|6\n|teamsize|p2|6\n|gen|9\n|tier|[Gen 9] Random Battle\n|rated|\n|rule|Species Clause: Limit one of each Pok\u00e9mon\n|rule|HP Percentage Mod: HP is shown in percentages\n|rule|Sleep Clause Mod: Limit one foe put to sleep\n|rule|Illusion Level Mod: Illusion disguises the Pok\u00e9mon's true level\n|\n|t:|1733903278\n|start\n|switch|p1a: Deoxys|Deoxys-Defense, L84|221/221\n|switch|p2a: Groudon|Groudon, L72|263/263\n|-ability|p1a: Deoxys|Pressure\n|-weather|SunnyDay|[from] ability: Drought|[of] p2a: Groudon\n|turn|1\n|\n|t:|1733903293\n|move|p1a: Deoxys|Cosmic Power|p1a: Deoxys\n|-boost|p1a: Deoxys|def|1\n|-boost|p1a: Deoxys|spd|1\n|move|p2a: Groudon|Stone Edge|p1a: Deoxys|[miss]\n|-miss|p2a: Groudon|p1a: Deoxys\n|\n|-weather|SunnyDay|[upkeep]\n|upkeep\n|turn|2\n|\n|t:|1733903304\n|move|p1a: Deoxys|Night Shade|p2a: Groudon\n|-damage|p2a: Groudon|179/263\n|move|p2a: Groudon|Precipice Blades|p1a: Deoxys|[miss]\n|-miss|p2a: Groudon|p1a: Deoxys\n|\n|-weather|SunnyDay|[upkeep]\n|-heal|p2a: Groudon|195/263|[from] item: Leftovers\n|upkeep\n|turn|3\n|\n|t:|1733903314\n|move|p1a: Deoxys|Night Shade|p2a: Groudon\n|-damage|p2a: Groudon|111/263\n|move|p2a: Groudon|Swords Dance|p2a: Groudon\n|-boost|p2a: Groudon|atk|2\n|\n|-weather|SunnyDay|[upkeep]\n|-heal|p2a: Groudon|127/263|[from] item: Leftovers\n|upkeep\n|turn|4\n|\n|t:|1733903323\n|switch|p2a: Gumshoos|Gumshoos, L95, M|321/321\n|move|p1a: Deoxys|Night Shade|p2a: Gumshoos\n|-immune|p2a: Gumshoos\n|\n|-weather|SunnyDay|[upkeep]\n|upkeep\n|turn|5\n|\n|t:|1733903336\n|switch|p1a: Skuntank|Skuntank, L84, F|310/310\n|move|p2a: Gumshoos|Earthquake|p1a: Skuntank\n|-supereffective|p1a: Skuntank\n|-damage|p1a: Skuntank|0 fnt\n|faint|p1a: Skuntank\n|\n|-weather|none\n|upkeep\n|\n|t:|1733903363\n|switch|p1a: Arboliva|Arboliva, L91, M|288/288\n|turn|6\n|\n|t:|1733903369\n|move|p2a: Gumshoos|Earthquake|p1a: Arboliva\n|-resisted|p1a: Arboliva\n|-damage|p1a: Arboliva|217/288\n|move|p1a: Arboliva|Leech Seed|p2a: Gumshoos|[miss]\n|-miss|p1a: Arboliva|p2a: Gumshoos\n|\n|upkeep\n|turn|7\n|\n|t:|1733903376\n|switch|p2a: Groudon|Groudon, L72|127/263\n|-weather|SunnyDay|[from] ability: Drought|[of] p2a: Groudon\n|move|p1a: Arboliva|Substitute|p1a: Arboliva\n|-start|p1a: Arboliva|Substitute\n|-damage|p1a: Arboliva|145/288\n|\n|-weather|SunnyDay|[upkeep]\n|-heal|p2a: Groudon|143/263|[from] item: Leftovers\n|upkeep\n|turn|8\n|\n|t:|1733903386\n|move|p2a: Groudon|Heat Crash|p1a: Arboliva\n|-supereffective|p1a: Arboliva\n|-end|p1a: Arboliva|Substitute\n|move|p1a: Arboliva|Leech Seed|p2a: Groudon\n|-start|p2a: Groudon|move: Leech Seed\n|\n|-weather|SunnyDay|[upkeep]\n|-heal|p2a: Groudon|159/263|[from] item: Leftovers\n|-damage|p2a: Groudon|127/263|[from] Leech Seed|[of] p1a: Arboliva\n|-heal|p1a: Arboliva|177/288|[silent]\n|upkeep\n|turn|9\n|\n|t:|1733903394\n|move|p1a: Arboliva|Protect|p1a: Arboliva\n|-singleturn|p1a: Arboliva|Protect\n|move|p2a: Groudon|Heat Crash|p1a: Arboliva\n|-activate|p1a: Arboliva|move: Protect\n|\n|-weather|SunnyDay|[upkeep]\n|-heal|p2a: Groudon|143/263|[from] item: Leftovers\n|-damage|p2a: Groudon|111/263|[from] Leech Seed|[of] p1a: Arboliva\n|-heal|p1a: Arboliva|209/288|[silent]\n|upkeep\n|turn|10\n|\n|t:|1733903403\n|switch|p1a: Floatzel|Floatzel, L85, F|283/283\n|move|p2a: Groudon|Heat Crash|p1a: Floatzel\n|-resisted|p1a: Floatzel\n|-damage|p1a: Floatzel|191/283\n|\n|-weather|SunnyDay|[upkeep]\n|-heal|p2a: Groudon|127/263|[from] item: Leftovers\n|-damage|p2a: Groudon|95/263|[from] Leech Seed|[of] p1a: Floatzel\n|-heal|p1a: Floatzel|223/283|[silent]\n|upkeep\n|turn|11\n|\n|t:|1733903424\n|switch|p2a: Gumshoos|Gumshoos, L95, M|321/321\n|move|p1a: Floatzel|Flip Turn|p2a: Gumshoos\n|-damage|p2a: Gumshoos|263/321\n|\n|t:|1733903426\n|switch|p1a: Arboliva|Arboliva, L91, M|209/288|[from] Flip Turn\n|\n|-weather|none\n|upkeep\n|turn|12\n|\n|t:|1733903434\n|move|p1a: Arboliva|Protect|p1a: Arboliva\n|-singleturn|p1a: Arboliva|Protect\n|move|p2a: Gumshoos|U-turn|p1a: Arboliva\n|-activate|p1a: Arboliva|move: Protect\n|\n|upkeep\n|turn|13\n|\n|t:|1733903444\n|switch|p2a: Groudon|Groudon, L72|95/263\n|-weather|SunnyDay|[from] ability: Drought|[of] p2a: Groudon\n|move|p1a: Arboliva|Substitute|p1a: Arboliva\n|-start|p1a: Arboliva|Substitute\n|-damage|p1a: Arboliva|137/288\n|-enditem|p1a: Arboliva|Sitrus Berry|[eat]\n|-heal|p1a: Arboliva|209/288|[from] item: Sitrus Berry\n|\n|-weather|SunnyDay|[upkeep]\n|-heal|p2a: Groudon|111/263|[from] item: Leftovers\n|-item|p1a: Arboliva|Sitrus Berry|[from] ability: Harvest\n|upkeep\n|turn|14\n|\n|t:|1733903457\n|move|p2a: Groudon|Heat Crash|p1a: Arboliva\n|-supereffective|p1a: Arboliva\n|-end|p1a: Arboliva|Substitute\n|move|p1a: Arboliva|Hyper Voice|p2a: Groudon\n|-damage|p2a: Groudon|0 fnt\n|faint|p2a: Groudon\n|\n|-weather|SunnyDay|[upkeep]\n|upkeep\n|\n|t:|1733903464\n|switch|p2a: Iron Valiant|Iron Valiant, L78|244/244\n|turn|15\n|\n|t:|1733903469\n|switch|p1a: Deoxys|Deoxys-Defense, L84|221/221\n|-ability|p1a: Deoxys|Pressure\n|move|p2a: Iron Valiant|Close Combat|p1a: Deoxys\n|-resisted|p1a: Deoxys\n|-damage|p1a: Deoxys|163/221\n|-unboost|p2a: Iron Valiant|def|1\n|-unboost|p2a: Iron Valiant|spd|1\n|-damage|p2a: Iron Valiant|220/244|[from] item: Life Orb\n|\n|-weather|SunnyDay|[upkeep]\n|-heal|p1a: Deoxys|176/221|[from] item: Leftovers\n|upkeep\n|turn|16\n|\n|t:|1733903486\n|move|p2a: Iron Valiant|Moonblast|p1a: Deoxys\n|-damage|p1a: Deoxys|101/221\n|-damage|p2a: Iron Valiant|196/244|[from] item: Life Orb\n|move|p1a: Deoxys|Cosmic Power|p1a: Deoxys\n|-boost|p1a: Deoxys|def|1\n|-boost|p1a: Deoxys|spd|1\n|\n|-weather|SunnyDay|[upkeep]\n|-heal|p1a: Deoxys|114/221|[from] item: Leftovers\n|upkeep\n|turn|17\n|\n|t:|1733903498\n|move|p2a: Iron Valiant|Psychic|p1a: Deoxys\n|-resisted|p1a: Deoxys\n|-damage|p1a: Deoxys|97/221\n|-damage|p2a: Iron Valiant|172/244|[from] item: Life Orb\n|move|p1a: Deoxys|Recover|p1a: Deoxys\n|-heal|p1a: Deoxys|208/221\n|\n|-weather|none\n|-heal|p1a: Deoxys|221/221|[from] item: Leftovers\n|upkeep\n|turn|18\n|\n|t:|1733903516\n|move|p2a: Iron Valiant|Moonblast|p1a: Deoxys\n|-damage|p1a: Deoxys|163/221\n|-damage|p2a: Iron Valiant|148/244|[from] item: Life Orb\n|move|p1a: Deoxys|Cosmic Power|p1a: Deoxys\n|-boost|p1a: Deoxys|def|1\n|-boost|p1a: Deoxys|spd|1\n|\n|-heal|p1a: Deoxys|176/221|[from] item: Leftovers\n|upkeep\n|turn|19\n|\n|t:|1733903526\n|move|p2a: Iron Valiant|Close Combat|p1a: Deoxys\n|-resisted|p1a: Deoxys\n|-damage|p1a: Deoxys|150/221\n|-unboost|p2a: Iron Valiant|def|1\n|-unboost|p2a: Iron Valiant|spd|1\n|-damage|p2a: Iron Valiant|124/244|[from] item: Life Orb\n|move|p1a: Deoxys|Cosmic Power|p1a: Deoxys\n|-boost|p1a: Deoxys|def|1\n|-boost|p1a: Deoxys|spd|1\n|\n|-heal|p1a: Deoxys|163/221|[from] item: Leftovers\n|upkeep\n|turn|20\n|\n|t:|1733903538\n|move|p2a: Iron Valiant|Psychic|p1a: Deoxys\n|-resisted|p1a: Deoxys\n|-crit|p1a: Deoxys\n|-damage|p1a: Deoxys|123/221\n|-unboost|p1a: Deoxys|spd|1\n|-damage|p2a: Iron Valiant|100/244|[from] item: Life Orb\n|move|p1a: Deoxys|Cosmic Power|p1a: Deoxys\n|-boost|p1a: Deoxys|def|1\n|-boost|p1a: Deoxys|spd|1\n|\n|-heal|p1a: Deoxys|136/221|[from] item: Leftovers\n|upkeep\n|turn|21\n|\n|t:|1733903553\n|move|p2a: Iron Valiant|Psychic|p1a: Deoxys\n|-resisted|p1a: Deoxys\n|-damage|p1a: Deoxys|124/221\n|-damage|p2a: Iron Valiant|76/244|[from] item: Life Orb\n|move|p1a: Deoxys|Recover|p1a: Deoxys\n|-heal|p1a: Deoxys|221/221\n|\n|upkeep\n|turn|22\n|\n|t:|1733903566\n|-end|p2a: Iron Valiant|Quark Drive|[silent]\n|switch|p2a: Gumshoos|Gumshoos, L95, M|263/321\n|move|p1a: Deoxys|Night Shade|p2a: Gumshoos\n|-immune|p2a: Gumshoos\n|\n|upkeep\n|turn|23\n|\n|t:|1733903572\n|move|p1a: Deoxys|Cosmic Power|p1a: Deoxys\n|-boost|p1a: Deoxys|def|1\n|-boost|p1a: Deoxys|spd|1\n|move|p2a: Gumshoos|U-turn|p1a: Deoxys\n|-supereffective|p1a: Deoxys\n|-damage|p1a: Deoxys|183/221\n|\n|t:|1733903579\n|switch|p2a: Yanmega|Yanmega, L82, M|275/275|[from] U-turn\n|\n|-heal|p1a: Deoxys|196/221|[from] item: Leftovers\n|upkeep\n|turn|24\n|\n|t:|1733903587\n|move|p2a: Yanmega|Bug Buzz|p1a: Deoxys\n|-supereffective|p1a: Deoxys\n|-damage|p1a: Deoxys|148/221\n|move|p1a: Deoxys|Stored Power|p2a: Yanmega\n|-damage|p2a: Yanmega|55/275\n|\n|-heal|p1a: Deoxys|161/221|[from] item: Leftovers\n|-ability|p2a: Yanmega|Speed Boost|boost\n|-boost|p2a: Yanmega|spe|1\n|upkeep\n|turn|25\n|\n|t:|1733903595\n|move|p2a: Yanmega|Bug Buzz|p1a: Deoxys\n|-supereffective|p1a: Deoxys\n|-damage|p1a: Deoxys|111/221\n|move|p1a: Deoxys|Night Shade|p2a: Yanmega\n|-damage|p2a: Yanmega|0 fnt\n|faint|p2a: Yanmega\n|\n|-heal|p1a: Deoxys|124/221|[from] item: Leftovers\n|upkeep\n|\n|t:|1733903605\n|switch|p2a: Gumshoos|Gumshoos, L95, M|263/321\n|turn|26\n|\n|t:|1733903611\n|move|p1a: Deoxys|Stored Power|p2a: Gumshoos\n|-damage|p2a: Gumshoos|68/321\n|move|p2a: Gumshoos|Earthquake|p1a: Deoxys\n|-damage|p1a: Deoxys|98/221\n|\n|-heal|p1a: Deoxys|111/221|[from] item: Leftovers\n|upkeep\n|turn|27\n|\n|t:|1733903618\n|move|p1a: Deoxys|Recover|p1a: Deoxys\n|-heal|p1a: Deoxys|221/221\n|move|p2a: Gumshoos|Earthquake|p1a: Deoxys\n|-damage|p1a: Deoxys|191/221\n|\n|-heal|p1a: Deoxys|204/221|[from] item: Leftovers\n|upkeep\n|turn|28\n|\n|t:|1733903625\n|move|p1a: Deoxys|Stored Power|p2a: Gumshoos\n|-damage|p2a: Gumshoos|0 fnt\n|faint|p2a: Gumshoos\n|\n|-heal|p1a: Deoxys|217/221|[from] item: Leftovers\n|upkeep\n|\n|t:|1733903631\n|switch|p2a: Venomoth|Venomoth, L84, F|255/255\n|turn|29\n|\n|t:|1733903637\n|-terastallize|p2a: Venomoth|Water\n|move|p1a: Deoxys|Stored Power|p2a: Venomoth\n|-damage|p2a: Venomoth|63/255\n|move|p2a: Venomoth|Bug Buzz|p1a: Deoxys\n|-supereffective|p1a: Deoxys\n|-damage|p1a: Deoxys|179/221\n|\n|-heal|p1a: Deoxys|192/221|[from] item: Leftovers\n|upkeep\n|turn|30\n|\n|t:|1733903647\n|move|p1a: Deoxys|Stored Power|p2a: Venomoth\n|-damage|p2a: Venomoth|0 fnt\n|faint|p2a: Venomoth\n|\n|-heal|p1a: Deoxys|205/221|[from] item: Leftovers\n|upkeep\n|\n|t:|1733903652\n|switch|p2a: Iron Valiant|Iron Valiant, L78|76/244\n|turn|31\n|\n|t:|1733903666\n|move|p2a: Iron Valiant|Moonblast|p1a: Deoxys\n|-damage|p1a: Deoxys|174/221\n|-damage|p2a: Iron Valiant|52/244|[from] item: Life Orb\n|move|p1a: Deoxys|Night Shade|p2a: Iron Valiant\n|-damage|p2a: Iron Valiant|0 fnt\n|faint|p2a: Iron Valiant\n|-end|p2a: Iron Valiant|Quark Drive|[silent]\n|\n|-heal|p1a: Deoxys|187/221|[from] item: Leftovers\n|upkeep\n|\n|t:|1733903675\n|switch|p2a: Regirock|Regirock, L83|268/268\n|turn|32\n|\n|t:|1733903682\n|move|p1a: Deoxys|Stored Power|p2a: Regirock\n|-damage|p2a: Regirock|126/268\n|move|p2a: Regirock|Body Press|p1a: Deoxys\n|-resisted|p1a: Deoxys\n|-damage|p1a: Deoxys|178/221\n|\n|-heal|p1a: Deoxys|191/221|[from] item: Leftovers\n|-heal|p2a: Regirock|142/268|[from] item: Leftovers\n|upkeep\n|turn|33\n|\n|t:|1733903692\n|move|p1a: Deoxys|Stored Power|p2a: Regirock\n|-damage|p2a: Regirock|1/268\n|move|p2a: Regirock|Thunder Wave|p1a: Deoxys|[miss]\n|-miss|p2a: Regirock|p1a: Deoxys\n|\n|-heal|p1a: Deoxys|204/221|[from] item: Leftovers\n|-heal|p2a: Regirock|17/268|[from] item: Leftovers\n|upkeep\n|turn|34\n|-message|NobleMP4 forfeited.\n|\n|win|Hteggevegbgen\n|raw|Hteggevegbgen's rating: 1000 &rarr; <strong>1040</strong><br />(+40 for winning)\n|raw|NobleMP4's rating: 1000 &rarr; <strong>1000</strong><br />(+0 for losing)\n|l|\u2606NobleMP4\n|player|p2|\n", "inputlog": ">version bfd83cad13791eb5a5a409923076391caf6fb4d4\n>start {\"formatid\":\"gen9randombattle\",\"seed\":[63533,6035,64717,34477],\"rated\":\"Rated battle\"}\n>player p1 {\"name\":\"Hteggevegbgen\",\"avatar\":\"265\",\"rating\":1000,\"seed\":[61198,34494,12695,57575]}\n>player p2 {\"name\":\"NobleMP4\",\"avatar\":\"266\",\"rating\":1000,\"seed\":[62132,861,27920,65377]}\n>p1 move cosmicpower\n>p2 move stoneedge\n>p1 move nightshade\n>p2 move precipiceblades\n>p1 move nightshade\n>p2 move swordsdance\n>p1 move nightshade\n>p2 switch 4\n>p1 switch 5\n>p2 move earthquake\n>p1 switch 4\n>p1 move leechseed\n>p2 move earthquake\n>p1 move substitute\n>p2 switch 4\n>p1 move leechseed\n>p2 move heatcrash\n>p1 move protect\n>p2 move heatcrash\n>p1 switch 3\n>p2 move heatcrash\n>p1 move flipturn\n>p2 switch 4\n>p1 switch 3\n>p1 move protect\n>p2 move uturn\n>p1 move substitute\n>p2 switch 4\n>p1 move hypervoice\n>p2 move heatcrash\n>p2 switch 5\n>p1 switch 5\n>p2 move closecombat\n>p1 move cosmicpower\n>p2 move moonblast\n>p1 move recover\n>p2 move psychic\n>p1 move cosmicpower\n>p2 move moonblast\n>p1 move cosmicpower\n>p2 move closecombat\n>p1 move cosmicpower\n>p2 move psychic\n>p1 move recover\n>p2 move psychic\n>p1 move nightshade\n>p2 switch 4\n>p1 move cosmicpower\n>p2 move uturn\n>p2 switch 2\n>p1 move storedpower\n>p2 move bugbuzz\n>p1 move nightshade\n>p2 move bugbuzz\n>p2 switch 2\n>p1 move storedpower\n>p2 move earthquake\n>p1 move recover\n>p2 move earthquake\n>p1 move storedpower\n>p2 move earthquake\n>p2 switch 6\n>p1 move storedpower\n>p2 move bugbuzz terastallize\n>p1 move storedpower\n>p2 move sludgewave\n>p2 switch 4\n>p1 move nightshade\n>p2 move moonblast\n>p2 switch 3\n>p1 move storedpower\n>p2 move bodypress\n>p1 move storedpower\n>p2 move thunderwave\n>forcelose p2", "uploadtime": 1733903731, "views": 1, "formatid": "gen9randombattle", "rating": 1000, "private": 0, "password": null}