{"id": "gen9randombattle-2259945383", "format": "[Gen 9] Random Battle", "players": ["UT", "lilsoduko"], "log": "|j|\u2606UT\n|j|\u2606lilsoduko\n|t:|1733782820\n|gametype|singles\n|player|p1|UT|#utxmas|1785\n|player|p2|lilsoduko|2|1796\n|teamsize|p1|6\n|teamsize|p2|6\n|gen|9\n|tier|[Gen 9] Random Battle\n|rated|\n|rule|Species Clause: Limit one of each Pok\u00e9mon\n|rule|HP Percentage Mod: HP is shown in percentages\n|rule|Sleep Clause Mod: Limit one foe put to sleep\n|rule|Illusion Level Mod: Illusion disguises the Pok\u00e9mon's true level\n|\n|t:|1733782820\n|start\n|switch|p1a: Calyrex|Calyrex, L93|337/337\n|switch|p2a: Dodrio|Dodrio, L86, F|243/243\n|-ability|p1a: Calyrex|Unnerve\n|turn|1\n|c|\u2606UT|glhf\n|c|\u2606lilsoduko|u2\n|\n|t:|1733782835\n|switch|p1a: Sudowoodo|Sudowoodo, L94, M|284/284\n|move|p2a: Dodrio|Knock Off|p1a: Sudowoodo\n|-damage|p1a: Sudowoodo|224/284\n|-enditem|p1a: Sudowoodo|Leftovers|[from] move: Knock Off|[of] p2a: Dodrio\n|\n|upkeep\n|turn|2\n|inactive|Battle timer is ON: inactive players will automatically lose when time's up. (requested by lilsoduko)\n|inactive|UT has 120 seconds left.\n|\n|t:|1733782893\n|switch|p2a: Arbok|Arbok, L87, F|246/246\n|-ability|p2a: Arbok|Intimidate|boost\n|-unboost|p1a: Sudowoodo|atk|1\n|move|p1a: Sudowoodo|Stealth Rock|p2a: Arbok\n|-sidestart|p2: lilsoduko|move: Stealth Rock\n|\n|upkeep\n|turn|3\n|\n|t:|1733782903\n|switch|p1a: Calyrex|Calyrex, L93|337/337\n|-ability|p1a: Calyrex|Unnerve\n|move|p2a: Arbok|Earthquake|p1a: Calyrex\n|-resisted|p1a: Calyrex\n|-damage|p1a: Calyrex|286/337\n|\n|-heal|p1a: Calyrex|307/337|[from] item: Leftovers\n|upkeep\n|turn|4\n|\n|t:|1733782926\n|switch|p2a: Delphox|Delphox, L84, M|263/263\n|move|p1a: Calyrex|Psychic|p2a: Delphox\n|-resisted|p2a: Delphox\n|-crit|p2a: Delphox\n|-damage|p2a: Delphox|198/263\n|-unboost|p2a: Delphox|spd|1\n|\n|-heal|p1a: Calyrex|328/337|[from] item: Leftovers\n|upkeep\n|turn|5\n|\n|t:|1733782935\n|switch|p1a: Milotic|Milotic, L83, M|293/293\n|move|p2a: Delphox|Nasty Plot|p2a: Delphox\n|-boost|p2a: Delphox|spa|2\n|\n|upkeep\n|turn|6\n|\n|t:|1733782941\n|switch|p2a: Eternatus|Eternatus, L69|308/308\n|-damage|p2a: Eternatus|270/308|[from] Stealth Rock\n|-ability|p2a: Eternatus|Pressure\n|move|p1a: Milotic|Scald|p2a: Eternatus\n|-resisted|p2a: Eternatus\n|-damage|p2a: Eternatus|220/308\n|-status|p2a: Eternatus|brn\n|\n|-damage|p2a: Eternatus|201/308 brn|[from] brn\n|upkeep\n|turn|7\n|\n|t:|1733782971\n|switch|p2a: Arbok|Arbok, L87, F|246/246\n|-damage|p2a: Arbok|216/246|[from] Stealth Rock\n|-ability|p2a: Arbok|Intimidate|boost\n|-unboost|p1a: Milotic|atk|1\n|-ability|p1a: Milotic|Competitive|boost\n|-boost|p1a: Milotic|spa|2\n|move|p1a: Milotic|Dragon Tail|p2a: Arbok\n|-damage|p2a: Arbok|194/246\n|drag|p2a: Quaquaval|Quaquaval, L79, M|264/264\n|-damage|p2a: Quaquaval|248/264|[from] Stealth Rock\n|\n|upkeep\n|turn|8\n|inactive|lilsoduko has 120 seconds left.\n|\n|t:|1733783004\n|switch|p2a: Mimikyu|Mimikyu, L79, F|216/216\n|-damage|p2a: Mimikyu|189/216|[from] Stealth Rock\n|move|p1a: Milotic|Scald|p2a: Mimikyu\n|-activate|p2a: Mimikyu|ability: Disguise\n|-damage|p2a: Mimikyu|189/216\n|detailschange|p2a: Mimikyu|Mimikyu-Busted, L79, F\n|-damage|p2a: Mimikyu|162/216|[from] pokemon: Mimikyu-Busted\n|\n|upkeep\n|turn|9\n|\n|t:|1733783021\n|move|p2a: Mimikyu|Play Rough|p1a: Milotic\n|-damage|p1a: Milotic|172/293\n|-damage|p2a: Mimikyu|141/216|[from] item: Life Orb\n|move|p1a: Milotic|Scald|p2a: Mimikyu\n|-crit|p2a: Mimikyu\n|-damage|p2a: Mimikyu|0 fnt\n|faint|p2a: Mimikyu\n|\n|-heal|p1a: Milotic|190/293|[from] item: Leftovers\n|upkeep\n|inactive|lilsoduko has 90 seconds left.\n|inactive|lilsoduko has 60 seconds left.\n|\n|t:|1733783071\n|switch|p2a: Arbok|Arbok, L87, F|194/246\n|-damage|p2a: Arbok|164/246|[from] Stealth Rock\n|-ability|p2a: Arbok|Intimidate|boost\n|-unboost|p1a: Milotic|atk|1\n|-ability|p1a: Milotic|Competitive|boost\n|-boost|p1a: Milotic|spa|2\n|turn|10\n|\n|t:|1733783093\n|move|p2a: Arbok|Gunk Shot|p1a: Milotic\n|-damage|p1a: Milotic|0 fnt\n|faint|p1a: Milotic\n|\n|upkeep\n|\n|t:|1733783102\n|switch|p1a: Calyrex|Calyrex, L93|328/337\n|-ability|p1a: Calyrex|Unnerve\n|turn|11\n|\n|t:|1733783105\n|move|p1a: Calyrex|Psychic|p2a: Arbok\n|-supereffective|p2a: Arbok\n|-damage|p2a: Arbok|0 fnt\n|faint|p2a: Arbok\n|\n|-heal|p1a: Calyrex|337/337|[from] item: Leftovers\n|upkeep\n|\n|t:|1733783118\n|switch|p2a: Delphox|Delphox, L84, M|198/263\n|turn|12\n|\n|t:|1733783125\n|move|p2a: Delphox|Nasty Plot|p2a: Delphox\n|-boost|p2a: Delphox|spa|2\n|move|p1a: Calyrex|Leech Seed|p2a: Delphox\n|-start|p2a: Delphox|move: Leech Seed\n|\n|-damage|p2a: Delphox|166/263|[from] Leech Seed|[of] p1a: Calyrex\n|upkeep\n|turn|13\n|inactive|lilsoduko has 90 seconds left.\n|\n|t:|1733783131\n|move|p2a: Delphox|Fire Blast|p1a: Calyrex\n|-supereffective|p1a: Calyrex\n|-damage|p1a: Calyrex|0 fnt\n|faint|p1a: Calyrex\n|\n|upkeep\n|\n|t:|1733783134\n|switch|p1a: Weavile|Weavile, L79, F|240/240\n|turn|14\n|\n|t:|1733783144\n|move|p1a: Weavile|Knock Off|p2a: Delphox\n|-supereffective|p2a: Delphox\n|-damage|p2a: Delphox|0 fnt\n|-enditem|p2a: Delphox|Heavy-Duty Boots|[from] move: Knock Off|[of] p1a: Weavile\n|faint|p2a: Delphox\n|\n|upkeep\n|\n|t:|1733783150\n|switch|p2a: Quaquaval|Quaquaval, L79, M|248/264\n|-damage|p2a: Quaquaval|232/264|[from] Stealth Rock\n|turn|15\n|\n|t:|1733783155\n|switch|p1a: Oricorio|Oricorio-Sensu, L85, M|266/266\n|move|p2a: Quaquaval|Aqua Step|p1a: Oricorio\n|-damage|p1a: Oricorio|128/266\n|-boost|p2a: Quaquaval|spe|1\n|-damage|p2a: Quaquaval|206/264|[from] item: Life Orb\n|-activate|p1a: Oricorio|ability: Dancer\n|move|p1a: Oricorio|Aqua Step|p2a: Quaquaval|[from]ability: Dancer\n|-resisted|p2a: Quaquaval\n|-damage|p2a: Quaquaval|188/264\n|-boost|p1a: Oricorio|spe|1\n|\n|upkeep\n|turn|16\n|\n|t:|1733783167\n|move|p1a: Oricorio|Hurricane|p2a: Quaquaval\n|-supereffective|p2a: Quaquaval\n|-damage|p2a: Quaquaval|0 fnt\n|faint|p2a: Quaquaval\n|\n|upkeep\n|\n|t:|1733783171\n|switch|p2a: Dodrio|Dodrio, L86, F|243/243\n|turn|17\n|\n|t:|1733783181\n|move|p1a: Oricorio|Hurricane|p2a: Dodrio\n|-damage|p2a: Dodrio|96/243\n|move|p2a: Dodrio|Swords Dance|p2a: Dodrio\n|-boost|p2a: Dodrio|atk|2\n|-activate|p1a: Oricorio|ability: Dancer\n|move|p1a: Oricorio|Swords Dance|p1a: Oricorio|[from]ability: Dancer\n|-boost|p1a: Oricorio|atk|2\n|\n|upkeep\n|turn|18\n|-message|lilsoduko forfeited.\n|\n|win|UT\n|raw|UT's rating: 1785 &rarr; <strong>1806</strong><br />(+21 for winning)\n|raw|lilsoduko's rating: 1796 &rarr; <strong>1775</strong><br />(-21 for losing)\n|l|\u2606lilsoduko\n|player|p2|\n", "inputlog": ">version bfd83cad13791eb5a5a409923076391caf6fb4d4\n>start {\"formatid\":\"gen9randombattle\",\"seed\":[57860,49198,43300,44416],\"rated\":\"Rated battle\"}\n>player p1 {\"name\":\"UT\",\"avatar\":\"#utxmas\",\"rating\":1785,\"seed\":[63547,35724,20209,56996]}\n>player p2 {\"name\":\"lilsoduko\",\"avatar\":\"2\",\"rating\":1796,\"seed\":[54459,5076,23630,33179]}\n>chat \u2606UT|glhf\n>chat \u2606lilsoduko|u2\n>p1 switch 2\n>p2 move knockoff\n>p1 move stealthrock\n>p2 switch 4\n>p1 switch 2\n>p2 move earthquake\n>p1 move psychic\n>p2 switch 5\n>p1 switch 3\n>p2 move nastyplot\n>p1 move scald\n>p2 switch 3\n>p1 move dragontail\n>p2 switch 5\n>p1 move scald\n>p2 switch 2\n>p1 move scald\n>p2 move playrough\n>p2 switch 6\n>p1 move scald\n>p2 move gunkshot\n>p1 switch 3\n>p1 move psychic\n>p2 move gunkshot\n>p2 switch 3\n>p1 move leechseed\n>p2 move nastyplot\n>p1 move psychic\n>p2 move fireblast\n>p1 switch 6\n>p1 move knockoff\n>p2 move focusblast\n>p2 switch 2\n>p1 switch 5\n>p2 move aquastep\n>p1 move hurricane\n>p2 move aquastep\n>p2 switch 4\n>p1 move hurricane\n>p2 move swordsdance\n>forcelose p2", "uploadtime": 1733783194, "views": 10, "formatid": "gen9randombattle", "rating": 1775, "private": 0, "password": null}