{"id": "gen9randombattle-2260523248", "format": "[Gen 9] Random Battle", "players": ["FakerOddie", "VMCookie"], "log": "|j|\u2606FakerOddie\n|j|\u2606VMCookie\n|t:|1733859860\n|gametype|singles\n|player|p1|FakerOddie|marley|\n|player|p2|VMCookie|hilda|\n|teamsize|p1|6\n|teamsize|p2|6\n|gen|9\n|tier|[Gen 9] Random Battle\n|rule|Species Clause: Limit one of each Pok\u00e9mon\n|rule|HP Percentage Mod: HP is shown in percentages\n|rule|Sleep Clause Mod: Limit one foe put to sleep\n|rule|Illusion Level Mod: Illusion disguises the Pok\u00e9mon's true level\n|\n|t:|1733859860\n|start\n|switch|p1a: Malamar|Malamar, L82, F|275/275\n|switch|p2a: Drifblim|Drifblim, L86, M|396/396\n|turn|1\n|\n|t:|1733859899\n|switch|p2a: Sandaconda|Sandaconda, L84, F|258/258\n|move|p1a: Malamar|Knock Off|p2a: Sandaconda\n|-damage|p2a: Sandaconda|183/258\n|-enditem|p2a: Sandaconda|Leftovers|[from] move: Knock Off|[of] p1a: Malamar\n|\n|upkeep\n|turn|2\n|\n|t:|1733859915\n|move|p2a: Sandaconda|Earthquake|p1a: Malamar\n|-damage|p1a: Malamar|157/275\n|move|p1a: Malamar|Psycho Cut|p2a: Sandaconda\n|-damage|p2a: Sandaconda|129/258\n|\n|upkeep\n|turn|3\n|\n|t:|1733859931\n|switch|p1a: Tropius|Tropius, L91, M|328/328\n|move|p2a: Sandaconda|Stone Edge|p1a: Tropius\n|-supereffective|p1a: Tropius\n|-damage|p1a: Tropius|182/328\n|\n|upkeep\n|turn|4\n|\n|t:|1733859943\n|move|p2a: Sandaconda|Coil|p2a: Sandaconda\n|-boost|p2a: Sandaconda|atk|1\n|-boost|p2a: Sandaconda|def|1\n|-boost|p2a: Sandaconda|accuracy|1\n|move|p1a: Tropius|Earthquake|p2a: Sandaconda\n|-damage|p2a: Sandaconda|97/258\n|\n|upkeep\n|turn|5\n|\n|t:|1733859952\n|move|p2a: Sandaconda|Coil|p2a: Sandaconda\n|-boost|p2a: Sandaconda|atk|1\n|-boost|p2a: Sandaconda|def|1\n|-boost|p2a: Sandaconda|accuracy|1\n|move|p1a: Tropius|Synthesis|p1a: Tropius\n|-heal|p1a: Tropius|328/328\n|\n|upkeep\n|turn|6\n|\n|t:|1733859967\n|-terastallize|p1a: Tropius|Ground\n|move|p2a: Sandaconda|Earthquake|p1a: Tropius\n|-damage|p1a: Tropius|117/328\n|-enditem|p1a: Tropius|Sitrus Berry|[eat]\n|-heal|p1a: Tropius|199/328|[from] item: Sitrus Berry\n|move|p1a: Tropius|Dragon Dance|p1a: Tropius\n|-boost|p1a: Tropius|atk|1\n|-boost|p1a: Tropius|spe|1\n|\n|-item|p1a: Tropius|Sitrus Berry|[from] ability: Harvest\n|upkeep\n|turn|7\n|\n|t:|1733859987\n|move|p1a: Tropius|Earthquake|p2a: Sandaconda\n|-damage|p2a: Sandaconda|43/258\n|move|p2a: Sandaconda|Earthquake|p1a: Tropius\n|-damage|p1a: Tropius|0 fnt\n|faint|p1a: Tropius\n|\n|upkeep\n|\n|t:|1733860008\n|switch|p1a: Malamar|Malamar, L82, F|157/275\n|turn|8\n|\n|t:|1733860048\n|switch|p2a: Zapdos|Zapdos-Galar, L77|265/265\n|move|p1a: Malamar|Superpower|p2a: Zapdos\n|-resisted|p2a: Zapdos\n|-damage|p2a: Zapdos|222/265\n|-boost|p1a: Malamar|atk|1\n|-boost|p1a: Malamar|def|1\n|\n|upkeep\n|turn|9\n|\n|t:|1733860059\n|move|p2a: Zapdos|Close Combat|p1a: Malamar\n|-damage|p1a: Malamar|70/275\n|-unboost|p2a: Zapdos|def|1\n|-unboost|p2a: Zapdos|spd|1\n|move|p1a: Malamar|Knock Off|p2a: Zapdos\n|-resisted|p2a: Zapdos\n|-damage|p2a: Zapdos|108/265\n|-enditem|p2a: Zapdos|Choice Scarf|[from] move: Knock Off|[of] p1a: Malamar\n|\n|upkeep\n|turn|10\n|\n|t:|1733860082\n|move|p2a: Zapdos|Brave Bird|p1a: Malamar\n|-damage|p1a: Malamar|0 fnt\n|faint|p1a: Malamar\n|-damage|p2a: Zapdos|85/265|[from] Recoil\n|\n|upkeep\n|\n|t:|1733860091\n|switch|p1a: Forretress|Forretress, L84, M|263/263\n|turn|11\n|\n|t:|1733860110\n|move|p2a: Zapdos|U-turn|p1a: Forretress\n|-resisted|p1a: Forretress\n|-damage|p1a: Forretress|247/263\n|\n|t:|1733860114\n|switch|p2a: Iron Moth|Iron Moth, L78|253/253|[from] U-turn\n|move|p1a: Forretress|Toxic Spikes|p2a: Iron Moth\n|-sidestart|p2: VMCookie|move: Toxic Spikes\n|\n|-heal|p1a: Forretress|263/263|[from] item: Leftovers\n|upkeep\n|turn|12\n|\n|t:|1733860121\n|move|p2a: Iron Moth|Fire Blast|p1a: Forretress\n|-supereffective|p1a: Forretress\n|-ability|p1a: Forretress|Sturdy\n|-damage|p1a: Forretress|1/263\n|move|p1a: Forretress|Toxic Spikes|p2a: Iron Moth\n|-sidestart|p2: VMCookie|move: Toxic Spikes\n|\n|-heal|p1a: Forretress|17/263|[from] item: Leftovers\n|upkeep\n|turn|13\n|\n|t:|1733860143\n|move|p2a: Iron Moth|Fire Blast|p1a: Forretress\n|-supereffective|p1a: Forretress\n|-damage|p1a: Forretress|0 fnt\n|faint|p1a: Forretress\n|\n|upkeep\n|\n|t:|1733860152\n|switch|p1a: Cresselia|Cresselia, L80, F|323/323\n|turn|14\n|\n|t:|1733860179\n|move|p2a: Iron Moth|Fire Blast|p1a: Cresselia\n|-damage|p1a: Cresselia|146/323\n|move|p1a: Cresselia|Calm Mind|p1a: Cresselia\n|-boost|p1a: Cresselia|spa|1\n|-boost|p1a: Cresselia|spd|1\n|\n|-heal|p1a: Cresselia|166/323|[from] item: Leftovers\n|upkeep\n|turn|15\n|\n|t:|1733860200\n|move|p2a: Iron Moth|Fire Blast|p1a: Cresselia\n|-damage|p1a: Cresselia|51/323\n|move|p1a: Cresselia|Thunderbolt|p2a: Iron Moth\n|-damage|p2a: Iron Moth|184/253\n|\n|-heal|p1a: Cresselia|71/323|[from] item: Leftovers\n|upkeep\n|turn|16\n|\n|t:|1733860210\n|move|p2a: Iron Moth|Fire Blast|p1a: Cresselia\n|-damage|p1a: Cresselia|0 fnt\n|faint|p1a: Cresselia\n|\n|upkeep\n|\n|t:|1733860216\n|switch|p1a: Muk|Muk-Alola, L82, F|306/306\n|turn|17\n|\n|t:|1733860224\n|move|p2a: Iron Moth|Fire Blast|p1a: Muk\n|-damage|p1a: Muk|186/306\n|move|p1a: Muk|Knock Off|p2a: Iron Moth\n|-damage|p2a: Iron Moth|48/253\n|-enditem|p2a: Iron Moth|Choice Specs|[from] move: Knock Off|[of] p1a: Muk\n|\n|upkeep\n|turn|18\n|\n|t:|1733860236\n|move|p1a: Muk|Shadow Sneak|p2a: Iron Moth\n|-damage|p2a: Iron Moth|5/253\n|move|p2a: Iron Moth|U-turn|p1a: Muk\n|-damage|p1a: Muk|146/306\n|\n|t:|1733860242\n|-end|p2a: Iron Moth|Quark Drive|[silent]\n|switch|p2a: Drednaw|Drednaw, L81, M|278/278|[from] U-turn\n|-status|p2a: Drednaw|tox\n|\n|-damage|p2a: Drednaw|261/278 tox|[from] psn\n|upkeep\n|turn|19\n|\n|t:|1733860254\n|move|p2a: Drednaw|Liquidation|p1a: Muk\n|-damage|p1a: Muk|25/306\n|move|p1a: Muk|Drain Punch|p2a: Drednaw\n|-supereffective|p2a: Drednaw\n|-damage|p2a: Drednaw|149/278 tox\n|-heal|p1a: Muk|81/306|[from] drain|[of] p2a: Drednaw\n|\n|-damage|p2a: Drednaw|115/278 tox|[from] psn\n|upkeep\n|turn|20\n|\n|t:|1733860265\n|move|p2a: Drednaw|Stone Edge|p1a: Muk|[miss]\n|-miss|p2a: Drednaw|p1a: Muk\n|move|p1a: Muk|Drain Punch|p2a: Drednaw\n|-supereffective|p2a: Drednaw\n|-damage|p2a: Drednaw|13/278 tox\n|-heal|p1a: Muk|132/306|[from] drain|[of] p2a: Drednaw\n|\n|-damage|p2a: Drednaw|0 fnt|[from] psn\n|faint|p2a: Drednaw\n|upkeep\n|\n|t:|1733860288\n|switch|p2a: Gardevoir|Gardevoir, L83, M|249/249\n|-status|p2a: Gardevoir|tox\n|-ability|p2a: Gardevoir|Poison Touch|[from] ability: Trace|[of] p1a: Muk\n|turn|21\n|\n|t:|1733860298\n|-terastallize|p2a: Gardevoir|Fighting\n|move|p2a: Gardevoir|Focus Blast|p1a: Muk\n|-damage|p1a: Muk|29/306\n|move|p1a: Muk|Knock Off|p2a: Gardevoir\n|-resisted|p2a: Gardevoir\n|-damage|p2a: Gardevoir|183/249 tox\n|-enditem|p2a: Gardevoir|Choice Scarf|[from] move: Knock Off|[of] p1a: Muk\n|\n|-damage|p2a: Gardevoir|168/249 tox|[from] psn\n|upkeep\n|turn|22\n|\n|t:|1733860310\n|switch|p1a: Serperior|Serperior, L79, F|248/248\n|move|p2a: Gardevoir|Focus Blast|p1a: Serperior\n|-damage|p1a: Serperior|91/248\n|\n|-heal|p1a: Serperior|106/248|[from] item: Leftovers\n|-damage|p2a: Gardevoir|138/249 tox|[from] psn\n|upkeep\n|turn|23\n|\n|t:|1733860336\n|move|p1a: Serperior|Leech Seed|p2a: Gardevoir\n|-start|p2a: Gardevoir|move: Leech Seed\n|move|p2a: Gardevoir|Focus Blast|p1a: Serperior\n|-damage|p1a: Serperior|0 fnt\n|faint|p1a: Serperior\n|\n|-damage|p2a: Gardevoir|93/249 tox|[from] psn\n|upkeep\n|\n|t:|1733860344\n|switch|p1a: Muk|Muk-Alola, L82, F|29/306\n|turn|24\n|\n|t:|1733860348\n|move|p2a: Gardevoir|Focus Blast|p1a: Muk\n|-damage|p1a: Muk|0 fnt\n|faint|p1a: Muk\n|\n|win|VMCookie\n|l|\u2606FakerOddie\n|player|p1|\n", "inputlog": ">version bfd83cad13791eb5a5a409923076391caf6fb4d4\n>start {\"formatid\":\"gen9randombattle\",\"seed\":[34152,59891,25460,31266]}\n>player p1 {\"name\":\"FakerOddie\",\"avatar\":\"marley\",\"rating\":0,\"seed\":[20922,51148,10053,37400]}\n>player p2 {\"name\":\"VMCookie\",\"avatar\":\"hilda\",\"rating\":0,\"seed\":[47111,14604,19451,39566]}\n>p1 move knockoff\n>p2 switch 3\n>p1 move psychocut\n>p2 move earthquake\n>p1 switch 3\n>p2 move stoneedge\n>p1 move earthquake\n>p2 move coil\n>p1 move synthesis\n>p2 move coil\n>p1 move dragondance terastallize\n>p2 move earthquake\n>p1 move earthquake\n>p2 move earthquake\n>p1 switch 3\n>p1 move superpower\n>p2 switch 2\n>p1 move knockoff\n>p2 move closecombat\n>p1 move psychocut\n>p2 move bravebird\n>p1 switch 6\n>p1 move toxicspikes\n>p2 move uturn\n>p2 switch 5\n>p1 move toxicspikes\n>p2 move fireblast\n>p1 move voltswitch\n>p2 move fireblast\n>p1 switch 4\n>p1 move calmmind\n>p2 move fireblast\n>p1 move thunderbolt\n>p2 move fireblast\n>p1 move psyshock\n>p2 move fireblast\n>p1 switch 2\n>p1 move knockoff\n>p2 move fireblast\n>p1 move shadowsneak\n>p2 move uturn\n>p2 switch 4\n>p1 move drainpunch\n>p2 move liquidation\n>p1 move drainpunch\n>p2 move stoneedge\n>p2 switch 6\n>p1 move knockoff\n>p2 move focusblast terastallize\n>p1 switch 5\n>p2 move focusblast\n>p1 move leechseed\n>p2 move focusblast\n>p1 switch 5\n>p1 move drainpunch\n>p2 move focusblast", "uploadtime": 1733860364, "views": 3, "formatid": "gen9randombattle", "rating": null, "private": 0, "password": null}