{"id": "gen9randombattle-2260370497", "format": "[Gen 9] Random Battle", "players": ["PrimalTitan", "MasterVelyk2"], "log": "|j|\u2606PrimalTitan\n|j|\u2606MasterVelyk2\n|t:|1733844927\n|gametype|singles\n|player|p1|PrimalTitan|cynthia-gen4|1048\n|player|p2|MasterVelyk2|iris|1100\n|teamsize|p1|6\n|teamsize|p2|6\n|gen|9\n|tier|[Gen 9] Random Battle\n|rated|\n|rule|Species Clause: Limit one of each Pok\u00e9mon\n|rule|HP Percentage Mod: HP is shown in percentages\n|rule|Sleep Clause Mod: Limit one foe put to sleep\n|rule|Illusion Level Mod: Illusion disguises the Pok\u00e9mon's true level\n|\n|t:|1733844927\n|start\n|switch|p1a: Persian|Persian, L92, M|269/269\n|switch|p2a: Hitmonlee|Hitmonlee, L85, M|224/224\n|turn|1\n|inactive|Battle timer is ON: inactive players will automatically lose when time's up. (requested by PrimalTitan)\n|\n|t:|1733844937\n|move|p1a: Persian|Fake Out|p2a: Hitmonlee\n|-damage|p2a: Hitmonlee|131/224\n|cant|p2a: Hitmonlee|flinch\n|\n|upkeep\n|turn|2\n|\n|t:|1733844954\n|move|p1a: Persian|U-turn|p2a: Hitmonlee\n|-resisted|p2a: Hitmonlee\n|-damage|p2a: Hitmonlee|98/224\n|\n|t:|1733844957\n|switch|p1a: Deoxys|Deoxys-Attack, L72|191/191|[from] U-turn\n|-ability|p1a: Deoxys|Pressure\n|move|p2a: Hitmonlee|Close Combat|p1a: Deoxys\n|-resisted|p1a: Deoxys\n|-damage|p1a: Deoxys|0 fnt\n|-unboost|p2a: Hitmonlee|def|1\n|-unboost|p2a: Hitmonlee|spd|1\n|-enditem|p2a: Hitmonlee|White Herb\n|-clearnegativeboost|p2a: Hitmonlee|[silent]\n|faint|p1a: Deoxys\n|\n|upkeep\n|\n|t:|1733844976\n|switch|p1a: Persian|Persian, L92, M|269/269\n|turn|3\n|inactive|MasterVelyk2 has 120 seconds left.\n|\n|t:|1733845030\n|move|p1a: Persian|Fake Out|p2a: Hitmonlee\n|-damage|p2a: Hitmonlee|4/224\n|cant|p2a: Hitmonlee|flinch\n|\n|upkeep\n|turn|4\n|\n|t:|1733845052\n|move|p2a: Hitmonlee|Close Combat|p1a: Persian\n|-supereffective|p1a: Persian\n|-damage|p1a: Persian|0 fnt\n|-unboost|p2a: Hitmonlee|def|1\n|-unboost|p2a: Hitmonlee|spd|1\n|faint|p1a: Persian\n|\n|upkeep\n|inactive|PrimalTitan has 120 seconds left.\n|\n|t:|1733845069\n|switch|p1a: Passimian|Passimian, L83, F|302/302\n|turn|5\n|\n|t:|1733845088\n|move|p2a: Hitmonlee|Close Combat|p1a: Passimian\n|-damage|p1a: Passimian|137/302\n|-unboost|p2a: Hitmonlee|def|1\n|-unboost|p2a: Hitmonlee|spd|1\n|move|p1a: Passimian|Knock Off|p2a: Hitmonlee\n|-resisted|p2a: Hitmonlee\n|-damage|p2a: Hitmonlee|0 fnt\n|faint|p2a: Hitmonlee\n|\n|upkeep\n|inactive|MasterVelyk2 has 90 seconds left.\n|\n|t:|1733845125\n|switch|p2a: Ambipom|Ambipom, L84, F|263/263\n|turn|6\n|\n|t:|1733845132\n|switch|p1a: Eelektross|Eelektross, L87, M|290/290\n|move|p2a: Ambipom|Fake Out|p1a: Eelektross\n|-damage|p1a: Eelektross|211/290\n|\n|upkeep\n|turn|7\n|inactive|MasterVelyk2 has 90 seconds left.\n|inactive|MasterVelyk2 has 60 seconds left.\n|\n|t:|1733845174\n|move|p2a: Ambipom|Knock Off|p1a: Eelektross\n|-damage|p1a: Eelektross|139/290\n|-enditem|p1a: Eelektross|Assault Vest|[from] move: Knock Off|[of] p2a: Ambipom\n|move|p1a: Eelektross|Close Combat|p2a: Ambipom\n|-supereffective|p2a: Ambipom\n|-damage|p2a: Ambipom|3/263\n|-unboost|p1a: Eelektross|def|1\n|-unboost|p1a: Eelektross|spd|1\n|\n|upkeep\n|turn|8\n|inactive|MasterVelyk2 has 60 seconds left.\n|\n|t:|1733845191\n|move|p2a: Ambipom|Double-Edge|p1a: Eelektross\n|-damage|p1a: Eelektross|0 fnt\n|faint|p1a: Eelektross\n|-damage|p2a: Ambipom|0 fnt|[from] Recoil\n|faint|p2a: Ambipom\n|\n|upkeep\n|\n|t:|1733845200\n|switch|p2a: Registeel|Registeel, L81|262/262\n|switch|p1a: Passimian|Passimian, L83, F|137/302\n|turn|9\n|\n|t:|1733845210\n|switch|p2a: Tentacruel|Tentacruel, L84, F|272/272\n|move|p1a: Passimian|Earthquake|p2a: Tentacruel\n|-supereffective|p2a: Tentacruel\n|-damage|p2a: Tentacruel|78/272\n|\n|upkeep\n|turn|10\n|\n|t:|1733845223\n|move|p1a: Passimian|Earthquake|p2a: Tentacruel\n|-supereffective|p2a: Tentacruel\n|-damage|p2a: Tentacruel|0 fnt\n|faint|p2a: Tentacruel\n|\n|upkeep\n|\n|t:|1733845229\n|switch|p2a: Delibird|Delibird, F|252/252\n|turn|11\n|\n|t:|1733845234\n|switch|p1a: Volcarona|Volcarona, L77, M|257/257\n|move|p2a: Delibird|Brave Bird|p1a: Volcarona\n|-supereffective|p1a: Volcarona\n|-damage|p1a: Volcarona|0 fnt\n|-status|p2a: Delibird|brn|[from] ability: Flame Body|[of] p1a: Volcarona\n|faint|p1a: Volcarona\n|-damage|p2a: Delibird|167/252 brn|[from] Recoil\n|\n|-damage|p2a: Delibird|152/252 brn|[from] brn\n|upkeep\n|\n|t:|1733845244\n|switch|p1a: Giratina|Giratina, L75|349/349\n|-ability|p1a: Giratina|Pressure\n|turn|12\n|\n|t:|1733845268\n|move|p2a: Delibird|Ice Spinner|p1a: Giratina\n|-supereffective|p1a: Giratina\n|-damage|p1a: Giratina|252/349\n|move|p1a: Giratina|Shadow Ball|p2a: Delibird\n|-damage|p2a: Delibird|61/252 brn\n|\n|-heal|p1a: Giratina|273/349|[from] item: Leftovers\n|-damage|p2a: Delibird|46/252 brn|[from] brn\n|upkeep\n|turn|13\n|\n|t:|1733845282\n|switch|p1a: Passimian|Passimian, L83, F|137/302\n|move|p2a: Delibird|Ice Spinner|p1a: Passimian\n|-damage|p1a: Passimian|77/302\n|\n|-damage|p2a: Delibird|31/252 brn|[from] brn\n|upkeep\n|turn|14\n|\n|t:|1733845292\n|move|p1a: Passimian|Knock Off|p2a: Delibird\n|-damage|p2a: Delibird|0 fnt\n|-enditem|p2a: Delibird|Heavy-Duty Boots|[from] move: Knock Off|[of] p1a: Passimian\n|faint|p2a: Delibird\n|\n|upkeep\n|\n|t:|1733845303\n|switch|p2a: Registeel|Registeel, L81|262/262\n|turn|15\n|\n|t:|1733845310\n|switch|p1a: Giratina|Giratina, L75|273/349\n|-ability|p1a: Giratina|Pressure\n|-terastallize|p2a: Registeel|Fighting\n|move|p2a: Registeel|Iron Defense|p2a: Registeel\n|-boost|p2a: Registeel|def|2\n|\n|-heal|p1a: Giratina|294/349|[from] item: Leftovers\n|upkeep\n|turn|16\n|inactive|MasterVelyk2 has 90 seconds left.\n|inactive|PrimalTitan has 120 seconds left.\n|inactive|MasterVelyk2 has 60 seconds left.\n|\n|t:|1733845350\n|move|p2a: Registeel|Iron Head|p1a: Giratina\n|-damage|p1a: Giratina|240/349\n|cant|p1a: Giratina|flinch\n|\n|-heal|p1a: Giratina|261/349|[from] item: Leftovers\n|upkeep\n|turn|17\n|inactive|PrimalTitan has 120 seconds left.\n|\n|t:|1733845357\n|move|p2a: Registeel|Iron Head|p1a: Giratina\n|-damage|p1a: Giratina|209/349\n|cant|p1a: Giratina|flinch\n|\n|-heal|p1a: Giratina|230/349|[from] item: Leftovers\n|upkeep\n|turn|18\n|\n|t:|1733845362\n|move|p2a: Registeel|Iron Head|p1a: Giratina\n|-damage|p1a: Giratina|173/349\n|move|p1a: Giratina|Dragon Tail|p2a: Registeel\n|-damage|p2a: Registeel|244/262\n|drag|p2a: Feraligatr|Feraligatr, L79, F|264/264\n|\n|-heal|p1a: Giratina|194/349|[from] item: Leftovers\n|upkeep\n|turn|19\n|inactive|PrimalTitan has 120 seconds left.\n|\n|t:|1733845378\n|move|p1a: Giratina|Shadow Ball|p2a: Feraligatr\n|-crit|p2a: Feraligatr\n|-damage|p2a: Feraligatr|138/264\n|move|p2a: Feraligatr|Liquidation|p1a: Giratina\n|-resisted|p1a: Giratina\n|-damage|p1a: Giratina|126/349\n|\n|-heal|p1a: Giratina|147/349|[from] item: Leftovers\n|upkeep\n|turn|20\n|\n|t:|1733845386\n|move|p1a: Giratina|Rest|p1a: Giratina\n|-status|p1a: Giratina|slp|[from] move: Rest\n|-heal|p1a: Giratina|349/349 slp|[silent]\n|move|p2a: Feraligatr|Ice Punch|p1a: Giratina\n|-supereffective|p1a: Giratina\n|-damage|p1a: Giratina|196/349 slp\n|\n|-heal|p1a: Giratina|217/349 slp|[from] item: Leftovers\n|upkeep\n|turn|21\n|\n|t:|1733845395\n|cant|p1a: Giratina|slp\n|move|p1a: Giratina|Sleep Talk|p1a: Giratina\n|move|p1a: Giratina|Dragon Tail|p2a: Feraligatr|[from]move: Sleep Talk\n|-damage|p2a: Feraligatr|84/264\n|drag|p2a: Registeel|Registeel, L81, tera:Fighting|244/262\n|\n|-heal|p1a: Giratina|238/349 slp|[from] item: Leftovers\n|upkeep\n|turn|22\n|\n|t:|1733845406\n|cant|p1a: Giratina|slp\n|move|p1a: Giratina|Sleep Talk|p1a: Giratina\n|move|p1a: Giratina|Dragon Tail|p2a: Registeel|[from]move: Sleep Talk\n|-damage|p2a: Registeel|208/262\n|drag|p2a: Feraligatr|Feraligatr, L79, F|84/264\n|\n|-heal|p1a: Giratina|259/349 slp|[from] item: Leftovers\n|upkeep\n|turn|23\n|\n|t:|1733845415\n|-curestatus|p1a: Giratina|slp|[msg]\n|move|p1a: Giratina|Sleep Talk||[still]\n|-fail|p1a: Giratina\n|move|p2a: Feraligatr|Ice Punch|p1a: Giratina\n|-supereffective|p1a: Giratina\n|-damage|p1a: Giratina|119/349\n|\n|-heal|p1a: Giratina|140/349|[from] item: Leftovers\n|upkeep\n|turn|24\n|inactive|PrimalTitan has 120 seconds left.\n|\n|t:|1733845445\n|-terastallize|p1a: Giratina|Fairy\n|move|p1a: Giratina|Rest|p1a: Giratina\n|-status|p1a: Giratina|slp|[from] move: Rest\n|-heal|p1a: Giratina|349/349 slp|[silent]\n|move|p2a: Feraligatr|Ice Punch|p1a: Giratina\n|-damage|p1a: Giratina|268/349 slp\n|\n|-heal|p1a: Giratina|289/349 slp|[from] item: Leftovers\n|upkeep\n|turn|25\n|inactive|MasterVelyk2 has 120 seconds left.\n|\n|t:|1733845458\n|cant|p1a: Giratina|slp\n|move|p1a: Giratina|Sleep Talk|p1a: Giratina\n|move|p1a: Giratina|Shadow Ball|p2a: Feraligatr|[from]move: Sleep Talk\n|-damage|p2a: Feraligatr|2/264\n|move|p2a: Feraligatr|Liquidation|p1a: Giratina\n|-damage|p1a: Giratina|163/349 slp\n|\n|-heal|p1a: Giratina|184/349 slp|[from] item: Leftovers\n|upkeep\n|turn|26\n|\n|t:|1733845466\n|cant|p1a: Giratina|slp\n|move|p1a: Giratina|Sleep Talk|p1a: Giratina\n|move|p1a: Giratina|Shadow Ball|p2a: Feraligatr|[from]move: Sleep Talk\n|-damage|p2a: Feraligatr|0 fnt\n|faint|p2a: Feraligatr\n|\n|-heal|p1a: Giratina|205/349 slp|[from] item: Leftovers\n|upkeep\n|\n|t:|1733845469\n|switch|p2a: Registeel|Registeel, L81, tera:Fighting|208/262\n|turn|27\n|\n|t:|1733845480\n|-curestatus|p1a: Giratina|slp|[msg]\n|move|p1a: Giratina|Sleep Talk||[still]\n|-fail|p1a: Giratina\n|move|p2a: Registeel|Iron Defense|p2a: Registeel\n|-boost|p2a: Registeel|def|2\n|\n|-heal|p1a: Giratina|226/349|[from] item: Leftovers\n|upkeep\n|turn|28\n|inactive|PrimalTitan has 120 seconds left.\n|\n|t:|1733845506\n|move|p2a: Registeel|Iron Head|p1a: Giratina\n|-supereffective|p1a: Giratina\n|-damage|p1a: Giratina|104/349\n|move|p1a: Giratina|Dragon Tail|p2a: Registeel\n|-damage|p2a: Registeel|189/262\n|\n|-heal|p1a: Giratina|125/349|[from] item: Leftovers\n|upkeep\n|turn|29\n|\n|t:|1733845514\n|move|p1a: Giratina|Rest|p1a: Giratina\n|-status|p1a: Giratina|slp|[from] move: Rest\n|-heal|p1a: Giratina|349/349 slp|[silent]\n|move|p2a: Registeel|Iron Defense|p2a: Registeel\n|-boost|p2a: Registeel|def|2\n|\n|upkeep\n|turn|30\n|\n|t:|1733845520\n|cant|p1a: Giratina|slp\n|move|p1a: Giratina|Sleep Talk|p1a: Giratina\n|move|p1a: Giratina|Shadow Ball|p2a: Registeel|[from]move: Sleep Talk\n|-damage|p2a: Registeel|141/262\n|move|p2a: Registeel|Iron Defense|p2a: Registeel\n|-boost|p2a: Registeel|def|2\n|\n|upkeep\n|turn|31\n|\n|t:|1733845544\n|cant|p1a: Giratina|slp\n|move|p1a: Giratina|Sleep Talk|p1a: Giratina\n|move|p1a: Giratina|Shadow Ball|p2a: Registeel|[from]move: Sleep Talk\n|-damage|p2a: Registeel|95/262\n|move|p2a: Registeel|Iron Head|p1a: Giratina\n|-supereffective|p1a: Giratina\n|-damage|p1a: Giratina|241/349 slp\n|\n|-heal|p1a: Giratina|262/349 slp|[from] item: Leftovers\n|upkeep\n|turn|32\n|\n|t:|1733845557\n|-curestatus|p1a: Giratina|slp|[msg]\n|move|p1a: Giratina|Shadow Ball|p2a: Registeel\n|-damage|p2a: Registeel|50/262\n|move|p2a: Registeel|Rest|p2a: Registeel\n|-status|p2a: Registeel|slp|[from] move: Rest\n|-heal|p2a: Registeel|262/262 slp|[silent]\n|-enditem|p2a: Registeel|Chesto Berry|[eat]\n|-curestatus|p2a: Registeel|slp|[msg]\n|\n|-heal|p1a: Giratina|283/349|[from] item: Leftovers\n|upkeep\n|turn|33\n|\n|t:|1733845568\n|move|p1a: Giratina|Shadow Ball|p2a: Registeel\n|-damage|p2a: Registeel|213/262\n|move|p2a: Registeel|Iron Head|p1a: Giratina\n|-supereffective|p1a: Giratina\n|-damage|p1a: Giratina|157/349\n|\n|-heal|p1a: Giratina|178/349|[from] item: Leftovers\n|upkeep\n|turn|34\n|\n|t:|1733845575\n|move|p1a: Giratina|Shadow Ball|p2a: Registeel\n|-damage|p2a: Registeel|167/262\n|move|p2a: Registeel|Iron Head|p1a: Giratina\n|-supereffective|p1a: Giratina\n|-damage|p1a: Giratina|74/349\n|\n|-heal|p1a: Giratina|95/349|[from] item: Leftovers\n|upkeep\n|turn|35\n|\n|t:|1733845582\n|move|p1a: Giratina|Rest|p1a: Giratina\n|-status|p1a: Giratina|slp|[from] move: Rest\n|-heal|p1a: Giratina|349/349 slp|[silent]\n|move|p2a: Registeel|Iron Head|p1a: Giratina\n|-supereffective|p1a: Giratina\n|-damage|p1a: Giratina|229/349 slp\n|\n|-heal|p1a: Giratina|250/349 slp|[from] item: Leftovers\n|upkeep\n|turn|36\n|\n|t:|1733845590\n|cant|p1a: Giratina|slp\n|move|p1a: Giratina|Sleep Talk|p1a: Giratina\n|move|p1a: Giratina|Shadow Ball|p2a: Registeel|[from]move: Sleep Talk\n|-damage|p2a: Registeel|122/262\n|move|p2a: Registeel|Iron Head|p1a: Giratina\n|-supereffective|p1a: Giratina\n|-damage|p1a: Giratina|146/349 slp\n|\n|-heal|p1a: Giratina|167/349 slp|[from] item: Leftovers\n|upkeep\n|turn|37\n|\n|t:|1733845600\n|cant|p1a: Giratina|slp\n|move|p1a: Giratina|Sleep Talk|p1a: Giratina\n|move|p1a: Giratina|Dragon Tail|p2a: Registeel|[from]move: Sleep Talk\n|-damage|p2a: Registeel|112/262\n|move|p2a: Registeel|Iron Head|p1a: Giratina\n|-supereffective|p1a: Giratina\n|-damage|p1a: Giratina|57/349 slp\n|\n|-heal|p1a: Giratina|78/349 slp|[from] item: Leftovers\n|upkeep\n|turn|38\n|\n|t:|1733845610\n|switch|p1a: Passimian|Passimian, L83, F|77/302\n|move|p2a: Registeel|Iron Head|p1a: Passimian\n|-damage|p1a: Passimian|17/302\n|\n|upkeep\n|turn|39\n|\n|t:|1733845639\n|move|p1a: Passimian|Close Combat|p2a: Registeel\n|-damage|p2a: Registeel|88/262\n|-unboost|p1a: Passimian|def|1\n|-unboost|p1a: Passimian|spd|1\n|move|p2a: Registeel|Body Press|p1a: Passimian\n|-damage|p1a: Passimian|0 fnt\n|faint|p1a: Passimian\n|\n|upkeep\n|\n|t:|1733845647\n|switch|p1a: Giratina|Giratina, L75, tera:Fairy|78/349 slp\n|-ability|p1a: Giratina|Pressure\n|turn|40\n|\n|t:|1733845659\n|-curestatus|p1a: Giratina|slp|[msg]\n|move|p1a: Giratina|Rest|p1a: Giratina\n|-status|p1a: Giratina|slp|[from] move: Rest\n|-heal|p1a: Giratina|349/349 slp|[silent]\n|move|p2a: Registeel|Body Press|p1a: Giratina\n|-resisted|p1a: Giratina\n|-damage|p1a: Giratina|146/349 slp\n|\n|-heal|p1a: Giratina|167/349 slp|[from] item: Leftovers\n|upkeep\n|turn|41\n|\n|t:|1733845669\n|cant|p1a: Giratina|slp\n|move|p1a: Giratina|Sleep Talk|p1a: Giratina\n|move|p1a: Giratina|Shadow Ball|p2a: Registeel|[from]move: Sleep Talk\n|-damage|p2a: Registeel|40/262\n|move|p2a: Registeel|Body Press|p1a: Giratina\n|-resisted|p1a: Giratina\n|-damage|p1a: Giratina|0 fnt\n|faint|p1a: Giratina\n|\n|win|MasterVelyk2\n|raw|PrimalTitan's rating: 1048 &rarr; <strong>1033</strong><br />(-15 for losing)\n|raw|MasterVelyk2's rating: 1100 &rarr; <strong>1121</strong><br />(+21 for winning)\n|l|\u2606PrimalTitan\n|player|p1|\n", "inputlog": ">version bfd83cad13791eb5a5a409923076391caf6fb4d4\n>start {\"formatid\":\"gen9randombattle\",\"seed\":[12187,5258,26322,27792],\"rated\":\"Rated battle\"}\n>player p1 {\"name\":\"PrimalTitan\",\"avatar\":\"cynthia-gen4\",\"rating\":1048,\"seed\":[43646,30556,21773,38932]}\n>player p2 {\"name\":\"MasterVelyk2\",\"avatar\":\"iris\",\"rating\":1100,\"seed\":[5339,54846,64358,39736]}\n>p1 move fakeout\n>p2 move swordsdance\n>p1 move uturn\n>p2 move closecombat\n>p1 switch 3\n>p1 switch 3\n>p1 move fakeout\n>p2 move closecombat\n>p1 move knockoff\n>p2 move closecombat\n>p1 switch 5\n>p1 move knockoff\n>p2 move closecombat\n>p2 switch 3\n>p1 switch 6\n>p2 move fakeout\n>p1 move closecombat\n>p2 move knockoff\n>p1 move gigadrain\n>p2 move doubleedge\n>p1 switch 6\n>p2 switch 5\n>p1 move earthquake\n>p2 switch 6\n>p1 move earthquake\n>p2 move surf\n>p2 switch 2\n>p1 switch 2\n>p2 move bravebird\n>p1 switch 4\n>p1 move shadowball\n>p2 move icespinner\n>p1 switch 2\n>p2 move icespinner\n>p1 move knockoff\n>p2 move bravebird\n>p2 switch 6\n>p1 switch 2\n>p2 move irondefense terastallize\n>p1 move dragontail\n>p2 move ironhead\n>p1 move dragontail\n>p2 move ironhead\n>p1 move dragontail\n>p2 move ironhead\n>p1 move shadowball\n>p2 move liquidation\n>p1 move rest\n>p2 move icepunch\n>p1 move sleeptalk\n>p2 move icepunch\n>p1 move sleeptalk\n>p2 move irondefense\n>p1 move sleeptalk\n>p2 move icepunch\n>p1 move rest terastallize\n>p2 move icepunch\n>p1 move sleeptalk\n>p2 move liquidation\n>p1 move sleeptalk\n>p2 move liquidation\n>p2 switch 4\n>p1 move sleeptalk\n>p2 move irondefense\n>p1 move dragontail\n>p2 move ironhead\n>p1 move rest\n>p2 move irondefense\n>p1 move sleeptalk\n>p2 move irondefense\n>p1 move sleeptalk\n>p2 move ironhead\n>p1 move shadowball\n>p2 move rest\n>p1 move shadowball\n>p2 move ironhead\n>p1 move shadowball\n>p2 move ironhead\n>p1 move rest\n>p2 move ironhead\n>p1 move sleeptalk\n>p2 move ironhead\n>p1 move sleeptalk\n>p2 move ironhead\n>p1 switch 2\n>p2 move ironhead\n>p1 move closecombat\n>p2 move bodypress\n>p1 switch 2\n>p1 move rest\n>p2 move bodypress\n>p1 move sleeptalk\n>p2 move bodypress", "uploadtime": 1733845686, "views": 1, "formatid": "gen9randombattle", "rating": 1033, "private": 0, "password": null}