{"id": "gen9randombattle-2170984070", "format": "[Gen 9] Random Battle", "players": ["Norman2!", "Aunche"], "log": "|j|\u203dNorman2!\n|j|\u203dAunche\n|t:|1722459345\n|gametype|singles\n|player|p1|Norman2!|2|2284\n|player|p2|Aunche|265|2217\n|teamsize|p1|6\n|teamsize|p2|6\n|gen|9\n|tier|[Gen 9] Random Battle\n|rated|\n|rule|Species Clause: Limit one of each Pok\u00e9mon\n|rule|HP Percentage Mod: HP is shown in percentages\n|rule|Sleep Clause Mod: Limit one foe put to sleep\n|rule|Illusion Level Mod: Illusion disguises the Pok\u00e9mon's true level\n|\n|t:|1722459345\n|start\n|switch|p1a: Vileplume|Vileplume, L86, F|269/269\n|switch|p2a: Ting-Lu|Ting-Lu, L78|370/370\n|-ability|p2a: Ting-Lu|Vessel of Ruin\n|turn|1\n|\n|t:|1722459351\n|move|p1a: Vileplume|Sleep Powder|p2a: Ting-Lu|[miss]\n|-miss|p1a: Vileplume|p2a: Ting-Lu\n|move|p2a: Ting-Lu|Stealth Rock|p1a: Vileplume\n|-sidestart|p1: Norman2!|move: Stealth Rock\n|\n|upkeep\n|turn|2\n|\n|t:|1722459355\n|switch|p2a: Espeon|Espeon, L84, M|246/246\n|move|p1a: Vileplume|Sleep Powder|p2a: Espeon\n|move|p2a: Espeon|Sleep Powder|p1a: Vileplume|[from]ability: Magic Bounce\n|-immune|p1a: Vileplume\n|\n|upkeep\n|turn|3\n|\n|t:|1722459363\n|switch|p1a: Dialga|Dialga, L73|266/266\n|-damage|p1a: Dialga|250/266|[from] Stealth Rock\n|-ability|p1a: Dialga|Pressure\n|move|p2a: Espeon|Psyshock|p1a: Dialga\n|-resisted|p1a: Dialga\n|-damage|p1a: Dialga|172/266\n|\n|-heal|p1a: Dialga|188/266|[from] item: Leftovers\n|upkeep\n|turn|4\n|\n|t:|1722459368\n|switch|p2a: Ting-Lu|Ting-Lu, L78|370/370\n|-ability|p2a: Ting-Lu|Vessel of Ruin\n|move|p1a: Dialga|Heavy Slam|p2a: Ting-Lu\n|-damage|p2a: Ting-Lu|339/370\n|\n|-heal|p1a: Dialga|204/266|[from] item: Leftovers\n|-heal|p2a: Ting-Lu|362/370|[from] item: Leftovers\n|upkeep\n|turn|5\n|\n|t:|1722459373\n|switch|p1a: Sandslash|Sandslash, L88, F|275/275\n|-damage|p1a: Sandslash|258/275|[from] Stealth Rock\n|move|p2a: Ting-Lu|Earthquake|p1a: Sandslash\n|-damage|p1a: Sandslash|174/275\n|\n|-heal|p1a: Sandslash|191/275|[from] item: Leftovers\n|-heal|p2a: Ting-Lu|370/370|[from] item: Leftovers\n|upkeep\n|turn|6\n|\n|t:|1722459380\n|move|p1a: Sandslash|Rapid Spin|p2a: Ting-Lu\n|-damage|p2a: Ting-Lu|336/370\n|-boost|p1a: Sandslash|spe|1\n|-sideend|p1: Norman2!|Stealth Rock|[from] move: Rapid Spin|[of] p1a: Sandslash\n|move|p2a: Ting-Lu|Earthquake|p1a: Sandslash\n|-damage|p1a: Sandslash|104/275\n|\n|-heal|p1a: Sandslash|121/275|[from] item: Leftovers\n|-heal|p2a: Ting-Lu|359/370|[from] item: Leftovers\n|upkeep\n|turn|7\n|\n|t:|1722459385\n|move|p1a: Sandslash|Spikes|p2a: Ting-Lu\n|-sidestart|p2: Aunche|Spikes\n|move|p2a: Ting-Lu|Earthquake|p1a: Sandslash\n|-damage|p1a: Sandslash|36/275\n|\n|-heal|p1a: Sandslash|53/275|[from] item: Leftovers\n|-heal|p2a: Ting-Lu|370/370|[from] item: Leftovers\n|upkeep\n|turn|8\n|\n|t:|1722459394\n|switch|p1a: Vivillon|Vivillon-Sandstorm, L84, F|272/272\n|switch|p2a: Furret|Furret, L93, M|309/309\n|-damage|p2a: Furret|271/309|[from] Spikes\n|-item|p1a: Vivillon|Heavy-Duty Boots|[from] ability: Frisk|[of] p2a: Furret|[identify]\n|\n|upkeep\n|turn|9\n|\n|t:|1722459406\n|move|p2a: Furret|Tidy Up|p2a: Furret\n|-sideend|p2: Aunche|Spikes\n|-activate|p2a: Furret|move: Tidy Up\n|-boost|p2a: Furret|atk|1\n|-boost|p2a: Furret|spe|1\n|move|p1a: Vivillon|Sleep Powder|p2a: Furret|[miss]\n|-miss|p1a: Vivillon|p2a: Furret\n|\n|upkeep\n|turn|10\n|\n|t:|1722459411\n|switch|p1a: Meowstic|Meowstic, L89, M|277/277\n|move|p2a: Furret|Double-Edge|p1a: Meowstic\n|-damage|p1a: Meowstic|0 fnt\n|faint|p1a: Meowstic\n|-damage|p2a: Furret|180/309|[from] Recoil\n|-damage|p2a: Furret|150/309|[from] item: Life Orb\n|\n|upkeep\n|\n|t:|1722459425\n|switch|p1a: Vileplume|Vileplume, L86, F|269/269\n|turn|11\n|\n|t:|1722459429\n|move|p2a: Furret|Double-Edge|p1a: Vileplume\n|-damage|p1a: Vileplume|0 fnt\n|faint|p1a: Vileplume\n|-damage|p2a: Furret|61/309|[from] Recoil\n|-damage|p2a: Furret|31/309|[from] item: Life Orb\n|\n|upkeep\n|\n|t:|1722459436\n|switch|p1a: Porygon-Z|Porygon-Z, L83|277/277\n|-ability|p1a: Porygon-Z|Download|boost\n|-boost|p1a: Porygon-Z|spa|1\n|turn|12\n|\n|t:|1722459441\n|switch|p1a: Sandslash|Sandslash, L88, F|53/275\n|move|p2a: Furret|Brick Break|p1a: Sandslash\n|-damage|p1a: Sandslash|0 fnt\n|faint|p1a: Sandslash\n|-damage|p2a: Furret|1/309|[from] item: Life Orb\n|\n|upkeep\n|\n|t:|1722459447\n|switch|p1a: Vivillon|Vivillon-Sandstorm, L84, F|272/272\n|turn|13\n|\n|t:|1722459449\n|switch|p1a: Dialga|Dialga, L73|204/266\n|-ability|p1a: Dialga|Pressure\n|move|p2a: Furret|Double-Edge|p1a: Dialga\n|-resisted|p1a: Dialga\n|-damage|p1a: Dialga|97/266\n|-damage|p2a: Furret|0 fnt|[from] Recoil\n|faint|p2a: Furret\n|\n|-heal|p1a: Dialga|113/266|[from] item: Leftovers\n|upkeep\n|\n|t:|1722459479\n|switch|p2a: Ting-Lu|Ting-Lu, L78|370/370\n|-ability|p2a: Ting-Lu|Vessel of Ruin\n|turn|14\n|\n|t:|1722459486\n|move|p1a: Dialga|Stealth Rock|p2a: Ting-Lu\n|-sidestart|p2: Aunche|move: Stealth Rock\n|move|p2a: Ting-Lu|Earthquake|p1a: Dialga\n|-supereffective|p1a: Dialga\n|-damage|p1a: Dialga|0 fnt\n|faint|p1a: Dialga\n|\n|upkeep\n|\n|t:|1722459493\n|switch|p1a: Vivillon|Vivillon-Sandstorm, L84, F|272/272\n|turn|15\n|\n|t:|1722459497\n|move|p1a: Vivillon|Quiver Dance|p1a: Vivillon\n|-boost|p1a: Vivillon|spa|1\n|-boost|p1a: Vivillon|spd|1\n|-boost|p1a: Vivillon|spe|1\n|move|p2a: Ting-Lu|Whirlwind|p1a: Vivillon\n|drag|p1a: Porygon-Z|Porygon-Z, L83|277/277\n|-ability|p1a: Porygon-Z|Download|boost\n|-boost|p1a: Porygon-Z|spa|1\n|\n|upkeep\n|turn|16\n|\n|t:|1722459502\n|move|p1a: Porygon-Z|Tri Attack|p2a: Ting-Lu\n|-damage|p2a: Ting-Lu|240/370\n|move|p2a: Ting-Lu|Throat Chop|p1a: Porygon-Z\n|-damage|p1a: Porygon-Z|172/277\n|-start|p1a: Porygon-Z|Throat Chop|[silent]\n|\n|-heal|p2a: Ting-Lu|263/370|[from] item: Leftovers\n|upkeep\n|turn|17\n|\n|t:|1722459506\n|move|p1a: Porygon-Z|Tri Attack|p2a: Ting-Lu\n|-damage|p2a: Ting-Lu|113/370\n|move|p2a: Ting-Lu|Throat Chop|p1a: Porygon-Z\n|-crit|p1a: Porygon-Z\n|-damage|p1a: Porygon-Z|13/277\n|\n|-heal|p2a: Ting-Lu|136/370|[from] item: Leftovers\n|-end|p1a: Porygon-Z|Throat Chop|[silent]\n|upkeep\n|turn|18\n|\n|t:|1722459512\n|move|p1a: Porygon-Z|Tri Attack|p2a: Ting-Lu\n|-damage|p2a: Ting-Lu|0 fnt\n|faint|p2a: Ting-Lu\n|\n|upkeep\n|\n|t:|1722459524\n|switch|p2a: Espeon|Espeon, L84, M|246/246\n|-damage|p2a: Espeon|216/246|[from] Stealth Rock\n|turn|19\n|\n|t:|1722459527\n|move|p1a: Porygon-Z|Tri Attack|p2a: Espeon\n|-damage|p2a: Espeon|68/246\n|-status|p2a: Espeon|brn\n|move|p2a: Espeon|Psyshock|p1a: Porygon-Z\n|-damage|p1a: Porygon-Z|0 fnt\n|faint|p1a: Porygon-Z\n|\n|-damage|p2a: Espeon|53/246 brn|[from] brn\n|upkeep\n|\n|t:|1722459531\n|switch|p1a: Vivillon|Vivillon-Sandstorm, L84, F|272/272\n|turn|20\n|\n|t:|1722459534\n|move|p2a: Espeon|Psyshock|p1a: Vivillon\n|-damage|p1a: Vivillon|26/272\n|move|p1a: Vivillon|Quiver Dance|p1a: Vivillon\n|-boost|p1a: Vivillon|spa|1\n|-boost|p1a: Vivillon|spd|1\n|-boost|p1a: Vivillon|spe|1\n|\n|-damage|p2a: Espeon|38/246 brn|[from] brn\n|upkeep\n|turn|21\n|\n|t:|1722459542\n|move|p1a: Vivillon|Bug Buzz|p2a: Espeon\n|-supereffective|p2a: Espeon\n|-damage|p2a: Espeon|0 fnt\n|faint|p2a: Espeon\n|\n|upkeep\n|\n|t:|1722459548\n|switch|p2a: Vespiquen|Vespiquen, L98, F|296/296\n|-ability|p2a: Vespiquen|Pressure\n|turn|22\n|\n|t:|1722459555\n|move|p1a: Vivillon|Sleep Powder|p2a: Vespiquen\n|-status|p2a: Vespiquen|slp|[from] move: Sleep Powder\n|cant|p2a: Vespiquen|slp\n|\n|upkeep\n|turn|23\n|\n|t:|1722459560\n|switch|p2a: Alcremie|Alcremie, L90, F|263/263\n|-damage|p2a: Alcremie|231/263|[from] Stealth Rock\n|move|p1a: Vivillon|Quiver Dance|p1a: Vivillon\n|-boost|p1a: Vivillon|spa|1\n|-boost|p1a: Vivillon|spd|1\n|-boost|p1a: Vivillon|spe|1\n|\n|-heal|p2a: Alcremie|247/263|[from] item: Leftovers\n|upkeep\n|turn|24\n|\n|t:|1722459564\n|-terastallize|p1a: Vivillon|Flying\n|move|p1a: Vivillon|Hurricane|p2a: Alcremie\n|-crit|p2a: Alcremie\n|-damage|p2a: Alcremie|0 fnt\n|faint|p2a: Alcremie\n|\n|upkeep\n|\n|t:|1722459569\n|switch|p2a: Feraligatr|Feraligatr, L79, F|264/264\n|-damage|p2a: Feraligatr|231/264|[from] Stealth Rock\n|turn|25\n|\n|t:|1722459576\n|move|p1a: Vivillon|Hurricane|p2a: Feraligatr\n|-damage|p2a: Feraligatr|0 fnt\n|faint|p2a: Feraligatr\n|\n|upkeep\n|\n|t:|1722459579\n|switch|p2a: Vespiquen|Vespiquen, L98, F|296/296 slp\n|-ability|p2a: Vespiquen|Pressure\n|turn|26\n|\n|t:|1722459584\n|-terastallize|p2a: Vespiquen|Steel\n|move|p1a: Vivillon|Hurricane|p2a: Vespiquen\n|-resisted|p2a: Vespiquen\n|-damage|p2a: Vespiquen|181/296 slp\n|-start|p2a: Vespiquen|confusion\n|cant|p2a: Vespiquen|slp\n|\n|upkeep\n|turn|27\n|\n|t:|1722459591\n|move|p1a: Vivillon|Hurricane|p2a: Vespiquen\n|-resisted|p2a: Vespiquen\n|-damage|p2a: Vespiquen|77/296 slp\n|cant|p2a: Vespiquen|slp\n|\n|upkeep\n|turn|28\n|\n|t:|1722459609\n|move|p1a: Vivillon|Hurricane|p2a: Vespiquen\n|-resisted|p2a: Vespiquen\n|-damage|p2a: Vespiquen|0 fnt\n|faint|p2a: Vespiquen\n|\n|win|Norman2!\n|raw|Norman2!'s rating: 2303 &rarr; <strong>2318</strong><br />(+15 for winning)\n|raw|Aunche's rating: 2217 &rarr; <strong>2202</strong><br />(-15 for losing)\n", "inputlog": ">version 3c8c0ba6a3441824201ce9f0cf68dcc094963845\n>start {\"formatid\":\"gen9randombattle\",\"seed\":[56700,19426,390,7572],\"rated\":\"Rated battle\"}\n>player p1 {\"name\":\"Norman2!\",\"avatar\":\"2\",\"rating\":2284,\"seed\":[60493,49574,64974,53900]}\n>player p2 {\"name\":\"Aunche\",\"avatar\":\"265\",\"rating\":2217,\"seed\":[61574,5427,32326,53629]}\n>p1 move sleeppowder\n>p2 move stealthrock\n>p1 move sleeppowder\n>p2 switch 4\n>p1 switch 6\n>p2 move psyshock\n>p1 move heavyslam\n>p2 switch 4\n>p1 switch 3\n>p2 move earthquake\n>p1 move rapidspin\n>p2 move earthquake\n>p1 move spikes\n>p2 move earthquake\n>p1 switch 2\n>p2 switch 2\n>p1 move sleeppowder\n>p2 move tidyup\n>p1 switch 4\n>p2 move doubleedge\n>p1 switch 6\n>p1 move strengthsap\n>p2 move doubleedge\n>p1 switch 5\n>p1 switch 2\n>p2 move brickbreak\n>p1 switch 4\n>p1 switch 3\n>p2 move doubleedge\n>p2 switch 2\n>p1 move stealthrock\n>p2 move earthquake\n>p1 switch 3\n>p1 move quiverdance\n>p2 move whirlwind\n>p1 move triattack\n>p2 move throatchop\n>p1 move triattack\n>p2 move throatchop\n>p1 move triattack\n>p2 move whirlwind\n>p2 switch 4\n>p1 move triattack\n>p2 move psyshock\n>p1 switch 2\n>p1 move quiverdance\n>p2 move psyshock\n>p1 move bugbuzz\n>p2 move psyshock\n>p2 switch 6\n>p1 move sleeppowder\n>p2 move airslash\n>p1 move quiverdance\n>p2 switch 3\n>p1 move hurricane terastallize\n>p2 move alluringvoice\n>p2 switch 5\n>p1 move hurricane\n>p2 move icepunch\n>p2 switch 3\n>p1 move hurricane\n>p2 move airslash terastallize\n>p1 move hurricane\n>p2 move airslash\n>p1 move hurricane\n>p2 move airslash", "uploadtime": 1722459615, "views": 141, "formatid": "gen9randombattle", "rating": 2202, "private": 0, "password": null}