{"id": "gen9randombattle-2021822490", "format": "[Gen 9] Random Battle", "players": ["lazatron", "Vitoran"], "log": "|j|\u2606lazatron\n|j|\u2606Vitoran\n|t:|1703781033\n|gametype|singles\n|player|p1|lazatron|265|2223\n|player|p2|Vitoran|nemona-v|2201\n|teamsize|p1|6\n|teamsize|p2|6\n|gen|9\n|tier|[Gen 9] Random Battle\n|rated|\n|rule|Species Clause: Limit one of each Pok\u00e9mon\n|rule|HP Percentage Mod: HP is shown in percentages\n|rule|Sleep Clause Mod: Limit one foe put to sleep\n|rule|Illusion Level Mod: Illusion disguises the Pok\u00e9mon's true level\n|\n|t:|1703781033\n|start\n|switch|p1a: Tauros|Tauros, L84, M|263/263\n|switch|p2a: Tornadus|Tornadus-Therian, L79, M|254/254\n|turn|1\n|c|\u2606Vitoran|glhf\n|j| 35Q71N\n|\n|t:|1703781074\n|switch|p1a: Diancie|Diancie, L82|216/216\n|move|p2a: Tornadus|Knock Off|p1a: Diancie\n|-resisted|p1a: Diancie\n|-damage|p1a: Diancie|194/216\n|-enditem|p1a: Diancie|Leftovers|[from] move: Knock Off|[of] p2a: Tornadus\n|\n|upkeep\n|turn|2\n|c|\u2606Vitoran|i just hate this thing\n|\n|t:|1703781090\n|move|p2a: Tornadus|U-turn|p1a: Diancie\n|-resisted|p1a: Diancie\n|-damage|p1a: Diancie|179/216\n|\n|t:|1703781092\n|switch|p2a: Forretress|Forretress, L84, M|263/263|[from] U-turn\n|move|p1a: Diancie|Stealth Rock|p2a: Forretress\n|-sidestart|p2: Vitoran|move: Stealth Rock\n|\n|upkeep\n|turn|3\n|\n|t:|1703781098\n|switch|p1a: Armarouge|Armarouge, L81, M|270/270\n|move|p2a: Forretress|Stealth Rock|p1a: Armarouge\n|-sidestart|p1: lazatron|move: Stealth Rock\n|\n|upkeep\n|turn|4\n|\n|t:|1703781120\n|move|p1a: Armarouge|Armor Cannon|p2a: Forretress\n|-supereffective|p2a: Forretress\n|-ability|p2a: Forretress|Sturdy\n|-damage|p2a: Forretress|1/263\n|-unboost|p1a: Armarouge|def|1\n|-unboost|p1a: Armarouge|spd|1\n|move|p2a: Forretress|Rapid Spin|p1a: Armarouge\n|-damage|p1a: Armarouge|225/270\n|-boost|p2a: Forretress|spe|1\n|-ability|p1a: Armarouge|Weak Armor|boost\n|-unboost|p1a: Armarouge|def|1\n|-boost|p1a: Armarouge|spe|2\n|-sideend|p2: Vitoran|Stealth Rock|[from] move: Rapid Spin|[of] p2a: Forretress\n|\n|-heal|p2a: Forretress|17/263|[from] item: Leftovers\n|upkeep\n|turn|5\n|\n|t:|1703781127\n|move|p1a: Armarouge|Armor Cannon|p2a: Forretress\n|-supereffective|p2a: Forretress\n|-damage|p2a: Forretress|0 fnt\n|-unboost|p1a: Armarouge|def|1\n|-unboost|p1a: Armarouge|spd|1\n|faint|p2a: Forretress\n|\n|upkeep\n|c|\u2606lazatron|Glhf\n|\n|t:|1703781135\n|switch|p2a: Tornadus|Tornadus-Therian, L79, M|254/254\n|turn|6\n|\n|t:|1703781147\n|move|p1a: Armarouge|Armor Cannon|p2a: Tornadus\n|-damage|p2a: Tornadus|97/254\n|-unboost|p1a: Armarouge|def|1\n|-unboost|p1a: Armarouge|spd|1\n|move|p2a: Tornadus|U-turn|p1a: Armarouge\n|-damage|p1a: Armarouge|101/270\n|-ability|p1a: Armarouge|Weak Armor|boost\n|-unboost|p1a: Armarouge|def|1\n|-boost|p1a: Armarouge|spe|2\n|\n|t:|1703781156\n|switch|p2a: Clodsire|Clodsire, L81, M|343/343|[from] U-turn\n|\n|upkeep\n|turn|7\n|j| Referrals\n|\n|t:|1703781174\n|move|p1a: Armarouge|Armor Cannon|p2a: Clodsire\n|-damage|p2a: Clodsire|150/343\n|-unboost|p1a: Armarouge|def|1\n|-unboost|p1a: Armarouge|spd|1\n|move|p2a: Clodsire|Earthquake|p1a: Armarouge\n|-supereffective|p1a: Armarouge\n|-damage|p1a: Armarouge|0 fnt\n|faint|p1a: Armarouge\n|\n|-heal|p2a: Clodsire|171/343|[from] item: Leftovers\n|upkeep\n|\n|t:|1703781178\n|switch|p1a: Tauros|Tauros, L84, M|263/263\n|-damage|p1a: Tauros|231/263|[from] Stealth Rock\n|turn|8\n|\n|t:|1703781189\n|switch|p2a: Froslass|Froslass, L87, F|263/263\n|move|p1a: Tauros|Body Slam|p2a: Froslass\n|-immune|p2a: Froslass\n|\n|upkeep\n|turn|9\n|\n|t:|1703781200\n|switch|p1a: Houndoom|Houndoom, L86, M|269/269\n|move|p2a: Froslass|Spikes|p1a: Houndoom\n|-sidestart|p1: lazatron|Spikes\n|\n|upkeep\n|turn|10\n|\n|t:|1703781219\n|switch|p2a: Tornadus|Tornadus-Therian, L79, M|181/254\n|move|p1a: Houndoom|Fire Blast|p2a: Tornadus\n|-damage|p2a: Tornadus|96/254\n|\n|upkeep\n|turn|11\n|\n|t:|1703781242\n|switch|p1a: Diancie|Diancie, L82|179/216\n|-damage|p1a: Diancie|152/216|[from] Stealth Rock\n|-damage|p1a: Diancie|125/216|[from] Spikes\n|move|p2a: Tornadus|U-turn|p1a: Diancie\n|-resisted|p1a: Diancie\n|-damage|p1a: Diancie|111/216\n|\n|t:|1703781256\n|switch|p2a: Clodsire|Clodsire, L81, M|171/343|[from] U-turn\n|\n|-heal|p2a: Clodsire|192/343|[from] item: Leftovers\n|upkeep\n|turn|12\n|\n|t:|1703781266\n|move|p1a: Diancie|Stealth Rock|p2a: Clodsire\n|-sidestart|p2: Vitoran|move: Stealth Rock\n|move|p2a: Clodsire|Recover|p2a: Clodsire\n|-heal|p2a: Clodsire|343/343\n|\n|upkeep\n|turn|13\n|\n|t:|1703781277\n|move|p1a: Diancie|Diamond Storm|p2a: Clodsire\n|-resisted|p2a: Clodsire\n|-damage|p2a: Clodsire|274/343\n|move|p2a: Clodsire|Curse|p2a: Clodsire\n|-unboost|p2a: Clodsire|spe|1\n|-boost|p2a: Clodsire|atk|1\n|-boost|p2a: Clodsire|def|1\n|\n|-heal|p2a: Clodsire|295/343|[from] item: Leftovers\n|upkeep\n|turn|14\n|\n|t:|1703781289\n|move|p1a: Diancie|Diamond Storm|p2a: Clodsire\n|-resisted|p2a: Clodsire\n|-damage|p2a: Clodsire|251/343\n|-boost|p1a: Diancie|def|2\n|move|p2a: Clodsire|Curse|p2a: Clodsire\n|-unboost|p2a: Clodsire|spe|1\n|-boost|p2a: Clodsire|atk|1\n|-boost|p2a: Clodsire|def|1\n|\n|-heal|p2a: Clodsire|272/343|[from] item: Leftovers\n|upkeep\n|turn|15\n|j| critsomnia\n|\n|t:|1703781293\n|switch|p1a: Iron Bundle|Iron Bundle, L76|210/210\n|-damage|p1a: Iron Bundle|158/210|[from] Stealth Rock\n|-damage|p1a: Iron Bundle|132/210|[from] Spikes\n|move|p2a: Clodsire|Earthquake|p1a: Iron Bundle\n|-damage|p1a: Iron Bundle|0 fnt\n|faint|p1a: Iron Bundle\n|-end|p1a: Iron Bundle|Quark Drive|[silent]\n|\n|-heal|p2a: Clodsire|293/343|[from] item: Leftovers\n|upkeep\n|c|\u2606Vitoran|bop\n|\n|t:|1703781301\n|switch|p1a: Victreebel|Victreebel, L90, F|290/290\n|-damage|p1a: Victreebel|254/290|[from] Stealth Rock\n|-damage|p1a: Victreebel|218/290|[from] Spikes\n|turn|16\n|\n|t:|1703781323\n|move|p1a: Victreebel|Strength Sap|p2a: Clodsire\n|-unboost|p2a: Clodsire|atk|1\n|-heal|p1a: Victreebel|290/290\n|move|p2a: Clodsire|Earthquake|p1a: Victreebel\n|-damage|p1a: Victreebel|149/290\n|\n|-heal|p2a: Clodsire|314/343|[from] item: Leftovers\n|upkeep\n|turn|17\n|c|\u2606lazatron|These hazards \ud83d\ude22\n|c|\u2606Vitoran|great stuff\n|\n|t:|1703781346\n|switch|p2a: Glaceon|Glaceon, L94, M|275/275\n|move|p1a: Victreebel|Knock Off|p2a: Glaceon\n|-damage|p2a: Glaceon|188/275\n|-enditem|p2a: Glaceon|Heavy-Duty Boots|[from] move: Knock Off|[of] p1a: Victreebel\n|-damage|p1a: Victreebel|120/290|[from] item: Life Orb\n|\n|upkeep\n|turn|18\n|\n|t:|1703781356\n|switch|p1a: Houndoom|Houndoom, L86, M|269/269\n|move|p2a: Glaceon|Wish|p2a: Glaceon\n|\n|upkeep\n|turn|19\n|\n|t:|1703781376\n|switch|p2a: Clodsire|Clodsire, L81, M|314/343\n|-damage|p2a: Clodsire|293/343|[from] Stealth Rock\n|move|p1a: Houndoom|Nasty Plot|p1a: Houndoom\n|-boost|p1a: Houndoom|spa|2\n|\n|-heal|p2a: Clodsire|343/343|[from] move: Wish|[wisher] Glaceon\n|upkeep\n|turn|20\n|c|\u2606lazatron|Don't be unaware pls\n|\n|t:|1703781400\n|move|p1a: Houndoom|Dark Pulse|p2a: Clodsire\n|-damage|p2a: Clodsire|153/343\n|move|p2a: Clodsire|Earthquake|p1a: Houndoom\n|-supereffective|p1a: Houndoom\n|-damage|p1a: Houndoom|33/269\n|\n|-heal|p2a: Clodsire|174/343|[from] item: Leftovers\n|upkeep\n|turn|21\n|c|\u2606lazatron|Nice\n|\n|t:|1703781419\n|switch|p2a: Glaceon|Glaceon, L94, M|188/275\n|-damage|p2a: Glaceon|120/275|[from] Stealth Rock\n|move|p1a: Houndoom|Dark Pulse|p2a: Glaceon\n|-damage|p2a: Glaceon|0 fnt\n|faint|p2a: Glaceon\n|\n|upkeep\n|\n|t:|1703781425\n|switch|p2a: Tornadus|Tornadus-Therian, L79, M|180/254\n|-damage|p2a: Tornadus|117/254|[from] Stealth Rock\n|turn|22\n|\n|t:|1703781436\n|move|p2a: Tornadus|Knock Off|p1a: Houndoom\n|-resisted|p1a: Houndoom\n|-damage|p1a: Houndoom|0 fnt\n|-enditem|p1a: Houndoom|Heavy-Duty Boots|[from] move: Knock Off|[of] p2a: Tornadus\n|faint|p1a: Houndoom\n|\n|upkeep\n|\n|t:|1703781444\n|switch|p1a: Tauros|Tauros, L84, M|231/263\n|-damage|p1a: Tauros|199/263|[from] Stealth Rock\n|-damage|p1a: Tauros|167/263|[from] Spikes\n|turn|23\n|\n|t:|1703781449\n|move|p2a: Tornadus|U-turn|p1a: Tauros\n|-damage|p1a: Tauros|122/263\n|\n|t:|1703781466\n|switch|p2a: Clodsire|Clodsire, L81, M|174/343|[from] U-turn\n|-damage|p2a: Clodsire|153/343|[from] Stealth Rock\n|move|p1a: Tauros|Body Slam|p2a: Clodsire\n|-damage|p2a: Clodsire|0 fnt\n|faint|p2a: Clodsire\n|\n|upkeep\n|\n|t:|1703781497\n|switch|p2a: Tornadus|Tornadus-Therian, L79, M|201/254\n|-damage|p2a: Tornadus|138/254|[from] Stealth Rock\n|turn|24\n|\n|t:|1703781508\n|move|p2a: Tornadus|Knock Off|p1a: Tauros\n|-damage|p1a: Tauros|60/263\n|-enditem|p1a: Tauros|Life Orb|[from] move: Knock Off|[of] p2a: Tornadus\n|move|p1a: Tauros|Throat Chop|p2a: Tornadus\n|-damage|p2a: Tornadus|54/254\n|\n|upkeep\n|turn|25\n|\n|t:|1703781523\n|move|p2a: Tornadus|Heat Wave|p1a: Tauros\n|-damage|p1a: Tauros|0 fnt\n|faint|p1a: Tauros\n|\n|upkeep\n|\n|t:|1703781564\n|switch|p1a: Diancie|Diancie, L82|111/216\n|-damage|p1a: Diancie|84/216|[from] Stealth Rock\n|-damage|p1a: Diancie|57/216|[from] Spikes\n|turn|26\n|\n|t:|1703781591\n|move|p2a: Tornadus|Bleakwind Storm|p1a: Diancie\n|-resisted|p1a: Diancie\n|-damage|p1a: Diancie|20/216\n|move|p1a: Diancie|Diamond Storm|p2a: Tornadus\n|-supereffective|p2a: Tornadus\n|-damage|p2a: Tornadus|0 fnt\n|faint|p2a: Tornadus\n|\n|upkeep\n|\n|t:|1703781594\n|switch|p2a: Iron Valiant|Iron Valiant, L79|247/247\n|-damage|p2a: Iron Valiant|232/247|[from] Stealth Rock\n|turn|27\n|\n|t:|1703781598\n|move|p2a: Iron Valiant|Moonblast|p1a: Diancie\n|-damage|p1a: Diancie|0 fnt\n|faint|p1a: Diancie\n|-damage|p2a: Iron Valiant|208/247|[from] item: Life Orb\n|\n|upkeep\n|\n|t:|1703781601\n|switch|p1a: Victreebel|Victreebel, L90, F|120/290\n|-damage|p1a: Victreebel|84/290|[from] Stealth Rock\n|-damage|p1a: Victreebel|48/290|[from] Spikes\n|turn|28\n|l| Referrals\n|\n|t:|1703781608\n|move|p2a: Iron Valiant|Close Combat|p1a: Victreebel\n|-resisted|p1a: Victreebel\n|-damage|p1a: Victreebel|0 fnt\n|-unboost|p2a: Iron Valiant|def|1\n|-unboost|p2a: Iron Valiant|spd|1\n|faint|p1a: Victreebel\n|-damage|p2a: Iron Valiant|184/247|[from] item: Life Orb\n|\n|win|Vitoran\n|raw|lazatron's rating: 2223 &rarr; <strong>2202</strong><br />(-21 for losing)\n|raw|Vitoran's rating: 2201 &rarr; <strong>2222</strong><br />(+21 for winning)\n|c|\u2606Vitoran|gg\n|c|\u2606lazatron|Gg\n", "inputlog": ">version c9000e90255af3d123fb9dabba7999d04a2c08e0\n>start {\"formatid\":\"gen9randombattle\",\"seed\":[52872,31077,18903,19564],\"rated\":\"Rated battle\"}\n>player p1 {\"name\":\"lazatron\",\"avatar\":\"265\",\"rating\":2223,\"seed\":[28456,17681,25352,48258]}\n>player p2 {\"name\":\"Vitoran\",\"avatar\":\"nemona-v\",\"rating\":2201,\"seed\":[5474,15881,1679,19101]}\n>chat \u2606Vitoran|glhf\n>p1 switch 5\n>p2 move knockoff\n>chat \u2606Vitoran|i just hate this thing\n>p1 move stealthrock\n>p2 move uturn\n>p2 switch 5\n>p1 switch 4\n>p2 move stealthrock\n>p1 move armorcannon\n>p2 move rapidspin\n>p1 move armorcannon\n>p2 move ironhead\n>chat \u2606lazatron|Glhf\n>p2 switch 5\n>p1 move armorcannon\n>p2 move uturn\n>p2 switch 3\n>p1 move armorcannon\n>p2 move earthquake\n>p1 switch 5\n>p1 move bodyslam\n>p2 switch 4\n>p1 switch 3\n>p2 move spikes\n>p1 move fireblast\n>p2 switch 3\n>p1 switch 4\n>p2 move uturn\n>p2 switch 4\n>p1 move stealthrock\n>p2 move recover\n>p1 move diamondstorm\n>p2 move curse\n>p1 move diamondstorm\n>p2 move curse\n>p1 switch 2\n>p2 move earthquake\n>chat \u2606Vitoran|bop\n>p1 switch 6\n>p1 move strengthsap\n>p2 move earthquake\n>chat \u2606lazatron|These hazards \ud83d\ude22\n>chat \u2606Vitoran|great stuff\n>p1 move knockoff\n>p2 switch 2\n>p1 switch 4\n>p2 move wish\n>p1 move nastyplot\n>p2 switch 2\n>chat \u2606lazatron|Don't be unaware pls\n>p1 move darkpulse\n>p2 move earthquake\n>chat \u2606lazatron|Nice\n>p1 move darkpulse\n>p2 switch 2\n>p2 switch 4\n>p1 move darkpulse\n>p2 move knockoff\n>p1 switch 3\n>p1 move bodyslam\n>p2 move uturn\n>p2 switch 2\n>p2 switch 2\n>p1 move throatchop\n>p2 move knockoff\n>p1 move bodyslam\n>p2 move heatwave\n>p1 switch 2\n>p1 move diamondstorm\n>p2 move bleakwindstorm\n>p2 switch 6\n>p1 move moonblast\n>p2 move moonblast\n>p1 switch 4\n>p1 move strengthsap\n>p2 move closecombat", "uploadtime": 1703781613, "views": 255, "formatid": "gen9randombattle", "rating": 2202, "private": 0, "password": null}