{"id": "gen9randombattle-2260053064", "format": "[Gen 9] Random Battle", "players": ["AlexGiardina", "Brachioradialis"], "log": "|j|\u2606AlexGiardina\n|j|\u2606Brachioradialis\n|t:|1733796111\n|gametype|singles\n|player|p1|AlexGiardina|sabrina|1463\n|player|p2|Brachioradialis|juggler|1468\n|teamsize|p1|6\n|teamsize|p2|6\n|gen|9\n|tier|[Gen 9] Random Battle\n|rated|\n|rule|Species Clause: Limit one of each Pok\u00e9mon\n|rule|HP Percentage Mod: HP is shown in percentages\n|rule|Sleep Clause Mod: Limit one foe put to sleep\n|rule|Illusion Level Mod: Illusion disguises the Pok\u00e9mon's true level\n|\n|t:|1733796111\n|start\n|switch|p1a: Floatzel|Floatzel, L85, M|283/283\n|switch|p2a: Dragapult|Dragapult, L77, M|262/262\n|turn|1\n|\n|t:|1733796129\n|move|p2a: Dragapult|Thunderbolt|p1a: Floatzel\n|-supereffective|p1a: Floatzel\n|-damage|p1a: Floatzel|29/283\n|move|p1a: Floatzel|Crunch|p2a: Dragapult\n|-supereffective|p2a: Dragapult\n|-damage|p2a: Dragapult|30/262\n|\n|upkeep\n|turn|2\n|\n|t:|1733796144\n|switch|p2a: Whiscash|Whiscash, L88, F|337/337\n|switch|p1a: Rabsca|Rabsca, L91, M|284/284\n|\n|upkeep\n|turn|3\n|\n|t:|1733796153\n|move|p2a: Whiscash|Stealth Rock|p1a: Rabsca\n|-sidestart|p1: AlexGiardina|move: Stealth Rock\n|move|p1a: Rabsca|Bug Buzz|p2a: Whiscash\n|-damage|p2a: Whiscash|205/337\n|\n|-heal|p2a: Whiscash|226/337|[from] item: Leftovers\n|upkeep\n|turn|4\n|\n|t:|1733796163\n|switch|p2a: Articuno|Articuno, L86|295/295\n|-ability|p2a: Articuno|Pressure\n|move|p1a: Rabsca|Bug Buzz|p2a: Articuno\n|-resisted|p2a: Articuno\n|-damage|p2a: Articuno|247/295\n|\n|upkeep\n|turn|5\n|\n|t:|1733796171\n|move|p2a: Articuno|Brave Bird|p1a: Rabsca\n|-supereffective|p1a: Rabsca\n|-damage|p1a: Rabsca|38/284\n|-damage|p2a: Articuno|166/295|[from] Recoil\n|move|p1a: Rabsca|Psychic|p2a: Articuno\n|-damage|p2a: Articuno|76/295\n|\n|upkeep\n|turn|6\n|\n|t:|1733796183\n|move|p2a: Articuno|Roost|p2a: Articuno\n|-heal|p2a: Articuno|224/295\n|-singleturn|p2a: Articuno|move: Roost\n|move|p1a: Rabsca|Psychic|p2a: Articuno\n|-damage|p2a: Articuno|136/295\n|-unboost|p2a: Articuno|spd|1\n|\n|upkeep\n|turn|7\n|\n|t:|1733796189\n|move|p2a: Articuno|Freeze-Dry|p1a: Rabsca\n|-damage|p1a: Rabsca|0 fnt\n|faint|p1a: Rabsca\n|\n|upkeep\n|\n|t:|1733796197\n|switch|p1a: Falinks|Falinks, L84|246/246\n|-damage|p1a: Falinks|231/246|[from] Stealth Rock\n|turn|8\n|\n|t:|1733796207\n|-terastallize|p1a: Falinks|Steel\n|move|p2a: Articuno|Brave Bird|p1a: Falinks\n|-resisted|p1a: Falinks\n|-damage|p1a: Falinks|174/246\n|-damage|p2a: Articuno|117/295|[from] Recoil\n|move|p1a: Falinks|No Retreat|p1a: Falinks\n|-boost|p1a: Falinks|atk|1\n|-boost|p1a: Falinks|def|1\n|-boost|p1a: Falinks|spa|1\n|-boost|p1a: Falinks|spd|1\n|-boost|p1a: Falinks|spe|1\n|-start|p1a: Falinks|move: No Retreat\n|\n|upkeep\n|turn|9\n|\n|t:|1733796234\n|switch|p2a: Whiscash|Whiscash, L88, F|226/337\n|move|p1a: Falinks|Iron Head|p2a: Whiscash\n|-resisted|p2a: Whiscash\n|-damage|p2a: Whiscash|130/337\n|-damage|p1a: Falinks|150/246|[from] item: Life Orb\n|\n|-heal|p2a: Whiscash|151/337|[from] item: Leftovers\n|upkeep\n|turn|10\n|\n|t:|1733796240\n|move|p1a: Falinks|Knock Off|p2a: Whiscash\n|-damage|p2a: Whiscash|0 fnt\n|-enditem|p2a: Whiscash|Leftovers|[from] move: Knock Off|[of] p1a: Falinks\n|faint|p2a: Whiscash\n|-damage|p1a: Falinks|126/246|[from] item: Life Orb\n|\n|upkeep\n|\n|t:|1733796263\n|switch|p2a: Necrozma|Necrozma-Dawn-Wings, L76|272/272\n|turn|11\n|\n|t:|1733796274\n|move|p1a: Falinks|Knock Off|p2a: Necrozma\n|-supereffective|p2a: Necrozma\n|-damage|p2a: Necrozma|0 fnt\n|-enditem|p2a: Necrozma|Leftovers|[from] move: Knock Off|[of] p1a: Falinks\n|faint|p2a: Necrozma\n|-damage|p1a: Falinks|102/246|[from] item: Life Orb\n|\n|upkeep\n|-message|Brachioradialis forfeited.\n|\n|win|AlexGiardina\n|raw|AlexGiardina's rating: 1463 &rarr; <strong>1483</strong><br />(+20 for winning)\n|raw|Brachioradialis's rating: 1468 &rarr; <strong>1448</strong><br />(-20 for losing)\n|l|\u2606Brachioradialis\n|player|p2|\n", "inputlog": ">version bfd83cad13791eb5a5a409923076391caf6fb4d4\n>start {\"formatid\":\"gen9randombattle\",\"seed\":[63655,38504,1531,58823],\"rated\":\"Rated battle\"}\n>player p1 {\"name\":\"AlexGiardina\",\"avatar\":\"sabrina\",\"rating\":1463,\"seed\":[63555,19744,32765,4482]}\n>player p2 {\"name\":\"Brachioradialis\",\"avatar\":\"juggler\",\"rating\":1468,\"seed\":[17994,4562,32350,14723]}\n>p1 move crunch\n>p2 move thunderbolt\n>p1 switch 4\n>p2 switch 5\n>p1 move bugbuzz\n>p2 move stealthrock\n>p1 move bugbuzz\n>p2 switch 3\n>p1 move psychic\n>p2 move bravebird\n>p1 move psychic\n>p2 move roost\n>p1 move psychic\n>p2 move freezedry\n>p1 switch 6\n>p1 move noretreat terastallize\n>p2 move bravebird\n>p1 move ironhead\n>p2 switch 3\n>p1 move knockoff\n>p2 move earthquake\n>p2 switch 4\n>p1 move knockoff\n>p2 move moongeistbeam\n>forcelose p2", "uploadtime": 1733796282, "views": 8, "formatid": "gen9randombattle", "rating": 1448, "private": 0, "password": null}