{"id": "gen9randombattle-2069779382", "format": "[Gen 9] Random Battle", "players": ["Zap", "Iceman8911"], "log": "|j|\u2606Zap\n|j|\u2606Iceman8911\n|t:|1709151224\n|gametype|singles\n|player|p1|Zap|#zap|2268\n|player|p2|Iceman8911|lysandre-masters|2268\n|teamsize|p1|6\n|teamsize|p2|6\n|gen|9\n|tier|[Gen 9] Random Battle\n|rated|\n|rule|Species Clause: Limit one of each Pok\u00e9mon\n|rule|HP Percentage Mod: HP is shown in percentages\n|rule|Sleep Clause Mod: Limit one foe put to sleep\n|rule|Illusion Level Mod: Illusion disguises the Pok\u00e9mon's true level\n|\n|t:|1709151224\n|start\n|switch|p1a: Phione|Phione, L90|290/290\n|switch|p2a: Coalossal|Coalossal, L88, F|337/337\n|turn|1\n|inactive|Battle timer is ON: inactive players will automatically lose when time's up. (requested by Iceman8911)\n|inactive|Iceman8911 has 120 seconds left.\n|\n|t:|1709151269\n|switch|p2a: Bellibolt|Bellibolt, L84, F|320/320\n|move|p1a: Phione|Scald|p2a: Bellibolt\n|-damage|p2a: Bellibolt|229/320\n|-start|p2a: Bellibolt|Charge|Scald|[from] ability: Electromorphosis\n|\n|-heal|p2a: Bellibolt|249/320|[from] item: Leftovers\n|upkeep\n|turn|2\n|\n|t:|1709151290\n|switch|p1a: Sceptile|Sceptile, L87, F|264/264\n|move|p2a: Bellibolt|Toxic|p1a: Sceptile\n|-status|p1a: Sceptile|tox\n|\n|-heal|p2a: Bellibolt|269/320|[from] item: Leftovers\n|-damage|p1a: Sceptile|248/264 tox|[from] psn\n|upkeep\n|turn|3\n|\n|t:|1709151302\n|move|p1a: Sceptile|Giga Drain|p2a: Bellibolt\n|-damage|p2a: Bellibolt|172/320\n|-heal|p1a: Sceptile|264/264 tox|[from] drain|[of] p2a: Bellibolt\n|-start|p2a: Bellibolt|Charge|Giga Drain|[from] ability: Electromorphosis\n|move|p2a: Bellibolt|Thunderbolt|p1a: Sceptile\n|-resisted|p1a: Sceptile\n|-damage|p1a: Sceptile|160/264 tox\n|-end|p2a: Bellibolt|Charge|[silent]\n|\n|-heal|p1a: Sceptile|176/264 tox|[from] item: Leftovers\n|-heal|p2a: Bellibolt|192/320|[from] item: Leftovers\n|-damage|p1a: Sceptile|144/264 tox|[from] psn\n|upkeep\n|turn|4\n|\n|t:|1709151321\n|move|p1a: Sceptile|Leech Seed|p2a: Bellibolt\n|-start|p2a: Bellibolt|move: Leech Seed\n|move|p2a: Bellibolt|Slack Off|p2a: Bellibolt\n|-heal|p2a: Bellibolt|320/320\n|\n|-heal|p1a: Sceptile|160/264 tox|[from] item: Leftovers\n|-damage|p2a: Bellibolt|280/320|[from] Leech Seed|[of] p1a: Sceptile\n|-heal|p1a: Sceptile|200/264 tox|[silent]\n|-damage|p1a: Sceptile|152/264 tox|[from] psn\n|upkeep\n|turn|5\n|\n|t:|1709151337\n|switch|p1a: Phione|Phione, L90|290/290\n|switch|p2a: Hatterene|Hatterene, L86, F|238/238\n|\n|upkeep\n|turn|6\n|\n|t:|1709151347\n|switch|p1a: Duraludon|Duraludon, L82, M|249/249\n|switch|p2a: Bellibolt|Bellibolt, L84, F|280/320\n|\n|-heal|p2a: Bellibolt|300/320|[from] item: Leftovers\n|upkeep\n|turn|7\n|\n|t:|1709151359\n|switch|p2a: Hatterene|Hatterene, L86, F|238/238\n|move|p1a: Duraludon|Body Press|p2a: Hatterene\n|-resisted|p2a: Hatterene\n|-damage|p2a: Hatterene|223/238\n|\n|upkeep\n|turn|8\n|\n|t:|1709151377\n|switch|p2a: Bellibolt|Bellibolt, L84, F|300/320\n|move|p1a: Duraludon|Body Press|p2a: Bellibolt\n|-damage|p2a: Bellibolt|245/320\n|-start|p2a: Bellibolt|Charge|Body Press|[from] ability: Electromorphosis\n|\n|-heal|p2a: Bellibolt|265/320|[from] item: Leftovers\n|upkeep\n|turn|9\n|\n|t:|1709151385\n|move|p1a: Duraludon|Draco Meteor|p2a: Bellibolt\n|-damage|p2a: Bellibolt|100/320\n|-unboost|p1a: Duraludon|spa|2\n|-start|p2a: Bellibolt|Charge|Draco Meteor|[from] ability: Electromorphosis\n|move|p2a: Bellibolt|Thunderbolt|p1a: Duraludon\n|-resisted|p1a: Duraludon\n|-damage|p1a: Duraludon|150/249\n|-status|p1a: Duraludon|par\n|-end|p2a: Bellibolt|Charge|[silent]\n|\n|-heal|p2a: Bellibolt|120/320|[from] item: Leftovers\n|upkeep\n|turn|10\n|\n|t:|1709151398\n|switch|p1a: Klefki|Klefki, L84, M|233/233\n|move|p2a: Bellibolt|Slack Off|p2a: Bellibolt\n|-heal|p2a: Bellibolt|280/320\n|\n|-heal|p2a: Bellibolt|300/320|[from] item: Leftovers\n|upkeep\n|turn|11\n|\n|t:|1709151407\n|switch|p1a: Zapdos|Zapdos, L78|268/268\n|move|p2a: Bellibolt|Thunderbolt|p1a: Zapdos\n|-damage|p1a: Zapdos|159/268\n|\n|-heal|p2a: Bellibolt|320/320|[from] item: Leftovers\n|upkeep\n|turn|12\n|\n|t:|1709151413\n|move|p1a: Zapdos|U-turn|p2a: Bellibolt\n|-damage|p2a: Bellibolt|277/320\n|-start|p2a: Bellibolt|Charge|U-turn|[from] ability: Electromorphosis\n|\n|t:|1709151415\n|switch|p1a: Sceptile|Sceptile, L87, F|152/264 tox|[from] U-turn\n|move|p2a: Bellibolt|Thunderbolt|p1a: Sceptile\n|-resisted|p1a: Sceptile\n|-damage|p1a: Sceptile|61/264 tox\n|-end|p2a: Bellibolt|Charge|[silent]\n|\n|-heal|p1a: Sceptile|77/264 tox|[from] item: Leftovers\n|-heal|p2a: Bellibolt|297/320|[from] item: Leftovers\n|-damage|p1a: Sceptile|61/264 tox|[from] psn\n|upkeep\n|turn|13\n|\n|t:|1709151426\n|move|p1a: Sceptile|Giga Drain|p2a: Bellibolt\n|-damage|p2a: Bellibolt|161/320\n|-heal|p1a: Sceptile|129/264 tox|[from] drain|[of] p2a: Bellibolt\n|-start|p2a: Bellibolt|Charge|Giga Drain|[from] ability: Electromorphosis\n|move|p2a: Bellibolt|Thunderbolt|p1a: Sceptile\n|-resisted|p1a: Sceptile\n|-damage|p1a: Sceptile|24/264 tox\n|-end|p2a: Bellibolt|Charge|[silent]\n|\n|-heal|p1a: Sceptile|40/264 tox|[from] item: Leftovers\n|-heal|p2a: Bellibolt|181/320|[from] item: Leftovers\n|-damage|p1a: Sceptile|8/264 tox|[from] psn\n|upkeep\n|turn|14\n|\n|t:|1709151436\n|move|p1a: Sceptile|Giga Drain|p2a: Bellibolt\n|-damage|p2a: Bellibolt|40/320\n|-heal|p1a: Sceptile|79/264 tox|[from] drain|[of] p2a: Bellibolt\n|-start|p2a: Bellibolt|Charge|Giga Drain|[from] ability: Electromorphosis\n|move|p2a: Bellibolt|Slack Off|p2a: Bellibolt\n|-heal|p2a: Bellibolt|200/320\n|\n|-heal|p1a: Sceptile|95/264 tox|[from] item: Leftovers\n|-heal|p2a: Bellibolt|220/320|[from] item: Leftovers\n|-damage|p1a: Sceptile|47/264 tox|[from] psn\n|upkeep\n|turn|15\n|\n|t:|1709151445\n|move|p1a: Sceptile|Giga Drain|p2a: Bellibolt\n|-damage|p2a: Bellibolt|72/320\n|-heal|p1a: Sceptile|121/264 tox|[from] drain|[of] p2a: Bellibolt\n|-start|p2a: Bellibolt|Charge|Giga Drain|[from] ability: Electromorphosis\n|move|p2a: Bellibolt|Slack Off|p2a: Bellibolt\n|-heal|p2a: Bellibolt|232/320\n|\n|-heal|p1a: Sceptile|137/264 tox|[from] item: Leftovers\n|-heal|p2a: Bellibolt|252/320|[from] item: Leftovers\n|-damage|p1a: Sceptile|73/264 tox|[from] psn\n|upkeep\n|turn|16\n|\n|t:|1709151452\n|move|p1a: Sceptile|Giga Drain|p2a: Bellibolt\n|-damage|p2a: Bellibolt|108/320\n|-heal|p1a: Sceptile|145/264 tox|[from] drain|[of] p2a: Bellibolt\n|-start|p2a: Bellibolt|Charge|Giga Drain|[from] ability: Electromorphosis\n|move|p2a: Bellibolt|Slack Off|p2a: Bellibolt\n|-heal|p2a: Bellibolt|268/320\n|\n|-heal|p1a: Sceptile|161/264 tox|[from] item: Leftovers\n|-heal|p2a: Bellibolt|288/320|[from] item: Leftovers\n|-damage|p1a: Sceptile|81/264 tox|[from] psn\n|upkeep\n|turn|17\n|\n|t:|1709151466\n|switch|p1a: Duraludon|Duraludon, L82, M|150/249 par\n|switch|p2a: Regice|Regice, L87|281/281\n|\n|upkeep\n|turn|18\n|\n|t:|1709151474\n|move|p2a: Regice|Ice Beam|p1a: Duraludon\n|-damage|p1a: Duraludon|38/249 par\n|cant|p1a: Duraludon|par\n|\n|upkeep\n|turn|19\n|\n|t:|1709151483\n|move|p2a: Regice|Ice Beam|p1a: Duraludon\n|-damage|p1a: Duraludon|0 fnt\n|faint|p1a: Duraludon\n|\n|upkeep\n|\n|t:|1709151488\n|switch|p1a: Phione|Phione, L90|290/290\n|turn|20\n|\n|t:|1709151498\n|switch|p2a: Bellibolt|Bellibolt, L84, F|288/320\n|move|p1a: Phione|Take Heart|p1a: Phione\n|-boost|p1a: Phione|spa|1\n|-boost|p1a: Phione|spd|1\n|\n|-heal|p2a: Bellibolt|308/320|[from] item: Leftovers\n|upkeep\n|turn|21\n|\n|t:|1709151504\n|move|p1a: Phione|Take Heart|p1a: Phione\n|-boost|p1a: Phione|spa|1\n|-boost|p1a: Phione|spd|1\n|move|p2a: Bellibolt|Thunderbolt|p1a: Phione\n|-supereffective|p1a: Phione\n|-damage|p1a: Phione|180/290\n|-status|p1a: Phione|par\n|\n|-heal|p2a: Bellibolt|320/320|[from] item: Leftovers\n|-heal|p1a: Phione|198/290 par|[from] item: Leftovers\n|upkeep\n|turn|22\n|\n|t:|1709151509\n|move|p2a: Bellibolt|Thunderbolt|p1a: Phione\n|-supereffective|p1a: Phione\n|-damage|p1a: Phione|94/290 par\n|move|p1a: Phione|Take Heart|p1a: Phione\n|-boost|p1a: Phione|spa|1\n|-boost|p1a: Phione|spd|1\n|-curestatus|p1a: Phione|par|[msg]\n|\n|-heal|p1a: Phione|112/290|[from] item: Leftovers\n|upkeep\n|turn|23\n|\n|t:|1709151525\n|move|p1a: Phione|Take Heart|p1a: Phione\n|-boost|p1a: Phione|spa|1\n|-boost|p1a: Phione|spd|1\n|move|p2a: Bellibolt|Thunderbolt|p1a: Phione\n|-supereffective|p1a: Phione\n|-damage|p1a: Phione|44/290\n|\n|-heal|p1a: Phione|62/290|[from] item: Leftovers\n|upkeep\n|turn|24\n|\n|t:|1709151533\n|move|p1a: Phione|Rest|p1a: Phione\n|-status|p1a: Phione|slp|[from] move: Rest\n|-heal|p1a: Phione|290/290 slp|[silent]\n|move|p2a: Bellibolt|Thunderbolt|p1a: Phione\n|-supereffective|p1a: Phione\n|-damage|p1a: Phione|224/290 slp\n|\n|-heal|p1a: Phione|242/290 slp|[from] item: Leftovers\n|upkeep\n|turn|25\n|\n|t:|1709151542\n|switch|p2a: Flapple|Flapple, L88, M|266/266\n|cant|p1a: Phione|slp\n|move|p1a: Phione|Sleep Talk|p1a: Phione\n|move|p1a: Phione|Rest||[from]move: Sleep Talk|[still]\n|-fail|p1a: Phione\n|\n|-heal|p1a: Phione|260/290 slp|[from] item: Leftovers\n|upkeep\n|turn|26\n|\n|t:|1709151556\n|switch|p1a: Zapdos|Zapdos, L78|159/268\n|move|p2a: Flapple|Grav Apple|p1a: Zapdos\n|-resisted|p1a: Zapdos\n|-damage|p1a: Zapdos|33/268\n|-unboost|p1a: Zapdos|def|1\n|\n|upkeep\n|turn|27\n|\n|t:|1709151563\n|switch|p2a: Bellibolt|Bellibolt, L84, F|320/320\n|move|p1a: Zapdos|U-turn|p2a: Bellibolt\n|-damage|p2a: Bellibolt|282/320\n|-start|p2a: Bellibolt|Charge|U-turn|[from] ability: Electromorphosis\n|\n|t:|1709151574\n|switch|p1a: Sceptile|Sceptile, L87, F|81/264 tox|[from] U-turn\n|\n|-heal|p1a: Sceptile|97/264 tox|[from] item: Leftovers\n|-heal|p2a: Bellibolt|302/320|[from] item: Leftovers\n|-damage|p1a: Sceptile|81/264 tox|[from] psn\n|upkeep\n|turn|28\n|\n|t:|1709151579\n|switch|p2a: Regice|Regice, L87|281/281\n|move|p1a: Sceptile|Giga Drain|p2a: Regice\n|-damage|p2a: Regice|212/281\n|-heal|p1a: Sceptile|116/264 tox|[from] drain|[of] p2a: Regice\n|\n|-heal|p1a: Sceptile|132/264 tox|[from] item: Leftovers\n|-damage|p1a: Sceptile|100/264 tox|[from] psn\n|upkeep\n|turn|29\n|\n|t:|1709151586\n|move|p1a: Sceptile|Focus Blast|p2a: Regice\n|-supereffective|p2a: Regice\n|-damage|p2a: Regice|124/281\n|move|p2a: Regice|Thunderbolt|p1a: Sceptile\n|-resisted|p1a: Sceptile\n|-damage|p1a: Sceptile|69/264 tox\n|\n|-heal|p1a: Sceptile|85/264 tox|[from] item: Leftovers\n|-damage|p1a: Sceptile|37/264 tox|[from] psn\n|upkeep\n|turn|30\n|\n|t:|1709151592\n|switch|p1a: Zapdos|Zapdos, L78|33/268\n|move|p2a: Regice|Ice Beam|p1a: Zapdos\n|-supereffective|p1a: Zapdos\n|-damage|p1a: Zapdos|0 fnt\n|faint|p1a: Zapdos\n|\n|upkeep\n|\n|t:|1709151598\n|switch|p1a: Phione|Phione, L90|260/290 slp\n|turn|31\n|\n|t:|1709151603\n|cant|p1a: Phione|slp\n|move|p1a: Phione|Sleep Talk|p1a: Phione\n|move|p1a: Phione|Rest||[from]move: Sleep Talk|[still]\n|-fail|p1a: Phione\n|move|p2a: Regice|Thunderbolt|p1a: Phione\n|-supereffective|p1a: Phione\n|-damage|p1a: Phione|122/290 slp\n|\n|-heal|p1a: Phione|140/290 slp|[from] item: Leftovers\n|upkeep\n|turn|32\n|\n|t:|1709151614\n|-curestatus|p1a: Phione|slp|[msg]\n|move|p1a: Phione|Take Heart|p1a: Phione\n|-boost|p1a: Phione|spa|1\n|-boost|p1a: Phione|spd|1\n|move|p2a: Regice|Thunderbolt|p1a: Phione\n|-supereffective|p1a: Phione\n|-damage|p1a: Phione|50/290\n|\n|-heal|p1a: Phione|68/290|[from] item: Leftovers\n|upkeep\n|turn|33\n|\n|t:|1709151621\n|switch|p2a: Flapple|Flapple, L88, M|266/266\n|move|p1a: Phione|Rest|p1a: Phione\n|-status|p1a: Phione|slp|[from] move: Rest\n|-heal|p1a: Phione|290/290 slp|[silent]\n|\n|upkeep\n|turn|34\n|\n|t:|1709151630\n|switch|p1a: Klefki|Klefki, L84, M|233/233\n|move|p2a: Flapple|Grav Apple|p1a: Klefki\n|-resisted|p1a: Klefki\n|-damage|p1a: Klefki|128/233\n|-unboost|p1a: Klefki|def|1\n|\n|-heal|p1a: Klefki|142/233|[from] item: Leftovers\n|upkeep\n|turn|35\n|\n|t:|1709151639\n|switch|p2a: Hatterene|Hatterene, L86, F|223/238\n|move|p1a: Klefki|Spikes|p2a: Hatterene\n|move|p2a: Hatterene|Spikes|p1a: Klefki|[from]ability: Magic Bounce\n|-sidestart|p1: Zap|Spikes\n|\n|-heal|p1a: Klefki|156/233|[from] item: Leftovers\n|upkeep\n|turn|36\n|\n|t:|1709151648\n|move|p1a: Klefki|Play Rough|p2a: Hatterene|[miss]\n|-miss|p1a: Klefki|p2a: Hatterene\n|move|p2a: Hatterene|Mystical Fire|p1a: Klefki\n|-supereffective|p1a: Klefki\n|-damage|p1a: Klefki|18/233\n|-unboost|p1a: Klefki|spa|1\n|\n|-heal|p1a: Klefki|32/233|[from] item: Leftovers\n|upkeep\n|turn|37\n|j| Hatdestroyer3XD\n|\n|t:|1709151653\n|move|p1a: Klefki|Play Rough|p2a: Hatterene\n|-crit|p2a: Hatterene\n|-damage|p2a: Hatterene|97/238\n|move|p2a: Hatterene|Draining Kiss|p1a: Klefki\n|-resisted|p1a: Klefki\n|-damage|p1a: Klefki|0 fnt\n|-heal|p2a: Hatterene|121/238|[from] drain|[of] p1a: Klefki\n|faint|p1a: Klefki\n|\n|upkeep\n|c| Hatdestroyer3XD|hey zap\n|\n|t:|1709151658\n|switch|p1a: Sceptile|Sceptile, L87, F|37/264 tox\n|-damage|p1a: Sceptile|4/264 tox|[from] Spikes\n|turn|38\n|\n|t:|1709151667\n|switch|p2a: Regice|Regice, L87|124/281\n|move|p1a: Sceptile|Giga Drain|p2a: Regice\n|-damage|p2a: Regice|55/281\n|-heal|p1a: Sceptile|39/264 tox|[from] drain|[of] p2a: Regice\n|\n|-heal|p1a: Sceptile|55/264 tox|[from] item: Leftovers\n|-damage|p1a: Sceptile|39/264 tox|[from] psn\n|upkeep\n|turn|39\n|\n|t:|1709151674\n|move|p1a: Sceptile|Giga Drain|p2a: Regice\n|-damage|p2a: Regice|0 fnt\n|-heal|p1a: Sceptile|67/264 tox|[from] drain|[of] p2a: Regice\n|faint|p2a: Regice\n|\n|-heal|p1a: Sceptile|83/264 tox|[from] item: Leftovers\n|-damage|p1a: Sceptile|51/264 tox|[from] psn\n|upkeep\n|\n|t:|1709151679\n|switch|p2a: Flapple|Flapple, L88, M|266/266\n|turn|40\n|\n|t:|1709151690\n|switch|p2a: Hatterene|Hatterene, L86, F|121/238\n|move|p1a: Sceptile|Focus Blast|p2a: Hatterene\n|-resisted|p2a: Hatterene\n|-damage|p2a: Hatterene|106/238\n|\n|-heal|p1a: Sceptile|67/264 tox|[from] item: Leftovers\n|-damage|p1a: Sceptile|19/264 tox|[from] psn\n|upkeep\n|turn|41\n|\n|t:|1709151701\n|move|p1a: Sceptile|Giga Drain|p2a: Hatterene\n|-damage|p2a: Hatterene|25/238\n|-heal|p1a: Sceptile|60/264 tox|[from] drain|[of] p2a: Hatterene\n|move|p2a: Hatterene|Draining Kiss|p1a: Sceptile\n|-damage|p1a: Sceptile|0 fnt\n|-heal|p2a: Hatterene|70/238|[from] drain|[of] p1a: Sceptile\n|faint|p1a: Sceptile\n|\n|upkeep\n|\n|t:|1709151723\n|switch|p1a: Phione|Phione, L90|290/290 slp\n|-damage|p1a: Phione|254/290 slp|[from] Spikes\n|turn|42\n|\n|t:|1709151731\n|cant|p1a: Phione|slp\n|move|p1a: Phione|Sleep Talk|p1a: Phione\n|move|p1a: Phione|Scald|p2a: Hatterene|[from]move: Sleep Talk\n|-damage|p2a: Hatterene|24/238\n|move|p2a: Hatterene|Draining Kiss|p1a: Phione\n|-damage|p1a: Phione|173/290 slp\n|-heal|p2a: Hatterene|85/238|[from] drain|[of] p1a: Phione\n|\n|-heal|p1a: Phione|191/290 slp|[from] item: Leftovers\n|upkeep\n|turn|43\n|\n|t:|1709151739\n|cant|p1a: Phione|slp\n|move|p1a: Phione|Sleep Talk|p1a: Phione\n|move|p1a: Phione|Scald|p2a: Hatterene|[from]move: Sleep Talk\n|-damage|p2a: Hatterene|36/238\n|move|p2a: Hatterene|Psychic|p1a: Phione\n|-damage|p1a: Phione|65/290 slp\n|\n|-heal|p1a: Phione|83/290 slp|[from] item: Leftovers\n|upkeep\n|turn|44\n|\n|t:|1709151744\n|-curestatus|p1a: Phione|slp|[msg]\n|move|p1a: Phione|Scald|p2a: Hatterene\n|-damage|p2a: Hatterene|0 fnt\n|faint|p2a: Hatterene\n|\n|-heal|p1a: Phione|101/290|[from] item: Leftovers\n|upkeep\n|\n|t:|1709151748\n|switch|p2a: Bellibolt|Bellibolt, L84, F|302/320\n|turn|45\n|\n|t:|1709151763\n|move|p1a: Phione|Rest|p1a: Phione\n|-status|p1a: Phione|slp|[from] move: Rest\n|-heal|p1a: Phione|290/290 slp|[silent]\n|move|p2a: Bellibolt|Thunderbolt|p1a: Phione\n|-supereffective|p1a: Phione\n|-damage|p1a: Phione|92/290 slp\n|\n|-heal|p1a: Phione|110/290 slp|[from] item: Leftovers\n|-heal|p2a: Bellibolt|320/320|[from] item: Leftovers\n|upkeep\n|turn|46\n|\n|t:|1709151767\n|cant|p1a: Phione|slp\n|move|p2a: Bellibolt|Thunderbolt|p1a: Phione\n|-supereffective|p1a: Phione\n|-damage|p1a: Phione|0 fnt\n|faint|p1a: Phione\n|\n|upkeep\n|\n|t:|1709151769\n|switch|p1a: Altaria|Altaria, L88, F|275/275\n|turn|47\n|\n|t:|1709151772\n|-terastallize|p1a: Altaria|Steel\n|move|p1a: Altaria|Dragon Dance|p1a: Altaria\n|-boost|p1a: Altaria|atk|1\n|-boost|p1a: Altaria|spe|1\n|move|p2a: Bellibolt|Toxic|p1a: Altaria\n|-immune|p1a: Altaria\n|\n|upkeep\n|turn|48\n|\n|t:|1709151790\n|switch|p2a: Carbink|Carbink, L90|236/236\n|move|p1a: Altaria|Earthquake|p2a: Carbink\n|-supereffective|p2a: Carbink\n|-damage|p2a: Carbink|118/236\n|\n|-heal|p2a: Carbink|132/236|[from] item: Leftovers\n|upkeep\n|turn|49\n|\n|t:|1709151816\n|switch|p2a: Coalossal|Coalossal, L88, F|337/337\n|move|p1a: Altaria|Earthquake|p2a: Coalossal\n|-supereffective|p2a: Coalossal\n|-crit|p2a: Coalossal\n|-damage|p2a: Coalossal|0 fnt\n|faint|p2a: Coalossal\n|\n|upkeep\n|\n|t:|1709151826\n|switch|p2a: Carbink|Carbink, L90|132/236\n|turn|50\n|inactive|Zap has 120 seconds left.\n|\n|t:|1709151852\n|-terastallize|p2a: Carbink|Fighting\n|move|p1a: Altaria|Brave Bird|p2a: Carbink\n|-supereffective|p2a: Carbink\n|-damage|p2a: Carbink|0 fnt\n|faint|p2a: Carbink\n|-damage|p1a: Altaria|231/275|[from] Recoil\n|\n|upkeep\n|-message|Iceman8911 forfeited.\n|\n|win|Zap\n|raw|Zap's rating: 2268 &rarr; <strong>2288</strong><br />(+20 for winning)\n|raw|Iceman8911's rating: 2268 &rarr; <strong>2248</strong><br />(-20 for losing)\n|l|\u2606Iceman8911\n|player|p2|\n", "inputlog": ">version 45e459a1b851fd07b8d09e888dd7464b4ad610f8\n>start {\"formatid\":\"gen9randombattle\",\"seed\":[22084,16411,4880,32216],\"rated\":\"Rated battle\"}\n>player p1 {\"name\":\"Zap\",\"avatar\":\"#zap\",\"rating\":2268,\"seed\":[190,52504,42868,35746]}\n>player p2 {\"name\":\"Iceman8911\",\"avatar\":\"lysandre-masters\",\"rating\":2268,\"seed\":[45621,44749,14150,8966]}\n>p1 move scald\n>p2 switch 3\n>p1 switch 2\n>p2 move toxic\n>p1 move gigadrain\n>p2 move thunderbolt\n>p1 move leechseed\n>p2 move slackoff\n>p1 switch 2\n>p2 switch 6\n>p1 switch 6\n>p2 switch 6\n>p1 move bodypress\n>p2 switch 6\n>p1 move bodypress\n>p2 switch 6\n>p1 move dracometeor\n>p2 move thunderbolt\n>p1 switch 5\n>p2 move slackoff\n>p1 switch 4\n>p2 move thunderbolt\n>p1 move uturn\n>p2 move thunderbolt\n>p1 switch 2\n>p1 move gigadrain\n>p2 move thunderbolt\n>p1 move gigadrain\n>p2 move slackoff\n>p1 move gigadrain\n>p2 move slackoff\n>p1 move gigadrain\n>p2 move slackoff\n>p1 switch 5\n>p2 switch 2\n>p1 move bodypress\n>p2 move icebeam\n>p1 move bodypress\n>p2 move icebeam\n>p1 switch 6\n>p1 move takeheart\n>p2 switch 2\n>p1 move takeheart\n>p2 move thunderbolt\n>p1 move takeheart\n>p2 move thunderbolt\n>p1 move takeheart\n>p2 move thunderbolt\n>p1 move rest\n>p2 move thunderbolt\n>p1 move sleeptalk\n>p2 switch 5\n>p1 switch 2\n>p2 move gravapple\n>p1 move uturn\n>p2 switch 5\n>p1 switch 5\n>p1 move gigadrain\n>p2 switch 2\n>p1 move focusblast\n>p2 move thunderbolt\n>p1 switch 5\n>p2 move icebeam\n>p1 switch 2\n>p1 move sleeptalk\n>p2 move thunderbolt\n>p1 move takeheart\n>p2 move thunderbolt\n>p1 move rest\n>p2 switch 5\n>p1 switch 4\n>p2 move gravapple\n>p1 move spikes\n>p2 switch 6\n>p1 move playrough\n>p2 move mysticalfire\n>p1 move playrough\n>p2 move drainingkiss\n>chat  Hatdestroyer3XD|hey zap\n>p1 switch 5\n>p1 move gigadrain\n>p2 switch 5\n>p1 move gigadrain\n>p2 move icebeam\n>p2 switch 6\n>p1 move focusblast\n>p2 switch 5\n>p1 move gigadrain\n>p2 move drainingkiss\n>p1 switch 4\n>p1 move sleeptalk\n>p2 move drainingkiss\n>p1 move sleeptalk\n>p2 move psychic\n>p1 move scald\n>p2 move psychic\n>p2 switch 2\n>p1 move rest\n>p2 move thunderbolt\n>p1 move takeheart\n>p2 move thunderbolt\n>p1 switch 3\n>p1 move dragondance terastallize\n>p2 move toxic\n>p1 move earthquake\n>p2 switch 4\n>p1 move earthquake\n>p2 switch 3\n>p2 switch 3\n>p1 move bravebird\n>p2 move bodypress terastallize\n>forcelose p2", "uploadtime": 1709151860, "views": 249, "formatid": "gen9randombattle", "rating": 2248, "private": 0, "password": null}