{"id": "gen9randombattle-2260508664", "format": "[Gen 9] Random Battle", "players": ["ZRMNoise", "yeetsky"], "log": "|j|\u2606ZRMNoise\n|j|\u2606yeetsky\n|t:|1733858422\n|gametype|singles\n|player|p1|ZRMNoise|170|1443\n|player|p2|yeetsky|266|1463\n|teamsize|p1|6\n|teamsize|p2|6\n|gen|9\n|tier|[Gen 9] Random Battle\n|rated|\n|rule|Species Clause: Limit one of each Pok\u00e9mon\n|rule|HP Percentage Mod: HP is shown in percentages\n|rule|Sleep Clause Mod: Limit one foe put to sleep\n|rule|Illusion Level Mod: Illusion disguises the Pok\u00e9mon's true level\n|\n|t:|1733858422\n|start\n|switch|p1a: Persian|Persian, L92, M|269/269\n|switch|p2a: Klefki|Klefki, L84, F|233/233\n|turn|1\n|inactive|Battle timer is ON: inactive players will automatically lose when time's up. (requested by yeetsky)\n|\n|t:|1733858453\n|move|p2a: Klefki|Thunder Wave|p1a: Persian\n|-immune|p1a: Persian|[from] ability: Limber\n|move|p1a: Persian|Gunk Shot|p2a: Klefki\n|-immune|p2a: Klefki\n|\n|upkeep\n|turn|2\n|inactive|ZRMNoise has 120 seconds left.\n|\n|t:|1733858483\n|switch|p1a: Archaludon|Archaludon, L78, F|268/268\n|move|p2a: Klefki|Spikes|p1a: Archaludon\n|-sidestart|p1: ZRMNoise|Spikes\n|\n|upkeep\n|turn|3\n|inactive|ZRMNoise has 120 seconds left.\n|\n|t:|1733858510\n|move|p2a: Klefki|Spikes|p1a: Archaludon\n|-sidestart|p1: ZRMNoise|Spikes\n|move|p1a: Archaludon|Swords Dance|p1a: Archaludon\n|-boost|p1a: Archaludon|atk|2\n|\n|upkeep\n|turn|4\n|inactive|ZRMNoise has 120 seconds left.\n|\n|t:|1733858520\n|move|p2a: Klefki|Spikes|p1a: Archaludon\n|-sidestart|p1: ZRMNoise|Spikes\n|move|p1a: Archaludon|Earthquake|p2a: Klefki\n|-supereffective|p2a: Klefki\n|-damage|p2a: Klefki|0 fnt\n|faint|p2a: Klefki\n|\n|upkeep\n|\n|t:|1733858538\n|switch|p2a: Garganacl|Garganacl, L80, F|291/291\n|turn|5\n|\n|t:|1733858550\n|-terastallize|p1a: Archaludon|Ground\n|-terastallize|p2a: Garganacl|Ghost\n|move|p1a: Archaludon|Earthquake|p2a: Garganacl\n|-damage|p2a: Garganacl|152/291\n|move|p2a: Garganacl|Salt Cure|p1a: Archaludon\n|-resisted|p1a: Archaludon\n|-damage|p1a: Archaludon|253/268\n|-start|p1a: Archaludon|Salt Cure\n|-ability|p1a: Archaludon|Stamina|boost\n|-boost|p1a: Archaludon|def|1\n|\n|-heal|p2a: Garganacl|170/291|[from] item: Leftovers\n|-damage|p1a: Archaludon|220/268|[from] Salt Cure\n|upkeep\n|turn|6\n|inactive|ZRMNoise has 120 seconds left.\n|\n|t:|1733858572\n|move|p2a: Garganacl|Protect|p2a: Garganacl\n|-singleturn|p2a: Garganacl|Protect\n|move|p1a: Archaludon|Outrage|p2a: Garganacl\n|-activate|p2a: Garganacl|move: Protect\n|\n|-heal|p2a: Garganacl|188/291|[from] item: Leftovers\n|-damage|p1a: Archaludon|187/268|[from] Salt Cure\n|upkeep\n|turn|7\n|inactive|ZRMNoise has 120 seconds left.\n|\n|t:|1733858591\n|move|p1a: Archaludon|Outrage|p2a: Garganacl\n|-damage|p2a: Garganacl|0 fnt\n|faint|p2a: Garganacl\n|\n|-damage|p1a: Archaludon|154/268|[from] Salt Cure\n|upkeep\n|\n|t:|1733858595\n|switch|p2a: Walking Wake|Walking Wake, L79|286/286\n|turn|8\n|\n|t:|1733858599\n|move|p2a: Walking Wake|Hydro Steam|p1a: Archaludon\n|-supereffective|p1a: Archaludon\n|-damage|p1a: Archaludon|0 fnt\n|faint|p1a: Archaludon\n|-damage|p2a: Walking Wake|258/286|[from] item: Life Orb\n|\n|upkeep\n|inactive|ZRMNoise has 120 seconds left.\n|\n|t:|1733858630\n|switch|p1a: Hydreigon|Hydreigon, L79, F|275/275\n|turn|9\n|\n|t:|1733858644\n|switch|p1a: Houndstone|Houndstone, L86, M|264/264\n|-damage|p1a: Houndstone|198/264|[from] Spikes\n|move|p2a: Walking Wake|Draco Meteor|p1a: Houndstone\n|-damage|p1a: Houndstone|77/264\n|-unboost|p2a: Walking Wake|spa|2\n|-damage|p2a: Walking Wake|230/286|[from] item: Life Orb\n|\n|upkeep\n|turn|10\n|\n|t:|1733858662\n|move|p2a: Walking Wake|Hydro Steam|p1a: Houndstone\n|-damage|p1a: Houndstone|42/264\n|-damage|p2a: Walking Wake|202/286|[from] item: Life Orb\n|move|p1a: Houndstone|Play Rough|p2a: Walking Wake\n|-supereffective|p2a: Walking Wake\n|-damage|p2a: Walking Wake|54/286\n|\n|upkeep\n|turn|11\n|\n|t:|1733858673\n|move|p1a: Houndstone|Shadow Sneak|p2a: Walking Wake\n|-damage|p2a: Walking Wake|5/286\n|move|p2a: Walking Wake|Draco Meteor|p1a: Houndstone\n|-damage|p1a: Houndstone|0 fnt\n|-unboost|p2a: Walking Wake|spa|2\n|faint|p1a: Houndstone\n|-damage|p2a: Walking Wake|0 fnt|[from] item: Life Orb\n|faint|p2a: Walking Wake\n|-end|p2a: Walking Wake|Protosynthesis|[silent]\n|\n|upkeep\n|\n|t:|1733858690\n|switch|p2a: Scyther|Scyther, L82, M|249/249\n|switch|p1a: Hydreigon|Hydreigon, L79, F|275/275\n|turn|12\n|\n|t:|1733858709\n|move|p2a: Scyther|U-turn|p1a: Hydreigon\n|-supereffective|p1a: Hydreigon\n|-damage|p1a: Hydreigon|117/275\n|\n|t:|1733858726\n|switch|p2a: Veluza|Veluza, L85, F|292/292|[from] U-turn\n|move|p1a: Hydreigon|Draco Meteor|p2a: Veluza\n|-damage|p2a: Veluza|62/292\n|-unboost|p1a: Hydreigon|spa|2\n|-enditem|p2a: Veluza|Sitrus Berry|[eat]\n|-heal|p2a: Veluza|135/292|[from] item: Sitrus Berry\n|-damage|p1a: Hydreigon|90/275|[from] item: Life Orb\n|\n|upkeep\n|turn|13\n|inactive|ZRMNoise has 90 seconds left.\n|\n|t:|1733858754\n|move|p1a: Hydreigon|Draco Meteor|p2a: Veluza\n|-damage|p2a: Veluza|22/292\n|-unboost|p1a: Hydreigon|spa|2\n|-damage|p1a: Hydreigon|63/275|[from] item: Life Orb\n|move|p2a: Veluza|Aqua Cutter|p1a: Hydreigon\n|-resisted|p1a: Hydreigon\n|-damage|p1a: Hydreigon|0 fnt\n|faint|p1a: Hydreigon\n|\n|upkeep\n|\n|t:|1733858767\n|switch|p1a: Mesprit|Mesprit, L85|275/275\n|turn|14\n|\n|t:|1733858777\n|move|p1a: Mesprit|Ice Beam|p2a: Veluza\n|-resisted|p2a: Veluza\n|-damage|p2a: Veluza|0 fnt\n|faint|p2a: Veluza\n|\n|upkeep\n|\n|t:|1733858779\n|switch|p2a: Scyther|Scyther, L82, M|249/249\n|turn|15\n|inactive|ZRMNoise has 90 seconds left.\n|\n|t:|1733858798\n|move|p2a: Scyther|U-turn|p1a: Mesprit\n|-supereffective|p1a: Mesprit\n|-damage|p1a: Mesprit|137/275\n|\n|t:|1733858805\n|switch|p2a: Hoopa|Hoopa, L85|275/275|[from] U-turn\n|move|p1a: Mesprit|Ice Beam|p2a: Hoopa\n|-damage|p2a: Hoopa|201/275\n|\n|upkeep\n|turn|16\n|inactive|ZRMNoise has 90 seconds left.\n|\n|t:|1733858823\n|switch|p1a: Persian|Persian, L92, M|269/269\n|-damage|p1a: Persian|202/269|[from] Spikes\n|move|p2a: Hoopa|Shadow Ball|p1a: Persian\n|-immune|p1a: Persian\n|\n|upkeep\n|turn|17\n|inactive|ZRMNoise has 90 seconds left.\n|\n|t:|1733858832\n|move|p1a: Persian|Knock Off|p2a: Hoopa\n|-supereffective|p2a: Hoopa\n|-crit|p2a: Hoopa\n|-damage|p2a: Hoopa|0 fnt\n|-enditem|p2a: Hoopa|Life Orb|[from] move: Knock Off|[of] p1a: Persian\n|faint|p2a: Hoopa\n|\n|upkeep\n|\n|t:|1733858834\n|switch|p2a: Scyther|Scyther, L82, M|249/249\n|turn|18\n|\n|t:|1733858843\n|move|p1a: Persian|Knock Off|p2a: Scyther\n|-damage|p2a: Scyther|140/249\n|-enditem|p2a: Scyther|Heavy-Duty Boots|[from] move: Knock Off|[of] p1a: Persian\n|move|p2a: Scyther|Close Combat|p1a: Persian\n|-supereffective|p1a: Persian\n|-damage|p1a: Persian|0 fnt\n|-unboost|p2a: Scyther|def|1\n|-unboost|p2a: Scyther|spd|1\n|faint|p1a: Persian\n|\n|upkeep\n|inactive|ZRMNoise has 90 seconds left.\n|\n|t:|1733858867\n|switch|p1a: Clawitzer|Clawitzer, L87, M|265/265\n|-damage|p1a: Clawitzer|199/265|[from] Spikes\n|turn|19\n|inactive|ZRMNoise has 90 seconds left.\n|inactive|yeetsky has 120 seconds left.\n|inactive|yeetsky has 90 seconds left.\n|inactive|yeetsky has 60 seconds left.\n|\n|t:|1733858966\n|move|p2a: Scyther|Dual Wingbeat|p1a: Clawitzer\n|-damage|p1a: Clawitzer|129/265\n|-damage|p1a: Clawitzer|66/265\n|-hitcount|p1a: Clawitzer|2\n|move|p1a: Clawitzer|Water Pulse|p2a: Scyther\n|-crit|p2a: Scyther\n|-damage|p2a: Scyther|0 fnt\n|faint|p2a: Scyther\n|\n|win|ZRMNoise\n|raw|ZRMNoise's rating: 1443 &rarr; <strong>1464</strong><br />(+21 for winning)\n|raw|yeetsky's rating: 1463 &rarr; <strong>1442</strong><br />(-21 for losing)\n|l|\u2606yeetsky\n|player|p2|\n", "inputlog": ">version bfd83cad13791eb5a5a409923076391caf6fb4d4\n>start {\"formatid\":\"gen9randombattle\",\"seed\":[53573,38047,31860,6351],\"rated\":\"Rated battle\"}\n>player p1 {\"name\":\"ZRMNoise\",\"avatar\":\"170\",\"rating\":1443,\"seed\":[61964,9408,23895,23429]}\n>player p2 {\"name\":\"yeetsky\",\"avatar\":\"266\",\"rating\":1463,\"seed\":[26611,51153,31090,15588]}\n>p1 move gunkshot\n>p2 move thunderwave\n>p1 switch 3\n>p2 move spikes\n>p1 move swordsdance\n>p2 move spikes\n>p1 move earthquake\n>p2 move spikes\n>p2 switch 3\n>p1 move earthquake terastallize\n>p2 move saltcure terastallize\n>p1 move outrage\n>p2 move protect\n>p1 move outrage\n>p2 move recover\n>p2 switch 5\n>p1 move outrage\n>p2 move hydrosteam\n>p1 switch 4\n>p1 switch 2\n>p2 move dracometeor\n>p1 move playrough\n>p2 move hydrosteam\n>p1 move shadowsneak\n>p2 move dracometeor\n>p1 switch 2\n>p2 switch 2\n>p1 move dracometeor\n>p2 move uturn\n>p2 switch 4\n>p1 move dracometeor\n>p2 move aquacutter\n>p1 switch 6\n>p1 move icebeam\n>p2 move nightslash\n>p2 switch 4\n>p1 move icebeam\n>p2 move uturn\n>p2 switch 6\n>p1 switch 3\n>p2 move shadowball\n>p1 move knockoff\n>p2 move focusblast\n>p2 switch 6\n>p1 move knockoff\n>p2 move closecombat\n>p1 switch 5\n>p1 move waterpulse\n>p2 move dualwingbeat", "uploadtime": 1733858975, "views": 12, "formatid": "gen9randombattle", "rating": 1442, "private": 0, "password": null}