{"id": "gen9randombattle-2253960896", "format": "[Gen 9] Random Battle", "players": ["Gloriousplays", "iAcidicOwl"], "log": "|j|\u203dGloriousplays\n|j|\u2606iAcidicOwl\n|t:|1732971852\n|gametype|singles\n|player|p1|Gloriousplays|ash|2292\n|player|p2|iAcidicOwl|dahlia|2244\n|teamsize|p1|6\n|teamsize|p2|6\n|gen|9\n|tier|[Gen 9] Random Battle\n|rated|\n|rule|Species Clause: Limit one of each Pok\u00e9mon\n|rule|HP Percentage Mod: HP is shown in percentages\n|rule|Sleep Clause Mod: Limit one foe put to sleep\n|rule|Illusion Level Mod: Illusion disguises the Pok\u00e9mon's true level\n|\n|t:|1732971852\n|start\n|switch|p1a: Gliscor|Gliscor, L76, M|239/239\n|switch|p2a: Azelf|Azelf, L82|257/257\n|turn|1\n|\n|t:|1732971870\n|move|p1a: Gliscor|Protect|p1a: Gliscor\n|-singleturn|p1a: Gliscor|Protect\n|move|p2a: Azelf|Knock Off|p1a: Gliscor\n|-activate|p1a: Gliscor|move: Protect\n|\n|-status|p1a: Gliscor|tox|[from] item: Toxic Orb\n|upkeep\n|turn|2\n|\n|t:|1732971885\n|switch|p1a: Wo-Chien|Wo-Chien, L83|277/277\n|-ability|p1a: Wo-Chien|Tablets of Ruin\n|move|p2a: Azelf|U-turn|p1a: Wo-Chien\n|-supereffective|p1a: Wo-Chien\n|-damage|p1a: Wo-Chien|117/277\n|\n|t:|1732971922\n|switch|p2a: Crabominable|Crabominable, L90, F|321/321|[from] U-turn\n|\n|-heal|p1a: Wo-Chien|134/277|[from] item: Leftovers\n|upkeep\n|turn|3\n|\n|t:|1732971928\n|move|p1a: Wo-Chien|Protect|p1a: Wo-Chien\n|-singleturn|p1a: Wo-Chien|Protect\n|move|p2a: Crabominable|Ice Hammer|p1a: Wo-Chien\n|-activate|p1a: Wo-Chien|move: Protect\n|\n|-heal|p1a: Wo-Chien|151/277|[from] item: Leftovers\n|upkeep\n|turn|4\n|\n|t:|1732971937\n|switch|p1a: Magcargo|Magcargo, L95, F|268/268\n|move|p2a: Crabominable|Ice Hammer|p1a: Magcargo\n|-resisted|p1a: Magcargo\n|-damage|p1a: Magcargo|178/268\n|-unboost|p2a: Crabominable|spe|1\n|-status|p2a: Crabominable|brn|[from] ability: Flame Body|[of] p1a: Magcargo\n|\n|-damage|p2a: Crabominable|301/321 brn|[from] brn\n|upkeep\n|turn|5\n|l|\u2606iAcidicOwl\n|player|p2|\n|inactive|Battle timer is ON: inactive players will automatically lose when time's up. (requested by Gloriousplays)\n|j|\u2606iAcidicOwl\n|inactive|iAcidicOwl reconnected and has 140 seconds left.\n|player|p2|iAcidicOwl|dahlia|\n|inactive|iAcidicOwl has 120 seconds left.\n|\n|t:|1732971984\n|switch|p2a: Hariyama|Hariyama, L87, F|392/392\n|move|p1a: Magcargo|Stealth Rock|p2a: Hariyama\n|-sidestart|p2: iAcidicOwl|move: Stealth Rock\n|\n|upkeep\n|turn|6\n|\n|t:|1732972011\n|switch|p2a: Giratina|Giratina, L75|349/349\n|-damage|p2a: Giratina|306/349|[from] Stealth Rock\n|-ability|p2a: Giratina|Pressure\n|switch|p1a: Brambleghast|Brambleghast, L88, M|240/240\n|\n|upkeep\n|turn|7\n|l|\u2606iAcidicOwl\n|inactive|iAcidicOwl disconnected and has a minute to reconnect!\n|player|p2|\n|j|\u2606iAcidicOwl\n|inactive|iAcidicOwl reconnected and has 110 seconds left.\n|player|p2|iAcidicOwl|dahlia|\n|inactive|iAcidicOwl has 90 seconds left.\n|\n|t:|1732972057\n|switch|p1a: Wo-Chien|Wo-Chien, L83|151/277\n|-ability|p1a: Wo-Chien|Tablets of Ruin\n|-terastallize|p2a: Giratina|Fairy\n|move|p2a: Giratina|Will-O-Wisp|p1a: Wo-Chien\n|-status|p1a: Wo-Chien|brn\n|\n|-heal|p1a: Wo-Chien|168/277 brn|[from] item: Leftovers\n|-damage|p1a: Wo-Chien|151/277 brn|[from] brn\n|upkeep\n|turn|8\n|l|\u2606iAcidicOwl\n|inactive|iAcidicOwl disconnected and has a minute to reconnect!\n|player|p2|\n|\n|t:|1732972085\n|move|p2a: Giratina|Defog|p1a: Wo-Chien\n|-unboost|p1a: Wo-Chien|evasion|1\n|-sideend|p2: iAcidicOwl|Stealth Rock|[from] move: Defog|[of] p2a: Giratina\n|move|p1a: Wo-Chien|Leech Seed|p2a: Giratina\n|-start|p2a: Giratina|move: Leech Seed\n|\n|-heal|p1a: Wo-Chien|168/277 brn|[from] item: Leftovers\n|-damage|p2a: Giratina|263/349|[from] Leech Seed|[of] p1a: Wo-Chien\n|-heal|p1a: Wo-Chien|211/277 brn|[silent]\n|-damage|p1a: Wo-Chien|194/277 brn|[from] brn\n|upkeep\n|turn|9\n|j|\u2606iAcidicOwl\n|inactive|iAcidicOwl reconnected and has 85 seconds left.\n|player|p2|iAcidicOwl|dahlia|\n|\n|t:|1732972123\n|switch|p2a: Hariyama|Hariyama, L87, F|392/392\n|move|p1a: Wo-Chien|Leech Seed|p2a: Hariyama|[miss]\n|-miss|p1a: Wo-Chien|p2a: Hariyama\n|\n|-heal|p1a: Wo-Chien|211/277 brn|[from] item: Leftovers\n|-damage|p1a: Wo-Chien|194/277 brn|[from] brn\n|upkeep\n|turn|10\n|inactive|Gloriousplays has 120 seconds left.\n|l|\u2606iAcidicOwl\n|inactive|iAcidicOwl disconnected and has a minute to reconnect!\n|player|p2|\n|inactive|Gloriousplays has 90 seconds left.\n|j|\u2606iAcidicOwl\n|inactive|iAcidicOwl reconnected.\n|player|p2|iAcidicOwl|dahlia|\n|\n|t:|1732972184\n|move|p1a: Wo-Chien|Leech Seed|p2a: Hariyama\n|-start|p2a: Hariyama|move: Leech Seed\n|move|p2a: Hariyama|Knock Off|p1a: Wo-Chien\n|-resisted|p1a: Wo-Chien\n|-crit|p1a: Wo-Chien\n|-damage|p1a: Wo-Chien|152/277 brn\n|-enditem|p1a: Wo-Chien|Leftovers|[from] move: Knock Off|[of] p2a: Hariyama\n|\n|-damage|p2a: Hariyama|343/392|[from] Leech Seed|[of] p1a: Wo-Chien\n|-heal|p1a: Wo-Chien|201/277 brn|[silent]\n|-damage|p1a: Wo-Chien|184/277 brn|[from] brn\n|upkeep\n|turn|11\n|inactive|iAcidicOwl has 60 seconds left.\n|\n|t:|1732972230\n|switch|p1a: Brambleghast|Brambleghast, L88, M|240/240\n|switch|p2a: Crabominable|Crabominable, L90, F|301/321 brn\n|\n|-damage|p2a: Crabominable|281/321 brn|[from] brn\n|upkeep\n|turn|12\n|\n|t:|1732972243\n|switch|p1a: Wo-Chien|Wo-Chien, L83|184/277 brn\n|-ability|p1a: Wo-Chien|Tablets of Ruin\n|move|p2a: Crabominable|Drain Punch|p1a: Wo-Chien\n|-supereffective|p1a: Wo-Chien\n|-damage|p1a: Wo-Chien|27/277 brn\n|-heal|p2a: Crabominable|321/321 brn|[from] drain|[of] p1a: Wo-Chien\n|\n|-damage|p1a: Wo-Chien|10/277 brn|[from] brn\n|-damage|p2a: Crabominable|301/321 brn|[from] brn\n|upkeep\n|turn|13\n|\n|t:|1732972266\n|switch|p2a: Hariyama|Hariyama, L87, F|343/392\n|move|p1a: Wo-Chien|Leech Seed|p2a: Hariyama|[miss]\n|-miss|p1a: Wo-Chien|p2a: Hariyama\n|\n|-damage|p1a: Wo-Chien|0 fnt|[from] brn\n|faint|p1a: Wo-Chien\n|upkeep\n|\n|t:|1732972276\n|switch|p1a: Gliscor|Gliscor, L76, M|239/239 tox\n|turn|14\n|\n|t:|1732972281\n|switch|p2a: Crabominable|Crabominable, L90, F|301/321 brn\n|move|p1a: Gliscor|Toxic Spikes|p2a: Crabominable\n|-sidestart|p2: iAcidicOwl|move: Toxic Spikes\n|\n|-damage|p2a: Crabominable|281/321 brn|[from] brn\n|upkeep\n|turn|15\n|\n|t:|1732972289\n|move|p1a: Gliscor|Protect|p1a: Gliscor\n|-singleturn|p1a: Gliscor|Protect\n|move|p2a: Crabominable|Ice Hammer|p1a: Gliscor\n|-activate|p1a: Gliscor|move: Protect\n|\n|-damage|p2a: Crabominable|261/321 brn|[from] brn\n|upkeep\n|turn|16\n|inactive|iAcidicOwl has 60 seconds left.\n|\n|t:|1732972301\n|switch|p1a: Magcargo|Magcargo, L95, F|178/268\n|switch|p2a: Azelf|Azelf, L82|257/257\n|\n|upkeep\n|turn|17\n|\n|t:|1732972305\n|move|p2a: Azelf|Psychic|p1a: Magcargo\n|-damage|p1a: Magcargo|67/268\n|move|p1a: Magcargo|Recover|p1a: Magcargo\n|-heal|p1a: Magcargo|201/268\n|\n|upkeep\n|turn|18\n|\n|t:|1732972310\n|move|p2a: Azelf|Psychic|p1a: Magcargo\n|-damage|p1a: Magcargo|95/268\n|move|p1a: Magcargo|Recover|p1a: Magcargo\n|-heal|p1a: Magcargo|229/268\n|\n|upkeep\n|turn|19\n|\n|t:|1732972318\n|move|p2a: Azelf|Psychic|p1a: Magcargo\n|-damage|p1a: Magcargo|118/268\n|move|p1a: Magcargo|Lava Plume|p2a: Azelf\n|-damage|p2a: Azelf|172/257\n|\n|upkeep\n|turn|20\n|\n|t:|1732972336\n|move|p2a: Azelf|Psychic|p1a: Magcargo\n|-damage|p1a: Magcargo|22/268\n|move|p1a: Magcargo|Recover|p1a: Magcargo\n|-heal|p1a: Magcargo|156/268\n|\n|upkeep\n|turn|21\n|inactive|iAcidicOwl has 90 seconds left.\n|\n|t:|1732972342\n|move|p2a: Azelf|Psychic|p1a: Magcargo\n|-damage|p1a: Magcargo|48/268\n|move|p1a: Magcargo|Lava Plume|p2a: Azelf\n|-damage|p2a: Azelf|87/257\n|-status|p2a: Azelf|brn\n|\n|-damage|p2a: Azelf|71/257 brn|[from] brn\n|upkeep\n|turn|22\n|\n|t:|1732972345\n|move|p2a: Azelf|Psychic|p1a: Magcargo\n|-damage|p1a: Magcargo|0 fnt\n|faint|p1a: Magcargo\n|\n|-damage|p2a: Azelf|55/257 brn|[from] brn\n|upkeep\n|\n|t:|1732972347\n|switch|p1a: Ribombee|Ribombee, L82, M|233/233\n|turn|23\n|\n|t:|1732972368\n|switch|p2a: Giratina|Giratina, L75, tera:Fairy|263/349\n|-status|p2a: Giratina|psn\n|-ability|p2a: Giratina|Pressure\n|move|p1a: Ribombee|Quiver Dance|p1a: Ribombee\n|-boost|p1a: Ribombee|spa|1\n|-boost|p1a: Ribombee|spd|1\n|-boost|p1a: Ribombee|spe|1\n|\n|-damage|p2a: Giratina|220/349 psn|[from] psn\n|upkeep\n|turn|24\n|inactive|Gloriousplays has 120 seconds left.\n|\n|t:|1732972398\n|move|p1a: Ribombee|Quiver Dance|p1a: Ribombee\n|-boost|p1a: Ribombee|spa|1\n|-boost|p1a: Ribombee|spd|1\n|-boost|p1a: Ribombee|spe|1\n|move|p2a: Giratina|Defog|p1a: Ribombee\n|-unboost|p1a: Ribombee|evasion|1\n|-sideend|p2: iAcidicOwl|Toxic Spikes|[from] move: Defog|[of] p2a: Giratina\n|\n|-damage|p2a: Giratina|177/349 psn|[from] psn\n|upkeep\n|turn|25\n|\n|t:|1732972402\n|move|p1a: Ribombee|Quiver Dance|p1a: Ribombee\n|-boost|p1a: Ribombee|spa|1\n|-boost|p1a: Ribombee|spd|1\n|-boost|p1a: Ribombee|spe|1\n|move|p2a: Giratina|Rest|p2a: Giratina\n|-status|p2a: Giratina|slp|[from] move: Rest\n|-heal|p2a: Giratina|349/349 slp|[silent]\n|-enditem|p2a: Giratina|Chesto Berry|[eat]\n|-curestatus|p2a: Giratina|slp|[msg]\n|\n|upkeep\n|turn|26\n|inactive|Gloriousplays has 120 seconds left.\n|\n|t:|1732972427\n|move|p1a: Ribombee|Quiver Dance|p1a: Ribombee\n|-boost|p1a: Ribombee|spa|1\n|-boost|p1a: Ribombee|spd|1\n|-boost|p1a: Ribombee|spe|1\n|move|p2a: Giratina|Shadow Ball|p1a: Ribombee\n|-damage|p1a: Ribombee|203/233\n|\n|upkeep\n|turn|27\n|\n|t:|1732972434\n|move|p1a: Ribombee|Moonblast|p2a: Giratina\n|-damage|p2a: Giratina|103/349\n|move|p2a: Giratina|Shadow Ball|p1a: Ribombee\n|-damage|p1a: Ribombee|175/233\n|\n|upkeep\n|turn|28\n|\n|t:|1732972446\n|move|p1a: Ribombee|Quiver Dance|p1a: Ribombee\n|-boost|p1a: Ribombee|spa|1\n|-boost|p1a: Ribombee|spd|1\n|-boost|p1a: Ribombee|spe|1\n|move|p2a: Giratina|Shadow Ball|p1a: Ribombee\n|-damage|p1a: Ribombee|151/233\n|\n|upkeep\n|turn|29\n|\n|t:|1732972450\n|move|p1a: Ribombee|Moonblast|p2a: Giratina\n|-damage|p2a: Giratina|0 fnt\n|faint|p2a: Giratina\n|\n|upkeep\n|\n|t:|1732972452\n|switch|p2a: Thundurus|Thundurus, L80, M|258/258\n|turn|30\n|\n|t:|1732972472\n|-terastallize|p1a: Ribombee|Ground\n|move|p1a: Ribombee|Moonblast|p2a: Thundurus\n|-damage|p2a: Thundurus|0 fnt\n|faint|p2a: Thundurus\n|\n|upkeep\n|-message|iAcidicOwl forfeited.\n|\n|win|Gloriousplays\n|raw|Gloriousplays's rating: 2272 &rarr; <strong>2290</strong><br />(+18 for winning)\n|raw|iAcidicOwl's rating: 2244 &rarr; <strong>2226</strong><br />(-18 for losing)\n|l|\u2606iAcidicOwl\n|player|p2|\n", "inputlog": ">version b107d77f5c90bd6555267ae244a6264823309ead\n>start {\"formatid\":\"gen9randombattle\",\"seed\":[36350,39621,43646,54759],\"rated\":\"Rated battle\"}\n>player p1 {\"name\":\"Gloriousplays\",\"avatar\":\"ash\",\"rating\":2292,\"seed\":[6882,23814,63265,13009]}\n>player p2 {\"name\":\"iAcidicOwl\",\"avatar\":\"dahlia\",\"rating\":2244,\"seed\":[42484,8740,50757,36477]}\n>p1 move protect\n>p2 move knockoff\n>p1 switch 2\n>p2 move uturn\n>p2 switch 4\n>p1 move protect\n>p2 move icehammer\n>p1 switch 5\n>p2 move icehammer\n>p1 move stealthrock\n>p2 switch 2\n>p1 switch 3\n>p2 switch 6\n>p1 switch 5\n>p2 move willowisp terastallize\n>p1 move leechseed\n>p2 move defog\n>p1 move leechseed\n>p2 switch 6\n>p1 move leechseed\n>p2 move knockoff\n>p1 switch 5\n>p2 switch 2\n>p1 switch 5\n>p2 move drainpunch\n>p1 move leechseed\n>p2 switch 2\n>p1 switch 2\n>p1 move toxicspikes\n>p2 switch 2\n>p1 move protect\n>p2 move icehammer\n>p1 switch 3\n>p2 switch 4\n>p1 move recover\n>p2 move psychic\n>p1 move recover\n>p2 move psychic\n>p1 move lavaplume\n>p2 move psychic\n>p1 move recover\n>p2 move psychic\n>p1 move lavaplume\n>p2 move psychic\n>p1 move lavaplume\n>p2 move psychic\n>p1 switch 4\n>p1 move quiverdance\n>p2 switch 6\n>p1 move quiverdance\n>p2 move defog\n>p1 move quiverdance\n>p2 move rest\n>p1 move quiverdance\n>p2 move shadowball\n>p1 move moonblast\n>p2 move shadowball\n>p1 move quiverdance\n>p2 move shadowball\n>p1 move moonblast\n>p2 move shadowball\n>p2 switch 3\n>p1 move moonblast terastallize\n>p2 move thunderbolt\n>forcelose p2", "uploadtime": 1732972482, "views": 13, "formatid": "gen9randombattle", "rating": 2226, "private": 0, "password": null}