{"id": "gen9randombattle-2151842330", "format": "[Gen 9] Random Battle", "players": ["PA", "MasterJ007"], "log": "|badge|p1|bronze|gen9randombattle|100-1\n|html|<div class=\"broadcast-red\"><strong>This battle is required to be public due to one or more player having a season medal.</strong><br />During the public phase, you can discuss the state of the ladder <a href=\"/seasondiscussion\">in a special chatroom.</a></div>\n|uhtml|medal-msg|<div class=\"broadcast-blue\">Curious what those medals under the avatar are? PS now has Ladder Seasons! For more information, check out the <a href=\"https://www.smogon.com/forums/threads/3740067/\">thread on Smogon.</a></div>\n|badge|p2|bronze|gen9randombattle|100-1\n|uhtml|medal-msg|<div class=\"broadcast-blue\">Curious what those medals under the avatar are? PS now has Ladder Seasons! For more information, check out the <a href=\"https://www.smogon.com/forums/threads/3740067/\">thread on Smogon.</a></div>\n|raw|<div class=\"broadcast-blue\"><strong>This battle is required to be public due to a player having a name starting with 'medal'.</div>\n|j|\u2606PA\n|j|\u2606MasterJ007\n|t:|1719613677\n|gametype|singles\n|player|p1|PA|schoolkidf-gen4|2364\n|player|p2|MasterJ007|#rbtt7teamsuicune|2402\n|teamsize|p1|6\n|teamsize|p2|6\n|gen|9\n|tier|[Gen 9] Random Battle\n|rated|\n|rule|Species Clause: Limit one of each Pok\u00e9mon\n|rule|HP Percentage Mod: HP is shown in percentages\n|rule|Sleep Clause Mod: Limit one foe put to sleep\n|rule|Illusion Level Mod: Illusion disguises the Pok\u00e9mon's true level\n|\n|t:|1719613677\n|start\n|switch|p1a: Ursaring|Ursaring, L84, M|288/288\n|switch|p2a: Corviknight|Corviknight, L80, M|288/288\n|turn|1\n|inactive|Battle timer is ON: inactive players will automatically lose when time's up. (requested by PA)\n|\n|t:|1719613695\n|move|p2a: Corviknight|Brave Bird|p1a: Ursaring\n|-damage|p1a: Ursaring|206/288\n|-damage|p2a: Corviknight|261/288|[from] Recoil\n|move|p1a: Ursaring|Body Slam|p2a: Corviknight\n|-resisted|p2a: Corviknight\n|-damage|p2a: Corviknight|213/288\n|-status|p2a: Corviknight|par\n|\n|-heal|p2a: Corviknight|231/288 par|[from] item: Leftovers\n|upkeep\n|turn|2\n|\n|t:|1719613708\n|move|p1a: Ursaring|Body Slam|p2a: Corviknight\n|-resisted|p2a: Corviknight\n|-damage|p2a: Corviknight|180/288 par\n|cant|p2a: Corviknight|par\n|\n|-heal|p2a: Corviknight|198/288 par|[from] item: Leftovers\n|upkeep\n|turn|3\n|\n|t:|1719613711\n|move|p1a: Ursaring|Body Slam|p2a: Corviknight\n|-resisted|p2a: Corviknight\n|-damage|p2a: Corviknight|150/288 par\n|move|p2a: Corviknight|Roost|p2a: Corviknight\n|-heal|p2a: Corviknight|288/288 par\n|-singleturn|p2a: Corviknight|move: Roost\n|\n|upkeep\n|turn|4\n|\n|t:|1719613714\n|move|p1a: Ursaring|Body Slam|p2a: Corviknight\n|-resisted|p2a: Corviknight\n|-damage|p2a: Corviknight|234/288 par\n|move|p2a: Corviknight|Brave Bird|p1a: Ursaring\n|-damage|p1a: Ursaring|127/288\n|-damage|p2a: Corviknight|208/288 par|[from] Recoil\n|\n|-heal|p2a: Corviknight|226/288 par|[from] item: Leftovers\n|upkeep\n|turn|5\n|\n|t:|1719613717\n|move|p1a: Ursaring|Rest|p1a: Ursaring\n|-status|p1a: Ursaring|slp|[from] move: Rest\n|-heal|p1a: Ursaring|288/288 slp|[silent]\n|move|p2a: Corviknight|Brave Bird|p1a: Ursaring\n|-damage|p1a: Ursaring|209/288 slp\n|-damage|p2a: Corviknight|200/288 par|[from] Recoil\n|\n|-heal|p2a: Corviknight|218/288 par|[from] item: Leftovers\n|upkeep\n|turn|6\n|\n|t:|1719613720\n|cant|p1a: Ursaring|slp\n|move|p1a: Ursaring|Sleep Talk|p1a: Ursaring\n|move|p1a: Ursaring|Body Slam|p2a: Corviknight|[from]move: Sleep Talk\n|-resisted|p2a: Corviknight\n|-damage|p2a: Corviknight|144/288 par\n|move|p2a: Corviknight|Brave Bird|p1a: Ursaring\n|-damage|p1a: Ursaring|125/288 slp\n|-damage|p2a: Corviknight|116/288 par|[from] Recoil\n|\n|-heal|p2a: Corviknight|134/288 par|[from] item: Leftovers\n|upkeep\n|turn|7\n|\n|t:|1719613724\n|switch|p1a: Charizard|Charizard, L85, F|271/271\n|cant|p2a: Corviknight|par\n|\n|-heal|p2a: Corviknight|152/288 par|[from] item: Leftovers\n|upkeep\n|turn|8\n|\n|t:|1719613727\n|switch|p2a: Diancie|Diancie, L82|216/216\n|move|p1a: Charizard|Flamethrower|p2a: Diancie\n|-resisted|p2a: Diancie\n|-damage|p2a: Diancie|182/216\n|\n|-heal|p2a: Diancie|195/216|[from] item: Leftovers\n|upkeep\n|turn|9\n|\n|t:|1719613731\n|switch|p1a: Barraskewda|Barraskewda, L81, F|231/231\n|move|p2a: Diancie|Diamond Storm|p1a: Barraskewda\n|-damage|p1a: Barraskewda|101/231\n|-boost|p2a: Diancie|def|2\n|\n|-heal|p2a: Diancie|208/216|[from] item: Leftovers\n|upkeep\n|turn|10\n|\n|t:|1719613738\n|move|p1a: Barraskewda|Flip Turn|p2a: Diancie\n|-supereffective|p2a: Diancie\n|-damage|p2a: Diancie|136/216\n|\n|t:|1719613742\n|switch|p1a: Flapple|Flapple, L88, M|266/266|[from] Flip Turn\n|move|p2a: Diancie|Diamond Storm|p1a: Flapple|[miss]\n|-miss|p2a: Diancie|p1a: Flapple\n|\n|-heal|p2a: Diancie|149/216|[from] item: Leftovers\n|upkeep\n|turn|11\n|\n|t:|1719613757\n|switch|p2a: Jumpluff|Jumpluff, L87, F|271/271\n|move|p1a: Flapple|Grav Apple|p2a: Jumpluff\n|-resisted|p2a: Jumpluff\n|-damage|p2a: Jumpluff|225/271\n|-unboost|p2a: Jumpluff|def|1\n|\n|upkeep\n|turn|12\n|\n|t:|1719613767\n|switch|p1a: Cetitan|Cetitan, L82, F|412/412\n|move|p2a: Jumpluff|Acrobatics|p1a: Cetitan\n|-damage|p1a: Cetitan|307/412\n|\n|upkeep\n|turn|13\n|\n|t:|1719613777\n|switch|p2a: Corviknight|Corviknight, L80, M|152/288 par\n|move|p1a: Cetitan|Belly Drum|p1a: Cetitan\n|-damage|p1a: Cetitan|101/412\n|-setboost|p1a: Cetitan|atk|6|[from] move: Belly Drum\n|-enditem|p1a: Cetitan|Sitrus Berry|[eat]\n|-heal|p1a: Cetitan|204/412|[from] item: Sitrus Berry\n|\n|-heal|p2a: Corviknight|170/288 par|[from] item: Leftovers\n|upkeep\n|turn|14\n|\n|t:|1719613781\n|move|p1a: Cetitan|Ice Spinner|p2a: Corviknight\n|-damage|p2a: Corviknight|0 fnt\n|faint|p2a: Corviknight\n|\n|upkeep\n|\n|t:|1719613783\n|switch|p2a: Armarouge|Armarouge, L81, M|270/270\n|turn|15\n|\n|t:|1719613790\n|switch|p1a: Umbreon|Umbreon, L84, M|297/297\n|move|p2a: Armarouge|Meteor Beam||[still]\n|-prepare|p2a: Armarouge|Meteor Beam\n|-boost|p2a: Armarouge|spa|1\n|-enditem|p2a: Armarouge|Power Herb\n|-anim|p2a: Armarouge|Meteor Beam|p1a: Umbreon\n|-damage|p1a: Umbreon|182/297\n|\n|-heal|p1a: Umbreon|200/297|[from] item: Leftovers\n|upkeep\n|turn|16\n|\n|t:|1719613803\n|move|p2a: Armarouge|Meteor Beam||[still]\n|-prepare|p2a: Armarouge|Meteor Beam\n|-boost|p2a: Armarouge|spa|1\n|move|p1a: Umbreon|Wish|p1a: Umbreon\n|\n|-heal|p1a: Umbreon|218/297|[from] item: Leftovers\n|upkeep\n|turn|17\n|\n|t:|1719613807\n|move|p2a: Armarouge|Meteor Beam|p1a: Umbreon|[from]lockedmove\n|-damage|p1a: Umbreon|64/297\n|move|p1a: Umbreon|Toxic|p2a: Armarouge\n|-status|p2a: Armarouge|tox\n|\n|-heal|p1a: Umbreon|212/297|[from] move: Wish|[wisher] Umbreon\n|-heal|p1a: Umbreon|230/297|[from] item: Leftovers\n|-damage|p2a: Armarouge|254/270 tox|[from] psn\n|upkeep\n|turn|18\n|\n|t:|1719613812\n|move|p2a: Armarouge|Meteor Beam||[still]\n|-prepare|p2a: Armarouge|Meteor Beam\n|-boost|p2a: Armarouge|spa|1\n|move|p1a: Umbreon|Wish|p1a: Umbreon\n|\n|-heal|p1a: Umbreon|248/297|[from] item: Leftovers\n|-damage|p2a: Armarouge|222/270 tox|[from] psn\n|upkeep\n|turn|19\n|\n|t:|1719613816\n|move|p2a: Armarouge|Meteor Beam|p1a: Umbreon|[from]lockedmove\n|-damage|p1a: Umbreon|83/297\n|move|p1a: Umbreon|Foul Play|p2a: Armarouge\n|-supereffective|p2a: Armarouge\n|-damage|p2a: Armarouge|132/270 tox\n|-ability|p2a: Armarouge|Weak Armor|boost\n|-unboost|p2a: Armarouge|def|1\n|-boost|p2a: Armarouge|spe|2\n|\n|-heal|p1a: Umbreon|231/297|[from] move: Wish|[wisher] Umbreon\n|-heal|p1a: Umbreon|249/297|[from] item: Leftovers\n|-damage|p2a: Armarouge|84/270 tox|[from] psn\n|upkeep\n|turn|20\n|\n|t:|1719613820\n|move|p1a: Umbreon|Protect|p1a: Umbreon\n|-singleturn|p1a: Umbreon|Protect\n|move|p2a: Armarouge|Armor Cannon|p1a: Umbreon\n|-activate|p1a: Umbreon|move: Protect\n|\n|-heal|p1a: Umbreon|267/297|[from] item: Leftovers\n|-damage|p2a: Armarouge|20/270 tox|[from] psn\n|upkeep\n|turn|21\n|\n|t:|1719613824\n|switch|p1a: Ursaring|Ursaring, L84, M|125/288 slp\n|move|p2a: Armarouge|Armor Cannon|p1a: Ursaring\n|-damage|p1a: Ursaring|0 fnt\n|-unboost|p2a: Armarouge|def|1\n|-unboost|p2a: Armarouge|spd|1\n|faint|p1a: Ursaring\n|\n|-damage|p2a: Armarouge|0 fnt|[from] psn\n|faint|p2a: Armarouge\n|upkeep\n|\n|t:|1719613828\n|switch|p2a: Diancie|Diancie, L82|149/216\n|switch|p1a: Barraskewda|Barraskewda, L81, F|101/231\n|turn|22\n|\n|t:|1719613831\n|switch|p2a: Jumpluff|Jumpluff, L87, F|225/271\n|move|p1a: Barraskewda|Flip Turn|p2a: Jumpluff\n|-resisted|p2a: Jumpluff\n|-damage|p2a: Jumpluff|162/271\n|\n|t:|1719613836\n|switch|p1a: Cetitan|Cetitan, L82, F|204/412|[from] Flip Turn\n|\n|upkeep\n|turn|23\n|\n|t:|1719613840\n|switch|p2a: Diancie|Diancie, L82|149/216\n|move|p1a: Cetitan|Earthquake|p2a: Diancie\n|-supereffective|p2a: Diancie\n|-damage|p2a: Diancie|55/216\n|\n|-heal|p2a: Diancie|68/216|[from] item: Leftovers\n|upkeep\n|turn|24\n|\n|t:|1719613853\n|move|p1a: Cetitan|Earthquake|p2a: Diancie\n|-supereffective|p2a: Diancie\n|-damage|p2a: Diancie|0 fnt\n|faint|p2a: Diancie\n|\n|upkeep\n|\n|t:|1719613859\n|switch|p2a: Hippowdon|Hippowdon, L82, F|311/311\n|-weather|Sandstorm|[from] ability: Sand Stream|[of] p2a: Hippowdon\n|turn|25\n|\n|t:|1719613879\n|switch|p1a: Charizard|Charizard, L85, F|271/271\n|move|p2a: Hippowdon|Stone Edge|p1a: Charizard\n|-supereffective|p1a: Charizard\n|-damage|p1a: Charizard|0 fnt\n|faint|p1a: Charizard\n|\n|-weather|Sandstorm|[upkeep]\n|upkeep\n|\n|t:|1719613883\n|switch|p1a: Barraskewda|Barraskewda, L81, F|101/231\n|turn|26\n|\n|t:|1719613889\n|switch|p2a: Jumpluff|Jumpluff, L87, F|162/271\n|move|p1a: Barraskewda|Flip Turn|p2a: Jumpluff\n|-resisted|p2a: Jumpluff\n|-damage|p2a: Jumpluff|102/271\n|j| ambiguouspeakers\n|\n|t:|1719613892\n|switch|p1a: Cetitan|Cetitan, L82, F|204/412|[from] Flip Turn\n|\n|-weather|Sandstorm|[upkeep]\n|-damage|p2a: Jumpluff|86/271|[from] Sandstorm\n|-damage|p1a: Cetitan|179/412|[from] Sandstorm\n|upkeep\n|turn|27\n|\n|t:|1719613897\n|move|p2a: Jumpluff|Strength Sap|p1a: Cetitan\n|-unboost|p1a: Cetitan|atk|1\n|-heal|p2a: Jumpluff|271/271\n|move|p1a: Cetitan|Ice Spinner|p2a: Jumpluff\n|-supereffective|p2a: Jumpluff\n|-damage|p2a: Jumpluff|0 fnt\n|faint|p2a: Jumpluff\n|\n|-weather|Sandstorm|[upkeep]\n|-damage|p1a: Cetitan|154/412|[from] Sandstorm\n|upkeep\n|\n|t:|1719613901\n|switch|p2a: Hippowdon|Hippowdon, L82, F|311/311\n|turn|28\n|\n|t:|1719613905\n|move|p1a: Cetitan|Ice Spinner|p2a: Hippowdon\n|-supereffective|p2a: Hippowdon\n|-damage|p2a: Hippowdon|209/311\n|move|p2a: Hippowdon|Earthquake|p1a: Cetitan\n|-damage|p1a: Cetitan|21/412\n|\n|-weather|Sandstorm|[upkeep]\n|-damage|p1a: Cetitan|0 fnt|[from] Sandstorm\n|faint|p1a: Cetitan\n|-heal|p2a: Hippowdon|228/311|[from] item: Leftovers\n|upkeep\n|\n|t:|1719613910\n|switch|p1a: Barraskewda|Barraskewda, L81, F|101/231\n|turn|29\n|\n|t:|1719613921\n|move|p1a: Barraskewda|Waterfall|p2a: Hippowdon\n|-supereffective|p2a: Hippowdon\n|-damage|p2a: Hippowdon|10/311\n|cant|p2a: Hippowdon|flinch\n|\n|-weather|none\n|-heal|p2a: Hippowdon|29/311|[from] item: Leftovers\n|upkeep\n|turn|30\n|\n|t:|1719613926\n|move|p1a: Barraskewda|Waterfall|p2a: Hippowdon\n|-supereffective|p2a: Hippowdon\n|-damage|p2a: Hippowdon|0 fnt\n|faint|p2a: Hippowdon\n|\n|upkeep\n|\n|t:|1719613928\n|switch|p2a: Lilligant|Lilligant-Hisui, L80, F|243/243\n|turn|31\n|\n|t:|1719613934\n|move|p1a: Barraskewda|Waterfall|p2a: Lilligant\n|-resisted|p2a: Lilligant\n|-damage|p2a: Lilligant|159/243\n|move|p2a: Lilligant|Victory Dance|p2a: Lilligant\n|-boost|p2a: Lilligant|atk|1\n|-boost|p2a: Lilligant|def|1\n|-boost|p2a: Lilligant|spe|1\n|\n|upkeep\n|turn|32\n|\n|t:|1719613956\n|move|p2a: Lilligant|Victory Dance|p2a: Lilligant\n|-boost|p2a: Lilligant|atk|1\n|-boost|p2a: Lilligant|def|1\n|-boost|p2a: Lilligant|spe|1\n|move|p1a: Barraskewda|Waterfall|p2a: Lilligant\n|-resisted|p2a: Lilligant\n|-damage|p2a: Lilligant|117/243\n|\n|upkeep\n|turn|33\n|\n|t:|1719613961\n|move|p2a: Lilligant|Leaf Blade|p1a: Barraskewda\n|-supereffective|p1a: Barraskewda\n|-damage|p1a: Barraskewda|0 fnt\n|faint|p1a: Barraskewda\n|-damage|p2a: Lilligant|93/243|[from] item: Life Orb\n|\n|upkeep\n|\n|t:|1719613969\n|switch|p1a: Umbreon|Umbreon, L84, M|267/297\n|turn|34\n|\n|t:|1719613989\n|-terastallize|p1a: Umbreon|Poison\n|move|p2a: Lilligant|Victory Dance|p2a: Lilligant\n|-boost|p2a: Lilligant|atk|1\n|-boost|p2a: Lilligant|def|1\n|-boost|p2a: Lilligant|spe|1\n|move|p1a: Umbreon|Toxic|p2a: Lilligant\n|-status|p2a: Lilligant|tox\n|\n|-heal|p1a: Umbreon|285/297|[from] item: Leftovers\n|-damage|p2a: Lilligant|78/243 tox|[from] psn\n|upkeep\n|turn|35\n|\n|t:|1719613995\n|-terastallize|p2a: Lilligant|Fighting\n|move|p1a: Umbreon|Protect|p1a: Umbreon\n|-singleturn|p1a: Umbreon|Protect\n|move|p2a: Lilligant|Close Combat|p1a: Umbreon\n|-activate|p1a: Umbreon|move: Protect\n|\n|-heal|p1a: Umbreon|297/297|[from] item: Leftovers\n|-damage|p2a: Lilligant|48/243 tox|[from] psn\n|upkeep\n|turn|36\n|\n|t:|1719613997\n|switch|p1a: Flapple|Flapple, L88, M|266/266\n|move|p2a: Lilligant|Close Combat|p1a: Flapple\n|-damage|p1a: Flapple|0 fnt\n|-unboost|p2a: Lilligant|def|1\n|-unboost|p2a: Lilligant|spd|1\n|faint|p1a: Flapple\n|-damage|p2a: Lilligant|24/243 tox|[from] item: Life Orb\n|\n|-damage|p2a: Lilligant|0 fnt|[from] psn\n|faint|p2a: Lilligant\n|\n|win|PA\n|upkeep\n|raw|PA's rating: 2364 &rarr; <strong>2386</strong><br />(+22 for winning)\n|raw|MasterJ007's rating: 2402 &rarr; <strong>2380</strong><br />(-22 for losing)\n|c|\u2606MasterJ007|Why wouldn\u2019t you click protect\n|c|\u2606MasterJ007|wierd ass play\n|l|\u2606MasterJ007\n|player|p2|\n", "inputlog": ">version 021bb6b4147d783a3aa9da22896c4e1e173f1b61\n>start {\"formatid\":\"gen9randombattle\",\"seed\":[1876,52927,9596,3229],\"rated\":\"Rated battle\"}\n>player p1 {\"name\":\"PA\",\"avatar\":\"schoolkidf-gen4\",\"rating\":2364,\"seed\":[62680,42924,46973,18942]}\n>player p2 {\"name\":\"MasterJ007\",\"avatar\":\"#rbtt7teamsuicune\",\"rating\":2402,\"seed\":[61910,207,14545,42810]}\n>p1 move bodyslam\n>p2 move bravebird\n>p1 move bodyslam\n>p2 move bravebird\n>p1 move bodyslam\n>p2 move roost\n>p1 move bodyslam\n>p2 move bravebird\n>p1 move rest\n>p2 move bravebird\n>p1 move sleeptalk\n>p2 move bravebird\n>p1 switch 6\n>p2 move roost\n>p1 move flamethrower\n>p2 switch 5\n>p1 switch 3\n>p2 move diamondstorm\n>p1 move flipturn\n>p2 move diamondstorm\n>p1 switch 2\n>p1 move gravapple\n>p2 switch 2\n>p1 switch 5\n>p2 move acrobatics\n>p1 move bellydrum\n>p2 switch 5\n>p1 move icespinner\n>p2 move bravebird\n>p2 switch 4\n>p1 switch 4\n>p2 move meteorbeam\n>p1 move wish\n>p2 move meteorbeam\n>p1 move toxic\n>p2 move meteorbeam\n>p1 move wish\n>p2 move meteorbeam\n>p1 move foulplay\n>p2 move meteorbeam\n>p1 move protect\n>p2 move armorcannon\n>p1 switch 6\n>p2 move armorcannon\n>p1 switch 2\n>p2 switch 2\n>p1 move flipturn\n>p2 switch 5\n>p1 switch 4\n>p1 move earthquake\n>p2 switch 5\n>p1 move earthquake\n>p2 move diamondstorm\n>p2 switch 6\n>p1 switch 3\n>p2 move stoneedge\n>p1 switch 4\n>p1 move flipturn\n>p2 switch 5\n>p1 switch 3\n>p1 move icespinner\n>p2 move strengthsap\n>p2 switch 5\n>p1 move icespinner\n>p2 move earthquake\n>p1 switch 3\n>p1 move waterfall\n>p2 move earthquake\n>p1 move waterfall\n>p2 move earthquake\n>p2 switch 3\n>p1 move waterfall\n>p2 move victorydance\n>p1 move waterfall\n>p2 move victorydance\n>p1 move waterfall\n>p2 move leafblade\n>p1 switch 6\n>p1 move toxic terastallize\n>p2 move victorydance\n>p1 move protect\n>p2 move closecombat terastallize\n>p1 switch 5\n>p2 move closecombat", "uploadtime": 1719614037, "views": 182, "formatid": "gen9randombattle", "rating": 2380, "private": 0, "password": null}