{"id": "gen9randombattle-2260814348", "format": "[Gen 9] Random Battle", "players": ["creeperhugger678", "5miao"], "log": "|j|\u2606creeperhugger678\n|j|\u26065miao\n|t:|1733896834\n|gametype|singles\n|player|p1|creeperhugger678|wattson|1575\n|player|p2|5miao|101|1599\n|teamsize|p1|6\n|teamsize|p2|6\n|gen|9\n|tier|[Gen 9] Random Battle\n|rated|\n|rule|Species Clause: Limit one of each Pok\u00e9mon\n|rule|HP Percentage Mod: HP is shown in percentages\n|rule|Sleep Clause Mod: Limit one foe put to sleep\n|rule|Illusion Level Mod: Illusion disguises the Pok\u00e9mon's true level\n|\n|t:|1733896834\n|start\n|switch|p1a: Dipplin|Dipplin, L88, F|284/284\n|switch|p2a: Staraptor|Staraptor, L79, M|263/263\n|turn|1\n|inactive|Battle timer is ON: inactive players will automatically lose when time's up. (requested by creeperhugger678)\n|\n|t:|1733896880\n|switch|p1a: Spiritomb|Spiritomb, L89, M|234/234\n|move|p2a: Staraptor|Brave Bird|p1a: Spiritomb\n|-damage|p1a: Spiritomb|50/234\n|-damage|p2a: Staraptor|202/263|[from] Recoil\n|\n|-heal|p1a: Spiritomb|64/234|[from] item: Leftovers\n|upkeep\n|turn|2\n|\n|t:|1733896899\n|switch|p2a: Incineroar|Incineroar, L82, M|290/290\n|-ability|p2a: Incineroar|Intimidate|boost\n|-unboost|p1a: Spiritomb|atk|1\n|switch|p1a: Sandslash|Sandslash-Alola, L88, M|275/275\n|\n|upkeep\n|turn|3\n|\n|t:|1733896919\n|-terastallize|p1a: Sandslash|Ground\n|move|p1a: Sandslash|Earthquake|p2a: Incineroar\n|-supereffective|p2a: Incineroar\n|-damage|p2a: Incineroar|0 fnt\n|faint|p2a: Incineroar\n|-damage|p1a: Sandslash|248/275|[from] item: Life Orb\n|\n|upkeep\n|\n|t:|1733896930\n|switch|p2a: Deoxys|Deoxys-Attack, L72|191/191\n|-ability|p2a: Deoxys|Pressure\n|turn|4\n|\n|t:|1733896941\n|switch|p1a: Spiritomb|Spiritomb, L89, M|64/234\n|move|p2a: Deoxys|Ice Beam|p1a: Spiritomb\n|-damage|p1a: Spiritomb|0 fnt\n|faint|p1a: Spiritomb\n|-damage|p2a: Deoxys|172/191|[from] item: Life Orb\n|\n|upkeep\n|\n|t:|1733896951\n|switch|p1a: Dusknoir|Dusknoir, L89, M|225/225\n|-item|p2a: Deoxys|Life Orb|[from] ability: Frisk|[of] p1a: Dusknoir\n|turn|5\n|\n|t:|1733896960\n|switch|p2a: Blaziken|Blaziken, L76, M|247/247\n|move|p1a: Dusknoir|Poltergeist|p2a: Blaziken|[miss]\n|-miss|p1a: Dusknoir|p2a: Blaziken\n|\n|upkeep\n|turn|6\n|\n|t:|1733896970\n|switch|p1a: Swanna|Swanna, L88, M|275/275\n|move|p2a: Blaziken|Knock Off|p1a: Swanna\n|-damage|p1a: Swanna|171/275\n|-enditem|p1a: Swanna|Heavy-Duty Boots|[from] move: Knock Off|[of] p2a: Blaziken\n|-damage|p2a: Blaziken|223/247|[from] item: Life Orb\n|\n|-ability|p2a: Blaziken|Speed Boost|boost\n|-boost|p2a: Blaziken|spe|1\n|upkeep\n|turn|7\n|\n|t:|1733896981\n|switch|p2a: Oinkologne|Oinkologne, L92, M|352/352\n|move|p1a: Swanna|Roost|p1a: Swanna\n|-heal|p1a: Swanna|275/275\n|-singleturn|p1a: Swanna|move: Roost\n|\n|upkeep\n|turn|8\n|inactive|creeperhugger678 has 120 seconds left.\n|\n|t:|1733897006\n|move|p1a: Swanna|Hydro Pump|p2a: Oinkologne\n|-crit|p2a: Oinkologne\n|-damage|p2a: Oinkologne|190/352\n|move|p2a: Oinkologne|Curse|p2a: Oinkologne\n|-unboost|p2a: Oinkologne|spe|1\n|-boost|p2a: Oinkologne|atk|1\n|-boost|p2a: Oinkologne|def|1\n|\n|-heal|p2a: Oinkologne|212/352|[from] item: Leftovers\n|upkeep\n|turn|9\n|inactive|5miao has 120 seconds left.\n|\n|t:|1733897051\n|move|p1a: Swanna|Hydro Pump|p2a: Oinkologne\n|-damage|p2a: Oinkologne|104/352\n|move|p2a: Oinkologne|Double-Edge|p1a: Swanna\n|-damage|p1a: Swanna|0 fnt\n|faint|p1a: Swanna\n|-damage|p2a: Oinkologne|13/352|[from] Recoil\n|\n|-heal|p2a: Oinkologne|35/352|[from] item: Leftovers\n|upkeep\n|inactive|creeperhugger678 has 120 seconds left.\n|\n|t:|1733897074\n|switch|p1a: Zamazenta|Zamazenta, L71|248/248\n|-ability|p1a: Zamazenta|Dauntless Shield|boost\n|-boost|p1a: Zamazenta|def|1\n|turn|10\n|inactive|5miao has 120 seconds left.\n|\n|t:|1733897090\n|move|p1a: Zamazenta|Close Combat|p2a: Oinkologne\n|-supereffective|p2a: Oinkologne\n|-damage|p2a: Oinkologne|0 fnt\n|-unboost|p1a: Zamazenta|def|1\n|-unboost|p1a: Zamazenta|spd|1\n|faint|p2a: Oinkologne\n|\n|upkeep\n|\n|t:|1733897094\n|switch|p2a: Deoxys|Deoxys-Attack, L72|172/191\n|-ability|p2a: Deoxys|Pressure\n|turn|11\n|\n|t:|1733897112\n|switch|p1a: Dusknoir|Dusknoir, L89, M|225/225\n|-item|p2a: Deoxys|Life Orb|[from] ability: Frisk|[of] p1a: Dusknoir\n|move|p2a: Deoxys|Psycho Boost|p1a: Dusknoir\n|-damage|p1a: Dusknoir|61/225\n|-unboost|p2a: Deoxys|spa|2\n|-damage|p2a: Deoxys|153/191|[from] item: Life Orb\n|\n|-heal|p1a: Dusknoir|75/225|[from] item: Leftovers\n|upkeep\n|turn|12\n|\n|t:|1733897136\n|switch|p2a: Staraptor|Staraptor, L79, M|202/263\n|move|p1a: Dusknoir|Pain Split|p2a: Staraptor\n|-sethp|p2a: Staraptor|138/263|[from] move: Pain Split|[silent]\n|-sethp|p1a: Dusknoir|138/225|[from] move: Pain Split\n|\n|-heal|p1a: Dusknoir|152/225|[from] item: Leftovers\n|upkeep\n|turn|13\n|inactive|creeperhugger678 has 90 seconds left.\n|\n|t:|1733897159\n|move|p2a: Staraptor|Brave Bird|p1a: Dusknoir\n|-damage|p1a: Dusknoir|0 fnt\n|faint|p1a: Dusknoir\n|-damage|p2a: Staraptor|88/263|[from] Recoil\n|\n|upkeep\n|\n|t:|1733897167\n|switch|p1a: Sandslash|Sandslash-Alola, L88, M, tera:Ground|248/275\n|turn|14\n|inactive|creeperhugger678 has 90 seconds left.\n|inactive|5miao has 120 seconds left.\n|\n|t:|1733897197\n|move|p2a: Staraptor|Brave Bird|p1a: Sandslash\n|-damage|p1a: Sandslash|53/275\n|-damage|p2a: Staraptor|24/263|[from] Recoil\n|move|p1a: Sandslash|Swords Dance|p1a: Sandslash\n|-boost|p1a: Sandslash|atk|2\n|\n|upkeep\n|turn|15\n|\n|t:|1733897205\n|move|p1a: Sandslash|Ice Shard|p2a: Staraptor\n|-supereffective|p2a: Staraptor\n|-damage|p2a: Staraptor|0 fnt\n|faint|p2a: Staraptor\n|-damage|p1a: Sandslash|26/275|[from] item: Life Orb\n|\n|upkeep\n|\n|t:|1733897209\n|switch|p2a: Blaziken|Blaziken, L76, M|223/247\n|turn|16\n|\n|t:|1733897216\n|move|p1a: Sandslash|Ice Shard|p2a: Blaziken\n|-resisted|p2a: Blaziken\n|-damage|p2a: Blaziken|148/247\n|-damage|p1a: Sandslash|0 fnt|[from] item: Life Orb\n|faint|p1a: Sandslash\n|move|p2a: Blaziken|Flare Blitz|p1: Sandslash|[notarget]\n|-fail|p2a: Blaziken\n|\n|-ability|p2a: Blaziken|Speed Boost|boost\n|-boost|p2a: Blaziken|spe|1\n|upkeep\n|inactive|creeperhugger678 has 90 seconds left.\n|\n|t:|1733897227\n|switch|p1a: Zamazenta|Zamazenta, L71|248/248\n|turn|17\n|\n|t:|1733897232\n|move|p2a: Blaziken|Swords Dance|p2a: Blaziken\n|-boost|p2a: Blaziken|atk|2\n|move|p1a: Zamazenta|Crunch|p2a: Blaziken\n|-resisted|p2a: Blaziken\n|-damage|p2a: Blaziken|98/247\n|-unboost|p2a: Blaziken|def|1\n|\n|-ability|p2a: Blaziken|Speed Boost|boost\n|-boost|p2a: Blaziken|spe|1\n|upkeep\n|turn|18\n|\n|t:|1733897239\n|move|p2a: Blaziken|Flare Blitz|p1a: Zamazenta\n|-damage|p1a: Zamazenta|0 fnt\n|faint|p1a: Zamazenta\n|-damage|p2a: Blaziken|16/247|[from] Recoil\n|-damage|p2a: Blaziken|0 fnt|[from] item: Life Orb\n|faint|p2a: Blaziken\n|\n|upkeep\n|-message|creeperhugger678 forfeited.\n|\n|win|5miao\n|raw|creeperhugger678's rating: 1575 &rarr; <strong>1556</strong><br />(-19 for losing)\n|raw|5miao's rating: 1599 &rarr; <strong>1618</strong><br />(+19 for winning)\n|l|\u2606creeperhugger678\n|player|p1|\n", "inputlog": ">version bfd83cad13791eb5a5a409923076391caf6fb4d4\n>start {\"formatid\":\"gen9randombattle\",\"seed\":[44061,23915,292,47290],\"rated\":\"Rated battle\"}\n>player p1 {\"name\":\"creeperhugger678\",\"avatar\":\"wattson\",\"rating\":1575,\"seed\":[4339,43177,50956,9900]}\n>player p2 {\"name\":\"5miao\",\"avatar\":\"101\",\"rating\":1599,\"seed\":[9228,51628,61455,10699]}\n>p1 switch 5\n>p2 move bravebird\n>p1 switch 4\n>p2 switch 3\n>p1 move earthquake terastallize\n>p2 move trailblaze\n>p2 switch 5\n>p1 switch 4\n>p2 move icebeam\n>p1 switch 6\n>p1 move poltergeist\n>p2 switch 4\n>p1 switch 3\n>p2 move knockoff\n>p1 move roost\n>p2 switch 6\n>p1 move hydropump\n>p2 move curse\n>p1 move hydropump\n>p2 move doubleedge\n>p1 switch 2\n>p1 move closecombat\n>p2 move doubleedge\n>p2 switch 4\n>p1 switch 3\n>p2 move psychoboost\n>p1 move painsplit\n>p2 switch 3\n>p1 move painsplit\n>p2 move bravebird\n>p1 switch 4\n>p1 move swordsdance\n>p2 move bravebird\n>p1 move iceshard\n>p2 move bravebird\n>p2 switch 6\n>p1 move iceshard\n>p2 move flareblitz\n>p1 switch 3\n>p1 move crunch\n>p2 move swordsdance\n>p1 move crunch\n>p2 move flareblitz\n>forcelose p1", "uploadtime": 1733897245, "views": 3, "formatid": "gen9randombattle", "rating": 1556, "private": 0, "password": null}