{"id": "gen9randombattle-2253399466", "format": "[Gen 9] Random Battle", "players": ["Xeu le \u30a4\u30a8\u30f3\u30af\u30ea", "useemstohavefun"], "log": "|j|\u2606Xeu le \u30a4\u30a8\u30f3\u30af\u30ea\n|j|\u2606useemstohavefun\n|t:|1732888543\n|gametype|singles\n|player|p1|Xeu le \u30a4\u30a8\u30f3\u30af\u30ea|pokemonbreeder|2240\n|player|p2|useemstohavefun|thorton|2349\n|teamsize|p1|6\n|teamsize|p2|6\n|gen|9\n|tier|[Gen 9] Random Battle\n|rated|\n|rule|Species Clause: Limit one of each Pok\u00e9mon\n|rule|HP Percentage Mod: HP is shown in percentages\n|rule|Sleep Clause Mod: Limit one foe put to sleep\n|rule|Illusion Level Mod: Illusion disguises the Pok\u00e9mon's true level\n|\n|t:|1732888543\n|start\n|switch|p1a: Rhydon|Rhydon, L85, F|317/317\n|switch|p2a: Dunsparce|Dunsparce, L86, M|312/312\n|turn|1\n|inactive|Battle timer is ON: inactive players will automatically lose when time's up. (requested by Xeu le \u30a4\u30a8\u30f3\u30af\u30ea)\n|inactive|useemstohavefun also wants the timer to be on.\n|\n|t:|1732888558\n|move|p2a: Dunsparce|Coil|p2a: Dunsparce\n|-boost|p2a: Dunsparce|atk|1\n|-boost|p2a: Dunsparce|def|1\n|-boost|p2a: Dunsparce|accuracy|1\n|move|p1a: Rhydon|Earthquake|p2a: Dunsparce\n|-damage|p2a: Dunsparce|237/312\n|\n|upkeep\n|turn|2\n|\n|t:|1732888561\n|move|p2a: Dunsparce|Coil|p2a: Dunsparce\n|-boost|p2a: Dunsparce|atk|1\n|-boost|p2a: Dunsparce|def|1\n|-boost|p2a: Dunsparce|accuracy|1\n|move|p1a: Rhydon|Stealth Rock|p2a: Dunsparce\n|-sidestart|p2: useemstohavefun|move: Stealth Rock\n|\n|upkeep\n|turn|3\n|\n|t:|1732888566\n|move|p2a: Dunsparce|Earthquake|p1a: Rhydon\n|-supereffective|p1a: Rhydon\n|-damage|p1a: Rhydon|193/317\n|move|p1a: Rhydon|Stone Edge|p2a: Dunsparce\n|-damage|p2a: Dunsparce|179/312\n|\n|upkeep\n|turn|4\n|\n|t:|1732888574\n|move|p2a: Dunsparce|Earthquake|p1a: Rhydon\n|-supereffective|p1a: Rhydon\n|-damage|p1a: Rhydon|79/317\n|move|p1a: Rhydon|Stone Edge|p2a: Dunsparce|[miss]\n|-miss|p1a: Rhydon|p2a: Dunsparce\n|\n|upkeep\n|turn|5\n|\n|t:|1732888590\n|move|p2a: Dunsparce|Coil|p2a: Dunsparce\n|-boost|p2a: Dunsparce|atk|1\n|-boost|p2a: Dunsparce|def|1\n|-boost|p2a: Dunsparce|accuracy|1\n|move|p1a: Rhydon|Stone Edge|p2a: Dunsparce\n|-damage|p2a: Dunsparce|133/312\n|\n|upkeep\n|turn|6\n|\n|t:|1732888601\n|move|p2a: Dunsparce|Roost|p2a: Dunsparce\n|-heal|p2a: Dunsparce|289/312\n|-singleturn|p2a: Dunsparce|move: Roost\n|move|p1a: Rhydon|Stone Edge|p2a: Dunsparce\n|-damage|p2a: Dunsparce|243/312\n|\n|upkeep\n|turn|7\n|\n|t:|1732888609\n|move|p2a: Dunsparce|Earthquake|p1a: Rhydon\n|-supereffective|p1a: Rhydon\n|-damage|p1a: Rhydon|0 fnt\n|faint|p1a: Rhydon\n|\n|upkeep\n|\n|t:|1732888627\n|switch|p1a: Pikachu|Pikachu-Original, L93, M|216/216\n|turn|8\n|\n|t:|1732888636\n|move|p1a: Pikachu|Volt Switch|p2a: Dunsparce\n|-damage|p2a: Dunsparce|141/312\n|\n|t:|1732888638\n|switch|p1a: Hawlucha|Hawlucha, L80, F|256/256|[from] Volt Switch\n|move|p2a: Dunsparce|Body Slam|p1a: Hawlucha\n|-damage|p1a: Hawlucha|55/256\n|-status|p1a: Hawlucha|par\n|\n|upkeep\n|turn|9\n|\n|t:|1732888648\n|move|p2a: Dunsparce|Roost|p2a: Dunsparce\n|-heal|p2a: Dunsparce|297/312\n|-singleturn|p2a: Dunsparce|move: Roost\n|move|p1a: Hawlucha|Close Combat|p2a: Dunsparce\n|-supereffective|p2a: Dunsparce\n|-damage|p2a: Dunsparce|231/312\n|-unboost|p1a: Hawlucha|def|1\n|-unboost|p1a: Hawlucha|spd|1\n|-enditem|p1a: Hawlucha|White Herb\n|-clearnegativeboost|p1a: Hawlucha|[silent]\n|\n|upkeep\n|turn|10\n|l|\u2606useemstohavefun\n|inactive|useemstohavefun disconnected and has a minute to reconnect!\n|player|p2|\n|inactive|useemstohavefun has 30 seconds to reconnect!\n|j|\u2606useemstohavefun\n|inactive|useemstohavefun reconnected and has 95 seconds left.\n|player|p2|useemstohavefun|thorton|\n|inactive|useemstohavefun has 90 seconds left.\n|\n|t:|1732888709\n|move|p1a: Hawlucha|Close Combat|p2a: Dunsparce\n|-supereffective|p2a: Dunsparce\n|-damage|p2a: Dunsparce|163/312\n|-unboost|p1a: Hawlucha|def|1\n|-unboost|p1a: Hawlucha|spd|1\n|move|p2a: Dunsparce|Body Slam|p1a: Hawlucha\n|-damage|p1a: Hawlucha|0 fnt\n|faint|p1a: Hawlucha\n|\n|upkeep\n|\n|t:|1732888738\n|switch|p1a: Galvantula|Galvantula, L82, M|249/249\n|turn|11\n|\n|t:|1732888745\n|move|p1a: Galvantula|Thunder|p2a: Dunsparce\n|-damage|p2a: Dunsparce|75/312\n|move|p2a: Dunsparce|Roost|p2a: Dunsparce\n|-heal|p2a: Dunsparce|231/312\n|-singleturn|p2a: Dunsparce|move: Roost\n|\n|upkeep\n|turn|12\n|\n|t:|1732888751\n|move|p1a: Galvantula|Thunder|p2a: Dunsparce\n|-damage|p2a: Dunsparce|141/312\n|move|p2a: Dunsparce|Roost|p2a: Dunsparce\n|-heal|p2a: Dunsparce|297/312\n|-singleturn|p2a: Dunsparce|move: Roost\n|\n|upkeep\n|turn|13\n|\n|t:|1732888761\n|-terastallize|p2a: Dunsparce|Ground\n|move|p1a: Galvantula|Thunder|p2a: Dunsparce\n|-immune|p2a: Dunsparce\n|move|p2a: Dunsparce|Earthquake|p1a: Galvantula\n|-damage|p1a: Galvantula|0 fnt\n|faint|p1a: Galvantula\n|\n|upkeep\n|\n|t:|1732888774\n|switch|p1a: Blastoise|Blastoise, L80, M|258/258\n|turn|14\n|inactive|useemstohavefun has 120 seconds left.\n|\n|t:|1732888788\n|move|p1a: Blastoise|Shell Smash|p1a: Blastoise\n|-unboost|p1a: Blastoise|def|1\n|-unboost|p1a: Blastoise|spd|1\n|-boost|p1a: Blastoise|atk|2\n|-boost|p1a: Blastoise|spa|2\n|-boost|p1a: Blastoise|spe|2\n|-enditem|p1a: Blastoise|White Herb\n|-clearnegativeboost|p1a: Blastoise|[silent]\n|move|p2a: Dunsparce|Body Slam|p1a: Blastoise\n|-damage|p1a: Blastoise|83/258\n|-status|p1a: Blastoise|par\n|\n|upkeep\n|turn|15\n|inactive|useemstohavefun has 120 seconds left.\n|\n|t:|1732888800\n|move|p1a: Blastoise|Hydro Pump|p2a: Dunsparce\n|-supereffective|p2a: Dunsparce\n|-damage|p2a: Dunsparce|0 fnt\n|faint|p2a: Dunsparce\n|\n|upkeep\n|inactive|useemstohavefun has 120 seconds left.\n|\n|t:|1732888811\n|switch|p2a: Meowscarada|Meowscarada, L78, F|247/247\n|-damage|p2a: Meowscarada|217/247|[from] Stealth Rock\n|turn|16\n|\n|t:|1732888815\n|move|p2a: Meowscarada|Flower Trick|p1a: Blastoise\n|-start|p2a: Meowscarada|typechange|Grass|[from] ability: Protean\n|-supereffective|p1a: Blastoise\n|-crit|p1a: Blastoise\n|-damage|p1a: Blastoise|0 fnt\n|faint|p1a: Blastoise\n|\n|upkeep\n|\n|t:|1732888817\n|switch|p1a: Pikachu|Pikachu-Original, L93, M|216/216\n|turn|17\n|\n|t:|1732888821\n|move|p2a: Meowscarada|Flower Trick|p1a: Pikachu\n|-crit|p1a: Pikachu\n|-damage|p1a: Pikachu|0 fnt\n|faint|p1a: Pikachu\n|\n|upkeep\n|\n|t:|1732888823\n|switch|p1a: Wugtrio|Wugtrio, L91, M|212/212\n|turn|18\n|-message|Xeu le \u30a4\u30a8\u30f3\u30af\u30ea forfeited.\n|\n|win|useemstohavefun\n|raw|Xeu le \u30a4\u30a8\u30f3\u30af\u30ea's rating: 2240 &rarr; <strong>2226</strong><br />(-14 for losing)\n|raw|useemstohavefun's rating: 2349 &rarr; <strong>2363</strong><br />(+14 for winning)\n|l|\u2606Xeu le \u30a4\u30a8\u30f3\u30af\u30ea\n|player|p1|\n", "inputlog": ">version b107d77f5c90bd6555267ae244a6264823309ead\n>start {\"formatid\":\"gen9randombattle\",\"seed\":[36934,47385,11565,46694],\"rated\":\"Rated battle\"}\n>player p1 {\"name\":\"Xeu le \u30a4\u30a8\u30f3\u30af\u30ea\",\"avatar\":\"pokemonbreeder\",\"rating\":2240,\"seed\":[17307,33869,40684,1174]}\n>player p2 {\"name\":\"useemstohavefun\",\"avatar\":\"thorton\",\"rating\":2349,\"seed\":[14058,60489,46981,49859]}\n>p1 move earthquake\n>p2 move coil\n>p1 move stealthrock\n>p2 move coil\n>p1 move stoneedge\n>p2 move earthquake\n>p1 move stoneedge\n>p2 move earthquake\n>p1 move stoneedge\n>p2 move coil\n>p1 move stoneedge\n>p2 move roost\n>p1 move stoneedge\n>p2 move earthquake\n>p1 switch 6\n>p1 move voltswitch\n>p2 move bodyslam\n>p1 switch 3\n>p1 move closecombat\n>p2 move roost\n>p1 move closecombat\n>p2 move bodyslam\n>p1 switch 2\n>p1 move thunder\n>p2 move roost\n>p1 move thunder\n>p2 move roost\n>p1 move thunder\n>p2 move earthquake terastallize\n>p1 switch 4\n>p1 move shellsmash\n>p2 move bodyslam\n>p1 move hydropump\n>p2 move earthquake\n>p2 switch 3\n>p1 move icebeam\n>p2 move flowertrick\n>p1 switch 3\n>p1 move volttackle\n>p2 move flowertrick\n>p1 switch 5\n>forcelose p1", "uploadtime": 1732888831, "views": 13, "formatid": "gen9randombattle", "rating": 2226, "private": 0, "password": null}