{"id": "gen9randombattle-2260584133", "format": "[Gen 9] Random Battle", "players": ["chimaco", "KalakTk"], "log": "|j|\u2606chimaco\n|j|\u2606KalakTk\n|t:|1733866111\n|gametype|singles\n|player|p1|chimaco|101|1615\n|player|p2|KalakTk|bugcatcher-gen4dp|1624\n|teamsize|p1|6\n|teamsize|p2|6\n|gen|9\n|tier|[Gen 9] Random Battle\n|rated|\n|rule|Species Clause: Limit one of each Pok\u00e9mon\n|rule|HP Percentage Mod: HP is shown in percentages\n|rule|Sleep Clause Mod: Limit one foe put to sleep\n|rule|Illusion Level Mod: Illusion disguises the Pok\u00e9mon's true level\n|\n|t:|1733866111\n|start\n|switch|p1a: Azumarill|Azumarill, L82, M|298/298\n|switch|p2a: Chansey|Chansey, L85, F|564/564\n|turn|1\n|inactive|Battle timer is ON: inactive players will automatically lose when time's up. (requested by KalakTk)\n|\n|t:|1733866136\n|move|p2a: Chansey|Thunder Wave|p1a: Azumarill\n|-status|p1a: Azumarill|par\n|move|p1a: Azumarill|Belly Drum|p1a: Azumarill\n|-damage|p1a: Azumarill|149/298 par\n|-setboost|p1a: Azumarill|atk|6|[from] move: Belly Drum\n|-enditem|p1a: Azumarill|Sitrus Berry|[eat]\n|-heal|p1a: Azumarill|223/298 par|[from] item: Sitrus Berry\n|\n|upkeep\n|turn|2\n|\n|t:|1733866154\n|switch|p2a: Cacturne|Cacturne, L92, M|278/278\n|move|p1a: Azumarill|Liquidation|p2a: Cacturne\n|-immune|p2a: Cacturne|[from] ability: Water Absorb\n|\n|upkeep\n|turn|3\n|\n|t:|1733866171\n|switch|p1a: Spidops|Spidops, L96, M|271/271\n|move|p2a: Cacturne|Seed Bomb|p1a: Spidops\n|-resisted|p1a: Spidops\n|-damage|p1a: Spidops|207/271\n|-damage|p2a: Cacturne|251/278|[from] item: Life Orb\n|\n|upkeep\n|turn|4\n|\n|t:|1733866190\n|switch|p2a: Scream Tail|Scream Tail, L84|330/330\n|move|p1a: Spidops|U-turn|p2a: Scream Tail\n|-damage|p2a: Scream Tail|180/330\n|inactive|chimaco has 120 seconds left.\n|\n|t:|1733866206\n|switch|p1a: Bronzong|Bronzong, L88|261/261|[from] U-turn\n|\n|-heal|p2a: Scream Tail|200/330|[from] item: Leftovers\n|upkeep\n|turn|5\n|\n|t:|1733866212\n|move|p2a: Scream Tail|Wish|p2a: Scream Tail\n|move|p1a: Bronzong|Iron Head|p2a: Scream Tail\n|-supereffective|p2a: Scream Tail\n|-damage|p2a: Scream Tail|36/330\n|\n|-heal|p2a: Scream Tail|56/330|[from] item: Leftovers\n|upkeep\n|turn|6\n|\n|t:|1733866225\n|-end|p2a: Scream Tail|Protosynthesis|[silent]\n|switch|p2a: Ursaluna|Ursaluna, L79, M|335/335\n|move|p1a: Bronzong|Iron Defense|p1a: Bronzong\n|-boost|p1a: Bronzong|def|2\n|\n|-status|p2a: Ursaluna|brn|[from] item: Flame Orb\n|upkeep\n|turn|7\n|\n|t:|1733866240\n|switch|p2a: Scream Tail|Scream Tail, L84|56/330\n|move|p1a: Bronzong|Body Press|p2a: Scream Tail\n|-resisted|p2a: Scream Tail\n|-damage|p2a: Scream Tail|26/330\n|\n|-heal|p2a: Scream Tail|46/330|[from] item: Leftovers\n|upkeep\n|turn|8\n|\n|t:|1733866250\n|move|p2a: Scream Tail|Wish|p2a: Scream Tail\n|move|p1a: Bronzong|Iron Head|p2a: Scream Tail\n|-supereffective|p2a: Scream Tail\n|-damage|p2a: Scream Tail|0 fnt\n|faint|p2a: Scream Tail\n|-end|p2a: Scream Tail|Protosynthesis|[silent]\n|\n|upkeep\n|\n|t:|1733866270\n|switch|p2a: Cacturne|Cacturne, L92, M|251/278\n|turn|9\n|\n|t:|1733866281\n|-terastallize|p2a: Cacturne|Poison\n|move|p2a: Cacturne|Knock Off|p1a: Bronzong\n|-supereffective|p1a: Bronzong\n|-damage|p1a: Bronzong|110/261\n|-enditem|p1a: Bronzong|Leftovers|[from] move: Knock Off|[of] p2a: Cacturne\n|-damage|p2a: Cacturne|224/278|[from] item: Life Orb\n|move|p1a: Bronzong|Body Press|p2a: Cacturne\n|-resisted|p2a: Cacturne\n|-damage|p2a: Cacturne|134/278\n|\n|-heal|p2a: Cacturne|278/278|[from] move: Wish|[wisher] Scream Tail\n|upkeep\n|turn|10\n|\n|t:|1733866298\n|move|p2a: Cacturne|Knock Off|p1a: Bronzong\n|-supereffective|p1a: Bronzong\n|-damage|p1a: Bronzong|22/261\n|-damage|p2a: Cacturne|251/278|[from] item: Life Orb\n|move|p1a: Bronzong|Psychic Noise|p2a: Cacturne\n|-supereffective|p2a: Cacturne\n|-damage|p2a: Cacturne|65/278\n|-start|p2a: Cacturne|move: Heal Block\n|\n|upkeep\n|turn|11\n|\n|t:|1733866307\n|move|p2a: Cacturne|Knock Off|p1a: Bronzong\n|-supereffective|p1a: Bronzong\n|-damage|p1a: Bronzong|0 fnt\n|faint|p1a: Bronzong\n|-damage|p2a: Cacturne|38/278|[from] item: Life Orb\n|\n|-end|p2a: Cacturne|move: Heal Block\n|upkeep\n|\n|t:|1733866319\n|switch|p1a: Honchkrow|Honchkrow, L86, M|312/312\n|turn|12\n|\n|t:|1733866328\n|switch|p2a: Ursaluna|Ursaluna, L79, M|335/335 brn\n|move|p1a: Honchkrow|Brave Bird|p2a: Ursaluna\n|-damage|p2a: Ursaluna|194/335 brn\n|-damage|p1a: Honchkrow|265/312|[from] Recoil\n|\n|-damage|p2a: Ursaluna|174/335 brn|[from] brn\n|upkeep\n|turn|13\n|\n|t:|1733866340\n|move|p1a: Honchkrow|U-turn|p2a: Ursaluna\n|-damage|p2a: Ursaluna|113/335 brn\n|\n|t:|1733866348\n|switch|p1a: Drednaw|Drednaw, L81, F|278/278|[from] U-turn\n|move|p2a: Ursaluna|Facade|p1a: Drednaw\n|-resisted|p1a: Drednaw\n|-damage|p1a: Drednaw|136/278\n|\n|-damage|p2a: Ursaluna|93/335 brn|[from] brn\n|upkeep\n|turn|14\n|\n|t:|1733866374\n|move|p1a: Drednaw|Stone Edge|p2a: Ursaluna\n|-resisted|p2a: Ursaluna\n|-damage|p2a: Ursaluna|39/335 brn\n|move|p2a: Ursaluna|Facade|p1a: Drednaw\n|-resisted|p1a: Drednaw\n|-damage|p1a: Drednaw|6/278\n|\n|-damage|p2a: Ursaluna|19/335 brn|[from] brn\n|upkeep\n|turn|15\n|\n|t:|1733866384\n|move|p1a: Drednaw|Crunch|p2a: Ursaluna\n|-damage|p2a: Ursaluna|0 fnt\n|faint|p2a: Ursaluna\n|\n|upkeep\n|\n|t:|1733866393\n|switch|p2a: Veluza|Veluza, L85, M|292/292\n|turn|16\n|\n|t:|1733866413\n|move|p2a: Veluza|Flip Turn|p1a: Drednaw\n|-damage|p1a: Drednaw|0 fnt\n|faint|p1a: Drednaw\n|\n|t:|1733866418\n|switch|p2a: Chansey|Chansey, L85, F|564/564|[from] Flip Turn\n|\n|upkeep\n|\n|t:|1733866425\n|switch|p1a: Azumarill|Azumarill, L82, M|223/298 par\n|turn|17\n|\n|t:|1733866432\n|move|p2a: Chansey|Seismic Toss|p1a: Azumarill\n|-damage|p1a: Azumarill|138/298 par\n|move|p1a: Azumarill|Play Rough|p2a: Chansey\n|-damage|p2a: Chansey|299/564\n|\n|upkeep\n|turn|18\n|\n|t:|1733866441\n|move|p2a: Chansey|Soft-Boiled|p2a: Chansey\n|-heal|p2a: Chansey|564/564\n|move|p1a: Azumarill|Play Rough|p2a: Chansey\n|-damage|p2a: Chansey|284/564\n|\n|upkeep\n|turn|19\n|\n|t:|1733866450\n|move|p2a: Chansey|Soft-Boiled|p2a: Chansey\n|-heal|p2a: Chansey|564/564\n|move|p1a: Azumarill|Play Rough|p2a: Chansey\n|-damage|p2a: Chansey|321/564\n|\n|upkeep\n|turn|20\n|\n|t:|1733866457\n|move|p2a: Chansey|Soft-Boiled|p2a: Chansey\n|-heal|p2a: Chansey|564/564\n|move|p1a: Azumarill|Play Rough|p2a: Chansey\n|-damage|p2a: Chansey|318/564\n|\n|upkeep\n|turn|21\n|\n|t:|1733866463\n|move|p2a: Chansey|Soft-Boiled|p2a: Chansey\n|-heal|p2a: Chansey|564/564\n|move|p1a: Azumarill|Play Rough|p2a: Chansey\n|-damage|p2a: Chansey|324/564\n|\n|upkeep\n|turn|22\n|\n|t:|1733866466\n|move|p2a: Chansey|Soft-Boiled|p2a: Chansey\n|-heal|p2a: Chansey|564/564\n|move|p1a: Azumarill|Play Rough|p2a: Chansey\n|-damage|p2a: Chansey|287/564\n|\n|upkeep\n|turn|23\n|\n|t:|1733866468\n|move|p2a: Chansey|Soft-Boiled|p2a: Chansey\n|-heal|p2a: Chansey|564/564\n|cant|p1a: Azumarill|par\n|\n|upkeep\n|turn|24\n|\n|t:|1733866473\n|move|p2a: Chansey|Seismic Toss|p1a: Azumarill\n|-damage|p1a: Azumarill|53/298 par\n|move|p1a: Azumarill|Play Rough|p2a: Chansey\n|-damage|p2a: Chansey|284/564\n|\n|upkeep\n|turn|25\n|\n|t:|1733866481\n|move|p2a: Chansey|Seismic Toss|p1a: Azumarill\n|-damage|p1a: Azumarill|0 fnt\n|faint|p1a: Azumarill\n|\n|upkeep\n|\n|t:|1733866492\n|switch|p1a: Honchkrow|Honchkrow, L86, M|265/312\n|turn|26\n|\n|t:|1733866506\n|-terastallize|p1a: Honchkrow|Flying\n|move|p1a: Honchkrow|Brave Bird|p2a: Chansey\n|-damage|p2a: Chansey|0 fnt\n|faint|p2a: Chansey\n|-ability|p1a: Honchkrow|Moxie|boost\n|-boost|p1a: Honchkrow|atk|1\n|-damage|p1a: Honchkrow|171/312|[from] Recoil\n|\n|upkeep\n|\n|t:|1733866513\n|switch|p2a: Veluza|Veluza, L85, M|292/292\n|turn|27\n|\n|t:|1733866520\n|move|p1a: Honchkrow|Sucker Punch|p2a: Veluza\n|-supereffective|p2a: Veluza\n|-damage|p2a: Veluza|0 fnt\n|faint|p2a: Veluza\n|-ability|p1a: Honchkrow|Moxie|boost\n|-boost|p1a: Honchkrow|atk|1\n|\n|upkeep\n|\n|t:|1733866534\n|switch|p2a: Cacturne|Cacturne, L92, M, tera:Poison|38/278\n|turn|28\n|\n|t:|1733866540\n|move|p1a: Honchkrow|Sucker Punch|p2a: Cacturne\n|-damage|p2a: Cacturne|0 fnt\n|faint|p2a: Cacturne\n|-ability|p1a: Honchkrow|Moxie|boost\n|-boost|p1a: Honchkrow|atk|1\n|\n|upkeep\n|c|\u2606KalakTk|what\n|\n|t:|1733866545\n|switch|p2a: Torterra|Torterra, L78, F|276/276\n|turn|29\n|\n|t:|1733866548\n|move|p1a: Honchkrow|Brave Bird|p2a: Torterra\n|-supereffective|p2a: Torterra\n|-damage|p2a: Torterra|0 fnt\n|faint|p2a: Torterra\n|-damage|p1a: Honchkrow|80/312|[from] Recoil\n|\n|win|chimaco\n|raw|chimaco's rating: 1615 &rarr; <strong>1636</strong><br />(+21 for winning)\n|raw|KalakTk's rating: 1624 &rarr; <strong>1603</strong><br />(-21 for losing)\n|c|\u2606KalakTk|gg\n|l|\u2606KalakTk\n|player|p2|\n|c|\u2606chimaco|gg\n", "inputlog": ">version bfd83cad13791eb5a5a409923076391caf6fb4d4\n>start {\"formatid\":\"gen9randombattle\",\"seed\":[8308,12804,31477,48206],\"rated\":\"Rated battle\"}\n>player p1 {\"name\":\"chimaco\",\"avatar\":\"101\",\"rating\":1615,\"seed\":[49186,20972,40175,8660]}\n>player p2 {\"name\":\"KalakTk\",\"avatar\":\"bugcatcher-gen4dp\",\"rating\":1624,\"seed\":[1806,7023,63897,30939]}\n>p1 move bellydrum\n>p2 move thunderwave\n>p1 move liquidation\n>p2 switch 2\n>p1 switch 6\n>p2 move seedbomb\n>p1 move uturn\n>p2 switch 4\n>p1 switch 5\n>p1 move ironhead\n>p2 move wish\n>p1 move irondefense\n>p2 switch 3\n>p1 move bodypress\n>p2 switch 3\n>p1 move ironhead\n>p2 move wish\n>p2 switch 4\n>p1 move bodypress\n>p2 move knockoff terastallize\n>p1 move psychicnoise\n>p2 move knockoff\n>p1 move psychicnoise\n>p2 move knockoff\n>p1 switch 4\n>p1 move bravebird\n>p2 switch 3\n>p1 move uturn\n>p2 move facade\n>p1 switch 2\n>p1 move stoneedge\n>p2 move facade\n>p1 move crunch\n>p2 move throatchop\n>p2 switch 6\n>p1 move crunch\n>p2 move flipturn\n>p2 switch 2\n>p1 switch 6\n>p1 move playrough\n>p2 move seismictoss\n>p1 move playrough\n>p2 move softboiled\n>p1 move playrough\n>p2 move softboiled\n>p1 move playrough\n>p2 move softboiled\n>p1 move playrough\n>p2 move softboiled\n>p1 move playrough\n>p2 move softboiled\n>p1 move playrough\n>p2 move softboiled\n>p1 move playrough\n>p2 move seismictoss\n>p1 move playrough\n>p2 move seismictoss\n>p1 switch 2\n>p1 move bravebird terastallize\n>p2 move thunderwave\n>p2 switch 2\n>p1 move suckerpunch\n>p2 move aquacutter\n>p2 switch 3\n>p1 move suckerpunch\n>p2 move suckerpunch\n>chat \u2606KalakTk|what\n>p2 switch 5\n>p1 move bravebird\n>p2 move rockblast", "uploadtime": 1733866580, "views": 1, "formatid": "gen9randombattle", "rating": 1603, "private": 0, "password": null}