{"id": "gen9randombattle-2260718956", "format": "[Gen 9] Random Battle", "players": ["ConfidentialInfo4", "AAScienceBoost"], "log": "|j|\u2606ConfidentialInfo4\n|j|\u2606AAScienceBoost\n|t:|1733882526\n|gametype|singles\n|player|p1|ConfidentialInfo4|102|1364\n|player|p2|AAScienceBoost|1|1323\n|teamsize|p1|6\n|teamsize|p2|6\n|gen|9\n|tier|[Gen 9] Random Battle\n|rated|\n|rule|Species Clause: Limit one of each Pok\u00e9mon\n|rule|HP Percentage Mod: HP is shown in percentages\n|rule|Sleep Clause Mod: Limit one foe put to sleep\n|rule|Illusion Level Mod: Illusion disguises the Pok\u00e9mon's true level\n|\n|t:|1733882526\n|start\n|switch|p1a: Cloyster|Cloyster, L80, F|211/211\n|switch|p2a: Cramorant|Cramorant, L86, M|261/261\n|turn|1\n|inactive|Battle timer is ON: inactive players will automatically lose when time's up. (requested by ConfidentialInfo4)\n|\n|t:|1733882541\n|move|p2a: Cramorant|Surf|p1a: Cloyster\n|-formechange|p2a: Cramorant|Cramorant-Gulping|\n|-resisted|p1a: Cloyster\n|-damage|p1a: Cloyster|134/211\n|move|p1a: Cloyster|Shell Smash|p1a: Cloyster\n|-unboost|p1a: Cloyster|def|1\n|-unboost|p1a: Cloyster|spd|1\n|-boost|p1a: Cloyster|atk|2\n|-boost|p1a: Cloyster|spa|2\n|-boost|p1a: Cloyster|spe|2\n|-enditem|p1a: Cloyster|White Herb\n|-clearnegativeboost|p1a: Cloyster|[silent]\n|\n|upkeep\n|turn|2\n|\n|t:|1733882555\n|move|p1a: Cloyster|Rock Blast|p2a: Cramorant\n|-supereffective|p2a: Cramorant\n|-damage|p2a: Cramorant|179/261\n|-damage|p1a: Cloyster|82/211|[from] ability: Gulp Missile|[of] p2a: Cramorant\n|-unboost|p1a: Cloyster|def|1\n|-formechange|p2a: Cramorant|Cramorant|\n|-supereffective|p2a: Cramorant\n|-damage|p2a: Cramorant|87/261\n|-supereffective|p2a: Cramorant\n|-damage|p2a: Cramorant|0 fnt\n|faint|p2a: Cramorant\n|-hitcount|p2: Cramorant|3\n|\n|upkeep\n|\n|t:|1733882577\n|switch|p2a: Iron Crown|Iron Crown, L78|268/268\n|turn|3\n|\n|t:|1733882583\n|move|p1a: Cloyster|Hydro Pump|p2a: Iron Crown|[miss]\n|-miss|p1a: Cloyster|p2a: Iron Crown\n|move|p2a: Iron Crown|Tachyon Cutter|p1a: Cloyster\n|-damage|p1a: Cloyster|0 fnt\n|faint|p1a: Cloyster\n|-hitcount|p1: Cloyster|1\n|\n|upkeep\n|\n|t:|1733882594\n|switch|p1a: Cinderace|Cinderace, L77, M|249/249\n|turn|4\n|\n|t:|1733882602\n|-end|p2a: Iron Crown|Quark Drive|[silent]\n|switch|p2a: Latias|Latias, L79, F|256/256\n|move|p1a: Cinderace|Pyro Ball|p2a: Latias\n|-resisted|p2a: Latias\n|-damage|p2a: Latias|191/256\n|\n|upkeep\n|turn|5\n|\n|t:|1733882608\n|switch|p1a: Perrserker|Perrserker, L89, F|269/269\n|move|p2a: Latias|Psyshock|p1a: Perrserker\n|-resisted|p1a: Perrserker\n|-damage|p1a: Perrserker|230/269\n|\n|upkeep\n|turn|6\n|\n|t:|1733882615\n|switch|p2a: Iron Crown|Iron Crown, L78|268/268\n|move|p1a: Perrserker|Knock Off|p2a: Iron Crown\n|-supereffective|p2a: Iron Crown\n|-damage|p2a: Iron Crown|0 fnt\n|-enditem|p2a: Iron Crown|Leftovers|[from] move: Knock Off|[of] p1a: Perrserker\n|faint|p2a: Iron Crown\n|-end|p2a: Iron Crown|Quark Drive|[silent]\n|-damage|p1a: Perrserker|204/269|[from] item: Life Orb\n|\n|upkeep\n|\n|t:|1733882620\n|switch|p2a: Hitmontop|Hitmontop, L88, M|231/231\n|turn|7\n|\n|t:|1733882624\n|switch|p1a: Calyrex|Calyrex, L93|337/337\n|-ability|p1a: Calyrex|Unnerve\n|move|p2a: Hitmontop|Bulk Up|p2a: Hitmontop\n|-boost|p2a: Hitmontop|atk|1\n|-boost|p2a: Hitmontop|def|1\n|\n|upkeep\n|turn|8\n|\n|t:|1733882636\n|move|p1a: Calyrex|Encore|p2a: Hitmontop\n|-start|p2a: Hitmontop|Encore\n|move|p2a: Hitmontop|Bulk Up|p2a: Hitmontop\n|-boost|p2a: Hitmontop|atk|1\n|-boost|p2a: Hitmontop|def|1\n|\n|upkeep\n|turn|9\n|\n|t:|1733882641\n|switch|p2a: Iron Bundle|Iron Bundle, L77|213/213\n|move|p1a: Calyrex|Leech Seed|p2a: Iron Bundle\n|-start|p2a: Iron Bundle|move: Leech Seed\n|\n|-damage|p2a: Iron Bundle|187/213|[from] Leech Seed|[of] p1a: Calyrex\n|upkeep\n|turn|10\n|\n|t:|1733882649\n|-end|p2a: Iron Bundle|Quark Drive|[silent]\n|switch|p2a: Latias|Latias, L79, F|191/256\n|move|p1a: Calyrex|Body Press|p2a: Latias\n|-resisted|p2a: Latias\n|-damage|p2a: Latias|160/256\n|\n|upkeep\n|turn|11\n|\n|t:|1733882658\n|move|p2a: Latias|Draco Meteor|p1a: Calyrex\n|-damage|p1a: Calyrex|180/337\n|-unboost|p2a: Latias|spa|2\n|move|p1a: Calyrex|Encore|p2a: Latias\n|-start|p2a: Latias|Encore\n|\n|-heal|p1a: Calyrex|201/337|[from] item: Leftovers\n|upkeep\n|turn|12\n|\n|t:|1733882669\n|move|p2a: Latias|Draco Meteor|p1a: Calyrex\n|-damage|p1a: Calyrex|128/337\n|-unboost|p2a: Latias|spa|2\n|move|p1a: Calyrex|Leech Seed|p2a: Latias\n|-start|p2a: Latias|move: Leech Seed\n|\n|-heal|p1a: Calyrex|149/337|[from] item: Leftovers\n|-damage|p2a: Latias|128/256|[from] Leech Seed|[of] p1a: Calyrex\n|-heal|p1a: Calyrex|181/337|[silent]\n|upkeep\n|turn|13\n|\n|t:|1733882675\n|switch|p2a: Hitmontop|Hitmontop, L88, M|231/231\n|move|p1a: Calyrex|Psyshock|p2a: Hitmontop\n|-supereffective|p2a: Hitmontop\n|-damage|p2a: Hitmontop|61/231\n|\n|-heal|p1a: Calyrex|202/337|[from] item: Leftovers\n|-heal|p2a: Hitmontop|75/231|[from] item: Leftovers\n|upkeep\n|turn|14\n|\n|t:|1733882693\n|switch|p2a: Latias|Latias, L79, F|128/256\n|move|p1a: Calyrex|Psyshock|p2a: Latias\n|-resisted|p2a: Latias\n|-damage|p2a: Latias|83/256\n|\n|-heal|p1a: Calyrex|223/337|[from] item: Leftovers\n|upkeep\n|turn|15\n|\n|t:|1733882697\n|move|p2a: Latias|Recover|p2a: Latias\n|-heal|p2a: Latias|211/256\n|move|p1a: Calyrex|Leech Seed|p2a: Latias\n|-start|p2a: Latias|move: Leech Seed\n|\n|-heal|p1a: Calyrex|244/337|[from] item: Leftovers\n|-damage|p2a: Latias|179/256|[from] Leech Seed|[of] p1a: Calyrex\n|-heal|p1a: Calyrex|276/337|[silent]\n|upkeep\n|turn|16\n|\n|t:|1733882703\n|switch|p2a: Iron Bundle|Iron Bundle, L77|187/213\n|move|p1a: Calyrex|Encore||[still]\n|-fail|p1a: Calyrex\n|\n|-heal|p2a: Iron Bundle|200/213|[from] item: Leftovers\n|-heal|p1a: Calyrex|297/337|[from] item: Leftovers\n|upkeep\n|turn|17\n|\n|t:|1733882715\n|-end|p2a: Iron Bundle|Quark Drive|[silent]\n|switch|p2a: Latias|Latias, L79, F|179/256\n|move|p1a: Calyrex|Body Press|p2a: Latias\n|-resisted|p2a: Latias\n|-damage|p2a: Latias|146/256\n|\n|-heal|p1a: Calyrex|318/337|[from] item: Leftovers\n|upkeep\n|turn|18\n|\n|t:|1733882729\n|move|p2a: Latias|Recover|p2a: Latias\n|-heal|p2a: Latias|256/256\n|move|p1a: Calyrex|Leech Seed|p2a: Latias\n|-start|p2a: Latias|move: Leech Seed\n|\n|-heal|p1a: Calyrex|337/337|[from] item: Leftovers\n|-damage|p2a: Latias|224/256|[from] Leech Seed|[of] p1a: Calyrex\n|upkeep\n|turn|19\n|\n|t:|1733882745\n|switch|p2a: Iron Bundle|Iron Bundle, L77|200/213\n|switch|p1a: Cinderace|Cinderace, L77, M|249/249\n|\n|-heal|p2a: Iron Bundle|213/213|[from] item: Leftovers\n|upkeep\n|turn|20\n|\n|t:|1733882753\n|move|p1a: Cinderace|Sucker Punch||[still]\n|-fail|p1a: Cinderace\n|move|p2a: Iron Bundle|Substitute|p2a: Iron Bundle\n|-start|p2a: Iron Bundle|Substitute\n|-damage|p2a: Iron Bundle|160/213\n|\n|-heal|p2a: Iron Bundle|173/213|[from] item: Leftovers\n|upkeep\n|turn|21\n|\n|t:|1733882756\n|move|p2a: Iron Bundle|Hydro Pump|p1a: Cinderace\n|-supereffective|p1a: Cinderace\n|-damage|p1a: Cinderace|0 fnt\n|faint|p1a: Cinderace\n|\n|-heal|p2a: Iron Bundle|186/213|[from] item: Leftovers\n|upkeep\n|\n|t:|1733882764\n|switch|p1a: Calyrex|Calyrex, L93|337/337\n|-ability|p1a: Calyrex|Unnerve\n|turn|22\n|\n|t:|1733882768\n|move|p2a: Iron Bundle|Freeze-Dry|p1a: Calyrex\n|-supereffective|p1a: Calyrex\n|-damage|p1a: Calyrex|191/337\n|move|p1a: Calyrex|Body Press|p2a: Iron Bundle\n|-supereffective|p2a: Iron Bundle\n|-crit|p2a: Iron Bundle\n|-end|p2a: Iron Bundle|Substitute\n|\n|-heal|p2a: Iron Bundle|199/213|[from] item: Leftovers\n|-heal|p1a: Calyrex|212/337|[from] item: Leftovers\n|upkeep\n|turn|23\n|\n|t:|1733882777\n|move|p2a: Iron Bundle|Freeze-Dry|p1a: Calyrex\n|-supereffective|p1a: Calyrex\n|-damage|p1a: Calyrex|74/337\n|move|p1a: Calyrex|Body Press|p2a: Iron Bundle\n|-supereffective|p2a: Iron Bundle\n|-damage|p2a: Iron Bundle|87/213\n|\n|-heal|p2a: Iron Bundle|100/213|[from] item: Leftovers\n|-heal|p1a: Calyrex|95/337|[from] item: Leftovers\n|upkeep\n|turn|24\n|\n|t:|1733882781\n|move|p2a: Iron Bundle|Freeze-Dry|p1a: Calyrex\n|-supereffective|p1a: Calyrex\n|-damage|p1a: Calyrex|0 fnt\n|faint|p1a: Calyrex\n|\n|-heal|p2a: Iron Bundle|113/213|[from] item: Leftovers\n|upkeep\n|\n|t:|1733882790\n|switch|p1a: Hatterene|Hatterene, L85, F|236/236\n|turn|25\n|\n|t:|1733882803\n|-end|p2a: Iron Bundle|Quark Drive|[silent]\n|switch|p2a: Hitmontop|Hitmontop, L88, M|75/231\n|move|p1a: Hatterene|Nuzzle|p2a: Hitmontop\n|-damage|p2a: Hitmontop|60/231\n|-status|p2a: Hitmontop|par\n|\n|-heal|p2a: Hitmontop|74/231 par|[from] item: Leftovers\n|upkeep\n|turn|26\n|\n|t:|1733882808\n|move|p1a: Hatterene|Draining Kiss|p2a: Hitmontop\n|-supereffective|p2a: Hitmontop\n|-damage|p2a: Hitmontop|0 fnt\n|faint|p2a: Hitmontop\n|\n|upkeep\n|\n|t:|1733882820\n|switch|p2a: Latias|Latias, L79, F|224/256\n|turn|27\n|\n|t:|1733882825\n|-terastallize|p2a: Latias|Steel\n|move|p2a: Latias|Calm Mind|p2a: Latias\n|-boost|p2a: Latias|spa|1\n|-boost|p2a: Latias|spd|1\n|move|p1a: Hatterene|Nuzzle|p2a: Latias\n|-damage|p2a: Latias|208/256\n|-status|p2a: Latias|par\n|\n|upkeep\n|turn|28\n|\n|t:|1733882832\n|move|p2a: Latias|Psyshock|p1a: Hatterene\n|-resisted|p1a: Hatterene\n|-damage|p1a: Hatterene|167/236\n|move|p1a: Hatterene|Mystical Fire|p2a: Latias\n|-supereffective|p2a: Latias\n|-damage|p2a: Latias|136/256 par\n|-unboost|p2a: Latias|spa|1\n|\n|upkeep\n|turn|29\n|\n|t:|1733882852\n|move|p2a: Latias|Psyshock|p1a: Hatterene\n|-resisted|p1a: Hatterene\n|-damage|p1a: Hatterene|118/236\n|move|p1a: Hatterene|Mystical Fire|p2a: Latias\n|-supereffective|p2a: Latias\n|-damage|p2a: Latias|62/256 par\n|-unboost|p2a: Latias|spa|1\n|\n|upkeep\n|turn|30\n|\n|t:|1733882859\n|switch|p1a: Perrserker|Perrserker, L89, F|204/269\n|cant|p2a: Latias|par\n|\n|upkeep\n|turn|31\n|\n|t:|1733882864\n|move|p1a: Perrserker|Knock Off|p2a: Latias\n|-damage|p2a: Latias|0 fnt\n|-enditem|p2a: Latias|Soul Dew|[from] move: Knock Off|[of] p1a: Perrserker\n|faint|p2a: Latias\n|-damage|p1a: Perrserker|178/269|[from] item: Life Orb\n|\n|upkeep\n|\n|t:|1733882867\n|switch|p2a: Iron Bundle|Iron Bundle, L77|113/213\n|turn|32\n|\n|t:|1733882870\n|move|p2a: Iron Bundle|Substitute|p2a: Iron Bundle\n|-start|p2a: Iron Bundle|Substitute\n|-damage|p2a: Iron Bundle|60/213\n|move|p1a: Perrserker|Iron Head|p2a: Iron Bundle\n|-end|p2a: Iron Bundle|Substitute\n|-damage|p1a: Perrserker|152/269|[from] item: Life Orb\n|\n|-heal|p2a: Iron Bundle|73/213|[from] item: Leftovers\n|upkeep\n|turn|33\n|\n|t:|1733882877\n|move|p2a: Iron Bundle|Substitute|p2a: Iron Bundle\n|-start|p2a: Iron Bundle|Substitute\n|-damage|p2a: Iron Bundle|20/213\n|move|p1a: Perrserker|Iron Head|p2a: Iron Bundle\n|-end|p2a: Iron Bundle|Substitute\n|-damage|p1a: Perrserker|126/269|[from] item: Life Orb\n|\n|-heal|p2a: Iron Bundle|33/213|[from] item: Leftovers\n|upkeep\n|turn|34\n|\n|t:|1733882881\n|move|p2a: Iron Bundle|Hydro Pump|p1a: Perrserker\n|-damage|p1a: Perrserker|0 fnt\n|faint|p1a: Perrserker\n|\n|-heal|p2a: Iron Bundle|46/213|[from] item: Leftovers\n|upkeep\n|\n|t:|1733882884\n|switch|p1a: Hatterene|Hatterene, L85, F|118/236\n|turn|35\n|\n|t:|1733882888\n|move|p2a: Iron Bundle|Hydro Pump|p1a: Hatterene\n|-damage|p1a: Hatterene|49/236\n|move|p1a: Hatterene|Draining Kiss|p2a: Iron Bundle\n|-damage|p2a: Iron Bundle|0 fnt\n|-heal|p1a: Hatterene|84/236|[from] drain|[of] p2a: Iron Bundle\n|faint|p2a: Iron Bundle\n|-end|p2a: Iron Bundle|Quark Drive|[silent]\n|\n|upkeep\n|\n|t:|1733882891\n|switch|p2a: Salazzle|Salazzle, L83, F|249/249\n|turn|36\n|\n|t:|1733882896\n|move|p2a: Salazzle|Sludge Wave|p1a: Hatterene\n|-supereffective|p1a: Hatterene\n|-damage|p1a: Hatterene|0 fnt\n|faint|p1a: Hatterene\n|\n|upkeep\n|\n|t:|1733882898\n|switch|p1a: Falinks|Falinks, L84|246/246\n|turn|37\n|\n|t:|1733882902\n|move|p2a: Salazzle|Fire Blast|p1a: Falinks\n|-damage|p1a: Falinks|69/246\n|move|p1a: Falinks|No Retreat|p1a: Falinks\n|-boost|p1a: Falinks|atk|1\n|-boost|p1a: Falinks|def|1\n|-boost|p1a: Falinks|spa|1\n|-boost|p1a: Falinks|spd|1\n|-boost|p1a: Falinks|spe|1\n|-start|p1a: Falinks|move: No Retreat\n|\n|upkeep\n|turn|38\n|\n|t:|1733882907\n|-terastallize|p1a: Falinks|Dark\n|move|p1a: Falinks|Knock Off|p2a: Salazzle\n|-damage|p2a: Salazzle|0 fnt\n|-enditem|p2a: Salazzle|Heavy-Duty Boots|[from] move: Knock Off|[of] p1a: Falinks\n|faint|p2a: Salazzle\n|-damage|p1a: Falinks|45/246|[from] item: Life Orb\n|\n|win|ConfidentialInfo4\n|raw|ConfidentialInfo4's rating: 1364 &rarr; <strong>1382</strong><br />(+18 for winning)\n|raw|AAScienceBoost's rating: 1323 &rarr; <strong>1305</strong><br />(-18 for losing)\n|l|\u2606AAScienceBoost\n|player|p2|\n", "inputlog": ">version bfd83cad13791eb5a5a409923076391caf6fb4d4\n>start {\"formatid\":\"gen9randombattle\",\"seed\":[35716,17852,23445,5289],\"rated\":\"Rated battle\"}\n>player p1 {\"name\":\"ConfidentialInfo4\",\"avatar\":\"102\",\"rating\":1364,\"seed\":[21666,29511,35984,53384]}\n>player p2 {\"name\":\"AAScienceBoost\",\"avatar\":\"1\",\"rating\":1323,\"seed\":[34095,32116,24476,5703]}\n>p1 move shellsmash\n>p2 move surf\n>p1 move rockblast\n>p2 move surf\n>p2 switch 5\n>p1 move hydropump\n>p2 move tachyoncutter\n>p1 switch 5\n>p1 move pyroball\n>p2 switch 4\n>p1 switch 6\n>p2 move psyshock\n>p1 move knockoff\n>p2 switch 4\n>p2 switch 2\n>p1 switch 4\n>p2 move bulkup\n>p1 move encore\n>p2 move rapidspin\n>p1 move leechseed\n>p2 switch 6\n>p1 move bodypress\n>p2 switch 4\n>p1 move encore\n>p2 move dracometeor\n>p1 move leechseed\n>p2 move dracometeor\n>p1 move psyshock\n>p2 switch 6\n>p1 move psyshock\n>p2 switch 6\n>p1 move leechseed\n>p2 move recover\n>p1 move encore\n>p2 switch 4\n>p1 move bodypress\n>p2 switch 4\n>p1 move leechseed\n>p2 move recover\n>p1 switch 6\n>p2 switch 4\n>p1 move suckerpunch\n>p2 move substitute\n>p1 move highjumpkick\n>p2 move hydropump\n>p1 switch 6\n>p1 move bodypress\n>p2 move freezedry\n>p1 move bodypress\n>p2 move freezedry\n>p1 move bodypress\n>p2 move freezedry\n>p1 switch 2\n>p1 move nuzzle\n>p2 switch 6\n>p1 move drainingkiss\n>p2 move tripleaxel\n>p2 switch 4\n>p1 move nuzzle\n>p2 move calmmind terastallize\n>p1 move mysticalfire\n>p2 move psyshock\n>p1 move mysticalfire\n>p2 move psyshock\n>p1 switch 4\n>p2 move psyshock\n>p1 move knockoff\n>p2 move psyshock\n>p2 switch 6\n>p1 move ironhead\n>p2 move substitute\n>p1 move ironhead\n>p2 move substitute\n>p1 move ironhead\n>p2 move hydropump\n>p1 switch 4\n>p1 move drainingkiss\n>p2 move hydropump\n>p2 switch 3\n>p1 move psychicnoise\n>p2 move sludgewave\n>p1 switch 3\n>p1 move noretreat\n>p2 move fireblast\n>p1 move knockoff terastallize\n>p2 move fireblast", "uploadtime": 1733882916, "views": 2, "formatid": "gen9randombattle", "rating": 1305, "private": 0, "password": null}