{"id": "gen9randombattle-2259994387", "format": "[Gen 9] Random Battle", "players": ["r40yr326", "XxN00bM4st3rxX69"], "log": "|j|\u2606r40yr326\n|j|\u2606XxN00bM4st3rxX69\n|t:|1733788737\n|gametype|singles\n|player|p1|r40yr326|sabrina|1371\n|player|p2|XxN00bM4st3rxX69|1|1408\n|teamsize|p1|6\n|teamsize|p2|6\n|gen|9\n|tier|[Gen 9] Random Battle\n|rated|\n|rule|Species Clause: Limit one of each Pok\u00e9mon\n|rule|HP Percentage Mod: HP is shown in percentages\n|rule|Sleep Clause Mod: Limit one foe put to sleep\n|rule|Illusion Level Mod: Illusion disguises the Pok\u00e9mon's true level\n|\n|t:|1733788737\n|start\n|switch|p1a: Pikachu|Pikachu-Original, L93, M|216/216\n|switch|p2a: Ogerpon|Ogerpon-Hearthflame, L74, F|239/239\n|-ability|p2a: Ogerpon|Mold Breaker\n|turn|1\n|inactive|Battle timer is ON: inactive players will automatically lose when time's up. (requested by r40yr326)\n|\n|t:|1733788753\n|move|p1a: Pikachu|Fake Out|p2a: Ogerpon\n|-damage|p2a: Ogerpon|188/239\n|cant|p2a: Ogerpon|flinch\n|\n|upkeep\n|turn|2\n|\n|t:|1733788758\n|move|p1a: Pikachu|Surf|p2a: Ogerpon\n|-damage|p2a: Ogerpon|88/239\n|move|p2a: Ogerpon|Knock Off|p1a: Pikachu\n|-damage|p1a: Pikachu|99/216\n|-enditem|p1a: Pikachu|Light Ball|[from] move: Knock Off|[of] p2a: Ogerpon\n|\n|upkeep\n|turn|3\n|\n|t:|1733788765\n|move|p1a: Pikachu|Surf|p2a: Ogerpon\n|-damage|p2a: Ogerpon|35/239\n|move|p2a: Ogerpon|Horn Leech|p1a: Pikachu\n|-damage|p1a: Pikachu|0 fnt\n|-heal|p2a: Ogerpon|85/239|[from] drain|[of] p1a: Pikachu\n|faint|p1a: Pikachu\n|\n|upkeep\n|\n|t:|1733788777\n|switch|p1a: Volcarona|Volcarona, L77, F|257/257\n|turn|4\n|\n|t:|1733788790\n|move|p2a: Ogerpon|Ivy Cudgel|p1a: Volcarona|[anim] Ivy Cudgel Fire\n|-crit|p1a: Volcarona\n|-damage|p1a: Volcarona|26/257\n|move|p1a: Volcarona|Quiver Dance|p1a: Volcarona\n|-boost|p1a: Volcarona|spa|1\n|-boost|p1a: Volcarona|spd|1\n|-boost|p1a: Volcarona|spe|1\n|\n|upkeep\n|turn|5\n|\n|t:|1733788797\n|move|p1a: Volcarona|Bug Buzz|p2a: Ogerpon\n|-damage|p2a: Ogerpon|0 fnt\n|faint|p2a: Ogerpon\n|\n|upkeep\n|\n|t:|1733788808\n|switch|p2a: Lugia|Lugia, L72|272/272\n|turn|6\n|\n|t:|1733788814\n|-terastallize|p1a: Volcarona|Steel\n|move|p1a: Volcarona|Giga Drain|p2a: Lugia\n|-resisted|p2a: Lugia\n|-damage|p2a: Lugia|257/272\n|-heal|p1a: Volcarona|34/257|[from] drain|[of] p2a: Lugia\n|move|p2a: Lugia|Earth Power|p1a: Volcarona\n|-supereffective|p1a: Volcarona\n|-damage|p1a: Volcarona|0 fnt\n|faint|p1a: Volcarona\n|\n|upkeep\n|\n|t:|1733788823\n|switch|p1a: Gliscor|Gliscor, L76, F|239/239\n|turn|7\n|\n|t:|1733788832\n|move|p2a: Lugia|Aeroblast|p1a: Gliscor\n|-damage|p1a: Gliscor|140/239\n|move|p1a: Gliscor|Toxic|p2a: Lugia\n|-status|p2a: Lugia|tox\n|\n|-damage|p2a: Lugia|240/272 tox|[from] psn\n|-status|p1a: Gliscor|tox|[from] item: Toxic Orb\n|upkeep\n|turn|8\n|\n|t:|1733788842\n|switch|p2a: Palafin|Palafin, L77, M|281/281\n|move|p1a: Gliscor|Protect||[still]\n|-fail|p1a: Gliscor\n|\n|-heal|p1a: Gliscor|169/239 tox|[from] ability: Poison Heal\n|upkeep\n|turn|9\n|\n|t:|1733788854\n|detailschange|p2a: Palafin|Palafin-Hero, L77, M\n|switch|p2a: Mew|Mew, L82|298/298\n|switch|p1a: Azelf|Azelf, L82|257/257\n|\n|upkeep\n|turn|10\n|\n|t:|1733788860\n|move|p1a: Azelf|Stealth Rock|p2a: Mew\n|-sidestart|p2: XxN00bM4st3rxX69|move: Stealth Rock\n|move|p2a: Mew|Swords Dance|p2a: Mew\n|-boost|p2a: Mew|atk|2\n|\n|upkeep\n|turn|11\n|\n|t:|1733788868\n|move|p1a: Azelf|Explosion|p2a: Mew\n|-damage|p2a: Mew|51/298\n|faint|p1a: Azelf\n|move|p2a: Mew|Knock Off|p1: Azelf|[notarget]\n|-fail|p2a: Mew\n|\n|upkeep\n|\n|t:|1733788873\n|switch|p1a: Leafeon|Leafeon, L88, M|258/258\n|turn|12\n|\n|t:|1733788878\n|move|p1a: Leafeon|Knock Off|p2a: Mew\n|-supereffective|p2a: Mew\n|-damage|p2a: Mew|0 fnt\n|-enditem|p2a: Mew|Life Orb|[from] move: Knock Off|[of] p1a: Leafeon\n|faint|p2a: Mew\n|-damage|p1a: Leafeon|233/258|[from] item: Life Orb\n|\n|upkeep\n|\n|t:|1733788884\n|switch|p2a: Gouging Fire|Gouging Fire, L74|277/277\n|turn|13\n|\n|t:|1733788889\n|move|p1a: Leafeon|Knock Off|p2a: Gouging Fire\n|-damage|p2a: Gouging Fire|180/277\n|-enditem|p2a: Gouging Fire|Heavy-Duty Boots|[from] move: Knock Off|[of] p1a: Leafeon\n|-damage|p1a: Leafeon|208/258|[from] item: Life Orb\n|move|p2a: Gouging Fire|Dragon Dance|p2a: Gouging Fire\n|-boost|p2a: Gouging Fire|atk|1\n|-boost|p2a: Gouging Fire|spe|1\n|\n|upkeep\n|turn|14\n|\n|t:|1733788897\n|move|p2a: Gouging Fire|Heat Crash|p1a: Leafeon\n|-supereffective|p1a: Leafeon\n|-damage|p1a: Leafeon|0 fnt\n|faint|p1a: Leafeon\n|\n|upkeep\n|\n|t:|1733788901\n|switch|p1a: Dialga|Dialga, L73|266/266\n|-ability|p1a: Dialga|Pressure\n|turn|15\n|\n|t:|1733788913\n|move|p2a: Gouging Fire|Outrage|p1a: Dialga\n|-damage|p1a: Dialga|112/266\n|move|p1a: Dialga|Dragon Tail|p2a: Gouging Fire\n|-supereffective|p2a: Gouging Fire\n|-damage|p2a: Gouging Fire|72/277\n|-end|p2a: Gouging Fire|Protosynthesis|[silent]\n|drag|p2a: Palossand|Palossand, L89, F|296/296\n|-damage|p2a: Palossand|278/296|[from] Stealth Rock\n|\n|-heal|p2a: Palossand|296/296|[from] item: Leftovers\n|upkeep\n|turn|16\n|\n|t:|1733788924\n|move|p1a: Dialga|Draco Meteor|p2a: Palossand\n|-damage|p2a: Palossand|142/296\n|-unboost|p1a: Dialga|spa|2\n|move|p2a: Palossand|Shadow Ball|p1a: Dialga\n|-damage|p1a: Dialga|48/266\n|\n|-heal|p2a: Palossand|160/296|[from] item: Leftovers\n|upkeep\n|turn|17\n|\n|t:|1733788932\n|move|p2a: Palossand|Shadow Ball|p1a: Dialga\n|-damage|p1a: Dialga|0 fnt\n|faint|p1a: Dialga\n|\n|-heal|p2a: Palossand|178/296|[from] item: Leftovers\n|upkeep\n|\n|t:|1733788934\n|switch|p1a: Gliscor|Gliscor, L76, F|169/239 tox\n|turn|18\n|\n|t:|1733788943\n|move|p1a: Gliscor|Substitute|p1a: Gliscor\n|-start|p1a: Gliscor|Substitute\n|-damage|p1a: Gliscor|110/239 tox\n|move|p2a: Palossand|Shadow Ball|p1a: Gliscor\n|-end|p1a: Gliscor|Substitute\n|\n|-heal|p2a: Palossand|196/296|[from] item: Leftovers\n|-heal|p1a: Gliscor|139/239 tox|[from] ability: Poison Heal\n|upkeep\n|turn|19\n|\n|t:|1733788952\n|move|p1a: Gliscor|Toxic|p2a: Palossand\n|-status|p2a: Palossand|tox\n|move|p2a: Palossand|Shadow Ball|p1a: Gliscor\n|-damage|p1a: Gliscor|16/239 tox\n|\n|-heal|p2a: Palossand|214/296 tox|[from] item: Leftovers\n|-heal|p1a: Gliscor|45/239 tox|[from] ability: Poison Heal\n|-damage|p2a: Palossand|196/296 tox|[from] psn\n|upkeep\n|turn|20\n|\n|t:|1733788964\n|move|p1a: Gliscor|Protect|p1a: Gliscor\n|-singleturn|p1a: Gliscor|Protect\n|move|p2a: Palossand|Shadow Ball|p1a: Gliscor\n|-activate|p1a: Gliscor|move: Protect\n|\n|-heal|p2a: Palossand|214/296 tox|[from] item: Leftovers\n|-heal|p1a: Gliscor|74/239 tox|[from] ability: Poison Heal\n|-damage|p2a: Palossand|178/296 tox|[from] psn\n|upkeep\n|turn|21\n|\n|t:|1733788975\n|move|p1a: Gliscor|Substitute|p1a: Gliscor\n|-start|p1a: Gliscor|Substitute\n|-damage|p1a: Gliscor|15/239 tox\n|move|p2a: Palossand|Shadow Ball|p1a: Gliscor\n|-end|p1a: Gliscor|Substitute\n|\n|-heal|p2a: Palossand|196/296 tox|[from] item: Leftovers\n|-heal|p1a: Gliscor|44/239 tox|[from] ability: Poison Heal\n|-damage|p2a: Palossand|142/296 tox|[from] psn\n|upkeep\n|turn|22\n|\n|t:|1733788992\n|move|p1a: Gliscor|Protect|p1a: Gliscor\n|-singleturn|p1a: Gliscor|Protect\n|move|p2a: Palossand|Shadow Ball|p1a: Gliscor\n|-activate|p1a: Gliscor|move: Protect\n|\n|-heal|p2a: Palossand|160/296 tox|[from] item: Leftovers\n|-heal|p1a: Gliscor|73/239 tox|[from] ability: Poison Heal\n|-damage|p2a: Palossand|88/296 tox|[from] psn\n|upkeep\n|turn|23\n|c|\u2606XxN00bM4st3rxX69|bratha ew, whats that, whats that bratha\n|\n|t:|1733789002\n|move|p1a: Gliscor|Substitute|p1a: Gliscor\n|-start|p1a: Gliscor|Substitute\n|-damage|p1a: Gliscor|14/239 tox\n|move|p2a: Palossand|Shadow Ball|p1a: Gliscor\n|-end|p1a: Gliscor|Substitute\n|\n|-heal|p2a: Palossand|106/296 tox|[from] item: Leftovers\n|-heal|p1a: Gliscor|43/239 tox|[from] ability: Poison Heal\n|-damage|p2a: Palossand|16/296 tox|[from] psn\n|upkeep\n|turn|24\n|\n|t:|1733789012\n|move|p1a: Gliscor|Earthquake|p2a: Palossand\n|-damage|p2a: Palossand|0 fnt\n|faint|p2a: Palossand\n|\n|-heal|p1a: Gliscor|72/239 tox|[from] ability: Poison Heal\n|upkeep\n|\n|t:|1733789017\n|switch|p2a: Palafin|Palafin-Hero, L77, M|281/281\n|-damage|p2a: Palafin|246/281|[from] Stealth Rock\n|-activate|p2a: Palafin|ability: Zero to Hero\n|turn|25\n|\n|t:|1733789023\n|move|p1a: Gliscor|Protect|p1a: Gliscor\n|-singleturn|p1a: Gliscor|Protect\n|move|p2a: Palafin|Ice Punch|p1a: Gliscor\n|-activate|p1a: Gliscor|move: Protect\n|\n|-heal|p2a: Palafin|263/281|[from] item: Leftovers\n|-heal|p1a: Gliscor|101/239 tox|[from] ability: Poison Heal\n|upkeep\n|turn|26\n|\n|t:|1733789033\n|move|p2a: Palafin|Ice Punch|p1a: Gliscor\n|-supereffective|p1a: Gliscor\n|-damage|p1a: Gliscor|0 fnt\n|faint|p1a: Gliscor\n|\n|win|XxN00bM4st3rxX69\n|raw|r40yr326's rating: 1371 &rarr; <strong>1353</strong><br />(-18 for losing)\n|raw|XxN00bM4st3rxX69's rating: 1408 &rarr; <strong>1426</strong><br />(+18 for winning)\n|l|\u2606r40yr326\n|player|p1|\n", "inputlog": ">version bfd83cad13791eb5a5a409923076391caf6fb4d4\n>start {\"formatid\":\"gen9randombattle\",\"seed\":[54437,63425,34980,29595],\"rated\":\"Rated battle\"}\n>player p1 {\"name\":\"r40yr326\",\"avatar\":\"sabrina\",\"rating\":1371,\"seed\":[29647,37427,22977,64165]}\n>player p2 {\"name\":\"XxN00bM4st3rxX69\",\"avatar\":\"1\",\"rating\":1408,\"seed\":[33883,63883,27865,52720]}\n>p1 move fakeout\n>p2 move knockoff\n>p1 move surf\n>p2 move knockoff\n>p1 move surf\n>p2 move hornleech\n>p1 switch 6\n>p1 move quiverdance\n>p2 move ivycudgel\n>p1 move bugbuzz\n>p2 move ivycudgel\n>p2 switch 2\n>p1 move gigadrain terastallize\n>p2 move earthpower\n>p1 switch 5\n>p1 move toxic\n>p2 move aeroblast\n>p1 move protect\n>p2 switch 6\n>p1 switch 4\n>p2 switch 3\n>p1 move stealthrock\n>p2 move swordsdance\n>p1 move explosion\n>p2 move knockoff\n>p1 switch 2\n>p1 move knockoff\n>p2 move knockoff\n>p2 switch 4\n>p1 move knockoff\n>p2 move dragondance\n>p1 move doubleedge\n>p2 move heatcrash\n>p1 switch 3\n>p1 move dragontail\n>p2 move outrage\n>p1 move dracometeor\n>p2 move shadowball\n>p1 move dragontail\n>p2 move shadowball\n>p1 switch 4\n>p1 move substitute\n>p2 move shadowball\n>p1 move toxic\n>p2 move shadowball\n>p1 move protect\n>p2 move shadowball\n>p1 move substitute\n>p2 move shadowball\n>p1 move protect\n>p2 move shadowball\n>chat \u2606XxN00bM4st3rxX69|bratha ew, whats that, whats that bratha\n>p1 move substitute\n>p2 move shadowball\n>p1 move earthquake\n>p2 move shadowball\n>p2 switch 3\n>p1 move protect\n>p2 move icepunch\n>p1 move substitute\n>p2 move icepunch", "uploadtime": 1733789039, "views": 1, "formatid": "gen9randombattle", "rating": 1353, "private": 0, "password": null}