{"id": "gen9randombattle-2256675097", "format": "[Gen 9] Random Battle", "players": ["MansterView", "Star Wheel"], "log": "|badge|p2|silver|gen9randombattle|30-3\n|uhtml|medal-msg|<div class=\"broadcast-blue\">Curious what those medals under the avatar are? PS now has Ladder Seasons! For more information, check out the <a href=\"https://www.smogon.com/forums/threads/3740067/\">thread on Smogon.</a></div>\n|j|\u2606MansterView\n|j|\u2606Star Wheel\n|t:|1733333438\n|gametype|singles\n|player|p1|MansterView|crasherwake|2193\n|player|p2|Star Wheel|darach-caitlin|2442\n|teamsize|p1|6\n|teamsize|p2|6\n|gen|9\n|tier|[Gen 9] Random Battle\n|rated|\n|rule|Species Clause: Limit one of each Pok\u00e9mon\n|rule|HP Percentage Mod: HP is shown in percentages\n|rule|Sleep Clause Mod: Limit one foe put to sleep\n|rule|Illusion Level Mod: Illusion disguises the Pok\u00e9mon's true level\n|\n|t:|1733333438\n|start\n|switch|p1a: Lunala|Lunala, L70|308/308\n|switch|p2a: Arbok|Arbok, L87, F|246/246\n|-ability|p2a: Arbok|Intimidate|boost\n|-unboost|p1a: Lunala|atk|1\n|turn|1\n|inactive|Battle timer is ON: inactive players will automatically lose when time's up. (requested by Star Wheel)\n|inactive|MansterView also wants the timer to be on.\n|inactive|MansterView has 120 seconds left.\n|\n|t:|1733333468\n|switch|p2a: Wo-Chien|Wo-Chien, L83|277/277\n|-ability|p2a: Wo-Chien|Tablets of Ruin\n|move|p1a: Lunala|Psyshock|p2a: Wo-Chien\n|-immune|p2a: Wo-Chien\n|\n|upkeep\n|turn|2\n|\n|t:|1733333487\n|switch|p1a: Garchomp|Garchomp, L74, M|282/282\n|move|p2a: Wo-Chien|Knock Off|p1a: Garchomp\n|-damage|p1a: Garchomp|189/282\n|-damage|p2a: Wo-Chien|243/277|[from] ability: Rough Skin|[of] p1a: Garchomp\n|-damage|p2a: Wo-Chien|197/277|[from] item: Rocky Helmet|[of] p1a: Garchomp\n|-enditem|p1a: Garchomp|Rocky Helmet|[from] move: Knock Off|[of] p2a: Wo-Chien\n|\n|-heal|p2a: Wo-Chien|214/277|[from] item: Leftovers\n|upkeep\n|turn|3\n|\n|t:|1733333504\n|move|p1a: Garchomp|Spikes|p2a: Wo-Chien\n|-sidestart|p2: Star Wheel|Spikes\n|move|p2a: Wo-Chien|Leech Seed|p1a: Garchomp\n|-start|p1a: Garchomp|move: Leech Seed\n|\n|-heal|p2a: Wo-Chien|231/277|[from] item: Leftovers\n|-damage|p1a: Garchomp|154/282|[from] Leech Seed|[of] p2a: Wo-Chien\n|-heal|p2a: Wo-Chien|266/277|[silent]\n|upkeep\n|turn|4\n|\n|t:|1733333512\n|move|p1a: Garchomp|Spikes|p2a: Wo-Chien\n|-sidestart|p2: Star Wheel|Spikes\n|move|p2a: Wo-Chien|Knock Off|p1a: Garchomp\n|-damage|p1a: Garchomp|84/282\n|-damage|p2a: Wo-Chien|232/277|[from] ability: Rough Skin|[of] p1a: Garchomp\n|\n|-heal|p2a: Wo-Chien|249/277|[from] item: Leftovers\n|-damage|p1a: Garchomp|49/282|[from] Leech Seed|[of] p2a: Wo-Chien\n|-heal|p2a: Wo-Chien|277/277|[silent]\n|upkeep\n|turn|5\n|\n|t:|1733333519\n|move|p1a: Garchomp|Spikes|p2a: Wo-Chien\n|-sidestart|p2: Star Wheel|Spikes\n|move|p2a: Wo-Chien|Ruination|p1a: Garchomp\n|-damage|p1a: Garchomp|25/282\n|\n|-damage|p1a: Garchomp|0 fnt|[from] Leech Seed|[of] p2a: Wo-Chien\n|faint|p1a: Garchomp\n|upkeep\n|inactive|MansterView has 120 seconds left.\n|\n|t:|1733333558\n|switch|p1a: Hitmontop|Hitmontop, L88, M|231/231\n|-ability|p1a: Hitmontop|Intimidate|boost\n|-unboost|p2a: Wo-Chien|atk|1\n|turn|6\n|\n|t:|1733333563\n|switch|p2a: Amoonguss|Amoonguss, L82, M|321/321\n|-damage|p2a: Amoonguss|241/321|[from] Spikes\n|move|p1a: Hitmontop|Close Combat|p2a: Amoonguss\n|-resisted|p2a: Amoonguss\n|-damage|p2a: Amoonguss|151/321\n|-unboost|p1a: Hitmontop|def|1\n|-unboost|p1a: Hitmontop|spd|1\n|-damage|p1a: Hitmontop|193/231|[from] item: Rocky Helmet|[of] p2a: Amoonguss\n|\n|upkeep\n|turn|7\n|\n|t:|1733333575\n|move|p1a: Hitmontop|Stone Edge|p2a: Amoonguss\n|-damage|p2a: Amoonguss|55/321\n|move|p2a: Amoonguss|Spore|p1a: Hitmontop\n|-status|p1a: Hitmontop|slp|[from] move: Spore\n|\n|upkeep\n|turn|8\n|inactive|MansterView has 120 seconds left.\n|inactive|MansterView has 90 seconds left.\n|\n|t:|1733333625\n|switch|p1a: Frosmoth|Frosmoth, L82, M|249/249\n|move|p2a: Amoonguss|Toxic|p1a: Frosmoth\n|-status|p1a: Frosmoth|tox\n|\n|-damage|p1a: Frosmoth|234/249 tox|[from] psn\n|upkeep\n|turn|9\n|inactive|MansterView has 90 seconds left.\n|\n|t:|1733333633\n|switch|p2a: Gurdurr|Gurdurr, L85, F|283/283\n|-damage|p2a: Gurdurr|213/283|[from] Spikes\n|move|p1a: Frosmoth|Quiver Dance|p1a: Frosmoth\n|-boost|p1a: Frosmoth|spa|1\n|-boost|p1a: Frosmoth|spd|1\n|-boost|p1a: Frosmoth|spe|1\n|\n|-damage|p1a: Frosmoth|204/249 tox|[from] psn\n|upkeep\n|turn|10\n|\n|t:|1733333641\n|move|p2a: Gurdurr|Mach Punch|p1a: Frosmoth\n|-damage|p1a: Frosmoth|146/249 tox\n|move|p1a: Frosmoth|Ice Beam|p2a: Gurdurr\n|-damage|p2a: Gurdurr|65/283\n|\n|-damage|p1a: Frosmoth|101/249 tox|[from] psn\n|upkeep\n|turn|11\n|\n|t:|1733333649\n|move|p2a: Gurdurr|Mach Punch|p1a: Frosmoth\n|-damage|p1a: Frosmoth|37/249 tox\n|move|p1a: Frosmoth|Giga Drain|p2a: Gurdurr\n|-damage|p2a: Gurdurr|0 fnt\n|-heal|p1a: Frosmoth|70/249 tox|[from] drain|[of] p2a: Gurdurr\n|faint|p2a: Gurdurr\n|\n|-damage|p1a: Frosmoth|10/249 tox|[from] psn\n|upkeep\n|\n|t:|1733333658\n|switch|p2a: Wo-Chien|Wo-Chien, L83|277/277\n|-damage|p2a: Wo-Chien|208/277|[from] Spikes\n|-ability|p2a: Wo-Chien|Tablets of Ruin\n|turn|12\n|\n|t:|1733333665\n|switch|p1a: Hitmontop|Hitmontop, L88, M|193/231 slp\n|-ability|p1a: Hitmontop|Intimidate|boost\n|-unboost|p2a: Wo-Chien|atk|1\n|move|p2a: Wo-Chien|Leech Seed|p1a: Hitmontop|[miss]\n|-miss|p2a: Wo-Chien|p1a: Hitmontop\n|\n|-heal|p2a: Wo-Chien|225/277|[from] item: Leftovers\n|upkeep\n|turn|13\n|inactive|MansterView has 120 seconds left.\n|\n|t:|1733333673\n|cant|p1a: Hitmontop|slp\n|move|p2a: Wo-Chien|Ruination|p1a: Hitmontop\n|-damage|p1a: Hitmontop|97/231 slp\n|\n|-heal|p2a: Wo-Chien|242/277|[from] item: Leftovers\n|upkeep\n|turn|14\n|\n|t:|1733333682\n|switch|p2a: Dachsbun|Dachsbun, L92, M|254/254\n|-damage|p2a: Dachsbun|191/254|[from] Spikes\n|-curestatus|p1a: Hitmontop|slp|[msg]\n|move|p1a: Hitmontop|Stone Edge|p2a: Dachsbun\n|-crit|p2a: Dachsbun\n|-damage|p2a: Dachsbun|109/254\n|\n|-heal|p2a: Dachsbun|124/254|[from] item: Leftovers\n|upkeep\n|turn|15\n|\n|t:|1733333697\n|switch|p1a: Lunala|Lunala, L70|308/308\n|move|p2a: Dachsbun|Wish|p2a: Dachsbun\n|\n|-heal|p2a: Dachsbun|139/254|[from] item: Leftovers\n|upkeep\n|turn|16\n|inactive|MansterView has 120 seconds left.\n|\n|t:|1733333739\n|switch|p2a: Wo-Chien|Wo-Chien, L83|242/277\n|-damage|p2a: Wo-Chien|173/277|[from] Spikes\n|-ability|p2a: Wo-Chien|Tablets of Ruin\n|move|p1a: Lunala|Calm Mind|p1a: Lunala\n|-boost|p1a: Lunala|spa|1\n|-boost|p1a: Lunala|spd|1\n|\n|-heal|p2a: Wo-Chien|277/277|[from] move: Wish|[wisher] Dachsbun\n|upkeep\n|turn|17\n|\n|t:|1733333752\n|switch|p1a: Hitmontop|Hitmontop, L88, M|97/231\n|-ability|p1a: Hitmontop|Intimidate|boost\n|-unboost|p2a: Wo-Chien|atk|1\n|move|p2a: Wo-Chien|Knock Off|p1a: Hitmontop\n|-resisted|p1a: Hitmontop\n|-damage|p1a: Hitmontop|71/231\n|-enditem|p1a: Hitmontop|Assault Vest|[from] move: Knock Off|[of] p2a: Wo-Chien\n|\n|upkeep\n|turn|18\n|\n|t:|1733333764\n|switch|p2a: Dachsbun|Dachsbun, L92, M|139/254\n|-damage|p2a: Dachsbun|76/254|[from] Spikes\n|move|p1a: Hitmontop|Close Combat|p2a: Dachsbun\n|-resisted|p2a: Dachsbun\n|-damage|p2a: Dachsbun|22/254\n|-unboost|p1a: Hitmontop|def|1\n|-unboost|p1a: Hitmontop|spd|1\n|\n|-heal|p2a: Dachsbun|37/254|[from] item: Leftovers\n|upkeep\n|turn|19\n|\n|t:|1733333777\n|switch|p1a: Lunala|Lunala, L70|308/308\n|move|p2a: Dachsbun|Play Rough|p1a: Lunala\n|-damage|p1a: Lunala|254/308\n|\n|-heal|p2a: Dachsbun|52/254|[from] item: Leftovers\n|-heal|p1a: Lunala|273/308|[from] item: Leftovers\n|upkeep\n|turn|20\n|\n|t:|1733333789\n|move|p2a: Dachsbun|Wish|p2a: Dachsbun\n|move|p1a: Lunala|Calm Mind|p1a: Lunala\n|-boost|p1a: Lunala|spa|1\n|-boost|p1a: Lunala|spd|1\n|\n|-heal|p2a: Dachsbun|67/254|[from] item: Leftovers\n|-heal|p1a: Lunala|292/308|[from] item: Leftovers\n|upkeep\n|turn|21\n|inactive|MansterView has 90 seconds left.\n|\n|t:|1733333809\n|switch|p2a: Wo-Chien|Wo-Chien, L83|277/277\n|-damage|p2a: Wo-Chien|208/277|[from] Spikes\n|-ability|p2a: Wo-Chien|Tablets of Ruin\n|switch|p1a: Bellossom|Bellossom, L84, M|263/263\n|\n|-heal|p2a: Wo-Chien|277/277|[from] move: Wish|[wisher] Dachsbun\n|upkeep\n|turn|22\n|\n|t:|1733333827\n|move|p2a: Wo-Chien|Ruination|p1a: Bellossom\n|-damage|p1a: Bellossom|132/263\n|move|p1a: Bellossom|Quiver Dance|p1a: Bellossom\n|-boost|p1a: Bellossom|spa|1\n|-boost|p1a: Bellossom|spd|1\n|-boost|p1a: Bellossom|spe|1\n|\n|-heal|p1a: Bellossom|148/263|[from] item: Leftovers\n|upkeep\n|turn|23\n|\n|t:|1733333843\n|move|p1a: Bellossom|Quiver Dance|p1a: Bellossom\n|-boost|p1a: Bellossom|spa|1\n|-boost|p1a: Bellossom|spd|1\n|-boost|p1a: Bellossom|spe|1\n|move|p2a: Wo-Chien|Knock Off|p1a: Bellossom\n|-damage|p1a: Bellossom|63/263\n|-enditem|p1a: Bellossom|Leftovers|[from] move: Knock Off|[of] p2a: Wo-Chien\n|\n|upkeep\n|turn|24\n|\n|t:|1733333850\n|move|p1a: Bellossom|Strength Sap|p2a: Wo-Chien\n|-unboost|p2a: Wo-Chien|atk|1\n|-heal|p1a: Bellossom|252/263\n|move|p2a: Wo-Chien|Ruination|p1a: Bellossom\n|-damage|p1a: Bellossom|126/263\n|\n|upkeep\n|turn|25\n|\n|t:|1733333873\n|switch|p2a: Amoonguss|Amoonguss, L82, M|162/321\n|-damage|p2a: Amoonguss|82/321|[from] Spikes\n|move|p1a: Bellossom|Sludge Bomb|p2a: Amoonguss\n|-damage|p2a: Amoonguss|0 fnt\n|faint|p2a: Amoonguss\n|\n|upkeep\n|\n|t:|1733333877\n|switch|p2a: Arbok|Arbok, L87, F|246/246\n|-damage|p2a: Arbok|185/246|[from] Spikes\n|-ability|p2a: Arbok|Intimidate|boost\n|-unboost|p1a: Bellossom|atk|1\n|turn|26\n|\n|t:|1733333893\n|move|p1a: Bellossom|Strength Sap|p2a: Arbok\n|-unboost|p2a: Arbok|atk|1\n|-heal|p1a: Bellossom|263/263\n|move|p2a: Arbok|Earthquake|p1a: Bellossom\n|-resisted|p1a: Bellossom\n|-damage|p1a: Bellossom|233/263\n|-damage|p2a: Arbok|161/246|[from] item: Life Orb\n|\n|upkeep\n|turn|27\n|inactive|MansterView has 90 seconds left.\n|\n|t:|1733333916\n|move|p1a: Bellossom|Strength Sap|p2a: Arbok\n|-unboost|p2a: Arbok|atk|1\n|-heal|p1a: Bellossom|263/263\n|move|p2a: Arbok|Gunk Shot|p1a: Bellossom\n|-supereffective|p1a: Bellossom\n|-damage|p1a: Bellossom|97/263\n|-damage|p2a: Arbok|137/246|[from] item: Life Orb\n|\n|upkeep\n|turn|28\n|inactive|Star Wheel has 120 seconds left.\n|\n|t:|1733333948\n|move|p1a: Bellossom|Strength Sap|p2a: Arbok\n|-unboost|p2a: Arbok|atk|1\n|-heal|p1a: Bellossom|204/263\n|move|p2a: Arbok|Gunk Shot|p1a: Bellossom\n|-supereffective|p1a: Bellossom\n|-damage|p1a: Bellossom|77/263\n|-damage|p2a: Arbok|113/246|[from] item: Life Orb\n|\n|upkeep\n|turn|29\n|\n|t:|1733333965\n|move|p1a: Bellossom|Strength Sap|p2a: Arbok\n|-unboost|p2a: Arbok|atk|1\n|-heal|p1a: Bellossom|163/263\n|move|p2a: Arbok|Gunk Shot|p1a: Bellossom|[miss]\n|-miss|p2a: Arbok|p1a: Bellossom\n|\n|upkeep\n|turn|30\n|\n|t:|1733333971\n|move|p1a: Bellossom|Giga Drain|p2a: Arbok\n|-resisted|p2a: Arbok\n|-damage|p2a: Arbok|39/246\n|-heal|p1a: Bellossom|200/263|[from] drain|[of] p2a: Arbok\n|move|p2a: Arbok|Gunk Shot|p1a: Bellossom|[miss]\n|-miss|p2a: Arbok|p1a: Bellossom\n|\n|upkeep\n|turn|31\n|-message|Star Wheel forfeited.\n|\n|win|MansterView\n|raw|MansterView's rating: 2193 &rarr; <strong>2225</strong><br />(+32 for winning)\n|raw|Star Wheel's rating: 2442 &rarr; <strong>2410</strong><br />(-32 for losing)\n|l|\u2606Star Wheel\n|player|p2|\n", "inputlog": ">version b68fc72b24b798c94c2f551dd6da5969d147373c\n>start {\"formatid\":\"gen9randombattle\",\"seed\":[64564,64026,54474,34571],\"rated\":\"Rated battle\"}\n>player p1 {\"name\":\"MansterView\",\"avatar\":\"crasherwake\",\"rating\":2193,\"seed\":[40491,56510,33713,28913]}\n>player p2 {\"name\":\"Star Wheel\",\"avatar\":\"darach-caitlin\",\"rating\":2442,\"seed\":[20507,25827,46307,48524]}\n>p1 move psyshock\n>p2 switch 4\n>p1 switch 6\n>p2 move knockoff\n>p1 move spikes\n>p2 move leechseed\n>p1 move spikes\n>p2 move knockoff\n>p1 move spikes\n>p2 move ruination\n>p1 switch 3\n>p1 move closecombat\n>p2 switch 5\n>p1 move stoneedge\n>p2 move spore\n>p1 switch 4\n>p2 move toxic\n>p1 move quiverdance\n>p2 switch 6\n>p1 move icebeam\n>p2 move machpunch\n>p1 move gigadrain\n>p2 move machpunch\n>p2 switch 5\n>p1 switch 4\n>p2 move leechseed\n>p1 move rapidspin\n>p2 move ruination\n>p1 move stoneedge\n>p2 switch 2\n>p1 switch 6\n>p2 move wish\n>p1 move calmmind\n>p2 switch 2\n>p1 switch 6\n>p2 move knockoff\n>p1 move closecombat\n>p2 switch 2\n>p1 switch 6\n>p2 move playrough\n>p1 move calmmind\n>p2 move wish\n>p1 switch 2\n>p2 switch 2\n>p1 move quiverdance\n>p2 move ruination\n>p1 move quiverdance\n>p2 move knockoff\n>p1 move strengthsap\n>p2 move ruination\n>p1 move sludgebomb\n>p2 switch 6\n>p2 switch 4\n>p1 move strengthsap\n>p2 move earthquake\n>p1 move strengthsap\n>p2 move gunkshot\n>p1 move strengthsap\n>p2 move gunkshot\n>p1 move strengthsap\n>p2 move gunkshot\n>p1 move gigadrain\n>p2 move gunkshot\n>forcelose p2", "uploadtime": 1733333982, "views": 7, "formatid": "gen9randombattle", "rating": 2225, "private": 0, "password": null}