{"id": "gen9randombattle-2140075994", "format": "[Gen 9] Random Battle", "players": ["lord death man", "BillyFan302"], "log": "|j|\u2606lord death man\n|j|\u2606BillyFan302\n|t:|1717957454\n|gametype|singles\n|player|p1|lord death man|nurse|2302\n|player|p2|BillyFan302|skier-gen2|2322\n|teamsize|p1|6\n|teamsize|p2|6\n|gen|9\n|tier|[Gen 9] Random Battle\n|rated|\n|rule|Species Clause: Limit one of each Pok\u00e9mon\n|rule|HP Percentage Mod: HP is shown in percentages\n|rule|Sleep Clause Mod: Limit one foe put to sleep\n|rule|Illusion Level Mod: Illusion disguises the Pok\u00e9mon's true level\n|\n|t:|1717957454\n|start\n|switch|p1a: Cinderace|Cinderace, L77, M|249/249\n|switch|p2a: Armarouge|Armarouge, L81, M|270/270\n|turn|1\n|\n|t:|1717957490\n|switch|p1a: Araquanid|Araquanid, L82, M|246/246\n|move|p2a: Armarouge|Meteor Beam||[still]\n|-prepare|p2a: Armarouge|Meteor Beam\n|-boost|p2a: Armarouge|spa|1\n|-enditem|p2a: Armarouge|Power Herb\n|-anim|p2a: Armarouge|Meteor Beam|p1a: Araquanid\n|-supereffective|p1a: Araquanid\n|-damage|p1a: Araquanid|22/246\n|\n|upkeep\n|turn|2\n|\n|t:|1717957504\n|move|p2a: Armarouge|Psyshock|p1a: Araquanid\n|-damage|p1a: Araquanid|0 fnt\n|faint|p1a: Araquanid\n|\n|upkeep\n|\n|t:|1717957513\n|switch|p1a: Dunsparce|Dunsparce, L86, M|312/312\n|turn|3\n|\n|t:|1717957530\n|move|p2a: Armarouge|Armor Cannon|p1a: Dunsparce\n|-damage|p1a: Dunsparce|131/312\n|-unboost|p2a: Armarouge|def|1\n|-unboost|p2a: Armarouge|spd|1\n|move|p1a: Dunsparce|Body Slam|p2a: Armarouge\n|-damage|p2a: Armarouge|162/270\n|-status|p2a: Armarouge|par\n|-ability|p2a: Armarouge|Weak Armor|boost\n|-unboost|p2a: Armarouge|def|1\n|-boost|p2a: Armarouge|spe|2\n|\n|upkeep\n|turn|4\n|\n|t:|1717957557\n|move|p2a: Armarouge|Armor Cannon|p1a: Dunsparce\n|-damage|p1a: Dunsparce|0 fnt\n|-unboost|p2a: Armarouge|def|1\n|-unboost|p2a: Armarouge|spd|1\n|faint|p1a: Dunsparce\n|\n|upkeep\n|\n|t:|1717957563\n|switch|p1a: Calyrex|Calyrex-Shadow, L64|235/235\n|-ability|p1a: Calyrex|As One\n|-ability|p1a: Calyrex|Unnerve\n|turn|5\n|\n|t:|1717957570\n|switch|p2a: Persian|Persian, L92, F|269/269\n|move|p1a: Calyrex|Astral Barrage|p2a: Persian\n|-immune|p2a: Persian\n|\n|upkeep\n|turn|6\n|\n|t:|1717957582\n|switch|p1a: Cacturne|Cacturne, L92, F|278/278\n|move|p2a: Persian|Knock Off|p1a: Cacturne\n|-resisted|p1a: Cacturne\n|-damage|p1a: Cacturne|238/278\n|-enditem|p1a: Cacturne|Life Orb|[from] move: Knock Off|[of] p2a: Persian\n|\n|upkeep\n|turn|7\n|\n|t:|1717957587\n|move|p2a: Persian|U-turn|p1a: Cacturne\n|-supereffective|p1a: Cacturne\n|-damage|p1a: Cacturne|30/278\n|\n|t:|1717957591\n|switch|p2a: Enamorus|Enamorus-Therian, L83, F|259/259|[from] U-turn\n|move|p1a: Cacturne|Knock Off|p2a: Enamorus\n|-resisted|p2a: Enamorus\n|-damage|p2a: Enamorus|205/259\n|-enditem|p2a: Enamorus|Weakness Policy|[from] move: Knock Off|[of] p1a: Cacturne\n|\n|upkeep\n|turn|8\n|\n|t:|1717957604\n|move|p1a: Cacturne|Leaf Storm|p2a: Enamorus\n|-resisted|p2a: Enamorus\n|-damage|p2a: Enamorus|120/259\n|-unboost|p1a: Cacturne|spa|2\n|move|p2a: Enamorus|Agility|p2a: Enamorus\n|-boost|p2a: Enamorus|spe|2\n|\n|upkeep\n|turn|9\n|\n|t:|1717957610\n|move|p1a: Cacturne|Sucker Punch|p2a: Enamorus\n|-resisted|p2a: Enamorus\n|-damage|p2a: Enamorus|79/259\n|move|p2a: Enamorus|Moonblast|p1a: Cacturne\n|-supereffective|p1a: Cacturne\n|-damage|p1a: Cacturne|0 fnt\n|faint|p1a: Cacturne\n|\n|upkeep\n|\n|t:|1717957613\n|switch|p1a: Lucario|Lucario, L84, F|255/255\n|turn|10\n|\n|t:|1717957647\n|-terastallize|p2a: Enamorus|Ground\n|-terastallize|p1a: Lucario|Normal\n|move|p1a: Lucario|Extreme Speed|p2a: Enamorus\n|-damage|p2a: Enamorus|0 fnt\n|faint|p2a: Enamorus\n|\n|upkeep\n|\n|t:|1717957657\n|switch|p2a: Persian|Persian, L92, F|269/269\n|turn|11\n|\n|t:|1717957659\n|move|p2a: Persian|Fake Out|p1a: Lucario\n|-crit|p1a: Lucario\n|-damage|p1a: Lucario|122/255\n|cant|p1a: Lucario|flinch\n|\n|upkeep\n|turn|12\n|\n|t:|1717957678\n|move|p1a: Lucario|Extreme Speed|p2a: Persian\n|-damage|p2a: Persian|110/269\n|move|p2a: Persian|Double-Edge|p1a: Lucario\n|-damage|p1a: Lucario|0 fnt\n|faint|p1a: Lucario\n|-damage|p2a: Persian|70/269|[from] Recoil\n|\n|upkeep\n|\n|t:|1717957681\n|switch|p1a: Cinderace|Cinderace, L77, M|249/249\n|turn|13\n|\n|t:|1717957684\n|switch|p2a: Armarouge|Armarouge, L81, M|162/270 par\n|move|p1a: Cinderace|Pyro Ball|p2a: Armarouge\n|-resisted|p2a: Armarouge\n|-damage|p2a: Armarouge|71/270 par\n|-ability|p2a: Armarouge|Weak Armor|boost\n|-unboost|p2a: Armarouge|def|1\n|-boost|p2a: Armarouge|spe|2\n|\n|upkeep\n|turn|14\n|\n|t:|1717957689\n|move|p1a: Cinderace|Pyro Ball|p2a: Armarouge\n|-resisted|p2a: Armarouge\n|-damage|p2a: Armarouge|0 fnt\n|faint|p2a: Armarouge\n|\n|upkeep\n|\n|t:|1717957691\n|switch|p2a: Keldeo|Keldeo-Resolute, L79|273/273\n|turn|15\n|\n|t:|1717957715\n|switch|p1a: Calyrex|Calyrex-Shadow, L64|235/235\n|-ability|p1a: Calyrex|As One\n|-ability|p1a: Calyrex|Unnerve\n|move|p2a: Keldeo|Hydro Pump|p1a: Calyrex\n|-damage|p1a: Calyrex|82/235\n|\n|upkeep\n|turn|16\n|\n|t:|1717957721\n|move|p1a: Calyrex|Psyshock|p2a: Keldeo\n|-supereffective|p2a: Keldeo\n|-damage|p2a: Keldeo|62/273\n|-damage|p1a: Calyrex|59/235|[from] item: Life Orb\n|move|p2a: Keldeo|Hydro Pump|p1a: Calyrex\n|-damage|p1a: Calyrex|0 fnt\n|faint|p1a: Calyrex\n|\n|-heal|p2a: Keldeo|79/273|[from] item: Leftovers\n|upkeep\n|\n|t:|1717957725\n|switch|p1a: Cinderace|Cinderace, L77, M|249/249\n|turn|17\n|\n|t:|1717957727\n|move|p1a: Cinderace|Pyro Ball|p2a: Keldeo\n|-resisted|p2a: Keldeo\n|-damage|p2a: Keldeo|0 fnt\n|faint|p2a: Keldeo\n|\n|upkeep\n|\n|t:|1717957730\n|switch|p2a: Persian|Persian, L92, F|70/269\n|turn|18\n|\n|t:|1717957746\n|move|p2a: Persian|Fake Out|p1a: Cinderace\n|-damage|p1a: Cinderace|170/249\n|cant|p1a: Cinderace|flinch\n|\n|upkeep\n|turn|19\n|\n|t:|1717957755\n|move|p2a: Persian|Double-Edge|p1a: Cinderace\n|-damage|p1a: Cinderace|0 fnt\n|faint|p1a: Cinderace\n|-damage|p2a: Persian|14/269|[from] Recoil\n|\n|win|BillyFan302\n|raw|lord death man's rating: 2302 &rarr; <strong>2283</strong><br />(-19 for losing)\n|raw|BillyFan302's rating: 2322 &rarr; <strong>2341</strong><br />(+19 for winning)\n", "inputlog": ">version e046c5ea766451ca9500a73fe72ec774e92e6f7e\n>start {\"formatid\":\"gen9randombattle\",\"seed\":[956,7959,50219,36263],\"rated\":\"Rated battle\"}\n>player p1 {\"name\":\"lord death man\",\"avatar\":\"nurse\",\"rating\":2302,\"seed\":[53419,7439,18774,22116]}\n>player p2 {\"name\":\"BillyFan302\",\"avatar\":\"skier-gen2\",\"rating\":2322,\"seed\":[14155,27885,23861,23713]}\n>p1 switch 3\n>p2 move meteorbeam\n>p1 move stickyweb\n>p2 move psyshock\n>p1 switch 4\n>p1 move bodyslam\n>p2 move armorcannon\n>p1 move earthquake\n>p2 move armorcannon\n>p1 switch 6\n>p1 move astralbarrage\n>p2 switch 4\n>p1 switch 5\n>p2 move knockoff\n>p1 move knockoff\n>p2 move uturn\n>p2 switch 3\n>p1 move leafstorm\n>p2 move agility\n>p1 move suckerpunch\n>p2 move moonblast\n>p1 switch 2\n>p1 move extremespeed terastallize\n>p2 move earthpower terastallize\n>p2 switch 3\n>p1 move extremespeed\n>p2 move fakeout\n>p1 move extremespeed\n>p2 move doubleedge\n>p1 switch 3\n>p1 move pyroball\n>p2 switch 4\n>p1 move pyroball\n>p2 move psyshock\n>p2 switch 2\n>p1 switch 5\n>p2 move hydropump\n>p1 move psyshock\n>p2 move hydropump\n>p1 switch 5\n>p1 move pyroball\n>p2 move hydropump\n>p2 switch 4\n>p1 move pyroball\n>p2 move fakeout\n>p1 move pyroball\n>p2 move doubleedge", "uploadtime": 1717957758, "views": 193, "formatid": "gen9randombattle", "rating": 2283, "private": 0, "password": null}