{"id": "gen9randombattle-2260483296", "format": "[Gen 9] Random Battle", "players": ["cc126", "keebundt"], "log": "|j|\u203dcc126\n|j|\u2606keebundt\n|t:|1733855974\n|gametype|singles\n|player|p1|cc126|acetrainer-gen4|1733\n|player|p2|keebundt|ethan|1765\n|teamsize|p1|6\n|teamsize|p2|6\n|gen|9\n|tier|[Gen 9] Random Battle\n|rated|\n|rule|Species Clause: Limit one of each Pok\u00e9mon\n|rule|HP Percentage Mod: HP is shown in percentages\n|rule|Sleep Clause Mod: Limit one foe put to sleep\n|rule|Illusion Level Mod: Illusion disguises the Pok\u00e9mon's true level\n|\n|t:|1733855974\n|start\n|switch|p1a: Corviknight|Corviknight, L80, F|288/288\n|switch|p2a: Amoonguss|Amoonguss, L82, F|321/321\n|-ability|p1a: Corviknight|Pressure\n|turn|1\n|inactive|Battle timer is ON: inactive players will automatically lose when time's up. (requested by keebundt)\n|inactive|cc126 also wants the timer to be on.\n|inactive|keebundt has 120 seconds left.\n|\n|t:|1733856007\n|switch|p2a: Clawitzer|Clawitzer, L87, F|265/265\n|move|p1a: Corviknight|Brave Bird|p2a: Clawitzer\n|-damage|p2a: Clawitzer|162/265\n|-damage|p1a: Corviknight|254/288|[from] Recoil\n|\n|-heal|p1a: Corviknight|272/288|[from] item: Leftovers\n|upkeep\n|turn|2\n|\n|t:|1733856012\n|move|p1a: Corviknight|U-turn|p2a: Clawitzer\n|-damage|p2a: Clawitzer|122/265\n|\n|t:|1733856019\n|switch|p1a: Phione|Phione, L91|293/293|[from] U-turn\n|move|p2a: Clawitzer|Water Pulse|p1a: Phione\n|-resisted|p1a: Phione\n|-damage|p1a: Phione|208/293\n|-start|p1a: Phione|confusion\n|\n|-heal|p1a: Phione|226/293|[from] item: Leftovers\n|upkeep\n|turn|3\n|\n|t:|1733856031\n|switch|p2a: Amoonguss|Amoonguss, L82, F|321/321\n|-activate|p1a: Phione|confusion\n|move|p1a: Phione|Take Heart|p1a: Phione\n|-boost|p1a: Phione|spa|1\n|-boost|p1a: Phione|spd|1\n|\n|-heal|p1a: Phione|244/293|[from] item: Leftovers\n|upkeep\n|turn|4\n|\n|t:|1733856037\n|-activate|p1a: Phione|confusion\n|-damage|p1a: Phione|221/293|[from] confusion\n|move|p2a: Amoonguss|Spore|p1a: Phione\n|-status|p1a: Phione|slp|[from] move: Spore\n|\n|-heal|p1a: Phione|239/293 slp|[from] item: Leftovers\n|upkeep\n|turn|5\n|\n|t:|1733856040\n|cant|p1a: Phione|slp\n|-activate|p1a: Phione|confusion\n|move|p1a: Phione|Sleep Talk|p1a: Phione\n|move|p1a: Phione|Scald|p2a: Amoonguss|[from]move: Sleep Talk\n|-resisted|p2a: Amoonguss\n|-damage|p2a: Amoonguss|246/321\n|move|p2a: Amoonguss|Giga Drain|p1a: Phione\n|-supereffective|p1a: Phione\n|-damage|p1a: Phione|153/293 slp\n|-heal|p2a: Amoonguss|289/321|[from] drain|[of] p1a: Phione\n|\n|-heal|p1a: Phione|171/293 slp|[from] item: Leftovers\n|-heal|p2a: Amoonguss|309/321|[from] item: Leftovers\n|upkeep\n|turn|6\n|\n|t:|1733856053\n|switch|p2a: Froslass|Froslass, L87, F|263/263\n|-curestatus|p1a: Phione|slp|[msg]\n|-activate|p1a: Phione|confusion\n|move|p1a: Phione|Sleep Talk||[still]\n|-fail|p1a: Phione\n|\n|-heal|p1a: Phione|189/293|[from] item: Leftovers\n|upkeep\n|turn|7\n|\n|t:|1733856064\n|move|p2a: Froslass|Taunt|p1a: Phione\n|-start|p1a: Phione|move: Taunt\n|cant|p1a: Phione|move: Taunt|Rest\n|\n|-heal|p1a: Phione|207/293|[from] item: Leftovers\n|upkeep\n|turn|8\n|\n|t:|1733856066\n|move|p2a: Froslass|Poltergeist|p1a: Phione\n|-activate|p1a: Phione|move: Poltergeist|Leftovers\n|-damage|p1a: Phione|102/293\n|-end|p1a: Phione|confusion\n|move|p1a: Phione|Scald|p2a: Froslass\n|-damage|p2a: Froslass|122/263\n|\n|-heal|p1a: Phione|120/293|[from] item: Leftovers\n|upkeep\n|turn|9\n|\n|t:|1733856071\n|move|p2a: Froslass|Poltergeist|p1a: Phione\n|-activate|p1a: Phione|move: Poltergeist|Leftovers\n|-damage|p1a: Phione|21/293\n|move|p1a: Phione|Scald|p2a: Froslass\n|-damage|p2a: Froslass|0 fnt\n|faint|p2a: Froslass\n|\n|-heal|p1a: Phione|39/293|[from] item: Leftovers\n|-end|p1a: Phione|move: Taunt\n|upkeep\n|\n|t:|1733856078\n|switch|p2a: Eternatus|Eternatus, L69|308/308\n|-ability|p2a: Eternatus|Pressure\n|turn|10\n|\n|t:|1733856082\n|move|p2a: Eternatus|Dynamax Cannon|p1a: Phione\n|-damage|p1a: Phione|0 fnt\n|faint|p1a: Phione\n|\n|upkeep\n|\n|t:|1733856089\n|switch|p1a: Masquerain|Masquerain, L87, M|264/264\n|-ability|p1a: Masquerain|Intimidate|boost\n|-unboost|p2a: Eternatus|atk|1\n|turn|11\n|\n|t:|1733856093\n|move|p2a: Eternatus|Fire Blast|p1a: Masquerain\n|-supereffective|p1a: Masquerain\n|-damage|p1a: Masquerain|124/264\n|move|p1a: Masquerain|Quiver Dance|p1a: Masquerain\n|-boost|p1a: Masquerain|spa|1\n|-boost|p1a: Masquerain|spd|1\n|-boost|p1a: Masquerain|spe|1\n|\n|upkeep\n|turn|12\n|\n|t:|1733856104\n|move|p1a: Masquerain|Hurricane|p2a: Eternatus\n|-damage|p2a: Eternatus|89/308\n|move|p2a: Eternatus|Fire Blast|p1a: Masquerain\n|-supereffective|p1a: Masquerain\n|-damage|p1a: Masquerain|24/264\n|\n|-heal|p2a: Eternatus|108/308|[from] item: Leftovers\n|upkeep\n|turn|13\n|\n|t:|1733856110\n|switch|p2a: Noctowl|Noctowl, L95, F|344/344\n|move|p1a: Masquerain|Hurricane|p2a: Noctowl\n|-damage|p2a: Noctowl|184/344\n|\n|upkeep\n|turn|14\n|\n|t:|1733856113\n|move|p1a: Masquerain|Hurricane|p2a: Noctowl\n|-damage|p2a: Noctowl|36/344\n|move|p2a: Noctowl|Hyper Voice|p1a: Masquerain\n|-damage|p1a: Masquerain|0 fnt\n|faint|p1a: Masquerain\n|\n|upkeep\n|\n|t:|1733856120\n|switch|p1a: Typhlosion|Typhlosion, L84, M|267/267\n|turn|15\n|inactive|keebundt has 120 seconds left.\n|\n|t:|1733856152\n|move|p1a: Typhlosion|Eruption|p2a: Noctowl\n|-crit|p2a: Noctowl\n|-damage|p2a: Noctowl|0 fnt\n|faint|p2a: Noctowl\n|\n|upkeep\n|\n|t:|1733856156\n|switch|p2a: Diancie|Diancie, L82|216/216\n|turn|16\n|\n|t:|1733856166\n|switch|p1a: Corviknight|Corviknight, L80, F|272/288\n|-ability|p1a: Corviknight|Pressure\n|move|p2a: Diancie|Diamond Storm|p1a: Corviknight\n|-damage|p1a: Corviknight|169/288\n|\n|-heal|p1a: Corviknight|187/288|[from] item: Leftovers\n|upkeep\n|turn|17\n|\n|t:|1733856180\n|move|p1a: Corviknight|Roost|p1a: Corviknight\n|-heal|p1a: Corviknight|288/288\n|-singleturn|p1a: Corviknight|move: Roost\n|move|p2a: Diancie|Diamond Storm|p1a: Corviknight\n|-resisted|p1a: Corviknight\n|-damage|p1a: Corviknight|244/288\n|\n|-heal|p1a: Corviknight|262/288|[from] item: Leftovers\n|upkeep\n|turn|18\n|\n|t:|1733856185\n|switch|p1a: Goodra|Goodra-Hisui, L82, F|265/265\n|move|p2a: Diancie|Diamond Storm|p1a: Goodra\n|-resisted|p1a: Goodra\n|-damage|p1a: Goodra|216/265\n|\n|upkeep\n|turn|19\n|\n|t:|1733856196\n|switch|p2a: Amoonguss|Amoonguss, L82, F|321/321\n|move|p1a: Goodra|Heavy Slam|p2a: Amoonguss\n|-damage|p2a: Amoonguss|176/321\n|\n|-heal|p2a: Amoonguss|196/321|[from] item: Leftovers\n|upkeep\n|turn|20\n|\n|t:|1733856206\n|switch|p1a: Venusaur|Venusaur, L84, F|272/272\n|switch|p2a: Eternatus|Eternatus, L69|108/308\n|-ability|p2a: Eternatus|Pressure\n|\n|-heal|p2a: Eternatus|127/308|[from] item: Leftovers\n|upkeep\n|turn|21\n|\n|t:|1733856209\n|move|p2a: Eternatus|Recover|p2a: Eternatus\n|-heal|p2a: Eternatus|281/308\n|move|p1a: Venusaur|Knock Off|p2a: Eternatus\n|-damage|p2a: Eternatus|215/308\n|-enditem|p2a: Eternatus|Leftovers|[from] move: Knock Off|[of] p1a: Venusaur\n|\n|upkeep\n|turn|22\n|\n|t:|1733856224\n|move|p2a: Eternatus|Fire Blast|p1a: Venusaur|[miss]\n|-miss|p2a: Eternatus|p1a: Venusaur\n|move|p1a: Venusaur|Energy Ball|p2a: Eternatus\n|-resisted|p2a: Eternatus\n|-damage|p2a: Eternatus|185/308\n|\n|upkeep\n|turn|23\n|\n|t:|1733856231\n|move|p2a: Eternatus|Recover|p2a: Eternatus\n|-heal|p2a: Eternatus|308/308\n|move|p1a: Venusaur|Knock Off|p2a: Eternatus\n|-damage|p2a: Eternatus|264/308\n|\n|upkeep\n|turn|24\n|\n|t:|1733856237\n|switch|p1a: Goodra|Goodra-Hisui, L82, F|216/265\n|move|p2a: Eternatus|Fire Blast|p1a: Goodra\n|-damage|p1a: Goodra|183/265\n|\n|upkeep\n|turn|25\n|\n|t:|1733856243\n|move|p2a: Eternatus|Dynamax Cannon|p1a: Goodra\n|-damage|p1a: Goodra|141/265\n|move|p1a: Goodra|Heavy Slam|p2a: Eternatus\n|-damage|p2a: Eternatus|216/308\n|\n|upkeep\n|turn|26\n|\n|t:|1733856248\n|move|p2a: Eternatus|Recover|p2a: Eternatus\n|-heal|p2a: Eternatus|308/308\n|move|p1a: Goodra|Draco Meteor|p2a: Eternatus\n|-supereffective|p2a: Eternatus\n|-damage|p2a: Eternatus|0 fnt\n|-unboost|p1a: Goodra|spa|2\n|faint|p2a: Eternatus\n|\n|upkeep\n|\n|t:|1733856255\n|switch|p2a: Clawitzer|Clawitzer, L87, F|122/265\n|turn|27\n|\n|t:|1733856261\n|switch|p1a: Venusaur|Venusaur, L84, F|272/272\n|move|p2a: Clawitzer|Dark Pulse|p1a: Venusaur\n|-damage|p1a: Venusaur|130/272\n|\n|-heal|p1a: Venusaur|147/272|[from] item: Leftovers\n|upkeep\n|turn|28\n|\n|t:|1733856267\n|switch|p2a: Amoonguss|Amoonguss, L82, F|303/321\n|move|p1a: Venusaur|Synthesis|p1a: Venusaur\n|-heal|p1a: Venusaur|272/272\n|\n|-heal|p2a: Amoonguss|321/321|[from] item: Leftovers\n|upkeep\n|turn|29\n|\n|t:|1733856272\n|move|p1a: Venusaur|Knock Off|p2a: Amoonguss\n|-damage|p2a: Amoonguss|250/321\n|-enditem|p2a: Amoonguss|Leftovers|[from] move: Knock Off|[of] p1a: Venusaur\n|move|p2a: Amoonguss|Sludge Bomb|p1a: Venusaur\n|-damage|p1a: Venusaur|196/272\n|\n|-heal|p1a: Venusaur|213/272|[from] item: Leftovers\n|upkeep\n|turn|30\n|-message|keebundt forfeited.\n|\n|win|cc126\n|raw|cc126's rating: 1715 &rarr; <strong>1738</strong><br />(+23 for winning)\n|raw|keebundt's rating: 1765 &rarr; <strong>1742</strong><br />(-23 for losing)\n|l|\u2606keebundt\n|player|p2|\n", "inputlog": ">version bfd83cad13791eb5a5a409923076391caf6fb4d4\n>start {\"formatid\":\"gen9randombattle\",\"seed\":[64317,13451,38758,57920],\"rated\":\"Rated battle\"}\n>player p1 {\"name\":\"cc126\",\"avatar\":\"acetrainer-gen4\",\"rating\":1733,\"seed\":[61600,15233,45038,62190]}\n>player p2 {\"name\":\"keebundt\",\"avatar\":\"ethan\",\"rating\":1765,\"seed\":[50360,32382,29817,20519]}\n>p1 move bravebird\n>p2 switch 4\n>p1 move uturn\n>p2 move waterpulse\n>p1 switch 2\n>p1 move takeheart\n>p2 switch 4\n>p1 move sleeptalk\n>p2 move spore\n>p1 move sleeptalk\n>p2 move gigadrain\n>p1 move sleeptalk\n>p2 switch 6\n>p1 move rest\n>p2 move taunt\n>p1 move scald\n>p2 move poltergeist\n>p1 move scald\n>p2 move poltergeist\n>p2 switch 3\n>p1 move rest\n>p2 move dynamaxcannon\n>p1 switch 4\n>p1 move quiverdance\n>p2 move fireblast\n>p1 move hurricane\n>p2 move fireblast\n>p1 move hurricane\n>p2 switch 5\n>p1 move hurricane\n>p2 move hypervoice\n>p1 switch 6\n>p1 move eruption\n>p2 move hurricane\n>p2 switch 2\n>p1 switch 2\n>p2 move diamondstorm\n>p1 move roost\n>p2 move diamondstorm\n>p1 switch 5\n>p2 move diamondstorm\n>p1 move heavyslam\n>p2 switch 6\n>p1 switch 3\n>p2 switch 5\n>p1 move knockoff\n>p2 move recover\n>p1 move energyball\n>p2 move fireblast\n>p1 move knockoff\n>p2 move recover\n>p1 switch 3\n>p2 move fireblast\n>p1 move heavyslam\n>p2 move dynamaxcannon\n>p1 move dracometeor\n>p2 move recover\n>p2 switch 4\n>p1 switch 3\n>p2 move darkpulse\n>p1 move synthesis\n>p2 switch 5\n>p1 move knockoff\n>p2 move sludgebomb\n>forcelose p2", "uploadtime": 1733856278, "views": 1, "formatid": "gen9randombattle", "rating": 1738, "private": 0, "password": null}