{"id": "gen9randombattle-2234472658", "format": "[Gen 9] Random Battle", "players": ["Qiuescent", "LT_Alt1"], "log": "|badge|p2|bronze|gen9randombattle|100-3\n|uhtml|medal-msg|<div class=\"broadcast-blue\">Curious what those medals under the avatar are? PS now has Ladder Seasons! For more information, check out the <a href=\"https://www.smogon.com/forums/threads/3740067/\">thread on Smogon.</a></div>\n|j|\u203dQiuescent\n|j|\u203dLT_Alt1\n|t:|1730342959\n|gametype|singles\n|player|p1|Qiuescent|1|2258\n|player|p2|LT_Alt1|266|2324\n|teamsize|p1|6\n|teamsize|p2|6\n|gen|9\n|tier|[Gen 9] Random Battle\n|rated|\n|rule|Species Clause: Limit one of each Pok\u00e9mon\n|rule|HP Percentage Mod: HP is shown in percentages\n|rule|Sleep Clause Mod: Limit one foe put to sleep\n|rule|Illusion Level Mod: Illusion disguises the Pok\u00e9mon's true level\n|\n|t:|1730342959\n|start\n|switch|p1a: Ogerpon|Ogerpon-Cornerstone, L76, F|247/247\n|switch|p2a: Zekrom|Zekrom, L71|259/259\n|-ability|p2a: Zekrom|Teravolt\n|turn|1\n|inactive|Battle timer is ON: inactive players will automatically lose when time's up. (requested by Qiuescent)\n|\n|t:|1730342975\n|move|p1a: Ogerpon|Ivy Cudgel|p2a: Zekrom|[anim] Ivy Cudgel Rock\n|-crit|p2a: Zekrom\n|-damage|p2a: Zekrom|87/259\n|move|p2a: Zekrom|Dragon Dance|p2a: Zekrom\n|-boost|p2a: Zekrom|atk|1\n|-boost|p2a: Zekrom|spe|1\n|\n|-heal|p2a: Zekrom|103/259|[from] item: Leftovers\n|upkeep\n|turn|2\n|\n|t:|1730342982\n|switch|p1a: Hitmontop|Hitmontop, L88, M|231/231\n|-ability|p1a: Hitmontop|Intimidate|boost\n|-unboost|p2a: Zekrom|atk|1\n|move|p2a: Zekrom|Substitute|p2a: Zekrom\n|-start|p2a: Zekrom|Substitute\n|-damage|p2a: Zekrom|39/259\n|\n|-heal|p2a: Zekrom|55/259|[from] item: Leftovers\n|upkeep\n|turn|3\n|\n|t:|1730342999\n|move|p2a: Zekrom|Bolt Strike|p1a: Hitmontop\n|-damage|p1a: Hitmontop|99/231\n|move|p1a: Hitmontop|Earthquake|p2a: Zekrom\n|-supereffective|p2a: Zekrom\n|-end|p2a: Zekrom|Substitute\n|\n|-heal|p2a: Zekrom|71/259|[from] item: Leftovers\n|upkeep\n|turn|4\n|\n|t:|1730343010\n|switch|p1a: Avalugg|Avalugg-Hisui, L90, F|317/317\n|move|p2a: Zekrom|Bolt Strike|p1a: Avalugg\n|-damage|p1a: Avalugg|245/317\n|\n|-heal|p2a: Zekrom|87/259|[from] item: Leftovers\n|upkeep\n|turn|5\n|\n|t:|1730343023\n|switch|p2a: Slowbro|Slowbro-Galar, L87, F|307/307\n|move|p1a: Avalugg|Recover|p1a: Avalugg\n|-heal|p1a: Avalugg|317/317\n|\n|upkeep\n|turn|6\n|\n|t:|1730343034\n|switch|p1a: Hitmontop|Hitmontop, L88, M|99/231\n|-ability|p1a: Hitmontop|Intimidate|boost\n|-unboost|p2a: Slowbro|atk|1\n|move|p2a: Slowbro|Trick Room|p2a: Slowbro\n|-fieldstart|move: Trick Room|[of] p2a: Slowbro\n|\n|upkeep\n|turn|7\n|\n|t:|1730343043\n|-terastallize|p1a: Hitmontop|Steel\n|move|p2a: Slowbro|Psychic|p1a: Hitmontop\n|-resisted|p1a: Hitmontop\n|-damage|p1a: Hitmontop|63/231\n|-damage|p2a: Slowbro|277/307|[from] item: Life Orb\n|move|p1a: Hitmontop|Earthquake|p2a: Slowbro\n|-supereffective|p2a: Slowbro\n|-damage|p2a: Slowbro|133/307\n|\n|upkeep\n|turn|8\n|\n|t:|1730343053\n|move|p1a: Hitmontop|Sucker Punch|p2a: Slowbro\n|-supereffective|p2a: Slowbro\n|-damage|p2a: Slowbro|37/307\n|move|p2a: Slowbro|Fire Blast|p1a: Hitmontop\n|-supereffective|p1a: Hitmontop\n|-damage|p1a: Hitmontop|0 fnt\n|faint|p1a: Hitmontop\n|-damage|p2a: Slowbro|7/307|[from] item: Life Orb\n|\n|upkeep\n|\n|t:|1730343059\n|switch|p1a: Avalugg|Avalugg-Hisui, L90, F|317/317\n|turn|9\n|\n|t:|1730343065\n|switch|p2a: Tatsugiri|Tatsugiri-Stretchy, L86, F|257/257\n|move|p1a: Avalugg|Avalanche|p2a: Tatsugiri\n|-damage|p2a: Tatsugiri|137/257\n|\n|upkeep\n|turn|10\n|\n|t:|1730343090\n|switch|p1a: Primarina|Primarina, L83, M|268/268\n|move|p2a: Tatsugiri|Surf|p1a: Primarina\n|-resisted|p1a: Primarina\n|-damage|p1a: Primarina|223/268\n|\n|-heal|p1a: Primarina|239/268|[from] item: Leftovers\n|-fieldend|move: Trick Room\n|upkeep\n|turn|11\n|\n|t:|1730343097\n|switch|p2a: Zekrom|Zekrom, L71|87/259\n|-ability|p2a: Zekrom|Teravolt\n|move|p1a: Primarina|Calm Mind|p1a: Primarina\n|-boost|p1a: Primarina|spa|1\n|-boost|p1a: Primarina|spd|1\n|\n|-heal|p2a: Zekrom|103/259|[from] item: Leftovers\n|-heal|p1a: Primarina|255/268|[from] item: Leftovers\n|upkeep\n|turn|12\n|\n|t:|1730343106\n|switch|p1a: Avalugg|Avalugg-Hisui, L90, F|317/317\n|move|p2a: Zekrom|Bolt Strike|p1a: Avalugg\n|-damage|p1a: Avalugg|238/317\n|\n|-heal|p2a: Zekrom|119/259|[from] item: Leftovers\n|upkeep\n|turn|13\n|\n|t:|1730343115\n|switch|p2a: Slowbro|Slowbro-Galar, L87, F|109/307\n|move|p1a: Avalugg|Avalanche|p2a: Slowbro\n|-damage|p2a: Slowbro|22/307\n|\n|upkeep\n|turn|14\n|\n|t:|1730343129\n|switch|p2a: Tatsugiri|Tatsugiri-Stretchy, L86, F|137/257\n|move|p1a: Avalugg|Body Press|p2a: Tatsugiri\n|-crit|p2a: Tatsugiri\n|-damage|p2a: Tatsugiri|0 fnt\n|faint|p2a: Tatsugiri\n|\n|upkeep\n|\n|t:|1730343133\n|switch|p2a: Slowbro|Slowbro-Galar, L87, F|124/307\n|turn|15\n|l|\u203dQiuescent\n|inactive|Qiuescent disconnected and has a minute to reconnect!\n|player|p1|\n|j|\u203dQiuescent\n|inactive|Qiuescent reconnected and has 120 seconds left.\n|player|p1|Qiuescent|1|\n|n|\u203dQiuescent|qiuescent\n|n|\u203dQiuescent|qiuescent\n|\n|t:|1730343167\n|move|p1a: Avalugg|Stone Edge|p2a: Slowbro\n|-crit|p2a: Slowbro\n|-damage|p2a: Slowbro|0 fnt\n|faint|p2a: Slowbro\n|\n|upkeep\n|\n|t:|1730343172\n|switch|p2a: Chi-Yu|Chi-Yu, L77|211/211\n|-ability|p2a: Chi-Yu|Beads of Ruin\n|turn|16\n|inactive|Qiuescent has 120 seconds left.\n|l|\u203dQiuescent\n|inactive|Qiuescent disconnected and has a minute to reconnect!\n|player|p1|\n|j|\u203dQiuescent\n|inactive|Qiuescent reconnected and has 105 seconds left.\n|player|p1|Qiuescent|1|\n|n|\u203dQiuescent|qiuescent\n|n|\u203dQiuescent|qiuescent\n|\n|t:|1730343203\n|switch|p1a: Primarina|Primarina, L83, M|255/268\n|move|p2a: Chi-Yu|Nasty Plot|p2a: Chi-Yu\n|-boost|p2a: Chi-Yu|spa|2\n|\n|-heal|p1a: Primarina|268/268|[from] item: Leftovers\n|upkeep\n|turn|17\n|\n|t:|1730343210\n|-terastallize|p2a: Chi-Yu|Dark\n|move|p2a: Chi-Yu|Dark Pulse|p1a: Primarina\n|-resisted|p1a: Primarina\n|-damage|p1a: Primarina|125/268\n|move|p1a: Primarina|Psychic Noise|p2a: Chi-Yu\n|-damage|p2a: Chi-Yu|135/211\n|-start|p2a: Chi-Yu|move: Heal Block\n|\n|-heal|p1a: Primarina|141/268|[from] item: Leftovers\n|upkeep\n|turn|18\n|inactive|Qiuescent has 120 seconds left.\n|\n|t:|1730343229\n|move|p2a: Chi-Yu|Dark Pulse|p1a: Primarina\n|-resisted|p1a: Primarina\n|-damage|p1a: Primarina|14/268\n|move|p1a: Primarina|Moonblast|p2a: Chi-Yu\n|-supereffective|p2a: Chi-Yu\n|-damage|p2a: Chi-Yu|0 fnt\n|faint|p2a: Chi-Yu\n|\n|-heal|p1a: Primarina|30/268|[from] item: Leftovers\n|upkeep\n|\n|t:|1730343241\n|switch|p2a: Mabosstiff|Mabosstiff, L86, M|278/278\n|turn|19\n|\n|t:|1730343245\n|move|p2a: Mabosstiff|Crunch|p1a: Primarina\n|-resisted|p1a: Primarina\n|-damage|p1a: Primarina|0 fnt\n|faint|p1a: Primarina\n|\n|upkeep\n|-message|LT_Alt1 forfeited.\n|\n|win|Qiuescent\n|raw|Qiuescent's rating: 2258 &rarr; <strong>2282</strong><br />(+24 for winning)\n|raw|LT_Alt1's rating: 2324 &rarr; <strong>2300</strong><br />(-24 for losing)\n|l|\u203dLT_Alt1\n|player|p2|\n", "inputlog": ">version 477f30e240a7ed7b39cd1259dc3a52c35227dcfd\n>start {\"formatid\":\"gen9randombattle\",\"seed\":[35965,31541,18798,62510],\"rated\":\"Rated battle\"}\n>player p1 {\"name\":\"Qiuescent\",\"avatar\":\"1\",\"rating\":2258,\"seed\":[34782,15060,3168,57160]}\n>player p2 {\"name\":\"LT_Alt1\",\"avatar\":\"266\",\"rating\":2324,\"seed\":[42711,15757,23565,41684]}\n>p1 move ivycudgel\n>p2 move dragondance\n>p1 switch 6\n>p2 move substitute\n>p1 move earthquake\n>p2 move boltstrike\n>p1 switch 5\n>p2 move boltstrike\n>p1 move recover\n>p2 switch 3\n>p1 switch 5\n>p2 move trickroom\n>p1 move earthquake terastallize\n>p2 move psychic\n>p1 move suckerpunch\n>p2 move fireblast\n>p1 switch 5\n>p1 move avalanche\n>p2 switch 5\n>p1 switch 4\n>p2 move surf\n>p1 move calmmind\n>p2 switch 3\n>p1 switch 4\n>p2 move boltstrike\n>p1 move avalanche\n>p2 switch 5\n>p1 move bodypress\n>p2 switch 3\n>p2 switch 3\n>p1 move stoneedge\n>p2 move psychic\n>p2 switch 2\n>p1 switch 4\n>p2 move nastyplot\n>p1 move psychicnoise\n>p2 move darkpulse terastallize\n>p1 move moonblast\n>p2 move darkpulse\n>p2 switch 6\n>p1 move moonblast\n>p2 move crunch\n>forcelose p2", "uploadtime": 1730343256, "views": 70, "formatid": "gen9randombattle", "rating": 2282, "private": 0, "password": null}