{"id": "gen9randombattle-2260666999", "format": "[Gen 9] Random Battle", "players": ["VegaObscura42", "Unknown_sniper"], "log": "|j|\u2606VegaObscura42\n|j|\u2606Unknown_sniper\n|t:|1733875919\n|gametype|singles\n|player|p1|VegaObscura42|marley|1264\n|player|p2|Unknown_sniper|169|1227\n|teamsize|p1|6\n|teamsize|p2|6\n|gen|9\n|tier|[Gen 9] Random Battle\n|rated|\n|rule|Species Clause: Limit one of each Pok\u00e9mon\n|rule|HP Percentage Mod: HP is shown in percentages\n|rule|Sleep Clause Mod: Limit one foe put to sleep\n|rule|Illusion Level Mod: Illusion disguises the Pok\u00e9mon's true level\n|\n|t:|1733875919\n|start\n|switch|p1a: Iron Jugulis|Iron Jugulis, L78|275/275\n|switch|p2a: Toxicroak|Toxicroak, L84, M|277/277\n|turn|1\n|\n|t:|1733875935\n|switch|p2a: Clawitzer|Clawitzer, L87, F|265/265\n|move|p1a: Iron Jugulis|Hurricane|p2a: Clawitzer\n|-damage|p2a: Clawitzer|138/265\n|\n|upkeep\n|turn|2\n|inactive|Battle timer is ON: inactive players will automatically lose when time's up. (requested by Unknown_sniper)\n|c|\u2606Unknown_sniper|ben chod ke saathj\n|n|\u203dUnknown_sniper|unknownsniper\n|c|~|/log Unknown_sniper was locked from talking by Artemis. (\u2606Unknown_sniper: ben chod ke saathj)\n|c|~|/raw <small>This action was done automatically. Want to learn more about the AI? <a href=\"https://www.smogon.com/forums/threads/3570628/#post-9056769\">Visit the information thread</a>.</small>\n|\n|t:|1733875950\n|move|p1a: Iron Jugulis|Dark Pulse|p2a: Clawitzer\n|-damage|p2a: Clawitzer|48/265\n|move|p2a: Clawitzer|Water Pulse|p1a: Iron Jugulis\n|-damage|p1a: Iron Jugulis|68/275\n|\n|upkeep\n|turn|3\n|inactive|Unknown_sniper has 120 seconds left.\n|inactive|Unknown_sniper has 90 seconds left.\n|\n|t:|1733876019\n|move|p1a: Iron Jugulis|Dark Pulse|p2a: Clawitzer\n|-damage|p2a: Clawitzer|0 fnt\n|faint|p2a: Clawitzer\n|\n|upkeep\n|\n|t:|1733876025\n|switch|p2a: Ribombee|Ribombee, L82, M|233/233\n|turn|4\n|\n|t:|1733876031\n|move|p2a: Ribombee|Moonblast|p1a: Iron Jugulis\n|-supereffective|p1a: Iron Jugulis\n|-damage|p1a: Iron Jugulis|0 fnt\n|faint|p1a: Iron Jugulis\n|-end|p1a: Iron Jugulis|Quark Drive|[silent]\n|\n|upkeep\n|\n|t:|1733876046\n|switch|p1a: Noctowl|Noctowl, L95, F|344/344\n|turn|5\n|\n|t:|1733876058\n|switch|p2a: Blissey|Blissey, L84, F|566/566\n|move|p1a: Noctowl|Calm Mind|p1a: Noctowl\n|-boost|p1a: Noctowl|spa|1\n|-boost|p1a: Noctowl|spd|1\n|\n|upkeep\n|turn|6\n|\n|t:|1733876066\n|move|p1a: Noctowl|Calm Mind|p1a: Noctowl\n|-boost|p1a: Noctowl|spa|1\n|-boost|p1a: Noctowl|spd|1\n|move|p2a: Blissey|Thunder Wave|p1a: Noctowl\n|-status|p1a: Noctowl|par\n|\n|upkeep\n|turn|7\n|\n|t:|1733876076\n|move|p2a: Blissey|Seismic Toss|p1a: Noctowl\n|-damage|p1a: Noctowl|260/344 par\n|move|p1a: Noctowl|Calm Mind|p1a: Noctowl\n|-boost|p1a: Noctowl|spa|1\n|-boost|p1a: Noctowl|spd|1\n|\n|upkeep\n|turn|8\n|\n|t:|1733876083\n|move|p2a: Blissey|Seismic Toss|p1a: Noctowl\n|-damage|p1a: Noctowl|176/344 par\n|move|p1a: Noctowl|Calm Mind|p1a: Noctowl\n|-boost|p1a: Noctowl|spa|1\n|-boost|p1a: Noctowl|spd|1\n|\n|upkeep\n|turn|9\n|\n|t:|1733876091\n|move|p2a: Blissey|Seismic Toss|p1a: Noctowl\n|-damage|p1a: Noctowl|92/344 par\n|move|p1a: Noctowl|Roost|p1a: Noctowl\n|-heal|p1a: Noctowl|264/344 par\n|-singleturn|p1a: Noctowl|move: Roost\n|\n|upkeep\n|turn|10\n|\n|t:|1733876099\n|move|p2a: Blissey|Seismic Toss|p1a: Noctowl\n|-damage|p1a: Noctowl|180/344 par\n|move|p1a: Noctowl|Roost|p1a: Noctowl\n|-heal|p1a: Noctowl|344/344 par\n|-singleturn|p1a: Noctowl|move: Roost\n|\n|upkeep\n|turn|11\n|\n|t:|1733876108\n|move|p2a: Blissey|Seismic Toss|p1a: Noctowl\n|-damage|p1a: Noctowl|260/344 par\n|cant|p1a: Noctowl|par\n|\n|upkeep\n|turn|12\n|\n|t:|1733876114\n|move|p2a: Blissey|Seismic Toss|p1a: Noctowl\n|-damage|p1a: Noctowl|176/344 par\n|move|p1a: Noctowl|Calm Mind|p1a: Noctowl\n|-boost|p1a: Noctowl|spa|1\n|-boost|p1a: Noctowl|spd|1\n|\n|upkeep\n|turn|13\n|\n|t:|1733876122\n|move|p2a: Blissey|Seismic Toss|p1a: Noctowl\n|-damage|p1a: Noctowl|92/344 par\n|move|p1a: Noctowl|Roost|p1a: Noctowl\n|-heal|p1a: Noctowl|264/344 par\n|-singleturn|p1a: Noctowl|move: Roost\n|\n|upkeep\n|turn|14\n|\n|t:|1733876130\n|move|p2a: Blissey|Seismic Toss|p1a: Noctowl\n|-damage|p1a: Noctowl|180/344 par\n|move|p1a: Noctowl|Roost|p1a: Noctowl\n|-heal|p1a: Noctowl|344/344 par\n|-singleturn|p1a: Noctowl|move: Roost\n|\n|upkeep\n|turn|15\n|\n|t:|1733876140\n|move|p2a: Blissey|Seismic Toss|p1a: Noctowl\n|-damage|p1a: Noctowl|260/344 par\n|move|p1a: Noctowl|Hurricane|p2a: Blissey|[miss]\n|-miss|p1a: Noctowl|p2a: Blissey\n|\n|upkeep\n|turn|16\n|\n|t:|1733876148\n|move|p2a: Blissey|Seismic Toss|p1a: Noctowl\n|-damage|p1a: Noctowl|176/344 par\n|move|p1a: Noctowl|Calm Mind|p1a: Noctowl\n|-boost|p1a: Noctowl|spa|1\n|-boost|p1a: Noctowl|spd|1\n|\n|upkeep\n|turn|17\n|\n|t:|1733876155\n|move|p2a: Blissey|Seismic Toss|p1a: Noctowl\n|-damage|p1a: Noctowl|92/344 par\n|cant|p1a: Noctowl|par\n|\n|upkeep\n|turn|18\n|\n|t:|1733876163\n|move|p2a: Blissey|Seismic Toss|p1a: Noctowl\n|-damage|p1a: Noctowl|8/344 par\n|move|p1a: Noctowl|Roost|p1a: Noctowl\n|-heal|p1a: Noctowl|180/344 par\n|-singleturn|p1a: Noctowl|move: Roost\n|\n|upkeep\n|turn|19\n|\n|t:|1733876171\n|move|p2a: Blissey|Seismic Toss|p1a: Noctowl\n|-damage|p1a: Noctowl|96/344 par\n|move|p1a: Noctowl|Roost|p1a: Noctowl\n|-heal|p1a: Noctowl|268/344 par\n|-singleturn|p1a: Noctowl|move: Roost\n|\n|upkeep\n|turn|20\n|\n|t:|1733876179\n|move|p2a: Blissey|Seismic Toss|p1a: Noctowl\n|-damage|p1a: Noctowl|184/344 par\n|cant|p1a: Noctowl|par\n|\n|upkeep\n|turn|21\n|\n|t:|1733876186\n|move|p2a: Blissey|Seismic Toss|p1a: Noctowl\n|-damage|p1a: Noctowl|100/344 par\n|move|p1a: Noctowl|Roost|p1a: Noctowl\n|-heal|p1a: Noctowl|272/344 par\n|-singleturn|p1a: Noctowl|move: Roost\n|\n|upkeep\n|turn|22\n|\n|t:|1733876194\n|move|p2a: Blissey|Seismic Toss|p1a: Noctowl\n|-damage|p1a: Noctowl|188/344 par\n|cant|p1a: Noctowl|par\n|\n|upkeep\n|turn|23\n|\n|t:|1733876200\n|move|p2a: Blissey|Seismic Toss|p1a: Noctowl\n|-damage|p1a: Noctowl|104/344 par\n|move|p1a: Noctowl|Hurricane|p2a: Blissey\n|-damage|p2a: Blissey|173/566\n|-start|p2a: Blissey|confusion\n|\n|-heal|p2a: Blissey|208/566|[from] item: Leftovers\n|upkeep\n|turn|24\n|\n|t:|1733876214\n|switch|p2a: Toxicroak|Toxicroak, L84, M|277/277\n|move|p1a: Noctowl|Roost|p1a: Noctowl\n|-heal|p1a: Noctowl|276/344 par\n|-singleturn|p1a: Noctowl|move: Roost\n|\n|upkeep\n|turn|25\n|\n|t:|1733876223\n|move|p2a: Toxicroak|Gunk Shot|p1a: Noctowl\n|-damage|p1a: Noctowl|64/344 par\n|-damage|p2a: Toxicroak|250/277|[from] item: Life Orb\n|move|p1a: Noctowl|Hurricane|p2a: Toxicroak\n|-supereffective|p2a: Toxicroak\n|-damage|p2a: Toxicroak|0 fnt\n|faint|p2a: Toxicroak\n|\n|upkeep\n|\n|t:|1733876229\n|switch|p2a: Blissey|Blissey, L84, F|208/566\n|turn|26\n|\n|t:|1733876238\n|move|p2a: Blissey|Seismic Toss|p1a: Noctowl\n|-damage|p1a: Noctowl|0 fnt\n|faint|p1a: Noctowl\n|\n|-heal|p2a: Blissey|243/566|[from] item: Leftovers\n|upkeep\n|\n|t:|1733876249\n|switch|p1a: Baxcalibur|Baxcalibur, L75, F|295/295\n|turn|27\n|\n|t:|1733876267\n|move|p1a: Baxcalibur|Swords Dance|p1a: Baxcalibur\n|-boost|p1a: Baxcalibur|atk|2\n|move|p2a: Blissey|Thunder Wave|p1a: Baxcalibur\n|-status|p1a: Baxcalibur|par\n|\n|-heal|p2a: Blissey|278/566|[from] item: Leftovers\n|upkeep\n|turn|28\n|\n|t:|1733876278\n|switch|p2a: Alomomola|Alomomola, L87, M|429/429\n|move|p1a: Baxcalibur|Icicle Spear|p2a: Alomomola\n|-resisted|p2a: Alomomola\n|-damage|p2a: Alomomola|399/429\n|-resisted|p2a: Alomomola\n|-crit|p2a: Alomomola\n|-damage|p2a: Alomomola|350/429\n|-resisted|p2a: Alomomola\n|-damage|p2a: Alomomola|316/429\n|-resisted|p2a: Alomomola\n|-damage|p2a: Alomomola|286/429\n|-resisted|p2a: Alomomola\n|-damage|p2a: Alomomola|253/429\n|-hitcount|p2a: Alomomola|5\n|\n|upkeep\n|turn|29\n|\n|t:|1733876292\n|move|p2a: Alomomola|Flip Turn|p1a: Baxcalibur\n|-resisted|p1a: Baxcalibur\n|-damage|p1a: Baxcalibur|265/295 par\n|\n|t:|1733876296\n|switch|p2a: Ribombee|Ribombee, L82, M|233/233|[from] Flip Turn\n|move|p1a: Baxcalibur|Scale Shot|p2a: Ribombee\n|-immune|p2a: Ribombee\n|\n|upkeep\n|turn|30\n|\n|t:|1733876304\n|move|p2a: Ribombee|Moonblast|p1a: Baxcalibur\n|-supereffective|p1a: Baxcalibur\n|-damage|p1a: Baxcalibur|41/295 par\n|move|p1a: Baxcalibur|Icicle Spear|p2a: Ribombee\n|-damage|p2a: Ribombee|154/233\n|-damage|p2a: Ribombee|75/233\n|-crit|p2a: Ribombee\n|-damage|p2a: Ribombee|0 fnt\n|faint|p2a: Ribombee\n|-hitcount|p2: Ribombee|3\n|\n|upkeep\n|inactive|Unknown_sniper has 120 seconds left.\n|inactive|Unknown_sniper has 90 seconds left.\n|inactive|Unknown_sniper has 60 seconds left.\n|inactive|Unknown_sniper has 30 seconds left.\n|inactive|Unknown_sniper has 20 seconds left.\n|inactive|Unknown_sniper has 15 seconds left.\n|inactive|Unknown_sniper has 10 seconds left.\n|inactive|Unknown_sniper has 5 seconds left.\n|-message|Unknown_sniper lost due to inactivity.\n|\n|win|VegaObscura42\n", "inputlog": ">version bfd83cad13791eb5a5a409923076391caf6fb4d4\n>start {\"formatid\":\"gen9randombattle\",\"seed\":[1779,15222,28934,57045],\"rated\":\"Rated battle\"}\n>player p1 {\"name\":\"VegaObscura42\",\"avatar\":\"marley\",\"rating\":1264,\"seed\":[17552,1183,55476,3661]}\n>player p2 {\"name\":\"Unknown_sniper\",\"avatar\":\"169\",\"rating\":1227,\"seed\":[51182,27456,22852,58328]}\n>p1 move hurricane\n>p2 switch 3\n>chat \u2606Unknown_sniper|ben chod ke saathj\n>p1 move darkpulse\n>p2 move waterpulse\n>p1 move darkpulse\n>p2 move waterpulse\n>p2 switch 5\n>p1 move hurricane\n>p2 move moonblast\n>p1 switch 3\n>p1 move calmmind\n>p2 switch 4\n>p1 move calmmind\n>p2 move thunderwave\n>p1 move calmmind\n>p2 move seismictoss\n>p1 move calmmind\n>p2 move seismictoss\n>p1 move roost\n>p2 move seismictoss\n>p1 move roost\n>p2 move seismictoss\n>p1 move calmmind\n>p2 move seismictoss\n>p1 move calmmind\n>p2 move seismictoss\n>p1 move roost\n>p2 move seismictoss\n>p1 move roost\n>p2 move seismictoss\n>p1 move hurricane\n>p2 move seismictoss\n>p1 move calmmind\n>p2 move seismictoss\n>p1 move roost\n>p2 move seismictoss\n>p1 move roost\n>p2 move seismictoss\n>p1 move roost\n>p2 move seismictoss\n>p1 move roost\n>p2 move seismictoss\n>p1 move roost\n>p2 move seismictoss\n>p1 move hurricane\n>p2 move seismictoss\n>p1 move hurricane\n>p2 move seismictoss\n>p1 move roost\n>p2 switch 3\n>p1 move hurricane\n>p2 move gunkshot\n>p2 switch 3\n>p1 move hypervoice\n>p2 move seismictoss\n>p1 switch 5\n>p1 move swordsdance\n>p2 move thunderwave\n>p1 move iciclespear\n>p2 switch 6\n>p1 move scaleshot\n>p2 move flipturn\n>p2 switch 4\n>p1 move iciclespear\n>p2 move moonblast\n>forcelose p2", "uploadtime": 1733875949, "views": 1, "formatid": "gen9randombattle", "rating": null, "private": 0, "password": null}