{"id": "gen9randombattle-2150952069", "format": "[Gen 9] Random Battle", "players": ["Max Schrbr", "Norman2!"], "log": "|badge|p2|silver|gen9randombattle|30-1\n|html|<div class=\"broadcast-red\"><strong>This battle is required to be public due to one or more player having a season medal.</strong><br />During the public phase, you can discuss the state of the ladder <a href=\"/seasondiscussion\">in a special chatroom.</a></div>\n|uhtml|medal-msg|<div class=\"broadcast-blue\">Curious what those medals under the avatar are? PS now has Ladder Seasons! For more information, check out the <a href=\"https://www.smogon.com/forums/threads/3740067/\">thread on Smogon.</a></div>\n|raw|<div class=\"broadcast-blue\"><strong>This battle is required to be public due to a player having a name starting with 'medal'.</div>\n|j|\u2606Max Schrbr\n|j|\u203dNorman2!\n|t:|1719491108\n|gametype|singles\n|player|p1|Max Schrbr|1|2238\n|player|p2|Norman2!|1|2494\n|teamsize|p1|6\n|teamsize|p2|6\n|gen|9\n|tier|[Gen 9] Random Battle\n|rated|\n|rule|Species Clause: Limit one of each Pok\u00e9mon\n|rule|HP Percentage Mod: HP is shown in percentages\n|rule|Sleep Clause Mod: Limit one foe put to sleep\n|rule|Illusion Level Mod: Illusion disguises the Pok\u00e9mon's true level\n|\n|t:|1719491108\n|start\n|switch|p1a: Venomoth|Venomoth, L85, F|258/258\n|switch|p2a: Dragapult|Dragapult, L77, F|262/262\n|turn|1\n|\n|t:|1719491130\n|move|p2a: Dragapult|U-turn|p1a: Venomoth\n|-resisted|p1a: Venomoth\n|-damage|p1a: Venomoth|227/258\n|\n|t:|1719491138\n|switch|p2a: Jirachi|Jirachi, L80|291/291|[from] U-turn\n|move|p1a: Venomoth|Sleep Powder|p2a: Jirachi\n|-status|p2a: Jirachi|slp|[from] move: Sleep Powder\n|\n|upkeep\n|turn|2\n|\n|t:|1719491145\n|cant|p2a: Jirachi|slp\n|move|p1a: Venomoth|Quiver Dance|p1a: Venomoth\n|-boost|p1a: Venomoth|spa|1\n|-boost|p1a: Venomoth|spd|1\n|-boost|p1a: Venomoth|spe|1\n|\n|upkeep\n|turn|3\n|\n|t:|1719491151\n|-curestatus|p2a: Jirachi|slp|[msg]\n|move|p2a: Jirachi|Iron Head|p1a: Venomoth\n|-damage|p1a: Venomoth|128/258\n|move|p1a: Venomoth|Bug Buzz|p2a: Jirachi\n|-damage|p2a: Jirachi|162/291\n|\n|upkeep\n|turn|4\n|\n|t:|1719491196\n|switch|p1a: Houndstone|Houndstone, L86, M|264/264\n|move|p2a: Jirachi|Iron Head|p1a: Houndstone\n|-damage|p1a: Houndstone|227/264\n|\n|-heal|p1a: Houndstone|243/264|[from] item: Leftovers\n|upkeep\n|turn|5\n|j| jubmi\n|\n|t:|1719491207\n|switch|p2a: Wigglytuff|Wigglytuff, L96, M|424/424\n|move|p1a: Houndstone|Poltergeist|p2a: Wigglytuff\n|-immune|p2a: Wigglytuff\n|\n|-heal|p1a: Houndstone|259/264|[from] item: Leftovers\n|upkeep\n|turn|6\n|\n|t:|1719491215\n|switch|p1a: Venomoth|Venomoth, L85, F|128/258\n|move|p2a: Wigglytuff|Stealth Rock|p1a: Venomoth\n|-sidestart|p1: Max Schrbr|move: Stealth Rock\n|\n|upkeep\n|turn|7\n|\n|t:|1719491229\n|switch|p2a: Jirachi|Jirachi, L80|162/291\n|move|p1a: Venomoth|Sludge Wave|p2a: Jirachi\n|-immune|p2a: Jirachi\n|\n|upkeep\n|turn|8\n|\n|t:|1719491239\n|switch|p1a: Eternatus|Eternatus, L69|308/308\n|-damage|p1a: Eternatus|270/308|[from] Stealth Rock\n|-ability|p1a: Eternatus|Pressure\n|move|p2a: Jirachi|U-turn|p1a: Eternatus\n|-resisted|p1a: Eternatus\n|-damage|p1a: Eternatus|244/308\n|\n|t:|1719491259\n|switch|p2a: Cyclizar|Cyclizar, L83, F|252/252|[from] U-turn\n|\n|-heal|p1a: Eternatus|263/308|[from] item: Leftovers\n|upkeep\n|turn|9\n|\n|t:|1719491270\n|switch|p1a: Florges|Florges-Orange, L85, F|271/271\n|-damage|p1a: Florges|238/271|[from] Stealth Rock\n|move|p2a: Cyclizar|Shed Tail|p2a: Cyclizar\n|-start|p2a: Cyclizar|Substitute|[from] move: Shed Tail\n|-damage|p2a: Cyclizar|126/252\n|\n|t:|1719491278\n|switch|p2a: Zacian|Zacian-Crowned, L64|225/225|[from] Shed Tail\n|-ability|p2a: Zacian|Intrepid Sword|boost\n|-boost|p2a: Zacian|atk|1\n|\n|-heal|p1a: Florges|254/271|[from] item: Leftovers\n|upkeep\n|turn|10\n|\n|t:|1719491305\n|switch|p1a: Minun|Minun, L95, F|268/268\n|-damage|p1a: Minun|235/268|[from] Stealth Rock\n|move|p2a: Zacian|Swords Dance|p2a: Zacian\n|-boost|p2a: Zacian|atk|2\n|\n|upkeep\n|turn|11\n|\n|t:|1719491308\n|move|p1a: Minun|Encore|p2a: Zacian\n|-start|p2a: Zacian|Encore\n|move|p2a: Zacian|Swords Dance|p2a: Zacian\n|-boost|p2a: Zacian|atk|2\n|\n|upkeep\n|turn|12\n|\n|t:|1719491326\n|switch|p1a: Houndstone|Houndstone, L86, M|259/264\n|-damage|p1a: Houndstone|226/264|[from] Stealth Rock\n|switch|p2a: Cyclizar|Cyclizar, L83, F|210/252\n|\n|-heal|p1a: Houndstone|242/264|[from] item: Leftovers\n|upkeep\n|turn|13\n|\n|t:|1719491333\n|move|p2a: Cyclizar|Shed Tail|p2a: Cyclizar\n|-start|p2a: Cyclizar|Substitute|[from] move: Shed Tail\n|-damage|p2a: Cyclizar|84/252\n|\n|t:|1719491345\n|switch|p2a: Wigglytuff|Wigglytuff, L96, M|424/424|[from] Shed Tail\n|move|p1a: Houndstone|Roar|p2a: Wigglytuff\n|drag|p2a: Zacian|Zacian-Crowned, L64|225/225\n|\n|-heal|p1a: Houndstone|258/264|[from] item: Leftovers\n|upkeep\n|turn|14\n|l| jubmi\n|\n|t:|1719491370\n|switch|p2a: Wigglytuff|Wigglytuff, L96, M|424/424\n|move|p1a: Houndstone|Body Press|p2a: Wigglytuff\n|-damage|p2a: Wigglytuff|340/424\n|\n|-heal|p1a: Houndstone|264/264|[from] item: Leftovers\n|-heal|p2a: Wigglytuff|366/424|[from] item: Leftovers\n|upkeep\n|turn|15\n|\n|t:|1719491390\n|move|p1a: Houndstone|Body Press|p2a: Wigglytuff\n|-damage|p2a: Wigglytuff|276/424\n|move|p2a: Wigglytuff|Dazzling Gleam|p1a: Houndstone\n|-damage|p1a: Houndstone|170/264\n|\n|-heal|p1a: Houndstone|186/264|[from] item: Leftovers\n|-heal|p2a: Wigglytuff|302/424|[from] item: Leftovers\n|upkeep\n|turn|16\n|\n|t:|1719491396\n|switch|p1a: Florges|Florges-Orange, L85, F|254/271\n|-damage|p1a: Florges|221/271|[from] Stealth Rock\n|move|p2a: Wigglytuff|Dazzling Gleam|p1a: Florges\n|-damage|p1a: Florges|158/271\n|\n|-heal|p1a: Florges|174/271|[from] item: Leftovers\n|-heal|p2a: Wigglytuff|328/424|[from] item: Leftovers\n|upkeep\n|turn|17\n|\n|t:|1719491403\n|move|p1a: Florges|Synthesis|p1a: Florges\n|-heal|p1a: Florges|271/271\n|move|p2a: Wigglytuff|Wish|p2a: Wigglytuff\n|\n|-heal|p2a: Wigglytuff|354/424|[from] item: Leftovers\n|upkeep\n|turn|18\n|\n|t:|1719491409\n|switch|p2a: Jirachi|Jirachi, L80|162/291\n|move|p1a: Florges|Moonblast|p2a: Jirachi\n|-resisted|p2a: Jirachi\n|-damage|p2a: Jirachi|102/291\n|\n|-heal|p2a: Jirachi|291/291|[from] move: Wish|[wisher] Wigglytuff\n|upkeep\n|turn|19\n|\n|t:|1719491417\n|switch|p1a: Houndstone|Houndstone, L86, M|186/264\n|-damage|p1a: Houndstone|153/264|[from] Stealth Rock\n|move|p2a: Jirachi|U-turn|p1a: Houndstone\n|-resisted|p1a: Houndstone\n|-damage|p1a: Houndstone|143/264\n|\n|t:|1719491426\n|switch|p2a: Wigglytuff|Wigglytuff, L96, M|354/424|[from] U-turn\n|\n|-heal|p1a: Houndstone|159/264|[from] item: Leftovers\n|-heal|p2a: Wigglytuff|380/424|[from] item: Leftovers\n|upkeep\n|turn|20\n|\n|t:|1719491429\n|switch|p1a: Florges|Florges-Orange, L85, F|271/271\n|-damage|p1a: Florges|238/271|[from] Stealth Rock\n|move|p2a: Wigglytuff|Dazzling Gleam|p1a: Florges\n|-crit|p1a: Florges\n|-damage|p1a: Florges|139/271\n|\n|-heal|p1a: Florges|155/271|[from] item: Leftovers\n|-heal|p2a: Wigglytuff|406/424|[from] item: Leftovers\n|upkeep\n|turn|21\n|\n|t:|1719491436\n|switch|p2a: Jirachi|Jirachi, L80|291/291\n|move|p1a: Florges|Calm Mind|p1a: Florges\n|-boost|p1a: Florges|spa|1\n|-boost|p1a: Florges|spd|1\n|\n|-heal|p1a: Florges|171/271|[from] item: Leftovers\n|upkeep\n|turn|22\n|\n|t:|1719491446\n|switch|p1a: Houndstone|Houndstone, L86, M|159/264\n|-damage|p1a: Houndstone|126/264|[from] Stealth Rock\n|move|p2a: Jirachi|Iron Head|p1a: Houndstone\n|-damage|p1a: Houndstone|93/264\n|\n|-heal|p1a: Houndstone|109/264|[from] item: Leftovers\n|upkeep\n|turn|23\n|\n|t:|1719491453\n|switch|p2a: Wigglytuff|Wigglytuff, L96, M|406/424\n|move|p1a: Houndstone|Roar|p2a: Wigglytuff\n|drag|p2a: Flamigo|Flamigo, L82, M|269/269\n|\n|-heal|p1a: Houndstone|125/264|[from] item: Leftovers\n|upkeep\n|turn|24\n|\n|t:|1719491489\n|switch|p2a: Wigglytuff|Wigglytuff, L96, M|406/424\n|switch|p1a: Eternatus|Eternatus, L69|263/308\n|-damage|p1a: Eternatus|225/308|[from] Stealth Rock\n|-ability|p1a: Eternatus|Pressure\n|\n|-heal|p1a: Eternatus|244/308|[from] item: Leftovers\n|-heal|p2a: Wigglytuff|424/424|[from] item: Leftovers\n|upkeep\n|turn|25\n|\n|t:|1719491512\n|move|p1a: Eternatus|Toxic Spikes|p2a: Wigglytuff\n|-sidestart|p2: Norman2!|move: Toxic Spikes\n|move|p2a: Wigglytuff|Dazzling Gleam|p1a: Eternatus\n|-damage|p1a: Eternatus|135/308\n|\n|-heal|p1a: Eternatus|154/308|[from] item: Leftovers\n|upkeep\n|turn|26\n|\n|t:|1719491523\n|move|p1a: Eternatus|Recover|p1a: Eternatus\n|-heal|p1a: Eternatus|308/308\n|move|p2a: Wigglytuff|Dazzling Gleam|p1a: Eternatus\n|-damage|p1a: Eternatus|190/308\n|\n|-heal|p1a: Eternatus|209/308|[from] item: Leftovers\n|upkeep\n|turn|27\n|\n|t:|1719491534\n|move|p1a: Eternatus|Flamethrower|p2a: Wigglytuff\n|-damage|p2a: Wigglytuff|350/424\n|move|p2a: Wigglytuff|Dazzling Gleam|p1a: Eternatus\n|-damage|p1a: Eternatus|94/308\n|\n|-heal|p1a: Eternatus|113/308|[from] item: Leftovers\n|-heal|p2a: Wigglytuff|376/424|[from] item: Leftovers\n|upkeep\n|turn|28\n|\n|t:|1719491540\n|move|p1a: Eternatus|Recover|p1a: Eternatus\n|-heal|p1a: Eternatus|267/308\n|move|p2a: Wigglytuff|Wish|p2a: Wigglytuff\n|\n|-heal|p1a: Eternatus|286/308|[from] item: Leftovers\n|-heal|p2a: Wigglytuff|402/424|[from] item: Leftovers\n|upkeep\n|turn|29\n|\n|t:|1719491546\n|move|p1a: Eternatus|Dynamax Cannon|p2a: Wigglytuff\n|-immune|p2a: Wigglytuff\n|move|p2a: Wigglytuff|Dazzling Gleam|p1a: Eternatus\n|-damage|p1a: Eternatus|171/308\n|\n|-heal|p2a: Wigglytuff|424/424|[from] move: Wish|[wisher] Wigglytuff\n|-heal|p1a: Eternatus|190/308|[from] item: Leftovers\n|upkeep\n|turn|30\n|\n|t:|1719491558\n|move|p1a: Eternatus|Flamethrower|p2a: Wigglytuff\n|-crit|p2a: Wigglytuff\n|-damage|p2a: Wigglytuff|303/424\n|move|p2a: Wigglytuff|Dazzling Gleam|p1a: Eternatus\n|-damage|p1a: Eternatus|78/308\n|\n|-heal|p1a: Eternatus|97/308|[from] item: Leftovers\n|-heal|p2a: Wigglytuff|329/424|[from] item: Leftovers\n|upkeep\n|turn|31\n|\n|t:|1719491563\n|switch|p2a: Jirachi|Jirachi, L80|291/291\n|move|p1a: Eternatus|Recover|p1a: Eternatus\n|-heal|p1a: Eternatus|251/308\n|\n|-heal|p1a: Eternatus|270/308|[from] item: Leftovers\n|upkeep\n|turn|32\n|\n|t:|1719491567\n|move|p2a: Jirachi|Iron Head|p1a: Eternatus\n|-damage|p1a: Eternatus|186/308\n|cant|p1a: Eternatus|flinch\n|\n|-heal|p1a: Eternatus|205/308|[from] item: Leftovers\n|upkeep\n|turn|33\n|\n|t:|1719491571\n|switch|p1a: Houndstone|Houndstone, L86, M|125/264\n|-damage|p1a: Houndstone|92/264|[from] Stealth Rock\n|move|p2a: Jirachi|Iron Head|p1a: Houndstone\n|-damage|p1a: Houndstone|53/264\n|\n|-heal|p1a: Houndstone|69/264|[from] item: Leftovers\n|upkeep\n|turn|34\n|\n|t:|1719491582\n|move|p1a: Houndstone|Shadow Sneak|p2a: Jirachi\n|-supereffective|p2a: Jirachi\n|-damage|p2a: Jirachi|201/291\n|move|p2a: Jirachi|Iron Head|p1a: Houndstone\n|-damage|p1a: Houndstone|33/264\n|\n|-heal|p1a: Houndstone|49/264|[from] item: Leftovers\n|upkeep\n|turn|35\n|\n|t:|1719491599\n|move|p2a: Jirachi|Iron Head|p1a: Houndstone\n|-damage|p1a: Houndstone|14/264\n|move|p1a: Houndstone|Poltergeist|p2a: Jirachi\n|-activate|p2a: Jirachi|move: Poltergeist|Choice Scarf\n|-supereffective|p2a: Jirachi\n|-damage|p2a: Jirachi|0 fnt\n|faint|p2a: Jirachi\n|\n|-heal|p1a: Houndstone|30/264|[from] item: Leftovers\n|upkeep\n|\n|t:|1719491606\n|switch|p2a: Cyclizar|Cyclizar, L83, F|168/252\n|turn|36\n|\n|t:|1719491647\n|move|p2a: Cyclizar|Draco Meteor|p1a: Houndstone\n|-damage|p1a: Houndstone|0 fnt\n|-unboost|p2a: Cyclizar|spa|2\n|faint|p1a: Houndstone\n|\n|upkeep\n|\n|t:|1719491655\n|switch|p1a: Venomoth|Venomoth, L85, F|128/258\n|turn|37\n|\n|t:|1719491664\n|move|p2a: Cyclizar|Rapid Spin|p1a: Venomoth\n|-damage|p1a: Venomoth|62/258\n|-boost|p2a: Cyclizar|spe|1\n|-sideend|p2: Norman2!|Toxic Spikes|[from] move: Rapid Spin|[of] p2a: Cyclizar\n|move|p1a: Venomoth|Quiver Dance|p1a: Venomoth\n|-boost|p1a: Venomoth|spa|1\n|-boost|p1a: Venomoth|spd|1\n|-boost|p1a: Venomoth|spe|1\n|\n|upkeep\n|turn|38\n|\n|t:|1719491674\n|-terastallize|p1a: Venomoth|Steel\n|move|p2a: Cyclizar|Rapid Spin|p1a: Venomoth\n|-resisted|p1a: Venomoth\n|-damage|p1a: Venomoth|28/258\n|-boost|p2a: Cyclizar|spe|1\n|move|p1a: Venomoth|Quiver Dance|p1a: Venomoth\n|-boost|p1a: Venomoth|spa|1\n|-boost|p1a: Venomoth|spd|1\n|-boost|p1a: Venomoth|spe|1\n|\n|upkeep\n|turn|39\n|\n|t:|1719491681\n|move|p2a: Cyclizar|Rapid Spin|p1a: Venomoth\n|-resisted|p1a: Venomoth\n|-crit|p1a: Venomoth\n|-damage|p1a: Venomoth|0 fnt\n|-boost|p2a: Cyclizar|spe|1\n|faint|p1a: Venomoth\n|\n|upkeep\n|\n|t:|1719491702\n|switch|p1a: Decidueye|Decidueye-Hisui, L87, F|295/295\n|-damage|p1a: Decidueye|277/295|[from] Stealth Rock\n|turn|40\n|\n|t:|1719491716\n|move|p2a: Cyclizar|Shed Tail|p2a: Cyclizar\n|-start|p2a: Cyclizar|Substitute|[from] move: Shed Tail\n|-damage|p2a: Cyclizar|42/252\n|\n|t:|1719491721\n|switch|p2a: Flamigo|Flamigo, L82, M|269/269|[from] Shed Tail\n|move|p1a: Decidueye|Triple Arrows|p2a: Flamigo\n|-resisted|p2a: Flamigo\n|-end|p2a: Flamigo|Substitute\n|\n|-heal|p1a: Decidueye|295/295|[from] item: Leftovers\n|upkeep\n|turn|41\n|\n|t:|1719491742\n|switch|p1a: Eternatus|Eternatus, L69|205/308\n|-damage|p1a: Eternatus|167/308|[from] Stealth Rock\n|-ability|p1a: Eternatus|Pressure\n|move|p2a: Flamigo|Brave Bird|p1a: Eternatus\n|-damage|p1a: Eternatus|0 fnt\n|faint|p1a: Eternatus\n|-damage|p2a: Flamigo|214/269|[from] Recoil\n|-damage|p2a: Flamigo|188/269|[from] item: Life Orb\n|\n|upkeep\n|\n|t:|1719491746\n|switch|p1a: Minun|Minun, L95, F|235/268\n|-damage|p1a: Minun|202/268|[from] Stealth Rock\n|turn|42\n|\n|t:|1719491754\n|switch|p2a: Wigglytuff|Wigglytuff, L96, M|329/424\n|move|p1a: Minun|Thunderbolt|p2a: Wigglytuff\n|-damage|p2a: Wigglytuff|148/424\n|-damage|p1a: Minun|176/268|[from] item: Life Orb\n|\n|-heal|p2a: Wigglytuff|174/424|[from] item: Leftovers\n|upkeep\n|turn|43\n|\n|t:|1719491767\n|move|p1a: Minun|Nasty Plot|p1a: Minun\n|-boost|p1a: Minun|spa|2\n|move|p2a: Wigglytuff|Dazzling Gleam|p1a: Minun\n|-damage|p1a: Minun|92/268\n|\n|-heal|p2a: Wigglytuff|200/424|[from] item: Leftovers\n|upkeep\n|turn|44\n|\n|t:|1719491770\n|move|p1a: Minun|Thunderbolt|p2a: Wigglytuff\n|-damage|p2a: Wigglytuff|0 fnt\n|faint|p2a: Wigglytuff\n|-damage|p1a: Minun|66/268|[from] item: Life Orb\n|\n|upkeep\n|\n|t:|1719491790\n|switch|p2a: Dragapult|Dragapult, L77, F|262/262\n|turn|45\n|\n|t:|1719491795\n|switch|p1a: Decidueye|Decidueye-Hisui, L87, F|295/295\n|-damage|p1a: Decidueye|277/295|[from] Stealth Rock\n|move|p2a: Dragapult|Shadow Ball|p1a: Decidueye\n|-damage|p1a: Decidueye|181/295\n|\n|-heal|p1a: Decidueye|199/295|[from] item: Leftovers\n|upkeep\n|turn|46\n|\n|t:|1719491805\n|switch|p2a: Flamigo|Flamigo, L82, M|188/269\n|move|p1a: Decidueye|Triple Arrows|p2a: Flamigo\n|-resisted|p2a: Flamigo\n|-damage|p2a: Flamigo|128/269\n|\n|-heal|p1a: Decidueye|217/295|[from] item: Leftovers\n|upkeep\n|turn|47\n|\n|t:|1719491829\n|move|p2a: Flamigo|Brave Bird|p1a: Decidueye\n|-supereffective|p1a: Decidueye\n|-damage|p1a: Decidueye|0 fnt\n|faint|p1a: Decidueye\n|-damage|p2a: Flamigo|56/269|[from] Recoil\n|-damage|p2a: Flamigo|30/269|[from] item: Life Orb\n|\n|upkeep\n|\n|t:|1719491832\n|switch|p1a: Minun|Minun, L95, F|66/268\n|-damage|p1a: Minun|33/268|[from] Stealth Rock\n|turn|48\n|\n|t:|1719491837\n|switch|p2a: Cyclizar|Cyclizar, L83, F|126/252\n|move|p1a: Minun|Thunderbolt|p2a: Cyclizar\n|-resisted|p2a: Cyclizar\n|-damage|p2a: Cyclizar|48/252\n|-damage|p1a: Minun|7/268|[from] item: Life Orb\n|\n|upkeep\n|turn|49\n|\n|t:|1719491847\n|switch|p1a: Florges|Florges-Orange, L85, F|171/271\n|-damage|p1a: Florges|138/271|[from] Stealth Rock\n|move|p2a: Cyclizar|Rapid Spin|p1a: Florges\n|-damage|p1a: Florges|74/271\n|-boost|p2a: Cyclizar|spe|1\n|\n|-heal|p1a: Florges|90/271|[from] item: Leftovers\n|upkeep\n|turn|50\n|\n|t:|1719491854\n|switch|p2a: Zacian|Zacian-Crowned, L64|225/225\n|move|p1a: Florges|Synthesis|p1a: Florges\n|-heal|p1a: Florges|225/271\n|\n|-heal|p1a: Florges|241/271|[from] item: Leftovers\n|upkeep\n|turn|51\n|\n|t:|1719491858\n|move|p2a: Zacian|Behemoth Blade|p1a: Florges\n|-supereffective|p1a: Florges\n|-damage|p1a: Florges|11/271\n|move|p1a: Florges|Moonblast|p2a: Zacian\n|-resisted|p2a: Zacian\n|-damage|p2a: Zacian|160/225\n|\n|-heal|p1a: Florges|27/271|[from] item: Leftovers\n|upkeep\n|turn|52\n|c|\u2606Max Schrbr|gg\n|-message|Max Schrbr forfeited.\n|\n|win|Norman2!\n|raw|Max Schrbr's rating: 2238 &rarr; <strong>2231</strong><br />(-7 for losing)\n|raw|Norman2!'s rating: 2494 &rarr; <strong>2501</strong><br />(+7 for winning)\n", "inputlog": ">version 021bb6b4147d783a3aa9da22896c4e1e173f1b61\n>start {\"formatid\":\"gen9randombattle\",\"seed\":[9203,47682,44632,52665],\"rated\":\"Rated battle\"}\n>player p1 {\"name\":\"Max Schrbr\",\"avatar\":\"1\",\"rating\":2238,\"seed\":[34580,41187,9518,11956]}\n>player p2 {\"name\":\"Norman2!\",\"avatar\":\"1\",\"rating\":2494,\"seed\":[30590,10423,57272,51383]}\n>p1 move sleeppowder\n>p2 move uturn\n>p2 switch 4\n>p1 move quiverdance\n>p2 move ironhead\n>p1 move bugbuzz\n>p2 move ironhead\n>p1 switch 6\n>p2 move ironhead\n>p1 move poltergeist\n>p2 switch 2\n>p1 switch 6\n>p2 move stealthrock\n>p1 move sludgewave\n>p2 switch 2\n>p1 switch 3\n>p2 move uturn\n>p2 switch 6\n>p1 switch 4\n>p2 move shedtail\n>p2 switch 5\n>p1 switch 5\n>p2 move swordsdance\n>p1 move encore\n>p2 move playrough\n>p1 switch 6\n>p2 switch 5\n>p1 move roar\n>p2 move shedtail\n>p2 switch 2\n>p1 move bodypress\n>p2 switch 5\n>p1 move bodypress\n>p2 move dazzlinggleam\n>p1 switch 5\n>p2 move dazzlinggleam\n>p1 move synthesis\n>p2 move wish\n>p1 move moonblast\n>p2 switch 6\n>p1 switch 5\n>p2 move uturn\n>p2 switch 6\n>p1 switch 5\n>p2 move dazzlinggleam\n>p1 move calmmind\n>p2 switch 6\n>p1 switch 5\n>p2 move ironhead\n>p1 move roar\n>p2 switch 6\n>p1 switch 4\n>p2 switch 3\n>p1 move toxicspikes\n>p2 move dazzlinggleam\n>p1 move recover\n>p2 move dazzlinggleam\n>p1 move flamethrower\n>p2 move dazzlinggleam\n>p1 move recover\n>p2 move wish\n>p1 move dynamaxcannon\n>p2 move dazzlinggleam\n>p1 move flamethrower\n>p2 move dazzlinggleam\n>p1 move recover\n>p2 switch 6\n>p1 move recover\n>p2 move ironhead\n>p1 switch 4\n>p2 move ironhead\n>p1 move shadowsneak\n>p2 move ironhead\n>p1 move poltergeist\n>p2 move ironhead\n>p2 switch 2\n>p1 move roar\n>p2 move dracometeor\n>p1 switch 3\n>p1 move quiverdance\n>p2 move rapidspin\n>p1 move quiverdance terastallize\n>p2 move rapidspin\n>p1 move bugbuzz\n>p2 move rapidspin\n>p1 switch 2\n>p1 move triplearrows\n>p2 move shedtail\n>p2 switch 3\n>p1 switch 4\n>p2 move bravebird\n>p1 switch 6\n>p1 move thunderbolt\n>p2 switch 6\n>p1 move nastyplot\n>p2 move dazzlinggleam\n>p1 move thunderbolt\n>p2 move dazzlinggleam\n>p2 switch 4\n>p1 switch 4\n>p2 move shadowball\n>p1 move triplearrows\n>p2 switch 6\n>p1 move triplearrows\n>p2 move bravebird\n>p1 switch 4\n>p1 move thunderbolt\n>p2 switch 3\n>p1 switch 5\n>p2 move rapidspin\n>p1 move synthesis\n>p2 switch 5\n>p1 move moonblast\n>p2 move behemothblade\n>chat \u2606Max Schrbr|gg\n>forcelose p1", "uploadtime": 1719491869, "views": 177, "formatid": "gen9randombattle", "rating": 2231, "private": 0, "password": null}