{"id": "gen9randombattle-2260911540", "format": "[Gen 9] Random Battle", "players": ["JuanKamata", "thenidiel"], "log": "|j|\u2606JuanKamata\n|j|\u2606thenidiel\n|t:|1733915433\n|gametype|singles\n|player|p1|JuanKamata|lucas|1195\n|player|p2|thenidiel|cyclist-gen4|1235\n|teamsize|p1|6\n|teamsize|p2|6\n|gen|9\n|tier|[Gen 9] Random Battle\n|rated|\n|rule|Species Clause: Limit one of each Pok\u00e9mon\n|rule|HP Percentage Mod: HP is shown in percentages\n|rule|Sleep Clause Mod: Limit one foe put to sleep\n|rule|Illusion Level Mod: Illusion disguises the Pok\u00e9mon's true level\n|\n|t:|1733915433\n|start\n|switch|p1a: Regigigas|Regigigas, L84|322/322\n|switch|p2a: Urshifu|Urshifu-Rapid-Strike, L75, F|274/274\n|-start|p1a: Regigigas|ability: Slow Start\n|turn|1\n|\n|t:|1733915452\n|-end|p1a: Regigigas|Slow Start|[silent]\n|switch|p1a: Sableye|Sableye, L89, M|234/234\n|move|p2a: Urshifu|Surging Strikes|p1a: Sableye\n|-crit|p1a: Sableye\n|-damage|p1a: Sableye|191/234\n|-crit|p1a: Sableye\n|-damage|p1a: Sableye|143/234\n|-crit|p1a: Sableye\n|-damage|p1a: Sableye|101/234\n|-hitcount|p1a: Sableye|3\n|\n|-heal|p1a: Sableye|115/234|[from] item: Leftovers\n|upkeep\n|turn|2\n|\n|t:|1733915464\n|switch|p2a: Sandaconda|Sandaconda, L84, F|258/258\n|move|p1a: Sableye|Thunder Wave|p2a: Sandaconda\n|-immune|p2a: Sandaconda\n|\n|-heal|p1a: Sableye|129/234|[from] item: Leftovers\n|upkeep\n|turn|3\n|\n|t:|1733915476\n|move|p2a: Sandaconda|Earthquake|p1a: Sableye\n|-damage|p1a: Sableye|9/234\n|move|p1a: Sableye|Knock Off|p2a: Sandaconda\n|-damage|p2a: Sandaconda|191/258\n|-enditem|p2a: Sandaconda|Leftovers|[from] move: Knock Off|[of] p1a: Sableye\n|\n|-heal|p1a: Sableye|23/234|[from] item: Leftovers\n|upkeep\n|turn|4\n|inactive|Battle timer is ON: inactive players will automatically lose when time's up. (requested by thenidiel)\n|\n|t:|1733915489\n|switch|p1a: Regigigas|Regigigas, L84|322/322\n|-start|p1a: Regigigas|ability: Slow Start\n|move|p2a: Sandaconda|Earthquake|p1a: Regigigas\n|-crit|p1a: Regigigas\n|-damage|p1a: Regigigas|171/322\n|\n|-heal|p1a: Regigigas|191/322|[from] item: Leftovers\n|upkeep\n|turn|5\n|\n|t:|1733915498\n|move|p2a: Sandaconda|Glare|p1a: Regigigas\n|-status|p1a: Regigigas|par\n|move|p1a: Regigigas|Substitute|p1a: Regigigas\n|-start|p1a: Regigigas|Substitute\n|-damage|p1a: Regigigas|111/322 par\n|\n|-heal|p1a: Regigigas|131/322 par|[from] item: Leftovers\n|upkeep\n|turn|6\n|\n|t:|1733915505\n|move|p1a: Regigigas|Protect|p1a: Regigigas\n|-singleturn|p1a: Regigigas|Protect\n|move|p2a: Sandaconda|Earthquake|p1a: Regigigas\n|-activate|p1a: Regigigas|move: Protect\n|\n|-heal|p1a: Regigigas|151/322 par|[from] item: Leftovers\n|upkeep\n|turn|7\n|\n|t:|1733915512\n|switch|p2a: Urshifu|Urshifu-Rapid-Strike, L75, F|274/274\n|cant|p1a: Regigigas|par\n|\n|-heal|p1a: Regigigas|171/322 par|[from] item: Leftovers\n|upkeep\n|turn|8\n|\n|t:|1733915518\n|move|p1a: Regigigas|Protect|p1a: Regigigas\n|-singleturn|p1a: Regigigas|Protect\n|move|p2a: Urshifu|Close Combat|p1a: Regigigas\n|-supereffective|p1a: Regigigas\n|-end|p1a: Regigigas|Substitute\n|-unboost|p2a: Urshifu|def|1\n|-unboost|p2a: Urshifu|spd|1\n|\n|-heal|p1a: Regigigas|191/322 par|[from] item: Leftovers\n|upkeep\n|turn|9\n|\n|t:|1733915525\n|move|p2a: Urshifu|Close Combat|p1a: Regigigas\n|-supereffective|p1a: Regigigas\n|-damage|p1a: Regigigas|0 fnt\n|-unboost|p2a: Urshifu|def|1\n|-unboost|p2a: Urshifu|spd|1\n|faint|p1a: Regigigas\n|-end|p1a: Regigigas|Slow Start|[silent]\n|\n|upkeep\n|\n|t:|1733915529\n|switch|p1a: Iron Jugulis|Iron Jugulis, L78|275/275\n|turn|10\n|\n|t:|1733915541\n|switch|p2a: Muk|Muk-Alola, L82, F|306/306\n|move|p1a: Iron Jugulis|Meteor Beam||[still]\n|-prepare|p1a: Iron Jugulis|Meteor Beam\n|-boost|p1a: Iron Jugulis|spa|1\n|-enditem|p1a: Iron Jugulis|Power Herb\n|-anim|p1a: Iron Jugulis|Meteor Beam|p2a: Muk\n|-damage|p2a: Muk|218/306\n|\n|upkeep\n|turn|11\n|\n|t:|1733915554\n|move|p1a: Iron Jugulis|Earth Power|p2a: Muk\n|-supereffective|p2a: Muk\n|-damage|p2a: Muk|100/306\n|move|p2a: Muk|Drain Punch|p1a: Iron Jugulis\n|-damage|p1a: Iron Jugulis|221/275\n|-heal|p2a: Muk|127/306|[from] drain|[of] p1a: Iron Jugulis\n|\n|upkeep\n|turn|12\n|\n|t:|1733915563\n|move|p1a: Iron Jugulis|Hurricane|p2a: Muk\n|-damage|p2a: Muk|4/306\n|move|p2a: Muk|Knock Off|p1a: Iron Jugulis\n|-resisted|p1a: Iron Jugulis\n|-damage|p1a: Iron Jugulis|181/275\n|\n|upkeep\n|turn|13\n|\n|t:|1733915573\n|move|p1a: Iron Jugulis|Earth Power|p2a: Muk\n|-supereffective|p2a: Muk\n|-damage|p2a: Muk|0 fnt\n|faint|p2a: Muk\n|\n|upkeep\n|\n|t:|1733915591\n|switch|p2a: Urshifu|Urshifu-Rapid-Strike, L75, F|274/274\n|turn|14\n|\n|t:|1733915596\n|move|p2a: Urshifu|Ice Spinner|p1a: Iron Jugulis\n|-supereffective|p1a: Iron Jugulis\n|-damage|p1a: Iron Jugulis|55/275\n|move|p1a: Iron Jugulis|Hurricane|p2a: Urshifu\n|-supereffective|p2a: Urshifu\n|-damage|p2a: Urshifu|0 fnt\n|faint|p2a: Urshifu\n|\n|upkeep\n|\n|t:|1733915602\n|switch|p2a: Cetitan|Cetitan, L82, F|412/412\n|turn|15\n|\n|t:|1733915607\n|move|p2a: Cetitan|Ice Shard|p1a: Iron Jugulis\n|-supereffective|p1a: Iron Jugulis\n|-crit|p1a: Iron Jugulis\n|-damage|p1a: Iron Jugulis|0 fnt\n|faint|p1a: Iron Jugulis\n|-end|p1a: Iron Jugulis|Quark Drive|[silent]\n|\n|upkeep\n|\n|t:|1733915619\n|switch|p1a: Raichu|Raichu-Alola, L87, F|246/246\n|turn|16\n|\n|t:|1733915631\n|move|p1a: Raichu|Focus Blast|p2a: Cetitan\n|-supereffective|p2a: Cetitan\n|-damage|p2a: Cetitan|16/412\n|-enditem|p2a: Cetitan|Sitrus Berry|[eat]\n|-heal|p2a: Cetitan|119/412|[from] item: Sitrus Berry\n|move|p2a: Cetitan|Belly Drum||[still]\n|-fail|p2a: Cetitan\n|\n|upkeep\n|turn|17\n|\n|t:|1733915638\n|move|p2a: Cetitan|Ice Shard|p1a: Raichu\n|-damage|p1a: Raichu|174/246\n|move|p1a: Raichu|Focus Blast|p2a: Cetitan|[miss]\n|-miss|p1a: Raichu|p2a: Cetitan\n|\n|upkeep\n|turn|18\n|\n|t:|1733915646\n|move|p2a: Cetitan|Ice Shard|p1a: Raichu\n|-damage|p1a: Raichu|113/246\n|move|p1a: Raichu|Focus Blast|p2a: Cetitan\n|-supereffective|p2a: Cetitan\n|-damage|p2a: Cetitan|0 fnt\n|faint|p2a: Cetitan\n|\n|upkeep\n|\n|t:|1733915662\n|switch|p2a: Sandaconda|Sandaconda, L84, F|191/258\n|turn|19\n|\n|t:|1733915666\n|switch|p1a: Sableye|Sableye, L89, M|23/234\n|move|p2a: Sandaconda|Earthquake|p1a: Sableye\n|-damage|p1a: Sableye|0 fnt\n|faint|p1a: Sableye\n|\n|upkeep\n|\n|t:|1733915674\n|switch|p1a: Raichu|Raichu-Alola, L87, F|113/246\n|turn|20\n|\n|t:|1733915694\n|move|p1a: Raichu|Grass Knot|p2a: Sandaconda\n|-supereffective|p2a: Sandaconda\n|-damage|p2a: Sandaconda|0 fnt\n|faint|p2a: Sandaconda\n|\n|upkeep\n|\n|t:|1733915710\n|switch|p2a: Infernape|Infernape, L82, M|259/259\n|turn|21\n|\n|t:|1733915718\n|switch|p1a: Duraludon|Duraludon, L82, F|249/249\n|move|p2a: Infernape|Knock Off|p1a: Duraludon\n|-damage|p1a: Duraludon|196/249\n|-enditem|p1a: Duraludon|Eviolite|[from] move: Knock Off|[of] p2a: Infernape\n|-damage|p2a: Infernape|234/259|[from] item: Life Orb\n|\n|upkeep\n|turn|22\n|\n|t:|1733915731\n|move|p2a: Infernape|Close Combat|p1a: Duraludon\n|-supereffective|p1a: Duraludon\n|-damage|p1a: Duraludon|0 fnt\n|-unboost|p2a: Infernape|def|1\n|-unboost|p2a: Infernape|spd|1\n|faint|p1a: Duraludon\n|-damage|p2a: Infernape|209/259|[from] item: Life Orb\n|\n|upkeep\n|\n|t:|1733915733\n|switch|p1a: Raichu|Raichu-Alola, L87, F|113/246\n|turn|23\n|\n|t:|1733915741\n|move|p1a: Raichu|Psyshock|p2a: Infernape\n|-supereffective|p2a: Infernape\n|-damage|p2a: Infernape|0 fnt\n|faint|p2a: Infernape\n|\n|upkeep\n|\n|t:|1733915744\n|switch|p2a: Scyther|Scyther, L82, F|249/249\n|turn|24\n|\n|t:|1733915752\n|move|p1a: Raichu|Psyshock|p2a: Scyther\n|-damage|p2a: Scyther|102/249\n|move|p2a: Scyther|Bug Bite|p1a: Raichu\n|-supereffective|p1a: Raichu\n|-damage|p1a: Raichu|0 fnt\n|faint|p1a: Raichu\n|\n|upkeep\n|\n|t:|1733915757\n|switch|p1a: Kleavor|Kleavor, L78, F|237/237\n|turn|25\n|\n|t:|1733915766\n|-terastallize|p2a: Scyther|Fighting\n|-terastallize|p1a: Kleavor|Rock\n|move|p2a: Scyther|Swords Dance|p2a: Scyther\n|-boost|p2a: Scyther|atk|2\n|move|p1a: Kleavor|Stone Axe|p2a: Scyther\n|-resisted|p2a: Scyther\n|-damage|p2a: Scyther|0 fnt\n|-sidestart|p2: thenidiel|move: Stealth Rock\n|faint|p2a: Scyther\n|\n|win|JuanKamata\n|raw|JuanKamata's rating: 1195 &rarr; <strong>1223</strong><br />(+28 for winning)\n|raw|thenidiel's rating: 1235 &rarr; <strong>1207</strong><br />(-28 for losing)\n|l|\u2606thenidiel\n|player|p2|\n", "inputlog": ">version bfd83cad13791eb5a5a409923076391caf6fb4d4\n>start {\"formatid\":\"gen9randombattle\",\"seed\":[26185,50758,54809,18056],\"rated\":\"Rated battle\"}\n>player p1 {\"name\":\"JuanKamata\",\"avatar\":\"lucas\",\"rating\":1195,\"seed\":[14796,55506,46899,48498]}\n>player p2 {\"name\":\"thenidiel\",\"avatar\":\"cyclist-gen4\",\"rating\":1235,\"seed\":[16419,39147,42788,43259]}\n>p1 switch 5\n>p2 move surgingstrikes\n>p1 move thunderwave\n>p2 switch 6\n>p1 move knockoff\n>p2 move earthquake\n>p1 switch 5\n>p2 move earthquake\n>p1 move substitute\n>p2 move glare\n>p1 move protect\n>p2 move earthquake\n>p1 move protect\n>p2 switch 6\n>p1 move protect\n>p2 move closecombat\n>p1 move bodyslam\n>p2 move closecombat\n>p1 switch 4\n>p1 move meteorbeam\n>p2 switch 5\n>p1 move earthpower\n>p2 move drainpunch\n>p1 move hurricane\n>p2 move knockoff\n>p1 move earthpower\n>p2 move gunkshot\n>p2 switch 5\n>p1 move hurricane\n>p2 move icespinner\n>p2 switch 2\n>p1 move hurricane\n>p2 move iceshard\n>p1 switch 2\n>p1 move focusblast\n>p2 move bellydrum\n>p1 move focusblast\n>p2 move iceshard\n>p1 move focusblast\n>p2 move iceshard\n>p2 switch 6\n>p1 switch 5\n>p2 move earthquake\n>p1 switch 5\n>p1 move grassknot\n>p2 move earthquake\n>p2 switch 3\n>p1 switch 6\n>p2 move knockoff\n>p1 move dragontail\n>p2 move closecombat\n>p1 switch 6\n>p1 move psyshock\n>p2 move overheat\n>p2 switch 4\n>p1 move psyshock\n>p2 move bugbite\n>p1 switch 3\n>p1 move stoneaxe terastallize\n>p2 move swordsdance terastallize", "uploadtime": 1733915777, "views": 2, "formatid": "gen9randombattle", "rating": 1207, "private": 0, "password": null}