{"id": "gen9randombattle-2260326114", "format": "[Gen 9] Random Battle", "players": ["wi-ficonnection", "dontdotoomuch"], "log": "|j|\u2606wi-ficonnection\n|j|\u2606dontdotoomuch\n|t:|1733840191\n|gametype|singles\n|player|p1|wi-ficonnection|colress|1380\n|player|p2|dontdotoomuch|265|1392\n|teamsize|p1|6\n|teamsize|p2|6\n|gen|9\n|tier|[Gen 9] Random Battle\n|rated|\n|rule|Species Clause: Limit one of each Pok\u00e9mon\n|rule|HP Percentage Mod: HP is shown in percentages\n|rule|Sleep Clause Mod: Limit one foe put to sleep\n|rule|Illusion Level Mod: Illusion disguises the Pok\u00e9mon's true level\n|\n|t:|1733840191\n|start\n|switch|p1a: Arbok|Arbok, L87, M|246/246\n|switch|p2a: Banette|Banette, L93, M|270/270\n|-ability|p1a: Arbok|Intimidate|boost\n|-unboost|p2a: Banette|atk|1\n|-item|p1a: Arbok|Life Orb|[from] ability: Frisk|[of] p2a: Banette\n|turn|1\n|\n|t:|1733840214\n|switch|p2a: Overqwil|Overqwil, L82, F|274/274\n|-ability|p2a: Overqwil|Intimidate|boost\n|-unboost|p1a: Arbok|atk|1\n|move|p1a: Arbok|Coil|p1a: Arbok\n|-boost|p1a: Arbok|atk|1\n|-boost|p1a: Arbok|def|1\n|-boost|p1a: Arbok|accuracy|1\n|\n|upkeep\n|turn|2\n|\n|t:|1733840224\n|move|p1a: Arbok|Coil|p1a: Arbok\n|-boost|p1a: Arbok|atk|1\n|-boost|p1a: Arbok|def|1\n|-boost|p1a: Arbok|accuracy|1\n|move|p2a: Overqwil|Swords Dance|p2a: Overqwil\n|-boost|p2a: Overqwil|atk|2\n|\n|upkeep\n|turn|3\n|\n|t:|1733840227\n|move|p1a: Arbok|Coil|p1a: Arbok\n|-boost|p1a: Arbok|atk|1\n|-boost|p1a: Arbok|def|1\n|-boost|p1a: Arbok|accuracy|1\n|move|p2a: Overqwil|Crunch|p1a: Arbok\n|-damage|p1a: Arbok|125/246\n|-damage|p2a: Overqwil|247/274|[from] item: Life Orb\n|\n|upkeep\n|turn|4\n|\n|t:|1733840233\n|move|p1a: Arbok|Earthquake|p2a: Overqwil\n|-supereffective|p2a: Overqwil\n|-damage|p2a: Overqwil|0 fnt\n|faint|p2a: Overqwil\n|-damage|p1a: Arbok|101/246|[from] item: Life Orb\n|\n|upkeep\n|\n|t:|1733840247\n|switch|p2a: Tatsugiri|Tatsugiri, L87, F|260/260\n|turn|5\n|\n|t:|1733840274\n|move|p2a: Tatsugiri|Draco Meteor|p1a: Arbok\n|-damage|p1a: Arbok|0 fnt\n|-unboost|p2a: Tatsugiri|spa|2\n|faint|p1a: Arbok\n|\n|upkeep\n|\n|t:|1733840279\n|switch|p1a: Miraidon|Miraidon, L65|238/238\n|-fieldstart|move: Electric Terrain|[from] ability: Hadron Engine|[of] p1a: Miraidon\n|turn|6\n|\n|t:|1733840291\n|switch|p2a: Greedent|Greedent, L86, F|347/347\n|move|p1a: Miraidon|Substitute|p1a: Miraidon\n|-start|p1a: Miraidon|Substitute\n|-damage|p1a: Miraidon|179/238\n|\n|-heal|p1a: Miraidon|193/238|[from] item: Leftovers\n|upkeep\n|turn|7\n|\n|t:|1733840299\n|move|p1a: Miraidon|Electro Drift|p2a: Greedent\n|-damage|p2a: Greedent|193/347\n|move|p2a: Greedent|Earthquake|p1a: Miraidon\n|-supereffective|p1a: Miraidon\n|-end|p1a: Miraidon|Substitute\n|\n|-heal|p1a: Miraidon|207/238|[from] item: Leftovers\n|upkeep\n|turn|8\n|\n|t:|1733840306\n|switch|p1a: Spidops|Spidops, L96, M|271/271\n|move|p2a: Greedent|Earthquake|p1a: Spidops\n|-resisted|p1a: Spidops\n|-damage|p1a: Spidops|239/271\n|\n|upkeep\n|turn|9\n|\n|t:|1733840324\n|switch|p2a: Politoed|Politoed, L88, F|302/302\n|-weather|RainDance|[from] ability: Drizzle|[of] p2a: Politoed\n|move|p1a: Spidops|Sticky Web|p2a: Politoed\n|-sidestart|p2: dontdotoomuch|move: Sticky Web\n|\n|-weather|RainDance|[upkeep]\n|upkeep\n|turn|10\n|\n|t:|1733840329\n|move|p2a: Politoed|Encore|p1a: Spidops\n|-start|p1a: Spidops|Encore\n|move|p1a: Spidops|Sticky Web||[still]\n|-fail|p1a: Spidops\n|\n|-weather|RainDance|[upkeep]\n|-fieldend|move: Electric Terrain\n|upkeep\n|turn|11\n|\n|t:|1733840338\n|switch|p1a: Milotic|Milotic, L83, F|293/293\n|move|p2a: Politoed|Ice Beam|p1a: Milotic\n|-resisted|p1a: Milotic\n|-damage|p1a: Milotic|268/293\n|\n|-weather|RainDance|[upkeep]\n|-heal|p1a: Milotic|286/293|[from] item: Leftovers\n|upkeep\n|turn|12\n|\n|t:|1733840351\n|move|p2a: Politoed|Hypnosis|p1a: Milotic\n|-status|p1a: Milotic|slp|[from] move: Hypnosis\n|cant|p1a: Milotic|slp\n|\n|-weather|RainDance|[upkeep]\n|-heal|p1a: Milotic|293/293 slp|[from] item: Leftovers\n|upkeep\n|turn|13\n|\n|t:|1733840378\n|switch|p1a: Spidops|Spidops, L96, M|239/271\n|switch|p2a: Greedent|Greedent, L86, F|193/347\n|-activate|p2a: Greedent|move: Sticky Web\n|-unboost|p2a: Greedent|spe|1\n|\n|-weather|none\n|upkeep\n|turn|14\n|\n|t:|1733840387\n|move|p1a: Spidops|Toxic Spikes|p2a: Greedent\n|-sidestart|p2: dontdotoomuch|move: Toxic Spikes\n|move|p2a: Greedent|Earthquake|p1a: Spidops\n|-resisted|p1a: Spidops\n|-damage|p1a: Spidops|206/271\n|\n|upkeep\n|turn|15\n|\n|t:|1733840398\n|move|p1a: Spidops|Toxic Spikes|p2a: Greedent\n|-sidestart|p2: dontdotoomuch|move: Toxic Spikes\n|move|p2a: Greedent|Knock Off|p1a: Spidops\n|-damage|p1a: Spidops|146/271\n|-enditem|p1a: Spidops|Heavy-Duty Boots|[from] move: Knock Off|[of] p2a: Greedent\n|\n|upkeep\n|turn|16\n|\n|t:|1733840403\n|move|p1a: Spidops|Knock Off|p2a: Greedent\n|-damage|p2a: Greedent|119/347\n|-enditem|p2a: Greedent|Sitrus Berry|[from] move: Knock Off|[of] p1a: Spidops\n|move|p2a: Greedent|Swords Dance|p2a: Greedent\n|-boost|p2a: Greedent|atk|2\n|\n|upkeep\n|turn|17\n|\n|t:|1733840413\n|move|p1a: Spidops|Knock Off|p2a: Greedent\n|-damage|p2a: Greedent|74/347\n|move|p2a: Greedent|Body Slam|p1a: Spidops\n|-damage|p1a: Spidops|0 fnt\n|faint|p1a: Spidops\n|\n|upkeep\n|\n|t:|1733840424\n|switch|p1a: Miraidon|Miraidon, L65|207/238\n|-fieldstart|move: Electric Terrain|[from] ability: Hadron Engine|[of] p1a: Miraidon\n|turn|18\n|\n|t:|1733840431\n|-terastallize|p2a: Greedent|Ground\n|move|p1a: Miraidon|Electro Drift|p2a: Greedent\n|-immune|p2a: Greedent\n|move|p2a: Greedent|Earthquake|p1a: Miraidon\n|-supereffective|p1a: Miraidon\n|-damage|p1a: Miraidon|0 fnt\n|faint|p1a: Miraidon\n|\n|upkeep\n|\n|t:|1733840435\n|switch|p1a: Porygon-Z|Porygon-Z, L83|277/277\n|turn|19\n|\n|t:|1733840441\n|move|p1a: Porygon-Z|Shadow Ball|p2a: Greedent\n|-damage|p2a: Greedent|0 fnt\n|faint|p2a: Greedent\n|-damage|p1a: Porygon-Z|250/277|[from] item: Life Orb\n|\n|upkeep\n|\n|t:|1733840444\n|switch|p2a: Tatsugiri|Tatsugiri, L87, F|260/260\n|turn|20\n|\n|t:|1733840448\n|move|p1a: Porygon-Z|Nasty Plot|p1a: Porygon-Z\n|-boost|p1a: Porygon-Z|spa|2\n|move|p2a: Tatsugiri|Rapid Spin|p1a: Porygon-Z\n|-damage|p1a: Porygon-Z|219/277\n|-boost|p2a: Tatsugiri|spe|1\n|-sideend|p2: dontdotoomuch|Toxic Spikes|[from] move: Rapid Spin|[of] p2a: Tatsugiri\n|-sideend|p2: dontdotoomuch|Sticky Web|[from] move: Rapid Spin|[of] p2a: Tatsugiri\n|\n|upkeep\n|turn|21\n|\n|t:|1733840458\n|move|p2a: Tatsugiri|Hydro Pump|p1a: Porygon-Z\n|-damage|p1a: Porygon-Z|44/277\n|move|p1a: Porygon-Z|Agility|p1a: Porygon-Z\n|-boost|p1a: Porygon-Z|spe|2\n|\n|upkeep\n|turn|22\n|\n|t:|1733840467\n|-terastallize|p1a: Porygon-Z|Fighting\n|move|p1a: Porygon-Z|Tera Blast|p2a: Tatsugiri|[anim] Tera Blast Fighting\n|-damage|p2a: Tatsugiri|0 fnt\n|faint|p2a: Tatsugiri\n|-damage|p1a: Porygon-Z|17/277|[from] item: Life Orb\n|\n|-fieldend|move: Electric Terrain\n|upkeep\n|\n|t:|1733840471\n|switch|p2a: Banette|Banette, L93, M|270/270\n|-item|p1a: Porygon-Z|Life Orb|[from] ability: Frisk|[of] p2a: Banette\n|turn|23\n|\n|t:|1733840475\n|move|p2a: Banette|Shadow Sneak|p1a: Porygon-Z\n|-damage|p1a: Porygon-Z|0 fnt\n|faint|p1a: Porygon-Z\n|-damage|p2a: Banette|243/270|[from] item: Life Orb\n|\n|upkeep\n|\n|t:|1733840477\n|switch|p1a: Milotic|Milotic, L83, F|293/293 slp\n|turn|24\n|\n|t:|1733840484\n|move|p2a: Banette|Poltergeist|p1a: Milotic\n|-activate|p1a: Milotic|move: Poltergeist|Leftovers\n|-damage|p1a: Milotic|54/293 slp\n|-damage|p2a: Banette|216/270|[from] item: Life Orb\n|cant|p1a: Milotic|slp\n|\n|-heal|p1a: Milotic|72/293 slp|[from] item: Leftovers\n|upkeep\n|turn|25\n|-message|wi-ficonnection forfeited.\n|\n|win|dontdotoomuch\n|raw|wi-ficonnection's rating: 1380 &rarr; <strong>1361</strong><br />(-19 for losing)\n|raw|dontdotoomuch's rating: 1392 &rarr; <strong>1411</strong><br />(+19 for winning)\n|l|\u2606wi-ficonnection\n|player|p1|\n", "inputlog": ">version bfd83cad13791eb5a5a409923076391caf6fb4d4\n>start {\"formatid\":\"gen9randombattle\",\"seed\":[38578,32810,56134,17870],\"rated\":\"Rated battle\"}\n>player p1 {\"name\":\"wi-ficonnection\",\"avatar\":\"colress\",\"rating\":1380,\"seed\":[62249,57916,42869,19264]}\n>player p2 {\"name\":\"dontdotoomuch\",\"avatar\":\"265\",\"rating\":1392,\"seed\":[6491,15863,33710,8112]}\n>p1 move coil\n>p2 switch 6\n>p1 move coil\n>p2 move swordsdance\n>p1 move coil\n>p2 move crunch\n>p1 move earthquake\n>p2 move crunch\n>p2 switch 2\n>p1 move gunkshot\n>p2 move dracometeor\n>p1 switch 6\n>p1 move substitute\n>p2 switch 3\n>p1 move electrodrift\n>p2 move earthquake\n>p1 switch 2\n>p2 move earthquake\n>p1 move stickyweb\n>p2 switch 4\n>p1 move toxicspikes\n>p2 move encore\n>p1 switch 4\n>p2 move icebeam\n>p1 move dragontail\n>p2 move hypnosis\n>p1 switch 4\n>p2 switch 4\n>p1 move toxicspikes\n>p2 move earthquake\n>p1 move toxicspikes\n>p2 move knockoff\n>p1 move knockoff\n>p2 move swordsdance\n>p1 move knockoff\n>p2 move bodyslam\n>p1 switch 2\n>p1 move electrodrift\n>p2 move earthquake terastallize\n>p1 switch 3\n>p1 move shadowball\n>p2 move bodyslam\n>p2 switch 3\n>p1 move nastyplot\n>p2 move rapidspin\n>p1 move agility\n>p2 move hydropump\n>p1 move terablast terastallize\n>p2 move dracometeor\n>p2 switch 6\n>p1 move shadowball\n>p2 move shadowsneak\n>p1 switch 4\n>p1 move dragontail\n>p2 move poltergeist\n>forcelose p1", "uploadtime": 1733840493, "views": 1, "formatid": "gen9randombattle", "rating": 1361, "private": 0, "password": null}