{"id": "gen9randombattle-2260266306", "format": "[Gen 9] Random Battle", "players": ["turbojake", "ClayGD"], "log": "|j|\u2606turbojake\n|j|\u2606ClayGD\n|t:|1733832354\n|gametype|singles\n|player|p1|turbojake|gentleman-gen4|\n|player|p2|ClayGD|morty|\n|teamsize|p1|6\n|teamsize|p2|6\n|gen|9\n|tier|[Gen 9] Random Battle\n|rule|Species Clause: Limit one of each Pok\u00e9mon\n|rule|HP Percentage Mod: HP is shown in percentages\n|rule|Sleep Clause Mod: Limit one foe put to sleep\n|rule|Illusion Level Mod: Illusion disguises the Pok\u00e9mon's true level\n|\n|t:|1733832354\n|start\n|switch|p1a: Tropius|Tropius, L91, M|328/328\n|switch|p2a: Mamoswine|Mamoswine, L81, M|311/311\n|turn|1\n|\n|t:|1733832396\n|switch|p1a: Espathra|Espathra, L80, F|283/283\n|move|p2a: Mamoswine|Ice Shard|p1a: Espathra\n|-damage|p1a: Espathra|186/283\n|\n|-heal|p1a: Espathra|203/283|[from] item: Leftovers\n|upkeep\n|turn|2\n|\n|t:|1733832405\n|move|p2a: Mamoswine|Ice Shard|p1a: Espathra\n|-damage|p1a: Espathra|104/283\n|move|p1a: Espathra|Calm Mind|p1a: Espathra\n|-boost|p1a: Espathra|spa|1\n|-boost|p1a: Espathra|spd|1\n|\n|-heal|p1a: Espathra|121/283|[from] item: Leftovers\n|-ability|p1a: Espathra|Speed Boost|boost\n|-boost|p1a: Espathra|spe|1\n|upkeep\n|turn|3\n|\n|t:|1733832415\n|move|p1a: Espathra|Protect|p1a: Espathra\n|-singleturn|p1a: Espathra|Protect\n|move|p2a: Mamoswine|Ice Shard|p1a: Espathra\n|-activate|p1a: Espathra|move: Protect\n|\n|-heal|p1a: Espathra|138/283|[from] item: Leftovers\n|-ability|p1a: Espathra|Speed Boost|boost\n|-boost|p1a: Espathra|spe|1\n|upkeep\n|turn|4\n|\n|t:|1733832425\n|move|p2a: Mamoswine|Ice Shard|p1a: Espathra\n|-damage|p1a: Espathra|32/283\n|move|p1a: Espathra|Stored Power|p2a: Mamoswine\n|-damage|p2a: Mamoswine|118/311\n|\n|-heal|p1a: Espathra|49/283|[from] item: Leftovers\n|-ability|p1a: Espathra|Speed Boost|boost\n|-boost|p1a: Espathra|spe|1\n|upkeep\n|turn|5\n|\n|t:|1733832434\n|move|p1a: Espathra|Protect|p1a: Espathra\n|-singleturn|p1a: Espathra|Protect\n|move|p2a: Mamoswine|Ice Shard|p1a: Espathra\n|-activate|p1a: Espathra|move: Protect\n|\n|-heal|p1a: Espathra|66/283|[from] item: Leftovers\n|-ability|p1a: Espathra|Speed Boost|boost\n|-boost|p1a: Espathra|spe|1\n|upkeep\n|turn|6\n|\n|t:|1733832443\n|move|p2a: Mamoswine|Ice Shard|p1a: Espathra\n|-damage|p1a: Espathra|0 fnt\n|faint|p1a: Espathra\n|\n|upkeep\n|\n|t:|1733832451\n|switch|p1a: Wugtrio|Wugtrio, L91, M|212/212\n|turn|7\n|\n|t:|1733832471\n|switch|p2a: Copperajah|Copperajah, L86, F|349/349\n|move|p1a: Wugtrio|Stomping Tantrum|p2a: Copperajah\n|-supereffective|p2a: Copperajah\n|-damage|p2a: Copperajah|145/349\n|\n|upkeep\n|turn|8\n|\n|t:|1733832499\n|move|p1a: Wugtrio|Stomping Tantrum|p2a: Copperajah\n|-supereffective|p2a: Copperajah\n|-damage|p2a: Copperajah|0 fnt\n|faint|p2a: Copperajah\n|\n|upkeep\n|\n|t:|1733832515\n|switch|p2a: Hatterene|Hatterene, L85, F|236/236\n|turn|9\n|\n|t:|1733832523\n|move|p1a: Wugtrio|Stomping Tantrum|p2a: Hatterene\n|-damage|p2a: Hatterene|140/236\n|move|p2a: Hatterene|Draining Kiss|p1a: Wugtrio\n|-damage|p1a: Wugtrio|128/212\n|-heal|p2a: Hatterene|203/236|[from] drain|[of] p1a: Wugtrio\n|-ability|p1a: Wugtrio|Gooey\n|-unboost|p2a: Hatterene|spe|1\n|\n|-heal|p2a: Hatterene|217/236|[from] item: Leftovers\n|upkeep\n|turn|10\n|\n|t:|1733832542\n|switch|p1a: Tropius|Tropius, L91, M|328/328\n|move|p2a: Hatterene|Calm Mind|p2a: Hatterene\n|-boost|p2a: Hatterene|spa|1\n|-boost|p2a: Hatterene|spd|1\n|\n|-heal|p2a: Hatterene|231/236|[from] item: Leftovers\n|upkeep\n|turn|11\n|\n|t:|1733832559\n|move|p1a: Tropius|Leech Seed|p2a: Hatterene\n|move|p2a: Hatterene|Leech Seed|p1a: Tropius|[from]ability: Magic Bounce\n|-immune|p1a: Tropius\n|move|p2a: Hatterene|Psychic|p1a: Tropius\n|-damage|p1a: Tropius|153/328\n|-enditem|p1a: Tropius|Sitrus Berry|[eat]\n|-heal|p1a: Tropius|235/328|[from] item: Sitrus Berry\n|\n|-heal|p2a: Hatterene|236/236|[from] item: Leftovers\n|upkeep\n|turn|12\n|\n|t:|1733832571\n|move|p1a: Tropius|Substitute|p1a: Tropius\n|-start|p1a: Tropius|Substitute\n|-damage|p1a: Tropius|153/328\n|move|p2a: Hatterene|Psychic|p1a: Tropius\n|-end|p1a: Tropius|Substitute\n|\n|-item|p1a: Tropius|Sitrus Berry|[from] ability: Harvest\n|upkeep\n|-enditem|p1a: Tropius|Sitrus Berry|[eat]\n|-heal|p1a: Tropius|235/328|[from] item: Sitrus Berry\n|turn|13\n|\n|t:|1733832584\n|move|p1a: Tropius|Protect|p1a: Tropius\n|-singleturn|p1a: Tropius|Protect\n|move|p2a: Hatterene|Calm Mind|p2a: Hatterene\n|-boost|p2a: Hatterene|spa|1\n|-boost|p2a: Hatterene|spd|1\n|\n|upkeep\n|turn|14\n|\n|t:|1733832592\n|switch|p1a: Noctowl|Noctowl, L95, F|344/344\n|move|p2a: Hatterene|Psychic|p1a: Noctowl\n|-damage|p1a: Noctowl|148/344\n|\n|upkeep\n|turn|15\n|\n|t:|1733832601\n|move|p1a: Noctowl|Roost|p1a: Noctowl\n|-heal|p1a: Noctowl|320/344\n|-singleturn|p1a: Noctowl|move: Roost\n|move|p2a: Hatterene|Psychic|p1a: Noctowl\n|-damage|p1a: Noctowl|88/344\n|\n|upkeep\n|turn|16\n|\n|t:|1733832610\n|-terastallize|p1a: Noctowl|Steel\n|move|p1a: Noctowl|Roost|p1a: Noctowl\n|-heal|p1a: Noctowl|260/344\n|move|p2a: Hatterene|Psychic|p1a: Noctowl\n|-resisted|p1a: Noctowl\n|-damage|p1a: Noctowl|158/344\n|\n|upkeep\n|turn|17\n|\n|t:|1733832620\n|move|p1a: Noctowl|Roost|p1a: Noctowl\n|-heal|p1a: Noctowl|330/344\n|move|p2a: Hatterene|Calm Mind|p2a: Hatterene\n|-boost|p2a: Hatterene|spa|1\n|-boost|p2a: Hatterene|spd|1\n|\n|upkeep\n|turn|18\n|\n|t:|1733832629\n|move|p1a: Noctowl|Defog|p2a: Hatterene\n|move|p2a: Hatterene|Defog|p1a: Noctowl|[from]ability: Magic Bounce\n|-unboost|p1a: Noctowl|evasion|1\n|move|p2a: Hatterene|Mystical Fire|p1a: Noctowl\n|-supereffective|p1a: Noctowl\n|-damage|p1a: Noctowl|16/344\n|-unboost|p1a: Noctowl|spa|1\n|\n|upkeep\n|turn|19\n|\n|t:|1733832644\n|move|p1a: Noctowl|Hurricane|p2a: Hatterene\n|-damage|p2a: Hatterene|205/236\n|move|p2a: Hatterene|Calm Mind|p2a: Hatterene\n|-boost|p2a: Hatterene|spa|1\n|-boost|p2a: Hatterene|spd|1\n|\n|-heal|p2a: Hatterene|219/236|[from] item: Leftovers\n|upkeep\n|turn|20\n|\n|t:|1733832654\n|move|p1a: Noctowl|Roost|p1a: Noctowl\n|-heal|p1a: Noctowl|188/344\n|move|p2a: Hatterene|Psychic|p1a: Noctowl\n|-resisted|p1a: Noctowl\n|-damage|p1a: Noctowl|22/344\n|-unboost|p1a: Noctowl|spd|1\n|\n|-heal|p2a: Hatterene|233/236|[from] item: Leftovers\n|upkeep\n|turn|21\n|\n|t:|1733832666\n|move|p1a: Noctowl|Hyper Voice|p2a: Hatterene\n|-damage|p2a: Hatterene|209/236\n|move|p2a: Hatterene|Mystical Fire|p1a: Noctowl\n|-supereffective|p1a: Noctowl\n|-damage|p1a: Noctowl|0 fnt\n|faint|p1a: Noctowl\n|\n|-heal|p2a: Hatterene|223/236|[from] item: Leftovers\n|upkeep\n|\n|t:|1733832676\n|switch|p1a: Giratina|Giratina-Origin, L72|335/335\n|turn|22\n|\n|t:|1733832690\n|switch|p1a: Wugtrio|Wugtrio, L91, M|128/212\n|move|p2a: Hatterene|Draining Kiss|p1a: Wugtrio\n|-damage|p1a: Wugtrio|0 fnt\n|-heal|p2a: Hatterene|236/236|[from] drain|[of] p1a: Wugtrio\n|-ability|p1a: Wugtrio|Gooey\n|-unboost|p2a: Hatterene|spe|1\n|faint|p1a: Wugtrio\n|\n|upkeep\n|\n|t:|1733832700\n|switch|p1a: Necrozma|Necrozma, L80|286/286\n|turn|23\n|\n|t:|1733832710\n|move|p1a: Necrozma|Swords Dance|p1a: Necrozma\n|-boost|p1a: Necrozma|atk|2\n|move|p2a: Hatterene|Mystical Fire|p1a: Necrozma\n|-crit|p1a: Necrozma\n|-damage|p1a: Necrozma|0 fnt\n|faint|p1a: Necrozma\n|\n|upkeep\n|\n|t:|1733832718\n|switch|p1a: Giratina|Giratina-Origin, L72|335/335\n|turn|24\n|\n|t:|1733832723\n|move|p1a: Giratina|Shadow Sneak|p2a: Hatterene\n|-supereffective|p2a: Hatterene\n|-damage|p2a: Hatterene|158/236\n|move|p2a: Hatterene|Draining Kiss|p1a: Giratina\n|-supereffective|p1a: Giratina\n|-damage|p1a: Giratina|0 fnt\n|-heal|p2a: Hatterene|236/236|[from] drain|[of] p1a: Giratina\n|faint|p1a: Giratina\n|\n|upkeep\n|\n|t:|1733832730\n|switch|p1a: Tropius|Tropius, L91, M|235/328\n|turn|25\n|\n|t:|1733832735\n|move|p1a: Tropius|Air Slash|p2a: Hatterene\n|-damage|p2a: Hatterene|214/236\n|cant|p2a: Hatterene|flinch\n|\n|-heal|p2a: Hatterene|228/236|[from] item: Leftovers\n|upkeep\n|turn|26\n|\n|t:|1733832742\n|move|p1a: Tropius|Air Slash|p2a: Hatterene\n|-damage|p2a: Hatterene|206/236\n|move|p2a: Hatterene|Mystical Fire|p1a: Tropius\n|-supereffective|p1a: Tropius\n|-damage|p1a: Tropius|0 fnt\n|faint|p1a: Tropius\n|\n|win|ClayGD\n|l|\u2606turbojake\n|player|p1|\n", "inputlog": ">version bfd83cad13791eb5a5a409923076391caf6fb4d4\n>start {\"formatid\":\"gen9randombattle\",\"seed\":[64547,51796,24656,52382]}\n>player p1 {\"name\":\"turbojake\",\"avatar\":\"gentleman-gen4\",\"rating\":0,\"seed\":[23333,60447,21367,63958]}\n>player p2 {\"name\":\"ClayGD\",\"avatar\":\"morty\",\"rating\":0,\"seed\":[17541,21356,30201,13531]}\n>p1 switch 3\n>p2 move iceshard\n>p1 move calmmind\n>p2 move iceshard\n>p1 move protect\n>p2 move iceshard\n>p1 move storedpower\n>p2 move iceshard\n>p1 move protect\n>p2 move iceshard\n>p1 move storedpower\n>p2 move iceshard\n>p1 switch 6\n>p1 move stompingtantrum\n>p2 switch 3\n>p1 move stompingtantrum\n>p2 move supercellslam\n>p2 switch 2\n>p1 move stompingtantrum\n>p2 move drainingkiss\n>p1 switch 3\n>p2 move calmmind\n>p1 move leechseed\n>p2 move psychic\n>p1 move substitute\n>p2 move psychic\n>p1 move protect\n>p2 move calmmind\n>p1 switch 4\n>p2 move psychic\n>p1 move roost\n>p2 move psychic\n>p1 move roost terastallize\n>p2 move psychic\n>p1 move roost\n>p2 move calmmind\n>p1 move defog\n>p2 move mysticalfire\n>p1 move hurricane\n>p2 move calmmind\n>p1 move roost\n>p2 move psychic\n>p1 move hypervoice\n>p2 move mysticalfire\n>p1 switch 5\n>p1 switch 3\n>p2 move drainingkiss\n>p1 switch 2\n>p1 move swordsdance\n>p2 move mysticalfire\n>p1 switch 3\n>p1 move shadowsneak\n>p2 move drainingkiss\n>p1 switch 4\n>p1 move airslash\n>p2 move mysticalfire\n>p1 move airslash\n>p2 move mysticalfire", "uploadtime": 1733832752, "views": 2, "formatid": "gen9randombattle", "rating": null, "private": 0, "password": null}