{"id": "gen9randombattle-2259971603", "format": "[Gen 9] Random Battle", "players": ["Velocitar32", "Cruz8969"], "log": "|j|\u2606Velocitar32\n|j|\u2606Cruz8969\n|t:|1733785916\n|gametype|singles\n|player|p1|Velocitar32|elesa-masters|1121\n|player|p2|Cruz8969|266|1126\n|teamsize|p1|6\n|teamsize|p2|6\n|gen|9\n|tier|[Gen 9] Random Battle\n|rated|\n|rule|Species Clause: Limit one of each Pok\u00e9mon\n|rule|HP Percentage Mod: HP is shown in percentages\n|rule|Sleep Clause Mod: Limit one foe put to sleep\n|rule|Illusion Level Mod: Illusion disguises the Pok\u00e9mon's true level\n|\n|t:|1733785916\n|start\n|switch|p1a: Piloswine|Piloswine, L85, F|309/309\n|switch|p2a: Vaporeon|Vaporeon, L86, M|364/364\n|turn|1\n|inactive|Battle timer is ON: inactive players will automatically lose when time's up. (requested by Velocitar32)\n|\n|t:|1733785939\n|switch|p2a: Gardevoir|Gardevoir, L83, F|249/249\n|-ability|p2a: Gardevoir|Thick Fat|[from] ability: Trace|[of] p1a: Piloswine\n|switch|p1a: Jirachi|Jirachi, L80|291/291\n|\n|upkeep\n|turn|2\n|\n|t:|1733785948\n|move|p2a: Gardevoir|Mystical Fire|p1a: Jirachi\n|-supereffective|p1a: Jirachi\n|-damage|p1a: Jirachi|171/291\n|-unboost|p1a: Jirachi|spa|1\n|move|p1a: Jirachi|Iron Head|p2a: Gardevoir\n|-supereffective|p2a: Gardevoir\n|-crit|p2a: Gardevoir\n|-damage|p2a: Gardevoir|0 fnt\n|faint|p2a: Gardevoir\n|\n|-heal|p1a: Jirachi|189/291|[from] item: Leftovers\n|upkeep\n|\n|t:|1733785967\n|switch|p2a: Sudowoodo|Sudowoodo, L94, M|284/284\n|turn|3\n|\n|t:|1733785970\n|move|p1a: Jirachi|Iron Head|p2a: Sudowoodo\n|-supereffective|p2a: Sudowoodo\n|-damage|p2a: Sudowoodo|174/284\n|move|p2a: Sudowoodo|Earthquake|p1a: Jirachi\n|-supereffective|p1a: Jirachi\n|-damage|p1a: Jirachi|25/291\n|\n|-heal|p1a: Jirachi|43/291|[from] item: Leftovers\n|-heal|p2a: Sudowoodo|191/284|[from] item: Leftovers\n|upkeep\n|turn|4\n|\n|t:|1733785984\n|move|p1a: Jirachi|Iron Head|p2a: Sudowoodo\n|-supereffective|p2a: Sudowoodo\n|-damage|p2a: Sudowoodo|65/284\n|cant|p2a: Sudowoodo|flinch\n|\n|-heal|p1a: Jirachi|61/291|[from] item: Leftovers\n|-heal|p2a: Sudowoodo|82/284|[from] item: Leftovers\n|upkeep\n|turn|5\n|\n|t:|1733785992\n|switch|p2a: Zacian|Zacian-Crowned, L64|225/225\n|-ability|p2a: Zacian|Intrepid Sword|boost\n|-boost|p2a: Zacian|atk|1\n|move|p1a: Jirachi|Iron Head|p2a: Zacian\n|-damage|p2a: Zacian|138/225\n|\n|-heal|p1a: Jirachi|79/291|[from] item: Leftovers\n|upkeep\n|turn|6\n|\n|t:|1733786001\n|move|p2a: Zacian|Behemoth Blade|p1a: Jirachi\n|-resisted|p1a: Jirachi\n|-damage|p1a: Jirachi|13/291\n|move|p1a: Jirachi|Iron Head|p2a: Zacian\n|-damage|p2a: Zacian|57/225\n|\n|-heal|p1a: Jirachi|31/291|[from] item: Leftovers\n|upkeep\n|turn|7\n|\n|t:|1733786009\n|move|p2a: Zacian|Behemoth Blade|p1a: Jirachi\n|-resisted|p1a: Jirachi\n|-damage|p1a: Jirachi|0 fnt\n|faint|p1a: Jirachi\n|\n|upkeep\n|\n|t:|1733786025\n|switch|p1a: Greninja|Greninja, L80, M|246/246\n|turn|8\n|\n|t:|1733786035\n|switch|p2a: Zekrom|Zekrom, L71|259/259\n|-ability|p2a: Zekrom|Teravolt\n|move|p1a: Greninja|Hydro Pump|p2a: Zekrom\n|-start|p1a: Greninja|typechange|Water|[from] ability: Protean\n|-resisted|p2a: Zekrom\n|-damage|p2a: Zekrom|175/259\n|-damage|p1a: Greninja|222/246|[from] item: Life Orb\n|\n|-heal|p2a: Zekrom|191/259|[from] item: Leftovers\n|upkeep\n|turn|9\n|\n|t:|1733786051\n|switch|p1a: Piloswine|Piloswine, L85, F|309/309\n|move|p2a: Zekrom|Bolt Strike|p1a: Piloswine\n|-immune|p1a: Piloswine\n|\n|-heal|p2a: Zekrom|207/259|[from] item: Leftovers\n|upkeep\n|turn|10\n|\n|t:|1733786062\n|move|p2a: Zekrom|Dragon Dance|p2a: Zekrom\n|-boost|p2a: Zekrom|atk|1\n|-boost|p2a: Zekrom|spe|1\n|move|p1a: Piloswine|Stealth Rock|p2a: Zekrom\n|-sidestart|p2: Cruz8969|move: Stealth Rock\n|\n|-heal|p2a: Zekrom|223/259|[from] item: Leftovers\n|upkeep\n|turn|11\n|\n|t:|1733786071\n|move|p2a: Zekrom|Outrage|p1a: Piloswine\n|-damage|p1a: Piloswine|170/309\n|move|p1a: Piloswine|Earthquake|p2a: Zekrom\n|-supereffective|p2a: Zekrom\n|-damage|p2a: Zekrom|0 fnt\n|faint|p2a: Zekrom\n|\n|upkeep\n|\n|t:|1733786080\n|switch|p2a: Zacian|Zacian-Crowned, L64|57/225\n|-damage|p2a: Zacian|43/225|[from] Stealth Rock\n|turn|12\n|\n|t:|1733786094\n|switch|p1a: Greninja|Greninja, L80, M|222/246\n|move|p2a: Zacian|Close Combat|p1a: Greninja\n|-supereffective|p1a: Greninja\n|-crit|p1a: Greninja\n|-damage|p1a: Greninja|0 fnt\n|-unboost|p2a: Zacian|def|1\n|-unboost|p2a: Zacian|spd|1\n|faint|p1a: Greninja\n|\n|upkeep\n|\n|t:|1733786114\n|switch|p1a: Primarina|Primarina, L83, F|268/268\n|turn|13\n|\n|t:|1733786121\n|move|p2a: Zacian|Play Rough|p1a: Primarina\n|-damage|p1a: Primarina|175/268\n|move|p1a: Primarina|Psychic|p2a: Zacian\n|-resisted|p2a: Zacian\n|-crit|p2a: Zacian\n|-damage|p2a: Zacian|0 fnt\n|faint|p2a: Zacian\n|\n|upkeep\n|\n|t:|1733786132\n|switch|p2a: Chimecho|Chimecho, L93, M|290/290\n|-damage|p2a: Chimecho|254/290|[from] Stealth Rock\n|turn|14\n|\n|t:|1733786159\n|switch|p1a: Moltres|Moltres-Galar, L79|271/271\n|move|p2a: Chimecho|Psychic Noise|p1a: Moltres\n|-immune|p1a: Moltres\n|\n|-heal|p2a: Chimecho|272/290|[from] item: Leftovers\n|upkeep\n|turn|15\n|inactive|Cruz8969 has 120 seconds left.\n|l|\u2606Cruz8969\n|inactive|Cruz8969 disconnected and has a minute to reconnect!\n|player|p2|\n|inactive|Cruz8969 has 30 seconds to reconnect!\n|inactive|Cruz8969 has 20 seconds to reconnect!\n|inactive|Cruz8969 has 15 seconds to reconnect!\n|inactive|Cruz8969 has 10 seconds to reconnect!\n|inactive|Cruz8969 has 5 seconds to reconnect!\n|-message|Cruz8969 lost due to inactivity.\n|\n|win|Velocitar32\n|raw|Velocitar32's rating: 1121 &rarr; <strong>1146</strong><br />(+25 for winning)\n|raw|Cruz8969's rating: 1126 &rarr; <strong>1101</strong><br />(-25 for losing)\n", "inputlog": ">version bfd83cad13791eb5a5a409923076391caf6fb4d4\n>start {\"formatid\":\"gen9randombattle\",\"seed\":[25577,21224,11189,4491],\"rated\":\"Rated battle\"}\n>player p1 {\"name\":\"Velocitar32\",\"avatar\":\"elesa-masters\",\"rating\":1121,\"seed\":[38695,18583,53228,19335]}\n>player p2 {\"name\":\"Cruz8969\",\"avatar\":\"266\",\"rating\":1126,\"seed\":[16250,23210,15577,31265]}\n>p1 switch 6\n>p2 switch 6\n>p1 move ironhead\n>p2 move mysticalfire\n>p2 switch 3\n>p1 move ironhead\n>p2 move earthquake\n>p1 move ironhead\n>p2 move earthquake\n>p1 move ironhead\n>p2 switch 4\n>p1 move ironhead\n>p2 move behemothblade\n>p1 move ironhead\n>p2 move behemothblade\n>p1 switch 2\n>p1 move hydropump\n>p2 switch 5\n>p1 switch 6\n>p2 move boltstrike\n>p1 move stealthrock\n>p2 move dragondance\n>p1 move earthquake\n>p2 move outrage\n>p2 switch 5\n>p1 switch 6\n>p2 move closecombat\n>p1 switch 3\n>p1 move psychic\n>p2 move playrough\n>p2 switch 2\n>p1 switch 4\n>p2 move psychicnoise\n>forcelose p2", "uploadtime": 1733786256, "views": 2, "formatid": "gen9randombattle", "rating": 1101, "private": 0, "password": null}