{"id": "gen9randombattle-2260385648", "format": "[Gen 9] Random Battle", "players": ["DarthRevanCH", "Koalaboss257"], "log": "|j|\u2606DarthRevanCH\n|j|\u203dKoalaboss257\n|t:|1733846458\n|gametype|singles\n|player|p1|DarthRevanCH|benga|1592\n|player|p2|Koalaboss257|hiker-gen4|1637\n|teamsize|p1|6\n|teamsize|p2|6\n|gen|9\n|tier|[Gen 9] Random Battle\n|rated|\n|rule|Species Clause: Limit one of each Pok\u00e9mon\n|rule|HP Percentage Mod: HP is shown in percentages\n|rule|Sleep Clause Mod: Limit one foe put to sleep\n|rule|Illusion Level Mod: Illusion disguises the Pok\u00e9mon's true level\n|\n|t:|1733846458\n|start\n|switch|p1a: Amoonguss|Amoonguss, L82, M|321/321\n|switch|p2a: Wigglytuff|Wigglytuff, L96, M|424/424\n|turn|1\n|inactive|Battle timer is ON: inactive players will automatically lose when time's up. (requested by Koalaboss257)\n|\n|t:|1733846469\n|switch|p2a: Orthworm|Orthworm, L88, F|266/266\n|move|p1a: Amoonguss|Spore|p2a: Orthworm\n|-status|p2a: Orthworm|slp|[from] move: Spore\n|-enditem|p2a: Orthworm|Chesto Berry|[eat]\n|-curestatus|p2a: Orthworm|slp|[msg]\n|\n|upkeep\n|turn|2\n|\n|t:|1733846497\n|move|p2a: Orthworm|Coil|p2a: Orthworm\n|-boost|p2a: Orthworm|atk|1\n|-boost|p2a: Orthworm|def|1\n|-boost|p2a: Orthworm|accuracy|1\n|move|p1a: Amoonguss|Spore|p2a: Orthworm\n|-status|p2a: Orthworm|slp|[from] move: Spore\n|\n|upkeep\n|turn|3\n|inactive|DarthRevanCH has 120 seconds left.\n|\n|t:|1733846521\n|switch|p1a: Feraligatr|Feraligatr, L79, F|264/264\n|cant|p2a: Orthworm|slp\n|\n|upkeep\n|turn|4\n|inactive|DarthRevanCH has 120 seconds left.\n|\n|t:|1733846529\n|move|p1a: Feraligatr|Dragon Dance|p1a: Feraligatr\n|-boost|p1a: Feraligatr|atk|1\n|-boost|p1a: Feraligatr|spe|1\n|cant|p2a: Orthworm|slp\n|\n|upkeep\n|turn|5\n|\n|t:|1733846534\n|move|p1a: Feraligatr|Dragon Dance|p1a: Feraligatr\n|-boost|p1a: Feraligatr|atk|1\n|-boost|p1a: Feraligatr|spe|1\n|-curestatus|p2a: Orthworm|slp|[msg]\n|move|p2a: Orthworm|Coil|p2a: Orthworm\n|-boost|p2a: Orthworm|atk|1\n|-boost|p2a: Orthworm|def|1\n|-boost|p2a: Orthworm|accuracy|1\n|\n|upkeep\n|turn|6\n|\n|t:|1733846544\n|move|p1a: Feraligatr|Liquidation|p2a: Orthworm\n|-damage|p2a: Orthworm|167/266\n|move|p2a: Orthworm|Body Press|p1a: Feraligatr\n|-damage|p1a: Feraligatr|103/264\n|\n|upkeep\n|turn|7\n|\n|t:|1733846550\n|move|p1a: Feraligatr|Liquidation|p2a: Orthworm\n|-damage|p2a: Orthworm|77/266\n|move|p2a: Orthworm|Body Press|p1a: Feraligatr\n|-damage|p1a: Feraligatr|0 fnt\n|faint|p1a: Feraligatr\n|\n|upkeep\n|inactive|DarthRevanCH has 120 seconds left.\n|\n|t:|1733846578\n|switch|p1a: Slither Wing|Slither Wing, L81|270/270\n|turn|8\n|\n|t:|1733846583\n|move|p1a: Slither Wing|Close Combat|p2a: Orthworm\n|-supereffective|p2a: Orthworm\n|-damage|p2a: Orthworm|0 fnt\n|-unboost|p1a: Slither Wing|def|1\n|-unboost|p1a: Slither Wing|spd|1\n|faint|p2a: Orthworm\n|\n|upkeep\n|\n|t:|1733846595\n|switch|p2a: Cramorant|Cramorant, L86, F|261/261\n|turn|9\n|\n|t:|1733846611\n|-end|p1a: Slither Wing|Protosynthesis|[silent]\n|switch|p1a: Alcremie|Alcremie-Caramel-Swirl, L90, F|263/263\n|move|p2a: Cramorant|Brave Bird|p1a: Alcremie\n|-damage|p1a: Alcremie|134/263\n|-damage|p2a: Cramorant|218/261|[from] Recoil\n|\n|-heal|p1a: Alcremie|150/263|[from] item: Leftovers\n|upkeep\n|turn|10\n|\n|t:|1733846620\n|-terastallize|p1a: Alcremie|Steel\n|move|p2a: Cramorant|Brave Bird|p1a: Alcremie\n|-resisted|p1a: Alcremie\n|-damage|p1a: Alcremie|82/263\n|-damage|p2a: Cramorant|196/261|[from] Recoil\n|move|p1a: Alcremie|Recover|p1a: Alcremie\n|-heal|p1a: Alcremie|214/263\n|\n|-heal|p1a: Alcremie|230/263|[from] item: Leftovers\n|upkeep\n|turn|11\n|\n|t:|1733846631\n|switch|p2a: Ursaluna|Ursaluna-Bloodmoon, L79, M|308/308\n|move|p1a: Alcremie|Calm Mind|p1a: Alcremie\n|-boost|p1a: Alcremie|spa|1\n|-boost|p1a: Alcremie|spd|1\n|\n|-heal|p1a: Alcremie|246/263|[from] item: Leftovers\n|upkeep\n|turn|12\n|inactive|DarthRevanCH has 120 seconds left.\n|\n|t:|1733846656\n|move|p1a: Alcremie|Calm Mind|p1a: Alcremie\n|-boost|p1a: Alcremie|spa|1\n|-boost|p1a: Alcremie|spd|1\n|move|p2a: Ursaluna|Calm Mind|p2a: Ursaluna\n|-boost|p2a: Ursaluna|spa|1\n|-boost|p2a: Ursaluna|spd|1\n|\n|-heal|p1a: Alcremie|262/263|[from] item: Leftovers\n|upkeep\n|turn|13\n|\n|t:|1733846662\n|move|p1a: Alcremie|Alluring Voice|p2a: Ursaluna\n|-damage|p2a: Ursaluna|116/308\n|move|p2a: Ursaluna|Calm Mind|p2a: Ursaluna\n|-boost|p2a: Ursaluna|spa|1\n|-boost|p2a: Ursaluna|spd|1\n|\n|-heal|p1a: Alcremie|263/263|[from] item: Leftovers\n|-heal|p2a: Ursaluna|135/308|[from] item: Leftovers\n|upkeep\n|turn|14\n|\n|t:|1733846670\n|move|p1a: Alcremie|Psyshock|p2a: Ursaluna\n|-damage|p2a: Ursaluna|15/308\n|move|p2a: Ursaluna|Moonlight|p2a: Ursaluna\n|-heal|p2a: Ursaluna|169/308\n|\n|-heal|p2a: Ursaluna|188/308|[from] item: Leftovers\n|upkeep\n|turn|15\n|\n|t:|1733846680\n|move|p2a: Ursaluna|Vacuum Wave|p1a: Alcremie\n|-supereffective|p1a: Alcremie\n|-damage|p1a: Alcremie|213/263\n|move|p1a: Alcremie|Alluring Voice|p2a: Ursaluna\n|-damage|p2a: Ursaluna|50/308\n|\n|-heal|p1a: Alcremie|229/263|[from] item: Leftovers\n|-heal|p2a: Ursaluna|69/308|[from] item: Leftovers\n|upkeep\n|turn|16\n|\n|t:|1733846685\n|move|p1a: Alcremie|Alluring Voice|p2a: Ursaluna\n|-damage|p2a: Ursaluna|0 fnt\n|faint|p2a: Ursaluna\n|\n|-heal|p1a: Alcremie|245/263|[from] item: Leftovers\n|upkeep\n|\n|t:|1733846690\n|switch|p2a: Gurdurr|Gurdurr, L85, M|283/283\n|turn|17\n|\n|t:|1733846695\n|-terastallize|p2a: Gurdurr|Steel\n|move|p1a: Alcremie|Alluring Voice|p2a: Gurdurr\n|-resisted|p2a: Gurdurr\n|-damage|p2a: Gurdurr|173/283\n|move|p2a: Gurdurr|Drain Punch|p1a: Alcremie\n|-supereffective|p1a: Alcremie\n|-damage|p1a: Alcremie|63/263\n|-heal|p2a: Gurdurr|264/283|[from] drain|[of] p1a: Alcremie\n|\n|-heal|p1a: Alcremie|79/263|[from] item: Leftovers\n|upkeep\n|turn|18\n|\n|t:|1733846705\n|move|p1a: Alcremie|Alluring Voice|p2a: Gurdurr\n|-resisted|p2a: Gurdurr\n|-damage|p2a: Gurdurr|168/283\n|move|p2a: Gurdurr|Drain Punch|p1a: Alcremie\n|-supereffective|p1a: Alcremie\n|-damage|p1a: Alcremie|0 fnt\n|-heal|p2a: Gurdurr|208/283|[from] drain|[of] p1a: Alcremie\n|faint|p1a: Alcremie\n|\n|upkeep\n|\n|t:|1733846714\n|switch|p1a: Slither Wing|Slither Wing, L81|270/270\n|turn|19\n|\n|t:|1733846727\n|switch|p2a: Wigglytuff|Wigglytuff, L96, M|424/424\n|move|p1a: Slither Wing|Close Combat|p2a: Wigglytuff\n|-damage|p2a: Wigglytuff|220/424\n|-unboost|p1a: Slither Wing|def|1\n|-unboost|p1a: Slither Wing|spd|1\n|\n|-heal|p2a: Wigglytuff|246/424|[from] item: Leftovers\n|upkeep\n|turn|20\n|\n|t:|1733846738\n|-end|p1a: Slither Wing|Protosynthesis|[silent]\n|switch|p1a: Amoonguss|Amoonguss, L82, M|321/321\n|move|p2a: Wigglytuff|Thunder Wave|p1a: Amoonguss\n|-status|p1a: Amoonguss|par\n|\n|-heal|p2a: Wigglytuff|272/424|[from] item: Leftovers\n|upkeep\n|turn|21\n|\n|t:|1733846744\n|move|p2a: Wigglytuff|Knock Off|p1a: Amoonguss\n|-damage|p1a: Amoonguss|232/321 par\n|-enditem|p1a: Amoonguss|Leftovers|[from] move: Knock Off|[of] p2a: Wigglytuff\n|move|p1a: Amoonguss|Spore|p2a: Wigglytuff\n|-status|p2a: Wigglytuff|slp|[from] move: Spore\n|\n|-heal|p2a: Wigglytuff|298/424 slp|[from] item: Leftovers\n|upkeep\n|turn|22\n|\n|t:|1733846754\n|switch|p2a: Gurdurr|Gurdurr, L85, M, tera:Steel|208/283\n|move|p1a: Amoonguss|Sludge Bomb|p2a: Gurdurr\n|-immune|p2a: Gurdurr\n|\n|upkeep\n|turn|23\n|\n|t:|1733846763\n|switch|p1a: Slither Wing|Slither Wing, L81|270/270\n|move|p2a: Gurdurr|Drain Punch|p1a: Slither Wing\n|-resisted|p1a: Slither Wing\n|-crit|p1a: Slither Wing\n|-damage|p1a: Slither Wing|198/270\n|-heal|p2a: Gurdurr|244/283|[from] drain|[of] p1a: Slither Wing\n|\n|upkeep\n|turn|24\n|\n|t:|1733846771\n|switch|p2a: Wigglytuff|Wigglytuff, L96, M|298/424 slp\n|move|p1a: Slither Wing|Close Combat|p2a: Wigglytuff\n|-damage|p2a: Wigglytuff|72/424 slp\n|-unboost|p1a: Slither Wing|def|1\n|-unboost|p1a: Slither Wing|spd|1\n|\n|-heal|p2a: Wigglytuff|98/424 slp|[from] item: Leftovers\n|upkeep\n|turn|25\n|\n|t:|1733846777\n|-end|p1a: Slither Wing|Protosynthesis|[silent]\n|switch|p1a: Amoonguss|Amoonguss, L82, M|321/321 par\n|cant|p2a: Wigglytuff|slp\n|\n|-heal|p2a: Wigglytuff|124/424 slp|[from] item: Leftovers\n|upkeep\n|turn|26\n|\n|t:|1733846783\n|-curestatus|p2a: Wigglytuff|slp|[msg]\n|move|p2a: Wigglytuff|Fire Blast|p1a: Amoonguss\n|-supereffective|p1a: Amoonguss\n|-damage|p1a: Amoonguss|115/321 par\n|move|p1a: Amoonguss|Giga Drain|p2a: Wigglytuff\n|-damage|p2a: Wigglytuff|27/424\n|-heal|p1a: Amoonguss|164/321 par|[from] drain|[of] p2a: Wigglytuff\n|\n|-heal|p2a: Wigglytuff|53/424|[from] item: Leftovers\n|upkeep\n|turn|27\n|\n|t:|1733846797\n|switch|p1a: Florges|Florges-Orange, L85, F|271/271\n|move|p2a: Wigglytuff|Fire Blast|p1a: Florges\n|-damage|p1a: Florges|217/271\n|\n|-heal|p1a: Florges|233/271|[from] item: Leftovers\n|-heal|p2a: Wigglytuff|79/424|[from] item: Leftovers\n|upkeep\n|turn|28\n|\n|t:|1733846805\n|move|p1a: Florges|Moonblast|p2a: Wigglytuff\n|-crit|p2a: Wigglytuff\n|-damage|p2a: Wigglytuff|0 fnt\n|faint|p2a: Wigglytuff\n|\n|-heal|p1a: Florges|249/271|[from] item: Leftovers\n|upkeep\n|\n|t:|1733846814\n|switch|p2a: Cramorant|Cramorant, L86, F|196/261\n|turn|29\n|\n|t:|1733846820\n|move|p2a: Cramorant|Brave Bird|p1a: Florges\n|-damage|p1a: Florges|114/271\n|-damage|p2a: Cramorant|151/261|[from] Recoil\n|move|p1a: Florges|Moonblast|p2a: Cramorant\n|-damage|p2a: Cramorant|42/261\n|\n|-heal|p1a: Florges|130/271|[from] item: Leftovers\n|upkeep\n|turn|30\n|\n|t:|1733846829\n|move|p2a: Cramorant|Roost|p2a: Cramorant\n|-heal|p2a: Cramorant|173/261\n|-singleturn|p2a: Cramorant|move: Roost\n|move|p1a: Florges|Wish|p1a: Florges\n|\n|-heal|p1a: Florges|146/271|[from] item: Leftovers\n|upkeep\n|turn|31\n|\n|t:|1733846840\n|move|p2a: Cramorant|Brave Bird|p1a: Florges\n|-damage|p1a: Florges|0 fnt\n|faint|p1a: Florges\n|-damage|p2a: Cramorant|125/261|[from] Recoil\n|\n|upkeep\n|\n|t:|1733846865\n|switch|p1a: Meowscarada|Meowscarada, L78, F|247/247\n|turn|32\n|\n|t:|1733846877\n|switch|p2a: Gurdurr|Gurdurr, L85, M, tera:Steel|244/283\n|move|p1a: Meowscarada|Flower Trick|p2a: Gurdurr\n|-start|p1a: Meowscarada|typechange|Grass|[from] ability: Protean\n|-resisted|p2a: Gurdurr\n|-crit|p2a: Gurdurr\n|-damage|p2a: Gurdurr|204/283\n|\n|upkeep\n|turn|33\n|\n|t:|1733846898\n|switch|p1a: Slither Wing|Slither Wing, L81|198/270\n|move|p2a: Gurdurr|Drain Punch|p1a: Slither Wing\n|-resisted|p1a: Slither Wing\n|-damage|p1a: Slither Wing|144/270\n|-heal|p2a: Gurdurr|231/283|[from] drain|[of] p1a: Slither Wing\n|\n|upkeep\n|turn|34\n|\n|t:|1733846903\n|switch|p2a: Cramorant|Cramorant, L86, F|125/261\n|move|p1a: Slither Wing|Morning Sun|p1a: Slither Wing\n|-heal|p1a: Slither Wing|270/270\n|\n|upkeep\n|turn|35\n|\n|t:|1733846914\n|-end|p1a: Slither Wing|Protosynthesis|[silent]\n|switch|p1a: Amoonguss|Amoonguss, L82, M|271/321 par\n|move|p2a: Cramorant|Roost|p2a: Cramorant\n|-heal|p2a: Cramorant|256/261\n|-singleturn|p2a: Cramorant|move: Roost\n|\n|upkeep\n|turn|36\n|\n|t:|1733846920\n|move|p2a: Cramorant|Brave Bird|p1a: Amoonguss\n|-supereffective|p1a: Amoonguss\n|-damage|p1a: Amoonguss|0 fnt\n|faint|p1a: Amoonguss\n|-damage|p2a: Cramorant|167/261|[from] Recoil\n|\n|upkeep\n|\n|t:|1733846924\n|switch|p1a: Meowscarada|Meowscarada, L78, F|247/247\n|turn|37\n|\n|t:|1733846935\n|move|p1a: Meowscarada|Knock Off|p2a: Cramorant\n|-start|p1a: Meowscarada|typechange|Dark|[from] ability: Protean\n|-damage|p2a: Cramorant|34/261\n|-enditem|p2a: Cramorant|Heavy-Duty Boots|[from] move: Knock Off|[of] p1a: Meowscarada\n|move|p2a: Cramorant|Brave Bird|p1a: Meowscarada\n|-damage|p1a: Meowscarada|100/247\n|-damage|p2a: Cramorant|0 fnt|[from] Recoil\n|faint|p2a: Cramorant\n|\n|upkeep\n|\n|t:|1733846944\n|switch|p2a: Gurdurr|Gurdurr, L85, M, tera:Steel|231/283\n|turn|38\n|\n|t:|1733846951\n|switch|p2a: Garchomp|Garchomp, L74, M|282/282\n|move|p1a: Meowscarada|Knock Off|p2a: Garchomp\n|-damage|p2a: Garchomp|167/282\n|-damage|p1a: Meowscarada|70/247|[from] ability: Rough Skin|[of] p2a: Garchomp\n|-enditem|p2a: Garchomp|Loaded Dice|[from] move: Knock Off|[of] p1a: Meowscarada\n|\n|upkeep\n|turn|39\n|\n|t:|1733846964\n|switch|p2a: Gurdurr|Gurdurr, L85, M, tera:Steel|231/283\n|move|p1a: Meowscarada|Flower Trick|p2a: Gurdurr\n|-resisted|p2a: Gurdurr\n|-crit|p2a: Gurdurr\n|-damage|p2a: Gurdurr|205/283\n|\n|upkeep\n|turn|40\n|\n|t:|1733846970\n|move|p1a: Meowscarada|Knock Off|p2a: Gurdurr\n|-damage|p2a: Gurdurr|135/283\n|-enditem|p2a: Gurdurr|Eviolite|[from] move: Knock Off|[of] p1a: Meowscarada\n|move|p2a: Gurdurr|Drain Punch|p1a: Meowscarada\n|-supereffective|p1a: Meowscarada\n|-damage|p1a: Meowscarada|0 fnt\n|-heal|p2a: Gurdurr|170/283|[from] drain|[of] p1a: Meowscarada\n|faint|p1a: Meowscarada\n|\n|upkeep\n|\n|t:|1733846977\n|switch|p1a: Slither Wing|Slither Wing, L81|270/270\n|turn|41\n|\n|t:|1733846982\n|move|p2a: Gurdurr|Mach Punch|p1a: Slither Wing\n|-resisted|p1a: Slither Wing\n|-damage|p1a: Slither Wing|243/270\n|move|p1a: Slither Wing|Close Combat|p2a: Gurdurr\n|-supereffective|p2a: Gurdurr\n|-damage|p2a: Gurdurr|0 fnt\n|-unboost|p1a: Slither Wing|def|1\n|-unboost|p1a: Slither Wing|spd|1\n|faint|p2a: Gurdurr\n|\n|upkeep\n|\n|t:|1733846987\n|switch|p2a: Garchomp|Garchomp, L74, M|167/282\n|turn|42\n|\n|t:|1733846996\n|move|p2a: Garchomp|Fire Fang|p1a: Slither Wing\n|-supereffective|p1a: Slither Wing\n|-damage|p1a: Slither Wing|85/270\n|move|p1a: Slither Wing|Will-O-Wisp|p2a: Garchomp\n|-status|p2a: Garchomp|brn\n|\n|-damage|p2a: Garchomp|150/282 brn|[from] brn\n|upkeep\n|turn|43\n|\n|t:|1733847010\n|move|p2a: Garchomp|Swords Dance|p2a: Garchomp\n|-boost|p2a: Garchomp|atk|2\n|move|p1a: Slither Wing|Morning Sun|p1a: Slither Wing\n|-heal|p1a: Slither Wing|220/270\n|\n|-damage|p2a: Garchomp|133/282 brn|[from] brn\n|upkeep\n|turn|44\n|\n|t:|1733847018\n|move|p2a: Garchomp|Fire Fang|p1a: Slither Wing\n|-supereffective|p1a: Slither Wing\n|-damage|p1a: Slither Wing|65/270\n|move|p1a: Slither Wing|Close Combat|p2a: Garchomp\n|-damage|p2a: Garchomp|0 fnt\n|-unboost|p1a: Slither Wing|def|1\n|-unboost|p1a: Slither Wing|spd|1\n|-damage|p1a: Slither Wing|32/270|[from] ability: Rough Skin|[of] p2a: Garchomp\n|faint|p2a: Garchomp\n|\n|win|DarthRevanCH\n|raw|DarthRevanCH's rating: 1592 &rarr; <strong>1616</strong><br />(+24 for winning)\n|raw|Koalaboss257's rating: 1657 &rarr; <strong>1633</strong><br />(-24 for losing)\n|l|\u203dKoalaboss257\n|player|p2|\n|c|\u2606DarthRevanCH|gg\n", "inputlog": ">version bfd83cad13791eb5a5a409923076391caf6fb4d4\n>start {\"formatid\":\"gen9randombattle\",\"seed\":[58275,6079,20015,60144],\"rated\":\"Rated battle\"}\n>player p1 {\"name\":\"DarthRevanCH\",\"avatar\":\"benga\",\"rating\":1592,\"seed\":[36363,32403,4799,31566]}\n>player p2 {\"name\":\"Koalaboss257\",\"avatar\":\"hiker-gen4\",\"rating\":1637,\"seed\":[18670,47527,367,52237]}\n>p1 move spore\n>p2 switch 6\n>p1 move spore\n>p2 move coil\n>p1 switch 6\n>p2 move irontail\n>p1 move dragondance\n>p2 move coil\n>p1 move dragondance\n>p2 move coil\n>p1 move liquidation\n>p2 move bodypress\n>p1 move liquidation\n>p2 move bodypress\n>p1 switch 2\n>p1 move closecombat\n>p2 move irontail\n>p2 switch 3\n>p1 switch 3\n>p2 move bravebird\n>p1 move recover terastallize\n>p2 move bravebird\n>p1 move calmmind\n>p2 switch 4\n>p1 move calmmind\n>p2 move calmmind\n>p1 move alluringvoice\n>p2 move calmmind\n>p1 move psyshock\n>p2 move moonlight\n>p1 move alluringvoice\n>p2 move vacuumwave\n>p1 move alluringvoice\n>p2 move moonlight\n>p2 switch 2\n>p1 move alluringvoice\n>p2 move drainpunch terastallize\n>p1 move alluringvoice\n>p2 move drainpunch\n>p1 switch 3\n>p1 move closecombat\n>p2 switch 6\n>p1 switch 6\n>p2 move thunderwave\n>p1 move spore\n>p2 move knockoff\n>p1 move sludgebomb\n>p2 switch 6\n>p1 switch 6\n>p2 move drainpunch\n>p1 move closecombat\n>p2 switch 6\n>p1 switch 6\n>p2 move dazzlinggleam\n>p1 move gigadrain\n>p2 move fireblast\n>p1 switch 5\n>p2 move fireblast\n>p1 move moonblast\n>p2 move thunderwave\n>p2 switch 4\n>p1 move moonblast\n>p2 move bravebird\n>p1 move wish\n>p2 move roost\n>p1 move moonblast\n>p2 move bravebird\n>p1 switch 4\n>p1 move flowertrick\n>p2 switch 6\n>p1 switch 6\n>p2 move drainpunch\n>p1 move morningsun\n>p2 switch 6\n>p1 switch 5\n>p2 move roost\n>p1 move spore\n>p2 move bravebird\n>p1 switch 6\n>p1 move knockoff\n>p2 move bravebird\n>p2 switch 6\n>p1 move knockoff\n>p2 switch 5\n>p1 move flowertrick\n>p2 switch 5\n>p1 move knockoff\n>p2 move drainpunch\n>p1 switch 5\n>p1 move closecombat\n>p2 move machpunch\n>p2 switch 5\n>p1 move willowisp\n>p2 move firefang\n>p1 move morningsun\n>p2 move swordsdance\n>p1 move closecombat\n>p2 move firefang", "uploadtime": 1733847048, "views": 9, "formatid": "gen9randombattle", "rating": 1616, "private": 0, "password": null}