{"id": "gen9randombattle-2260634076", "format": "[Gen 9] Random Battle", "players": ["Princess Clover", "Zordy Mordy"], "log": "|j|\u2606Princess Clover\n|j|\u2606Zordy Mordy\n|t:|1733871803\n|gametype|singles\n|player|p1|Princess Clover|korrina-masters|1248\n|player|p2|Zordy Mordy|blaine|1209\n|teamsize|p1|6\n|teamsize|p2|6\n|gen|9\n|tier|[Gen 9] Random Battle\n|rated|\n|rule|Species Clause: Limit one of each Pok\u00e9mon\n|rule|HP Percentage Mod: HP is shown in percentages\n|rule|Sleep Clause Mod: Limit one foe put to sleep\n|rule|Illusion Level Mod: Illusion disguises the Pok\u00e9mon's true level\n|\n|t:|1733871803\n|start\n|switch|p1a: Serperior|Serperior, L79, F|248/248\n|switch|p2a: Regidrago|Regidrago, L77|435/435\n|turn|1\n|\n|t:|1733871824\n|switch|p2a: Noivern|Noivern, L82, M|274/274\n|move|p1a: Serperior|Glare|p2a: Noivern\n|-status|p2a: Noivern|par\n|\n|upkeep\n|turn|2\n|\n|t:|1733871835\n|move|p1a: Serperior|Leaf Storm|p2a: Noivern\n|-resisted|p2a: Noivern\n|-damage|p2a: Noivern|238/274 par\n|-boost|p1a: Serperior|spa|2\n|-damage|p1a: Serperior|224/248|[from] item: Life Orb\n|move|p2a: Noivern|U-turn|p1a: Serperior\n|-supereffective|p1a: Serperior\n|-damage|p1a: Serperior|152/248\n|\n|t:|1733871842\n|switch|p2a: Heatran|Heatran, L79, F|273/273|[from] U-turn\n|-item|p2a: Heatran|Air Balloon\n|\n|upkeep\n|turn|3\n|\n|t:|1733871850\n|move|p1a: Serperior|Glare|p2a: Heatran\n|-status|p2a: Heatran|par\n|move|p2a: Heatran|Lava Plume|p1a: Serperior\n|-supereffective|p1a: Serperior\n|-damage|p1a: Serperior|0 fnt\n|faint|p1a: Serperior\n|\n|upkeep\n|\n|t:|1733871858\n|switch|p1a: Hippowdon|Hippowdon, L82, F|311/311\n|-weather|Sandstorm|[from] ability: Sand Stream|[of] p1a: Hippowdon\n|turn|4\n|\n|t:|1733871866\n|move|p1a: Hippowdon|Stone Edge|p2a: Heatran\n|-damage|p2a: Heatran|209/273 par\n|-enditem|p2a: Heatran|Air Balloon\n|move|p2a: Heatran|Stealth Rock|p1a: Hippowdon\n|-sidestart|p1: Princess Clover|move: Stealth Rock\n|\n|-weather|Sandstorm|[upkeep]\n|upkeep\n|turn|5\n|\n|t:|1733871885\n|switch|p2a: Azumarill|Azumarill, L82, F|298/298\n|move|p1a: Hippowdon|Earthquake|p2a: Azumarill\n|-damage|p2a: Azumarill|177/298\n|\n|-weather|Sandstorm|[upkeep]\n|-damage|p2a: Azumarill|159/298|[from] Sandstorm\n|upkeep\n|turn|6\n|\n|t:|1733871901\n|switch|p1a: Araquanid|Araquanid, L82, F|246/246\n|-damage|p1a: Araquanid|185/246|[from] Stealth Rock\n|move|p2a: Azumarill|Liquidation|p1a: Araquanid\n|-resisted|p1a: Araquanid\n|-damage|p1a: Araquanid|101/246\n|-unboost|p1a: Araquanid|def|1\n|\n|-weather|Sandstorm|[upkeep]\n|-damage|p2a: Azumarill|141/298|[from] Sandstorm\n|-damage|p1a: Araquanid|86/246|[from] Sandstorm\n|upkeep\n|turn|7\n|\n|t:|1733871914\n|move|p2a: Azumarill|Liquidation|p1a: Araquanid\n|-resisted|p1a: Araquanid\n|-damage|p1a: Araquanid|0 fnt\n|faint|p1a: Araquanid\n|\n|-weather|Sandstorm|[upkeep]\n|-damage|p2a: Azumarill|123/298|[from] Sandstorm\n|upkeep\n|\n|t:|1733871926\n|switch|p1a: Iron Hands|Iron Hands, L79|373/373\n|-damage|p1a: Iron Hands|350/373|[from] Stealth Rock\n|turn|8\n|\n|t:|1733871944\n|switch|p2a: Regidrago|Regidrago, L77|435/435\n|move|p1a: Iron Hands|Wild Charge|p2a: Regidrago\n|-resisted|p2a: Regidrago\n|-damage|p2a: Regidrago|342/435\n|-damage|p1a: Iron Hands|327/373|[from] Recoil\n|\n|-weather|none\n|-heal|p1a: Iron Hands|350/373|[from] item: Leftovers\n|upkeep\n|turn|9\n|\n|t:|1733871962\n|move|p2a: Regidrago|Earthquake|p1a: Iron Hands\n|-supereffective|p1a: Iron Hands\n|-crit|p1a: Iron Hands\n|-damage|p1a: Iron Hands|186/373\n|move|p1a: Iron Hands|Ice Punch|p2a: Regidrago\n|-supereffective|p2a: Regidrago\n|-damage|p2a: Regidrago|152/435\n|-status|p2a: Regidrago|frz\n|-enditem|p2a: Regidrago|Lum Berry|[eat]\n|-curestatus|p2a: Regidrago|frz|[msg]\n|\n|-heal|p1a: Iron Hands|209/373|[from] item: Leftovers\n|upkeep\n|turn|10\n|\n|t:|1733871976\n|move|p2a: Regidrago|Earthquake|p1a: Iron Hands\n|-supereffective|p1a: Iron Hands\n|-damage|p1a: Iron Hands|101/373\n|move|p1a: Iron Hands|Ice Punch|p2a: Regidrago\n|-supereffective|p2a: Regidrago\n|-damage|p2a: Regidrago|0 fnt\n|faint|p2a: Regidrago\n|\n|-heal|p1a: Iron Hands|124/373|[from] item: Leftovers\n|upkeep\n|\n|t:|1733871986\n|switch|p2a: Heatran|Heatran, L79, F|209/273 par\n|turn|11\n|\n|t:|1733871992\n|move|p1a: Iron Hands|Drain Punch|p2a: Heatran\n|-supereffective|p2a: Heatran\n|-damage|p2a: Heatran|35/273 par\n|-heal|p1a: Iron Hands|211/373|[from] drain|[of] p2a: Heatran\n|move|p2a: Heatran|Earth Power|p1a: Iron Hands\n|-supereffective|p1a: Iron Hands\n|-damage|p1a: Iron Hands|35/373\n|-unboost|p1a: Iron Hands|spd|1\n|\n|-heal|p1a: Iron Hands|58/373|[from] item: Leftovers\n|upkeep\n|turn|12\n|\n|t:|1733872011\n|move|p1a: Iron Hands|Drain Punch|p2a: Heatran\n|-supereffective|p2a: Heatran\n|-damage|p2a: Heatran|0 fnt\n|-heal|p1a: Iron Hands|76/373|[from] drain|[of] p2a: Heatran\n|faint|p2a: Heatran\n|\n|-heal|p1a: Iron Hands|99/373|[from] item: Leftovers\n|upkeep\n|\n|t:|1733872018\n|switch|p2a: Noivern|Noivern, L82, M|238/274 par\n|turn|13\n|\n|t:|1733872026\n|move|p1a: Iron Hands|Ice Punch|p2a: Noivern\n|-supereffective|p2a: Noivern\n|-damage|p2a: Noivern|0 fnt\n|faint|p2a: Noivern\n|\n|-heal|p1a: Iron Hands|122/373|[from] item: Leftovers\n|upkeep\n|\n|t:|1733872041\n|switch|p2a: Ampharos|Ampharos, L88, F|302/302\n|turn|14\n|\n|t:|1733872048\n|move|p2a: Ampharos|Dazzling Gleam|p1a: Iron Hands\n|-supereffective|p1a: Iron Hands\n|-damage|p1a: Iron Hands|0 fnt\n|faint|p1a: Iron Hands\n|-end|p1a: Iron Hands|Quark Drive|[silent]\n|\n|upkeep\n|\n|t:|1733872053\n|switch|p1a: Hippowdon|Hippowdon, L82, F|311/311\n|-damage|p1a: Hippowdon|292/311|[from] Stealth Rock\n|-weather|Sandstorm|[from] ability: Sand Stream|[of] p1a: Hippowdon\n|turn|15\n|\n|t:|1733872061\n|switch|p2a: Azumarill|Azumarill, L82, F|123/298\n|move|p1a: Hippowdon|Earthquake|p2a: Azumarill\n|-damage|p2a: Azumarill|5/298\n|\n|-weather|Sandstorm|[upkeep]\n|-damage|p2a: Azumarill|0 fnt|[from] Sandstorm\n|faint|p2a: Azumarill\n|-heal|p1a: Hippowdon|311/311|[from] item: Leftovers\n|upkeep\n|\n|t:|1733872070\n|switch|p2a: Lucario|Lucario, L84, F|255/255\n|turn|16\n|\n|t:|1733872078\n|-terastallize|p2a: Lucario|Normal\n|move|p2a: Lucario|Extreme Speed|p1a: Hippowdon\n|-damage|p1a: Hippowdon|203/311\n|move|p1a: Hippowdon|Earthquake|p2a: Lucario\n|-damage|p2a: Lucario|114/255\n|\n|-weather|Sandstorm|[upkeep]\n|-damage|p2a: Lucario|99/255|[from] Sandstorm\n|-heal|p1a: Hippowdon|222/311|[from] item: Leftovers\n|upkeep\n|turn|17\n|\n|t:|1733872090\n|move|p2a: Lucario|Extreme Speed|p1a: Hippowdon\n|-damage|p1a: Hippowdon|114/311\n|move|p1a: Hippowdon|Slack Off|p1a: Hippowdon\n|-heal|p1a: Hippowdon|270/311\n|\n|-weather|Sandstorm|[upkeep]\n|-damage|p2a: Lucario|84/255|[from] Sandstorm\n|-heal|p1a: Hippowdon|289/311|[from] item: Leftovers\n|upkeep\n|turn|18\n|\n|t:|1733872099\n|move|p2a: Lucario|Extreme Speed|p1a: Hippowdon\n|-damage|p1a: Hippowdon|180/311\n|move|p1a: Hippowdon|Curse|p1a: Hippowdon\n|-unboost|p1a: Hippowdon|spe|1\n|-boost|p1a: Hippowdon|atk|1\n|-boost|p1a: Hippowdon|def|1\n|\n|-weather|Sandstorm|[upkeep]\n|-damage|p2a: Lucario|69/255|[from] Sandstorm\n|-heal|p1a: Hippowdon|199/311|[from] item: Leftovers\n|upkeep\n|turn|19\n|c|\u2606Zordy Mordy|gg\n|c|\u2606Princess Clover|gg\n|-message|Zordy Mordy forfeited.\n|\n|win|Princess Clover\n|raw|Princess Clover's rating: 1248 &rarr; <strong>1270</strong><br />(+22 for winning)\n|raw|Zordy Mordy's rating: 1209 &rarr; <strong>1187</strong><br />(-22 for losing)\n|l|\u2606Zordy Mordy\n|player|p2|\n", "inputlog": ">version bfd83cad13791eb5a5a409923076391caf6fb4d4\n>start {\"formatid\":\"gen9randombattle\",\"seed\":[1023,35023,32882,703],\"rated\":\"Rated battle\"}\n>player p1 {\"name\":\"Princess Clover\",\"avatar\":\"korrina-masters\",\"rating\":1248,\"seed\":[64688,50724,47147,2163]}\n>player p2 {\"name\":\"Zordy Mordy\",\"avatar\":\"blaine\",\"rating\":1209,\"seed\":[4305,22558,13690,13815]}\n>p1 move glare\n>p2 switch 4\n>p1 move leafstorm\n>p2 move uturn\n>p2 switch 3\n>p1 move glare\n>p2 move lavaplume\n>p1 switch 5\n>p1 move stoneedge\n>p2 move stealthrock\n>p1 move earthquake\n>p2 switch 6\n>p1 switch 4\n>p2 move liquidation\n>p1 move leechlife\n>p2 move liquidation\n>p1 switch 6\n>p1 move wildcharge\n>p2 switch 4\n>p1 move icepunch\n>p2 move earthquake\n>p1 move icepunch\n>p2 move earthquake\n>p2 switch 6\n>p1 move drainpunch\n>p2 move earthpower\n>p1 move drainpunch\n>p2 move earthpower\n>p2 switch 3\n>p1 move icepunch\n>p2 move flamethrower\n>p2 switch 2\n>p1 move drainpunch\n>p2 move dazzlinggleam\n>p1 switch 4\n>p1 move earthquake\n>p2 switch 4\n>p2 switch 5\n>p1 move earthquake\n>p2 move extremespeed terastallize\n>p1 move slackoff\n>p2 move extremespeed\n>p1 move curse\n>p2 move extremespeed\n>chat \u2606Zordy Mordy|gg\n>chat \u2606Princess Clover|gg\n>forcelose p2", "uploadtime": 1733872121, "views": 1, "formatid": "gen9randombattle", "rating": 1187, "private": 0, "password": null}