{"id": "gen9randombattle-2258891683", "format": "[Gen 9] Random Battle", "players": ["Terrade", "Yusei1789"], "log": "|badge|p1|bronze|gen9randombattle|100-3\n|uhtml|medal-msg|<div class=\"broadcast-blue\">Curious what those medals under the avatar are? PS now has Ladder Seasons! For more information, check out the <a href=\"https://www.smogon.com/forums/threads/3740067/\">thread on Smogon.</a></div>\n|j|\u2606Terrade\n|j|\u2606Yusei1789\n|t:|1733631964\n|gametype|singles\n|player|p1|Terrade|bruno-gen3|2308\n|player|p2|Yusei1789|102|2259\n|teamsize|p1|6\n|teamsize|p2|6\n|gen|9\n|tier|[Gen 9] Random Battle\n|rated|\n|rule|Species Clause: Limit one of each Pok\u00e9mon\n|rule|HP Percentage Mod: HP is shown in percentages\n|rule|Sleep Clause Mod: Limit one foe put to sleep\n|rule|Illusion Level Mod: Illusion disguises the Pok\u00e9mon's true level\n|\n|t:|1733631964\n|start\n|switch|p1a: Chandelure|Chandelure, L83, F|235/235\n|switch|p2a: Sudowoodo|Sudowoodo, L94, M|284/284\n|turn|1\n|inactive|Battle timer is ON: inactive players will automatically lose when time's up. (requested by Yusei1789)\n|inactive|Terrade has 120 seconds left.\n|\n|t:|1733632007\n|-terastallize|p1a: Chandelure|Grass\n|move|p1a: Chandelure|Energy Ball|p2a: Sudowoodo\n|-supereffective|p2a: Sudowoodo\n|-damage|p2a: Sudowoodo|0 fnt\n|faint|p2a: Sudowoodo\n|\n|upkeep\n|\n|t:|1733632018\n|switch|p2a: Swanna|Swanna, L88, F|275/275\n|turn|2\n|\n|t:|1733632029\n|switch|p1a: Zapdos|Zapdos, L78|268/268\n|move|p2a: Swanna|Knock Off|p1a: Zapdos\n|-damage|p1a: Zapdos|192/268\n|-status|p2a: Swanna|par|[from] ability: Static|[of] p1a: Zapdos\n|-enditem|p1a: Zapdos|Heavy-Duty Boots|[from] move: Knock Off|[of] p2a: Swanna\n|\n|upkeep\n|turn|3\n|\n|t:|1733632040\n|switch|p2a: Donphan|Donphan, L84, F|288/288\n|move|p1a: Zapdos|Discharge|p2a: Donphan\n|-immune|p2a: Donphan\n|\n|upkeep\n|turn|4\n|\n|t:|1733632063\n|switch|p1a: Oinkologne|Oinkologne, L92, M|352/352\n|move|p2a: Donphan|Ice Shard|p1a: Oinkologne\n|-damage|p1a: Oinkologne|334/352\n|\n|-heal|p1a: Oinkologne|352/352|[from] item: Leftovers\n|upkeep\n|turn|5\n|\n|t:|1733632075\n|switch|p1a: Chandelure|Chandelure, L83, F, tera:Grass|235/235\n|move|p2a: Donphan|Knock Off|p1a: Chandelure\n|-damage|p1a: Chandelure|153/235\n|-enditem|p1a: Chandelure|Choice Scarf|[from] move: Knock Off|[of] p2a: Donphan\n|\n|upkeep\n|turn|6\n|\n|t:|1733632094\n|switch|p2a: Swanna|Swanna, L88, F|275/275 par\n|move|p1a: Chandelure|Trick|p2a: Swanna\n|-activate|p1a: Chandelure|move: Trick|[of] p2a: Swanna\n|-enditem|p2a: Swanna|Heavy-Duty Boots|[silent]|[from] move: Trick\n|-item|p1a: Chandelure|Heavy-Duty Boots|[from] move: Trick\n|\n|upkeep\n|turn|7\n|\n|t:|1733632106\n|switch|p1a: Zapdos|Zapdos, L78|192/268\n|move|p2a: Swanna|Hydro Pump|p1a: Zapdos\n|-damage|p1a: Zapdos|75/268\n|\n|upkeep\n|turn|8\n|\n|t:|1733632116\n|switch|p2a: Eelektross|Eelektross, L87, M|290/290\n|move|p1a: Zapdos|Roost|p1a: Zapdos\n|-heal|p1a: Zapdos|209/268\n|-singleturn|p1a: Zapdos|move: Roost\n|\n|upkeep\n|turn|9\n|inactive|Terrade has 120 seconds left.\n|\n|t:|1733632147\n|switch|p1a: Chandelure|Chandelure, L83, F, tera:Grass|153/235\n|move|p2a: Eelektross|Discharge|p1a: Chandelure\n|-resisted|p1a: Chandelure\n|-damage|p1a: Chandelure|102/235\n|-status|p1a: Chandelure|par\n|\n|upkeep\n|turn|10\n|inactive|Terrade has 120 seconds left.\n|\n|t:|1733632160\n|move|p2a: Eelektross|U-turn|p1a: Chandelure\n|-supereffective|p1a: Chandelure\n|-damage|p1a: Chandelure|0 fnt\n|faint|p1a: Chandelure\n|\n|t:|1733632169\n|switch|p2a: Passimian|Passimian, L83, M|302/302|[from] U-turn\n|\n|upkeep\n|\n|t:|1733632178\n|switch|p1a: Mew|Mew, L82|298/298\n|turn|11\n|\n|t:|1733632186\n|move|p2a: Passimian|U-turn|p1a: Mew\n|-supereffective|p1a: Mew\n|-damage|p1a: Mew|182/298\n|\n|t:|1733632192\n|switch|p2a: Donphan|Donphan, L84, F|288/288|[from] U-turn\n|move|p1a: Mew|Toxic Spikes|p2a: Donphan\n|-sidestart|p2: Yusei1789|move: Toxic Spikes\n|\n|-heal|p1a: Mew|200/298|[from] item: Leftovers\n|upkeep\n|turn|12\n|\n|t:|1733632207\n|move|p1a: Mew|U-turn|p2a: Donphan\n|-damage|p2a: Donphan|252/288\n|\n|t:|1733632212\n|switch|p1a: Zapdos|Zapdos, L78|209/268|[from] U-turn\n|move|p2a: Donphan|Rapid Spin|p1a: Zapdos\n|-damage|p1a: Zapdos|158/268\n|-boost|p2a: Donphan|spe|1\n|-sideend|p2: Yusei1789|Toxic Spikes|[from] move: Rapid Spin|[of] p2a: Donphan\n|\n|upkeep\n|turn|13\n|j| Capasid\n|\n|t:|1733632236\n|switch|p1a: Oinkologne|Oinkologne, L92, M|352/352\n|switch|p2a: Eelektross|Eelektross, L87, M|290/290\n|\n|upkeep\n|turn|14\n|\n|t:|1733632244\n|move|p1a: Oinkologne|Curse|p1a: Oinkologne\n|-unboost|p1a: Oinkologne|spe|1\n|-boost|p1a: Oinkologne|atk|1\n|-boost|p1a: Oinkologne|def|1\n|move|p2a: Eelektross|Discharge|p1a: Oinkologne\n|-damage|p1a: Oinkologne|258/352\n|\n|-heal|p1a: Oinkologne|280/352|[from] item: Leftovers\n|upkeep\n|turn|15\n|\n|t:|1733632254\n|move|p2a: Eelektross|Discharge|p1a: Oinkologne\n|-damage|p1a: Oinkologne|195/352\n|-status|p1a: Oinkologne|par\n|move|p1a: Oinkologne|Double-Edge|p2a: Eelektross\n|-damage|p2a: Eelektross|70/290\n|-damage|p1a: Oinkologne|122/352 par|[from] Recoil\n|\n|-heal|p1a: Oinkologne|144/352 par|[from] item: Leftovers\n|upkeep\n|turn|16\n|inactive|Yusei1789 has 120 seconds left.\n|\n|t:|1733632280\n|move|p2a: Eelektross|Discharge|p1a: Oinkologne\n|-damage|p1a: Oinkologne|53/352 par\n|cant|p1a: Oinkologne|par\n|\n|-heal|p1a: Oinkologne|75/352 par|[from] item: Leftovers\n|upkeep\n|turn|17\n|\n|t:|1733632291\n|switch|p1a: Jolteon|Jolteon, L84, M|246/246\n|move|p2a: Eelektross|Discharge|p1a: Jolteon\n|-immune|p1a: Jolteon|[from] ability: Volt Absorb\n|\n|upkeep\n|turn|18\n|\n|t:|1733632308\n|move|p1a: Jolteon|Tera Blast|p2a: Eelektross\n|-damage|p2a: Eelektross|23/290\n|move|p2a: Eelektross|U-turn|p1a: Jolteon\n|-damage|p1a: Jolteon|164/246\n|inactive|Yusei1789 has 120 seconds left.\n|\n|t:|1733632329\n|switch|p2a: Donphan|Donphan, L84, F|252/288|[from] U-turn\n|\n|-heal|p1a: Jolteon|179/246|[from] item: Leftovers\n|upkeep\n|turn|19\n|inactive|Yusei1789 has 120 seconds left.\n|\n|t:|1733632345\n|switch|p1a: Zapdos|Zapdos, L78|158/268\n|move|p2a: Donphan|Ice Shard|p1a: Zapdos\n|-supereffective|p1a: Zapdos\n|-damage|p1a: Zapdos|86/268\n|\n|upkeep\n|turn|20\n|inactive|Yusei1789 has 120 seconds left.\n|\n|t:|1733632361\n|move|p1a: Zapdos|Hurricane|p2a: Donphan|[miss]\n|-miss|p1a: Zapdos|p2a: Donphan\n|move|p2a: Donphan|Earthquake|p1a: Zapdos\n|-immune|p1a: Zapdos\n|\n|upkeep\n|turn|21\n|inactive|Yusei1789 has 120 seconds left.\n|\n|t:|1733632366\n|move|p2a: Donphan|Ice Shard|p1a: Zapdos\n|-supereffective|p1a: Zapdos\n|-damage|p1a: Zapdos|14/268\n|move|p1a: Zapdos|Roost|p1a: Zapdos\n|-heal|p1a: Zapdos|148/268\n|-singleturn|p1a: Zapdos|move: Roost\n|\n|upkeep\n|turn|22\n|\n|t:|1733632373\n|switch|p1a: Oinkologne|Oinkologne, L92, M|75/352 par\n|move|p2a: Donphan|Ice Shard|p1a: Oinkologne\n|-crit|p1a: Oinkologne\n|-damage|p1a: Oinkologne|49/352 par\n|\n|-heal|p1a: Oinkologne|71/352 par|[from] item: Leftovers\n|upkeep\n|turn|23\n|\n|t:|1733632378\n|switch|p1a: Zapdos|Zapdos, L78|148/268\n|move|p2a: Donphan|Earthquake|p1a: Zapdos\n|-immune|p1a: Zapdos\n|\n|upkeep\n|turn|24\n|\n|t:|1733632395\n|switch|p1a: Kricketune|Kricketune, L99, F|312/312\n|move|p2a: Donphan|Ice Shard|p1a: Kricketune\n|-damage|p1a: Kricketune|266/312\n|\n|upkeep\n|turn|25\n|\n|t:|1733632400\n|move|p1a: Kricketune|Knock Off|p2a: Donphan\n|-crit|p2a: Donphan\n|-damage|p2a: Donphan|145/288\n|-enditem|p2a: Donphan|Assault Vest|[from] move: Knock Off|[of] p1a: Kricketune\n|move|p2a: Donphan|Rapid Spin|p1a: Kricketune\n|-damage|p1a: Kricketune|216/312\n|-boost|p2a: Donphan|spe|1\n|\n|upkeep\n|turn|26\n|\n|t:|1733632412\n|move|p2a: Donphan|Knock Off|p1a: Kricketune\n|-damage|p1a: Kricketune|112/312\n|-enditem|p1a: Kricketune|Heavy-Duty Boots|[from] move: Knock Off|[of] p2a: Donphan\n|move|p1a: Kricketune|Sticky Web|p2a: Donphan\n|-sidestart|p2: Yusei1789|move: Sticky Web\n|\n|upkeep\n|turn|27\n|\n|t:|1733632416\n|switch|p1a: Zapdos|Zapdos, L78|148/268\n|move|p2a: Donphan|Rapid Spin|p1a: Zapdos\n|-damage|p1a: Zapdos|105/268\n|-boost|p2a: Donphan|spe|1\n|-sideend|p2: Yusei1789|Sticky Web|[from] move: Rapid Spin|[of] p2a: Donphan\n|\n|upkeep\n|turn|28\n|\n|t:|1733632436\n|move|p2a: Donphan|Ice Shard|p1a: Zapdos\n|-supereffective|p1a: Zapdos\n|-damage|p1a: Zapdos|25/268\n|move|p1a: Zapdos|Roost|p1a: Zapdos\n|-heal|p1a: Zapdos|159/268\n|-singleturn|p1a: Zapdos|move: Roost\n|\n|upkeep\n|turn|29\n|\n|t:|1733632442\n|move|p2a: Donphan|Ice Shard|p1a: Zapdos\n|-supereffective|p1a: Zapdos\n|-damage|p1a: Zapdos|83/268\n|move|p1a: Zapdos|Roost|p1a: Zapdos\n|-heal|p1a: Zapdos|217/268\n|-singleturn|p1a: Zapdos|move: Roost\n|\n|upkeep\n|turn|30\n|\n|t:|1733632445\n|move|p2a: Donphan|Ice Shard|p1a: Zapdos\n|-supereffective|p1a: Zapdos\n|-damage|p1a: Zapdos|143/268\n|move|p1a: Zapdos|Hurricane|p2a: Donphan\n|-damage|p2a: Donphan|0 fnt\n|faint|p2a: Donphan\n|\n|upkeep\n|\n|t:|1733632455\n|switch|p2a: Ogerpon|Ogerpon-Wellspring, L76, F|247/247\n|turn|31\n|\n|t:|1733632469\n|switch|p1a: Oinkologne|Oinkologne, L92, M|71/352 par\n|-terastallize|p2a: Ogerpon|Water\n|detailschange|p2a: Ogerpon|Ogerpon-Wellspring-Tera, L76, F, tera:Water\n|-ability|p2a: Ogerpon|Embody Aspect (Wellspring)|boost\n|-boost|p2a: Ogerpon|spd|1\n|move|p2a: Ogerpon|Ivy Cudgel|p1a: Oinkologne|[anim] Ivy Cudgel Water\n|-damage|p1a: Oinkologne|0 fnt\n|faint|p1a: Oinkologne\n|\n|upkeep\n|\n|t:|1733632482\n|switch|p1a: Jolteon|Jolteon, L84, M|179/246\n|turn|32\n|\n|t:|1733632497\n|move|p1a: Jolteon|Thunderbolt|p2a: Ogerpon\n|-supereffective|p2a: Ogerpon\n|-damage|p2a: Ogerpon|95/247\n|move|p2a: Ogerpon|Ivy Cudgel|p1a: Jolteon|[anim] Ivy Cudgel Water\n|-damage|p1a: Jolteon|0 fnt\n|faint|p1a: Jolteon\n|\n|upkeep\n|inactive|Terrade has 120 seconds left.\n|-message|Terrade forfeited.\n|\n|win|Yusei1789\n|raw|Terrade's rating: 2308 &rarr; <strong>2285</strong><br />(-23 for losing)\n|raw|Yusei1789's rating: 2259 &rarr; <strong>2282</strong><br />(+23 for winning)\n|l|\u2606Terrade\n|player|p1|\n", "inputlog": ">version 365acc624afcdf90fc21bacabe73781eda514130\n>start {\"formatid\":\"gen9randombattle\",\"seed\":[32185,15378,15383,18913],\"rated\":\"Rated battle\"}\n>player p1 {\"name\":\"Terrade\",\"avatar\":\"bruno-gen3\",\"rating\":2308,\"seed\":[52046,24939,14580,535]}\n>player p2 {\"name\":\"Yusei1789\",\"avatar\":\"102\",\"rating\":2259,\"seed\":[47804,19054,22361,62484]}\n>p1 move energyball terastallize\n>p2 move headsmash\n>p2 switch 6\n>p1 switch 3\n>p2 move knockoff\n>p1 move discharge\n>p2 switch 5\n>p1 switch 2\n>p2 move iceshard\n>p1 switch 3\n>p2 move knockoff\n>p1 move trick\n>p2 switch 5\n>p1 switch 2\n>p2 move hydropump\n>p1 move roost\n>p2 switch 4\n>p1 switch 2\n>p2 move discharge\n>p1 move trick\n>p2 move uturn\n>p2 switch 2\n>p1 switch 6\n>p1 move toxicspikes\n>p2 move uturn\n>p2 switch 5\n>p1 move uturn\n>p2 move rapidspin\n>p1 switch 2\n>p1 switch 3\n>p2 switch 2\n>p1 move curse\n>p2 move discharge\n>p1 move doubleedge\n>p2 move discharge\n>p1 move doubleedge\n>p2 move discharge\n>p1 switch 4\n>p2 move discharge\n>p1 move terablast\n>p2 move uturn\n>p2 switch 2\n>p1 switch 3\n>p2 move iceshard\n>p1 move hurricane\n>p2 move earthquake\n>p1 move roost\n>p2 move iceshard\n>p1 switch 4\n>p2 move iceshard\n>p1 switch 4\n>p2 move earthquake\n>p1 switch 5\n>p2 move iceshard\n>p1 move knockoff\n>p2 move rapidspin\n>p1 move stickyweb\n>p2 move knockoff\n>p1 switch 5\n>p2 move rapidspin\n>p1 move roost\n>p2 move iceshard\n>p1 move roost\n>p2 move iceshard\n>p1 move hurricane\n>p2 move iceshard\n>p2 switch 3\n>p1 switch 4\n>p2 move ivycudgel terastallize\n>p1 switch 3\n>p1 move thunderbolt\n>p2 move ivycudgel\n>forcelose p1", "uploadtime": 1733632533, "views": 31, "formatid": "gen9randombattle", "rating": 2282, "private": 0, "password": null}