{"id": "gen9randombattle-2260360067", "format": "[Gen 9] Random Battle", "players": ["solo_huevos101", "shelldon13"], "log": "|j|\u2606solo_huevos101\n|j|\u2606shelldon13\n|t:|1733843855\n|gametype|singles\n|player|p1|solo_huevos101|candice|1076\n|player|p2|shelldon13|burglar|1094\n|teamsize|p1|6\n|teamsize|p2|6\n|gen|9\n|tier|[Gen 9] Random Battle\n|rated|\n|rule|Species Clause: Limit one of each Pok\u00e9mon\n|rule|HP Percentage Mod: HP is shown in percentages\n|rule|Sleep Clause Mod: Limit one foe put to sleep\n|rule|Illusion Level Mod: Illusion disguises the Pok\u00e9mon's true level\n|\n|t:|1733843855\n|start\n|switch|p1a: Shiftry|Shiftry, L89, F|305/305\n|switch|p2a: Vaporeon|Vaporeon, L86, M|364/364\n|turn|1\n|\n|t:|1733843881\n|switch|p2a: Ho-Oh|Ho-Oh, L71|268/268\n|move|p1a: Shiftry|Knock Off|p2a: Ho-Oh\n|-damage|p2a: Ho-Oh|130/268\n|-enditem|p2a: Ho-Oh|Heavy-Duty Boots|[from] move: Knock Off|[of] p1a: Shiftry\n|\n|upkeep\n|turn|2\n|\n|t:|1733843900\n|switch|p1a: Sandslash|Sandslash, L88, M|275/275\n|move|p2a: Ho-Oh|Recover|p2a: Ho-Oh\n|-heal|p2a: Ho-Oh|264/268\n|\n|upkeep\n|turn|3\n|\n|t:|1733843918\n|switch|p2a: Vaporeon|Vaporeon, L86, M|364/364\n|move|p1a: Sandslash|Stone Edge|p2a: Vaporeon\n|-damage|p2a: Vaporeon|257/364\n|\n|-heal|p2a: Vaporeon|279/364|[from] item: Leftovers\n|upkeep\n|turn|4\n|\n|t:|1733843927\n|switch|p1a: Pikachu|Pikachu-Original, L93, M|216/216\n|move|p2a: Vaporeon|Roar|p1a: Pikachu\n|drag|p1a: Sableye|Sableye, L89, M|234/234\n|\n|-heal|p2a: Vaporeon|301/364|[from] item: Leftovers\n|upkeep\n|turn|5\n|\n|t:|1733843938\n|move|p2a: Vaporeon|Scald|p1a: Sableye\n|-damage|p1a: Sableye|123/234\n|move|p1a: Sableye|Knock Off|p2a: Vaporeon\n|-damage|p2a: Vaporeon|174/364\n|-enditem|p2a: Vaporeon|Leftovers|[from] move: Knock Off|[of] p1a: Sableye\n|\n|-heal|p1a: Sableye|137/234|[from] item: Leftovers\n|upkeep\n|turn|6\n|\n|t:|1733843947\n|move|p1a: Sableye|Will-O-Wisp|p2a: Vaporeon\n|-status|p2a: Vaporeon|brn\n|move|p2a: Vaporeon|Wish|p2a: Vaporeon\n|\n|-heal|p1a: Sableye|151/234|[from] item: Leftovers\n|-damage|p2a: Vaporeon|152/364 brn|[from] brn\n|upkeep\n|turn|7\n|\n|t:|1733843956\n|move|p1a: Sableye|Encore|p2a: Vaporeon\n|-start|p2a: Vaporeon|Encore\n|move|p2a: Vaporeon|Wish||[still]\n|-fail|p2a: Vaporeon\n|\n|-heal|p2a: Vaporeon|334/364 brn|[from] move: Wish|[wisher] Vaporeon\n|-heal|p1a: Sableye|165/234|[from] item: Leftovers\n|-damage|p2a: Vaporeon|312/364 brn|[from] brn\n|upkeep\n|turn|8\n|\n|t:|1733843972\n|switch|p2a: Arboliva|Arboliva, L91, F|288/288\n|switch|p1a: Shiftry|Shiftry, L89, F|305/305\n|\n|upkeep\n|turn|9\n|\n|t:|1733843982\n|switch|p2a: Ho-Oh|Ho-Oh, L71|268/268\n|move|p1a: Shiftry|Knock Off|p2a: Ho-Oh\n|-damage|p2a: Ho-Oh|180/268\n|\n|upkeep\n|turn|10\n|\n|t:|1733843993\n|switch|p1a: Sandslash|Sandslash, L88, M|275/275\n|move|p2a: Ho-Oh|Sacred Fire|p1a: Sandslash\n|-damage|p1a: Sandslash|202/275\n|\n|-heal|p1a: Sandslash|219/275|[from] item: Leftovers\n|upkeep\n|turn|11\n|\n|t:|1733844010\n|switch|p2a: Arboliva|Arboliva, L91, F|288/288\n|move|p1a: Sandslash|Stone Edge|p2a: Arboliva\n|-damage|p2a: Arboliva|217/288\n|\n|-heal|p1a: Sandslash|236/275|[from] item: Leftovers\n|upkeep\n|turn|12\n|\n|t:|1733844020\n|switch|p1a: Quaquaval|Quaquaval, L79, F|264/264\n|move|p2a: Arboliva|Leech Seed|p1a: Quaquaval\n|-start|p1a: Quaquaval|move: Leech Seed\n|\n|-damage|p1a: Quaquaval|231/264|[from] Leech Seed|[of] p2a: Arboliva\n|-heal|p2a: Arboliva|250/288|[silent]\n|upkeep\n|turn|13\n|\n|t:|1733844034\n|switch|p2a: Vaporeon|Vaporeon, L86, M|312/364 brn\n|move|p1a: Quaquaval|Triple Axel|p2a: Vaporeon\n|-resisted|p2a: Vaporeon\n|-damage|p2a: Vaporeon|299/364 brn\n|-hitcount|p2a: Vaporeon|1\n|-damage|p1a: Quaquaval|205/264|[from] item: Life Orb\n|\n|-damage|p1a: Quaquaval|172/264|[from] Leech Seed|[of] p2a: Vaporeon\n|-heal|p2a: Vaporeon|332/364 brn|[silent]\n|-damage|p2a: Vaporeon|310/364 brn|[from] brn\n|upkeep\n|turn|14\n|\n|t:|1733844046\n|switch|p1a: Shiftry|Shiftry, L89, F|305/305\n|move|p2a: Vaporeon|Roar|p1a: Shiftry\n|drag|p1a: Sableye|Sableye, L89, M|165/234\n|\n|-heal|p1a: Sableye|179/234|[from] item: Leftovers\n|-damage|p2a: Vaporeon|288/364 brn|[from] brn\n|upkeep\n|turn|15\n|\n|t:|1733844057\n|move|p2a: Vaporeon|Protect|p2a: Vaporeon\n|-singleturn|p2a: Vaporeon|Protect\n|move|p1a: Sableye|Encore|p2a: Vaporeon\n|-activate|p2a: Vaporeon|move: Protect\n|\n|-heal|p1a: Sableye|193/234|[from] item: Leftovers\n|-damage|p2a: Vaporeon|266/364 brn|[from] brn\n|upkeep\n|turn|16\n|\n|t:|1733844065\n|move|p2a: Vaporeon|Protect||[still]\n|-fail|p2a: Vaporeon\n|move|p1a: Sableye|Encore|p2a: Vaporeon\n|-start|p2a: Vaporeon|Encore\n|\n|-heal|p1a: Sableye|207/234|[from] item: Leftovers\n|-damage|p2a: Vaporeon|244/364 brn|[from] brn\n|upkeep\n|turn|17\n|\n|t:|1733844078\n|switch|p2a: Arboliva|Arboliva, L91, F|250/288\n|switch|p1a: Shiftry|Shiftry, L89, F|305/305\n|\n|upkeep\n|turn|18\n|\n|t:|1733844087\n|switch|p2a: Ho-Oh|Ho-Oh, L71|268/268\n|move|p1a: Shiftry|Knock Off|p2a: Ho-Oh\n|-damage|p2a: Ho-Oh|175/268\n|\n|upkeep\n|turn|19\n|\n|t:|1733844100\n|switch|p1a: Pikachu|Pikachu-Original, L93, M|216/216\n|move|p2a: Ho-Oh|Recover|p2a: Ho-Oh\n|-heal|p2a: Ho-Oh|268/268\n|\n|upkeep\n|turn|20\n|\n|t:|1733844115\n|move|p1a: Pikachu|Volt Tackle|p2a: Ho-Oh\n|-supereffective|p2a: Ho-Oh\n|-damage|p2a: Ho-Oh|0 fnt\n|faint|p2a: Ho-Oh\n|-damage|p1a: Pikachu|128/216|[from] Recoil\n|\n|upkeep\n|\n|t:|1733844124\n|switch|p2a: Arboliva|Arboliva, L91, F|250/288\n|turn|21\n|\n|t:|1733844130\n|move|p1a: Pikachu|Knock Off|p2a: Arboliva\n|-damage|p2a: Arboliva|145/288\n|-enditem|p2a: Arboliva|Sitrus Berry|[from] move: Knock Off|[of] p1a: Pikachu\n|move|p2a: Arboliva|Leech Seed|p1a: Pikachu|[miss]\n|-miss|p2a: Arboliva|p1a: Pikachu\n|\n|upkeep\n|turn|22\n|\n|t:|1733844137\n|move|p2a: Arboliva|Protect|p2a: Arboliva\n|-singleturn|p2a: Arboliva|Protect\n|move|p1a: Pikachu|Volt Switch|p2a: Arboliva\n|-activate|p2a: Arboliva|move: Protect\n|\n|upkeep\n|turn|23\n|\n|t:|1733844145\n|move|p2a: Arboliva|Protect||[still]\n|-fail|p2a: Arboliva\n|move|p1a: Pikachu|Volt Switch|p2a: Arboliva\n|-resisted|p2a: Arboliva\n|-crit|p2a: Arboliva\n|-damage|p2a: Arboliva|82/288\n|\n|t:|1733844156\n|switch|p1a: Sunflora|Sunflora, M|312/312|[from] Volt Switch\n|\n|upkeep\n|turn|24\n|\n|t:|1733844168\n|switch|p2a: Cryogonal|Cryogonal, L89|287/287\n|move|p1a: Sunflora|Sunny Day|p1a: Sunflora\n|-weather|SunnyDay\n|\n|-weather|SunnyDay|[upkeep]\n|upkeep\n|turn|25\n|\n|t:|1733844174\n|-terastallize|p1a: Sunflora|Fire\n|move|p2a: Cryogonal|Ice Beam|p1a: Sunflora\n|-resisted|p1a: Sunflora\n|-damage|p1a: Sunflora|263/312\n|move|p1a: Sunflora|Weather Ball|p2a: Cryogonal\n|-supereffective|p2a: Cryogonal\n|-damage|p2a: Cryogonal|0 fnt\n|faint|p2a: Cryogonal\n|-damage|p1a: Sunflora|232/312|[from] item: Life Orb\n|\n|-weather|SunnyDay|[upkeep]\n|upkeep\n|\n|t:|1733844193\n|switch|p2a: Arboliva|Arboliva, L91, F|82/288\n|turn|26\n|\n|t:|1733844197\n|move|p2a: Arboliva|Protect|p2a: Arboliva\n|-singleturn|p2a: Arboliva|Protect\n|move|p1a: Sunflora|Weather Ball|p2a: Arboliva\n|-activate|p2a: Arboliva|move: Protect\n|\n|-weather|SunnyDay|[upkeep]\n|upkeep\n|turn|27\n|\n|t:|1733844206\n|move|p2a: Arboliva|Protect||[still]\n|-fail|p2a: Arboliva\n|move|p1a: Sunflora|Weather Ball|p2a: Arboliva\n|-supereffective|p2a: Arboliva\n|-damage|p2a: Arboliva|0 fnt\n|faint|p2a: Arboliva\n|-damage|p1a: Sunflora|201/312|[from] item: Life Orb\n|\n|-weather|SunnyDay|[upkeep]\n|upkeep\n|\n|t:|1733844216\n|switch|p2a: Vaporeon|Vaporeon, L86, M|244/364 brn\n|turn|28\n|\n|t:|1733844220\n|move|p1a: Sunflora|Solar Beam||[still]\n|-prepare|p1a: Sunflora|Solar Beam\n|-anim|p1a: Sunflora|Solar Beam|p2a: Vaporeon\n|-supereffective|p2a: Vaporeon\n|-damage|p2a: Vaporeon|0 fnt\n|faint|p2a: Vaporeon\n|-damage|p1a: Sunflora|170/312|[from] item: Life Orb\n|\n|-weather|none\n|upkeep\n|\n|t:|1733844229\n|switch|p2a: Raikou|Raikou, L81|278/278\n|-ability|p2a: Raikou|Pressure\n|turn|29\n|\n|t:|1733844240\n|switch|p1a: Sandslash|Sandslash, L88, M|236/275\n|move|p2a: Raikou|Calm Mind|p2a: Raikou\n|-boost|p2a: Raikou|spa|1\n|-boost|p2a: Raikou|spd|1\n|\n|-heal|p1a: Sandslash|253/275|[from] item: Leftovers\n|upkeep\n|turn|30\n|\n|t:|1733844249\n|move|p2a: Raikou|Scald|p1a: Sandslash\n|-supereffective|p1a: Sandslash\n|-damage|p1a: Sandslash|27/275\n|-status|p1a: Sandslash|brn\n|move|p1a: Sandslash|Knock Off|p2a: Raikou\n|-damage|p2a: Raikou|232/278\n|-enditem|p2a: Raikou|Leftovers|[from] move: Knock Off|[of] p1a: Sandslash\n|\n|-heal|p1a: Sandslash|44/275 brn|[from] item: Leftovers\n|-damage|p1a: Sandslash|27/275 brn|[from] brn\n|upkeep\n|turn|31\n|\n|t:|1733844261\n|move|p2a: Raikou|Shadow Ball|p1a: Sandslash\n|-damage|p1a: Sandslash|0 fnt\n|faint|p1a: Sandslash\n|\n|upkeep\n|\n|t:|1733844266\n|switch|p1a: Shiftry|Shiftry, L89, F|305/305\n|turn|32\n|\n|t:|1733844272\n|-terastallize|p2a: Raikou|Electric\n|move|p2a: Raikou|Thunderbolt|p1a: Shiftry\n|-resisted|p1a: Shiftry\n|-damage|p1a: Shiftry|170/305\n|move|p1a: Shiftry|Will-O-Wisp|p2a: Raikou|[miss]\n|-miss|p1a: Shiftry|p2a: Raikou\n|\n|upkeep\n|turn|33\n|\n|t:|1733844285\n|move|p2a: Raikou|Scald|p1a: Shiftry\n|-resisted|p1a: Shiftry\n|-damage|p1a: Shiftry|117/305\n|move|p1a: Shiftry|Will-O-Wisp|p2a: Raikou\n|-status|p2a: Raikou|brn\n|\n|-damage|p2a: Raikou|215/278 brn|[from] brn\n|upkeep\n|turn|34\n|\n|t:|1733844295\n|move|p2a: Raikou|Scald|p1a: Shiftry\n|-resisted|p1a: Shiftry\n|-damage|p1a: Shiftry|56/305\n|move|p1a: Shiftry|Leaf Storm|p2a: Raikou\n|-damage|p2a: Raikou|118/278 brn\n|-unboost|p1a: Shiftry|spa|2\n|\n|-damage|p2a: Raikou|101/278 brn|[from] brn\n|upkeep\n|turn|35\n|\n|t:|1733844307\n|switch|p1a: Pikachu|Pikachu-Original, L93, M|128/216\n|move|p2a: Raikou|Thunderbolt|p1a: Pikachu\n|-ability|p1a: Pikachu|Lightning Rod|boost\n|-boost|p1a: Pikachu|spa|1\n|\n|-damage|p2a: Raikou|84/278 brn|[from] brn\n|upkeep\n|turn|36\n|\n|t:|1733844318\n|move|p2a: Raikou|Shadow Ball|p1a: Pikachu\n|-damage|p1a: Pikachu|12/216\n|move|p1a: Pikachu|Surf|p2a: Raikou\n|-damage|p2a: Raikou|0 fnt\n|faint|p2a: Raikou\n|\n|upkeep\n|\n|t:|1733844324\n|switch|p2a: Regieleki|Regieleki, L79|256/256\n|turn|37\n|\n|t:|1733844329\n|move|p2a: Regieleki|Rapid Spin|p1a: Pikachu\n|-damage|p1a: Pikachu|0 fnt\n|-boost|p2a: Regieleki|spe|1\n|faint|p1a: Pikachu\n|\n|upkeep\n|\n|t:|1733844337\n|switch|p1a: Sableye|Sableye, L89, M|207/234\n|turn|38\n|\n|t:|1733844343\n|move|p2a: Regieleki|Thunderbolt|p1a: Sableye\n|-damage|p1a: Sableye|51/234\n|-status|p1a: Sableye|par\n|move|p1a: Sableye|Knock Off|p2a: Regieleki\n|-damage|p2a: Regieleki|106/256\n|-enditem|p2a: Regieleki|Magnet|[from] move: Knock Off|[of] p1a: Sableye\n|\n|-heal|p1a: Sableye|65/234 par|[from] item: Leftovers\n|upkeep\n|turn|39\n|\n|t:|1733844354\n|move|p1a: Sableye|Will-O-Wisp|p2a: Regieleki\n|-status|p2a: Regieleki|brn\n|move|p2a: Regieleki|Thunderbolt|p1a: Sableye\n|-damage|p1a: Sableye|0 fnt\n|faint|p1a: Sableye\n|\n|-damage|p2a: Regieleki|90/256 brn|[from] brn\n|upkeep\n|\n|t:|1733844363\n|switch|p1a: Shiftry|Shiftry, L89, F|56/305\n|turn|40\n|\n|t:|1733844367\n|move|p2a: Regieleki|Thunderbolt|p1a: Shiftry\n|-resisted|p1a: Shiftry\n|-damage|p1a: Shiftry|0 fnt\n|faint|p1a: Shiftry\n|\n|-damage|p2a: Regieleki|74/256 brn|[from] brn\n|upkeep\n|\n|t:|1733844379\n|switch|p1a: Sunflora|Sunflora, M, tera:Fire|170/312\n|turn|41\n|\n|t:|1733844385\n|move|p2a: Regieleki|Thunderbolt|p1a: Sunflora\n|-damage|p1a: Sunflora|65/312\n|move|p1a: Sunflora|Sunny Day|p1a: Sunflora\n|-weather|SunnyDay\n|\n|-weather|SunnyDay|[upkeep]\n|-damage|p2a: Regieleki|58/256 brn|[from] brn\n|upkeep\n|turn|42\n|\n|t:|1733844393\n|move|p2a: Regieleki|Thunderbolt|p1a: Sunflora\n|-damage|p1a: Sunflora|0 fnt\n|faint|p1a: Sunflora\n|\n|-weather|SunnyDay|[upkeep]\n|-damage|p2a: Regieleki|42/256 brn|[from] brn\n|upkeep\n|\n|t:|1733844399\n|switch|p1a: Quaquaval|Quaquaval, L79, F|172/264\n|turn|43\n|\n|t:|1733844404\n|move|p2a: Regieleki|Thunderbolt|p1a: Quaquaval\n|-supereffective|p1a: Quaquaval\n|-damage|p1a: Quaquaval|0 fnt\n|faint|p1a: Quaquaval\n|\n|win|shelldon13\n|raw|solo_huevos101's rating: 1076 &rarr; <strong>1056</strong><br />(-20 for losing)\n|raw|shelldon13's rating: 1094 &rarr; <strong>1119</strong><br />(+25 for winning)\n|c|\u2606shelldon13|gg\n|c|\u2606shelldon13|nice battle\n|c|\u2606solo_huevos101|lucky\n|l|\u2606solo_huevos101\n|player|p1|\n|c|\u2606shelldon13|yh\n", "inputlog": ">version bfd83cad13791eb5a5a409923076391caf6fb4d4\n>start {\"formatid\":\"gen9randombattle\",\"seed\":[39314,51187,21202,52620],\"rated\":\"Rated battle\"}\n>player p1 {\"name\":\"solo_huevos101\",\"avatar\":\"candice\",\"rating\":1076,\"seed\":[59623,46761,40360,32505]}\n>player p2 {\"name\":\"shelldon13\",\"avatar\":\"burglar\",\"rating\":1094,\"seed\":[5392,21879,35466,30290]}\n>p1 move knockoff\n>p2 switch 5\n>p1 switch 3\n>p2 move recover\n>p1 move stoneedge\n>p2 switch 5\n>p1 switch 5\n>p2 move roar\n>p1 move knockoff\n>p2 move scald\n>p1 move willowisp\n>p2 move wish\n>p1 move encore\n>p2 move roar\n>p1 switch 3\n>p2 switch 3\n>p1 move knockoff\n>p2 switch 5\n>p1 switch 5\n>p2 move sacredfire\n>p1 move stoneedge\n>p2 switch 5\n>p1 switch 4\n>p2 move leechseed\n>p1 move tripleaxel\n>p2 switch 3\n>p1 switch 5\n>p2 move roar\n>p1 move encore\n>p2 move protect\n>p1 move encore\n>p2 move protect\n>p1 switch 3\n>p2 switch 3\n>p1 move knockoff\n>p2 switch 5\n>p1 switch 6\n>p2 move recover\n>p1 move volttackle\n>p2 move earthquake\n>p2 switch 5\n>p1 move knockoff\n>p2 move leechseed\n>p1 move voltswitch\n>p2 move protect\n>p1 move voltswitch\n>p2 move protect\n>p1 switch 2\n>p1 move sunnyday\n>p2 switch 6\n>p1 move weatherball terastallize\n>p2 move icebeam\n>p2 switch 6\n>p1 move weatherball\n>p2 move protect\n>p1 move weatherball\n>p2 move protect\n>p2 switch 3\n>p1 move solarbeam\n>p2 move roar\n>p2 switch 4\n>p1 switch 4\n>p2 move calmmind\n>p1 move knockoff\n>p2 move scald\n>p1 move earthquake\n>p2 move shadowball\n>p1 switch 6\n>p1 move willowisp\n>p2 move thunderbolt terastallize\n>p1 move willowisp\n>p2 move scald\n>p1 move leafstorm\n>p2 move scald\n>p1 switch 2\n>p2 move thunderbolt\n>p1 move surf\n>p2 move shadowball\n>p2 switch 2\n>p1 move knockoff\n>p2 move rapidspin\n>p1 switch 3\n>p1 move knockoff\n>p2 move thunderbolt\n>p1 move willowisp\n>p2 move thunderbolt\n>p1 switch 2\n>p1 move leafstorm\n>p2 move thunderbolt\n>p1 switch 4\n>p1 move sunnyday\n>p2 move thunderbolt\n>p1 move solarbeam\n>p2 move thunderbolt\n>p1 switch 5\n>p1 move closecombat\n>p2 move thunderbolt", "uploadtime": 1733844438, "views": 1, "formatid": "gen9randombattle", "rating": 1056, "private": 0, "password": null}