{"id": "gen9randombattle-2259941489", "format": "[Gen 9] Random Battle", "players": ["redcat22", "TrumpInMyButt"], "log": "|j|\u2606redcat22\n|j|\u2606TrumpInMyButt\n|t:|1733782387\n|gametype|singles\n|player|p1|redcat22|266|1422\n|player|p2|TrumpInMyButt|101|1472\n|teamsize|p1|6\n|teamsize|p2|6\n|gen|9\n|tier|[Gen 9] Random Battle\n|rated|\n|rule|Species Clause: Limit one of each Pok\u00e9mon\n|rule|HP Percentage Mod: HP is shown in percentages\n|rule|Sleep Clause Mod: Limit one foe put to sleep\n|rule|Illusion Level Mod: Illusion disguises the Pok\u00e9mon's true level\n|\n|t:|1733782387\n|start\n|switch|p1a: Virizion|Virizion, L82|283/283\n|switch|p2a: Gardevoir|Gardevoir, L83, F|249/249\n|-ability|p2a: Gardevoir|Justified|[from] ability: Trace|[of] p1a: Virizion\n|turn|1\n|inactive|Battle timer is ON: inactive players will automatically lose when time's up. (requested by TrumpInMyButt)\n|inactive|redcat22 has 120 seconds left.\n|\n|t:|1733782426\n|switch|p1a: Corviknight|Corviknight, L80, F|288/288\n|move|p2a: Gardevoir|Moonblast|p1a: Corviknight\n|-resisted|p1a: Corviknight\n|-damage|p1a: Corviknight|207/288\n|-damage|p2a: Gardevoir|225/249|[from] item: Life Orb\n|\n|-heal|p1a: Corviknight|225/288|[from] item: Leftovers\n|upkeep\n|turn|2\n|\n|t:|1733782448\n|switch|p2a: Raichu|Raichu-Alola, L87, F|246/246\n|move|p1a: Corviknight|Brave Bird|p2a: Raichu\n|-resisted|p2a: Raichu\n|-damage|p2a: Raichu|171/246\n|-damage|p1a: Corviknight|200/288|[from] Recoil\n|\n|-heal|p1a: Corviknight|218/288|[from] item: Leftovers\n|upkeep\n|turn|3\n|\n|t:|1733782458\n|switch|p1a: Raichu|Raichu, L88, F|249/249\n|move|p2a: Raichu|Nasty Plot|p2a: Raichu\n|-boost|p2a: Raichu|spa|2\n|\n|upkeep\n|turn|4\n|\n|t:|1733782466\n|move|p1a: Raichu|Encore|p2a: Raichu\n|-start|p2a: Raichu|Encore\n|move|p2a: Raichu|Nasty Plot|p2a: Raichu\n|-boost|p2a: Raichu|spa|2\n|\n|upkeep\n|turn|5\n|\n|t:|1733782473\n|switch|p2a: Great Tusk|Great Tusk, L77|304/304\n|move|p1a: Raichu|Nasty Plot|p1a: Raichu\n|-boost|p1a: Raichu|spa|2\n|\n|upkeep\n|turn|6\n|\n|t:|1733782478\n|move|p1a: Raichu|Grass Knot|p2a: Great Tusk\n|-supereffective|p2a: Great Tusk\n|-damage|p2a: Great Tusk|0 fnt\n|faint|p2a: Great Tusk\n|-end|p2a: Great Tusk|Protosynthesis|[silent]\n|\n|upkeep\n|\n|t:|1733782490\n|switch|p2a: Gardevoir|Gardevoir, L83, F|225/249\n|-ability|p2a: Gardevoir|Lightning Rod|[from] ability: Trace|[of] p1a: Raichu\n|turn|7\n|\n|t:|1733782500\n|switch|p1a: Indeedee|Indeedee-F, L90, F|272/272\n|-fieldstart|move: Psychic Terrain|[from] ability: Psychic Surge|[of] p1a: Indeedee\n|move|p2a: Gardevoir|Moonblast|p1a: Indeedee\n|-damage|p1a: Indeedee|134/272\n|-unboost|p1a: Indeedee|spa|1\n|-damage|p2a: Gardevoir|201/249|[from] item: Life Orb\n|\n|upkeep\n|turn|8\n|\n|t:|1733782508\n|move|p1a: Indeedee|Hyper Voice|p2a: Gardevoir\n|-damage|p2a: Gardevoir|137/249\n|move|p2a: Gardevoir|Moonblast|p1a: Indeedee\n|-damage|p1a: Indeedee|9/272\n|-unboost|p1a: Indeedee|spa|1\n|-damage|p2a: Gardevoir|113/249|[from] item: Life Orb\n|\n|upkeep\n|turn|9\n|\n|t:|1733782516\n|move|p1a: Indeedee|Hyper Voice|p2a: Gardevoir\n|-damage|p2a: Gardevoir|65/249\n|move|p2a: Gardevoir|Psychic|p1a: Indeedee\n|-resisted|p1a: Indeedee\n|-damage|p1a: Indeedee|0 fnt\n|faint|p1a: Indeedee\n|-damage|p2a: Gardevoir|41/249|[from] item: Life Orb\n|\n|upkeep\n|\n|t:|1733782523\n|switch|p1a: Virizion|Virizion, L82|283/283\n|turn|10\n|\n|t:|1733782529\n|move|p1a: Virizion|Leaf Blade|p2a: Gardevoir\n|-damage|p2a: Gardevoir|0 fnt\n|faint|p2a: Gardevoir\n|-damage|p1a: Virizion|255/283|[from] item: Life Orb\n|\n|upkeep\n|\n|t:|1733782537\n|switch|p2a: Raichu|Raichu-Alola, L87, F|171/246\n|turn|11\n|\n|t:|1733782542\n|switch|p1a: Umbreon|Umbreon, L84, F|297/297\n|move|p2a: Raichu|Psyshock|p1a: Umbreon\n|-immune|p1a: Umbreon\n|\n|-fieldend|move: Psychic Terrain\n|upkeep\n|turn|12\n|\n|t:|1733782548\n|move|p2a: Raichu|Alluring Voice|p1a: Umbreon\n|-supereffective|p1a: Umbreon\n|-damage|p1a: Umbreon|185/297\n|-damage|p2a: Raichu|147/246|[from] item: Life Orb\n|move|p1a: Umbreon|Foul Play|p2a: Raichu\n|-supereffective|p2a: Raichu\n|-damage|p2a: Raichu|0 fnt\n|faint|p2a: Raichu\n|\n|-heal|p1a: Umbreon|203/297|[from] item: Leftovers\n|upkeep\n|\n|t:|1733782559\n|switch|p2a: Regidrago|Regidrago, L77|435/435\n|turn|13\n|\n|t:|1733782571\n|move|p2a: Regidrago|Dragon Dance|p2a: Regidrago\n|-boost|p2a: Regidrago|atk|1\n|-boost|p2a: Regidrago|spe|1\n|move|p1a: Umbreon|Foul Play|p2a: Regidrago\n|-damage|p2a: Regidrago|192/435\n|\n|-heal|p1a: Umbreon|221/297|[from] item: Leftovers\n|upkeep\n|turn|14\n|\n|t:|1733782577\n|move|p1a: Umbreon|Protect|p1a: Umbreon\n|-singleturn|p1a: Umbreon|Protect\n|move|p2a: Regidrago|Dragon Claw|p1a: Umbreon\n|-activate|p1a: Umbreon|move: Protect\n|\n|-heal|p1a: Umbreon|239/297|[from] item: Leftovers\n|upkeep\n|turn|15\n|\n|t:|1733782580\n|move|p2a: Regidrago|Dragon Claw|p1a: Umbreon\n|-damage|p1a: Umbreon|64/297\n|-damage|p2a: Regidrago|149/435|[from] item: Life Orb\n|move|p1a: Umbreon|Foul Play|p2a: Regidrago\n|-damage|p2a: Regidrago|0 fnt\n|faint|p2a: Regidrago\n|\n|-heal|p1a: Umbreon|82/297|[from] item: Leftovers\n|upkeep\n|\n|t:|1733782584\n|switch|p2a: Typhlosion|Typhlosion-Hisui, L83, F|257/257\n|turn|16\n|\n|t:|1733782588\n|move|p2a: Typhlosion|Focus Blast|p1a: Umbreon|[miss]\n|-miss|p2a: Typhlosion|p1a: Umbreon\n|move|p1a: Umbreon|Foul Play|p2a: Typhlosion\n|-supereffective|p2a: Typhlosion\n|-damage|p2a: Typhlosion|89/257\n|\n|-heal|p1a: Umbreon|100/297|[from] item: Leftovers\n|upkeep\n|turn|17\n|\n|t:|1733782590\n|move|p2a: Typhlosion|Focus Blast|p1a: Umbreon\n|-supereffective|p1a: Umbreon\n|-damage|p1a: Umbreon|0 fnt\n|faint|p1a: Umbreon\n|\n|upkeep\n|\n|t:|1733782596\n|switch|p1a: Virizion|Virizion, L82|255/283\n|turn|18\n|\n|t:|1733782598\n|move|p1a: Virizion|Stone Edge|p2a: Typhlosion\n|-supereffective|p2a: Typhlosion\n|-damage|p2a: Typhlosion|0 fnt\n|faint|p2a: Typhlosion\n|-damage|p1a: Virizion|227/283|[from] item: Life Orb\n|\n|upkeep\n|\n|t:|1733782600\n|switch|p2a: Lapras|Lapras, L87, F|367/367\n|turn|19\n|-message|TrumpInMyButt forfeited.\n|\n|win|redcat22\n|raw|redcat22's rating: 1422 &rarr; <strong>1445</strong><br />(+23 for winning)\n|raw|TrumpInMyButt's rating: 1472 &rarr; <strong>1449</strong><br />(-23 for losing)\n", "inputlog": ">version bfd83cad13791eb5a5a409923076391caf6fb4d4\n>start {\"formatid\":\"gen9randombattle\",\"seed\":[55793,7566,23454,24923],\"rated\":\"Rated battle\"}\n>player p1 {\"name\":\"redcat22\",\"avatar\":\"266\",\"rating\":1422,\"seed\":[3537,58415,34384,8754]}\n>player p2 {\"name\":\"TrumpInMyButt\",\"avatar\":\"101\",\"rating\":1472,\"seed\":[43320,48352,19582,14442]}\n>p1 switch 4\n>p2 move moonblast\n>p1 move bravebird\n>p2 switch 4\n>p1 switch 2\n>p2 move nastyplot\n>p1 move encore\n>p2 move psyshock\n>p1 move nastyplot\n>p2 switch 6\n>p1 move grassknot\n>p2 move earthquake\n>p2 switch 4\n>p1 switch 5\n>p2 move moonblast\n>p1 move hypervoice\n>p2 move moonblast\n>p1 move hypervoice\n>p2 move psychic\n>p1 switch 4\n>p1 move leafblade\n>p2 move moonblast\n>p2 switch 6\n>p1 switch 3\n>p2 move psyshock\n>p1 move foulplay\n>p2 move alluringvoice\n>p2 switch 2\n>p1 move foulplay\n>p2 move dragondance\n>p1 move protect\n>p2 move dragonclaw\n>p1 move foulplay\n>p2 move dragonclaw\n>p2 switch 5\n>p1 move foulplay\n>p2 move focusblast\n>p1 move foulplay\n>p2 move focusblast\n>p1 switch 3\n>p1 move stoneedge\n>p2 move fireblast\n>p2 switch 3\n>forcelose p2", "uploadtime": 1733782613, "views": 1, "formatid": "gen9randombattle", "rating": 1445, "private": 0, "password": null}