{"id": "gen9randombattle-2260786865", "format": "[Gen 9] Random Battle", "players": ["PowerOutage273", "GreenEggBoi"], "log": "|j|\u2606PowerOutage273\n|j|\u203dGreenEggBoi\n|t:|1733891980\n|gametype|singles\n|player|p1|PowerOutage273|volkner|1676\n|player|p2|GreenEggBoi|cameraman|1733\n|teamsize|p1|6\n|teamsize|p2|6\n|gen|9\n|tier|[Gen 9] Random Battle\n|rated|\n|rule|Species Clause: Limit one of each Pok\u00e9mon\n|rule|HP Percentage Mod: HP is shown in percentages\n|rule|Sleep Clause Mod: Limit one foe put to sleep\n|rule|Illusion Level Mod: Illusion disguises the Pok\u00e9mon's true level\n|\n|t:|1733891980\n|start\n|switch|p1a: Tinkaton|Tinkaton, L82, F|274/274\n|switch|p2a: Tatsugiri|Tatsugiri, L87, F|260/260\n|-ability|p1a: Tinkaton|Mold Breaker\n|turn|1\n|inactive|Battle timer is ON: inactive players will automatically lose when time's up. (requested by GreenEggBoi)\n|\n|t:|1733892000\n|switch|p2a: Volcanion|Volcanion, L79|255/255\n|move|p1a: Tinkaton|Swords Dance|p1a: Tinkaton\n|-boost|p1a: Tinkaton|atk|2\n|\n|upkeep\n|turn|2\n|\n|t:|1733892022\n|move|p2a: Volcanion|Flamethrower|p1a: Tinkaton\n|-supereffective|p1a: Tinkaton\n|-damage|p1a: Tinkaton|86/274\n|move|p1a: Tinkaton|Knock Off|p2a: Volcanion\n|-damage|p2a: Volcanion|146/255\n|-enditem|p2a: Volcanion|Choice Scarf|[from] move: Knock Off|[of] p1a: Tinkaton\n|-damage|p1a: Tinkaton|59/274|[from] item: Life Orb\n|\n|upkeep\n|turn|3\n|\n|t:|1733892040\n|switch|p1a: Heatran|Heatran, L79, F|273/273\n|-item|p1a: Heatran|Air Balloon\n|move|p2a: Volcanion|Flamethrower|p1a: Heatran\n|-start|p1a: Heatran|ability: Flash Fire\n|\n|upkeep\n|turn|4\n|\n|t:|1733892049\n|move|p1a: Heatran|Earth Power|p2a: Volcanion\n|-supereffective|p2a: Volcanion\n|-damage|p2a: Volcanion|10/255\n|move|p2a: Volcanion|Steam Eruption|p1a: Heatran\n|-supereffective|p1a: Heatran\n|-damage|p1a: Heatran|19/273\n|-enditem|p1a: Heatran|Air Balloon\n|\n|upkeep\n|turn|5\n|\n|t:|1733892058\n|move|p1a: Heatran|Stealth Rock|p2a: Volcanion\n|-sidestart|p2: GreenEggBoi|move: Stealth Rock\n|move|p2a: Volcanion|Steam Eruption|p1a: Heatran\n|-supereffective|p1a: Heatran\n|-damage|p1a: Heatran|0 fnt\n|faint|p1a: Heatran\n|\n|upkeep\n|\n|t:|1733892063\n|switch|p1a: Tinkaton|Tinkaton, L82, F|59/274\n|-ability|p1a: Tinkaton|Mold Breaker\n|turn|6\n|\n|t:|1733892066\n|move|p1a: Tinkaton|Knock Off|p2a: Volcanion\n|-damage|p2a: Volcanion|0 fnt\n|faint|p2a: Volcanion\n|-damage|p1a: Tinkaton|32/274|[from] item: Life Orb\n|\n|upkeep\n|\n|t:|1733892081\n|switch|p2a: Tatsugiri|Tatsugiri, L87, F|260/260\n|turn|7\n|\n|t:|1733892086\n|-terastallize|p2a: Tatsugiri|Water\n|move|p1a: Tinkaton|Play Rough|p2a: Tatsugiri\n|-damage|p2a: Tatsugiri|143/260\n|-damage|p1a: Tinkaton|5/274|[from] item: Life Orb\n|move|p2a: Tatsugiri|Rapid Spin|p1a: Tinkaton\n|-resisted|p1a: Tinkaton\n|-damage|p1a: Tinkaton|0 fnt\n|-boost|p2a: Tatsugiri|spe|1\n|-sideend|p2: GreenEggBoi|Stealth Rock|[from] move: Rapid Spin|[of] p2a: Tatsugiri\n|faint|p1a: Tinkaton\n|\n|upkeep\n|\n|t:|1733892092\n|switch|p1a: Victreebel|Victreebel, L90, M|290/290\n|turn|8\n|\n|t:|1733892096\n|switch|p2a: Pecharunt|Pecharunt, L77|262/262\n|move|p1a: Victreebel|Power Whip|p2a: Pecharunt\n|-resisted|p2a: Pecharunt\n|-damage|p2a: Pecharunt|196/262\n|-damage|p1a: Victreebel|261/290|[from] item: Life Orb\n|\n|-heal|p2a: Pecharunt|212/262|[from] item: Leftovers\n|upkeep\n|turn|9\n|\n|t:|1733892117\n|move|p1a: Victreebel|Sucker Punch|p2a: Pecharunt\n|-supereffective|p2a: Pecharunt\n|-damage|p2a: Pecharunt|113/262\n|-damage|p1a: Victreebel|232/290|[from] item: Life Orb\n|move|p2a: Pecharunt|Shadow Ball|p1a: Victreebel\n|-damage|p1a: Victreebel|156/290\n|-unboost|p1a: Victreebel|spd|1\n|\n|-heal|p2a: Pecharunt|129/262|[from] item: Leftovers\n|upkeep\n|turn|10\n|\n|t:|1733892122\n|move|p1a: Victreebel|Sucker Punch||[still]\n|-fail|p1a: Victreebel\n|move|p2a: Pecharunt|Recover|p2a: Pecharunt\n|-heal|p2a: Pecharunt|260/262\n|\n|-heal|p2a: Pecharunt|262/262|[from] item: Leftovers\n|upkeep\n|turn|11\n|\n|t:|1733892125\n|switch|p1a: Landorus|Landorus, L75, M|257/257\n|move|p2a: Pecharunt|Shadow Ball|p1a: Landorus\n|-damage|p1a: Landorus|173/257\n|-unboost|p1a: Landorus|spd|1\n|\n|upkeep\n|turn|12\n|inactive|PowerOutage273 has 120 seconds left.\n|\n|t:|1733892157\n|switch|p2a: Lunala|Lunala, L70|308/308\n|move|p1a: Landorus|Earth Power|p2a: Lunala\n|-damage|p2a: Lunala|227/308\n|\n|-heal|p2a: Lunala|246/308|[from] item: Leftovers\n|upkeep\n|turn|13\n|\n|t:|1733892164\n|move|p1a: Landorus|Rock Slide|p2a: Lunala\n|-damage|p2a: Lunala|132/308\n|move|p2a: Lunala|Moongeist Beam|p1a: Landorus\n|-damage|p1a: Landorus|0 fnt\n|faint|p1a: Landorus\n|\n|-heal|p2a: Lunala|151/308|[from] item: Leftovers\n|upkeep\n|\n|t:|1733892167\n|switch|p1a: Palkia|Palkia, L75|238/238\n|turn|14\n|\n|t:|1733892173\n|move|p1a: Palkia|Encore|p2a: Lunala\n|-start|p2a: Lunala|Encore\n|move|p2a: Lunala|Moongeist Beam|p1a: Palkia\n|-resisted|p1a: Palkia\n|-damage|p1a: Palkia|170/238\n|replace|p1a: Zoroark|Zoroark, L84, M\n|-end|p1a: Zoroark|Illusion\n|-hint|Illusion Level Mod is active, so this Pok\u00e9mon's true level was hidden.\n|\n|-heal|p2a: Lunala|170/308|[from] item: Leftovers\n|upkeep\n|turn|15\n|\n|t:|1733892193\n|move|p1a: Zoroark|Nasty Plot|p1a: Zoroark\n|-boost|p1a: Zoroark|spa|2\n|move|p2a: Lunala|Moongeist Beam|p1a: Zoroark\n|-resisted|p1a: Zoroark\n|-damage|p1a: Zoroark|101/238\n|\n|-heal|p2a: Lunala|189/308|[from] item: Leftovers\n|upkeep\n|turn|16\n|\n|t:|1733892206\n|move|p1a: Zoroark|Dark Pulse|p2a: Lunala\n|-supereffective|p2a: Lunala\n|-crit|p2a: Lunala\n|-damage|p2a: Lunala|0 fnt\n|faint|p2a: Lunala\n|-damage|p1a: Zoroark|78/238|[from] item: Life Orb\n|\n|upkeep\n|\n|t:|1733892220\n|switch|p2a: Zekrom|Zekrom, L71|259/259\n|-ability|p2a: Zekrom|Teravolt\n|turn|17\n|\n|t:|1733892228\n|move|p1a: Zoroark|Dark Pulse|p2a: Zekrom\n|-damage|p2a: Zekrom|0 fnt\n|faint|p2a: Zekrom\n|-damage|p1a: Zoroark|55/238|[from] item: Life Orb\n|\n|upkeep\n|\n|t:|1733892237\n|switch|p2a: Tatsugiri|Tatsugiri, L87, F, tera:Water|143/260\n|turn|18\n|inactive|PowerOutage273 has 120 seconds left.\n|\n|t:|1733892275\n|move|p1a: Zoroark|Dark Pulse|p2a: Tatsugiri\n|-damage|p2a: Tatsugiri|0 fnt\n|faint|p2a: Tatsugiri\n|-damage|p1a: Zoroark|32/238|[from] item: Life Orb\n|\n|upkeep\n|\n|t:|1733892285\n|switch|p2a: Pecharunt|Pecharunt, L77|262/262\n|turn|19\n|inactive|PowerOutage273 has 120 seconds left.\n|\n|t:|1733892313\n|move|p1a: Zoroark|Dark Pulse|p2a: Pecharunt\n|-supereffective|p2a: Pecharunt\n|-damage|p2a: Pecharunt|0 fnt\n|faint|p2a: Pecharunt\n|-damage|p1a: Zoroark|9/238|[from] item: Life Orb\n|\n|upkeep\n|\n|t:|1733892316\n|switch|p2a: Necrozma|Necrozma, L80|286/286\n|turn|20\n|\n|t:|1733892321\n|move|p1a: Zoroark|Dark Pulse|p2a: Necrozma\n|-supereffective|p2a: Necrozma\n|-crit|p2a: Necrozma\n|-damage|p2a: Necrozma|0 fnt\n|faint|p2a: Necrozma\n|-damage|p1a: Zoroark|0 fnt|[from] item: Life Orb\n|faint|p1a: Zoroark\n|\n|win|PowerOutage273\n|raw|PowerOutage273's rating: 1676 &rarr; <strong>1699</strong><br />(+23 for winning)\n|raw|GreenEggBoi's rating: 1733 &rarr; <strong>1710</strong><br />(-23 for losing)\n", "inputlog": ">version bfd83cad13791eb5a5a409923076391caf6fb4d4\n>start {\"formatid\":\"gen9randombattle\",\"seed\":[14306,25276,48552,24310],\"rated\":\"Rated battle\"}\n>player p1 {\"name\":\"PowerOutage273\",\"avatar\":\"volkner\",\"rating\":1676,\"seed\":[50572,29979,24676,42384]}\n>player p2 {\"name\":\"GreenEggBoi\",\"avatar\":\"cameraman\",\"rating\":1733,\"seed\":[9276,25900,35595,37090]}\n>p1 move swordsdance\n>p2 switch 4\n>p1 move knockoff\n>p2 move flamethrower\n>p1 switch 3\n>p2 move flamethrower\n>p1 move earthpower\n>p2 move steameruption\n>p1 move stealthrock\n>p2 move steameruption\n>p1 switch 3\n>p1 move knockoff\n>p2 move earthpower\n>p2 switch 4\n>p1 move playrough\n>p2 move rapidspin terastallize\n>p1 switch 6\n>p1 move powerwhip\n>p2 switch 5\n>p1 move suckerpunch\n>p2 move shadowball\n>p1 move suckerpunch\n>p2 move recover\n>p1 switch 2\n>p2 move shadowball\n>p1 move earthpower\n>p2 switch 6\n>p1 move rockslide\n>p2 move moongeistbeam\n>p1 switch 5\n>p1 move encore\n>p2 move moonlight\n>p1 move nastyplot\n>p2 move moongeistbeam\n>p1 move darkpulse\n>p2 move moongeistbeam\n>p2 switch 3\n>p1 move darkpulse\n>p2 move outrage\n>p2 switch 5\n>p1 move darkpulse\n>p2 move rapidspin\n>p2 switch 6\n>p1 move darkpulse\n>p2 move malignantchain\n>p2 switch 2\n>p1 move darkpulse\n>p2 move moonlight", "uploadtime": 1733892324, "views": 14, "formatid": "gen9randombattle", "rating": 1699, "private": 0, "password": null}