{"id": "gen9randombattle-2260474507", "format": "[Gen 9] Random Battle", "players": ["Nokkoo_", "Half_A_Ako"], "log": "|j|\u2606Nokkoo_\n|j|\u2606Half_A_Ako\n|t:|1733855142\n|gametype|singles\n|player|p1|Nokkoo_|blue-gen7|\n|player|p2|Half_A_Ako|zinnia-masters|\n|teamsize|p1|6\n|teamsize|p2|6\n|gen|9\n|tier|[Gen 9] Random Battle\n|rule|Species Clause: Limit one of each Pok\u00e9mon\n|rule|HP Percentage Mod: HP is shown in percentages\n|rule|Sleep Clause Mod: Limit one foe put to sleep\n|rule|Illusion Level Mod: Illusion disguises the Pok\u00e9mon's true level\n|\n|t:|1733855142\n|start\n|switch|p1a: Kleavor|Kleavor, L78, M|237/237\n|switch|p2a: Minun|Minun, L95, F|268/268\n|turn|1\n|\n|t:|1733855174\n|switch|p2a: Weezing|Weezing-Galar, L86, F|252/252\n|move|p1a: Kleavor|X-Scissor|p2a: Weezing\n|-resisted|p2a: Weezing\n|-damage|p2a: Weezing|225/252\n|\n|-heal|p2a: Weezing|240/252|[from] item: Leftovers\n|upkeep\n|turn|2\n|\n|t:|1733855211\n|switch|p1a: Keldeo|Keldeo-Resolute, L79|273/273\n|move|p2a: Weezing|Fire Blast|p1a: Keldeo\n|-resisted|p1a: Keldeo\n|-damage|p1a: Keldeo|234/273\n|-status|p1a: Keldeo|brn\n|\n|-heal|p2a: Weezing|252/252|[from] item: Leftovers\n|-damage|p1a: Keldeo|217/273 brn|[from] brn\n|upkeep\n|turn|3\n|\n|t:|1733855234\n|move|p1a: Keldeo|Hydro Pump|p2a: Weezing\n|-damage|p2a: Weezing|29/252\n|move|p2a: Weezing|Strange Steam|p1a: Keldeo\n|-supereffective|p1a: Keldeo\n|-damage|p1a: Keldeo|25/273 brn\n|\n|-heal|p2a: Weezing|44/252|[from] item: Leftovers\n|-damage|p1a: Keldeo|8/273 brn|[from] brn\n|upkeep\n|turn|4\n|\n|t:|1733855251\n|move|p1a: Keldeo|Hydro Pump|p2a: Weezing\n|-damage|p2a: Weezing|0 fnt\n|faint|p2a: Weezing\n|\n|-damage|p1a: Keldeo|0 fnt|[from] brn\n|faint|p1a: Keldeo\n|upkeep\n|\n|t:|1733855275\n|switch|p1a: Donphan|Donphan, L84, F|288/288\n|switch|p2a: Mightyena|Mightyena, L95, F|287/287\n|-ability|p2a: Mightyena|Intimidate|boost\n|-unboost|p1a: Donphan|atk|1\n|turn|5\n|\n|t:|1733855297\n|switch|p1a: Kleavor|Kleavor, L78, M|237/237\n|move|p2a: Mightyena|Poison Fang|p1a: Kleavor\n|-resisted|p1a: Kleavor\n|-damage|p1a: Kleavor|214/237\n|\n|upkeep\n|turn|6\n|\n|t:|1733855323\n|move|p2a: Mightyena|Crunch|p1a: Kleavor\n|-damage|p1a: Kleavor|102/237\n|move|p1a: Kleavor|X-Scissor|p2a: Mightyena\n|-supereffective|p2a: Mightyena\n|-damage|p2a: Mightyena|0 fnt\n|faint|p2a: Mightyena\n|\n|upkeep\n|\n|t:|1733855370\n|switch|p2a: Ceruledge|Ceruledge, L78, F|245/245\n|turn|7\n|\n|t:|1733855390\n|move|p1a: Kleavor|Stone Axe|p2a: Ceruledge\n|-supereffective|p2a: Ceruledge\n|-damage|p2a: Ceruledge|0 fnt\n|-sidestart|p2: Half_A_Ako|move: Stealth Rock\n|faint|p2a: Ceruledge\n|\n|upkeep\n|\n|t:|1733855404\n|switch|p2a: Salamence|Salamence, L77, M|273/273\n|turn|8\n|\n|t:|1733855420\n|move|p2a: Salamence|Dragon Dance|p2a: Salamence\n|-boost|p2a: Salamence|atk|1\n|-boost|p2a: Salamence|spe|1\n|move|p1a: Kleavor|Stone Axe|p2a: Salamence\n|-supereffective|p2a: Salamence\n|-damage|p2a: Salamence|13/273\n|\n|upkeep\n|turn|9\n|\n|t:|1733855444\n|move|p2a: Salamence|Earthquake|p1a: Kleavor\n|-damage|p1a: Kleavor|0 fnt\n|faint|p1a: Kleavor\n|-ability|p2a: Salamence|Moxie|boost\n|-boost|p2a: Salamence|atk|1\n|\n|upkeep\n|\n|t:|1733855452\n|switch|p1a: Sandslash|Sandslash-Alola, L88, M|275/275\n|turn|10\n|\n|t:|1733855464\n|move|p2a: Salamence|Earthquake|p1a: Sandslash\n|-supereffective|p1a: Sandslash\n|-damage|p1a: Sandslash|25/275\n|move|p1a: Sandslash|Triple Axel|p2a: Salamence\n|-supereffective|p2a: Salamence\n|-damage|p2a: Salamence|0 fnt\n|faint|p2a: Salamence\n|-hitcount|p2: Salamence|1\n|\n|-heal|p1a: Sandslash|42/275|[from] item: Leftovers\n|upkeep\n|c|\u2606Nokkoo_|avec respect\n|\n|t:|1733855488\n|switch|p2a: Minun|Minun, L95, F|268/268\n|-damage|p2a: Minun|235/268|[from] Stealth Rock\n|turn|11\n|\n|t:|1733855509\n|switch|p1a: Donphan|Donphan, L84, F|288/288\n|move|p2a: Minun|Thunderbolt|p1a: Donphan\n|-immune|p1a: Donphan\n|\n|upkeep\n|turn|12\n|\n|t:|1733855525\n|move|p2a: Minun|Alluring Voice|p1a: Donphan\n|-damage|p1a: Donphan|185/288\n|-damage|p2a: Minun|209/268|[from] item: Life Orb\n|move|p1a: Donphan|Earthquake|p2a: Minun\n|-supereffective|p2a: Minun\n|-damage|p2a: Minun|0 fnt\n|faint|p2a: Minun\n|\n|upkeep\n|\n|t:|1733855541\n|switch|p2a: Breloom|Breloom, L82, F|233/233\n|-damage|p2a: Breloom|219/233|[from] Stealth Rock\n|turn|13\n|\n|t:|1733855557\n|switch|p1a: Chandelure|Chandelure, L83, M|235/235\n|move|p2a: Breloom|Spore|p1a: Chandelure\n|-status|p1a: Chandelure|slp|[from] move: Spore\n|\n|upkeep\n|turn|14\n|\n|t:|1733855573\n|switch|p1a: Donphan|Donphan, L84, F|185/288\n|move|p2a: Breloom|Rock Tomb|p1a: Donphan\n|-resisted|p1a: Donphan\n|-damage|p1a: Donphan|143/288\n|-unboost|p1a: Donphan|spe|1\n|-damage|p2a: Breloom|196/233|[from] item: Life Orb\n|\n|upkeep\n|turn|15\n|\n|t:|1733855590\n|move|p2a: Breloom|Bullet Seed|p1a: Donphan\n|-supereffective|p1a: Donphan\n|-damage|p1a: Donphan|42/288\n|-supereffective|p1a: Donphan\n|-damage|p1a: Donphan|0 fnt\n|faint|p1a: Donphan\n|-hitcount|p1: Donphan|2\n|-damage|p2a: Breloom|173/233|[from] item: Life Orb\n|\n|upkeep\n|\n|t:|1733855600\n|switch|p1a: Sandslash|Sandslash-Alola, L88, M|42/275\n|turn|16\n|\n|t:|1733855611\n|move|p2a: Breloom|Mach Punch|p1a: Sandslash\n|-supereffective|p1a: Sandslash\n|-damage|p1a: Sandslash|0 fnt\n|faint|p1a: Sandslash\n|-damage|p2a: Breloom|150/233|[from] item: Life Orb\n|\n|upkeep\n|\n|t:|1733855620\n|switch|p1a: Passimian|Passimian, L83, F|302/302\n|turn|17\n|\n|t:|1733855636\n|move|p1a: Passimian|Gunk Shot|p2a: Breloom\n|-supereffective|p2a: Breloom\n|-damage|p2a: Breloom|0 fnt\n|faint|p2a: Breloom\n|\n|win|Nokkoo_\n", "inputlog": ">version bfd83cad13791eb5a5a409923076391caf6fb4d4\n>start {\"formatid\":\"gen9randombattle\",\"seed\":[21802,63899,49593,15726]}\n>player p1 {\"name\":\"Nokkoo_\",\"avatar\":\"blue-gen7\",\"rating\":0,\"seed\":[21765,57157,22230,23318]}\n>player p2 {\"name\":\"Half_A_Ako\",\"avatar\":\"zinnia-masters\",\"rating\":0,\"seed\":[32925,27203,3621,5922]}\n>p1 move xscissor\n>p2 switch 6\n>p1 switch 3\n>p2 move fireblast\n>p1 move hydropump\n>p2 move strangesteam\n>p1 move hydropump\n>p2 move strangesteam\n>p1 switch 6\n>p2 switch 3\n>p1 switch 3\n>p2 move poisonfang\n>p1 move xscissor\n>p2 move crunch\n>p2 switch 5\n>p1 move stoneaxe\n>p2 move swordsdance\n>p2 switch 4\n>p1 move stoneaxe\n>p2 move dragondance\n>p1 move stoneaxe\n>p2 move earthquake\n>p1 switch 2\n>p1 move tripleaxel\n>p2 move earthquake\n>chat \u2606Nokkoo_|avec respect\n>p2 switch 6\n>p1 switch 3\n>p2 move thunderbolt\n>p1 move earthquake\n>p2 move alluringvoice\n>p2 switch 2\n>p1 switch 5\n>p2 move spore\n>p1 switch 5\n>p2 move rocktomb\n>p1 move icespinner\n>p2 move bulletseed\n>p1 switch 3\n>p1 move tripleaxel\n>p2 move machpunch\n>p1 switch 4\n>p1 move gunkshot\n>p2 move rocktomb", "uploadtime": 1733855642, "views": 20, "formatid": "gen9randombattle", "rating": null, "private": 0, "password": null}