{"id": "gen9randombattle-2128780216", "format": "[Gen 9] Random Battle", "players": ["Norman2!", "hey find mo"], "log": "|badge|p1|gold|gen9randombattle|3-1\n|uhtml|medal-msg|<div class=\"broadcast-blue\">Curious what those medals under the avatar are? PS now has Ladder Seasons! For more information, check out the <a href=\"https://www.smogon.com/forums/threads/3740067/\">thread on Smogon.</a></div>\n|badge|p2|bronze|gen9randombattle|100-1\n|uhtml|medal-msg|<div class=\"broadcast-blue\">Curious what those medals under the avatar are? PS now has Ladder Seasons! For more information, check out the <a href=\"https://www.smogon.com/forums/threads/3740067/\">thread on Smogon.</a></div>\n|j|\u203dNorman2!\n|j|\u2606hey find mo\n|t:|1716458164\n|gametype|singles\n|player|p1|Norman2!|2|2492\n|player|p2|hey find mo|twins|2352\n|teamsize|p1|6\n|teamsize|p2|6\n|gen|9\n|tier|[Gen 9] Random Battle\n|rated|\n|rule|Species Clause: Limit one of each Pok\u00e9mon\n|rule|HP Percentage Mod: HP is shown in percentages\n|rule|Sleep Clause Mod: Limit one foe put to sleep\n|rule|Illusion Level Mod: Illusion disguises the Pok\u00e9mon's true level\n|\n|t:|1716458164\n|start\n|switch|p1a: Reshiram|Reshiram, L76|277/277\n|switch|p2a: Talonflame|Talonflame, L84, M|268/268\n|-ability|p1a: Reshiram|Turboblaze\n|turn|1\n|\n|t:|1716458185\n|move|p2a: Talonflame|Brave Bird|p1a: Reshiram\n|-damage|p1a: Reshiram|163/277\n|-damage|p2a: Talonflame|230/268|[from] Recoil\n|move|p1a: Reshiram|Blue Flare|p2a: Talonflame\n|-resisted|p2a: Talonflame\n|-damage|p2a: Talonflame|128/268\n|\n|upkeep\n|turn|2\n|inactive|Battle timer is ON: inactive players will automatically lose when time's up. (requested by hey find mo)\n|\n|t:|1716458193\n|move|p2a: Talonflame|Brave Bird|p1a: Reshiram\n|-damage|p1a: Reshiram|51/277\n|-damage|p2a: Talonflame|91/268|[from] Recoil\n|move|p1a: Reshiram|Earth Power|p2a: Talonflame\n|-immune|p2a: Talonflame\n|\n|upkeep\n|turn|3\n|\n|t:|1716458197\n|switch|p1a: Diancie|Diancie, L82|216/216\n|move|p2a: Talonflame|Brave Bird|p1a: Diancie\n|-resisted|p1a: Diancie\n|-damage|p1a: Diancie|180/216\n|-damage|p2a: Talonflame|79/268|[from] Recoil\n|\n|-heal|p1a: Diancie|193/216|[from] item: Leftovers\n|upkeep\n|turn|4\n|\n|t:|1716458208\n|move|p2a: Talonflame|Taunt|p1a: Diancie\n|-start|p1a: Diancie|move: Taunt\n|move|p1a: Diancie|Diamond Storm|p2a: Talonflame\n|-supereffective|p2a: Talonflame\n|-damage|p2a: Talonflame|0 fnt\n|-boost|p1a: Diancie|def|2\n|faint|p2a: Talonflame\n|\n|-heal|p1a: Diancie|206/216|[from] item: Leftovers\n|upkeep\n|\n|t:|1716458211\n|switch|p2a: Cobalion|Cobalion, L80|277/277\n|turn|5\n|\n|t:|1716458225\n|-terastallize|p1a: Diancie|Water\n|move|p2a: Cobalion|Flash Cannon|p1a: Diancie\n|-resisted|p1a: Diancie\n|-damage|p1a: Diancie|179/216\n|move|p1a: Diancie|Earth Power|p2a: Cobalion\n|-supereffective|p2a: Cobalion\n|-damage|p2a: Cobalion|129/277\n|\n|-heal|p2a: Cobalion|146/277|[from] item: Leftovers\n|-heal|p1a: Diancie|192/216|[from] item: Leftovers\n|upkeep\n|turn|6\n|\n|t:|1716458239\n|switch|p2a: Breloom|Breloom, L82, F|233/233\n|move|p1a: Diancie|Draining Kiss|p2a: Breloom\n|-supereffective|p2a: Breloom\n|-damage|p2a: Breloom|89/233\n|-heal|p1a: Diancie|216/216|[from] drain|[of] p2a: Breloom\n|\n|-end|p1a: Diancie|move: Taunt\n|upkeep\n|turn|7\n|\n|t:|1716458246\n|switch|p1a: Girafarig|Girafarig, L89, M|269/269\n|move|p2a: Breloom|Bullet Seed|p1a: Girafarig\n|-ability|p1a: Girafarig|Sap Sipper|boost\n|-boost|p1a: Girafarig|atk|1\n|\n|upkeep\n|turn|8\n|\n|t:|1716458252\n|switch|p2a: Snorlax|Snorlax, L82, F|397/397\n|move|p1a: Girafarig|Hyper Voice|p2a: Snorlax\n|-damage|p2a: Snorlax|309/397\n|\n|-heal|p2a: Snorlax|333/397|[from] item: Leftovers\n|upkeep\n|turn|9\n|\n|t:|1716458257\n|switch|p1a: Scizor|Scizor, L79, M|240/240\n|move|p2a: Snorlax|Body Slam|p1a: Scizor\n|-resisted|p1a: Scizor\n|-crit|p1a: Scizor\n|-damage|p1a: Scizor|174/240\n|-status|p1a: Scizor|par\n|\n|-heal|p2a: Snorlax|357/397|[from] item: Leftovers\n|upkeep\n|turn|10\n|\n|t:|1716458261\n|switch|p2a: Cobalion|Cobalion, L80|146/277\n|move|p1a: Scizor|Close Combat|p2a: Cobalion\n|-supereffective|p2a: Cobalion\n|-damage|p2a: Cobalion|0 fnt\n|-unboost|p1a: Scizor|def|1\n|-unboost|p1a: Scizor|spd|1\n|faint|p2a: Cobalion\n|\n|upkeep\n|\n|t:|1716458272\n|switch|p2a: Feraligatr|Feraligatr, L80, M|267/267\n|turn|11\n|\n|t:|1716458283\n|switch|p1a: Conkeldurr|Conkeldurr, L80, M|299/299\n|move|p2a: Feraligatr|Swords Dance|p2a: Feraligatr\n|-boost|p2a: Feraligatr|atk|2\n|\n|-status|p1a: Conkeldurr|brn|[from] item: Flame Orb\n|upkeep\n|turn|12\n|\n|t:|1716458286\n|move|p2a: Feraligatr|Liquidation|p1a: Conkeldurr\n|-damage|p1a: Conkeldurr|21/299 brn\n|move|p1a: Conkeldurr|Close Combat|p2a: Feraligatr\n|-damage|p2a: Feraligatr|32/267\n|-unboost|p1a: Conkeldurr|def|1\n|-unboost|p1a: Conkeldurr|spd|1\n|\n|-damage|p1a: Conkeldurr|3/299 brn|[from] brn\n|upkeep\n|turn|13\n|\n|t:|1716458289\n|move|p2a: Feraligatr|Aqua Jet|p1a: Conkeldurr\n|-damage|p1a: Conkeldurr|0 fnt\n|faint|p1a: Conkeldurr\n|-damage|p2a: Feraligatr|6/267|[from] item: Life Orb\n|\n|upkeep\n|\n|t:|1716458297\n|switch|p1a: Scizor|Scizor, L79, M|174/240 par\n|turn|14\n|\n|t:|1716458302\n|cant|p1a: Scizor|par\n|move|p2a: Feraligatr|Liquidation|p1a: Scizor\n|-damage|p1a: Scizor|0 fnt\n|faint|p1a: Scizor\n|\n|upkeep\n|\n|t:|1716458306\n|switch|p1a: Girafarig|Girafarig, L89, M|269/269\n|turn|15\n|\n|t:|1716458312\n|move|p2a: Feraligatr|Aqua Jet|p1a: Girafarig\n|-damage|p1a: Girafarig|179/269\n|-damage|p2a: Feraligatr|0 fnt|[from] item: Life Orb\n|faint|p2a: Feraligatr\n|move|p1a: Girafarig|Hyper Voice|p2: Feraligatr|[notarget]\n|-fail|p1a: Girafarig\n|\n|upkeep\n|\n|t:|1716458321\n|switch|p2a: Snorlax|Snorlax, L82, F|357/397\n|turn|16\n|\n|t:|1716458332\n|move|p1a: Girafarig|Nasty Plot|p1a: Girafarig\n|-boost|p1a: Girafarig|spa|2\n|move|p2a: Snorlax|Body Slam|p1a: Girafarig\n|-damage|p1a: Girafarig|107/269\n|\n|-heal|p2a: Snorlax|381/397|[from] item: Leftovers\n|upkeep\n|turn|17\n|\n|t:|1716458341\n|switch|p2a: Slaking|Slaking, L84, M|389/389\n|move|p1a: Girafarig|Psyshock|p2a: Slaking\n|-damage|p2a: Slaking|233/389\n|\n|upkeep\n|turn|18\n|inactive|Norman2! has 120 seconds left.\n|\n|t:|1716458373\n|switch|p1a: Reshiram|Reshiram, L76|51/277\n|-ability|p1a: Reshiram|Turboblaze\n|move|p2a: Slaking|Double-Edge|p1a: Reshiram\n|-crit|p1a: Reshiram\n|-damage|p1a: Reshiram|0 fnt\n|faint|p1a: Reshiram\n|-damage|p2a: Slaking|216/389|[from] Recoil\n|\n|upkeep\n|inactive|Norman2! has 120 seconds left.\n|\n|t:|1716458378\n|switch|p1a: Diancie|Diancie, L82, tera:Water|216/216\n|turn|19\n|\n|t:|1716458386\n|switch|p2a: Breloom|Breloom, L82, F|89/233\n|move|p1a: Diancie|Diamond Storm|p2a: Breloom\n|-resisted|p2a: Breloom\n|-damage|p2a: Breloom|35/233\n|-boost|p1a: Diancie|def|2\n|\n|upkeep\n|turn|20\n|\n|t:|1716458394\n|move|p2a: Breloom|Bullet Seed|p1a: Diancie\n|-supereffective|p1a: Diancie\n|-damage|p1a: Diancie|174/216\n|-supereffective|p1a: Diancie\n|-damage|p1a: Diancie|127/216\n|-supereffective|p1a: Diancie\n|-damage|p1a: Diancie|85/216\n|-hitcount|p1a: Diancie|3\n|-damage|p2a: Breloom|12/233|[from] item: Life Orb\n|move|p1a: Diancie|Draining Kiss|p2a: Breloom\n|-supereffective|p2a: Breloom\n|-damage|p2a: Breloom|0 fnt\n|-heal|p1a: Diancie|94/216|[from] drain|[of] p2a: Breloom\n|faint|p2a: Breloom\n|\n|-heal|p1a: Diancie|107/216|[from] item: Leftovers\n|upkeep\n|\n|t:|1716458400\n|switch|p2a: Slaking|Slaking, L84, M|216/389\n|turn|21\n|\n|t:|1716458407\n|move|p2a: Slaking|Double-Edge|p1a: Diancie\n|-damage|p1a: Diancie|14/216\n|-damage|p2a: Slaking|185/389|[from] Recoil\n|move|p1a: Diancie|Diamond Storm|p2a: Slaking\n|-damage|p2a: Slaking|100/389\n|\n|-heal|p1a: Diancie|27/216|[from] item: Leftovers\n|upkeep\n|turn|22\n|j| TiltAccount2\n|\n|t:|1716458434\n|cant|p2a: Slaking|ability: Truant\n|move|p1a: Diancie|Diamond Storm|p2a: Slaking\n|-damage|p2a: Slaking|9/389\n|\n|-heal|p1a: Diancie|40/216|[from] item: Leftovers\n|upkeep\n|turn|23\n|inactive|Norman2! has 120 seconds left.\n|\n|t:|1716458459\n|move|p2a: Slaking|Double-Edge|p1a: Diancie\n|-damage|p1a: Diancie|0 fnt\n|faint|p1a: Diancie\n|-damage|p2a: Slaking|0 fnt|[from] Recoil\n|faint|p2a: Slaking\n|\n|upkeep\n|inactive|Norman2! has 120 seconds left.\n|\n|t:|1716458465\n|switch|p2a: Snorlax|Snorlax, L82, F|381/397\n|switch|p1a: Girafarig|Girafarig, L89, M|107/269\n|turn|24\n|\n|t:|1716458470\n|move|p1a: Girafarig|Nasty Plot|p1a: Girafarig\n|-boost|p1a: Girafarig|spa|2\n|move|p2a: Snorlax|Curse|p2a: Snorlax\n|-unboost|p2a: Snorlax|spe|1\n|-boost|p2a: Snorlax|atk|1\n|-boost|p2a: Snorlax|def|1\n|\n|-heal|p2a: Snorlax|397/397|[from] item: Leftovers\n|upkeep\n|turn|25\n|\n|t:|1716458473\n|move|p1a: Girafarig|Hyper Voice|p2a: Snorlax\n|-damage|p2a: Snorlax|225/397\n|move|p2a: Snorlax|Body Slam|p1a: Girafarig\n|-damage|p1a: Girafarig|0 fnt\n|faint|p1a: Girafarig\n|\n|-heal|p2a: Snorlax|249/397|[from] item: Leftovers\n|upkeep\n|\n|t:|1716458476\n|switch|p1a: Weezing|Weezing-Galar, L86, F|252/252\n|turn|26\n|\n|t:|1716458490\n|-terastallize|p2a: Snorlax|Poison\n|move|p1a: Weezing|Gunk Shot|p2a: Snorlax\n|-resisted|p2a: Snorlax\n|-damage|p2a: Snorlax|199/397\n|move|p2a: Snorlax|Curse|p2a: Snorlax\n|-unboost|p2a: Snorlax|spe|1\n|-boost|p2a: Snorlax|atk|1\n|-boost|p2a: Snorlax|def|1\n|\n|-heal|p2a: Snorlax|223/397|[from] item: Leftovers\n|upkeep\n|turn|27\n|\n|t:|1716458496\n|move|p1a: Weezing|Strange Steam|p2a: Snorlax\n|-resisted|p2a: Snorlax\n|-damage|p2a: Snorlax|187/397\n|move|p2a: Snorlax|Rest|p2a: Snorlax\n|-status|p2a: Snorlax|slp|[from] move: Rest\n|-heal|p2a: Snorlax|397/397 slp|[silent]\n|\n|upkeep\n|turn|28\n|\n|t:|1716458499\n|move|p1a: Weezing|Strange Steam|p2a: Snorlax\n|-resisted|p2a: Snorlax\n|-damage|p2a: Snorlax|358/397 slp\n|-start|p2a: Snorlax|confusion\n|cant|p2a: Snorlax|slp\n|-activate|p2a: Snorlax|confusion\n|-damage|p2a: Snorlax|323/397 slp|[from] confusion\n|\n|-heal|p2a: Snorlax|347/397 slp|[from] item: Leftovers\n|upkeep\n|turn|29\n|\n|t:|1716458511\n|move|p1a: Weezing|Gunk Shot|p2a: Snorlax\n|-resisted|p2a: Snorlax\n|-damage|p2a: Snorlax|304/397 slp\n|cant|p2a: Snorlax|slp\n|-activate|p2a: Snorlax|confusion\n|-damage|p2a: Snorlax|267/397 slp|[from] confusion\n|\n|-heal|p2a: Snorlax|291/397 slp|[from] item: Leftovers\n|upkeep\n|turn|30\n|\n|t:|1716458523\n|move|p1a: Weezing|Gunk Shot|p2a: Snorlax\n|-resisted|p2a: Snorlax\n|-damage|p2a: Snorlax|254/397 slp\n|-curestatus|p2a: Snorlax|slp|[msg]\n|-activate|p2a: Snorlax|confusion\n|-damage|p2a: Snorlax|215/397|[from] confusion\n|\n|-heal|p2a: Snorlax|239/397|[from] item: Leftovers\n|upkeep\n|turn|31\n|\n|t:|1716458529\n|move|p1a: Weezing|Gunk Shot|p2a: Snorlax\n|-resisted|p2a: Snorlax\n|-damage|p2a: Snorlax|195/397\n|-activate|p2a: Snorlax|confusion\n|move|p2a: Snorlax|Rest|p2a: Snorlax\n|-status|p2a: Snorlax|slp|[from] move: Rest\n|-heal|p2a: Snorlax|397/397 slp|[silent]\n|\n|upkeep\n|turn|32\n|\n|t:|1716458533\n|move|p1a: Weezing|Strange Steam|p2a: Snorlax\n|-resisted|p2a: Snorlax\n|-damage|p2a: Snorlax|357/397 slp\n|cant|p2a: Snorlax|slp\n|-end|p2a: Snorlax|confusion\n|move|p2a: Snorlax|Sleep Talk|p2a: Snorlax\n|move|p2a: Snorlax|Rest||[from]move: Sleep Talk|[still]\n|-fail|p2a: Snorlax\n|\n|-heal|p2a: Snorlax|381/397 slp|[from] item: Leftovers\n|upkeep\n|turn|33\n|\n|t:|1716458537\n|move|p1a: Weezing|Strange Steam|p2a: Snorlax\n|-resisted|p2a: Snorlax\n|-damage|p2a: Snorlax|342/397 slp\n|cant|p2a: Snorlax|slp\n|move|p2a: Snorlax|Sleep Talk|p2a: Snorlax\n|move|p2a: Snorlax|Rest||[from]move: Sleep Talk|[still]\n|-fail|p2a: Snorlax\n|\n|-heal|p2a: Snorlax|366/397 slp|[from] item: Leftovers\n|upkeep\n|turn|34\n|\n|t:|1716458541\n|move|p1a: Weezing|Strange Steam|p2a: Snorlax\n|-resisted|p2a: Snorlax\n|-damage|p2a: Snorlax|325/397 slp\n|-curestatus|p2a: Snorlax|slp|[msg]\n|move|p2a: Snorlax|Body Slam|p1a: Weezing\n|-damage|p1a: Weezing|120/252\n|-status|p1a: Weezing|par\n|\n|-heal|p1a: Weezing|135/252 par|[from] item: Leftovers\n|-heal|p2a: Snorlax|349/397|[from] item: Leftovers\n|upkeep\n|turn|35\n|\n|t:|1716458545\n|move|p1a: Weezing|Pain Split|p2a: Snorlax\n|-sethp|p2a: Snorlax|242/397|[from] move: Pain Split|[silent]\n|-sethp|p1a: Weezing|242/252 par|[from] move: Pain Split\n|move|p2a: Snorlax|Body Slam|p1a: Weezing\n|-damage|p1a: Weezing|86/252 par\n|\n|-heal|p1a: Weezing|101/252 par|[from] item: Leftovers\n|-heal|p2a: Snorlax|266/397|[from] item: Leftovers\n|upkeep\n|turn|36\n|\n|t:|1716458551\n|cant|p1a: Weezing|par\n|move|p2a: Snorlax|Body Slam|p1a: Weezing\n|-damage|p1a: Weezing|0 fnt\n|faint|p1a: Weezing\n|\n|win|hey find mo\n|raw|Norman2!'s rating: 2492 &rarr; <strong>2464</strong><br />(-28 for losing)\n|raw|hey find mo's rating: 2352 &rarr; <strong>2380</strong><br />(+28 for winning)\n|l|\u203dNorman2!\n|player|p1|\n", "inputlog": ">version 7158ead19aeac8750849df2840eabb6dbec77df6\n>start {\"formatid\":\"gen9randombattle\",\"seed\":[57680,47439,44448,61111],\"rated\":\"Rated battle\"}\n>player p1 {\"name\":\"Norman2!\",\"avatar\":\"2\",\"rating\":2492,\"seed\":[15169,9166,48996,25717]}\n>player p2 {\"name\":\"hey find mo\",\"avatar\":\"twins\",\"rating\":2352,\"seed\":[22792,50105,64997,54287]}\n>p1 move blueflare\n>p2 move bravebird\n>p1 move earthpower\n>p2 move bravebird\n>p1 switch 3\n>p2 move bravebird\n>p1 move diamondstorm\n>p2 move taunt\n>p2 switch 2\n>p1 move earthpower terastallize\n>p2 move flashcannon\n>p1 move drainingkiss\n>p2 switch 3\n>p1 switch 6\n>p2 move bulletseed\n>p1 move hypervoice\n>p2 switch 5\n>p1 switch 2\n>p2 move bodyslam\n>p1 move closecombat\n>p2 switch 3\n>p2 switch 6\n>p1 switch 4\n>p2 move swordsdance\n>p1 move closecombat\n>p2 move liquidation\n>p1 move machpunch\n>p2 move aquajet\n>p1 switch 4\n>p1 move bulletpunch\n>p2 move liquidation\n>p1 switch 2\n>p1 move hypervoice\n>p2 move aquajet\n>p2 switch 3\n>p1 move nastyplot\n>p2 move bodyslam\n>p1 move psyshock\n>p2 switch 4\n>p1 switch 3\n>p2 move doubleedge\n>p1 switch 6\n>p1 move diamondstorm\n>p2 switch 5\n>p1 move drainingkiss\n>p2 move bulletseed\n>p2 switch 5\n>p1 move diamondstorm\n>p2 move doubleedge\n>p1 move diamondstorm\n>p2 move doubleedge\n>p1 move drainingkiss\n>p2 move doubleedge\n>p1 switch 3\n>p2 switch 4\n>p1 move nastyplot\n>p2 move curse\n>p1 move hypervoice\n>p2 move bodyslam\n>p1 switch 5\n>p1 move gunkshot\n>p2 move curse terastallize\n>p1 move strangesteam\n>p2 move rest\n>p1 move strangesteam\n>p2 move sleeptalk\n>p1 move gunkshot\n>p2 move sleeptalk\n>p1 move gunkshot\n>p2 move rest\n>p1 move gunkshot\n>p2 move rest\n>p1 move strangesteam\n>p2 move sleeptalk\n>p1 move strangesteam\n>p2 move sleeptalk\n>p1 move strangesteam\n>p2 move bodyslam\n>p1 move painsplit\n>p2 move bodyslam\n>p1 move painsplit\n>p2 move bodyslam", "uploadtime": 1716458558, "views": 218, "formatid": "gen9randombattle", "rating": 2380, "private": 0, "password": null}