{"id": "gen9randombattle-2260787501", "format": "[Gen 9] Random Battle", "players": ["Gym Leader Bert", "RlySlo"], "log": "|j|\u2606Gym Leader Bert\n|j|\u2606RlySlo\n|t:|1733892079\n|gametype|singles\n|player|p1|Gym Leader Bert|gentleman-gen4|1397\n|player|p2|RlySlo|unknown|1381\n|teamsize|p1|6\n|teamsize|p2|6\n|gen|9\n|tier|[Gen 9] Random Battle\n|rated|\n|rule|Species Clause: Limit one of each Pok\u00e9mon\n|rule|HP Percentage Mod: HP is shown in percentages\n|rule|Sleep Clause Mod: Limit one foe put to sleep\n|rule|Illusion Level Mod: Illusion disguises the Pok\u00e9mon's true level\n|\n|t:|1733892079\n|start\n|switch|p1a: Iron Treads|Iron Treads, L77|265/265\n|switch|p2a: Araquanid|Araquanid, L82, M|246/246\n|turn|1\n|inactive|Battle timer is ON: inactive players will automatically lose when time's up. (requested by RlySlo)\n|\n|t:|1733892101\n|switch|p2a: Passimian|Passimian, L83, F|302/302\n|move|p1a: Iron Treads|Volt Switch|p2a: Passimian\n|-damage|p2a: Passimian|256/302\n|\n|t:|1733892104\n|-end|p1a: Iron Treads|Quark Drive|[silent]\n|switch|p1a: Scovillain|Scovillain, L91, F|266/266|[from] Volt Switch\n|\n|upkeep\n|turn|2\n|\n|t:|1733892109\n|move|p2a: Passimian|U-turn|p1a: Scovillain\n|-damage|p1a: Scovillain|201/266\n|\n|t:|1733892111\n|switch|p2a: Ditto|Ditto, L87|225/225|[from] U-turn\n|-transform|p2a: Ditto|p1a: Scovillain|[from] ability: Imposter\n|move|p1a: Scovillain|Flamethrower|p2a: Ditto\n|-damage|p2a: Ditto|83/225\n|\n|-heal|p1a: Scovillain|217/266|[from] item: Leftovers\n|upkeep\n|turn|3\n|\n|t:|1733892135\n|move|p2a: Ditto|Flamethrower|p1a: Scovillain\n|-damage|p1a: Scovillain|82/266\n|move|p1a: Scovillain|Flamethrower|p2a: Ditto\n|-damage|p2a: Ditto|0 fnt\n|faint|p2a: Ditto\n|\n|-heal|p1a: Scovillain|98/266|[from] item: Leftovers\n|upkeep\n|\n|t:|1733892141\n|switch|p2a: Haxorus|Haxorus, L77, M|244/244\n|-ability|p2a: Haxorus|Mold Breaker\n|turn|4\n|inactive|Gym Leader Bert has 120 seconds left.\n|\n|t:|1733892199\n|move|p2a: Haxorus|Dragon Dance|p2a: Haxorus\n|-boost|p2a: Haxorus|atk|1\n|-boost|p2a: Haxorus|spe|1\n|move|p1a: Scovillain|Leech Seed|p2a: Haxorus\n|-start|p2a: Haxorus|move: Leech Seed\n|\n|-heal|p1a: Scovillain|114/266|[from] item: Leftovers\n|-damage|p2a: Haxorus|214/244|[from] Leech Seed|[of] p1a: Scovillain\n|-heal|p1a: Scovillain|144/266|[silent]\n|upkeep\n|turn|5\n|inactive|RlySlo has 120 seconds left.\n|\n|t:|1733892229\n|move|p2a: Haxorus|Outrage|p1a: Scovillain\n|-damage|p1a: Scovillain|0 fnt\n|faint|p1a: Scovillain\n|\n|upkeep\n|inactive|Gym Leader Bert has 90 seconds left.\n|\n|t:|1733892261\n|switch|p1a: Iron Treads|Iron Treads, L77|265/265\n|turn|6\n|\n|t:|1733892264\n|move|p2a: Haxorus|Outrage|p1a: Iron Treads|[from]lockedmove\n|-resisted|p1a: Iron Treads\n|-damage|p1a: Iron Treads|177/265\n|move|p1a: Iron Treads|Rapid Spin|p2a: Haxorus\n|-damage|p2a: Haxorus|181/244\n|-boost|p1a: Iron Treads|spe|1\n|\n|-damage|p2a: Haxorus|151/244|[from] Leech Seed|[of] p1a: Iron Treads\n|-heal|p1a: Iron Treads|207/265|[silent]\n|upkeep\n|turn|7\n|inactive|Gym Leader Bert has 90 seconds left.\n|\n|t:|1733892270\n|move|p1a: Iron Treads|Rapid Spin|p2a: Haxorus\n|-damage|p2a: Haxorus|116/244\n|-boost|p1a: Iron Treads|spe|1\n|move|p2a: Haxorus|Outrage|p1a: Iron Treads|[from]lockedmove\n|-resisted|p1a: Iron Treads\n|-damage|p1a: Iron Treads|119/265\n|-start|p2a: Haxorus|confusion|[fatigue]\n|-enditem|p2a: Haxorus|Lum Berry|[eat]\n|-end|p2a: Haxorus|confusion\n|\n|-damage|p2a: Haxorus|86/244|[from] Leech Seed|[of] p1a: Iron Treads\n|-heal|p1a: Iron Treads|149/265|[silent]\n|upkeep\n|turn|8\n|\n|t:|1733892276\n|move|p1a: Iron Treads|Rapid Spin|p2a: Haxorus\n|-damage|p2a: Haxorus|52/244\n|-boost|p1a: Iron Treads|spe|1\n|move|p2a: Haxorus|Close Combat|p1a: Iron Treads\n|-supereffective|p1a: Iron Treads\n|-damage|p1a: Iron Treads|0 fnt\n|-unboost|p2a: Haxorus|def|1\n|-unboost|p2a: Haxorus|spd|1\n|faint|p1a: Iron Treads\n|-end|p1a: Iron Treads|Quark Drive|[silent]\n|\n|upkeep\n|c|\u2606RlySlo|greedy greedy\n|inactive|Gym Leader Bert has 90 seconds left.\n|\n|t:|1733892293\n|switch|p1a: Blastoise|Blastoise, L80, F|258/258\n|turn|9\n|\n|t:|1733892299\n|move|p2a: Haxorus|Dragon Dance|p2a: Haxorus\n|-boost|p2a: Haxorus|atk|1\n|-boost|p2a: Haxorus|spe|1\n|move|p1a: Blastoise|Shell Smash|p1a: Blastoise\n|-unboost|p1a: Blastoise|def|1\n|-unboost|p1a: Blastoise|spd|1\n|-boost|p1a: Blastoise|atk|2\n|-boost|p1a: Blastoise|spa|2\n|-boost|p1a: Blastoise|spe|2\n|-enditem|p1a: Blastoise|White Herb\n|-clearnegativeboost|p1a: Blastoise|[silent]\n|\n|-damage|p2a: Haxorus|22/244|[from] Leech Seed|[of] p1a: Blastoise\n|upkeep\n|turn|10\n|\n|t:|1733892306\n|move|p2a: Haxorus|Outrage|p1a: Blastoise\n|-damage|p1a: Blastoise|0 fnt\n|faint|p1a: Blastoise\n|\n|upkeep\n|\n|t:|1733892312\n|switch|p1a: Houndstone|Houndstone, L86, M|264/264\n|turn|11\n|c|\u2606RlySlo|greedy greedy\n|\n|t:|1733892316\n|move|p2a: Haxorus|Outrage|p1a: Houndstone|[from]lockedmove\n|-damage|p1a: Houndstone|0 fnt\n|faint|p1a: Houndstone\n|\n|upkeep\n|\n|t:|1733892320\n|switch|p1a: Darkrai|Darkrai, L77|234/234\n|turn|12\n|\n|t:|1733892322\n|move|p2a: Haxorus|Outrage|p1a: Darkrai|[from]lockedmove\n|-damage|p1a: Darkrai|0 fnt\n|faint|p1a: Darkrai\n|-start|p2a: Haxorus|confusion|[fatigue]\n|\n|upkeep\n|\n|t:|1733892325\n|switch|p1a: Golduck|Golduck, L90, F|290/290\n|-ability|p1a: Golduck|Cloud Nine\n|turn|13\n|\n|t:|1733892327\n|-activate|p2a: Haxorus|confusion\n|move|p2a: Haxorus|Outrage|p1a: Golduck\n|-damage|p1a: Golduck|0 fnt\n|faint|p1a: Golduck\n|\n|win|RlySlo\n|raw|Gym Leader Bert's rating: 1397 &rarr; <strong>1376</strong><br />(-21 for losing)\n|raw|RlySlo's rating: 1381 &rarr; <strong>1402</strong><br />(+21 for winning)\n|l|\u2606Gym Leader Bert\n|player|p1|\n", "inputlog": ">version bfd83cad13791eb5a5a409923076391caf6fb4d4\n>start {\"formatid\":\"gen9randombattle\",\"seed\":[26186,39533,49835,10549],\"rated\":\"Rated battle\"}\n>player p1 {\"name\":\"Gym Leader Bert\",\"avatar\":\"gentleman-gen4\",\"rating\":1397,\"seed\":[61670,1316,38366,61709]}\n>player p2 {\"name\":\"RlySlo\",\"avatar\":\"unknown\",\"rating\":1381,\"seed\":[26867,20407,4935,21702]}\n>p1 move voltswitch\n>p2 switch 6\n>p1 switch 5\n>p1 move flamethrower\n>p2 move uturn\n>p2 switch 5\n>p1 move flamethrower\n>p2 move flamethrower\n>p2 switch 4\n>p1 move leechseed\n>p2 move dragondance\n>p1 move substitute\n>p2 move outrage\n>p1 switch 5\n>p1 move rapidspin\n>p2 move outrage\n>p1 move rapidspin\n>p2 move outrage\n>p1 move rapidspin\n>p2 move closecombat\n>chat \u2606RlySlo|greedy greedy\n>p1 switch 3\n>p1 move shellsmash\n>p2 move dragondance\n>p1 move icebeam\n>p2 move outrage\n>p1 switch 4\n>chat \u2606RlySlo|greedy greedy\n>p1 move rest\n>p2 move outrage\n>p1 switch 2\n>p1 move sludgebomb\n>p2 move outrage\n>p1 switch 6\n>p1 move nastyplot\n>p2 move outrage", "uploadtime": 1733892337, "views": 15, "formatid": "gen9randombattle", "rating": 1376, "private": 0, "password": null}