{"id": "gen9randombattle-2260503701", "format": "[Gen 9] Random Battle", "players": ["NeinAbyss", "Husnasb"], "log": "|j|\u2606NeinAbyss\n|j|\u2606Husnasb\n|t:|1733857932\n|gametype|singles\n|player|p1|NeinAbyss|170|1107\n|player|p2|Husnasb|265|1089\n|teamsize|p1|6\n|teamsize|p2|6\n|gen|9\n|tier|[Gen 9] Random Battle\n|rated|\n|rule|Species Clause: Limit one of each Pok\u00e9mon\n|rule|HP Percentage Mod: HP is shown in percentages\n|rule|Sleep Clause Mod: Limit one foe put to sleep\n|rule|Illusion Level Mod: Illusion disguises the Pok\u00e9mon's true level\n|\n|t:|1733857932\n|start\n|switch|p1a: Grimmsnarl|Grimmsnarl, L83, M|293/293\n|switch|p2a: Entei|Entei, L78|307/307\n|turn|1\n|\n|t:|1733857936\n|move|p1a: Grimmsnarl|Thunder Wave|p2a: Entei\n|-status|p2a: Entei|par\n|cant|p2a: Entei|par\n|\n|upkeep\n|turn|2\n|\n|t:|1733857952\n|move|p1a: Grimmsnarl|Spirit Break|p2a: Entei\n|-resisted|p2a: Entei\n|-damage|p2a: Entei|254/307 par\n|-unboost|p2a: Entei|spa|1\n|move|p2a: Entei|Sacred Fire|p1a: Grimmsnarl\n|-damage|p1a: Grimmsnarl|85/293\n|-status|p1a: Grimmsnarl|brn\n|\n|-heal|p1a: Grimmsnarl|103/293 brn|[from] item: Leftovers\n|-damage|p1a: Grimmsnarl|85/293 brn|[from] brn\n|upkeep\n|turn|3\n|\n|t:|1733857964\n|move|p1a: Grimmsnarl|Sucker Punch|p2a: Entei\n|-damage|p2a: Entei|209/307 par\n|move|p2a: Entei|Sacred Fire|p1a: Grimmsnarl\n|-damage|p1a: Grimmsnarl|0 fnt\n|faint|p1a: Grimmsnarl\n|\n|upkeep\n|\n|t:|1733857969\n|switch|p1a: Lanturn|Lanturn, L89, M|367/367\n|turn|4\n|\n|t:|1733857983\n|switch|p2a: Overqwil|Overqwil, L82, M|274/274\n|-ability|p2a: Overqwil|Intimidate|boost\n|-unboost|p1a: Lanturn|atk|1\n|move|p1a: Lanturn|Scald|p2a: Overqwil\n|-damage|p2a: Overqwil|166/274\n|-status|p2a: Overqwil|brn\n|\n|-damage|p2a: Overqwil|149/274 brn|[from] brn\n|upkeep\n|turn|5\n|inactive|Battle timer is ON: inactive players will automatically lose when time's up. (requested by Husnasb)\n|\n|t:|1733857998\n|move|p2a: Overqwil|Gunk Shot|p1a: Lanturn\n|-damage|p1a: Lanturn|277/367\n|move|p1a: Lanturn|Thunderbolt|p2a: Overqwil\n|-damage|p2a: Overqwil|32/274 brn\n|\n|-damage|p2a: Overqwil|15/274 brn|[from] brn\n|upkeep\n|turn|6\n|\n|t:|1733858004\n|move|p2a: Overqwil|Gunk Shot|p1a: Lanturn\n|-damage|p1a: Lanturn|192/367\n|-status|p1a: Lanturn|psn\n|move|p1a: Lanturn|Thunderbolt|p2a: Overqwil\n|-damage|p2a: Overqwil|0 fnt\n|faint|p2a: Overqwil\n|\n|-damage|p1a: Lanturn|147/367 psn|[from] psn\n|upkeep\n|\n|t:|1733858011\n|switch|p2a: Klawf|Klawf, L90, M|272/272\n|turn|7\n|\n|t:|1733858014\n|move|p2a: Klawf|High Horsepower|p1a: Lanturn\n|-supereffective|p1a: Lanturn\n|-damage|p1a: Lanturn|0 fnt\n|faint|p1a: Lanturn\n|\n|upkeep\n|\n|t:|1733858032\n|switch|p1a: Ogerpon|Ogerpon-Wellspring, L76, F|247/247\n|turn|8\n|\n|t:|1733858042\n|move|p1a: Ogerpon|Ivy Cudgel|p2a: Klawf|[anim] Ivy Cudgel Water\n|-supereffective|p2a: Klawf\n|-damage|p2a: Klawf|80/272\n|-ability|p2a: Klawf|Anger Shell|boost\n|-boost|p2a: Klawf|atk|1\n|-boost|p2a: Klawf|spa|1\n|-boost|p2a: Klawf|spe|1\n|-unboost|p2a: Klawf|def|1\n|-unboost|p2a: Klawf|spd|1\n|move|p2a: Klawf|Stone Edge|p1a: Ogerpon\n|-damage|p1a: Ogerpon|37/247\n|\n|upkeep\n|turn|9\n|\n|t:|1733858051\n|move|p2a: Klawf|Knock Off|p1a: Ogerpon\n|-damage|p1a: Ogerpon|0 fnt\n|faint|p1a: Ogerpon\n|\n|upkeep\n|\n|t:|1733858059\n|switch|p1a: Houndoom|Houndoom, L87, F|272/272\n|turn|10\n|\n|t:|1733858068\n|move|p1a: Houndoom|Sucker Punch||[still]\n|-fail|p1a: Houndoom\n|move|p2a: Klawf|Swords Dance|p2a: Klawf\n|-boost|p2a: Klawf|atk|2\n|\n|upkeep\n|turn|11\n|\n|t:|1733858071\n|move|p1a: Houndoom|Sucker Punch||[still]\n|-fail|p1a: Houndoom\n|move|p2a: Klawf|Swords Dance|p2a: Klawf\n|-boost|p2a: Klawf|atk|2\n|\n|upkeep\n|turn|12\n|\n|t:|1733858073\n|move|p1a: Houndoom|Sucker Punch||[still]\n|-fail|p1a: Houndoom\n|move|p2a: Klawf|Swords Dance|p2a: Klawf\n|-boost|p2a: Klawf|atk|1\n|\n|upkeep\n|turn|13\n|\n|t:|1733858076\n|move|p1a: Houndoom|Sucker Punch||[still]\n|-fail|p1a: Houndoom\n|move|p2a: Klawf|Swords Dance|p2a: Klawf\n|-boost|p2a: Klawf|atk|0\n|\n|upkeep\n|turn|14\n|\n|t:|1733858079\n|move|p1a: Houndoom|Sucker Punch||[still]\n|-fail|p1a: Houndoom\n|move|p2a: Klawf|Swords Dance|p2a: Klawf\n|-boost|p2a: Klawf|atk|0\n|\n|upkeep\n|turn|15\n|\n|t:|1733858081\n|move|p1a: Houndoom|Sucker Punch||[still]\n|-fail|p1a: Houndoom\n|move|p2a: Klawf|Swords Dance|p2a: Klawf\n|-boost|p2a: Klawf|atk|0\n|\n|upkeep\n|turn|16\n|\n|t:|1733858087\n|move|p1a: Houndoom|Sucker Punch|p2a: Klawf\n|-damage|p2a: Klawf|0 fnt\n|faint|p2a: Klawf\n|\n|upkeep\n|c|\u2606NeinAbyss|lol\n|\n|t:|1733858093\n|switch|p2a: Dragonite|Dragonite, L74, M|257/257\n|turn|17\n|\n|t:|1733858102\n|move|p1a: Houndoom|Dark Pulse|p2a: Dragonite\n|-damage|p2a: Dragonite|204/257\n|move|p2a: Dragonite|Dragon Dance|p2a: Dragonite\n|-boost|p2a: Dragonite|atk|1\n|-boost|p2a: Dragonite|spe|1\n|\n|upkeep\n|turn|18\n|\n|t:|1733858113\n|move|p2a: Dragonite|Earthquake|p1a: Houndoom\n|-supereffective|p1a: Houndoom\n|-damage|p1a: Houndoom|0 fnt\n|faint|p1a: Houndoom\n|\n|upkeep\n|\n|t:|1733858118\n|switch|p1a: Virizion|Virizion, L82|283/283\n|turn|19\n|\n|t:|1733858124\n|-terastallize|p1a: Virizion|Rock\n|move|p2a: Dragonite|Outrage|p1a: Virizion\n|-damage|p1a: Virizion|55/283\n|move|p1a: Virizion|Stone Edge|p2a: Dragonite\n|-supereffective|p2a: Dragonite\n|-damage|p2a: Dragonite|0 fnt\n|faint|p2a: Dragonite\n|-damage|p1a: Virizion|27/283|[from] item: Life Orb\n|\n|upkeep\n|\n|t:|1733858131\n|switch|p2a: Entei|Entei, L78|209/307 par\n|turn|20\n|\n|t:|1733858139\n|move|p2a: Entei|Extreme Speed|p1a: Virizion\n|-resisted|p1a: Virizion\n|-damage|p1a: Virizion|0 fnt\n|faint|p1a: Virizion\n|\n|upkeep\n|\n|t:|1733858143\n|switch|p1a: Kricketune|Kricketune, L99, M|312/312\n|turn|21\n|c|\u2606NeinAbyss|so fucking braindead\n|inactive|NeinAbyss has 120 seconds left.\n|c|\u2606NeinAbyss|just boost and then you get to 1-2 shot any of my team must be nic to get your hand held\n|\n|t:|1733858199\n|switch|p2a: Alcremie|Alcremie-Rainbow-Swirl, L90, F|263/263\n|move|p1a: Kricketune|Knock Off|p2a: Alcremie\n|-resisted|p2a: Alcremie\n|-damage|p2a: Alcremie|219/263\n|-enditem|p2a: Alcremie|Leftovers|[from] move: Knock Off|[of] p1a: Kricketune\n|\n|upkeep\n|turn|22\n|\n|t:|1733858211\n|move|p1a: Kricketune|Taunt|p2a: Alcremie\n|-block|p2a: Alcremie|ability: Aroma Veil|[of] p2a: Alcremie\n|move|p2a: Alcremie|Psyshock|p1a: Kricketune\n|-damage|p1a: Kricketune|221/312\n|\n|upkeep\n|turn|23\n|\n|t:|1733858223\n|move|p1a: Kricketune|Knock Off|p2a: Alcremie\n|-resisted|p2a: Alcremie\n|-damage|p2a: Alcremie|190/263\n|move|p2a: Alcremie|Alluring Voice|p1a: Kricketune\n|-damage|p1a: Kricketune|91/312\n|\n|upkeep\n|turn|24\n|\n|t:|1733858229\n|move|p1a: Kricketune|Knock Off|p2a: Alcremie\n|-resisted|p2a: Alcremie\n|-damage|p2a: Alcremie|161/263\n|move|p2a: Alcremie|Alluring Voice|p1a: Kricketune\n|-damage|p1a: Kricketune|0 fnt\n|faint|p1a: Kricketune\n|\n|win|Husnasb\n", "inputlog": ">version bfd83cad13791eb5a5a409923076391caf6fb4d4\n>start {\"formatid\":\"gen9randombattle\",\"seed\":[38731,48556,25298,47449],\"rated\":\"Rated battle\"}\n>player p1 {\"name\":\"NeinAbyss\",\"avatar\":\"170\",\"rating\":1107,\"seed\":[60447,38208,48901,49688]}\n>player p2 {\"name\":\"Husnasb\",\"avatar\":\"265\",\"rating\":1089,\"seed\":[42999,9837,57614,63401]}\n>p1 move thunderwave\n>p2 move sacredfire\n>p1 move spiritbreak\n>p2 move sacredfire\n>p1 move suckerpunch\n>p2 move sacredfire\n>p1 switch 6\n>p1 move scald\n>p2 switch 5\n>p1 move thunderbolt\n>p2 move gunkshot\n>p1 move thunderbolt\n>p2 move gunkshot\n>p2 switch 4\n>p1 move thunderwave\n>p2 move highhorsepower\n>p1 switch 4\n>p1 move ivycudgel\n>p2 move stoneedge\n>p1 move ivycudgel\n>p2 move knockoff\n>p1 switch 2\n>p1 move suckerpunch\n>p2 move swordsdance\n>p1 move suckerpunch\n>p2 move swordsdance\n>p1 move suckerpunch\n>p2 move swordsdance\n>p1 move suckerpunch\n>p2 move swordsdance\n>p1 move suckerpunch\n>p2 move swordsdance\n>p1 move suckerpunch\n>p2 move swordsdance\n>p1 move suckerpunch\n>p2 move highhorsepower\n>chat \u2606NeinAbyss|lol\n>p2 switch 3\n>p1 move darkpulse\n>p2 move dragondance\n>p1 move darkpulse\n>p2 move earthquake\n>p1 switch 5\n>p1 move stoneedge terastallize\n>p2 move outrage\n>p2 switch 5\n>p1 move closecombat\n>p2 move extremespeed\n>p1 switch 3\n>chat \u2606NeinAbyss|so fucking braindead \n>chat \u2606NeinAbyss|just boost and then you get to 1-2 shot any of my team must be nic to get your hand held \n>p1 move knockoff\n>p2 switch 2\n>p1 move taunt\n>p2 move psyshock\n>p1 move knockoff\n>p2 move alluringvoice\n>p1 move knockoff\n>p2 move alluringvoice", "uploadtime": 1733858151, "views": 2, "formatid": "gen9randombattle", "rating": null, "private": 0, "password": null}