{"id": "gen9randombattle-2260836158", "format": "[Gen 9] Random Battle", "players": ["RoboWahbit", "chunbaisede"], "log": "|j|\u2606RoboWahbit\n|j|\u2606chunbaisede\n|t:|1733901154\n|gametype|singles\n|player|p1|RoboWahbit|101|1221\n|player|p2|chunbaisede|266|1277\n|teamsize|p1|6\n|teamsize|p2|6\n|gen|9\n|tier|[Gen 9] Random Battle\n|rated|\n|rule|Species Clause: Limit one of each Pok\u00e9mon\n|rule|HP Percentage Mod: HP is shown in percentages\n|rule|Sleep Clause Mod: Limit one foe put to sleep\n|rule|Illusion Level Mod: Illusion disguises the Pok\u00e9mon's true level\n|\n|t:|1733901154\n|start\n|switch|p1a: Araquanid|Araquanid, L82, F|246/246\n|switch|p2a: Gardevoir|Gardevoir, L83, F|249/249\n|-ability|p2a: Gardevoir|Water Bubble|[from] ability: Trace|[of] p1a: Araquanid\n|turn|1\n|c|\u2606RoboWahbit|hf\n|inactive|Battle timer is ON: inactive players will automatically lose when time's up. (requested by RoboWahbit)\n|\n|t:|1733901174\n|switch|p2a: Rotom|Rotom-Heat, L83|219/219\n|move|p1a: Araquanid|Leech Life|p2a: Rotom\n|-resisted|p2a: Rotom\n|-damage|p2a: Rotom|192/219\n|\n|upkeep\n|turn|2\n|\n|t:|1733901182\n|move|p2a: Rotom|Thunderbolt|p1a: Araquanid\n|-supereffective|p1a: Araquanid\n|-damage|p1a: Araquanid|94/246\n|move|p1a: Araquanid|Liquidation|p2a: Rotom\n|-supereffective|p2a: Rotom\n|-damage|p2a: Rotom|0 fnt\n|faint|p2a: Rotom\n|\n|upkeep\n|inactive|chunbaisede has 120 seconds left.\n|\n|t:|1733901242\n|switch|p2a: Donphan|Donphan, L84, F|288/288\n|turn|3\n|\n|t:|1733901248\n|-terastallize|p2a: Donphan|Steel\n|move|p2a: Donphan|Earthquake|p1a: Araquanid\n|-resisted|p1a: Araquanid\n|-damage|p1a: Araquanid|27/246\n|move|p1a: Araquanid|Leech Life|p2a: Donphan\n|-resisted|p2a: Donphan\n|-damage|p2a: Donphan|262/288\n|-heal|p1a: Araquanid|40/246|[from] drain|[of] p2a: Donphan\n|\n|upkeep\n|turn|4\n|\n|t:|1733901256\n|switch|p1a: Meganium|Meganium, L90, M|290/290\n|move|p2a: Donphan|Earthquake|p1a: Meganium\n|-resisted|p1a: Meganium\n|-damage|p1a: Meganium|234/290\n|\n|upkeep\n|turn|5\n|\n|t:|1733901263\n|move|p1a: Meganium|Swords Dance|p1a: Meganium\n|-boost|p1a: Meganium|atk|2\n|move|p2a: Donphan|Ice Spinner|p1a: Meganium\n|-supereffective|p1a: Meganium\n|-damage|p1a: Meganium|120/290\n|\n|upkeep\n|turn|6\n|\n|t:|1733901271\n|move|p2a: Donphan|Ice Shard|p1a: Meganium\n|-supereffective|p1a: Meganium\n|-damage|p1a: Meganium|62/290\n|move|p1a: Meganium|Earthquake|p2a: Donphan\n|-supereffective|p2a: Donphan\n|-damage|p2a: Donphan|0 fnt\n|faint|p2a: Donphan\n|-damage|p1a: Meganium|33/290|[from] item: Life Orb\n|\n|upkeep\n|\n|t:|1733901283\n|switch|p2a: Inteleon|Inteleon, L81, F|246/246\n|turn|7\n|\n|t:|1733901286\n|switch|p1a: Wigglytuff|Wigglytuff, L96, F|424/424\n|move|p2a: Inteleon|U-turn|p1a: Wigglytuff\n|-resisted|p1a: Wigglytuff\n|-damage|p1a: Wigglytuff|394/424\n|inactive|chunbaisede has 120 seconds left.\n|\n|t:|1733901300\n|switch|p2a: Ogerpon|Ogerpon-Hearthflame, L74, F|239/239|[from] U-turn\n|-ability|p2a: Ogerpon|Mold Breaker\n|\n|-heal|p1a: Wigglytuff|420/424|[from] item: Leftovers\n|upkeep\n|turn|8\n|inactive|chunbaisede has 120 seconds left.\n|\n|t:|1733901306\n|move|p2a: Ogerpon|Swords Dance|p2a: Ogerpon\n|-boost|p2a: Ogerpon|atk|2\n|move|p1a: Wigglytuff|Knock Off|p2a: Ogerpon\n|-damage|p2a: Ogerpon|185/239\n|\n|-heal|p1a: Wigglytuff|424/424|[from] item: Leftovers\n|upkeep\n|turn|9\n|inactive|chunbaisede has 120 seconds left.\n|\n|t:|1733901318\n|switch|p1a: Torkoal|Torkoal, L88, M|266/266\n|-weather|SunnyDay|[from] ability: Drought|[of] p1a: Torkoal\n|move|p2a: Ogerpon|Swords Dance|p2a: Ogerpon\n|-boost|p2a: Ogerpon|atk|2\n|\n|-weather|SunnyDay|[upkeep]\n|upkeep\n|turn|10\n|\n|t:|1733901326\n|move|p2a: Ogerpon|Ivy Cudgel|p1a: Torkoal|[anim] Ivy Cudgel Fire\n|-resisted|p1a: Torkoal\n|-damage|p1a: Torkoal|104/266\n|move|p1a: Torkoal|Rapid Spin|p2a: Ogerpon\n|-damage|p2a: Ogerpon|145/239\n|-boost|p1a: Torkoal|spe|1\n|\n|-weather|SunnyDay|[upkeep]\n|upkeep\n|turn|11\n|\n|t:|1733901334\n|switch|p1a: Duraludon|Duraludon, L82, F|249/249\n|move|p2a: Ogerpon|Ivy Cudgel|p1a: Duraludon|[anim] Ivy Cudgel Fire\n|-damage|p1a: Duraludon|0 fnt\n|faint|p1a: Duraludon\n|\n|-weather|SunnyDay|[upkeep]\n|upkeep\n|\n|t:|1733901334\n|switch|p1a: Torkoal|Torkoal, L88, M|104/266\n|turn|12\n|\n|t:|1733901342\n|move|p2a: Ogerpon|Ivy Cudgel|p1a: Torkoal|[anim] Ivy Cudgel Fire\n|-resisted|p1a: Torkoal\n|-damage|p1a: Torkoal|0 fnt\n|faint|p1a: Torkoal\n|\n|-weather|SunnyDay|[upkeep]\n|upkeep\n|\n|t:|1733901342\n|switch|p1a: Wigglytuff|Wigglytuff, L96, F|424/424\n|turn|13\n|\n|t:|1733901350\n|move|p2a: Ogerpon|Ivy Cudgel|p1a: Wigglytuff|[anim] Ivy Cudgel Fire\n|-damage|p1a: Wigglytuff|0 fnt\n|faint|p1a: Wigglytuff\n|\n|-weather|none\n|upkeep\n|\n|t:|1733901351\n|switch|p1a: Palkia|Palkia-Origin, L72|249/249\n|-ability|p1a: Palkia|Pressure\n|turn|14\n|\n|t:|1733901359\n|switch|p1a: Meganium|Meganium, L90, M|33/290\n|move|p2a: Ogerpon|Horn Leech|p1a: Meganium\n|-resisted|p1a: Meganium\n|-damage|p1a: Meganium|0 fnt\n|-heal|p2a: Ogerpon|162/239|[from] drain|[of] p1a: Meganium\n|faint|p1a: Meganium\n|\n|upkeep\n|\n|t:|1733901360\n|switch|p1a: Araquanid|Araquanid, L82, F|40/246\n|turn|15\n|\n|t:|1733901369\n|move|p2a: Ogerpon|Horn Leech|p1a: Araquanid\n|-damage|p1a: Araquanid|0 fnt\n|-heal|p2a: Ogerpon|182/239|[from] drain|[of] p1a: Araquanid\n|faint|p1a: Araquanid\n|\n|upkeep\n|\n|t:|1733901369\n|switch|p1a: Palkia|Palkia-Origin, L72|249/249\n|-ability|p1a: Palkia|Pressure\n|turn|16\n|\n|t:|1733901377\n|-terastallize|p1a: Palkia|Fire\n|move|p1a: Palkia|Thunder Wave|p2a: Ogerpon|[miss]\n|-miss|p1a: Palkia|p2a: Ogerpon\n|move|p2a: Ogerpon|Knock Off|p1a: Palkia\n|-crit|p1a: Palkia\n|-damage|p1a: Palkia|20/249\n|\n|upkeep\n|turn|17\n|\n|t:|1733901385\n|move|p1a: Palkia|Thunder Wave|p2a: Ogerpon\n|-status|p2a: Ogerpon|par\n|move|p2a: Ogerpon|Ivy Cudgel|p1a: Palkia|[anim] Ivy Cudgel Fire\n|-resisted|p1a: Palkia\n|-damage|p1a: Palkia|0 fnt\n|faint|p1a: Palkia\n|\n|win|chunbaisede\n|raw|RoboWahbit's rating: 1221 &rarr; <strong>1200</strong><br />(-21 for losing)\n|raw|chunbaisede's rating: 1277 &rarr; <strong>1298</strong><br />(+21 for winning)\n|c|\u2606RoboWahbit|gg\n", "inputlog": ">version bfd83cad13791eb5a5a409923076391caf6fb4d4\n>start {\"formatid\":\"gen9randombattle\",\"seed\":[15733,45527,2803,31223],\"rated\":\"Rated battle\"}\n>player p1 {\"name\":\"RoboWahbit\",\"avatar\":\"101\",\"rating\":1221,\"seed\":[18747,36066,2919,32099]}\n>player p2 {\"name\":\"chunbaisede\",\"avatar\":\"266\",\"rating\":1277,\"seed\":[59492,19261,22443,61079]}\n>chat \u2606RoboWahbit|hf\n>p1 move leechlife\n>p2 switch 6\n>p1 move liquidation\n>p2 move thunderbolt\n>p2 switch 2\n>p1 move leechlife\n>p2 move earthquake terastallize\n>p1 switch 4\n>p2 move earthquake\n>p1 move swordsdance\n>p2 move icespinner\n>p1 move earthquake\n>p2 move iceshard\n>p2 switch 4\n>p1 switch 5\n>p2 move uturn\n>p2 switch 5\n>p1 move knockoff\n>p2 move swordsdance\n>p1 switch 6\n>p2 move swordsdance\n>p1 move rapidspin\n>p2 move ivycudgel\n>p1 switch 2\n>p2 move ivycudgel\n>p1 switch 2\n>p1 move lavaplume\n>p2 move ivycudgel\n>p1 switch 6\n>p1 move wish\n>p2 move ivycudgel\n>p1 switch 3\n>p1 switch 5\n>p2 move hornleech\n>p1 switch 4\n>p1 move liquidation\n>p2 move hornleech\n>p1 switch 5\n>p1 move thunderwave terastallize\n>p2 move knockoff\n>p1 move thunderwave\n>p2 move ivycudgel", "uploadtime": 1733901385, "views": 1, "formatid": "gen9randombattle", "rating": 1200, "private": 0, "password": null}