{"id": "gen9randombattle-2260824606", "format": "[Gen 9] Random Battle", "players": ["UsefullyUseless", "lostsonofpluto"], "log": "|j|\u2606UsefullyUseless\n|j|\u2606lostsonofpluto\n|t:|1733898808\n|gametype|singles\n|player|p1|UsefullyUseless|psychicf|1245\n|player|p2|lostsonofpluto|caitlin|1290\n|teamsize|p1|6\n|teamsize|p2|6\n|gen|9\n|tier|[Gen 9] Random Battle\n|rated|\n|rule|Species Clause: Limit one of each Pok\u00e9mon\n|rule|HP Percentage Mod: HP is shown in percentages\n|rule|Sleep Clause Mod: Limit one foe put to sleep\n|rule|Illusion Level Mod: Illusion disguises the Pok\u00e9mon's true level\n|\n|t:|1733898808\n|start\n|switch|p1a: Typhlosion|Typhlosion, L84, F|267/267\n|switch|p2a: Lugia|Lugia, L72|272/272\n|turn|1\n|inactive|Battle timer is ON: inactive players will automatically lose when time's up. (requested by lostsonofpluto)\n|\n|t:|1733898825\n|switch|p1a: Rillaboom|Rillaboom, L79, F|288/288\n|-fieldstart|move: Grassy Terrain|[from] ability: Grassy Surge|[of] p1a: Rillaboom\n|move|p2a: Lugia|Calm Mind|p2a: Lugia\n|-boost|p2a: Lugia|spa|1\n|-boost|p2a: Lugia|spd|1\n|\n|upkeep\n|turn|2\n|\n|t:|1733898847\n|move|p1a: Rillaboom|Grassy Glide|p2a: Lugia\n|-resisted|p2a: Lugia\n|-damage|p2a: Lugia|250/272\n|-damage|p1a: Rillaboom|260/288|[from] item: Life Orb\n|move|p2a: Lugia|Aeroblast|p1a: Rillaboom\n|-supereffective|p1a: Rillaboom\n|-damage|p1a: Rillaboom|6/288\n|\n|-heal|p1a: Rillaboom|24/288|[from] Grassy Terrain\n|upkeep\n|turn|3\n|inactive|lostsonofpluto has 120 seconds left.\n|\n|t:|1733898872\n|switch|p1a: Regirock|Regirock, L83|268/268\n|move|p2a: Lugia|Calm Mind|p2a: Lugia\n|-boost|p2a: Lugia|spa|1\n|-boost|p2a: Lugia|spd|1\n|\n|upkeep\n|turn|4\n|inactive|lostsonofpluto has 120 seconds left.\n|inactive|UsefullyUseless has 120 seconds left.\n|\n|t:|1733898894\n|move|p2a: Lugia|Earth Power|p1a: Regirock\n|-supereffective|p1a: Regirock\n|-damage|p1a: Regirock|120/268\n|move|p1a: Regirock|Curse|p1a: Regirock\n|-unboost|p1a: Regirock|spe|1\n|-boost|p1a: Regirock|atk|1\n|-boost|p1a: Regirock|def|1\n|\n|-heal|p1a: Regirock|136/268|[from] Grassy Terrain\n|upkeep\n|turn|5\n|inactive|UsefullyUseless has 120 seconds left.\n|inactive|lostsonofpluto has 120 seconds left.\n|\n|t:|1733898910\n|move|p2a: Lugia|Earth Power|p1a: Regirock\n|-supereffective|p1a: Regirock\n|-damage|p1a: Regirock|0 fnt\n|faint|p1a: Regirock\n|\n|-fieldend|move: Grassy Terrain\n|upkeep\n|\n|t:|1733898919\n|switch|p1a: Tinkaton|Tinkaton, L82, F|274/274\n|-ability|p1a: Tinkaton|Mold Breaker\n|turn|6\n|inactive|UsefullyUseless has 120 seconds left.\n|\n|t:|1733898932\n|move|p1a: Tinkaton|Encore|p2a: Lugia\n|-start|p2a: Lugia|Encore\n|move|p2a: Lugia|Earth Power|p1a: Tinkaton\n|-supereffective|p1a: Tinkaton\n|-damage|p1a: Tinkaton|106/274\n|\n|-heal|p1a: Tinkaton|123/274|[from] item: Leftovers\n|upkeep\n|turn|7\n|inactive|UsefullyUseless has 120 seconds left.\n|\n|t:|1733898942\n|move|p1a: Tinkaton|Gigaton Hammer|p2a: Lugia\n|-damage|p2a: Lugia|132/272\n|move|p2a: Lugia|Earth Power|p1a: Tinkaton\n|-supereffective|p1a: Tinkaton\n|-damage|p1a: Tinkaton|0 fnt\n|faint|p1a: Tinkaton\n|\n|upkeep\n|inactive|UsefullyUseless has 120 seconds left.\n|\n|t:|1733898958\n|switch|p1a: Bellossom|Bellossom, L84, M|263/263\n|turn|8\n|\n|t:|1733898974\n|move|p2a: Lugia|Earth Power|p1a: Bellossom\n|-resisted|p1a: Bellossom\n|-damage|p1a: Bellossom|220/263\n|move|p1a: Bellossom|Strength Sap|p2a: Lugia\n|-unboost|p2a: Lugia|atk|1\n|-heal|p1a: Bellossom|263/263\n|\n|-end|p2a: Lugia|Encore\n|upkeep\n|turn|9\n|\n|t:|1733898992\n|switch|p1a: Typhlosion|Typhlosion, L84, F|267/267\n|move|p2a: Lugia|Recover|p2a: Lugia\n|-heal|p2a: Lugia|268/272\n|\n|upkeep\n|turn|10\n|inactive|UsefullyUseless has 90 seconds left.\n|\n|t:|1733899012\n|-terastallize|p1a: Typhlosion|Fire\n|move|p1a: Typhlosion|Eruption|p2a: Lugia\n|-damage|p2a: Lugia|184/272\n|move|p2a: Lugia|Earth Power|p1a: Typhlosion\n|-supereffective|p1a: Typhlosion\n|-damage|p1a: Typhlosion|75/267\n|\n|upkeep\n|turn|11\n|inactive|UsefullyUseless has 90 seconds left.\n|\n|t:|1733899023\n|move|p1a: Typhlosion|Eruption|p2a: Lugia\n|-damage|p2a: Lugia|158/272\n|move|p2a: Lugia|Earth Power|p1a: Typhlosion\n|-supereffective|p1a: Typhlosion\n|-damage|p1a: Typhlosion|0 fnt\n|faint|p1a: Typhlosion\n|\n|upkeep\n|inactive|UsefullyUseless has 90 seconds left.\n|\n|t:|1733899035\n|switch|p1a: Suicune|Suicune, L82|298/298\n|-ability|p1a: Suicune|Pressure\n|turn|12\n|inactive|UsefullyUseless has 90 seconds left.\n|\n|t:|1733899047\n|move|p2a: Lugia|Calm Mind|p2a: Lugia\n|-boost|p2a: Lugia|spa|1\n|-boost|p2a: Lugia|spd|1\n|move|p1a: Suicune|Rest|p1a: Suicune\n|-fail|p1a: Suicune|heal\n|\n|upkeep\n|turn|13\n|inactive|UsefullyUseless has 90 seconds left.\n|\n|t:|1733899059\n|move|p2a: Lugia|Recover|p2a: Lugia\n|-heal|p2a: Lugia|272/272\n|move|p1a: Suicune|Scald|p2a: Lugia\n|-damage|p2a: Lugia|260/272\n|-status|p2a: Lugia|brn\n|\n|-damage|p2a: Lugia|243/272 brn|[from] brn\n|upkeep\n|turn|14\n|-message|UsefullyUseless forfeited.\n|\n|win|lostsonofpluto\n|raw|UsefullyUseless's rating: 1245 &rarr; <strong>1223</strong><br />(-22 for losing)\n|raw|lostsonofpluto's rating: 1290 &rarr; <strong>1312</strong><br />(+22 for winning)\n|l|\u2606UsefullyUseless\n|player|p1|\n", "inputlog": ">version bfd83cad13791eb5a5a409923076391caf6fb4d4\n>start {\"formatid\":\"gen9randombattle\",\"seed\":[7409,63532,55147,19911],\"rated\":\"Rated battle\"}\n>player p1 {\"name\":\"UsefullyUseless\",\"avatar\":\"psychicf\",\"rating\":1245,\"seed\":[54320,60720,3748,9279]}\n>player p2 {\"name\":\"lostsonofpluto\",\"avatar\":\"caitlin\",\"rating\":1290,\"seed\":[8976,32294,15140,49315]}\n>p1 switch 3\n>p2 move calmmind\n>p1 move grassyglide\n>p2 move aeroblast\n>p1 switch 4\n>p2 move calmmind\n>p1 move curse\n>p2 move earthpower\n>p1 move stoneedge\n>p2 move earthpower\n>p1 switch 5\n>p1 move encore\n>p2 move earthpower\n>p1 move gigatonhammer\n>p2 move earthpower\n>p1 switch 2\n>p1 move strengthsap\n>p2 move earthpower\n>p1 switch 3\n>p2 move recover\n>p1 move eruption terastallize\n>p2 move earthpower\n>p1 move eruption\n>p2 move earthpower\n>p1 switch 6\n>p1 move rest\n>p2 move calmmind\n>p1 move scald\n>p2 move recover\n>forcelose p1", "uploadtime": 1733899076, "views": 3, "formatid": "gen9randombattle", "rating": 1223, "private": 0, "password": null}