{"id": "gen9randombattle-2195394762", "format": "[Gen 9] Random Battle", "players": ["The RealAndrash", "DTeeko"], "log": "|j|\u2606The RealAndrash\n|j|\u2606DTeeko\n|t:|1725573173\n|gametype|singles\n|player|p1|The RealAndrash|guzma|2308\n|player|p2|DTeeko|170|2228\n|teamsize|p1|6\n|teamsize|p2|6\n|gen|9\n|tier|[Gen 9] Random Battle\n|rated|\n|rule|Species Clause: Limit one of each Pok\u00e9mon\n|rule|HP Percentage Mod: HP is shown in percentages\n|rule|Sleep Clause Mod: Limit one foe put to sleep\n|rule|Illusion Level Mod: Illusion disguises the Pok\u00e9mon's true level\n|\n|t:|1725573173\n|start\n|switch|p1a: Skuntank|Skuntank, L84, F|310/310\n|switch|p2a: Solgaleo|Solgaleo, L74|325/325\n|turn|1\n|inactive|Battle timer is ON: inactive players will automatically lose when time's up. (requested by The RealAndrash)\n|\n|t:|1725573184\n|switch|p1a: Amoonguss|Amoonguss, L82, M|321/321\n|switch|p2a: Diancie|Diancie, L82|216/216\n|\n|upkeep\n|turn|2\n|\n|t:|1725573202\n|switch|p2a: Victreebel|Victreebel, L90, M|290/290\n|move|p1a: Amoonguss|Spore|p2a: Victreebel\n|-immune|p2a: Victreebel\n|\n|upkeep\n|turn|3\n|\n|t:|1725573208\n|switch|p1a: Blaziken|Blaziken, L76, F|247/247\n|move|p2a: Victreebel|Sunny Day|p2a: Victreebel\n|-weather|SunnyDay\n|\n|-weather|SunnyDay|[upkeep]\n|upkeep\n|turn|4\n|\n|t:|1725573215\n|move|p1a: Blaziken|Protect|p1a: Blaziken\n|-singleturn|p1a: Blaziken|Protect\n|move|p2a: Victreebel|Sludge Wave|p1a: Blaziken\n|-activate|p1a: Blaziken|move: Protect\n|\n|-weather|SunnyDay|[upkeep]\n|-ability|p1a: Blaziken|Speed Boost|boost\n|-boost|p1a: Blaziken|spe|1\n|upkeep\n|turn|5\n|\n|t:|1725573233\n|-terastallize|p2a: Victreebel|Fire\n|move|p2a: Victreebel|Sludge Wave|p1a: Blaziken\n|-damage|p1a: Blaziken|60/247\n|-status|p1a: Blaziken|psn\n|-damage|p2a: Victreebel|261/290|[from] item: Life Orb\n|move|p1a: Blaziken|Swords Dance|p1a: Blaziken\n|-boost|p1a: Blaziken|atk|2\n|\n|-weather|SunnyDay|[upkeep]\n|-damage|p1a: Blaziken|30/247 psn|[from] psn\n|-ability|p1a: Blaziken|Speed Boost|boost\n|-boost|p1a: Blaziken|spe|1\n|upkeep\n|turn|6\n|\n|t:|1725573242\n|move|p2a: Victreebel|Sludge Wave|p1a: Blaziken\n|-damage|p1a: Blaziken|0 fnt\n|faint|p1a: Blaziken\n|-damage|p2a: Victreebel|232/290|[from] item: Life Orb\n|\n|-weather|SunnyDay|[upkeep]\n|upkeep\n|\n|t:|1725573265\n|switch|p1a: Skuntank|Skuntank, L84, F|310/310\n|turn|7\n|\n|t:|1725573270\n|move|p1a: Skuntank|Sucker Punch|p2a: Victreebel\n|-damage|p2a: Victreebel|151/290\n|move|p2a: Victreebel|Weather Ball|p1a: Skuntank\n|-damage|p1a: Skuntank|92/310\n|-damage|p2a: Victreebel|122/290|[from] item: Life Orb\n|\n|-weather|none\n|upkeep\n|turn|8\n|\n|t:|1725573282\n|move|p1a: Skuntank|Knock Off|p2a: Victreebel\n|-damage|p2a: Victreebel|14/290\n|-enditem|p2a: Victreebel|Life Orb|[from] move: Knock Off|[of] p1a: Skuntank\n|move|p2a: Victreebel|Sludge Wave|p1a: Skuntank\n|-resisted|p1a: Skuntank\n|-damage|p1a: Skuntank|41/310\n|\n|upkeep\n|turn|9\n|\n|t:|1725573290\n|move|p1a: Skuntank|Knock Off|p2a: Victreebel\n|-crit|p2a: Victreebel\n|-damage|p2a: Victreebel|0 fnt\n|faint|p2a: Victreebel\n|\n|upkeep\n|\n|t:|1725573299\n|switch|p2a: Lycanroc|Lycanroc-Dusk, L80, M|251/251\n|turn|10\n|\n|t:|1725573312\n|switch|p1a: Amoonguss|Amoonguss, L82, M|321/321\n|move|p2a: Lycanroc|Accelerock|p1a: Amoonguss\n|-crit|p1a: Amoonguss\n|-damage|p1a: Amoonguss|152/321\n|\n|-heal|p1a: Amoonguss|172/321|[from] item: Leftovers\n|upkeep\n|turn|11\n|\n|t:|1725573320\n|switch|p2a: Solgaleo|Solgaleo, L74|325/325\n|move|p1a: Amoonguss|Spore|p2a: Solgaleo\n|-status|p2a: Solgaleo|slp|[from] move: Spore\n|\n|-heal|p1a: Amoonguss|192/321|[from] item: Leftovers\n|upkeep\n|turn|12\n|\n|t:|1725573335\n|switch|p2a: Lycanroc|Lycanroc-Dusk, L80, M|251/251\n|switch|p1a: Suicune|Suicune, L82|298/298\n|-ability|p1a: Suicune|Pressure\n|\n|upkeep\n|turn|13\n|inactive|The RealAndrash has 120 seconds left.\n|\n|t:|1725573368\n|move|p2a: Lycanroc|Close Combat|p1a: Suicune\n|-damage|p1a: Suicune|140/298\n|-unboost|p2a: Lycanroc|def|1\n|-unboost|p2a: Lycanroc|spd|1\n|move|p1a: Suicune|Scald|p2a: Lycanroc\n|-supereffective|p2a: Lycanroc\n|-damage|p2a: Lycanroc|0 fnt\n|faint|p2a: Lycanroc\n|\n|-heal|p1a: Suicune|158/298|[from] item: Leftovers\n|upkeep\n|\n|t:|1725573375\n|switch|p2a: Banette|Banette, L93, F|270/270\n|-item|p1a: Suicune|Leftovers|[from] ability: Frisk|[of] p2a: Banette\n|turn|14\n|\n|t:|1725573379\n|switch|p1a: Skuntank|Skuntank, L84, F|41/310\n|move|p2a: Banette|Poltergeist|p1a: Skuntank\n|-activate|p1a: Skuntank|move: Poltergeist|Assault Vest\n|-resisted|p1a: Skuntank\n|-damage|p1a: Skuntank|0 fnt\n|faint|p1a: Skuntank\n|-damage|p2a: Banette|243/270|[from] item: Life Orb\n|\n|upkeep\n|\n|t:|1725573386\n|switch|p1a: Furret|Furret, L93, F|309/309\n|-item|p2a: Banette|Life Orb|[from] ability: Frisk|[of] p1a: Furret\n|turn|15\n|\n|t:|1725573394\n|move|p1a: Furret|Knock Off|p2a: Banette\n|-supereffective|p2a: Banette\n|-damage|p2a: Banette|3/270\n|-enditem|p2a: Banette|Life Orb|[from] move: Knock Off|[of] p1a: Furret\n|move|p2a: Banette|Gunk Shot|p1a: Furret\n|-damage|p1a: Furret|183/309\n|-status|p1a: Furret|psn\n|\n|-damage|p1a: Furret|145/309 psn|[from] psn\n|upkeep\n|turn|16\n|\n|t:|1725573404\n|move|p2a: Banette|Shadow Sneak|p1a: Furret\n|-immune|p1a: Furret\n|move|p1a: Furret|Knock Off|p2a: Banette\n|-supereffective|p2a: Banette\n|-damage|p2a: Banette|0 fnt\n|faint|p2a: Banette\n|\n|-damage|p1a: Furret|107/309 psn|[from] psn\n|upkeep\n|\n|t:|1725573408\n|switch|p2a: Diancie|Diancie, L82|216/216\n|turn|17\n|\n|t:|1725573412\n|switch|p1a: Suicune|Suicune, L82|158/298\n|-ability|p1a: Suicune|Pressure\n|move|p2a: Diancie|Calm Mind|p2a: Diancie\n|-boost|p2a: Diancie|spa|1\n|-boost|p2a: Diancie|spd|1\n|\n|-heal|p1a: Suicune|176/298|[from] item: Leftovers\n|upkeep\n|turn|18\n|\n|t:|1725573419\n|move|p1a: Suicune|Substitute|p1a: Suicune\n|-start|p1a: Suicune|Substitute\n|-damage|p1a: Suicune|102/298\n|move|p2a: Diancie|Diamond Storm|p1a: Suicune\n|-end|p1a: Suicune|Substitute\n|\n|-heal|p1a: Suicune|120/298|[from] item: Leftovers\n|upkeep\n|turn|19\n|\n|t:|1725573422\n|move|p1a: Suicune|Scald|p2a: Diancie\n|-supereffective|p2a: Diancie\n|-damage|p2a: Diancie|144/216\n|move|p2a: Diancie|Diamond Storm|p1a: Suicune\n|-damage|p1a: Suicune|33/298\n|\n|-heal|p1a: Suicune|51/298|[from] item: Leftovers\n|-heal|p2a: Diancie|157/216|[from] item: Leftovers\n|upkeep\n|turn|20\n|\n|t:|1725573431\n|-terastallize|p1a: Suicune|Steel\n|move|p1a: Suicune|Scald|p2a: Diancie\n|-supereffective|p2a: Diancie\n|-damage|p2a: Diancie|85/216\n|-status|p2a: Diancie|brn\n|move|p2a: Diancie|Draining Kiss|p1a: Suicune\n|-resisted|p1a: Suicune\n|-damage|p1a: Suicune|18/298\n|-heal|p2a: Diancie|110/216 brn|[from] drain|[of] p1a: Suicune\n|\n|-heal|p1a: Suicune|36/298|[from] item: Leftovers\n|-heal|p2a: Diancie|123/216 brn|[from] item: Leftovers\n|-damage|p2a: Diancie|110/216 brn|[from] brn\n|upkeep\n|turn|21\n|\n|t:|1725573441\n|move|p1a: Suicune|Scald|p2a: Diancie\n|-supereffective|p2a: Diancie\n|-damage|p2a: Diancie|44/216 brn\n|move|p2a: Diancie|Earth Power|p1a: Suicune\n|-supereffective|p1a: Suicune\n|-damage|p1a: Suicune|0 fnt\n|faint|p1a: Suicune\n|\n|-heal|p2a: Diancie|57/216 brn|[from] item: Leftovers\n|-damage|p2a: Diancie|44/216 brn|[from] brn\n|upkeep\n|\n|t:|1725573449\n|switch|p1a: Amoonguss|Amoonguss, L82, M|219/219\n|turn|22\n|\n|t:|1725573455\n|move|p1a: Amoonguss|Bitter Malice|p2a: Diancie\n|-damage|p2a: Diancie|0 fnt\n|faint|p2a: Diancie\n|\n|upkeep\n|\n|t:|1725573459\n|switch|p2a: Samurott|Samurott, L88, M|310/310\n|turn|23\n|\n|t:|1725573464\n|switch|p1a: Furret|Furret, L93, F|107/309 psn\n|-item|p2a: Samurott|Life Orb|[from] ability: Frisk|[of] p1a: Furret\n|move|p2a: Samurott|Swords Dance|p2a: Samurott\n|-boost|p2a: Samurott|atk|2\n|\n|-damage|p1a: Furret|69/309 psn|[from] psn\n|upkeep\n|turn|24\n|\n|t:|1725573470\n|move|p1a: Furret|Double-Edge|p2a: Samurott\n|-damage|p2a: Samurott|106/310\n|-damage|p1a: Furret|2/309 psn|[from] Recoil\n|move|p2a: Samurott|Liquidation|p1a: Furret\n|-damage|p1a: Furret|0 fnt\n|faint|p1a: Furret\n|-damage|p2a: Samurott|75/310|[from] item: Life Orb\n|\n|upkeep\n|\n|t:|1725573472\n|switch|p1a: Amoonguss|Amoonguss, L82, M|219/219\n|turn|25\n|-message|DTeeko forfeited.\n|\n|win|The RealAndrash\n|raw|The RealAndrash's rating: 2325 &rarr; <strong>2340</strong><br />(+15 for winning)\n|raw|DTeeko's rating: 2228 &rarr; <strong>2213</strong><br />(-15 for losing)\n|l|\u2606DTeeko\n|player|p2|\n|c|\u2606The RealAndrash|gg\n", "inputlog": ">version 0cf8241dca984da66af486149691a79a2b0e79e7\n>start {\"formatid\":\"gen9randombattle\",\"seed\":[26722,48344,17285,59843],\"rated\":\"Rated battle\"}\n>player p1 {\"name\":\"The RealAndrash\",\"avatar\":\"guzma\",\"rating\":2308,\"seed\":[16077,10750,16897,58749]}\n>player p2 {\"name\":\"DTeeko\",\"avatar\":\"170\",\"rating\":2228,\"seed\":[25469,18162,62245,29911]}\n>p1 switch 5\n>p2 switch 6\n>p1 move spore\n>p2 switch 3\n>p1 switch 2\n>p2 move sunnyday\n>p1 move protect\n>p2 move sludgewave\n>p1 move swordsdance\n>p2 move sludgewave terastallize\n>p1 move closecombat\n>p2 move sludgewave\n>p1 switch 5\n>p1 move suckerpunch\n>p2 move weatherball\n>p1 move knockoff\n>p2 move sludgewave\n>p1 move knockoff\n>p2 move sludgewave\n>p2 switch 5\n>p1 switch 2\n>p2 move accelerock\n>p1 move spore\n>p2 switch 6\n>p1 switch 4\n>p2 switch 6\n>p1 move scald\n>p2 move closecombat\n>p2 switch 2\n>p1 switch 2\n>p2 move poltergeist\n>p1 switch 6\n>p1 move knockoff\n>p2 move gunkshot\n>p1 move knockoff\n>p2 move shadowsneak\n>p2 switch 3\n>p1 switch 2\n>p2 move calmmind\n>p1 move substitute\n>p2 move diamondstorm\n>p1 move scald\n>p2 move diamondstorm\n>p1 move scald terastallize\n>p2 move drainingkiss\n>p1 move scald\n>p2 move earthpower\n>p1 switch 3\n>p1 move bittermalice\n>p2 move diamondstorm\n>p2 switch 4\n>p1 switch 2\n>p2 move swordsdance\n>p1 move doubleedge\n>p2 move liquidation\n>p1 switch 2\n>forcelose p2", "uploadtime": 1725573484, "views": 99, "formatid": "gen9randombattle", "rating": 2213, "private": 0, "password": null}