{"id": "gen9randombattle-2066925553", "format": "[Gen 9] Random Battle", "players": ["samuelayers", "f \u221e1ish"], "log": "|j|\u2606samuelayers\n|j|\u203df \u221e1ish\n|t:|1708817606\n|gametype|singles\n|player|p1|samuelayers|gentleman-gen4dp|2202\n|player|p2|f \u221e1ish|2|2281\n|teamsize|p1|6\n|teamsize|p2|6\n|gen|9\n|tier|[Gen 9] Random Battle\n|rated|\n|rule|Species Clause: Limit one of each Pok\u00e9mon\n|rule|HP Percentage Mod: HP is shown in percentages\n|rule|Sleep Clause Mod: Limit one foe put to sleep\n|rule|Illusion Level Mod: Illusion disguises the Pok\u00e9mon's true level\n|\n|t:|1708817606\n|start\n|switch|p1a: Feraligatr|Feraligatr, L80, F|267/267\n|switch|p2a: Clawitzer|Clawitzer, L86, F|262/262\n|turn|1\n|inactive|Battle timer is ON: inactive players will automatically lose when time's up. (requested by samuelayers)\n|\n|t:|1708817621\n|move|p1a: Feraligatr|Trailblaze|p2a: Clawitzer\n|-supereffective|p2a: Clawitzer\n|-damage|p2a: Clawitzer|135/262\n|move|p2a: Clawitzer|Dragon Pulse|p1a: Feraligatr\n|-damage|p1a: Feraligatr|77/267\n|\n|upkeep\n|turn|2\n|j| RAPHIIIKI\n|\n|t:|1708817637\n|switch|p2a: Sawsbuck|Sawsbuck-Winter, L88, M|284/284\n|move|p1a: Feraligatr|Trailblaze|p2a: Sawsbuck\n|-resisted|p2a: Sawsbuck\n|-damage|p2a: Sawsbuck|253/284\n|\n|upkeep\n|turn|3\n|\n|t:|1708817645\n|switch|p1a: Brambleghast|Brambleghast, L88, F|240/240\n|move|p2a: Sawsbuck|Headbutt|p1a: Brambleghast\n|-immune|p1a: Brambleghast\n|\n|upkeep\n|turn|4\n|\n|t:|1708817651\n|switch|p2a: Mightyena|Mightyena, L95, M|287/287\n|-ability|p2a: Mightyena|Intimidate|boost\n|-unboost|p1a: Brambleghast|atk|1\n|move|p1a: Brambleghast|Power Whip|p2a: Mightyena\n|-damage|p2a: Mightyena|179/287\n|\n|upkeep\n|turn|5\n|\n|t:|1708817658\n|switch|p1a: Crabominable|Crabominable, L90, M|321/321\n|move|p2a: Mightyena|Crunch|p1a: Crabominable\n|-resisted|p1a: Crabominable\n|-damage|p1a: Crabominable|240/321\n|\n|upkeep\n|turn|6\n|\n|t:|1708817683\n|switch|p2a: Clawitzer|Clawitzer, L86, F|135/262\n|move|p1a: Crabominable|Close Combat|p2a: Clawitzer\n|-damage|p2a: Clawitzer|0 fnt\n|-unboost|p1a: Crabominable|def|1\n|-unboost|p1a: Crabominable|spd|1\n|faint|p2a: Clawitzer\n|\n|upkeep\n|\n|t:|1708817691\n|switch|p2a: Mightyena|Mightyena, L95, M|179/287\n|-ability|p2a: Mightyena|Intimidate|boost\n|-unboost|p1a: Crabominable|atk|1\n|turn|7\n|\n|t:|1708817694\n|switch|p1a: Hippowdon|Hippowdon, L82, M|311/311\n|-weather|Sandstorm|[from] ability: Sand Stream|[of] p1a: Hippowdon\n|move|p2a: Mightyena|Play Rough|p1a: Hippowdon\n|-damage|p1a: Hippowdon|211/311\n|\n|-weather|Sandstorm|[upkeep]\n|-damage|p2a: Mightyena|162/287|[from] Sandstorm\n|-heal|p1a: Hippowdon|230/311|[from] item: Leftovers\n|upkeep\n|turn|8\n|\n|t:|1708817702\n|switch|p2a: Sawsbuck|Sawsbuck-Winter, L88, M|253/284\n|move|p1a: Hippowdon|Stealth Rock|p2a: Sawsbuck\n|-sidestart|p2: f \u221e1ish|move: Stealth Rock\n|\n|-weather|Sandstorm|[upkeep]\n|-damage|p2a: Sawsbuck|236/284|[from] Sandstorm\n|-heal|p1a: Hippowdon|249/311|[from] item: Leftovers\n|upkeep\n|turn|9\n|\n|t:|1708817705\n|switch|p1a: Brambleghast|Brambleghast, L88, F|240/240\n|move|p2a: Sawsbuck|Swords Dance|p2a: Sawsbuck\n|-boost|p2a: Sawsbuck|atk|2\n|\n|-weather|Sandstorm|[upkeep]\n|-damage|p2a: Sawsbuck|219/284|[from] Sandstorm\n|-damage|p1a: Brambleghast|225/240|[from] Sandstorm\n|upkeep\n|turn|10\n|\n|t:|1708817712\n|move|p2a: Sawsbuck|Swords Dance|p2a: Sawsbuck\n|-boost|p2a: Sawsbuck|atk|2\n|move|p1a: Brambleghast|Strength Sap|p2a: Sawsbuck\n|-unboost|p2a: Sawsbuck|atk|1\n|-heal|p1a: Brambleghast|240/240\n|\n|-weather|Sandstorm|[upkeep]\n|-damage|p2a: Sawsbuck|202/284|[from] Sandstorm\n|-damage|p1a: Brambleghast|225/240|[from] Sandstorm\n|upkeep\n|turn|11\n|\n|t:|1708817718\n|move|p2a: Sawsbuck|Horn Leech|p1a: Brambleghast\n|-resisted|p1a: Brambleghast\n|-damage|p1a: Brambleghast|74/240\n|-heal|p2a: Sawsbuck|278/284|[from] drain|[of] p1a: Brambleghast\n|-damage|p2a: Sawsbuck|250/284|[from] item: Life Orb\n|move|p1a: Brambleghast|Rapid Spin|p2a: Sawsbuck\n|-damage|p2a: Sawsbuck|197/284\n|-boost|p1a: Brambleghast|spe|1\n|\n|-weather|none\n|upkeep\n|turn|12\n|\n|t:|1708817721\n|move|p1a: Brambleghast|Strength Sap|p2a: Sawsbuck\n|-unboost|p2a: Sawsbuck|atk|1\n|-heal|p1a: Brambleghast|240/240\n|move|p2a: Sawsbuck|Horn Leech|p1a: Brambleghast\n|-resisted|p1a: Brambleghast\n|-damage|p1a: Brambleghast|115/240\n|-heal|p2a: Sawsbuck|260/284|[from] drain|[of] p1a: Brambleghast\n|-damage|p2a: Sawsbuck|232/284|[from] item: Life Orb\n|\n|upkeep\n|turn|13\n|\n|t:|1708817724\n|move|p1a: Brambleghast|Strength Sap|p2a: Sawsbuck\n|-unboost|p2a: Sawsbuck|atk|1\n|-heal|p1a: Brambleghast|240/240\n|move|p2a: Sawsbuck|Swords Dance|p2a: Sawsbuck\n|-boost|p2a: Sawsbuck|atk|2\n|\n|upkeep\n|turn|14\n|\n|t:|1708817727\n|move|p1a: Brambleghast|Power Whip|p2a: Sawsbuck\n|-resisted|p2a: Sawsbuck\n|-damage|p2a: Sawsbuck|142/284\n|move|p2a: Sawsbuck|Swords Dance|p2a: Sawsbuck\n|-boost|p2a: Sawsbuck|atk|2\n|\n|upkeep\n|turn|15\n|\n|t:|1708817730\n|move|p1a: Brambleghast|Power Whip|p2a: Sawsbuck\n|-resisted|p2a: Sawsbuck\n|-damage|p2a: Sawsbuck|56/284\n|move|p2a: Sawsbuck|Horn Leech|p1a: Brambleghast\n|-resisted|p1a: Brambleghast\n|-damage|p1a: Brambleghast|27/240\n|-heal|p2a: Sawsbuck|163/284|[from] drain|[of] p1a: Brambleghast\n|-damage|p2a: Sawsbuck|135/284|[from] item: Life Orb\n|\n|upkeep\n|turn|16\n|\n|t:|1708817736\n|move|p1a: Brambleghast|Strength Sap|p2a: Sawsbuck\n|-unboost|p2a: Sawsbuck|atk|1\n|-heal|p1a: Brambleghast|240/240\n|move|p2a: Sawsbuck|Swords Dance|p2a: Sawsbuck\n|-boost|p2a: Sawsbuck|atk|2\n|\n|upkeep\n|turn|17\n|\n|t:|1708817746\n|switch|p1a: Feraligatr|Feraligatr, L80, F|77/267\n|move|p2a: Sawsbuck|Horn Leech|p1a: Feraligatr\n|-supereffective|p1a: Feraligatr\n|-damage|p1a: Feraligatr|0 fnt\n|-heal|p2a: Sawsbuck|174/284|[from] drain|[of] p1a: Feraligatr\n|faint|p1a: Feraligatr\n|-damage|p2a: Sawsbuck|146/284|[from] item: Life Orb\n|\n|upkeep\n|\n|t:|1708817747\n|switch|p1a: Chandelure|Chandelure, L83, F|235/235\n|turn|18\n|\n|t:|1708817773\n|-terastallize|p2a: Sawsbuck|Normal\n|move|p1a: Chandelure|Fire Blast|p2a: Sawsbuck\n|-damage|p2a: Sawsbuck|0 fnt\n|faint|p2a: Sawsbuck\n|\n|upkeep\n|\n|t:|1708817781\n|switch|p2a: Mightyena|Mightyena, L95, M|162/287\n|-damage|p2a: Mightyena|127/287|[from] Stealth Rock\n|-ability|p2a: Mightyena|Intimidate|boost\n|-unboost|p1a: Chandelure|atk|1\n|turn|19\n|\n|t:|1708817784\n|switch|p1a: Hippowdon|Hippowdon, L82, M|249/311\n|-weather|Sandstorm|[from] ability: Sand Stream|[of] p1a: Hippowdon\n|move|p2a: Mightyena|Play Rough|p1a: Hippowdon\n|-damage|p1a: Hippowdon|150/311\n|\n|-weather|Sandstorm|[upkeep]\n|-damage|p2a: Mightyena|110/287|[from] Sandstorm\n|-heal|p1a: Hippowdon|169/311|[from] item: Leftovers\n|upkeep\n|turn|20\n|\n|t:|1708817797\n|switch|p2a: Mismagius|Mismagius, L86, F|243/243\n|-damage|p2a: Mismagius|213/243|[from] Stealth Rock\n|move|p1a: Hippowdon|Slack Off|p1a: Hippowdon\n|-heal|p1a: Hippowdon|311/311\n|\n|-weather|Sandstorm|[upkeep]\n|-damage|p2a: Mismagius|198/243|[from] Sandstorm\n|upkeep\n|turn|21\n|\n|t:|1708817802\n|move|p2a: Mismagius|Nasty Plot|p2a: Mismagius\n|-boost|p2a: Mismagius|spa|2\n|move|p1a: Hippowdon|Stone Edge|p2a: Mismagius\n|-damage|p2a: Mismagius|101/243\n|\n|-weather|Sandstorm|[upkeep]\n|-damage|p2a: Mismagius|86/243|[from] Sandstorm\n|upkeep\n|turn|22\n|\n|t:|1708817809\n|move|p2a: Mismagius|Shadow Ball|p1a: Hippowdon\n|-damage|p1a: Hippowdon|34/311\n|-damage|p2a: Mismagius|62/243|[from] item: Life Orb\n|move|p1a: Hippowdon|Stone Edge|p2a: Mismagius\n|-damage|p2a: Mismagius|0 fnt\n|faint|p2a: Mismagius\n|\n|-weather|Sandstorm|[upkeep]\n|-heal|p1a: Hippowdon|53/311|[from] item: Leftovers\n|upkeep\n|inactive|f \u221e1ish has 120 seconds left.\n|inactive|f \u221e1ish has 90 seconds left.\n|\n|t:|1708817871\n|switch|p2a: Mightyena|Mightyena, L95, M|110/287\n|-damage|p2a: Mightyena|75/287|[from] Stealth Rock\n|-ability|p2a: Mightyena|Intimidate|boost\n|-unboost|p1a: Hippowdon|atk|1\n|turn|23\n|\n|t:|1708817879\n|move|p2a: Mightyena|Crunch|p1a: Hippowdon\n|-damage|p1a: Hippowdon|0 fnt\n|faint|p1a: Hippowdon\n|\n|-weather|none\n|upkeep\n|\n|t:|1708817889\n|switch|p1a: Regieleki|Regieleki, L78|253/253\n|turn|24\n|\n|t:|1708817893\n|move|p1a: Regieleki|Thunderbolt|p2a: Mightyena\n|-damage|p2a: Mightyena|0 fnt\n|faint|p2a: Mightyena\n|\n|upkeep\n|\n|t:|1708817894\n|switch|p2a: Overqwil|Overqwil, L82, M|274/274\n|-damage|p2a: Overqwil|240/274|[from] Stealth Rock\n|-ability|p2a: Overqwil|Intimidate|boost\n|-unboost|p1a: Regieleki|atk|1\n|turn|25\n|\n|t:|1708817898\n|move|p1a: Regieleki|Volt Switch|p2a: Overqwil\n|-damage|p2a: Overqwil|102/274\n|\n|t:|1708817903\n|switch|p1a: Crabominable|Crabominable, L90, M|240/321|[from] Volt Switch\n|move|p2a: Overqwil|Gunk Shot|p1a: Crabominable\n|-damage|p1a: Crabominable|17/321\n|-status|p1a: Crabominable|psn\n|\n|-damage|p1a: Crabominable|0 fnt|[from] psn\n|faint|p1a: Crabominable\n|upkeep\n|\n|t:|1708817909\n|switch|p1a: Regieleki|Regieleki, L78|253/253\n|turn|26\n|\n|t:|1708817924\n|move|p1a: Regieleki|Thunderbolt|p2a: Overqwil\n|-damage|p2a: Overqwil|0 fnt\n|faint|p2a: Overqwil\n|\n|upkeep\n|-message|f \u221e1ish forfeited.\n|\n|win|samuelayers\n|raw|samuelayers's rating: 2202 &rarr; <strong>2225</strong><br />(+23 for winning)\n|raw|f \u221e1ish's rating: 2250 &rarr; <strong>2227</strong><br />(-23 for losing)\n|l|\u203df \u221e1ish\n|player|p2|\n|j|\u203df \u221e1ish\n|player|p2|f \u221e1ish|2\n", "inputlog": ">version d0506a1349a3e05f66a13a5ab77846dda519ec99\n>start {\"formatid\":\"gen9randombattle\",\"seed\":[49679,48128,21976,16223],\"rated\":\"Rated battle\"}\n>player p1 {\"name\":\"samuelayers\",\"avatar\":\"gentleman-gen4dp\",\"rating\":2202,\"seed\":[59006,36994,29188,28036]}\n>player p2 {\"name\":\"f \u221e1ish\",\"avatar\":\"2\",\"rating\":2281,\"seed\":[21004,17839,17331,28369]}\n>p1 move trailblaze\n>p2 move dragonpulse\n>p1 move trailblaze\n>p2 switch 5\n>p1 switch 3\n>p2 move headbutt\n>p1 move powerwhip\n>p2 switch 2\n>p1 switch 5\n>p2 move crunch\n>p1 move closecombat\n>p2 switch 5\n>p2 switch 5\n>p1 switch 6\n>p2 move playrough\n>p1 move stealthrock\n>p2 switch 2\n>p1 switch 5\n>p2 move swordsdance\n>p1 move strengthsap\n>p2 move swordsdance\n>p1 move rapidspin\n>p2 move hornleech\n>p1 move strengthsap\n>p2 move hornleech\n>p1 move strengthsap\n>p2 move swordsdance\n>p1 move powerwhip\n>p2 move swordsdance\n>p1 move powerwhip\n>p2 move hornleech\n>p1 move strengthsap\n>p2 move swordsdance\n>p1 switch 3\n>p2 move hornleech\n>p1 switch 2\n>p1 move fireblast\n>p2 move hornleech terastallize\n>p2 switch 2\n>p1 switch 5\n>p2 move playrough\n>p1 move slackoff\n>p2 switch 4\n>p1 move stoneedge\n>p2 move nastyplot\n>p1 move stoneedge\n>p2 move shadowball\n>p2 switch 4\n>p1 move slackoff\n>p2 move crunch\n>p1 switch 4\n>p1 move thunderbolt\n>p2 move crunch\n>p2 switch 6\n>p1 move voltswitch\n>p2 move gunkshot\n>p1 switch 6\n>p1 switch 6\n>p1 move thunderbolt\n>p2 move gunkshot\n>forcelose p2", "uploadtime": 1708817931, "views": 249, "formatid": "gen9randombattle", "rating": 2225, "private": 0, "password": null}