{"id": "gen9randombattle-2259974467", "format": "[Gen 9] Random Battle", "players": ["braydeno22", "sweetbro27"], "log": "|j|\u2606braydeno22\n|j|\u2606sweetbro27\n|t:|1733786273\n|gametype|singles\n|player|p1|braydeno22|ghetsis|1566\n|player|p2|sweetbro27|265|1594\n|teamsize|p1|6\n|teamsize|p2|6\n|gen|9\n|tier|[Gen 9] Random Battle\n|rated|\n|rule|Species Clause: Limit one of each Pok\u00e9mon\n|rule|HP Percentage Mod: HP is shown in percentages\n|rule|Sleep Clause Mod: Limit one foe put to sleep\n|rule|Illusion Level Mod: Illusion disguises the Pok\u00e9mon's true level\n|\n|t:|1733786273\n|start\n|switch|p1a: Dusknoir|Dusknoir, L89, F|225/225\n|switch|p2a: Rabsca|Rabsca, L91, M|284/284\n|-item|p2a: Rabsca|Heavy-Duty Boots|[from] ability: Frisk|[of] p1a: Dusknoir\n|turn|1\n|inactive|Battle timer is ON: inactive players will automatically lose when time's up. (requested by braydeno22)\n|\n|t:|1733786303\n|switch|p2a: Ursaluna|Ursaluna, L79, M|335/335\n|move|p1a: Dusknoir|Substitute|p1a: Dusknoir\n|-start|p1a: Dusknoir|Substitute\n|-damage|p1a: Dusknoir|169/225\n|\n|-heal|p1a: Dusknoir|183/225|[from] item: Leftovers\n|-status|p2a: Ursaluna|brn|[from] item: Flame Orb\n|upkeep\n|turn|2\n|\n|t:|1733786322\n|-singleturn|p1a: Dusknoir|move: Focus Punch\n|move|p2a: Ursaluna|Throat Chop|p1a: Dusknoir\n|-supereffective|p1a: Dusknoir\n|-end|p1a: Dusknoir|Substitute\n|move|p1a: Dusknoir|Focus Punch|p2a: Ursaluna\n|-supereffective|p2a: Ursaluna\n|-crit|p2a: Ursaluna\n|-damage|p2a: Ursaluna|0 fnt\n|faint|p2a: Ursaluna\n|\n|-heal|p1a: Dusknoir|197/225|[from] item: Leftovers\n|upkeep\n|\n|t:|1733786341\n|switch|p2a: Pawmot|Pawmot, L80, M|238/238\n|turn|3\n|\n|t:|1733786357\n|move|p2a: Pawmot|Dark Pulse|p1a: Dusknoir\n|-supereffective|p1a: Dusknoir\n|-damage|p1a: Dusknoir|18/225\n|-damage|p2a: Pawmot|215/238|[from] item: Life Orb\n|move|p1a: Dusknoir|Poltergeist|p2a: Pawmot\n|-activate|p2a: Pawmot|move: Poltergeist|Life Orb\n|-resisted|p2a: Pawmot\n|-damage|p2a: Pawmot|134/238\n|replace|p2a: Zoroark|Zoroark, L84, F\n|-end|p2a: Zoroark|Illusion\n|-hint|Illusion Level Mod is active, so this Pok\u00e9mon's true level was hidden.\n|\n|-heal|p1a: Dusknoir|32/225|[from] item: Leftovers\n|upkeep\n|turn|4\n|\n|t:|1733786372\n|move|p2a: Zoroark|Dark Pulse|p1a: Dusknoir\n|-supereffective|p1a: Dusknoir\n|-damage|p1a: Dusknoir|0 fnt\n|faint|p1a: Dusknoir\n|-damage|p2a: Zoroark|111/238|[from] item: Life Orb\n|\n|upkeep\n|inactive|braydeno22 has 120 seconds left.\n|\n|t:|1733786389\n|switch|p1a: Zacian|Zacian-Crowned, L64|225/225\n|-ability|p1a: Zacian|Intrepid Sword|boost\n|-boost|p1a: Zacian|atk|1\n|turn|5\n|inactive|braydeno22 has 120 seconds left.\n|\n|t:|1733786421\n|switch|p2a: Rabsca|Rabsca, L91, M|284/284\n|move|p1a: Zacian|Behemoth Blade|p2a: Rabsca\n|-damage|p2a: Rabsca|146/284\n|\n|upkeep\n|turn|6\n|inactive|braydeno22 has 90 seconds left.\n|\n|t:|1733786442\n|move|p1a: Zacian|Behemoth Blade|p2a: Rabsca\n|-damage|p2a: Rabsca|26/284\n|move|p2a: Rabsca|Revival Blessing|p2a: Rabsca\n|\n|t:|1733786447\n|-heal|p2: Ursaluna|167/335|[from] move: Revival Blessing\n|\n|upkeep\n|turn|7\n|\n|t:|1733786457\n|move|p1a: Zacian|Swords Dance|p1a: Zacian\n|-boost|p1a: Zacian|atk|2\n|move|p2a: Rabsca|Earth Power|p1a: Zacian\n|-supereffective|p1a: Zacian\n|-damage|p1a: Zacian|53/225\n|\n|upkeep\n|turn|8\n|\n|t:|1733786462\n|move|p1a: Zacian|Behemoth Blade|p2a: Rabsca\n|-damage|p2a: Rabsca|0 fnt\n|faint|p2a: Rabsca\n|\n|upkeep\n|\n|t:|1733786480\n|switch|p2a: Chandelure|Chandelure, L83, M|235/235\n|turn|9\n|\n|t:|1733786503\n|move|p1a: Zacian|Behemoth Blade|p2a: Chandelure\n|-resisted|p2a: Chandelure\n|-damage|p2a: Chandelure|130/235\n|move|p2a: Chandelure|Fire Blast|p1a: Zacian\n|-supereffective|p1a: Zacian\n|-damage|p1a: Zacian|0 fnt\n|faint|p1a: Zacian\n|\n|upkeep\n|inactive|braydeno22 has 90 seconds left.\n|\n|t:|1733786529\n|switch|p1a: Shiftry|Shiftry, L89, F|305/305\n|turn|10\n|\n|t:|1733786540\n|switch|p2a: Kommo-o|Kommo-o, L78, M|245/245\n|move|p1a: Shiftry|Knock Off|p2a: Kommo-o\n|-resisted|p2a: Kommo-o\n|-damage|p2a: Kommo-o|187/245\n|-enditem|p2a: Kommo-o|Throat Spray|[from] move: Knock Off|[of] p1a: Shiftry\n|-damage|p1a: Shiftry|275/305|[from] item: Life Orb\n|\n|upkeep\n|turn|11\n|inactive|braydeno22 has 90 seconds left.\n|\n|t:|1733786571\n|switch|p1a: Mewtwo|Mewtwo, L72|272/272\n|-ability|p1a: Mewtwo|Unnerve\n|move|p2a: Kommo-o|Close Combat|p1a: Mewtwo\n|-resisted|p1a: Mewtwo\n|-damage|p1a: Mewtwo|206/272\n|-unboost|p2a: Kommo-o|def|1\n|-unboost|p2a: Kommo-o|spd|1\n|\n|upkeep\n|turn|12\n|inactive|braydeno22 has 60 seconds left.\n|\n|t:|1733786593\n|switch|p2a: Pawmot|Pawmot, L80, M|111/238\n|move|p1a: Mewtwo|Nasty Plot|p1a: Mewtwo\n|-boost|p1a: Mewtwo|spa|2\n|\n|upkeep\n|turn|13\n|\n|t:|1733786603\n|move|p1a: Mewtwo|Aura Sphere|p2a: Pawmot\n|-supereffective|p2a: Pawmot\n|-crit|p2a: Pawmot\n|-damage|p2a: Pawmot|0 fnt\n|replace|p2a: Zoroark|Zoroark, L84, F\n|-end|p2a: Zoroark|Illusion\n|faint|p2a: Zoroark\n|-damage|p1a: Mewtwo|179/272|[from] item: Life Orb\n|\n|upkeep\n|\n|t:|1733786611\n|switch|p2a: Ursaluna|Ursaluna, L79, M|167/335\n|turn|14\n|inactive|braydeno22 has 60 seconds left.\n|\n|t:|1733786631\n|switch|p2a: Chandelure|Chandelure, L83, M|130/235\n|move|p1a: Mewtwo|Psystrike|p2a: Chandelure\n|-damage|p2a: Chandelure|0 fnt\n|faint|p2a: Chandelure\n|-damage|p1a: Mewtwo|152/272|[from] item: Life Orb\n|\n|upkeep\n|\n|t:|1733786637\n|switch|p2a: Pawmot|Pawmot, L80, M|243/243\n|turn|15\n|\n|t:|1733786642\n|move|p1a: Mewtwo|Psystrike|p2a: Pawmot\n|-supereffective|p2a: Pawmot\n|-damage|p2a: Pawmot|0 fnt\n|faint|p2a: Pawmot\n|-damage|p1a: Mewtwo|125/272|[from] item: Life Orb\n|\n|upkeep\n|\n|t:|1733786644\n|switch|p2a: Ursaluna|Ursaluna, L79, M|167/335\n|turn|16\n|\n|t:|1733786646\n|move|p1a: Mewtwo|Psystrike|p2a: Ursaluna\n|-damage|p2a: Ursaluna|0 fnt\n|faint|p2a: Ursaluna\n|-damage|p1a: Mewtwo|98/272|[from] item: Life Orb\n|\n|upkeep\n|\n|t:|1733786649\n|switch|p2a: Kommo-o|Kommo-o, L78, M|187/245\n|turn|17\n|\n|t:|1733786653\n|-terastallize|p2a: Kommo-o|Normal\n|move|p1a: Mewtwo|Psystrike|p2a: Kommo-o\n|-damage|p2a: Kommo-o|0 fnt\n|faint|p2a: Kommo-o\n|-damage|p1a: Mewtwo|71/272|[from] item: Life Orb\n|\n|win|braydeno22\n|raw|braydeno22's rating: 1566 &rarr; <strong>1588</strong><br />(+22 for winning)\n|raw|sweetbro27's rating: 1594 &rarr; <strong>1572</strong><br />(-22 for losing)\n|c|\u2606braydeno22|gg\n|c|\u2606sweetbro27|gg\n", "inputlog": ">version bfd83cad13791eb5a5a409923076391caf6fb4d4\n>start {\"formatid\":\"gen9randombattle\",\"seed\":[45651,43707,59826,2284],\"rated\":\"Rated battle\"}\n>player p1 {\"name\":\"braydeno22\",\"avatar\":\"ghetsis\",\"rating\":1566,\"seed\":[41438,39507,25692,37804]}\n>player p2 {\"name\":\"sweetbro27\",\"avatar\":\"265\",\"rating\":1594,\"seed\":[54016,18380,45978,50936]}\n>p1 move substitute\n>p2 switch 2\n>p1 move focuspunch\n>p2 move throatchop\n>p2 switch 5\n>p1 move poltergeist\n>p2 move darkpulse\n>p1 move painsplit\n>p2 move darkpulse\n>p1 switch 4\n>p1 move behemothblade\n>p2 switch 2\n>p1 move behemothblade\n>p2 move revivalblessing\n>p2 switch 5\n>p1 move swordsdance\n>p2 move earthpower\n>p1 move behemothblade\n>p2 move earthpower\n>p2 switch 3\n>p1 move behemothblade\n>p2 move fireblast\n>p1 switch 5\n>p1 move knockoff\n>p2 switch 4\n>p1 switch 6\n>p2 move closecombat\n>p1 move nastyplot\n>p2 switch 2\n>p1 move aurasphere\n>p2 move darkpulse\n>p2 switch 5\n>p1 move psystrike\n>p2 switch 4\n>p2 switch 6\n>p1 move psystrike\n>p2 move revivalblessing\n>p2 switch 4\n>p1 move psystrike\n>p2 move throatchop\n>p2 switch 2\n>p1 move psystrike\n>p2 move clangoroussoul terastallize", "uploadtime": 1733786676, "views": 22, "formatid": "gen9randombattle", "rating": 1572, "private": 0, "password": null}