{"id": "gen9randombattle-2260340974", "format": "[Gen 9] Random Battle", "players": ["asdfadsf1", "lolothebeast5"], "log": "|j|\u2606asdfadsf1\n|j|\u2606lolothebeast5\n|t:|1733841847\n|gametype|singles\n|player|p1|asdfadsf1|266|1048\n|player|p2|lolothebeast5|2|1051\n|teamsize|p1|6\n|teamsize|p2|6\n|gen|9\n|tier|[Gen 9] Random Battle\n|rated|\n|rule|Species Clause: Limit one of each Pok\u00e9mon\n|rule|HP Percentage Mod: HP is shown in percentages\n|rule|Sleep Clause Mod: Limit one foe put to sleep\n|rule|Illusion Level Mod: Illusion disguises the Pok\u00e9mon's true level\n|\n|t:|1733841847\n|start\n|switch|p1a: Zebstrika|Zebstrika, L87, M|272/272\n|switch|p2a: Chien-Pao|Chien-Pao, L72|234/234\n|-ability|p2a: Chien-Pao|Sword of Ruin\n|turn|1\n|\n|t:|1733841866\n|switch|p2a: Armarouge|Armarouge, L80, F|267/267\n|move|p1a: Zebstrika|Overheat|p2a: Armarouge\n|-resisted|p2a: Armarouge\n|-damage|p2a: Armarouge|205/267\n|-unboost|p1a: Zebstrika|spa|2\n|-damage|p1a: Zebstrika|245/272|[from] item: Life Orb\n|\n|upkeep\n|turn|2\n|\n|t:|1733841882\n|move|p1a: Zebstrika|High Horsepower|p2a: Armarouge\n|-supereffective|p2a: Armarouge\n|-damage|p2a: Armarouge|23/267\n|-ability|p2a: Armarouge|Weak Armor|boost\n|-unboost|p2a: Armarouge|def|1\n|-boost|p2a: Armarouge|spe|2\n|-damage|p1a: Zebstrika|218/272|[from] item: Life Orb\n|move|p2a: Armarouge|Armor Cannon|p1a: Zebstrika\n|-damage|p1a: Zebstrika|29/272\n|-unboost|p2a: Armarouge|def|1\n|-unboost|p2a: Armarouge|spd|1\n|\n|upkeep\n|turn|3\n|\n|t:|1733841914\n|switch|p1a: Houndoom|Houndoom, L87, F|272/272\n|move|p2a: Armarouge|Psyshock|p1a: Houndoom\n|-immune|p1a: Houndoom\n|\n|upkeep\n|turn|4\n|\n|t:|1733841924\n|move|p2a: Armarouge|Meteor Beam||[still]\n|-prepare|p2a: Armarouge|Meteor Beam\n|-boost|p2a: Armarouge|spa|1\n|-enditem|p2a: Armarouge|Power Herb\n|-anim|p2a: Armarouge|Meteor Beam|p1a: Houndoom|[miss]\n|-miss|p2a: Armarouge|p1a: Houndoom\n|move|p1a: Houndoom|Nasty Plot|p1a: Houndoom\n|-boost|p1a: Houndoom|spa|2\n|\n|upkeep\n|turn|5\n|\n|t:|1733841935\n|move|p2a: Armarouge|Meteor Beam||[still]\n|-prepare|p2a: Armarouge|Meteor Beam\n|-boost|p2a: Armarouge|spa|1\n|move|p1a: Houndoom|Dark Pulse|p2a: Armarouge\n|-supereffective|p2a: Armarouge\n|-damage|p2a: Armarouge|0 fnt\n|faint|p2a: Armarouge\n|\n|upkeep\n|\n|t:|1733841943\n|switch|p2a: Tauros|Tauros-Paldea-Aqua, L81, M|254/254\n|-ability|p2a: Tauros|Intimidate|boost\n|-unboost|p1a: Houndoom|atk|1\n|turn|6\n|\n|t:|1733841955\n|move|p2a: Tauros|Aqua Jet|p1a: Houndoom\n|-supereffective|p1a: Houndoom\n|-damage|p1a: Houndoom|113/272\n|-damage|p2a: Tauros|229/254|[from] item: Life Orb\n|move|p1a: Houndoom|Sludge Bomb|p2a: Tauros\n|-damage|p2a: Tauros|42/254\n|\n|upkeep\n|turn|7\n|\n|t:|1733841966\n|switch|p1a: Sceptile|Sceptile, L87, F|264/264\n|move|p2a: Tauros|Aqua Jet|p1a: Sceptile\n|-resisted|p1a: Sceptile\n|-damage|p1a: Sceptile|229/264\n|-damage|p2a: Tauros|17/254|[from] item: Life Orb\n|\n|upkeep\n|turn|8\n|\n|t:|1733841977\n|move|p2a: Tauros|Aqua Jet|p1a: Sceptile\n|-resisted|p1a: Sceptile\n|-damage|p1a: Sceptile|193/264\n|-damage|p2a: Tauros|0 fnt|[from] item: Life Orb\n|faint|p2a: Tauros\n|move|p1a: Sceptile|Swords Dance|p1a: Sceptile\n|-boost|p1a: Sceptile|atk|2\n|\n|upkeep\n|\n|t:|1733841986\n|switch|p2a: Dragalge|Dragalge, L88, M|258/258\n|turn|9\n|\n|t:|1733842005\n|move|p1a: Sceptile|Earthquake|p2a: Dragalge\n|-supereffective|p2a: Dragalge\n|-damage|p2a: Dragalge|0 fnt\n|faint|p2a: Dragalge\n|-damage|p1a: Sceptile|167/264|[from] item: Life Orb\n|\n|upkeep\n|\n|t:|1733842011\n|switch|p2a: Chien-Pao|Chien-Pao, L72|234/234\n|-ability|p2a: Chien-Pao|Sword of Ruin\n|turn|10\n|inactive|Battle timer is ON: inactive players will automatically lose when time's up. (requested by lolothebeast5)\n|\n|t:|1733842059\n|-terastallize|p1a: Sceptile|Rock\n|-terastallize|p2a: Chien-Pao|Dark\n|move|p1a: Sceptile|Rock Slide|p2a: Chien-Pao\n|-damage|p2a: Chien-Pao|0 fnt\n|faint|p2a: Chien-Pao\n|-damage|p1a: Sceptile|141/264|[from] item: Life Orb\n|\n|upkeep\n|\n|t:|1733842068\n|switch|p2a: Porygon-Z|Porygon-Z, L83|277/277\n|turn|11\n|\n|t:|1733842074\n|move|p1a: Sceptile|Leaf Blade|p2a: Porygon-Z\n|-damage|p2a: Porygon-Z|0 fnt\n|faint|p2a: Porygon-Z\n|-damage|p1a: Sceptile|115/264|[from] item: Life Orb\n|\n|upkeep\n|\n|t:|1733842079\n|switch|p2a: Kricketune|Kricketune, L99, M|312/312\n|turn|12\n|\n|t:|1733842085\n|move|p1a: Sceptile|Rock Slide|p2a: Kricketune\n|-supereffective|p2a: Kricketune\n|-damage|p2a: Kricketune|0 fnt\n|faint|p2a: Kricketune\n|-damage|p1a: Sceptile|89/264|[from] item: Life Orb\n|\n|win|asdfadsf1\n|raw|asdfadsf1's rating: 1048 &rarr; <strong>1081</strong><br />(+33 for winning)\n|raw|lolothebeast5's rating: 1051 &rarr; <strong>1033</strong><br />(-18 for losing)\n", "inputlog": ">version bfd83cad13791eb5a5a409923076391caf6fb4d4\n>start {\"formatid\":\"gen9randombattle\",\"seed\":[43503,57347,31122,12017],\"rated\":\"Rated battle\"}\n>player p1 {\"name\":\"asdfadsf1\",\"avatar\":\"266\",\"rating\":1048,\"seed\":[13321,34993,36264,45450]}\n>player p2 {\"name\":\"lolothebeast5\",\"avatar\":\"2\",\"rating\":1051,\"seed\":[17691,25650,31651,40600]}\n>p1 move overheat\n>p2 switch 2\n>p1 move highhorsepower\n>p2 move armorcannon\n>p1 switch 6\n>p2 move psyshock\n>p1 move nastyplot\n>p2 move meteorbeam\n>p1 move darkpulse\n>p2 move meteorbeam\n>p2 switch 5\n>p1 move sludgebomb\n>p2 move aquajet\n>p1 switch 3\n>p2 move aquajet\n>p1 move swordsdance\n>p2 move aquajet\n>p2 switch 6\n>p1 move earthquake\n>p2 move sludgewave\n>p2 switch 2\n>p1 move rockslide terastallize\n>p2 move iciclecrash terastallize\n>p2 switch 4\n>p1 move leafblade\n>p2 move agility\n>p2 switch 3\n>p1 move rockslide\n>p2 move pounce", "uploadtime": 1733842087, "views": 1, "formatid": "gen9randombattle", "rating": 1033, "private": 0, "password": null}