{"id": "gen9randombattle-2111546377", "format": "[Gen 9] Random Battle", "players": ["ugahb", "Aqua"], "log": "|badge|p1|silver|gen9randombattle|30-1\n|uhtml|medal-msg|<div class=\"broadcast-blue\">Curious what those medals under the avatar are? PS now has Ladder Seasons! For more information, check out the <a href=\"https://www.smogon.com/forums/threads/3740067/\">thread on Smogon.</a></div>\n|badge|p2|gold|gen9randombattle|3-1\n|uhtml|medal-msg|<div class=\"broadcast-blue\">Curious what those medals under the avatar are? PS now has Ladder Seasons! For more information, check out the <a href=\"https://www.smogon.com/forums/threads/3740067/\">thread on Smogon.</a></div>\n|j|\u2606ugahb\n|j|\u2606Aqua\n|t:|1714076711\n|gametype|singles\n|player|p1|ugahb|102|2351\n|player|p2|Aqua|#rbtt6teamlatiasf|2552\n|teamsize|p1|6\n|teamsize|p2|6\n|gen|9\n|tier|[Gen 9] Random Battle\n|rated|\n|rule|Species Clause: Limit one of each Pok\u00e9mon\n|rule|HP Percentage Mod: HP is shown in percentages\n|rule|Sleep Clause Mod: Limit one foe put to sleep\n|rule|Illusion Level Mod: Illusion disguises the Pok\u00e9mon's true level\n|\n|t:|1714076711\n|start\n|switch|p1a: Scyther|Scyther, L82, F|249/249\n|switch|p2a: Copperajah|Copperajah, L86, M|350/350\n|turn|1\n|inactive|Battle timer is ON: inactive players will automatically lose when time's up. (requested by ugahb)\n|j| ddddrako\n|\n|t:|1714076733\n|move|p1a: Scyther|U-turn|p2a: Copperajah\n|-resisted|p2a: Copperajah\n|-damage|p2a: Copperajah|305/350\n|\n|t:|1714076735\n|switch|p1a: Zebstrika|Zebstrika, L88, F|275/275|[from] U-turn\n|move|p2a: Copperajah|Rock Slide|p1a: Zebstrika|[miss]\n|-miss|p2a: Copperajah|p1a: Zebstrika\n|\n|upkeep\n|turn|2\n|\n|t:|1714076747\n|switch|p2a: Girafarig|Girafarig, L89, M|269/269\n|move|p1a: Zebstrika|Volt Switch|p2a: Girafarig\n|-damage|p2a: Girafarig|191/269\n|-damage|p1a: Zebstrika|248/275|[from] item: Life Orb\n|\n|t:|1714076755\n|switch|p1a: Scyther|Scyther, L82, F|249/249|[from] Volt Switch\n|\n|upkeep\n|turn|3\n|\n|t:|1714076764\n|switch|p2a: Copperajah|Copperajah, L86, M|305/350\n|move|p1a: Scyther|U-turn|p2a: Copperajah\n|-resisted|p2a: Copperajah\n|-damage|p2a: Copperajah|263/350\n|\n|t:|1714076771\n|switch|p1a: Zebstrika|Zebstrika, L88, F|248/275|[from] U-turn\n|\n|upkeep\n|turn|4\n|\n|t:|1714076778\n|switch|p2a: Girafarig|Girafarig, L89, M|191/269\n|move|p1a: Zebstrika|Overheat|p2a: Girafarig\n|-damage|p2a: Girafarig|94/269\n|-unboost|p1a: Zebstrika|spa|2\n|-damage|p1a: Zebstrika|221/275|[from] item: Life Orb\n|\n|upkeep\n|turn|5\n|\n|t:|1714076786\n|move|p1a: Zebstrika|Supercell Slam|p2a: Girafarig\n|-damage|p2a: Girafarig|0 fnt\n|faint|p2a: Girafarig\n|-damage|p1a: Zebstrika|194/275|[from] item: Life Orb\n|\n|upkeep\n|\n|t:|1714076805\n|switch|p2a: Copperajah|Copperajah, L86, M|263/350\n|turn|6\n|\n|t:|1714076813\n|move|p1a: Zebstrika|Volt Switch|p2a: Copperajah\n|-damage|p2a: Copperajah|205/350\n|-damage|p1a: Zebstrika|167/275|[from] item: Life Orb\n|\n|t:|1714076834\n|switch|p1a: Oricorio|Oricorio-Sensu, L85, M|266/266|[from] Volt Switch\n|move|p2a: Copperajah|Play Rough|p1a: Oricorio\n|-damage|p1a: Oricorio|102/266\n|\n|upkeep\n|turn|7\n|\n|t:|1714076849\n|switch|p2a: Houndoom|Houndoom, L86, F|269/269\n|move|p1a: Oricorio|Revelation Dance|p2a: Houndoom\n|-resisted|p2a: Houndoom\n|-damage|p2a: Houndoom|219/269\n|\n|upkeep\n|turn|8\n|\n|t:|1714076860\n|move|p2a: Houndoom|Fire Blast|p1a: Oricorio\n|-damage|p1a: Oricorio|0 fnt\n|faint|p1a: Oricorio\n|\n|upkeep\n|\n|t:|1714076863\n|switch|p1a: Wugtrio|Wugtrio, L91, F|212/212\n|turn|9\n|\n|t:|1714076887\n|switch|p2a: Keldeo|Keldeo-Resolute, L79|273/273\n|move|p1a: Wugtrio|Liquidation|p2a: Keldeo\n|-resisted|p2a: Keldeo\n|-damage|p2a: Keldeo|192/273\n|\n|upkeep\n|turn|10\n|\n|t:|1714076896\n|switch|p1a: Brambleghast|Brambleghast, L88, F|240/240\n|move|p2a: Keldeo|Hydro Pump|p1a: Brambleghast\n|-resisted|p1a: Brambleghast\n|-damage|p1a: Brambleghast|152/240\n|-damage|p2a: Keldeo|165/273|[from] item: Life Orb\n|\n|-heal|p1a: Brambleghast|167/240|[from] item: Leftovers\n|upkeep\n|turn|11\n|\n|t:|1714076909\n|switch|p2a: Houndoom|Houndoom, L86, F|219/269\n|move|p1a: Brambleghast|Power Whip|p2a: Houndoom\n|-resisted|p2a: Houndoom\n|-damage|p2a: Houndoom|98/269\n|\n|-heal|p1a: Brambleghast|182/240|[from] item: Leftovers\n|upkeep\n|turn|12\n|inactive|ugahb has 120 seconds left.\n|\n|t:|1714076960\n|move|p2a: Houndoom|Dark Pulse|p1a: Brambleghast\n|-supereffective|p1a: Brambleghast\n|-damage|p1a: Brambleghast|0 fnt\n|faint|p1a: Brambleghast\n|\n|upkeep\n|\n|t:|1714076967\n|switch|p1a: Zebstrika|Zebstrika, L88, F|167/275\n|turn|13\n|\n|t:|1714076980\n|move|p2a: Houndoom|Sucker Punch|p1a: Zebstrika\n|-damage|p1a: Zebstrika|70/275\n|move|p1a: Zebstrika|Supercell Slam|p2a: Houndoom\n|-damage|p2a: Houndoom|0 fnt\n|faint|p2a: Houndoom\n|-damage|p1a: Zebstrika|43/275|[from] item: Life Orb\n|\n|upkeep\n|inactive|Aqua has 120 seconds left.\n|\n|t:|1714077015\n|switch|p2a: Copperajah|Copperajah, L86, M|205/350\n|turn|14\n|inactive|ugahb has 120 seconds left.\n|inactive|Aqua has 120 seconds left.\n|\n|t:|1714077033\n|switch|p2a: Volbeat|Volbeat, L90, M|263/263\n|move|p1a: Zebstrika|Supercell Slam|p2a: Volbeat\n|-damage|p2a: Volbeat|114/263\n|-damage|p1a: Zebstrika|16/275|[from] item: Life Orb\n|\n|upkeep\n|turn|15\n|\n|t:|1714077045\n|switch|p2a: Keldeo|Keldeo-Resolute, L79|165/273\n|move|p1a: Zebstrika|Overheat|p2a: Keldeo\n|-resisted|p2a: Keldeo\n|-damage|p2a: Keldeo|101/273\n|-unboost|p1a: Zebstrika|spa|2\n|-damage|p1a: Zebstrika|0 fnt|[from] item: Life Orb\n|faint|p1a: Zebstrika\n|\n|upkeep\n|\n|t:|1714077056\n|switch|p1a: Scyther|Scyther, L82, F|249/249\n|turn|16\n|inactive|Aqua has 120 seconds left.\n|\n|t:|1714077068\n|switch|p2a: Copperajah|Copperajah, L86, M|205/350\n|move|p1a: Scyther|Dual Wingbeat|p2a: Copperajah\n|-resisted|p2a: Copperajah\n|-damage|p2a: Copperajah|167/350\n|-resisted|p2a: Copperajah\n|-damage|p2a: Copperajah|126/350\n|-hitcount|p2a: Copperajah|2\n|\n|upkeep\n|turn|17\n|inactive|Aqua has 120 seconds left.\n|\n|t:|1714077078\n|move|p1a: Scyther|Close Combat|p2a: Copperajah\n|-supereffective|p2a: Copperajah\n|-damage|p2a: Copperajah|0 fnt\n|-unboost|p1a: Scyther|def|1\n|-unboost|p1a: Scyther|spd|1\n|faint|p2a: Copperajah\n|\n|upkeep\n|\n|t:|1714077080\n|switch|p2a: Pelipper|Pelipper, L86, M|243/243\n|-weather|RainDance|[from] ability: Drizzle|[of] p2a: Pelipper\n|turn|18\n|\n|t:|1714077086\n|move|p1a: Scyther|Dual Wingbeat|p2a: Pelipper\n|-damage|p2a: Pelipper|185/243\n|-damage|p2a: Pelipper|122/243\n|-hitcount|p2a: Pelipper|2\n|move|p2a: Pelipper|Hurricane|p1a: Scyther\n|-supereffective|p1a: Scyther\n|-damage|p1a: Scyther|0 fnt\n|faint|p1a: Scyther\n|\n|-weather|RainDance|[upkeep]\n|upkeep\n|inactive|ugahb has 120 seconds left.\n|inactive|ugahb has 90 seconds left.\n|\n|t:|1714077146\n|switch|p1a: Wugtrio|Wugtrio, L91, F|212/212\n|turn|19\n|inactive|Aqua has 120 seconds left.\n|\n|t:|1714077182\n|-terastallize|p1a: Wugtrio|Water\n|move|p1a: Wugtrio|Liquidation|p2a: Pelipper\n|-resisted|p2a: Pelipper\n|-damage|p2a: Pelipper|0 fnt\n|faint|p2a: Pelipper\n|\n|-weather|RainDance|[upkeep]\n|upkeep\n|c|\u2606Aqua|was hoping it wouldn't be that 32%\n|\n|t:|1714077211\n|switch|p2a: Volbeat|Volbeat, L90, M|114/263\n|turn|20\n|\n|t:|1714077225\n|-terastallize|p2a: Volbeat|Water\n|move|p2a: Volbeat|Roost|p2a: Volbeat\n|-heal|p2a: Volbeat|246/263\n|move|p1a: Wugtrio|Liquidation|p2a: Volbeat\n|-resisted|p2a: Volbeat\n|-damage|p2a: Volbeat|75/263\n|\n|-weather|RainDance|[upkeep]\n|upkeep\n|turn|21\n|\n|t:|1714077231\n|move|p2a: Volbeat|Roost|p2a: Volbeat\n|-heal|p2a: Volbeat|207/263\n|move|p1a: Wugtrio|Liquidation|p2a: Volbeat\n|-resisted|p2a: Volbeat\n|-damage|p2a: Volbeat|33/263\n|-unboost|p2a: Volbeat|def|1\n|\n|-weather|RainDance|[upkeep]\n|upkeep\n|turn|22\n|\n|t:|1714077237\n|move|p2a: Volbeat|Thunder Wave|p1a: Wugtrio\n|-status|p1a: Wugtrio|par\n|move|p1a: Wugtrio|Liquidation|p2a: Volbeat\n|-resisted|p2a: Volbeat\n|-damage|p2a: Volbeat|0 fnt\n|faint|p2a: Volbeat\n|\n|-weather|none\n|upkeep\n|\n|t:|1714077239\n|switch|p2a: Keldeo|Keldeo-Resolute, L79|101/273\n|turn|23\n|\n|t:|1714077242\n|move|p2a: Keldeo|Calm Mind|p2a: Keldeo\n|-boost|p2a: Keldeo|spa|1\n|-boost|p2a: Keldeo|spd|1\n|move|p1a: Wugtrio|Liquidation|p2a: Keldeo\n|-resisted|p2a: Keldeo\n|-damage|p2a: Keldeo|0 fnt\n|faint|p2a: Keldeo\n|\n|win|ugahb\n|raw|ugahb's rating: 2351 &rarr; <strong>2381</strong><br />(+30 for winning)\n|raw|Aqua's rating: 2552 &rarr; <strong>2522</strong><br />(-30 for losing)\n|l|\u2606Aqua\n|player|p2|\n", "inputlog": ">version 56c3b69fcd3b113ffc796eb8c36c032ea017d75b\n>start {\"formatid\":\"gen9randombattle\",\"seed\":[56939,34824,8730,46460],\"rated\":\"Rated battle\"}\n>player p1 {\"name\":\"ugahb\",\"avatar\":\"102\",\"rating\":2351,\"seed\":[11043,43554,43747,3080]}\n>player p2 {\"name\":\"Aqua\",\"avatar\":\"#rbtt6teamlatiasf\",\"rating\":2552,\"seed\":[58189,61847,24031,62706]}\n>p1 move uturn\n>p2 move rockslide\n>p1 switch 5\n>p1 move voltswitch\n>p2 switch 4\n>p1 switch 5\n>p1 move uturn\n>p2 switch 4\n>p1 switch 5\n>p1 move overheat\n>p2 switch 4\n>p1 move supercellslam\n>p2 move psychic\n>p2 switch 4\n>p1 move voltswitch\n>p2 move playrough\n>p1 switch 2\n>p1 move revelationdance\n>p2 switch 3\n>p1 move quiverdance\n>p2 move fireblast\n>p1 switch 4\n>p1 move liquidation\n>p2 switch 2\n>p1 switch 6\n>p2 move hydropump\n>p1 move powerwhip\n>p2 switch 2\n>p1 move powerwhip\n>p2 move darkpulse\n>p1 switch 2\n>p1 move supercellslam\n>p2 move suckerpunch\n>p2 switch 3\n>p1 move supercellslam\n>p2 switch 6\n>p1 move overheat\n>p2 switch 2\n>p1 switch 5\n>p1 move dualwingbeat\n>p2 switch 6\n>p1 move closecombat\n>p2 move ironhead\n>p2 switch 5\n>p1 move dualwingbeat\n>p2 move hurricane\n>p1 switch 6\n>p1 move liquidation terastallize\n>p2 move hurricane\n>chat \u2606Aqua|was hoping it wouldn't be that 32%\n>p2 switch 2\n>p1 move liquidation\n>p2 move roost terastallize\n>p1 move liquidation\n>p2 move roost\n>p1 move liquidation\n>p2 move thunderwave\n>p2 switch 6\n>p1 move liquidation\n>p2 move calmmind", "uploadtime": 1714077247, "views": 240, "formatid": "gen9randombattle", "rating": 2381, "private": 0, "password": null}