{"id": "gen9randombattle-2260322720", "format": "[Gen 9] Random Battle", "players": ["Zombiehusk", "taodu"], "log": "|j|\u203dZombiehusk\n|j|\u2606taodu\n|t:|1733839796\n|gametype|singles\n|player|p1|Zombiehusk|102|1162\n|player|p2|taodu|102|1201\n|teamsize|p1|6\n|teamsize|p2|6\n|gen|9\n|tier|[Gen 9] Random Battle\n|rated|\n|rule|Species Clause: Limit one of each Pok\u00e9mon\n|rule|HP Percentage Mod: HP is shown in percentages\n|rule|Sleep Clause Mod: Limit one foe put to sleep\n|rule|Illusion Level Mod: Illusion disguises the Pok\u00e9mon's true level\n|\n|t:|1733839796\n|start\n|switch|p1a: Cyclizar|Cyclizar, L83, M|252/252\n|switch|p2a: Regieleki|Regieleki, L79|256/256\n|turn|1\n|\n|t:|1733839807\n|move|p2a: Regieleki|Volt Switch|p1a: Cyclizar\n|-resisted|p1a: Cyclizar\n|-damage|p1a: Cyclizar|189/252\n|\n|t:|1733839814\n|switch|p2a: Alomomola|Alomomola, L87, M|429/429|[from] Volt Switch\n|move|p1a: Cyclizar|Knock Off|p2a: Alomomola\n|-damage|p2a: Alomomola|360/429\n|-enditem|p2a: Alomomola|Heavy-Duty Boots|[from] move: Knock Off|[of] p1a: Cyclizar\n|\n|upkeep\n|turn|2\n|\n|t:|1733839825\n|move|p1a: Cyclizar|Shed Tail|p1a: Cyclizar\n|-start|p1a: Cyclizar|Substitute|[from] move: Shed Tail\n|-damage|p1a: Cyclizar|63/252\n|\n|t:|1733839836\n|switch|p1a: Manaphy|Manaphy, L78|284/284|[from] Shed Tail\n|move|p2a: Alomomola|Scald|p1a: Manaphy\n|-resisted|p1a: Manaphy\n|-activate|p1a: Manaphy|move: Substitute|[damage]\n|\n|upkeep\n|turn|3\n|\n|t:|1733839845\n|move|p1a: Manaphy|Tail Glow|p1a: Manaphy\n|-boost|p1a: Manaphy|spa|3\n|move|p2a: Alomomola|Flip Turn|p1a: Manaphy\n|-resisted|p1a: Manaphy\n|-activate|p1a: Manaphy|move: Substitute|[damage]\n|\n|t:|1733839848\n|switch|p2a: Sceptile|Sceptile, L87, F|264/264|[from] Flip Turn\n|\n|upkeep\n|turn|4\n|\n|t:|1733839855\n|move|p2a: Sceptile|Leaf Storm|p1a: Manaphy\n|-supereffective|p1a: Manaphy\n|-end|p1a: Manaphy|Substitute\n|-unboost|p2a: Sceptile|spa|2\n|-damage|p2a: Sceptile|238/264|[from] item: Life Orb\n|move|p1a: Manaphy|Ice Beam|p2a: Sceptile\n|-supereffective|p2a: Sceptile\n|-damage|p2a: Sceptile|0 fnt\n|faint|p2a: Sceptile\n|\n|upkeep\n|\n|t:|1733839859\n|switch|p2a: Regieleki|Regieleki, L79|256/256\n|turn|5\n|\n|t:|1733839875\n|-terastallize|p1a: Manaphy|Grass\n|move|p2a: Regieleki|Thunderbolt|p1a: Manaphy\n|-resisted|p1a: Manaphy\n|-damage|p1a: Manaphy|221/284\n|-status|p1a: Manaphy|par\n|move|p1a: Manaphy|Ice Beam|p2a: Regieleki\n|-damage|p2a: Regieleki|28/256\n|\n|-heal|p1a: Manaphy|238/284 par|[from] item: Leftovers\n|upkeep\n|turn|6\n|\n|t:|1733839887\n|-terastallize|p2a: Regieleki|Ice\n|move|p2a: Regieleki|Tera Blast|p1a: Manaphy|[anim] Tera Blast Ice\n|-supereffective|p1a: Manaphy\n|-damage|p1a: Manaphy|98/284 par\n|move|p1a: Manaphy|Energy Ball|p2a: Regieleki\n|-damage|p2a: Regieleki|0 fnt\n|faint|p2a: Regieleki\n|\n|-heal|p1a: Manaphy|115/284 par|[from] item: Leftovers\n|upkeep\n|\n|t:|1733839897\n|switch|p2a: Mandibuzz|Mandibuzz, L85, F|326/326\n|turn|7\n|\n|t:|1733839909\n|move|p2a: Mandibuzz|Brave Bird|p1a: Manaphy\n|-supereffective|p1a: Manaphy\n|-damage|p1a: Manaphy|0 fnt\n|faint|p1a: Manaphy\n|-damage|p2a: Mandibuzz|288/326|[from] Recoil\n|\n|upkeep\n|\n|t:|1733839917\n|switch|p1a: Cyclizar|Cyclizar, L83, M|147/252\n|turn|8\n|\n|t:|1733839928\n|switch|p1a: Ampharos|Ampharos, L88, F|302/302\n|move|p2a: Mandibuzz|Knock Off|p1a: Ampharos\n|-damage|p1a: Ampharos|221/302\n|-enditem|p1a: Ampharos|Assault Vest|[from] move: Knock Off|[of] p2a: Mandibuzz\n|\n|upkeep\n|turn|9\n|\n|t:|1733839937\n|switch|p2a: Zangoose|Zangoose, L85, F|263/263\n|move|p1a: Ampharos|Volt Switch|p2a: Zangoose\n|-damage|p2a: Zangoose|139/263\n|\n|t:|1733839945\n|switch|p1a: Magcargo|Magcargo, L95, F|268/268|[from] Volt Switch\n|\n|-status|p2a: Zangoose|tox|[from] item: Toxic Orb\n|upkeep\n|turn|10\n|\n|t:|1733839952\n|move|p2a: Zangoose|Quick Attack|p1a: Magcargo\n|-resisted|p1a: Magcargo\n|-damage|p1a: Magcargo|240/268\n|move|p1a: Magcargo|Yawn||[still]\n|-fail|p1a: Magcargo\n|\n|-damage|p2a: Zangoose|123/263 tox|[from] psn\n|upkeep\n|turn|11\n|\n|t:|1733839963\n|move|p2a: Zangoose|Close Combat|p1a: Magcargo\n|-supereffective|p1a: Magcargo\n|-damage|p1a: Magcargo|28/268\n|-unboost|p2a: Zangoose|def|1\n|-unboost|p2a: Zangoose|spd|1\n|move|p1a: Magcargo|Lava Plume|p2a: Zangoose\n|-damage|p2a: Zangoose|0 fnt\n|faint|p2a: Zangoose\n|\n|upkeep\n|\n|t:|1733839971\n|switch|p2a: Barraskewda|Barraskewda, L81, F|231/231\n|turn|12\n|\n|t:|1733839982\n|move|p2a: Barraskewda|Close Combat|p1a: Magcargo\n|-supereffective|p1a: Magcargo\n|-damage|p1a: Magcargo|0 fnt\n|-unboost|p2a: Barraskewda|def|1\n|-unboost|p2a: Barraskewda|spd|1\n|faint|p1a: Magcargo\n|\n|upkeep\n|\n|t:|1733839990\n|switch|p1a: Ampharos|Ampharos, L88, F|221/302\n|turn|13\n|\n|t:|1733839994\n|move|p2a: Barraskewda|Close Combat|p1a: Ampharos\n|-damage|p1a: Ampharos|76/302\n|-unboost|p2a: Barraskewda|def|1\n|-unboost|p2a: Barraskewda|spd|1\n|move|p1a: Ampharos|Discharge|p2a: Barraskewda\n|-supereffective|p2a: Barraskewda\n|-damage|p2a: Barraskewda|0 fnt\n|faint|p2a: Barraskewda\n|\n|upkeep\n|\n|t:|1733839998\n|switch|p2a: Alomomola|Alomomola, L87, M|429/429\n|turn|14\n|\n|t:|1733840010\n|move|p2a: Alomomola|Scald|p1a: Ampharos\n|-damage|p1a: Ampharos|31/302\n|move|p1a: Ampharos|Discharge|p2a: Alomomola\n|-supereffective|p2a: Alomomola\n|-damage|p2a: Alomomola|117/429\n|\n|upkeep\n|turn|15\n|\n|t:|1733840018\n|move|p2a: Alomomola|Scald|p1a: Ampharos\n|-damage|p1a: Ampharos|0 fnt\n|faint|p1a: Ampharos\n|\n|upkeep\n|\n|t:|1733840024\n|switch|p1a: Cyclizar|Cyclizar, L83, M|231/252\n|turn|16\n|\n|t:|1733840031\n|move|p2a: Alomomola|Protect|p2a: Alomomola\n|-singleturn|p2a: Alomomola|Protect\n|move|p1a: Cyclizar|Shed Tail|p1a: Cyclizar\n|-start|p1a: Cyclizar|Substitute|[from] move: Shed Tail\n|-damage|p1a: Cyclizar|105/252\n|\n|t:|1733840036\n|switch|p1a: Donphan|Donphan, L84, F|288/288|[from] Shed Tail\n|\n|upkeep\n|turn|17\n|\n|t:|1733840045\n|switch|p2a: Mandibuzz|Mandibuzz, L85, F|288/326\n|move|p1a: Donphan|Stealth Rock|p2a: Mandibuzz\n|-sidestart|p2: taodu|move: Stealth Rock\n|\n|upkeep\n|turn|18\n|\n|t:|1733840052\n|move|p1a: Donphan|Ice Shard|p2a: Mandibuzz\n|-supereffective|p2a: Mandibuzz\n|-damage|p2a: Mandibuzz|230/326\n|move|p2a: Mandibuzz|Brave Bird|p1a: Donphan\n|-end|p1a: Donphan|Substitute\n|-damage|p2a: Mandibuzz|209/326|[from] Recoil|[of] p1a: Donphan\n|\n|upkeep\n|turn|19\n|\n|t:|1733840064\n|move|p2a: Mandibuzz|Brave Bird|p1a: Donphan\n|-damage|p1a: Donphan|213/288\n|-damage|p2a: Mandibuzz|184/326|[from] Recoil\n|move|p1a: Donphan|Knock Off|p2a: Mandibuzz\n|-resisted|p2a: Mandibuzz\n|-damage|p2a: Mandibuzz|152/326\n|-enditem|p2a: Mandibuzz|Heavy-Duty Boots|[from] move: Knock Off|[of] p1a: Donphan\n|\n|-heal|p1a: Donphan|231/288|[from] item: Leftovers\n|upkeep\n|turn|20\n|\n|t:|1733840076\n|move|p1a: Donphan|Ice Shard|p2a: Mandibuzz\n|-supereffective|p2a: Mandibuzz\n|-damage|p2a: Mandibuzz|98/326\n|move|p2a: Mandibuzz|Toxic|p1a: Donphan\n|-status|p1a: Donphan|tox\n|\n|-heal|p1a: Donphan|249/288 tox|[from] item: Leftovers\n|-damage|p1a: Donphan|231/288 tox|[from] psn\n|upkeep\n|turn|21\n|\n|t:|1733840085\n|move|p1a: Donphan|Ice Shard|p2a: Mandibuzz\n|-supereffective|p2a: Mandibuzz\n|-damage|p2a: Mandibuzz|42/326\n|move|p2a: Mandibuzz|Roost|p2a: Mandibuzz\n|-heal|p2a: Mandibuzz|205/326\n|-singleturn|p2a: Mandibuzz|move: Roost\n|\n|-heal|p1a: Donphan|249/288 tox|[from] item: Leftovers\n|-damage|p1a: Donphan|213/288 tox|[from] psn\n|upkeep\n|turn|22\n|\n|t:|1733840098\n|switch|p1a: Cyclizar|Cyclizar, L83, M|189/252\n|move|p2a: Mandibuzz|Roost|p2a: Mandibuzz\n|-heal|p2a: Mandibuzz|326/326\n|-singleturn|p2a: Mandibuzz|move: Roost\n|\n|upkeep\n|turn|23\n|\n|t:|1733840111\n|move|p1a: Cyclizar|Draco Meteor|p2a: Mandibuzz\n|-damage|p2a: Mandibuzz|215/326\n|-unboost|p1a: Cyclizar|spa|2\n|move|p2a: Mandibuzz|Knock Off|p1a: Cyclizar\n|-damage|p1a: Cyclizar|80/252\n|-enditem|p1a: Cyclizar|Heavy-Duty Boots|[from] move: Knock Off|[of] p2a: Mandibuzz\n|\n|upkeep\n|turn|24\n|\n|t:|1733840122\n|move|p1a: Cyclizar|Draco Meteor|p2a: Mandibuzz\n|-damage|p2a: Mandibuzz|157/326\n|-unboost|p1a: Cyclizar|spa|2\n|move|p2a: Mandibuzz|Brave Bird|p1a: Cyclizar\n|-damage|p1a: Cyclizar|0 fnt\n|faint|p1a: Cyclizar\n|-damage|p2a: Mandibuzz|131/326|[from] Recoil\n|\n|upkeep\n|\n|t:|1733840135\n|switch|p1a: Klefki|Klefki, L84, F|233/233\n|turn|25\n|\n|t:|1733840138\n|move|p1a: Klefki|Thunder Wave|p2a: Mandibuzz\n|-hint|Since gen 7, Dark is immune to Prankster moves.\n|-immune|p2a: Mandibuzz\n|move|p2a: Mandibuzz|Roost|p2a: Mandibuzz\n|-heal|p2a: Mandibuzz|294/326\n|-singleturn|p2a: Mandibuzz|move: Roost\n|\n|upkeep\n|turn|26\n|\n|t:|1733840148\n|move|p2a: Mandibuzz|Knock Off|p1a: Klefki\n|-resisted|p1a: Klefki\n|-damage|p1a: Klefki|192/233\n|-enditem|p1a: Klefki|Leftovers|[from] move: Knock Off|[of] p2a: Mandibuzz\n|move|p1a: Klefki|Play Rough|p2a: Mandibuzz\n|-supereffective|p2a: Mandibuzz\n|-damage|p2a: Mandibuzz|144/326\n|\n|upkeep\n|turn|27\n|\n|t:|1733840157\n|move|p2a: Mandibuzz|Roost|p2a: Mandibuzz\n|-heal|p2a: Mandibuzz|307/326\n|-singleturn|p2a: Mandibuzz|move: Roost\n|move|p1a: Klefki|Play Rough|p2a: Mandibuzz\n|-supereffective|p2a: Mandibuzz\n|-damage|p2a: Mandibuzz|161/326\n|\n|upkeep\n|turn|28\n|\n|t:|1733840165\n|move|p2a: Mandibuzz|Brave Bird|p1a: Klefki\n|-resisted|p1a: Klefki\n|-damage|p1a: Klefki|145/233\n|-damage|p2a: Mandibuzz|145/326|[from] Recoil\n|move|p1a: Klefki|Play Rough|p2a: Mandibuzz|[miss]\n|-miss|p1a: Klefki|p2a: Mandibuzz\n|\n|upkeep\n|turn|29\n|\n|t:|1733840173\n|move|p2a: Mandibuzz|Brave Bird|p1a: Klefki\n|-resisted|p1a: Klefki\n|-damage|p1a: Klefki|100/233\n|-damage|p2a: Mandibuzz|130/326|[from] Recoil\n|move|p1a: Klefki|Play Rough|p2a: Mandibuzz\n|-supereffective|p2a: Mandibuzz\n|-damage|p2a: Mandibuzz|0 fnt\n|faint|p2a: Mandibuzz\n|\n|upkeep\n|\n|t:|1733840176\n|switch|p2a: Alomomola|Alomomola, L87, M|260/429\n|-damage|p2a: Alomomola|207/429|[from] Stealth Rock\n|turn|30\n|\n|t:|1733840188\n|move|p1a: Klefki|Thunder Wave|p2a: Alomomola\n|-status|p2a: Alomomola|par\n|move|p2a: Alomomola|Wish|p2a: Alomomola\n|\n|upkeep\n|turn|31\n|\n|t:|1733840194\n|move|p2a: Alomomola|Protect|p2a: Alomomola\n|-singleturn|p2a: Alomomola|Protect\n|move|p1a: Klefki|Play Rough|p2a: Alomomola\n|-activate|p2a: Alomomola|move: Protect\n|\n|-heal|p2a: Alomomola|421/429 par|[from] move: Wish|[wisher] Alomomola\n|upkeep\n|turn|32\n|\n|t:|1733840203\n|move|p1a: Klefki|Play Rough|p2a: Alomomola\n|-damage|p2a: Alomomola|334/429 par\n|move|p2a: Alomomola|Scald|p1a: Klefki\n|-damage|p1a: Klefki|46/233\n|\n|upkeep\n|turn|33\n|\n|t:|1733840211\n|move|p1a: Klefki|Play Rough|p2a: Alomomola\n|-damage|p2a: Alomomola|243/429 par\n|move|p2a: Alomomola|Scald|p1a: Klefki\n|-damage|p1a: Klefki|0 fnt\n|faint|p1a: Klefki\n|\n|upkeep\n|\n|t:|1733840219\n|switch|p1a: Donphan|Donphan, L84, F|213/288 tox\n|turn|34\n|\n|t:|1733840230\n|move|p2a: Alomomola|Protect|p2a: Alomomola\n|-singleturn|p2a: Alomomola|Protect\n|move|p1a: Donphan|Earthquake|p2a: Alomomola\n|-activate|p2a: Alomomola|move: Protect\n|\n|-heal|p1a: Donphan|231/288 tox|[from] item: Leftovers\n|-damage|p1a: Donphan|213/288 tox|[from] psn\n|upkeep\n|turn|35\n|\n|t:|1733840237\n|move|p1a: Donphan|Earthquake|p2a: Alomomola\n|-damage|p2a: Alomomola|102/429 par\n|move|p2a: Alomomola|Wish|p2a: Alomomola\n|\n|-heal|p1a: Donphan|231/288 tox|[from] item: Leftovers\n|-damage|p1a: Donphan|195/288 tox|[from] psn\n|upkeep\n|turn|36\n|\n|t:|1733840247\n|cant|p2a: Alomomola|par\n|move|p1a: Donphan|Ice Shard|p2a: Alomomola\n|-resisted|p2a: Alomomola\n|-damage|p2a: Alomomola|83/429 par\n|\n|-heal|p2a: Alomomola|297/429 par|[from] move: Wish|[wisher] Alomomola\n|-heal|p1a: Donphan|213/288 tox|[from] item: Leftovers\n|-damage|p1a: Donphan|159/288 tox|[from] psn\n|upkeep\n|turn|37\n|\n|t:|1733840258\n|move|p2a: Alomomola|Protect|p2a: Alomomola\n|-singleturn|p2a: Alomomola|Protect\n|move|p1a: Donphan|Earthquake|p2a: Alomomola\n|-activate|p2a: Alomomola|move: Protect\n|\n|-heal|p1a: Donphan|177/288 tox|[from] item: Leftovers\n|-damage|p1a: Donphan|105/288 tox|[from] psn\n|upkeep\n|turn|38\n|\n|t:|1733840261\n|move|p1a: Donphan|Earthquake|p2a: Alomomola\n|-damage|p2a: Alomomola|168/429 par\n|move|p2a: Alomomola|Wish|p2a: Alomomola\n|\n|-heal|p1a: Donphan|123/288 tox|[from] item: Leftovers\n|-damage|p1a: Donphan|33/288 tox|[from] psn\n|upkeep\n|turn|39\n|\n|t:|1733840267\n|move|p2a: Alomomola|Protect|p2a: Alomomola\n|-singleturn|p2a: Alomomola|Protect\n|move|p1a: Donphan|Earthquake|p2a: Alomomola\n|-activate|p2a: Alomomola|move: Protect\n|\n|-heal|p2a: Alomomola|382/429 par|[from] move: Wish|[wisher] Alomomola\n|-heal|p1a: Donphan|51/288 tox|[from] item: Leftovers\n|-damage|p1a: Donphan|0 fnt|[from] psn\n|faint|p1a: Donphan\n|\n|win|taodu\n|upkeep\n|raw|Zombiehusk's rating: 1162 &rarr; <strong>1140</strong><br />(-22 for losing)\n|raw|taodu's rating: 1201 &rarr; <strong>1223</strong><br />(+22 for winning)\n|l|\u203dZombiehusk\n|player|p1|\n", "inputlog": ">version bfd83cad13791eb5a5a409923076391caf6fb4d4\n>start {\"formatid\":\"gen9randombattle\",\"seed\":[39370,20483,1224,58169],\"rated\":\"Rated battle\"}\n>player p1 {\"name\":\"Zombiehusk\",\"avatar\":\"102\",\"rating\":1162,\"seed\":[43426,35715,527,28415]}\n>player p2 {\"name\":\"taodu\",\"avatar\":\"102\",\"rating\":1201,\"seed\":[30785,45267,6200,53866]}\n>p1 move knockoff\n>p2 move voltswitch\n>p2 switch 5\n>p1 move shedtail\n>p2 move scald\n>p1 switch 3\n>p1 move tailglow\n>p2 move flipturn\n>p2 switch 6\n>p1 move icebeam\n>p2 move leafstorm\n>p2 switch 5\n>p1 move icebeam terastallize\n>p2 move thunderbolt\n>p1 move energyball\n>p2 move terablast terastallize\n>p2 switch 3\n>p1 move icebeam\n>p2 move bravebird\n>p1 switch 3\n>p1 switch 2\n>p2 move knockoff\n>p1 move voltswitch\n>p2 switch 4\n>p1 switch 6\n>p1 move yawn\n>p2 move quickattack\n>p1 move lavaplume\n>p2 move closecombat\n>p2 switch 2\n>p1 move yawn\n>p2 move closecombat\n>p1 switch 6\n>p1 move discharge\n>p2 move closecombat\n>p2 switch 6\n>p1 move discharge\n>p2 move scald\n>p1 move voltswitch\n>p2 move scald\n>p1 switch 2\n>p1 move shedtail\n>p2 move protect\n>p1 switch 5\n>p1 move stealthrock\n>p2 switch 4\n>p1 move iceshard\n>p2 move bravebird\n>p1 move knockoff\n>p2 move bravebird\n>p1 move iceshard\n>p2 move toxic\n>p1 move iceshard\n>p2 move roost\n>p1 switch 5\n>p2 move roost\n>p1 move dracometeor\n>p2 move knockoff\n>p1 move dracometeor\n>p2 move bravebird\n>p1 switch 4\n>p1 move thunderwave\n>p2 move roost\n>p1 move playrough\n>p2 move knockoff\n>p1 move playrough\n>p2 move roost\n>p1 move playrough\n>p2 move bravebird\n>p1 move playrough\n>p2 move bravebird\n>p2 switch 4\n>p1 move thunderwave\n>p2 move wish\n>p1 move playrough\n>p2 move protect\n>p1 move playrough\n>p2 move scald\n>p1 move playrough\n>p2 move scald\n>p1 switch 5\n>p1 move earthquake\n>p2 move protect\n>p1 move earthquake\n>p2 move wish\n>p1 move iceshard\n>p2 move protect\n>p1 move earthquake\n>p2 move protect\n>p1 move earthquake\n>p2 move wish\n>p1 move earthquake\n>p2 move protect", "uploadtime": 1733840277, "views": 1, "formatid": "gen9randombattle", "rating": 1140, "private": 0, "password": null}