{"id": "gen9randombattle-2206747915", "format": "[Gen 9] Random Battle", "players": ["RB2T soT", "RB2T paysa"], "log": "|badge|p2|silver|gen9randombattle|30-2\n|uhtml|medal-msg|<div class=\"broadcast-blue\">Curious what those medals under the avatar are? PS now has Ladder Seasons! For more information, check out the <a href=\"https://www.smogon.com/forums/threads/3740067/\">thread on Smogon.</a></div>\n|j|\u2606RB2T soT\n|j|\u2606RB2T paysa\n|t:|1726950302\n|gametype|singles\n|player|p1|RB2T soT|1|2315\n|player|p2|RB2T paysa|viola-masters|2436\n|teamsize|p1|6\n|teamsize|p2|6\n|gen|9\n|tier|[Gen 9] Random Battle\n|rated|\n|rule|Species Clause: Limit one of each Pok\u00e9mon\n|rule|HP Percentage Mod: HP is shown in percentages\n|rule|Sleep Clause Mod: Limit one foe put to sleep\n|rule|Illusion Level Mod: Illusion disguises the Pok\u00e9mon's true level\n|\n|t:|1726950302\n|start\n|switch|p1a: Clodsire|Clodsire, L81, F|343/343\n|switch|p2a: Terrakion|Terrakion, L79|273/273\n|turn|1\n|inactive|Battle timer is ON: inactive players will automatically lose when time's up. (requested by RB2T paysa)\n|inactive|RB2T paysa has 120 seconds left.\n|\n|t:|1726950346\n|move|p2a: Terrakion|Earthquake|p1a: Clodsire\n|-supereffective|p1a: Clodsire\n|-damage|p1a: Clodsire|73/343\n|-damage|p2a: Terrakion|246/273|[from] item: Life Orb\n|move|p1a: Clodsire|Earthquake|p2a: Terrakion\n|-supereffective|p2a: Terrakion\n|-damage|p2a: Terrakion|78/273\n|\n|-heal|p1a: Clodsire|94/343|[from] item: Leftovers\n|upkeep\n|turn|2\n|\n|t:|1726950364\n|switch|p1a: Comfey|Comfey, L85, F|225/225\n|move|p2a: Terrakion|Close Combat|p1a: Comfey\n|-resisted|p1a: Comfey\n|-damage|p1a: Comfey|131/225\n|-unboost|p2a: Terrakion|def|1\n|-unboost|p2a: Terrakion|spd|1\n|-damage|p2a: Terrakion|51/273|[from] item: Life Orb\n|\n|-heal|p1a: Comfey|145/225|[from] item: Leftovers\n|upkeep\n|turn|3\n|j| IcyPenguin604\n|\n|t:|1726950373\n|switch|p2a: Gothitelle|Gothitelle, L90, M|272/272\n|move|p1a: Comfey|Draining Kiss|p2a: Gothitelle\n|-damage|p2a: Gothitelle|232/272\n|-heal|p1a: Comfey|175/225|[from] drain|[of] p2a: Gothitelle\n|\n|-heal|p1a: Comfey|189/225|[from] item: Leftovers\n|upkeep\n|turn|4\n|\n|t:|1726950380\n|move|p1a: Comfey|Draining Kiss|p2a: Gothitelle\n|-damage|p2a: Gothitelle|193/272\n|-heal|p1a: Comfey|218/225|[from] drain|[of] p2a: Gothitelle\n|move|p2a: Gothitelle|Trick|p1a: Comfey\n|-activate|p2a: Gothitelle|move: Trick|[of] p1a: Comfey\n|-item|p1a: Comfey|Choice Scarf|[from] move: Trick\n|-item|p2a: Gothitelle|Leftovers|[from] move: Trick\n|\n|-heal|p2a: Gothitelle|210/272|[from] item: Leftovers\n|upkeep\n|turn|5\n|\n|t:|1726950385\n|move|p1a: Comfey|Draining Kiss|p2a: Gothitelle\n|-damage|p2a: Gothitelle|173/272\n|-heal|p1a: Comfey|225/225|[from] drain|[of] p2a: Gothitelle\n|move|p2a: Gothitelle|Psychic|p1a: Comfey\n|-damage|p1a: Comfey|137/225\n|\n|-heal|p2a: Gothitelle|190/272|[from] item: Leftovers\n|upkeep\n|turn|6\n|\n|t:|1726950387\n|move|p1a: Comfey|Draining Kiss|p2a: Gothitelle\n|-damage|p2a: Gothitelle|150/272\n|-heal|p1a: Comfey|167/225|[from] drain|[of] p2a: Gothitelle\n|move|p2a: Gothitelle|Psychic|p1a: Comfey\n|-damage|p1a: Comfey|80/225\n|\n|-heal|p2a: Gothitelle|167/272|[from] item: Leftovers\n|upkeep\n|turn|7\n|\n|t:|1726950391\n|move|p1a: Comfey|Draining Kiss|p2a: Gothitelle\n|-damage|p2a: Gothitelle|127/272\n|-heal|p1a: Comfey|110/225|[from] drain|[of] p2a: Gothitelle\n|move|p2a: Gothitelle|Psychic|p1a: Comfey\n|-damage|p1a: Comfey|23/225\n|\n|-heal|p2a: Gothitelle|144/272|[from] item: Leftovers\n|upkeep\n|turn|8\n|\n|t:|1726950394\n|move|p1a: Comfey|Draining Kiss|p2a: Gothitelle\n|-damage|p2a: Gothitelle|105/272\n|-heal|p1a: Comfey|52/225|[from] drain|[of] p2a: Gothitelle\n|move|p2a: Gothitelle|Psychic|p1a: Comfey\n|-damage|p1a: Comfey|0 fnt\n|faint|p1a: Comfey\n|\n|-heal|p2a: Gothitelle|122/272|[from] item: Leftovers\n|upkeep\n|c|\u2606RB2T paysa|it feels so good to get rid of that\n|c|\u2606RB2T soT|feels good to not be able to do anything against that\n|inactive|RB2T soT has 120 seconds left.\n|c|\u2606RB2T paysa|:c\n|c|\u2606RB2T soT|shouuldve played around blind goth ig\n|\n|t:|1726950442\n|switch|p1a: Dusknoir|Dusknoir, L89, F|225/225\n|-item|p2a: Gothitelle|Leftovers|[from] ability: Frisk|[of] p1a: Dusknoir\n|turn|9\n|\n|t:|1726950456\n|move|p2a: Gothitelle|Dark Pulse|p1a: Dusknoir\n|-supereffective|p1a: Dusknoir\n|-damage|p1a: Dusknoir|133/225\n|move|p1a: Dusknoir|Poltergeist|p2a: Gothitelle\n|-activate|p2a: Gothitelle|move: Poltergeist|Leftovers\n|-supereffective|p2a: Gothitelle\n|-damage|p2a: Gothitelle|0 fnt\n|faint|p2a: Gothitelle\n|\n|-heal|p1a: Dusknoir|147/225|[from] item: Leftovers\n|upkeep\n|\n|t:|1726950472\n|switch|p2a: Houndstone|Houndstone, L86, F|264/264\n|turn|10\n|inactive|RB2T soT has 120 seconds left.\n|\n|t:|1726950499\n|-terastallize|p1a: Dusknoir|Fighting\n|move|p2a: Houndstone|Poltergeist|p1a: Dusknoir\n|-activate|p1a: Dusknoir|move: Poltergeist|Leftovers\n|-damage|p1a: Dusknoir|57/225\n|move|p1a: Dusknoir|Pain Split|p2a: Houndstone\n|-sethp|p2a: Houndstone|160/264|[from] move: Pain Split|[silent]\n|-sethp|p1a: Dusknoir|160/225|[from] move: Pain Split\n|\n|-heal|p1a: Dusknoir|174/225|[from] item: Leftovers\n|upkeep\n|turn|11\n|\n|t:|1726950514\n|move|p2a: Houndstone|Play Rough|p1a: Dusknoir\n|-supereffective|p1a: Dusknoir\n|-damage|p1a: Dusknoir|86/225\n|move|p1a: Dusknoir|Poltergeist|p2a: Houndstone\n|-activate|p2a: Houndstone|move: Poltergeist|Assault Vest\n|-supereffective|p2a: Houndstone\n|-damage|p2a: Houndstone|0 fnt\n|faint|p2a: Houndstone\n|\n|-heal|p1a: Dusknoir|100/225|[from] item: Leftovers\n|upkeep\n|inactive|RB2T paysa has 120 seconds left.\n|\n|t:|1726950549\n|switch|p2a: Terrakion|Terrakion, L79|51/273\n|turn|12\n|\n|t:|1726950564\n|switch|p1a: Clodsire|Clodsire, L81, F|94/343\n|move|p2a: Terrakion|Close Combat|p1a: Clodsire\n|-resisted|p1a: Clodsire\n|-damage|p1a: Clodsire|0 fnt\n|-unboost|p2a: Terrakion|def|1\n|-unboost|p2a: Terrakion|spd|1\n|faint|p1a: Clodsire\n|-damage|p2a: Terrakion|24/273|[from] item: Life Orb\n|\n|upkeep\n|\n|t:|1726950569\n|switch|p1a: Abomasnow|Abomasnow, L85, M|291/291\n|-weather|Snow|[from] ability: Snow Warning|[of] p1a: Abomasnow\n|turn|13\n|inactive|RB2T paysa has 120 seconds left.\n|\n|t:|1726950592\n|switch|p2a: Abomasnow|Abomasnow, L85, M|291/291\n|move|p1a: Abomasnow|Ice Shard|p2a: Abomasnow\n|-damage|p2a: Abomasnow|258/291\n|\n|-weather|Snow|[upkeep]\n|upkeep\n|turn|14\n|\n|t:|1726950597\n|move|p1a: Abomasnow|Aurora Veil|p1a: Abomasnow\n|-sidestart|p1: RB2T soT|move: Aurora Veil\n|move|p2a: Abomasnow|Aurora Veil|p2a: Abomasnow\n|-sidestart|p2: RB2T paysa|move: Aurora Veil\n|\n|-weather|Snow|[upkeep]\n|upkeep\n|turn|15\n|\n|t:|1726950605\n|switch|p1a: Medicham|Medicham, L86, F|243/243\n|move|p2a: Abomasnow|Blizzard|p1a: Medicham\n|-damage|p1a: Medicham|176/243\n|\n|-weather|Snow|[upkeep]\n|upkeep\n|turn|16\n|j| kalvasflam\n|inactive|RB2T paysa has 120 seconds left.\n|inactive|RB2T paysa has 90 seconds left.\n|\n|t:|1726950664\n|move|p1a: Medicham|Close Combat|p2a: Abomasnow\n|-supereffective|p2a: Abomasnow\n|-crit|p2a: Abomasnow\n|-damage|p2a: Abomasnow|0 fnt\n|-unboost|p1a: Medicham|def|1\n|-unboost|p1a: Medicham|spd|1\n|faint|p2a: Abomasnow\n|\n|-weather|Snow|[upkeep]\n|upkeep\n|inactive|RB2T paysa has 90 seconds left.\n|inactive|RB2T paysa has 60 seconds left.\n|\n|t:|1726950704\n|switch|p2a: Salazzle|Salazzle, L83, F|249/249\n|turn|17\n|inactive|RB2T paysa has 60 seconds left.\n|\n|t:|1726950721\n|switch|p1a: Iron Leaves|Iron Leaves, L80|275/275\n|move|p2a: Salazzle|Nasty Plot|p2a: Salazzle\n|-boost|p2a: Salazzle|spa|2\n|\n|-weather|none\n|upkeep\n|turn|18\n|inactive|RB2T paysa has 60 seconds left.\n|\n|t:|1726950758\n|-terastallize|p2a: Salazzle|Grass\n|move|p2a: Salazzle|Nasty Plot|p2a: Salazzle\n|-boost|p2a: Salazzle|spa|2\n|move|p1a: Iron Leaves|Psyblade|p2a: Salazzle\n|-damage|p2a: Salazzle|171/249\n|-damage|p1a: Iron Leaves|248/275|[from] item: Life Orb\n|\n|upkeep\n|turn|19\n|inactive|RB2T soT has 120 seconds left.\n|inactive|RB2T paysa has 30 seconds left.\n|inactive|RB2T paysa has 20 seconds left.\n|\n|t:|1726950790\n|-end|p1a: Iron Leaves|Quark Drive|[silent]\n|switch|p1a: Dusknoir|Dusknoir, L89, F, tera:Fighting|100/225\n|-item|p2a: Salazzle|Heavy-Duty Boots|[from] ability: Frisk|[of] p1a: Dusknoir\n|move|p2a: Salazzle|Sludge Wave|p1a: Dusknoir\n|-crit|p1a: Dusknoir\n|-damage|p1a: Dusknoir|0 fnt\n|faint|p1a: Dusknoir\n|\n|upkeep\n|inactive|RB2T paysa has 25 seconds left this turn.\n|\n|t:|1726950800\n|switch|p1a: Medicham|Medicham, L86, F|176/243\n|turn|20\n|\n|t:|1726950805\n|move|p1a: Medicham|Bullet Punch|p2a: Salazzle\n|-crit|p2a: Salazzle\n|-damage|p2a: Salazzle|50/249\n|move|p2a: Salazzle|Fire Blast|p1a: Medicham|[miss]\n|-miss|p2a: Salazzle|p1a: Medicham\n|\n|upkeep\n|turn|21\n|\n|t:|1726950813\n|move|p1a: Medicham|Bullet Punch|p2a: Salazzle\n|-damage|p2a: Salazzle|5/249\n|move|p2a: Salazzle|Fire Blast|p1a: Medicham\n|-damage|p1a: Medicham|0 fnt\n|faint|p1a: Medicham\n|\n|-sideend|p2: RB2T paysa|move: Aurora Veil\n|-sideend|p1: RB2T soT|move: Aurora Veil\n|upkeep\n|\n|t:|1726950815\n|switch|p1a: Abomasnow|Abomasnow, L85, M|291/291\n|-weather|Snow|[from] ability: Snow Warning|[of] p1a: Abomasnow\n|turn|22\n|\n|t:|1726950831\n|move|p1a: Abomasnow|Ice Shard|p2a: Salazzle\n|-supereffective|p2a: Salazzle\n|-damage|p2a: Salazzle|0 fnt\n|faint|p2a: Salazzle\n|\n|-weather|Snow|[upkeep]\n|upkeep\n|\n|t:|1726950843\n|switch|p2a: Arceus|Arceus-Ice, L72|291/291\n|turn|23\n|inactive|RB2T soT has 120 seconds left.\n|\n|t:|1726950877\n|move|p2a: Arceus|Calm Mind|p2a: Arceus\n|-boost|p2a: Arceus|spa|1\n|-boost|p2a: Arceus|spd|1\n|move|p1a: Abomasnow|Aurora Veil|p1a: Abomasnow\n|-sidestart|p1: RB2T soT|move: Aurora Veil\n|\n|-weather|Snow|[upkeep]\n|upkeep\n|turn|24\n|\n|t:|1726950890\n|switch|p1a: Iron Leaves|Iron Leaves, L80|248/275\n|move|p2a: Arceus|Calm Mind|p2a: Arceus\n|-boost|p2a: Arceus|spa|1\n|-boost|p2a: Arceus|spd|1\n|\n|-weather|Snow|[upkeep]\n|upkeep\n|turn|25\n|\n|t:|1726950906\n|move|p2a: Arceus|Calm Mind|p2a: Arceus\n|-boost|p2a: Arceus|spa|1\n|-boost|p2a: Arceus|spd|1\n|move|p1a: Iron Leaves|Close Combat|p2a: Arceus\n|-supereffective|p2a: Arceus\n|-damage|p2a: Arceus|135/291\n|-unboost|p1a: Iron Leaves|def|1\n|-unboost|p1a: Iron Leaves|spd|1\n|-damage|p1a: Iron Leaves|221/275|[from] item: Life Orb\n|\n|-weather|Snow|[upkeep]\n|upkeep\n|turn|26\n|\n|t:|1726950917\n|move|p2a: Arceus|Judgment|p1a: Iron Leaves\n|-supereffective|p1a: Iron Leaves\n|-crit|p1a: Iron Leaves\n|-damage|p1a: Iron Leaves|0 fnt\n|faint|p1a: Iron Leaves\n|-end|p1a: Iron Leaves|Quark Drive|[silent]\n|\n|-weather|none\n|upkeep\n|\n|t:|1726950919\n|switch|p1a: Abomasnow|Abomasnow, L85, M|291/291\n|-weather|Snow|[from] ability: Snow Warning|[of] p1a: Abomasnow\n|turn|27\n|\n|t:|1726950924\n|move|p2a: Arceus|Recover|p2a: Arceus\n|-heal|p2a: Arceus|281/291\n|move|p1a: Abomasnow|Wood Hammer|p2a: Arceus\n|-damage|p2a: Arceus|202/291\n|-damage|p1a: Abomasnow|265/291|[from] Recoil\n|\n|-weather|Snow|[upkeep]\n|upkeep\n|turn|28\n|\n|t:|1726950929\n|move|p2a: Arceus|Judgment|p1a: Abomasnow\n|-damage|p1a: Abomasnow|137/291\n|move|p1a: Abomasnow|Wood Hammer|p2a: Arceus\n|-damage|p2a: Arceus|118/291\n|-damage|p1a: Abomasnow|109/291|[from] Recoil\n|\n|-weather|Snow|[upkeep]\n|upkeep\n|turn|29\n|c|\u2606RB2T paysa|gg\n|-message|RB2T soT forfeited.\n|\n|win|RB2T paysa\n|raw|RB2T soT's rating: 2315 &rarr; <strong>2302</strong><br />(-13 for losing)\n|raw|RB2T paysa's rating: 2436 &rarr; <strong>2449</strong><br />(+13 for winning)\n|l|\u2606RB2T soT\n|player|p1|\n|l| IcyPenguin604\n", "inputlog": ">version ddf5848a381b6afa3b8db755b9bdef59b522c4eb\n>start {\"formatid\":\"gen9randombattle\",\"seed\":[43262,30379,44872,21139],\"rated\":\"Rated battle\"}\n>player p1 {\"name\":\"RB2T soT\",\"avatar\":\"1\",\"rating\":2315,\"seed\":[24189,26884,22658,24512]}\n>player p2 {\"name\":\"RB2T paysa\",\"avatar\":\"viola-masters\",\"rating\":2436,\"seed\":[56005,11341,42011,57640]}\n>p1 move earthquake\n>p2 move earthquake\n>p1 switch 5\n>p2 move closecombat\n>p1 move drainingkiss\n>p2 switch 2\n>p1 move drainingkiss\n>p2 move trick\n>p1 move drainingkiss\n>p2 move psychic\n>p1 move drainingkiss\n>p2 move psychic\n>p1 move drainingkiss\n>p2 move psychic\n>p1 move drainingkiss\n>p2 move psychic\n>chat \u2606RB2T paysa|it feels so good to get rid of that\n>chat \u2606RB2T soT|feels good to not be able to do anything against that\n>chat \u2606RB2T paysa|:c\n>chat \u2606RB2T soT|shouuldve played around blind goth ig\n>p1 switch 6\n>p1 move poltergeist\n>p2 move darkpulse\n>p2 switch 4\n>p1 move painsplit terastallize\n>p2 move poltergeist\n>p1 move poltergeist\n>p2 move playrough\n>p2 switch 2\n>p1 switch 5\n>p2 move closecombat\n>p1 switch 3\n>p1 move iceshard\n>p2 switch 6\n>p1 move auroraveil\n>p2 move auroraveil\n>p1 switch 2\n>p2 move blizzard\n>p1 move closecombat\n>p2 move blizzard\n>p2 switch 3\n>p1 switch 4\n>p2 move nastyplot\n>p1 move psyblade\n>p2 move nastyplot terastallize\n>p1 switch 5\n>p2 move sludgewave\n>p1 switch 4\n>p1 move bulletpunch\n>p2 move fireblast\n>p1 move bulletpunch\n>p2 move fireblast\n>p1 switch 2\n>p1 move iceshard\n>p2 move sludgewave\n>p2 switch 5\n>p1 move auroraveil\n>p2 move calmmind\n>p1 switch 5\n>p2 move calmmind\n>p1 move closecombat\n>p2 move calmmind\n>p1 move closecombat\n>p2 move judgment\n>p1 switch 5\n>p1 move woodhammer\n>p2 move recover\n>p1 move woodhammer\n>p2 move judgment\n>chat \u2606RB2T paysa|gg\n>forcelose p1", "uploadtime": 1726950943, "views": 84, "formatid": "gen9randombattle", "rating": 2302, "private": 0, "password": null}