{"id": "gen9randombattle-2119759360", "format": "[Gen 9] Random Battle", "players": ["Merry24", "MichaelderBeste2"], "log": "|badge|p1|bronze|gen9randombattle|100-1\n|uhtml|medal-msg|<div class=\"broadcast-blue\">Curious what those medals under the avatar are? PS now has Ladder Seasons! For more information, check out the <a href=\"https://www.smogon.com/forums/threads/3740067/\">thread on Smogon.</a></div>\n|badge|p2|silver|gen9randombattle|30-1\n|uhtml|medal-msg|<div class=\"broadcast-blue\">Curious what those medals under the avatar are? PS now has Ladder Seasons! For more information, check out the <a href=\"https://www.smogon.com/forums/threads/3740067/\">thread on Smogon.</a></div>\n|j|\u2606Merry24\n|j|\u2606MichaelderBeste2\n|t:|1715095202\n|gametype|singles\n|player|p1|Merry24|acetrainersnowf|2346\n|player|p2|MichaelderBeste2|#rbtt7teamdarkrai|2392\n|teamsize|p1|6\n|teamsize|p2|6\n|gen|9\n|tier|[Gen 9] Random Battle\n|rated|\n|rule|Species Clause: Limit one of each Pok\u00e9mon\n|rule|HP Percentage Mod: HP is shown in percentages\n|rule|Sleep Clause Mod: Limit one foe put to sleep\n|rule|Illusion Level Mod: Illusion disguises the Pok\u00e9mon's true level\n|\n|t:|1715095202\n|start\n|switch|p1a: Bruxish|Bruxish, L85, F|254/254\n|switch|p2a: Blastoise|Blastoise, L80, F|258/258\n|turn|1\n|\n|t:|1715095211\n|switch|p2a: Mandibuzz|Mandibuzz, L84, F|322/322\n|move|p1a: Bruxish|Psychic Fangs|p2a: Mandibuzz\n|-immune|p2a: Mandibuzz\n|\n|upkeep\n|turn|2\n|\n|t:|1715095214\n|switch|p1a: Wigglytuff|Wigglytuff, L96, M|424/424\n|move|p2a: Mandibuzz|U-turn|p1a: Wigglytuff\n|-resisted|p1a: Wigglytuff\n|-damage|p1a: Wigglytuff|401/424\n|\n|t:|1715095218\n|switch|p2a: Salazzle|Salazzle, L82, F|246/246|[from] U-turn\n|\n|-heal|p1a: Wigglytuff|424/424|[from] item: Leftovers\n|upkeep\n|turn|3\n|\n|t:|1715095222\n|move|p2a: Salazzle|Substitute|p2a: Salazzle\n|-start|p2a: Salazzle|Substitute\n|-damage|p2a: Salazzle|185/246\n|move|p1a: Wigglytuff|Knock Off|p2a: Salazzle\n|-end|p2a: Salazzle|Substitute\n|\n|-heal|p2a: Salazzle|200/246|[from] item: Leftovers\n|upkeep\n|turn|4\n|\n|t:|1715095228\n|move|p2a: Salazzle|Protect|p2a: Salazzle\n|-singleturn|p2a: Salazzle|Protect\n|move|p1a: Wigglytuff|Knock Off|p2a: Salazzle\n|-activate|p2a: Salazzle|move: Protect\n|\n|-heal|p2a: Salazzle|215/246|[from] item: Leftovers\n|upkeep\n|turn|5\n|\n|t:|1715095231\n|move|p2a: Salazzle|Toxic|p1a: Wigglytuff\n|-status|p1a: Wigglytuff|tox\n|move|p1a: Wigglytuff|Knock Off|p2a: Salazzle\n|-damage|p2a: Salazzle|125/246\n|-enditem|p2a: Salazzle|Leftovers|[from] move: Knock Off|[of] p1a: Wigglytuff\n|\n|-damage|p1a: Wigglytuff|398/424 tox|[from] psn\n|upkeep\n|turn|6\n|\n|t:|1715095233\n|move|p2a: Salazzle|Substitute|p2a: Salazzle\n|-start|p2a: Salazzle|Substitute\n|-damage|p2a: Salazzle|64/246\n|move|p1a: Wigglytuff|Stealth Rock|p2a: Salazzle\n|-sidestart|p2: MichaelderBeste2|move: Stealth Rock\n|\n|-heal|p1a: Wigglytuff|424/424 tox|[from] item: Leftovers\n|-damage|p1a: Wigglytuff|372/424 tox|[from] psn\n|upkeep\n|turn|7\n|\n|t:|1715095237\n|move|p2a: Salazzle|Protect|p2a: Salazzle\n|-singleturn|p2a: Salazzle|Protect\n|move|p1a: Wigglytuff|Alluring Voice|p2a: Salazzle\n|-activate|p2a: Salazzle|move: Protect\n|\n|-heal|p1a: Wigglytuff|398/424 tox|[from] item: Leftovers\n|-damage|p1a: Wigglytuff|320/424 tox|[from] psn\n|upkeep\n|turn|8\n|\n|t:|1715095239\n|move|p2a: Salazzle|Flamethrower|p1a: Wigglytuff\n|-damage|p1a: Wigglytuff|199/424 tox\n|move|p1a: Wigglytuff|Alluring Voice|p2a: Salazzle\n|-resisted|p2a: Salazzle\n|-damage|p2a: Salazzle|34/246\n|\n|-heal|p1a: Wigglytuff|225/424 tox|[from] item: Leftovers\n|-damage|p1a: Wigglytuff|121/424 tox|[from] psn\n|upkeep\n|turn|9\n|\n|t:|1715095246\n|move|p2a: Salazzle|Protect|p2a: Salazzle\n|-singleturn|p2a: Salazzle|Protect\n|move|p1a: Wigglytuff|Knock Off|p2a: Salazzle\n|-activate|p2a: Salazzle|move: Protect\n|\n|-heal|p1a: Wigglytuff|147/424 tox|[from] item: Leftovers\n|-damage|p1a: Wigglytuff|17/424 tox|[from] psn\n|upkeep\n|turn|10\n|\n|t:|1715095254\n|move|p2a: Salazzle|Flamethrower|p1a: Wigglytuff\n|-damage|p1a: Wigglytuff|0 fnt\n|faint|p1a: Wigglytuff\n|\n|upkeep\n|\n|t:|1715095259\n|switch|p1a: Salamence|Salamence, L77, F|273/273\n|turn|11\n|\n|t:|1715095275\n|move|p2a: Salazzle|Toxic|p1a: Salamence\n|-status|p1a: Salamence|tox\n|move|p1a: Salamence|Dual Wingbeat|p2a: Salazzle\n|-crit|p2a: Salazzle\n|-end|p2a: Salazzle|Substitute\n|-damage|p2a: Salazzle|0 fnt\n|faint|p2a: Salazzle\n|-ability|p1a: Salamence|Moxie|boost\n|-boost|p1a: Salamence|atk|1\n|-hitcount|p2: Salazzle|2\n|\n|-damage|p1a: Salamence|256/273 tox|[from] psn\n|upkeep\n|\n|t:|1715095281\n|switch|p2a: Mandibuzz|Mandibuzz, L84, F|322/322\n|turn|12\n|\n|t:|1715095284\n|move|p1a: Salamence|Outrage|p2a: Mandibuzz\n|-damage|p2a: Mandibuzz|148/322\n|move|p2a: Mandibuzz|Foul Play|p1a: Salamence\n|-damage|p1a: Salamence|36/273 tox\n|\n|-damage|p1a: Salamence|2/273 tox|[from] psn\n|upkeep\n|turn|13\n|\n|t:|1715095336\n|switch|p2a: Sandaconda|Sandaconda, L84, M|258/258\n|-damage|p2a: Sandaconda|242/258|[from] Stealth Rock\n|move|p1a: Salamence|Outrage|p2a: Sandaconda|[from]lockedmove\n|-damage|p2a: Sandaconda|89/258\n|-start|p1a: Salamence|confusion|[fatigue]\n|\n|-damage|p1a: Salamence|0 fnt|[from] psn\n|faint|p1a: Salamence\n|upkeep\n|\n|t:|1715095345\n|switch|p1a: Bruxish|Bruxish, L85, F|254/254\n|turn|14\n|\n|t:|1715095349\n|move|p1a: Bruxish|Flip Turn|p2a: Sandaconda\n|-supereffective|p2a: Sandaconda\n|-damage|p2a: Sandaconda|0 fnt\n|faint|p2a: Sandaconda\n|j|+Aqua\n|\n|t:|1715095352\n|switch|p1a: Articuno|Articuno, L86|295/295|[from] Flip Turn\n|-ability|p1a: Articuno|Pressure\n|\n|upkeep\n|\n|t:|1715095358\n|switch|p2a: Mandibuzz|Mandibuzz, L84, F|148/322\n|turn|15\n|\n|t:|1715095360\n|-terastallize|p2a: Mandibuzz|Steel\n|move|p1a: Articuno|Freeze-Dry|p2a: Mandibuzz\n|-resisted|p2a: Mandibuzz\n|-damage|p2a: Mandibuzz|113/322\n|move|p2a: Mandibuzz|Roost|p2a: Mandibuzz\n|-heal|p2a: Mandibuzz|274/322\n|\n|upkeep\n|turn|16\n|\n|t:|1715095366\n|switch|p1a: Cobalion|Cobalion, L80|277/277\n|move|p2a: Mandibuzz|Defog|p1a: Cobalion\n|-unboost|p1a: Cobalion|evasion|1\n|-sideend|p2: MichaelderBeste2|Stealth Rock|[from] move: Defog|[of] p2a: Mandibuzz\n|\n|upkeep\n|turn|17\n|\n|t:|1715095370\n|switch|p2a: Samurott|Samurott, L88, M|310/310\n|move|p1a: Cobalion|Swords Dance|p1a: Cobalion\n|-boost|p1a: Cobalion|atk|2\n|\n|upkeep\n|turn|18\n|\n|t:|1715095375\n|switch|p1a: Tatsugiri|Tatsugiri, L86, M|257/257\n|move|p2a: Samurott|Liquidation|p1a: Tatsugiri\n|-ability|p1a: Tatsugiri|Storm Drain|boost\n|-boost|p1a: Tatsugiri|spa|1\n|\n|upkeep\n|turn|19\n|\n|t:|1715095380\n|move|p1a: Tatsugiri|Nasty Plot|p1a: Tatsugiri\n|-boost|p1a: Tatsugiri|spa|2\n|move|p2a: Samurott|Knock Off|p1a: Tatsugiri\n|-damage|p1a: Tatsugiri|121/257\n|-enditem|p1a: Tatsugiri|Heavy-Duty Boots|[from] move: Knock Off|[of] p2a: Samurott\n|-damage|p2a: Samurott|279/310|[from] item: Life Orb\n|\n|upkeep\n|turn|20\n|\n|t:|1715095385\n|move|p2a: Samurott|Aqua Jet|p1a: Tatsugiri\n|-ability|p1a: Tatsugiri|Storm Drain|boost\n|-boost|p1a: Tatsugiri|spa|1\n|move|p1a: Tatsugiri|Draco Meteor|p2a: Samurott\n|-damage|p2a: Samurott|0 fnt\n|-unboost|p1a: Tatsugiri|spa|2\n|faint|p2a: Samurott\n|\n|upkeep\n|\n|t:|1715095387\n|switch|p2a: Ditto|Ditto, L87|225/225\n|-transform|p2a: Ditto|p1a: Tatsugiri|[from] ability: Imposter\n|turn|21\n|\n|t:|1715095395\n|move|p2a: Ditto|Draco Meteor|p1a: Tatsugiri\n|-supereffective|p1a: Tatsugiri\n|-damage|p1a: Tatsugiri|0 fnt\n|-unboost|p2a: Ditto|spa|2\n|faint|p1a: Tatsugiri\n|\n|upkeep\n|\n|t:|1715095411\n|switch|p1a: Cobalion|Cobalion, L80|277/277\n|turn|22\n|\n|t:|1715095414\n|switch|p2a: Blastoise|Blastoise, L80, F|258/258\n|move|p1a: Cobalion|Swords Dance|p1a: Cobalion\n|-boost|p1a: Cobalion|atk|2\n|\n|upkeep\n|turn|23\n|\n|t:|1715095417\n|-terastallize|p1a: Cobalion|Fighting\n|move|p1a: Cobalion|Close Combat|p2a: Blastoise\n|-damage|p2a: Blastoise|0 fnt\n|-unboost|p1a: Cobalion|def|1\n|-unboost|p1a: Cobalion|spd|1\n|faint|p2a: Blastoise\n|-damage|p1a: Cobalion|250/277|[from] item: Life Orb\n|\n|upkeep\n|\n|t:|1715095422\n|switch|p2a: Ditto|Ditto, L87|225/225\n|-transform|p2a: Ditto|p1a: Cobalion|[from] ability: Imposter\n|-start|p2a: Ditto|typechange|Steel/Fighting|[silent]\n|turn|24\n|\n|t:|1715095425\n|switch|p1a: Articuno|Articuno, L86|295/295\n|-ability|p1a: Articuno|Pressure\n|move|p2a: Ditto|Close Combat|p1a: Articuno\n|-damage|p1a: Articuno|93/295\n|-unboost|p2a: Ditto|def|1\n|-unboost|p2a: Ditto|spd|1\n|\n|upkeep\n|turn|25\n|\n|t:|1715095429\n|move|p2a: Ditto|Close Combat|p1a: Articuno\n|-damage|p1a: Articuno|0 fnt\n|-unboost|p2a: Ditto|def|1\n|-unboost|p2a: Ditto|spd|1\n|faint|p1a: Articuno\n|\n|upkeep\n|\n|t:|1715095431\n|switch|p1a: Bruxish|Bruxish, L85, F|254/254\n|turn|26\n|\n|t:|1715095441\n|move|p2a: Ditto|Close Combat|p1a: Bruxish\n|-resisted|p1a: Bruxish\n|-damage|p1a: Bruxish|128/254\n|-unboost|p2a: Ditto|def|1\n|-unboost|p2a: Ditto|spd|1\n|move|p1a: Bruxish|Wave Crash|p2a: Ditto\n|-damage|p2a: Ditto|0 fnt\n|faint|p2a: Ditto\n|-damage|p1a: Bruxish|54/254|[from] Recoil\n|\n|upkeep\n|\n|t:|1715095443\n|switch|p2a: Mandibuzz|Mandibuzz, L84, F, tera:Steel|274/322\n|turn|27\n|\n|t:|1715095446\n|move|p1a: Bruxish|Wave Crash|p2a: Mandibuzz\n|-damage|p2a: Mandibuzz|103/322\n|-damage|p1a: Bruxish|0 fnt|[from] Recoil\n|faint|p1a: Bruxish\n|move|p2a: Mandibuzz|Roost|p2a: Mandibuzz\n|-heal|p2a: Mandibuzz|264/322\n|\n|upkeep\n|\n|t:|1715095448\n|switch|p1a: Cobalion|Cobalion, L80, tera:Fighting|250/277\n|turn|28\n|j| Delta 2777\n|\n|t:|1715095455\n|move|p1a: Cobalion|Close Combat|p2a: Mandibuzz\n|-supereffective|p2a: Mandibuzz\n|-damage|p2a: Mandibuzz|0 fnt\n|-unboost|p1a: Cobalion|def|1\n|-unboost|p1a: Cobalion|spd|1\n|faint|p2a: Mandibuzz\n|-damage|p1a: Cobalion|223/277|[from] item: Life Orb\n|\n|win|Merry24\n|raw|Merry24's rating: 2346 &rarr; <strong>2370</strong><br />(+24 for winning)\n|raw|MichaelderBeste2's rating: 2409 &rarr; <strong>2385</strong><br />(-24 for losing)\n|l|\u2606MichaelderBeste2\n|player|p2|\n|l|\u2606Merry24\n|player|p1|\n|l| Delta 2777\n", "inputlog": ">version 2cc90ceb603322b9c7a55380fd27efd5fc357af5\n>start {\"formatid\":\"gen9randombattle\",\"seed\":[29423,43975,5038,5757],\"rated\":\"Rated battle\"}\n>player p1 {\"name\":\"Merry24\",\"avatar\":\"acetrainersnowf\",\"rating\":2346,\"seed\":[4875,26706,29903,2717]}\n>player p2 {\"name\":\"MichaelderBeste2\",\"avatar\":\"#rbtt7teamdarkrai\",\"rating\":2392,\"seed\":[38956,14061,19853,27883]}\n>p1 move psychicfangs\n>p2 switch 4\n>p1 switch 6\n>p2 move uturn\n>p2 switch 3\n>p1 move knockoff\n>p2 move substitute\n>p1 move knockoff\n>p2 move protect\n>p1 move knockoff\n>p2 move toxic\n>p1 move stealthrock\n>p2 move substitute\n>p1 move alluringvoice\n>p2 move protect\n>p1 move alluringvoice\n>p2 move flamethrower\n>p1 move knockoff\n>p2 move protect\n>p1 move knockoff\n>p2 move flamethrower\n>p1 switch 2\n>p1 move dualwingbeat\n>p2 move toxic\n>p2 switch 3\n>p1 move outrage\n>p2 move foulplay\n>p1 move outrage\n>p2 switch 5\n>p1 switch 6\n>p1 move flipturn\n>p2 move earthquake\n>p1 switch 5\n>p2 switch 5\n>p1 move freezedry\n>p2 move roost terastallize\n>p1 switch 4\n>p2 move defog\n>p1 move swordsdance\n>p2 switch 2\n>p1 switch 3\n>p2 move liquidation\n>p1 move nastyplot\n>p2 move knockoff\n>p1 move dracometeor\n>p2 move aquajet\n>p2 switch 6\n>p1 move dracometeor\n>p2 move dracometeor\n>p1 switch 3\n>p1 move swordsdance\n>p2 switch 4\n>p1 move closecombat terastallize\n>p2 move shellsmash\n>p2 switch 4\n>p1 switch 4\n>p2 move closecombat\n>p1 move bravebird\n>p2 move closecombat\n>p1 switch 5\n>p1 move wavecrash\n>p2 move closecombat\n>p2 switch 2\n>p1 move wavecrash\n>p2 move roost\n>p1 switch 4\n>p1 move closecombat\n>p2 move foulplay", "uploadtime": 1715095470, "views": 242, "formatid": "gen9randombattle", "rating": 2370, "private": 0, "password": null}