{"id": "gen9randombattle-2260734532", "format": "[Gen 9] Random Battle", "players": ["frank0420", "sodpnw"], "log": "|j|\u2606frank0420\n|j|\u2606sodpnw\n|t:|1733884571\n|gametype|singles\n|player|p1|frank0420|102|1537\n|player|p2|sodpnw|1|1500\n|teamsize|p1|6\n|teamsize|p2|6\n|gen|9\n|tier|[Gen 9] Random Battle\n|rated|\n|rule|Species Clause: Limit one of each Pok\u00e9mon\n|rule|HP Percentage Mod: HP is shown in percentages\n|rule|Sleep Clause Mod: Limit one foe put to sleep\n|rule|Illusion Level Mod: Illusion disguises the Pok\u00e9mon's true level\n|\n|t:|1733884571\n|start\n|switch|p1a: Cetitan|Cetitan, L82, M|412/412\n|switch|p2a: Lumineon|Lumineon, L93, F|279/279\n|turn|1\n|inactive|Battle timer is ON: inactive players will automatically lose when time's up. (requested by frank0420)\n|\n|t:|1733884582\n|switch|p1a: Whimsicott|Whimsicott, L85, F|241/241\n|move|p2a: Lumineon|Alluring Voice|p1a: Whimsicott\n|-damage|p1a: Whimsicott|158/241\n|-damage|p2a: Lumineon|252/279|[from] item: Life Orb\n|\n|-heal|p1a: Whimsicott|173/241|[from] item: Leftovers\n|upkeep\n|turn|2\n|\n|t:|1733884598\n|switch|p2a: Rotom|Rotom-Wash, L82|216/216\n|move|p1a: Whimsicott|Leech Seed|p2a: Rotom|[miss]\n|-miss|p1a: Whimsicott|p2a: Rotom\n|\n|-heal|p1a: Whimsicott|188/241|[from] item: Leftovers\n|upkeep\n|turn|3\n|\n|t:|1733884620\n|move|p1a: Whimsicott|Substitute|p1a: Whimsicott\n|-start|p1a: Whimsicott|Substitute\n|-damage|p1a: Whimsicott|128/241\n|move|p2a: Rotom|Nasty Plot|p2a: Rotom\n|-boost|p2a: Rotom|spa|2\n|\n|-heal|p1a: Whimsicott|143/241|[from] item: Leftovers\n|upkeep\n|turn|4\n|\n|t:|1733884639\n|move|p1a: Whimsicott|Encore|p2a: Rotom\n|-start|p2a: Rotom|Encore\n|move|p2a: Rotom|Nasty Plot|p2a: Rotom\n|-boost|p2a: Rotom|spa|2\n|\n|-heal|p1a: Whimsicott|158/241|[from] item: Leftovers\n|upkeep\n|turn|5\n|inactive|sodpnw has 120 seconds left.\n|inactive|sodpnw has 90 seconds left.\n|\n|t:|1733884702\n|switch|p2a: Scizor|Scizor, L79, M|240/240\n|move|p1a: Whimsicott|Leech Seed|p2a: Scizor\n|-start|p2a: Scizor|move: Leech Seed\n|\n|-heal|p1a: Whimsicott|173/241|[from] item: Leftovers\n|-damage|p2a: Scizor|210/240|[from] Leech Seed|[of] p1a: Whimsicott\n|-heal|p1a: Whimsicott|203/241|[silent]\n|upkeep\n|turn|6\n|\n|t:|1733884715\n|move|p1a: Whimsicott|Substitute|p1a: Whimsicott\n|-fail|p1a: Whimsicott|move: Substitute\n|move|p2a: Scizor|U-turn|p1a: Whimsicott\n|-end|p1a: Whimsicott|Substitute\n|\n|t:|1733884723\n|switch|p2a: Ceruledge|Ceruledge, L78, F|245/245|[from] U-turn\n|\n|-heal|p1a: Whimsicott|218/241|[from] item: Leftovers\n|upkeep\n|turn|7\n|\n|t:|1733884734\n|move|p1a: Whimsicott|Substitute|p1a: Whimsicott\n|-start|p1a: Whimsicott|Substitute\n|-damage|p1a: Whimsicott|158/241\n|move|p2a: Ceruledge|Bitter Blade|p1a: Whimsicott\n|-supereffective|p1a: Whimsicott\n|-end|p1a: Whimsicott|Substitute\n|\n|-heal|p1a: Whimsicott|173/241|[from] item: Leftovers\n|upkeep\n|turn|8\n|\n|t:|1733884741\n|switch|p1a: Lumineon|Lumineon, L93, F|279/279\n|move|p2a: Ceruledge|Bitter Blade|p1a: Lumineon\n|-resisted|p1a: Lumineon\n|-damage|p1a: Lumineon|230/279\n|\n|upkeep\n|turn|9\n|\n|t:|1733884747\n|switch|p2a: Lumineon|Lumineon, L93, F|252/279\n|move|p1a: Lumineon|Alluring Voice|p2a: Lumineon\n|-damage|p2a: Lumineon|190/279\n|-damage|p1a: Lumineon|203/279|[from] item: Life Orb\n|\n|upkeep\n|turn|10\n|\n|t:|1733884755\n|move|p2a: Lumineon|Encore|p1a: Lumineon\n|-start|p1a: Lumineon|Encore\n|move|p1a: Lumineon|Alluring Voice|p2a: Lumineon\n|-damage|p2a: Lumineon|122/279\n|-damage|p1a: Lumineon|176/279|[from] item: Life Orb\n|\n|upkeep\n|turn|11\n|inactive|sodpnw has 120 seconds left.\n|\n|t:|1733884760\n|switch|p1a: Whimsicott|Whimsicott, L85, F|173/241\n|switch|p2a: Scizor|Scizor, L79, M|210/240\n|\n|-heal|p1a: Whimsicott|188/241|[from] item: Leftovers\n|upkeep\n|turn|12\n|\n|t:|1733884769\n|switch|p1a: Hippowdon|Hippowdon, L82, M|311/311\n|-weather|Sandstorm|[from] ability: Sand Stream|[of] p1a: Hippowdon\n|move|p2a: Scizor|U-turn|p1a: Hippowdon\n|-damage|p1a: Hippowdon|206/311\n|\n|t:|1733884774\n|switch|p2a: Rotom|Rotom-Wash, L82|216/216|[from] U-turn\n|\n|-weather|Sandstorm|[upkeep]\n|-damage|p2a: Rotom|203/216|[from] Sandstorm\n|-heal|p2a: Rotom|216/216|[from] item: Leftovers\n|-heal|p1a: Hippowdon|225/311|[from] item: Leftovers\n|upkeep\n|turn|13\n|\n|t:|1733884779\n|switch|p2a: Scizor|Scizor, L79, M|210/240\n|switch|p1a: Whimsicott|Whimsicott, L85, F|188/241\n|\n|-weather|Sandstorm|[upkeep]\n|-damage|p1a: Whimsicott|173/241|[from] Sandstorm\n|-heal|p1a: Whimsicott|188/241|[from] item: Leftovers\n|upkeep\n|turn|14\n|\n|t:|1733884784\n|switch|p1a: Hippowdon|Hippowdon, L82, M|225/311\n|move|p2a: Scizor|U-turn|p1a: Hippowdon\n|-damage|p1a: Hippowdon|125/311\n|\n|t:|1733884789\n|switch|p2a: Rotom|Rotom-Wash, L82|216/216|[from] U-turn\n|\n|-weather|Sandstorm|[upkeep]\n|-damage|p2a: Rotom|203/216|[from] Sandstorm\n|-heal|p2a: Rotom|216/216|[from] item: Leftovers\n|-heal|p1a: Hippowdon|144/311|[from] item: Leftovers\n|upkeep\n|turn|15\n|\n|t:|1733884792\n|move|p2a: Rotom|Hydro Pump|p1a: Hippowdon\n|-supereffective|p1a: Hippowdon\n|-damage|p1a: Hippowdon|0 fnt\n|faint|p1a: Hippowdon\n|\n|-weather|Sandstorm|[upkeep]\n|-damage|p2a: Rotom|203/216|[from] Sandstorm\n|-heal|p2a: Rotom|216/216|[from] item: Leftovers\n|upkeep\n|\n|t:|1733884794\n|switch|p1a: Whimsicott|Whimsicott, L85, F|188/241\n|turn|16\n|\n|t:|1733884798\n|switch|p2a: Scizor|Scizor, L79, M|210/240\n|move|p1a: Whimsicott|Substitute|p1a: Whimsicott\n|-start|p1a: Whimsicott|Substitute\n|-damage|p1a: Whimsicott|128/241\n|\n|-weather|none\n|-heal|p1a: Whimsicott|143/241|[from] item: Leftovers\n|upkeep\n|turn|17\n|\n|t:|1733884807\n|move|p2a: Scizor|Bullet Punch|p1a: Whimsicott\n|-supereffective|p1a: Whimsicott\n|-end|p1a: Whimsicott|Substitute\n|move|p1a: Whimsicott|Moonblast|p2a: Scizor\n|-resisted|p2a: Scizor\n|-damage|p2a: Scizor|156/240\n|-unboost|p2a: Scizor|spa|1\n|\n|-heal|p1a: Whimsicott|158/241|[from] item: Leftovers\n|upkeep\n|turn|18\n|\n|t:|1733884813\n|switch|p1a: Lumineon|Lumineon, L93, F|176/279\n|move|p2a: Scizor|Bullet Punch|p1a: Lumineon\n|-resisted|p1a: Lumineon\n|-damage|p1a: Lumineon|127/279\n|\n|upkeep\n|turn|19\n|\n|t:|1733884823\n|switch|p2a: Rotom|Rotom-Wash, L82|216/216\n|move|p1a: Lumineon|Hydro Pump|p2a: Rotom|[miss]\n|-miss|p1a: Lumineon|p2a: Rotom\n|\n|upkeep\n|turn|20\n|\n|t:|1733884829\n|move|p1a: Lumineon|Alluring Voice|p2a: Rotom\n|-damage|p2a: Rotom|154/216\n|-damage|p1a: Lumineon|100/279|[from] item: Life Orb\n|move|p2a: Rotom|Thunderbolt|p1a: Lumineon\n|-supereffective|p1a: Lumineon\n|-damage|p1a: Lumineon|0 fnt\n|faint|p1a: Lumineon\n|\n|-heal|p2a: Rotom|167/216|[from] item: Leftovers\n|upkeep\n|\n|t:|1733884832\n|switch|p1a: Whimsicott|Whimsicott, L85, F|158/241\n|turn|21\n|\n|t:|1733884836\n|switch|p2a: Scizor|Scizor, L79, M|156/240\n|move|p1a: Whimsicott|Substitute|p1a: Whimsicott\n|-start|p1a: Whimsicott|Substitute\n|-damage|p1a: Whimsicott|98/241\n|\n|-heal|p1a: Whimsicott|113/241|[from] item: Leftovers\n|upkeep\n|turn|22\n|\n|t:|1733884841\n|move|p1a: Whimsicott|Leech Seed|p2a: Scizor\n|-start|p2a: Scizor|move: Leech Seed\n|move|p2a: Scizor|U-turn|p1a: Whimsicott\n|-end|p1a: Whimsicott|Substitute\n|\n|t:|1733884846\n|switch|p2a: Ceruledge|Ceruledge, L78, F|245/245|[from] U-turn\n|\n|-heal|p1a: Whimsicott|128/241|[from] item: Leftovers\n|upkeep\n|turn|23\n|\n|t:|1733884851\n|switch|p1a: Kingdra|Kingdra, L84, M|263/263\n|move|p2a: Ceruledge|Bitter Blade|p1a: Kingdra\n|-resisted|p1a: Kingdra\n|-damage|p1a: Kingdra|241/263\n|\n|upkeep\n|turn|24\n|\n|t:|1733884860\n|switch|p2a: Lumineon|Lumineon, L93, F|122/279\n|move|p1a: Kingdra|Rain Dance|p1a: Kingdra\n|-weather|RainDance\n|\n|-weather|RainDance|[upkeep]\n|upkeep\n|turn|25\n|\n|t:|1733884872\n|move|p1a: Kingdra|Hurricane|p2a: Lumineon\n|-damage|p2a: Lumineon|27/279\n|-start|p2a: Lumineon|confusion\n|-damage|p1a: Kingdra|215/263|[from] item: Life Orb\n|-activate|p2a: Lumineon|confusion\n|move|p2a: Lumineon|Encore|p1a: Kingdra\n|-start|p1a: Kingdra|Encore\n|\n|-weather|RainDance|[upkeep]\n|upkeep\n|turn|26\n|\n|t:|1733884880\n|switch|p2a: Rotom|Rotom-Wash, L82|167/216\n|move|p1a: Kingdra|Hurricane|p2a: Rotom\n|-resisted|p2a: Rotom\n|-damage|p2a: Rotom|122/216\n|-damage|p1a: Kingdra|189/263|[from] item: Life Orb\n|\n|-weather|RainDance|[upkeep]\n|-heal|p2a: Rotom|135/216|[from] item: Leftovers\n|upkeep\n|turn|27\n|\n|t:|1733884886\n|switch|p1a: Whimsicott|Whimsicott, L85, F|128/241\n|move|p2a: Rotom|Pain Split|p1a: Whimsicott\n|-sethp|p1a: Whimsicott|131/241|[from] move: Pain Split|[silent]\n|-sethp|p2a: Rotom|131/216|[from] move: Pain Split\n|\n|-weather|RainDance|[upkeep]\n|-heal|p1a: Whimsicott|146/241|[from] item: Leftovers\n|-heal|p2a: Rotom|144/216|[from] item: Leftovers\n|upkeep\n|turn|28\n|\n|t:|1733884892\n|switch|p2a: Scizor|Scizor, L79, M|156/240\n|move|p1a: Whimsicott|Substitute|p1a: Whimsicott\n|-start|p1a: Whimsicott|Substitute\n|-damage|p1a: Whimsicott|86/241\n|\n|-weather|none\n|-heal|p1a: Whimsicott|101/241|[from] item: Leftovers\n|upkeep\n|turn|29\n|\n|t:|1733884898\n|move|p1a: Whimsicott|Moonblast|p2a: Scizor\n|-resisted|p2a: Scizor\n|-damage|p2a: Scizor|104/240\n|move|p2a: Scizor|U-turn|p1a: Whimsicott\n|-end|p1a: Whimsicott|Substitute\n|\n|t:|1733884903\n|switch|p2a: Ceruledge|Ceruledge, L78, F|245/245|[from] U-turn\n|\n|-heal|p1a: Whimsicott|116/241|[from] item: Leftovers\n|upkeep\n|turn|30\n|\n|t:|1733884906\n|switch|p1a: Kingdra|Kingdra, L84, M|189/263\n|move|p2a: Ceruledge|Poltergeist|p1a: Kingdra\n|-activate|p1a: Kingdra|move: Poltergeist|Life Orb\n|-damage|p1a: Kingdra|66/263\n|\n|upkeep\n|turn|31\n|\n|t:|1733884913\n|switch|p1a: Regigigas|Regigigas, L84|322/322\n|-start|p1a: Regigigas|ability: Slow Start\n|switch|p2a: Rotom|Rotom-Wash, L82|144/216\n|\n|-heal|p2a: Rotom|157/216|[from] item: Leftovers\n|upkeep\n|turn|32\n|\n|t:|1733884926\n|switch|p2a: Lumineon|Lumineon, L93, F|27/279\n|move|p1a: Regigigas|Substitute|p1a: Regigigas\n|-start|p1a: Regigigas|Substitute\n|-damage|p1a: Regigigas|242/322\n|\n|-heal|p1a: Regigigas|262/322|[from] item: Leftovers\n|upkeep\n|turn|33\n|\n|t:|1733884931\n|move|p1a: Regigigas|Protect|p1a: Regigigas\n|-singleturn|p1a: Regigigas|Protect\n|move|p2a: Lumineon|Encore|p1a: Regigigas\n|-activate|p1a: Regigigas|move: Protect\n|\n|-heal|p1a: Regigigas|282/322|[from] item: Leftovers\n|upkeep\n|turn|34\n|\n|t:|1733884939\n|move|p2a: Lumineon|Encore|p1a: Regigigas\n|-start|p1a: Regigigas|Encore\n|move|p1a: Regigigas|Protect||[still]\n|-fail|p1a: Regigigas\n|\n|-heal|p1a: Regigigas|302/322|[from] item: Leftovers\n|upkeep\n|turn|35\n|\n|t:|1733884949\n|move|p1a: Regigigas|Protect|p1a: Regigigas\n|-singleturn|p1a: Regigigas|Protect\n|move|p2a: Lumineon|Ice Beam|p1a: Regigigas\n|-activate|p1a: Regigigas|move: Protect\n|\n|-heal|p1a: Regigigas|322/322|[from] item: Leftovers\n|upkeep\n|turn|36\n|\n|t:|1733884954\n|move|p1a: Regigigas|Protect||[still]\n|-fail|p1a: Regigigas\n|move|p2a: Lumineon|Ice Beam|p1a: Regigigas\n|-activate|p1a: Regigigas|move: Substitute|[damage]\n|-damage|p2a: Lumineon|0 fnt|[from] item: Life Orb\n|faint|p2a: Lumineon\n|\n|-end|p1a: Regigigas|Encore\n|-end|p1a: Regigigas|Slow Start\n|upkeep\n|\n|t:|1733884973\n|switch|p2a: Ceruledge|Ceruledge, L78, F|245/245\n|turn|37\n|\n|t:|1733884982\n|-terastallize|p2a: Ceruledge|Fighting\n|move|p1a: Regigigas|Knock Off|p2a: Ceruledge\n|-resisted|p2a: Ceruledge\n|-damage|p2a: Ceruledge|186/245\n|-ability|p2a: Ceruledge|Weak Armor|boost\n|-unboost|p2a: Ceruledge|def|1\n|-boost|p2a: Ceruledge|spe|2\n|-enditem|p2a: Ceruledge|Heavy-Duty Boots|[from] move: Knock Off|[of] p1a: Regigigas\n|move|p2a: Ceruledge|Swords Dance|p2a: Ceruledge\n|-boost|p2a: Ceruledge|atk|2\n|\n|upkeep\n|turn|38\n|\n|t:|1733884994\n|move|p1a: Regigigas|Protect|p1a: Regigigas\n|-singleturn|p1a: Regigigas|Protect\n|move|p2a: Ceruledge|Bitter Blade|p1a: Regigigas\n|-activate|p1a: Regigigas|move: Protect\n|\n|upkeep\n|turn|39\n|\n|t:|1733885001\n|move|p2a: Ceruledge|Bitter Blade|p1a: Regigigas\n|-end|p1a: Regigigas|Substitute\n|-heal|p2a: Ceruledge|194/245|[from] drain|[of] p1a: Regigigas\n|move|p1a: Regigigas|Body Slam|p2a: Ceruledge\n|-damage|p2a: Ceruledge|0 fnt\n|faint|p2a: Ceruledge\n|\n|upkeep\n|\n|t:|1733885018\n|switch|p2a: Mew|Mew, L82|298/298\n|turn|40\n|\n|t:|1733885027\n|move|p1a: Regigigas|Substitute|p1a: Regigigas\n|-start|p1a: Regigigas|Substitute\n|-damage|p1a: Regigigas|242/322\n|move|p2a: Mew|Aura Sphere|p1a: Regigigas\n|-supereffective|p1a: Regigigas\n|-end|p1a: Regigigas|Substitute\n|-damage|p2a: Mew|269/298|[from] item: Life Orb\n|\n|-heal|p1a: Regigigas|262/322|[from] item: Leftovers\n|upkeep\n|turn|41\n|\n|t:|1733885034\n|move|p1a: Regigigas|Protect|p1a: Regigigas\n|-singleturn|p1a: Regigigas|Protect\n|move|p2a: Mew|Nasty Plot|p2a: Mew\n|-boost|p2a: Mew|spa|2\n|\n|-heal|p1a: Regigigas|282/322|[from] item: Leftovers\n|upkeep\n|turn|42\n|\n|t:|1733885040\n|move|p1a: Regigigas|Substitute|p1a: Regigigas\n|-start|p1a: Regigigas|Substitute\n|-damage|p1a: Regigigas|202/322\n|move|p2a: Mew|Aura Sphere|p1a: Regigigas\n|-supereffective|p1a: Regigigas\n|-end|p1a: Regigigas|Substitute\n|-damage|p2a: Mew|240/298|[from] item: Life Orb\n|\n|-heal|p1a: Regigigas|222/322|[from] item: Leftovers\n|upkeep\n|turn|43\n|\n|t:|1733885046\n|move|p1a: Regigigas|Substitute|p1a: Regigigas\n|-start|p1a: Regigigas|Substitute\n|-damage|p1a: Regigigas|142/322\n|move|p2a: Mew|Aura Sphere|p1a: Regigigas\n|-supereffective|p1a: Regigigas\n|-end|p1a: Regigigas|Substitute\n|-damage|p2a: Mew|211/298|[from] item: Life Orb\n|\n|-heal|p1a: Regigigas|162/322|[from] item: Leftovers\n|upkeep\n|turn|44\n|\n|t:|1733885051\n|move|p1a: Regigigas|Protect|p1a: Regigigas\n|-singleturn|p1a: Regigigas|Protect\n|move|p2a: Mew|Aura Sphere|p1a: Regigigas\n|-activate|p1a: Regigigas|move: Protect\n|\n|-heal|p1a: Regigigas|182/322|[from] item: Leftovers\n|upkeep\n|turn|45\n|\n|t:|1733885056\n|move|p1a: Regigigas|Substitute|p1a: Regigigas\n|-start|p1a: Regigigas|Substitute\n|-damage|p1a: Regigigas|102/322\n|move|p2a: Mew|Aura Sphere|p1a: Regigigas\n|-supereffective|p1a: Regigigas\n|-end|p1a: Regigigas|Substitute\n|-damage|p2a: Mew|182/298|[from] item: Life Orb\n|\n|-heal|p1a: Regigigas|122/322|[from] item: Leftovers\n|upkeep\n|turn|46\n|\n|t:|1733885063\n|move|p1a: Regigigas|Protect|p1a: Regigigas\n|-singleturn|p1a: Regigigas|Protect\n|move|p2a: Mew|Aura Sphere|p1a: Regigigas\n|-activate|p1a: Regigigas|move: Protect\n|\n|-heal|p1a: Regigigas|142/322|[from] item: Leftovers\n|upkeep\n|turn|47\n|\n|t:|1733885069\n|move|p1a: Regigigas|Substitute|p1a: Regigigas\n|-start|p1a: Regigigas|Substitute\n|-damage|p1a: Regigigas|62/322\n|move|p2a: Mew|Aura Sphere|p1a: Regigigas\n|-supereffective|p1a: Regigigas\n|-end|p1a: Regigigas|Substitute\n|-damage|p2a: Mew|153/298|[from] item: Life Orb\n|\n|-heal|p1a: Regigigas|82/322|[from] item: Leftovers\n|upkeep\n|turn|48\n|\n|t:|1733885076\n|move|p1a: Regigigas|Knock Off|p2a: Mew\n|-supereffective|p2a: Mew\n|-damage|p2a: Mew|0 fnt\n|-enditem|p2a: Mew|Life Orb|[from] move: Knock Off|[of] p1a: Regigigas\n|faint|p2a: Mew\n|\n|-heal|p1a: Regigigas|102/322|[from] item: Leftovers\n|upkeep\n|\n|t:|1733885092\n|switch|p2a: Flygon|Flygon, L82, M|265/265\n|turn|49\n|\n|t:|1733885097\n|move|p2a: Flygon|Earthquake|p1a: Regigigas\n|-damage|p1a: Regigigas|21/322\n|move|p1a: Regigigas|Body Slam|p2a: Flygon\n|-damage|p2a: Flygon|118/265\n|\n|-heal|p1a: Regigigas|41/322|[from] item: Leftovers\n|upkeep\n|turn|50\n|\n|t:|1733885104\n|move|p1a: Regigigas|Protect|p1a: Regigigas\n|-singleturn|p1a: Regigigas|Protect\n|move|p2a: Flygon|Earthquake|p1a: Regigigas\n|-activate|p1a: Regigigas|move: Protect\n|\n|-heal|p1a: Regigigas|61/322|[from] item: Leftovers\n|upkeep\n|turn|51\n|\n|t:|1733885109\n|-end|p1a: Regigigas|Slow Start|[silent]\n|switch|p1a: Whimsicott|Whimsicott, L85, F|116/241\n|move|p2a: Flygon|Earthquake|p1a: Whimsicott\n|-resisted|p1a: Whimsicott\n|-damage|p1a: Whimsicott|66/241\n|\n|-heal|p1a: Whimsicott|81/241|[from] item: Leftovers\n|upkeep\n|turn|52\n|\n|t:|1733885118\n|switch|p2a: Scizor|Scizor, L79, M|104/240\n|move|p1a: Whimsicott|Substitute|p1a: Whimsicott\n|-start|p1a: Whimsicott|Substitute\n|-damage|p1a: Whimsicott|21/241\n|\n|-heal|p1a: Whimsicott|36/241|[from] item: Leftovers\n|upkeep\n|turn|53\n|\n|t:|1733885131\n|move|p1a: Whimsicott|Leech Seed|p2a: Scizor\n|-start|p2a: Scizor|move: Leech Seed\n|move|p2a: Scizor|U-turn|p1a: Whimsicott\n|-end|p1a: Whimsicott|Substitute\n|\n|t:|1733885135\n|switch|p2a: Flygon|Flygon, L82, M|118/265|[from] U-turn\n|\n|-heal|p1a: Whimsicott|51/241|[from] item: Leftovers\n|upkeep\n|turn|54\n|\n|t:|1733885143\n|switch|p1a: Cetitan|Cetitan, L82, M|412/412\n|move|p2a: Flygon|U-turn|p1a: Cetitan\n|-damage|p1a: Cetitan|356/412\n|\n|t:|1733885146\n|switch|p2a: Scizor|Scizor, L79, M|104/240|[from] U-turn\n|\n|upkeep\n|turn|55\n|\n|t:|1733885153\n|move|p2a: Scizor|Bullet Punch|p1a: Cetitan\n|-supereffective|p1a: Cetitan\n|-damage|p1a: Cetitan|98/412\n|-enditem|p1a: Cetitan|Sitrus Berry|[eat]\n|-heal|p1a: Cetitan|201/412|[from] item: Sitrus Berry\n|move|p1a: Cetitan|Earthquake|p2a: Scizor\n|-damage|p2a: Scizor|33/240\n|\n|upkeep\n|turn|56\n|\n|t:|1733885163\n|switch|p2a: Rotom|Rotom-Wash, L82|157/216\n|move|p1a: Cetitan|Ice Shard|p2a: Rotom\n|-resisted|p2a: Rotom\n|-damage|p2a: Rotom|138/216\n|\n|-heal|p2a: Rotom|151/216|[from] item: Leftovers\n|upkeep\n|turn|57\n|\n|t:|1733885171\n|move|p2a: Rotom|Nasty Plot|p2a: Rotom\n|-boost|p2a: Rotom|spa|2\n|move|p1a: Cetitan|Ice Spinner|p2a: Rotom\n|-resisted|p2a: Rotom\n|-crit|p2a: Rotom\n|-damage|p2a: Rotom|92/216\n|\n|-heal|p2a: Rotom|105/216|[from] item: Leftovers\n|upkeep\n|turn|58\n|\n|t:|1733885181\n|move|p2a: Rotom|Thunderbolt|p1a: Cetitan\n|-damage|p1a: Cetitan|0 fnt\n|faint|p1a: Cetitan\n|\n|-heal|p2a: Rotom|118/216|[from] item: Leftovers\n|upkeep\n|\n|t:|1733885189\n|switch|p1a: Whimsicott|Whimsicott, L85, F|51/241\n|turn|59\n|\n|t:|1733885198\n|move|p1a: Whimsicott|Leech Seed|p2a: Rotom\n|-start|p2a: Rotom|move: Leech Seed\n|move|p2a: Rotom|Hydro Pump|p1a: Whimsicott\n|-resisted|p1a: Whimsicott\n|-damage|p1a: Whimsicott|0 fnt\n|faint|p1a: Whimsicott\n|\n|-heal|p2a: Rotom|131/216|[from] item: Leftovers\n|upkeep\n|\n|t:|1733885204\n|switch|p1a: Regigigas|Regigigas, L84|61/322\n|-start|p1a: Regigigas|ability: Slow Start\n|turn|60\n|c|\u2606sodpnw|gg wp\n|\n|t:|1733885207\n|move|p1a: Regigigas|Protect|p1a: Regigigas\n|-singleturn|p1a: Regigigas|Protect\n|move|p2a: Rotom|Thunderbolt|p1a: Regigigas\n|-activate|p1a: Regigigas|move: Protect\n|\n|-heal|p2a: Rotom|144/216|[from] item: Leftovers\n|-heal|p1a: Regigigas|81/322|[from] item: Leftovers\n|-damage|p2a: Rotom|117/216|[from] Leech Seed|[of] p1a: Regigigas\n|-heal|p1a: Regigigas|108/322|[silent]\n|upkeep\n|turn|61\n|\n|t:|1733885217\n|move|p2a: Rotom|Thunderbolt|p1a: Regigigas\n|-damage|p1a: Regigigas|0 fnt\n|faint|p1a: Regigigas\n|-end|p1a: Regigigas|Slow Start|[silent]\n|\n|-heal|p2a: Rotom|130/216|[from] item: Leftovers\n|upkeep\n|\n|t:|1733885220\n|switch|p1a: Kingdra|Kingdra, L84, M|66/263\n|turn|62\n|\n|t:|1733885224\n|move|p1a: Kingdra|Rain Dance|p1a: Kingdra\n|-weather|RainDance\n|move|p2a: Rotom|Thunderbolt|p1a: Kingdra\n|-damage|p1a: Kingdra|0 fnt\n|faint|p1a: Kingdra\n|\n|win|sodpnw\n|raw|frank0420's rating: 1537 &rarr; <strong>1515</strong><br />(-22 for losing)\n|raw|sodpnw's rating: 1500 &rarr; <strong>1522</strong><br />(+22 for winning)\n|c|\u2606frank0420|gg\n", "inputlog": ">version bfd83cad13791eb5a5a409923076391caf6fb4d4\n>start {\"formatid\":\"gen9randombattle\",\"seed\":[1329,19289,48858,5856],\"rated\":\"Rated battle\"}\n>player p1 {\"name\":\"frank0420\",\"avatar\":\"102\",\"rating\":1537,\"seed\":[22522,49801,39135,61648]}\n>player p2 {\"name\":\"sodpnw\",\"avatar\":\"1\",\"rating\":1500,\"seed\":[60892,20948,56345,63584]}\n>p1 switch 5\n>p2 move alluringvoice\n>p1 move leechseed\n>p2 switch 4\n>p1 move substitute\n>p2 move nastyplot\n>p1 move encore\n>p2 move thunderbolt\n>p1 move leechseed\n>p2 switch 3\n>p1 move substitute\n>p2 move uturn\n>p2 switch 2\n>p1 move substitute\n>p2 move bitterblade\n>p1 switch 2\n>p2 move bitterblade\n>p1 move alluringvoice\n>p2 switch 4\n>p1 move alluringvoice\n>p2 move encore\n>p1 switch 2\n>p2 switch 2\n>p1 switch 6\n>p2 move uturn\n>p2 switch 3\n>p1 switch 6\n>p2 switch 3\n>p1 switch 6\n>p2 move uturn\n>p2 switch 3\n>p1 move slackoff\n>p2 move hydropump\n>p1 switch 6\n>p1 move substitute\n>p2 switch 3\n>p1 move moonblast\n>p2 move bulletpunch\n>p1 switch 2\n>p2 move bulletpunch\n>p1 move hydropump\n>p2 switch 3\n>p1 move alluringvoice\n>p2 move thunderbolt\n>p1 switch 2\n>p1 move substitute\n>p2 switch 3\n>p1 move leechseed\n>p2 move uturn\n>p2 switch 4\n>p1 switch 4\n>p2 move bitterblade\n>p1 move raindance\n>p2 switch 2\n>p1 move hurricane\n>p2 move encore\n>p1 move hurricane\n>p2 switch 3\n>p1 switch 4\n>p2 move painsplit\n>p1 move substitute\n>p2 switch 4\n>p1 move moonblast\n>p2 move uturn\n>p2 switch 2\n>p1 switch 4\n>p2 move poltergeist\n>p1 switch 3\n>p2 switch 4\n>p1 move substitute\n>p2 switch 3\n>p1 move protect\n>p2 move encore\n>p1 move knockoff\n>p2 move encore\n>p1 move protect\n>p2 move icebeam\n>p1 move protect\n>p2 move icebeam\n>p2 switch 4\n>p1 move knockoff\n>p2 move swordsdance terastallize\n>p1 move protect\n>p2 move bitterblade\n>p1 move bodyslam\n>p2 move bitterblade\n>p2 switch 6\n>p1 move substitute\n>p2 move aurasphere\n>p1 move protect\n>p2 move nastyplot\n>p1 move substitute\n>p2 move aurasphere\n>p1 move substitute\n>p2 move aurasphere\n>p1 move protect\n>p2 move aurasphere\n>p1 move substitute\n>p2 move aurasphere\n>p1 move protect\n>p2 move aurasphere\n>p1 move substitute\n>p2 move aurasphere\n>p1 move knockoff\n>p2 move aurasphere\n>p2 switch 5\n>p1 move bodyslam\n>p2 move earthquake\n>p1 move protect\n>p2 move earthquake\n>p1 switch 4\n>p2 move earthquake\n>p1 move substitute\n>p2 switch 2\n>p1 move leechseed\n>p2 move uturn\n>p2 switch 2\n>p1 switch 5\n>p2 move uturn\n>p2 switch 2\n>p1 move earthquake\n>p2 move bulletpunch\n>p1 move iceshard\n>p2 switch 3\n>p1 move icespinner\n>p2 move nastyplot\n>p1 move icespinner\n>p2 move thunderbolt\n>p1 switch 5\n>p1 move leechseed\n>p2 move hydropump\n>p1 switch 4\n>chat \u2606sodpnw|gg wp\n>p1 move protect\n>p2 move thunderbolt\n>p1 move knockoff\n>p2 move thunderbolt\n>p1 switch 3\n>p1 move raindance\n>p2 move thunderbolt", "uploadtime": 1733885227, "views": 5, "formatid": "gen9randombattle", "rating": 1515, "private": 0, "password": null}