{"id": "gen9randombattle-2260272423", "format": "[Gen 9] Random Battle", "players": ["tuiror", "Rotshrine"], "log": "|j|\u203dtuiror\n|j|\u2606Rotshrine\n|t:|1733833270\n|gametype|singles\n|player|p1|tuiror|266|1108\n|player|p2|Rotshrine|guitarist|1122\n|teamsize|p1|6\n|teamsize|p2|6\n|gen|9\n|tier|[Gen 9] Random Battle\n|rated|\n|rule|Species Clause: Limit one of each Pok\u00e9mon\n|rule|HP Percentage Mod: HP is shown in percentages\n|rule|Sleep Clause Mod: Limit one foe put to sleep\n|rule|Illusion Level Mod: Illusion disguises the Pok\u00e9mon's true level\n|\n|t:|1733833270\n|start\n|switch|p1a: Wo-Chien|Wo-Chien, L83|277/277\n|switch|p2a: Skarmory|Skarmory, L80, F|235/235\n|-ability|p1a: Wo-Chien|Tablets of Ruin\n|turn|1\n|\n|t:|1733833294\n|move|p1a: Wo-Chien|Leech Seed|p2a: Skarmory\n|-start|p2a: Skarmory|move: Leech Seed\n|move|p2a: Skarmory|Spikes|p1a: Wo-Chien\n|-sidestart|p1: tuiror|Spikes\n|\n|-damage|p2a: Skarmory|206/235|[from] Leech Seed|[of] p1a: Wo-Chien\n|upkeep\n|turn|2\n|\n|t:|1733833319\n|move|p1a: Wo-Chien|Knock Off|p2a: Skarmory\n|-damage|p2a: Skarmory|140/235\n|-damage|p1a: Wo-Chien|231/277|[from] item: Rocky Helmet|[of] p2a: Skarmory\n|-enditem|p2a: Skarmory|Rocky Helmet|[from] move: Knock Off|[of] p1a: Wo-Chien\n|move|p2a: Skarmory|Brave Bird|p1a: Wo-Chien\n|-supereffective|p1a: Wo-Chien\n|-damage|p1a: Wo-Chien|85/277\n|-damage|p2a: Skarmory|92/235|[from] Recoil\n|\n|-heal|p1a: Wo-Chien|102/277|[from] item: Leftovers\n|-damage|p2a: Skarmory|63/235|[from] Leech Seed|[of] p1a: Wo-Chien\n|-heal|p1a: Wo-Chien|131/277|[silent]\n|upkeep\n|turn|3\n|\n|t:|1733833334\n|move|p1a: Wo-Chien|Protect|p1a: Wo-Chien\n|-singleturn|p1a: Wo-Chien|Protect\n|move|p2a: Skarmory|Brave Bird|p1a: Wo-Chien\n|-activate|p1a: Wo-Chien|move: Protect\n|\n|-heal|p1a: Wo-Chien|148/277|[from] item: Leftovers\n|-damage|p2a: Skarmory|34/235|[from] Leech Seed|[of] p1a: Wo-Chien\n|-heal|p1a: Wo-Chien|177/277|[silent]\n|upkeep\n|turn|4\n|\n|t:|1733833344\n|move|p1a: Wo-Chien|Giga Drain|p2a: Skarmory\n|-resisted|p2a: Skarmory\n|-damage|p2a: Skarmory|10/235\n|-heal|p1a: Wo-Chien|189/277|[from] drain|[of] p2a: Skarmory\n|move|p2a: Skarmory|Brave Bird|p1a: Wo-Chien\n|-supereffective|p1a: Wo-Chien\n|-damage|p1a: Wo-Chien|55/277\n|-damage|p2a: Skarmory|0 fnt|[from] Recoil\n|faint|p2a: Skarmory\n|\n|-heal|p1a: Wo-Chien|72/277|[from] item: Leftovers\n|upkeep\n|\n|t:|1733833360\n|switch|p2a: Iron Crown|Iron Crown, L78|268/268\n|turn|5\n|\n|t:|1733833374\n|move|p2a: Iron Crown|Tachyon Cutter|p1a: Wo-Chien\n|-damage|p1a: Wo-Chien|17/277\n|-damage|p1a: Wo-Chien|0 fnt\n|faint|p1a: Wo-Chien\n|-hitcount|p1: Wo-Chien|2\n|\n|upkeep\n|\n|t:|1733833379\n|switch|p1a: Scrafty|Scrafty, L84, F|246/246\n|-damage|p1a: Scrafty|216/246|[from] Spikes\n|turn|6\n|\n|t:|1733833385\n|move|p2a: Iron Crown|Tachyon Cutter|p1a: Scrafty\n|-damage|p1a: Scrafty|147/246\n|-damage|p1a: Scrafty|75/246\n|-hitcount|p1a: Scrafty|2\n|move|p1a: Scrafty|Knock Off|p2a: Iron Crown\n|-supereffective|p2a: Iron Crown\n|-damage|p2a: Iron Crown|82/268\n|-enditem|p2a: Iron Crown|Choice Specs|[from] move: Knock Off|[of] p1a: Scrafty\n|\n|-heal|p1a: Scrafty|90/246|[from] item: Leftovers\n|upkeep\n|turn|7\n|\n|t:|1733833396\n|move|p2a: Iron Crown|Tachyon Cutter|p1a: Scrafty\n|-damage|p1a: Scrafty|48/246\n|-damage|p1a: Scrafty|3/246\n|-hitcount|p1a: Scrafty|2\n|move|p1a: Scrafty|Drain Punch|p2a: Iron Crown\n|-damage|p2a: Iron Crown|13/268\n|-heal|p1a: Scrafty|38/246|[from] drain|[of] p2a: Iron Crown\n|\n|-heal|p1a: Scrafty|53/246|[from] item: Leftovers\n|upkeep\n|turn|8\n|\n|t:|1733833422\n|move|p2a: Iron Crown|Psyshock|p1a: Scrafty\n|-immune|p1a: Scrafty\n|move|p1a: Scrafty|Drain Punch|p2a: Iron Crown\n|-damage|p2a: Iron Crown|0 fnt\n|-heal|p1a: Scrafty|60/246|[from] drain|[of] p2a: Iron Crown\n|faint|p2a: Iron Crown\n|-end|p2a: Iron Crown|Quark Drive|[silent]\n|\n|-heal|p1a: Scrafty|75/246|[from] item: Leftovers\n|upkeep\n|\n|t:|1733833432\n|switch|p2a: Komala|Komala, L89, F|260/260\n|-ability|p2a: Komala|Comatose\n|turn|9\n|\n|t:|1733833443\n|move|p2a: Komala|Knock Off|p1a: Scrafty\n|-resisted|p1a: Scrafty\n|-damage|p1a: Scrafty|47/246\n|-enditem|p1a: Scrafty|Leftovers|[from] move: Knock Off|[of] p2a: Komala\n|move|p1a: Scrafty|Drain Punch|p2a: Komala\n|-supereffective|p2a: Komala\n|-damage|p2a: Komala|68/260\n|-heal|p1a: Scrafty|143/246|[from] drain|[of] p2a: Komala\n|\n|upkeep\n|turn|10\n|\n|t:|1733833455\n|switch|p2a: Snorlax|Snorlax, L82, F|397/397\n|move|p1a: Scrafty|Drain Punch|p2a: Snorlax\n|-supereffective|p2a: Snorlax\n|-damage|p2a: Snorlax|199/397\n|-heal|p1a: Scrafty|242/246|[from] drain|[of] p2a: Snorlax\n|\n|-heal|p2a: Snorlax|223/397|[from] item: Leftovers\n|upkeep\n|turn|11\n|\n|t:|1733833478\n|-terastallize|p2a: Snorlax|Fairy\n|move|p1a: Scrafty|Bulk Up|p1a: Scrafty\n|-boost|p1a: Scrafty|atk|1\n|-boost|p1a: Scrafty|def|1\n|move|p2a: Snorlax|Rest|p2a: Snorlax\n|-status|p2a: Snorlax|slp|[from] move: Rest\n|-heal|p2a: Snorlax|397/397 slp|[silent]\n|\n|upkeep\n|turn|12\n|\n|t:|1733833489\n|move|p1a: Scrafty|Bulk Up|p1a: Scrafty\n|-boost|p1a: Scrafty|atk|1\n|-boost|p1a: Scrafty|def|1\n|cant|p2a: Snorlax|slp\n|move|p2a: Snorlax|Sleep Talk|p2a: Snorlax\n|move|p2a: Snorlax|Body Slam|p1a: Scrafty|[from]move: Sleep Talk\n|-crit|p1a: Scrafty\n|-damage|p1a: Scrafty|133/246\n|-status|p1a: Scrafty|par\n|\n|upkeep\n|turn|13\n|\n|t:|1733833501\n|cant|p2a: Snorlax|slp\n|move|p2a: Snorlax|Sleep Talk|p2a: Snorlax\n|move|p2a: Snorlax|Body Slam|p1a: Scrafty|[from]move: Sleep Talk\n|-damage|p1a: Scrafty|97/246 par\n|move|p1a: Scrafty|Knock Off|p2a: Snorlax\n|-resisted|p2a: Snorlax\n|-damage|p2a: Snorlax|271/397 slp\n|-enditem|p2a: Snorlax|Leftovers|[from] move: Knock Off|[of] p1a: Scrafty\n|\n|upkeep\n|turn|14\n|\n|t:|1733833518\n|-curestatus|p2a: Snorlax|slp|[msg]\n|move|p2a: Snorlax|Sleep Talk||[still]\n|-fail|p2a: Snorlax\n|move|p1a: Scrafty|Rest|p1a: Scrafty\n|-status|p1a: Scrafty|slp|[from] move: Rest\n|-heal|p1a: Scrafty|246/246 slp|[silent]\n|\n|upkeep\n|turn|15\n|\n|t:|1733833528\n|cant|p1a: Scrafty|slp\n|move|p2a: Snorlax|Curse|p2a: Snorlax\n|-unboost|p2a: Snorlax|spe|1\n|-boost|p2a: Snorlax|atk|1\n|-boost|p2a: Snorlax|def|1\n|\n|upkeep\n|turn|16\n|\n|t:|1733833540\n|cant|p1a: Scrafty|slp\n|move|p2a: Snorlax|Curse|p2a: Snorlax\n|-unboost|p2a: Snorlax|spe|1\n|-boost|p2a: Snorlax|atk|1\n|-boost|p2a: Snorlax|def|1\n|\n|upkeep\n|turn|17\n|\n|t:|1733833548\n|-curestatus|p1a: Scrafty|slp|[msg]\n|move|p1a: Scrafty|Bulk Up|p1a: Scrafty\n|-boost|p1a: Scrafty|atk|1\n|-boost|p1a: Scrafty|def|1\n|move|p2a: Snorlax|Body Slam|p1a: Scrafty\n|-damage|p1a: Scrafty|186/246\n|\n|upkeep\n|turn|18\n|\n|t:|1733833560\n|move|p1a: Scrafty|Drain Punch|p2a: Snorlax\n|-resisted|p2a: Snorlax\n|-damage|p2a: Snorlax|213/397\n|-heal|p1a: Scrafty|215/246|[from] drain|[of] p2a: Snorlax\n|move|p2a: Snorlax|Rest|p2a: Snorlax\n|-status|p2a: Snorlax|slp|[from] move: Rest\n|-heal|p2a: Snorlax|397/397 slp|[silent]\n|\n|upkeep\n|turn|19\n|\n|t:|1733833576\n|switch|p1a: Meowstic|Meowstic, L89, M|277/277\n|-damage|p1a: Meowstic|243/277|[from] Spikes\n|cant|p2a: Snorlax|slp\n|move|p2a: Snorlax|Sleep Talk|p2a: Snorlax\n|move|p2a: Snorlax|Body Slam|p1a: Meowstic|[from]move: Sleep Talk\n|-damage|p1a: Meowstic|41/277\n|\n|upkeep\n|turn|20\n|\n|t:|1733833588\n|move|p1a: Meowstic|Psychic Noise|p2a: Snorlax\n|-damage|p2a: Snorlax|328/397 slp\n|-start|p2a: Snorlax|move: Heal Block\n|cant|p2a: Snorlax|slp\n|move|p2a: Snorlax|Sleep Talk|p2a: Snorlax\n|move|p2a: Snorlax|Curse|p2a: Snorlax|[from]move: Sleep Talk\n|-unboost|p2a: Snorlax|spe|1\n|-boost|p2a: Snorlax|atk|1\n|-boost|p2a: Snorlax|def|1\n|\n|upkeep\n|turn|21\n|\n|t:|1733833601\n|move|p1a: Meowstic|Reflect|p1a: Meowstic\n|-sidestart|p1: tuiror|Reflect\n|-curestatus|p2a: Snorlax|slp|[msg]\n|move|p2a: Snorlax|Body Slam|p1a: Meowstic\n|-damage|p1a: Meowstic|0 fnt\n|faint|p1a: Meowstic\n|\n|-end|p2a: Snorlax|move: Heal Block\n|upkeep\n|\n|t:|1733833614\n|switch|p1a: Flareon|Flareon, L90, M|263/263\n|-damage|p1a: Flareon|231/263|[from] Spikes\n|turn|22\n|\n|t:|1733833622\n|move|p1a: Flareon|Facade|p2a: Snorlax\n|-damage|p2a: Snorlax|291/397\n|move|p2a: Snorlax|Body Slam|p1a: Flareon\n|-damage|p1a: Flareon|97/263\n|-status|p1a: Flareon|par\n|\n|upkeep\n|turn|23\n|\n|t:|1733833630\n|move|p1a: Flareon|Facade|p2a: Snorlax\n|-damage|p2a: Snorlax|176/397\n|move|p2a: Snorlax|Body Slam|p1a: Flareon\n|-damage|p1a: Flareon|0 fnt\n|faint|p1a: Flareon\n|\n|upkeep\n|\n|t:|1733833638\n|switch|p1a: Cinderace|Cinderace, L77, M|249/249\n|turn|24\n|\n|t:|1733833648\n|move|p1a: Cinderace|Pyro Ball|p2a: Snorlax\n|-damage|p2a: Snorlax|143/397\n|move|p2a: Snorlax|Rest|p2a: Snorlax\n|-status|p2a: Snorlax|slp|[from] move: Rest\n|-heal|p2a: Snorlax|397/397 slp|[silent]\n|\n|upkeep\n|turn|25\n|\n|t:|1733833656\n|switch|p1a: Gyarados|Gyarados, L79, F|280/280\n|cant|p2a: Snorlax|slp\n|move|p2a: Snorlax|Sleep Talk|p2a: Snorlax\n|move|p2a: Snorlax|Rest||[from]move: Sleep Talk|[still]\n|-fail|p2a: Snorlax\n|\n|upkeep\n|turn|26\n|\n|t:|1733833667\n|move|p1a: Gyarados|Dragon Dance|p1a: Gyarados\n|-boost|p1a: Gyarados|atk|1\n|-boost|p1a: Gyarados|spe|1\n|cant|p2a: Snorlax|slp\n|move|p2a: Snorlax|Sleep Talk|p2a: Snorlax\n|move|p2a: Snorlax|Body Slam|p1a: Gyarados|[from]move: Sleep Talk\n|-damage|p1a: Gyarados|154/280\n|\n|upkeep\n|turn|27\n|\n|t:|1733833678\n|move|p1a: Gyarados|Dragon Dance|p1a: Gyarados\n|-boost|p1a: Gyarados|atk|1\n|-boost|p1a: Gyarados|spe|1\n|-curestatus|p2a: Snorlax|slp|[msg]\n|move|p2a: Snorlax|Body Slam|p1a: Gyarados\n|-damage|p1a: Gyarados|20/280\n|-status|p1a: Gyarados|par\n|\n|upkeep\n|turn|28\n|\n|t:|1733833689\n|move|p1a: Gyarados|Waterfall|p2a: Snorlax\n|-damage|p2a: Snorlax|300/397\n|move|p2a: Snorlax|Body Slam|p1a: Gyarados\n|-damage|p1a: Gyarados|0 fnt\n|faint|p1a: Gyarados\n|\n|-sideend|p1: tuiror|Reflect\n|upkeep\n|\n|t:|1733833695\n|switch|p1a: Scrafty|Scrafty, L84, F|215/246\n|-damage|p1a: Scrafty|185/246|[from] Spikes\n|turn|29\n|\n|t:|1733833702\n|move|p1a: Scrafty|Bulk Up|p1a: Scrafty\n|-boost|p1a: Scrafty|atk|1\n|-boost|p1a: Scrafty|def|1\n|move|p2a: Snorlax|Body Slam|p1a: Scrafty\n|-damage|p1a: Scrafty|53/246\n|\n|upkeep\n|turn|30\n|\n|t:|1733833711\n|move|p1a: Scrafty|Drain Punch|p2a: Snorlax\n|-resisted|p2a: Snorlax\n|-damage|p2a: Snorlax|269/397\n|-heal|p1a: Scrafty|69/246|[from] drain|[of] p2a: Snorlax\n|move|p2a: Snorlax|Body Slam|p1a: Scrafty\n|-damage|p1a: Scrafty|0 fnt\n|faint|p1a: Scrafty\n|\n|upkeep\n|\n|t:|1733833714\n|switch|p1a: Cinderace|Cinderace, L77, M|249/249\n|turn|31\n|\n|t:|1733833725\n|move|p1a: Cinderace|Pyro Ball|p2a: Snorlax\n|-damage|p2a: Snorlax|235/397\n|move|p2a: Snorlax|Body Slam|p1a: Cinderace\n|-damage|p1a: Cinderace|0 fnt\n|faint|p1a: Cinderace\n|\n|win|Rotshrine\n|raw|tuiror's rating: 1108 &rarr; <strong>1084</strong><br />(-24 for losing)\n|raw|Rotshrine's rating: 1122 &rarr; <strong>1146</strong><br />(+24 for winning)\n|l|\u203dtuiror\n|player|p1|\n", "inputlog": ">version bfd83cad13791eb5a5a409923076391caf6fb4d4\n>start {\"formatid\":\"gen9randombattle\",\"seed\":[45222,64784,28658,6974],\"rated\":\"Rated battle\"}\n>player p1 {\"name\":\"tuiror\",\"avatar\":\"266\",\"rating\":1108,\"seed\":[11681,17820,18907,16906]}\n>player p2 {\"name\":\"Rotshrine\",\"avatar\":\"guitarist\",\"rating\":1122,\"seed\":[53626,26262,40925,9153]}\n>p1 move leechseed\n>p2 move spikes\n>p1 move knockoff\n>p2 move bravebird\n>p1 move protect\n>p2 move bravebird\n>p1 move gigadrain\n>p2 move bravebird\n>p2 switch 3\n>p1 move knockoff\n>p2 move tachyoncutter\n>p1 switch 3\n>p1 move knockoff\n>p2 move tachyoncutter\n>p1 move drainpunch\n>p2 move tachyoncutter\n>p1 move drainpunch\n>p2 move psyshock\n>p2 switch 5\n>p1 move drainpunch\n>p2 move knockoff\n>p1 move drainpunch\n>p2 switch 2\n>p1 move bulkup\n>p2 move rest terastallize\n>p1 move bulkup\n>p2 move sleeptalk\n>p1 move knockoff\n>p2 move sleeptalk\n>p1 move rest\n>p2 move sleeptalk\n>p1 move drainpunch\n>p2 move curse\n>p1 move bulkup\n>p2 move curse\n>p1 move bulkup\n>p2 move bodyslam\n>p1 move drainpunch\n>p2 move rest\n>p1 switch 6\n>p2 move sleeptalk\n>p1 move psychicnoise\n>p2 move sleeptalk\n>p1 move reflect\n>p2 move bodyslam\n>p1 switch 2\n>p1 move facade\n>p2 move bodyslam\n>p1 move facade\n>p2 move bodyslam\n>p1 switch 4\n>p1 move pyroball\n>p2 move rest\n>p1 switch 5\n>p2 move sleeptalk\n>p1 move dragondance\n>p2 move sleeptalk\n>p1 move dragondance\n>p2 move bodyslam\n>p1 move waterfall\n>p2 move bodyslam\n>p1 switch 6\n>p1 move bulkup\n>p2 move bodyslam\n>p1 move drainpunch\n>p2 move bodyslam\n>p1 switch 5\n>p1 move pyroball\n>p2 move bodyslam", "uploadtime": 1733833735, "views": 3, "formatid": "gen9randombattle", "rating": 1084, "private": 0, "password": null}