{"id": "gen9randombattle-2260597054", "format": "[Gen 9] Random Battle", "players": ["afaparicio", "draponix"], "log": "|j|\u2606afaparicio\n|j|\u2606draponix\n|t:|1733867512\n|gametype|singles\n|player|p1|afaparicio|265|1397\n|player|p2|draponix|lance|1351\n|teamsize|p1|6\n|teamsize|p2|6\n|gen|9\n|tier|[Gen 9] Random Battle\n|rated|\n|rule|Species Clause: Limit one of each Pok\u00e9mon\n|rule|HP Percentage Mod: HP is shown in percentages\n|rule|Sleep Clause Mod: Limit one foe put to sleep\n|rule|Illusion Level Mod: Illusion disguises the Pok\u00e9mon's true level\n|\n|t:|1733867512\n|start\n|switch|p1a: Decidueye|Decidueye, L88, M|281/281\n|switch|p2a: Dondozo|Dondozo, L78, M|362/362\n|turn|1\n|inactive|Battle timer is ON: inactive players will automatically lose when time's up. (requested by afaparicio)\n|\n|t:|1733867536\n|switch|p2a: Corviknight|Corviknight, L80, M|288/288\n|move|p1a: Decidueye|Leaf Blade|p2a: Corviknight\n|-resisted|p2a: Corviknight\n|-damage|p2a: Corviknight|253/288\n|-damage|p1a: Decidueye|235/281|[from] item: Rocky Helmet|[of] p2a: Corviknight\n|-damage|p1a: Decidueye|207/281|[from] item: Life Orb\n|\n|upkeep\n|turn|2\n|\n|t:|1733867561\n|switch|p1a: Leafeon|Leafeon, L88, M|258/258\n|move|p2a: Corviknight|Brave Bird|p1a: Leafeon\n|-supereffective|p1a: Leafeon\n|-damage|p1a: Leafeon|112/258\n|-damage|p2a: Corviknight|205/288|[from] Recoil\n|\n|-heal|p1a: Leafeon|128/258|[from] item: Leftovers\n|upkeep\n|turn|3\n|\n|t:|1733867567\n|switch|p1a: Raikou|Raikou, L81|278/278\n|-ability|p1a: Raikou|Pressure\n|move|p2a: Corviknight|Brave Bird|p1a: Raikou\n|-resisted|p1a: Raikou\n|-damage|p1a: Raikou|219/278\n|-damage|p2a: Corviknight|186/288|[from] Recoil\n|\n|-heal|p1a: Raikou|236/278|[from] item: Leftovers\n|upkeep\n|turn|4\n|\n|t:|1733867587\n|switch|p2a: Beartic|Beartic, L91, M|321/321\n|move|p1a: Raikou|Scald|p2a: Beartic\n|-damage|p2a: Beartic|258/321\n|\n|-heal|p1a: Raikou|253/278|[from] item: Leftovers\n|upkeep\n|turn|5\n|\n|t:|1733867598\n|move|p1a: Raikou|Scald|p2a: Beartic\n|-damage|p2a: Beartic|192/321\n|move|p2a: Beartic|Earthquake|p1a: Raikou\n|-supereffective|p1a: Raikou\n|-damage|p1a: Raikou|0 fnt\n|faint|p1a: Raikou\n|\n|upkeep\n|\n|t:|1733867606\n|switch|p1a: Avalugg|Avalugg-Hisui, L90, M|317/317\n|turn|6\n|inactive|draponix has 120 seconds left.\n|\n|t:|1733867637\n|move|p2a: Beartic|Earthquake|p1a: Avalugg\n|-supereffective|p1a: Avalugg\n|-damage|p1a: Avalugg|149/317\n|move|p1a: Avalugg|Stone Edge|p2a: Beartic\n|-supereffective|p2a: Beartic\n|-damage|p2a: Beartic|0 fnt\n|faint|p2a: Beartic\n|\n|upkeep\n|inactive|draponix has 120 seconds left.\n|\n|t:|1733867653\n|switch|p2a: Dondozo|Dondozo, L78, M|362/362\n|turn|7\n|\n|t:|1733867660\n|switch|p1a: Leafeon|Leafeon, L88, M|128/258\n|move|p2a: Dondozo|Curse|p2a: Dondozo\n|-unboost|p2a: Dondozo|spe|1\n|-boost|p2a: Dondozo|atk|1\n|-boost|p2a: Dondozo|def|1\n|\n|-heal|p1a: Leafeon|144/258|[from] item: Leftovers\n|upkeep\n|turn|8\n|\n|t:|1733867669\n|move|p1a: Leafeon|Substitute|p1a: Leafeon\n|-start|p1a: Leafeon|Substitute\n|-damage|p1a: Leafeon|80/258\n|move|p2a: Dondozo|Wave Crash|p1a: Leafeon\n|-resisted|p1a: Leafeon\n|-activate|p1a: Leafeon|move: Substitute|[damage]\n|-damage|p2a: Dondozo|341/362|[from] Recoil|[of] p1a: Leafeon\n|\n|-heal|p1a: Leafeon|96/258|[from] item: Leftovers\n|-heal|p2a: Dondozo|362/362|[from] item: Leftovers\n|upkeep\n|turn|9\n|\n|t:|1733867683\n|switch|p2a: Iron Crown|Iron Crown, L78|268/268\n|move|p1a: Leafeon|Swords Dance|p1a: Leafeon\n|-boost|p1a: Leafeon|atk|2\n|\n|-heal|p1a: Leafeon|112/258|[from] item: Leftovers\n|upkeep\n|turn|10\n|\n|t:|1733867692\n|move|p1a: Leafeon|Leaf Blade|p2a: Iron Crown\n|-resisted|p2a: Iron Crown\n|-damage|p2a: Iron Crown|149/268\n|move|p2a: Iron Crown|Calm Mind|p2a: Iron Crown\n|-boost|p2a: Iron Crown|spa|1\n|-boost|p2a: Iron Crown|spd|1\n|\n|-heal|p1a: Leafeon|128/258|[from] item: Leftovers\n|-heal|p2a: Iron Crown|165/268|[from] item: Leftovers\n|upkeep\n|turn|11\n|\n|t:|1733867702\n|move|p1a: Leafeon|Leaf Blade|p2a: Iron Crown\n|-resisted|p2a: Iron Crown\n|-damage|p2a: Iron Crown|58/268\n|move|p2a: Iron Crown|Psyshock|p1a: Leafeon\n|-end|p1a: Leafeon|Substitute\n|\n|-heal|p1a: Leafeon|144/258|[from] item: Leftovers\n|-heal|p2a: Iron Crown|74/268|[from] item: Leftovers\n|upkeep\n|turn|12\n|\n|t:|1733867718\n|move|p1a: Leafeon|Leaf Blade|p2a: Iron Crown\n|-resisted|p2a: Iron Crown\n|-damage|p2a: Iron Crown|0 fnt\n|faint|p2a: Iron Crown\n|-end|p2a: Iron Crown|Quark Drive|[silent]\n|\n|-heal|p1a: Leafeon|160/258|[from] item: Leftovers\n|upkeep\n|\n|t:|1733867725\n|switch|p2a: Corviknight|Corviknight, L80, M|186/288\n|turn|13\n|\n|t:|1733867728\n|move|p1a: Leafeon|Double-Edge|p2a: Corviknight\n|-resisted|p2a: Corviknight\n|-damage|p2a: Corviknight|96/288\n|-damage|p1a: Leafeon|117/258|[from] item: Rocky Helmet|[of] p2a: Corviknight\n|-damage|p1a: Leafeon|87/258|[from] Recoil\n|move|p2a: Corviknight|Brave Bird|p1a: Leafeon\n|-supereffective|p1a: Leafeon\n|-damage|p1a: Leafeon|0 fnt\n|faint|p1a: Leafeon\n|-damage|p2a: Corviknight|67/288|[from] Recoil\n|\n|upkeep\n|\n|t:|1733867739\n|switch|p1a: Decidueye|Decidueye, L88, M|207/281\n|turn|14\n|\n|t:|1733867747\n|move|p1a: Decidueye|Poltergeist|p2a: Corviknight\n|-activate|p2a: Corviknight|move: Poltergeist|Rocky Helmet\n|-damage|p2a: Corviknight|0 fnt\n|faint|p2a: Corviknight\n|-damage|p1a: Decidueye|179/281|[from] item: Life Orb\n|\n|upkeep\n|\n|t:|1733867754\n|switch|p2a: Morpeko|Morpeko, L88, F|245/245\n|turn|15\n|\n|t:|1733867774\n|switch|p1a: Avalugg|Avalugg-Hisui, L90, M|149/317\n|move|p2a: Morpeko|Protect||[still]\n|-fail|p2a: Morpeko\n|\n|-formechange|p2a: Morpeko|Morpeko-Hangry||[from] ability: Hunger Switch\n|upkeep\n|turn|16\n|\n|t:|1733867787\n|move|p2a: Morpeko|Aura Wheel|p1a: Avalugg\n|-damage|p1a: Avalugg|82/317\n|-boost|p2a: Morpeko|spe|1\n|move|p1a: Avalugg|Avalanche|p2a: Morpeko\n|-damage|p2a: Morpeko|26/245\n|\n|-formechange|p2a: Morpeko|Morpeko||[from] ability: Hunger Switch\n|upkeep\n|turn|17\n|\n|t:|1733867798\n|move|p2a: Morpeko|Aura Wheel|p1a: Avalugg\n|-damage|p1a: Avalugg|13/317\n|-boost|p2a: Morpeko|spe|1\n|move|p1a: Avalugg|Avalanche|p2a: Morpeko\n|-damage|p2a: Morpeko|0 fnt\n|faint|p2a: Morpeko\n|\n|upkeep\n|\n|t:|1733867809\n|switch|p2a: Milotic|Milotic, L83, M|293/293\n|turn|18\n|\n|t:|1733867829\n|move|p2a: Milotic|Scald|p1a: Avalugg\n|-supereffective|p1a: Avalugg\n|-damage|p1a: Avalugg|0 fnt\n|faint|p1a: Avalugg\n|\n|upkeep\n|\n|t:|1733867833\n|switch|p1a: Decidueye|Decidueye, L88, M|179/281\n|turn|19\n|\n|t:|1733867841\n|-terastallize|p2a: Milotic|Dragon\n|move|p2a: Milotic|Ice Beam|p1a: Decidueye\n|-supereffective|p1a: Decidueye\n|-damage|p1a: Decidueye|61/281\n|move|p1a: Decidueye|Leaf Blade|p2a: Milotic\n|-resisted|p2a: Milotic\n|-damage|p2a: Milotic|172/293\n|-damage|p1a: Decidueye|33/281|[from] item: Life Orb\n|\n|-heal|p2a: Milotic|190/293|[from] item: Leftovers\n|upkeep\n|turn|20\n|\n|t:|1733867856\n|switch|p1a: Toxapex|Toxapex, L82, M|216/216\n|move|p2a: Milotic|Ice Beam|p1a: Toxapex\n|-resisted|p1a: Toxapex\n|-damage|p1a: Toxapex|192/216\n|-status|p1a: Toxapex|frz\n|\n|-heal|p2a: Milotic|208/293|[from] item: Leftovers\n|upkeep\n|turn|21\n|\n|t:|1733867877\n|move|p2a: Milotic|Ice Beam|p1a: Toxapex\n|-resisted|p1a: Toxapex\n|-damage|p1a: Toxapex|168/216 frz\n|cant|p1a: Toxapex|frz\n|\n|-heal|p2a: Milotic|226/293|[from] item: Leftovers\n|upkeep\n|turn|22\n|\n|t:|1733867885\n|move|p2a: Milotic|Ice Beam|p1a: Toxapex\n|-resisted|p1a: Toxapex\n|-damage|p1a: Toxapex|144/216 frz\n|cant|p1a: Toxapex|frz\n|\n|-heal|p2a: Milotic|244/293|[from] item: Leftovers\n|upkeep\n|turn|23\n|\n|t:|1733867893\n|move|p2a: Milotic|Scald|p1a: Toxapex\n|-resisted|p1a: Toxapex\n|-damage|p1a: Toxapex|116/216 frz\n|-curestatus|p1a: Toxapex|frz|[msg]\n|move|p1a: Toxapex|Toxic Spikes|p2a: Milotic\n|-sidestart|p2: draponix|move: Toxic Spikes\n|\n|-heal|p2a: Milotic|262/293|[from] item: Leftovers\n|upkeep\n|turn|24\n|\n|t:|1733867900\n|move|p2a: Milotic|Ice Beam|p1a: Toxapex\n|-resisted|p1a: Toxapex\n|-damage|p1a: Toxapex|94/216\n|-status|p1a: Toxapex|frz\n|cant|p1a: Toxapex|frz\n|\n|-heal|p2a: Milotic|280/293|[from] item: Leftovers\n|upkeep\n|turn|25\n|c|\u2606afaparicio|Tomar no boga n\u00e9\n|\n|t:|1733867921\n|move|p2a: Milotic|Ice Beam|p1a: Toxapex\n|-resisted|p1a: Toxapex\n|-damage|p1a: Toxapex|72/216 frz\n|cant|p1a: Toxapex|frz\n|\n|-heal|p2a: Milotic|293/293|[from] item: Leftovers\n|upkeep\n|turn|26\n|\n|t:|1733867927\n|move|p2a: Milotic|Ice Beam|p1a: Toxapex\n|-resisted|p1a: Toxapex\n|-damage|p1a: Toxapex|47/216 frz\n|cant|p1a: Toxapex|frz\n|\n|upkeep\n|turn|27\n|\n|t:|1733867934\n|switch|p1a: Decidueye|Decidueye, L88, M|33/281\n|move|p2a: Milotic|Ice Beam|p1a: Decidueye\n|-supereffective|p1a: Decidueye\n|-damage|p1a: Decidueye|0 fnt\n|faint|p1a: Decidueye\n|\n|upkeep\n|\n|t:|1733867938\n|switch|p1a: Toxapex|Toxapex, L82, M|119/216 frz\n|turn|28\n|\n|t:|1733867942\n|move|p2a: Milotic|Ice Beam|p1a: Toxapex\n|-resisted|p1a: Toxapex\n|-damage|p1a: Toxapex|96/216 frz\n|cant|p1a: Toxapex|frz\n|\n|upkeep\n|turn|29\n|\n|t:|1733867946\n|move|p2a: Milotic|Ice Beam|p1a: Toxapex\n|-resisted|p1a: Toxapex\n|-damage|p1a: Toxapex|74/216 frz\n|cant|p1a: Toxapex|frz\n|\n|upkeep\n|turn|30\n|\n|t:|1733867953\n|move|p2a: Milotic|Ice Beam|p1a: Toxapex\n|-resisted|p1a: Toxapex\n|-damage|p1a: Toxapex|51/216 frz\n|cant|p1a: Toxapex|frz\n|\n|upkeep\n|turn|31\n|\n|t:|1733867958\n|switch|p1a: Hitmonlee|Hitmonlee, L85, M|223/223\n|move|p2a: Milotic|Ice Beam|p1a: Hitmonlee\n|-damage|p1a: Hitmonlee|167/223\n|\n|upkeep\n|turn|32\n|\n|t:|1733867964\n|-terastallize|p1a: Hitmonlee|Fighting\n|move|p1a: Hitmonlee|Knock Off|p2a: Milotic\n|-damage|p2a: Milotic|147/293\n|-enditem|p2a: Milotic|Leftovers|[from] move: Knock Off|[of] p1a: Hitmonlee\n|move|p2a: Milotic|Scald|p1a: Hitmonlee\n|-damage|p1a: Hitmonlee|100/223\n|\n|upkeep\n|turn|33\n|\n|t:|1733867981\n|switch|p1a: Toxapex|Toxapex, L82, M|123/216 frz\n|move|p2a: Milotic|Recover|p2a: Milotic\n|-heal|p2a: Milotic|293/293\n|\n|upkeep\n|turn|34\n|\n|t:|1733867986\n|switch|p1a: Hitmonlee|Hitmonlee, L85, M, tera:Fighting|100/223\n|move|p2a: Milotic|Ice Beam|p1a: Hitmonlee\n|-damage|p1a: Hitmonlee|46/223\n|\n|upkeep\n|turn|35\n|\n|t:|1733867995\n|switch|p1a: Toxapex|Toxapex, L82, M|195/216 frz\n|move|p2a: Milotic|Ice Beam|p1a: Toxapex\n|-resisted|p1a: Toxapex\n|-damage|p1a: Toxapex|171/216 frz\n|\n|upkeep\n|turn|36\n|\n|t:|1733868002\n|move|p2a: Milotic|Ice Beam|p1a: Toxapex\n|-resisted|p1a: Toxapex\n|-damage|p1a: Toxapex|147/216 frz\n|cant|p1a: Toxapex|frz\n|\n|upkeep\n|turn|37\n|\n|t:|1733868007\n|move|p2a: Milotic|Ice Beam|p1a: Toxapex\n|-resisted|p1a: Toxapex\n|-damage|p1a: Toxapex|125/216 frz\n|-curestatus|p1a: Toxapex|frz|[msg]\n|move|p1a: Toxapex|Liquidation|p2a: Milotic\n|-resisted|p2a: Milotic\n|-damage|p2a: Milotic|262/293\n|\n|upkeep\n|turn|38\n|\n|t:|1733868016\n|move|p2a: Milotic|Scald|p1a: Toxapex\n|-resisted|p1a: Toxapex\n|-damage|p1a: Toxapex|96/216\n|move|p1a: Toxapex|Liquidation|p2a: Milotic\n|-resisted|p2a: Milotic\n|-damage|p2a: Milotic|229/293\n|-unboost|p2a: Milotic|def|1\n|-ability|p2a: Milotic|Competitive|boost\n|-boost|p2a: Milotic|spa|2\n|\n|upkeep\n|turn|39\n|\n|t:|1733868028\n|move|p2a: Milotic|Scald|p1a: Toxapex\n|-resisted|p1a: Toxapex\n|-damage|p1a: Toxapex|40/216\n|-status|p1a: Toxapex|brn\n|move|p1a: Toxapex|Haze|p1a: Toxapex\n|-clearallboost\n|\n|-damage|p1a: Toxapex|27/216 brn|[from] brn\n|upkeep\n|turn|40\n|\n|t:|1733868038\n|move|p2a: Milotic|Scald|p1a: Toxapex\n|-resisted|p1a: Toxapex\n|-damage|p1a: Toxapex|0 fnt\n|faint|p1a: Toxapex\n|\n|upkeep\n|\n|t:|1733868041\n|switch|p1a: Hitmonlee|Hitmonlee, L85, M, tera:Fighting|46/223\n|turn|41\n|\n|t:|1733868045\n|move|p1a: Hitmonlee|High Jump Kick|p2a: Milotic\n|-damage|p2a: Milotic|0 fnt\n|faint|p2a: Milotic\n|\n|upkeep\n|\n|t:|1733868050\n|switch|p2a: Dondozo|Dondozo, L78, M|362/362\n|-status|p2a: Dondozo|psn\n|turn|42\n|\n|t:|1733868055\n|move|p1a: Hitmonlee|High Jump Kick|p2a: Dondozo\n|-damage|p2a: Dondozo|0 fnt\n|faint|p2a: Dondozo\n|\n|win|afaparicio\n|raw|afaparicio's rating: 1397 &rarr; <strong>1414</strong><br />(+17 for winning)\n|raw|draponix's rating: 1351 &rarr; <strong>1334</strong><br />(-17 for losing)\n", "inputlog": ">version bfd83cad13791eb5a5a409923076391caf6fb4d4\n>start {\"formatid\":\"gen9randombattle\",\"seed\":[30616,37293,29124,31777],\"rated\":\"Rated battle\"}\n>player p1 {\"name\":\"afaparicio\",\"avatar\":\"265\",\"rating\":1397,\"seed\":[54532,5368,1492,22781]}\n>player p2 {\"name\":\"draponix\",\"avatar\":\"lance\",\"rating\":1351,\"seed\":[22331,60642,26114,45568]}\n>p1 move leafblade\n>p2 switch 3\n>p1 switch 5\n>p2 move bravebird\n>p1 switch 2\n>p2 move bravebird\n>p1 move scald\n>p2 switch 6\n>p1 move scald\n>p2 move earthquake\n>p1 switch 4\n>p1 move stoneedge\n>p2 move earthquake\n>p2 switch 3\n>p1 switch 2\n>p2 move curse\n>p1 move substitute\n>p2 move wavecrash\n>p1 move swordsdance\n>p2 switch 2\n>p1 move leafblade\n>p2 move calmmind\n>p1 move leafblade\n>p2 move psyshock\n>p1 move leafblade\n>p2 move tachyoncutter\n>p2 switch 6\n>p1 move doubleedge\n>p2 move bravebird\n>p1 switch 5\n>p1 move poltergeist\n>p2 move roost\n>p2 switch 5\n>p1 switch 2\n>p2 move protect\n>p1 move avalanche\n>p2 move aurawheel\n>p1 move avalanche\n>p2 move aurawheel\n>p2 switch 4\n>p1 move stoneedge\n>p2 move scald\n>p1 switch 2\n>p1 move leafblade\n>p2 move icebeam terastallize\n>p1 switch 6\n>p2 move icebeam\n>p1 move toxicspikes\n>p2 move icebeam\n>p1 move toxicspikes\n>p2 move icebeam\n>p1 move toxicspikes\n>p2 move scald\n>p1 move recover\n>p2 move icebeam\n>chat \u2606afaparicio|Tomar no boga n\u00e9 \n>p1 move recover\n>p2 move icebeam\n>p1 move recover\n>p2 move icebeam\n>p1 switch 6\n>p2 move icebeam\n>p1 switch 6\n>p1 move liquidation\n>p2 move icebeam\n>p1 move recover\n>p2 move icebeam\n>p1 move recover\n>p2 move icebeam\n>p1 switch 3\n>p2 move icebeam\n>p1 move knockoff terastallize\n>p2 move scald\n>p1 switch 3\n>p2 move recover\n>p1 switch 3\n>p2 move icebeam\n>p1 switch 3\n>p2 move icebeam\n>p1 move liquidation\n>p2 move icebeam\n>p1 move liquidation\n>p2 move icebeam\n>p1 move liquidation\n>p2 move scald\n>p1 move haze\n>p2 move scald\n>p1 move recover\n>p2 move scald\n>p1 switch 3\n>p1 move highjumpkick\n>p2 move scald\n>p2 switch 2\n>p1 move highjumpkick\n>p2 move wavecrash", "uploadtime": 1733868060, "views": 1, "formatid": "gen9randombattle", "rating": 1334, "private": 0, "password": null}