{"id": "gen9randombattle-2260852933", "format": "[Gen 9] Random Battle", "players": ["Hteggevegbgen", "iNARSi"], "log": "|j|\u2606Hteggevegbgen\n|j|\u2606iNARSi\n|t:|1733904486\n|gametype|singles\n|player|p1|Hteggevegbgen|265|1128\n|player|p2|iNARSi|psychic|1095\n|teamsize|p1|6\n|teamsize|p2|6\n|gen|9\n|tier|[Gen 9] Random Battle\n|rated|\n|rule|Species Clause: Limit one of each Pok\u00e9mon\n|rule|HP Percentage Mod: HP is shown in percentages\n|rule|Sleep Clause Mod: Limit one foe put to sleep\n|rule|Illusion Level Mod: Illusion disguises the Pok\u00e9mon's true level\n|\n|t:|1733904486\n|start\n|switch|p1a: Leafeon|Leafeon, L88, F|258/258\n|switch|p2a: Flutter Mane|Flutter Mane, L74|203/203\n|turn|1\n|inactive|Battle timer is ON: inactive players will automatically lose when time's up. (requested by iNARSi)\n|\n|t:|1733904511\n|move|p2a: Flutter Mane|Mystical Fire|p1a: Leafeon\n|-supereffective|p1a: Leafeon\n|-damage|p1a: Leafeon|105/258\n|-unboost|p1a: Leafeon|spa|1\n|-damage|p2a: Flutter Mane|183/203|[from] item: Life Orb\n|move|p1a: Leafeon|Leaf Blade|p2a: Flutter Mane\n|-damage|p2a: Flutter Mane|0 fnt\n|faint|p2a: Flutter Mane\n|-end|p2a: Flutter Mane|Protosynthesis|[silent]\n|-damage|p1a: Leafeon|80/258|[from] item: Life Orb\n|\n|upkeep\n|\n|t:|1733904523\n|switch|p2a: Rotom|Rotom-Heat, L83|219/219\n|turn|2\n|\n|t:|1733904536\n|move|p1a: Leafeon|Knock Off|p2a: Rotom\n|-damage|p2a: Rotom|125/219\n|-enditem|p2a: Rotom|Heavy-Duty Boots|[from] move: Knock Off|[of] p1a: Leafeon\n|-damage|p1a: Leafeon|55/258|[from] item: Life Orb\n|move|p2a: Rotom|Overheat|p1a: Leafeon\n|-supereffective|p1a: Leafeon\n|-damage|p1a: Leafeon|0 fnt\n|-unboost|p2a: Rotom|spa|2\n|faint|p1a: Leafeon\n|\n|upkeep\n|\n|t:|1733904546\n|switch|p1a: Dewgong|Dewgong, L94, M|322/322\n|turn|3\n|\n|t:|1733904552\n|-terastallize|p2a: Rotom|Electric\n|move|p2a: Rotom|Thunderbolt|p1a: Dewgong\n|-supereffective|p1a: Dewgong\n|-damage|p1a: Dewgong|198/322\n|move|p1a: Dewgong|Surf|p2a: Rotom\n|-damage|p2a: Rotom|40/219\n|\n|upkeep\n|turn|4\n|\n|t:|1733904560\n|move|p2a: Rotom|Volt Switch|p1a: Dewgong\n|-supereffective|p1a: Dewgong\n|-damage|p1a: Dewgong|106/322\n|\n|t:|1733904564\n|switch|p2a: Galvantula|Galvantula, L82, F|249/249|[from] Volt Switch\n|move|p1a: Dewgong|Knock Off|p2a: Galvantula\n|-damage|p2a: Galvantula|157/249\n|-enditem|p2a: Galvantula|Heavy-Duty Boots|[from] move: Knock Off|[of] p1a: Dewgong\n|\n|upkeep\n|turn|5\n|\n|t:|1733904572\n|move|p2a: Galvantula|Thunder|p1a: Dewgong\n|-supereffective|p1a: Dewgong\n|-damage|p1a: Dewgong|0 fnt\n|faint|p1a: Dewgong\n|\n|upkeep\n|\n|t:|1733904578\n|switch|p1a: Deoxys|Deoxys, L74|196/196\n|-ability|p1a: Deoxys|Pressure\n|turn|6\n|\n|t:|1733904583\n|move|p1a: Deoxys|Psycho Boost|p2a: Galvantula\n|-damage|p2a: Galvantula|0 fnt\n|-unboost|p1a: Deoxys|spa|2\n|faint|p2a: Galvantula\n|-damage|p1a: Deoxys|177/196|[from] item: Life Orb\n|\n|upkeep\n|\n|t:|1733904592\n|switch|p2a: Inteleon|Inteleon, L81, F|246/246\n|turn|7\n|\n|t:|1733904598\n|move|p1a: Deoxys|Knock Off|p2a: Inteleon\n|-damage|p2a: Inteleon|117/246\n|-enditem|p2a: Inteleon|Choice Specs|[from] move: Knock Off|[of] p1a: Deoxys\n|-damage|p1a: Deoxys|158/196|[from] item: Life Orb\n|move|p2a: Inteleon|Ice Beam|p1a: Deoxys\n|-damage|p1a: Deoxys|34/196\n|\n|upkeep\n|turn|8\n|\n|t:|1733904606\n|move|p1a: Deoxys|Superpower|p2a: Inteleon\n|-damage|p2a: Inteleon|0 fnt\n|-unboost|p1a: Deoxys|atk|1\n|-unboost|p1a: Deoxys|def|1\n|faint|p2a: Inteleon\n|-damage|p1a: Deoxys|15/196|[from] item: Life Orb\n|\n|upkeep\n|\n|t:|1733904614\n|switch|p2a: Magearna|Magearna-Original, L77|250/250\n|turn|9\n|\n|t:|1733904618\n|move|p1a: Deoxys|Knock Off|p2a: Magearna\n|-resisted|p2a: Magearna\n|-damage|p2a: Magearna|221/250\n|-enditem|p2a: Magearna|Weakness Policy|[from] move: Knock Off|[of] p1a: Deoxys\n|-damage|p1a: Deoxys|0 fnt|[from] item: Life Orb\n|faint|p1a: Deoxys\n|-ability|p2a: Magearna|Soul-Heart|boost\n|-boost|p2a: Magearna|spa|1\n|move|p2a: Magearna|Iron Head|p1: Deoxys|[notarget]\n|-fail|p2a: Magearna\n|\n|upkeep\n|\n|t:|1733904626\n|switch|p1a: Masquerain|Masquerain, L87, F|264/264\n|-ability|p1a: Masquerain|Intimidate|boost\n|-unboost|p2a: Magearna|atk|1\n|turn|10\n|\n|t:|1733904631\n|move|p1a: Masquerain|Stun Spore|p2a: Magearna|[miss]\n|-miss|p1a: Masquerain|p2a: Magearna\n|move|p2a: Magearna|Shift Gear|p2a: Magearna\n|-boost|p2a: Magearna|spe|2\n|-boost|p2a: Magearna|atk|1\n|\n|upkeep\n|turn|11\n|\n|t:|1733904642\n|move|p2a: Magearna|Fleur Cannon|p1a: Masquerain\n|-damage|p1a: Masquerain|33/264\n|-unboost|p2a: Magearna|spa|2\n|move|p1a: Masquerain|Stun Spore|p2a: Magearna\n|-status|p2a: Magearna|par\n|\n|upkeep\n|turn|12\n|\n|t:|1733904650\n|move|p1a: Masquerain|Sticky Web|p2a: Magearna\n|-sidestart|p2: iNARSi|move: Sticky Web\n|cant|p2a: Magearna|par\n|\n|upkeep\n|turn|13\n|\n|t:|1733904654\n|move|p1a: Masquerain|Hurricane|p2a: Magearna\n|-resisted|p2a: Magearna\n|-damage|p2a: Magearna|167/250 par\n|move|p2a: Magearna|Iron Head|p1a: Masquerain\n|-damage|p1a: Masquerain|0 fnt\n|faint|p1a: Masquerain\n|-ability|p2a: Magearna|Soul-Heart|boost\n|-boost|p2a: Magearna|spa|1\n|\n|upkeep\n|\n|t:|1733904661\n|switch|p1a: Magcargo|Magcargo, L95, F|268/268\n|turn|14\n|\n|t:|1733904665\n|move|p2a: Magearna|Shift Gear|p2a: Magearna\n|-boost|p2a: Magearna|spe|2\n|-boost|p2a: Magearna|atk|1\n|move|p1a: Magcargo|Shell Smash|p1a: Magcargo\n|-unboost|p1a: Magcargo|def|1\n|-unboost|p1a: Magcargo|spd|1\n|-boost|p1a: Magcargo|atk|2\n|-boost|p1a: Magcargo|spa|2\n|-boost|p1a: Magcargo|spe|2\n|\n|upkeep\n|turn|15\n|\n|t:|1733904674\n|move|p1a: Magcargo|Fire Blast|p2a: Magearna\n|-supereffective|p2a: Magearna\n|-damage|p2a: Magearna|0 fnt\n|faint|p2a: Magearna\n|\n|upkeep\n|\n|t:|1733904682\n|switch|p2a: Rotom|Rotom-Heat, L83, tera:Electric|40/219\n|turn|16\n|\n|t:|1733904686\n|move|p1a: Magcargo|Power Gem|p2a: Rotom\n|-damage|p2a: Rotom|0 fnt\n|faint|p2a: Rotom\n|\n|upkeep\n|\n|t:|1733904689\n|switch|p2a: Okidogi|Okidogi, L77, M|262/262\n|-activate|p2a: Okidogi|move: Sticky Web\n|-unboost|p2a: Okidogi|spe|1\n|turn|17\n|\n|t:|1733904696\n|move|p1a: Magcargo|Earth Power|p2a: Okidogi\n|-supereffective|p2a: Okidogi\n|-crit|p2a: Okidogi\n|-damage|p2a: Okidogi|0 fnt\n|faint|p2a: Okidogi\n|\n|win|Hteggevegbgen\n|raw|Hteggevegbgen's rating: 1149 &rarr; <strong>1170</strong><br />(+21 for winning)\n|raw|iNARSi's rating: 1095 &rarr; <strong>1074</strong><br />(-21 for losing)\n|l|\u2606iNARSi\n|player|p2|\n", "inputlog": ">version bfd83cad13791eb5a5a409923076391caf6fb4d4\n>start {\"formatid\":\"gen9randombattle\",\"seed\":[28639,26059,40448,41754],\"rated\":\"Rated battle\"}\n>player p1 {\"name\":\"Hteggevegbgen\",\"avatar\":\"265\",\"rating\":1128,\"seed\":[35761,7894,47575,2334]}\n>player p2 {\"name\":\"iNARSi\",\"avatar\":\"psychic\",\"rating\":1095,\"seed\":[56280,12402,4266,16675]}\n>p1 move leafblade\n>p2 move mysticalfire\n>p2 switch 2\n>p1 move knockoff\n>p2 move overheat\n>p1 switch 6\n>p1 move surf\n>p2 move thunderbolt terastallize\n>p1 move knockoff\n>p2 move voltswitch\n>p2 switch 4\n>p1 move encore\n>p2 move thunder\n>p1 switch 5\n>p1 move psychoboost\n>p2 move gigadrain\n>p2 switch 6\n>p1 move knockoff\n>p2 move icebeam\n>p1 move superpower\n>p2 move icebeam\n>p2 switch 3\n>p1 move knockoff\n>p2 move ironhead\n>p1 switch 2\n>p1 move stunspore\n>p2 move shiftgear\n>p1 move stunspore\n>p2 move fleurcannon\n>p1 move stickyweb\n>p2 move ironhead\n>p1 move hurricane\n>p2 move ironhead\n>p1 switch 4\n>p1 move shellsmash\n>p2 move shiftgear\n>p1 move fireblast\n>p2 move fleurcannon\n>p2 switch 4\n>p1 move powergem\n>p2 move painsplit\n>p2 switch 5\n>p1 move earthpower\n>p2 move knockoff", "uploadtime": 1733904710, "views": 1, "formatid": "gen9randombattle", "rating": 1074, "private": 0, "password": null}