{"id": "gen9randombattle-2260830184", "format": "[Gen 9] Random Battle", "players": ["Cheeburbur", "raceface111"], "log": "|j|\u2606Cheeburbur\n|j|\u2606raceface111\n|t:|1733899942\n|gametype|singles\n|player|p1|Cheeburbur|zinnia|1937\n|player|p2|raceface111|2|1856\n|teamsize|p1|6\n|teamsize|p2|6\n|gen|9\n|tier|[Gen 9] Random Battle\n|rated|\n|rule|Species Clause: Limit one of each Pok\u00e9mon\n|rule|HP Percentage Mod: HP is shown in percentages\n|rule|Sleep Clause Mod: Limit one foe put to sleep\n|rule|Illusion Level Mod: Illusion disguises the Pok\u00e9mon's true level\n|\n|t:|1733899942\n|start\n|switch|p1a: Coalossal|Coalossal, L89, F|341/341\n|switch|p2a: Regigigas|Regigigas, L84|322/322\n|-start|p2a: Regigigas|ability: Slow Start\n|turn|1\n|inactive|Battle timer is ON: inactive players will automatically lose when time's up. (requested by Cheeburbur)\n|\n|t:|1733899960\n|-end|p2a: Regigigas|Slow Start|[silent]\n|switch|p2a: Arceus|Arceus-Fairy, L69|280/280\n|move|p1a: Coalossal|Spikes|p2a: Arceus\n|-sidestart|p2: raceface111|Spikes\n|\n|upkeep\n|turn|2\n|\n|t:|1733899970\n|move|p2a: Arceus|Earth Power|p1a: Coalossal\n|-supereffective|p1a: Coalossal\n|-crit|p1a: Coalossal\n|-damage|p1a: Coalossal|57/341\n|move|p1a: Coalossal|Stone Edge|p2a: Arceus\n|-damage|p2a: Arceus|181/280\n|\n|upkeep\n|turn|3\n|\n|t:|1733899981\n|switch|p1a: Brambleghast|Brambleghast, L88, M|240/240\n|move|p2a: Arceus|Calm Mind|p2a: Arceus\n|-boost|p2a: Arceus|spa|1\n|-boost|p2a: Arceus|spd|1\n|\n|upkeep\n|turn|4\n|\n|t:|1733899985\n|move|p1a: Brambleghast|Leech Seed|p2a: Arceus\n|-start|p2a: Arceus|move: Leech Seed\n|move|p2a: Arceus|Judgment|p1a: Brambleghast\n|-crit|p1a: Brambleghast\n|-damage|p1a: Brambleghast|0 fnt\n|faint|p1a: Brambleghast\n|\n|upkeep\n|\n|t:|1733899991\n|switch|p1a: Sneasler|Sneasler, L74, M|240/240\n|turn|5\n|\n|t:|1733899996\n|switch|p2a: Greedent|Greedent, L86, M|347/347\n|-damage|p2a: Greedent|304/347|[from] Spikes\n|move|p1a: Sneasler|Dire Claw|p2a: Greedent\n|-damage|p2a: Greedent|181/347\n|-status|p2a: Greedent|psn\n|\n|-damage|p2a: Greedent|138/347 psn|[from] psn\n|upkeep\n|-enditem|p2a: Greedent|Sitrus Berry|[eat]\n|-heal|p2a: Greedent|224/347 psn|[from] item: Sitrus Berry\n|-heal|p2a: Greedent|339/347 psn|[from] ability: Cheek Pouch\n|turn|6\n|\n|t:|1733900007\n|switch|p1a: Coalossal|Coalossal, L89, F|57/341\n|move|p2a: Greedent|Earthquake|p1a: Coalossal\n|-supereffective|p1a: Coalossal\n|-damage|p1a: Coalossal|0 fnt\n|faint|p1a: Coalossal\n|\n|-damage|p2a: Greedent|296/347 psn|[from] psn\n|upkeep\n|\n|t:|1733900013\n|switch|p1a: Dondozo|Dondozo, L78, M|362/362\n|turn|7\n|\n|t:|1733900032\n|switch|p2a: Rayquaza|Rayquaza, L72|270/270\n|-ability|p2a: Rayquaza|Air Lock\n|move|p1a: Dondozo|Curse|p1a: Dondozo\n|-unboost|p1a: Dondozo|spe|1\n|-boost|p1a: Dondozo|atk|1\n|-boost|p1a: Dondozo|def|1\n|\n|upkeep\n|turn|8\n|\n|t:|1733900035\n|move|p2a: Rayquaza|U-turn|p1a: Dondozo\n|-damage|p1a: Dondozo|317/362\n|\n|t:|1733900039\n|switch|p2a: Arceus|Arceus-Fairy, L69|181/280|[from] U-turn\n|-damage|p2a: Arceus|146/280|[from] Spikes\n|move|p1a: Dondozo|Wave Crash|p2a: Arceus\n|-damage|p2a: Arceus|0 fnt\n|faint|p2a: Arceus\n|-damage|p1a: Dondozo|269/362|[from] Recoil\n|\n|-heal|p1a: Dondozo|291/362|[from] item: Leftovers\n|upkeep\n|\n|t:|1733900050\n|switch|p2a: Floatzel|Floatzel, L85, M|283/283\n|-damage|p2a: Floatzel|248/283|[from] Spikes\n|turn|9\n|\n|t:|1733900053\n|move|p2a: Floatzel|Taunt|p1a: Dondozo\n|-start|p1a: Dondozo|move: Taunt\n|cant|p1a: Dondozo|move: Taunt|Curse\n|\n|-heal|p2a: Floatzel|265/283|[from] item: Leftovers\n|-heal|p1a: Dondozo|313/362|[from] item: Leftovers\n|upkeep\n|turn|10\n|\n|t:|1733900056\n|move|p2a: Floatzel|Bulk Up|p2a: Floatzel\n|-boost|p2a: Floatzel|atk|1\n|-boost|p2a: Floatzel|def|1\n|move|p1a: Dondozo|Wave Crash|p2a: Floatzel\n|-resisted|p2a: Floatzel\n|-damage|p2a: Floatzel|157/283\n|-damage|p1a: Dondozo|277/362|[from] Recoil\n|\n|-heal|p2a: Floatzel|174/283|[from] item: Leftovers\n|-heal|p1a: Dondozo|299/362|[from] item: Leftovers\n|upkeep\n|turn|11\n|\n|t:|1733900059\n|move|p2a: Floatzel|Wave Crash|p1a: Dondozo\n|-resisted|p1a: Dondozo\n|-damage|p1a: Dondozo|255/362\n|-damage|p2a: Floatzel|159/283|[from] Recoil\n|move|p1a: Dondozo|Wave Crash|p2a: Floatzel\n|-resisted|p2a: Floatzel\n|-damage|p2a: Floatzel|39/283\n|-damage|p1a: Dondozo|215/362|[from] Recoil\n|\n|-heal|p2a: Floatzel|56/283|[from] item: Leftovers\n|-heal|p1a: Dondozo|237/362|[from] item: Leftovers\n|-end|p1a: Dondozo|move: Taunt\n|upkeep\n|turn|12\n|\n|t:|1733900064\n|move|p2a: Floatzel|Wave Crash|p1a: Dondozo\n|-resisted|p1a: Dondozo\n|-damage|p1a: Dondozo|194/362\n|-damage|p2a: Floatzel|42/283|[from] Recoil\n|move|p1a: Dondozo|Wave Crash|p2a: Floatzel\n|-resisted|p2a: Floatzel\n|-damage|p2a: Floatzel|0 fnt\n|faint|p2a: Floatzel\n|-damage|p1a: Dondozo|180/362|[from] Recoil\n|\n|-heal|p1a: Dondozo|202/362|[from] item: Leftovers\n|upkeep\n|\n|t:|1733900072\n|switch|p2a: Rayquaza|Rayquaza, L72|270/270\n|-ability|p2a: Rayquaza|Air Lock\n|turn|13\n|c|\u2606raceface111|i only have one SpA\n|c|\u2606raceface111|and it's dead lol\n|\n|t:|1733900087\n|move|p2a: Rayquaza|Dragon Ascent|p1a: Dondozo\n|-damage|p1a: Dondozo|78/362\n|-unboost|p2a: Rayquaza|def|1\n|-unboost|p2a: Rayquaza|spd|1\n|move|p1a: Dondozo|Rest|p1a: Dondozo\n|-status|p1a: Dondozo|slp|[from] move: Rest\n|-heal|p1a: Dondozo|362/362 slp|[silent]\n|\n|upkeep\n|turn|14\n|c|\u2606Cheeburbur|arceus?\n|c|\u2606Cheeburbur|damn\n|c|\u2606raceface111|yeah\n|c|\u2606Cheeburbur|these def drops arent gonna do shit\n|c|\u2606Cheeburbur|because of unaware\n|\n|t:|1733900113\n|move|p2a: Rayquaza|Dragon Ascent|p1a: Dondozo\n|-damage|p1a: Dondozo|245/362 slp\n|-unboost|p2a: Rayquaza|def|1\n|-unboost|p2a: Rayquaza|spd|1\n|cant|p1a: Dondozo|slp\n|move|p1a: Dondozo|Sleep Talk|p1a: Dondozo\n|move|p1a: Dondozo|Curse|p1a: Dondozo|[from]move: Sleep Talk\n|-unboost|p1a: Dondozo|spe|1\n|-boost|p1a: Dondozo|atk|1\n|-boost|p1a: Dondozo|def|1\n|\n|-heal|p1a: Dondozo|267/362 slp|[from] item: Leftovers\n|upkeep\n|turn|15\n|c|\u2606raceface111|imma go play battle factory after this lol\n|inactive|Cheeburbur has 120 seconds left.\n|\n|t:|1733900132\n|move|p2a: Rayquaza|Dragon Ascent|p1a: Dondozo\n|-damage|p1a: Dondozo|171/362 slp\n|-unboost|p2a: Rayquaza|def|1\n|-unboost|p2a: Rayquaza|spd|1\n|cant|p1a: Dondozo|slp\n|\n|-heal|p1a: Dondozo|193/362 slp|[from] item: Leftovers\n|upkeep\n|turn|16\n|\n|t:|1733900139\n|move|p2a: Rayquaza|Dragon Ascent|p1a: Dondozo\n|-crit|p1a: Dondozo\n|-damage|p1a: Dondozo|0 fnt\n|-unboost|p2a: Rayquaza|def|1\n|-unboost|p2a: Rayquaza|spd|1\n|faint|p1a: Dondozo\n|\n|upkeep\n|c|\u2606Cheeburbur|damn\n|c|\u2606raceface111|BLESSS\n|inactive|Cheeburbur has 120 seconds left.\n|\n|t:|1733900150\n|switch|p1a: Sneasler|Sneasler, L74, M|240/240\n|turn|17\n|\n|t:|1733900155\n|switch|p2a: Greedent|Greedent, L86, M|296/347 psn\n|-damage|p2a: Greedent|253/347 psn|[from] Spikes\n|move|p1a: Sneasler|Dire Claw|p2a: Greedent\n|-damage|p2a: Greedent|136/347 psn\n|\n|-damage|p2a: Greedent|93/347 psn|[from] psn\n|upkeep\n|turn|18\n|c|\u2606raceface111|arceus died for our sins\n|\n|t:|1733900174\n|move|p1a: Sneasler|Dire Claw|p2a: Greedent\n|-damage|p2a: Greedent|0 fnt\n|faint|p2a: Greedent\n|\n|upkeep\n|\n|t:|1733900181\n|switch|p2a: Avalugg|Avalugg, L88, F|310/310\n|turn|19\n|c|\u2606Cheeburbur|all hail arcoos\n|\n|t:|1733900188\n|switch|p1a: Sunflora|Sunflora, M|312/312\n|move|p2a: Avalugg|Avalanche|p1a: Sunflora\n|-supereffective|p1a: Sunflora\n|-damage|p1a: Sunflora|132/312\n|\n|upkeep\n|turn|20\n|\n|t:|1733900192\n|switch|p2a: Regigigas|Regigigas, L84|322/322\n|-damage|p2a: Regigigas|282/322|[from] Spikes\n|-start|p2a: Regigigas|ability: Slow Start\n|move|p1a: Sunflora|Leaf Storm|p2a: Regigigas\n|-damage|p2a: Regigigas|30/322\n|-unboost|p1a: Sunflora|spa|2\n|\n|-heal|p2a: Regigigas|50/322|[from] item: Leftovers\n|upkeep\n|turn|21\n|\n|t:|1733900196\n|move|p1a: Sunflora|Leaf Storm|p2a: Regigigas\n|-crit|p2a: Regigigas\n|-damage|p2a: Regigigas|0 fnt\n|-unboost|p1a: Sunflora|spa|2\n|faint|p2a: Regigigas\n|-end|p2a: Regigigas|Slow Start|[silent]\n|\n|upkeep\n|\n|t:|1733900204\n|switch|p2a: Rayquaza|Rayquaza, L72|270/270\n|-ability|p2a: Rayquaza|Air Lock\n|turn|22\n|\n|t:|1733900213\n|move|p2a: Rayquaza|U-turn|p1a: Sunflora\n|-supereffective|p1a: Sunflora\n|-damage|p1a: Sunflora|0 fnt\n|faint|p1a: Sunflora\n|\n|t:|1733900215\n|switch|p2a: Avalugg|Avalugg, L88, F|310/310|[from] U-turn\n|\n|upkeep\n|\n|t:|1733900219\n|switch|p1a: Seviper|Seviper, L93, F|287/287\n|turn|23\n|\n|t:|1733900225\n|move|p1a: Seviper|Knock Off|p2a: Avalugg\n|-damage|p2a: Avalugg|252/310\n|-enditem|p2a: Avalugg|Heavy-Duty Boots|[from] move: Knock Off|[of] p1a: Seviper\n|-damage|p1a: Seviper|259/287|[from] item: Life Orb\n|move|p2a: Avalugg|Avalanche|p1a: Seviper\n|-damage|p1a: Seviper|64/287\n|\n|upkeep\n|turn|24\n|\n|t:|1733900228\n|move|p1a: Seviper|Gunk Shot|p2a: Avalugg\n|-damage|p2a: Avalugg|149/310\n|-damage|p1a: Seviper|36/287|[from] item: Life Orb\n|move|p2a: Avalugg|Avalanche|p1a: Seviper\n|-damage|p1a: Seviper|0 fnt\n|faint|p1a: Seviper\n|\n|upkeep\n|\n|t:|1733900231\n|switch|p1a: Sneasler|Sneasler, L74, M|240/240\n|turn|25\n|\n|t:|1733900234\n|-terastallize|p2a: Avalugg|Fighting\n|move|p1a: Sneasler|Dire Claw|p2a: Avalugg\n|-damage|p2a: Avalugg|79/310\n|move|p2a: Avalugg|Avalanche|p1a: Sneasler\n|-damage|p1a: Sneasler|0 fnt\n|faint|p1a: Sneasler\n|\n|win|raceface111\n|raw|Cheeburbur's rating: 1937 &rarr; <strong>1912</strong><br />(-25 for losing)\n|raw|raceface111's rating: 1856 &rarr; <strong>1881</strong><br />(+25 for winning)\n|c|\u2606raceface111|gg\n|c|\u2606raceface111|really good game\n|c|\u2606Cheeburbur|gg\n|c|\u2606Cheeburbur|yes\n|l|\u2606Cheeburbur\n|player|p1|\n|c|\u2606raceface111|bless arceus\n", "inputlog": ">version bfd83cad13791eb5a5a409923076391caf6fb4d4\n>start {\"formatid\":\"gen9randombattle\",\"seed\":[33621,63127,56502,43782],\"rated\":\"Rated battle\"}\n>player p1 {\"name\":\"Cheeburbur\",\"avatar\":\"zinnia\",\"rating\":1937,\"seed\":[61065,54367,18931,25281]}\n>player p2 {\"name\":\"raceface111\",\"avatar\":\"2\",\"rating\":1856,\"seed\":[30603,42066,43374,18474]}\n>p1 move spikes\n>p2 switch 6\n>p1 move stoneedge\n>p2 move earthpower\n>p1 switch 3\n>p2 move calmmind\n>p1 move leechseed\n>p2 move judgment\n>p1 switch 4\n>p1 move direclaw\n>p2 switch 3\n>p1 switch 3\n>p2 move earthquake\n>p1 switch 2\n>p1 move curse\n>p2 switch 5\n>p1 move wavecrash\n>p2 move uturn\n>p2 switch 3\n>p2 switch 4\n>p1 move curse\n>p2 move taunt\n>p1 move wavecrash\n>p2 move bulkup\n>p1 move wavecrash\n>p2 move wavecrash\n>p1 move wavecrash\n>p2 move wavecrash\n>p2 switch 3\n>chat \u2606raceface111|i only have one SpA\n>chat \u2606raceface111|and it's dead lol\n>p1 move rest\n>p2 move dragonascent\n>chat \u2606Cheeburbur|arceus?\n>chat \u2606Cheeburbur|damn \n>chat \u2606raceface111|yeah\n>chat \u2606Cheeburbur|these def drops arent gonna do shit \n>chat \u2606Cheeburbur|because of unaware \n>p1 move sleeptalk\n>p2 move dragonascent\n>chat \u2606raceface111|imma go play battle factory after this lol\n>p1 move wavecrash\n>p2 move dragonascent\n>p1 move rest\n>p2 move dragonascent\n>chat \u2606Cheeburbur|damn \n>chat \u2606raceface111|BLESSS\n>p1 switch 3\n>p1 move direclaw\n>p2 switch 5\n>chat \u2606raceface111|arceus died for our sins\n>p1 move direclaw\n>p2 move earthquake\n>p2 switch 2\n>chat \u2606Cheeburbur|all hail arcoos\n>p1 switch 5\n>p2 move avalanche\n>p1 move leafstorm\n>p2 switch 6\n>p1 move leafstorm\n>p2 move bodyslam\n>p2 switch 5\n>p1 move leafstorm\n>p2 move uturn\n>p2 switch 6\n>p1 switch 6\n>p1 move knockoff\n>p2 move avalanche\n>p1 move gunkshot\n>p2 move avalanche\n>p1 switch 5\n>p1 move direclaw\n>p2 move avalanche terastallize", "uploadtime": 1733900251, "views": 1, "formatid": "gen9randombattle", "rating": 1881, "private": 0, "password": null}