{"id": "gen9randombattle-2260540248", "format": "[Gen 9] Random Battle", "players": ["Njhkjckkh", "sesebseesb"], "log": "|j|\u2606Njhkjckkh\n|j|\u2606sesebseesb\n|t:|1733861559\n|gametype|singles\n|player|p1|Njhkjckkh|169|1143\n|player|p2|sesebseesb|266|1185\n|teamsize|p1|6\n|teamsize|p2|6\n|gen|9\n|tier|[Gen 9] Random Battle\n|rated|\n|rule|Species Clause: Limit one of each Pok\u00e9mon\n|rule|HP Percentage Mod: HP is shown in percentages\n|rule|Sleep Clause Mod: Limit one foe put to sleep\n|rule|Illusion Level Mod: Illusion disguises the Pok\u00e9mon's true level\n|\n|t:|1733861559\n|start\n|switch|p1a: Dunsparce|Dunsparce, L86, M|312/312\n|switch|p2a: Cyclizar|Cyclizar, L83, F|252/252\n|turn|1\n|\n|t:|1733861569\n|move|p2a: Cyclizar|Shed Tail|p2a: Cyclizar\n|-start|p2a: Cyclizar|Substitute|[from] move: Shed Tail\n|-damage|p2a: Cyclizar|126/252\n|\n|t:|1733861589\n|switch|p2a: Camerupt|Camerupt, L91, M|275/275|[from] Shed Tail\n|move|p1a: Dunsparce|Coil|p1a: Dunsparce\n|-boost|p1a: Dunsparce|atk|1\n|-boost|p1a: Dunsparce|def|1\n|-boost|p1a: Dunsparce|accuracy|1\n|\n|upkeep\n|turn|2\n|\n|t:|1733861592\n|move|p1a: Dunsparce|Earthquake|p2a: Camerupt\n|-supereffective|p2a: Camerupt\n|-end|p2a: Camerupt|Substitute\n|move|p2a: Camerupt|Will-O-Wisp|p1a: Dunsparce\n|-status|p1a: Dunsparce|brn\n|\n|-damage|p1a: Dunsparce|293/312 brn|[from] brn\n|upkeep\n|turn|3\n|\n|t:|1733861600\n|move|p1a: Dunsparce|Coil|p1a: Dunsparce\n|-boost|p1a: Dunsparce|atk|1\n|-boost|p1a: Dunsparce|def|1\n|-boost|p1a: Dunsparce|accuracy|1\n|move|p2a: Camerupt|Stealth Rock|p1a: Dunsparce\n|-sidestart|p1: Njhkjckkh|move: Stealth Rock\n|\n|-damage|p1a: Dunsparce|274/312 brn|[from] brn\n|upkeep\n|turn|4\n|\n|t:|1733861606\n|move|p1a: Dunsparce|Coil|p1a: Dunsparce\n|-boost|p1a: Dunsparce|atk|1\n|-boost|p1a: Dunsparce|def|1\n|-boost|p1a: Dunsparce|accuracy|1\n|move|p2a: Camerupt|Overheat|p1a: Dunsparce\n|-damage|p1a: Dunsparce|136/312 brn\n|-unboost|p2a: Camerupt|spa|2\n|\n|-damage|p1a: Dunsparce|117/312 brn|[from] brn\n|upkeep\n|turn|5\n|\n|t:|1733861610\n|switch|p2a: Yanmega|Yanmega, L82, M|275/275\n|move|p1a: Dunsparce|Roost|p1a: Dunsparce\n|-heal|p1a: Dunsparce|273/312 brn\n|-singleturn|p1a: Dunsparce|move: Roost\n|\n|-damage|p1a: Dunsparce|254/312 brn|[from] brn\n|upkeep\n|turn|6\n|\n|t:|1733861613\n|move|p2a: Yanmega|Air Slash|p1a: Dunsparce\n|-damage|p1a: Dunsparce|154/312 brn\n|move|p1a: Dunsparce|Body Slam|p2a: Yanmega\n|-damage|p2a: Yanmega|186/275\n|-status|p2a: Yanmega|par\n|\n|-damage|p1a: Dunsparce|135/312 brn|[from] brn\n|upkeep\n|turn|7\n|\n|t:|1733861616\n|move|p1a: Dunsparce|Body Slam|p2a: Yanmega\n|-damage|p2a: Yanmega|92/275 par\n|cant|p2a: Yanmega|par\n|\n|-damage|p1a: Dunsparce|116/312 brn|[from] brn\n|upkeep\n|turn|8\n|\n|t:|1733861619\n|move|p1a: Dunsparce|Body Slam|p2a: Yanmega\n|-damage|p2a: Yanmega|0 fnt\n|faint|p2a: Yanmega\n|\n|-damage|p1a: Dunsparce|97/312 brn|[from] brn\n|upkeep\n|\n|t:|1733861622\n|switch|p2a: Volcanion|Volcanion, L79|256/256\n|turn|9\n|\n|t:|1733861625\n|move|p2a: Volcanion|Steam Eruption|p1a: Dunsparce\n|-damage|p1a: Dunsparce|0 fnt\n|faint|p1a: Dunsparce\n|\n|upkeep\n|\n|t:|1733861631\n|switch|p1a: Smeargle|Smeargle, L95, M|258/258\n|-damage|p1a: Smeargle|226/258|[from] Stealth Rock\n|turn|10\n|\n|t:|1733861649\n|switch|p2a: Sandaconda|Sandaconda, L84, M|258/258\n|move|p1a: Smeargle|Spore|p2a: Sandaconda\n|-status|p2a: Sandaconda|slp|[from] move: Spore\n|\n|upkeep\n|turn|11\n|\n|t:|1733861659\n|move|p1a: Smeargle|Shell Smash|p1a: Smeargle\n|-unboost|p1a: Smeargle|def|1\n|-unboost|p1a: Smeargle|spd|1\n|-boost|p1a: Smeargle|atk|2\n|-boost|p1a: Smeargle|spa|2\n|-boost|p1a: Smeargle|spe|2\n|cant|p2a: Sandaconda|slp\n|\n|upkeep\n|turn|12\n|\n|t:|1733861661\n|move|p1a: Smeargle|Shell Smash|p1a: Smeargle\n|-unboost|p1a: Smeargle|def|1\n|-unboost|p1a: Smeargle|spd|1\n|-boost|p1a: Smeargle|atk|2\n|-boost|p1a: Smeargle|spa|2\n|-boost|p1a: Smeargle|spe|2\n|-curestatus|p2a: Sandaconda|slp|[msg]\n|move|p2a: Sandaconda|Earthquake|p1a: Smeargle\n|-damage|p1a: Smeargle|0 fnt\n|faint|p1a: Smeargle\n|\n|upkeep\n|-message|Njhkjckkh forfeited.\n|\n|win|sesebseesb\n|raw|Njhkjckkh's rating: 1143 &rarr; <strong>1123</strong><br />(-20 for losing)\n|raw|sesebseesb's rating: 1208 &rarr; <strong>1228</strong><br />(+20 for winning)\n|l|\u2606Njhkjckkh\n|player|p1|\n", "inputlog": ">version bfd83cad13791eb5a5a409923076391caf6fb4d4\n>start {\"formatid\":\"gen9randombattle\",\"seed\":[35351,1057,30897,2481],\"rated\":\"Rated battle\"}\n>player p1 {\"name\":\"Njhkjckkh\",\"avatar\":\"169\",\"rating\":1143,\"seed\":[38106,55573,27660,37490]}\n>player p2 {\"name\":\"sesebseesb\",\"avatar\":\"266\",\"rating\":1185,\"seed\":[1211,1976,62643,15943]}\n>p1 move coil\n>p2 move shedtail\n>p2 switch 6\n>p1 move earthquake\n>p2 move willowisp\n>p1 move coil\n>p2 move stealthrock\n>p1 move coil\n>p2 move overheat\n>p1 move roost\n>p2 switch 5\n>p1 move bodyslam\n>p2 move airslash\n>p1 move bodyslam\n>p2 move airslash\n>p1 move bodyslam\n>p2 move airslash\n>p2 switch 2\n>p1 move roost\n>p2 move steameruption\n>p1 switch 3\n>p1 move spore\n>p2 switch 3\n>p1 move shellsmash\n>p2 move glare\n>p1 move shellsmash\n>p2 move earthquake\n>forcelose p1", "uploadtime": 1733861671, "views": 1, "formatid": "gen9randombattle", "rating": 1123, "private": 0, "password": null}