{"id": "gen9randombattle-2260376599", "format": "[Gen 9] Random Battle", "players": ["GermanVersion", "Louisf555"], "log": "|j|\u2606GermanVersion\n|j|\u2606Louisf555\n|t:|1733845550\n|gametype|singles\n|player|p1|GermanVersion|265|1218\n|player|p2|Louisf555|265|1263\n|teamsize|p1|6\n|teamsize|p2|6\n|gen|9\n|tier|[Gen 9] Random Battle\n|rated|\n|rule|Species Clause: Limit one of each Pok\u00e9mon\n|rule|HP Percentage Mod: HP is shown in percentages\n|rule|Sleep Clause Mod: Limit one foe put to sleep\n|rule|Illusion Level Mod: Illusion disguises the Pok\u00e9mon's true level\n|\n|t:|1733845550\n|start\n|switch|p1a: Lapras|Lapras, L87, M|368/368\n|switch|p2a: Infernape|Infernape, L82, M|259/259\n|turn|1\n|inactive|Battle timer is ON: inactive players will automatically lose when time's up. (requested by Louisf555)\n|\n|t:|1733845560\n|switch|p2a: Comfey|Comfey, L85, F|225/225\n|move|p1a: Lapras|Sparkling Aria|p2a: Comfey\n|-damage|p2a: Comfey|150/225\n|\n|-heal|p2a: Comfey|164/225|[from] item: Leftovers\n|upkeep\n|turn|2\n|\n|t:|1733845570\n|switch|p1a: Komala|Komala, L89, F|260/260\n|-ability|p1a: Komala|Comatose\n|move|p2a: Comfey|Calm Mind|p2a: Comfey\n|-boost|p2a: Comfey|spa|1\n|-boost|p2a: Comfey|spd|1\n|\n|-heal|p2a: Comfey|178/225|[from] item: Leftovers\n|upkeep\n|turn|3\n|\n|t:|1733845578\n|move|p2a: Comfey|Draining Kiss|p1a: Komala\n|-damage|p1a: Komala|196/260\n|-heal|p2a: Comfey|225/225|[from] drain|[of] p1a: Komala\n|move|p1a: Komala|Double-Edge|p2a: Comfey\n|-damage|p2a: Comfey|72/225\n|-damage|p1a: Komala|146/260|[from] Recoil\n|\n|-heal|p2a: Comfey|86/225|[from] item: Leftovers\n|upkeep\n|turn|4\n|\n|t:|1733845600\n|switch|p2a: Avalugg|Avalugg, L88, F|310/310\n|move|p1a: Komala|Double-Edge|p2a: Avalugg\n|-damage|p2a: Avalugg|220/310\n|-damage|p1a: Komala|116/260|[from] Recoil\n|\n|upkeep\n|turn|5\n|\n|t:|1733845613\n|switch|p1a: Klefki|Klefki, L84, M|233/233\n|move|p2a: Avalugg|Recover|p2a: Avalugg\n|-heal|p2a: Avalugg|310/310\n|\n|upkeep\n|turn|6\n|\n|t:|1733845628\n|switch|p2a: Infernape|Infernape, L82, M|259/259\n|move|p1a: Klefki|Spikes|p2a: Infernape\n|-sidestart|p2: Louisf555|Spikes\n|\n|upkeep\n|turn|7\n|\n|t:|1733845644\n|switch|p1a: Lapras|Lapras, L87, M|368/368\n|move|p2a: Infernape|Close Combat|p1a: Lapras\n|-supereffective|p1a: Lapras\n|-damage|p1a: Lapras|30/368\n|-unboost|p2a: Infernape|def|1\n|-unboost|p2a: Infernape|spd|1\n|-damage|p2a: Infernape|234/259|[from] item: Life Orb\n|\n|upkeep\n|turn|8\n|inactive|Louisf555 has 120 seconds left.\n|\n|t:|1733845660\n|move|p2a: Infernape|Close Combat|p1a: Lapras\n|-supereffective|p1a: Lapras\n|-damage|p1a: Lapras|0 fnt\n|-unboost|p2a: Infernape|def|1\n|-unboost|p2a: Infernape|spd|1\n|faint|p1a: Lapras\n|-damage|p2a: Infernape|209/259|[from] item: Life Orb\n|\n|upkeep\n|\n|t:|1733845669\n|switch|p1a: Komala|Komala, L89, F|116/260\n|-ability|p1a: Komala|Comatose\n|turn|9\n|\n|t:|1733845679\n|switch|p2a: Avalugg|Avalugg, L88, F|310/310\n|move|p1a: Komala|Knock Off|p2a: Avalugg\n|-damage|p2a: Avalugg|261/310\n|-enditem|p2a: Avalugg|Heavy-Duty Boots|[from] move: Knock Off|[of] p1a: Komala\n|\n|upkeep\n|turn|10\n|\n|t:|1733845691\n|switch|p1a: Klefki|Klefki, L84, M|233/233\n|move|p2a: Avalugg|Body Press|p1a: Klefki\n|-damage|p1a: Klefki|129/233\n|\n|-heal|p1a: Klefki|143/233|[from] item: Leftovers\n|upkeep\n|turn|11\n|\n|t:|1733845697\n|move|p1a: Klefki|Thunder Wave|p2a: Avalugg\n|-status|p2a: Avalugg|par\n|move|p2a: Avalugg|Body Press|p1a: Klefki\n|-damage|p1a: Klefki|38/233\n|\n|-heal|p1a: Klefki|52/233|[from] item: Leftovers\n|upkeep\n|turn|12\n|\n|t:|1733845703\n|move|p1a: Klefki|Spikes|p2a: Avalugg\n|-sidestart|p2: Louisf555|Spikes\n|cant|p2a: Avalugg|par\n|\n|-heal|p1a: Klefki|66/233|[from] item: Leftovers\n|upkeep\n|turn|13\n|\n|t:|1733845708\n|move|p1a: Klefki|Spikes|p2a: Avalugg\n|-sidestart|p2: Louisf555|Spikes\n|cant|p2a: Avalugg|par\n|\n|-heal|p1a: Klefki|80/233|[from] item: Leftovers\n|upkeep\n|turn|14\n|\n|t:|1733845727\n|move|p1a: Klefki|Play Rough|p2a: Avalugg\n|-damage|p2a: Avalugg|218/310 par\n|move|p2a: Avalugg|Curse|p2a: Avalugg\n|-unboost|p2a: Avalugg|spe|1\n|-boost|p2a: Avalugg|atk|1\n|-boost|p2a: Avalugg|def|1\n|\n|-heal|p1a: Klefki|94/233|[from] item: Leftovers\n|upkeep\n|turn|15\n|\n|t:|1733845735\n|switch|p1a: Regidrago|Regidrago, L77|435/435\n|move|p2a: Avalugg|Curse|p2a: Avalugg\n|-unboost|p2a: Avalugg|spe|1\n|-boost|p2a: Avalugg|atk|1\n|-boost|p2a: Avalugg|def|1\n|\n|upkeep\n|turn|16\n|\n|t:|1733845743\n|move|p1a: Regidrago|Dragon Energy|p2a: Avalugg\n|-damage|p2a: Avalugg|0 fnt\n|faint|p2a: Avalugg\n|\n|upkeep\n|\n|t:|1733845754\n|switch|p2a: Coalossal|Coalossal, L89, F|341/341\n|turn|17\n|\n|t:|1733845758\n|-terastallize|p1a: Regidrago|Dragon\n|move|p1a: Regidrago|Dragon Energy|p2a: Coalossal\n|-damage|p2a: Coalossal|109/341\n|move|p2a: Coalossal|Rapid Spin|p1a: Regidrago\n|-damage|p1a: Regidrago|382/435\n|-boost|p2a: Coalossal|spe|1\n|-sideend|p2: Louisf555|Spikes|[from] move: Rapid Spin|[of] p2a: Coalossal\n|\n|upkeep\n|turn|18\n|\n|t:|1733845772\n|move|p1a: Regidrago|Dragon Energy|p2a: Coalossal\n|-crit|p2a: Coalossal\n|-damage|p2a: Coalossal|0 fnt\n|faint|p2a: Coalossal\n|\n|upkeep\n|\n|t:|1733845781\n|switch|p2a: Comfey|Comfey, L85, F|86/225\n|turn|19\n|\n|t:|1733845791\n|switch|p1a: Klefki|Klefki, L84, M|94/233\n|move|p2a: Comfey|Draining Kiss|p1a: Klefki\n|-resisted|p1a: Klefki\n|-damage|p1a: Klefki|72/233\n|-heal|p2a: Comfey|103/225|[from] drain|[of] p1a: Klefki\n|\n|-heal|p2a: Comfey|117/225|[from] item: Leftovers\n|-heal|p1a: Klefki|86/233|[from] item: Leftovers\n|upkeep\n|turn|20\n|\n|t:|1733845800\n|switch|p2a: Infernape|Infernape, L82, M|209/259\n|move|p1a: Klefki|Thunder Wave|p2a: Infernape\n|-status|p2a: Infernape|par\n|\n|-heal|p1a: Klefki|100/233|[from] item: Leftovers\n|upkeep\n|turn|21\n|\n|t:|1733845812\n|move|p1a: Klefki|Spikes|p2a: Infernape\n|-sidestart|p2: Louisf555|Spikes\n|move|p2a: Infernape|Close Combat|p1a: Klefki\n|-damage|p1a: Klefki|0 fnt\n|-unboost|p2a: Infernape|def|1\n|-unboost|p2a: Infernape|spd|1\n|faint|p1a: Klefki\n|-damage|p2a: Infernape|184/259 par|[from] item: Life Orb\n|\n|upkeep\n|\n|t:|1733845814\n|switch|p1a: Komala|Komala, L89, F|116/260\n|-ability|p1a: Komala|Comatose\n|turn|22\n|\n|t:|1733845817\n|move|p1a: Komala|Double-Edge|p2a: Infernape\n|-damage|p2a: Infernape|0 fnt\n|faint|p2a: Infernape\n|-damage|p1a: Komala|55/260|[from] Recoil\n|\n|upkeep\n|\n|t:|1733845826\n|switch|p2a: Comfey|Comfey, L85, F|117/225\n|-damage|p2a: Comfey|89/225|[from] Spikes\n|turn|23\n|\n|t:|1733845830\n|move|p2a: Comfey|Draining Kiss|p1a: Komala\n|-damage|p1a: Komala|9/260\n|-heal|p2a: Comfey|124/225|[from] drain|[of] p1a: Komala\n|move|p1a: Komala|Double-Edge|p2a: Comfey\n|-damage|p2a: Comfey|0 fnt\n|faint|p2a: Comfey\n|-damage|p1a: Komala|0 fnt|[from] Recoil\n|faint|p1a: Komala\n|\n|upkeep\n|\n|t:|1733845847\n|switch|p2a: Thundurus|Thundurus, L80, M|258/258\n|switch|p1a: Lokix|Lokix, L82, M|251/251\n|turn|24\n|\n|t:|1733845857\n|-terastallize|p2a: Thundurus|Flying\n|move|p2a: Thundurus|Acrobatics|p1a: Lokix\n|-supereffective|p1a: Lokix\n|-damage|p1a: Lokix|0 fnt\n|faint|p1a: Lokix\n|\n|upkeep\n|\n|t:|1733845864\n|switch|p1a: Noctowl|Noctowl, L95, M|344/344\n|turn|25\n|\n|t:|1733845868\n|move|p2a: Thundurus|Thunderbolt|p1a: Noctowl\n|-supereffective|p1a: Noctowl\n|-damage|p1a: Noctowl|150/344\n|move|p1a: Noctowl|Hyper Voice|p2a: Thundurus\n|-damage|p2a: Thundurus|135/258\n|\n|upkeep\n|turn|26\n|\n|t:|1733845874\n|move|p2a: Thundurus|Thunderbolt|p1a: Noctowl\n|-supereffective|p1a: Noctowl\n|-damage|p1a: Noctowl|0 fnt\n|faint|p1a: Noctowl\n|\n|upkeep\n|\n|t:|1733845876\n|switch|p1a: Regidrago|Regidrago, L77, tera:Dragon|382/435\n|turn|27\n|\n|t:|1733845881\n|move|p1a: Regidrago|Dragon Energy|p2a: Thundurus\n|-damage|p2a: Thundurus|0 fnt\n|faint|p2a: Thundurus\n|\n|upkeep\n|\n|t:|1733845888\n|switch|p2a: Suicune|Suicune, L82|298/298\n|-damage|p2a: Suicune|261/298|[from] Spikes\n|-ability|p2a: Suicune|Pressure\n|turn|28\n|\n|t:|1733845895\n|move|p1a: Regidrago|Dragon Energy|p2a: Suicune\n|-damage|p2a: Suicune|47/298\n|move|p2a: Suicune|Calm Mind|p2a: Suicune\n|-boost|p2a: Suicune|spa|1\n|-boost|p2a: Suicune|spd|1\n|\n|-heal|p2a: Suicune|65/298|[from] item: Leftovers\n|upkeep\n|turn|29\n|\n|t:|1733845900\n|move|p1a: Regidrago|Dragon Energy|p2a: Suicune\n|-damage|p2a: Suicune|0 fnt\n|faint|p2a: Suicune\n|\n|win|GermanVersion\n|raw|GermanVersion's rating: 1218 &rarr; <strong>1246</strong><br />(+28 for winning)\n|raw|Louisf555's rating: 1263 &rarr; <strong>1235</strong><br />(-28 for losing)\n|l|\u2606Louisf555\n|player|p2|\n", "inputlog": ">version bfd83cad13791eb5a5a409923076391caf6fb4d4\n>start {\"formatid\":\"gen9randombattle\",\"seed\":[3384,12613,48456,48779],\"rated\":\"Rated battle\"}\n>player p1 {\"name\":\"GermanVersion\",\"avatar\":\"265\",\"rating\":1218,\"seed\":[29739,15107,24117,9954]}\n>player p2 {\"name\":\"Louisf555\",\"avatar\":\"265\",\"rating\":1263,\"seed\":[16213,41084,43784,36806]}\n>p1 move sparklingaria\n>p2 switch 5\n>p1 switch 4\n>p2 move calmmind\n>p1 move doubleedge\n>p2 move drainingkiss\n>p1 move doubleedge\n>p2 switch 4\n>p1 switch 2\n>p2 move recover\n>p1 move spikes\n>p2 switch 5\n>p1 switch 4\n>p2 move closecombat\n>p1 move sparklingaria\n>p2 move closecombat\n>p1 switch 2\n>p1 move knockoff\n>p2 switch 5\n>p1 switch 4\n>p2 move bodypress\n>p1 move thunderwave\n>p2 move bodypress\n>p1 move spikes\n>p2 move curse\n>p1 move spikes\n>p2 move curse\n>p1 move playrough\n>p2 move curse\n>p1 switch 6\n>p2 move curse\n>p1 move dragonenergy\n>p2 move avalanche\n>p2 switch 3\n>p1 move dragonenergy terastallize\n>p2 move rapidspin\n>p1 move dragonenergy\n>p2 move stoneedge\n>p2 switch 4\n>p1 switch 6\n>p2 move drainingkiss\n>p1 move thunderwave\n>p2 switch 5\n>p1 move spikes\n>p2 move closecombat\n>p1 switch 4\n>p1 move doubleedge\n>p2 move overheat\n>p2 switch 5\n>p1 move doubleedge\n>p2 move drainingkiss\n>p1 switch 5\n>p2 switch 6\n>p1 move knockoff\n>p2 move acrobatics terastallize\n>p1 switch 3\n>p1 move hypervoice\n>p2 move thunderbolt\n>p1 move hypervoice\n>p2 move thunderbolt\n>p1 switch 6\n>p1 move dragonenergy\n>p2 move acrobatics\n>p2 switch 2\n>p1 move dragonenergy\n>p2 move calmmind\n>p1 move dragonenergy\n>p2 move rest", "uploadtime": 1733845911, "views": 8, "formatid": "gen9randombattle", "rating": 1235, "private": 0, "password": null}