{"id": "gen9randombattle-2260661279", "format": "[Gen 9] Random Battle", "players": ["ramnsack", "tththth"], "log": "|j|\u2606ramnsack\n|j|\u2606tththth\n|t:|1733875193\n|gametype|singles\n|player|p1|ramnsack|red|1042\n|player|p2|tththth|265|1090\n|teamsize|p1|6\n|teamsize|p2|6\n|gen|9\n|tier|[Gen 9] Random Battle\n|rated|\n|rule|Species Clause: Limit one of each Pok\u00e9mon\n|rule|HP Percentage Mod: HP is shown in percentages\n|rule|Sleep Clause Mod: Limit one foe put to sleep\n|rule|Illusion Level Mod: Illusion disguises the Pok\u00e9mon's true level\n|\n|t:|1733875193\n|start\n|switch|p1a: Mudsdale|Mudsdale, L84, M|305/305\n|switch|p2a: Dondozo|Dondozo, L78, F|362/362\n|turn|1\n|\n|t:|1733875205\n|switch|p1a: Pawmot|Pawmot, L80, F|243/243\n|-terastallize|p2a: Dondozo|Dragon\n|move|p2a: Dondozo|Curse|p2a: Dondozo\n|-unboost|p2a: Dondozo|spe|1\n|-boost|p2a: Dondozo|atk|1\n|-boost|p2a: Dondozo|def|1\n|\n|upkeep\n|turn|2\n|\n|t:|1733875222\n|move|p1a: Pawmot|Ice Punch|p2a: Dondozo\n|-supereffective|p2a: Dondozo\n|-damage|p2a: Dondozo|261/362\n|-damage|p1a: Pawmot|219/243|[from] item: Life Orb\n|move|p2a: Dondozo|Wave Crash|p1a: Pawmot\n|-damage|p1a: Pawmot|3/243\n|-damage|p2a: Dondozo|190/362|[from] Recoil\n|\n|-heal|p2a: Dondozo|212/362|[from] item: Leftovers\n|upkeep\n|turn|3\n|\n|t:|1733875239\n|move|p1a: Pawmot|Close Combat|p2a: Dondozo\n|-damage|p2a: Dondozo|118/362\n|-unboost|p1a: Pawmot|def|1\n|-unboost|p1a: Pawmot|spd|1\n|-damage|p1a: Pawmot|0 fnt|[from] item: Life Orb\n|faint|p1a: Pawmot\n|move|p2a: Dondozo|Rest|p2a: Dondozo\n|-status|p2a: Dondozo|slp|[from] move: Rest\n|-heal|p2a: Dondozo|362/362 slp|[silent]\n|\n|upkeep\n|\n|t:|1733875255\n|switch|p1a: Mudsdale|Mudsdale, L84, M|305/305\n|turn|4\n|\n|t:|1733875266\n|-terastallize|p1a: Mudsdale|Steel\n|move|p1a: Mudsdale|Earthquake|p2a: Dondozo\n|-damage|p2a: Dondozo|283/362 slp\n|cant|p2a: Dondozo|slp\n|\n|-heal|p2a: Dondozo|305/362 slp|[from] item: Leftovers\n|upkeep\n|turn|5\n|\n|t:|1733875278\n|move|p1a: Mudsdale|Stone Edge|p2a: Dondozo\n|-damage|p2a: Dondozo|253/362 slp\n|cant|p2a: Dondozo|slp\n|move|p2a: Dondozo|Sleep Talk|p2a: Dondozo\n|move|p2a: Dondozo|Curse|p2a: Dondozo|[from]move: Sleep Talk\n|-unboost|p2a: Dondozo|spe|1\n|-boost|p2a: Dondozo|atk|1\n|-boost|p2a: Dondozo|def|1\n|\n|-heal|p2a: Dondozo|275/362 slp|[from] item: Leftovers\n|upkeep\n|turn|6\n|\n|t:|1733875296\n|switch|p1a: Keldeo|Keldeo-Resolute, L79|273/273\n|-curestatus|p2a: Dondozo|slp|[msg]\n|move|p2a: Dondozo|Curse|p2a: Dondozo\n|-unboost|p2a: Dondozo|spe|1\n|-boost|p2a: Dondozo|atk|1\n|-boost|p2a: Dondozo|def|1\n|\n|-heal|p2a: Dondozo|297/362|[from] item: Leftovers\n|upkeep\n|turn|7\n|\n|t:|1733875311\n|move|p1a: Keldeo|Surf|p2a: Dondozo\n|-resisted|p2a: Dondozo\n|-damage|p2a: Dondozo|228/362\n|move|p2a: Dondozo|Wave Crash|p1a: Keldeo\n|-resisted|p1a: Keldeo\n|-damage|p1a: Keldeo|127/273\n|-damage|p2a: Dondozo|180/362|[from] Recoil\n|\n|-heal|p1a: Keldeo|144/273|[from] item: Leftovers\n|-heal|p2a: Dondozo|202/362|[from] item: Leftovers\n|upkeep\n|turn|8\n|\n|t:|1733875324\n|move|p1a: Keldeo|Surf|p2a: Dondozo\n|-resisted|p2a: Dondozo\n|-damage|p2a: Dondozo|133/362\n|move|p2a: Dondozo|Sleep Talk||[still]\n|-fail|p2a: Dondozo\n|\n|-heal|p1a: Keldeo|161/273|[from] item: Leftovers\n|-heal|p2a: Dondozo|155/362|[from] item: Leftovers\n|upkeep\n|turn|9\n|\n|t:|1733875338\n|switch|p1a: Luxray|Luxray, L88, M|284/284\n|-ability|p1a: Luxray|Intimidate|boost\n|-unboost|p2a: Dondozo|atk|1\n|move|p2a: Dondozo|Rest|p2a: Dondozo\n|-status|p2a: Dondozo|slp|[from] move: Rest\n|-heal|p2a: Dondozo|362/362 slp|[silent]\n|\n|upkeep\n|turn|10\n|\n|t:|1733875351\n|move|p1a: Luxray|Volt Switch|p2a: Dondozo\n|-resisted|p2a: Dondozo\n|-damage|p2a: Dondozo|312/362 slp\n|\n|t:|1733875358\n|switch|p1a: Porygon2|Porygon2, L82|274/274|[from] Volt Switch\n|-ability|p1a: Porygon2|Download|boost\n|-boost|p1a: Porygon2|spa|1\n|cant|p2a: Dondozo|slp\n|\n|-heal|p2a: Dondozo|334/362 slp|[from] item: Leftovers\n|upkeep\n|turn|11\n|\n|t:|1733875412\n|move|p1a: Porygon2|Ice Beam|p2a: Dondozo\n|-supereffective|p2a: Dondozo\n|-crit|p2a: Dondozo\n|-damage|p2a: Dondozo|94/362 slp\n|cant|p2a: Dondozo|slp\n|\n|-heal|p2a: Dondozo|116/362 slp|[from] item: Leftovers\n|upkeep\n|turn|12\n|\n|t:|1733875422\n|switch|p2a: Zapdos|Zapdos, L78|268/268\n|move|p1a: Porygon2|Ice Beam|p2a: Zapdos\n|-supereffective|p2a: Zapdos\n|-damage|p2a: Zapdos|60/268\n|\n|upkeep\n|turn|13\n|\n|t:|1733875429\n|move|p2a: Zapdos|Hurricane|p1a: Porygon2\n|-damage|p1a: Porygon2|195/274\n|move|p1a: Porygon2|Ice Beam|p2a: Zapdos\n|-supereffective|p2a: Zapdos\n|-damage|p2a: Zapdos|0 fnt\n|faint|p2a: Zapdos\n|\n|upkeep\n|\n|t:|1733875438\n|switch|p2a: Lurantis|Lurantis, L87, M|264/264\n|turn|14\n|\n|t:|1733875442\n|move|p1a: Porygon2|Ice Beam|p2a: Lurantis\n|-supereffective|p2a: Lurantis\n|-damage|p2a: Lurantis|136/264\n|move|p2a: Lurantis|Superpower|p1a: Porygon2\n|-supereffective|p1a: Porygon2\n|-damage|p1a: Porygon2|59/274\n|-boost|p2a: Lurantis|atk|1\n|-boost|p2a: Lurantis|def|1\n|\n|upkeep\n|turn|15\n|\n|t:|1733875452\n|move|p1a: Porygon2|Ice Beam|p2a: Lurantis\n|-supereffective|p2a: Lurantis\n|-damage|p2a: Lurantis|10/264\n|move|p2a: Lurantis|Leech Life|p1a: Porygon2\n|-damage|p1a: Porygon2|0 fnt\n|-heal|p2a: Lurantis|40/264|[from] drain|[of] p1a: Porygon2\n|faint|p1a: Porygon2\n|\n|upkeep\n|\n|t:|1733875463\n|switch|p1a: Gouging Fire|Gouging Fire, L74|277/277\n|turn|16\n|\n|t:|1733875468\n|move|p1a: Gouging Fire|Heat Crash|p2a: Lurantis\n|-supereffective|p2a: Lurantis\n|-damage|p2a: Lurantis|0 fnt\n|faint|p2a: Lurantis\n|\n|upkeep\n|\n|t:|1733875495\n|switch|p2a: Mimikyu|Mimikyu, L79, M|216/216\n|turn|17\n|\n|t:|1733875508\n|move|p2a: Mimikyu|Drain Punch|p1a: Gouging Fire\n|-damage|p1a: Gouging Fire|229/277\n|-damage|p2a: Mimikyu|195/216|[from] item: Life Orb\n|move|p1a: Gouging Fire|Heat Crash|p2a: Mimikyu\n|-activate|p2a: Mimikyu|ability: Disguise\n|-damage|p2a: Mimikyu|195/216\n|detailschange|p2a: Mimikyu|Mimikyu-Busted, L79, M\n|-damage|p2a: Mimikyu|168/216|[from] pokemon: Mimikyu-Busted\n|\n|upkeep\n|turn|18\n|\n|t:|1733875521\n|move|p2a: Mimikyu|Swords Dance|p2a: Mimikyu\n|-boost|p2a: Mimikyu|atk|2\n|move|p1a: Gouging Fire|Heat Crash|p2a: Mimikyu\n|-damage|p2a: Mimikyu|48/216\n|\n|upkeep\n|turn|19\n|\n|t:|1733875528\n|move|p2a: Mimikyu|Drain Punch|p1a: Gouging Fire\n|-damage|p1a: Gouging Fire|125/277\n|-heal|p2a: Mimikyu|100/216|[from] drain|[of] p1a: Gouging Fire\n|-damage|p2a: Mimikyu|79/216|[from] item: Life Orb\n|move|p1a: Gouging Fire|Heat Crash|p2a: Mimikyu\n|-damage|p2a: Mimikyu|0 fnt\n|faint|p2a: Mimikyu\n|\n|upkeep\n|\n|t:|1733875536\n|switch|p2a: Rillaboom|Rillaboom, L79, M|288/288\n|-fieldstart|move: Grassy Terrain|[from] ability: Grassy Surge|[of] p2a: Rillaboom\n|turn|20\n|\n|t:|1733875542\n|move|p2a: Rillaboom|Wood Hammer|p1a: Gouging Fire\n|-resisted|p1a: Gouging Fire\n|-damage|p1a: Gouging Fire|70/277\n|-damage|p2a: Rillaboom|270/288|[from] Recoil\n|-damage|p2a: Rillaboom|242/288|[from] item: Life Orb\n|move|p1a: Gouging Fire|Heat Crash|p2a: Rillaboom\n|-supereffective|p2a: Rillaboom\n|-crit|p2a: Rillaboom\n|-damage|p2a: Rillaboom|0 fnt\n|faint|p2a: Rillaboom\n|\n|-heal|p1a: Gouging Fire|87/277|[from] Grassy Terrain\n|upkeep\n|\n|t:|1733875553\n|switch|p2a: Ursaring|Ursaring, L84, M|288/288\n|turn|21\n|\n|t:|1733875563\n|-end|p1a: Gouging Fire|Protosynthesis|[silent]\n|switch|p1a: Mudsdale|Mudsdale, L84, M, tera:Steel|305/305\n|move|p2a: Ursaring|Facade|p1a: Mudsdale\n|-resisted|p1a: Mudsdale\n|-damage|p1a: Mudsdale|266/305\n|-ability|p1a: Mudsdale|Stamina|boost\n|-boost|p1a: Mudsdale|def|1\n|\n|-heal|p1a: Mudsdale|285/305|[from] Grassy Terrain\n|-heal|p1a: Mudsdale|304/305|[from] item: Leftovers\n|-status|p2a: Ursaring|tox|[from] item: Toxic Orb\n|upkeep\n|turn|22\n|\n|t:|1733875578\n|move|p2a: Ursaring|Close Combat|p1a: Mudsdale\n|-supereffective|p1a: Mudsdale\n|-damage|p1a: Mudsdale|164/305\n|-unboost|p2a: Ursaring|def|1\n|-unboost|p2a: Ursaring|spd|1\n|-ability|p1a: Mudsdale|Stamina|boost\n|-boost|p1a: Mudsdale|def|1\n|move|p1a: Mudsdale|Earthquake|p2a: Ursaring\n|-damage|p2a: Ursaring|183/288 tox\n|\n|-heal|p2a: Ursaring|201/288 tox|[from] Grassy Terrain\n|-heal|p1a: Mudsdale|183/305|[from] Grassy Terrain\n|-heal|p1a: Mudsdale|202/305|[from] item: Leftovers\n|-damage|p2a: Ursaring|183/288 tox|[from] psn\n|upkeep\n|turn|23\n|\n|t:|1733875597\n|move|p2a: Ursaring|Crunch|p1a: Mudsdale\n|-damage|p1a: Mudsdale|168/305\n|-ability|p1a: Mudsdale|Stamina|boost\n|-boost|p1a: Mudsdale|def|1\n|move|p1a: Mudsdale|Heavy Slam|p2a: Ursaring\n|-damage|p2a: Ursaring|0 fnt\n|faint|p2a: Ursaring\n|\n|-heal|p1a: Mudsdale|187/305|[from] Grassy Terrain\n|-heal|p1a: Mudsdale|206/305|[from] item: Leftovers\n|upkeep\n|\n|t:|1733875606\n|switch|p2a: Dondozo|Dondozo, L78, F, tera:Dragon|116/362 slp\n|turn|24\n|\n|t:|1733875612\n|move|p1a: Mudsdale|Heavy Slam|p2a: Dondozo\n|-damage|p2a: Dondozo|0 fnt\n|faint|p2a: Dondozo\n|\n|win|ramnsack\n|raw|ramnsack's rating: 1042 &rarr; <strong>1080</strong><br />(+38 for winning)\n|raw|tththth's rating: 1090 &rarr; <strong>1063</strong><br />(-27 for losing)\n", "inputlog": ">version bfd83cad13791eb5a5a409923076391caf6fb4d4\n>start {\"formatid\":\"gen9randombattle\",\"seed\":[19865,30745,29366,54365],\"rated\":\"Rated battle\"}\n>player p1 {\"name\":\"ramnsack\",\"avatar\":\"red\",\"rating\":1042,\"seed\":[16199,60187,21140,51730]}\n>player p2 {\"name\":\"tththth\",\"avatar\":\"265\",\"rating\":1090,\"seed\":[57114,31210,44210,16748]}\n>p1 switch 2\n>p2 move curse terastallize\n>p1 move icepunch\n>p2 move wavecrash\n>p1 move closecombat\n>p2 move rest\n>p1 switch 2\n>p1 move earthquake terastallize\n>p2 move wavecrash\n>p1 move stoneedge\n>p2 move sleeptalk\n>p1 switch 5\n>p2 move curse\n>p1 move surf\n>p2 move wavecrash\n>p1 move surf\n>p2 move sleeptalk\n>p1 switch 6\n>p2 move rest\n>p1 move voltswitch\n>p2 move curse\n>p1 switch 4\n>p1 move icebeam\n>p2 move wavecrash\n>p1 move icebeam\n>p2 switch 2\n>p1 move icebeam\n>p2 move hurricane\n>p2 switch 6\n>p1 move icebeam\n>p2 move superpower\n>p1 move icebeam\n>p2 move leechlife\n>p1 switch 3\n>p1 move heatcrash\n>p2 move knockoff\n>p2 switch 5\n>p1 move heatcrash\n>p2 move drainpunch\n>p1 move heatcrash\n>p2 move swordsdance\n>p1 move heatcrash\n>p2 move drainpunch\n>p2 switch 4\n>p1 move heatcrash\n>p2 move woodhammer\n>p2 switch 3\n>p1 switch 5\n>p2 move facade\n>p1 move earthquake\n>p2 move closecombat\n>p1 move heavyslam\n>p2 move crunch\n>p2 switch 2\n>p1 move heavyslam\n>p2 move wavecrash", "uploadtime": 1733875627, "views": 2, "formatid": "gen9randombattle", "rating": 1063, "private": 0, "password": null}