{"id": "gen9randombattle-2260097998", "format": "[Gen 9] Random Battle", "players": ["Osiris' Requiem", "Garfungoid"], "log": "|j|\u2606Osiris' Requiem\n|j|\u2606Garfungoid\n|t:|1733802102\n|gametype|singles\n|player|p1|Osiris' Requiem|fennel|1368\n|player|p2|Garfungoid|lyra|1332\n|teamsize|p1|6\n|teamsize|p2|6\n|gen|9\n|tier|[Gen 9] Random Battle\n|rated|\n|rule|Species Clause: Limit one of each Pok\u00e9mon\n|rule|HP Percentage Mod: HP is shown in percentages\n|rule|Sleep Clause Mod: Limit one foe put to sleep\n|rule|Illusion Level Mod: Illusion disguises the Pok\u00e9mon's true level\n|\n|t:|1733802102\n|start\n|switch|p1a: Kingambit|Kingambit, L74, M|270/270\n|switch|p2a: Mewtwo|Mewtwo, L72|272/272\n|-ability|p2a: Mewtwo|Unnerve\n|turn|1\n|inactive|Battle timer is ON: inactive players will automatically lose when time's up. (requested by Garfungoid)\n|\n|t:|1733802124\n|-end|p1a: Kingambit|fallenundefined|[silent]\n|switch|p1a: Ninetales|Ninetales-Alola, L78, F|242/242\n|-weather|Snow|[from] ability: Snow Warning|[of] p1a: Ninetales\n|move|p2a: Mewtwo|Aura Sphere|p1a: Ninetales\n|-damage|p1a: Ninetales|165/242\n|-damage|p2a: Mewtwo|245/272|[from] item: Life Orb\n|\n|-weather|Snow|[upkeep]\n|upkeep\n|turn|2\n|\n|t:|1733802140\n|switch|p2a: Palafin|Palafin, L77, F|281/281\n|move|p1a: Ninetales|Blizzard|p2a: Palafin\n|-resisted|p2a: Palafin\n|-damage|p2a: Palafin|216/281\n|\n|-weather|Snow|[upkeep]\n|upkeep\n|turn|3\n|\n|t:|1733802144\n|move|p1a: Ninetales|Freeze-Dry|p2a: Palafin\n|-supereffective|p2a: Palafin\n|-crit|p2a: Palafin\n|-damage|p2a: Palafin|0 fnt\n|faint|p2a: Palafin\n|\n|-weather|Snow|[upkeep]\n|upkeep\n|\n|t:|1733802172\n|switch|p2a: Gholdengo|Gholdengo, L77|261/261\n|turn|4\n|\n|t:|1733802183\n|move|p1a: Ninetales|Aurora Veil|p1a: Ninetales\n|-sidestart|p1: Osiris' Requiem|move: Aurora Veil\n|move|p2a: Gholdengo|Nasty Plot|p2a: Gholdengo\n|-boost|p2a: Gholdengo|spa|2\n|\n|-weather|Snow|[upkeep]\n|upkeep\n|turn|5\n|\n|t:|1733802197\n|move|p1a: Ninetales|Blizzard|p2a: Gholdengo\n|-resisted|p2a: Gholdengo\n|-damage|p2a: Gholdengo|215/261\n|-status|p2a: Gholdengo|frz\n|cant|p2a: Gholdengo|frz\n|\n|-weather|none\n|-heal|p2a: Gholdengo|231/261 frz|[from] item: Leftovers\n|upkeep\n|turn|6\n|\n|t:|1733802203\n|switch|p1a: Falinks|Falinks, L84|246/246\n|cant|p2a: Gholdengo|frz\n|\n|-heal|p2a: Gholdengo|247/261 frz|[from] item: Leftovers\n|upkeep\n|turn|7\n|\n|t:|1733802212\n|move|p1a: Falinks|No Retreat|p1a: Falinks\n|-boost|p1a: Falinks|atk|1\n|-boost|p1a: Falinks|def|1\n|-boost|p1a: Falinks|spa|1\n|-boost|p1a: Falinks|spd|1\n|-boost|p1a: Falinks|spe|1\n|-start|p1a: Falinks|move: No Retreat\n|cant|p2a: Gholdengo|frz\n|\n|-heal|p2a: Gholdengo|261/261 frz|[from] item: Leftovers\n|upkeep\n|turn|8\n|\n|t:|1733802223\n|move|p1a: Falinks|Knock Off|p2a: Gholdengo\n|-supereffective|p2a: Gholdengo\n|-damage|p2a: Gholdengo|0 fnt\n|-enditem|p2a: Gholdengo|Leftovers|[from] move: Knock Off|[of] p1a: Falinks\n|faint|p2a: Gholdengo\n|-damage|p1a: Falinks|222/246|[from] item: Life Orb\n|\n|upkeep\n|-message|Garfungoid forfeited.\n|\n|win|Osiris' Requiem\n|raw|Osiris&apos; Requiem's rating: 1368 &rarr; <strong>1386</strong><br />(+18 for winning)\n|raw|Garfungoid's rating: 1332 &rarr; <strong>1314</strong><br />(-18 for losing)\n|l|\u2606Garfungoid\n|player|p2|\n", "inputlog": ">version bfd83cad13791eb5a5a409923076391caf6fb4d4\n>start {\"formatid\":\"gen9randombattle\",\"seed\":[58951,1877,35893,37430],\"rated\":\"Rated battle\"}\n>player p1 {\"name\":\"Osiris' Requiem\",\"avatar\":\"fennel\",\"rating\":1368,\"seed\":[4715,51641,23929,688]}\n>player p2 {\"name\":\"Garfungoid\",\"avatar\":\"lyra\",\"rating\":1332,\"seed\":[15420,17910,6240,49112]}\n>p1 switch 5\n>p2 move aurasphere\n>p1 move blizzard\n>p2 switch 3\n>p1 move freezedry\n>p2 move flipturn\n>p2 switch 4\n>p1 move auroraveil\n>p2 move nastyplot\n>p1 move blizzard\n>p2 move nastyplot\n>p1 switch 6\n>p2 move makeitrain\n>p1 move noretreat\n>p2 move makeitrain\n>p1 move knockoff\n>p2 move makeitrain\n>forcelose p2", "uploadtime": 1733802231, "views": 28, "formatid": "gen9randombattle", "rating": 1314, "private": 0, "password": null}