{"id": "gen9randombattle-2260655689", "format": "[Gen 9] Random Battle", "players": ["PowerOutage273", "High Mighty Weasel"], "log": "|j|\u2606PowerOutage273\n|j|\u2606High Mighty Weasel\n|t:|1733874496\n|gametype|singles\n|player|p1|PowerOutage273|volkner|1682\n|player|p2|High Mighty Weasel|cheryl|1644\n|teamsize|p1|6\n|teamsize|p2|6\n|gen|9\n|tier|[Gen 9] Random Battle\n|rated|\n|rule|Species Clause: Limit one of each Pok\u00e9mon\n|rule|HP Percentage Mod: HP is shown in percentages\n|rule|Sleep Clause Mod: Limit one foe put to sleep\n|rule|Illusion Level Mod: Illusion disguises the Pok\u00e9mon's true level\n|\n|t:|1733874496\n|start\n|switch|p1a: Luvdisc|Luvdisc, F|247/247\n|switch|p2a: Poliwrath|Poliwrath, L88, F|238/238\n|turn|1\n|inactive|Battle timer is ON: inactive players will automatically lose when time's up. (requested by PowerOutage273)\n|inactive|High Mighty Weasel has 120 seconds left.\n|inactive|High Mighty Weasel has 90 seconds left.\n|inactive|High Mighty Weasel has 60 seconds left.\n|\n|t:|1733874603\n|switch|p1a: Rotom|Rotom, L88|231/231\n|move|p2a: Poliwrath|Nasty Plot|p2a: Poliwrath\n|-boost|p2a: Poliwrath|spa|2\n|\n|upkeep\n|turn|2\n|\n|t:|1733874626\n|move|p2a: Poliwrath|Dark Pulse|p1a: Rotom\n|-supereffective|p1a: Rotom\n|-damage|p1a: Rotom|0 fnt\n|faint|p1a: Rotom\n|-damage|p2a: Poliwrath|215/238|[from] item: Life Orb\n|\n|upkeep\n|\n|t:|1733874634\n|switch|p1a: Chi-Yu|Chi-Yu, L77|211/211\n|-ability|p1a: Chi-Yu|Beads of Ruin\n|turn|3\n|\n|t:|1733874643\n|switch|p2a: Poliwrath|Poliwrath, L88, F|302/302\n|move|p1a: Chi-Yu|Dark Pulse|p2a: Poliwrath\n|-resisted|p2a: Poliwrath\n|-damage|p2a: Poliwrath|212/302\n|\n|upkeep\n|turn|4\n|\n|t:|1733874669\n|move|p1a: Chi-Yu|Dark Pulse|p2a: Poliwrath\n|-resisted|p2a: Poliwrath\n|-damage|p2a: Poliwrath|125/302\n|cant|p2a: Poliwrath|flinch\n|\n|upkeep\n|turn|5\n|\n|t:|1733874673\n|move|p1a: Chi-Yu|Dark Pulse|p2a: Poliwrath\n|-resisted|p2a: Poliwrath\n|-crit|p2a: Poliwrath\n|-damage|p2a: Poliwrath|0 fnt\n|faint|p2a: Poliwrath\n|\n|upkeep\n|inactive|High Mighty Weasel has 120 seconds left.\n|\n|t:|1733874693\n|switch|p2a: Gardevoir|Gardevoir, L83, M|215/238\n|turn|6\n|inactive|High Mighty Weasel has 120 seconds left.\n|\n|t:|1733874710\n|move|p2a: Gardevoir|Sludge Bomb|p1a: Chi-Yu\n|-damage|p1a: Chi-Yu|129/211\n|-damage|p2a: Gardevoir|192/238|[from] item: Life Orb\n|move|p1a: Chi-Yu|Dark Pulse|p2a: Gardevoir\n|-resisted|p2a: Gardevoir\n|-damage|p2a: Gardevoir|72/238\n|replace|p2a: Zoroark|Zoroark, L84, F\n|-end|p2a: Zoroark|Illusion\n|-hint|Illusion Level Mod is active, so this Pok\u00e9mon's true level was hidden.\n|\n|upkeep\n|turn|7\n|\n|t:|1733874717\n|move|p2a: Zoroark|Sludge Bomb|p1a: Chi-Yu\n|-damage|p1a: Chi-Yu|50/211\n|-damage|p2a: Zoroark|49/238|[from] item: Life Orb\n|move|p1a: Chi-Yu|Dark Pulse|p2a: Zoroark\n|-resisted|p2a: Zoroark\n|-damage|p2a: Zoroark|0 fnt\n|faint|p2a: Zoroark\n|\n|upkeep\n|inactive|High Mighty Weasel has 120 seconds left.\n|\n|t:|1733874742\n|switch|p2a: Serperior|Serperior, L79, M|248/248\n|turn|8\n|inactive|PowerOutage273 has 120 seconds left.\n|inactive|PowerOutage273 has 90 seconds left.\n|\n|t:|1733874809\n|move|p2a: Serperior|Glare|p1a: Chi-Yu\n|-status|p1a: Chi-Yu|par\n|move|p1a: Chi-Yu|Dark Pulse|p2a: Serperior\n|-damage|p2a: Serperior|58/248\n|\n|upkeep\n|turn|9\n|inactive|High Mighty Weasel has 90 seconds left.\n|\n|t:|1733874863\n|move|p2a: Serperior|Leaf Storm|p1a: Chi-Yu\n|-resisted|p1a: Chi-Yu\n|-damage|p1a: Chi-Yu|0 fnt\n|-boost|p2a: Serperior|spa|2\n|faint|p1a: Chi-Yu\n|-damage|p2a: Serperior|34/248|[from] item: Life Orb\n|\n|upkeep\n|inactive|PowerOutage273 has 90 seconds left.\n|\n|t:|1733874875\n|switch|p1a: Cryogonal|Cryogonal, L89|287/287\n|turn|10\n|\n|t:|1733874883\n|move|p1a: Cryogonal|Tera Blast|p2a: Serperior\n|-crit|p2a: Serperior\n|-damage|p2a: Serperior|0 fnt\n|faint|p2a: Serperior\n|\n|upkeep\n|\n|t:|1733874901\n|switch|p2a: Gardevoir|Gardevoir, L83, M|249/249\n|-ability|p2a: Gardevoir|Levitate|[from] ability: Trace|[of] p1a: Cryogonal\n|turn|11\n|\n|t:|1733874921\n|move|p1a: Cryogonal|Ice Beam|p2a: Gardevoir\n|-damage|p2a: Gardevoir|158/249\n|move|p2a: Gardevoir|Calm Mind|p2a: Gardevoir\n|-boost|p2a: Gardevoir|spa|1\n|-boost|p2a: Gardevoir|spd|1\n|\n|upkeep\n|turn|12\n|\n|t:|1733874928\n|move|p1a: Cryogonal|Ice Beam|p2a: Gardevoir\n|-damage|p2a: Gardevoir|101/249\n|move|p2a: Gardevoir|Mystical Fire|p1a: Cryogonal\n|-supereffective|p1a: Cryogonal\n|-damage|p1a: Cryogonal|126/287\n|-unboost|p1a: Cryogonal|spa|1\n|-damage|p2a: Gardevoir|77/249|[from] item: Life Orb\n|\n|upkeep\n|turn|13\n|inactive|High Mighty Weasel has 90 seconds left.\n|\n|t:|1733874934\n|move|p1a: Cryogonal|Ice Beam|p2a: Gardevoir\n|-crit|p2a: Gardevoir\n|-damage|p2a: Gardevoir|0 fnt\n|faint|p2a: Gardevoir\n|\n|upkeep\n|inactive|High Mighty Weasel has 90 seconds left.\n|\n|t:|1733874944\n|switch|p2a: Sneasler|Sneasler, L74, F|240/240\n|turn|14\n|inactive|High Mighty Weasel has 90 seconds left.\n|\n|t:|1733874955\n|switch|p1a: Arbok|Arbok, L87, M|246/246\n|-ability|p1a: Arbok|Intimidate|boost\n|-unboost|p2a: Sneasler|atk|1\n|-enditem|p2a: Sneasler|White Herb\n|-clearnegativeboost|p2a: Sneasler|[silent]\n|move|p2a: Sneasler|Swords Dance|p2a: Sneasler\n|-boost|p2a: Sneasler|atk|2\n|\n|upkeep\n|turn|15\n|inactive|High Mighty Weasel has 90 seconds left.\n|inactive|PowerOutage273 has 120 seconds left.\n|\n|t:|1733874977\n|-terastallize|p2a: Sneasler|Flying\n|move|p2a: Sneasler|Acrobatics|p1a: Arbok\n|-damage|p1a: Arbok|0 fnt\n|faint|p1a: Arbok\n|\n|upkeep\n|inactive|PowerOutage273 has 120 seconds left.\n|\n|t:|1733874982\n|switch|p1a: Luvdisc|Luvdisc, F|247/247\n|turn|16\n|inactive|High Mighty Weasel has 90 seconds left.\n|\n|t:|1733874991\n|move|p2a: Sneasler|Close Combat|p1a: Luvdisc\n|-damage|p1a: Luvdisc|0 fnt\n|-unboost|p2a: Sneasler|def|1\n|-unboost|p2a: Sneasler|spd|1\n|faint|p1a: Luvdisc\n|\n|upkeep\n|\n|t:|1733874994\n|switch|p1a: Cryogonal|Cryogonal, L89|126/287\n|turn|17\n|\n|t:|1733874998\n|move|p2a: Sneasler|Acrobatics|p1a: Cryogonal\n|-damage|p1a: Cryogonal|0 fnt\n|faint|p1a: Cryogonal\n|\n|upkeep\n|\n|t:|1733875001\n|switch|p1a: Mismagius|Mismagius, L86, F|243/243\n|turn|18\n|\n|t:|1733875008\n|-terastallize|p1a: Mismagius|Electric\n|move|p2a: Sneasler|Acrobatics|p1a: Mismagius\n|-resisted|p1a: Mismagius\n|-damage|p1a: Mismagius|91/243\n|move|p1a: Mismagius|Thunderbolt|p2a: Sneasler\n|-supereffective|p2a: Sneasler\n|-damage|p2a: Sneasler|0 fnt\n|faint|p2a: Sneasler\n|\n|upkeep\n|inactive|High Mighty Weasel has 120 seconds left.\n|\n|t:|1733875025\n|switch|p2a: Alomomola|Alomomola, L87, M|429/429\n|turn|19\n|c|\u2606PowerOutage273|unfortiunate\n|c|\u2606PowerOutage273|gg\n|\n|t:|1733875044\n|move|p1a: Mismagius|Thunderbolt|p2a: Alomomola\n|-supereffective|p2a: Alomomola\n|-damage|p2a: Alomomola|0 fnt\n|faint|p2a: Alomomola\n|\n|win|PowerOutage273\n|raw|PowerOutage273's rating: 1701 &rarr; <strong>1718</strong><br />(+17 for winning)\n|raw|High Mighty Weasel's rating: 1644 &rarr; <strong>1627</strong><br />(-17 for losing)\n|l|\u2606High Mighty Weasel\n|player|p2|\n|c|\u2606PowerOutage273|**unfortunate\n", "inputlog": ">version bfd83cad13791eb5a5a409923076391caf6fb4d4\n>start {\"formatid\":\"gen9randombattle\",\"seed\":[64510,39474,2577,17927],\"rated\":\"Rated battle\"}\n>player p1 {\"name\":\"PowerOutage273\",\"avatar\":\"volkner\",\"rating\":1682,\"seed\":[31493,47000,5531,57865]}\n>player p2 {\"name\":\"High Mighty Weasel\",\"avatar\":\"cheryl\",\"rating\":1644,\"seed\":[18075,4340,61370,28758]}\n>p1 switch 5\n>p2 move nastyplot\n>p1 move thunderbolt\n>p2 move darkpulse\n>p1 switch 3\n>p1 move darkpulse\n>p2 switch 6\n>p1 move darkpulse\n>p2 move raindance\n>p1 move darkpulse\n>p2 move raindance\n>p2 switch 6\n>p1 move darkpulse\n>p2 move sludgebomb\n>p1 move darkpulse\n>p2 move sludgebomb\n>p2 switch 3\n>p1 move darkpulse\n>p2 move glare\n>p1 move darkpulse\n>p2 move leafstorm\n>p1 switch 2\n>p1 move terablast\n>p2 move synthesis\n>p2 switch 5\n>p1 move icebeam\n>p2 move calmmind\n>p1 move icebeam\n>p2 move mysticalfire\n>p1 move icebeam\n>p2 move mysticalfire\n>p2 switch 4\n>p1 switch 4\n>p2 move swordsdance\n>p1 move gunkshot\n>p2 move acrobatics terastallize\n>p1 switch 5\n>p1 move substitute\n>p2 move closecombat\n>p1 switch 4\n>p1 move icebeam\n>p2 move acrobatics\n>p1 switch 6\n>p1 move thunderbolt terastallize\n>p2 move acrobatics\n>p2 switch 2\n>chat \u2606PowerOutage273|unfortiunate\n>chat \u2606PowerOutage273|gg\n>p1 move thunderbolt\n>p2 move flipturn", "uploadtime": 1733875050, "views": 1, "formatid": "gen9randombattle", "rating": 1627, "private": 0, "password": null}