{"id": "gen9randombattle-2260804075", "format": "[Gen 9] Random Battle", "players": ["superdogger", "RhoSigma"], "log": "|j|\u2606superdogger\n|j|\u2606RhoSigma\n|t:|1733894927\n|gametype|singles\n|player|p1|superdogger|alder|2054\n|player|p2|RhoSigma|1|2076\n|teamsize|p1|6\n|teamsize|p2|6\n|gen|9\n|tier|[Gen 9] Random Battle\n|rated|\n|rule|Species Clause: Limit one of each Pok\u00e9mon\n|rule|HP Percentage Mod: HP is shown in percentages\n|rule|Sleep Clause Mod: Limit one foe put to sleep\n|rule|Illusion Level Mod: Illusion disguises the Pok\u00e9mon's true level\n|\n|t:|1733894927\n|start\n|switch|p1a: Zangoose|Zangoose, L85, M|263/263\n|switch|p2a: Registeel|Registeel, L81|262/262\n|turn|1\n|\n|t:|1733894947\n|move|p1a: Zangoose|Close Combat|p2a: Registeel\n|-supereffective|p2a: Registeel\n|-damage|p2a: Registeel|130/262\n|-unboost|p1a: Zangoose|def|1\n|-unboost|p1a: Zangoose|spd|1\n|move|p2a: Registeel|Iron Defense|p2a: Registeel\n|-boost|p2a: Registeel|def|2\n|\n|-status|p1a: Zangoose|tox|[from] item: Toxic Orb\n|upkeep\n|turn|2\n|inactive|Battle timer is ON: inactive players will automatically lose when time's up. (requested by superdogger)\n|\n|t:|1733894971\n|switch|p1a: Gliscor|Gliscor, L76, M|239/239\n|move|p2a: Registeel|Rest|p2a: Registeel\n|-status|p2a: Registeel|slp|[from] move: Rest\n|-heal|p2a: Registeel|262/262 slp|[silent]\n|-enditem|p2a: Registeel|Chesto Berry|[eat]\n|-curestatus|p2a: Registeel|slp|[msg]\n|\n|-status|p1a: Gliscor|tox|[from] item: Toxic Orb\n|upkeep\n|turn|3\n|\n|t:|1733894978\n|move|p1a: Gliscor|Earthquake|p2a: Registeel\n|-supereffective|p2a: Registeel\n|-crit|p2a: Registeel\n|-damage|p2a: Registeel|82/262\n|move|p2a: Registeel|Iron Defense|p2a: Registeel\n|-boost|p2a: Registeel|def|2\n|\n|upkeep\n|turn|4\n|\n|t:|1733894982\n|move|p1a: Gliscor|Earthquake|p2a: Registeel\n|-supereffective|p2a: Registeel\n|-damage|p2a: Registeel|44/262\n|move|p2a: Registeel|Iron Defense|p2a: Registeel\n|-boost|p2a: Registeel|def|2\n|\n|upkeep\n|turn|5\n|\n|t:|1733894986\n|move|p1a: Gliscor|Earthquake|p2a: Registeel\n|-supereffective|p2a: Registeel\n|-damage|p2a: Registeel|12/262\n|move|p2a: Registeel|Rest|p2a: Registeel\n|-status|p2a: Registeel|slp|[from] move: Rest\n|-heal|p2a: Registeel|262/262 slp|[silent]\n|\n|upkeep\n|turn|6\n|\n|t:|1733894993\n|switch|p1a: Cresselia|Cresselia, L80, F|323/323\n|cant|p2a: Registeel|slp\n|\n|upkeep\n|turn|7\n|\n|t:|1733894996\n|move|p1a: Cresselia|Calm Mind|p1a: Cresselia\n|-boost|p1a: Cresselia|spa|1\n|-boost|p1a: Cresselia|spd|1\n|cant|p2a: Registeel|slp\n|\n|upkeep\n|turn|8\n|\n|t:|1733895000\n|move|p1a: Cresselia|Calm Mind|p1a: Cresselia\n|-boost|p1a: Cresselia|spa|1\n|-boost|p1a: Cresselia|spd|1\n|-curestatus|p2a: Registeel|slp|[msg]\n|move|p2a: Registeel|Body Press|p1a: Cresselia\n|-resisted|p1a: Cresselia\n|-damage|p1a: Cresselia|202/323\n|\n|-heal|p1a: Cresselia|222/323|[from] item: Leftovers\n|upkeep\n|turn|9\n|\n|t:|1733895004\n|move|p1a: Cresselia|Calm Mind|p1a: Cresselia\n|-boost|p1a: Cresselia|spa|1\n|-boost|p1a: Cresselia|spd|1\n|move|p2a: Registeel|Body Press|p1a: Cresselia\n|-resisted|p1a: Cresselia\n|-damage|p1a: Cresselia|101/323\n|\n|-heal|p1a: Cresselia|121/323|[from] item: Leftovers\n|upkeep\n|turn|10\n|\n|t:|1733895006\n|move|p1a: Cresselia|Moonlight|p1a: Cresselia\n|-heal|p1a: Cresselia|282/323\n|move|p2a: Registeel|Body Press|p1a: Cresselia\n|-resisted|p1a: Cresselia\n|-damage|p1a: Cresselia|155/323\n|\n|-heal|p1a: Cresselia|175/323|[from] item: Leftovers\n|upkeep\n|turn|11\n|\n|t:|1733895012\n|-terastallize|p2a: Registeel|Fighting\n|move|p1a: Cresselia|Moonlight|p1a: Cresselia\n|-heal|p1a: Cresselia|323/323\n|move|p2a: Registeel|Body Press|p1a: Cresselia\n|-resisted|p1a: Cresselia\n|-damage|p1a: Cresselia|122/323\n|\n|-heal|p1a: Cresselia|142/323|[from] item: Leftovers\n|upkeep\n|turn|12\n|\n|t:|1733895023\n|move|p1a: Cresselia|Psyshock|p2a: Registeel\n|-supereffective|p2a: Registeel\n|-damage|p2a: Registeel|208/262\n|move|p2a: Registeel|Body Press|p1a: Cresselia\n|-resisted|p1a: Cresselia\n|-damage|p1a: Cresselia|0 fnt\n|faint|p1a: Cresselia\n|\n|upkeep\n|\n|t:|1733895034\n|switch|p1a: Decidueye|Decidueye-Hisui, L87, F|295/295\n|turn|13\n|\n|t:|1733895036\n|move|p1a: Decidueye|Triple Arrows|p2a: Registeel\n|-damage|p2a: Registeel|189/262\n|move|p2a: Registeel|Body Press|p1a: Decidueye\n|-damage|p1a: Decidueye|0 fnt\n|faint|p1a: Decidueye\n|\n|upkeep\n|n|\u203dsuperdogger|superdogger\n|inactive|superdogger has 120 seconds left.\n|l|\u203dsuperdogger\n|inactive|superdogger disconnected and has a minute to reconnect!\n|player|p1|\n|inactive|superdogger has 30 seconds to reconnect!\n|inactive|superdogger has 20 seconds to reconnect!\n|inactive|superdogger has 15 seconds to reconnect!\n|inactive|superdogger has 10 seconds to reconnect!\n|inactive|superdogger has 5 seconds to reconnect!\n|-message|superdogger lost due to inactivity.\n|\n|win|RhoSigma\n|raw|superdogger's rating: 2054 &rarr; <strong>2035</strong><br />(-19 for losing)\n|raw|RhoSigma's rating: 2076 &rarr; <strong>2095</strong><br />(+19 for winning)\n", "inputlog": ">version bfd83cad13791eb5a5a409923076391caf6fb4d4\n>start {\"formatid\":\"gen9randombattle\",\"seed\":[64063,60455,44550,28992],\"rated\":\"Rated battle\"}\n>player p1 {\"name\":\"superdogger\",\"avatar\":\"alder\",\"rating\":2054,\"seed\":[59966,3748,5968,59566]}\n>player p2 {\"name\":\"RhoSigma\",\"avatar\":\"1\",\"rating\":2076,\"seed\":[63519,17875,18319,29919]}\n>p1 move closecombat\n>p2 move irondefense\n>p1 switch 4\n>p2 move rest\n>p1 move earthquake\n>p2 move irondefense\n>p1 move earthquake\n>p2 move irondefense\n>p1 move earthquake\n>p2 move rest\n>p1 switch 6\n>p2 move bodypress\n>p1 move calmmind\n>p2 move bodypress\n>p1 move calmmind\n>p2 move bodypress\n>p1 move calmmind\n>p2 move bodypress\n>p1 move moonlight\n>p2 move bodypress\n>p1 move moonlight\n>p2 move bodypress terastallize\n>p1 move psyshock\n>p2 move bodypress\n>p1 switch 5\n>p1 move triplearrows\n>p2 move bodypress\n>chat \u2606superdogger|yeah what a ni g g er game\n>forcelose p1", "uploadtime": 1733895044, "views": 2, "formatid": "gen9randombattle", "rating": 2035, "private": 0, "password": null}