{"id": "gen9randombattle-2259904160", "format": "[Gen 9] Random Battle", "players": ["yaboikk", "sciamma97"], "log": "|j|\u2606yaboikk\n|j|\u2606sciamma97\n|t:|1733778361\n|gametype|singles\n|player|p1|yaboikk|guzma|1660\n|player|p2|sciamma97|lucas|1697\n|teamsize|p1|6\n|teamsize|p2|6\n|gen|9\n|tier|[Gen 9] Random Battle\n|rated|\n|rule|Species Clause: Limit one of each Pok\u00e9mon\n|rule|HP Percentage Mod: HP is shown in percentages\n|rule|Sleep Clause Mod: Limit one foe put to sleep\n|rule|Illusion Level Mod: Illusion disguises the Pok\u00e9mon's true level\n|\n|t:|1733778361\n|start\n|switch|p1a: Smeargle|Smeargle, L95, F|258/258\n|switch|p2a: Ursaring|Ursaring, L84, M|288/288\n|turn|1\n|inactive|Battle timer is ON: inactive players will automatically lose when time's up. (requested by sciamma97)\n|inactive|yaboikk also wants the timer to be on.\n|inactive|sciamma97 has 120 seconds left.\n|\n|t:|1733778415\n|move|p1a: Smeargle|Sticky Web|p2a: Ursaring\n|-sidestart|p2: sciamma97|move: Sticky Web\n|move|p2a: Ursaring|Swords Dance|p2a: Ursaring\n|-boost|p2a: Ursaring|atk|2\n|\n|-status|p2a: Ursaring|tox|[from] item: Toxic Orb\n|upkeep\n|turn|2\n|inactive|yaboikk has 120 seconds left.\n|\n|t:|1733778450\n|move|p2a: Ursaring|Facade|p1a: Smeargle\n|-enditem|p1a: Smeargle|Focus Sash\n|-damage|p1a: Smeargle|1/258\n|move|p1a: Smeargle|Whirlwind|p2a: Ursaring\n|drag|p2a: Meloetta|Meloetta, L82|298/298\n|-activate|p2a: Meloetta|move: Sticky Web\n|-unboost|p2a: Meloetta|spe|1\n|\n|upkeep\n|turn|3\n|inactive|yaboikk has 120 seconds left.\n|inactive|sciamma97 has 120 seconds left.\n|inactive|sciamma97 has 90 seconds left.\n|\n|t:|1733778514\n|move|p1a: Smeargle|Spore|p2a: Meloetta\n|-status|p2a: Meloetta|slp|[from] move: Spore\n|cant|p2a: Meloetta|slp\n|\n|upkeep\n|turn|4\n|inactive|yaboikk has 120 seconds left.\n|\n|t:|1733778520\n|move|p1a: Smeargle|Ceaseless Edge|p2a: Meloetta\n|-supereffective|p2a: Meloetta\n|-damage|p2a: Meloetta|248/298 slp\n|-sidestart|p2: sciamma97|Spikes\n|cant|p2a: Meloetta|slp\n|\n|upkeep\n|turn|5\n|\n|t:|1733778524\n|move|p1a: Smeargle|Ceaseless Edge|p2a: Meloetta\n|-supereffective|p2a: Meloetta\n|-damage|p2a: Meloetta|200/298 slp\n|-sidestart|p2: sciamma97|Spikes\n|cant|p2a: Meloetta|slp\n|\n|upkeep\n|turn|6\n|\n|t:|1733778527\n|move|p1a: Smeargle|Ceaseless Edge|p2a: Meloetta\n|-supereffective|p2a: Meloetta\n|-damage|p2a: Meloetta|146/298 slp\n|-sidestart|p2: sciamma97|Spikes\n|-curestatus|p2a: Meloetta|slp|[msg]\n|move|p2a: Meloetta|Hyper Voice|p1a: Smeargle\n|-damage|p1a: Smeargle|0 fnt\n|faint|p1a: Smeargle\n|\n|upkeep\n|\n|t:|1733778539\n|switch|p1a: Gholdengo|Gholdengo, L77|261/261\n|turn|7\n|\n|t:|1733778544\n|switch|p2a: Gliscor|Gliscor, L76, F|239/239\n|move|p1a: Gholdengo|Nasty Plot|p1a: Gholdengo\n|-boost|p1a: Gholdengo|spa|2\n|\n|-status|p2a: Gliscor|tox|[from] item: Toxic Orb\n|upkeep\n|turn|8\n|\n|t:|1733778555\n|move|p2a: Gliscor|Knock Off|p1a: Gholdengo\n|-supereffective|p1a: Gholdengo\n|-damage|p1a: Gholdengo|149/261\n|-enditem|p1a: Gholdengo|Leftovers|[from] move: Knock Off|[of] p2a: Gliscor\n|move|p1a: Gholdengo|Shadow Ball|p2a: Gliscor\n|-damage|p2a: Gliscor|22/239 tox\n|-unboost|p2a: Gliscor|spd|1\n|\n|-heal|p2a: Gliscor|51/239 tox|[from] ability: Poison Heal\n|upkeep\n|turn|9\n|\n|t:|1733778561\n|move|p2a: Gliscor|Protect|p2a: Gliscor\n|-singleturn|p2a: Gliscor|Protect\n|move|p1a: Gholdengo|Shadow Ball|p2a: Gliscor\n|-activate|p2a: Gliscor|move: Protect\n|\n|-heal|p2a: Gliscor|80/239 tox|[from] ability: Poison Heal\n|upkeep\n|turn|10\n|\n|t:|1733778566\n|move|p2a: Gliscor|Earthquake|p1a: Gholdengo\n|-supereffective|p1a: Gholdengo\n|-damage|p1a: Gholdengo|0 fnt\n|faint|p1a: Gholdengo\n|\n|-heal|p2a: Gliscor|109/239 tox|[from] ability: Poison Heal\n|upkeep\n|\n|t:|1733778584\n|switch|p1a: Alcremie|Alcremie-Mint-Cream, L90, F|263/263\n|turn|11\n|\n|t:|1733778606\n|move|p2a: Gliscor|Protect|p2a: Gliscor\n|-singleturn|p2a: Gliscor|Protect\n|move|p1a: Alcremie|Alluring Voice|p2a: Gliscor\n|-activate|p2a: Gliscor|move: Protect\n|\n|-heal|p2a: Gliscor|138/239 tox|[from] ability: Poison Heal\n|upkeep\n|turn|12\n|\n|t:|1733778624\n|switch|p2a: Meloetta|Meloetta, L82|146/298\n|-activate|p2a: Meloetta|move: Sticky Web\n|-unboost|p2a: Meloetta|spe|1\n|-damage|p2a: Meloetta|72/298|[from] Spikes\n|move|p1a: Alcremie|Alluring Voice|p2a: Meloetta\n|-damage|p2a: Meloetta|0 fnt\n|faint|p2a: Meloetta\n|\n|upkeep\n|\n|t:|1733778642\n|switch|p2a: Gliscor|Gliscor, L76, F|138/239 tox\n|turn|13\n|\n|t:|1733778651\n|move|p2a: Gliscor|Protect|p2a: Gliscor\n|-singleturn|p2a: Gliscor|Protect\n|move|p1a: Alcremie|Calm Mind|p1a: Alcremie\n|-boost|p1a: Alcremie|spa|1\n|-boost|p1a: Alcremie|spd|1\n|\n|-heal|p2a: Gliscor|167/239 tox|[from] ability: Poison Heal\n|upkeep\n|turn|14\n|\n|t:|1733778656\n|move|p2a: Gliscor|Toxic|p1a: Alcremie\n|-status|p1a: Alcremie|tox\n|move|p1a: Alcremie|Alluring Voice|p2a: Gliscor\n|-crit|p2a: Gliscor\n|-damage|p2a: Gliscor|0 fnt\n|faint|p2a: Gliscor\n|\n|-damage|p1a: Alcremie|247/263 tox|[from] psn\n|upkeep\n|\n|t:|1733778665\n|switch|p2a: Golduck|Golduck, L90, F|290/290\n|-activate|p2a: Golduck|move: Sticky Web\n|-unboost|p2a: Golduck|spe|1\n|-damage|p2a: Golduck|218/290|[from] Spikes\n|-ability|p2a: Golduck|Cloud Nine\n|turn|15\n|\n|t:|1733778669\n|move|p1a: Alcremie|Alluring Voice|p2a: Golduck\n|-crit|p2a: Golduck\n|-damage|p2a: Golduck|0 fnt\n|faint|p2a: Golduck\n|\n|-heal|p1a: Alcremie|263/263 tox|[from] item: Leftovers\n|-damage|p1a: Alcremie|231/263 tox|[from] psn\n|upkeep\n|\n|t:|1733778675\n|switch|p2a: Spiritomb|Spiritomb, L89, M|234/234\n|-activate|p2a: Spiritomb|move: Sticky Web\n|-unboost|p2a: Spiritomb|spe|1\n|-damage|p2a: Spiritomb|176/234|[from] Spikes\n|turn|16\n|\n|t:|1733778678\n|move|p2a: Spiritomb|Sucker Punch|p1a: Alcremie\n|-resisted|p1a: Alcremie\n|-damage|p1a: Alcremie|192/263 tox\n|move|p1a: Alcremie|Alluring Voice|p2a: Spiritomb\n|-supereffective|p2a: Spiritomb\n|-crit|p2a: Spiritomb\n|-damage|p2a: Spiritomb|0 fnt\n|faint|p2a: Spiritomb\n|\n|-heal|p1a: Alcremie|208/263 tox|[from] item: Leftovers\n|-damage|p1a: Alcremie|160/263 tox|[from] psn\n|upkeep\n|\n|t:|1733778681\n|switch|p2a: Crawdaunt|Crawdaunt, L84, M|243/243\n|-activate|p2a: Crawdaunt|move: Sticky Web\n|-unboost|p2a: Crawdaunt|spe|1\n|-damage|p2a: Crawdaunt|183/243|[from] Spikes\n|turn|17\n|\n|t:|1733778684\n|-terastallize|p2a: Crawdaunt|Water\n|move|p2a: Crawdaunt|Aqua Jet|p1a: Alcremie\n|-damage|p1a: Alcremie|57/263 tox\n|-damage|p2a: Crawdaunt|159/243|[from] item: Life Orb\n|move|p1a: Alcremie|Alluring Voice|p2a: Crawdaunt\n|-damage|p2a: Crawdaunt|0 fnt\n|faint|p2a: Crawdaunt\n|\n|-heal|p1a: Alcremie|73/263 tox|[from] item: Leftovers\n|-damage|p1a: Alcremie|9/263 tox|[from] psn\n|upkeep\n|\n|t:|1733778689\n|switch|p2a: Ursaring|Ursaring, L84, M|288/288 tox\n|-activate|p2a: Ursaring|move: Sticky Web\n|-unboost|p2a: Ursaring|spe|1\n|-damage|p2a: Ursaring|216/288 tox|[from] Spikes\n|turn|18\n|\n|t:|1733778692\n|move|p1a: Alcremie|Alluring Voice|p2a: Ursaring\n|-damage|p2a: Ursaring|39/288 tox\n|move|p2a: Ursaring|Facade|p1a: Alcremie\n|-damage|p1a: Alcremie|0 fnt\n|faint|p1a: Alcremie\n|\n|-damage|p2a: Ursaring|21/288 tox|[from] psn\n|upkeep\n|\n|t:|1733778699\n|switch|p1a: Miraidon|Miraidon, L65|238/238\n|-fieldstart|move: Electric Terrain|[from] ability: Hadron Engine|[of] p1a: Miraidon\n|turn|19\n|-message|sciamma97 forfeited.\n|\n|win|yaboikk\n|raw|yaboikk's rating: 1660 &rarr; <strong>1682</strong><br />(+22 for winning)\n|raw|sciamma97's rating: 1697 &rarr; <strong>1675</strong><br />(-22 for losing)\n|l|\u2606sciamma97\n|player|p2|\n", "inputlog": ">version bfd83cad13791eb5a5a409923076391caf6fb4d4\n>start {\"formatid\":\"gen9randombattle\",\"seed\":[54454,22126,27197,54821],\"rated\":\"Rated battle\"}\n>player p1 {\"name\":\"yaboikk\",\"avatar\":\"guzma\",\"rating\":1660,\"seed\":[46651,29240,18556,51957]}\n>player p2 {\"name\":\"sciamma97\",\"avatar\":\"lucas\",\"rating\":1697,\"seed\":[10388,22966,31152,52530]}\n>p1 move stickyweb\n>p2 move swordsdance\n>p1 move whirlwind\n>p2 move facade\n>p1 move spore\n>p2 move uturn\n>p1 move ceaselessedge\n>p2 move uturn\n>p1 move ceaselessedge\n>p2 move uturn\n>p1 move ceaselessedge\n>p2 move hypervoice\n>p1 switch 3\n>p1 move nastyplot\n>p2 switch 5\n>p1 move shadowball\n>p2 move knockoff\n>p1 move shadowball\n>p2 move protect\n>p1 move shadowball\n>p2 move earthquake\n>p1 switch 6\n>p1 move alluringvoice\n>p2 move protect\n>p1 move alluringvoice\n>p2 switch 5\n>p2 switch 5\n>p1 move calmmind\n>p2 move protect\n>p1 move alluringvoice\n>p2 move toxic\n>p2 switch 3\n>p1 move alluringvoice\n>p2 move hydropump\n>p2 switch 2\n>p1 move alluringvoice\n>p2 move suckerpunch\n>p2 switch 4\n>p1 move alluringvoice\n>p2 move aquajet terastallize\n>p2 switch 6\n>p1 move alluringvoice\n>p2 move facade\n>p1 switch 2\n>forcelose p2", "uploadtime": 1733778702, "views": 1, "formatid": "gen9randombattle", "rating": 1675, "private": 0, "password": null}