{"id": "gen9randombattle-2260472513", "format": "[Gen 9] Random Battle", "players": ["S1xxPy", "sapphireslaps"], "log": "|j|\u2606S1xxPy\n|j|\u203dsapphireslaps\n|t:|1733854951\n|gametype|singles\n|player|p1|S1xxPy|burglar|\n|player|p2|sapphireslaps|101|\n|teamsize|p1|6\n|teamsize|p2|6\n|gen|9\n|tier|[Gen 9] Random Battle\n|rule|Species Clause: Limit one of each Pok\u00e9mon\n|rule|HP Percentage Mod: HP is shown in percentages\n|rule|Sleep Clause Mod: Limit one foe put to sleep\n|rule|Illusion Level Mod: Illusion disguises the Pok\u00e9mon's true level\n|\n|t:|1733854951\n|start\n|switch|p1a: Volcanion|Volcanion, L79|255/255\n|switch|p2a: Bastiodon|Bastiodon, L89, F|252/252\n|turn|1\n|\n|t:|1733855017\n|move|p1a: Volcanion|Earth Power|p2a: Bastiodon\n|-supereffective|p2a: Bastiodon\n|-damage|p2a: Bastiodon|0 fnt\n|faint|p2a: Bastiodon\n|\n|upkeep\n|\n|t:|1733855035\n|switch|p2a: Zapdos|Zapdos, L78|268/268\n|turn|2\n|\n|t:|1733855042\n|switch|p1a: Glastrier|Glastrier, L86|312/312\n|move|p2a: Zapdos|Thunderbolt|p1a: Glastrier\n|-damage|p1a: Glastrier|228/312\n|\n|upkeep\n|turn|3\n|\n|t:|1733855231\n|move|p2a: Zapdos|Thunderbolt|p1a: Glastrier\n|-damage|p1a: Glastrier|149/312\n|move|p1a: Glastrier|Heavy Slam|p2a: Zapdos\n|-resisted|p2a: Zapdos\n|-damage|p2a: Zapdos|203/268\n|-status|p1a: Glastrier|par|[from] ability: Static|[of] p2a: Zapdos\n|\n|upkeep\n|turn|4\n|\n|t:|1733855240\n|move|p2a: Zapdos|U-turn|p1a: Glastrier\n|-damage|p1a: Glastrier|118/312 par\n|\n|t:|1733855567\n|switch|p2a: Rotom|Rotom-Fan, L86|226/226|[from] U-turn\n|move|p1a: Glastrier|Icicle Crash|p2a: Rotom\n|-supereffective|p2a: Rotom\n|-damage|p2a: Rotom|10/226\n|\n|upkeep\n|turn|5\n|\n|t:|1733855592\n|switch|p1a: Sudowoodo|Sudowoodo, L94, M|284/284\n|move|p2a: Rotom|Will-O-Wisp|p1a: Sudowoodo\n|-status|p1a: Sudowoodo|brn\n|\n|-damage|p1a: Sudowoodo|267/284 brn|[from] brn\n|upkeep\n|turn|6\n|\n|t:|1733855655\n|move|p2a: Rotom|Air Slash|p1a: Sudowoodo\n|-resisted|p1a: Sudowoodo\n|-damage|p1a: Sudowoodo|217/284 brn\n|cant|p1a: Sudowoodo|flinch\n|\n|-damage|p1a: Sudowoodo|200/284 brn|[from] brn\n|upkeep\n|turn|7\n|\n|t:|1733855661\n|switch|p2a: Zapdos|Zapdos, L78|203/268\n|move|p1a: Sudowoodo|Sucker Punch||[still]\n|-fail|p1a: Sudowoodo\n|\n|-damage|p1a: Sudowoodo|183/284 brn|[from] brn\n|upkeep\n|turn|8\n|\n|t:|1733855667\n|move|p1a: Sudowoodo|Sucker Punch|p2a: Zapdos\n|-damage|p2a: Zapdos|155/268\n|move|p2a: Zapdos|U-turn|p1a: Sudowoodo\n|-damage|p1a: Sudowoodo|153/284 brn\n|\n|t:|1733855674\n|switch|p2a: Zamazenta|Zamazenta, L71|248/248|[from] U-turn\n|-ability|p2a: Zamazenta|Dauntless Shield|boost\n|-boost|p2a: Zamazenta|def|1\n|\n|-damage|p1a: Sudowoodo|136/284 brn|[from] brn\n|upkeep\n|turn|9\n|\n|t:|1733855686\n|switch|p1a: Sylveon|Sylveon, L85, F|300/300\n|move|p2a: Zamazenta|Close Combat|p1a: Sylveon\n|-resisted|p1a: Sylveon\n|-damage|p1a: Sylveon|207/300\n|-unboost|p2a: Zamazenta|def|1\n|-unboost|p2a: Zamazenta|spd|1\n|\n|-heal|p1a: Sylveon|225/300|[from] item: Leftovers\n|upkeep\n|turn|10\n|\n|t:|1733855710\n|switch|p2a: Shaymin|Shaymin, L82|298/298\n|move|p1a: Sylveon|Protect||[still]\n|-fail|p1a: Sylveon\n|\n|-heal|p1a: Sylveon|243/300|[from] item: Leftovers\n|upkeep\n|turn|11\n|\n|t:|1733855717\n|move|p2a: Shaymin|Seed Flare|p1a: Sylveon\n|-damage|p1a: Sylveon|158/300\n|move|p1a: Sylveon|Wish|p1a: Sylveon\n|\n|-heal|p1a: Sylveon|176/300|[from] item: Leftovers\n|upkeep\n|turn|12\n|\n|t:|1733855725\n|switch|p1a: Glastrier|Glastrier, L86|118/312 par\n|move|p2a: Shaymin|Leech Seed|p1a: Glastrier\n|-start|p1a: Glastrier|move: Leech Seed\n|\n|-heal|p1a: Glastrier|268/312 par|[from] move: Wish|[wisher] Sylveon\n|-damage|p1a: Glastrier|229/312 par|[from] Leech Seed|[of] p2a: Shaymin\n|upkeep\n|turn|13\n|\n|t:|1733855732\n|move|p2a: Shaymin|Air Slash|p1a: Glastrier\n|-damage|p1a: Glastrier|183/312 par\n|move|p1a: Glastrier|Swords Dance|p1a: Glastrier\n|-boost|p1a: Glastrier|atk|2\n|\n|-damage|p1a: Glastrier|144/312 par|[from] Leech Seed|[of] p2a: Shaymin\n|upkeep\n|turn|14\n|\n|t:|1733855739\n|switch|p2a: Zamazenta|Zamazenta, L71|248/248\n|move|p1a: Glastrier|Icicle Crash|p2a: Zamazenta\n|-damage|p2a: Zamazenta|8/248\n|\n|-damage|p1a: Glastrier|105/312 par|[from] Leech Seed|[of] p2a: Zamazenta\n|-heal|p2a: Zamazenta|47/248|[silent]\n|upkeep\n|turn|15\n|\n|t:|1733855764\n|switch|p1a: Oricorio|Oricorio, L84, F|263/263\n|move|p2a: Zamazenta|Close Combat|p1a: Oricorio\n|-resisted|p1a: Oricorio\n|-damage|p1a: Oricorio|166/263\n|-unboost|p2a: Zamazenta|def|1\n|-unboost|p2a: Zamazenta|spd|1\n|\n|upkeep\n|turn|16\n|\n|t:|1733855773\n|switch|p2a: Komala|Komala, L89, M|260/260\n|-ability|p2a: Komala|Comatose\n|move|p1a: Oricorio|Quiver Dance|p1a: Oricorio\n|-boost|p1a: Oricorio|spa|1\n|-boost|p1a: Oricorio|spd|1\n|-boost|p1a: Oricorio|spe|1\n|\n|upkeep\n|turn|17\n|\n|t:|1733855789\n|move|p1a: Oricorio|Revelation Dance|p2a: Komala\n|-damage|p2a: Komala|181/260\n|move|p2a: Komala|Rapid Spin|p1a: Oricorio\n|-damage|p1a: Oricorio|79/263\n|-boost|p2a: Komala|spe|1\n|\n|upkeep\n|turn|18\n|\n|t:|1733855797\n|-terastallize|p2a: Komala|Ghost\n|move|p1a: Oricorio|Roost|p1a: Oricorio\n|-heal|p1a: Oricorio|211/263\n|-singleturn|p1a: Oricorio|move: Roost\n|move|p2a: Komala|Knock Off|p1a: Oricorio\n|-damage|p1a: Oricorio|102/263\n|-enditem|p1a: Oricorio|Heavy-Duty Boots|[from] move: Knock Off|[of] p2a: Komala\n|\n|upkeep\n|turn|19\n|l|\u203dsapphireslaps\n|player|p2|\n|j|\u203dsapphireslaps\n|player|p2|sapphireslaps|101|\n|n|\u203dsapphireslaps|sapphireslaps\n|\n|t:|1733856001\n|switch|p1a: Meloetta|Meloetta, L82|298/298\n|move|p2a: Komala|Knock Off|p1a: Meloetta\n|-supereffective|p1a: Meloetta\n|-damage|p1a: Meloetta|100/298\n|-enditem|p1a: Meloetta|Life Orb|[from] move: Knock Off|[of] p2a: Komala\n|\n|upkeep\n|turn|20\n|\n|t:|1733856010\n|move|p2a: Komala|Rapid Spin|p1a: Meloetta\n|-damage|p1a: Meloetta|18/298\n|-boost|p2a: Komala|spe|1\n|move|p1a: Meloetta|Knock Off|p2a: Komala\n|-supereffective|p2a: Komala\n|-damage|p2a: Komala|59/260\n|-enditem|p2a: Komala|Assault Vest|[from] move: Knock Off|[of] p1a: Meloetta\n|\n|upkeep\n|turn|21\n|\n|t:|1733856022\n|move|p2a: Komala|Body Slam|p1a: Meloetta\n|-damage|p1a: Meloetta|0 fnt\n|faint|p1a: Meloetta\n|\n|upkeep\n|\n|t:|1733856028\n|switch|p1a: Sylveon|Sylveon, L85, F|176/300\n|turn|22\n|\n|t:|1733856066\n|move|p2a: Komala|U-turn|p1a: Sylveon\n|-resisted|p1a: Sylveon\n|-damage|p1a: Sylveon|140/300\n|\n|t:|1733856074\n|switch|p2a: Shaymin|Shaymin, L82|298/298|[from] U-turn\n|move|p1a: Sylveon|Hyper Voice|p2a: Shaymin\n|-damage|p2a: Shaymin|172/298\n|\n|-heal|p2a: Shaymin|190/298|[from] item: Leftovers\n|-heal|p1a: Sylveon|158/300|[from] item: Leftovers\n|upkeep\n|turn|23\n|\n|t:|1733856084\n|move|p2a: Shaymin|Leech Seed|p1a: Sylveon\n|-start|p1a: Sylveon|move: Leech Seed\n|move|p1a: Sylveon|Calm Mind|p1a: Sylveon\n|-boost|p1a: Sylveon|spa|1\n|-boost|p1a: Sylveon|spd|1\n|\n|-heal|p2a: Shaymin|208/298|[from] item: Leftovers\n|-heal|p1a: Sylveon|176/300|[from] item: Leftovers\n|-damage|p1a: Sylveon|139/300|[from] Leech Seed|[of] p2a: Shaymin\n|-heal|p2a: Shaymin|245/298|[silent]\n|upkeep\n|turn|24\n|\n|t:|1733856089\n|move|p2a: Shaymin|Air Slash|p1a: Sylveon\n|-crit|p1a: Sylveon\n|-damage|p1a: Sylveon|87/300\n|cant|p1a: Sylveon|flinch\n|\n|-heal|p2a: Shaymin|263/298|[from] item: Leftovers\n|-heal|p1a: Sylveon|105/300|[from] item: Leftovers\n|-damage|p1a: Sylveon|68/300|[from] Leech Seed|[of] p2a: Shaymin\n|-heal|p2a: Shaymin|298/298|[silent]\n|upkeep\n|turn|25\n|\n|t:|1733856093\n|move|p2a: Shaymin|Seed Flare|p1a: Sylveon\n|-damage|p1a: Sylveon|4/300\n|-unboost|p1a: Sylveon|spd|2\n|move|p1a: Sylveon|Hyper Voice|p2a: Shaymin\n|-damage|p2a: Shaymin|123/298\n|\n|-heal|p2a: Shaymin|141/298|[from] item: Leftovers\n|-heal|p1a: Sylveon|22/300|[from] item: Leftovers\n|-damage|p1a: Sylveon|0 fnt|[from] Leech Seed|[of] p2a: Shaymin\n|-heal|p2a: Shaymin|163/298|[silent]\n|faint|p1a: Sylveon\n|upkeep\n|\n|t:|1733856104\n|switch|p1a: Oricorio|Oricorio, L84, F|102/263\n|turn|26\n|\n|t:|1733856121\n|switch|p2a: Komala|Komala, L89, M, tera:Ghost|59/260\n|-ability|p2a: Komala|Comatose\n|move|p1a: Oricorio|Roost|p1a: Oricorio\n|-heal|p1a: Oricorio|234/263\n|-singleturn|p1a: Oricorio|move: Roost\n|\n|upkeep\n|turn|27\n|\n|t:|1733856130\n|move|p1a: Oricorio|Revelation Dance|p2a: Komala\n|-damage|p2a: Komala|0 fnt\n|faint|p2a: Komala\n|\n|upkeep\n|\n|t:|1733856135\n|switch|p2a: Zapdos|Zapdos, L78|155/268\n|turn|28\n|\n|t:|1733856141\n|-terastallize|p1a: Oricorio|Ground\n|move|p1a: Oricorio|Quiver Dance|p1a: Oricorio\n|-boost|p1a: Oricorio|spa|1\n|-boost|p1a: Oricorio|spd|1\n|-boost|p1a: Oricorio|spe|1\n|move|p2a: Zapdos|Thunderbolt|p1a: Oricorio\n|-immune|p1a: Oricorio\n|\n|upkeep\n|turn|29\n|\n|t:|1733856163\n|move|p1a: Oricorio|Quiver Dance|p1a: Oricorio\n|-boost|p1a: Oricorio|spa|1\n|-boost|p1a: Oricorio|spd|1\n|-boost|p1a: Oricorio|spe|1\n|move|p2a: Zapdos|Hurricane|p1a: Oricorio|[miss]\n|-miss|p2a: Zapdos|p1a: Oricorio\n|\n|upkeep\n|turn|30\n|\n|t:|1733856167\n|move|p1a: Oricorio|Quiver Dance|p1a: Oricorio\n|-boost|p1a: Oricorio|spa|1\n|-boost|p1a: Oricorio|spd|1\n|-boost|p1a: Oricorio|spe|1\n|move|p2a: Zapdos|Hurricane|p1a: Oricorio\n|-damage|p1a: Oricorio|170/263\n|\n|upkeep\n|turn|31\n|\n|t:|1733856180\n|move|p1a: Oricorio|Quiver Dance|p1a: Oricorio\n|-boost|p1a: Oricorio|spa|1\n|-boost|p1a: Oricorio|spd|1\n|-boost|p1a: Oricorio|spe|1\n|move|p2a: Zapdos|Roost|p2a: Zapdos\n|-heal|p2a: Zapdos|268/268\n|-singleturn|p2a: Zapdos|move: Roost\n|\n|upkeep\n|turn|32\n|\n|t:|1733856190\n|switch|p2a: Zamazenta|Zamazenta, L71|47/248\n|move|p1a: Oricorio|Revelation Dance|p2a: Zamazenta\n|-damage|p2a: Zamazenta|0 fnt\n|faint|p2a: Zamazenta\n|\n|upkeep\n|\n|t:|1733856195\n|switch|p2a: Rotom|Rotom-Fan, L86|10/226\n|turn|33\n|\n|t:|1733856203\n|move|p1a: Oricorio|Hurricane|p2a: Rotom|[miss]\n|-miss|p1a: Oricorio|p2a: Rotom\n|move|p2a: Rotom|Volt Switch|p1a: Oricorio\n|-immune|p1a: Oricorio\n|\n|upkeep\n|turn|34\n|\n|t:|1733856209\n|move|p1a: Oricorio|Hurricane|p2a: Rotom\n|-resisted|p2a: Rotom\n|-crit|p2a: Rotom\n|-damage|p2a: Rotom|0 fnt\n|faint|p2a: Rotom\n|\n|upkeep\n|\n|t:|1733856212\n|switch|p2a: Zapdos|Zapdos, L78|268/268\n|turn|35\n|\n|t:|1733856217\n|move|p1a: Oricorio|Hurricane|p2a: Zapdos\n|-resisted|p2a: Zapdos\n|-damage|p2a: Zapdos|88/268\n|move|p2a: Zapdos|U-turn|p1a: Oricorio\n|-damage|p1a: Oricorio|125/263\n|\n|t:|1733856220\n|switch|p2a: Shaymin|Shaymin, L82|163/298|[from] U-turn\n|\n|-heal|p2a: Shaymin|181/298|[from] item: Leftovers\n|upkeep\n|turn|36\n|\n|t:|1733856226\n|move|p1a: Oricorio|Roost|p1a: Oricorio\n|-heal|p1a: Oricorio|257/263\n|move|p2a: Shaymin|Air Slash|p1a: Oricorio\n|-damage|p1a: Oricorio|234/263\n|\n|-heal|p2a: Shaymin|199/298|[from] item: Leftovers\n|upkeep\n|turn|37\n|\n|t:|1733856231\n|move|p1a: Oricorio|Hurricane|p2a: Shaymin\n|-supereffective|p2a: Shaymin\n|-damage|p2a: Shaymin|0 fnt\n|faint|p2a: Shaymin\n|\n|upkeep\n|\n|t:|1733856236\n|switch|p2a: Zapdos|Zapdos, L78|88/268\n|turn|38\n|\n|t:|1733856239\n|move|p1a: Oricorio|Hurricane|p2a: Zapdos\n|-resisted|p2a: Zapdos\n|-damage|p2a: Zapdos|0 fnt\n|faint|p2a: Zapdos\n|\n|win|S1xxPy\n|l|\u203dsapphireslaps\n|player|p2|\n", "inputlog": ">version bfd83cad13791eb5a5a409923076391caf6fb4d4\n>start {\"formatid\":\"gen9randombattle\",\"seed\":[58386,20128,24945,60975]}\n>player p1 {\"name\":\"S1xxPy\",\"avatar\":\"burglar\",\"rating\":0,\"seed\":[25956,20993,40778,54738]}\n>player p2 {\"name\":\"sapphireslaps\",\"avatar\":\"101\",\"rating\":0,\"seed\":[25943,8735,4112,26336]}\n>p1 move earthpower\n>p2 move bodypress\n>p2 switch 3\n>p1 switch 3\n>p2 move thunderbolt\n>p1 move heavyslam\n>p2 move thunderbolt\n>p1 move iciclecrash\n>p2 move uturn\n>p2 switch 2\n>p1 switch 5\n>p2 move willowisp\n>p1 move headsmash\n>p2 move airslash\n>p1 move suckerpunch\n>p2 switch 2\n>p1 move suckerpunch\n>p2 move uturn\n>p2 switch 4\n>p1 switch 6\n>p2 move closecombat\n>p1 move protect\n>p2 switch 6\n>p1 move wish\n>p2 move seedflare\n>p1 switch 5\n>p2 move leechseed\n>p1 move swordsdance\n>p2 move airslash\n>p1 move iciclecrash\n>p2 switch 6\n>p1 switch 2\n>p2 move closecombat\n>p1 move quiverdance\n>p2 switch 5\n>p1 move revelationdance\n>p2 move rapidspin\n>p1 move roost\n>p2 move knockoff terastallize\n>p1 switch 4\n>p2 move knockoff\n>p1 move knockoff\n>p2 move rapidspin\n>p1 move knockoff\n>p2 move bodyslam\n>p1 switch 5\n>p1 move hypervoice\n>p2 move uturn\n>p2 switch 6\n>p1 move calmmind\n>p2 move leechseed\n>p1 move hypervoice\n>p2 move airslash\n>p1 move hypervoice\n>p2 move seedflare\n>p1 switch 4\n>p1 move roost\n>p2 switch 6\n>p1 move revelationdance\n>p2 move bodyslam\n>p2 switch 4\n>p1 move quiverdance terastallize\n>p2 move thunderbolt\n>p1 move quiverdance\n>p2 move hurricane\n>p1 move quiverdance\n>p2 move hurricane\n>p1 move quiverdance\n>p2 move roost\n>p1 move revelationdance\n>p2 switch 5\n>p2 switch 2\n>p1 move hurricane\n>p2 move voltswitch\n>p1 move hurricane\n>p2 move willowisp\n>p2 switch 5\n>p1 move hurricane\n>p2 move uturn\n>p2 switch 6\n>p1 move roost\n>p2 move airslash\n>p1 move hurricane\n>p2 move seedflare\n>p2 switch 6\n>p1 move hurricane\n>p2 move hurricane", "uploadtime": 1733856268, "views": 15, "formatid": "gen9randombattle", "rating": null, "private": 0, "password": null}