{"id": "gen9randombattle-2105967449", "format": "[Gen 9] Random Battle", "players": ["austraz", "LT_Alt1"], "log": "|uhtml|medal-msg|<div class=\"broadcast-blue\">Curious what those medals under the avatar are? PS now has Ladder Seasons! For more information, check out the <a href=\"https://www.smogon.com/forums/threads/3740067/\">thread on Smogon.</a></div>\n|uhtml|medal-msg|<div class=\"broadcast-blue\">Curious what those medals under the avatar are? PS now has Ladder Seasons! For more information, check out the <a href=\"https://www.smogon.com/forums/threads/3740067/\">thread on Smogon.</a></div>\n|j|\u2606austraz\n|j|\u2606LT_Alt1\n|t:|1713411077\n|gametype|singles\n|player|p1|austraz|cynthia-gen4|2304\n|player|p2|LT_Alt1|266|2323\n|teamsize|p1|6\n|teamsize|p2|6\n|gen|9\n|tier|[Gen 9] Random Battle\n|rated|\n|rule|Species Clause: Limit one of each Pok\u00e9mon\n|rule|HP Percentage Mod: HP is shown in percentages\n|rule|Sleep Clause Mod: Limit one foe put to sleep\n|rule|Illusion Level Mod: Illusion disguises the Pok\u00e9mon's true level\n|\n|t:|1713411077\n|start\n|switch|p1a: Palafin|Palafin, L77, F|281/281\n|switch|p2a: Duraludon|Duraludon, L82, F|249/249\n|turn|1\n|\n|t:|1713411103\n|move|p1a: Palafin|Flip Turn|p2a: Duraludon\n|-resisted|p2a: Duraludon\n|-damage|p2a: Duraludon|233/249\n|\n|t:|1713411107\n|detailschange|p1a: Palafin|Palafin-Hero, L77, F\n|switch|p1a: Blissey|Blissey, L84, F|566/566|[from] Flip Turn\n|move|p2a: Duraludon|Stealth Rock|p1a: Blissey\n|-sidestart|p1: austraz|move: Stealth Rock\n|\n|upkeep\n|turn|2\n|\n|t:|1713411111\n|move|p2a: Duraludon|Body Press|p1a: Blissey\n|-supereffective|p1a: Blissey\n|-damage|p1a: Blissey|224/566\n|move|p1a: Blissey|Thunder Wave|p2a: Duraludon\n|-status|p2a: Duraludon|par\n|\n|-heal|p1a: Blissey|259/566|[from] item: Leftovers\n|upkeep\n|turn|3\n|\n|t:|1713411117\n|move|p1a: Blissey|Soft-Boiled|p1a: Blissey\n|-heal|p1a: Blissey|542/566\n|move|p2a: Duraludon|Body Press|p1a: Blissey\n|-supereffective|p1a: Blissey\n|-damage|p1a: Blissey|196/566\n|\n|-heal|p1a: Blissey|231/566|[from] item: Leftovers\n|upkeep\n|turn|4\n|\n|t:|1713411123\n|move|p1a: Blissey|Soft-Boiled|p1a: Blissey\n|-heal|p1a: Blissey|514/566\n|cant|p2a: Duraludon|par\n|\n|-heal|p1a: Blissey|549/566|[from] item: Leftovers\n|upkeep\n|turn|5\n|\n|t:|1713411127\n|move|p1a: Blissey|Stealth Rock|p2a: Duraludon\n|-sidestart|p2: LT_Alt1|move: Stealth Rock\n|move|p2a: Duraludon|Draco Meteor|p1a: Blissey|[miss]\n|-miss|p2a: Duraludon|p1a: Blissey\n|\n|-heal|p1a: Blissey|566/566|[from] item: Leftovers\n|upkeep\n|turn|6\n|\n|t:|1713411131\n|move|p1a: Blissey|Seismic Toss|p2a: Duraludon\n|-damage|p2a: Duraludon|149/249 par\n|move|p2a: Duraludon|Body Press|p1a: Blissey\n|-supereffective|p1a: Blissey\n|-damage|p1a: Blissey|180/566\n|\n|-heal|p1a: Blissey|215/566|[from] item: Leftovers\n|upkeep\n|turn|7\n|\n|t:|1713411136\n|move|p1a: Blissey|Soft-Boiled|p1a: Blissey\n|-heal|p1a: Blissey|498/566\n|move|p2a: Duraludon|Body Press|p1a: Blissey\n|-supereffective|p1a: Blissey\n|-damage|p1a: Blissey|128/566\n|\n|-heal|p1a: Blissey|163/566|[from] item: Leftovers\n|upkeep\n|turn|8\n|\n|t:|1713411138\n|move|p1a: Blissey|Soft-Boiled|p1a: Blissey\n|-heal|p1a: Blissey|446/566\n|move|p2a: Duraludon|Body Press|p1a: Blissey\n|-supereffective|p1a: Blissey\n|-damage|p1a: Blissey|56/566\n|\n|-heal|p1a: Blissey|91/566|[from] item: Leftovers\n|upkeep\n|turn|9\n|\n|t:|1713411141\n|move|p1a: Blissey|Soft-Boiled|p1a: Blissey\n|-heal|p1a: Blissey|374/566\n|move|p2a: Duraludon|Body Press|p1a: Blissey\n|-supereffective|p1a: Blissey\n|-damage|p1a: Blissey|0 fnt\n|faint|p1a: Blissey\n|\n|upkeep\n|\n|t:|1713411144\n|switch|p1a: Palafin|Palafin-Hero, L77, F|281/281\n|-damage|p1a: Palafin|246/281|[from] Stealth Rock\n|-activate|p1a: Palafin|ability: Zero to Hero\n|turn|10\n|\n|t:|1713411159\n|move|p1a: Palafin|Close Combat|p2a: Duraludon\n|-supereffective|p2a: Duraludon\n|-damage|p2a: Duraludon|0 fnt\n|-unboost|p1a: Palafin|def|1\n|-unboost|p1a: Palafin|spd|1\n|faint|p2a: Duraludon\n|\n|upkeep\n|\n|t:|1713411173\n|switch|p2a: Houndoom|Houndoom, L86, M|269/269\n|turn|11\n|\n|t:|1713411197\n|move|p2a: Houndoom|Dark Pulse|p1a: Palafin\n|-damage|p1a: Palafin|83/281\n|move|p1a: Palafin|Close Combat|p2a: Houndoom\n|-supereffective|p2a: Houndoom\n|-damage|p2a: Houndoom|0 fnt\n|-unboost|p1a: Palafin|def|1\n|-unboost|p1a: Palafin|spd|1\n|faint|p2a: Houndoom\n|\n|upkeep\n|\n|t:|1713411202\n|switch|p2a: Haxorus|Haxorus, L77, M|244/244\n|-damage|p2a: Haxorus|214/244|[from] Stealth Rock\n|-ability|p2a: Haxorus|Mold Breaker\n|turn|12\n|\n|t:|1713411209\n|move|p1a: Palafin|Close Combat|p2a: Haxorus\n|-damage|p2a: Haxorus|38/244\n|-unboost|p1a: Palafin|def|1\n|-unboost|p1a: Palafin|spd|1\n|move|p2a: Haxorus|Earthquake|p1a: Palafin\n|-damage|p1a: Palafin|0 fnt\n|faint|p1a: Palafin\n|\n|upkeep\n|\n|t:|1713411214\n|switch|p1a: Chien-Pao|Chien-Pao, L72|234/234\n|-ability|p1a: Chien-Pao|Sword of Ruin\n|turn|13\n|\n|t:|1713411220\n|move|p1a: Chien-Pao|Icicle Crash|p2a: Haxorus\n|-supereffective|p2a: Haxorus\n|-damage|p2a: Haxorus|0 fnt\n|faint|p2a: Haxorus\n|\n|upkeep\n|\n|t:|1713411223\n|switch|p2a: Crabominable|Crabominable, L90, M|321/321\n|-damage|p2a: Crabominable|281/321|[from] Stealth Rock\n|turn|14\n|\n|t:|1713411234\n|switch|p1a: Vaporeon|Vaporeon, L86, M|364/364\n|-damage|p1a: Vaporeon|319/364|[from] Stealth Rock\n|move|p2a: Crabominable|Ice Hammer|p1a: Vaporeon\n|-resisted|p1a: Vaporeon\n|-damage|p1a: Vaporeon|132/364\n|-unboost|p2a: Crabominable|spe|1\n|\n|-heal|p1a: Vaporeon|154/364|[from] item: Leftovers\n|upkeep\n|turn|15\n|\n|t:|1713411242\n|move|p1a: Vaporeon|Protect|p1a: Vaporeon\n|-singleturn|p1a: Vaporeon|Protect\n|move|p2a: Crabominable|Ice Hammer|p1a: Vaporeon\n|-activate|p1a: Vaporeon|move: Protect\n|\n|-heal|p1a: Vaporeon|176/364|[from] item: Leftovers\n|upkeep\n|turn|16\n|\n|t:|1713411245\n|move|p1a: Vaporeon|Scald|p2a: Crabominable\n|-damage|p2a: Crabominable|163/321\n|move|p2a: Crabominable|Ice Hammer|p1a: Vaporeon\n|-resisted|p1a: Vaporeon\n|-damage|p1a: Vaporeon|1/364\n|-unboost|p2a: Crabominable|spe|1\n|\n|-heal|p1a: Vaporeon|23/364|[from] item: Leftovers\n|upkeep\n|turn|17\n|\n|t:|1713411251\n|move|p1a: Vaporeon|Scald|p2a: Crabominable\n|-damage|p2a: Crabominable|51/321\n|move|p2a: Crabominable|Ice Hammer|p1a: Vaporeon\n|-resisted|p1a: Vaporeon\n|-damage|p1a: Vaporeon|0 fnt\n|-unboost|p2a: Crabominable|spe|1\n|faint|p1a: Vaporeon\n|\n|upkeep\n|\n|t:|1713411256\n|switch|p1a: Reshiram|Reshiram, L76|277/277\n|-ability|p1a: Reshiram|Turboblaze\n|turn|18\n|\n|t:|1713411260\n|move|p1a: Reshiram|Earth Power|p2a: Crabominable\n|-damage|p2a: Crabominable|0 fnt\n|faint|p2a: Crabominable\n|\n|upkeep\n|\n|t:|1713411262\n|switch|p2a: Diancie|Diancie, L82|216/216\n|-damage|p2a: Diancie|189/216|[from] Stealth Rock\n|turn|19\n|\n|t:|1713411278\n|-terastallize|p1a: Reshiram|Ground\n|move|p1a: Reshiram|Earth Power|p2a: Diancie\n|-supereffective|p2a: Diancie\n|-damage|p2a: Diancie|25/216\n|move|p2a: Diancie|Rock Polish|p2a: Diancie\n|-boost|p2a: Diancie|spe|2\n|\n|-heal|p2a: Diancie|38/216|[from] item: Leftovers\n|upkeep\n|turn|20\n|\n|t:|1713411291\n|move|p2a: Diancie|Moonblast|p1a: Reshiram\n|-damage|p1a: Reshiram|198/277\n|move|p1a: Reshiram|Earth Power|p2a: Diancie\n|-supereffective|p2a: Diancie\n|-damage|p2a: Diancie|0 fnt\n|faint|p2a: Diancie\n|\n|upkeep\n|\n|t:|1713411294\n|switch|p2a: Dondozo|Dondozo, L78, M|362/362\n|-damage|p2a: Dondozo|317/362|[from] Stealth Rock\n|turn|21\n|\n|t:|1713411305\n|move|p1a: Reshiram|Draco Meteor|p2a: Dondozo\n|-damage|p2a: Dondozo|98/362\n|-unboost|p1a: Reshiram|spa|2\n|move|p2a: Dondozo|Wave Crash|p1a: Reshiram\n|-supereffective|p1a: Reshiram\n|-crit|p1a: Reshiram\n|-damage|p1a: Reshiram|0 fnt\n|faint|p1a: Reshiram\n|-damage|p2a: Dondozo|33/362|[from] Recoil\n|\n|-heal|p2a: Dondozo|55/362|[from] item: Leftovers\n|upkeep\n|\n|t:|1713411311\n|switch|p1a: Chansey|Chansey, L85, F|564/564\n|-damage|p1a: Chansey|494/564|[from] Stealth Rock\n|turn|22\n|\n|t:|1713411315\n|move|p1a: Chansey|Seismic Toss|p2a: Dondozo\n|-damage|p2a: Dondozo|0 fnt\n|faint|p2a: Dondozo\n|\n|win|austraz\n|raw|austraz's rating: 2304 &rarr; <strong>2325</strong><br />(+21 for winning)\n|raw|LT_Alt1's rating: 2323 &rarr; <strong>2302</strong><br />(-21 for losing)\n", "inputlog": ">version 353afcba8edc3ce061b3a30b18dec61a8b98d08c\n>start {\"formatid\":\"gen9randombattle\",\"seed\":[34979,37367,1084,7061],\"rated\":\"Rated battle\"}\n>player p1 {\"name\":\"austraz\",\"avatar\":\"cynthia-gen4\",\"rating\":2304,\"seed\":[16354,32497,47920,28952]}\n>player p2 {\"name\":\"LT_Alt1\",\"avatar\":\"266\",\"rating\":2323,\"seed\":[57249,17983,27311,1591]}\n>p1 move flipturn\n>p2 move stealthrock\n>p1 switch 4\n>p1 move thunderwave\n>p2 move bodypress\n>p1 move softboiled\n>p2 move bodypress\n>p1 move softboiled\n>p2 move bodypress\n>p1 move stealthrock\n>p2 move dracometeor\n>p1 move seismictoss\n>p2 move bodypress\n>p1 move softboiled\n>p2 move bodypress\n>p1 move softboiled\n>p2 move bodypress\n>p1 move softboiled\n>p2 move bodypress\n>p1 switch 4\n>p1 move closecombat\n>p2 move dracometeor\n>p2 switch 6\n>p1 move closecombat\n>p2 move darkpulse\n>p2 switch 5\n>p1 move closecombat\n>p2 move earthquake\n>p1 switch 6\n>p1 move iciclecrash\n>p2 move dragondance\n>p2 switch 4\n>p1 switch 5\n>p2 move icehammer\n>p1 move protect\n>p2 move icehammer\n>p1 move scald\n>p2 move icehammer\n>p1 move scald\n>p2 move icehammer\n>p1 switch 2\n>p1 move earthpower\n>p2 move icehammer\n>p2 switch 3\n>p1 move earthpower terastallize\n>p2 move rockpolish\n>p1 move earthpower\n>p2 move moonblast\n>p2 switch 2\n>p1 move dracometeor\n>p2 move wavecrash\n>p1 switch 3\n>p1 move seismictoss\n>p2 move rest", "uploadtime": 1713411321, "views": 245, "formatid": "gen9randombattle", "rating": 2302, "private": 0, "password": null}