{"id": "gen9randombattle-2259975133", "format": "[Gen 9] Random Battle", "players": ["jacobapollo", "ShadySableye77"], "log": "|j|\u2606jacobapollo\n|j|\u2606ShadySableye77\n|t:|1733786356\n|gametype|singles\n|player|p1|jacobapollo|1|1442\n|player|p2|ShadySableye77|hilbert|1460\n|teamsize|p1|6\n|teamsize|p2|6\n|gen|9\n|tier|[Gen 9] Random Battle\n|rated|\n|rule|Species Clause: Limit one of each Pok\u00e9mon\n|rule|HP Percentage Mod: HP is shown in percentages\n|rule|Sleep Clause Mod: Limit one foe put to sleep\n|rule|Illusion Level Mod: Illusion disguises the Pok\u00e9mon's true level\n|\n|t:|1733786356\n|start\n|switch|p1a: Arcanine|Arcanine, L84, M|288/288\n|switch|p2a: Phione|Phione, L91|293/293\n|-ability|p1a: Arcanine|Intimidate|boost\n|-unboost|p2a: Phione|atk|1\n|turn|1\n|inactive|Battle timer is ON: inactive players will automatically lose when time's up. (requested by jacobapollo)\n|\n|t:|1733786364\n|switch|p1a: Cinccino|Cinccino, L83, F|260/260\n|move|p2a: Phione|Take Heart|p2a: Phione\n|-boost|p2a: Phione|spa|1\n|-boost|p2a: Phione|spd|1\n|\n|upkeep\n|turn|2\n|inactive|ShadySableye77 has 120 seconds left.\n|\n|t:|1733786400\n|-terastallize|p2a: Phione|Steel\n|move|p1a: Cinccino|Bullet Seed|p2a: Phione\n|-resisted|p2a: Phione\n|-damage|p2a: Phione|281/293\n|-resisted|p2a: Phione\n|-damage|p2a: Phione|269/293\n|-resisted|p2a: Phione\n|-damage|p2a: Phione|257/293\n|-resisted|p2a: Phione\n|-damage|p2a: Phione|245/293\n|-resisted|p2a: Phione\n|-crit|p2a: Phione\n|-damage|p2a: Phione|226/293\n|-hitcount|p2a: Phione|5\n|move|p2a: Phione|Scald|p1a: Cinccino\n|-damage|p1a: Cinccino|95/260\n|\n|-heal|p2a: Phione|244/293|[from] item: Leftovers\n|upkeep\n|turn|3\n|inactive|ShadySableye77 has 120 seconds left.\n|\n|t:|1733786415\n|switch|p1a: Arcanine|Arcanine, L84, M|288/288\n|-ability|p1a: Arcanine|Intimidate|boost\n|-unboost|p2a: Phione|atk|1\n|move|p2a: Phione|Scald|p1a: Arcanine\n|-supereffective|p1a: Arcanine\n|-damage|p1a: Arcanine|28/288\n|\n|-heal|p2a: Phione|262/293|[from] item: Leftovers\n|upkeep\n|turn|4\n|\n|t:|1733786436\n|switch|p2a: Dewgong|Dewgong, L94, F|322/322\n|move|p1a: Arcanine|Flare Blitz|p2a: Dewgong\n|-damage|p2a: Dewgong|259/322\n|-status|p2a: Dewgong|brn\n|-damage|p1a: Arcanine|7/288|[from] Recoil\n|\n|-damage|p2a: Dewgong|239/322 brn|[from] brn\n|upkeep\n|turn|5\n|\n|t:|1733786447\n|move|p1a: Arcanine|Close Combat|p2a: Dewgong\n|-supereffective|p2a: Dewgong\n|-damage|p2a: Dewgong|65/322 brn\n|-unboost|p1a: Arcanine|def|1\n|-unboost|p1a: Arcanine|spd|1\n|move|p2a: Dewgong|Flip Turn|p1a: Arcanine\n|-supereffective|p1a: Arcanine\n|-damage|p1a: Arcanine|0 fnt\n|faint|p1a: Arcanine\n|\n|t:|1733786458\n|switch|p2a: Maushold|Maushold, L76|238/238|[from] Flip Turn\n|\n|upkeep\n|\n|t:|1733786465\n|switch|p1a: Chien-Pao|Chien-Pao, L72|234/234\n|-ability|p1a: Chien-Pao|Sword of Ruin\n|turn|6\n|\n|t:|1733786472\n|move|p1a: Chien-Pao|Sacred Sword|p2a: Maushold\n|-supereffective|p2a: Maushold\n|-damage|p2a: Maushold|0 fnt\n|faint|p2a: Maushold\n|\n|upkeep\n|\n|t:|1733786477\n|switch|p2a: Florges|Florges-Orange, L85, F|271/271\n|turn|7\n|\n|t:|1733786499\n|switch|p1a: Quaquaval|Quaquaval, L79, F|264/264\n|move|p2a: Florges|Moonblast|p1a: Quaquaval\n|-supereffective|p1a: Quaquaval\n|-damage|p1a: Quaquaval|0 fnt\n|faint|p1a: Quaquaval\n|\n|upkeep\n|\n|t:|1733786503\n|switch|p1a: Cinccino|Cinccino, L83, F|95/260\n|turn|8\n|\n|t:|1733786507\n|switch|p2a: Phione|Phione, L91, tera:Steel|262/293\n|move|p1a: Cinccino|Tail Slap|p2a: Phione|[miss]\n|-miss|p1a: Cinccino|p2a: Phione\n|\n|-heal|p2a: Phione|280/293|[from] item: Leftovers\n|upkeep\n|turn|9\n|\n|t:|1733786517\n|switch|p1a: Comfey|Comfey, L85, F|225/225\n|move|p2a: Phione|Scald|p1a: Comfey\n|-damage|p1a: Comfey|158/225\n|\n|-heal|p1a: Comfey|172/225|[from] item: Leftovers\n|-heal|p2a: Phione|293/293|[from] item: Leftovers\n|upkeep\n|turn|10\n|\n|t:|1733786527\n|switch|p2a: Grafaiai|Grafaiai, L86, M|249/249\n|move|p1a: Comfey|Calm Mind|p1a: Comfey\n|-boost|p1a: Comfey|spa|1\n|-boost|p1a: Comfey|spd|1\n|\n|-heal|p1a: Comfey|186/225|[from] item: Leftovers\n|upkeep\n|turn|11\n|\n|t:|1733786539\n|move|p1a: Comfey|Draining Kiss|p2a: Grafaiai\n|-resisted|p2a: Grafaiai\n|-damage|p2a: Grafaiai|210/249\n|-heal|p1a: Comfey|215/225|[from] drain|[of] p2a: Grafaiai\n|move|p2a: Grafaiai|Gunk Shot|p1a: Comfey\n|-supereffective|p1a: Comfey\n|-damage|p1a: Comfey|0 fnt\n|faint|p1a: Comfey\n|-damage|p2a: Grafaiai|186/249|[from] item: Life Orb\n|\n|upkeep\n|\n|t:|1733786546\n|switch|p1a: Cinccino|Cinccino, L83, F|95/260\n|turn|12\n|\n|t:|1733786552\n|switch|p2a: Phione|Phione, L91, tera:Steel|293/293\n|move|p1a: Cinccino|Tail Slap|p2a: Phione\n|-resisted|p2a: Phione\n|-damage|p2a: Phione|276/293\n|-resisted|p2a: Phione\n|-damage|p2a: Phione|258/293\n|-resisted|p2a: Phione\n|-damage|p2a: Phione|240/293\n|-resisted|p2a: Phione\n|-damage|p2a: Phione|223/293\n|-resisted|p2a: Phione\n|-damage|p2a: Phione|206/293\n|-hitcount|p2a: Phione|5\n|\n|-heal|p2a: Phione|224/293|[from] item: Leftovers\n|upkeep\n|turn|13\n|\n|t:|1733786560\n|switch|p1a: Mandibuzz|Mandibuzz, L85, F|326/326\n|move|p2a: Phione|Scald|p1a: Mandibuzz\n|-damage|p1a: Mandibuzz|245/326\n|\n|-heal|p2a: Phione|242/293|[from] item: Leftovers\n|upkeep\n|turn|14\n|\n|t:|1733786569\n|switch|p2a: Florges|Florges-Orange, L85, F|271/271\n|move|p1a: Mandibuzz|Foul Play|p2a: Florges\n|-resisted|p2a: Florges\n|-damage|p2a: Florges|238/271\n|\n|-heal|p2a: Florges|254/271|[from] item: Leftovers\n|upkeep\n|turn|15\n|\n|t:|1733786577\n|move|p1a: Mandibuzz|U-turn|p2a: Florges\n|-resisted|p2a: Florges\n|-damage|p2a: Florges|229/271\n|\n|t:|1733786579\n|switch|p1a: Chien-Pao|Chien-Pao, L72|234/234|[from] U-turn\n|-ability|p1a: Chien-Pao|Sword of Ruin\n|move|p2a: Florges|Moonblast|p1a: Chien-Pao\n|-supereffective|p1a: Chien-Pao\n|-damage|p1a: Chien-Pao|0 fnt\n|faint|p1a: Chien-Pao\n|\n|-heal|p2a: Florges|245/271|[from] item: Leftovers\n|upkeep\n|\n|t:|1733786580\n|switch|p1a: Cinccino|Cinccino, L83, F|95/260\n|turn|16\n|\n|t:|1733786590\n|switch|p2a: Phione|Phione, L91, tera:Steel|242/293\n|move|p1a: Cinccino|Tidy Up|p1a: Cinccino\n|-boost|p1a: Cinccino|atk|1\n|-boost|p1a: Cinccino|spe|1\n|\n|-heal|p2a: Phione|260/293|[from] item: Leftovers\n|upkeep\n|turn|17\n|\n|t:|1733786596\n|-terastallize|p1a: Cinccino|Ice\n|move|p1a: Cinccino|Triple Axel|p2a: Phione\n|-resisted|p2a: Phione\n|-damage|p2a: Phione|236/293\n|-resisted|p2a: Phione\n|-crit|p2a: Phione\n|-damage|p2a: Phione|164/293\n|-resisted|p2a: Phione\n|-damage|p2a: Phione|94/293\n|-hitcount|p2a: Phione|3\n|move|p2a: Phione|Take Heart|p2a: Phione\n|-boost|p2a: Phione|spa|1\n|-boost|p2a: Phione|spd|1\n|\n|-heal|p2a: Phione|112/293|[from] item: Leftovers\n|upkeep\n|turn|18\n|\n|t:|1733786601\n|move|p1a: Cinccino|Triple Axel|p2a: Phione\n|-resisted|p2a: Phione\n|-damage|p2a: Phione|90/293\n|-resisted|p2a: Phione\n|-damage|p2a: Phione|44/293\n|-resisted|p2a: Phione\n|-damage|p2a: Phione|0 fnt\n|faint|p2a: Phione\n|-hitcount|p2: Phione|3\n|\n|upkeep\n|\n|t:|1733786608\n|switch|p2a: Grafaiai|Grafaiai, L86, M|186/249\n|turn|19\n|\n|t:|1733786612\n|move|p1a: Cinccino|Triple Axel|p2a: Grafaiai\n|-damage|p2a: Grafaiai|131/249\n|-damage|p2a: Grafaiai|19/249\n|-damage|p2a: Grafaiai|0 fnt\n|faint|p2a: Grafaiai\n|-hitcount|p2: Grafaiai|3\n|\n|upkeep\n|\n|t:|1733786615\n|switch|p2a: Dewgong|Dewgong, L94, F|65/322 brn\n|turn|20\n|\n|t:|1733786618\n|move|p1a: Cinccino|Bullet Seed|p2a: Dewgong\n|-supereffective|p2a: Dewgong\n|-damage|p2a: Dewgong|0 fnt\n|faint|p2a: Dewgong\n|-hitcount|p2: Dewgong|1\n|\n|upkeep\n|\n|t:|1733786621\n|switch|p2a: Arceus|Arceus-Flying, L69|279/279\n|turn|21\n|\n|t:|1733786625\n|move|p1a: Cinccino|Triple Axel|p2a: Arceus\n|-supereffective|p2a: Arceus\n|-damage|p2a: Arceus|193/279\n|-supereffective|p2a: Arceus\n|-damage|p2a: Arceus|25/279\n|-supereffective|p2a: Arceus\n|-damage|p2a: Arceus|0 fnt\n|faint|p2a: Arceus\n|-hitcount|p2: Arceus|3\n|\n|upkeep\n|c|\u2606ShadySableye77|one lucky play\n|c|\u2606jacobapollo|yeah\n|c|\u2606jacobapollo|a good read\n|c|\u2606ShadySableye77|i would've lost anyways\n|inactive|ShadySableye77 has 120 seconds left.\n|c|\u2606ShadySableye77|wouldnt have damaged enoygh\n|c|\u2606ShadySableye77|fucking rip ass\n|\n|t:|1733786666\n|switch|p2a: Florges|Florges-Orange, L85, F|245/271\n|turn|22\n|\n|t:|1733786670\n|move|p1a: Cinccino|Triple Axel|p2a: Florges\n|-damage|p2a: Florges|188/271\n|-damage|p2a: Florges|71/271\n|-damage|p2a: Florges|0 fnt\n|faint|p2a: Florges\n|-hitcount|p2: Florges|3\n|\n|win|jacobapollo\n", "inputlog": ">version bfd83cad13791eb5a5a409923076391caf6fb4d4\n>start {\"formatid\":\"gen9randombattle\",\"seed\":[37939,45256,25120,18931],\"rated\":\"Rated battle\"}\n>player p1 {\"name\":\"jacobapollo\",\"avatar\":\"1\",\"rating\":1442,\"seed\":[64725,28435,37358,42130]}\n>player p2 {\"name\":\"ShadySableye77\",\"avatar\":\"hilbert\",\"rating\":1460,\"seed\":[49636,26392,34672,11255]}\n>p1 switch 6\n>p2 move takeheart\n>p1 move bulletseed\n>p2 move scald terastallize\n>p1 switch 6\n>p2 move scald\n>p1 move flareblitz\n>p2 switch 3\n>p1 move closecombat\n>p2 move flipturn\n>p2 switch 2\n>p1 switch 2\n>p1 move sacredsword\n>p2 move tidyup\n>p2 switch 5\n>p1 switch 3\n>p2 move moonblast\n>p1 switch 6\n>p1 move tailslap\n>p2 switch 3\n>p1 switch 4\n>p2 move scald\n>p1 move calmmind\n>p2 switch 4\n>p1 move drainingkiss\n>p2 move gunkshot\n>p1 switch 4\n>p1 move tailslap\n>p2 switch 4\n>p1 switch 5\n>p2 move scald\n>p1 move foulplay\n>p2 switch 3\n>p1 move uturn\n>p2 move moonblast\n>p1 switch 3\n>p1 switch 5\n>p1 move tidyup\n>p2 switch 3\n>p1 move tripleaxel terastallize\n>p2 move takeheart\n>p1 move tripleaxel\n>p2 move scald\n>p2 switch 4\n>p1 move tripleaxel\n>p2 move lowkick\n>p2 switch 2\n>p1 move bulletseed\n>p2 move hydropump\n>p2 switch 6\n>p1 move tripleaxel\n>p2 move judgment\n>chat \u2606ShadySableye77|one lucky play\n>chat \u2606jacobapollo|yeah\n>chat \u2606jacobapollo|a good read\n>chat \u2606ShadySableye77|i would've lost anyways\n>chat \u2606ShadySableye77|wouldnt have damaged enoygh\n>chat \u2606ShadySableye77|fucking rip ass\n>p2 switch 3\n>p1 move tripleaxel\n>p2 move moonblast", "uploadtime": 1733786664, "views": 2, "formatid": "gen9randombattle", "rating": null, "private": 0, "password": null}