{"id": "gen9randombattle-2260869016", "format": "[Gen 9] Random Battle", "players": ["AstroLuvsMemes", "ThunderAxe31"], "log": "|j|\u2606AstroLuvsMemes\n|j|\u2606ThunderAxe31\n|t:|1733907666\n|gametype|singles\n|player|p1|AstroLuvsMemes|clair|2107\n|player|p2|ThunderAxe31|sabrina|2051\n|teamsize|p1|6\n|teamsize|p2|6\n|gen|9\n|tier|[Gen 9] Random Battle\n|rated|\n|rule|Species Clause: Limit one of each Pok\u00e9mon\n|rule|HP Percentage Mod: HP is shown in percentages\n|rule|Sleep Clause Mod: Limit one foe put to sleep\n|rule|Illusion Level Mod: Illusion disguises the Pok\u00e9mon's true level\n|\n|t:|1733907666\n|start\n|switch|p1a: Vespiquen|Vespiquen, L98, F|296/296\n|switch|p2a: Palkia|Palkia, L75|259/259\n|-ability|p2a: Palkia|Pressure\n|-ability|p1a: Vespiquen|Pressure\n|turn|1\n|inactive|Battle timer is ON: inactive players will automatically lose when time's up. (requested by ThunderAxe31)\n|\n|t:|1733907677\n|switch|p1a: Ting-Lu|Ting-Lu, L78|370/370\n|-ability|p1a: Ting-Lu|Vessel of Ruin\n|move|p2a: Palkia|Fire Blast|p1a: Ting-Lu\n|-damage|p1a: Ting-Lu|290/370\n|\n|-heal|p1a: Ting-Lu|313/370|[from] item: Leftovers\n|upkeep\n|turn|2\n|\n|t:|1733907692\n|move|p2a: Palkia|Hydro Pump|p1a: Ting-Lu|[miss]\n|-miss|p2a: Palkia|p1a: Ting-Lu\n|move|p1a: Ting-Lu|Stealth Rock|p2a: Palkia\n|-sidestart|p2: ThunderAxe31|move: Stealth Rock\n|\n|-heal|p1a: Ting-Lu|336/370|[from] item: Leftovers\n|upkeep\n|turn|3\n|\n|t:|1733907701\n|switch|p1a: Venusaur|Venusaur, L84, F|272/272\n|move|p2a: Palkia|Draco Meteor|p1a: Venusaur\n|-damage|p1a: Venusaur|94/272\n|-unboost|p2a: Palkia|spa|2\n|\n|-heal|p1a: Venusaur|111/272|[from] item: Leftovers\n|upkeep\n|turn|4\n|\n|t:|1733907722\n|switch|p2a: Grafaiai|Grafaiai, L86, F|249/249\n|move|p1a: Venusaur|Leech Seed|p2a: Grafaiai\n|-start|p2a: Grafaiai|move: Leech Seed\n|\n|-heal|p1a: Venusaur|128/272|[from] item: Leftovers\n|-damage|p2a: Grafaiai|218/249|[from] Leech Seed|[of] p1a: Venusaur\n|-heal|p1a: Venusaur|159/272|[silent]\n|upkeep\n|turn|5\n|\n|t:|1733907728\n|move|p2a: Grafaiai|Parting Shot|p1a: Venusaur\n|-unboost|p1a: Venusaur|atk|1\n|-unboost|p1a: Venusaur|spa|1\n|\n|t:|1733907741\n|switch|p2a: Palkia|Palkia, L75|259/259|[from] Parting Shot\n|-damage|p2a: Palkia|227/259|[from] Stealth Rock\n|-ability|p2a: Palkia|Pressure\n|move|p1a: Venusaur|Sleep Powder|p2a: Palkia|[miss]\n|-miss|p1a: Venusaur|p2a: Palkia\n|\n|-heal|p1a: Venusaur|176/272|[from] item: Leftovers\n|upkeep\n|turn|6\n|\n|t:|1733907750\n|move|p2a: Palkia|Fire Blast|p1a: Venusaur\n|-supereffective|p1a: Venusaur\n|-damage|p1a: Venusaur|16/272\n|move|p1a: Venusaur|Leech Seed|p2a: Palkia\n|-start|p2a: Palkia|move: Leech Seed\n|\n|-heal|p1a: Venusaur|33/272|[from] item: Leftovers\n|-damage|p2a: Palkia|195/259|[from] Leech Seed|[of] p1a: Venusaur\n|-heal|p1a: Venusaur|65/272|[silent]\n|upkeep\n|turn|7\n|\n|t:|1733907758\n|switch|p1a: Ting-Lu|Ting-Lu, L78|336/370\n|-ability|p1a: Ting-Lu|Vessel of Ruin\n|move|p2a: Palkia|Draco Meteor|p1a: Ting-Lu\n|-damage|p1a: Ting-Lu|182/370\n|-unboost|p2a: Palkia|spa|2\n|\n|-heal|p1a: Ting-Lu|205/370|[from] item: Leftovers\n|-damage|p2a: Palkia|163/259|[from] Leech Seed|[of] p1a: Ting-Lu\n|-heal|p1a: Ting-Lu|237/370|[silent]\n|upkeep\n|turn|8\n|\n|t:|1733907768\n|switch|p2a: Piloswine|Piloswine, L85, F|309/309\n|-damage|p2a: Piloswine|271/309|[from] Stealth Rock\n|move|p1a: Ting-Lu|Spikes|p2a: Piloswine\n|-sidestart|p2: ThunderAxe31|Spikes\n|\n|-heal|p1a: Ting-Lu|260/370|[from] item: Leftovers\n|upkeep\n|turn|9\n|\n|t:|1733907777\n|move|p2a: Piloswine|Icicle Crash|p1a: Ting-Lu\n|-supereffective|p1a: Ting-Lu\n|-damage|p1a: Ting-Lu|116/370\n|move|p1a: Ting-Lu|Spikes|p2a: Piloswine\n|-sidestart|p2: ThunderAxe31|Spikes\n|\n|-heal|p1a: Ting-Lu|139/370|[from] item: Leftovers\n|upkeep\n|turn|10\n|inactive|AstroLuvsMemes has 120 seconds left.\n|\n|t:|1733907813\n|move|p2a: Piloswine|Stealth Rock|p1a: Ting-Lu\n|-sidestart|p1: AstroLuvsMemes|move: Stealth Rock\n|move|p1a: Ting-Lu|Spikes|p2a: Piloswine\n|-sidestart|p2: ThunderAxe31|Spikes\n|\n|-heal|p1a: Ting-Lu|162/370|[from] item: Leftovers\n|upkeep\n|turn|11\n|inactive|AstroLuvsMemes has 120 seconds left.\n|\n|t:|1733907821\n|move|p2a: Piloswine|Icicle Crash|p1a: Ting-Lu|[miss]\n|-miss|p2a: Piloswine|p1a: Ting-Lu\n|move|p1a: Ting-Lu|Earthquake|p2a: Piloswine\n|-damage|p2a: Piloswine|201/309\n|\n|-heal|p1a: Ting-Lu|185/370|[from] item: Leftovers\n|upkeep\n|turn|12\n|\n|t:|1733907825\n|switch|p1a: Scizor|Scizor, L79, F|240/240\n|-damage|p1a: Scizor|210/240|[from] Stealth Rock\n|move|p2a: Piloswine|Icicle Crash|p1a: Scizor\n|-resisted|p1a: Scizor\n|-damage|p1a: Scizor|168/240\n|\n|-heal|p1a: Scizor|183/240|[from] item: Leftovers\n|upkeep\n|turn|13\n|\n|t:|1733907832\n|switch|p2a: Iron Hands|Iron Hands, L79|373/373\n|-damage|p2a: Iron Hands|350/373|[from] Stealth Rock\n|-damage|p2a: Iron Hands|257/373|[from] Spikes\n|move|p1a: Scizor|U-turn|p2a: Iron Hands\n|-resisted|p2a: Iron Hands\n|-damage|p2a: Iron Hands|222/373\n|\n|t:|1733907846\n|switch|p1a: Diancie|Diancie, L82|216/216|[from] U-turn\n|-damage|p1a: Diancie|189/216|[from] Stealth Rock\n|\n|-heal|p1a: Diancie|202/216|[from] item: Leftovers\n|upkeep\n|turn|14\n|\n|t:|1733907852\n|move|p2a: Iron Hands|Fake Out|p1a: Diancie\n|-resisted|p1a: Diancie\n|-crit|p1a: Diancie\n|-damage|p1a: Diancie|183/216\n|cant|p1a: Diancie|flinch\n|\n|-heal|p1a: Diancie|196/216|[from] item: Leftovers\n|upkeep\n|turn|15\n|inactive|AstroLuvsMemes has 120 seconds left.\n|\n|t:|1733907895\n|move|p1a: Diancie|Rock Polish|p1a: Diancie\n|-boost|p1a: Diancie|spe|2\n|move|p2a: Iron Hands|Volt Switch|p1a: Diancie\n|-damage|p1a: Diancie|168/216\n|inactive|ThunderAxe31 has 120 seconds left.\n|\n|t:|1733907911\n|-end|p2a: Iron Hands|Quark Drive|[silent]\n|switch|p2a: Shiftry|Shiftry, L89, F|305/305|[from] Volt Switch\n|-damage|p2a: Shiftry|267/305|[from] Stealth Rock\n|-damage|p2a: Shiftry|191/305|[from] Spikes\n|\n|-heal|p1a: Diancie|181/216|[from] item: Leftovers\n|upkeep\n|turn|16\n|inactive|AstroLuvsMemes has 120 seconds left.\n|\n|t:|1733907921\n|move|p1a: Diancie|Diamond Storm|p2a: Shiftry\n|-damage|p2a: Shiftry|58/305\n|-boost|p1a: Diancie|def|2\n|move|p2a: Shiftry|Tailwind|p2a: Shiftry\n|-sidestart|p2: ThunderAxe31|move: Tailwind\n|-ability|p2a: Shiftry|Wind Rider|boost\n|-boost|p2a: Shiftry|atk|1\n|\n|-heal|p1a: Diancie|194/216|[from] item: Leftovers\n|upkeep\n|turn|17\n|inactive|AstroLuvsMemes has 120 seconds left.\n|\n|t:|1733907930\n|-terastallize|p1a: Diancie|Fighting\n|move|p2a: Shiftry|Leaf Blade|p1a: Diancie\n|-damage|p1a: Diancie|124/216\n|-damage|p2a: Shiftry|28/305|[from] item: Life Orb\n|move|p1a: Diancie|Body Press|p2a: Shiftry\n|-supereffective|p2a: Shiftry\n|-damage|p2a: Shiftry|0 fnt\n|faint|p2a: Shiftry\n|\n|-heal|p1a: Diancie|137/216|[from] item: Leftovers\n|upkeep\n|inactive|ThunderAxe31 has 120 seconds left.\n|\n|t:|1733907959\n|switch|p2a: Fezandipiti|Fezandipiti, L82, M|278/278\n|-damage|p2a: Fezandipiti|244/278|[from] Stealth Rock\n|-damage|p2a: Fezandipiti|175/278|[from] Spikes\n|turn|18\n|inactive|AstroLuvsMemes has 120 seconds left.\n|\n|t:|1733907976\n|move|p2a: Fezandipiti|Play Rough|p1a: Diancie\n|-supereffective|p1a: Diancie\n|-damage|p1a: Diancie|77/216\n|move|p1a: Diancie|Diamond Storm|p2a: Fezandipiti\n|-damage|p2a: Fezandipiti|67/278\n|-boost|p1a: Diancie|def|2\n|\n|-heal|p2a: Fezandipiti|84/278|[from] item: Leftovers\n|-heal|p1a: Diancie|90/216|[from] item: Leftovers\n|upkeep\n|turn|19\n|inactive|ThunderAxe31 has 120 seconds left.\n|\n|t:|1733908012\n|move|p2a: Fezandipiti|Play Rough|p1a: Diancie\n|-supereffective|p1a: Diancie\n|-damage|p1a: Diancie|52/216\n|move|p1a: Diancie|Diamond Storm|p2a: Fezandipiti\n|-crit|p2a: Fezandipiti\n|-damage|p2a: Fezandipiti|0 fnt\n|faint|p2a: Fezandipiti\n|\n|-heal|p1a: Diancie|65/216|[from] item: Leftovers\n|-sideend|p2: ThunderAxe31|move: Tailwind\n|upkeep\n|\n|t:|1733908021\n|switch|p2a: Palkia|Palkia, L75|163/259\n|-damage|p2a: Palkia|131/259|[from] Stealth Rock\n|-damage|p2a: Palkia|67/259|[from] Spikes\n|-ability|p2a: Palkia|Pressure\n|turn|20\n|\n|t:|1733908024\n|move|p1a: Diancie|Body Press|p2a: Palkia\n|-damage|p2a: Palkia|0 fnt\n|faint|p2a: Palkia\n|\n|-heal|p1a: Diancie|78/216|[from] item: Leftovers\n|upkeep\n|\n|t:|1733908027\n|switch|p2a: Grafaiai|Grafaiai, L86, F|218/249\n|turn|21\n|\n|t:|1733908048\n|move|p1a: Diancie|Body Press|p2a: Grafaiai\n|-damage|p2a: Grafaiai|0 fnt\n|faint|p2a: Grafaiai\n|\n|-heal|p1a: Diancie|91/216|[from] item: Leftovers\n|upkeep\n|inactive|ThunderAxe31 has 120 seconds left.\n|inactive|ThunderAxe31 has 90 seconds left.\n|inactive|ThunderAxe31 has 60 seconds left.\n|inactive|ThunderAxe31 has 30 seconds left.\n|inactive|ThunderAxe31 has 20 seconds left.\n|inactive|ThunderAxe31 has 15 seconds left.\n|inactive|ThunderAxe31 has 10 seconds left.\n|inactive|ThunderAxe31 has 5 seconds left.\n|-message|ThunderAxe31 lost due to inactivity.\n|\n|win|AstroLuvsMemes\n|raw|AstroLuvsMemes's rating: 2107 &rarr; <strong>2124</strong><br />(+17 for winning)\n|raw|ThunderAxe31's rating: 2051 &rarr; <strong>2034</strong><br />(-17 for losing)\n|l|\u2606ThunderAxe31\n|player|p2|\n", "inputlog": ">version bfd83cad13791eb5a5a409923076391caf6fb4d4\n>start {\"formatid\":\"gen9randombattle\",\"seed\":[26540,34603,17003,25838],\"rated\":\"Rated battle\"}\n>player p1 {\"name\":\"AstroLuvsMemes\",\"avatar\":\"clair\",\"rating\":2107,\"seed\":[35458,20758,37742,8879]}\n>player p2 {\"name\":\"ThunderAxe31\",\"avatar\":\"sabrina\",\"rating\":2051,\"seed\":[30731,32938,41183,20100]}\n>p1 switch 3\n>p2 move fireblast\n>p1 move stealthrock\n>p2 move hydropump\n>p1 switch 4\n>p2 move dracometeor\n>p1 move leechseed\n>p2 switch 5\n>p1 move sleeppowder\n>p2 move partingshot\n>p2 switch 5\n>p1 move leechseed\n>p2 move fireblast\n>p1 switch 4\n>p2 move dracometeor\n>p1 move spikes\n>p2 switch 3\n>p1 move spikes\n>p2 move iciclecrash\n>p1 move spikes\n>p2 move stealthrock\n>p1 move earthquake\n>p2 move iciclecrash\n>p1 switch 5\n>p2 move iciclecrash\n>p1 move uturn\n>p2 switch 4\n>p1 switch 6\n>p1 move rockpolish\n>p2 move fakeout\n>p1 move rockpolish\n>p2 move voltswitch\n>p2 switch 2\n>p1 move diamondstorm\n>p2 move tailwind\n>p1 move bodypress terastallize\n>p2 move leafblade\n>p2 switch 6\n>p1 move diamondstorm\n>p2 move playrough\n>p1 move diamondstorm\n>p2 move playrough\n>p2 switch 3\n>p1 move bodypress\n>p2 move dracometeor\n>p2 switch 5\n>p1 move bodypress\n>p2 move gunkshot\n>forcelose p2", "uploadtime": 1733908240, "views": 8, "formatid": "gen9randombattle", "rating": 2034, "private": 0, "password": null}