{"id": "gen9randombattle-2201494852", "format": "[Gen 9] Random Battle", "players": ["RBLT Seki_7", "Patolegend"], "log": "|raw|<div class=\"broadcast-blue\"><strong>This battle is required to be public due to a player having a name starting with 'rblt'.</div>\n|j|\u2606RBLT Seki_7\n|j|\u2606Patolegend\n|t:|1726324436\n|gametype|singles\n|player|p1|RBLT Seki_7|hilbert|2238\n|player|p2|Patolegend|265|2251\n|teamsize|p1|6\n|teamsize|p2|6\n|gen|9\n|tier|[Gen 9] Random Battle\n|rated|\n|rule|Species Clause: Limit one of each Pok\u00e9mon\n|rule|HP Percentage Mod: HP is shown in percentages\n|rule|Sleep Clause Mod: Limit one foe put to sleep\n|rule|Illusion Level Mod: Illusion disguises the Pok\u00e9mon's true level\n|\n|t:|1726324436\n|start\n|switch|p1a: Magmortar|Magmortar, L88, M|275/275\n|switch|p2a: Whimsicott|Whimsicott, L85, M|241/241\n|turn|1\n|inactive|Battle timer is ON: inactive players will automatically lose when time's up. (requested by Patolegend)\n|\n|t:|1726324453\n|move|p2a: Whimsicott|Substitute|p2a: Whimsicott\n|-start|p2a: Whimsicott|Substitute\n|-damage|p2a: Whimsicott|181/241\n|move|p1a: Magmortar|Fire Blast|p2a: Whimsicott\n|-supereffective|p2a: Whimsicott\n|-end|p2a: Whimsicott|Substitute\n|\n|-heal|p2a: Whimsicott|196/241|[from] item: Leftovers\n|upkeep\n|turn|2\n|\n|t:|1726324461\n|switch|p2a: Poliwrath|Poliwrath, L88, F|302/302\n|move|p1a: Magmortar|Fire Blast|p2a: Poliwrath\n|-resisted|p2a: Poliwrath\n|-damage|p2a: Poliwrath|231/302\n|\n|-heal|p2a: Poliwrath|249/302|[from] item: Leftovers\n|upkeep\n|turn|3\n|\n|t:|1726324468\n|switch|p1a: Granbull|Granbull, L88, F|302/302\n|-ability|p1a: Granbull|Intimidate|boost\n|-unboost|p2a: Poliwrath|atk|1\n|switch|p2a: Whimsicott|Whimsicott, L85, M|196/241\n|\n|-heal|p2a: Whimsicott|211/241|[from] item: Leftovers\n|upkeep\n|turn|4\n|\n|t:|1726324480\n|switch|p2a: Perrserker|Perrserker, L89, M|269/269\n|move|p1a: Granbull|Encore||[still]\n|-fail|p1a: Granbull\n|\n|upkeep\n|turn|5\n|\n|t:|1726324485\n|switch|p1a: Magmortar|Magmortar, L88, M|275/275\n|move|p2a: Perrserker|Stealth Rock|p1a: Magmortar\n|-sidestart|p1: RBLT Seki_7|move: Stealth Rock\n|\n|upkeep\n|turn|6\n|\n|t:|1726324491\n|switch|p2a: Poliwrath|Poliwrath, L88, F|249/302\n|move|p1a: Magmortar|Will-O-Wisp|p2a: Poliwrath|[miss]\n|-miss|p1a: Magmortar|p2a: Poliwrath\n|\n|-heal|p2a: Poliwrath|267/302|[from] item: Leftovers\n|upkeep\n|turn|7\n|\n|t:|1726324500\n|switch|p1a: Granbull|Granbull, L88, F|302/302\n|-damage|p1a: Granbull|265/302|[from] Stealth Rock\n|-ability|p1a: Granbull|Intimidate|boost\n|-unboost|p2a: Poliwrath|atk|1\n|move|p2a: Poliwrath|Liquidation|p1a: Granbull\n|-damage|p1a: Granbull|195/302\n|-unboost|p1a: Granbull|def|1\n|\n|-heal|p2a: Poliwrath|285/302|[from] item: Leftovers\n|-heal|p1a: Granbull|213/302|[from] item: Leftovers\n|upkeep\n|turn|8\n|\n|t:|1726324511\n|switch|p2a: Perrserker|Perrserker, L89, M|269/269\n|move|p1a: Granbull|Thunder Wave|p2a: Perrserker\n|-status|p2a: Perrserker|par\n|\n|-heal|p1a: Granbull|231/302|[from] item: Leftovers\n|upkeep\n|turn|9\n|\n|t:|1726324525\n|switch|p1a: Magmortar|Magmortar, L88, M|275/275\n|move|p2a: Perrserker|Iron Head|p1a: Magmortar\n|-resisted|p1a: Magmortar\n|-crit|p1a: Magmortar\n|-damage|p1a: Magmortar|122/275\n|-damage|p2a: Perrserker|243/269 par|[from] item: Life Orb\n|\n|upkeep\n|turn|10\n|\n|t:|1726324533\n|move|p1a: Magmortar|Fire Blast|p2a: Perrserker\n|-supereffective|p2a: Perrserker\n|-damage|p2a: Perrserker|0 fnt\n|faint|p2a: Perrserker\n|\n|upkeep\n|\n|t:|1726324545\n|switch|p2a: Whimsicott|Whimsicott, L85, M|211/241\n|turn|11\n|\n|t:|1726324548\n|move|p2a: Whimsicott|Substitute|p2a: Whimsicott\n|-start|p2a: Whimsicott|Substitute\n|-damage|p2a: Whimsicott|151/241\n|move|p1a: Magmortar|Fire Blast|p2a: Whimsicott|[miss]\n|-miss|p1a: Magmortar|p2a: Whimsicott\n|\n|-heal|p2a: Whimsicott|166/241|[from] item: Leftovers\n|upkeep\n|turn|12\n|\n|t:|1726324556\n|switch|p1a: Toucannon|Toucannon, L88, M|284/284\n|move|p2a: Whimsicott|Leech Seed|p1a: Toucannon\n|-start|p1a: Toucannon|move: Leech Seed\n|\n|-heal|p2a: Whimsicott|181/241|[from] item: Leftovers\n|-damage|p1a: Toucannon|249/284|[from] Leech Seed|[of] p2a: Whimsicott\n|-heal|p2a: Whimsicott|216/241|[silent]\n|upkeep\n|turn|13\n|\n|t:|1726324577\n|move|p2a: Whimsicott|Moonblast|p1a: Toucannon\n|-damage|p1a: Toucannon|149/284\n|-unboost|p1a: Toucannon|spa|1\n|move|p1a: Toucannon|Boomburst|p2a: Whimsicott\n|-crit|p2a: Whimsicott\n|-damage|p2a: Whimsicott|0 fnt\n|faint|p2a: Whimsicott\n|\n|upkeep\n|inactive|Patolegend has 120 seconds left.\n|\n|t:|1726324598\n|switch|p2a: Drednaw|Drednaw, L81, F|278/278\n|turn|14\n|inactive|Patolegend has 120 seconds left.\n|\n|t:|1726324603\n|-terastallize|p2a: Drednaw|Dark\n|move|p2a: Drednaw|Shell Smash|p2a: Drednaw\n|-unboost|p2a: Drednaw|def|1\n|-unboost|p2a: Drednaw|spd|1\n|-boost|p2a: Drednaw|atk|2\n|-boost|p2a: Drednaw|spa|2\n|-boost|p2a: Drednaw|spe|2\n|-enditem|p2a: Drednaw|White Herb\n|-clearnegativeboost|p2a: Drednaw|[silent]\n|move|p1a: Toucannon|Bullet Seed|p2a: Drednaw\n|-damage|p2a: Drednaw|254/278\n|-damage|p2a: Drednaw|229/278\n|-damage|p2a: Drednaw|206/278\n|-damage|p2a: Drednaw|180/278\n|-damage|p2a: Drednaw|154/278\n|-hitcount|p2a: Drednaw|5\n|\n|-damage|p1a: Toucannon|114/284|[from] Leech Seed|[of] p2a: Drednaw\n|-heal|p2a: Drednaw|189/278|[silent]\n|upkeep\n|turn|15\n|inactive|Patolegend has 120 seconds left.\n|\n|t:|1726324623\n|-singleturn|p1a: Toucannon|move: Beak Blast\n|move|p2a: Drednaw|Stone Edge|p1a: Toucannon\n|-supereffective|p1a: Toucannon\n|-crit|p1a: Toucannon\n|-damage|p1a: Toucannon|0 fnt\n|faint|p1a: Toucannon\n|\n|upkeep\n|\n|t:|1726324635\n|switch|p1a: Granbull|Granbull, L88, F|231/302\n|-damage|p1a: Granbull|194/302|[from] Stealth Rock\n|-ability|p1a: Granbull|Intimidate|boost\n|-unboost|p2a: Drednaw|atk|1\n|turn|16\n|\n|t:|1726324640\n|move|p2a: Drednaw|Liquidation|p1a: Granbull\n|-damage|p1a: Granbull|35/302\n|-unboost|p1a: Granbull|def|1\n|move|p1a: Granbull|Play Rough|p2a: Drednaw\n|-supereffective|p2a: Drednaw\n|-damage|p2a: Drednaw|0 fnt\n|faint|p2a: Drednaw\n|\n|-heal|p1a: Granbull|53/302|[from] item: Leftovers\n|upkeep\n|\n|t:|1726324655\n|switch|p2a: Poliwrath|Poliwrath, L88, F|285/302\n|turn|17\n|\n|t:|1726324658\n|move|p2a: Poliwrath|Liquidation|p1a: Granbull\n|-damage|p1a: Granbull|0 fnt\n|faint|p1a: Granbull\n|\n|-heal|p2a: Poliwrath|302/302|[from] item: Leftovers\n|upkeep\n|\n|t:|1726324672\n|switch|p1a: Magmortar|Magmortar, L88, M|122/275\n|turn|18\n|\n|t:|1726324674\n|switch|p2a: Armarouge|Armarouge, L80, M|267/267\n|move|p1a: Magmortar|Thunderbolt|p2a: Armarouge\n|-damage|p2a: Armarouge|178/267\n|-status|p2a: Armarouge|par\n|\n|upkeep\n|turn|19\n|\n|t:|1726324681\n|move|p1a: Magmortar|Knock Off|p2a: Armarouge\n|-supereffective|p2a: Armarouge\n|-damage|p2a: Armarouge|46/267 par\n|-ability|p2a: Armarouge|Weak Armor|boost\n|-unboost|p2a: Armarouge|def|1\n|-boost|p2a: Armarouge|spe|2\n|-enditem|p2a: Armarouge|Choice Specs|[from] move: Knock Off|[of] p1a: Magmortar\n|move|p2a: Armarouge|Psyshock|p1a: Magmortar\n|-damage|p1a: Magmortar|20/275\n|\n|upkeep\n|turn|20\n|\n|t:|1726324691\n|move|p1a: Magmortar|Knock Off|p2a: Armarouge\n|-supereffective|p2a: Armarouge\n|-damage|p2a: Armarouge|0 fnt\n|faint|p2a: Armarouge\n|\n|upkeep\n|\n|t:|1726324695\n|switch|p2a: Mandibuzz|Mandibuzz, L85, F|326/326\n|turn|21\n|\n|t:|1726324700\n|move|p1a: Magmortar|Thunderbolt|p2a: Mandibuzz\n|-supereffective|p2a: Mandibuzz\n|-damage|p2a: Mandibuzz|158/326\n|-status|p2a: Mandibuzz|par\n|move|p2a: Mandibuzz|Foul Play|p1a: Magmortar\n|-damage|p1a: Magmortar|0 fnt\n|faint|p1a: Magmortar\n|\n|upkeep\n|\n|t:|1726324703\n|switch|p1a: Iron Thorns|Iron Thorns, L83|302/302\n|-damage|p1a: Iron Thorns|265/302|[from] Stealth Rock\n|-item|p1a: Iron Thorns|Air Balloon\n|turn|22\n|\n|t:|1726324712\n|move|p1a: Iron Thorns|Thunder Punch|p2a: Mandibuzz\n|-supereffective|p2a: Mandibuzz\n|-damage|p2a: Mandibuzz|0 fnt\n|faint|p2a: Mandibuzz\n|\n|upkeep\n|\n|t:|1726324717\n|switch|p2a: Poliwrath|Poliwrath, L88, F|302/302\n|turn|23\n|\n|t:|1726324720\n|move|p2a: Poliwrath|Bulk Up|p2a: Poliwrath\n|-boost|p2a: Poliwrath|atk|1\n|-boost|p2a: Poliwrath|def|1\n|move|p1a: Iron Thorns|Thunder Punch|p2a: Poliwrath\n|-supereffective|p2a: Poliwrath\n|-damage|p2a: Poliwrath|180/302\n|\n|-heal|p2a: Poliwrath|198/302|[from] item: Leftovers\n|upkeep\n|turn|24\n|\n|t:|1726324728\n|move|p2a: Poliwrath|Bulk Up|p2a: Poliwrath\n|-boost|p2a: Poliwrath|atk|1\n|-boost|p2a: Poliwrath|def|1\n|move|p1a: Iron Thorns|Thunder Punch|p2a: Poliwrath\n|-supereffective|p2a: Poliwrath\n|-damage|p2a: Poliwrath|102/302\n|\n|-heal|p2a: Poliwrath|120/302|[from] item: Leftovers\n|upkeep\n|turn|25\n|\n|t:|1726324736\n|move|p2a: Poliwrath|Drain Punch|p1a: Iron Thorns\n|-supereffective|p1a: Iron Thorns\n|-damage|p1a: Iron Thorns|0 fnt\n|-heal|p2a: Poliwrath|253/302|[from] drain|[of] p1a: Iron Thorns\n|-enditem|p1a: Iron Thorns|Air Balloon\n|faint|p1a: Iron Thorns\n|-end|p1a: Iron Thorns|Quark Drive|[silent]\n|\n|-heal|p2a: Poliwrath|271/302|[from] item: Leftovers\n|upkeep\n|\n|t:|1726324741\n|switch|p1a: Meowscarada|Meowscarada, L78, M|247/247\n|-damage|p1a: Meowscarada|217/247|[from] Stealth Rock\n|turn|26\n|\n|t:|1726324747\n|-terastallize|p1a: Meowscarada|Grass\n|move|p1a: Meowscarada|Flower Trick|p2a: Poliwrath\n|-supereffective|p2a: Poliwrath\n|-crit|p2a: Poliwrath\n|-damage|p2a: Poliwrath|0 fnt\n|faint|p2a: Poliwrath\n|\n|win|RBLT Seki_7\n|raw|RBLT Seki_7's rating: 2238 &rarr; <strong>2259</strong><br />(+21 for winning)\n|raw|Patolegend's rating: 2251 &rarr; <strong>2230</strong><br />(-21 for losing)\n|l|\u2606Patolegend\n|player|p2|\n", "inputlog": ">version abcf08933808d3fb39dbc2b54a8665d830b47482\n>start {\"formatid\":\"gen9randombattle\",\"seed\":[6285,56512,25877,59252],\"rated\":\"Rated battle\"}\n>player p1 {\"name\":\"RBLT Seki_7\",\"avatar\":\"hilbert\",\"rating\":2238,\"seed\":[50919,38130,60031,56362]}\n>player p2 {\"name\":\"Patolegend\",\"avatar\":\"265\",\"rating\":2251,\"seed\":[39547,47284,60916,51011]}\n>p1 move fireblast\n>p2 move substitute\n>p1 move fireblast\n>p2 switch 4\n>p1 switch 4\n>p2 switch 4\n>p1 move encore\n>p2 switch 6\n>p1 switch 4\n>p2 move stealthrock\n>p1 move willowisp\n>p2 switch 4\n>p1 switch 4\n>p2 move liquidation\n>p1 move thunderwave\n>p2 switch 4\n>p1 switch 4\n>p2 move ironhead\n>p1 move fireblast\n>p2 move closecombat\n>p2 switch 6\n>p1 move fireblast\n>p2 move substitute\n>p1 switch 3\n>p2 move leechseed\n>p1 move boomburst\n>p2 move moonblast\n>p2 switch 2\n>p1 move bulletseed\n>p2 move shellsmash terastallize\n>p1 move beakblast\n>p2 move stoneedge\n>p1 switch 4\n>p1 move playrough\n>p2 move liquidation\n>p2 switch 4\n>p1 move thunderwave\n>p2 move liquidation\n>p1 switch 3\n>p1 move thunderbolt\n>p2 switch 5\n>p1 move knockoff\n>p2 move psyshock\n>p1 move knockoff\n>p2 move psyshock\n>p2 switch 3\n>p1 move thunderbolt\n>p2 move foulplay\n>p1 switch 2\n>p1 move thunderpunch\n>p2 move foulplay\n>p2 switch 5\n>p1 move thunderpunch\n>p2 move bulkup\n>p1 move thunderpunch\n>p2 move bulkup\n>p1 move thunderpunch\n>p2 move drainpunch\n>p1 switch 6\n>p1 move flowertrick terastallize\n>p2 move drainpunch", "uploadtime": 1726324754, "views": 90, "formatid": "gen9randombattle", "rating": 2230, "private": 0, "password": null}