{"id": "gen9randombattle-2169934818", "format": "[Gen 9] Random Battle", "players": ["Turtles88", "LocalMetagross"], "log": "|j|\u2606Turtles88\n|j|\u2606LocalMetagross\n|t:|1722313760\n|gametype|singles\n|player|p1|Turtles88|bellelba|2256\n|player|p2|LocalMetagross|akari|2259\n|teamsize|p1|6\n|teamsize|p2|6\n|gen|9\n|tier|[Gen 9] Random Battle\n|rated|\n|rule|Species Clause: Limit one of each Pok\u00e9mon\n|rule|HP Percentage Mod: HP is shown in percentages\n|rule|Sleep Clause Mod: Limit one foe put to sleep\n|rule|Illusion Level Mod: Illusion disguises the Pok\u00e9mon's true level\n|\n|t:|1722313760\n|start\n|switch|p1a: Mightyena|Mightyena, L95, F|287/287\n|switch|p2a: Swanna|Swanna, L88, M|275/275\n|-ability|p1a: Mightyena|Intimidate|boost\n|-unboost|p2a: Swanna|atk|1\n|turn|1\n|inactive|Battle timer is ON: inactive players will automatically lose when time's up. (requested by LocalMetagross)\n|inactive|Turtles88 also wants the timer to be on.\n|\n|t:|1722313779\n|move|p2a: Swanna|Hydro Pump|p1a: Mightyena\n|-damage|p1a: Mightyena|152/287\n|move|p1a: Mightyena|Poison Fang|p2a: Swanna\n|-damage|p2a: Swanna|196/275\n|-status|p2a: Swanna|tox\n|\n|-damage|p2a: Swanna|179/275 tox|[from] psn\n|upkeep\n|turn|2\n|\n|t:|1722313805\n|switch|p2a: Urshifu|Urshifu, L74, F|270/270\n|switch|p1a: Duraludon|Duraludon, L82, M|249/249\n|\n|upkeep\n|turn|3\n|\n|t:|1722313812\n|move|p2a: Urshifu|U-turn|p1a: Duraludon\n|-resisted|p1a: Duraludon\n|-damage|p1a: Duraludon|230/249\n|\n|t:|1722313815\n|switch|p2a: Luxray|Luxray, L88, M|284/284|[from] U-turn\n|-ability|p2a: Luxray|Intimidate|boost\n|-unboost|p1a: Duraludon|atk|1\n|move|p1a: Duraludon|Thunder Wave|p2a: Luxray|[miss]\n|-miss|p1a: Duraludon|p2a: Luxray\n|\n|upkeep\n|turn|4\n|inactive|Turtles88 has 120 seconds left.\n|\n|t:|1722313859\n|move|p1a: Duraludon|Draco Meteor|p2a: Luxray\n|-damage|p2a: Luxray|179/284\n|-unboost|p1a: Duraludon|spa|2\n|move|p2a: Luxray|Volt Switch|p1a: Duraludon\n|-resisted|p1a: Duraludon\n|-damage|p1a: Duraludon|189/249\n|inactive|LocalMetagross has 120 seconds left.\n|\n|t:|1722313892\n|switch|p2a: Suicune|Suicune, L82|298/298|[from] Volt Switch\n|-ability|p2a: Suicune|Pressure\n|\n|upkeep\n|turn|5\n|inactive|Turtles88 has 120 seconds left.\n|inactive|LocalMetagross has 90 seconds left.\n|\n|t:|1722313924\n|move|p2a: Suicune|Substitute|p2a: Suicune\n|-start|p2a: Suicune|Substitute\n|-damage|p2a: Suicune|224/298\n|move|p1a: Duraludon|Thunder Wave||[still]\n|-fail|p1a: Duraludon\n|\n|-heal|p2a: Suicune|242/298|[from] item: Leftovers\n|upkeep\n|turn|6\n|\n|t:|1722313928\n|switch|p1a: Venusaur|Venusaur, L84, M|272/272\n|move|p2a: Suicune|Calm Mind|p2a: Suicune\n|-boost|p2a: Suicune|spa|1\n|-boost|p2a: Suicune|spd|1\n|\n|-heal|p2a: Suicune|260/298|[from] item: Leftovers\n|upkeep\n|turn|7\n|\n|t:|1722313945\n|switch|p1a: Mightyena|Mightyena, L95, F|152/287\n|-ability|p1a: Mightyena|Intimidate|boost\n|-immune|p2a: Suicune\n|move|p2a: Suicune|Calm Mind|p2a: Suicune\n|-boost|p2a: Suicune|spa|1\n|-boost|p2a: Suicune|spd|1\n|\n|-heal|p2a: Suicune|278/298|[from] item: Leftovers\n|upkeep\n|turn|8\n|\n|t:|1722313951\n|move|p2a: Suicune|Protect|p2a: Suicune\n|-singleturn|p2a: Suicune|Protect\n|move|p1a: Mightyena|Crunch|p2a: Suicune\n|-activate|p2a: Suicune|move: Protect\n|\n|-heal|p2a: Suicune|296/298|[from] item: Leftovers\n|upkeep\n|turn|9\n|\n|t:|1722313954\n|move|p1a: Mightyena|Crunch|p2a: Suicune\n|-end|p2a: Suicune|Substitute\n|move|p2a: Suicune|Scald|p1a: Mightyena\n|-damage|p1a: Mightyena|0 fnt\n|faint|p1a: Mightyena\n|\n|-heal|p2a: Suicune|298/298|[from] item: Leftovers\n|upkeep\n|\n|t:|1722313971\n|switch|p1a: Dodrio|Dodrio, L86, M|243/243\n|turn|10\n|inactive|LocalMetagross has 120 seconds left.\n|\n|t:|1722313985\n|move|p1a: Dodrio|Knock Off|p2a: Suicune\n|-damage|p2a: Suicune|233/298\n|-enditem|p2a: Suicune|Leftovers|[from] move: Knock Off|[of] p1a: Dodrio\n|move|p2a: Suicune|Substitute|p2a: Suicune\n|-start|p2a: Suicune|Substitute\n|-damage|p2a: Suicune|159/298\n|\n|upkeep\n|turn|11\n|\n|t:|1722313994\n|move|p1a: Dodrio|Brave Bird|p2a: Suicune\n|-end|p2a: Suicune|Substitute\n|-damage|p1a: Dodrio|219/243|[from] Recoil|[of] p2a: Suicune\n|move|p2a: Suicune|Scald|p1a: Dodrio\n|-damage|p1a: Dodrio|12/243\n|\n|upkeep\n|turn|12\n|\n|t:|1722314002\n|move|p1a: Dodrio|Double-Edge|p2a: Suicune\n|-damage|p2a: Suicune|32/298\n|-damage|p1a: Dodrio|0 fnt|[from] Recoil\n|faint|p1a: Dodrio\n|move|p2a: Suicune|Calm Mind|p2a: Suicune\n|-boost|p2a: Suicune|spa|1\n|-boost|p2a: Suicune|spd|1\n|\n|upkeep\n|\n|t:|1722314015\n|switch|p1a: Duraludon|Duraludon, L82, M|189/249\n|turn|13\n|\n|t:|1722314032\n|move|p2a: Suicune|Scald|p1a: Duraludon\n|-resisted|p1a: Duraludon\n|-damage|p1a: Duraludon|97/249\n|-status|p1a: Duraludon|brn\n|move|p1a: Duraludon|Body Press|p2a: Suicune\n|-damage|p2a: Suicune|6/298\n|\n|-damage|p1a: Duraludon|82/249 brn|[from] brn\n|upkeep\n|turn|14\n|\n|t:|1722314047\n|move|p1a: Duraludon|Body Press|p2a: Suicune\n|-crit|p2a: Suicune\n|-damage|p2a: Suicune|0 fnt\n|faint|p2a: Suicune\n|\n|-damage|p1a: Duraludon|67/249 brn|[from] brn\n|upkeep\n|\n|t:|1722314057\n|switch|p2a: Luxray|Luxray, L88, M|179/284\n|-ability|p2a: Luxray|Intimidate|boost\n|-unboost|p1a: Duraludon|atk|1\n|turn|15\n|inactive|LocalMetagross has 120 seconds left.\n|\n|t:|1722314073\n|move|p1a: Duraludon|Draco Meteor|p2a: Luxray\n|-damage|p2a: Luxray|68/284\n|-unboost|p1a: Duraludon|spa|2\n|move|p2a: Luxray|Play Rough|p1a: Duraludon|[miss]\n|-miss|p2a: Luxray|p1a: Duraludon\n|\n|-damage|p1a: Duraludon|52/249 brn|[from] brn\n|upkeep\n|turn|16\n|\n|t:|1722314079\n|move|p1a: Duraludon|Draco Meteor|p2a: Luxray\n|-damage|p2a: Luxray|11/284\n|-unboost|p1a: Duraludon|spa|2\n|move|p2a: Luxray|Volt Switch|p1a: Duraludon\n|-resisted|p1a: Duraludon\n|-damage|p1a: Duraludon|8/249 brn\n|inactive|LocalMetagross has 120 seconds left.\n|\n|t:|1722314090\n|switch|p2a: Swanna|Swanna, L88, M|179/275 tox|[from] Volt Switch\n|\n|-damage|p2a: Swanna|162/275 tox|[from] psn\n|-damage|p1a: Duraludon|0 fnt|[from] brn\n|faint|p1a: Duraludon\n|upkeep\n|\n|t:|1722314103\n|switch|p1a: Venusaur|Venusaur, L84, M|272/272\n|turn|17\n|\n|t:|1722314118\n|switch|p2a: Luxray|Luxray, L88, M|11/284\n|-ability|p2a: Luxray|Intimidate|boost\n|-unboost|p1a: Venusaur|atk|1\n|-terastallize|p1a: Venusaur|Water\n|move|p1a: Venusaur|Sludge Bomb|p2a: Luxray\n|-damage|p2a: Luxray|0 fnt\n|faint|p2a: Luxray\n|\n|upkeep\n|\n|t:|1722314121\n|switch|p2a: Glaceon|Glaceon, L94, M|275/275\n|turn|18\n|\n|t:|1722314133\n|move|p1a: Venusaur|Sleep Powder|p2a: Glaceon|[miss]\n|-miss|p1a: Venusaur|p2a: Glaceon\n|move|p2a: Glaceon|Calm Mind|p2a: Glaceon\n|-boost|p2a: Glaceon|spa|1\n|-boost|p2a: Glaceon|spd|1\n|\n|upkeep\n|turn|19\n|\n|t:|1722314138\n|switch|p1a: Entei|Entei, L78|307/307\n|move|p2a: Glaceon|Freeze-Dry|p1a: Entei\n|-resisted|p1a: Entei\n|-damage|p1a: Entei|203/307\n|\n|upkeep\n|turn|20\n|\n|t:|1722314143\n|move|p2a: Glaceon|Protect|p2a: Glaceon\n|-singleturn|p2a: Glaceon|Protect\n|move|p1a: Entei|Sacred Fire|p2a: Glaceon\n|-activate|p2a: Glaceon|move: Protect\n|\n|upkeep\n|turn|21\n|\n|t:|1722314157\n|-terastallize|p2a: Glaceon|Water\n|move|p1a: Entei|Sacred Fire|p2a: Glaceon\n|-resisted|p2a: Glaceon\n|-damage|p2a: Glaceon|218/275\n|move|p2a: Glaceon|Calm Mind|p2a: Glaceon\n|-boost|p2a: Glaceon|spa|1\n|-boost|p2a: Glaceon|spd|1\n|\n|upkeep\n|turn|22\n|\n|t:|1722314165\n|switch|p1a: Venusaur|Venusaur, L84, M, tera:Water|272/272\n|move|p2a: Glaceon|Freeze-Dry|p1a: Venusaur\n|-supereffective|p1a: Venusaur\n|-damage|p1a: Venusaur|0 fnt\n|faint|p1a: Venusaur\n|\n|upkeep\n|\n|t:|1722314167\n|switch|p1a: Entei|Entei, L78|203/307\n|turn|23\n|\n|t:|1722314171\n|move|p2a: Glaceon|Protect|p2a: Glaceon\n|-singleturn|p2a: Glaceon|Protect\n|move|p1a: Entei|Stone Edge|p2a: Glaceon\n|-activate|p2a: Glaceon|move: Protect\n|\n|upkeep\n|turn|24\n|\n|t:|1722314175\n|move|p1a: Entei|Stone Edge|p2a: Glaceon\n|-damage|p2a: Glaceon|133/275\n|move|p2a: Glaceon|Wish|p2a: Glaceon\n|\n|upkeep\n|turn|25\n|c|\u2606Turtles88|All luck\n|c|\u2606LocalMetagross|what part of that was luck\n|c|\u2606Turtles88|Speed tie win twice\n|c|\u2606Turtles88|burn\n|c|\u2606Turtles88|Sleep powder miss\n|inactive|Turtles88 has 120 seconds left.\n|inactive|LocalMetagross has 120 seconds left.\n|c|\u2606LocalMetagross|why did you click body press\n|c|\u2606LocalMetagross|the first time\n|c|\u2606LocalMetagross|scald burn is something u gotta play with\n|inactive|Turtles88 has 90 seconds left.\n|c|\u2606Turtles88|Once again all luck\n|c|\u2606LocalMetagross|lol\n|-message|Turtles88 forfeited.\n|\n|win|LocalMetagross\n|raw|Turtles88's rating: 2256 &rarr; <strong>2236</strong><br />(-20 for losing)\n|raw|LocalMetagross's rating: 2259 &rarr; <strong>2279</strong><br />(+20 for winning)\n|c|\u2606LocalMetagross|gg\n", "inputlog": ">version 3c8c0ba6a3441824201ce9f0cf68dcc094963845\n>start {\"formatid\":\"gen9randombattle\",\"seed\":[43124,11936,40745,4051],\"rated\":\"Rated battle\"}\n>player p1 {\"name\":\"Turtles88\",\"avatar\":\"bellelba\",\"rating\":2256,\"seed\":[64549,3862,41523,10378]}\n>player p2 {\"name\":\"LocalMetagross\",\"avatar\":\"akari\",\"rating\":2259,\"seed\":[1423,15232,39690,21735]}\n>p1 move poisonfang\n>p2 move hydropump\n>p1 switch 2\n>p2 switch 5\n>p1 move thunderwave\n>p2 move uturn\n>p2 switch 6\n>p1 move dracometeor\n>p2 move voltswitch\n>p2 switch 4\n>p1 move thunderwave\n>p2 move substitute\n>p1 switch 3\n>p2 move calmmind\n>p1 switch 2\n>p2 move calmmind\n>p1 move crunch\n>p2 move protect\n>p1 move crunch\n>p2 move scald\n>p1 switch 5\n>p1 move knockoff\n>p2 move substitute\n>p1 move bravebird\n>p2 move scald\n>p1 move doubleedge\n>p2 move calmmind\n>p1 switch 3\n>p1 move bodypress\n>p2 move scald\n>p1 move bodypress\n>p2 move scald\n>p2 switch 4\n>p1 move dracometeor\n>p2 move playrough\n>p1 move dracometeor\n>p2 move voltswitch\n>p2 switch 5\n>p1 switch 2\n>p1 move sludgebomb terastallize\n>p2 switch 5\n>p2 switch 2\n>p1 move sleeppowder\n>p2 move calmmind\n>p1 switch 6\n>p2 move freezedry\n>p1 move sacredfire\n>p2 move protect\n>p1 move sacredfire\n>p2 move calmmind terastallize\n>p1 switch 6\n>p2 move freezedry\n>p1 switch 6\n>p1 move stoneedge\n>p2 move protect\n>p1 move stoneedge\n>p2 move wish\n>chat \u2606Turtles88|All luck\n>chat \u2606LocalMetagross|what part of that was luck \n>chat \u2606Turtles88|Speed tie win twice \n>chat \u2606Turtles88|burn \n>chat \u2606Turtles88|Sleep powder miss\n>chat \u2606LocalMetagross|why did you click body press \n>chat \u2606LocalMetagross|the first time \n>chat \u2606LocalMetagross|scald burn is something u gotta play with \n>chat \u2606Turtles88|Once again all luck\n>chat \u2606LocalMetagross|lol \n>forcelose p1", "uploadtime": 1722314253, "views": 139, "formatid": "gen9randombattle", "rating": 2236, "private": 0, "password": null}