{"id": "gen9randombattle-2259953279", "format": "[Gen 9] Random Battle", "players": ["Skullmonkey", "Paraspikes"], "log": "|j|\u2606Skullmonkey\n|j|\u2606Paraspikes\n|t:|1733783724\n|gametype|singles\n|player|p1|Skullmonkey|li|1514\n|player|p2|Paraspikes|265|1488\n|teamsize|p1|6\n|teamsize|p2|6\n|gen|9\n|tier|[Gen 9] Random Battle\n|rated|\n|rule|Species Clause: Limit one of each Pok\u00e9mon\n|rule|HP Percentage Mod: HP is shown in percentages\n|rule|Sleep Clause Mod: Limit one foe put to sleep\n|rule|Illusion Level Mod: Illusion disguises the Pok\u00e9mon's true level\n|\n|t:|1733783724\n|start\n|switch|p1a: Slowking|Slowking, L88, F|310/310\n|switch|p2a: Overqwil|Overqwil, L82, F|274/274\n|-ability|p2a: Overqwil|Intimidate|boost\n|-unboost|p1a: Slowking|atk|1\n|turn|1\n|\n|t:|1733783738\n|move|p2a: Overqwil|Swords Dance|p2a: Overqwil\n|-boost|p2a: Overqwil|atk|2\n|move|p1a: Slowking|Scald|p2a: Overqwil\n|-damage|p2a: Overqwil|162/274\n|\n|upkeep\n|turn|2\n|\n|t:|1733783748\n|switch|p1a: Lucario|Lucario, L84, M|255/255\n|move|p2a: Overqwil|Scale Shot|p1a: Lucario\n|-resisted|p1a: Lucario\n|-damage|p1a: Lucario|232/255\n|-resisted|p1a: Lucario\n|-damage|p1a: Lucario|208/255\n|-resisted|p1a: Lucario\n|-damage|p1a: Lucario|187/255\n|-resisted|p1a: Lucario\n|-damage|p1a: Lucario|164/255\n|-hitcount|p1a: Lucario|4\n|-unboost|p2a: Overqwil|def|1\n|-boost|p2a: Overqwil|spe|1\n|\n|upkeep\n|turn|3\n|\n|t:|1733783763\n|move|p2a: Overqwil|Crunch|p1a: Lucario\n|-resisted|p1a: Lucario\n|-damage|p1a: Lucario|51/255\n|-ability|p1a: Lucario|Justified|boost\n|-boost|p1a: Lucario|atk|1\n|move|p1a: Lucario|Swords Dance|p1a: Lucario\n|-boost|p1a: Lucario|atk|2\n|\n|upkeep\n|turn|4\n|\n|t:|1733783771\n|move|p1a: Lucario|Extreme Speed|p2a: Overqwil\n|-damage|p2a: Overqwil|0 fnt\n|faint|p2a: Overqwil\n|-damage|p1a: Lucario|26/255|[from] item: Life Orb\n|\n|upkeep\n|\n|t:|1733783783\n|switch|p2a: Conkeldurr|Conkeldurr, L80, M|299/299\n|turn|5\n|\n|t:|1733783788\n|move|p1a: Lucario|Extreme Speed|p2a: Conkeldurr\n|-damage|p2a: Conkeldurr|108/299\n|-damage|p1a: Lucario|1/255|[from] item: Life Orb\n|move|p2a: Conkeldurr|Mach Punch|p1a: Lucario\n|-supereffective|p1a: Lucario\n|-damage|p1a: Lucario|0 fnt\n|faint|p1a: Lucario\n|\n|-status|p2a: Conkeldurr|brn|[from] item: Flame Orb\n|upkeep\n|\n|t:|1733783803\n|switch|p1a: Squawkabilly|Squawkabilly-Blue, L85, F|278/278\n|turn|6\n|inactive|Battle timer is ON: inactive players will automatically lose when time's up. (requested by Skullmonkey)\n|\n|t:|1733783810\n|move|p1a: Squawkabilly|Protect|p1a: Squawkabilly\n|-singleturn|p1a: Squawkabilly|Protect\n|move|p2a: Conkeldurr|Close Combat|p1a: Squawkabilly\n|-activate|p1a: Squawkabilly|move: Protect\n|\n|-damage|p2a: Conkeldurr|90/299 brn|[from] brn\n|-status|p1a: Squawkabilly|brn|[from] item: Flame Orb\n|upkeep\n|turn|7\n|\n|t:|1733783820\n|move|p2a: Conkeldurr|Mach Punch|p1a: Squawkabilly\n|-damage|p1a: Squawkabilly|169/278 brn\n|move|p1a: Squawkabilly|Facade|p2a: Conkeldurr\n|-damage|p2a: Conkeldurr|0 fnt\n|faint|p2a: Conkeldurr\n|\n|-damage|p1a: Squawkabilly|152/278 brn|[from] brn\n|upkeep\n|\n|t:|1733783841\n|switch|p2a: Sandslash|Sandslash, L88, M|275/275\n|turn|8\n|\n|t:|1733783854\n|move|p1a: Squawkabilly|Facade|p2a: Sandslash\n|-damage|p2a: Sandslash|103/275\n|move|p2a: Sandslash|Stone Edge|p1a: Squawkabilly\n|-supereffective|p1a: Squawkabilly\n|-damage|p1a: Squawkabilly|0 fnt\n|faint|p1a: Squawkabilly\n|\n|-heal|p2a: Sandslash|120/275|[from] item: Leftovers\n|upkeep\n|\n|t:|1733783866\n|switch|p1a: Slowking|Slowking, L88, F|310/310\n|turn|9\n|\n|t:|1733783872\n|switch|p2a: Hatterene|Hatterene, L85, F|236/236\n|move|p1a: Slowking|Scald|p2a: Hatterene\n|-damage|p2a: Hatterene|176/236\n|\n|upkeep\n|turn|10\n|\n|t:|1733783878\n|move|p1a: Slowking|Chilly Reception|p1a: Slowking\n|-weather|Snow\n|\n|t:|1733783882\n|switch|p1a: Slaking|Slaking, L84, M|389/389|[from] Chilly Reception\n|move|p2a: Hatterene|Nuzzle|p1a: Slaking\n|-damage|p1a: Slaking|375/389\n|-status|p1a: Slaking|par\n|\n|-weather|Snow|[upkeep]\n|upkeep\n|turn|11\n|\n|t:|1733783892\n|move|p1a: Slaking|Giga Impact|p2a: Hatterene\n|-crit|p2a: Hatterene\n|-damage|p2a: Hatterene|0 fnt\n|-mustrecharge|p1a: Slaking\n|faint|p2a: Hatterene\n|\n|-weather|Snow|[upkeep]\n|upkeep\n|\n|t:|1733783907\n|switch|p2a: Rabsca|Rabsca, L91, M|284/284\n|turn|12\n|c|\u2606Skullmonkey|Conkeldur\n|c|\u2606Skullmonkey|it's your best poke\n|inactive|Paraspikes has 120 seconds left.\n|\n|t:|1733783935\n|cant|p1a: Slaking|recharge\n|move|p2a: Rabsca|Revival Blessing|p2a: Rabsca\n|inactive|Paraspikes has 120 seconds left.\n|\n|t:|1733783957\n|-heal|p2: Overqwil|137/274|[from] move: Revival Blessing\n|\n|-weather|Snow|[upkeep]\n|upkeep\n|turn|13\n|\n|t:|1733783979\n|move|p1a: Slaking|Giga Impact|p2a: Rabsca\n|-damage|p2a: Rabsca|0 fnt\n|-mustrecharge|p1a: Slaking\n|faint|p2a: Rabsca\n|\n|-weather|Snow|[upkeep]\n|upkeep\n|inactive|Paraspikes has 90 seconds left.\n|\n|t:|1733784014\n|switch|p2a: Sandslash|Sandslash, L88, M|120/275\n|turn|14\n|\n|t:|1733784017\n|move|p2a: Sandslash|Swords Dance|p2a: Sandslash\n|-boost|p2a: Sandslash|atk|2\n|cant|p1a: Slaking|recharge\n|\n|-weather|none\n|-heal|p2a: Sandslash|137/275|[from] item: Leftovers\n|upkeep\n|turn|15\n|\n|t:|1733784025\n|switch|p1a: Serperior|Serperior, L79, M|248/248\n|move|p2a: Sandslash|Earthquake|p1a: Serperior\n|-resisted|p1a: Serperior\n|-damage|p1a: Serperior|125/248\n|\n|-heal|p1a: Serperior|140/248|[from] item: Leftovers\n|-heal|p2a: Sandslash|154/275|[from] item: Leftovers\n|upkeep\n|turn|16\n|\n|t:|1733784035\n|-terastallize|p2a: Sandslash|Steel\n|move|p1a: Serperior|Leaf Storm|p2a: Sandslash\n|-resisted|p2a: Sandslash\n|-damage|p2a: Sandslash|82/275\n|-boost|p1a: Serperior|spa|2\n|move|p2a: Sandslash|Rapid Spin|p1a: Serperior\n|-damage|p1a: Serperior|53/248\n|-boost|p2a: Sandslash|spe|1\n|\n|-heal|p2a: Sandslash|99/275|[from] item: Leftovers\n|-heal|p1a: Serperior|68/248|[from] item: Leftovers\n|upkeep\n|turn|17\n|\n|t:|1733784050\n|switch|p1a: Slowking|Slowking, L88, F|310/310\n|move|p2a: Sandslash|Rapid Spin|p1a: Slowking\n|-damage|p1a: Slowking|232/310\n|-boost|p2a: Sandslash|spe|1\n|\n|-heal|p2a: Sandslash|116/275|[from] item: Leftovers\n|upkeep\n|turn|18\n|\n|t:|1733784058\n|move|p2a: Sandslash|Earthquake|p1a: Slowking\n|-damage|p1a: Slowking|0 fnt\n|faint|p1a: Slowking\n|\n|-heal|p2a: Sandslash|133/275|[from] item: Leftovers\n|upkeep\n|\n|t:|1733784063\n|switch|p1a: Cinderace|Cinderace, L77, M|249/249\n|turn|19\n|inactive|Paraspikes has 120 seconds left.\n|\n|t:|1733784070\n|move|p1a: Cinderace|Sucker Punch|p2a: Sandslash\n|-start|p1a: Cinderace|typechange|Dark|[from] ability: Libero\n|-damage|p2a: Sandslash|75/275\n|move|p2a: Sandslash|Earthquake|p1a: Cinderace\n|-damage|p1a: Cinderace|0 fnt\n|faint|p1a: Cinderace\n|\n|-heal|p2a: Sandslash|92/275|[from] item: Leftovers\n|upkeep\n|-message|Skullmonkey forfeited.\n|\n|win|Paraspikes\n|raw|Skullmonkey's rating: 1514 &rarr; <strong>1493</strong><br />(-21 for losing)\n|raw|Paraspikes's rating: 1488 &rarr; <strong>1509</strong><br />(+21 for winning)\n|l|\u2606Skullmonkey\n|player|p1|\n", "inputlog": ">version bfd83cad13791eb5a5a409923076391caf6fb4d4\n>start {\"formatid\":\"gen9randombattle\",\"seed\":[33814,43768,33317,589],\"rated\":\"Rated battle\"}\n>player p1 {\"name\":\"Skullmonkey\",\"avatar\":\"li\",\"rating\":1514,\"seed\":[17421,54900,56508,65509]}\n>player p2 {\"name\":\"Paraspikes\",\"avatar\":\"265\",\"rating\":1488,\"seed\":[9757,36262,21929,35903]}\n>p1 move scald\n>p2 move swordsdance\n>p1 switch 5\n>p2 move scaleshot\n>p1 move swordsdance\n>p2 move crunch\n>p1 move extremespeed\n>p2 move crunch\n>p2 switch 2\n>p1 move extremespeed\n>p2 move machpunch\n>p1 switch 2\n>p1 move protect\n>p2 move closecombat\n>p1 move facade\n>p2 move machpunch\n>p2 switch 3\n>p1 move facade\n>p2 move stoneedge\n>p1 switch 5\n>p1 move scald\n>p2 switch 4\n>p1 move chillyreception\n>p2 move nuzzle\n>p1 switch 4\n>p1 move gigaimpact\n>p2 move psychic\n>p2 switch 5\n>chat \u2606Skullmonkey|Conkeldur\n>chat \u2606Skullmonkey|it's your best poke\n>p1 move recharge\n>p2 move revivalblessing\n>p2 switch 2\n>p1 move gigaimpact\n>p2 move psychic\n>p2 switch 4\n>p1 move recharge\n>p2 move swordsdance\n>p1 switch 6\n>p2 move earthquake\n>p1 move leafstorm\n>p2 move rapidspin terastallize\n>p1 switch 4\n>p2 move rapidspin\n>p1 move scald\n>p2 move earthquake\n>p1 switch 3\n>p1 move suckerpunch\n>p2 move earthquake\n>forcelose p1", "uploadtime": 1733784078, "views": 1, "formatid": "gen9randombattle", "rating": 1493, "private": 0, "password": null}