{"id": "gen9randombattle-2260666817", "format": "[Gen 9] Random Battle", "players": ["Mathxxx", "pringlesconsoomr14"], "log": "|j|\u2606Mathxxx\n|j|\u2606pringlesconsoomr14\n|t:|1733875896\n|gametype|singles\n|player|p1|Mathxxx|medium|1096\n|player|p2|pringlesconsoomr14|interviewers|1126\n|teamsize|p1|6\n|teamsize|p2|6\n|gen|9\n|tier|[Gen 9] Random Battle\n|rated|\n|rule|Species Clause: Limit one of each Pok\u00e9mon\n|rule|HP Percentage Mod: HP is shown in percentages\n|rule|Sleep Clause Mod: Limit one foe put to sleep\n|rule|Illusion Level Mod: Illusion disguises the Pok\u00e9mon's true level\n|\n|t:|1733875896\n|start\n|switch|p1a: Groudon|Groudon, L72|263/263\n|switch|p2a: Excadrill|Excadrill, L79, M|303/303\n|-ability|p2a: Excadrill|Mold Breaker\n|-weather|SunnyDay|[from] ability: Drought|[of] p1a: Groudon\n|turn|1\n|inactive|Battle timer is ON: inactive players will automatically lose when time's up. (requested by pringlesconsoomr14)\n|\n|t:|1733875913\n|switch|p2a: Tropius|Tropius, L91, M|328/328\n|move|p1a: Groudon|Precipice Blades|p2a: Tropius\n|-immune|p2a: Tropius\n|\n|-weather|SunnyDay|[upkeep]\n|upkeep\n|turn|2\n|\n|t:|1733875927\n|move|p1a: Groudon|Heat Crash|p2a: Tropius\n|-supereffective|p2a: Tropius\n|-damage|p2a: Tropius|74/328\n|-enditem|p2a: Tropius|Sitrus Berry|[eat]\n|-heal|p2a: Tropius|156/328|[from] item: Sitrus Berry\n|move|p2a: Tropius|Dragon Dance|p2a: Tropius\n|-boost|p2a: Tropius|atk|1\n|-boost|p2a: Tropius|spe|1\n|\n|-weather|SunnyDay|[upkeep]\n|-item|p2a: Tropius|Sitrus Berry|[from] ability: Harvest\n|upkeep\n|-enditem|p2a: Tropius|Sitrus Berry|[eat]\n|-heal|p2a: Tropius|238/328|[from] item: Sitrus Berry\n|turn|3\n|\n|t:|1733875939\n|-terastallize|p2a: Tropius|Ground\n|-terastallize|p1a: Groudon|Fire\n|move|p2a: Tropius|Dragon Dance|p2a: Tropius\n|-boost|p2a: Tropius|atk|1\n|-boost|p2a: Tropius|spe|1\n|move|p1a: Groudon|Heat Crash|p2a: Tropius\n|-damage|p2a: Tropius|58/328\n|\n|-weather|SunnyDay|[upkeep]\n|-item|p2a: Tropius|Sitrus Berry|[from] ability: Harvest\n|upkeep\n|-enditem|p2a: Tropius|Sitrus Berry|[eat]\n|-heal|p2a: Tropius|140/328|[from] item: Sitrus Berry\n|turn|4\n|\n|t:|1733875954\n|move|p2a: Tropius|Synthesis|p2a: Tropius\n|-heal|p2a: Tropius|328/328\n|move|p1a: Groudon|Precipice Blades|p2a: Tropius|[miss]\n|-miss|p1a: Groudon|p2a: Tropius\n|\n|-weather|SunnyDay|[upkeep]\n|-item|p2a: Tropius|Sitrus Berry|[from] ability: Harvest\n|upkeep\n|turn|5\n|\n|t:|1733875962\n|move|p2a: Tropius|Earthquake|p1a: Groudon\n|-supereffective|p1a: Groudon\n|-crit|p1a: Groudon\n|-damage|p1a: Groudon|0 fnt\n|faint|p1a: Groudon\n|\n|-weather|none\n|upkeep\n|\n|t:|1733875969\n|switch|p1a: Cryogonal|Cryogonal, L89|287/287\n|turn|6\n|\n|t:|1733875974\n|move|p2a: Tropius|Dual Wingbeat|p1a: Cryogonal\n|-damage|p1a: Cryogonal|173/287\n|-damage|p1a: Cryogonal|65/287\n|-hitcount|p1a: Cryogonal|2\n|move|p1a: Cryogonal|Ice Beam|p2a: Tropius\n|-supereffective|p2a: Tropius\n|-damage|p2a: Tropius|130/328\n|-enditem|p2a: Tropius|Sitrus Berry|[eat]\n|-heal|p2a: Tropius|212/328|[from] item: Sitrus Berry\n|\n|upkeep\n|turn|7\n|\n|t:|1733875996\n|switch|p1a: Leavanny|Leavanny, L86, F|269/269\n|move|p2a: Tropius|Dual Wingbeat|p1a: Leavanny\n|-supereffective|p1a: Leavanny\n|-damage|p1a: Leavanny|0 fnt\n|faint|p1a: Leavanny\n|-hitcount|p1: Leavanny|1\n|\n|-item|p2a: Tropius|Sitrus Berry|[from] ability: Harvest\n|upkeep\n|\n|t:|1733876005\n|switch|p1a: Cryogonal|Cryogonal, L89|65/287\n|turn|8\n|\n|t:|1733876008\n|move|p2a: Tropius|Dual Wingbeat|p1a: Cryogonal|[miss]\n|-miss|p2a: Tropius|p1a: Cryogonal\n|move|p1a: Cryogonal|Recover|p1a: Cryogonal\n|-heal|p1a: Cryogonal|209/287\n|\n|upkeep\n|turn|9\n|\n|t:|1733876019\n|move|p2a: Tropius|Dual Wingbeat|p1a: Cryogonal\n|-damage|p1a: Cryogonal|100/287\n|-damage|p1a: Cryogonal|0 fnt\n|faint|p1a: Cryogonal\n|-hitcount|p1: Cryogonal|2\n|\n|upkeep\n|\n|t:|1733876026\n|switch|p1a: Gouging Fire|Gouging Fire, L74|277/277\n|turn|10\n|\n|t:|1733876031\n|move|p2a: Tropius|Earthquake|p1a: Gouging Fire\n|-supereffective|p1a: Gouging Fire\n|-damage|p1a: Gouging Fire|0 fnt\n|faint|p1a: Gouging Fire\n|-end|p1a: Gouging Fire|Protosynthesis|[silent]\n|\n|upkeep\n|\n|t:|1733876034\n|switch|p1a: Pikachu|Pikachu, L93, M|216/216\n|turn|11\n|\n|t:|1733876036\n|move|p2a: Tropius|Earthquake|p1a: Pikachu\n|-supereffective|p1a: Pikachu\n|-damage|p1a: Pikachu|0 fnt\n|faint|p1a: Pikachu\n|\n|upkeep\n|\n|t:|1733876038\n|switch|p1a: Iron Thorns|Iron Thorns, L83|302/302\n|turn|12\n|\n|t:|1733876041\n|move|p2a: Tropius|Earthquake|p1a: Iron Thorns\n|-supereffective|p1a: Iron Thorns\n|-damage|p1a: Iron Thorns|0 fnt\n|faint|p1a: Iron Thorns\n|-end|p1a: Iron Thorns|Quark Drive|[silent]\n|\n|win|pringlesconsoomr14\n|raw|Mathxxx's rating: 1096 &rarr; <strong>1074</strong><br />(-22 for losing)\n|raw|pringlesconsoomr14's rating: 1126 &rarr; <strong>1149</strong><br />(+23 for winning)\n", "inputlog": ">version bfd83cad13791eb5a5a409923076391caf6fb4d4\n>start {\"formatid\":\"gen9randombattle\",\"seed\":[48822,30503,16583,60481],\"rated\":\"Rated battle\"}\n>player p1 {\"name\":\"Mathxxx\",\"avatar\":\"medium\",\"rating\":1096,\"seed\":[15874,18815,55012,61901]}\n>player p2 {\"name\":\"pringlesconsoomr14\",\"avatar\":\"interviewers\",\"rating\":1126,\"seed\":[43771,6505,22176,18049]}\n>p1 move precipiceblades\n>p2 switch 6\n>p1 move heatcrash\n>p2 move dragondance\n>p1 move heatcrash terastallize\n>p2 move dragondance terastallize\n>p1 move precipiceblades\n>p2 move synthesis\n>p1 move willowisp\n>p2 move earthquake\n>p1 switch 2\n>p1 move icebeam\n>p2 move dualwingbeat\n>p1 switch 4\n>p2 move dualwingbeat\n>p1 switch 4\n>p1 move recover\n>p2 move dualwingbeat\n>p1 move icebeam\n>p2 move dualwingbeat\n>p1 switch 3\n>p1 move dragondance\n>p2 move earthquake\n>p1 switch 5\n>p1 move surf\n>p2 move earthquake\n>p1 switch 6\n>p1 move stoneedge\n>p2 move earthquake", "uploadtime": 1733876050, "views": 1, "formatid": "gen9randombattle", "rating": 1074, "private": 0, "password": null}