{"id": "gen9randombattle-2249766035", "format": "[Gen 9] Random Battle", "players": ["freyaknightvgc", "HeartofElixir"], "log": "|j|\u2606freyaknightvgc\n|j|\u2606HeartofElixir\n|t:|1732396673\n|gametype|singles\n|player|p1|freyaknightvgc|grusha|2264\n|player|p2|HeartofElixir|steven|2222\n|teamsize|p1|6\n|teamsize|p2|6\n|gen|9\n|tier|[Gen 9] Random Battle\n|rated|\n|rule|Species Clause: Limit one of each Pok\u00e9mon\n|rule|HP Percentage Mod: HP is shown in percentages\n|rule|Sleep Clause Mod: Limit one foe put to sleep\n|rule|Illusion Level Mod: Illusion disguises the Pok\u00e9mon's true level\n|\n|t:|1732396673\n|start\n|switch|p1a: Rhyperior|Rhyperior, L82, M|323/323\n|switch|p2a: Rillaboom|Rillaboom, L79, F|288/288\n|-fieldstart|move: Grassy Terrain|[from] ability: Grassy Surge|[of] p2a: Rillaboom\n|turn|1\n|\n|t:|1732396680\n|switch|p1a: Scizor|Scizor, L79, M|240/240\n|move|p2a: Rillaboom|Wood Hammer|p1a: Scizor\n|-resisted|p1a: Scizor\n|-damage|p1a: Scizor|175/240\n|-damage|p2a: Rillaboom|267/288|[from] Recoil\n|\n|-heal|p2a: Rillaboom|285/288|[from] Grassy Terrain\n|-heal|p1a: Scizor|190/240|[from] Grassy Terrain\n|upkeep\n|turn|2\n|\n|t:|1732396692\n|switch|p2a: Rotom|Rotom, L88|231/231\n|move|p1a: Scizor|Close Combat|p2a: Rotom\n|-immune|p2a: Rotom\n|\n|-heal|p1a: Scizor|205/240|[from] Grassy Terrain\n|upkeep\n|turn|3\n|\n|t:|1732396704\n|switch|p1a: Whimsicott|Whimsicott, L85, F|241/241\n|move|p2a: Rotom|Shadow Ball|p1a: Whimsicott\n|-damage|p1a: Whimsicott|142/241\n|\n|-heal|p1a: Whimsicott|157/241|[from] Grassy Terrain\n|-heal|p1a: Whimsicott|172/241|[from] item: Leftovers\n|upkeep\n|turn|4\n|\n|t:|1732396711\n|move|p1a: Whimsicott|Leech Seed|p2a: Rotom\n|-start|p2a: Rotom|move: Leech Seed\n|move|p2a: Rotom|Shadow Ball|p1a: Whimsicott\n|-damage|p1a: Whimsicott|66/241\n|\n|-heal|p1a: Whimsicott|81/241|[from] Grassy Terrain\n|-heal|p1a: Whimsicott|96/241|[from] item: Leftovers\n|-damage|p2a: Rotom|203/231|[from] Leech Seed|[of] p1a: Whimsicott\n|-heal|p1a: Whimsicott|124/241|[silent]\n|upkeep\n|turn|5\n|\n|t:|1732396718\n|switch|p2a: Rillaboom|Rillaboom, L79, F|285/288\n|move|p1a: Whimsicott|Substitute|p1a: Whimsicott\n|-start|p1a: Whimsicott|Substitute\n|-damage|p1a: Whimsicott|64/241\n|\n|-heal|p1a: Whimsicott|79/241|[from] Grassy Terrain\n|-heal|p1a: Whimsicott|94/241|[from] item: Leftovers\n|-heal|p2a: Rillaboom|288/288|[from] Grassy Terrain\n|-fieldend|move: Grassy Terrain\n|upkeep\n|turn|6\n|\n|t:|1732396723\n|move|p1a: Whimsicott|Moonblast|p2a: Rillaboom\n|-damage|p2a: Rillaboom|174/288\n|-unboost|p2a: Rillaboom|spa|1\n|move|p2a: Rillaboom|U-turn|p1a: Whimsicott\n|-end|p1a: Whimsicott|Substitute\n|\n|t:|1732396729\n|switch|p2a: Granbull|Granbull, L88, M|302/302|[from] U-turn\n|-ability|p2a: Granbull|Intimidate|boost\n|-unboost|p1a: Whimsicott|atk|1\n|\n|-heal|p1a: Whimsicott|109/241|[from] item: Leftovers\n|upkeep\n|turn|7\n|\n|t:|1732396745\n|move|p1a: Whimsicott|Substitute|p1a: Whimsicott\n|-start|p1a: Whimsicott|Substitute\n|-damage|p1a: Whimsicott|49/241\n|move|p2a: Granbull|Play Rough|p1a: Whimsicott\n|-end|p1a: Whimsicott|Substitute\n|\n|-heal|p1a: Whimsicott|64/241|[from] item: Leftovers\n|upkeep\n|turn|8\n|\n|t:|1732396755\n|switch|p1a: Glimmora|Glimmora, L75, F|248/248\n|-item|p1a: Glimmora|Air Balloon\n|move|p2a: Granbull|Play Rough|p1a: Glimmora\n|-resisted|p1a: Glimmora\n|-damage|p1a: Glimmora|184/248\n|-activate|p1a: Glimmora|ability: Toxic Debris\n|-sidestart|p2: HeartofElixir|move: Toxic Spikes\n|-enditem|p1a: Glimmora|Air Balloon\n|\n|upkeep\n|turn|9\n|\n|t:|1732396772\n|move|p1a: Glimmora|Sludge Wave|p2a: Granbull\n|-supereffective|p2a: Granbull\n|-damage|p2a: Granbull|42/302\n|move|p2a: Granbull|Earthquake|p1a: Glimmora\n|-supereffective|p1a: Glimmora\n|-damage|p1a: Glimmora|0 fnt\n|-activate|p1a: Glimmora|ability: Toxic Debris\n|-sidestart|p2: HeartofElixir|move: Toxic Spikes\n|faint|p1a: Glimmora\n|\n|-heal|p2a: Granbull|60/302|[from] item: Leftovers\n|upkeep\n|\n|t:|1732396781\n|switch|p1a: Whimsicott|Whimsicott, L85, F|64/241\n|turn|10\n|\n|t:|1732396803\n|move|p1a: Whimsicott|Moonblast|p2a: Granbull\n|-damage|p2a: Granbull|0 fnt\n|faint|p2a: Granbull\n|\n|-heal|p1a: Whimsicott|79/241|[from] item: Leftovers\n|upkeep\n|\n|t:|1732396807\n|switch|p2a: Rotom|Rotom, L88|203/231\n|turn|11\n|\n|t:|1732396840\n|switch|p1a: Rhyperior|Rhyperior, L82, M|323/323\n|move|p2a: Rotom|Shadow Ball|p1a: Rhyperior\n|-damage|p1a: Rhyperior|191/323\n|-unboost|p1a: Rhyperior|spd|1\n|\n|upkeep\n|turn|12\n|\n|t:|1732396852\n|move|p2a: Rotom|Shadow Ball|p1a: Rhyperior\n|-damage|p1a: Rhyperior|0 fnt\n|faint|p1a: Rhyperior\n|\n|upkeep\n|\n|t:|1732396861\n|switch|p1a: Scizor|Scizor, L79, M|205/240\n|turn|13\n|\n|t:|1732396865\n|move|p2a: Rotom|Shadow Ball|p1a: Scizor\n|-damage|p1a: Scizor|94/240\n|move|p1a: Scizor|Knock Off|p2a: Rotom\n|-supereffective|p2a: Rotom\n|-damage|p2a: Rotom|5/231\n|-enditem|p2a: Rotom|Choice Scarf|[from] move: Knock Off|[of] p1a: Scizor\n|-damage|p1a: Scizor|70/240|[from] item: Life Orb\n|\n|upkeep\n|turn|14\n|\n|t:|1732396872\n|move|p1a: Scizor|Bullet Punch|p2a: Rotom\n|-resisted|p2a: Rotom\n|-crit|p2a: Rotom\n|-damage|p2a: Rotom|0 fnt\n|faint|p2a: Rotom\n|-damage|p1a: Scizor|46/240|[from] item: Life Orb\n|\n|upkeep\n|\n|t:|1732396905\n|switch|p2a: Rillaboom|Rillaboom, L79, F|174/288\n|-status|p2a: Rillaboom|tox\n|-fieldstart|move: Grassy Terrain|[from] ability: Grassy Surge|[of] p2a: Rillaboom\n|turn|15\n|inactive|Battle timer is ON: inactive players will automatically lose when time's up. (requested by freyaknightvgc)\n|inactive|freyaknightvgc has 120 seconds left.\n|\n|t:|1732396941\n|move|p1a: Scizor|Bullet Punch|p2a: Rillaboom\n|-damage|p2a: Rillaboom|75/288 tox\n|-damage|p1a: Scizor|22/240|[from] item: Life Orb\n|move|p2a: Rillaboom|Wood Hammer|p1a: Scizor\n|-resisted|p1a: Scizor\n|-damage|p1a: Scizor|0 fnt\n|faint|p1a: Scizor\n|-damage|p2a: Rillaboom|68/288 tox|[from] Recoil\n|\n|-heal|p2a: Rillaboom|86/288 tox|[from] Grassy Terrain\n|-damage|p2a: Rillaboom|68/288 tox|[from] psn\n|upkeep\n|\n|t:|1732396946\n|switch|p1a: Whimsicott|Whimsicott, L85, F|79/241\n|turn|16\n|\n|t:|1732396955\n|move|p1a: Whimsicott|Moonblast|p2a: Rillaboom\n|-crit|p2a: Rillaboom\n|-damage|p2a: Rillaboom|0 fnt\n|faint|p2a: Rillaboom\n|\n|-heal|p1a: Whimsicott|94/241|[from] Grassy Terrain\n|-heal|p1a: Whimsicott|109/241|[from] item: Leftovers\n|upkeep\n|\n|t:|1732396958\n|switch|p2a: Kyurem|Kyurem, L77|319/319\n|-ability|p2a: Kyurem|Pressure\n|turn|17\n|\n|t:|1732396979\n|-terastallize|p1a: Whimsicott|Steel\n|move|p1a: Whimsicott|Leech Seed|p2a: Kyurem\n|-start|p2a: Kyurem|move: Leech Seed\n|move|p2a: Kyurem|Freeze-Dry|p1a: Whimsicott\n|-resisted|p1a: Whimsicott\n|-damage|p1a: Whimsicott|68/241\n|\n|-heal|p1a: Whimsicott|83/241|[from] Grassy Terrain\n|-heal|p1a: Whimsicott|98/241|[from] item: Leftovers\n|-damage|p2a: Kyurem|280/319|[from] Leech Seed|[of] p1a: Whimsicott\n|-heal|p1a: Whimsicott|137/241|[silent]\n|upkeep\n|turn|18\n|\n|t:|1732396988\n|switch|p2a: Serperior|Serperior, L79, F|248/248\n|-status|p2a: Serperior|tox\n|move|p1a: Whimsicott|Encore||[still]\n|-fail|p1a: Whimsicott\n|\n|-heal|p1a: Whimsicott|152/241|[from] Grassy Terrain\n|-heal|p1a: Whimsicott|167/241|[from] item: Leftovers\n|-damage|p2a: Serperior|233/248 tox|[from] psn\n|upkeep\n|turn|19\n|\n|t:|1732396996\n|move|p1a: Whimsicott|Substitute|p1a: Whimsicott\n|-start|p1a: Whimsicott|Substitute\n|-damage|p1a: Whimsicott|107/241\n|move|p2a: Serperior|Leaf Storm|p1a: Whimsicott\n|-resisted|p1a: Whimsicott\n|-end|p1a: Whimsicott|Substitute\n|-boost|p2a: Serperior|spa|2\n|\n|-heal|p1a: Whimsicott|122/241|[from] Grassy Terrain\n|-heal|p1a: Whimsicott|137/241|[from] item: Leftovers\n|-heal|p2a: Serperior|248/248 tox|[from] Grassy Terrain\n|-damage|p2a: Serperior|218/248 tox|[from] psn\n|-fieldend|move: Grassy Terrain\n|upkeep\n|turn|20\n|\n|t:|1732397020\n|move|p1a: Whimsicott|Substitute|p1a: Whimsicott\n|-start|p1a: Whimsicott|Substitute\n|-damage|p1a: Whimsicott|77/241\n|move|p2a: Serperior|Leaf Storm|p1a: Whimsicott\n|-resisted|p1a: Whimsicott\n|-end|p1a: Whimsicott|Substitute\n|-boost|p2a: Serperior|spa|2\n|\n|-heal|p1a: Whimsicott|92/241|[from] item: Leftovers\n|-heal|p2a: Serperior|233/248 tox|[from] item: Leftovers\n|-damage|p2a: Serperior|188/248 tox|[from] psn\n|upkeep\n|turn|21\n|\n|t:|1732397026\n|move|p1a: Whimsicott|Substitute|p1a: Whimsicott\n|-start|p1a: Whimsicott|Substitute\n|-damage|p1a: Whimsicott|32/241\n|move|p2a: Serperior|Leaf Storm|p1a: Whimsicott\n|-resisted|p1a: Whimsicott\n|-end|p1a: Whimsicott|Substitute\n|-boost|p2a: Serperior|spa|2\n|\n|-heal|p1a: Whimsicott|47/241|[from] item: Leftovers\n|-heal|p2a: Serperior|203/248 tox|[from] item: Leftovers\n|-damage|p2a: Serperior|143/248 tox|[from] psn\n|upkeep\n|turn|22\n|\n|t:|1732397032\n|move|p1a: Whimsicott|Encore|p2a: Serperior\n|-start|p2a: Serperior|Encore\n|move|p2a: Serperior|Leaf Storm|p1a: Whimsicott\n|-resisted|p1a: Whimsicott\n|-damage|p1a: Whimsicott|0 fnt\n|faint|p1a: Whimsicott\n|\n|-heal|p2a: Serperior|158/248 tox|[from] item: Leftovers\n|-damage|p2a: Serperior|83/248 tox|[from] psn\n|upkeep\n|\n|t:|1732397039\n|switch|p1a: Sinistcha|Sinistcha, L83|254/254\n|turn|23\n|\n|t:|1732397045\n|move|p2a: Serperior|Leaf Storm|p1a: Sinistcha\n|-resisted|p1a: Sinistcha\n|-damage|p1a: Sinistcha|35/254\n|move|p1a: Sinistcha|Strength Sap|p2a: Serperior\n|-boost|p2a: Serperior|atk|1\n|-heal|p1a: Sinistcha|199/254\n|\n|-heal|p2a: Serperior|98/248 tox|[from] item: Leftovers\n|-heal|p1a: Sinistcha|214/254|[from] item: Leftovers\n|-damage|p2a: Serperior|8/248 tox|[from] psn\n|upkeep\n|turn|24\n|\n|t:|1732397053\n|move|p2a: Serperior|Leaf Storm|p1a: Sinistcha\n|-resisted|p1a: Sinistcha\n|-damage|p1a: Sinistcha|0 fnt\n|faint|p1a: Sinistcha\n|\n|-heal|p2a: Serperior|23/248 tox|[from] item: Leftovers\n|-damage|p2a: Serperior|0 fnt|[from] psn\n|faint|p2a: Serperior\n|upkeep\n|\n|t:|1732397057\n|switch|p2a: Kyurem|Kyurem, L77|280/319\n|switch|p1a: Urshifu|Urshifu-Rapid-Strike, L75, F|274/274\n|-ability|p2a: Kyurem|Pressure\n|turn|25\n|\n|t:|1732397076\n|move|p2a: Kyurem|Freeze-Dry|p1a: Urshifu\n|-supereffective|p1a: Urshifu\n|-damage|p1a: Urshifu|38/274\n|move|p1a: Urshifu|Surging Strikes|p2a: Kyurem\n|-resisted|p2a: Kyurem\n|-crit|p2a: Kyurem\n|-damage|p2a: Kyurem|249/319\n|-resisted|p2a: Kyurem\n|-crit|p2a: Kyurem\n|-damage|p2a: Kyurem|218/319\n|-resisted|p2a: Kyurem\n|-crit|p2a: Kyurem\n|-damage|p2a: Kyurem|187/319\n|-hitcount|p2a: Kyurem|3\n|-damage|p1a: Urshifu|11/274|[from] item: Life Orb\n|\n|upkeep\n|turn|26\n|\n|t:|1732397083\n|move|p2a: Kyurem|Freeze-Dry|p1a: Urshifu\n|-supereffective|p1a: Urshifu\n|-damage|p1a: Urshifu|0 fnt\n|faint|p1a: Urshifu\n|\n|win|HeartofElixir\n|raw|freyaknightvgc's rating: 2264 &rarr; <strong>2242</strong><br />(-22 for losing)\n|raw|HeartofElixir's rating: 2222 &rarr; <strong>2244</strong><br />(+22 for winning)\n|c|\u2606freyaknightvgc|gg\n", "inputlog": ">version baf9aa68cbe18cf25f290680a08c9ad9c5e3e828\n>start {\"formatid\":\"gen9randombattle\",\"seed\":[18910,59721,20551,39260],\"rated\":\"Rated battle\"}\n>player p1 {\"name\":\"freyaknightvgc\",\"avatar\":\"grusha\",\"rating\":2264,\"seed\":[17921,61090,37535,35876]}\n>player p2 {\"name\":\"HeartofElixir\",\"avatar\":\"steven\",\"rating\":2222,\"seed\":[7314,37482,28253,41881]}\n>p1 switch 3\n>p2 move woodhammer\n>p1 move closecombat\n>p2 switch 4\n>p1 switch 4\n>p2 move shadowball\n>p1 move leechseed\n>p2 move shadowball\n>p1 move substitute\n>p2 switch 4\n>p1 move moonblast\n>p2 move uturn\n>p2 switch 6\n>p1 move substitute\n>p2 move playrough\n>p1 switch 5\n>p2 move playrough\n>p1 move sludgewave\n>p2 move earthquake\n>p1 switch 5\n>p1 move moonblast\n>p2 move playrough\n>p2 switch 4\n>p1 switch 3\n>p2 move shadowball\n>p1 move stoneedge\n>p2 move shadowball\n>p1 switch 4\n>p1 move knockoff\n>p2 move shadowball\n>p1 move bulletpunch\n>p2 move shadowball\n>p2 switch 6\n>p1 move bulletpunch\n>p2 move woodhammer\n>p1 switch 3\n>p1 move moonblast\n>p2 move woodhammer\n>p2 switch 5\n>p1 move leechseed terastallize\n>p2 move freezedry\n>p1 move encore\n>p2 switch 2\n>p1 move substitute\n>p2 move leafstorm\n>p1 move substitute\n>p2 move leafstorm\n>p1 move substitute\n>p2 move leafstorm\n>p1 move encore\n>p2 move terablast\n>p1 switch 2\n>p1 move strengthsap\n>p2 move leafstorm\n>p1 move strengthsap\n>p2 move leafstorm\n>p1 switch 6\n>p2 switch 2\n>p1 move surgingstrikes\n>p2 move freezedry\n>p1 move closecombat\n>p2 move freezedry", "uploadtime": 1732397091, "views": 28, "formatid": "gen9randombattle", "rating": 2242, "private": 0, "password": null}