{"id": "gen9randombattle-2260689999", "format": "[Gen 9] Random Battle", "players": ["Dancrak", "sigmafrog frfr"], "log": "|j|\u2606Dancrak\n|j|\u2606sigmafrog frfr\n|t:|1733878830\n|gametype|singles\n|player|p1|Dancrak|pokekid|1137\n|player|p2|sigmafrog frfr|cynthia-gen4|1128\n|teamsize|p1|6\n|teamsize|p2|6\n|gen|9\n|tier|[Gen 9] Random Battle\n|rated|\n|rule|Species Clause: Limit one of each Pok\u00e9mon\n|rule|HP Percentage Mod: HP is shown in percentages\n|rule|Sleep Clause Mod: Limit one foe put to sleep\n|rule|Illusion Level Mod: Illusion disguises the Pok\u00e9mon's true level\n|\n|t:|1733878830\n|start\n|switch|p1a: Charizard|Charizard, L85, F|271/271\n|switch|p2a: Dunsparce|Dunsparce, L86, M|312/312\n|turn|1\n|inactive|Battle timer is ON: inactive players will automatically lose when time's up. (requested by sigmafrog frfr)\n|\n|t:|1733878839\n|move|p1a: Charizard|Focus Blast|p2a: Dunsparce\n|-supereffective|p2a: Dunsparce\n|-damage|p2a: Dunsparce|150/312\n|move|p2a: Dunsparce|Body Slam|p1a: Charizard\n|-damage|p1a: Charizard|186/271\n|\n|upkeep\n|turn|2\n|\n|t:|1733878851\n|move|p1a: Charizard|Focus Blast|p2a: Dunsparce\n|-supereffective|p2a: Dunsparce\n|-damage|p2a: Dunsparce|4/312\n|move|p2a: Dunsparce|Body Slam|p1a: Charizard\n|-damage|p1a: Charizard|99/271\n|\n|upkeep\n|turn|3\n|\n|t:|1733878860\n|move|p1a: Charizard|Flamethrower|p2a: Dunsparce\n|-damage|p2a: Dunsparce|0 fnt\n|faint|p2a: Dunsparce\n|\n|upkeep\n|\n|t:|1733878868\n|switch|p2a: Bellibolt|Bellibolt, L84, M|320/320\n|turn|4\n|\n|t:|1733878878\n|move|p1a: Charizard|Flamethrower|p2a: Bellibolt\n|-damage|p2a: Bellibolt|197/320\n|-start|p2a: Bellibolt|Charge|Flamethrower|[from] ability: Electromorphosis\n|move|p2a: Bellibolt|Muddy Water|p1a: Charizard\n|-supereffective|p1a: Charizard\n|-damage|p1a: Charizard|0 fnt\n|faint|p1a: Charizard\n|\n|-heal|p2a: Bellibolt|217/320|[from] item: Leftovers\n|upkeep\n|\n|t:|1733878893\n|switch|p1a: Chien-Pao|Chien-Pao, L72|234/234\n|-ability|p1a: Chien-Pao|Sword of Ruin\n|turn|5\n|\n|t:|1733878911\n|move|p1a: Chien-Pao|Icicle Crash|p2a: Bellibolt\n|-damage|p2a: Bellibolt|55/320\n|-start|p2a: Bellibolt|Charge|Icicle Crash|[from] ability: Electromorphosis\n|move|p2a: Bellibolt|Toxic|p1a: Chien-Pao\n|-status|p1a: Chien-Pao|tox\n|\n|-heal|p2a: Bellibolt|75/320|[from] item: Leftovers\n|-damage|p1a: Chien-Pao|220/234 tox|[from] psn\n|upkeep\n|turn|6\n|\n|t:|1733878920\n|move|p1a: Chien-Pao|Icicle Crash|p2a: Bellibolt\n|-damage|p2a: Bellibolt|0 fnt\n|faint|p2a: Bellibolt\n|\n|-damage|p1a: Chien-Pao|192/234 tox|[from] psn\n|upkeep\n|\n|t:|1733878930\n|switch|p2a: Lanturn|Lanturn, L89, M|367/367\n|turn|7\n|\n|t:|1733878943\n|switch|p1a: Scrafty|Scrafty, L84, F|246/246\n|-ability|p1a: Scrafty|Intimidate|boost\n|-unboost|p2a: Lanturn|atk|1\n|move|p2a: Lanturn|Scald|p1a: Scrafty\n|-damage|p1a: Scrafty|180/246\n|\n|upkeep\n|turn|8\n|\n|t:|1733878953\n|move|p2a: Lanturn|Volt Switch|p1a: Scrafty\n|-damage|p1a: Scrafty|122/246\n|\n|t:|1733878962\n|switch|p2a: Calyrex|Calyrex-Shadow, L64|235/235|[from] Volt Switch\n|-ability|p2a: Calyrex|As One\n|-ability|p2a: Calyrex|Unnerve\n|move|p1a: Scrafty|Dragon Dance|p1a: Scrafty\n|-boost|p1a: Scrafty|atk|1\n|-boost|p1a: Scrafty|spe|1\n|\n|upkeep\n|turn|9\n|\n|t:|1733878972\n|move|p2a: Calyrex|Pollen Puff|p1a: Scrafty\n|-damage|p1a: Scrafty|49/246\n|move|p1a: Scrafty|Knock Off|p2a: Calyrex\n|-supereffective|p2a: Calyrex\n|-damage|p2a: Calyrex|0 fnt\n|-enditem|p2a: Calyrex|Choice Specs|[from] move: Knock Off|[of] p1a: Scrafty\n|faint|p2a: Calyrex\n|-damage|p1a: Scrafty|25/246|[from] item: Life Orb\n|\n|upkeep\n|\n|t:|1733878980\n|switch|p2a: Porygon-Z|Porygon-Z, L83|277/277\n|-ability|p2a: Porygon-Z|Download|boost\n|-boost|p2a: Porygon-Z|spa|1\n|turn|10\n|\n|t:|1733878987\n|move|p1a: Scrafty|Close Combat|p2a: Porygon-Z\n|-supereffective|p2a: Porygon-Z\n|-damage|p2a: Porygon-Z|0 fnt\n|-unboost|p1a: Scrafty|def|1\n|-unboost|p1a: Scrafty|spd|1\n|faint|p2a: Porygon-Z\n|-damage|p1a: Scrafty|1/246|[from] item: Life Orb\n|\n|upkeep\n|-message|sigmafrog frfr forfeited.\n|\n|win|Dancrak\n|raw|Dancrak's rating: 1137 &rarr; <strong>1161</strong><br />(+24 for winning)\n|raw|sigmafrog frfr's rating: 1128 &rarr; <strong>1104</strong><br />(-24 for losing)\n|l|\u2606sigmafrog frfr\n|player|p2|\n", "inputlog": ">version bfd83cad13791eb5a5a409923076391caf6fb4d4\n>start {\"formatid\":\"gen9randombattle\",\"seed\":[55589,51153,41494,42336],\"rated\":\"Rated battle\"}\n>player p1 {\"name\":\"Dancrak\",\"avatar\":\"pokekid\",\"rating\":1137,\"seed\":[56556,38053,53523,17550]}\n>player p2 {\"name\":\"sigmafrog frfr\",\"avatar\":\"cynthia-gen4\",\"rating\":1128,\"seed\":[51111,27456,50118,48547]}\n>p1 move focusblast\n>p2 move bodyslam\n>p1 move focusblast\n>p2 move bodyslam\n>p1 move flamethrower\n>p2 move bodyslam\n>p2 switch 6\n>p1 move flamethrower\n>p2 move muddywater\n>p1 switch 4\n>p1 move iciclecrash\n>p2 move toxic\n>p1 move iciclecrash\n>p2 move thunderbolt\n>p2 switch 4\n>p1 switch 2\n>p2 move scald\n>p1 move dragondance\n>p2 move voltswitch\n>p2 switch 2\n>p1 move knockoff\n>p2 move pollenpuff\n>p2 switch 3\n>p1 move closecombat\n>p2 move triattack\n>forcelose p2", "uploadtime": 1733878992, "views": 12, "formatid": "gen9randombattle", "rating": 1104, "private": 0, "password": null}