{"id": "gen9randombattle-2260604698", "format": "[Gen 9] Random Battle", "players": ["davidlemon97", "calmalt"], "log": "|j|\u2606davidlemon97\n|j|\u2606calmalt\n|t:|1733868357\n|gametype|singles\n|player|p1|davidlemon97|265|1991\n|player|p2|calmalt|2|2025\n|teamsize|p1|6\n|teamsize|p2|6\n|gen|9\n|tier|[Gen 9] Random Battle\n|rated|\n|rule|Species Clause: Limit one of each Pok\u00e9mon\n|rule|HP Percentage Mod: HP is shown in percentages\n|rule|Sleep Clause Mod: Limit one foe put to sleep\n|rule|Illusion Level Mod: Illusion disguises the Pok\u00e9mon's true level\n|\n|t:|1733868357\n|start\n|switch|p1a: Decidueye|Decidueye-Hisui, L87, M|295/295\n|switch|p2a: Amoonguss|Amoonguss, L82, F|321/321\n|turn|1\n|inactive|Battle timer is ON: inactive players will automatically lose when time's up. (requested by davidlemon97)\n|inactive|calmalt has 120 seconds left.\n|\n|t:|1733868398\n|switch|p1a: Tentacruel|Tentacruel, L84, M|272/272\n|move|p2a: Amoonguss|Toxic|p1a: Tentacruel\n|-immune|p1a: Tentacruel\n|\n|upkeep\n|turn|2\n|\n|t:|1733868410\n|move|p1a: Tentacruel|Toxic Spikes|p2a: Amoonguss\n|-sidestart|p2: calmalt|move: Toxic Spikes\n|move|p2a: Amoonguss|Spore|p1a: Tentacruel\n|-status|p1a: Tentacruel|slp|[from] move: Spore\n|\n|upkeep\n|turn|3\n|\n|t:|1733868423\n|switch|p2a: Luvdisc|Luvdisc, M|247/247\n|cant|p1a: Tentacruel|slp\n|\n|upkeep\n|turn|4\n|\n|t:|1733868433\n|move|p2a: Luvdisc|Substitute|p2a: Luvdisc\n|-start|p2a: Luvdisc|Substitute\n|-damage|p2a: Luvdisc|186/247\n|cant|p1a: Tentacruel|slp\n|\n|upkeep\n|turn|5\n|\n|t:|1733868438\n|move|p2a: Luvdisc|Whirlpool|p1a: Tentacruel\n|-resisted|p1a: Tentacruel\n|-damage|p1a: Tentacruel|260/272 slp\n|-activate|p1a: Tentacruel|move: Whirlpool|[of] p2a: Luvdisc\n|-curestatus|p1a: Tentacruel|slp|[msg]\n|move|p1a: Tentacruel|Rapid Spin|p2a: Luvdisc\n|-activate|p2a: Luvdisc|move: Substitute|[damage]\n|-end|p1a: Tentacruel|Whirlpool|[partiallytrapped]\n|-boost|p1a: Tentacruel|spe|1\n|\n|-heal|p1a: Tentacruel|272/272|[from] item: Leftovers\n|upkeep\n|turn|6\n|\n|t:|1733868458\n|move|p1a: Tentacruel|Sludge Bomb|p2a: Luvdisc\n|-end|p2a: Luvdisc|Substitute\n|move|p2a: Luvdisc|Endeavor|p1a: Tentacruel\n|-damage|p1a: Tentacruel|186/272\n|\n|-heal|p1a: Tentacruel|203/272|[from] item: Leftovers\n|upkeep\n|turn|7\n|\n|t:|1733868467\n|switch|p2a: Amoonguss|Amoonguss, L82, F|321/321\n|-sideend|p2: calmalt|move: Toxic Spikes|[of] p2a: Amoonguss\n|move|p1a: Tentacruel|Sludge Bomb|p2a: Amoonguss\n|-damage|p2a: Amoonguss|231/321\n|\n|-heal|p1a: Tentacruel|220/272|[from] item: Leftovers\n|-heal|p2a: Amoonguss|251/321|[from] item: Leftovers\n|upkeep\n|turn|8\n|\n|t:|1733868477\n|switch|p2a: Deoxys|Deoxys-Defense, L84|221/221\n|-ability|p2a: Deoxys|Pressure\n|move|p1a: Tentacruel|Toxic Spikes|p2a: Deoxys\n|-sidestart|p2: calmalt|move: Toxic Spikes\n|\n|-heal|p1a: Tentacruel|237/272|[from] item: Leftovers\n|upkeep\n|turn|9\n|\n|t:|1733868487\n|switch|p1a: Mesprit|Mesprit, L85|275/275\n|move|p2a: Deoxys|Stealth Rock|p1a: Mesprit\n|-sidestart|p1: davidlemon97|move: Stealth Rock\n|\n|upkeep\n|turn|10\n|\n|t:|1733868501\n|move|p1a: Mesprit|Thunder Wave|p2a: Deoxys\n|-status|p2a: Deoxys|par\n|cant|p2a: Deoxys|par\n|\n|upkeep\n|turn|11\n|\n|t:|1733868508\n|move|p1a: Mesprit|Knock Off|p2a: Deoxys\n|-supereffective|p2a: Deoxys\n|-damage|p2a: Deoxys|121/221 par\n|-damage|p1a: Mesprit|230/275|[from] item: Rocky Helmet|[of] p2a: Deoxys\n|-enditem|p2a: Deoxys|Rocky Helmet|[from] move: Knock Off|[of] p1a: Mesprit\n|move|p2a: Deoxys|Teleport|p2a: Deoxys\n|\n|t:|1733868515\n|switch|p2a: Incineroar|Incineroar, L82, M|290/290|[from] Teleport\n|-ability|p2a: Incineroar|Intimidate|boost\n|-unboost|p1a: Mesprit|atk|1\n|\n|-heal|p1a: Mesprit|247/275|[from] item: Leftovers\n|upkeep\n|turn|12\n|\n|t:|1733868533\n|move|p1a: Mesprit|U-turn|p2a: Incineroar\n|-damage|p2a: Incineroar|255/290\n|\n|t:|1733868542\n|switch|p1a: Dedenne|Dedenne, L88, M|261/261|[from] U-turn\n|-damage|p1a: Dedenne|229/261|[from] Stealth Rock\n|move|p2a: Incineroar|Knock Off|p1a: Dedenne\n|-resisted|p1a: Dedenne\n|-damage|p1a: Dedenne|159/261\n|-enditem|p1a: Dedenne|Sitrus Berry|[from] move: Knock Off|[of] p2a: Incineroar\n|\n|upkeep\n|turn|13\n|\n|t:|1733868554\n|switch|p2a: Amoonguss|Amoonguss, L82, F|321/321\n|-sideend|p2: calmalt|move: Toxic Spikes|[of] p2a: Amoonguss\n|move|p1a: Dedenne|Nuzzle|p2a: Amoonguss\n|-resisted|p2a: Amoonguss\n|-damage|p2a: Amoonguss|311/321\n|-status|p2a: Amoonguss|par\n|\n|-heal|p2a: Amoonguss|321/321 par|[from] item: Leftovers\n|upkeep\n|turn|14\n|\n|t:|1733868577\n|move|p1a: Dedenne|Super Fang|p2a: Amoonguss\n|-damage|p2a: Amoonguss|161/321 par\n|move|p2a: Amoonguss|Sludge Bomb|p1a: Dedenne\n|-supereffective|p1a: Dedenne\n|-damage|p1a: Dedenne|0 fnt\n|faint|p1a: Dedenne\n|\n|-heal|p2a: Amoonguss|181/321 par|[from] item: Leftovers\n|upkeep\n|\n|t:|1733868587\n|switch|p1a: Tentacruel|Tentacruel, L84, M|237/272\n|-damage|p1a: Tentacruel|203/272|[from] Stealth Rock\n|turn|15\n|\n|t:|1733868595\n|switch|p2a: Deoxys|Deoxys-Defense, L84|121/221 par\n|-ability|p2a: Deoxys|Pressure\n|move|p1a: Tentacruel|Rapid Spin|p2a: Deoxys\n|-damage|p2a: Deoxys|102/221 par\n|-boost|p1a: Tentacruel|spe|1\n|-sideend|p1: davidlemon97|Stealth Rock|[from] move: Rapid Spin|[of] p1a: Tentacruel\n|\n|-heal|p1a: Tentacruel|220/272|[from] item: Leftovers\n|upkeep\n|turn|16\n|\n|t:|1733868607\n|move|p1a: Tentacruel|Sludge Bomb|p2a: Deoxys\n|-damage|p2a: Deoxys|48/221 par\n|move|p2a: Deoxys|Recover|p2a: Deoxys\n|-heal|p2a: Deoxys|159/221 par\n|\n|-heal|p1a: Tentacruel|237/272|[from] item: Leftovers\n|upkeep\n|turn|17\n|\n|t:|1733868627\n|move|p1a: Tentacruel|Sludge Bomb|p2a: Deoxys\n|-damage|p2a: Deoxys|108/221 par\n|move|p2a: Deoxys|Psychic Noise|p1a: Tentacruel\n|-supereffective|p1a: Tentacruel\n|-damage|p1a: Tentacruel|133/272\n|-start|p1a: Tentacruel|move: Heal Block\n|\n|upkeep\n|turn|18\n|inactive|davidlemon97 has 120 seconds left.\n|\n|t:|1733868654\n|move|p1a: Tentacruel|Surf|p2a: Deoxys\n|-damage|p2a: Deoxys|54/221 par\n|move|p2a: Deoxys|Recover|p2a: Deoxys\n|-heal|p2a: Deoxys|165/221 par\n|\n|-end|p1a: Tentacruel|move: Heal Block\n|upkeep\n|turn|19\n|inactive|davidlemon97 has 120 seconds left.\n|\n|t:|1733868679\n|move|p1a: Tentacruel|Sludge Bomb|p2a: Deoxys\n|-damage|p2a: Deoxys|117/221 par\n|cant|p2a: Deoxys|par\n|\n|-heal|p1a: Tentacruel|150/272|[from] item: Leftovers\n|upkeep\n|turn|20\n|\n|t:|1733868695\n|move|p1a: Tentacruel|Surf|p2a: Deoxys\n|-damage|p2a: Deoxys|69/221 par\n|cant|p2a: Deoxys|par\n|\n|-heal|p1a: Tentacruel|167/272|[from] item: Leftovers\n|upkeep\n|turn|21\n|\n|t:|1733868706\n|move|p1a: Tentacruel|Sludge Bomb|p2a: Deoxys\n|-damage|p2a: Deoxys|18/221 par\n|move|p2a: Deoxys|Recover|p2a: Deoxys\n|-heal|p2a: Deoxys|129/221 par\n|\n|-heal|p1a: Tentacruel|184/272|[from] item: Leftovers\n|upkeep\n|turn|22\n|inactive|davidlemon97 has 90 seconds left.\n|\n|t:|1733868741\n|move|p1a: Tentacruel|Surf|p2a: Deoxys\n|-damage|p2a: Deoxys|80/221 par\n|cant|p2a: Deoxys|par\n|\n|-heal|p1a: Tentacruel|201/272|[from] item: Leftovers\n|upkeep\n|turn|23\n|\n|t:|1733868750\n|move|p1a: Tentacruel|Sludge Bomb|p2a: Deoxys\n|-damage|p2a: Deoxys|32/221 par\n|move|p2a: Deoxys|Recover|p2a: Deoxys\n|-heal|p2a: Deoxys|143/221 par\n|\n|-heal|p1a: Tentacruel|218/272|[from] item: Leftovers\n|upkeep\n|turn|24\n|inactive|davidlemon97 has 90 seconds left.\n|\n|t:|1733868771\n|move|p1a: Tentacruel|Sludge Bomb|p2a: Deoxys\n|-damage|p2a: Deoxys|89/221 par\n|cant|p2a: Deoxys|par\n|\n|-heal|p1a: Tentacruel|235/272|[from] item: Leftovers\n|upkeep\n|turn|25\n|c|\u2606calmalt|wow...\n|\n|t:|1733868782\n|switch|p1a: Mesprit|Mesprit, L85|247/275\n|move|p2a: Deoxys|Recover|p2a: Deoxys\n|-heal|p2a: Deoxys|200/221 par\n|\n|-heal|p1a: Mesprit|264/275|[from] item: Leftovers\n|upkeep\n|turn|26\n|\n|t:|1733868803\n|move|p1a: Mesprit|Knock Off|p2a: Deoxys\n|-supereffective|p2a: Deoxys\n|-damage|p2a: Deoxys|134/221 par\n|move|p2a: Deoxys|Stealth Rock|p1a: Mesprit\n|-sidestart|p1: davidlemon97|move: Stealth Rock\n|\n|-heal|p1a: Mesprit|275/275|[from] item: Leftovers\n|upkeep\n|turn|27\n|\n|t:|1733868814\n|switch|p2a: Altaria|Altaria, L88, M|275/275\n|move|p1a: Mesprit|Psychic Noise|p2a: Altaria\n|-damage|p2a: Altaria|200/275\n|-start|p2a: Altaria|move: Heal Block\n|\n|upkeep\n|turn|28\n|\n|t:|1733868824\n|move|p2a: Altaria|Brave Bird|p1a: Mesprit\n|-damage|p1a: Mesprit|179/275\n|-damage|p2a: Altaria|168/275|[from] Recoil\n|move|p1a: Mesprit|Thunder Wave|p2a: Altaria\n|-status|p2a: Altaria|par\n|\n|-heal|p1a: Mesprit|196/275|[from] item: Leftovers\n|-end|p2a: Altaria|move: Heal Block\n|upkeep\n|turn|29\n|inactive|davidlemon97 has 90 seconds left.\n|\n|t:|1733868836\n|-curestatus|p2a: Altaria|par|[from] ability: Natural Cure\n|switch|p2a: Deoxys|Deoxys-Defense, L84|134/221 par\n|-ability|p2a: Deoxys|Pressure\n|move|p1a: Mesprit|Knock Off|p2a: Deoxys\n|-supereffective|p2a: Deoxys\n|-damage|p2a: Deoxys|74/221 par\n|\n|-heal|p1a: Mesprit|213/275|[from] item: Leftovers\n|upkeep\n|turn|30\n|inactive|davidlemon97 has 90 seconds left.\n|\n|t:|1733868858\n|switch|p2a: Luvdisc|Luvdisc, M|186/247\n|move|p1a: Mesprit|Knock Off|p2a: Luvdisc\n|-damage|p2a: Luvdisc|102/247\n|-enditem|p2a: Luvdisc|Heavy-Duty Boots|[from] move: Knock Off|[of] p1a: Mesprit\n|\n|-heal|p1a: Mesprit|230/275|[from] item: Leftovers\n|upkeep\n|turn|31\n|\n|t:|1733868867\n|move|p2a: Luvdisc|Substitute|p2a: Luvdisc\n|-start|p2a: Luvdisc|Substitute\n|-damage|p2a: Luvdisc|41/247\n|move|p1a: Mesprit|Psychic Noise|p2a: Luvdisc\n|-damage|p2a: Luvdisc|0 fnt\n|faint|p2a: Luvdisc\n|\n|-heal|p1a: Mesprit|247/275|[from] item: Leftovers\n|upkeep\n|\n|t:|1733868874\n|switch|p2a: Incineroar|Incineroar, L82, M|255/290\n|-ability|p2a: Incineroar|Intimidate|boost\n|-unboost|p1a: Mesprit|atk|1\n|turn|32\n|inactive|davidlemon97 has 90 seconds left.\n|\n|t:|1733868881\n|move|p1a: Mesprit|Thunder Wave|p2a: Incineroar\n|-status|p2a: Incineroar|par\n|cant|p2a: Incineroar|par\n|\n|-heal|p1a: Mesprit|264/275|[from] item: Leftovers\n|upkeep\n|turn|33\n|c|\u2606calmalt|ya\n|inactive|davidlemon97 has 90 seconds left.\n|\n|t:|1733868892\n|move|p1a: Mesprit|U-turn|p2a: Incineroar\n|-damage|p2a: Incineroar|219/290 par\n|c|\u2606calmalt|this kidsa game\n|c|\u2606calmalt|kinda\n|inactive|davidlemon97 has 90 seconds left.\n|\n|t:|1733868902\n|switch|p1a: Tentacruel|Tentacruel, L84, M|235/272|[from] U-turn\n|-damage|p1a: Tentacruel|201/272|[from] Stealth Rock\n|move|p2a: Incineroar|Knock Off|p1a: Tentacruel\n|-damage|p1a: Tentacruel|57/272\n|-enditem|p1a: Tentacruel|Leftovers|[from] move: Knock Off|[of] p2a: Incineroar\n|\n|upkeep\n|turn|34\n|\n|t:|1733868923\n|move|p1a: Tentacruel|Rapid Spin|p2a: Incineroar\n|-damage|p2a: Incineroar|190/290 par\n|-boost|p1a: Tentacruel|spe|1\n|-sideend|p1: davidlemon97|Stealth Rock|[from] move: Rapid Spin|[of] p1a: Tentacruel\n|move|p2a: Incineroar|Knock Off|p1a: Tentacruel\n|-damage|p1a: Tentacruel|0 fnt\n|faint|p1a: Tentacruel\n|\n|upkeep\n|inactive|davidlemon97 has 90 seconds left.\n|\n|t:|1733868936\n|switch|p1a: Decidueye|Decidueye-Hisui, L87, M|295/295\n|turn|35\n|inactive|davidlemon97 has 90 seconds left.\n|\n|t:|1733868951\n|switch|p2a: Amoonguss|Amoonguss, L82, F|288/321 par\n|move|p1a: Decidueye|Triple Arrows|p2a: Amoonguss\n|-resisted|p2a: Amoonguss\n|-damage|p2a: Amoonguss|218/321 par\n|\n|-heal|p2a: Amoonguss|238/321 par|[from] item: Leftovers\n|upkeep\n|turn|36\n|inactive|davidlemon97 has 90 seconds left.\n|\n|t:|1733868961\n|move|p1a: Decidueye|Knock Off|p2a: Amoonguss\n|-damage|p2a: Amoonguss|142/321 par\n|-enditem|p2a: Amoonguss|Leftovers|[from] move: Knock Off|[of] p1a: Decidueye\n|move|p2a: Amoonguss|Toxic|p1a: Decidueye\n|-status|p1a: Decidueye|tox\n|\n|-damage|p1a: Decidueye|277/295 tox|[from] psn\n|upkeep\n|turn|37\n|\n|t:|1733868970\n|switch|p2a: Altaria|Altaria, L88, M|168/275\n|move|p1a: Decidueye|Triple Arrows|p2a: Altaria\n|-resisted|p2a: Altaria\n|-damage|p2a: Altaria|113/275\n|-unboost|p2a: Altaria|def|1\n|\n|-heal|p1a: Decidueye|295/295 tox|[from] item: Leftovers\n|-damage|p1a: Decidueye|259/295 tox|[from] psn\n|upkeep\n|turn|38\n|\n|t:|1733868982\n|move|p2a: Altaria|Roost|p2a: Altaria\n|-heal|p2a: Altaria|251/275\n|-singleturn|p2a: Altaria|move: Roost\n|move|p1a: Decidueye|Knock Off|p2a: Altaria\n|-damage|p2a: Altaria|145/275\n|-enditem|p2a: Altaria|Heavy-Duty Boots|[from] move: Knock Off|[of] p1a: Decidueye\n|\n|-heal|p1a: Decidueye|277/295 tox|[from] item: Leftovers\n|-damage|p1a: Decidueye|223/295 tox|[from] psn\n|upkeep\n|turn|39\n|\n|t:|1733868993\n|move|p2a: Altaria|Roost|p2a: Altaria\n|-heal|p2a: Altaria|275/275\n|-singleturn|p2a: Altaria|move: Roost\n|move|p1a: Decidueye|Knock Off|p2a: Altaria\n|-damage|p2a: Altaria|199/275\n|\n|-heal|p1a: Decidueye|241/295 tox|[from] item: Leftovers\n|-damage|p1a: Decidueye|169/295 tox|[from] psn\n|upkeep\n|turn|40\n|inactive|davidlemon97 has 90 seconds left.\n|\n|t:|1733869010\n|move|p2a: Altaria|Brave Bird|p1a: Decidueye\n|-supereffective|p1a: Decidueye\n|-damage|p1a: Decidueye|0 fnt\n|faint|p1a: Decidueye\n|-damage|p2a: Altaria|143/275|[from] Recoil\n|\n|upkeep\n|inactive|davidlemon97 has 90 seconds left.\n|\n|t:|1733869018\n|switch|p1a: Beartic|Beartic, L91, M|321/321\n|turn|41\n|inactive|davidlemon97 has 90 seconds left.\n|\n|t:|1733869028\n|switch|p2a: Incineroar|Incineroar, L82, M|190/290 par\n|-ability|p2a: Incineroar|Intimidate|boost\n|-unboost|p1a: Beartic|atk|1\n|move|p1a: Beartic|Snowscape|p1a: Beartic\n|-weather|Snow\n|\n|-weather|Snow|[upkeep]\n|upkeep\n|turn|42\n|\n|t:|1733869037\n|switch|p2a: Amoonguss|Amoonguss, L82, F|249/321 par\n|-terastallize|p1a: Beartic|Ground\n|move|p1a: Beartic|Swords Dance|p1a: Beartic\n|-boost|p1a: Beartic|atk|2\n|\n|-weather|Snow|[upkeep]\n|upkeep\n|turn|43\n|\n|t:|1733869054\n|move|p1a: Beartic|Icicle Crash|p2a: Amoonguss\n|-supereffective|p2a: Amoonguss\n|-damage|p2a: Amoonguss|0 fnt\n|faint|p2a: Amoonguss\n|\n|-weather|Snow|[upkeep]\n|upkeep\n|inactive|calmalt has 120 seconds left.\n|\n|t:|1733869077\n|switch|p2a: Incineroar|Incineroar, L82, M|190/290 par\n|-ability|p2a: Incineroar|Intimidate|boost\n|-unboost|p1a: Beartic|atk|1\n|turn|44\n|inactive|calmalt has 120 seconds left.\n|\n|t:|1733869090\n|move|p1a: Beartic|Earthquake|p2a: Incineroar\n|-supereffective|p2a: Incineroar\n|-damage|p2a: Incineroar|0 fnt\n|faint|p2a: Incineroar\n|\n|-weather|Snow|[upkeep]\n|upkeep\n|inactive|calmalt has 120 seconds left.\n|\n|t:|1733869100\n|switch|p2a: Blastoise|Blastoise, L80, F|258/258\n|turn|45\n|\n|t:|1733869112\n|switch|p1a: Mesprit|Mesprit, L85|264/275\n|move|p2a: Blastoise|Shell Smash|p2a: Blastoise\n|-unboost|p2a: Blastoise|def|1\n|-unboost|p2a: Blastoise|spd|1\n|-boost|p2a: Blastoise|atk|2\n|-boost|p2a: Blastoise|spa|2\n|-boost|p2a: Blastoise|spe|2\n|-enditem|p2a: Blastoise|White Herb\n|-clearnegativeboost|p2a: Blastoise|[silent]\n|\n|-weather|none\n|-heal|p1a: Mesprit|275/275|[from] item: Leftovers\n|upkeep\n|turn|46\n|inactive|calmalt has 120 seconds left.\n|\n|t:|1733869141\n|-terastallize|p2a: Blastoise|Electric\n|move|p2a: Blastoise|Shell Smash|p2a: Blastoise\n|-unboost|p2a: Blastoise|def|1\n|-unboost|p2a: Blastoise|spd|1\n|-boost|p2a: Blastoise|atk|2\n|-boost|p2a: Blastoise|spa|2\n|-boost|p2a: Blastoise|spe|2\n|move|p1a: Mesprit|Thunder Wave|p2a: Blastoise\n|-immune|p2a: Blastoise\n|\n|upkeep\n|turn|47\n|inactive|calmalt has 120 seconds left.\n|n|!calmalt|calmalt\n|\n|t:|1733869157\n|move|p2a: Blastoise|Tera Blast|p1a: Mesprit|[anim] Tera Blast Electric\n|-damage|p1a: Mesprit|107/275\n|move|p1a: Mesprit|Psychic Noise|p2a: Blastoise\n|-damage|p2a: Blastoise|137/258\n|-start|p2a: Blastoise|move: Heal Block\n|\n|-heal|p1a: Mesprit|124/275|[from] item: Leftovers\n|upkeep\n|turn|48\n|\n|t:|1733869172\n|move|p2a: Blastoise|Tera Blast|p1a: Mesprit|[anim] Tera Blast Electric\n|-damage|p1a: Mesprit|0 fnt\n|faint|p1a: Mesprit\n|\n|-end|p2a: Blastoise|move: Heal Block\n|upkeep\n|inactive|davidlemon97 has 90 seconds left.\n|\n|t:|1733869190\n|switch|p1a: Rayquaza|Rayquaza, L72|270/270\n|-ability|p1a: Rayquaza|Air Lock\n|turn|49\n|inactive|davidlemon97 has 90 seconds left.\n|\n|t:|1733869197\n|move|p2a: Blastoise|Ice Beam|p1a: Rayquaza\n|-supereffective|p1a: Rayquaza\n|-damage|p1a: Rayquaza|0 fnt\n|faint|p1a: Rayquaza\n|\n|upkeep\n|inactive|davidlemon97 has 90 seconds left.\n|inactive|davidlemon97 has 60 seconds left.\n|inactive|davidlemon97 has 30 seconds left.\n|inactive|davidlemon97 has 20 seconds left.\n|inactive|davidlemon97 has 15 seconds left.\n|inactive|davidlemon97 has 10 seconds left.\n|inactive|davidlemon97 has 5 seconds left.\n|-message|davidlemon97 lost due to inactivity.\n|\n|win|calmalt\n", "inputlog": ">version bfd83cad13791eb5a5a409923076391caf6fb4d4\n>start {\"formatid\":\"gen9randombattle\",\"seed\":[45534,6270,29461,9073],\"rated\":\"Rated battle\"}\n>player p1 {\"name\":\"davidlemon97\",\"avatar\":\"265\",\"rating\":1991,\"seed\":[10155,45422,34738,56001]}\n>player p2 {\"name\":\"calmalt\",\"avatar\":\"2\",\"rating\":2025,\"seed\":[65274,6760,1153,12706]}\n>p1 switch 4\n>p2 move toxic\n>p1 move toxicspikes\n>p2 move spore\n>p1 move sludgebomb\n>p2 switch 5\n>p1 move rapidspin\n>p2 move substitute\n>p1 move rapidspin\n>p2 move whirlpool\n>p1 move sludgebomb\n>p2 move endeavor\n>p1 move sludgebomb\n>p2 switch 5\n>p1 move toxicspikes\n>p2 switch 4\n>p1 switch 3\n>p2 move stealthrock\n>p1 move thunderwave\n>p2 move teleport\n>p1 move knockoff\n>p2 move teleport\n>p2 switch 6\n>p1 move uturn\n>p2 move knockoff\n>p1 switch 5\n>p1 move nuzzle\n>p2 switch 4\n>p1 move superfang\n>p2 move sludgebomb\n>p1 switch 3\n>p1 move rapidspin\n>p2 switch 6\n>p1 move sludgebomb\n>p2 move recover\n>p1 move sludgebomb\n>p2 move psychicnoise\n>p1 move surf\n>p2 move recover\n>p1 move sludgebomb\n>p2 move psychicnoise\n>p1 move surf\n>p2 move recover\n>p1 move sludgebomb\n>p2 move recover\n>p1 move surf\n>p2 move recover\n>p1 move sludgebomb\n>p2 move recover\n>p1 move sludgebomb\n>p2 move recover\n>chat \u2606calmalt|wow...\n>p1 switch 5\n>p2 move recover\n>p1 move knockoff\n>p2 move stealthrock\n>p1 move psychicnoise\n>p2 switch 3\n>p1 move thunderwave\n>p2 move bravebird\n>p1 move knockoff\n>p2 switch 3\n>p1 move knockoff\n>p2 switch 5\n>p1 move psychicnoise\n>p2 move substitute\n>p2 switch 4\n>p1 move thunderwave\n>p2 move knockoff\n>chat \u2606calmalt|ya\n>p1 move uturn\n>p2 move knockoff\n>chat \u2606calmalt|this kidsa game\n>chat \u2606calmalt|kinda\n>p1 switch 5\n>p1 move rapidspin\n>p2 move knockoff\n>p1 switch 4\n>p1 move triplearrows\n>p2 switch 6\n>p1 move knockoff\n>p2 move toxic\n>p1 move triplearrows\n>p2 switch 3\n>p1 move knockoff\n>p2 move roost\n>p1 move knockoff\n>p2 move roost\n>p1 move triplearrows\n>p2 move bravebird\n>p1 switch 6\n>p1 move snowscape\n>p2 switch 6\n>p1 move swordsdance terastallize\n>p2 switch 3\n>p1 move iciclecrash\n>p2 move spore\n>p2 switch 3\n>p1 move earthquake\n>p2 move flareblitz\n>p2 switch 2\n>p1 switch 5\n>p2 move shellsmash\n>p1 move thunderwave\n>p2 move shellsmash terastallize\n>chat \u2606calmalt|fuck u \n>p1 move psychicnoise\n>p2 move terablast\n>p1 move psychicnoise\n>p2 move terablast\n>p1 switch 2\n>p1 move earthquake\n>p2 move icebeam\n>forcelose p1", "uploadtime": 1733869152, "views": 1, "formatid": "gen9randombattle", "rating": null, "private": 0, "password": null}