{"id": "gen9randombattle-2260345719", "format": "[Gen 9] Random Battle", "players": ["noware", "sweatshop worker#1"], "log": "|j|\u2606noware\n|j|\u2606sweatshop worker#1\n|t:|1733842353\n|gametype|singles\n|player|p1|noware|steven|1262\n|player|p2|sweatshop worker#1|preschooler|1210\n|teamsize|p1|6\n|teamsize|p2|6\n|gen|9\n|tier|[Gen 9] Random Battle\n|rated|\n|rule|Species Clause: Limit one of each Pok\u00e9mon\n|rule|HP Percentage Mod: HP is shown in percentages\n|rule|Sleep Clause Mod: Limit one foe put to sleep\n|rule|Illusion Level Mod: Illusion disguises the Pok\u00e9mon's true level\n|\n|t:|1733842353\n|start\n|switch|p1a: Kyogre|Kyogre, L71|259/259\n|switch|p2a: Ampharos|Ampharos, L88, M|302/302\n|-weather|RainDance|[from] ability: Drizzle|[of] p1a: Kyogre\n|turn|1\n|\n|t:|1733842366\n|switch|p1a: Brute Bonnet|Brute Bonnet, L81|312/312\n|move|p2a: Ampharos|Thunderbolt|p1a: Brute Bonnet\n|-resisted|p1a: Brute Bonnet\n|-damage|p1a: Brute Bonnet|251/312\n|\n|-weather|RainDance|[upkeep]\n|upkeep\n|turn|2\n|\n|t:|1733842374\n|move|p2a: Ampharos|Dazzling Gleam|p1a: Brute Bonnet\n|-supereffective|p1a: Brute Bonnet\n|-damage|p1a: Brute Bonnet|121/312\n|move|p1a: Brute Bonnet|Seed Bomb|p2a: Ampharos\n|-damage|p2a: Ampharos|161/302\n|\n|-weather|RainDance|[upkeep]\n|upkeep\n|turn|3\n|\n|t:|1733842412\n|move|p2a: Ampharos|Dazzling Gleam|p1a: Brute Bonnet\n|-supereffective|p1a: Brute Bonnet\n|-damage|p1a: Brute Bonnet|0 fnt\n|faint|p1a: Brute Bonnet\n|-end|p1a: Brute Bonnet|Protosynthesis|[silent]\n|\n|-weather|RainDance|[upkeep]\n|upkeep\n|\n|t:|1733842424\n|switch|p1a: Flutter Mane|Flutter Mane, L74|203/203\n|turn|4\n|\n|t:|1733842436\n|move|p1a: Flutter Mane|Moonblast|p2a: Ampharos\n|-damage|p2a: Ampharos|71/302\n|move|p2a: Ampharos|Volt Switch|p1a: Flutter Mane\n|-damage|p1a: Flutter Mane|133/203\n|\n|t:|1733842443\n|switch|p2a: Perrserker|Perrserker, L89, M|269/269|[from] Volt Switch\n|\n|-weather|RainDance|[upkeep]\n|upkeep\n|turn|5\n|\n|t:|1733842456\n|-end|p1a: Flutter Mane|Protosynthesis|[silent]\n|switch|p1a: Yanmega|Yanmega, L82, F|275/275\n|move|p2a: Perrserker|Stealth Rock|p1a: Yanmega\n|-sidestart|p1: noware|move: Stealth Rock\n|\n|-weather|none\n|upkeep\n|turn|6\n|\n|t:|1733842465\n|switch|p2a: Ampharos|Ampharos, L88, M|71/302\n|-terastallize|p1a: Yanmega|Ground\n|move|p1a: Yanmega|Tera Blast|p2a: Ampharos|[anim] Tera Blast Ground\n|-supereffective|p2a: Ampharos\n|-damage|p2a: Ampharos|0 fnt\n|faint|p2a: Ampharos\n|\n|-ability|p1a: Yanmega|Speed Boost|boost\n|-boost|p1a: Yanmega|spe|1\n|upkeep\n|\n|t:|1733842484\n|switch|p2a: Manaphy|Manaphy, L78|284/284\n|turn|7\n|\n|t:|1733842493\n|switch|p1a: Walking Wake|Walking Wake, L79|286/286\n|-damage|p1a: Walking Wake|251/286|[from] Stealth Rock\n|move|p2a: Manaphy|Tail Glow|p2a: Manaphy\n|-boost|p2a: Manaphy|spa|3\n|\n|upkeep\n|turn|8\n|\n|t:|1733842502\n|move|p1a: Walking Wake|Draco Meteor|p2a: Manaphy\n|-damage|p2a: Manaphy|52/284\n|-unboost|p1a: Walking Wake|spa|2\n|move|p2a: Manaphy|Ice Beam|p1a: Walking Wake\n|-damage|p1a: Walking Wake|107/286\n|\n|-heal|p2a: Manaphy|69/284|[from] item: Leftovers\n|upkeep\n|turn|9\n|\n|t:|1733842517\n|move|p1a: Walking Wake|Draco Meteor|p2a: Manaphy\n|-damage|p2a: Manaphy|0 fnt\n|-unboost|p1a: Walking Wake|spa|2\n|faint|p2a: Manaphy\n|\n|upkeep\n|\n|t:|1733842522\n|switch|p2a: Whimsicott|Whimsicott, L85, F|241/241\n|turn|10\n|\n|t:|1733842534\n|-end|p1a: Walking Wake|Protosynthesis|[silent]\n|switch|p1a: Weezing|Weezing, L88, F|258/258\n|-damage|p1a: Weezing|226/258|[from] Stealth Rock\n|move|p2a: Whimsicott|Substitute|p2a: Whimsicott\n|-start|p2a: Whimsicott|Substitute\n|-damage|p2a: Whimsicott|181/241\n|\n|-heal|p2a: Whimsicott|196/241|[from] item: Leftovers\n|-heal|p1a: Weezing|242/258|[from] item: Leftovers\n|upkeep\n|turn|11\n|\n|t:|1733842544\n|move|p2a: Whimsicott|Leech Seed|p1a: Weezing\n|-start|p1a: Weezing|move: Leech Seed\n|move|p1a: Weezing|Gunk Shot|p2a: Whimsicott\n|-supereffective|p2a: Whimsicott\n|-end|p2a: Whimsicott|Substitute\n|\n|-heal|p2a: Whimsicott|211/241|[from] item: Leftovers\n|-heal|p1a: Weezing|258/258|[from] item: Leftovers\n|-damage|p1a: Weezing|226/258|[from] Leech Seed|[of] p2a: Whimsicott\n|-heal|p2a: Whimsicott|241/241|[silent]\n|upkeep\n|turn|12\n|\n|t:|1733842555\n|move|p2a: Whimsicott|Substitute|p2a: Whimsicott\n|-start|p2a: Whimsicott|Substitute\n|-damage|p2a: Whimsicott|181/241\n|move|p1a: Weezing|Gunk Shot|p2a: Whimsicott\n|-supereffective|p2a: Whimsicott\n|-end|p2a: Whimsicott|Substitute\n|\n|-heal|p2a: Whimsicott|196/241|[from] item: Leftovers\n|-heal|p1a: Weezing|242/258|[from] item: Leftovers\n|-damage|p1a: Weezing|210/258|[from] Leech Seed|[of] p2a: Whimsicott\n|-heal|p2a: Whimsicott|228/241|[silent]\n|upkeep\n|turn|13\n|\n|t:|1733842565\n|switch|p1a: Yanmega|Yanmega, L82, F, tera:Ground|275/275\n|move|p2a: Whimsicott|Substitute|p2a: Whimsicott\n|-start|p2a: Whimsicott|Substitute\n|-damage|p2a: Whimsicott|168/241\n|\n|-heal|p2a: Whimsicott|183/241|[from] item: Leftovers\n|upkeep\n|turn|14\n|\n|t:|1733842573\n|move|p2a: Whimsicott|Leech Seed|p1a: Yanmega\n|-start|p1a: Yanmega|move: Leech Seed\n|move|p1a: Yanmega|Air Slash|p2a: Whimsicott\n|-supereffective|p2a: Whimsicott\n|-end|p2a: Whimsicott|Substitute\n|\n|-heal|p2a: Whimsicott|198/241|[from] item: Leftovers\n|-damage|p1a: Yanmega|241/275|[from] Leech Seed|[of] p2a: Whimsicott\n|-heal|p2a: Whimsicott|232/241|[silent]\n|-ability|p1a: Yanmega|Speed Boost|boost\n|-boost|p1a: Yanmega|spe|1\n|upkeep\n|turn|15\n|\n|t:|1733842583\n|move|p2a: Whimsicott|Substitute|p2a: Whimsicott\n|-start|p2a: Whimsicott|Substitute\n|-damage|p2a: Whimsicott|172/241\n|move|p1a: Yanmega|Air Slash|p2a: Whimsicott\n|-supereffective|p2a: Whimsicott\n|-end|p2a: Whimsicott|Substitute\n|\n|-heal|p2a: Whimsicott|187/241|[from] item: Leftovers\n|-damage|p1a: Yanmega|207/275|[from] Leech Seed|[of] p2a: Whimsicott\n|-heal|p2a: Whimsicott|221/241|[silent]\n|-ability|p1a: Yanmega|Speed Boost|boost\n|-boost|p1a: Yanmega|spe|1\n|upkeep\n|turn|16\n|\n|t:|1733842593\n|move|p2a: Whimsicott|Substitute|p2a: Whimsicott\n|-start|p2a: Whimsicott|Substitute\n|-damage|p2a: Whimsicott|161/241\n|move|p1a: Yanmega|Air Slash|p2a: Whimsicott\n|-supereffective|p2a: Whimsicott\n|-end|p2a: Whimsicott|Substitute\n|\n|-heal|p2a: Whimsicott|176/241|[from] item: Leftovers\n|-damage|p1a: Yanmega|173/275|[from] Leech Seed|[of] p2a: Whimsicott\n|-heal|p2a: Whimsicott|210/241|[silent]\n|-ability|p1a: Yanmega|Speed Boost|boost\n|-boost|p1a: Yanmega|spe|1\n|upkeep\n|turn|17\n|\n|t:|1733842604\n|switch|p1a: Weezing|Weezing, L88, F|210/258\n|-damage|p1a: Weezing|178/258|[from] Stealth Rock\n|switch|p2a: Dondozo|Dondozo, L78, M|362/362\n|\n|-heal|p1a: Weezing|194/258|[from] item: Leftovers\n|upkeep\n|turn|18\n|\n|t:|1733842616\n|move|p1a: Weezing|Will-O-Wisp|p2a: Dondozo\n|-status|p2a: Dondozo|brn\n|move|p2a: Dondozo|Curse|p2a: Dondozo\n|-unboost|p2a: Dondozo|spe|1\n|-boost|p2a: Dondozo|atk|1\n|-boost|p2a: Dondozo|def|1\n|\n|-heal|p1a: Weezing|210/258|[from] item: Leftovers\n|-damage|p2a: Dondozo|340/362 brn|[from] brn\n|upkeep\n|turn|19\n|inactive|Battle timer is ON: inactive players will automatically lose when time's up. (requested by sweatshop worker#1)\n|\n|t:|1733842634\n|move|p1a: Weezing|Gunk Shot|p2a: Dondozo\n|-damage|p2a: Dondozo|264/362 brn\n|move|p2a: Dondozo|Curse|p2a: Dondozo\n|-unboost|p2a: Dondozo|spe|1\n|-boost|p2a: Dondozo|atk|1\n|-boost|p2a: Dondozo|def|1\n|\n|-heal|p1a: Weezing|226/258|[from] item: Leftovers\n|-heal|p2a: Dondozo|286/362 brn|[from] item: Leftovers\n|-damage|p2a: Dondozo|264/362 brn|[from] brn\n|upkeep\n|turn|20\n|\n|t:|1733842644\n|switch|p1a: Kyogre|Kyogre, L71|259/259\n|-damage|p1a: Kyogre|227/259|[from] Stealth Rock\n|-weather|RainDance|[from] ability: Drizzle|[of] p1a: Kyogre\n|move|p2a: Dondozo|Curse|p2a: Dondozo\n|-unboost|p2a: Dondozo|spe|1\n|-boost|p2a: Dondozo|atk|1\n|-boost|p2a: Dondozo|def|1\n|\n|-weather|RainDance|[upkeep]\n|-heal|p2a: Dondozo|286/362 brn|[from] item: Leftovers\n|-damage|p2a: Dondozo|264/362 brn|[from] brn\n|upkeep\n|turn|21\n|\n|t:|1733842660\n|move|p1a: Kyogre|Thunder|p2a: Dondozo\n|-supereffective|p2a: Dondozo\n|-damage|p2a: Dondozo|50/362 brn\n|move|p2a: Dondozo|Rest|p2a: Dondozo\n|-status|p2a: Dondozo|slp|[from] move: Rest\n|-heal|p2a: Dondozo|362/362 slp|[silent]\n|\n|-weather|RainDance|[upkeep]\n|upkeep\n|turn|22\n|\n|t:|1733842669\n|move|p1a: Kyogre|Thunder|p2a: Dondozo\n|-supereffective|p2a: Dondozo\n|-damage|p2a: Dondozo|150/362 slp\n|cant|p2a: Dondozo|slp\n|move|p2a: Dondozo|Sleep Talk|p2a: Dondozo\n|move|p2a: Dondozo|Wave Crash|p1a: Kyogre|[from]move: Sleep Talk\n|-resisted|p1a: Kyogre\n|-damage|p1a: Kyogre|0 fnt\n|faint|p1a: Kyogre\n|-damage|p2a: Dondozo|75/362 slp|[from] Recoil\n|\n|-weather|RainDance|[upkeep]\n|-heal|p2a: Dondozo|97/362 slp|[from] item: Leftovers\n|upkeep\n|\n|t:|1733842681\n|switch|p1a: Flutter Mane|Flutter Mane, L74|133/203\n|-damage|p1a: Flutter Mane|108/203|[from] Stealth Rock\n|turn|23\n|\n|t:|1733842691\n|move|p1a: Flutter Mane|Thunderbolt|p2a: Dondozo\n|-supereffective|p2a: Dondozo\n|-damage|p2a: Dondozo|0 fnt\n|faint|p2a: Dondozo\n|\n|-weather|RainDance|[upkeep]\n|upkeep\n|\n|t:|1733842696\n|switch|p2a: Perrserker|Perrserker, L89, M|269/269\n|turn|24\n|\n|t:|1733842704\n|-end|p1a: Flutter Mane|Protosynthesis|[silent]\n|switch|p1a: Weezing|Weezing, L88, F|226/258\n|-damage|p1a: Weezing|194/258|[from] Stealth Rock\n|move|p2a: Perrserker|Iron Head|p1a: Weezing\n|-crit|p1a: Weezing\n|-damage|p1a: Weezing|0 fnt\n|faint|p1a: Weezing\n|-damage|p2a: Perrserker|243/269|[from] item: Life Orb\n|\n|-weather|none\n|upkeep\n|\n|t:|1733842710\n|switch|p1a: Yanmega|Yanmega, L82, F, tera:Ground|173/275\n|turn|25\n|\n|t:|1733842715\n|switch|p2a: Whimsicott|Whimsicott, L85, F|210/241\n|move|p1a: Yanmega|Tera Blast|p2a: Whimsicott|[anim] Tera Blast Ground\n|-resisted|p2a: Whimsicott\n|-damage|p2a: Whimsicott|159/241\n|\n|-heal|p2a: Whimsicott|174/241|[from] item: Leftovers\n|-ability|p1a: Yanmega|Speed Boost|boost\n|-boost|p1a: Yanmega|spe|1\n|upkeep\n|turn|26\n|\n|t:|1733842724\n|move|p2a: Whimsicott|Leech Seed|p1a: Yanmega\n|-start|p1a: Yanmega|move: Leech Seed\n|move|p1a: Yanmega|Air Slash|p2a: Whimsicott\n|-supereffective|p2a: Whimsicott\n|-damage|p2a: Whimsicott|0 fnt\n|faint|p2a: Whimsicott\n|\n|-ability|p1a: Yanmega|Speed Boost|boost\n|-boost|p1a: Yanmega|spe|1\n|upkeep\n|\n|t:|1733842741\n|switch|p2a: Toxicroak|Toxicroak, L84, F|277/277\n|turn|27\n|\n|t:|1733842747\n|-terastallize|p2a: Toxicroak|Dark\n|move|p1a: Yanmega|Tera Blast|p2a: Toxicroak|[anim] Tera Blast Ground\n|-damage|p2a: Toxicroak|168/277\n|move|p2a: Toxicroak|Knock Off|p1a: Yanmega\n|-crit|p1a: Yanmega\n|-damage|p1a: Yanmega|8/275\n|-enditem|p1a: Yanmega|Heavy-Duty Boots|[from] move: Knock Off|[of] p2a: Toxicroak\n|\n|-damage|p1a: Yanmega|0 fnt|[from] Leech Seed|[of] p2a: Toxicroak\n|-heal|p2a: Toxicroak|176/277|[silent]\n|faint|p1a: Yanmega\n|upkeep\n|\n|t:|1733842754\n|switch|p1a: Flutter Mane|Flutter Mane, L74|108/203\n|-damage|p1a: Flutter Mane|83/203|[from] Stealth Rock\n|turn|28\n|\n|t:|1733842763\n|move|p2a: Toxicroak|Knock Off|p1a: Flutter Mane\n|-damage|p1a: Flutter Mane|0 fnt\n|-enditem|p1a: Flutter Mane|Choice Specs|[from] move: Knock Off|[of] p2a: Toxicroak\n|faint|p1a: Flutter Mane\n|-end|p1a: Flutter Mane|Protosynthesis|[silent]\n|\n|upkeep\n|\n|t:|1733842766\n|switch|p1a: Walking Wake|Walking Wake, L79|107/286\n|-damage|p1a: Walking Wake|72/286|[from] Stealth Rock\n|turn|29\n|c|\u2606sweatshop worker#1|gg\n|\n|t:|1733842774\n|move|p2a: Toxicroak|Knock Off|p1a: Walking Wake\n|-damage|p1a: Walking Wake|0 fnt\n|-enditem|p1a: Walking Wake|Choice Specs|[from] move: Knock Off|[of] p2a: Toxicroak\n|faint|p1a: Walking Wake\n|-end|p1a: Walking Wake|Protosynthesis|[silent]\n|\n|win|sweatshop worker#1\n|raw|noware's rating: 1262 &rarr; <strong>1233</strong><br />(-29 for losing)\n|raw|sweatshop worker#1's rating: 1210 &rarr; <strong>1239</strong><br />(+29 for winning)\n|l|\u2606noware\n|player|p1|\n", "inputlog": ">version bfd83cad13791eb5a5a409923076391caf6fb4d4\n>start {\"formatid\":\"gen9randombattle\",\"seed\":[28283,43803,3245,26459],\"rated\":\"Rated battle\"}\n>player p1 {\"name\":\"noware\",\"avatar\":\"steven\",\"rating\":1262,\"seed\":[63885,4513,48265,8570]}\n>player p2 {\"name\":\"sweatshop worker#1\",\"avatar\":\"preschooler\",\"rating\":1210,\"seed\":[41341,32392,39011,17458]}\n>p1 switch 5\n>p2 move thunderbolt\n>p1 move seedbomb\n>p2 move dazzlinggleam\n>p1 move seedbomb\n>p2 move dazzlinggleam\n>p1 switch 2\n>p1 move moonblast\n>p2 move voltswitch\n>p2 switch 3\n>p1 switch 6\n>p2 move stealthrock\n>p1 move terablast terastallize\n>p2 switch 3\n>p2 switch 4\n>p1 switch 3\n>p2 move tailglow\n>p1 move dracometeor\n>p2 move icebeam\n>p1 move dracometeor\n>p2 move energyball\n>p2 switch 6\n>p1 switch 4\n>p2 move substitute\n>p1 move gunkshot\n>p2 move leechseed\n>p1 move gunkshot\n>p2 move substitute\n>p1 switch 3\n>p2 move substitute\n>p1 move airslash\n>p2 move leechseed\n>p1 move airslash\n>p2 move substitute\n>p1 move airslash\n>p2 move substitute\n>p1 switch 3\n>p2 switch 5\n>p1 move willowisp\n>p2 move curse\n>p1 move gunkshot\n>p2 move curse\n>p1 switch 5\n>p2 move curse\n>p1 move thunder\n>p2 move rest\n>p1 move thunder\n>p2 move sleeptalk\n>p1 switch 6\n>p1 move thunderbolt\n>p2 move sleeptalk\n>p2 switch 3\n>p1 switch 5\n>p2 move ironhead\n>p1 switch 3\n>p1 move terablast\n>p2 switch 5\n>p1 move airslash\n>p2 move leechseed\n>p2 switch 2\n>p1 move terablast\n>p2 move knockoff terastallize\n>p1 switch 5\n>p1 move moonblast\n>p2 move knockoff\n>p1 switch 4\n>chat \u2606sweatshop worker#1|gg\n>p1 move hydropump\n>p2 move knockoff", "uploadtime": 1733842779, "views": 1, "formatid": "gen9randombattle", "rating": 1233, "private": 0, "password": null}