{"id": "gen9randombattle-2260761291", "format": "[Gen 9] Random Battle", "players": ["Jex2.0", "apointlessbee"], "log": "|j|\u2606Jex2.0\n|j|\u2606apointlessbee\n|t:|1733888201\n|gametype|singles\n|player|p1|Jex2.0|hilbert-wonderlauncher|\n|player|p2|apointlessbee|n|\n|teamsize|p1|6\n|teamsize|p2|6\n|gen|9\n|tier|[Gen 9] Random Battle\n|rule|Species Clause: Limit one of each Pok\u00e9mon\n|rule|HP Percentage Mod: HP is shown in percentages\n|rule|Sleep Clause Mod: Limit one foe put to sleep\n|rule|Illusion Level Mod: Illusion disguises the Pok\u00e9mon's true level\n|\n|t:|1733888201\n|start\n|switch|p1a: Infernape|Infernape, L82, M|259/259\n|switch|p2a: Primarina|Primarina, L83, F|268/268\n|turn|1\n|inactive|Battle timer is ON: inactive players will automatically lose when time's up. (requested by Jex2.0)\n|\n|t:|1733888224\n|switch|p1a: Cacturne|Cacturne, L92, M|278/278\n|move|p2a: Primarina|Hydro Pump|p1a: Cacturne\n|-immune|p1a: Cacturne|[from] ability: Water Absorb\n|\n|upkeep\n|turn|2\n|\n|t:|1733888236\n|switch|p2a: Meowscarada|Meowscarada, L78, F|247/247\n|move|p1a: Cacturne|Knock Off|p2a: Meowscarada\n|-resisted|p2a: Meowscarada\n|-damage|p2a: Meowscarada|140/247\n|-enditem|p2a: Meowscarada|Life Orb|[from] move: Knock Off|[of] p1a: Cacturne\n|-damage|p1a: Cacturne|251/278|[from] item: Life Orb\n|\n|upkeep\n|turn|3\n|\n|t:|1733888251\n|switch|p1a: Infernape|Infernape, L82, M|259/259\n|move|p2a: Meowscarada|Triple Axel|p1a: Infernape\n|-start|p2a: Meowscarada|typechange|Ice|[from] ability: Protean\n|-resisted|p1a: Infernape\n|-damage|p1a: Infernape|247/259\n|-resisted|p1a: Infernape\n|-damage|p1a: Infernape|225/259\n|-resisted|p1a: Infernape\n|-damage|p1a: Infernape|186/259\n|-hitcount|p1a: Infernape|3\n|\n|upkeep\n|turn|4\n|\n|t:|1733888274\n|switch|p2a: Primarina|Primarina, L83, F|268/268\n|move|p1a: Infernape|Knock Off|p2a: Primarina\n|-resisted|p2a: Primarina\n|-damage|p2a: Primarina|212/268\n|-enditem|p2a: Primarina|Choice Specs|[from] move: Knock Off|[of] p1a: Infernape\n|\n|upkeep\n|turn|5\n|\n|t:|1733888284\n|switch|p1a: Cacturne|Cacturne, L92, M|251/278\n|move|p2a: Primarina|Moonblast|p1a: Cacturne\n|-supereffective|p1a: Cacturne\n|-damage|p1a: Cacturne|0 fnt\n|faint|p1a: Cacturne\n|\n|upkeep\n|\n|t:|1733888292\n|switch|p1a: Arbok|Arbok, L87, M|246/246\n|-ability|p1a: Arbok|Intimidate|boost\n|-unboost|p2a: Primarina|atk|1\n|turn|6\n|\n|t:|1733888306\n|-terastallize|p2a: Primarina|Water\n|move|p1a: Arbok|Coil|p1a: Arbok\n|-boost|p1a: Arbok|atk|1\n|-boost|p1a: Arbok|def|1\n|-boost|p1a: Arbok|accuracy|1\n|move|p2a: Primarina|Psychic|p1a: Arbok\n|-supereffective|p1a: Arbok\n|-damage|p1a: Arbok|82/246\n|\n|-heal|p1a: Arbok|97/246|[from] item: Leftovers\n|upkeep\n|turn|7\n|inactive|Jex2.0 has 270 seconds left.\n|\n|t:|1733888337\n|move|p1a: Arbok|Trailblaze|p2a: Primarina\n|-supereffective|p2a: Primarina\n|-damage|p2a: Primarina|92/268\n|-boost|p1a: Arbok|spe|1\n|move|p2a: Primarina|Psychic|p1a: Arbok\n|-supereffective|p1a: Arbok\n|-damage|p1a: Arbok|0 fnt\n|faint|p1a: Arbok\n|\n|upkeep\n|inactive|Jex2.0 has 270 seconds left.\n|\n|t:|1733888348\n|switch|p1a: Komala|Komala, L89, M|260/260\n|-ability|p1a: Komala|Comatose\n|turn|8\n|inactive|Jex2.0 has 270 seconds left.\n|\n|t:|1733888361\n|switch|p2a: Glastrier|Glastrier, L86|311/311\n|move|p1a: Komala|Body Slam|p2a: Glastrier\n|-damage|p2a: Glastrier|229/311\n|-status|p2a: Glastrier|par\n|\n|upkeep\n|turn|9\n|inactive|Jex2.0 has 270 seconds left.\n|\n|t:|1733888381\n|move|p1a: Komala|U-turn|p2a: Glastrier\n|-damage|p2a: Glastrier|179/311 par\n|\n|t:|1733888384\n|switch|p1a: Chandelure|Chandelure, L83, F|235/235|[from] U-turn\n|move|p2a: Glastrier|Close Combat|p1a: Chandelure\n|-immune|p1a: Chandelure\n|\n|upkeep\n|turn|10\n|\n|t:|1733888399\n|switch|p2a: Dipplin|Dipplin, L88, F|284/284\n|move|p1a: Chandelure|Calm Mind|p1a: Chandelure\n|-boost|p1a: Chandelure|spa|1\n|-boost|p1a: Chandelure|spd|1\n|\n|upkeep\n|turn|11\n|inactive|Jex2.0 has 270 seconds left.\n|\n|t:|1733888418\n|move|p1a: Chandelure|Fire Blast|p2a: Dipplin\n|-damage|p2a: Dipplin|133/284\n|move|p2a: Dipplin|Dragon Pulse|p1a: Chandelure\n|-damage|p1a: Chandelure|175/235\n|\n|upkeep\n|turn|12\n|\n|t:|1733888430\n|switch|p2a: Klawf|Klawf, L90, M|272/272\n|move|p1a: Chandelure|Fire Blast|p2a: Klawf\n|-resisted|p2a: Klawf\n|-damage|p2a: Klawf|112/272\n|-ability|p2a: Klawf|Anger Shell|boost\n|-boost|p2a: Klawf|atk|1\n|-boost|p2a: Klawf|spa|1\n|-boost|p2a: Klawf|spe|1\n|-unboost|p2a: Klawf|def|1\n|-unboost|p2a: Klawf|spd|1\n|\n|upkeep\n|turn|13\n|\n|t:|1733888442\n|move|p2a: Klawf|Knock Off|p1a: Chandelure\n|-supereffective|p1a: Chandelure\n|-damage|p1a: Chandelure|0 fnt\n|-enditem|p1a: Chandelure|Heavy-Duty Boots|[from] move: Knock Off|[of] p2a: Klawf\n|faint|p1a: Chandelure\n|\n|upkeep\n|\n|t:|1733888450\n|switch|p1a: Infernape|Infernape, L82, M|186/259\n|turn|14\n|\n|t:|1733888460\n|-terastallize|p1a: Infernape|Dark\n|move|p2a: Klawf|High Horsepower|p1a: Infernape|[miss]\n|-miss|p2a: Klawf|p1a: Infernape\n|move|p1a: Infernape|Close Combat|p2a: Klawf\n|-supereffective|p2a: Klawf\n|-damage|p2a: Klawf|0 fnt\n|-unboost|p1a: Infernape|def|1\n|-unboost|p1a: Infernape|spd|1\n|faint|p2a: Klawf\n|\n|upkeep\n|\n|t:|1733888478\n|switch|p2a: Meowscarada|Meowscarada, L78, F|140/247\n|turn|15\n|\n|t:|1733888487\n|move|p2a: Meowscarada|Triple Axel|p1a: Infernape\n|-start|p2a: Meowscarada|typechange|Ice|[from] ability: Protean\n|-damage|p1a: Infernape|150/259\n|-damage|p1a: Infernape|78/259\n|-damage|p1a: Infernape|0 fnt\n|faint|p1a: Infernape\n|-hitcount|p1: Infernape|3\n|\n|upkeep\n|\n|t:|1733888497\n|switch|p1a: Golurk|Golurk, L87|297/297\n|turn|16\n|\n|t:|1733888507\n|move|p2a: Meowscarada|Triple Axel|p1a: Golurk\n|-supereffective|p1a: Golurk\n|-damage|p1a: Golurk|255/297\n|-supereffective|p1a: Golurk\n|-damage|p1a: Golurk|169/297\n|-supereffective|p1a: Golurk\n|-damage|p1a: Golurk|35/297\n|-hitcount|p1a: Golurk|3\n|move|p1a: Golurk|Earthquake|p2a: Meowscarada\n|-damage|p2a: Meowscarada|0 fnt\n|faint|p2a: Meowscarada\n|-damage|p1a: Golurk|6/297|[from] item: Life Orb\n|\n|upkeep\n|\n|t:|1733888526\n|switch|p2a: Primarina|Primarina, L83, F, tera:Water|92/268\n|turn|17\n|\n|t:|1733888532\n|move|p2a: Primarina|Moonblast|p1a: Golurk\n|-damage|p1a: Golurk|0 fnt\n|faint|p1a: Golurk\n|\n|upkeep\n|\n|t:|1733888538\n|switch|p1a: Komala|Komala, L89, M|260/260\n|-ability|p1a: Komala|Comatose\n|turn|18\n|\n|t:|1733888545\n|move|p1a: Komala|Body Slam|p2a: Primarina\n|-damage|p2a: Primarina|0 fnt\n|faint|p2a: Primarina\n|\n|upkeep\n|\n|t:|1733888551\n|switch|p2a: Glastrier|Glastrier, L86|179/311 par\n|turn|19\n|\n|t:|1733888558\n|move|p1a: Komala|Knock Off|p2a: Glastrier\n|-damage|p2a: Glastrier|113/311 par\n|-enditem|p2a: Glastrier|Choice Band|[from] move: Knock Off|[of] p1a: Komala\n|move|p2a: Glastrier|Close Combat|p1a: Komala\n|-supereffective|p1a: Komala\n|-damage|p1a: Komala|0 fnt\n|-unboost|p2a: Glastrier|def|1\n|-unboost|p2a: Glastrier|spd|1\n|faint|p1a: Komala\n|\n|win|apointlessbee\n", "inputlog": ">version bfd83cad13791eb5a5a409923076391caf6fb4d4\n>start {\"formatid\":\"gen9randombattle\",\"seed\":[21169,41698,49083,1882]}\n>player p1 {\"name\":\"Jex2.0\",\"avatar\":\"hilbert-wonderlauncher\",\"rating\":0,\"seed\":[19206,13560,28564,8945]}\n>player p2 {\"name\":\"apointlessbee\",\"avatar\":\"n\",\"rating\":0,\"seed\":[8556,64056,47489,56136]}\n>p1 switch 5\n>p2 move hydropump\n>p1 move knockoff\n>p2 switch 3\n>p1 switch 5\n>p2 move tripleaxel\n>p1 move knockoff\n>p2 switch 3\n>p1 switch 5\n>p2 move moonblast\n>p1 switch 6\n>p1 move coil\n>p2 move psychic terastallize\n>p1 move trailblaze\n>p2 move psychic\n>p1 switch 4\n>p1 move bodyslam\n>p2 switch 4\n>p1 move uturn\n>p2 move closecombat\n>p1 switch 2\n>p1 move calmmind\n>p2 switch 5\n>p1 move fireblast\n>p2 move dragonpulse\n>p1 move fireblast\n>p2 switch 2\n>p1 move fireblast\n>p2 move knockoff\n>p1 switch 5\n>p1 move closecombat terastallize\n>p2 move highhorsepower\n>p2 switch 3\n>p1 move closecombat\n>p2 move tripleaxel\n>p1 switch 3\n>p1 move earthquake\n>p2 move tripleaxel\n>p2 switch 4\n>p1 move stoneedge\n>p2 move moonblast\n>p1 switch 2\n>p1 move bodyslam\n>p2 move flipturn\n>p2 switch 5\n>p1 move knockoff\n>p2 move closecombat", "uploadtime": 1733888570, "views": 10, "formatid": "gen9randombattle", "rating": null, "private": 0, "password": null}