{"id": "gen9randombattle-2260701935", "format": "[Gen 9] Random Battle", "players": ["victormu13", "Sacred Quill"], "log": "|j|\u2606victormu13\n|j|\u203dSacred Quill\n|t:|1733880349\n|gametype|singles\n|player|p1|victormu13|ninjaboy|1474\n|player|p2|Sacred Quill|clerk|1514\n|teamsize|p1|6\n|teamsize|p2|6\n|gen|9\n|tier|[Gen 9] Random Battle\n|rated|\n|rule|Species Clause: Limit one of each Pok\u00e9mon\n|rule|HP Percentage Mod: HP is shown in percentages\n|rule|Sleep Clause Mod: Limit one foe put to sleep\n|rule|Illusion Level Mod: Illusion disguises the Pok\u00e9mon's true level\n|\n|t:|1733880349\n|start\n|switch|p1a: Crawdaunt|Crawdaunt, L84, M|243/243\n|switch|p2a: Jolteon|Jolteon, L84, F|246/246\n|turn|1\n|\n|t:|1733880360\n|switch|p1a: Camerupt|Camerupt, L91, F|275/275\n|move|p2a: Jolteon|Thunderbolt|p1a: Camerupt\n|-immune|p1a: Camerupt\n|\n|upkeep\n|turn|2\n|\n|t:|1733880365\n|switch|p2a: Cramorant|Cramorant, L86, F|261/261\n|move|p1a: Camerupt|Stealth Rock|p2a: Cramorant\n|-sidestart|p2: Sacred Quill|move: Stealth Rock\n|\n|upkeep\n|turn|3\n|\n|t:|1733880374\n|switch|p1a: Pecharunt|Pecharunt, L77|262/262\n|move|p2a: Cramorant|Defog|p1a: Pecharunt\n|-unboost|p1a: Pecharunt|evasion|1\n|-sideend|p2: Sacred Quill|Stealth Rock|[from] move: Defog|[of] p2a: Cramorant\n|\n|upkeep\n|turn|4\n|\n|t:|1733880385\n|move|p2a: Cramorant|Surf|p1a: Pecharunt\n|-formechange|p2a: Cramorant|Cramorant-Gulping|\n|-damage|p1a: Pecharunt|166/262\n|move|p1a: Pecharunt|Malignant Chain|p2a: Cramorant\n|-damage|p2a: Cramorant|188/261\n|-damage|p1a: Pecharunt|101/262|[from] ability: Gulp Missile|[of] p2a: Cramorant\n|-unboost|p1a: Pecharunt|def|1\n|-formechange|p2a: Cramorant|Cramorant|\n|\n|-heal|p1a: Pecharunt|117/262|[from] item: Leftovers\n|upkeep\n|turn|5\n|\n|t:|1733880400\n|move|p2a: Cramorant|Brave Bird|p1a: Pecharunt\n|-damage|p1a: Pecharunt|0 fnt\n|faint|p1a: Pecharunt\n|-damage|p2a: Cramorant|149/261|[from] Recoil\n|\n|upkeep\n|\n|t:|1733880407\n|switch|p1a: Crawdaunt|Crawdaunt, L84, M|243/243\n|turn|6\n|\n|t:|1733880419\n|move|p2a: Cramorant|Roost|p2a: Cramorant\n|-heal|p2a: Cramorant|261/261\n|-singleturn|p2a: Cramorant|move: Roost\n|move|p1a: Crawdaunt|Dragon Dance|p1a: Crawdaunt\n|-boost|p1a: Crawdaunt|atk|1\n|-boost|p1a: Crawdaunt|spe|1\n|\n|upkeep\n|turn|7\n|\n|t:|1733880427\n|move|p1a: Crawdaunt|Dragon Dance|p1a: Crawdaunt\n|-boost|p1a: Crawdaunt|atk|1\n|-boost|p1a: Crawdaunt|spe|1\n|move|p2a: Cramorant|Brave Bird|p1a: Crawdaunt\n|-damage|p1a: Crawdaunt|123/243\n|-damage|p2a: Cramorant|221/261|[from] Recoil\n|\n|upkeep\n|turn|8\n|\n|t:|1733880433\n|move|p1a: Crawdaunt|Knock Off|p2a: Cramorant\n|-damage|p2a: Cramorant|0 fnt\n|-enditem|p2a: Cramorant|Heavy-Duty Boots|[from] move: Knock Off|[of] p1a: Crawdaunt\n|faint|p2a: Cramorant\n|-damage|p1a: Crawdaunt|99/243|[from] item: Life Orb\n|\n|upkeep\n|\n|t:|1733880442\n|switch|p2a: Carbink|Carbink, L90|236/236\n|turn|9\n|\n|t:|1733880447\n|-terastallize|p2a: Carbink|Fighting\n|move|p1a: Crawdaunt|Crabhammer|p2a: Carbink\n|-ability|p2a: Carbink|Sturdy\n|-damage|p2a: Carbink|1/236\n|-damage|p1a: Crawdaunt|75/243|[from] item: Life Orb\n|move|p2a: Carbink|Body Press|p1a: Crawdaunt\n|-supereffective|p1a: Crawdaunt\n|-damage|p1a: Crawdaunt|0 fnt\n|faint|p1a: Crawdaunt\n|\n|-heal|p2a: Carbink|15/236|[from] item: Leftovers\n|upkeep\n|\n|t:|1733880459\n|switch|p1a: Camerupt|Camerupt, L91, F|275/275\n|turn|10\n|\n|t:|1733880466\n|move|p2a: Carbink|Body Press|p1a: Camerupt\n|-damage|p1a: Camerupt|121/275\n|move|p1a: Camerupt|Stealth Rock|p2a: Carbink\n|-sidestart|p2: Sacred Quill|move: Stealth Rock\n|\n|-heal|p2a: Carbink|29/236|[from] item: Leftovers\n|-heal|p1a: Camerupt|138/275|[from] item: Leftovers\n|upkeep\n|turn|11\n|\n|t:|1733880473\n|move|p2a: Carbink|Body Press|p1a: Camerupt\n|-damage|p1a: Camerupt|0 fnt\n|faint|p1a: Camerupt\n|\n|-heal|p2a: Carbink|43/236|[from] item: Leftovers\n|upkeep\n|\n|t:|1733880477\n|switch|p1a: Whimsicott|Whimsicott, L85, F|241/241\n|turn|12\n|\n|t:|1733880485\n|move|p1a: Whimsicott|Moonblast|p2a: Carbink\n|-supereffective|p2a: Carbink\n|-damage|p2a: Carbink|0 fnt\n|faint|p2a: Carbink\n|\n|upkeep\n|\n|t:|1733880494\n|switch|p2a: Tinkaton|Tinkaton, L82, F|274/274\n|-damage|p2a: Tinkaton|257/274|[from] Stealth Rock\n|-ability|p2a: Tinkaton|Mold Breaker\n|turn|13\n|\n|t:|1733880500\n|move|p1a: Whimsicott|Substitute|p1a: Whimsicott\n|-start|p1a: Whimsicott|Substitute\n|-damage|p1a: Whimsicott|181/241\n|move|p2a: Tinkaton|Gigaton Hammer|p1a: Whimsicott\n|-supereffective|p1a: Whimsicott\n|-end|p1a: Whimsicott|Substitute\n|-damage|p2a: Tinkaton|230/274|[from] item: Life Orb\n|\n|-heal|p1a: Whimsicott|196/241|[from] item: Leftovers\n|upkeep\n|turn|14\n|\n|t:|1733880509\n|switch|p2a: Golurk|Golurk, L87|297/297\n|-damage|p2a: Golurk|279/297|[from] Stealth Rock\n|move|p1a: Whimsicott|Leech Seed|p2a: Golurk\n|-start|p2a: Golurk|move: Leech Seed\n|\n|-heal|p1a: Whimsicott|211/241|[from] item: Leftovers\n|-damage|p2a: Golurk|242/297|[from] Leech Seed|[of] p1a: Whimsicott\n|-heal|p1a: Whimsicott|241/241|[silent]\n|upkeep\n|turn|15\n|\n|t:|1733880517\n|switch|p2a: Tinkaton|Tinkaton, L82, F|230/274\n|-damage|p2a: Tinkaton|213/274|[from] Stealth Rock\n|-ability|p2a: Tinkaton|Mold Breaker\n|move|p1a: Whimsicott|Substitute|p1a: Whimsicott\n|-start|p1a: Whimsicott|Substitute\n|-damage|p1a: Whimsicott|181/241\n|\n|-heal|p1a: Whimsicott|196/241|[from] item: Leftovers\n|upkeep\n|turn|16\n|\n|t:|1733880522\n|move|p1a: Whimsicott|Leech Seed|p2a: Tinkaton\n|-start|p2a: Tinkaton|move: Leech Seed\n|move|p2a: Tinkaton|Play Rough|p1a: Whimsicott\n|-end|p1a: Whimsicott|Substitute\n|-damage|p2a: Tinkaton|186/274|[from] item: Life Orb\n|\n|-heal|p1a: Whimsicott|211/241|[from] item: Leftovers\n|-damage|p2a: Tinkaton|152/274|[from] Leech Seed|[of] p1a: Whimsicott\n|-heal|p1a: Whimsicott|241/241|[silent]\n|upkeep\n|turn|17\n|\n|t:|1733880531\n|switch|p2a: Golurk|Golurk, L87|242/297\n|-damage|p2a: Golurk|224/297|[from] Stealth Rock\n|move|p1a: Whimsicott|Substitute|p1a: Whimsicott\n|-start|p1a: Whimsicott|Substitute\n|-damage|p1a: Whimsicott|181/241\n|\n|-heal|p1a: Whimsicott|196/241|[from] item: Leftovers\n|upkeep\n|turn|18\n|\n|t:|1733880541\n|move|p1a: Whimsicott|Leech Seed|p2a: Golurk\n|-start|p2a: Golurk|move: Leech Seed\n|move|p2a: Golurk|Stealth Rock|p1a: Whimsicott\n|-sidestart|p1: victormu13|move: Stealth Rock\n|\n|-heal|p1a: Whimsicott|211/241|[from] item: Leftovers\n|-damage|p2a: Golurk|187/297|[from] Leech Seed|[of] p1a: Whimsicott\n|-heal|p1a: Whimsicott|241/241|[silent]\n|upkeep\n|turn|19\n|\n|t:|1733880547\n|move|p1a: Whimsicott|Moonblast|p2a: Golurk\n|-damage|p2a: Golurk|91/297\n|move|p2a: Golurk|Poltergeist|p1a: Whimsicott\n|-activate|p1a: Whimsicott|move: Poltergeist|Leftovers\n|-end|p1a: Whimsicott|Substitute\n|-damage|p2a: Golurk|62/297|[from] item: Life Orb\n|\n|-damage|p2a: Golurk|25/297|[from] Leech Seed|[of] p1a: Whimsicott\n|upkeep\n|turn|20\n|\n|t:|1733880556\n|move|p1a: Whimsicott|Substitute|p1a: Whimsicott\n|-start|p1a: Whimsicott|Substitute\n|-damage|p1a: Whimsicott|181/241\n|move|p2a: Golurk|Poltergeist|p1a: Whimsicott\n|-activate|p1a: Whimsicott|move: Poltergeist|Leftovers\n|-end|p1a: Whimsicott|Substitute\n|-damage|p2a: Golurk|0 fnt|[from] item: Life Orb\n|faint|p2a: Golurk\n|\n|-heal|p1a: Whimsicott|196/241|[from] item: Leftovers\n|upkeep\n|\n|t:|1733880560\n|switch|p2a: Tinkaton|Tinkaton, L82, F|152/274\n|-damage|p2a: Tinkaton|135/274|[from] Stealth Rock\n|-ability|p2a: Tinkaton|Mold Breaker\n|turn|21\n|\n|t:|1733880565\n|move|p1a: Whimsicott|Substitute|p1a: Whimsicott\n|-start|p1a: Whimsicott|Substitute\n|-damage|p1a: Whimsicott|136/241\n|move|p2a: Tinkaton|Play Rough|p1a: Whimsicott\n|-end|p1a: Whimsicott|Substitute\n|-damage|p2a: Tinkaton|108/274|[from] item: Life Orb\n|\n|-heal|p1a: Whimsicott|151/241|[from] item: Leftovers\n|upkeep\n|turn|22\n|\n|t:|1733880574\n|-terastallize|p1a: Whimsicott|Steel\n|move|p1a: Whimsicott|Leech Seed|p2a: Tinkaton\n|-start|p2a: Tinkaton|move: Leech Seed\n|move|p2a: Tinkaton|Play Rough|p1a: Whimsicott\n|-resisted|p1a: Whimsicott\n|-damage|p1a: Whimsicott|100/241\n|-damage|p2a: Tinkaton|81/274|[from] item: Life Orb\n|\n|-heal|p1a: Whimsicott|115/241|[from] item: Leftovers\n|-damage|p2a: Tinkaton|47/274|[from] Leech Seed|[of] p1a: Whimsicott\n|-heal|p1a: Whimsicott|149/241|[silent]\n|upkeep\n|turn|23\n|\n|t:|1733880584\n|move|p1a: Whimsicott|Moonblast|p2a: Tinkaton\n|-resisted|p2a: Tinkaton\n|-damage|p2a: Tinkaton|11/274\n|-unboost|p2a: Tinkaton|spa|1\n|move|p2a: Tinkaton|Knock Off|p1a: Whimsicott\n|-damage|p1a: Whimsicott|79/241\n|-enditem|p1a: Whimsicott|Leftovers|[from] move: Knock Off|[of] p2a: Tinkaton\n|-damage|p2a: Tinkaton|0 fnt|[from] item: Life Orb\n|faint|p2a: Tinkaton\n|\n|upkeep\n|\n|t:|1733880592\n|switch|p2a: Jolteon|Jolteon, L84, F|246/246\n|-damage|p2a: Jolteon|216/246|[from] Stealth Rock\n|turn|24\n|\n|t:|1733880602\n|move|p1a: Whimsicott|Leech Seed|p2a: Jolteon\n|-start|p2a: Jolteon|move: Leech Seed\n|move|p2a: Jolteon|Thunderbolt|p1a: Whimsicott\n|-crit|p1a: Whimsicott\n|-damage|p1a: Whimsicott|0 fnt\n|faint|p1a: Whimsicott\n|\n|upkeep\n|\n|t:|1733880607\n|switch|p1a: Koraidon|Koraidon, L64|235/235\n|-damage|p1a: Koraidon|221/235|[from] Stealth Rock\n|-weather|SunnyDay|[from] ability: Orichalcum Pulse|[of] p1a: Koraidon\n|-activate|p1a: Koraidon|Orichalcum Pulse|[source]\n|turn|25\n|\n|t:|1733880614\n|switch|p2a: Veluza|Veluza, L85, M|292/292\n|-damage|p2a: Veluza|256/292|[from] Stealth Rock\n|move|p1a: Koraidon|Flare Blitz|p2a: Veluza\n|-resisted|p2a: Veluza\n|-damage|p2a: Veluza|136/292\n|-damage|p1a: Koraidon|181/235|[from] Recoil\n|\n|-weather|SunnyDay|[upkeep]\n|upkeep\n|turn|26\n|\n|t:|1733880619\n|move|p1a: Koraidon|Flare Blitz|p2a: Veluza\n|-resisted|p2a: Veluza\n|-damage|p2a: Veluza|28/292\n|-damage|p1a: Koraidon|145/235|[from] Recoil\n|move|p2a: Veluza|Psycho Cut|p1a: Koraidon\n|-supereffective|p1a: Koraidon\n|-damage|p1a: Koraidon|0 fnt\n|faint|p1a: Koraidon\n|\n|-weather|SunnyDay|[upkeep]\n|upkeep\n|\n|t:|1733880625\n|switch|p1a: Crabominable|Crabominable, L90, F|321/321\n|-damage|p1a: Crabominable|281/321|[from] Stealth Rock\n|turn|27\n|\n|t:|1733880630\n|move|p2a: Veluza|Psycho Cut|p1a: Crabominable\n|-supereffective|p1a: Crabominable\n|-damage|p1a: Crabominable|0 fnt\n|faint|p1a: Crabominable\n|\n|win|Sacred Quill\n|raw|victormu13's rating: 1474 &rarr; <strong>1456</strong><br />(-18 for losing)\n|raw|Sacred Quill's rating: 1514 &rarr; <strong>1532</strong><br />(+18 for winning)\n|l|\u2606victormu13\n|player|p1|\n", "inputlog": ">version bfd83cad13791eb5a5a409923076391caf6fb4d4\n>start {\"formatid\":\"gen9randombattle\",\"seed\":[4419,442,8188,49372],\"rated\":\"Rated battle\"}\n>player p1 {\"name\":\"victormu13\",\"avatar\":\"ninjaboy\",\"rating\":1474,\"seed\":[10872,27290,9484,16058]}\n>player p2 {\"name\":\"Sacred Quill\",\"avatar\":\"clerk\",\"rating\":1514,\"seed\":[39150,55183,44903,3807]}\n>p1 switch 5\n>p2 move thunderbolt\n>p1 move stealthrock\n>p2 switch 3\n>p1 switch 2\n>p2 move defog\n>p1 move malignantchain\n>p2 move surf\n>p1 move recover\n>p2 move bravebird\n>p1 switch 5\n>p1 move dragondance\n>p2 move roost\n>p1 move dragondance\n>p2 move bravebird\n>p1 move knockoff\n>p2 move bravebird\n>p2 switch 4\n>p1 move crabhammer\n>p2 move bodypress terastallize\n>p1 switch 2\n>p1 move stealthrock\n>p2 move bodypress\n>p1 move earthquake\n>p2 move bodypress\n>p1 switch 4\n>p1 move moonblast\n>p2 move moonblast\n>p2 switch 5\n>p1 move substitute\n>p2 move gigatonhammer\n>p1 move leechseed\n>p2 switch 2\n>p1 move substitute\n>p2 switch 2\n>p1 move leechseed\n>p2 move playrough\n>p1 move substitute\n>p2 switch 2\n>p1 move leechseed\n>p2 move stealthrock\n>p1 move moonblast\n>p2 move poltergeist\n>p1 move substitute\n>p2 move poltergeist\n>p2 switch 2\n>p1 move substitute\n>p2 move playrough\n>p1 move leechseed terastallize\n>p2 move playrough\n>p1 move moonblast\n>p2 move knockoff\n>p2 switch 3\n>p1 move leechseed\n>p2 move thunderbolt\n>p1 switch 3\n>p1 move flareblitz\n>p2 switch 6\n>p1 move flareblitz\n>p2 move psychocut\n>p1 switch 6\n>p1 move drainpunch\n>p2 move psychocut", "uploadtime": 1733880634, "views": 1, "formatid": "gen9randombattle", "rating": 1456, "private": 0, "password": null}