{"id": "gen9randombattle-2260833054", "format": "[Gen 9] Random Battle", "players": ["FantasyWind", "christiansraw"], "log": "|j|\u203dFantasyWind\n|j|\u2606christiansraw\n|t:|1733900519\n|gametype|singles\n|player|p1|FantasyWind|hilda|1484\n|player|p2|christiansraw|266|1464\n|teamsize|p1|6\n|teamsize|p2|6\n|gen|9\n|tier|[Gen 9] Random Battle\n|rated|\n|rule|Species Clause: Limit one of each Pok\u00e9mon\n|rule|HP Percentage Mod: HP is shown in percentages\n|rule|Sleep Clause Mod: Limit one foe put to sleep\n|rule|Illusion Level Mod: Illusion disguises the Pok\u00e9mon's true level\n|\n|t:|1733900519\n|start\n|switch|p1a: Pawmot|Pawmot, L80, F|243/243\n|switch|p2a: Gyarados|Gyarados, L79, F|280/280\n|turn|1\n|inactive|Battle timer is ON: inactive players will automatically lose when time's up. (requested by FantasyWind)\n|\n|t:|1733900541\n|switch|p2a: Swalot|Swalot, L90, F|326/326\n|move|p1a: Pawmot|Double Shock|p2a: Swalot\n|-damage|p2a: Swalot|157/326\n|-start|p1a: Pawmot|typechange|???/Fighting|[from] move: Double Shock\n|-damage|p1a: Pawmot|219/243|[from] item: Life Orb\n|\n|upkeep\n|turn|2\n|\n|t:|1733900555\n|-terastallize|p1a: Pawmot|Electric\n|move|p1a: Pawmot|Double Shock|p2a: Swalot\n|-damage|p2a: Swalot|0 fnt\n|-start|p1a: Pawmot|typechange|Electric|[from] move: Double Shock\n|faint|p2a: Swalot\n|-damage|p1a: Pawmot|195/243|[from] item: Life Orb\n|\n|upkeep\n|inactive|christiansraw has 120 seconds left.\n|\n|t:|1733900601\n|switch|p2a: Dunsparce|Dunsparce, L86, F|312/312\n|turn|3\n|\n|t:|1733900606\n|move|p1a: Pawmot|Double Shock|p2a: Dunsparce\n|-damage|p2a: Dunsparce|172/312\n|-start|p1a: Pawmot|typechange|Electric|[from] move: Double Shock\n|-damage|p1a: Pawmot|171/243|[from] item: Life Orb\n|move|p2a: Dunsparce|Earthquake|p1a: Pawmot\n|-supereffective|p1a: Pawmot\n|-damage|p1a: Pawmot|21/243\n|\n|upkeep\n|turn|4\n|\n|t:|1733900614\n|move|p1a: Pawmot|Close Combat|p2a: Dunsparce\n|-supereffective|p2a: Dunsparce\n|-damage|p2a: Dunsparce|0 fnt\n|-unboost|p1a: Pawmot|def|1\n|-unboost|p1a: Pawmot|spd|1\n|faint|p2a: Dunsparce\n|-damage|p1a: Pawmot|0 fnt|[from] item: Life Orb\n|faint|p1a: Pawmot\n|\n|upkeep\n|inactive|christiansraw has 120 seconds left.\n|\n|t:|1733900626\n|switch|p1a: Kingdra|Kingdra, L84, M|263/263\n|switch|p2a: Espathra|Espathra, L80, M|283/283\n|turn|5\n|\n|t:|1733900633\n|move|p2a: Espathra|Dazzling Gleam|p1a: Kingdra\n|-supereffective|p1a: Kingdra\n|-damage|p1a: Kingdra|119/263\n|move|p1a: Kingdra|Dragon Dance|p1a: Kingdra\n|-boost|p1a: Kingdra|atk|1\n|-boost|p1a: Kingdra|spe|1\n|\n|-ability|p2a: Espathra|Speed Boost|boost\n|-boost|p2a: Espathra|spe|1\n|upkeep\n|turn|6\n|\n|t:|1733900647\n|move|p2a: Espathra|Dazzling Gleam|p1a: Kingdra\n|-supereffective|p1a: Kingdra\n|-damage|p1a: Kingdra|0 fnt\n|faint|p1a: Kingdra\n|\n|-ability|p2a: Espathra|Speed Boost|boost\n|-boost|p2a: Espathra|spe|1\n|upkeep\n|\n|t:|1733900652\n|switch|p1a: Toedscruel|Toedscruel, L87, F|281/281\n|turn|7\n|\n|t:|1733900656\n|move|p2a: Espathra|Dazzling Gleam|p1a: Toedscruel\n|-crit|p1a: Toedscruel\n|-damage|p1a: Toedscruel|186/281\n|move|p1a: Toedscruel|Spore|p2a: Espathra\n|-status|p2a: Espathra|slp|[from] move: Spore\n|\n|-heal|p1a: Toedscruel|203/281|[from] item: Leftovers\n|-ability|p2a: Espathra|Speed Boost|boost\n|-boost|p2a: Espathra|spe|1\n|upkeep\n|turn|8\n|\n|t:|1733900663\n|switch|p2a: Gyarados|Gyarados, L79, F|280/280\n|switch|p1a: Cloyster|Cloyster, L80, M|211/211\n|\n|upkeep\n|turn|9\n|\n|t:|1733900680\n|switch|p2a: Cyclizar|Cyclizar, L83, F|252/252\n|move|p1a: Cloyster|Shell Smash|p1a: Cloyster\n|-unboost|p1a: Cloyster|def|1\n|-unboost|p1a: Cloyster|spd|1\n|-boost|p1a: Cloyster|atk|2\n|-boost|p1a: Cloyster|spa|2\n|-boost|p1a: Cloyster|spe|2\n|-enditem|p1a: Cloyster|White Herb\n|-clearnegativeboost|p1a: Cloyster|[silent]\n|\n|upkeep\n|turn|10\n|\n|t:|1733900692\n|-terastallize|p2a: Cyclizar|Fairy\n|move|p1a: Cloyster|Icicle Spear|p2a: Cyclizar\n|-damage|p2a: Cyclizar|188/252\n|-damage|p2a: Cyclizar|127/252\n|-damage|p2a: Cyclizar|69/252\n|-damage|p2a: Cyclizar|12/252\n|-damage|p2a: Cyclizar|0 fnt\n|faint|p2a: Cyclizar\n|-hitcount|p2: Cyclizar|5\n|\n|upkeep\n|-message|christiansraw forfeited.\n|\n|win|FantasyWind\n|raw|FantasyWind's rating: 1484 &rarr; <strong>1503</strong><br />(+19 for winning)\n|raw|christiansraw's rating: 1464 &rarr; <strong>1445</strong><br />(-19 for losing)\n|l|\u2606christiansraw\n|player|p2|\n", "inputlog": ">version bfd83cad13791eb5a5a409923076391caf6fb4d4\n>start {\"formatid\":\"gen9randombattle\",\"seed\":[49923,22841,7220,52801],\"rated\":\"Rated battle\"}\n>player p1 {\"name\":\"FantasyWind\",\"avatar\":\"hilda\",\"rating\":1484,\"seed\":[11372,41302,15795,3874]}\n>player p2 {\"name\":\"christiansraw\",\"avatar\":\"266\",\"rating\":1464,\"seed\":[56992,62528,45911,16331]}\n>p1 move doubleshock\n>p2 switch 3\n>p1 move doubleshock terastallize\n>p2 move knockoff\n>p2 switch 5\n>p1 move doubleshock\n>p2 move earthquake\n>p1 move closecombat\n>p2 move roost\n>p1 switch 6\n>p2 switch 4\n>p1 move dragondance\n>p2 move dazzlinggleam\n>p1 move waterfall\n>p2 move dazzlinggleam\n>p1 switch 3\n>p1 move spore\n>p2 move dazzlinggleam\n>p1 switch 5\n>p2 switch 3\n>p1 move shellsmash\n>p2 switch 6\n>p1 move iciclespear\n>p2 move dracometeor terastallize\n>forcelose p2", "uploadtime": 1733900706, "views": 1, "formatid": "gen9randombattle", "rating": 1445, "private": 0, "password": null}