{"id": "gen9randombattle-2260883536", "format": "[Gen 9] Random Battle", "players": ["Fest_08", "Omankonametayo"], "log": "|j|\u2606Fest_08\n|j|\u2606Omankonametayo\n|t:|1733910395\n|gametype|singles\n|player|p1|Fest_08|265|1200\n|player|p2|Omankonametayo|crasherwake|1188\n|teamsize|p1|6\n|teamsize|p2|6\n|gen|9\n|tier|[Gen 9] Random Battle\n|rated|\n|rule|Species Clause: Limit one of each Pok\u00e9mon\n|rule|HP Percentage Mod: HP is shown in percentages\n|rule|Sleep Clause Mod: Limit one foe put to sleep\n|rule|Illusion Level Mod: Illusion disguises the Pok\u00e9mon's true level\n|\n|t:|1733910395\n|start\n|switch|p1a: Scizor|Scizor, L79, F|240/240\n|switch|p2a: Falinks|Falinks, L84|246/246\n|turn|1\n|inactive|Battle timer is ON: inactive players will automatically lose when time's up. (requested by Omankonametayo)\n|inactive|Fest_08 also wants the timer to be on.\n|inactive|Fest_08 has 120 seconds left.\n|\n|t:|1733910426\n|switch|p2a: Gouging Fire|Gouging Fire, L74|277/277\n|switch|p1a: Meloetta|Meloetta, L82|298/298\n|\n|upkeep\n|turn|2\n|\n|t:|1733910443\n|move|p1a: Meloetta|Calm Mind|p1a: Meloetta\n|-boost|p1a: Meloetta|spa|1\n|-boost|p1a: Meloetta|spd|1\n|move|p2a: Gouging Fire|Dragon Dance|p2a: Gouging Fire\n|-boost|p2a: Gouging Fire|atk|1\n|-boost|p2a: Gouging Fire|spe|1\n|\n|upkeep\n|turn|3\n|\n|t:|1733910454\n|move|p2a: Gouging Fire|Heat Crash|p1a: Meloetta\n|-damage|p1a: Meloetta|93/298\n|move|p1a: Meloetta|Psyshock|p2a: Gouging Fire\n|-crit|p2a: Gouging Fire\n|-damage|p2a: Gouging Fire|39/277\n|-damage|p1a: Meloetta|64/298|[from] item: Life Orb\n|\n|upkeep\n|turn|4\n|\n|t:|1733910469\n|move|p2a: Gouging Fire|Heat Crash|p1a: Meloetta\n|-damage|p1a: Meloetta|0 fnt\n|faint|p1a: Meloetta\n|\n|upkeep\n|\n|t:|1733910483\n|switch|p1a: Scizor|Scizor, L79, F|240/240\n|turn|5\n|\n|t:|1733910487\n|move|p1a: Scizor|Bullet Punch|p2a: Gouging Fire\n|-resisted|p2a: Gouging Fire\n|-damage|p2a: Gouging Fire|8/277\n|move|p2a: Gouging Fire|Heat Crash|p1a: Scizor\n|-supereffective|p1a: Scizor\n|-damage|p1a: Scizor|0 fnt\n|faint|p1a: Scizor\n|\n|upkeep\n|\n|t:|1733910500\n|switch|p1a: Rhyperior|Rhyperior, L82, M|323/323\n|turn|6\n|\n|t:|1733910518\n|move|p2a: Gouging Fire|Earthquake|p1a: Rhyperior\n|-supereffective|p1a: Rhyperior\n|-damage|p1a: Rhyperior|209/323\n|-enditem|p1a: Rhyperior|Weakness Policy\n|-boost|p1a: Rhyperior|atk|2|[from] item: Weakness Policy\n|-boost|p1a: Rhyperior|spa|2|[from] item: Weakness Policy\n|move|p1a: Rhyperior|Earthquake|p2a: Gouging Fire\n|-supereffective|p2a: Gouging Fire\n|-damage|p2a: Gouging Fire|0 fnt\n|faint|p2a: Gouging Fire\n|-end|p2a: Gouging Fire|Protosynthesis|[silent]\n|\n|upkeep\n|\n|t:|1733910533\n|switch|p2a: Alomomola|Alomomola, L87, M|429/429\n|turn|7\n|\n|t:|1733910540\n|-terastallize|p1a: Rhyperior|Bug\n|move|p2a: Alomomola|Scald|p1a: Rhyperior\n|-damage|p1a: Rhyperior|136/323\n|move|p1a: Rhyperior|Megahorn|p2a: Alomomola\n|-damage|p2a: Alomomola|75/429\n|-damage|p1a: Rhyperior|83/323|[from] item: Rocky Helmet|[of] p2a: Alomomola\n|\n|upkeep\n|turn|8\n|\n|t:|1733910550\n|move|p2a: Alomomola|Protect|p2a: Alomomola\n|-singleturn|p2a: Alomomola|Protect\n|move|p1a: Rhyperior|Megahorn|p2a: Alomomola\n|-activate|p2a: Alomomola|move: Protect\n|\n|upkeep\n|turn|9\n|\n|t:|1733910566\n|move|p2a: Alomomola|Flip Turn|p1a: Rhyperior\n|-damage|p1a: Rhyperior|38/323\n|\n|t:|1733910580\n|switch|p2a: Okidogi|Okidogi, L77, M|262/262|[from] Flip Turn\n|move|p1a: Rhyperior|Earthquake|p2a: Okidogi\n|-supereffective|p2a: Okidogi\n|-damage|p2a: Okidogi|0 fnt\n|faint|p2a: Okidogi\n|\n|upkeep\n|\n|t:|1733910582\n|switch|p2a: Alomomola|Alomomola, L87, M|218/429\n|turn|10\n|\n|t:|1733910591\n|move|p2a: Alomomola|Scald|p1a: Rhyperior\n|-damage|p1a: Rhyperior|0 fnt\n|faint|p1a: Rhyperior\n|\n|upkeep\n|\n|t:|1733910601\n|switch|p1a: Whimsicott|Whimsicott, L85, F|241/241\n|turn|11\n|\n|t:|1733910615\n|switch|p2a: Venusaur|Venusaur, L84, M|272/272\n|move|p1a: Whimsicott|Leech Seed|p2a: Venusaur\n|-immune|p2a: Venusaur\n|\n|upkeep\n|turn|12\n|\n|t:|1733910629\n|switch|p1a: Sableye|Sableye, L89, M|234/234\n|move|p2a: Venusaur|Sludge Bomb|p1a: Sableye\n|-resisted|p1a: Sableye\n|-damage|p1a: Sableye|181/234\n|-status|p1a: Sableye|psn\n|\n|-heal|p1a: Sableye|195/234 psn|[from] item: Leftovers\n|-damage|p1a: Sableye|166/234 psn|[from] psn\n|upkeep\n|turn|13\n|\n|t:|1733910645\n|move|p1a: Sableye|Thunder Wave|p2a: Venusaur\n|-status|p2a: Venusaur|par\n|cant|p2a: Venusaur|par\n|\n|-heal|p1a: Sableye|180/234 psn|[from] item: Leftovers\n|-damage|p1a: Sableye|151/234 psn|[from] psn\n|upkeep\n|turn|14\n|\n|t:|1733910653\n|move|p1a: Sableye|Knock Off|p2a: Venusaur\n|-damage|p2a: Venusaur|169/272 par\n|-enditem|p2a: Venusaur|Leftovers|[from] move: Knock Off|[of] p1a: Sableye\n|move|p2a: Venusaur|Knock Off|p1a: Sableye\n|-damage|p1a: Sableye|86/234 psn\n|-enditem|p1a: Sableye|Leftovers|[from] move: Knock Off|[of] p2a: Venusaur\n|\n|-damage|p1a: Sableye|57/234 psn|[from] psn\n|upkeep\n|turn|15\n|\n|t:|1733910662\n|move|p1a: Sableye|Recover|p1a: Sableye\n|-heal|p1a: Sableye|174/234 psn\n|move|p2a: Venusaur|Synthesis|p2a: Venusaur\n|-heal|p2a: Venusaur|272/272 par\n|\n|-damage|p1a: Sableye|145/234 psn|[from] psn\n|upkeep\n|turn|16\n|\n|t:|1733910674\n|move|p1a: Sableye|Knock Off|p2a: Venusaur\n|-damage|p2a: Venusaur|209/272 par\n|move|p2a: Venusaur|Sludge Bomb|p1a: Sableye\n|-resisted|p1a: Sableye\n|-damage|p1a: Sableye|88/234 psn\n|\n|-damage|p1a: Sableye|59/234 psn|[from] psn\n|upkeep\n|turn|17\n|\n|t:|1733910686\n|move|p1a: Sableye|Recover|p1a: Sableye\n|-heal|p1a: Sableye|176/234 psn\n|move|p2a: Venusaur|Sludge Bomb|p1a: Sableye\n|-resisted|p1a: Sableye\n|-damage|p1a: Sableye|120/234 psn\n|\n|-damage|p1a: Sableye|91/234 psn|[from] psn\n|upkeep\n|turn|18\n|\n|t:|1733910695\n|move|p1a: Sableye|Knock Off|p2a: Venusaur\n|-damage|p2a: Venusaur|140/272 par\n|move|p2a: Venusaur|Sludge Bomb|p1a: Sableye\n|-resisted|p1a: Sableye\n|-damage|p1a: Sableye|37/234 psn\n|\n|-damage|p1a: Sableye|8/234 psn|[from] psn\n|upkeep\n|turn|19\n|\n|t:|1733910703\n|move|p1a: Sableye|Knock Off|p2a: Venusaur\n|-damage|p2a: Venusaur|73/272 par\n|move|p2a: Venusaur|Synthesis|p2a: Venusaur\n|-heal|p2a: Venusaur|209/272 par\n|\n|-damage|p1a: Sableye|0 fnt|[from] psn\n|faint|p1a: Sableye\n|upkeep\n|\n|t:|1733910710\n|switch|p1a: Ogerpon|Ogerpon-Hearthflame, L74, F|239/239\n|-ability|p1a: Ogerpon|Mold Breaker\n|turn|20\n|inactive|Omankonametayo has 120 seconds left.\n|\n|t:|1733910741\n|-terastallize|p2a: Venusaur|Dark\n|move|p1a: Ogerpon|Swords Dance|p1a: Ogerpon\n|-boost|p1a: Ogerpon|atk|2\n|move|p2a: Venusaur|Sludge Bomb|p1a: Ogerpon\n|-supereffective|p1a: Ogerpon\n|-damage|p1a: Ogerpon|21/239\n|\n|upkeep\n|turn|21\n|\n|t:|1733910749\n|move|p1a: Ogerpon|Horn Leech|p2a: Venusaur\n|-damage|p2a: Venusaur|32/272 par\n|-heal|p1a: Ogerpon|110/239|[from] drain|[of] p2a: Venusaur\n|cant|p2a: Venusaur|par\n|\n|upkeep\n|turn|22\n|\n|t:|1733910756\n|move|p1a: Ogerpon|Horn Leech|p2a: Venusaur\n|-damage|p2a: Venusaur|0 fnt\n|-heal|p1a: Ogerpon|126/239|[from] drain|[of] p2a: Venusaur\n|faint|p2a: Venusaur\n|\n|upkeep\n|\n|t:|1733910757\n|switch|p2a: Falinks|Falinks, L84|246/246\n|turn|23\n|\n|t:|1733910768\n|move|p1a: Ogerpon|Ivy Cudgel|p2a: Falinks|[anim] Ivy Cudgel Fire\n|-damage|p2a: Falinks|15/246\n|move|p2a: Falinks|No Retreat|p2a: Falinks\n|-boost|p2a: Falinks|atk|1\n|-boost|p2a: Falinks|def|1\n|-boost|p2a: Falinks|spa|1\n|-boost|p2a: Falinks|spd|1\n|-boost|p2a: Falinks|spe|1\n|-start|p2a: Falinks|move: No Retreat\n|\n|upkeep\n|turn|24\n|\n|t:|1733910780\n|move|p2a: Falinks|Close Combat|p1a: Ogerpon\n|-damage|p1a: Ogerpon|0 fnt\n|-unboost|p2a: Falinks|def|1\n|-unboost|p2a: Falinks|spd|1\n|faint|p1a: Ogerpon\n|-damage|p2a: Falinks|0 fnt|[from] item: Life Orb\n|faint|p2a: Falinks\n|\n|upkeep\n|\n|t:|1733910788\n|switch|p1a: Whimsicott|Whimsicott, L85, F|241/241\n|switch|p2a: Dedenne|Dedenne, L88, F|261/261\n|turn|25\n|\n|t:|1733910794\n|move|p1a: Whimsicott|Leech Seed|p2a: Dedenne\n|-start|p2a: Dedenne|move: Leech Seed\n|move|p2a: Dedenne|Super Fang|p1a: Whimsicott\n|-damage|p1a: Whimsicott|121/241\n|\n|-heal|p1a: Whimsicott|136/241|[from] item: Leftovers\n|-damage|p2a: Dedenne|229/261|[from] Leech Seed|[of] p1a: Whimsicott\n|-heal|p1a: Whimsicott|168/241|[silent]\n|upkeep\n|turn|26\n|\n|t:|1733910809\n|move|p1a: Whimsicott|Moonblast|p2a: Dedenne\n|-damage|p2a: Dedenne|132/261\n|move|p2a: Dedenne|U-turn|p1a: Whimsicott\n|-damage|p1a: Whimsicott|129/241\n|\n|t:|1733910812\n|switch|p2a: Alomomola|Alomomola, L87, M|361/429|[from] U-turn\n|\n|-heal|p1a: Whimsicott|144/241|[from] item: Leftovers\n|upkeep\n|turn|27\n|\n|t:|1733910819\n|move|p1a: Whimsicott|Leech Seed|p2a: Alomomola\n|-start|p2a: Alomomola|move: Leech Seed\n|move|p2a: Alomomola|Flip Turn|p1a: Whimsicott\n|-resisted|p1a: Whimsicott\n|-damage|p1a: Whimsicott|114/241\n|\n|t:|1733910824\n|switch|p2a: Dedenne|Dedenne, L88, F|132/261|[from] Flip Turn\n|\n|-heal|p1a: Whimsicott|129/241|[from] item: Leftovers\n|upkeep\n|turn|28\n|\n|t:|1733910830\n|move|p1a: Whimsicott|Moonblast|p2a: Dedenne\n|-damage|p2a: Dedenne|36/261\n|-unboost|p2a: Dedenne|spa|1\n|-enditem|p2a: Dedenne|Sitrus Berry|[eat]\n|-heal|p2a: Dedenne|101/261|[from] item: Sitrus Berry\n|-heal|p2a: Dedenne|188/261|[from] ability: Cheek Pouch\n|move|p2a: Dedenne|U-turn|p1a: Whimsicott\n|-damage|p1a: Whimsicott|89/241\n|\n|t:|1733910839\n|switch|p2a: Alomomola|Alomomola, L87, M|429/429|[from] U-turn\n|\n|-heal|p1a: Whimsicott|104/241|[from] item: Leftovers\n|upkeep\n|turn|29\n|\n|t:|1733910846\n|move|p1a: Whimsicott|Moonblast|p2a: Alomomola\n|-damage|p2a: Alomomola|282/429\n|-unboost|p2a: Alomomola|spa|1\n|move|p2a: Alomomola|Flip Turn|p1a: Whimsicott\n|-resisted|p1a: Whimsicott\n|-damage|p1a: Whimsicott|77/241\n|\n|t:|1733910853\n|switch|p2a: Dedenne|Dedenne, L88, F|188/261|[from] Flip Turn\n|\n|-heal|p1a: Whimsicott|92/241|[from] item: Leftovers\n|upkeep\n|turn|30\n|\n|t:|1733910875\n|move|p1a: Whimsicott|Moonblast|p2a: Dedenne\n|-damage|p2a: Dedenne|82/261\n|move|p2a: Dedenne|Dazzling Gleam|p1a: Whimsicott\n|-damage|p1a: Whimsicott|8/241\n|\n|-heal|p1a: Whimsicott|23/241|[from] item: Leftovers\n|upkeep\n|turn|31\n|\n|t:|1733910885\n|switch|p2a: Alomomola|Alomomola, L87, M|425/429\n|move|p1a: Whimsicott|Moonblast|p2a: Alomomola\n|-damage|p2a: Alomomola|293/429\n|\n|-heal|p1a: Whimsicott|38/241|[from] item: Leftovers\n|upkeep\n|turn|32\n|\n|t:|1733910892\n|move|p1a: Whimsicott|Moonblast|p2a: Alomomola\n|-damage|p2a: Alomomola|163/429\n|move|p2a: Alomomola|Wish|p2a: Alomomola\n|\n|-heal|p1a: Whimsicott|53/241|[from] item: Leftovers\n|upkeep\n|turn|33\n|\n|t:|1733910900\n|move|p1a: Whimsicott|Moonblast|p2a: Alomomola\n|-damage|p2a: Alomomola|37/429\n|-unboost|p2a: Alomomola|spa|1\n|move|p2a: Alomomola|Flip Turn|p1a: Whimsicott\n|-resisted|p1a: Whimsicott\n|-damage|p1a: Whimsicott|23/241\n|\n|t:|1733910906\n|switch|p2a: Dedenne|Dedenne, L88, F|82/261|[from] Flip Turn\n|\n|-heal|p2a: Dedenne|261/261|[from] move: Wish|[wisher] Alomomola\n|-heal|p1a: Whimsicott|38/241|[from] item: Leftovers\n|upkeep\n|turn|34\n|\n|t:|1733910913\n|move|p1a: Whimsicott|Moonblast|p2a: Dedenne\n|-damage|p2a: Dedenne|156/261\n|move|p2a: Dedenne|Dazzling Gleam|p1a: Whimsicott\n|-damage|p1a: Whimsicott|0 fnt\n|faint|p1a: Whimsicott\n|\n|win|Omankonametayo\n|raw|Fest_08's rating: 1200 &rarr; <strong>1174</strong><br />(-26 for losing)\n|raw|Omankonametayo's rating: 1188 &rarr; <strong>1214</strong><br />(+26 for winning)\n|c|\u2606Omankonametayo|GG\n|l|\u2606Fest_08\n|player|p1|\n", "inputlog": ">version bfd83cad13791eb5a5a409923076391caf6fb4d4\n>start {\"formatid\":\"gen9randombattle\",\"seed\":[61284,31585,35268,25676],\"rated\":\"Rated battle\"}\n>player p1 {\"name\":\"Fest_08\",\"avatar\":\"265\",\"rating\":1200,\"seed\":[19737,56838,57401,60716]}\n>player p2 {\"name\":\"Omankonametayo\",\"avatar\":\"crasherwake\",\"rating\":1188,\"seed\":[47399,60595,28461,54810]}\n>p1 switch 6\n>p2 switch 2\n>p1 move calmmind\n>p2 move dragondance\n>p1 move psyshock\n>p2 move heatcrash\n>p1 move psyshock\n>p2 move heatcrash\n>p1 switch 6\n>p1 move bulletpunch\n>p2 move heatcrash\n>p1 switch 4\n>p1 move earthquake\n>p2 move earthquake\n>p2 switch 5\n>p1 move megahorn terastallize\n>p2 move scald\n>p1 move megahorn\n>p2 move protect\n>p1 move earthquake\n>p2 move flipturn\n>p2 switch 6\n>p2 switch 6\n>p1 move earthquake\n>p2 move scald\n>p1 switch 3\n>p1 move leechseed\n>p2 switch 3\n>p1 switch 5\n>p2 move sludgebomb\n>p1 move thunderwave\n>p2 move knockoff\n>p1 move knockoff\n>p2 move knockoff\n>p1 move recover\n>p2 move synthesis\n>p1 move knockoff\n>p2 move sludgebomb\n>p1 move recover\n>p2 move sludgebomb\n>p1 move knockoff\n>p2 move sludgebomb\n>p1 move knockoff\n>p2 move synthesis\n>p1 switch 2\n>p1 move swordsdance\n>p2 move sludgebomb terastallize\n>p1 move hornleech\n>p2 move sludgebomb\n>p1 move hornleech\n>p2 move sludgebomb\n>p2 switch 2\n>p1 move ivycudgel\n>p2 move noretreat\n>p1 move stompingtantrum\n>p2 move closecombat\n>p1 switch 5\n>p2 switch 4\n>p1 move leechseed\n>p2 move superfang\n>p1 move moonblast\n>p2 move uturn\n>p2 switch 3\n>p1 move leechseed\n>p2 move flipturn\n>p2 switch 3\n>p1 move moonblast\n>p2 move uturn\n>p2 switch 3\n>p1 move moonblast\n>p2 move flipturn\n>p2 switch 3\n>p1 move moonblast\n>p2 move dazzlinggleam\n>p1 move moonblast\n>p2 switch 3\n>p1 move moonblast\n>p2 move wish\n>p1 move moonblast\n>p2 move flipturn\n>p2 switch 3\n>p1 move moonblast\n>p2 move dazzlinggleam", "uploadtime": 1733910923, "views": 1, "formatid": "gen9randombattle", "rating": 1174, "private": 0, "password": null}