{"id": "gen9randombattle-2259968763", "format": "[Gen 9] Random Battle", "players": ["adqhdgqwd", "bbbhhhhhbbb"], "log": "|j|\u2606adqhdgqwd\n|j|\u2606bbbhhhhhbbb\n|t:|1733785565\n|gametype|singles\n|player|p1|adqhdgqwd|depotagent|1082\n|player|p2|bbbhhhhhbbb|ghetsis|1054\n|teamsize|p1|6\n|teamsize|p2|6\n|gen|9\n|tier|[Gen 9] Random Battle\n|rated|\n|rule|Species Clause: Limit one of each Pok\u00e9mon\n|rule|HP Percentage Mod: HP is shown in percentages\n|rule|Sleep Clause Mod: Limit one foe put to sleep\n|rule|Illusion Level Mod: Illusion disguises the Pok\u00e9mon's true level\n|\n|t:|1733785565\n|start\n|switch|p1a: Clodsire|Clodsire, L81, F|343/343\n|switch|p2a: Vikavolt|Vikavolt, L83, M|263/263\n|turn|1\n|\n|t:|1733785583\n|move|p2a: Vikavolt|Sticky Web|p1a: Clodsire\n|-sidestart|p1: adqhdgqwd|move: Sticky Web\n|move|p1a: Clodsire|Toxic|p2a: Vikavolt\n|-status|p2a: Vikavolt|tox\n|\n|-damage|p2a: Vikavolt|247/263 tox|[from] psn\n|upkeep\n|turn|2\n|\n|t:|1733785606\n|move|p2a: Vikavolt|Bug Buzz|p1a: Clodsire\n|-resisted|p1a: Clodsire\n|-crit|p1a: Clodsire\n|-damage|p1a: Clodsire|255/343\n|move|p1a: Clodsire|Stealth Rock|p2a: Vikavolt\n|-sidestart|p2: bbbhhhhhbbb|move: Stealth Rock\n|\n|-heal|p1a: Clodsire|276/343|[from] item: Leftovers\n|-damage|p2a: Vikavolt|215/263 tox|[from] psn\n|upkeep\n|turn|3\n|\n|t:|1733785622\n|move|p2a: Vikavolt|Bug Buzz|p1a: Clodsire\n|-resisted|p1a: Clodsire\n|-damage|p1a: Clodsire|216/343\n|move|p1a: Clodsire|Recover|p1a: Clodsire\n|-heal|p1a: Clodsire|343/343\n|\n|-damage|p2a: Vikavolt|167/263 tox|[from] psn\n|upkeep\n|turn|4\n|\n|t:|1733785649\n|switch|p2a: Ditto|Ditto, L87|225/225\n|-damage|p2a: Ditto|197/225|[from] Stealth Rock\n|-transform|p2a: Ditto|p1a: Clodsire|[from] ability: Imposter\n|move|p1a: Clodsire|Toxic|p2a: Ditto\n|-immune|p2a: Ditto\n|\n|upkeep\n|turn|5\n|\n|t:|1733785673\n|move|p2a: Ditto|Stealth Rock|p1a: Clodsire\n|-sidestart|p1: adqhdgqwd|move: Stealth Rock\n|move|p1a: Clodsire|Recover||[still]\n|-fail|p1a: Clodsire|heal\n|\n|upkeep\n|turn|6\n|\n|t:|1733785688\n|switch|p2a: Sceptile|Sceptile, L87, M|264/264\n|-damage|p2a: Sceptile|231/264|[from] Stealth Rock\n|switch|p1a: Regieleki|Regieleki, L79|256/256\n|-activate|p1a: Regieleki|move: Sticky Web\n|-unboost|p1a: Regieleki|spe|1\n|-damage|p1a: Regieleki|224/256|[from] Stealth Rock\n|\n|-heal|p2a: Sceptile|247/264|[from] item: Leftovers\n|upkeep\n|turn|7\n|\n|t:|1733785705\n|move|p2a: Sceptile|Substitute|p2a: Sceptile\n|-start|p2a: Sceptile|Substitute\n|-damage|p2a: Sceptile|181/264\n|move|p1a: Regieleki|Rapid Spin|p2a: Sceptile\n|-activate|p2a: Sceptile|move: Substitute|[damage]\n|-sideend|p1: adqhdgqwd|Stealth Rock|[from] move: Rapid Spin|[of] p1a: Regieleki\n|-sideend|p1: adqhdgqwd|Sticky Web|[from] move: Rapid Spin|[of] p1a: Regieleki\n|-boost|p1a: Regieleki|spe|1\n|\n|-heal|p2a: Sceptile|197/264|[from] item: Leftovers\n|upkeep\n|turn|8\n|\n|t:|1733785722\n|move|p1a: Regieleki|Tera Blast|p2a: Sceptile\n|-end|p2a: Sceptile|Substitute\n|move|p2a: Sceptile|Leech Seed|p1a: Regieleki\n|-start|p1a: Regieleki|move: Leech Seed\n|\n|-heal|p2a: Sceptile|213/264|[from] item: Leftovers\n|-damage|p1a: Regieleki|192/256|[from] Leech Seed|[of] p2a: Sceptile\n|-heal|p2a: Sceptile|245/264|[silent]\n|upkeep\n|turn|9\n|\n|t:|1733785733\n|move|p1a: Regieleki|Rapid Spin|p2a: Sceptile\n|-crit|p2a: Sceptile\n|-damage|p2a: Sceptile|186/264\n|-boost|p1a: Regieleki|spe|1\n|-end|p1a: Regieleki|Leech Seed|[from] move: Rapid Spin|[of] p1a: Regieleki\n|move|p2a: Sceptile|Substitute|p2a: Sceptile\n|-start|p2a: Sceptile|Substitute\n|-damage|p2a: Sceptile|120/264\n|\n|-heal|p2a: Sceptile|136/264|[from] item: Leftovers\n|upkeep\n|turn|10\n|\n|t:|1733785746\n|move|p1a: Regieleki|Tera Blast|p2a: Sceptile\n|-crit|p2a: Sceptile\n|-end|p2a: Sceptile|Substitute\n|move|p2a: Sceptile|Giga Drain|p1a: Regieleki\n|-damage|p1a: Regieleki|45/256\n|-heal|p2a: Sceptile|210/264|[from] drain|[of] p1a: Regieleki\n|\n|-heal|p2a: Sceptile|226/264|[from] item: Leftovers\n|upkeep\n|turn|11\n|\n|t:|1733785760\n|move|p1a: Regieleki|Volt Switch|p2a: Sceptile\n|-resisted|p2a: Sceptile\n|-damage|p2a: Sceptile|170/264\n|\n|t:|1733785763\n|switch|p1a: Decidueye|Decidueye, L88, M|281/281|[from] Volt Switch\n|move|p2a: Sceptile|Substitute|p2a: Sceptile\n|-start|p2a: Sceptile|Substitute\n|-damage|p2a: Sceptile|104/264\n|\n|-heal|p2a: Sceptile|120/264|[from] item: Leftovers\n|upkeep\n|turn|12\n|\n|t:|1733785778\n|move|p2a: Sceptile|Giga Drain|p1a: Decidueye\n|-resisted|p1a: Decidueye\n|-damage|p1a: Decidueye|243/281\n|-heal|p2a: Sceptile|139/264|[from] drain|[of] p1a: Decidueye\n|move|p1a: Decidueye|Poltergeist|p2a: Sceptile\n|-activate|p2a: Sceptile|move: Poltergeist|Leftovers\n|-end|p2a: Sceptile|Substitute\n|-damage|p1a: Decidueye|215/281|[from] item: Life Orb\n|\n|-heal|p2a: Sceptile|155/264|[from] item: Leftovers\n|upkeep\n|turn|13\n|\n|t:|1733785793\n|move|p2a: Sceptile|Substitute|p2a: Sceptile\n|-start|p2a: Sceptile|Substitute\n|-damage|p2a: Sceptile|89/264\n|move|p1a: Decidueye|Poltergeist|p2a: Sceptile\n|-activate|p2a: Sceptile|move: Poltergeist|Leftovers\n|-end|p2a: Sceptile|Substitute\n|-damage|p1a: Decidueye|187/281|[from] item: Life Orb\n|\n|-heal|p2a: Sceptile|105/264|[from] item: Leftovers\n|upkeep\n|turn|14\n|\n|t:|1733785803\n|move|p1a: Decidueye|Shadow Sneak|p2a: Sceptile\n|-damage|p2a: Sceptile|26/264\n|-damage|p1a: Decidueye|159/281|[from] item: Life Orb\n|move|p2a: Sceptile|Leech Seed|p1a: Decidueye\n|-immune|p1a: Decidueye\n|\n|-heal|p2a: Sceptile|42/264|[from] item: Leftovers\n|upkeep\n|turn|15\n|\n|t:|1733785820\n|move|p1a: Decidueye|Shadow Sneak|p2a: Sceptile\n|-damage|p2a: Sceptile|0 fnt\n|faint|p2a: Sceptile\n|-damage|p1a: Decidueye|131/281|[from] item: Life Orb\n|\n|upkeep\n|\n|t:|1733785840\n|switch|p2a: Morpeko|Morpeko, L88, F|245/245\n|turn|16\n|\n|t:|1733785862\n|switch|p1a: Clodsire|Clodsire, L81, F|343/343\n|move|p2a: Morpeko|Aura Wheel|p1a: Clodsire\n|-immune|p1a: Clodsire\n|\n|-formechange|p2a: Morpeko|Morpeko-Hangry||[from] ability: Hunger Switch\n|upkeep\n|turn|17\n|\n|t:|1733785871\n|move|p2a: Morpeko|Rapid Spin|p1a: Clodsire\n|-damage|p1a: Clodsire|289/343\n|-boost|p2a: Morpeko|spe|1\n|-sideend|p2: bbbhhhhhbbb|Stealth Rock|[from] move: Rapid Spin|[of] p2a: Morpeko\n|move|p1a: Clodsire|Toxic|p2a: Morpeko\n|-status|p2a: Morpeko|tox\n|\n|-heal|p1a: Clodsire|310/343|[from] item: Leftovers\n|-damage|p2a: Morpeko|230/245 tox|[from] psn\n|-formechange|p2a: Morpeko|Morpeko||[from] ability: Hunger Switch\n|upkeep\n|turn|18\n|\n|t:|1733785892\n|move|p2a: Morpeko|Parting Shot|p1a: Clodsire\n|-unboost|p1a: Clodsire|atk|1\n|-unboost|p1a: Clodsire|spa|1\n|\n|t:|1733785905\n|switch|p2a: Cloyster|Cloyster, L80, M|211/211|[from] Parting Shot\n|move|p1a: Clodsire|Earthquake|p2a: Cloyster\n|-damage|p2a: Cloyster|180/211\n|\n|-heal|p1a: Clodsire|331/343|[from] item: Leftovers\n|upkeep\n|turn|19\n|\n|t:|1733785921\n|move|p2a: Cloyster|Shell Smash|p2a: Cloyster\n|-unboost|p2a: Cloyster|def|1\n|-unboost|p2a: Cloyster|spd|1\n|-boost|p2a: Cloyster|atk|2\n|-boost|p2a: Cloyster|spa|2\n|-boost|p2a: Cloyster|spe|2\n|-enditem|p2a: Cloyster|White Herb\n|-clearnegativeboost|p2a: Cloyster|[silent]\n|move|p1a: Clodsire|Toxic|p2a: Cloyster\n|-status|p2a: Cloyster|tox\n|\n|-heal|p1a: Clodsire|343/343|[from] item: Leftovers\n|-damage|p2a: Cloyster|167/211 tox|[from] psn\n|upkeep\n|turn|20\n|\n|t:|1733785940\n|switch|p1a: Decidueye|Decidueye, L88, M|131/281\n|move|p2a: Cloyster|Shell Smash|p2a: Cloyster\n|-unboost|p2a: Cloyster|def|1\n|-unboost|p2a: Cloyster|spd|1\n|-boost|p2a: Cloyster|atk|2\n|-boost|p2a: Cloyster|spa|2\n|-boost|p2a: Cloyster|spe|2\n|\n|-damage|p2a: Cloyster|141/211 tox|[from] psn\n|upkeep\n|turn|21\n|\n|t:|1733785953\n|move|p1a: Decidueye|Shadow Sneak|p2a: Cloyster\n|-damage|p2a: Cloyster|83/211 tox\n|-damage|p1a: Decidueye|103/281|[from] item: Life Orb\n|move|p2a: Cloyster|Icicle Spear|p1a: Decidueye\n|-supereffective|p1a: Decidueye\n|-damage|p1a: Decidueye|0 fnt\n|faint|p1a: Decidueye\n|-hitcount|p1: Decidueye|1\n|\n|-damage|p2a: Cloyster|44/211 tox|[from] psn\n|upkeep\n|\n|t:|1733785971\n|switch|p1a: Regieleki|Regieleki, L79|45/256\n|turn|22\n|\n|t:|1733785981\n|move|p2a: Cloyster|Icicle Spear|p1a: Regieleki\n|-damage|p1a: Regieleki|0 fnt\n|faint|p1a: Regieleki\n|-hitcount|p1: Regieleki|1\n|\n|-damage|p2a: Cloyster|0 fnt|[from] psn\n|faint|p2a: Cloyster\n|upkeep\n|\n|t:|1733785992\n|switch|p1a: Clodsire|Clodsire, L81, F|343/343\n|switch|p2a: Ditto|Ditto, L87|197/225\n|-transform|p2a: Ditto|p1a: Clodsire|[from] ability: Imposter\n|turn|23\n|\n|t:|1733786009\n|move|p2a: Ditto|Earthquake|p1a: Clodsire\n|-supereffective|p1a: Clodsire\n|-damage|p1a: Clodsire|97/343\n|move|p1a: Clodsire|Stealth Rock|p2a: Ditto\n|-sidestart|p2: bbbhhhhhbbb|move: Stealth Rock\n|\n|-heal|p1a: Clodsire|118/343|[from] item: Leftovers\n|upkeep\n|turn|24\n|\n|t:|1733786019\n|switch|p1a: Hatterene|Hatterene, L85, F|236/236\n|move|p2a: Ditto|Earthquake|p1a: Hatterene\n|-damage|p1a: Hatterene|157/236\n|\n|upkeep\n|turn|25\n|\n|t:|1733786027\n|move|p2a: Ditto|Earthquake|p1a: Hatterene\n|-damage|p1a: Hatterene|72/236\n|move|p1a: Hatterene|Psychic Noise|p2a: Ditto\n|-supereffective|p2a: Ditto\n|-damage|p2a: Ditto|0 fnt\n|faint|p2a: Ditto\n|\n|upkeep\n|\n|t:|1733786052\n|switch|p2a: Sinistcha|Sinistcha-Masterpiece, L83|254/254\n|-damage|p2a: Sinistcha|223/254|[from] Stealth Rock\n|turn|26\n|\n|t:|1733786064\n|move|p2a: Sinistcha|Matcha Gotcha|p1a: Hatterene\n|-damage|p1a: Hatterene|15/236\n|-heal|p2a: Sinistcha|252/254|[from] drain|[of] p1a: Hatterene\n|-status|p1a: Hatterene|brn\n|move|p1a: Hatterene|Mystical Fire|p2a: Sinistcha\n|-supereffective|p2a: Sinistcha\n|-damage|p2a: Sinistcha|166/254\n|-unboost|p2a: Sinistcha|spa|1\n|\n|-heal|p2a: Sinistcha|181/254|[from] item: Leftovers\n|-damage|p1a: Hatterene|1/236 brn|[from] brn\n|upkeep\n|turn|27\n|\n|t:|1733786082\n|move|p2a: Sinistcha|Strength Sap|p1a: Hatterene\n|move|p1a: Hatterene|Strength Sap|p2a: Sinistcha|[from]ability: Magic Bounce\n|-unboost|p2a: Sinistcha|atk|1\n|-heal|p1a: Hatterene|105/236 brn\n|move|p1a: Hatterene|Mystical Fire|p2a: Sinistcha\n|-supereffective|p2a: Sinistcha\n|-damage|p2a: Sinistcha|97/254\n|-unboost|p2a: Sinistcha|spa|1\n|\n|-heal|p2a: Sinistcha|112/254|[from] item: Leftovers\n|-damage|p1a: Hatterene|91/236 brn|[from] brn\n|upkeep\n|turn|28\n|\n|t:|1733786145\n|move|p2a: Sinistcha|Shadow Ball|p1a: Hatterene\n|-supereffective|p1a: Hatterene\n|-damage|p1a: Hatterene|31/236 brn\n|move|p1a: Hatterene|Draining Kiss|p2a: Sinistcha\n|-damage|p2a: Sinistcha|37/254\n|-heal|p1a: Hatterene|87/236 brn|[from] drain|[of] p2a: Sinistcha\n|\n|-heal|p2a: Sinistcha|52/254|[from] item: Leftovers\n|-damage|p1a: Hatterene|73/236 brn|[from] brn\n|upkeep\n|turn|29\n|\n|t:|1733786161\n|move|p2a: Sinistcha|Shadow Ball|p1a: Hatterene\n|-supereffective|p1a: Hatterene\n|-damage|p1a: Hatterene|17/236 brn\n|move|p1a: Hatterene|Draining Kiss|p2a: Sinistcha\n|-crit|p2a: Sinistcha\n|-damage|p2a: Sinistcha|0 fnt\n|-heal|p1a: Hatterene|56/236 brn|[from] drain|[of] p2a: Sinistcha\n|faint|p2a: Sinistcha\n|\n|-damage|p1a: Hatterene|42/236 brn|[from] brn\n|upkeep\n|\n|t:|1733786178\n|switch|p2a: Vikavolt|Vikavolt, L83, M|167/263 tox\n|turn|30\n|\n|t:|1733786185\n|switch|p1a: Chi-Yu|Chi-Yu, L77|211/211\n|-ability|p1a: Chi-Yu|Beads of Ruin\n|move|p2a: Vikavolt|Sticky Web|p1a: Chi-Yu\n|-sidestart|p1: adqhdgqwd|move: Sticky Web\n|\n|-damage|p2a: Vikavolt|151/263 tox|[from] psn\n|upkeep\n|turn|31\n|\n|t:|1733786210\n|move|p1a: Chi-Yu|Flamethrower|p2a: Vikavolt\n|-supereffective|p2a: Vikavolt\n|-damage|p2a: Vikavolt|0 fnt\n|faint|p2a: Vikavolt\n|\n|upkeep\n|\n|t:|1733786216\n|switch|p2a: Morpeko|Morpeko, L88, F|230/245 tox\n|turn|32\n|\n|t:|1733786226\n|-terastallize|p2a: Morpeko|Electric\n|move|p1a: Chi-Yu|Flamethrower|p2a: Morpeko\n|-damage|p2a: Morpeko|47/245 tox\n|move|p2a: Morpeko|Aura Wheel|p1a: Chi-Yu\n|-damage|p1a: Chi-Yu|19/211\n|-boost|p2a: Morpeko|spe|1\n|\n|-damage|p2a: Morpeko|32/245 tox|[from] psn\n|upkeep\n|turn|33\n|\n|t:|1733786244\n|switch|p1a: Clodsire|Clodsire, L81, F|118/343\n|-activate|p1a: Clodsire|move: Sticky Web\n|-unboost|p1a: Clodsire|spe|1\n|move|p2a: Morpeko|Aura Wheel|p1a: Clodsire\n|-immune|p1a: Clodsire\n|\n|-heal|p1a: Clodsire|139/343|[from] item: Leftovers\n|-damage|p2a: Morpeko|2/245 tox|[from] psn\n|upkeep\n|turn|34\n|\n|t:|1733786278\n|move|p2a: Morpeko|Rapid Spin|p1a: Clodsire\n|-damage|p1a: Clodsire|83/343\n|-boost|p2a: Morpeko|spe|1\n|-sideend|p2: bbbhhhhhbbb|Stealth Rock|[from] move: Rapid Spin|[of] p2a: Morpeko\n|move|p1a: Clodsire|Recover|p1a: Clodsire\n|-heal|p1a: Clodsire|255/343\n|\n|-heal|p1a: Clodsire|276/343|[from] item: Leftovers\n|-damage|p2a: Morpeko|0 fnt|[from] psn\n|faint|p2a: Morpeko\n|\n|win|adqhdgqwd\n|upkeep\n|raw|adqhdgqwd's rating: 1082 &rarr; <strong>1107</strong><br />(+25 for winning)\n|raw|bbbhhhhhbbb's rating: 1054 &rarr; <strong>1037</strong><br />(-17 for losing)\n|l|\u2606bbbhhhhhbbb\n|player|p2|\n", "inputlog": ">version bfd83cad13791eb5a5a409923076391caf6fb4d4\n>start {\"formatid\":\"gen9randombattle\",\"seed\":[54396,22048,44527,47969],\"rated\":\"Rated battle\"}\n>player p1 {\"name\":\"adqhdgqwd\",\"avatar\":\"depotagent\",\"rating\":1082,\"seed\":[36845,52085,25223,60508]}\n>player p2 {\"name\":\"bbbhhhhhbbb\",\"avatar\":\"ghetsis\",\"rating\":1054,\"seed\":[43433,52128,12236,13296]}\n>p1 move toxic\n>p2 move stickyweb\n>p1 move stealthrock\n>p2 move bugbuzz\n>p1 move recover\n>p2 move bugbuzz\n>p1 move toxic\n>p2 switch 5\n>p1 move recover\n>p2 move stealthrock\n>p1 switch 2\n>p2 switch 2\n>p1 move rapidspin\n>p2 move substitute\n>p1 move terablast\n>p2 move leechseed\n>p1 move rapidspin\n>p2 move substitute\n>p1 move terablast\n>p2 move gigadrain\n>p1 move voltswitch\n>p2 move substitute\n>p1 switch 4\n>p1 move poltergeist\n>p2 move gigadrain\n>p1 move poltergeist\n>p2 move substitute\n>p1 move shadowsneak\n>p2 move leechseed\n>p1 move shadowsneak\n>p2 move focusblast\n>p2 switch 3\n>p1 switch 2\n>p2 move aurawheel\n>p1 move toxic\n>p2 move rapidspin\n>p1 move earthquake\n>p2 move partingshot\n>p2 switch 6\n>p1 move toxic\n>p2 move shellsmash\n>p1 switch 2\n>p2 move shellsmash\n>p1 move shadowsneak\n>p2 move iciclespear\n>p1 switch 4\n>p1 move voltswitch\n>p2 move iciclespear\n>p1 switch 2\n>p2 switch 2\n>p1 move stealthrock\n>p2 move earthquake\n>p1 switch 5\n>p2 move earthquake\n>p1 move psychicnoise\n>p2 move earthquake\n>p2 switch 4\n>p1 move mysticalfire\n>p2 move matchagotcha\n>p1 move mysticalfire\n>p2 move strengthsap\n>p1 move drainingkiss\n>p2 move shadowball\n>p1 move drainingkiss\n>p2 move shadowball\n>p2 switch 5\n>p1 switch 3\n>p2 move stickyweb\n>p1 move flamethrower\n>p2 move thunderbolt\n>p2 switch 6\n>p1 move flamethrower\n>p2 move aurawheel terastallize\n>p1 switch 5\n>p2 move aurawheel\n>p1 move recover\n>p2 move rapidspin", "uploadtime": 1733786292, "views": 3, "formatid": "gen9randombattle", "rating": 1037, "private": 0, "password": null}