{"id": "gen9randombattle-2134902955", "format": "[Gen 9] Random Battle", "players": ["Aoi531", "smokyaim"], "log": "|badge|p2|bronze|gen9randombattle|100-1\n|uhtml|medal-msg|<div class=\"broadcast-blue\">Curious what those medals under the avatar are? PS now has Ladder Seasons! For more information, check out the <a href=\"https://www.smogon.com/forums/threads/3740067/\">thread on Smogon.</a></div>\n|j|\u2606Aoi531\n|j|\u203dsmokyaim\n|t:|1717259761\n|gametype|singles\n|player|p1|Aoi531|lady|2200\n|player|p2|smokyaim|2|2294\n|teamsize|p1|6\n|teamsize|p2|6\n|gen|9\n|tier|[Gen 9] Random Battle\n|rated|\n|rule|Species Clause: Limit one of each Pok\u00e9mon\n|rule|HP Percentage Mod: HP is shown in percentages\n|rule|Sleep Clause Mod: Limit one foe put to sleep\n|rule|Illusion Level Mod: Illusion disguises the Pok\u00e9mon's true level\n|\n|t:|1717259761\n|start\n|switch|p1a: Tropius|Tropius, L91, F|328/328\n|switch|p2a: Sudowoodo|Sudowoodo, L93, F|281/281\n|turn|1\n|j| LuanD\n|j| Max Schrbr\n|inactive|Battle timer is ON: inactive players will automatically lose when time's up. (requested by Aoi531)\n|\n|t:|1717259791\n|move|p1a: Tropius|Substitute|p1a: Tropius\n|-start|p1a: Tropius|Substitute\n|-damage|p1a: Tropius|246/328\n|move|p2a: Sudowoodo|Stealth Rock|p1a: Tropius\n|-sidestart|p1: Aoi531|move: Stealth Rock\n|\n|upkeep\n|turn|2\n|j| nadim7\n|\n|t:|1717259818\n|move|p1a: Tropius|Leech Seed|p2a: Sudowoodo|[miss]\n|-miss|p1a: Tropius|p2a: Sudowoodo\n|move|p2a: Sudowoodo|Head Smash|p1a: Tropius|[miss]\n|-miss|p2a: Sudowoodo|p1a: Tropius\n|\n|upkeep\n|turn|3\n|\n|t:|1717259829\n|move|p1a: Tropius|Leech Seed|p2a: Sudowoodo\n|-start|p2a: Sudowoodo|move: Leech Seed\n|move|p2a: Sudowoodo|Head Smash|p1a: Tropius\n|-supereffective|p1a: Tropius\n|-end|p1a: Tropius|Substitute\n|\n|-damage|p2a: Sudowoodo|246/281|[from] Leech Seed|[of] p1a: Tropius\n|-heal|p1a: Tropius|281/328|[silent]\n|upkeep\n|turn|4\n|\n|t:|1717259842\n|switch|p2a: Houndoom|Houndoom, L86, M|269/269\n|move|p1a: Tropius|Substitute|p1a: Tropius\n|-start|p1a: Tropius|Substitute\n|-damage|p1a: Tropius|199/328\n|\n|upkeep\n|turn|5\n|\n|t:|1717259848\n|move|p2a: Houndoom|Sludge Bomb|p1a: Tropius\n|-supereffective|p1a: Tropius\n|-end|p1a: Tropius|Substitute\n|move|p1a: Tropius|Leech Seed|p2a: Houndoom\n|-start|p2a: Houndoom|move: Leech Seed\n|\n|-damage|p2a: Houndoom|236/269|[from] Leech Seed|[of] p1a: Tropius\n|-heal|p1a: Tropius|232/328|[silent]\n|upkeep\n|turn|6\n|\n|t:|1717259872\n|switch|p2a: Grumpig|Grumpig, L92, F|297/297\n|switch|p1a: Swampert|Swampert, L83, F|302/302\n|-damage|p1a: Swampert|284/302|[from] Stealth Rock\n|\n|-heal|p1a: Swampert|302/302|[from] item: Leftovers\n|upkeep\n|turn|7\n|\n|t:|1717259882\n|move|p2a: Grumpig|Trick|p1a: Swampert\n|-activate|p2a: Grumpig|move: Trick|[of] p1a: Swampert\n|-item|p1a: Swampert|Choice Scarf|[from] move: Trick\n|-item|p2a: Grumpig|Leftovers|[from] move: Trick\n|move|p1a: Swampert|Earthquake|p2a: Grumpig\n|-crit|p2a: Grumpig\n|-damage|p2a: Grumpig|108/297\n|\n|-heal|p2a: Grumpig|126/297|[from] item: Leftovers\n|upkeep\n|turn|8\n|\n|t:|1717259889\n|switch|p2a: Rabsca|Rabsca, L91, M|284/284\n|move|p1a: Swampert|Earthquake|p2a: Rabsca\n|-resisted|p2a: Rabsca\n|-damage|p2a: Rabsca|231/284\n|\n|upkeep\n|turn|9\n|\n|t:|1717259902\n|switch|p1a: Basculegion|Basculegion-F, L83, F|335/335\n|-damage|p1a: Basculegion|294/335|[from] Stealth Rock\n|move|p2a: Rabsca|Psychic|p1a: Basculegion\n|-damage|p1a: Basculegion|143/335\n|\n|upkeep\n|turn|10\n|\n|t:|1717259914\n|move|p1a: Basculegion|Shadow Ball|p2a: Rabsca\n|-supereffective|p2a: Rabsca\n|-damage|p2a: Rabsca|0 fnt\n|faint|p2a: Rabsca\n|\n|upkeep\n|\n|t:|1717259918\n|switch|p2a: Houndoom|Houndoom, L86, M|236/269\n|turn|11\n|\n|t:|1717259927\n|switch|p1a: Swampert|Swampert, L83, F|302/302\n|-damage|p1a: Swampert|284/302|[from] Stealth Rock\n|move|p2a: Houndoom|Dark Pulse|p1a: Swampert\n|-damage|p1a: Swampert|190/302\n|\n|upkeep\n|turn|12\n|\n|t:|1717259933\n|switch|p2a: Grumpig|Grumpig, L92, F|126/297\n|move|p1a: Swampert|Flip Turn|p2a: Grumpig\n|-crit|p2a: Grumpig\n|-damage|p2a: Grumpig|0 fnt\n|faint|p2a: Grumpig\n|\n|t:|1717259942\n|switch|p1a: Pawmot|Pawmot, L80, F|243/243|[from] Flip Turn\n|-damage|p1a: Pawmot|228/243|[from] Stealth Rock\n|\n|upkeep\n|\n|t:|1717259955\n|switch|p2a: Slaking|Slaking, L84, F|389/389\n|turn|13\n|\n|t:|1717259962\n|switch|p1a: Basculegion|Basculegion-F, L83, F|143/335\n|-damage|p1a: Basculegion|102/335|[from] Stealth Rock\n|move|p2a: Slaking|Double-Edge|p1a: Basculegion\n|-immune|p1a: Basculegion\n|\n|upkeep\n|turn|14\n|\n|t:|1717259971\n|switch|p2a: Sudowoodo|Sudowoodo, L93, F|246/281\n|move|p1a: Basculegion|Flip Turn|p2a: Sudowoodo\n|-supereffective|p2a: Sudowoodo\n|-damage|p2a: Sudowoodo|134/281\n|\n|t:|1717259978\n|switch|p1a: Iron Treads|Iron Treads, L77|265/265|[from] Flip Turn\n|-damage|p1a: Iron Treads|257/265|[from] Stealth Rock\n|\n|-heal|p2a: Sudowoodo|151/281|[from] item: Leftovers\n|upkeep\n|turn|15\n|\n|t:|1717259986\n|move|p1a: Iron Treads|Rapid Spin|p2a: Sudowoodo\n|-resisted|p2a: Sudowoodo\n|-damage|p2a: Sudowoodo|139/281\n|-boost|p1a: Iron Treads|spe|1\n|-sideend|p1: Aoi531|Stealth Rock|[from] move: Rapid Spin|[of] p1a: Iron Treads\n|move|p2a: Sudowoodo|Wood Hammer|p1a: Iron Treads\n|-damage|p1a: Iron Treads|160/265\n|\n|-heal|p2a: Sudowoodo|156/281|[from] item: Leftovers\n|upkeep\n|turn|16\n|\n|t:|1717259995\n|switch|p2a: Slaking|Slaking, L84, F|389/389\n|move|p1a: Iron Treads|Earthquake|p2a: Slaking\n|-damage|p2a: Slaking|293/389\n|\n|upkeep\n|turn|17\n|\n|t:|1717260008\n|-end|p1a: Iron Treads|Quark Drive|[silent]\n|switch|p1a: Basculegion|Basculegion-F, L83, F|102/335\n|move|p2a: Slaking|Knock Off|p1a: Basculegion\n|-supereffective|p1a: Basculegion\n|-damage|p1a: Basculegion|0 fnt\n|-enditem|p1a: Basculegion|Choice Specs|[from] move: Knock Off|[of] p2a: Slaking\n|faint|p1a: Basculegion\n|\n|upkeep\n|\n|t:|1717260016\n|switch|p1a: Pawmot|Pawmot, L80, F|228/243\n|turn|18\n|\n|t:|1717260026\n|switch|p2a: Carbink|Carbink, L90|236/236\n|move|p1a: Pawmot|Close Combat|p2a: Carbink\n|-crit|p2a: Carbink\n|-damage|p2a: Carbink|88/236\n|-unboost|p1a: Pawmot|def|1\n|-unboost|p1a: Pawmot|spd|1\n|-damage|p1a: Pawmot|204/243|[from] item: Life Orb\n|\n|upkeep\n|turn|19\n|\n|t:|1717260036\n|move|p1a: Pawmot|Close Combat|p2a: Carbink\n|-damage|p2a: Carbink|0 fnt\n|-unboost|p1a: Pawmot|def|1\n|-unboost|p1a: Pawmot|spd|1\n|faint|p2a: Carbink\n|-damage|p1a: Pawmot|180/243|[from] item: Life Orb\n|\n|upkeep\n|\n|t:|1717260058\n|switch|p2a: Slaking|Slaking, L84, F|293/389\n|turn|20\n|\n|t:|1717260074\n|switch|p1a: Jirachi|Jirachi, L80|291/291\n|move|p2a: Slaking|Knock Off|p1a: Jirachi\n|-supereffective|p1a: Jirachi\n|-damage|p1a: Jirachi|7/291\n|-enditem|p1a: Jirachi|Leftovers|[from] move: Knock Off|[of] p2a: Slaking\n|\n|upkeep\n|turn|21\n|\n|t:|1717260090\n|switch|p2a: Houndoom|Houndoom, L86, M|236/269\n|move|p1a: Jirachi|Body Slam|p2a: Houndoom\n|-damage|p2a: Houndoom|150/269\n|-status|p2a: Houndoom|par\n|\n|upkeep\n|turn|22\n|-message|smokyaim forfeited.\n|\n|win|Aoi531\n|raw|Aoi531's rating: 2200 &rarr; <strong>2225</strong><br />(+25 for winning)\n|raw|smokyaim's rating: 2294 &rarr; <strong>2269</strong><br />(-25 for losing)\n|l|\u203dsmokyaim\n|player|p2|\n|l| Max Schrbr\n", "inputlog": ">version 7c8d37c5aaa9eff7a3b20281576ec05e776aaf74\n>start {\"formatid\":\"gen9randombattle\",\"seed\":[25476,23156,3596,42654],\"rated\":\"Rated battle\"}\n>player p1 {\"name\":\"Aoi531\",\"avatar\":\"lady\",\"rating\":2200,\"seed\":[49277,12447,12208,16381]}\n>player p2 {\"name\":\"smokyaim\",\"avatar\":\"2\",\"rating\":2294,\"seed\":[42659,46721,50083,52782]}\n>p1 move substitute\n>p2 move stealthrock\n>p1 move leechseed\n>p2 move headsmash\n>p1 move leechseed\n>p2 move headsmash\n>p1 move substitute\n>p2 switch 2\n>p1 move leechseed\n>p2 move sludgebomb\n>p1 switch 3\n>p2 switch 5\n>p1 move earthquake\n>p2 move trick\n>p1 move earthquake\n>p2 switch 3\n>p1 switch 5\n>p2 move psychic\n>p1 move shadowball\n>p2 move psychic\n>p2 switch 5\n>p1 switch 5\n>p2 move darkpulse\n>p1 move flipturn\n>p2 switch 3\n>p1 switch 4\n>p2 switch 6\n>p1 switch 5\n>p2 move doubleedge\n>p1 move flipturn\n>p2 switch 2\n>p1 switch 2\n>p1 move rapidspin\n>p2 move woodhammer\n>p1 move earthquake\n>p2 switch 2\n>p1 switch 2\n>p2 move knockoff\n>p1 switch 5\n>p1 move closecombat\n>p2 switch 4\n>p1 move closecombat\n>p2 move rest\n>p2 switch 4\n>p1 switch 6\n>p2 move knockoff\n>p1 move bodyslam\n>p2 switch 3\n>forcelose p2", "uploadtime": 1717260101, "views": 210, "formatid": "gen9randombattle", "rating": 2225, "private": 0, "password": null}