{"id": "gen9randombattle-2259930013", "format": "[Gen 9] Random Battle", "players": ["dcegre", "rgtsyudty"], "log": "|j|\u2606dcegre\n|j|\u2606rgtsyudty\n|t:|1733781128\n|gametype|singles\n|player|p1|dcegre|102|1114\n|player|p2|rgtsyudty|170|1135\n|teamsize|p1|6\n|teamsize|p2|6\n|gen|9\n|tier|[Gen 9] Random Battle\n|rated|\n|rule|Species Clause: Limit one of each Pok\u00e9mon\n|rule|HP Percentage Mod: HP is shown in percentages\n|rule|Sleep Clause Mod: Limit one foe put to sleep\n|rule|Illusion Level Mod: Illusion disguises the Pok\u00e9mon's true level\n|\n|t:|1733781128\n|start\n|switch|p1a: Tornadus|Tornadus-Therian, L79, M|254/254\n|switch|p2a: Wyrdeer|Wyrdeer, L87, M|321/321\n|-ability|p2a: Wyrdeer|Intimidate|boost\n|-unboost|p1a: Tornadus|atk|1\n|turn|1\n|\n|t:|1733781153\n|switch|p1a: Whimsicott|Whimsicott, L85, M|241/241\n|move|p2a: Wyrdeer|Thunder Wave|p1a: Whimsicott\n|-status|p1a: Whimsicott|par\n|\n|upkeep\n|turn|2\n|\n|t:|1733781169\n|switch|p2a: Whimsicott|Whimsicott, L85, F|241/241\n|move|p1a: Whimsicott|Stun Spore|p2a: Whimsicott\n|-immune|p2a: Whimsicott\n|\n|upkeep\n|turn|3\n|\n|t:|1733781180\n|move|p2a: Whimsicott|Substitute|p2a: Whimsicott\n|-start|p2a: Whimsicott|Substitute\n|-damage|p2a: Whimsicott|181/241\n|cant|p1a: Whimsicott|par\n|\n|-heal|p2a: Whimsicott|196/241|[from] item: Leftovers\n|upkeep\n|turn|4\n|\n|t:|1733781185\n|switch|p1a: Cryogonal|Cryogonal, L89|287/287\n|move|p2a: Whimsicott|Moonblast|p1a: Cryogonal\n|-damage|p1a: Cryogonal|230/287\n|\n|-heal|p2a: Whimsicott|211/241|[from] item: Leftovers\n|upkeep\n|turn|5\n|\n|t:|1733781188\n|move|p2a: Whimsicott|Leech Seed|p1a: Cryogonal\n|-start|p1a: Cryogonal|move: Leech Seed\n|move|p1a: Cryogonal|Rapid Spin|p2a: Whimsicott\n|-activate|p2a: Whimsicott|move: Substitute|[damage]\n|-end|p1a: Cryogonal|Leech Seed|[from] move: Rapid Spin|[of] p1a: Cryogonal\n|-boost|p1a: Cryogonal|spe|1\n|\n|-heal|p2a: Whimsicott|226/241|[from] item: Leftovers\n|upkeep\n|turn|6\n|\n|t:|1733781192\n|move|p1a: Cryogonal|Freeze-Dry|p2a: Whimsicott\n|-supereffective|p2a: Whimsicott\n|-end|p2a: Whimsicott|Substitute\n|move|p2a: Whimsicott|Moonblast|p1a: Cryogonal\n|-damage|p1a: Cryogonal|167/287\n|\n|-heal|p2a: Whimsicott|241/241|[from] item: Leftovers\n|upkeep\n|turn|7\n|\n|t:|1733781199\n|switch|p2a: Rotom|Rotom-Heat, L83|219/219\n|move|p1a: Cryogonal|Recover|p1a: Cryogonal\n|-heal|p1a: Cryogonal|287/287\n|\n|upkeep\n|turn|8\n|\n|t:|1733781218\n|switch|p1a: Inteleon|Inteleon, L81, F|246/246\n|move|p2a: Rotom|Volt Switch|p1a: Inteleon\n|-supereffective|p1a: Inteleon\n|-damage|p1a: Inteleon|48/246\n|\n|t:|1733781222\n|switch|p2a: Whimsicott|Whimsicott, L85, F|241/241|[from] Volt Switch\n|\n|upkeep\n|turn|9\n|\n|t:|1733781229\n|move|p2a: Whimsicott|Substitute|p2a: Whimsicott\n|-start|p2a: Whimsicott|Substitute\n|-damage|p2a: Whimsicott|181/241\n|move|p1a: Inteleon|Ice Beam|p2a: Whimsicott\n|-supereffective|p2a: Whimsicott\n|-end|p2a: Whimsicott|Substitute\n|\n|-heal|p2a: Whimsicott|196/241|[from] item: Leftovers\n|upkeep\n|turn|10\n|\n|t:|1733781231\n|move|p2a: Whimsicott|Moonblast|p1a: Inteleon\n|-damage|p1a: Inteleon|0 fnt\n|faint|p1a: Inteleon\n|\n|-heal|p2a: Whimsicott|211/241|[from] item: Leftovers\n|upkeep\n|\n|t:|1733781241\n|switch|p1a: Tornadus|Tornadus-Therian, L79, M|254/254\n|turn|11\n|\n|t:|1733781245\n|switch|p2a: Rotom|Rotom-Heat, L83|219/219\n|move|p1a: Tornadus|Bleakwind Storm|p2a: Rotom\n|-resisted|p2a: Rotom\n|-damage|p2a: Rotom|175/219\n|\n|upkeep\n|turn|12\n|\n|t:|1733781254\n|switch|p1a: Whimsicott|Whimsicott, L85, M|241/241 par\n|move|p2a: Rotom|Volt Switch|p1a: Whimsicott\n|-resisted|p1a: Whimsicott\n|-damage|p1a: Whimsicott|199/241 par\n|\n|t:|1733781257\n|switch|p2a: Whimsicott|Whimsicott, L85, F|211/241|[from] Volt Switch\n|\n|-heal|p2a: Whimsicott|226/241|[from] item: Leftovers\n|upkeep\n|turn|13\n|\n|t:|1733781262\n|move|p2a: Whimsicott|Hurricane|p1a: Whimsicott|[miss]\n|-miss|p2a: Whimsicott|p1a: Whimsicott\n|move|p1a: Whimsicott|U-turn|p2a: Whimsicott\n|-damage|p2a: Whimsicott|188/241\n|\n|t:|1733781265\n|switch|p1a: Cryogonal|Cryogonal, L89|287/287|[from] U-turn\n|\n|-heal|p2a: Whimsicott|203/241|[from] item: Leftovers\n|upkeep\n|turn|14\n|\n|t:|1733781268\n|switch|p2a: Rotom|Rotom-Heat, L83|175/219\n|move|p1a: Cryogonal|Rapid Spin|p2a: Rotom\n|-damage|p2a: Rotom|154/219\n|-boost|p1a: Cryogonal|spe|1\n|\n|upkeep\n|turn|15\n|\n|t:|1733781280\n|switch|p1a: Whimsicott|Whimsicott, L85, M|199/241 par\n|move|p2a: Rotom|Overheat|p1a: Whimsicott\n|-supereffective|p1a: Whimsicott\n|-damage|p1a: Whimsicott|0 fnt\n|-unboost|p2a: Rotom|spa|2\n|faint|p1a: Whimsicott\n|\n|upkeep\n|\n|t:|1733781301\n|switch|p1a: Noivern|Noivern, L82, F|274/274\n|turn|16\n|\n|t:|1733781309\n|switch|p2a: Wyrdeer|Wyrdeer, L87, M|321/321\n|-ability|p2a: Wyrdeer|Intimidate|boost\n|-unboost|p1a: Noivern|atk|1\n|move|p1a: Noivern|Flamethrower|p2a: Wyrdeer\n|-damage|p2a: Wyrdeer|256/321\n|\n|-heal|p2a: Wyrdeer|276/321|[from] item: Leftovers\n|upkeep\n|turn|17\n|\n|t:|1733781333\n|switch|p1a: Kingambit|Kingambit, L74, M|270/270\n|-activate|p1a: Kingambit|ability: Supreme Overlord\n|-start|p1a: Kingambit|fallen2|[silent]\n|move|p2a: Wyrdeer|Thunder Wave|p1a: Kingambit\n|-status|p1a: Kingambit|par\n|\n|-heal|p2a: Wyrdeer|296/321|[from] item: Leftovers\n|upkeep\n|turn|18\n|\n|t:|1733781353\n|switch|p2a: Rotom|Rotom-Heat, L83|154/219\n|move|p1a: Kingambit|Kowtow Cleave|p2a: Rotom\n|-damage|p2a: Rotom|61/219\n|\n|upkeep\n|turn|19\n|\n|t:|1733781368\n|move|p1a: Kingambit|Sucker Punch||[still]\n|-fail|p1a: Kingambit\n|move|p2a: Rotom|Trick|p1a: Kingambit\n|-activate|p2a: Rotom|move: Trick|[of] p1a: Kingambit\n|-item|p1a: Kingambit|Choice Scarf|[from] move: Trick\n|-item|p2a: Rotom|Leftovers|[from] move: Trick\n|\n|-heal|p2a: Rotom|74/219|[from] item: Leftovers\n|upkeep\n|turn|20\n|\n|t:|1733781379\n|switch|p2a: Whimsicott|Whimsicott, L85, F|203/241\n|-end|p1a: Kingambit|fallen2|[silent]\n|switch|p1a: Noivern|Noivern, L82, F|274/274\n|\n|-heal|p2a: Whimsicott|218/241|[from] item: Leftovers\n|upkeep\n|turn|21\n|\n|t:|1733781390\n|move|p1a: Noivern|Flamethrower|p2a: Whimsicott\n|-supereffective|p2a: Whimsicott\n|-damage|p2a: Whimsicott|94/241\n|move|p2a: Whimsicott|Moonblast|p1a: Noivern\n|-supereffective|p1a: Noivern\n|-damage|p1a: Noivern|82/274\n|-unboost|p1a: Noivern|spa|1\n|\n|-heal|p2a: Whimsicott|109/241|[from] item: Leftovers\n|upkeep\n|turn|22\n|\n|t:|1733781400\n|move|p1a: Noivern|Flamethrower|p2a: Whimsicott\n|-supereffective|p2a: Whimsicott\n|-damage|p2a: Whimsicott|23/241\n|move|p2a: Whimsicott|Moonblast|p1a: Noivern\n|-supereffective|p1a: Noivern\n|-crit|p1a: Noivern\n|-damage|p1a: Noivern|0 fnt\n|faint|p1a: Noivern\n|\n|-heal|p2a: Whimsicott|38/241|[from] item: Leftovers\n|upkeep\n|\n|t:|1733781415\n|switch|p1a: Cryogonal|Cryogonal, L89|287/287\n|turn|23\n|\n|t:|1733781429\n|switch|p2a: Rotom|Rotom-Heat, L83|74/219\n|move|p1a: Cryogonal|Rapid Spin|p2a: Rotom\n|-damage|p2a: Rotom|53/219\n|-boost|p1a: Cryogonal|spe|1\n|\n|-heal|p2a: Rotom|66/219|[from] item: Leftovers\n|upkeep\n|turn|24\n|\n|t:|1733781445\n|switch|p1a: Tornadus|Tornadus-Therian, L79, M|254/254\n|move|p2a: Rotom|Overheat|p1a: Tornadus\n|-damage|p1a: Tornadus|104/254\n|-unboost|p2a: Rotom|spa|2\n|\n|-heal|p2a: Rotom|79/219|[from] item: Leftovers\n|upkeep\n|turn|25\n|\n|t:|1733781453\n|switch|p2a: Wyrdeer|Wyrdeer, L87, M|296/321\n|-ability|p2a: Wyrdeer|Intimidate|boost\n|-unboost|p1a: Tornadus|atk|1\n|move|p1a: Tornadus|Focus Blast|p2a: Wyrdeer\n|-damage|p2a: Wyrdeer|213/321\n|\n|-heal|p2a: Wyrdeer|233/321|[from] item: Leftovers\n|upkeep\n|turn|26\n|\n|t:|1733781465\n|move|p1a: Tornadus|Bleakwind Storm|p2a: Wyrdeer|[miss]\n|-miss|p1a: Tornadus|p2a: Wyrdeer\n|move|p2a: Wyrdeer|Thunderbolt|p1a: Tornadus\n|-supereffective|p1a: Tornadus\n|-damage|p1a: Tornadus|0 fnt\n|faint|p1a: Tornadus\n|\n|-heal|p2a: Wyrdeer|253/321|[from] item: Leftovers\n|upkeep\n|\n|t:|1733781476\n|switch|p1a: Kingambit|Kingambit, L74, M|270/270 par\n|-activate|p1a: Kingambit|ability: Supreme Overlord\n|-start|p1a: Kingambit|fallen4|[silent]\n|turn|27\n|\n|t:|1733781492\n|-terastallize|p2a: Wyrdeer|Ground\n|move|p2a: Wyrdeer|Earthquake|p1a: Kingambit\n|-supereffective|p1a: Kingambit\n|-damage|p1a: Kingambit|64/270 par\n|move|p1a: Kingambit|Kowtow Cleave|p2a: Wyrdeer\n|-damage|p2a: Wyrdeer|118/321\n|\n|-heal|p2a: Wyrdeer|138/321|[from] item: Leftovers\n|upkeep\n|turn|28\n|\n|t:|1733781501\n|move|p2a: Wyrdeer|Thunderbolt|p1a: Kingambit\n|-damage|p1a: Kingambit|0 fnt\n|faint|p1a: Kingambit\n|-end|p1a: Kingambit|fallen4|[silent]\n|\n|-heal|p2a: Wyrdeer|158/321|[from] item: Leftovers\n|upkeep\n|\n|t:|1733781503\n|switch|p1a: Cryogonal|Cryogonal, L89|287/287\n|turn|29\n|\n|t:|1733781506\n|switch|p2a: Rotom|Rotom-Heat, L83|79/219\n|move|p1a: Cryogonal|Freeze-Dry|p2a: Rotom\n|-resisted|p2a: Rotom\n|-damage|p2a: Rotom|45/219\n|\n|-heal|p2a: Rotom|58/219|[from] item: Leftovers\n|upkeep\n|turn|30\n|\n|t:|1733781514\n|move|p1a: Cryogonal|Freeze-Dry|p2a: Rotom\n|-resisted|p2a: Rotom\n|-damage|p2a: Rotom|25/219\n|move|p2a: Rotom|Overheat|p1a: Cryogonal\n|-supereffective|p1a: Cryogonal\n|-damage|p1a: Cryogonal|95/287\n|-unboost|p2a: Rotom|spa|2\n|\n|-heal|p2a: Rotom|38/219|[from] item: Leftovers\n|upkeep\n|turn|31\n|\n|t:|1733781521\n|move|p1a: Cryogonal|Freeze-Dry|p2a: Rotom\n|-resisted|p2a: Rotom\n|-damage|p2a: Rotom|4/219\n|move|p2a: Rotom|Overheat|p1a: Cryogonal\n|-supereffective|p1a: Cryogonal\n|-damage|p1a: Cryogonal|0 fnt\n|-unboost|p2a: Rotom|spa|2\n|faint|p1a: Cryogonal\n|\n|win|rgtsyudty\n|raw|dcegre's rating: 1114 &rarr; <strong>1091</strong><br />(-23 for losing)\n|raw|rgtsyudty's rating: 1135 &rarr; <strong>1158</strong><br />(+23 for winning)\n|l|\u2606dcegre\n|player|p1|\n", "inputlog": ">version bfd83cad13791eb5a5a409923076391caf6fb4d4\n>start {\"formatid\":\"gen9randombattle\",\"seed\":[42311,3282,54000,45903],\"rated\":\"Rated battle\"}\n>player p1 {\"name\":\"dcegre\",\"avatar\":\"102\",\"rating\":1114,\"seed\":[21511,17813,12793,29256]}\n>player p2 {\"name\":\"rgtsyudty\",\"avatar\":\"170\",\"rating\":1135,\"seed\":[13137,18208,1016,31620]}\n>p1 switch 4\n>p2 move thunderwave\n>p1 move stunspore\n>p2 switch 3\n>p1 move uturn\n>p2 move substitute\n>p1 switch 6\n>p2 move moonblast\n>p1 move rapidspin\n>p2 move leechseed\n>p1 move freezedry\n>p2 move moonblast\n>p1 move recover\n>p2 switch 5\n>p1 switch 5\n>p2 move voltswitch\n>p2 switch 5\n>p1 move icebeam\n>p2 move substitute\n>p1 move icebeam\n>p2 move moonblast\n>p1 switch 4\n>p1 move bleakwindstorm\n>p2 switch 5\n>p1 switch 6\n>p2 move voltswitch\n>p2 switch 5\n>p1 move uturn\n>p2 move hurricane\n>p1 switch 5\n>p1 move rapidspin\n>p2 switch 5\n>p1 switch 5\n>p2 move overheat\n>p1 switch 2\n>p1 move flamethrower\n>p2 switch 3\n>p1 switch 3\n>p2 move thunderwave\n>p1 move kowtowcleave\n>p2 switch 3\n>p1 move suckerpunch\n>p2 move trick\n>p1 switch 3\n>p2 switch 5\n>p1 move flamethrower\n>p2 move moonblast\n>p1 move flamethrower\n>p2 move moonblast\n>p1 switch 5\n>p1 move rapidspin\n>p2 switch 5\n>p1 switch 6\n>p2 move overheat\n>p1 move focusblast\n>p2 switch 3\n>p1 move bleakwindstorm\n>p2 move thunderbolt\n>p1 switch 3\n>p1 move kowtowcleave\n>p2 move earthquake terastallize\n>p1 move kowtowcleave\n>p2 move thunderbolt\n>p1 switch 6\n>p1 move freezedry\n>p2 switch 3\n>p1 move freezedry\n>p2 move overheat\n>p1 move freezedry\n>p2 move overheat", "uploadtime": 1733781844, "views": 7, "formatid": "gen9randombattle", "rating": 1091, "private": 0, "password": null}