{"id": "gen9randombattle-2260906994", "format": "[Gen 9] Random Battle", "players": ["distant world star", "Lrogue \u30a8\u30eb\u30ed\u30fc\u30b0\u2740"], "log": "|j|\u2606distant world star\n|j|\u2606Lrogue \u30a8\u30eb\u30ed\u30fc\u30b0\u2740\n|t:|1733914635\n|gametype|singles\n|player|p1|distant world star|265|2113\n|player|p2|Lrogue \u30a8\u30eb\u30ed\u30fc\u30b0\u2740|#rbtt7teamchiyuf|2188\n|teamsize|p1|6\n|teamsize|p2|6\n|gen|9\n|tier|[Gen 9] Random Battle\n|rated|\n|rule|Species Clause: Limit one of each Pok\u00e9mon\n|rule|HP Percentage Mod: HP is shown in percentages\n|rule|Sleep Clause Mod: Limit one foe put to sleep\n|rule|Illusion Level Mod: Illusion disguises the Pok\u00e9mon's true level\n|\n|t:|1733914635\n|start\n|switch|p1a: Dachsbun|Dachsbun, L92, M|254/254\n|switch|p2a: Ceruledge|Ceruledge, L78, M|245/245\n|turn|1\n|\n|t:|1733914647\n|switch|p2a: Swalot|Swalot, L90, M|326/326\n|move|p1a: Dachsbun|Wish|p1a: Dachsbun\n|\n|upkeep\n|turn|2\n|\n|t:|1733914659\n|switch|p1a: Toxtricity|Toxtricity, L82, M|257/257\n|move|p2a: Swalot|Toxic|p1a: Toxtricity\n|-immune|p1a: Toxtricity\n|\n|upkeep\n|turn|3\n|\n|t:|1733914664\n|switch|p1a: Rhyperior|Rhyperior, L82, F|323/323\n|move|p2a: Swalot|Earthquake|p1a: Rhyperior\n|-supereffective|p1a: Rhyperior\n|-damage|p1a: Rhyperior|254/323\n|\n|upkeep\n|turn|4\n|\n|t:|1733914672\n|switch|p2a: Gyarados|Gyarados, L79, M|280/280\n|-ability|p2a: Gyarados|Intimidate|boost\n|-unboost|p1a: Rhyperior|atk|1\n|move|p1a: Rhyperior|Earthquake|p2a: Gyarados\n|-immune|p2a: Gyarados\n|\n|upkeep\n|turn|5\n|\n|t:|1733914678\n|move|p2a: Gyarados|Waterfall|p1a: Rhyperior\n|-supereffective|p1a: Rhyperior\n|-damage|p1a: Rhyperior|47/323\n|cant|p1a: Rhyperior|flinch\n|\n|upkeep\n|turn|6\n|\n|t:|1733914684\n|move|p2a: Gyarados|Waterfall|p1a: Rhyperior\n|-supereffective|p1a: Rhyperior\n|-damage|p1a: Rhyperior|0 fnt\n|faint|p1a: Rhyperior\n|\n|upkeep\n|\n|t:|1733914690\n|switch|p1a: Charizard|Charizard, L85, F|271/271\n|turn|7\n|\n|t:|1733914694\n|move|p1a: Charizard|Earthquake|p2a: Gyarados\n|-immune|p2a: Gyarados\n|move|p2a: Gyarados|Dragon Dance|p2a: Gyarados\n|-boost|p2a: Gyarados|atk|1\n|-boost|p2a: Gyarados|spe|1\n|\n|upkeep\n|turn|8\n|\n|t:|1733914702\n|switch|p1a: Dachsbun|Dachsbun, L92, M|254/254\n|move|p2a: Gyarados|Waterfall|p1a: Dachsbun\n|-damage|p1a: Dachsbun|160/254\n|\n|-heal|p1a: Dachsbun|175/254|[from] item: Leftovers\n|upkeep\n|turn|9\n|\n|t:|1733914706\n|move|p2a: Gyarados|Dragon Dance|p2a: Gyarados\n|-boost|p2a: Gyarados|atk|1\n|-boost|p2a: Gyarados|spe|1\n|move|p1a: Dachsbun|Wish|p1a: Dachsbun\n|\n|-heal|p1a: Dachsbun|190/254|[from] item: Leftovers\n|upkeep\n|turn|10\n|\n|t:|1733914716\n|move|p2a: Gyarados|Dragon Dance|p2a: Gyarados\n|-boost|p2a: Gyarados|atk|1\n|-boost|p2a: Gyarados|spe|1\n|move|p1a: Dachsbun|Play Rough|p2a: Gyarados\n|-damage|p2a: Gyarados|175/280\n|\n|-heal|p1a: Dachsbun|254/254|[from] move: Wish|[wisher] Dachsbun\n|upkeep\n|turn|11\n|\n|t:|1733914719\n|move|p2a: Gyarados|Waterfall|p1a: Dachsbun\n|-damage|p1a: Dachsbun|98/254\n|move|p1a: Dachsbun|Play Rough|p2a: Gyarados\n|-damage|p2a: Gyarados|64/280\n|\n|-heal|p1a: Dachsbun|113/254|[from] item: Leftovers\n|upkeep\n|turn|12\n|\n|t:|1733914726\n|move|p1a: Dachsbun|Protect|p1a: Dachsbun\n|-singleturn|p1a: Dachsbun|Protect\n|move|p2a: Gyarados|Waterfall|p1a: Dachsbun\n|-activate|p1a: Dachsbun|move: Protect\n|\n|-heal|p1a: Dachsbun|128/254|[from] item: Leftovers\n|upkeep\n|turn|13\n|\n|t:|1733914731\n|move|p2a: Gyarados|Waterfall|p1a: Dachsbun\n|-damage|p1a: Dachsbun|0 fnt\n|faint|p1a: Dachsbun\n|\n|upkeep\n|\n|t:|1733914734\n|switch|p1a: Ditto|Ditto, L87|225/225\n|-transform|p1a: Ditto|p2a: Gyarados|[from] ability: Imposter\n|-ability|p1a: Ditto|Intimidate|boost\n|-unboost|p2a: Gyarados|atk|1\n|turn|14\n|\n|t:|1733914753\n|move|p1a: Ditto|Waterfall|p2a: Gyarados\n|-resisted|p2a: Gyarados\n|-damage|p2a: Gyarados|0 fnt\n|faint|p2a: Gyarados\n|\n|upkeep\n|\n|t:|1733914758\n|switch|p2a: Salamence|Salamence, L77, M|273/273\n|-ability|p2a: Salamence|Intimidate|boost\n|-unboost|p1a: Ditto|atk|1\n|turn|15\n|\n|t:|1733914765\n|switch|p1a: Golurk|Golurk, L87|297/297\n|switch|p2a: Pecharunt|Pecharunt, L77|262/262\n|\n|upkeep\n|turn|16\n|\n|t:|1733914769\n|move|p2a: Pecharunt|Shadow Ball|p1a: Golurk\n|-supereffective|p1a: Golurk\n|-damage|p1a: Golurk|151/297\n|move|p1a: Golurk|Poltergeist|p2a: Pecharunt\n|-activate|p2a: Pecharunt|move: Poltergeist|Rocky Helmet\n|-supereffective|p2a: Pecharunt\n|-damage|p2a: Pecharunt|0 fnt\n|faint|p2a: Pecharunt\n|\n|upkeep\n|\n|t:|1733914775\n|switch|p2a: Ceruledge|Ceruledge, L78, M|245/245\n|turn|17\n|\n|t:|1733914779\n|switch|p1a: Charizard|Charizard, L85, F|271/271\n|move|p2a: Ceruledge|Poltergeist|p1a: Charizard\n|-activate|p1a: Charizard|move: Poltergeist|Heavy-Duty Boots\n|-damage|p1a: Charizard|144/271\n|\n|upkeep\n|turn|18\n|\n|t:|1733914789\n|move|p1a: Charizard|Hurricane|p2a: Ceruledge|[miss]\n|-miss|p1a: Charizard|p2a: Ceruledge\n|move|p2a: Ceruledge|Swords Dance|p2a: Ceruledge\n|-boost|p2a: Ceruledge|atk|2\n|\n|upkeep\n|turn|19\n|\n|t:|1733914795\n|move|p1a: Charizard|Hurricane|p2a: Ceruledge\n|-damage|p2a: Ceruledge|119/245\n|move|p2a: Ceruledge|Bitter Blade|p1a: Charizard\n|-resisted|p1a: Charizard\n|-damage|p1a: Charizard|31/271\n|-heal|p2a: Ceruledge|176/245|[from] drain|[of] p1a: Charizard\n|\n|upkeep\n|turn|20\n|\n|t:|1733914802\n|move|p1a: Charizard|Earthquake|p2a: Ceruledge\n|-supereffective|p2a: Ceruledge\n|-damage|p2a: Ceruledge|28/245\n|-ability|p2a: Ceruledge|Weak Armor|boost\n|-unboost|p2a: Ceruledge|def|1\n|-boost|p2a: Ceruledge|spe|2\n|move|p2a: Ceruledge|Bitter Blade|p1a: Charizard\n|-resisted|p1a: Charizard\n|-damage|p1a: Charizard|0 fnt\n|-heal|p2a: Ceruledge|44/245|[from] drain|[of] p1a: Charizard\n|faint|p1a: Charizard\n|\n|upkeep\n|\n|t:|1733914806\n|switch|p1a: Ditto|Ditto, L87|225/225\n|-transform|p1a: Ditto|p2a: Ceruledge|[from] ability: Imposter\n|turn|21\n|\n|t:|1733914814\n|move|p1a: Ditto|Poltergeist|p2a: Ceruledge\n|-activate|p2a: Ceruledge|move: Poltergeist|Heavy-Duty Boots\n|-supereffective|p2a: Ceruledge\n|-damage|p2a: Ceruledge|0 fnt\n|faint|p2a: Ceruledge\n|\n|upkeep\n|\n|t:|1733914816\n|switch|p2a: Dunsparce|Dunsparce, L86, F|312/312\n|turn|22\n|\n|t:|1733914819\n|switch|p1a: Golurk|Golurk, L87|151/297\n|move|p2a: Dunsparce|Coil|p2a: Dunsparce\n|-boost|p2a: Dunsparce|atk|1\n|-boost|p2a: Dunsparce|def|1\n|-boost|p2a: Dunsparce|accuracy|1\n|\n|upkeep\n|turn|23\n|\n|t:|1733914825\n|switch|p2a: Swalot|Swalot, L90, M|326/326\n|move|p1a: Golurk|Dynamic Punch|p2a: Swalot\n|-resisted|p2a: Swalot\n|-damage|p2a: Swalot|257/326\n|-start|p2a: Swalot|confusion\n|\n|-heal|p2a: Swalot|277/326|[from] item: Leftovers\n|upkeep\n|turn|24\n|\n|t:|1733914829\n|switch|p1a: Toxtricity|Toxtricity, L82, M|257/257\n|-activate|p2a: Swalot|confusion\n|-damage|p2a: Swalot|249/326|[from] confusion\n|\n|-heal|p2a: Swalot|269/326|[from] item: Leftovers\n|upkeep\n|turn|25\n|\n|t:|1733914835\n|-terastallize|p1a: Toxtricity|Normal\n|move|p1a: Toxtricity|Shift Gear|p1a: Toxtricity\n|-boost|p1a: Toxtricity|spe|2\n|-boost|p1a: Toxtricity|atk|1\n|-activate|p2a: Swalot|confusion\n|move|p2a: Swalot|Earthquake|p1a: Toxtricity\n|-crit|p1a: Toxtricity\n|-damage|p1a: Toxtricity|129/257\n|\n|-heal|p2a: Swalot|289/326|[from] item: Leftovers\n|upkeep\n|turn|26\n|\n|t:|1733914843\n|-activate|p2a: Swalot|confusion\n|move|p2a: Swalot|Protect|p2a: Swalot\n|-singleturn|p2a: Swalot|Protect\n|move|p1a: Toxtricity|Boomburst|p2a: Swalot\n|-activate|p2a: Swalot|move: Protect\n|\n|-heal|p2a: Swalot|309/326|[from] item: Leftovers\n|upkeep\n|turn|27\n|\n|t:|1733914847\n|move|p1a: Toxtricity|Boomburst|p2a: Swalot\n|-damage|p2a: Swalot|104/326\n|-enditem|p1a: Toxtricity|Throat Spray\n|-boost|p1a: Toxtricity|spa|1|[from] item: Throat Spray\n|-activate|p2a: Swalot|confusion\n|move|p2a: Swalot|Sludge Bomb|p1a: Toxtricity\n|-damage|p1a: Toxtricity|17/257\n|\n|-heal|p2a: Swalot|124/326|[from] item: Leftovers\n|upkeep\n|turn|28\n|\n|t:|1733914853\n|move|p1a: Toxtricity|Boomburst|p2a: Swalot\n|-damage|p2a: Swalot|0 fnt\n|faint|p2a: Swalot\n|\n|upkeep\n|\n|t:|1733914856\n|switch|p2a: Salamence|Salamence, L77, M|273/273\n|-ability|p2a: Salamence|Intimidate|boost\n|-unboost|p1a: Toxtricity|atk|1\n|turn|29\n|\n|t:|1733914864\n|move|p1a: Toxtricity|Overdrive|p2a: Salamence\n|-damage|p2a: Salamence|71/273\n|move|p2a: Salamence|Earthquake|p1a: Toxtricity\n|-damage|p1a: Toxtricity|0 fnt\n|faint|p1a: Toxtricity\n|\n|upkeep\n|\n|t:|1733914870\n|switch|p1a: Golurk|Golurk, L87|151/297\n|turn|30\n|\n|t:|1733914878\n|-terastallize|p2a: Salamence|Dragon\n|move|p2a: Salamence|Outrage|p1a: Golurk\n|-damage|p1a: Golurk|0 fnt\n|faint|p1a: Golurk\n|\n|upkeep\n|\n|t:|1733914883\n|switch|p1a: Ditto|Ditto, L87|225/225\n|-transform|p1a: Ditto|p2a: Salamence|[from] ability: Imposter\n|-ability|p1a: Ditto|Intimidate|boost\n|-unboost|p2a: Salamence|atk|1\n|-start|p1a: Ditto|typechange|Dragon/Flying|[silent]\n|turn|31\n|\n|t:|1733914886\n|move|p1a: Ditto|Outrage|p2a: Salamence\n|-supereffective|p2a: Salamence\n|-damage|p2a: Salamence|0 fnt\n|faint|p2a: Salamence\n|\n|upkeep\n|\n|t:|1733914893\n|switch|p2a: Dunsparce|Dunsparce, L86, F|312/312\n|turn|32\n|\n|t:|1733914895\n|move|p1a: Ditto|Outrage|p2a: Dunsparce|[from]lockedmove\n|-damage|p2a: Dunsparce|188/312\n|-start|p1a: Ditto|confusion|[fatigue]\n|move|p2a: Dunsparce|Coil|p2a: Dunsparce\n|-boost|p2a: Dunsparce|atk|1\n|-boost|p2a: Dunsparce|def|1\n|-boost|p2a: Dunsparce|accuracy|1\n|\n|upkeep\n|turn|33\n|\n|t:|1733914899\n|-activate|p1a: Ditto|confusion\n|-damage|p1a: Ditto|186/225|[from] confusion\n|move|p2a: Dunsparce|Roost|p2a: Dunsparce\n|-heal|p2a: Dunsparce|312/312\n|-singleturn|p2a: Dunsparce|move: Roost\n|\n|upkeep\n|turn|34\n|-message|distant world star forfeited.\n|\n|win|Lrogue \u30a8\u30eb\u30ed\u30fc\u30b0\u2740\n|raw|distant world star's rating: 2113 &rarr; <strong>2097</strong><br />(-16 for losing)\n|raw|Lrogue \u30a8\u30eb\u30ed\u30fc\u30b0\u2740's rating: 2188 &rarr; <strong>2204</strong><br />(+16 for winning)\n|l|\u2606distant world star\n|player|p1|\n", "inputlog": ">version bfd83cad13791eb5a5a409923076391caf6fb4d4\n>start {\"formatid\":\"gen9randombattle\",\"seed\":[2756,30494,20236,49585],\"rated\":\"Rated battle\"}\n>player p1 {\"name\":\"distant world star\",\"avatar\":\"265\",\"rating\":2113,\"seed\":[17972,34885,753,9058]}\n>player p2 {\"name\":\"Lrogue \u30a8\u30eb\u30ed\u30fc\u30b0\u2740\",\"avatar\":\"#rbtt7teamchiyuf\",\"rating\":2188,\"seed\":[9899,36124,38352,15132]}\n>p1 move wish\n>p2 switch 3\n>p1 switch 5\n>p2 move toxic\n>p1 switch 2\n>p2 move earthquake\n>p1 move earthquake\n>p2 switch 6\n>p1 move stoneedge\n>p2 move waterfall\n>p1 move stoneedge\n>p2 move waterfall\n>p1 switch 3\n>p1 move earthquake\n>p2 move dragondance\n>p1 switch 5\n>p2 move waterfall\n>p1 move wish\n>p2 move dragondance\n>p1 move playrough\n>p2 move dragondance\n>p1 move playrough\n>p2 move waterfall\n>p1 move protect\n>p2 move waterfall\n>p1 move playrough\n>p2 move waterfall\n>p1 switch 4\n>p1 move waterfall\n>p2 move waterfall\n>p2 switch 2\n>p1 switch 6\n>p2 switch 4\n>p1 move poltergeist\n>p2 move shadowball\n>p2 switch 3\n>p1 switch 5\n>p2 move poltergeist\n>p1 move hurricane\n>p2 move swordsdance\n>p1 move hurricane\n>p2 move bitterblade\n>p1 move earthquake\n>p2 move bitterblade\n>p1 switch 6\n>p1 move poltergeist\n>p2 move poltergeist\n>p2 switch 5\n>p1 switch 5\n>p2 move coil\n>p1 move dynamicpunch\n>p2 switch 6\n>p1 switch 2\n>p2 move earthquake\n>p1 move shiftgear terastallize\n>p2 move earthquake\n>p1 move boomburst\n>p2 move protect\n>p1 move boomburst\n>p2 move sludgebomb\n>p1 move boomburst\n>p2 move sludgebomb\n>p2 switch 4\n>p1 move overdrive\n>p2 move earthquake\n>p1 switch 2\n>p1 move dynamicpunch\n>p2 move outrage terastallize\n>p1 switch 5\n>p1 move outrage\n>p2 move outrage\n>p2 switch 6\n>p1 move outrage\n>p2 move coil\n>p1 move outrage\n>p2 move roost\n>forcelose p1", "uploadtime": 1733914912, "views": 2, "formatid": "gen9randombattle", "rating": 2097, "private": 0, "password": null}