{"id": "gen9randombattle-2260264465", "format": "[Gen 9] Random Battle", "players": ["dustp07", "KSS5885"], "log": "|j|\u2606dustp07\n|j|\u2606KSS5885\n|t:|1733832076\n|gametype|singles\n|player|p1|dustp07|170|\n|player|p2|KSS5885|fisherman-gen4|\n|teamsize|p1|6\n|teamsize|p2|6\n|gen|9\n|tier|[Gen 9] Random Battle\n|rule|Species Clause: Limit one of each Pok\u00e9mon\n|rule|HP Percentage Mod: HP is shown in percentages\n|rule|Sleep Clause Mod: Limit one foe put to sleep\n|rule|Illusion Level Mod: Illusion disguises the Pok\u00e9mon's true level\n|\n|t:|1733832076\n|start\n|switch|p1a: Vigoroth|Vigoroth, L85, M|275/275\n|switch|p2a: Lurantis|Lurantis, L87, F|264/264\n|turn|1\n|\n|t:|1733832091\n|move|p1a: Vigoroth|Body Slam|p2a: Lurantis\n|-damage|p2a: Lurantis|183/264\n|-status|p2a: Lurantis|par\n|move|p2a: Lurantis|Superpower|p1a: Vigoroth\n|-supereffective|p1a: Vigoroth\n|-damage|p1a: Vigoroth|139/275\n|-boost|p2a: Lurantis|atk|1\n|-boost|p2a: Lurantis|def|1\n|\n|upkeep\n|turn|2\n|\n|t:|1733832108\n|switch|p1a: Hoopa|Hoopa, L85|275/275\n|move|p2a: Lurantis|Superpower|p1a: Hoopa\n|-immune|p1a: Hoopa\n|\n|upkeep\n|turn|3\n|inactive|Battle timer is ON: inactive players will automatically lose when time's up. (requested by dustp07)\n|\n|t:|1733832130\n|move|p1a: Hoopa|Psychic|p2a: Lurantis\n|-damage|p2a: Lurantis|99/264 par\n|cant|p2a: Lurantis|par\n|\n|upkeep\n|turn|4\n|\n|t:|1733832142\n|move|p1a: Hoopa|Psychic|p2a: Lurantis\n|-damage|p2a: Lurantis|17/264 par\n|cant|p2a: Lurantis|par\n|\n|upkeep\n|turn|5\n|\n|t:|1733832145\n|move|p1a: Hoopa|Psychic|p2a: Lurantis\n|-damage|p2a: Lurantis|0 fnt\n|faint|p2a: Lurantis\n|\n|upkeep\n|\n|t:|1733832162\n|switch|p2a: Wo-Chien|Wo-Chien, L83|277/277\n|-ability|p2a: Wo-Chien|Tablets of Ruin\n|turn|6\n|\n|t:|1733832174\n|switch|p1a: Vigoroth|Vigoroth, L85, M|139/275\n|move|p2a: Wo-Chien|Stun Spore|p1a: Vigoroth\n|-status|p1a: Vigoroth|par\n|\n|upkeep\n|turn|7\n|\n|t:|1733832182\n|move|p2a: Wo-Chien|Knock Off|p1a: Vigoroth\n|-damage|p1a: Vigoroth|72/275 par\n|-enditem|p1a: Vigoroth|Eviolite|[from] move: Knock Off|[of] p2a: Wo-Chien\n|move|p1a: Vigoroth|Body Slam|p2a: Wo-Chien\n|-damage|p2a: Wo-Chien|219/277\n|\n|-heal|p2a: Wo-Chien|236/277|[from] item: Leftovers\n|upkeep\n|turn|8\n|\n|t:|1733832192\n|move|p2a: Wo-Chien|Leech Seed|p1a: Vigoroth\n|-start|p1a: Vigoroth|move: Leech Seed\n|move|p1a: Vigoroth|Slack Off|p1a: Vigoroth\n|-heal|p1a: Vigoroth|210/275 par\n|\n|-heal|p2a: Wo-Chien|253/277|[from] item: Leftovers\n|-damage|p1a: Vigoroth|176/275 par|[from] Leech Seed|[of] p2a: Wo-Chien\n|-heal|p2a: Wo-Chien|277/277|[silent]\n|upkeep\n|turn|9\n|\n|t:|1733832207\n|move|p2a: Wo-Chien|Leech Seed||[still]\n|-fail|p2a: Wo-Chien\n|move|p1a: Vigoroth|Body Slam|p2a: Wo-Chien\n|-damage|p2a: Wo-Chien|223/277\n|-status|p2a: Wo-Chien|par\n|\n|-heal|p2a: Wo-Chien|240/277 par|[from] item: Leftovers\n|-damage|p1a: Vigoroth|142/275 par|[from] Leech Seed|[of] p2a: Wo-Chien\n|-heal|p2a: Wo-Chien|274/277 par|[silent]\n|upkeep\n|turn|10\n|\n|t:|1733832219\n|cant|p1a: Vigoroth|par\n|move|p2a: Wo-Chien|Knock Off|p1a: Vigoroth\n|-damage|p1a: Vigoroth|79/275 par\n|\n|-heal|p2a: Wo-Chien|277/277 par|[from] item: Leftovers\n|-damage|p1a: Vigoroth|45/275 par|[from] Leech Seed|[of] p2a: Wo-Chien\n|upkeep\n|turn|11\n|\n|t:|1733832222\n|move|p1a: Vigoroth|Slack Off|p1a: Vigoroth\n|-heal|p1a: Vigoroth|183/275 par\n|move|p2a: Wo-Chien|Knock Off|p1a: Vigoroth\n|-damage|p1a: Vigoroth|114/275 par\n|\n|-damage|p1a: Vigoroth|80/275 par|[from] Leech Seed|[of] p2a: Wo-Chien\n|upkeep\n|turn|12\n|\n|t:|1733832225\n|move|p1a: Vigoroth|Slack Off|p1a: Vigoroth\n|-heal|p1a: Vigoroth|218/275 par\n|move|p2a: Wo-Chien|Knock Off|p1a: Vigoroth\n|-damage|p1a: Vigoroth|158/275 par\n|\n|-damage|p1a: Vigoroth|124/275 par|[from] Leech Seed|[of] p2a: Wo-Chien\n|upkeep\n|turn|13\n|\n|t:|1733832233\n|move|p1a: Vigoroth|Slack Off|p1a: Vigoroth\n|-heal|p1a: Vigoroth|262/275 par\n|cant|p2a: Wo-Chien|par\n|\n|-damage|p1a: Vigoroth|228/275 par|[from] Leech Seed|[of] p2a: Wo-Chien\n|upkeep\n|turn|14\n|\n|t:|1733832247\n|switch|p1a: Ribombee|Ribombee, L82, F|233/233\n|move|p2a: Wo-Chien|Knock Off|p1a: Ribombee\n|-resisted|p1a: Ribombee\n|-damage|p1a: Ribombee|167/233\n|-enditem|p1a: Ribombee|Heavy-Duty Boots|[from] move: Knock Off|[of] p2a: Wo-Chien\n|\n|upkeep\n|turn|15\n|\n|t:|1733832259\n|move|p1a: Ribombee|Bug Buzz|p2a: Wo-Chien\n|-supereffective|p2a: Wo-Chien\n|-damage|p2a: Wo-Chien|45/277 par\n|move|p2a: Wo-Chien|Stun Spore|p1a: Ribombee\n|-status|p1a: Ribombee|par\n|\n|-heal|p2a: Wo-Chien|62/277 par|[from] item: Leftovers\n|upkeep\n|turn|16\n|\n|t:|1733832267\n|move|p1a: Ribombee|Bug Buzz|p2a: Wo-Chien\n|-supereffective|p2a: Wo-Chien\n|-damage|p2a: Wo-Chien|0 fnt\n|faint|p2a: Wo-Chien\n|\n|upkeep\n|\n|t:|1733832284\n|switch|p2a: Snorlax|Snorlax, L82, M|397/397\n|turn|17\n|\n|t:|1733832295\n|switch|p1a: Vigoroth|Vigoroth, L85, M|228/275 par\n|move|p2a: Snorlax|Earthquake|p1a: Vigoroth\n|-damage|p1a: Vigoroth|155/275 par\n|\n|upkeep\n|turn|18\n|\n|t:|1733832318\n|move|p1a: Vigoroth|Slack Off|p1a: Vigoroth\n|-heal|p1a: Vigoroth|275/275 par\n|move|p2a: Snorlax|Curse|p2a: Snorlax\n|-unboost|p2a: Snorlax|spe|1\n|-boost|p2a: Snorlax|atk|1\n|-boost|p2a: Snorlax|def|1\n|\n|upkeep\n|turn|19\n|\n|t:|1733832342\n|switch|p1a: Hoopa|Hoopa, L85|275/275\n|move|p2a: Snorlax|Body Slam|p1a: Hoopa\n|-immune|p1a: Hoopa\n|\n|upkeep\n|turn|20\n|\n|t:|1733832352\n|move|p1a: Hoopa|Trick|p2a: Snorlax\n|-activate|p1a: Hoopa|move: Trick|[of] p2a: Snorlax\n|-item|p2a: Snorlax|Choice Scarf|[from] move: Trick\n|-item|p1a: Hoopa|Leftovers|[from] move: Trick\n|move|p2a: Snorlax|Earthquake|p1a: Hoopa\n|-damage|p1a: Hoopa|124/275\n|\n|-heal|p1a: Hoopa|141/275|[from] item: Leftovers\n|upkeep\n|turn|21\n|\n|t:|1733832369\n|switch|p1a: Chesnaught|Chesnaught, L84, M|285/285\n|move|p2a: Snorlax|Earthquake|p1a: Chesnaught\n|-resisted|p1a: Chesnaught\n|-damage|p1a: Chesnaught|246/285\n|\n|upkeep\n|turn|22\n|\n|t:|1733832381\n|switch|p2a: Qwilfish|Qwilfish-Hisui, L83, M|244/244\n|-ability|p2a: Qwilfish|Intimidate|boost\n|-unboost|p1a: Chesnaught|atk|1\n|move|p1a: Chesnaught|Body Press|p2a: Qwilfish\n|-damage|p2a: Qwilfish|166/244\n|\n|upkeep\n|turn|23\n|\n|t:|1733832396\n|switch|p1a: Ribombee|Ribombee, L82, F|167/233 par\n|move|p2a: Qwilfish|Toxic Spikes|p1a: Ribombee\n|-sidestart|p1: dustp07|move: Toxic Spikes\n|\n|upkeep\n|turn|24\n|inactive|dustp07 has 270 seconds left.\n|\n|t:|1733832416\n|-terastallize|p1a: Ribombee|Ground\n|move|p2a: Qwilfish|Toxic Spikes|p1a: Ribombee\n|-sidestart|p1: dustp07|move: Toxic Spikes\n|move|p1a: Ribombee|Tera Blast|p2a: Qwilfish|[anim] Tera Blast Ground\n|-supereffective|p2a: Qwilfish\n|-damage|p2a: Qwilfish|16/244\n|\n|upkeep\n|turn|25\n|inactive|dustp07 has 270 seconds left.\n|\n|t:|1733832429\n|move|p2a: Qwilfish|Spikes|p1a: Ribombee\n|-sidestart|p1: dustp07|Spikes\n|move|p1a: Ribombee|Bug Buzz|p2a: Qwilfish\n|-damage|p2a: Qwilfish|0 fnt\n|faint|p2a: Qwilfish\n|\n|upkeep\n|\n|t:|1733832434\n|switch|p2a: Snorlax|Snorlax, L82, M|397/397\n|turn|26\n|inactive|dustp07 has 270 seconds left.\n|\n|t:|1733832460\n|switch|p1a: Vigoroth|Vigoroth, L85, M|275/275 par\n|-damage|p1a: Vigoroth|241/275 par|[from] Spikes\n|move|p2a: Snorlax|Body Slam|p1a: Vigoroth\n|-damage|p1a: Vigoroth|148/275 par\n|\n|upkeep\n|turn|27\n|\n|t:|1733832469\n|move|p2a: Snorlax|Body Slam|p1a: Vigoroth\n|-damage|p1a: Vigoroth|52/275 par\n|move|p1a: Vigoroth|Slack Off|p1a: Vigoroth\n|-heal|p1a: Vigoroth|190/275 par\n|\n|upkeep\n|turn|28\n|\n|t:|1733832474\n|move|p2a: Snorlax|Body Slam|p1a: Vigoroth\n|-damage|p1a: Vigoroth|97/275 par\n|move|p1a: Vigoroth|Slack Off|p1a: Vigoroth\n|-heal|p1a: Vigoroth|235/275 par\n|\n|upkeep\n|turn|29\n|\n|t:|1733832488\n|move|p2a: Snorlax|Body Slam|p1a: Vigoroth\n|-damage|p1a: Vigoroth|132/275 par\n|move|p1a: Vigoroth|Bulk Up|p1a: Vigoroth\n|-boost|p1a: Vigoroth|atk|1\n|-boost|p1a: Vigoroth|def|1\n|\n|upkeep\n|turn|30\n|\n|t:|1733832496\n|move|p2a: Snorlax|Body Slam|p1a: Vigoroth\n|-damage|p1a: Vigoroth|66/275 par\n|move|p1a: Vigoroth|Slack Off|p1a: Vigoroth\n|-heal|p1a: Vigoroth|204/275 par\n|\n|upkeep\n|turn|31\n|\n|t:|1733832509\n|move|p2a: Snorlax|Body Slam|p1a: Vigoroth\n|-damage|p1a: Vigoroth|143/275 par\n|move|p1a: Vigoroth|Body Slam|p2a: Snorlax\n|-damage|p2a: Snorlax|253/397\n|-status|p2a: Snorlax|par\n|\n|upkeep\n|turn|32\n|\n|t:|1733832521\n|move|p1a: Vigoroth|Bulk Up|p1a: Vigoroth\n|-boost|p1a: Vigoroth|atk|1\n|-boost|p1a: Vigoroth|def|1\n|cant|p2a: Snorlax|par\n|\n|upkeep\n|turn|33\n|\n|t:|1733832529\n|move|p1a: Vigoroth|Body Slam|p2a: Snorlax\n|-damage|p2a: Snorlax|48/397 par\n|move|p2a: Snorlax|Body Slam|p1a: Vigoroth\n|-damage|p1a: Vigoroth|91/275 par\n|\n|upkeep\n|turn|34\n|\n|t:|1733832536\n|move|p1a: Vigoroth|Body Slam|p2a: Snorlax\n|-damage|p2a: Snorlax|0 fnt\n|faint|p2a: Snorlax\n|\n|upkeep\n|l|\u2606KSS5885\n|inactive|KSS5885 disconnected and has 300 seconds to reconnect!\n|player|p2|\n|j|\u2606KSS5885\n|inactive|KSS5885 reconnected and has 285 seconds left.\n|player|p2|KSS5885|fisherman-gen4|\n|\n|t:|1733832568\n|switch|p2a: Pawmot|Pawmot, L80, M|243/243\n|turn|35\n|inactive|dustp07 has 270 seconds left.\n|inactive|dustp07 has 240 seconds left.\n|\n|t:|1733832632\n|switch|p1a: Ribombee|Ribombee, L82, F, tera:Ground|167/233 par\n|-damage|p1a: Ribombee|138/233 par|[from] Spikes\n|move|p2a: Pawmot|Close Combat|p1a: Ribombee\n|-damage|p1a: Ribombee|0 fnt\n|-unboost|p2a: Pawmot|def|1\n|-unboost|p2a: Pawmot|spd|1\n|faint|p1a: Ribombee\n|-damage|p2a: Pawmot|219/243|[from] item: Life Orb\n|\n|upkeep\n|inactive|dustp07 has 240 seconds left.\n|\n|t:|1733832654\n|switch|p1a: Luxray|Luxray, L88, M|284/284\n|-status|p1a: Luxray|tox\n|-damage|p1a: Luxray|249/284 tox|[from] Spikes\n|-ability|p1a: Luxray|Intimidate|boost\n|-unboost|p2a: Pawmot|atk|1\n|turn|36\n|\n|t:|1733832673\n|move|p2a: Pawmot|Close Combat|p1a: Luxray\n|-damage|p1a: Luxray|127/284 tox\n|-unboost|p2a: Pawmot|def|1\n|-unboost|p2a: Pawmot|spd|1\n|-damage|p2a: Pawmot|195/243|[from] item: Life Orb\n|move|p1a: Luxray|Play Rough|p2a: Pawmot\n|-supereffective|p2a: Pawmot\n|-crit|p2a: Pawmot\n|-damage|p2a: Pawmot|0 fnt\n|faint|p2a: Pawmot\n|\n|-damage|p1a: Luxray|110/284 tox|[from] psn\n|upkeep\n|\n|t:|1733832677\n|switch|p2a: Gallade|Gallade, L81, M|243/243\n|turn|37\n|inactive|dustp07 has 240 seconds left.\n|\n|t:|1733832693\n|move|p2a: Gallade|Sacred Sword|p1a: Luxray\n|-damage|p1a: Luxray|0 fnt\n|faint|p1a: Luxray\n|-damage|p2a: Gallade|219/243|[from] item: Life Orb\n|\n|upkeep\n|\n|t:|1733832700\n|switch|p1a: Chesnaught|Chesnaught, L84, M|246/285\n|-status|p1a: Chesnaught|tox\n|-damage|p1a: Chesnaught|211/285 tox|[from] Spikes\n|turn|38\n|\n|t:|1733832720\n|move|p2a: Gallade|Agility|p2a: Gallade\n|-boost|p2a: Gallade|spe|2\n|move|p1a: Chesnaught|Synthesis|p1a: Chesnaught\n|-heal|p1a: Chesnaught|285/285 tox\n|\n|-damage|p1a: Chesnaught|268/285 tox|[from] psn\n|upkeep\n|turn|39\n|\n|t:|1733832726\n|move|p2a: Gallade|Sacred Sword|p1a: Chesnaught\n|-damage|p1a: Chesnaught|107/285 tox\n|-damage|p2a: Gallade|179/243|[from] item: Rocky Helmet|[of] p1a: Chesnaught\n|-damage|p2a: Gallade|155/243|[from] item: Life Orb\n|move|p1a: Chesnaught|Knock Off|p2a: Gallade\n|-damage|p2a: Gallade|66/243\n|-enditem|p2a: Gallade|Life Orb|[from] move: Knock Off|[of] p1a: Chesnaught\n|\n|-damage|p1a: Chesnaught|73/285 tox|[from] psn\n|upkeep\n|turn|40\n|inactive|dustp07 has 240 seconds left.\n|\n|t:|1733832746\n|move|p2a: Gallade|Sacred Sword|p1a: Chesnaught\n|-damage|p1a: Chesnaught|0 fnt\n|-damage|p2a: Gallade|26/243|[from] item: Rocky Helmet|[of] p1a: Chesnaught\n|faint|p1a: Chesnaught\n|\n|upkeep\n|\n|t:|1733832769\n|switch|p1a: Eiscue|Eiscue, L88, M|274/274\n|-status|p1a: Eiscue|tox\n|-damage|p1a: Eiscue|240/274 tox|[from] Spikes\n|turn|41\n|\n|t:|1733832780\n|-terastallize|p2a: Gallade|Fighting\n|move|p2a: Gallade|Sacred Sword|p1a: Eiscue\n|-activate|p1a: Eiscue|ability: Ice Face\n|-damage|p1a: Eiscue|240/274 tox\n|detailschange|p1a: Eiscue|Eiscue-Noice, L88, M\n|move|p1a: Eiscue|Liquidation|p2a: Gallade\n|-damage|p2a: Gallade|0 fnt\n|faint|p2a: Gallade\n|\n|win|dustp07\n", "inputlog": ">version bfd83cad13791eb5a5a409923076391caf6fb4d4\n>start {\"formatid\":\"gen9randombattle\",\"seed\":[57214,35635,11870,11251]}\n>player p1 {\"name\":\"dustp07\",\"avatar\":\"170\",\"rating\":0,\"seed\":[44443,44823,1794,26967]}\n>player p2 {\"name\":\"KSS5885\",\"avatar\":\"fisherman-gen4\",\"rating\":0,\"seed\":[61717,62732,32907,3823]}\n>p1 move bodyslam\n>p2 move superpower\n>p1 switch 5\n>p2 move superpower\n>p1 move psychic\n>p2 move leechlife\n>p1 move psychic\n>p2 move leechlife\n>p1 move psychic\n>p2 move leechlife\n>p2 switch 2\n>p1 switch 5\n>p2 move stunspore\n>p1 move bodyslam\n>p2 move knockoff\n>p1 move slackoff\n>p2 move leechseed\n>p1 move bodyslam\n>p2 move leechseed\n>p1 move slackoff\n>p2 move knockoff\n>p1 move slackoff\n>p2 move knockoff\n>p1 move slackoff\n>p2 move knockoff\n>p1 move slackoff\n>p2 move knockoff\n>p1 switch 2\n>p2 move knockoff\n>p1 move bugbuzz\n>p2 move stunspore\n>p1 move bugbuzz\n>p2 move leechseed\n>p2 switch 6\n>p1 switch 2\n>p2 move earthquake\n>p1 move slackoff\n>p2 move curse\n>p1 switch 5\n>p2 move bodyslam\n>p1 move trick\n>p2 move earthquake\n>p1 switch 4\n>p2 move earthquake\n>p1 move bodypress\n>p2 switch 4\n>p1 switch 2\n>p2 move toxicspikes\n>p1 move terablast terastallize\n>p2 move toxicspikes\n>p1 move bugbuzz\n>p2 move spikes\n>p2 switch 4\n>p1 switch 5\n>p2 move bodyslam\n>p1 move slackoff\n>p2 move bodyslam\n>p1 move slackoff\n>p2 move bodyslam\n>p1 move bulkup\n>p2 move bodyslam\n>p1 move slackoff\n>p2 move bodyslam\n>p1 move bodyslam\n>p2 move bodyslam\n>p1 move bulkup\n>p2 move bodyslam\n>p1 move bodyslam\n>p2 move bodyslam\n>p1 move bodyslam\n>p2 move bodyslam\n>p2 switch 5\n>p1 switch 5\n>p2 move closecombat\n>p1 switch 6\n>p1 move playrough\n>p2 move closecombat\n>p2 switch 3\n>p1 move playrough\n>p2 move sacredsword\n>p1 switch 2\n>p1 move synthesis\n>p2 move agility\n>p1 move knockoff\n>p2 move sacredsword\n>p1 move synthesis\n>p2 move sacredsword\n>p1 switch 3\n>p1 move liquidation\n>p2 move sacredsword terastallize", "uploadtime": 1733832792, "views": 1, "formatid": "gen9randombattle", "rating": null, "private": 0, "password": null}