{"id": "gen9randombattle-2133814677", "format": "[Gen 9] Random Battle", "players": ["chemcoop", "MizuriKip"], "log": "|badge|p1|bronze|gen9randombattle|100-1\n|uhtml|medal-msg|<div class=\"broadcast-blue\">Curious what those medals under the avatar are? PS now has Ladder Seasons! For more information, check out the <a href=\"https://www.smogon.com/forums/threads/3740067/\">thread on Smogon.</a></div>\n|j|\u2606chemcoop\n|j|\u2606MizuriKip\n|t:|1717106064\n|gametype|singles\n|player|p1|chemcoop|#chemcoop|2242\n|player|p2|MizuriKip|zinnia|2274\n|teamsize|p1|6\n|teamsize|p2|6\n|gen|9\n|tier|[Gen 9] Random Battle\n|rated|\n|rule|Species Clause: Limit one of each Pok\u00e9mon\n|rule|HP Percentage Mod: HP is shown in percentages\n|rule|Sleep Clause Mod: Limit one foe put to sleep\n|rule|Illusion Level Mod: Illusion disguises the Pok\u00e9mon's true level\n|\n|t:|1717106064\n|start\n|switch|p1a: Bronzong|Bronzong, L88|261/261\n|switch|p2a: Tauros|Tauros-Paldea-Aqua, L81, M|252/252\n|turn|1\n|c|\u2606MizuriKip|hey its you again\n|c|\u2606MizuriKip|glhf\n|\n|t:|1717106104\n|switch|p2a: Deoxys|Deoxys-Defense, L86|226/226\n|-ability|p2a: Deoxys|Pressure\n|move|p1a: Bronzong|Psychic|p2a: Deoxys\n|-resisted|p2a: Deoxys\n|-damage|p2a: Deoxys|198/226\n|\n|-heal|p2a: Deoxys|212/226|[from] item: Leftovers\n|upkeep\n|turn|2\n|j| Badly Hao\n|c| Badly Hao|its urshifu!\n|inactive|Battle timer is ON: inactive players will automatically lose when time's up. (requested by chemcoop)\n|\n|t:|1717106131\n|switch|p1a: Eternatus|Eternatus, L69|308/308\n|-ability|p1a: Eternatus|Pressure\n|move|p2a: Deoxys|Dark Pulse|p1a: Eternatus\n|-damage|p1a: Eternatus|251/308\n|\n|-heal|p2a: Deoxys|226/226|[from] item: Leftovers\n|upkeep\n|turn|3\n|c|\u2606MizuriKip|Do you mind me what you won for the custom avatar?\n|\n|t:|1717106142\n|move|p1a: Eternatus|Toxic|p2a: Deoxys\n|-status|p2a: Deoxys|tox\n|move|p2a: Deoxys|Psychic|p1a: Eternatus\n|-supereffective|p1a: Eternatus\n|-damage|p1a: Eternatus|81/308\n|\n|-damage|p2a: Deoxys|212/226 tox|[from] psn\n|upkeep\n|turn|4\n|\n|t:|1717106152\n|move|p1a: Eternatus|Recover|p1a: Eternatus\n|-heal|p1a: Eternatus|235/308\n|move|p2a: Deoxys|Psychic|p1a: Eternatus\n|-supereffective|p1a: Eternatus\n|-damage|p1a: Eternatus|43/308\n|\n|-heal|p2a: Deoxys|226/226 tox|[from] item: Leftovers\n|-damage|p2a: Deoxys|198/226 tox|[from] psn\n|upkeep\n|turn|5\n|\n|t:|1717106156\n|move|p1a: Eternatus|Recover|p1a: Eternatus\n|-heal|p1a: Eternatus|197/308\n|move|p2a: Deoxys|Calm Mind|p2a: Deoxys\n|-boost|p2a: Deoxys|spa|1\n|-boost|p2a: Deoxys|spd|1\n|\n|-heal|p2a: Deoxys|212/226 tox|[from] item: Leftovers\n|-damage|p2a: Deoxys|170/226 tox|[from] psn\n|upkeep\n|turn|6\n|\n|t:|1717106161\n|switch|p1a: Dudunsparce|Dudunsparce-Three-Segment, L82, F|339/339\n|move|p2a: Deoxys|Psychic|p1a: Dudunsparce\n|-damage|p1a: Dudunsparce|210/339\n|\n|-heal|p2a: Deoxys|184/226 tox|[from] item: Leftovers\n|-heal|p1a: Dudunsparce|231/339|[from] item: Leftovers\n|-damage|p2a: Deoxys|128/226 tox|[from] psn\n|upkeep\n|turn|7\n|\n|t:|1717106172\n|switch|p2a: Hitmonchan|Hitmonchan, L87, M|229/229\n|move|p1a: Dudunsparce|Roost|p1a: Dudunsparce\n|-heal|p1a: Dudunsparce|339/339\n|-singleturn|p1a: Dudunsparce|move: Roost\n|\n|upkeep\n|turn|8\n|\n|t:|1717106188\n|switch|p1a: Eternatus|Eternatus, L69|197/308\n|-ability|p1a: Eternatus|Pressure\n|move|p2a: Hitmonchan|Bulk Up|p2a: Hitmonchan\n|-boost|p2a: Hitmonchan|atk|1\n|-boost|p2a: Hitmonchan|def|1\n|\n|upkeep\n|turn|9\n|\n|t:|1717106207\n|switch|p2a: Deoxys|Deoxys-Defense, L86|128/226 tox\n|-ability|p2a: Deoxys|Pressure\n|move|p1a: Eternatus|Toxic|p2a: Deoxys\n|-fail|p2a: Deoxys|tox\n|\n|-heal|p2a: Deoxys|142/226 tox|[from] item: Leftovers\n|-damage|p2a: Deoxys|128/226 tox|[from] psn\n|upkeep\n|turn|10\n|\n|t:|1717106217\n|switch|p1a: Dudunsparce|Dudunsparce-Three-Segment, L82, F|339/339\n|move|p2a: Deoxys|Recover|p2a: Deoxys\n|-heal|p2a: Deoxys|226/226 tox\n|\n|-damage|p2a: Deoxys|198/226 tox|[from] psn\n|upkeep\n|turn|11\n|\n|t:|1717106230\n|switch|p2a: Hitmonchan|Hitmonchan, L87, M|229/229\n|move|p1a: Dudunsparce|Boomburst|p2a: Hitmonchan\n|-damage|p2a: Hitmonchan|117/229\n|\n|-heal|p2a: Hitmonchan|131/229|[from] item: Leftovers\n|upkeep\n|turn|12\n|\n|t:|1717106235\n|switch|p1a: Eternatus|Eternatus, L69|197/308\n|-ability|p1a: Eternatus|Pressure\n|move|p2a: Hitmonchan|Knock Off|p1a: Eternatus\n|-damage|p1a: Eternatus|101/308\n|-damage|p2a: Hitmonchan|93/229|[from] item: Rocky Helmet|[of] p1a: Eternatus\n|-enditem|p1a: Eternatus|Rocky Helmet|[from] move: Knock Off|[of] p2a: Hitmonchan\n|\n|-heal|p2a: Hitmonchan|107/229|[from] item: Leftovers\n|upkeep\n|turn|13\n|\n|t:|1717106246\n|switch|p2a: Espathra|Espathra, L80, M|283/283\n|move|p1a: Eternatus|Recover|p1a: Eternatus\n|-heal|p1a: Eternatus|255/308\n|\n|upkeep\n|turn|14\n|\n|t:|1717106258\n|switch|p2a: Deoxys|Deoxys-Defense, L86|198/226 tox\n|-ability|p2a: Deoxys|Pressure\n|move|p1a: Eternatus|Toxic|p2a: Deoxys\n|-fail|p2a: Deoxys|tox\n|\n|-heal|p2a: Deoxys|212/226 tox|[from] item: Leftovers\n|-damage|p2a: Deoxys|198/226 tox|[from] psn\n|upkeep\n|turn|15\n|\n|t:|1717106272\n|switch|p1a: Dudunsparce|Dudunsparce-Three-Segment, L82, F|339/339\n|move|p2a: Deoxys|Calm Mind|p2a: Deoxys\n|-boost|p2a: Deoxys|spa|1\n|-boost|p2a: Deoxys|spd|1\n|\n|-heal|p2a: Deoxys|212/226 tox|[from] item: Leftovers\n|-damage|p2a: Deoxys|184/226 tox|[from] psn\n|upkeep\n|turn|16\n|\n|t:|1717106286\n|move|p2a: Deoxys|Psychic|p1a: Dudunsparce\n|-damage|p1a: Dudunsparce|191/339\n|move|p1a: Dudunsparce|Calm Mind|p1a: Dudunsparce\n|-boost|p1a: Dudunsparce|spa|1\n|-boost|p1a: Dudunsparce|spd|1\n|\n|-heal|p2a: Deoxys|198/226 tox|[from] item: Leftovers\n|-heal|p1a: Dudunsparce|212/339|[from] item: Leftovers\n|-damage|p2a: Deoxys|156/226 tox|[from] psn\n|upkeep\n|turn|17\n|\n|t:|1717106291\n|switch|p2a: Hitmonchan|Hitmonchan, L87, M|107/229\n|move|p1a: Dudunsparce|Roost|p1a: Dudunsparce\n|-heal|p1a: Dudunsparce|339/339\n|-singleturn|p1a: Dudunsparce|move: Roost\n|\n|-heal|p2a: Hitmonchan|121/229|[from] item: Leftovers\n|upkeep\n|turn|18\n|\n|t:|1717106296\n|-terastallize|p1a: Dudunsparce|Ghost\n|move|p2a: Hitmonchan|Drain Punch|p1a: Dudunsparce\n|-immune|p1a: Dudunsparce\n|move|p1a: Dudunsparce|Boomburst|p2a: Hitmonchan\n|-damage|p2a: Hitmonchan|0 fnt\n|faint|p2a: Hitmonchan\n|\n|upkeep\n|inactive|MizuriKip has 120 seconds left.\n|\n|t:|1717106334\n|switch|p2a: Zekrom|Zekrom, L71|259/259\n|-ability|p2a: Zekrom|Teravolt\n|turn|19\n|\n|t:|1717106343\n|move|p2a: Zekrom|Dragon Dance|p2a: Zekrom\n|-boost|p2a: Zekrom|atk|1\n|-boost|p2a: Zekrom|spe|1\n|move|p1a: Dudunsparce|Boomburst|p2a: Zekrom\n|-damage|p2a: Zekrom|66/259\n|\n|-heal|p2a: Zekrom|82/259|[from] item: Leftovers\n|upkeep\n|turn|20\n|inactive|MizuriKip has 120 seconds left.\n|\n|t:|1717106365\n|move|p2a: Zekrom|Bolt Strike|p1a: Dudunsparce|[miss]\n|-miss|p2a: Zekrom|p1a: Dudunsparce\n|move|p1a: Dudunsparce|Boomburst|p2a: Zekrom\n|-damage|p2a: Zekrom|0 fnt\n|faint|p2a: Zekrom\n|\n|upkeep\n|\n|t:|1717106380\n|switch|p2a: Tauros|Tauros-Paldea-Aqua, L81, M|252/252\n|turn|21\n|\n|t:|1717106397\n|-terastallize|p2a: Tauros|Steel\n|move|p2a: Tauros|Bulk Up|p2a: Tauros\n|-boost|p2a: Tauros|atk|1\n|-boost|p2a: Tauros|def|1\n|move|p1a: Dudunsparce|Boomburst|p2a: Tauros\n|-resisted|p2a: Tauros\n|-damage|p2a: Tauros|141/252\n|\n|upkeep\n|turn|22\n|\n|t:|1717106413\n|move|p2a: Tauros|Liquidation|p1a: Dudunsparce\n|-damage|p1a: Dudunsparce|191/339\n|move|p1a: Dudunsparce|Shadow Ball|p2a: Tauros\n|-damage|p2a: Tauros|9/252\n|-unboost|p2a: Tauros|spd|1\n|-enditem|p2a: Tauros|Sitrus Berry|[eat]\n|-heal|p2a: Tauros|72/252|[from] item: Sitrus Berry\n|\n|-heal|p1a: Dudunsparce|212/339|[from] item: Leftovers\n|upkeep\n|turn|23\n|\n|t:|1717106425\n|move|p2a: Tauros|Liquidation|p1a: Dudunsparce\n|-damage|p1a: Dudunsparce|55/339\n|-unboost|p1a: Dudunsparce|def|1\n|move|p1a: Dudunsparce|Shadow Ball|p2a: Tauros\n|-damage|p2a: Tauros|0 fnt\n|faint|p2a: Tauros\n|\n|-heal|p1a: Dudunsparce|76/339|[from] item: Leftovers\n|upkeep\n|\n|t:|1717106437\n|switch|p2a: Manaphy|Manaphy, L78|284/284\n|turn|24\n|inactive|MizuriKip has 90 seconds left.\n|\n|t:|1717106462\n|move|p2a: Manaphy|Hydro Pump|p1a: Dudunsparce|[miss]\n|-miss|p2a: Manaphy|p1a: Dudunsparce\n|move|p1a: Dudunsparce|Boomburst|p2a: Manaphy\n|-damage|p2a: Manaphy|100/284\n|\n|-heal|p2a: Manaphy|117/284|[from] item: Leftovers\n|-heal|p1a: Dudunsparce|97/339|[from] item: Leftovers\n|upkeep\n|turn|25\n|\n|t:|1717106475\n|move|p2a: Manaphy|Hydro Pump|p1a: Dudunsparce\n|-damage|p1a: Dudunsparce|12/339\n|move|p1a: Dudunsparce|Boomburst|p2a: Manaphy\n|-damage|p2a: Manaphy|0 fnt\n|faint|p2a: Manaphy\n|\n|-heal|p1a: Dudunsparce|33/339|[from] item: Leftovers\n|upkeep\n|inactive|MizuriKip has 90 seconds left.\n|\n|t:|1717106486\n|switch|p2a: Espathra|Espathra, L80, M|283/283\n|turn|26\n|\n|t:|1717106490\n|move|p2a: Espathra|Dazzling Gleam|p1a: Dudunsparce\n|-damage|p1a: Dudunsparce|0 fnt\n|faint|p1a: Dudunsparce\n|\n|-ability|p2a: Espathra|Speed Boost|boost\n|-boost|p2a: Espathra|spe|1\n|upkeep\n|\n|t:|1717106495\n|switch|p1a: Torterra|Torterra, L78, F|276/276\n|turn|27\n|\n|t:|1717106504\n|move|p2a: Espathra|Calm Mind|p2a: Espathra\n|-boost|p2a: Espathra|spa|1\n|-boost|p2a: Espathra|spd|1\n|move|p1a: Torterra|Bullet Seed|p2a: Espathra\n|-damage|p2a: Espathra|247/283\n|-damage|p2a: Espathra|208/283\n|-damage|p2a: Espathra|175/283\n|-damage|p2a: Espathra|138/283\n|-damage|p2a: Espathra|105/283\n|-hitcount|p2a: Espathra|5\n|\n|-heal|p2a: Espathra|122/283|[from] item: Leftovers\n|-ability|p2a: Espathra|Speed Boost|boost\n|-boost|p2a: Espathra|spe|1\n|upkeep\n|turn|28\n|\n|t:|1717106516\n|move|p2a: Espathra|Stored Power|p1a: Torterra\n|-damage|p1a: Torterra|102/276\n|move|p1a: Torterra|Bullet Seed|p2a: Espathra\n|-crit|p2a: Espathra\n|-damage|p2a: Espathra|73/283\n|-damage|p2a: Espathra|37/283\n|-damage|p2a: Espathra|3/283\n|-damage|p2a: Espathra|0 fnt\n|faint|p2a: Espathra\n|-hitcount|p2: Espathra|4\n|\n|upkeep\n|c|\u2606chemcoop|sorry about the misses\n|c|\u2606chemcoop|gg\n|\n|t:|1717106522\n|switch|p2a: Deoxys|Deoxys-Defense, L86|156/226 tox\n|-ability|p2a: Deoxys|Pressure\n|turn|29\n|c|\u2606MizuriKip|happens\n|\n|t:|1717106534\n|move|p2a: Deoxys|Calm Mind|p2a: Deoxys\n|-boost|p2a: Deoxys|spa|1\n|-boost|p2a: Deoxys|spd|1\n|move|p1a: Torterra|Shell Smash|p1a: Torterra\n|-unboost|p1a: Torterra|def|1\n|-unboost|p1a: Torterra|spd|1\n|-boost|p1a: Torterra|atk|2\n|-boost|p1a: Torterra|spa|2\n|-boost|p1a: Torterra|spe|2\n|\n|-heal|p2a: Deoxys|170/226 tox|[from] item: Leftovers\n|-damage|p2a: Deoxys|156/226 tox|[from] psn\n|upkeep\n|turn|30\n|\n|t:|1717106538\n|move|p1a: Torterra|Bullet Seed|p2a: Deoxys\n|-damage|p2a: Deoxys|126/226 tox\n|-damage|p2a: Deoxys|93/226 tox\n|-damage|p2a: Deoxys|60/226 tox\n|-damage|p2a: Deoxys|30/226 tox\n|-hitcount|p2a: Deoxys|4\n|move|p2a: Deoxys|Psychic|p1a: Torterra\n|-damage|p1a: Torterra|0 fnt\n|faint|p1a: Torterra\n|\n|-heal|p2a: Deoxys|44/226 tox|[from] item: Leftovers\n|-damage|p2a: Deoxys|16/226 tox|[from] psn\n|upkeep\n|c| Badly Hao|ggs\n|\n|t:|1717106541\n|switch|p1a: Basculin|Basculin, L86, F|261/261\n|turn|31\n|c|\u2606MizuriKip|gg\n|\n|t:|1717106546\n|move|p1a: Basculin|Wave Crash|p2a: Deoxys\n|-crit|p2a: Deoxys\n|-damage|p2a: Deoxys|0 fnt\n|faint|p2a: Deoxys\n|-damage|p1a: Basculin|256/261|[from] Recoil\n|\n|win|chemcoop\n|raw|chemcoop's rating: 2201 &rarr; <strong>2225</strong><br />(+24 for winning)\n|raw|MizuriKip's rating: 2274 &rarr; <strong>2250</strong><br />(-24 for losing)\n|l| Badly Hao\n|l|\u2606MizuriKip\n|player|p2|\n|j|\u2606MizuriKip\n|player|p2|MizuriKip|zinnia|\n", "inputlog": ">version 82ceab39522df80d6289bc3fb83a311a02ed08de\n>start {\"formatid\":\"gen9randombattle\",\"seed\":[54079,38494,32505,49449],\"rated\":\"Rated battle\"}\n>player p1 {\"name\":\"chemcoop\",\"avatar\":\"#chemcoop\",\"rating\":2242,\"seed\":[19663,65293,3506,59240]}\n>player p2 {\"name\":\"MizuriKip\",\"avatar\":\"zinnia\",\"rating\":2274,\"seed\":[63915,26996,3205,5734]}\n>chat \u2606MizuriKip|hey its you again\n>chat \u2606MizuriKip|glhf\n>p1 move psychic\n>p2 switch 6\n>chat  Badly Hao|its urshifu!\n>p1 switch 3\n>p2 move darkpulse\n>chat \u2606MizuriKip|Do you mind me what you won for the custom avatar?\n>p1 move toxic\n>p2 move psychic\n>p1 move recover\n>p2 move psychic\n>p1 move recover\n>p2 move calmmind\n>p1 switch 5\n>p2 move psychic\n>p1 move roost\n>p2 switch 2\n>p1 switch 5\n>p2 move bulkup\n>p1 move toxic\n>p2 switch 2\n>p1 switch 5\n>p2 move recover\n>p1 move boomburst\n>p2 switch 2\n>p1 switch 5\n>p2 move knockoff\n>p1 move recover\n>p2 switch 5\n>p1 move toxic\n>p2 switch 2\n>p1 switch 5\n>p2 move calmmind\n>p1 move calmmind\n>p2 move psychic\n>p1 move roost\n>p2 switch 5\n>p1 move boomburst terastallize\n>p2 move drainpunch\n>p2 switch 4\n>p1 move boomburst\n>p2 move dragondance\n>p1 move boomburst\n>p2 move boltstrike\n>p2 switch 6\n>p1 move boomburst\n>p2 move bulkup terastallize\n>p1 move shadowball\n>p2 move liquidation\n>p1 move shadowball\n>p2 move liquidation\n>p2 switch 3\n>p1 move boomburst\n>p2 move hydropump\n>p1 move boomburst\n>p2 move hydropump\n>p2 switch 2\n>p1 move shadowball\n>p2 move dazzlinggleam\n>p1 switch 4\n>p1 move bulletseed\n>p2 move calmmind\n>p1 move bulletseed\n>p2 move storedpower\n>chat \u2606chemcoop|sorry about the misses\n>chat \u2606chemcoop|gg\n>p2 switch 5\n>chat \u2606MizuriKip|happens\n>p1 move shellsmash\n>p2 move calmmind\n>p1 move bulletseed\n>p2 move psychic\n>chat  Badly Hao|ggs\n>p1 switch 6\n>chat \u2606MizuriKip|gg\n>p1 move wavecrash\n>p2 move psychic", "uploadtime": 1717106663, "views": 197, "formatid": "gen9randombattle", "rating": 2225, "private": 0, "password": null}