{"id": "gen9randombattle-2260029807", "format": "[Gen 9] Random Battle", "players": ["Tacet_34", "Icey Claw"], "log": "|j|\u2606Tacet_34\n|j|\u2606Icey Claw\n|t:|1733793195\n|gametype|singles\n|player|p1|Tacet_34|li|1364\n|player|p2|Icey Claw|1|1387\n|teamsize|p1|6\n|teamsize|p2|6\n|gen|9\n|tier|[Gen 9] Random Battle\n|rated|\n|rule|Species Clause: Limit one of each Pok\u00e9mon\n|rule|HP Percentage Mod: HP is shown in percentages\n|rule|Sleep Clause Mod: Limit one foe put to sleep\n|rule|Illusion Level Mod: Illusion disguises the Pok\u00e9mon's true level\n|\n|t:|1733793195\n|start\n|switch|p1a: Scizor|Scizor, L79, M|240/240\n|switch|p2a: Lapras|Lapras, L87, M|367/367\n|turn|1\n|c|\u2606Icey Claw|glhf\n|c|\u2606Tacet_34|u2 unless you use prankster thunder wave\n|\n|t:|1733793221\n|move|p2a: Lapras|Dragon Dance|p2a: Lapras\n|-boost|p2a: Lapras|atk|1\n|-boost|p2a: Lapras|spe|1\n|move|p1a: Scizor|Close Combat|p2a: Lapras\n|-supereffective|p2a: Lapras\n|-damage|p2a: Lapras|165/367\n|-unboost|p1a: Scizor|def|1\n|-unboost|p1a: Scizor|spd|1\n|\n|upkeep\n|turn|2\n|c|\u2606Icey Claw|I'm only going to use prankster twave now\n|c|\u2606Tacet_34|I wish corrosive glimmora was viable smh\n|inactive|Battle timer is ON: inactive players will automatically lose when time's up. (requested by Icey Claw)\n|\n|t:|1733793261\n|move|p2a: Lapras|Waterfall|p1a: Scizor\n|-damage|p1a: Scizor|77/240\n|move|p1a: Scizor|Close Combat|p2a: Lapras\n|-supereffective|p2a: Lapras\n|-damage|p2a: Lapras|0 fnt\n|-unboost|p1a: Scizor|def|1\n|-unboost|p1a: Scizor|spd|1\n|faint|p2a: Lapras\n|\n|-heal|p1a: Scizor|92/240|[from] item: Leftovers\n|upkeep\n|\n|t:|1733793268\n|switch|p2a: Sableye|Sableye, L89, M|234/234\n|turn|3\n|\n|t:|1733793288\n|move|p1a: Scizor|Bullet Punch|p2a: Sableye\n|-damage|p2a: Sableye|162/234\n|move|p2a: Sableye|Will-O-Wisp|p1a: Scizor\n|-status|p1a: Scizor|brn\n|\n|-heal|p1a: Scizor|107/240 brn|[from] item: Leftovers\n|-heal|p2a: Sableye|176/234|[from] item: Leftovers\n|-damage|p1a: Scizor|92/240 brn|[from] brn\n|upkeep\n|turn|4\n|\n|t:|1733793304\n|switch|p2a: Sandy Shocks|Sandy Shocks, L80|267/267\n|move|p1a: Scizor|Bullet Punch|p2a: Sandy Shocks\n|-resisted|p2a: Sandy Shocks\n|-damage|p2a: Sandy Shocks|251/267\n|\n|-heal|p2a: Sandy Shocks|267/267|[from] item: Leftovers\n|-heal|p1a: Scizor|107/240 brn|[from] item: Leftovers\n|-damage|p1a: Scizor|92/240 brn|[from] brn\n|upkeep\n|turn|5\n|\n|t:|1733793309\n|move|p2a: Sandy Shocks|Stealth Rock|p1a: Scizor\n|-sidestart|p1: Tacet_34|move: Stealth Rock\n|move|p1a: Scizor|Knock Off|p2a: Sandy Shocks\n|-damage|p2a: Sandy Shocks|228/267\n|-enditem|p2a: Sandy Shocks|Leftovers|[from] move: Knock Off|[of] p1a: Scizor\n|\n|-heal|p1a: Scizor|107/240 brn|[from] item: Leftovers\n|-damage|p1a: Scizor|92/240 brn|[from] brn\n|upkeep\n|turn|6\n|\n|t:|1733793327\n|move|p2a: Sandy Shocks|Earth Power|p1a: Scizor\n|-damage|p1a: Scizor|0 fnt\n|faint|p1a: Scizor\n|\n|upkeep\n|\n|t:|1733793345\n|switch|p1a: Cryogonal|Cryogonal, L89|287/287\n|turn|7\n|\n|t:|1733793352\n|-end|p2a: Sandy Shocks|Protosynthesis|[silent]\n|switch|p2a: Sableye|Sableye, L89, M|176/234\n|move|p1a: Cryogonal|Freeze-Dry|p2a: Sableye\n|-damage|p2a: Sableye|76/234\n|\n|-heal|p2a: Sableye|90/234|[from] item: Leftovers\n|upkeep\n|turn|8\n|\n|t:|1733793359\n|move|p2a: Sableye|Recover|p2a: Sableye\n|-heal|p2a: Sableye|207/234\n|move|p1a: Cryogonal|Freeze-Dry|p2a: Sableye\n|-damage|p2a: Sableye|110/234\n|\n|-heal|p2a: Sableye|124/234|[from] item: Leftovers\n|upkeep\n|turn|9\n|\n|t:|1733793365\n|move|p2a: Sableye|Will-O-Wisp|p1a: Cryogonal\n|-status|p1a: Cryogonal|brn\n|move|p1a: Cryogonal|Freeze-Dry|p2a: Sableye\n|-damage|p2a: Sableye|27/234\n|\n|-heal|p2a: Sableye|41/234|[from] item: Leftovers\n|-damage|p1a: Cryogonal|270/287 brn|[from] brn\n|upkeep\n|turn|10\n|c|\u2606Tacet_34|you just gonna recover until you freeze?\n|c|\u2606Icey Claw|probably\n|\n|t:|1733793381\n|move|p2a: Sableye|Recover|p2a: Sableye\n|-heal|p2a: Sableye|158/234\n|move|p1a: Cryogonal|Flash Cannon|p2a: Sableye\n|-damage|p2a: Sableye|78/234\n|\n|-heal|p2a: Sableye|92/234|[from] item: Leftovers\n|-damage|p1a: Cryogonal|253/287 brn|[from] brn\n|upkeep\n|turn|11\n|\n|t:|1733793389\n|move|p2a: Sableye|Recover|p2a: Sableye\n|-heal|p2a: Sableye|209/234\n|move|p1a: Cryogonal|Freeze-Dry|p2a: Sableye\n|-damage|p2a: Sableye|104/234\n|\n|-heal|p2a: Sableye|118/234|[from] item: Leftovers\n|-damage|p1a: Cryogonal|236/287 brn|[from] brn\n|upkeep\n|turn|12\n|\n|t:|1733793397\n|move|p1a: Cryogonal|Freeze-Dry|p2a: Sableye\n|-damage|p2a: Sableye|22/234\n|move|p2a: Sableye|Knock Off|p1a: Cryogonal\n|-damage|p1a: Cryogonal|113/287 brn\n|-enditem|p1a: Cryogonal|Heavy-Duty Boots|[from] move: Knock Off|[of] p2a: Sableye\n|\n|-heal|p2a: Sableye|36/234|[from] item: Leftovers\n|-damage|p1a: Cryogonal|96/287 brn|[from] brn\n|upkeep\n|turn|13\n|\n|t:|1733793402\n|move|p2a: Sableye|Recover|p2a: Sableye\n|-heal|p2a: Sableye|153/234\n|move|p1a: Cryogonal|Freeze-Dry|p2a: Sableye\n|-damage|p2a: Sableye|48/234\n|\n|-heal|p2a: Sableye|62/234|[from] item: Leftovers\n|-damage|p1a: Cryogonal|79/287 brn|[from] brn\n|upkeep\n|turn|14\n|\n|t:|1733793410\n|move|p2a: Sableye|Recover|p2a: Sableye\n|-heal|p2a: Sableye|179/234\n|move|p1a: Cryogonal|Freeze-Dry|p2a: Sableye\n|-damage|p2a: Sableye|86/234\n|\n|-heal|p2a: Sableye|100/234|[from] item: Leftovers\n|-damage|p1a: Cryogonal|62/287 brn|[from] brn\n|upkeep\n|turn|15\n|\n|t:|1733793422\n|move|p2a: Sableye|Recover|p2a: Sableye\n|-heal|p2a: Sableye|217/234\n|move|p1a: Cryogonal|Freeze-Dry|p2a: Sableye\n|-damage|p2a: Sableye|120/234\n|\n|-heal|p2a: Sableye|134/234|[from] item: Leftovers\n|-damage|p1a: Cryogonal|45/287 brn|[from] brn\n|upkeep\n|turn|16\n|\n|t:|1733793437\n|move|p1a: Cryogonal|Recover|p1a: Cryogonal\n|-heal|p1a: Cryogonal|189/287 brn\n|move|p2a: Sableye|Knock Off|p1a: Cryogonal\n|-damage|p1a: Cryogonal|104/287 brn\n|\n|-heal|p2a: Sableye|148/234|[from] item: Leftovers\n|-damage|p1a: Cryogonal|87/287 brn|[from] brn\n|upkeep\n|turn|17\n|c|\u2606Tacet_34|Imma copy that trick\n|c|\u2606Icey Claw|k\n|\n|t:|1733793447\n|move|p2a: Sableye|Encore|p1a: Cryogonal\n|-start|p1a: Cryogonal|Encore\n|move|p1a: Cryogonal|Recover|p1a: Cryogonal\n|-heal|p1a: Cryogonal|231/287 brn\n|\n|-heal|p2a: Sableye|162/234|[from] item: Leftovers\n|-damage|p1a: Cryogonal|214/287 brn|[from] brn\n|upkeep\n|turn|18\n|\n|t:|1733793456\n|switch|p2a: Palafin|Palafin, L77, F|281/281\n|move|p1a: Cryogonal|Recover|p1a: Cryogonal\n|-heal|p1a: Cryogonal|287/287 brn\n|\n|-damage|p1a: Cryogonal|270/287 brn|[from] brn\n|upkeep\n|turn|19\n|\n|t:|1733793462\n|move|p1a: Cryogonal|Recover|p1a: Cryogonal\n|-heal|p1a: Cryogonal|287/287 brn\n|move|p2a: Palafin|Flip Turn|p1a: Cryogonal\n|-damage|p1a: Cryogonal|197/287 brn\n|\n|t:|1733793464\n|detailschange|p2a: Palafin|Palafin-Hero, L77, F\n|switch|p2a: Sableye|Sableye, L89, M|162/234|[from] Flip Turn\n|\n|-heal|p2a: Sableye|176/234|[from] item: Leftovers\n|-damage|p1a: Cryogonal|180/287 brn|[from] brn\n|-end|p1a: Cryogonal|Encore\n|upkeep\n|turn|20\n|\n|t:|1733793469\n|move|p2a: Sableye|Encore|p1a: Cryogonal\n|-start|p1a: Cryogonal|Encore\n|move|p1a: Cryogonal|Recover|p1a: Cryogonal\n|-heal|p1a: Cryogonal|287/287 brn\n|\n|-heal|p2a: Sableye|190/234|[from] item: Leftovers\n|-damage|p1a: Cryogonal|270/287 brn|[from] brn\n|upkeep\n|turn|21\n|\n|t:|1733793479\n|switch|p2a: Palafin|Palafin-Hero, L77, F|281/281\n|-activate|p2a: Palafin|ability: Zero to Hero\n|move|p1a: Cryogonal|Recover|p1a: Cryogonal\n|-heal|p1a: Cryogonal|287/287 brn\n|\n|-damage|p1a: Cryogonal|270/287 brn|[from] brn\n|upkeep\n|turn|22\n|c|\u2606Tacet_34|bulk up set or choice band set?\n|c|\u2606Icey Claw|guess\n|\n|t:|1733793505\n|move|p1a: Cryogonal|Recover|p1a: Cryogonal\n|-heal|p1a: Cryogonal|287/287 brn\n|move|p2a: Palafin|Close Combat|p1a: Cryogonal\n|-supereffective|p1a: Cryogonal\n|-damage|p1a: Cryogonal|0 fnt\n|-unboost|p2a: Palafin|def|1\n|-unboost|p2a: Palafin|spd|1\n|faint|p1a: Cryogonal\n|\n|upkeep\n|c|\u2606Tacet_34|alr cool\n|c|\u2606Tacet_34|that works out for me\n|inactive|Tacet_34 has 120 seconds left.\n|\n|t:|1733793524\n|switch|p1a: Ogerpon|Ogerpon, L80, F|259/259\n|-damage|p1a: Ogerpon|227/259|[from] Stealth Rock\n|turn|23\n|c|\u2606Icey Claw|noice\n|inactive|Tacet_34 has 120 seconds left.\n|\n|t:|1733793559\n|switch|p2a: Persian|Persian-Alola, L86, M|252/252\n|move|p1a: Ogerpon|Ivy Cudgel|p2a: Persian\n|-crit|p2a: Persian\n|-damage|p2a: Persian|92/252\n|-damage|p1a: Ogerpon|202/259|[from] item: Life Orb\n|\n|upkeep\n|turn|24\n|\n|t:|1733793568\n|switch|p1a: Glimmora|Glimmora, L75, F|248/248\n|-damage|p1a: Glimmora|217/248|[from] Stealth Rock\n|move|p2a: Persian|Knock Off|p1a: Glimmora\n|-damage|p1a: Glimmora|138/248\n|-activate|p1a: Glimmora|ability: Toxic Debris\n|-sidestart|p2: Icey Claw|move: Toxic Spikes\n|-enditem|p1a: Glimmora|Power Herb|[from] move: Knock Off|[of] p2a: Persian\n|\n|upkeep\n|turn|25\n|\n|t:|1733793583\n|move|p2a: Persian|Parting Shot|p1a: Glimmora\n|-unboost|p1a: Glimmora|atk|1\n|-unboost|p1a: Glimmora|spa|1\n|\n|t:|1733793585\n|switch|p2a: Clodsire|Clodsire, L81, F|343/343|[from] Parting Shot\n|-sideend|p2: Icey Claw|move: Toxic Spikes|[of] p2a: Clodsire\n|move|p1a: Glimmora|Meteor Beam||[still]\n|-prepare|p1a: Glimmora|Meteor Beam\n|-boost|p1a: Glimmora|spa|1\n|\n|upkeep\n|turn|26\n|\n|t:|1733793604\n|move|p1a: Glimmora|Meteor Beam|p2a: Clodsire|[from]lockedmove\n|-resisted|p2a: Clodsire\n|-damage|p2a: Clodsire|284/343\n|move|p2a: Clodsire|Earthquake|p1a: Glimmora\n|-supereffective|p1a: Glimmora\n|-damage|p1a: Glimmora|0 fnt\n|-activate|p1a: Glimmora|ability: Toxic Debris\n|-sidestart|p2: Icey Claw|move: Toxic Spikes\n|faint|p1a: Glimmora\n|\n|-heal|p2a: Clodsire|305/343|[from] item: Leftovers\n|upkeep\n|inactive|Tacet_34 has 90 seconds left.\n|\n|t:|1733793625\n|switch|p1a: Latias|Latias, L79, F|256/256\n|-damage|p1a: Latias|224/256|[from] Stealth Rock\n|turn|27\n|inactive|Tacet_34 has 90 seconds left.\n|c|\u2606Tacet_34|lemme guess, switch into sableye?\n|\n|t:|1733793649\n|switch|p2a: Persian|Persian-Alola, L86, M|92/252\n|move|p1a: Latias|Draco Meteor|p2a: Persian\n|-damage|p2a: Persian|0 fnt\n|-unboost|p1a: Latias|spa|2\n|faint|p2a: Persian\n|\n|upkeep\n|c|\u2606Tacet_34|oooh\n|\n|t:|1733793655\n|switch|p2a: Clodsire|Clodsire, L81, F|305/343\n|-sideend|p2: Icey Claw|move: Toxic Spikes|[of] p2a: Clodsire\n|turn|28\n|c|\u2606Tacet_34|that works too\n|inactive|Tacet_34 has 90 seconds left.\n|c|\u2606Icey Claw|didn't need it anymore\n|\n|t:|1733793674\n|switch|p1a: Sudowoodo|Sudowoodo, L94, M|284/284\n|-damage|p1a: Sudowoodo|249/284|[from] Stealth Rock\n|switch|p2a: Sableye|Sableye, L89, M|190/234\n|\n|-heal|p2a: Sableye|204/234|[from] item: Leftovers\n|-heal|p1a: Sudowoodo|266/284|[from] item: Leftovers\n|upkeep\n|turn|29\n|\n|t:|1733793681\n|-terastallize|p2a: Sableye|Steel\n|move|p2a: Sableye|Will-O-Wisp|p1a: Sudowoodo\n|-status|p1a: Sudowoodo|brn\n|move|p1a: Sudowoodo|Head Smash|p2a: Sableye|[miss]\n|-miss|p1a: Sudowoodo|p2a: Sableye\n|\n|-heal|p2a: Sableye|218/234|[from] item: Leftovers\n|-heal|p1a: Sudowoodo|283/284 brn|[from] item: Leftovers\n|-damage|p1a: Sudowoodo|266/284 brn|[from] brn\n|upkeep\n|turn|30\n|\n|t:|1733793688\n|move|p2a: Sableye|Knock Off|p1a: Sudowoodo\n|-crit|p1a: Sudowoodo\n|-damage|p1a: Sudowoodo|172/284 brn\n|-enditem|p1a: Sudowoodo|Leftovers|[from] move: Knock Off|[of] p2a: Sableye\n|move|p1a: Sudowoodo|Earthquake|p2a: Sableye\n|-supereffective|p2a: Sableye\n|-damage|p2a: Sableye|130/234\n|\n|-heal|p2a: Sableye|144/234|[from] item: Leftovers\n|-damage|p1a: Sudowoodo|155/284 brn|[from] brn\n|upkeep\n|turn|31\n|\n|t:|1733793697\n|switch|p2a: Palafin|Palafin-Hero, L77, F|281/281\n|move|p1a: Sudowoodo|Earthquake|p2a: Palafin\n|-damage|p2a: Palafin|239/281\n|\n|-damage|p1a: Sudowoodo|138/284 brn|[from] brn\n|upkeep\n|turn|32\n|\n|t:|1733793702\n|move|p2a: Palafin|Flip Turn|p1a: Sudowoodo\n|-supereffective|p1a: Sudowoodo\n|-damage|p1a: Sudowoodo|0 fnt\n|faint|p1a: Sudowoodo\n|\n|t:|1733793706\n|switch|p2a: Clodsire|Clodsire, L81, F|305/343|[from] Flip Turn\n|\n|-heal|p2a: Clodsire|326/343|[from] item: Leftovers\n|upkeep\n|\n|t:|1733793712\n|switch|p1a: Latias|Latias, L79, F|224/256\n|-damage|p1a: Latias|192/256|[from] Stealth Rock\n|turn|33\n|inactive|Tacet_34 has 120 seconds left.\n|\n|t:|1733793723\n|switch|p2a: Sableye|Sableye, L89, M, tera:Steel|144/234\n|move|p1a: Latias|Psyshock|p2a: Sableye\n|-resisted|p2a: Sableye\n|-damage|p2a: Sableye|93/234\n|\n|-heal|p2a: Sableye|107/234|[from] item: Leftovers\n|upkeep\n|turn|34\n|inactive|Tacet_34 has 120 seconds left.\n|\n|t:|1733793739\n|move|p1a: Latias|Draco Meteor|p2a: Sableye\n|-resisted|p2a: Sableye\n|-damage|p2a: Sableye|18/234\n|-unboost|p1a: Latias|spa|2\n|move|p2a: Sableye|Knock Off|p1a: Latias\n|-supereffective|p1a: Latias\n|-damage|p1a: Latias|0 fnt\n|-enditem|p1a: Latias|Soul Dew|[from] move: Knock Off|[of] p2a: Sableye\n|faint|p1a: Latias\n|\n|-heal|p2a: Sableye|32/234|[from] item: Leftovers\n|upkeep\n|\n|t:|1733793743\n|switch|p1a: Ogerpon|Ogerpon, L80, F|202/259\n|-damage|p1a: Ogerpon|170/259|[from] Stealth Rock\n|turn|35\n|inactive|Tacet_34 has 120 seconds left.\n|\n|t:|1733793752\n|-terastallize|p1a: Ogerpon|Grass\n|detailschange|p1a: Ogerpon|Ogerpon-Teal-Tera, L80, F, tera:Grass\n|-ability|p1a: Ogerpon|Embody Aspect (Teal)|boost\n|-boost|p1a: Ogerpon|spe|1\n|move|p2a: Sableye|Will-O-Wisp|p1a: Ogerpon\n|-status|p1a: Ogerpon|brn\n|move|p1a: Ogerpon|Knock Off|p2a: Sableye\n|-damage|p2a: Sableye|0 fnt\n|-enditem|p2a: Sableye|Leftovers|[from] move: Knock Off|[of] p1a: Ogerpon\n|faint|p2a: Sableye\n|-damage|p1a: Ogerpon|145/259 brn|[from] item: Life Orb\n|\n|-damage|p1a: Ogerpon|129/259 brn|[from] brn\n|upkeep\n|\n|t:|1733793759\n|switch|p2a: Clodsire|Clodsire, L81, F|326/343\n|turn|36\n|c|\u2606Icey Claw|gg\n|\n|t:|1733793764\n|move|p1a: Ogerpon|Ivy Cudgel|p2a: Clodsire\n|-damage|p2a: Clodsire|201/343\n|-damage|p1a: Ogerpon|104/259 brn|[from] item: Life Orb\n|move|p2a: Clodsire|Poison Jab|p1a: Ogerpon\n|-supereffective|p1a: Ogerpon\n|-crit|p1a: Ogerpon\n|-damage|p1a: Ogerpon|0 fnt\n|faint|p1a: Ogerpon\n|\n|win|Icey Claw\n|raw|Tacet_34's rating: 1364 &rarr; <strong>1345</strong><br />(-19 for losing)\n|raw|Icey Claw's rating: 1387 &rarr; <strong>1406</strong><br />(+19 for winning)\n|c|\u2606Tacet_34|trash\n|c|\u2606Tacet_34|perish song irl\n", "inputlog": ">version bfd83cad13791eb5a5a409923076391caf6fb4d4\n>start {\"formatid\":\"gen9randombattle\",\"seed\":[43230,46338,23443,14918],\"rated\":\"Rated battle\"}\n>player p1 {\"name\":\"Tacet_34\",\"avatar\":\"li\",\"rating\":1364,\"seed\":[38602,45543,60868,11661]}\n>player p2 {\"name\":\"Icey Claw\",\"avatar\":\"1\",\"rating\":1387,\"seed\":[43420,57284,57560,31904]}\n>chat \u2606Icey Claw|glhf\n>chat \u2606Tacet_34|u2 unless you use prankster thunder wave\n>p1 move closecombat\n>p2 move dragondance\n>chat \u2606Icey Claw|I'm only going to use prankster twave now\n>chat \u2606Tacet_34|I wish corrosive glimmora was viable smh\n>p1 move closecombat\n>p2 move waterfall\n>p2 switch 4\n>p1 move bulletpunch\n>p2 move willowisp\n>p1 move bulletpunch\n>p2 switch 2\n>p1 move knockoff\n>p2 move stealthrock\n>p1 move defog\n>p2 move earthpower\n>p1 switch 3\n>p1 move freezedry\n>p2 switch 2\n>p1 move freezedry\n>p2 move recover\n>p1 move freezedry\n>p2 move willowisp\n>chat \u2606Tacet_34|you just gonna recover until you freeze?\n>chat \u2606Icey Claw|probably\n>p1 move flashcannon\n>p2 move recover\n>p1 move freezedry\n>p2 move recover\n>p1 move freezedry\n>p2 move knockoff\n>p1 move freezedry\n>p2 move recover\n>p1 move freezedry\n>p2 move recover\n>p1 move freezedry\n>p2 move recover\n>p1 move recover\n>p2 move knockoff\n>chat \u2606Tacet_34|Imma copy that trick\n>chat \u2606Icey Claw|k\n>p1 move freezedry\n>p2 move encore\n>p1 move recover\n>p2 switch 6\n>p1 move recover\n>p2 move flipturn\n>p2 switch 6\n>p1 move freezedry\n>p2 move encore\n>p1 move recover\n>p2 switch 6\n>chat \u2606Tacet_34|bulk up set or choice band set?\n>chat \u2606Icey Claw|guess\n>p1 move recover\n>p2 move closecombat\n>chat \u2606Tacet_34|alr cool\n>chat \u2606Tacet_34|that works out for me\n>p1 switch 4\n>chat \u2606Icey Claw|noice\n>p1 move ivycudgel\n>p2 switch 3\n>p1 switch 5\n>p2 move knockoff\n>p1 move meteorbeam\n>p2 move partingshot\n>p2 switch 5\n>p1 move meteorbeam\n>p2 move earthquake\n>p1 switch 6\n>chat \u2606Tacet_34|lemme guess, switch into sableye?\n>p1 move dracometeor\n>p2 switch 5\n>chat \u2606Tacet_34|oooh\n>p2 switch 5\n>chat \u2606Tacet_34|that works too\n>chat \u2606Icey Claw|didn't need it anymore\n>p1 switch 2\n>p2 switch 6\n>p1 move headsmash\n>p2 move willowisp terastallize\n>p1 move earthquake\n>p2 move knockoff\n>p1 move earthquake\n>p2 switch 3\n>p1 move woodhammer\n>p2 move flipturn\n>p2 switch 6\n>p1 switch 2\n>p1 move psyshock\n>p2 switch 3\n>p1 move dracometeor\n>p2 move knockoff\n>p1 switch 5\n>p1 move knockoff terastallize\n>p2 move willowisp\n>p2 switch 3\n>chat \u2606Icey Claw|gg\n>p1 move ivycudgel\n>p2 move poisonjab", "uploadtime": 1733793780, "views": 2, "formatid": "gen9randombattle", "rating": 1345, "private": 0, "password": null}