{"id": "gen9randombattle-2260839588", "format": "[Gen 9] Random Battle", "players": ["Pepe-Silvia6996", "om47"], "log": "|j|\u2606Pepe-Silvia6996\n|j|\u2606om47\n|t:|1733901839\n|gametype|singles\n|player|p1|Pepe-Silvia6996|265|1171\n|player|p2|om47|101|1141\n|teamsize|p1|6\n|teamsize|p2|6\n|gen|9\n|tier|[Gen 9] Random Battle\n|rated|\n|rule|Species Clause: Limit one of each Pok\u00e9mon\n|rule|HP Percentage Mod: HP is shown in percentages\n|rule|Sleep Clause Mod: Limit one foe put to sleep\n|rule|Illusion Level Mod: Illusion disguises the Pok\u00e9mon's true level\n|\n|t:|1733901839\n|start\n|switch|p1a: Amoonguss|Amoonguss, L82, F|321/321\n|switch|p2a: Politoed|Politoed, L88, F|302/302\n|-weather|RainDance|[from] ability: Drizzle|[of] p2a: Politoed\n|turn|1\n|\n|t:|1733901869\n|move|p2a: Politoed|Ice Beam|p1a: Amoonguss\n|-supereffective|p1a: Amoonguss\n|-damage|p1a: Amoonguss|169/321\n|-status|p1a: Amoonguss|frz\n|cant|p1a: Amoonguss|frz\n|\n|-weather|RainDance|[upkeep]\n|-heal|p1a: Amoonguss|189/321 frz|[from] item: Leftovers\n|upkeep\n|turn|2\n|\n|t:|1733901879\n|move|p2a: Politoed|Ice Beam|p1a: Amoonguss\n|-supereffective|p1a: Amoonguss\n|-damage|p1a: Amoonguss|43/321 frz\n|cant|p1a: Amoonguss|frz\n|\n|-weather|RainDance|[upkeep]\n|-heal|p1a: Amoonguss|63/321 frz|[from] item: Leftovers\n|upkeep\n|turn|3\n|\n|t:|1733901887\n|move|p2a: Politoed|Ice Beam|p1a: Amoonguss\n|-supereffective|p1a: Amoonguss\n|-damage|p1a: Amoonguss|0 fnt\n|faint|p1a: Amoonguss\n|\n|-weather|RainDance|[upkeep]\n|upkeep\n|\n|t:|1733901901\n|switch|p1a: Magnezone|Magnezone, L85|258/258\n|turn|4\n|\n|t:|1733901913\n|move|p2a: Politoed|Ice Beam|p1a: Magnezone\n|-resisted|p1a: Magnezone\n|-damage|p1a: Magnezone|235/258\n|-status|p1a: Magnezone|frz\n|cant|p1a: Magnezone|frz\n|\n|-weather|RainDance|[upkeep]\n|upkeep\n|turn|5\n|c|\u2606Pepe-Silvia6996|Hwck yeah i love Gen 1\n|\n|t:|1733901944\n|switch|p2a: Deoxys|Deoxys, L74|196/196\n|-ability|p2a: Deoxys|Pressure\n|cant|p1a: Magnezone|frz\n|\n|-weather|none\n|upkeep\n|turn|6\n|\n|t:|1733901955\n|move|p2a: Deoxys|Superpower|p1a: Magnezone\n|-supereffective|p1a: Magnezone\n|-damage|p1a: Magnezone|37/258 frz\n|-unboost|p2a: Deoxys|atk|1\n|-unboost|p2a: Deoxys|def|1\n|-damage|p2a: Deoxys|177/196|[from] item: Life Orb\n|cant|p1a: Magnezone|frz\n|\n|upkeep\n|turn|7\n|\n|t:|1733901968\n|move|p2a: Deoxys|Superpower|p1a: Magnezone\n|-supereffective|p1a: Magnezone\n|-damage|p1a: Magnezone|0 fnt\n|-unboost|p2a: Deoxys|atk|1\n|-unboost|p2a: Deoxys|def|1\n|faint|p1a: Magnezone\n|-damage|p2a: Deoxys|158/196|[from] item: Life Orb\n|\n|upkeep\n|\n|t:|1733901992\n|switch|p1a: Altaria|Altaria, L88, M|275/275\n|turn|8\n|\n|t:|1733901999\n|move|p2a: Deoxys|Knock Off|p1a: Altaria\n|-damage|p1a: Altaria|226/275\n|-enditem|p1a: Altaria|Heavy-Duty Boots|[from] move: Knock Off|[of] p2a: Deoxys\n|-damage|p2a: Deoxys|139/196|[from] item: Life Orb\n|move|p1a: Altaria|Brave Bird|p2a: Deoxys\n|-damage|p2a: Deoxys|0 fnt\n|faint|p2a: Deoxys\n|-damage|p1a: Altaria|180/275|[from] Recoil\n|\n|upkeep\n|\n|t:|1733902010\n|switch|p2a: Politoed|Politoed, L88, F|302/302\n|-weather|RainDance|[from] ability: Drizzle|[of] p2a: Politoed\n|turn|9\n|\n|t:|1733902018\n|move|p1a: Altaria|Roost|p1a: Altaria\n|-heal|p1a: Altaria|275/275\n|-singleturn|p1a: Altaria|move: Roost\n|move|p2a: Politoed|Ice Beam|p1a: Altaria\n|-supereffective|p1a: Altaria\n|-damage|p1a: Altaria|153/275\n|\n|-weather|RainDance|[upkeep]\n|upkeep\n|turn|10\n|\n|t:|1733902034\n|move|p1a: Altaria|Brave Bird|p2a: Politoed\n|-damage|p2a: Politoed|191/302\n|-damage|p1a: Altaria|116/275|[from] Recoil\n|move|p2a: Politoed|Ice Beam|p1a: Altaria\n|-supereffective|p1a: Altaria\n|-damage|p1a: Altaria|0 fnt\n|faint|p1a: Altaria\n|\n|-weather|RainDance|[upkeep]\n|upkeep\n|\n|t:|1733902044\n|switch|p1a: Ogerpon|Ogerpon-Wellspring, L76, F|247/247\n|turn|11\n|\n|t:|1733902052\n|-terastallize|p1a: Ogerpon|Water\n|detailschange|p1a: Ogerpon|Ogerpon-Wellspring-Tera, L76, F, tera:Water\n|-ability|p1a: Ogerpon|Embody Aspect (Wellspring)|boost\n|-boost|p1a: Ogerpon|spd|1\n|move|p1a: Ogerpon|Power Whip|p2a: Politoed\n|-supereffective|p2a: Politoed\n|-damage|p2a: Politoed|0 fnt\n|faint|p2a: Politoed\n|\n|-weather|RainDance|[upkeep]\n|upkeep\n|\n|t:|1733902082\n|switch|p2a: Arceus|Arceus-Grass, L72|292/292\n|turn|12\n|\n|t:|1733902090\n|switch|p1a: Scrafty|Scrafty, L84, F|246/246\n|move|p2a: Arceus|Judgment|p1a: Scrafty\n|-damage|p1a: Scrafty|153/246\n|\n|-weather|RainDance|[upkeep]\n|-heal|p1a: Scrafty|168/246|[from] item: Leftovers\n|upkeep\n|turn|13\n|\n|t:|1733902100\n|move|p2a: Arceus|Earth Power|p1a: Scrafty\n|-damage|p1a: Scrafty|120/246\n|move|p1a: Scrafty|Bulk Up|p1a: Scrafty\n|-boost|p1a: Scrafty|atk|1\n|-boost|p1a: Scrafty|def|1\n|\n|-weather|none\n|-heal|p1a: Scrafty|135/246|[from] item: Leftovers\n|upkeep\n|turn|14\n|\n|t:|1733902119\n|move|p2a: Arceus|Calm Mind|p2a: Arceus\n|-boost|p2a: Arceus|spa|1\n|-boost|p2a: Arceus|spd|1\n|move|p1a: Scrafty|Drain Punch|p2a: Arceus\n|-crit|p2a: Arceus\n|-damage|p2a: Arceus|141/292\n|-heal|p1a: Scrafty|211/246|[from] drain|[of] p2a: Arceus\n|\n|-heal|p1a: Scrafty|226/246|[from] item: Leftovers\n|upkeep\n|turn|15\n|\n|t:|1733902129\n|move|p2a: Arceus|Earth Power|p1a: Scrafty\n|-crit|p1a: Scrafty\n|-damage|p1a: Scrafty|127/246\n|move|p1a: Scrafty|Drain Punch|p2a: Arceus\n|-damage|p2a: Arceus|36/292\n|-heal|p1a: Scrafty|180/246|[from] drain|[of] p2a: Arceus\n|\n|-heal|p1a: Scrafty|195/246|[from] item: Leftovers\n|upkeep\n|turn|16\n|\n|t:|1733902138\n|move|p2a: Arceus|Ice Beam|p1a: Scrafty\n|-damage|p1a: Scrafty|122/246\n|move|p1a: Scrafty|Drain Punch|p2a: Arceus\n|-damage|p2a: Arceus|0 fnt\n|-heal|p1a: Scrafty|140/246|[from] drain|[of] p2a: Arceus\n|faint|p2a: Arceus\n|\n|-heal|p1a: Scrafty|155/246|[from] item: Leftovers\n|upkeep\n|\n|t:|1733902151\n|switch|p2a: Ambipom|Ambipom, L84, M|263/263\n|turn|17\n|\n|t:|1733902162\n|move|p2a: Ambipom|Fake Out|p1a: Scrafty\n|-damage|p1a: Scrafty|110/246\n|cant|p1a: Scrafty|flinch\n|\n|-heal|p1a: Scrafty|125/246|[from] item: Leftovers\n|upkeep\n|turn|18\n|\n|t:|1733902175\n|move|p2a: Ambipom|Double-Edge|p1a: Scrafty\n|-damage|p1a: Scrafty|32/246\n|-damage|p2a: Ambipom|232/263|[from] Recoil\n|move|p1a: Scrafty|Drain Punch|p2a: Ambipom\n|-supereffective|p2a: Ambipom\n|-damage|p2a: Ambipom|0 fnt\n|-heal|p1a: Scrafty|148/246|[from] drain|[of] p2a: Ambipom\n|faint|p2a: Ambipom\n|\n|-heal|p1a: Scrafty|163/246|[from] item: Leftovers\n|upkeep\n|\n|t:|1733902190\n|switch|p2a: Roaring Moon|Roaring Moon, L72|270/270\n|-enditem|p2a: Roaring Moon|Booster Energy\n|-activate|p2a: Roaring Moon|ability: Protosynthesis|[fromitem]\n|-start|p2a: Roaring Moon|protosynthesisatk\n|turn|19\n|\n|t:|1733902200\n|move|p2a: Roaring Moon|Iron Head|p1a: Scrafty\n|-damage|p1a: Scrafty|123/246\n|move|p1a: Scrafty|Drain Punch|p2a: Roaring Moon\n|-supereffective|p2a: Roaring Moon\n|-damage|p2a: Roaring Moon|0 fnt\n|-heal|p1a: Scrafty|246/246|[from] drain|[of] p2a: Roaring Moon\n|faint|p2a: Roaring Moon\n|-end|p2a: Roaring Moon|Protosynthesis|[silent]\n|\n|upkeep\n|\n|t:|1733902208\n|switch|p2a: Basculin|Basculin, L86, F|261/261\n|turn|20\n|\n|t:|1733902213\n|move|p2a: Basculin|Wave Crash|p1a: Scrafty\n|-damage|p1a: Scrafty|108/246\n|-damage|p2a: Basculin|215/261|[from] Recoil\n|move|p1a: Scrafty|Knock Off|p2a: Basculin\n|-damage|p2a: Basculin|44/261\n|-enditem|p2a: Basculin|Choice Band|[from] move: Knock Off|[of] p1a: Scrafty\n|\n|-heal|p1a: Scrafty|123/246|[from] item: Leftovers\n|upkeep\n|turn|21\n|\n|t:|1733902223\n|move|p2a: Basculin|Wave Crash|p1a: Scrafty\n|-damage|p1a: Scrafty|37/246\n|-damage|p2a: Basculin|16/261|[from] Recoil\n|move|p1a: Scrafty|Bulk Up|p1a: Scrafty\n|-boost|p1a: Scrafty|atk|1\n|-boost|p1a: Scrafty|def|1\n|\n|-heal|p1a: Scrafty|52/246|[from] item: Leftovers\n|upkeep\n|turn|22\n|\n|t:|1733902233\n|move|p2a: Basculin|Aqua Jet|p1a: Scrafty\n|-damage|p1a: Scrafty|26/246\n|move|p1a: Scrafty|Bulk Up|p1a: Scrafty\n|-boost|p1a: Scrafty|atk|1\n|-boost|p1a: Scrafty|def|1\n|\n|-heal|p1a: Scrafty|41/246|[from] item: Leftovers\n|upkeep\n|turn|23\n|\n|t:|1733902241\n|move|p2a: Basculin|Wave Crash|p1a: Scrafty\n|-damage|p1a: Scrafty|0 fnt\n|faint|p1a: Scrafty\n|-damage|p2a: Basculin|2/261|[from] Recoil\n|\n|upkeep\n|\n|t:|1733902247\n|switch|p1a: Ogerpon|Ogerpon-Wellspring-Tera, L76, F, tera:Water|247/247\n|-ability|p1a: Ogerpon|Embody Aspect (Wellspring)|boost\n|-boost|p1a: Ogerpon|spd|1\n|turn|24\n|c|\u2606Pepe-Silvia6996|Bonk?\n|\n|t:|1733902263\n|move|p2a: Basculin|Double-Edge|p1a: Ogerpon\n|-damage|p1a: Ogerpon|154/247\n|-damage|p2a: Basculin|0 fnt|[from] Recoil\n|faint|p2a: Basculin\n|\n|win|Pepe-Silvia6996\n|raw|Pepe-Silvia6996's rating: 1171 &rarr; <strong>1194</strong><br />(+23 for winning)\n|raw|om47's rating: 1141 &rarr; <strong>1118</strong><br />(-23 for losing)\n|l|\u2606om47\n|player|p2|\n", "inputlog": ">version bfd83cad13791eb5a5a409923076391caf6fb4d4\n>start {\"formatid\":\"gen9randombattle\",\"seed\":[50963,63444,7566,14553],\"rated\":\"Rated battle\"}\n>player p1 {\"name\":\"Pepe-Silvia6996\",\"avatar\":\"265\",\"rating\":1171,\"seed\":[60078,49092,44269,6140]}\n>player p2 {\"name\":\"om47\",\"avatar\":\"101\",\"rating\":1141,\"seed\":[8731,47461,61879,50925]}\n>p1 move spore\n>p2 move icebeam\n>p1 move spore\n>p2 move icebeam\n>p1 move spore\n>p2 move icebeam\n>p1 switch 5\n>p1 move voltswitch\n>p2 move icebeam\n>chat \u2606Pepe-Silvia6996|Hwck yeah i love Gen 1\n>p1 move thunderbolt\n>p2 switch 2\n>p1 move thunderbolt\n>p2 move superpower\n>p1 move thunderbolt\n>p2 move superpower\n>p1 switch 2\n>p1 move bravebird\n>p2 move knockoff\n>p2 switch 2\n>p1 move roost\n>p2 move icebeam\n>p1 move bravebird\n>p2 move icebeam\n>p1 switch 4\n>p1 move powerwhip terastallize\n>p2 move icebeam\n>p2 switch 3\n>p1 switch 3\n>p2 move judgment\n>p1 move bulkup\n>p2 move earthpower\n>p1 move drainpunch\n>p2 move calmmind\n>p1 move drainpunch\n>p2 move earthpower\n>p1 move drainpunch\n>p2 move icebeam\n>p2 switch 5\n>p1 move knockoff\n>p2 move fakeout\n>p1 move drainpunch\n>p2 move doubleedge\n>p2 switch 4\n>p1 move drainpunch\n>p2 move ironhead\n>p2 switch 6\n>p1 move knockoff\n>p2 move wavecrash\n>p1 move bulkup\n>p2 move wavecrash\n>p1 move bulkup\n>p2 move aquajet\n>p1 move bulkup\n>p2 move wavecrash\n>p1 switch 3\n>chat \u2606Pepe-Silvia6996|Bonk?\n>p1 move ivycudgel\n>p2 move doubleedge", "uploadtime": 1733902273, "views": 1, "formatid": "gen9randombattle", "rating": 1118, "private": 0, "password": null}