{"id": "gen9randombattle-2260741434", "format": "[Gen 9] Random Battle", "players": ["lucas torrens", "Nychtame"], "log": "|j|\u2606lucas torrens\n|j|\u2606Nychtame\n|t:|1733885494\n|gametype|singles\n|player|p1|lucas torrens|170|1255\n|player|p2|Nychtame|101|1218\n|teamsize|p1|6\n|teamsize|p2|6\n|gen|9\n|tier|[Gen 9] Random Battle\n|rated|\n|rule|Species Clause: Limit one of each Pok\u00e9mon\n|rule|HP Percentage Mod: HP is shown in percentages\n|rule|Sleep Clause Mod: Limit one foe put to sleep\n|rule|Illusion Level Mod: Illusion disguises the Pok\u00e9mon's true level\n|\n|t:|1733885494\n|start\n|switch|p1a: Hawlucha|Hawlucha, L80, M|256/256\n|switch|p2a: Flygon|Flygon, L82, F|265/265\n|turn|1\n|inactive|Battle timer is ON: inactive players will automatically lose when time's up. (requested by Nychtame)\n|\n|t:|1733885517\n|switch|p1a: Wigglytuff|Wigglytuff, L96, M|424/424\n|move|p2a: Flygon|U-turn|p1a: Wigglytuff\n|-resisted|p1a: Wigglytuff\n|-damage|p1a: Wigglytuff|373/424\n|\n|t:|1733885542\n|switch|p2a: Regigigas|Regigigas, L84|322/322|[from] U-turn\n|-start|p2a: Regigigas|ability: Slow Start\n|\n|-heal|p1a: Wigglytuff|399/424|[from] item: Leftovers\n|upkeep\n|turn|2\n|\n|t:|1733885554\n|move|p1a: Wigglytuff|Fire Blast|p2a: Regigigas\n|-crit|p2a: Regigigas\n|-damage|p2a: Regigigas|198/322\n|move|p2a: Regigigas|Substitute|p2a: Regigigas\n|-start|p2a: Regigigas|Substitute\n|-damage|p2a: Regigigas|118/322\n|\n|-heal|p1a: Wigglytuff|424/424|[from] item: Leftovers\n|-heal|p2a: Regigigas|138/322|[from] item: Leftovers\n|upkeep\n|turn|3\n|\n|t:|1733885562\n|move|p2a: Regigigas|Protect|p2a: Regigigas\n|-singleturn|p2a: Regigigas|Protect\n|move|p1a: Wigglytuff|Dazzling Gleam|p2a: Regigigas\n|-activate|p2a: Regigigas|move: Protect\n|\n|-heal|p2a: Regigigas|158/322|[from] item: Leftovers\n|upkeep\n|turn|4\n|\n|t:|1733885575\n|move|p1a: Wigglytuff|Fire Blast|p2a: Regigigas|[miss]\n|-miss|p1a: Wigglytuff|p2a: Regigigas\n|move|p2a: Regigigas|Substitute|p2a: Regigigas\n|-fail|p2a: Regigigas|move: Substitute\n|\n|-heal|p2a: Regigigas|178/322|[from] item: Leftovers\n|upkeep\n|turn|5\n|\n|t:|1733885581\n|move|p2a: Regigigas|Protect|p2a: Regigigas\n|-singleturn|p2a: Regigigas|Protect\n|move|p1a: Wigglytuff|Fire Blast|p2a: Regigigas\n|-activate|p2a: Regigigas|move: Protect\n|\n|-heal|p2a: Regigigas|198/322|[from] item: Leftovers\n|upkeep\n|turn|6\n|\n|t:|1733885596\n|move|p1a: Wigglytuff|Dazzling Gleam|p2a: Regigigas\n|-end|p2a: Regigigas|Substitute\n|move|p2a: Regigigas|Knock Off|p1a: Wigglytuff\n|-resisted|p1a: Wigglytuff\n|-damage|p1a: Wigglytuff|391/424\n|-enditem|p1a: Wigglytuff|Leftovers|[from] move: Knock Off|[of] p2a: Regigigas\n|\n|-heal|p2a: Regigigas|218/322|[from] item: Leftovers\n|-end|p2a: Regigigas|Slow Start\n|upkeep\n|turn|7\n|\n|t:|1733885608\n|move|p2a: Regigigas|Protect|p2a: Regigigas\n|-singleturn|p2a: Regigigas|Protect\n|move|p1a: Wigglytuff|Dazzling Gleam|p2a: Regigigas\n|-activate|p2a: Regigigas|move: Protect\n|\n|-heal|p2a: Regigigas|238/322|[from] item: Leftovers\n|upkeep\n|turn|8\n|\n|t:|1733885615\n|move|p2a: Regigigas|Substitute|p2a: Regigigas\n|-start|p2a: Regigigas|Substitute\n|-damage|p2a: Regigigas|158/322\n|move|p1a: Wigglytuff|Dazzling Gleam|p2a: Regigigas\n|-crit|p2a: Regigigas\n|-end|p2a: Regigigas|Substitute\n|\n|-heal|p2a: Regigigas|178/322|[from] item: Leftovers\n|upkeep\n|turn|9\n|\n|t:|1733885622\n|move|p2a: Regigigas|Body Slam|p1a: Wigglytuff\n|-damage|p1a: Wigglytuff|211/424\n|-status|p1a: Wigglytuff|par\n|move|p1a: Wigglytuff|Dazzling Gleam|p2a: Regigigas\n|-damage|p2a: Regigigas|102/322\n|\n|-heal|p2a: Regigigas|122/322|[from] item: Leftovers\n|upkeep\n|turn|10\n|\n|t:|1733885633\n|move|p2a: Regigigas|Substitute|p2a: Regigigas\n|-start|p2a: Regigigas|Substitute\n|-damage|p2a: Regigigas|42/322\n|move|p1a: Wigglytuff|Wish|p1a: Wigglytuff\n|\n|-heal|p2a: Regigigas|62/322|[from] item: Leftovers\n|upkeep\n|turn|11\n|\n|t:|1733885639\n|move|p2a: Regigigas|Body Slam|p1a: Wigglytuff\n|-damage|p1a: Wigglytuff|9/424 par\n|move|p1a: Wigglytuff|Dazzling Gleam|p2a: Regigigas\n|-end|p2a: Regigigas|Substitute\n|\n|-heal|p1a: Wigglytuff|221/424 par|[from] move: Wish|[wisher] Wigglytuff\n|-heal|p2a: Regigigas|82/322|[from] item: Leftovers\n|upkeep\n|turn|12\n|\n|t:|1733885654\n|move|p2a: Regigigas|Body Slam|p1a: Wigglytuff\n|-damage|p1a: Wigglytuff|23/424 par\n|cant|p1a: Wigglytuff|par\n|\n|-heal|p2a: Regigigas|102/322|[from] item: Leftovers\n|upkeep\n|turn|13\n|\n|t:|1733885665\n|move|p1a: Wigglytuff|Protect|p1a: Wigglytuff\n|-singleturn|p1a: Wigglytuff|Protect\n|move|p2a: Regigigas|Substitute|p2a: Regigigas\n|-start|p2a: Regigigas|Substitute\n|-damage|p2a: Regigigas|22/322\n|\n|-heal|p2a: Regigigas|42/322|[from] item: Leftovers\n|upkeep\n|turn|14\n|\n|t:|1733885677\n|move|p2a: Regigigas|Knock Off|p1a: Wigglytuff\n|-resisted|p1a: Wigglytuff\n|-damage|p1a: Wigglytuff|0 fnt\n|faint|p1a: Wigglytuff\n|\n|-heal|p2a: Regigigas|62/322|[from] item: Leftovers\n|upkeep\n|\n|t:|1733885698\n|switch|p1a: Hawlucha|Hawlucha, L80, M|256/256\n|turn|15\n|\n|t:|1733885708\n|move|p1a: Hawlucha|Swords Dance|p1a: Hawlucha\n|-boost|p1a: Hawlucha|atk|2\n|move|p2a: Regigigas|Body Slam|p1a: Hawlucha\n|-damage|p1a: Hawlucha|106/256\n|-status|p1a: Hawlucha|par\n|\n|-heal|p2a: Regigigas|82/322|[from] item: Leftovers\n|upkeep\n|turn|16\n|\n|t:|1733885720\n|move|p2a: Regigigas|Body Slam|p1a: Hawlucha\n|-damage|p1a: Hawlucha|0 fnt\n|faint|p1a: Hawlucha\n|\n|-heal|p2a: Regigigas|102/322|[from] item: Leftovers\n|upkeep\n|\n|t:|1733885733\n|switch|p1a: Shaymin|Shaymin, L82|298/298\n|turn|17\n|\n|t:|1733885745\n|move|p2a: Regigigas|Body Slam|p1a: Shaymin\n|-damage|p1a: Shaymin|171/298\n|-status|p1a: Shaymin|par\n|move|p1a: Shaymin|Air Slash|p2a: Regigigas|[miss]\n|-miss|p1a: Shaymin|p2a: Regigigas\n|\n|-heal|p2a: Regigigas|122/322|[from] item: Leftovers\n|-heal|p1a: Shaymin|189/298 par|[from] item: Leftovers\n|upkeep\n|turn|18\n|c|\u2606lucas torrens|really\n|inactive|lucas torrens has 120 seconds left.\n|c|\u2606lucas torrens|100% paralisis\n|\n|t:|1733885781\n|move|p2a: Regigigas|Body Slam|p1a: Shaymin\n|-damage|p1a: Shaymin|71/298 par\n|move|p1a: Shaymin|Air Slash|p2a: Regigigas\n|-activate|p2a: Regigigas|move: Substitute|[damage]\n|\n|-heal|p2a: Regigigas|142/322|[from] item: Leftovers\n|-heal|p1a: Shaymin|89/298 par|[from] item: Leftovers\n|upkeep\n|turn|19\n|\n|t:|1733885793\n|-curestatus|p1a: Shaymin|par|[from] ability: Natural Cure\n|switch|p1a: Iron Crown|Iron Crown, L78|268/268\n|move|p2a: Regigigas|Body Slam|p1a: Iron Crown\n|-resisted|p1a: Iron Crown\n|-damage|p1a: Iron Crown|206/268\n|\n|-heal|p2a: Regigigas|162/322|[from] item: Leftovers\n|-heal|p1a: Iron Crown|222/268|[from] item: Leftovers\n|upkeep\n|turn|20\n|\n|t:|1733885807\n|move|p2a: Regigigas|Knock Off|p1a: Iron Crown\n|-supereffective|p1a: Iron Crown\n|-damage|p1a: Iron Crown|32/268\n|-enditem|p1a: Iron Crown|Leftovers|[from] move: Knock Off|[of] p2a: Regigigas\n|move|p1a: Iron Crown|Calm Mind|p1a: Iron Crown\n|-boost|p1a: Iron Crown|spa|1\n|-boost|p1a: Iron Crown|spd|1\n|\n|-heal|p2a: Regigigas|182/322|[from] item: Leftovers\n|upkeep\n|turn|21\n|\n|t:|1733885821\n|move|p2a: Regigigas|Knock Off|p1a: Iron Crown\n|-supereffective|p1a: Iron Crown\n|-damage|p1a: Iron Crown|0 fnt\n|faint|p1a: Iron Crown\n|-end|p1a: Iron Crown|Quark Drive|[silent]\n|\n|-heal|p2a: Regigigas|202/322|[from] item: Leftovers\n|upkeep\n|c|\u2606lucas torrens|suckkkkk my d1ckk\n|inactive|lucas torrens has 90 seconds left.\n|-message|lucas torrens forfeited.\n|\n|win|Nychtame\n", "inputlog": ">version bfd83cad13791eb5a5a409923076391caf6fb4d4\n>start {\"formatid\":\"gen9randombattle\",\"seed\":[42625,31870,5511,59887],\"rated\":\"Rated battle\"}\n>player p1 {\"name\":\"lucas torrens\",\"avatar\":\"170\",\"rating\":1255,\"seed\":[32593,8553,53865,54988]}\n>player p2 {\"name\":\"Nychtame\",\"avatar\":\"101\",\"rating\":1218,\"seed\":[3832,15765,9129,8821]}\n>p1 switch 6\n>p2 move uturn\n>p2 switch 3\n>p1 move fireblast\n>p2 move substitute\n>p1 move dazzlinggleam\n>p2 move protect\n>p1 move fireblast\n>p2 move substitute\n>p1 move fireblast\n>p2 move protect\n>p1 move dazzlinggleam\n>p2 move knockoff\n>p1 move dazzlinggleam\n>p2 move protect\n>p1 move dazzlinggleam\n>p2 move substitute\n>p1 move dazzlinggleam\n>p2 move bodyslam\n>p1 move wish\n>p2 move substitute\n>p1 move dazzlinggleam\n>p2 move bodyslam\n>p1 move wish\n>p2 move bodyslam\n>p1 move protect\n>p2 move substitute\n>p1 move dazzlinggleam\n>p2 move knockoff\n>p1 switch 6\n>p1 move swordsdance\n>p2 move bodyslam\n>p1 move acrobatics\n>p2 move bodyslam\n>p1 switch 4\n>p1 move airslash\n>p2 move bodyslam\n>chat \u2606lucas torrens|really \n>chat \u2606lucas torrens|100% paralisis\n>p1 move airslash\n>p2 move bodyslam\n>p1 switch 5\n>p2 move bodyslam\n>p1 move calmmind\n>p2 move knockoff\n>p1 move tachyoncutter\n>p2 move knockoff\n>chat \u2606lucas torrens|suckkkkk my d1ckk\n>forcelose p1", "uploadtime": 1733885840, "views": 6, "formatid": "gen9randombattle", "rating": null, "private": 0, "password": null}