{"id": "gen9randombattle-2260576670", "format": "[Gen 9] Random Battle", "players": ["Avide C.", "Ciadel"], "log": "|j|\u2606Avide C.\n|j|\u2606Ciadel\n|t:|1733865322\n|gametype|singles\n|player|p1|Avide C.|acetrainer-gen4dp|1657\n|player|p2|Ciadel|170|1682\n|teamsize|p1|6\n|teamsize|p2|6\n|gen|9\n|tier|[Gen 9] Random Battle\n|rated|\n|rule|Species Clause: Limit one of each Pok\u00e9mon\n|rule|HP Percentage Mod: HP is shown in percentages\n|rule|Sleep Clause Mod: Limit one foe put to sleep\n|rule|Illusion Level Mod: Illusion disguises the Pok\u00e9mon's true level\n|\n|t:|1733865322\n|start\n|switch|p1a: Dialga|Dialga-Origin, L73|266/266\n|switch|p2a: Pyroar|Pyroar, L88, M|295/295\n|-ability|p2a: Pyroar|Unnerve\n|-ability|p1a: Dialga|Pressure\n|turn|1\n|inactive|Battle timer is ON: inactive players will automatically lose when time's up. (requested by Ciadel)\n|\n|t:|1733865336\n|move|p2a: Pyroar|Fire Blast|p1a: Dialga\n|-damage|p1a: Dialga|131/266\n|move|p1a: Dialga|Thunder Wave|p2a: Pyroar\n|-status|p2a: Pyroar|par\n|\n|upkeep\n|turn|2\n|\n|t:|1733865348\n|move|p1a: Dialga|Draco Meteor|p2a: Pyroar\n|-damage|p2a: Pyroar|64/295 par\n|-unboost|p1a: Dialga|spa|2\n|move|p2a: Pyroar|Fire Blast|p1a: Dialga|[miss]\n|-miss|p2a: Pyroar|p1a: Dialga\n|\n|upkeep\n|turn|3\n|\n|t:|1733865355\n|move|p1a: Dialga|Draco Meteor|p2a: Pyroar\n|-damage|p2a: Pyroar|0 fnt\n|-unboost|p1a: Dialga|spa|2\n|faint|p2a: Pyroar\n|\n|upkeep\n|\n|t:|1733865368\n|switch|p2a: Reuniclus|Reuniclus, L88, M|337/337\n|turn|4\n|\n|t:|1733865381\n|move|p1a: Dialga|Thunder Wave|p2a: Reuniclus\n|-status|p2a: Reuniclus|par\n|move|p2a: Reuniclus|Calm Mind|p2a: Reuniclus\n|-boost|p2a: Reuniclus|spa|1\n|-boost|p2a: Reuniclus|spd|1\n|\n|upkeep\n|turn|5\n|\n|t:|1733865392\n|move|p1a: Dialga|Heavy Slam|p2a: Reuniclus\n|-damage|p2a: Reuniclus|198/337 par\n|move|p2a: Reuniclus|Psychic|p1a: Dialga\n|-resisted|p1a: Dialga\n|-damage|p1a: Dialga|14/266\n|\n|upkeep\n|turn|6\n|\n|t:|1733865399\n|move|p1a: Dialga|Heavy Slam|p2a: Reuniclus\n|-damage|p2a: Reuniclus|60/337 par\n|move|p2a: Reuniclus|Recover|p2a: Reuniclus\n|-heal|p2a: Reuniclus|229/337 par\n|\n|upkeep\n|turn|7\n|\n|t:|1733865404\n|move|p1a: Dialga|Heavy Slam|p2a: Reuniclus\n|-damage|p2a: Reuniclus|105/337 par\n|move|p2a: Reuniclus|Recover|p2a: Reuniclus\n|-heal|p2a: Reuniclus|274/337 par\n|\n|upkeep\n|turn|8\n|\n|t:|1733865409\n|move|p1a: Dialga|Heavy Slam|p2a: Reuniclus\n|-damage|p2a: Reuniclus|145/337 par\n|move|p2a: Reuniclus|Recover|p2a: Reuniclus\n|-heal|p2a: Reuniclus|314/337 par\n|\n|upkeep\n|turn|9\n|\n|t:|1733865415\n|move|p1a: Dialga|Heavy Slam|p2a: Reuniclus\n|-crit|p2a: Reuniclus\n|-damage|p2a: Reuniclus|115/337 par\n|move|p2a: Reuniclus|Psychic|p1a: Dialga\n|-resisted|p1a: Dialga\n|-damage|p1a: Dialga|0 fnt\n|faint|p1a: Dialga\n|\n|upkeep\n|\n|t:|1733865420\n|switch|p1a: Meowscarada|Meowscarada, L78, F|247/247\n|turn|10\n|\n|t:|1733865429\n|-terastallize|p2a: Reuniclus|Fighting\n|move|p1a: Meowscarada|U-turn|p2a: Reuniclus\n|-start|p1a: Meowscarada|typechange|Bug|[from] ability: Protean\n|-resisted|p2a: Reuniclus\n|-damage|p2a: Reuniclus|78/337 par\n|\n|t:|1733865433\n|switch|p1a: Sinistcha|Sinistcha, L83|254/254|[from] U-turn\n|move|p2a: Reuniclus|Recover|p2a: Reuniclus\n|-heal|p2a: Reuniclus|247/337 par\n|\n|upkeep\n|turn|11\n|\n|t:|1733865443\n|move|p1a: Sinistcha|Calm Mind|p1a: Sinistcha\n|-boost|p1a: Sinistcha|spa|1\n|-boost|p1a: Sinistcha|spd|1\n|move|p2a: Reuniclus|Psychic|p1a: Sinistcha\n|-damage|p1a: Sinistcha|69/254\n|\n|-heal|p1a: Sinistcha|84/254|[from] item: Leftovers\n|upkeep\n|turn|12\n|\n|t:|1733865453\n|-terastallize|p1a: Sinistcha|Steel\n|move|p1a: Sinistcha|Calm Mind|p1a: Sinistcha\n|-boost|p1a: Sinistcha|spa|1\n|-boost|p1a: Sinistcha|spd|1\n|move|p2a: Reuniclus|Psychic|p1a: Sinistcha\n|-resisted|p1a: Sinistcha\n|-damage|p1a: Sinistcha|19/254\n|\n|-heal|p1a: Sinistcha|34/254|[from] item: Leftovers\n|upkeep\n|turn|13\n|\n|t:|1733865462\n|move|p1a: Sinistcha|Strength Sap|p2a: Reuniclus\n|-unboost|p2a: Reuniclus|atk|1\n|-heal|p1a: Sinistcha|153/254\n|move|p2a: Reuniclus|Focus Blast|p1a: Sinistcha|[miss]\n|-miss|p2a: Reuniclus|p1a: Sinistcha\n|\n|-heal|p1a: Sinistcha|168/254|[from] item: Leftovers\n|upkeep\n|turn|14\n|\n|t:|1733865471\n|move|p1a: Sinistcha|Matcha Gotcha|p2a: Reuniclus\n|-damage|p2a: Reuniclus|121/337 par\n|-heal|p1a: Sinistcha|231/254|[from] drain|[of] p2a: Reuniclus\n|move|p2a: Reuniclus|Focus Blast|p1a: Sinistcha|[miss]\n|-miss|p2a: Reuniclus|p1a: Sinistcha\n|\n|-heal|p1a: Sinistcha|246/254|[from] item: Leftovers\n|upkeep\n|turn|15\n|\n|t:|1733865483\n|move|p1a: Sinistcha|Matcha Gotcha|p2a: Reuniclus\n|-damage|p2a: Reuniclus|0 fnt\n|-heal|p1a: Sinistcha|254/254|[from] drain|[of] p2a: Reuniclus\n|faint|p2a: Reuniclus\n|\n|upkeep\n|\n|t:|1733865506\n|switch|p2a: Gyarados|Gyarados, L79, F|280/280\n|turn|16\n|inactive|Avide C. has 120 seconds left.\n|\n|t:|1733865547\n|move|p2a: Gyarados|Dragon Dance|p2a: Gyarados\n|-boost|p2a: Gyarados|atk|1\n|-boost|p2a: Gyarados|spe|1\n|move|p1a: Sinistcha|Matcha Gotcha|p2a: Gyarados\n|-damage|p2a: Gyarados|103/280\n|-status|p2a: Gyarados|brn\n|\n|-damage|p2a: Gyarados|86/280 brn|[from] brn\n|upkeep\n|turn|17\n|inactive|Ciadel has 120 seconds left.\n|inactive|Ciadel has 90 seconds left.\n|inactive|Ciadel has 60 seconds left.\n|inactive|Ciadel has 30 seconds left.\n|inactive|Ciadel has 20 seconds left.\n|inactive|Ciadel has 15 seconds left.\n|inactive|Ciadel has 10 seconds left.\n|inactive|Ciadel has 5 seconds left.\n|-message|Ciadel lost due to inactivity.\n|\n|win|Avide C.\n|raw|Avide C.'s rating: 1657 &rarr; <strong>1678</strong><br />(+21 for winning)\n|raw|Ciadel's rating: 1682 &rarr; <strong>1661</strong><br />(-21 for losing)\n", "inputlog": ">version bfd83cad13791eb5a5a409923076391caf6fb4d4\n>start {\"formatid\":\"gen9randombattle\",\"seed\":[23127,9340,56757,26725],\"rated\":\"Rated battle\"}\n>player p1 {\"name\":\"Avide C.\",\"avatar\":\"acetrainer-gen4dp\",\"rating\":1657,\"seed\":[49436,42424,40756,57224]}\n>player p2 {\"name\":\"Ciadel\",\"avatar\":\"170\",\"rating\":1682,\"seed\":[46505,37395,15388,58051]}\n>p1 move thunderwave\n>p2 move fireblast\n>p1 move dracometeor\n>p2 move fireblast\n>p1 move dracometeor\n>p2 move fireblast\n>p2 switch 2\n>p1 move thunderwave\n>p2 move calmmind\n>p1 move heavyslam\n>p2 move psychic\n>p1 move heavyslam\n>p2 move recover\n>p1 move heavyslam\n>p2 move recover\n>p1 move heavyslam\n>p2 move recover\n>p1 move heavyslam\n>p2 move psychic\n>p1 switch 4\n>p1 move uturn\n>p2 move recover terastallize\n>p1 switch 6\n>p1 move calmmind\n>p2 move psychic\n>p1 move calmmind terastallize\n>p2 move psychic\n>p1 move strengthsap\n>p2 move focusblast\n>p1 move matchagotcha\n>p2 move focusblast\n>p1 move matchagotcha\n>p2 move focusblast\n>p2 switch 4\n>p1 move matchagotcha\n>p2 move dragondance\n>forcelose p2", "uploadtime": 1733865694, "views": 1, "formatid": "gen9randombattle", "rating": 1661, "private": 0, "password": null}