{"id": "gen9randombattle-2260673920", "format": "[Gen 9] Random Battle", "players": ["formaty", "Derstt"], "log": "|j|\u2606formaty\n|j|\u2606Derstt\n|t:|1733876800\n|gametype|singles\n|player|p1|formaty|gardenia|\n|player|p2|Derstt|colress|\n|teamsize|p1|6\n|teamsize|p2|6\n|gen|9\n|tier|[Gen 9] Random Battle\n|rule|Species Clause: Limit one of each Pok\u00e9mon\n|rule|HP Percentage Mod: HP is shown in percentages\n|rule|Sleep Clause Mod: Limit one foe put to sleep\n|rule|Illusion Level Mod: Illusion disguises the Pok\u00e9mon's true level\n|\n|t:|1733876800\n|start\n|switch|p1a: Whimsicott|Whimsicott, L85, M|241/241\n|switch|p2a: Appletun|Appletun, L92, F|352/352\n|turn|1\n|c|\u2606Derstt|Empezamos de la verg-\n|inactive|Battle timer is ON: inactive players will automatically lose when time's up. (requested by Derstt)\n|\n|t:|1733876840\n|switch|p2a: Ariados|Ariados, L95, F|287/287\n|move|p1a: Whimsicott|Moonblast|p2a: Ariados\n|-resisted|p2a: Ariados\n|-damage|p2a: Ariados|237/287\n|-unboost|p2a: Ariados|spa|1\n|\n|upkeep\n|turn|2\n|\n|t:|1733876850\n|move|p1a: Whimsicott|Hurricane|p2a: Ariados\n|-supereffective|p2a: Ariados\n|-damage|p2a: Ariados|81/287\n|move|p2a: Ariados|Poison Jab|p1a: Whimsicott\n|-supereffective|p1a: Whimsicott\n|-damage|p1a: Whimsicott|0 fnt\n|faint|p1a: Whimsicott\n|\n|upkeep\n|\n|t:|1733876858\n|switch|p1a: Porygon2|Porygon2, L82|274/274\n|-ability|p1a: Porygon2|Download|boost\n|-boost|p1a: Porygon2|spa|1\n|turn|3\n|\n|t:|1733876870\n|move|p1a: Porygon2|Tera Blast|p2a: Ariados\n|-damage|p2a: Ariados|0 fnt\n|faint|p2a: Ariados\n|\n|upkeep\n|\n|t:|1733876884\n|switch|p2a: Appletun|Appletun, L92, F|352/352\n|turn|4\n|\n|t:|1733876891\n|-terastallize|p1a: Porygon2|Fairy\n|move|p1a: Porygon2|Tera Blast|p2a: Appletun|[anim] Tera Blast Fairy\n|-supereffective|p2a: Appletun\n|-damage|p2a: Appletun|80/352\n|move|p2a: Appletun|Leech Seed|p1a: Porygon2\n|-start|p1a: Porygon2|move: Leech Seed\n|\n|-heal|p2a: Appletun|102/352|[from] item: Leftovers\n|-damage|p1a: Porygon2|240/274|[from] Leech Seed|[of] p2a: Appletun\n|-heal|p2a: Appletun|136/352|[silent]\n|upkeep\n|turn|5\n|\n|t:|1733876916\n|-terastallize|p2a: Appletun|Steel\n|move|p1a: Porygon2|Tera Blast|p2a: Appletun|[anim] Tera Blast Fairy\n|-resisted|p2a: Appletun\n|-damage|p2a: Appletun|69/352\n|move|p2a: Appletun|Apple Acid|p1a: Porygon2\n|-damage|p1a: Porygon2|176/274\n|-unboost|p1a: Porygon2|spd|1\n|\n|-heal|p2a: Appletun|91/352|[from] item: Leftovers\n|-damage|p1a: Porygon2|142/274|[from] Leech Seed|[of] p2a: Appletun\n|-heal|p2a: Appletun|125/352|[silent]\n|upkeep\n|turn|6\n|\n|t:|1733876931\n|switch|p1a: Hydreigon|Hydreigon, L79, M|275/275\n|move|p2a: Appletun|Recover|p2a: Appletun\n|-heal|p2a: Appletun|301/352\n|\n|-heal|p2a: Appletun|323/352|[from] item: Leftovers\n|upkeep\n|turn|7\n|\n|t:|1733876942\n|switch|p2a: Milotic|Milotic, L83, F|293/293\n|move|p1a: Hydreigon|Nasty Plot|p1a: Hydreigon\n|-boost|p1a: Hydreigon|spa|2\n|\n|upkeep\n|turn|8\n|\n|t:|1733876949\n|move|p1a: Hydreigon|Dark Pulse|p2a: Milotic\n|-damage|p2a: Milotic|125/293\n|-damage|p1a: Hydreigon|248/275|[from] item: Life Orb\n|move|p2a: Milotic|Haze|p2a: Milotic\n|-clearallboost\n|\n|-heal|p2a: Milotic|143/293|[from] item: Leftovers\n|upkeep\n|turn|9\n|\n|t:|1733876956\n|move|p1a: Hydreigon|Dark Pulse|p2a: Milotic\n|-damage|p2a: Milotic|53/293\n|-damage|p1a: Hydreigon|221/275|[from] item: Life Orb\n|move|p2a: Milotic|Ice Beam|p1a: Hydreigon\n|-supereffective|p1a: Hydreigon\n|-damage|p1a: Hydreigon|87/275\n|-status|p1a: Hydreigon|frz\n|\n|-heal|p2a: Milotic|71/293|[from] item: Leftovers\n|upkeep\n|turn|10\n|c|\u2606Derstt|XD\n|\n|t:|1733876972\n|switch|p1a: Porygon2|Porygon2, L82, tera:Fairy|142/274\n|-ability|p1a: Porygon2|Download|boost\n|-boost|p1a: Porygon2|atk|1\n|move|p2a: Milotic|Recover|p2a: Milotic\n|-heal|p2a: Milotic|218/293\n|\n|-heal|p2a: Milotic|236/293|[from] item: Leftovers\n|upkeep\n|turn|11\n|\n|t:|1733876985\n|move|p2a: Milotic|Scald|p1a: Porygon2\n|-damage|p1a: Porygon2|90/274\n|move|p1a: Porygon2|Thunder Wave|p2a: Milotic\n|-status|p2a: Milotic|par\n|\n|-heal|p2a: Milotic|254/293 par|[from] item: Leftovers\n|upkeep\n|turn|12\n|\n|t:|1733876991\n|move|p1a: Porygon2|Recover|p1a: Porygon2\n|-heal|p1a: Porygon2|227/274\n|move|p2a: Milotic|Scald|p1a: Porygon2\n|-damage|p1a: Porygon2|169/274\n|-status|p1a: Porygon2|brn\n|\n|-heal|p2a: Milotic|272/293 par|[from] item: Leftovers\n|-damage|p1a: Porygon2|152/274 brn|[from] brn\n|upkeep\n|turn|13\n|\n|t:|1733877003\n|switch|p2a: Appletun|Appletun, L92, F, tera:Steel|323/352\n|move|p1a: Porygon2|Shadow Ball|p2a: Appletun\n|-damage|p2a: Appletun|270/352\n|\n|-heal|p2a: Appletun|292/352|[from] item: Leftovers\n|-damage|p1a: Porygon2|135/274 brn|[from] brn\n|upkeep\n|turn|14\n|\n|t:|1733877012\n|switch|p1a: Camerupt|Camerupt, L91, M|275/275\n|move|p2a: Appletun|Leech Seed|p1a: Camerupt\n|-start|p1a: Camerupt|move: Leech Seed\n|\n|-heal|p2a: Appletun|314/352|[from] item: Leftovers\n|-damage|p1a: Camerupt|241/275|[from] Leech Seed|[of] p2a: Appletun\n|-heal|p2a: Appletun|348/352|[silent]\n|upkeep\n|turn|15\n|\n|t:|1733877023\n|move|p1a: Camerupt|Earthquake|p2a: Appletun\n|-supereffective|p2a: Appletun\n|-damage|p2a: Appletun|112/352\n|move|p2a: Appletun|Apple Acid|p1a: Camerupt\n|-damage|p1a: Camerupt|139/275\n|-unboost|p1a: Camerupt|spd|1\n|\n|-heal|p1a: Camerupt|156/275|[from] item: Leftovers\n|-heal|p2a: Appletun|134/352|[from] item: Leftovers\n|-damage|p1a: Camerupt|122/275|[from] Leech Seed|[of] p2a: Appletun\n|-heal|p2a: Appletun|168/352|[silent]\n|upkeep\n|turn|16\n|\n|t:|1733877045\n|switch|p2a: Dudunsparce|Dudunsparce-Three-Segment, L83, M|343/343\n|move|p1a: Camerupt|Earthquake|p2a: Dudunsparce\n|-damage|p2a: Dudunsparce|193/343\n|\n|-heal|p2a: Dudunsparce|214/343|[from] item: Leftovers\n|-heal|p1a: Camerupt|139/275|[from] item: Leftovers\n|-damage|p1a: Camerupt|105/275|[from] Leech Seed|[of] p2a: Dudunsparce\n|-heal|p2a: Dudunsparce|248/343|[silent]\n|upkeep\n|turn|17\n|\n|t:|1733877060\n|switch|p1a: Meganium|Meganium, L90, F|290/290\n|move|p2a: Dudunsparce|Calm Mind|p2a: Dudunsparce\n|-boost|p2a: Dudunsparce|spa|1\n|-boost|p2a: Dudunsparce|spd|1\n|\n|-heal|p2a: Dudunsparce|269/343|[from] item: Leftovers\n|upkeep\n|turn|18\n|\n|t:|1733877072\n|move|p1a: Meganium|Leech Seed|p2a: Dudunsparce\n|-start|p2a: Dudunsparce|move: Leech Seed\n|move|p2a: Dudunsparce|Boomburst|p1a: Meganium\n|-damage|p1a: Meganium|134/290\n|\n|-heal|p1a: Meganium|152/290|[from] item: Leftovers\n|-heal|p2a: Dudunsparce|290/343|[from] item: Leftovers\n|-damage|p2a: Dudunsparce|248/343|[from] Leech Seed|[of] p1a: Meganium\n|-heal|p1a: Meganium|194/290|[silent]\n|upkeep\n|turn|19\n|\n|t:|1733877087\n|switch|p2a: Appletun|Appletun, L92, F, tera:Steel|168/352\n|move|p1a: Meganium|Knock Off|p2a: Appletun\n|-damage|p2a: Appletun|102/352\n|-enditem|p2a: Appletun|Leftovers|[from] move: Knock Off|[of] p1a: Meganium\n|\n|-heal|p1a: Meganium|212/290|[from] item: Leftovers\n|upkeep\n|turn|20\n|\n|t:|1733877100\n|move|p1a: Meganium|Leech Seed|p2a: Appletun\n|-start|p2a: Appletun|move: Leech Seed\n|move|p2a: Appletun|Recover|p2a: Appletun\n|-heal|p2a: Appletun|278/352\n|\n|-heal|p1a: Meganium|230/290|[from] item: Leftovers\n|-damage|p2a: Appletun|234/352|[from] Leech Seed|[of] p1a: Meganium\n|-heal|p1a: Meganium|274/290|[silent]\n|upkeep\n|turn|21\n|\n|t:|1733877113\n|switch|p2a: Darkrai|Darkrai, L77|234/234\n|move|p1a: Meganium|Energy Ball|p2a: Darkrai\n|-damage|p2a: Darkrai|125/234\n|\n|-heal|p2a: Darkrai|139/234|[from] item: Leftovers\n|-heal|p1a: Meganium|290/290|[from] item: Leftovers\n|upkeep\n|turn|22\n|\n|t:|1733877123\n|move|p2a: Darkrai|Substitute|p2a: Darkrai\n|-start|p2a: Darkrai|Substitute\n|-damage|p2a: Darkrai|81/234\n|move|p1a: Meganium|Leech Seed||[still]\n|-fail|p1a: Meganium\n|\n|-heal|p2a: Darkrai|95/234|[from] item: Leftovers\n|upkeep\n|turn|23\n|\n|t:|1733877134\n|move|p2a: Darkrai|Nasty Plot|p2a: Darkrai\n|-boost|p2a: Darkrai|spa|2\n|move|p1a: Meganium|Energy Ball|p2a: Darkrai\n|-end|p2a: Darkrai|Substitute\n|\n|-heal|p2a: Darkrai|109/234|[from] item: Leftovers\n|upkeep\n|turn|24\n|\n|t:|1733877145\n|move|p2a: Darkrai|Sludge Bomb|p1a: Meganium\n|-supereffective|p1a: Meganium\n|-damage|p1a: Meganium|58/290\n|move|p1a: Meganium|Leech Seed|p2a: Darkrai\n|-start|p2a: Darkrai|move: Leech Seed\n|\n|-heal|p2a: Darkrai|123/234|[from] item: Leftovers\n|-heal|p1a: Meganium|76/290|[from] item: Leftovers\n|-damage|p2a: Darkrai|94/234|[from] Leech Seed|[of] p1a: Meganium\n|-heal|p1a: Meganium|105/290|[silent]\n|upkeep\n|turn|25\n|\n|t:|1733877152\n|move|p2a: Darkrai|Sludge Bomb|p1a: Meganium\n|-supereffective|p1a: Meganium\n|-damage|p1a: Meganium|0 fnt\n|faint|p1a: Meganium\n|\n|-heal|p2a: Darkrai|108/234|[from] item: Leftovers\n|upkeep\n|\n|t:|1733877155\n|switch|p1a: Hydreigon|Hydreigon, L79, M|87/275 frz\n|turn|26\n|\n|t:|1733877162\n|move|p2a: Darkrai|Sludge Bomb|p1a: Hydreigon\n|-damage|p1a: Hydreigon|0 fnt\n|faint|p1a: Hydreigon\n|\n|-heal|p2a: Darkrai|122/234|[from] item: Leftovers\n|upkeep\n|\n|t:|1733877167\n|switch|p1a: Sudowoodo|Sudowoodo, L94, F|284/284\n|turn|27\n|c|\u2606Derstt|No se que esperabas\n|\n|t:|1733877192\n|move|p2a: Darkrai|Substitute|p2a: Darkrai\n|-start|p2a: Darkrai|Substitute\n|-damage|p2a: Darkrai|64/234\n|move|p1a: Sudowoodo|Wood Hammer|p2a: Darkrai\n|-end|p2a: Darkrai|Substitute\n|\n|-heal|p2a: Darkrai|78/234|[from] item: Leftovers\n|-damage|p2a: Darkrai|49/234|[from] Leech Seed|[of] p1a: Sudowoodo\n|upkeep\n|turn|28\n|\n|t:|1733877197\n|move|p2a: Darkrai|Dark Pulse|p1a: Sudowoodo\n|-damage|p1a: Sudowoodo|79/284\n|move|p1a: Sudowoodo|Stealth Rock|p2a: Darkrai\n|-sidestart|p2: Derstt|move: Stealth Rock\n|\n|-heal|p2a: Darkrai|63/234|[from] item: Leftovers\n|-heal|p1a: Sudowoodo|96/284|[from] item: Leftovers\n|-damage|p2a: Darkrai|34/234|[from] Leech Seed|[of] p1a: Sudowoodo\n|-heal|p1a: Sudowoodo|125/284|[silent]\n|upkeep\n|turn|29\n|\n|t:|1733877203\n|move|p1a: Sudowoodo|Sucker Punch|p2a: Darkrai\n|-resisted|p2a: Darkrai\n|-damage|p2a: Darkrai|3/234\n|move|p2a: Darkrai|Dark Pulse|p1a: Sudowoodo\n|-damage|p1a: Sudowoodo|0 fnt\n|faint|p1a: Sudowoodo\n|\n|-heal|p2a: Darkrai|17/234|[from] item: Leftovers\n|upkeep\n|\n|t:|1733877206\n|switch|p1a: Porygon2|Porygon2, L82, tera:Fairy|135/274 brn\n|-ability|p1a: Porygon2|Download|boost\n|-boost|p1a: Porygon2|spa|1\n|turn|30\n|\n|t:|1733877212\n|move|p2a: Darkrai|Sludge Bomb|p1a: Porygon2\n|-supereffective|p1a: Porygon2\n|-damage|p1a: Porygon2|0 fnt\n|faint|p1a: Porygon2\n|\n|-heal|p2a: Darkrai|31/234|[from] item: Leftovers\n|upkeep\n|\n|t:|1733877214\n|switch|p1a: Camerupt|Camerupt, L91, M|105/275\n|turn|31\n|\n|t:|1733877220\n|move|p2a: Darkrai|Dark Pulse|p1a: Camerupt\n|-damage|p1a: Camerupt|0 fnt\n|faint|p1a: Camerupt\n|\n|win|Derstt\n", "inputlog": ">version bfd83cad13791eb5a5a409923076391caf6fb4d4\n>start {\"formatid\":\"gen9randombattle\",\"seed\":[9169,1205,9238,27955]}\n>player p1 {\"name\":\"formaty\",\"avatar\":\"gardenia\",\"rating\":0,\"seed\":[46713,34405,45551,53160]}\n>player p2 {\"name\":\"Derstt\",\"avatar\":\"colress\",\"rating\":0,\"seed\":[42555,3683,2378,34381]}\n>chat \u2606Derstt|Empezamos de la verg-\n>p1 move moonblast\n>p2 switch 6\n>p1 move hurricane\n>p2 move poisonjab\n>p1 switch 4\n>p1 move terablast\n>p2 move stickyweb\n>p2 switch 6\n>p1 move terablast terastallize\n>p2 move leechseed\n>p1 move terablast\n>p2 move appleacid terastallize\n>p1 switch 3\n>p2 move recover\n>p1 move nastyplot\n>p2 switch 2\n>p1 move darkpulse\n>p2 move haze\n>p1 move darkpulse\n>p2 move icebeam\n>chat \u2606Derstt|XD \n>p1 switch 3\n>p2 move recover\n>p1 move thunderwave\n>p2 move scald\n>p1 move recover\n>p2 move scald\n>p1 move shadowball\n>p2 switch 2\n>p1 switch 5\n>p2 move leechseed\n>p1 move earthquake\n>p2 move appleacid\n>p1 move earthquake\n>p2 switch 4\n>p1 switch 6\n>p2 move calmmind\n>p1 move leechseed\n>p2 move boomburst\n>p1 move knockoff\n>p2 switch 4\n>p1 move leechseed\n>p2 move recover\n>p1 move energyball\n>p2 switch 5\n>p1 move leechseed\n>p2 move substitute\n>p1 move energyball\n>p2 move nastyplot\n>p1 move leechseed\n>p2 move sludgebomb\n>p1 move energyball\n>p2 move sludgebomb\n>p1 switch 3\n>p1 move fireblast\n>p2 move sludgebomb\n>p1 switch 2\n>chat \u2606Derstt|No se que esperabas \n>p1 move woodhammer\n>p2 move substitute\n>p1 move stealthrock\n>p2 move darkpulse\n>p1 move suckerpunch\n>p2 move darkpulse\n>p1 switch 5\n>p1 move terablast\n>p2 move sludgebomb\n>p1 switch 6\n>p1 move earthquake\n>p2 move darkpulse", "uploadtime": 1733877226, "views": 16, "formatid": "gen9randombattle", "rating": null, "private": 0, "password": null}