{"id": "gen9randombattle-2260841386", "format": "[Gen 9] Random Battle", "players": ["dfygcd", "Fhhdufhdhdjdjed"], "log": "|j|\u2606dfygcd\n|j|\u2606Fhhdufhdhdjdjed\n|t:|1733902207\n|gametype|singles\n|player|p1|dfygcd|1|1084\n|player|p2|Fhhdufhdhdjdjed|170|1049\n|teamsize|p1|6\n|teamsize|p2|6\n|gen|9\n|tier|[Gen 9] Random Battle\n|rated|\n|rule|Species Clause: Limit one of each Pok\u00e9mon\n|rule|HP Percentage Mod: HP is shown in percentages\n|rule|Sleep Clause Mod: Limit one foe put to sleep\n|rule|Illusion Level Mod: Illusion disguises the Pok\u00e9mon's true level\n|\n|t:|1733902207\n|start\n|switch|p1a: Alomomola|Alomomola, L87, F|429/429\n|switch|p2a: Slither Wing|Slither Wing, L81|270/270\n|turn|1\n|inactive|Battle timer is ON: inactive players will automatically lose when time's up. (requested by dfygcd)\n|inactive|Fhhdufhdhdjdjed has 120 seconds left.\n|\n|t:|1733902241\n|move|p2a: Slither Wing|U-turn|p1a: Alomomola\n|-damage|p1a: Alomomola|288/429\n|\n|t:|1733902243\n|-end|p2a: Slither Wing|Protosynthesis|[silent]\n|switch|p2a: Spidops|Spidops, L96, M|271/271|[from] U-turn\n|move|p1a: Alomomola|Scald|p2a: Spidops\n|-damage|p2a: Spidops|229/271\n|\n|upkeep\n|turn|2\n|\n|t:|1733902268\n|switch|p1a: Leavanny|Leavanny, L86, F|269/269\n|move|p2a: Spidops|Sticky Web|p1a: Leavanny\n|-sidestart|p1: dfygcd|move: Sticky Web\n|\n|upkeep\n|turn|3\n|\n|t:|1733902277\n|move|p1a: Leavanny|Sticky Web|p2a: Spidops\n|-sidestart|p2: Fhhdufhdhdjdjed|move: Sticky Web\n|move|p2a: Spidops|Spikes|p1a: Leavanny\n|-sidestart|p1: dfygcd|Spikes\n|\n|upkeep\n|turn|4\n|\n|t:|1733902283\n|move|p1a: Leavanny|Knock Off|p2a: Spidops\n|-damage|p2a: Spidops|169/271\n|-enditem|p2a: Spidops|Heavy-Duty Boots|[from] move: Knock Off|[of] p1a: Leavanny\n|move|p2a: Spidops|Spikes|p1a: Leavanny\n|-sidestart|p1: dfygcd|Spikes\n|\n|upkeep\n|turn|5\n|\n|t:|1733902288\n|move|p1a: Leavanny|Lunge|p2a: Spidops\n|-damage|p2a: Spidops|90/271\n|-unboost|p2a: Spidops|atk|1\n|move|p2a: Spidops|Spikes|p1a: Leavanny\n|-sidestart|p1: dfygcd|Spikes\n|\n|upkeep\n|turn|6\n|\n|t:|1733902292\n|move|p1a: Leavanny|Lunge|p2a: Spidops\n|-damage|p2a: Spidops|8/271\n|-unboost|p2a: Spidops|atk|1\n|move|p2a: Spidops|Knock Off|p1a: Leavanny\n|-damage|p1a: Leavanny|226/269\n|-enditem|p1a: Leavanny|Heavy-Duty Boots|[from] move: Knock Off|[of] p2a: Spidops\n|\n|upkeep\n|turn|7\n|\n|t:|1733902298\n|move|p1a: Leavanny|Knock Off|p2a: Spidops\n|-damage|p2a: Spidops|0 fnt\n|faint|p2a: Spidops\n|\n|upkeep\n|\n|t:|1733902304\n|switch|p2a: Enamorus|Enamorus, L79, F|247/247\n|turn|8\n|\n|t:|1733902312\n|move|p2a: Enamorus|Mystical Fire|p1a: Leavanny\n|-supereffective|p1a: Leavanny\n|-damage|p1a: Leavanny|0 fnt\n|faint|p1a: Leavanny\n|\n|upkeep\n|\n|t:|1733902321\n|switch|p1a: Alomomola|Alomomola, L87, F|429/429\n|turn|9\n|\n|t:|1733902325\n|move|p2a: Enamorus|Calm Mind|p2a: Enamorus\n|-boost|p2a: Enamorus|spa|1\n|-boost|p2a: Enamorus|spd|1\n|move|p1a: Alomomola|Scald|p2a: Enamorus\n|-damage|p2a: Enamorus|211/247\n|\n|upkeep\n|turn|10\n|\n|t:|1733902348\n|move|p2a: Enamorus|Moonblast|p1a: Alomomola\n|-damage|p1a: Alomomola|182/429\n|-unboost|p1a: Alomomola|spa|1\n|move|p1a: Alomomola|Scald|p2a: Enamorus\n|-damage|p2a: Enamorus|184/247\n|\n|upkeep\n|turn|11\n|\n|t:|1733902361\n|move|p2a: Enamorus|Moonblast|p1a: Alomomola\n|-damage|p1a: Alomomola|0 fnt\n|faint|p1a: Alomomola\n|\n|upkeep\n|\n|t:|1733902372\n|switch|p1a: Whimsicott|Whimsicott, L85, F|241/241\n|-activate|p1a: Whimsicott|move: Sticky Web\n|-unboost|p1a: Whimsicott|spe|1\n|-damage|p1a: Whimsicott|181/241|[from] Spikes\n|turn|12\n|\n|t:|1733902378\n|move|p1a: Whimsicott|Leech Seed|p2a: Enamorus\n|-start|p2a: Enamorus|move: Leech Seed\n|move|p2a: Enamorus|Mystical Fire|p1a: Whimsicott\n|-supereffective|p1a: Whimsicott\n|-damage|p1a: Whimsicott|0 fnt\n|faint|p1a: Whimsicott\n|\n|upkeep\n|\n|t:|1733902389\n|switch|p1a: Salamence|Salamence, L77, F|273/273\n|-ability|p1a: Salamence|Intimidate|boost\n|-unboost|p2a: Enamorus|atk|1\n|turn|13\n|\n|t:|1733902397\n|-terastallize|p1a: Salamence|Steel\n|move|p2a: Enamorus|Moonblast|p1a: Salamence\n|-resisted|p1a: Salamence\n|-crit|p1a: Salamence\n|-damage|p1a: Salamence|111/273\n|move|p1a: Salamence|Dragon Dance|p1a: Salamence\n|-boost|p1a: Salamence|atk|1\n|-boost|p1a: Salamence|spe|1\n|\n|-damage|p2a: Enamorus|154/247|[from] Leech Seed|[of] p1a: Salamence\n|-heal|p1a: Salamence|141/273|[silent]\n|upkeep\n|turn|14\n|\n|t:|1733902414\n|move|p1a: Salamence|Dual Wingbeat|p2a: Enamorus\n|-crit|p2a: Enamorus\n|-damage|p2a: Enamorus|10/247\n|-damage|p2a: Enamorus|0 fnt\n|faint|p2a: Enamorus\n|-hitcount|p2: Enamorus|2\n|\n|upkeep\n|\n|t:|1733902423\n|switch|p2a: Copperajah|Copperajah, L86, F|350/350\n|-activate|p2a: Copperajah|move: Sticky Web\n|-unboost|p2a: Copperajah|spe|1\n|turn|15\n|\n|t:|1733902433\n|move|p1a: Salamence|Roost|p1a: Salamence\n|-heal|p1a: Salamence|273/273\n|move|p2a: Copperajah|Heat Crash|p1a: Salamence\n|-supereffective|p1a: Salamence\n|-damage|p1a: Salamence|0 fnt\n|faint|p1a: Salamence\n|\n|upkeep\n|inactive|dfygcd has 120 seconds left.\n|\n|t:|1733902449\n|switch|p1a: Cobalion|Cobalion, L80|277/277\n|-activate|p1a: Cobalion|move: Sticky Web\n|-unboost|p1a: Cobalion|spe|1\n|-damage|p1a: Cobalion|208/277|[from] Spikes\n|turn|16\n|inactive|dfygcd has 120 seconds left.\n|\n|t:|1733902463\n|-terastallize|p2a: Copperajah|Fire\n|move|p1a: Cobalion|Close Combat|p2a: Copperajah\n|-damage|p2a: Copperajah|209/350\n|-unboost|p1a: Cobalion|def|1\n|-unboost|p1a: Cobalion|spd|1\n|move|p2a: Copperajah|Heat Crash|p1a: Cobalion\n|-supereffective|p1a: Cobalion\n|-damage|p1a: Cobalion|0 fnt\n|faint|p1a: Cobalion\n|\n|upkeep\n|inactive|dfygcd has 120 seconds left.\n|\n|t:|1733902468\n|switch|p1a: Archaludon|Archaludon, L78, M|268/268\n|-activate|p1a: Archaludon|move: Sticky Web\n|-unboost|p1a: Archaludon|spe|1\n|-damage|p1a: Archaludon|201/268|[from] Spikes\n|turn|17\n|inactive|dfygcd has 120 seconds left.\n|\n|t:|1733902482\n|move|p1a: Archaludon|Body Press|p2a: Copperajah\n|-damage|p2a: Copperajah|134/350\n|move|p2a: Copperajah|Heat Crash|p1a: Archaludon\n|-damage|p1a: Archaludon|0 fnt\n|faint|p1a: Archaludon\n|\n|win|Fhhdufhdhdjdjed\n|raw|dfygcd's rating: 1084 &rarr; <strong>1059</strong><br />(-25 for losing)\n|raw|Fhhdufhdhdjdjed's rating: 1049 &rarr; <strong>1085</strong><br />(+36 for winning)\n|l|\u2606dfygcd\n|player|p1|\n", "inputlog": ">version bfd83cad13791eb5a5a409923076391caf6fb4d4\n>start {\"formatid\":\"gen9randombattle\",\"seed\":[56183,60684,10782,46972],\"rated\":\"Rated battle\"}\n>player p1 {\"name\":\"dfygcd\",\"avatar\":\"1\",\"rating\":1084,\"seed\":[31553,43831,54118,41792]}\n>player p2 {\"name\":\"Fhhdufhdhdjdjed\",\"avatar\":\"170\",\"rating\":1049,\"seed\":[10246,30609,36584,15720]}\n>p1 move scald\n>p2 move uturn\n>p2 switch 6\n>p1 switch 4\n>p2 move stickyweb\n>p1 move stickyweb\n>p2 move spikes\n>p1 move knockoff\n>p2 move spikes\n>p1 move lunge\n>p2 move spikes\n>p1 move lunge\n>p2 move knockoff\n>p1 move knockoff\n>p2 move uturn\n>p2 switch 5\n>p1 move knockoff\n>p2 move mysticalfire\n>p1 switch 4\n>p1 move scald\n>p2 move calmmind\n>p1 move scald\n>p2 move moonblast\n>p1 move scald\n>p2 move moonblast\n>p1 switch 6\n>p1 move leechseed\n>p2 move mysticalfire\n>p1 switch 5\n>p1 move dragondance terastallize\n>p2 move moonblast\n>p1 move dualwingbeat\n>p2 move earthpower\n>p2 switch 2\n>p1 move roost\n>p2 move heatcrash\n>p1 switch 3\n>p1 move closecombat\n>p2 move heatcrash terastallize\n>p1 switch 2\n>p1 move bodypress\n>p2 move heatcrash", "uploadtime": 1733902486, "views": 1, "formatid": "gen9randombattle", "rating": 1059, "private": 0, "password": null}