{"id": "gen9randombattle-2178731049", "format": "[Gen 9] Random Battle", "players": ["Ace Saga", "kandkad"], "log": "|badge|p2|bronze|gen9randombattle|100-2\n|uhtml|medal-msg|<div class=\"broadcast-blue\">Curious what those medals under the avatar are? PS now has Ladder Seasons! For more information, check out the <a href=\"https://www.smogon.com/forums/threads/3740067/\">thread on Smogon.</a></div>\n|j|\u2606Ace Saga\n|j|\u203dkandkad\n|t:|1723484981\n|gametype|singles\n|player|p1|Ace Saga|170|2197\n|player|p2|kandkad|clemont|2359\n|teamsize|p1|6\n|teamsize|p2|6\n|gen|9\n|tier|[Gen 9] Random Battle\n|rated|\n|rule|Species Clause: Limit one of each Pok\u00e9mon\n|rule|HP Percentage Mod: HP is shown in percentages\n|rule|Sleep Clause Mod: Limit one foe put to sleep\n|rule|Illusion Level Mod: Illusion disguises the Pok\u00e9mon's true level\n|\n|t:|1723484981\n|start\n|switch|p1a: Chi-Yu|Chi-Yu, L77|211/211\n|switch|p2a: Slither Wing|Slither Wing, L81|270/270\n|-ability|p1a: Chi-Yu|Beads of Ruin\n|turn|1\n|inactive|Battle timer is ON: inactive players will automatically lose when time's up. (requested by kandkad)\n|\n|t:|1723485003\n|-end|p2a: Slither Wing|Protosynthesis|[silent]\n|switch|p2a: Incineroar|Incineroar, L83, F|293/293\n|-ability|p2a: Incineroar|Intimidate|boost\n|-unboost|p1a: Chi-Yu|atk|1\n|move|p1a: Chi-Yu|Flamethrower|p2a: Incineroar\n|-resisted|p2a: Incineroar\n|-damage|p2a: Incineroar|223/293\n|\n|upkeep\n|turn|2\n|\n|t:|1723485019\n|switch|p1a: Arcanine|Arcanine, L84, F|288/288\n|-ability|p1a: Arcanine|Intimidate|boost\n|-unboost|p2a: Incineroar|atk|1\n|move|p2a: Incineroar|Swords Dance|p2a: Incineroar\n|-boost|p2a: Incineroar|atk|2\n|\n|upkeep\n|turn|3\n|\n|t:|1723485026\n|move|p1a: Arcanine|Close Combat|p2a: Incineroar\n|-supereffective|p2a: Incineroar\n|-damage|p2a: Incineroar|35/293\n|-unboost|p1a: Arcanine|def|1\n|-unboost|p1a: Arcanine|spd|1\n|move|p2a: Incineroar|Knock Off|p1a: Arcanine\n|-damage|p1a: Arcanine|12/288\n|-enditem|p1a: Arcanine|Heavy-Duty Boots|[from] move: Knock Off|[of] p2a: Incineroar\n|\n|upkeep\n|turn|4\n|\n|t:|1723485033\n|switch|p2a: Altaria|Altaria, L88, M|275/275\n|move|p1a: Arcanine|Close Combat|p2a: Altaria\n|-resisted|p2a: Altaria\n|-damage|p2a: Altaria|232/275\n|-unboost|p1a: Arcanine|def|1\n|-unboost|p1a: Arcanine|spd|1\n|\n|upkeep\n|turn|5\n|\n|t:|1723485045\n|move|p1a: Arcanine|Will-O-Wisp|p2a: Altaria\n|-status|p2a: Altaria|brn\n|move|p2a: Altaria|Dragon Dance|p2a: Altaria\n|-boost|p2a: Altaria|atk|1\n|-boost|p2a: Altaria|spe|1\n|\n|-damage|p2a: Altaria|215/275 brn|[from] brn\n|upkeep\n|turn|6\n|\n|t:|1723485053\n|switch|p1a: Glalie|Glalie, L96, M|309/309\n|move|p2a: Altaria|Earthquake|p1a: Glalie\n|-damage|p1a: Glalie|263/309\n|\n|-damage|p2a: Altaria|198/275 brn|[from] brn\n|upkeep\n|turn|7\n|\n|t:|1723485060\n|-curestatus|p2a: Altaria|brn|[from] ability: Natural Cure\n|switch|p2a: Slither Wing|Slither Wing, L81|270/270\n|move|p1a: Glalie|Spikes|p2a: Slither Wing\n|-sidestart|p2: kandkad|Spikes\n|\n|upkeep\n|turn|8\n|\n|t:|1723485072\n|switch|p1a: Rotom|Rotom, L88|231/231\n|move|p2a: Slither Wing|U-turn|p1a: Rotom\n|-resisted|p1a: Rotom\n|-damage|p1a: Rotom|169/231\n|-damage|p2a: Slither Wing|243/270|[from] item: Life Orb\n|\n|t:|1723485083\n|-end|p2a: Slither Wing|Protosynthesis|[silent]\n|switch|p2a: Altaria|Altaria, L88, M|198/275|[from] U-turn\n|\n|upkeep\n|turn|9\n|\n|t:|1723485090\n|switch|p2a: Incineroar|Incineroar, L83, F|35/293\n|-ability|p2a: Incineroar|Intimidate|boost\n|-unboost|p1a: Rotom|atk|1\n|move|p1a: Rotom|Will-O-Wisp|p2a: Incineroar\n|-immune|p2a: Incineroar\n|\n|upkeep\n|turn|10\n|\n|t:|1723485095\n|move|p1a: Rotom|Thunderbolt|p2a: Incineroar\n|-damage|p2a: Incineroar|0 fnt\n|faint|p2a: Incineroar\n|-damage|p1a: Rotom|146/231|[from] item: Life Orb\n|\n|upkeep\n|\n|t:|1723485106\n|switch|p2a: Altaria|Altaria, L88, M|198/275\n|turn|11\n|\n|t:|1723485110\n|move|p1a: Rotom|Will-O-Wisp|p2a: Altaria\n|-status|p2a: Altaria|brn\n|move|p2a: Altaria|Dragon Dance|p2a: Altaria\n|-boost|p2a: Altaria|atk|1\n|-boost|p2a: Altaria|spe|1\n|\n|-damage|p2a: Altaria|181/275 brn|[from] brn\n|upkeep\n|turn|12\n|\n|t:|1723485116\n|switch|p1a: Glalie|Glalie, L96, M|263/309\n|move|p2a: Altaria|Brave Bird|p1a: Glalie\n|-damage|p1a: Glalie|188/309\n|-damage|p2a: Altaria|156/275 brn|[from] Recoil\n|\n|-damage|p2a: Altaria|139/275 brn|[from] brn\n|upkeep\n|turn|13\n|\n|t:|1723485121\n|-curestatus|p2a: Altaria|brn|[from] ability: Natural Cure\n|switch|p2a: Slither Wing|Slither Wing, L81|243/270\n|-damage|p2a: Slither Wing|210/270|[from] Spikes\n|move|p1a: Glalie|Freeze-Dry|p2a: Slither Wing\n|-damage|p2a: Slither Wing|134/270\n|\n|upkeep\n|turn|14\n|\n|t:|1723485131\n|switch|p1a: Rotom|Rotom, L88|146/231\n|move|p2a: Slither Wing|Flare Blitz|p1a: Rotom\n|-damage|p1a: Rotom|0 fnt\n|faint|p1a: Rotom\n|-damage|p2a: Slither Wing|86/270|[from] Recoil\n|-damage|p2a: Slither Wing|59/270|[from] item: Life Orb\n|\n|upkeep\n|\n|t:|1723485137\n|switch|p1a: Glalie|Glalie, L96, M|188/309\n|turn|15\n|\n|t:|1723485143\n|-end|p2a: Slither Wing|Protosynthesis|[silent]\n|switch|p2a: Ditto|Ditto, L87|225/225\n|-damage|p2a: Ditto|197/225|[from] Spikes\n|-transform|p2a: Ditto|p1a: Glalie|[from] ability: Imposter\n|move|p1a: Glalie|Freeze-Dry|p2a: Ditto\n|-resisted|p2a: Ditto\n|-damage|p2a: Ditto|155/225\n|\n|upkeep\n|turn|16\n|\n|t:|1723485153\n|move|p2a: Ditto|Spikes|p1a: Glalie\n|-sidestart|p1: Ace Saga|Spikes\n|move|p1a: Glalie|Spikes|p2a: Ditto\n|-sidestart|p2: kandkad|Spikes\n|\n|upkeep\n|turn|17\n|\n|t:|1723485159\n|move|p2a: Ditto|Spikes|p1a: Glalie\n|-sidestart|p1: Ace Saga|Spikes\n|move|p1a: Glalie|Taunt|p2a: Ditto\n|-start|p2a: Ditto|move: Taunt\n|\n|upkeep\n|turn|18\n|\n|t:|1723485166\n|switch|p2a: Slither Wing|Slither Wing, L81|59/270\n|-damage|p2a: Slither Wing|14/270|[from] Spikes\n|move|p1a: Glalie|Freeze-Dry|p2a: Slither Wing\n|-damage|p2a: Slither Wing|0 fnt\n|faint|p2a: Slither Wing\n|-end|p2a: Slither Wing|Protosynthesis|[silent]\n|\n|upkeep\n|\n|t:|1723485173\n|switch|p2a: Kyogre|Kyogre, L71|259/259\n|-damage|p2a: Kyogre|216/259|[from] Spikes\n|-weather|RainDance|[from] ability: Drizzle|[of] p2a: Kyogre\n|turn|19\n|\n|t:|1723485181\n|switch|p1a: Arcanine|Arcanine, L84, F|12/288\n|-damage|p1a: Arcanine|0 fnt|[from] Spikes\n|faint|p1a: Arcanine\n|move|p2a: Kyogre|Calm Mind|p2a: Kyogre\n|-boost|p2a: Kyogre|spa|1\n|-boost|p2a: Kyogre|spd|1\n|\n|-weather|RainDance|[upkeep]\n|-heal|p2a: Kyogre|232/259|[from] item: Leftovers\n|upkeep\n|\n|t:|1723485200\n|switch|p1a: Arceus|Arceus-Grass, L72|292/292\n|-damage|p1a: Arceus|244/292|[from] Spikes\n|turn|20\n|\n|t:|1723485205\n|move|p1a: Arceus|Calm Mind|p1a: Arceus\n|-boost|p1a: Arceus|spa|1\n|-boost|p1a: Arceus|spd|1\n|move|p2a: Kyogre|Ice Beam|p1a: Arceus\n|-supereffective|p1a: Arceus\n|-damage|p1a: Arceus|114/292\n|\n|-weather|RainDance|[upkeep]\n|-heal|p2a: Kyogre|248/259|[from] item: Leftovers\n|upkeep\n|turn|21\n|\n|t:|1723485211\n|move|p1a: Arceus|Calm Mind|p1a: Arceus\n|-boost|p1a: Arceus|spa|1\n|-boost|p1a: Arceus|spd|1\n|move|p2a: Kyogre|Calm Mind|p2a: Kyogre\n|-boost|p2a: Kyogre|spa|1\n|-boost|p2a: Kyogre|spd|1\n|\n|-weather|RainDance|[upkeep]\n|-heal|p2a: Kyogre|259/259|[from] item: Leftovers\n|upkeep\n|turn|22\n|\n|t:|1723485216\n|move|p1a: Arceus|Calm Mind|p1a: Arceus\n|-boost|p1a: Arceus|spa|1\n|-boost|p1a: Arceus|spd|1\n|move|p2a: Kyogre|Ice Beam|p1a: Arceus\n|-supereffective|p1a: Arceus\n|-damage|p1a: Arceus|14/292\n|\n|-weather|RainDance|[upkeep]\n|upkeep\n|turn|23\n|\n|t:|1723485220\n|move|p1a: Arceus|Recover|p1a: Arceus\n|-heal|p1a: Arceus|160/292\n|move|p2a: Kyogre|Ice Beam|p1a: Arceus\n|-supereffective|p1a: Arceus\n|-damage|p1a: Arceus|58/292\n|\n|-weather|none\n|upkeep\n|turn|24\n|\n|t:|1723485226\n|move|p1a: Arceus|Recover|p1a: Arceus\n|-heal|p1a: Arceus|204/292\n|move|p2a: Kyogre|Ice Beam|p1a: Arceus\n|-supereffective|p1a: Arceus\n|-damage|p1a: Arceus|108/292\n|\n|upkeep\n|turn|25\n|\n|t:|1723485232\n|switch|p2a: Ditto|Ditto, L87|155/225\n|-damage|p2a: Ditto|118/225|[from] Spikes\n|-transform|p2a: Ditto|p1a: Arceus|[from] ability: Imposter\n|move|p1a: Arceus|Recover|p1a: Arceus\n|-heal|p1a: Arceus|254/292\n|\n|upkeep\n|turn|26\n|\n|t:|1723485249\n|-terastallize|p1a: Arceus|Fire\n|move|p2a: Ditto|Fire Blast|p1a: Arceus\n|-resisted|p1a: Arceus\n|-damage|p1a: Arceus|219/292\n|move|p1a: Arceus|Calm Mind|p1a: Arceus\n|-boost|p1a: Arceus|spa|1\n|-boost|p1a: Arceus|spd|1\n|\n|upkeep\n|turn|27\n|\n|t:|1723485256\n|switch|p2a: Altaria|Altaria, L88, M|139/275\n|move|p1a: Arceus|Judgment|p2a: Altaria\n|-resisted|p2a: Altaria\n|-crit|p2a: Altaria\n|-damage|p2a: Altaria|39/275\n|\n|upkeep\n|turn|28\n|\n|t:|1723485260\n|move|p1a: Arceus|Judgment|p2a: Altaria\n|-resisted|p2a: Altaria\n|-damage|p2a: Altaria|0 fnt\n|faint|p2a: Altaria\n|\n|upkeep\n|\n|t:|1723485267\n|switch|p2a: Kyogre|Kyogre, L71|259/259\n|-damage|p2a: Kyogre|216/259|[from] Spikes\n|-weather|RainDance|[from] ability: Drizzle|[of] p2a: Kyogre\n|turn|29\n|\n|t:|1723485273\n|-terastallize|p2a: Kyogre|Steel\n|move|p1a: Arceus|Judgment|p2a: Kyogre\n|-resisted|p2a: Kyogre\n|-damage|p2a: Kyogre|87/259\n|move|p2a: Kyogre|Calm Mind|p2a: Kyogre\n|-boost|p2a: Kyogre|spa|1\n|-boost|p2a: Kyogre|spd|1\n|\n|-weather|RainDance|[upkeep]\n|-heal|p2a: Kyogre|103/259|[from] item: Leftovers\n|upkeep\n|turn|30\n|\n|t:|1723485281\n|move|p1a: Arceus|Judgment|p2a: Kyogre\n|-resisted|p2a: Kyogre\n|-damage|p2a: Kyogre|11/259\n|move|p2a: Kyogre|Origin Pulse|p1a: Arceus\n|-supereffective|p1a: Arceus\n|-crit|p1a: Arceus\n|-damage|p1a: Arceus|0 fnt\n|faint|p1a: Arceus\n|\n|-weather|RainDance|[upkeep]\n|-heal|p2a: Kyogre|27/259|[from] item: Leftovers\n|upkeep\n|\n|t:|1723485297\n|switch|p1a: Glalie|Glalie, L96, M|188/309\n|turn|31\n|\n|t:|1723485300\n|move|p1a: Glalie|Earthquake|p2a: Kyogre\n|-supereffective|p2a: Kyogre\n|-damage|p2a: Kyogre|0 fnt\n|faint|p2a: Kyogre\n|\n|-weather|RainDance|[upkeep]\n|upkeep\n|\n|t:|1723485304\n|switch|p2a: Ditto|Ditto, L87|118/225\n|-damage|p2a: Ditto|81/225|[from] Spikes\n|-transform|p2a: Ditto|p1a: Glalie|[from] ability: Imposter\n|turn|32\n|\n|t:|1723485310\n|move|p2a: Ditto|Earthquake|p1a: Glalie\n|-damage|p1a: Glalie|117/309\n|move|p1a: Glalie|Earthquake|p2a: Ditto\n|-damage|p2a: Ditto|6/225\n|\n|-weather|RainDance|[upkeep]\n|upkeep\n|turn|33\n|\n|t:|1723485316\n|move|p2a: Ditto|Earthquake|p1a: Glalie\n|-damage|p1a: Glalie|52/309\n|move|p1a: Glalie|Earthquake|p2a: Ditto\n|-damage|p2a: Ditto|0 fnt\n|faint|p2a: Ditto\n|\n|-weather|none\n|upkeep\n|\n|t:|1723485318\n|switch|p2a: Haxorus|Haxorus, L77, M|244/244\n|-damage|p2a: Haxorus|204/244|[from] Spikes\n|-ability|p2a: Haxorus|Mold Breaker\n|turn|34\n|\n|t:|1723485329\n|move|p1a: Glalie|Freeze-Dry|p2a: Haxorus\n|-supereffective|p2a: Haxorus\n|-damage|p2a: Haxorus|0 fnt\n|faint|p2a: Haxorus\n|\n|win|Ace Saga\n|raw|Ace Saga's rating: 2197 &rarr; <strong>2226</strong><br />(+29 for winning)\n|raw|kandkad's rating: 2359 &rarr; <strong>2330</strong><br />(-29 for losing)\n|l|\u203dkandkad\n|player|p2|\n", "inputlog": ">version 0ec0e55f1850a834666cebe688662fdc67f44d3b\n>start {\"formatid\":\"gen9randombattle\",\"seed\":[7054,49567,41395,25329],\"rated\":\"Rated battle\"}\n>player p1 {\"name\":\"Ace Saga\",\"avatar\":\"170\",\"rating\":2197,\"seed\":[45080,35048,22446,32013]}\n>player p2 {\"name\":\"kandkad\",\"avatar\":\"clemont\",\"rating\":2359,\"seed\":[58787,41765,21270,50207]}\n>p1 move flamethrower\n>p2 switch 5\n>p1 switch 2\n>p2 move swordsdance\n>p1 move closecombat\n>p2 move knockoff\n>p1 move closecombat\n>p2 switch 3\n>p1 move willowisp\n>p2 move dragondance\n>p1 switch 4\n>p2 move earthquake\n>p1 move spikes\n>p2 switch 5\n>p1 switch 5\n>p2 move uturn\n>p2 switch 5\n>p1 move willowisp\n>p2 switch 3\n>p1 move thunderbolt\n>p2 move knockoff\n>p2 switch 3\n>p1 move willowisp\n>p2 move dragondance\n>p1 switch 5\n>p2 move bravebird\n>p1 move freezedry\n>p2 switch 5\n>p1 switch 5\n>p2 move flareblitz\n>p1 switch 5\n>p1 move freezedry\n>p2 switch 2\n>p1 move spikes\n>p2 move spikes\n>p1 move taunt\n>p2 move spikes\n>p1 move freezedry\n>p2 switch 2\n>p2 switch 6\n>p1 switch 4\n>p2 move calmmind\n>p1 switch 3\n>p1 move calmmind\n>p2 move icebeam\n>p1 move calmmind\n>p2 move calmmind\n>p1 move calmmind\n>p2 move icebeam\n>p1 move recover\n>p2 move icebeam\n>p1 move recover\n>p2 move icebeam\n>p1 move recover\n>p2 switch 2\n>p1 move calmmind terastallize\n>p2 move fireblast\n>p1 move judgment\n>p2 switch 5\n>p1 move judgment\n>p2 move roost\n>p2 switch 2\n>p1 move judgment\n>p2 move calmmind terastallize\n>p1 move judgment\n>p2 move originpulse\n>p1 switch 4\n>p1 move earthquake\n>p2 move originpulse\n>p2 switch 5\n>p1 move earthquake\n>p2 move earthquake\n>p1 move earthquake\n>p2 move earthquake\n>p2 switch 4\n>p1 move freezedry\n>p2 move scaleshot", "uploadtime": 1723485419, "views": 150, "formatid": "gen9randombattle", "rating": 2226, "private": 0, "password": null}