{"id": "gen9randombattle-2259956608", "format": "[Gen 9] Random Battle", "players": ["presidentpeanut123", "Didnt fix"], "log": "|j|\u2606presidentpeanut123\n|j|\u2606Didnt fix\n|t:|1733784107\n|gametype|singles\n|player|p1|presidentpeanut123|2|1000\n|player|p2|Didnt fix|101|1000\n|teamsize|p1|6\n|teamsize|p2|6\n|gen|9\n|tier|[Gen 9] Random Battle\n|rated|\n|rule|Species Clause: Limit one of each Pok\u00e9mon\n|rule|HP Percentage Mod: HP is shown in percentages\n|rule|Sleep Clause Mod: Limit one foe put to sleep\n|rule|Illusion Level Mod: Illusion disguises the Pok\u00e9mon's true level\n|\n|t:|1733784107\n|start\n|switch|p1a: Tauros|Tauros-Paldea-Combat, L82, M|257/257\n|switch|p2a: Cobalion|Cobalion, L80|277/277\n|-ability|p1a: Tauros|Intimidate|boost\n|-unboost|p2a: Cobalion|atk|1\n|turn|1\n|\n|t:|1733784123\n|switch|p2a: Uxie|Uxie, L83|260/260\n|move|p1a: Tauros|Earthquake|p2a: Uxie\n|-immune|p2a: Uxie|[from] ability: Levitate\n|\n|upkeep\n|turn|2\n|inactive|Battle timer is ON: inactive players will automatically lose when time's up. (requested by Didnt fix)\n|\n|t:|1733784142\n|switch|p1a: Hoopa|Hoopa, L85|275/275\n|move|p2a: Uxie|Psychic Noise|p1a: Hoopa\n|-resisted|p1a: Hoopa\n|-damage|p1a: Hoopa|254/275\n|-start|p1a: Hoopa|move: Heal Block\n|\n|upkeep\n|turn|3\n|\n|t:|1733784154\n|move|p2a: Uxie|Knock Off|p1a: Hoopa\n|-supereffective|p1a: Hoopa\n|-damage|p1a: Hoopa|0 fnt\n|-enditem|p1a: Hoopa|Life Orb|[from] move: Knock Off|[of] p2a: Uxie\n|faint|p1a: Hoopa\n|\n|upkeep\n|\n|t:|1733784175\n|switch|p1a: Sandy Shocks|Sandy Shocks, L80|267/267\n|turn|4\n|\n|t:|1733784181\n|move|p1a: Sandy Shocks|Thunderbolt|p2a: Uxie\n|-damage|p2a: Uxie|178/260\n|move|p2a: Uxie|Yawn|p1a: Sandy Shocks\n|-start|p1a: Sandy Shocks|move: Yawn|[of] p2a: Uxie\n|\n|-heal|p2a: Uxie|194/260|[from] item: Leftovers\n|upkeep\n|turn|5\n|\n|t:|1733784194\n|-end|p1a: Sandy Shocks|Protosynthesis|[silent]\n|switch|p1a: Wigglytuff|Wigglytuff, L96, F|424/424\n|move|p2a: Uxie|Knock Off|p1a: Wigglytuff\n|-resisted|p1a: Wigglytuff\n|-damage|p1a: Wigglytuff|385/424\n|-enditem|p1a: Wigglytuff|Leftovers|[from] move: Knock Off|[of] p2a: Uxie\n|\n|-heal|p2a: Uxie|210/260|[from] item: Leftovers\n|upkeep\n|turn|6\n|\n|t:|1733784207\n|switch|p2a: Raichu|Raichu, L88, M|249/249\n|move|p1a: Wigglytuff|Wish|p1a: Wigglytuff\n|\n|upkeep\n|turn|7\n|\n|t:|1733784218\n|switch|p1a: Sandy Shocks|Sandy Shocks, L80|267/267\n|move|p2a: Raichu|Encore||[still]\n|-fail|p2a: Raichu\n|\n|upkeep\n|turn|8\n|\n|t:|1733784233\n|-terastallize|p2a: Raichu|Water\n|move|p2a: Raichu|Surf|p1a: Sandy Shocks\n|-supereffective|p1a: Sandy Shocks\n|-damage|p1a: Sandy Shocks|0 fnt\n|faint|p1a: Sandy Shocks\n|-end|p1a: Sandy Shocks|Protosynthesis|[silent]\n|-damage|p2a: Raichu|225/249|[from] item: Life Orb\n|\n|upkeep\n|\n|t:|1733784248\n|switch|p1a: Tauros|Tauros-Paldea-Combat, L82, M|257/257\n|-ability|p1a: Tauros|Intimidate|boost\n|-unboost|p2a: Raichu|atk|1\n|turn|9\n|\n|t:|1733784257\n|switch|p2a: Uxie|Uxie, L83|210/260\n|move|p1a: Tauros|Iron Head|p2a: Uxie\n|-damage|p2a: Uxie|147/260\n|\n|-heal|p2a: Uxie|163/260|[from] item: Leftovers\n|upkeep\n|turn|10\n|\n|t:|1733784267\n|move|p1a: Tauros|Iron Head|p2a: Uxie\n|-damage|p2a: Uxie|94/260\n|move|p2a: Uxie|Yawn|p1a: Tauros\n|-start|p1a: Tauros|move: Yawn|[of] p2a: Uxie\n|\n|-heal|p2a: Uxie|110/260|[from] item: Leftovers\n|upkeep\n|turn|11\n|\n|t:|1733784278\n|switch|p1a: Wigglytuff|Wigglytuff, L96, F|385/424\n|move|p2a: Uxie|Psychic Noise|p1a: Wigglytuff\n|-damage|p1a: Wigglytuff|295/424\n|-start|p1a: Wigglytuff|move: Heal Block\n|\n|-heal|p2a: Uxie|126/260|[from] item: Leftovers\n|upkeep\n|turn|12\n|\n|t:|1733784289\n|move|p2a: Uxie|Psychic Noise|p1a: Wigglytuff\n|-damage|p1a: Wigglytuff|205/424\n|move|p1a: Wigglytuff|Dazzling Gleam|p2a: Uxie\n|-damage|p2a: Uxie|50/260\n|\n|-heal|p2a: Uxie|66/260|[from] item: Leftovers\n|-end|p1a: Wigglytuff|move: Heal Block\n|upkeep\n|turn|13\n|\n|t:|1733784300\n|move|p2a: Uxie|Psychic Noise|p1a: Wigglytuff\n|-damage|p1a: Wigglytuff|120/424\n|-start|p1a: Wigglytuff|move: Heal Block\n|move|p1a: Wigglytuff|Dazzling Gleam|p2a: Uxie\n|-damage|p2a: Uxie|0 fnt\n|faint|p2a: Uxie\n|\n|upkeep\n|\n|t:|1733784315\n|switch|p2a: Raichu|Raichu, L88, M, tera:Water|225/249\n|turn|14\n|\n|t:|1733784321\n|move|p1a: Wigglytuff|Protect|p1a: Wigglytuff\n|-singleturn|p1a: Wigglytuff|Protect\n|move|p2a: Raichu|Thunderbolt|p1a: Wigglytuff\n|-activate|p1a: Wigglytuff|move: Protect\n|\n|-end|p1a: Wigglytuff|move: Heal Block\n|upkeep\n|turn|15\n|\n|t:|1733784332\n|move|p2a: Raichu|Thunderbolt|p1a: Wigglytuff\n|-damage|p1a: Wigglytuff|0 fnt\n|faint|p1a: Wigglytuff\n|-damage|p2a: Raichu|201/249|[from] item: Life Orb\n|\n|upkeep\n|\n|t:|1733784341\n|switch|p1a: Tauros|Tauros-Paldea-Combat, L82, M|257/257\n|-ability|p1a: Tauros|Intimidate|boost\n|-unboost|p2a: Raichu|atk|1\n|turn|16\n|\n|t:|1733784350\n|move|p2a: Raichu|Thunderbolt|p1a: Tauros\n|-damage|p1a: Tauros|97/257\n|-damage|p2a: Raichu|177/249|[from] item: Life Orb\n|move|p1a: Tauros|Iron Head|p2a: Raichu\n|-resisted|p2a: Raichu\n|-damage|p2a: Raichu|122/249\n|\n|upkeep\n|turn|17\n|\n|t:|1733784360\n|move|p2a: Raichu|Thunderbolt|p1a: Tauros\n|-damage|p1a: Tauros|0 fnt\n|faint|p1a: Tauros\n|-damage|p2a: Raichu|98/249|[from] item: Life Orb\n|\n|upkeep\n|\n|t:|1733784366\n|switch|p1a: Glimmora|Glimmora, L75, F|248/248\n|-item|p1a: Glimmora|Air Balloon\n|turn|18\n|\n|t:|1733784374\n|move|p2a: Raichu|Surf|p1a: Glimmora\n|-supereffective|p1a: Glimmora\n|-damage|p1a: Glimmora|0 fnt\n|-enditem|p1a: Glimmora|Air Balloon\n|faint|p1a: Glimmora\n|-damage|p2a: Raichu|74/249|[from] item: Life Orb\n|\n|upkeep\n|\n|t:|1733784381\n|switch|p1a: Sneasler|Sneasler, L74, F|240/240\n|turn|19\n|\n|t:|1733784389\n|move|p2a: Raichu|Thunderbolt|p1a: Sneasler\n|-damage|p1a: Sneasler|88/240\n|-damage|p2a: Raichu|50/249|[from] item: Life Orb\n|move|p1a: Sneasler|Gunk Shot|p2a: Raichu\n|-damage|p2a: Raichu|0 fnt\n|faint|p2a: Raichu\n|\n|upkeep\n|\n|t:|1733784399\n|switch|p2a: Lumineon|Lumineon, L93, M|279/279\n|turn|20\n|\n|t:|1733784403\n|move|p2a: Lumineon|Encore|p1a: Sneasler\n|-start|p1a: Sneasler|Encore\n|move|p1a: Sneasler|Gunk Shot|p2a: Lumineon\n|-damage|p2a: Lumineon|84/279\n|-status|p2a: Lumineon|psn\n|\n|-damage|p2a: Lumineon|50/279 psn|[from] psn\n|upkeep\n|turn|21\n|\n|t:|1733784415\n|switch|p2a: Cobalion|Cobalion, L80|277/277\n|-terastallize|p1a: Sneasler|Fighting\n|move|p1a: Sneasler|Gunk Shot|p2a: Cobalion\n|-immune|p2a: Cobalion\n|\n|upkeep\n|turn|22\n|\n|t:|1733784424\n|move|p1a: Sneasler|Gunk Shot|p2a: Cobalion\n|-immune|p2a: Cobalion\n|move|p2a: Cobalion|Close Combat|p1a: Sneasler\n|-damage|p1a: Sneasler|0 fnt\n|-unboost|p2a: Cobalion|def|1\n|-unboost|p2a: Cobalion|spd|1\n|faint|p1a: Sneasler\n|\n|win|Didnt fix\n|raw|presidentpeanut123's rating: 1000 &rarr; <strong>1000</strong><br />(+0 for losing)\n|raw|Didnt fix's rating: 1000 &rarr; <strong>1040</strong><br />(+40 for winning)\n", "inputlog": ">version bfd83cad13791eb5a5a409923076391caf6fb4d4\n>start {\"formatid\":\"gen9randombattle\",\"seed\":[34365,29342,39437,45830],\"rated\":\"Rated battle\"}\n>player p1 {\"name\":\"presidentpeanut123\",\"avatar\":\"2\",\"rating\":1000,\"seed\":[22714,10504,58620,21453]}\n>player p2 {\"name\":\"Didnt fix\",\"avatar\":\"101\",\"rating\":1000,\"seed\":[15247,28095,50388,41383]}\n>p1 move earthquake\n>p2 switch 3\n>p1 switch 2\n>p2 move psychicnoise\n>p1 move nastyplot\n>p2 move knockoff\n>p1 switch 3\n>p1 move thunderbolt\n>p2 move yawn\n>p1 switch 6\n>p2 move knockoff\n>p1 move wish\n>p2 switch 4\n>p1 switch 6\n>p2 move encore\n>p1 move earthpower\n>p2 move surf terastallize\n>p1 switch 2\n>p1 move ironhead\n>p2 switch 4\n>p1 move ironhead\n>p2 move yawn\n>p1 switch 6\n>p2 move psychicnoise\n>p1 move dazzlinggleam\n>p2 move psychicnoise\n>p1 move dazzlinggleam\n>p2 move psychicnoise\n>p2 switch 4\n>p1 move protect\n>p2 move thunderbolt\n>p1 move wish\n>p2 move thunderbolt\n>p1 switch 6\n>p1 move ironhead\n>p2 move thunderbolt\n>p1 move ironhead\n>p2 move thunderbolt\n>p1 switch 5\n>p1 move earthpower\n>p2 move surf\n>p1 switch 4\n>p1 move gunkshot\n>p2 move thunderbolt\n>p2 switch 6\n>p1 move gunkshot\n>p2 move encore\n>p1 move gunkshot terastallize\n>p2 switch 3\n>p1 move gunkshot\n>p2 move closecombat", "uploadtime": 1733784427, "views": 14, "formatid": "gen9randombattle", "rating": 1000, "private": 0, "password": null}