{"id": "gen9randombattle-2260677245", "format": "[Gen 9] Random Battle", "players": ["Yanulis", "SkillAndPatience"], "log": "|j|\u2606Yanulis\n|j|\u2606SkillAndPatience\n|t:|1733877218\n|gametype|singles\n|player|p1|Yanulis|backersf|1193\n|player|p2|SkillAndPatience|bugcatcher-gen4dp|1213\n|teamsize|p1|6\n|teamsize|p2|6\n|gen|9\n|tier|[Gen 9] Random Battle\n|rated|\n|rule|Species Clause: Limit one of each Pok\u00e9mon\n|rule|HP Percentage Mod: HP is shown in percentages\n|rule|Sleep Clause Mod: Limit one foe put to sleep\n|rule|Illusion Level Mod: Illusion disguises the Pok\u00e9mon's true level\n|\n|t:|1733877218\n|start\n|switch|p1a: Cryogonal|Cryogonal, L89|287/287\n|switch|p2a: Deoxys|Deoxys-Defense, L84|221/221\n|-ability|p2a: Deoxys|Pressure\n|turn|1\n|inactive|Battle timer is ON: inactive players will automatically lose when time's up. (requested by SkillAndPatience)\n|\n|t:|1733877228\n|move|p1a: Cryogonal|Ice Beam|p2a: Deoxys\n|-damage|p2a: Deoxys|161/221\n|-status|p2a: Deoxys|frz\n|cant|p2a: Deoxys|frz\n|\n|upkeep\n|turn|2\n|\n|t:|1733877234\n|move|p1a: Cryogonal|Ice Beam|p2a: Deoxys\n|-damage|p2a: Deoxys|92/221 frz\n|cant|p2a: Deoxys|frz\n|\n|upkeep\n|turn|3\n|\n|t:|1733877241\n|move|p1a: Cryogonal|Ice Beam|p2a: Deoxys\n|-damage|p2a: Deoxys|31/221 frz\n|-curestatus|p2a: Deoxys|frz|[msg]\n|move|p2a: Deoxys|Stealth Rock|p1a: Cryogonal\n|-sidestart|p1: Yanulis|move: Stealth Rock\n|\n|upkeep\n|turn|4\n|\n|t:|1733877247\n|move|p1a: Cryogonal|Ice Beam|p2a: Deoxys\n|-damage|p2a: Deoxys|0 fnt\n|faint|p2a: Deoxys\n|\n|upkeep\n|\n|t:|1733877249\n|switch|p2a: Magcargo|Magcargo, L95, M|268/268\n|turn|5\n|\n|t:|1733877256\n|-terastallize|p1a: Cryogonal|Electric\n|move|p1a: Cryogonal|Rapid Spin|p2a: Magcargo\n|-resisted|p2a: Magcargo\n|-damage|p2a: Magcargo|260/268\n|-boost|p1a: Cryogonal|spe|1\n|-ability|p2a: Magcargo|Weak Armor|boost\n|-unboost|p2a: Magcargo|def|1\n|-boost|p2a: Magcargo|spe|2\n|-sideend|p1: Yanulis|Stealth Rock|[from] move: Rapid Spin|[of] p1a: Cryogonal\n|move|p2a: Magcargo|Shell Smash|p2a: Magcargo\n|-unboost|p2a: Magcargo|def|1\n|-unboost|p2a: Magcargo|spd|1\n|-boost|p2a: Magcargo|atk|2\n|-boost|p2a: Magcargo|spa|2\n|-boost|p2a: Magcargo|spe|2\n|\n|upkeep\n|turn|6\n|\n|t:|1733877269\n|move|p1a: Cryogonal|Tera Blast|p2a: Magcargo|[anim] Tera Blast Electric\n|-damage|p2a: Magcargo|137/268\n|move|p2a: Magcargo|Earth Power|p1a: Cryogonal\n|-immune|p1a: Cryogonal|[from] ability: Levitate\n|\n|upkeep\n|turn|7\n|\n|t:|1733877275\n|move|p1a: Cryogonal|Tera Blast|p2a: Magcargo|[anim] Tera Blast Electric\n|-damage|p2a: Magcargo|11/268\n|move|p2a: Magcargo|Fire Blast|p1a: Cryogonal\n|-crit|p1a: Cryogonal\n|-damage|p1a: Cryogonal|8/287\n|\n|upkeep\n|turn|8\n|\n|t:|1733877287\n|move|p1a: Cryogonal|Tera Blast|p2a: Magcargo|[anim] Tera Blast Electric\n|-damage|p2a: Magcargo|0 fnt\n|faint|p2a: Magcargo\n|\n|upkeep\n|\n|t:|1733877289\n|switch|p2a: Bellibolt|Bellibolt, L84, F|320/320\n|turn|9\n|\n|t:|1733877296\n|move|p1a: Cryogonal|Recover|p1a: Cryogonal\n|-heal|p1a: Cryogonal|152/287\n|move|p2a: Bellibolt|Muddy Water|p1a: Cryogonal\n|-damage|p1a: Cryogonal|107/287\n|\n|upkeep\n|turn|10\n|\n|t:|1733877300\n|move|p1a: Cryogonal|Recover|p1a: Cryogonal\n|-heal|p1a: Cryogonal|251/287\n|move|p2a: Bellibolt|Muddy Water|p1a: Cryogonal\n|-damage|p1a: Cryogonal|204/287\n|\n|upkeep\n|turn|11\n|\n|t:|1733877306\n|switch|p2a: Scrafty|Scrafty, L84, F|246/246\n|move|p1a: Cryogonal|Recover|p1a: Cryogonal\n|-heal|p1a: Cryogonal|287/287\n|\n|upkeep\n|turn|12\n|\n|t:|1733877312\n|move|p1a: Cryogonal|Tera Blast|p2a: Scrafty|[anim] Tera Blast Electric\n|-damage|p2a: Scrafty|170/246\n|move|p2a: Scrafty|Bulk Up|p2a: Scrafty\n|-boost|p2a: Scrafty|atk|1\n|-boost|p2a: Scrafty|def|1\n|\n|-heal|p2a: Scrafty|185/246|[from] item: Leftovers\n|upkeep\n|turn|13\n|\n|t:|1733877316\n|move|p1a: Cryogonal|Tera Blast|p2a: Scrafty|[anim] Tera Blast Electric\n|-damage|p2a: Scrafty|106/246\n|move|p2a: Scrafty|Bulk Up|p2a: Scrafty\n|-boost|p2a: Scrafty|atk|1\n|-boost|p2a: Scrafty|def|1\n|\n|-heal|p2a: Scrafty|121/246|[from] item: Leftovers\n|upkeep\n|turn|14\n|\n|t:|1733877319\n|move|p1a: Cryogonal|Tera Blast|p2a: Scrafty|[anim] Tera Blast Electric\n|-damage|p2a: Scrafty|40/246\n|move|p2a: Scrafty|Drain Punch|p1a: Cryogonal\n|-damage|p1a: Cryogonal|77/287\n|-heal|p2a: Scrafty|145/246|[from] drain|[of] p1a: Cryogonal\n|\n|-heal|p2a: Scrafty|160/246|[from] item: Leftovers\n|upkeep\n|turn|15\n|\n|t:|1733877326\n|move|p1a: Cryogonal|Tera Blast|p2a: Scrafty|[anim] Tera Blast Electric\n|-damage|p2a: Scrafty|85/246\n|move|p2a: Scrafty|Drain Punch|p1a: Cryogonal\n|-damage|p1a: Cryogonal|0 fnt\n|-heal|p2a: Scrafty|124/246|[from] drain|[of] p1a: Cryogonal\n|faint|p1a: Cryogonal\n|\n|-heal|p2a: Scrafty|139/246|[from] item: Leftovers\n|upkeep\n|\n|t:|1733877348\n|switch|p1a: Magmortar|Magmortar, L88, M|275/275\n|turn|16\n|\n|t:|1733877351\n|move|p1a: Magmortar|Focus Blast|p2a: Scrafty|[miss]\n|-miss|p1a: Magmortar|p2a: Scrafty\n|move|p2a: Scrafty|Drain Punch|p1a: Magmortar\n|-damage|p1a: Magmortar|86/275\n|-heal|p2a: Scrafty|234/246|[from] drain|[of] p1a: Magmortar\n|-status|p2a: Scrafty|brn|[from] ability: Flame Body|[of] p1a: Magmortar\n|\n|-heal|p2a: Scrafty|246/246 brn|[from] item: Leftovers\n|-damage|p2a: Scrafty|231/246 brn|[from] brn\n|upkeep\n|turn|17\n|\n|t:|1733877360\n|-terastallize|p2a: Scrafty|Poison\n|move|p1a: Magmortar|Focus Blast|p2a: Scrafty\n|-resisted|p2a: Scrafty\n|-damage|p2a: Scrafty|183/246 brn\n|move|p2a: Scrafty|Bulk Up|p2a: Scrafty\n|-boost|p2a: Scrafty|atk|1\n|-boost|p2a: Scrafty|def|1\n|\n|-heal|p2a: Scrafty|198/246 brn|[from] item: Leftovers\n|-damage|p2a: Scrafty|183/246 brn|[from] brn\n|upkeep\n|turn|18\n|\n|t:|1733877371\n|move|p1a: Magmortar|Fire Blast|p2a: Scrafty|[miss]\n|-miss|p1a: Magmortar|p2a: Scrafty\n|move|p2a: Scrafty|Bulk Up|p2a: Scrafty\n|-boost|p2a: Scrafty|atk|1\n|-boost|p2a: Scrafty|def|1\n|\n|-activate|p2a: Scrafty|ability: Shed Skin\n|-curestatus|p2a: Scrafty|brn|[msg]\n|-heal|p2a: Scrafty|198/246|[from] item: Leftovers\n|upkeep\n|turn|19\n|\n|t:|1733877379\n|move|p1a: Magmortar|Will-O-Wisp|p2a: Scrafty\n|-status|p2a: Scrafty|brn\n|move|p2a: Scrafty|Drain Punch|p1a: Magmortar\n|-damage|p1a: Magmortar|0 fnt\n|-heal|p2a: Scrafty|241/246 brn|[from] drain|[of] p1a: Magmortar\n|faint|p1a: Magmortar\n|\n|-heal|p2a: Scrafty|246/246 brn|[from] item: Leftovers\n|-damage|p2a: Scrafty|231/246 brn|[from] brn\n|upkeep\n|\n|t:|1733877384\n|switch|p1a: Haxorus|Haxorus, L77, M|244/244\n|-ability|p1a: Haxorus|Mold Breaker\n|turn|20\n|\n|t:|1733877389\n|move|p1a: Haxorus|Dragon Dance|p1a: Haxorus\n|-boost|p1a: Haxorus|atk|1\n|-boost|p1a: Haxorus|spe|1\n|move|p2a: Scrafty|Knock Off|p1a: Haxorus\n|-damage|p1a: Haxorus|77/244\n|-enditem|p1a: Haxorus|Lum Berry|[from] move: Knock Off|[of] p2a: Scrafty\n|\n|-heal|p2a: Scrafty|246/246 brn|[from] item: Leftovers\n|-damage|p2a: Scrafty|231/246 brn|[from] brn\n|upkeep\n|turn|21\n|\n|t:|1733877394\n|move|p1a: Haxorus|Close Combat|p2a: Scrafty\n|-resisted|p2a: Scrafty\n|-damage|p2a: Scrafty|212/246 brn\n|-unboost|p1a: Haxorus|def|1\n|-unboost|p1a: Haxorus|spd|1\n|move|p2a: Scrafty|Drain Punch|p1a: Haxorus\n|-damage|p1a: Haxorus|0 fnt\n|-heal|p2a: Scrafty|246/246 brn|[from] drain|[of] p1a: Haxorus\n|faint|p1a: Haxorus\n|\n|-damage|p2a: Scrafty|231/246 brn|[from] brn\n|upkeep\n|-message|Yanulis forfeited.\n|\n|win|SkillAndPatience\n|raw|Yanulis's rating: 1193 &rarr; <strong>1169</strong><br />(-24 for losing)\n|raw|SkillAndPatience's rating: 1213 &rarr; <strong>1237</strong><br />(+24 for winning)\n|l|\u2606Yanulis\n|player|p1|\n", "inputlog": ">version bfd83cad13791eb5a5a409923076391caf6fb4d4\n>start {\"formatid\":\"gen9randombattle\",\"seed\":[58124,51201,37154,52066],\"rated\":\"Rated battle\"}\n>player p1 {\"name\":\"Yanulis\",\"avatar\":\"backersf\",\"rating\":1193,\"seed\":[14688,53696,63612,30516]}\n>player p2 {\"name\":\"SkillAndPatience\",\"avatar\":\"bugcatcher-gen4dp\",\"rating\":1213,\"seed\":[25651,53275,2116,62845]}\n>p1 move icebeam\n>p2 move stealthrock\n>p1 move icebeam\n>p2 move stealthrock\n>p1 move icebeam\n>p2 move stealthrock\n>p1 move icebeam\n>p2 move recover\n>p2 switch 2\n>p1 move rapidspin terastallize\n>p2 move shellsmash\n>p1 move terablast\n>p2 move earthpower\n>p1 move terablast\n>p2 move fireblast\n>p1 move terablast\n>p2 move powergem\n>p2 switch 4\n>p1 move recover\n>p2 move muddywater\n>p1 move recover\n>p2 move muddywater\n>p1 move recover\n>p2 switch 5\n>p1 move terablast\n>p2 move bulkup\n>p1 move terablast\n>p2 move bulkup\n>p1 move terablast\n>p2 move drainpunch\n>p1 move terablast\n>p2 move drainpunch\n>p1 switch 5\n>p1 move focusblast\n>p2 move drainpunch\n>p1 move focusblast\n>p2 move bulkup terastallize\n>p1 move fireblast\n>p2 move bulkup\n>p1 move willowisp\n>p2 move drainpunch\n>p1 switch 3\n>p1 move dragondance\n>p2 move knockoff\n>p1 move closecombat\n>p2 move drainpunch\n>forcelose p1", "uploadtime": 1733877406, "views": 2, "formatid": "gen9randombattle", "rating": 1169, "private": 0, "password": null}