{"id": "gen9randombattle-2260833280", "format": "[Gen 9] Random Battle", "players": ["blu3b3rryb4g3l", "Eatyboy"], "log": "|j|\u2606blu3b3rryb4g3l\n|j|\u2606Eatyboy\n|t:|1733900563\n|gametype|singles\n|player|p1|blu3b3rryb4g3l|grusha|1707\n|player|p2|Eatyboy|2|1642\n|teamsize|p1|6\n|teamsize|p2|6\n|gen|9\n|tier|[Gen 9] Random Battle\n|rated|\n|rule|Species Clause: Limit one of each Pok\u00e9mon\n|rule|HP Percentage Mod: HP is shown in percentages\n|rule|Sleep Clause Mod: Limit one foe put to sleep\n|rule|Illusion Level Mod: Illusion disguises the Pok\u00e9mon's true level\n|\n|t:|1733900563\n|start\n|switch|p1a: Mewtwo|Mewtwo, L72|272/272\n|switch|p2a: Empoleon|Empoleon, L84, F|278/278\n|-ability|p1a: Mewtwo|Unnerve\n|turn|1\n|c|\u2606blu3b3rryb4g3l|glhf\n|\n|t:|1733900580\n|move|p1a: Mewtwo|Aura Sphere|p2a: Empoleon\n|-supereffective|p2a: Empoleon\n|-damage|p2a: Empoleon|138/278\n|-damage|p1a: Mewtwo|245/272|[from] item: Life Orb\n|move|p2a: Empoleon|Stealth Rock|p1a: Mewtwo\n|-sidestart|p1: blu3b3rryb4g3l|move: Stealth Rock\n|\n|-heal|p2a: Empoleon|155/278|[from] item: Leftovers\n|upkeep\n|turn|2\n|\n|t:|1733900601\n|switch|p2a: Brambleghast|Brambleghast, L88, F|240/240\n|move|p1a: Mewtwo|Dark Pulse|p2a: Brambleghast\n|-supereffective|p2a: Brambleghast\n|-damage|p2a: Brambleghast|68/240\n|-damage|p1a: Mewtwo|218/272|[from] item: Life Orb\n|\n|upkeep\n|turn|3\n|\n|t:|1733900615\n|switch|p2a: Krookodile|Krookodile, L80, F|283/283\n|-ability|p2a: Krookodile|Intimidate|boost\n|-unboost|p1a: Mewtwo|atk|1\n|move|p1a: Mewtwo|Dark Pulse|p2a: Krookodile\n|-resisted|p2a: Krookodile\n|-damage|p2a: Krookodile|232/283\n|-damage|p1a: Mewtwo|191/272|[from] item: Life Orb\n|\n|upkeep\n|turn|4\n|\n|t:|1733900632\n|move|p2a: Krookodile|Knock Off|p1a: Mewtwo\n|-supereffective|p1a: Mewtwo\n|-damage|p1a: Mewtwo|0 fnt\n|-enditem|p1a: Mewtwo|Life Orb|[from] move: Knock Off|[of] p2a: Krookodile\n|faint|p1a: Mewtwo\n|\n|upkeep\n|\n|t:|1733900658\n|switch|p1a: Vaporeon|Vaporeon, L86, F|364/364\n|-damage|p1a: Vaporeon|319/364|[from] Stealth Rock\n|turn|5\n|\n|t:|1733900676\n|switch|p2a: Empoleon|Empoleon, L84, F|155/278\n|move|p1a: Vaporeon|Wish|p1a: Vaporeon\n|\n|-heal|p1a: Vaporeon|341/364|[from] item: Leftovers\n|-heal|p2a: Empoleon|172/278|[from] item: Leftovers\n|upkeep\n|turn|6\n|\n|t:|1733900693\n|move|p1a: Vaporeon|Flip Turn|p2a: Empoleon\n|-resisted|p2a: Empoleon\n|-damage|p2a: Empoleon|145/278\n|\n|t:|1733900697\n|switch|p1a: Dedenne|Dedenne, L88, M|261/261|[from] Flip Turn\n|-damage|p1a: Dedenne|229/261|[from] Stealth Rock\n|move|p2a: Empoleon|Roost|p2a: Empoleon\n|-heal|p2a: Empoleon|278/278\n|-singleturn|p2a: Empoleon|move: Roost\n|\n|-heal|p1a: Dedenne|261/261|[from] move: Wish|[wisher] Vaporeon\n|upkeep\n|turn|7\n|\n|t:|1733900713\n|move|p1a: Dedenne|Dazzling Gleam|p2a: Empoleon\n|-resisted|p2a: Empoleon\n|-damage|p2a: Empoleon|239/278\n|move|p2a: Empoleon|Flip Turn|p1a: Dedenne\n|-damage|p1a: Dedenne|180/261\n|\n|t:|1733900725\n|switch|p2a: Krookodile|Krookodile, L80, F|232/283|[from] Flip Turn\n|-ability|p2a: Krookodile|Intimidate|boost\n|-unboost|p1a: Dedenne|atk|1\n|\n|upkeep\n|turn|8\n|\n|t:|1733900731\n|switch|p1a: Rayquaza|Rayquaza, L72|270/270\n|-damage|p1a: Rayquaza|203/270|[from] Stealth Rock\n|-ability|p1a: Rayquaza|Air Lock\n|move|p2a: Krookodile|Earthquake|p1a: Rayquaza\n|-immune|p1a: Rayquaza\n|\n|upkeep\n|turn|9\n|\n|t:|1733900746\n|switch|p2a: Donphan|Donphan, L84, M|288/288\n|move|p1a: Rayquaza|Earthquake|p2a: Donphan\n|-damage|p2a: Donphan|195/288\n|\n|upkeep\n|turn|10\n|\n|t:|1733900759\n|switch|p1a: Vaporeon|Vaporeon, L86, F|341/364\n|-damage|p1a: Vaporeon|296/364|[from] Stealth Rock\n|move|p2a: Donphan|Ice Shard|p1a: Vaporeon\n|-resisted|p1a: Vaporeon\n|-damage|p1a: Vaporeon|266/364\n|\n|-heal|p1a: Vaporeon|288/364|[from] item: Leftovers\n|upkeep\n|turn|11\n|\n|t:|1733900766\n|switch|p2a: Empoleon|Empoleon, L84, F|239/278\n|move|p1a: Vaporeon|Scald|p2a: Empoleon\n|-resisted|p2a: Empoleon\n|-damage|p2a: Empoleon|195/278\n|\n|-heal|p1a: Vaporeon|310/364|[from] item: Leftovers\n|-heal|p2a: Empoleon|212/278|[from] item: Leftovers\n|upkeep\n|turn|12\n|\n|t:|1733900772\n|move|p1a: Vaporeon|Scald|p2a: Empoleon\n|-resisted|p2a: Empoleon\n|-damage|p2a: Empoleon|171/278\n|-status|p2a: Empoleon|brn\n|move|p2a: Empoleon|Flip Turn|p1a: Vaporeon\n|-heal|p1a: Vaporeon|364/364|[from] ability: Water Absorb|[of] p2a: Empoleon\n|\n|-heal|p2a: Empoleon|188/278 brn|[from] item: Leftovers\n|-damage|p2a: Empoleon|171/278 brn|[from] brn\n|upkeep\n|turn|13\n|\n|t:|1733900784\n|move|p1a: Vaporeon|Scald|p2a: Empoleon\n|-resisted|p2a: Empoleon\n|-damage|p2a: Empoleon|129/278 brn\n|move|p2a: Empoleon|Roost|p2a: Empoleon\n|-heal|p2a: Empoleon|268/278 brn\n|-singleturn|p2a: Empoleon|move: Roost\n|\n|-heal|p2a: Empoleon|278/278 brn|[from] item: Leftovers\n|-damage|p2a: Empoleon|261/278 brn|[from] brn\n|upkeep\n|turn|14\n|\n|t:|1733900799\n|switch|p2a: Girafarig|Girafarig, L89, F|269/269\n|move|p1a: Vaporeon|Scald|p2a: Girafarig\n|-damage|p2a: Girafarig|193/269\n|-status|p2a: Girafarig|brn\n|\n|-damage|p2a: Girafarig|177/269 brn|[from] brn\n|upkeep\n|turn|15\n|\n|t:|1733900808\n|move|p2a: Girafarig|Thunderbolt|p1a: Vaporeon\n|-supereffective|p1a: Vaporeon\n|-crit|p1a: Vaporeon\n|-damage|p1a: Vaporeon|186/364\n|move|p1a: Vaporeon|Wish|p1a: Vaporeon\n|\n|-heal|p1a: Vaporeon|208/364|[from] item: Leftovers\n|-damage|p2a: Girafarig|161/269 brn|[from] brn\n|upkeep\n|turn|16\n|\n|t:|1733900826\n|switch|p1a: Dedenne|Dedenne, L88, M|180/261\n|-damage|p1a: Dedenne|148/261|[from] Stealth Rock\n|move|p2a: Girafarig|Thunderbolt|p1a: Dedenne\n|-resisted|p1a: Dedenne\n|-damage|p1a: Dedenne|107/261\n|-enditem|p1a: Dedenne|Sitrus Berry|[eat]\n|-heal|p1a: Dedenne|172/261|[from] item: Sitrus Berry\n|-heal|p1a: Dedenne|259/261|[from] ability: Cheek Pouch\n|\n|-heal|p1a: Dedenne|261/261|[from] move: Wish|[wisher] Vaporeon\n|-damage|p2a: Girafarig|145/269 brn|[from] brn\n|upkeep\n|turn|17\n|\n|t:|1733900835\n|move|p1a: Dedenne|U-turn|p2a: Girafarig\n|-supereffective|p2a: Girafarig\n|-damage|p2a: Girafarig|85/269 brn\n|\n|t:|1733900842\n|switch|p1a: Vaporeon|Vaporeon, L86, F|208/364|[from] U-turn\n|-damage|p1a: Vaporeon|163/364|[from] Stealth Rock\n|move|p2a: Girafarig|Psyshock|p1a: Vaporeon\n|-damage|p1a: Vaporeon|45/364\n|\n|-heal|p1a: Vaporeon|67/364|[from] item: Leftovers\n|-damage|p2a: Girafarig|69/269 brn|[from] brn\n|upkeep\n|turn|18\n|\n|t:|1733900854\n|switch|p2a: Brambleghast|Brambleghast, L88, F|68/240\n|move|p1a: Vaporeon|Protect||[still]\n|-fail|p1a: Vaporeon\n|\n|-heal|p1a: Vaporeon|89/364|[from] item: Leftovers\n|upkeep\n|turn|19\n|\n|t:|1733900886\n|move|p2a: Brambleghast|Poltergeist|p1a: Vaporeon\n|-activate|p1a: Vaporeon|move: Poltergeist|Leftovers\n|-damage|p1a: Vaporeon|0 fnt\n|faint|p1a: Vaporeon\n|\n|upkeep\n|\n|t:|1733900897\n|switch|p1a: Dedenne|Dedenne, L88, M|261/261\n|-damage|p1a: Dedenne|229/261|[from] Stealth Rock\n|turn|20\n|\n|t:|1733900928\n|switch|p2a: Girafarig|Girafarig, L89, F|69/269 brn\n|move|p1a: Dedenne|Dazzling Gleam|p2a: Girafarig\n|-damage|p2a: Girafarig|2/269 brn\n|\n|-damage|p2a: Girafarig|0 fnt|[from] brn\n|faint|p2a: Girafarig\n|upkeep\n|\n|t:|1733900944\n|switch|p2a: Krookodile|Krookodile, L80, F|232/283\n|-ability|p2a: Krookodile|Intimidate|boost\n|-unboost|p1a: Dedenne|atk|1\n|turn|21\n|\n|t:|1733900991\n|move|p2a: Krookodile|Earthquake|p1a: Dedenne\n|-supereffective|p1a: Dedenne\n|-damage|p1a: Dedenne|0 fnt\n|faint|p1a: Dedenne\n|\n|upkeep\n|\n|t:|1733900994\n|switch|p1a: Suicune|Suicune, L82|298/298\n|-damage|p1a: Suicune|261/298|[from] Stealth Rock\n|-ability|p1a: Suicune|Pressure\n|turn|22\n|\n|t:|1733901006\n|switch|p2a: Empoleon|Empoleon, L84, F|261/278 brn\n|move|p1a: Suicune|Scald|p2a: Empoleon\n|-resisted|p2a: Empoleon\n|-damage|p2a: Empoleon|229/278 brn\n|\n|-heal|p1a: Suicune|279/298|[from] item: Leftovers\n|-heal|p2a: Empoleon|246/278 brn|[from] item: Leftovers\n|-damage|p2a: Empoleon|229/278 brn|[from] brn\n|upkeep\n|turn|23\n|\n|t:|1733901013\n|move|p1a: Suicune|Substitute|p1a: Suicune\n|-start|p1a: Suicune|Substitute\n|-damage|p1a: Suicune|205/298\n|move|p2a: Empoleon|Flip Turn|p1a: Suicune\n|-resisted|p1a: Suicune\n|-activate|p1a: Suicune|move: Substitute|[damage]\n|\n|t:|1733901060\n|switch|p2a: Krookodile|Krookodile, L80, F|232/283|[from] Flip Turn\n|-ability|p2a: Krookodile|Intimidate|boost\n|-immune|p1a: Suicune\n|\n|-heal|p1a: Suicune|223/298|[from] item: Leftovers\n|upkeep\n|turn|24\n|\n|t:|1733901068\n|-terastallize|p2a: Krookodile|Poison\n|move|p2a: Krookodile|Knock Off|p1a: Suicune\n|-end|p1a: Suicune|Substitute\n|move|p1a: Suicune|Scald|p2a: Krookodile\n|-damage|p2a: Krookodile|136/283\n|\n|-heal|p1a: Suicune|241/298|[from] item: Leftovers\n|upkeep\n|turn|25\n|\n|t:|1733901079\n|move|p2a: Krookodile|Knock Off|p1a: Suicune\n|-damage|p1a: Suicune|148/298\n|-enditem|p1a: Suicune|Leftovers|[from] move: Knock Off|[of] p2a: Krookodile\n|move|p1a: Suicune|Scald|p2a: Krookodile\n|-damage|p2a: Krookodile|37/283\n|-status|p2a: Krookodile|brn\n|\n|-damage|p2a: Krookodile|20/283 brn|[from] brn\n|upkeep\n|turn|26\n|\n|t:|1733901147\n|move|p2a: Krookodile|Knock Off|p1a: Suicune\n|-damage|p1a: Suicune|119/298\n|move|p1a: Suicune|Substitute|p1a: Suicune\n|-start|p1a: Suicune|Substitute\n|-damage|p1a: Suicune|45/298\n|\n|-damage|p2a: Krookodile|3/283 brn|[from] brn\n|upkeep\n|turn|27\n|\n|t:|1733901162\n|move|p2a: Krookodile|Knock Off|p1a: Suicune\n|-activate|p1a: Suicune|move: Substitute|[damage]\n|move|p1a: Suicune|Calm Mind|p1a: Suicune\n|-boost|p1a: Suicune|spa|1\n|-boost|p1a: Suicune|spd|1\n|\n|-damage|p2a: Krookodile|0 fnt|[from] brn\n|faint|p2a: Krookodile\n|upkeep\n|\n|t:|1733901175\n|switch|p2a: Brambleghast|Brambleghast, L88, F|68/240\n|turn|28\n|\n|t:|1733901181\n|move|p2a: Brambleghast|Poltergeist||[still]\n|-fail|p2a: Brambleghast\n|move|p1a: Suicune|Ice Beam|p2a: Brambleghast\n|-supereffective|p2a: Brambleghast\n|-crit|p2a: Brambleghast\n|-damage|p2a: Brambleghast|0 fnt\n|faint|p2a: Brambleghast\n|\n|upkeep\n|\n|t:|1733901200\n|switch|p2a: Empoleon|Empoleon, L84, F|229/278 brn\n|turn|29\n|\n|t:|1733901205\n|move|p1a: Suicune|Calm Mind|p1a: Suicune\n|-boost|p1a: Suicune|spa|1\n|-boost|p1a: Suicune|spd|1\n|move|p2a: Empoleon|Surf|p1a: Suicune\n|-resisted|p1a: Suicune\n|-activate|p1a: Suicune|move: Substitute|[damage]\n|\n|-heal|p2a: Empoleon|246/278 brn|[from] item: Leftovers\n|-damage|p2a: Empoleon|229/278 brn|[from] brn\n|upkeep\n|turn|30\n|\n|t:|1733901211\n|move|p1a: Suicune|Calm Mind|p1a: Suicune\n|-boost|p1a: Suicune|spa|1\n|-boost|p1a: Suicune|spd|1\n|move|p2a: Empoleon|Flip Turn|p1a: Suicune\n|-resisted|p1a: Suicune\n|-activate|p1a: Suicune|move: Substitute|[damage]\n|\n|t:|1733901220\n|switch|p2a: Kingdra|Kingdra, L84, M|263/263|[from] Flip Turn\n|\n|upkeep\n|turn|31\n|\n|t:|1733901225\n|move|p2a: Kingdra|Wave Crash|p1a: Suicune\n|-resisted|p1a: Suicune\n|-end|p1a: Suicune|Substitute\n|-damage|p2a: Kingdra|261/263|[from] Recoil|[of] p1a: Suicune\n|-damage|p2a: Kingdra|235/263|[from] item: Life Orb\n|move|p1a: Suicune|Ice Beam|p2a: Kingdra\n|-damage|p2a: Kingdra|108/263\n|\n|upkeep\n|turn|32\n|\n|t:|1733901235\n|move|p2a: Kingdra|Wave Crash|p1a: Suicune\n|-resisted|p1a: Suicune\n|-damage|p1a: Suicune|0 fnt\n|faint|p1a: Suicune\n|-damage|p2a: Kingdra|93/263|[from] Recoil\n|-damage|p2a: Kingdra|67/263|[from] item: Life Orb\n|\n|upkeep\n|\n|t:|1733901266\n|switch|p1a: Rayquaza|Rayquaza, L72|203/270\n|-damage|p1a: Rayquaza|136/270|[from] Stealth Rock\n|-ability|p1a: Rayquaza|Air Lock\n|turn|33\n|\n|t:|1733901273\n|move|p1a: Rayquaza|Extreme Speed|p2a: Kingdra\n|-damage|p2a: Kingdra|0 fnt\n|faint|p2a: Kingdra\n|\n|upkeep\n|\n|t:|1733901280\n|switch|p2a: Donphan|Donphan, L84, M|195/288\n|turn|34\n|\n|t:|1733901284\n|switch|p1a: Kingambit|Kingambit, L74, M|270/270\n|-damage|p1a: Kingambit|254/270|[from] Stealth Rock\n|-activate|p1a: Kingambit|ability: Supreme Overlord\n|-start|p1a: Kingambit|fallen4|[silent]\n|move|p2a: Donphan|Ice Shard|p1a: Kingambit\n|-resisted|p1a: Kingambit\n|-damage|p1a: Kingambit|232/270\n|\n|-heal|p1a: Kingambit|248/270|[from] item: Leftovers\n|upkeep\n|turn|35\n|\n|t:|1733901305\n|switch|p2a: Empoleon|Empoleon, L84, F|229/278 brn\n|-terastallize|p1a: Kingambit|Flying\n|move|p1a: Kingambit|Kowtow Cleave|p2a: Empoleon\n|-damage|p2a: Empoleon|102/278 brn\n|\n|-heal|p2a: Empoleon|119/278 brn|[from] item: Leftovers\n|-heal|p1a: Kingambit|264/270|[from] item: Leftovers\n|-damage|p2a: Empoleon|102/278 brn|[from] brn\n|upkeep\n|turn|36\n|\n|t:|1733901333\n|move|p2a: Empoleon|Roost|p2a: Empoleon\n|-heal|p2a: Empoleon|241/278 brn\n|-singleturn|p2a: Empoleon|move: Roost\n|move|p1a: Kingambit|Swords Dance|p1a: Kingambit\n|-boost|p1a: Kingambit|atk|2\n|\n|-heal|p2a: Empoleon|258/278 brn|[from] item: Leftovers\n|-heal|p1a: Kingambit|270/270|[from] item: Leftovers\n|-damage|p2a: Empoleon|241/278 brn|[from] brn\n|upkeep\n|turn|37\n|\n|t:|1733901351\n|move|p2a: Empoleon|Surf|p1a: Kingambit\n|-damage|p1a: Kingambit|150/270\n|move|p1a: Kingambit|Kowtow Cleave|p2a: Empoleon\n|-damage|p2a: Empoleon|0 fnt\n|faint|p2a: Empoleon\n|\n|-heal|p1a: Kingambit|166/270|[from] item: Leftovers\n|upkeep\n|\n|t:|1733901358\n|switch|p2a: Donphan|Donphan, L84, M|195/288\n|turn|38\n|\n|t:|1733901364\n|move|p2a: Donphan|Ice Shard|p1a: Kingambit\n|-supereffective|p1a: Kingambit\n|-damage|p1a: Kingambit|84/270\n|move|p1a: Kingambit|Sucker Punch||[still]\n|-fail|p1a: Kingambit\n|\n|-heal|p1a: Kingambit|100/270|[from] item: Leftovers\n|upkeep\n|turn|39\n|\n|t:|1733901370\n|move|p2a: Donphan|Ice Shard|p1a: Kingambit\n|-supereffective|p1a: Kingambit\n|-crit|p1a: Kingambit\n|-damage|p1a: Kingambit|0 fnt\n|faint|p1a: Kingambit\n|-end|p1a: Kingambit|fallen4|[silent]\n|\n|upkeep\n|\n|t:|1733901374\n|switch|p1a: Rayquaza|Rayquaza, L72|136/270\n|-damage|p1a: Rayquaza|69/270|[from] Stealth Rock\n|-ability|p1a: Rayquaza|Air Lock\n|turn|40\n|\n|t:|1733901386\n|move|p1a: Rayquaza|Extreme Speed|p2a: Donphan\n|-damage|p2a: Donphan|122/288\n|move|p2a: Donphan|Ice Shard|p1a: Rayquaza\n|-supereffective|p1a: Rayquaza\n|-damage|p1a: Rayquaza|0 fnt\n|faint|p1a: Rayquaza\n|\n|win|Eatyboy\n|raw|blu3b3rryb4g3l's rating: 1707 &rarr; <strong>1683</strong><br />(-24 for losing)\n|raw|Eatyboy's rating: 1642 &rarr; <strong>1666</strong><br />(+24 for winning)\n|c|\u2606blu3b3rryb4g3l|gg\n|c|\u2606Eatyboy|gg\n|l|\u2606Eatyboy\n|player|p2|\n", "inputlog": ">version bfd83cad13791eb5a5a409923076391caf6fb4d4\n>start {\"formatid\":\"gen9randombattle\",\"seed\":[16888,42618,22081,40495],\"rated\":\"Rated battle\"}\n>player p1 {\"name\":\"blu3b3rryb4g3l\",\"avatar\":\"grusha\",\"rating\":1707,\"seed\":[51986,28852,51255,27066]}\n>player p2 {\"name\":\"Eatyboy\",\"avatar\":\"2\",\"rating\":1642,\"seed\":[59388,41540,1072,4384]}\n>chat \u2606blu3b3rryb4g3l|glhf\n>p1 move aurasphere\n>p2 move stealthrock\n>p1 move darkpulse\n>p2 switch 4\n>p1 move darkpulse\n>p2 switch 2\n>p1 move aurasphere\n>p2 move knockoff\n>p1 switch 4\n>p1 move wish\n>p2 switch 4\n>p1 move flipturn\n>p2 move roost\n>p1 switch 5\n>p1 move dazzlinggleam\n>p2 move flipturn\n>p2 switch 4\n>p1 switch 6\n>p2 move earthquake\n>p1 move earthquake\n>p2 switch 5\n>p1 switch 5\n>p2 move iceshard\n>p1 move scald\n>p2 switch 4\n>p1 move scald\n>p2 move flipturn\n>p1 move scald\n>p2 move roost\n>p1 move scald\n>p2 switch 3\n>p1 move wish\n>p2 move thunderbolt\n>p1 switch 6\n>p2 move thunderbolt\n>p1 move uturn\n>p2 move psyshock\n>p1 switch 6\n>p1 move protect\n>p2 switch 2\n>p1 move wish\n>p2 move poltergeist\n>p1 switch 6\n>p1 move dazzlinggleam\n>p2 switch 2\n>p2 switch 5\n>p1 move dazzlinggleam\n>p2 move earthquake\n>p1 switch 2\n>p1 move scald\n>p2 switch 3\n>p1 move substitute\n>p2 move flipturn\n>p2 switch 3\n>p1 move scald\n>p2 move knockoff terastallize\n>p1 move scald\n>p2 move knockoff\n>p1 move substitute\n>p2 move knockoff\n>p1 move calmmind\n>p2 move knockoff\n>p2 switch 2\n>p1 move icebeam\n>p2 move poltergeist\n>p2 switch 3\n>p1 move calmmind\n>p2 move surf\n>p1 move calmmind\n>p2 move flipturn\n>p2 switch 6\n>p1 move icebeam\n>p2 move wavecrash\n>p1 move icebeam\n>p2 move wavecrash\n>p1 switch 5\n>p1 move extremespeed\n>p2 move dracometeor\n>p2 switch 4\n>p1 switch 3\n>p2 move iceshard\n>p1 move kowtowcleave terastallize\n>p2 switch 6\n>p1 move swordsdance\n>p2 move roost\n>p1 move kowtowcleave\n>p2 move surf\n>p2 switch 6\n>p1 move suckerpunch\n>p2 move iceshard\n>p1 move kowtowcleave\n>p2 move iceshard\n>p1 switch 3\n>p1 move extremespeed\n>p2 move iceshard", "uploadtime": 1733901395, "views": 1, "formatid": "gen9randombattle", "rating": 1666, "private": 0, "password": null}