{"id": "gen9randombattle-2260869513", "format": "[Gen 9] Random Battle", "players": ["Ugvyytttfcdddc", "Amphy868"], "log": "|j|\u2606Ugvyytttfcdddc\n|j|\u2606Amphy868\n|t:|1733907763\n|gametype|singles\n|player|p1|Ugvyytttfcdddc|102|1171\n|player|p2|Amphy868|collector|1212\n|teamsize|p1|6\n|teamsize|p2|6\n|gen|9\n|tier|[Gen 9] Random Battle\n|rated|\n|rule|Species Clause: Limit one of each Pok\u00e9mon\n|rule|HP Percentage Mod: HP is shown in percentages\n|rule|Sleep Clause Mod: Limit one foe put to sleep\n|rule|Illusion Level Mod: Illusion disguises the Pok\u00e9mon's true level\n|\n|t:|1733907763\n|start\n|switch|p1a: Iron Moth|Iron Moth, L78|253/253\n|switch|p2a: Infernape|Infernape, L82, F|259/259\n|turn|1\n|\n|t:|1733907863\n|switch|p2a: Iron Jugulis|Iron Jugulis, L78|275/275\n|move|p1a: Iron Moth|Sludge Wave|p2a: Iron Jugulis\n|-damage|p2a: Iron Jugulis|142/275\n|\n|upkeep\n|turn|2\n|\n|t:|1733907873\n|-terastallize|p2a: Iron Jugulis|Ground\n|move|p1a: Iron Moth|Fiery Dance|p2a: Iron Jugulis\n|-damage|p2a: Iron Jugulis|25/275\n|move|p2a: Iron Jugulis|Earth Power|p1a: Iron Moth\n|-supereffective|p1a: Iron Moth\n|-damage|p1a: Iron Moth|0 fnt\n|faint|p1a: Iron Moth\n|-end|p1a: Iron Moth|Quark Drive|[silent]\n|\n|upkeep\n|\n|t:|1733907877\n|switch|p1a: Grafaiai|Grafaiai, L86, M|249/249\n|turn|3\n|\n|t:|1733907885\n|move|p1a: Grafaiai|Knock Off|p2a: Iron Jugulis\n|-damage|p2a: Iron Jugulis|0 fnt\n|-enditem|p2a: Iron Jugulis|Choice Specs|[from] move: Knock Off|[of] p1a: Grafaiai\n|faint|p2a: Iron Jugulis\n|-end|p2a: Iron Jugulis|Quark Drive|[silent]\n|\n|upkeep\n|\n|t:|1733907917\n|switch|p2a: Grumpig|Grumpig, L92, M|297/297\n|turn|4\n|\n|t:|1733907921\n|move|p2a: Grumpig|Psychic|p1a: Grafaiai\n|-supereffective|p1a: Grafaiai\n|-damage|p1a: Grafaiai|91/249\n|move|p1a: Grafaiai|Knock Off|p2a: Grumpig\n|-supereffective|p2a: Grumpig\n|-damage|p2a: Grumpig|147/297\n|-enditem|p2a: Grumpig|Choice Scarf|[from] move: Knock Off|[of] p1a: Grafaiai\n|\n|upkeep\n|turn|5\n|\n|t:|1733907928\n|move|p1a: Grafaiai|U-turn|p2a: Grumpig\n|-supereffective|p2a: Grumpig\n|-damage|p2a: Grumpig|29/297\n|\n|t:|1733907931\n|switch|p1a: Umbreon|Umbreon, L84, F|297/297|[from] U-turn\n|move|p2a: Grumpig|Psychic|p1a: Umbreon\n|-immune|p1a: Umbreon\n|\n|upkeep\n|turn|6\n|\n|t:|1733907938\n|switch|p1a: Grafaiai|Grafaiai, L86, M|91/249\n|move|p2a: Grumpig|Focus Blast|p1a: Grafaiai\n|-damage|p1a: Grafaiai|13/249\n|\n|upkeep\n|turn|7\n|\n|t:|1733907944\n|move|p1a: Grafaiai|Knock Off|p2a: Grumpig\n|-supereffective|p2a: Grumpig\n|-damage|p2a: Grumpig|0 fnt\n|faint|p2a: Grumpig\n|\n|upkeep\n|\n|t:|1733907952\n|switch|p2a: Infernape|Infernape, L82, F|259/259\n|turn|8\n|\n|t:|1733907955\n|move|p2a: Infernape|Mach Punch|p1a: Grafaiai\n|-damage|p1a: Grafaiai|0 fnt\n|faint|p1a: Grafaiai\n|-damage|p2a: Infernape|234/259|[from] item: Life Orb\n|\n|upkeep\n|\n|t:|1733907958\n|switch|p1a: Skarmory|Skarmory, L80, M|235/235\n|turn|9\n|\n|t:|1733907964\n|move|p2a: Infernape|Overheat|p1a: Skarmory|[miss]\n|-miss|p2a: Infernape|p1a: Skarmory\n|move|p1a: Skarmory|Brave Bird|p2a: Infernape\n|-supereffective|p2a: Infernape\n|-damage|p2a: Infernape|12/259\n|-damage|p1a: Skarmory|162/235|[from] Recoil\n|\n|-heal|p1a: Skarmory|176/235|[from] item: Leftovers\n|upkeep\n|turn|10\n|\n|t:|1733907973\n|switch|p1a: Umbreon|Umbreon, L84, F|297/297\n|move|p2a: Infernape|Overheat|p1a: Umbreon\n|-crit|p1a: Umbreon\n|-damage|p1a: Umbreon|93/297\n|-unboost|p2a: Infernape|spa|2\n|-damage|p2a: Infernape|0 fnt|[from] item: Life Orb\n|faint|p2a: Infernape\n|\n|-heal|p1a: Umbreon|111/297|[from] item: Leftovers\n|upkeep\n|\n|t:|1733908000\n|switch|p2a: Dragalge|Dragalge, L88, F|258/258\n|turn|11\n|\n|t:|1733908004\n|move|p1a: Umbreon|Foul Play|p2a: Dragalge\n|-damage|p2a: Dragalge|183/258\n|move|p2a: Dragalge|Sludge Wave|p1a: Umbreon\n|-damage|p1a: Umbreon|0 fnt\n|faint|p1a: Umbreon\n|\n|upkeep\n|\n|t:|1733908008\n|switch|p1a: Regidrago|Regidrago, L77|435/435\n|turn|12\n|\n|t:|1733908014\n|move|p1a: Regidrago|Dragon Claw|p2a: Dragalge\n|-supereffective|p2a: Dragalge\n|-damage|p2a: Dragalge|0 fnt\n|faint|p2a: Dragalge\n|-damage|p1a: Regidrago|392/435|[from] item: Life Orb\n|\n|upkeep\n|\n|t:|1733908028\n|switch|p2a: Wo-Chien|Wo-Chien, L83|277/277\n|-ability|p2a: Wo-Chien|Tablets of Ruin\n|turn|13\n|\n|t:|1733908037\n|switch|p1a: Skarmory|Skarmory, L80, M|176/235\n|move|p2a: Wo-Chien|Leech Seed|p1a: Skarmory\n|-start|p1a: Skarmory|move: Leech Seed\n|\n|-heal|p1a: Skarmory|190/235|[from] item: Leftovers\n|-damage|p1a: Skarmory|161/235|[from] Leech Seed|[of] p2a: Wo-Chien\n|upkeep\n|turn|14\n|\n|t:|1733908049\n|move|p2a: Wo-Chien|Ruination|p1a: Skarmory\n|-damage|p1a: Skarmory|81/235\n|move|p1a: Skarmory|Body Press|p2a: Wo-Chien\n|-supereffective|p2a: Wo-Chien\n|-damage|p2a: Wo-Chien|185/277\n|\n|-heal|p2a: Wo-Chien|202/277|[from] item: Leftovers\n|-heal|p1a: Skarmory|95/235|[from] item: Leftovers\n|-damage|p1a: Skarmory|66/235|[from] Leech Seed|[of] p2a: Wo-Chien\n|-heal|p2a: Wo-Chien|231/277|[silent]\n|upkeep\n|turn|15\n|\n|t:|1733908061\n|move|p2a: Wo-Chien|Knock Off|p1a: Skarmory\n|-damage|p1a: Skarmory|0 fnt\n|-enditem|p1a: Skarmory|Leftovers|[from] move: Knock Off|[of] p2a: Wo-Chien\n|faint|p1a: Skarmory\n|\n|-heal|p2a: Wo-Chien|248/277|[from] item: Leftovers\n|upkeep\n|\n|t:|1733908064\n|switch|p1a: Iron Leaves|Iron Leaves, L80|275/275\n|turn|16\n|\n|t:|1733908072\n|move|p1a: Iron Leaves|Megahorn|p2a: Wo-Chien\n|-supereffective|p2a: Wo-Chien\n|-damage|p2a: Wo-Chien|0 fnt\n|faint|p2a: Wo-Chien\n|\n|upkeep\n|\n|t:|1733908077\n|switch|p2a: Pachirisu|Pachirisu, L96, F|271/271\n|turn|17\n|\n|t:|1733908081\n|-end|p1a: Iron Leaves|Quark Drive|[silent]\n|switch|p1a: Regidrago|Regidrago, L77|392/435\n|move|p2a: Pachirisu|Super Fang|p1a: Regidrago\n|-damage|p1a: Regidrago|196/435\n|\n|upkeep\n|turn|18\n|\n|t:|1733908087\n|move|p2a: Pachirisu|Discharge|p1a: Regidrago\n|-resisted|p1a: Regidrago\n|-damage|p1a: Regidrago|148/435\n|move|p1a: Regidrago|Earthquake|p2a: Pachirisu\n|-supereffective|p2a: Pachirisu\n|-damage|p2a: Pachirisu|112/271\n|-damage|p1a: Regidrago|105/435|[from] item: Life Orb\n|\n|upkeep\n|turn|19\n|\n|t:|1733908095\n|move|p2a: Pachirisu|Discharge|p1a: Regidrago\n|-resisted|p1a: Regidrago\n|-damage|p1a: Regidrago|51/435\n|-status|p1a: Regidrago|par\n|cant|p1a: Regidrago|par\n|\n|upkeep\n|turn|20\n|\n|t:|1733908102\n|move|p2a: Pachirisu|Discharge|p1a: Regidrago\n|-resisted|p1a: Regidrago\n|-damage|p1a: Regidrago|2/435 par\n|move|p1a: Regidrago|Earthquake|p2a: Pachirisu\n|-supereffective|p2a: Pachirisu\n|-damage|p2a: Pachirisu|0 fnt\n|faint|p2a: Pachirisu\n|-damage|p1a: Regidrago|0 fnt|[from] item: Life Orb\n|faint|p1a: Regidrago\n|\n|win|Ugvyytttfcdddc\n|raw|Ugvyytttfcdddc's rating: 1171 &rarr; <strong>1199</strong><br />(+28 for winning)\n|raw|Amphy868's rating: 1212 &rarr; <strong>1184</strong><br />(-28 for losing)\n", "inputlog": ">version bfd83cad13791eb5a5a409923076391caf6fb4d4\n>start {\"formatid\":\"gen9randombattle\",\"seed\":[15989,3774,46215,29780],\"rated\":\"Rated battle\"}\n>player p1 {\"name\":\"Ugvyytttfcdddc\",\"avatar\":\"102\",\"rating\":1171,\"seed\":[22165,61907,12560,34216]}\n>player p2 {\"name\":\"Amphy868\",\"avatar\":\"collector\",\"rating\":1212,\"seed\":[37925,65502,23119,52534]}\n>p1 move sludgewave\n>p2 switch 5\n>p1 move fierydance\n>p2 move earthpower terastallize\n>p1 switch 2\n>p1 move knockoff\n>p2 move earthpower\n>p2 switch 6\n>p1 move knockoff\n>p2 move psychic\n>p1 move uturn\n>p2 move psychic\n>p1 switch 5\n>p1 switch 5\n>p2 move focusblast\n>p1 move knockoff\n>p2 move psychic\n>p2 switch 5\n>p1 move gunkshot\n>p2 move machpunch\n>p1 switch 3\n>p1 move bravebird\n>p2 move overheat\n>p1 switch 5\n>p2 move overheat\n>p2 switch 4\n>p1 move foulplay\n>p2 move sludgewave\n>p1 switch 4\n>p1 move dragonclaw\n>p2 move sludgewave\n>p2 switch 3\n>p1 switch 5\n>p2 move leechseed\n>p1 move bodypress\n>p2 move ruination\n>p1 move bodypress\n>p2 move knockoff\n>p1 switch 6\n>p1 move megahorn\n>p2 move knockoff\n>p2 switch 2\n>p1 switch 5\n>p2 move superfang\n>p1 move earthquake\n>p2 move discharge\n>p1 move earthquake\n>p2 move discharge\n>p1 move earthquake\n>p2 move discharge", "uploadtime": 1733908105, "views": 1, "formatid": "gen9randombattle", "rating": 1184, "private": 0, "password": null}