{"id": "gen9randombattle-2260420879", "format": "[Gen 9] Random Battle", "players": ["roobets hustler", "Kionn29"], "log": "|j|\u2606roobets hustler\n|j|\u2606Kionn29\n|t:|1733849947\n|gametype|singles\n|player|p1|roobets hustler|2|1344\n|player|p2|Kionn29|doctor|1345\n|teamsize|p1|6\n|teamsize|p2|6\n|gen|9\n|tier|[Gen 9] Random Battle\n|rated|\n|rule|Species Clause: Limit one of each Pok\u00e9mon\n|rule|HP Percentage Mod: HP is shown in percentages\n|rule|Sleep Clause Mod: Limit one foe put to sleep\n|rule|Illusion Level Mod: Illusion disguises the Pok\u00e9mon's true level\n|\n|t:|1733849947\n|start\n|switch|p1a: Gumshoos|Gumshoos, L95, M|321/321\n|switch|p2a: Passimian|Passimian, L83, M|302/302\n|turn|1\n|inactive|Battle timer is ON: inactive players will automatically lose when time's up. (requested by roobets hustler)\n|\n|t:|1733849959\n|move|p2a: Passimian|Bulk Up|p2a: Passimian\n|-boost|p2a: Passimian|atk|1\n|-boost|p2a: Passimian|def|1\n|move|p1a: Gumshoos|Double-Edge|p2a: Passimian\n|-damage|p2a: Passimian|130/302\n|-damage|p1a: Gumshoos|264/321|[from] Recoil\n|\n|-heal|p2a: Passimian|148/302|[from] item: Leftovers\n|upkeep\n|turn|2\n|\n|t:|1733849971\n|switch|p1a: Mesprit|Mesprit, L85|275/275\n|move|p2a: Passimian|Bulk Up|p2a: Passimian\n|-boost|p2a: Passimian|atk|1\n|-boost|p2a: Passimian|def|1\n|\n|-heal|p2a: Passimian|166/302|[from] item: Leftovers\n|upkeep\n|turn|3\n|\n|t:|1733849983\n|move|p1a: Mesprit|Psychic Noise|p2a: Passimian\n|-supereffective|p2a: Passimian\n|-damage|p2a: Passimian|0 fnt\n|faint|p2a: Passimian\n|\n|upkeep\n|\n|t:|1733849995\n|switch|p2a: Girafarig|Girafarig, L89, M|269/269\n|turn|4\n|\n|t:|1733850001\n|move|p2a: Girafarig|Nasty Plot|p2a: Girafarig\n|-boost|p2a: Girafarig|spa|2\n|move|p1a: Mesprit|Thunder Wave|p2a: Girafarig\n|-status|p2a: Girafarig|par\n|\n|upkeep\n|turn|5\n|\n|t:|1733850009\n|move|p1a: Mesprit|U-turn|p2a: Girafarig\n|-supereffective|p2a: Girafarig\n|-damage|p2a: Girafarig|181/269 par\n|\n|t:|1733850016\n|switch|p1a: Uxie|Uxie, L83|260/260|[from] U-turn\n|move|p2a: Girafarig|Nasty Plot|p2a: Girafarig\n|-boost|p2a: Girafarig|spa|2\n|\n|upkeep\n|turn|6\n|c|\u2606Kionn29|wth\n|c|\u2606Kionn29|2 legends from the lake?\n|\n|t:|1733850034\n|move|p1a: Uxie|Encore|p2a: Girafarig\n|-start|p2a: Girafarig|Encore\n|move|p2a: Girafarig|Nasty Plot|p2a: Girafarig\n|-boost|p2a: Girafarig|spa|2\n|\n|upkeep\n|turn|7\n|\n|t:|1733850041\n|move|p1a: Uxie|Knock Off|p2a: Girafarig\n|-supereffective|p2a: Girafarig\n|-damage|p2a: Girafarig|93/269 par\n|-enditem|p2a: Girafarig|Eviolite|[from] move: Knock Off|[of] p1a: Uxie\n|cant|p2a: Girafarig|par\n|\n|upkeep\n|turn|8\n|\n|t:|1733850047\n|move|p1a: Uxie|Knock Off|p2a: Girafarig\n|-supereffective|p2a: Girafarig\n|-damage|p2a: Girafarig|1/269 par\n|move|p2a: Girafarig|Nasty Plot|p2a: Girafarig\n|-boost|p2a: Girafarig|spa|0\n|\n|-end|p2a: Girafarig|Encore\n|upkeep\n|turn|9\n|\n|t:|1733850056\n|move|p1a: Uxie|Knock Off|p2a: Girafarig\n|-supereffective|p2a: Girafarig\n|-damage|p2a: Girafarig|0 fnt\n|faint|p2a: Girafarig\n|\n|upkeep\n|\n|t:|1733850062\n|switch|p2a: Illumise|Illumise, L91, F|266/266\n|turn|10\n|\n|t:|1733850067\n|switch|p1a: Gumshoos|Gumshoos, L95, M|264/321\n|move|p2a: Illumise|Thunder Wave|p1a: Gumshoos\n|-status|p1a: Gumshoos|par\n|\n|upkeep\n|turn|11\n|\n|t:|1733850074\n|move|p2a: Illumise|Bug Buzz|p1a: Gumshoos\n|-damage|p1a: Gumshoos|162/321 par\n|move|p1a: Gumshoos|Double-Edge|p2a: Illumise\n|-damage|p2a: Illumise|0 fnt\n|faint|p2a: Illumise\n|-damage|p1a: Gumshoos|74/321 par|[from] Recoil\n|\n|upkeep\n|\n|t:|1733850081\n|switch|p2a: Slowking|Slowking, L88, F|310/310\n|turn|12\n|\n|t:|1733850086\n|move|p2a: Slowking|Psyshock|p1a: Gumshoos\n|-damage|p1a: Gumshoos|0 fnt\n|faint|p1a: Gumshoos\n|\n|upkeep\n|\n|t:|1733850091\n|switch|p1a: Uxie|Uxie, L83|260/260\n|turn|13\n|\n|t:|1733850099\n|move|p1a: Uxie|Knock Off|p2a: Slowking\n|-supereffective|p2a: Slowking\n|-damage|p2a: Slowking|198/310\n|-enditem|p2a: Slowking|Leftovers|[from] move: Knock Off|[of] p1a: Uxie\n|move|p2a: Slowking|Scald|p1a: Uxie\n|-damage|p1a: Uxie|185/260\n|\n|-heal|p1a: Uxie|201/260|[from] item: Leftovers\n|upkeep\n|turn|14\n|\n|t:|1733850116\n|switch|p1a: Walking Wake|Walking Wake, L79|286/286\n|move|p2a: Slowking|Thunder Wave|p1a: Walking Wake\n|-status|p1a: Walking Wake|par\n|\n|upkeep\n|turn|15\n|\n|t:|1733850125\n|move|p1a: Walking Wake|Draco Meteor|p2a: Slowking\n|-damage|p2a: Slowking|17/310\n|-unboost|p1a: Walking Wake|spa|2\n|move|p2a: Slowking|Psyshock|p1a: Walking Wake\n|-crit|p1a: Walking Wake\n|-damage|p1a: Walking Wake|130/286 par\n|\n|upkeep\n|turn|16\n|\n|t:|1733850135\n|switch|p2a: Zacian|Zacian, L69|241/241\n|-ability|p2a: Zacian|Intrepid Sword|boost\n|-boost|p2a: Zacian|atk|1\n|move|p1a: Walking Wake|Draco Meteor|p2a: Zacian\n|-immune|p2a: Zacian\n|\n|upkeep\n|turn|17\n|\n|t:|1733850144\n|-end|p1a: Walking Wake|Protosynthesis|[silent]\n|switch|p1a: Uxie|Uxie, L83|201/260\n|move|p2a: Zacian|Crunch|p1a: Uxie\n|-supereffective|p1a: Uxie\n|-damage|p1a: Uxie|43/260\n|\n|-heal|p1a: Uxie|59/260|[from] item: Leftovers\n|upkeep\n|turn|18\n|\n|t:|1733850168\n|switch|p1a: Walking Wake|Walking Wake, L79|130/286 par\n|move|p2a: Zacian|Crunch|p1a: Walking Wake\n|-damage|p1a: Walking Wake|29/286 par\n|\n|upkeep\n|turn|19\n|\n|t:|1733850176\n|move|p2a: Zacian|Crunch|p1a: Walking Wake\n|-damage|p1a: Walking Wake|0 fnt\n|faint|p1a: Walking Wake\n|-end|p1a: Walking Wake|Protosynthesis|[silent]\n|\n|upkeep\n|\n|t:|1733850181\n|switch|p1a: Mesprit|Mesprit, L85|275/275\n|turn|20\n|\n|t:|1733850185\n|-terastallize|p1a: Mesprit|Fighting\n|move|p2a: Zacian|Crunch|p1a: Mesprit\n|-resisted|p1a: Mesprit\n|-damage|p1a: Mesprit|231/275\n|-unboost|p1a: Mesprit|def|1\n|move|p1a: Mesprit|Thunder Wave|p2a: Zacian\n|-status|p2a: Zacian|par\n|\n|-heal|p1a: Mesprit|248/275|[from] item: Leftovers\n|upkeep\n|turn|21\n|\n|t:|1733850199\n|switch|p2a: Slowking|Slowking, L88, F|120/310\n|move|p1a: Mesprit|Psychic Noise|p2a: Slowking\n|-resisted|p2a: Slowking\n|-damage|p2a: Slowking|84/310\n|-start|p2a: Slowking|move: Heal Block\n|\n|-heal|p1a: Mesprit|265/275|[from] item: Leftovers\n|upkeep\n|turn|22\n|\n|t:|1733850209\n|move|p1a: Mesprit|U-turn|p2a: Slowking\n|-supereffective|p2a: Slowking\n|-damage|p2a: Slowking|0 fnt\n|faint|p2a: Slowking\n|\n|t:|1733850219\n|switch|p1a: Uxie|Uxie, L83|59/260|[from] U-turn\n|\n|-heal|p1a: Uxie|75/260|[from] item: Leftovers\n|upkeep\n|\n|t:|1733850224\n|switch|p2a: Weezing|Weezing-Galar, L86, M|252/252\n|turn|23\n|\n|t:|1733850235\n|-terastallize|p2a: Weezing|Steel\n|move|p1a: Uxie|Psychic Noise|p2a: Weezing\n|-resisted|p2a: Weezing\n|-crit|p2a: Weezing\n|-damage|p2a: Weezing|201/252\n|-start|p2a: Weezing|move: Heal Block\n|move|p2a: Weezing|Strange Steam|p1a: Uxie\n|-damage|p1a: Uxie|3/260\n|\n|-heal|p1a: Uxie|19/260|[from] item: Leftovers\n|upkeep\n|turn|24\n|\n|t:|1733850248\n|move|p1a: Uxie|Thunder Wave|p2a: Weezing\n|-status|p2a: Weezing|par\n|move|p2a: Weezing|Strange Steam|p1a: Uxie\n|-damage|p1a: Uxie|0 fnt\n|faint|p1a: Uxie\n|\n|-end|p2a: Weezing|move: Heal Block\n|upkeep\n|\n|t:|1733850261\n|switch|p1a: Mesprit|Mesprit, L85, tera:Fighting|265/275\n|turn|25\n|\n|t:|1733850268\n|move|p1a: Mesprit|Drain Punch|p2a: Weezing\n|-supereffective|p2a: Weezing\n|-damage|p2a: Weezing|73/252 par\n|-heal|p1a: Mesprit|275/275|[from] drain|[of] p2a: Weezing\n|move|p2a: Weezing|Pain Split|p1a: Mesprit\n|-sethp|p1a: Mesprit|174/275|[from] move: Pain Split|[silent]\n|-sethp|p2a: Weezing|174/252 par|[from] move: Pain Split\n|\n|-heal|p1a: Mesprit|191/275|[from] item: Leftovers\n|-heal|p2a: Weezing|189/252 par|[from] item: Leftovers\n|upkeep\n|turn|26\n|\n|t:|1733850282\n|switch|p2a: Zacian|Zacian, L69|241/241 par\n|move|p1a: Mesprit|Psychic Noise|p2a: Zacian\n|-damage|p2a: Zacian|153/241 par\n|-start|p2a: Zacian|move: Heal Block\n|\n|-heal|p1a: Mesprit|208/275|[from] item: Leftovers\n|upkeep\n|turn|27\n|\n|t:|1733850293\n|switch|p1a: Scizor|Scizor, L79, M|240/240\n|move|p2a: Zacian|Play Rough|p1a: Scizor\n|-resisted|p1a: Scizor\n|-damage|p1a: Scizor|185/240\n|\n|-end|p2a: Zacian|move: Heal Block\n|upkeep\n|turn|28\n|\n|t:|1733850302\n|switch|p2a: Weezing|Weezing-Galar, L86, M, tera:Steel|189/252 par\n|move|p1a: Scizor|Swords Dance|p1a: Scizor\n|-boost|p1a: Scizor|atk|2\n|\n|-heal|p2a: Weezing|204/252 par|[from] item: Leftovers\n|upkeep\n|turn|29\n|\n|t:|1733850313\n|move|p1a: Scizor|Knock Off|p2a: Weezing\n|-damage|p2a: Weezing|48/252 par\n|-enditem|p2a: Weezing|Leftovers|[from] move: Knock Off|[of] p1a: Scizor\n|-damage|p1a: Scizor|161/240|[from] item: Life Orb\n|move|p2a: Weezing|Pain Split|p1a: Scizor\n|-sethp|p1a: Scizor|104/240|[from] move: Pain Split|[silent]\n|-sethp|p2a: Weezing|104/252 par|[from] move: Pain Split\n|\n|upkeep\n|turn|30\n|\n|t:|1733850324\n|move|p1a: Scizor|Swords Dance|p1a: Scizor\n|-boost|p1a: Scizor|atk|2\n|cant|p2a: Weezing|par\n|\n|upkeep\n|turn|31\n|\n|t:|1733850330\n|move|p1a: Scizor|Bug Bite|p2a: Weezing\n|-resisted|p2a: Weezing\n|-damage|p2a: Weezing|0 fnt\n|faint|p2a: Weezing\n|-damage|p1a: Scizor|80/240|[from] item: Life Orb\n|\n|upkeep\n|\n|t:|1733850335\n|switch|p2a: Zacian|Zacian, L69|153/241 par\n|turn|32\n|\n|t:|1733850341\n|move|p1a: Scizor|Bullet Punch|p2a: Zacian\n|-supereffective|p2a: Zacian\n|-crit|p2a: Zacian\n|-damage|p2a: Zacian|0 fnt\n|faint|p2a: Zacian\n|-damage|p1a: Scizor|56/240|[from] item: Life Orb\n|\n|win|roobets hustler\n|raw|roobets hustler's rating: 1344 &rarr; <strong>1364</strong><br />(+20 for winning)\n|raw|Kionn29's rating: 1345 &rarr; <strong>1325</strong><br />(-20 for losing)\n|l|\u2606Kionn29\n|player|p2|\n", "inputlog": ">version bfd83cad13791eb5a5a409923076391caf6fb4d4\n>start {\"formatid\":\"gen9randombattle\",\"seed\":[51300,31272,34874,45879],\"rated\":\"Rated battle\"}\n>player p1 {\"name\":\"roobets hustler\",\"avatar\":\"2\",\"rating\":1344,\"seed\":[40423,30268,24510,35497]}\n>player p2 {\"name\":\"Kionn29\",\"avatar\":\"doctor\",\"rating\":1345,\"seed\":[42053,23883,39281,38470]}\n>p1 move doubleedge\n>p2 move bulkup\n>p1 switch 4\n>p2 move bulkup\n>p1 move psychicnoise\n>p2 move knockoff\n>p2 switch 4\n>p1 move thunderwave\n>p2 move nastyplot\n>p1 move uturn\n>p2 move nastyplot\n>p1 switch 5\n>chat \u2606Kionn29|wth\n>chat \u2606Kionn29|2 legends from the lake?\n>p1 move encore\n>p2 move dazzlinggleam\n>p1 move knockoff\n>p2 move nastyplot\n>p1 move knockoff\n>p2 move nastyplot\n>p1 move knockoff\n>p2 move thunderbolt\n>p2 switch 3\n>p1 switch 4\n>p2 move thunderwave\n>p1 move doubleedge\n>p2 move bugbuzz\n>p2 switch 2\n>p1 move doubleedge\n>p2 move psyshock\n>p1 switch 4\n>p1 move knockoff\n>p2 move scald\n>p1 switch 6\n>p2 move thunderwave\n>p1 move dracometeor\n>p2 move psyshock\n>p1 move dracometeor\n>p2 switch 5\n>p1 switch 6\n>p2 move crunch\n>p1 switch 6\n>p2 move crunch\n>p1 move flamethrower\n>p2 move crunch\n>p1 switch 5\n>p1 move thunderwave terastallize\n>p2 move crunch\n>p1 move psychicnoise\n>p2 switch 5\n>p1 move uturn\n>p2 move psyshock\n>p1 switch 6\n>p2 switch 6\n>p1 move psychicnoise\n>p2 move strangesteam terastallize\n>p1 move thunderwave\n>p2 move strangesteam\n>p1 switch 6\n>p1 move drainpunch\n>p2 move painsplit\n>p1 move psychicnoise\n>p2 switch 5\n>p1 switch 2\n>p2 move playrough\n>p1 move swordsdance\n>p2 switch 5\n>p1 move knockoff\n>p2 move painsplit\n>p1 move swordsdance\n>p2 move painsplit\n>p1 move bugbite\n>p2 move painsplit\n>p2 switch 5\n>p1 move bulletpunch\n>p2 move wildcharge", "uploadtime": 1733850376, "views": 2, "formatid": "gen9randombattle", "rating": 1325, "private": 0, "password": null}