{"id": "gen9randombattle-2260534543", "format": "[Gen 9] Random Battle", "players": ["qtyandere", "Loki1701"], "log": "|j|\u2606qtyandere\n|j|\u2606Loki1701\n|t:|1733860977\n|gametype|singles\n|player|p1|qtyandere|valerie|1211\n|player|p2|Loki1701|169|1257\n|teamsize|p1|6\n|teamsize|p2|6\n|gen|9\n|tier|[Gen 9] Random Battle\n|rated|\n|rule|Species Clause: Limit one of each Pok\u00e9mon\n|rule|HP Percentage Mod: HP is shown in percentages\n|rule|Sleep Clause Mod: Limit one foe put to sleep\n|rule|Illusion Level Mod: Illusion disguises the Pok\u00e9mon's true level\n|\n|t:|1733860977\n|start\n|switch|p1a: Klawf|Klawf, L90, F|272/272\n|switch|p2a: Brute Bonnet|Brute Bonnet, L81|312/312\n|turn|1\n|inactive|Battle timer is ON: inactive players will automatically lose when time's up. (requested by Loki1701)\n|\n|t:|1733860991\n|switch|p1a: Glaceon|Glaceon, L94, F|275/275\n|move|p2a: Brute Bonnet|Seed Bomb|p1a: Glaceon\n|-damage|p1a: Glaceon|157/275\n|\n|upkeep\n|turn|2\n|\n|t:|1733861010\n|-terastallize|p2a: Brute Bonnet|Dark\n|move|p1a: Glaceon|Wish|p1a: Glaceon\n|move|p2a: Brute Bonnet|Seed Bomb|p1a: Glaceon\n|-damage|p1a: Glaceon|43/275\n|\n|upkeep\n|turn|3\n|\n|t:|1733861024\n|-end|p2a: Brute Bonnet|Protosynthesis|[silent]\n|switch|p2a: Volcarona|Volcarona, L77, M|257/257\n|move|p1a: Glaceon|Protect||[still]\n|-fail|p1a: Glaceon\n|\n|-heal|p1a: Glaceon|180/275|[from] move: Wish|[wisher] Glaceon\n|upkeep\n|turn|4\n|\n|t:|1733861036\n|switch|p1a: Kingdra|Kingdra, L84, F|263/263\n|move|p2a: Volcarona|Fire Blast|p1a: Kingdra\n|-resisted|p1a: Kingdra\n|-damage|p1a: Kingdra|232/263\n|\n|upkeep\n|turn|5\n|\n|t:|1733861045\n|move|p2a: Volcarona|Giga Drain|p1a: Kingdra\n|-damage|p1a: Kingdra|174/263\n|move|p1a: Kingdra|Dragon Dance|p1a: Kingdra\n|-boost|p1a: Kingdra|atk|1\n|-boost|p1a: Kingdra|spe|1\n|\n|upkeep\n|turn|6\n|\n|t:|1733861062\n|switch|p2a: Haxorus|Haxorus, L77, M|244/244\n|-ability|p2a: Haxorus|Mold Breaker\n|move|p1a: Kingdra|Wave Crash|p2a: Haxorus\n|-resisted|p2a: Haxorus\n|-damage|p2a: Haxorus|142/244\n|-damage|p1a: Kingdra|140/263|[from] Recoil\n|\n|upkeep\n|turn|7\n|\n|t:|1733861071\n|move|p1a: Kingdra|Outrage|p2a: Haxorus\n|-supereffective|p2a: Haxorus\n|-damage|p2a: Haxorus|0 fnt\n|faint|p2a: Haxorus\n|\n|upkeep\n|\n|t:|1733861081\n|switch|p2a: Brute Bonnet|Brute Bonnet, L81, tera:Dark|312/312\n|turn|8\n|\n|t:|1733861087\n|move|p1a: Kingdra|Outrage|p2a: Brute Bonnet|[from]lockedmove\n|-damage|p2a: Brute Bonnet|123/312\n|-start|p1a: Kingdra|confusion|[fatigue]\n|-enditem|p1a: Kingdra|Lum Berry|[eat]\n|-end|p1a: Kingdra|confusion\n|move|p2a: Brute Bonnet|Seed Bomb|p1a: Kingdra\n|-damage|p1a: Kingdra|1/263\n|\n|upkeep\n|turn|9\n|\n|t:|1733861103\n|move|p1a: Kingdra|Outrage|p2a: Brute Bonnet\n|-damage|p2a: Brute Bonnet|0 fnt\n|faint|p2a: Brute Bonnet\n|-end|p2a: Brute Bonnet|Protosynthesis|[silent]\n|\n|upkeep\n|\n|t:|1733861105\n|switch|p2a: Flapple|Flapple, L88, M|266/266\n|turn|10\n|\n|t:|1733861109\n|move|p2a: Flapple|Sucker Punch|p1a: Kingdra\n|-damage|p1a: Kingdra|0 fnt\n|faint|p1a: Kingdra\n|\n|upkeep\n|\n|t:|1733861120\n|switch|p1a: Glaceon|Glaceon, L94, F|180/275\n|turn|11\n|inactive|Loki1701 has 120 seconds left.\n|\n|t:|1733861167\n|switch|p2a: Volcarona|Volcarona, L77, M|257/257\n|move|p1a: Glaceon|Freeze-Dry|p2a: Volcarona\n|-resisted|p2a: Volcarona\n|-damage|p2a: Volcarona|204/257\n|\n|upkeep\n|turn|12\n|\n|t:|1733861188\n|switch|p1a: Klawf|Klawf, L90, F|272/272\n|move|p2a: Volcarona|Fire Blast|p1a: Klawf\n|-resisted|p1a: Klawf\n|-damage|p1a: Klawf|188/272\n|\n|upkeep\n|turn|13\n|inactive|Loki1701 has 90 seconds left.\n|\n|t:|1733861212\n|move|p1a: Klawf|Crabhammer|p2a: Volcarona\n|-supereffective|p2a: Volcarona\n|-damage|p2a: Volcarona|0 fnt\n|-status|p1a: Klawf|brn|[from] ability: Flame Body|[of] p2a: Volcarona\n|faint|p2a: Volcarona\n|\n|-damage|p1a: Klawf|171/272 brn|[from] brn\n|upkeep\n|inactive|Loki1701 has 90 seconds left.\n|inactive|Loki1701 has 60 seconds left.\n|\n|t:|1733861257\n|switch|p2a: Flapple|Flapple, L88, M|266/266\n|turn|14\n|\n|t:|1733861279\n|switch|p1a: Shaymin|Shaymin-Sky, L73|266/266\n|move|p2a: Flapple|Grav Apple|p1a: Shaymin\n|-resisted|p1a: Shaymin\n|-damage|p1a: Shaymin|217/266\n|-unboost|p1a: Shaymin|def|1\n|\n|upkeep\n|turn|15\n|inactive|Loki1701 has 60 seconds left.\n|\n|t:|1733861297\n|switch|p2a: Porygon-Z|Porygon-Z, L83|277/277\n|move|p1a: Shaymin|Air Slash|p2a: Porygon-Z\n|-damage|p2a: Porygon-Z|199/277\n|\n|upkeep\n|turn|16\n|\n|t:|1733861307\n|switch|p2a: Flapple|Flapple, L88, M|266/266\n|move|p1a: Shaymin|Seed Flare|p2a: Flapple|[miss]\n|-miss|p1a: Shaymin|p2a: Flapple\n|\n|upkeep\n|turn|17\n|inactive|Loki1701 has 60 seconds left.\n|\n|t:|1733861322\n|move|p1a: Shaymin|Air Slash|p2a: Flapple\n|-supereffective|p2a: Flapple\n|-damage|p2a: Flapple|80/266\n|move|p2a: Flapple|Outrage|p1a: Shaymin\n|-damage|p1a: Shaymin|0 fnt\n|faint|p1a: Shaymin\n|\n|upkeep\n|\n|t:|1733861333\n|switch|p1a: Glaceon|Glaceon, L94, F|180/275\n|turn|18\n|\n|t:|1733861339\n|move|p1a: Glaceon|Freeze-Dry|p2a: Flapple\n|-supereffective|p2a: Flapple\n|-damage|p2a: Flapple|0 fnt\n|faint|p2a: Flapple\n|\n|upkeep\n|\n|t:|1733861342\n|switch|p2a: Basculegion|Basculegion, L81, M|327/327\n|turn|19\n|\n|t:|1733861352\n|-terastallize|p1a: Glaceon|Water\n|move|p1a: Glaceon|Calm Mind|p1a: Glaceon\n|-boost|p1a: Glaceon|spa|1\n|-boost|p1a: Glaceon|spd|1\n|move|p2a: Basculegion|Shadow Ball|p1a: Glaceon\n|-damage|p1a: Glaceon|128/275\n|\n|upkeep\n|turn|20\n|\n|t:|1733861361\n|switch|p2a: Porygon-Z|Porygon-Z, L83|199/277\n|move|p1a: Glaceon|Wish|p1a: Glaceon\n|\n|upkeep\n|turn|21\n|\n|t:|1733861368\n|move|p2a: Porygon-Z|Thunderbolt|p1a: Glaceon\n|-supereffective|p1a: Glaceon\n|-damage|p1a: Glaceon|16/275\n|-damage|p2a: Porygon-Z|172/277|[from] item: Life Orb\n|move|p1a: Glaceon|Calm Mind|p1a: Glaceon\n|-boost|p1a: Glaceon|spa|1\n|-boost|p1a: Glaceon|spd|1\n|\n|-heal|p1a: Glaceon|153/275|[from] move: Wish|[wisher] Glaceon\n|upkeep\n|turn|22\n|\n|t:|1733861377\n|move|p2a: Porygon-Z|Nasty Plot|p2a: Porygon-Z\n|-boost|p2a: Porygon-Z|spa|2\n|move|p1a: Glaceon|Freeze-Dry|p2a: Porygon-Z\n|-damage|p2a: Porygon-Z|0 fnt\n|faint|p2a: Porygon-Z\n|\n|upkeep\n|inactive|Loki1701 has 90 seconds left.\n|-message|Loki1701 forfeited.\n|\n|win|qtyandere\n|raw|qtyandere's rating: 1211 &rarr; <strong>1239</strong><br />(+28 for winning)\n|raw|Loki1701's rating: 1257 &rarr; <strong>1229</strong><br />(-28 for losing)\n|l|\u2606Loki1701\n|player|p2|\n", "inputlog": ">version bfd83cad13791eb5a5a409923076391caf6fb4d4\n>start {\"formatid\":\"gen9randombattle\",\"seed\":[12049,60544,53323,47305],\"rated\":\"Rated battle\"}\n>player p1 {\"name\":\"qtyandere\",\"avatar\":\"valerie\",\"rating\":1211,\"seed\":[9503,57915,60191,26835]}\n>player p2 {\"name\":\"Loki1701\",\"avatar\":\"169\",\"rating\":1257,\"seed\":[2832,64727,27516,50658]}\n>p1 switch 4\n>p2 move seedbomb\n>p1 move wish\n>p2 move seedbomb terastallize\n>p1 move protect\n>p2 switch 4\n>p1 switch 5\n>p2 move fireblast\n>p1 move dragondance\n>p2 move gigadrain\n>p1 move wavecrash\n>p2 switch 2\n>p1 move outrage\n>p2 move outrage\n>p2 switch 4\n>p1 move outrage\n>p2 move seedbomb\n>p1 move outrage\n>p2 move seedbomb\n>p2 switch 3\n>p1 move outrage\n>p2 move suckerpunch\n>p1 switch 5\n>p1 move freezedry\n>p2 switch 2\n>p1 switch 4\n>p2 move fireblast\n>p1 move crabhammer\n>p2 move gigadrain\n>p2 switch 2\n>p1 switch 2\n>p2 move gravapple\n>p1 move airslash\n>p2 switch 6\n>p1 move seedflare\n>p2 switch 6\n>p1 move airslash\n>p2 move outrage\n>p1 switch 4\n>p1 move freezedry\n>p2 move outrage\n>p2 switch 5\n>p1 move calmmind terastallize\n>p2 move shadowball\n>p1 move wish\n>p2 switch 6\n>p1 move calmmind\n>p2 move thunderbolt\n>p1 move freezedry\n>p2 move nastyplot\n>forcelose p2", "uploadtime": 1733861391, "views": 5, "formatid": "gen9randombattle", "rating": 1229, "private": 0, "password": null}