{"id": "gen9randombattle-2260867786", "format": "[Gen 9] Random Battle", "players": ["Chlocomotive", "ellthesylveon"], "log": "|j|\u2606Chlocomotive\n|j|\u2606ellthesylveon\n|t:|1733907422\n|gametype|singles\n|player|p1|Chlocomotive|cynthia-masters|1252\n|player|p2|ellthesylveon|lady|1267\n|teamsize|p1|6\n|teamsize|p2|6\n|gen|9\n|tier|[Gen 9] Random Battle\n|rated|\n|rule|Species Clause: Limit one of each Pok\u00e9mon\n|rule|HP Percentage Mod: HP is shown in percentages\n|rule|Sleep Clause Mod: Limit one foe put to sleep\n|rule|Illusion Level Mod: Illusion disguises the Pok\u00e9mon's true level\n|\n|t:|1733907422\n|start\n|switch|p1a: Exeggutor|Exeggutor-Alola, L89, M|314/314\n|switch|p2a: Cresselia|Cresselia, L80, F|323/323\n|-item|p2a: Cresselia|Leftovers|[from] ability: Frisk|[of] p1a: Exeggutor\n|turn|1\n|inactive|Battle timer is ON: inactive players will automatically lose when time's up. (requested by ellthesylveon)\n|inactive|ellthesylveon has 120 seconds left.\n|\n|t:|1733907455\n|switch|p2a: Munkidori|Munkidori, L79, M|269/269\n|move|p1a: Exeggutor|Flamethrower|p2a: Munkidori\n|-damage|p2a: Munkidori|134/269\n|\n|upkeep\n|turn|2\n|\n|t:|1733907465\n|move|p2a: Munkidori|Sludge Wave|p1a: Exeggutor\n|-supereffective|p1a: Exeggutor\n|-damage|p1a: Exeggutor|0 fnt\n|faint|p1a: Exeggutor\n|-damage|p2a: Munkidori|108/269|[from] item: Life Orb\n|\n|upkeep\n|\n|t:|1733907473\n|switch|p1a: Volcarona|Volcarona, L77, F|257/257\n|turn|3\n|\n|t:|1733907477\n|move|p2a: Munkidori|Psyshock|p1a: Volcarona\n|-damage|p1a: Volcarona|85/257\n|-damage|p2a: Munkidori|82/269|[from] item: Life Orb\n|move|p1a: Volcarona|Quiver Dance|p1a: Volcarona\n|-boost|p1a: Volcarona|spa|1\n|-boost|p1a: Volcarona|spd|1\n|-boost|p1a: Volcarona|spe|1\n|\n|upkeep\n|turn|4\n|\n|t:|1733907483\n|move|p1a: Volcarona|Bug Buzz|p2a: Munkidori\n|-damage|p2a: Munkidori|0 fnt\n|faint|p2a: Munkidori\n|\n|upkeep\n|\n|t:|1733907495\n|switch|p2a: Slaking|Slaking, L84, M|389/389\n|turn|5\n|\n|t:|1733907501\n|move|p2a: Slaking|Knock Off|p1a: Volcarona\n|-damage|p1a: Volcarona|0 fnt\n|-enditem|p1a: Volcarona|Heavy-Duty Boots|[from] move: Knock Off|[of] p2a: Slaking\n|faint|p1a: Volcarona\n|\n|upkeep\n|\n|t:|1733907509\n|switch|p1a: Staraptor|Staraptor, L79, M|263/263\n|turn|6\n|\n|t:|1733907513\n|cant|p2a: Slaking|ability: Truant\n|move|p1a: Staraptor|Close Combat|p2a: Slaking\n|-supereffective|p2a: Slaking\n|-damage|p2a: Slaking|155/389\n|-unboost|p1a: Staraptor|def|1\n|-unboost|p1a: Staraptor|spd|1\n|\n|upkeep\n|turn|7\n|\n|t:|1733907521\n|move|p2a: Slaking|Knock Off|p1a: Staraptor\n|-damage|p1a: Staraptor|55/263\n|-enditem|p1a: Staraptor|Choice Band|[from] move: Knock Off|[of] p2a: Slaking\n|move|p1a: Staraptor|Close Combat|p2a: Slaking\n|-supereffective|p2a: Slaking\n|-damage|p2a: Slaking|7/389\n|-unboost|p1a: Staraptor|def|1\n|-unboost|p1a: Staraptor|spd|1\n|\n|upkeep\n|turn|8\n|\n|t:|1733907539\n|switch|p2a: Cresselia|Cresselia, L80, F|323/323\n|move|p1a: Staraptor|U-turn|p2a: Cresselia\n|-supereffective|p2a: Cresselia\n|-damage|p2a: Cresselia|223/323\n|\n|t:|1733907544\n|switch|p1a: Honchkrow|Honchkrow, L86, M|312/312|[from] U-turn\n|\n|-heal|p2a: Cresselia|243/323|[from] item: Leftovers\n|upkeep\n|turn|9\n|\n|t:|1733907555\n|-terastallize|p2a: Cresselia|Fairy\n|move|p2a: Cresselia|Calm Mind|p2a: Cresselia\n|-boost|p2a: Cresselia|spa|1\n|-boost|p2a: Cresselia|spd|1\n|move|p1a: Honchkrow|Lash Out|p2a: Cresselia\n|-resisted|p2a: Cresselia\n|-damage|p2a: Cresselia|200/323\n|\n|-heal|p2a: Cresselia|220/323|[from] item: Leftovers\n|upkeep\n|turn|10\n|\n|t:|1733907566\n|move|p2a: Cresselia|Calm Mind|p2a: Cresselia\n|-boost|p2a: Cresselia|spa|1\n|-boost|p2a: Cresselia|spd|1\n|move|p1a: Honchkrow|Thunder Wave|p2a: Cresselia\n|-status|p2a: Cresselia|par\n|\n|-heal|p2a: Cresselia|240/323 par|[from] item: Leftovers\n|upkeep\n|turn|11\n|\n|t:|1733907573\n|move|p1a: Honchkrow|Brave Bird|p2a: Cresselia\n|-damage|p2a: Cresselia|84/323 par\n|-damage|p1a: Honchkrow|261/312|[from] Recoil\n|move|p2a: Cresselia|Moonblast|p1a: Honchkrow\n|-supereffective|p1a: Honchkrow\n|-damage|p1a: Honchkrow|0 fnt\n|faint|p1a: Honchkrow\n|\n|-heal|p2a: Cresselia|104/323 par|[from] item: Leftovers\n|upkeep\n|\n|t:|1733907580\n|switch|p1a: Solgaleo|Solgaleo, L74|325/325\n|turn|12\n|\n|t:|1733907592\n|move|p1a: Solgaleo|Sunsteel Strike|p2a: Cresselia\n|-supereffective|p2a: Cresselia\n|-damage|p2a: Cresselia|0 fnt\n|faint|p2a: Cresselia\n|\n|upkeep\n|\n|t:|1733907598\n|switch|p2a: Slaking|Slaking, L84, M|7/389\n|turn|13\n|\n|t:|1733907606\n|move|p2a: Slaking|Knock Off|p1a: Solgaleo\n|-supereffective|p1a: Solgaleo\n|-damage|p1a: Solgaleo|139/325\n|-enditem|p1a: Solgaleo|Leftovers|[from] move: Knock Off|[of] p2a: Slaking\n|move|p1a: Solgaleo|Knock Off|p2a: Slaking\n|-damage|p2a: Slaking|0 fnt\n|-enditem|p2a: Slaking|Choice Scarf|[from] move: Knock Off|[of] p1a: Solgaleo\n|faint|p2a: Slaking\n|\n|upkeep\n|\n|t:|1733907618\n|switch|p2a: Dragonite|Dragonite, L74, F|257/257\n|turn|14\n|\n|t:|1733907622\n|move|p1a: Solgaleo|Knock Off|p2a: Dragonite\n|-damage|p2a: Dragonite|220/257\n|-enditem|p2a: Dragonite|Heavy-Duty Boots|[from] move: Knock Off|[of] p1a: Solgaleo\n|move|p2a: Dragonite|Earthquake|p1a: Solgaleo\n|-supereffective|p1a: Solgaleo\n|-damage|p1a: Solgaleo|9/325\n|\n|upkeep\n|turn|15\n|\n|t:|1733907629\n|move|p1a: Solgaleo|Sunsteel Strike|p2a: Dragonite\n|-damage|p2a: Dragonite|94/257\n|move|p2a: Dragonite|Dragon Dance|p2a: Dragonite\n|-boost|p2a: Dragonite|atk|1\n|-boost|p2a: Dragonite|spe|1\n|\n|upkeep\n|turn|16\n|\n|t:|1733907636\n|move|p2a: Dragonite|Earthquake|p1a: Solgaleo\n|-supereffective|p1a: Solgaleo\n|-damage|p1a: Solgaleo|0 fnt\n|faint|p1a: Solgaleo\n|\n|upkeep\n|\n|t:|1733907641\n|switch|p1a: Staraptor|Staraptor, L79, M|55/263\n|turn|17\n|\n|t:|1733907645\n|move|p2a: Dragonite|Roost|p2a: Dragonite\n|-heal|p2a: Dragonite|223/257\n|-singleturn|p2a: Dragonite|move: Roost\n|move|p1a: Staraptor|Brave Bird|p2a: Dragonite\n|-damage|p2a: Dragonite|57/257\n|-damage|p1a: Staraptor|0 fnt|[from] Recoil\n|faint|p1a: Staraptor\n|\n|upkeep\n|\n|t:|1733907654\n|switch|p1a: Girafarig|Girafarig, L89, M|269/269\n|turn|18\n|\n|t:|1733907657\n|move|p2a: Dragonite|Roost|p2a: Dragonite\n|-heal|p2a: Dragonite|186/257\n|-singleturn|p2a: Dragonite|move: Roost\n|move|p1a: Girafarig|Psyshock|p2a: Dragonite\n|-crit|p2a: Dragonite\n|-damage|p2a: Dragonite|50/257\n|\n|upkeep\n|turn|19\n|\n|t:|1733907665\n|move|p2a: Dragonite|Roost|p2a: Dragonite\n|-heal|p2a: Dragonite|179/257\n|-singleturn|p2a: Dragonite|move: Roost\n|move|p1a: Girafarig|Psyshock|p2a: Dragonite\n|-damage|p2a: Dragonite|83/257\n|\n|upkeep\n|turn|20\n|\n|t:|1733907675\n|move|p2a: Dragonite|Roost|p2a: Dragonite\n|-heal|p2a: Dragonite|212/257\n|-singleturn|p2a: Dragonite|move: Roost\n|move|p1a: Girafarig|Thunderbolt|p2a: Dragonite\n|-resisted|p2a: Dragonite\n|-damage|p2a: Dragonite|176/257\n|\n|upkeep\n|turn|21\n|\n|t:|1733907689\n|move|p2a: Dragonite|Outrage|p1a: Girafarig\n|-damage|p1a: Girafarig|130/269\n|move|p1a: Girafarig|Nasty Plot|p1a: Girafarig\n|-boost|p1a: Girafarig|spa|2\n|\n|upkeep\n|turn|22\n|\n|t:|1733907694\n|move|p2a: Dragonite|Outrage|p1a: Girafarig|[from]lockedmove\n|-damage|p1a: Girafarig|0 fnt\n|faint|p1a: Girafarig\n|-start|p2a: Dragonite|confusion|[fatigue]\n|\n|win|ellthesylveon\n|raw|Chlocomotive's rating: 1252 &rarr; <strong>1228</strong><br />(-24 for losing)\n|raw|ellthesylveon's rating: 1267 &rarr; <strong>1291</strong><br />(+24 for winning)\n|l|\u2606Chlocomotive\n|player|p1|\n", "inputlog": ">version bfd83cad13791eb5a5a409923076391caf6fb4d4\n>start {\"formatid\":\"gen9randombattle\",\"seed\":[20188,18921,32095,47323],\"rated\":\"Rated battle\"}\n>player p1 {\"name\":\"Chlocomotive\",\"avatar\":\"cynthia-masters\",\"rating\":1252,\"seed\":[28770,48931,53096,49624]}\n>player p2 {\"name\":\"ellthesylveon\",\"avatar\":\"lady\",\"rating\":1267,\"seed\":[5112,51092,12628,40883]}\n>p1 move flamethrower\n>p2 switch 4\n>p1 move flamethrower\n>p2 move sludgewave\n>p1 switch 4\n>p1 move quiverdance\n>p2 move psyshock\n>p1 move bugbuzz\n>p2 move psyshock\n>p2 switch 2\n>p1 move gigadrain\n>p2 move knockoff\n>p1 switch 5\n>p1 move closecombat\n>p2 move knockoff\n>p1 move closecombat\n>p2 move knockoff\n>p1 move uturn\n>p2 switch 4\n>p1 switch 3\n>p1 move lashout\n>p2 move calmmind terastallize\n>p1 move thunderwave\n>p2 move calmmind\n>p1 move bravebird\n>p2 move moonblast\n>p1 switch 6\n>p1 move sunsteelstrike\n>p2 move moonblast\n>p2 switch 4\n>p1 move knockoff\n>p2 move knockoff\n>p2 switch 5\n>p1 move knockoff\n>p2 move earthquake\n>p1 move sunsteelstrike\n>p2 move dragondance\n>p1 move sunsteelstrike\n>p2 move earthquake\n>p1 switch 3\n>p1 move bravebird\n>p2 move roost\n>p1 switch 2\n>p1 move psyshock\n>p2 move roost\n>p1 move psyshock\n>p2 move roost\n>p1 move thunderbolt\n>p2 move roost\n>p1 move nastyplot\n>p2 move outrage\n>p1 move psyshock\n>p2 move outrage", "uploadtime": 1733907700, "views": 15, "formatid": "gen9randombattle", "rating": 1228, "private": 0, "password": null}