{"id": "gen9randombattle-2260866830", "format": "[Gen 9] Random Battle", "players": ["no tengo enemigos", "DreamteamIW"], "log": "|j|\u2606no tengo enemigos\n|j|\u2606DreamteamIW\n|t:|1733907233\n|gametype|singles\n|player|p1|no tengo enemigos|169|1437\n|player|p2|DreamteamIW|102|1428\n|teamsize|p1|6\n|teamsize|p2|6\n|gen|9\n|tier|[Gen 9] Random Battle\n|rated|\n|rule|Species Clause: Limit one of each Pok\u00e9mon\n|rule|HP Percentage Mod: HP is shown in percentages\n|rule|Sleep Clause Mod: Limit one foe put to sleep\n|rule|Illusion Level Mod: Illusion disguises the Pok\u00e9mon's true level\n|\n|t:|1733907233\n|start\n|switch|p1a: Blaziken|Blaziken, L76, F|247/247\n|switch|p2a: Miraidon|Miraidon, L65|238/238\n|-fieldstart|move: Electric Terrain|[from] ability: Hadron Engine|[of] p2a: Miraidon\n|turn|1\n|\n|t:|1733907245\n|switch|p1a: Cresselia|Cresselia, L80, F|323/323\n|move|p2a: Miraidon|Volt Switch|p1a: Cresselia\n|-damage|p1a: Cresselia|184/323\n|\n|t:|1733907256\n|switch|p2a: Deoxys|Deoxys-Speed, L82|216/216|[from] Volt Switch\n|-ability|p2a: Deoxys|Pressure\n|\n|-heal|p1a: Cresselia|204/323|[from] item: Leftovers\n|upkeep\n|turn|2\n|\n|t:|1733907274\n|move|p2a: Deoxys|Knock Off|p1a: Cresselia\n|-supereffective|p1a: Cresselia\n|-damage|p1a: Cresselia|66/323\n|-enditem|p1a: Cresselia|Leftovers|[from] move: Knock Off|[of] p2a: Deoxys\n|-damage|p2a: Deoxys|195/216|[from] item: Life Orb\n|move|p1a: Cresselia|Moonlight|p1a: Cresselia\n|-heal|p1a: Cresselia|227/323\n|\n|upkeep\n|turn|3\n|\n|t:|1733907293\n|move|p2a: Deoxys|Spikes|p1a: Cresselia\n|-sidestart|p1: no tengo enemigos|Spikes\n|move|p1a: Cresselia|Calm Mind|p1a: Cresselia\n|-boost|p1a: Cresselia|spa|1\n|-boost|p1a: Cresselia|spd|1\n|\n|upkeep\n|turn|4\n|inactive|Battle timer is ON: inactive players will automatically lose when time's up. (requested by no tengo enemigos)\n|\n|t:|1733907321\n|move|p2a: Deoxys|Knock Off|p1a: Cresselia\n|-supereffective|p1a: Cresselia\n|-damage|p1a: Cresselia|136/323\n|-damage|p2a: Deoxys|174/216|[from] item: Life Orb\n|move|p1a: Cresselia|Calm Mind|p1a: Cresselia\n|-boost|p1a: Cresselia|spa|1\n|-boost|p1a: Cresselia|spd|1\n|\n|upkeep\n|turn|5\n|\n|t:|1733907337\n|switch|p2a: Miraidon|Miraidon, L65|238/238\n|-activate|p2a: Miraidon|ability: Hadron Engine\n|move|p1a: Cresselia|Moonlight|p1a: Cresselia\n|-heal|p1a: Cresselia|297/323\n|\n|-fieldend|move: Electric Terrain\n|upkeep\n|turn|6\n|\n|t:|1733907347\n|move|p2a: Miraidon|Volt Switch|p1a: Cresselia\n|-damage|p1a: Cresselia|263/323\n|\n|t:|1733907352\n|switch|p2a: Orthworm|Orthworm, L88, M|266/266|[from] Volt Switch\n|move|p1a: Cresselia|Calm Mind|p1a: Cresselia\n|-boost|p1a: Cresselia|spa|1\n|-boost|p1a: Cresselia|spd|1\n|\n|upkeep\n|turn|7\n|\n|t:|1733907365\n|move|p1a: Cresselia|Psyshock|p2a: Orthworm\n|-resisted|p2a: Orthworm\n|-damage|p2a: Orthworm|215/266\n|move|p2a: Orthworm|Coil|p2a: Orthworm\n|-boost|p2a: Orthworm|atk|1\n|-boost|p2a: Orthworm|def|1\n|-boost|p2a: Orthworm|accuracy|1\n|\n|upkeep\n|turn|8\n|\n|t:|1733907373\n|-terastallize|p1a: Cresselia|Steel\n|move|p1a: Cresselia|Moonblast|p2a: Orthworm\n|-resisted|p2a: Orthworm\n|-damage|p2a: Orthworm|135/266\n|move|p2a: Orthworm|Coil|p2a: Orthworm\n|-boost|p2a: Orthworm|atk|1\n|-boost|p2a: Orthworm|def|1\n|-boost|p2a: Orthworm|accuracy|1\n|\n|upkeep\n|turn|9\n|\n|t:|1733907385\n|move|p1a: Cresselia|Moonblast|p2a: Orthworm\n|-resisted|p2a: Orthworm\n|-damage|p2a: Orthworm|56/266\n|move|p2a: Orthworm|Rest|p2a: Orthworm\n|-status|p2a: Orthworm|slp|[from] move: Rest\n|-heal|p2a: Orthworm|266/266 slp|[silent]\n|-enditem|p2a: Orthworm|Chesto Berry|[eat]\n|-curestatus|p2a: Orthworm|slp|[msg]\n|\n|upkeep\n|turn|10\n|inactive|no tengo enemigos has 120 seconds left.\n|\n|t:|1733907426\n|move|p1a: Cresselia|Calm Mind|p1a: Cresselia\n|-boost|p1a: Cresselia|spa|1\n|-boost|p1a: Cresselia|spd|1\n|move|p2a: Orthworm|Body Press|p1a: Cresselia\n|-supereffective|p1a: Cresselia\n|-damage|p1a: Cresselia|0 fnt\n|faint|p1a: Cresselia\n|\n|upkeep\n|\n|t:|1733907429\n|switch|p1a: Moltres|Moltres, L81|278/278\n|turn|11\n|\n|t:|1733907438\n|-terastallize|p2a: Orthworm|Electric\n|move|p1a: Moltres|Fire Blast|p2a: Orthworm\n|-damage|p2a: Orthworm|77/266\n|move|p2a: Orthworm|Iron Tail|p1a: Moltres\n|-resisted|p1a: Moltres\n|-damage|p1a: Moltres|165/278\n|\n|upkeep\n|turn|12\n|\n|t:|1733907447\n|move|p1a: Moltres|Scorching Sands|p2a: Orthworm\n|-heal|p2a: Orthworm|143/266|[from] ability: Earth Eater|[of] p1a: Moltres\n|move|p2a: Orthworm|Iron Tail|p1a: Moltres\n|-resisted|p1a: Moltres\n|-damage|p1a: Moltres|60/278\n|\n|upkeep\n|turn|13\n|\n|t:|1733907455\n|move|p1a: Moltres|Fire Blast|p2a: Orthworm\n|-damage|p2a: Orthworm|0 fnt\n|faint|p2a: Orthworm\n|\n|upkeep\n|\n|t:|1733907464\n|switch|p2a: Deoxys|Deoxys-Speed, L82|174/216\n|-ability|p2a: Deoxys|Pressure\n|turn|14\n|\n|t:|1733907474\n|move|p2a: Deoxys|Knock Off|p1a: Moltres\n|-damage|p1a: Moltres|0 fnt\n|-enditem|p1a: Moltres|Heavy-Duty Boots|[from] move: Knock Off|[of] p2a: Deoxys\n|faint|p1a: Moltres\n|-damage|p2a: Deoxys|153/216|[from] item: Life Orb\n|\n|upkeep\n|\n|t:|1733907477\n|switch|p1a: Toucannon|Toucannon, L88, M|284/284\n|turn|15\n|\n|t:|1733907486\n|-singleturn|p1a: Toucannon|move: Beak Blast\n|move|p2a: Deoxys|Psycho Boost|p1a: Toucannon\n|-damage|p1a: Toucannon|73/284\n|-unboost|p2a: Deoxys|spa|2\n|-damage|p2a: Deoxys|132/216|[from] item: Life Orb\n|move|p1a: Toucannon|Beak Blast|p2a: Deoxys\n|-damage|p2a: Deoxys|3/216\n|\n|upkeep\n|turn|16\n|\n|t:|1733907499\n|move|p2a: Deoxys|Knock Off|p1a: Toucannon\n|-crit|p1a: Toucannon\n|-damage|p1a: Toucannon|0 fnt\n|-enditem|p1a: Toucannon|Heavy-Duty Boots|[from] move: Knock Off|[of] p2a: Deoxys\n|faint|p1a: Toucannon\n|-damage|p2a: Deoxys|0 fnt|[from] item: Life Orb\n|faint|p2a: Deoxys\n|\n|upkeep\n|\n|t:|1733907509\n|switch|p2a: Miraidon|Miraidon, L65|238/238\n|switch|p1a: Blaziken|Blaziken, L76, F|247/247\n|-fieldstart|move: Electric Terrain|[from] ability: Hadron Engine|[of] p2a: Miraidon\n|-damage|p1a: Blaziken|217/247|[from] Spikes\n|turn|17\n|\n|t:|1733907516\n|move|p2a: Miraidon|Electro Drift|p1a: Blaziken\n|-damage|p1a: Blaziken|0 fnt\n|faint|p1a: Blaziken\n|\n|upkeep\n|\n|t:|1733907524\n|switch|p1a: Regirock|Regirock, L83|268/268\n|-damage|p1a: Regirock|235/268|[from] Spikes\n|turn|18\n|\n|t:|1733907530\n|switch|p2a: Ogerpon|Ogerpon-Wellspring, L76, F|247/247\n|move|p1a: Regirock|Stone Edge|p2a: Ogerpon\n|-damage|p2a: Ogerpon|132/247\n|\n|upkeep\n|turn|19\n|\n|t:|1733907537\n|move|p2a: Ogerpon|Horn Leech|p1a: Regirock\n|-supereffective|p1a: Regirock\n|-damage|p1a: Regirock|137/268\n|-heal|p2a: Ogerpon|181/247|[from] drain|[of] p1a: Regirock\n|move|p1a: Regirock|Stone Edge|p2a: Ogerpon\n|-damage|p2a: Ogerpon|49/247\n|\n|upkeep\n|turn|20\n|\n|t:|1733907546\n|move|p2a: Ogerpon|Horn Leech|p1a: Regirock\n|-supereffective|p1a: Regirock\n|-damage|p1a: Regirock|39/268\n|-heal|p2a: Ogerpon|98/247|[from] drain|[of] p1a: Regirock\n|move|p1a: Regirock|Stone Edge|p2a: Ogerpon\n|-damage|p2a: Ogerpon|0 fnt\n|faint|p2a: Ogerpon\n|\n|upkeep\n|\n|t:|1733907556\n|switch|p2a: Flamigo|Flamigo, L82, M|269/269\n|turn|21\n|\n|t:|1733907562\n|move|p2a: Flamigo|Close Combat|p1a: Regirock\n|-supereffective|p1a: Regirock\n|-damage|p1a: Regirock|0 fnt\n|-unboost|p2a: Flamigo|def|1\n|-unboost|p2a: Flamigo|spd|1\n|faint|p1a: Regirock\n|-damage|p2a: Flamigo|243/269|[from] item: Life Orb\n|\n|-fieldend|move: Electric Terrain\n|upkeep\n|\n|t:|1733907564\n|switch|p1a: Lilligant|Lilligant-Hisui, L79, F|240/240\n|-damage|p1a: Lilligant|210/240|[from] Spikes\n|turn|22\n|\n|t:|1733907574\n|move|p1a: Lilligant|Sleep Powder|p2a: Flamigo\n|-status|p2a: Flamigo|slp|[from] move: Sleep Powder\n|cant|p2a: Flamigo|slp\n|\n|upkeep\n|turn|23\n|\n|t:|1733907589\n|switch|p2a: Miraidon|Miraidon, L65|238/238\n|-fieldstart|move: Electric Terrain|[from] ability: Hadron Engine|[of] p2a: Miraidon\n|move|p1a: Lilligant|Victory Dance|p1a: Lilligant\n|-boost|p1a: Lilligant|atk|1\n|-boost|p1a: Lilligant|def|1\n|-boost|p1a: Lilligant|spe|1\n|\n|upkeep\n|turn|24\n|\n|t:|1733907599\n|move|p1a: Lilligant|Leaf Blade|p2a: Miraidon\n|-resisted|p2a: Miraidon\n|-damage|p2a: Miraidon|94/238\n|-damage|p1a: Lilligant|186/240|[from] item: Life Orb\n|move|p2a: Miraidon|Draco Meteor|p1a: Lilligant\n|-damage|p1a: Lilligant|0 fnt\n|-unboost|p2a: Miraidon|spa|2\n|faint|p1a: Lilligant\n|\n|win|DreamteamIW\n|raw|no tengo enemigos's rating: 1437 &rarr; <strong>1416</strong><br />(-21 for losing)\n|raw|DreamteamIW's rating: 1428 &rarr; <strong>1449</strong><br />(+21 for winning)\n", "inputlog": ">version bfd83cad13791eb5a5a409923076391caf6fb4d4\n>start {\"formatid\":\"gen9randombattle\",\"seed\":[16528,22158,36118,29747],\"rated\":\"Rated battle\"}\n>player p1 {\"name\":\"no tengo enemigos\",\"avatar\":\"169\",\"rating\":1437,\"seed\":[49864,38442,4090,10890]}\n>player p2 {\"name\":\"DreamteamIW\",\"avatar\":\"102\",\"rating\":1428,\"seed\":[40738,64685,16035,58663]}\n>p1 switch 6\n>p2 move voltswitch\n>p2 switch 6\n>p1 move moonlight\n>p2 move knockoff\n>p1 move calmmind\n>p2 move spikes\n>p1 move calmmind\n>p2 move knockoff\n>p1 move moonlight\n>p2 switch 6\n>p1 move calmmind\n>p2 move voltswitch\n>p2 switch 5\n>p1 move psyshock\n>p2 move coil\n>p1 move moonblast terastallize\n>p2 move coil\n>p1 move moonblast\n>p2 move rest\n>p1 move calmmind\n>p2 move bodypress\n>p1 switch 4\n>p1 move fireblast\n>p2 move irontail terastallize\n>p1 move scorchingsands\n>p2 move irontail\n>p1 move fireblast\n>p2 move irontail\n>p2 switch 6\n>p1 move roost\n>p2 move knockoff\n>p1 switch 2\n>p1 move beakblast\n>p2 move psychoboost\n>p1 move roost\n>p2 move knockoff\n>p1 switch 6\n>p2 switch 5\n>p1 move swordsdance\n>p2 move electrodrift\n>p1 switch 3\n>p1 move stoneedge\n>p2 switch 2\n>p1 move stoneedge\n>p2 move hornleech\n>p1 move stoneedge\n>p2 move hornleech\n>p2 switch 4\n>p1 move stoneedge\n>p2 move closecombat\n>p1 switch 5\n>p1 move sleeppowder\n>p2 move bravebird\n>p1 move victorydance\n>p2 switch 2\n>p1 move leafblade\n>p2 move dracometeor", "uploadtime": 1733907604, "views": 8, "formatid": "gen9randombattle", "rating": 1416, "private": 0, "password": null}