{"id": "gen9randombattle-2259966188", "format": "[Gen 9] Random Battle", "players": ["notgonnadothat", "abba dancing queen"], "log": "|j|\u2606notgonnadothat\n|j|\u2606abba dancing queen\n|t:|1733785251\n|gametype|singles\n|player|p1|notgonnadothat|2|1337\n|player|p2|abba dancing queen|misty-gen1|1342\n|teamsize|p1|6\n|teamsize|p2|6\n|gen|9\n|tier|[Gen 9] Random Battle\n|rated|\n|rule|Species Clause: Limit one of each Pok\u00e9mon\n|rule|HP Percentage Mod: HP is shown in percentages\n|rule|Sleep Clause Mod: Limit one foe put to sleep\n|rule|Illusion Level Mod: Illusion disguises the Pok\u00e9mon's true level\n|\n|t:|1733785251\n|start\n|switch|p1a: Poliwrath|Poliwrath, L88, M|302/302\n|switch|p2a: Clawitzer|Clawitzer, L87, F|265/265\n|turn|1\n|\n|t:|1733785263\n|switch|p1a: Chansey|Chansey, L85, F|564/564\n|move|p2a: Clawitzer|U-turn|p1a: Chansey\n|-damage|p1a: Chansey|466/564\n|\n|t:|1733785273\n|switch|p2a: Hippowdon|Hippowdon, L82, F|311/311|[from] U-turn\n|-weather|Sandstorm|[from] ability: Sand Stream|[of] p2a: Hippowdon\n|\n|-weather|Sandstorm|[upkeep]\n|-damage|p1a: Chansey|431/564|[from] Sandstorm\n|upkeep\n|turn|2\n|\n|t:|1733785296\n|switch|p1a: Regice|Regice, L88|284/284\n|move|p2a: Hippowdon|Stealth Rock|p1a: Regice\n|-sidestart|p1: notgonnadothat|move: Stealth Rock\n|\n|-weather|Sandstorm|[upkeep]\n|-damage|p1a: Regice|267/284|[from] Sandstorm\n|upkeep\n|turn|3\n|\n|t:|1733785316\n|switch|p2a: Illumise|Illumise, L91, F|266/266\n|move|p1a: Regice|Thunderbolt|p2a: Illumise\n|-damage|p2a: Illumise|195/266\n|-status|p2a: Illumise|par\n|\n|-weather|Sandstorm|[upkeep]\n|-damage|p1a: Regice|250/284|[from] Sandstorm\n|-damage|p2a: Illumise|179/266 par|[from] Sandstorm\n|upkeep\n|turn|4\n|\n|t:|1733785326\n|cant|p2a: Illumise|par\n|move|p1a: Regice|Ice Beam|p2a: Illumise\n|-damage|p2a: Illumise|76/266 par\n|\n|-weather|Sandstorm|[upkeep]\n|-damage|p1a: Regice|233/284|[from] Sandstorm\n|-damage|p2a: Illumise|60/266 par|[from] Sandstorm\n|upkeep\n|turn|5\n|\n|t:|1733785333\n|cant|p2a: Illumise|par\n|move|p1a: Regice|Ice Beam|p2a: Illumise\n|-damage|p2a: Illumise|0 fnt\n|faint|p2a: Illumise\n|\n|-weather|none\n|upkeep\n|c|\u2606notgonnadothat|extreme luck there lol\n|\n|t:|1733785358\n|switch|p2a: Hypno|Hypno, L95, F|315/315\n|turn|6\n|\n|t:|1733785362\n|move|p2a: Hypno|Toxic|p1a: Regice\n|-status|p1a: Regice|tox\n|move|p1a: Regice|Thunder Wave|p2a: Hypno\n|-status|p2a: Hypno|par\n|\n|-damage|p1a: Regice|216/284 tox|[from] psn\n|upkeep\n|turn|7\n|\n|t:|1733785381\n|switch|p1a: Golduck|Golduck, L90, M|290/290\n|-damage|p1a: Golduck|254/290|[from] Stealth Rock\n|cant|p2a: Hypno|par\n|\n|upkeep\n|turn|8\n|\n|t:|1733785395\n|move|p1a: Golduck|Nasty Plot|p1a: Golduck\n|-boost|p1a: Golduck|spa|2\n|move|p2a: Hypno|Toxic|p1a: Golduck\n|-status|p1a: Golduck|tox\n|\n|-damage|p1a: Golduck|236/290 tox|[from] psn\n|upkeep\n|turn|9\n|\n|t:|1733785417\n|cant|p2a: Hypno|par\n|move|p1a: Golduck|Nasty Plot|p1a: Golduck\n|-boost|p1a: Golduck|spa|2\n|\n|-damage|p1a: Golduck|200/290 tox|[from] psn\n|upkeep\n|turn|10\n|\n|t:|1733785424\n|move|p2a: Hypno|Protect|p2a: Hypno\n|-singleturn|p2a: Hypno|Protect\n|move|p1a: Golduck|Hydro Pump|p2a: Hypno\n|-activate|p2a: Hypno|move: Protect\n|\n|-damage|p1a: Golduck|146/290 tox|[from] psn\n|upkeep\n|turn|11\n|\n|t:|1733785440\n|move|p1a: Golduck|Hydro Pump|p2a: Hypno\n|-damage|p2a: Hypno|0 fnt\n|faint|p2a: Hypno\n|-damage|p1a: Golduck|117/290 tox|[from] item: Life Orb\n|\n|-damage|p1a: Golduck|45/290 tox|[from] psn\n|upkeep\n|\n|t:|1733785459\n|switch|p2a: Lunala|Lunala, L70|308/308\n|turn|12\n|\n|t:|1733785466\n|move|p1a: Golduck|Hydro Pump|p2a: Lunala\n|-damage|p2a: Lunala|25/308\n|-damage|p1a: Golduck|16/290 tox|[from] item: Life Orb\n|move|p2a: Lunala|Moonlight|p2a: Lunala\n|-heal|p2a: Lunala|179/308\n|\n|-heal|p2a: Lunala|198/308|[from] item: Leftovers\n|-damage|p1a: Golduck|0 fnt|[from] psn\n|faint|p1a: Golduck\n|upkeep\n|\n|t:|1733785481\n|switch|p1a: Zapdos|Zapdos-Galar, L77|265/265\n|-damage|p1a: Zapdos|232/265|[from] Stealth Rock\n|turn|13\n|\n|t:|1733785504\n|move|p1a: Zapdos|Knock Off|p2a: Lunala\n|-supereffective|p2a: Lunala\n|-damage|p2a: Lunala|0 fnt\n|-enditem|p2a: Lunala|Leftovers|[from] move: Knock Off|[of] p1a: Zapdos\n|faint|p2a: Lunala\n|\n|upkeep\n|\n|t:|1733785517\n|switch|p2a: Clawitzer|Clawitzer, L87, F|265/265\n|turn|14\n|\n|t:|1733785523\n|switch|p1a: Raging Bolt|Raging Bolt, L78|323/323\n|-damage|p1a: Raging Bolt|283/323|[from] Stealth Rock\n|move|p2a: Clawitzer|U-turn|p1a: Raging Bolt\n|-damage|p1a: Raging Bolt|238/323\n|\n|t:|1733785533\n|switch|p2a: Hippowdon|Hippowdon, L82, F|311/311|[from] U-turn\n|-weather|Sandstorm|[from] ability: Sand Stream|[of] p2a: Hippowdon\n|\n|-weather|Sandstorm|[upkeep]\n|-damage|p1a: Raging Bolt|218/323|[from] Sandstorm\n|upkeep\n|turn|15\n|\n|t:|1733785545\n|-end|p1a: Raging Bolt|Protosynthesis|[silent]\n|switch|p1a: Poliwrath|Poliwrath, L88, M|302/302\n|-damage|p1a: Poliwrath|284/302|[from] Stealth Rock\n|move|p2a: Hippowdon|Whirlwind|p1a: Poliwrath\n|drag|p1a: Raging Bolt|Raging Bolt, L78|218/323\n|-damage|p1a: Raging Bolt|178/323|[from] Stealth Rock\n|\n|-weather|Sandstorm|[upkeep]\n|-damage|p1a: Raging Bolt|158/323|[from] Sandstorm\n|upkeep\n|turn|16\n|\n|t:|1733785558\n|-end|p1a: Raging Bolt|Protosynthesis|[silent]\n|switch|p1a: Zapdos|Zapdos-Galar, L77|232/265\n|-damage|p1a: Zapdos|199/265|[from] Stealth Rock\n|move|p2a: Hippowdon|Earthquake|p1a: Zapdos\n|-immune|p1a: Zapdos\n|\n|-weather|Sandstorm|[upkeep]\n|-damage|p1a: Zapdos|183/265|[from] Sandstorm\n|upkeep\n|turn|17\n|\n|t:|1733785570\n|move|p1a: Zapdos|Brave Bird|p2a: Hippowdon\n|-damage|p2a: Hippowdon|166/311\n|-damage|p1a: Zapdos|139/265|[from] item: Rocky Helmet|[of] p2a: Hippowdon\n|-damage|p1a: Zapdos|91/265|[from] Recoil\n|move|p2a: Hippowdon|Whirlwind|p1a: Zapdos\n|drag|p1a: Chansey|Chansey, L85, F|431/564\n|-damage|p1a: Chansey|361/564|[from] Stealth Rock\n|\n|-weather|Sandstorm|[upkeep]\n|-damage|p1a: Chansey|326/564|[from] Sandstorm\n|upkeep\n|turn|18\n|\n|t:|1733785586\n|move|p1a: Chansey|Soft-Boiled|p1a: Chansey\n|-heal|p1a: Chansey|564/564\n|move|p2a: Hippowdon|Slack Off|p2a: Hippowdon\n|-heal|p2a: Hippowdon|311/311\n|\n|-weather|none\n|upkeep\n|turn|19\n|\n|t:|1733785604\n|switch|p1a: Poliwrath|Poliwrath, L88, M|284/302\n|-damage|p1a: Poliwrath|266/302|[from] Stealth Rock\n|move|p2a: Hippowdon|Whirlwind|p1a: Poliwrath\n|drag|p1a: Chansey|Chansey, L85, F|564/564\n|-damage|p1a: Chansey|494/564|[from] Stealth Rock\n|\n|upkeep\n|turn|20\n|\n|t:|1733785614\n|move|p1a: Chansey|Stealth Rock|p2a: Hippowdon\n|-sidestart|p2: abba dancing queen|move: Stealth Rock\n|move|p2a: Hippowdon|Earthquake|p1a: Chansey\n|-damage|p1a: Chansey|236/564\n|\n|upkeep\n|turn|21\n|\n|t:|1733785623\n|switch|p2a: Clawitzer|Clawitzer, L87, F|265/265\n|-damage|p2a: Clawitzer|232/265|[from] Stealth Rock\n|move|p1a: Chansey|Soft-Boiled|p1a: Chansey\n|-heal|p1a: Chansey|518/564\n|\n|upkeep\n|turn|22\n|\n|t:|1733785632\n|switch|p1a: Regice|Regice, L88|216/284 tox\n|move|p2a: Clawitzer|U-turn|p1a: Regice\n|-crit|p1a: Regice\n|-damage|p1a: Regice|165/284 tox\n|\n|t:|1733785643\n|switch|p2a: Volcarona|Volcarona, L77, M|257/257|[from] U-turn\n|\n|-damage|p1a: Regice|148/284 tox|[from] psn\n|upkeep\n|turn|23\n|\n|t:|1733785655\n|move|p2a: Volcarona|Fire Blast|p1a: Regice\n|-supereffective|p1a: Regice\n|-damage|p1a: Regice|28/284 tox\n|move|p1a: Regice|Thunder Wave|p2a: Volcarona\n|-status|p2a: Volcarona|par\n|\n|-damage|p1a: Regice|0 fnt|[from] psn\n|faint|p1a: Regice\n|upkeep\n|\n|t:|1733785691\n|switch|p1a: Zapdos|Zapdos-Galar, L77|91/265\n|-damage|p1a: Zapdos|58/265|[from] Stealth Rock\n|turn|24\n|\n|t:|1733785720\n|move|p1a: Zapdos|Brave Bird|p2a: Volcarona\n|-supereffective|p2a: Volcarona\n|-damage|p2a: Volcarona|0 fnt\n|faint|p2a: Volcarona\n|-damage|p1a: Zapdos|0 fnt|[from] Recoil\n|faint|p1a: Zapdos\n|\n|upkeep\n|\n|t:|1733785749\n|switch|p2a: Hippowdon|Hippowdon, L82, F|311/311\n|switch|p1a: Poliwrath|Poliwrath, L88, M|266/302\n|-damage|p1a: Poliwrath|248/302|[from] Stealth Rock\n|-damage|p2a: Hippowdon|292/311|[from] Stealth Rock\n|-weather|Sandstorm|[from] ability: Sand Stream|[of] p2a: Hippowdon\n|turn|25\n|\n|t:|1733785779\n|move|p1a: Poliwrath|Liquidation|p2a: Hippowdon\n|-supereffective|p2a: Hippowdon\n|-damage|p2a: Hippowdon|74/311\n|-damage|p1a: Poliwrath|198/302|[from] item: Rocky Helmet|[of] p2a: Hippowdon\n|-damage|p1a: Poliwrath|168/302|[from] item: Life Orb\n|move|p2a: Hippowdon|Slack Off|p2a: Hippowdon\n|-heal|p2a: Hippowdon|230/311\n|\n|-weather|Sandstorm|[upkeep]\n|-damage|p1a: Poliwrath|150/302|[from] Sandstorm\n|upkeep\n|turn|26\n|\n|t:|1733785790\n|switch|p2a: Clawitzer|Clawitzer, L87, F|232/265\n|-damage|p2a: Clawitzer|199/265|[from] Stealth Rock\n|move|p1a: Poliwrath|Rain Dance|p1a: Poliwrath\n|-weather|RainDance\n|\n|-weather|RainDance|[upkeep]\n|upkeep\n|turn|27\n|\n|t:|1733785804\n|move|p1a: Poliwrath|Close Combat|p2a: Clawitzer\n|-damage|p2a: Clawitzer|12/265\n|-unboost|p1a: Poliwrath|def|1\n|-unboost|p1a: Poliwrath|spd|1\n|-damage|p1a: Poliwrath|120/302|[from] item: Life Orb\n|move|p2a: Clawitzer|Dragon Pulse|p1a: Poliwrath\n|-damage|p1a: Poliwrath|0 fnt\n|faint|p1a: Poliwrath\n|\n|-weather|RainDance|[upkeep]\n|upkeep\n|\n|t:|1733785817\n|switch|p1a: Chansey|Chansey, L85, F|518/564\n|-damage|p1a: Chansey|448/564|[from] Stealth Rock\n|turn|28\n|c|\u2606abba dancing queen|Why not go chansey\n|\n|t:|1733785831\n|move|p2a: Clawitzer|Dragon Pulse|p1a: Chansey\n|-damage|p1a: Chansey|353/564\n|move|p1a: Chansey|Seismic Toss|p2a: Clawitzer\n|-damage|p2a: Clawitzer|0 fnt\n|faint|p2a: Clawitzer\n|\n|-weather|RainDance|[upkeep]\n|upkeep\n|\n|t:|1733785833\n|switch|p2a: Hippowdon|Hippowdon, L82, F|230/311\n|-damage|p2a: Hippowdon|211/311|[from] Stealth Rock\n|-weather|Sandstorm|[from] ability: Sand Stream|[of] p2a: Hippowdon\n|turn|29\n|\n|t:|1733785848\n|move|p1a: Chansey|Seismic Toss|p2a: Hippowdon\n|-damage|p2a: Hippowdon|126/311\n|-damage|p1a: Chansey|259/564|[from] item: Rocky Helmet|[of] p2a: Hippowdon\n|move|p2a: Hippowdon|Earthquake|p1a: Chansey\n|-damage|p1a: Chansey|0 fnt\n|faint|p1a: Chansey\n|\n|-weather|Sandstorm|[upkeep]\n|upkeep\n|\n|t:|1733785856\n|switch|p1a: Raging Bolt|Raging Bolt, L78|158/323\n|-damage|p1a: Raging Bolt|118/323|[from] Stealth Rock\n|turn|30\n|\n|t:|1733785866\n|-terastallize|p1a: Raging Bolt|Electric\n|-terastallize|p2a: Hippowdon|Steel\n|move|p1a: Raging Bolt|Draco Meteor|p2a: Hippowdon\n|-resisted|p2a: Hippowdon\n|-damage|p2a: Hippowdon|28/311\n|-unboost|p1a: Raging Bolt|spa|2\n|move|p2a: Hippowdon|Earthquake|p1a: Raging Bolt\n|-supereffective|p1a: Raging Bolt\n|-damage|p1a: Raging Bolt|0 fnt\n|faint|p1a: Raging Bolt\n|-end|p1a: Raging Bolt|Protosynthesis|[silent]\n|\n|win|abba dancing queen\n|raw|notgonnadothat's rating: 1337 &rarr; <strong>1317</strong><br />(-20 for losing)\n|raw|abba dancing queen's rating: 1342 &rarr; <strong>1362</strong><br />(+20 for winning)\n|c|\u2606notgonnadothat|wp\n|c|\u2606notgonnadothat|gg\n|c|\u2606abba dancing queen|Gg\n|l|\u2606notgonnadothat\n|player|p1|\n", "inputlog": ">version bfd83cad13791eb5a5a409923076391caf6fb4d4\n>start {\"formatid\":\"gen9randombattle\",\"seed\":[24667,64274,21087,15461],\"rated\":\"Rated battle\"}\n>player p1 {\"name\":\"notgonnadothat\",\"avatar\":\"2\",\"rating\":1337,\"seed\":[15620,30104,63677,65087]}\n>player p2 {\"name\":\"abba dancing queen\",\"avatar\":\"misty-gen1\",\"rating\":1342,\"seed\":[7021,56324,31749,31847]}\n>p1 switch 6\n>p2 move uturn\n>p2 switch 6\n>p1 switch 2\n>p2 move stealthrock\n>p1 move thunderbolt\n>p2 switch 4\n>p1 move icebeam\n>p2 move encore\n>p1 move icebeam\n>p2 move thunderwave\n>chat \u2606notgonnadothat|extreme luck there lol\n>p2 switch 5\n>p1 move thunderwave\n>p2 move toxic\n>p1 switch 5\n>p2 move psychicnoise\n>p1 move nastyplot\n>p2 move toxic\n>p1 move nastyplot\n>p2 move protect\n>p1 move hydropump\n>p2 move protect\n>p1 move hydropump\n>p2 move psychicnoise\n>p2 switch 3\n>p1 move hydropump\n>p2 move moonlight\n>p1 switch 3\n>p1 move knockoff\n>p2 move moonblast\n>p2 switch 6\n>p1 switch 4\n>p2 move uturn\n>p2 switch 4\n>p1 switch 6\n>p2 move whirlwind\n>p1 switch 4\n>p2 move earthquake\n>p1 move bravebird\n>p2 move whirlwind\n>p1 move softboiled\n>p2 move slackoff\n>p1 switch 6\n>p2 move whirlwind\n>p1 move stealthrock\n>p2 move earthquake\n>p1 move softboiled\n>p2 switch 4\n>p1 switch 5\n>p2 move uturn\n>p2 switch 2\n>p1 move thunderwave\n>p2 move fireblast\n>p1 switch 2\n>p1 move bravebird\n>p2 move fireblast\n>p1 switch 6\n>p2 switch 4\n>p1 move liquidation\n>p2 move slackoff\n>p1 move raindance\n>p2 switch 2\n>p1 move closecombat\n>p2 move dragonpulse\n>p1 switch 5\n>chat \u2606abba dancing queen|Why not go chansey\n>p1 move seismictoss\n>p2 move dragonpulse\n>p2 switch 2\n>p1 move seismictoss\n>p2 move earthquake\n>p1 switch 4\n>p1 move dracometeor terastallize\n>p2 move earthquake terastallize", "uploadtime": 1733785896, "views": 11, "formatid": "gen9randombattle", "rating": 1317, "private": 0, "password": null}