{"id": "gen9randombattle-2146251342", "format": "[Gen 9] Random Battle", "players": ["yuri supremacy", "TechBuster"], "log": "|badge|p1|bronze|gen9randombattle|100-1\n|uhtml|medal-msg|<div class=\"broadcast-blue\">Curious what those medals under the avatar are? PS now has Ladder Seasons! For more information, check out the <a href=\"https://www.smogon.com/forums/threads/3740067/\">thread on Smogon.</a></div>\n|badge|p2|silver|gen9randombattle|30-1\n|uhtml|medal-msg|<div class=\"broadcast-blue\">Curious what those medals under the avatar are? PS now has Ladder Seasons! For more information, check out the <a href=\"https://www.smogon.com/forums/threads/3740067/\">thread on Smogon.</a></div>\n|j|\u2606yuri supremacy\n|j|\u2606TechBuster\n|t:|1718809479\n|gametype|singles\n|player|p1|yuri supremacy|marnie-masters|2388\n|player|p2|TechBuster|cynthia|2408\n|teamsize|p1|6\n|teamsize|p2|6\n|gen|9\n|tier|[Gen 9] Random Battle\n|rated|\n|rule|Species Clause: Limit one of each Pok\u00e9mon\n|rule|HP Percentage Mod: HP is shown in percentages\n|rule|Sleep Clause Mod: Limit one foe put to sleep\n|rule|Illusion Level Mod: Illusion disguises the Pok\u00e9mon's true level\n|\n|t:|1718809479\n|start\n|switch|p1a: Delphox|Delphox, L84, F|263/263\n|switch|p2a: Rampardos|Rampardos, L90, M|321/321\n|turn|1\n|inactive|Battle timer is ON: inactive players will automatically lose when time's up. (requested by yuri supremacy)\n|inactive|TechBuster has 120 seconds left.\n|\n|t:|1718809517\n|switch|p2a: Mesprit|Mesprit, L85|275/275\n|move|p1a: Delphox|Focus Blast|p2a: Mesprit\n|-resisted|p2a: Mesprit\n|-damage|p2a: Mesprit|249/275\n|\n|upkeep\n|turn|2\n|\n|t:|1718809544\n|switch|p1a: Bombirdier|Bombirdier, L85, F|258/258\n|move|p2a: Mesprit|U-turn|p1a: Bombirdier\n|-damage|p1a: Bombirdier|199/258\n|inactive|TechBuster has 120 seconds left.\n|\n|t:|1718809574\n|switch|p2a: Walking Wake|Walking Wake, L79|286/286|[from] U-turn\n|\n|upkeep\n|turn|3\n|\n|t:|1718809581\n|move|p1a: Bombirdier|U-turn|p2a: Walking Wake\n|-damage|p2a: Walking Wake|226/286\n|\n|t:|1718809582\n|switch|p1a: Misdreavus|Misdreavus, L90, F|254/254|[from] U-turn\n|move|p2a: Walking Wake|Draco Meteor|p1a: Misdreavus\n|-damage|p1a: Misdreavus|109/254\n|-unboost|p2a: Walking Wake|spa|2\n|\n|upkeep\n|turn|4\n|inactive|TechBuster has 120 seconds left.\n|\n|t:|1718809605\n|-end|p2a: Walking Wake|Protosynthesis|[silent]\n|switch|p2a: Kricketune|Kricketune, L99, F|312/312\n|move|p1a: Misdreavus|Will-O-Wisp|p2a: Kricketune|[miss]\n|-miss|p1a: Misdreavus|p2a: Kricketune\n|\n|upkeep\n|turn|5\n|\n|t:|1718809614\n|move|p1a: Misdreavus|Will-O-Wisp|p2a: Kricketune\n|-status|p2a: Kricketune|brn\n|move|p2a: Kricketune|Sticky Web|p1a: Misdreavus\n|-sidestart|p1: yuri supremacy|move: Sticky Web\n|\n|-damage|p2a: Kricketune|293/312 brn|[from] brn\n|upkeep\n|turn|6\n|\n|t:|1718809617\n|move|p1a: Misdreavus|Calm Mind|p1a: Misdreavus\n|-boost|p1a: Misdreavus|spa|1\n|-boost|p1a: Misdreavus|spd|1\n|move|p2a: Kricketune|Knock Off|p1a: Misdreavus\n|-supereffective|p1a: Misdreavus\n|-damage|p1a: Misdreavus|42/254\n|-enditem|p1a: Misdreavus|Eviolite|[from] move: Knock Off|[of] p2a: Kricketune\n|\n|-damage|p2a: Kricketune|274/312 brn|[from] brn\n|upkeep\n|turn|7\n|\n|t:|1718809623\n|move|p1a: Misdreavus|Draining Kiss|p2a: Kricketune\n|-damage|p2a: Kricketune|204/312 brn\n|-heal|p1a: Misdreavus|95/254|[from] drain|[of] p2a: Kricketune\n|move|p2a: Kricketune|Pounce|p1a: Misdreavus\n|-resisted|p1a: Misdreavus\n|-damage|p1a: Misdreavus|64/254\n|-unboost|p1a: Misdreavus|spe|1\n|\n|-damage|p2a: Kricketune|185/312 brn|[from] brn\n|upkeep\n|turn|8\n|\n|t:|1718809629\n|move|p2a: Kricketune|Knock Off|p1a: Misdreavus\n|-supereffective|p1a: Misdreavus\n|-damage|p1a: Misdreavus|0 fnt\n|faint|p1a: Misdreavus\n|\n|-damage|p2a: Kricketune|166/312 brn|[from] brn\n|upkeep\n|\n|t:|1718809643\n|switch|p1a: Bombirdier|Bombirdier, L85, F|199/258\n|turn|9\n|\n|t:|1718809648\n|move|p1a: Bombirdier|Brave Bird|p2a: Kricketune\n|-supereffective|p2a: Kricketune\n|-damage|p2a: Kricketune|0 fnt\n|faint|p2a: Kricketune\n|-damage|p1a: Bombirdier|144/258|[from] Recoil\n|\n|upkeep\n|\n|t:|1718809654\n|switch|p2a: Rampardos|Rampardos, L90, M|321/321\n|turn|10\n|\n|t:|1718809666\n|move|p1a: Bombirdier|Brave Bird|p2a: Rampardos\n|-resisted|p2a: Rampardos\n|-damage|p2a: Rampardos|240/321\n|-damage|p1a: Bombirdier|117/258|[from] Recoil\n|move|p2a: Rampardos|Fire Punch|p1a: Bombirdier\n|-crit|p1a: Bombirdier\n|-damage|p1a: Bombirdier|0 fnt\n|faint|p1a: Bombirdier\n|\n|upkeep\n|\n|t:|1718809675\n|switch|p1a: Falinks|Falinks, L85|249/249\n|-activate|p1a: Falinks|move: Sticky Web\n|-unboost|p1a: Falinks|spe|1\n|-ability|p1a: Falinks|Defiant|boost\n|-boost|p1a: Falinks|atk|2\n|turn|11\n|\n|t:|1718809697\n|move|p2a: Rampardos|Zen Headbutt|p1a: Falinks\n|-supereffective|p1a: Falinks\n|-damage|p1a: Falinks|0 fnt\n|faint|p1a: Falinks\n|\n|upkeep\n|\n|t:|1718809700\n|switch|p1a: Delphox|Delphox, L84, F|263/263\n|turn|12\n|\n|t:|1718809704\n|switch|p2a: Mesprit|Mesprit, L85|249/275\n|move|p1a: Delphox|Focus Blast|p2a: Mesprit\n|-resisted|p2a: Mesprit\n|-damage|p2a: Mesprit|220/275\n|\n|upkeep\n|turn|13\n|j| Shaky3\n|\n|t:|1718809718\n|move|p1a: Delphox|Nasty Plot|p1a: Delphox\n|-boost|p1a: Delphox|spa|2\n|move|p2a: Mesprit|U-turn|p1a: Delphox\n|-damage|p1a: Delphox|200/263\n|\n|t:|1718809720\n|switch|p2a: Walking Wake|Walking Wake, L79|226/286|[from] U-turn\n|\n|upkeep\n|turn|14\n|\n|t:|1718809725\n|move|p1a: Delphox|Psyshock|p2a: Walking Wake\n|-damage|p2a: Walking Wake|30/286\n|move|p2a: Walking Wake|Hydro Pump|p1a: Delphox\n|-supereffective|p1a: Delphox\n|-damage|p1a: Delphox|0 fnt\n|faint|p1a: Delphox\n|\n|upkeep\n|\n|t:|1718809730\n|switch|p1a: Zangoose|Zangoose, L86, M|266/266\n|-activate|p1a: Zangoose|move: Sticky Web\n|-unboost|p1a: Zangoose|spe|1\n|turn|15\n|\n|t:|1718809734\n|move|p2a: Walking Wake|Hydro Pump|p1a: Zangoose\n|-damage|p1a: Zangoose|31/266\n|move|p1a: Zangoose|Swords Dance|p1a: Zangoose\n|-boost|p1a: Zangoose|atk|2\n|\n|-status|p1a: Zangoose|tox|[from] item: Toxic Orb\n|upkeep\n|turn|16\n|-message|yuri supremacy forfeited.\n|\n|win|TechBuster\n|raw|yuri supremacy's rating: 2388 &rarr; <strong>2369</strong><br />(-19 for losing)\n|raw|TechBuster's rating: 2408 &rarr; <strong>2427</strong><br />(+19 for winning)\n|l|\u2606yuri supremacy\n|player|p1|\n", "inputlog": ">version 8819e60f9a01cede7471b534a2fb53a3a85674fc\n>start {\"formatid\":\"gen9randombattle\",\"seed\":[23365,15379,55606,55178],\"rated\":\"Rated battle\"}\n>player p1 {\"name\":\"yuri supremacy\",\"avatar\":\"marnie-masters\",\"rating\":2388,\"seed\":[7180,24561,9030,30093]}\n>player p2 {\"name\":\"TechBuster\",\"avatar\":\"cynthia\",\"rating\":2408,\"seed\":[15070,39729,51235,50356]}\n>p1 move focusblast\n>p2 switch 6\n>p1 switch 2\n>p2 move uturn\n>p2 switch 3\n>p1 move uturn\n>p2 move dracometeor\n>p1 switch 5\n>p1 move willowisp\n>p2 switch 2\n>p1 move willowisp\n>p2 move stickyweb\n>p1 move calmmind\n>p2 move knockoff\n>p1 move drainingkiss\n>p2 move pounce\n>p1 move drainingkiss\n>p2 move knockoff\n>p1 switch 5\n>p1 move bravebird\n>p2 move taunt\n>p2 switch 6\n>p1 move bravebird\n>p2 move firepunch\n>p1 switch 6\n>p1 move knockoff\n>p2 move zenheadbutt\n>p1 switch 2\n>p1 move focusblast\n>p2 switch 3\n>p1 move nastyplot\n>p2 move uturn\n>p2 switch 2\n>p1 move psyshock\n>p2 move hydropump\n>p1 switch 3\n>p1 move swordsdance\n>p2 move hydropump\n>forcelose p1", "uploadtime": 1718809742, "views": 177, "formatid": "gen9randombattle", "rating": 2369, "private": 0, "password": null}