{"id": "gen9randombattle-2206795858", "format": "[Gen 9] Random Battle", "players": ["RB 2TChimps", "RB2T paysa"], "log": "|badge|p1|silver|gen9randombattle|30-2\n|uhtml|medal-msg|<div class=\"broadcast-blue\">Curious what those medals under the avatar are? PS now has Ladder Seasons! For more information, check out the <a href=\"https://www.smogon.com/forums/threads/3740067/\">thread on Smogon.</a></div>\n|badge|p2|silver|gen9randombattle|30-2\n|uhtml|medal-msg|<div class=\"broadcast-blue\">Curious what those medals under the avatar are? PS now has Ladder Seasons! For more information, check out the <a href=\"https://www.smogon.com/forums/threads/3740067/\">thread on Smogon.</a></div>\n|j|\u2606RB 2TChimps\n|j|\u2606RB2T paysa\n|t:|1726955654\n|gametype|singles\n|player|p1|RB 2TChimps|ethan|2478\n|player|p2|RB2T paysa|viola-masters|2470\n|teamsize|p1|6\n|teamsize|p2|6\n|gen|9\n|tier|[Gen 9] Random Battle\n|rated|\n|rule|Species Clause: Limit one of each Pok\u00e9mon\n|rule|HP Percentage Mod: HP is shown in percentages\n|rule|Sleep Clause Mod: Limit one foe put to sleep\n|rule|Illusion Level Mod: Illusion disguises the Pok\u00e9mon's true level\n|\n|t:|1726955654\n|start\n|switch|p1a: Venusaur|Venusaur, L84, F|272/272\n|switch|p2a: Incineroar|Incineroar, L83, M|293/293\n|-ability|p2a: Incineroar|Intimidate|boost\n|-unboost|p1a: Venusaur|atk|1\n|turn|1\n|inactive|Battle timer is ON: inactive players will automatically lose when time's up. (requested by RB2T paysa)\n|j|+duck\n|\n|t:|1726955683\n|switch|p2a: Uxie|Uxie, L83|260/260\n|move|p1a: Venusaur|Sleep Powder|p2a: Uxie\n|-status|p2a: Uxie|slp|[from] move: Sleep Powder\n|\n|upkeep\n|turn|2\n|\n|t:|1726955693\n|switch|p2a: Iron Treads|Iron Treads, L77|265/265\n|switch|p1a: Gengar|Gengar, L81, F|230/230\n|\n|upkeep\n|turn|3\n|\n|t:|1726955705\n|-terastallize|p1a: Gengar|Fighting\n|move|p1a: Gengar|Focus Blast|p2a: Iron Treads|[miss]\n|-miss|p1a: Gengar|p2a: Iron Treads\n|move|p2a: Iron Treads|Earthquake|p1a: Gengar\n|-damage|p1a: Gengar|100/230\n|\n|upkeep\n|turn|4\n|\n|t:|1726955733\n|-end|p2a: Iron Treads|Quark Drive|[silent]\n|switch|p2a: Basculegion|Basculegion, L81, M|327/327\n|move|p1a: Gengar|Focus Blast|p2a: Basculegion\n|-immune|p2a: Basculegion\n|\n|upkeep\n|turn|5\n|\n|t:|1726955738\n|switch|p1a: Venusaur|Venusaur, L84, F|272/272\n|move|p2a: Basculegion|Flip Turn|p1a: Venusaur\n|-resisted|p1a: Venusaur\n|-crit|p1a: Venusaur\n|-damage|p1a: Venusaur|196/272\n|\n|t:|1726955753\n|switch|p2a: Incineroar|Incineroar, L83, M|293/293|[from] Flip Turn\n|-ability|p2a: Incineroar|Intimidate|boost\n|-unboost|p1a: Venusaur|atk|1\n|\n|-heal|p1a: Venusaur|213/272|[from] item: Leftovers\n|upkeep\n|turn|6\n|\n|t:|1726955760\n|switch|p1a: Pyroar|Pyroar, L88, M|295/295\n|-ability|p1a: Pyroar|Unnerve\n|move|p2a: Incineroar|Flare Blitz|p1a: Pyroar\n|-resisted|p1a: Pyroar\n|-damage|p1a: Pyroar|212/295\n|-damage|p2a: Incineroar|266/293|[from] Recoil\n|\n|upkeep\n|turn|7\n|\n|t:|1726955777\n|move|p1a: Pyroar|Work Up|p1a: Pyroar\n|-boost|p1a: Pyroar|atk|1\n|-boost|p1a: Pyroar|spa|1\n|move|p2a: Incineroar|Knock Off|p1a: Pyroar\n|-damage|p1a: Pyroar|79/295\n|-enditem|p1a: Pyroar|Heavy-Duty Boots|[from] move: Knock Off|[of] p2a: Incineroar\n|\n|upkeep\n|turn|8\n|\n|t:|1726955785\n|switch|p2a: Basculegion|Basculegion, L81, M|327/327\n|move|p1a: Pyroar|Dark Pulse|p2a: Basculegion\n|-supereffective|p2a: Basculegion\n|-damage|p2a: Basculegion|165/327\n|\n|upkeep\n|turn|9\n|\n|t:|1726955799\n|switch|p1a: Venusaur|Venusaur, L84, F|213/272\n|move|p2a: Basculegion|Flip Turn|p1a: Venusaur\n|-resisted|p1a: Venusaur\n|-damage|p1a: Venusaur|164/272\n|\n|t:|1726955804\n|switch|p2a: Incineroar|Incineroar, L83, M|266/293|[from] Flip Turn\n|-ability|p2a: Incineroar|Intimidate|boost\n|-unboost|p1a: Venusaur|atk|1\n|\n|-heal|p1a: Venusaur|181/272|[from] item: Leftovers\n|upkeep\n|turn|10\n|\n|t:|1726955812\n|move|p1a: Venusaur|Sludge Bomb|p2a: Incineroar\n|-damage|p2a: Incineroar|172/293\n|move|p2a: Incineroar|Knock Off|p1a: Venusaur\n|-damage|p1a: Venusaur|61/272\n|-enditem|p1a: Venusaur|Leftovers|[from] move: Knock Off|[of] p2a: Incineroar\n|\n|upkeep\n|turn|11\n|\n|t:|1726955816\n|move|p1a: Venusaur|Sludge Bomb|p2a: Incineroar\n|-damage|p2a: Incineroar|70/293\n|move|p2a: Incineroar|Knock Off|p1a: Venusaur\n|-damage|p1a: Venusaur|0 fnt\n|faint|p1a: Venusaur\n|\n|upkeep\n|\n|t:|1726955826\n|switch|p1a: Calyrex|Calyrex-Ice, L72|263/263\n|-ability|p1a: Calyrex|As One\n|-ability|p1a: Calyrex|Unnerve\n|turn|12\n|\n|t:|1726955849\n|move|p2a: Incineroar|Flare Blitz|p1a: Calyrex\n|-supereffective|p1a: Calyrex\n|-damage|p1a: Calyrex|45/263\n|-enditem|p1a: Calyrex|Weakness Policy\n|-boost|p1a: Calyrex|atk|2|[from] item: Weakness Policy\n|-boost|p1a: Calyrex|spa|2|[from] item: Weakness Policy\n|-damage|p2a: Incineroar|0 fnt|[from] Recoil\n|faint|p2a: Incineroar\n|move|p1a: Calyrex|Agility|p1a: Calyrex\n|-boost|p1a: Calyrex|spe|2\n|\n|upkeep\n|inactive|RB2T paysa has 120 seconds left.\n|\n|t:|1726955868\n|switch|p2a: Basculegion|Basculegion, L81, M|165/327\n|turn|13\n|\n|t:|1726955878\n|move|p2a: Basculegion|Aqua Jet|p1a: Calyrex\n|-damage|p1a: Calyrex|0 fnt\n|faint|p1a: Calyrex\n|\n|upkeep\n|\n|t:|1726955903\n|switch|p1a: Gengar|Gengar, L81, F, tera:Fighting|100/230\n|turn|14\n|\n|t:|1726955922\n|move|p2a: Basculegion|Aqua Jet|p1a: Gengar\n|-damage|p1a: Gengar|10/230\n|move|p1a: Gengar|Shadow Ball|p2a: Basculegion\n|-supereffective|p2a: Basculegion\n|-damage|p2a: Basculegion|0 fnt\n|faint|p2a: Basculegion\n|-damage|p1a: Gengar|0 fnt|[from] item: Life Orb\n|faint|p1a: Gengar\n|\n|upkeep\n|c|\u2606RB2T paysa|you were orb??\n|inactive|RB2T paysa has 120 seconds left.\n|c|\u2606RB 2TChimps|i switched cause av\n|\n|t:|1726955962\n|switch|p1a: Pyroar|Pyroar, L88, M|79/295\n|switch|p2a: Iron Treads|Iron Treads, L77|265/265\n|-ability|p1a: Pyroar|Unnerve\n|turn|15\n|\n|t:|1726955967\n|move|p1a: Pyroar|Fire Blast|p2a: Iron Treads\n|-supereffective|p2a: Iron Treads\n|-damage|p2a: Iron Treads|25/265\n|move|p2a: Iron Treads|Rapid Spin|p1a: Pyroar\n|-damage|p1a: Pyroar|44/295\n|-boost|p2a: Iron Treads|spe|1\n|\n|upkeep\n|turn|16\n|\n|t:|1726955981\n|move|p2a: Iron Treads|Knock Off|p1a: Pyroar\n|-damage|p1a: Pyroar|0 fnt\n|faint|p1a: Pyroar\n|\n|upkeep\n|\n|t:|1726955983\n|switch|p1a: Ditto|Ditto, L87|225/225\n|-transform|p1a: Ditto|p2a: Iron Treads|[from] ability: Imposter\n|turn|17\n|c|\u2606RB2T paysa|my calcs wrong, i thought only specs tera fighting killed treads\n|inactive|RB2T paysa has 120 seconds left.\n|\n|t:|1726956009\n|move|p1a: Ditto|Knock Off|p2a: Iron Treads\n|-damage|p2a: Iron Treads|0 fnt\n|-enditem|p2a: Iron Treads|Assault Vest|[from] move: Knock Off|[of] p1a: Ditto\n|faint|p2a: Iron Treads\n|-end|p2a: Iron Treads|Quark Drive|[silent]\n|\n|upkeep\n|\n|t:|1726956014\n|switch|p2a: Cinderace|Cinderace, L77, F|249/249\n|turn|18\n|\n|t:|1726956018\n|-end|p1a: Ditto|Quark Drive|[silent]\n|switch|p1a: Skeledirge|Skeledirge, L79, M|294/294\n|move|p2a: Cinderace|Pyro Ball|p1a: Skeledirge\n|-resisted|p1a: Skeledirge\n|-damage|p1a: Skeledirge|235/294\n|\n|upkeep\n|turn|19\n|inactive|RB2T paysa has 120 seconds left.\n|\n|t:|1726956035\n|switch|p2a: Iron Bundle|Iron Bundle, L77|213/213\n|move|p1a: Skeledirge|Torch Song|p2a: Iron Bundle\n|-damage|p2a: Iron Bundle|98/213\n|-boost|p1a: Skeledirge|spa|1\n|\n|-heal|p2a: Iron Bundle|111/213|[from] item: Leftovers\n|upkeep\n|turn|20\n|inactive|RB2T paysa has 120 seconds left.\n|inactive|RB 2TChimps has 120 seconds left.\n|\n|t:|1726956083\n|switch|p1a: Ditto|Ditto, L87|225/225\n|-transform|p1a: Ditto|p2a: Iron Bundle|[from] ability: Imposter\n|-terastallize|p2a: Iron Bundle|Water\n|move|p2a: Iron Bundle|Hydro Pump|p1a: Ditto|[miss]\n|-miss|p2a: Iron Bundle|p1a: Ditto\n|\n|-heal|p2a: Iron Bundle|124/213|[from] item: Leftovers\n|upkeep\n|turn|21\n|inactive|RB 2TChimps has 90 seconds left.\n|\n|t:|1726956123\n|-end|p2a: Iron Bundle|Quark Drive|[silent]\n|switch|p2a: Uxie|Uxie, L83|260/260 slp\n|move|p1a: Ditto|Hydro Pump|p2a: Uxie|[miss]\n|-miss|p1a: Ditto|p2a: Uxie\n|\n|upkeep\n|turn|22\n|\n|t:|1726956128\n|-end|p1a: Ditto|Quark Drive|[silent]\n|switch|p1a: Skeledirge|Skeledirge, L79, M|235/294\n|cant|p2a: Uxie|slp\n|\n|upkeep\n|turn|23\n|\n|t:|1726956138\n|-curestatus|p2a: Uxie|slp|[msg]\n|move|p2a: Uxie|Psychic Noise|p1a: Skeledirge\n|-damage|p1a: Skeledirge|162/294\n|-start|p1a: Skeledirge|move: Heal Block\n|move|p1a: Skeledirge|Hex|p2a: Uxie\n|-supereffective|p2a: Uxie\n|-damage|p2a: Uxie|158/260\n|\n|-heal|p2a: Uxie|174/260|[from] item: Leftovers\n|upkeep\n|turn|24\n|inactive|RB2T paysa has 120 seconds left.\n|\n|t:|1726956154\n|move|p2a: Uxie|Knock Off|p1a: Skeledirge\n|-supereffective|p1a: Skeledirge\n|-damage|p1a: Skeledirge|44/294\n|-enditem|p1a: Skeledirge|Heavy-Duty Boots|[from] move: Knock Off|[of] p2a: Uxie\n|move|p1a: Skeledirge|Hex|p2a: Uxie\n|-supereffective|p2a: Uxie\n|-damage|p2a: Uxie|72/260\n|\n|-heal|p2a: Uxie|88/260|[from] item: Leftovers\n|-end|p1a: Skeledirge|move: Heal Block\n|upkeep\n|turn|25\n|\n|t:|1726956162\n|switch|p1a: Ditto|Ditto, L87|225/225\n|-transform|p1a: Ditto|p2a: Uxie|[from] ability: Imposter\n|move|p2a: Uxie|Knock Off|p1a: Ditto\n|-supereffective|p1a: Ditto\n|-damage|p1a: Ditto|143/225\n|-enditem|p1a: Ditto|Choice Scarf|[from] move: Knock Off|[of] p2a: Uxie\n|\n|-heal|p2a: Uxie|104/260|[from] item: Leftovers\n|upkeep\n|turn|26\n|\n|t:|1726956172\n|switch|p2a: Cinderace|Cinderace, L77, F|249/249\n|move|p1a: Ditto|Knock Off|p2a: Cinderace\n|-damage|p2a: Cinderace|182/249\n|-enditem|p2a: Cinderace|Heavy-Duty Boots|[from] move: Knock Off|[of] p1a: Ditto\n|\n|upkeep\n|turn|27\n|c|\u2606RB2T paysa|gg\n|\n|t:|1726956182\n|switch|p1a: Skeledirge|Skeledirge, L79, M|44/294\n|move|p2a: Cinderace|Pyro Ball|p1a: Skeledirge\n|-resisted|p1a: Skeledirge\n|-damage|p1a: Skeledirge|0 fnt\n|faint|p1a: Skeledirge\n|\n|upkeep\n|\n|t:|1726956185\n|switch|p1a: Ditto|Ditto, L87|143/225\n|-transform|p1a: Ditto|p2a: Cinderace|[from] ability: Imposter\n|turn|28\n|\n|t:|1726956192\n|move|p2a: Cinderace|High Jump Kick|p1a: Ditto\n|-start|p2a: Cinderace|typechange|Fighting|[from] ability: Libero\n|-damage|p1a: Ditto|0 fnt\n|faint|p1a: Ditto\n|\n|win|RB2T paysa\n|raw|RB 2TChimps's rating: 2478 &rarr; <strong>2458</strong><br />(-20 for losing)\n|raw|RB2T paysa's rating: 2470 &rarr; <strong>2490</strong><br />(+20 for winning)\n|c|\u2606RB 2TChimps|gg\n", "inputlog": ">version ddf5848a381b6afa3b8db755b9bdef59b522c4eb\n>start {\"formatid\":\"gen9randombattle\",\"seed\":[31457,31167,20163,1310],\"rated\":\"Rated battle\"}\n>player p1 {\"name\":\"RB 2TChimps\",\"avatar\":\"ethan\",\"rating\":2478,\"seed\":[9370,58959,19119,49487]}\n>player p2 {\"name\":\"RB2T paysa\",\"avatar\":\"viola-masters\",\"rating\":2470,\"seed\":[51605,53110,58520,3925]}\n>p1 move sleeppowder\n>p2 switch 4\n>p1 switch 2\n>p2 switch 5\n>p1 move focusblast terastallize\n>p2 move earthquake\n>p1 move focusblast\n>p2 switch 3\n>p1 switch 2\n>p2 move flipturn\n>p2 switch 4\n>p1 switch 4\n>p2 move flareblitz\n>p1 move workup\n>p2 move knockoff\n>p1 move darkpulse\n>p2 switch 4\n>p1 switch 4\n>p2 move flipturn\n>p2 switch 4\n>p1 move sludgebomb\n>p2 move knockoff\n>p1 move sludgebomb\n>p2 move knockoff\n>p1 switch 6\n>p1 move agility\n>p2 move flareblitz\n>p2 switch 4\n>p1 move glaciallance\n>p2 move aquajet\n>p1 switch 2\n>p1 move shadowball\n>p2 move aquajet\n>chat \u2606RB2T paysa|you were orb??\n>chat \u2606RB 2TChimps|i switched cause av\n>p1 switch 4\n>p2 switch 3\n>p1 move fireblast\n>p2 move rapidspin\n>p1 move hypervoice\n>p2 move knockoff\n>p1 switch 5\n>chat \u2606RB2T paysa|my calcs wrong, i thought only specs tera fighting killed treads\n>p1 move knockoff\n>p2 move earthquake\n>p2 switch 2\n>p1 switch 3\n>p2 move pyroball\n>p1 move torchsong\n>p2 switch 6\n>p1 switch 3\n>p2 move hydropump terastallize\n>p1 move hydropump\n>p2 switch 5\n>p1 switch 3\n>p2 move psychicnoise\n>p1 move hex\n>p2 move psychicnoise\n>p1 move hex\n>p2 move knockoff\n>p1 switch 3\n>p2 move knockoff\n>p1 move knockoff\n>p2 switch 6\n>chat \u2606RB2T paysa|gg\n>p1 switch 3\n>p2 move pyroball\n>p1 switch 3\n>p1 move gunkshot\n>p2 move highjumpkick", "uploadtime": 1726956198, "views": 97, "formatid": "gen9randombattle", "rating": 2458, "private": 0, "password": null}