{"id": "gen9randombattle-2260638928", "format": "[Gen 9] Random Battle", "players": ["phatboigang", "Forfit or cry"], "log": "|j|\u2606phatboigang\n|j|\u2606Forfit or cry\n|t:|1733872398\n|gametype|singles\n|player|p1|phatboigang|boarder|1665\n|player|p2|Forfit or cry|170|1710\n|teamsize|p1|6\n|teamsize|p2|6\n|gen|9\n|tier|[Gen 9] Random Battle\n|rated|\n|rule|Species Clause: Limit one of each Pok\u00e9mon\n|rule|HP Percentage Mod: HP is shown in percentages\n|rule|Sleep Clause Mod: Limit one foe put to sleep\n|rule|Illusion Level Mod: Illusion disguises the Pok\u00e9mon's true level\n|\n|t:|1733872398\n|start\n|switch|p1a: Glimmora|Glimmora, L75, F|248/248\n|switch|p2a: Sudowoodo|Sudowoodo, L94, M|284/284\n|turn|1\n|inactive|Battle timer is ON: inactive players will automatically lose when time's up. (requested by phatboigang)\n|\n|t:|1733872422\n|move|p1a: Glimmora|Spikes|p2a: Sudowoodo\n|-sidestart|p2: Forfit or cry|Spikes\n|move|p2a: Sudowoodo|Head Smash|p1a: Glimmora\n|-damage|p1a: Glimmora|22/248\n|-activate|p1a: Glimmora|ability: Toxic Debris\n|-sidestart|p2: Forfit or cry|move: Toxic Spikes\n|\n|upkeep\n|turn|2\n|\n|t:|1733872432\n|move|p2a: Sudowoodo|Sucker Punch|p1a: Glimmora\n|-damage|p1a: Glimmora|0 fnt\n|-activate|p1a: Glimmora|ability: Toxic Debris\n|-sidestart|p2: Forfit or cry|move: Toxic Spikes\n|faint|p1a: Glimmora\n|\n|upkeep\n|\n|t:|1733872435\n|switch|p1a: Sandslash|Sandslash, L88, F|275/275\n|turn|3\n|\n|t:|1733872439\n|move|p1a: Sandslash|Swords Dance|p1a: Sandslash\n|-boost|p1a: Sandslash|atk|2\n|move|p2a: Sudowoodo|Wood Hammer|p1a: Sandslash\n|-supereffective|p1a: Sandslash\n|-damage|p1a: Sandslash|91/275\n|\n|-heal|p1a: Sandslash|108/275|[from] item: Leftovers\n|upkeep\n|turn|4\n|\n|t:|1733872451\n|-terastallize|p2a: Sudowoodo|Grass\n|move|p1a: Sandslash|Earthquake|p2a: Sudowoodo\n|-resisted|p2a: Sudowoodo\n|-damage|p2a: Sudowoodo|201/284\n|move|p2a: Sudowoodo|Wood Hammer|p1a: Sandslash\n|-supereffective|p1a: Sandslash\n|-damage|p1a: Sandslash|0 fnt\n|faint|p1a: Sandslash\n|\n|-heal|p2a: Sudowoodo|218/284|[from] item: Leftovers\n|upkeep\n|\n|t:|1733872457\n|switch|p1a: Tornadus|Tornadus-Therian, L79, M|254/254\n|turn|5\n|\n|t:|1733872469\n|move|p1a: Tornadus|Bleakwind Storm|p2a: Sudowoodo|[miss]\n|-miss|p1a: Tornadus|p2a: Sudowoodo\n|move|p2a: Sudowoodo|Head Smash|p1a: Tornadus|[miss]\n|-miss|p2a: Sudowoodo|p1a: Tornadus\n|\n|-heal|p2a: Sudowoodo|235/284|[from] item: Leftovers\n|upkeep\n|turn|6\n|\n|t:|1733872475\n|move|p1a: Tornadus|Bleakwind Storm|p2a: Sudowoodo\n|-supereffective|p2a: Sudowoodo\n|-damage|p2a: Sudowoodo|0 fnt\n|faint|p2a: Sudowoodo\n|\n|upkeep\n|\n|t:|1733872478\n|switch|p2a: Forretress|Forretress, L84, F|263/263\n|-damage|p2a: Forretress|231/263|[from] Spikes\n|turn|7\n|\n|t:|1733872481\n|move|p1a: Tornadus|Bleakwind Storm|p2a: Forretress\n|-damage|p2a: Forretress|32/263\n|move|p2a: Forretress|Rapid Spin|p1a: Tornadus\n|-damage|p1a: Tornadus|218/254\n|-boost|p2a: Forretress|spe|1\n|-sideend|p2: Forfit or cry|Spikes|[from] move: Rapid Spin|[of] p2a: Forretress\n|-sideend|p2: Forfit or cry|Toxic Spikes|[from] move: Rapid Spin|[of] p2a: Forretress\n|\n|-heal|p2a: Forretress|48/263|[from] item: Leftovers\n|upkeep\n|turn|8\n|\n|t:|1733872490\n|move|p1a: Tornadus|Bleakwind Storm|p2a: Forretress\n|-damage|p2a: Forretress|0 fnt\n|faint|p2a: Forretress\n|\n|upkeep\n|\n|t:|1733872493\n|switch|p2a: Chien-Pao|Chien-Pao, L72|234/234\n|-ability|p2a: Chien-Pao|Sword of Ruin\n|turn|9\n|\n|t:|1733872502\n|switch|p1a: Carbink|Carbink, L90|236/236\n|move|p2a: Chien-Pao|Icicle Crash|p1a: Carbink\n|-damage|p1a: Carbink|143/236\n|\n|-heal|p1a: Carbink|157/236|[from] item: Leftovers\n|upkeep\n|turn|10\n|\n|t:|1733872505\n|switch|p2a: Volbeat|Volbeat, L90, M|263/263\n|move|p1a: Carbink|Rock Polish|p1a: Carbink\n|-boost|p1a: Carbink|spe|2\n|\n|-heal|p1a: Carbink|171/236|[from] item: Leftovers\n|upkeep\n|turn|11\n|\n|t:|1733872511\n|switch|p1a: Regice|Regice, L88|284/284\n|move|p2a: Volbeat|Thunder Wave|p1a: Regice\n|-status|p1a: Regice|par\n|\n|upkeep\n|turn|12\n|\n|t:|1733872524\n|switch|p2a: Mabosstiff|Mabosstiff, L86, F|278/278\n|move|p1a: Regice|Ice Beam|p2a: Mabosstiff\n|-damage|p2a: Mabosstiff|152/278\n|-status|p2a: Mabosstiff|frz\n|\n|upkeep\n|turn|13\n|\n|t:|1733872531\n|cant|p2a: Mabosstiff|frz\n|cant|p1a: Regice|par\n|\n|upkeep\n|turn|14\n|\n|t:|1733872534\n|-curestatus|p2a: Mabosstiff|frz|[msg]\n|move|p2a: Mabosstiff|Crunch|p1a: Regice\n|-damage|p1a: Regice|140/284 par\n|move|p1a: Regice|Ice Beam|p2a: Mabosstiff\n|-damage|p2a: Mabosstiff|20/278\n|\n|upkeep\n|turn|15\n|\n|t:|1733872539\n|move|p2a: Mabosstiff|Crunch|p1a: Regice\n|-damage|p1a: Regice|0 fnt\n|faint|p1a: Regice\n|\n|upkeep\n|\n|t:|1733872542\n|switch|p1a: Quaquaval|Quaquaval, L79, M|264/264\n|turn|16\n|\n|t:|1733872545\n|move|p2a: Mabosstiff|Crunch|p1a: Quaquaval\n|-resisted|p1a: Quaquaval\n|-damage|p1a: Quaquaval|178/264\n|move|p1a: Quaquaval|Aqua Step|p2a: Mabosstiff\n|-damage|p2a: Mabosstiff|0 fnt\n|-boost|p1a: Quaquaval|spe|1\n|faint|p2a: Mabosstiff\n|-ability|p1a: Quaquaval|Moxie|boost\n|-boost|p1a: Quaquaval|atk|1\n|-damage|p1a: Quaquaval|152/264|[from] item: Life Orb\n|\n|upkeep\n|\n|t:|1733872558\n|switch|p2a: Great Tusk|Great Tusk, L77|304/304\n|turn|17\n|\n|t:|1733872571\n|move|p1a: Quaquaval|Aqua Step|p2a: Great Tusk\n|-supereffective|p2a: Great Tusk\n|-damage|p2a: Great Tusk|28/304\n|-boost|p1a: Quaquaval|spe|1\n|-damage|p1a: Quaquaval|126/264|[from] item: Life Orb\n|move|p2a: Great Tusk|Close Combat|p1a: Quaquaval\n|-damage|p1a: Quaquaval|0 fnt\n|-unboost|p2a: Great Tusk|def|1\n|-unboost|p2a: Great Tusk|spd|1\n|faint|p1a: Quaquaval\n|\n|-heal|p2a: Great Tusk|47/304|[from] item: Leftovers\n|upkeep\n|\n|t:|1733872577\n|switch|p1a: Tornadus|Tornadus-Therian, L79, M|254/254\n|turn|18\n|\n|t:|1733872581\n|move|p1a: Tornadus|Bleakwind Storm|p2a: Great Tusk\n|-supereffective|p2a: Great Tusk\n|-damage|p2a: Great Tusk|0 fnt\n|faint|p2a: Great Tusk\n|-end|p2a: Great Tusk|Protosynthesis|[silent]\n|\n|upkeep\n|\n|t:|1733872583\n|switch|p2a: Chien-Pao|Chien-Pao, L72|234/234\n|-ability|p2a: Chien-Pao|Sword of Ruin\n|turn|19\n|\n|t:|1733872590\n|switch|p1a: Carbink|Carbink, L90|171/236\n|move|p2a: Chien-Pao|Icicle Crash|p1a: Carbink\n|-damage|p1a: Carbink|68/236\n|\n|-heal|p1a: Carbink|82/236|[from] item: Leftovers\n|upkeep\n|turn|20\n|\n|t:|1733872595\n|move|p2a: Chien-Pao|Icicle Crash|p1a: Carbink\n|-damage|p1a: Carbink|0 fnt\n|faint|p1a: Carbink\n|\n|upkeep\n|\n|t:|1733872597\n|switch|p1a: Tornadus|Tornadus-Therian, L79, M|254/254\n|turn|21\n|\n|t:|1733872600\n|-terastallize|p1a: Tornadus|Fighting\n|move|p1a: Tornadus|Bleakwind Storm|p2a: Chien-Pao\n|-damage|p2a: Chien-Pao|27/234\n|-unboost|p2a: Chien-Pao|spe|1\n|move|p2a: Chien-Pao|Icicle Crash|p1a: Tornadus\n|-damage|p1a: Tornadus|76/254\n|\n|upkeep\n|turn|22\n|\n|t:|1733872616\n|switch|p2a: Volbeat|Volbeat, L90, M|263/263\n|move|p1a: Tornadus|Bleakwind Storm|p2a: Volbeat\n|-supereffective|p2a: Volbeat\n|-damage|p2a: Volbeat|0 fnt\n|faint|p2a: Volbeat\n|\n|upkeep\n|\n|t:|1733872620\n|switch|p2a: Chien-Pao|Chien-Pao, L72|27/234\n|-ability|p2a: Chien-Pao|Sword of Ruin\n|turn|23\n|\n|t:|1733872622\n|move|p2a: Chien-Pao|Ice Shard|p1a: Tornadus\n|-damage|p1a: Tornadus|0 fnt\n|faint|p1a: Tornadus\n|\n|win|Forfit or cry\n|raw|phatboigang's rating: 1665 &rarr; <strong>1648</strong><br />(-17 for losing)\n|raw|Forfit or cry's rating: 1710 &rarr; <strong>1727</strong><br />(+17 for winning)\n|l|\u2606phatboigang\n|player|p1|\n|c|\u2606Forfit or cry|Gg\n", "inputlog": ">version bfd83cad13791eb5a5a409923076391caf6fb4d4\n>start {\"formatid\":\"gen9randombattle\",\"seed\":[54522,35454,62780,53347],\"rated\":\"Rated battle\"}\n>player p1 {\"name\":\"phatboigang\",\"avatar\":\"boarder\",\"rating\":1665,\"seed\":[10803,109,43754,29409]}\n>player p2 {\"name\":\"Forfit or cry\",\"avatar\":\"170\",\"rating\":1710,\"seed\":[65320,10454,4938,5280]}\n>p1 move spikes\n>p2 move headsmash\n>p1 move earthpower\n>p2 move suckerpunch\n>p1 switch 5\n>p1 move swordsdance\n>p2 move woodhammer\n>p1 move earthquake\n>p2 move woodhammer terastallize\n>p1 switch 6\n>p1 move bleakwindstorm\n>p2 move headsmash\n>p1 move bleakwindstorm\n>p2 move headsmash\n>p2 switch 4\n>p1 move bleakwindstorm\n>p2 move rapidspin\n>p1 move bleakwindstorm\n>p2 move rapidspin\n>p2 switch 5\n>p1 switch 4\n>p2 move iciclecrash\n>p1 move rockpolish\n>p2 switch 2\n>p1 switch 2\n>p2 move thunderwave\n>p1 move icebeam\n>p2 switch 3\n>p1 move icebeam\n>p2 move crunch\n>p1 move icebeam\n>p2 move crunch\n>p1 move icebeam\n>p2 move crunch\n>p1 switch 3\n>p1 move aquastep\n>p2 move crunch\n>p2 switch 6\n>p1 move aquastep\n>p2 move closecombat\n>p1 switch 4\n>p1 move bleakwindstorm\n>p2 move stoneedge\n>p2 switch 2\n>p1 switch 2\n>p2 move iciclecrash\n>p1 move moonblast\n>p2 move iciclecrash\n>p1 switch 2\n>p1 move bleakwindstorm terastallize\n>p2 move iciclecrash\n>p1 move bleakwindstorm\n>p2 switch 3\n>p2 switch 3\n>p1 move bleakwindstorm\n>p2 move iceshard", "uploadtime": 1733872692, "views": 3, "formatid": "gen9randombattle", "rating": 1648, "private": 0, "password": null}