{"id": "gen9randombattle-2260661919", "format": "[Gen 9] Random Battle", "players": ["viceroy_vs", "missad2"], "log": "|j|\u2606viceroy_vs\n|j|\u2606missad2\n|t:|1733875275\n|gametype|singles\n|player|p1|viceroy_vs|clown|1211\n|player|p2|missad2|clerkf|1257\n|teamsize|p1|6\n|teamsize|p2|6\n|gen|9\n|tier|[Gen 9] Random Battle\n|rated|\n|rule|Species Clause: Limit one of each Pok\u00e9mon\n|rule|HP Percentage Mod: HP is shown in percentages\n|rule|Sleep Clause Mod: Limit one foe put to sleep\n|rule|Illusion Level Mod: Illusion disguises the Pok\u00e9mon's true level\n|\n|t:|1733875275\n|start\n|switch|p1a: Weezing|Weezing-Galar, L86, M|252/252\n|switch|p2a: Skeledirge|Skeledirge, L79, F|294/294\n|turn|1\n|inactive|Battle timer is ON: inactive players will automatically lose when time's up. (requested by missad2)\n|\n|t:|1733875306\n|move|p1a: Weezing|Gunk Shot|p2a: Skeledirge|[miss]\n|-miss|p1a: Weezing|p2a: Skeledirge\n|move|p2a: Skeledirge|Will-O-Wisp|p1a: Weezing\n|-status|p1a: Weezing|brn\n|\n|-damage|p1a: Weezing|237/252 brn|[from] brn\n|upkeep\n|turn|2\n|\n|t:|1733875330\n|switch|p2a: Persian|Persian, L92, M|269/269\n|move|p1a: Weezing|Strange Steam|p2a: Persian\n|-damage|p2a: Persian|166/269\n|\n|-heal|p1a: Weezing|252/252 brn|[from] item: Leftovers\n|-damage|p1a: Weezing|237/252 brn|[from] brn\n|upkeep\n|turn|3\n|\n|t:|1733875348\n|move|p2a: Persian|Fake Out|p1a: Weezing\n|-damage|p1a: Weezing|177/252 brn\n|cant|p1a: Weezing|flinch\n|\n|-heal|p1a: Weezing|192/252 brn|[from] item: Leftovers\n|-damage|p1a: Weezing|177/252 brn|[from] brn\n|upkeep\n|turn|4\n|\n|t:|1733875360\n|move|p2a: Persian|Knock Off|p1a: Weezing\n|-resisted|p1a: Weezing\n|-damage|p1a: Weezing|152/252 brn\n|-enditem|p1a: Weezing|Leftovers|[from] move: Knock Off|[of] p2a: Persian\n|move|p1a: Weezing|Will-O-Wisp|p2a: Persian|[miss]\n|-miss|p1a: Weezing|p2a: Persian\n|\n|-damage|p1a: Weezing|137/252 brn|[from] brn\n|upkeep\n|turn|5\n|\n|t:|1733875370\n|move|p2a: Persian|U-turn|p1a: Weezing\n|-resisted|p1a: Weezing\n|-damage|p1a: Weezing|128/252 brn\n|\n|t:|1733875373\n|switch|p2a: Skeledirge|Skeledirge, L79, F|294/294|[from] U-turn\n|move|p1a: Weezing|Will-O-Wisp|p2a: Skeledirge\n|-immune|p2a: Skeledirge\n|\n|-damage|p1a: Weezing|113/252 brn|[from] brn\n|upkeep\n|turn|6\n|inactive|missad2 has 120 seconds left.\n|\n|t:|1733875397\n|move|p1a: Weezing|Strange Steam|p2a: Skeledirge|[miss]\n|-miss|p1a: Weezing|p2a: Skeledirge\n|move|p2a: Skeledirge|Hex|p1a: Weezing\n|-damage|p1a: Weezing|0 fnt\n|faint|p1a: Weezing\n|\n|upkeep\n|\n|t:|1733875414\n|switch|p1a: Iron Valiant|Iron Valiant, L78|244/244\n|turn|7\n|\n|t:|1733875426\n|move|p1a: Iron Valiant|Swords Dance|p1a: Iron Valiant\n|-boost|p1a: Iron Valiant|atk|2\n|move|p2a: Skeledirge|Will-O-Wisp|p1a: Iron Valiant\n|-status|p1a: Iron Valiant|brn\n|\n|-damage|p1a: Iron Valiant|229/244 brn|[from] brn\n|upkeep\n|turn|8\n|inactive|missad2 has 120 seconds left.\n|\n|t:|1733875456\n|move|p1a: Iron Valiant|Knock Off|p2a: Skeledirge\n|-supereffective|p2a: Skeledirge\n|-damage|p2a: Skeledirge|191/294\n|-enditem|p2a: Skeledirge|Heavy-Duty Boots|[from] move: Knock Off|[of] p1a: Iron Valiant\n|-damage|p1a: Iron Valiant|205/244 brn|[from] item: Life Orb\n|move|p2a: Skeledirge|Torch Song|p1a: Iron Valiant\n|-damage|p1a: Iron Valiant|85/244 brn\n|-boost|p2a: Skeledirge|spa|1\n|\n|-damage|p1a: Iron Valiant|70/244 brn|[from] brn\n|upkeep\n|turn|9\n|\n|t:|1733875481\n|move|p1a: Iron Valiant|Knock Off|p2a: Skeledirge\n|-supereffective|p2a: Skeledirge\n|-damage|p2a: Skeledirge|130/294\n|-damage|p1a: Iron Valiant|46/244 brn|[from] item: Life Orb\n|move|p2a: Skeledirge|Torch Song|p1a: Iron Valiant\n|-damage|p1a: Iron Valiant|0 fnt\n|-boost|p2a: Skeledirge|spa|1\n|faint|p1a: Iron Valiant\n|-end|p1a: Iron Valiant|Quark Drive|[silent]\n|\n|upkeep\n|\n|t:|1733875492\n|switch|p1a: Revavroom|Revavroom, L79, M|256/256\n|turn|10\n|\n|t:|1733875498\n|move|p1a: Revavroom|High Horsepower|p2a: Skeledirge\n|-supereffective|p2a: Skeledirge\n|-damage|p2a: Skeledirge|0 fnt\n|faint|p2a: Skeledirge\n|-damage|p1a: Revavroom|231/256|[from] item: Life Orb\n|\n|upkeep\n|\n|t:|1733875504\n|switch|p2a: Persian|Persian, L92, M|166/269\n|turn|11\n|\n|t:|1733875526\n|switch|p1a: Forretress|Forretress, L84, M|263/263\n|move|p2a: Persian|Fake Out|p1a: Forretress\n|-resisted|p1a: Forretress\n|-damage|p1a: Forretress|239/263\n|\n|-heal|p1a: Forretress|255/263|[from] item: Leftovers\n|upkeep\n|turn|12\n|\n|t:|1733875540\n|move|p2a: Persian|Knock Off|p1a: Forretress\n|-damage|p1a: Forretress|206/263\n|-enditem|p1a: Forretress|Leftovers|[from] move: Knock Off|[of] p2a: Persian\n|move|p1a: Forretress|Stealth Rock|p2a: Persian\n|-sidestart|p2: missad2|move: Stealth Rock\n|\n|upkeep\n|turn|13\n|\n|t:|1733875551\n|move|p2a: Persian|U-turn|p1a: Forretress\n|-resisted|p1a: Forretress\n|-damage|p1a: Forretress|189/263\n|\n|t:|1733875561\n|switch|p2a: Chandelure|Chandelure, L83, F|235/235|[from] U-turn\n|move|p1a: Forretress|Toxic Spikes|p2a: Chandelure\n|-sidestart|p2: missad2|move: Toxic Spikes\n|\n|upkeep\n|turn|14\n|\n|t:|1733875571\n|switch|p1a: Torkoal|Torkoal, L88, M|266/266\n|-weather|SunnyDay|[from] ability: Drought|[of] p1a: Torkoal\n|move|p2a: Chandelure|Calm Mind|p2a: Chandelure\n|-boost|p2a: Chandelure|spa|1\n|-boost|p2a: Chandelure|spd|1\n|\n|-weather|SunnyDay|[upkeep]\n|upkeep\n|turn|15\n|\n|t:|1733875592\n|move|p2a: Chandelure|Shadow Ball|p1a: Torkoal\n|-damage|p1a: Torkoal|74/266\n|move|p1a: Torkoal|Yawn|p2a: Chandelure\n|-start|p2a: Chandelure|move: Yawn|[of] p1a: Torkoal\n|\n|-weather|SunnyDay|[upkeep]\n|upkeep\n|turn|16\n|inactive|missad2 has 120 seconds left.\n|\n|t:|1733875614\n|switch|p2a: Persian|Persian, L92, M|166/269\n|-damage|p2a: Persian|133/269|[from] Stealth Rock\n|-status|p2a: Persian|psn\n|switch|p1a: Cryogonal|Cryogonal, L89|287/287\n|\n|-weather|SunnyDay|[upkeep]\n|-damage|p2a: Persian|100/269 psn|[from] psn\n|upkeep\n|turn|17\n|inactive|missad2 has 120 seconds left.\n|\n|t:|1733875630\n|switch|p1a: Forretress|Forretress, L84, M|189/263\n|move|p2a: Persian|Fake Out|p1a: Forretress\n|-resisted|p1a: Forretress\n|-damage|p1a: Forretress|164/263\n|\n|-weather|SunnyDay|[upkeep]\n|-damage|p2a: Persian|67/269 psn|[from] psn\n|upkeep\n|turn|18\n|inactive|missad2 has 120 seconds left.\n|\n|t:|1733875640\n|move|p2a: Persian|U-turn|p1a: Forretress\n|-resisted|p1a: Forretress\n|-damage|p1a: Forretress|146/263\n|inactive|missad2 has 120 seconds left.\n|\n|t:|1733875645\n|switch|p2a: Chandelure|Chandelure, L83, F|235/235|[from] U-turn\n|move|p1a: Forretress|Volt Switch|p2a: Chandelure\n|-damage|p2a: Chandelure|198/235\n|\n|t:|1733875655\n|switch|p1a: Torkoal|Torkoal, L88, M|74/266|[from] Volt Switch\n|\n|-weather|none\n|upkeep\n|turn|19\n|\n|t:|1733875665\n|move|p2a: Chandelure|Shadow Ball|p1a: Torkoal\n|-damage|p1a: Torkoal|0 fnt\n|faint|p1a: Torkoal\n|\n|upkeep\n|\n|t:|1733875673\n|switch|p1a: Revavroom|Revavroom, L79, M|231/256\n|turn|20\n|\n|t:|1733875683\n|-terastallize|p1a: Revavroom|Ground\n|move|p1a: Revavroom|Shift Gear|p1a: Revavroom\n|-boost|p1a: Revavroom|spe|2\n|-boost|p1a: Revavroom|atk|1\n|move|p2a: Chandelure|Fire Blast|p1a: Revavroom\n|-damage|p1a: Revavroom|21/256\n|\n|upkeep\n|turn|21\n|\n|t:|1733875698\n|switch|p2a: Persian|Persian, L92, M|67/269 psn\n|-damage|p2a: Persian|34/269 psn|[from] Stealth Rock\n|move|p1a: Revavroom|High Horsepower|p2a: Persian\n|-damage|p2a: Persian|0 fnt\n|faint|p2a: Persian\n|-damage|p1a: Revavroom|0 fnt|[from] item: Life Orb\n|faint|p1a: Revavroom\n|\n|upkeep\n|\n|t:|1733875710\n|switch|p2a: Chandelure|Chandelure, L83, F|198/235\n|switch|p1a: Forretress|Forretress, L84, M|146/263\n|turn|22\n|\n|t:|1733875724\n|move|p2a: Chandelure|Calm Mind|p2a: Chandelure\n|-boost|p2a: Chandelure|spa|1\n|-boost|p2a: Chandelure|spd|1\n|move|p1a: Forretress|Volt Switch|p2a: Chandelure\n|-damage|p2a: Chandelure|174/235\n|\n|t:|1733875729\n|switch|p1a: Cryogonal|Cryogonal, L89|287/287|[from] Volt Switch\n|\n|upkeep\n|turn|23\n|\n|t:|1733875738\n|move|p1a: Cryogonal|Flash Cannon|p2a: Chandelure\n|-resisted|p2a: Chandelure\n|-damage|p2a: Chandelure|153/235\n|move|p2a: Chandelure|Fire Blast|p1a: Cryogonal\n|-supereffective|p1a: Cryogonal\n|-damage|p1a: Cryogonal|0 fnt\n|faint|p1a: Cryogonal\n|\n|upkeep\n|\n|t:|1733875745\n|switch|p1a: Forretress|Forretress, L84, M|146/263\n|turn|24\n|\n|t:|1733875749\n|move|p2a: Chandelure|Fire Blast|p1a: Forretress\n|-supereffective|p1a: Forretress\n|-damage|p1a: Forretress|0 fnt\n|faint|p1a: Forretress\n|\n|win|missad2\n|raw|viceroy_vs's rating: 1211 &rarr; <strong>1189</strong><br />(-22 for losing)\n|raw|missad2's rating: 1257 &rarr; <strong>1279</strong><br />(+22 for winning)\n", "inputlog": ">version bfd83cad13791eb5a5a409923076391caf6fb4d4\n>start {\"formatid\":\"gen9randombattle\",\"seed\":[30332,20452,3409,44857],\"rated\":\"Rated battle\"}\n>player p1 {\"name\":\"viceroy_vs\",\"avatar\":\"clown\",\"rating\":1211,\"seed\":[29339,29718,7741,3920]}\n>player p2 {\"name\":\"missad2\",\"avatar\":\"clerkf\",\"rating\":1257,\"seed\":[6188,55045,32271,61443]}\n>p1 move gunkshot\n>p2 move willowisp\n>p1 move strangesteam\n>p2 switch 5\n>p1 move willowisp\n>p2 move fakeout\n>p1 move willowisp\n>p2 move knockoff\n>p1 move willowisp\n>p2 move uturn\n>p2 switch 5\n>p1 move strangesteam\n>p2 move hex\n>p1 switch 2\n>p1 move swordsdance\n>p2 move willowisp\n>p1 move knockoff\n>p2 move torchsong\n>p1 move knockoff\n>p2 move torchsong\n>p1 switch 3\n>p1 move highhorsepower\n>p2 move slackoff\n>p2 switch 5\n>p1 switch 5\n>p2 move fakeout\n>p1 move stealthrock\n>p2 move knockoff\n>p1 move toxicspikes\n>p2 move uturn\n>p2 switch 2\n>p1 switch 6\n>p2 move calmmind\n>p1 move yawn\n>p2 move shadowball\n>p1 switch 4\n>p2 switch 2\n>p1 switch 6\n>p2 move fakeout\n>p1 move voltswitch\n>p2 move uturn\n>p2 switch 2\n>p1 switch 4\n>p1 move yawn\n>p2 move shadowball\n>p1 switch 5\n>p1 move shiftgear terastallize\n>p2 move fireblast\n>p1 move highhorsepower\n>p2 switch 2\n>p1 switch 4\n>p2 switch 2\n>p1 move voltswitch\n>p2 move calmmind\n>p1 switch 6\n>p1 move flashcannon\n>p2 move fireblast\n>p1 switch 6\n>p1 move ironhead\n>p2 move fireblast", "uploadtime": 1733875756, "views": 1, "formatid": "gen9randombattle", "rating": 1189, "private": 0, "password": null}