{"id": "gen9randombattle-2110929378", "format": "[Gen 9] Random Battle", "players": ["ugahb", "MichaelderBeste2"], "log": "|badge|p1|bronze|gen9randombattle|100-1\n|uhtml|medal-msg|<div class=\"broadcast-blue\">Curious what those medals under the avatar are? PS now has Ladder Seasons! For more information, check out the <a href=\"https://www.smogon.com/forums/threads/3740067/\">thread on Smogon.</a></div>\n|badge|p2|silver|gen9randombattle|30-1\n|uhtml|medal-msg|<div class=\"broadcast-blue\">Curious what those medals under the avatar are? PS now has Ladder Seasons! For more information, check out the <a href=\"https://www.smogon.com/forums/threads/3740067/\">thread on Smogon.</a></div>\n|j|\u2606ugahb\n|j|\u2606MichaelderBeste2\n|t:|1714005164\n|gametype|singles\n|player|p1|ugahb|265|2352\n|player|p2|MichaelderBeste2|#rbtt7teamdarkrai|2470\n|teamsize|p1|6\n|teamsize|p2|6\n|gen|9\n|tier|[Gen 9] Random Battle\n|rated|\n|rule|Species Clause: Limit one of each Pok\u00e9mon\n|rule|HP Percentage Mod: HP is shown in percentages\n|rule|Sleep Clause Mod: Limit one foe put to sleep\n|rule|Illusion Level Mod: Illusion disguises the Pok\u00e9mon's true level\n|\n|t:|1714005164\n|start\n|switch|p1a: Smeargle|Smeargle, L92, M|251/251\n|switch|p2a: Krookodile|Krookodile, L80, M|283/283\n|-ability|p2a: Krookodile|Intimidate|boost\n|-fail|p1a: Smeargle|unboost|Attack|[from] ability: Own Tempo|[of] p1a: Smeargle\n|turn|1\n|inactive|Battle timer is ON: inactive players will automatically lose when time's up. (requested by ugahb)\n|j| Delta 2777\n|\n|t:|1714005201\n|move|p2a: Krookodile|Knock Off|p1a: Smeargle\n|-damage|p1a: Smeargle|31/251\n|-enditem|p1a: Smeargle|Focus Sash|[from] move: Knock Off|[of] p2a: Krookodile\n|-damage|p2a: Krookodile|255/283|[from] item: Life Orb\n|move|p1a: Smeargle|Spore|p2a: Krookodile\n|-status|p2a: Krookodile|slp|[from] move: Spore\n|\n|upkeep\n|turn|2\n|j|+Aqua\n|\n|t:|1714005212\n|switch|p2a: Forretress|Forretress, L84, M|263/263\n|move|p1a: Smeargle|Sticky Web|p2a: Forretress\n|-sidestart|p2: MichaelderBeste2|move: Sticky Web\n|\n|upkeep\n|turn|3\n|\n|t:|1714005221\n|switch|p1a: Incineroar|Incineroar, L84, F|297/297\n|-ability|p1a: Incineroar|Intimidate|boost\n|-unboost|p2a: Forretress|atk|1\n|move|p2a: Forretress|Stealth Rock|p1a: Incineroar\n|-sidestart|p1: ugahb|move: Stealth Rock\n|\n|upkeep\n|turn|4\n|\n|t:|1714005226\n|switch|p2a: Politoed|Politoed, L88, M|302/302\n|-activate|p2a: Politoed|move: Sticky Web\n|-unboost|p2a: Politoed|spe|1\n|-weather|RainDance|[from] ability: Drizzle|[of] p2a: Politoed\n|move|p1a: Incineroar|Knock Off|p2a: Politoed\n|-damage|p2a: Politoed|181/302\n|-enditem|p2a: Politoed|Leftovers|[from] move: Knock Off|[of] p1a: Incineroar\n|\n|-weather|RainDance|[upkeep]\n|upkeep\n|turn|5\n|\n|t:|1714005245\n|switch|p1a: Smeargle|Smeargle, L92, M|31/251\n|-damage|p1a: Smeargle|0 fnt|[from] Stealth Rock\n|faint|p1a: Smeargle\n|move|p2a: Politoed|Hypnosis|p1: Smeargle|[notarget]\n|-fail|p2a: Politoed\n|\n|-weather|RainDance|[upkeep]\n|upkeep\n|\n|t:|1714005251\n|switch|p1a: Lilligant|Lilligant-Hisui, L80, F|243/243\n|-damage|p1a: Lilligant|228/243|[from] Stealth Rock\n|turn|6\n|inactive|ugahb has 120 seconds left.\n|\n|t:|1714005286\n|move|p1a: Lilligant|Leaf Blade|p2a: Politoed|[miss]\n|-miss|p1a: Lilligant|p2a: Politoed\n|move|p2a: Politoed|Ice Beam|p1a: Lilligant\n|-supereffective|p1a: Lilligant\n|-damage|p1a: Lilligant|80/243\n|\n|-weather|RainDance|[upkeep]\n|upkeep\n|turn|7\n|j| CutePokesOnly\n|\n|t:|1714005294\n|move|p1a: Lilligant|Leaf Blade|p2a: Politoed|[miss]\n|-miss|p1a: Lilligant|p2a: Politoed\n|move|p2a: Politoed|Ice Beam|p1a: Lilligant\n|-supereffective|p1a: Lilligant\n|-damage|p1a: Lilligant|0 fnt\n|faint|p1a: Lilligant\n|\n|-weather|RainDance|[upkeep]\n|upkeep\n|\n|t:|1714005299\n|switch|p1a: Comfey|Comfey, L85, M|225/225\n|-damage|p1a: Comfey|197/225|[from] Stealth Rock\n|turn|8\n|\n|t:|1714005304\n|move|p1a: Comfey|Calm Mind|p1a: Comfey\n|-boost|p1a: Comfey|spa|1\n|-boost|p1a: Comfey|spd|1\n|move|p2a: Politoed|Encore|p1a: Comfey\n|-start|p1a: Comfey|Encore\n|\n|-weather|none\n|-heal|p1a: Comfey|211/225|[from] item: Leftovers\n|upkeep\n|turn|9\n|j| gooby2\n|\n|t:|1714005314\n|switch|p2a: Arceus|Arceus-Ground, L70|284/284\n|-activate|p2a: Arceus|move: Sticky Web\n|-unboost|p2a: Arceus|spe|1\n|move|p1a: Comfey|Calm Mind|p1a: Comfey\n|-boost|p1a: Comfey|spa|1\n|-boost|p1a: Comfey|spd|1\n|\n|-heal|p1a: Comfey|225/225|[from] item: Leftovers\n|upkeep\n|turn|10\n|\n|t:|1714005317\n|move|p1a: Comfey|Calm Mind|p1a: Comfey\n|-boost|p1a: Comfey|spa|1\n|-boost|p1a: Comfey|spd|1\n|move|p2a: Arceus|Swords Dance|p2a: Arceus\n|-boost|p2a: Arceus|atk|2\n|\n|upkeep\n|turn|11\n|\n|t:|1714005319\n|move|p1a: Comfey|Calm Mind|p1a: Comfey\n|-boost|p1a: Comfey|spa|1\n|-boost|p1a: Comfey|spd|1\n|move|p2a: Arceus|Earthquake|p1a: Comfey\n|-damage|p1a: Comfey|0 fnt\n|faint|p1a: Comfey\n|\n|upkeep\n|\n|t:|1714005332\n|switch|p1a: Incineroar|Incineroar, L84, F|297/297\n|-damage|p1a: Incineroar|223/297|[from] Stealth Rock\n|-ability|p1a: Incineroar|Intimidate|boost\n|-unboost|p2a: Arceus|atk|1\n|turn|12\n|\n|t:|1714005340\n|move|p1a: Incineroar|U-turn|p2a: Arceus\n|-damage|p2a: Arceus|228/284\n|\n|t:|1714005342\n|switch|p1a: Dragonite|Dragonite, L74, M|257/257|[from] U-turn\n|move|p2a: Arceus|Earthquake|p1a: Dragonite\n|-immune|p1a: Dragonite\n|\n|upkeep\n|turn|13\n|j|+pokeblade\u2606101\n|\n|t:|1714005354\n|move|p1a: Dragonite|Dragon Dance|p1a: Dragonite\n|-boost|p1a: Dragonite|atk|1\n|-boost|p1a: Dragonite|spe|1\n|move|p2a: Arceus|Stone Edge|p1a: Dragonite\n|-supereffective|p1a: Dragonite\n|-damage|p1a: Dragonite|164/257\n|\n|upkeep\n|turn|14\n|\n|t:|1714005365\n|move|p1a: Dragonite|Outrage|p2a: Arceus\n|-damage|p2a: Arceus|45/284\n|move|p2a: Arceus|Stone Edge|p1a: Dragonite\n|-supereffective|p1a: Dragonite\n|-damage|p1a: Dragonite|0 fnt\n|faint|p1a: Dragonite\n|\n|upkeep\n|\n|t:|1714005368\n|switch|p1a: Incineroar|Incineroar, L84, F|223/297\n|-damage|p1a: Incineroar|149/297|[from] Stealth Rock\n|-ability|p1a: Incineroar|Intimidate|boost\n|-unboost|p2a: Arceus|atk|1\n|turn|15\n|\n|t:|1714005374\n|move|p2a: Arceus|Extreme Speed|p1a: Incineroar\n|-damage|p1a: Incineroar|103/297\n|move|p1a: Incineroar|Knock Off|p2a: Arceus\n|-damage|p2a: Arceus|0 fnt\n|faint|p2a: Arceus\n|\n|upkeep\n|\n|t:|1714005379\n|switch|p2a: Politoed|Politoed, L88, M|181/302\n|-activate|p2a: Politoed|move: Sticky Web\n|-unboost|p2a: Politoed|spe|1\n|-weather|RainDance|[from] ability: Drizzle|[of] p2a: Politoed\n|turn|16\n|\n|t:|1714005384\n|move|p1a: Incineroar|Knock Off|p2a: Politoed\n|-damage|p2a: Politoed|88/302\n|move|p2a: Politoed|Surf|p1a: Incineroar\n|-supereffective|p1a: Incineroar\n|-damage|p1a: Incineroar|0 fnt\n|faint|p1a: Incineroar\n|\n|-weather|RainDance|[upkeep]\n|upkeep\n|\n|t:|1714005386\n|switch|p1a: Diancie|Diancie, L82|216/216\n|-damage|p1a: Diancie|189/216|[from] Stealth Rock\n|turn|17\n|\n|t:|1714005390\n|move|p1a: Diancie|Diamond Storm|p2a: Politoed\n|-damage|p2a: Politoed|0 fnt\n|-boost|p1a: Diancie|def|2\n|faint|p2a: Politoed\n|\n|-weather|RainDance|[upkeep]\n|-heal|p1a: Diancie|202/216|[from] item: Leftovers\n|upkeep\n|\n|t:|1714005393\n|switch|p2a: Eternatus|Eternatus, L69|308/308\n|-activate|p2a: Eternatus|move: Sticky Web\n|-unboost|p2a: Eternatus|spe|1\n|-ability|p2a: Eternatus|Pressure\n|turn|18\n|\n|t:|1714005399\n|move|p2a: Eternatus|Sludge Bomb|p1a: Diancie\n|-damage|p1a: Diancie|138/216\n|-status|p1a: Diancie|psn\n|move|p1a: Diancie|Calm Mind|p1a: Diancie\n|-boost|p1a: Diancie|spa|1\n|-boost|p1a: Diancie|spd|1\n|\n|-weather|RainDance|[upkeep]\n|-heal|p1a: Diancie|151/216 psn|[from] item: Leftovers\n|-damage|p1a: Diancie|124/216 psn|[from] psn\n|upkeep\n|turn|19\n|\n|t:|1714005404\n|move|p2a: Eternatus|Sludge Bomb|p1a: Diancie\n|-damage|p1a: Diancie|85/216 psn\n|move|p1a: Diancie|Calm Mind|p1a: Diancie\n|-boost|p1a: Diancie|spa|1\n|-boost|p1a: Diancie|spd|1\n|\n|-weather|RainDance|[upkeep]\n|-heal|p1a: Diancie|98/216 psn|[from] item: Leftovers\n|-damage|p1a: Diancie|71/216 psn|[from] psn\n|upkeep\n|turn|20\n|\n|t:|1714005409\n|move|p2a: Eternatus|Sludge Bomb|p1a: Diancie\n|-damage|p1a: Diancie|41/216 psn\n|move|p1a: Diancie|Draining Kiss|p2a: Eternatus\n|-damage|p2a: Eternatus|182/308\n|-heal|p1a: Diancie|136/216 psn|[from] drain|[of] p2a: Eternatus\n|\n|-weather|none\n|-heal|p2a: Eternatus|201/308|[from] item: Leftovers\n|-heal|p1a: Diancie|149/216 psn|[from] item: Leftovers\n|-damage|p1a: Diancie|122/216 psn|[from] psn\n|upkeep\n|turn|21\n|\n|t:|1714005420\n|switch|p2a: Forretress|Forretress, L84, M|263/263\n|-activate|p2a: Forretress|move: Sticky Web\n|-unboost|p2a: Forretress|spe|1\n|move|p1a: Diancie|Draining Kiss|p2a: Forretress\n|-resisted|p2a: Forretress\n|-damage|p2a: Forretress|190/263\n|-heal|p1a: Diancie|177/216 psn|[from] drain|[of] p2a: Forretress\n|\n|-heal|p1a: Diancie|190/216 psn|[from] item: Leftovers\n|-heal|p2a: Forretress|206/263|[from] item: Leftovers\n|-damage|p1a: Diancie|163/216 psn|[from] psn\n|upkeep\n|turn|22\n|inactive|ugahb has 120 seconds left.\n|\n|t:|1714005451\n|-terastallize|p1a: Diancie|Fairy\n|move|p1a: Diancie|Draining Kiss|p2a: Forretress\n|-resisted|p2a: Forretress\n|-damage|p2a: Forretress|105/263\n|-heal|p1a: Diancie|216/216 psn|[from] drain|[of] p2a: Forretress\n|move|p2a: Forretress|Iron Head|p1a: Diancie\n|-supereffective|p1a: Diancie\n|-damage|p1a: Diancie|160/216 psn\n|\n|-heal|p1a: Diancie|173/216 psn|[from] item: Leftovers\n|-heal|p2a: Forretress|121/263|[from] item: Leftovers\n|-damage|p1a: Diancie|146/216 psn|[from] psn\n|upkeep\n|turn|23\n|\n|t:|1714005467\n|move|p1a: Diancie|Earth Power|p2a: Forretress\n|-damage|p2a: Forretress|0 fnt\n|faint|p2a: Forretress\n|\n|-heal|p1a: Diancie|159/216 psn|[from] item: Leftovers\n|-damage|p1a: Diancie|132/216 psn|[from] psn\n|upkeep\n|inactive|MichaelderBeste2 has 120 seconds left.\n|\n|t:|1714005505\n|switch|p2a: Regice|Regice, L88|284/284\n|turn|24\n|\n|t:|1714005511\n|move|p2a: Regice|Ice Beam|p1a: Diancie\n|-damage|p1a: Diancie|95/216 psn\n|move|p1a: Diancie|Draining Kiss|p2a: Regice\n|-damage|p2a: Regice|204/284\n|-heal|p1a: Diancie|155/216 psn|[from] drain|[of] p2a: Regice\n|\n|-heal|p1a: Diancie|168/216 psn|[from] item: Leftovers\n|-damage|p1a: Diancie|141/216 psn|[from] psn\n|upkeep\n|turn|25\n|inactive|MichaelderBeste2 has 120 seconds left.\n|\n|t:|1714005523\n|move|p2a: Regice|Ice Beam|p1a: Diancie\n|-damage|p1a: Diancie|102/216 psn\n|move|p1a: Diancie|Draining Kiss|p2a: Regice\n|-damage|p2a: Regice|118/284\n|-heal|p1a: Diancie|167/216 psn|[from] drain|[of] p2a: Regice\n|\n|-heal|p1a: Diancie|180/216 psn|[from] item: Leftovers\n|-damage|p1a: Diancie|153/216 psn|[from] psn\n|upkeep\n|turn|26\n|\n|t:|1714005527\n|move|p2a: Regice|Ice Beam|p1a: Diancie\n|-damage|p1a: Diancie|120/216 psn\n|move|p1a: Diancie|Draining Kiss|p2a: Regice\n|-damage|p2a: Regice|38/284\n|-heal|p1a: Diancie|180/216 psn|[from] drain|[of] p2a: Regice\n|\n|-heal|p1a: Diancie|193/216 psn|[from] item: Leftovers\n|-damage|p1a: Diancie|166/216 psn|[from] psn\n|upkeep\n|turn|27\n|\n|t:|1714005529\n|move|p2a: Regice|Rest|p2a: Regice\n|-status|p2a: Regice|slp|[from] move: Rest\n|-heal|p2a: Regice|284/284 slp|[silent]\n|move|p1a: Diancie|Draining Kiss|p2a: Regice\n|-crit|p2a: Regice\n|-damage|p2a: Regice|168/284 slp\n|-heal|p1a: Diancie|216/216 psn|[from] drain|[of] p2a: Regice\n|\n|-damage|p1a: Diancie|189/216 psn|[from] psn\n|upkeep\n|turn|28\n|\n|t:|1714005532\n|cant|p2a: Regice|slp\n|move|p2a: Regice|Sleep Talk|p2a: Regice\n|move|p2a: Regice|Rest||[from]move: Sleep Talk|[still]\n|-fail|p2a: Regice\n|move|p1a: Diancie|Calm Mind|p1a: Diancie\n|-boost|p1a: Diancie|spa|1\n|-boost|p1a: Diancie|spd|1\n|\n|-heal|p1a: Diancie|202/216 psn|[from] item: Leftovers\n|-damage|p1a: Diancie|175/216 psn|[from] psn\n|upkeep\n|turn|29\n|\n|t:|1714005537\n|cant|p2a: Regice|slp\n|move|p2a: Regice|Sleep Talk|p2a: Regice\n|move|p2a: Regice|Rest||[from]move: Sleep Talk|[still]\n|-fail|p2a: Regice\n|move|p1a: Diancie|Draining Kiss|p2a: Regice\n|-damage|p2a: Regice|72/284 slp\n|-heal|p1a: Diancie|216/216 psn|[from] drain|[of] p2a: Regice\n|\n|-damage|p1a: Diancie|189/216 psn|[from] psn\n|upkeep\n|turn|30\n|\n|t:|1714005540\n|-curestatus|p2a: Regice|slp|[msg]\n|move|p2a: Regice|Rest|p2a: Regice\n|-status|p2a: Regice|slp|[from] move: Rest\n|-heal|p2a: Regice|284/284 slp|[silent]\n|move|p1a: Diancie|Diamond Storm|p2a: Regice\n|-supereffective|p2a: Regice\n|-damage|p2a: Regice|114/284 slp\n|-boost|p1a: Diancie|def|2\n|\n|-heal|p1a: Diancie|202/216 psn|[from] item: Leftovers\n|-damage|p1a: Diancie|175/216 psn|[from] psn\n|upkeep\n|turn|31\n|\n|t:|1714005545\n|cant|p2a: Regice|slp\n|move|p2a: Regice|Sleep Talk|p2a: Regice\n|move|p2a: Regice|Ice Beam|p1a: Diancie|[from]move: Sleep Talk\n|-damage|p1a: Diancie|145/216 psn\n|move|p1a: Diancie|Draining Kiss|p2a: Regice\n|-damage|p2a: Regice|10/284 slp\n|-heal|p1a: Diancie|216/216 psn|[from] drain|[of] p2a: Regice\n|\n|-damage|p1a: Diancie|189/216 psn|[from] psn\n|upkeep\n|turn|32\n|\n|t:|1714005549\n|cant|p2a: Regice|slp\n|move|p2a: Regice|Sleep Talk|p2a: Regice\n|move|p2a: Regice|Ice Beam|p1a: Diancie|[from]move: Sleep Talk\n|-damage|p1a: Diancie|161/216 psn\n|move|p1a: Diancie|Draining Kiss|p2a: Regice\n|-damage|p2a: Regice|0 fnt\n|-heal|p1a: Diancie|169/216 psn|[from] drain|[of] p2a: Regice\n|faint|p2a: Regice\n|\n|-heal|p1a: Diancie|182/216 psn|[from] item: Leftovers\n|-damage|p1a: Diancie|155/216 psn|[from] psn\n|upkeep\n|inactive|MichaelderBeste2 has 120 seconds left.\n|\n|t:|1714005581\n|switch|p2a: Eternatus|Eternatus, L69|201/308\n|-activate|p2a: Eternatus|move: Sticky Web\n|-unboost|p2a: Eternatus|spe|1\n|-ability|p2a: Eternatus|Pressure\n|turn|33\n|\n|t:|1714005584\n|-terastallize|p2a: Eternatus|Fire\n|move|p2a: Eternatus|Sludge Bomb|p1a: Diancie\n|-supereffective|p1a: Diancie\n|-damage|p1a: Diancie|107/216 psn\n|move|p1a: Diancie|Draining Kiss|p2a: Eternatus\n|-resisted|p2a: Eternatus\n|-damage|p2a: Eternatus|78/308\n|-heal|p1a: Diancie|199/216 psn|[from] drain|[of] p2a: Eternatus\n|\n|-heal|p2a: Eternatus|97/308|[from] item: Leftovers\n|-heal|p1a: Diancie|212/216 psn|[from] item: Leftovers\n|-damage|p1a: Diancie|185/216 psn|[from] psn\n|upkeep\n|turn|34\n|\n|t:|1714005593\n|move|p2a: Eternatus|Sludge Bomb|p1a: Diancie\n|-supereffective|p1a: Diancie\n|-damage|p1a: Diancie|129/216 psn\n|move|p1a: Diancie|Earth Power|p2a: Eternatus\n|-supereffective|p2a: Eternatus\n|-damage|p2a: Eternatus|0 fnt\n|faint|p2a: Eternatus\n|\n|-heal|p1a: Diancie|142/216 psn|[from] item: Leftovers\n|-damage|p1a: Diancie|115/216 psn|[from] psn\n|upkeep\n|-message|MichaelderBeste2 forfeited.\n|\n|win|ugahb\n|raw|ugahb's rating: 2352 &rarr; <strong>2379</strong><br />(+27 for winning)\n|raw|MichaelderBeste2's rating: 2470 &rarr; <strong>2443</strong><br />(-27 for losing)\n|l|\u2606MichaelderBeste2\n|player|p2|\n|l|\u2606ugahb\n|player|p1|\n|j|\u2606MichaelderBeste2\n|player|p2|MichaelderBeste2|#rbtt7teamdarkrai|\n|l| CutePokesOnly\n|l| Delta 2777\n", "inputlog": ">version 56c3b69fcd3b113ffc796eb8c36c032ea017d75b\n>start {\"formatid\":\"gen9randombattle\",\"seed\":[419,64618,39630,22694],\"rated\":\"Rated battle\"}\n>player p1 {\"name\":\"ugahb\",\"avatar\":\"265\",\"rating\":2352,\"seed\":[44367,19490,47504,16148]}\n>player p2 {\"name\":\"MichaelderBeste2\",\"avatar\":\"#rbtt7teamdarkrai\",\"rating\":2470,\"seed\":[41933,42578,64529,21829]}\n>p1 move spore\n>p2 move knockoff\n>p1 move stickyweb\n>p2 switch 6\n>p1 switch 5\n>p2 move stealthrock\n>p1 move knockoff\n>p2 switch 4\n>p1 switch 5\n>p2 move hypnosis\n>p1 switch 4\n>p1 move leafblade\n>p2 move icebeam\n>p1 move leafblade\n>p2 move icebeam\n>p1 switch 3\n>p1 move calmmind\n>p2 move encore\n>p1 move calmmind\n>p2 switch 2\n>p1 move calmmind\n>p2 move swordsdance\n>p1 move calmmind\n>p2 move earthquake\n>p1 switch 5\n>p1 move uturn\n>p2 move earthquake\n>p1 switch 2\n>p1 move dragondance\n>p2 move stoneedge\n>p1 move outrage\n>p2 move stoneedge\n>p1 switch 2\n>p1 move knockoff\n>p2 move extremespeed\n>p2 switch 2\n>p1 move knockoff\n>p2 move surf\n>p1 switch 6\n>p1 move diamondstorm\n>p2 move surf\n>p2 switch 3\n>p1 move calmmind\n>p2 move sludgebomb\n>p1 move calmmind\n>p2 move sludgebomb\n>p1 move drainingkiss\n>p2 move sludgebomb\n>p1 move drainingkiss\n>p2 switch 4\n>p1 move drainingkiss terastallize\n>p2 move ironhead\n>p1 move earthpower\n>p2 move ironhead\n>p2 switch 5\n>p1 move drainingkiss\n>p2 move icebeam\n>p1 move drainingkiss\n>p2 move icebeam\n>p1 move drainingkiss\n>p2 move icebeam\n>p1 move drainingkiss\n>p2 move rest\n>p1 move calmmind\n>p2 move sleeptalk\n>p1 move drainingkiss\n>p2 move sleeptalk\n>p1 move diamondstorm\n>p2 move rest\n>p1 move drainingkiss\n>p2 move sleeptalk\n>p1 move drainingkiss\n>p2 move sleeptalk\n>p2 switch 4\n>p1 move drainingkiss\n>p2 move sludgebomb terastallize\n>p1 move earthpower\n>p2 move sludgebomb\n>forcelose p2", "uploadtime": 1714005599, "views": 254, "formatid": "gen9randombattle", "rating": 2379, "private": 0, "password": null}