{"id": "gen9randombattle-2260839163", "format": "[Gen 9] Random Battle", "players": ["creepper", "Jenwkwiwkw"], "log": "|j|\u2606creepper\n|j|\u2606Jenwkwiwkw\n|t:|1733901756\n|gametype|singles\n|player|p1|creepper|koga|1040\n|player|p2|Jenwkwiwkw|2|1000\n|teamsize|p1|6\n|teamsize|p2|6\n|gen|9\n|tier|[Gen 9] Random Battle\n|rated|\n|rule|Species Clause: Limit one of each Pok\u00e9mon\n|rule|HP Percentage Mod: HP is shown in percentages\n|rule|Sleep Clause Mod: Limit one foe put to sleep\n|rule|Illusion Level Mod: Illusion disguises the Pok\u00e9mon's true level\n|\n|t:|1733901756\n|start\n|switch|p1a: Florges|Florges, L85, F|271/271\n|switch|p2a: Iron Crown|Iron Crown, L78|268/268\n|turn|1\n|inactive|Battle timer is ON: inactive players will automatically lose when time's up. (requested by creepper)\n|\n|t:|1733901778\n|switch|p1a: Mismagius|Mismagius, L86, M|243/243\n|move|p2a: Iron Crown|Tachyon Cutter|p1a: Mismagius\n|-damage|p1a: Mismagius|177/243\n|-damage|p1a: Mismagius|102/243\n|-hitcount|p1a: Mismagius|2\n|\n|-heal|p1a: Mismagius|117/243|[from] item: Leftovers\n|upkeep\n|turn|2\n|\n|t:|1733901788\n|-end|p2a: Iron Crown|Quark Drive|[silent]\n|switch|p2a: Gliscor|Gliscor, L76, M|239/239\n|move|p1a: Mismagius|Shadow Ball|p2a: Gliscor\n|-damage|p2a: Gliscor|130/239\n|\n|-heal|p1a: Mismagius|132/243|[from] item: Leftovers\n|-status|p2a: Gliscor|tox|[from] item: Toxic Orb\n|upkeep\n|turn|3\n|\n|t:|1733901798\n|switch|p2a: Bellibolt|Bellibolt, L84, M|320/320\n|move|p1a: Mismagius|Shadow Ball|p2a: Bellibolt\n|-damage|p2a: Bellibolt|223/320\n|-start|p2a: Bellibolt|Charge|Shadow Ball|[from] ability: Electromorphosis\n|\n|-heal|p1a: Mismagius|147/243|[from] item: Leftovers\n|-heal|p2a: Bellibolt|243/320|[from] item: Leftovers\n|upkeep\n|turn|4\n|\n|t:|1733901804\n|move|p1a: Mismagius|Substitute|p1a: Mismagius\n|-start|p1a: Mismagius|Substitute\n|-damage|p1a: Mismagius|87/243\n|move|p2a: Bellibolt|Thunderbolt|p1a: Mismagius\n|-end|p1a: Mismagius|Substitute\n|-end|p2a: Bellibolt|Charge|[silent]\n|\n|-heal|p1a: Mismagius|102/243|[from] item: Leftovers\n|-heal|p2a: Bellibolt|263/320|[from] item: Leftovers\n|upkeep\n|turn|5\n|\n|t:|1733901819\n|move|p1a: Mismagius|Shadow Ball|p2a: Bellibolt\n|-damage|p2a: Bellibolt|170/320\n|-start|p2a: Bellibolt|Charge|Shadow Ball|[from] ability: Electromorphosis\n|move|p2a: Bellibolt|Thunderbolt|p1a: Mismagius\n|-damage|p1a: Mismagius|0 fnt\n|faint|p1a: Mismagius\n|-end|p2a: Bellibolt|Charge|[silent]\n|\n|-heal|p2a: Bellibolt|190/320|[from] item: Leftovers\n|upkeep\n|\n|t:|1733901828\n|switch|p1a: Umbreon|Umbreon, L84, M|297/297\n|turn|6\n|\n|t:|1733901846\n|switch|p2a: Gliscor|Gliscor, L76, M|130/239 tox\n|move|p1a: Umbreon|Foul Play|p2a: Gliscor\n|-damage|p2a: Gliscor|55/239 tox\n|\n|-heal|p2a: Gliscor|84/239 tox|[from] ability: Poison Heal\n|upkeep\n|turn|7\n|\n|t:|1733901856\n|switch|p1a: Kyogre|Kyogre, L71|259/259\n|-weather|RainDance|[from] ability: Drizzle|[of] p1a: Kyogre\n|move|p2a: Gliscor|Protect||[still]\n|-fail|p2a: Gliscor\n|\n|-weather|RainDance|[upkeep]\n|-heal|p2a: Gliscor|113/239 tox|[from] ability: Poison Heal\n|upkeep\n|turn|8\n|\n|t:|1733901881\n|switch|p2a: Bellibolt|Bellibolt, L84, M|190/320\n|move|p1a: Kyogre|Water Spout|p2a: Bellibolt\n|-damage|p2a: Bellibolt|0 fnt\n|faint|p2a: Bellibolt\n|\n|-weather|RainDance|[upkeep]\n|upkeep\n|\n|t:|1733901889\n|switch|p2a: Iron Crown|Iron Crown, L78|268/268\n|turn|9\n|\n|t:|1733901895\n|switch|p1a: Florges|Florges, L85, F|271/271\n|move|p2a: Iron Crown|Volt Switch|p1a: Florges\n|-damage|p1a: Florges|223/271\n|inactive|Jenwkwiwkw has 120 seconds left.\n|\n|t:|1733901915\n|-end|p2a: Iron Crown|Quark Drive|[silent]\n|switch|p2a: Gliscor|Gliscor, L76, M|113/239 tox|[from] Volt Switch\n|\n|-weather|RainDance|[upkeep]\n|-heal|p1a: Florges|239/271|[from] item: Leftovers\n|-heal|p2a: Gliscor|142/239 tox|[from] ability: Poison Heal\n|upkeep\n|turn|10\n|\n|t:|1733901923\n|move|p2a: Gliscor|Toxic|p1a: Florges\n|-status|p1a: Florges|tox\n|move|p1a: Florges|Moonblast|p2a: Gliscor\n|-damage|p2a: Gliscor|0 fnt\n|faint|p2a: Gliscor\n|\n|-weather|RainDance|[upkeep]\n|-heal|p1a: Florges|255/271 tox|[from] item: Leftovers\n|-damage|p1a: Florges|239/271 tox|[from] psn\n|upkeep\n|inactive|Jenwkwiwkw has 120 seconds left.\n|\n|t:|1733901946\n|switch|p2a: Iron Crown|Iron Crown, L78|268/268\n|turn|11\n|\n|t:|1733901951\n|switch|p1a: Necrozma|Necrozma-Dusk-Mane, L69|248/248\n|move|p2a: Iron Crown|Tachyon Cutter|p1a: Necrozma\n|-resisted|p1a: Necrozma\n|-damage|p1a: Necrozma|207/248\n|-resisted|p1a: Necrozma\n|-damage|p1a: Necrozma|162/248\n|-hitcount|p1a: Necrozma|2\n|\n|-weather|none\n|upkeep\n|turn|12\n|inactive|Jenwkwiwkw has 120 seconds left.\n|\n|t:|1733901976\n|-end|p2a: Iron Crown|Quark Drive|[silent]\n|switch|p2a: Registeel|Registeel, L81|262/262\n|move|p1a: Necrozma|Morning Sun|p1a: Necrozma\n|-heal|p1a: Necrozma|248/248\n|\n|upkeep\n|turn|13\n|\n|t:|1733901980\n|move|p1a: Necrozma|Dragon Dance|p1a: Necrozma\n|-boost|p1a: Necrozma|atk|1\n|-boost|p1a: Necrozma|spe|1\n|move|p2a: Registeel|Iron Defense|p2a: Registeel\n|-boost|p2a: Registeel|def|2\n|\n|upkeep\n|turn|14\n|\n|t:|1733901990\n|switch|p1a: Drifblim|Drifblim, L86, F|398/398\n|move|p2a: Registeel|Body Press|p1a: Drifblim\n|-immune|p1a: Drifblim\n|\n|upkeep\n|turn|15\n|\n|t:|1733902004\n|switch|p2a: Deoxys|Deoxys-Defense, L84|221/221\n|-ability|p2a: Deoxys|Pressure\n|move|p1a: Drifblim|Shadow Ball|p2a: Deoxys\n|-supereffective|p2a: Deoxys\n|-damage|p2a: Deoxys|105/221\n|-unboost|p2a: Deoxys|spd|1\n|\n|-heal|p2a: Deoxys|118/221|[from] item: Leftovers\n|upkeep\n|turn|16\n|-message|Jenwkwiwkw forfeited.\n|\n|win|creepper\n|raw|creepper's rating: 1040 &rarr; <strong>1070</strong><br />(+30 for winning)\n|raw|Jenwkwiwkw's rating: 1000 &rarr; <strong>1000</strong><br />(+0 for losing)\n|l|\u2606Jenwkwiwkw\n|player|p2|\n", "inputlog": ">version bfd83cad13791eb5a5a409923076391caf6fb4d4\n>start {\"formatid\":\"gen9randombattle\",\"seed\":[53879,47782,57327,20401],\"rated\":\"Rated battle\"}\n>player p1 {\"name\":\"creepper\",\"avatar\":\"koga\",\"rating\":1040,\"seed\":[6745,51666,53860,5663]}\n>player p2 {\"name\":\"Jenwkwiwkw\",\"avatar\":\"2\",\"rating\":1000,\"seed\":[60085,15465,31234,11843]}\n>p1 switch 4\n>p2 move tachyoncutter\n>p1 move shadowball\n>p2 switch 6\n>p1 move shadowball\n>p2 switch 5\n>p1 move substitute\n>p2 move thunderbolt\n>p1 move shadowball\n>p2 move thunderbolt\n>p1 switch 5\n>p1 move foulplay\n>p2 switch 5\n>p1 switch 6\n>p2 move protect\n>p1 move waterspout\n>p2 switch 5\n>p2 switch 6\n>p1 switch 4\n>p2 move voltswitch\n>p2 switch 5\n>p1 move moonblast\n>p2 move toxic\n>p2 switch 5\n>p1 switch 2\n>p2 move tachyoncutter\n>p1 move morningsun\n>p2 switch 4\n>p1 move dragondance\n>p2 move irondefense\n>p1 switch 3\n>p2 move bodypress\n>p1 move shadowball\n>p2 switch 3\n>forcelose p2", "uploadtime": 1733902017, "views": 2, "formatid": "gen9randombattle", "rating": 1000, "private": 0, "password": null}