{"id": "gen9randombattle-2260796817", "format": "[Gen 9] Random Battle", "players": ["Jdjdiei", "dejsejjde"], "log": "|j|\u2606Jdjdiei\n|j|\u2606dejsejjde\n|t:|1733893635\n|gametype|singles\n|player|p1|Jdjdiei|1|1079\n|player|p2|dejsejjde|1|1070\n|teamsize|p1|6\n|teamsize|p2|6\n|gen|9\n|tier|[Gen 9] Random Battle\n|rated|\n|rule|Species Clause: Limit one of each Pok\u00e9mon\n|rule|HP Percentage Mod: HP is shown in percentages\n|rule|Sleep Clause Mod: Limit one foe put to sleep\n|rule|Illusion Level Mod: Illusion disguises the Pok\u00e9mon's true level\n|\n|t:|1733893635\n|start\n|switch|p1a: Noctowl|Noctowl, L95, M|344/344\n|switch|p2a: Tornadus|Tornadus-Therian, L79, M|254/254\n|turn|1\n|\n|t:|1733893646\n|move|p2a: Tornadus|Knock Off|p1a: Noctowl\n|-damage|p1a: Noctowl|264/344\n|-enditem|p1a: Noctowl|Heavy-Duty Boots|[from] move: Knock Off|[of] p2a: Tornadus\n|move|p1a: Noctowl|Nasty Plot|p1a: Noctowl\n|-boost|p1a: Noctowl|spa|2\n|\n|upkeep\n|turn|2\n|\n|t:|1733893655\n|move|p2a: Tornadus|Bleakwind Storm|p1a: Noctowl\n|-damage|p1a: Noctowl|177/344\n|-unboost|p1a: Noctowl|spe|1\n|move|p1a: Noctowl|Hyper Voice|p2a: Tornadus\n|-damage|p2a: Tornadus|91/254\n|\n|upkeep\n|turn|3\n|\n|t:|1733893663\n|move|p2a: Tornadus|U-turn|p1a: Noctowl\n|-resisted|p1a: Noctowl\n|-damage|p1a: Noctowl|149/344\n|\n|t:|1733893665\n|switch|p2a: Goodra|Goodra-Hisui, L82, M|265/265|[from] U-turn\n|move|p1a: Noctowl|Roost|p1a: Noctowl\n|-heal|p1a: Noctowl|321/344\n|-singleturn|p1a: Noctowl|move: Roost\n|\n|upkeep\n|turn|4\n|\n|t:|1733893678\n|move|p2a: Goodra|Heavy Slam|p1a: Noctowl\n|-damage|p1a: Noctowl|158/344\n|move|p1a: Noctowl|Hurricane|p2a: Goodra\n|-resisted|p2a: Goodra\n|-damage|p2a: Goodra|139/265\n|\n|upkeep\n|turn|5\n|\n|t:|1733893693\n|move|p2a: Goodra|Heavy Slam|p1a: Noctowl\n|-damage|p1a: Noctowl|1/344\n|move|p1a: Noctowl|Hurricane|p2a: Goodra\n|-resisted|p2a: Goodra\n|-damage|p2a: Goodra|11/265\n|\n|upkeep\n|turn|6\n|\n|t:|1733893700\n|move|p2a: Goodra|Heavy Slam|p1a: Noctowl\n|-damage|p1a: Noctowl|0 fnt\n|faint|p1a: Noctowl\n|\n|upkeep\n|\n|t:|1733893712\n|switch|p1a: Dragonite|Dragonite, L74, F|257/257\n|turn|7\n|\n|t:|1733893736\n|move|p1a: Dragonite|Dragon Dance|p1a: Dragonite\n|-boost|p1a: Dragonite|atk|1\n|-boost|p1a: Dragonite|spe|1\n|move|p2a: Goodra|Heavy Slam|p1a: Dragonite\n|-damage|p1a: Dragonite|235/257\n|\n|upkeep\n|turn|8\n|\n|t:|1733893747\n|move|p1a: Dragonite|Dragon Dance|p1a: Dragonite\n|-boost|p1a: Dragonite|atk|1\n|-boost|p1a: Dragonite|spe|1\n|move|p2a: Goodra|Draco Meteor|p1a: Dragonite\n|-supereffective|p1a: Dragonite\n|-damage|p1a: Dragonite|0 fnt\n|-unboost|p2a: Goodra|spa|2\n|faint|p1a: Dragonite\n|\n|upkeep\n|\n|t:|1733893756\n|switch|p1a: Rotom|Rotom-Mow, L86|226/226\n|turn|9\n|\n|t:|1733893764\n|switch|p2a: Appletun|Appletun, L92, M|352/352\n|move|p1a: Rotom|Volt Switch|p2a: Appletun\n|-resisted|p2a: Appletun\n|-damage|p2a: Appletun|326/352\n|-damage|p1a: Rotom|204/226|[from] item: Life Orb\n|\n|t:|1733893771\n|switch|p1a: Swalot|Swalot, L90, M|326/326|[from] Volt Switch\n|\n|-heal|p2a: Appletun|348/352|[from] item: Leftovers\n|upkeep\n|turn|10\n|\n|t:|1733893781\n|switch|p2a: Goodra|Goodra-Hisui, L82, M|11/265\n|move|p1a: Swalot|Sludge Bomb|p2a: Goodra\n|-immune|p2a: Goodra\n|\n|upkeep\n|turn|11\n|\n|t:|1733893798\n|switch|p2a: Kleavor|Kleavor, L78, F|237/237\n|move|p1a: Swalot|Earthquake|p2a: Kleavor\n|-damage|p2a: Kleavor|175/237\n|\n|upkeep\n|turn|12\n|\n|t:|1733893815\n|move|p2a: Kleavor|Stone Axe|p1a: Swalot\n|-damage|p1a: Swalot|206/326\n|-sidestart|p1: Jdjdiei|move: Stealth Rock\n|move|p1a: Swalot|Toxic|p2a: Kleavor\n|-status|p2a: Kleavor|tox\n|\n|-heal|p1a: Swalot|226/326|[from] item: Leftovers\n|-damage|p2a: Kleavor|161/237 tox|[from] psn\n|upkeep\n|turn|13\n|\n|t:|1733893825\n|move|p1a: Swalot|Protect|p1a: Swalot\n|-singleturn|p1a: Swalot|Protect\n|move|p2a: Kleavor|Swords Dance|p2a: Kleavor\n|-boost|p2a: Kleavor|atk|2\n|\n|-heal|p1a: Swalot|246/326|[from] item: Leftovers\n|-damage|p2a: Kleavor|133/237 tox|[from] psn\n|upkeep\n|turn|14\n|\n|t:|1733893838\n|move|p2a: Kleavor|Stone Axe|p1a: Swalot\n|-crit|p1a: Swalot\n|-damage|p1a: Swalot|0 fnt\n|faint|p1a: Swalot\n|\n|-damage|p2a: Kleavor|91/237 tox|[from] psn\n|upkeep\n|\n|t:|1733893845\n|switch|p1a: Iron Treads|Iron Treads, L77|265/265\n|-damage|p1a: Iron Treads|257/265|[from] Stealth Rock\n|turn|15\n|\n|t:|1733893853\n|move|p1a: Iron Treads|Rapid Spin|p2a: Kleavor\n|-resisted|p2a: Kleavor\n|-damage|p2a: Kleavor|76/237 tox\n|-boost|p1a: Iron Treads|spe|1\n|-sideend|p1: Jdjdiei|Stealth Rock|[from] move: Rapid Spin|[of] p1a: Iron Treads\n|move|p2a: Kleavor|Close Combat|p1a: Iron Treads\n|-supereffective|p1a: Iron Treads\n|-crit|p1a: Iron Treads\n|-damage|p1a: Iron Treads|0 fnt\n|-unboost|p2a: Kleavor|def|1\n|-unboost|p2a: Kleavor|spd|1\n|faint|p1a: Iron Treads\n|-end|p1a: Iron Treads|Quark Drive|[silent]\n|\n|-damage|p2a: Kleavor|20/237 tox|[from] psn\n|upkeep\n|\n|t:|1733893865\n|switch|p1a: Inteleon|Inteleon, L81, M|246/246\n|turn|16\n|\n|t:|1733893877\n|move|p1a: Inteleon|Ice Beam|p2a: Kleavor\n|-damage|p2a: Kleavor|0 fnt\n|faint|p2a: Kleavor\n|\n|upkeep\n|\n|t:|1733893883\n|switch|p2a: Ludicolo|Ludicolo, L90, F|290/290\n|turn|17\n|-message|Jdjdiei forfeited.\n|\n|win|dejsejjde\n|raw|Jdjdiei's rating: 1079 &rarr; <strong>1055</strong><br />(-24 for losing)\n|raw|dejsejjde's rating: 1049 &rarr; <strong>1084</strong><br />(+35 for winning)\n|l|\u2606Jdjdiei\n|player|p1|\n", "inputlog": ">version bfd83cad13791eb5a5a409923076391caf6fb4d4\n>start {\"formatid\":\"gen9randombattle\",\"seed\":[10954,62467,56523,62099],\"rated\":\"Rated battle\"}\n>player p1 {\"name\":\"Jdjdiei\",\"avatar\":\"1\",\"rating\":1079,\"seed\":[30700,34772,54588,35968]}\n>player p2 {\"name\":\"dejsejjde\",\"avatar\":\"1\",\"rating\":1070,\"seed\":[23141,11561,6114,57601]}\n>p1 move nastyplot\n>p2 move knockoff\n>p1 move hypervoice\n>p2 move bleakwindstorm\n>p1 move roost\n>p2 move uturn\n>p2 switch 2\n>p1 move hurricane\n>p2 move heavyslam\n>p1 move hurricane\n>p2 move heavyslam\n>p1 move roost\n>p2 move heavyslam\n>p1 switch 3\n>p1 move dragondance\n>p2 move heavyslam\n>p1 move dragondance\n>p2 move dracometeor\n>p1 switch 6\n>p1 move voltswitch\n>p2 switch 4\n>p1 switch 5\n>p1 move sludgebomb\n>p2 switch 4\n>p1 move earthquake\n>p2 switch 5\n>p1 move toxic\n>p2 move stoneaxe\n>p1 move protect\n>p2 move swordsdance\n>p1 move sludgebomb\n>p2 move stoneaxe\n>p1 switch 4\n>p1 move rapidspin\n>p2 move closecombat\n>p1 switch 2\n>p1 move icebeam\n>p2 move xscissor\n>p2 switch 6\n>forcelose p1", "uploadtime": 1733893886, "views": 1, "formatid": "gen9randombattle", "rating": 1055, "private": 0, "password": null}