{"id": "gen9randombattle-2260369275", "format": "[Gen 9] Random Battle", "players": ["c00lerz0", "hybraz"], "log": "|j|\u203dc00lerz0\n|j|\u203dhybraz\n|t:|1733844802\n|gametype|singles\n|player|p1|c00lerz0|giovanni|\n|player|p2|hybraz|preschooler|\n|teamsize|p1|6\n|teamsize|p2|6\n|gen|9\n|tier|[Gen 9] Random Battle\n|rule|Species Clause: Limit one of each Pok\u00e9mon\n|rule|HP Percentage Mod: HP is shown in percentages\n|rule|Sleep Clause Mod: Limit one foe put to sleep\n|rule|Illusion Level Mod: Illusion disguises the Pok\u00e9mon's true level\n|\n|t:|1733844802\n|start\n|switch|p1a: Sandaconda|Sandaconda, L84, F|258/258\n|switch|p2a: Forretress|Forretress, L84, F|263/263\n|turn|1\n|\n|t:|1733844820\n|move|p1a: Sandaconda|Coil|p1a: Sandaconda\n|-boost|p1a: Sandaconda|atk|1\n|-boost|p1a: Sandaconda|def|1\n|-boost|p1a: Sandaconda|accuracy|1\n|move|p2a: Forretress|Body Press|p1a: Sandaconda\n|-damage|p1a: Sandaconda|219/258\n|\n|upkeep\n|turn|2\n|\n|t:|1733844827\n|move|p1a: Sandaconda|Scale Shot|p2a: Forretress\n|-resisted|p2a: Forretress\n|-damage|p2a: Forretress|253/263\n|-resisted|p2a: Forretress\n|-damage|p2a: Forretress|243/263\n|-resisted|p2a: Forretress\n|-damage|p2a: Forretress|233/263\n|-resisted|p2a: Forretress\n|-damage|p2a: Forretress|222/263\n|-resisted|p2a: Forretress\n|-damage|p2a: Forretress|211/263\n|-hitcount|p2a: Forretress|5\n|-unboost|p1a: Sandaconda|def|1\n|-boost|p1a: Sandaconda|spe|1\n|move|p2a: Forretress|Iron Head|p1a: Sandaconda\n|-damage|p1a: Sandaconda|159/258\n|\n|-heal|p2a: Forretress|227/263|[from] item: Leftovers\n|upkeep\n|turn|3\n|\n|t:|1733844846\n|move|p1a: Sandaconda|Coil|p1a: Sandaconda\n|-boost|p1a: Sandaconda|atk|1\n|-boost|p1a: Sandaconda|def|1\n|-boost|p1a: Sandaconda|accuracy|1\n|move|p2a: Forretress|Stealth Rock|p1a: Sandaconda\n|-sidestart|p1: c00lerz0|move: Stealth Rock\n|\n|-heal|p2a: Forretress|243/263|[from] item: Leftovers\n|upkeep\n|turn|4\n|\n|t:|1733844861\n|move|p1a: Sandaconda|Rock Blast|p2a: Forretress\n|-damage|p2a: Forretress|214/263\n|-damage|p2a: Forretress|188/263\n|-damage|p2a: Forretress|162/263\n|-damage|p2a: Forretress|135/263\n|-damage|p2a: Forretress|106/263\n|-hitcount|p2a: Forretress|5\n|move|p2a: Forretress|Stealth Rock||[still]\n|-fail|p2a: Forretress\n|\n|-heal|p2a: Forretress|122/263|[from] item: Leftovers\n|upkeep\n|turn|5\n|\n|t:|1733844878\n|move|p1a: Sandaconda|Earthquake|p2a: Forretress\n|-damage|p2a: Forretress|0 fnt\n|faint|p2a: Forretress\n|\n|upkeep\n|\n|t:|1733844892\n|switch|p2a: Luvdisc|Luvdisc, M|247/247\n|turn|6\n|\n|t:|1733844899\n|move|p2a: Luvdisc|Surf|p1a: Sandaconda\n|-supereffective|p1a: Sandaconda\n|-damage|p1a: Sandaconda|0 fnt\n|faint|p1a: Sandaconda\n|\n|upkeep\n|\n|t:|1733844907\n|switch|p1a: Pawmot|Pawmot, L80, M|243/243\n|-damage|p1a: Pawmot|228/243|[from] Stealth Rock\n|turn|7\n|\n|t:|1733844919\n|switch|p2a: Whiscash|Whiscash, L88, M|337/337\n|move|p1a: Pawmot|Revival Blessing|p1a: Pawmot\n|\n|t:|1733844923\n|-heal|p1: Sandaconda|129/258|[from] move: Revival Blessing\n|\n|upkeep\n|turn|8\n|\n|t:|1733844931\n|move|p1a: Pawmot|Double Shock|p2a: Whiscash\n|-immune|p2a: Whiscash\n|move|p2a: Whiscash|Earthquake|p1a: Pawmot\n|-supereffective|p1a: Pawmot\n|-damage|p1a: Pawmot|0 fnt\n|faint|p1a: Pawmot\n|\n|upkeep\n|\n|t:|1733844944\n|switch|p1a: Gastrodon|Gastrodon-East, L86, F|331/331\n|-damage|p1a: Gastrodon|311/331|[from] Stealth Rock\n|turn|9\n|\n|t:|1733844961\n|switch|p2a: Tornadus|Tornadus-Therian, L79, M|254/254\n|move|p1a: Gastrodon|Ice Beam|p2a: Tornadus\n|-supereffective|p2a: Tornadus\n|-damage|p2a: Tornadus|168/254\n|\n|-heal|p1a: Gastrodon|331/331|[from] item: Leftovers\n|upkeep\n|turn|10\n|\n|t:|1733844977\n|switch|p1a: Gumshoos|Gumshoos, L95, F|321/321\n|-damage|p1a: Gumshoos|281/321|[from] Stealth Rock\n|move|p2a: Tornadus|Knock Off|p1a: Gumshoos\n|-crit|p1a: Gumshoos\n|-damage|p1a: Gumshoos|178/321\n|-enditem|p1a: Gumshoos|Choice Band|[from] move: Knock Off|[of] p2a: Tornadus\n|\n|upkeep\n|turn|11\n|\n|t:|1733844988\n|move|p2a: Tornadus|Bleakwind Storm|p1a: Gumshoos\n|-damage|p1a: Gumshoos|46/321\n|move|p1a: Gumshoos|Knock Off|p2a: Tornadus\n|-damage|p2a: Tornadus|51/254\n|-enditem|p2a: Tornadus|Assault Vest|[from] move: Knock Off|[of] p1a: Gumshoos\n|\n|upkeep\n|turn|12\n|\n|t:|1733844996\n|move|p2a: Tornadus|U-turn|p1a: Gumshoos\n|-damage|p1a: Gumshoos|0 fnt\n|faint|p1a: Gumshoos\n|\n|t:|1733845002\n|switch|p2a: Luvdisc|Luvdisc, M|247/247|[from] U-turn\n|\n|upkeep\n|\n|t:|1733845014\n|switch|p1a: Gastrodon|Gastrodon-East, L86, F|331/331\n|-damage|p1a: Gastrodon|311/331|[from] Stealth Rock\n|turn|13\n|\n|t:|1733845024\n|switch|p2a: Muk|Muk, L86, M|321/321\n|move|p1a: Gastrodon|Earthquake|p2a: Muk\n|-supereffective|p2a: Muk\n|-damage|p2a: Muk|87/321\n|\n|-heal|p2a: Muk|107/321|[from] item: Leftovers\n|-heal|p1a: Gastrodon|331/331|[from] item: Leftovers\n|upkeep\n|turn|14\n|\n|t:|1733845033\n|move|p2a: Muk|Shadow Sneak|p1a: Gastrodon\n|-damage|p1a: Gastrodon|295/331\n|move|p1a: Gastrodon|Earthquake|p2a: Muk\n|-supereffective|p2a: Muk\n|-damage|p2a: Muk|0 fnt\n|faint|p2a: Muk\n|\n|-heal|p1a: Gastrodon|315/331|[from] item: Leftovers\n|upkeep\n|\n|t:|1733845041\n|switch|p2a: Tornadus|Tornadus-Therian, L79, M|135/254\n|turn|15\n|\n|t:|1733845049\n|move|p2a: Tornadus|Knock Off|p1a: Gastrodon\n|-damage|p1a: Gastrodon|238/331\n|-enditem|p1a: Gastrodon|Leftovers|[from] move: Knock Off|[of] p2a: Tornadus\n|move|p1a: Gastrodon|Ice Beam|p2a: Tornadus\n|-supereffective|p2a: Tornadus\n|-damage|p2a: Tornadus|7/254\n|\n|upkeep\n|turn|16\n|\n|t:|1733845058\n|move|p2a: Tornadus|U-turn|p1a: Gastrodon\n|-damage|p1a: Gastrodon|182/331\n|\n|t:|1733845061\n|switch|p2a: Whiscash|Whiscash, L88, M|337/337|[from] U-turn\n|move|p1a: Gastrodon|Recover|p1a: Gastrodon\n|-heal|p1a: Gastrodon|331/331\n|\n|upkeep\n|turn|17\n|\n|t:|1733845071\n|move|p2a: Whiscash|Ice Beam|p1a: Gastrodon\n|-damage|p1a: Gastrodon|268/331\n|move|p1a: Gastrodon|Ice Beam|p2a: Whiscash\n|-damage|p2a: Whiscash|260/337\n|\n|-heal|p2a: Whiscash|281/337|[from] item: Leftovers\n|upkeep\n|turn|18\n|\n|t:|1733845084\n|switch|p1a: Vigoroth|Vigoroth, L85, F|275/275\n|-damage|p1a: Vigoroth|241/275|[from] Stealth Rock\n|move|p2a: Whiscash|Earthquake|p1a: Vigoroth\n|-damage|p1a: Vigoroth|174/275\n|\n|-heal|p2a: Whiscash|302/337|[from] item: Leftovers\n|upkeep\n|turn|19\n|\n|t:|1733845096\n|move|p1a: Vigoroth|Knock Off|p2a: Whiscash\n|-damage|p2a: Whiscash|239/337\n|-enditem|p2a: Whiscash|Leftovers|[from] move: Knock Off|[of] p1a: Vigoroth\n|move|p2a: Whiscash|Ice Beam|p1a: Vigoroth\n|-damage|p1a: Vigoroth|118/275\n|\n|upkeep\n|turn|20\n|\n|t:|1733845105\n|move|p1a: Vigoroth|Slack Off|p1a: Vigoroth\n|-heal|p1a: Vigoroth|256/275\n|move|p2a: Whiscash|Ice Beam|p1a: Vigoroth\n|-damage|p1a: Vigoroth|200/275\n|\n|upkeep\n|turn|21\n|-message|hybraz forfeited.\n|\n|win|c00lerz0\n|l|\u203dhybraz\n|player|p2|\n", "inputlog": ">version bfd83cad13791eb5a5a409923076391caf6fb4d4\n>start {\"formatid\":\"gen9randombattle\",\"seed\":[10101,28679,59720,20840]}\n>player p1 {\"name\":\"c00lerz0\",\"avatar\":\"giovanni\",\"rating\":0,\"seed\":[25357,56084,29947,5932]}\n>player p2 {\"name\":\"hybraz\",\"avatar\":\"preschooler\",\"rating\":0,\"seed\":[40582,61701,23831,44853]}\n>p1 move coil\n>p2 move bodypress\n>p1 move scaleshot\n>p2 move ironhead\n>p1 move coil\n>p2 move stealthrock\n>p1 move rockblast\n>p2 move stealthrock\n>p1 move earthquake\n>p2 move stealthrock\n>p2 switch 3\n>p1 move scaleshot\n>p2 move surf\n>p1 switch 6\n>p1 move revivalblessing\n>p2 switch 5\n>p1 switch 6\n>p1 move doubleshock\n>p2 move earthquake\n>p1 switch 3\n>p1 move icebeam\n>p2 switch 2\n>p1 switch 2\n>p2 move knockoff\n>p1 move knockoff\n>p2 move bleakwindstorm\n>p1 move uturn\n>p2 move uturn\n>p2 switch 5\n>p1 switch 2\n>p1 move earthquake\n>p2 switch 4\n>p1 move earthquake\n>p2 move shadowsneak\n>p2 switch 5\n>p1 move icebeam\n>p2 move knockoff\n>p1 move recover\n>p2 move uturn\n>p2 switch 2\n>p1 move icebeam\n>p2 move icebeam\n>p1 switch 4\n>p2 move earthquake\n>p1 move knockoff\n>p2 move icebeam\n>p1 move slackoff\n>p2 move icebeam\n>forcelose p2", "uploadtime": 1733845117, "views": 1, "formatid": "gen9randombattle", "rating": null, "private": 0, "password": null}