{"id": "gen9randombattle-2260547258", "format": "[Gen 9] Random Battle", "players": ["Shammgod2", "kupchun"], "log": "|j|\u203dShammgod2\n|j|\u2606kupchun\n|t:|1733862275\n|gametype|singles\n|player|p1|Shammgod2|170|2110\n|player|p2|kupchun|101|2158\n|teamsize|p1|6\n|teamsize|p2|6\n|gen|9\n|tier|[Gen 9] Random Battle\n|rated|\n|rule|Species Clause: Limit one of each Pok\u00e9mon\n|rule|HP Percentage Mod: HP is shown in percentages\n|rule|Sleep Clause Mod: Limit one foe put to sleep\n|rule|Illusion Level Mod: Illusion disguises the Pok\u00e9mon's true level\n|\n|t:|1733862275\n|start\n|switch|p1a: Bronzong|Bronzong, L88|261/261\n|switch|p2a: Toxtricity|Toxtricity, L82, M|257/257\n|turn|1\n|inactive|Battle timer is ON: inactive players will automatically lose when time's up. (requested by kupchun)\n|\n|t:|1733862329\n|switch|p2a: Slowking|Slowking, L88, M|310/310\n|move|p1a: Bronzong|Stealth Rock|p2a: Slowking\n|-sidestart|p2: kupchun|move: Stealth Rock\n|\n|upkeep\n|turn|2\n|\n|t:|1733862347\n|move|p1a: Bronzong|Hypnosis|p2a: Slowking\n|-status|p2a: Slowking|slp|[from] move: Hypnosis\n|cant|p2a: Slowking|slp\n|\n|upkeep\n|turn|3\n|\n|t:|1733862367\n|switch|p1a: Ludicolo|Ludicolo, L90, F|290/290\n|cant|p2a: Slowking|slp\n|\n|upkeep\n|turn|4\n|\n|t:|1733862376\n|move|p1a: Ludicolo|Giga Drain|p2a: Slowking\n|-supereffective|p2a: Slowking\n|-damage|p2a: Slowking|144/310 slp\n|-damage|p1a: Ludicolo|261/290|[from] item: Life Orb\n|cant|p2a: Slowking|slp\n|\n|upkeep\n|turn|5\n|\n|t:|1733862385\n|switch|p2a: Gogoat|Gogoat, L88, F|360/360\n|-damage|p2a: Gogoat|315/360|[from] Stealth Rock\n|move|p1a: Ludicolo|Rain Dance|p1a: Ludicolo\n|-weather|RainDance\n|\n|-weather|RainDance|[upkeep]\n|-heal|p2a: Gogoat|337/360|[from] item: Leftovers\n|upkeep\n|turn|6\n|\n|t:|1733862392\n|move|p1a: Ludicolo|Ice Beam|p2a: Gogoat\n|-supereffective|p2a: Gogoat\n|-damage|p2a: Gogoat|147/360\n|-damage|p1a: Ludicolo|232/290|[from] item: Life Orb\n|move|p2a: Gogoat|Horn Leech|p1a: Ludicolo\n|-crit|p1a: Ludicolo\n|-damage|p1a: Ludicolo|93/290\n|-heal|p2a: Gogoat|217/360|[from] drain|[of] p1a: Ludicolo\n|\n|-weather|RainDance|[upkeep]\n|-heal|p2a: Gogoat|239/360|[from] item: Leftovers\n|upkeep\n|turn|7\n|\n|t:|1733862399\n|move|p1a: Ludicolo|Ice Beam|p2a: Gogoat\n|-supereffective|p2a: Gogoat\n|-damage|p2a: Gogoat|57/360\n|-damage|p1a: Ludicolo|64/290|[from] item: Life Orb\n|move|p2a: Gogoat|Milk Drink|p2a: Gogoat\n|-heal|p2a: Gogoat|237/360\n|\n|-weather|RainDance|[upkeep]\n|-heal|p2a: Gogoat|259/360|[from] item: Leftovers\n|upkeep\n|turn|8\n|\n|t:|1733862403\n|move|p1a: Ludicolo|Ice Beam|p2a: Gogoat\n|-supereffective|p2a: Gogoat\n|-damage|p2a: Gogoat|87/360\n|-damage|p1a: Ludicolo|35/290|[from] item: Life Orb\n|move|p2a: Gogoat|Milk Drink|p2a: Gogoat\n|-heal|p2a: Gogoat|267/360\n|\n|-weather|RainDance|[upkeep]\n|-heal|p2a: Gogoat|289/360|[from] item: Leftovers\n|upkeep\n|turn|9\n|\n|t:|1733862405\n|move|p1a: Ludicolo|Ice Beam|p2a: Gogoat\n|-supereffective|p2a: Gogoat\n|-damage|p2a: Gogoat|99/360\n|-damage|p1a: Ludicolo|6/290|[from] item: Life Orb\n|move|p2a: Gogoat|Milk Drink|p2a: Gogoat\n|-heal|p2a: Gogoat|279/360\n|\n|-weather|none\n|-heal|p2a: Gogoat|301/360|[from] item: Leftovers\n|upkeep\n|turn|10\n|\n|t:|1733862410\n|move|p1a: Ludicolo|Ice Beam|p2a: Gogoat\n|-supereffective|p2a: Gogoat\n|-damage|p2a: Gogoat|129/360\n|-damage|p1a: Ludicolo|0 fnt|[from] item: Life Orb\n|faint|p1a: Ludicolo\n|move|p2a: Gogoat|Milk Drink|p2a: Gogoat\n|-heal|p2a: Gogoat|309/360\n|\n|-heal|p2a: Gogoat|331/360|[from] item: Leftovers\n|upkeep\n|\n|t:|1733862416\n|switch|p1a: Infernape|Infernape, L82, F|259/259\n|turn|11\n|\n|t:|1733862423\n|-terastallize|p2a: Gogoat|Water\n|move|p1a: Infernape|Flare Blitz|p2a: Gogoat\n|-resisted|p2a: Gogoat\n|-damage|p2a: Gogoat|220/360\n|-damage|p1a: Infernape|222/259|[from] Recoil\n|move|p2a: Gogoat|Bulk Up|p2a: Gogoat\n|-boost|p2a: Gogoat|atk|1\n|-boost|p2a: Gogoat|def|1\n|\n|-heal|p2a: Gogoat|242/360|[from] item: Leftovers\n|upkeep\n|turn|12\n|\n|t:|1733862430\n|switch|p1a: Articuno|Articuno, L86|295/295\n|-ability|p1a: Articuno|Pressure\n|move|p2a: Gogoat|Bulk Up|p2a: Gogoat\n|-boost|p2a: Gogoat|atk|1\n|-boost|p2a: Gogoat|def|1\n|\n|-heal|p2a: Gogoat|264/360|[from] item: Leftovers\n|upkeep\n|turn|13\n|\n|t:|1733862435\n|move|p1a: Articuno|Freeze-Dry|p2a: Gogoat\n|-supereffective|p2a: Gogoat\n|-damage|p2a: Gogoat|94/360\n|move|p2a: Gogoat|Rock Slide|p1a: Articuno\n|-supereffective|p1a: Articuno\n|-damage|p1a: Articuno|0 fnt\n|faint|p1a: Articuno\n|\n|-heal|p2a: Gogoat|116/360|[from] item: Leftovers\n|upkeep\n|\n|t:|1733862451\n|switch|p1a: Bronzong|Bronzong, L88|261/261\n|turn|14\n|\n|t:|1733862454\n|move|p2a: Gogoat|Milk Drink|p2a: Gogoat\n|-heal|p2a: Gogoat|296/360\n|move|p1a: Bronzong|Psychic Noise|p2a: Gogoat\n|-damage|p2a: Gogoat|218/360\n|-start|p2a: Gogoat|move: Heal Block\n|\n|upkeep\n|turn|15\n|\n|t:|1733862459\n|move|p2a: Gogoat|Bulk Up|p2a: Gogoat\n|-boost|p2a: Gogoat|atk|1\n|-boost|p2a: Gogoat|def|1\n|move|p1a: Bronzong|Psychic Noise|p2a: Gogoat\n|-damage|p2a: Gogoat|137/360\n|\n|-end|p2a: Gogoat|move: Heal Block\n|upkeep\n|turn|16\n|\n|t:|1733862463\n|move|p2a: Gogoat|Milk Drink|p2a: Gogoat\n|-heal|p2a: Gogoat|317/360\n|move|p1a: Bronzong|Psychic Noise|p2a: Gogoat\n|-damage|p2a: Gogoat|241/360\n|-start|p2a: Gogoat|move: Heal Block\n|\n|upkeep\n|turn|17\n|\n|t:|1733862471\n|move|p2a: Gogoat|Bulk Up|p2a: Gogoat\n|-boost|p2a: Gogoat|atk|1\n|-boost|p2a: Gogoat|def|1\n|move|p1a: Bronzong|Psychic Noise|p2a: Gogoat\n|-damage|p2a: Gogoat|160/360\n|\n|-end|p2a: Gogoat|move: Heal Block\n|upkeep\n|turn|18\n|\n|t:|1733862475\n|move|p2a: Gogoat|Milk Drink|p2a: Gogoat\n|-heal|p2a: Gogoat|340/360\n|move|p1a: Bronzong|Psychic Noise|p2a: Gogoat\n|-damage|p2a: Gogoat|261/360\n|-start|p2a: Gogoat|move: Heal Block\n|\n|upkeep\n|turn|19\n|\n|t:|1733862483\n|move|p2a: Gogoat|Rock Slide|p1a: Bronzong\n|-resisted|p1a: Bronzong\n|-damage|p1a: Bronzong|195/261\n|move|p1a: Bronzong|Psychic Noise|p2a: Gogoat\n|-damage|p2a: Gogoat|188/360\n|\n|-heal|p1a: Bronzong|211/261|[from] item: Leftovers\n|-end|p2a: Gogoat|move: Heal Block\n|upkeep\n|turn|20\n|\n|t:|1733862488\n|move|p2a: Gogoat|Horn Leech|p1a: Bronzong\n|-resisted|p1a: Bronzong\n|-damage|p1a: Bronzong|100/261\n|-heal|p2a: Gogoat|244/360|[from] drain|[of] p1a: Bronzong\n|move|p1a: Bronzong|Psychic Noise|p2a: Gogoat\n|-damage|p2a: Gogoat|172/360\n|-start|p2a: Gogoat|move: Heal Block\n|\n|-heal|p1a: Bronzong|116/261|[from] item: Leftovers\n|upkeep\n|turn|21\n|\n|t:|1733862494\n|move|p2a: Gogoat|Rock Slide|p1a: Bronzong\n|-resisted|p1a: Bronzong\n|-damage|p1a: Bronzong|51/261\n|move|p1a: Bronzong|Psychic Noise|p2a: Gogoat\n|-damage|p2a: Gogoat|91/360\n|\n|-heal|p1a: Bronzong|67/261|[from] item: Leftovers\n|-end|p2a: Gogoat|move: Heal Block\n|upkeep\n|turn|22\n|\n|t:|1733862496\n|move|p2a: Gogoat|Horn Leech|p1a: Bronzong\n|-resisted|p1a: Bronzong\n|-damage|p1a: Bronzong|0 fnt\n|-heal|p2a: Gogoat|125/360|[from] drain|[of] p1a: Bronzong\n|faint|p1a: Bronzong\n|\n|-heal|p2a: Gogoat|147/360|[from] item: Leftovers\n|upkeep\n|\n|t:|1733862500\n|switch|p1a: Urshifu|Urshifu-Rapid-Strike, L75, M|274/274\n|turn|23\n|\n|t:|1733862503\n|-terastallize|p1a: Urshifu|Water\n|move|p1a: Urshifu|Surging Strikes|p2a: Gogoat\n|-resisted|p2a: Gogoat\n|-crit|p2a: Gogoat\n|-damage|p2a: Gogoat|93/360\n|-resisted|p2a: Gogoat\n|-crit|p2a: Gogoat\n|-damage|p2a: Gogoat|44/360\n|-resisted|p2a: Gogoat\n|-crit|p2a: Gogoat\n|-damage|p2a: Gogoat|0 fnt\n|faint|p2a: Gogoat\n|-hitcount|p2: Gogoat|3\n|\n|upkeep\n|\n|t:|1733862513\n|switch|p2a: Toxtricity|Toxtricity, L82, M|257/257\n|-damage|p2a: Toxtricity|225/257|[from] Stealth Rock\n|turn|24\n|\n|t:|1733862521\n|move|p1a: Urshifu|Surging Strikes|p2a: Toxtricity\n|-crit|p2a: Toxtricity\n|-damage|p2a: Toxtricity|125/257\n|-crit|p2a: Toxtricity\n|-damage|p2a: Toxtricity|29/257\n|-crit|p2a: Toxtricity\n|-damage|p2a: Toxtricity|0 fnt\n|faint|p2a: Toxtricity\n|-hitcount|p2: Toxtricity|3\n|\n|upkeep\n|\n|t:|1733862526\n|switch|p2a: Slowking|Slowking, L88, M|247/310 slp\n|turn|25\n|\n|t:|1733862529\n|switch|p1a: Pincurchin|Pincurchin, F|258/258\n|-fieldstart|move: Electric Terrain|[from] ability: Electric Surge|[of] p1a: Pincurchin\n|-curestatus|p2a: Slowking|slp|[msg]\n|move|p2a: Slowking|Psychic Noise|p1a: Pincurchin\n|-damage|p1a: Pincurchin|182/258\n|-start|p1a: Pincurchin|move: Heal Block\n|\n|upkeep\n|turn|26\n|\n|t:|1733862535\n|switch|p2a: Avalugg|Avalugg-Hisui, L90, M|317/317\n|move|p1a: Pincurchin|Zing Zap|p2a: Avalugg\n|-damage|p2a: Avalugg|226/317\n|\n|-end|p1a: Pincurchin|move: Heal Block\n|upkeep\n|turn|27\n|\n|t:|1733862548\n|switch|p1a: Urshifu|Urshifu-Rapid-Strike, L75, M, tera:Water|274/274\n|move|p2a: Avalugg|Rapid Spin|p1a: Urshifu\n|-crit|p1a: Urshifu\n|-damage|p1a: Urshifu|197/274\n|-boost|p2a: Avalugg|spe|1\n|-sideend|p2: kupchun|Stealth Rock|[from] move: Rapid Spin|[of] p2a: Avalugg\n|\n|upkeep\n|turn|28\n|\n|t:|1733862558\n|move|p1a: Urshifu|U-turn|p2a: Avalugg\n|-damage|p2a: Avalugg|186/317\n|\n|t:|1733862561\n|switch|p1a: Infernape|Infernape, L82, F|222/259|[from] U-turn\n|move|p2a: Avalugg|Stone Edge|p1a: Infernape\n|-crit|p1a: Infernape\n|-damage|p1a: Infernape|0 fnt\n|faint|p1a: Infernape\n|\n|upkeep\n|\n|t:|1733862563\n|switch|p1a: Urshifu|Urshifu-Rapid-Strike, L75, M, tera:Water|197/274\n|turn|29\n|\n|t:|1733862567\n|move|p1a: Urshifu|Surging Strikes|p2a: Avalugg\n|-supereffective|p2a: Avalugg\n|-crit|p2a: Avalugg\n|-damage|p2a: Avalugg|98/317\n|-supereffective|p2a: Avalugg\n|-crit|p2a: Avalugg\n|-damage|p2a: Avalugg|18/317\n|-supereffective|p2a: Avalugg\n|-crit|p2a: Avalugg\n|-damage|p2a: Avalugg|0 fnt\n|faint|p2a: Avalugg\n|-hitcount|p2: Avalugg|3\n|\n|-fieldend|move: Electric Terrain\n|upkeep\n|\n|t:|1733862571\n|switch|p2a: Slowking|Slowking, L88, M|310/310\n|turn|30\n|\n|t:|1733862577\n|switch|p1a: Pincurchin|Pincurchin, F|182/258\n|-fieldstart|move: Electric Terrain|[from] ability: Electric Surge|[of] p1a: Pincurchin\n|move|p2a: Slowking|Psychic Noise|p1a: Pincurchin\n|-damage|p1a: Pincurchin|101/258\n|-start|p1a: Pincurchin|move: Heal Block\n|\n|upkeep\n|turn|31\n|\n|t:|1733862582\n|move|p2a: Slowking|Psychic Noise|p1a: Pincurchin\n|-damage|p1a: Pincurchin|16/258\n|move|p1a: Pincurchin|Zing Zap|p2a: Slowking\n|-supereffective|p2a: Slowking\n|-damage|p2a: Slowking|0 fnt\n|faint|p2a: Slowking\n|\n|-end|p1a: Pincurchin|move: Heal Block\n|upkeep\n|\n|t:|1733862586\n|switch|p2a: Terapagos|Terapagos, L76, F|262/262\n|-activate|p2a: Terapagos|ability: Tera Shift\n|detailschange|p2a: Terapagos|Terapagos-Terastal, L76, F\n|-heal|p2a: Terapagos|269/269|[silent]\n|turn|32\n|\n|t:|1733862589\n|move|p2a: Terapagos|Tera Starstorm|p1a: Pincurchin\n|-damage|p1a: Pincurchin|0 fnt\n|faint|p1a: Pincurchin\n|\n|upkeep\n|\n|t:|1733862591\n|switch|p1a: Urshifu|Urshifu-Rapid-Strike, L75, M, tera:Water|197/274\n|turn|33\n|\n|t:|1733862593\n|move|p1a: Urshifu|Surging Strikes|p2a: Terapagos\n|-activate|p2a: Terapagos|ability: Tera Shell\n|-resisted|p2a: Terapagos\n|-crit|p2a: Terapagos\n|-damage|p2a: Terapagos|233/269\n|-resisted|p2a: Terapagos\n|-crit|p2a: Terapagos\n|-damage|p2a: Terapagos|191/269\n|-resisted|p2a: Terapagos\n|-crit|p2a: Terapagos\n|-damage|p2a: Terapagos|151/269\n|-hitcount|p2a: Terapagos|3\n|move|p2a: Terapagos|Tera Starstorm|p1a: Urshifu\n|-damage|p1a: Urshifu|46/274\n|\n|upkeep\n|turn|34\n|\n|t:|1733862600\n|move|p1a: Urshifu|Surging Strikes|p2a: Terapagos\n|-crit|p2a: Terapagos\n|-damage|p2a: Terapagos|75/269\n|-crit|p2a: Terapagos\n|-damage|p2a: Terapagos|0 fnt\n|faint|p2a: Terapagos\n|-hitcount|p2: Terapagos|2\n|\n|-fieldend|move: Electric Terrain\n|upkeep\n|\n|t:|1733862603\n|switch|p2a: Rayquaza|Rayquaza, L72|270/270\n|-ability|p2a: Rayquaza|Air Lock\n|turn|35\n|\n|t:|1733862607\n|move|p1a: Urshifu|Surging Strikes|p2a: Rayquaza\n|-resisted|p2a: Rayquaza\n|-crit|p2a: Rayquaza\n|-damage|p2a: Rayquaza|224/270\n|-resisted|p2a: Rayquaza\n|-crit|p2a: Rayquaza\n|-damage|p2a: Rayquaza|180/270\n|-resisted|p2a: Rayquaza\n|-crit|p2a: Rayquaza\n|-damage|p2a: Rayquaza|136/270\n|-hitcount|p2a: Rayquaza|3\n|move|p2a: Rayquaza|Dragon Ascent|p1a: Urshifu\n|-damage|p1a: Urshifu|0 fnt\n|-unboost|p2a: Rayquaza|def|1\n|-unboost|p2a: Rayquaza|spd|1\n|faint|p1a: Urshifu\n|\n|win|kupchun\n|raw|Shammgod2's rating: 2110 &rarr; <strong>2093</strong><br />(-17 for losing)\n|raw|kupchun's rating: 2158 &rarr; <strong>2175</strong><br />(+17 for winning)\n|c|\u2606kupchun|gg\n|l|\u203dShammgod2\n|player|p1|\n", "inputlog": ">version bfd83cad13791eb5a5a409923076391caf6fb4d4\n>start {\"formatid\":\"gen9randombattle\",\"seed\":[28038,62888,9330,25759],\"rated\":\"Rated battle\"}\n>player p1 {\"name\":\"Shammgod2\",\"avatar\":\"170\",\"rating\":2110,\"seed\":[22796,6289,22059,18171]}\n>player p2 {\"name\":\"kupchun\",\"avatar\":\"101\",\"rating\":2158,\"seed\":[1659,40182,41787,4068]}\n>p1 move stealthrock\n>p2 switch 6\n>p1 move hypnosis\n>p2 move scald\n>p1 switch 4\n>p2 move scald\n>p1 move gigadrain\n>p2 move chillyreception\n>p1 move raindance\n>p2 switch 3\n>p1 move icebeam\n>p2 move hornleech\n>p1 move icebeam\n>p2 move milkdrink\n>p1 move icebeam\n>p2 move milkdrink\n>p1 move icebeam\n>p2 move milkdrink\n>p1 move icebeam\n>p2 move milkdrink\n>p1 switch 6\n>p1 move flareblitz\n>p2 move bulkup terastallize\n>p1 switch 5\n>p2 move bulkup\n>p1 move freezedry\n>p2 move rockslide\n>p1 switch 4\n>p1 move psychicnoise\n>p2 move milkdrink\n>p1 move psychicnoise\n>p2 move bulkup\n>p1 move psychicnoise\n>p2 move milkdrink\n>p1 move psychicnoise\n>p2 move bulkup\n>p1 move psychicnoise\n>p2 move milkdrink\n>p1 move psychicnoise\n>p2 move rockslide\n>p1 move psychicnoise\n>p2 move hornleech\n>p1 move psychicnoise\n>p2 move rockslide\n>p1 move psychicnoise\n>p2 move hornleech\n>p1 switch 3\n>p1 move surgingstrikes terastallize\n>p2 move hornleech\n>p2 switch 6\n>p1 move surgingstrikes\n>p2 move shiftgear\n>p2 switch 3\n>p1 switch 2\n>p2 move psychicnoise\n>p1 move zingzap\n>p2 switch 4\n>p1 switch 2\n>p2 move rapidspin\n>p1 move uturn\n>p2 move stoneedge\n>p1 switch 5\n>p1 switch 5\n>p1 move surgingstrikes\n>p2 move stoneedge\n>p2 switch 4\n>p1 switch 2\n>p2 move psychicnoise\n>p1 move zingzap\n>p2 move psychicnoise\n>p2 switch 5\n>p1 move zingzap\n>p2 move terastarstorm\n>p1 switch 2\n>p1 move surgingstrikes\n>p2 move terastarstorm\n>p1 move surgingstrikes\n>p2 move terastarstorm\n>p2 switch 2\n>p1 move surgingstrikes\n>p2 move dragonascent", "uploadtime": 1733862617, "views": 1, "formatid": "gen9randombattle", "rating": 2093, "private": 0, "password": null}