{"id": "gen9randombattle-2260634180", "format": "[Gen 9] Random Battle", "players": ["Gama786", "ElatedElectrode"], "log": "|j|\u2606Gama786\n|j|\u2606ElatedElectrode\n|t:|1733871816\n|gametype|singles\n|player|p1|Gama786|169|1532\n|player|p2|ElatedElectrode|170|1544\n|teamsize|p1|6\n|teamsize|p2|6\n|gen|9\n|tier|[Gen 9] Random Battle\n|rated|\n|rule|Species Clause: Limit one of each Pok\u00e9mon\n|rule|HP Percentage Mod: HP is shown in percentages\n|rule|Sleep Clause Mod: Limit one foe put to sleep\n|rule|Illusion Level Mod: Illusion disguises the Pok\u00e9mon's true level\n|\n|t:|1733871816\n|start\n|switch|p1a: Sandaconda|Sandaconda, L84, F|258/258\n|switch|p2a: Baxcalibur|Baxcalibur, L75, M|296/296\n|turn|1\n|inactive|Battle timer is ON: inactive players will automatically lose when time's up. (requested by ElatedElectrode)\n|\n|t:|1733871828\n|switch|p2a: Trevenant|Trevenant, L88, M|293/293\n|switch|p1a: Avalugg|Avalugg-Hisui, L90, F|317/317\n|\n|upkeep\n|turn|2\n|\n|t:|1733871841\n|switch|p2a: Zacian|Zacian-Crowned, L64|225/225\n|-ability|p2a: Zacian|Intrepid Sword|boost\n|-boost|p2a: Zacian|atk|1\n|move|p1a: Avalugg|Avalanche|p2a: Zacian\n|-resisted|p2a: Zacian\n|-damage|p2a: Zacian|174/225\n|\n|upkeep\n|turn|3\n|\n|t:|1733871849\n|move|p2a: Zacian|Swords Dance|p2a: Zacian\n|-boost|p2a: Zacian|atk|2\n|move|p1a: Avalugg|Body Press|p2a: Zacian\n|-damage|p2a: Zacian|55/225\n|\n|upkeep\n|turn|4\n|\n|t:|1733871858\n|move|p2a: Zacian|Behemoth Blade|p1a: Avalugg\n|-supereffective|p1a: Avalugg\n|-ability|p1a: Avalugg|Sturdy\n|-damage|p1a: Avalugg|1/317\n|move|p1a: Avalugg|Body Press|p2a: Zacian\n|-damage|p2a: Zacian|0 fnt\n|faint|p2a: Zacian\n|\n|upkeep\n|\n|t:|1733871870\n|switch|p2a: Blissey|Blissey, L84, F|566/566\n|turn|5\n|\n|t:|1733871873\n|move|p2a: Blissey|Seismic Toss|p1a: Avalugg\n|-damage|p1a: Avalugg|0 fnt\n|faint|p1a: Avalugg\n|\n|upkeep\n|\n|t:|1733871877\n|switch|p1a: Golem|Golem, L87, M|281/281\n|turn|6\n|l|\u2606ElatedElectrode\n|inactive|ElatedElectrode disconnected and has a minute to reconnect!\n|player|p2|\n|j|\u2606ElatedElectrode\n|inactive|ElatedElectrode reconnected and has 125 seconds left.\n|player|p2|ElatedElectrode|170|\n|inactive|ElatedElectrode has 120 seconds left.\n|\n|t:|1733871914\n|switch|p2a: Trevenant|Trevenant, L88, M|293/293\n|move|p1a: Golem|Rock Polish|p1a: Golem\n|-boost|p1a: Golem|spe|2\n|\n|upkeep\n|turn|7\n|inactive|ElatedElectrode has 120 seconds left.\n|\n|t:|1733871925\n|move|p1a: Golem|Stone Edge|p2a: Trevenant\n|-damage|p2a: Trevenant|160/293\n|move|p2a: Trevenant|Trick Room|p2a: Trevenant\n|-fieldstart|move: Trick Room|[of] p2a: Trevenant\n|\n|upkeep\n|turn|8\n|\n|t:|1733871932\n|move|p2a: Trevenant|Horn Leech|p1a: Golem\n|-supereffective|p1a: Golem\n|-ability|p1a: Golem|Sturdy\n|-damage|p1a: Golem|1/281\n|-heal|p2a: Trevenant|293/293|[from] drain|[of] p1a: Golem\n|-enditem|p1a: Golem|Weakness Policy\n|-boost|p1a: Golem|atk|2|[from] item: Weakness Policy\n|-boost|p1a: Golem|spa|2|[from] item: Weakness Policy\n|-damage|p2a: Trevenant|264/293|[from] item: Life Orb\n|move|p1a: Golem|Stone Edge|p2a: Trevenant|[miss]\n|-miss|p1a: Golem|p2a: Trevenant\n|\n|upkeep\n|turn|9\n|\n|t:|1733871947\n|move|p2a: Trevenant|Horn Leech|p1a: Golem\n|-supereffective|p1a: Golem\n|-damage|p1a: Golem|0 fnt\n|-heal|p2a: Trevenant|265/293|[from] drain|[of] p1a: Golem\n|faint|p1a: Golem\n|-damage|p2a: Trevenant|236/293|[from] item: Life Orb\n|\n|upkeep\n|\n|t:|1733871963\n|switch|p1a: Eelektross|Eelektross, L87, M|290/290\n|turn|10\n|\n|t:|1733871973\n|move|p2a: Trevenant|Poltergeist|p1a: Eelektross|[miss]\n|-miss|p2a: Trevenant|p1a: Eelektross\n|move|p1a: Eelektross|Discharge|p2a: Trevenant\n|-resisted|p2a: Trevenant\n|-damage|p2a: Trevenant|188/293\n|\n|upkeep\n|turn|11\n|\n|t:|1733871987\n|move|p2a: Trevenant|Poltergeist|p1a: Eelektross\n|-activate|p1a: Eelektross|move: Poltergeist|Assault Vest\n|-damage|p1a: Eelektross|103/290\n|-damage|p2a: Trevenant|159/293|[from] item: Life Orb\n|move|p1a: Eelektross|U-turn|p2a: Trevenant\n|-crit|p2a: Trevenant\n|-damage|p2a: Trevenant|54/293\n|\n|t:|1733871999\n|switch|p1a: Misdreavus|Misdreavus, L90, M|254/254|[from] U-turn\n|\n|-fieldend|move: Trick Room\n|upkeep\n|turn|12\n|\n|t:|1733872005\n|switch|p2a: Blissey|Blissey, L84, F|566/566\n|move|p1a: Misdreavus|Shadow Ball|p2a: Blissey\n|-immune|p2a: Blissey\n|\n|upkeep\n|turn|13\n|\n|t:|1733872013\n|switch|p1a: Sandaconda|Sandaconda, L84, F|258/258\n|move|p2a: Blissey|Stealth Rock|p1a: Sandaconda\n|-sidestart|p1: Gama786|move: Stealth Rock\n|\n|upkeep\n|turn|14\n|\n|t:|1733872023\n|switch|p2a: Trevenant|Trevenant, L88, M|54/293\n|move|p1a: Sandaconda|Coil|p1a: Sandaconda\n|-boost|p1a: Sandaconda|atk|1\n|-boost|p1a: Sandaconda|def|1\n|-boost|p1a: Sandaconda|accuracy|1\n|\n|upkeep\n|turn|15\n|\n|t:|1733872030\n|move|p1a: Sandaconda|Earthquake|p2a: Trevenant\n|-resisted|p2a: Trevenant\n|-damage|p2a: Trevenant|0 fnt\n|faint|p2a: Trevenant\n|\n|upkeep\n|\n|t:|1733872042\n|switch|p2a: Baxcalibur|Baxcalibur, L75, M|296/296\n|turn|16\n|\n|t:|1733872046\n|-terastallize|p2a: Baxcalibur|Dragon\n|move|p2a: Baxcalibur|Dragon Dance|p2a: Baxcalibur\n|-boost|p2a: Baxcalibur|atk|1\n|-boost|p2a: Baxcalibur|spe|1\n|move|p1a: Sandaconda|Stone Edge|p2a: Baxcalibur\n|-crit|p2a: Baxcalibur\n|-damage|p2a: Baxcalibur|97/296\n|\n|upkeep\n|turn|17\n|\n|t:|1733872054\n|move|p2a: Baxcalibur|Icicle Crash|p1a: Sandaconda\n|-supereffective|p1a: Sandaconda\n|-damage|p1a: Sandaconda|118/258\n|move|p1a: Sandaconda|Earthquake|p2a: Baxcalibur\n|-damage|p2a: Baxcalibur|0 fnt\n|faint|p2a: Baxcalibur\n|\n|-heal|p1a: Sandaconda|134/258|[from] item: Leftovers\n|upkeep\n|\n|t:|1733872064\n|switch|p2a: Zapdos|Zapdos, L78|268/268\n|turn|18\n|\n|t:|1733872069\n|move|p2a: Zapdos|Hurricane|p1a: Sandaconda\n|-damage|p1a: Sandaconda|0 fnt\n|faint|p1a: Sandaconda\n|\n|upkeep\n|\n|t:|1733872081\n|switch|p1a: Misdreavus|Misdreavus, L90, M|254/254\n|-damage|p1a: Misdreavus|223/254|[from] Stealth Rock\n|turn|19\n|\n|t:|1733872085\n|switch|p2a: Blissey|Blissey, L84, F|566/566\n|move|p1a: Misdreavus|Calm Mind|p1a: Misdreavus\n|-boost|p1a: Misdreavus|spa|1\n|-boost|p1a: Misdreavus|spd|1\n|\n|upkeep\n|turn|20\n|\n|t:|1733872090\n|move|p1a: Misdreavus|Will-O-Wisp|p2a: Blissey\n|-status|p2a: Blissey|brn\n|move|p2a: Blissey|Thunder Wave|p1a: Misdreavus\n|-status|p1a: Misdreavus|par\n|\n|-damage|p2a: Blissey|531/566 brn|[from] brn\n|upkeep\n|turn|21\n|\n|t:|1733872096\n|move|p2a: Blissey|Seismic Toss|p1a: Misdreavus\n|-immune|p1a: Misdreavus\n|move|p1a: Misdreavus|Draining Kiss|p2a: Blissey\n|-damage|p2a: Blissey|490/566 brn\n|-heal|p1a: Misdreavus|254/254 par|[from] drain|[of] p2a: Blissey\n|\n|-heal|p2a: Blissey|525/566 brn|[from] item: Leftovers\n|-damage|p2a: Blissey|490/566 brn|[from] brn\n|upkeep\n|turn|22\n|\n|t:|1733872107\n|move|p2a: Blissey|Seismic Toss|p1a: Misdreavus\n|-immune|p1a: Misdreavus\n|move|p1a: Misdreavus|Calm Mind|p1a: Misdreavus\n|-boost|p1a: Misdreavus|spa|1\n|-boost|p1a: Misdreavus|spd|1\n|\n|-heal|p2a: Blissey|525/566 brn|[from] item: Leftovers\n|-damage|p2a: Blissey|490/566 brn|[from] brn\n|upkeep\n|turn|23\n|\n|t:|1733872117\n|-curestatus|p2a: Blissey|brn|[from] ability: Natural Cure\n|switch|p2a: Tyranitar|Tyranitar, L79, M|288/288\n|-weather|Sandstorm|[from] ability: Sand Stream|[of] p2a: Tyranitar\n|cant|p1a: Misdreavus|par\n|\n|-weather|Sandstorm|[upkeep]\n|-damage|p1a: Misdreavus|239/254 par|[from] Sandstorm\n|upkeep\n|turn|24\n|\n|t:|1733872125\n|-terastallize|p1a: Misdreavus|Fairy\n|move|p2a: Tyranitar|Knock Off|p1a: Misdreavus\n|-resisted|p1a: Misdreavus\n|-damage|p1a: Misdreavus|194/254 par\n|-enditem|p1a: Misdreavus|Eviolite|[from] move: Knock Off|[of] p2a: Tyranitar\n|move|p1a: Misdreavus|Draining Kiss|p2a: Tyranitar\n|-supereffective|p2a: Tyranitar\n|-damage|p2a: Tyranitar|108/288\n|-heal|p1a: Misdreavus|254/254 par|[from] drain|[of] p2a: Tyranitar\n|\n|-weather|Sandstorm|[upkeep]\n|-damage|p1a: Misdreavus|239/254 par|[from] Sandstorm\n|-heal|p2a: Tyranitar|126/288|[from] item: Leftovers\n|upkeep\n|turn|25\n|\n|t:|1733872133\n|switch|p2a: Blissey|Blissey, L84, F|490/566\n|cant|p1a: Misdreavus|par\n|\n|-weather|Sandstorm|[upkeep]\n|-damage|p2a: Blissey|455/566|[from] Sandstorm\n|-damage|p1a: Misdreavus|224/254 par|[from] Sandstorm\n|-heal|p2a: Blissey|490/566|[from] item: Leftovers\n|upkeep\n|turn|26\n|\n|t:|1733872139\n|move|p2a: Blissey|Seismic Toss|p1a: Misdreavus\n|-damage|p1a: Misdreavus|140/254 par\n|cant|p1a: Misdreavus|par\n|\n|-weather|Sandstorm|[upkeep]\n|-damage|p2a: Blissey|455/566|[from] Sandstorm\n|-damage|p1a: Misdreavus|125/254 par|[from] Sandstorm\n|-heal|p2a: Blissey|490/566|[from] item: Leftovers\n|upkeep\n|turn|27\n|\n|t:|1733872147\n|switch|p1a: Dipplin|Dipplin, L88, F|284/284\n|-damage|p1a: Dipplin|249/284|[from] Stealth Rock\n|move|p2a: Blissey|Seismic Toss|p1a: Dipplin\n|-damage|p1a: Dipplin|165/284\n|\n|-weather|none\n|-heal|p2a: Blissey|525/566|[from] item: Leftovers\n|upkeep\n|turn|28\n|\n|t:|1733872156\n|move|p2a: Blissey|Thunder Wave|p1a: Dipplin\n|-status|p1a: Dipplin|par\n|cant|p1a: Dipplin|par\n|\n|-heal|p2a: Blissey|560/566|[from] item: Leftovers\n|upkeep\n|turn|29\n|\n|t:|1733872161\n|move|p2a: Blissey|Seismic Toss|p1a: Dipplin\n|-damage|p1a: Dipplin|81/284 par\n|move|p1a: Dipplin|Recover|p1a: Dipplin\n|-heal|p1a: Dipplin|223/284 par\n|\n|-heal|p2a: Blissey|566/566|[from] item: Leftovers\n|upkeep\n|turn|30\n|\n|t:|1733872168\n|move|p2a: Blissey|Seismic Toss|p1a: Dipplin\n|-damage|p1a: Dipplin|139/284 par\n|move|p1a: Dipplin|Dragon Tail|p2a: Blissey\n|-damage|p2a: Blissey|391/566\n|drag|p2a: Zapdos|Zapdos, L78|268/268\n|\n|upkeep\n|turn|31\n|\n|t:|1733872178\n|move|p2a: Zapdos|Hurricane|p1a: Dipplin\n|-supereffective|p1a: Dipplin\n|-damage|p1a: Dipplin|0 fnt\n|faint|p1a: Dipplin\n|\n|upkeep\n|\n|t:|1733872181\n|switch|p1a: Eelektross|Eelektross, L87, M|103/290\n|-damage|p1a: Eelektross|67/290|[from] Stealth Rock\n|turn|32\n|\n|t:|1733872186\n|move|p2a: Zapdos|Discharge|p1a: Eelektross\n|-resisted|p1a: Eelektross\n|-damage|p1a: Eelektross|33/290\n|move|p1a: Eelektross|Dragon Tail|p2a: Zapdos|[miss]\n|-miss|p1a: Eelektross|p2a: Zapdos\n|\n|upkeep\n|turn|33\n|\n|t:|1733872192\n|move|p2a: Zapdos|Discharge|p1a: Eelektross\n|-resisted|p1a: Eelektross\n|-damage|p1a: Eelektross|0 fnt\n|faint|p1a: Eelektross\n|\n|upkeep\n|\n|t:|1733872195\n|switch|p1a: Misdreavus|Misdreavus, L90, M, tera:Fairy|125/254 par\n|-damage|p1a: Misdreavus|94/254 par|[from] Stealth Rock\n|turn|34\n|\n|t:|1733872199\n|move|p2a: Zapdos|Discharge|p1a: Misdreavus\n|-damage|p1a: Misdreavus|1/254 par\n|cant|p1a: Misdreavus|par\n|\n|upkeep\n|turn|35\n|c|\u2606ElatedElectrode|wtf she doesn\u2019t move\n|\n|t:|1733872212\n|move|p2a: Zapdos|Discharge|p1a: Misdreavus\n|-damage|p1a: Misdreavus|0 fnt\n|faint|p1a: Misdreavus\n|\n|win|ElatedElectrode\n|raw|Gama786's rating: 1532 &rarr; <strong>1513</strong><br />(-19 for losing)\n|raw|ElatedElectrode's rating: 1544 &rarr; <strong>1563</strong><br />(+19 for winning)\n", "inputlog": ">version bfd83cad13791eb5a5a409923076391caf6fb4d4\n>start {\"formatid\":\"gen9randombattle\",\"seed\":[36401,34768,10581,22538],\"rated\":\"Rated battle\"}\n>player p1 {\"name\":\"Gama786\",\"avatar\":\"169\",\"rating\":1532,\"seed\":[24793,17293,36316,64784]}\n>player p2 {\"name\":\"ElatedElectrode\",\"avatar\":\"170\",\"rating\":1544,\"seed\":[60445,35584,29107,34427]}\n>p1 switch 2\n>p2 switch 4\n>p1 move avalanche\n>p2 switch 6\n>p1 move bodypress\n>p2 move swordsdance\n>p1 move bodypress\n>p2 move behemothblade\n>p2 switch 2\n>p1 move bodypress\n>p2 move seismictoss\n>p1 switch 4\n>p1 move rockpolish\n>p2 switch 6\n>p1 move stoneedge\n>p2 move trickroom\n>p1 move stoneedge\n>p2 move hornleech\n>p1 move stoneedge\n>p2 move hornleech\n>p1 switch 3\n>p1 move discharge\n>p2 move poltergeist\n>p1 move uturn\n>p2 move poltergeist\n>p1 switch 6\n>p1 move shadowball\n>p2 switch 6\n>p1 switch 2\n>p2 move stealthrock\n>p1 move coil\n>p2 switch 6\n>p1 move earthquake\n>p2 move hornleech\n>p2 switch 4\n>p1 move stoneedge\n>p2 move dragondance terastallize\n>p1 move earthquake\n>p2 move iciclecrash\n>p2 switch 5\n>p1 move stoneedge\n>p2 move hurricane\n>p1 switch 2\n>p1 move calmmind\n>p2 switch 6\n>p1 move willowisp\n>p2 move thunderwave\n>p1 move drainingkiss\n>p2 move seismictoss\n>p1 move calmmind\n>p2 move seismictoss\n>p1 move calmmind\n>p2 switch 3\n>p1 move drainingkiss terastallize\n>p2 move knockoff\n>p1 move drainingkiss\n>p2 switch 3\n>p1 move willowisp\n>p2 move seismictoss\n>p1 switch 5\n>p2 move seismictoss\n>p1 move dragontail\n>p2 move thunderwave\n>p1 move recover\n>p2 move seismictoss\n>p1 move dragontail\n>p2 move seismictoss\n>p1 move recover\n>p2 move hurricane\n>p1 switch 6\n>p1 move dragontail\n>p2 move discharge\n>p1 move dragontail\n>p2 move discharge\n>p1 switch 5\n>p1 move shadowball\n>p2 move discharge\n>chat \u2606ElatedElectrode|wtf she doesn\u2019t move \n>p1 move shadowball\n>p2 move discharge", "uploadtime": 1733872218, "views": 8, "formatid": "gen9randombattle", "rating": 1513, "private": 0, "password": null}