{"id": "gen9randombattle-2260820298", "format": "[Gen 9] Random Battle", "players": ["nani mila", "xushui"], "log": "|j|\u2606nani mila\n|j|\u2606xushui\n|t:|1733897991\n|gametype|singles\n|player|p1|nani mila|teammagmagruntf-gen3|1289\n|player|p2|xushui|101|1277\n|teamsize|p1|6\n|teamsize|p2|6\n|gen|9\n|tier|[Gen 9] Random Battle\n|rated|\n|rule|Species Clause: Limit one of each Pok\u00e9mon\n|rule|HP Percentage Mod: HP is shown in percentages\n|rule|Sleep Clause Mod: Limit one foe put to sleep\n|rule|Illusion Level Mod: Illusion disguises the Pok\u00e9mon's true level\n|\n|t:|1733897991\n|start\n|switch|p1a: Barraskewda|Barraskewda, L81, M|231/231\n|switch|p2a: Quaquaval|Quaquaval, L79, F|264/264\n|turn|1\n|\n|t:|1733898007\n|switch|p1a: Sinistcha|Sinistcha, L83|254/254\n|move|p2a: Quaquaval|Swords Dance|p2a: Quaquaval\n|-boost|p2a: Quaquaval|atk|2\n|\n|upkeep\n|turn|2\n|\n|t:|1733898030\n|-terastallize|p1a: Sinistcha|Steel\n|move|p2a: Quaquaval|Aqua Step|p1a: Sinistcha\n|-damage|p1a: Sinistcha|58/254\n|-boost|p2a: Quaquaval|spe|1\n|-damage|p2a: Quaquaval|238/264|[from] item: Life Orb\n|move|p1a: Sinistcha|Matcha Gotcha|p2a: Quaquaval\n|-supereffective|p2a: Quaquaval\n|-damage|p2a: Quaquaval|0 fnt\n|-heal|p1a: Sinistcha|177/254|[from] drain|[of] p2a: Quaquaval\n|faint|p2a: Quaquaval\n|\n|-heal|p1a: Sinistcha|192/254|[from] item: Leftovers\n|upkeep\n|\n|t:|1733898056\n|switch|p2a: Vigoroth|Vigoroth, L85, M|275/275\n|turn|3\n|\n|t:|1733898069\n|move|p2a: Vigoroth|Earthquake|p1a: Sinistcha\n|-supereffective|p1a: Sinistcha\n|-damage|p1a: Sinistcha|76/254\n|move|p1a: Sinistcha|Matcha Gotcha|p2a: Vigoroth\n|-damage|p2a: Vigoroth|184/275\n|-heal|p1a: Sinistcha|122/254|[from] drain|[of] p2a: Vigoroth\n|-status|p2a: Vigoroth|brn\n|\n|-heal|p1a: Sinistcha|137/254|[from] item: Leftovers\n|-damage|p2a: Vigoroth|167/275 brn|[from] brn\n|upkeep\n|turn|4\n|\n|t:|1733898093\n|move|p2a: Vigoroth|Earthquake|p1a: Sinistcha\n|-supereffective|p1a: Sinistcha\n|-damage|p1a: Sinistcha|83/254\n|move|p1a: Sinistcha|Strength Sap|p2a: Vigoroth\n|-unboost|p2a: Vigoroth|atk|1\n|-heal|p1a: Sinistcha|254/254\n|\n|-damage|p2a: Vigoroth|150/275 brn|[from] brn\n|upkeep\n|turn|5\n|\n|t:|1733898111\n|switch|p2a: Dipplin|Dipplin, L88, F|284/284\n|move|p1a: Sinistcha|Calm Mind|p1a: Sinistcha\n|-boost|p1a: Sinistcha|spa|1\n|-boost|p1a: Sinistcha|spd|1\n|\n|upkeep\n|turn|6\n|\n|t:|1733898128\n|move|p1a: Sinistcha|Shadow Ball|p2a: Dipplin\n|-damage|p2a: Dipplin|182/284\n|move|p2a: Dipplin|Dragon Tail|p1a: Sinistcha\n|-resisted|p1a: Sinistcha\n|-damage|p1a: Sinistcha|228/254\n|drag|p1a: Mamoswine|Mamoswine, L81, F|311/311\n|\n|upkeep\n|turn|7\n|\n|t:|1733898147\n|switch|p2a: Vigoroth|Vigoroth, L85, M|150/275 brn\n|move|p1a: Mamoswine|Icicle Crash|p2a: Vigoroth\n|-damage|p2a: Vigoroth|35/275 brn\n|\n|-damage|p2a: Vigoroth|18/275 brn|[from] brn\n|upkeep\n|turn|8\n|\n|t:|1733898159\n|switch|p1a: Sinistcha|Sinistcha, L83, tera:Steel|228/254\n|move|p2a: Vigoroth|Slack Off|p2a: Vigoroth\n|-heal|p2a: Vigoroth|156/275 brn\n|\n|-heal|p1a: Sinistcha|243/254|[from] item: Leftovers\n|-damage|p2a: Vigoroth|139/275 brn|[from] brn\n|upkeep\n|turn|9\n|\n|t:|1733898181\n|switch|p2a: Dipplin|Dipplin, L88, F|182/284\n|move|p1a: Sinistcha|Matcha Gotcha|p2a: Dipplin\n|-resisted|p2a: Dipplin\n|-damage|p2a: Dipplin|164/284\n|-heal|p1a: Sinistcha|252/254|[from] drain|[of] p2a: Dipplin\n|\n|-heal|p1a: Sinistcha|254/254|[from] item: Leftovers\n|upkeep\n|turn|10\n|\n|t:|1733898196\n|move|p1a: Sinistcha|Shadow Ball|p2a: Dipplin\n|-damage|p2a: Dipplin|94/284\n|move|p2a: Dipplin|Dragon Tail|p1a: Sinistcha\n|-resisted|p1a: Sinistcha\n|-damage|p1a: Sinistcha|230/254\n|drag|p1a: Mamoswine|Mamoswine, L81, F|311/311\n|\n|upkeep\n|turn|11\n|\n|t:|1733898212\n|switch|p2a: Tatsugiri|Tatsugiri-Droopy, L87, M|260/260\n|move|p1a: Mamoswine|Ice Shard|p2a: Tatsugiri\n|-damage|p2a: Tatsugiri|163/260\n|\n|upkeep\n|turn|12\n|\n|t:|1733898230\n|switch|p1a: Dewgong|Dewgong, L94, F|322/322\n|move|p2a: Tatsugiri|Surf|p1a: Dewgong\n|-resisted|p1a: Dewgong\n|-damage|p1a: Dewgong|290/322\n|\n|upkeep\n|turn|13\n|\n|t:|1733898248\n|move|p2a: Tatsugiri|Draco Meteor|p1a: Dewgong\n|-damage|p1a: Dewgong|197/322\n|-unboost|p2a: Tatsugiri|spa|2\n|move|p1a: Dewgong|Knock Off|p2a: Tatsugiri\n|-damage|p2a: Tatsugiri|75/260\n|-enditem|p2a: Tatsugiri|Heavy-Duty Boots|[from] move: Knock Off|[of] p1a: Dewgong\n|\n|upkeep\n|turn|14\n|\n|t:|1733898260\n|switch|p2a: Vigoroth|Vigoroth, L85, M|139/275 brn\n|move|p1a: Dewgong|Ice Beam|p2a: Vigoroth\n|-damage|p2a: Vigoroth|49/275 brn\n|\n|-damage|p2a: Vigoroth|32/275 brn|[from] brn\n|upkeep\n|turn|15\n|\n|t:|1733898278\n|move|p2a: Vigoroth|Slack Off|p2a: Vigoroth\n|-heal|p2a: Vigoroth|170/275 brn\n|move|p1a: Dewgong|Ice Beam|p2a: Vigoroth\n|-damage|p2a: Vigoroth|79/275 brn\n|\n|-damage|p2a: Vigoroth|62/275 brn|[from] brn\n|upkeep\n|turn|16\n|\n|t:|1733898298\n|switch|p1a: Sinistcha|Sinistcha, L83, tera:Steel|230/254\n|move|p2a: Vigoroth|Slack Off|p2a: Vigoroth\n|-heal|p2a: Vigoroth|200/275 brn\n|\n|-heal|p1a: Sinistcha|245/254|[from] item: Leftovers\n|-damage|p2a: Vigoroth|183/275 brn|[from] brn\n|upkeep\n|turn|17\n|\n|t:|1733898311\n|move|p2a: Vigoroth|Body Slam|p1a: Sinistcha\n|-resisted|p1a: Sinistcha\n|-damage|p1a: Sinistcha|228/254\n|move|p1a: Sinistcha|Calm Mind|p1a: Sinistcha\n|-boost|p1a: Sinistcha|spa|1\n|-boost|p1a: Sinistcha|spd|1\n|\n|-heal|p1a: Sinistcha|243/254|[from] item: Leftovers\n|-damage|p2a: Vigoroth|166/275 brn|[from] brn\n|upkeep\n|turn|18\n|\n|t:|1733898327\n|move|p2a: Vigoroth|Body Slam|p1a: Sinistcha\n|-resisted|p1a: Sinistcha\n|-damage|p1a: Sinistcha|224/254\n|move|p1a: Sinistcha|Matcha Gotcha|p2a: Vigoroth\n|-damage|p2a: Vigoroth|16/275 brn\n|-heal|p1a: Sinistcha|254/254|[from] drain|[of] p2a: Vigoroth\n|\n|-damage|p2a: Vigoroth|0 fnt|[from] brn\n|faint|p2a: Vigoroth\n|upkeep\n|\n|t:|1733898345\n|switch|p2a: Terapagos|Terapagos, L76, M|262/262\n|-activate|p2a: Terapagos|ability: Tera Shift\n|detailschange|p2a: Terapagos|Terapagos-Terastal, L76, M\n|-heal|p2a: Terapagos|269/269|[silent]\n|turn|19\n|\n|t:|1733898363\n|-terastallize|p2a: Terapagos|Stellar\n|detailschange|p2a: Terapagos|Terapagos-Stellar, L76, M, tera:Stellar\n|-heal|p2a: Terapagos|368/368|[silent]\n|move|p2a: Terapagos|Earth Power|p1a: Sinistcha\n|-supereffective|p1a: Sinistcha\n|-damage|p1a: Sinistcha|146/254\n|move|p1a: Sinistcha|Calm Mind|p1a: Sinistcha\n|-boost|p1a: Sinistcha|spa|1\n|-boost|p1a: Sinistcha|spd|1\n|\n|-heal|p1a: Sinistcha|161/254|[from] item: Leftovers\n|upkeep\n|turn|20\n|\n|t:|1733898380\n|move|p2a: Terapagos|Tera Starstorm|p1a: Sinistcha\n|-supereffective|p1a: Sinistcha\n|-damage|p1a: Sinistcha|37/254\n|move|p1a: Sinistcha|Strength Sap|p2a: Terapagos\n|-unboost|p2a: Terapagos|atk|1\n|-heal|p1a: Sinistcha|201/254\n|\n|-heal|p1a: Sinistcha|216/254|[from] item: Leftovers\n|upkeep\n|turn|21\n|\n|t:|1733898392\n|move|p2a: Terapagos|Tera Starstorm|p1a: Sinistcha\n|-supereffective|p1a: Sinistcha\n|-damage|p1a: Sinistcha|96/254\n|move|p1a: Sinistcha|Calm Mind|p1a: Sinistcha\n|-boost|p1a: Sinistcha|spa|1\n|-boost|p1a: Sinistcha|spd|1\n|\n|-heal|p1a: Sinistcha|111/254|[from] item: Leftovers\n|upkeep\n|turn|22\n|\n|t:|1733898407\n|move|p2a: Terapagos|Calm Mind|p2a: Terapagos\n|-boost|p2a: Terapagos|spa|1\n|-boost|p2a: Terapagos|spd|1\n|move|p1a: Sinistcha|Strength Sap|p2a: Terapagos\n|-unboost|p2a: Terapagos|atk|1\n|-heal|p1a: Sinistcha|220/254\n|\n|-heal|p1a: Sinistcha|235/254|[from] item: Leftovers\n|upkeep\n|turn|23\n|\n|t:|1733898418\n|move|p2a: Terapagos|Calm Mind|p2a: Terapagos\n|-boost|p2a: Terapagos|spa|1\n|-boost|p2a: Terapagos|spd|1\n|move|p1a: Sinistcha|Matcha Gotcha|p2a: Terapagos\n|-damage|p2a: Terapagos|253/368\n|-heal|p1a: Sinistcha|254/254|[from] drain|[of] p2a: Terapagos\n|\n|upkeep\n|turn|24\n|\n|t:|1733898428\n|move|p2a: Terapagos|Calm Mind|p2a: Terapagos\n|-boost|p2a: Terapagos|spa|1\n|-boost|p2a: Terapagos|spd|1\n|move|p1a: Sinistcha|Matcha Gotcha|p2a: Terapagos\n|-damage|p2a: Terapagos|157/368\n|-status|p2a: Terapagos|brn\n|\n|-damage|p2a: Terapagos|134/368 brn|[from] brn\n|upkeep\n|turn|25\n|\n|t:|1733898443\n|move|p2a: Terapagos|Rest|p2a: Terapagos\n|-status|p2a: Terapagos|slp|[from] move: Rest\n|-heal|p2a: Terapagos|368/368 slp|[silent]\n|-enditem|p2a: Terapagos|Chesto Berry|[eat]\n|-curestatus|p2a: Terapagos|slp|[msg]\n|move|p1a: Sinistcha|Matcha Gotcha|p2a: Terapagos\n|-damage|p2a: Terapagos|274/368\n|\n|upkeep\n|turn|26\n|\n|t:|1733898460\n|move|p2a: Terapagos|Tera Starstorm|p1a: Sinistcha\n|-supereffective|p1a: Sinistcha\n|-damage|p1a: Sinistcha|2/254\n|move|p1a: Sinistcha|Calm Mind|p1a: Sinistcha\n|-boost|p1a: Sinistcha|spa|1\n|-boost|p1a: Sinistcha|spd|1\n|\n|-heal|p1a: Sinistcha|17/254|[from] item: Leftovers\n|upkeep\n|turn|27\n|\n|t:|1733898484\n|move|p2a: Terapagos|Earth Power|p1a: Sinistcha\n|-supereffective|p1a: Sinistcha\n|-damage|p1a: Sinistcha|0 fnt\n|faint|p1a: Sinistcha\n|\n|upkeep\n|\n|t:|1733898499\n|switch|p1a: Barraskewda|Barraskewda, L81, M|231/231\n|turn|28\n|\n|t:|1733898533\n|move|p1a: Barraskewda|Close Combat|p2a: Terapagos\n|-supereffective|p2a: Terapagos\n|-damage|p2a: Terapagos|0 fnt\n|-unboost|p1a: Barraskewda|def|1\n|-unboost|p1a: Barraskewda|spd|1\n|faint|p2a: Terapagos\n|\n|upkeep\n|\n|t:|1733898541\n|switch|p2a: Dipplin|Dipplin, L88, F|94/284\n|turn|29\n|\n|t:|1733898556\n|switch|p1a: Mamoswine|Mamoswine, L81, F|311/311\n|move|p2a: Dipplin|Giga Drain|p1a: Mamoswine\n|-supereffective|p1a: Mamoswine\n|-damage|p1a: Mamoswine|69/311\n|-heal|p2a: Dipplin|215/284|[from] drain|[of] p1a: Mamoswine\n|\n|upkeep\n|turn|30\n|\n|t:|1733898573\n|move|p1a: Mamoswine|Icicle Crash|p2a: Dipplin\n|-supereffective|p2a: Dipplin\n|-damage|p2a: Dipplin|0 fnt\n|faint|p2a: Dipplin\n|\n|upkeep\n|\n|t:|1733898588\n|switch|p2a: Necrozma|Necrozma-Dawn-Wings, L76|272/272\n|turn|31\n|\n|t:|1733898602\n|switch|p1a: Dewgong|Dewgong, L94, F|197/322\n|move|p2a: Necrozma|Brick Break|p1a: Dewgong\n|-supereffective|p1a: Dewgong\n|-damage|p1a: Dewgong|83/322\n|-damage|p2a: Necrozma|245/272|[from] item: Life Orb\n|\n|upkeep\n|turn|32\n|\n|t:|1733898620\n|move|p1a: Dewgong|Ice Beam|p2a: Necrozma\n|-damage|p2a: Necrozma|161/272\n|move|p2a: Necrozma|Brick Break|p1a: Dewgong\n|-supereffective|p1a: Dewgong\n|-damage|p1a: Dewgong|0 fnt\n|faint|p1a: Dewgong\n|-damage|p2a: Necrozma|134/272|[from] item: Life Orb\n|\n|upkeep\n|\n|t:|1733898628\n|switch|p1a: Mamoswine|Mamoswine, L81, F|69/311\n|turn|33\n|\n|t:|1733898640\n|move|p1a: Mamoswine|Knock Off|p2a: Necrozma\n|-supereffective|p2a: Necrozma\n|-damage|p2a: Necrozma|0 fnt\n|-enditem|p2a: Necrozma|Life Orb|[from] move: Knock Off|[of] p1a: Mamoswine\n|faint|p2a: Necrozma\n|\n|upkeep\n|\n|t:|1733898648\n|switch|p2a: Tatsugiri|Tatsugiri-Droopy, L87, M|75/260\n|turn|34\n|\n|t:|1733898654\n|move|p2a: Tatsugiri|Surf|p1a: Mamoswine\n|-supereffective|p1a: Mamoswine\n|-damage|p1a: Mamoswine|0 fnt\n|faint|p1a: Mamoswine\n|\n|upkeep\n|\n|t:|1733898664\n|switch|p1a: Barraskewda|Barraskewda, L81, M|231/231\n|turn|35\n|\n|t:|1733898672\n|move|p1a: Barraskewda|Throat Chop|p2a: Tatsugiri\n|-damage|p2a: Tatsugiri|0 fnt\n|faint|p2a: Tatsugiri\n|\n|win|nani mila\n|raw|nani mila's rating: 1289 &rarr; <strong>1311</strong><br />(+22 for winning)\n|raw|xushui's rating: 1250 &rarr; <strong>1228</strong><br />(-22 for losing)\n|l|\u2606xushui\n|player|p2|\n|c|\u2606nani mila|gg\n", "inputlog": ">version bfd83cad13791eb5a5a409923076391caf6fb4d4\n>start {\"formatid\":\"gen9randombattle\",\"seed\":[54592,33040,28216,48142],\"rated\":\"Rated battle\"}\n>player p1 {\"name\":\"nani mila\",\"avatar\":\"teammagmagruntf-gen3\",\"rating\":1289,\"seed\":[6058,28795,58922,47158]}\n>player p2 {\"name\":\"xushui\",\"avatar\":\"101\",\"rating\":1277,\"seed\":[48131,24619,46557,28784]}\n>p1 switch 3\n>p2 move swordsdance\n>p1 move matchagotcha terastallize\n>p2 move aquastep\n>p2 switch 5\n>p1 move matchagotcha\n>p2 move earthquake\n>p1 move strengthsap\n>p2 move earthquake\n>p1 move calmmind\n>p2 switch 6\n>p1 move shadowball\n>p2 move dragontail\n>p1 move iciclecrash\n>p2 switch 6\n>p1 switch 5\n>p2 move slackoff\n>p1 move matchagotcha\n>p2 switch 6\n>p1 move shadowball\n>p2 move dragontail\n>p1 move iceshard\n>p2 switch 2\n>p1 switch 2\n>p2 move surf\n>p1 move knockoff\n>p2 move dracometeor\n>p1 move icebeam\n>p2 switch 6\n>p1 move icebeam\n>p2 move slackoff\n>p1 switch 5\n>p2 move slackoff\n>p1 move calmmind\n>p2 move bodyslam\n>p1 move matchagotcha\n>p2 move bodyslam\n>p2 switch 3\n>p1 move calmmind\n>p2 move earthpower terastallize\n>p1 move strengthsap\n>p2 move terastarstorm\n>p1 move calmmind\n>p2 move terastarstorm\n>p1 move strengthsap\n>p2 move calmmind\n>p1 move matchagotcha\n>p2 move calmmind\n>p1 move matchagotcha\n>p2 move calmmind\n>p1 move matchagotcha\n>p2 move rest\n>p1 move calmmind\n>p2 move terastarstorm\n>p1 move strengthsap\n>p2 move earthpower\n>p1 switch 3\n>p1 move closecombat\n>p2 move terastarstorm\n>p2 switch 2\n>p1 switch 2\n>p2 move gigadrain\n>p1 move iciclecrash\n>p2 move gigadrain\n>p2 switch 4\n>p1 switch 5\n>p2 move brickbreak\n>p1 move icebeam\n>p2 move brickbreak\n>p1 switch 5\n>p1 move knockoff\n>p2 move brickbreak\n>p2 switch 6\n>p1 move knockoff\n>p2 move surf\n>p1 switch 2\n>p1 move throatchop\n>p2 move dracometeor", "uploadtime": 1733898687, "views": 2, "formatid": "gen9randombattle", "rating": 1228, "private": 0, "password": null}