{"id": "gen9randombattle-2092043283", "format": "[Gen 9] Random Battle", "players": ["Norman2!", "ThOiOiOi"], "log": "|j|\u203dNorman2!\n|j|\u2606ThOiOiOi\n|t:|1711758126\n|gametype|singles\n|player|p1|Norman2!|169|2299\n|player|p2|ThOiOiOi|170|2229\n|teamsize|p1|6\n|teamsize|p2|6\n|gen|9\n|tier|[Gen 9] Random Battle\n|rated|\n|rule|Species Clause: Limit one of each Pok\u00e9mon\n|rule|HP Percentage Mod: HP is shown in percentages\n|rule|Sleep Clause Mod: Limit one foe put to sleep\n|rule|Illusion Level Mod: Illusion disguises the Pok\u00e9mon's true level\n|\n|t:|1711758126\n|start\n|switch|p1a: Brambleghast|Brambleghast, L88, M|240/240\n|switch|p2a: Hippowdon|Hippowdon, L82, M|311/311\n|-weather|Sandstorm|[from] ability: Sand Stream|[of] p2a: Hippowdon\n|turn|1\n|inactive|Battle timer is ON: inactive players will automatically lose when time's up. (requested by Norman2!)\n|\n|t:|1711758139\n|move|p1a: Brambleghast|Substitute|p1a: Brambleghast\n|-start|p1a: Brambleghast|Substitute\n|-damage|p1a: Brambleghast|180/240\n|move|p2a: Hippowdon|Whirlwind|p1a: Brambleghast\n|-ability|p1a: Brambleghast|Wind Rider|boost\n|-boost|p1a: Brambleghast|atk|1\n|\n|-weather|Sandstorm|[upkeep]\n|-damage|p1a: Brambleghast|165/240|[from] Sandstorm\n|-heal|p1a: Brambleghast|180/240|[from] item: Leftovers\n|upkeep\n|turn|2\n|\n|t:|1711758158\n|switch|p2a: Entei|Entei, L78|307/307\n|move|p1a: Brambleghast|Poltergeist|p2a: Entei\n|-activate|p2a: Entei|move: Poltergeist|Choice Band\n|-damage|p2a: Entei|72/307\n|\n|-weather|Sandstorm|[upkeep]\n|-damage|p1a: Brambleghast|165/240|[from] Sandstorm\n|-damage|p2a: Entei|53/307|[from] Sandstorm\n|-heal|p1a: Brambleghast|180/240|[from] item: Leftovers\n|upkeep\n|turn|3\n|\n|t:|1711758170\n|move|p1a: Brambleghast|Poltergeist|p2a: Entei\n|-activate|p2a: Entei|move: Poltergeist|Choice Band\n|-damage|p2a: Entei|0 fnt\n|faint|p2a: Entei\n|\n|-weather|Sandstorm|[upkeep]\n|-damage|p1a: Brambleghast|165/240|[from] Sandstorm\n|-heal|p1a: Brambleghast|180/240|[from] item: Leftovers\n|upkeep\n|\n|t:|1711758187\n|switch|p2a: Komala|Komala, L89, F|260/260\n|-ability|p2a: Komala|Comatose\n|turn|4\n|\n|t:|1711758213\n|move|p1a: Brambleghast|Power Whip|p2a: Komala\n|-damage|p2a: Komala|0 fnt\n|faint|p2a: Komala\n|\n|-weather|Sandstorm|[upkeep]\n|-damage|p1a: Brambleghast|165/240|[from] Sandstorm\n|-heal|p1a: Brambleghast|180/240|[from] item: Leftovers\n|upkeep\n|j| liligant69\n|inactive|ThOiOiOi has 120 seconds left.\n|\n|t:|1711758241\n|switch|p2a: Oricorio|Oricorio-Sensu, L85, M|266/266\n|turn|5\n|inactive|ThOiOiOi has 120 seconds left.\n|\n|t:|1711758248\n|-terastallize|p2a: Oricorio|Fighting\n|move|p1a: Brambleghast|Poltergeist|p2a: Oricorio\n|-activate|p2a: Oricorio|move: Poltergeist|Heavy-Duty Boots\n|-damage|p2a: Oricorio|0 fnt\n|faint|p2a: Oricorio\n|\n|-weather|none\n|-heal|p1a: Brambleghast|195/240|[from] item: Leftovers\n|upkeep\n|inactive|ThOiOiOi has 120 seconds left.\n|\n|t:|1711758261\n|switch|p2a: Eelektross|Eelektross, L87, F|290/290\n|turn|6\n|inactive|ThOiOiOi has 120 seconds left.\n|\n|t:|1711758268\n|move|p1a: Brambleghast|Power Whip|p2a: Eelektross\n|-damage|p2a: Eelektross|43/290\n|move|p2a: Eelektross|Supercell Slam|p1a: Brambleghast\n|-resisted|p1a: Brambleghast\n|-end|p1a: Brambleghast|Substitute\n|\n|-heal|p1a: Brambleghast|210/240|[from] item: Leftovers\n|-heal|p2a: Eelektross|61/290|[from] item: Leftovers\n|upkeep\n|turn|7\n|inactive|ThOiOiOi has 120 seconds left.\n|\n|t:|1711758279\n|move|p1a: Brambleghast|Poltergeist|p2a: Eelektross\n|-activate|p2a: Eelektross|move: Poltergeist|Leftovers\n|-damage|p2a: Eelektross|0 fnt\n|faint|p2a: Eelektross\n|\n|-heal|p1a: Brambleghast|225/240|[from] item: Leftovers\n|upkeep\n|inactive|ThOiOiOi has 120 seconds left.\n|\n|t:|1711758289\n|switch|p2a: Dugtrio|Dugtrio, L84, M|196/196\n|turn|8\n|\n|t:|1711758294\n|move|p2a: Dugtrio|Throat Chop|p1a: Brambleghast\n|-supereffective|p1a: Brambleghast\n|-damage|p1a: Brambleghast|31/240\n|-start|p1a: Brambleghast|Throat Chop|[silent]\n|move|p1a: Brambleghast|Power Whip|p2a: Dugtrio\n|-supereffective|p2a: Dugtrio\n|-damage|p2a: Dugtrio|0 fnt\n|faint|p2a: Dugtrio\n|\n|-heal|p1a: Brambleghast|46/240|[from] item: Leftovers\n|upkeep\n|\n|t:|1711758305\n|switch|p2a: Hippowdon|Hippowdon, L82, M|311/311\n|-weather|Sandstorm|[from] ability: Sand Stream|[of] p2a: Hippowdon\n|turn|9\n|\n|t:|1711758310\n|move|p1a: Brambleghast|Power Whip|p2a: Hippowdon\n|-supereffective|p2a: Hippowdon\n|-damage|p2a: Hippowdon|0 fnt\n|faint|p2a: Hippowdon\n|\n|win|Norman2!\n|raw|Norman2!'s rating: 2299 &rarr; <strong>2315</strong><br />(+16 for winning)\n|raw|ThOiOiOi's rating: 2229 &rarr; <strong>2213</strong><br />(-16 for losing)\n", "inputlog": ">version 2900dc167fef168b2118e614d150189f9391c44b\n>start {\"formatid\":\"gen9randombattle\",\"seed\":[32242,41562,55039,28617],\"rated\":\"Rated battle\"}\n>player p1 {\"name\":\"Norman2!\",\"avatar\":\"169\",\"rating\":2299,\"seed\":[23642,43197,11234,60236]}\n>player p2 {\"name\":\"ThOiOiOi\",\"avatar\":\"170\",\"rating\":2229,\"seed\":[43530,24878,47067,29813]}\n>p1 move substitute\n>p2 move whirlwind\n>p1 move poltergeist\n>p2 switch 5\n>p1 move poltergeist\n>p2 move sacredfire\n>p2 switch 3\n>p1 move powerwhip\n>p2 move knockoff\n>p2 switch 6\n>p1 move poltergeist\n>p2 move quiverdance terastallize\n>p2 switch 4\n>p1 move powerwhip\n>p2 move supercellslam\n>p1 move poltergeist\n>p2 move supercellslam\n>p2 switch 2\n>p1 move powerwhip\n>p2 move throatchop\n>p2 switch 5\n>p1 move powerwhip\n>p2 move earthquake", "uploadtime": 1711758316, "views": 233, "formatid": "gen9randombattle", "rating": 2213, "private": 0, "password": null}