{"id": "gen9randombattle-2260832565", "format": "[Gen 9] Random Battle", "players": ["RoboWahbit", "PyroYlem"], "log": "|j|\u2606RoboWahbit\n|j|\u2606PyroYlem\n|t:|1733900424\n|gametype|singles\n|player|p1|RoboWahbit|101|1196\n|player|p2|PyroYlem|colress|1173\n|teamsize|p1|6\n|teamsize|p2|6\n|gen|9\n|tier|[Gen 9] Random Battle\n|rated|\n|rule|Species Clause: Limit one of each Pok\u00e9mon\n|rule|HP Percentage Mod: HP is shown in percentages\n|rule|Sleep Clause Mod: Limit one foe put to sleep\n|rule|Illusion Level Mod: Illusion disguises the Pok\u00e9mon's true level\n|\n|t:|1733900424\n|start\n|switch|p1a: Mimikyu|Mimikyu, L79, F|216/216\n|switch|p2a: Electivire|Electivire, L84, F|263/263\n|turn|1\n|c|\u2606RoboWahbit|hf\n|inactive|Battle timer is ON: inactive players will automatically lose when time's up. (requested by RoboWahbit)\n|\n|t:|1733900438\n|switch|p1a: Ting-Lu|Ting-Lu, L78|370/370\n|-ability|p1a: Ting-Lu|Vessel of Ruin\n|move|p2a: Electivire|Knock Off|p1a: Ting-Lu\n|-resisted|p1a: Ting-Lu\n|-damage|p1a: Ting-Lu|328/370\n|-enditem|p1a: Ting-Lu|Leftovers|[from] move: Knock Off|[of] p2a: Electivire\n|-damage|p2a: Electivire|237/263|[from] item: Life Orb\n|\n|upkeep\n|turn|2\n|\n|t:|1733900448\n|switch|p2a: Abomasnow|Abomasnow, L85, F|291/291\n|-weather|Snow|[from] ability: Snow Warning|[of] p2a: Abomasnow\n|move|p1a: Ting-Lu|Earthquake|p2a: Abomasnow\n|-resisted|p2a: Abomasnow\n|-damage|p2a: Abomasnow|256/291\n|\n|-weather|Snow|[upkeep]\n|upkeep\n|turn|3\n|\n|t:|1733900453\n|switch|p1a: Magcargo|Magcargo, L95, M|268/268\n|move|p2a: Abomasnow|Aurora Veil|p2a: Abomasnow\n|-sidestart|p2: PyroYlem|move: Aurora Veil\n|\n|-weather|Snow|[upkeep]\n|upkeep\n|turn|4\n|\n|t:|1733900456\n|-terastallize|p2a: Abomasnow|Water\n|move|p2a: Abomasnow|Earthquake|p1a: Magcargo\n|-supereffective|p1a: Magcargo\n|-damage|p1a: Magcargo|60/268\n|-ability|p1a: Magcargo|Weak Armor|boost\n|-unboost|p1a: Magcargo|def|1\n|-boost|p1a: Magcargo|spe|2\n|move|p1a: Magcargo|Fire Blast|p2a: Abomasnow|[miss]\n|-miss|p1a: Magcargo|p2a: Abomasnow\n|\n|-weather|Snow|[upkeep]\n|upkeep\n|turn|5\n|\n|t:|1733900471\n|move|p1a: Magcargo|Power Gem|p2a: Abomasnow\n|-damage|p2a: Abomasnow|208/291\n|move|p2a: Abomasnow|Blizzard|p1a: Magcargo\n|-resisted|p1a: Magcargo\n|-damage|p1a: Magcargo|3/268\n|\n|-weather|Snow|[upkeep]\n|upkeep\n|turn|6\n|\n|t:|1733900477\n|move|p1a: Magcargo|Power Gem|p2a: Abomasnow\n|-damage|p2a: Abomasnow|154/291\n|move|p2a: Abomasnow|Earthquake|p1a: Magcargo\n|-supereffective|p1a: Magcargo\n|-damage|p1a: Magcargo|0 fnt\n|faint|p1a: Magcargo\n|\n|-weather|none\n|upkeep\n|\n|t:|1733900478\n|switch|p1a: Chi-Yu|Chi-Yu, L77|211/211\n|-ability|p1a: Chi-Yu|Beads of Ruin\n|turn|7\n|\n|t:|1733900483\n|move|p1a: Chi-Yu|Will-O-Wisp|p2a: Abomasnow\n|-status|p2a: Abomasnow|brn\n|move|p2a: Abomasnow|Earthquake|p1a: Chi-Yu\n|-supereffective|p1a: Chi-Yu\n|-damage|p1a: Chi-Yu|122/211\n|\n|-damage|p2a: Abomasnow|136/291 brn|[from] brn\n|upkeep\n|turn|8\n|\n|t:|1733900494\n|switch|p2a: Electivire|Electivire, L84, F|237/263\n|move|p1a: Chi-Yu|Dark Pulse|p2a: Electivire\n|-damage|p2a: Electivire|169/263\n|\n|upkeep\n|turn|9\n|\n|t:|1733900501\n|switch|p1a: Ting-Lu|Ting-Lu, L78|328/370\n|-ability|p1a: Ting-Lu|Vessel of Ruin\n|move|p2a: Electivire|Supercell Slam|p1a: Ting-Lu\n|-immune|p1a: Ting-Lu\n|-damage|p2a: Electivire|38/263|[from] supercellslam\n|\n|upkeep\n|turn|10\n|\n|t:|1733900513\n|move|p2a: Electivire|Earthquake|p1a: Ting-Lu\n|-damage|p1a: Ting-Lu|242/370\n|-damage|p2a: Electivire|12/263|[from] item: Life Orb\n|move|p1a: Ting-Lu|Stealth Rock|p2a: Electivire\n|-sidestart|p2: PyroYlem|move: Stealth Rock\n|\n|-sideend|p2: PyroYlem|move: Aurora Veil\n|upkeep\n|turn|11\n|\n|t:|1733900516\n|move|p2a: Electivire|Earthquake|p1a: Ting-Lu\n|-damage|p1a: Ting-Lu|156/370\n|-damage|p2a: Electivire|0 fnt|[from] item: Life Orb\n|faint|p2a: Electivire\n|move|p1a: Ting-Lu|Payback|p2: Electivire|[notarget]\n|-fail|p1a: Ting-Lu\n|\n|upkeep\n|\n|t:|1733900520\n|switch|p2a: Tsareena|Tsareena, L87, F|267/267\n|-damage|p2a: Tsareena|234/267|[from] Stealth Rock\n|turn|12\n|\n|t:|1733900525\n|switch|p1a: Mimikyu|Mimikyu, L79, F|216/216\n|move|p2a: Tsareena|High Jump Kick|p1a: Mimikyu\n|-immune|p1a: Mimikyu\n|-damage|p2a: Tsareena|101/267|[from] highjumpkick\n|\n|upkeep\n|turn|13\n|\n|t:|1733900535\n|switch|p2a: Archaludon|Archaludon, L78, F|268/268\n|-damage|p2a: Archaludon|252/268|[from] Stealth Rock\n|move|p1a: Mimikyu|Swords Dance|p1a: Mimikyu\n|-boost|p1a: Mimikyu|atk|2\n|\n|upkeep\n|turn|14\n|\n|t:|1733900540\n|move|p1a: Mimikyu|Swords Dance|p1a: Mimikyu\n|-boost|p1a: Mimikyu|atk|2\n|move|p2a: Archaludon|Iron Head|p1a: Mimikyu\n|-activate|p1a: Mimikyu|ability: Disguise\n|-damage|p1a: Mimikyu|216/216\n|detailschange|p1a: Mimikyu|Mimikyu-Busted, L79, F\n|-damage|p1a: Mimikyu|189/216|[from] pokemon: Mimikyu-Busted\n|\n|upkeep\n|turn|15\n|\n|t:|1733900543\n|switch|p1a: Chi-Yu|Chi-Yu, L77|122/211\n|-ability|p1a: Chi-Yu|Beads of Ruin\n|move|p2a: Archaludon|Swords Dance|p2a: Archaludon\n|-boost|p2a: Archaludon|atk|2\n|\n|upkeep\n|turn|16\n|\n|t:|1733900553\n|move|p1a: Chi-Yu|Fire Blast|p2a: Archaludon|[miss]\n|-miss|p1a: Chi-Yu|p2a: Archaludon\n|move|p2a: Archaludon|Earthquake|p1a: Chi-Yu\n|-supereffective|p1a: Chi-Yu\n|-damage|p1a: Chi-Yu|0 fnt\n|faint|p1a: Chi-Yu\n|\n|upkeep\n|\n|t:|1733900553\n|switch|p1a: Ting-Lu|Ting-Lu, L78|156/370\n|-ability|p1a: Ting-Lu|Vessel of Ruin\n|turn|17\n|\n|t:|1733900569\n|move|p2a: Archaludon|Earthquake|p1a: Ting-Lu\n|-damage|p1a: Ting-Lu|44/370\n|move|p1a: Ting-Lu|Earthquake|p2a: Archaludon\n|-supereffective|p2a: Archaludon\n|-damage|p2a: Archaludon|88/268\n|-ability|p2a: Archaludon|Stamina|boost\n|-boost|p2a: Archaludon|def|1\n|\n|upkeep\n|turn|18\n|\n|t:|1733900574\n|move|p2a: Archaludon|Earthquake|p1a: Ting-Lu\n|-damage|p1a: Ting-Lu|0 fnt\n|faint|p1a: Ting-Lu\n|\n|upkeep\n|\n|t:|1733900574\n|switch|p1a: Regieleki|Regieleki, L79|256/256\n|turn|19\n|\n|t:|1733900580\n|move|p1a: Regieleki|Thunderbolt|p2a: Archaludon\n|-resisted|p2a: Archaludon\n|-damage|p2a: Archaludon|0 fnt\n|faint|p2a: Archaludon\n|\n|upkeep\n|\n|t:|1733900586\n|switch|p2a: Tsareena|Tsareena, L87, F|101/267\n|-damage|p2a: Tsareena|68/267|[from] Stealth Rock\n|turn|20\n|\n|t:|1733900590\n|move|p1a: Regieleki|Thunderbolt|p2a: Tsareena\n|-resisted|p2a: Tsareena\n|-damage|p2a: Tsareena|9/267\n|move|p2a: Tsareena|Knock Off|p1a: Regieleki\n|-damage|p1a: Regieleki|132/256\n|-enditem|p1a: Regieleki|Magnet|[from] move: Knock Off|[of] p2a: Tsareena\n|\n|upkeep\n|turn|21\n|\n|t:|1733900594\n|move|p1a: Regieleki|Rapid Spin|p2a: Tsareena\n|-damage|p2a: Tsareena|0 fnt\n|-boost|p1a: Regieleki|spe|1\n|faint|p2a: Tsareena\n|\n|upkeep\n|\n|t:|1733900602\n|switch|p2a: Abomasnow|Abomasnow, L85, F, tera:Water|136/291 brn\n|-damage|p2a: Abomasnow|100/291 brn|[from] Stealth Rock\n|-weather|Snow|[from] ability: Snow Warning|[of] p2a: Abomasnow\n|turn|22\n|\n|t:|1733900607\n|move|p1a: Regieleki|Thunderbolt|p2a: Abomasnow\n|-supereffective|p2a: Abomasnow\n|-damage|p2a: Abomasnow|0 fnt\n|faint|p2a: Abomasnow\n|\n|-weather|Snow|[upkeep]\n|upkeep\n|\n|t:|1733900612\n|switch|p2a: Venomoth|Venomoth, L84, M|255/255\n|turn|23\n|\n|t:|1733900614\n|move|p1a: Regieleki|Thunderbolt|p2a: Venomoth\n|-damage|p2a: Venomoth|132/255\n|move|p2a: Venomoth|Sleep Powder|p1a: Regieleki\n|-status|p1a: Regieleki|slp|[from] move: Sleep Powder\n|\n|-weather|Snow|[upkeep]\n|upkeep\n|turn|24\n|\n|t:|1733900620\n|cant|p1a: Regieleki|slp\n|move|p2a: Venomoth|Quiver Dance|p2a: Venomoth\n|-boost|p2a: Venomoth|spa|1\n|-boost|p2a: Venomoth|spd|1\n|-boost|p2a: Venomoth|spe|1\n|\n|-weather|Snow|[upkeep]\n|upkeep\n|turn|25\n|\n|t:|1733900625\n|switch|p1a: Dodrio|Dodrio, L86, M|243/243\n|move|p2a: Venomoth|Quiver Dance|p2a: Venomoth\n|-boost|p2a: Venomoth|spa|1\n|-boost|p2a: Venomoth|spd|1\n|-boost|p2a: Venomoth|spe|1\n|\n|-weather|Snow|[upkeep]\n|upkeep\n|turn|26\n|\n|t:|1733900637\n|move|p2a: Venomoth|Sludge Wave|p1a: Dodrio\n|-damage|p1a: Dodrio|0 fnt\n|faint|p1a: Dodrio\n|\n|-weather|none\n|upkeep\n|\n|t:|1733900637\n|switch|p1a: Mimikyu|Mimikyu-Busted, L79, F|189/216\n|turn|27\n|\n|t:|1733900646\n|switch|p1a: Regieleki|Regieleki, L79|132/256 slp\n|move|p2a: Venomoth|Sludge Wave|p1a: Regieleki\n|-damage|p1a: Regieleki|0 fnt\n|faint|p1a: Regieleki\n|\n|upkeep\n|\n|t:|1733900646\n|switch|p1a: Mimikyu|Mimikyu-Busted, L79, F|189/216\n|turn|28\n|\n|t:|1733900651\n|-terastallize|p1a: Mimikyu|Grass\n|move|p2a: Venomoth|Sludge Wave|p1a: Mimikyu\n|-supereffective|p1a: Mimikyu\n|-damage|p1a: Mimikyu|0 fnt\n|faint|p1a: Mimikyu\n|\n|win|PyroYlem\n|raw|RoboWahbit's rating: 1196 &rarr; <strong>1169</strong><br />(-27 for losing)\n|raw|PyroYlem's rating: 1173 &rarr; <strong>1200</strong><br />(+27 for winning)\n|c|\u2606RoboWahbit|gg\n", "inputlog": ">version bfd83cad13791eb5a5a409923076391caf6fb4d4\n>start {\"formatid\":\"gen9randombattle\",\"seed\":[16375,37048,22751,60892],\"rated\":\"Rated battle\"}\n>player p1 {\"name\":\"RoboWahbit\",\"avatar\":\"101\",\"rating\":1196,\"seed\":[52987,36852,2520,50109]}\n>player p2 {\"name\":\"PyroYlem\",\"avatar\":\"colress\",\"rating\":1173,\"seed\":[21326,62088,731,4992]}\n>chat \u2606RoboWahbit|hf\n>p1 switch 4\n>p2 move knockoff\n>p1 move earthquake\n>p2 switch 3\n>p1 switch 2\n>p2 move auroraveil\n>p1 move fireblast\n>p2 move earthquake terastallize\n>p1 move powergem\n>p2 move blizzard\n>p1 move powergem\n>p2 move earthquake\n>p1 switch 5\n>p1 move willowisp\n>p2 move earthquake\n>p1 move darkpulse\n>p2 switch 3\n>p1 switch 2\n>p2 move supercellslam\n>p1 move stealthrock\n>p2 move earthquake\n>p1 move payback\n>p2 move earthquake\n>p2 switch 6\n>p1 switch 4\n>p2 move highjumpkick\n>p1 move swordsdance\n>p2 switch 5\n>p1 move swordsdance\n>p2 move ironhead\n>p1 switch 2\n>p2 move swordsdance\n>p1 move fireblast\n>p2 move earthquake\n>p1 switch 4\n>p1 move earthquake\n>p2 move earthquake\n>p1 move earthquake\n>p2 move earthquake\n>p1 switch 6\n>p1 move thunderbolt\n>p2 move earthquake\n>p2 switch 5\n>p1 move thunderbolt\n>p2 move knockoff\n>p1 move rapidspin\n>p2 move knockoff\n>p2 switch 3\n>p1 move thunderbolt\n>p2 move auroraveil\n>p2 switch 2\n>p1 move thunderbolt\n>p2 move sleeppowder\n>p1 move thunderbolt\n>p2 move quiverdance\n>p1 switch 3\n>p2 move quiverdance\n>p1 move swordsdance\n>p2 move sludgewave\n>p1 switch 2\n>p1 switch 3\n>p2 move sludgewave\n>p1 switch 3\n>p1 move swordsdance terastallize\n>p2 move sludgewave", "uploadtime": 1733900652, "views": 1, "formatid": "gen9randombattle", "rating": 1169, "private": 0, "password": null}