{"id": "gen9randombattle-2201285285", "format": "[Gen 9] Random Battle", "players": ["RBLT Wigglytuff", "RBLT Ilex"], "log": "|badge|p2|bronze|gen9randombattle|100-2\n|uhtml|medal-msg|<div class=\"broadcast-blue\">Curious what those medals under the avatar are? PS now has Ladder Seasons! For more information, check out the <a href=\"https://www.smogon.com/forums/threads/3740067/\">thread on Smogon.</a></div>\n|raw|<div class=\"broadcast-blue\"><strong>This battle is required to be public due to a player having a name starting with 'rblt'.</div>\n|j|\u2606RBLT Wigglytuff\n|j|\u2606RBLT Ilex\n|t:|1726289593\n|gametype|singles\n|player|p1|RBLT Wigglytuff|skierf|2299\n|player|p2|RBLT Ilex|kris-masters|2348\n|teamsize|p1|6\n|teamsize|p2|6\n|gen|9\n|tier|[Gen 9] Random Battle\n|rated|\n|rule|Species Clause: Limit one of each Pok\u00e9mon\n|rule|HP Percentage Mod: HP is shown in percentages\n|rule|Sleep Clause Mod: Limit one foe put to sleep\n|rule|Illusion Level Mod: Illusion disguises the Pok\u00e9mon's true level\n|\n|t:|1726289593\n|start\n|switch|p1a: Houndstone|Houndstone, L86, M|219/219\n|switch|p2a: Rotom|Rotom, L88|231/231\n|turn|1\n|inactive|Battle timer is ON: inactive players will automatically lose when time's up. (requested by RBLT Wigglytuff)\n|\n|t:|1726289620\n|switch|p2a: Vikavolt|Vikavolt, L83, F|263/263\n|move|p1a: Houndstone|Bitter Malice|p2a: Vikavolt\n|-damage|p2a: Vikavolt|106/263\n|-unboost|p2a: Vikavolt|atk|1\n|\n|upkeep\n|turn|2\n|\n|t:|1726289638\n|switch|p1a: Diancie|Diancie, L82|216/216\n|move|p2a: Vikavolt|Sticky Web|p1a: Diancie\n|-sidestart|p1: RBLT Wigglytuff|move: Sticky Web\n|\n|upkeep\n|turn|3\n|\n|t:|1726289646\n|switch|p2a: Dondozo|Dondozo, L78, F|362/362\n|move|p1a: Diancie|Stealth Rock|p2a: Dondozo\n|-sidestart|p2: RBLT Ilex|move: Stealth Rock\n|\n|upkeep\n|turn|4\n|j| RBLT Petros\n|\n|t:|1726289657\n|switch|p1a: Alcremie|Alcremie-Caramel-Swirl, L90, F|263/263\n|-activate|p1a: Alcremie|move: Sticky Web\n|-unboost|p1a: Alcremie|spe|1\n|move|p2a: Dondozo|Wave Crash|p1a: Alcremie\n|-damage|p1a: Alcremie|146/263\n|-damage|p2a: Dondozo|323/362|[from] Recoil\n|\n|-heal|p1a: Alcremie|162/263|[from] item: Leftovers\n|-heal|p2a: Dondozo|345/362|[from] item: Leftovers\n|upkeep\n|turn|5\n|j| gob8o\n|inactive|RBLT Ilex has 120 seconds left.\n|\n|t:|1726289691\n|move|p1a: Alcremie|Alluring Voice|p2a: Dondozo\n|-damage|p2a: Dondozo|204/362\n|move|p2a: Dondozo|Wave Crash|p1a: Alcremie\n|-damage|p1a: Alcremie|42/263\n|-damage|p2a: Dondozo|164/362|[from] Recoil\n|\n|-heal|p1a: Alcremie|58/263|[from] item: Leftovers\n|-heal|p2a: Dondozo|186/362|[from] item: Leftovers\n|upkeep\n|turn|6\n|inactive|RBLT Ilex has 120 seconds left.\n|j| RBLT Unstoppable\n|\n|t:|1726289709\n|switch|p2a: Vikavolt|Vikavolt, L83, F|106/263\n|move|p1a: Alcremie|Alluring Voice|p2a: Vikavolt\n|-damage|p2a: Vikavolt|0 fnt\n|faint|p2a: Vikavolt\n|\n|-heal|p1a: Alcremie|74/263|[from] item: Leftovers\n|upkeep\n|\n|t:|1726289714\n|switch|p2a: Mudsdale|Mudsdale, L84, F|305/305\n|-damage|p2a: Mudsdale|286/305|[from] Stealth Rock\n|turn|7\n|l| RBLT Unstoppable\n|inactive|RBLT Ilex has 120 seconds left.\n|l| gob8o\n|\n|t:|1726289734\n|switch|p1a: Houndstone|Houndstone, L86, M|264/264\n|-activate|p1a: Houndstone|move: Sticky Web\n|-unboost|p1a: Houndstone|spe|1\n|move|p2a: Mudsdale|Earthquake|p1a: Houndstone\n|-damage|p1a: Houndstone|92/264\n|\n|-heal|p1a: Houndstone|108/264|[from] item: Leftovers\n|upkeep\n|turn|8\n|inactive|RBLT Ilex has 120 seconds left.\n|\n|t:|1726289749\n|switch|p2a: Leavanny|Leavanny, L86, M|269/269\n|move|p1a: Houndstone|Shadow Sneak|p2a: Leavanny\n|-damage|p2a: Leavanny|220/269\n|\n|-heal|p1a: Houndstone|124/264|[from] item: Leftovers\n|upkeep\n|turn|9\n|\n|t:|1726289755\n|switch|p1a: Perrserker|Perrserker, L89, F|269/269\n|-activate|p1a: Perrserker|move: Sticky Web\n|-unboost|p1a: Perrserker|spe|1\n|move|p2a: Leavanny|Swords Dance|p2a: Leavanny\n|-boost|p2a: Leavanny|atk|2\n|\n|upkeep\n|turn|10\n|inactive|RBLT Ilex has 120 seconds left.\n|\n|t:|1726289772\n|move|p2a: Leavanny|Knock Off|p1a: Perrserker\n|-damage|p1a: Perrserker|133/269\n|-enditem|p1a: Perrserker|Choice Band|[from] move: Knock Off|[of] p2a: Leavanny\n|move|p1a: Perrserker|Iron Head|p2a: Leavanny\n|-damage|p2a: Leavanny|42/269\n|\n|upkeep\n|turn|11\n|inactive|RBLT Ilex has 120 seconds left.\n|\n|t:|1726289790\n|move|p2a: Leavanny|Leaf Blade|p1a: Perrserker\n|-resisted|p1a: Perrserker\n|-damage|p1a: Perrserker|42/269\n|move|p1a: Perrserker|U-turn|p2a: Leavanny\n|-supereffective|p2a: Leavanny\n|-damage|p2a: Leavanny|0 fnt\n|faint|p2a: Leavanny\n|\n|t:|1726289793\n|switch|p1a: Houndstone|Houndstone, L86, M|124/264|[from] U-turn\n|-activate|p1a: Houndstone|move: Sticky Web\n|-unboost|p1a: Houndstone|spe|1\n|\n|-heal|p1a: Houndstone|140/264|[from] item: Leftovers\n|upkeep\n|inactive|RBLT Ilex has 120 seconds left.\n|\n|t:|1726289803\n|switch|p2a: Rotom|Rotom, L88|231/231\n|-damage|p2a: Rotom|203/231|[from] Stealth Rock\n|turn|12\n|j| tuckergreeen\n|inactive|RBLT Ilex has 120 seconds left.\n|\n|t:|1726289825\n|move|p1a: Houndstone|Shadow Sneak|p2a: Rotom\n|-supereffective|p2a: Rotom\n|-damage|p2a: Rotom|105/231\n|move|p2a: Rotom|Shadow Ball|p1a: Houndstone\n|-supereffective|p1a: Houndstone\n|-damage|p1a: Houndstone|0 fnt\n|faint|p1a: Houndstone\n|-damage|p2a: Rotom|82/231|[from] item: Life Orb\n|\n|upkeep\n|inactive|RBLT Wigglytuff has 120 seconds left.\n|\n|t:|1726289863\n|switch|p1a: Smeargle|Smeargle, L95, M|258/258\n|-activate|p1a: Smeargle|move: Sticky Web\n|-unboost|p1a: Smeargle|spe|1\n|turn|13\n|\n|t:|1726289877\n|move|p2a: Rotom|Thunderbolt|p1a: Smeargle\n|-damage|p1a: Smeargle|70/258\n|-damage|p2a: Rotom|59/231|[from] item: Life Orb\n|move|p1a: Smeargle|Shell Smash|p1a: Smeargle\n|-unboost|p1a: Smeargle|def|1\n|-unboost|p1a: Smeargle|spd|1\n|-boost|p1a: Smeargle|atk|2\n|-boost|p1a: Smeargle|spa|2\n|-boost|p1a: Smeargle|spe|2\n|\n|upkeep\n|turn|14\n|inactive|RBLT Ilex has 120 seconds left.\n|\n|t:|1726289900\n|switch|p2a: Dondozo|Dondozo, L78, F|186/362\n|-damage|p2a: Dondozo|141/362|[from] Stealth Rock\n|move|p1a: Smeargle|Power Trip|p2a: Dondozo\n|-damage|p2a: Dondozo|103/362\n|\n|-heal|p2a: Dondozo|125/362|[from] item: Leftovers\n|upkeep\n|turn|15\n|inactive|RBLT Wigglytuff has 120 seconds left.\n|inactive|RBLT Ilex has 120 seconds left.\n|inactive|RBLT Wigglytuff has 90 seconds left.\n|\n|t:|1726289945\n|-terastallize|p1a: Smeargle|Normal\n|move|p1a: Smeargle|Population Bomb|p2a: Dondozo\n|-crit|p2a: Dondozo\n|-damage|p2a: Dondozo|97/362\n|-damage|p2a: Dondozo|79/362\n|-damage|p2a: Dondozo|59/362\n|-damage|p2a: Dondozo|39/362\n|-damage|p2a: Dondozo|19/362\n|-damage|p2a: Dondozo|1/362\n|-damage|p2a: Dondozo|0 fnt\n|faint|p2a: Dondozo\n|-hitcount|p2: Dondozo|7\n|\n|upkeep\n|\n|t:|1726289949\n|switch|p2a: Comfey|Comfey, L85, F|225/225\n|-damage|p2a: Comfey|197/225|[from] Stealth Rock\n|turn|16\n|inactive|RBLT Ilex has 120 seconds left.\n|inactive|RBLT Wigglytuff has 90 seconds left.\n|\n|t:|1726289968\n|move|p2a: Comfey|Giga Drain|p1a: Smeargle\n|-damage|p1a: Smeargle|0 fnt\n|-heal|p2a: Comfey|225/225|[from] drain|[of] p1a: Smeargle\n|faint|p1a: Smeargle\n|\n|upkeep\n|\n|t:|1726289992\n|switch|p1a: Alcremie|Alcremie-Caramel-Swirl, L90, F|74/263\n|-activate|p1a: Alcremie|move: Sticky Web\n|-unboost|p1a: Alcremie|spe|1\n|turn|17\n|\n|t:|1726290000\n|move|p2a: Comfey|Calm Mind|p2a: Comfey\n|-boost|p2a: Comfey|spa|1\n|-boost|p2a: Comfey|spd|1\n|move|p1a: Alcremie|Recover|p1a: Alcremie\n|-heal|p1a: Alcremie|206/263\n|\n|-heal|p1a: Alcremie|222/263|[from] item: Leftovers\n|upkeep\n|turn|18\n|\n|t:|1726290010\n|-terastallize|p2a: Comfey|Steel\n|move|p2a: Comfey|Calm Mind|p2a: Comfey\n|-boost|p2a: Comfey|spa|1\n|-boost|p2a: Comfey|spd|1\n|move|p1a: Alcremie|Calm Mind|p1a: Alcremie\n|-boost|p1a: Alcremie|spa|1\n|-boost|p1a: Alcremie|spd|1\n|\n|-heal|p1a: Alcremie|238/263|[from] item: Leftovers\n|upkeep\n|turn|19\n|inactive|RBLT Wigglytuff has 90 seconds left.\n|\n|t:|1726290024\n|move|p2a: Comfey|Calm Mind|p2a: Comfey\n|-boost|p2a: Comfey|spa|1\n|-boost|p2a: Comfey|spd|1\n|move|p1a: Alcremie|Alluring Voice|p2a: Comfey\n|-resisted|p2a: Comfey\n|-damage|p2a: Comfey|197/225\n|-start|p2a: Comfey|confusion\n|\n|-heal|p2a: Comfey|211/225|[from] item: Leftovers\n|-heal|p1a: Alcremie|254/263|[from] item: Leftovers\n|upkeep\n|turn|20\n|\n|t:|1726290027\n|-activate|p2a: Comfey|confusion\n|move|p2a: Comfey|Calm Mind|p2a: Comfey\n|-boost|p2a: Comfey|spa|1\n|-boost|p2a: Comfey|spd|1\n|move|p1a: Alcremie|Calm Mind|p1a: Alcremie\n|-boost|p1a: Alcremie|spa|1\n|-boost|p1a: Alcremie|spd|1\n|\n|-heal|p2a: Comfey|225/225|[from] item: Leftovers\n|-heal|p1a: Alcremie|263/263|[from] item: Leftovers\n|upkeep\n|turn|21\n|\n|t:|1726290035\n|-activate|p2a: Comfey|confusion\n|move|p2a: Comfey|Calm Mind|p2a: Comfey\n|-boost|p2a: Comfey|spa|1\n|-boost|p2a: Comfey|spd|1\n|move|p1a: Alcremie|Alluring Voice|p2a: Comfey\n|-resisted|p2a: Comfey\n|-damage|p2a: Comfey|201/225\n|\n|-heal|p2a: Comfey|215/225|[from] item: Leftovers\n|upkeep\n|turn|22\n|\n|t:|1726290042\n|-end|p2a: Comfey|confusion\n|move|p2a: Comfey|Stored Power|p1a: Alcremie\n|-damage|p1a: Alcremie|68/263\n|move|p1a: Alcremie|Alluring Voice|p2a: Comfey\n|-resisted|p2a: Comfey\n|-damage|p2a: Comfey|190/225\n|\n|-heal|p2a: Comfey|204/225|[from] item: Leftovers\n|-heal|p1a: Alcremie|84/263|[from] item: Leftovers\n|upkeep\n|turn|23\n|c|\u2606RBLT Ilex|gg\n|inactive|RBLT Wigglytuff has 120 seconds left.\n|\n|t:|1726290056\n|move|p2a: Comfey|Stored Power|p1a: Alcremie\n|-damage|p1a: Alcremie|0 fnt\n|faint|p1a: Alcremie\n|\n|-heal|p2a: Comfey|218/225|[from] item: Leftovers\n|upkeep\n|-message|RBLT Wigglytuff forfeited.\n|\n|win|RBLT Ilex\n|raw|RBLT Wigglytuff's rating: 2313 &rarr; <strong>2295</strong><br />(-18 for losing)\n|raw|RBLT Ilex's rating: 2348 &rarr; <strong>2366</strong><br />(+18 for winning)\n|l|\u2606RBLT Wigglytuff\n|player|p1|\n", "inputlog": ">version abcf08933808d3fb39dbc2b54a8665d830b47482\n>start {\"formatid\":\"gen9randombattle\",\"seed\":[2718,28582,37239,44509],\"rated\":\"Rated battle\"}\n>player p1 {\"name\":\"RBLT Wigglytuff\",\"avatar\":\"skierf\",\"rating\":2299,\"seed\":[5885,37136,27230,56797]}\n>player p2 {\"name\":\"RBLT Ilex\",\"avatar\":\"kris-masters\",\"rating\":2348,\"seed\":[60831,13715,50026,37702]}\n>p1 move bittermalice\n>p2 switch 2\n>p1 switch 5\n>p2 move stickyweb\n>p1 move stealthrock\n>p2 switch 3\n>p1 switch 4\n>p2 move wavecrash\n>p1 move alluringvoice\n>p2 move wavecrash\n>p1 move alluringvoice\n>p2 switch 3\n>p2 switch 6\n>p1 switch 6\n>p2 move earthquake\n>p1 move shadowsneak\n>p2 switch 4\n>p1 switch 2\n>p2 move swordsdance\n>p1 move ironhead\n>p2 move knockoff\n>p1 move uturn\n>p2 move leafblade\n>p1 switch 2\n>p2 switch 2\n>p1 move shadowsneak\n>p2 move shadowball\n>p1 switch 3\n>p1 move shellsmash\n>p2 move thunderbolt\n>p1 move powertrip\n>p2 switch 3\n>p1 move populationbomb terastallize\n>p2 move rest\n>p2 switch 5\n>p1 move spore\n>p2 move gigadrain\n>p1 switch 6\n>p1 move recover\n>p2 move calmmind\n>p1 move calmmind\n>p2 move calmmind terastallize\n>p1 move alluringvoice\n>p2 move calmmind\n>p1 move calmmind\n>p2 move calmmind\n>p1 move alluringvoice\n>p2 move calmmind\n>p1 move alluringvoice\n>p2 move storedpower\n>chat \u2606RBLT Ilex|gg\n>p1 move alluringvoice\n>p2 move storedpower\n>forcelose p1", "uploadtime": 1726290065, "views": 90, "formatid": "gen9randombattle", "rating": 2295, "private": 0, "password": null}