{"id": "gen9randombattle-2259774609", "format": "[Gen 9] Random Battle", "players": ["ZRMNoise", "jdaniele38"], "log": "|j|\u2606ZRMNoise\n|j|\u2606jdaniele38\n|t:|1733765435\n|gametype|singles\n|player|p1|ZRMNoise|266|1394\n|player|p2|jdaniele38|cheryl|1361\n|teamsize|p1|6\n|teamsize|p2|6\n|gen|9\n|tier|[Gen 9] Random Battle\n|rated|\n|rule|Species Clause: Limit one of each Pok\u00e9mon\n|rule|HP Percentage Mod: HP is shown in percentages\n|rule|Sleep Clause Mod: Limit one foe put to sleep\n|rule|Illusion Level Mod: Illusion disguises the Pok\u00e9mon's true level\n|\n|t:|1733765435\n|start\n|switch|p1a: Gurdurr|Gurdurr, L85, F|283/283\n|switch|p2a: Rotom|Rotom-Mow, L86|226/226\n|turn|1\n|\n|t:|1733765448\n|move|p2a: Rotom|Trick|p1a: Gurdurr\n|-activate|p2a: Rotom|move: Trick|[of] p1a: Gurdurr\n|-item|p1a: Gurdurr|Choice Scarf|[from] move: Trick\n|-item|p2a: Rotom|Eviolite|[from] move: Trick\n|move|p1a: Gurdurr|Knock Off|p2a: Rotom\n|-damage|p2a: Rotom|164/226\n|-enditem|p2a: Rotom|Eviolite|[from] move: Knock Off|[of] p1a: Gurdurr\n|\n|upkeep\n|turn|2\n|\n|t:|1733765469\n|move|p2a: Rotom|Leaf Storm|p1a: Gurdurr\n|-damage|p1a: Gurdurr|48/283\n|-unboost|p2a: Rotom|spa|2\n|move|p1a: Gurdurr|Knock Off|p2a: Rotom\n|-damage|p2a: Rotom|124/226\n|\n|upkeep\n|turn|3\n|inactive|Battle timer is ON: inactive players will automatically lose when time's up. (requested by jdaniele38)\n|\n|t:|1733765502\n|switch|p1a: Tsareena|Tsareena, L87, F|267/267\n|move|p2a: Rotom|Volt Switch|p1a: Tsareena\n|-resisted|p1a: Tsareena\n|-damage|p1a: Tsareena|255/267\n|\n|t:|1733765529\n|switch|p2a: Gothitelle|Gothitelle, L90, M|272/272|[from] Volt Switch\n|\n|upkeep\n|turn|4\n|\n|t:|1733765540\n|move|p2a: Gothitelle|Trick|p1a: Tsareena\n|-activate|p2a: Gothitelle|move: Trick|[of] p1a: Tsareena\n|-item|p1a: Tsareena|Choice Scarf|[from] move: Trick\n|-item|p2a: Gothitelle|Assault Vest|[from] move: Trick\n|move|p1a: Tsareena|Power Whip|p2a: Gothitelle|[miss]\n|-miss|p1a: Tsareena|p2a: Gothitelle\n|\n|upkeep\n|turn|5\n|\n|t:|1733765554\n|switch|p2a: Latios|Latios, L78, M|253/253\n|move|p1a: Tsareena|Power Whip|p2a: Latios\n|-resisted|p2a: Latios\n|-damage|p2a: Latios|169/253\n|\n|upkeep\n|turn|6\n|\n|t:|1733765578\n|switch|p1a: Gurdurr|Gurdurr, L85, F|48/283\n|move|p2a: Latios|Calm Mind|p2a: Latios\n|-boost|p2a: Latios|spa|1\n|-boost|p2a: Latios|spd|1\n|\n|upkeep\n|turn|7\n|\n|t:|1733765590\n|move|p2a: Latios|Psyshock|p1a: Gurdurr\n|-supereffective|p1a: Gurdurr\n|-damage|p1a: Gurdurr|0 fnt\n|faint|p1a: Gurdurr\n|\n|upkeep\n|\n|t:|1733765597\n|switch|p1a: Tsareena|Tsareena, L87, F|255/267\n|turn|8\n|\n|t:|1733765609\n|-terastallize|p2a: Latios|Steel\n|move|p1a: Tsareena|Triple Axel|p2a: Latios\n|-resisted|p2a: Latios\n|-damage|p2a: Latios|158/253\n|-resisted|p2a: Latios\n|-damage|p2a: Latios|138/253\n|-resisted|p2a: Latios\n|-damage|p2a: Latios|106/253\n|-hitcount|p2a: Latios|3\n|move|p2a: Latios|Psyshock|p1a: Tsareena\n|-damage|p1a: Tsareena|116/267\n|\n|upkeep\n|turn|9\n|inactive|ZRMNoise has 120 seconds left.\n|\n|t:|1733765649\n|switch|p1a: Dusknoir|Dusknoir, L89, M|225/225\n|-item|p2a: Latios|Soul Dew|[from] ability: Frisk|[of] p1a: Dusknoir\n|move|p2a: Latios|Recover|p2a: Latios\n|-heal|p2a: Latios|233/253\n|\n|upkeep\n|turn|10\n|\n|t:|1733765670\n|move|p2a: Latios|Draco Meteor|p1a: Dusknoir\n|-damage|p1a: Dusknoir|38/225\n|-unboost|p2a: Latios|spa|2\n|move|p1a: Dusknoir|Poltergeist|p2a: Latios\n|-activate|p2a: Latios|move: Poltergeist|Soul Dew\n|-damage|p2a: Latios|67/253\n|\n|-heal|p1a: Dusknoir|52/225|[from] item: Leftovers\n|upkeep\n|turn|11\n|\n|t:|1733765690\n|move|p2a: Latios|Draco Meteor|p1a: Dusknoir|[miss]\n|-miss|p2a: Latios|p1a: Dusknoir\n|move|p1a: Dusknoir|Poltergeist|p2a: Latios\n|-activate|p2a: Latios|move: Poltergeist|Soul Dew\n|-damage|p2a: Latios|0 fnt\n|faint|p2a: Latios\n|\n|-heal|p1a: Dusknoir|66/225|[from] item: Leftovers\n|upkeep\n|inactive|jdaniele38 has 120 seconds left.\n|\n|t:|1733765707\n|switch|p2a: Gothitelle|Gothitelle, L90, M|272/272\n|turn|12\n|inactive|ZRMNoise has 90 seconds left.\n|\n|t:|1733765734\n|move|p2a: Gothitelle|Dark Pulse|p1a: Dusknoir\n|-supereffective|p1a: Dusknoir\n|-damage|p1a: Dusknoir|0 fnt\n|faint|p1a: Dusknoir\n|\n|upkeep\n|\n|t:|1733765752\n|switch|p1a: Tsareena|Tsareena, L87, F|116/267\n|turn|13\n|\n|t:|1733765770\n|switch|p2a: Rotom|Rotom-Mow, L86|124/226\n|move|p1a: Tsareena|Triple Axel|p2a: Rotom\n|-supereffective|p2a: Rotom\n|-damage|p2a: Rotom|90/226\n|-supereffective|p2a: Rotom\n|-damage|p2a: Rotom|32/226\n|-supereffective|p2a: Rotom\n|-damage|p2a: Rotom|0 fnt\n|faint|p2a: Rotom\n|-hitcount|p2: Rotom|3\n|\n|upkeep\n|inactive|jdaniele38 has 120 seconds left.\n|\n|t:|1733765790\n|switch|p2a: Glaceon|Glaceon, L94, F|275/275\n|turn|14\n|inactive|jdaniele38 has 120 seconds left.\n|inactive|ZRMNoise has 90 seconds left.\n|\n|t:|1733765806\n|switch|p1a: Skuntank|Skuntank, L84, M|310/310\n|move|p2a: Glaceon|Freeze-Dry|p1a: Skuntank\n|-damage|p1a: Skuntank|172/310\n|\n|upkeep\n|turn|15\n|inactive|ZRMNoise has 90 seconds left.\n|inactive|jdaniele38 has 120 seconds left.\n|\n|t:|1733765820\n|move|p1a: Skuntank|Fire Blast|p2a: Glaceon\n|-supereffective|p2a: Glaceon\n|-damage|p2a: Glaceon|150/275\n|-damage|p1a: Skuntank|141/310|[from] item: Life Orb\n|move|p2a: Glaceon|Wish|p2a: Glaceon\n|\n|upkeep\n|turn|16\n|inactive|ZRMNoise has 90 seconds left.\n|\n|t:|1733765828\n|move|p2a: Glaceon|Protect|p2a: Glaceon\n|-singleturn|p2a: Glaceon|Protect\n|move|p1a: Skuntank|Toxic Spikes|p2a: Glaceon\n|-sidestart|p2: jdaniele38|move: Toxic Spikes\n|\n|-heal|p2a: Glaceon|275/275|[from] move: Wish|[wisher] Glaceon\n|upkeep\n|turn|17\n|inactive|ZRMNoise has 90 seconds left.\n|\n|t:|1733765843\n|switch|p2a: Haxorus|Haxorus, L77, F|244/244\n|-status|p2a: Haxorus|psn\n|-enditem|p2a: Haxorus|Lum Berry|[eat]\n|-curestatus|p2a: Haxorus|psn|[msg]\n|-ability|p2a: Haxorus|Mold Breaker\n|move|p1a: Skuntank|Knock Off|p2a: Haxorus\n|-damage|p2a: Haxorus|157/244\n|-damage|p1a: Skuntank|110/310|[from] item: Life Orb\n|\n|upkeep\n|turn|18\n|inactive|ZRMNoise has 90 seconds left.\n|\n|t:|1733765859\n|move|p2a: Haxorus|Dragon Dance|p2a: Haxorus\n|-boost|p2a: Haxorus|atk|1\n|-boost|p2a: Haxorus|spe|1\n|move|p1a: Skuntank|Gunk Shot|p2a: Haxorus\n|-damage|p2a: Haxorus|0 fnt\n|faint|p2a: Haxorus\n|-damage|p1a: Skuntank|79/310|[from] item: Life Orb\n|\n|upkeep\n|-message|jdaniele38 forfeited.\n|\n|win|ZRMNoise\n|raw|ZRMNoise's rating: 1394 &rarr; <strong>1412</strong><br />(+18 for winning)\n|raw|jdaniele38's rating: 1361 &rarr; <strong>1343</strong><br />(-18 for losing)\n|l|\u2606jdaniele38\n|player|p2|\n", "inputlog": ">version bfd83cad13791eb5a5a409923076391caf6fb4d4\n>start {\"formatid\":\"gen9randombattle\",\"seed\":[45405,27942,34588,60088],\"rated\":\"Rated battle\"}\n>player p1 {\"name\":\"ZRMNoise\",\"avatar\":\"266\",\"rating\":1394,\"seed\":[61550,6451,45641,5907]}\n>player p2 {\"name\":\"jdaniele38\",\"avatar\":\"cheryl\",\"rating\":1361,\"seed\":[23710,8300,28894,8910]}\n>p1 move knockoff\n>p2 move trick\n>p1 move knockoff\n>p2 move leafstorm\n>p1 switch 6\n>p2 move voltswitch\n>p2 switch 4\n>p1 move powerwhip\n>p2 move trick\n>p1 move powerwhip\n>p2 switch 2\n>p1 switch 6\n>p2 move calmmind\n>p1 move knockoff\n>p2 move psyshock\n>p1 switch 6\n>p1 move tripleaxel\n>p2 move psyshock terastallize\n>p1 switch 5\n>p2 move recover\n>p1 move poltergeist\n>p2 move dracometeor\n>p1 move poltergeist\n>p2 move dracometeor\n>p2 switch 2\n>p1 move poltergeist\n>p2 move darkpulse\n>p1 switch 5\n>p1 move tripleaxel\n>p2 switch 4\n>p2 switch 6\n>p1 switch 4\n>p2 move freezedry\n>p1 move fireblast\n>p2 move wish\n>p1 move toxicspikes\n>p2 move protect\n>p1 move knockoff\n>p2 switch 3\n>p1 move gunkshot\n>p2 move dragondance\n>forcelose p2", "uploadtime": 1733765872, "views": 2, "formatid": "gen9randombattle", "rating": 1343, "private": 0, "password": null}