{"id": "gen9randombattle-2260807850", "format": "[Gen 9] Random Battle", "players": ["RoboWahbit", "16wings"], "log": "|j|\u2606RoboWahbit\n|j|\u260616wings\n|t:|1733895622\n|gametype|singles\n|player|p1|RoboWahbit|101|1071\n|player|p2|16wings|170|1128\n|teamsize|p1|6\n|teamsize|p2|6\n|gen|9\n|tier|[Gen 9] Random Battle\n|rated|\n|rule|Species Clause: Limit one of each Pok\u00e9mon\n|rule|HP Percentage Mod: HP is shown in percentages\n|rule|Sleep Clause Mod: Limit one foe put to sleep\n|rule|Illusion Level Mod: Illusion disguises the Pok\u00e9mon's true level\n|\n|t:|1733895622\n|start\n|switch|p1a: Medicham|Medicham, L86, F|243/243\n|switch|p2a: Orthworm|Orthworm, L88, F|266/266\n|turn|1\n|c|\u2606RoboWahbit|hf\n|inactive|Battle timer is ON: inactive players will automatically lose when time's up. (requested by RoboWahbit)\n|inactive|16wings also wants the timer to be on.\n|\n|t:|1733895631\n|switch|p2a: Misdreavus|Misdreavus, L90, M|254/254\n|move|p1a: Medicham|Close Combat|p2a: Misdreavus\n|-immune|p2a: Misdreavus\n|\n|upkeep\n|turn|2\n|j| BIGOLBAPPIES\n|\n|t:|1733895642\n|move|p2a: Misdreavus|Will-O-Wisp|p1a: Medicham\n|-status|p1a: Medicham|brn\n|move|p1a: Medicham|Close Combat|p2a: Misdreavus\n|-immune|p2a: Misdreavus\n|\n|-damage|p1a: Medicham|228/243 brn|[from] brn\n|upkeep\n|turn|3\n|\n|t:|1733895650\n|switch|p1a: Entei|Entei, L78|307/307\n|move|p2a: Misdreavus|Calm Mind|p2a: Misdreavus\n|-boost|p2a: Misdreavus|spa|1\n|-boost|p2a: Misdreavus|spd|1\n|\n|upkeep\n|turn|4\n|\n|t:|1733895665\n|move|p2a: Misdreavus|Will-O-Wisp|p1a: Entei\n|-immune|p1a: Entei\n|move|p1a: Entei|Sacred Fire|p2a: Misdreavus\n|-damage|p2a: Misdreavus|113/254\n|-status|p2a: Misdreavus|brn\n|\n|-damage|p2a: Misdreavus|98/254 brn|[from] brn\n|upkeep\n|turn|5\n|\n|t:|1733895684\n|move|p2a: Misdreavus|Shadow Ball|p1a: Entei\n|-damage|p1a: Entei|141/307\n|move|p1a: Entei|Sacred Fire|p2a: Misdreavus\n|-crit|p2a: Misdreavus\n|-damage|p2a: Misdreavus|0 fnt\n|faint|p2a: Misdreavus\n|\n|upkeep\n|inactive|16wings has 120 seconds left.\n|\n|t:|1733895704\n|switch|p2a: Milotic|Milotic, L83, M|293/293\n|turn|6\n|\n|t:|1733895709\n|switch|p1a: Medicham|Medicham, L86, F|228/243 brn\n|move|p2a: Milotic|Dragon Tail|p1a: Medicham\n|-damage|p1a: Medicham|198/243 brn\n|drag|p1a: Masquerain|Masquerain, L87, M|264/264\n|-ability|p1a: Masquerain|Intimidate|boost\n|-unboost|p2a: Milotic|atk|1\n|-ability|p2a: Milotic|Competitive|boost\n|-boost|p2a: Milotic|spa|2\n|\n|upkeep\n|turn|7\n|\n|t:|1733895720\n|switch|p1a: Medicham|Medicham, L86, F|198/243 brn\n|move|p2a: Milotic|Ice Beam|p1a: Medicham\n|-crit|p1a: Medicham\n|-damage|p1a: Medicham|0 fnt\n|faint|p1a: Medicham\n|\n|upkeep\n|\n|t:|1733895720\n|switch|p1a: Entei|Entei, L78|141/307\n|turn|8\n|\n|t:|1733895729\n|move|p1a: Entei|Extreme Speed|p2a: Milotic\n|-damage|p2a: Milotic|200/293\n|move|p2a: Milotic|Scald|p1a: Entei\n|-supereffective|p1a: Entei\n|-damage|p1a: Entei|0 fnt\n|faint|p1a: Entei\n|\n|-heal|p2a: Milotic|218/293|[from] item: Leftovers\n|upkeep\n|\n|t:|1733895730\n|switch|p1a: Masquerain|Masquerain, L87, M|264/264\n|-ability|p1a: Masquerain|Intimidate|boost\n|-unboost|p2a: Milotic|atk|1\n|-ability|p2a: Milotic|Competitive|boost\n|-boost|p2a: Milotic|spa|2\n|turn|9\n|\n|t:|1733895742\n|move|p1a: Masquerain|Bug Buzz|p2a: Milotic\n|-damage|p2a: Milotic|145/293\n|move|p2a: Milotic|Ice Beam|p1a: Masquerain\n|-supereffective|p1a: Masquerain\n|-damage|p1a: Masquerain|0 fnt\n|faint|p1a: Masquerain\n|\n|-heal|p2a: Milotic|163/293|[from] item: Leftovers\n|upkeep\n|\n|t:|1733895742\n|switch|p1a: Arcanine|Arcanine, L84, M|288/288\n|-ability|p1a: Arcanine|Intimidate|boost\n|-unboost|p2a: Milotic|atk|1\n|-ability|p2a: Milotic|Competitive|boost\n|-boost|p2a: Milotic|spa|2\n|turn|10\n|\n|t:|1733895754\n|move|p1a: Arcanine|Flare Blitz|p2a: Milotic\n|-resisted|p2a: Milotic\n|-damage|p2a: Milotic|92/293\n|-damage|p1a: Arcanine|265/288|[from] Recoil\n|move|p2a: Milotic|Scald|p1a: Arcanine\n|-supereffective|p1a: Arcanine\n|-damage|p1a: Arcanine|0 fnt\n|faint|p1a: Arcanine\n|\n|-heal|p2a: Milotic|110/293|[from] item: Leftovers\n|upkeep\n|\n|t:|1733895755\n|switch|p1a: Dipplin|Dipplin, L88, M|284/284\n|turn|11\n|\n|t:|1733895772\n|move|p2a: Milotic|Ice Beam|p1a: Dipplin\n|-supereffective|p1a: Dipplin\n|-damage|p1a: Dipplin|0 fnt\n|faint|p1a: Dipplin\n|\n|-heal|p2a: Milotic|128/293|[from] item: Leftovers\n|upkeep\n|\n|t:|1733895772\n|switch|p1a: Ting-Lu|Ting-Lu, L78|370/370\n|-ability|p1a: Ting-Lu|Vessel of Ruin\n|turn|12\n|\n|t:|1733895783\n|-terastallize|p1a: Ting-Lu|Ghost\n|move|p2a: Milotic|Scald|p1a: Ting-Lu\n|-damage|p1a: Ting-Lu|55/370\n|move|p1a: Ting-Lu|Stealth Rock|p2a: Milotic\n|-sidestart|p2: 16wings|move: Stealth Rock\n|\n|-heal|p2a: Milotic|146/293|[from] item: Leftovers\n|-heal|p1a: Ting-Lu|78/370|[from] item: Leftovers\n|upkeep\n|turn|13\n|\n|t:|1733895793\n|move|p2a: Milotic|Recover|p2a: Milotic\n|-heal|p2a: Milotic|293/293\n|move|p1a: Ting-Lu|Earthquake|p2a: Milotic\n|-damage|p2a: Milotic|172/293\n|\n|-heal|p2a: Milotic|190/293|[from] item: Leftovers\n|-heal|p1a: Ting-Lu|101/370|[from] item: Leftovers\n|upkeep\n|turn|14\n|l| BIGOLBAPPIES\n|\n|t:|1733895802\n|move|p2a: Milotic|Scald|p1a: Ting-Lu\n|-damage|p1a: Ting-Lu|0 fnt\n|faint|p1a: Ting-Lu\n|\n|win|16wings\n|raw|RoboWahbit's rating: 1071 &rarr; <strong>1054</strong><br />(-17 for losing)\n|raw|16wings's rating: 1128 &rarr; <strong>1149</strong><br />(+21 for winning)\n|c|\u2606RoboWahbit|gg\n", "inputlog": ">version bfd83cad13791eb5a5a409923076391caf6fb4d4\n>start {\"formatid\":\"gen9randombattle\",\"seed\":[45732,28148,62065,21608],\"rated\":\"Rated battle\"}\n>player p1 {\"name\":\"RoboWahbit\",\"avatar\":\"101\",\"rating\":1071,\"seed\":[55162,4633,16069,33726]}\n>player p2 {\"name\":\"16wings\",\"avatar\":\"170\",\"rating\":1128,\"seed\":[53822,21604,40339,29118]}\n>chat \u2606RoboWahbit|hf\n>p1 move closecombat\n>p2 switch 3\n>p1 move closecombat\n>p2 move willowisp\n>p1 switch 5\n>p2 move calmmind\n>p1 move sacredfire\n>p2 move willowisp\n>p1 move sacredfire\n>p2 move shadowball\n>p2 switch 2\n>p1 switch 5\n>p2 move dragontail\n>p1 switch 2\n>p2 move icebeam\n>p1 switch 5\n>p1 move extremespeed\n>p2 move scald\n>p1 switch 2\n>p1 move bugbuzz\n>p2 move icebeam\n>p1 switch 4\n>p1 move flareblitz\n>p2 move scald\n>p1 switch 3\n>p1 move dragontail\n>p2 move icebeam\n>p1 switch 6\n>p1 move stealthrock terastallize\n>p2 move scald\n>p1 move earthquake\n>p2 move recover\n>p1 move earthquake\n>p2 move scald", "uploadtime": 1733895803, "views": 1, "formatid": "gen9randombattle", "rating": 1054, "private": 0, "password": null}