{"id": "gen9randombattle-2260629209", "format": "[Gen 9] Random Battle", "players": ["IPandax_2", "DillyPillyy"], "log": "|j|\u2606IPandax_2\n|j|\u2606DillyPillyy\n|t:|1733871224\n|gametype|singles\n|player|p1|IPandax_2|266|\n|player|p2|DillyPillyy|265|\n|teamsize|p1|6\n|teamsize|p2|6\n|gen|9\n|tier|[Gen 9] Random Battle\n|rule|Species Clause: Limit one of each Pok\u00e9mon\n|rule|HP Percentage Mod: HP is shown in percentages\n|rule|Sleep Clause Mod: Limit one foe put to sleep\n|rule|Illusion Level Mod: Illusion disguises the Pok\u00e9mon's true level\n|\n|t:|1733871224\n|start\n|switch|p1a: Tsareena|Tsareena, L87, F|267/267\n|switch|p2a: Iron Hands|Iron Hands, L79|373/373\n|turn|1\n|\n|t:|1733871290\n|move|p1a: Tsareena|U-turn|p2a: Iron Hands\n|-resisted|p2a: Iron Hands\n|-damage|p2a: Iron Hands|343/373\n|\n|t:|1733871303\n|switch|p1a: Sandslash|Sandslash, L88, F|275/275|[from] U-turn\n|move|p2a: Iron Hands|Drain Punch|p1a: Sandslash\n|-damage|p1a: Sandslash|196/275\n|-heal|p2a: Iron Hands|373/373|[from] drain|[of] p1a: Sandslash\n|\n|-heal|p1a: Sandslash|213/275|[from] item: Leftovers\n|upkeep\n|turn|2\n|\n|t:|1733871326\n|move|p2a: Iron Hands|Fake Out||[still]\n|-hint|Fake Out only works on your first turn out.\n|-fail|p2a: Iron Hands\n|move|p1a: Sandslash|Swords Dance|p1a: Sandslash\n|-boost|p1a: Sandslash|atk|2\n|\n|-heal|p1a: Sandslash|230/275|[from] item: Leftovers\n|upkeep\n|turn|3\n|\n|t:|1733871337\n|-end|p2a: Iron Hands|Quark Drive|[silent]\n|switch|p2a: Volcanion|Volcanion, L79|255/255\n|move|p1a: Sandslash|Earthquake|p2a: Volcanion\n|-supereffective|p2a: Volcanion\n|-damage|p2a: Volcanion|0 fnt\n|faint|p2a: Volcanion\n|\n|-heal|p1a: Sandslash|247/275|[from] item: Leftovers\n|upkeep\n|\n|t:|1733871349\n|switch|p2a: Greedent|Greedent, L86, F|347/347\n|turn|4\n|\n|t:|1733871364\n|move|p1a: Sandslash|Earthquake|p2a: Greedent\n|-damage|p2a: Greedent|124/347\n|-enditem|p2a: Greedent|Sitrus Berry|[eat]\n|-heal|p2a: Greedent|210/347|[from] item: Sitrus Berry\n|-heal|p2a: Greedent|325/347|[from] ability: Cheek Pouch\n|move|p2a: Greedent|Knock Off|p1a: Sandslash\n|-damage|p1a: Sandslash|190/275\n|-enditem|p1a: Sandslash|Leftovers|[from] move: Knock Off|[of] p2a: Greedent\n|\n|upkeep\n|turn|5\n|\n|t:|1733871376\n|move|p1a: Sandslash|Earthquake|p2a: Greedent\n|-damage|p2a: Greedent|90/347\n|move|p2a: Greedent|Double-Edge|p1a: Sandslash\n|-damage|p1a: Sandslash|85/275\n|-damage|p2a: Greedent|55/347|[from] Recoil\n|\n|upkeep\n|turn|6\n|\n|t:|1733871401\n|move|p1a: Sandslash|Earthquake|p2a: Greedent\n|-damage|p2a: Greedent|0 fnt\n|faint|p2a: Greedent\n|\n|upkeep\n|\n|t:|1733871404\n|switch|p2a: Iron Hands|Iron Hands, L79|373/373\n|turn|7\n|\n|t:|1733871408\n|move|p2a: Iron Hands|Fake Out|p1a: Sandslash\n|-damage|p1a: Sandslash|59/275\n|cant|p1a: Sandslash|flinch\n|\n|upkeep\n|turn|8\n|\n|t:|1733871414\n|move|p2a: Iron Hands|Fake Out||[still]\n|-hint|Fake Out only works on your first turn out.\n|-fail|p2a: Iron Hands\n|move|p1a: Sandslash|Earthquake|p2a: Iron Hands\n|-supereffective|p2a: Iron Hands\n|-damage|p2a: Iron Hands|0 fnt\n|faint|p2a: Iron Hands\n|-end|p2a: Iron Hands|Quark Drive|[silent]\n|\n|upkeep\n|\n|t:|1733871423\n|switch|p2a: Gurdurr|Gurdurr, L85, F|283/283\n|turn|9\n|\n|t:|1733871430\n|move|p1a: Sandslash|Earthquake|p2a: Gurdurr\n|-damage|p2a: Gurdurr|133/283\n|move|p2a: Gurdurr|Drain Punch|p1a: Sandslash\n|-damage|p1a: Sandslash|0 fnt\n|-heal|p2a: Gurdurr|163/283|[from] drain|[of] p1a: Sandslash\n|faint|p1a: Sandslash\n|\n|upkeep\n|\n|t:|1733871452\n|switch|p1a: Tsareena|Tsareena, L87, F|267/267\n|turn|10\n|\n|t:|1733871486\n|move|p1a: Tsareena|High Jump Kick|p2a: Gurdurr\n|-damage|p2a: Gurdurr|81/283\n|move|p2a: Gurdurr|Drain Punch|p1a: Tsareena\n|-damage|p1a: Tsareena|182/267\n|-heal|p2a: Gurdurr|124/283|[from] drain|[of] p1a: Tsareena\n|\n|upkeep\n|turn|11\n|\n|t:|1733871493\n|move|p1a: Tsareena|Power Whip|p2a: Gurdurr\n|-damage|p2a: Gurdurr|12/283\n|move|p2a: Gurdurr|Drain Punch|p1a: Tsareena\n|-damage|p1a: Tsareena|97/267\n|-heal|p2a: Gurdurr|55/283|[from] drain|[of] p1a: Tsareena\n|\n|upkeep\n|turn|12\n|\n|t:|1733871511\n|switch|p2a: Regieleki|Regieleki, L79|256/256\n|move|p1a: Tsareena|Power Whip|p2a: Regieleki\n|-damage|p2a: Regieleki|1/256\n|\n|upkeep\n|turn|13\n|\n|t:|1733871519\n|switch|p2a: Gurdurr|Gurdurr, L85, F|55/283\n|move|p1a: Tsareena|Power Whip|p2a: Gurdurr\n|-damage|p2a: Gurdurr|0 fnt\n|faint|p2a: Gurdurr\n|\n|upkeep\n|\n|t:|1733871524\n|switch|p2a: Regieleki|Regieleki, L79|1/256\n|turn|14\n|\n|t:|1733871536\n|move|p2a: Regieleki|Explosion|p1a: Tsareena\n|-damage|p1a: Tsareena|0 fnt\n|faint|p2a: Regieleki\n|faint|p1a: Tsareena\n|\n|upkeep\n|\n|t:|1733871545\n|switch|p2a: Giratina|Giratina, L75|349/349\n|switch|p1a: Rhyperior|Rhyperior, L82, M|323/323\n|-ability|p2a: Giratina|Pressure\n|turn|15\n|\n|t:|1733871585\n|switch|p1a: Banette|Banette, L93, M|270/270\n|-item|p2a: Giratina|Chesto Berry|[from] ability: Frisk|[of] p1a: Banette\n|move|p2a: Giratina|Shadow Ball|p1a: Banette\n|-supereffective|p1a: Banette\n|-damage|p1a: Banette|108/270\n|\n|upkeep\n|turn|16\n|\n|t:|1733871601\n|move|p2a: Giratina|Shadow Ball|p1a: Banette\n|-supereffective|p1a: Banette\n|-damage|p1a: Banette|0 fnt\n|faint|p1a: Banette\n|\n|upkeep\n|\n|t:|1733871604\n|switch|p1a: Houndstone|Houndstone, L86, M|264/264\n|turn|17\n|\n|t:|1733871613\n|move|p1a: Houndstone|Shadow Sneak|p2a: Giratina\n|-supereffective|p2a: Giratina\n|-damage|p2a: Giratina|275/349\n|move|p2a: Giratina|Shadow Ball|p1a: Houndstone\n|-supereffective|p1a: Houndstone\n|-damage|p1a: Houndstone|178/264\n|-unboost|p1a: Houndstone|spd|1\n|\n|upkeep\n|turn|18\n|\n|t:|1733871618\n|move|p2a: Giratina|Shadow Ball|p1a: Houndstone\n|-supereffective|p1a: Houndstone\n|-damage|p1a: Houndstone|44/264\n|move|p1a: Houndstone|Body Press|p2a: Giratina\n|-immune|p2a: Giratina\n|\n|upkeep\n|turn|19\n|\n|t:|1733871621\n|move|p1a: Houndstone|Shadow Sneak|p2a: Giratina\n|-supereffective|p2a: Giratina\n|-damage|p2a: Giratina|191/349\n|move|p2a: Giratina|Shadow Ball|p1a: Houndstone\n|-supereffective|p1a: Houndstone\n|-damage|p1a: Houndstone|0 fnt\n|faint|p1a: Houndstone\n|\n|upkeep\n|\n|t:|1733871626\n|switch|p1a: Regigigas|Regigigas, L84|322/322\n|-start|p1a: Regigigas|ability: Slow Start\n|turn|20\n|\n|t:|1733871639\n|move|p2a: Giratina|Rest|p2a: Giratina\n|-status|p2a: Giratina|slp|[from] move: Rest\n|-heal|p2a: Giratina|349/349 slp|[silent]\n|-enditem|p2a: Giratina|Chesto Berry|[eat]\n|-curestatus|p2a: Giratina|slp|[msg]\n|move|p1a: Regigigas|Substitute|p1a: Regigigas\n|-start|p1a: Regigigas|Substitute\n|-damage|p1a: Regigigas|242/322\n|\n|-heal|p1a: Regigigas|262/322|[from] item: Leftovers\n|upkeep\n|turn|21\n|\n|t:|1733871656\n|-end|p1a: Regigigas|Slow Start|[silent]\n|switch|p1a: Rhyperior|Rhyperior, L82, M|323/323\n|move|p2a: Giratina|Dragon Tail|p1a: Rhyperior\n|-damage|p1a: Rhyperior|280/323\n|drag|p1a: Regigigas|Regigigas, L84|262/322\n|-start|p1a: Regigigas|ability: Slow Start\n|\n|-heal|p1a: Regigigas|282/322|[from] item: Leftovers\n|upkeep\n|turn|22\n|\n|t:|1733871665\n|-end|p1a: Regigigas|Slow Start|[silent]\n|switch|p1a: Rhyperior|Rhyperior, L82, M|280/323\n|move|p2a: Giratina|Will-O-Wisp|p1a: Rhyperior\n|-status|p1a: Rhyperior|brn\n|\n|-damage|p1a: Rhyperior|260/323 brn|[from] brn\n|upkeep\n|turn|23\n|\n|t:|1733871682\n|move|p1a: Rhyperior|Ice Punch|p2a: Giratina\n|-supereffective|p2a: Giratina\n|-damage|p2a: Giratina|264/349\n|move|p2a: Giratina|Dragon Tail|p1a: Rhyperior\n|-damage|p1a: Rhyperior|217/323 brn\n|drag|p1a: Regigigas|Regigigas, L84|282/322\n|-start|p1a: Regigigas|ability: Slow Start\n|\n|-heal|p1a: Regigigas|302/322|[from] item: Leftovers\n|upkeep\n|turn|24\n|\n|t:|1733871704\n|move|p2a: Giratina|Will-O-Wisp|p1a: Regigigas\n|-status|p1a: Regigigas|brn\n|move|p1a: Regigigas|Substitute|p1a: Regigigas\n|-start|p1a: Regigigas|Substitute\n|-damage|p1a: Regigigas|222/322 brn\n|\n|-heal|p1a: Regigigas|242/322 brn|[from] item: Leftovers\n|-damage|p1a: Regigigas|222/322 brn|[from] brn\n|upkeep\n|turn|25\n|\n|t:|1733871710\n|move|p1a: Regigigas|Knock Off|p2a: Giratina\n|-supereffective|p2a: Giratina\n|-damage|p2a: Giratina|234/349\n|move|p2a: Giratina|Dragon Tail|p1a: Regigigas\n|-activate|p1a: Regigigas|move: Substitute|[damage]\n|\n|-heal|p1a: Regigigas|242/322 brn|[from] item: Leftovers\n|-damage|p1a: Regigigas|222/322 brn|[from] brn\n|upkeep\n|turn|26\n|\n|t:|1733871715\n|move|p2a: Giratina|Will-O-Wisp||[still]\n|-fail|p2a: Giratina\n|move|p1a: Regigigas|Knock Off|p2a: Giratina\n|-supereffective|p2a: Giratina\n|-damage|p2a: Giratina|203/349\n|\n|-heal|p1a: Regigigas|242/322 brn|[from] item: Leftovers\n|-damage|p1a: Regigigas|222/322 brn|[from] brn\n|upkeep\n|turn|27\n|\n|t:|1733871721\n|move|p2a: Giratina|Rest|p2a: Giratina\n|-status|p2a: Giratina|slp|[from] move: Rest\n|-heal|p2a: Giratina|349/349 slp|[silent]\n|move|p1a: Regigigas|Knock Off|p2a: Giratina\n|-supereffective|p2a: Giratina\n|-damage|p2a: Giratina|317/349 slp\n|\n|-heal|p1a: Regigigas|242/322 brn|[from] item: Leftovers\n|-damage|p1a: Regigigas|222/322 brn|[from] brn\n|upkeep\n|turn|28\n|\n|t:|1733871727\n|cant|p2a: Giratina|slp\n|move|p1a: Regigigas|Knock Off|p2a: Giratina\n|-supereffective|p2a: Giratina\n|-damage|p2a: Giratina|288/349 slp\n|\n|-heal|p1a: Regigigas|242/322 brn|[from] item: Leftovers\n|-damage|p1a: Regigigas|222/322 brn|[from] brn\n|-end|p1a: Regigigas|Slow Start\n|upkeep\n|turn|29\n|\n|t:|1733871730\n|move|p1a: Regigigas|Knock Off|p2a: Giratina\n|-supereffective|p2a: Giratina\n|-damage|p2a: Giratina|222/349 slp\n|cant|p2a: Giratina|slp\n|\n|-heal|p1a: Regigigas|242/322 brn|[from] item: Leftovers\n|-damage|p1a: Regigigas|222/322 brn|[from] brn\n|upkeep\n|turn|30\n|\n|t:|1733871733\n|move|p1a: Regigigas|Knock Off|p2a: Giratina\n|-supereffective|p2a: Giratina\n|-damage|p2a: Giratina|160/349 slp\n|-curestatus|p2a: Giratina|slp|[msg]\n|move|p2a: Giratina|Rest|p2a: Giratina\n|-status|p2a: Giratina|slp|[from] move: Rest\n|-heal|p2a: Giratina|349/349 slp|[silent]\n|\n|-heal|p1a: Regigigas|242/322 brn|[from] item: Leftovers\n|-damage|p1a: Regigigas|222/322 brn|[from] brn\n|upkeep\n|turn|31\n|\n|t:|1733871759\n|-end|p1a: Regigigas|Slow Start|[silent]\n|switch|p1a: Rhyperior|Rhyperior, L82, M|217/323 brn\n|cant|p2a: Giratina|slp\n|\n|-damage|p1a: Rhyperior|197/323 brn|[from] brn\n|upkeep\n|turn|32\n|\n|t:|1733871775\n|cant|p2a: Giratina|slp\n|move|p1a: Rhyperior|Earthquake|p2a: Giratina\n|-damage|p2a: Giratina|260/349 slp\n|\n|-damage|p1a: Rhyperior|177/323 brn|[from] brn\n|upkeep\n|turn|33\n|\n|t:|1733871784\n|switch|p1a: Regigigas|Regigigas, L84|222/322 brn\n|-start|p1a: Regigigas|ability: Slow Start\n|-curestatus|p2a: Giratina|slp|[msg]\n|move|p2a: Giratina|Shadow Ball|p1a: Regigigas\n|-immune|p1a: Regigigas\n|\n|-heal|p1a: Regigigas|242/322 brn|[from] item: Leftovers\n|-damage|p1a: Regigigas|222/322 brn|[from] brn\n|upkeep\n|turn|34\n|\n|t:|1733871797\n|-terastallize|p1a: Regigigas|Poison\n|move|p2a: Giratina|Will-O-Wisp|p1a: Regigigas\n|-fail|p1a: Regigigas|brn\n|move|p1a: Regigigas|Body Slam|p2a: Giratina\n|-immune|p2a: Giratina\n|\n|-heal|p1a: Regigigas|242/322 brn|[from] item: Leftovers\n|-damage|p1a: Regigigas|222/322 brn|[from] brn\n|upkeep\n|turn|35\n|\n|t:|1733871806\n|move|p1a: Regigigas|Knock Off|p2a: Giratina\n|-supereffective|p2a: Giratina\n|-damage|p2a: Giratina|229/349\n|move|p2a: Giratina|Dragon Tail|p1a: Regigigas\n|-damage|p1a: Regigigas|177/322 brn\n|-end|p1a: Regigigas|Slow Start|[silent]\n|drag|p1a: Rhyperior|Rhyperior, L82, M|177/323 brn\n|\n|-damage|p1a: Rhyperior|157/323 brn|[from] brn\n|upkeep\n|turn|36\n|\n|t:|1733871814\n|move|p2a: Giratina|Shadow Ball|p1a: Rhyperior\n|-damage|p1a: Rhyperior|60/323 brn\n|move|p1a: Rhyperior|Ice Punch|p2a: Giratina\n|-supereffective|p2a: Giratina\n|-damage|p2a: Giratina|141/349\n|\n|-damage|p1a: Rhyperior|40/323 brn|[from] brn\n|upkeep\n|turn|37\n|\n|t:|1733871818\n|move|p2a: Giratina|Shadow Ball|p1a: Rhyperior\n|-damage|p1a: Rhyperior|0 fnt\n|faint|p1a: Rhyperior\n|\n|upkeep\n|\n|t:|1733871820\n|switch|p1a: Regigigas|Regigigas, L84, tera:Poison|177/322 brn\n|-start|p1a: Regigigas|ability: Slow Start\n|turn|38\n|\n|t:|1733871823\n|move|p2a: Giratina|Rest|p2a: Giratina\n|-status|p2a: Giratina|slp|[from] move: Rest\n|-heal|p2a: Giratina|349/349 slp|[silent]\n|move|p1a: Regigigas|Knock Off|p2a: Giratina\n|-supereffective|p2a: Giratina\n|-damage|p2a: Giratina|321/349 slp\n|\n|-heal|p1a: Regigigas|197/322 brn|[from] item: Leftovers\n|-damage|p1a: Regigigas|177/322 brn|[from] brn\n|upkeep\n|turn|39\n|\n|t:|1733871833\n|move|p1a: Regigigas|Knock Off|p2a: Giratina\n|-supereffective|p2a: Giratina\n|-damage|p2a: Giratina|288/349 slp\n|cant|p2a: Giratina|slp\n|\n|-heal|p1a: Regigigas|197/322 brn|[from] item: Leftovers\n|-damage|p1a: Regigigas|177/322 brn|[from] brn\n|upkeep\n|turn|40\n|\n|t:|1733871840\n|move|p1a: Regigigas|Knock Off|p2a: Giratina\n|-supereffective|p2a: Giratina\n|-damage|p2a: Giratina|255/349 slp\n|cant|p2a: Giratina|slp\n|\n|-heal|p1a: Regigigas|197/322 brn|[from] item: Leftovers\n|-damage|p1a: Regigigas|177/322 brn|[from] brn\n|upkeep\n|turn|41\n|\n|t:|1733871850\n|-curestatus|p2a: Giratina|slp|[msg]\n|move|p2a: Giratina|Will-O-Wisp|p1a: Regigigas\n|-fail|p1a: Regigigas|brn\n|move|p1a: Regigigas|Knock Off|p2a: Giratina\n|-supereffective|p2a: Giratina\n|-damage|p2a: Giratina|224/349\n|\n|-heal|p1a: Regigigas|197/322 brn|[from] item: Leftovers\n|-damage|p1a: Regigigas|177/322 brn|[from] brn\n|upkeep\n|turn|42\n|\n|t:|1733871853\n|move|p1a: Regigigas|Knock Off|p2a: Giratina\n|-supereffective|p2a: Giratina\n|-damage|p2a: Giratina|191/349\n|move|p2a: Giratina|Dragon Tail|p1a: Regigigas\n|-damage|p1a: Regigigas|134/322 brn\n|\n|-heal|p1a: Regigigas|154/322 brn|[from] item: Leftovers\n|-damage|p1a: Regigigas|134/322 brn|[from] brn\n|-end|p1a: Regigigas|Slow Start\n|upkeep\n|turn|43\n|\n|t:|1733871856\n|move|p1a: Regigigas|Knock Off|p2a: Giratina\n|-supereffective|p2a: Giratina\n|-damage|p2a: Giratina|125/349\n|move|p2a: Giratina|Dragon Tail|p1a: Regigigas\n|-damage|p1a: Regigigas|89/322 brn\n|\n|-heal|p1a: Regigigas|109/322 brn|[from] item: Leftovers\n|-damage|p1a: Regigigas|89/322 brn|[from] brn\n|upkeep\n|turn|44\n|\n|t:|1733871862\n|move|p1a: Regigigas|Knock Off|p2a: Giratina\n|-supereffective|p2a: Giratina\n|-damage|p2a: Giratina|69/349\n|move|p2a: Giratina|Rest|p2a: Giratina\n|-status|p2a: Giratina|slp|[from] move: Rest\n|-heal|p2a: Giratina|349/349 slp|[silent]\n|\n|-heal|p1a: Regigigas|109/322 brn|[from] item: Leftovers\n|-damage|p1a: Regigigas|89/322 brn|[from] brn\n|upkeep\n|turn|45\n|\n|t:|1733871874\n|move|p1a: Regigigas|Knock Off|p2a: Giratina\n|-supereffective|p2a: Giratina\n|-damage|p2a: Giratina|289/349 slp\n|cant|p2a: Giratina|slp\n|\n|-heal|p1a: Regigigas|109/322 brn|[from] item: Leftovers\n|-damage|p1a: Regigigas|89/322 brn|[from] brn\n|upkeep\n|turn|46\n|\n|t:|1733871883\n|move|p1a: Regigigas|Knock Off|p2a: Giratina\n|-supereffective|p2a: Giratina\n|-damage|p2a: Giratina|224/349 slp\n|cant|p2a: Giratina|slp\n|\n|-heal|p1a: Regigigas|109/322 brn|[from] item: Leftovers\n|-damage|p1a: Regigigas|89/322 brn|[from] brn\n|upkeep\n|turn|47\n|\n|t:|1733871895\n|move|p1a: Regigigas|Body Slam|p2a: Giratina\n|-immune|p2a: Giratina\n|-curestatus|p2a: Giratina|slp|[msg]\n|move|p2a: Giratina|Dragon Tail|p1a: Regigigas\n|-damage|p1a: Regigigas|41/322 brn\n|\n|-heal|p1a: Regigigas|61/322 brn|[from] item: Leftovers\n|-damage|p1a: Regigigas|41/322 brn|[from] brn\n|upkeep\n|turn|48\n|\n|t:|1733871901\n|move|p1a: Regigigas|Protect|p1a: Regigigas\n|-singleturn|p1a: Regigigas|Protect\n|move|p2a: Giratina|Dragon Tail|p1a: Regigigas\n|-activate|p1a: Regigigas|move: Protect\n|\n|-heal|p1a: Regigigas|61/322 brn|[from] item: Leftovers\n|-damage|p1a: Regigigas|41/322 brn|[from] brn\n|upkeep\n|turn|49\n|\n|t:|1733871905\n|move|p1a: Regigigas|Substitute|p1a: Regigigas\n|-fail|p1a: Regigigas|move: Substitute|[weak]\n|move|p2a: Giratina|Dragon Tail|p1a: Regigigas\n|-damage|p1a: Regigigas|0 fnt\n|faint|p1a: Regigigas\n|-end|p1a: Regigigas|Slow Start|[silent]\n|\n|win|DillyPillyy\n", "inputlog": ">version bfd83cad13791eb5a5a409923076391caf6fb4d4\n>start {\"formatid\":\"gen9randombattle\",\"seed\":[4836,23254,10098,45115]}\n>player p1 {\"name\":\"IPandax_2\",\"avatar\":\"266\",\"rating\":0,\"seed\":[2247,51312,19069,21322]}\n>player p2 {\"name\":\"DillyPillyy\",\"avatar\":\"265\",\"rating\":0,\"seed\":[50977,14014,51340,10200]}\n>p1 move uturn\n>p2 move drainpunch\n>p1 switch 4\n>p1 move swordsdance\n>p2 move fakeout\n>p1 move earthquake\n>p2 switch 5\n>p2 switch 3\n>p1 move earthquake\n>p2 move knockoff\n>p1 move earthquake\n>p2 move doubleedge\n>p1 move earthquake\n>p2 move doubleedge\n>p2 switch 5\n>p1 move earthquake\n>p2 move fakeout\n>p1 move earthquake\n>p2 move fakeout\n>p2 switch 2\n>p1 move earthquake\n>p2 move drainpunch\n>p1 switch 4\n>p1 move highjumpkick\n>p2 move drainpunch\n>p1 move powerwhip\n>p2 move drainpunch\n>p1 move powerwhip\n>p2 switch 4\n>p1 move powerwhip\n>p2 switch 4\n>p2 switch 4\n>p1 move uturn\n>p2 move explosion\n>p1 switch 5\n>p2 switch 6\n>p1 switch 6\n>p2 move shadowball\n>p1 move swordsdance\n>p2 move shadowball\n>p1 switch 2\n>p1 move shadowsneak\n>p2 move shadowball\n>p1 move bodypress\n>p2 move shadowball\n>p1 move shadowsneak\n>p2 move shadowball\n>p1 switch 3\n>p1 move substitute\n>p2 move rest\n>p1 switch 6\n>p2 move dragontail\n>p1 switch 6\n>p2 move willowisp\n>p1 move icepunch\n>p2 move dragontail\n>p1 move substitute\n>p2 move willowisp\n>p1 move knockoff\n>p2 move dragontail\n>p1 move knockoff\n>p2 move willowisp\n>p1 move knockoff\n>p2 move rest\n>p1 move knockoff\n>p2 move rest\n>p1 move knockoff\n>p2 move willowisp\n>p1 move knockoff\n>p2 move rest\n>p1 switch 6\n>p2 move willowisp\n>p1 move earthquake\n>p2 move shadowball\n>p1 switch 6\n>p2 move shadowball\n>p1 move bodyslam terastallize\n>p2 move willowisp\n>p1 move knockoff\n>p2 move dragontail\n>p1 move icepunch\n>p2 move shadowball\n>p1 move icepunch\n>p2 move shadowball\n>p1 switch 6\n>p1 move knockoff\n>p2 move rest\n>p1 move knockoff\n>p2 move dragontail\n>p1 move knockoff\n>p2 move dragontail\n>p1 move knockoff\n>p2 move willowisp\n>p1 move knockoff\n>p2 move dragontail\n>p1 move knockoff\n>p2 move dragontail\n>p1 move knockoff\n>p2 move rest\n>p1 move knockoff\n>p2 move dragontail\n>p1 move knockoff\n>p2 move dragontail\n>p1 move bodyslam\n>p2 move dragontail\n>p1 move protect\n>p2 move dragontail\n>p1 move substitute\n>p2 move dragontail", "uploadtime": 1733871957, "views": 14, "formatid": "gen9randombattle", "rating": null, "private": 0, "password": null}