{"id": "gen9randombattle-2260582051", "format": "[Gen 9] Random Battle", "players": ["aravindaa", "SIGYPS"], "log": "|j|\u2606aravindaa\n|j|\u2606SIGYPS\n|t:|1733865888\n|gametype|singles\n|player|p1|aravindaa|101|1231\n|player|p2|SIGYPS|birdkeeper|1267\n|teamsize|p1|6\n|teamsize|p2|6\n|gen|9\n|tier|[Gen 9] Random Battle\n|rated|\n|rule|Species Clause: Limit one of each Pok\u00e9mon\n|rule|HP Percentage Mod: HP is shown in percentages\n|rule|Sleep Clause Mod: Limit one foe put to sleep\n|rule|Illusion Level Mod: Illusion disguises the Pok\u00e9mon's true level\n|\n|t:|1733865888\n|start\n|switch|p1a: Moltres|Moltres, L81|278/278\n|switch|p2a: Glaceon|Glaceon, L94, M|275/275\n|turn|1\n|inactive|Battle timer is ON: inactive players will automatically lose when time's up. (requested by aravindaa)\n|\n|t:|1733865898\n|switch|p2a: Lumineon|Lumineon, L93, F|279/279\n|move|p1a: Moltres|Fire Blast|p2a: Lumineon\n|-resisted|p2a: Lumineon\n|-damage|p2a: Lumineon|217/279\n|\n|upkeep\n|turn|2\n|\n|t:|1733865922\n|move|p2a: Lumineon|Hydro Pump|p1a: Moltres|[miss]\n|-miss|p2a: Lumineon|p1a: Moltres\n|move|p1a: Moltres|Brave Bird|p2a: Lumineon\n|-damage|p2a: Lumineon|97/279\n|-damage|p1a: Moltres|238/278|[from] Recoil\n|\n|upkeep\n|turn|3\n|\n|t:|1733865931\n|move|p2a: Lumineon|Hydro Pump|p1a: Moltres\n|-supereffective|p1a: Moltres\n|-damage|p1a: Moltres|8/278\n|move|p1a: Moltres|Brave Bird|p2a: Lumineon\n|-damage|p2a: Lumineon|0 fnt\n|faint|p2a: Lumineon\n|-damage|p1a: Moltres|0 fnt|[from] Recoil\n|faint|p1a: Moltres\n|\n|upkeep\n|c|\u2606aravindaa|Dumbass\n|c|\u2606SIGYPS|bruh shut up\n|inactive|SIGYPS has 120 seconds left.\n|c|\u2606SIGYPS|and find a girlfriend\n|\n|t:|1733865966\n|switch|p2a: Annihilape|Annihilape, L76, F|292/292\n|switch|p1a: Diancie|Diancie, L82|216/216\n|turn|4\n|c|\u2606aravindaa|Okay\n|\n|t:|1733865980\n|move|p2a: Annihilape|Bulk Up|p2a: Annihilape\n|-boost|p2a: Annihilape|atk|1\n|-boost|p2a: Annihilape|def|1\n|move|p1a: Diancie|Moonblast|p2a: Annihilape\n|-supereffective|p2a: Annihilape\n|-damage|p2a: Annihilape|68/292\n|-unboost|p2a: Annihilape|spa|1\n|-ability|p2a: Annihilape|Defiant|boost\n|-boost|p2a: Annihilape|atk|2\n|\n|-heal|p2a: Annihilape|86/292|[from] item: Leftovers\n|upkeep\n|turn|5\n|\n|t:|1733865995\n|move|p2a: Annihilape|Rage Fist|p1a: Diancie\n|-damage|p1a: Diancie|35/216\n|move|p1a: Diancie|Moonblast|p2a: Annihilape\n|-supereffective|p2a: Annihilape\n|-damage|p2a: Annihilape|0 fnt\n|faint|p2a: Annihilape\n|\n|-heal|p1a: Diancie|48/216|[from] item: Leftovers\n|upkeep\n|\n|t:|1733866001\n|switch|p2a: Raichu|Raichu, L88, F|249/249\n|turn|6\n|\n|t:|1733866014\n|move|p2a: Raichu|Thunderbolt|p1a: Diancie\n|-damage|p1a: Diancie|0 fnt\n|faint|p1a: Diancie\n|-damage|p2a: Raichu|225/249|[from] item: Life Orb\n|\n|upkeep\n|\n|t:|1733866038\n|switch|p1a: Barraskewda|Barraskewda, L81, F|231/231\n|turn|7\n|\n|t:|1733866051\n|move|p1a: Barraskewda|Flip Turn|p2a: Raichu\n|-damage|p2a: Raichu|78/249\n|\n|t:|1733866055\n|switch|p1a: Volbeat|Volbeat, L90, M|263/263|[from] Flip Turn\n|move|p2a: Raichu|Thunderbolt|p1a: Volbeat\n|-damage|p1a: Volbeat|133/263\n|-damage|p2a: Raichu|54/249|[from] item: Life Orb\n|\n|upkeep\n|turn|8\n|inactive|SIGYPS has 120 seconds left.\n|\n|t:|1733866083\n|move|p2a: Raichu|Thunderbolt|p1a: Volbeat\n|-damage|p1a: Volbeat|15/263\n|-damage|p2a: Raichu|30/249|[from] item: Life Orb\n|move|p1a: Volbeat|Lunge|p2a: Raichu\n|-damage|p2a: Raichu|0 fnt\n|faint|p2a: Raichu\n|\n|upkeep\n|\n|t:|1733866086\n|switch|p2a: Glaceon|Glaceon, L94, M|275/275\n|turn|9\n|\n|t:|1733866095\n|move|p1a: Volbeat|Roost|p1a: Volbeat\n|-heal|p1a: Volbeat|147/263\n|-singleturn|p1a: Volbeat|move: Roost\n|move|p2a: Glaceon|Mud Shot|p1a: Volbeat\n|-resisted|p1a: Volbeat\n|-damage|p1a: Volbeat|119/263\n|-unboost|p1a: Volbeat|spe|1\n|\n|upkeep\n|turn|10\n|\n|t:|1733866120\n|move|p1a: Volbeat|Thunder Wave|p2a: Glaceon\n|-status|p2a: Glaceon|par\n|move|p2a: Glaceon|Freeze-Dry|p1a: Volbeat\n|-damage|p1a: Volbeat|7/263\n|\n|upkeep\n|turn|11\n|\n|t:|1733866128\n|move|p1a: Volbeat|Roost|p1a: Volbeat\n|-heal|p1a: Volbeat|139/263\n|-singleturn|p1a: Volbeat|move: Roost\n|cant|p2a: Glaceon|par\n|\n|upkeep\n|turn|12\n|\n|t:|1733866142\n|move|p1a: Volbeat|Roost|p1a: Volbeat\n|-heal|p1a: Volbeat|263/263\n|-singleturn|p1a: Volbeat|move: Roost\n|move|p2a: Glaceon|Freeze-Dry|p1a: Volbeat\n|-damage|p1a: Volbeat|155/263\n|\n|upkeep\n|turn|13\n|\n|t:|1733866151\n|move|p1a: Volbeat|Lunge|p2a: Glaceon\n|-damage|p2a: Glaceon|212/275 par\n|-unboost|p2a: Glaceon|atk|1\n|cant|p2a: Glaceon|par\n|\n|upkeep\n|turn|14\n|\n|t:|1733866167\n|move|p2a: Glaceon|Protect|p2a: Glaceon\n|-singleturn|p2a: Glaceon|Protect\n|move|p1a: Volbeat|Lunge|p2a: Glaceon\n|-activate|p2a: Glaceon|move: Protect\n|\n|upkeep\n|turn|15\n|\n|t:|1733866174\n|switch|p2a: Froslass|Froslass, L87, F|263/263\n|move|p1a: Volbeat|Lunge|p2a: Froslass\n|-resisted|p2a: Froslass\n|-damage|p2a: Froslass|221/263\n|-unboost|p2a: Froslass|atk|1\n|\n|upkeep\n|turn|16\n|\n|t:|1733866188\n|move|p1a: Volbeat|Thunder Wave|p2a: Froslass\n|-status|p2a: Froslass|par\n|move|p2a: Froslass|Will-O-Wisp|p1a: Volbeat\n|-status|p1a: Volbeat|brn\n|\n|-damage|p1a: Volbeat|139/263 brn|[from] brn\n|upkeep\n|turn|17\n|\n|t:|1733866201\n|move|p1a: Volbeat|Roost|p1a: Volbeat\n|-heal|p1a: Volbeat|263/263 brn\n|-singleturn|p1a: Volbeat|move: Roost\n|move|p2a: Froslass|Spikes|p1a: Volbeat\n|-sidestart|p1: aravindaa|Spikes\n|\n|-damage|p1a: Volbeat|247/263 brn|[from] brn\n|upkeep\n|turn|18\n|\n|t:|1733866219\n|move|p1a: Volbeat|Encore|p2a: Froslass\n|-start|p2a: Froslass|Encore\n|cant|p2a: Froslass|par\n|\n|-damage|p1a: Volbeat|231/263 brn|[from] brn\n|upkeep\n|turn|19\n|\n|t:|1733866226\n|move|p1a: Volbeat|Lunge|p2a: Froslass\n|-resisted|p2a: Froslass\n|-damage|p2a: Froslass|197/263 par\n|-unboost|p2a: Froslass|atk|1\n|-start|p1a: Volbeat|Disable|Lunge|[from] ability: Cursed Body|[of] p2a: Froslass\n|cant|p2a: Froslass|par\n|\n|-damage|p1a: Volbeat|215/263 brn|[from] brn\n|upkeep\n|turn|20\n|\n|t:|1733866242\n|move|p1a: Volbeat|Roost|p1a: Volbeat\n|-heal|p1a: Volbeat|263/263 brn\n|-singleturn|p1a: Volbeat|move: Roost\n|move|p2a: Froslass|Spikes|p1a: Volbeat\n|-sidestart|p1: aravindaa|Spikes\n|\n|-damage|p1a: Volbeat|247/263 brn|[from] brn\n|-end|p2a: Froslass|Encore\n|upkeep\n|turn|21\n|\n|t:|1733866251\n|move|p1a: Volbeat|Encore|p2a: Froslass\n|-start|p2a: Froslass|Encore\n|move|p2a: Froslass|Spikes|p1a: Volbeat\n|-sidestart|p1: aravindaa|Spikes\n|\n|-damage|p1a: Volbeat|231/263 brn|[from] brn\n|upkeep\n|turn|22\n|\n|t:|1733866261\n|switch|p2a: Glaceon|Glaceon, L94, M|212/275 par\n|move|p1a: Volbeat|Roost|p1a: Volbeat\n|-heal|p1a: Volbeat|263/263 brn\n|-singleturn|p1a: Volbeat|move: Roost\n|\n|-damage|p1a: Volbeat|247/263 brn|[from] brn\n|-end|p1a: Volbeat|Disable\n|upkeep\n|turn|23\n|\n|t:|1733866273\n|move|p1a: Volbeat|Lunge|p2a: Glaceon\n|-damage|p2a: Glaceon|180/275 par\n|-unboost|p2a: Glaceon|atk|1\n|move|p2a: Glaceon|Freeze-Dry|p1a: Volbeat\n|-damage|p1a: Volbeat|139/263 brn\n|\n|-damage|p1a: Volbeat|123/263 brn|[from] brn\n|upkeep\n|turn|24\n|\n|t:|1733866285\n|move|p1a: Volbeat|Lunge|p2a: Glaceon\n|-damage|p2a: Glaceon|153/275 par\n|-unboost|p2a: Glaceon|atk|1\n|cant|p2a: Glaceon|par\n|\n|-damage|p1a: Volbeat|107/263 brn|[from] brn\n|upkeep\n|turn|25\n|\n|t:|1733866294\n|move|p1a: Volbeat|Roost|p1a: Volbeat\n|-heal|p1a: Volbeat|239/263 brn\n|-singleturn|p1a: Volbeat|move: Roost\n|move|p2a: Glaceon|Wish|p2a: Glaceon\n|\n|-damage|p1a: Volbeat|223/263 brn|[from] brn\n|upkeep\n|turn|26\n|\n|t:|1733866311\n|move|p1a: Volbeat|Encore|p2a: Glaceon\n|-start|p2a: Glaceon|Encore\n|cant|p2a: Glaceon|par\n|\n|-heal|p2a: Glaceon|275/275 par|[from] move: Wish|[wisher] Glaceon\n|-damage|p1a: Volbeat|207/263 brn|[from] brn\n|upkeep\n|turn|27\n|\n|t:|1733866333\n|switch|p1a: Barraskewda|Barraskewda, L81, F|231/231\n|-damage|p1a: Barraskewda|174/231|[from] Spikes\n|switch|p2a: Froslass|Froslass, L87, F|197/263 par\n|\n|upkeep\n|turn|28\n|\n|t:|1733866343\n|-terastallize|p1a: Barraskewda|Fighting\n|move|p1a: Barraskewda|Throat Chop|p2a: Froslass\n|-supereffective|p2a: Froslass\n|-damage|p2a: Froslass|0 fnt\n|-start|p1a: Barraskewda|Disable|Throat Chop|[from] ability: Cursed Body|[of] p2a: Froslass\n|faint|p2a: Froslass\n|\n|upkeep\n|\n|t:|1733866350\n|switch|p2a: Azelf|Azelf, L82|257/257\n|turn|29\n|\n|t:|1733866355\n|switch|p1a: Volbeat|Volbeat, L90, M|207/263 brn\n|-terastallize|p2a: Azelf|Fire\n|move|p2a: Azelf|Psychic|p1a: Volbeat\n|-damage|p1a: Volbeat|78/263 brn\n|-damage|p2a: Azelf|232/257|[from] item: Life Orb\n|\n|-damage|p1a: Volbeat|62/263 brn|[from] brn\n|upkeep\n|turn|30\n|\n|t:|1733866369\n|move|p1a: Volbeat|Thunder Wave|p2a: Azelf\n|-status|p2a: Azelf|par\n|move|p2a: Azelf|Psychic|p1a: Volbeat\n|-damage|p1a: Volbeat|0 fnt\n|faint|p1a: Volbeat\n|-damage|p2a: Azelf|207/257 par|[from] item: Life Orb\n|\n|upkeep\n|\n|t:|1733866381\n|switch|p1a: Barraskewda|Barraskewda, L81, F, tera:Fighting|174/231\n|-damage|p1a: Barraskewda|117/231|[from] Spikes\n|turn|31\n|\n|t:|1733866388\n|switch|p2a: Glaceon|Glaceon, L94, M|275/275 par\n|move|p1a: Barraskewda|Waterfall|p2a: Glaceon\n|-damage|p2a: Glaceon|164/275 par\n|\n|upkeep\n|turn|32\n|\n|t:|1733866394\n|move|p1a: Barraskewda|Waterfall|p2a: Glaceon\n|-damage|p2a: Glaceon|58/275 par\n|move|p2a: Glaceon|Wish|p2a: Glaceon\n|\n|upkeep\n|turn|33\n|\n|t:|1733866400\n|move|p2a: Glaceon|Protect|p2a: Glaceon\n|-singleturn|p2a: Glaceon|Protect\n|move|p1a: Barraskewda|Waterfall|p2a: Glaceon\n|-activate|p2a: Glaceon|move: Protect\n|\n|-heal|p2a: Glaceon|195/275 par|[from] move: Wish|[wisher] Glaceon\n|upkeep\n|turn|34\n|\n|t:|1733866408\n|move|p1a: Barraskewda|Waterfall|p2a: Glaceon\n|-crit|p2a: Glaceon\n|-damage|p2a: Glaceon|21/275 par\n|cant|p2a: Glaceon|flinch\n|\n|upkeep\n|turn|35\n|\n|t:|1733866418\n|move|p1a: Barraskewda|Waterfall|p2a: Glaceon\n|-damage|p2a: Glaceon|0 fnt\n|faint|p2a: Glaceon\n|\n|upkeep\n|\n|t:|1733866420\n|switch|p2a: Azelf|Azelf, L82, tera:Fire|207/257 par\n|turn|36\n|l|\u2606SIGYPS\n|inactive|SIGYPS disconnected and has a minute to reconnect!\n|player|p2|\n|c|\u2606aravindaa|Dumb piece of ass\n|\n|t:|1733866436\n|move|p1a: Barraskewda|Waterfall|p2a: Azelf\n|-supereffective|p2a: Azelf\n|-damage|p2a: Azelf|0 fnt\n|faint|p2a: Azelf\n|\n|win|aravindaa\n", "inputlog": ">version bfd83cad13791eb5a5a409923076391caf6fb4d4\n>start {\"formatid\":\"gen9randombattle\",\"seed\":[55383,8331,50417,60037],\"rated\":\"Rated battle\"}\n>player p1 {\"name\":\"aravindaa\",\"avatar\":\"101\",\"rating\":1231,\"seed\":[35264,1567,65129,27651]}\n>player p2 {\"name\":\"SIGYPS\",\"avatar\":\"birdkeeper\",\"rating\":1267,\"seed\":[52942,4649,56698,63589]}\n>p1 move fireblast\n>p2 switch 5\n>p1 move bravebird\n>p2 move hydropump\n>p1 move bravebird\n>p2 move hydropump\n>chat \u2606aravindaa|Dumbass\n>chat \u2606SIGYPS|bruh shut up\n>chat \u2606SIGYPS|and find a girlfriend\n>p1 switch 5\n>p2 switch 6\n>chat \u2606aravindaa|Okay\n>p1 move moonblast\n>p2 move bulkup\n>p1 move moonblast\n>p2 move ragefist\n>p2 switch 2\n>p1 move moonblast\n>p2 move thunderbolt\n>p1 switch 2\n>p1 move flipturn\n>p2 move thunderbolt\n>p1 switch 4\n>p1 move lunge\n>p2 move thunderbolt\n>p2 switch 5\n>p1 move roost\n>p2 move mudshot\n>p1 move thunderwave\n>p2 move freezedry\n>p1 move roost\n>p2 move freezedry\n>p1 move roost\n>p2 move freezedry\n>p1 move lunge\n>p2 move freezedry\n>p1 move lunge\n>p2 move protect\n>p1 move lunge\n>p2 switch 4\n>p1 move thunderwave\n>p2 move willowisp\n>p1 move roost\n>p2 move spikes\n>p1 move encore\n>p2 move spikes\n>p1 move lunge\n>p2 move spikes\n>p1 move roost\n>p2 move spikes\n>p1 move encore\n>p2 move spikes\n>p1 move roost\n>p2 switch 4\n>p1 move lunge\n>p2 move freezedry\n>p1 move lunge\n>p2 move wish\n>p1 move roost\n>p2 move wish\n>p1 move encore\n>p2 move freezedry\n>p1 switch 4\n>p2 switch 4\n>p1 move throatchop terastallize\n>p2 move willowisp\n>p2 switch 3\n>p1 switch 4\n>p2 move psychic terastallize\n>p1 move thunderwave\n>p2 move psychic\n>p1 switch 4\n>p1 move waterfall\n>p2 switch 4\n>p1 move waterfall\n>p2 move wish\n>p1 move waterfall\n>p2 move protect\n>p1 move waterfall\n>p2 move mudshot\n>p1 move waterfall\n>p2 move wish\n>p2 switch 4\n>chat \u2606aravindaa|Dumb piece of ass\n>p1 move waterfall\n>p2 move psychic", "uploadtime": 1733866432, "views": 1, "formatid": "gen9randombattle", "rating": null, "private": 0, "password": null}