{"id": "gen9randombattle-2260426149", "format": "[Gen 9] Random Battle", "players": ["CLAUDENEYE", "shinja yug"], "log": "|j|\u2606CLAUDENEYE\n|j|\u2606shinja yug\n|t:|1733850463\n|gametype|singles\n|player|p1|CLAUDENEYE|101|1357\n|player|p2|shinja yug|dancer|1356\n|teamsize|p1|6\n|teamsize|p2|6\n|gen|9\n|tier|[Gen 9] Random Battle\n|rated|\n|rule|Species Clause: Limit one of each Pok\u00e9mon\n|rule|HP Percentage Mod: HP is shown in percentages\n|rule|Sleep Clause Mod: Limit one foe put to sleep\n|rule|Illusion Level Mod: Illusion disguises the Pok\u00e9mon's true level\n|\n|t:|1733850463\n|start\n|switch|p1a: Breloom|Breloom, L82, M|233/233\n|switch|p2a: Dunsparce|Dunsparce, L86, F|312/312\n|turn|1\n|\n|t:|1733850484\n|switch|p2a: Thundurus|Thundurus, L80, M|258/258\n|move|p1a: Breloom|Swords Dance|p1a: Breloom\n|-boost|p1a: Breloom|atk|2\n|\n|upkeep\n|turn|2\n|inactive|Battle timer is ON: inactive players will automatically lose when time's up. (requested by shinja yug)\n|\n|t:|1733850499\n|switch|p1a: Pachirisu|Pachirisu, L96, M|271/271\n|move|p2a: Thundurus|Thunder Wave|p1a: Pachirisu\n|-immune|p1a: Pachirisu|[from] ability: Volt Absorb\n|\n|upkeep\n|turn|3\n|\n|t:|1733850507\n|switch|p2a: Bellossom|Bellossom, L84, F|263/263\n|move|p1a: Pachirisu|Encore||[still]\n|-fail|p1a: Pachirisu\n|\n|upkeep\n|turn|4\n|\n|t:|1733850517\n|move|p1a: Pachirisu|Discharge|p2a: Bellossom\n|-resisted|p2a: Bellossom\n|-damage|p2a: Bellossom|234/263\n|-status|p2a: Bellossom|par\n|move|p2a: Bellossom|Sleep Powder|p1a: Pachirisu|[miss]\n|-miss|p2a: Bellossom|p1a: Pachirisu\n|\n|-heal|p2a: Bellossom|250/263 par|[from] item: Leftovers\n|upkeep\n|turn|5\n|\n|t:|1733850529\n|switch|p1a: Breloom|Breloom, L82, M|233/233\n|move|p2a: Bellossom|Strength Sap|p1a: Breloom\n|-unboost|p1a: Breloom|atk|1\n|-heal|p2a: Bellossom|263/263 par\n|\n|upkeep\n|turn|6\n|\n|t:|1733850539\n|switch|p2a: Thundurus|Thundurus, L80, M|258/258\n|move|p1a: Breloom|Swords Dance|p1a: Breloom\n|-boost|p1a: Breloom|atk|2\n|\n|upkeep\n|turn|7\n|\n|t:|1733850547\n|switch|p1a: Pachirisu|Pachirisu, L96, M|271/271\n|move|p2a: Thundurus|Acrobatics|p1a: Pachirisu\n|-resisted|p1a: Pachirisu\n|-damage|p1a: Pachirisu|208/271\n|\n|upkeep\n|turn|8\n|inactive|shinja yug has 120 seconds left.\n|\n|t:|1733850581\n|switch|p2a: Bellossom|Bellossom, L84, F|263/263 par\n|move|p1a: Pachirisu|Super Fang|p2a: Bellossom|[miss]\n|-miss|p1a: Pachirisu|p2a: Bellossom\n|\n|upkeep\n|turn|9\n|\n|t:|1733850591\n|switch|p2a: Electivire|Electivire, L84, M|263/263\n|move|p1a: Pachirisu|U-turn|p2a: Electivire\n|-damage|p2a: Electivire|214/263\n|\n|t:|1733850604\n|switch|p1a: Mienshao|Mienshao, L83, F|244/244|[from] U-turn\n|\n|upkeep\n|turn|10\n|\n|t:|1733850617\n|switch|p2a: Salamence|Salamence, L77, F|273/273\n|-ability|p2a: Salamence|Intimidate|boost\n|-unboost|p1a: Mienshao|atk|1\n|move|p1a: Mienshao|Fake Out|p2a: Salamence\n|-damage|p2a: Salamence|247/273\n|\n|upkeep\n|turn|11\n|\n|t:|1733850642\n|move|p1a: Mienshao|U-turn|p2a: Salamence\n|-resisted|p2a: Salamence\n|-damage|p2a: Salamence|223/273\n|inactive|CLAUDENEYE has 120 seconds left.\n|\n|t:|1733850660\n|switch|p1a: Scream Tail|Scream Tail, L84|330/330|[from] U-turn\n|move|p2a: Salamence|Dragon Dance|p2a: Salamence\n|-boost|p2a: Salamence|atk|1\n|-boost|p2a: Salamence|spe|1\n|\n|upkeep\n|turn|12\n|inactive|CLAUDENEYE has 120 seconds left.\n|\n|t:|1733850670\n|move|p2a: Salamence|Dual Wingbeat|p1a: Scream Tail\n|-damage|p1a: Scream Tail|263/330\n|-damage|p1a: Scream Tail|200/330\n|-hitcount|p1a: Scream Tail|2\n|move|p1a: Scream Tail|Play Rough|p2a: Salamence\n|-supereffective|p2a: Salamence\n|-damage|p2a: Salamence|65/273\n|\n|-heal|p1a: Scream Tail|220/330|[from] item: Leftovers\n|upkeep\n|turn|13\n|inactive|CLAUDENEYE has 120 seconds left.\n|\n|t:|1733850693\n|move|p2a: Salamence|Dual Wingbeat|p1a: Scream Tail\n|-damage|p1a: Scream Tail|153/330\n|-damage|p1a: Scream Tail|87/330\n|-hitcount|p1a: Scream Tail|2\n|move|p1a: Scream Tail|Wish|p1a: Scream Tail\n|\n|-heal|p1a: Scream Tail|107/330|[from] item: Leftovers\n|upkeep\n|turn|14\n|inactive|CLAUDENEYE has 120 seconds left.\n|\n|t:|1733850702\n|move|p1a: Scream Tail|Protect|p1a: Scream Tail\n|-singleturn|p1a: Scream Tail|Protect\n|move|p2a: Salamence|Dragon Dance|p2a: Salamence\n|-boost|p2a: Salamence|atk|1\n|-boost|p2a: Salamence|spe|1\n|\n|-heal|p1a: Scream Tail|272/330|[from] move: Wish|[wisher] Scream Tail\n|-heal|p1a: Scream Tail|292/330|[from] item: Leftovers\n|upkeep\n|turn|15\n|\n|t:|1733850712\n|move|p2a: Salamence|Dual Wingbeat|p1a: Scream Tail|[miss]\n|-miss|p2a: Salamence|p1a: Scream Tail\n|move|p1a: Scream Tail|Play Rough|p2a: Salamence\n|-supereffective|p2a: Salamence\n|-damage|p2a: Salamence|0 fnt\n|faint|p2a: Salamence\n|\n|-heal|p1a: Scream Tail|312/330|[from] item: Leftovers\n|upkeep\n|\n|t:|1733850728\n|switch|p2a: Dunsparce|Dunsparce, L86, F|312/312\n|turn|16\n|\n|t:|1733850734\n|move|p1a: Scream Tail|Thunder Wave|p2a: Dunsparce|[miss]\n|-miss|p1a: Scream Tail|p2a: Dunsparce\n|move|p2a: Dunsparce|Body Slam|p1a: Scream Tail\n|-damage|p1a: Scream Tail|245/330\n|\n|-heal|p1a: Scream Tail|265/330|[from] item: Leftovers\n|upkeep\n|turn|17\n|\n|t:|1733850746\n|switch|p2a: Thundurus|Thundurus, L80, M|258/258\n|move|p1a: Scream Tail|Thunder Wave|p2a: Thundurus\n|-immune|p2a: Thundurus\n|\n|-heal|p1a: Scream Tail|285/330|[from] item: Leftovers\n|upkeep\n|turn|18\n|\n|t:|1733850756\n|-end|p1a: Scream Tail|Protosynthesis|[silent]\n|switch|p1a: Pachirisu|Pachirisu, L96, M|208/271\n|move|p2a: Thundurus|Thunder Wave|p1a: Pachirisu\n|-heal|p1a: Pachirisu|271/271|[from] ability: Volt Absorb|[of] p2a: Thundurus\n|\n|upkeep\n|turn|19\n|\n|t:|1733850767\n|switch|p2a: Bellossom|Bellossom, L84, F|263/263 par\n|move|p1a: Pachirisu|Super Fang|p2a: Bellossom\n|-damage|p2a: Bellossom|132/263 par\n|\n|-heal|p2a: Bellossom|148/263 par|[from] item: Leftovers\n|upkeep\n|turn|20\n|\n|t:|1733850789\n|move|p1a: Pachirisu|U-turn|p2a: Bellossom\n|-supereffective|p2a: Bellossom\n|-damage|p2a: Bellossom|74/263 par\n|\n|t:|1733850794\n|switch|p1a: Breloom|Breloom, L82, M|233/233|[from] U-turn\n|move|p2a: Bellossom|Strength Sap|p1a: Breloom\n|-unboost|p1a: Breloom|atk|1\n|-heal|p2a: Bellossom|263/263 par\n|\n|upkeep\n|turn|21\n|\n|t:|1733850806\n|move|p1a: Breloom|Spore|p2a: Bellossom\n|-immune|p2a: Bellossom\n|move|p2a: Bellossom|Strength Sap|p1a: Breloom\n|-unboost|p1a: Breloom|atk|1\n|\n|upkeep\n|turn|22\n|\n|t:|1733850813\n|move|p1a: Breloom|Spore|p2a: Bellossom\n|-immune|p2a: Bellossom\n|cant|p2a: Bellossom|par\n|\n|upkeep\n|turn|23\n|\n|t:|1733850820\n|move|p1a: Breloom|Swords Dance|p1a: Breloom\n|-boost|p1a: Breloom|atk|2\n|move|p2a: Bellossom|Quiver Dance|p2a: Bellossom\n|-boost|p2a: Bellossom|spa|1\n|-boost|p2a: Bellossom|spd|1\n|-boost|p2a: Bellossom|spe|1\n|\n|upkeep\n|turn|24\n|\n|t:|1733850834\n|switch|p1a: Pachirisu|Pachirisu, L96, M|271/271\n|move|p2a: Bellossom|Quiver Dance|p2a: Bellossom\n|-boost|p2a: Bellossom|spa|1\n|-boost|p2a: Bellossom|spd|1\n|-boost|p2a: Bellossom|spe|1\n|\n|upkeep\n|turn|25\n|\n|t:|1733850856\n|move|p1a: Pachirisu|Encore|p2a: Bellossom\n|-start|p2a: Bellossom|Encore\n|move|p2a: Bellossom|Quiver Dance|p2a: Bellossom\n|-boost|p2a: Bellossom|spa|1\n|-boost|p2a: Bellossom|spd|1\n|-boost|p2a: Bellossom|spe|1\n|\n|upkeep\n|turn|26\n|\n|t:|1733850866\n|switch|p2a: Electivire|Electivire, L84, M|214/263\n|move|p1a: Pachirisu|Super Fang|p2a: Electivire\n|-damage|p2a: Electivire|107/263\n|\n|upkeep\n|turn|27\n|\n|t:|1733850874\n|move|p1a: Pachirisu|U-turn|p2a: Electivire\n|-damage|p2a: Electivire|64/263\n|\n|t:|1733850879\n|switch|p1a: Breloom|Breloom, L82, M|233/233|[from] U-turn\n|move|p2a: Electivire|Earthquake|p1a: Breloom\n|-resisted|p1a: Breloom\n|-crit|p1a: Breloom\n|-damage|p1a: Breloom|142/233\n|-damage|p2a: Electivire|38/263|[from] item: Life Orb\n|\n|upkeep\n|turn|28\n|\n|t:|1733850888\n|move|p1a: Breloom|Mach Punch|p2a: Electivire\n|-damage|p2a: Electivire|0 fnt\n|faint|p2a: Electivire\n|-damage|p1a: Breloom|119/233|[from] item: Life Orb\n|\n|upkeep\n|\n|t:|1733850894\n|switch|p2a: Gardevoir|Gardevoir, L83, M|249/249\n|-ability|p2a: Gardevoir|Technician|[from] ability: Trace|[of] p1a: Breloom\n|turn|29\n|\n|t:|1733850902\n|switch|p1a: Solgaleo|Solgaleo, L74|325/325\n|move|p2a: Gardevoir|Moonblast|p1a: Solgaleo\n|-resisted|p1a: Solgaleo\n|-damage|p1a: Solgaleo|263/325\n|\n|-heal|p1a: Solgaleo|283/325|[from] item: Leftovers\n|upkeep\n|turn|30\n|\n|t:|1733850917\n|switch|p2a: Bellossom|Bellossom, L84, F|263/263 par\n|move|p1a: Solgaleo|Psychic Fangs|p2a: Bellossom\n|-damage|p2a: Bellossom|176/263 par\n|\n|-heal|p1a: Solgaleo|303/325|[from] item: Leftovers\n|-heal|p2a: Bellossom|192/263 par|[from] item: Leftovers\n|upkeep\n|turn|31\n|\n|t:|1733850928\n|move|p1a: Solgaleo|Flare Blitz|p2a: Bellossom\n|-supereffective|p2a: Bellossom\n|-damage|p2a: Bellossom|38/263 par\n|-damage|p1a: Solgaleo|252/325|[from] Recoil\n|move|p2a: Bellossom|Strength Sap|p1a: Solgaleo\n|-fail|p1a: Solgaleo|unboost|[from] ability: Full Metal Body|[of] p1a: Solgaleo\n|-heal|p2a: Bellossom|263/263 par\n|\n|-heal|p1a: Solgaleo|272/325|[from] item: Leftovers\n|upkeep\n|turn|32\n|\n|t:|1733850941\n|move|p1a: Solgaleo|Flare Blitz|p2a: Bellossom\n|-supereffective|p2a: Bellossom\n|-damage|p2a: Bellossom|87/263 par\n|-damage|p1a: Solgaleo|214/325|[from] Recoil\n|move|p2a: Bellossom|Sleep Powder|p1a: Solgaleo|[miss]\n|-miss|p2a: Bellossom|p1a: Solgaleo\n|\n|-heal|p1a: Solgaleo|234/325|[from] item: Leftovers\n|-heal|p2a: Bellossom|103/263 par|[from] item: Leftovers\n|upkeep\n|turn|33\n|\n|t:|1733850952\n|move|p1a: Solgaleo|Flare Blitz|p2a: Bellossom\n|-supereffective|p2a: Bellossom\n|-damage|p2a: Bellossom|0 fnt\n|faint|p2a: Bellossom\n|-damage|p1a: Solgaleo|200/325|[from] Recoil\n|\n|-heal|p1a: Solgaleo|220/325|[from] item: Leftovers\n|upkeep\n|\n|t:|1733850955\n|switch|p2a: Dunsparce|Dunsparce, L86, F|312/312\n|turn|34\n|\n|t:|1733850980\n|move|p1a: Solgaleo|Sunsteel Strike|p2a: Dunsparce\n|-damage|p2a: Dunsparce|227/312\n|move|p2a: Dunsparce|Earthquake|p1a: Solgaleo\n|-supereffective|p1a: Solgaleo\n|-damage|p1a: Solgaleo|114/325\n|\n|-heal|p1a: Solgaleo|134/325|[from] item: Leftovers\n|upkeep\n|turn|35\n|\n|t:|1733850991\n|move|p1a: Solgaleo|Morning Sun|p1a: Solgaleo\n|-heal|p1a: Solgaleo|296/325\n|move|p2a: Dunsparce|Coil|p2a: Dunsparce\n|-boost|p2a: Dunsparce|atk|1\n|-boost|p2a: Dunsparce|def|1\n|-boost|p2a: Dunsparce|accuracy|1\n|\n|-heal|p1a: Solgaleo|316/325|[from] item: Leftovers\n|upkeep\n|turn|36\n|\n|t:|1733851004\n|switch|p1a: Scream Tail|Scream Tail, L84|285/330\n|move|p2a: Dunsparce|Earthquake|p1a: Scream Tail\n|-damage|p1a: Scream Tail|200/330\n|\n|-heal|p1a: Scream Tail|220/330|[from] item: Leftovers\n|upkeep\n|turn|37\n|\n|t:|1733851012\n|move|p1a: Scream Tail|Thunder Wave|p2a: Dunsparce\n|-status|p2a: Dunsparce|par\n|move|p2a: Dunsparce|Body Slam|p1a: Scream Tail\n|-damage|p1a: Scream Tail|114/330\n|\n|-heal|p1a: Scream Tail|134/330|[from] item: Leftovers\n|upkeep\n|turn|38\n|\n|t:|1733851023\n|move|p1a: Scream Tail|Wish|p1a: Scream Tail\n|move|p2a: Dunsparce|Body Slam|p1a: Scream Tail\n|-damage|p1a: Scream Tail|41/330\n|\n|-heal|p1a: Scream Tail|61/330|[from] item: Leftovers\n|upkeep\n|turn|39\n|\n|t:|1733851032\n|move|p1a: Scream Tail|Protect|p1a: Scream Tail\n|-singleturn|p1a: Scream Tail|Protect\n|cant|p2a: Dunsparce|par\n|\n|-heal|p1a: Scream Tail|226/330|[from] move: Wish|[wisher] Scream Tail\n|-heal|p1a: Scream Tail|246/330|[from] item: Leftovers\n|upkeep\n|turn|40\n|inactive|CLAUDENEYE has 120 seconds left.\n|inactive|CLAUDENEYE has 90 seconds left.\n|\n|t:|1733851093\n|move|p1a: Scream Tail|Play Rough|p2a: Dunsparce\n|-damage|p2a: Dunsparce|193/312 par\n|move|p2a: Dunsparce|Earthquake|p1a: Scream Tail\n|-damage|p1a: Scream Tail|160/330\n|\n|-heal|p1a: Scream Tail|180/330|[from] item: Leftovers\n|upkeep\n|turn|41\n|inactive|CLAUDENEYE has 90 seconds left.\n|\n|t:|1733851102\n|move|p1a: Scream Tail|Wish|p1a: Scream Tail\n|move|p2a: Dunsparce|Body Slam|p1a: Scream Tail\n|-damage|p1a: Scream Tail|74/330\n|-status|p1a: Scream Tail|par\n|\n|-heal|p1a: Scream Tail|94/330 par|[from] item: Leftovers\n|upkeep\n|turn|42\n|inactive|CLAUDENEYE has 90 seconds left.\n|\n|t:|1733851115\n|cant|p1a: Scream Tail|par\n|move|p2a: Dunsparce|Coil|p2a: Dunsparce\n|-boost|p2a: Dunsparce|atk|1\n|-boost|p2a: Dunsparce|def|1\n|-boost|p2a: Dunsparce|accuracy|1\n|\n|-heal|p1a: Scream Tail|259/330 par|[from] move: Wish|[wisher] Scream Tail\n|-heal|p1a: Scream Tail|279/330 par|[from] item: Leftovers\n|upkeep\n|turn|43\n|inactive|CLAUDENEYE has 90 seconds left.\n|\n|t:|1733851134\n|move|p1a: Scream Tail|Wish|p1a: Scream Tail\n|move|p2a: Dunsparce|Earthquake|p1a: Scream Tail\n|-damage|p1a: Scream Tail|181/330 par\n|\n|-heal|p1a: Scream Tail|201/330 par|[from] item: Leftovers\n|upkeep\n|turn|44\n|inactive|CLAUDENEYE has 90 seconds left.\n|\n|t:|1733851142\n|-end|p1a: Scream Tail|Protosynthesis|[silent]\n|switch|p1a: Mienshao|Mienshao, L83, F|244/244\n|move|p2a: Dunsparce|Coil|p2a: Dunsparce\n|-boost|p2a: Dunsparce|atk|1\n|-boost|p2a: Dunsparce|def|1\n|-boost|p2a: Dunsparce|accuracy|1\n|\n|upkeep\n|turn|45\n|\n|t:|1733851149\n|-terastallize|p2a: Dunsparce|Ghost\n|move|p1a: Mienshao|Fake Out|p2a: Dunsparce\n|-immune|p2a: Dunsparce\n|move|p2a: Dunsparce|Body Slam|p1a: Mienshao\n|-damage|p1a: Mienshao|0 fnt\n|faint|p1a: Mienshao\n|\n|upkeep\n|inactive|CLAUDENEYE has 90 seconds left.\n|\n|t:|1733851174\n|switch|p1a: Pachirisu|Pachirisu, L96, M|271/271\n|turn|46\n|\n|t:|1733851186\n|-terastallize|p1a: Pachirisu|Flying\n|move|p1a: Pachirisu|Super Fang|p2a: Dunsparce\n|-immune|p2a: Dunsparce\n|move|p2a: Dunsparce|Earthquake|p1a: Pachirisu\n|-immune|p1a: Pachirisu\n|\n|upkeep\n|turn|47\n|\n|t:|1733851194\n|move|p1a: Pachirisu|Discharge|p2a: Dunsparce\n|-damage|p2a: Dunsparce|141/312 par\n|move|p2a: Dunsparce|Body Slam|p1a: Pachirisu\n|-damage|p1a: Pachirisu|66/271\n|-status|p1a: Pachirisu|par\n|\n|upkeep\n|turn|48\n|\n|t:|1733851204\n|cant|p1a: Pachirisu|par\n|move|p2a: Dunsparce|Body Slam|p1a: Pachirisu\n|-damage|p1a: Pachirisu|0 fnt\n|faint|p1a: Pachirisu\n|\n|upkeep\n|\n|t:|1733851217\n|switch|p1a: Scream Tail|Scream Tail, L84|201/330 par\n|turn|49\n|\n|t:|1733851227\n|move|p1a: Scream Tail|Play Rough|p2a: Dunsparce|[miss]\n|-miss|p1a: Scream Tail|p2a: Dunsparce\n|move|p2a: Dunsparce|Roost|p2a: Dunsparce\n|-heal|p2a: Dunsparce|297/312 par\n|\n|-heal|p1a: Scream Tail|221/330 par|[from] item: Leftovers\n|upkeep\n|turn|50\n|\n|t:|1733851246\n|cant|p1a: Scream Tail|par\n|move|p2a: Dunsparce|Body Slam|p1a: Scream Tail\n|-damage|p1a: Scream Tail|50/330 par\n|\n|-heal|p1a: Scream Tail|70/330 par|[from] item: Leftovers\n|upkeep\n|turn|51\n|\n|t:|1733851254\n|move|p1a: Scream Tail|Wish|p1a: Scream Tail\n|move|p2a: Dunsparce|Body Slam|p1a: Scream Tail\n|-damage|p1a: Scream Tail|0 fnt\n|faint|p1a: Scream Tail\n|-end|p1a: Scream Tail|Protosynthesis|[silent]\n|\n|upkeep\n|\n|t:|1733851266\n|switch|p1a: Beartic|Beartic, L91, F|321/321\n|turn|52\n|\n|t:|1733851271\n|move|p1a: Beartic|Swords Dance|p1a: Beartic\n|-boost|p1a: Beartic|atk|2\n|move|p2a: Dunsparce|Body Slam|p1a: Beartic\n|-damage|p1a: Beartic|140/321\n|-status|p1a: Beartic|par\n|\n|-heal|p1a: Beartic|305/321 par|[from] move: Wish|[wisher] Scream Tail\n|upkeep\n|turn|53\n|\n|t:|1733851286\n|move|p1a: Beartic|Icicle Crash|p2a: Dunsparce\n|-damage|p2a: Dunsparce|221/312 par\n|move|p2a: Dunsparce|Body Slam|p1a: Beartic\n|-crit|p1a: Beartic\n|-damage|p1a: Beartic|29/321 par\n|\n|upkeep\n|turn|54\n|\n|t:|1733851294\n|move|p1a: Beartic|Icicle Crash|p2a: Dunsparce\n|-damage|p2a: Dunsparce|139/312 par\n|cant|p2a: Dunsparce|flinch\n|\n|upkeep\n|turn|55\n|inactive|CLAUDENEYE has 90 seconds left.\n|\n|t:|1733851302\n|move|p1a: Beartic|Icicle Crash|p2a: Dunsparce\n|-damage|p2a: Dunsparce|61/312 par\n|move|p2a: Dunsparce|Roost|p2a: Dunsparce\n|-heal|p2a: Dunsparce|217/312 par\n|\n|upkeep\n|turn|56\n|\n|t:|1733851309\n|move|p1a: Beartic|Swords Dance|p1a: Beartic\n|-boost|p1a: Beartic|atk|2\n|cant|p2a: Dunsparce|par\n|\n|upkeep\n|turn|57\n|\n|t:|1733851316\n|move|p1a: Beartic|Icicle Crash|p2a: Dunsparce\n|-damage|p2a: Dunsparce|88/312 par\n|move|p2a: Dunsparce|Body Slam|p1a: Beartic\n|-damage|p1a: Beartic|0 fnt\n|faint|p1a: Beartic\n|\n|upkeep\n|\n|t:|1733851329\n|switch|p1a: Solgaleo|Solgaleo, L74|316/325\n|turn|58\n|\n|t:|1733851341\n|move|p1a: Solgaleo|Sunsteel Strike|p2a: Dunsparce\n|-damage|p2a: Dunsparce|55/312 par\n|cant|p2a: Dunsparce|par\n|\n|-heal|p1a: Solgaleo|325/325|[from] item: Leftovers\n|upkeep\n|turn|59\n|\n|t:|1733851354\n|move|p1a: Solgaleo|Sunsteel Strike|p2a: Dunsparce\n|-damage|p2a: Dunsparce|18/312 par\n|move|p2a: Dunsparce|Roost|p2a: Dunsparce\n|-heal|p2a: Dunsparce|174/312 par\n|\n|upkeep\n|turn|60\n|inactive|CLAUDENEYE has 90 seconds left.\n|\n|t:|1733851393\n|move|p1a: Solgaleo|Sunsteel Strike|p2a: Dunsparce\n|-damage|p2a: Dunsparce|141/312 par\n|move|p2a: Dunsparce|Roost|p2a: Dunsparce\n|-heal|p2a: Dunsparce|297/312 par\n|\n|upkeep\n|turn|61\n|\n|t:|1733851404\n|move|p1a: Solgaleo|Sunsteel Strike|p2a: Dunsparce\n|-damage|p2a: Dunsparce|263/312 par\n|move|p2a: Dunsparce|Earthquake|p1a: Solgaleo\n|-supereffective|p1a: Solgaleo\n|-damage|p1a: Solgaleo|55/325\n|\n|-heal|p1a: Solgaleo|75/325|[from] item: Leftovers\n|upkeep\n|turn|62\n|\n|t:|1733851414\n|move|p1a: Solgaleo|Sunsteel Strike|p2a: Dunsparce\n|-damage|p2a: Dunsparce|232/312 par\n|cant|p2a: Dunsparce|par\n|\n|-heal|p1a: Solgaleo|95/325|[from] item: Leftovers\n|upkeep\n|turn|63\n|\n|t:|1733851423\n|move|p1a: Solgaleo|Sunsteel Strike|p2a: Dunsparce\n|-damage|p2a: Dunsparce|195/312 par\n|move|p2a: Dunsparce|Earthquake|p1a: Solgaleo\n|-supereffective|p1a: Solgaleo\n|-damage|p1a: Solgaleo|0 fnt\n|faint|p1a: Solgaleo\n|\n|upkeep\n|\n|t:|1733851432\n|switch|p1a: Breloom|Breloom, L82, M|119/233\n|turn|64\n|\n|t:|1733851438\n|move|p1a: Breloom|Bullet Seed|p2a: Dunsparce\n|-damage|p2a: Dunsparce|176/312 par\n|-damage|p2a: Dunsparce|155/312 par\n|-damage|p2a: Dunsparce|136/312 par\n|-damage|p2a: Dunsparce|113/312 par\n|-damage|p2a: Dunsparce|94/312 par\n|-hitcount|p2a: Dunsparce|5\n|-damage|p1a: Breloom|96/233|[from] item: Life Orb\n|move|p2a: Dunsparce|Body Slam|p1a: Breloom\n|-damage|p1a: Breloom|0 fnt\n|faint|p1a: Breloom\n|\n|win|shinja yug\n|raw|CLAUDENEYE's rating: 1357 &rarr; <strong>1337</strong><br />(-20 for losing)\n|raw|shinja yug's rating: 1356 &rarr; <strong>1376</strong><br />(+20 for winning)\n|c|\u2606CLAUDENEYE|Gg ep\n|c|\u2606shinja yug|gg\n", "inputlog": ">version bfd83cad13791eb5a5a409923076391caf6fb4d4\n>start {\"formatid\":\"gen9randombattle\",\"seed\":[60173,58792,42284,2695],\"rated\":\"Rated battle\"}\n>player p1 {\"name\":\"CLAUDENEYE\",\"avatar\":\"101\",\"rating\":1357,\"seed\":[26698,11400,36816,38818]}\n>player p2 {\"name\":\"shinja yug\",\"avatar\":\"dancer\",\"rating\":1356,\"seed\":[58858,17060,60593,46150]}\n>p1 move swordsdance\n>p2 switch 4\n>p1 switch 6\n>p2 move thunderwave\n>p1 move encore\n>p2 switch 5\n>p1 move discharge\n>p2 move sleeppowder\n>p1 switch 6\n>p2 move strengthsap\n>p1 move swordsdance\n>p2 switch 5\n>p1 switch 6\n>p2 move acrobatics\n>p1 move superfang\n>p2 switch 5\n>p1 move uturn\n>p2 switch 6\n>p1 switch 5\n>p1 move fakeout\n>p2 switch 2\n>p1 move uturn\n>p2 move dragondance\n>p1 switch 3\n>p1 move playrough\n>p2 move dualwingbeat\n>p1 move wish\n>p2 move dualwingbeat\n>p1 move protect\n>p2 move dragondance\n>p1 move playrough\n>p2 move dualwingbeat\n>p2 switch 4\n>p1 move thunderwave\n>p2 move bodyslam\n>p1 move thunderwave\n>p2 switch 5\n>p1 switch 5\n>p2 move thunderwave\n>p1 move superfang\n>p2 switch 6\n>p1 move uturn\n>p2 move strengthsap\n>p1 switch 6\n>p1 move spore\n>p2 move strengthsap\n>p1 move spore\n>p2 move quiverdance\n>p1 move swordsdance\n>p2 move quiverdance\n>p1 switch 6\n>p2 move quiverdance\n>p1 move encore\n>p2 move strengthsap\n>p1 move superfang\n>p2 switch 2\n>p1 move uturn\n>p2 move earthquake\n>p1 switch 6\n>p1 move machpunch\n>p2 move icepunch\n>p2 switch 3\n>p1 switch 4\n>p2 move moonblast\n>p1 move psychicfangs\n>p2 switch 2\n>p1 move flareblitz\n>p2 move strengthsap\n>p1 move flareblitz\n>p2 move sleeppowder\n>p1 move flareblitz\n>p2 move strengthsap\n>p2 switch 5\n>p1 move sunsteelstrike\n>p2 move earthquake\n>p1 move morningsun\n>p2 move coil\n>p1 switch 5\n>p2 move earthquake\n>p1 move thunderwave\n>p2 move bodyslam\n>p1 move wish\n>p2 move bodyslam\n>p1 move protect\n>p2 move coil\n>p1 move playrough\n>p2 move earthquake\n>p1 move wish\n>p2 move bodyslam\n>p1 move protect\n>p2 move coil\n>p1 move wish\n>p2 move earthquake\n>p1 switch 3\n>p2 move coil\n>p1 move fakeout\n>p2 move bodyslam terastallize\n>p1 switch 6\n>p1 move superfang terastallize\n>p2 move earthquake\n>p1 move discharge\n>p2 move bodyslam\n>p1 move discharge\n>p2 move bodyslam\n>p1 switch 3\n>p1 move playrough\n>p2 move roost\n>p1 move wish\n>p2 move bodyslam\n>p1 move wish\n>p2 move bodyslam\n>p1 switch 2\n>p1 move swordsdance\n>p2 move bodyslam\n>p1 move iciclecrash\n>p2 move bodyslam\n>p1 move iciclecrash\n>p2 move bodyslam\n>p1 move iciclecrash\n>p2 move roost\n>p1 move swordsdance\n>p2 move bodyslam\n>p1 move iciclecrash\n>p2 move bodyslam\n>p1 switch 5\n>p1 move sunsteelstrike\n>p2 move roost\n>p1 move sunsteelstrike\n>p2 move roost\n>p1 move sunsteelstrike\n>p2 move roost\n>p1 move sunsteelstrike\n>p2 move earthquake\n>p1 move sunsteelstrike\n>p2 move earthquake\n>p1 move sunsteelstrike\n>p2 move earthquake\n>p1 switch 4\n>p1 move bulletseed\n>p2 move bodyslam", "uploadtime": 1733851618, "views": 8, "formatid": "gen9randombattle", "rating": 1337, "private": 0, "password": null}