{"id": "gen9randombattle-2259812826", "format": "[Gen 9] Random Battle", "players": ["Lulugmarre", "LOVE YRSELF NOW"], "log": "|badge|p1|bronze|gen9randombattle|100-3\n|uhtml|medal-msg|<div class=\"broadcast-blue\">Curious what those medals under the avatar are? PS now has Ladder Seasons! For more information, check out the <a href=\"https://www.smogon.com/forums/threads/3740067/\">thread on Smogon.</a></div>\n|j|\u2606Lulugmarre\n|j|\u203dLOVE YRSELF NOW\n|t:|1733769194\n|gametype|singles\n|player|p1|Lulugmarre|marnie-masters2|2203\n|player|p2|LOVE YRSELF NOW|unknown|2163\n|teamsize|p1|6\n|teamsize|p2|6\n|gen|9\n|tier|[Gen 9] Random Battle\n|rated|\n|rule|Species Clause: Limit one of each Pok\u00e9mon\n|rule|HP Percentage Mod: HP is shown in percentages\n|rule|Sleep Clause Mod: Limit one foe put to sleep\n|rule|Illusion Level Mod: Illusion disguises the Pok\u00e9mon's true level\n|\n|t:|1733769195\n|start\n|switch|p1a: Gliscor|Gliscor, L76, F|239/239\n|switch|p2a: Tauros|Tauros-Paldea-Aqua, L81, M|254/254\n|-ability|p2a: Tauros|Intimidate|boost\n|-unboost|p1a: Gliscor|atk|1\n|turn|1\n|c|\u2606Lulugmarre|hf\n|\n|t:|1733769206\n|move|p1a: Gliscor|Protect|p1a: Gliscor\n|-singleturn|p1a: Gliscor|Protect\n|move|p2a: Tauros|Wave Crash|p1a: Gliscor\n|-activate|p1a: Gliscor|move: Protect\n|\n|-status|p1a: Gliscor|tox|[from] item: Toxic Orb\n|upkeep\n|turn|2\n|\n|t:|1733769238\n|switch|p2a: Komala|Komala, L89, M|260/260\n|-ability|p2a: Komala|Comatose\n|switch|p1a: Cloyster|Cloyster, L80, F|211/211\n|\n|upkeep\n|turn|3\n|\n|t:|1733769259\n|move|p2a: Komala|Knock Off|p1a: Cloyster\n|-damage|p1a: Cloyster|156/211\n|-enditem|p1a: Cloyster|White Herb|[from] move: Knock Off|[of] p2a: Komala\n|move|p1a: Cloyster|Shell Smash|p1a: Cloyster\n|-unboost|p1a: Cloyster|def|1\n|-unboost|p1a: Cloyster|spd|1\n|-boost|p1a: Cloyster|atk|2\n|-boost|p1a: Cloyster|spa|2\n|-boost|p1a: Cloyster|spe|2\n|\n|upkeep\n|turn|4\n|\n|t:|1733769265\n|switch|p2a: Tauros|Tauros-Paldea-Aqua, L81, M|254/254\n|-ability|p2a: Tauros|Intimidate|boost\n|-unboost|p1a: Cloyster|atk|1\n|move|p1a: Cloyster|Icicle Spear|p2a: Tauros\n|-resisted|p2a: Tauros\n|-damage|p2a: Tauros|236/254\n|-resisted|p2a: Tauros\n|-damage|p2a: Tauros|218/254\n|-resisted|p2a: Tauros\n|-damage|p2a: Tauros|202/254\n|-resisted|p2a: Tauros\n|-damage|p2a: Tauros|184/254\n|-resisted|p2a: Tauros\n|-damage|p2a: Tauros|169/254\n|-hitcount|p2a: Tauros|5\n|\n|upkeep\n|turn|5\n|\n|t:|1733769271\n|move|p1a: Cloyster|Icicle Spear|p2a: Tauros\n|-resisted|p2a: Tauros\n|-damage|p2a: Tauros|154/254\n|-resisted|p2a: Tauros\n|-damage|p2a: Tauros|136/254\n|-resisted|p2a: Tauros\n|-damage|p2a: Tauros|118/254\n|-resisted|p2a: Tauros\n|-damage|p2a: Tauros|103/254\n|-resisted|p2a: Tauros\n|-damage|p2a: Tauros|88/254\n|-hitcount|p2a: Tauros|5\n|move|p2a: Tauros|Close Combat|p1a: Cloyster\n|-supereffective|p1a: Cloyster\n|-damage|p1a: Cloyster|0 fnt\n|-unboost|p2a: Tauros|def|1\n|-unboost|p2a: Tauros|spd|1\n|faint|p1a: Cloyster\n|\n|upkeep\n|\n|t:|1733769282\n|switch|p1a: Wugtrio|Wugtrio, L91, M|212/212\n|turn|6\n|\n|t:|1733769292\n|switch|p2a: Bellibolt|Bellibolt, L84, F|320/320\n|move|p1a: Wugtrio|Liquidation|p2a: Bellibolt\n|-damage|p2a: Bellibolt|173/320\n|-start|p2a: Bellibolt|Charge|Liquidation|[from] ability: Electromorphosis\n|\n|-heal|p2a: Bellibolt|193/320|[from] item: Leftovers\n|upkeep\n|turn|7\n|j| DragonClaw180\n|\n|t:|1733769303\n|switch|p1a: Gliscor|Gliscor, L76, F|239/239 tox\n|move|p2a: Bellibolt|Slack Off|p2a: Bellibolt\n|-heal|p2a: Bellibolt|320/320\n|\n|upkeep\n|turn|8\n|\n|t:|1733769311\n|switch|p2a: Komala|Komala, L89, M|260/260\n|-ability|p2a: Komala|Comatose\n|move|p1a: Gliscor|Toxic|p2a: Komala|[miss]\n|-miss|p1a: Gliscor|p2a: Komala\n|\n|upkeep\n|turn|9\n|\n|t:|1733769319\n|move|p1a: Gliscor|Earthquake|p2a: Komala\n|-damage|p2a: Komala|151/260\n|move|p2a: Komala|Rapid Spin|p1a: Gliscor\n|-damage|p1a: Gliscor|179/239 tox\n|-boost|p2a: Komala|spe|1\n|\n|-heal|p1a: Gliscor|208/239 tox|[from] ability: Poison Heal\n|upkeep\n|turn|10\n|\n|t:|1733769324\n|move|p2a: Komala|Body Slam|p1a: Gliscor\n|-damage|p1a: Gliscor|111/239 tox\n|move|p1a: Gliscor|Earthquake|p2a: Komala\n|-damage|p2a: Komala|42/260\n|\n|-heal|p1a: Gliscor|140/239 tox|[from] ability: Poison Heal\n|upkeep\n|turn|11\n|\n|t:|1733769327\n|move|p1a: Gliscor|Protect|p1a: Gliscor\n|-singleturn|p1a: Gliscor|Protect\n|move|p2a: Komala|Body Slam|p1a: Gliscor\n|-activate|p1a: Gliscor|move: Protect\n|\n|-heal|p1a: Gliscor|169/239 tox|[from] ability: Poison Heal\n|upkeep\n|turn|12\n|\n|t:|1733769329\n|move|p2a: Komala|Body Slam|p1a: Gliscor\n|-damage|p1a: Gliscor|69/239 tox\n|move|p1a: Gliscor|Earthquake|p2a: Komala\n|-damage|p2a: Komala|0 fnt\n|faint|p2a: Komala\n|\n|-heal|p1a: Gliscor|98/239 tox|[from] ability: Poison Heal\n|upkeep\n|\n|t:|1733769335\n|switch|p2a: Porygon-Z|Porygon-Z, L83|277/277\n|-ability|p2a: Porygon-Z|Download|boost\n|-boost|p2a: Porygon-Z|spa|1\n|turn|13\n|\n|t:|1733769349\n|switch|p1a: Meloetta|Meloetta, L82|298/298\n|move|p2a: Porygon-Z|Tri Attack|p1a: Meloetta\n|-damage|p1a: Meloetta|165/298\n|\n|upkeep\n|turn|14\n|\n|t:|1733769356\n|move|p2a: Porygon-Z|Tri Attack|p1a: Meloetta\n|-damage|p1a: Meloetta|33/298\n|move|p1a: Meloetta|Relic Song|p2a: Porygon-Z\n|-damage|p2a: Porygon-Z|128/277\n|-status|p2a: Porygon-Z|slp|[from] move: Relic Song\n|-formechange|p1a: Meloetta|Meloetta-Pirouette|[msg]\n|-damage|p1a: Meloetta|4/298|[from] item: Life Orb\n|\n|upkeep\n|turn|15\n|\n|t:|1733769368\n|cant|p2a: Porygon-Z|slp\n|move|p1a: Meloetta|Close Combat|p2a: Porygon-Z\n|-supereffective|p2a: Porygon-Z\n|-damage|p2a: Porygon-Z|0 fnt\n|-unboost|p1a: Meloetta|def|1\n|-unboost|p1a: Meloetta|spd|1\n|faint|p2a: Porygon-Z\n|-damage|p1a: Meloetta|0 fnt|[from] item: Life Orb\n|faint|p1a: Meloetta\n|\n|upkeep\n|\n|t:|1733769388\n|switch|p2a: Tauros|Tauros-Paldea-Aqua, L81, M|88/254\n|switch|p1a: Gliscor|Gliscor, L76, F|98/239 tox\n|-ability|p2a: Tauros|Intimidate|boost\n|-unboost|p1a: Gliscor|atk|1\n|turn|16\n|c| DragonClaw180|Goat rapid spinner sack\n|\n|t:|1733769397\n|move|p1a: Gliscor|Protect|p1a: Gliscor\n|-singleturn|p1a: Gliscor|Protect\n|move|p2a: Tauros|Wave Crash|p1a: Gliscor\n|-activate|p1a: Gliscor|move: Protect\n|\n|-heal|p1a: Gliscor|127/239 tox|[from] ability: Poison Heal\n|upkeep\n|turn|17\n|\n|t:|1733769414\n|switch|p2a: Gurdurr|Gurdurr, L85, F|283/283\n|switch|p1a: Wugtrio|Wugtrio, L91, M|212/212\n|\n|upkeep\n|turn|18\n|\n|t:|1733769425\n|switch|p1a: Palossand|Palossand, L89, F|296/296\n|move|p2a: Gurdurr|Bulk Up|p2a: Gurdurr\n|-boost|p2a: Gurdurr|atk|1\n|-boost|p2a: Gurdurr|def|1\n|\n|upkeep\n|turn|19\n|\n|t:|1733769429\n|move|p2a: Gurdurr|Bulk Up|p2a: Gurdurr\n|-boost|p2a: Gurdurr|atk|1\n|-boost|p2a: Gurdurr|def|1\n|move|p1a: Palossand|Earth Power|p2a: Gurdurr\n|-damage|p2a: Gurdurr|174/283\n|\n|upkeep\n|turn|20\n|\n|t:|1733769435\n|move|p2a: Gurdurr|Knock Off|p1a: Palossand\n|-supereffective|p1a: Palossand\n|-damage|p1a: Palossand|74/296\n|-enditem|p1a: Palossand|Leftovers|[from] move: Knock Off|[of] p2a: Gurdurr\n|move|p1a: Palossand|Earth Power|p2a: Gurdurr\n|-damage|p2a: Gurdurr|68/283\n|\n|upkeep\n|turn|21\n|\n|t:|1733769462\n|move|p2a: Gurdurr|Knock Off|p1a: Palossand\n|-supereffective|p1a: Palossand\n|-damage|p1a: Palossand|0 fnt\n|faint|p1a: Palossand\n|\n|upkeep\n|\n|t:|1733769475\n|switch|p1a: Spidops|Spidops, L96, F|271/271\n|turn|22\n|\n|t:|1733769480\n|move|p2a: Gurdurr|Knock Off|p1a: Spidops\n|-crit|p1a: Spidops\n|-damage|p1a: Spidops|78/271\n|-enditem|p1a: Spidops|Heavy-Duty Boots|[from] move: Knock Off|[of] p2a: Gurdurr\n|move|p1a: Spidops|Circle Throw|p2a: Gurdurr\n|-damage|p2a: Gurdurr|51/283\n|drag|p2a: Tauros|Tauros-Paldea-Aqua, L81, M|88/254\n|-ability|p2a: Tauros|Intimidate|boost\n|-unboost|p1a: Spidops|atk|1\n|\n|upkeep\n|turn|23\n|\n|t:|1733769490\n|move|p2a: Tauros|Wave Crash|p1a: Spidops\n|-damage|p1a: Spidops|0 fnt\n|faint|p1a: Spidops\n|-damage|p2a: Tauros|62/254|[from] Recoil\n|\n|upkeep\n|\n|t:|1733769500\n|switch|p1a: Wugtrio|Wugtrio, L91, M|212/212\n|turn|24\n|\n|t:|1733769504\n|switch|p2a: Gurdurr|Gurdurr, L85, F|51/283\n|move|p1a: Wugtrio|Liquidation|p2a: Gurdurr\n|-damage|p2a: Gurdurr|0 fnt\n|faint|p2a: Gurdurr\n|\n|upkeep\n|\n|t:|1733769510\n|switch|p2a: Bellibolt|Bellibolt, L84, F|320/320\n|turn|25\n|\n|t:|1733769592\n|move|p1a: Wugtrio|Liquidation|p2a: Bellibolt\n|-damage|p2a: Bellibolt|160/320\n|-start|p2a: Bellibolt|Charge|Liquidation|[from] ability: Electromorphosis\n|move|p2a: Bellibolt|Muddy Water|p1a: Wugtrio\n|-resisted|p1a: Wugtrio\n|-damage|p1a: Wugtrio|176/212\n|\n|-heal|p2a: Bellibolt|180/320|[from] item: Leftovers\n|upkeep\n|turn|26\n|\n|t:|1733769602\n|move|p1a: Wugtrio|Liquidation|p2a: Bellibolt\n|-damage|p2a: Bellibolt|30/320\n|-start|p2a: Bellibolt|Charge|Liquidation|[from] ability: Electromorphosis\n|move|p2a: Bellibolt|Slack Off|p2a: Bellibolt\n|-heal|p2a: Bellibolt|190/320\n|\n|-heal|p2a: Bellibolt|210/320|[from] item: Leftovers\n|upkeep\n|turn|27\n|\n|t:|1733769605\n|move|p1a: Wugtrio|Liquidation|p2a: Bellibolt\n|-damage|p2a: Bellibolt|45/320\n|-start|p2a: Bellibolt|Charge|Liquidation|[from] ability: Electromorphosis\n|move|p2a: Bellibolt|Thunderbolt|p1a: Wugtrio\n|-supereffective|p1a: Wugtrio\n|-damage|p1a: Wugtrio|0 fnt\n|faint|p1a: Wugtrio\n|-end|p2a: Bellibolt|Charge|[silent]\n|\n|-heal|p2a: Bellibolt|65/320|[from] item: Leftovers\n|upkeep\n|\n|t:|1733769607\n|switch|p1a: Gliscor|Gliscor, L76, F|127/239 tox\n|turn|28\n|\n|t:|1733769612\n|move|p1a: Gliscor|Earthquake|p2a: Bellibolt\n|-supereffective|p2a: Bellibolt\n|-damage|p2a: Bellibolt|0 fnt\n|faint|p2a: Bellibolt\n|\n|-heal|p1a: Gliscor|156/239 tox|[from] ability: Poison Heal\n|upkeep\n|\n|t:|1733769614\n|switch|p2a: Tauros|Tauros-Paldea-Aqua, L81, M|62/254\n|-ability|p2a: Tauros|Intimidate|boost\n|-unboost|p1a: Gliscor|atk|1\n|turn|29\n|\n|t:|1733769618\n|move|p1a: Gliscor|Protect|p1a: Gliscor\n|-singleturn|p1a: Gliscor|Protect\n|move|p2a: Tauros|Close Combat|p1a: Gliscor\n|-activate|p1a: Gliscor|move: Protect\n|\n|-heal|p1a: Gliscor|185/239 tox|[from] ability: Poison Heal\n|upkeep\n|turn|30\n|\n|t:|1733769625\n|switch|p2a: Kingambit|Kingambit, L74, M|270/270\n|-activate|p2a: Kingambit|ability: Supreme Overlord\n|-start|p2a: Kingambit|fallen4|[silent]\n|move|p1a: Gliscor|Toxic|p2a: Kingambit\n|-immune|p2a: Kingambit\n|\n|-heal|p1a: Gliscor|214/239 tox|[from] ability: Poison Heal\n|upkeep\n|turn|31\n|\n|t:|1733769630\n|-end|p2a: Kingambit|fallen4|[silent]\n|switch|p2a: Tauros|Tauros-Paldea-Aqua, L81, M|62/254\n|-ability|p2a: Tauros|Intimidate|boost\n|-unboost|p1a: Gliscor|atk|1\n|move|p1a: Gliscor|Earthquake|p2a: Tauros\n|-damage|p2a: Tauros|20/254\n|\n|-heal|p1a: Gliscor|239/239 tox|[from] ability: Poison Heal\n|upkeep\n|turn|32\n|\n|t:|1733769634\n|move|p1a: Gliscor|Protect|p1a: Gliscor\n|-singleturn|p1a: Gliscor|Protect\n|move|p2a: Tauros|Wave Crash|p1a: Gliscor\n|-activate|p1a: Gliscor|move: Protect\n|\n|upkeep\n|turn|33\n|\n|t:|1733769637\n|-terastallize|p1a: Gliscor|Water\n|move|p2a: Tauros|Wave Crash|p1a: Gliscor\n|-resisted|p1a: Gliscor\n|-damage|p1a: Gliscor|157/239 tox\n|-damage|p2a: Tauros|0 fnt|[from] Recoil\n|faint|p2a: Tauros\n|move|p1a: Gliscor|Earthquake|p2: Tauros|[notarget]\n|-fail|p1a: Gliscor\n|\n|-heal|p1a: Gliscor|186/239 tox|[from] ability: Poison Heal\n|upkeep\n|\n|t:|1733769640\n|switch|p2a: Kingambit|Kingambit, L74, M|270/270\n|-activate|p2a: Kingambit|ability: Supreme Overlord\n|-start|p2a: Kingambit|fallen5|[silent]\n|turn|34\n|\n|t:|1733769664\n|move|p1a: Gliscor|Earthquake|p2a: Kingambit\n|-supereffective|p2a: Kingambit\n|-damage|p2a: Kingambit|190/270\n|move|p2a: Kingambit|Swords Dance|p2a: Kingambit\n|-boost|p2a: Kingambit|atk|2\n|\n|-heal|p2a: Kingambit|206/270|[from] item: Leftovers\n|-heal|p1a: Gliscor|215/239 tox|[from] ability: Poison Heal\n|upkeep\n|turn|35\n|\n|t:|1733769670\n|move|p1a: Gliscor|Earthquake|p2a: Kingambit\n|-supereffective|p2a: Kingambit\n|-damage|p2a: Kingambit|134/270\n|move|p2a: Kingambit|Kowtow Cleave|p1a: Gliscor\n|-damage|p1a: Gliscor|0 fnt\n|faint|p1a: Gliscor\n|\n|win|LOVE YRSELF NOW\n|raw|Lulugmarre's rating: 2177 &rarr; <strong>2154</strong><br />(-23 for losing)\n|raw|LOVE YRSELF NOW's rating: 2125 &rarr; <strong>2148</strong><br />(+23 for winning)\n|l|\u2606Lulugmarre\n|player|p1|\n|l|\u203dLOVE YRSELF NOW\n|player|p2|\n|l| DragonClaw180\n|j|\u203dLOVE YRSELF NOW\n|player|p2|LOVE YRSELF NOW|unknown|\n", "inputlog": ">version bfd83cad13791eb5a5a409923076391caf6fb4d4\n>start {\"formatid\":\"gen9randombattle\",\"seed\":[22206,1609,6560,64130],\"rated\":\"Rated battle\"}\n>player p1 {\"name\":\"Lulugmarre\",\"avatar\":\"marnie-masters2\",\"rating\":2203,\"seed\":[18014,56325,61024,14631]}\n>player p2 {\"name\":\"LOVE YRSELF NOW\",\"avatar\":\"unknown\",\"rating\":2163,\"seed\":[48944,44770,14761,60509]}\n>chat \u2606Lulugmarre|hf\n>p1 move protect\n>p2 move wavecrash\n>p1 switch 4\n>p2 switch 4\n>p1 move shellsmash\n>p2 move knockoff\n>p1 move iciclespear\n>p2 switch 4\n>p1 move iciclespear\n>p2 move closecombat\n>p1 switch 3\n>p1 move liquidation\n>p2 switch 3\n>p1 switch 4\n>p2 move slackoff\n>p1 move toxic\n>p2 switch 4\n>p1 move earthquake\n>p2 move rapidspin\n>p1 move earthquake\n>p2 move bodyslam\n>p1 move protect\n>p2 move bodyslam\n>p1 move earthquake\n>p2 move bodyslam\n>p2 switch 2\n>p1 switch 2\n>p2 move triattack\n>p1 move relicsong\n>p2 move triattack\n>p1 move closecombat\n>p2 move triattack\n>p1 switch 2\n>p2 switch 3\n>chat  DragonClaw180|Goat rapid spinner sack\n>p1 move protect\n>p2 move wavecrash\n>p1 switch 4\n>p2 switch 5\n>p1 switch 6\n>p2 move bulkup\n>p1 move earthpower\n>p2 move bulkup\n>p1 move earthpower\n>p2 move knockoff\n>p1 move earthpower\n>p2 move knockoff\n>p1 switch 5\n>p1 move circlethrow\n>p2 move knockoff\n>p1 move stickyweb\n>p2 move wavecrash\n>p1 switch 6\n>p1 move liquidation\n>p2 switch 5\n>p2 switch 4\n>p1 move liquidation\n>p2 move muddywater\n>p1 move liquidation\n>p2 move slackoff\n>p1 move liquidation\n>p2 move thunderbolt\n>p1 switch 4\n>p1 move earthquake\n>p2 move muddywater\n>p2 switch 5\n>p1 move protect\n>p2 move closecombat\n>p1 move toxic\n>p2 switch 6\n>p1 move earthquake\n>p2 switch 6\n>p1 move protect\n>p2 move wavecrash\n>p1 move earthquake terastallize\n>p2 move wavecrash\n>p2 switch 6\n>p1 move earthquake\n>p2 move swordsdance\n>p1 move earthquake\n>p2 move kowtowcleave", "uploadtime": 1733769875, "views": 1, "formatid": "gen9randombattle", "rating": 2148, "private": 0, "password": null}