{"id": "gen9randombattle-2232271645", "format": "[Gen 9] Random Battle", "players": ["OwenScizor", "Gloriousplays"], "log": "|badge|p2|bronze|gen9doublesou|100-3\n|uhtml|medal-msg|<div class=\"broadcast-blue\">Curious what those medals under the avatar are? PS now has Ladder Seasons! For more information, check out the <a href=\"https://www.smogon.com/forums/threads/3740067/\">thread on Smogon.</a></div>\n|j|\u2606OwenScizor\n|j|\u2606Gloriousplays\n|t:|1730076833\n|gametype|singles\n|player|p1|OwenScizor|acetrainer-gen4dp|2257\n|player|p2|Gloriousplays|ash-kalos|2266\n|teamsize|p1|6\n|teamsize|p2|6\n|gen|9\n|tier|[Gen 9] Random Battle\n|rated|\n|rule|Species Clause: Limit one of each Pok\u00e9mon\n|rule|HP Percentage Mod: HP is shown in percentages\n|rule|Sleep Clause Mod: Limit one foe put to sleep\n|rule|Illusion Level Mod: Illusion disguises the Pok\u00e9mon's true level\n|\n|t:|1730076833\n|start\n|switch|p1a: Volcanion|Volcanion, L79|255/255\n|switch|p2a: Zarude|Zarude, L78|292/292\n|turn|1\n|\n|t:|1730076851\n|move|p2a: Zarude|U-turn|p1a: Volcanion\n|-resisted|p1a: Volcanion\n|-damage|p1a: Volcanion|234/255\n|\n|t:|1730076852\n|switch|p2a: Gardevoir|Gardevoir, L83, F|249/249|[from] U-turn\n|-ability|p2a: Gardevoir|Water Absorb|[from] ability: Trace|[of] p1a: Volcanion\n|move|p1a: Volcanion|Flame Charge|p2a: Gardevoir\n|-damage|p2a: Gardevoir|177/249\n|-boost|p1a: Volcanion|spe|1\n|\n|upkeep\n|turn|2\n|\n|t:|1730076860\n|move|p1a: Volcanion|Flamethrower|p2a: Gardevoir\n|-damage|p2a: Gardevoir|83/249\n|move|p2a: Gardevoir|Psychic|p1a: Volcanion\n|-damage|p1a: Volcanion|139/255\n|-unboost|p1a: Volcanion|spd|1\n|-damage|p2a: Gardevoir|59/249|[from] item: Life Orb\n|\n|upkeep\n|turn|3\n|\n|t:|1730076868\n|move|p1a: Volcanion|Flamethrower|p2a: Gardevoir\n|-damage|p2a: Gardevoir|0 fnt\n|faint|p2a: Gardevoir\n|\n|upkeep\n|\n|t:|1730076878\n|switch|p2a: Drifblim|Drifblim, L86, F|398/398\n|turn|4\n|\n|t:|1730076887\n|move|p1a: Volcanion|Steam Eruption|p2a: Drifblim\n|-damage|p2a: Drifblim|229/398\n|-status|p2a: Drifblim|brn\n|move|p2a: Drifblim|Shadow Ball|p1a: Volcanion\n|-damage|p1a: Volcanion|46/255\n|\n|-damage|p2a: Drifblim|205/398 brn|[from] brn\n|upkeep\n|turn|5\n|\n|t:|1730076900\n|move|p1a: Volcanion|Steam Eruption|p2a: Drifblim\n|-damage|p2a: Drifblim|34/398 brn\n|move|p2a: Drifblim|Shadow Ball|p1a: Volcanion\n|-damage|p1a: Volcanion|0 fnt\n|faint|p1a: Volcanion\n|\n|-damage|p2a: Drifblim|10/398 brn|[from] brn\n|upkeep\n|j| Nikinn03\n|\n|t:|1730076917\n|switch|p1a: Shaymin|Shaymin, L82|298/298\n|turn|6\n|\n|t:|1730076924\n|move|p1a: Shaymin|Air Slash|p2a: Drifblim\n|-damage|p2a: Drifblim|0 fnt\n|faint|p2a: Drifblim\n|\n|upkeep\n|\n|t:|1730076929\n|switch|p2a: Glastrier|Glastrier, L86|312/312\n|turn|7\n|\n|t:|1730076937\n|switch|p1a: Chimecho|Chimecho, L94, M|293/293\n|move|p2a: Glastrier|Icicle Crash|p1a: Chimecho\n|-damage|p1a: Chimecho|158/293\n|\n|-heal|p1a: Chimecho|176/293|[from] item: Leftovers\n|upkeep\n|turn|8\n|\n|t:|1730076945\n|switch|p2a: Zarude|Zarude, L78|292/292\n|move|p1a: Chimecho|Thunder Wave|p2a: Zarude|[miss]\n|-miss|p1a: Chimecho|p2a: Zarude\n|\n|-heal|p1a: Chimecho|194/293|[from] item: Leftovers\n|upkeep\n|turn|9\n|\n|t:|1730076952\n|switch|p1a: Clefable|Clefable, L83, F|293/293\n|move|p2a: Zarude|Knock Off|p1a: Clefable\n|-resisted|p1a: Clefable\n|-damage|p1a: Clefable|231/293\n|-enditem|p1a: Clefable|Leftovers|[from] move: Knock Off|[of] p2a: Zarude\n|\n|upkeep\n|turn|10\n|\n|t:|1730076959\n|switch|p2a: Glastrier|Glastrier, L86|312/312\n|move|p1a: Clefable|Moonblast|p2a: Glastrier\n|-damage|p2a: Glastrier|224/312\n|\n|upkeep\n|turn|11\n|\n|t:|1730076964\n|move|p1a: Clefable|Fire Blast|p2a: Glastrier\n|-supereffective|p2a: Glastrier\n|-damage|p2a: Glastrier|90/312\n|move|p2a: Glastrier|Heavy Slam|p1a: Clefable\n|-supereffective|p1a: Clefable\n|-damage|p1a: Clefable|0 fnt\n|faint|p1a: Clefable\n|-ability|p2a: Glastrier|Chilling Neigh|boost\n|-boost|p2a: Glastrier|atk|1\n|\n|upkeep\n|\n|t:|1730076970\n|switch|p1a: Swanna|Swanna, L88, M|275/275\n|turn|12\n|\n|t:|1730076975\n|switch|p2a: Glaceon|Glaceon, L94, F|275/275\n|move|p1a: Swanna|Hydro Pump|p2a: Glaceon|[miss]\n|-miss|p1a: Swanna|p2a: Glaceon\n|\n|upkeep\n|turn|13\n|\n|t:|1730076981\n|switch|p1a: Chimecho|Chimecho, L94, M|194/293\n|move|p2a: Glaceon|Wish|p2a: Glaceon\n|\n|-heal|p1a: Chimecho|212/293|[from] item: Leftovers\n|upkeep\n|turn|14\n|\n|t:|1730076992\n|move|p1a: Chimecho|Thunder Wave|p2a: Glaceon\n|-status|p2a: Glaceon|par\n|move|p2a: Glaceon|Freeze-Dry|p1a: Chimecho\n|-damage|p1a: Chimecho|113/293\n|\n|-heal|p1a: Chimecho|131/293|[from] item: Leftovers\n|upkeep\n|turn|15\n|\n|t:|1730076997\n|move|p1a: Chimecho|Recover|p1a: Chimecho\n|-heal|p1a: Chimecho|278/293\n|move|p2a: Glaceon|Wish|p2a: Glaceon\n|\n|-heal|p1a: Chimecho|293/293|[from] item: Leftovers\n|upkeep\n|turn|16\n|\n|t:|1730077001\n|switch|p2a: Zarude|Zarude, L78|292/292\n|move|p1a: Chimecho|Thunder Wave|p2a: Zarude\n|-status|p2a: Zarude|par\n|\n|upkeep\n|turn|17\n|\n|t:|1730077007\n|switch|p1a: Shaymin|Shaymin, L82|298/298\n|move|p2a: Zarude|Knock Off|p1a: Shaymin\n|-crit|p1a: Shaymin\n|-damage|p1a: Shaymin|147/298\n|-enditem|p1a: Shaymin|Leftovers|[from] move: Knock Off|[of] p2a: Zarude\n|\n|upkeep\n|turn|18\n|\n|t:|1730077010\n|switch|p2a: Glaceon|Glaceon, L94, F|275/275 par\n|move|p1a: Shaymin|Synthesis|p1a: Shaymin\n|-heal|p1a: Shaymin|296/298\n|\n|upkeep\n|turn|19\n|\n|t:|1730077018\n|move|p1a: Shaymin|Seed Flare|p2a: Glaceon\n|-damage|p2a: Glaceon|173/275 par\n|cant|p2a: Glaceon|par\n|\n|upkeep\n|turn|20\n|\n|t:|1730077021\n|move|p1a: Shaymin|Seed Flare|p2a: Glaceon\n|-damage|p2a: Glaceon|68/275 par\n|move|p2a: Glaceon|Wish|p2a: Glaceon\n|\n|upkeep\n|turn|21\n|\n|t:|1730077024\n|move|p2a: Glaceon|Protect|p2a: Glaceon\n|-singleturn|p2a: Glaceon|Protect\n|move|p1a: Shaymin|Seed Flare|p2a: Glaceon\n|-activate|p2a: Glaceon|move: Protect\n|\n|-heal|p2a: Glaceon|205/275 par|[from] move: Wish|[wisher] Glaceon\n|upkeep\n|turn|22\n|\n|t:|1730077026\n|move|p1a: Shaymin|Seed Flare|p2a: Glaceon\n|-damage|p2a: Glaceon|93/275 par\n|cant|p2a: Glaceon|par\n|\n|upkeep\n|turn|23\n|\n|t:|1730077031\n|move|p2a: Glaceon|Protect|p2a: Glaceon\n|-singleturn|p2a: Glaceon|Protect\n|move|p1a: Shaymin|Seed Flare|p2a: Glaceon\n|-activate|p2a: Glaceon|move: Protect\n|\n|upkeep\n|turn|24\n|\n|t:|1730077043\n|switch|p2a: Cresselia|Cresselia, L80, F|323/323\n|move|p1a: Shaymin|Seed Flare|p2a: Cresselia\n|-damage|p2a: Cresselia|226/323\n|-unboost|p2a: Cresselia|spd|2\n|\n|-heal|p2a: Cresselia|246/323|[from] item: Leftovers\n|upkeep\n|turn|25\n|\n|t:|1730077047\n|switch|p2a: Zarude|Zarude, L78|292/292 par\n|move|p1a: Shaymin|Seed Flare|p2a: Zarude\n|-resisted|p2a: Zarude\n|-damage|p2a: Zarude|229/292 par\n|\n|upkeep\n|turn|26\n|\n|t:|1730077052\n|move|p1a: Shaymin|Air Slash|p2a: Zarude\n|-supereffective|p2a: Zarude\n|-damage|p2a: Zarude|115/292 par\n|cant|p2a: Zarude|flinch\n|\n|upkeep\n|turn|27\n|\n|t:|1730077054\n|switch|p2a: Glaceon|Glaceon, L94, F|93/275 par\n|move|p1a: Shaymin|Air Slash|p2a: Glaceon|[miss]\n|-miss|p1a: Shaymin|p2a: Glaceon\n|\n|upkeep\n|turn|28\n|\n|t:|1730077057\n|move|p2a: Glaceon|Protect|p2a: Glaceon\n|-singleturn|p2a: Glaceon|Protect\n|move|p1a: Shaymin|Air Slash|p2a: Glaceon\n|-activate|p2a: Glaceon|move: Protect\n|\n|upkeep\n|turn|29\n|\n|t:|1730077063\n|switch|p2a: Zarude|Zarude, L78|115/292 par\n|move|p1a: Shaymin|Air Slash|p2a: Zarude\n|-supereffective|p2a: Zarude\n|-damage|p2a: Zarude|15/292 par\n|\n|upkeep\n|turn|30\n|\n|t:|1730077067\n|switch|p2a: Glaceon|Glaceon, L94, F|93/275 par\n|move|p1a: Shaymin|Air Slash|p2a: Glaceon\n|-damage|p2a: Glaceon|48/275 par\n|\n|upkeep\n|turn|31\n|\n|t:|1730077073\n|move|p1a: Shaymin|Air Slash|p2a: Glaceon\n|-damage|p2a: Glaceon|5/275 par\n|move|p2a: Glaceon|Wish|p2a: Glaceon\n|\n|upkeep\n|turn|32\n|\n|t:|1730077079\n|cant|p2a: Glaceon|par\n|move|p1a: Shaymin|Air Slash|p2a: Glaceon\n|-crit|p2a: Glaceon\n|-damage|p2a: Glaceon|0 fnt\n|faint|p2a: Glaceon\n|\n|upkeep\n|\n|t:|1730077090\n|switch|p2a: Glastrier|Glastrier, L86|90/312\n|turn|33\n|\n|t:|1730077099\n|move|p1a: Shaymin|Seed Flare|p2a: Glastrier\n|-damage|p2a: Glastrier|0 fnt\n|faint|p2a: Glastrier\n|\n|upkeep\n|\n|t:|1730077118\n|switch|p2a: Cresselia|Cresselia, L80, F|246/323\n|turn|34\n|\n|t:|1730077127\n|switch|p1a: Chimecho|Chimecho, L94, M|293/293\n|move|p2a: Cresselia|Calm Mind|p2a: Cresselia\n|-boost|p2a: Cresselia|spa|1\n|-boost|p2a: Cresselia|spd|1\n|\n|-heal|p2a: Cresselia|266/323|[from] item: Leftovers\n|upkeep\n|turn|35\n|\n|t:|1730077153\n|-terastallize|p2a: Cresselia|Electric\n|move|p2a: Cresselia|Calm Mind|p2a: Cresselia\n|-boost|p2a: Cresselia|spa|1\n|-boost|p2a: Cresselia|spd|1\n|move|p1a: Chimecho|Thunder Wave|p2a: Cresselia|[miss]\n|-miss|p1a: Chimecho|p2a: Cresselia\n|\n|-heal|p2a: Cresselia|286/323|[from] item: Leftovers\n|upkeep\n|turn|36\n|\n|t:|1730077160\n|move|p2a: Cresselia|Thunderbolt|p1a: Chimecho\n|-crit|p1a: Chimecho\n|-damage|p1a: Chimecho|109/293\n|move|p1a: Chimecho|Encore|p2a: Cresselia\n|-start|p2a: Cresselia|Encore\n|\n|-heal|p2a: Cresselia|306/323|[from] item: Leftovers\n|-heal|p1a: Chimecho|127/293|[from] item: Leftovers\n|upkeep\n|turn|37\n|\n|t:|1730077165\n|move|p2a: Cresselia|Thunderbolt|p1a: Chimecho\n|-damage|p1a: Chimecho|0 fnt\n|faint|p1a: Chimecho\n|\n|-heal|p2a: Cresselia|323/323|[from] item: Leftovers\n|upkeep\n|\n|t:|1730077167\n|switch|p1a: Swanna|Swanna, L88, M|275/275\n|turn|38\n|\n|t:|1730077174\n|-terastallize|p1a: Swanna|Ground\n|move|p1a: Swanna|Brave Bird|p2a: Cresselia\n|-resisted|p2a: Cresselia\n|-damage|p2a: Cresselia|265/323\n|-damage|p1a: Swanna|256/275|[from] Recoil\n|move|p2a: Cresselia|Thunderbolt|p1a: Swanna\n|-immune|p1a: Swanna\n|\n|-heal|p2a: Cresselia|285/323|[from] item: Leftovers\n|upkeep\n|turn|39\n|\n|t:|1730077178\n|move|p1a: Swanna|Hydro Pump|p2a: Cresselia|[miss]\n|-miss|p1a: Swanna|p2a: Cresselia\n|move|p2a: Cresselia|Thunderbolt|p1a: Swanna\n|-immune|p1a: Swanna\n|\n|-heal|p2a: Cresselia|305/323|[from] item: Leftovers\n|-end|p2a: Cresselia|Encore\n|upkeep\n|turn|40\n|\n|t:|1730077190\n|move|p1a: Swanna|Brave Bird|p2a: Cresselia\n|-resisted|p2a: Cresselia\n|-damage|p2a: Cresselia|247/323\n|-damage|p1a: Swanna|237/275|[from] Recoil\n|move|p2a: Cresselia|Calm Mind|p2a: Cresselia\n|-boost|p2a: Cresselia|spa|1\n|-boost|p2a: Cresselia|spd|1\n|\n|-heal|p2a: Cresselia|267/323|[from] item: Leftovers\n|upkeep\n|turn|41\n|\n|t:|1730077196\n|switch|p1a: Swanna|Swanna, L88, M|238/238\n|move|p2a: Cresselia|Moonlight|p2a: Cresselia\n|-heal|p2a: Cresselia|323/323\n|\n|upkeep\n|-start|p1a: Swanna|typechange|Ground|[silent]\n|turn|42\n|\n|t:|1730077214\n|move|p1a: Swanna|Dark Pulse|p2a: Cresselia\n|-damage|p2a: Cresselia|275/323\n|move|p2a: Cresselia|Psyshock|p1a: Swanna\n|-immune|p1a: Swanna\n|\n|-heal|p2a: Cresselia|295/323|[from] item: Leftovers\n|upkeep\n|turn|43\n|\n|t:|1730077225\n|move|p1a: Swanna|Dark Pulse|p2a: Cresselia\n|-damage|p2a: Cresselia|244/323\n|move|p2a: Cresselia|Calm Mind|p2a: Cresselia\n|-boost|p2a: Cresselia|spa|1\n|-boost|p2a: Cresselia|spd|1\n|\n|-heal|p2a: Cresselia|264/323|[from] item: Leftovers\n|upkeep\n|turn|44\n|\n|t:|1730077229\n|move|p1a: Swanna|Dark Pulse|p2a: Cresselia\n|-crit|p2a: Cresselia\n|-damage|p2a: Cresselia|72/323\n|cant|p2a: Cresselia|flinch\n|\n|-heal|p2a: Cresselia|92/323|[from] item: Leftovers\n|upkeep\n|turn|45\n|\n|t:|1730077232\n|move|p1a: Swanna|Dark Pulse|p2a: Cresselia\n|-damage|p2a: Cresselia|49/323\n|move|p2a: Cresselia|Moonlight|p2a: Cresselia\n|-heal|p2a: Cresselia|210/323\n|\n|-heal|p2a: Cresselia|230/323|[from] item: Leftovers\n|upkeep\n|turn|46\n|\n|t:|1730077235\n|move|p1a: Swanna|Dark Pulse|p2a: Cresselia\n|-damage|p2a: Cresselia|188/323\n|cant|p2a: Cresselia|flinch\n|\n|-heal|p2a: Cresselia|208/323|[from] item: Leftovers\n|upkeep\n|turn|47\n|\n|t:|1730077238\n|move|p1a: Swanna|Dark Pulse|p2a: Cresselia\n|-damage|p2a: Cresselia|163/323\n|move|p2a: Cresselia|Moonlight|p2a: Cresselia\n|-heal|p2a: Cresselia|323/323\n|\n|upkeep\n|turn|48\n|\n|t:|1730077241\n|move|p1a: Swanna|Dark Pulse|p2a: Cresselia\n|-damage|p2a: Cresselia|284/323\n|move|p2a: Cresselia|Thunderbolt|p1a: Swanna\n|-damage|p1a: Swanna|0 fnt\n|replace|p1a: Zoroark|Zoroark, L84, M\n|-end|p1a: Zoroark|Illusion\n|-hint|Illusion Level Mod is active, so this Pok\u00e9mon's true level was hidden.\n|faint|p1a: Zoroark\n|\n|-heal|p2a: Cresselia|304/323|[from] item: Leftovers\n|upkeep\n|\n|t:|1730077245\n|switch|p1a: Shaymin|Shaymin, L82|296/298\n|turn|49\n|-message|OwenScizor forfeited.\n|\n|win|Gloriousplays\n|raw|OwenScizor's rating: 2257 &rarr; <strong>2238</strong><br />(-19 for losing)\n|raw|Gloriousplays's rating: 2266 &rarr; <strong>2285</strong><br />(+19 for winning)\n|l|\u2606OwenScizor\n|player|p1|\n|l| Nikinn03\n|l|\u2606Gloriousplays\n|player|p2|\n|j|\u2606Gloriousplays\n|player|p2|Gloriousplays|ash-kalos|\n", "inputlog": ">version e98a544553d853c574bc9ea789626ce69e79ac8c\n>start {\"formatid\":\"gen9randombattle\",\"seed\":[9376,37035,56952,46571],\"rated\":\"Rated battle\"}\n>player p1 {\"name\":\"OwenScizor\",\"avatar\":\"acetrainer-gen4dp\",\"rating\":2257,\"seed\":[49035,52926,11883,22528]}\n>player p2 {\"name\":\"Gloriousplays\",\"avatar\":\"ash-kalos\",\"rating\":2266,\"seed\":[61007,16635,60350,26319]}\n>p1 move flamecharge\n>p2 move uturn\n>p2 switch 3\n>p1 move flamethrower\n>p2 move psychic\n>p1 move flamethrower\n>p2 move psychic\n>p2 switch 4\n>p1 move steameruption\n>p2 move shadowball\n>p1 move steameruption\n>p2 move shadowball\n>p1 switch 2\n>p1 move airslash\n>p2 move airslash\n>p2 switch 6\n>p1 switch 3\n>p2 move iciclecrash\n>p1 move thunderwave\n>p2 switch 3\n>p1 switch 5\n>p2 move knockoff\n>p1 move moonblast\n>p2 switch 3\n>p1 move fireblast\n>p2 move heavyslam\n>p1 switch 6\n>p1 move hydropump\n>p2 switch 2\n>p1 switch 5\n>p2 move wish\n>p1 move thunderwave\n>p2 move freezedry\n>p1 move recover\n>p2 move wish\n>p1 move thunderwave\n>p2 switch 3\n>p1 switch 3\n>p2 move knockoff\n>p1 move synthesis\n>p2 switch 3\n>p1 move seedflare\n>p2 move wish\n>p1 move seedflare\n>p2 move wish\n>p1 move seedflare\n>p2 move protect\n>p1 move seedflare\n>p2 move wish\n>p1 move seedflare\n>p2 move protect\n>p1 move seedflare\n>p2 switch 5\n>p1 move seedflare\n>p2 switch 3\n>p1 move airslash\n>p2 move uturn\n>p1 move airslash\n>p2 switch 5\n>p1 move airslash\n>p2 move protect\n>p1 move airslash\n>p2 switch 5\n>p1 move airslash\n>p2 switch 5\n>p1 move airslash\n>p2 move wish\n>p1 move airslash\n>p2 move protect\n>p2 switch 2\n>p1 move seedflare\n>p2 move iciclecrash\n>p2 switch 3\n>p1 switch 3\n>p2 move calmmind\n>p1 move thunderwave\n>p2 move calmmind terastallize\n>p1 move encore\n>p2 move thunderbolt\n>p1 move psychicnoise\n>p2 move thunderbolt\n>p1 switch 5\n>p1 move bravebird terastallize\n>p2 move thunderbolt\n>p1 move hydropump\n>p2 move thunderbolt\n>p1 move bravebird\n>p2 move calmmind\n>p1 switch 4\n>p2 move moonlight\n>p1 move darkpulse\n>p2 move psyshock\n>p1 move darkpulse\n>p2 move calmmind\n>p1 move darkpulse\n>p2 move thunderbolt\n>p1 move darkpulse\n>p2 move moonlight\n>p1 move darkpulse\n>p2 move thunderbolt\n>p1 move darkpulse\n>p2 move moonlight\n>p1 move darkpulse\n>p2 move thunderbolt\n>p1 switch 3\n>forcelose p1", "uploadtime": 1730077599, "views": 48, "formatid": "gen9randombattle", "rating": 2238, "private": 0, "password": null}