{"id": "gen9randombattle-2189269174", "format": "[Gen 9] Random Battle", "players": ["Saaskin", "matsya nyaya"], "log": "|j|\u2606Saaskin\n|j|\u2606matsya nyaya\n|t:|1724807981\n|gametype|singles\n|player|p1|Saaskin|2|2203\n|player|p2|matsya nyaya|170|2251\n|teamsize|p1|6\n|teamsize|p2|6\n|gen|9\n|tier|[Gen 9] Random Battle\n|rated|\n|rule|Species Clause: Limit one of each Pok\u00e9mon\n|rule|HP Percentage Mod: HP is shown in percentages\n|rule|Sleep Clause Mod: Limit one foe put to sleep\n|rule|Illusion Level Mod: Illusion disguises the Pok\u00e9mon's true level\n|\n|t:|1724807981\n|start\n|switch|p1a: Masquerain|Masquerain, L87, F|264/264\n|switch|p2a: Seviper|Seviper, L93, M|287/287\n|-ability|p1a: Masquerain|Intimidate|boost\n|-unboost|p2a: Seviper|atk|1\n|turn|1\n|inactive|Battle timer is ON: inactive players will automatically lose when time's up. (requested by Saaskin)\n|\n|t:|1724808003\n|switch|p1a: Swalot|Swalot, L90, F|326/326\n|move|p2a: Seviper|Flamethrower|p1a: Swalot\n|-damage|p1a: Swalot|245/326\n|\n|-heal|p1a: Swalot|265/326|[from] item: Leftovers\n|upkeep\n|turn|2\n|\n|t:|1724808011\n|switch|p2a: Terapagos|Terapagos, L76, F|262/262\n|-activate|p2a: Terapagos|ability: Tera Shift\n|detailschange|p2a: Terapagos|Terapagos-Terastal, L76, F\n|-heal|p2a: Terapagos|269/269|[silent]\n|move|p1a: Swalot|Earthquake|p2a: Terapagos\n|-activate|p2a: Terapagos|ability: Tera Shell\n|-resisted|p2a: Terapagos\n|-damage|p2a: Terapagos|239/269\n|\n|-heal|p1a: Swalot|285/326|[from] item: Leftovers\n|upkeep\n|turn|3\n|\n|t:|1724808023\n|move|p2a: Terapagos|Tera Starstorm|p1a: Swalot\n|-damage|p1a: Swalot|182/326\n|move|p1a: Swalot|Sludge Bomb|p2a: Terapagos\n|-damage|p2a: Terapagos|160/269\n|-status|p2a: Terapagos|psn\n|\n|-heal|p1a: Swalot|202/326|[from] item: Leftovers\n|-damage|p2a: Terapagos|127/269 psn|[from] psn\n|upkeep\n|turn|4\n|\n|t:|1724808030\n|move|p2a: Terapagos|Tera Starstorm|p1a: Swalot\n|-damage|p1a: Swalot|84/326\n|move|p1a: Swalot|Sludge Bomb|p2a: Terapagos\n|-damage|p2a: Terapagos|42/269 psn\n|\n|-heal|p1a: Swalot|104/326|[from] item: Leftovers\n|-damage|p2a: Terapagos|9/269 psn|[from] psn\n|upkeep\n|turn|5\n|\n|t:|1724808033\n|move|p1a: Swalot|Protect|p1a: Swalot\n|-singleturn|p1a: Swalot|Protect\n|move|p2a: Terapagos|Rest|p2a: Terapagos\n|-status|p2a: Terapagos|slp|[from] move: Rest\n|-heal|p2a: Terapagos|269/269 slp|[silent]\n|-enditem|p2a: Terapagos|Chesto Berry|[eat]\n|-curestatus|p2a: Terapagos|slp|[msg]\n|\n|-heal|p1a: Swalot|124/326|[from] item: Leftovers\n|upkeep\n|turn|6\n|\n|t:|1724808037\n|move|p1a: Swalot|Protect|p1a: Swalot\n|-singleturn|p1a: Swalot|Protect\n|move|p2a: Terapagos|Calm Mind|p2a: Terapagos\n|-boost|p2a: Terapagos|spa|1\n|-boost|p2a: Terapagos|spd|1\n|\n|-heal|p1a: Swalot|144/326|[from] item: Leftovers\n|upkeep\n|turn|7\n|\n|t:|1724808041\n|move|p2a: Terapagos|Tera Starstorm|p1a: Swalot\n|-damage|p1a: Swalot|0 fnt\n|faint|p1a: Swalot\n|\n|upkeep\n|\n|t:|1724808055\n|switch|p1a: Arceus|Arceus-Electric, L70|284/284\n|turn|8\n|\n|t:|1724808058\n|move|p1a: Arceus|Calm Mind|p1a: Arceus\n|-boost|p1a: Arceus|spa|1\n|-boost|p1a: Arceus|spd|1\n|move|p2a: Terapagos|Tera Starstorm|p1a: Arceus\n|-damage|p1a: Arceus|173/284\n|\n|upkeep\n|turn|9\n|\n|t:|1724808066\n|switch|p2a: Conkeldurr|Conkeldurr, L80, F|299/299\n|move|p1a: Arceus|Judgment|p2a: Conkeldurr\n|-damage|p2a: Conkeldurr|83/299\n|\n|-status|p2a: Conkeldurr|brn|[from] item: Flame Orb\n|upkeep\n|turn|10\n|\n|t:|1724808076\n|move|p2a: Conkeldurr|Mach Punch|p1a: Arceus\n|-damage|p1a: Arceus|100/284\n|move|p1a: Arceus|Judgment|p2a: Conkeldurr\n|-damage|p2a: Conkeldurr|0 fnt\n|faint|p2a: Conkeldurr\n|\n|upkeep\n|\n|t:|1724808089\n|switch|p2a: Seviper|Seviper, L93, M|287/287\n|turn|11\n|\n|t:|1724808093\n|switch|p1a: Masquerain|Masquerain, L87, F|264/264\n|-ability|p1a: Masquerain|Intimidate|boost\n|-unboost|p2a: Seviper|atk|1\n|move|p2a: Seviper|Gunk Shot|p1a: Masquerain\n|-damage|p1a: Masquerain|125/264\n|\n|upkeep\n|turn|12\n|\n|t:|1724808103\n|move|p2a: Seviper|Gunk Shot|p1a: Masquerain\n|-damage|p1a: Masquerain|0 fnt\n|faint|p1a: Masquerain\n|\n|upkeep\n|\n|t:|1724808107\n|switch|p1a: Arceus|Arceus-Electric, L70|100/284\n|turn|13\n|\n|t:|1724808111\n|move|p2a: Seviper|Gunk Shot|p1a: Arceus\n|-damage|p1a: Arceus|7/284\n|move|p1a: Arceus|Recover|p1a: Arceus\n|-heal|p1a: Arceus|149/284\n|\n|upkeep\n|turn|14\n|\n|t:|1724808116\n|move|p2a: Seviper|Gunk Shot|p1a: Arceus\n|-damage|p1a: Arceus|46/284\n|move|p1a: Arceus|Recover|p1a: Arceus\n|-heal|p1a: Arceus|188/284\n|\n|upkeep\n|turn|15\n|\n|t:|1724808119\n|move|p2a: Seviper|Gunk Shot|p1a: Arceus\n|-damage|p1a: Arceus|80/284\n|-status|p1a: Arceus|psn\n|move|p1a: Arceus|Calm Mind|p1a: Arceus\n|-boost|p1a: Arceus|spa|1\n|-boost|p1a: Arceus|spd|1\n|\n|-damage|p1a: Arceus|45/284 psn|[from] psn\n|upkeep\n|turn|16\n|\n|t:|1724808123\n|switch|p2a: Arboliva|Arboliva, L91, F|290/290\n|move|p1a: Arceus|Recover|p1a: Arceus\n|-heal|p1a: Arceus|187/284 psn\n|\n|-damage|p1a: Arceus|152/284 psn|[from] psn\n|upkeep\n|turn|17\n|\n|t:|1724808126\n|move|p1a: Arceus|Ice Beam|p2a: Arboliva\n|-supereffective|p2a: Arboliva\n|-crit|p2a: Arboliva\n|-damage|p2a: Arboliva|88/290\n|-fieldstart|move: Grassy Terrain|[from] ability: Seed Sower|[of] p2a: Arboliva\n|move|p2a: Arboliva|Earth Power|p1a: Arceus\n|-supereffective|p1a: Arceus\n|-damage|p1a: Arceus|38/284 psn\n|\n|-heal|p1a: Arceus|55/284 psn|[from] Grassy Terrain\n|-heal|p2a: Arboliva|106/290|[from] Grassy Terrain\n|-heal|p2a: Arboliva|124/290|[from] item: Leftovers\n|-damage|p1a: Arceus|20/284 psn|[from] psn\n|upkeep\n|turn|18\n|\n|t:|1724808136\n|move|p1a: Arceus|Ice Beam|p2a: Arboliva\n|-supereffective|p2a: Arboliva\n|-damage|p2a: Arboliva|0 fnt\n|faint|p2a: Arboliva\n|\n|-heal|p1a: Arceus|37/284 psn|[from] Grassy Terrain\n|-damage|p1a: Arceus|2/284 psn|[from] psn\n|upkeep\n|\n|t:|1724808141\n|switch|p2a: Seviper|Seviper, L93, M|287/287\n|turn|19\n|\n|t:|1724808145\n|move|p2a: Seviper|Knock Off|p1a: Arceus\n|-damage|p1a: Arceus|0 fnt\n|faint|p1a: Arceus\n|\n|upkeep\n|\n|t:|1724808165\n|switch|p1a: Blastoise|Blastoise, L80, M|258/258\n|turn|20\n|\n|t:|1724808175\n|switch|p2a: Feraligatr|Feraligatr, L79, F|264/264\n|move|p1a: Blastoise|Shell Smash|p1a: Blastoise\n|-unboost|p1a: Blastoise|def|1\n|-unboost|p1a: Blastoise|spd|1\n|-boost|p1a: Blastoise|atk|2\n|-boost|p1a: Blastoise|spa|2\n|-boost|p1a: Blastoise|spe|2\n|-enditem|p1a: Blastoise|White Herb\n|-clearnegativeboost|p1a: Blastoise|[silent]\n|\n|upkeep\n|turn|21\n|\n|t:|1724808188\n|move|p1a: Blastoise|Hydro Pump|p2a: Feraligatr|[miss]\n|-miss|p1a: Blastoise|p2a: Feraligatr\n|move|p2a: Feraligatr|Trailblaze|p1a: Blastoise\n|-supereffective|p1a: Blastoise\n|-damage|p1a: Blastoise|110/258\n|\n|-heal|p1a: Blastoise|126/258|[from] Grassy Terrain\n|-fieldend|move: Grassy Terrain\n|upkeep\n|turn|22\n|\n|t:|1724808197\n|-terastallize|p1a: Blastoise|Ground\n|move|p1a: Blastoise|Earthquake|p2a: Feraligatr\n|-damage|p2a: Feraligatr|90/264\n|move|p2a: Feraligatr|Trailblaze|p1a: Blastoise\n|-supereffective|p1a: Blastoise\n|-damage|p1a: Blastoise|27/258\n|\n|upkeep\n|turn|23\n|\n|t:|1724808204\n|move|p1a: Blastoise|Earthquake|p2a: Feraligatr\n|-damage|p2a: Feraligatr|0 fnt\n|faint|p2a: Feraligatr\n|\n|upkeep\n|\n|t:|1724808206\n|switch|p2a: Terapagos|Terapagos-Terastal, L76, F|269/269\n|turn|24\n|\n|t:|1724808211\n|move|p1a: Blastoise|Ice Beam|p2a: Terapagos\n|-activate|p2a: Terapagos|ability: Tera Shell\n|-resisted|p2a: Terapagos\n|-damage|p2a: Terapagos|221/269\n|move|p2a: Terapagos|Tera Starstorm|p1a: Blastoise\n|-damage|p1a: Blastoise|0 fnt\n|faint|p1a: Blastoise\n|\n|upkeep\n|\n|t:|1724808219\n|switch|p1a: Dragonite|Dragonite, L74, F|257/257\n|turn|25\n|\n|t:|1724808221\n|move|p2a: Terapagos|Tera Starstorm|p1a: Dragonite\n|-damage|p1a: Dragonite|204/257\n|move|p1a: Dragonite|Dragon Dance|p1a: Dragonite\n|-boost|p1a: Dragonite|atk|1\n|-boost|p1a: Dragonite|spe|1\n|\n|upkeep\n|turn|26\n|\n|t:|1724808226\n|move|p1a: Dragonite|Dragon Dance|p1a: Dragonite\n|-boost|p1a: Dragonite|atk|1\n|-boost|p1a: Dragonite|spe|1\n|move|p2a: Terapagos|Tera Starstorm|p1a: Dragonite\n|-damage|p1a: Dragonite|98/257\n|\n|upkeep\n|turn|27\n|\n|t:|1724808228\n|move|p1a: Dragonite|Roost|p1a: Dragonite\n|-heal|p1a: Dragonite|227/257\n|-singleturn|p1a: Dragonite|move: Roost\n|move|p2a: Terapagos|Tera Starstorm|p1a: Dragonite\n|-damage|p1a: Dragonite|121/257\n|\n|upkeep\n|turn|28\n|\n|t:|1724808238\n|switch|p2a: Seviper|Seviper, L93, M|287/287\n|move|p1a: Dragonite|Roost|p1a: Dragonite\n|-heal|p1a: Dragonite|250/257\n|-singleturn|p1a: Dragonite|move: Roost\n|\n|upkeep\n|turn|29\n|\n|t:|1724808246\n|move|p1a: Dragonite|Earthquake|p2a: Seviper\n|-supereffective|p2a: Seviper\n|-crit|p2a: Seviper\n|-damage|p2a: Seviper|0 fnt\n|faint|p2a: Seviper\n|\n|upkeep\n|l|\u2606matsya nyaya\n|inactive|matsya nyaya disconnected and has a minute to reconnect!\n|player|p2|\n|inactive|matsya nyaya has 30 seconds to reconnect!\n|inactive|matsya nyaya has 20 seconds to reconnect!\n|inactive|matsya nyaya has 15 seconds to reconnect!\n|inactive|matsya nyaya has 10 seconds to reconnect!\n|inactive|matsya nyaya has 5 seconds to reconnect!\n|-message|matsya nyaya lost due to inactivity.\n|\n|win|Saaskin\n|raw|Saaskin's rating: 2203 &rarr; <strong>2226</strong><br />(+23 for winning)\n|raw|matsya nyaya's rating: 2251 &rarr; <strong>2228</strong><br />(-23 for losing)\n", "inputlog": ">version ada9f31ef31739d614c197d44f6eaf8f2aff1bd3\n>start {\"formatid\":\"gen9randombattle\",\"seed\":[43406,30810,65318,23245],\"rated\":\"Rated battle\"}\n>player p1 {\"name\":\"Saaskin\",\"avatar\":\"2\",\"rating\":2203,\"seed\":[8417,7713,1627,47927]}\n>player p2 {\"name\":\"matsya nyaya\",\"avatar\":\"170\",\"rating\":2251,\"seed\":[21870,40909,53645,30692]}\n>p1 switch 4\n>p2 move flamethrower\n>p1 move earthquake\n>p2 switch 2\n>p1 move sludgebomb\n>p2 move terastarstorm\n>p1 move sludgebomb\n>p2 move terastarstorm\n>p1 move protect\n>p2 move rest\n>p1 move protect\n>p2 move calmmind\n>p1 move toxic\n>p2 move terastarstorm\n>p1 switch 5\n>p1 move calmmind\n>p2 move terastarstorm\n>p1 move judgment\n>p2 switch 4\n>p1 move judgment\n>p2 move machpunch\n>p2 switch 2\n>p1 switch 4\n>p2 move gunkshot\n>p1 move hurricane\n>p2 move gunkshot\n>p1 switch 4\n>p1 move recover\n>p2 move gunkshot\n>p1 move recover\n>p2 move gunkshot\n>p1 move calmmind\n>p2 move gunkshot\n>p1 move recover\n>p2 switch 6\n>p1 move icebeam\n>p2 move earthpower\n>p1 move icebeam\n>p2 move earthpower\n>p2 switch 6\n>p1 move judgment\n>p2 move knockoff\n>p1 switch 2\n>p1 move shellsmash\n>p2 switch 3\n>p1 move hydropump\n>p2 move trailblaze\n>p1 move earthquake terastallize\n>p2 move trailblaze\n>p1 move earthquake\n>p2 move trailblaze\n>p2 switch 4\n>p1 move icebeam\n>p2 move terastarstorm\n>p1 switch 3\n>p1 move dragondance\n>p2 move terastarstorm\n>p1 move dragondance\n>p2 move terastarstorm\n>p1 move roost\n>p2 move terastarstorm\n>p1 move roost\n>p2 switch 3\n>p1 move earthquake\n>p2 move switcheroo\n>forcelose p2", "uploadtime": 1724808316, "views": 108, "formatid": "gen9randombattle", "rating": 2226, "private": 0, "password": null}