{"id": "gen9randombattle-2228939418", "format": "[Gen 9] Random Battle", "players": ["Nortea", "Qiuescent"], "log": "|badge|p2|bronze|gen9randombattle|100-3\n|uhtml|medal-msg|<div class=\"broadcast-blue\">Curious what those medals under the avatar are? PS now has Ladder Seasons! For more information, check out the <a href=\"https://www.smogon.com/forums/threads/3740067/\">thread on Smogon.</a></div>\n|j|\u2606Nortea\n|j|\u203dQiuescent\n|t:|1729657743\n|gametype|singles\n|player|p1|Nortea|n|2234\n|player|p2|Qiuescent|101|2287\n|teamsize|p1|6\n|teamsize|p2|6\n|gen|9\n|tier|[Gen 9] Random Battle\n|rated|\n|rule|Species Clause: Limit one of each Pok\u00e9mon\n|rule|HP Percentage Mod: HP is shown in percentages\n|rule|Sleep Clause Mod: Limit one foe put to sleep\n|rule|Illusion Level Mod: Illusion disguises the Pok\u00e9mon's true level\n|\n|t:|1729657743\n|start\n|switch|p1a: Swanna|Swanna, L88, F|275/275\n|switch|p2a: Orthworm|Orthworm, L88, M|266/266\n|turn|1\n|inactive|Battle timer is ON: inactive players will automatically lose when time's up. (requested by Nortea)\n|\n|t:|1729657756\n|switch|p2a: Noivern|Noivern, L82, F|274/274\n|move|p1a: Swanna|Hydro Pump|p2a: Noivern\n|-resisted|p2a: Noivern\n|-damage|p2a: Noivern|209/274\n|\n|upkeep\n|turn|2\n|\n|t:|1729657761\n|move|p2a: Noivern|Hurricane|p1a: Swanna\n|-damage|p1a: Swanna|143/275\n|move|p1a: Swanna|Brave Bird|p2a: Noivern\n|-damage|p2a: Noivern|55/274\n|-damage|p1a: Swanna|92/275|[from] Recoil\n|\n|upkeep\n|turn|3\n|\n|t:|1729657778\n|switch|p1a: Florges|Florges-White, L85, F|271/271\n|move|p2a: Noivern|Draco Meteor|p1a: Florges\n|-immune|p1a: Florges\n|\n|upkeep\n|turn|4\n|\n|t:|1729657792\n|switch|p1a: Pawmot|Pawmot, L80, F|243/243\n|move|p2a: Noivern|Roost|p2a: Noivern\n|-heal|p2a: Noivern|192/274\n|-singleturn|p2a: Noivern|move: Roost\n|\n|upkeep\n|turn|5\n|\n|t:|1729657796\n|switch|p2a: Mudsdale|Mudsdale, L84, F|305/305\n|move|p1a: Pawmot|Nuzzle|p2a: Mudsdale\n|-immune|p2a: Mudsdale\n|\n|upkeep\n|turn|6\n|\n|t:|1729657814\n|switch|p1a: Swanna|Swanna, L88, F|92/275\n|move|p2a: Mudsdale|Stone Edge|p1a: Swanna\n|-supereffective|p1a: Swanna\n|-crit|p1a: Swanna\n|-damage|p1a: Swanna|0 fnt\n|faint|p1a: Swanna\n|\n|upkeep\n|\n|t:|1729657820\n|switch|p1a: Florges|Florges-White, L85, F|271/271\n|turn|7\n|\n|t:|1729657824\n|switch|p2a: Orthworm|Orthworm, L88, M|266/266\n|move|p1a: Florges|Calm Mind|p1a: Florges\n|-boost|p1a: Florges|spa|1\n|-boost|p1a: Florges|spd|1\n|\n|upkeep\n|turn|8\n|\n|t:|1729657831\n|switch|p1a: Pawmot|Pawmot, L80, F|243/243\n|move|p2a: Orthworm|Heavy Slam|p1a: Pawmot\n|-resisted|p1a: Pawmot\n|-damage|p1a: Pawmot|162/243\n|\n|upkeep\n|turn|9\n|\n|t:|1729657838\n|switch|p2a: Weezing|Weezing-Galar, L86, M|252/252\n|move|p1a: Pawmot|Close Combat|p2a: Weezing\n|-resisted|p2a: Weezing\n|-damage|p2a: Weezing|226/252\n|-unboost|p1a: Pawmot|def|1\n|-unboost|p1a: Pawmot|spd|1\n|\n|-heal|p2a: Weezing|241/252|[from] item: Leftovers\n|upkeep\n|turn|10\n|\n|t:|1729657846\n|switch|p1a: Rampardos|Rampardos, L90, F|321/321\n|move|p2a: Weezing|Strange Steam|p1a: Rampardos\n|-damage|p1a: Rampardos|200/321\n|\n|-heal|p2a: Weezing|252/252|[from] item: Leftovers\n|upkeep\n|turn|11\n|\n|t:|1729657854\n|switch|p2a: Mudsdale|Mudsdale, L84, F|305/305\n|move|p1a: Rampardos|Head Smash|p2a: Mudsdale\n|-resisted|p2a: Mudsdale\n|-damage|p2a: Mudsdale|171/305\n|-ability|p2a: Mudsdale|Stamina|boost\n|-boost|p2a: Mudsdale|def|1\n|-damage|p1a: Rampardos|133/321|[from] Recoil\n|\n|upkeep\n|turn|12\n|\n|t:|1729657862\n|switch|p1a: Forretress|Forretress, L84, F|263/263\n|move|p2a: Mudsdale|Earthquake|p1a: Forretress\n|-crit|p1a: Forretress\n|-damage|p1a: Forretress|53/263\n|\n|-heal|p1a: Forretress|69/263|[from] item: Leftovers\n|upkeep\n|turn|13\n|\n|t:|1729657866\n|move|p1a: Forretress|Stealth Rock|p2a: Mudsdale\n|-sidestart|p2: Qiuescent|move: Stealth Rock\n|move|p2a: Mudsdale|Earthquake|p1a: Forretress\n|-damage|p1a: Forretress|0 fnt\n|faint|p1a: Forretress\n|\n|upkeep\n|\n|t:|1729657871\n|switch|p1a: Florges|Florges-White, L85, F|271/271\n|turn|14\n|\n|t:|1729657873\n|move|p1a: Florges|Moonblast|p2a: Mudsdale\n|-damage|p2a: Mudsdale|42/305\n|-unboost|p2a: Mudsdale|spa|1\n|-ability|p2a: Mudsdale|Stamina|boost\n|-boost|p2a: Mudsdale|def|1\n|move|p2a: Mudsdale|Earthquake|p1a: Florges\n|-damage|p1a: Florges|30/271\n|\n|-heal|p1a: Florges|46/271|[from] item: Leftovers\n|upkeep\n|turn|15\n|\n|t:|1729657877\n|move|p1a: Florges|Moonblast|p2a: Mudsdale\n|-damage|p2a: Mudsdale|0 fnt\n|faint|p2a: Mudsdale\n|\n|-heal|p1a: Florges|62/271|[from] item: Leftovers\n|upkeep\n|\n|t:|1729657889\n|switch|p2a: Orthworm|Orthworm, L88, M|266/266\n|-damage|p2a: Orthworm|250/266|[from] Stealth Rock\n|turn|16\n|\n|t:|1729657894\n|switch|p1a: Pawmot|Pawmot, L80, F|162/243\n|move|p2a: Orthworm|Heavy Slam|p1a: Pawmot\n|-resisted|p1a: Pawmot\n|-damage|p1a: Pawmot|82/243\n|\n|upkeep\n|turn|17\n|\n|t:|1729657908\n|switch|p2a: Calyrex|Calyrex, L93|337/337\n|-ability|p2a: Calyrex|Unnerve\n|-damage|p2a: Calyrex|295/337|[from] Stealth Rock\n|move|p1a: Pawmot|Close Combat|p2a: Calyrex\n|-resisted|p2a: Calyrex\n|-damage|p2a: Calyrex|234/337\n|-unboost|p1a: Pawmot|def|1\n|-unboost|p1a: Pawmot|spd|1\n|\n|-heal|p2a: Calyrex|255/337|[from] item: Leftovers\n|upkeep\n|turn|18\n|\n|t:|1729657918\n|switch|p1a: Froslass|Froslass, L87, F|263/263\n|move|p2a: Calyrex|Psychic|p1a: Froslass\n|-damage|p1a: Froslass|149/263\n|-unboost|p1a: Froslass|spd|1\n|\n|-heal|p2a: Calyrex|276/337|[from] item: Leftovers\n|upkeep\n|turn|19\n|\n|t:|1729657932\n|-terastallize|p2a: Calyrex|Fighting\n|move|p1a: Froslass|Poltergeist|p2a: Calyrex\n|-activate|p2a: Calyrex|move: Poltergeist|Leftovers\n|-damage|p2a: Calyrex|180/337\n|move|p2a: Calyrex|Psychic|p1a: Froslass\n|-damage|p1a: Froslass|0 fnt\n|faint|p1a: Froslass\n|\n|-heal|p2a: Calyrex|201/337|[from] item: Leftovers\n|upkeep\n|\n|t:|1729657938\n|switch|p1a: Pawmot|Pawmot, L80, F|82/243\n|turn|20\n|\n|t:|1729657945\n|move|p1a: Pawmot|Double Shock|p2a: Calyrex\n|-damage|p2a: Calyrex|69/337\n|-start|p1a: Pawmot|typechange|???/Fighting|[from] move: Double Shock\n|move|p2a: Calyrex|Psychic|p1a: Pawmot\n|-supereffective|p1a: Pawmot\n|-damage|p1a: Pawmot|0 fnt\n|faint|p1a: Pawmot\n|\n|-heal|p2a: Calyrex|90/337|[from] item: Leftovers\n|upkeep\n|-message|Nortea forfeited.\n|\n|win|Qiuescent\n|raw|Nortea's rating: 2234 &rarr; <strong>2217</strong><br />(-17 for losing)\n|raw|Qiuescent's rating: 2287 &rarr; <strong>2304</strong><br />(+17 for winning)\n|l|\u2606Nortea\n|player|p1|\n", "inputlog": ">version f848a9fd958ec8f1ca6a9f7c452a4b12c3110db6\n>start {\"formatid\":\"gen9randombattle\",\"seed\":[48589,65133,2682,40870],\"rated\":\"Rated battle\"}\n>player p1 {\"name\":\"Nortea\",\"avatar\":\"n\",\"rating\":2234,\"seed\":[2993,64080,3324,47617]}\n>player p2 {\"name\":\"Qiuescent\",\"avatar\":\"101\",\"rating\":2287,\"seed\":[29042,4283,41509,13908]}\n>p1 move hydropump\n>p2 switch 3\n>p1 move bravebird\n>p2 move hurricane\n>p1 switch 5\n>p2 move dracometeor\n>p1 switch 3\n>p2 move roost\n>p1 move nuzzle\n>p2 switch 5\n>p1 switch 5\n>p2 move stoneedge\n>p1 switch 3\n>p1 move calmmind\n>p2 switch 3\n>p1 switch 5\n>p2 move heavyslam\n>p1 move closecombat\n>p2 switch 6\n>p1 switch 4\n>p2 move strangesteam\n>p1 move headsmash\n>p2 switch 3\n>p1 switch 2\n>p2 move earthquake\n>p1 move stealthrock\n>p2 move earthquake\n>p1 switch 5\n>p1 move moonblast\n>p2 move earthquake\n>p1 move moonblast\n>p2 move earthquake\n>p2 switch 6\n>p1 switch 4\n>p2 move heavyslam\n>p1 move closecombat\n>p2 switch 4\n>p1 switch 6\n>p2 move psychic\n>p1 move poltergeist\n>p2 move psychic terastallize\n>p1 switch 6\n>p1 move doubleshock\n>p2 move psychic\n>forcelose p1", "uploadtime": 1729657951, "views": 49, "formatid": "gen9randombattle", "rating": 2217, "private": 0, "password": null}