{"id": "gen9randombattle-2260268267", "format": "[Gen 9] Random Battle", "players": ["ewresrdgthfguj", "elifk"], "log": "|j|\u2606ewresrdgthfguj\n|j|\u2606elifk\n|t:|1733832652\n|gametype|singles\n|player|p1|ewresrdgthfguj|brock|1049\n|player|p2|elifk|102|1078\n|teamsize|p1|6\n|teamsize|p2|6\n|gen|9\n|tier|[Gen 9] Random Battle\n|rated|\n|rule|Species Clause: Limit one of each Pok\u00e9mon\n|rule|HP Percentage Mod: HP is shown in percentages\n|rule|Sleep Clause Mod: Limit one foe put to sleep\n|rule|Illusion Level Mod: Illusion disguises the Pok\u00e9mon's true level\n|\n|t:|1733832652\n|start\n|switch|p1a: Hitmontop|Hitmontop, L88, M|231/231\n|switch|p2a: Rhyperior|Rhyperior, L82, F|323/323\n|-ability|p1a: Hitmontop|Intimidate|boost\n|-unboost|p2a: Rhyperior|atk|1\n|turn|1\n|inactive|Battle timer is ON: inactive players will automatically lose when time's up. (requested by ewresrdgthfguj)\n|inactive|ewresrdgthfguj has 120 seconds left.\n|\n|t:|1733832692\n|switch|p1a: Sinistcha|Sinistcha-Masterpiece, L83|254/254\n|switch|p2a: Ho-Oh|Ho-Oh, L71|268/268\n|\n|upkeep\n|turn|2\n|inactive|ewresrdgthfguj has 120 seconds left.\n|\n|t:|1733832741\n|switch|p1a: Duraludon|Duraludon, L82, M|249/249\n|move|p2a: Ho-Oh|Brave Bird|p1a: Duraludon\n|-resisted|p1a: Duraludon\n|-damage|p1a: Duraludon|219/249\n|-damage|p2a: Ho-Oh|258/268|[from] Recoil\n|\n|upkeep\n|turn|3\n|\n|t:|1733832749\n|move|p1a: Duraludon|Iron Defense|p1a: Duraludon\n|-boost|p1a: Duraludon|def|2\n|move|p2a: Ho-Oh|Sacred Fire|p1a: Duraludon\n|-damage|p1a: Duraludon|192/249\n|\n|upkeep\n|turn|4\n|\n|t:|1733832759\n|move|p1a: Duraludon|Iron Defense|p1a: Duraludon\n|-boost|p1a: Duraludon|def|2\n|move|p2a: Ho-Oh|Sacred Fire|p1a: Duraludon\n|-damage|p1a: Duraludon|174/249\n|-status|p1a: Duraludon|brn\n|\n|-damage|p1a: Duraludon|159/249 brn|[from] brn\n|upkeep\n|turn|5\n|\n|t:|1733832775\n|switch|p2a: Ursaluna|Ursaluna-Bloodmoon, L79, M|308/308\n|move|p1a: Duraludon|Iron Defense|p1a: Duraludon\n|-boost|p1a: Duraludon|def|2\n|\n|-damage|p1a: Duraludon|144/249 brn|[from] brn\n|upkeep\n|turn|6\n|\n|t:|1733832783\n|move|p1a: Duraludon|Body Press|p2a: Ursaluna\n|-supereffective|p2a: Ursaluna\n|-damage|p2a: Ursaluna|104/308\n|move|p2a: Ursaluna|Earth Power|p1a: Duraludon\n|-supereffective|p1a: Duraludon\n|-damage|p1a: Duraludon|0 fnt\n|faint|p1a: Duraludon\n|\n|-heal|p2a: Ursaluna|123/308|[from] item: Leftovers\n|upkeep\n|c|\u2606elifk|stop taking so long\n|\n|t:|1733832807\n|switch|p1a: Oinkologne|Oinkologne-F, L92, F|361/361\n|turn|7\n|c|\u2606ewresrdgthfguj|stfu\n|\n|t:|1733832817\n|move|p1a: Oinkologne|Body Slam|p2a: Ursaluna\n|-damage|p2a: Ursaluna|38/308\n|move|p2a: Ursaluna|Moonlight|p2a: Ursaluna\n|-heal|p2a: Ursaluna|192/308\n|\n|-heal|p2a: Ursaluna|211/308|[from] item: Leftovers\n|upkeep\n|turn|8\n|\n|t:|1733832829\n|move|p1a: Oinkologne|Body Slam|p2a: Ursaluna\n|-damage|p2a: Ursaluna|130/308\n|move|p2a: Ursaluna|Calm Mind|p2a: Ursaluna\n|-boost|p2a: Ursaluna|spa|1\n|-boost|p2a: Ursaluna|spd|1\n|\n|-heal|p2a: Ursaluna|149/308|[from] item: Leftovers\n|upkeep\n|turn|9\n|c|\u2606elifk|you must be fun at partys\n|\n|t:|1733832838\n|move|p1a: Oinkologne|Body Slam|p2a: Ursaluna\n|-damage|p2a: Ursaluna|68/308\n|move|p2a: Ursaluna|Blood Moon|p1a: Oinkologne\n|-damage|p1a: Oinkologne|141/361\n|\n|-heal|p1a: Oinkologne|163/361|[from] item: Leftovers\n|-heal|p2a: Ursaluna|87/308|[from] item: Leftovers\n|upkeep\n|turn|10\n|\n|t:|1733832848\n|move|p1a: Oinkologne|Body Slam|p2a: Ursaluna\n|-damage|p2a: Ursaluna|0 fnt\n|faint|p2a: Ursaluna\n|\n|-heal|p1a: Oinkologne|185/361|[from] item: Leftovers\n|upkeep\n|\n|t:|1733832857\n|switch|p2a: Azumarill|Azumarill, L82, M|298/298\n|turn|11\n|c|\u2606ewresrdgthfguj|by the fucking face lmao\n|c|\u2606elifk|what are you talking about?\n|\n|t:|1733832875\n|move|p1a: Oinkologne|Body Slam|p2a: Azumarill\n|-damage|p2a: Azumarill|189/298\n|move|p2a: Azumarill|Superpower|p1a: Oinkologne\n|-supereffective|p1a: Oinkologne\n|-damage|p1a: Oinkologne|0 fnt\n|-unboost|p2a: Azumarill|atk|1\n|-unboost|p2a: Azumarill|def|1\n|faint|p1a: Oinkologne\n|\n|upkeep\n|\n|t:|1733832887\n|switch|p1a: Sinistcha|Sinistcha-Masterpiece, L83|254/254\n|turn|12\n|inactive|ewresrdgthfguj has 120 seconds left.\n|inactive|ewresrdgthfguj has 90 seconds left.\n|c|\u2606ewresrdgthfguj|you just told me that i'm fun at parties\n|\n|t:|1733832951\n|switch|p2a: Ho-Oh|Ho-Oh, L71|268/268\n|move|p1a: Sinistcha|Matcha Gotcha|p2a: Ho-Oh\n|-resisted|p2a: Ho-Oh\n|-damage|p2a: Ho-Oh|250/268\n|\n|upkeep\n|turn|13\n|c|\u2606elifk|do you know sarcasam\n|c|\u2606elifk|?\n|\n|t:|1733832965\n|switch|p1a: Hitmontop|Hitmontop, L88, M|231/231\n|-ability|p1a: Hitmontop|Intimidate|boost\n|-unboost|p2a: Ho-Oh|atk|1\n|move|p2a: Ho-Oh|Brave Bird|p1a: Hitmontop\n|-supereffective|p1a: Hitmontop\n|-damage|p1a: Hitmontop|103/231\n|-damage|p2a: Ho-Oh|208/268|[from] Recoil\n|\n|upkeep\n|turn|14\n|inactive|ewresrdgthfguj has 90 seconds left.\n|\n|t:|1733832978\n|move|p1a: Hitmontop|Stone Edge|p2a: Ho-Oh|[miss]\n|-miss|p1a: Hitmontop|p2a: Ho-Oh\n|move|p2a: Ho-Oh|Brave Bird|p1a: Hitmontop\n|-supereffective|p1a: Hitmontop\n|-damage|p1a: Hitmontop|0 fnt\n|faint|p1a: Hitmontop\n|-damage|p2a: Ho-Oh|174/268|[from] Recoil\n|\n|upkeep\n|\n|t:|1733832989\n|switch|p1a: Moltres|Moltres, L81|278/278\n|turn|15\n|\n|t:|1733832999\n|switch|p2a: Rhyperior|Rhyperior, L82, F|323/323\n|move|p1a: Moltres|Brave Bird|p2a: Rhyperior\n|-resisted|p2a: Rhyperior\n|-damage|p2a: Rhyperior|279/323\n|-damage|p1a: Moltres|263/278|[from] Recoil\n|\n|upkeep\n|turn|16\n|c|\u2606ewresrdgthfguj|i know sarcasm you idiot\n|\n|t:|1733833008\n|move|p1a: Moltres|U-turn|p2a: Rhyperior\n|-damage|p2a: Rhyperior|239/323\n|inactive|ewresrdgthfguj has 90 seconds left.\n|c|\u2606ewresrdgthfguj|but you told me that with no context at all\n|c|\u2606ewresrdgthfguj|dumbass\n|\n|t:|1733833034\n|switch|p1a: Sinistcha|Sinistcha-Masterpiece, L83|254/254|[from] U-turn\n|move|p2a: Rhyperior|Rock Polish|p2a: Rhyperior\n|-boost|p2a: Rhyperior|spe|2\n|\n|upkeep\n|turn|17\n|c|\u2606elifk|you were being rude to me\n|c|\u2606elifk|and are continuing to be rude\n|\n|t:|1733833049\n|move|p2a: Rhyperior|Megahorn|p1a: Sinistcha|[miss]\n|-miss|p2a: Rhyperior|p1a: Sinistcha\n|move|p1a: Sinistcha|Matcha Gotcha|p2a: Rhyperior\n|-supereffective|p2a: Rhyperior\n|-damage|p2a: Rhyperior|0 fnt\n|faint|p2a: Rhyperior\n|\n|upkeep\n|\n|t:|1733833061\n|switch|p2a: Sceptile|Sceptile, L87, M|264/264\n|turn|18\n|c|\u2606ewresrdgthfguj|says the one who is being impatient\n|inactive|ewresrdgthfguj has 90 seconds left.\n|c|\u2606ewresrdgthfguj|like a brat\n|\n|t:|1733833074\n|move|p2a: Sceptile|Focus Blast|p1a: Sinistcha\n|-immune|p1a: Sinistcha\n|move|p1a: Sinistcha|Calm Mind|p1a: Sinistcha\n|-boost|p1a: Sinistcha|spa|1\n|-boost|p1a: Sinistcha|spd|1\n|\n|upkeep\n|turn|19\n|c|\u2606elifk|i was pointing out a fact\n|\n|t:|1733833088\n|move|p2a: Sceptile|Focus Blast|p1a: Sinistcha\n|-immune|p1a: Sinistcha\n|move|p1a: Sinistcha|Calm Mind|p1a: Sinistcha\n|-boost|p1a: Sinistcha|spa|1\n|-boost|p1a: Sinistcha|spd|1\n|\n|upkeep\n|turn|20\n|c|\u2606ewresrdgthfguj|holy shit you don't even know the type chart\n|\n|t:|1733833100\n|move|p2a: Sceptile|Substitute|p2a: Sceptile\n|-start|p2a: Sceptile|Substitute\n|-damage|p2a: Sceptile|198/264\n|move|p1a: Sinistcha|Calm Mind|p1a: Sinistcha\n|-boost|p1a: Sinistcha|spa|1\n|-boost|p1a: Sinistcha|spd|1\n|\n|-heal|p2a: Sceptile|214/264|[from] item: Leftovers\n|upkeep\n|turn|21\n|c|\u2606elifk|i forgot that it was ghosst and not dark\n|\n|t:|1733833117\n|switch|p2a: Ho-Oh|Ho-Oh, L71|263/268\n|move|p1a: Sinistcha|Calm Mind|p1a: Sinistcha\n|-boost|p1a: Sinistcha|spa|1\n|-boost|p1a: Sinistcha|spd|1\n|\n|upkeep\n|turn|22\n|c|\u2606ewresrdgthfguj|since when sinitcha or poltegaist is dark lmfaooo\n|inactive|ewresrdgthfguj has 90 seconds left.\n|c|\u2606elifk|idk i go outside\n|\n|t:|1733833149\n|switch|p1a: Moltres|Moltres, L81|263/278\n|move|p2a: Ho-Oh|Brave Bird|p1a: Moltres\n|-damage|p1a: Moltres|137/278\n|-damage|p2a: Ho-Oh|221/268|[from] Recoil\n|\n|upkeep\n|turn|23\n|inactive|ewresrdgthfguj has 90 seconds left.\n|\n|t:|1733833160\n|move|p1a: Moltres|Roost|p1a: Moltres\n|-heal|p1a: Moltres|276/278\n|-singleturn|p1a: Moltres|move: Roost\n|move|p2a: Ho-Oh|Recover|p2a: Ho-Oh\n|-heal|p2a: Ho-Oh|268/268\n|\n|upkeep\n|turn|24\n|c|\u2606ewresrdgthfguj|what do you mean by that?\n|inactive|ewresrdgthfguj has 90 seconds left.\n|\n|t:|1733833173\n|move|p1a: Moltres|Brave Bird|p2a: Ho-Oh\n|-damage|p2a: Ho-Oh|133/268\n|-damage|p1a: Moltres|231/278|[from] Recoil\n|move|p2a: Ho-Oh|Brave Bird|p1a: Moltres\n|-damage|p1a: Moltres|104/278\n|-damage|p2a: Ho-Oh|91/268|[from] Recoil\n|\n|upkeep\n|turn|25\n|c|\u2606elifk|i mean words\n|\n|t:|1733833185\n|switch|p2a: Azumarill|Azumarill, L82, M|189/298\n|move|p1a: Moltres|Brave Bird|p2a: Azumarill\n|-damage|p2a: Azumarill|65/298\n|-damage|p1a: Moltres|63/278|[from] Recoil\n|\n|upkeep\n|turn|26\n|\n|t:|1733833200\n|switch|p1a: Sinistcha|Sinistcha-Masterpiece, L83|254/254\n|move|p2a: Azumarill|Liquidation|p1a: Sinistcha\n|-resisted|p1a: Sinistcha\n|-damage|p1a: Sinistcha|179/254\n|\n|-heal|p1a: Sinistcha|194/254|[from] item: Leftovers\n|upkeep\n|turn|27\n|\n|t:|1733833214\n|switch|p2a: Ho-Oh|Ho-Oh, L71|180/268\n|move|p1a: Sinistcha|Shadow Ball|p2a: Ho-Oh\n|-damage|p2a: Ho-Oh|98/268\n|\n|-heal|p1a: Sinistcha|209/254|[from] item: Leftovers\n|upkeep\n|turn|28\n|\n|t:|1733833223\n|move|p2a: Ho-Oh|Recover|p2a: Ho-Oh\n|-heal|p2a: Ho-Oh|232/268\n|move|p1a: Sinistcha|Shadow Ball|p2a: Ho-Oh\n|-damage|p2a: Ho-Oh|151/268\n|\n|-heal|p1a: Sinistcha|224/254|[from] item: Leftovers\n|upkeep\n|turn|29\n|\n|t:|1733833230\n|move|p2a: Ho-Oh|Brave Bird|p1a: Sinistcha\n|-supereffective|p1a: Sinistcha\n|-damage|p1a: Sinistcha|6/254\n|-damage|p2a: Ho-Oh|79/268|[from] Recoil\n|move|p1a: Sinistcha|Shadow Ball|p2a: Ho-Oh\n|-damage|p2a: Ho-Oh|10/268\n|-unboost|p2a: Ho-Oh|spd|1\n|\n|-heal|p1a: Sinistcha|21/254|[from] item: Leftovers\n|upkeep\n|turn|30\n|c|\u2606ewresrdgthfguj|you are assuming something because you want to\n|c|\u2606elifk|yes\n|c|\u2606elifk|z3\n|\n|t:|1733833244\n|move|p2a: Ho-Oh|Recover|p2a: Ho-Oh\n|-heal|p2a: Ho-Oh|144/268\n|move|p1a: Sinistcha|Shadow Ball|p2a: Ho-Oh\n|-damage|p2a: Ho-Oh|29/268\n|\n|-heal|p1a: Sinistcha|36/254|[from] item: Leftovers\n|upkeep\n|turn|31\n|\n|t:|1733833252\n|switch|p2a: Azumarill|Azumarill, L82, M|65/298\n|move|p1a: Sinistcha|Shadow Ball|p2a: Azumarill\n|-damage|p2a: Azumarill|0 fnt\n|faint|p2a: Azumarill\n|\n|-heal|p1a: Sinistcha|51/254|[from] item: Leftovers\n|upkeep\n|\n|t:|1733833263\n|switch|p2a: Sceptile|Sceptile, L87, M|214/264\n|turn|32\n|c|\u2606ewresrdgthfguj|typical behaiour of a 11 yeard old\n|inactive|ewresrdgthfguj has 120 seconds left.\n|\n|t:|1733833292\n|move|p2a: Sceptile|Giga Drain|p1a: Sinistcha\n|-resisted|p1a: Sinistcha\n|-damage|p1a: Sinistcha|5/254\n|-heal|p2a: Sceptile|237/264|[from] drain|[of] p1a: Sinistcha\n|move|p1a: Sinistcha|Strength Sap|p2a: Sceptile\n|-unboost|p2a: Sceptile|atk|1\n|-heal|p1a: Sinistcha|157/254\n|\n|-heal|p2a: Sceptile|253/264|[from] item: Leftovers\n|-heal|p1a: Sinistcha|172/254|[from] item: Leftovers\n|upkeep\n|turn|33\n|c|\u2606elifk|im accualy 13\n|\n|t:|1733833305\n|switch|p2a: Ho-Oh|Ho-Oh, L71|118/268\n|move|p1a: Sinistcha|Strength Sap|p2a: Ho-Oh\n|-unboost|p2a: Ho-Oh|atk|1\n|-heal|p1a: Sinistcha|254/254\n|\n|upkeep\n|turn|34\n|c|\u2606ewresrdgthfguj|sure and do you still vape\n|c|\u2606elifk|no ew\n|\n|t:|1733833319\n|move|p2a: Ho-Oh|Recover|p2a: Ho-Oh\n|-heal|p2a: Ho-Oh|252/268\n|move|p1a: Sinistcha|Shadow Ball|p2a: Ho-Oh\n|-damage|p2a: Ho-Oh|179/268\n|\n|upkeep\n|turn|35\n|\n|t:|1733833326\n|move|p2a: Ho-Oh|Brave Bird|p1a: Sinistcha\n|-supereffective|p1a: Sinistcha\n|-damage|p1a: Sinistcha|110/254\n|-damage|p2a: Ho-Oh|131/268|[from] Recoil\n|move|p1a: Sinistcha|Calm Mind|p1a: Sinistcha\n|-boost|p1a: Sinistcha|spa|1\n|-boost|p1a: Sinistcha|spd|1\n|\n|-heal|p1a: Sinistcha|125/254|[from] item: Leftovers\n|upkeep\n|turn|36\n|\n|t:|1733833336\n|-terastallize|p1a: Sinistcha|Steel\n|move|p2a: Ho-Oh|Brave Bird|p1a: Sinistcha\n|-resisted|p1a: Sinistcha\n|-damage|p1a: Sinistcha|89/254\n|-damage|p2a: Ho-Oh|119/268|[from] Recoil\n|move|p1a: Sinistcha|Strength Sap|p2a: Ho-Oh\n|-unboost|p2a: Ho-Oh|atk|1\n|-heal|p1a: Sinistcha|239/254\n|\n|-heal|p1a: Sinistcha|254/254|[from] item: Leftovers\n|upkeep\n|turn|37\n|\n|t:|1733833348\n|switch|p2a: Iron Valiant|Iron Valiant, L78|244/244\n|move|p1a: Sinistcha|Calm Mind|p1a: Sinistcha\n|-boost|p1a: Sinistcha|spa|1\n|-boost|p1a: Sinistcha|spd|1\n|\n|upkeep\n|turn|38\n|\n|t:|1733833356\n|move|p2a: Iron Valiant|Close Combat|p1a: Sinistcha\n|-supereffective|p1a: Sinistcha\n|-damage|p1a: Sinistcha|0 fnt\n|-unboost|p2a: Iron Valiant|def|1\n|-unboost|p2a: Iron Valiant|spd|1\n|faint|p1a: Sinistcha\n|-damage|p2a: Iron Valiant|220/244|[from] item: Life Orb\n|\n|upkeep\n|\n|t:|1733833361\n|switch|p1a: Moltres|Moltres, L81|63/278\n|turn|39\n|\n|t:|1733833367\n|move|p2a: Iron Valiant|Knock Off|p1a: Moltres\n|-damage|p1a: Moltres|0 fnt\n|-enditem|p1a: Moltres|Heavy-Duty Boots|[from] move: Knock Off|[of] p2a: Iron Valiant\n|faint|p1a: Moltres\n|-damage|p2a: Iron Valiant|196/244|[from] item: Life Orb\n|\n|upkeep\n|\n|t:|1733833374\n|switch|p1a: Eiscue|Eiscue, L88, F|274/274\n|turn|40\n|\n|t:|1733833381\n|move|p2a: Iron Valiant|Close Combat|p1a: Eiscue\n|-activate|p1a: Eiscue|ability: Ice Face\n|-damage|p1a: Eiscue|274/274\n|-unboost|p2a: Iron Valiant|def|1\n|-unboost|p2a: Iron Valiant|spd|1\n|detailschange|p1a: Eiscue|Eiscue-Noice, L88, F\n|-damage|p2a: Iron Valiant|172/244|[from] item: Life Orb\n|move|p1a: Eiscue|Belly Drum|p1a: Eiscue\n|-damage|p1a: Eiscue|137/274\n|-setboost|p1a: Eiscue|atk|6|[from] move: Belly Drum\n|-enditem|p1a: Eiscue|Sitrus Berry|[eat]\n|-heal|p1a: Eiscue|205/274|[from] item: Sitrus Berry\n|\n|upkeep\n|turn|41\n|\n|t:|1733833396\n|move|p1a: Eiscue|Ice Spinner|p2a: Iron Valiant\n|-damage|p2a: Iron Valiant|0 fnt\n|faint|p2a: Iron Valiant\n|-end|p2a: Iron Valiant|Quark Drive|[silent]\n|\n|upkeep\n|c|\u2606elifk|gulp\n|\n|t:|1733833406\n|switch|p2a: Ho-Oh|Ho-Oh, L71|208/268\n|turn|42\n|\n|t:|1733833411\n|-terastallize|p2a: Ho-Oh|Steel\n|move|p1a: Eiscue|Liquidation|p2a: Ho-Oh\n|-damage|p2a: Ho-Oh|0 fnt\n|faint|p2a: Ho-Oh\n|\n|upkeep\n|\n|t:|1733833416\n|switch|p2a: Sceptile|Sceptile, L87, M|253/264\n|turn|43\n|c|\u2606ewresrdgthfguj|bruhhhhhh\n|c|\u2606elifk|how is a penguin that fast\n|c|\u2606elifk|gg\n|\n|t:|1733833428\n|move|p1a: Eiscue|Ice Spinner|p2a: Sceptile\n|-supereffective|p2a: Sceptile\n|-damage|p2a: Sceptile|0 fnt\n|faint|p2a: Sceptile\n|\n|win|ewresrdgthfguj\n", "inputlog": ">version bfd83cad13791eb5a5a409923076391caf6fb4d4\n>start {\"formatid\":\"gen9randombattle\",\"seed\":[56126,19223,11831,3098],\"rated\":\"Rated battle\"}\n>player p1 {\"name\":\"ewresrdgthfguj\",\"avatar\":\"brock\",\"rating\":1049,\"seed\":[21287,49402,60489,1692]}\n>player p2 {\"name\":\"elifk\",\"avatar\":\"102\",\"rating\":1078,\"seed\":[57869,12586,37635,56566]}\n>p1 switch 4\n>p2 switch 3\n>p1 switch 3\n>p2 move bravebird\n>p1 move irondefense\n>p2 move sacredfire\n>p1 move irondefense\n>p2 move sacredfire\n>p1 move irondefense\n>p2 switch 5\n>p1 move bodypress\n>p2 move earthpower\n>chat \u2606elifk|stop taking so long\n>p1 switch 5\n>chat \u2606ewresrdgthfguj|stfu\n>p1 move bodyslam\n>p2 move moonlight\n>p1 move bodyslam\n>p2 move calmmind\n>chat \u2606elifk|you must be fun at partys\n>p1 move bodyslam\n>p2 move bloodmoon\n>p1 move bodyslam\n>p2 move moonlight\n>p2 switch 6\n>chat \u2606ewresrdgthfguj|by the fucking face lmao\n>chat \u2606elifk|what are you talking about?\n>p1 move bodyslam\n>p2 move superpower\n>p1 switch 3\n>chat \u2606ewresrdgthfguj|you just told me that i'm fun at parties\n>p1 move matchagotcha\n>p2 switch 5\n>chat \u2606elifk|do you know sarcasam\n>chat \u2606elifk|?\n>p1 switch 4\n>p2 move bravebird\n>p1 move stoneedge\n>p2 move bravebird\n>p1 switch 2\n>p1 move bravebird\n>p2 switch 3\n>chat \u2606ewresrdgthfguj|i know sarcasm you idiot\n>p1 move uturn\n>p2 move rockpolish\n>chat \u2606ewresrdgthfguj|but you told me that with no context at all\n>chat \u2606ewresrdgthfguj|dumbass\n>p1 switch 4\n>chat \u2606elifk|you were being rude to me\n>chat \u2606elifk|and are continuing to be rude\n>p1 move matchagotcha\n>p2 move megahorn\n>p2 switch 2\n>chat \u2606ewresrdgthfguj|says the one who is being impatient\n>chat \u2606ewresrdgthfguj|like a brat\n>p1 move calmmind\n>p2 move focusblast\n>chat \u2606elifk|i was pointing out a fact \n>p1 move calmmind\n>p2 move focusblast\n>chat \u2606ewresrdgthfguj|holy shit you don't even know the type chart\n>p1 move calmmind\n>p2 move substitute\n>chat \u2606elifk|i forgot that it was ghosst and not dark\n>p1 move calmmind\n>p2 switch 3\n>chat \u2606ewresrdgthfguj|since when sinitcha or poltegaist is dark lmfaooo\n>chat \u2606elifk|idk i go outside\n>p1 switch 4\n>p2 move bravebird\n>p1 move roost\n>p2 move recover\n>chat \u2606ewresrdgthfguj|what do you mean by that?\n>p1 move bravebird\n>p2 move bravebird\n>chat \u2606elifk|i mean words\n>p1 move bravebird\n>p2 switch 5\n>p1 switch 4\n>p2 move liquidation\n>p1 move shadowball\n>p2 switch 5\n>p1 move shadowball\n>p2 move recover\n>p1 move shadowball\n>p2 move bravebird\n>chat \u2606ewresrdgthfguj|you are assuming something because you want to\n>chat \u2606elifk|yes\n>chat \u2606elifk|z3\n>p1 move shadowball\n>p2 move recover\n>p1 move shadowball\n>p2 switch 5\n>p2 switch 3\n>chat \u2606ewresrdgthfguj|typical behaiour of a 11 yeard old \n>p1 move strengthsap\n>p2 move gigadrain\n>chat \u2606elifk|im accualy 13\n>p1 move strengthsap\n>p2 switch 5\n>chat \u2606ewresrdgthfguj|sure and do you still vape\n>chat \u2606elifk|no ew\n>p1 move shadowball\n>p2 move recover\n>p1 move calmmind\n>p2 move bravebird\n>p1 move strengthsap terastallize\n>p2 move bravebird\n>p1 move calmmind\n>p2 switch 4\n>p1 move shadowball\n>p2 move closecombat\n>p1 switch 4\n>p1 move roost\n>p2 move knockoff\n>p1 switch 6\n>p1 move bellydrum\n>p2 move closecombat\n>p1 move icespinner\n>p2 move closecombat\n>chat \u2606elifk|gulp\n>p2 switch 4\n>p1 move liquidation\n>p2 move sacredfire terastallize\n>p2 switch 5\n>chat \u2606ewresrdgthfguj|bruhhhhhh\n>chat \u2606elifk|how is a penguin that fast\n>chat \u2606elifk|gg\n>p1 move icespinner\n>p2 move focusblast", "uploadtime": 1733832860, "views": 1, "formatid": "gen9randombattle", "rating": null, "private": 0, "password": null}