{"id": "gen9randombattle-2260737256", "format": "[Gen 9] Random Battle", "players": ["justintime18", "iclope"], "log": "|j|\u2606justintime18\n|j|\u2606iclope\n|t:|1733884927\n|gametype|singles\n|player|p1|justintime18|102|\n|player|p2|iclope|red|\n|teamsize|p1|6\n|teamsize|p2|6\n|gen|9\n|tier|[Gen 9] Random Battle\n|rule|Species Clause: Limit one of each Pok\u00e9mon\n|rule|HP Percentage Mod: HP is shown in percentages\n|rule|Sleep Clause Mod: Limit one foe put to sleep\n|rule|Illusion Level Mod: Illusion disguises the Pok\u00e9mon's true level\n|\n|t:|1733884927\n|start\n|switch|p1a: Pachirisu|Pachirisu, L96, F|271/271\n|switch|p2a: Drednaw|Drednaw, L81, F|278/278\n|turn|1\n|inactive|Battle timer is ON: inactive players will automatically lose when time's up. (requested by iclope)\n|inactive|justintime18 has 270 seconds left.\n|\n|t:|1733884959\n|switch|p2a: Regigigas|Regigigas, L84|322/322\n|-start|p2a: Regigigas|ability: Slow Start\n|move|p1a: Pachirisu|Nuzzle|p2a: Regigigas\n|-damage|p2a: Regigigas|307/322\n|-status|p2a: Regigigas|par\n|\n|-heal|p2a: Regigigas|322/322 par|[from] item: Leftovers\n|upkeep\n|turn|2\n|inactive|justintime18 has 270 seconds left.\n|\n|t:|1733884992\n|move|p1a: Pachirisu|U-turn|p2a: Regigigas\n|-crit|p2a: Regigigas\n|-damage|p2a: Regigigas|274/322 par\n|inactive|justintime18 has 270 seconds left.\n|inactive|justintime18 has 240 seconds left.\n|\n|t:|1733885030\n|switch|p1a: Deoxys|Deoxys-Speed, L82|216/216|[from] U-turn\n|-ability|p1a: Deoxys|Pressure\n|move|p2a: Regigigas|Knock Off|p1a: Deoxys\n|-supereffective|p1a: Deoxys\n|-damage|p1a: Deoxys|116/216\n|-enditem|p1a: Deoxys|Life Orb|[from] move: Knock Off|[of] p2a: Regigigas\n|\n|-heal|p2a: Regigigas|294/322 par|[from] item: Leftovers\n|upkeep\n|turn|3\n|inactive|justintime18 has 240 seconds left.\n|\n|t:|1733885042\n|move|p1a: Deoxys|Superpower|p2a: Regigigas\n|-supereffective|p2a: Regigigas\n|-damage|p2a: Regigigas|154/322 par\n|-unboost|p1a: Deoxys|atk|1\n|-unboost|p1a: Deoxys|def|1\n|cant|p2a: Regigigas|par\n|\n|-heal|p2a: Regigigas|174/322 par|[from] item: Leftovers\n|upkeep\n|turn|4\n|j| TheClutchPvP\n|inactive|justintime18 has 240 seconds left.\n|\n|t:|1733885053\n|move|p1a: Deoxys|Superpower|p2a: Regigigas\n|-supereffective|p2a: Regigigas\n|-damage|p2a: Regigigas|84/322 par\n|-unboost|p1a: Deoxys|atk|1\n|-unboost|p1a: Deoxys|def|1\n|move|p2a: Regigigas|Body Slam|p1a: Deoxys\n|-damage|p1a: Deoxys|0 fnt\n|faint|p1a: Deoxys\n|\n|-heal|p2a: Regigigas|104/322 par|[from] item: Leftovers\n|upkeep\n|inactive|justintime18 has 240 seconds left.\n|\n|t:|1733885072\n|switch|p1a: Wigglytuff|Wigglytuff, L96, M|424/424\n|turn|5\n|\n|t:|1733885088\n|move|p1a: Wigglytuff|Knock Off|p2a: Regigigas\n|-damage|p2a: Regigigas|48/322 par\n|-enditem|p2a: Regigigas|Leftovers|[from] move: Knock Off|[of] p1a: Wigglytuff\n|move|p2a: Regigigas|Rest|p2a: Regigigas\n|-status|p2a: Regigigas|slp|[from] move: Rest\n|-heal|p2a: Regigigas|322/322 slp|[silent]\n|\n|upkeep\n|turn|6\n|\n|t:|1733885103\n|move|p1a: Wigglytuff|Fire Blast|p2a: Regigigas\n|-damage|p2a: Regigigas|247/322 slp\n|cant|p2a: Regigigas|slp\n|move|p2a: Regigigas|Sleep Talk|p2a: Regigigas\n|move|p2a: Regigigas|Body Slam|p1a: Wigglytuff|[from]move: Sleep Talk\n|-damage|p1a: Wigglytuff|333/424\n|\n|-heal|p1a: Wigglytuff|359/424|[from] item: Leftovers\n|-end|p2a: Regigigas|Slow Start\n|upkeep\n|turn|7\n|\n|t:|1733885115\n|cant|p2a: Regigigas|slp\n|move|p2a: Regigigas|Sleep Talk|p2a: Regigigas\n|move|p2a: Regigigas|Body Slam|p1a: Wigglytuff|[from]move: Sleep Talk\n|-damage|p1a: Wigglytuff|167/424\n|-status|p1a: Wigglytuff|par\n|move|p1a: Wigglytuff|Thunder Wave||[still]\n|-fail|p1a: Wigglytuff\n|\n|-heal|p1a: Wigglytuff|193/424 par|[from] item: Leftovers\n|upkeep\n|turn|8\n|\n|t:|1733885129\n|-curestatus|p2a: Regigigas|slp|[msg]\n|move|p2a: Regigigas|Body Slam|p1a: Wigglytuff\n|-damage|p1a: Wigglytuff|0 fnt\n|faint|p1a: Wigglytuff\n|\n|upkeep\n|\n|t:|1733885140\n|switch|p1a: Pachirisu|Pachirisu, L96, F|271/271\n|turn|9\n|\n|t:|1733885145\n|move|p1a: Pachirisu|Nuzzle|p2a: Regigigas\n|-damage|p2a: Regigigas|232/322\n|-status|p2a: Regigigas|par\n|cant|p2a: Regigigas|par\n|\n|upkeep\n|turn|10\n|\n|t:|1733885158\n|move|p1a: Pachirisu|Super Fang|p2a: Regigigas\n|-damage|p2a: Regigigas|116/322 par\n|move|p2a: Regigigas|Body Slam|p1a: Pachirisu\n|-damage|p1a: Pachirisu|127/271\n|\n|upkeep\n|turn|11\n|\n|t:|1733885164\n|move|p1a: Pachirisu|Thunderbolt|p2a: Regigigas\n|-damage|p2a: Regigigas|58/322 par\n|move|p2a: Regigigas|Rest|p2a: Regigigas\n|-status|p2a: Regigigas|slp|[from] move: Rest\n|-heal|p2a: Regigigas|322/322 slp|[silent]\n|\n|upkeep\n|turn|12\n|inactive|justintime18 has 240 seconds left.\n|\n|t:|1733885170\n|move|p1a: Pachirisu|Super Fang|p2a: Regigigas\n|-damage|p2a: Regigigas|161/322 slp\n|cant|p2a: Regigigas|slp\n|move|p2a: Regigigas|Sleep Talk|p2a: Regigigas\n|move|p2a: Regigigas|Rest||[from]move: Sleep Talk|[still]\n|-fail|p2a: Regigigas\n|\n|upkeep\n|turn|13\n|inactive|justintime18 has 240 seconds left.\n|\n|t:|1733885180\n|move|p1a: Pachirisu|U-turn|p2a: Regigigas\n|-damage|p2a: Regigigas|129/322 slp\n|inactive|justintime18 has 240 seconds left.\n|\n|t:|1733885188\n|switch|p1a: Porygon-Z|Porygon-Z, L83|277/277|[from] U-turn\n|cant|p2a: Regigigas|slp\n|move|p2a: Regigigas|Sleep Talk|p2a: Regigigas\n|move|p2a: Regigigas|Knock Off|p1a: Porygon-Z|[from]move: Sleep Talk\n|-damage|p1a: Porygon-Z|162/277\n|-enditem|p1a: Porygon-Z|Life Orb|[from] move: Knock Off|[of] p2a: Regigigas\n|\n|upkeep\n|turn|14\n|inactive|justintime18 has 240 seconds left.\n|\n|t:|1733885205\n|-curestatus|p2a: Regigigas|slp|[msg]\n|move|p2a: Regigigas|Body Slam|p1a: Porygon-Z\n|-crit|p1a: Porygon-Z\n|-damage|p1a: Porygon-Z|0 fnt\n|faint|p1a: Porygon-Z\n|\n|upkeep\n|\n|t:|1733885211\n|switch|p1a: Pachirisu|Pachirisu, L96, F|127/271\n|turn|15\n|\n|t:|1733885214\n|move|p1a: Pachirisu|Nuzzle|p2a: Regigigas\n|-damage|p2a: Regigigas|113/322\n|-status|p2a: Regigigas|par\n|cant|p2a: Regigigas|par\n|\n|upkeep\n|turn|16\n|\n|t:|1733885221\n|move|p1a: Pachirisu|Thunderbolt|p2a: Regigigas\n|-damage|p2a: Regigigas|49/322 par\n|move|p2a: Regigigas|Rest|p2a: Regigigas\n|-status|p2a: Regigigas|slp|[from] move: Rest\n|-heal|p2a: Regigigas|322/322 slp|[silent]\n|\n|upkeep\n|turn|17\n|\n|t:|1733885227\n|move|p1a: Pachirisu|Super Fang|p2a: Regigigas\n|-damage|p2a: Regigigas|161/322 slp\n|cant|p2a: Regigigas|slp\n|move|p2a: Regigigas|Sleep Talk|p2a: Regigigas\n|move|p2a: Regigigas|Rest||[from]move: Sleep Talk|[still]\n|-fail|p2a: Regigigas\n|\n|upkeep\n|turn|18\n|\n|t:|1733885236\n|move|p1a: Pachirisu|Thunderbolt|p2a: Regigigas\n|-damage|p2a: Regigigas|104/322 slp\n|cant|p2a: Regigigas|slp\n|move|p2a: Regigigas|Sleep Talk|p2a: Regigigas\n|move|p2a: Regigigas|Body Slam|p1a: Pachirisu|[from]move: Sleep Talk\n|-damage|p1a: Pachirisu|0 fnt\n|faint|p1a: Pachirisu\n|\n|upkeep\n|\n|t:|1733885245\n|switch|p1a: Veluza|Veluza, L85, F|292/292\n|turn|19\n|\n|t:|1733885252\n|-curestatus|p2a: Regigigas|slp|[msg]\n|move|p2a: Regigigas|Rest|p2a: Regigigas\n|-status|p2a: Regigigas|slp|[from] move: Rest\n|-heal|p2a: Regigigas|322/322 slp|[silent]\n|move|p1a: Veluza|Night Slash|p2a: Regigigas\n|-damage|p2a: Regigigas|260/322 slp\n|\n|upkeep\n|turn|20\n|inactive|justintime18 has 270 seconds left.\n|\n|t:|1733885271\n|cant|p2a: Regigigas|slp\n|move|p2a: Regigigas|Sleep Talk|p2a: Regigigas\n|move|p2a: Regigigas|Body Slam|p1a: Veluza|[from]move: Sleep Talk\n|-damage|p1a: Veluza|138/292\n|-enditem|p1a: Veluza|Sitrus Berry|[eat]\n|-heal|p1a: Veluza|211/292|[from] item: Sitrus Berry\n|move|p1a: Veluza|Psycho Cut|p2a: Regigigas\n|-damage|p2a: Regigigas|151/322 slp\n|\n|upkeep\n|turn|21\n|\n|t:|1733885283\n|cant|p2a: Regigigas|slp\n|move|p2a: Regigigas|Sleep Talk|p2a: Regigigas\n|move|p2a: Regigigas|Rest||[from]move: Sleep Talk|[still]\n|-fail|p2a: Regigigas\n|move|p1a: Veluza|Psycho Cut|p2a: Regigigas\n|-damage|p2a: Regigigas|58/322 slp\n|\n|upkeep\n|turn|22\n|\n|t:|1733885289\n|-curestatus|p2a: Regigigas|slp|[msg]\n|move|p2a: Regigigas|Rest|p2a: Regigigas\n|-status|p2a: Regigigas|slp|[from] move: Rest\n|-heal|p2a: Regigigas|322/322 slp|[silent]\n|move|p1a: Veluza|Psycho Cut|p2a: Regigigas\n|-damage|p2a: Regigigas|229/322 slp\n|\n|upkeep\n|turn|23\n|inactive|justintime18 has 270 seconds left.\n|\n|t:|1733885299\n|cant|p2a: Regigigas|slp\n|move|p2a: Regigigas|Sleep Talk|p2a: Regigigas\n|move|p2a: Regigigas|Body Slam|p1a: Veluza|[from]move: Sleep Talk\n|-damage|p1a: Veluza|52/292\n|move|p1a: Veluza|Fillet Away||[still]\n|-fail|p1a: Veluza\n|\n|upkeep\n|turn|24\n|\n|t:|1733885307\n|cant|p2a: Regigigas|slp\n|move|p2a: Regigigas|Sleep Talk|p2a: Regigigas\n|move|p2a: Regigigas|Body Slam|p1a: Veluza|[from]move: Sleep Talk\n|-damage|p1a: Veluza|0 fnt\n|faint|p1a: Veluza\n|\n|upkeep\n|\n|t:|1733885313\n|switch|p1a: Lanturn|Lanturn, L89, M|367/367\n|turn|25\n|\n|t:|1733885322\n|-curestatus|p2a: Regigigas|slp|[msg]\n|move|p2a: Regigigas|Knock Off|p1a: Lanturn\n|-damage|p1a: Lanturn|228/367\n|-enditem|p1a: Lanturn|Choice Specs|[from] move: Knock Off|[of] p2a: Regigigas\n|move|p1a: Lanturn|Ice Beam|p2a: Regigigas\n|-damage|p2a: Regigigas|175/322\n|\n|upkeep\n|turn|26\n|\n|t:|1733885329\n|move|p2a: Regigigas|Body Slam|p1a: Lanturn\n|-damage|p1a: Lanturn|57/367\n|move|p1a: Lanturn|Scald|p2a: Regigigas\n|-damage|p2a: Regigigas|111/322\n|\n|upkeep\n|turn|27\n|\n|t:|1733885337\n|-terastallize|p1a: Lanturn|Flying\n|move|p2a: Regigigas|Body Slam|p1a: Lanturn\n|-damage|p1a: Lanturn|0 fnt\n|faint|p1a: Lanturn\n|\n|win|iclope\n", "inputlog": ">version bfd83cad13791eb5a5a409923076391caf6fb4d4\n>start {\"formatid\":\"gen9randombattle\",\"seed\":[6845,28403,23435,16215]}\n>player p1 {\"name\":\"justintime18\",\"avatar\":\"102\",\"rating\":0,\"seed\":[40036,49501,28827,53839]}\n>player p2 {\"name\":\"iclope\",\"avatar\":\"red\",\"rating\":0,\"seed\":[20153,26680,55097,43041]}\n>p1 move nuzzle\n>p2 switch 5\n>p1 move uturn\n>p2 move knockoff\n>p1 switch 5\n>p1 move superpower\n>p2 move bodyslam\n>p1 move superpower\n>p2 move bodyslam\n>p1 switch 2\n>p1 move knockoff\n>p2 move rest\n>p1 move fireblast\n>p2 move sleeptalk\n>p1 move thunderwave\n>p2 move sleeptalk\n>p1 move alluringvoice\n>p2 move bodyslam\n>p1 switch 5\n>p1 move nuzzle\n>p2 move bodyslam\n>p1 move superfang\n>p2 move bodyslam\n>p1 move thunderbolt\n>p2 move rest\n>p1 move superfang\n>p2 move sleeptalk\n>p1 move uturn\n>p2 move sleeptalk\n>p1 switch 6\n>p1 move nastyplot\n>p2 move bodyslam\n>p1 switch 6\n>p1 move nuzzle\n>p2 move bodyslam\n>p1 move thunderbolt\n>p2 move rest\n>p1 move superfang\n>p2 move sleeptalk\n>p1 move thunderbolt\n>p2 move sleeptalk\n>p1 switch 4\n>p1 move nightslash\n>p2 move rest\n>p1 move psychocut\n>p2 move sleeptalk\n>p1 move psychocut\n>p2 move sleeptalk\n>p1 move psychocut\n>p2 move rest\n>p1 move filletaway\n>p2 move sleeptalk\n>p1 move psychocut\n>p2 move sleeptalk\n>p1 switch 3\n>p1 move icebeam\n>p2 move knockoff\n>p1 move scald\n>p2 move bodyslam\n>p1 move voltswitch terastallize\n>p2 move bodyslam", "uploadtime": 1733885341, "views": 6, "formatid": "gen9randombattle", "rating": null, "private": 0, "password": null}