{"id": "gen9randombattle-2240506087", "format": "[Gen 9] Random Battle", "players": ["vegemite360", "membar"], "log": "|j|\u2606vegemite360\n|j|\u2606membar\n|t:|1731156760\n|gametype|singles\n|player|p1|vegemite360|lance|2236\n|player|p2|membar|janitor|2221\n|teamsize|p1|6\n|teamsize|p2|6\n|gen|9\n|tier|[Gen 9] Random Battle\n|rated|\n|rule|Species Clause: Limit one of each Pok\u00e9mon\n|rule|HP Percentage Mod: HP is shown in percentages\n|rule|Sleep Clause Mod: Limit one foe put to sleep\n|rule|Illusion Level Mod: Illusion disguises the Pok\u00e9mon's true level\n|\n|t:|1731156760\n|start\n|switch|p1a: Slowking|Slowking-Galar, L85, M|300/300\n|switch|p2a: Enamorus|Enamorus-Therian, L83, F|259/259\n|turn|1\n|inactive|Battle timer is ON: inactive players will automatically lose when time's up. (requested by vegemite360)\n|\n|t:|1731156774\n|switch|p2a: Scizor|Scizor, L79, F|240/240\n|move|p1a: Slowking|Future Sight|p2a: Scizor\n|-start|p1a: Slowking|move: Future Sight\n|\n|upkeep\n|turn|2\n|\n|t:|1731156794\n|switch|p1a: Zacian|Zacian-Crowned, L64|225/225\n|-ability|p1a: Zacian|Intrepid Sword|boost\n|-boost|p1a: Zacian|atk|1\n|move|p2a: Scizor|Knock Off|p1a: Zacian\n|-resisted|p1a: Zacian\n|-crit|p1a: Zacian\n|-damage|p1a: Zacian|168/225\n|-damage|p2a: Scizor|216/240|[from] item: Life Orb\n|\n|upkeep\n|turn|3\n|\n|t:|1731156810\n|move|p2a: Scizor|Bullet Punch|p1a: Zacian\n|-damage|p1a: Zacian|65/225\n|-damage|p2a: Scizor|192/240|[from] item: Life Orb\n|move|p1a: Zacian|Close Combat|p2a: Scizor\n|-damage|p2a: Scizor|87/240\n|-unboost|p1a: Zacian|def|1\n|-unboost|p1a: Zacian|spd|1\n|\n|-end|p2a: Scizor|move: Future Sight\n|-resisted|p2a: Scizor\n|-damage|p2a: Scizor|8/240\n|upkeep\n|turn|4\n|\n|t:|1731156821\n|switch|p1a: Electivire|Electivire, L84, M|263/263\n|move|p2a: Scizor|Bullet Punch|p1a: Electivire\n|-resisted|p1a: Electivire\n|-damage|p1a: Electivire|211/263\n|-damage|p2a: Scizor|0 fnt|[from] item: Life Orb\n|faint|p2a: Scizor\n|\n|upkeep\n|\n|t:|1731156831\n|switch|p2a: Espathra|Espathra, L80, F|283/283\n|turn|5\n|\n|t:|1731156839\n|move|p2a: Espathra|Lumina Crash|p1a: Electivire\n|-damage|p1a: Electivire|91/263\n|-unboost|p1a: Electivire|spd|2\n|move|p1a: Electivire|Volt Switch|p2a: Espathra\n|-damage|p2a: Espathra|153/283\n|-damage|p1a: Electivire|65/263|[from] item: Life Orb\n|\n|t:|1731156844\n|switch|p1a: Slowking|Slowking-Galar, L85, M|300/300|[from] Volt Switch\n|\n|-ability|p2a: Espathra|Speed Boost|boost\n|-boost|p2a: Espathra|spe|1\n|upkeep\n|turn|6\n|\n|t:|1731156849\n|move|p2a: Espathra|Lumina Crash|p1a: Slowking\n|-damage|p1a: Slowking|236/300\n|-unboost|p1a: Slowking|spd|2\n|move|p1a: Slowking|Sludge Bomb|p2a: Espathra\n|-damage|p2a: Espathra|0 fnt\n|faint|p2a: Espathra\n|\n|upkeep\n|\n|t:|1731156858\n|switch|p2a: Darkrai|Darkrai, L77|234/234\n|turn|7\n|inactive|vegemite360 has 120 seconds left.\n|\n|t:|1731156890\n|switch|p1a: Zacian|Zacian-Crowned, L64|65/225\n|move|p2a: Darkrai|Nasty Plot|p2a: Darkrai\n|-boost|p2a: Darkrai|spa|2\n|\n|upkeep\n|turn|8\n|\n|t:|1731156895\n|move|p2a: Darkrai|Dark Pulse|p1a: Zacian\n|-resisted|p1a: Zacian\n|-damage|p1a: Zacian|0 fnt\n|faint|p1a: Zacian\n|-damage|p2a: Darkrai|211/234|[from] item: Life Orb\n|\n|upkeep\n|inactive|vegemite360 has 120 seconds left.\n|\n|t:|1731156914\n|switch|p1a: Flygon|Flygon, L82, M|265/265\n|turn|9\n|\n|t:|1731156918\n|move|p2a: Darkrai|Dark Pulse|p1a: Flygon\n|-damage|p1a: Flygon|14/265\n|-damage|p2a: Darkrai|188/234|[from] item: Life Orb\n|move|p1a: Flygon|Dragon Dance|p1a: Flygon\n|-boost|p1a: Flygon|atk|1\n|-boost|p1a: Flygon|spe|1\n|\n|upkeep\n|turn|10\n|\n|t:|1731156928\n|switch|p2a: Enamorus|Enamorus-Therian, L83, F|259/259\n|move|p1a: Flygon|Outrage|p2a: Enamorus\n|-immune|p2a: Enamorus\n|\n|upkeep\n|turn|11\n|inactive|membar has 120 seconds left.\n|\n|t:|1731156962\n|move|p1a: Flygon|Stone Edge|p2a: Enamorus|[miss]\n|-miss|p1a: Flygon|p2a: Enamorus\n|move|p2a: Enamorus|Moonblast|p1a: Flygon\n|-supereffective|p1a: Flygon\n|-damage|p1a: Flygon|0 fnt\n|faint|p1a: Flygon\n|\n|upkeep\n|\n|t:|1731156967\n|switch|p1a: Electivire|Electivire, L84, M|65/263\n|turn|12\n|\n|t:|1731156981\n|move|p1a: Electivire|Supercell Slam|p2a: Enamorus\n|-supereffective|p2a: Enamorus\n|-damage|p2a: Enamorus|0 fnt\n|faint|p2a: Enamorus\n|-damage|p1a: Electivire|39/263|[from] item: Life Orb\n|\n|upkeep\n|inactive|membar has 120 seconds left.\n|\n|t:|1731157000\n|switch|p2a: Darkrai|Darkrai, L77|188/234\n|turn|13\n|\n|t:|1731157006\n|move|p2a: Darkrai|Dark Pulse|p1a: Electivire\n|-damage|p1a: Electivire|0 fnt\n|faint|p1a: Electivire\n|-damage|p2a: Darkrai|165/234|[from] item: Life Orb\n|\n|upkeep\n|\n|t:|1731157021\n|switch|p1a: Arboliva|Arboliva, L91, M|288/288\n|turn|14\n|\n|t:|1731157037\n|move|p2a: Darkrai|Sludge Bomb|p1a: Arboliva\n|-supereffective|p1a: Arboliva\n|-damage|p1a: Arboliva|142/288\n|-enditem|p1a: Arboliva|Sitrus Berry|[eat]\n|-heal|p1a: Arboliva|214/288|[from] item: Sitrus Berry\n|-damage|p2a: Darkrai|142/234|[from] item: Life Orb\n|move|p1a: Arboliva|Hyper Voice|p2a: Darkrai\n|-damage|p2a: Darkrai|3/234\n|\n|upkeep\n|turn|15\n|\n|t:|1731157058\n|move|p2a: Darkrai|Sludge Bomb|p1a: Arboliva\n|-supereffective|p1a: Arboliva\n|-damage|p1a: Arboliva|71/288\n|-status|p1a: Arboliva|psn\n|-damage|p2a: Darkrai|0 fnt|[from] item: Life Orb\n|faint|p2a: Darkrai\n|move|p1a: Arboliva|Hyper Voice|p2: Darkrai|[notarget]\n|-fail|p1a: Arboliva\n|\n|-damage|p1a: Arboliva|35/288 psn|[from] psn\n|upkeep\n|\n|t:|1731157072\n|switch|p2a: Bellibolt|Bellibolt, L84, F|320/320\n|turn|16\n|\n|t:|1731157078\n|move|p2a: Bellibolt|Thunderbolt|p1a: Arboliva\n|-resisted|p1a: Arboliva\n|-damage|p1a: Arboliva|0 fnt\n|faint|p1a: Arboliva\n|\n|upkeep\n|\n|t:|1731157080\n|switch|p1a: Bellossom|Bellossom, L84, F|263/263\n|turn|17\n|\n|t:|1731157089\n|-terastallize|p1a: Bellossom|Steel\n|move|p1a: Bellossom|Quiver Dance|p1a: Bellossom\n|-boost|p1a: Bellossom|spa|1\n|-boost|p1a: Bellossom|spd|1\n|-boost|p1a: Bellossom|spe|1\n|move|p2a: Bellibolt|Toxic|p1a: Bellossom|[miss]\n|-miss|p2a: Bellibolt|p1a: Bellossom\n|\n|upkeep\n|turn|18\n|\n|t:|1731157095\n|switch|p2a: Sunflora|Sunflora, M|312/312\n|move|p1a: Bellossom|Quiver Dance|p1a: Bellossom\n|-boost|p1a: Bellossom|spa|1\n|-boost|p1a: Bellossom|spd|1\n|-boost|p1a: Bellossom|spe|1\n|\n|upkeep\n|turn|19\n|\n|t:|1731157102\n|move|p1a: Bellossom|Quiver Dance|p1a: Bellossom\n|-boost|p1a: Bellossom|spa|1\n|-boost|p1a: Bellossom|spd|1\n|-boost|p1a: Bellossom|spe|1\n|move|p2a: Sunflora|Earth Power|p1a: Bellossom\n|-supereffective|p1a: Bellossom\n|-damage|p1a: Bellossom|159/263\n|\n|-heal|p1a: Bellossom|175/263|[from] item: Leftovers\n|upkeep\n|turn|20\n|\n|t:|1731157109\n|move|p1a: Bellossom|Giga Drain|p2a: Sunflora\n|-resisted|p2a: Sunflora\n|-damage|p2a: Sunflora|228/312\n|-heal|p1a: Bellossom|217/263|[from] drain|[of] p2a: Sunflora\n|move|p2a: Sunflora|Earth Power|p1a: Bellossom\n|-supereffective|p1a: Bellossom\n|-damage|p1a: Bellossom|105/263\n|\n|-heal|p1a: Bellossom|121/263|[from] item: Leftovers\n|upkeep\n|turn|21\n|\n|t:|1731157120\n|move|p1a: Bellossom|Giga Drain|p2a: Sunflora\n|-resisted|p2a: Sunflora\n|-damage|p2a: Sunflora|147/312\n|-heal|p1a: Bellossom|162/263|[from] drain|[of] p2a: Sunflora\n|move|p2a: Sunflora|Earth Power|p1a: Bellossom\n|-supereffective|p1a: Bellossom\n|-damage|p1a: Bellossom|56/263\n|-unboost|p1a: Bellossom|spd|1\n|\n|-heal|p1a: Bellossom|72/263|[from] item: Leftovers\n|upkeep\n|turn|22\n|\n|t:|1731157125\n|move|p1a: Bellossom|Strength Sap|p2a: Sunflora\n|-unboost|p2a: Sunflora|atk|1\n|-heal|p1a: Bellossom|227/263\n|move|p2a: Sunflora|Earth Power|p1a: Bellossom\n|-supereffective|p1a: Bellossom\n|-damage|p1a: Bellossom|101/263\n|\n|-heal|p1a: Bellossom|117/263|[from] item: Leftovers\n|upkeep\n|turn|23\n|\n|t:|1731157129\n|move|p1a: Bellossom|Giga Drain|p2a: Sunflora\n|-resisted|p2a: Sunflora\n|-damage|p2a: Sunflora|70/312\n|-heal|p1a: Bellossom|156/263|[from] drain|[of] p2a: Sunflora\n|move|p2a: Sunflora|Earth Power|p1a: Bellossom\n|-supereffective|p1a: Bellossom\n|-damage|p1a: Bellossom|14/263\n|\n|-heal|p1a: Bellossom|30/263|[from] item: Leftovers\n|upkeep\n|turn|24\n|\n|t:|1731157135\n|move|p1a: Bellossom|Giga Drain|p2a: Sunflora\n|-resisted|p2a: Sunflora\n|-damage|p2a: Sunflora|0 fnt\n|-heal|p1a: Bellossom|65/263|[from] drain|[of] p2a: Sunflora\n|faint|p2a: Sunflora\n|\n|-heal|p1a: Bellossom|81/263|[from] item: Leftovers\n|upkeep\n|\n|t:|1731157137\n|switch|p2a: Bellibolt|Bellibolt, L84, F|320/320\n|turn|25\n|\n|t:|1731157141\n|-terastallize|p2a: Bellibolt|Electric\n|move|p1a: Bellossom|Strength Sap|p2a: Bellibolt\n|-unboost|p2a: Bellibolt|atk|1\n|-heal|p1a: Bellossom|193/263\n|move|p2a: Bellibolt|Thunderbolt|p1a: Bellossom\n|-damage|p1a: Bellossom|135/263\n|\n|-heal|p1a: Bellossom|151/263|[from] item: Leftovers\n|upkeep\n|turn|26\n|\n|t:|1731157153\n|move|p1a: Bellossom|Quiver Dance|p1a: Bellossom\n|-boost|p1a: Bellossom|spa|1\n|-boost|p1a: Bellossom|spd|1\n|-boost|p1a: Bellossom|spe|1\n|move|p2a: Bellibolt|Thunderbolt|p1a: Bellossom\n|-damage|p1a: Bellossom|99/263\n|\n|-heal|p1a: Bellossom|115/263|[from] item: Leftovers\n|upkeep\n|turn|27\n|\n|t:|1731157157\n|move|p1a: Bellossom|Giga Drain|p2a: Bellibolt\n|-damage|p2a: Bellibolt|71/320\n|-heal|p1a: Bellossom|240/263|[from] drain|[of] p2a: Bellibolt\n|-start|p2a: Bellibolt|Charge|Giga Drain|[from] ability: Electromorphosis\n|move|p2a: Bellibolt|Thunderbolt|p1a: Bellossom\n|-damage|p1a: Bellossom|142/263\n|-end|p2a: Bellibolt|Charge|[silent]\n|\n|-heal|p1a: Bellossom|158/263|[from] item: Leftovers\n|-heal|p2a: Bellibolt|91/320|[from] item: Leftovers\n|upkeep\n|turn|28\n|\n|t:|1731157162\n|move|p1a: Bellossom|Giga Drain|p2a: Bellibolt\n|-damage|p2a: Bellibolt|0 fnt\n|-heal|p1a: Bellossom|204/263|[from] drain|[of] p2a: Bellibolt\n|faint|p2a: Bellibolt\n|\n|win|vegemite360\n|raw|vegemite360's rating: 2236 &rarr; <strong>2255</strong><br />(+19 for winning)\n|raw|membar's rating: 2221 &rarr; <strong>2202</strong><br />(-19 for losing)\n", "inputlog": ">version 6cf2ed9506aaf20327444a00a9388215acbf9fb2\n>start {\"formatid\":\"gen9randombattle\",\"seed\":[33659,13960,22499,32938],\"rated\":\"Rated battle\"}\n>player p1 {\"name\":\"vegemite360\",\"avatar\":\"lance\",\"rating\":2236,\"seed\":[15913,51262,17386,33006]}\n>player p2 {\"name\":\"membar\",\"avatar\":\"janitor\",\"rating\":2221,\"seed\":[46936,45059,57028,36831]}\n>p1 move futuresight\n>p2 switch 2\n>p1 switch 2\n>p2 move knockoff\n>p1 move closecombat\n>p2 move bulletpunch\n>p1 switch 3\n>p2 move bulletpunch\n>p2 switch 3\n>p1 move voltswitch\n>p2 move luminacrash\n>p1 switch 2\n>p1 move sludgebomb\n>p2 move luminacrash\n>p2 switch 5\n>p1 switch 3\n>p2 move nastyplot\n>p1 move behemothblade\n>p2 move darkpulse\n>p1 switch 4\n>p1 move dragondance\n>p2 move darkpulse\n>p1 move outrage\n>p2 switch 2\n>p1 move stoneedge\n>p2 move moonblast\n>p1 switch 2\n>p1 move supercellslam\n>p2 move agility\n>p2 switch 2\n>p1 move voltswitch\n>p2 move darkpulse\n>p1 switch 5\n>p1 move hypervoice\n>p2 move sludgebomb\n>p1 move hypervoice\n>p2 move sludgebomb\n>p2 switch 4\n>p1 move leechseed\n>p2 move thunderbolt\n>p1 switch 6\n>p1 move quiverdance terastallize\n>p2 move toxic\n>p1 move quiverdance\n>p2 switch 6\n>p1 move quiverdance\n>p2 move earthpower\n>p1 move gigadrain\n>p2 move earthpower\n>p1 move gigadrain\n>p2 move earthpower\n>p1 move strengthsap\n>p2 move earthpower\n>p1 move gigadrain\n>p2 move earthpower\n>p1 move gigadrain\n>p2 move earthpower\n>p2 switch 6\n>p1 move strengthsap\n>p2 move thunderbolt terastallize\n>p1 move quiverdance\n>p2 move thunderbolt\n>p1 move gigadrain\n>p2 move thunderbolt\n>p1 move gigadrain\n>p2 move thunderbolt", "uploadtime": 1731157169, "views": 33, "formatid": "gen9randombattle", "rating": 2202, "private": 0, "password": null}