{"id": "gen9randombattle-2259970072", "format": "[Gen 9] Random Battle", "players": ["EsparraGoza", "many99"], "log": "|j|\u203dEsparraGoza\n|j|\u2606many99\n|t:|1733785725\n|gametype|singles\n|player|p1|EsparraGoza|volo|1093\n|player|p2|many99|266|1122\n|teamsize|p1|6\n|teamsize|p2|6\n|gen|9\n|tier|[Gen 9] Random Battle\n|rated|\n|rule|Species Clause: Limit one of each Pok\u00e9mon\n|rule|HP Percentage Mod: HP is shown in percentages\n|rule|Sleep Clause Mod: Limit one foe put to sleep\n|rule|Illusion Level Mod: Illusion disguises the Pok\u00e9mon's true level\n|\n|t:|1733785725\n|start\n|switch|p1a: Spiritomb|Spiritomb, L89, M|234/234\n|switch|p2a: Infernape|Infernape, L82, M|259/259\n|turn|1\n|\n|t:|1733785740\n|move|p1a: Spiritomb|Shadow Sneak|p2a: Infernape\n|-damage|p2a: Infernape|169/259\n|move|p2a: Infernape|Knock Off|p1a: Spiritomb\n|-damage|p1a: Spiritomb|168/234\n|-enditem|p1a: Spiritomb|Choice Band|[from] move: Knock Off|[of] p2a: Infernape\n|-damage|p2a: Infernape|144/259|[from] item: Life Orb\n|\n|upkeep\n|turn|2\n|\n|t:|1733785753\n|switch|p2a: Porygon-Z|Porygon-Z, L83|277/277\n|move|p1a: Spiritomb|Foul Play|p2a: Porygon-Z\n|-damage|p2a: Porygon-Z|192/277\n|\n|upkeep\n|turn|3\n|\n|t:|1733785765\n|switch|p1a: Poliwrath|Poliwrath, L88, F|302/302\n|move|p2a: Porygon-Z|Agility|p2a: Porygon-Z\n|-boost|p2a: Porygon-Z|spe|2\n|\n|upkeep\n|turn|4\n|\n|t:|1733785774\n|move|p2a: Porygon-Z|Nasty Plot|p2a: Porygon-Z\n|-boost|p2a: Porygon-Z|spa|2\n|move|p1a: Poliwrath|Close Combat|p2a: Porygon-Z\n|-supereffective|p2a: Porygon-Z\n|-damage|p2a: Porygon-Z|0 fnt\n|-unboost|p1a: Poliwrath|def|1\n|-unboost|p1a: Poliwrath|spd|1\n|faint|p2a: Porygon-Z\n|\n|upkeep\n|\n|t:|1733785792\n|switch|p2a: Koraidon|Koraidon, L64|235/235\n|-weather|SunnyDay|[from] ability: Orichalcum Pulse|[of] p2a: Koraidon\n|-activate|p2a: Koraidon|Orichalcum Pulse|[source]\n|turn|5\n|\n|t:|1733785810\n|switch|p1a: Minior|Minior-Yellow, L79|224/224\n|-formechange|p1a: Minior|Minior-Meteor||[from] ability: Shields Down\n|move|p2a: Koraidon|Swords Dance|p2a: Koraidon\n|-boost|p2a: Koraidon|atk|2\n|\n|-weather|SunnyDay|[upkeep]\n|upkeep\n|turn|6\n|\n|t:|1733785822\n|move|p2a: Koraidon|Collision Course|p1a: Minior\n|-damage|p1a: Minior|14/224\n|move|p1a: Minior|Acrobatics|p2a: Koraidon\n|-supereffective|p2a: Koraidon\n|-damage|p2a: Koraidon|151/235\n|\n|-weather|SunnyDay|[upkeep]\n|-formechange|p1a: Minior|Minior-Yellow||[from] ability: Shields Down\n|upkeep\n|turn|7\n|\n|t:|1733785842\n|move|p1a: Minior|Acrobatics|p2a: Koraidon\n|-supereffective|p2a: Koraidon\n|-damage|p2a: Koraidon|25/235\n|move|p2a: Koraidon|Collision Course|p1a: Minior\n|-damage|p1a: Minior|0 fnt\n|faint|p1a: Minior\n|\n|-weather|SunnyDay|[upkeep]\n|upkeep\n|\n|t:|1733785855\n|switch|p1a: Meowscarada|Meowscarada, L78, M|247/247\n|turn|8\n|\n|t:|1733785860\n|move|p1a: Meowscarada|Triple Axel|p2a: Koraidon\n|-start|p1a: Meowscarada|typechange|Ice|[from] ability: Protean\n|-supereffective|p2a: Koraidon\n|-damage|p2a: Koraidon|0 fnt\n|faint|p2a: Koraidon\n|-hitcount|p2: Koraidon|1\n|-damage|p1a: Meowscarada|223/247|[from] item: Life Orb\n|\n|-weather|SunnyDay|[upkeep]\n|upkeep\n|\n|t:|1733785870\n|switch|p2a: Infernape|Infernape, L82, M|144/259\n|turn|9\n|\n|t:|1733785876\n|switch|p1a: Poliwrath|Poliwrath, L88, F|302/302\n|move|p2a: Infernape|Overheat|p1a: Poliwrath\n|-resisted|p1a: Poliwrath\n|-damage|p1a: Poliwrath|212/302\n|-unboost|p2a: Infernape|spa|2\n|-damage|p2a: Infernape|119/259|[from] item: Life Orb\n|\n|-weather|none\n|upkeep\n|turn|10\n|\n|t:|1733785889\n|switch|p2a: Articuno|Articuno, L86|295/295\n|-ability|p2a: Articuno|Pressure\n|move|p1a: Poliwrath|Liquidation|p2a: Articuno\n|-damage|p2a: Articuno|210/295\n|-unboost|p2a: Articuno|def|1\n|\n|upkeep\n|turn|11\n|\n|t:|1733785904\n|switch|p1a: Spiritomb|Spiritomb, L89, M|168/234\n|move|p2a: Articuno|Freeze-Dry|p1a: Spiritomb\n|-damage|p1a: Spiritomb|108/234\n|\n|upkeep\n|turn|12\n|\n|t:|1733785916\n|switch|p2a: Bombirdier|Bombirdier, L85, M|258/258\n|move|p1a: Spiritomb|Foul Play|p2a: Bombirdier\n|-resisted|p2a: Bombirdier\n|-damage|p2a: Bombirdier|198/258\n|\n|upkeep\n|turn|13\n|\n|t:|1733785930\n|switch|p1a: Ambipom|Ambipom, L84, F|263/263\n|move|p2a: Bombirdier|Stealth Rock|p1a: Ambipom\n|-sidestart|p1: EsparraGoza|move: Stealth Rock\n|\n|upkeep\n|turn|14\n|\n|t:|1733785938\n|move|p1a: Ambipom|Double-Edge|p2a: Bombirdier\n|-damage|p2a: Bombirdier|42/258\n|-damage|p1a: Ambipom|212/263|[from] Recoil\n|move|p2a: Bombirdier|Brave Bird|p1a: Ambipom\n|-damage|p1a: Ambipom|55/263\n|-damage|p2a: Bombirdier|0 fnt|[from] Recoil\n|faint|p2a: Bombirdier\n|\n|upkeep\n|\n|t:|1733785949\n|switch|p2a: Articuno|Articuno, L86|210/295\n|-ability|p2a: Articuno|Pressure\n|turn|15\n|\n|t:|1733785957\n|move|p1a: Ambipom|Double-Edge|p2a: Articuno\n|-damage|p2a: Articuno|60/295\n|-damage|p1a: Ambipom|5/263|[from] Recoil\n|move|p2a: Articuno|Freeze-Dry|p1a: Ambipom\n|-damage|p1a: Ambipom|0 fnt\n|faint|p1a: Ambipom\n|\n|upkeep\n|\n|t:|1733785961\n|switch|p1a: Jumpluff|Jumpluff, L87, F|271/271\n|-damage|p1a: Jumpluff|204/271|[from] Stealth Rock\n|turn|16\n|\n|t:|1733785970\n|move|p1a: Jumpluff|Acrobatics|p2a: Articuno\n|-damage|p2a: Articuno|0 fnt\n|faint|p2a: Articuno\n|\n|upkeep\n|\n|t:|1733785976\n|switch|p2a: Infernape|Infernape, L82, M|119/259\n|turn|17\n|\n|t:|1733785981\n|move|p1a: Jumpluff|Sleep Powder|p2a: Infernape\n|-status|p2a: Infernape|slp|[from] move: Sleep Powder\n|cant|p2a: Infernape|slp\n|\n|upkeep\n|turn|18\n|-message|many99 forfeited.\n|\n|win|EsparraGoza\n|raw|EsparraGoza's rating: 1093 &rarr; <strong>1121</strong><br />(+28 for winning)\n|raw|many99's rating: 1122 &rarr; <strong>1095</strong><br />(-27 for losing)\n|l|\u2606many99\n|player|p2|\n", "inputlog": ">version bfd83cad13791eb5a5a409923076391caf6fb4d4\n>start {\"formatid\":\"gen9randombattle\",\"seed\":[63487,11543,22638,2299],\"rated\":\"Rated battle\"}\n>player p1 {\"name\":\"EsparraGoza\",\"avatar\":\"volo\",\"rating\":1093,\"seed\":[55192,62941,64449,35493]}\n>player p2 {\"name\":\"many99\",\"avatar\":\"266\",\"rating\":1122,\"seed\":[46863,24662,61937,4860]}\n>p1 move shadowsneak\n>p2 move knockoff\n>p1 move foulplay\n>p2 switch 2\n>p1 switch 4\n>p2 move agility\n>p1 move closecombat\n>p2 move nastyplot\n>p2 switch 3\n>p1 switch 6\n>p2 move swordsdance\n>p1 move acrobatics\n>p2 move collisioncourse\n>p1 move acrobatics\n>p2 move collisioncourse\n>p1 switch 2\n>p1 move tripleaxel\n>p2 move flareblitz\n>p2 switch 2\n>p1 switch 6\n>p2 move overheat\n>p1 move liquidation\n>p2 switch 5\n>p1 switch 4\n>p2 move freezedry\n>p1 move foulplay\n>p2 switch 4\n>p1 switch 3\n>p2 move stealthrock\n>p1 move doubleedge\n>p2 move bravebird\n>p2 switch 4\n>p1 move doubleedge\n>p2 move freezedry\n>p1 switch 5\n>p1 move acrobatics\n>p2 move freezedry\n>p2 switch 5\n>p1 move sleeppowder\n>p2 move overheat\n>forcelose p2", "uploadtime": 1733785991, "views": 9, "formatid": "gen9randombattle", "rating": 1095, "private": 0, "password": null}