{"id": "gen9randombattle-2204997893", "format": "[Gen 9] Random Battle", "players": ["RB2T PTK", "Piyush21"], "log": "|raw|<div class=\"broadcast-blue\"><strong>This battle is required to be public due to a player having a name starting with 'rb2t'.</div>\n|j|\u2606RB2T PTK\n|j|\u2606Piyush21\n|t:|1726744710\n|gametype|singles\n|player|p1|RB2T PTK|265|2303\n|player|p2|Piyush21|#hplivrcb|2294\n|teamsize|p1|6\n|teamsize|p2|6\n|gen|9\n|tier|[Gen 9] Random Battle\n|rated|\n|rule|Species Clause: Limit one of each Pok\u00e9mon\n|rule|HP Percentage Mod: HP is shown in percentages\n|rule|Sleep Clause Mod: Limit one foe put to sleep\n|rule|Illusion Level Mod: Illusion disguises the Pok\u00e9mon's true level\n|\n|t:|1726744710\n|start\n|switch|p1a: Scrafty|Scrafty, L84, M|246/246\n|switch|p2a: Kingambit|Kingambit, L74, F|270/270\n|-ability|p1a: Scrafty|Intimidate|boost\n|-unboost|p2a: Kingambit|atk|1\n|turn|1\n|inactive|Battle timer is ON: inactive players will automatically lose when time's up. (requested by Piyush21)\n|\n|t:|1726744736\n|-end|p2a: Kingambit|fallenundefined|[silent]\n|switch|p2a: Mudsdale|Mudsdale, L84, M|305/305\n|move|p1a: Scrafty|Dragon Dance|p1a: Scrafty\n|-boost|p1a: Scrafty|atk|1\n|-boost|p1a: Scrafty|spe|1\n|\n|upkeep\n|turn|2\n|\n|t:|1726744751\n|move|p1a: Scrafty|Knock Off|p2a: Mudsdale\n|-damage|p2a: Mudsdale|128/305\n|-ability|p2a: Mudsdale|Stamina|boost\n|-boost|p2a: Mudsdale|def|1\n|-enditem|p2a: Mudsdale|Choice Band|[from] move: Knock Off|[of] p1a: Scrafty\n|-damage|p1a: Scrafty|222/246|[from] item: Life Orb\n|move|p2a: Mudsdale|Earthquake|p1a: Scrafty\n|-damage|p1a: Scrafty|114/246\n|\n|upkeep\n|turn|3\n|\n|t:|1726744759\n|move|p1a: Scrafty|Close Combat|p2a: Mudsdale\n|-damage|p2a: Mudsdale|0 fnt\n|-unboost|p1a: Scrafty|def|1\n|-unboost|p1a: Scrafty|spd|1\n|faint|p2a: Mudsdale\n|-damage|p1a: Scrafty|90/246|[from] item: Life Orb\n|\n|upkeep\n|\n|t:|1726744764\n|switch|p2a: Scyther|Scyther, L82, M|249/249\n|turn|4\n|\n|t:|1726744774\n|switch|p1a: Raikou|Raikou, L81|278/278\n|-ability|p1a: Raikou|Pressure\n|move|p2a: Scyther|Dual Wingbeat|p1a: Raikou\n|-resisted|p1a: Raikou\n|-damage|p1a: Raikou|236/278\n|-resisted|p1a: Raikou\n|-damage|p1a: Raikou|194/278\n|-hitcount|p1a: Raikou|2\n|\n|upkeep\n|turn|5\n|j| StfuAbtBeingUnluky\n|\n|t:|1726744783\n|switch|p2a: Regice|Regice, L88|284/284\n|move|p1a: Raikou|Scald|p2a: Regice\n|-damage|p2a: Regice|238/284\n|\n|upkeep\n|turn|6\n|l| StfuAbtBeingUnluky\n|\n|t:|1726744804\n|switch|p1a: Palafin|Palafin, L77, M|281/281\n|move|p2a: Regice|Ice Beam|p1a: Palafin\n|-resisted|p1a: Palafin\n|-damage|p1a: Palafin|207/281\n|\n|-heal|p1a: Palafin|224/281|[from] item: Leftovers\n|upkeep\n|turn|7\n|\n|t:|1726744830\n|detailschange|p1a: Palafin|Palafin-Hero, L77, M\n|switch|p1a: Raikou|Raikou, L81|194/278\n|-ability|p1a: Raikou|Pressure\n|move|p2a: Regice|Ice Beam|p1a: Raikou\n|-damage|p1a: Raikou|91/278\n|\n|upkeep\n|turn|8\n|\n|t:|1726744839\n|move|p1a: Raikou|Volt Switch|p2a: Regice\n|-damage|p2a: Regice|180/284\n|\n|t:|1726744845\n|switch|p1a: Palafin|Palafin-Hero, L77, M|224/281|[from] Volt Switch\n|-activate|p1a: Palafin|ability: Zero to Hero\n|move|p2a: Regice|Ice Beam|p1a: Palafin\n|-resisted|p1a: Palafin\n|-damage|p1a: Palafin|167/281\n|\n|-heal|p1a: Palafin|184/281|[from] item: Leftovers\n|upkeep\n|turn|9\n|\n|t:|1726744853\n|move|p1a: Palafin|Close Combat|p2a: Regice\n|-supereffective|p2a: Regice\n|-damage|p2a: Regice|0 fnt\n|-unboost|p1a: Palafin|def|1\n|-unboost|p1a: Palafin|spd|1\n|faint|p2a: Regice\n|\n|-heal|p1a: Palafin|201/281|[from] item: Leftovers\n|upkeep\n|\n|t:|1726744875\n|switch|p2a: Scyther|Scyther, L82, M|249/249\n|turn|10\n|\n|t:|1726744881\n|switch|p1a: Dondozo|Dondozo, L78, F|362/362\n|move|p2a: Scyther|Dual Wingbeat|p1a: Dondozo\n|-damage|p1a: Dondozo|304/362\n|-damage|p1a: Dondozo|249/362\n|-hitcount|p1a: Dondozo|2\n|\n|-heal|p1a: Dondozo|271/362|[from] item: Leftovers\n|upkeep\n|turn|11\n|\n|t:|1726744886\n|switch|p2a: Passimian|Passimian, L83, F|302/302\n|move|p1a: Dondozo|Wave Crash|p2a: Passimian\n|-damage|p2a: Passimian|181/302\n|-damage|p1a: Dondozo|231/362|[from] Recoil\n|\n|-heal|p1a: Dondozo|253/362|[from] item: Leftovers\n|upkeep\n|turn|12\n|\n|t:|1726744899\n|move|p2a: Passimian|Close Combat|p1a: Dondozo\n|-crit|p1a: Dondozo\n|-damage|p1a: Dondozo|0 fnt\n|-unboost|p2a: Passimian|def|1\n|-unboost|p2a: Passimian|spd|1\n|faint|p1a: Dondozo\n|\n|upkeep\n|\n|t:|1726744911\n|switch|p1a: Raikou|Raikou, L81|91/278\n|-ability|p1a: Raikou|Pressure\n|turn|13\n|\n|t:|1726744924\n|switch|p2a: Archaludon|Archaludon, L78, M|268/268\n|move|p1a: Raikou|Thunderbolt|p2a: Archaludon\n|-resisted|p2a: Archaludon\n|-damage|p2a: Archaludon|164/268\n|-ability|p2a: Archaludon|Stamina|boost\n|-boost|p2a: Archaludon|def|1\n|\n|upkeep\n|turn|14\n|j| nelsoNJ\n|\n|t:|1726744949\n|switch|p1a: Porygon-Z|Porygon-Z, L83|277/277\n|move|p2a: Archaludon|Outrage|p1a: Porygon-Z\n|-damage|p1a: Porygon-Z|139/277\n|\n|upkeep\n|turn|15\n|\n|t:|1726744956\n|move|p1a: Porygon-Z|Ice Beam|p2a: Archaludon\n|-damage|p2a: Archaludon|8/268\n|-ability|p2a: Archaludon|Stamina|boost\n|-boost|p2a: Archaludon|def|1\n|move|p2a: Archaludon|Outrage|p1a: Porygon-Z|[from]lockedmove\n|-damage|p1a: Porygon-Z|1/277\n|\n|upkeep\n|turn|16\n|\n|t:|1726744960\n|move|p1a: Porygon-Z|Ice Beam|p2a: Archaludon\n|-damage|p2a: Archaludon|0 fnt\n|faint|p2a: Archaludon\n|\n|upkeep\n|\n|t:|1726744961\n|switch|p2a: Kingambit|Kingambit, L74, F|270/270\n|-activate|p2a: Kingambit|ability: Supreme Overlord\n|-start|p2a: Kingambit|fallen3|[silent]\n|turn|17\n|\n|t:|1726744965\n|move|p1a: Porygon-Z|Ice Beam|p2a: Kingambit\n|-resisted|p2a: Kingambit\n|-damage|p2a: Kingambit|198/270\n|move|p2a: Kingambit|Swords Dance|p2a: Kingambit\n|-boost|p2a: Kingambit|atk|2\n|\n|-heal|p2a: Kingambit|214/270|[from] item: Leftovers\n|upkeep\n|turn|18\n|\n|t:|1726744970\n|move|p1a: Porygon-Z|Ice Beam|p2a: Kingambit\n|-resisted|p2a: Kingambit\n|-damage|p2a: Kingambit|138/270\n|move|p2a: Kingambit|Swords Dance|p2a: Kingambit\n|-boost|p2a: Kingambit|atk|2\n|\n|-heal|p2a: Kingambit|154/270|[from] item: Leftovers\n|upkeep\n|turn|19\n|\n|t:|1726744975\n|move|p2a: Kingambit|Sucker Punch|p1a: Porygon-Z\n|-damage|p1a: Porygon-Z|0 fnt\n|faint|p1a: Porygon-Z\n|\n|-heal|p2a: Kingambit|170/270|[from] item: Leftovers\n|upkeep\n|\n|t:|1726744977\n|switch|p1a: Scrafty|Scrafty, L84, M|90/246\n|-ability|p1a: Scrafty|Intimidate|boost\n|-unboost|p2a: Kingambit|atk|1\n|turn|20\n|\n|t:|1726744989\n|-terastallize|p2a: Kingambit|Flying\n|move|p1a: Scrafty|Close Combat|p2a: Kingambit\n|-resisted|p2a: Kingambit\n|-damage|p2a: Kingambit|105/270\n|-unboost|p1a: Scrafty|def|1\n|-unboost|p1a: Scrafty|spd|1\n|-damage|p1a: Scrafty|66/246|[from] item: Life Orb\n|move|p2a: Kingambit|Iron Head|p1a: Scrafty\n|-damage|p1a: Scrafty|0 fnt\n|faint|p1a: Scrafty\n|\n|-heal|p2a: Kingambit|121/270|[from] item: Leftovers\n|upkeep\n|\n|t:|1726745000\n|switch|p1a: Electrode|Electrode-Hisui, L87|246/246\n|turn|21\n|\n|t:|1726745016\n|move|p1a: Electrode|Thunder Wave|p2a: Kingambit\n|-status|p2a: Kingambit|par\n|move|p2a: Kingambit|Kowtow Cleave|p1a: Electrode\n|-damage|p1a: Electrode|0 fnt\n|faint|p1a: Electrode\n|\n|-heal|p2a: Kingambit|137/270 par|[from] item: Leftovers\n|upkeep\n|\n|t:|1726745019\n|switch|p1a: Palafin|Palafin-Hero, L77, M|201/281\n|turn|22\n|\n|t:|1726745027\n|move|p1a: Palafin|Bulk Up|p1a: Palafin\n|-boost|p1a: Palafin|atk|1\n|-boost|p1a: Palafin|def|1\n|move|p2a: Kingambit|Kowtow Cleave|p1a: Palafin\n|-damage|p1a: Palafin|0 fnt\n|faint|p1a: Palafin\n|\n|-heal|p2a: Kingambit|153/270 par|[from] item: Leftovers\n|upkeep\n|\n|t:|1726745034\n|switch|p1a: Raikou|Raikou, L81|91/278\n|-ability|p1a: Raikou|Pressure\n|turn|23\n|\n|t:|1726745040\n|move|p2a: Kingambit|Sucker Punch|p1a: Raikou\n|-damage|p1a: Raikou|0 fnt\n|faint|p1a: Raikou\n|\n|win|Piyush21\n|raw|RB2T PTK's rating: 2303 &rarr; <strong>2282</strong><br />(-21 for losing)\n|raw|Piyush21's rating: 2294 &rarr; <strong>2315</strong><br />(+21 for winning)\n", "inputlog": ">version ddf5848a381b6afa3b8db755b9bdef59b522c4eb\n>start {\"formatid\":\"gen9randombattle\",\"seed\":[43132,39080,61176,14290],\"rated\":\"Rated battle\"}\n>player p1 {\"name\":\"RB2T PTK\",\"avatar\":\"265\",\"rating\":2303,\"seed\":[8714,50519,22345,7412]}\n>player p2 {\"name\":\"Piyush21\",\"avatar\":\"#hplivrcb\",\"rating\":2294,\"seed\":[63996,46136,34121,46911]}\n>p1 move dragondance\n>p2 switch 2\n>p1 move knockoff\n>p2 move earthquake\n>p1 move closecombat\n>p2 move bodypress\n>p2 switch 5\n>p1 switch 3\n>p2 move dualwingbeat\n>p1 move scald\n>p2 switch 4\n>p1 switch 5\n>p2 move icebeam\n>p1 switch 5\n>p2 move icebeam\n>p1 move voltswitch\n>p2 move icebeam\n>p1 switch 5\n>p1 move closecombat\n>p2 move thunderbolt\n>p2 switch 4\n>p1 switch 6\n>p2 move dualwingbeat\n>p1 move wavecrash\n>p2 switch 6\n>p1 move rest\n>p2 move closecombat\n>p1 switch 5\n>p1 move thunderbolt\n>p2 switch 3\n>p1 switch 2\n>p2 move outrage\n>p1 move icebeam\n>p2 move outrage\n>p1 move icebeam\n>p2 move outrage\n>p2 switch 2\n>p1 move icebeam\n>p2 move swordsdance\n>p1 move icebeam\n>p2 move swordsdance\n>p1 move icebeam\n>p2 move suckerpunch\n>p1 switch 3\n>p1 move closecombat\n>p2 move ironhead terastallize\n>p1 switch 4\n>p1 move thunderwave\n>p2 move kowtowcleave\n>p1 switch 6\n>p1 move bulkup\n>p2 move kowtowcleave\n>p1 switch 2\n>p1 move thunderbolt\n>p2 move suckerpunch", "uploadtime": 1726745042, "views": 93, "formatid": "gen9randombattle", "rating": 2282, "private": 0, "password": null}