{"id": "gen9randombattle-2260581188", "format": "[Gen 9] Random Battle", "players": ["xValk_", "Muk Muk Goodra"], "log": "|j|\u2606xValk_\n|j|\u2606Muk Muk Goodra\n|t:|1733865797\n|gametype|singles\n|player|p1|xValk_|ltsurge|1879\n|player|p2|Muk Muk Goodra|265|1880\n|teamsize|p1|6\n|teamsize|p2|6\n|gen|9\n|tier|[Gen 9] Random Battle\n|rated|\n|rule|Species Clause: Limit one of each Pok\u00e9mon\n|rule|HP Percentage Mod: HP is shown in percentages\n|rule|Sleep Clause Mod: Limit one foe put to sleep\n|rule|Illusion Level Mod: Illusion disguises the Pok\u00e9mon's true level\n|\n|t:|1733865797\n|start\n|switch|p1a: Klawf|Klawf, L90, M|272/272\n|switch|p2a: Suicune|Suicune, L82|298/298\n|-ability|p2a: Suicune|Pressure\n|turn|1\n|inactive|Battle timer is ON: inactive players will automatically lose when time's up. (requested by Muk Muk Goodra)\n|\n|t:|1733865825\n|switch|p1a: Serperior|Serperior, L79, F|248/248\n|move|p2a: Suicune|Calm Mind|p2a: Suicune\n|-boost|p2a: Suicune|spa|1\n|-boost|p2a: Suicune|spd|1\n|\n|upkeep\n|turn|2\n|\n|t:|1733865835\n|switch|p2a: Yanmega|Yanmega, L82, M|275/275\n|move|p1a: Serperior|Glare|p2a: Yanmega\n|-status|p2a: Yanmega|par\n|\n|upkeep\n|turn|3\n|inactive|xValk_ has 120 seconds left.\n|inactive|xValk_ has 90 seconds left.\n|\n|t:|1733865916\n|switch|p1a: Klawf|Klawf, L90, M|272/272\n|move|p2a: Yanmega|U-turn|p1a: Klawf\n|-damage|p1a: Klawf|226/272\n|\n|t:|1733865934\n|switch|p2a: Suicune|Suicune, L82|298/298|[from] U-turn\n|-ability|p2a: Suicune|Pressure\n|\n|upkeep\n|turn|4\n|\n|t:|1733865958\n|move|p2a: Suicune|Calm Mind|p2a: Suicune\n|-boost|p2a: Suicune|spa|1\n|-boost|p2a: Suicune|spd|1\n|move|p1a: Klawf|Stealth Rock|p2a: Suicune\n|-sidestart|p2: Muk Muk Goodra|move: Stealth Rock\n|\n|upkeep\n|turn|5\n|\n|t:|1733865963\n|switch|p1a: Serperior|Serperior, L79, F|248/248\n|move|p2a: Suicune|Scald|p1a: Serperior\n|-resisted|p1a: Serperior\n|-damage|p1a: Serperior|192/248\n|\n|upkeep\n|turn|6\n|\n|t:|1733865975\n|move|p1a: Serperior|Leaf Storm|p2a: Suicune\n|-supereffective|p2a: Suicune\n|-damage|p2a: Suicune|150/298\n|-boost|p1a: Serperior|spa|2\n|-damage|p1a: Serperior|168/248|[from] item: Life Orb\n|move|p2a: Suicune|Calm Mind|p2a: Suicune\n|-boost|p2a: Suicune|spa|1\n|-boost|p2a: Suicune|spd|1\n|\n|-heal|p2a: Suicune|168/298|[from] item: Leftovers\n|upkeep\n|turn|7\n|\n|t:|1733866000\n|switch|p2a: Yanmega|Yanmega, L82, M|275/275 par\n|-damage|p2a: Yanmega|138/275 par|[from] Stealth Rock\n|move|p1a: Serperior|Leaf Storm|p2a: Yanmega\n|-resisted|p2a: Yanmega\n|-crit|p2a: Yanmega\n|-damage|p2a: Yanmega|12/275 par\n|-boost|p1a: Serperior|spa|2\n|-damage|p1a: Serperior|144/248|[from] item: Life Orb\n|\n|upkeep\n|turn|8\n|inactive|xValk_ has 90 seconds left.\n|\n|t:|1733866022\n|move|p1a: Serperior|Leaf Storm|p2a: Yanmega\n|-resisted|p2a: Yanmega\n|-damage|p2a: Yanmega|0 fnt\n|-boost|p1a: Serperior|spa|2\n|faint|p2a: Yanmega\n|-damage|p1a: Serperior|120/248|[from] item: Life Orb\n|\n|upkeep\n|inactive|Muk Muk Goodra has 120 seconds left.\n|\n|t:|1733866046\n|switch|p2a: Inteleon|Inteleon, L81, M|246/246\n|-damage|p2a: Inteleon|216/246|[from] Stealth Rock\n|turn|9\n|\n|t:|1733866063\n|move|p2a: Inteleon|U-turn|p1a: Serperior\n|-supereffective|p1a: Serperior\n|-damage|p1a: Serperior|34/248\n|inactive|Muk Muk Goodra has 120 seconds left.\n|\n|t:|1733866077\n|switch|p2a: Victreebel|Victreebel, L90, M|290/290|[from] U-turn\n|-damage|p2a: Victreebel|254/290|[from] Stealth Rock\n|move|p1a: Serperior|Glare|p2a: Victreebel\n|-status|p2a: Victreebel|par\n|\n|upkeep\n|turn|10\n|\n|t:|1733866083\n|move|p2a: Victreebel|Sucker Punch||[still]\n|-fail|p2a: Victreebel\n|move|p1a: Serperior|Synthesis|p1a: Serperior\n|-heal|p1a: Serperior|158/248\n|\n|upkeep\n|turn|11\n|\n|t:|1733866089\n|move|p1a: Serperior|Dragon Pulse|p2a: Victreebel\n|-damage|p2a: Victreebel|0 fnt\n|faint|p2a: Victreebel\n|-damage|p1a: Serperior|134/248|[from] item: Life Orb\n|\n|upkeep\n|\n|t:|1733866093\n|switch|p2a: Inteleon|Inteleon, L81, M|216/246\n|-damage|p2a: Inteleon|186/246|[from] Stealth Rock\n|turn|12\n|\n|t:|1733866111\n|move|p2a: Inteleon|Ice Beam|p1a: Serperior\n|-supereffective|p1a: Serperior\n|-damage|p1a: Serperior|0 fnt\n|faint|p1a: Serperior\n|\n|upkeep\n|\n|t:|1733866117\n|switch|p1a: Klawf|Klawf, L90, M|272/272\n|turn|13\n|\n|t:|1733866124\n|switch|p2a: Suicune|Suicune, L82|168/298\n|-damage|p2a: Suicune|131/298|[from] Stealth Rock\n|-ability|p2a: Suicune|Pressure\n|move|p1a: Klawf|Stone Edge|p2a: Suicune\n|-damage|p2a: Suicune|0 fnt\n|faint|p2a: Suicune\n|-damage|p1a: Klawf|245/272|[from] item: Life Orb\n|\n|upkeep\n|\n|t:|1733866129\n|switch|p2a: Inteleon|Inteleon, L81, M|186/246\n|-damage|p2a: Inteleon|156/246|[from] Stealth Rock\n|turn|14\n|\n|t:|1733866133\n|move|p2a: Inteleon|Scald|p1a: Klawf\n|-supereffective|p1a: Klawf\n|-damage|p1a: Klawf|0 fnt\n|faint|p1a: Klawf\n|\n|upkeep\n|\n|t:|1733866136\n|switch|p1a: Gengar|Gengar, L81, M|230/230\n|turn|15\n|\n|t:|1733866142\n|move|p2a: Inteleon|Scald|p1a: Gengar\n|-damage|p1a: Gengar|64/230\n|-start|p2a: Inteleon|Disable|Scald|[from] ability: Cursed Body|[of] p1a: Gengar\n|move|p1a: Gengar|Sludge Wave|p2a: Inteleon\n|-damage|p2a: Inteleon|0 fnt\n|faint|p2a: Inteleon\n|-damage|p1a: Gengar|41/230|[from] item: Life Orb\n|\n|upkeep\n|\n|t:|1733866153\n|switch|p2a: Kingambit|Kingambit, L74, M|270/270\n|-damage|p2a: Kingambit|254/270|[from] Stealth Rock\n|-activate|p2a: Kingambit|ability: Supreme Overlord\n|-start|p2a: Kingambit|fallen4|[silent]\n|turn|16\n|\n|t:|1733866177\n|move|p1a: Gengar|Will-O-Wisp|p2a: Kingambit|[miss]\n|-miss|p1a: Gengar|p2a: Kingambit\n|move|p2a: Kingambit|Swords Dance|p2a: Kingambit\n|-boost|p2a: Kingambit|atk|2\n|\n|-heal|p2a: Kingambit|270/270|[from] item: Leftovers\n|upkeep\n|turn|17\n|\n|t:|1733866186\n|move|p1a: Gengar|Encore|p2a: Kingambit\n|-start|p2a: Kingambit|Encore\n|move|p2a: Kingambit|Swords Dance|p2a: Kingambit\n|-boost|p2a: Kingambit|atk|2\n|\n|upkeep\n|turn|18\n|\n|t:|1733866198\n|-end|p2a: Kingambit|fallen4|[silent]\n|switch|p2a: Chimecho|Chimecho, L93, F|290/290\n|-damage|p2a: Chimecho|254/290|[from] Stealth Rock\n|move|p1a: Gengar|Will-O-Wisp|p2a: Chimecho\n|-status|p2a: Chimecho|brn\n|\n|-heal|p2a: Chimecho|272/290 brn|[from] item: Leftovers\n|-damage|p2a: Chimecho|254/290 brn|[from] brn\n|upkeep\n|turn|19\n|\n|t:|1733866203\n|move|p1a: Gengar|Shadow Ball|p2a: Chimecho\n|-supereffective|p2a: Chimecho\n|-damage|p2a: Chimecho|10/290 brn\n|-unboost|p2a: Chimecho|spd|1\n|-damage|p1a: Gengar|18/230|[from] item: Life Orb\n|move|p2a: Chimecho|Psyshock|p1a: Gengar\n|-supereffective|p1a: Gengar\n|-damage|p1a: Gengar|0 fnt\n|faint|p1a: Gengar\n|\n|-heal|p2a: Chimecho|28/290 brn|[from] item: Leftovers\n|-damage|p2a: Chimecho|10/290 brn|[from] brn\n|upkeep\n|\n|t:|1733866213\n|switch|p1a: Hawlucha|Hawlucha, L80, F|256/256\n|turn|20\n|\n|t:|1733866219\n|move|p1a: Hawlucha|Close Combat|p2a: Chimecho\n|-resisted|p2a: Chimecho\n|-damage|p2a: Chimecho|0 fnt\n|-unboost|p1a: Hawlucha|def|1\n|-unboost|p1a: Hawlucha|spd|1\n|-enditem|p1a: Hawlucha|White Herb\n|-clearnegativeboost|p1a: Hawlucha|[silent]\n|faint|p2a: Chimecho\n|\n|upkeep\n|\n|t:|1733866222\n|switch|p2a: Kingambit|Kingambit, L74, M|270/270\n|-damage|p2a: Kingambit|254/270|[from] Stealth Rock\n|-activate|p2a: Kingambit|ability: Supreme Overlord\n|-start|p2a: Kingambit|fallen5|[silent]\n|turn|21\n|\n|t:|1733866230\n|-terastallize|p2a: Kingambit|Flying\n|move|p1a: Hawlucha|Swords Dance|p1a: Hawlucha\n|-boost|p1a: Hawlucha|atk|2\n|move|p2a: Kingambit|Swords Dance|p2a: Kingambit\n|-boost|p2a: Kingambit|atk|2\n|\n|-heal|p2a: Kingambit|270/270|[from] item: Leftovers\n|upkeep\n|turn|22\n|\n|t:|1733866238\n|move|p1a: Hawlucha|Acrobatics|p2a: Kingambit\n|-damage|p2a: Kingambit|99/270\n|move|p2a: Kingambit|Iron Head|p1a: Hawlucha\n|-damage|p1a: Hawlucha|0 fnt\n|faint|p1a: Hawlucha\n|\n|-heal|p2a: Kingambit|115/270|[from] item: Leftovers\n|upkeep\n|\n|t:|1733866247\n|switch|p1a: Mabosstiff|Mabosstiff, L86, F|278/278\n|turn|23\n|\n|t:|1733866257\n|move|p1a: Mabosstiff|Crunch|p2a: Kingambit\n|-damage|p2a: Kingambit|0 fnt\n|faint|p2a: Kingambit\n|-end|p2a: Kingambit|fallen5|[silent]\n|\n|win|xValk_\n|raw|xValk_'s rating: 1879 &rarr; <strong>1899</strong><br />(+20 for winning)\n|raw|Muk Muk Goodra's rating: 1880 &rarr; <strong>1860</strong><br />(-20 for losing)\n|l|\u2606xValk_\n|player|p1|\n", "inputlog": ">version bfd83cad13791eb5a5a409923076391caf6fb4d4\n>start {\"formatid\":\"gen9randombattle\",\"seed\":[29381,37237,50584,30620],\"rated\":\"Rated battle\"}\n>player p1 {\"name\":\"xValk_\",\"avatar\":\"ltsurge\",\"rating\":1879,\"seed\":[35114,58025,30750,37451]}\n>player p2 {\"name\":\"Muk Muk Goodra\",\"avatar\":\"265\",\"rating\":1880,\"seed\":[25621,19114,7458,35377]}\n>p1 switch 6\n>p2 move calmmind\n>p1 move glare\n>p2 switch 4\n>p1 switch 6\n>p2 move uturn\n>p2 switch 4\n>p1 move stealthrock\n>p2 move calmmind\n>p1 switch 6\n>p2 move scald\n>p1 move leafstorm\n>p2 move calmmind\n>p1 move leafstorm\n>p2 switch 4\n>p1 move leafstorm\n>p2 move bugbuzz\n>p2 switch 3\n>p1 move glare\n>p2 move uturn\n>p2 switch 5\n>p1 move synthesis\n>p2 move suckerpunch\n>p1 move dragonpulse\n>p2 move poisonjab\n>p2 switch 5\n>p1 move dragonpulse\n>p2 move icebeam\n>p1 switch 6\n>p1 move stoneedge\n>p2 switch 4\n>p2 switch 4\n>p1 move knockoff\n>p2 move scald\n>p1 switch 5\n>p1 move sludgewave\n>p2 move scald\n>p2 switch 6\n>p1 move willowisp\n>p2 move swordsdance\n>p1 move encore\n>p2 move swordsdance\n>p1 move willowisp\n>p2 switch 2\n>p1 move shadowball\n>p2 move psyshock\n>p1 switch 2\n>p1 move closecombat\n>p2 move psyshock\n>p2 switch 2\n>p1 move swordsdance\n>p2 move swordsdance terastallize\n>p1 move acrobatics\n>p2 move ironhead\n>p1 switch 4\n>p1 move crunch\n>p2 move ironhead", "uploadtime": 1733866261, "views": 1, "formatid": "gen9randombattle", "rating": 1860, "private": 0, "password": null}