{"id": "gen9randombattle-2259917213", "format": "[Gen 9] Random Battle", "players": ["village34", "Sceptikenx"], "log": "|j|\u2606village34\n|j|\u2606Sceptikenx\n|t:|1733779733\n|gametype|singles\n|player|p1|village34|102|1262\n|player|p2|Sceptikenx|1|1314\n|teamsize|p1|6\n|teamsize|p2|6\n|gen|9\n|tier|[Gen 9] Random Battle\n|rated|\n|rule|Species Clause: Limit one of each Pok\u00e9mon\n|rule|HP Percentage Mod: HP is shown in percentages\n|rule|Sleep Clause Mod: Limit one foe put to sleep\n|rule|Illusion Level Mod: Illusion disguises the Pok\u00e9mon's true level\n|\n|t:|1733779733\n|start\n|switch|p1a: Lokix|Lokix, L82, M|251/251\n|switch|p2a: Dudunsparce|Dudunsparce, L83, F|343/343\n|turn|1\n|\n|t:|1733779753\n|move|p1a: Lokix|First Impression|p2a: Dudunsparce\n|-damage|p2a: Dudunsparce|211/343\n|-ability|p2a: Dudunsparce|Rattled|boost\n|-boost|p2a: Dudunsparce|spe|1\n|move|p2a: Dudunsparce|Calm Mind|p2a: Dudunsparce\n|-boost|p2a: Dudunsparce|spa|1\n|-boost|p2a: Dudunsparce|spd|1\n|\n|-heal|p2a: Dudunsparce|232/343|[from] item: Leftovers\n|upkeep\n|turn|2\n|\n|t:|1733779762\n|move|p2a: Dudunsparce|Calm Mind|p2a: Dudunsparce\n|-boost|p2a: Dudunsparce|spa|1\n|-boost|p2a: Dudunsparce|spd|1\n|move|p1a: Lokix|Knock Off|p2a: Dudunsparce\n|-damage|p2a: Dudunsparce|112/343\n|-ability|p2a: Dudunsparce|Rattled|boost\n|-boost|p2a: Dudunsparce|spe|1\n|-enditem|p2a: Dudunsparce|Leftovers|[from] move: Knock Off|[of] p1a: Lokix\n|\n|upkeep\n|turn|3\n|\n|t:|1733779795\n|move|p1a: Lokix|Sucker Punch|p2a: Dudunsparce\n|-damage|p2a: Dudunsparce|34/343\n|-ability|p2a: Dudunsparce|Rattled|boost\n|-boost|p2a: Dudunsparce|spe|1\n|move|p2a: Dudunsparce|Boomburst|p1a: Lokix\n|-damage|p1a: Lokix|0 fnt\n|faint|p1a: Lokix\n|\n|upkeep\n|\n|t:|1733779816\n|switch|p1a: Maushold|Maushold, L76|238/238\n|turn|4\n|\n|t:|1733779826\n|-terastallize|p1a: Maushold|Ghost\n|move|p2a: Dudunsparce|Boomburst|p1a: Maushold\n|-immune|p1a: Maushold\n|move|p1a: Maushold|Encore|p2a: Dudunsparce\n|-start|p2a: Dudunsparce|Encore\n|\n|upkeep\n|turn|5\n|\n|t:|1733779837\n|switch|p2a: Veluza|Veluza, L85, M|292/292\n|move|p1a: Maushold|Tidy Up|p1a: Maushold\n|-boost|p1a: Maushold|atk|1\n|-boost|p1a: Maushold|spe|1\n|\n|upkeep\n|turn|6\n|c|\u2606village34|Played\n|\n|t:|1733779852\n|move|p1a: Maushold|Population Bomb|p2a: Veluza\n|-crit|p2a: Veluza\n|-damage|p2a: Veluza|237/292\n|-damage|p2a: Veluza|201/292\n|-damage|p2a: Veluza|162/292\n|-damage|p2a: Veluza|126/292\n|-enditem|p2a: Veluza|Sitrus Berry|[eat]\n|-heal|p2a: Veluza|199/292|[from] item: Sitrus Berry\n|-damage|p2a: Veluza|162/292\n|-damage|p2a: Veluza|125/292\n|-damage|p2a: Veluza|89/292\n|-damage|p2a: Veluza|52/292\n|-damage|p2a: Veluza|18/292\n|-damage|p2a: Veluza|0 fnt\n|faint|p2a: Veluza\n|-hitcount|p2: Veluza|10\n|\n|upkeep\n|\n|t:|1733779856\n|switch|p2a: Dudunsparce|Dudunsparce, L83, F|34/343\n|turn|7\n|\n|t:|1733779878\n|-terastallize|p2a: Dudunsparce|Ghost\n|move|p1a: Maushold|Bite|p2a: Dudunsparce\n|-supereffective|p2a: Dudunsparce\n|-damage|p2a: Dudunsparce|0 fnt\n|faint|p2a: Dudunsparce\n|\n|upkeep\n|c|\u2606village34|Played\n|c|\u2606Sceptikenx|Well played\n|c|\u2606village34|Thank you\n|c|\u2606Sceptikenx|Bro no need to be rude\n|\n|t:|1733779901\n|switch|p2a: Reshiram|Reshiram, L76|277/277\n|-ability|p2a: Reshiram|Turboblaze\n|turn|8\n|\n|t:|1733779905\n|move|p1a: Maushold|Population Bomb|p2a: Reshiram\n|-damage|p2a: Reshiram|241/277\n|-damage|p2a: Reshiram|205/277\n|-damage|p2a: Reshiram|174/277\n|-damage|p2a: Reshiram|141/277\n|-crit|p2a: Reshiram\n|-damage|p2a: Reshiram|89/277\n|-damage|p2a: Reshiram|58/277\n|-damage|p2a: Reshiram|25/277\n|-hitcount|p2a: Reshiram|7\n|move|p2a: Reshiram|Outrage|p1a: Maushold\n|-damage|p1a: Maushold|88/238\n|\n|upkeep\n|turn|9\n|\n|t:|1733779919\n|move|p1a: Maushold|Bite|p2a: Reshiram\n|-damage|p2a: Reshiram|0 fnt\n|faint|p2a: Reshiram\n|\n|upkeep\n|\n|t:|1733779922\n|switch|p2a: Flamigo|Flamigo, L82, F|269/269\n|turn|10\n|\n|t:|1733779926\n|move|p1a: Maushold|Population Bomb|p2a: Flamigo\n|-crit|p2a: Flamigo\n|-damage|p2a: Flamigo|214/269\n|-crit|p2a: Flamigo\n|-damage|p2a: Flamigo|162/269\n|-damage|p2a: Flamigo|126/269\n|-damage|p2a: Flamigo|86/269\n|-damage|p2a: Flamigo|49/269\n|-damage|p2a: Flamigo|13/269\n|-damage|p2a: Flamigo|0 fnt\n|faint|p2a: Flamigo\n|-hitcount|p2: Flamigo|7\n|\n|upkeep\n|\n|t:|1733779929\n|switch|p2a: Lurantis|Lurantis, L87, M|264/264\n|turn|11\n|\n|t:|1733779942\n|move|p1a: Maushold|Population Bomb|p2a: Lurantis\n|-damage|p2a: Lurantis|231/264\n|-damage|p2a: Lurantis|200/264\n|-damage|p2a: Lurantis|170/264\n|-damage|p2a: Lurantis|136/264\n|-damage|p2a: Lurantis|102/264\n|-crit|p2a: Lurantis\n|-damage|p2a: Lurantis|57/264\n|-damage|p2a: Lurantis|26/264\n|-damage|p2a: Lurantis|0 fnt\n|faint|p2a: Lurantis\n|-hitcount|p2: Lurantis|8\n|\n|upkeep\n|c|\u2606village34|You're right I apologise\n|c|\u2606village34|Too used to toxic back and forth on this. My apologies\n|inactive|Battle timer is ON: inactive players will automatically lose when time's up. (requested by village34)\n|\n|t:|1733780015\n|switch|p2a: Moltres|Moltres, L81|278/278\n|turn|12\n|\n|t:|1733780022\n|move|p1a: Maushold|Population Bomb|p2a: Moltres\n|-damage|p2a: Moltres|244/278\n|-damage|p2a: Moltres|210/278\n|-damage|p2a: Moltres|174/278\n|-status|p1a: Maushold|brn|[from] ability: Flame Body|[of] p2a: Moltres\n|-damage|p2a: Moltres|156/278\n|-damage|p2a: Moltres|139/278\n|-damage|p2a: Moltres|123/278\n|-damage|p2a: Moltres|106/278\n|-damage|p2a: Moltres|90/278\n|-damage|p2a: Moltres|72/278\n|-damage|p2a: Moltres|56/278\n|-hitcount|p2a: Moltres|10\n|move|p2a: Moltres|Brave Bird|p1a: Maushold\n|-damage|p1a: Maushold|0 fnt\n|faint|p1a: Maushold\n|-damage|p2a: Moltres|27/278|[from] Recoil\n|\n|upkeep\n|\n|t:|1733780046\n|switch|p1a: Milotic|Milotic, L83, M|293/293\n|turn|13\n|c|\u2606Sceptikenx|I appreciate it lol\n|\n|t:|1733780058\n|move|p2a: Moltres|Brave Bird|p1a: Milotic\n|-crit|p1a: Milotic\n|-damage|p1a: Milotic|103/293\n|-damage|p2a: Moltres|0 fnt|[from] Recoil\n|faint|p2a: Moltres\n|\n|win|village34\n", "inputlog": ">version bfd83cad13791eb5a5a409923076391caf6fb4d4\n>start {\"formatid\":\"gen9randombattle\",\"seed\":[25395,13321,37682,10380],\"rated\":\"Rated battle\"}\n>player p1 {\"name\":\"village34\",\"avatar\":\"102\",\"rating\":1262,\"seed\":[45041,3522,18288,12395]}\n>player p2 {\"name\":\"Sceptikenx\",\"avatar\":\"1\",\"rating\":1314,\"seed\":[46474,52733,18838,18469]}\n>p1 move firstimpression\n>p2 move calmmind\n>p1 move knockoff\n>p2 move calmmind\n>p1 move suckerpunch\n>p2 move boomburst\n>p1 switch 6\n>p1 move encore terastallize\n>p2 move boomburst\n>p1 move tidyup\n>p2 switch 5\n>chat \u2606village34|Played\n>p1 move populationbomb\n>p2 move nightslash\n>p2 switch 5\n>p1 move bite\n>p2 move roost terastallize\n>chat \u2606village34|Played \n>chat \u2606Sceptikenx|Well played\n>chat \u2606village34|Thank you \n>chat \u2606Sceptikenx|Bro no need to be rude\n>p2 switch 3\n>p1 move populationbomb\n>p2 move outrage\n>p1 move bite\n>p2 move outrage\n>p2 switch 2\n>p1 move populationbomb\n>p2 move throatchop\n>p2 switch 4\n>p1 move populationbomb\n>p2 move knockoff\n>chat \u2606village34|You're right I apologise \n>chat \u2606village34|Too used to toxic back and forth on this. My apologies \n>p2 switch 6\n>p1 move populationbomb\n>p2 move bravebird\n>p1 switch 3\n>chat \u2606Sceptikenx|I appreciate it lol\n>p1 move scald\n>p2 move bravebird", "uploadtime": 1733780035, "views": 1, "formatid": "gen9randombattle", "rating": null, "private": 0, "password": null}