{"id": "gen9randombattle-2260599618", "format": "[Gen 9] Random Battle", "players": ["Silla jr", "N0ngA"], "log": "|j|\u2606Silla jr\n|j|\u2606N0ngA\n|t:|1733867791\n|gametype|singles\n|player|p1|Silla jr|barry|1748\n|player|p2|N0ngA|policeman-gen4|1752\n|teamsize|p1|6\n|teamsize|p2|6\n|gen|9\n|tier|[Gen 9] Random Battle\n|rated|\n|rule|Species Clause: Limit one of each Pok\u00e9mon\n|rule|HP Percentage Mod: HP is shown in percentages\n|rule|Sleep Clause Mod: Limit one foe put to sleep\n|rule|Illusion Level Mod: Illusion disguises the Pok\u00e9mon's true level\n|\n|t:|1733867791\n|start\n|switch|p1a: Hitmonchan|Hitmonchan, L87, M|229/229\n|switch|p2a: Arceus|Arceus-Psychic, L69|280/280\n|turn|1\n|inactive|Battle timer is ON: inactive players will automatically lose when time's up. (requested by N0ngA)\n|\n|t:|1733867802\n|switch|p1a: Uxie|Uxie, L83|260/260\n|move|p2a: Arceus|Cosmic Power|p2a: Arceus\n|-boost|p2a: Arceus|def|1\n|-boost|p2a: Arceus|spd|1\n|\n|upkeep\n|turn|2\n|\n|t:|1733867812\n|move|p2a: Arceus|Cosmic Power|p2a: Arceus\n|-boost|p2a: Arceus|def|1\n|-boost|p2a: Arceus|spd|1\n|move|p1a: Uxie|Yawn|p2a: Arceus\n|-start|p2a: Arceus|move: Yawn|[of] p1a: Uxie\n|\n|upkeep\n|turn|3\n|\n|t:|1733867820\n|switch|p2a: Mismagius|Mismagius, L86, F|243/243\n|move|p1a: Uxie|Stealth Rock|p2a: Mismagius\n|-sidestart|p2: N0ngA|move: Stealth Rock\n|\n|upkeep\n|turn|4\n|\n|t:|1733867837\n|switch|p1a: Tsareena|Tsareena, L87, F|267/267\n|move|p2a: Mismagius|Substitute|p2a: Mismagius\n|-start|p2a: Mismagius|Substitute\n|-damage|p2a: Mismagius|183/243\n|\n|-heal|p2a: Mismagius|198/243|[from] item: Leftovers\n|upkeep\n|turn|5\n|\n|t:|1733867845\n|move|p1a: Tsareena|Triple Axel|p2a: Mismagius\n|-activate|p2a: Mismagius|move: Substitute|[damage]\n|-end|p2a: Mismagius|Substitute\n|-damage|p2a: Mismagius|133/243\n|-hitcount|p2a: Mismagius|3\n|move|p2a: Mismagius|Nasty Plot|p2a: Mismagius\n|-boost|p2a: Mismagius|spa|2\n|\n|-heal|p2a: Mismagius|148/243|[from] item: Leftovers\n|upkeep\n|turn|6\n|\n|t:|1733867852\n|move|p1a: Tsareena|Triple Axel|p2a: Mismagius\n|-damage|p2a: Mismagius|124/243\n|-damage|p2a: Mismagius|75/243\n|-damage|p2a: Mismagius|6/243\n|-hitcount|p2a: Mismagius|3\n|move|p2a: Mismagius|Substitute|p2a: Mismagius\n|-fail|p2a: Mismagius|move: Substitute|[weak]\n|\n|-heal|p2a: Mismagius|21/243|[from] item: Leftovers\n|upkeep\n|turn|7\n|\n|t:|1733867861\n|switch|p2a: Dondozo|Dondozo, L78, M|362/362\n|-damage|p2a: Dondozo|317/362|[from] Stealth Rock\n|move|p1a: Tsareena|Triple Axel|p2a: Dondozo\n|-resisted|p2a: Dondozo\n|-damage|p2a: Dondozo|309/362\n|-resisted|p2a: Dondozo\n|-damage|p2a: Dondozo|293/362\n|-resisted|p2a: Dondozo\n|-damage|p2a: Dondozo|269/362\n|-hitcount|p2a: Dondozo|3\n|\n|-heal|p2a: Dondozo|291/362|[from] item: Leftovers\n|upkeep\n|turn|8\n|\n|t:|1733867874\n|switch|p1a: Kyurem|Kyurem-White, L73|303/303\n|-ability|p1a: Kyurem|Turboblaze\n|move|p2a: Dondozo|Curse|p2a: Dondozo\n|-unboost|p2a: Dondozo|spe|1\n|-boost|p2a: Dondozo|atk|1\n|-boost|p2a: Dondozo|def|1\n|\n|-heal|p2a: Dondozo|313/362|[from] item: Leftovers\n|upkeep\n|turn|9\n|\n|t:|1733867880\n|switch|p2a: Mismagius|Mismagius, L86, F|21/243\n|-damage|p2a: Mismagius|0 fnt|[from] Stealth Rock\n|faint|p2a: Mismagius\n|move|p1a: Kyurem|Freeze-Dry|p2: Mismagius|[notarget]\n|-fail|p1a: Kyurem\n|\n|upkeep\n|\n|t:|1733867883\n|switch|p2a: Arceus|Arceus-Psychic, L69|280/280\n|-damage|p2a: Arceus|245/280|[from] Stealth Rock\n|turn|10\n|\n|t:|1733867892\n|switch|p1a: Uxie|Uxie, L83|260/260\n|move|p2a: Arceus|Body Press|p1a: Uxie\n|-resisted|p1a: Uxie\n|-damage|p1a: Uxie|242/260\n|\n|-heal|p1a: Uxie|258/260|[from] item: Leftovers\n|upkeep\n|turn|11\n|\n|t:|1733867897\n|switch|p2a: Dondozo|Dondozo, L78, M|313/362\n|-damage|p2a: Dondozo|268/362|[from] Stealth Rock\n|move|p1a: Uxie|Yawn|p2a: Dondozo\n|-start|p2a: Dondozo|move: Yawn|[of] p1a: Uxie\n|\n|-heal|p1a: Uxie|260/260|[from] item: Leftovers\n|-heal|p2a: Dondozo|290/362|[from] item: Leftovers\n|upkeep\n|turn|12\n|\n|t:|1733867903\n|move|p1a: Uxie|Psychic Noise|p2a: Dondozo\n|-damage|p2a: Dondozo|206/362\n|-start|p2a: Dondozo|move: Heal Block\n|move|p2a: Dondozo|Wave Crash|p1a: Uxie\n|-damage|p1a: Uxie|173/260\n|-damage|p2a: Dondozo|177/362|[from] Recoil\n|\n|-heal|p1a: Uxie|189/260|[from] item: Leftovers\n|-end|p2a: Dondozo|move: Yawn|[silent]\n|-status|p2a: Dondozo|slp\n|upkeep\n|turn|13\n|\n|t:|1733867912\n|switch|p2a: Arceus|Arceus-Psychic, L69|245/280\n|-damage|p2a: Arceus|210/280|[from] Stealth Rock\n|move|p1a: Uxie|Psychic Noise|p2a: Arceus\n|-resisted|p2a: Arceus\n|-damage|p2a: Arceus|179/280\n|-start|p2a: Arceus|move: Heal Block\n|\n|-heal|p1a: Uxie|205/260|[from] item: Leftovers\n|upkeep\n|turn|14\n|\n|t:|1733867924\n|switch|p1a: Altaria|Altaria, L88, F|275/275\n|move|p2a: Arceus|Cosmic Power|p2a: Arceus\n|-boost|p2a: Arceus|def|1\n|-boost|p2a: Arceus|spd|1\n|\n|-end|p2a: Arceus|move: Heal Block\n|upkeep\n|turn|15\n|\n|t:|1733867934\n|move|p2a: Arceus|Recover|p2a: Arceus\n|-heal|p2a: Arceus|280/280\n|move|p1a: Altaria|Dragon Dance|p1a: Altaria\n|-boost|p1a: Altaria|atk|1\n|-boost|p1a: Altaria|spe|1\n|\n|upkeep\n|turn|16\n|\n|t:|1733867938\n|move|p1a: Altaria|Dragon Dance|p1a: Altaria\n|-boost|p1a: Altaria|atk|1\n|-boost|p1a: Altaria|spe|1\n|move|p2a: Arceus|Cosmic Power|p2a: Arceus\n|-boost|p2a: Arceus|def|1\n|-boost|p2a: Arceus|spd|1\n|\n|upkeep\n|turn|17\n|\n|t:|1733867943\n|move|p1a: Altaria|Dragon Dance|p1a: Altaria\n|-boost|p1a: Altaria|atk|1\n|-boost|p1a: Altaria|spe|1\n|move|p2a: Arceus|Cosmic Power|p2a: Arceus\n|-boost|p2a: Arceus|def|1\n|-boost|p2a: Arceus|spd|1\n|\n|upkeep\n|turn|18\n|\n|t:|1733867945\n|move|p1a: Altaria|Dragon Dance|p1a: Altaria\n|-boost|p1a: Altaria|atk|1\n|-boost|p1a: Altaria|spe|1\n|move|p2a: Arceus|Cosmic Power|p2a: Arceus\n|-boost|p2a: Arceus|def|1\n|-boost|p2a: Arceus|spd|1\n|\n|upkeep\n|turn|19\n|\n|t:|1733867950\n|move|p1a: Altaria|Brave Bird|p2a: Arceus\n|-damage|p2a: Arceus|171/280\n|-damage|p1a: Altaria|239/275|[from] Recoil\n|move|p2a: Arceus|Stored Power|p1a: Altaria\n|-damage|p1a: Altaria|73/275\n|\n|upkeep\n|turn|20\n|\n|t:|1733867953\n|move|p1a: Altaria|Brave Bird|p2a: Arceus\n|-damage|p2a: Arceus|74/280\n|-damage|p1a: Altaria|41/275|[from] Recoil\n|move|p2a: Arceus|Recover|p2a: Arceus\n|-heal|p2a: Arceus|214/280\n|\n|upkeep\n|turn|21\n|\n|t:|1733867962\n|move|p1a: Altaria|Earthquake|p2a: Arceus\n|-damage|p2a: Arceus|150/280\n|move|p2a: Arceus|Cosmic Power|p2a: Arceus\n|-boost|p2a: Arceus|def|1\n|-boost|p2a: Arceus|spd|1\n|\n|upkeep\n|turn|22\n|\n|t:|1733867966\n|move|p1a: Altaria|Brave Bird|p2a: Arceus\n|-damage|p2a: Arceus|66/280\n|-damage|p1a: Altaria|13/275|[from] Recoil\n|move|p2a: Arceus|Cosmic Power|p2a: Arceus\n|-boost|p2a: Arceus|def|1\n|-boost|p2a: Arceus|spd|1\n|\n|upkeep\n|turn|23\n|\n|t:|1733867970\n|move|p1a: Altaria|Dragon Dance|p1a: Altaria\n|-boost|p1a: Altaria|atk|1\n|-boost|p1a: Altaria|spe|1\n|move|p2a: Arceus|Recover|p2a: Arceus\n|-heal|p2a: Arceus|206/280\n|\n|upkeep\n|turn|24\n|\n|t:|1733867973\n|move|p1a: Altaria|Brave Bird|p2a: Arceus\n|-damage|p2a: Arceus|113/280\n|-damage|p1a: Altaria|0 fnt|[from] Recoil\n|faint|p1a: Altaria\n|move|p2a: Arceus|Recover|p2a: Arceus\n|-heal|p2a: Arceus|253/280\n|\n|upkeep\n|c|\u2606N0ngA|yes king\n|\n|t:|1733867992\n|switch|p1a: Kyurem|Kyurem-White, L73|303/303\n|-ability|p1a: Kyurem|Turboblaze\n|turn|25\n|\n|t:|1733868008\n|move|p2a: Arceus|Stored Power|p1a: Kyurem\n|-damage|p1a: Kyurem|24/303\n|move|p1a: Kyurem|Ice Beam|p2a: Arceus\n|-damage|p2a: Arceus|214/280\n|-status|p2a: Arceus|frz\n|\n|upkeep\n|turn|26\n|inactive|Silla jr has 120 seconds left.\n|\n|t:|1733868033\n|switch|p1a: Iron Bundle|Iron Bundle, L77|213/213\n|cant|p2a: Arceus|frz\n|\n|upkeep\n|turn|27\n|\n|t:|1733868036\n|move|p1a: Iron Bundle|Substitute|p1a: Iron Bundle\n|-start|p1a: Iron Bundle|Substitute\n|-damage|p1a: Iron Bundle|160/213\n|cant|p2a: Arceus|frz\n|\n|-heal|p1a: Iron Bundle|173/213|[from] item: Leftovers\n|upkeep\n|turn|28\n|\n|t:|1733868043\n|-terastallize|p1a: Iron Bundle|Ice\n|move|p1a: Iron Bundle|Ice Beam|p2a: Arceus\n|-damage|p2a: Arceus|180/280 frz\n|cant|p2a: Arceus|frz\n|\n|-heal|p1a: Iron Bundle|186/213|[from] item: Leftovers\n|upkeep\n|turn|29\n|\n|t:|1733868047\n|move|p1a: Iron Bundle|Ice Beam|p2a: Arceus\n|-damage|p2a: Arceus|148/280 frz\n|-curestatus|p2a: Arceus|frz|[msg]\n|move|p2a: Arceus|Recover|p2a: Arceus\n|-heal|p2a: Arceus|280/280\n|\n|-heal|p1a: Iron Bundle|199/213|[from] item: Leftovers\n|upkeep\n|turn|30\n|\n|t:|1733868049\n|move|p1a: Iron Bundle|Ice Beam|p2a: Arceus\n|-damage|p2a: Arceus|250/280\n|move|p2a: Arceus|Body Press|p1a: Iron Bundle\n|-supereffective|p1a: Iron Bundle\n|-end|p1a: Iron Bundle|Substitute\n|\n|-heal|p1a: Iron Bundle|212/213|[from] item: Leftovers\n|upkeep\n|turn|31\n|\n|t:|1733868051\n|move|p1a: Iron Bundle|Ice Beam|p2a: Arceus\n|-damage|p2a: Arceus|220/280\n|move|p2a: Arceus|Body Press|p1a: Iron Bundle\n|-supereffective|p1a: Iron Bundle\n|-damage|p1a: Iron Bundle|0 fnt\n|faint|p1a: Iron Bundle\n|-end|p1a: Iron Bundle|Quark Drive|[silent]\n|\n|upkeep\n|-message|Silla jr forfeited.\n|\n|win|N0ngA\n|raw|Silla jr's rating: 1748 &rarr; <strong>1728</strong><br />(-20 for losing)\n|raw|N0ngA's rating: 1752 &rarr; <strong>1772</strong><br />(+20 for winning)\n|l|\u2606Silla jr\n|player|p1|\n", "inputlog": ">version bfd83cad13791eb5a5a409923076391caf6fb4d4\n>start {\"formatid\":\"gen9randombattle\",\"seed\":[43691,30694,8837,56241],\"rated\":\"Rated battle\"}\n>player p1 {\"name\":\"Silla jr\",\"avatar\":\"barry\",\"rating\":1748,\"seed\":[34163,49222,37804,32262]}\n>player p2 {\"name\":\"N0ngA\",\"avatar\":\"policeman-gen4\",\"rating\":1752,\"seed\":[50975,9530,345,59215]}\n>p1 switch 6\n>p2 move cosmicpower\n>p1 move yawn\n>p2 move cosmicpower\n>p1 move stealthrock\n>p2 switch 6\n>p1 switch 5\n>p2 move substitute\n>p1 move tripleaxel\n>p2 move nastyplot\n>p1 move tripleaxel\n>p2 move substitute\n>p1 move tripleaxel\n>p2 switch 5\n>p1 switch 4\n>p2 move curse\n>p1 move freezedry\n>p2 switch 5\n>p2 switch 6\n>p1 switch 5\n>p2 move bodypress\n>p1 move yawn\n>p2 switch 5\n>p1 move psychicnoise\n>p2 move wavecrash\n>p1 move psychicnoise\n>p2 switch 5\n>p1 switch 2\n>p2 move cosmicpower\n>p1 move dragondance\n>p2 move recover\n>p1 move dragondance\n>p2 move cosmicpower\n>p1 move dragondance\n>p2 move cosmicpower\n>p1 move dragondance\n>p2 move cosmicpower\n>p1 move bravebird\n>p2 move storedpower\n>p1 move bravebird\n>p2 move recover\n>p1 move earthquake\n>p2 move cosmicpower\n>p1 move bravebird\n>p2 move cosmicpower\n>p1 move dragondance\n>p2 move recover\n>p1 move bravebird\n>p2 move recover\n>chat \u2606N0ngA|yes king\n>p1 switch 5\n>p1 move icebeam\n>p2 move storedpower\n>p1 switch 3\n>p2 move recover\n>p1 move substitute\n>p2 move recover\n>p1 move icebeam terastallize\n>p2 move recover\n>p1 move icebeam\n>p2 move recover\n>p1 move icebeam\n>p2 move bodypress\n>p1 move icebeam\n>p2 move bodypress\n>forcelose p1", "uploadtime": 1733868064, "views": 10, "formatid": "gen9randombattle", "rating": 1728, "private": 0, "password": null}