{"id": "gen9randombattle-2259772767", "format": "[Gen 9] Random Battle", "players": ["Solkerr", "ananananji"], "log": "|j|\u2606Solkerr\n|j|\u2606ananananji\n|t:|1733765252\n|gametype|singles\n|player|p1|Solkerr|101|1556\n|player|p2|ananananji|rosa|1603\n|teamsize|p1|6\n|teamsize|p2|6\n|gen|9\n|tier|[Gen 9] Random Battle\n|rated|\n|rule|Species Clause: Limit one of each Pok\u00e9mon\n|rule|HP Percentage Mod: HP is shown in percentages\n|rule|Sleep Clause Mod: Limit one foe put to sleep\n|rule|Illusion Level Mod: Illusion disguises the Pok\u00e9mon's true level\n|\n|t:|1733765252\n|start\n|switch|p1a: Infernape|Infernape, L82, M|259/259\n|switch|p2a: Diancie|Diancie, L82|216/216\n|turn|1\n|inactive|Battle timer is ON: inactive players will automatically lose when time's up. (requested by Solkerr)\n|\n|t:|1733765268\n|switch|p1a: Ogerpon|Ogerpon-Cornerstone, L76, F|247/247\n|move|p2a: Diancie|Diamond Storm|p1a: Ogerpon\n|-damage|p1a: Ogerpon|135/247\n|\n|upkeep\n|turn|2\n|\n|t:|1733765276\n|switch|p2a: Girafarig|Girafarig, L89, F|269/269\n|move|p1a: Ogerpon|Power Whip|p2a: Girafarig\n|-ability|p2a: Girafarig|Sap Sipper|boost\n|-boost|p2a: Girafarig|atk|1\n|\n|upkeep\n|turn|3\n|\n|t:|1733765287\n|move|p1a: Ogerpon|Ivy Cudgel|p2a: Girafarig|[anim] Ivy Cudgel Rock\n|-damage|p2a: Girafarig|170/269\n|move|p2a: Girafarig|Nasty Plot|p2a: Girafarig\n|-boost|p2a: Girafarig|spa|2\n|\n|upkeep\n|turn|4\n|\n|t:|1733765290\n|move|p1a: Ogerpon|Ivy Cudgel|p2a: Girafarig|[anim] Ivy Cudgel Rock\n|-damage|p2a: Girafarig|80/269\n|move|p2a: Girafarig|Psyshock|p1a: Ogerpon\n|-damage|p1a: Ogerpon|0 fnt\n|faint|p1a: Ogerpon\n|\n|upkeep\n|\n|t:|1733765295\n|switch|p1a: Infernape|Infernape, L82, M|259/259\n|turn|5\n|\n|t:|1733765300\n|move|p1a: Infernape|Knock Off|p2a: Girafarig\n|-supereffective|p2a: Girafarig\n|-damage|p2a: Girafarig|0 fnt\n|-enditem|p2a: Girafarig|Eviolite|[from] move: Knock Off|[of] p1a: Infernape\n|faint|p2a: Girafarig\n|-damage|p1a: Infernape|234/259|[from] item: Life Orb\n|\n|upkeep\n|\n|t:|1733765307\n|switch|p2a: Walking Wake|Walking Wake, L79|286/286\n|turn|6\n|\n|t:|1733765311\n|switch|p1a: Serperior|Serperior, L79, F|248/248\n|move|p2a: Walking Wake|Sunny Day|p2a: Walking Wake\n|-weather|SunnyDay\n|-activate|p2a: Walking Wake|ability: Protosynthesis\n|-start|p2a: Walking Wake|protosynthesisspa\n|\n|-weather|SunnyDay|[upkeep]\n|upkeep\n|turn|7\n|\n|t:|1733765325\n|switch|p1a: Regirock|Regirock, L83|268/268\n|move|p2a: Walking Wake|Flamethrower|p1a: Regirock\n|-resisted|p1a: Regirock\n|-damage|p1a: Regirock|193/268\n|-status|p1a: Regirock|brn\n|-damage|p2a: Walking Wake|258/286|[from] item: Life Orb\n|\n|-weather|SunnyDay|[upkeep]\n|-damage|p1a: Regirock|177/268 brn|[from] brn\n|upkeep\n|turn|8\n|\n|t:|1733765331\n|switch|p1a: Salamence|Salamence, L77, F|273/273\n|move|p2a: Walking Wake|Hydro Steam|p1a: Salamence\n|-resisted|p1a: Salamence\n|-damage|p1a: Salamence|148/273\n|-damage|p2a: Walking Wake|230/286|[from] item: Life Orb\n|\n|-weather|SunnyDay|[upkeep]\n|upkeep\n|turn|9\n|\n|t:|1733765338\n|move|p2a: Walking Wake|Draco Meteor|p1a: Salamence\n|-supereffective|p1a: Salamence\n|-damage|p1a: Salamence|0 fnt\n|-unboost|p2a: Walking Wake|spa|2\n|faint|p1a: Salamence\n|-damage|p2a: Walking Wake|202/286|[from] item: Life Orb\n|\n|-weather|SunnyDay|[upkeep]\n|upkeep\n|\n|t:|1733765348\n|switch|p1a: Serperior|Serperior, L79, F|248/248\n|turn|10\n|\n|t:|1733765357\n|-end|p2a: Walking Wake|Protosynthesis|[silent]\n|switch|p2a: Umbreon|Umbreon, L84, F|297/297\n|move|p1a: Serperior|Synthesis|p1a: Serperior\n|-fail|p1a: Serperior|heal\n|\n|-weather|none\n|upkeep\n|turn|11\n|\n|t:|1733765361\n|move|p1a: Serperior|Leaf Storm|p2a: Umbreon\n|-crit|p2a: Umbreon\n|-damage|p2a: Umbreon|149/297\n|-boost|p1a: Serperior|spa|2\n|-damage|p1a: Serperior|224/248|[from] item: Life Orb\n|move|p2a: Umbreon|Toxic|p1a: Serperior\n|-status|p1a: Serperior|tox\n|\n|-heal|p2a: Umbreon|167/297|[from] item: Leftovers\n|-damage|p1a: Serperior|209/248 tox|[from] psn\n|upkeep\n|turn|12\n|\n|t:|1733765369\n|move|p2a: Umbreon|Protect|p2a: Umbreon\n|-singleturn|p2a: Umbreon|Protect\n|move|p1a: Serperior|Leaf Storm|p2a: Umbreon\n|-activate|p2a: Umbreon|move: Protect\n|\n|-heal|p2a: Umbreon|185/297|[from] item: Leftovers\n|-damage|p1a: Serperior|179/248 tox|[from] psn\n|upkeep\n|turn|13\n|\n|t:|1733765374\n|switch|p2a: Regice|Regice, L88|284/284\n|move|p1a: Serperior|Leaf Storm|p2a: Regice\n|-damage|p2a: Regice|155/284\n|-boost|p1a: Serperior|spa|2\n|-damage|p1a: Serperior|155/248 tox|[from] item: Life Orb\n|\n|-damage|p1a: Serperior|110/248 tox|[from] psn\n|upkeep\n|turn|14\n|\n|t:|1733765380\n|move|p1a: Serperior|Leaf Storm|p2a: Regice\n|-damage|p2a: Regice|0 fnt\n|-boost|p1a: Serperior|spa|2\n|faint|p2a: Regice\n|-damage|p1a: Serperior|86/248 tox|[from] item: Life Orb\n|\n|-damage|p1a: Serperior|26/248 tox|[from] psn\n|upkeep\n|\n|t:|1733765387\n|switch|p2a: Umbreon|Umbreon, L84, F|185/297\n|turn|15\n|\n|t:|1733765390\n|move|p2a: Umbreon|Protect|p2a: Umbreon\n|-singleturn|p2a: Umbreon|Protect\n|move|p1a: Serperior|Synthesis|p1a: Serperior\n|-heal|p1a: Serperior|150/248 tox\n|\n|-heal|p2a: Umbreon|203/297|[from] item: Leftovers\n|-damage|p1a: Serperior|75/248 tox|[from] psn\n|upkeep\n|turn|16\n|\n|t:|1733765393\n|move|p2a: Umbreon|Protect||[still]\n|-fail|p2a: Umbreon\n|move|p1a: Serperior|Leaf Storm|p2a: Umbreon\n|-damage|p2a: Umbreon|0 fnt\n|faint|p2a: Umbreon\n|-damage|p1a: Serperior|51/248 tox|[from] item: Life Orb\n|\n|-damage|p1a: Serperior|0 fnt|[from] psn\n|faint|p1a: Serperior\n|upkeep\n|\n|t:|1733765400\n|switch|p1a: Infernape|Infernape, L82, M|234/259\n|switch|p2a: Walking Wake|Walking Wake, L79|202/286\n|turn|17\n|\n|t:|1733765405\n|-terastallize|p1a: Infernape|Dark\n|move|p1a: Infernape|Knock Off|p2a: Walking Wake\n|-damage|p2a: Walking Wake|73/286\n|-enditem|p2a: Walking Wake|Life Orb|[from] move: Knock Off|[of] p1a: Infernape\n|-damage|p1a: Infernape|209/259|[from] item: Life Orb\n|move|p2a: Walking Wake|Hydro Steam|p1a: Infernape\n|-damage|p1a: Infernape|91/259\n|\n|upkeep\n|turn|18\n|\n|t:|1733765412\n|move|p1a: Infernape|Knock Off|p2a: Walking Wake\n|-damage|p2a: Walking Wake|0 fnt\n|faint|p2a: Walking Wake\n|-end|p2a: Walking Wake|Protosynthesis|[silent]\n|-damage|p1a: Infernape|66/259|[from] item: Life Orb\n|\n|upkeep\n|\n|t:|1733765414\n|switch|p2a: Diancie|Diancie, L82|216/216\n|turn|19\n|\n|t:|1733765418\n|switch|p1a: Regirock|Regirock, L83|177/268 brn\n|move|p2a: Diancie|Diamond Storm|p1a: Regirock\n|-damage|p1a: Regirock|122/268 brn\n|-boost|p2a: Diancie|def|2\n|\n|-damage|p1a: Regirock|106/268 brn|[from] brn\n|upkeep\n|turn|20\n|\n|t:|1733765423\n|move|p1a: Regirock|Rest|p1a: Regirock\n|-status|p1a: Regirock|slp|[from] move: Rest\n|-heal|p1a: Regirock|268/268 slp|[silent]\n|-enditem|p1a: Regirock|Chesto Berry|[eat]\n|-curestatus|p1a: Regirock|slp|[msg]\n|move|p2a: Diancie|Calm Mind|p2a: Diancie\n|-boost|p2a: Diancie|spa|1\n|-boost|p2a: Diancie|spd|1\n|\n|upkeep\n|turn|21\n|\n|t:|1733765426\n|move|p1a: Regirock|Stone Edge|p2a: Diancie\n|-damage|p2a: Diancie|177/216\n|move|p2a: Diancie|Earth Power|p1a: Regirock\n|-supereffective|p1a: Regirock\n|-damage|p1a: Regirock|92/268\n|\n|-heal|p2a: Diancie|190/216|[from] item: Leftovers\n|upkeep\n|turn|22\n|\n|t:|1733765432\n|move|p1a: Regirock|Stone Edge|p2a: Diancie|[miss]\n|-miss|p1a: Regirock|p2a: Diancie\n|move|p2a: Diancie|Draining Kiss|p1a: Regirock\n|-damage|p1a: Regirock|26/268\n|-heal|p2a: Diancie|216/216|[from] drain|[of] p1a: Regirock\n|\n|upkeep\n|turn|23\n|\n|t:|1733765434\n|move|p1a: Regirock|Stone Edge|p2a: Diancie\n|-damage|p2a: Diancie|179/216\n|move|p2a: Diancie|Draining Kiss|p1a: Regirock\n|-damage|p1a: Regirock|0 fnt\n|-heal|p2a: Diancie|199/216|[from] drain|[of] p1a: Regirock\n|faint|p1a: Regirock\n|\n|-heal|p2a: Diancie|212/216|[from] item: Leftovers\n|upkeep\n|\n|t:|1733765435\n|switch|p1a: Floatzel|Floatzel, L85, M|283/283\n|turn|24\n|\n|t:|1733765441\n|-terastallize|p2a: Diancie|Fairy\n|move|p1a: Floatzel|Wave Crash|p2a: Diancie\n|-damage|p2a: Diancie|143/216\n|-damage|p1a: Floatzel|260/283|[from] Recoil\n|move|p2a: Diancie|Draining Kiss|p1a: Floatzel\n|-damage|p1a: Floatzel|78/283\n|-heal|p2a: Diancie|216/216|[from] drain|[of] p1a: Floatzel\n|\n|upkeep\n|turn|25\n|\n|t:|1733765445\n|move|p1a: Floatzel|Wave Crash|p2a: Diancie\n|-damage|p2a: Diancie|149/216\n|-damage|p1a: Floatzel|56/283|[from] Recoil\n|move|p2a: Diancie|Draining Kiss|p1a: Floatzel\n|-damage|p1a: Floatzel|0 fnt\n|-heal|p2a: Diancie|191/216|[from] drain|[of] p1a: Floatzel\n|faint|p1a: Floatzel\n|\n|-heal|p2a: Diancie|204/216|[from] item: Leftovers\n|upkeep\n|-message|Solkerr forfeited.\n|\n|win|ananananji\n|raw|Solkerr's rating: 1556 &rarr; <strong>1539</strong><br />(-17 for losing)\n|raw|ananananji's rating: 1603 &rarr; <strong>1620</strong><br />(+17 for winning)\n|l|\u2606Solkerr\n|player|p1|\n", "inputlog": ">version bfd83cad13791eb5a5a409923076391caf6fb4d4\n>start {\"formatid\":\"gen9randombattle\",\"seed\":[37971,43680,58822,49953],\"rated\":\"Rated battle\"}\n>player p1 {\"name\":\"Solkerr\",\"avatar\":\"101\",\"rating\":1556,\"seed\":[50378,52096,60620,59455]}\n>player p2 {\"name\":\"ananananji\",\"avatar\":\"rosa\",\"rating\":1603,\"seed\":[48739,11374,13555,15673]}\n>p1 switch 5\n>p2 move diamondstorm\n>p1 move powerwhip\n>p2 switch 2\n>p1 move ivycudgel\n>p2 move nastyplot\n>p1 move ivycudgel\n>p2 move psyshock\n>p1 switch 5\n>p1 move knockoff\n>p2 move psyshock\n>p2 switch 4\n>p1 switch 4\n>p2 move sunnyday\n>p1 switch 3\n>p2 move flamethrower\n>p1 switch 2\n>p2 move hydrosteam\n>p1 move outrage\n>p2 move dracometeor\n>p1 switch 3\n>p1 move synthesis\n>p2 switch 5\n>p1 move leafstorm\n>p2 move toxic\n>p1 move leafstorm\n>p2 move protect\n>p1 move leafstorm\n>p2 switch 6\n>p1 move leafstorm\n>p2 move thunderbolt\n>p2 switch 6\n>p1 move synthesis\n>p2 move protect\n>p1 move leafstorm\n>p2 move protect\n>p1 switch 4\n>p2 switch 5\n>p1 move knockoff terastallize\n>p2 move hydrosteam\n>p1 move knockoff\n>p2 move hydrosteam\n>p2 switch 2\n>p1 switch 2\n>p2 move diamondstorm\n>p1 move rest\n>p2 move calmmind\n>p1 move stoneedge\n>p2 move earthpower\n>p1 move stoneedge\n>p2 move drainingkiss\n>p1 move stoneedge\n>p2 move drainingkiss\n>p1 switch 6\n>p1 move wavecrash\n>p2 move drainingkiss terastallize\n>p1 move wavecrash\n>p2 move drainingkiss\n>forcelose p1", "uploadtime": 1733765447, "views": 1, "formatid": "gen9randombattle", "rating": 1539, "private": 0, "password": null}