{"id": "gen9randombattle-2260571222", "format": "[Gen 9] Random Battle", "players": ["Tere1997", "kyonvdb"], "log": "|j|\u2606Tere1997\n|j|\u2606kyonvdb\n|t:|1733864745\n|gametype|singles\n|player|p1|Tere1997|gardenia|1060\n|player|p2|kyonvdb|266|1062\n|teamsize|p1|6\n|teamsize|p2|6\n|gen|9\n|tier|[Gen 9] Random Battle\n|rated|\n|rule|Species Clause: Limit one of each Pok\u00e9mon\n|rule|HP Percentage Mod: HP is shown in percentages\n|rule|Sleep Clause Mod: Limit one foe put to sleep\n|rule|Illusion Level Mod: Illusion disguises the Pok\u00e9mon's true level\n|\n|t:|1733864745\n|start\n|switch|p1a: Lycanroc|Lycanroc, L86, M|269/269\n|switch|p2a: Pyroar|Pyroar, L88, M|295/295\n|-ability|p2a: Pyroar|Unnerve\n|turn|1\n|\n|t:|1733864785\n|-terastallize|p1a: Lycanroc|Fighting\n|move|p1a: Lycanroc|Stone Edge|p2a: Pyroar\n|-supereffective|p2a: Pyroar\n|-damage|p2a: Pyroar|0 fnt\n|faint|p2a: Pyroar\n|-damage|p1a: Lycanroc|243/269|[from] item: Life Orb\n|\n|upkeep\n|\n|t:|1733864789\n|switch|p2a: Wyrdeer|Wyrdeer, L87, M|321/321\n|-ability|p2a: Wyrdeer|Intimidate|boost\n|-unboost|p1a: Lycanroc|atk|1\n|turn|2\n|\n|t:|1733864805\n|move|p1a: Lycanroc|Close Combat|p2a: Wyrdeer\n|-crit|p2a: Wyrdeer\n|-damage|p2a: Wyrdeer|0 fnt\n|-unboost|p1a: Lycanroc|def|1\n|-unboost|p1a: Lycanroc|spd|1\n|faint|p2a: Wyrdeer\n|-damage|p1a: Lycanroc|217/269|[from] item: Life Orb\n|\n|upkeep\n|\n|t:|1733864861\n|switch|p2a: Azumarill|Azumarill, L82, F|298/298\n|turn|3\n|inactive|Battle timer is ON: inactive players will automatically lose when time's up. (requested by kyonvdb)\n|\n|t:|1733864868\n|switch|p1a: Virizion|Virizion, L82|283/283\n|move|p2a: Azumarill|Belly Drum|p2a: Azumarill\n|-damage|p2a: Azumarill|149/298\n|-setboost|p2a: Azumarill|atk|6|[from] move: Belly Drum\n|-enditem|p2a: Azumarill|Sitrus Berry|[eat]\n|-heal|p2a: Azumarill|223/298|[from] item: Sitrus Berry\n|\n|upkeep\n|turn|4\n|inactive|kyonvdb has 120 seconds left.\n|inactive|kyonvdb has 90 seconds left.\n|\n|t:|1733864936\n|move|p1a: Virizion|Leaf Blade|p2a: Azumarill\n|-supereffective|p2a: Azumarill\n|-damage|p2a: Azumarill|0 fnt\n|faint|p2a: Azumarill\n|-damage|p1a: Virizion|255/283|[from] item: Life Orb\n|\n|upkeep\n|\n|t:|1733864940\n|switch|p2a: Walking Wake|Walking Wake, L79|286/286\n|turn|5\n|inactive|Tere1997 has 120 seconds left.\n|\n|t:|1733864988\n|move|p1a: Virizion|Leaf Blade|p2a: Walking Wake\n|-damage|p2a: Walking Wake|160/286\n|-damage|p1a: Virizion|227/283|[from] item: Life Orb\n|move|p2a: Walking Wake|Sunny Day|p2a: Walking Wake\n|-weather|SunnyDay\n|-activate|p2a: Walking Wake|ability: Protosynthesis\n|-start|p2a: Walking Wake|protosynthesisspa\n|\n|-weather|SunnyDay|[upkeep]\n|upkeep\n|turn|6\n|inactive|kyonvdb has 90 seconds left.\n|\n|t:|1733865016\n|move|p1a: Virizion|Leaf Blade|p2a: Walking Wake\n|-damage|p2a: Walking Wake|50/286\n|-damage|p1a: Virizion|199/283|[from] item: Life Orb\n|move|p2a: Walking Wake|Flamethrower|p1a: Virizion\n|-supereffective|p1a: Virizion\n|-damage|p1a: Virizion|0 fnt\n|faint|p1a: Virizion\n|-damage|p2a: Walking Wake|22/286|[from] item: Life Orb\n|\n|-weather|SunnyDay|[upkeep]\n|upkeep\n|\n|t:|1733865038\n|switch|p1a: Glastrier|Glastrier, L86|312/312\n|turn|7\n|inactive|kyonvdb has 90 seconds left.\n|\n|t:|1733865050\n|move|p2a: Walking Wake|Hydro Steam|p1a: Glastrier\n|-damage|p1a: Glastrier|124/312\n|-damage|p2a: Walking Wake|0 fnt|[from] item: Life Orb\n|faint|p2a: Walking Wake\n|-end|p2a: Walking Wake|Protosynthesis|[silent]\n|move|p1a: Glastrier|Icicle Crash|p2: Walking Wake|[notarget]\n|-fail|p1a: Glastrier\n|\n|-weather|SunnyDay|[upkeep]\n|upkeep\n|inactive|kyonvdb has 90 seconds left.\n|\n|t:|1733865057\n|switch|p2a: Typhlosion|Typhlosion, L84, F|267/267\n|turn|8\n|\n|t:|1733865069\n|switch|p1a: Lycanroc|Lycanroc, L86, M, tera:Fighting|217/269\n|move|p2a: Typhlosion|Eruption|p1a: Lycanroc\n|-damage|p1a: Lycanroc|0 fnt\n|faint|p1a: Lycanroc\n|\n|-weather|SunnyDay|[upkeep]\n|upkeep\n|\n|t:|1733865084\n|switch|p1a: Drifblim|Drifblim, L86, M|396/396\n|turn|9\n|\n|t:|1733865097\n|move|p2a: Typhlosion|Eruption|p1a: Drifblim\n|-damage|p1a: Drifblim|0 fnt\n|faint|p1a: Drifblim\n|\n|-weather|none\n|upkeep\n|\n|t:|1733865107\n|switch|p1a: Revavroom|Revavroom, L79, F|256/256\n|turn|10\n|\n|t:|1733865136\n|move|p2a: Typhlosion|Eruption|p1a: Revavroom\n|-supereffective|p1a: Revavroom\n|-damage|p1a: Revavroom|0 fnt\n|faint|p1a: Revavroom\n|\n|upkeep\n|inactive|Tere1997 has 90 seconds left.\n|\n|t:|1733865170\n|switch|p1a: Flareon|Flareon, L90, F|263/263\n|turn|11\n|inactive|kyonvdb has 90 seconds left.\n|inactive|kyonvdb has 60 seconds left.\n|\n|t:|1733865249\n|move|p2a: Typhlosion|Eruption|p1a: Flareon\n|-resisted|p1a: Flareon\n|-damage|p1a: Flareon|169/263\n|move|p1a: Flareon|Facade|p2a: Typhlosion\n|-damage|p2a: Typhlosion|188/267\n|\n|-status|p1a: Flareon|tox|[from] item: Toxic Orb\n|upkeep\n|turn|12\n|\n|t:|1733865261\n|move|p2a: Typhlosion|Eruption|p1a: Flareon\n|-resisted|p1a: Flareon\n|-damage|p1a: Flareon|100/263 tox\n|move|p1a: Flareon|Flare Blitz|p2a: Typhlosion\n|-resisted|p2a: Typhlosion\n|-damage|p2a: Typhlosion|47/267\n|-damage|p1a: Flareon|53/263 tox|[from] Recoil\n|\n|-damage|p1a: Flareon|37/263 tox|[from] psn\n|upkeep\n|turn|13\n|\n|t:|1733865281\n|move|p2a: Typhlosion|Eruption|p1a: Flareon\n|-resisted|p1a: Flareon\n|-damage|p1a: Flareon|8/263 tox\n|move|p1a: Flareon|Flare Blitz|p2a: Typhlosion\n|-resisted|p2a: Typhlosion\n|-damage|p2a: Typhlosion|0 fnt\n|faint|p2a: Typhlosion\n|-damage|p1a: Flareon|0 fnt|[from] Recoil\n|faint|p1a: Flareon\n|\n|upkeep\n|inactive|Tere1997 has 90 seconds left.\n|\n|t:|1733865296\n|switch|p2a: Dragonite|Dragonite, L74, M|257/257\n|switch|p1a: Glastrier|Glastrier, L86|124/312\n|turn|14\n|\n|t:|1733865302\n|-terastallize|p2a: Dragonite|Steel\n|move|p2a: Dragonite|Dragon Dance|p2a: Dragonite\n|-boost|p2a: Dragonite|atk|1\n|-boost|p2a: Dragonite|spe|1\n|move|p1a: Glastrier|Icicle Crash|p2a: Dragonite\n|-resisted|p2a: Dragonite\n|-damage|p2a: Dragonite|225/257\n|\n|upkeep\n|turn|15\n|\n|t:|1733865313\n|move|p2a: Dragonite|Earthquake|p1a: Glastrier\n|-damage|p1a: Glastrier|46/312\n|move|p1a: Glastrier|Close Combat|p2a: Dragonite\n|-supereffective|p2a: Dragonite\n|-damage|p2a: Dragonite|0 fnt\n|-unboost|p1a: Glastrier|def|1\n|-unboost|p1a: Glastrier|spd|1\n|faint|p2a: Dragonite\n|\n|win|Tere1997\n|raw|Tere1997's rating: 1060 &rarr; <strong>1091</strong><br />(+31 for winning)\n|raw|kyonvdb's rating: 1062 &rarr; <strong>1043</strong><br />(-19 for losing)\n", "inputlog": ">version bfd83cad13791eb5a5a409923076391caf6fb4d4\n>start {\"formatid\":\"gen9randombattle\",\"seed\":[32717,38483,3572,9145],\"rated\":\"Rated battle\"}\n>player p1 {\"name\":\"Tere1997\",\"avatar\":\"gardenia\",\"rating\":1060,\"seed\":[20943,34467,5769,42239]}\n>player p2 {\"name\":\"kyonvdb\",\"avatar\":\"266\",\"rating\":1062,\"seed\":[43504,20768,9927,56192]}\n>p1 move stoneedge terastallize\n>p2 move willowisp\n>p2 switch 2\n>p1 move closecombat\n>p2 move psychicnoise\n>p2 switch 4\n>p1 switch 6\n>p2 move bellydrum\n>p1 move leafblade\n>p2 move playrough\n>p2 switch 3\n>p1 move leafblade\n>p2 move sunnyday\n>p1 move leafblade\n>p2 move flamethrower\n>p1 switch 2\n>p1 move iciclecrash\n>p2 move hydrosteam\n>p2 switch 5\n>p1 switch 6\n>p2 move eruption\n>p1 switch 5\n>p1 move shadowball\n>p2 move eruption\n>p1 switch 3\n>p1 move highhorsepower\n>p2 move eruption\n>p1 switch 4\n>p1 move facade\n>p2 move eruption\n>p1 move flareblitz\n>p2 move eruption\n>p1 move flareblitz\n>p2 move eruption\n>p1 switch 6\n>p2 switch 6\n>p1 move iciclecrash\n>p2 move dragondance terastallize\n>p1 move closecombat\n>p2 move earthquake", "uploadtime": 1733865327, "views": 15, "formatid": "gen9randombattle", "rating": 1043, "private": 0, "password": null}