{"id": "gen9randombattle-2260921838", "format": "[Gen 9] Random Battle", "players": ["RadnorFizzzz", "Horrow"], "log": "|j|\u2606RadnorFizzzz\n|j|\u2606Horrow\n|t:|1733917176\n|gametype|singles\n|player|p1|RadnorFizzzz|1|1049\n|player|p2|Horrow|hilbert|1000\n|teamsize|p1|6\n|teamsize|p2|6\n|gen|9\n|tier|[Gen 9] Random Battle\n|rated|\n|rule|Species Clause: Limit one of each Pok\u00e9mon\n|rule|HP Percentage Mod: HP is shown in percentages\n|rule|Sleep Clause Mod: Limit one foe put to sleep\n|rule|Illusion Level Mod: Illusion disguises the Pok\u00e9mon's true level\n|\n|t:|1733917176\n|start\n|switch|p1a: Cinccino|Cinccino, L83, M|260/260\n|switch|p2a: Arboliva|Arboliva, L91, F|290/290\n|turn|1\n|inactive|Battle timer is ON: inactive players will automatically lose when time's up. (requested by Horrow)\n|\n|t:|1733917186\n|move|p1a: Cinccino|Triple Axel|p2a: Arboliva\n|-supereffective|p2a: Arboliva\n|-damage|p2a: Arboliva|252/290\n|-fieldstart|move: Grassy Terrain|[from] ability: Seed Sower|[of] p2a: Arboliva\n|-supereffective|p2a: Arboliva\n|-damage|p2a: Arboliva|176/290\n|-supereffective|p2a: Arboliva\n|-damage|p2a: Arboliva|56/290\n|-hitcount|p2a: Arboliva|3\n|move|p2a: Arboliva|Energy Ball|p1a: Cinccino\n|-damage|p1a: Cinccino|16/260\n|\n|-heal|p1a: Cinccino|32/260|[from] Grassy Terrain\n|-heal|p2a: Arboliva|74/290|[from] Grassy Terrain\n|-heal|p2a: Arboliva|92/290|[from] item: Leftovers\n|upkeep\n|turn|2\n|\n|t:|1733917204\n|switch|p2a: Maushold|Maushold, L76|238/238\n|move|p1a: Cinccino|Triple Axel|p2a: Maushold\n|-damage|p2a: Maushold|209/238\n|-crit|p2a: Maushold\n|-damage|p2a: Maushold|130/238\n|-damage|p2a: Maushold|53/238\n|-hitcount|p2a: Maushold|3\n|\n|-heal|p1a: Cinccino|48/260|[from] Grassy Terrain\n|-heal|p2a: Maushold|67/238|[from] Grassy Terrain\n|upkeep\n|turn|3\n|\n|t:|1733917219\n|move|p1a: Cinccino|Triple Axel|p2a: Maushold\n|-damage|p2a: Maushold|38/238\n|-damage|p2a: Maushold|0 fnt\n|faint|p2a: Maushold\n|-hitcount|p2: Maushold|2\n|\n|-heal|p1a: Cinccino|64/260|[from] Grassy Terrain\n|upkeep\n|\n|t:|1733917227\n|switch|p2a: Spectrier|Spectrier, L75|274/274\n|turn|4\n|\n|t:|1733917231\n|move|p1a: Cinccino|Triple Axel|p2a: Spectrier|[miss]\n|-miss|p1a: Cinccino|p2a: Spectrier\n|move|p2a: Spectrier|Draining Kiss|p1a: Cinccino\n|-damage|p1a: Cinccino|0 fnt\n|faint|p1a: Cinccino\n|-ability|p2a: Spectrier|Grim Neigh|boost\n|-boost|p2a: Spectrier|spa|1\n|-damage|p2a: Spectrier|247/274|[from] item: Life Orb\n|\n|-heal|p2a: Spectrier|264/274|[from] Grassy Terrain\n|upkeep\n|\n|t:|1733917247\n|switch|p1a: Torterra|Torterra, L78, F|276/276\n|turn|5\n|\n|t:|1733917257\n|move|p2a: Spectrier|Shadow Ball|p1a: Torterra\n|-damage|p1a: Torterra|68/276\n|-unboost|p1a: Torterra|spd|1\n|-damage|p2a: Spectrier|237/274|[from] item: Life Orb\n|move|p1a: Torterra|Headlong Rush|p2a: Spectrier\n|-damage|p2a: Spectrier|56/274\n|-unboost|p1a: Torterra|def|1\n|-unboost|p1a: Torterra|spd|1\n|\n|-heal|p2a: Spectrier|73/274|[from] Grassy Terrain\n|-heal|p1a: Torterra|85/276|[from] Grassy Terrain\n|-fieldend|move: Grassy Terrain\n|upkeep\n|turn|6\n|\n|t:|1733917269\n|move|p2a: Spectrier|Shadow Ball|p1a: Torterra\n|-damage|p1a: Torterra|0 fnt\n|faint|p1a: Torterra\n|-ability|p2a: Spectrier|Grim Neigh|boost\n|-boost|p2a: Spectrier|spa|1\n|-damage|p2a: Spectrier|46/274|[from] item: Life Orb\n|\n|upkeep\n|\n|t:|1733917276\n|switch|p1a: Galvantula|Galvantula, L82, F|249/249\n|turn|7\n|\n|t:|1733917282\n|move|p2a: Spectrier|Shadow Ball|p1a: Galvantula\n|-damage|p1a: Galvantula|0 fnt\n|faint|p1a: Galvantula\n|-ability|p2a: Spectrier|Grim Neigh|boost\n|-boost|p2a: Spectrier|spa|1\n|-damage|p2a: Spectrier|19/274|[from] item: Life Orb\n|\n|upkeep\n|\n|t:|1733917287\n|switch|p1a: Toxtricity|Toxtricity, L82, M|257/257\n|turn|8\n|\n|t:|1733917294\n|move|p2a: Spectrier|Shadow Ball|p1a: Toxtricity\n|-damage|p1a: Toxtricity|0 fnt\n|faint|p1a: Toxtricity\n|-ability|p2a: Spectrier|Grim Neigh|boost\n|-boost|p2a: Spectrier|spa|1\n|-damage|p2a: Spectrier|0 fnt|[from] item: Life Orb\n|faint|p2a: Spectrier\n|\n|upkeep\n|\n|t:|1733917303\n|switch|p2a: Registeel|Registeel, L81|262/262\n|switch|p1a: Koraidon|Koraidon, L64|235/235\n|-weather|SunnyDay|[from] ability: Orichalcum Pulse|[of] p1a: Koraidon\n|-activate|p1a: Koraidon|Orichalcum Pulse|[source]\n|turn|9\n|\n|t:|1733917312\n|move|p1a: Koraidon|Outrage|p2a: Registeel\n|-resisted|p2a: Registeel\n|-damage|p2a: Registeel|191/262\n|move|p2a: Registeel|Iron Head|p1a: Koraidon\n|-damage|p1a: Koraidon|169/235\n|\n|-weather|SunnyDay|[upkeep]\n|upkeep\n|turn|10\n|\n|t:|1733917321\n|move|p1a: Koraidon|Outrage|p2a: Registeel|[from]lockedmove\n|-resisted|p2a: Registeel\n|-damage|p2a: Registeel|122/262\n|-start|p1a: Koraidon|confusion|[fatigue]\n|move|p2a: Registeel|Body Press|p1a: Koraidon\n|-damage|p1a: Koraidon|85/235\n|\n|-weather|SunnyDay|[upkeep]\n|upkeep\n|turn|11\n|\n|t:|1733917329\n|-terastallize|p1a: Koraidon|Fire\n|-activate|p1a: Koraidon|confusion\n|-damage|p1a: Koraidon|61/235|[from] confusion\n|move|p2a: Registeel|Body Press|p1a: Koraidon\n|-damage|p1a: Koraidon|0 fnt\n|faint|p1a: Koraidon\n|\n|-weather|SunnyDay|[upkeep]\n|upkeep\n|\n|t:|1733917334\n|switch|p1a: Wo-Chien|Wo-Chien, L83|277/277\n|-ability|p1a: Wo-Chien|Tablets of Ruin\n|turn|12\n|\n|t:|1733917341\n|move|p1a: Wo-Chien|Leech Seed|p2a: Registeel\n|-start|p2a: Registeel|move: Leech Seed\n|move|p2a: Registeel|Body Press|p1a: Wo-Chien\n|-supereffective|p1a: Wo-Chien\n|-crit|p1a: Wo-Chien\n|-damage|p1a: Wo-Chien|115/277\n|\n|-weather|SunnyDay|[upkeep]\n|-heal|p1a: Wo-Chien|132/277|[from] item: Leftovers\n|-damage|p2a: Registeel|90/262|[from] Leech Seed|[of] p1a: Wo-Chien\n|-heal|p1a: Wo-Chien|164/277|[silent]\n|upkeep\n|turn|13\n|\n|t:|1733917354\n|move|p1a: Wo-Chien|Knock Off|p2a: Registeel\n|-damage|p2a: Registeel|26/262\n|-enditem|p2a: Registeel|Chesto Berry|[from] move: Knock Off|[of] p1a: Wo-Chien\n|move|p2a: Registeel|Body Press|p1a: Wo-Chien\n|-supereffective|p1a: Wo-Chien\n|-damage|p1a: Wo-Chien|54/277\n|\n|-weather|none\n|-heal|p1a: Wo-Chien|71/277|[from] item: Leftovers\n|-damage|p2a: Registeel|0 fnt|[from] Leech Seed|[of] p1a: Wo-Chien\n|-heal|p1a: Wo-Chien|97/277|[silent]\n|faint|p2a: Registeel\n|upkeep\n|\n|t:|1733917364\n|switch|p2a: Leavanny|Leavanny, L86, F|269/269\n|turn|14\n|\n|t:|1733917369\n|move|p2a: Leavanny|Knock Off|p1a: Wo-Chien\n|-resisted|p1a: Wo-Chien\n|-damage|p1a: Wo-Chien|73/277\n|-enditem|p1a: Wo-Chien|Leftovers|[from] move: Knock Off|[of] p2a: Leavanny\n|move|p1a: Wo-Chien|Leech Seed|p2a: Leavanny\n|-immune|p2a: Leavanny\n|\n|upkeep\n|turn|15\n|\n|t:|1733917378\n|move|p1a: Wo-Chien|Protect|p1a: Wo-Chien\n|-singleturn|p1a: Wo-Chien|Protect\n|move|p2a: Leavanny|Leaf Blade|p1a: Wo-Chien\n|-activate|p1a: Wo-Chien|move: Protect\n|\n|upkeep\n|turn|16\n|\n|t:|1733917385\n|move|p2a: Leavanny|Leaf Blade|p1a: Wo-Chien\n|-resisted|p1a: Wo-Chien\n|-damage|p1a: Wo-Chien|35/277\n|move|p1a: Wo-Chien|Ruination|p2a: Leavanny|[miss]\n|-miss|p1a: Wo-Chien|p2a: Leavanny\n|\n|upkeep\n|turn|17\n|\n|t:|1733917392\n|move|p2a: Leavanny|Leaf Blade|p1a: Wo-Chien\n|-resisted|p1a: Wo-Chien\n|-damage|p1a: Wo-Chien|0 fnt\n|faint|p1a: Wo-Chien\n|\n|win|Horrow\n|raw|RadnorFizzzz's rating: 1049 &rarr; <strong>1029</strong><br />(-20 for losing)\n|raw|Horrow's rating: 1000 &rarr; <strong>1046</strong><br />(+46 for winning)\n", "inputlog": ">version bfd83cad13791eb5a5a409923076391caf6fb4d4\n>start {\"formatid\":\"gen9randombattle\",\"seed\":[45286,55608,28542,60795],\"rated\":\"Rated battle\"}\n>player p1 {\"name\":\"RadnorFizzzz\",\"avatar\":\"1\",\"rating\":1049,\"seed\":[51471,27935,36468,38961]}\n>player p2 {\"name\":\"Horrow\",\"avatar\":\"hilbert\",\"rating\":1000,\"seed\":[18206,49484,31846,23201]}\n>p1 move tripleaxel\n>p2 move energyball\n>p1 move tripleaxel\n>p2 switch 4\n>p1 move tripleaxel\n>p2 move populationbomb\n>p2 switch 5\n>p1 move tripleaxel\n>p2 move drainingkiss\n>p1 switch 3\n>p1 move headlongrush\n>p2 move shadowball\n>p1 move bulletseed\n>p2 move shadowball\n>p1 switch 5\n>p1 move stickyweb\n>p2 move shadowball\n>p1 switch 4\n>p1 move boomburst\n>p2 move shadowball\n>p1 switch 2\n>p2 switch 6\n>p1 move outrage\n>p2 move ironhead\n>p1 move outrage\n>p2 move bodypress\n>p1 move outrage terastallize\n>p2 move bodypress\n>p1 switch 6\n>p1 move leechseed\n>p2 move bodypress\n>p1 move knockoff\n>p2 move bodypress\n>p2 switch 2\n>p1 move leechseed\n>p2 move knockoff\n>p1 move protect\n>p2 move leafblade\n>p1 move ruination\n>p2 move leafblade\n>p1 move knockoff\n>p2 move leafblade", "uploadtime": 1733917401, "views": 1, "formatid": "gen9randombattle", "rating": 1029, "private": 0, "password": null}