{"id": "gen9randombattle-2260501390", "format": "[Gen 9] Random Battle", "players": ["Sinelara", "martijnpowerrrr"], "log": "|j|\u2606Sinelara\n|j|\u2606martijnpowerrrr\n|t:|1733857709\n|gametype|singles\n|player|p1|Sinelara|170|1342\n|player|p2|martijnpowerrrr|1|1364\n|teamsize|p1|6\n|teamsize|p2|6\n|gen|9\n|tier|[Gen 9] Random Battle\n|rated|\n|rule|Species Clause: Limit one of each Pok\u00e9mon\n|rule|HP Percentage Mod: HP is shown in percentages\n|rule|Sleep Clause Mod: Limit one foe put to sleep\n|rule|Illusion Level Mod: Illusion disguises the Pok\u00e9mon's true level\n|\n|t:|1733857709\n|start\n|switch|p1a: Gardevoir|Gardevoir, L83, F|249/249\n|switch|p2a: Iron Boulder|Iron Boulder, L77|265/265\n|turn|1\n|\n|t:|1733857731\n|switch|p1a: Iron Crown|Iron Crown, L78|268/268\n|-end|p2a: Iron Boulder|Quark Drive|[silent]\n|switch|p2a: Iron Treads|Iron Treads, L77|265/265\n|\n|upkeep\n|turn|2\n|\n|t:|1733857766\n|move|p2a: Iron Treads|Rapid Spin|p1a: Iron Crown\n|-resisted|p1a: Iron Crown\n|-damage|p1a: Iron Crown|252/268\n|-boost|p2a: Iron Treads|spe|1\n|move|p1a: Iron Crown|Focus Blast|p2a: Iron Treads\n|-supereffective|p2a: Iron Treads\n|-damage|p2a: Iron Treads|101/265\n|-unboost|p2a: Iron Treads|spd|1\n|\n|-heal|p1a: Iron Crown|268/268|[from] item: Leftovers\n|upkeep\n|turn|3\n|\n|t:|1733857781\n|move|p2a: Iron Treads|Earthquake|p1a: Iron Crown\n|-supereffective|p1a: Iron Crown\n|-damage|p1a: Iron Crown|86/268\n|move|p1a: Iron Crown|Focus Blast|p2a: Iron Treads\n|-supereffective|p2a: Iron Treads\n|-damage|p2a: Iron Treads|0 fnt\n|faint|p2a: Iron Treads\n|-end|p2a: Iron Treads|Quark Drive|[silent]\n|\n|-heal|p1a: Iron Crown|102/268|[from] item: Leftovers\n|upkeep\n|\n|t:|1733857814\n|switch|p2a: Sandaconda|Sandaconda, L84, F|258/258\n|turn|4\n|\n|t:|1733857819\n|-end|p1a: Iron Crown|Quark Drive|[silent]\n|switch|p1a: Comfey|Comfey, L85, F|225/225\n|move|p2a: Sandaconda|Earthquake|p1a: Comfey\n|-damage|p1a: Comfey|123/225\n|\n|-heal|p1a: Comfey|137/225|[from] item: Leftovers\n|upkeep\n|turn|5\n|\n|t:|1733857860\n|move|p1a: Comfey|Draining Kiss|p2a: Sandaconda\n|-damage|p2a: Sandaconda|204/258\n|-heal|p1a: Comfey|178/225|[from] drain|[of] p2a: Sandaconda\n|move|p2a: Sandaconda|Glare|p1a: Comfey\n|-status|p1a: Comfey|par\n|\n|-heal|p2a: Sandaconda|220/258|[from] item: Leftovers\n|-heal|p1a: Comfey|192/225 par|[from] item: Leftovers\n|upkeep\n|turn|6\n|\n|t:|1733857868\n|move|p1a: Comfey|Giga Drain|p2a: Sandaconda\n|-supereffective|p2a: Sandaconda\n|-damage|p2a: Sandaconda|102/258\n|-heal|p1a: Comfey|225/225 par|[from] drain|[of] p2a: Sandaconda\n|move|p2a: Sandaconda|Earthquake|p1a: Comfey\n|-damage|p1a: Comfey|108/225 par\n|\n|-heal|p2a: Sandaconda|118/258|[from] item: Leftovers\n|-heal|p1a: Comfey|122/225 par|[from] item: Leftovers\n|upkeep\n|turn|7\n|\n|t:|1733857891\n|cant|p1a: Comfey|par\n|move|p2a: Sandaconda|Rest|p2a: Sandaconda\n|-status|p2a: Sandaconda|slp|[from] move: Rest\n|-heal|p2a: Sandaconda|258/258 slp|[silent]\n|\n|-heal|p1a: Comfey|136/225 par|[from] item: Leftovers\n|upkeep\n|turn|8\n|\n|t:|1733857896\n|switch|p2a: Regigigas|Regigigas, L84|322/322\n|-start|p2a: Regigigas|ability: Slow Start\n|cant|p1a: Comfey|par\n|\n|-heal|p1a: Comfey|150/225 par|[from] item: Leftovers\n|upkeep\n|turn|9\n|\n|t:|1733857905\n|cant|p1a: Comfey|par\n|move|p2a: Regigigas|Knock Off|p1a: Comfey\n|-resisted|p1a: Comfey\n|-damage|p1a: Comfey|126/225 par\n|-enditem|p1a: Comfey|Leftovers|[from] move: Knock Off|[of] p2a: Regigigas\n|\n|upkeep\n|turn|10\n|\n|t:|1733857910\n|move|p1a: Comfey|Calm Mind|p1a: Comfey\n|-boost|p1a: Comfey|spa|1\n|-boost|p1a: Comfey|spd|1\n|move|p2a: Regigigas|Body Slam|p1a: Comfey\n|-damage|p1a: Comfey|59/225 par\n|\n|upkeep\n|turn|11\n|\n|t:|1733857915\n|cant|p1a: Comfey|par\n|move|p2a: Regigigas|Body Slam|p1a: Comfey\n|-damage|p1a: Comfey|0 fnt\n|faint|p1a: Comfey\n|\n|upkeep\n|c|\u2606Sinelara|D\u00e9sol\u00e9, mais ce soir c'est chiant. Donc va te faire encul\u00e9. Cordialement\n|\n|t:|1733857951\n|switch|p1a: Iron Crown|Iron Crown, L78|102/268\n|turn|12\n|\n|t:|1733857980\n|move|p1a: Iron Crown|Focus Blast|p2a: Regigigas\n|-supereffective|p2a: Regigigas\n|-damage|p2a: Regigigas|166/322\n|move|p2a: Regigigas|Knock Off|p1a: Iron Crown\n|-supereffective|p1a: Iron Crown\n|-damage|p1a: Iron Crown|0 fnt\n|-enditem|p1a: Iron Crown|Leftovers|[from] move: Knock Off|[of] p2a: Regigigas\n|faint|p1a: Iron Crown\n|-end|p1a: Iron Crown|Quark Drive|[silent]\n|\n|-heal|p2a: Regigigas|186/322|[from] item: Leftovers\n|upkeep\n|\n|t:|1733857994\n|switch|p1a: Gardevoir|Gardevoir, L83, F|249/249\n|-start|p1a: Gardevoir|ability: Slow Start\n|-ability|p1a: Gardevoir|Slow Start|[from] ability: Trace|[of] p2a: Regigigas\n|turn|13\n|\n|t:|1733858011\n|-terastallize|p1a: Gardevoir|Fighting\n|move|p1a: Gardevoir|Focus Blast|p2a: Regigigas|[miss]\n|-miss|p1a: Gardevoir|p2a: Regigigas\n|move|p2a: Regigigas|Sleep Talk||[still]\n|-fail|p2a: Regigigas\n|\n|-heal|p2a: Regigigas|206/322|[from] item: Leftovers\n|-end|p2a: Regigigas|Slow Start\n|upkeep\n|turn|14\n|\n|t:|1733858018\n|move|p2a: Regigigas|Rest|p2a: Regigigas\n|-status|p2a: Regigigas|slp|[from] move: Rest\n|-heal|p2a: Regigigas|322/322 slp|[silent]\n|move|p1a: Gardevoir|Focus Blast|p2a: Regigigas|[miss]\n|-miss|p1a: Gardevoir|p2a: Regigigas\n|\n|upkeep\n|turn|15\n|\n|t:|1733858031\n|-terastallize|p2a: Regigigas|Ghost\n|cant|p2a: Regigigas|slp\n|move|p2a: Regigigas|Sleep Talk|p2a: Regigigas\n|move|p2a: Regigigas|Body Slam|p1a: Gardevoir|[from]move: Sleep Talk\n|-damage|p1a: Gardevoir|71/249\n|move|p1a: Gardevoir|Focus Blast|p2a: Regigigas\n|-immune|p2a: Regigigas\n|\n|upkeep\n|turn|16\n|c|\u2606Sinelara|gg bouffon\n|c|\u2606martijnpowerrrr|haha\n|-message|Sinelara forfeited.\n|\n|win|martijnpowerrrr\n", "inputlog": ">version bfd83cad13791eb5a5a409923076391caf6fb4d4\n>start {\"formatid\":\"gen9randombattle\",\"seed\":[45963,235,18312,20246],\"rated\":\"Rated battle\"}\n>player p1 {\"name\":\"Sinelara\",\"avatar\":\"170\",\"rating\":1342,\"seed\":[42770,37705,10188,44293]}\n>player p2 {\"name\":\"martijnpowerrrr\",\"avatar\":\"1\",\"rating\":1364,\"seed\":[1663,20693,115,54123]}\n>p1 switch 3\n>p2 switch 4\n>p1 move focusblast\n>p2 move rapidspin\n>p1 move focusblast\n>p2 move earthquake\n>p2 switch 5\n>p1 switch 2\n>p2 move earthquake\n>p1 move drainingkiss\n>p2 move glare\n>p1 move gigadrain\n>p2 move earthquake\n>p1 move gigadrain\n>p2 move rest\n>p1 move calmmind\n>p2 switch 6\n>p1 move calmmind\n>p2 move knockoff\n>p1 move calmmind\n>p2 move bodyslam\n>p1 move drainingkiss\n>p2 move bodyslam\n>chat \u2606Sinelara|D\u00e9sol\u00e9, mais ce soir c'est chiant. Donc va te faire encul\u00e9. Cordialement\n>p1 switch 2\n>p1 move focusblast\n>p2 move knockoff\n>p1 switch 3\n>p1 move focusblast terastallize\n>p2 move sleeptalk\n>p1 move focusblast\n>p2 move rest\n>p1 move focusblast\n>p2 move sleeptalk terastallize\n>chat \u2606Sinelara|gg bouffon\n>chat \u2606martijnpowerrrr|haha\n>forcelose p1", "uploadtime": 1733857941, "views": 1, "formatid": "gen9randombattle", "rating": null, "private": 0, "password": null}