{"id": "gen9randombattle-2260342534", "format": "[Gen 9] Random Battle", "players": ["Ndjioihh", "ole er ikke mig"], "log": "|j|\u2606Ndjioihh\n|j|\u2606ole er ikke mig\n|t:|1733842015\n|gametype|singles\n|player|p1|Ndjioihh|266|1000\n|player|p2|ole er ikke mig|lucas|1039\n|teamsize|p1|6\n|teamsize|p2|6\n|gen|9\n|tier|[Gen 9] Random Battle\n|rated|\n|rule|Species Clause: Limit one of each Pok\u00e9mon\n|rule|HP Percentage Mod: HP is shown in percentages\n|rule|Sleep Clause Mod: Limit one foe put to sleep\n|rule|Illusion Level Mod: Illusion disguises the Pok\u00e9mon's true level\n|\n|t:|1733842015\n|start\n|switch|p1a: Samurott|Samurott, L88, F|310/310\n|switch|p2a: Meowstic|Meowstic-F, L89, F|277/277\n|turn|1\n|\n|t:|1733842032\n|move|p2a: Meowstic|Nasty Plot|p2a: Meowstic\n|-boost|p2a: Meowstic|spa|2\n|move|p1a: Samurott|Knock Off|p2a: Meowstic\n|-supereffective|p2a: Meowstic\n|-damage|p2a: Meowstic|79/277\n|-enditem|p2a: Meowstic|Life Orb|[from] move: Knock Off|[of] p1a: Samurott\n|-damage|p1a: Samurott|279/310|[from] item: Life Orb\n|\n|upkeep\n|turn|2\n|inactive|Battle timer is ON: inactive players will automatically lose when time's up. (requested by ole er ikke mig)\n|\n|t:|1733842045\n|switch|p1a: Ting-Lu|Ting-Lu, L78|370/370\n|-ability|p1a: Ting-Lu|Vessel of Ruin\n|move|p2a: Meowstic|Thunderbolt|p1a: Ting-Lu\n|-immune|p1a: Ting-Lu\n|\n|upkeep\n|turn|3\n|\n|t:|1733842058\n|switch|p2a: Torterra|Torterra, L78, F|276/276\n|move|p1a: Ting-Lu|Earthquake|p2a: Torterra\n|-resisted|p2a: Torterra\n|-damage|p2a: Torterra|231/276\n|\n|upkeep\n|turn|4\n|\n|t:|1733842076\n|move|p2a: Torterra|Shell Smash|p2a: Torterra\n|-unboost|p2a: Torterra|def|1\n|-unboost|p2a: Torterra|spd|1\n|-boost|p2a: Torterra|atk|2\n|-boost|p2a: Torterra|spa|2\n|-boost|p2a: Torterra|spe|2\n|move|p1a: Ting-Lu|Ruination|p2a: Torterra\n|-damage|p2a: Torterra|116/276\n|\n|upkeep\n|turn|5\n|\n|t:|1733842088\n|-terastallize|p1a: Ting-Lu|Ghost\n|move|p2a: Torterra|Bullet Seed|p1a: Ting-Lu\n|-damage|p1a: Ting-Lu|327/370\n|-damage|p1a: Ting-Lu|287/370\n|-damage|p1a: Ting-Lu|245/370\n|-damage|p1a: Ting-Lu|200/370\n|-hitcount|p1a: Ting-Lu|4\n|move|p1a: Ting-Lu|Payback|p2a: Torterra\n|-damage|p2a: Torterra|0 fnt\n|faint|p2a: Torterra\n|\n|upkeep\n|\n|t:|1733842096\n|switch|p2a: Mismagius|Mismagius, L86, F|243/243\n|turn|6\n|\n|t:|1733842107\n|move|p2a: Mismagius|Shadow Ball|p1a: Ting-Lu\n|-supereffective|p1a: Ting-Lu\n|-damage|p1a: Ting-Lu|86/370\n|move|p1a: Ting-Lu|Payback|p2a: Mismagius\n|-supereffective|p2a: Mismagius\n|-crit|p2a: Mismagius\n|-damage|p2a: Mismagius|0 fnt\n|faint|p2a: Mismagius\n|\n|upkeep\n|inactive|ole er ikke mig has 120 seconds left.\n|\n|t:|1733842140\n|switch|p2a: Meowstic|Meowstic-F, L89, F|79/277\n|turn|7\n|\n|t:|1733842145\n|move|p2a: Meowstic|Dark Pulse|p1a: Ting-Lu\n|-supereffective|p1a: Ting-Lu\n|-damage|p1a: Ting-Lu|26/370\n|move|p1a: Ting-Lu|Earthquake|p2a: Meowstic\n|-damage|p2a: Meowstic|0 fnt\n|faint|p2a: Meowstic\n|\n|upkeep\n|\n|t:|1733842148\n|switch|p2a: Lanturn|Lanturn, L89, M|367/367\n|turn|8\n|\n|t:|1733842156\n|move|p2a: Lanturn|Ice Beam|p1a: Ting-Lu\n|-damage|p1a: Ting-Lu|0 fnt\n|faint|p1a: Ting-Lu\n|\n|upkeep\n|\n|t:|1733842167\n|switch|p1a: Tauros|Tauros, L82, M|257/257\n|turn|9\n|\n|t:|1733842173\n|move|p1a: Tauros|Earthquake|p2a: Lanturn\n|-supereffective|p2a: Lanturn\n|-damage|p2a: Lanturn|141/367\n|-damage|p1a: Tauros|232/257|[from] item: Life Orb\n|move|p2a: Lanturn|Thunder Wave|p1a: Tauros\n|-status|p1a: Tauros|par\n|\n|-heal|p2a: Lanturn|163/367|[from] item: Leftovers\n|upkeep\n|turn|10\n|\n|t:|1733842185\n|switch|p2a: Drednaw|Drednaw, L81, M|278/278\n|cant|p1a: Tauros|par\n|\n|upkeep\n|turn|11\n|\n|t:|1733842192\n|move|p2a: Drednaw|Shell Smash|p2a: Drednaw\n|-unboost|p2a: Drednaw|def|1\n|-unboost|p2a: Drednaw|spd|1\n|-boost|p2a: Drednaw|atk|2\n|-boost|p2a: Drednaw|spa|2\n|-boost|p2a: Drednaw|spe|2\n|-enditem|p2a: Drednaw|White Herb\n|-clearnegativeboost|p2a: Drednaw|[silent]\n|move|p1a: Tauros|Close Combat|p2a: Drednaw\n|-supereffective|p2a: Drednaw\n|-damage|p2a: Drednaw|60/278\n|-unboost|p1a: Tauros|def|1\n|-unboost|p1a: Tauros|spd|1\n|-damage|p1a: Tauros|207/257 par|[from] item: Life Orb\n|\n|upkeep\n|turn|12\n|\n|t:|1733842206\n|move|p2a: Drednaw|Liquidation|p1a: Tauros\n|-damage|p1a: Tauros|0 fnt\n|faint|p1a: Tauros\n|\n|upkeep\n|\n|t:|1733842212\n|switch|p1a: Samurott|Samurott, L88, F|279/310\n|turn|13\n|\n|t:|1733842220\n|move|p2a: Drednaw|Crunch|p1a: Samurott\n|-damage|p1a: Samurott|99/310\n|move|p1a: Samurott|Sacred Sword|p2a: Drednaw\n|-supereffective|p2a: Drednaw\n|-damage|p2a: Drednaw|0 fnt\n|faint|p2a: Drednaw\n|-damage|p1a: Samurott|68/310|[from] item: Life Orb\n|\n|upkeep\n|\n|t:|1733842223\n|switch|p2a: Lanturn|Lanturn, L89, M|163/367\n|turn|14\n|\n|t:|1733842231\n|move|p1a: Samurott|Knock Off|p2a: Lanturn\n|-damage|p2a: Lanturn|42/367\n|-enditem|p2a: Lanturn|Leftovers|[from] move: Knock Off|[of] p1a: Samurott\n|-damage|p1a: Samurott|37/310|[from] item: Life Orb\n|move|p2a: Lanturn|Thunderbolt|p1a: Samurott\n|-supereffective|p1a: Samurott\n|-damage|p1a: Samurott|0 fnt\n|faint|p1a: Samurott\n|\n|upkeep\n|\n|t:|1733842244\n|switch|p1a: Venomoth|Venomoth, L84, M|255/255\n|turn|15\n|\n|t:|1733842250\n|move|p1a: Venomoth|Bug Buzz|p2a: Lanturn\n|-damage|p2a: Lanturn|0 fnt\n|faint|p2a: Lanturn\n|\n|upkeep\n|\n|t:|1733842253\n|switch|p2a: Tinkaton|Tinkaton, L82, F|274/274\n|-ability|p2a: Tinkaton|Mold Breaker\n|turn|16\n|\n|t:|1733842260\n|move|p2a: Tinkaton|Swords Dance|p2a: Tinkaton\n|-boost|p2a: Tinkaton|atk|2\n|move|p1a: Venomoth|Sleep Powder|p2a: Tinkaton\n|-status|p2a: Tinkaton|slp|[from] move: Sleep Powder\n|\n|upkeep\n|turn|17\n|\n|t:|1733842267\n|switch|p1a: Torkoal|Torkoal, L88, M|266/266\n|-weather|SunnyDay|[from] ability: Drought|[of] p1a: Torkoal\n|cant|p2a: Tinkaton|slp\n|\n|-weather|SunnyDay|[upkeep]\n|upkeep\n|turn|18\n|\n|t:|1733842280\n|cant|p2a: Tinkaton|slp\n|move|p1a: Torkoal|Lava Plume|p2a: Tinkaton\n|-supereffective|p2a: Tinkaton\n|-damage|p2a: Tinkaton|40/274 slp\n|\n|-weather|SunnyDay|[upkeep]\n|upkeep\n|turn|19\n|\n|t:|1733842288\n|cant|p2a: Tinkaton|slp\n|move|p1a: Torkoal|Lava Plume|p2a: Tinkaton\n|-supereffective|p2a: Tinkaton\n|-damage|p2a: Tinkaton|0 fnt\n|faint|p2a: Tinkaton\n|\n|win|Ndjioihh\n|raw|Ndjioihh's rating: 1000 &rarr; <strong>1044</strong><br />(+44 for winning)\n|raw|ole er ikke mig's rating: 1039 &rarr; <strong>1021</strong><br />(-18 for losing)\n|l|\u2606ole er ikke mig\n|player|p2|\n", "inputlog": ">version bfd83cad13791eb5a5a409923076391caf6fb4d4\n>start {\"formatid\":\"gen9randombattle\",\"seed\":[11243,15141,51767,20262],\"rated\":\"Rated battle\"}\n>player p1 {\"name\":\"Ndjioihh\",\"avatar\":\"266\",\"rating\":1000,\"seed\":[57204,4218,34750,22717]}\n>player p2 {\"name\":\"ole er ikke mig\",\"avatar\":\"lucas\",\"rating\":1039,\"seed\":[21032,27736,13701,52847]}\n>p1 move knockoff\n>p2 move nastyplot\n>p1 switch 3\n>p2 move thunderbolt\n>p1 move earthquake\n>p2 switch 4\n>p1 move ruination\n>p2 move shellsmash\n>p1 move payback terastallize\n>p2 move bulletseed\n>p2 switch 6\n>p1 move payback\n>p2 move shadowball\n>p2 switch 4\n>p1 move earthquake\n>p2 move darkpulse\n>p2 switch 2\n>p1 move earthquake\n>p2 move icebeam\n>p1 switch 4\n>p1 move earthquake\n>p2 move thunderwave\n>p1 move bodyslam\n>p2 switch 5\n>p1 move closecombat\n>p2 move shellsmash\n>p1 move closecombat\n>p2 move liquidation\n>p1 switch 3\n>p1 move sacredsword\n>p2 move crunch\n>p2 switch 5\n>p1 move knockoff\n>p2 move thunderbolt\n>p1 switch 6\n>p1 move bugbuzz\n>p2 move thunderwave\n>p2 switch 3\n>p1 move sleeppowder\n>p2 move swordsdance\n>p1 switch 5\n>p2 move swordsdance\n>p1 move lavaplume\n>p2 move knockoff\n>p1 move lavaplume\n>p2 move knockoff", "uploadtime": 1733842296, "views": 1, "formatid": "gen9randombattle", "rating": 1021, "private": 0, "password": null}