{"id": "gen9randombattle-2234625379", "format": "[Gen 9] Random Battle", "players": ["Nuinunui", "Vitoran"], "log": "|badge|p2|bronze|gen9randombattle|100-3\n|uhtml|medal-msg|<div class=\"broadcast-blue\">Curious what those medals under the avatar are? PS now has Ladder Seasons! For more information, check out the <a href=\"https://www.smogon.com/forums/threads/3740067/\">thread on Smogon.</a></div>\n|j|\u2606Nuinunui\n|j|\u2606Vitoran\n|t:|1730371555\n|gametype|singles\n|player|p1|Nuinunui|266|2253\n|player|p2|Vitoran|nemona-v|2325\n|teamsize|p1|6\n|teamsize|p2|6\n|gen|9\n|tier|[Gen 9] Random Battle\n|rated|\n|rule|Species Clause: Limit one of each Pok\u00e9mon\n|rule|HP Percentage Mod: HP is shown in percentages\n|rule|Sleep Clause Mod: Limit one foe put to sleep\n|rule|Illusion Level Mod: Illusion disguises the Pok\u00e9mon's true level\n|\n|t:|1730371555\n|start\n|switch|p1a: Arceus|Arceus-Ground, L70|284/284\n|switch|p2a: Moltres|Moltres, L81|278/278\n|turn|1\n|inactive|Battle timer is ON: inactive players will automatically lose when time's up. (requested by Vitoran)\n|c|\u2606Vitoran|glhf\n|inactive|Vitoran has 120 seconds left.\n|\n|t:|1730371587\n|switch|p2a: Keldeo|Keldeo-Resolute, L79|273/273\n|move|p1a: Arceus|Stone Edge|p2a: Keldeo\n|-resisted|p2a: Keldeo\n|-damage|p2a: Keldeo|243/273\n|\n|-heal|p2a: Keldeo|260/273|[from] item: Leftovers\n|upkeep\n|turn|2\n|\n|t:|1730371597\n|switch|p2a: Palafin|Palafin, L77, M|281/281\n|switch|p1a: Amoonguss|Amoonguss, L82, F|321/321\n|\n|upkeep\n|turn|3\n|\n|t:|1730371605\n|detailschange|p2a: Palafin|Palafin-Hero, L77, M\n|switch|p2a: Venusaur|Venusaur, L84, M|272/272\n|move|p1a: Amoonguss|Spore|p2a: Venusaur\n|-immune|p2a: Venusaur\n|\n|upkeep\n|turn|4\n|\n|t:|1730371612\n|switch|p1a: Chandelure|Chandelure, L83, M|235/235\n|move|p2a: Venusaur|Sludge Bomb|p1a: Chandelure\n|-resisted|p1a: Chandelure\n|-damage|p1a: Chandelure|190/235\n|\n|upkeep\n|turn|5\n|\n|t:|1730371622\n|switch|p2a: Moltres|Moltres, L81|278/278\n|move|p1a: Chandelure|Fire Blast|p2a: Moltres\n|-resisted|p2a: Moltres\n|-damage|p2a: Moltres|199/278\n|\n|upkeep\n|turn|6\n|\n|t:|1730371632\n|move|p2a: Moltres|Scorching Sands|p1a: Chandelure\n|-supereffective|p1a: Chandelure\n|-damage|p1a: Chandelure|74/235\n|move|p1a: Chandelure|Shadow Ball|p2a: Moltres\n|-damage|p2a: Moltres|75/278\n|-unboost|p2a: Moltres|spd|1\n|\n|upkeep\n|turn|7\n|\n|t:|1730371640\n|switch|p1a: Arceus|Arceus-Ground, L70|284/284\n|move|p2a: Moltres|Scorching Sands|p1a: Arceus\n|-damage|p1a: Arceus|232/284\n|\n|upkeep\n|turn|8\n|\n|t:|1730371653\n|move|p1a: Arceus|Swords Dance|p1a: Arceus\n|-boost|p1a: Arceus|atk|2\n|move|p2a: Moltres|Roost|p2a: Moltres\n|-heal|p2a: Moltres|214/278\n|-singleturn|p2a: Moltres|move: Roost\n|\n|upkeep\n|turn|9\n|\n|t:|1730371668\n|switch|p2a: Mightyena|Mightyena, L95, M|287/287\n|-ability|p2a: Mightyena|Intimidate|boost\n|-unboost|p1a: Arceus|atk|1\n|move|p1a: Arceus|Stone Edge|p2a: Mightyena\n|-damage|p2a: Mightyena|190/287\n|\n|-heal|p2a: Mightyena|207/287|[from] item: Leftovers\n|upkeep\n|turn|10\n|\n|t:|1730371676\n|move|p1a: Arceus|Earthquake|p2a: Mightyena\n|-damage|p2a: Mightyena|44/287\n|move|p2a: Mightyena|Throat Chop|p1a: Arceus\n|-damage|p1a: Arceus|133/284\n|-start|p1a: Arceus|Throat Chop|[silent]\n|\n|-heal|p2a: Mightyena|61/287|[from] item: Leftovers\n|upkeep\n|turn|11\n|\n|t:|1730371684\n|move|p1a: Arceus|Extreme Speed|p2a: Mightyena\n|-damage|p2a: Mightyena|0 fnt\n|faint|p2a: Mightyena\n|\n|-end|p1a: Arceus|Throat Chop|[silent]\n|upkeep\n|\n|t:|1730371695\n|switch|p2a: Palafin|Palafin-Hero, L77, M|281/281\n|-activate|p2a: Palafin|ability: Zero to Hero\n|turn|12\n|\n|t:|1730371701\n|switch|p1a: Salamence|Salamence, L77, M|273/273\n|-ability|p1a: Salamence|Intimidate|boost\n|-unboost|p2a: Palafin|atk|1\n|move|p2a: Palafin|Jet Punch|p1a: Salamence\n|-resisted|p1a: Salamence\n|-damage|p1a: Salamence|242/273\n|\n|upkeep\n|turn|13\n|\n|t:|1730371723\n|switch|p2a: Moltres|Moltres, L81|214/278\n|switch|p1a: Abomasnow|Abomasnow, L85, M|291/291\n|-weather|Snow|[from] ability: Snow Warning|[of] p1a: Abomasnow\n|\n|-weather|Snow|[upkeep]\n|upkeep\n|turn|14\n|j| hong hoornstaart\n|\n|t:|1730371731\n|switch|p1a: Salamence|Salamence, L77, M|242/273\n|-ability|p1a: Salamence|Intimidate|boost\n|-unboost|p2a: Moltres|atk|1\n|move|p2a: Moltres|Fire Blast|p1a: Salamence|[miss]\n|-miss|p2a: Moltres|p1a: Salamence\n|\n|-weather|Snow|[upkeep]\n|upkeep\n|turn|15\n|\n|t:|1730371740\n|move|p1a: Salamence|Dragon Dance|p1a: Salamence\n|-boost|p1a: Salamence|atk|1\n|-boost|p1a: Salamence|spe|1\n|move|p2a: Moltres|Brave Bird|p1a: Salamence\n|-damage|p1a: Salamence|149/273\n|-damage|p2a: Moltres|183/278|[from] Recoil\n|\n|-weather|Snow|[upkeep]\n|upkeep\n|turn|16\n|\n|t:|1730371746\n|move|p1a: Salamence|Outrage|p2a: Moltres\n|-damage|p2a: Moltres|0 fnt\n|faint|p2a: Moltres\n|\n|-weather|Snow|[upkeep]\n|upkeep\n|\n|t:|1730371754\n|switch|p2a: Venusaur|Venusaur, L84, M|272/272\n|turn|17\n|\n|t:|1730371764\n|move|p1a: Salamence|Outrage|p2a: Venusaur|[from]lockedmove\n|-damage|p2a: Venusaur|44/272\n|move|p2a: Venusaur|Sludge Bomb|p1a: Salamence\n|-crit|p1a: Salamence\n|-damage|p1a: Salamence|0 fnt\n|faint|p1a: Salamence\n|\n|-weather|none\n|-heal|p2a: Venusaur|61/272|[from] item: Leftovers\n|upkeep\n|\n|t:|1730371769\n|switch|p1a: Arceus|Arceus-Ground, L70|133/284\n|turn|18\n|\n|t:|1730371777\n|switch|p2a: Keldeo|Keldeo-Resolute, L79|260/273\n|move|p1a: Arceus|Earthquake|p2a: Keldeo\n|-damage|p2a: Keldeo|148/273\n|\n|-heal|p2a: Keldeo|165/273|[from] item: Leftovers\n|upkeep\n|turn|19\n|\n|t:|1730371785\n|switch|p2a: Venusaur|Venusaur, L84, M|61/272\n|switch|p1a: Amoonguss|Amoonguss, L82, F|321/321\n|\n|-heal|p2a: Venusaur|78/272|[from] item: Leftovers\n|upkeep\n|turn|20\n|\n|t:|1730371790\n|move|p2a: Venusaur|Synthesis|p2a: Venusaur\n|-heal|p2a: Venusaur|214/272\n|move|p1a: Amoonguss|Sludge Bomb|p2a: Venusaur\n|-damage|p2a: Venusaur|139/272\n|\n|-heal|p2a: Venusaur|156/272|[from] item: Leftovers\n|upkeep\n|turn|21\n|\n|t:|1730371795\n|move|p2a: Venusaur|Sludge Bomb|p1a: Amoonguss\n|-damage|p1a: Amoonguss|210/321\n|move|p1a: Amoonguss|Sludge Bomb|p2a: Venusaur\n|-damage|p2a: Venusaur|89/272\n|\n|-heal|p2a: Venusaur|106/272|[from] item: Leftovers\n|upkeep\n|turn|22\n|\n|t:|1730371802\n|switch|p1a: Okidogi|Okidogi, L77, M|262/262\n|move|p2a: Venusaur|Synthesis|p2a: Venusaur\n|-heal|p2a: Venusaur|242/272\n|\n|-heal|p2a: Venusaur|259/272|[from] item: Leftovers\n|upkeep\n|turn|23\n|\n|t:|1730371808\n|move|p2a: Venusaur|Earth Power|p1a: Okidogi\n|-supereffective|p1a: Okidogi\n|-damage|p1a: Okidogi|170/262\n|move|p1a: Okidogi|Knock Off|p2a: Venusaur\n|-damage|p2a: Venusaur|187/272\n|-enditem|p2a: Venusaur|Leftovers|[from] move: Knock Off|[of] p1a: Okidogi\n|\n|upkeep\n|turn|24\n|\n|t:|1730371814\n|move|p2a: Venusaur|Earth Power|p1a: Okidogi\n|-supereffective|p1a: Okidogi\n|-damage|p1a: Okidogi|74/262\n|move|p1a: Okidogi|Gunk Shot|p2a: Venusaur\n|-damage|p2a: Venusaur|55/272\n|\n|upkeep\n|turn|25\n|\n|t:|1730371823\n|switch|p1a: Amoonguss|Amoonguss, L82, F|317/321\n|move|p2a: Venusaur|Synthesis|p2a: Venusaur\n|-heal|p2a: Venusaur|191/272\n|\n|upkeep\n|turn|26\n|\n|t:|1730371842\n|move|p2a: Venusaur|Sludge Bomb|p1a: Amoonguss\n|-damage|p1a: Amoonguss|214/321\n|move|p1a: Amoonguss|Sludge Bomb|p2a: Venusaur\n|-damage|p2a: Venusaur|115/272\n|\n|upkeep\n|turn|27\n|\n|t:|1730371848\n|move|p2a: Venusaur|Synthesis|p2a: Venusaur\n|-heal|p2a: Venusaur|251/272\n|move|p1a: Amoonguss|Sludge Bomb|p2a: Venusaur\n|-damage|p2a: Venusaur|178/272\n|\n|upkeep\n|turn|28\n|\n|t:|1730371852\n|move|p2a: Venusaur|Sludge Bomb|p1a: Amoonguss\n|-damage|p1a: Amoonguss|114/321\n|move|p1a: Amoonguss|Sludge Bomb|p2a: Venusaur\n|-damage|p2a: Venusaur|106/272\n|\n|upkeep\n|turn|29\n|\n|t:|1730371860\n|switch|p1a: Arceus|Arceus-Ground, L70|133/284\n|move|p2a: Venusaur|Synthesis|p2a: Venusaur\n|-heal|p2a: Venusaur|242/272\n|\n|upkeep\n|turn|30\n|\n|t:|1730371866\n|move|p1a: Arceus|Earthquake|p2a: Venusaur\n|-damage|p2a: Venusaur|136/272\n|move|p2a: Venusaur|Sleep Powder|p1a: Arceus\n|-status|p1a: Arceus|slp|[from] move: Sleep Powder\n|\n|upkeep\n|turn|31\n|\n|t:|1730371873\n|switch|p1a: Abomasnow|Abomasnow, L85, M|291/291\n|-weather|Snow|[from] ability: Snow Warning|[of] p1a: Abomasnow\n|move|p2a: Venusaur|Synthesis|p2a: Venusaur\n|-heal|p2a: Venusaur|204/272\n|\n|-weather|Snow|[upkeep]\n|upkeep\n|turn|32\n|\n|t:|1730371886\n|switch|p2a: Keldeo|Keldeo-Resolute, L79|165/273\n|move|p1a: Abomasnow|Aurora Veil|p1a: Abomasnow\n|-sidestart|p1: Nuinunui|move: Aurora Veil\n|\n|-weather|Snow|[upkeep]\n|-heal|p2a: Keldeo|182/273|[from] item: Leftovers\n|upkeep\n|turn|33\n|\n|t:|1730371897\n|move|p2a: Keldeo|Secret Sword|p1a: Abomasnow\n|-supereffective|p1a: Abomasnow\n|-damage|p1a: Abomasnow|224/291\n|move|p1a: Abomasnow|Wood Hammer|p2a: Keldeo\n|-supereffective|p2a: Keldeo\n|-damage|p2a: Keldeo|0 fnt\n|faint|p2a: Keldeo\n|-damage|p1a: Abomasnow|164/291|[from] Recoil\n|\n|-weather|Snow|[upkeep]\n|upkeep\n|inactive|Vitoran has 120 seconds left.\n|\n|t:|1730371924\n|switch|p2a: Arceus|Arceus-Dragon, L71|288/288\n|turn|34\n|\n|t:|1730371930\n|-terastallize|p2a: Arceus|Fire\n|-terastallize|p1a: Abomasnow|Ice\n|move|p2a: Arceus|Swords Dance|p2a: Arceus\n|-boost|p2a: Arceus|atk|2\n|move|p1a: Abomasnow|Blizzard|p2a: Arceus\n|-resisted|p2a: Arceus\n|-damage|p2a: Arceus|211/288\n|\n|-weather|Snow|[upkeep]\n|upkeep\n|turn|35\n|\n|t:|1730371937\n|switch|p1a: Chandelure|Chandelure, L83, M|74/235\n|move|p2a: Arceus|Flare Blitz|p1a: Chandelure\n|-start|p1a: Chandelure|ability: Flash Fire\n|\n|-weather|none\n|upkeep\n|turn|36\n|\n|t:|1730371942\n|move|p2a: Arceus|Outrage|p1a: Chandelure\n|-damage|p1a: Chandelure|0 fnt\n|faint|p1a: Chandelure\n|\n|upkeep\n|\n|t:|1730371947\n|switch|p1a: Amoonguss|Amoonguss, L82, F|221/321\n|turn|37\n|\n|t:|1730371950\n|move|p2a: Arceus|Outrage|p1a: Amoonguss|[from]lockedmove\n|-damage|p1a: Amoonguss|70/321\n|-damage|p2a: Arceus|163/288|[from] item: Rocky Helmet|[of] p1a: Amoonguss\n|-start|p2a: Arceus|confusion|[fatigue]\n|move|p1a: Amoonguss|Spore|p2a: Arceus\n|-status|p2a: Arceus|slp|[from] move: Spore\n|\n|upkeep\n|turn|38\n|\n|t:|1730371957\n|cant|p2a: Arceus|slp\n|move|p1a: Amoonguss|Sludge Bomb|p2a: Arceus\n|-damage|p2a: Arceus|88/288 slp\n|\n|upkeep\n|turn|39\n|\n|t:|1730371961\n|cant|p2a: Arceus|slp\n|move|p1a: Amoonguss|Stomping Tantrum|p2a: Arceus\n|-supereffective|p2a: Arceus\n|-damage|p2a: Arceus|2/288 slp\n|\n|-sideend|p1: Nuinunui|move: Aurora Veil\n|upkeep\n|turn|40\n|\n|t:|1730371965\n|switch|p2a: Venusaur|Venusaur, L84, M|204/272\n|switch|p1a: Okidogi|Okidogi, L77, M|74/262\n|\n|upkeep\n|turn|41\n|\n|t:|1730371972\n|switch|p1a: Amoonguss|Amoonguss, L82, F|177/321\n|move|p2a: Venusaur|Earth Power|p1a: Amoonguss\n|-damage|p1a: Amoonguss|101/321\n|\n|upkeep\n|turn|42\n|\n|t:|1730371975\n|switch|p1a: Okidogi|Okidogi, L77, M|74/262\n|move|p2a: Venusaur|Sludge Bomb|p1a: Okidogi\n|-resisted|p1a: Okidogi\n|-damage|p1a: Okidogi|41/262\n|\n|upkeep\n|turn|43\n|\n|t:|1730371978\n|switch|p1a: Amoonguss|Amoonguss, L82, F|208/321\n|move|p2a: Venusaur|Earth Power|p1a: Amoonguss\n|-damage|p1a: Amoonguss|142/321\n|\n|upkeep\n|turn|44\n|\n|t:|1730371982\n|switch|p1a: Okidogi|Okidogi, L77, M|41/262\n|move|p2a: Venusaur|Sludge Bomb|p1a: Okidogi\n|-resisted|p1a: Okidogi\n|-damage|p1a: Okidogi|4/262\n|\n|upkeep\n|turn|45\n|\n|t:|1730371989\n|move|p2a: Venusaur|Earth Power|p1a: Okidogi\n|-supereffective|p1a: Okidogi\n|-damage|p1a: Okidogi|0 fnt\n|faint|p1a: Okidogi\n|\n|upkeep\n|\n|t:|1730371992\n|switch|p1a: Abomasnow|Abomasnow, L85, M, tera:Ice|164/291\n|-weather|Snow|[from] ability: Snow Warning|[of] p1a: Abomasnow\n|turn|46\n|\n|t:|1730372003\n|switch|p2a: Palafin|Palafin-Hero, L77, M|281/281\n|move|p1a: Abomasnow|Aurora Veil|p1a: Abomasnow\n|-sidestart|p1: Nuinunui|move: Aurora Veil\n|\n|-weather|Snow|[upkeep]\n|upkeep\n|turn|47\n|\n|t:|1730372012\n|move|p2a: Palafin|Drain Punch|p1a: Abomasnow\n|-supereffective|p1a: Abomasnow\n|-damage|p1a: Abomasnow|116/291\n|move|p1a: Abomasnow|Wood Hammer|p2a: Palafin\n|-supereffective|p2a: Palafin\n|-damage|p2a: Palafin|9/281\n|-damage|p1a: Abomasnow|26/291|[from] Recoil\n|\n|-weather|Snow|[upkeep]\n|-heal|p2a: Palafin|26/281|[from] item: Leftovers\n|upkeep\n|turn|48\n|\n|t:|1730372026\n|move|p2a: Palafin|Jet Punch|p1a: Abomasnow\n|-damage|p1a: Abomasnow|0 fnt\n|faint|p1a: Abomasnow\n|\n|-weather|Snow|[upkeep]\n|-heal|p2a: Palafin|43/281|[from] item: Leftovers\n|upkeep\n|\n|t:|1730372028\n|switch|p1a: Amoonguss|Amoonguss, L82, F|249/321\n|turn|49\n|\n|t:|1730372038\n|move|p2a: Palafin|Wave Crash|p1a: Amoonguss\n|-resisted|p1a: Amoonguss\n|-damage|p1a: Amoonguss|204/321\n|-damage|p2a: Palafin|0 fnt|[from] item: Rocky Helmet|[of] p1a: Amoonguss\n|faint|p2a: Palafin\n|move|p1a: Amoonguss|Sludge Bomb|p2: Palafin|[notarget]\n|-fail|p1a: Amoonguss\n|\n|-weather|Snow|[upkeep]\n|upkeep\n|\n|t:|1730372055\n|switch|p2a: Arceus|Arceus-Dragon, L71, tera:Fire|2/288 slp\n|turn|50\n|\n|t:|1730372060\n|-curestatus|p2a: Arceus|slp|[msg]\n|move|p2a: Arceus|Swords Dance|p2a: Arceus\n|-boost|p2a: Arceus|atk|2\n|move|p1a: Amoonguss|Sludge Bomb|p2a: Arceus\n|-damage|p2a: Arceus|0 fnt\n|faint|p2a: Arceus\n|\n|-weather|none\n|upkeep\n|\n|t:|1730372063\n|switch|p2a: Venusaur|Venusaur, L84, M|204/272\n|turn|51\n|\n|t:|1730372068\n|switch|p1a: Arceus|Arceus-Ground, L70|133/284 slp\n|move|p2a: Venusaur|Sludge Bomb|p1a: Arceus\n|-resisted|p1a: Arceus\n|-damage|p1a: Arceus|110/284 slp\n|\n|upkeep\n|turn|52\n|\n|t:|1730372077\n|cant|p1a: Arceus|slp\n|move|p2a: Venusaur|Synthesis|p2a: Venusaur\n|-heal|p2a: Venusaur|272/272\n|\n|upkeep\n|turn|53\n|\n|t:|1730372079\n|cant|p1a: Arceus|slp\n|move|p2a: Venusaur|Earth Power|p1a: Arceus\n|-damage|p1a: Arceus|82/284 slp\n|\n|-sideend|p1: Nuinunui|move: Aurora Veil\n|upkeep\n|turn|54\n|\n|t:|1730372085\n|-curestatus|p1a: Arceus|slp|[msg]\n|move|p1a: Arceus|Swords Dance|p1a: Arceus\n|-boost|p1a: Arceus|atk|2\n|move|p2a: Venusaur|Sleep Powder|p1a: Arceus\n|-status|p1a: Arceus|slp|[from] move: Sleep Powder\n|\n|upkeep\n|turn|55\n|\n|t:|1730372091\n|cant|p1a: Arceus|slp\n|move|p2a: Venusaur|Earth Power|p1a: Arceus\n|-damage|p1a: Arceus|19/284 slp\n|\n|upkeep\n|turn|56\n|\n|t:|1730372094\n|cant|p1a: Arceus|slp\n|move|p2a: Venusaur|Earth Power|p1a: Arceus\n|-damage|p1a: Arceus|0 fnt\n|faint|p1a: Arceus\n|\n|upkeep\n|\n|t:|1730372096\n|switch|p1a: Amoonguss|Amoonguss, L82, F|311/321\n|turn|57\n|\n|t:|1730372099\n|move|p2a: Venusaur|Sludge Bomb|p1a: Amoonguss\n|-damage|p1a: Amoonguss|211/321\n|move|p1a: Amoonguss|Sludge Bomb|p2a: Venusaur\n|-damage|p2a: Venusaur|203/272\n|\n|upkeep\n|turn|58\n|\n|t:|1730372102\n|move|p2a: Venusaur|Sludge Bomb|p1a: Amoonguss\n|-damage|p1a: Amoonguss|94/321\n|move|p1a: Amoonguss|Spore|p2a: Venusaur\n|-immune|p2a: Venusaur\n|\n|upkeep\n|turn|59\n|\n|t:|1730372108\n|move|p2a: Venusaur|Sludge Bomb|p1a: Amoonguss\n|-damage|p1a: Amoonguss|0 fnt\n|faint|p1a: Amoonguss\n|\n|win|Vitoran\n|raw|Nuinunui's rating: 2253 &rarr; <strong>2237</strong><br />(-16 for losing)\n|raw|Vitoran's rating: 2325 &rarr; <strong>2341</strong><br />(+16 for winning)\n|c|\u2606Vitoran|gg\n|l|\u2606Nuinunui\n|player|p1|\n", "inputlog": ">version 36966fab3b879ec9750dff929c17767b9a31d93f\n>start {\"formatid\":\"gen9randombattle\",\"seed\":[17363,64625,20869,63384],\"rated\":\"Rated battle\"}\n>player p1 {\"name\":\"Nuinunui\",\"avatar\":\"266\",\"rating\":2253,\"seed\":[34390,27337,19253,33604]}\n>player p2 {\"name\":\"Vitoran\",\"avatar\":\"nemona-v\",\"rating\":2325,\"seed\":[623,55876,16053,6304]}\n>chat \u2606Vitoran|glhf\n>p1 move stoneedge\n>p2 switch 6\n>p1 switch 5\n>p2 switch 5\n>p1 move spore\n>p2 switch 4\n>p1 switch 4\n>p2 move sludgebomb\n>p1 move fireblast\n>p2 switch 6\n>p1 move shadowball\n>p2 move scorchingsands\n>p1 switch 5\n>p2 move scorchingsands\n>p1 move swordsdance\n>p2 move roost\n>p1 move stoneedge\n>p2 switch 2\n>p1 move earthquake\n>p2 move throatchop\n>p1 move extremespeed\n>p2 move suckerpunch\n>p2 switch 4\n>p1 switch 3\n>p2 move jetpunch\n>p1 switch 2\n>p2 switch 2\n>p1 switch 2\n>p2 move fireblast\n>p1 move dragondance\n>p2 move bravebird\n>p1 move outrage\n>p2 move bravebird\n>p2 switch 6\n>p1 move outrage\n>p2 move sludgebomb\n>p1 switch 3\n>p1 move earthquake\n>p2 switch 5\n>p1 switch 4\n>p2 switch 5\n>p1 move sludgebomb\n>p2 move synthesis\n>p1 move sludgebomb\n>p2 move sludgebomb\n>p1 switch 6\n>p2 move synthesis\n>p1 move knockoff\n>p2 move earthpower\n>p1 move gunkshot\n>p2 move earthpower\n>p1 switch 6\n>p2 move synthesis\n>p1 move sludgebomb\n>p2 move sludgebomb\n>p1 move sludgebomb\n>p2 move synthesis\n>p1 move sludgebomb\n>p2 move sludgebomb\n>p1 switch 4\n>p2 move synthesis\n>p1 move earthquake\n>p2 move sleeppowder\n>p1 switch 2\n>p2 move synthesis\n>p1 move auroraveil\n>p2 switch 5\n>p1 move woodhammer\n>p2 move secretsword\n>p2 switch 3\n>p1 move blizzard terastallize\n>p2 move swordsdance terastallize\n>p1 switch 5\n>p2 move flareblitz\n>p1 move shadowball\n>p2 move outrage\n>p1 switch 4\n>p1 move spore\n>p2 move outrage\n>p1 move sludgebomb\n>p2 move flareblitz\n>p1 move stompingtantrum\n>p2 move flareblitz\n>p1 switch 6\n>p2 switch 5\n>p1 switch 6\n>p2 move earthpower\n>p1 switch 6\n>p2 move sludgebomb\n>p1 switch 6\n>p2 move earthpower\n>p1 switch 6\n>p2 move sludgebomb\n>p1 move gunkshot\n>p2 move earthpower\n>p1 switch 5\n>p1 move auroraveil\n>p2 switch 2\n>p1 move woodhammer\n>p2 move drainpunch\n>p1 move iceshard\n>p2 move jetpunch\n>p1 switch 6\n>p1 move sludgebomb\n>p2 move wavecrash\n>p2 switch 5\n>p1 move sludgebomb\n>p2 move swordsdance\n>p2 switch 2\n>p1 switch 2\n>p2 move sludgebomb\n>p1 move swordsdance\n>p2 move synthesis\n>p1 move swordsdance\n>p2 move earthpower\n>p1 move swordsdance\n>p2 move sleeppowder\n>p1 move extremespeed\n>p2 move earthpower\n>p1 move earthquake\n>p2 move earthpower\n>p1 switch 2\n>p1 move sludgebomb\n>p2 move sludgebomb\n>p1 move spore\n>p2 move sludgebomb\n>p1 move stompingtantrum\n>p2 move sludgebomb", "uploadtime": 1730372114, "views": 66, "formatid": "gen9randombattle", "rating": 2237, "private": 0, "password": null}