{"id": "gen9randombattle-2260268232", "format": "[Gen 9] Random Battle", "players": ["theAGT", "LeonZ0"], "log": "|j|\u2606theAGT\n|j|\u2606LeonZ0\n|t:|1733832646\n|gametype|singles\n|player|p1|theAGT|miku-flying|1205\n|player|p2|LeonZ0|roxie|1198\n|teamsize|p1|6\n|teamsize|p2|6\n|gen|9\n|tier|[Gen 9] Random Battle\n|rated|\n|rule|Species Clause: Limit one of each Pok\u00e9mon\n|rule|HP Percentage Mod: HP is shown in percentages\n|rule|Sleep Clause Mod: Limit one foe put to sleep\n|rule|Illusion Level Mod: Illusion disguises the Pok\u00e9mon's true level\n|\n|t:|1733832646\n|start\n|switch|p1a: Komala|Komala, L89, F|260/260\n|switch|p2a: Dodrio|Dodrio, L86, M|243/243\n|-ability|p1a: Komala|Comatose\n|turn|1\n|inactive|Battle timer is ON: inactive players will automatically lose when time's up. (requested by theAGT)\n|\n|t:|1733832656\n|move|p2a: Dodrio|Swords Dance|p2a: Dodrio\n|-boost|p2a: Dodrio|atk|2\n|move|p1a: Komala|Double-Edge|p2a: Dodrio\n|-damage|p2a: Dodrio|0 fnt\n|faint|p2a: Dodrio\n|-damage|p1a: Komala|180/260|[from] Recoil\n|\n|upkeep\n|\n|t:|1733832674\n|switch|p2a: Skuntank|Skuntank, L84, M|310/310\n|turn|2\n|\n|t:|1733832682\n|move|p2a: Skuntank|Gunk Shot|p1a: Komala\n|-damage|p1a: Komala|23/260\n|move|p1a: Komala|Double-Edge|p2a: Skuntank\n|-damage|p2a: Skuntank|12/310\n|-damage|p1a: Komala|0 fnt|[from] Recoil\n|faint|p1a: Komala\n|\n|-heal|p2a: Skuntank|31/310|[from] item: Leftovers\n|upkeep\n|\n|t:|1733832699\n|switch|p1a: Vivillon|Vivillon-Marine, L84, F|272/272\n|turn|3\n|\n|t:|1733832704\n|move|p1a: Vivillon|Quiver Dance|p1a: Vivillon\n|-boost|p1a: Vivillon|spa|1\n|-boost|p1a: Vivillon|spd|1\n|-boost|p1a: Vivillon|spe|1\n|move|p2a: Skuntank|Gunk Shot|p1a: Vivillon|[miss]\n|-miss|p2a: Skuntank|p1a: Vivillon\n|\n|-heal|p2a: Skuntank|50/310|[from] item: Leftovers\n|upkeep\n|turn|4\n|\n|t:|1733832716\n|move|p1a: Vivillon|Hurricane|p2a: Skuntank\n|-damage|p2a: Skuntank|0 fnt\n|faint|p2a: Skuntank\n|\n|upkeep\n|\n|t:|1733832728\n|switch|p2a: Quagsire|Quagsire, L84, F|297/297\n|turn|5\n|\n|t:|1733832735\n|move|p1a: Vivillon|Sleep Powder|p2a: Quagsire\n|-status|p2a: Quagsire|slp|[from] move: Sleep Powder\n|cant|p2a: Quagsire|slp\n|\n|upkeep\n|turn|6\n|\n|t:|1733832740\n|move|p1a: Vivillon|Quiver Dance|p1a: Vivillon\n|-boost|p1a: Vivillon|spa|1\n|-boost|p1a: Vivillon|spd|1\n|-boost|p1a: Vivillon|spe|1\n|cant|p2a: Quagsire|slp\n|\n|upkeep\n|turn|7\n|\n|t:|1733832746\n|move|p1a: Vivillon|Quiver Dance|p1a: Vivillon\n|-boost|p1a: Vivillon|spa|1\n|-boost|p1a: Vivillon|spd|1\n|-boost|p1a: Vivillon|spe|1\n|cant|p2a: Quagsire|slp\n|\n|upkeep\n|turn|8\n|\n|t:|1733832752\n|move|p1a: Vivillon|Quiver Dance|p1a: Vivillon\n|-boost|p1a: Vivillon|spa|1\n|-boost|p1a: Vivillon|spd|1\n|-boost|p1a: Vivillon|spe|1\n|-curestatus|p2a: Quagsire|slp|[msg]\n|move|p2a: Quagsire|Ice Beam|p1a: Vivillon\n|-supereffective|p1a: Vivillon\n|-damage|p1a: Vivillon|128/272\n|\n|upkeep\n|turn|9\n|\n|t:|1733832760\n|move|p1a: Vivillon|Hurricane|p2a: Quagsire\n|-damage|p2a: Quagsire|161/297\n|-start|p2a: Quagsire|confusion\n|-activate|p2a: Quagsire|confusion\n|-damage|p2a: Quagsire|135/297|[from] confusion\n|\n|-heal|p2a: Quagsire|153/297|[from] item: Leftovers\n|upkeep\n|turn|10\n|\n|t:|1733832769\n|-terastallize|p2a: Quagsire|Steel\n|move|p1a: Vivillon|Sleep Powder|p2a: Quagsire\n|-status|p2a: Quagsire|slp|[from] move: Sleep Powder\n|cant|p2a: Quagsire|slp\n|\n|-heal|p2a: Quagsire|171/297 slp|[from] item: Leftovers\n|upkeep\n|turn|11\n|\n|t:|1733832777\n|move|p1a: Vivillon|Quiver Dance|p1a: Vivillon\n|-boost|p1a: Vivillon|spa|1\n|-boost|p1a: Vivillon|spd|1\n|-boost|p1a: Vivillon|spe|1\n|cant|p2a: Quagsire|slp\n|\n|-heal|p2a: Quagsire|189/297 slp|[from] item: Leftovers\n|upkeep\n|turn|12\n|\n|t:|1733832784\n|move|p1a: Vivillon|Quiver Dance|p1a: Vivillon\n|-boost|p1a: Vivillon|spa|1\n|-boost|p1a: Vivillon|spd|1\n|-boost|p1a: Vivillon|spe|1\n|cant|p2a: Quagsire|slp\n|\n|-heal|p2a: Quagsire|207/297 slp|[from] item: Leftovers\n|upkeep\n|turn|13\n|\n|t:|1733832795\n|-terastallize|p1a: Vivillon|Ground\n|move|p1a: Vivillon|Tera Blast|p2a: Quagsire|[anim] Tera Blast Ground\n|-supereffective|p2a: Quagsire\n|-crit|p2a: Quagsire\n|-damage|p2a: Quagsire|0 fnt\n|faint|p2a: Quagsire\n|\n|upkeep\n|-message|LeonZ0 forfeited.\n|\n|win|theAGT\n|raw|theAGT's rating: 1205 &rarr; <strong>1229</strong><br />(+24 for winning)\n|raw|LeonZ0's rating: 1198 &rarr; <strong>1174</strong><br />(-24 for losing)\n|l|\u2606LeonZ0\n|player|p2|\n|j| lichenxin\n|j| Art234\u5df4\u5927\u8776\n|l| Art234\u5df4\u5927\u8776\n|j| gzycm\n|l| gzycm\n", "inputlog": ">version bfd83cad13791eb5a5a409923076391caf6fb4d4\n>start {\"formatid\":\"gen9randombattle\",\"seed\":[10056,20925,32039,55727],\"rated\":\"Rated battle\"}\n>player p1 {\"name\":\"theAGT\",\"avatar\":\"miku-flying\",\"rating\":1205,\"seed\":[42977,24477,25524,17948]}\n>player p2 {\"name\":\"LeonZ0\",\"avatar\":\"roxie\",\"rating\":1198,\"seed\":[50490,37837,8576,17597]}\n>p1 move doubleedge\n>p2 move swordsdance\n>p2 switch 4\n>p1 move doubleedge\n>p2 move gunkshot\n>p1 switch 6\n>p1 move quiverdance\n>p2 move gunkshot\n>p1 move hurricane\n>p2 move gunkshot\n>p2 switch 2\n>p1 move sleeppowder\n>p2 move icebeam\n>p1 move quiverdance\n>p2 move icebeam\n>p1 move quiverdance\n>p2 move icebeam\n>p1 move quiverdance\n>p2 move icebeam\n>p1 move hurricane\n>p2 move icebeam\n>p1 move sleeppowder\n>p2 move icebeam terastallize\n>p1 move quiverdance\n>p2 move icebeam\n>p1 move quiverdance\n>p2 move icebeam\n>p1 move terablast terastallize\n>p2 move icebeam\n>forcelose p2", "uploadtime": 1733832812, "views": 11, "formatid": "gen9randombattle", "rating": 1174, "private": 0, "password": null}