{"id": "gen9randombattle-2251471883", "format": "[Gen 9] Random Battle", "players": ["useemstohavefun", "Peewee McGee XXX"], "log": "|badge|p1|bronze|gen9randombattle|100-3\n|uhtml|medal-msg|<div class=\"broadcast-blue\">Curious what those medals under the avatar are? PS now has Ladder Seasons! For more information, check out the <a href=\"https://www.smogon.com/forums/threads/3740067/\">thread on Smogon.</a></div>\n|j|\u2606useemstohavefun\n|j|\u2606Peewee McGee XXX\n|t:|1732633374\n|gametype|singles\n|player|p1|useemstohavefun|thorton|2320\n|player|p2|Peewee McGee XXX|pokekid|2239\n|teamsize|p1|6\n|teamsize|p2|6\n|gen|9\n|tier|[Gen 9] Random Battle\n|rated|\n|rule|Species Clause: Limit one of each Pok\u00e9mon\n|rule|HP Percentage Mod: HP is shown in percentages\n|rule|Sleep Clause Mod: Limit one foe put to sleep\n|rule|Illusion Level Mod: Illusion disguises the Pok\u00e9mon's true level\n|\n|t:|1732633374\n|start\n|switch|p1a: Tornadus|Tornadus, L82, M|264/264\n|switch|p2a: Slither Wing|Slither Wing, L81|270/270\n|turn|1\n|inactive|Battle timer is ON: inactive players will automatically lose when time's up. (requested by useemstohavefun)\n|\n|t:|1732633384\n|-end|p2a: Slither Wing|Protosynthesis|[silent]\n|switch|p2a: Chansey|Chansey, L85, F|564/564\n|move|p1a: Tornadus|Bleakwind Storm|p2a: Chansey|[miss]\n|-miss|p1a: Tornadus|p2a: Chansey\n|\n|upkeep\n|turn|2\n|\n|t:|1732633389\n|switch|p1a: Pikachu|Pikachu-Partner, L93, M|216/216\n|move|p2a: Chansey|Thunder Wave|p1a: Pikachu\n|-ability|p1a: Pikachu|Lightning Rod|boost\n|-boost|p1a: Pikachu|spa|1\n|\n|upkeep\n|turn|3\n|\n|t:|1732633397\n|move|p1a: Pikachu|Knock Off|p2a: Chansey\n|-damage|p2a: Chansey|299/564\n|-enditem|p2a: Chansey|Eviolite|[from] move: Knock Off|[of] p1a: Pikachu\n|move|p2a: Chansey|Seismic Toss|p1a: Pikachu\n|-damage|p1a: Pikachu|131/216\n|\n|upkeep\n|turn|4\n|\n|t:|1732633406\n|move|p1a: Pikachu|Play Rough|p2a: Chansey\n|-damage|p2a: Chansey|0 fnt\n|faint|p2a: Chansey\n|\n|upkeep\n|\n|t:|1732633425\n|switch|p2a: Slither Wing|Slither Wing, L81|270/270\n|turn|5\n|\n|t:|1732633430\n|switch|p1a: Tornadus|Tornadus, L82, M|264/264\n|move|p2a: Slither Wing|U-turn|p1a: Tornadus\n|-resisted|p1a: Tornadus\n|-damage|p1a: Tornadus|184/264\n|\n|t:|1732633438\n|-end|p2a: Slither Wing|Protosynthesis|[silent]\n|switch|p2a: Overqwil|Overqwil, L82, F|274/274|[from] U-turn\n|-ability|p2a: Overqwil|Intimidate|boost\n|-unboost|p1a: Tornadus|atk|1\n|\n|upkeep\n|turn|6\n|\n|t:|1732633443\n|move|p1a: Tornadus|Bleakwind Storm|p2a: Overqwil\n|-damage|p2a: Overqwil|124/274\n|move|p2a: Overqwil|Scale Shot|p1a: Tornadus\n|-damage|p1a: Tornadus|162/264\n|-damage|p1a: Tornadus|139/264\n|-damage|p1a: Tornadus|113/264\n|-damage|p1a: Tornadus|91/264\n|-hitcount|p1a: Tornadus|4\n|-unboost|p2a: Overqwil|def|1\n|-boost|p2a: Overqwil|spe|1\n|\n|upkeep\n|turn|7\n|\n|t:|1732633458\n|move|p2a: Overqwil|Crunch|p1a: Tornadus\n|-damage|p1a: Tornadus|0 fnt\n|faint|p1a: Tornadus\n|\n|upkeep\n|\n|t:|1732633463\n|switch|p1a: Rhydon|Rhydon, L85, F|317/317\n|turn|8\n|\n|t:|1732633468\n|move|p2a: Overqwil|Crunch|p1a: Rhydon\n|-damage|p1a: Rhydon|271/317\n|move|p1a: Rhydon|Earthquake|p2a: Overqwil\n|-supereffective|p2a: Overqwil\n|-damage|p2a: Overqwil|0 fnt\n|faint|p2a: Overqwil\n|\n|upkeep\n|\n|t:|1732633471\n|switch|p2a: Brute Bonnet|Brute Bonnet, L81|312/312\n|turn|9\n|\n|t:|1732633477\n|switch|p1a: Dialga|Dialga-Origin, L73|266/266\n|-ability|p1a: Dialga|Pressure\n|move|p2a: Brute Bonnet|Seed Bomb|p1a: Dialga\n|-resisted|p1a: Dialga\n|-damage|p1a: Dialga|232/266\n|\n|upkeep\n|turn|10\n|\n|t:|1732633485\n|-end|p2a: Brute Bonnet|Protosynthesis|[silent]\n|switch|p2a: Slither Wing|Slither Wing, L81|270/270\n|move|p1a: Dialga|Stealth Rock|p2a: Slither Wing\n|-sidestart|p2: Peewee McGee XXX|move: Stealth Rock\n|\n|upkeep\n|turn|11\n|\n|t:|1732633495\n|switch|p1a: Braviary|Braviary, L85, M|309/309\n|move|p2a: Slither Wing|Close Combat|p1a: Braviary\n|-damage|p1a: Braviary|39/309\n|-unboost|p2a: Slither Wing|def|1\n|-unboost|p2a: Slither Wing|spd|1\n|\n|upkeep\n|turn|12\n|\n|t:|1732633502\n|-end|p2a: Slither Wing|Protosynthesis|[silent]\n|switch|p2a: Glastrier|Glastrier, L86|312/312\n|move|p1a: Braviary|Brave Bird|p2a: Glastrier\n|-damage|p2a: Glastrier|194/312\n|-damage|p1a: Braviary|0 fnt|[from] Recoil\n|faint|p1a: Braviary\n|\n|upkeep\n|\n|t:|1732633508\n|switch|p1a: Rhydon|Rhydon, L85, F|271/317\n|turn|13\n|\n|t:|1732633511\n|move|p1a: Rhydon|Stone Edge|p2a: Glastrier\n|-supereffective|p2a: Glastrier\n|-damage|p2a: Glastrier|2/312\n|move|p2a: Glastrier|Icicle Crash|p1a: Rhydon\n|-supereffective|p1a: Rhydon\n|-damage|p1a: Rhydon|121/317\n|\n|upkeep\n|turn|14\n|\n|t:|1732633517\n|move|p1a: Rhydon|Earthquake|p2a: Glastrier\n|-damage|p2a: Glastrier|0 fnt\n|faint|p2a: Glastrier\n|\n|upkeep\n|\n|t:|1732633522\n|switch|p2a: Slither Wing|Slither Wing, L81|270/270\n|-damage|p2a: Slither Wing|237/270|[from] Stealth Rock\n|turn|15\n|\n|t:|1732633527\n|-terastallize|p1a: Rhydon|Fairy\n|move|p2a: Slither Wing|Close Combat|p1a: Rhydon\n|-resisted|p1a: Rhydon\n|-damage|p1a: Rhydon|58/317\n|-unboost|p2a: Slither Wing|def|1\n|-unboost|p2a: Slither Wing|spd|1\n|move|p1a: Rhydon|Stone Edge|p2a: Slither Wing\n|-damage|p2a: Slither Wing|0 fnt\n|faint|p2a: Slither Wing\n|-end|p2a: Slither Wing|Protosynthesis|[silent]\n|\n|upkeep\n|\n|t:|1732633542\n|switch|p2a: Brute Bonnet|Brute Bonnet, L81|312/312\n|-damage|p2a: Brute Bonnet|273/312|[from] Stealth Rock\n|turn|16\n|\n|t:|1732633546\n|move|p2a: Brute Bonnet|Crunch|p1a: Rhydon\n|-resisted|p1a: Rhydon\n|-damage|p1a: Rhydon|17/317\n|-unboost|p1a: Rhydon|def|1\n|move|p1a: Rhydon|Megahorn|p2a: Brute Bonnet\n|-supereffective|p2a: Brute Bonnet\n|-damage|p2a: Brute Bonnet|0 fnt\n|faint|p2a: Brute Bonnet\n|-end|p2a: Brute Bonnet|Protosynthesis|[silent]\n|\n|upkeep\n|\n|t:|1732633550\n|switch|p2a: Latias|Latias, L79, F|256/256\n|-damage|p2a: Latias|224/256|[from] Stealth Rock\n|turn|17\n|\n|t:|1732633556\n|-terastallize|p2a: Latias|Steel\n|move|p2a: Latias|Calm Mind|p2a: Latias\n|-boost|p2a: Latias|spa|1\n|-boost|p2a: Latias|spd|1\n|move|p1a: Rhydon|Stone Edge|p2a: Latias\n|-resisted|p2a: Latias\n|-damage|p2a: Latias|152/256\n|\n|upkeep\n|turn|18\n|\n|t:|1732633564\n|switch|p1a: Pikachu|Pikachu-Partner, L93, M|131/216\n|move|p2a: Latias|Recover|p2a: Latias\n|-heal|p2a: Latias|256/256\n|\n|upkeep\n|turn|19\n|\n|t:|1732633569\n|move|p1a: Pikachu|Knock Off|p2a: Latias\n|-damage|p2a: Latias|138/256\n|-enditem|p2a: Latias|Soul Dew|[from] move: Knock Off|[of] p1a: Pikachu\n|move|p2a: Latias|Psyshock|p1a: Pikachu\n|-damage|p1a: Pikachu|0 fnt\n|faint|p1a: Pikachu\n|\n|upkeep\n|\n|t:|1732633578\n|switch|p1a: Dialga|Dialga-Origin, L73|232/266\n|-ability|p1a: Dialga|Pressure\n|turn|20\n|\n|t:|1732633584\n|switch|p1a: Iron Bundle|Iron Bundle, L77|213/213\n|move|p2a: Latias|Calm Mind|p2a: Latias\n|-boost|p2a: Latias|spa|1\n|-boost|p2a: Latias|spd|1\n|\n|upkeep\n|turn|21\n|\n|t:|1732633588\n|move|p1a: Iron Bundle|Encore|p2a: Latias\n|-start|p2a: Latias|Encore\n|move|p2a: Latias|Calm Mind|p2a: Latias\n|-boost|p2a: Latias|spa|1\n|-boost|p2a: Latias|spd|1\n|\n|upkeep\n|turn|22\n|\n|t:|1732633590\n|move|p1a: Iron Bundle|Hydro Pump|p2a: Latias\n|-damage|p2a: Latias|102/256\n|move|p2a: Latias|Calm Mind|p2a: Latias\n|-boost|p2a: Latias|spa|1\n|-boost|p2a: Latias|spd|1\n|\n|upkeep\n|turn|23\n|-message|Peewee McGee XXX forfeited.\n|\n|win|useemstohavefun\n|raw|useemstohavefun's rating: 2320 &rarr; <strong>2335</strong><br />(+15 for winning)\n|raw|Peewee McGee XXX's rating: 2239 &rarr; <strong>2224</strong><br />(-15 for losing)\n|l|\u2606Peewee McGee XXX\n|player|p2|\n", "inputlog": ">version baf9aa68cbe18cf25f290680a08c9ad9c5e3e828\n>start {\"formatid\":\"gen9randombattle\",\"seed\":[55563,13325,64364,29830],\"rated\":\"Rated battle\"}\n>player p1 {\"name\":\"useemstohavefun\",\"avatar\":\"thorton\",\"rating\":2320,\"seed\":[17457,39751,25873,17103]}\n>player p2 {\"name\":\"Peewee McGee XXX\",\"avatar\":\"pokekid\",\"rating\":2239,\"seed\":[41825,24460,58133,47872]}\n>p1 move bleakwindstorm\n>p2 switch 6\n>p1 switch 2\n>p2 move thunderwave\n>p1 move knockoff\n>p2 move seismictoss\n>p1 move playrough\n>p2 move seismictoss\n>p2 switch 6\n>p1 switch 2\n>p2 move uturn\n>p2 switch 3\n>p1 move bleakwindstorm\n>p2 move scaleshot\n>p1 move bleakwindstorm\n>p2 move crunch\n>p1 switch 4\n>p1 move earthquake\n>p2 move crunch\n>p2 switch 2\n>p1 switch 3\n>p2 move seedbomb\n>p1 move stealthrock\n>p2 switch 3\n>p1 switch 5\n>p2 move closecombat\n>p1 move bravebird\n>p2 switch 5\n>p1 switch 3\n>p1 move stoneedge\n>p2 move iciclecrash\n>p1 move earthquake\n>p2 move iciclecrash\n>p2 switch 5\n>p1 move stoneedge terastallize\n>p2 move closecombat\n>p2 switch 3\n>p1 move megahorn\n>p2 move crunch\n>p2 switch 4\n>p1 move stoneedge\n>p2 move calmmind terastallize\n>p1 switch 2\n>p2 move recover\n>p1 move knockoff\n>p2 move psyshock\n>p1 switch 5\n>p1 switch 6\n>p2 move calmmind\n>p1 move encore\n>p2 move psyshock\n>p1 move hydropump\n>p2 move calmmind\n>forcelose p2", "uploadtime": 1732633600, "views": 16, "formatid": "gen9randombattle", "rating": 2224, "private": 0, "password": null}