{"id": "gen9randombattle-2260096131", "format": "[Gen 9] Random Battle", "players": ["tato357", "BrandonG44"], "log": "|j|\u2606tato357\n|j|\u2606BrandonG44\n|t:|1733801832\n|gametype|singles\n|player|p1|tato357|swimmer|1198\n|player|p2|BrandonG44|juan|1155\n|teamsize|p1|6\n|teamsize|p2|6\n|gen|9\n|tier|[Gen 9] Random Battle\n|rated|\n|rule|Species Clause: Limit one of each Pok\u00e9mon\n|rule|HP Percentage Mod: HP is shown in percentages\n|rule|Sleep Clause Mod: Limit one foe put to sleep\n|rule|Illusion Level Mod: Illusion disguises the Pok\u00e9mon's true level\n|\n|t:|1733801832\n|start\n|switch|p1a: Chandelure|Chandelure, L83, F|235/235\n|switch|p2a: Reshiram|Reshiram, L76|277/277\n|-ability|p2a: Reshiram|Turboblaze\n|turn|1\n|inactive|Battle timer is ON: inactive players will automatically lose when time's up. (requested by BrandonG44)\n|\n|t:|1733801841\n|switch|p1a: Kleavor|Kleavor, L78, F|237/237\n|move|p2a: Reshiram|Dragon Dance|p2a: Reshiram\n|-boost|p2a: Reshiram|atk|1\n|-boost|p2a: Reshiram|spe|1\n|\n|upkeep\n|turn|2\n|\n|t:|1733801852\n|move|p2a: Reshiram|Flare Blitz|p1a: Kleavor\n|-damage|p1a: Kleavor|48/237\n|-damage|p2a: Reshiram|215/277|[from] Recoil\n|move|p1a: Kleavor|Stone Axe|p2a: Reshiram\n|-supereffective|p2a: Reshiram\n|-damage|p2a: Reshiram|0 fnt\n|-sidestart|p2: BrandonG44|move: Stealth Rock\n|faint|p2a: Reshiram\n|\n|upkeep\n|inactive|BrandonG44 has 120 seconds left.\n|\n|t:|1733801880\n|switch|p2a: Virizion|Virizion, L82|283/283\n|-damage|p2a: Virizion|266/283|[from] Stealth Rock\n|turn|3\n|inactive|BrandonG44 has 120 seconds left.\n|\n|t:|1733801892\n|switch|p1a: Chandelure|Chandelure, L83, F|235/235\n|move|p2a: Virizion|Leaf Blade|p1a: Chandelure\n|-resisted|p1a: Chandelure\n|-damage|p1a: Chandelure|180/235\n|-damage|p2a: Virizion|238/283|[from] item: Life Orb\n|\n|upkeep\n|turn|4\n|\n|t:|1733801901\n|move|p2a: Virizion|Stone Edge|p1a: Chandelure\n|-supereffective|p1a: Chandelure\n|-damage|p1a: Chandelure|27/235\n|-damage|p2a: Virizion|210/283|[from] item: Life Orb\n|move|p1a: Chandelure|Fire Blast|p2a: Virizion\n|-supereffective|p2a: Virizion\n|-damage|p2a: Virizion|0 fnt\n|faint|p2a: Virizion\n|\n|upkeep\n|inactive|BrandonG44 has 120 seconds left.\n|\n|t:|1733801913\n|switch|p2a: Regieleki|Regieleki, L79|256/256\n|-damage|p2a: Regieleki|224/256|[from] Stealth Rock\n|turn|5\n|\n|t:|1733801935\n|switch|p1a: Snorlax|Snorlax, L82, M|397/397\n|move|p2a: Regieleki|Rapid Spin|p1a: Snorlax\n|-damage|p1a: Snorlax|359/397\n|-boost|p2a: Regieleki|spe|1\n|-sideend|p2: BrandonG44|Stealth Rock|[from] move: Rapid Spin|[of] p2a: Regieleki\n|\n|-heal|p1a: Snorlax|383/397|[from] item: Leftovers\n|upkeep\n|turn|6\n|\n|t:|1733801945\n|move|p2a: Regieleki|Volt Switch|p1a: Snorlax\n|-damage|p1a: Snorlax|299/397\n|\n|t:|1733801954\n|switch|p2a: Lurantis|Lurantis, L87, F|264/264|[from] Volt Switch\n|move|p1a: Snorlax|Body Slam|p2a: Lurantis\n|-damage|p2a: Lurantis|180/264\n|-status|p2a: Lurantis|par\n|\n|-heal|p1a: Snorlax|323/397|[from] item: Leftovers\n|-heal|p2a: Lurantis|196/264 par|[from] item: Leftovers\n|upkeep\n|turn|7\n|\n|t:|1733801967\n|move|p1a: Snorlax|Curse|p1a: Snorlax\n|-unboost|p1a: Snorlax|spe|1\n|-boost|p1a: Snorlax|atk|1\n|-boost|p1a: Snorlax|def|1\n|move|p2a: Lurantis|Superpower|p1a: Snorlax\n|-supereffective|p1a: Snorlax\n|-damage|p1a: Snorlax|171/397\n|-boost|p2a: Lurantis|atk|1\n|-boost|p2a: Lurantis|def|1\n|\n|-heal|p2a: Lurantis|212/264 par|[from] item: Leftovers\n|-heal|p1a: Snorlax|195/397|[from] item: Leftovers\n|upkeep\n|turn|8\n|\n|t:|1733801980\n|move|p2a: Lurantis|Knock Off|p1a: Snorlax\n|-damage|p1a: Snorlax|103/397\n|-enditem|p1a: Snorlax|Leftovers|[from] move: Knock Off|[of] p2a: Lurantis\n|move|p1a: Snorlax|Rest|p1a: Snorlax\n|-status|p1a: Snorlax|slp|[from] move: Rest\n|-heal|p1a: Snorlax|397/397 slp|[silent]\n|\n|-heal|p2a: Lurantis|228/264 par|[from] item: Leftovers\n|upkeep\n|turn|9\n|\n|t:|1733801992\n|cant|p1a: Snorlax|slp\n|move|p1a: Snorlax|Sleep Talk|p1a: Snorlax\n|move|p1a: Snorlax|Rest||[from]move: Sleep Talk|[still]\n|-fail|p1a: Snorlax\n|move|p2a: Lurantis|Leaf Storm|p1a: Snorlax\n|-damage|p1a: Snorlax|282/397 slp\n|-boost|p2a: Lurantis|spa|2\n|\n|-heal|p2a: Lurantis|244/264 par|[from] item: Leftovers\n|upkeep\n|turn|10\n|\n|t:|1733802004\n|cant|p1a: Snorlax|slp\n|move|p1a: Snorlax|Sleep Talk|p1a: Snorlax\n|move|p1a: Snorlax|Body Slam|p2a: Lurantis|[from]move: Sleep Talk\n|-damage|p2a: Lurantis|160/264 par\n|move|p2a: Lurantis|Superpower|p1a: Snorlax\n|-supereffective|p1a: Snorlax\n|-damage|p1a: Snorlax|30/397 slp\n|-boost|p2a: Lurantis|atk|1\n|-boost|p2a: Lurantis|def|1\n|\n|-heal|p2a: Lurantis|176/264 par|[from] item: Leftovers\n|upkeep\n|turn|11\n|\n|t:|1733802021\n|-curestatus|p1a: Snorlax|slp|[msg]\n|move|p1a: Snorlax|Body Slam|p2a: Lurantis\n|-damage|p2a: Lurantis|112/264 par\n|move|p2a: Lurantis|Superpower|p1a: Snorlax\n|-supereffective|p1a: Snorlax\n|-damage|p1a: Snorlax|0 fnt\n|-boost|p2a: Lurantis|atk|1\n|-boost|p2a: Lurantis|def|1\n|faint|p1a: Snorlax\n|\n|-heal|p2a: Lurantis|128/264 par|[from] item: Leftovers\n|upkeep\n|\n|t:|1733802032\n|switch|p1a: Chandelure|Chandelure, L83, F|27/235\n|turn|12\n|\n|t:|1733802041\n|move|p1a: Chandelure|Shadow Ball|p2a: Lurantis\n|-damage|p2a: Lurantis|13/264 par\n|cant|p2a: Lurantis|par\n|\n|-heal|p2a: Lurantis|29/264 par|[from] item: Leftovers\n|upkeep\n|turn|13\n|\n|t:|1733802049\n|move|p1a: Chandelure|Shadow Ball|p2a: Lurantis\n|-damage|p2a: Lurantis|0 fnt\n|faint|p2a: Lurantis\n|\n|upkeep\n|\n|t:|1733802054\n|switch|p2a: Regieleki|Regieleki, L79|224/256\n|turn|14\n|\n|t:|1733802059\n|move|p2a: Regieleki|Thunderbolt|p1a: Chandelure\n|-damage|p1a: Chandelure|0 fnt\n|faint|p1a: Chandelure\n|\n|upkeep\n|\n|t:|1733802068\n|switch|p1a: Cobalion|Cobalion, L80|277/277\n|turn|15\n|\n|t:|1733802079\n|move|p2a: Regieleki|Volt Switch|p1a: Cobalion\n|-damage|p1a: Cobalion|142/277\n|\n|t:|1733802082\n|switch|p2a: Weezing|Weezing-Galar, L86, M|252/252|[from] Volt Switch\n|move|p1a: Cobalion|Calm Mind|p1a: Cobalion\n|-boost|p1a: Cobalion|spa|1\n|-boost|p1a: Cobalion|spd|1\n|\n|-heal|p1a: Cobalion|159/277|[from] item: Leftovers\n|upkeep\n|turn|16\n|\n|t:|1733802092\n|move|p1a: Cobalion|Flash Cannon|p2a: Weezing\n|-supereffective|p2a: Weezing\n|-damage|p2a: Weezing|0 fnt\n|faint|p2a: Weezing\n|\n|-heal|p1a: Cobalion|176/277|[from] item: Leftovers\n|upkeep\n|\n|t:|1733802099\n|switch|p2a: Regidrago|Regidrago, L77|435/435\n|turn|17\n|\n|t:|1733802110\n|move|p2a: Regidrago|Earthquake|p1a: Cobalion\n|-supereffective|p1a: Cobalion\n|-damage|p1a: Cobalion|78/277\n|move|p1a: Cobalion|Aura Sphere|p2a: Regidrago\n|-damage|p2a: Regidrago|248/435\n|\n|-heal|p1a: Cobalion|95/277|[from] item: Leftovers\n|upkeep\n|turn|18\n|\n|t:|1733802119\n|switch|p1a: Carbink|Carbink, L90|236/236\n|move|p2a: Regidrago|Earthquake|p1a: Carbink\n|-supereffective|p1a: Carbink\n|-damage|p1a: Carbink|160/236\n|\n|-heal|p1a: Carbink|174/236|[from] item: Leftovers\n|upkeep\n|turn|19\n|\n|t:|1733802128\n|switch|p2a: Regieleki|Regieleki, L79|224/256\n|move|p1a: Carbink|Moonblast|p2a: Regieleki\n|-damage|p2a: Regieleki|103/256\n|-unboost|p2a: Regieleki|spa|1\n|\n|-heal|p1a: Carbink|188/236|[from] item: Leftovers\n|upkeep\n|turn|20\n|\n|t:|1733802141\n|switch|p1a: Kleavor|Kleavor, L78, F|48/237\n|move|p2a: Regieleki|Volt Switch|p1a: Kleavor\n|-damage|p1a: Kleavor|0 fnt\n|faint|p1a: Kleavor\n|\n|t:|1733802148\n|switch|p2a: Regidrago|Regidrago, L77|248/435|[from] Volt Switch\n|\n|upkeep\n|\n|t:|1733802170\n|switch|p1a: Carbink|Carbink, L90|188/236\n|turn|21\n|\n|t:|1733802177\n|move|p2a: Regidrago|Earthquake|p1a: Carbink\n|-supereffective|p1a: Carbink\n|-damage|p1a: Carbink|112/236\n|move|p1a: Carbink|Moonblast|p2a: Regidrago\n|-supereffective|p2a: Regidrago\n|-damage|p2a: Regidrago|2/435\n|-unboost|p2a: Regidrago|spa|1\n|\n|-heal|p1a: Carbink|126/236|[from] item: Leftovers\n|upkeep\n|turn|22\n|\n|t:|1733802188\n|move|p2a: Regidrago|Earthquake|p1a: Carbink\n|-supereffective|p1a: Carbink\n|-damage|p1a: Carbink|54/236\n|move|p1a: Carbink|Moonblast|p2a: Regidrago\n|-supereffective|p2a: Regidrago\n|-damage|p2a: Regidrago|0 fnt\n|faint|p2a: Regidrago\n|\n|-heal|p1a: Carbink|68/236|[from] item: Leftovers\n|upkeep\n|\n|t:|1733802198\n|switch|p2a: Regieleki|Regieleki, L79|103/256\n|turn|23\n|\n|t:|1733802201\n|move|p2a: Regieleki|Thunderbolt|p1a: Carbink\n|-damage|p1a: Carbink|0 fnt\n|faint|p1a: Carbink\n|\n|upkeep\n|\n|t:|1733802203\n|switch|p1a: Cobalion|Cobalion, L80|95/277\n|turn|24\n|\n|t:|1733802208\n|move|p1a: Cobalion|Vacuum Wave|p2a: Regieleki\n|-damage|p2a: Regieleki|45/256\n|move|p2a: Regieleki|Thunderbolt|p1a: Cobalion\n|-damage|p1a: Cobalion|0 fnt\n|faint|p1a: Cobalion\n|\n|upkeep\n|\n|t:|1733802210\n|switch|p1a: Reuniclus|Reuniclus, L88, M|337/337\n|turn|25\n|\n|t:|1733802218\n|-terastallize|p1a: Reuniclus|Steel\n|move|p2a: Regieleki|Thunderbolt|p1a: Reuniclus\n|-damage|p1a: Reuniclus|211/337\n|-status|p1a: Reuniclus|par\n|cant|p1a: Reuniclus|par\n|\n|upkeep\n|turn|26\n|\n|t:|1733802227\n|move|p2a: Regieleki|Thunderbolt|p1a: Reuniclus\n|-damage|p1a: Reuniclus|87/337 par\n|move|p1a: Reuniclus|Calm Mind|p1a: Reuniclus\n|-boost|p1a: Reuniclus|spa|1\n|-boost|p1a: Reuniclus|spd|1\n|\n|upkeep\n|turn|27\n|\n|t:|1733802234\n|move|p2a: Regieleki|Thunderbolt|p1a: Reuniclus\n|-damage|p1a: Reuniclus|5/337 par\n|cant|p1a: Reuniclus|par\n|\n|upkeep\n|turn|28\n|c|\u2606BrandonG44|Bend over for diddy\n|inactive|BrandonG44 has 120 seconds left.\n|\n|t:|1733802265\n|move|p2a: Regieleki|Thunderbolt|p1a: Reuniclus\n|-damage|p1a: Reuniclus|0 fnt\n|faint|p1a: Reuniclus\n|\n|win|BrandonG44\n|raw|tato357's rating: 1198 &rarr; <strong>1170</strong><br />(-28 for losing)\n|raw|BrandonG44's rating: 1155 &rarr; <strong>1183</strong><br />(+28 for winning)\n|c|\u2606BrandonG44|:)\n|l|\u2606tato357\n|player|p1|\n|c|\u2606BrandonG44|How\u2019s it feel to be touched by a god\n", "inputlog": ">version bfd83cad13791eb5a5a409923076391caf6fb4d4\n>start {\"formatid\":\"gen9randombattle\",\"seed\":[27876,42362,60818,54395],\"rated\":\"Rated battle\"}\n>player p1 {\"name\":\"tato357\",\"avatar\":\"swimmer\",\"rating\":1198,\"seed\":[52360,24366,62016,19263]}\n>player p2 {\"name\":\"BrandonG44\",\"avatar\":\"juan\",\"rating\":1155,\"seed\":[522,58209,38565,3731]}\n>p1 switch 5\n>p2 move dragondance\n>p1 move stoneaxe\n>p2 move flareblitz\n>p2 switch 4\n>p1 switch 5\n>p2 move leafblade\n>p1 move fireblast\n>p2 move stoneedge\n>p2 switch 3\n>p1 switch 6\n>p2 move rapidspin\n>p1 move bodyslam\n>p2 move voltswitch\n>p2 switch 5\n>p1 move curse\n>p2 move superpower\n>p1 move rest\n>p2 move knockoff\n>p1 move sleeptalk\n>p2 move leafstorm\n>p1 move sleeptalk\n>p2 move superpower\n>p1 move bodyslam\n>p2 move superpower\n>p1 switch 6\n>p1 move shadowball\n>p2 move knockoff\n>p1 move shadowball\n>p2 move knockoff\n>p2 switch 5\n>p1 move painsplit\n>p2 move thunderbolt\n>p1 switch 3\n>p1 move calmmind\n>p2 move voltswitch\n>p2 switch 6\n>p1 move flashcannon\n>p2 move fireblast\n>p2 switch 2\n>p1 move aurasphere\n>p2 move earthquake\n>p1 switch 2\n>p2 move earthquake\n>p1 move moonblast\n>p2 switch 6\n>p1 switch 5\n>p2 move voltswitch\n>p2 switch 6\n>p1 switch 5\n>p1 move moonblast\n>p2 move earthquake\n>p1 move moonblast\n>p2 move earthquake\n>p2 switch 6\n>p1 move moonblast\n>p2 move thunderbolt\n>p1 switch 2\n>p1 move vacuumwave\n>p2 move thunderbolt\n>p1 switch 4\n>p1 move calmmind terastallize\n>p2 move thunderbolt\n>p1 move calmmind\n>p2 move thunderbolt\n>p1 move recover\n>p2 move thunderbolt\n>chat \u2606BrandonG44|Bend over for diddy\n>p1 move recover\n>p2 move thunderbolt", "uploadtime": 1733802288, "views": 17, "formatid": "gen9randombattle", "rating": 1170, "private": 0, "password": null}