{"id": "gen9randombattle-2214296597", "format": "[Gen 9] Random Battle", "players": ["duck", "RL4T Scizor"], "log": "|badge|p2|silver|gen9randombattle|30-3\n|uhtml|medal-msg|<div class=\"broadcast-blue\">Curious what those medals under the avatar are? PS now has Ladder Seasons! For more information, check out the <a href=\"https://www.smogon.com/forums/threads/3740067/\">thread on Smogon.</a></div>\n|raw|<div class=\"broadcast-blue\"><strong>This battle is required to be public due to a player having a name starting with 'rl4t'.</div>\n|j|\u2606duck\n|j|\u2606RL4T Scizor\n|t:|1727877098\n|gametype|singles\n|player|p1|duck|#test20172|2187\n|player|p2|RL4T Scizor|plasmagruntf-gen5bw|2413\n|teamsize|p1|6\n|teamsize|p2|6\n|gen|9\n|tier|[Gen 9] Random Battle\n|rated|\n|rule|Species Clause: Limit one of each Pok\u00e9mon\n|rule|HP Percentage Mod: HP is shown in percentages\n|rule|Sleep Clause Mod: Limit one foe put to sleep\n|rule|Illusion Level Mod: Illusion disguises the Pok\u00e9mon's true level\n|\n|t:|1727877098\n|start\n|switch|p1a: Eiscue|Eiscue, L88, F|272/272\n|switch|p2a: Alomomola|Alomomola, L87, F|429/429\n|turn|1\n|\n|t:|1727877109\n|switch|p1a: Qwilfish|Qwilfish, L86, M|252/252\n|-ability|p1a: Qwilfish|Intimidate|boost\n|-unboost|p2a: Alomomola|atk|1\n|move|p2a: Alomomola|Scald|p1a: Qwilfish\n|-resisted|p1a: Qwilfish\n|-damage|p1a: Qwilfish|219/252\n|\n|upkeep\n|turn|2\n|inactive|Battle timer is ON: inactive players will automatically lose when time's up. (requested by RL4T Scizor)\n|\n|t:|1727877121\n|move|p1a: Qwilfish|Toxic Spikes|p2a: Alomomola\n|-sidestart|p2: RL4T Scizor|move: Toxic Spikes\n|move|p2a: Alomomola|Flip Turn|p1a: Qwilfish\n|-resisted|p1a: Qwilfish\n|-damage|p1a: Qwilfish|199/252\n|\n|t:|1727877121\n|switch|p2a: Typhlosion|Typhlosion-Hisui, L83, F|257/257|[from] Flip Turn\n|-status|p2a: Typhlosion|psn\n|\n|-damage|p2a: Typhlosion|225/257 psn|[from] psn\n|upkeep\n|turn|3\n|\n|t:|1727877134\n|switch|p2a: Alomomola|Alomomola, L87, F|429/429\n|-status|p2a: Alomomola|psn\n|move|p1a: Qwilfish|Flip Turn|p2a: Alomomola\n|-resisted|p2a: Alomomola\n|-damage|p2a: Alomomola|396/429 psn\n|-damage|p1a: Qwilfish|157/252|[from] item: Rocky Helmet|[of] p2a: Alomomola\n|c|\u2606RL4T Scizor|misclick\n|\n|t:|1727877144\n|switch|p1a: Annihilape|Annihilape, L76, F|292/292|[from] Flip Turn\n|\n|-damage|p2a: Alomomola|343/429 psn|[from] psn\n|upkeep\n|turn|4\n|\n|t:|1727877150\n|switch|p2a: Torkoal|Torkoal, L88, M|266/266\n|-weather|SunnyDay|[from] ability: Drought|[of] p2a: Torkoal\n|move|p1a: Annihilape|Bulk Up|p1a: Annihilape\n|-boost|p1a: Annihilape|atk|1\n|-boost|p1a: Annihilape|def|1\n|\n|-weather|SunnyDay|[upkeep]\n|upkeep\n|turn|5\n|\n|t:|1727877159\n|move|p1a: Annihilape|Drain Punch|p2a: Torkoal\n|-damage|p2a: Torkoal|188/266\n|move|p2a: Torkoal|Yawn|p1a: Annihilape\n|-start|p1a: Annihilape|move: Yawn|[of] p2a: Torkoal\n|\n|-weather|SunnyDay|[upkeep]\n|upkeep\n|turn|6\n|\n|t:|1727877166\n|move|p1a: Annihilape|Drain Punch|p2a: Torkoal\n|-damage|p2a: Torkoal|113/266\n|move|p2a: Torkoal|Rapid Spin|p1a: Annihilape\n|-immune|p1a: Annihilape\n|\n|-weather|SunnyDay|[upkeep]\n|-end|p1a: Annihilape|move: Yawn|[silent]\n|-status|p1a: Annihilape|slp\n|upkeep\n|-enditem|p1a: Annihilape|Chesto Berry|[eat]\n|-curestatus|p1a: Annihilape|slp|[msg]\n|turn|7\n|\n|t:|1727877174\n|move|p1a: Annihilape|Drain Punch|p2a: Torkoal\n|-damage|p2a: Torkoal|41/266\n|move|p2a: Torkoal|Yawn|p1a: Annihilape\n|-start|p1a: Annihilape|move: Yawn|[of] p2a: Torkoal\n|\n|-weather|SunnyDay|[upkeep]\n|upkeep\n|turn|8\n|\n|t:|1727877177\n|move|p1a: Annihilape|Drain Punch|p2a: Torkoal\n|-damage|p2a: Torkoal|0 fnt\n|faint|p2a: Torkoal\n|\n|-weather|none\n|-end|p1a: Annihilape|move: Yawn|[silent]\n|-status|p1a: Annihilape|slp\n|upkeep\n|\n|t:|1727877187\n|switch|p2a: Minun|Minun, L95, F|268/268\n|-status|p2a: Minun|psn\n|turn|9\n|\n|t:|1727877197\n|switch|p1a: Hitmontop|Hitmontop, L88, M|231/231\n|-ability|p1a: Hitmontop|Intimidate|boost\n|-unboost|p2a: Minun|atk|1\n|move|p2a: Minun|Nasty Plot|p2a: Minun\n|-boost|p2a: Minun|spa|2\n|\n|-damage|p2a: Minun|235/268 psn|[from] psn\n|upkeep\n|turn|10\n|\n|t:|1727877209\n|-terastallize|p2a: Minun|Fairy\n|-terastallize|p1a: Hitmontop|Steel\n|move|p2a: Minun|Alluring Voice|p1a: Hitmontop\n|-resisted|p1a: Hitmontop\n|-damage|p1a: Hitmontop|173/231\n|-damage|p2a: Minun|209/268 psn|[from] item: Life Orb\n|move|p1a: Hitmontop|Close Combat|p2a: Minun\n|-resisted|p2a: Minun\n|-damage|p2a: Minun|123/268 psn\n|-unboost|p1a: Hitmontop|def|1\n|-unboost|p1a: Hitmontop|spd|1\n|\n|-damage|p2a: Minun|90/268 psn|[from] psn\n|upkeep\n|turn|11\n|\n|t:|1727877229\n|move|p1a: Hitmontop|Sucker Punch|p2a: Minun\n|-resisted|p2a: Minun\n|-damage|p2a: Minun|57/268 psn\n|move|p2a: Minun|Thunderbolt|p1a: Hitmontop\n|-damage|p1a: Hitmontop|0 fnt\n|faint|p1a: Hitmontop\n|-damage|p2a: Minun|31/268 psn|[from] item: Life Orb\n|\n|-damage|p2a: Minun|0 fnt|[from] psn\n|faint|p2a: Minun\n|upkeep\n|\n|t:|1727877244\n|switch|p2a: Sinistcha|Sinistcha-Masterpiece, L83|254/254\n|switch|p1a: Qwilfish|Qwilfish, L86, M|157/252\n|-ability|p1a: Qwilfish|Intimidate|boost\n|-unboost|p2a: Sinistcha|atk|1\n|-status|p2a: Sinistcha|psn\n|turn|12\n|\n|t:|1727877252\n|move|p1a: Qwilfish|Flip Turn|p2a: Sinistcha\n|-resisted|p2a: Sinistcha\n|-damage|p2a: Sinistcha|223/254 psn\n|\n|t:|1727877255\n|switch|p1a: Oricorio|Oricorio, L84, M|263/263|[from] Flip Turn\n|move|p2a: Sinistcha|Matcha Gotcha|p1a: Oricorio|[miss]\n|-miss|p2a: Sinistcha|p1a: Oricorio\n|\n|-heal|p2a: Sinistcha|238/254 psn|[from] item: Leftovers\n|-damage|p2a: Sinistcha|207/254 psn|[from] psn\n|upkeep\n|turn|13\n|\n|t:|1727877268\n|switch|p2a: Cloyster|Cloyster, L79, M|209/209\n|-status|p2a: Cloyster|psn\n|move|p1a: Oricorio|Hurricane|p2a: Cloyster\n|-damage|p2a: Cloyster|20/209 psn\n|-start|p2a: Cloyster|confusion\n|\n|-damage|p2a: Cloyster|0 fnt|[from] psn\n|faint|p2a: Cloyster\n|upkeep\n|-message|RL4T Scizor forfeited.\n|\n|win|duck\n|raw|duck's rating: 2187 &rarr; <strong>2218</strong><br />(+31 for winning)\n|raw|RL4T Scizor's rating: 2413 &rarr; <strong>2382</strong><br />(-31 for losing)\n|l|\u2606RL4T Scizor\n|player|p2|\n", "inputlog": ">version 998c360a80c88869a95329581debabeb17973198\n>start {\"formatid\":\"gen9randombattle\",\"seed\":[8958,6497,63738,18980],\"rated\":\"Rated battle\"}\n>player p1 {\"name\":\"duck\",\"avatar\":\"#test20172\",\"rating\":2187,\"seed\":[8847,62340,25711,16237]}\n>player p2 {\"name\":\"RL4T Scizor\",\"avatar\":\"plasmagruntf-gen5bw\",\"rating\":2413,\"seed\":[10511,20120,28623,55953]}\n>p1 switch 4\n>p2 move scald\n>p1 move toxicspikes\n>p2 move flipturn\n>p2 switch 3\n>p1 move flipturn\n>p2 switch 3\n>chat \u2606RL4T Scizor|misclick\n>p1 switch 5\n>p1 move bulkup\n>p2 switch 5\n>p1 move drainpunch\n>p2 move yawn\n>p1 move drainpunch\n>p2 move rapidspin\n>p1 move drainpunch\n>p2 move yawn\n>p1 move drainpunch\n>p2 move rapidspin\n>p2 switch 6\n>p1 switch 2\n>p2 move nastyplot\n>p1 move closecombat terastallize\n>p2 move alluringvoice terastallize\n>p1 move suckerpunch\n>p2 move thunderbolt\n>p1 switch 5\n>p2 switch 2\n>p1 move flipturn\n>p2 move matchagotcha\n>p1 switch 6\n>p1 move hurricane\n>p2 switch 4\n>forcelose p2", "uploadtime": 1727877322, "views": 73, "formatid": "gen9randombattle", "rating": 2218, "private": 0, "password": null}