{"id": "gen9randombattle-2112867804", "format": "[Gen 9] Random Battle", "players": ["God King Raidriar", "Piyush21"], "log": "|badge|p2|silver|gen9randombattle|30-1\n|html|<div class=\"broadcast-red\"><strong>This battle is required to be public due to one or more player having a season medal.</strong><br />During the public phase, you can discuss the state of the ladder <a href=\"/seasondiscussion\">in a special chatroom.</a></div>\n|uhtml|medal-msg|<div class=\"broadcast-blue\">Curious what those medals under the avatar are? PS now has Ladder Seasons! For more information, check out the <a href=\"https://www.smogon.com/forums/threads/3740067/\">thread on Smogon.</a></div>\n|raw|<div class=\"broadcast-blue\"><strong>This battle is required to be public due to a player having a name starting with 'medal'.</div>\n|j|\u2606God King Raidriar\n|j|\u2606Piyush21\n|t:|1714244266\n|gametype|singles\n|player|p1|God King Raidriar|265|2222\n|player|p2|Piyush21|#ouplviivaliants|2433\n|teamsize|p1|6\n|teamsize|p2|6\n|gen|9\n|tier|[Gen 9] Random Battle\n|rated|\n|rule|Species Clause: Limit one of each Pok\u00e9mon\n|rule|HP Percentage Mod: HP is shown in percentages\n|rule|Sleep Clause Mod: Limit one foe put to sleep\n|rule|Illusion Level Mod: Illusion disguises the Pok\u00e9mon's true level\n|\n|t:|1714244266\n|start\n|switch|p1a: Mesprit|Mesprit, L85|275/275\n|switch|p2a: Maushold|Maushold-Four, L76|238/238\n|turn|1\n|inactive|Battle timer is ON: inactive players will automatically lose when time's up. (requested by Piyush21)\n|c|\u2606God King Raidriar|Whats with these goofy medals\n|inactive|God King Raidriar has 120 seconds left.\n|\n|t:|1714244318\n|move|p2a: Maushold|Population Bomb|p1a: Mesprit\n|-damage|p1a: Mesprit|254/275\n|-damage|p1a: Mesprit|233/275\n|-damage|p1a: Mesprit|214/275\n|-damage|p1a: Mesprit|193/275\n|-damage|p1a: Mesprit|172/275\n|-damage|p1a: Mesprit|154/275\n|-damage|p1a: Mesprit|132/275\n|-crit|p1a: Mesprit\n|-damage|p1a: Mesprit|102/275\n|-damage|p1a: Mesprit|83/275\n|-damage|p1a: Mesprit|64/275\n|-hitcount|p1a: Mesprit|10\n|move|p1a: Mesprit|Drain Punch|p2a: Maushold\n|-supereffective|p2a: Maushold\n|-damage|p2a: Maushold|92/238\n|-heal|p1a: Mesprit|137/275|[from] drain|[of] p2a: Maushold\n|\n|-heal|p1a: Mesprit|154/275|[from] item: Leftovers\n|upkeep\n|turn|2\n|\n|t:|1714244329\n|switch|p1a: Golem|Golem-Alola, L93, M|300/300\n|move|p2a: Maushold|Population Bomb|p1a: Golem\n|-resisted|p1a: Golem\n|-damage|p1a: Golem|293/300\n|-resisted|p1a: Golem\n|-damage|p1a: Golem|286/300\n|-resisted|p1a: Golem\n|-damage|p1a: Golem|277/300\n|-resisted|p1a: Golem\n|-damage|p1a: Golem|269/300\n|-resisted|p1a: Golem\n|-damage|p1a: Golem|261/300\n|-resisted|p1a: Golem\n|-damage|p1a: Golem|254/300\n|-resisted|p1a: Golem\n|-damage|p1a: Golem|247/300\n|-resisted|p1a: Golem\n|-damage|p1a: Golem|240/300\n|-resisted|p1a: Golem\n|-damage|p1a: Golem|233/300\n|-resisted|p1a: Golem\n|-damage|p1a: Golem|225/300\n|-hitcount|p1a: Golem|10\n|\n|upkeep\n|turn|3\n|\n|t:|1714244335\n|move|p2a: Maushold|Population Bomb|p1a: Golem\n|-resisted|p1a: Golem\n|-damage|p1a: Golem|218/300\n|-resisted|p1a: Golem\n|-damage|p1a: Golem|211/300\n|-resisted|p1a: Golem\n|-damage|p1a: Golem|203/300\n|-resisted|p1a: Golem\n|-damage|p1a: Golem|195/300\n|-resisted|p1a: Golem\n|-damage|p1a: Golem|187/300\n|-resisted|p1a: Golem\n|-damage|p1a: Golem|180/300\n|-resisted|p1a: Golem\n|-damage|p1a: Golem|173/300\n|-resisted|p1a: Golem\n|-damage|p1a: Golem|166/300\n|-resisted|p1a: Golem\n|-damage|p1a: Golem|157/300\n|-resisted|p1a: Golem\n|-damage|p1a: Golem|149/300\n|-hitcount|p1a: Golem|10\n|move|p1a: Golem|Earthquake|p2a: Maushold\n|-damage|p2a: Maushold|0 fnt\n|faint|p2a: Maushold\n|\n|upkeep\n|\n|t:|1714244343\n|switch|p2a: Skarmory|Skarmory, L80, F|235/235\n|turn|4\n|\n|t:|1714244361\n|switch|p1a: Mesprit|Mesprit, L85|154/275\n|move|p2a: Skarmory|Spikes|p1a: Mesprit\n|-sidestart|p1: God King Raidriar|Spikes\n|\n|-heal|p1a: Mesprit|171/275|[from] item: Leftovers\n|upkeep\n|turn|5\n|\n|t:|1714244365\n|switch|p2a: Meowscarada|Meowscarada, L78, F|247/247\n|move|p1a: Mesprit|Thunder Wave|p2a: Meowscarada\n|-status|p2a: Meowscarada|par\n|\n|-heal|p1a: Mesprit|188/275|[from] item: Leftovers\n|upkeep\n|turn|6\n|\n|t:|1714244383\n|switch|p1a: Golem|Golem-Alola, L93, M|149/300\n|-damage|p1a: Golem|112/300|[from] Spikes\n|cant|p2a: Meowscarada|par\n|\n|upkeep\n|turn|7\n|\n|t:|1714244389\n|switch|p2a: Skarmory|Skarmory, L80, F|235/235\n|move|p1a: Golem|Stone Edge|p2a: Skarmory\n|-damage|p2a: Skarmory|82/235\n|\n|-heal|p2a: Skarmory|96/235|[from] item: Leftovers\n|upkeep\n|turn|8\n|\n|t:|1714244394\n|move|p2a: Skarmory|Roost|p2a: Skarmory\n|-heal|p2a: Skarmory|214/235\n|-singleturn|p2a: Skarmory|move: Roost\n|move|p1a: Golem|Stone Edge|p2a: Skarmory|[miss]\n|-miss|p1a: Golem|p2a: Skarmory\n|\n|-heal|p2a: Skarmory|228/235|[from] item: Leftovers\n|upkeep\n|turn|9\n|\n|t:|1714244402\n|switch|p1a: Mesprit|Mesprit, L85|188/275\n|move|p2a: Skarmory|Spikes|p1a: Mesprit\n|-sidestart|p1: God King Raidriar|Spikes\n|\n|-heal|p1a: Mesprit|205/275|[from] item: Leftovers\n|-heal|p2a: Skarmory|235/235|[from] item: Leftovers\n|upkeep\n|turn|10\n|\n|t:|1714244407\n|move|p1a: Mesprit|Ice Beam|p2a: Skarmory\n|-damage|p2a: Skarmory|145/235\n|move|p2a: Skarmory|Spikes|p1a: Mesprit\n|-sidestart|p1: God King Raidriar|Spikes\n|\n|-heal|p1a: Mesprit|222/275|[from] item: Leftovers\n|-heal|p2a: Skarmory|159/235|[from] item: Leftovers\n|upkeep\n|turn|11\n|\n|t:|1714244416\n|switch|p2a: Solgaleo|Solgaleo, L74|325/325\n|move|p1a: Mesprit|Psychic Noise|p2a: Solgaleo\n|-resisted|p2a: Solgaleo\n|-damage|p2a: Solgaleo|301/325\n|-start|p2a: Solgaleo|move: Heal Block\n|\n|-heal|p1a: Mesprit|239/275|[from] item: Leftovers\n|upkeep\n|turn|12\n|\n|t:|1714244420\n|move|p2a: Solgaleo|Knock Off|p1a: Mesprit\n|-supereffective|p1a: Mesprit\n|-damage|p1a: Mesprit|107/275\n|-enditem|p1a: Mesprit|Leftovers|[from] move: Knock Off|[of] p2a: Solgaleo\n|move|p1a: Mesprit|Thunder Wave|p2a: Solgaleo\n|-status|p2a: Solgaleo|par\n|\n|-end|p2a: Solgaleo|move: Heal Block\n|upkeep\n|turn|13\n|\n|t:|1714244426\n|move|p1a: Mesprit|Drain Punch|p2a: Solgaleo\n|-damage|p2a: Solgaleo|248/325 par\n|-heal|p1a: Mesprit|134/275|[from] drain|[of] p2a: Solgaleo\n|cant|p2a: Solgaleo|par\n|\n|upkeep\n|turn|14\n|\n|t:|1714244434\n|move|p1a: Mesprit|Psychic Noise|p2a: Solgaleo\n|-resisted|p2a: Solgaleo\n|-damage|p2a: Solgaleo|221/325 par\n|-start|p2a: Solgaleo|move: Heal Block\n|move|p2a: Solgaleo|Sunsteel Strike|p1a: Mesprit\n|-damage|p1a: Mesprit|35/275\n|\n|upkeep\n|turn|15\n|\n|t:|1714244437\n|move|p1a: Mesprit|Drain Punch|p2a: Solgaleo\n|-damage|p2a: Solgaleo|166/325 par\n|-heal|p1a: Mesprit|63/275|[from] drain|[of] p2a: Solgaleo\n|cant|p2a: Solgaleo|par\n|\n|-end|p2a: Solgaleo|move: Heal Block\n|upkeep\n|turn|16\n|\n|t:|1714244439\n|move|p1a: Mesprit|Psychic Noise|p2a: Solgaleo\n|-resisted|p2a: Solgaleo\n|-damage|p2a: Solgaleo|141/325 par\n|-start|p2a: Solgaleo|move: Heal Block\n|move|p2a: Solgaleo|Sunsteel Strike|p1a: Mesprit\n|-damage|p1a: Mesprit|0 fnt\n|faint|p1a: Mesprit\n|\n|upkeep\n|\n|t:|1714244444\n|switch|p1a: Masquerain|Masquerain, L87, F|264/264\n|-ability|p1a: Masquerain|Intimidate|boost\n|-fail|p2a: Solgaleo|unboost|[from] ability: Full Metal Body|[of] p2a: Solgaleo\n|turn|17\n|\n|t:|1714244450\n|move|p1a: Masquerain|Quiver Dance|p1a: Masquerain\n|-boost|p1a: Masquerain|spa|1\n|-boost|p1a: Masquerain|spd|1\n|-boost|p1a: Masquerain|spe|1\n|move|p2a: Solgaleo|Sunsteel Strike|p1a: Masquerain\n|-damage|p1a: Masquerain|125/264\n|\n|-end|p2a: Solgaleo|move: Heal Block\n|upkeep\n|turn|18\n|\n|t:|1714244474\n|move|p1a: Masquerain|Bug Buzz|p2a: Solgaleo\n|-damage|p2a: Solgaleo|0 fnt\n|faint|p2a: Solgaleo\n|\n|upkeep\n|\n|t:|1714244476\n|switch|p2a: Swalot|Swalot, L90, M|326/326\n|turn|19\n|\n|t:|1714244479\n|move|p1a: Masquerain|Hurricane|p2a: Swalot\n|-damage|p2a: Swalot|211/326\n|move|p2a: Swalot|Sludge Bomb|p1a: Masquerain\n|-damage|p1a: Masquerain|61/264\n|-status|p1a: Masquerain|psn\n|\n|-damage|p1a: Masquerain|28/264 psn|[from] psn\n|upkeep\n|turn|20\n|\n|t:|1714244485\n|move|p1a: Masquerain|Hurricane|p2a: Swalot\n|-damage|p2a: Swalot|90/326\n|move|p2a: Swalot|Knock Off|p1a: Masquerain\n|-damage|p1a: Masquerain|0 fnt\n|-enditem|p1a: Masquerain|Heavy-Duty Boots|[from] move: Knock Off|[of] p2a: Swalot\n|faint|p1a: Masquerain\n|\n|upkeep\n|\n|t:|1714244499\n|switch|p1a: Cacturne|Cacturne, L92, M|278/278\n|-damage|p1a: Cacturne|209/278|[from] Spikes\n|turn|21\n|\n|t:|1714244507\n|switch|p2a: Skarmory|Skarmory, L80, F|159/235\n|move|p1a: Cacturne|Knock Off|p2a: Skarmory\n|-damage|p2a: Skarmory|21/235\n|-enditem|p2a: Skarmory|Leftovers|[from] move: Knock Off|[of] p1a: Cacturne\n|-damage|p1a: Cacturne|182/278|[from] item: Life Orb\n|\n|upkeep\n|turn|22\n|\n|t:|1714244521\n|move|p2a: Skarmory|Roost|p2a: Skarmory\n|-heal|p2a: Skarmory|139/235\n|-singleturn|p2a: Skarmory|move: Roost\n|move|p1a: Cacturne|Focus Blast|p2a: Skarmory|[miss]\n|-miss|p1a: Cacturne|p2a: Skarmory\n|\n|upkeep\n|turn|23\n|\n|t:|1714244531\n|switch|p1a: Golem|Golem-Alola, L93, M|112/300\n|-damage|p1a: Golem|37/300|[from] Spikes\n|move|p2a: Skarmory|Brave Bird|p1a: Golem\n|-resisted|p1a: Golem\n|-damage|p1a: Golem|21/300\n|-damage|p2a: Skarmory|134/235|[from] Recoil\n|\n|upkeep\n|turn|24\n|\n|t:|1714244543\n|-terastallize|p2a: Skarmory|Dragon\n|move|p2a: Skarmory|Roost|p2a: Skarmory\n|-heal|p2a: Skarmory|235/235\n|move|p1a: Golem|Explosion|p2a: Skarmory\n|-resisted|p2a: Skarmory\n|-ability|p2a: Skarmory|Sturdy\n|-damage|p2a: Skarmory|1/235\n|faint|p1a: Golem\n|\n|upkeep\n|\n|t:|1714244566\n|switch|p1a: Arceus|Arceus-Bug, L73|295/295\n|-damage|p1a: Arceus|222/295|[from] Spikes\n|turn|25\n|\n|t:|1714244574\n|switch|p2a: Swalot|Swalot, L90, M|90/326\n|move|p1a: Arceus|Judgment|p2a: Swalot\n|-resisted|p2a: Swalot\n|-damage|p2a: Swalot|55/326\n|\n|upkeep\n|turn|26\n|\n|t:|1714244577\n|move|p1a: Arceus|Fire Blast|p2a: Swalot\n|-damage|p2a: Swalot|9/326\n|move|p2a: Swalot|Sludge Bomb|p1a: Arceus\n|-damage|p1a: Arceus|134/295\n|-status|p1a: Arceus|psn\n|\n|-damage|p1a: Arceus|98/295 psn|[from] psn\n|upkeep\n|turn|27\n|\n|t:|1714244581\n|switch|p2a: Vaporeon|Vaporeon, L86, M|364/364\n|move|p1a: Arceus|Judgment|p2a: Vaporeon\n|-damage|p2a: Vaporeon|259/364\n|\n|-heal|p2a: Vaporeon|281/364|[from] item: Leftovers\n|-damage|p1a: Arceus|62/295 psn|[from] psn\n|upkeep\n|turn|28\n|\n|t:|1714244600\n|move|p1a: Arceus|Judgment|p2a: Vaporeon\n|-damage|p2a: Vaporeon|172/364\n|move|p2a: Vaporeon|Wish|p2a: Vaporeon\n|\n|-heal|p2a: Vaporeon|194/364|[from] item: Leftovers\n|-damage|p1a: Arceus|26/295 psn|[from] psn\n|upkeep\n|turn|29\n|\n|t:|1714244604\n|move|p2a: Vaporeon|Protect|p2a: Vaporeon\n|-singleturn|p2a: Vaporeon|Protect\n|move|p1a: Arceus|Judgment|p2a: Vaporeon\n|-activate|p2a: Vaporeon|move: Protect\n|\n|-heal|p2a: Vaporeon|364/364|[from] move: Wish|[wisher] Vaporeon\n|-damage|p1a: Arceus|0 fnt|[from] psn\n|faint|p1a: Arceus\n|upkeep\n|\n|t:|1714244612\n|switch|p1a: Alcremie|Alcremie-Ruby-Swirl, L90, F|263/263\n|-damage|p1a: Alcremie|198/263|[from] Spikes\n|turn|30\n|\n|t:|1714244619\n|move|p1a: Alcremie|Calm Mind|p1a: Alcremie\n|-boost|p1a: Alcremie|spa|1\n|-boost|p1a: Alcremie|spd|1\n|move|p2a: Vaporeon|Calm Mind|p2a: Vaporeon\n|-boost|p2a: Vaporeon|spa|1\n|-boost|p2a: Vaporeon|spd|1\n|\n|-heal|p1a: Alcremie|214/263|[from] item: Leftovers\n|upkeep\n|turn|31\n|\n|t:|1714244622\n|move|p1a: Alcremie|Calm Mind|p1a: Alcremie\n|-boost|p1a: Alcremie|spa|1\n|-boost|p1a: Alcremie|spd|1\n|move|p2a: Vaporeon|Calm Mind|p2a: Vaporeon\n|-boost|p2a: Vaporeon|spa|1\n|-boost|p2a: Vaporeon|spd|1\n|\n|-heal|p1a: Alcremie|230/263|[from] item: Leftovers\n|upkeep\n|turn|32\n|\n|t:|1714244626\n|move|p1a: Alcremie|Calm Mind|p1a: Alcremie\n|-boost|p1a: Alcremie|spa|1\n|-boost|p1a: Alcremie|spd|1\n|move|p2a: Vaporeon|Calm Mind|p2a: Vaporeon\n|-boost|p2a: Vaporeon|spa|1\n|-boost|p2a: Vaporeon|spd|1\n|\n|-heal|p1a: Alcremie|246/263|[from] item: Leftovers\n|upkeep\n|turn|33\n|\n|t:|1714244628\n|move|p1a: Alcremie|Calm Mind|p1a: Alcremie\n|-boost|p1a: Alcremie|spa|1\n|-boost|p1a: Alcremie|spd|1\n|move|p2a: Vaporeon|Calm Mind|p2a: Vaporeon\n|-boost|p2a: Vaporeon|spa|1\n|-boost|p2a: Vaporeon|spd|1\n|\n|-heal|p1a: Alcremie|262/263|[from] item: Leftovers\n|upkeep\n|turn|34\n|\n|t:|1714244630\n|move|p1a: Alcremie|Calm Mind|p1a: Alcremie\n|-boost|p1a: Alcremie|spa|1\n|-boost|p1a: Alcremie|spd|1\n|move|p2a: Vaporeon|Calm Mind|p2a: Vaporeon\n|-boost|p2a: Vaporeon|spa|1\n|-boost|p2a: Vaporeon|spd|1\n|\n|-heal|p1a: Alcremie|263/263|[from] item: Leftovers\n|upkeep\n|turn|35\n|\n|t:|1714244632\n|move|p1a: Alcremie|Calm Mind|p1a: Alcremie\n|-boost|p1a: Alcremie|spa|1\n|-boost|p1a: Alcremie|spd|1\n|move|p2a: Vaporeon|Calm Mind|p2a: Vaporeon\n|-boost|p2a: Vaporeon|spa|1\n|-boost|p2a: Vaporeon|spd|1\n|\n|upkeep\n|turn|36\n|\n|t:|1714244634\n|move|p1a: Alcremie|Alluring Voice|p2a: Vaporeon\n|-damage|p2a: Vaporeon|259/364\n|move|p2a: Vaporeon|Scald|p1a: Alcremie\n|-crit|p1a: Alcremie\n|-damage|p1a: Alcremie|0 fnt\n|faint|p1a: Alcremie\n|\n|-heal|p2a: Vaporeon|281/364|[from] item: Leftovers\n|upkeep\n|-message|God King Raidriar forfeited.\n|\n|win|Piyush21\n|raw|God King Raidriar's rating: 2222 &rarr; <strong>2213</strong><br />(-9 for losing)\n|raw|Piyush21's rating: 2433 &rarr; <strong>2442</strong><br />(+9 for winning)\n|l|\u2606God King Raidriar\n|player|p1|\n|l|\u2606Piyush21\n|player|p2|\n", "inputlog": ">version 56c3b69fcd3b113ffc796eb8c36c032ea017d75b\n>start {\"formatid\":\"gen9randombattle\",\"seed\":[50791,29921,16217,55421],\"rated\":\"Rated battle\"}\n>player p1 {\"name\":\"God King Raidriar\",\"avatar\":\"265\",\"rating\":2222,\"seed\":[33953,55333,21508,10813]}\n>player p2 {\"name\":\"Piyush21\",\"avatar\":\"#ouplviivaliants\",\"rating\":2433,\"seed\":[56121,52025,10142,31371]}\n>chat \u2606God King Raidriar|Whats with these goofy medals\n>p1 move drainpunch\n>p2 move populationbomb\n>p1 switch 2\n>p2 move populationbomb\n>p1 move earthquake\n>p2 move populationbomb\n>p2 switch 5\n>p1 switch 2\n>p2 move spikes\n>p1 move thunderwave\n>p2 switch 6\n>p1 switch 2\n>p2 move knockoff\n>p1 move stoneedge\n>p2 switch 6\n>p1 move stoneedge\n>p2 move roost\n>p1 switch 2\n>p2 move spikes\n>p1 move icebeam\n>p2 move spikes\n>p1 move psychicnoise\n>p2 switch 2\n>p1 move thunderwave\n>p2 move knockoff\n>p1 move drainpunch\n>p2 move knockoff\n>p1 move psychicnoise\n>p2 move sunsteelstrike\n>p1 move drainpunch\n>p2 move sunsteelstrike\n>p1 move psychicnoise\n>p2 move sunsteelstrike\n>p1 switch 4\n>p1 move quiverdance\n>p2 move sunsteelstrike\n>p1 move bugbuzz\n>p2 move sunsteelstrike\n>p2 switch 3\n>p1 move hurricane\n>p2 move sludgebomb\n>p1 move hurricane\n>p2 move knockoff\n>p1 switch 5\n>p1 move knockoff\n>p2 switch 2\n>p1 move focusblast\n>p2 move roost\n>p1 switch 2\n>p2 move bravebird\n>p1 move explosion\n>p2 move roost terastallize\n>p1 switch 3\n>p1 move judgment\n>p2 switch 2\n>p1 move fireblast\n>p2 move sludgebomb\n>p1 move judgment\n>p2 switch 4\n>p1 move judgment\n>p2 move wish\n>p1 move judgment\n>p2 move protect\n>p1 switch 6\n>p1 move calmmind\n>p2 move calmmind\n>p1 move calmmind\n>p2 move calmmind\n>p1 move calmmind\n>p2 move calmmind\n>p1 move calmmind\n>p2 move calmmind\n>p1 move calmmind\n>p2 move calmmind\n>p1 move calmmind\n>p2 move calmmind\n>p1 move alluringvoice\n>p2 move scald\n>forcelose p1", "uploadtime": 1714244819, "views": 232, "formatid": "gen9randombattle", "rating": 2213, "private": 0, "password": null}