{"id": "gen9randombattle-2178974119", "format": "[Gen 9] Random Battle", "players": ["Impersal", "Misery Mire"], "log": "|j|\u2606Impersal\n|j|\u2606Misery Mire\n|t:|1723511075\n|gametype|singles\n|player|p1|Impersal|pryce|2208\n|player|p2|Misery Mire|madame-gen4|2267\n|teamsize|p1|6\n|teamsize|p2|6\n|gen|9\n|tier|[Gen 9] Random Battle\n|rated|\n|rule|Species Clause: Limit one of each Pok\u00e9mon\n|rule|HP Percentage Mod: HP is shown in percentages\n|rule|Sleep Clause Mod: Limit one foe put to sleep\n|rule|Illusion Level Mod: Illusion disguises the Pok\u00e9mon's true level\n|\n|t:|1723511075\n|start\n|switch|p1a: Maushold|Maushold, L76|238/238\n|switch|p2a: Falinks|Falinks, L85|249/249\n|turn|1\n|inactive|Battle timer is ON: inactive players will automatically lose when time's up. (requested by Impersal)\n|j| hypervortexgoes\n|\n|t:|1723511090\n|move|p1a: Maushold|Tidy Up|p1a: Maushold\n|-boost|p1a: Maushold|atk|1\n|-boost|p1a: Maushold|spe|1\n|move|p2a: Falinks|Close Combat|p1a: Maushold\n|-supereffective|p1a: Maushold\n|-damage|p1a: Maushold|0 fnt\n|-unboost|p2a: Falinks|def|1\n|-unboost|p2a: Falinks|spd|1\n|faint|p1a: Maushold\n|-damage|p2a: Falinks|225/249|[from] item: Life Orb\n|\n|upkeep\n|\n|t:|1723511099\n|switch|p1a: Slowbro|Slowbro, L85, M|300/300\n|turn|2\n|\n|t:|1723511105\n|switch|p2a: Politoed|Politoed, L88, F|302/302\n|-weather|RainDance|[from] ability: Drizzle|[of] p2a: Politoed\n|move|p1a: Slowbro|Future Sight|p2a: Politoed\n|-start|p1a: Slowbro|move: Future Sight\n|\n|-weather|RainDance|[upkeep]\n|upkeep\n|turn|3\n|\n|t:|1723511111\n|switch|p1a: Decidueye|Decidueye, L88, F|281/281\n|move|p2a: Politoed|Hydro Pump|p1a: Decidueye\n|-resisted|p1a: Decidueye\n|-damage|p1a: Decidueye|209/281\n|\n|-weather|RainDance|[upkeep]\n|upkeep\n|turn|4\n|\n|t:|1723511127\n|move|p2a: Politoed|Ice Beam|p1a: Decidueye\n|-supereffective|p1a: Decidueye\n|-damage|p1a: Decidueye|85/281\n|-status|p1a: Decidueye|frz\n|cant|p1a: Decidueye|frz\n|\n|-weather|RainDance|[upkeep]\n|-end|p2a: Politoed|move: Future Sight\n|-damage|p2a: Politoed|184/302\n|-heal|p2a: Politoed|202/302|[from] item: Leftovers\n|upkeep\n|turn|5\n|\n|t:|1723511138\n|move|p2a: Politoed|Ice Beam|p1a: Decidueye\n|-supereffective|p1a: Decidueye\n|-damage|p1a: Decidueye|0 fnt\n|faint|p1a: Decidueye\n|\n|-weather|RainDance|[upkeep]\n|-heal|p2a: Politoed|220/302|[from] item: Leftovers\n|upkeep\n|inactive|Impersal has 120 seconds left.\n|\n|t:|1723511167\n|switch|p1a: Archaludon|Archaludon, L78, F|268/268\n|turn|6\n|\n|t:|1723511179\n|move|p1a: Archaludon|Stealth Rock|p2a: Politoed\n|-sidestart|p2: Misery Mire|move: Stealth Rock\n|move|p2a: Politoed|Hypnosis|p1a: Archaludon\n|-status|p1a: Archaludon|slp|[from] move: Hypnosis\n|\n|-weather|none\n|-heal|p2a: Politoed|238/302|[from] item: Leftovers\n|upkeep\n|turn|7\n|\n|t:|1723511189\n|switch|p2a: Falinks|Falinks, L85|225/249\n|-damage|p2a: Falinks|210/249|[from] Stealth Rock\n|cant|p1a: Archaludon|slp\n|\n|upkeep\n|turn|8\n|\n|t:|1723511196\n|switch|p1a: Slowbro|Slowbro, L85, M|300/300\n|move|p2a: Falinks|No Retreat|p2a: Falinks\n|-boost|p2a: Falinks|atk|1\n|-boost|p2a: Falinks|def|1\n|-boost|p2a: Falinks|spa|1\n|-boost|p2a: Falinks|spd|1\n|-boost|p2a: Falinks|spe|1\n|-start|p2a: Falinks|move: No Retreat\n|\n|upkeep\n|turn|9\n|\n|t:|1723511199\n|move|p2a: Falinks|Knock Off|p1a: Slowbro\n|-supereffective|p1a: Slowbro\n|-damage|p1a: Slowbro|71/300\n|-enditem|p1a: Slowbro|Assault Vest|[from] move: Knock Off|[of] p2a: Falinks\n|-damage|p2a: Falinks|186/249|[from] item: Life Orb\n|move|p1a: Slowbro|Scald|p2a: Falinks\n|-damage|p2a: Falinks|111/249\n|\n|upkeep\n|turn|10\n|\n|t:|1723511215\n|move|p2a: Falinks|Close Combat|p1a: Slowbro\n|-resisted|p1a: Slowbro\n|-crit|p1a: Slowbro\n|-damage|p1a: Slowbro|0 fnt\n|-unboost|p2a: Falinks|def|1\n|-unboost|p2a: Falinks|spd|1\n|faint|p1a: Slowbro\n|-damage|p2a: Falinks|87/249|[from] item: Life Orb\n|\n|upkeep\n|\n|t:|1723511221\n|switch|p1a: Comfey|Comfey, L85, F|225/225\n|turn|11\n|\n|t:|1723511224\n|move|p1a: Comfey|Draining Kiss|p2a: Falinks\n|-supereffective|p2a: Falinks\n|-damage|p2a: Falinks|0 fnt\n|faint|p2a: Falinks\n|\n|upkeep\n|\n|t:|1723511233\n|switch|p2a: Ursaring|Ursaring, L84, F|288/288\n|-damage|p2a: Ursaring|252/288|[from] Stealth Rock\n|turn|12\n|\n|t:|1723511244\n|switch|p1a: Archaludon|Archaludon, L78, F|268/268 slp\n|move|p2a: Ursaring|Body Slam|p1a: Archaludon\n|-resisted|p1a: Archaludon\n|-damage|p1a: Archaludon|223/268 slp\n|-ability|p1a: Archaludon|Stamina|boost\n|-boost|p1a: Archaludon|def|1\n|\n|-heal|p1a: Archaludon|239/268 slp|[from] item: Leftovers\n|upkeep\n|turn|13\n|\n|t:|1723511253\n|switch|p2a: Politoed|Politoed, L88, F|238/302\n|-damage|p2a: Politoed|201/302|[from] Stealth Rock\n|-weather|RainDance|[from] ability: Drizzle|[of] p2a: Politoed\n|cant|p1a: Archaludon|slp\n|\n|-weather|RainDance|[upkeep]\n|-heal|p1a: Archaludon|255/268 slp|[from] item: Leftovers\n|-heal|p2a: Politoed|219/302|[from] item: Leftovers\n|upkeep\n|turn|14\n|\n|t:|1723511257\n|-curestatus|p1a: Archaludon|slp|[msg]\n|move|p1a: Archaludon|Body Press|p2a: Politoed\n|-damage|p2a: Politoed|110/302\n|move|p2a: Politoed|Haze|p2a: Politoed\n|-clearallboost\n|\n|-weather|RainDance|[upkeep]\n|-heal|p1a: Archaludon|268/268|[from] item: Leftovers\n|-heal|p2a: Politoed|128/302|[from] item: Leftovers\n|upkeep\n|turn|15\n|\n|t:|1723511265\n|move|p1a: Archaludon|Draco Meteor|p2a: Politoed\n|-damage|p2a: Politoed|0 fnt\n|-unboost|p1a: Archaludon|spa|2\n|faint|p2a: Politoed\n|\n|-weather|RainDance|[upkeep]\n|upkeep\n|\n|t:|1723511270\n|switch|p2a: Magnezone|Magnezone, L85|258/258\n|-damage|p2a: Magnezone|242/258|[from] Stealth Rock\n|turn|16\n|\n|t:|1723511279\n|move|p1a: Archaludon|Body Press|p2a: Magnezone\n|-supereffective|p2a: Magnezone\n|-damage|p2a: Magnezone|136/258\n|move|p2a: Magnezone|Thunderbolt|p1a: Archaludon\n|-resisted|p1a: Archaludon\n|-damage|p1a: Archaludon|186/268\n|-status|p1a: Archaludon|par\n|-ability|p1a: Archaludon|Stamina|boost\n|-boost|p1a: Archaludon|def|1\n|\n|-weather|RainDance|[upkeep]\n|-heal|p1a: Archaludon|202/268 par|[from] item: Leftovers\n|upkeep\n|turn|17\n|c|\u2606Impersal|do u mind\n|\n|t:|1723511292\n|move|p2a: Magnezone|Thunderbolt|p1a: Archaludon\n|-resisted|p1a: Archaludon\n|-crit|p1a: Archaludon\n|-damage|p1a: Archaludon|79/268 par\n|-ability|p1a: Archaludon|Stamina|boost\n|-boost|p1a: Archaludon|def|1\n|move|p1a: Archaludon|Body Press|p2a: Magnezone\n|-supereffective|p2a: Magnezone\n|-damage|p2a: Magnezone|0 fnt\n|faint|p2a: Magnezone\n|\n|-weather|none\n|-heal|p1a: Archaludon|95/268 par|[from] item: Leftovers\n|upkeep\n|c|\u2606Impersal|i have a family\n|\n|t:|1723511305\n|switch|p2a: Altaria|Altaria, L88, M|275/275\n|turn|18\n|\n|t:|1723511312\n|switch|p1a: Tyranitar|Tyranitar, L79, F|288/288\n|-weather|Sandstorm|[from] ability: Sand Stream|[of] p1a: Tyranitar\n|move|p2a: Altaria|Dragon Dance|p2a: Altaria\n|-boost|p2a: Altaria|atk|1\n|-boost|p2a: Altaria|spe|1\n|\n|-weather|Sandstorm|[upkeep]\n|-damage|p2a: Altaria|258/275|[from] Sandstorm\n|upkeep\n|turn|19\n|\n|t:|1723511321\n|-terastallize|p2a: Altaria|Steel\n|move|p2a: Altaria|Earthquake|p1a: Tyranitar\n|-supereffective|p1a: Tyranitar\n|-damage|p1a: Tyranitar|122/288\n|move|p1a: Tyranitar|Ice Beam|p2a: Altaria\n|-resisted|p2a: Altaria\n|-damage|p2a: Altaria|237/275\n|-status|p2a: Altaria|frz\n|\n|-weather|Sandstorm|[upkeep]\n|upkeep\n|turn|20\n|\n|t:|1723511337\n|-curestatus|p2a: Altaria|frz|[from] ability: Natural Cure\n|switch|p2a: Gyarados|Gyarados, L79, M|280/280\n|-ability|p2a: Gyarados|Intimidate|boost\n|-unboost|p1a: Tyranitar|atk|1\n|move|p1a: Tyranitar|Knock Off|p2a: Gyarados\n|-damage|p2a: Gyarados|189/280\n|-enditem|p2a: Gyarados|Heavy-Duty Boots|[from] move: Knock Off|[of] p1a: Tyranitar\n|\n|-weather|Sandstorm|[upkeep]\n|-damage|p2a: Gyarados|172/280|[from] Sandstorm\n|upkeep\n|turn|21\n|\n|t:|1723511359\n|move|p2a: Gyarados|Waterfall|p1a: Tyranitar\n|-supereffective|p1a: Tyranitar\n|-damage|p1a: Tyranitar|0 fnt\n|faint|p1a: Tyranitar\n|\n|-weather|Sandstorm|[upkeep]\n|-damage|p2a: Gyarados|155/280|[from] Sandstorm\n|upkeep\n|inactive|Impersal has 120 seconds left.\n|\n|t:|1723511383\n|switch|p1a: Comfey|Comfey, L85, F|225/225\n|turn|22\n|j| FloSoup\n|inactive|Impersal has 120 seconds left.\n|\n|t:|1723511409\n|move|p1a: Comfey|Calm Mind|p1a: Comfey\n|-boost|p1a: Comfey|spa|1\n|-boost|p1a: Comfey|spd|1\n|move|p2a: Gyarados|Dragon Dance|p2a: Gyarados\n|-boost|p2a: Gyarados|atk|1\n|-boost|p2a: Gyarados|spe|1\n|\n|-weather|none\n|upkeep\n|turn|23\n|inactive|Impersal has 120 seconds left.\n|inactive|Misery Mire has 120 seconds left.\n|\n|t:|1723511428\n|move|p2a: Gyarados|Waterfall|p1a: Comfey\n|-damage|p1a: Comfey|99/225\n|move|p1a: Comfey|Calm Mind|p1a: Comfey\n|-boost|p1a: Comfey|spa|1\n|-boost|p1a: Comfey|spd|1\n|\n|-heal|p1a: Comfey|113/225|[from] item: Leftovers\n|upkeep\n|turn|24\n|inactive|Impersal has 120 seconds left.\n|\n|t:|1723511439\n|move|p1a: Comfey|Draining Kiss|p2a: Gyarados\n|-damage|p2a: Gyarados|56/280\n|-heal|p1a: Comfey|187/225|[from] drain|[of] p2a: Gyarados\n|move|p2a: Gyarados|Waterfall|p1a: Comfey\n|-damage|p1a: Comfey|58/225\n|\n|-heal|p1a: Comfey|72/225|[from] item: Leftovers\n|upkeep\n|turn|25\n|\n|t:|1723511444\n|move|p1a: Comfey|Draining Kiss|p2a: Gyarados\n|-damage|p2a: Gyarados|0 fnt\n|-heal|p1a: Comfey|114/225|[from] drain|[of] p2a: Gyarados\n|faint|p2a: Gyarados\n|\n|-heal|p1a: Comfey|128/225|[from] item: Leftovers\n|upkeep\n|\n|t:|1723511457\n|switch|p2a: Ursaring|Ursaring, L84, F|252/288\n|-damage|p2a: Ursaring|216/288|[from] Stealth Rock\n|turn|26\n|\n|t:|1723511467\n|move|p1a: Comfey|Calm Mind|p1a: Comfey\n|-boost|p1a: Comfey|spa|1\n|-boost|p1a: Comfey|spd|1\n|move|p2a: Ursaring|Body Slam|p1a: Comfey\n|-damage|p1a: Comfey|22/225\n|\n|-heal|p1a: Comfey|36/225|[from] item: Leftovers\n|upkeep\n|turn|27\n|\n|t:|1723511473\n|move|p1a: Comfey|Draining Kiss|p2a: Ursaring\n|-damage|p2a: Ursaring|120/288\n|-heal|p1a: Comfey|108/225|[from] drain|[of] p2a: Ursaring\n|move|p2a: Ursaring|Body Slam|p1a: Comfey\n|-damage|p1a: Comfey|0 fnt\n|faint|p1a: Comfey\n|\n|upkeep\n|\n|t:|1723511482\n|switch|p1a: Archaludon|Archaludon, L78, F|95/268 par\n|turn|28\n|\n|t:|1723511510\n|switch|p2a: Altaria|Altaria, L88, M, tera:Steel|237/275\n|move|p1a: Archaludon|Draco Meteor|p2a: Altaria\n|-resisted|p2a: Altaria\n|-damage|p2a: Altaria|177/275\n|-unboost|p1a: Archaludon|spa|2\n|\n|-heal|p1a: Archaludon|111/268 par|[from] item: Leftovers\n|upkeep\n|turn|29\n|\n|t:|1723511525\n|-terastallize|p1a: Archaludon|Fighting\n|move|p2a: Altaria|Dragon Dance|p2a: Altaria\n|-boost|p2a: Altaria|atk|1\n|-boost|p2a: Altaria|spe|1\n|move|p1a: Archaludon|Body Press|p2a: Altaria\n|-supereffective|p2a: Altaria\n|-damage|p2a: Altaria|0 fnt\n|faint|p2a: Altaria\n|\n|-heal|p1a: Archaludon|127/268 par|[from] item: Leftovers\n|upkeep\n|\n|t:|1723511530\n|switch|p2a: Ursaring|Ursaring, L84, F|120/288\n|-damage|p2a: Ursaring|84/288|[from] Stealth Rock\n|turn|30\n|c| hypervortexgoes|woah\n|c|\u2606Impersal|i dont matter\n|c|\u2606Impersal|i cant win\n|c| hypervortexgoes|ofc u can\n|inactive|Misery Mire has 120 seconds left.\n|c|\u2606Impersal|im going to get paraed\n|\n|t:|1723511557\n|move|p2a: Ursaring|Body Slam|p1a: Archaludon\n|-damage|p1a: Archaludon|43/268 par\n|-ability|p1a: Archaludon|Stamina|boost\n|-boost|p1a: Archaludon|def|1\n|move|p1a: Archaludon|Body Press|p2a: Ursaring\n|-supereffective|p2a: Ursaring\n|-damage|p2a: Ursaring|0 fnt\n|faint|p2a: Ursaring\n|\n|win|Impersal\n|raw|Impersal's rating: 2208 &rarr; <strong>2231</strong><br />(+23 for winning)\n|raw|Misery Mire's rating: 2267 &rarr; <strong>2244</strong><br />(-23 for losing)\n|c|\u2606Impersal|like forever\n|l|\u2606Misery Mire\n|player|p2|\n|c| hypervortexgoes|nah\n|c|\u2606Impersal|gg\n|c|\u2606Impersal|ty\n|c| hypervortexgoes|gg\n|c|\u2606Impersal|u are good luck\n|c|\u2606Impersal|ty\n|c|\u2606Impersal|ty\n|c|\u2606Impersal|ty\n|c| hypervortexgoes|<3\n|c|\u2606Impersal|have a great life\n|c| hypervortexgoes|hahaha\n|c| hypervortexgoes|u too\n|c|\u2606Impersal|may u win the lottery\n|c| hypervortexgoes|xD\n|c|\u2606Impersal|have a wonderful mariage\n|c| hypervortexgoes|gahaha\n|c| hypervortexgoes|thanks bro\n|c| hypervortexgoes|u too\n|c|\u2606Impersal|ty lmao\n|l| hypervortexgoes\n|c|\u2606Impersal|cya later mr hyper\n", "inputlog": ">version 0ec0e55f1850a834666cebe688662fdc67f44d3b\n>start {\"formatid\":\"gen9randombattle\",\"seed\":[41487,10852,2080,63965],\"rated\":\"Rated battle\"}\n>player p1 {\"name\":\"Impersal\",\"avatar\":\"pryce\",\"rating\":2208,\"seed\":[37548,31293,58323,51768]}\n>player p2 {\"name\":\"Misery Mire\",\"avatar\":\"madame-gen4\",\"rating\":2267,\"seed\":[49533,24153,44775,44415]}\n>p1 move tidyup\n>p2 move closecombat\n>p1 switch 4\n>p1 move futuresight\n>p2 switch 6\n>p1 switch 5\n>p2 move hydropump\n>p1 move leafblade\n>p2 move icebeam\n>p1 move leafblade\n>p2 move icebeam\n>p1 switch 2\n>p1 move stealthrock\n>p2 move hypnosis\n>p1 move bodypress\n>p2 switch 6\n>p1 switch 5\n>p2 move noretreat\n>p1 move scald\n>p2 move knockoff\n>p1 move scald\n>p2 move closecombat\n>p1 switch 6\n>p1 move drainingkiss\n>p2 move ironhead\n>p2 switch 3\n>p1 switch 5\n>p2 move bodyslam\n>p1 move bodypress\n>p2 switch 6\n>p1 move bodypress\n>p2 move haze\n>p1 move dracometeor\n>p2 move hypnosis\n>p2 switch 4\n>p1 move bodypress\n>p2 move thunderbolt\n>chat \u2606Impersal|do u mind\n>p1 move bodypress\n>p2 move thunderbolt\n>chat \u2606Impersal|i have a family\n>p2 switch 2\n>p1 switch 3\n>p2 move dragondance\n>p1 move icebeam\n>p2 move earthquake terastallize\n>p1 move knockoff\n>p2 switch 5\n>p1 move stoneedge\n>p2 move waterfall\n>p1 switch 5\n>p1 move calmmind\n>p2 move dragondance\n>p1 move calmmind\n>p2 move waterfall\n>p1 move drainingkiss\n>p2 move waterfall\n>p1 move drainingkiss\n>p2 move waterfall\n>p2 switch 6\n>p1 move calmmind\n>p2 move bodyslam\n>p1 move drainingkiss\n>p2 move bodyslam\n>p1 switch 3\n>p1 move dracometeor\n>p2 switch 5\n>p1 move bodypress terastallize\n>p2 move dragondance\n>p2 switch 5\n>chat  hypervortexgoes|woah\n>chat \u2606Impersal|i dont matter\n>chat \u2606Impersal|i cant win\n>chat  hypervortexgoes|ofc u can\n>chat \u2606Impersal|im going to get paraed\n>p1 move bodypress\n>p2 move bodyslam", "uploadtime": 1723511663, "views": 136, "formatid": "gen9randombattle", "rating": 2231, "private": 0, "password": null}