{"id": "gen9randombattle-2215888031", "format": "[Gen 9] Random Battle", "players": ["rl4tpepitochocolat", "MichaelderBeste2"], "log": "|badge|p1|silver|gen9randombattle|30-3\n|uhtml|medal-msg|<div class=\"broadcast-blue\">Curious what those medals under the avatar are? PS now has Ladder Seasons! For more information, check out the <a href=\"https://www.smogon.com/forums/threads/3740067/\">thread on Smogon.</a></div>\n|badge|p2|silver|gen9randombattle|30-3\n|uhtml|medal-msg|<div class=\"broadcast-blue\">Curious what those medals under the avatar are? PS now has Ladder Seasons! For more information, check out the <a href=\"https://www.smogon.com/forums/threads/3740067/\">thread on Smogon.</a></div>\n|j|\u2606rl4tpepitochocolat\n|j|\u2606MichaelderBeste2\n|t:|1728059411\n|gametype|singles\n|player|p1|rl4tpepitochocolat|roughneck|2334\n|player|p2|MichaelderBeste2|#scl4islanders|2393\n|teamsize|p1|6\n|teamsize|p2|6\n|gen|9\n|tier|[Gen 9] Random Battle\n|rated|\n|rule|Species Clause: Limit one of each Pok\u00e9mon\n|rule|HP Percentage Mod: HP is shown in percentages\n|rule|Sleep Clause Mod: Limit one foe put to sleep\n|rule|Illusion Level Mod: Illusion disguises the Pok\u00e9mon's true level\n|\n|t:|1728059411\n|start\n|switch|p1a: Appletun|Appletun, L92, F|352/352\n|switch|p2a: Bellossom|Bellossom, L84, F|263/263\n|turn|1\n|inactive|Battle timer is ON: inactive players will automatically lose when time's up. (requested by rl4tpepitochocolat)\n|c|\u2606rl4tpepitochocolat|wow, again hahah\n|j| mothonfire\n|inactive|MichaelderBeste2 has 120 seconds left.\n|inactive|MichaelderBeste2 has 90 seconds left.\n|\n|t:|1728059484\n|move|p2a: Bellossom|Sludge Bomb|p1a: Appletun\n|-supereffective|p1a: Appletun\n|-damage|p1a: Appletun|228/352\n|move|p1a: Appletun|Apple Acid|p2a: Bellossom\n|-resisted|p2a: Bellossom\n|-damage|p2a: Bellossom|221/263\n|-unboost|p2a: Bellossom|spd|1\n|\n|-heal|p2a: Bellossom|237/263|[from] item: Leftovers\n|-heal|p1a: Appletun|250/352|[from] item: Leftovers\n|upkeep\n|turn|2\n|inactive|rl4tpepitochocolat has 120 seconds left.\n|\n|t:|1728059515\n|switch|p2a: Vespiquen|Vespiquen, L98, F|296/296\n|-ability|p2a: Vespiquen|Pressure\n|switch|p1a: Uxie|Uxie, L83|260/260\n|\n|upkeep\n|turn|3\n|inactive|rl4tpepitochocolat has 120 seconds left.\n|\n|t:|1728059543\n|move|p1a: Uxie|Thunder Wave|p2a: Vespiquen\n|-status|p2a: Vespiquen|par\n|move|p2a: Vespiquen|Toxic Spikes|p1a: Uxie\n|-sidestart|p1: rl4tpepitochocolat|move: Toxic Spikes\n|\n|upkeep\n|turn|4\n|inactive|rl4tpepitochocolat has 120 seconds left.\n|\n|t:|1728059558\n|move|p1a: Uxie|Encore|p2a: Vespiquen\n|-start|p2a: Vespiquen|Encore\n|cant|p2a: Vespiquen|par\n|\n|upkeep\n|turn|5\n|inactive|rl4tpepitochocolat has 120 seconds left.\n|\n|t:|1728059571\n|switch|p1a: Houndoom|Houndoom, L87, M|272/272\n|switch|p2a: Oinkologne|Oinkologne, L92, M|352/352\n|\n|upkeep\n|turn|6\n|inactive|rl4tpepitochocolat has 120 seconds left.\n|\n|t:|1728059578\n|switch|p1a: Uxie|Uxie, L83|260/260\n|move|p2a: Oinkologne|Body Slam|p1a: Uxie\n|-damage|p1a: Uxie|184/260\n|\n|-heal|p1a: Uxie|200/260|[from] item: Leftovers\n|upkeep\n|turn|7\n|\n|t:|1728059583\n|switch|p2a: Vespiquen|Vespiquen, L98, F|296/296 par\n|-ability|p2a: Vespiquen|Pressure\n|move|p1a: Uxie|Thunder Wave|p2a: Vespiquen\n|-fail|p2a: Vespiquen|par\n|\n|-heal|p1a: Uxie|216/260|[from] item: Leftovers\n|upkeep\n|turn|8\n|\n|t:|1728059585\n|move|p1a: Uxie|Knock Off|p2a: Vespiquen\n|-damage|p2a: Vespiquen|257/296 par\n|-enditem|p2a: Vespiquen|Heavy-Duty Boots|[from] move: Knock Off|[of] p1a: Uxie\n|move|p2a: Vespiquen|U-turn|p1a: Uxie\n|-supereffective|p1a: Uxie\n|-damage|p1a: Uxie|76/260\n|\n|t:|1728059588\n|switch|p2a: Mienshao|Mienshao, L83, F|243/243|[from] U-turn\n|\n|-heal|p1a: Uxie|92/260|[from] item: Leftovers\n|upkeep\n|turn|9\n|\n|t:|1728059603\n|-terastallize|p1a: Uxie|Dark\n|move|p2a: Mienshao|U-turn|p1a: Uxie\n|-supereffective|p1a: Uxie\n|-damage|p1a: Uxie|0 fnt\n|faint|p1a: Uxie\n|\n|t:|1728059608\n|switch|p2a: Oinkologne|Oinkologne, L92, M|352/352|[from] U-turn\n|\n|upkeep\n|c|\u2606rl4tpepitochocolat|:(\n|\n|t:|1728059620\n|switch|p1a: Darkrai|Darkrai, L76|231/231\n|-status|p1a: Darkrai|psn\n|turn|10\n|\n|t:|1728059628\n|move|p1a: Darkrai|Nasty Plot|p1a: Darkrai\n|-boost|p1a: Darkrai|spa|2\n|move|p2a: Oinkologne|Body Slam|p1a: Darkrai\n|-damage|p1a: Darkrai|117/231 psn\n|\n|-heal|p1a: Darkrai|131/231 psn|[from] item: Leftovers\n|-damage|p1a: Darkrai|103/231 psn|[from] psn\n|upkeep\n|turn|11\n|\n|t:|1728059632\n|move|p1a: Darkrai|Dark Pulse|p2a: Oinkologne\n|-damage|p2a: Oinkologne|177/352\n|move|p2a: Oinkologne|Body Slam|p1a: Darkrai\n|-damage|p1a: Darkrai|0 fnt\n|faint|p1a: Darkrai\n|\n|-heal|p2a: Oinkologne|199/352|[from] item: Leftovers\n|upkeep\n|\n|t:|1728059636\n|switch|p1a: Houndoom|Houndoom, L87, M|272/272\n|turn|12\n|\n|t:|1728059641\n|move|p1a: Houndoom|Dark Pulse|p2a: Oinkologne\n|-crit|p2a: Oinkologne\n|-damage|p2a: Oinkologne|51/352\n|cant|p2a: Oinkologne|flinch\n|\n|-heal|p2a: Oinkologne|73/352|[from] item: Leftovers\n|upkeep\n|turn|13\n|\n|t:|1728059648\n|switch|p2a: Mienshao|Mienshao, L83, F|243/243\n|move|p1a: Houndoom|Dark Pulse|p2a: Mienshao\n|-resisted|p2a: Mienshao\n|-damage|p2a: Mienshao|173/243\n|\n|upkeep\n|turn|14\n|\n|t:|1728059656\n|move|p2a: Mienshao|High Jump Kick|p1a: Houndoom|[miss]\n|-miss|p2a: Mienshao|p1a: Houndoom\n|-damage|p2a: Mienshao|52/243|[from] highjumpkick\n|move|p1a: Houndoom|Sludge Bomb|p2a: Mienshao\n|-damage|p2a: Mienshao|0 fnt\n|faint|p2a: Mienshao\n|\n|upkeep\n|c|\u2606MichaelderBeste2|I see\n|c|\u2606rl4tpepitochocolat|srry\n|\n|t:|1728059665\n|switch|p2a: Slaking|Slaking, L84, F|389/389\n|turn|15\n|\n|t:|1728059681\n|switch|p1a: Appletun|Appletun, L92, F|250/352\n|-status|p1a: Appletun|psn\n|move|p2a: Slaking|Double-Edge|p1a: Appletun\n|-damage|p1a: Appletun|64/352 psn\n|-damage|p2a: Slaking|328/389|[from] Recoil\n|\n|-heal|p1a: Appletun|86/352 psn|[from] item: Leftovers\n|-damage|p1a: Appletun|42/352 psn|[from] psn\n|upkeep\n|turn|16\n|j| Kanha Greninja\n|\n|t:|1728059688\n|switch|p2a: Vespiquen|Vespiquen, L98, F|257/296 par\n|-ability|p2a: Vespiquen|Pressure\n|move|p1a: Appletun|Recover|p1a: Appletun\n|-heal|p1a: Appletun|218/352 psn\n|\n|-heal|p1a: Appletun|240/352 psn|[from] item: Leftovers\n|-damage|p1a: Appletun|196/352 psn|[from] psn\n|upkeep\n|turn|17\n|\n|t:|1728059693\n|switch|p1a: Houndoom|Houndoom, L87, M|272/272\n|move|p2a: Vespiquen|U-turn|p1a: Houndoom\n|-damage|p1a: Houndoom|139/272\n|\n|t:|1728059696\n|switch|p2a: Slaking|Slaking, L84, F|328/389|[from] U-turn\n|\n|upkeep\n|turn|18\n|l| Kanha Greninja\n|\n|t:|1728059704\n|move|p1a: Houndoom|Sucker Punch|p2a: Slaking\n|-damage|p2a: Slaking|259/389\n|move|p2a: Slaking|Double-Edge|p1a: Houndoom\n|-damage|p1a: Houndoom|0 fnt\n|faint|p1a: Houndoom\n|-damage|p2a: Slaking|213/389|[from] Recoil\n|\n|upkeep\n|\n|t:|1728059708\n|switch|p1a: Dudunsparce|Dudunsparce, L83, M|343/343\n|-status|p1a: Dudunsparce|psn\n|turn|19\n|\n|t:|1728059730\n|switch|p2a: Bellossom|Bellossom, L84, F|237/263\n|move|p1a: Dudunsparce|Calm Mind|p1a: Dudunsparce\n|-boost|p1a: Dudunsparce|spa|1\n|-boost|p1a: Dudunsparce|spd|1\n|\n|-heal|p2a: Bellossom|253/263|[from] item: Leftovers\n|-damage|p1a: Dudunsparce|301/343 psn|[from] psn\n|upkeep\n|turn|20\n|\n|t:|1728059734\n|move|p1a: Dudunsparce|Boomburst|p2a: Bellossom\n|-damage|p2a: Bellossom|67/263\n|move|p2a: Bellossom|Quiver Dance|p2a: Bellossom\n|-boost|p2a: Bellossom|spa|1\n|-boost|p2a: Bellossom|spd|1\n|-boost|p2a: Bellossom|spe|1\n|\n|-heal|p2a: Bellossom|83/263|[from] item: Leftovers\n|-heal|p1a: Dudunsparce|322/343 psn|[from] item: Leftovers\n|-damage|p1a: Dudunsparce|280/343 psn|[from] psn\n|upkeep\n|turn|21\n|\n|t:|1728059738\n|move|p2a: Bellossom|Strength Sap|p1a: Dudunsparce\n|-unboost|p1a: Dudunsparce|atk|1\n|-heal|p2a: Bellossom|254/263\n|move|p1a: Dudunsparce|Roost|p1a: Dudunsparce\n|-heal|p1a: Dudunsparce|343/343 psn\n|-singleturn|p1a: Dudunsparce|move: Roost\n|\n|-heal|p2a: Bellossom|263/263|[from] item: Leftovers\n|-damage|p1a: Dudunsparce|301/343 psn|[from] psn\n|upkeep\n|turn|22\n|\n|t:|1728059745\n|move|p2a: Bellossom|Quiver Dance|p2a: Bellossom\n|-boost|p2a: Bellossom|spa|1\n|-boost|p2a: Bellossom|spd|1\n|-boost|p2a: Bellossom|spe|1\n|move|p1a: Dudunsparce|Boomburst|p2a: Bellossom\n|-damage|p2a: Bellossom|179/263\n|\n|-heal|p2a: Bellossom|195/263|[from] item: Leftovers\n|-heal|p1a: Dudunsparce|322/343 psn|[from] item: Leftovers\n|-damage|p1a: Dudunsparce|280/343 psn|[from] psn\n|upkeep\n|turn|23\n|\n|t:|1728059747\n|move|p2a: Bellossom|Quiver Dance|p2a: Bellossom\n|-boost|p2a: Bellossom|spa|1\n|-boost|p2a: Bellossom|spd|1\n|-boost|p2a: Bellossom|spe|1\n|move|p1a: Dudunsparce|Calm Mind|p1a: Dudunsparce\n|-boost|p1a: Dudunsparce|spa|1\n|-boost|p1a: Dudunsparce|spd|1\n|\n|-heal|p2a: Bellossom|211/263|[from] item: Leftovers\n|-heal|p1a: Dudunsparce|301/343 psn|[from] item: Leftovers\n|-damage|p1a: Dudunsparce|259/343 psn|[from] psn\n|upkeep\n|turn|24\n|\n|t:|1728059749\n|move|p2a: Bellossom|Quiver Dance|p2a: Bellossom\n|-boost|p2a: Bellossom|spa|1\n|-boost|p2a: Bellossom|spd|1\n|-boost|p2a: Bellossom|spe|1\n|move|p1a: Dudunsparce|Calm Mind|p1a: Dudunsparce\n|-boost|p1a: Dudunsparce|spa|1\n|-boost|p1a: Dudunsparce|spd|1\n|\n|-heal|p2a: Bellossom|227/263|[from] item: Leftovers\n|-heal|p1a: Dudunsparce|280/343 psn|[from] item: Leftovers\n|-damage|p1a: Dudunsparce|238/343 psn|[from] psn\n|upkeep\n|turn|25\n|\n|t:|1728059751\n|move|p2a: Bellossom|Quiver Dance|p2a: Bellossom\n|-boost|p2a: Bellossom|spa|1\n|-boost|p2a: Bellossom|spd|1\n|-boost|p2a: Bellossom|spe|1\n|move|p1a: Dudunsparce|Roost|p1a: Dudunsparce\n|-heal|p1a: Dudunsparce|343/343 psn\n|-singleturn|p1a: Dudunsparce|move: Roost\n|\n|-heal|p2a: Bellossom|243/263|[from] item: Leftovers\n|-damage|p1a: Dudunsparce|301/343 psn|[from] psn\n|upkeep\n|turn|26\n|\n|t:|1728059753\n|move|p2a: Bellossom|Quiver Dance|p2a: Bellossom\n|-boost|p2a: Bellossom|spa|1\n|-boost|p2a: Bellossom|spd|1\n|-boost|p2a: Bellossom|spe|1\n|move|p1a: Dudunsparce|Calm Mind|p1a: Dudunsparce\n|-boost|p1a: Dudunsparce|spa|1\n|-boost|p1a: Dudunsparce|spd|1\n|\n|-heal|p2a: Bellossom|259/263|[from] item: Leftovers\n|-heal|p1a: Dudunsparce|322/343 psn|[from] item: Leftovers\n|-damage|p1a: Dudunsparce|280/343 psn|[from] psn\n|upkeep\n|turn|27\n|\n|t:|1728059757\n|-terastallize|p2a: Bellossom|Poison\n|move|p2a: Bellossom|Sludge Bomb|p1a: Dudunsparce\n|-damage|p1a: Dudunsparce|154/343 psn\n|move|p1a: Dudunsparce|Boomburst|p2a: Bellossom\n|-damage|p2a: Bellossom|166/263\n|\n|-heal|p2a: Bellossom|182/263|[from] item: Leftovers\n|-heal|p1a: Dudunsparce|175/343 psn|[from] item: Leftovers\n|-damage|p1a: Dudunsparce|133/343 psn|[from] psn\n|upkeep\n|turn|28\n|\n|t:|1728059765\n|move|p2a: Bellossom|Sludge Bomb|p1a: Dudunsparce\n|-damage|p1a: Dudunsparce|1/343 psn\n|move|p1a: Dudunsparce|Boomburst|p2a: Bellossom\n|-damage|p2a: Bellossom|92/263\n|\n|-heal|p2a: Bellossom|108/263|[from] item: Leftovers\n|-heal|p1a: Dudunsparce|22/343 psn|[from] item: Leftovers\n|-damage|p1a: Dudunsparce|0 fnt|[from] psn\n|faint|p1a: Dudunsparce\n|upkeep\n|\n|t:|1728059769\n|switch|p1a: Wugtrio|Wugtrio, L91, M|212/212\n|-status|p1a: Wugtrio|psn\n|turn|29\n|\n|t:|1728059773\n|move|p1a: Wugtrio|Aqua Jet|p2a: Bellossom\n|-damage|p2a: Bellossom|30/263\n|move|p2a: Bellossom|Giga Drain|p1a: Wugtrio\n|-supereffective|p1a: Wugtrio\n|-damage|p1a: Wugtrio|0 fnt\n|-heal|p2a: Bellossom|136/263|[from] drain|[of] p1a: Wugtrio\n|faint|p1a: Wugtrio\n|\n|-heal|p2a: Bellossom|152/263|[from] item: Leftovers\n|upkeep\n|c|\u2606rl4tpepitochocolat|gg\n|c|\u2606rl4tpepitochocolat|i will win the 5th game i promise\n|-message|rl4tpepitochocolat forfeited.\n|\n|win|MichaelderBeste2\n|raw|rl4tpepitochocolat's rating: 2318 &rarr; <strong>2302</strong><br />(-16 for losing)\n|raw|MichaelderBeste2's rating: 2393 &rarr; <strong>2409</strong><br />(+16 for winning)\n", "inputlog": ">version 86ae7daf8e420bb3f6c82a6a988ddcc1b1aa7e58\n>start {\"formatid\":\"gen9randombattle\",\"seed\":[32337,7725,11444,56104],\"rated\":\"Rated battle\"}\n>player p1 {\"name\":\"rl4tpepitochocolat\",\"avatar\":\"roughneck\",\"rating\":2334,\"seed\":[52561,52370,41141,32732]}\n>player p2 {\"name\":\"MichaelderBeste2\",\"avatar\":\"#scl4islanders\",\"rating\":2393,\"seed\":[18137,62304,8719,36304]}\n>chat \u2606rl4tpepitochocolat|wow, again hahah\n>p1 move appleacid\n>p2 move sludgebomb\n>p1 switch 3\n>p2 switch 3\n>p1 move thunderwave\n>p2 move toxicspikes\n>p1 move encore\n>p2 move uturn\n>p1 switch 4\n>p2 switch 5\n>p1 switch 4\n>p2 move bodyslam\n>p1 move thunderwave\n>p2 switch 5\n>p1 move knockoff\n>p2 move uturn\n>p2 switch 2\n>p1 move thunderwave terastallize\n>p2 move uturn\n>p2 switch 5\n>chat \u2606rl4tpepitochocolat|:(\n>p1 switch 2\n>p1 move nastyplot\n>p2 move bodyslam\n>p1 move darkpulse\n>p2 move bodyslam\n>p1 switch 4\n>p1 move darkpulse\n>p2 move highhorsepower\n>p1 move darkpulse\n>p2 switch 5\n>p1 move sludgebomb\n>p2 move highjumpkick\n>chat \u2606MichaelderBeste2|I see\n>chat \u2606rl4tpepitochocolat|srry\n>p2 switch 6\n>p1 switch 3\n>p2 move doubleedge\n>p1 move recover\n>p2 switch 2\n>p1 switch 3\n>p2 move uturn\n>p2 switch 2\n>p1 move suckerpunch\n>p2 move doubleedge\n>p1 switch 6\n>p1 move calmmind\n>p2 switch 3\n>p1 move boomburst\n>p2 move quiverdance\n>p1 move roost\n>p2 move strengthsap\n>p1 move boomburst\n>p2 move quiverdance\n>p1 move calmmind\n>p2 move quiverdance\n>p1 move calmmind\n>p2 move quiverdance\n>p1 move roost\n>p2 move quiverdance\n>p1 move calmmind\n>p2 move quiverdance\n>p1 move boomburst\n>p2 move sludgebomb terastallize\n>p1 move boomburst\n>p2 move sludgebomb\n>p1 switch 5\n>p1 move aquajet\n>p2 move gigadrain\n>chat \u2606rl4tpepitochocolat|gg\n>chat \u2606rl4tpepitochocolat|i will win the 5th game i promise\n>forcelose p1", "uploadtime": 1728059799, "views": 99, "formatid": "gen9randombattle", "rating": 2302, "private": 0, "password": null}