{"id": "gen9randombattle-2100974814", "format": "[Gen 9] Random Battle", "players": ["CherylBush", "ze xauk"], "log": "|uhtml|medal-msg|<div class=\"broadcast-blue\">Curious what those medals under the avatar are? PS now has Ladder Seasons! For more information, check out the <a href=\"https://www.smogon.com/forums/threads/3740067/\">thread on Smogon.</a></div>\n|uhtml|medal-msg|<div class=\"broadcast-blue\">Curious what those medals under the avatar are? PS now has Ladder Seasons! For more information, check out the <a href=\"https://www.smogon.com/forums/threads/3740067/\">thread on Smogon.</a></div>\n|j|\u2606CherylBush\n|j|\u2606ze xauk\n|t:|1712835224\n|gametype|singles\n|player|p1|CherylBush|mallow-masters|2345\n|player|p2|ze xauk|cheren-gen5bw2|2257\n|teamsize|p1|6\n|teamsize|p2|6\n|gen|9\n|tier|[Gen 9] Random Battle\n|rated|\n|rule|Species Clause: Limit one of each Pok\u00e9mon\n|rule|HP Percentage Mod: HP is shown in percentages\n|rule|Sleep Clause Mod: Limit one foe put to sleep\n|rule|Illusion Level Mod: Illusion disguises the Pok\u00e9mon's true level\n|\n|t:|1712835224\n|start\n|switch|p1a: Ariados|Ariados, L94, M|283/283\n|switch|p2a: Rillaboom|Rillaboom, L79, F|288/288\n|-fieldstart|move: Grassy Terrain|[from] ability: Grassy Surge|[of] p2a: Rillaboom\n|turn|1\n|\n|t:|1712835240\n|switch|p2a: Revavroom|Revavroom, L79, M|256/256\n|move|p1a: Ariados|Megahorn|p2a: Revavroom\n|-resisted|p2a: Revavroom\n|-damage|p2a: Revavroom|214/256\n|\n|-heal|p2a: Revavroom|230/256|[from] Grassy Terrain\n|upkeep\n|turn|2\n|\n|t:|1712835246\n|switch|p1a: Dondozo|Dondozo, L78, F|362/362\n|move|p2a: Revavroom|Shift Gear|p2a: Revavroom\n|-boost|p2a: Revavroom|spe|2\n|-boost|p2a: Revavroom|atk|1\n|\n|-heal|p2a: Revavroom|246/256|[from] Grassy Terrain\n|upkeep\n|turn|3\n|\n|t:|1712835250\n|switch|p2a: Pincurchin|Pincurchin, L99, M|255/255\n|-fieldstart|move: Electric Terrain|[from] ability: Electric Surge|[of] p2a: Pincurchin\n|move|p1a: Dondozo|Wave Crash|p2a: Pincurchin\n|-damage|p2a: Pincurchin|159/255\n|-damage|p1a: Dondozo|330/362|[from] Recoil\n|\n|-heal|p1a: Dondozo|352/362|[from] item: Leftovers\n|-heal|p2a: Pincurchin|174/255|[from] item: Leftovers\n|upkeep\n|turn|4\n|\n|t:|1712835253\n|switch|p1a: Gastrodon|Gastrodon-East, L86, M|331/331\n|move|p2a: Pincurchin|Discharge|p1a: Gastrodon\n|-immune|p1a: Gastrodon\n|\n|-heal|p2a: Pincurchin|189/255|[from] item: Leftovers\n|upkeep\n|turn|5\n|\n|t:|1712835258\n|switch|p2a: Ogerpon|Ogerpon-Wellspring, L76, F|247/247\n|move|p1a: Gastrodon|Ice Beam|p2a: Ogerpon\n|-damage|p2a: Ogerpon|185/247\n|\n|upkeep\n|turn|6\n|\n|t:|1712835266\n|switch|p1a: Tornadus|Tornadus-Therian, L79, M|254/254\n|move|p2a: Ogerpon|Horn Leech|p1a: Tornadus\n|-resisted|p1a: Tornadus\n|-damage|p1a: Tornadus|197/254\n|-heal|p2a: Ogerpon|214/247|[from] drain|[of] p1a: Tornadus\n|\n|upkeep\n|turn|7\n|\n|t:|1712835271\n|switch|p2a: Tinkaton|Tinkaton, L82, F|274/274\n|-ability|p2a: Tinkaton|Mold Breaker\n|move|p1a: Tornadus|U-turn|p2a: Tinkaton\n|-resisted|p2a: Tinkaton\n|-damage|p2a: Tinkaton|260/274\n|\n|t:|1712835276\n|switch|p1a: Ariados|Ariados, L94, M|283/283|[from] U-turn\n|\n|-heal|p2a: Tinkaton|274/274|[from] item: Leftovers\n|-fieldend|move: Electric Terrain\n|upkeep\n|turn|8\n|\n|t:|1712835279\n|move|p2a: Tinkaton|Gigaton Hammer|p1a: Ariados\n|-damage|p1a: Ariados|142/283\n|move|p1a: Ariados|Sticky Web|p2a: Tinkaton\n|-sidestart|p2: ze xauk|move: Sticky Web\n|\n|upkeep\n|turn|9\n|\n|t:|1712835285\n|switch|p1a: Gastrodon|Gastrodon-East, L86, M|331/331\n|move|p2a: Tinkaton|Knock Off|p1a: Gastrodon\n|-damage|p1a: Gastrodon|267/331\n|-enditem|p1a: Gastrodon|Leftovers|[from] move: Knock Off|[of] p2a: Tinkaton\n|\n|upkeep\n|turn|10\n|\n|t:|1712835293\n|switch|p2a: Umbreon|Umbreon, L84, M|297/297\n|-activate|p2a: Umbreon|move: Sticky Web\n|-unboost|p2a: Umbreon|spe|1\n|move|p1a: Gastrodon|Earthquake|p2a: Umbreon\n|-damage|p2a: Umbreon|209/297\n|\n|-heal|p2a: Umbreon|227/297|[from] item: Leftovers\n|upkeep\n|turn|11\n|\n|t:|1712835298\n|switch|p1a: Ariados|Ariados, L94, M|142/283\n|move|p2a: Umbreon|Toxic|p1a: Ariados\n|-immune|p1a: Ariados\n|\n|-heal|p2a: Umbreon|245/297|[from] item: Leftovers\n|upkeep\n|turn|12\n|\n|t:|1712835300\n|move|p2a: Umbreon|Protect|p2a: Umbreon\n|-singleturn|p2a: Umbreon|Protect\n|move|p1a: Ariados|Toxic Spikes|p2a: Umbreon\n|-sidestart|p2: ze xauk|move: Toxic Spikes\n|\n|-heal|p2a: Umbreon|263/297|[from] item: Leftovers\n|upkeep\n|turn|13\n|\n|t:|1712835304\n|move|p1a: Ariados|Megahorn|p2a: Umbreon\n|-supereffective|p2a: Umbreon\n|-damage|p2a: Umbreon|0 fnt\n|faint|p2a: Umbreon\n|\n|upkeep\n|\n|t:|1712835308\n|switch|p2a: Revavroom|Revavroom, L79, M|246/256\n|-activate|p2a: Revavroom|move: Sticky Web\n|-unboost|p2a: Revavroom|spe|1\n|-sideend|p2: ze xauk|move: Toxic Spikes|[of] p2a: Revavroom\n|turn|14\n|\n|t:|1712835313\n|switch|p1a: Gastrodon|Gastrodon-East, L86, M|267/331\n|move|p2a: Revavroom|Gunk Shot|p1a: Gastrodon\n|-resisted|p1a: Gastrodon\n|-damage|p1a: Gastrodon|172/331\n|-damage|p2a: Revavroom|221/256|[from] item: Life Orb\n|\n|upkeep\n|turn|15\n|\n|t:|1712835318\n|switch|p2a: Rillaboom|Rillaboom, L79, F|288/288\n|-activate|p2a: Rillaboom|move: Sticky Web\n|-unboost|p2a: Rillaboom|spe|1\n|-fieldstart|move: Grassy Terrain|[from] ability: Grassy Surge|[of] p2a: Rillaboom\n|move|p1a: Gastrodon|Recover|p1a: Gastrodon\n|-heal|p1a: Gastrodon|331/331\n|\n|upkeep\n|turn|16\n|\n|t:|1712835323\n|switch|p1a: Ariados|Ariados, L94, M|142/283\n|move|p2a: Rillaboom|High Horsepower|p1a: Ariados\n|-damage|p1a: Ariados|24/283\n|\n|-heal|p1a: Ariados|41/283|[from] Grassy Terrain\n|upkeep\n|turn|17\n|\n|t:|1712835330\n|switch|p2a: Revavroom|Revavroom, L79, M|221/256\n|-activate|p2a: Revavroom|move: Sticky Web\n|-unboost|p2a: Revavroom|spe|1\n|move|p1a: Ariados|Megahorn|p2a: Revavroom\n|-resisted|p2a: Revavroom\n|-damage|p2a: Revavroom|185/256\n|\n|-heal|p1a: Ariados|58/283|[from] Grassy Terrain\n|-heal|p2a: Revavroom|201/256|[from] Grassy Terrain\n|upkeep\n|turn|18\n|\n|t:|1712835338\n|switch|p1a: Gastrodon|Gastrodon-East, L86, M|331/331\n|move|p2a: Revavroom|High Horsepower|p1a: Gastrodon\n|-damage|p1a: Gastrodon|226/331\n|-damage|p2a: Revavroom|176/256|[from] item: Life Orb\n|\n|-heal|p2a: Revavroom|192/256|[from] Grassy Terrain\n|-heal|p1a: Gastrodon|246/331|[from] Grassy Terrain\n|upkeep\n|turn|19\n|\n|t:|1712835343\n|switch|p2a: Rillaboom|Rillaboom, L79, F|288/288\n|-activate|p2a: Rillaboom|move: Sticky Web\n|-unboost|p2a: Rillaboom|spe|1\n|move|p1a: Gastrodon|Earthquake|p2a: Rillaboom\n|-resisted|p2a: Rillaboom\n|-damage|p2a: Rillaboom|264/288\n|\n|-heal|p2a: Rillaboom|282/288|[from] Grassy Terrain\n|-heal|p1a: Gastrodon|266/331|[from] Grassy Terrain\n|-fieldend|move: Grassy Terrain\n|upkeep\n|turn|20\n|\n|t:|1712835346\n|switch|p1a: Tornadus|Tornadus-Therian, L79, M|254/254\n|move|p2a: Rillaboom|Wood Hammer|p1a: Tornadus\n|-resisted|p1a: Tornadus\n|-damage|p1a: Tornadus|136/254\n|-damage|p2a: Rillaboom|243/288|[from] Recoil\n|\n|upkeep\n|turn|21\n|\n|t:|1712835353\n|switch|p2a: Tinkaton|Tinkaton, L82, F|274/274\n|-activate|p2a: Tinkaton|move: Sticky Web\n|-unboost|p2a: Tinkaton|spe|1\n|-ability|p2a: Tinkaton|Mold Breaker\n|move|p1a: Tornadus|U-turn|p2a: Tinkaton\n|-resisted|p2a: Tinkaton\n|-damage|p2a: Tinkaton|262/274\n|\n|t:|1712835358\n|switch|p1a: Gastrodon|Gastrodon-East, L86, M|266/331|[from] U-turn\n|\n|-heal|p2a: Tinkaton|274/274|[from] item: Leftovers\n|upkeep\n|turn|22\n|\n|t:|1712835365\n|switch|p2a: Rillaboom|Rillaboom, L79, F|243/288\n|-activate|p2a: Rillaboom|move: Sticky Web\n|-unboost|p2a: Rillaboom|spe|1\n|-fieldstart|move: Grassy Terrain|[from] ability: Grassy Surge|[of] p2a: Rillaboom\n|move|p1a: Gastrodon|Ice Beam|p2a: Rillaboom\n|-supereffective|p2a: Rillaboom\n|-damage|p2a: Rillaboom|97/288\n|\n|-heal|p2a: Rillaboom|115/288|[from] Grassy Terrain\n|-heal|p1a: Gastrodon|286/331|[from] Grassy Terrain\n|upkeep\n|turn|23\n|\n|t:|1712835373\n|switch|p1a: Tornadus|Tornadus-Therian, L79, M|220/254\n|move|p2a: Rillaboom|Grassy Glide|p1a: Tornadus\n|-resisted|p1a: Tornadus\n|-damage|p1a: Tornadus|151/254\n|\n|-heal|p2a: Rillaboom|133/288|[from] Grassy Terrain\n|upkeep\n|turn|24\n|\n|t:|1712835379\n|switch|p2a: Pincurchin|Pincurchin, L99, M|189/255\n|-activate|p2a: Pincurchin|move: Sticky Web\n|-unboost|p2a: Pincurchin|spe|1\n|-fieldstart|move: Electric Terrain|[from] ability: Electric Surge|[of] p2a: Pincurchin\n|move|p1a: Tornadus|U-turn|p2a: Pincurchin\n|-damage|p2a: Pincurchin|153/255\n|\n|t:|1712835385\n|switch|p1a: Gastrodon|Gastrodon-East, L86, M|286/331|[from] U-turn\n|\n|-heal|p2a: Pincurchin|168/255|[from] item: Leftovers\n|upkeep\n|turn|25\n|\n|t:|1712835391\n|move|p1a: Gastrodon|Earthquake|p2a: Pincurchin\n|-supereffective|p2a: Pincurchin\n|-damage|p2a: Pincurchin|6/255\n|move|p2a: Pincurchin|Recover|p2a: Pincurchin\n|-heal|p2a: Pincurchin|134/255\n|\n|-heal|p2a: Pincurchin|149/255|[from] item: Leftovers\n|upkeep\n|turn|26\n|\n|t:|1712835397\n|switch|p2a: Ogerpon|Ogerpon-Wellspring, L76, F|214/247\n|-activate|p2a: Ogerpon|move: Sticky Web\n|-unboost|p2a: Ogerpon|spe|1\n|move|p1a: Gastrodon|Earthquake|p2a: Ogerpon\n|-resisted|p2a: Ogerpon\n|-damage|p2a: Ogerpon|163/247\n|\n|upkeep\n|turn|27\n|\n|t:|1712835402\n|switch|p1a: Tornadus|Tornadus-Therian, L79, M|235/254\n|move|p2a: Ogerpon|Ivy Cudgel|p1a: Tornadus|[anim] Ivy Cudgel Water\n|-damage|p1a: Tornadus|85/254\n|\n|upkeep\n|turn|28\n|\n|t:|1712835411\n|switch|p2a: Tinkaton|Tinkaton, L82, F|274/274\n|-activate|p2a: Tinkaton|move: Sticky Web\n|-unboost|p2a: Tinkaton|spe|1\n|-ability|p2a: Tinkaton|Mold Breaker\n|move|p1a: Tornadus|U-turn|p2a: Tinkaton\n|-resisted|p2a: Tinkaton\n|-damage|p2a: Tinkaton|262/274\n|\n|t:|1712835416\n|switch|p1a: Gastrodon|Gastrodon-East, L86, M|286/331|[from] U-turn\n|\n|-heal|p2a: Tinkaton|274/274|[from] item: Leftovers\n|-fieldend|move: Electric Terrain\n|upkeep\n|turn|29\n|\n|t:|1712835425\n|switch|p2a: Revavroom|Revavroom, L79, M|192/256\n|-activate|p2a: Revavroom|move: Sticky Web\n|-unboost|p2a: Revavroom|spe|1\n|move|p1a: Gastrodon|Ice Beam|p2a: Revavroom\n|-resisted|p2a: Revavroom\n|-damage|p2a: Revavroom|148/256\n|\n|upkeep\n|turn|30\n|\n|t:|1712835430\n|switch|p2a: Ogerpon|Ogerpon-Wellspring, L76, F|163/247\n|-activate|p2a: Ogerpon|move: Sticky Web\n|-unboost|p2a: Ogerpon|spe|1\n|move|p1a: Gastrodon|Ice Beam|p2a: Ogerpon\n|-damage|p2a: Ogerpon|100/247\n|\n|upkeep\n|turn|31\n|\n|t:|1712835438\n|switch|p1a: Tornadus|Tornadus-Therian, L79, M|169/254\n|move|p2a: Ogerpon|Horn Leech|p1a: Tornadus\n|-resisted|p1a: Tornadus\n|-damage|p1a: Tornadus|114/254\n|-heal|p2a: Ogerpon|128/247|[from] drain|[of] p1a: Tornadus\n|\n|upkeep\n|turn|32\n|\n|t:|1712835451\n|move|p1a: Tornadus|Bleakwind Storm|p2a: Ogerpon\n|-supereffective|p2a: Ogerpon\n|-damage|p2a: Ogerpon|0 fnt\n|faint|p2a: Ogerpon\n|\n|upkeep\n|-message|ze xauk forfeited.\n|\n|win|CherylBush\n|raw|CherylBush's rating: 2345 &rarr; <strong>2360</strong><br />(+15 for winning)\n|raw|ze xauk's rating: 2257 &rarr; <strong>2242</strong><br />(-15 for losing)\n|l|\u2606ze xauk\n|player|p2|\n|c|\u2606CherylBush|STUNLOCKED\n", "inputlog": ">version 3a5338d38dc0bb363dd203110c27f40e04e176a8\n>start {\"formatid\":\"gen9randombattle\",\"seed\":[23119,16260,5563,48428],\"rated\":\"Rated battle\"}\n>player p1 {\"name\":\"CherylBush\",\"avatar\":\"mallow-masters\",\"rating\":2345,\"seed\":[40908,8653,27649,64647]}\n>player p2 {\"name\":\"ze xauk\",\"avatar\":\"cheren-gen5bw2\",\"rating\":2257,\"seed\":[4127,61502,41569,37673]}\n>p1 move megahorn\n>p2 switch 3\n>p1 switch 5\n>p2 move shiftgear\n>p1 move wavecrash\n>p2 switch 4\n>p1 switch 3\n>p2 move discharge\n>p1 move icebeam\n>p2 switch 6\n>p1 switch 4\n>p2 move hornleech\n>p1 move uturn\n>p2 switch 2\n>p1 switch 5\n>p1 move stickyweb\n>p2 move gigatonhammer\n>p1 switch 4\n>p2 move knockoff\n>p1 move earthquake\n>p2 switch 5\n>p1 switch 4\n>p2 move toxic\n>p1 move toxicspikes\n>p2 move protect\n>p1 move megahorn\n>p2 move foulplay\n>p2 switch 4\n>p1 switch 4\n>p2 move gunkshot\n>p1 move recover\n>p2 switch 3\n>p1 switch 4\n>p2 move highhorsepower\n>p1 move megahorn\n>p2 switch 3\n>p1 switch 4\n>p2 move highhorsepower\n>p1 move earthquake\n>p2 switch 3\n>p1 switch 5\n>p2 move woodhammer\n>p1 move uturn\n>p2 switch 5\n>p1 switch 5\n>p1 move icebeam\n>p2 switch 5\n>p1 switch 5\n>p2 move grassyglide\n>p1 move uturn\n>p2 switch 6\n>p1 switch 5\n>p1 move earthquake\n>p2 move recover\n>p1 move earthquake\n>p2 switch 2\n>p1 switch 5\n>p2 move ivycudgel\n>p1 move uturn\n>p2 switch 5\n>p1 switch 5\n>p1 move icebeam\n>p2 switch 3\n>p1 move icebeam\n>p2 switch 5\n>p1 switch 5\n>p2 move hornleech\n>p1 move bleakwindstorm\n>p2 move hornleech\n>forcelose p2", "uploadtime": 1712835461, "views": 265, "formatid": "gen9randombattle", "rating": 2242, "private": 0, "password": null}