{"id": "gen9randombattle-2170353775", "format": "[Gen 9] Random Battle", "players": ["LocalMetagross", "Qiuescent"], "log": "|j|\u2606LocalMetagross\n|j|\u203dQiuescent\n|t:|1722372385\n|gametype|singles\n|player|p1|LocalMetagross|akari|2271\n|player|p2|Qiuescent|101|2263\n|teamsize|p1|6\n|teamsize|p2|6\n|gen|9\n|tier|[Gen 9] Random Battle\n|rated|\n|rule|Species Clause: Limit one of each Pok\u00e9mon\n|rule|HP Percentage Mod: HP is shown in percentages\n|rule|Sleep Clause Mod: Limit one foe put to sleep\n|rule|Illusion Level Mod: Illusion disguises the Pok\u00e9mon's true level\n|\n|t:|1722372385\n|start\n|switch|p1a: Ditto|Ditto, L87|225/225\n|switch|p2a: Yanmega|Yanmega, L82, M|275/275\n|-transform|p1a: Ditto|p2a: Yanmega|[from] ability: Imposter\n|turn|1\n|inactive|Battle timer is ON: inactive players will automatically lose when time's up. (requested by LocalMetagross)\n|inactive|LocalMetagross has 120 seconds left.\n|\n|t:|1722372434\n|switch|p1a: Lapras|Lapras, L88, F|372/372\n|move|p2a: Yanmega|Air Slash|p1a: Lapras\n|-damage|p1a: Lapras|291/372\n|\n|-ability|p2a: Yanmega|Speed Boost|boost\n|-boost|p2a: Yanmega|spe|1\n|upkeep\n|turn|2\n|\n|t:|1722372444\n|switch|p2a: Slowking|Slowking-Galar, L85, F|300/300\n|move|p1a: Lapras|Dragon Dance|p1a: Lapras\n|-boost|p1a: Lapras|atk|1\n|-boost|p1a: Lapras|spe|1\n|\n|upkeep\n|turn|3\n|\n|t:|1722372447\n|move|p1a: Lapras|Earthquake|p2a: Slowking\n|-supereffective|p2a: Slowking\n|-damage|p2a: Slowking|74/300\n|move|p2a: Slowking|Psychic Noise|p1a: Lapras\n|-damage|p1a: Lapras|204/372\n|-start|p1a: Lapras|move: Heal Block\n|\n|-heal|p2a: Slowking|92/300|[from] item: Leftovers\n|upkeep\n|turn|4\n|\n|t:|1722372460\n|switch|p2a: Quagsire|Quagsire, L84, M|297/297\n|move|p1a: Lapras|Freeze-Dry|p2a: Quagsire\n|-supereffective|p2a: Quagsire\n|-damage|p2a: Quagsire|0 fnt\n|faint|p2a: Quagsire\n|\n|-end|p1a: Lapras|move: Heal Block\n|upkeep\n|\n|t:|1722372465\n|switch|p2a: Banette|Banette, L93, F|270/270\n|turn|5\n|\n|t:|1722372474\n|switch|p1a: Rampardos|Rampardos, L90, M|321/321\n|move|p2a: Banette|Poltergeist|p1a: Rampardos|[miss]\n|-miss|p2a: Banette|p1a: Rampardos\n|\n|upkeep\n|turn|6\n|\n|t:|1722372479\n|move|p1a: Rampardos|Head Smash|p2a: Banette\n|-damage|p2a: Banette|0 fnt\n|faint|p2a: Banette\n|-damage|p1a: Rampardos|186/321|[from] Recoil\n|\n|upkeep\n|\n|t:|1722372483\n|switch|p2a: Mudsdale|Mudsdale, L84, M|305/305\n|turn|7\n|\n|t:|1722372492\n|switch|p1a: Groudon|Groudon, L72|263/263\n|-weather|SunnyDay|[from] ability: Drought|[of] p1a: Groudon\n|move|p2a: Mudsdale|Stealth Rock|p1a: Groudon\n|-sidestart|p1: LocalMetagross|move: Stealth Rock\n|\n|-weather|SunnyDay|[upkeep]\n|upkeep\n|turn|8\n|\n|t:|1722372496\n|move|p1a: Groudon|Will-O-Wisp|p2a: Mudsdale\n|-status|p2a: Mudsdale|brn\n|move|p2a: Mudsdale|Earthquake|p1a: Groudon\n|-damage|p1a: Groudon|208/263\n|\n|-weather|SunnyDay|[upkeep]\n|-heal|p1a: Groudon|224/263|[from] item: Leftovers\n|-damage|p2a: Mudsdale|286/305 brn|[from] brn\n|upkeep\n|turn|9\n|\n|t:|1722372502\n|move|p2a: Mudsdale|Body Press|p1a: Groudon\n|-damage|p1a: Groudon|201/263\n|move|p1a: Groudon|Roar|p2a: Mudsdale\n|drag|p2a: Iron Bundle|Iron Bundle, L77|213/213\n|\n|-weather|SunnyDay|[upkeep]\n|-heal|p1a: Groudon|217/263|[from] item: Leftovers\n|upkeep\n|turn|10\n|\n|t:|1722372512\n|switch|p1a: Lapras|Lapras, L88, F|204/372\n|move|p2a: Iron Bundle|Ice Beam|p1a: Lapras\n|-resisted|p1a: Lapras\n|-damage|p1a: Lapras|184/372\n|\n|-weather|SunnyDay|[upkeep]\n|upkeep\n|turn|11\n|\n|t:|1722372519\n|-end|p2a: Iron Bundle|Quark Drive|[silent]\n|switch|p2a: Mudsdale|Mudsdale, L84, M|286/305 brn\n|move|p1a: Lapras|Dragon Dance|p1a: Lapras\n|-boost|p1a: Lapras|atk|1\n|-boost|p1a: Lapras|spe|1\n|\n|-weather|none\n|-heal|p2a: Mudsdale|305/305 brn|[from] item: Leftovers\n|-damage|p2a: Mudsdale|286/305 brn|[from] brn\n|upkeep\n|turn|12\n|\n|t:|1722372537\n|move|p1a: Lapras|Dragon Dance|p1a: Lapras\n|-boost|p1a: Lapras|atk|1\n|-boost|p1a: Lapras|spe|1\n|move|p2a: Mudsdale|Body Press|p1a: Lapras\n|-supereffective|p1a: Lapras\n|-damage|p1a: Lapras|129/372\n|\n|-heal|p2a: Mudsdale|305/305 brn|[from] item: Leftovers\n|-damage|p2a: Mudsdale|286/305 brn|[from] brn\n|upkeep\n|turn|13\n|\n|t:|1722372540\n|move|p1a: Lapras|Waterfall|p2a: Mudsdale\n|-supereffective|p2a: Mudsdale\n|-damage|p2a: Mudsdale|0 fnt\n|faint|p2a: Mudsdale\n|\n|upkeep\n|\n|t:|1722372543\n|switch|p2a: Yanmega|Yanmega, L82, M|275/275\n|turn|14\n|\n|t:|1722372546\n|move|p1a: Lapras|Dragon Dance|p1a: Lapras\n|-boost|p1a: Lapras|atk|1\n|-boost|p1a: Lapras|spe|1\n|move|p2a: Yanmega|Air Slash|p1a: Lapras\n|-damage|p1a: Lapras|57/372\n|\n|-ability|p2a: Yanmega|Speed Boost|boost\n|-boost|p2a: Yanmega|spe|1\n|upkeep\n|turn|15\n|\n|t:|1722372557\n|move|p1a: Lapras|Waterfall|p2a: Yanmega\n|-damage|p2a: Yanmega|47/275\n|move|p2a: Yanmega|Bug Buzz|p1a: Lapras\n|-damage|p1a: Lapras|0 fnt\n|faint|p1a: Lapras\n|\n|-ability|p2a: Yanmega|Speed Boost|boost\n|-boost|p2a: Yanmega|spe|1\n|upkeep\n|\n|t:|1722372574\n|switch|p1a: Groudon|Groudon, L72|217/263\n|-damage|p1a: Groudon|201/263|[from] Stealth Rock\n|-weather|SunnyDay|[from] ability: Drought|[of] p1a: Groudon\n|turn|16\n|\n|t:|1722372581\n|move|p2a: Yanmega|Air Slash|p1a: Groudon\n|-damage|p1a: Groudon|93/263\n|move|p1a: Groudon|Heat Crash|p2a: Yanmega\n|-supereffective|p2a: Yanmega\n|-damage|p2a: Yanmega|0 fnt\n|faint|p2a: Yanmega\n|\n|-weather|SunnyDay|[upkeep]\n|-heal|p1a: Groudon|109/263|[from] item: Leftovers\n|upkeep\n|\n|t:|1722372583\n|switch|p2a: Iron Bundle|Iron Bundle, L77|213/213\n|turn|17\n|\n|t:|1722372587\n|move|p2a: Iron Bundle|Substitute|p2a: Iron Bundle\n|-start|p2a: Iron Bundle|Substitute\n|-damage|p2a: Iron Bundle|160/213\n|move|p1a: Groudon|Heat Crash|p2a: Iron Bundle\n|-end|p2a: Iron Bundle|Substitute\n|\n|-weather|SunnyDay|[upkeep]\n|-heal|p2a: Iron Bundle|173/213|[from] item: Leftovers\n|-heal|p1a: Groudon|125/263|[from] item: Leftovers\n|upkeep\n|turn|18\n|\n|t:|1722372589\n|move|p2a: Iron Bundle|Ice Beam|p1a: Groudon\n|-supereffective|p1a: Groudon\n|-crit|p1a: Groudon\n|-damage|p1a: Groudon|0 fnt\n|faint|p1a: Groudon\n|\n|-weather|SunnyDay|[upkeep]\n|-heal|p2a: Iron Bundle|186/213|[from] item: Leftovers\n|upkeep\n|\n|t:|1722372598\n|switch|p1a: Volbeat|Volbeat, L90, M|263/263\n|turn|19\n|\n|t:|1722372606\n|move|p1a: Volbeat|Thunder Wave|p2a: Iron Bundle\n|-status|p2a: Iron Bundle|par\n|cant|p2a: Iron Bundle|par\n|\n|-weather|SunnyDay|[upkeep]\n|-heal|p2a: Iron Bundle|199/213 par|[from] item: Leftovers\n|upkeep\n|turn|20\n|\n|t:|1722372633\n|move|p1a: Volbeat|U-turn|p2a: Iron Bundle\n|-damage|p2a: Iron Bundle|135/213 par\n|\n|t:|1722372634\n|switch|p1a: Illumise|Illumise, L91, F|266/266|[from] U-turn\n|move|p2a: Iron Bundle|Ice Beam|p1a: Illumise\n|-crit|p1a: Illumise\n|-damage|p1a: Illumise|127/266\n|\n|-weather|none\n|-heal|p2a: Iron Bundle|148/213 par|[from] item: Leftovers\n|upkeep\n|turn|21\n|\n|t:|1722372640\n|move|p1a: Illumise|Bug Buzz|p2a: Iron Bundle\n|-damage|p2a: Iron Bundle|10/213 par\n|move|p2a: Iron Bundle|Ice Beam|p1a: Illumise\n|-damage|p1a: Illumise|34/266\n|\n|-heal|p2a: Iron Bundle|23/213 par|[from] item: Leftovers\n|upkeep\n|turn|22\n|-message|Qiuescent forfeited.\n|\n|win|LocalMetagross\n|raw|LocalMetagross's rating: 2271 &rarr; <strong>2291</strong><br />(+20 for winning)\n|raw|Qiuescent's rating: 2263 &rarr; <strong>2243</strong><br />(-20 for losing)\n|l|\u203dQiuescent\n|player|p2|\n", "inputlog": ">version 3c8c0ba6a3441824201ce9f0cf68dcc094963845\n>start {\"formatid\":\"gen9randombattle\",\"seed\":[3736,64710,14358,7093],\"rated\":\"Rated battle\"}\n>player p1 {\"name\":\"LocalMetagross\",\"avatar\":\"akari\",\"rating\":2271,\"seed\":[10730,33618,56632,46274]}\n>player p2 {\"name\":\"Qiuescent\",\"avatar\":\"101\",\"rating\":2263,\"seed\":[21745,43224,10064,13783]}\n>p1 switch 3\n>p2 move airslash\n>p1 move dragondance\n>p2 switch 5\n>p1 move earthquake\n>p2 move psychicnoise\n>p1 move freezedry\n>p2 switch 2\n>p2 switch 6\n>p1 switch 6\n>p2 move poltergeist\n>p1 move headsmash\n>p2 move poltergeist\n>p2 switch 4\n>p1 switch 4\n>p2 move stealthrock\n>p1 move willowisp\n>p2 move earthquake\n>p1 move roar\n>p2 move bodypress\n>p1 switch 6\n>p2 move icebeam\n>p1 move dragondance\n>p2 switch 3\n>p1 move dragondance\n>p2 move bodypress\n>p1 move waterfall\n>p2 move bodypress\n>p2 switch 5\n>p1 move dragondance\n>p2 move airslash\n>p1 move waterfall\n>p2 move bugbuzz\n>p1 switch 6\n>p1 move heatcrash\n>p2 move airslash\n>p2 switch 3\n>p1 move heatcrash\n>p2 move substitute\n>p1 move heatcrash\n>p2 move icebeam\n>p1 switch 2\n>p1 move thunderwave\n>p2 move icebeam\n>p1 move uturn\n>p2 move icebeam\n>p1 switch 5\n>p1 move bugbuzz\n>p2 move icebeam\n>forcelose p2", "uploadtime": 1722372646, "views": 149, "formatid": "gen9randombattle", "rating": 2243, "private": 0, "password": null}