{"id": "gen9randombattle-2260429722", "format": "[Gen 9] Random Battle", "players": ["FudidinGaitero", "rip marcos000"], "log": "|j|\u2606FudidinGaitero\n|j|\u2606rip marcos000\n|t:|1733850803\n|gametype|singles\n|player|p1|FudidinGaitero|unknown|\n|player|p2|rip marcos000|266|\n|teamsize|p1|6\n|teamsize|p2|6\n|gen|9\n|tier|[Gen 9] Random Battle\n|rule|Species Clause: Limit one of each Pok\u00e9mon\n|rule|HP Percentage Mod: HP is shown in percentages\n|rule|Sleep Clause Mod: Limit one foe put to sleep\n|rule|Illusion Level Mod: Illusion disguises the Pok\u00e9mon's true level\n|\n|t:|1733850803\n|start\n|switch|p1a: Swampert|Swampert, L83, F|302/302\n|switch|p2a: Kilowattrel|Kilowattrel, L83, M|252/252\n|turn|1\n|\n|t:|1733850818\n|move|p2a: Kilowattrel|U-turn|p1a: Swampert\n|-damage|p1a: Swampert|261/302\n|\n|t:|1733850836\n|switch|p2a: Bombirdier|Bombirdier, L85, M|258/258|[from] U-turn\n|move|p1a: Swampert|Ice Beam|p2a: Bombirdier\n|-supereffective|p2a: Bombirdier\n|-damage|p2a: Bombirdier|146/258\n|\n|-heal|p1a: Swampert|279/302|[from] item: Leftovers\n|upkeep\n|turn|2\n|\n|t:|1733850849\n|move|p2a: Bombirdier|Sucker Punch|p1a: Swampert\n|-damage|p1a: Swampert|204/302\n|move|p1a: Swampert|Flip Turn|p2a: Bombirdier\n|-damage|p2a: Bombirdier|77/258\n|\n|t:|1733850862\n|switch|p1a: Squawkabilly|Squawkabilly-Yellow, L89, F|291/291|[from] Flip Turn\n|\n|upkeep\n|turn|3\n|\n|t:|1733850870\n|move|p2a: Bombirdier|Sucker Punch|p1a: Squawkabilly\n|-damage|p1a: Squawkabilly|170/291\n|move|p1a: Squawkabilly|Brave Bird|p2a: Bombirdier\n|-damage|p2a: Bombirdier|0 fnt\n|faint|p2a: Bombirdier\n|-damage|p1a: Squawkabilly|145/291|[from] Recoil\n|\n|upkeep\n|\n|t:|1733850880\n|switch|p2a: Clefable|Clefable, L83, F|293/293\n|turn|4\n|\n|t:|1733850912\n|move|p1a: Squawkabilly|Parting Shot|p2a: Clefable\n|-unboost|p2a: Clefable|atk|1\n|-unboost|p2a: Clefable|spa|1\n|\n|t:|1733850922\n|switch|p1a: Chansey|Chansey, L85, F|564/564|[from] Parting Shot\n|move|p2a: Clefable|Moonblast|p1a: Chansey\n|-damage|p1a: Chansey|516/564\n|\n|upkeep\n|turn|5\n|\n|t:|1733850942\n|move|p2a: Clefable|Moonlight|p2a: Clefable\n|-fail|p2a: Clefable|heal\n|move|p1a: Chansey|Thunder Wave|p2a: Clefable\n|-status|p2a: Clefable|par\n|\n|upkeep\n|turn|6\n|\n|t:|1733850958\n|move|p1a: Chansey|Seismic Toss|p2a: Clefable\n|-damage|p2a: Clefable|208/293 par\n|move|p2a: Clefable|Knock Off|p1a: Chansey\n|-damage|p1a: Chansey|403/564\n|-enditem|p1a: Chansey|Eviolite|[from] move: Knock Off|[of] p2a: Clefable\n|\n|upkeep\n|turn|7\n|\n|t:|1733850968\n|move|p1a: Chansey|Seismic Toss|p2a: Clefable\n|-damage|p2a: Clefable|123/293 par\n|move|p2a: Clefable|Knock Off|p1a: Chansey\n|-damage|p1a: Chansey|299/564\n|\n|upkeep\n|turn|8\n|\n|t:|1733850976\n|move|p1a: Chansey|Seismic Toss|p2a: Clefable\n|-damage|p2a: Clefable|38/293 par\n|move|p2a: Clefable|Knock Off|p1a: Chansey\n|-damage|p1a: Chansey|196/564\n|\n|upkeep\n|turn|9\n|\n|t:|1733850984\n|move|p1a: Chansey|Seismic Toss|p2a: Clefable\n|-damage|p2a: Clefable|0 fnt\n|faint|p2a: Clefable\n|\n|upkeep\n|\n|t:|1733850989\n|switch|p2a: Kilowattrel|Kilowattrel, L83, M|252/252\n|turn|10\n|\n|t:|1733851001\n|move|p2a: Kilowattrel|Thunderbolt|p1a: Chansey\n|-damage|p1a: Chansey|108/564\n|move|p1a: Chansey|Soft-Boiled|p1a: Chansey\n|-heal|p1a: Chansey|390/564\n|\n|upkeep\n|turn|11\n|\n|t:|1733851013\n|switch|p1a: Swampert|Swampert, L83, F|204/302\n|move|p2a: Kilowattrel|Hurricane|p1a: Swampert|[miss]\n|-miss|p2a: Kilowattrel|p1a: Swampert\n|\n|-heal|p1a: Swampert|222/302|[from] item: Leftovers\n|upkeep\n|turn|12\n|\n|t:|1733851027\n|switch|p2a: Pecharunt|Pecharunt, L77|262/262\n|move|p1a: Swampert|Yawn|p2a: Pecharunt\n|-start|p2a: Pecharunt|move: Yawn|[of] p1a: Swampert\n|\n|-heal|p1a: Swampert|240/302|[from] item: Leftovers\n|upkeep\n|turn|13\n|\n|t:|1733851041\n|-terastallize|p1a: Swampert|Steel\n|move|p2a: Pecharunt|Malignant Chain|p1a: Swampert\n|-immune|p1a: Swampert\n|move|p1a: Swampert|Earthquake|p2a: Pecharunt\n|-supereffective|p2a: Pecharunt\n|-crit|p2a: Pecharunt\n|-damage|p2a: Pecharunt|44/262\n|\n|-heal|p2a: Pecharunt|60/262|[from] item: Leftovers\n|-heal|p1a: Swampert|258/302|[from] item: Leftovers\n|-end|p2a: Pecharunt|move: Yawn|[silent]\n|-status|p2a: Pecharunt|slp\n|upkeep\n|turn|14\n|\n|t:|1733851056\n|cant|p2a: Pecharunt|slp\n|move|p1a: Swampert|Earthquake|p2a: Pecharunt\n|-supereffective|p2a: Pecharunt\n|-damage|p2a: Pecharunt|0 fnt\n|faint|p2a: Pecharunt\n|\n|-heal|p1a: Swampert|276/302|[from] item: Leftovers\n|upkeep\n|\n|t:|1733851065\n|switch|p2a: Kilowattrel|Kilowattrel, L83, M|252/252\n|turn|15\n|\n|t:|1733851071\n|move|p2a: Kilowattrel|Hurricane|p1a: Swampert|[miss]\n|-miss|p2a: Kilowattrel|p1a: Swampert\n|move|p1a: Swampert|Ice Beam|p2a: Kilowattrel\n|-supereffective|p2a: Kilowattrel\n|-damage|p2a: Kilowattrel|110/252\n|\n|-heal|p1a: Swampert|294/302|[from] item: Leftovers\n|upkeep\n|turn|16\n|\n|t:|1733851079\n|move|p2a: Kilowattrel|Hurricane|p1a: Swampert\n|-resisted|p1a: Swampert\n|-damage|p1a: Swampert|239/302\n|move|p1a: Swampert|Ice Beam|p2a: Kilowattrel\n|-supereffective|p2a: Kilowattrel\n|-damage|p2a: Kilowattrel|0 fnt\n|faint|p2a: Kilowattrel\n|\n|-heal|p1a: Swampert|257/302|[from] item: Leftovers\n|upkeep\n|\n|t:|1733851091\n|switch|p2a: Toxapex|Toxapex, L82, M|216/216\n|turn|17\n|\n|t:|1733851128\n|move|p1a: Swampert|Earthquake|p2a: Toxapex\n|-supereffective|p2a: Toxapex\n|-damage|p2a: Toxapex|60/216\n|move|p2a: Toxapex|Toxic Spikes|p1a: Swampert\n|-sidestart|p1: FudidinGaitero|move: Toxic Spikes\n|\n|-heal|p1a: Swampert|275/302|[from] item: Leftovers\n|-heal|p2a: Toxapex|73/216|[from] item: Leftovers\n|upkeep\n|turn|18\n|\n|t:|1733851154\n|-terastallize|p2a: Toxapex|Flying\n|move|p1a: Swampert|Earthquake|p2a: Toxapex\n|-immune|p2a: Toxapex\n|move|p2a: Toxapex|Liquidation|p1a: Swampert\n|-crit|p1a: Swampert\n|-damage|p1a: Swampert|179/302\n|\n|-heal|p1a: Swampert|197/302|[from] item: Leftovers\n|-heal|p2a: Toxapex|86/216|[from] item: Leftovers\n|upkeep\n|turn|19\n|\n|t:|1733851168\n|move|p1a: Swampert|Ice Beam|p2a: Toxapex\n|-supereffective|p2a: Toxapex\n|-damage|p2a: Toxapex|0 fnt\n|faint|p2a: Toxapex\n|\n|-heal|p1a: Swampert|215/302|[from] item: Leftovers\n|upkeep\n|\n|t:|1733851175\n|switch|p2a: Primarina|Primarina, L83, F|268/268\n|turn|20\n|\n|t:|1733851186\n|move|p2a: Primarina|Psychic|p1a: Swampert\n|-resisted|p1a: Swampert\n|-damage|p1a: Swampert|178/302\n|move|p1a: Swampert|Earthquake|p2a: Primarina\n|-damage|p2a: Primarina|133/268\n|\n|-heal|p2a: Primarina|149/268|[from] item: Leftovers\n|-heal|p1a: Swampert|196/302|[from] item: Leftovers\n|upkeep\n|turn|21\n|\n|t:|1733851198\n|move|p1a: Swampert|Earthquake|p2a: Primarina\n|-damage|p2a: Primarina|13/268\n|move|p2a: Primarina|Draining Kiss|p1a: Swampert\n|-resisted|p1a: Swampert\n|-damage|p1a: Swampert|164/302\n|-heal|p2a: Primarina|37/268|[from] drain|[of] p1a: Swampert\n|\n|-heal|p1a: Swampert|182/302|[from] item: Leftovers\n|-heal|p2a: Primarina|53/268|[from] item: Leftovers\n|upkeep\n|turn|22\n|\n|t:|1733851207\n|move|p1a: Swampert|Earthquake|p2a: Primarina\n|-damage|p2a: Primarina|0 fnt\n|faint|p2a: Primarina\n|\n|win|FudidinGaitero\n|l|\u2606rip marcos000\n|player|p2|\n", "inputlog": ">version bfd83cad13791eb5a5a409923076391caf6fb4d4\n>start {\"formatid\":\"gen9randombattle\",\"seed\":[42462,39215,24228,6916]}\n>player p1 {\"name\":\"FudidinGaitero\",\"avatar\":\"unknown\",\"rating\":0,\"seed\":[26862,53519,24877,44539]}\n>player p2 {\"name\":\"rip marcos000\",\"avatar\":\"266\",\"rating\":0,\"seed\":[63080,8380,46945,55823]}\n>p1 move icebeam\n>p2 move uturn\n>p2 switch 2\n>p1 move flipturn\n>p2 move suckerpunch\n>p1 switch 5\n>p1 move bravebird\n>p2 move suckerpunch\n>p2 switch 5\n>p1 move partingshot\n>p2 move moonblast\n>p1 switch 6\n>p1 move thunderwave\n>p2 move moonlight\n>p1 move seismictoss\n>p2 move knockoff\n>p1 move seismictoss\n>p2 move knockoff\n>p1 move seismictoss\n>p2 move knockoff\n>p1 move seismictoss\n>p2 move knockoff\n>p2 switch 2\n>p1 move softboiled\n>p2 move thunderbolt\n>p1 switch 5\n>p2 move hurricane\n>p1 move yawn\n>p2 switch 3\n>p1 move earthquake terastallize\n>p2 move malignantchain\n>p1 move earthquake\n>p2 move shadowball\n>p2 switch 3\n>p1 move icebeam\n>p2 move hurricane\n>p1 move icebeam\n>p2 move hurricane\n>p2 switch 4\n>p1 move earthquake\n>p2 move toxicspikes\n>p1 move earthquake\n>p2 move liquidation terastallize\n>p1 move icebeam\n>p2 move liquidation\n>p2 switch 6\n>p1 move earthquake\n>p2 move psychic\n>p1 move earthquake\n>p2 move drainingkiss\n>p1 move earthquake\n>p2 move sparklingaria", "uploadtime": 1733851214, "views": 1, "formatid": "gen9randombattle", "rating": null, "private": 0, "password": null}