{"id": "gen9randombattle-2109430218", "format": "[Gen 9] Random Battle", "players": ["fashionstar510", "Aqua"], "log": "|badge|p1|bronze|gen9randombattle|100-1\n|uhtml|medal-msg|<div class=\"broadcast-blue\">Curious what those medals under the avatar are? PS now has Ladder Seasons! For more information, check out the <a href=\"https://www.smogon.com/forums/threads/3740067/\">thread on Smogon.</a></div>\n|badge|p2|silver|gen9randombattle|30-1\n|uhtml|medal-msg|<div class=\"broadcast-blue\">Curious what those medals under the avatar are? PS now has Ladder Seasons! For more information, check out the <a href=\"https://www.smogon.com/forums/threads/3740067/\">thread on Smogon.</a></div>\n|j|\u2606fashionstar510\n|j|\u2606Aqua\n|t:|1713834149\n|gametype|singles\n|player|p1|fashionstar510|170|2339\n|player|p2|Aqua|#rbtt6teamlatiasf|2532\n|teamsize|p1|6\n|teamsize|p2|6\n|gen|9\n|tier|[Gen 9] Random Battle\n|rated|\n|rule|Species Clause: Limit one of each Pok\u00e9mon\n|rule|HP Percentage Mod: HP is shown in percentages\n|rule|Sleep Clause Mod: Limit one foe put to sleep\n|rule|Illusion Level Mod: Illusion disguises the Pok\u00e9mon's true level\n|\n|t:|1713834149\n|start\n|switch|p1a: Clawitzer|Clawitzer, L86, M|262/262\n|switch|p2a: Dragalge|Dragalge, L88, F|258/258\n|turn|1\n|inactive|Battle timer is ON: inactive players will automatically lose when time's up. (requested by fashionstar510)\n|\n|t:|1713834164\n|switch|p2a: Milotic|Milotic, L83, M|293/293\n|move|p1a: Clawitzer|Dark Pulse|p2a: Milotic\n|-crit|p2a: Milotic\n|-damage|p2a: Milotic|95/293\n|\n|-heal|p2a: Milotic|113/293|[from] item: Leftovers\n|upkeep\n|turn|2\n|\n|t:|1713834172\n|move|p2a: Milotic|Recover|p2a: Milotic\n|-heal|p2a: Milotic|260/293\n|move|p1a: Clawitzer|Dark Pulse|p2a: Milotic\n|-damage|p2a: Milotic|135/293\n|\n|-heal|p2a: Milotic|153/293|[from] item: Leftovers\n|upkeep\n|turn|3\n|\n|t:|1713834178\n|move|p2a: Milotic|Recover|p2a: Milotic\n|-heal|p2a: Milotic|293/293\n|move|p1a: Clawitzer|Dark Pulse|p2a: Milotic\n|-damage|p2a: Milotic|181/293\n|\n|-heal|p2a: Milotic|199/293|[from] item: Leftovers\n|upkeep\n|turn|4\n|\n|t:|1713834188\n|move|p2a: Milotic|Scald|p1a: Clawitzer\n|-resisted|p1a: Clawitzer\n|-damage|p1a: Clawitzer|224/262\n|-status|p1a: Clawitzer|brn\n|move|p1a: Clawitzer|Dark Pulse|p2a: Milotic\n|-damage|p2a: Milotic|67/293\n|\n|-heal|p2a: Milotic|85/293|[from] item: Leftovers\n|-damage|p1a: Clawitzer|208/262 brn|[from] brn\n|upkeep\n|turn|5\n|\n|t:|1713834194\n|switch|p1a: Iron Leaves|Iron Leaves, L80|275/275\n|move|p2a: Milotic|Recover|p2a: Milotic\n|-heal|p2a: Milotic|232/293\n|\n|-heal|p2a: Milotic|250/293|[from] item: Leftovers\n|upkeep\n|turn|6\n|\n|t:|1713834200\n|switch|p2a: Iron Jugulis|Iron Jugulis, L78|275/275\n|move|p1a: Iron Leaves|Swords Dance|p1a: Iron Leaves\n|-boost|p1a: Iron Leaves|atk|2\n|\n|upkeep\n|turn|7\n|\n|t:|1713834214\n|-end|p1a: Iron Leaves|Quark Drive|[silent]\n|switch|p1a: Ampharos|Ampharos, L88, F|302/302\n|move|p2a: Iron Jugulis|Hurricane|p1a: Ampharos|[miss]\n|-miss|p2a: Iron Jugulis|p1a: Ampharos\n|\n|upkeep\n|turn|8\n|\n|t:|1713834220\n|-end|p2a: Iron Jugulis|Quark Drive|[silent]\n|switch|p2a: Electivire|Electivire, L85, M|266/266\n|move|p1a: Ampharos|Thunderbolt|p2a: Electivire\n|-ability|p2a: Electivire|Motor Drive|boost\n|-boost|p2a: Electivire|spe|1\n|\n|upkeep\n|turn|9\n|\n|t:|1713834227\n|switch|p1a: Gogoat|Gogoat, L88, F|360/360\n|move|p2a: Electivire|Volt Switch|p1a: Gogoat\n|-resisted|p1a: Gogoat\n|-damage|p1a: Gogoat|309/360\n|-damage|p2a: Electivire|240/266|[from] item: Life Orb\n|\n|t:|1713834231\n|switch|p2a: Dragalge|Dragalge, L88, F|258/258|[from] Volt Switch\n|\n|-heal|p1a: Gogoat|331/360|[from] item: Leftovers\n|upkeep\n|turn|10\n|\n|t:|1713834236\n|-terastallize|p1a: Gogoat|Ground\n|move|p1a: Gogoat|Earthquake|p2a: Dragalge\n|-supereffective|p2a: Dragalge\n|-damage|p2a: Dragalge|12/258\n|move|p2a: Dragalge|Sludge Wave|p1a: Gogoat\n|-resisted|p1a: Gogoat\n|-damage|p1a: Gogoat|211/360\n|\n|-heal|p1a: Gogoat|233/360|[from] item: Leftovers\n|upkeep\n|turn|11\n|\n|t:|1713834242\n|switch|p2a: Iron Jugulis|Iron Jugulis, L78|275/275\n|move|p1a: Gogoat|Horn Leech|p2a: Iron Jugulis\n|-resisted|p2a: Iron Jugulis\n|-damage|p2a: Iron Jugulis|227/275\n|-heal|p1a: Gogoat|257/360|[from] drain|[of] p2a: Iron Jugulis\n|\n|-heal|p1a: Gogoat|279/360|[from] item: Leftovers\n|upkeep\n|turn|12\n|\n|t:|1713834248\n|switch|p1a: Kingambit|Kingambit, L74, F|270/270\n|move|p2a: Iron Jugulis|Dark Pulse|p1a: Kingambit\n|-resisted|p1a: Kingambit\n|-damage|p1a: Kingambit|200/270\n|\n|-heal|p1a: Kingambit|216/270|[from] item: Leftovers\n|upkeep\n|turn|13\n|\n|t:|1713834264\n|-end|p2a: Iron Jugulis|Quark Drive|[silent]\n|switch|p2a: Dudunsparce|Dudunsparce, L82, M|339/339\n|move|p1a: Kingambit|Iron Head|p2a: Dudunsparce\n|-damage|p2a: Dudunsparce|239/339\n|\n|-heal|p2a: Dudunsparce|260/339|[from] item: Leftovers\n|-heal|p1a: Kingambit|232/270|[from] item: Leftovers\n|upkeep\n|turn|14\n|\n|t:|1713834271\n|-end|p1a: Kingambit|fallenundefined|[silent]\n|switch|p1a: Clawitzer|Clawitzer, L86, M|208/262 brn\n|move|p2a: Dudunsparce|Earthquake|p1a: Clawitzer\n|-damage|p1a: Clawitzer|137/262 brn\n|\n|-heal|p2a: Dudunsparce|281/339|[from] item: Leftovers\n|-damage|p1a: Clawitzer|121/262 brn|[from] brn\n|upkeep\n|turn|15\n|\n|t:|1713834278\n|switch|p2a: Milotic|Milotic, L83, M|250/293\n|move|p1a: Clawitzer|Aura Sphere|p2a: Milotic\n|-damage|p2a: Milotic|132/293\n|\n|-heal|p2a: Milotic|150/293|[from] item: Leftovers\n|-damage|p1a: Clawitzer|105/262 brn|[from] brn\n|upkeep\n|turn|16\n|\n|t:|1713834283\n|switch|p1a: Iron Leaves|Iron Leaves, L80|275/275\n|move|p2a: Milotic|Recover|p2a: Milotic\n|-heal|p2a: Milotic|293/293\n|\n|upkeep\n|turn|17\n|\n|t:|1713834299\n|switch|p2a: Iron Jugulis|Iron Jugulis, L78|227/275\n|move|p1a: Iron Leaves|Leaf Blade|p2a: Iron Jugulis\n|-resisted|p2a: Iron Jugulis\n|-damage|p2a: Iron Jugulis|144/275\n|-damage|p1a: Iron Leaves|248/275|[from] item: Life Orb\n|\n|upkeep\n|turn|18\n|\n|t:|1713834312\n|-end|p1a: Iron Leaves|Quark Drive|[silent]\n|switch|p1a: Kingambit|Kingambit, L74, F|232/270\n|move|p2a: Iron Jugulis|Dark Pulse|p1a: Kingambit\n|-resisted|p1a: Kingambit\n|-damage|p1a: Kingambit|154/270\n|\n|-heal|p1a: Kingambit|170/270|[from] item: Leftovers\n|upkeep\n|turn|19\n|\n|t:|1713834320\n|-end|p2a: Iron Jugulis|Quark Drive|[silent]\n|switch|p2a: Milotic|Milotic, L83, M|293/293\n|move|p1a: Kingambit|Iron Head|p2a: Milotic\n|-resisted|p2a: Milotic\n|-damage|p2a: Milotic|242/293\n|\n|-heal|p2a: Milotic|260/293|[from] item: Leftovers\n|-heal|p1a: Kingambit|186/270|[from] item: Leftovers\n|upkeep\n|turn|20\n|\n|t:|1713834328\n|-end|p1a: Kingambit|fallenundefined|[silent]\n|switch|p1a: Iron Leaves|Iron Leaves, L80|248/275\n|move|p2a: Milotic|Scald|p1a: Iron Leaves\n|-resisted|p1a: Iron Leaves\n|-crit|p1a: Iron Leaves\n|-damage|p1a: Iron Leaves|187/275\n|-status|p1a: Iron Leaves|brn\n|\n|-heal|p2a: Milotic|278/293|[from] item: Leftovers\n|-damage|p1a: Iron Leaves|170/275 brn|[from] brn\n|upkeep\n|turn|21\n|\n|t:|1713834333\n|move|p1a: Iron Leaves|Leaf Blade|p2a: Milotic\n|-supereffective|p2a: Milotic\n|-damage|p2a: Milotic|129/293\n|-damage|p1a: Iron Leaves|143/275 brn|[from] item: Life Orb\n|move|p2a: Milotic|Ice Beam|p1a: Iron Leaves\n|-supereffective|p1a: Iron Leaves\n|-damage|p1a: Iron Leaves|35/275 brn\n|\n|-heal|p2a: Milotic|147/293|[from] item: Leftovers\n|-damage|p1a: Iron Leaves|18/275 brn|[from] brn\n|upkeep\n|turn|22\n|\n|t:|1713834339\n|switch|p2a: Iron Jugulis|Iron Jugulis, L78|144/275\n|move|p1a: Iron Leaves|Leaf Blade|p2a: Iron Jugulis\n|-resisted|p2a: Iron Jugulis\n|-damage|p2a: Iron Jugulis|105/275\n|-damage|p1a: Iron Leaves|0 fnt|[from] item: Life Orb\n|faint|p1a: Iron Leaves\n|-end|p1a: Iron Leaves|Quark Drive|[silent]\n|\n|upkeep\n|\n|t:|1713834351\n|switch|p1a: Ampharos|Ampharos, L88, F|302/302\n|turn|23\n|\n|t:|1713834356\n|-terastallize|p2a: Iron Jugulis|Ground\n|move|p2a: Iron Jugulis|Earth Power|p1a: Ampharos\n|-supereffective|p1a: Ampharos\n|-damage|p1a: Ampharos|38/302\n|move|p1a: Ampharos|Agility|p1a: Ampharos\n|-boost|p1a: Ampharos|spe|2\n|\n|upkeep\n|turn|24\n|\n|t:|1713834363\n|-end|p2a: Iron Jugulis|Quark Drive|[silent]\n|switch|p2a: Dudunsparce|Dudunsparce, L82, M|281/339\n|move|p1a: Ampharos|Dazzling Gleam|p2a: Dudunsparce\n|-damage|p2a: Dudunsparce|173/339\n|-damage|p1a: Ampharos|8/302|[from] item: Life Orb\n|\n|-heal|p2a: Dudunsparce|194/339|[from] item: Leftovers\n|upkeep\n|turn|25\n|\n|t:|1713834370\n|switch|p2a: Dragalge|Dragalge, L88, F|12/258\n|move|p1a: Ampharos|Thunderbolt|p2a: Dragalge\n|-resisted|p2a: Dragalge\n|-damage|p2a: Dragalge|0 fnt\n|faint|p2a: Dragalge\n|-damage|p1a: Ampharos|0 fnt|[from] item: Life Orb\n|faint|p1a: Ampharos\n|\n|upkeep\n|\n|t:|1713834392\n|switch|p1a: Gogoat|Gogoat, L88, F, tera:Ground|279/360\n|switch|p2a: Electivire|Electivire, L85, M|240/266\n|turn|26\n|\n|t:|1713834406\n|switch|p2a: Dudunsparce|Dudunsparce, L82, M|194/339\n|move|p1a: Gogoat|Horn Leech|p2a: Dudunsparce\n|-damage|p2a: Dudunsparce|98/339\n|-heal|p1a: Gogoat|327/360|[from] drain|[of] p2a: Dudunsparce\n|\n|-heal|p1a: Gogoat|349/360|[from] item: Leftovers\n|-heal|p2a: Dudunsparce|119/339|[from] item: Leftovers\n|upkeep\n|turn|27\n|inactive|Aqua has 120 seconds left.\n|\n|t:|1713834444\n|switch|p2a: Iron Jugulis|Iron Jugulis, L78, tera:Ground|105/275\n|move|p1a: Gogoat|Earthquake|p2a: Iron Jugulis\n|-damage|p2a: Iron Jugulis|0 fnt\n|faint|p2a: Iron Jugulis\n|-end|p2a: Iron Jugulis|Quark Drive|[silent]\n|\n|-heal|p1a: Gogoat|360/360|[from] item: Leftovers\n|upkeep\n|\n|t:|1713834460\n|switch|p2a: Milotic|Milotic, L83, M|147/293\n|turn|28\n|\n|t:|1713834474\n|move|p2a: Milotic|Recover|p2a: Milotic\n|-heal|p2a: Milotic|293/293\n|move|p1a: Gogoat|Horn Leech|p2a: Milotic\n|-supereffective|p2a: Milotic\n|-damage|p2a: Milotic|101/293\n|\n|-heal|p2a: Milotic|119/293|[from] item: Leftovers\n|upkeep\n|turn|29\n|\n|t:|1713834481\n|move|p2a: Milotic|Scald|p1a: Gogoat\n|-supereffective|p1a: Gogoat\n|-crit|p1a: Gogoat\n|-damage|p1a: Gogoat|90/360\n|move|p1a: Gogoat|Horn Leech|p2a: Milotic\n|-supereffective|p2a: Milotic\n|-damage|p2a: Milotic|0 fnt\n|-heal|p1a: Gogoat|150/360|[from] drain|[of] p2a: Milotic\n|faint|p2a: Milotic\n|\n|-heal|p1a: Gogoat|172/360|[from] item: Leftovers\n|upkeep\n|\n|t:|1713834503\n|switch|p2a: Electivire|Electivire, L85, M|240/266\n|turn|30\n|\n|t:|1713834507\n|move|p2a: Electivire|Ice Punch|p1a: Gogoat\n|-supereffective|p1a: Gogoat\n|-damage|p1a: Gogoat|0 fnt\n|faint|p1a: Gogoat\n|-damage|p2a: Electivire|214/266|[from] item: Life Orb\n|\n|upkeep\n|\n|t:|1713834514\n|switch|p1a: Kingambit|Kingambit, L74, F|186/270\n|-activate|p1a: Kingambit|ability: Supreme Overlord\n|-start|p1a: Kingambit|fallen3|[silent]\n|turn|31\n|\n|t:|1713834522\n|move|p1a: Kingambit|Sucker Punch|p2a: Electivire\n|-damage|p2a: Electivire|96/266\n|move|p2a: Electivire|Flamethrower|p1a: Kingambit\n|-supereffective|p1a: Kingambit\n|-damage|p1a: Kingambit|0 fnt\n|faint|p1a: Kingambit\n|-end|p1a: Kingambit|fallen3|[silent]\n|-damage|p2a: Electivire|70/266|[from] item: Life Orb\n|\n|upkeep\n|\n|t:|1713834527\n|switch|p1a: Electrode|Electrode, L92|260/260\n|turn|32\n|inactive|Aqua has 120 seconds left.\n|\n|t:|1713834539\n|move|p1a: Electrode|Tera Blast|p2a: Electivire\n|-damage|p2a: Electivire|0 fnt\n|faint|p2a: Electivire\n|-damage|p1a: Electrode|234/260|[from] item: Life Orb\n|\n|upkeep\n|inactive|Aqua has 120 seconds left.\n|inactive|Aqua has 90 seconds left.\n|l|\u2606fashionstar510\n|inactive|fashionstar510 disconnected and has a minute to reconnect!\n|player|p1|\n|\n|t:|1713834578\n|switch|p2a: Dudunsparce|Dudunsparce, L82, M|119/339\n|turn|33\n|j|\u2606fashionstar510\n|inactive|fashionstar510 reconnected and has 150 seconds left.\n|player|p1|fashionstar510|170|\n|\n|t:|1713834584\n|move|p1a: Electrode|Thunderbolt|p2a: Dudunsparce\n|-damage|p2a: Dudunsparce|0 fnt\n|faint|p2a: Dudunsparce\n|-damage|p1a: Electrode|208/260|[from] item: Life Orb\n|\n|upkeep\n|\n|t:|1713834587\n|switch|p2a: Zacian|Zacian-Crowned, L64|225/225\n|-ability|p2a: Zacian|Intrepid Sword|boost\n|-boost|p2a: Zacian|atk|1\n|turn|34\n|\n|t:|1713834597\n|move|p1a: Electrode|Thunderbolt|p2a: Zacian\n|-damage|p2a: Zacian|89/225\n|-damage|p1a: Electrode|182/260|[from] item: Life Orb\n|move|p2a: Zacian|Swords Dance|p2a: Zacian\n|-boost|p2a: Zacian|atk|2\n|\n|upkeep\n|turn|35\n|\n|t:|1713834600\n|move|p1a: Electrode|Thunderbolt|p2a: Zacian\n|-damage|p2a: Zacian|0 fnt\n|faint|p2a: Zacian\n|-damage|p1a: Electrode|156/260|[from] item: Life Orb\n|\n|win|fashionstar510\n|raw|fashionstar510's rating: 2339 &rarr; <strong>2369</strong><br />(+30 for winning)\n|raw|Aqua's rating: 2532 &rarr; <strong>2502</strong><br />(-30 for losing)\n|l|\u2606Aqua\n|player|p2|\n|l|\u2606fashionstar510\n|player|p1|\n", "inputlog": ">version c1b1c86c731645bae485f5133c3075d0a2ccc25c\n>start {\"formatid\":\"gen9randombattle\",\"seed\":[63302,55103,49845,19952],\"rated\":\"Rated battle\"}\n>player p1 {\"name\":\"fashionstar510\",\"avatar\":\"170\",\"rating\":2339,\"seed\":[32321,24563,2559,10587]}\n>player p2 {\"name\":\"Aqua\",\"avatar\":\"#rbtt6teamlatiasf\",\"rating\":2532,\"seed\":[48572,63263,13544,9084]}\n>p1 move darkpulse\n>p2 switch 3\n>p1 move darkpulse\n>p2 move recover\n>p1 move darkpulse\n>p2 move recover\n>p1 move darkpulse\n>p2 move scald\n>p1 switch 4\n>p2 move recover\n>p1 move swordsdance\n>p2 switch 6\n>p1 switch 6\n>p2 move hurricane\n>p1 move thunderbolt\n>p2 switch 5\n>p1 switch 2\n>p2 move voltswitch\n>p2 switch 3\n>p1 move earthquake terastallize\n>p2 move sludgewave\n>p1 move hornleech\n>p2 switch 5\n>p1 switch 3\n>p2 move darkpulse\n>p1 move ironhead\n>p2 switch 4\n>p1 switch 4\n>p2 move earthquake\n>p1 move aurasphere\n>p2 switch 6\n>p1 switch 6\n>p2 move recover\n>p1 move leafblade\n>p2 switch 4\n>p1 switch 4\n>p2 move darkpulse\n>p1 move ironhead\n>p2 switch 4\n>p1 switch 4\n>p2 move scald\n>p1 move leafblade\n>p2 move icebeam\n>p1 move leafblade\n>p2 switch 4\n>p1 switch 2\n>p1 move agility\n>p2 move earthpower terastallize\n>p1 move dazzlinggleam\n>p2 switch 6\n>p1 move thunderbolt\n>p2 switch 5\n>p1 switch 3\n>p2 switch 3\n>p1 move hornleech\n>p2 switch 5\n>p1 move earthquake\n>p2 switch 6\n>p2 switch 4\n>p1 move hornleech\n>p2 move recover\n>p1 move hornleech\n>p2 move scald\n>p2 switch 5\n>p1 move milkdrink\n>p2 move icepunch\n>p1 switch 4\n>p1 move suckerpunch\n>p2 move flamethrower\n>p1 switch 5\n>p1 move terablast\n>p2 move icepunch\n>p2 switch 6\n>p1 move thunderbolt\n>p2 move earthquake\n>p2 switch 2\n>p1 move thunderbolt\n>p2 move swordsdance\n>p1 move thunderbolt\n>p2 move playrough", "uploadtime": 1713834770, "views": 245, "formatid": "gen9randombattle", "rating": 2369, "private": 0, "password": null}