{"id": "gen9randombattle-2260679371", "format": "[Gen 9] Random Battle", "players": ["nakalas", "chooserofkings"], "log": "|j|\u2606nakalas\n|j|\u2606chooserofkings\n|t:|1733877487\n|gametype|singles\n|player|p1|nakalas|265|1460\n|player|p2|chooserofkings|101|1417\n|teamsize|p1|6\n|teamsize|p2|6\n|gen|9\n|tier|[Gen 9] Random Battle\n|rated|\n|rule|Species Clause: Limit one of each Pok\u00e9mon\n|rule|HP Percentage Mod: HP is shown in percentages\n|rule|Sleep Clause Mod: Limit one foe put to sleep\n|rule|Illusion Level Mod: Illusion disguises the Pok\u00e9mon's true level\n|\n|t:|1733877487\n|start\n|switch|p1a: Heracross|Heracross, L80, F|259/259\n|switch|p2a: Glastrier|Glastrier, L86|311/311\n|turn|1\n|inactive|Battle timer is ON: inactive players will automatically lose when time's up. (requested by chooserofkings)\n|inactive|nakalas also wants the timer to be on.\n|\n|t:|1733877504\n|move|p1a: Heracross|Knock Off|p2a: Glastrier\n|-damage|p2a: Glastrier|257/311\n|-enditem|p2a: Glastrier|Choice Band|[from] move: Knock Off|[of] p1a: Heracross\n|move|p2a: Glastrier|Icicle Crash|p1a: Heracross\n|-damage|p1a: Heracross|91/259\n|\n|-status|p1a: Heracross|brn|[from] item: Flame Orb\n|upkeep\n|turn|2\n|\n|t:|1733877518\n|move|p1a: Heracross|Close Combat|p2a: Glastrier\n|-supereffective|p2a: Glastrier\n|-damage|p2a: Glastrier|0 fnt\n|-unboost|p1a: Heracross|def|1\n|-unboost|p1a: Heracross|spd|1\n|faint|p2a: Glastrier\n|\n|-damage|p1a: Heracross|75/259 brn|[from] brn\n|upkeep\n|\n|t:|1733877531\n|switch|p2a: Iron Boulder|Iron Boulder, L77|265/265\n|-enditem|p2a: Iron Boulder|Booster Energy\n|-activate|p2a: Iron Boulder|ability: Quark Drive|[fromitem]\n|-start|p2a: Iron Boulder|quarkdrivespe\n|turn|3\n|\n|t:|1733877544\n|switch|p1a: Sableye|Sableye, L89, F|234/234\n|move|p2a: Iron Boulder|Mighty Cleave|p1a: Sableye\n|-damage|p1a: Sableye|122/234\n|\n|-heal|p1a: Sableye|136/234|[from] item: Leftovers\n|upkeep\n|turn|4\n|\n|t:|1733877568\n|move|p1a: Sableye|Thunder Wave|p2a: Iron Boulder\n|-status|p2a: Iron Boulder|par\n|move|p2a: Iron Boulder|Mighty Cleave|p1a: Sableye\n|-damage|p1a: Sableye|30/234\n|\n|-heal|p1a: Sableye|44/234|[from] item: Leftovers\n|upkeep\n|turn|5\n|\n|t:|1733877588\n|cant|p2a: Iron Boulder|par\n|move|p1a: Sableye|Knock Off|p2a: Iron Boulder\n|-supereffective|p2a: Iron Boulder\n|-damage|p2a: Iron Boulder|127/265 par\n|\n|-heal|p1a: Sableye|58/234|[from] item: Leftovers\n|upkeep\n|turn|6\n|\n|t:|1733877597\n|move|p2a: Iron Boulder|Mighty Cleave|p1a: Sableye\n|-damage|p1a: Sableye|0 fnt\n|faint|p1a: Sableye\n|\n|upkeep\n|inactive|nakalas has 120 seconds left.\n|\n|t:|1733877616\n|switch|p1a: Persian|Persian-Alola, L86, F|252/252\n|turn|7\n|\n|t:|1733877620\n|move|p1a: Persian|Dark Pulse|p2a: Iron Boulder\n|-supereffective|p2a: Iron Boulder\n|-damage|p2a: Iron Boulder|0 fnt\n|faint|p2a: Iron Boulder\n|-end|p2a: Iron Boulder|Quark Drive|[silent]\n|-damage|p1a: Persian|227/252|[from] item: Life Orb\n|\n|upkeep\n|\n|t:|1733877632\n|switch|p2a: Pachirisu|Pachirisu, L96, F|271/271\n|turn|8\n|inactive|nakalas has 120 seconds left.\n|\n|t:|1733877659\n|move|p1a: Persian|Dark Pulse|p2a: Pachirisu\n|-crit|p2a: Pachirisu\n|-damage|p2a: Pachirisu|188/271\n|-damage|p1a: Persian|202/252|[from] item: Life Orb\n|move|p2a: Pachirisu|Nuzzle|p1a: Persian\n|-crit|p1a: Persian\n|-damage|p1a: Persian|184/252\n|-status|p1a: Persian|par\n|\n|upkeep\n|turn|9\n|inactive|nakalas has 120 seconds left.\n|\n|t:|1733877673\n|move|p2a: Pachirisu|Super Fang|p1a: Persian\n|-damage|p1a: Persian|92/252 par\n|move|p1a: Persian|Dark Pulse|p2a: Pachirisu\n|-damage|p2a: Pachirisu|136/271\n|-damage|p1a: Persian|67/252 par|[from] item: Life Orb\n|\n|upkeep\n|turn|10\n|\n|t:|1733877681\n|move|p2a: Pachirisu|Thunderbolt|p1a: Persian\n|-damage|p1a: Persian|0 fnt\n|faint|p1a: Persian\n|\n|upkeep\n|\n|t:|1733877685\n|switch|p1a: Magnezone|Magnezone, L85|258/258\n|turn|11\n|\n|t:|1733877691\n|move|p2a: Pachirisu|Super Fang|p1a: Magnezone\n|-damage|p1a: Magnezone|129/258\n|move|p1a: Magnezone|Thunderbolt|p2a: Pachirisu\n|-heal|p2a: Pachirisu|203/271|[from] ability: Volt Absorb|[of] p1a: Magnezone\n|\n|upkeep\n|turn|12\n|\n|t:|1733877701\n|move|p2a: Pachirisu|Super Fang|p1a: Magnezone\n|-damage|p1a: Magnezone|65/258\n|move|p1a: Magnezone|Flash Cannon|p2a: Pachirisu\n|-resisted|p2a: Pachirisu\n|-damage|p2a: Pachirisu|165/271\n|\n|upkeep\n|turn|13\n|\n|t:|1733877710\n|move|p2a: Pachirisu|Super Fang|p1a: Magnezone\n|-damage|p1a: Magnezone|33/258\n|move|p1a: Magnezone|Flash Cannon|p2a: Pachirisu\n|-resisted|p2a: Pachirisu\n|-damage|p2a: Pachirisu|123/271\n|\n|upkeep\n|turn|14\n|\n|t:|1733877716\n|move|p2a: Pachirisu|U-turn|p1a: Magnezone\n|-resisted|p1a: Magnezone\n|-damage|p1a: Magnezone|18/258\n|\n|t:|1733877720\n|switch|p2a: Meowstic|Meowstic-F, L89, F|277/277|[from] U-turn\n|move|p1a: Magnezone|Flash Cannon|p2a: Meowstic\n|-damage|p2a: Meowstic|132/277\n|\n|upkeep\n|turn|15\n|\n|t:|1733877727\n|move|p2a: Meowstic|Dark Pulse|p1a: Magnezone\n|-damage|p1a: Magnezone|0 fnt\n|faint|p1a: Magnezone\n|-damage|p2a: Meowstic|105/277|[from] item: Life Orb\n|\n|upkeep\n|\n|t:|1733877735\n|switch|p1a: Kricketune|Kricketune, L99, M|312/312\n|turn|16\n|\n|t:|1733877746\n|move|p2a: Meowstic|Dark Pulse|p1a: Kricketune\n|-crit|p1a: Kricketune\n|-damage|p1a: Kricketune|178/312\n|-damage|p2a: Meowstic|78/277|[from] item: Life Orb\n|move|p1a: Kricketune|Sticky Web|p2a: Meowstic\n|-sidestart|p2: chooserofkings|move: Sticky Web\n|\n|upkeep\n|turn|17\n|\n|t:|1733877759\n|move|p2a: Meowstic|Dark Pulse|p1a: Kricketune\n|-damage|p1a: Kricketune|81/312\n|-damage|p2a: Meowstic|51/277|[from] item: Life Orb\n|move|p1a: Kricketune|Pounce|p2a: Meowstic\n|-supereffective|p2a: Meowstic\n|-damage|p2a: Meowstic|0 fnt\n|faint|p2a: Meowstic\n|\n|upkeep\n|\n|t:|1733877767\n|switch|p2a: Mismagius|Mismagius, L86, F|243/243\n|turn|18\n|\n|t:|1733877771\n|move|p2a: Mismagius|Shadow Ball|p1a: Kricketune\n|-damage|p1a: Kricketune|0 fnt\n|faint|p1a: Kricketune\n|\n|upkeep\n|\n|t:|1733877778\n|switch|p1a: Munkidori|Munkidori, L79, M|269/269\n|turn|19\n|\n|t:|1733877788\n|move|p2a: Mismagius|Shadow Ball|p1a: Munkidori\n|-supereffective|p1a: Munkidori\n|-damage|p1a: Munkidori|0 fnt\n|faint|p1a: Munkidori\n|\n|upkeep\n|\n|t:|1733877794\n|switch|p1a: Heracross|Heracross, L80, F|75/259 brn\n|turn|20\n|\n|t:|1733877805\n|-terastallize|p1a: Heracross|Normal\n|move|p2a: Mismagius|Shadow Ball|p1a: Heracross\n|-immune|p1a: Heracross\n|move|p1a: Heracross|Trailblaze|p2a: Mismagius\n|-damage|p2a: Mismagius|163/243\n|-boost|p1a: Heracross|spe|1\n|\n|-damage|p1a: Heracross|59/259 brn|[from] brn\n|upkeep\n|turn|21\n|\n|t:|1733877815\n|switch|p2a: Pachirisu|Pachirisu, L96, F|123/271\n|-activate|p2a: Pachirisu|move: Sticky Web\n|-unboost|p2a: Pachirisu|spe|1\n|move|p1a: Heracross|Knock Off|p2a: Pachirisu\n|-damage|p2a: Pachirisu|0 fnt\n|-enditem|p2a: Pachirisu|Assault Vest|[from] move: Knock Off|[of] p1a: Heracross\n|faint|p2a: Pachirisu\n|\n|-damage|p1a: Heracross|43/259 brn|[from] brn\n|upkeep\n|\n|t:|1733877824\n|switch|p2a: Mismagius|Mismagius, L86, F|163/243\n|turn|22\n|\n|t:|1733877833\n|move|p1a: Heracross|Knock Off|p2a: Mismagius\n|-supereffective|p2a: Mismagius\n|-damage|p2a: Mismagius|0 fnt\n|-enditem|p2a: Mismagius|Choice Specs|[from] move: Knock Off|[of] p1a: Heracross\n|faint|p2a: Mismagius\n|\n|-damage|p1a: Heracross|27/259 brn|[from] brn\n|upkeep\n|c|\u2606nakalas|may the best last mon win\n|\n|t:|1733877836\n|switch|p2a: Jolteon|Jolteon, L84, M|246/246\n|-activate|p2a: Jolteon|move: Sticky Web\n|-unboost|p2a: Jolteon|spe|1\n|turn|23\n|c|\u2606nakalas|oh its close\n|\n|t:|1733877854\n|move|p1a: Heracross|Facade|p2a: Jolteon\n|-damage|p2a: Jolteon|0 fnt\n|faint|p2a: Jolteon\n|\n|win|nakalas\n|raw|nakalas's rating: 1460 &rarr; <strong>1478</strong><br />(+18 for winning)\n|raw|chooserofkings's rating: 1417 &rarr; <strong>1399</strong><br />(-18 for losing)\n|c|\u2606nakalas|gg\n|l|\u2606chooserofkings\n|player|p2|\n", "inputlog": ">version bfd83cad13791eb5a5a409923076391caf6fb4d4\n>start {\"formatid\":\"gen9randombattle\",\"seed\":[46979,48919,56434,42518],\"rated\":\"Rated battle\"}\n>player p1 {\"name\":\"nakalas\",\"avatar\":\"265\",\"rating\":1460,\"seed\":[46416,40388,8039,11800]}\n>player p2 {\"name\":\"chooserofkings\",\"avatar\":\"101\",\"rating\":1417,\"seed\":[55754,44643,31300,44326]}\n>p1 move knockoff\n>p2 move iciclecrash\n>p1 move closecombat\n>p2 move heavyslam\n>p2 switch 4\n>p1 switch 5\n>p2 move mightycleave\n>p1 move thunderwave\n>p2 move mightycleave\n>p1 move knockoff\n>p2 move mightycleave\n>p1 move knockoff\n>p2 move mightycleave\n>p1 switch 2\n>p1 move darkpulse\n>p2 move closecombat\n>p2 switch 3\n>p1 move darkpulse\n>p2 move nuzzle\n>p1 move darkpulse\n>p2 move superfang\n>p1 move darkpulse\n>p2 move thunderbolt\n>p1 switch 4\n>p1 move thunderbolt\n>p2 move superfang\n>p1 move flashcannon\n>p2 move superfang\n>p1 move flashcannon\n>p2 move superfang\n>p1 move flashcannon\n>p2 move uturn\n>p2 switch 6\n>p1 move flashcannon\n>p2 move darkpulse\n>p1 switch 6\n>p1 move stickyweb\n>p2 move darkpulse\n>p1 move pounce\n>p2 move darkpulse\n>p2 switch 5\n>p1 move knockoff\n>p2 move shadowball\n>p1 switch 3\n>p1 move psyshock\n>p2 move shadowball\n>p1 switch 5\n>p1 move trailblaze terastallize\n>p2 move shadowball\n>p1 move knockoff\n>p2 switch 6\n>p2 switch 6\n>p1 move knockoff\n>p2 move dazzlinggleam\n>chat \u2606nakalas|may the best last mon win\n>p2 switch 2\n>chat \u2606nakalas|oh its close\n>p1 move facade\n>p2 move terablast", "uploadtime": 1733877865, "views": 1, "formatid": "gen9randombattle", "rating": 1399, "private": 0, "password": null}