{"id": "gen9randombattle-2260455958", "format": "[Gen 9] Random Battle", "players": ["jefenix", "trankhanhlc99"], "log": "|j|\u2606jefenix\n|j|\u2606trankhanhlc99\n|t:|1733853342\n|gametype|singles\n|player|p1|jefenix|palmer|1166\n|player|p2|trankhanhlc99|2|1152\n|teamsize|p1|6\n|teamsize|p2|6\n|gen|9\n|tier|[Gen 9] Random Battle\n|rated|\n|rule|Species Clause: Limit one of each Pok\u00e9mon\n|rule|HP Percentage Mod: HP is shown in percentages\n|rule|Sleep Clause Mod: Limit one foe put to sleep\n|rule|Illusion Level Mod: Illusion disguises the Pok\u00e9mon's true level\n|\n|t:|1733853342\n|start\n|switch|p1a: Oranguru|Oranguru, L92, F|315/315\n|switch|p2a: Gliscor|Gliscor, L76, M|239/239\n|turn|1\n|inactive|Battle timer is ON: inactive players will automatically lose when time's up. (requested by jefenix)\n|inactive|trankhanhlc99 has 120 seconds left.\n|inactive|trankhanhlc99 has 90 seconds left.\n|\n|t:|1733853569\n|move|p2a: Gliscor|Earthquake|p1a: Oranguru\n|-damage|p1a: Oranguru|237/315\n|move|p1a: Oranguru|Nasty Plot|p1a: Oranguru\n|-boost|p1a: Oranguru|spa|2\n|\n|-status|p2a: Gliscor|tox|[from] item: Toxic Orb\n|upkeep\n|turn|2\n|\n|t:|1733853581\n|move|p2a: Gliscor|Toxic|p1a: Oranguru\n|-status|p1a: Oranguru|tox\n|move|p1a: Oranguru|Hyper Voice|p2a: Gliscor\n|-damage|p2a: Gliscor|0 fnt\n|faint|p2a: Gliscor\n|-damage|p1a: Oranguru|206/315 tox|[from] item: Life Orb\n|\n|-damage|p1a: Oranguru|187/315 tox|[from] psn\n|upkeep\n|\n|t:|1733853591\n|switch|p2a: Grimmsnarl|Grimmsnarl, L83, M|293/293\n|turn|3\n|inactive|jefenix has 120 seconds left.\n|\n|t:|1733853650\n|move|p2a: Grimmsnarl|Sucker Punch|p1a: Oranguru\n|-supereffective|p1a: Oranguru\n|-damage|p1a: Oranguru|31/315 tox\n|move|p1a: Oranguru|Hyper Voice|p2a: Grimmsnarl\n|-damage|p2a: Grimmsnarl|0 fnt\n|faint|p2a: Grimmsnarl\n|-damage|p1a: Oranguru|0 fnt|[from] item: Life Orb\n|faint|p1a: Oranguru\n|\n|upkeep\n|inactive|jefenix has 90 seconds left.\n|\n|t:|1733853686\n|switch|p1a: Deoxys|Deoxys-Defense, L84|221/221\n|switch|p2a: Vileplume|Vileplume, L85, M|266/266\n|-ability|p1a: Deoxys|Pressure\n|turn|4\n|\n|t:|1733853698\n|move|p1a: Deoxys|Psychic Noise|p2a: Vileplume\n|-supereffective|p2a: Vileplume\n|-damage|p2a: Vileplume|132/266\n|-start|p2a: Vileplume|move: Heal Block\n|move|p2a: Vileplume|Leech Seed|p1a: Deoxys|[miss]\n|-miss|p2a: Vileplume|p1a: Deoxys\n|\n|upkeep\n|turn|5\n|\n|t:|1733853711\n|switch|p2a: Gothitelle|Gothitelle, L90, M|272/272\n|move|p1a: Deoxys|Stealth Rock|p2a: Gothitelle\n|-sidestart|p2: trankhanhlc99|move: Stealth Rock\n|\n|upkeep\n|turn|6\n|\n|t:|1733853717\n|move|p1a: Deoxys|Knock Off|p2a: Gothitelle\n|-supereffective|p2a: Gothitelle\n|-damage|p2a: Gothitelle|184/272\n|-enditem|p2a: Gothitelle|Leftovers|[from] move: Knock Off|[of] p1a: Deoxys\n|move|p2a: Gothitelle|Dark Pulse|p1a: Deoxys\n|-supereffective|p1a: Deoxys\n|-damage|p1a: Deoxys|147/221\n|\n|-heal|p1a: Deoxys|160/221|[from] item: Leftovers\n|upkeep\n|turn|7\n|\n|t:|1733853727\n|move|p1a: Deoxys|Knock Off|p2a: Gothitelle\n|-supereffective|p2a: Gothitelle\n|-damage|p2a: Gothitelle|120/272\n|move|p2a: Gothitelle|Calm Mind|p2a: Gothitelle\n|-boost|p2a: Gothitelle|spa|1\n|-boost|p2a: Gothitelle|spd|1\n|\n|-heal|p1a: Deoxys|173/221|[from] item: Leftovers\n|upkeep\n|turn|8\n|\n|t:|1733853736\n|move|p1a: Deoxys|Knock Off|p2a: Gothitelle\n|-supereffective|p2a: Gothitelle\n|-damage|p2a: Gothitelle|56/272\n|move|p2a: Gothitelle|Dark Pulse|p1a: Deoxys\n|-supereffective|p1a: Deoxys\n|-damage|p1a: Deoxys|43/221\n|\n|-heal|p1a: Deoxys|56/221|[from] item: Leftovers\n|upkeep\n|turn|9\n|inactive|jefenix has 90 seconds left.\n|\n|t:|1733853749\n|move|p1a: Deoxys|Knock Off|p2a: Gothitelle\n|-supereffective|p2a: Gothitelle\n|-crit|p2a: Gothitelle\n|-damage|p2a: Gothitelle|0 fnt\n|faint|p2a: Gothitelle\n|\n|-heal|p1a: Deoxys|69/221|[from] item: Leftovers\n|upkeep\n|\n|t:|1733853756\n|switch|p2a: Luxray|Luxray, L88, M|283/283\n|-damage|p2a: Luxray|248/283|[from] Stealth Rock\n|turn|10\n|inactive|jefenix has 90 seconds left.\n|\n|t:|1733853776\n|move|p1a: Deoxys|Knock Off|p2a: Luxray\n|-damage|p2a: Luxray|197/283\n|-enditem|p2a: Luxray|Flame Orb|[from] move: Knock Off|[of] p1a: Deoxys\n|move|p2a: Luxray|Throat Chop|p1a: Deoxys\n|-supereffective|p1a: Deoxys\n|-damage|p1a: Deoxys|0 fnt\n|faint|p1a: Deoxys\n|\n|upkeep\n|\n|t:|1733853786\n|switch|p1a: Infernape|Infernape, L82, F|259/259\n|turn|11\n|\n|t:|1733853798\n|move|p1a: Infernape|Flare Blitz|p2a: Luxray\n|-damage|p2a: Luxray|0 fnt\n|faint|p2a: Luxray\n|-damage|p1a: Infernape|194/259|[from] Recoil\n|\n|upkeep\n|\n|t:|1733853806\n|switch|p2a: Vileplume|Vileplume, L85, M|132/266\n|-damage|p2a: Vileplume|99/266|[from] Stealth Rock\n|turn|12\n|\n|t:|1733853814\n|-terastallize|p2a: Vileplume|Water\n|move|p1a: Infernape|Flare Blitz|p2a: Vileplume\n|-resisted|p2a: Vileplume\n|-damage|p2a: Vileplume|7/266\n|-status|p1a: Infernape|psn|[from] ability: Effect Spore|[of] p2a: Vileplume\n|-damage|p1a: Infernape|164/259 psn|[from] Recoil\n|move|p2a: Vileplume|Leech Seed|p1a: Infernape\n|-start|p1a: Infernape|move: Leech Seed\n|\n|-heal|p2a: Vileplume|23/266|[from] item: Leftovers\n|-damage|p1a: Infernape|132/259 psn|[from] Leech Seed|[of] p2a: Vileplume\n|-heal|p2a: Vileplume|55/266|[silent]\n|-damage|p1a: Infernape|100/259 psn|[from] psn\n|upkeep\n|turn|13\n|\n|t:|1733853828\n|move|p1a: Infernape|Flare Blitz|p2a: Vileplume\n|-resisted|p2a: Vileplume\n|-damage|p2a: Vileplume|0 fnt\n|faint|p2a: Vileplume\n|-damage|p1a: Infernape|82/259 psn|[from] Recoil\n|\n|-damage|p1a: Infernape|50/259 psn|[from] psn\n|upkeep\n|\n|t:|1733853835\n|switch|p2a: Gholdengo|Gholdengo, L77|261/261\n|-damage|p2a: Gholdengo|245/261|[from] Stealth Rock\n|turn|14\n|\n|t:|1733853853\n|move|p1a: Infernape|Flare Blitz|p2a: Gholdengo\n|-supereffective|p2a: Gholdengo\n|-damage|p2a: Gholdengo|0 fnt\n|faint|p2a: Gholdengo\n|-damage|p1a: Infernape|0 fnt|[from] Recoil\n|faint|p1a: Infernape\n|\n|win|jefenix\n|raw|jefenix's rating: 1166 &rarr; <strong>1190</strong><br />(+24 for winning)\n|raw|trankhanhlc99's rating: 1152 &rarr; <strong>1128</strong><br />(-24 for losing)\n|c|\u2606jefenix|gg\n", "inputlog": ">version bfd83cad13791eb5a5a409923076391caf6fb4d4\n>start {\"formatid\":\"gen9randombattle\",\"seed\":[2854,6535,32174,13515],\"rated\":\"Rated battle\"}\n>player p1 {\"name\":\"jefenix\",\"avatar\":\"palmer\",\"rating\":1166,\"seed\":[60872,32335,46002,45574]}\n>player p2 {\"name\":\"trankhanhlc99\",\"avatar\":\"2\",\"rating\":1152,\"seed\":[7836,214,932,34313]}\n>p1 move nastyplot\n>p2 move earthquake\n>p1 move hypervoice\n>p2 move toxic\n>p2 switch 4\n>p1 move hypervoice\n>p2 move suckerpunch\n>p1 switch 6\n>p2 switch 5\n>p1 move psychicnoise\n>p2 move leechseed\n>p1 move stealthrock\n>p2 switch 6\n>p1 move knockoff\n>p2 move darkpulse\n>p1 move knockoff\n>p2 move calmmind\n>p1 move knockoff\n>p2 move darkpulse\n>p1 move knockoff\n>p2 move darkpulse\n>p2 switch 3\n>p1 move knockoff\n>p2 move throatchop\n>p1 switch 2\n>p1 move flareblitz\n>p2 move supercellslam\n>p2 switch 6\n>p1 move flareblitz\n>p2 move leechseed terastallize\n>p1 move flareblitz\n>p2 move strengthsap\n>p2 switch 2\n>p1 move flareblitz\n>p2 move shadowball", "uploadtime": 1733853860, "views": 1, "formatid": "gen9randombattle", "rating": 1128, "private": 0, "password": null}