{"id": "gen9randombattle-2259919368", "format": "[Gen 9] Random Battle", "players": ["thekingdsks", "timmy1057"], "log": "|j|\u2606thekingdsks\n|j|\u2606timmy1057\n|t:|1733779963\n|gametype|singles\n|player|p1|thekingdsks|unknown|1061\n|player|p2|timmy1057|hilbert|1045\n|teamsize|p1|6\n|teamsize|p2|6\n|gen|9\n|tier|[Gen 9] Random Battle\n|rated|\n|rule|Species Clause: Limit one of each Pok\u00e9mon\n|rule|HP Percentage Mod: HP is shown in percentages\n|rule|Sleep Clause Mod: Limit one foe put to sleep\n|rule|Illusion Level Mod: Illusion disguises the Pok\u00e9mon's true level\n|\n|t:|1733779963\n|start\n|switch|p1a: Carbink|Carbink, L90|236/236\n|switch|p2a: Toxtricity|Toxtricity, L82, F|257/257\n|turn|1\n|\n|t:|1733779990\n|switch|p1a: Toedscruel|Toedscruel, L87, M|281/281\n|move|p2a: Toxtricity|Volt Switch|p1a: Toedscruel\n|-immune|p1a: Toedscruel\n|\n|upkeep\n|turn|2\n|\n|t:|1733780001\n|switch|p2a: Articuno|Articuno, L86|295/295\n|-ability|p2a: Articuno|Pressure\n|move|p1a: Toedscruel|Earth Power|p2a: Articuno\n|-immune|p2a: Articuno\n|\n|upkeep\n|turn|3\n|\n|t:|1733780024\n|move|p2a: Articuno|Freeze-Dry|p1a: Toedscruel\n|-supereffective|p1a: Toedscruel\n|-damage|p1a: Toedscruel|53/281\n|move|p1a: Toedscruel|Spore|p2a: Articuno\n|-status|p2a: Articuno|slp|[from] move: Spore\n|\n|-heal|p1a: Toedscruel|70/281|[from] item: Leftovers\n|upkeep\n|turn|4\n|\n|t:|1733780032\n|move|p1a: Toedscruel|Giga Drain|p2a: Articuno\n|-resisted|p2a: Articuno\n|-damage|p2a: Articuno|268/295 slp\n|-heal|p1a: Toedscruel|84/281|[from] drain|[of] p2a: Articuno\n|cant|p2a: Articuno|slp\n|\n|-heal|p1a: Toedscruel|101/281|[from] item: Leftovers\n|upkeep\n|turn|5\n|\n|t:|1733780044\n|move|p1a: Toedscruel|Rapid Spin|p2a: Articuno\n|-damage|p2a: Articuno|242/295 slp\n|-boost|p1a: Toedscruel|spe|1\n|cant|p2a: Articuno|slp\n|\n|-heal|p1a: Toedscruel|118/281|[from] item: Leftovers\n|upkeep\n|turn|6\n|\n|t:|1733780055\n|move|p1a: Toedscruel|Giga Drain|p2a: Articuno\n|-resisted|p2a: Articuno\n|-damage|p2a: Articuno|214/295 slp\n|-heal|p1a: Toedscruel|132/281|[from] drain|[of] p2a: Articuno\n|-curestatus|p2a: Articuno|slp|[msg]\n|move|p2a: Articuno|Roost|p2a: Articuno\n|-heal|p2a: Articuno|295/295\n|-singleturn|p2a: Articuno|move: Roost\n|\n|-heal|p1a: Toedscruel|149/281|[from] item: Leftovers\n|upkeep\n|turn|7\n|\n|t:|1733780068\n|move|p1a: Toedscruel|Giga Drain|p2a: Articuno\n|-resisted|p2a: Articuno\n|-damage|p2a: Articuno|267/295\n|-heal|p1a: Toedscruel|163/281|[from] drain|[of] p2a: Articuno\n|move|p2a: Articuno|Freeze-Dry|p1a: Toedscruel\n|-supereffective|p1a: Toedscruel\n|-damage|p1a: Toedscruel|0 fnt\n|faint|p1a: Toedscruel\n|\n|upkeep\n|\n|t:|1733780088\n|switch|p1a: Carbink|Carbink, L90|236/236\n|turn|8\n|\n|t:|1733780111\n|move|p2a: Articuno|U-turn|p1a: Carbink\n|-resisted|p1a: Carbink\n|-damage|p1a: Carbink|222/236\n|\n|t:|1733780119\n|switch|p2a: Sceptile|Sceptile, L87, F|264/264|[from] U-turn\n|move|p1a: Carbink|Iron Defense|p1a: Carbink\n|-boost|p1a: Carbink|def|2\n|\n|upkeep\n|turn|9\n|\n|t:|1733780133\n|move|p2a: Sceptile|Giga Drain|p1a: Carbink\n|-supereffective|p1a: Carbink\n|-damage|p1a: Carbink|66/236\n|-damage|p2a: Sceptile|238/264|[from] item: Life Orb\n|move|p1a: Carbink|Body Press|p2a: Sceptile\n|-damage|p2a: Sceptile|17/264\n|\n|upkeep\n|turn|10\n|\n|t:|1733780161\n|switch|p1a: Komala|Komala, L89, F|260/260\n|-ability|p1a: Komala|Comatose\n|move|p2a: Sceptile|Giga Drain|p1a: Komala\n|-damage|p1a: Komala|104/260\n|-heal|p2a: Sceptile|95/264|[from] drain|[of] p1a: Komala\n|-damage|p2a: Sceptile|69/264|[from] item: Life Orb\n|\n|upkeep\n|turn|11\n|\n|t:|1733780175\n|move|p2a: Sceptile|Giga Drain|p1a: Komala\n|-damage|p1a: Komala|0 fnt\n|-heal|p2a: Sceptile|121/264|[from] drain|[of] p1a: Komala\n|faint|p1a: Komala\n|-damage|p2a: Sceptile|95/264|[from] item: Life Orb\n|\n|upkeep\n|\n|t:|1733780184\n|switch|p1a: Mabosstiff|Mabosstiff, L86, F|278/278\n|turn|12\n|\n|t:|1733780210\n|move|p2a: Sceptile|Focus Blast|p1a: Mabosstiff\n|-supereffective|p1a: Mabosstiff\n|-damage|p1a: Mabosstiff|0 fnt\n|faint|p1a: Mabosstiff\n|-damage|p2a: Sceptile|69/264|[from] item: Life Orb\n|\n|upkeep\n|\n|t:|1733780222\n|switch|p1a: Vaporeon|Vaporeon, L86, F|364/364\n|turn|13\n|\n|t:|1733780232\n|move|p2a: Sceptile|Giga Drain|p1a: Vaporeon\n|-supereffective|p1a: Vaporeon\n|-damage|p1a: Vaporeon|13/364\n|-heal|p2a: Sceptile|245/264|[from] drain|[of] p1a: Vaporeon\n|-damage|p2a: Sceptile|219/264|[from] item: Life Orb\n|move|p1a: Vaporeon|Wish|p1a: Vaporeon\n|\n|-heal|p1a: Vaporeon|35/364|[from] item: Leftovers\n|upkeep\n|turn|14\n|\n|t:|1733780241\n|move|p1a: Vaporeon|Protect|p1a: Vaporeon\n|-singleturn|p1a: Vaporeon|Protect\n|move|p2a: Sceptile|Giga Drain|p1a: Vaporeon\n|-activate|p1a: Vaporeon|move: Protect\n|\n|-heal|p1a: Vaporeon|217/364|[from] move: Wish|[wisher] Vaporeon\n|-heal|p1a: Vaporeon|239/364|[from] item: Leftovers\n|upkeep\n|turn|15\n|\n|t:|1733780254\n|switch|p1a: Jirachi|Jirachi, L80|291/291\n|move|p2a: Sceptile|Giga Drain|p1a: Jirachi\n|-resisted|p1a: Jirachi\n|-damage|p1a: Jirachi|236/291\n|-heal|p2a: Sceptile|247/264|[from] drain|[of] p1a: Jirachi\n|-damage|p2a: Sceptile|221/264|[from] item: Life Orb\n|\n|-heal|p1a: Jirachi|254/291|[from] item: Leftovers\n|upkeep\n|turn|16\n|\n|t:|1733780289\n|move|p2a: Sceptile|Shed Tail|p2a: Sceptile\n|-start|p2a: Sceptile|Substitute|[from] move: Shed Tail\n|-damage|p2a: Sceptile|89/264\n|\n|t:|1733780296\n|switch|p2a: Decidueye|Decidueye, L88, M|281/281|[from] Shed Tail\n|move|p1a: Jirachi|Drain Punch|p2a: Decidueye\n|-immune|p2a: Decidueye\n|\n|-heal|p1a: Jirachi|272/291|[from] item: Leftovers\n|upkeep\n|turn|17\n|\n|t:|1733780314\n|move|p1a: Jirachi|Iron Head|p2a: Decidueye\n|-end|p2a: Decidueye|Substitute\n|move|p2a: Decidueye|Poltergeist|p1a: Jirachi\n|-activate|p1a: Jirachi|move: Poltergeist|Leftovers\n|-supereffective|p1a: Jirachi\n|-damage|p1a: Jirachi|0 fnt\n|faint|p1a: Jirachi\n|-damage|p2a: Decidueye|253/281|[from] item: Life Orb\n|\n|upkeep\n|\n|t:|1733780327\n|switch|p1a: Carbink|Carbink, L90|66/236\n|turn|18\n|\n|t:|1733780336\n|move|p2a: Decidueye|Leaf Blade|p1a: Carbink\n|-supereffective|p1a: Carbink\n|-damage|p1a: Carbink|0 fnt\n|faint|p1a: Carbink\n|-damage|p2a: Decidueye|225/281|[from] item: Life Orb\n|\n|upkeep\n|\n|t:|1733780343\n|switch|p1a: Vaporeon|Vaporeon, L86, F|239/364\n|turn|19\n|\n|t:|1733780353\n|move|p2a: Decidueye|Leaf Blade|p1a: Vaporeon\n|-supereffective|p1a: Vaporeon\n|-damage|p1a: Vaporeon|0 fnt\n|faint|p1a: Vaporeon\n|-damage|p2a: Decidueye|197/281|[from] item: Life Orb\n|\n|win|timmy1057\n|raw|thekingdsks's rating: 1061 &rarr; <strong>1041</strong><br />(-20 for losing)\n|raw|timmy1057's rating: 1045 &rarr; <strong>1080</strong><br />(+35 for winning)\n", "inputlog": ">version bfd83cad13791eb5a5a409923076391caf6fb4d4\n>start {\"formatid\":\"gen9randombattle\",\"seed\":[49049,39368,59138,20491],\"rated\":\"Rated battle\"}\n>player p1 {\"name\":\"thekingdsks\",\"avatar\":\"unknown\",\"rating\":1061,\"seed\":[39233,3224,44384,34030]}\n>player p2 {\"name\":\"timmy1057\",\"avatar\":\"hilbert\",\"rating\":1045,\"seed\":[48935,56028,59394,63667]}\n>p1 switch 5\n>p2 move voltswitch\n>p1 move earthpower\n>p2 switch 5\n>p1 move spore\n>p2 move freezedry\n>p1 move gigadrain\n>p2 move uturn\n>p1 move rapidspin\n>p2 move freezedry\n>p1 move gigadrain\n>p2 move roost\n>p1 move gigadrain\n>p2 move freezedry\n>p1 switch 5\n>p1 move irondefense\n>p2 move uturn\n>p2 switch 6\n>p1 move bodypress\n>p2 move gigadrain\n>p1 switch 2\n>p2 move gigadrain\n>p1 move doubleedge\n>p2 move gigadrain\n>p1 switch 3\n>p1 move crunch\n>p2 move focusblast\n>p1 switch 4\n>p1 move wish\n>p2 move gigadrain\n>p1 move protect\n>p2 move gigadrain\n>p1 switch 6\n>p2 move gigadrain\n>p1 move drainpunch\n>p2 move shedtail\n>p2 switch 3\n>p1 move ironhead\n>p2 move poltergeist\n>p1 switch 2\n>p1 move moonblast\n>p2 move leafblade\n>p1 switch 6\n>p1 move wish\n>p2 move leafblade", "uploadtime": 1733780357, "views": 7, "formatid": "gen9randombattle", "rating": 1041, "private": 0, "password": null}