{"id": "gen9randombattle-2225318907", "format": "[Gen 9] Random Battle", "players": ["Hinbass", "Qiuescent"], "log": "|badge|p1|bronze|gen9randombattle|100-3\n|uhtml|medal-msg|<div class=\"broadcast-blue\">Curious what those medals under the avatar are? PS now has Ladder Seasons! For more information, check out the <a href=\"https://www.smogon.com/forums/threads/3740067/\">thread on Smogon.</a></div>\n|badge|p2|silver|gen9randombattle|30-3\n|uhtml|medal-msg|<div class=\"broadcast-blue\">Curious what those medals under the avatar are? PS now has Ladder Seasons! For more information, check out the <a href=\"https://www.smogon.com/forums/threads/3740067/\">thread on Smogon.</a></div>\n|j|\u2606Hinbass\n|j|\u203dQiuescent\n|t:|1729209822\n|gametype|singles\n|player|p1|Hinbass|1|2313\n|player|p2|Qiuescent|101|2328\n|teamsize|p1|6\n|teamsize|p2|6\n|gen|9\n|tier|[Gen 9] Random Battle\n|rated|\n|rule|Species Clause: Limit one of each Pok\u00e9mon\n|rule|HP Percentage Mod: HP is shown in percentages\n|rule|Sleep Clause Mod: Limit one foe put to sleep\n|rule|Illusion Level Mod: Illusion disguises the Pok\u00e9mon's true level\n|\n|t:|1729209822\n|start\n|switch|p1a: Venomoth|Venomoth, L84, F|255/255\n|switch|p2a: Duraludon|Duraludon, L82, F|249/249\n|turn|1\n|inactive|Battle timer is ON: inactive players will automatically lose when time's up. (requested by Hinbass)\n|\n|t:|1729209839\n|switch|p2a: Swampert|Swampert, L83, M|302/302\n|move|p1a: Venomoth|Sleep Powder|p2a: Swampert\n|-status|p2a: Swampert|slp|[from] move: Sleep Powder\n|\n|upkeep\n|turn|2\n|\n|t:|1729209853\n|switch|p2a: Reshiram|Reshiram, L76|277/277\n|-ability|p2a: Reshiram|Turboblaze\n|move|p1a: Venomoth|Quiver Dance|p1a: Venomoth\n|-boost|p1a: Venomoth|spa|1\n|-boost|p1a: Venomoth|spd|1\n|-boost|p1a: Venomoth|spe|1\n|\n|upkeep\n|turn|3\n|inactive|Hinbass has 120 seconds left.\n|\n|t:|1729209897\n|-terastallize|p1a: Venomoth|Poison\n|move|p1a: Venomoth|Sludge Wave|p2a: Reshiram\n|-damage|p2a: Reshiram|125/277\n|move|p2a: Reshiram|Blue Flare|p1a: Venomoth\n|-damage|p1a: Venomoth|138/255\n|-status|p1a: Venomoth|brn\n|\n|-damage|p1a: Venomoth|123/255 brn|[from] brn\n|upkeep\n|turn|4\n|\n|t:|1729209904\n|move|p1a: Venomoth|Bug Buzz|p2a: Reshiram\n|-resisted|p2a: Reshiram\n|-damage|p2a: Reshiram|17/277\n|move|p2a: Reshiram|Earth Power|p1a: Venomoth\n|-supereffective|p1a: Venomoth\n|-damage|p1a: Venomoth|15/255 brn\n|\n|-damage|p1a: Venomoth|0 fnt|[from] brn\n|faint|p1a: Venomoth\n|upkeep\n|\n|t:|1729209910\n|switch|p1a: Gengar|Gengar, L81, F|230/230\n|turn|5\n|\n|t:|1729209915\n|move|p1a: Gengar|Shadow Ball|p2a: Reshiram\n|-damage|p2a: Reshiram|0 fnt\n|faint|p2a: Reshiram\n|-damage|p1a: Gengar|207/230|[from] item: Life Orb\n|\n|upkeep\n|\n|t:|1729209918\n|switch|p2a: Persian|Persian-Alola, L86, M|252/252\n|turn|6\n|\n|t:|1729209923\n|move|p2a: Persian|Dark Pulse|p1a: Gengar\n|-supereffective|p1a: Gengar\n|-damage|p1a: Gengar|0 fnt\n|faint|p1a: Gengar\n|-damage|p2a: Persian|227/252|[from] item: Life Orb\n|\n|upkeep\n|\n|t:|1729209931\n|switch|p1a: Forretress|Forretress, L84, F|263/263\n|turn|7\n|\n|t:|1729209941\n|switch|p2a: Duraludon|Duraludon, L82, F|249/249\n|move|p1a: Forretress|Body Press|p2a: Duraludon\n|-supereffective|p2a: Duraludon\n|-damage|p2a: Duraludon|169/249\n|\n|upkeep\n|turn|8\n|\n|t:|1729209944\n|move|p2a: Duraludon|Iron Defense|p2a: Duraludon\n|-boost|p2a: Duraludon|def|2\n|move|p1a: Forretress|Spikes|p2a: Duraludon\n|-sidestart|p2: Qiuescent|Spikes\n|\n|upkeep\n|turn|9\n|\n|t:|1729209951\n|move|p2a: Duraludon|Iron Defense|p2a: Duraludon\n|-boost|p2a: Duraludon|def|2\n|move|p1a: Forretress|Body Press|p2a: Duraludon\n|-supereffective|p2a: Duraludon\n|-damage|p2a: Duraludon|139/249\n|\n|upkeep\n|turn|10\n|\n|t:|1729209960\n|move|p2a: Duraludon|Body Press|p1a: Forretress\n|-damage|p1a: Forretress|143/263\n|move|p1a: Forretress|Rapid Spin|p2a: Duraludon\n|-resisted|p2a: Duraludon\n|-damage|p2a: Duraludon|136/249\n|-boost|p1a: Forretress|spe|1\n|\n|-heal|p1a: Forretress|159/263|[from] item: Leftovers\n|upkeep\n|turn|11\n|\n|t:|1729209964\n|move|p2a: Duraludon|Body Press|p1a: Forretress\n|-damage|p1a: Forretress|24/263\n|move|p1a: Forretress|Body Press|p2a: Duraludon\n|-supereffective|p2a: Duraludon\n|-damage|p2a: Duraludon|108/249\n|\n|-heal|p1a: Forretress|40/263|[from] item: Leftovers\n|upkeep\n|turn|12\n|\n|t:|1729209970\n|move|p2a: Duraludon|Body Press|p1a: Forretress\n|-damage|p1a: Forretress|0 fnt\n|faint|p1a: Forretress\n|\n|upkeep\n|\n|t:|1729209974\n|switch|p1a: Farigiraf|Farigiraf, L91, M|366/366\n|turn|13\n|\n|t:|1729209978\n|move|p2a: Duraludon|Body Press|p1a: Farigiraf\n|-crit|p1a: Farigiraf\n|-damage|p1a: Farigiraf|54/366\n|move|p1a: Farigiraf|Psychic Noise|p2a: Duraludon\n|-resisted|p2a: Duraludon\n|-damage|p2a: Duraludon|53/249\n|-start|p2a: Duraludon|move: Heal Block\n|\n|-heal|p1a: Farigiraf|76/366|[from] item: Leftovers\n|upkeep\n|turn|14\n|\n|t:|1729209981\n|move|p2a: Duraludon|Body Press|p1a: Farigiraf\n|-damage|p1a: Farigiraf|0 fnt\n|faint|p1a: Farigiraf\n|\n|-end|p2a: Duraludon|move: Heal Block\n|upkeep\n|\n|t:|1729209982\n|switch|p1a: Mimikyu|Mimikyu, L79, F|216/216\n|turn|15\n|\n|t:|1729209986\n|move|p1a: Mimikyu|Swords Dance|p1a: Mimikyu\n|-boost|p1a: Mimikyu|atk|2\n|move|p2a: Duraludon|Flash Cannon|p1a: Mimikyu\n|-activate|p1a: Mimikyu|ability: Disguise\n|-damage|p1a: Mimikyu|216/216\n|detailschange|p1a: Mimikyu|Mimikyu-Busted, L79, F\n|-damage|p1a: Mimikyu|189/216|[from] pokemon: Mimikyu-Busted\n|\n|upkeep\n|turn|16\n|\n|t:|1729209989\n|move|p1a: Mimikyu|Play Rough|p2a: Duraludon|[miss]\n|-miss|p1a: Mimikyu|p2a: Duraludon\n|move|p2a: Duraludon|Flash Cannon|p1a: Mimikyu\n|-supereffective|p1a: Mimikyu\n|-damage|p1a: Mimikyu|7/216\n|\n|upkeep\n|turn|17\n|\n|t:|1729209991\n|move|p1a: Mimikyu|Play Rough|p2a: Duraludon\n|-damage|p2a: Duraludon|14/249\n|-damage|p1a: Mimikyu|0 fnt|[from] item: Life Orb\n|faint|p1a: Mimikyu\n|move|p2a: Duraludon|Flash Cannon|p1: Mimikyu|[notarget]\n|-fail|p2a: Duraludon\n|\n|upkeep\n|-message|Hinbass forfeited.\n|\n|win|Qiuescent\n|raw|Hinbass's rating: 2313 &rarr; <strong>2294</strong><br />(-19 for losing)\n|raw|Qiuescent's rating: 2328 &rarr; <strong>2347</strong><br />(+19 for winning)\n|l|\u2606Hinbass\n|player|p1|\n", "inputlog": ">version 24b5ea12b3dbe77b1f0aa07975a48e3bd4b94ca5\n>start {\"formatid\":\"gen9randombattle\",\"seed\":[60659,29612,17574,3313],\"rated\":\"Rated battle\"}\n>player p1 {\"name\":\"Hinbass\",\"avatar\":\"1\",\"rating\":2313,\"seed\":[11813,50053,20131,24773]}\n>player p2 {\"name\":\"Qiuescent\",\"avatar\":\"101\",\"rating\":2328,\"seed\":[52513,57600,38800,27479]}\n>p1 move sleeppowder\n>p2 switch 4\n>p1 move quiverdance\n>p2 switch 2\n>p1 move sludgewave terastallize\n>p2 move blueflare\n>p1 move bugbuzz\n>p2 move earthpower\n>p1 switch 5\n>p1 move shadowball\n>p2 move earthpower\n>p2 switch 6\n>p1 move focusblast\n>p2 move darkpulse\n>p1 switch 2\n>p1 move bodypress\n>p2 switch 4\n>p1 move spikes\n>p2 move irondefense\n>p1 move bodypress\n>p2 move irondefense\n>p1 move rapidspin\n>p2 move bodypress\n>p1 move bodypress\n>p2 move bodypress\n>p1 move bodypress\n>p2 move bodypress\n>p1 switch 6\n>p1 move psychicnoise\n>p2 move bodypress\n>p1 move psychicnoise\n>p2 move bodypress\n>p1 switch 4\n>p1 move swordsdance\n>p2 move flashcannon\n>p1 move playrough\n>p2 move flashcannon\n>p1 move playrough\n>p2 move flashcannon\n>forcelose p1", "uploadtime": 1729209996, "views": 63, "formatid": "gen9randombattle", "rating": 2294, "private": 0, "password": null}