{"id": "gen9randombattle-2108523818", "format": "[Gen 9] Random Battle", "players": ["CCS_Wolf", "Micael Lopes"], "log": "|uhtml|medal-msg|<div class=\"broadcast-blue\">Curious what those medals under the avatar are? PS now has Ladder Seasons! For more information, check out the <a href=\"https://www.smogon.com/forums/threads/3740067/\">thread on Smogon.</a></div>\n|uhtml|medal-msg|<div class=\"broadcast-blue\">Curious what those medals under the avatar are? PS now has Ladder Seasons! For more information, check out the <a href=\"https://www.smogon.com/forums/threads/3740067/\">thread on Smogon.</a></div>\n|j|\u2606CCS_Wolf\n|j|\u2606Micael Lopes\n|t:|1713727621\n|gametype|singles\n|player|p1|CCS_Wolf|twins-gen4|2246\n|player|p2|Micael Lopes|benga|2205\n|teamsize|p1|6\n|teamsize|p2|6\n|gen|9\n|tier|[Gen 9] Random Battle\n|rated|\n|rule|Species Clause: Limit one of each Pok\u00e9mon\n|rule|HP Percentage Mod: HP is shown in percentages\n|rule|Sleep Clause Mod: Limit one foe put to sleep\n|rule|Illusion Level Mod: Illusion disguises the Pok\u00e9mon's true level\n|\n|t:|1713727621\n|start\n|switch|p1a: Shiftry|Shiftry, L89, F|305/305\n|switch|p2a: Zebstrika|Zebstrika, L88, F|275/275\n|turn|1\n|inactive|Battle timer is ON: inactive players will automatically lose when time's up. (requested by Micael Lopes)\n|\n|t:|1713727649\n|move|p2a: Zebstrika|Overheat|p1a: Shiftry\n|-supereffective|p1a: Shiftry\n|-damage|p1a: Shiftry|14/305\n|-unboost|p2a: Zebstrika|spa|2\n|-damage|p2a: Zebstrika|248/275|[from] item: Life Orb\n|move|p1a: Shiftry|Knock Off|p2a: Zebstrika\n|-damage|p2a: Zebstrika|69/275\n|-enditem|p2a: Zebstrika|Life Orb|[from] move: Knock Off|[of] p1a: Shiftry\n|-damage|p1a: Shiftry|0 fnt|[from] item: Life Orb\n|faint|p1a: Shiftry\n|\n|upkeep\n|\n|t:|1713727657\n|switch|p1a: Uxie|Uxie, L83|260/260\n|turn|2\n|\n|t:|1713727676\n|move|p2a: Zebstrika|Volt Switch|p1a: Uxie\n|-damage|p1a: Uxie|232/260\n|\n|t:|1713727683\n|switch|p2a: Stonjourner|Stonjourner, L91, F|330/330|[from] Volt Switch\n|move|p1a: Uxie|Thunder Wave|p2a: Stonjourner|[miss]\n|-miss|p1a: Uxie|p2a: Stonjourner\n|\n|-heal|p1a: Uxie|248/260|[from] item: Leftovers\n|upkeep\n|turn|3\n|\n|t:|1713727692\n|move|p1a: Uxie|Psychic Noise|p2a: Stonjourner\n|-damage|p2a: Stonjourner|182/330\n|-start|p2a: Stonjourner|move: Heal Block\n|move|p2a: Stonjourner|Stealth Rock|p1a: Uxie\n|-sidestart|p1: CCS_Wolf|move: Stealth Rock\n|\n|-heal|p1a: Uxie|260/260|[from] item: Leftovers\n|upkeep\n|turn|4\n|\n|t:|1713727708\n|move|p1a: Uxie|Psychic Noise|p2a: Stonjourner\n|-damage|p2a: Stonjourner|32/330\n|-fail|p2a: Stonjourner|move: Heal Block\n|move|p2a: Stonjourner|Stone Edge|p1a: Uxie\n|-damage|p1a: Uxie|112/260\n|-damage|p2a: Stonjourner|0 fnt|[from] item: Life Orb\n|faint|p2a: Stonjourner\n|\n|-heal|p1a: Uxie|128/260|[from] item: Leftovers\n|upkeep\n|\n|t:|1713727727\n|switch|p2a: Flamigo|Flamigo, L82, F|269/269\n|turn|5\n|\n|t:|1713727735\n|move|p2a: Flamigo|U-turn|p1a: Uxie\n|-supereffective|p1a: Uxie\n|-damage|p1a: Uxie|40/260\n|\n|t:|1713727743\n|switch|p2a: Glaceon|Glaceon, L94, F|275/275|[from] U-turn\n|move|p1a: Uxie|Psychic Noise|p2a: Glaceon\n|-damage|p2a: Glaceon|224/275\n|-start|p2a: Glaceon|move: Heal Block\n|\n|-heal|p1a: Uxie|56/260|[from] item: Leftovers\n|upkeep\n|turn|6\n|\n|t:|1713727748\n|move|p1a: Uxie|Knock Off|p2a: Glaceon\n|-damage|p2a: Glaceon|179/275\n|-enditem|p2a: Glaceon|Heavy-Duty Boots|[from] move: Knock Off|[of] p1a: Uxie\n|move|p2a: Glaceon|Calm Mind|p2a: Glaceon\n|-boost|p2a: Glaceon|spa|1\n|-boost|p2a: Glaceon|spd|1\n|\n|-heal|p1a: Uxie|72/260|[from] item: Leftovers\n|-end|p2a: Glaceon|move: Heal Block\n|upkeep\n|turn|7\n|\n|t:|1713727753\n|move|p1a: Uxie|Encore|p2a: Glaceon\n|-start|p2a: Glaceon|Encore\n|move|p2a: Glaceon|Calm Mind|p2a: Glaceon\n|-boost|p2a: Glaceon|spa|1\n|-boost|p2a: Glaceon|spd|1\n|\n|-heal|p1a: Uxie|88/260|[from] item: Leftovers\n|upkeep\n|turn|8\n|\n|t:|1713727758\n|switch|p2a: Zebstrika|Zebstrika, L88, F|69/275\n|move|p1a: Uxie|Psychic Noise|p2a: Zebstrika\n|-damage|p2a: Zebstrika|0 fnt\n|faint|p2a: Zebstrika\n|\n|-heal|p1a: Uxie|104/260|[from] item: Leftovers\n|upkeep\n|\n|t:|1713727765\n|switch|p2a: Glaceon|Glaceon, L94, F|179/275\n|turn|9\n|\n|t:|1713727769\n|move|p1a: Uxie|Thunder Wave|p2a: Glaceon\n|-status|p2a: Glaceon|par\n|move|p2a: Glaceon|Freeze-Dry|p1a: Uxie\n|-damage|p1a: Uxie|20/260\n|\n|-heal|p1a: Uxie|36/260|[from] item: Leftovers\n|upkeep\n|turn|10\n|\n|t:|1713727778\n|move|p1a: Uxie|Psychic Noise|p2a: Glaceon\n|-damage|p2a: Glaceon|128/275 par\n|-start|p2a: Glaceon|move: Heal Block\n|move|p2a: Glaceon|Freeze-Dry|p1a: Uxie\n|-damage|p1a: Uxie|0 fnt\n|faint|p1a: Uxie\n|\n|upkeep\n|\n|t:|1713727785\n|switch|p1a: Baxcalibur|Baxcalibur, L75, M|295/295\n|-damage|p1a: Baxcalibur|222/295|[from] Stealth Rock\n|turn|11\n|\n|t:|1713727795\n|move|p1a: Baxcalibur|Glaive Rush|p2a: Glaceon\n|-damage|p2a: Glaceon|0 fnt\n|-singlemove|p1a: Baxcalibur|Glaive Rush|[silent]\n|faint|p2a: Glaceon\n|\n|upkeep\n|\n|t:|1713727799\n|switch|p2a: Skeledirge|Skeledirge, L79, F|294/294\n|turn|12\n|\n|t:|1713727813\n|move|p1a: Baxcalibur|Glaive Rush|p2a: Skeledirge\n|-crit|p2a: Skeledirge\n|-damage|p2a: Skeledirge|0 fnt\n|-singlemove|p1a: Baxcalibur|Glaive Rush|[silent]\n|faint|p2a: Skeledirge\n|\n|upkeep\n|\n|t:|1713727817\n|switch|p2a: Bellossom|Bellossom, L84, F|263/263\n|turn|13\n|\n|t:|1713727833\n|-terastallize|p2a: Bellossom|Fairy\n|move|p1a: Baxcalibur|Glaive Rush|p2a: Bellossom\n|-immune|p2a: Bellossom\n|move|p2a: Bellossom|Quiver Dance|p2a: Bellossom\n|-boost|p2a: Bellossom|spa|1\n|-boost|p2a: Bellossom|spd|1\n|-boost|p2a: Bellossom|spe|1\n|\n|upkeep\n|turn|14\n|inactive|Micael Lopes has 120 seconds left.\n|inactive|Micael Lopes has 90 seconds left.\n|\n|t:|1713727909\n|switch|p1a: Palkia|Palkia-Origin, L72|249/249\n|-damage|p1a: Palkia|218/249|[from] Stealth Rock\n|-ability|p1a: Palkia|Pressure\n|move|p2a: Bellossom|Quiver Dance|p2a: Bellossom\n|-boost|p2a: Bellossom|spa|1\n|-boost|p2a: Bellossom|spd|1\n|-boost|p2a: Bellossom|spe|1\n|\n|upkeep\n|turn|15\n|\n|t:|1713727916\n|move|p2a: Bellossom|Moonblast|p1a: Palkia\n|-supereffective|p1a: Palkia\n|-damage|p1a: Palkia|0 fnt\n|faint|p1a: Palkia\n|\n|upkeep\n|\n|t:|1713727920\n|switch|p1a: Pincurchin|Pincurchin, L99, F|255/255\n|-damage|p1a: Pincurchin|224/255|[from] Stealth Rock\n|-fieldstart|move: Electric Terrain|[from] ability: Electric Surge|[of] p1a: Pincurchin\n|turn|16\n|\n|t:|1713727924\n|move|p2a: Bellossom|Moonblast|p1a: Pincurchin\n|-damage|p1a: Pincurchin|65/255\n|move|p1a: Pincurchin|Zing Zap|p2a: Bellossom\n|-damage|p2a: Bellossom|119/263\n|\n|-heal|p2a: Bellossom|135/263|[from] item: Leftovers\n|-heal|p1a: Pincurchin|80/255|[from] item: Leftovers\n|upkeep\n|turn|17\n|\n|t:|1713727929\n|move|p2a: Bellossom|Strength Sap|p1a: Pincurchin\n|-unboost|p1a: Pincurchin|atk|1\n|-heal|p2a: Bellossom|263/263\n|move|p1a: Pincurchin|Zing Zap|p2a: Bellossom\n|-damage|p2a: Bellossom|161/263\n|\n|-heal|p2a: Bellossom|177/263|[from] item: Leftovers\n|-heal|p1a: Pincurchin|95/255|[from] item: Leftovers\n|upkeep\n|turn|18\n|-message|CCS_Wolf forfeited.\n|\n|win|Micael Lopes\n|raw|CCS_Wolf's rating: 2246 &rarr; <strong>2225</strong><br />(-21 for losing)\n|raw|Micael Lopes's rating: 2222 &rarr; <strong>2243</strong><br />(+21 for winning)\n|l|\u2606CCS_Wolf\n|player|p1|\n|c|\u2606Micael Lopes|**Sexy game.**\n", "inputlog": ">version 353afcba8edc3ce061b3a30b18dec61a8b98d08c\n>start {\"formatid\":\"gen9randombattle\",\"seed\":[13793,14944,64744,42250],\"rated\":\"Rated battle\"}\n>player p1 {\"name\":\"CCS_Wolf\",\"avatar\":\"twins-gen4\",\"rating\":2246,\"seed\":[57513,29975,47503,47336]}\n>player p2 {\"name\":\"Micael Lopes\",\"avatar\":\"benga\",\"rating\":2205,\"seed\":[43961,39898,31097,49798]}\n>p1 move knockoff\n>p2 move overheat\n>p1 switch 3\n>p1 move thunderwave\n>p2 move voltswitch\n>p2 switch 5\n>p1 move psychicnoise\n>p2 move stealthrock\n>p1 move psychicnoise\n>p2 move stoneedge\n>p2 switch 3\n>p1 move psychicnoise\n>p2 move uturn\n>p2 switch 4\n>p1 move knockoff\n>p2 move calmmind\n>p1 move encore\n>p2 move freezedry\n>p1 move psychicnoise\n>p2 switch 5\n>p2 switch 5\n>p1 move thunderwave\n>p2 move freezedry\n>p1 move psychicnoise\n>p2 move freezedry\n>p1 switch 2\n>p1 move glaiverush\n>p2 move freezedry\n>p2 switch 2\n>p1 move glaiverush\n>p2 move flamecharge\n>p2 switch 6\n>p1 move glaiverush\n>p2 move quiverdance terastallize\n>p1 switch 5\n>p2 move quiverdance\n>p1 move thunderwave\n>p2 move moonblast\n>p1 switch 4\n>p1 move zingzap\n>p2 move moonblast\n>p1 move zingzap\n>p2 move strengthsap\n>forcelose p1", "uploadtime": 1713727938, "views": 232, "formatid": "gen9randombattle", "rating": 2225, "private": 0, "password": null}