{"id": "gen9randombattle-2154664142", "format": "[Gen 9] Random Battle", "players": ["rsvh", "TechBuster"], "log": "|j|\u2606rsvh\n|j|\u2606TechBuster\n|t:|1720040153\n|gametype|singles\n|player|p1|rsvh|hugh|2224\n|player|p2|TechBuster|cynthia-gen4|2234\n|teamsize|p1|6\n|teamsize|p2|6\n|gen|9\n|tier|[Gen 9] Random Battle\n|rated|\n|rule|Species Clause: Limit one of each Pok\u00e9mon\n|rule|HP Percentage Mod: HP is shown in percentages\n|rule|Sleep Clause Mod: Limit one foe put to sleep\n|rule|Illusion Level Mod: Illusion disguises the Pok\u00e9mon's true level\n|\n|t:|1720040153\n|start\n|switch|p1a: Squawkabilly|Squawkabilly, L85, M|278/278\n|switch|p2a: Masquerain|Masquerain, L87, M|264/264\n|-ability|p2a: Masquerain|Intimidate|boost\n|-unboost|p1a: Squawkabilly|atk|1\n|turn|1\n|\n|t:|1720040207\n|switch|p2a: Persian|Persian, L92, M|269/269\n|move|p1a: Squawkabilly|Brave Bird|p2a: Persian\n|-damage|p2a: Persian|170/269\n|-damage|p1a: Squawkabilly|245/278|[from] Recoil\n|\n|-status|p1a: Squawkabilly|brn|[from] item: Flame Orb\n|upkeep\n|turn|2\n|\n|t:|1720040220\n|switch|p1a: Annihilape|Annihilape, L76, F|292/292\n|move|p2a: Persian|U-turn|p1a: Annihilape\n|-resisted|p1a: Annihilape\n|-damage|p1a: Annihilape|279/292\n|\n|t:|1720040236\n|switch|p2a: Masquerain|Masquerain, L87, M|264/264|[from] U-turn\n|-ability|p2a: Masquerain|Intimidate|boost\n|-unboost|p1a: Annihilape|atk|1\n|-ability|p1a: Annihilape|Defiant|boost\n|-boost|p1a: Annihilape|atk|2\n|\n|-heal|p1a: Annihilape|292/292|[from] item: Leftovers\n|upkeep\n|turn|3\n|\n|t:|1720040255\n|-terastallize|p1a: Annihilape|Steel\n|move|p2a: Masquerain|Sticky Web|p1a: Annihilape\n|-sidestart|p1: rsvh|move: Sticky Web\n|move|p1a: Annihilape|Bulk Up|p1a: Annihilape\n|-boost|p1a: Annihilape|atk|1\n|-boost|p1a: Annihilape|def|1\n|\n|upkeep\n|turn|4\n|\n|t:|1720040261\n|move|p2a: Masquerain|Stun Spore|p1a: Annihilape\n|-status|p1a: Annihilape|par\n|cant|p1a: Annihilape|par\n|\n|upkeep\n|turn|5\n|\n|t:|1720040274\n|move|p2a: Masquerain|Hydro Pump|p1a: Annihilape\n|-damage|p1a: Annihilape|199/292 par\n|move|p1a: Annihilape|Drain Punch|p2a: Masquerain\n|-resisted|p2a: Masquerain\n|-damage|p2a: Masquerain|218/264\n|-heal|p1a: Annihilape|222/292 par|[from] drain|[of] p2a: Masquerain\n|\n|-heal|p1a: Annihilape|240/292 par|[from] item: Leftovers\n|upkeep\n|turn|6\n|\n|t:|1720040279\n|move|p2a: Masquerain|Hydro Pump|p1a: Annihilape\n|-damage|p1a: Annihilape|155/292 par\n|move|p1a: Annihilape|Rage Fist|p2a: Masquerain\n|-damage|p2a: Masquerain|0 fnt\n|faint|p2a: Masquerain\n|\n|-heal|p1a: Annihilape|173/292 par|[from] item: Leftovers\n|upkeep\n|\n|t:|1720040315\n|switch|p2a: Tauros|Tauros-Paldea-Blaze, L81, M|252/252\n|turn|7\n|\n|t:|1720040335\n|move|p2a: Tauros|Close Combat|p1a: Annihilape\n|-supereffective|p1a: Annihilape\n|-damage|p1a: Annihilape|0 fnt\n|-unboost|p2a: Tauros|def|1\n|-unboost|p2a: Tauros|spd|1\n|faint|p1a: Annihilape\n|\n|upkeep\n|\n|t:|1720040339\n|switch|p1a: Illumise|Illumise, L91, F|266/266\n|turn|8\n|\n|t:|1720040347\n|switch|p2a: Galvantula|Galvantula, L82, M|249/249\n|move|p1a: Illumise|Thunder Wave|p2a: Galvantula\n|-immune|p2a: Galvantula\n|\n|upkeep\n|turn|9\n|\n|t:|1720040369\n|move|p2a: Galvantula|Thunder|p1a: Illumise\n|-damage|p1a: Illumise|103/266\n|-status|p1a: Illumise|par\n|move|p1a: Illumise|Bug Buzz|p2a: Galvantula\n|-damage|p2a: Galvantula|129/249\n|\n|upkeep\n|turn|10\n|\n|t:|1720040388\n|move|p1a: Illumise|Roost|p1a: Illumise\n|-heal|p1a: Illumise|236/266 par\n|-singleturn|p1a: Illumise|move: Roost\n|move|p2a: Galvantula|Thunder|p1a: Illumise\n|-damage|p1a: Illumise|91/266 par\n|\n|upkeep\n|turn|11\n|\n|t:|1720040396\n|cant|p1a: Illumise|par\n|move|p2a: Galvantula|Thunder|p1a: Illumise\n|-crit|p1a: Illumise\n|-damage|p1a: Illumise|0 fnt\n|faint|p1a: Illumise\n|\n|upkeep\n|\n|t:|1720040404\n|switch|p1a: Stonjourner|Stonjourner, L91, M|330/330\n|-activate|p1a: Stonjourner|move: Sticky Web\n|-unboost|p1a: Stonjourner|spe|1\n|turn|12\n|\n|t:|1720040421\n|switch|p2a: Persian|Persian, L92, M|170/269\n|move|p1a: Stonjourner|Earthquake|p2a: Persian\n|-damage|p2a: Persian|24/269\n|-damage|p1a: Stonjourner|297/330|[from] item: Life Orb\n|\n|upkeep\n|turn|13\n|\n|t:|1720040436\n|move|p2a: Persian|U-turn|p1a: Stonjourner\n|-damage|p1a: Stonjourner|266/330\n|\n|t:|1720040438\n|switch|p2a: Palafin|Palafin, L77, M|281/281|[from] U-turn\n|move|p1a: Stonjourner|Stealth Rock|p2a: Palafin\n|-sidestart|p2: TechBuster|move: Stealth Rock\n|\n|upkeep\n|turn|14\n|\n|t:|1720040444\n|move|p2a: Palafin|Flip Turn|p1a: Stonjourner\n|-supereffective|p1a: Stonjourner\n|-damage|p1a: Stonjourner|188/330\n|\n|t:|1720040450\n|detailschange|p2a: Palafin|Palafin-Hero, L77, M\n|switch|p2a: Persian|Persian, L92, M|24/269|[from] Flip Turn\n|-damage|p2a: Persian|0 fnt|[from] Stealth Rock\n|faint|p2a: Persian\n|move|p1a: Stonjourner|Stone Edge|p2: Persian|[notarget]\n|-fail|p1a: Stonjourner\n|\n|upkeep\n|\n|t:|1720040452\n|switch|p2a: Galvantula|Galvantula, L82, M|129/249\n|-damage|p2a: Galvantula|67/249|[from] Stealth Rock\n|turn|15\n|\n|t:|1720040458\n|move|p2a: Galvantula|Volt Switch|p1a: Stonjourner\n|-damage|p1a: Stonjourner|0 fnt\n|faint|p1a: Stonjourner\n|\n|t:|1720040467\n|switch|p2a: Hawlucha|Hawlucha, L80, F|256/256|[from] Volt Switch\n|-damage|p2a: Hawlucha|224/256|[from] Stealth Rock\n|\n|upkeep\n|\n|t:|1720040473\n|switch|p1a: Clawitzer|Clawitzer, L86, M|262/262\n|-activate|p1a: Clawitzer|move: Sticky Web\n|-unboost|p1a: Clawitzer|spe|1\n|turn|16\n|\n|t:|1720040496\n|move|p2a: Hawlucha|Close Combat|p1a: Clawitzer\n|-damage|p1a: Clawitzer|154/262\n|-unboost|p2a: Hawlucha|def|1\n|-unboost|p2a: Hawlucha|spd|1\n|-enditem|p2a: Hawlucha|White Herb\n|-clearnegativeboost|p2a: Hawlucha|[silent]\n|move|p1a: Clawitzer|Water Pulse|p2a: Hawlucha\n|-crit|p2a: Hawlucha\n|-damage|p2a: Hawlucha|0 fnt\n|faint|p2a: Hawlucha\n|\n|upkeep\n|\n|t:|1720040499\n|switch|p2a: Palafin|Palafin-Hero, L77, M|281/281\n|-damage|p2a: Palafin|246/281|[from] Stealth Rock\n|-activate|p2a: Palafin|ability: Zero to Hero\n|turn|17\n|\n|t:|1720040517\n|move|p2a: Palafin|Close Combat|p1a: Clawitzer\n|-damage|p1a: Clawitzer|7/262\n|-unboost|p2a: Palafin|def|1\n|-unboost|p2a: Palafin|spd|1\n|move|p1a: Clawitzer|Water Pulse|p2a: Palafin\n|-resisted|p2a: Palafin\n|-damage|p2a: Palafin|112/281\n|\n|upkeep\n|turn|18\n|\n|t:|1720040522\n|move|p2a: Palafin|Close Combat|p1a: Clawitzer\n|-damage|p1a: Clawitzer|0 fnt\n|-unboost|p2a: Palafin|def|1\n|-unboost|p2a: Palafin|spd|1\n|faint|p1a: Clawitzer\n|\n|upkeep\n|\n|t:|1720040524\n|switch|p1a: Squawkabilly|Squawkabilly, L85, M|245/278 brn\n|turn|19\n|\n|t:|1720040537\n|move|p1a: Squawkabilly|Facade|p2a: Palafin\n|-damage|p2a: Palafin|0 fnt\n|faint|p2a: Palafin\n|\n|-damage|p1a: Squawkabilly|228/278 brn|[from] brn\n|upkeep\n|\n|t:|1720040539\n|switch|p2a: Galvantula|Galvantula, L82, M|67/249\n|-damage|p2a: Galvantula|5/249|[from] Stealth Rock\n|turn|20\n|\n|t:|1720040543\n|move|p1a: Squawkabilly|Quick Attack|p2a: Galvantula\n|-damage|p2a: Galvantula|0 fnt\n|faint|p2a: Galvantula\n|\n|-damage|p1a: Squawkabilly|211/278 brn|[from] brn\n|upkeep\n|\n|t:|1720040545\n|switch|p2a: Tauros|Tauros-Paldea-Blaze, L81, M|252/252\n|-damage|p2a: Tauros|221/252|[from] Stealth Rock\n|turn|21\n|\n|t:|1720040588\n|move|p2a: Tauros|Substitute|p2a: Tauros\n|-start|p2a: Tauros|Substitute\n|-damage|p2a: Tauros|158/252\n|move|p1a: Squawkabilly|Brave Bird|p2a: Tauros\n|-supereffective|p2a: Tauros\n|-end|p2a: Tauros|Substitute\n|-damage|p1a: Squawkabilly|190/278 brn|[from] Recoil|[of] p2a: Tauros\n|\n|-damage|p1a: Squawkabilly|173/278 brn|[from] brn\n|upkeep\n|turn|22\n|\n|t:|1720040598\n|move|p2a: Tauros|Substitute|p2a: Tauros\n|-start|p2a: Tauros|Substitute\n|-damage|p2a: Tauros|95/252\n|-enditem|p2a: Tauros|Sitrus Berry|[eat]\n|-heal|p2a: Tauros|158/252|[from] item: Sitrus Berry\n|move|p1a: Squawkabilly|Facade|p2a: Tauros\n|-end|p2a: Tauros|Substitute\n|\n|-damage|p1a: Squawkabilly|156/278 brn|[from] brn\n|upkeep\n|turn|23\n|\n|t:|1720040612\n|move|p1a: Squawkabilly|Quick Attack|p2a: Tauros\n|-damage|p2a: Tauros|95/252\n|move|p2a: Tauros|Close Combat|p1a: Squawkabilly\n|-damage|p1a: Squawkabilly|0 fnt\n|-unboost|p2a: Tauros|def|1\n|-unboost|p2a: Tauros|spd|1\n|faint|p1a: Squawkabilly\n|\n|-activate|p2a: Tauros|ability: Cud Chew\n|-enditem|p2a: Tauros|Sitrus Berry|[eat]\n|-heal|p2a: Tauros|158/252|[from] item: Sitrus Berry\n|upkeep\n|\n|t:|1720040616\n|switch|p1a: Hitmonlee|Hitmonlee, L84, M|221/221\n|-activate|p1a: Hitmonlee|move: Sticky Web\n|-unboost|p1a: Hitmonlee|spe|1\n|-enditem|p1a: Hitmonlee|White Herb\n|-clearnegativeboost|p1a: Hitmonlee|[silent]\n|turn|24\n|\n|t:|1720040635\n|move|p1a: Hitmonlee|Close Combat|p2a: Tauros\n|-damage|p2a: Tauros|0 fnt\n|-unboost|p1a: Hitmonlee|def|1\n|-unboost|p1a: Hitmonlee|spd|1\n|faint|p2a: Tauros\n|\n|win|rsvh\n|raw|rsvh's rating: 2224 &rarr; <strong>2245</strong><br />(+21 for winning)\n|raw|TechBuster's rating: 2234 &rarr; <strong>2213</strong><br />(-21 for losing)\n|c|\u2606TechBuster|gg\n|c|\u2606rsvh|gg\n", "inputlog": ">version 26771249c35d7a4b83b8b432d5cb35999166eb23\n>start {\"formatid\":\"gen9randombattle\",\"seed\":[39627,27854,43902,16006],\"rated\":\"Rated battle\"}\n>player p1 {\"name\":\"rsvh\",\"avatar\":\"hugh\",\"rating\":2224,\"seed\":[46658,41080,2190,6876]}\n>player p2 {\"name\":\"TechBuster\",\"avatar\":\"cynthia-gen4\",\"rating\":2234,\"seed\":[22266,49493,55182,158]}\n>p1 move bravebird\n>p2 switch 5\n>p1 switch 2\n>p2 move uturn\n>p2 switch 5\n>p1 move bulkup terastallize\n>p2 move stickyweb\n>p1 move ragefist\n>p2 move stunspore\n>p1 move drainpunch\n>p2 move hydropump\n>p1 move ragefist\n>p2 move hydropump\n>p2 switch 4\n>p1 move ragefist\n>p2 move closecombat\n>p1 switch 5\n>p1 move thunderwave\n>p2 switch 2\n>p1 move bugbuzz\n>p2 move thunder\n>p1 move roost\n>p2 move thunder\n>p1 move roost\n>p2 move thunder\n>p1 switch 6\n>p1 move earthquake\n>p2 switch 5\n>p1 move stealthrock\n>p2 move uturn\n>p2 switch 6\n>p1 move stoneedge\n>p2 move flipturn\n>p2 switch 6\n>p2 switch 5\n>p1 move stoneedge\n>p2 move voltswitch\n>p2 switch 3\n>p1 switch 3\n>p1 move waterpulse\n>p2 move closecombat\n>p2 switch 6\n>p1 move waterpulse\n>p2 move closecombat\n>p1 move waterpulse\n>p2 move closecombat\n>p1 switch 2\n>p1 move facade\n>p2 move closecombat\n>p2 switch 3\n>p1 move quickattack\n>p2 move thunder\n>p2 switch 2\n>p1 move bravebird\n>p2 move substitute\n>p1 move facade\n>p2 move substitute\n>p1 move quickattack\n>p2 move closecombat\n>p1 switch 4\n>p1 move closecombat\n>p2 move substitute", "uploadtime": 1720040732, "views": 166, "formatid": "gen9randombattle", "rating": 2213, "private": 0, "password": null}