{"id": "gen9randombattle-2260461469", "format": "[Gen 9] Random Battle", "players": ["BigBossJnack", "PenixWaftor"], "log": "|j|\u2606BigBossJnack\n|j|\u2606PenixWaftor\n|t:|1733853889\n|gametype|singles\n|player|p1|BigBossJnack|169|1973\n|player|p2|PenixWaftor|170|2018\n|teamsize|p1|6\n|teamsize|p2|6\n|gen|9\n|tier|[Gen 9] Random Battle\n|rated|\n|rule|Species Clause: Limit one of each Pok\u00e9mon\n|rule|HP Percentage Mod: HP is shown in percentages\n|rule|Sleep Clause Mod: Limit one foe put to sleep\n|rule|Illusion Level Mod: Illusion disguises the Pok\u00e9mon's true level\n|\n|t:|1733853889\n|start\n|switch|p1a: Tropius|Tropius, L91, M|328/328\n|switch|p2a: Fezandipiti|Fezandipiti, L82, M|278/278\n|turn|1\n|inactive|Battle timer is ON: inactive players will automatically lose when time's up. (requested by PenixWaftor)\n|\n|t:|1733853900\n|-terastallize|p1a: Tropius|Steel\n|move|p2a: Fezandipiti|Beat Up|p1a: Tropius\n|-damage|p1a: Tropius|317/328\n|-damage|p1a: Tropius|310/328\n|-damage|p1a: Tropius|296/328\n|-damage|p1a: Tropius|287/328\n|-damage|p1a: Tropius|278/328\n|-damage|p1a: Tropius|266/328\n|-hitcount|p1a: Tropius|6\n|move|p1a: Tropius|Substitute|p1a: Tropius\n|-start|p1a: Tropius|Substitute\n|-damage|p1a: Tropius|184/328\n|\n|upkeep\n|turn|2\n|\n|t:|1733853917\n|move|p2a: Fezandipiti|U-turn|p1a: Tropius\n|-resisted|p1a: Tropius\n|-activate|p1a: Tropius|move: Substitute|[damage]\n|\n|t:|1733853933\n|switch|p2a: Electrode|Electrode, L92|260/260|[from] U-turn\n|move|p1a: Tropius|Leech Seed|p2a: Electrode\n|-start|p2a: Electrode|move: Leech Seed\n|\n|-damage|p2a: Electrode|228/260|[from] Leech Seed|[of] p1a: Tropius\n|-heal|p1a: Tropius|216/328|[silent]\n|upkeep\n|turn|3\n|\n|t:|1733853943\n|move|p1a: Tropius|Protect|p1a: Tropius\n|-singleturn|p1a: Tropius|Protect\n|move|p2a: Electrode|Volt Switch|p1a: Tropius\n|-activate|p1a: Tropius|move: Protect\n|\n|-damage|p2a: Electrode|196/260|[from] Leech Seed|[of] p1a: Tropius\n|-heal|p1a: Tropius|248/328|[silent]\n|upkeep\n|turn|4\n|\n|t:|1733853949\n|move|p2a: Electrode|Volt Switch|p1a: Tropius\n|-end|p1a: Tropius|Substitute\n|inactive|PenixWaftor has 120 seconds left.\n|\n|t:|1733853983\n|switch|p2a: Great Tusk|Great Tusk, L77|304/304|[from] Volt Switch\n|move|p1a: Tropius|Leech Seed|p2a: Great Tusk\n|-start|p2a: Great Tusk|move: Leech Seed\n|\n|-damage|p2a: Great Tusk|266/304|[from] Leech Seed|[of] p1a: Tropius\n|-heal|p1a: Tropius|286/328|[silent]\n|upkeep\n|turn|5\n|\n|t:|1733853988\n|move|p1a: Tropius|Protect|p1a: Tropius\n|-singleturn|p1a: Tropius|Protect\n|move|p2a: Great Tusk|Rapid Spin|p1a: Tropius\n|-activate|p1a: Tropius|move: Protect\n|\n|-heal|p2a: Great Tusk|285/304|[from] item: Leftovers\n|-damage|p2a: Great Tusk|247/304|[from] Leech Seed|[of] p1a: Tropius\n|-heal|p1a: Tropius|324/328|[silent]\n|upkeep\n|turn|6\n|\n|t:|1733853994\n|move|p2a: Great Tusk|Close Combat|p1a: Tropius\n|-supereffective|p1a: Tropius\n|-damage|p1a: Tropius|52/328\n|-unboost|p2a: Great Tusk|def|1\n|-unboost|p2a: Great Tusk|spd|1\n|-enditem|p1a: Tropius|Sitrus Berry|[eat]\n|-heal|p1a: Tropius|134/328|[from] item: Sitrus Berry\n|move|p1a: Tropius|Substitute|p1a: Tropius\n|-start|p1a: Tropius|Substitute\n|-damage|p1a: Tropius|52/328\n|\n|-heal|p2a: Great Tusk|266/304|[from] item: Leftovers\n|-damage|p2a: Great Tusk|228/304|[from] Leech Seed|[of] p1a: Tropius\n|-heal|p1a: Tropius|90/328|[silent]\n|-item|p1a: Tropius|Sitrus Berry|[from] ability: Harvest\n|upkeep\n|-enditem|p1a: Tropius|Sitrus Berry|[eat]\n|-heal|p1a: Tropius|172/328|[from] item: Sitrus Berry\n|turn|7\n|\n|t:|1733853999\n|move|p2a: Great Tusk|Stealth Rock|p1a: Tropius\n|-sidestart|p1: BigBossJnack|move: Stealth Rock\n|move|p1a: Tropius|Air Slash|p2a: Great Tusk\n|-supereffective|p2a: Great Tusk\n|-damage|p2a: Great Tusk|0 fnt\n|faint|p2a: Great Tusk\n|-end|p2a: Great Tusk|Protosynthesis|[silent]\n|\n|-item|p1a: Tropius|Sitrus Berry|[from] ability: Harvest\n|upkeep\n|\n|t:|1733854004\n|switch|p2a: Orthworm|Orthworm, L88, M|266/266\n|turn|8\n|\n|t:|1733854007\n|move|p2a: Orthworm|Body Press|p1a: Tropius\n|-supereffective|p1a: Tropius\n|-end|p1a: Tropius|Substitute\n|move|p1a: Tropius|Leech Seed|p2a: Orthworm\n|-start|p2a: Orthworm|move: Leech Seed\n|\n|-damage|p2a: Orthworm|233/266|[from] Leech Seed|[of] p1a: Tropius\n|-heal|p1a: Tropius|205/328|[silent]\n|upkeep\n|turn|9\n|\n|t:|1733854010\n|move|p1a: Tropius|Protect|p1a: Tropius\n|-singleturn|p1a: Tropius|Protect\n|move|p2a: Orthworm|Body Press|p1a: Tropius\n|-activate|p1a: Tropius|move: Protect\n|\n|-damage|p2a: Orthworm|200/266|[from] Leech Seed|[of] p1a: Tropius\n|-heal|p1a: Tropius|238/328|[silent]\n|upkeep\n|turn|10\n|\n|t:|1733854017\n|move|p2a: Orthworm|Body Press|p1a: Tropius\n|-supereffective|p1a: Tropius\n|-damage|p1a: Tropius|72/328\n|-enditem|p1a: Tropius|Sitrus Berry|[eat]\n|-heal|p1a: Tropius|154/328|[from] item: Sitrus Berry\n|move|p1a: Tropius|Substitute|p1a: Tropius\n|-start|p1a: Tropius|Substitute\n|-damage|p1a: Tropius|72/328\n|\n|-damage|p2a: Orthworm|167/266|[from] Leech Seed|[of] p1a: Tropius\n|-heal|p1a: Tropius|105/328|[silent]\n|upkeep\n|turn|11\n|\n|t:|1733854022\n|move|p1a: Tropius|Protect|p1a: Tropius\n|-singleturn|p1a: Tropius|Protect\n|move|p2a: Orthworm|Coil|p2a: Orthworm\n|-boost|p2a: Orthworm|atk|1\n|-boost|p2a: Orthworm|def|1\n|-boost|p2a: Orthworm|accuracy|1\n|\n|-damage|p2a: Orthworm|134/266|[from] Leech Seed|[of] p1a: Tropius\n|-heal|p1a: Tropius|138/328|[silent]\n|upkeep\n|turn|12\n|\n|t:|1733854026\n|move|p2a: Orthworm|Body Press|p1a: Tropius\n|-supereffective|p1a: Tropius\n|-end|p1a: Tropius|Substitute\n|move|p1a: Tropius|Air Slash|p2a: Orthworm\n|-resisted|p2a: Orthworm\n|-damage|p2a: Orthworm|81/266\n|\n|-damage|p2a: Orthworm|48/266|[from] Leech Seed|[of] p1a: Tropius\n|-heal|p1a: Tropius|171/328|[silent]\n|upkeep\n|turn|13\n|\n|t:|1733854031\n|move|p1a: Tropius|Protect|p1a: Tropius\n|-singleturn|p1a: Tropius|Protect\n|move|p2a: Orthworm|Rest|p2a: Orthworm\n|-status|p2a: Orthworm|slp|[from] move: Rest\n|-heal|p2a: Orthworm|266/266 slp|[silent]\n|-enditem|p2a: Orthworm|Chesto Berry|[eat]\n|-curestatus|p2a: Orthworm|slp|[msg]\n|\n|-damage|p2a: Orthworm|233/266|[from] Leech Seed|[of] p1a: Tropius\n|-heal|p1a: Tropius|204/328|[silent]\n|-item|p1a: Tropius|Sitrus Berry|[from] ability: Harvest\n|upkeep\n|turn|14\n|\n|t:|1733854038\n|switch|p1a: Polteageist|Polteageist, L79|224/224\n|-damage|p1a: Polteageist|196/224|[from] Stealth Rock\n|move|p2a: Orthworm|Body Press|p1a: Polteageist\n|-immune|p1a: Polteageist\n|\n|-damage|p2a: Orthworm|200/266|[from] Leech Seed|[of] p1a: Polteageist\n|-heal|p1a: Polteageist|224/224|[silent]\n|upkeep\n|turn|15\n|\n|t:|1733854045\n|move|p2a: Orthworm|Iron Tail|p1a: Polteageist\n|-damage|p1a: Polteageist|20/224\n|-start|p2a: Orthworm|Disable|Iron Tail|[from] ability: Cursed Body|[of] p1a: Polteageist\n|move|p1a: Polteageist|Shadow Ball|p2a: Orthworm\n|-damage|p2a: Orthworm|61/266\n|\n|-damage|p2a: Orthworm|28/266|[from] Leech Seed|[of] p1a: Polteageist\n|-heal|p1a: Polteageist|53/224|[silent]\n|upkeep\n|turn|16\n|\n|t:|1733854055\n|switch|p2a: Porygon2|Porygon2, L82|274/274\n|-ability|p2a: Porygon2|Download|boost\n|-boost|p2a: Porygon2|atk|1\n|move|p1a: Polteageist|Shell Smash|p1a: Polteageist\n|-unboost|p1a: Polteageist|def|1\n|-unboost|p1a: Polteageist|spd|1\n|-boost|p1a: Polteageist|atk|2\n|-boost|p1a: Polteageist|spa|2\n|-boost|p1a: Polteageist|spe|2\n|-enditem|p1a: Polteageist|White Herb\n|-clearnegativeboost|p1a: Polteageist|[silent]\n|\n|upkeep\n|turn|17\n|\n|t:|1733854066\n|move|p1a: Polteageist|Giga Drain|p2a: Porygon2\n|-damage|p2a: Porygon2|195/274\n|-heal|p1a: Polteageist|93/224|[from] drain|[of] p2a: Porygon2\n|move|p2a: Porygon2|Discharge|p1a: Polteageist\n|-damage|p1a: Polteageist|47/224\n|\n|upkeep\n|turn|18\n|\n|t:|1733854069\n|move|p1a: Polteageist|Giga Drain|p2a: Porygon2\n|-damage|p2a: Porygon2|116/274\n|-heal|p1a: Polteageist|87/224|[from] drain|[of] p2a: Porygon2\n|move|p2a: Porygon2|Discharge|p1a: Polteageist\n|-damage|p1a: Polteageist|37/224\n|-start|p2a: Porygon2|Disable|Discharge|[from] ability: Cursed Body|[of] p1a: Polteageist\n|\n|upkeep\n|turn|19\n|\n|t:|1733854072\n|move|p1a: Polteageist|Stored Power|p2a: Porygon2\n|-damage|p2a: Porygon2|0 fnt\n|faint|p2a: Porygon2\n|\n|upkeep\n|\n|t:|1733854080\n|switch|p2a: Electrode|Electrode, L92|196/260\n|turn|20\n|\n|t:|1733854085\n|move|p2a: Electrode|Thunderbolt|p1a: Polteageist\n|-crit|p1a: Polteageist\n|-damage|p1a: Polteageist|0 fnt\n|faint|p1a: Polteageist\n|\n|upkeep\n|\n|t:|1733854088\n|switch|p1a: Ursaluna|Ursaluna, L79, M|335/335\n|-damage|p1a: Ursaluna|315/335|[from] Stealth Rock\n|turn|21\n|\n|t:|1733854094\n|switch|p2a: Regigigas|Regigigas, L84|322/322\n|-start|p2a: Regigigas|ability: Slow Start\n|move|p1a: Ursaluna|Trailblaze|p2a: Regigigas\n|-damage|p2a: Regigigas|288/322\n|-boost|p1a: Ursaluna|spe|1\n|\n|-heal|p2a: Regigigas|308/322|[from] item: Leftovers\n|-status|p1a: Ursaluna|brn|[from] item: Flame Orb\n|upkeep\n|turn|22\n|\n|t:|1733854103\n|move|p1a: Ursaluna|Facade|p2a: Regigigas\n|-damage|p2a: Regigigas|80/322\n|move|p2a: Regigigas|Body Slam|p1a: Ursaluna\n|-crit|p1a: Ursaluna\n|-damage|p1a: Ursaluna|219/335 brn\n|\n|-heal|p2a: Regigigas|100/322|[from] item: Leftovers\n|-damage|p1a: Ursaluna|199/335 brn|[from] brn\n|upkeep\n|turn|23\n|\n|t:|1733854107\n|move|p1a: Ursaluna|Headlong Rush|p2a: Regigigas\n|-damage|p2a: Regigigas|0 fnt\n|-unboost|p1a: Ursaluna|def|1\n|-unboost|p1a: Ursaluna|spd|1\n|faint|p2a: Regigigas\n|-end|p2a: Regigigas|Slow Start|[silent]\n|\n|-damage|p1a: Ursaluna|179/335 brn|[from] brn\n|upkeep\n|\n|t:|1733854126\n|switch|p2a: Electrode|Electrode, L92|196/260\n|turn|24\n|\n|t:|1733854133\n|move|p2a: Electrode|Foul Play|p1a: Ursaluna\n|-damage|p1a: Ursaluna|49/335 brn\n|move|p1a: Ursaluna|Facade|p2a: Electrode\n|-crit|p2a: Electrode\n|-damage|p2a: Electrode|0 fnt\n|faint|p2a: Electrode\n|\n|-damage|p1a: Ursaluna|29/335 brn|[from] brn\n|upkeep\n|\n|t:|1733854137\n|switch|p2a: Fezandipiti|Fezandipiti, L82, M|278/278\n|turn|25\n|\n|t:|1733854142\n|move|p2a: Fezandipiti|Beat Up|p1a: Ursaluna\n|-damage|p1a: Ursaluna|16/335 brn\n|-damage|p1a: Ursaluna|3/335 brn\n|-hitcount|p1a: Ursaluna|2\n|move|p1a: Ursaluna|Facade|p2a: Fezandipiti\n|-damage|p2a: Fezandipiti|17/278\n|\n|-damage|p1a: Ursaluna|0 fnt|[from] brn\n|faint|p1a: Ursaluna\n|upkeep\n|\n|t:|1733854146\n|switch|p1a: Tropius|Tropius, L91, M, tera:Steel|204/328\n|-damage|p1a: Tropius|184/328|[from] Stealth Rock\n|turn|26\n|-message|PenixWaftor forfeited.\n|\n|win|BigBossJnack\n|raw|BigBossJnack's rating: 1973 &rarr; <strong>1996</strong><br />(+23 for winning)\n|raw|PenixWaftor's rating: 2018 &rarr; <strong>1995</strong><br />(-23 for losing)\n|l|\u2606PenixWaftor\n|player|p2|\n", "inputlog": ">version bfd83cad13791eb5a5a409923076391caf6fb4d4\n>start {\"formatid\":\"gen9randombattle\",\"seed\":[44156,9121,10969,26673],\"rated\":\"Rated battle\"}\n>player p1 {\"name\":\"BigBossJnack\",\"avatar\":\"169\",\"rating\":1973,\"seed\":[30232,43203,38634,36178]}\n>player p2 {\"name\":\"PenixWaftor\",\"avatar\":\"170\",\"rating\":2018,\"seed\":[10443,39228,63916,1675]}\n>p1 move substitute terastallize\n>p2 move beatup\n>p1 move leechseed\n>p2 move uturn\n>p2 switch 2\n>p1 move protect\n>p2 move voltswitch\n>p1 move leechseed\n>p2 move voltswitch\n>p2 switch 6\n>p1 move protect\n>p2 move rapidspin\n>p1 move substitute\n>p2 move closecombat\n>p1 move airslash\n>p2 move stealthrock\n>p2 switch 5\n>p1 move leechseed\n>p2 move bodypress\n>p1 move protect\n>p2 move bodypress\n>p1 move substitute\n>p2 move bodypress\n>p1 move protect\n>p2 move coil\n>p1 move airslash\n>p2 move bodypress\n>p1 move protect\n>p2 move rest\n>p1 switch 6\n>p2 move bodypress\n>p1 move shadowball\n>p2 move irontail\n>p1 move shellsmash\n>p2 switch 4\n>p1 move gigadrain\n>p2 move discharge\n>p1 move gigadrain\n>p2 move discharge\n>p1 move storedpower\n>p2 move recover\n>p2 switch 6\n>p1 move storedpower\n>p2 move thunderbolt\n>p1 switch 2\n>p1 move trailblaze\n>p2 switch 3\n>p1 move facade\n>p2 move bodyslam\n>p1 move headlongrush\n>p2 move bodyslam\n>p2 switch 3\n>p1 move facade\n>p2 move foulplay\n>p2 switch 2\n>p1 move facade\n>p2 move beatup\n>p1 switch 6\n>forcelose p2", "uploadtime": 1733854159, "views": 1, "formatid": "gen9randombattle", "rating": 1995, "private": 0, "password": null}