{"id": "gen9randombattle-2260841788", "format": "[Gen 9] Random Battle", "players": ["YeahitsBenAgain", "Tommy951005"], "log": "|j|\u2606YeahitsBenAgain\n|j|\u2606Tommy951005\n|t:|1733902287\n|gametype|singles\n|player|p1|YeahitsBenAgain|ninjaboy|1703\n|player|p2|Tommy951005|2|1775\n|teamsize|p1|6\n|teamsize|p2|6\n|gen|9\n|tier|[Gen 9] Random Battle\n|rated|\n|rule|Species Clause: Limit one of each Pok\u00e9mon\n|rule|HP Percentage Mod: HP is shown in percentages\n|rule|Sleep Clause Mod: Limit one foe put to sleep\n|rule|Illusion Level Mod: Illusion disguises the Pok\u00e9mon's true level\n|\n|t:|1733902287\n|start\n|switch|p1a: Terrakion|Terrakion, L79|273/273\n|switch|p2a: Magcargo|Magcargo, L95, F|268/268\n|turn|1\n|inactive|Battle timer is ON: inactive players will automatically lose when time's up. (requested by YeahitsBenAgain)\n|\n|t:|1733902304\n|switch|p2a: Minior|Minior-Green, L79|224/224\n|-formechange|p2a: Minior|Minior-Meteor||[from] ability: Shields Down\n|move|p1a: Terrakion|Earthquake|p2a: Minior\n|-immune|p2a: Minior\n|\n|upkeep\n|turn|2\n|inactive|YeahitsBenAgain has 120 seconds left.\n|\n|t:|1733902349\n|switch|p1a: Tauros|Tauros-Paldea-Combat, L82, M|257/257\n|-ability|p1a: Tauros|Intimidate|boost\n|-unboost|p2a: Minior|atk|1\n|-enditem|p2a: Minior|White Herb\n|-clearnegativeboost|p2a: Minior|[silent]\n|move|p2a: Minior|Shell Smash|p2a: Minior\n|-unboost|p2a: Minior|def|1\n|-unboost|p2a: Minior|spd|1\n|-boost|p2a: Minior|atk|2\n|-boost|p2a: Minior|spa|2\n|-boost|p2a: Minior|spe|2\n|\n|upkeep\n|turn|3\n|inactive|YeahitsBenAgain has 90 seconds left.\n|inactive|Tommy951005 has 120 seconds left.\n|\n|t:|1733902404\n|move|p2a: Minior|Acrobatics|p1a: Tauros\n|-supereffective|p1a: Tauros\n|-damage|p1a: Tauros|11/257\n|move|p1a: Tauros|Stone Edge|p2a: Minior|[miss]\n|-miss|p1a: Tauros|p2a: Minior\n|\n|upkeep\n|turn|4\n|\n|t:|1733902413\n|switch|p1a: Rhydon|Rhydon, L85, F|317/317\n|move|p2a: Minior|Acrobatics|p1a: Rhydon\n|-resisted|p1a: Rhydon\n|-damage|p1a: Rhydon|283/317\n|\n|upkeep\n|turn|5\n|inactive|YeahitsBenAgain has 90 seconds left.\n|\n|t:|1733902423\n|switch|p1a: Tauros|Tauros-Paldea-Combat, L82, M|11/257\n|-ability|p1a: Tauros|Intimidate|boost\n|-unboost|p2a: Minior|atk|1\n|move|p2a: Minior|Earthquake|p1a: Tauros\n|-damage|p1a: Tauros|0 fnt\n|faint|p1a: Tauros\n|\n|upkeep\n|inactive|YeahitsBenAgain has 90 seconds left.\n|\n|t:|1733902449\n|switch|p1a: Rhydon|Rhydon, L85, F|283/317\n|turn|6\n|\n|t:|1733902459\n|switch|p2a: Hydrapple|Hydrapple, L83, F|312/312\n|move|p1a: Rhydon|Stone Edge|p2a: Hydrapple\n|-damage|p2a: Hydrapple|195/312\n|\n|upkeep\n|turn|7\n|\n|t:|1733902472\n|move|p2a: Hydrapple|Leaf Storm|p1a: Rhydon\n|-supereffective|p1a: Rhydon\n|-damage|p1a: Rhydon|0 fnt\n|-unboost|p2a: Hydrapple|spa|2\n|faint|p1a: Rhydon\n|\n|upkeep\n|\n|t:|1733902481\n|switch|p1a: Galvantula|Galvantula, L82, M|249/249\n|turn|8\n|\n|t:|1733902489\n|switch|p2a: Entei|Entei, L78|307/307\n|move|p1a: Galvantula|Sticky Web|p2a: Entei\n|-sidestart|p2: Tommy951005|move: Sticky Web\n|\n|upkeep\n|turn|9\n|\n|t:|1733902499\n|switch|p1a: Ampharos|Ampharos, L88, F|302/302\n|move|p2a: Entei|Flare Blitz|p1a: Ampharos\n|-damage|p1a: Ampharos|122/302\n|-damage|p2a: Entei|248/307|[from] Recoil\n|\n|upkeep\n|turn|10\n|inactive|YeahitsBenAgain has 90 seconds left.\n|\n|t:|1733902521\n|switch|p1a: Terrakion|Terrakion, L79|273/273\n|move|p2a: Entei|Flare Blitz|p1a: Terrakion\n|-resisted|p1a: Terrakion\n|-damage|p1a: Terrakion|177/273\n|-damage|p2a: Entei|216/307|[from] Recoil\n|\n|upkeep\n|turn|11\n|inactive|Tommy951005 has 120 seconds left.\n|\n|t:|1733902558\n|switch|p2a: Minior|Minior-Green, L79|224/224\n|-formechange|p2a: Minior|Minior-Meteor||[from] ability: Shields Down\n|move|p1a: Terrakion|Stone Edge|p2a: Minior\n|-supereffective|p2a: Minior\n|-damage|p2a: Minior|0 fnt\n|faint|p2a: Minior\n|\n|upkeep\n|\n|t:|1733902562\n|switch|p2a: Kingdra|Kingdra, L84, F|263/263\n|-activate|p2a: Kingdra|move: Sticky Web\n|-unboost|p2a: Kingdra|spe|1\n|turn|12\n|\n|t:|1733902572\n|move|p1a: Terrakion|Stone Edge|p2a: Kingdra\n|-crit|p2a: Kingdra\n|-damage|p2a: Kingdra|23/263\n|move|p2a: Kingdra|Wave Crash|p1a: Terrakion\n|-supereffective|p1a: Terrakion\n|-damage|p1a: Terrakion|0 fnt\n|faint|p1a: Terrakion\n|-damage|p2a: Kingdra|0 fnt|[from] Recoil\n|faint|p2a: Kingdra\n|\n|upkeep\n|\n|t:|1733902589\n|switch|p1a: Ampharos|Ampharos, L88, F|122/302\n|switch|p2a: Entei|Entei, L78|216/307\n|-activate|p2a: Entei|move: Sticky Web\n|-unboost|p2a: Entei|spe|1\n|turn|13\n|\n|t:|1733902606\n|move|p1a: Ampharos|Thunderbolt|p2a: Entei\n|-damage|p2a: Entei|57/307\n|move|p2a: Entei|Flare Blitz|p1a: Ampharos\n|-damage|p1a: Ampharos|0 fnt\n|faint|p1a: Ampharos\n|-damage|p2a: Entei|17/307|[from] Recoil\n|\n|upkeep\n|\n|t:|1733902616\n|switch|p1a: Baxcalibur|Baxcalibur, L75, F|296/296\n|turn|14\n|\n|t:|1733902625\n|switch|p2a: Houndstone|Houndstone, L86, M|264/264\n|-activate|p2a: Houndstone|move: Sticky Web\n|-unboost|p2a: Houndstone|spe|1\n|move|p1a: Baxcalibur|Dragon Dance|p1a: Baxcalibur\n|-boost|p1a: Baxcalibur|atk|1\n|-boost|p1a: Baxcalibur|spe|1\n|\n|upkeep\n|turn|15\n|\n|t:|1733902640\n|move|p1a: Baxcalibur|Icicle Crash|p2a: Houndstone\n|-damage|p2a: Houndstone|120/264\n|cant|p2a: Houndstone|flinch\n|\n|-heal|p2a: Houndstone|136/264|[from] item: Leftovers\n|upkeep\n|turn|16\n|\n|t:|1733902648\n|move|p1a: Baxcalibur|Icicle Crash|p2a: Houndstone|[miss]\n|-miss|p1a: Baxcalibur|p2a: Houndstone\n|move|p2a: Houndstone|Body Press|p1a: Baxcalibur\n|-supereffective|p1a: Baxcalibur\n|-damage|p1a: Baxcalibur|176/296\n|\n|-heal|p2a: Houndstone|152/264|[from] item: Leftovers\n|upkeep\n|turn|17\n|inactive|YeahitsBenAgain has 90 seconds left.\n|\n|t:|1733902658\n|-terastallize|p2a: Houndstone|Fighting\n|move|p1a: Baxcalibur|Icicle Crash|p2a: Houndstone\n|-damage|p2a: Houndstone|23/264\n|cant|p2a: Houndstone|flinch\n|\n|-heal|p2a: Houndstone|39/264|[from] item: Leftovers\n|upkeep\n|turn|18\n|inactive|YeahitsBenAgain has 90 seconds left.\n|\n|t:|1733902670\n|move|p2a: Houndstone|Shadow Sneak|p1a: Baxcalibur\n|-damage|p1a: Baxcalibur|125/296\n|move|p1a: Baxcalibur|Glaive Rush|p2a: Houndstone\n|-damage|p2a: Houndstone|0 fnt\n|-singlemove|p1a: Baxcalibur|Glaive Rush|[silent]\n|faint|p2a: Houndstone\n|\n|upkeep\n|\n|t:|1733902680\n|switch|p2a: Hydrapple|Hydrapple, L83, F|299/312\n|-activate|p2a: Hydrapple|move: Sticky Web\n|-unboost|p2a: Hydrapple|spe|1\n|turn|19\n|\n|t:|1733902693\n|-terastallize|p1a: Baxcalibur|Dragon\n|move|p1a: Baxcalibur|Glaive Rush|p2a: Hydrapple\n|-supereffective|p2a: Hydrapple\n|-damage|p2a: Hydrapple|0 fnt\n|-singlemove|p1a: Baxcalibur|Glaive Rush|[silent]\n|faint|p2a: Hydrapple\n|\n|upkeep\n|\n|t:|1733902695\n|switch|p2a: Magcargo|Magcargo, L95, F|268/268\n|turn|20\n|\n|t:|1733902703\n|move|p1a: Baxcalibur|Earthquake|p2a: Magcargo\n|-supereffective|p2a: Magcargo\n|-damage|p2a: Magcargo|0 fnt\n|faint|p2a: Magcargo\n|\n|upkeep\n|\n|t:|1733902707\n|switch|p2a: Entei|Entei, L78|17/307\n|-activate|p2a: Entei|move: Sticky Web\n|-unboost|p2a: Entei|spe|1\n|turn|21\n|\n|t:|1733902714\n|move|p2a: Entei|Extreme Speed|p1a: Baxcalibur\n|-damage|p1a: Baxcalibur|29/296\n|move|p1a: Baxcalibur|Earthquake|p2a: Entei\n|-supereffective|p2a: Entei\n|-damage|p2a: Entei|0 fnt\n|faint|p2a: Entei\n|\n|win|YeahitsBenAgain\n|raw|YeahitsBenAgain's rating: 1703 &rarr; <strong>1728</strong><br />(+25 for winning)\n|raw|Tommy951005's rating: 1792 &rarr; <strong>1767</strong><br />(-25 for losing)\n|c|\u2606YeahitsBenAgain|Gg\n|l|\u2606Tommy951005\n|player|p2|\n", "inputlog": ">version bfd83cad13791eb5a5a409923076391caf6fb4d4\n>start {\"formatid\":\"gen9randombattle\",\"seed\":[21569,27921,12194,56968],\"rated\":\"Rated battle\"}\n>player p1 {\"name\":\"YeahitsBenAgain\",\"avatar\":\"ninjaboy\",\"rating\":1703,\"seed\":[28646,2008,20495,27138]}\n>player p2 {\"name\":\"Tommy951005\",\"avatar\":\"2\",\"rating\":1775,\"seed\":[40274,61682,37294,61509]}\n>p1 move earthquake\n>p2 switch 3\n>p1 switch 4\n>p2 move shellsmash\n>p1 move stoneedge\n>p2 move acrobatics\n>p1 switch 5\n>p2 move acrobatics\n>p1 switch 5\n>p2 move earthquake\n>p1 switch 5\n>p1 move stoneedge\n>p2 switch 5\n>p1 move megahorn\n>p2 move leafstorm\n>p1 switch 6\n>p1 move stickyweb\n>p2 switch 2\n>p1 switch 2\n>p2 move flareblitz\n>p1 switch 4\n>p2 move flareblitz\n>p1 move stoneedge\n>p2 switch 5\n>p2 switch 4\n>p1 move stoneedge\n>p2 move wavecrash\n>p1 switch 4\n>p2 switch 5\n>p1 move thunderbolt\n>p2 move flareblitz\n>p1 switch 3\n>p1 move dragondance\n>p2 switch 6\n>p1 move iciclecrash\n>p2 move bodypress\n>p1 move iciclecrash\n>p2 move bodypress\n>p1 move iciclecrash\n>p2 move bodypress terastallize\n>p1 move glaiverush\n>p2 move shadowsneak\n>p2 switch 2\n>p1 move glaiverush terastallize\n>p2 move ficklebeam\n>p2 switch 3\n>p1 move earthquake\n>p2 move powergem\n>p2 switch 6\n>p1 move earthquake\n>p2 move extremespeed", "uploadtime": 1733902739, "views": 39, "formatid": "gen9randombattle", "rating": 1728, "private": 0, "password": null}