{"id": "gen9randombattle-2250551523", "format": "[Gen 9] Random Battle", "players": ["bobbybs", "SWAGG1N"], "log": "|badge|p1|silver|gen9randombattle|30-3\n|uhtml|medal-msg|<div class=\"broadcast-blue\">Curious what those medals under the avatar are? PS now has Ladder Seasons! For more information, check out the <a href=\"https://www.smogon.com/forums/threads/3740067/\">thread on Smogon.</a></div>\n|badge|p2|silver|gen9randombattle|30-3\n|uhtml|medal-msg|<div class=\"broadcast-blue\">Curious what those medals under the avatar are? PS now has Ladder Seasons! For more information, check out the <a href=\"https://www.smogon.com/forums/threads/3740067/\">thread on Smogon.</a></div>\n|j|\u2606bobbybs\n|j|\u2606SWAGG1N\n|t:|1732508984\n|gametype|singles\n|player|p1|bobbybs|265|2398\n|player|p2|SWAGG1N|2|2385\n|teamsize|p1|6\n|teamsize|p2|6\n|gen|9\n|tier|[Gen 9] Random Battle\n|rated|\n|rule|Species Clause: Limit one of each Pok\u00e9mon\n|rule|HP Percentage Mod: HP is shown in percentages\n|rule|Sleep Clause Mod: Limit one foe put to sleep\n|rule|Illusion Level Mod: Illusion disguises the Pok\u00e9mon's true level\n|\n|t:|1732508984\n|start\n|switch|p1a: Ho-Oh|Ho-Oh, L71|268/268\n|switch|p2a: Raging Bolt|Raging Bolt, L78|323/323\n|turn|1\n|\n|t:|1732509012\n|move|p1a: Ho-Oh|Earthquake|p2a: Raging Bolt\n|-supereffective|p2a: Raging Bolt\n|-damage|p2a: Raging Bolt|193/323\n|move|p2a: Raging Bolt|Thunderbolt|p1a: Ho-Oh\n|-supereffective|p1a: Ho-Oh\n|-damage|p1a: Ho-Oh|112/268\n|\n|upkeep\n|turn|2\n|j| agewegweagwgew\n|\n|t:|1732509024\n|move|p1a: Ho-Oh|Recover|p1a: Ho-Oh\n|-heal|p1a: Ho-Oh|246/268\n|move|p2a: Raging Bolt|Thunderbolt|p1a: Ho-Oh\n|-supereffective|p1a: Ho-Oh\n|-damage|p1a: Ho-Oh|70/268\n|\n|upkeep\n|turn|3\n|\n|t:|1732509031\n|switch|p1a: Dedenne|Dedenne, L88, F|261/261\n|move|p2a: Raging Bolt|Thunderbolt|p1a: Dedenne\n|-resisted|p1a: Dedenne\n|-damage|p1a: Dedenne|193/261\n|\n|upkeep\n|turn|4\n|\n|t:|1732509039\n|-end|p2a: Raging Bolt|Protosynthesis|[silent]\n|switch|p2a: Coalossal|Coalossal, L89, M|341/341\n|move|p1a: Dedenne|Super Fang|p2a: Coalossal|[miss]\n|-miss|p1a: Dedenne|p2a: Coalossal\n|\n|upkeep\n|turn|5\n|\n|t:|1732509055\n|move|p1a: Dedenne|Super Fang|p2a: Coalossal\n|-damage|p2a: Coalossal|171/341\n|-status|p1a: Dedenne|brn|[from] ability: Flame Body|[of] p2a: Coalossal\n|move|p2a: Coalossal|Spikes|p1a: Dedenne\n|-sidestart|p1: bobbybs|Spikes\n|\n|-damage|p1a: Dedenne|177/261 brn|[from] brn\n|upkeep\n|turn|6\n|\n|t:|1732509058\n|move|p1a: Dedenne|Thunderbolt|p2a: Coalossal\n|-damage|p2a: Coalossal|81/341\n|move|p2a: Coalossal|Spikes|p1a: Dedenne\n|-sidestart|p1: bobbybs|Spikes\n|\n|-damage|p1a: Dedenne|161/261 brn|[from] brn\n|upkeep\n|turn|7\n|\n|t:|1732509070\n|switch|p2a: Raging Bolt|Raging Bolt, L78|193/323\n|move|p1a: Dedenne|Thunderbolt|p2a: Raging Bolt\n|-resisted|p2a: Raging Bolt\n|-damage|p2a: Raging Bolt|178/323\n|\n|-damage|p1a: Dedenne|145/261 brn|[from] brn\n|upkeep\n|turn|8\n|\n|t:|1732509083\n|move|p2a: Raging Bolt|Thunderclap|p1a: Dedenne\n|-resisted|p1a: Dedenne\n|-damage|p1a: Dedenne|92/261 brn\n|-enditem|p1a: Dedenne|Sitrus Berry|[eat]\n|-heal|p1a: Dedenne|157/261 brn|[from] item: Sitrus Berry\n|-heal|p1a: Dedenne|244/261 brn|[from] ability: Cheek Pouch\n|move|p1a: Dedenne|Super Fang|p2a: Raging Bolt\n|-damage|p2a: Raging Bolt|89/323\n|\n|-damage|p1a: Dedenne|228/261 brn|[from] brn\n|upkeep\n|turn|9\n|\n|t:|1732509091\n|move|p1a: Dedenne|Dazzling Gleam|p2a: Raging Bolt\n|-supereffective|p2a: Raging Bolt\n|-damage|p2a: Raging Bolt|0 fnt\n|faint|p2a: Raging Bolt\n|-end|p2a: Raging Bolt|Protosynthesis|[silent]\n|\n|-damage|p1a: Dedenne|212/261 brn|[from] brn\n|upkeep\n|\n|t:|1732509095\n|switch|p2a: Cetitan|Cetitan, L82, M|412/412\n|turn|10\n|\n|t:|1732509100\n|move|p1a: Dedenne|Super Fang|p2a: Cetitan\n|-damage|p2a: Cetitan|206/412\n|-enditem|p2a: Cetitan|Sitrus Berry|[eat]\n|-heal|p2a: Cetitan|309/412|[from] item: Sitrus Berry\n|move|p2a: Cetitan|Earthquake|p1a: Dedenne\n|-supereffective|p1a: Dedenne\n|-damage|p1a: Dedenne|20/261 brn\n|\n|-damage|p1a: Dedenne|4/261 brn|[from] brn\n|upkeep\n|turn|11\n|j| thisismydrunkacc\n|\n|t:|1732509119\n|move|p2a: Cetitan|Ice Shard|p1a: Dedenne\n|-damage|p1a: Dedenne|0 fnt\n|faint|p1a: Dedenne\n|\n|upkeep\n|\n|t:|1732509132\n|switch|p1a: Ho-Oh|Ho-Oh, L71|159/268\n|turn|12\n|\n|t:|1732509137\n|move|p1a: Ho-Oh|Sacred Fire|p2a: Cetitan\n|-supereffective|p2a: Cetitan\n|-damage|p2a: Cetitan|193/412\n|-status|p2a: Cetitan|brn\n|move|p2a: Cetitan|Belly Drum||[still]\n|-fail|p2a: Cetitan\n|\n|-damage|p2a: Cetitan|168/412 brn|[from] brn\n|upkeep\n|turn|13\n|\n|t:|1732509147\n|move|p1a: Ho-Oh|Recover|p1a: Ho-Oh\n|-heal|p1a: Ho-Oh|268/268\n|move|p2a: Cetitan|Ice Spinner|p1a: Ho-Oh\n|-damage|p1a: Ho-Oh|217/268\n|\n|-damage|p2a: Cetitan|143/412 brn|[from] brn\n|upkeep\n|turn|14\n|\n|t:|1732509175\n|move|p1a: Ho-Oh|Earthquake|p2a: Cetitan\n|-damage|p2a: Cetitan|53/412 brn\n|move|p2a: Cetitan|Ice Spinner|p1a: Ho-Oh\n|-damage|p1a: Ho-Oh|165/268\n|\n|-damage|p2a: Cetitan|28/412 brn|[from] brn\n|upkeep\n|turn|15\n|\n|t:|1732509207\n|switch|p1a: Gallade|Gallade, L81, M|243/243\n|-damage|p1a: Gallade|203/243|[from] Spikes\n|move|p2a: Cetitan|Earthquake|p1a: Gallade\n|-damage|p1a: Gallade|152/243\n|\n|-damage|p2a: Cetitan|3/412 brn|[from] brn\n|upkeep\n|turn|16\n|j| cyhsb\n|\n|t:|1732509212\n|move|p2a: Cetitan|Ice Shard|p1a: Gallade\n|-damage|p1a: Gallade|125/243\n|move|p1a: Gallade|Agility|p1a: Gallade\n|-boost|p1a: Gallade|spe|2\n|\n|-damage|p2a: Cetitan|0 fnt|[from] brn\n|faint|p2a: Cetitan\n|upkeep\n|\n|t:|1732509216\n|switch|p2a: Cramorant|Cramorant, L86, M|261/261\n|turn|17\n|\n|t:|1732509223\n|move|p1a: Gallade|Psycho Cut|p2a: Cramorant\n|-damage|p2a: Cramorant|53/261\n|-damage|p1a: Gallade|101/243|[from] item: Life Orb\n|move|p2a: Cramorant|Brave Bird|p1a: Gallade\n|-supereffective|p1a: Gallade\n|-damage|p1a: Gallade|0 fnt\n|faint|p1a: Gallade\n|-damage|p2a: Cramorant|20/261|[from] Recoil\n|\n|upkeep\n|\n|t:|1732509244\n|switch|p1a: Girafarig|Girafarig, L89, M|269/269\n|-damage|p1a: Girafarig|225/269|[from] Spikes\n|turn|18\n|\n|t:|1732509250\n|switch|p2a: Brute Bonnet|Brute Bonnet, L81|312/312\n|move|p1a: Girafarig|Nasty Plot|p1a: Girafarig\n|-boost|p1a: Girafarig|spa|2\n|\n|upkeep\n|turn|19\n|\n|t:|1732509262\n|-terastallize|p1a: Girafarig|Electric\n|move|p1a: Girafarig|Hyper Voice|p2a: Brute Bonnet\n|-damage|p2a: Brute Bonnet|123/312\n|move|p2a: Brute Bonnet|Crunch|p1a: Girafarig\n|-damage|p1a: Girafarig|111/269\n|-unboost|p1a: Girafarig|def|1\n|\n|upkeep\n|turn|20\n|\n|t:|1732509268\n|move|p1a: Girafarig|Hyper Voice|p2a: Brute Bonnet\n|-damage|p2a: Brute Bonnet|0 fnt\n|faint|p2a: Brute Bonnet\n|-end|p2a: Brute Bonnet|Protosynthesis|[silent]\n|\n|upkeep\n|\n|t:|1732509272\n|switch|p2a: Giratina|Giratina-Origin, L72|335/335\n|turn|21\n|\n|t:|1732509276\n|move|p1a: Girafarig|Psyshock|p2a: Giratina\n|-damage|p2a: Giratina|152/335\n|move|p2a: Giratina|Poltergeist|p1a: Girafarig\n|-activate|p1a: Girafarig|move: Poltergeist|Eviolite\n|-damage|p1a: Girafarig|0 fnt\n|faint|p1a: Girafarig\n|\n|upkeep\n|\n|t:|1732509338\n|switch|p1a: Ditto|Ditto, L87|225/225\n|-damage|p1a: Ditto|188/225|[from] Spikes\n|-transform|p1a: Ditto|p2a: Giratina|[from] ability: Imposter\n|turn|22\n|\n|t:|1732509345\n|switch|p2a: Coalossal|Coalossal, L89, M|81/341\n|move|p1a: Ditto|Poltergeist|p2a: Coalossal\n|-activate|p2a: Coalossal|move: Poltergeist|Heavy-Duty Boots\n|-damage|p2a: Coalossal|0 fnt\n|faint|p2a: Coalossal\n|\n|upkeep\n|\n|t:|1732509351\n|switch|p2a: Giratina|Giratina-Origin, L72|152/335\n|turn|23\n|\n|t:|1732509356\n|-terastallize|p2a: Giratina|Steel\n|move|p1a: Ditto|Poltergeist|p2a: Giratina\n|-activate|p2a: Giratina|move: Poltergeist|Griseous Core\n|-damage|p2a: Giratina|34/335\n|move|p2a: Giratina|Poltergeist|p1a: Ditto\n|-activate|p1a: Ditto|move: Poltergeist|Choice Scarf\n|-supereffective|p1a: Ditto\n|-damage|p1a: Ditto|0 fnt\n|faint|p1a: Ditto\n|\n|upkeep\n|\n|t:|1732509360\n|switch|p1a: Virizion|Virizion, L82|283/283\n|-damage|p1a: Virizion|236/283|[from] Spikes\n|turn|24\n|-message|SWAGG1N forfeited.\n|\n|win|bobbybs\n|raw|bobbybs's rating: 2398 &rarr; <strong>2417</strong><br />(+19 for winning)\n|raw|SWAGG1N's rating: 2385 &rarr; <strong>2366</strong><br />(-19 for losing)\n|l|\u2606SWAGG1N\n|player|p2|\n|l| thisismydrunkacc\n|l| cyhsb\n", "inputlog": ">version baf9aa68cbe18cf25f290680a08c9ad9c5e3e828\n>start {\"formatid\":\"gen9randombattle\",\"seed\":[7151,65394,36158,11640],\"rated\":\"Rated battle\"}\n>player p1 {\"name\":\"bobbybs\",\"avatar\":\"265\",\"rating\":2398,\"seed\":[58651,30640,30761,13312]}\n>player p2 {\"name\":\"SWAGG1N\",\"avatar\":\"2\",\"rating\":2385,\"seed\":[5318,34706,63099,16711]}\n>p1 move earthquake\n>p2 move thunderbolt\n>p1 move recover\n>p2 move thunderbolt\n>p1 switch 4\n>p2 move thunderbolt\n>p1 move superfang\n>p2 switch 6\n>p1 move superfang\n>p2 move spikes\n>p1 move thunderbolt\n>p2 move spikes\n>p1 move thunderbolt\n>p2 switch 6\n>p1 move superfang\n>p2 move thunderclap\n>p1 move dazzlinggleam\n>p2 move thunderbolt\n>p2 switch 5\n>p1 move superfang\n>p2 move earthquake\n>p1 move thunderbolt\n>p2 move iceshard\n>p1 switch 4\n>p1 move sacredfire\n>p2 move bellydrum\n>p1 move recover\n>p2 move icespinner\n>p1 move earthquake\n>p2 move icespinner\n>p1 switch 3\n>p2 move earthquake\n>p1 move agility\n>p2 move iceshard\n>p2 switch 2\n>p1 move psychocut\n>p2 move bravebird\n>p1 switch 2\n>p1 move nastyplot\n>p2 switch 3\n>p1 move hypervoice terastallize\n>p2 move crunch\n>p1 move hypervoice\n>p2 move crunch\n>p2 switch 4\n>p1 move psyshock\n>p2 move poltergeist\n>p1 switch 6\n>p1 move poltergeist\n>p2 switch 6\n>p2 switch 6\n>p1 move poltergeist\n>p2 move poltergeist terastallize\n>p1 switch 5\n>forcelose p2", "uploadtime": 1732509390, "views": 40, "formatid": "gen9randombattle", "rating": 2366, "private": 0, "password": null}