{"id": "gen9randombattle-2260353277", "format": "[Gen 9] Random Battle", "players": ["fatherof2ttv", "Scoob Parsons"], "log": "|j|\u2606fatherof2ttv\n|j|\u2606Scoob Parsons\n|t:|1733843152\n|gametype|singles\n|player|p1|fatherof2ttv|170|1048\n|player|p2|Scoob Parsons|dragontamer|1067\n|teamsize|p1|6\n|teamsize|p2|6\n|gen|9\n|tier|[Gen 9] Random Battle\n|rated|\n|rule|Species Clause: Limit one of each Pok\u00e9mon\n|rule|HP Percentage Mod: HP is shown in percentages\n|rule|Sleep Clause Mod: Limit one foe put to sleep\n|rule|Illusion Level Mod: Illusion disguises the Pok\u00e9mon's true level\n|\n|t:|1733843152\n|start\n|switch|p1a: Volbeat|Volbeat, L90, M|263/263\n|switch|p2a: Hypno|Hypno, L95, F|315/315\n|turn|1\n|\n|t:|1733843163\n|move|p1a: Volbeat|Thunder Wave|p2a: Hypno\n|-status|p2a: Hypno|par\n|move|p2a: Hypno|Knock Off|p1a: Volbeat\n|-damage|p1a: Volbeat|190/263\n|-enditem|p1a: Volbeat|Heavy-Duty Boots|[from] move: Knock Off|[of] p2a: Hypno\n|\n|upkeep\n|turn|2\n|\n|t:|1733843171\n|move|p1a: Volbeat|Encore|p2a: Hypno\n|-start|p2a: Hypno|Encore\n|cant|p2a: Hypno|par\n|\n|upkeep\n|turn|3\n|\n|t:|1733843176\n|move|p1a: Volbeat|Roost|p1a: Volbeat\n|-heal|p1a: Volbeat|263/263\n|-singleturn|p1a: Volbeat|move: Roost\n|move|p2a: Hypno|Knock Off|p1a: Volbeat\n|-damage|p1a: Volbeat|210/263\n|\n|upkeep\n|turn|4\n|\n|t:|1733843184\n|move|p1a: Volbeat|U-turn|p2a: Hypno\n|-supereffective|p2a: Hypno\n|-damage|p2a: Hypno|169/315 par\n|\n|t:|1733843194\n|switch|p1a: Camerupt|Camerupt, L91, F|275/275|[from] U-turn\n|cant|p2a: Hypno|par\n|\n|-heal|p2a: Hypno|188/315 par|[from] item: Leftovers\n|-end|p2a: Hypno|Encore\n|upkeep\n|turn|5\n|\n|t:|1733843205\n|move|p1a: Camerupt|Stealth Rock|p2a: Hypno\n|-sidestart|p2: Scoob Parsons|move: Stealth Rock\n|move|p2a: Hypno|Toxic|p1a: Camerupt\n|-status|p1a: Camerupt|tox\n|\n|-heal|p2a: Hypno|207/315 par|[from] item: Leftovers\n|-damage|p1a: Camerupt|258/275 tox|[from] psn\n|upkeep\n|turn|6\n|\n|t:|1733843213\n|cant|p2a: Hypno|par\n|move|p1a: Camerupt|Roar|p2a: Hypno\n|drag|p2a: Grafaiai|Grafaiai, L86, M|249/249\n|-damage|p2a: Grafaiai|218/249|[from] Stealth Rock\n|\n|-heal|p1a: Camerupt|275/275 tox|[from] item: Leftovers\n|-damage|p1a: Camerupt|241/275 tox|[from] psn\n|upkeep\n|turn|7\n|\n|t:|1733843228\n|move|p2a: Grafaiai|Knock Off|p1a: Camerupt\n|-damage|p1a: Camerupt|147/275 tox\n|-enditem|p1a: Camerupt|Leftovers|[from] move: Knock Off|[of] p2a: Grafaiai\n|-damage|p2a: Grafaiai|194/249|[from] item: Life Orb\n|move|p1a: Camerupt|Roar|p2a: Grafaiai\n|drag|p2a: Regice|Regice, L88|284/284\n|\n|-damage|p1a: Camerupt|96/275 tox|[from] psn\n|upkeep\n|turn|8\n|\n|t:|1733843244\n|move|p2a: Regice|Ice Beam|p1a: Camerupt\n|-damage|p1a: Camerupt|0 fnt\n|faint|p1a: Camerupt\n|\n|upkeep\n|\n|t:|1733843249\n|switch|p1a: Volbeat|Volbeat, L90, M|210/263\n|turn|9\n|\n|t:|1733843252\n|move|p1a: Volbeat|Thunder Wave|p2a: Regice\n|-status|p2a: Regice|par\n|move|p2a: Regice|Body Press|p1a: Volbeat\n|-resisted|p1a: Volbeat\n|-damage|p1a: Volbeat|179/263\n|\n|upkeep\n|turn|10\n|\n|t:|1733843260\n|move|p1a: Volbeat|Encore|p2a: Regice\n|-start|p2a: Regice|Encore\n|move|p2a: Regice|Body Press|p1a: Volbeat\n|-resisted|p1a: Volbeat\n|-damage|p1a: Volbeat|146/263\n|\n|upkeep\n|turn|11\n|\n|t:|1733843274\n|switch|p2a: Palkia|Palkia-Origin, L72|249/249\n|-damage|p2a: Palkia|218/249|[from] Stealth Rock\n|-ability|p2a: Palkia|Pressure\n|move|p1a: Volbeat|Roost|p1a: Volbeat\n|-heal|p1a: Volbeat|263/263\n|-singleturn|p1a: Volbeat|move: Roost\n|\n|upkeep\n|turn|12\n|\n|t:|1733843286\n|move|p1a: Volbeat|Thunder Wave|p2a: Palkia\n|-status|p2a: Palkia|par\n|move|p2a: Palkia|Fire Blast|p1a: Volbeat\n|-supereffective|p1a: Volbeat\n|-damage|p1a: Volbeat|99/263\n|\n|upkeep\n|turn|13\n|\n|t:|1733843295\n|switch|p1a: Smeargle|Smeargle, L95, F|258/258\n|cant|p2a: Palkia|par\n|\n|upkeep\n|turn|14\n|\n|t:|1733843302\n|move|p1a: Smeargle|Sticky Web|p2a: Palkia\n|-sidestart|p2: Scoob Parsons|move: Sticky Web\n|cant|p2a: Palkia|par\n|\n|upkeep\n|turn|15\n|\n|t:|1733843313\n|move|p1a: Smeargle|Ceaseless Edge|p2a: Palkia\n|-damage|p2a: Palkia|193/249 par\n|-sidestart|p2: Scoob Parsons|Spikes\n|cant|p2a: Palkia|par\n|\n|upkeep\n|turn|16\n|c|\u2606Scoob Parsons|bruh\n|\n|t:|1733843322\n|move|p1a: Smeargle|Ceaseless Edge|p2a: Palkia\n|-damage|p2a: Palkia|169/249 par\n|-sidestart|p2: Scoob Parsons|Spikes\n|move|p2a: Palkia|Draco Meteor|p1a: Smeargle\n|-crit|p1a: Smeargle\n|-enditem|p1a: Smeargle|Focus Sash\n|-damage|p1a: Smeargle|1/258\n|-unboost|p2a: Palkia|spa|2\n|\n|upkeep\n|turn|17\n|\n|t:|1733843335\n|move|p1a: Smeargle|Ceaseless Edge|p2a: Palkia\n|-damage|p2a: Palkia|144/249 par\n|-sidestart|p2: Scoob Parsons|Spikes\n|cant|p2a: Palkia|par\n|\n|upkeep\n|turn|18\n|\n|t:|1733843344\n|move|p2a: Palkia|Fire Blast|p1a: Smeargle\n|-damage|p1a: Smeargle|0 fnt\n|faint|p1a: Smeargle\n|\n|upkeep\n|\n|t:|1733843357\n|switch|p1a: Flygon|Flygon, L82, M|265/265\n|turn|19\n|\n|t:|1733843366\n|move|p1a: Flygon|Dragon Dance|p1a: Flygon\n|-boost|p1a: Flygon|atk|1\n|-boost|p1a: Flygon|spe|1\n|move|p2a: Palkia|Draco Meteor|p1a: Flygon\n|-supereffective|p1a: Flygon\n|-damage|p1a: Flygon|79/265\n|-unboost|p2a: Palkia|spa|2\n|\n|upkeep\n|turn|20\n|\n|t:|1733843377\n|move|p1a: Flygon|Outrage|p2a: Palkia\n|-supereffective|p2a: Palkia\n|-damage|p2a: Palkia|0 fnt\n|faint|p2a: Palkia\n|\n|upkeep\n|\n|t:|1733843382\n|switch|p2a: Regice|Regice, L88|284/284 par\n|turn|21\n|\n|t:|1733843385\n|move|p1a: Flygon|Outrage|p2a: Regice|[from]lockedmove\n|-damage|p2a: Regice|137/284 par\n|move|p2a: Regice|Ice Beam|p1a: Flygon\n|-supereffective|p1a: Flygon\n|-damage|p1a: Flygon|0 fnt\n|faint|p1a: Flygon\n|\n|upkeep\n|\n|t:|1733843398\n|switch|p1a: Plusle|Plusle, L95, M|268/268\n|turn|22\n|\n|t:|1733843406\n|move|p1a: Plusle|Nasty Plot|p1a: Plusle\n|-boost|p1a: Plusle|spa|2\n|cant|p2a: Regice|par\n|\n|upkeep\n|turn|23\n|\n|t:|1733843413\n|move|p1a: Plusle|Thunderbolt|p2a: Regice\n|-damage|p2a: Regice|0 fnt\n|faint|p2a: Regice\n|-damage|p1a: Plusle|242/268|[from] item: Life Orb\n|\n|upkeep\n|\n|t:|1733843420\n|switch|p2a: Hypno|Hypno, L95, F|207/315 par\n|-damage|p2a: Hypno|168/315 par|[from] Stealth Rock\n|-activate|p2a: Hypno|move: Sticky Web\n|-unboost|p2a: Hypno|spe|1\n|-damage|p2a: Hypno|90/315 par|[from] Spikes\n|turn|24\n|\n|t:|1733843427\n|move|p1a: Plusle|Thunderbolt|p2a: Hypno\n|-damage|p2a: Hypno|0 fnt\n|faint|p2a: Hypno\n|-damage|p1a: Plusle|216/268|[from] item: Life Orb\n|\n|upkeep\n|\n|t:|1733843437\n|switch|p2a: Grafaiai|Grafaiai, L86, M|194/249\n|-damage|p2a: Grafaiai|163/249|[from] Stealth Rock\n|-activate|p2a: Grafaiai|move: Sticky Web\n|-unboost|p2a: Grafaiai|spe|1\n|-damage|p2a: Grafaiai|101/249|[from] Spikes\n|turn|25\n|\n|t:|1733843446\n|move|p1a: Plusle|Thunderbolt|p2a: Grafaiai\n|-damage|p2a: Grafaiai|0 fnt\n|faint|p2a: Grafaiai\n|-damage|p1a: Plusle|190/268|[from] item: Life Orb\n|\n|upkeep\n|\n|t:|1733843453\n|switch|p2a: Muk|Muk, L86, M|321/321\n|-damage|p2a: Muk|281/321|[from] Stealth Rock\n|-activate|p2a: Muk|move: Sticky Web\n|-unboost|p2a: Muk|spe|1\n|-damage|p2a: Muk|201/321|[from] Spikes\n|turn|26\n|\n|t:|1733843464\n|move|p1a: Plusle|Thunderbolt|p2a: Muk\n|-damage|p2a: Muk|45/321\n|-damage|p1a: Plusle|164/268|[from] item: Life Orb\n|move|p2a: Muk|Ice Punch|p1a: Plusle\n|-damage|p1a: Plusle|72/268\n|\n|upkeep\n|turn|27\n|\n|t:|1733843481\n|-terastallize|p1a: Plusle|Electric\n|move|p1a: Plusle|Thunderbolt|p2a: Muk\n|-damage|p2a: Muk|0 fnt\n|faint|p2a: Muk\n|-damage|p1a: Plusle|46/268|[from] item: Life Orb\n|\n|upkeep\n|\n|t:|1733843495\n|switch|p2a: Iron Leaves|Iron Leaves, L80|275/275\n|-damage|p2a: Iron Leaves|241/275|[from] Stealth Rock\n|-activate|p2a: Iron Leaves|move: Sticky Web\n|-unboost|p2a: Iron Leaves|spe|1\n|-damage|p2a: Iron Leaves|173/275|[from] Spikes\n|turn|28\n|\n|t:|1733843506\n|-terastallize|p2a: Iron Leaves|Fighting\n|move|p1a: Plusle|Thunderbolt|p2a: Iron Leaves\n|-damage|p2a: Iron Leaves|0 fnt\n|faint|p2a: Iron Leaves\n|-end|p2a: Iron Leaves|Quark Drive|[silent]\n|-damage|p1a: Plusle|20/268|[from] item: Life Orb\n|\n|win|fatherof2ttv\n|raw|fatherof2ttv's rating: 1048 &rarr; <strong>1083</strong><br />(+35 for winning)\n|raw|Scoob Parsons's rating: 1067 &rarr; <strong>1046</strong><br />(-21 for losing)\n|l|\u2606Scoob Parsons\n|player|p2|\n", "inputlog": ">version bfd83cad13791eb5a5a409923076391caf6fb4d4\n>start {\"formatid\":\"gen9randombattle\",\"seed\":[63989,38324,5569,1823],\"rated\":\"Rated battle\"}\n>player p1 {\"name\":\"fatherof2ttv\",\"avatar\":\"170\",\"rating\":1048,\"seed\":[15554,43744,39887,33340]}\n>player p2 {\"name\":\"Scoob Parsons\",\"avatar\":\"dragontamer\",\"rating\":1067,\"seed\":[54398,38796,38912,32426]}\n>p1 move thunderwave\n>p2 move knockoff\n>p1 move encore\n>p2 move toxic\n>p1 move roost\n>p2 move knockoff\n>p1 move uturn\n>p2 move knockoff\n>p1 switch 5\n>p1 move stealthrock\n>p2 move toxic\n>p1 move roar\n>p2 move knockoff\n>p1 move roar\n>p2 move knockoff\n>p1 move overheat\n>p2 move icebeam\n>p1 switch 5\n>p1 move thunderwave\n>p2 move bodypress\n>p1 move encore\n>p2 move icebeam\n>p1 move roost\n>p2 switch 2\n>p1 move thunderwave\n>p2 move fireblast\n>p1 switch 6\n>p2 move fireblast\n>p1 move stickyweb\n>p2 move dracometeor\n>p1 move ceaselessedge\n>p2 move dracometeor\n>chat \u2606Scoob Parsons|bruh\n>p1 move ceaselessedge\n>p2 move dracometeor\n>p1 move ceaselessedge\n>p2 move fireblast\n>p1 move whirlwind\n>p2 move fireblast\n>p1 switch 4\n>p1 move dragondance\n>p2 move dracometeor\n>p1 move outrage\n>p2 move dracometeor\n>p2 switch 2\n>p1 move outrage\n>p2 move icebeam\n>p1 switch 3\n>p1 move nastyplot\n>p2 move bodypress\n>p1 move thunderbolt\n>p2 move bodypress\n>p2 switch 6\n>p1 move thunderbolt\n>p2 move toxic\n>p2 switch 3\n>p1 move thunderbolt\n>p2 move lowkick\n>p2 switch 5\n>p1 move thunderbolt\n>p2 move icepunch\n>p1 move thunderbolt terastallize\n>p2 move knockoff\n>p2 switch 4\n>p1 move thunderbolt\n>p2 move psyblade terastallize", "uploadtime": 1733843519, "views": 4, "formatid": "gen9randombattle", "rating": 1046, "private": 0, "password": null}