{"id": "gen9randombattle-2260471814", "format": "[Gen 9] Random Battle", "players": ["Andras14", "jvcxbbattles"], "log": "|j|\u2606Andras14\n|j|\u203djvcxbbattles\n|t:|1733854888\n|gametype|singles\n|player|p1|Andras14|harlequin|1332\n|player|p2|jvcxbbattles|2|1294\n|teamsize|p1|6\n|teamsize|p2|6\n|gen|9\n|tier|[Gen 9] Random Battle\n|rated|\n|rule|Species Clause: Limit one of each Pok\u00e9mon\n|rule|HP Percentage Mod: HP is shown in percentages\n|rule|Sleep Clause Mod: Limit one foe put to sleep\n|rule|Illusion Level Mod: Illusion disguises the Pok\u00e9mon's true level\n|\n|t:|1733854888\n|start\n|switch|p1a: Passimian|Passimian, L83, F|302/302\n|switch|p2a: Amoonguss|Amoonguss, L82, F|321/321\n|turn|1\n|inactive|Battle timer is ON: inactive players will automatically lose when time's up. (requested by Andras14)\n|\n|t:|1733854899\n|move|p1a: Passimian|Knock Off|p2a: Amoonguss\n|-damage|p2a: Amoonguss|222/321\n|-enditem|p2a: Amoonguss|Leftovers|[from] move: Knock Off|[of] p1a: Passimian\n|move|p2a: Amoonguss|Spore|p1a: Passimian\n|-status|p1a: Passimian|slp|[from] move: Spore\n|\n|upkeep\n|turn|2\n|\n|t:|1733854906\n|cant|p1a: Passimian|slp\n|move|p2a: Amoonguss|Sludge Bomb|p1a: Passimian\n|-damage|p1a: Passimian|184/302 slp\n|\n|-heal|p1a: Passimian|202/302 slp|[from] item: Leftovers\n|upkeep\n|turn|3\n|\n|t:|1733854914\n|-curestatus|p1a: Passimian|slp|[msg]\n|move|p1a: Passimian|Gunk Shot|p2a: Amoonguss|[miss]\n|-miss|p1a: Passimian|p2a: Amoonguss\n|move|p2a: Amoonguss|Giga Drain|p1a: Passimian\n|-damage|p1a: Passimian|117/302\n|-heal|p2a: Amoonguss|265/321|[from] drain|[of] p1a: Passimian\n|\n|-heal|p1a: Passimian|135/302|[from] item: Leftovers\n|upkeep\n|turn|4\n|\n|t:|1733854930\n|-terastallize|p2a: Amoonguss|Water\n|move|p1a: Passimian|Gunk Shot|p2a: Amoonguss\n|-damage|p2a: Amoonguss|146/321\n|move|p2a: Amoonguss|Toxic|p1a: Passimian\n|-status|p1a: Passimian|tox\n|\n|-heal|p1a: Passimian|153/302 tox|[from] item: Leftovers\n|-damage|p1a: Passimian|135/302 tox|[from] psn\n|upkeep\n|turn|5\n|\n|t:|1733854942\n|move|p1a: Passimian|Drain Punch|p2a: Amoonguss\n|-damage|p2a: Amoonguss|32/321\n|-heal|p1a: Passimian|192/302 tox|[from] drain|[of] p2a: Amoonguss\n|move|p2a: Amoonguss|Giga Drain|p1a: Passimian\n|-damage|p1a: Passimian|93/302 tox\n|-heal|p2a: Amoonguss|82/321|[from] drain|[of] p1a: Passimian\n|\n|-heal|p1a: Passimian|111/302 tox|[from] item: Leftovers\n|-damage|p1a: Passimian|75/302 tox|[from] psn\n|upkeep\n|turn|6\n|\n|t:|1733854955\n|switch|p2a: Froslass|Froslass, L87, F|263/263\n|move|p1a: Passimian|Knock Off|p2a: Froslass\n|-supereffective|p2a: Froslass\n|-damage|p2a: Froslass|83/263\n|-enditem|p2a: Froslass|Wide Lens|[from] move: Knock Off|[of] p1a: Passimian\n|\n|-heal|p1a: Passimian|93/302 tox|[from] item: Leftovers\n|-damage|p1a: Passimian|39/302 tox|[from] psn\n|upkeep\n|turn|7\n|\n|t:|1733854967\n|switch|p2a: Amoonguss|Amoonguss, L82, F, tera:Water|189/321\n|move|p1a: Passimian|Knock Off|p2a: Amoonguss\n|-damage|p2a: Amoonguss|127/321\n|\n|-heal|p1a: Passimian|57/302 tox|[from] item: Leftovers\n|-damage|p1a: Passimian|0 fnt|[from] psn\n|faint|p1a: Passimian\n|upkeep\n|\n|t:|1733854977\n|switch|p1a: Serperior|Serperior, L79, M|248/248\n|turn|8\n|\n|t:|1733854987\n|move|p1a: Serperior|Leaf Storm|p2a: Amoonguss\n|-supereffective|p2a: Amoonguss\n|-damage|p2a: Amoonguss|0 fnt\n|-boost|p1a: Serperior|spa|2\n|faint|p2a: Amoonguss\n|-damage|p1a: Serperior|224/248|[from] item: Life Orb\n|\n|upkeep\n|\n|t:|1733855003\n|switch|p2a: Heatran|Heatran, L79, F|273/273\n|-item|p2a: Heatran|Air Balloon\n|turn|9\n|\n|t:|1733855010\n|-terastallize|p1a: Serperior|Dragon\n|move|p1a: Serperior|Dragon Pulse|p2a: Heatran\n|-resisted|p2a: Heatran\n|-damage|p2a: Heatran|202/273\n|-enditem|p2a: Heatran|Air Balloon\n|-damage|p1a: Serperior|200/248|[from] item: Life Orb\n|move|p2a: Heatran|Stealth Rock|p1a: Serperior\n|-sidestart|p1: Andras14|move: Stealth Rock\n|\n|upkeep\n|turn|10\n|\n|t:|1733855024\n|move|p1a: Serperior|Glare|p2a: Heatran\n|-status|p2a: Heatran|par\n|move|p2a: Heatran|Flash Cannon|p1a: Serperior\n|-damage|p1a: Serperior|113/248\n|\n|upkeep\n|turn|11\n|\n|t:|1733855030\n|move|p1a: Serperior|Synthesis|p1a: Serperior\n|-heal|p1a: Serperior|237/248\n|move|p2a: Heatran|Magma Storm|p1a: Serperior\n|-resisted|p1a: Serperior\n|-damage|p1a: Serperior|180/248\n|-activate|p1a: Serperior|move: Magma Storm|[of] p2a: Heatran\n|\n|-damage|p1a: Serperior|149/248|[from] move: Magma Storm|[partiallytrapped]\n|upkeep\n|turn|12\n|\n|t:|1733855041\n|move|p1a: Serperior|Leaf Storm|p2a: Heatran\n|-resisted|p2a: Heatran\n|-damage|p2a: Heatran|142/273 par\n|-boost|p1a: Serperior|spa|2\n|-damage|p1a: Serperior|125/248|[from] item: Life Orb\n|move|p2a: Heatran|Flash Cannon|p1a: Serperior\n|-damage|p1a: Serperior|35/248\n|\n|-damage|p1a: Serperior|4/248|[from] move: Magma Storm|[partiallytrapped]\n|upkeep\n|turn|13\n|\n|t:|1733855057\n|move|p1a: Serperior|Dragon Pulse|p2a: Heatran\n|-resisted|p2a: Heatran\n|-damage|p2a: Heatran|22/273 par\n|-damage|p1a: Serperior|0 fnt|[from] item: Life Orb\n|faint|p1a: Serperior\n|move|p2a: Heatran|Flash Cannon|p1: Serperior|[notarget]\n|-fail|p2a: Heatran\n|\n|upkeep\n|\n|t:|1733855070\n|switch|p1a: Furret|Furret, L94, M|312/312\n|-damage|p1a: Furret|273/312|[from] Stealth Rock\n|turn|14\n|\n|t:|1733855075\n|move|p1a: Furret|Tidy Up|p1a: Furret\n|-sideend|p1: Andras14|Stealth Rock\n|-activate|p1a: Furret|move: Tidy Up\n|-boost|p1a: Furret|atk|1\n|-boost|p1a: Furret|spe|1\n|cant|p2a: Heatran|par\n|\n|upkeep\n|turn|15\n|\n|t:|1733855082\n|move|p1a: Furret|Brick Break|p2a: Heatran\n|-supereffective|p2a: Heatran\n|-damage|p2a: Heatran|0 fnt\n|faint|p2a: Heatran\n|-damage|p1a: Furret|242/312|[from] item: Life Orb\n|\n|upkeep\n|\n|t:|1733855087\n|switch|p2a: Froslass|Froslass, L87, F|83/263\n|turn|16\n|\n|t:|1733855092\n|move|p1a: Furret|Knock Off|p2a: Froslass\n|-supereffective|p2a: Froslass\n|-damage|p2a: Froslass|0 fnt\n|-start|p1a: Furret|Disable|Knock Off|[from] ability: Cursed Body|[of] p2a: Froslass\n|faint|p2a: Froslass\n|-damage|p1a: Furret|211/312|[from] item: Life Orb\n|\n|upkeep\n|\n|t:|1733855095\n|switch|p2a: Chi-Yu|Chi-Yu, L77|211/211\n|-ability|p2a: Chi-Yu|Beads of Ruin\n|turn|17\n|\n|t:|1733855103\n|move|p1a: Furret|Double-Edge|p2a: Chi-Yu\n|-damage|p2a: Chi-Yu|0 fnt\n|faint|p2a: Chi-Yu\n|-damage|p1a: Furret|141/312|[from] Recoil\n|-damage|p1a: Furret|110/312|[from] item: Life Orb\n|\n|upkeep\n|\n|t:|1733855109\n|switch|p2a: Kommo-o|Kommo-o, L78, F|245/245\n|turn|18\n|\n|t:|1733855113\n|move|p1a: Furret|Double-Edge|p2a: Kommo-o\n|-damage|p2a: Kommo-o|38/245\n|-damage|p1a: Furret|42/312|[from] Recoil\n|-damage|p1a: Furret|11/312|[from] item: Life Orb\n|move|p2a: Kommo-o|Swords Dance|p2a: Kommo-o\n|-boost|p2a: Kommo-o|atk|2\n|\n|upkeep\n|turn|19\n|\n|t:|1733855122\n|move|p1a: Furret|Double-Edge|p2a: Kommo-o\n|-damage|p2a: Kommo-o|0 fnt\n|faint|p2a: Kommo-o\n|-damage|p1a: Furret|0 fnt|[from] Recoil\n|faint|p1a: Furret\n|\n|upkeep\n|\n|t:|1733855130\n|switch|p1a: Tropius|Tropius, L91, F|328/328\n|switch|p2a: Meganium|Meganium, L90, F|290/290\n|turn|20\n|\n|t:|1733855136\n|move|p2a: Meganium|Swords Dance|p2a: Meganium\n|-boost|p2a: Meganium|atk|2\n|move|p1a: Tropius|Substitute|p1a: Tropius\n|-start|p1a: Tropius|Substitute\n|-damage|p1a: Tropius|246/328\n|\n|upkeep\n|turn|21\n|\n|t:|1733855143\n|move|p2a: Meganium|Knock Off|p1a: Tropius\n|-end|p1a: Tropius|Substitute\n|-damage|p2a: Meganium|261/290|[from] item: Life Orb\n|move|p1a: Tropius|Air Slash|p2a: Meganium\n|-supereffective|p2a: Meganium\n|-damage|p2a: Meganium|127/290\n|\n|upkeep\n|turn|22\n|\n|t:|1733855151\n|move|p1a: Tropius|Protect|p1a: Tropius\n|-singleturn|p1a: Tropius|Protect\n|move|p2a: Meganium|Knock Off|p1a: Tropius\n|-activate|p1a: Tropius|move: Protect\n|\n|upkeep\n|turn|23\n|\n|t:|1733855157\n|move|p2a: Meganium|Knock Off|p1a: Tropius\n|-damage|p1a: Tropius|78/328\n|-enditem|p1a: Tropius|Sitrus Berry|[from] move: Knock Off|[of] p2a: Meganium\n|-damage|p2a: Meganium|98/290|[from] item: Life Orb\n|move|p1a: Tropius|Air Slash|p2a: Meganium\n|-supereffective|p2a: Meganium\n|-damage|p2a: Meganium|0 fnt\n|faint|p2a: Meganium\n|\n|win|Andras14\n|raw|Andras14's rating: 1332 &rarr; <strong>1350</strong><br />(+18 for winning)\n|raw|jvcxbbattles's rating: 1294 &rarr; <strong>1272</strong><br />(-22 for losing)\n|l|\u203djvcxbbattles\n|player|p2|\n", "inputlog": ">version bfd83cad13791eb5a5a409923076391caf6fb4d4\n>start {\"formatid\":\"gen9randombattle\",\"seed\":[45442,51272,17028,47928],\"rated\":\"Rated battle\"}\n>player p1 {\"name\":\"Andras14\",\"avatar\":\"harlequin\",\"rating\":1332,\"seed\":[40986,51151,11778,2663]}\n>player p2 {\"name\":\"jvcxbbattles\",\"avatar\":\"2\",\"rating\":1294,\"seed\":[64633,19327,32478,18992]}\n>p1 move knockoff\n>p2 move spore\n>p1 move gunkshot\n>p2 move sludgebomb\n>p1 move gunkshot\n>p2 move gigadrain\n>p1 move gunkshot\n>p2 move toxic terastallize\n>p1 move drainpunch\n>p2 move gigadrain\n>p1 move knockoff\n>p2 switch 2\n>p1 move knockoff\n>p2 switch 2\n>p1 switch 4\n>p1 move leafstorm\n>p2 move toxic\n>p2 switch 4\n>p1 move dragonpulse terastallize\n>p2 move stealthrock\n>p1 move glare\n>p2 move flashcannon\n>p1 move synthesis\n>p2 move magmastorm\n>p1 move leafstorm\n>p2 move flashcannon\n>p1 move dragonpulse\n>p2 move flashcannon\n>p1 switch 6\n>p1 move tidyup\n>p2 move magmastorm\n>p1 move brickbreak\n>p2 move magmastorm\n>p2 switch 2\n>p1 move knockoff\n>p2 move willowisp\n>p2 switch 3\n>p1 move doubleedge\n>p2 move willowisp\n>p2 switch 6\n>p1 move doubleedge\n>p2 move swordsdance\n>p1 move doubleedge\n>p2 move closecombat\n>p1 switch 2\n>p2 switch 5\n>p1 move substitute\n>p2 move swordsdance\n>p1 move airslash\n>p2 move knockoff\n>p1 move protect\n>p2 move knockoff\n>p1 move airslash\n>p2 move knockoff", "uploadtime": 1733855166, "views": 1, "formatid": "gen9randombattle", "rating": 1272, "private": 0, "password": null}