{"id": "gen9randombattle-2260386588", "format": "[Gen 9] Random Battle", "players": ["Dnajsje", "fenix704"], "log": "|j|\u2606Dnajsje\n|j|\u2606fenix704\n|t:|1733846554\n|gametype|singles\n|player|p1|Dnajsje|101|1040\n|player|p2|fenix704|supernerd|1079\n|teamsize|p1|6\n|teamsize|p2|6\n|gen|9\n|tier|[Gen 9] Random Battle\n|rated|\n|rule|Species Clause: Limit one of each Pok\u00e9mon\n|rule|HP Percentage Mod: HP is shown in percentages\n|rule|Sleep Clause Mod: Limit one foe put to sleep\n|rule|Illusion Level Mod: Illusion disguises the Pok\u00e9mon's true level\n|\n|t:|1733846554\n|start\n|switch|p1a: Porygon-Z|Porygon-Z, L83|277/277\n|switch|p2a: Sceptile|Sceptile, L87, M|264/264\n|turn|1\n|\n|t:|1733846583\n|switch|p2a: Floatzel|Floatzel, L85, F|283/283\n|move|p1a: Porygon-Z|Nasty Plot|p1a: Porygon-Z\n|-boost|p1a: Porygon-Z|spa|2\n|\n|upkeep\n|turn|2\n|\n|t:|1733846595\n|move|p2a: Floatzel|Flip Turn|p1a: Porygon-Z\n|-damage|p1a: Porygon-Z|144/277\n|\n|t:|1733846598\n|switch|p2a: Mudsdale|Mudsdale, L84, M|305/305|[from] Flip Turn\n|move|p1a: Porygon-Z|Thunderbolt|p2a: Mudsdale\n|-immune|p2a: Mudsdale\n|\n|upkeep\n|turn|3\n|\n|t:|1733846610\n|move|p1a: Porygon-Z|Ice Beam|p2a: Mudsdale\n|-supereffective|p2a: Mudsdale\n|-damage|p2a: Mudsdale|0 fnt\n|faint|p2a: Mudsdale\n|-damage|p1a: Porygon-Z|117/277|[from] item: Life Orb\n|\n|upkeep\n|\n|t:|1733846620\n|switch|p2a: Typhlosion|Typhlosion, L84, F|267/267\n|turn|4\n|\n|t:|1733846630\n|move|p2a: Typhlosion|Eruption|p1a: Porygon-Z\n|-damage|p1a: Porygon-Z|0 fnt\n|faint|p1a: Porygon-Z\n|\n|upkeep\n|\n|t:|1733846639\n|switch|p1a: Wugtrio|Wugtrio, L91, M|212/212\n|turn|5\n|\n|t:|1733846650\n|switch|p2a: Sceptile|Sceptile, L87, M|264/264\n|move|p1a: Wugtrio|Throat Chop|p2a: Sceptile\n|-damage|p2a: Sceptile|139/264\n|-start|p2a: Sceptile|Throat Chop|[silent]\n|\n|upkeep\n|turn|6\n|\n|t:|1733846674\n|switch|p2a: Lurantis|Lurantis, L87, M|264/264\n|move|p1a: Wugtrio|Throat Chop|p2a: Lurantis\n|-damage|p2a: Lurantis|165/264\n|-start|p2a: Lurantis|Throat Chop|[silent]\n|\n|-heal|p2a: Lurantis|181/264|[from] item: Leftovers\n|upkeep\n|turn|7\n|\n|t:|1733846717\n|switch|p1a: Mimikyu|Mimikyu, L79, F|216/216\n|move|p2a: Lurantis|Leaf Storm|p1a: Mimikyu\n|-activate|p1a: Mimikyu|ability: Disguise\n|-damage|p1a: Mimikyu|216/216\n|-boost|p2a: Lurantis|spa|2\n|detailschange|p1a: Mimikyu|Mimikyu-Busted, L79, F\n|-damage|p1a: Mimikyu|189/216|[from] pokemon: Mimikyu-Busted\n|\n|-heal|p2a: Lurantis|197/264|[from] item: Leftovers\n|-end|p2a: Lurantis|Throat Chop|[silent]\n|upkeep\n|turn|8\n|\n|t:|1733846732\n|-terastallize|p1a: Mimikyu|Fairy\n|move|p1a: Mimikyu|Play Rough|p2a: Lurantis\n|-damage|p2a: Lurantis|54/264\n|-damage|p1a: Mimikyu|168/216|[from] item: Life Orb\n|move|p2a: Lurantis|Leaf Storm|p1a: Mimikyu\n|-damage|p1a: Mimikyu|0 fnt\n|-boost|p2a: Lurantis|spa|2\n|faint|p1a: Mimikyu\n|\n|-heal|p2a: Lurantis|70/264|[from] item: Leftovers\n|upkeep\n|-message|Dnajsje forfeited.\n|\n|win|fenix704\n|raw|Dnajsje's rating: 1040 &rarr; <strong>1026</strong><br />(-14 for losing)\n|raw|fenix704's rating: 1079 &rarr; <strong>1104</strong><br />(+25 for winning)\n|l|\u2606Dnajsje\n|player|p1|\n", "inputlog": ">version bfd83cad13791eb5a5a409923076391caf6fb4d4\n>start {\"formatid\":\"gen9randombattle\",\"seed\":[16089,1231,41314,44],\"rated\":\"Rated battle\"}\n>player p1 {\"name\":\"Dnajsje\",\"avatar\":\"101\",\"rating\":1040,\"seed\":[37849,31087,52377,56192]}\n>player p2 {\"name\":\"fenix704\",\"avatar\":\"supernerd\",\"rating\":1079,\"seed\":[51123,7351,11463,29379]}\n>p1 move nastyplot\n>p2 switch 5\n>p1 move thunderbolt\n>p2 move flipturn\n>p2 switch 4\n>p1 move icebeam\n>p2 move stealthrock\n>p2 switch 2\n>p1 move triattack\n>p2 move eruption\n>p1 switch 6\n>p1 move throatchop\n>p2 switch 5\n>p1 move throatchop\n>p2 switch 6\n>p1 switch 3\n>p2 move leafstorm\n>p1 move playrough terastallize\n>p2 move leafstorm\n>forcelose p1", "uploadtime": 1733846745, "views": 3, "formatid": "gen9randombattle", "rating": 1026, "private": 0, "password": null}