{"id": "gen9randombattle-2260701959", "format": "[Gen 9] Random Battle", "players": ["emanpaulson", "Yusuffi"], "log": "|j|\u2606emanpaulson\n|j|\u2606Yusuffi\n|t:|1733880352\n|gametype|singles\n|player|p1|emanpaulson|cynthia-gen4|1617\n|player|p2|Yusuffi|bodybuilderf-gen9|1569\n|teamsize|p1|6\n|teamsize|p2|6\n|gen|9\n|tier|[Gen 9] Random Battle\n|rated|\n|rule|Species Clause: Limit one of each Pok\u00e9mon\n|rule|HP Percentage Mod: HP is shown in percentages\n|rule|Sleep Clause Mod: Limit one foe put to sleep\n|rule|Illusion Level Mod: Illusion disguises the Pok\u00e9mon's true level\n|\n|t:|1733880352\n|start\n|switch|p1a: Alomomola|Alomomola, L87, M|429/429\n|switch|p2a: Keldeo|Keldeo-Resolute, L79|273/273\n|turn|1\n|\n|t:|1733880376\n|switch|p2a: Hatterene|Hatterene, L85, F|236/236\n|move|p1a: Alomomola|Flip Turn|p2a: Hatterene\n|-damage|p2a: Hatterene|184/236\n|inactive|Battle timer is ON: inactive players will automatically lose when time's up. (requested by emanpaulson)\n|\n|t:|1733880384\n|switch|p1a: Mudsdale|Mudsdale, L84, F|305/305|[from] Flip Turn\n|\n|upkeep\n|turn|2\n|\n|t:|1733880389\n|move|p1a: Mudsdale|Heavy Slam|p2a: Hatterene\n|-supereffective|p2a: Hatterene\n|-damage|p2a: Hatterene|0 fnt\n|faint|p2a: Hatterene\n|\n|upkeep\n|\n|t:|1733880398\n|switch|p2a: Keldeo|Keldeo-Resolute, L79|273/273\n|turn|3\n|\n|t:|1733880402\n|move|p2a: Keldeo|Calm Mind|p2a: Keldeo\n|-boost|p2a: Keldeo|spa|1\n|-boost|p2a: Keldeo|spd|1\n|move|p1a: Mudsdale|Earthquake|p2a: Keldeo\n|-damage|p2a: Keldeo|131/273\n|\n|-heal|p2a: Keldeo|148/273|[from] item: Leftovers\n|upkeep\n|turn|4\n|\n|t:|1733880405\n|switch|p1a: Alomomola|Alomomola, L87, M|429/429\n|move|p2a: Keldeo|Surf|p1a: Alomomola\n|-resisted|p1a: Alomomola\n|-damage|p1a: Alomomola|318/429\n|\n|-heal|p2a: Keldeo|165/273|[from] item: Leftovers\n|-heal|p1a: Alomomola|344/429|[from] item: Leftovers\n|upkeep\n|turn|5\n|\n|t:|1733880408\n|move|p2a: Keldeo|Substitute|p2a: Keldeo\n|-start|p2a: Keldeo|Substitute\n|-damage|p2a: Keldeo|97/273\n|move|p1a: Alomomola|Flip Turn|p2a: Keldeo\n|-resisted|p2a: Keldeo\n|-activate|p2a: Keldeo|move: Substitute|[damage]\n|\n|t:|1733880416\n|switch|p1a: Feraligatr|Feraligatr, L79, F|264/264|[from] Flip Turn\n|\n|-heal|p2a: Keldeo|114/273|[from] item: Leftovers\n|upkeep\n|turn|6\n|\n|t:|1733880419\n|move|p2a: Keldeo|Secret Sword|p1a: Feraligatr\n|-damage|p1a: Feraligatr|122/264\n|move|p1a: Feraligatr|Trailblaze|p2a: Keldeo\n|-supereffective|p2a: Keldeo\n|-crit|p2a: Keldeo\n|-end|p2a: Keldeo|Substitute\n|\n|-heal|p2a: Keldeo|131/273|[from] item: Leftovers\n|upkeep\n|turn|7\n|\n|t:|1733880425\n|move|p2a: Keldeo|Secret Sword|p1a: Feraligatr\n|-damage|p1a: Feraligatr|0 fnt\n|faint|p1a: Feraligatr\n|\n|-heal|p2a: Keldeo|148/273|[from] item: Leftovers\n|upkeep\n|\n|t:|1733880429\n|switch|p1a: Oranguru|Oranguru, L92, M|315/315\n|turn|8\n|\n|t:|1733880439\n|move|p2a: Keldeo|Substitute|p2a: Keldeo\n|-start|p2a: Keldeo|Substitute\n|-damage|p2a: Keldeo|80/273\n|move|p1a: Oranguru|Thunderbolt|p2a: Keldeo\n|-supereffective|p2a: Keldeo\n|-end|p2a: Keldeo|Substitute\n|\n|-heal|p2a: Keldeo|97/273|[from] item: Leftovers\n|upkeep\n|turn|9\n|\n|t:|1733880444\n|switch|p2a: Incineroar|Incineroar, L82, F|290/290\n|-ability|p2a: Incineroar|Intimidate|boost\n|-fail|p1a: Oranguru|unboost|Attack|[from] ability: Inner Focus|[of] p1a: Oranguru\n|move|p1a: Oranguru|Psychic|p2a: Incineroar\n|-immune|p2a: Incineroar\n|\n|upkeep\n|turn|10\n|\n|t:|1733880454\n|move|p2a: Incineroar|Fake Out|p1a: Oranguru\n|-damage|p1a: Oranguru|283/315\n|move|p1a: Oranguru|Focus Blast|p2a: Incineroar|[miss]\n|-miss|p1a: Oranguru|p2a: Incineroar\n|\n|-heal|p1a: Oranguru|302/315|[from] item: Leftovers\n|upkeep\n|turn|11\n|\n|t:|1733880464\n|move|p1a: Oranguru|Focus Blast|p2a: Incineroar\n|-supereffective|p2a: Incineroar\n|-damage|p2a: Incineroar|152/290\n|move|p2a: Incineroar|Knock Off|p1a: Oranguru\n|-supereffective|p1a: Oranguru\n|-damage|p1a: Oranguru|78/315\n|-enditem|p1a: Oranguru|Leftovers|[from] move: Knock Off|[of] p2a: Incineroar\n|\n|upkeep\n|turn|12\n|\n|t:|1733880474\n|move|p1a: Oranguru|Focus Blast|p2a: Incineroar|[miss]\n|-miss|p1a: Oranguru|p2a: Incineroar\n|move|p2a: Incineroar|U-turn|p1a: Oranguru\n|-supereffective|p1a: Oranguru\n|-damage|p1a: Oranguru|0 fnt\n|faint|p1a: Oranguru\n|\n|t:|1733880481\n|switch|p2a: Keldeo|Keldeo-Resolute, L79|97/273|[from] U-turn\n|\n|-heal|p2a: Keldeo|114/273|[from] item: Leftovers\n|upkeep\n|c|\u2606emanpaulson|focus miss sucks ass\n|\n|t:|1733880489\n|switch|p1a: Falinks|Falinks, L84|246/246\n|turn|13\n|c|\u2606Yusuffi|fr!!!\n|\n|t:|1733880505\n|move|p2a: Keldeo|Surf|p1a: Falinks\n|-damage|p1a: Falinks|113/246\n|move|p1a: Falinks|Close Combat|p2a: Keldeo\n|-damage|p2a: Keldeo|0 fnt\n|-unboost|p1a: Falinks|def|1\n|-unboost|p1a: Falinks|spd|1\n|faint|p2a: Keldeo\n|-damage|p1a: Falinks|89/246|[from] item: Life Orb\n|\n|upkeep\n|\n|t:|1733880519\n|switch|p2a: Slowbro|Slowbro, L85, F|300/300\n|turn|14\n|\n|t:|1733880522\n|switch|p1a: Alomomola|Alomomola, L87, M|429/429\n|move|p2a: Slowbro|Psychic Noise|p1a: Alomomola\n|-damage|p1a: Alomomola|293/429\n|-start|p1a: Alomomola|move: Heal Block\n|\n|upkeep\n|turn|15\n|\n|t:|1733880526\n|move|p1a: Alomomola|Scald|p2a: Slowbro\n|-resisted|p2a: Slowbro\n|-damage|p2a: Slowbro|282/300\n|-status|p2a: Slowbro|brn\n|move|p2a: Slowbro|Future Sight|p1a: Alomomola\n|-start|p2a: Slowbro|move: Future Sight\n|\n|-damage|p2a: Slowbro|264/300 brn|[from] brn\n|-end|p1a: Alomomola|move: Heal Block\n|upkeep\n|turn|16\n|\n|t:|1733880530\n|move|p1a: Alomomola|Wish|p1a: Alomomola\n|move|p2a: Slowbro|Psychic Noise|p1a: Alomomola\n|-damage|p1a: Alomomola|164/429\n|-start|p1a: Alomomola|move: Heal Block\n|\n|-damage|p2a: Slowbro|246/300 brn|[from] brn\n|upkeep\n|turn|17\n|\n|t:|1733880532\n|move|p1a: Alomomola|Flip Turn|p2a: Slowbro\n|-resisted|p2a: Slowbro\n|-damage|p2a: Slowbro|222/300 brn\n|\n|t:|1733880537\n|switch|p1a: Oinkologne|Oinkologne, L92, M|352/352|[from] Flip Turn\n|move|p2a: Slowbro|Psychic Noise|p1a: Oinkologne\n|-damage|p1a: Oinkologne|262/352\n|-start|p1a: Oinkologne|move: Heal Block\n|\n|-end|p1a: Oinkologne|move: Future Sight\n|-damage|p1a: Oinkologne|141/352\n|-damage|p2a: Slowbro|204/300 brn|[from] brn\n|upkeep\n|turn|18\n|\n|t:|1733880553\n|move|p1a: Oinkologne|Lash Out|p2a: Slowbro\n|-supereffective|p2a: Slowbro\n|-damage|p2a: Slowbro|92/300 brn\n|move|p2a: Slowbro|Psychic Noise|p1a: Oinkologne\n|-damage|p1a: Oinkologne|54/352\n|\n|-damage|p2a: Slowbro|74/300 brn|[from] brn\n|-end|p1a: Oinkologne|move: Heal Block\n|upkeep\n|turn|19\n|inactive|Yusuffi has 120 seconds left.\n|inactive|Yusuffi has 90 seconds left.\n|\n|t:|1733880635\n|move|p1a: Oinkologne|Double-Edge|p2a: Slowbro\n|-damage|p2a: Slowbro|0 fnt\n|faint|p2a: Slowbro\n|-damage|p1a: Oinkologne|30/352|[from] Recoil\n|\n|-heal|p1a: Oinkologne|52/352|[from] item: Leftovers\n|upkeep\n|\n|t:|1733880637\n|switch|p2a: Incineroar|Incineroar, L82, F|152/290\n|-ability|p2a: Incineroar|Intimidate|boost\n|-unboost|p1a: Oinkologne|atk|1\n|turn|20\n|\n|t:|1733880645\n|switch|p1a: Mudsdale|Mudsdale, L84, F|305/305\n|move|p2a: Incineroar|Fake Out|p1a: Mudsdale\n|-damage|p1a: Mudsdale|276/305\n|-ability|p1a: Mudsdale|Stamina|boost\n|-boost|p1a: Mudsdale|def|1\n|\n|-heal|p1a: Mudsdale|295/305|[from] item: Leftovers\n|upkeep\n|turn|21\n|\n|t:|1733880659\n|move|p2a: Incineroar|Overheat|p1a: Mudsdale\n|-damage|p1a: Mudsdale|186/305\n|-unboost|p2a: Incineroar|spa|2\n|-ability|p1a: Mudsdale|Stamina|boost\n|-boost|p1a: Mudsdale|def|1\n|move|p1a: Mudsdale|Earthquake|p2a: Incineroar\n|-supereffective|p2a: Incineroar\n|-damage|p2a: Incineroar|0 fnt\n|faint|p2a: Incineroar\n|\n|-heal|p1a: Mudsdale|205/305|[from] item: Leftovers\n|upkeep\n|\n|t:|1733880661\n|switch|p2a: Kommo-o|Kommo-o, L78, M|245/245\n|turn|22\n|\n|t:|1733880665\n|move|p2a: Kommo-o|Clangorous Soul|p2a: Kommo-o\n|-boost|p2a: Kommo-o|atk|1\n|-boost|p2a: Kommo-o|def|1\n|-boost|p2a: Kommo-o|spa|1\n|-boost|p2a: Kommo-o|spd|1\n|-boost|p2a: Kommo-o|spe|1\n|-damage|p2a: Kommo-o|165/245\n|-enditem|p2a: Kommo-o|Throat Spray\n|-boost|p2a: Kommo-o|spa|1|[from] item: Throat Spray\n|move|p1a: Mudsdale|Roar|p2a: Kommo-o\n|-immune|p2a: Kommo-o|[from] ability: Soundproof\n|\n|-heal|p1a: Mudsdale|224/305|[from] item: Leftovers\n|upkeep\n|turn|23\n|c|\u2606emanpaulson|RIP\n|\n|t:|1733880678\n|move|p2a: Kommo-o|Clanging Scales|p1a: Mudsdale\n|-damage|p1a: Mudsdale|22/305\n|-ability|p1a: Mudsdale|Stamina|boost\n|-boost|p1a: Mudsdale|def|1\n|-unboost|p2a: Kommo-o|def|1\n|move|p1a: Mudsdale|Earthquake|p2a: Kommo-o\n|-damage|p2a: Kommo-o|68/245\n|\n|-heal|p1a: Mudsdale|41/305|[from] item: Leftovers\n|upkeep\n|turn|24\n|c|\u2606Yusuffi|gg\n|inactive|emanpaulson has 120 seconds left.\n|\n|t:|1733880729\n|move|p2a: Kommo-o|Clanging Scales|p1a: Mudsdale\n|-damage|p1a: Mudsdale|0 fnt\n|faint|p1a: Mudsdale\n|-unboost|p2a: Kommo-o|def|1\n|\n|upkeep\n|\n|t:|1733880731\n|switch|p1a: Alomomola|Alomomola, L87, M|307/429\n|turn|25\n|inactive|Yusuffi has 120 seconds left.\n|\n|t:|1733880737\n|-terastallize|p1a: Alomomola|Steel\n|move|p2a: Kommo-o|Clanging Scales|p1a: Alomomola\n|-resisted|p1a: Alomomola\n|-damage|p1a: Alomomola|157/429\n|-unboost|p2a: Kommo-o|def|1\n|move|p1a: Alomomola|Wish|p1a: Alomomola\n|\n|-heal|p1a: Alomomola|183/429|[from] item: Leftovers\n|upkeep\n|turn|26\n|c|\u2606emanpaulson|gg\n|inactive|emanpaulson has 120 seconds left.\n|\n|t:|1733880753\n|switch|p1a: Falinks|Falinks, L84|89/246\n|move|p2a: Kommo-o|Close Combat|p1a: Falinks\n|-damage|p1a: Falinks|0 fnt\n|-unboost|p2a: Kommo-o|def|1\n|-unboost|p2a: Kommo-o|spd|1\n|faint|p1a: Falinks\n|\n|upkeep\n|\n|t:|1733880755\n|switch|p1a: Alomomola|Alomomola, L87, M, tera:Steel|326/429\n|turn|27\n|\n|t:|1733880759\n|move|p2a: Kommo-o|Close Combat|p1a: Alomomola\n|-supereffective|p1a: Alomomola\n|-damage|p1a: Alomomola|0 fnt\n|-unboost|p2a: Kommo-o|def|1\n|-unboost|p2a: Kommo-o|spd|1\n|faint|p1a: Alomomola\n|\n|upkeep\n|\n|t:|1733880761\n|switch|p1a: Oinkologne|Oinkologne, L92, M|52/352\n|turn|28\n|\n|t:|1733880763\n|move|p2a: Kommo-o|Clanging Scales|p1a: Oinkologne\n|-damage|p1a: Oinkologne|0 fnt\n|faint|p1a: Oinkologne\n|\n|win|Yusuffi\n", "inputlog": ">version bfd83cad13791eb5a5a409923076391caf6fb4d4\n>start {\"formatid\":\"gen9randombattle\",\"seed\":[46087,41240,23186,8275],\"rated\":\"Rated battle\"}\n>player p1 {\"name\":\"emanpaulson\",\"avatar\":\"cynthia-gen4\",\"rating\":1617,\"seed\":[50548,13194,36884,8277]}\n>player p2 {\"name\":\"Yusuffi\",\"avatar\":\"bodybuilderf-gen9\",\"rating\":1569,\"seed\":[38974,7516,51321,26360]}\n>p1 move flipturn\n>p2 switch 2\n>p1 switch 3\n>p1 move heavyslam\n>p2 move psychic\n>p2 switch 2\n>p1 move earthquake\n>p2 move calmmind\n>p1 switch 3\n>p2 move surf\n>p1 move flipturn\n>p2 move substitute\n>p1 switch 5\n>p1 move trailblaze\n>p2 move secretsword\n>p1 move trailblaze\n>p2 move secretsword\n>p1 switch 2\n>p1 move thunderbolt\n>p2 move substitute\n>p1 move psychic\n>p2 switch 5\n>p1 move focusblast\n>p2 move fakeout\n>p1 move focusblast\n>p2 move knockoff\n>p1 move focusblast\n>p2 move uturn\n>p2 switch 5\n>chat \u2606emanpaulson|focus miss sucks ass\n>p1 switch 4\n>chat \u2606Yusuffi|fr!!!\n>p1 move closecombat\n>p2 move surf\n>p2 switch 4\n>p1 switch 5\n>p2 move psychicnoise\n>p1 move scald\n>p2 move futuresight\n>p1 move wish\n>p2 move psychicnoise\n>p1 move flipturn\n>p2 move psychicnoise\n>p1 switch 6\n>p1 move lashout\n>p2 move psychicnoise\n>p1 move doubleedge\n>p2 move scald\n>p2 switch 5\n>p1 switch 3\n>p2 move fakeout\n>p1 move earthquake\n>p2 move overheat\n>p2 switch 3\n>p1 move roar\n>p2 move clangoroussoul\n>chat \u2606emanpaulson|RIP\n>p1 move earthquake\n>p2 move clangingscales\n>chat \u2606Yusuffi|gg \n>p1 move earthquake\n>p2 move clangingscales\n>p1 switch 6\n>p1 move wish terastallize\n>p2 move clangingscales\n>chat \u2606emanpaulson|gg\n>p1 switch 5\n>p2 move closecombat\n>p1 switch 5\n>p1 move scald\n>p2 move closecombat\n>p1 switch 3\n>p1 move doubleedge\n>p2 move clangingscales", "uploadtime": 1733880482, "views": 1, "formatid": "gen9randombattle", "rating": null, "private": 0, "password": null}