{"id": "gen9randombattle-2259978772", "format": "[Gen 9] Random Battle", "players": ["Unkodrew", "Pollo_Omega2"], "log": "|j|\u2606Unkodrew\n|j|\u2606Pollo_Omega2\n|t:|1733786808\n|gametype|singles\n|player|p1|Unkodrew|dancer|1068\n|player|p2|Pollo_Omega2|101|1117\n|teamsize|p1|6\n|teamsize|p2|6\n|gen|9\n|tier|[Gen 9] Random Battle\n|rated|\n|rule|Species Clause: Limit one of each Pok\u00e9mon\n|rule|HP Percentage Mod: HP is shown in percentages\n|rule|Sleep Clause Mod: Limit one foe put to sleep\n|rule|Illusion Level Mod: Illusion disguises the Pok\u00e9mon's true level\n|\n|t:|1733786808\n|start\n|switch|p1a: Golduck|Golduck, L90, M|290/290\n|switch|p2a: Slither Wing|Slither Wing, L81|270/270\n|-ability|p1a: Golduck|Cloud Nine\n|turn|1\n|inactive|Battle timer is ON: inactive players will automatically lose when time's up. (requested by Unkodrew)\n|\n|t:|1733786832\n|move|p2a: Slither Wing|Wild Charge|p1a: Golduck\n|-supereffective|p1a: Golduck\n|-damage|p1a: Golduck|132/290\n|-damage|p2a: Slither Wing|230/270|[from] Recoil\n|move|p1a: Golduck|Nasty Plot|p1a: Golduck\n|-boost|p1a: Golduck|spa|2\n|\n|upkeep\n|turn|2\n|\n|t:|1733786840\n|switch|p1a: Miraidon|Miraidon, L65|238/238\n|-fieldstart|move: Electric Terrain|[from] ability: Hadron Engine|[of] p1a: Miraidon\n|move|p2a: Slither Wing|Wild Charge|p1a: Miraidon\n|-resisted|p1a: Miraidon\n|-damage|p1a: Miraidon|210/238\n|-damage|p2a: Slither Wing|223/270|[from] Recoil\n|\n|-heal|p1a: Miraidon|224/238|[from] item: Leftovers\n|upkeep\n|turn|3\n|\n|t:|1733786853\n|-end|p2a: Slither Wing|Protosynthesis|[silent]\n|switch|p2a: Ting-Lu|Ting-Lu, L78|370/370\n|-ability|p2a: Ting-Lu|Vessel of Ruin\n|move|p1a: Miraidon|Substitute|p1a: Miraidon\n|-start|p1a: Miraidon|Substitute\n|-damage|p1a: Miraidon|165/238\n|\n|-heal|p1a: Miraidon|179/238|[from] item: Leftovers\n|upkeep\n|turn|4\n|\n|t:|1733786866\n|switch|p1a: Golduck|Golduck, L90, M|132/290\n|-ability|p1a: Golduck|Cloud Nine\n|move|p2a: Ting-Lu|Stealth Rock|p1a: Golduck\n|-sidestart|p1: Unkodrew|move: Stealth Rock\n|\n|upkeep\n|turn|5\n|\n|t:|1733786875\n|move|p1a: Golduck|Hydro Pump|p2a: Ting-Lu\n|-supereffective|p2a: Ting-Lu\n|-damage|p2a: Ting-Lu|48/370\n|-damage|p1a: Golduck|103/290|[from] item: Life Orb\n|move|p2a: Ting-Lu|Whirlwind|p1a: Golduck\n|drag|p1a: Ludicolo|Ludicolo, L90, F|290/290\n|-damage|p1a: Ludicolo|254/290|[from] Stealth Rock\n|\n|-heal|p2a: Ting-Lu|71/370|[from] item: Leftovers\n|upkeep\n|turn|6\n|\n|t:|1733786900\n|switch|p2a: Hitmonlee|Hitmonlee, L85, M|223/223\n|move|p1a: Ludicolo|Ice Beam|p2a: Hitmonlee\n|-damage|p2a: Hitmonlee|140/223\n|\n|-fieldend|move: Electric Terrain\n|upkeep\n|turn|7\n|\n|t:|1733786910\n|switch|p1a: Golduck|Golduck, L90, M|103/290\n|-damage|p1a: Golduck|67/290|[from] Stealth Rock\n|-ability|p1a: Golduck|Cloud Nine\n|move|p2a: Hitmonlee|Knock Off|p1a: Golduck\n|-damage|p1a: Golduck|0 fnt\n|-enditem|p1a: Golduck|Life Orb|[from] move: Knock Off|[of] p2a: Hitmonlee\n|faint|p1a: Golduck\n|\n|upkeep\n|\n|t:|1733786924\n|switch|p1a: Mimikyu|Mimikyu, L79, M|216/216\n|-damage|p1a: Mimikyu|189/216|[from] Stealth Rock\n|turn|8\n|\n|t:|1733786932\n|move|p2a: Hitmonlee|Knock Off|p1a: Mimikyu\n|-activate|p1a: Mimikyu|ability: Disguise\n|-damage|p1a: Mimikyu|189/216\n|-enditem|p1a: Mimikyu|Life Orb|[from] move: Knock Off|[of] p2a: Hitmonlee\n|detailschange|p1a: Mimikyu|Mimikyu-Busted, L79, M\n|-damage|p1a: Mimikyu|162/216|[from] pokemon: Mimikyu-Busted\n|move|p1a: Mimikyu|Swords Dance|p1a: Mimikyu\n|-boost|p1a: Mimikyu|atk|2\n|\n|upkeep\n|turn|9\n|\n|t:|1733786941\n|move|p1a: Mimikyu|Play Rough|p2a: Hitmonlee\n|-supereffective|p2a: Hitmonlee\n|-damage|p2a: Hitmonlee|0 fnt\n|faint|p2a: Hitmonlee\n|\n|upkeep\n|\n|t:|1733786963\n|switch|p2a: Basculin|Basculin-Blue-Striped, L86, F|261/261\n|turn|10\n|\n|t:|1733786970\n|move|p2a: Basculin|Wave Crash|p1a: Mimikyu\n|-damage|p1a: Mimikyu|0 fnt\n|faint|p1a: Mimikyu\n|-damage|p2a: Basculin|208/261|[from] Recoil\n|\n|upkeep\n|\n|t:|1733786974\n|switch|p1a: Ludicolo|Ludicolo, L90, F|254/290\n|-damage|p1a: Ludicolo|218/290|[from] Stealth Rock\n|turn|11\n|\n|t:|1733786985\n|switch|p2a: Gengar|Gengar, L81, M|230/230\n|move|p1a: Ludicolo|Giga Drain|p2a: Gengar\n|-resisted|p2a: Gengar\n|-damage|p2a: Gengar|158/230\n|-heal|p1a: Ludicolo|254/290|[from] drain|[of] p2a: Gengar\n|\n|upkeep\n|turn|12\n|\n|t:|1733787002\n|switch|p1a: Sableye|Sableye, L89, F|234/234\n|-damage|p1a: Sableye|205/234|[from] Stealth Rock\n|move|p2a: Gengar|Sludge Wave|p1a: Sableye\n|-resisted|p1a: Sableye\n|-damage|p1a: Sableye|111/234\n|-damage|p2a: Gengar|135/230|[from] item: Life Orb\n|\n|-heal|p1a: Sableye|125/234|[from] item: Leftovers\n|upkeep\n|turn|13\n|\n|t:|1733787016\n|move|p2a: Gengar|Sludge Wave|p1a: Sableye\n|-resisted|p1a: Sableye\n|-damage|p1a: Sableye|41/234\n|-damage|p2a: Gengar|112/230|[from] item: Life Orb\n|move|p1a: Sableye|Knock Off|p2a: Gengar\n|-supereffective|p2a: Gengar\n|-damage|p2a: Gengar|0 fnt\n|-start|p1a: Sableye|Disable|Knock Off|[from] ability: Cursed Body|[of] p2a: Gengar\n|-enditem|p2a: Gengar|Life Orb|[from] move: Knock Off|[of] p1a: Sableye\n|faint|p2a: Gengar\n|\n|-heal|p1a: Sableye|55/234|[from] item: Leftovers\n|upkeep\n|\n|t:|1733787033\n|switch|p2a: Minior|Minior, L79|224/224\n|-formechange|p2a: Minior|Minior-Meteor||[from] ability: Shields Down\n|turn|14\n|\n|t:|1733787040\n|move|p1a: Sableye|Recover|p1a: Sableye\n|-heal|p1a: Sableye|172/234\n|move|p2a: Minior|Shell Smash|p2a: Minior\n|-unboost|p2a: Minior|def|1\n|-unboost|p2a: Minior|spd|1\n|-boost|p2a: Minior|atk|2\n|-boost|p2a: Minior|spa|2\n|-boost|p2a: Minior|spe|2\n|-enditem|p2a: Minior|White Herb\n|-clearnegativeboost|p2a: Minior|[silent]\n|\n|-heal|p1a: Sableye|186/234|[from] item: Leftovers\n|upkeep\n|turn|15\n|\n|t:|1733787059\n|move|p1a: Sableye|Encore|p2a: Minior\n|-start|p2a: Minior|Encore\n|move|p2a: Minior|Shell Smash|p2a: Minior\n|-unboost|p2a: Minior|def|1\n|-unboost|p2a: Minior|spd|1\n|-boost|p2a: Minior|atk|2\n|-boost|p2a: Minior|spa|2\n|-boost|p2a: Minior|spe|2\n|\n|-heal|p1a: Sableye|200/234|[from] item: Leftovers\n|upkeep\n|turn|16\n|\n|t:|1733787069\n|-terastallize|p2a: Minior|Ground\n|move|p1a: Sableye|Will-O-Wisp|p2a: Minior\n|-immune|p2a: Minior|[from] ability: Shields Down\n|move|p2a: Minior|Shell Smash|p2a: Minior\n|-unboost|p2a: Minior|def|1\n|-unboost|p2a: Minior|spd|1\n|-boost|p2a: Minior|atk|2\n|-boost|p2a: Minior|spa|2\n|-boost|p2a: Minior|spe|2\n|\n|-heal|p1a: Sableye|214/234|[from] item: Leftovers\n|-end|p1a: Sableye|Disable\n|upkeep\n|turn|17\n|\n|t:|1733787090\n|move|p1a: Sableye|Encore||[still]\n|-fail|p1a: Sableye\n|move|p2a: Minior|Shell Smash|p2a: Minior\n|-unboost|p2a: Minior|def|1\n|-unboost|p2a: Minior|spd|1\n|-boost|p2a: Minior|atk|0\n|-boost|p2a: Minior|spa|0\n|-boost|p2a: Minior|spe|0\n|\n|-heal|p1a: Sableye|228/234|[from] item: Leftovers\n|-end|p2a: Minior|Encore\n|upkeep\n|turn|18\n|\n|t:|1733787100\n|move|p1a: Sableye|Encore|p2a: Minior\n|-start|p2a: Minior|Encore\n|move|p2a: Minior|Shell Smash|p2a: Minior\n|-unboost|p2a: Minior|def|1\n|-unboost|p2a: Minior|spd|1\n|-boost|p2a: Minior|atk|0\n|-boost|p2a: Minior|spa|0\n|-boost|p2a: Minior|spe|0\n|\n|-heal|p1a: Sableye|234/234|[from] item: Leftovers\n|upkeep\n|turn|19\n|n|!Pollo_Omega2|polloomega2\n|inactive|Pollo_Omega2 has 120 seconds left.\n|\n|t:|1733787123\n|switch|p2a: Slither Wing|Slither Wing, L81|223/270\n|move|p1a: Sableye|Knock Off|p2a: Slither Wing\n|-resisted|p2a: Slither Wing\n|-damage|p2a: Slither Wing|171/270\n|-enditem|p2a: Slither Wing|Choice Scarf|[from] move: Knock Off|[of] p1a: Sableye\n|\n|upkeep\n|turn|20\n|inactive|Pollo_Omega2 has 120 seconds left.\n|\n|t:|1733787133\n|move|p1a: Sableye|Will-O-Wisp|p2a: Slither Wing\n|-status|p2a: Slither Wing|brn\n|move|p2a: Slither Wing|Flare Blitz|p1a: Sableye\n|-damage|p1a: Sableye|179/234\n|-damage|p2a: Slither Wing|153/270 brn|[from] Recoil\n|\n|-heal|p1a: Sableye|193/234|[from] item: Leftovers\n|-damage|p2a: Slither Wing|137/270 brn|[from] brn\n|upkeep\n|turn|21\n|inactive|Pollo_Omega2 has 120 seconds left.\n|\n|t:|1733787146\n|move|p2a: Slither Wing|Flare Blitz|p1a: Sableye\n|-damage|p1a: Sableye|142/234\n|-damage|p2a: Slither Wing|120/270 brn|[from] Recoil\n|move|p1a: Sableye|Knock Off|p2a: Slither Wing\n|-resisted|p2a: Slither Wing\n|-damage|p2a: Slither Wing|84/270 brn\n|\n|-heal|p1a: Sableye|156/234|[from] item: Leftovers\n|-damage|p2a: Slither Wing|68/270 brn|[from] brn\n|upkeep\n|turn|22\n|\n|t:|1733787155\n|move|p1a: Sableye|Recover|p1a: Sableye\n|-heal|p1a: Sableye|234/234\n|move|p2a: Slither Wing|Flare Blitz|p1a: Sableye\n|-damage|p1a: Sableye|179/234\n|-damage|p2a: Slither Wing|50/270 brn|[from] Recoil\n|\n|-heal|p1a: Sableye|193/234|[from] item: Leftovers\n|-damage|p2a: Slither Wing|34/270 brn|[from] brn\n|upkeep\n|turn|23\n|\n|t:|1733787164\n|move|p2a: Slither Wing|Flare Blitz|p1a: Sableye\n|-damage|p1a: Sableye|142/234\n|-damage|p2a: Slither Wing|17/270 brn|[from] Recoil\n|move|p1a: Sableye|Knock Off|p2a: Slither Wing\n|-resisted|p2a: Slither Wing\n|-damage|p2a: Slither Wing|0 fnt\n|faint|p2a: Slither Wing\n|-end|p2a: Slither Wing|Protosynthesis|[silent]\n|\n|-heal|p1a: Sableye|156/234|[from] item: Leftovers\n|upkeep\n|\n|t:|1733787174\n|switch|p2a: Basculin|Basculin-Blue-Striped, L86, F|208/261\n|turn|24\n|\n|t:|1733787177\n|move|p1a: Sableye|Will-O-Wisp|p2a: Basculin\n|-status|p2a: Basculin|brn\n|move|p2a: Basculin|Wave Crash|p1a: Sableye\n|-damage|p1a: Sableye|24/234\n|-damage|p2a: Basculin|164/261 brn|[from] Recoil\n|\n|-heal|p1a: Sableye|38/234|[from] item: Leftovers\n|-damage|p2a: Basculin|148/261 brn|[from] brn\n|upkeep\n|turn|25\n|\n|t:|1733787187\n|move|p1a: Sableye|Recover|p1a: Sableye\n|-heal|p1a: Sableye|155/234\n|move|p2a: Basculin|Wave Crash|p1a: Sableye\n|-damage|p1a: Sableye|11/234\n|-damage|p2a: Basculin|100/261 brn|[from] Recoil\n|\n|-heal|p1a: Sableye|25/234|[from] item: Leftovers\n|-damage|p2a: Basculin|84/261 brn|[from] brn\n|upkeep\n|turn|26\n|\n|t:|1733787196\n|switch|p1a: Ludicolo|Ludicolo, L90, F|254/290\n|-damage|p1a: Ludicolo|218/290|[from] Stealth Rock\n|move|p2a: Basculin|Wave Crash|p1a: Ludicolo\n|-resisted|p1a: Ludicolo\n|-damage|p1a: Ludicolo|185/290\n|-damage|p2a: Basculin|73/261 brn|[from] Recoil\n|\n|-damage|p2a: Basculin|57/261 brn|[from] brn\n|upkeep\n|turn|27\n|-message|Pollo_Omega2 forfeited.\n|\n|win|Unkodrew\n", "inputlog": ">version bfd83cad13791eb5a5a409923076391caf6fb4d4\n>start {\"formatid\":\"gen9randombattle\",\"seed\":[61765,6041,28463,45461],\"rated\":\"Rated battle\"}\n>player p1 {\"name\":\"Unkodrew\",\"avatar\":\"dancer\",\"rating\":1068,\"seed\":[61578,46381,40338,479]}\n>player p2 {\"name\":\"Pollo_Omega2\",\"avatar\":\"101\",\"rating\":1117,\"seed\":[62491,27664,15170,28896]}\n>p1 move nastyplot\n>p2 move wildcharge\n>p1 switch 4\n>p2 move wildcharge\n>p1 move substitute\n>p2 switch 2\n>p1 switch 4\n>p2 move stealthrock\n>p1 move hydropump\n>p2 move whirlwind\n>p1 move icebeam\n>p2 switch 3\n>p1 switch 3\n>p2 move knockoff\n>p1 switch 5\n>p1 move swordsdance\n>p2 move knockoff\n>p1 move playrough\n>p2 move knockoff\n>p2 switch 4\n>p1 move woodhammer\n>p2 move wavecrash\n>p1 switch 3\n>p1 move gigadrain\n>p2 switch 6\n>p1 switch 2\n>p2 move sludgewave\n>p1 move knockoff\n>p2 move sludgewave\n>p2 switch 5\n>p1 move recover\n>p2 move shellsmash\n>p1 move encore\n>p2 move acrobatics\n>p1 move willowisp\n>p2 move shellsmash terastallize\n>p1 move encore\n>p2 move shellsmash\n>p1 move encore\n>p2 move acrobatics\n>chat \u2606Pollo_Omega2|fuck you\n>p1 move knockoff\n>p2 switch 2\n>p1 move willowisp\n>p2 move flareblitz\n>p1 move knockoff\n>p2 move flareblitz\n>p1 move recover\n>p2 move flareblitz\n>p1 move knockoff\n>p2 move flareblitz\n>p2 switch 6\n>p1 move willowisp\n>p2 move wavecrash\n>p1 move recover\n>p2 move wavecrash\n>p1 switch 2\n>p2 move wavecrash\n>forcelose p2", "uploadtime": 1733787112, "views": 1, "formatid": "gen9randombattle", "rating": null, "private": 0, "password": null}