{"id": "gen9randombattle-2259889933", "format": "[Gen 9] Random Battle", "players": ["Kherax", "Dream.acid"], "log": "|j|\u2606Kherax\n|j|\u2606Dream.acid\n|t:|1733776871\n|gametype|singles\n|player|p1|Kherax|266|1232\n|player|p2|Dream.acid|102|1251\n|teamsize|p1|6\n|teamsize|p2|6\n|gen|9\n|tier|[Gen 9] Random Battle\n|rated|\n|rule|Species Clause: Limit one of each Pok\u00e9mon\n|rule|HP Percentage Mod: HP is shown in percentages\n|rule|Sleep Clause Mod: Limit one foe put to sleep\n|rule|Illusion Level Mod: Illusion disguises the Pok\u00e9mon's true level\n|\n|t:|1733776871\n|start\n|switch|p1a: Exeggutor|Exeggutor, L89, F|312/312\n|switch|p2a: Gurdurr|Gurdurr, L85, F|283/283\n|turn|1\n|inactive|Battle timer is ON: inactive players will automatically lose when time's up. (requested by Kherax)\n|\n|t:|1733776884\n|move|p1a: Exeggutor|Substitute|p1a: Exeggutor\n|-start|p1a: Exeggutor|Substitute\n|-damage|p1a: Exeggutor|234/312\n|move|p2a: Gurdurr|Knock Off|p1a: Exeggutor\n|-supereffective|p1a: Exeggutor\n|-end|p1a: Exeggutor|Substitute\n|\n|upkeep\n|turn|2\n|\n|t:|1733776894\n|move|p1a: Exeggutor|Substitute|p1a: Exeggutor\n|-start|p1a: Exeggutor|Substitute\n|-damage|p1a: Exeggutor|156/312\n|-enditem|p1a: Exeggutor|Sitrus Berry|[eat]\n|-heal|p1a: Exeggutor|234/312|[from] item: Sitrus Berry\n|move|p2a: Gurdurr|Knock Off|p1a: Exeggutor\n|-supereffective|p1a: Exeggutor\n|-end|p1a: Exeggutor|Substitute\n|\n|upkeep\n|turn|3\n|\n|t:|1733776903\n|move|p1a: Exeggutor|Leech Seed|p2a: Gurdurr\n|-start|p2a: Gurdurr|move: Leech Seed\n|move|p2a: Gurdurr|Knock Off|p1a: Exeggutor\n|-supereffective|p1a: Exeggutor\n|-damage|p1a: Exeggutor|132/312\n|\n|-damage|p2a: Gurdurr|248/283|[from] Leech Seed|[of] p1a: Exeggutor\n|-heal|p1a: Exeggutor|167/312|[silent]\n|upkeep\n|turn|4\n|\n|t:|1733776915\n|move|p1a: Exeggutor|Substitute|p1a: Exeggutor\n|-start|p1a: Exeggutor|Substitute\n|-damage|p1a: Exeggutor|89/312\n|move|p2a: Gurdurr|Knock Off|p1a: Exeggutor\n|-supereffective|p1a: Exeggutor\n|-crit|p1a: Exeggutor\n|-end|p1a: Exeggutor|Substitute\n|\n|-damage|p2a: Gurdurr|213/283|[from] Leech Seed|[of] p1a: Exeggutor\n|-heal|p1a: Exeggutor|124/312|[silent]\n|upkeep\n|turn|5\n|\n|t:|1733776925\n|move|p1a: Exeggutor|Substitute|p1a: Exeggutor\n|-start|p1a: Exeggutor|Substitute\n|-damage|p1a: Exeggutor|46/312\n|move|p2a: Gurdurr|Knock Off|p1a: Exeggutor\n|-supereffective|p1a: Exeggutor\n|-end|p1a: Exeggutor|Substitute\n|\n|-damage|p2a: Gurdurr|178/283|[from] Leech Seed|[of] p1a: Exeggutor\n|-heal|p1a: Exeggutor|81/312|[silent]\n|upkeep\n|turn|6\n|\n|t:|1733776934\n|move|p1a: Exeggutor|Substitute|p1a: Exeggutor\n|-start|p1a: Exeggutor|Substitute\n|-damage|p1a: Exeggutor|3/312\n|move|p2a: Gurdurr|Knock Off|p1a: Exeggutor\n|-supereffective|p1a: Exeggutor\n|-end|p1a: Exeggutor|Substitute\n|\n|-damage|p2a: Gurdurr|143/283|[from] Leech Seed|[of] p1a: Exeggutor\n|-heal|p1a: Exeggutor|38/312|[silent]\n|-item|p1a: Exeggutor|Sitrus Berry|[from] ability: Harvest\n|upkeep\n|-enditem|p1a: Exeggutor|Sitrus Berry|[eat]\n|-heal|p1a: Exeggutor|116/312|[from] item: Sitrus Berry\n|turn|7\n|\n|t:|1733776948\n|move|p1a: Exeggutor|Substitute|p1a: Exeggutor\n|-start|p1a: Exeggutor|Substitute\n|-damage|p1a: Exeggutor|38/312\n|move|p2a: Gurdurr|Knock Off|p1a: Exeggutor\n|-supereffective|p1a: Exeggutor\n|-end|p1a: Exeggutor|Substitute\n|\n|-damage|p2a: Gurdurr|108/283|[from] Leech Seed|[of] p1a: Exeggutor\n|-heal|p1a: Exeggutor|73/312|[silent]\n|-item|p1a: Exeggutor|Sitrus Berry|[from] ability: Harvest\n|upkeep\n|-enditem|p1a: Exeggutor|Sitrus Berry|[eat]\n|-heal|p1a: Exeggutor|151/312|[from] item: Sitrus Berry\n|turn|8\n|\n|t:|1733776963\n|switch|p2a: Ogerpon|Ogerpon-Cornerstone, L76, F|247/247\n|move|p1a: Exeggutor|Substitute|p1a: Exeggutor\n|-start|p1a: Exeggutor|Substitute\n|-damage|p1a: Exeggutor|73/312\n|\n|-item|p1a: Exeggutor|Sitrus Berry|[from] ability: Harvest\n|upkeep\n|-enditem|p1a: Exeggutor|Sitrus Berry|[eat]\n|-heal|p1a: Exeggutor|151/312|[from] item: Sitrus Berry\n|turn|9\n|\n|t:|1733776977\n|move|p2a: Ogerpon|Power Whip|p1a: Exeggutor|[miss]\n|-miss|p2a: Ogerpon|p1a: Exeggutor\n|move|p1a: Exeggutor|Psychic Noise|p2a: Ogerpon\n|-damage|p2a: Ogerpon|144/247\n|-start|p2a: Ogerpon|move: Heal Block\n|\n|upkeep\n|turn|10\n|inactive|Dream.acid has 120 seconds left.\n|inactive|Dream.acid has 90 seconds left.\n|inactive|Dream.acid has 60 seconds left.\n|inactive|Dream.acid has 30 seconds left.\n|inactive|Dream.acid has 20 seconds left.\n|inactive|Dream.acid has 15 seconds left.\n|c|\u2606Kherax|lol\n|inactive|Dream.acid has 10 seconds left.\n|inactive|Dream.acid has 5 seconds left.\n|-message|Dream.acid lost due to inactivity.\n|\n|win|Kherax\n|raw|Kherax's rating: 1232 &rarr; <strong>1258</strong><br />(+26 for winning)\n|raw|Dream.acid's rating: 1251 &rarr; <strong>1225</strong><br />(-26 for losing)\n|c|\u2606Kherax|lol\n", "inputlog": ">version bfd83cad13791eb5a5a409923076391caf6fb4d4\n>start {\"formatid\":\"gen9randombattle\",\"seed\":[565,23456,30669,21930],\"rated\":\"Rated battle\"}\n>player p1 {\"name\":\"Kherax\",\"avatar\":\"266\",\"rating\":1232,\"seed\":[37767,15462,50127,53385]}\n>player p2 {\"name\":\"Dream.acid\",\"avatar\":\"102\",\"rating\":1251,\"seed\":[10868,58812,53492,710]}\n>p1 move substitute\n>p2 move knockoff\n>p1 move substitute\n>p2 move knockoff\n>p1 move leechseed\n>p2 move knockoff\n>p1 move substitute\n>p2 move knockoff\n>p1 move substitute\n>p2 move knockoff\n>p1 move substitute\n>p2 move knockoff\n>p1 move substitute\n>p2 move knockoff\n>p1 move substitute\n>p2 switch 4\n>p1 move psychicnoise\n>p2 move powerwhip\n>chat \u2606Kherax|lol \n>forcelose p2", "uploadtime": 1733777140, "views": 19, "formatid": "gen9randombattle", "rating": 1225, "private": 0, "password": null}