{"id": "gen9randombattle-2260274023", "format": "[Gen 9] Random Battle", "players": ["deathdarkgon", "LaTonisha"], "log": "|j|\u2606deathdarkgon\n|j|\u2606LaTonisha\n|t:|1733833508\n|gametype|singles\n|player|p1|deathdarkgon|guitarist|1541\n|player|p2|LaTonisha|cynthia-gen4|1492\n|teamsize|p1|6\n|teamsize|p2|6\n|gen|9\n|tier|[Gen 9] Random Battle\n|rated|\n|rule|Species Clause: Limit one of each Pok\u00e9mon\n|rule|HP Percentage Mod: HP is shown in percentages\n|rule|Sleep Clause Mod: Limit one foe put to sleep\n|rule|Illusion Level Mod: Illusion disguises the Pok\u00e9mon's true level\n|\n|t:|1733833508\n|start\n|switch|p1a: Dodrio|Dodrio, L86, M|243/243\n|switch|p2a: Tauros|Tauros-Paldea-Combat, L82, M|257/257\n|-ability|p2a: Tauros|Intimidate|boost\n|-unboost|p1a: Dodrio|atk|1\n|turn|1\n|c|\u2606deathdarkgon|Glhf\n|\n|t:|1733833560\n|move|p1a: Dodrio|Swords Dance|p1a: Dodrio\n|-boost|p1a: Dodrio|atk|2\n|move|p2a: Tauros|Stone Edge|p1a: Dodrio\n|-supereffective|p1a: Dodrio\n|-damage|p1a: Dodrio|9/243\n|\n|upkeep\n|turn|2\n|inactive|Battle timer is ON: inactive players will automatically lose when time's up. (requested by LaTonisha)\n|\n|t:|1733833570\n|switch|p2a: Glalie|Glalie, L96, F|309/309\n|move|p1a: Dodrio|Brave Bird|p2a: Glalie\n|-damage|p2a: Glalie|89/309\n|-damage|p1a: Dodrio|0 fnt|[from] Recoil\n|faint|p1a: Dodrio\n|\n|upkeep\n|\n|t:|1733833583\n|switch|p1a: Pyroar|Pyroar, L88, F|295/295\n|-ability|p1a: Pyroar|Unnerve\n|turn|3\n|\n|t:|1733833594\n|move|p1a: Pyroar|Fire Blast|p2a: Glalie\n|-supereffective|p2a: Glalie\n|-damage|p2a: Glalie|0 fnt\n|faint|p2a: Glalie\n|\n|upkeep\n|\n|t:|1733833606\n|switch|p2a: Toxtricity|Toxtricity, L82, F|257/257\n|turn|4\n|\n|t:|1733833613\n|move|p1a: Pyroar|Fire Blast|p2a: Toxtricity\n|-damage|p2a: Toxtricity|92/257\n|-status|p2a: Toxtricity|brn\n|move|p2a: Toxtricity|Shift Gear|p2a: Toxtricity\n|-boost|p2a: Toxtricity|spe|2\n|-boost|p2a: Toxtricity|atk|1\n|\n|-damage|p2a: Toxtricity|76/257 brn|[from] brn\n|upkeep\n|turn|5\n|\n|t:|1733833640\n|-terastallize|p2a: Toxtricity|Normal\n|move|p2a: Toxtricity|Boomburst|p1a: Pyroar\n|-damage|p1a: Pyroar|45/295\n|-enditem|p2a: Toxtricity|Throat Spray\n|-boost|p2a: Toxtricity|spa|1|[from] item: Throat Spray\n|move|p1a: Pyroar|Hyper Voice|p2a: Toxtricity\n|-damage|p2a: Toxtricity|11/257 brn\n|\n|-damage|p2a: Toxtricity|0 fnt|[from] brn\n|faint|p2a: Toxtricity\n|upkeep\n|inactive|LaTonisha has 120 seconds left.\n|\n|t:|1733833657\n|switch|p2a: Passimian|Passimian, L83, M|302/302\n|turn|6\n|\n|t:|1733833662\n|move|p2a: Passimian|Knock Off|p1a: Pyroar\n|-damage|p1a: Pyroar|0 fnt\n|-enditem|p1a: Pyroar|Heavy-Duty Boots|[from] move: Knock Off|[of] p2a: Passimian\n|faint|p1a: Pyroar\n|\n|upkeep\n|\n|t:|1733833675\n|switch|p1a: Serperior|Serperior, L79, F|248/248\n|turn|7\n|\n|t:|1733833682\n|move|p2a: Passimian|Knock Off|p1a: Serperior\n|-damage|p1a: Serperior|162/248\n|-enditem|p1a: Serperior|Life Orb|[from] move: Knock Off|[of] p2a: Passimian\n|move|p1a: Serperior|Glare|p2a: Passimian\n|-status|p2a: Passimian|par\n|\n|upkeep\n|turn|8\n|\n|t:|1733833691\n|switch|p2a: Vigoroth|Vigoroth, L85, M|275/275\n|move|p1a: Serperior|Leaf Storm|p2a: Vigoroth\n|-damage|p2a: Vigoroth|173/275\n|-boost|p1a: Serperior|spa|2\n|\n|upkeep\n|turn|9\n|\n|t:|1733833703\n|move|p1a: Serperior|Leaf Storm|p2a: Vigoroth\n|-damage|p2a: Vigoroth|0 fnt\n|-boost|p1a: Serperior|spa|2\n|faint|p2a: Vigoroth\n|\n|upkeep\n|\n|t:|1733833709\n|switch|p2a: Ditto|Ditto, L87|225/225\n|-transform|p2a: Ditto|p1a: Serperior|[from] ability: Imposter\n|turn|10\n|\n|t:|1733833724\n|move|p2a: Ditto|Tera Blast|p1a: Serperior\n|-damage|p1a: Serperior|33/248\n|move|p1a: Serperior|Glare|p2a: Ditto\n|-status|p2a: Ditto|par\n|\n|upkeep\n|turn|11\n|\n|t:|1733833734\n|move|p1a: Serperior|Tera Blast|p2a: Ditto\n|-damage|p2a: Ditto|112/225 par\n|cant|p2a: Ditto|par\n|\n|upkeep\n|turn|12\n|\n|t:|1733833741\n|move|p1a: Serperior|Tera Blast|p2a: Ditto\n|-damage|p2a: Ditto|0 fnt\n|faint|p2a: Ditto\n|\n|upkeep\n|-message|LaTonisha forfeited.\n|\n|win|deathdarkgon\n|raw|deathdarkgon's rating: 1541 &rarr; <strong>1558</strong><br />(+17 for winning)\n|raw|LaTonisha's rating: 1492 &rarr; <strong>1475</strong><br />(-17 for losing)\n|l|\u2606LaTonisha\n|player|p2|\n|c|\u2606deathdarkgon|Gg\n", "inputlog": ">version bfd83cad13791eb5a5a409923076391caf6fb4d4\n>start {\"formatid\":\"gen9randombattle\",\"seed\":[9603,47775,55194,57312],\"rated\":\"Rated battle\"}\n>player p1 {\"name\":\"deathdarkgon\",\"avatar\":\"guitarist\",\"rating\":1541,\"seed\":[60525,40203,40642,40846]}\n>player p2 {\"name\":\"LaTonisha\",\"avatar\":\"cynthia-gen4\",\"rating\":1492,\"seed\":[23820,39152,13129,24796]}\n>chat \u2606deathdarkgon|Glhf\n>p1 move swordsdance\n>p2 move stoneedge\n>p1 move bravebird\n>p2 switch 6\n>p1 switch 5\n>p1 move fireblast\n>p2 move earthquake\n>p2 switch 2\n>p1 move fireblast\n>p2 move shiftgear\n>p1 move hypervoice\n>p2 move boomburst terastallize\n>p2 switch 5\n>p1 move willowisp\n>p2 move knockoff\n>p1 switch 3\n>p1 move glare\n>p2 move knockoff\n>p1 move leafstorm\n>p2 switch 4\n>p1 move leafstorm\n>p2 move bodyslam\n>p2 switch 3\n>p1 move glare\n>p2 move terablast\n>p1 move terablast\n>p2 move terablast\n>p1 move terablast\n>p2 move terablast\n>forcelose p2", "uploadtime": 1733833752, "views": 2, "formatid": "gen9randombattle", "rating": 1475, "private": 0, "password": null}