{"id": "gen9randombattle-2260834321", "format": "[Gen 9] Random Battle", "players": ["RoboWahbit", "Gold Squirrel"], "log": "|j|\u2606RoboWahbit\n|j|\u2606Gold Squirrel\n|t:|1733900774\n|gametype|singles\n|player|p1|RoboWahbit|101|1196\n|player|p2|Gold Squirrel|wattson|1228\n|teamsize|p1|6\n|teamsize|p2|6\n|gen|9\n|tier|[Gen 9] Random Battle\n|rated|\n|rule|Species Clause: Limit one of each Pok\u00e9mon\n|rule|HP Percentage Mod: HP is shown in percentages\n|rule|Sleep Clause Mod: Limit one foe put to sleep\n|rule|Illusion Level Mod: Illusion disguises the Pok\u00e9mon's true level\n|\n|t:|1733900774\n|start\n|switch|p1a: Kricketune|Kricketune, L99, F|311/311\n|switch|p2a: Tyranitar|Tyranitar, L79, M|288/288\n|-weather|Sandstorm|[from] ability: Sand Stream|[of] p2a: Tyranitar\n|turn|1\n|c|\u2606RoboWahbit|hf\n|inactive|Battle timer is ON: inactive players will automatically lose when time's up. (requested by RoboWahbit)\n|\n|t:|1733900789\n|switch|p1a: Wugtrio|Wugtrio, L91, F|212/212\n|move|p2a: Tyranitar|Stealth Rock|p1a: Wugtrio\n|-sidestart|p1: RoboWahbit|move: Stealth Rock\n|\n|-weather|Sandstorm|[upkeep]\n|-damage|p1a: Wugtrio|199/212|[from] Sandstorm\n|upkeep\n|turn|2\n|\n|t:|1733900802\n|move|p1a: Wugtrio|Liquidation|p2a: Tyranitar\n|-supereffective|p2a: Tyranitar\n|-damage|p2a: Tyranitar|0 fnt\n|faint|p2a: Tyranitar\n|\n|-weather|Sandstorm|[upkeep]\n|-damage|p1a: Wugtrio|186/212|[from] Sandstorm\n|upkeep\n|\n|t:|1733900817\n|switch|p2a: Jolteon|Jolteon, L84, M|246/246\n|turn|3\n|\n|t:|1733900822\n|switch|p1a: Toedscruel|Toedscruel, L87, F|281/281\n|-damage|p1a: Toedscruel|264/281|[from] Stealth Rock\n|move|p2a: Jolteon|Substitute|p2a: Jolteon\n|-start|p2a: Jolteon|Substitute\n|-damage|p2a: Jolteon|185/246\n|\n|-weather|Sandstorm|[upkeep]\n|-damage|p2a: Jolteon|170/246|[from] Sandstorm\n|-heal|p2a: Jolteon|185/246|[from] item: Leftovers\n|upkeep\n|turn|4\n|\n|t:|1733900838\n|move|p2a: Jolteon|Calm Mind|p2a: Jolteon\n|-boost|p2a: Jolteon|spa|1\n|-boost|p2a: Jolteon|spd|1\n|move|p1a: Toedscruel|Giga Drain|p2a: Jolteon\n|-activate|p2a: Jolteon|move: Substitute|[damage]\n|-heal|p1a: Toedscruel|281/281|[from] drain|[of] p2a: Jolteon\n|\n|-weather|Sandstorm|[upkeep]\n|-damage|p2a: Jolteon|170/246|[from] Sandstorm\n|-heal|p2a: Jolteon|185/246|[from] item: Leftovers\n|upkeep\n|turn|5\n|\n|t:|1733900850\n|-terastallize|p2a: Jolteon|Ice\n|move|p2a: Jolteon|Tera Blast|p1a: Toedscruel|[anim] Tera Blast Ice\n|-supereffective|p1a: Toedscruel\n|-damage|p1a: Toedscruel|0 fnt\n|faint|p1a: Toedscruel\n|\n|-weather|none\n|-heal|p2a: Jolteon|200/246|[from] item: Leftovers\n|upkeep\n|\n|t:|1733900851\n|switch|p1a: Pachirisu|Pachirisu, L96, M|271/271\n|turn|6\n|\n|t:|1733900866\n|move|p2a: Jolteon|Tera Blast|p1a: Pachirisu|[anim] Tera Blast Ice\n|-damage|p1a: Pachirisu|154/271\n|move|p1a: Pachirisu|Super Fang|p2a: Jolteon\n|-end|p2a: Jolteon|Substitute\n|\n|-heal|p2a: Jolteon|215/246|[from] item: Leftovers\n|upkeep\n|turn|7\n|\n|t:|1733900878\n|move|p2a: Jolteon|Tera Blast|p1a: Pachirisu|[anim] Tera Blast Ice\n|-damage|p1a: Pachirisu|34/271\n|move|p1a: Pachirisu|U-turn|p2a: Jolteon\n|-damage|p2a: Jolteon|166/246\n|\n|t:|1733900878\n|switch|p1a: Wugtrio|Wugtrio, L91, F|186/212|[from] U-turn\n|-damage|p1a: Wugtrio|160/212|[from] Stealth Rock\n|\n|-heal|p2a: Jolteon|181/246|[from] item: Leftovers\n|upkeep\n|turn|8\n|\n|t:|1733900893\n|move|p1a: Wugtrio|Liquidation|p2a: Jolteon\n|-damage|p2a: Jolteon|0 fnt\n|faint|p2a: Jolteon\n|\n|upkeep\n|\n|t:|1733900913\n|switch|p2a: Kilowattrel|Kilowattrel, L83, F|252/252\n|turn|9\n|\n|t:|1733900923\n|move|p1a: Wugtrio|Liquidation|p2a: Kilowattrel\n|-damage|p2a: Kilowattrel|26/252\n|move|p2a: Kilowattrel|Thunderbolt|p1a: Wugtrio\n|-supereffective|p1a: Wugtrio\n|-damage|p1a: Wugtrio|0 fnt\n|faint|p1a: Wugtrio\n|\n|upkeep\n|\n|t:|1733900923\n|switch|p1a: Pachirisu|Pachirisu, L96, M|34/271\n|turn|10\n|inactive|Gold Squirrel has 120 seconds left.\n|\n|t:|1733900946\n|move|p2a: Kilowattrel|Thunderbolt|p1a: Pachirisu\n|-heal|p1a: Pachirisu|101/271|[from] ability: Volt Absorb|[of] p2a: Kilowattrel\n|move|p1a: Pachirisu|Super Fang|p2a: Kilowattrel\n|-damage|p2a: Kilowattrel|13/252\n|\n|upkeep\n|turn|11\n|\n|t:|1733900950\n|move|p2a: Kilowattrel|Hurricane|p1a: Pachirisu|[miss]\n|-miss|p2a: Kilowattrel|p1a: Pachirisu\n|move|p1a: Pachirisu|Super Fang|p2a: Kilowattrel\n|-damage|p2a: Kilowattrel|7/252\n|\n|upkeep\n|turn|12\n|\n|t:|1733900956\n|move|p2a: Kilowattrel|Hurricane|p1a: Pachirisu\n|-resisted|p1a: Pachirisu\n|-damage|p1a: Pachirisu|51/271\n|move|p1a: Pachirisu|Discharge|p2a: Kilowattrel\n|-heal|p2a: Kilowattrel|70/252|[from] ability: Volt Absorb|[of] p1a: Pachirisu\n|\n|upkeep\n|turn|13\n|\n|t:|1733900962\n|switch|p1a: Dialga|Dialga-Origin, L73|266/266\n|-damage|p1a: Dialga|250/266|[from] Stealth Rock\n|-ability|p1a: Dialga|Pressure\n|move|p2a: Kilowattrel|Hurricane|p1a: Dialga\n|-resisted|p1a: Dialga\n|-damage|p1a: Dialga|192/266\n|\n|upkeep\n|turn|14\n|\n|t:|1733900974\n|move|p2a: Kilowattrel|Thunder Wave|p1a: Dialga\n|-status|p1a: Dialga|par\n|move|p1a: Dialga|Fire Blast|p2a: Kilowattrel\n|-damage|p2a: Kilowattrel|0 fnt\n|faint|p2a: Kilowattrel\n|\n|upkeep\n|\n|t:|1733900983\n|switch|p2a: Flygon|Flygon, L82, M|265/265\n|turn|15\n|\n|t:|1733900992\n|move|p2a: Flygon|Earthquake|p1a: Dialga\n|-supereffective|p1a: Dialga\n|-damage|p1a: Dialga|0 fnt\n|faint|p1a: Dialga\n|\n|upkeep\n|\n|t:|1733900993\n|switch|p1a: Duraludon|Duraludon, L82, M|249/249\n|-damage|p1a: Duraludon|234/249|[from] Stealth Rock\n|turn|16\n|\n|t:|1733901003\n|move|p2a: Flygon|Earthquake|p1a: Duraludon\n|-supereffective|p1a: Duraludon\n|-damage|p1a: Duraludon|126/249\n|move|p1a: Duraludon|Draco Meteor|p2a: Flygon\n|-supereffective|p2a: Flygon\n|-damage|p2a: Flygon|0 fnt\n|-unboost|p1a: Duraludon|spa|2\n|faint|p2a: Flygon\n|\n|upkeep\n|\n|t:|1733901016\n|switch|p2a: Wo-Chien|Wo-Chien, L83|277/277\n|-ability|p2a: Wo-Chien|Tablets of Ruin\n|turn|17\n|\n|t:|1733901028\n|switch|p1a: Kricketune|Kricketune, L99, F|311/311\n|-damage|p1a: Kricketune|234/311|[from] Stealth Rock\n|move|p2a: Wo-Chien|Leech Seed|p1a: Kricketune\n|-start|p1a: Kricketune|move: Leech Seed\n|\n|-damage|p1a: Kricketune|196/311|[from] Leech Seed|[of] p2a: Wo-Chien\n|upkeep\n|turn|18\n|\n|t:|1733901037\n|move|p1a: Kricketune|Sticky Web|p2a: Wo-Chien\n|-sidestart|p2: Gold Squirrel|move: Sticky Web\n|move|p2a: Wo-Chien|Knock Off|p1a: Kricketune\n|-damage|p1a: Kricketune|79/311\n|-enditem|p1a: Kricketune|Focus Sash|[from] move: Knock Off|[of] p2a: Wo-Chien\n|\n|-damage|p1a: Kricketune|41/311|[from] Leech Seed|[of] p2a: Wo-Chien\n|upkeep\n|turn|19\n|\n|t:|1733901049\n|move|p1a: Kricketune|Pounce|p2a: Wo-Chien\n|-supereffective|p2a: Wo-Chien\n|-damage|p2a: Wo-Chien|1/277\n|-unboost|p2a: Wo-Chien|spe|1\n|move|p2a: Wo-Chien|Leech Seed||[still]\n|-fail|p2a: Wo-Chien\n|\n|-heal|p2a: Wo-Chien|18/277|[from] item: Leftovers\n|-damage|p1a: Kricketune|3/311|[from] Leech Seed|[of] p2a: Wo-Chien\n|-heal|p2a: Wo-Chien|56/277|[silent]\n|upkeep\n|turn|20\n|\n|t:|1733901055\n|move|p2a: Wo-Chien|Protect|p2a: Wo-Chien\n|-singleturn|p2a: Wo-Chien|Protect\n|move|p1a: Kricketune|Pounce|p2a: Wo-Chien\n|-activate|p2a: Wo-Chien|move: Protect\n|\n|-heal|p2a: Wo-Chien|73/277|[from] item: Leftovers\n|-damage|p1a: Kricketune|0 fnt|[from] Leech Seed|[of] p2a: Wo-Chien\n|-heal|p2a: Wo-Chien|76/277|[silent]\n|faint|p1a: Kricketune\n|upkeep\n|\n|t:|1733901055\n|switch|p1a: Pachirisu|Pachirisu, L96, M|51/271\n|turn|21\n|\n|t:|1733901071\n|move|p1a: Pachirisu|U-turn|p2a: Wo-Chien\n|-supereffective|p2a: Wo-Chien\n|-damage|p2a: Wo-Chien|0 fnt\n|faint|p2a: Wo-Chien\n|\n|t:|1733901071\n|switch|p1a: Duraludon|Duraludon, L82, M|126/249|[from] U-turn\n|-damage|p1a: Duraludon|111/249|[from] Stealth Rock\n|\n|upkeep\n|\n|t:|1733901073\n|switch|p2a: Venomoth|Venomoth, L84, F|255/255\n|turn|22\n|\n|t:|1733901083\n|move|p2a: Venomoth|Sleep Powder|p1a: Duraludon\n|-status|p1a: Duraludon|slp|[from] move: Sleep Powder\n|cant|p1a: Duraludon|slp\n|\n|upkeep\n|turn|23\n|\n|t:|1733901090\n|switch|p1a: Pachirisu|Pachirisu, L96, M|51/271\n|move|p2a: Venomoth|Quiver Dance|p2a: Venomoth\n|-boost|p2a: Venomoth|spa|1\n|-boost|p2a: Venomoth|spd|1\n|-boost|p2a: Venomoth|spe|1\n|\n|upkeep\n|turn|24\n|\n|t:|1733901104\n|move|p2a: Venomoth|Bug Buzz|p1a: Pachirisu\n|-damage|p1a: Pachirisu|0 fnt\n|faint|p1a: Pachirisu\n|\n|upkeep\n|\n|t:|1733901104\n|switch|p1a: Duraludon|Duraludon, L82, M|111/249 slp\n|-damage|p1a: Duraludon|96/249 slp|[from] Stealth Rock\n|turn|25\n|\n|t:|1733901114\n|-terastallize|p1a: Duraludon|Fighting\n|move|p2a: Venomoth|Bug Buzz|p1a: Duraludon\n|-resisted|p1a: Duraludon\n|-damage|p1a: Duraludon|0 fnt\n|faint|p1a: Duraludon\n|\n|win|Gold Squirrel\n|raw|RoboWahbit's rating: 1196 &rarr; <strong>1173</strong><br />(-23 for losing)\n|raw|Gold Squirrel's rating: 1228 &rarr; <strong>1251</strong><br />(+23 for winning)\n|c|\u2606RoboWahbit|gg\n", "inputlog": ">version bfd83cad13791eb5a5a409923076391caf6fb4d4\n>start {\"formatid\":\"gen9randombattle\",\"seed\":[24728,18314,47256,24810],\"rated\":\"Rated battle\"}\n>player p1 {\"name\":\"RoboWahbit\",\"avatar\":\"101\",\"rating\":1196,\"seed\":[54208,56182,41526,30188]}\n>player p2 {\"name\":\"Gold Squirrel\",\"avatar\":\"wattson\",\"rating\":1228,\"seed\":[30682,48146,18808,50192]}\n>chat \u2606RoboWahbit|hf\n>p1 switch 5\n>p2 move stealthrock\n>p1 move liquidation\n>p2 move knockoff\n>p2 switch 4\n>p1 switch 4\n>p2 move substitute\n>p1 move gigadrain\n>p2 move calmmind\n>p1 move earthpower\n>p2 move terablast terastallize\n>p1 switch 6\n>p1 move superfang\n>p2 move terablast\n>p1 move uturn\n>p2 move terablast\n>p1 switch 4\n>p1 move liquidation\n>p2 move thunderbolt\n>p2 switch 2\n>p1 move liquidation\n>p2 move thunderbolt\n>p1 switch 4\n>p1 move superfang\n>p2 move thunderbolt\n>p1 move superfang\n>p2 move hurricane\n>p1 move discharge\n>p2 move hurricane\n>p1 switch 2\n>p2 move hurricane\n>p1 move fireblast\n>p2 move thunderwave\n>p2 switch 6\n>p1 move flashcannon\n>p2 move earthquake\n>p1 switch 3\n>p1 move dracometeor\n>p2 move earthquake\n>p2 switch 3\n>p1 switch 5\n>p2 move leechseed\n>p1 move stickyweb\n>p2 move knockoff\n>p1 move pounce\n>p2 move leechseed\n>p1 move pounce\n>p2 move protect\n>p1 switch 2\n>p1 move uturn\n>p2 move knockoff\n>p1 switch 5\n>p2 switch 5\n>p1 move flashcannon\n>p2 move sleeppowder\n>p1 switch 5\n>p2 move quiverdance\n>p1 move superfang\n>p2 move bugbuzz\n>p1 switch 5\n>p1 move dragontail terastallize\n>p2 move bugbuzz", "uploadtime": 1733901115, "views": 1, "formatid": "gen9randombattle", "rating": 1173, "private": 0, "password": null}