{"id": "gen9randombattle-2260906044", "format": "[Gen 9] Random Battle", "players": ["TryHard_Demon", "Paraspikes"], "log": "|j|\u2606TryHard_Demon\n|j|\u203dParaspikes\n|t:|1733914465\n|gametype|singles\n|player|p1|TryHard_Demon|flannery|1544\n|player|p2|Paraspikes|266|1577\n|teamsize|p1|6\n|teamsize|p2|6\n|gen|9\n|tier|[Gen 9] Random Battle\n|rated|\n|rule|Species Clause: Limit one of each Pok\u00e9mon\n|rule|HP Percentage Mod: HP is shown in percentages\n|rule|Sleep Clause Mod: Limit one foe put to sleep\n|rule|Illusion Level Mod: Illusion disguises the Pok\u00e9mon's true level\n|\n|t:|1733914465\n|start\n|switch|p1a: Grafaiai|Grafaiai, L86, F|249/249\n|switch|p2a: Garchomp|Garchomp, L74, M|282/282\n|turn|1\n|inactive|Battle timer is ON: inactive players will automatically lose when time's up. (requested by TryHard_Demon)\n|\n|t:|1733914476\n|move|p1a: Grafaiai|Parting Shot|p2a: Garchomp\n|-unboost|p2a: Garchomp|atk|1\n|-unboost|p2a: Garchomp|spa|1\n|\n|t:|1733914481\n|switch|p1a: Lapras|Lapras, L87, M|367/367|[from] Parting Shot\n|move|p2a: Garchomp|Earthquake|p1a: Lapras\n|-damage|p1a: Lapras|294/367\n|\n|upkeep\n|turn|2\n|\n|t:|1733914491\n|switch|p2a: Sylveon|Sylveon, L85, M|300/300\n|move|p1a: Lapras|Dragon Dance|p1a: Lapras\n|-boost|p1a: Lapras|atk|1\n|-boost|p1a: Lapras|spe|1\n|\n|upkeep\n|turn|3\n|\n|t:|1733914502\n|move|p1a: Lapras|Icicle Spear|p2a: Sylveon\n|-damage|p2a: Sylveon|252/300\n|-damage|p2a: Sylveon|203/300\n|-damage|p2a: Sylveon|157/300\n|-damage|p2a: Sylveon|109/300\n|-damage|p2a: Sylveon|61/300\n|-hitcount|p2a: Sylveon|5\n|move|p2a: Sylveon|Hyper Voice|p1a: Lapras\n|-damage|p1a: Lapras|180/367\n|\n|-heal|p2a: Sylveon|79/300|[from] item: Leftovers\n|upkeep\n|turn|4\n|\n|t:|1733914509\n|switch|p2a: Alomomola|Alomomola, L87, F|429/429\n|move|p1a: Lapras|Icicle Spear|p2a: Alomomola\n|-resisted|p2a: Alomomola\n|-damage|p2a: Alomomola|408/429\n|-resisted|p2a: Alomomola\n|-damage|p2a: Alomomola|386/429\n|-resisted|p2a: Alomomola\n|-damage|p2a: Alomomola|365/429\n|-resisted|p2a: Alomomola\n|-damage|p2a: Alomomola|343/429\n|-hitcount|p2a: Alomomola|4\n|\n|upkeep\n|turn|5\n|\n|t:|1733914514\n|move|p1a: Lapras|Earthquake|p2a: Alomomola\n|-damage|p2a: Alomomola|239/429\n|move|p2a: Alomomola|Wish|p2a: Alomomola\n|\n|upkeep\n|turn|6\n|\n|t:|1733914536\n|switch|p2a: Mew|Mew, L82|298/298\n|move|p1a: Lapras|Dragon Dance|p1a: Lapras\n|-boost|p1a: Lapras|atk|1\n|-boost|p1a: Lapras|spe|1\n|\n|upkeep\n|turn|7\n|\n|t:|1733914552\n|move|p1a: Lapras|Icicle Spear|p2a: Mew\n|-damage|p2a: Mew|246/298\n|-crit|p2a: Mew\n|-damage|p2a: Mew|174/298\n|-damage|p2a: Mew|122/298\n|-damage|p2a: Mew|71/298\n|-damage|p2a: Mew|20/298\n|-hitcount|p2a: Mew|5\n|move|p2a: Mew|Psyshock|p1a: Lapras\n|-damage|p1a: Lapras|70/367\n|-damage|p2a: Mew|0 fnt|[from] item: Life Orb\n|faint|p2a: Mew\n|\n|upkeep\n|\n|t:|1733914557\n|switch|p2a: Garchomp|Garchomp, L74, M|282/282\n|turn|8\n|\n|t:|1733914561\n|-terastallize|p2a: Garchomp|Fire\n|move|p1a: Lapras|Icicle Spear|p2a: Garchomp\n|-resisted|p2a: Garchomp\n|-damage|p2a: Garchomp|255/282\n|-resisted|p2a: Garchomp\n|-damage|p2a: Garchomp|227/282\n|-resisted|p2a: Garchomp\n|-damage|p2a: Garchomp|200/282\n|-resisted|p2a: Garchomp\n|-damage|p2a: Garchomp|174/282\n|-hitcount|p2a: Garchomp|4\n|move|p2a: Garchomp|Scale Shot|p1a: Lapras\n|-damage|p1a: Lapras|43/367\n|-crit|p1a: Lapras\n|-damage|p1a: Lapras|1/367\n|-damage|p1a: Lapras|0 fnt\n|faint|p1a: Lapras\n|-hitcount|p1: Lapras|3\n|-unboost|p2a: Garchomp|def|1\n|-boost|p2a: Garchomp|spe|1\n|\n|upkeep\n|\n|t:|1733914566\n|switch|p1a: Grafaiai|Grafaiai, L86, F|249/249\n|turn|9\n|\n|t:|1733914569\n|move|p1a: Grafaiai|Parting Shot|p2a: Garchomp\n|-unboost|p2a: Garchomp|atk|1\n|-unboost|p2a: Garchomp|spa|1\n|\n|t:|1733914573\n|switch|p1a: Garchomp|Garchomp, L74, F|282/282|[from] Parting Shot\n|move|p2a: Garchomp|Earthquake|p1a: Garchomp\n|-damage|p1a: Garchomp|207/282\n|\n|upkeep\n|turn|10\n|\n|t:|1733914578\n|switch|p2a: Alomomola|Alomomola, L87, F|382/429\n|move|p1a: Garchomp|Earthquake|p2a: Alomomola\n|-damage|p2a: Alomomola|273/429\n|\n|upkeep\n|turn|11\n|\n|t:|1733914581\n|switch|p1a: Jolteon|Jolteon, L84, F|246/246\n|move|p2a: Alomomola|Wish|p2a: Alomomola\n|\n|upkeep\n|turn|12\n|\n|t:|1733914592\n|switch|p2a: Sylveon|Sylveon, L85, M|79/300\n|move|p1a: Jolteon|Calm Mind|p1a: Jolteon\n|-boost|p1a: Jolteon|spa|1\n|-boost|p1a: Jolteon|spd|1\n|\n|-heal|p2a: Sylveon|293/300|[from] move: Wish|[wisher] Alomomola\n|-heal|p2a: Sylveon|300/300|[from] item: Leftovers\n|upkeep\n|turn|13\n|\n|t:|1733914596\n|move|p1a: Jolteon|Thunderbolt|p2a: Sylveon\n|-damage|p2a: Sylveon|186/300\n|move|p2a: Sylveon|Calm Mind|p2a: Sylveon\n|-boost|p2a: Sylveon|spa|1\n|-boost|p2a: Sylveon|spd|1\n|\n|-heal|p2a: Sylveon|204/300|[from] item: Leftovers\n|upkeep\n|turn|14\n|\n|t:|1733914602\n|switch|p1a: Grafaiai|Grafaiai, L86, F|249/249\n|move|p2a: Sylveon|Wish|p2a: Sylveon\n|\n|-heal|p2a: Sylveon|222/300|[from] item: Leftovers\n|upkeep\n|turn|15\n|\n|t:|1733914607\n|switch|p2a: Garchomp|Garchomp, L74, M, tera:Fire|174/282\n|move|p1a: Grafaiai|Gunk Shot|p2a: Garchomp\n|-damage|p2a: Garchomp|42/282\n|-status|p2a: Garchomp|psn\n|\n|-heal|p2a: Garchomp|192/282 psn|[from] move: Wish|[wisher] Sylveon\n|-damage|p2a: Garchomp|157/282 psn|[from] psn\n|upkeep\n|turn|16\n|\n|t:|1733914617\n|move|p1a: Grafaiai|Gunk Shot|p2a: Garchomp\n|-damage|p2a: Garchomp|13/282 psn\n|move|p2a: Garchomp|Earthquake|p1a: Grafaiai\n|-supereffective|p1a: Grafaiai\n|-damage|p1a: Grafaiai|0 fnt\n|faint|p1a: Grafaiai\n|\n|-damage|p2a: Garchomp|0 fnt|[from] psn\n|faint|p2a: Garchomp\n|upkeep\n|\n|t:|1733914627\n|switch|p1a: Garchomp|Garchomp, L74, F|207/282\n|switch|p2a: Sylveon|Sylveon, L85, M|222/300\n|turn|17\n|\n|t:|1733914634\n|move|p1a: Garchomp|Earthquake|p2a: Sylveon\n|-damage|p2a: Sylveon|95/300\n|move|p2a: Sylveon|Wish|p2a: Sylveon\n|\n|-heal|p2a: Sylveon|113/300|[from] item: Leftovers\n|upkeep\n|turn|18\n|\n|t:|1733914640\n|switch|p1a: Ambipom|Ambipom, L84, F|263/263\n|move|p2a: Sylveon|Protect||[still]\n|-fail|p2a: Sylveon\n|\n|-heal|p2a: Sylveon|263/300|[from] move: Wish|[wisher] Sylveon\n|-heal|p2a: Sylveon|281/300|[from] item: Leftovers\n|upkeep\n|turn|19\n|\n|t:|1733914648\n|move|p2a: Sylveon|Protect|p2a: Sylveon\n|-singleturn|p2a: Sylveon|Protect\n|move|p1a: Ambipom|Double-Edge|p2a: Sylveon\n|-activate|p2a: Sylveon|move: Protect\n|\n|-heal|p2a: Sylveon|299/300|[from] item: Leftovers\n|upkeep\n|turn|20\n|\n|t:|1733914653\n|switch|p2a: Heatran|Heatran, L79, F|273/273\n|-item|p2a: Heatran|Air Balloon\n|move|p1a: Ambipom|Double-Edge|p2a: Heatran\n|-resisted|p2a: Heatran\n|-damage|p2a: Heatran|186/273\n|-enditem|p2a: Heatran|Air Balloon\n|-damage|p1a: Ambipom|234/263|[from] Recoil\n|\n|upkeep\n|turn|21\n|\n|t:|1733914662\n|switch|p1a: Garchomp|Garchomp, L74, F|207/282\n|move|p2a: Heatran|Stealth Rock|p1a: Garchomp\n|-sidestart|p1: TryHard_Demon|move: Stealth Rock\n|\n|upkeep\n|turn|22\n|\n|t:|1733914664\n|switch|p2a: Alomomola|Alomomola, L87, F|416/429\n|move|p1a: Garchomp|Earthquake|p2a: Alomomola\n|-damage|p2a: Alomomola|313/429\n|\n|upkeep\n|turn|23\n|\n|t:|1733914671\n|switch|p1a: Jolteon|Jolteon, L84, F|246/246\n|-damage|p1a: Jolteon|216/246|[from] Stealth Rock\n|move|p2a: Alomomola|Flip Turn|p1a: Jolteon\n|-damage|p1a: Jolteon|140/246\n|\n|t:|1733914676\n|switch|p2a: Sylveon|Sylveon, L85, M|299/300|[from] Flip Turn\n|\n|-heal|p1a: Jolteon|155/246|[from] item: Leftovers\n|-heal|p2a: Sylveon|300/300|[from] item: Leftovers\n|upkeep\n|turn|24\n|\n|t:|1733914680\n|move|p1a: Jolteon|Calm Mind|p1a: Jolteon\n|-boost|p1a: Jolteon|spa|1\n|-boost|p1a: Jolteon|spd|1\n|move|p2a: Sylveon|Hyper Voice|p1a: Jolteon\n|-damage|p1a: Jolteon|70/246\n|\n|-heal|p1a: Jolteon|85/246|[from] item: Leftovers\n|upkeep\n|turn|25\n|\n|t:|1733914683\n|move|p1a: Jolteon|Thunderbolt|p2a: Sylveon\n|-damage|p2a: Sylveon|186/300\n|move|p2a: Sylveon|Calm Mind|p2a: Sylveon\n|-boost|p2a: Sylveon|spa|1\n|-boost|p2a: Sylveon|spd|1\n|\n|-heal|p1a: Jolteon|100/246|[from] item: Leftovers\n|-heal|p2a: Sylveon|204/300|[from] item: Leftovers\n|upkeep\n|turn|26\n|\n|t:|1733914686\n|move|p1a: Jolteon|Thunderbolt|p2a: Sylveon\n|-damage|p2a: Sylveon|128/300\n|-status|p2a: Sylveon|par\n|move|p2a: Sylveon|Wish|p2a: Sylveon\n|\n|-heal|p1a: Jolteon|115/246|[from] item: Leftovers\n|-heal|p2a: Sylveon|146/300 par|[from] item: Leftovers\n|upkeep\n|turn|27\n|\n|t:|1733914692\n|move|p1a: Jolteon|Calm Mind|p1a: Jolteon\n|-boost|p1a: Jolteon|spa|1\n|-boost|p1a: Jolteon|spd|1\n|move|p2a: Sylveon|Hyper Voice|p1a: Jolteon\n|-damage|p1a: Jolteon|21/246\n|\n|-heal|p2a: Sylveon|296/300 par|[from] move: Wish|[wisher] Sylveon\n|-heal|p1a: Jolteon|36/246|[from] item: Leftovers\n|-heal|p2a: Sylveon|300/300 par|[from] item: Leftovers\n|upkeep\n|turn|28\n|\n|t:|1733914696\n|move|p1a: Jolteon|Thunderbolt|p2a: Sylveon\n|-damage|p2a: Sylveon|197/300 par\n|cant|p2a: Sylveon|par\n|\n|-heal|p1a: Jolteon|51/246|[from] item: Leftovers\n|-heal|p2a: Sylveon|215/300 par|[from] item: Leftovers\n|upkeep\n|turn|29\n|\n|t:|1733914701\n|move|p1a: Jolteon|Thunderbolt|p2a: Sylveon\n|-damage|p2a: Sylveon|121/300 par\n|cant|p2a: Sylveon|par\n|\n|-heal|p1a: Jolteon|66/246|[from] item: Leftovers\n|-heal|p2a: Sylveon|139/300 par|[from] item: Leftovers\n|upkeep\n|turn|30\n|\n|t:|1733914706\n|move|p2a: Sylveon|Protect|p2a: Sylveon\n|-singleturn|p2a: Sylveon|Protect\n|move|p1a: Jolteon|Thunderbolt|p2a: Sylveon\n|-activate|p2a: Sylveon|move: Protect\n|\n|-heal|p1a: Jolteon|81/246|[from] item: Leftovers\n|-heal|p2a: Sylveon|157/300 par|[from] item: Leftovers\n|upkeep\n|turn|31\n|\n|t:|1733914709\n|move|p1a: Jolteon|Thunderbolt|p2a: Sylveon\n|-damage|p2a: Sylveon|55/300 par\n|move|p2a: Sylveon|Wish|p2a: Sylveon\n|\n|-heal|p1a: Jolteon|96/246|[from] item: Leftovers\n|-heal|p2a: Sylveon|73/300 par|[from] item: Leftovers\n|upkeep\n|turn|32\n|\n|t:|1733914714\n|move|p2a: Sylveon|Protect|p2a: Sylveon\n|-singleturn|p2a: Sylveon|Protect\n|move|p1a: Jolteon|Thunderbolt|p2a: Sylveon\n|-activate|p2a: Sylveon|move: Protect\n|\n|-heal|p2a: Sylveon|223/300 par|[from] move: Wish|[wisher] Sylveon\n|-heal|p1a: Jolteon|111/246|[from] item: Leftovers\n|-heal|p2a: Sylveon|241/300 par|[from] item: Leftovers\n|upkeep\n|turn|33\n|\n|t:|1733914719\n|move|p1a: Jolteon|Thunderbolt|p2a: Sylveon\n|-damage|p2a: Sylveon|136/300 par\n|move|p2a: Sylveon|Hyper Voice|p1a: Jolteon\n|-damage|p1a: Jolteon|20/246\n|\n|-heal|p1a: Jolteon|35/246|[from] item: Leftovers\n|-heal|p2a: Sylveon|154/300 par|[from] item: Leftovers\n|upkeep\n|turn|34\n|\n|t:|1733914730\n|move|p1a: Jolteon|Thunderbolt|p2a: Sylveon\n|-damage|p2a: Sylveon|52/300 par\n|move|p2a: Sylveon|Hyper Voice|p1a: Jolteon\n|-damage|p1a: Jolteon|0 fnt\n|faint|p1a: Jolteon\n|\n|-heal|p2a: Sylveon|70/300 par|[from] item: Leftovers\n|upkeep\n|\n|t:|1733914733\n|switch|p1a: Garchomp|Garchomp, L74, F|207/282\n|-damage|p1a: Garchomp|190/282|[from] Stealth Rock\n|turn|35\n|\n|t:|1733914736\n|switch|p2a: Alomomola|Alomomola, L87, F|429/429\n|move|p1a: Garchomp|Earthquake|p2a: Alomomola\n|-damage|p2a: Alomomola|317/429\n|\n|upkeep\n|turn|36\n|\n|t:|1733914742\n|move|p1a: Garchomp|Spikes|p2a: Alomomola\n|-sidestart|p2: Paraspikes|Spikes\n|move|p2a: Alomomola|Wish|p2a: Alomomola\n|\n|upkeep\n|turn|37\n|\n|t:|1733914750\n|move|p1a: Garchomp|Earthquake|p2a: Alomomola\n|-damage|p2a: Alomomola|215/429\n|move|p2a: Alomomola|Scald|p1a: Garchomp\n|-damage|p1a: Garchomp|130/282\n|\n|-heal|p2a: Alomomola|429/429|[from] move: Wish|[wisher] Alomomola\n|upkeep\n|turn|38\n|\n|t:|1733914754\n|move|p1a: Garchomp|Spikes|p2a: Alomomola\n|-sidestart|p2: Paraspikes|Spikes\n|move|p2a: Alomomola|Scald|p1a: Garchomp\n|-damage|p1a: Garchomp|75/282\n|\n|upkeep\n|turn|39\n|\n|t:|1733914766\n|switch|p1a: Chi-Yu|Chi-Yu, L77|211/211\n|-damage|p1a: Chi-Yu|159/211|[from] Stealth Rock\n|-ability|p1a: Chi-Yu|Beads of Ruin\n|move|p2a: Alomomola|Wish|p2a: Alomomola\n|\n|upkeep\n|turn|40\n|\n|t:|1733914771\n|move|p1a: Chi-Yu|Dark Pulse|p2a: Alomomola\n|-damage|p2a: Alomomola|153/429\n|cant|p2a: Alomomola|flinch\n|\n|-heal|p2a: Alomomola|367/429|[from] move: Wish|[wisher] Alomomola\n|upkeep\n|turn|41\n|\n|t:|1733914777\n|move|p1a: Chi-Yu|Dark Pulse|p2a: Alomomola\n|-crit|p2a: Alomomola\n|-damage|p2a: Alomomola|0 fnt\n|faint|p2a: Alomomola\n|\n|upkeep\n|\n|t:|1733914782\n|switch|p2a: Hawlucha|Hawlucha, L80, M|256/256\n|turn|42\n|\n|t:|1733914792\n|switch|p1a: Ambipom|Ambipom, L84, F|234/263\n|-damage|p1a: Ambipom|202/263|[from] Stealth Rock\n|move|p2a: Hawlucha|Close Combat|p1a: Ambipom\n|-supereffective|p1a: Ambipom\n|-damage|p1a: Ambipom|0 fnt\n|-unboost|p2a: Hawlucha|def|1\n|-unboost|p2a: Hawlucha|spd|1\n|-enditem|p2a: Hawlucha|White Herb\n|-clearnegativeboost|p2a: Hawlucha|[silent]\n|faint|p1a: Ambipom\n|\n|upkeep\n|\n|t:|1733914794\n|switch|p1a: Garchomp|Garchomp, L74, F|75/282\n|-damage|p1a: Garchomp|58/282|[from] Stealth Rock\n|turn|43\n|-message|TryHard_Demon forfeited.\n|\n|win|Paraspikes\n|raw|TryHard_Demon's rating: 1544 &rarr; <strong>1526</strong><br />(-18 for losing)\n|raw|Paraspikes's rating: 1577 &rarr; <strong>1595</strong><br />(+18 for winning)\n|l|\u2606TryHard_Demon\n|player|p1|\n", "inputlog": ">version bfd83cad13791eb5a5a409923076391caf6fb4d4\n>start {\"formatid\":\"gen9randombattle\",\"seed\":[29756,48283,9880,64345],\"rated\":\"Rated battle\"}\n>player p1 {\"name\":\"TryHard_Demon\",\"avatar\":\"flannery\",\"rating\":1544,\"seed\":[22361,64248,35579,45243]}\n>player p2 {\"name\":\"Paraspikes\",\"avatar\":\"266\",\"rating\":1577,\"seed\":[47961,38451,52484,1911]}\n>p1 move partingshot\n>p2 move earthquake\n>p1 switch 6\n>p1 move dragondance\n>p2 switch 3\n>p1 move iciclespear\n>p2 move hypervoice\n>p1 move iciclespear\n>p2 switch 4\n>p1 move earthquake\n>p2 move wish\n>p1 move dragondance\n>p2 switch 5\n>p1 move iciclespear\n>p2 move psyshock\n>p2 switch 3\n>p1 move iciclespear\n>p2 move scaleshot terastallize\n>p1 switch 6\n>p1 move partingshot\n>p2 move earthquake\n>p1 switch 3\n>p1 move earthquake\n>p2 switch 5\n>p1 switch 5\n>p2 move wish\n>p1 move calmmind\n>p2 switch 4\n>p1 move thunderbolt\n>p2 move calmmind\n>p1 switch 3\n>p2 move wish\n>p1 move gunkshot\n>p2 switch 5\n>p1 move gunkshot\n>p2 move earthquake\n>p1 switch 5\n>p2 switch 5\n>p1 move earthquake\n>p2 move wish\n>p1 switch 4\n>p2 move protect\n>p1 move doubleedge\n>p2 move protect\n>p1 move doubleedge\n>p2 switch 2\n>p1 switch 4\n>p2 move stealthrock\n>p1 move earthquake\n>p2 switch 4\n>p1 switch 3\n>p2 move flipturn\n>p2 switch 2\n>p1 move calmmind\n>p2 move hypervoice\n>p1 move thunderbolt\n>p2 move calmmind\n>p1 move thunderbolt\n>p2 move wish\n>p1 move calmmind\n>p2 move hypervoice\n>p1 move thunderbolt\n>p2 move wish\n>p1 move thunderbolt\n>p2 move wish\n>p1 move thunderbolt\n>p2 move protect\n>p1 move thunderbolt\n>p2 move wish\n>p1 move thunderbolt\n>p2 move protect\n>p1 move thunderbolt\n>p2 move hypervoice\n>p1 move thunderbolt\n>p2 move hypervoice\n>p1 switch 3\n>p1 move earthquake\n>p2 switch 2\n>p1 move spikes\n>p2 move wish\n>p1 move earthquake\n>p2 move scald\n>p1 move spikes\n>p2 move scald\n>p1 switch 2\n>p2 move wish\n>p1 move darkpulse\n>p2 move flipturn\n>p1 move darkpulse\n>p2 move flipturn\n>p2 switch 6\n>p1 switch 4\n>p2 move closecombat\n>p1 switch 2\n>forcelose p1", "uploadtime": 1733914804, "views": 1, "formatid": "gen9randombattle", "rating": 1526, "private": 0, "password": null}