{"id": "gen9randombattle-2056985927", "format": "[Gen 9] Random Battle", "players": ["jakejem7", "Ranger 0"], "log": "|j|\u2606jakejem7\n|j|\u2606Ranger 0\n|t:|1707672388\n|gametype|singles\n|player|p1|jakejem7|hilbert|2245\n|player|p2|Ranger 0|pokemonranger-gen4|2264\n|teamsize|p1|6\n|teamsize|p2|6\n|gen|9\n|tier|[Gen 9] Random Battle\n|rated|\n|rule|Species Clause: Limit one of each Pok\u00e9mon\n|rule|HP Percentage Mod: HP is shown in percentages\n|rule|Sleep Clause Mod: Limit one foe put to sleep\n|rule|Illusion Level Mod: Illusion disguises the Pok\u00e9mon's true level\n|\n|t:|1707672388\n|start\n|switch|p1a: Plusle|Plusle, L94, M|265/265\n|switch|p2a: Volcarona|Volcarona, L77, F|257/257\n|turn|1\n|inactive|Battle timer is ON: inactive players will automatically lose when time's up. (requested by jakejem7)\n|\n|t:|1707672398\n|switch|p1a: Toucannon|Toucannon, L88, M|284/284\n|move|p2a: Volcarona|Quiver Dance|p2a: Volcarona\n|-boost|p2a: Volcarona|spa|1\n|-boost|p2a: Volcarona|spd|1\n|-boost|p2a: Volcarona|spe|1\n|\n|upkeep\n|turn|2\n|\n|t:|1707672405\n|switch|p2a: Mudsdale|Mudsdale, L84, M|305/305\n|-singleturn|p1a: Toucannon|move: Beak Blast\n|move|p1a: Toucannon|Beak Blast|p2a: Mudsdale\n|-damage|p2a: Mudsdale|176/305\n|-ability|p2a: Mudsdale|Stamina|boost\n|-boost|p2a: Mudsdale|def|1\n|\n|upkeep\n|turn|3\n|\n|t:|1707672408\n|-singleturn|p1a: Toucannon|move: Beak Blast\n|move|p2a: Mudsdale|Stone Edge|p1a: Toucannon\n|-supereffective|p1a: Toucannon\n|-damage|p1a: Toucannon|0 fnt\n|faint|p1a: Toucannon\n|\n|upkeep\n|\n|t:|1707672416\n|switch|p1a: Plusle|Plusle, L94, M|265/265\n|turn|4\n|\n|t:|1707672420\n|move|p1a: Plusle|Grass Knot|p2a: Mudsdale\n|-supereffective|p2a: Mudsdale\n|-damage|p2a: Mudsdale|0 fnt\n|faint|p2a: Mudsdale\n|-damage|p1a: Plusle|239/265|[from] item: Life Orb\n|\n|upkeep\n|\n|t:|1707672427\n|switch|p2a: Volcarona|Volcarona, L77, F|257/257\n|turn|5\n|\n|t:|1707672433\n|switch|p1a: Illumise|Illumise, L92, F|269/269\n|move|p2a: Volcarona|Quiver Dance|p2a: Volcarona\n|-boost|p2a: Volcarona|spa|1\n|-boost|p2a: Volcarona|spd|1\n|-boost|p2a: Volcarona|spe|1\n|\n|upkeep\n|turn|6\n|\n|t:|1707672438\n|switch|p2a: Ting-Lu|Ting-Lu, L78|370/370\n|-ability|p2a: Ting-Lu|Vessel of Ruin\n|move|p1a: Illumise|Encore|p2a: Ting-Lu\n|-hint|Since gen 7, Dark is immune to Prankster moves.\n|-immune|p2a: Ting-Lu\n|\n|upkeep\n|turn|7\n|\n|t:|1707672443\n|switch|p1a: Mightyena|Mightyena, L95, M|287/287\n|-ability|p1a: Mightyena|Intimidate|boost\n|-unboost|p2a: Ting-Lu|atk|1\n|move|p2a: Ting-Lu|Ruination|p1a: Mightyena\n|-damage|p1a: Mightyena|144/287\n|\n|upkeep\n|turn|8\n|\n|t:|1707672450\n|switch|p2a: Orthworm|Orthworm, L88, F|266/266\n|move|p1a: Mightyena|Poison Fang|p2a: Orthworm\n|-immune|p2a: Orthworm\n|\n|upkeep\n|turn|9\n|\n|t:|1707672452\n|move|p1a: Mightyena|Taunt|p2a: Orthworm\n|-start|p2a: Orthworm|move: Taunt\n|move|p2a: Orthworm|Iron Tail|p1a: Mightyena|[miss]\n|-miss|p2a: Orthworm|p1a: Mightyena\n|\n|upkeep\n|turn|10\n|\n|t:|1707672457\n|move|p1a: Mightyena|Crunch|p2a: Orthworm\n|-damage|p2a: Orthworm|180/266\n|-damage|p1a: Mightyena|116/287|[from] item: Life Orb\n|move|p2a: Orthworm|Body Press|p1a: Mightyena\n|-supereffective|p1a: Mightyena\n|-damage|p1a: Mightyena|0 fnt\n|faint|p1a: Mightyena\n|\n|upkeep\n|\n|t:|1707672461\n|switch|p1a: Espathra|Espathra, L80, F|283/283\n|turn|11\n|\n|t:|1707672467\n|switch|p2a: Ting-Lu|Ting-Lu, L78|370/370\n|-ability|p2a: Ting-Lu|Vessel of Ruin\n|move|p1a: Espathra|Substitute|p1a: Espathra\n|-start|p1a: Espathra|Substitute\n|-damage|p1a: Espathra|213/283\n|\n|-heal|p1a: Espathra|230/283|[from] item: Leftovers\n|-ability|p1a: Espathra|Speed Boost|boost\n|-boost|p1a: Espathra|spe|1\n|upkeep\n|turn|12\n|\n|t:|1707672469\n|move|p1a: Espathra|Calm Mind|p1a: Espathra\n|-boost|p1a: Espathra|spa|1\n|-boost|p1a: Espathra|spd|1\n|move|p2a: Ting-Lu|Throat Chop|p1a: Espathra\n|-supereffective|p1a: Espathra\n|-end|p1a: Espathra|Substitute\n|\n|-heal|p1a: Espathra|247/283|[from] item: Leftovers\n|-ability|p1a: Espathra|Speed Boost|boost\n|-boost|p1a: Espathra|spe|1\n|upkeep\n|turn|13\n|\n|t:|1707672473\n|-terastallize|p1a: Espathra|Fairy\n|move|p1a: Espathra|Substitute|p1a: Espathra\n|-start|p1a: Espathra|Substitute\n|-damage|p1a: Espathra|177/283\n|move|p2a: Ting-Lu|Heavy Slam|p1a: Espathra\n|-supereffective|p1a: Espathra\n|-end|p1a: Espathra|Substitute\n|\n|-heal|p1a: Espathra|194/283|[from] item: Leftovers\n|-ability|p1a: Espathra|Speed Boost|boost\n|-boost|p1a: Espathra|spe|1\n|upkeep\n|turn|14\n|\n|t:|1707672477\n|move|p1a: Espathra|Dazzling Gleam|p2a: Ting-Lu\n|-supereffective|p2a: Ting-Lu\n|-damage|p2a: Ting-Lu|242/370\n|move|p2a: Ting-Lu|Heavy Slam|p1a: Espathra\n|-supereffective|p1a: Espathra\n|-damage|p1a: Espathra|0 fnt\n|faint|p1a: Espathra\n|\n|upkeep\n|\n|t:|1707672482\n|switch|p1a: Plusle|Plusle, L94, M|239/265\n|turn|15\n|\n|t:|1707672487\n|move|p1a: Plusle|Encore|p2a: Ting-Lu\n|-start|p2a: Ting-Lu|Encore\n|move|p2a: Ting-Lu|Heavy Slam|p1a: Plusle\n|-resisted|p1a: Plusle\n|-damage|p1a: Plusle|180/265\n|\n|upkeep\n|turn|16\n|\n|t:|1707672496\n|move|p1a: Plusle|Nasty Plot|p1a: Plusle\n|-boost|p1a: Plusle|spa|2\n|move|p2a: Ting-Lu|Heavy Slam|p1a: Plusle\n|-resisted|p1a: Plusle\n|-damage|p1a: Plusle|114/265\n|\n|upkeep\n|turn|17\n|\n|t:|1707672501\n|move|p1a: Plusle|Grass Knot|p2a: Ting-Lu\n|-supereffective|p2a: Ting-Lu\n|-damage|p2a: Ting-Lu|0 fnt\n|faint|p2a: Ting-Lu\n|-damage|p1a: Plusle|88/265|[from] item: Life Orb\n|\n|upkeep\n|\n|t:|1707672504\n|switch|p2a: Arceus|Arceus-Ice, L72|291/291\n|turn|18\n|\n|t:|1707672506\n|move|p1a: Plusle|Thunderbolt|p2a: Arceus\n|-damage|p2a: Arceus|32/291\n|-status|p2a: Arceus|par\n|-damage|p1a: Plusle|62/265|[from] item: Life Orb\n|cant|p2a: Arceus|par\n|\n|upkeep\n|turn|19\n|\n|t:|1707672511\n|move|p1a: Plusle|Thunderbolt|p2a: Arceus\n|-damage|p2a: Arceus|0 fnt\n|faint|p2a: Arceus\n|-damage|p1a: Plusle|36/265|[from] item: Life Orb\n|\n|upkeep\n|\n|t:|1707672516\n|switch|p2a: Volcarona|Volcarona, L77, F|257/257\n|turn|20\n|\n|t:|1707672518\n|-terastallize|p2a: Volcarona|Grass\n|move|p1a: Plusle|Thunderbolt|p2a: Volcarona\n|-resisted|p2a: Volcarona\n|-damage|p2a: Volcarona|126/257\n|-damage|p1a: Plusle|10/265|[from] item: Life Orb\n|move|p2a: Volcarona|Quiver Dance|p2a: Volcarona\n|-boost|p2a: Volcarona|spa|1\n|-boost|p2a: Volcarona|spd|1\n|-boost|p2a: Volcarona|spe|1\n|\n|upkeep\n|turn|21\n|\n|t:|1707672520\n|move|p2a: Volcarona|Fiery Dance|p1a: Plusle\n|-damage|p1a: Plusle|0 fnt\n|-boost|p2a: Volcarona|spa|1\n|faint|p1a: Plusle\n|\n|upkeep\n|\n|t:|1707672522\n|switch|p1a: Illumise|Illumise, L92, F|269/269\n|turn|22\n|\n|t:|1707672524\n|move|p1a: Illumise|Thunder Wave|p2a: Volcarona\n|-status|p2a: Volcarona|par\n|cant|p2a: Volcarona|par\n|\n|upkeep\n|turn|23\n|\n|t:|1707672526\n|switch|p1a: Swalot|Swalot, L90, F|326/326\n|cant|p2a: Volcarona|par\n|\n|upkeep\n|turn|24\n|\n|t:|1707672533\n|move|p1a: Swalot|Knock Off|p2a: Volcarona\n|-damage|p2a: Volcarona|31/257 par\n|-enditem|p2a: Volcarona|Heavy-Duty Boots|[from] move: Knock Off|[of] p1a: Swalot\n|move|p2a: Volcarona|Fiery Dance|p1a: Swalot\n|-damage|p1a: Swalot|142/326\n|-boost|p2a: Volcarona|spa|1\n|\n|-heal|p1a: Swalot|162/326|[from] item: Leftovers\n|upkeep\n|turn|25\n|\n|t:|1707672538\n|move|p1a: Swalot|Sludge Bomb|p2a: Volcarona\n|-supereffective|p2a: Volcarona\n|-damage|p2a: Volcarona|0 fnt\n|faint|p2a: Volcarona\n|\n|-heal|p1a: Swalot|182/326|[from] item: Leftovers\n|upkeep\n|\n|t:|1707672546\n|switch|p2a: Clawitzer|Clawitzer, L86, M|262/262\n|turn|26\n|\n|t:|1707672548\n|move|p2a: Clawitzer|Water Pulse|p1a: Swalot\n|-damage|p1a: Swalot|7/326\n|move|p1a: Swalot|Knock Off|p2a: Clawitzer\n|-damage|p2a: Clawitzer|200/262\n|-enditem|p2a: Clawitzer|Choice Specs|[from] move: Knock Off|[of] p1a: Swalot\n|\n|-heal|p1a: Swalot|27/326|[from] item: Leftovers\n|upkeep\n|turn|27\n|\n|t:|1707672551\n|move|p2a: Clawitzer|Water Pulse|p1a: Swalot\n|-damage|p1a: Swalot|0 fnt\n|faint|p1a: Swalot\n|\n|upkeep\n|\n|t:|1707672552\n|switch|p1a: Illumise|Illumise, L92, F|269/269\n|turn|28\n|\n|t:|1707672554\n|move|p1a: Illumise|Bug Buzz|p2a: Clawitzer\n|-damage|p2a: Clawitzer|113/262\n|-unboost|p2a: Clawitzer|spd|1\n|move|p2a: Clawitzer|Water Pulse|p1a: Illumise\n|-damage|p1a: Illumise|157/269\n|\n|upkeep\n|turn|29\n|\n|t:|1707672556\n|move|p1a: Illumise|Bug Buzz|p2a: Clawitzer\n|-damage|p2a: Clawitzer|0 fnt\n|faint|p2a: Clawitzer\n|\n|upkeep\n|\n|t:|1707672558\n|switch|p2a: Orthworm|Orthworm, L88, F|180/266\n|turn|30\n|\n|t:|1707672559\n|move|p1a: Illumise|Thunder Wave|p2a: Orthworm\n|-status|p2a: Orthworm|par\n|move|p2a: Orthworm|Iron Tail|p1a: Illumise\n|-damage|p1a: Illumise|46/269\n|\n|upkeep\n|turn|31\n|\n|t:|1707672563\n|move|p1a: Illumise|Roost|p1a: Illumise\n|-heal|p1a: Illumise|181/269\n|-singleturn|p1a: Illumise|move: Roost\n|move|p2a: Orthworm|Iron Tail|p1a: Illumise\n|-damage|p1a: Illumise|79/269\n|\n|upkeep\n|turn|32\n|\n|t:|1707672568\n|move|p1a: Illumise|Roost|p1a: Illumise\n|-heal|p1a: Illumise|214/269\n|-singleturn|p1a: Illumise|move: Roost\n|move|p2a: Orthworm|Iron Tail|p1a: Illumise\n|-damage|p1a: Illumise|105/269\n|\n|upkeep\n|turn|33\n|\n|t:|1707672572\n|move|p1a: Illumise|Roost|p1a: Illumise\n|-heal|p1a: Illumise|240/269\n|-singleturn|p1a: Illumise|move: Roost\n|cant|p2a: Orthworm|par\n|\n|upkeep\n|turn|34\n|\n|t:|1707672575\n|move|p1a: Illumise|Bug Buzz|p2a: Orthworm\n|-resisted|p2a: Orthworm\n|-damage|p2a: Orthworm|120/266 par\n|move|p2a: Orthworm|Iron Tail|p1a: Illumise\n|-damage|p1a: Illumise|134/269\n|\n|upkeep\n|turn|35\n|\n|t:|1707672580\n|move|p1a: Illumise|Roost|p1a: Illumise\n|-heal|p1a: Illumise|269/269\n|-singleturn|p1a: Illumise|move: Roost\n|move|p2a: Orthworm|Iron Tail|p1a: Illumise|[miss]\n|-miss|p2a: Orthworm|p1a: Illumise\n|\n|upkeep\n|turn|36\n|\n|t:|1707672583\n|move|p1a: Illumise|Bug Buzz|p2a: Orthworm\n|-resisted|p2a: Orthworm\n|-damage|p2a: Orthworm|54/266 par\n|move|p2a: Orthworm|Iron Tail|p1a: Illumise\n|-damage|p1a: Illumise|166/269\n|\n|upkeep\n|turn|37\n|\n|t:|1707672587\n|move|p1a: Illumise|Bug Buzz|p2a: Orthworm\n|-resisted|p2a: Orthworm\n|-damage|p2a: Orthworm|0 fnt\n|faint|p2a: Orthworm\n|\n|win|jakejem7\n|raw|jakejem7's rating: 2245 &rarr; <strong>2266</strong><br />(+21 for winning)\n|raw|Ranger 0's rating: 2264 &rarr; <strong>2243</strong><br />(-21 for losing)\n|l|\u2606Ranger 0\n|player|p2|\n", "inputlog": ">version 5146e25b0f97a0b5487399dff78c8c32607c1a21\n>start {\"formatid\":\"gen9randombattle\",\"seed\":[52457,59270,65129,45014],\"rated\":\"Rated battle\"}\n>player p1 {\"name\":\"jakejem7\",\"avatar\":\"hilbert\",\"rating\":2245,\"seed\":[21986,36322,9880,64589]}\n>player p2 {\"name\":\"Ranger 0\",\"avatar\":\"pokemonranger-gen4\",\"rating\":2264,\"seed\":[56035,5900,13622,25968]}\n>p1 switch 5\n>p2 move quiverdance\n>p1 move beakblast\n>p2 switch 5\n>p1 move beakblast\n>p2 move stoneedge\n>p1 switch 5\n>p1 move grassknot\n>p2 move stoneedge\n>p2 switch 5\n>p1 switch 3\n>p2 move quiverdance\n>p1 move encore\n>p2 switch 2\n>p1 switch 2\n>p2 move ruination\n>p1 move poisonfang\n>p2 switch 4\n>p1 move taunt\n>p2 move irontail\n>p1 move crunch\n>p2 move bodypress\n>p1 switch 4\n>p1 move substitute\n>p2 switch 4\n>p1 move calmmind\n>p2 move throatchop\n>p1 move substitute terastallize\n>p2 move heavyslam\n>p1 move dazzlinggleam\n>p2 move heavyslam\n>p1 switch 3\n>p1 move encore\n>p2 move earthquake\n>p1 move nastyplot\n>p2 move heavyslam\n>p1 move grassknot\n>p2 move heavyslam\n>p2 switch 3\n>p1 move thunderbolt\n>p2 move judgment\n>p1 move thunderbolt\n>p2 move judgment\n>p2 switch 2\n>p1 move thunderbolt\n>p2 move quiverdance terastallize\n>p1 move encore\n>p2 move fierydance\n>p1 switch 2\n>p1 move thunderwave\n>p2 move fierydance\n>p1 switch 6\n>p2 move fierydance\n>p1 move knockoff\n>p2 move fierydance\n>p1 move sludgebomb\n>p2 move fierydance\n>p2 switch 6\n>p1 move knockoff\n>p2 move waterpulse\n>p1 move sludgebomb\n>p2 move waterpulse\n>p1 switch 6\n>p1 move bugbuzz\n>p2 move waterpulse\n>p1 move bugbuzz\n>p2 move waterpulse\n>p2 switch 4\n>p1 move thunderwave\n>p2 move irontail\n>p1 move roost\n>p2 move irontail\n>p1 move roost\n>p2 move irontail\n>p1 move roost\n>p2 move irontail\n>p1 move bugbuzz\n>p2 move irontail\n>p1 move roost\n>p2 move irontail\n>p1 move bugbuzz\n>p2 move irontail\n>p1 move bugbuzz\n>p2 move irontail", "uploadtime": 1707672603, "views": 260, "formatid": "gen9randombattle", "rating": 2243, "private": 0, "password": null}