{"id": "gen9randombattle-2259983430", "format": "[Gen 9] Random Battle", "players": ["Sinthiya", "RedRobin123"], "log": "|j|\u2606Sinthiya\n|j|\u2606RedRobin123\n|t:|1733787381\n|gametype|singles\n|player|p1|Sinthiya|cynthia-gen4|1527\n|player|p2|RedRobin123|266|1552\n|teamsize|p1|6\n|teamsize|p2|6\n|gen|9\n|tier|[Gen 9] Random Battle\n|rated|\n|rule|Species Clause: Limit one of each Pok\u00e9mon\n|rule|HP Percentage Mod: HP is shown in percentages\n|rule|Sleep Clause Mod: Limit one foe put to sleep\n|rule|Illusion Level Mod: Illusion disguises the Pok\u00e9mon's true level\n|\n|t:|1733787381\n|start\n|switch|p1a: Rotom|Rotom, L88|231/231\n|switch|p2a: Luvdisc|Luvdisc, M|247/247\n|turn|1\n|inactive|Battle timer is ON: inactive players will automatically lose when time's up. (requested by Sinthiya)\n|\n|t:|1733787396\n|switch|p2a: Arceus|Arceus-Grass, L72|292/292\n|move|p1a: Rotom|Volt Switch|p2a: Arceus\n|-resisted|p2a: Arceus\n|-damage|p2a: Arceus|253/292\n|\n|t:|1733787410\n|switch|p1a: Lugia|Lugia, L72|272/272|[from] Volt Switch\n|\n|upkeep\n|turn|2\n|\n|t:|1733787429\n|move|p2a: Arceus|Calm Mind|p2a: Arceus\n|-boost|p2a: Arceus|spa|1\n|-boost|p2a: Arceus|spd|1\n|move|p1a: Lugia|Calm Mind|p1a: Lugia\n|-boost|p1a: Lugia|spa|1\n|-boost|p1a: Lugia|spd|1\n|\n|upkeep\n|turn|3\n|\n|t:|1733787435\n|switch|p2a: Luvdisc|Luvdisc, M|247/247\n|move|p1a: Lugia|Aeroblast|p2a: Luvdisc\n|-damage|p2a: Luvdisc|135/247\n|\n|upkeep\n|turn|4\n|\n|t:|1733787461\n|move|p2a: Luvdisc|Substitute|p2a: Luvdisc\n|-start|p2a: Luvdisc|Substitute\n|-damage|p2a: Luvdisc|74/247\n|move|p1a: Lugia|Calm Mind|p1a: Lugia\n|-boost|p1a: Lugia|spa|1\n|-boost|p1a: Lugia|spd|1\n|\n|upkeep\n|turn|5\n|\n|t:|1733787474\n|move|p2a: Luvdisc|Endeavor|p1a: Lugia\n|-damage|p1a: Lugia|74/272\n|move|p1a: Lugia|Aeroblast|p2a: Luvdisc\n|-end|p2a: Luvdisc|Substitute\n|\n|upkeep\n|turn|6\n|\n|t:|1733787482\n|move|p2a: Luvdisc|Substitute|p2a: Luvdisc\n|-start|p2a: Luvdisc|Substitute\n|-damage|p2a: Luvdisc|13/247\n|move|p1a: Lugia|Aeroblast|p2a: Luvdisc\n|-end|p2a: Luvdisc|Substitute\n|\n|upkeep\n|turn|7\n|\n|t:|1733787487\n|move|p2a: Luvdisc|Endeavor|p1a: Lugia\n|-damage|p1a: Lugia|13/272\n|move|p1a: Lugia|Recover|p1a: Lugia\n|-heal|p1a: Lugia|149/272\n|\n|upkeep\n|turn|8\n|\n|t:|1733787493\n|move|p2a: Luvdisc|Endeavor|p1a: Lugia\n|-damage|p1a: Lugia|13/272\n|move|p1a: Lugia|Recover|p1a: Lugia\n|-heal|p1a: Lugia|149/272\n|\n|upkeep\n|turn|9\n|\n|t:|1733787498\n|move|p2a: Luvdisc|Endeavor|p1a: Lugia\n|-damage|p1a: Lugia|13/272\n|move|p1a: Lugia|Aeroblast|p2a: Luvdisc\n|-damage|p2a: Luvdisc|0 fnt\n|faint|p2a: Luvdisc\n|\n|upkeep\n|\n|t:|1733787504\n|switch|p2a: Arceus|Arceus-Grass, L72|253/292\n|turn|10\n|\n|t:|1733787515\n|switch|p1a: Politoed|Politoed, L88, F|302/302\n|-weather|RainDance|[from] ability: Drizzle|[of] p1a: Politoed\n|move|p2a: Arceus|Ice Beam|p1a: Politoed\n|-resisted|p1a: Politoed\n|-damage|p1a: Politoed|276/302\n|\n|-weather|RainDance|[upkeep]\n|upkeep\n|turn|11\n|\n|t:|1733787528\n|move|p2a: Arceus|Judgment|p1a: Politoed\n|-supereffective|p1a: Politoed\n|-damage|p1a: Politoed|88/302\n|move|p1a: Politoed|Ice Beam|p2a: Arceus\n|-supereffective|p2a: Arceus\n|-damage|p2a: Arceus|61/292\n|\n|-weather|RainDance|[upkeep]\n|upkeep\n|turn|12\n|\n|t:|1733787532\n|move|p2a: Arceus|Judgment|p1a: Politoed\n|-supereffective|p1a: Politoed\n|-damage|p1a: Politoed|0 fnt\n|faint|p1a: Politoed\n|\n|-weather|RainDance|[upkeep]\n|upkeep\n|\n|t:|1733787538\n|switch|p1a: Morpeko|Morpeko, L88, M|245/245\n|turn|13\n|\n|t:|1733787544\n|move|p1a: Morpeko|Aura Wheel|p2a: Arceus\n|-resisted|p2a: Arceus\n|-damage|p2a: Arceus|0 fnt\n|-boost|p1a: Morpeko|spe|1\n|faint|p2a: Arceus\n|\n|-weather|RainDance|[upkeep]\n|-formechange|p1a: Morpeko|Morpeko-Hangry||[from] ability: Hunger Switch\n|upkeep\n|\n|t:|1733787550\n|switch|p2a: Kleavor|Kleavor, L78, F|237/237\n|turn|14\n|\n|t:|1733787567\n|move|p1a: Morpeko|Parting Shot|p2a: Kleavor\n|-unboost|p2a: Kleavor|atk|1\n|-unboost|p2a: Kleavor|spa|1\n|\n|t:|1733787570\n|switch|p1a: Flygon|Flygon, L82, M|265/265|[from] Parting Shot\n|move|p2a: Kleavor|X-Scissor|p1a: Flygon\n|-damage|p1a: Flygon|168/265\n|\n|-weather|none\n|upkeep\n|turn|15\n|\n|t:|1733787583\n|switch|p2a: Orthworm|Orthworm, L88, M|266/266\n|move|p1a: Flygon|Earthquake|p2a: Orthworm\n|-immune|p2a: Orthworm|[from] ability: Earth Eater\n|\n|upkeep\n|turn|16\n|\n|t:|1733787596\n|switch|p1a: Morpeko|Morpeko, L88, M|245/245\n|move|p2a: Orthworm|Iron Tail|p1a: Morpeko\n|-resisted|p1a: Morpeko\n|-damage|p1a: Morpeko|173/245\n|-unboost|p1a: Morpeko|def|1\n|\n|-formechange|p1a: Morpeko|Morpeko-Hangry||[from] ability: Hunger Switch\n|upkeep\n|turn|17\n|\n|t:|1733787601\n|move|p1a: Morpeko|Parting Shot|p2a: Orthworm\n|-unboost|p2a: Orthworm|atk|1\n|-unboost|p2a: Orthworm|spa|1\n|\n|t:|1733787607\n|switch|p1a: Rotom|Rotom, L88|231/231|[from] Parting Shot\n|move|p2a: Orthworm|Body Press|p1a: Rotom\n|-immune|p1a: Rotom\n|\n|upkeep\n|turn|18\n|\n|t:|1733787618\n|switch|p2a: Kleavor|Kleavor, L78, F|237/237\n|move|p1a: Rotom|Volt Switch|p2a: Kleavor\n|-damage|p2a: Kleavor|140/237\n|\n|t:|1733787628\n|switch|p1a: Lugia|Lugia, L72|13/272|[from] Volt Switch\n|\n|upkeep\n|turn|19\n|\n|t:|1733787640\n|move|p1a: Lugia|Aeroblast|p2a: Kleavor\n|-damage|p2a: Kleavor|43/237\n|move|p2a: Kleavor|Stone Axe|p1a: Lugia\n|-supereffective|p1a: Lugia\n|-damage|p1a: Lugia|0 fnt\n|-sidestart|p1: Sinthiya|move: Stealth Rock\n|faint|p1a: Lugia\n|\n|upkeep\n|\n|t:|1733787663\n|switch|p1a: Morpeko|Morpeko, L88, M|173/245\n|turn|20\n|\n|t:|1733787671\n|move|p1a: Morpeko|Aura Wheel|p2a: Kleavor\n|-damage|p2a: Kleavor|0 fnt\n|-boost|p1a: Morpeko|spe|1\n|faint|p2a: Kleavor\n|\n|-formechange|p1a: Morpeko|Morpeko-Hangry||[from] ability: Hunger Switch\n|upkeep\n|\n|t:|1733787678\n|switch|p2a: Enamorus|Enamorus-Therian, L83, F|259/259\n|turn|21\n|\n|t:|1733787703\n|move|p1a: Morpeko|Parting Shot|p2a: Enamorus\n|-unboost|p2a: Enamorus|atk|1\n|-unboost|p2a: Enamorus|spa|1\n|\n|t:|1733787704\n|switch|p1a: Rotom|Rotom, L88|231/231|[from] Parting Shot\n|-damage|p1a: Rotom|203/231|[from] Stealth Rock\n|move|p2a: Enamorus|Agility|p2a: Enamorus\n|-boost|p2a: Enamorus|spe|2\n|\n|upkeep\n|turn|22\n|\n|t:|1733787715\n|switch|p2a: Orthworm|Orthworm, L88, M|266/266\n|move|p1a: Rotom|Thunderbolt|p2a: Orthworm\n|-damage|p2a: Orthworm|139/266\n|\n|upkeep\n|turn|23\n|\n|t:|1733787721\n|-terastallize|p1a: Rotom|Electric\n|move|p1a: Rotom|Thunderbolt|p2a: Orthworm\n|-damage|p2a: Orthworm|0 fnt\n|faint|p2a: Orthworm\n|\n|upkeep\n|\n|t:|1733787730\n|switch|p2a: Chi-Yu|Chi-Yu, L77|211/211\n|-ability|p2a: Chi-Yu|Beads of Ruin\n|turn|24\n|\n|t:|1733787739\n|move|p1a: Rotom|Thunderbolt|p2a: Chi-Yu\n|-damage|p2a: Chi-Yu|91/211\n|move|p2a: Chi-Yu|Fire Blast|p1a: Rotom\n|-damage|p1a: Rotom|40/231\n|\n|upkeep\n|turn|25\n|\n|t:|1733787745\n|move|p1a: Rotom|Thunderbolt|p2a: Chi-Yu\n|-damage|p2a: Chi-Yu|0 fnt\n|faint|p2a: Chi-Yu\n|\n|upkeep\n|\n|t:|1733787746\n|switch|p2a: Enamorus|Enamorus-Therian, L83, F|259/259\n|turn|26\n|\n|t:|1733787749\n|-terastallize|p2a: Enamorus|Ground\n|move|p1a: Rotom|Thunderbolt|p2a: Enamorus\n|-immune|p2a: Enamorus\n|move|p2a: Enamorus|Agility|p2a: Enamorus\n|-boost|p2a: Enamorus|spe|2\n|\n|upkeep\n|turn|27\n|\n|t:|1733787755\n|switch|p1a: Flygon|Flygon, L82, M|168/265\n|-damage|p1a: Flygon|152/265|[from] Stealth Rock\n|move|p2a: Enamorus|Moonblast|p1a: Flygon\n|-supereffective|p1a: Flygon\n|-damage|p1a: Flygon|0 fnt\n|faint|p1a: Flygon\n|\n|upkeep\n|\n|t:|1733787773\n|switch|p1a: Kricketune|Kricketune, L99, M|312/312\n|turn|28\n|\n|t:|1733787792\n|move|p2a: Enamorus|Moonblast|p1a: Kricketune\n|-damage|p1a: Kricketune|153/312\n|move|p1a: Kricketune|Pounce|p2a: Enamorus\n|-damage|p2a: Enamorus|178/259\n|-unboost|p2a: Enamorus|spe|1\n|\n|upkeep\n|turn|29\n|\n|t:|1733787801\n|move|p2a: Enamorus|Agility|p2a: Enamorus\n|-boost|p2a: Enamorus|spe|2\n|move|p1a: Kricketune|Pounce|p2a: Enamorus\n|-damage|p2a: Enamorus|99/259\n|-unboost|p2a: Enamorus|spe|1\n|\n|upkeep\n|turn|30\n|\n|t:|1733787805\n|move|p2a: Enamorus|Moonblast|p1a: Kricketune\n|-damage|p1a: Kricketune|3/312\n|-unboost|p1a: Kricketune|spa|1\n|move|p1a: Kricketune|Pounce|p2a: Enamorus\n|-damage|p2a: Enamorus|18/259\n|-unboost|p2a: Enamorus|spe|1\n|\n|upkeep\n|turn|31\n|\n|t:|1733787813\n|move|p2a: Enamorus|Moonblast|p1a: Kricketune\n|-damage|p1a: Kricketune|0 fnt\n|faint|p1a: Kricketune\n|\n|upkeep\n|\n|t:|1733787819\n|switch|p1a: Rotom|Rotom, L88, tera:Electric|40/231\n|-damage|p1a: Rotom|12/231|[from] Stealth Rock\n|turn|32\n|\n|t:|1733787835\n|move|p1a: Rotom|Shadow Ball|p2a: Enamorus\n|-damage|p2a: Enamorus|0 fnt\n|faint|p2a: Enamorus\n|\n|win|Sinthiya\n|raw|Sinthiya's rating: 1527 &rarr; <strong>1548</strong><br />(+21 for winning)\n|raw|RedRobin123's rating: 1552 &rarr; <strong>1531</strong><br />(-21 for losing)\n|l|\u2606RedRobin123\n|player|p2|\n", "inputlog": ">version bfd83cad13791eb5a5a409923076391caf6fb4d4\n>start {\"formatid\":\"gen9randombattle\",\"seed\":[51144,38564,18780,51817],\"rated\":\"Rated battle\"}\n>player p1 {\"name\":\"Sinthiya\",\"avatar\":\"cynthia-gen4\",\"rating\":1527,\"seed\":[32186,35927,60322,2240]}\n>player p2 {\"name\":\"RedRobin123\",\"avatar\":\"266\",\"rating\":1552,\"seed\":[909,7742,41232,17908]}\n>p1 move voltswitch\n>p2 switch 3\n>p1 switch 4\n>p1 move calmmind\n>p2 move calmmind\n>p1 move aeroblast\n>p2 switch 3\n>p1 move calmmind\n>p2 move substitute\n>p1 move aeroblast\n>p2 move endeavor\n>p1 move aeroblast\n>p2 move substitute\n>p1 move recover\n>p2 move endeavor\n>p1 move recover\n>p2 move endeavor\n>p1 move aeroblast\n>p2 move endeavor\n>p2 switch 3\n>p1 switch 2\n>p2 move icebeam\n>p1 move icebeam\n>p2 move judgment\n>p1 move icebeam\n>p2 move judgment\n>p1 switch 6\n>p1 move aurawheel\n>p2 move earthpower\n>p2 switch 2\n>p1 move partingshot\n>p2 move xscissor\n>p1 switch 5\n>p1 move earthquake\n>p2 switch 5\n>p1 switch 5\n>p2 move irontail\n>p1 move partingshot\n>p2 move bodypress\n>p1 switch 4\n>p1 move voltswitch\n>p2 switch 5\n>p1 switch 2\n>p1 move aeroblast\n>p2 move stoneaxe\n>p1 switch 4\n>p1 move aurawheel\n>p2 move xscissor\n>p2 switch 4\n>p1 move partingshot\n>p2 move agility\n>p1 switch 2\n>p1 move thunderbolt\n>p2 switch 5\n>p1 move thunderbolt terastallize\n>p2 move rest\n>p2 switch 6\n>p1 move thunderbolt\n>p2 move fireblast\n>p1 move thunderbolt\n>p2 move darkpulse\n>p2 switch 5\n>p1 move thunderbolt\n>p2 move agility terastallize\n>p1 switch 5\n>p2 move moonblast\n>p1 switch 3\n>p1 move pounce\n>p2 move moonblast\n>p1 move pounce\n>p2 move agility\n>p1 move pounce\n>p2 move moonblast\n>p1 move pounce\n>p2 move moonblast\n>p1 switch 5\n>p1 move shadowball\n>p2 move moonblast", "uploadtime": 1733787866, "views": 14, "formatid": "gen9randombattle", "rating": 1531, "private": 0, "password": null}