{"id": "gen9randombattle-2256621030", "format": "[Gen 9] Random Battle", "players": ["Vitoran", "epicgamer069420"], "log": "|badge|p1|bronze|gen9randombattle|100-3\n|uhtml|medal-msg|<div class=\"broadcast-blue\">Curious what those medals under the avatar are? PS now has Ladder Seasons! For more information, check out the <a href=\"https://www.smogon.com/forums/threads/3740067/\">thread on Smogon.</a></div>\n|badge|p2|bronze|gen9ou|100-3\n|uhtml|medal-msg|<div class=\"broadcast-blue\">Curious what those medals under the avatar are? PS now has Ladder Seasons! For more information, check out the <a href=\"https://www.smogon.com/forums/threads/3740067/\">thread on Smogon.</a></div>\n|j|\u2606Vitoran\n|j|\u2606epicgamer069420\n|t:|1733328238\n|gametype|singles\n|player|p1|Vitoran|nemona-v|2315\n|player|p2|epicgamer069420|hilbert|2264\n|teamsize|p1|6\n|teamsize|p2|6\n|gen|9\n|tier|[Gen 9] Random Battle\n|rated|\n|rule|Species Clause: Limit one of each Pok\u00e9mon\n|rule|HP Percentage Mod: HP is shown in percentages\n|rule|Sleep Clause Mod: Limit one foe put to sleep\n|rule|Illusion Level Mod: Illusion disguises the Pok\u00e9mon's true level\n|\n|t:|1733328238\n|start\n|switch|p1a: Eternatus|Eternatus, L69|308/308\n|switch|p2a: Gogoat|Gogoat, L88, F|360/360\n|-ability|p1a: Eternatus|Pressure\n|turn|1\n|inactive|Battle timer is ON: inactive players will automatically lose when time's up. (requested by epicgamer069420)\n|inactive|Vitoran also wants the timer to be on.\n|c|\u2606Vitoran|glhf\n|c|\u2606epicgamer069420|u2\n|inactive|epicgamer069420 has 120 seconds left.\n|inactive|Vitoran has 120 seconds left.\n|\n|t:|1733328285\n|switch|p1a: Ludicolo|Ludicolo, L90, F|290/290\n|switch|p2a: Trevenant|Trevenant, L88, M|293/293\n|\n|upkeep\n|turn|2\n|\n|t:|1733328303\n|switch|p2a: Slither Wing|Slither Wing, L81|270/270\n|move|p1a: Ludicolo|Ice Beam|p2a: Slither Wing\n|-damage|p2a: Slither Wing|181/270\n|\n|upkeep\n|turn|3\n|inactive|epicgamer069420 has 120 seconds left.\n|inactive|epicgamer069420 has 90 seconds left.\n|\n|t:|1733328385\n|switch|p1a: Golurk|Golurk, L87|297/297\n|move|p2a: Slither Wing|U-turn|p1a: Golurk\n|-resisted|p1a: Golurk\n|-damage|p1a: Golurk|253/297\n|\n|t:|1733328399\n|-end|p2a: Slither Wing|Protosynthesis|[silent]\n|switch|p2a: Trevenant|Trevenant, L88, M|293/293|[from] U-turn\n|\n|upkeep\n|turn|4\n|\n|t:|1733328417\n|switch|p1a: Farigiraf|Farigiraf, L91, M|366/366\n|move|p2a: Trevenant|Poltergeist|p1a: Farigiraf\n|-immune|p1a: Farigiraf\n|\n|upkeep\n|turn|5\n|c|\u2606epicgamer069420|mb taking too long was texting\n|c|\u2606Vitoran|no worries\n|c|\u2606Vitoran|timer's there for a reason\n|inactive|Vitoran has 120 seconds left.\n|c|\u2606Vitoran|no matter what you're doing you have that right\n|\n|t:|1733328452\n|switch|p1a: Eternatus|Eternatus, L69|308/308\n|-ability|p1a: Eternatus|Pressure\n|switch|p2a: Grimmsnarl|Grimmsnarl, L83, M|293/293\n|\n|upkeep\n|turn|6\n|inactive|Vitoran has 120 seconds left.\n|inactive|epicgamer069420 has 60 seconds left.\n|\n|t:|1733328499\n|switch|p1a: Diancie|Diancie, L82|216/216\n|-terastallize|p2a: Grimmsnarl|Poison\n|move|p2a: Grimmsnarl|Spirit Break|p1a: Diancie\n|-damage|p1a: Diancie|152/216\n|\n|-heal|p1a: Diancie|165/216|[from] item: Leftovers\n|upkeep\n|turn|7\n|inactive|Vitoran has 120 seconds left.\n|\n|t:|1733328509\n|move|p2a: Grimmsnarl|Reflect|p2a: Grimmsnarl\n|-sidestart|p2: epicgamer069420|Reflect\n|move|p1a: Diancie|Stealth Rock|p2a: Grimmsnarl\n|-sidestart|p2: epicgamer069420|move: Stealth Rock\n|\n|-heal|p1a: Diancie|178/216|[from] item: Leftovers\n|upkeep\n|turn|8\n|\n|t:|1733328515\n|move|p2a: Grimmsnarl|Light Screen|p2a: Grimmsnarl\n|-sidestart|p2: epicgamer069420|move: Light Screen\n|move|p1a: Diancie|Diamond Storm|p2a: Grimmsnarl\n|-damage|p2a: Grimmsnarl|232/293\n|-boost|p1a: Diancie|def|2\n|\n|-heal|p1a: Diancie|191/216|[from] item: Leftovers\n|upkeep\n|turn|9\n|\n|t:|1733328539\n|switch|p2a: Gogoat|Gogoat, L88, F|360/360\n|-damage|p2a: Gogoat|315/360|[from] Stealth Rock\n|move|p1a: Diancie|Diamond Storm|p2a: Gogoat\n|-damage|p2a: Gogoat|255/360\n|-boost|p1a: Diancie|def|2\n|\n|-heal|p2a: Gogoat|277/360|[from] item: Leftovers\n|-heal|p1a: Diancie|204/216|[from] item: Leftovers\n|upkeep\n|turn|10\n|\n|t:|1733328563\n|switch|p1a: Ludicolo|Ludicolo, L90, F|290/290\n|move|p2a: Gogoat|Bulk Up|p2a: Gogoat\n|-boost|p2a: Gogoat|atk|1\n|-boost|p2a: Gogoat|def|1\n|\n|-heal|p2a: Gogoat|299/360|[from] item: Leftovers\n|upkeep\n|turn|11\n|\n|t:|1733328573\n|move|p1a: Ludicolo|Ice Beam|p2a: Gogoat\n|-supereffective|p2a: Gogoat\n|-damage|p2a: Gogoat|186/360\n|move|p2a: Gogoat|Horn Leech|p1a: Ludicolo\n|-damage|p1a: Ludicolo|154/290\n|-heal|p2a: Gogoat|254/360|[from] drain|[of] p1a: Ludicolo\n|\n|-heal|p2a: Gogoat|276/360|[from] item: Leftovers\n|upkeep\n|turn|12\n|\n|t:|1733328584\n|switch|p1a: Farigiraf|Farigiraf, L91, M|366/366\n|move|p2a: Gogoat|Horn Leech|p1a: Farigiraf\n|-ability|p1a: Farigiraf|Sap Sipper|boost\n|-boost|p1a: Farigiraf|atk|1\n|\n|-heal|p2a: Gogoat|298/360|[from] item: Leftovers\n|upkeep\n|turn|13\n|\n|t:|1733328590\n|move|p2a: Gogoat|Bulk Up|p2a: Gogoat\n|-boost|p2a: Gogoat|atk|1\n|-boost|p2a: Gogoat|def|1\n|move|p1a: Farigiraf|Psychic Noise|p2a: Gogoat\n|-damage|p2a: Gogoat|249/360\n|-start|p2a: Gogoat|move: Heal Block\n|\n|upkeep\n|turn|14\n|\n|t:|1733328593\n|move|p2a: Gogoat|Earthquake|p1a: Farigiraf\n|-damage|p1a: Farigiraf|197/366\n|move|p1a: Farigiraf|Body Slam|p2a: Gogoat\n|-damage|p2a: Gogoat|204/360\n|\n|-heal|p1a: Farigiraf|219/366|[from] item: Leftovers\n|-end|p2a: Gogoat|move: Heal Block\n|-sideend|p2: epicgamer069420|Reflect\n|upkeep\n|turn|15\n|\n|t:|1733328598\n|move|p2a: Gogoat|Bulk Up|p2a: Gogoat\n|-boost|p2a: Gogoat|atk|1\n|-boost|p2a: Gogoat|def|1\n|move|p1a: Farigiraf|Body Slam|p2a: Gogoat\n|-damage|p2a: Gogoat|128/360\n|\n|-heal|p2a: Gogoat|150/360|[from] item: Leftovers\n|-heal|p1a: Farigiraf|241/366|[from] item: Leftovers\n|-sideend|p2: epicgamer069420|move: Light Screen\n|upkeep\n|turn|16\n|\n|t:|1733328603\n|move|p2a: Gogoat|Earthquake|p1a: Farigiraf\n|-damage|p1a: Farigiraf|11/366\n|move|p1a: Farigiraf|Psychic Noise|p2a: Gogoat\n|-damage|p2a: Gogoat|51/360\n|-start|p2a: Gogoat|move: Heal Block\n|\n|-heal|p1a: Farigiraf|33/366|[from] item: Leftovers\n|upkeep\n|turn|17\n|\n|t:|1733328607\n|move|p2a: Gogoat|Earthquake|p1a: Farigiraf\n|-damage|p1a: Farigiraf|0 fnt\n|faint|p1a: Farigiraf\n|\n|-end|p2a: Gogoat|move: Heal Block\n|upkeep\n|\n|t:|1733328618\n|switch|p1a: Eternatus|Eternatus, L69|308/308\n|-ability|p1a: Eternatus|Pressure\n|turn|18\n|\n|t:|1733328627\n|switch|p2a: Iron Thorns|Iron Thorns, L83|302/302\n|-damage|p2a: Iron Thorns|265/302|[from] Stealth Rock\n|-item|p2a: Iron Thorns|Air Balloon\n|move|p1a: Eternatus|Sludge Bomb|p2a: Iron Thorns\n|-resisted|p2a: Iron Thorns\n|-damage|p2a: Iron Thorns|220/302\n|-status|p2a: Iron Thorns|psn\n|-enditem|p2a: Iron Thorns|Air Balloon\n|\n|-damage|p2a: Iron Thorns|183/302 psn|[from] psn\n|upkeep\n|turn|19\n|inactive|Vitoran has 120 seconds left.\n|\n|t:|1733328661\n|switch|p1a: Diancie|Diancie, L82|204/216\n|move|p2a: Iron Thorns|Stealth Rock|p1a: Diancie\n|-sidestart|p1: Vitoran|move: Stealth Rock\n|\n|-heal|p1a: Diancie|216/216|[from] item: Leftovers\n|-damage|p2a: Iron Thorns|146/302 psn|[from] psn\n|upkeep\n|turn|20\n|\n|t:|1733328668\n|move|p2a: Iron Thorns|Earthquake|p1a: Diancie\n|-supereffective|p1a: Diancie\n|-damage|p1a: Diancie|102/216\n|move|p1a: Diancie|Body Press|p2a: Iron Thorns\n|-supereffective|p2a: Iron Thorns\n|-damage|p2a: Iron Thorns|12/302 psn\n|\n|-heal|p1a: Diancie|115/216|[from] item: Leftovers\n|-damage|p2a: Iron Thorns|0 fnt|[from] psn\n|faint|p2a: Iron Thorns\n|-end|p2a: Iron Thorns|Quark Drive|[silent]\n|upkeep\n|\n|t:|1733328680\n|switch|p2a: Trevenant|Trevenant, L88, M|293/293\n|-damage|p2a: Trevenant|257/293|[from] Stealth Rock\n|turn|21\n|inactive|Vitoran has 120 seconds left.\n|\n|t:|1733328710\n|move|p2a: Trevenant|Poltergeist|p1a: Diancie|[miss]\n|-miss|p2a: Trevenant|p1a: Diancie\n|move|p1a: Diancie|Diamond Storm|p2a: Trevenant\n|-damage|p2a: Trevenant|157/293\n|-boost|p1a: Diancie|def|2\n|\n|-heal|p1a: Diancie|128/216|[from] item: Leftovers\n|upkeep\n|turn|22\n|\n|t:|1733328717\n|move|p2a: Trevenant|Horn Leech|p1a: Diancie\n|-supereffective|p1a: Diancie\n|-damage|p1a: Diancie|47/216\n|-heal|p2a: Trevenant|198/293|[from] drain|[of] p1a: Diancie\n|-damage|p2a: Trevenant|169/293|[from] item: Life Orb\n|move|p1a: Diancie|Diamond Storm|p2a: Trevenant\n|-damage|p2a: Trevenant|64/293\n|-boost|p1a: Diancie|def|2\n|\n|-heal|p1a: Diancie|60/216|[from] item: Leftovers\n|upkeep\n|turn|23\n|inactive|Vitoran has 120 seconds left.\n|inactive|Vitoran has 90 seconds left.\n|\n|t:|1733328756\n|move|p2a: Trevenant|Horn Leech|p1a: Diancie\n|-supereffective|p1a: Diancie\n|-damage|p1a: Diancie|5/216\n|-heal|p2a: Trevenant|92/293|[from] drain|[of] p1a: Diancie\n|-damage|p2a: Trevenant|63/293|[from] item: Life Orb\n|move|p1a: Diancie|Diamond Storm|p2a: Trevenant\n|-damage|p2a: Trevenant|0 fnt\n|faint|p2a: Trevenant\n|\n|-heal|p1a: Diancie|18/216|[from] item: Leftovers\n|upkeep\n|\n|t:|1733328768\n|switch|p2a: Gogoat|Gogoat, L88, F|51/360\n|-damage|p2a: Gogoat|6/360|[from] Stealth Rock\n|turn|24\n|inactive|Vitoran has 90 seconds left.\n|\n|t:|1733328802\n|move|p2a: Gogoat|Horn Leech|p1a: Diancie\n|-supereffective|p1a: Diancie\n|-damage|p1a: Diancie|0 fnt\n|-heal|p2a: Gogoat|15/360|[from] drain|[of] p1a: Diancie\n|faint|p1a: Diancie\n|\n|-heal|p2a: Gogoat|37/360|[from] item: Leftovers\n|upkeep\n|\n|t:|1733328804\n|switch|p1a: Eternatus|Eternatus, L69|308/308\n|-damage|p1a: Eternatus|270/308|[from] Stealth Rock\n|-ability|p1a: Eternatus|Pressure\n|turn|25\n|\n|t:|1733328814\n|move|p1a: Eternatus|Sludge Bomb|p2a: Gogoat\n|-supereffective|p2a: Gogoat\n|-damage|p2a: Gogoat|0 fnt\n|faint|p2a: Gogoat\n|\n|upkeep\n|\n|t:|1733328826\n|switch|p2a: Grimmsnarl|Grimmsnarl, L83, M, tera:Poison|232/293\n|-damage|p2a: Grimmsnarl|196/293|[from] Stealth Rock\n|turn|26\n|\n|t:|1733328841\n|move|p2a: Grimmsnarl|Light Screen|p2a: Grimmsnarl\n|-sidestart|p2: epicgamer069420|move: Light Screen\n|move|p1a: Eternatus|Meteor Beam||[still]\n|-prepare|p1a: Eternatus|Meteor Beam\n|-boost|p1a: Eternatus|spa|1\n|-enditem|p1a: Eternatus|Power Herb\n|-anim|p1a: Eternatus|Meteor Beam|p2a: Grimmsnarl\n|-damage|p2a: Grimmsnarl|124/293\n|\n|upkeep\n|turn|27\n|\n|t:|1733328847\n|move|p1a: Eternatus|Dynamax Cannon|p2a: Grimmsnarl\n|-damage|p2a: Grimmsnarl|38/293\n|move|p2a: Grimmsnarl|Spirit Break|p1a: Eternatus\n|-damage|p1a: Eternatus|158/308\n|-unboost|p1a: Eternatus|spa|1\n|\n|upkeep\n|turn|28\n|inactive|Vitoran has 90 seconds left.\n|\n|t:|1733328875\n|move|p2a: Grimmsnarl|Reflect|p2a: Grimmsnarl\n|-sidestart|p2: epicgamer069420|Reflect\n|move|p1a: Eternatus|Dynamax Cannon|p2a: Grimmsnarl\n|-damage|p2a: Grimmsnarl|0 fnt\n|faint|p2a: Grimmsnarl\n|\n|upkeep\n|\n|t:|1733328878\n|switch|p2a: Oricorio|Oricorio-Pom-Pom, L82, F|257/257\n|turn|29\n|\n|t:|1733328882\n|switch|p1a: Golurk|Golurk, L87|253/297\n|-damage|p1a: Golurk|235/297|[from] Stealth Rock\n|move|p2a: Oricorio|Quiver Dance|p2a: Oricorio\n|-boost|p2a: Oricorio|spa|1\n|-boost|p2a: Oricorio|spd|1\n|-boost|p2a: Oricorio|spe|1\n|\n|upkeep\n|turn|30\n|\n|t:|1733328894\n|move|p2a: Oricorio|Hurricane|p1a: Golurk\n|-damage|p1a: Golurk|75/297\n|move|p1a: Golurk|Stone Edge|p2a: Oricorio\n|-supereffective|p2a: Oricorio\n|-damage|p2a: Oricorio|104/257\n|\n|upkeep\n|turn|31\n|\n|t:|1733328899\n|move|p2a: Oricorio|Hurricane|p1a: Golurk\n|-damage|p1a: Golurk|0 fnt\n|faint|p1a: Golurk\n|\n|upkeep\n|\n|t:|1733328913\n|switch|p1a: Dudunsparce|Dudunsparce, L83, M|343/343\n|-damage|p1a: Dudunsparce|301/343|[from] Stealth Rock\n|turn|32\n|\n|t:|1733328921\n|move|p2a: Oricorio|Hurricane|p1a: Dudunsparce|[miss]\n|-miss|p2a: Oricorio|p1a: Dudunsparce\n|move|p1a: Dudunsparce|Calm Mind|p1a: Dudunsparce\n|-boost|p1a: Dudunsparce|spa|1\n|-boost|p1a: Dudunsparce|spd|1\n|\n|-heal|p1a: Dudunsparce|322/343|[from] item: Leftovers\n|upkeep\n|turn|33\n|inactive|Vitoran has 120 seconds left.\n|c|\u2606epicgamer069420|rip\n|\n|t:|1733328941\n|move|p2a: Oricorio|Hurricane|p1a: Dudunsparce\n|-damage|p1a: Dudunsparce|198/343\n|-start|p1a: Dudunsparce|confusion\n|-activate|p1a: Dudunsparce|confusion\n|move|p1a: Dudunsparce|Calm Mind|p1a: Dudunsparce\n|-boost|p1a: Dudunsparce|spa|1\n|-boost|p1a: Dudunsparce|spd|1\n|\n|-heal|p1a: Dudunsparce|219/343|[from] item: Leftovers\n|-sideend|p2: epicgamer069420|move: Light Screen\n|upkeep\n|turn|34\n|\n|t:|1733328951\n|move|p2a: Oricorio|Quiver Dance|p2a: Oricorio\n|-boost|p2a: Oricorio|spa|1\n|-boost|p2a: Oricorio|spd|1\n|-boost|p2a: Oricorio|spe|1\n|-activate|p1a: Dudunsparce|confusion\n|move|p1a: Dudunsparce|Roost|p1a: Dudunsparce\n|-heal|p1a: Dudunsparce|343/343\n|-singleturn|p1a: Dudunsparce|move: Roost\n|\n|upkeep\n|turn|35\n|\n|t:|1733328962\n|move|p2a: Oricorio|Roost|p2a: Oricorio\n|-heal|p2a: Oricorio|233/257\n|-singleturn|p2a: Oricorio|move: Roost\n|-end|p1a: Dudunsparce|confusion\n|move|p1a: Dudunsparce|Calm Mind|p1a: Dudunsparce\n|-boost|p1a: Dudunsparce|spa|1\n|-boost|p1a: Dudunsparce|spd|1\n|\n|-sideend|p2: epicgamer069420|Reflect\n|upkeep\n|turn|36\n|\n|t:|1733328966\n|move|p2a: Oricorio|Quiver Dance|p2a: Oricorio\n|-boost|p2a: Oricorio|spa|1\n|-boost|p2a: Oricorio|spd|1\n|-boost|p2a: Oricorio|spe|1\n|move|p1a: Dudunsparce|Boomburst|p2a: Oricorio\n|-crit|p2a: Oricorio\n|-damage|p2a: Oricorio|0 fnt\n|faint|p2a: Oricorio\n|\n|upkeep\n|c|\u2606epicgamer069420|ggwp\n|-message|epicgamer069420 forfeited.\n|\n|win|Vitoran\n|raw|Vitoran's rating: 2315 &rarr; <strong>2332</strong><br />(+17 for winning)\n|raw|epicgamer069420's rating: 2264 &rarr; <strong>2247</strong><br />(-17 for losing)\n|c|\u2606Vitoran|gg\n", "inputlog": ">version b68fc72b24b798c94c2f551dd6da5969d147373c\n>start {\"formatid\":\"gen9randombattle\",\"seed\":[48918,55264,46662,8241],\"rated\":\"Rated battle\"}\n>player p1 {\"name\":\"Vitoran\",\"avatar\":\"nemona-v\",\"rating\":2315,\"seed\":[2390,60076,64323,47002]}\n>player p2 {\"name\":\"epicgamer069420\",\"avatar\":\"hilbert\",\"rating\":2264,\"seed\":[16717,44635,44680,64363]}\n>chat \u2606Vitoran|glhf\n>chat \u2606epicgamer069420|u2\n>p1 switch 3\n>p2 switch 2\n>p1 move icebeam\n>p2 switch 5\n>p1 switch 4\n>p2 move uturn\n>p2 switch 5\n>p1 switch 5\n>p2 move poltergeist\n>chat \u2606epicgamer069420|mb taking too long was texting\n>chat \u2606Vitoran|no worries\n>chat \u2606Vitoran|timer's there for a reason\n>chat \u2606Vitoran|no matter what you're doing you have that right\n>p1 switch 3\n>p2 switch 6\n>p1 switch 6\n>p2 move spiritbreak terastallize\n>p1 move stealthrock\n>p2 move reflect\n>p1 move diamondstorm\n>p2 move lightscreen\n>p1 move diamondstorm\n>p2 switch 2\n>p1 switch 4\n>p2 move bulkup\n>p1 move icebeam\n>p2 move hornleech\n>p1 switch 3\n>p2 move hornleech\n>p1 move psychicnoise\n>p2 move bulkup\n>p1 move bodyslam\n>p2 move earthquake\n>p1 move bodyslam\n>p2 move bulkup\n>p1 move psychicnoise\n>p2 move earthquake\n>p1 move psychicnoise\n>p2 move earthquake\n>p1 switch 6\n>p1 move sludgebomb\n>p2 switch 3\n>p1 switch 4\n>p2 move stealthrock\n>p1 move bodypress\n>p2 move earthquake\n>p2 switch 6\n>p1 move diamondstorm\n>p2 move poltergeist\n>p1 move diamondstorm\n>p2 move hornleech\n>p1 move diamondstorm\n>p2 move hornleech\n>p2 switch 3\n>p1 move bodypress\n>p2 move hornleech\n>p1 switch 4\n>p1 move sludgebomb\n>p2 move earthquake\n>p2 switch 2\n>p1 move meteorbeam\n>p2 move lightscreen\n>p1 move dynamaxcannon\n>p2 move spiritbreak\n>p1 move dynamaxcannon\n>p2 move reflect\n>p2 switch 4\n>p1 switch 5\n>p2 move quiverdance\n>p1 move stoneedge\n>p2 move hurricane\n>p1 move stoneedge\n>p2 move hurricane\n>p1 switch 2\n>p1 move calmmind\n>p2 move hurricane\n>chat \u2606epicgamer069420|rip\n>p1 move calmmind\n>p2 move hurricane\n>p1 move roost\n>p2 move quiverdance\n>p1 move calmmind\n>p2 move roost\n>p1 move boomburst\n>p2 move quiverdance\n>chat \u2606epicgamer069420|ggwp\n>forcelose p2", "uploadtime": 1733328993, "views": 8, "formatid": "gen9randombattle", "rating": 2247, "private": 0, "password": null}