{"id": "gen9randombattle-2260579099", "format": "[Gen 9] Random Battle", "players": ["jackettheripper", "i like 69 muffins"], "log": "|j|\u2606jackettheripper\n|j|\u2606i like 69 muffins\n|t:|1733865576\n|gametype|singles\n|player|p1|jackettheripper|170|\n|player|p2|i like 69 muffins|101|\n|teamsize|p1|6\n|teamsize|p2|6\n|gen|9\n|tier|[Gen 9] Random Battle\n|rule|Species Clause: Limit one of each Pok\u00e9mon\n|rule|HP Percentage Mod: HP is shown in percentages\n|rule|Sleep Clause Mod: Limit one foe put to sleep\n|rule|Illusion Level Mod: Illusion disguises the Pok\u00e9mon's true level\n|\n|t:|1733865576\n|start\n|switch|p1a: Latios|Latios, L78, M|253/253\n|switch|p2a: Espathra|Espathra, L80, M|283/283\n|turn|1\n|\n|t:|1733865596\n|-terastallize|p1a: Latios|Psychic\n|move|p1a: Latios|Calm Mind|p1a: Latios\n|-boost|p1a: Latios|spa|1\n|-boost|p1a: Latios|spd|1\n|move|p2a: Espathra|Shadow Ball|p1a: Latios\n|-supereffective|p1a: Latios\n|-damage|p1a: Latios|161/253\n|\n|-ability|p2a: Espathra|Speed Boost|boost\n|-boost|p2a: Espathra|spe|1\n|upkeep\n|turn|2\n|\n|t:|1733865603\n|switch|p2a: Regieleki|Regieleki, L79|256/256\n|move|p1a: Latios|Luster Purge|p2a: Regieleki\n|-damage|p2a: Regieleki|0 fnt\n|faint|p2a: Regieleki\n|\n|upkeep\n|\n|t:|1733865608\n|switch|p2a: Iron Bundle|Iron Bundle, L77|213/213\n|turn|3\n|\n|t:|1733865634\n|move|p2a: Iron Bundle|Hydro Pump|p1a: Latios\n|-damage|p1a: Latios|89/253\n|move|p1a: Latios|Luster Purge|p2a: Iron Bundle\n|-damage|p2a: Iron Bundle|0 fnt\n|faint|p2a: Iron Bundle\n|-end|p2a: Iron Bundle|Quark Drive|[silent]\n|\n|upkeep\n|\n|t:|1733865648\n|switch|p2a: Rillaboom|Rillaboom, L79, F|288/288\n|-fieldstart|move: Grassy Terrain|[from] ability: Grassy Surge|[of] p2a: Rillaboom\n|turn|4\n|\n|t:|1733865655\n|move|p1a: Latios|Luster Purge|p2a: Rillaboom\n|-damage|p2a: Rillaboom|0 fnt\n|faint|p2a: Rillaboom\n|\n|upkeep\n|\n|t:|1733865660\n|switch|p2a: Bastiodon|Bastiodon, L89, M|252/252\n|turn|5\n|\n|t:|1733865667\n|-terastallize|p2a: Bastiodon|Fighting\n|move|p1a: Latios|Luster Purge|p2a: Bastiodon\n|-supereffective|p2a: Bastiodon\n|-damage|p2a: Bastiodon|0 fnt\n|faint|p2a: Bastiodon\n|\n|upkeep\n|\n|t:|1733865698\n|switch|p2a: Espathra|Espathra, L80, M|283/283\n|turn|6\n|\n|t:|1733865711\n|move|p1a: Latios|Luster Purge|p2a: Espathra\n|-resisted|p2a: Espathra\n|-damage|p2a: Espathra|96/283\n|move|p2a: Espathra|Lumina Crash|p1a: Latios\n|-resisted|p1a: Latios\n|-damage|p1a: Latios|49/253\n|-unboost|p1a: Latios|spd|2\n|\n|-heal|p2a: Espathra|113/283|[from] Grassy Terrain\n|-ability|p2a: Espathra|Speed Boost|boost\n|-boost|p2a: Espathra|spe|1\n|upkeep\n|turn|7\n|\n|t:|1733865742\n|move|p2a: Espathra|Lumina Crash|p1a: Latios\n|-resisted|p1a: Latios\n|-damage|p1a: Latios|0 fnt\n|faint|p1a: Latios\n|\n|-heal|p2a: Espathra|130/283|[from] Grassy Terrain\n|-ability|p2a: Espathra|Speed Boost|boost\n|-boost|p2a: Espathra|spe|1\n|upkeep\n|\n|t:|1733865750\n|switch|p1a: Moltres|Moltres-Galar, L79|271/271\n|turn|8\n|\n|t:|1733865759\n|move|p2a: Espathra|Lumina Crash|p1a: Moltres\n|-immune|p1a: Moltres\n|move|p1a: Moltres|Fiery Wrath|p2a: Espathra\n|-supereffective|p2a: Espathra\n|-damage|p2a: Espathra|0 fnt\n|faint|p2a: Espathra\n|\n|-fieldend|move: Grassy Terrain\n|upkeep\n|\n|t:|1733865762\n|switch|p2a: Zapdos|Zapdos-Galar, L77|265/265\n|turn|9\n|\n|t:|1733865765\n|move|p2a: Zapdos|Close Combat|p1a: Moltres\n|-damage|p1a: Moltres|81/271\n|-unboost|p2a: Zapdos|def|1\n|-unboost|p2a: Zapdos|spd|1\n|-ability|p1a: Moltres|Berserk|boost\n|-boost|p1a: Moltres|spa|1\n|move|p1a: Moltres|Hurricane|p2a: Zapdos\n|-supereffective|p2a: Zapdos\n|-damage|p2a: Zapdos|0 fnt\n|faint|p2a: Zapdos\n|\n|win|jackettheripper\n|l|\u2606i like 69 muffins\n|player|p2|\n", "inputlog": ">version bfd83cad13791eb5a5a409923076391caf6fb4d4\n>start {\"formatid\":\"gen9randombattle\",\"seed\":[49352,18771,50552,6568]}\n>player p1 {\"name\":\"jackettheripper\",\"avatar\":\"170\",\"rating\":0,\"seed\":[55942,61735,30260,44957]}\n>player p2 {\"name\":\"i like 69 muffins\",\"avatar\":\"101\",\"rating\":0,\"seed\":[51704,25017,53822,30852]}\n>p1 move calmmind terastallize\n>p2 move shadowball\n>p1 move lusterpurge\n>p2 switch 4\n>p2 switch 2\n>p1 move lusterpurge\n>p2 move hydropump\n>p2 switch 3\n>p1 move lusterpurge\n>p2 move knockoff\n>p2 switch 6\n>p1 move lusterpurge\n>p2 move bodypress terastallize\n>p2 switch 4\n>p1 move lusterpurge\n>p2 move luminacrash\n>p1 move lusterpurge\n>p2 move luminacrash\n>p1 switch 5\n>p1 move fierywrath\n>p2 move luminacrash\n>p2 switch 5\n>p1 move hurricane\n>p2 move closecombat", "uploadtime": 1733865770, "views": 10, "formatid": "gen9randombattle", "rating": null, "private": 0, "password": null}