{"id": "gen9randombattle-2230846285", "format": "[Gen 9] Random Battle", "players": ["Gloriousplays", "Derptile"], "log": "|j|\u2606Gloriousplays\n|j|\u2606Derptile\n|t:|1729880945\n|gametype|singles\n|player|p1|Gloriousplays|ash-kalos|2214\n|player|p2|Derptile|170|2252\n|teamsize|p1|6\n|teamsize|p2|6\n|gen|9\n|tier|[Gen 9] Random Battle\n|rated|\n|rule|Species Clause: Limit one of each Pok\u00e9mon\n|rule|HP Percentage Mod: HP is shown in percentages\n|rule|Sleep Clause Mod: Limit one foe put to sleep\n|rule|Illusion Level Mod: Illusion disguises the Pok\u00e9mon's true level\n|\n|t:|1729880945\n|start\n|switch|p1a: Rhydon|Rhydon, L85, F|317/317\n|switch|p2a: Froslass|Froslass, L87, F|263/263\n|turn|1\n|j| Shenzin64\n|inactive|Battle timer is ON: inactive players will automatically lose when time's up. (requested by Gloriousplays)\n|\n|t:|1729881066\n|move|p2a: Froslass|Triple Axel|p1a: Rhydon\n|-supereffective|p1a: Rhydon\n|-damage|p1a: Rhydon|293/317\n|-supereffective|p1a: Rhydon\n|-damage|p1a: Rhydon|251/317\n|-supereffective|p1a: Rhydon\n|-damage|p1a: Rhydon|185/317\n|-hitcount|p1a: Rhydon|3\n|move|p1a: Rhydon|Stealth Rock|p2a: Froslass\n|-sidestart|p2: Derptile|move: Stealth Rock\n|\n|upkeep\n|turn|2\n|\n|t:|1729881094\n|switch|p1a: Glalie|Glalie, L96, M|309/309\n|move|p2a: Froslass|Destiny Bond|p2a: Froslass\n|-singlemove|p2a: Froslass|Destiny Bond\n|\n|upkeep\n|turn|3\n|inactive|Gloriousplays has 120 seconds left.\n|\n|t:|1729881114\n|move|p2a: Froslass|Spikes|p1a: Glalie\n|-sidestart|p1: Gloriousplays|Spikes\n|move|p1a: Glalie|Spikes|p2a: Froslass\n|-sidestart|p2: Derptile|Spikes\n|\n|upkeep\n|turn|4\n|inactive|Gloriousplays has 120 seconds left.\n|\n|t:|1729881123\n|move|p2a: Froslass|Spikes|p1a: Glalie\n|-sidestart|p1: Gloriousplays|Spikes\n|move|p1a: Glalie|Disable|p2a: Froslass\n|-start|p2a: Froslass|Disable|Spikes\n|\n|upkeep\n|turn|5\n|\n|t:|1729881133\n|move|p2a: Froslass|Poltergeist|p1a: Glalie\n|-activate|p1a: Glalie|move: Poltergeist|Heavy-Duty Boots\n|-damage|p1a: Glalie|206/309\n|move|p1a: Glalie|Spikes|p2a: Froslass\n|-sidestart|p2: Derptile|Spikes\n|\n|upkeep\n|turn|6\n|\n|t:|1729881141\n|move|p2a: Froslass|Poltergeist|p1a: Glalie\n|-activate|p1a: Glalie|move: Poltergeist|Heavy-Duty Boots\n|-damage|p1a: Glalie|104/309\n|move|p1a: Glalie|Spikes|p2a: Froslass\n|-sidestart|p2: Derptile|Spikes\n|\n|upkeep\n|turn|7\n|\n|t:|1729881150\n|switch|p1a: Incineroar|Incineroar, L83, F|293/293\n|-ability|p1a: Incineroar|Intimidate|boost\n|-unboost|p2a: Froslass|atk|1\n|move|p2a: Froslass|Poltergeist|p1a: Incineroar\n|-activate|p1a: Incineroar|move: Poltergeist|Heavy-Duty Boots\n|-resisted|p1a: Incineroar\n|-damage|p1a: Incineroar|260/293\n|\n|upkeep\n|turn|8\n|\n|t:|1729881169\n|switch|p2a: Coalossal|Coalossal, L89, M|341/341\n|move|p1a: Incineroar|Trailblaze|p2a: Coalossal\n|-damage|p2a: Coalossal|313/341\n|-boost|p1a: Incineroar|spe|1\n|\n|upkeep\n|turn|9\n|\n|t:|1729881178\n|switch|p1a: Clawitzer|Clawitzer, L87, M|265/265\n|-damage|p1a: Clawitzer|221/265|[from] Spikes\n|move|p2a: Coalossal|Rapid Spin|p1a: Clawitzer\n|-damage|p1a: Clawitzer|190/265\n|-boost|p2a: Coalossal|spe|1\n|-sideend|p2: Derptile|Spikes|[from] move: Rapid Spin|[of] p2a: Coalossal\n|-sideend|p2: Derptile|Stealth Rock|[from] move: Rapid Spin|[of] p2a: Coalossal\n|\n|upkeep\n|turn|10\n|\n|t:|1729881185\n|switch|p2a: Lumineon|Lumineon, L93, M|279/279\n|move|p1a: Clawitzer|Water Pulse|p2a: Lumineon\n|-ability|p2a: Lumineon|Storm Drain|boost\n|-boost|p2a: Lumineon|spa|1\n|\n|upkeep\n|turn|11\n|l| Shenzin64\n|\n|t:|1729881195\n|move|p2a: Lumineon|Hydro Pump|p1a: Clawitzer|[miss]\n|-miss|p2a: Lumineon|p1a: Clawitzer\n|move|p1a: Clawitzer|Dragon Pulse|p2a: Lumineon\n|-damage|p2a: Lumineon|173/279\n|\n|upkeep\n|turn|12\n|\n|t:|1729881202\n|move|p2a: Lumineon|Alluring Voice|p1a: Clawitzer\n|-damage|p1a: Clawitzer|124/265\n|-damage|p2a: Lumineon|146/279|[from] item: Life Orb\n|move|p1a: Clawitzer|Dragon Pulse|p2a: Lumineon\n|-damage|p2a: Lumineon|36/279\n|\n|upkeep\n|turn|13\n|\n|t:|1729881219\n|move|p2a: Lumineon|Hydro Pump|p1a: Clawitzer|[miss]\n|-miss|p2a: Lumineon|p1a: Clawitzer\n|move|p1a: Clawitzer|U-turn|p2a: Lumineon\n|-damage|p2a: Lumineon|0 fnt\n|faint|p2a: Lumineon\n|\n|t:|1729881227\n|switch|p1a: Rhydon|Rhydon, L85, F|185/317|[from] U-turn\n|-damage|p1a: Rhydon|133/317|[from] Spikes\n|\n|upkeep\n|\n|t:|1729881236\n|switch|p2a: Ogerpon|Ogerpon, L80, F|259/259\n|turn|14\n|\n|t:|1729881244\n|move|p2a: Ogerpon|Ivy Cudgel|p1a: Rhydon\n|-supereffective|p1a: Rhydon\n|-damage|p1a: Rhydon|0 fnt\n|faint|p1a: Rhydon\n|\n|upkeep\n|\n|t:|1729881248\n|switch|p1a: Arbok|Arbok, L87, M|246/246\n|-damage|p1a: Arbok|205/246|[from] Spikes\n|-ability|p1a: Arbok|Intimidate|boost\n|-unboost|p2a: Ogerpon|atk|1\n|-ability|p2a: Ogerpon|Defiant|boost\n|-boost|p2a: Ogerpon|atk|2\n|turn|15\n|\n|t:|1729881256\n|move|p2a: Ogerpon|U-turn|p1a: Arbok\n|-resisted|p1a: Arbok\n|-damage|p1a: Arbok|161/246\n|\n|t:|1729881259\n|switch|p2a: Froslass|Froslass, L87, F|263/263|[from] U-turn\n|move|p1a: Arbok|Trailblaze|p2a: Froslass\n|-damage|p2a: Froslass|219/263\n|-boost|p1a: Arbok|spe|1\n|\n|-heal|p1a: Arbok|176/246|[from] item: Leftovers\n|upkeep\n|turn|16\n|j| Opal Suchata\n|inactive|Gloriousplays has 120 seconds left.\n|\n|t:|1729881297\n|move|p1a: Arbok|Coil|p1a: Arbok\n|-boost|p1a: Arbok|atk|1\n|-boost|p1a: Arbok|def|1\n|-boost|p1a: Arbok|accuracy|1\n|move|p2a: Froslass|Triple Axel|p1a: Arbok\n|-damage|p1a: Arbok|160/246\n|-damage|p1a: Arbok|132/246\n|-damage|p1a: Arbok|81/246\n|-hitcount|p1a: Arbok|3\n|\n|-heal|p1a: Arbok|96/246|[from] item: Leftovers\n|upkeep\n|turn|17\n|inactive|Gloriousplays has 120 seconds left.\n|\n|t:|1729881316\n|move|p1a: Arbok|Earthquake|p2a: Froslass\n|-damage|p2a: Froslass|85/263\n|-start|p1a: Arbok|Disable|Earthquake|[from] ability: Cursed Body|[of] p2a: Froslass\n|move|p2a: Froslass|Triple Axel|p1a: Arbok\n|-damage|p1a: Arbok|80/246\n|-damage|p1a: Arbok|50/246\n|-damage|p1a: Arbok|5/246\n|-hitcount|p1a: Arbok|3\n|\n|-heal|p1a: Arbok|20/246|[from] item: Leftovers\n|upkeep\n|turn|18\n|\n|t:|1729881329\n|move|p1a: Arbok|Gunk Shot|p2a: Froslass\n|-resisted|p2a: Froslass\n|-damage|p2a: Froslass|0 fnt\n|faint|p2a: Froslass\n|\n|-heal|p1a: Arbok|35/246|[from] item: Leftovers\n|upkeep\n|\n|t:|1729881341\n|switch|p2a: Coalossal|Coalossal, L89, M|313/341\n|turn|19\n|inactive|Gloriousplays has 120 seconds left.\n|\n|t:|1729881349\n|move|p1a: Arbok|Gunk Shot|p2a: Coalossal\n|-resisted|p2a: Coalossal\n|-damage|p2a: Coalossal|238/341\n|move|p2a: Coalossal|Flamethrower|p1a: Arbok\n|-damage|p1a: Arbok|0 fnt\n|faint|p1a: Arbok\n|\n|upkeep\n|inactive|Gloriousplays has 120 seconds left.\n|\n|t:|1729881358\n|switch|p1a: Glalie|Glalie, L96, M|104/309\n|turn|20\n|inactive|Gloriousplays has 120 seconds left.\n|l| Opal Suchata\n|\n|t:|1729881384\n|switch|p2a: Ogerpon|Ogerpon, L80, F|259/259\n|move|p1a: Glalie|Freeze-Dry|p2a: Ogerpon\n|-supereffective|p2a: Ogerpon\n|-damage|p2a: Ogerpon|79/259\n|\n|upkeep\n|turn|21\n|\n|t:|1729881398\n|move|p2a: Ogerpon|Ivy Cudgel|p1a: Glalie\n|-damage|p1a: Glalie|0 fnt\n|faint|p1a: Glalie\n|\n|upkeep\n|\n|t:|1729881401\n|switch|p1a: Azelf|Azelf, L82|257/257\n|turn|22\n|inactive|Gloriousplays has 120 seconds left.\n|\n|t:|1729881411\n|move|p1a: Azelf|Psychic|p2a: Ogerpon\n|-damage|p2a: Ogerpon|0 fnt\n|faint|p2a: Ogerpon\n|-damage|p1a: Azelf|232/257|[from] item: Life Orb\n|\n|upkeep\n|\n|t:|1729881426\n|switch|p2a: Klawf|Klawf, L90, M|272/272\n|turn|23\n|inactive|Gloriousplays has 120 seconds left.\n|\n|t:|1729881445\n|move|p1a: Azelf|Knock Off|p2a: Klawf\n|-damage|p2a: Klawf|189/272\n|-enditem|p2a: Klawf|Passho Berry|[from] move: Knock Off|[of] p1a: Azelf\n|-damage|p1a: Azelf|207/257|[from] item: Life Orb\n|move|p2a: Klawf|Knock Off|p1a: Azelf\n|-supereffective|p1a: Azelf\n|-damage|p1a: Azelf|0 fnt\n|-enditem|p1a: Azelf|Life Orb|[from] move: Knock Off|[of] p2a: Klawf\n|faint|p1a: Azelf\n|\n|upkeep\n|inactive|Gloriousplays has 120 seconds left.\n|\n|t:|1729881458\n|switch|p1a: Incineroar|Incineroar, L83, F|260/293\n|-ability|p1a: Incineroar|Intimidate|boost\n|-unboost|p2a: Klawf|atk|1\n|turn|24\n|inactive|Gloriousplays has 120 seconds left.\n|\n|t:|1729881471\n|switch|p2a: Coalossal|Coalossal, L89, M|238/341\n|-terastallize|p1a: Incineroar|Grass\n|move|p1a: Incineroar|Swords Dance|p1a: Incineroar\n|-boost|p1a: Incineroar|atk|2\n|\n|upkeep\n|turn|25\n|inactive|Gloriousplays has 120 seconds left.\n|\n|t:|1729881488\n|move|p1a: Incineroar|Trailblaze|p2a: Coalossal\n|-damage|p2a: Coalossal|138/341\n|-boost|p1a: Incineroar|spe|1\n|move|p2a: Coalossal|Will-O-Wisp|p1a: Incineroar|[miss]\n|-miss|p2a: Coalossal|p1a: Incineroar\n|\n|upkeep\n|turn|26\n|inactive|Gloriousplays has 120 seconds left.\n|\n|t:|1729881496\n|move|p1a: Incineroar|Knock Off|p2a: Coalossal\n|-damage|p2a: Coalossal|0 fnt\n|-enditem|p2a: Coalossal|Heavy-Duty Boots|[from] move: Knock Off|[of] p1a: Incineroar\n|faint|p2a: Coalossal\n|\n|upkeep\n|\n|t:|1729881499\n|switch|p2a: Masquerain|Masquerain, L87, M|264/264\n|-ability|p2a: Masquerain|Intimidate|boost\n|-unboost|p1a: Incineroar|atk|1\n|turn|27\n|\n|t:|1729881513\n|-terastallize|p2a: Masquerain|Water\n|move|p1a: Incineroar|Trailblaze|p2a: Masquerain\n|-supereffective|p2a: Masquerain\n|-damage|p2a: Masquerain|0 fnt\n|-boost|p1a: Incineroar|spe|1\n|faint|p2a: Masquerain\n|\n|upkeep\n|\n|t:|1729881518\n|switch|p2a: Klawf|Klawf, L90, M|189/272\n|turn|28\n|\n|t:|1729881529\n|move|p1a: Incineroar|Swords Dance|p1a: Incineroar\n|-boost|p1a: Incineroar|atk|2\n|move|p2a: Klawf|Stone Edge|p1a: Incineroar|[miss]\n|-miss|p2a: Klawf|p1a: Incineroar\n|\n|upkeep\n|turn|29\n|c|\u2606Derptile|Lmao\n|-message|Derptile forfeited.\n|\n|win|Gloriousplays\n|raw|Gloriousplays's rating: 2214 &rarr; <strong>2236</strong><br />(+22 for winning)\n|raw|Derptile's rating: 2252 &rarr; <strong>2230</strong><br />(-22 for losing)\n|l|\u2606Derptile\n|player|p2|\n", "inputlog": ">version f848a9fd958ec8f1ca6a9f7c452a4b12c3110db6\n>start {\"formatid\":\"gen9randombattle\",\"seed\":[25332,94,60711,36558],\"rated\":\"Rated battle\"}\n>player p1 {\"name\":\"Gloriousplays\",\"avatar\":\"ash-kalos\",\"rating\":2214,\"seed\":[60638,10249,47104,42807]}\n>player p2 {\"name\":\"Derptile\",\"avatar\":\"170\",\"rating\":2252,\"seed\":[42969,34097,16748,16924]}\n>p1 move stealthrock\n>p2 move tripleaxel\n>p1 switch 5\n>p2 move destinybond\n>p1 move spikes\n>p2 move spikes\n>p1 move disable\n>p2 move spikes\n>p1 move spikes\n>p2 move poltergeist\n>p1 move spikes\n>p2 move poltergeist\n>p1 switch 4\n>p2 move poltergeist\n>p1 move trailblaze\n>p2 switch 5\n>p1 switch 6\n>p2 move rapidspin\n>p1 move waterpulse\n>p2 switch 6\n>p1 move dragonpulse\n>p2 move hydropump\n>p1 move dragonpulse\n>p2 move alluringvoice\n>p1 move uturn\n>p2 move hydropump\n>p1 switch 5\n>p2 switch 4\n>p1 move megahorn\n>p2 move ivycudgel\n>p1 switch 2\n>p1 move trailblaze\n>p2 move uturn\n>p2 switch 5\n>p1 move coil\n>p2 move tripleaxel\n>p1 move earthquake\n>p2 move tripleaxel\n>p1 move gunkshot\n>p2 move tripleaxel\n>p2 switch 6\n>p1 move gunkshot\n>p2 move flamethrower\n>p1 switch 4\n>p1 move freezedry\n>p2 switch 5\n>p1 move freezedry\n>p2 move ivycudgel\n>p1 switch 3\n>p1 move psychic\n>p2 move uturn\n>p2 switch 3\n>p1 move knockoff\n>p2 move knockoff\n>p1 switch 6\n>p1 move swordsdance terastallize\n>p2 switch 5\n>p1 move trailblaze\n>p2 move willowisp\n>p1 move knockoff\n>p2 move willowisp\n>p2 switch 2\n>p1 move trailblaze\n>p2 move quiverdance terastallize\n>p2 switch 5\n>p1 move swordsdance\n>p2 move stoneedge\n>chat \u2606Derptile|Lmao\n>forcelose p2", "uploadtime": 1729881539, "views": 50, "formatid": "gen9randombattle", "rating": 2230, "private": 0, "password": null}