{"id": "gen9randombattle-2260553322", "format": "[Gen 9] Random Battle", "players": ["steelixprismgx", "Battlejabs"], "log": "|j|\u2606steelixprismgx\n|j|\u2606Battlejabs\n|t:|1733862910\n|gametype|singles\n|player|p1|steelixprismgx|colress|1894\n|player|p2|Battlejabs|bertha|1857\n|teamsize|p1|6\n|teamsize|p2|6\n|gen|9\n|tier|[Gen 9] Random Battle\n|rated|\n|rule|Species Clause: Limit one of each Pok\u00e9mon\n|rule|HP Percentage Mod: HP is shown in percentages\n|rule|Sleep Clause Mod: Limit one foe put to sleep\n|rule|Illusion Level Mod: Illusion disguises the Pok\u00e9mon's true level\n|\n|t:|1733862910\n|start\n|switch|p1a: Palkia|Palkia, L75|259/259\n|switch|p2a: Frosmoth|Frosmoth, L82, F|249/249\n|-ability|p1a: Palkia|Pressure\n|turn|1\n|inactive|Battle timer is ON: inactive players will automatically lose when time's up. (requested by steelixprismgx)\n|\n|t:|1733862941\n|switch|p1a: Skuntank|Skuntank, L84, M|310/310\n|switch|p2a: Whimsicott|Whimsicott, L85, F|241/241\n|\n|upkeep\n|turn|2\n|\n|t:|1733862956\n|switch|p2a: Overqwil|Overqwil, L82, M|274/274\n|-ability|p2a: Overqwil|Intimidate|boost\n|-unboost|p1a: Skuntank|atk|1\n|move|p1a: Skuntank|Gunk Shot|p2a: Overqwil\n|-resisted|p2a: Overqwil\n|-damage|p2a: Overqwil|231/274\n|\n|upkeep\n|turn|3\n|\n|t:|1733862962\n|move|p1a: Skuntank|Knock Off|p2a: Overqwil\n|-resisted|p2a: Overqwil\n|-damage|p2a: Overqwil|200/274\n|-enditem|p2a: Overqwil|Choice Band|[from] move: Knock Off|[of] p1a: Skuntank\n|move|p2a: Overqwil|Liquidation|p1a: Skuntank\n|-damage|p1a: Skuntank|226/310\n|\n|-heal|p1a: Skuntank|245/310|[from] item: Leftovers\n|upkeep\n|turn|4\n|\n|t:|1733862974\n|switch|p1a: Palkia|Palkia, L75|259/259\n|-ability|p1a: Palkia|Pressure\n|move|p2a: Overqwil|Crunch|p1a: Palkia\n|-damage|p1a: Palkia|165/259\n|\n|upkeep\n|turn|5\n|\n|t:|1733862997\n|move|p1a: Palkia|Hydro Pump|p2a: Overqwil\n|-damage|p2a: Overqwil|7/274\n|move|p2a: Overqwil|Gunk Shot|p1a: Palkia\n|-damage|p1a: Palkia|18/259\n|\n|upkeep\n|turn|6\n|\n|t:|1733863004\n|switch|p2a: Hydreigon|Hydreigon, L79, F|275/275\n|move|p1a: Palkia|Spacial Rend|p2a: Hydreigon\n|-supereffective|p2a: Hydreigon\n|-damage|p2a: Hydreigon|0 fnt\n|faint|p2a: Hydreigon\n|\n|upkeep\n|\n|t:|1733863010\n|switch|p2a: Whimsicott|Whimsicott, L85, F|241/241\n|turn|7\n|c|\u2606steelixprismgx|damn i predicted that one\n|\n|t:|1733863022\n|switch|p1a: Rotom|Rotom-Mow, L86|226/226\n|move|p2a: Whimsicott|Moonblast|p1a: Rotom\n|-damage|p1a: Rotom|154/226\n|-unboost|p1a: Rotom|spa|1\n|\n|upkeep\n|turn|8\n|\n|t:|1733863030\n|move|p2a: Whimsicott|Moonblast|p1a: Rotom\n|-damage|p1a: Rotom|79/226\n|move|p1a: Rotom|Will-O-Wisp|p2a: Whimsicott\n|-status|p2a: Whimsicott|brn\n|\n|-damage|p2a: Whimsicott|226/241 brn|[from] brn\n|upkeep\n|turn|9\n|\n|t:|1733863035\n|switch|p1a: Skuntank|Skuntank, L84, M|245/310\n|move|p2a: Whimsicott|Moonblast|p1a: Skuntank\n|-damage|p1a: Skuntank|125/310\n|\n|-heal|p2a: Whimsicott|241/241 brn|[from] item: Leftovers\n|-heal|p1a: Skuntank|144/310|[from] item: Leftovers\n|-damage|p2a: Whimsicott|226/241 brn|[from] brn\n|upkeep\n|turn|10\n|\n|t:|1733863041\n|switch|p2a: Overqwil|Overqwil, L82, M|7/274\n|-ability|p2a: Overqwil|Intimidate|boost\n|-unboost|p1a: Skuntank|atk|1\n|move|p1a: Skuntank|Gunk Shot|p2a: Overqwil\n|-resisted|p2a: Overqwil\n|-damage|p2a: Overqwil|0 fnt\n|faint|p2a: Overqwil\n|\n|-heal|p1a: Skuntank|163/310|[from] item: Leftovers\n|upkeep\n|\n|t:|1733863045\n|switch|p2a: Frosmoth|Frosmoth, L82, F|249/249\n|turn|11\n|\n|t:|1733863049\n|move|p1a: Skuntank|Taunt|p2a: Frosmoth\n|-start|p2a: Frosmoth|move: Taunt\n|cant|p2a: Frosmoth|move: Taunt|Quiver Dance\n|\n|-heal|p1a: Skuntank|182/310|[from] item: Leftovers\n|upkeep\n|turn|12\n|\n|t:|1733863051\n|switch|p2a: Whimsicott|Whimsicott, L85, F|226/241 brn\n|move|p1a: Skuntank|Knock Off|p2a: Whimsicott\n|-resisted|p2a: Whimsicott\n|-damage|p2a: Whimsicott|190/241 brn\n|-enditem|p2a: Whimsicott|Leftovers|[from] move: Knock Off|[of] p1a: Skuntank\n|\n|-heal|p1a: Skuntank|201/310|[from] item: Leftovers\n|-damage|p2a: Whimsicott|175/241 brn|[from] brn\n|upkeep\n|turn|13\n|\n|t:|1733863060\n|-terastallize|p2a: Whimsicott|Steel\n|move|p2a: Whimsicott|Leech Seed|p1a: Skuntank\n|-hint|Since gen 7, Dark is immune to Prankster moves.\n|-immune|p1a: Skuntank\n|move|p1a: Skuntank|Gunk Shot|p2a: Whimsicott\n|-immune|p2a: Whimsicott\n|\n|-heal|p1a: Skuntank|220/310|[from] item: Leftovers\n|-damage|p2a: Whimsicott|160/241 brn|[from] brn\n|upkeep\n|turn|14\n|l|\u2606Battlejabs\n|inactive|Battlejabs disconnected and has a minute to reconnect!\n|player|p2|\n|c|\u2606steelixprismgx|:trol:\n|j|\u2606Battlejabs\n|inactive|Battlejabs reconnected and has 140 seconds left.\n|player|p2|Battlejabs|bertha|\n|l|\u2606Battlejabs\n|inactive|Battlejabs disconnected and has a minute to reconnect!\n|player|p2|\n|c|\u2606steelixprismgx|hey can you like reconnect for me\n|c|\u2606steelixprismgx|apparently not :trol:\n|inactive|Battlejabs has 30 seconds to reconnect!\n|inactive|Battlejabs has 20 seconds to reconnect!\n|inactive|Battlejabs has 15 seconds to reconnect!\n|inactive|Battlejabs has 10 seconds to reconnect!\n|inactive|Battlejabs has 5 seconds to reconnect!\n|-message|Battlejabs lost due to inactivity.\n|\n|win|steelixprismgx\n|raw|steelixprismgx's rating: 1894 &rarr; <strong>1912</strong><br />(+18 for winning)\n|raw|Battlejabs's rating: 1857 &rarr; <strong>1839</strong><br />(-18 for losing)\n", "inputlog": ">version bfd83cad13791eb5a5a409923076391caf6fb4d4\n>start {\"formatid\":\"gen9randombattle\",\"seed\":[3907,22468,4796,58265],\"rated\":\"Rated battle\"}\n>player p1 {\"name\":\"steelixprismgx\",\"avatar\":\"colress\",\"rating\":1894,\"seed\":[2254,47230,50576,19776]}\n>player p2 {\"name\":\"Battlejabs\",\"avatar\":\"bertha\",\"rating\":1857,\"seed\":[36007,30570,10266,7226]}\n>p1 switch 4\n>p2 switch 5\n>p1 move gunkshot\n>p2 switch 2\n>p1 move knockoff\n>p2 move liquidation\n>p1 switch 4\n>p2 move crunch\n>p1 move hydropump\n>p2 move gunkshot\n>p1 move spacialrend\n>p2 switch 6\n>p2 switch 2\n>chat \u2606steelixprismgx|damn i predicted that one\n>p1 switch 6\n>p2 move moonblast\n>p1 move willowisp\n>p2 move moonblast\n>p1 switch 4\n>p2 move moonblast\n>p1 move gunkshot\n>p2 switch 6\n>p2 switch 5\n>p1 move taunt\n>p2 move quiverdance\n>p1 move knockoff\n>p2 switch 6\n>p1 move gunkshot\n>p2 move leechseed terastallize\n>chat \u2606steelixprismgx|:trol:\n>chat \u2606steelixprismgx|hey can you like reconnect for me\n>chat \u2606steelixprismgx|apparently not :trol:\n>forcelose p2", "uploadtime": 1733863133, "views": 4, "formatid": "gen9randombattle", "rating": 1839, "private": 0, "password": null}