{"id": "gen9randombattle-2237914633", "format": "[Gen 9] Random Battle", "players": ["mabiana", "TheLastOne"], "log": "|badge|p2|bronze|gen9randombattle|100-3\n|uhtml|medal-msg|<div class=\"broadcast-blue\">Curious what those medals under the avatar are? PS now has Ladder Seasons! For more information, check out the <a href=\"https://www.smogon.com/forums/threads/3740067/\">thread on Smogon.</a></div>\n|j|\u2606mabiana\n|j|\u2606TheLastOne\n|t:|1730820755\n|gametype|singles\n|player|p1|mabiana|265|2215\n|player|p2|TheLastOne|buck|2340\n|teamsize|p1|6\n|teamsize|p2|6\n|gen|9\n|tier|[Gen 9] Random Battle\n|rated|\n|rule|Species Clause: Limit one of each Pok\u00e9mon\n|rule|HP Percentage Mod: HP is shown in percentages\n|rule|Sleep Clause Mod: Limit one foe put to sleep\n|rule|Illusion Level Mod: Illusion disguises the Pok\u00e9mon's true level\n|\n|t:|1730820755\n|start\n|switch|p1a: Mesprit|Mesprit, L85|275/275\n|switch|p2a: Garchomp|Garchomp, L74, M|282/282\n|turn|1\n|inactive|Battle timer is ON: inactive players will automatically lose when time's up. (requested by TheLastOne)\n|\n|t:|1730820775\n|move|p2a: Garchomp|Swords Dance|p2a: Garchomp\n|-boost|p2a: Garchomp|atk|2\n|move|p1a: Mesprit|Stealth Rock|p2a: Garchomp\n|-sidestart|p2: TheLastOne|move: Stealth Rock\n|\n|upkeep\n|turn|2\n|\n|t:|1730820785\n|move|p2a: Garchomp|Scale Shot|p1a: Mesprit\n|-damage|p1a: Mesprit|227/275\n|-damage|p1a: Mesprit|181/275\n|-damage|p1a: Mesprit|136/275\n|-crit|p1a: Mesprit\n|-damage|p1a: Mesprit|66/275\n|-hitcount|p1a: Mesprit|4\n|-unboost|p2a: Garchomp|def|1\n|-boost|p2a: Garchomp|spe|1\n|move|p1a: Mesprit|Encore|p2a: Garchomp\n|-start|p2a: Garchomp|Encore\n|\n|-heal|p1a: Mesprit|83/275|[from] item: Leftovers\n|upkeep\n|turn|3\n|\n|t:|1730820794\n|move|p2a: Garchomp|Scale Shot|p1a: Mesprit\n|-damage|p1a: Mesprit|38/275\n|-damage|p1a: Mesprit|0 fnt\n|faint|p1a: Mesprit\n|-hitcount|p1: Mesprit|2\n|-unboost|p2a: Garchomp|def|1\n|-boost|p2a: Garchomp|spe|1\n|\n|upkeep\n|\n|t:|1730820800\n|switch|p1a: Terrakion|Terrakion, L79|273/273\n|turn|4\n|\n|t:|1730820804\n|move|p2a: Garchomp|Scale Shot|p1a: Terrakion\n|-damage|p1a: Terrakion|221/273\n|-damage|p1a: Terrakion|164/273\n|-damage|p1a: Terrakion|107/273\n|-damage|p1a: Terrakion|53/273\n|-hitcount|p1a: Terrakion|4\n|-unboost|p2a: Garchomp|def|1\n|-boost|p2a: Garchomp|spe|1\n|move|p1a: Terrakion|Close Combat|p2a: Garchomp\n|-damage|p2a: Garchomp|0 fnt\n|-unboost|p1a: Terrakion|def|1\n|-unboost|p1a: Terrakion|spd|1\n|-damage|p1a: Terrakion|19/273|[from] ability: Rough Skin|[of] p2a: Garchomp\n|faint|p2a: Garchomp\n|\n|upkeep\n|\n|t:|1730820823\n|switch|p2a: Tauros|Tauros-Paldea-Aqua, L81, M|254/254\n|-damage|p2a: Tauros|239/254|[from] Stealth Rock\n|-ability|p2a: Tauros|Intimidate|boost\n|-unboost|p1a: Terrakion|atk|1\n|turn|5\n|\n|t:|1730820833\n|switch|p1a: Cramorant|Cramorant, L86, F|261/261\n|move|p2a: Tauros|Aqua Jet|p1a: Cramorant\n|-resisted|p1a: Cramorant\n|-damage|p1a: Cramorant|226/261\n|-damage|p2a: Tauros|214/254|[from] item: Life Orb\n|\n|upkeep\n|turn|6\n|\n|t:|1730820842\n|switch|p2a: Magcargo|Magcargo, L95, M|268/268\n|move|p1a: Cramorant|Surf|p2a: Magcargo\n|-formechange|p1a: Cramorant|Cramorant-Gulping|\n|-supereffective|p2a: Magcargo\n|-damage|p2a: Magcargo|0 fnt\n|faint|p2a: Magcargo\n|\n|upkeep\n|\n|t:|1730820848\n|switch|p2a: Venomoth|Venomoth, L84, F|255/255\n|turn|7\n|\n|t:|1730820853\n|move|p2a: Venomoth|Sleep Powder|p1a: Cramorant\n|-status|p1a: Cramorant|slp|[from] move: Sleep Powder\n|cant|p1a: Cramorant|slp\n|\n|upkeep\n|turn|8\n|\n|t:|1730820858\n|switch|p1a: Cresselia|Cresselia, L80, F|323/323\n|move|p2a: Venomoth|Quiver Dance|p2a: Venomoth\n|-boost|p2a: Venomoth|spa|1\n|-boost|p2a: Venomoth|spd|1\n|-boost|p2a: Venomoth|spe|1\n|\n|upkeep\n|turn|9\n|\n|t:|1730820868\n|-terastallize|p1a: Cresselia|Poison\n|move|p2a: Venomoth|Bug Buzz|p1a: Cresselia\n|-resisted|p1a: Cresselia\n|-damage|p1a: Cresselia|211/323\n|move|p1a: Cresselia|Psyshock|p2a: Venomoth\n|-supereffective|p2a: Venomoth\n|-damage|p2a: Venomoth|85/255\n|\n|-heal|p1a: Cresselia|231/323|[from] item: Leftovers\n|upkeep\n|turn|10\n|\n|t:|1730820876\n|move|p2a: Venomoth|Sludge Wave|p1a: Cresselia\n|-resisted|p1a: Cresselia\n|-damage|p1a: Cresselia|121/323\n|move|p1a: Cresselia|Psyshock|p2a: Venomoth\n|-supereffective|p2a: Venomoth\n|-damage|p2a: Venomoth|0 fnt\n|faint|p2a: Venomoth\n|\n|-heal|p1a: Cresselia|141/323|[from] item: Leftovers\n|upkeep\n|\n|t:|1730820880\n|switch|p2a: Espathra|Espathra, L80, F|283/283\n|-damage|p2a: Espathra|248/283|[from] Stealth Rock\n|turn|11\n|\n|t:|1730820893\n|switch|p1a: Polteageist|Polteageist, L79|224/224\n|move|p2a: Espathra|Calm Mind|p2a: Espathra\n|-boost|p2a: Espathra|spa|1\n|-boost|p2a: Espathra|spd|1\n|\n|-heal|p2a: Espathra|265/283|[from] item: Leftovers\n|-ability|p2a: Espathra|Speed Boost|boost\n|-boost|p2a: Espathra|spe|1\n|upkeep\n|turn|12\n|\n|t:|1730820899\n|-terastallize|p2a: Espathra|Fairy\n|move|p2a: Espathra|Calm Mind|p2a: Espathra\n|-boost|p2a: Espathra|spa|1\n|-boost|p2a: Espathra|spd|1\n|move|p1a: Polteageist|Shadow Ball|p2a: Espathra\n|-damage|p2a: Espathra|202/283\n|\n|-heal|p2a: Espathra|219/283|[from] item: Leftovers\n|-ability|p2a: Espathra|Speed Boost|boost\n|-boost|p2a: Espathra|spe|1\n|upkeep\n|turn|13\n|\n|t:|1730820905\n|move|p2a: Espathra|Calm Mind|p2a: Espathra\n|-boost|p2a: Espathra|spa|1\n|-boost|p2a: Espathra|spd|1\n|move|p1a: Polteageist|Shadow Ball|p2a: Espathra\n|-damage|p2a: Espathra|168/283\n|-unboost|p2a: Espathra|spd|1\n|\n|-heal|p2a: Espathra|185/283|[from] item: Leftovers\n|-ability|p2a: Espathra|Speed Boost|boost\n|-boost|p2a: Espathra|spe|1\n|upkeep\n|turn|14\n|\n|t:|1730820909\n|move|p2a: Espathra|Calm Mind|p2a: Espathra\n|-boost|p2a: Espathra|spa|1\n|-boost|p2a: Espathra|spd|1\n|move|p1a: Polteageist|Shadow Ball|p2a: Espathra\n|-damage|p2a: Espathra|131/283\n|-unboost|p2a: Espathra|spd|1\n|\n|-heal|p2a: Espathra|148/283|[from] item: Leftovers\n|-ability|p2a: Espathra|Speed Boost|boost\n|-boost|p2a: Espathra|spe|1\n|upkeep\n|turn|15\n|\n|t:|1730820912\n|move|p2a: Espathra|Roost|p2a: Espathra\n|-heal|p2a: Espathra|283/283\n|move|p1a: Polteageist|Shadow Ball|p2a: Espathra\n|-damage|p2a: Espathra|217/283\n|\n|-heal|p2a: Espathra|234/283|[from] item: Leftovers\n|-ability|p2a: Espathra|Speed Boost|boost\n|-boost|p2a: Espathra|spe|1\n|upkeep\n|turn|16\n|\n|t:|1730820916\n|move|p2a: Espathra|Calm Mind|p2a: Espathra\n|-boost|p2a: Espathra|spa|1\n|-boost|p2a: Espathra|spd|1\n|move|p1a: Polteageist|Shadow Ball|p2a: Espathra\n|-damage|p2a: Espathra|176/283\n|\n|-heal|p2a: Espathra|193/283|[from] item: Leftovers\n|-ability|p2a: Espathra|Speed Boost|boost\n|-boost|p2a: Espathra|spe|1\n|upkeep\n|turn|17\n|\n|t:|1730820919\n|move|p2a: Espathra|Calm Mind|p2a: Espathra\n|-boost|p2a: Espathra|spa|1\n|-boost|p2a: Espathra|spd|1\n|move|p1a: Polteageist|Shadow Ball|p2a: Espathra\n|-damage|p2a: Espathra|147/283\n|\n|-heal|p2a: Espathra|164/283|[from] item: Leftovers\n|upkeep\n|turn|18\n|\n|t:|1730820923\n|move|p2a: Espathra|Roost|p2a: Espathra\n|-heal|p2a: Espathra|283/283\n|move|p1a: Polteageist|Shadow Ball|p2a: Espathra\n|-damage|p2a: Espathra|240/283\n|\n|-heal|p2a: Espathra|257/283|[from] item: Leftovers\n|upkeep\n|turn|19\n|\n|t:|1730820930\n|move|p2a: Espathra|Stored Power|p1a: Polteageist\n|-damage|p1a: Polteageist|0 fnt\n|faint|p1a: Polteageist\n|\n|-heal|p2a: Espathra|274/283|[from] item: Leftovers\n|upkeep\n|-message|mabiana forfeited.\n|\n|win|TheLastOne\n|raw|mabiana's rating: 2215 &rarr; <strong>2202</strong><br />(-13 for losing)\n|raw|TheLastOne's rating: 2340 &rarr; <strong>2353</strong><br />(+13 for winning)\n|l|\u2606mabiana\n|player|p1|\n", "inputlog": ">version 2425f1364de080346313a8917b8af0a0670d3b0a\n>start {\"formatid\":\"gen9randombattle\",\"seed\":[27408,22404,19936,36621],\"rated\":\"Rated battle\"}\n>player p1 {\"name\":\"mabiana\",\"avatar\":\"265\",\"rating\":2215,\"seed\":[61905,62011,14452,53085]}\n>player p2 {\"name\":\"TheLastOne\",\"avatar\":\"buck\",\"rating\":2340,\"seed\":[62209,19205,53669,28229]}\n>p1 move stealthrock\n>p2 move swordsdance\n>p1 move encore\n>p2 move scaleshot\n>p1 move psychicnoise\n>p2 move scaleshot\n>p1 switch 3\n>p1 move closecombat\n>p2 move scaleshot\n>p2 switch 6\n>p1 switch 6\n>p2 move aquajet\n>p1 move surf\n>p2 switch 3\n>p2 switch 2\n>p1 move bravebird\n>p2 move sleeppowder\n>p1 switch 4\n>p2 move quiverdance\n>p1 move psyshock terastallize\n>p2 move bugbuzz\n>p1 move psyshock\n>p2 move sludgewave\n>p2 switch 5\n>p1 switch 2\n>p2 move calmmind\n>p1 move shadowball\n>p2 move calmmind terastallize\n>p1 move shadowball\n>p2 move calmmind\n>p1 move shadowball\n>p2 move calmmind\n>p1 move shadowball\n>p2 move roost\n>p1 move shadowball\n>p2 move calmmind\n>p1 move shadowball\n>p2 move calmmind\n>p1 move shadowball\n>p2 move roost\n>p1 move shadowball\n>p2 move storedpower\n>forcelose p1", "uploadtime": 1730821141, "views": 48, "formatid": "gen9randombattle", "rating": 2202, "private": 0, "password": null}