{"id": "gen9randombattle-2260485665", "format": "[Gen 9] Random Battle", "players": ["xKayni", "bigreeeetus"], "log": "|j|\u2606xKayni\n|j|\u2606bigreeeetus\n|t:|1733856194\n|gametype|singles\n|player|p1|xKayni|veteranf|1336\n|player|p2|bigreeeetus|n|1321\n|teamsize|p1|6\n|teamsize|p2|6\n|gen|9\n|tier|[Gen 9] Random Battle\n|rated|\n|rule|Species Clause: Limit one of each Pok\u00e9mon\n|rule|HP Percentage Mod: HP is shown in percentages\n|rule|Sleep Clause Mod: Limit one foe put to sleep\n|rule|Illusion Level Mod: Illusion disguises the Pok\u00e9mon's true level\n|\n|t:|1733856194\n|start\n|switch|p1a: Bombirdier|Bombirdier, L85, M|258/258\n|switch|p2a: Grafaiai|Grafaiai, L86, F|249/249\n|turn|1\n|inactive|Battle timer is ON: inactive players will automatically lose when time's up. (requested by xKayni)\n|\n|t:|1733856219\n|switch|p1a: Fezandipiti|Fezandipiti, L82, M|278/278\n|move|p2a: Grafaiai|U-turn|p1a: Fezandipiti\n|-resisted|p1a: Fezandipiti\n|-damage|p1a: Fezandipiti|265/278\n|\n|t:|1733856234\n|switch|p2a: Hippowdon|Hippowdon, L82, M|311/311|[from] U-turn\n|-weather|Sandstorm|[from] ability: Sand Stream|[of] p2a: Hippowdon\n|\n|-weather|Sandstorm|[upkeep]\n|-damage|p1a: Fezandipiti|248/278|[from] Sandstorm\n|-heal|p1a: Fezandipiti|265/278|[from] item: Leftovers\n|upkeep\n|turn|2\n|\n|t:|1733856261\n|switch|p1a: Bombirdier|Bombirdier, L85, M|258/258\n|move|p2a: Hippowdon|Curse|p2a: Hippowdon\n|-unboost|p2a: Hippowdon|spe|1\n|-boost|p2a: Hippowdon|atk|1\n|-boost|p2a: Hippowdon|def|1\n|\n|-weather|Sandstorm|[upkeep]\n|-damage|p1a: Bombirdier|242/258|[from] Sandstorm\n|upkeep\n|turn|3\n|\n|t:|1733856273\n|move|p1a: Bombirdier|Knock Off|p2a: Hippowdon\n|-damage|p2a: Hippowdon|253/311\n|-enditem|p2a: Hippowdon|Leftovers|[from] move: Knock Off|[of] p1a: Bombirdier\n|move|p2a: Hippowdon|Stone Edge|p1a: Bombirdier\n|-supereffective|p1a: Bombirdier\n|-damage|p1a: Bombirdier|12/258\n|\n|-weather|Sandstorm|[upkeep]\n|-damage|p1a: Bombirdier|0 fnt|[from] Sandstorm\n|faint|p1a: Bombirdier\n|upkeep\n|inactive|xKayni has 120 seconds left.\n|\n|t:|1733856298\n|switch|p1a: Latios|Latios, L78, M|253/253\n|turn|4\n|\n|t:|1733856311\n|move|p1a: Latios|Draco Meteor|p2a: Hippowdon\n|-damage|p2a: Hippowdon|0 fnt\n|-unboost|p1a: Latios|spa|2\n|faint|p2a: Hippowdon\n|\n|-weather|Sandstorm|[upkeep]\n|-damage|p1a: Latios|238/253|[from] Sandstorm\n|upkeep\n|\n|t:|1733856318\n|switch|p2a: Grafaiai|Grafaiai, L86, F|249/249\n|turn|5\n|\n|t:|1733856323\n|switch|p1a: Fezandipiti|Fezandipiti, L82, M|265/278\n|move|p2a: Grafaiai|Knock Off|p1a: Fezandipiti\n|-resisted|p1a: Fezandipiti\n|-damage|p1a: Fezandipiti|230/278\n|-enditem|p1a: Fezandipiti|Leftovers|[from] move: Knock Off|[of] p2a: Grafaiai\n|\n|-weather|none\n|upkeep\n|turn|6\n|\n|t:|1733856336\n|move|p2a: Grafaiai|U-turn|p1a: Fezandipiti\n|-resisted|p1a: Fezandipiti\n|-damage|p1a: Fezandipiti|216/278\n|\n|t:|1733856343\n|switch|p2a: Pikachu|Pikachu-Hoenn, L93, M|216/216|[from] U-turn\n|move|p1a: Fezandipiti|Gunk Shot|p2a: Pikachu\n|-damage|p2a: Pikachu|32/216\n|-status|p2a: Pikachu|psn\n|\n|-damage|p2a: Pikachu|5/216 psn|[from] psn\n|upkeep\n|turn|7\n|inactive|xKayni has 120 seconds left.\n|\n|t:|1733856369\n|switch|p1a: Iron Thorns|Iron Thorns, L83|302/302\n|-item|p1a: Iron Thorns|Air Balloon\n|move|p2a: Pikachu|Volt Tackle|p1a: Iron Thorns\n|-resisted|p1a: Iron Thorns\n|-damage|p1a: Iron Thorns|215/302\n|-enditem|p1a: Iron Thorns|Air Balloon\n|-damage|p2a: Pikachu|0 fnt|[from] Recoil\n|faint|p2a: Pikachu\n|\n|upkeep\n|\n|t:|1733856377\n|switch|p2a: Baxcalibur|Baxcalibur, L75, M|296/296\n|turn|8\n|\n|t:|1733856386\n|move|p2a: Baxcalibur|Earthquake|p1a: Iron Thorns\n|-supereffective|p1a: Iron Thorns\n|-damage|p1a: Iron Thorns|0 fnt\n|faint|p1a: Iron Thorns\n|-end|p1a: Iron Thorns|Quark Drive|[silent]\n|\n|upkeep\n|\n|t:|1733856396\n|switch|p1a: Iron Jugulis|Iron Jugulis, L78|275/275\n|turn|9\n|\n|t:|1733856403\n|move|p1a: Iron Jugulis|Meteor Beam||[still]\n|-prepare|p1a: Iron Jugulis|Meteor Beam\n|-boost|p1a: Iron Jugulis|spa|1\n|-enditem|p1a: Iron Jugulis|Power Herb\n|-anim|p1a: Iron Jugulis|Meteor Beam|p2a: Baxcalibur\n|-supereffective|p2a: Baxcalibur\n|-damage|p2a: Baxcalibur|16/296\n|move|p2a: Baxcalibur|Icicle Crash|p1a: Iron Jugulis\n|-supereffective|p1a: Iron Jugulis\n|-damage|p1a: Iron Jugulis|47/275\n|\n|upkeep\n|turn|10\n|inactive|xKayni has 120 seconds left.\n|l|\u2606xKayni\n|inactive|xKayni disconnected and has a minute to reconnect!\n|player|p1|\n|j|\u2606xKayni\n|inactive|xKayni reconnected and has 90 seconds left.\n|player|p1|xKayni|veteranf|\n|\n|t:|1733856458\n|move|p1a: Iron Jugulis|Dark Pulse|p2a: Baxcalibur\n|-damage|p2a: Baxcalibur|0 fnt\n|faint|p2a: Baxcalibur\n|\n|upkeep\n|inactive|bigreeeetus has 120 seconds left.\n|\n|t:|1733856485\n|switch|p2a: Inteleon|Inteleon, L81, F|246/246\n|turn|11\n|inactive|xKayni has 90 seconds left.\n|\n|t:|1733856527\n|move|p2a: Inteleon|Ice Beam|p1a: Iron Jugulis\n|-supereffective|p1a: Iron Jugulis\n|-damage|p1a: Iron Jugulis|0 fnt\n|faint|p1a: Iron Jugulis\n|-end|p1a: Iron Jugulis|Quark Drive|[silent]\n|\n|upkeep\n|inactive|xKayni has 60 seconds left.\n|\n|t:|1733856542\n|switch|p1a: Fezandipiti|Fezandipiti, L82, M|216/278\n|turn|12\n|inactive|xKayni has 60 seconds left.\n|inactive|bigreeeetus has 120 seconds left.\n|\n|t:|1733856553\n|move|p2a: Inteleon|Ice Beam|p1a: Fezandipiti\n|-damage|p1a: Fezandipiti|124/278\n|move|p1a: Fezandipiti|Gunk Shot|p2a: Inteleon\n|-crit|p2a: Inteleon\n|-damage|p2a: Inteleon|38/246\n|\n|upkeep\n|turn|13\n|inactive|xKayni has 60 seconds left.\n|\n|t:|1733856563\n|move|p2a: Inteleon|Ice Beam|p1a: Fezandipiti\n|-damage|p1a: Fezandipiti|45/278\n|move|p1a: Fezandipiti|Play Rough|p2a: Inteleon\n|-damage|p2a: Inteleon|0 fnt\n|faint|p2a: Inteleon\n|\n|upkeep\n|\n|t:|1733856571\n|switch|p2a: Azumarill|Azumarill, L82, F|298/298\n|turn|14\n|\n|t:|1733856580\n|move|p2a: Azumarill|Aqua Jet|p1a: Fezandipiti\n|-damage|p1a: Fezandipiti|0 fnt\n|faint|p1a: Fezandipiti\n|\n|upkeep\n|\n|t:|1733856593\n|switch|p1a: Latios|Latios, L78, M|238/253\n|turn|15\n|\n|t:|1733856599\n|switch|p2a: Grafaiai|Grafaiai, L86, F|249/249\n|-terastallize|p1a: Latios|Steel\n|move|p1a: Latios|Luster Purge|p2a: Grafaiai\n|-supereffective|p2a: Grafaiai\n|-damage|p2a: Grafaiai|1/249\n|-unboost|p2a: Grafaiai|spd|1\n|\n|upkeep\n|turn|16\n|\n|t:|1733856613\n|move|p2a: Grafaiai|Super Fang|p1a: Latios\n|-damage|p1a: Latios|119/253\n|move|p1a: Latios|Luster Purge|p2a: Grafaiai\n|-supereffective|p2a: Grafaiai\n|-damage|p2a: Grafaiai|0 fnt\n|faint|p2a: Grafaiai\n|\n|upkeep\n|\n|t:|1733856618\n|switch|p2a: Azumarill|Azumarill, L82, F|298/298\n|turn|17\n|\n|t:|1733856627\n|-terastallize|p2a: Azumarill|Water\n|move|p1a: Latios|Luster Purge|p2a: Azumarill\n|-damage|p2a: Azumarill|105/298\n|move|p2a: Azumarill|Liquidation|p1a: Latios\n|-damage|p1a: Latios|0 fnt\n|faint|p1a: Latios\n|\n|upkeep\n|\n|t:|1733856634\n|switch|p1a: Tauros|Tauros, L82, M|257/257\n|turn|18\n|\n|t:|1733856640\n|move|p1a: Tauros|Body Slam|p2a: Azumarill\n|-damage|p2a: Azumarill|0 fnt\n|faint|p2a: Azumarill\n|\n|win|xKayni\n|raw|xKayni's rating: 1336 &rarr; <strong>1355</strong><br />(+19 for winning)\n|raw|bigreeeetus's rating: 1321 &rarr; <strong>1302</strong><br />(-19 for losing)\n|l|\u2606bigreeeetus\n|player|p2|\n", "inputlog": ">version bfd83cad13791eb5a5a409923076391caf6fb4d4\n>start {\"formatid\":\"gen9randombattle\",\"seed\":[12691,29014,40393,36532],\"rated\":\"Rated battle\"}\n>player p1 {\"name\":\"xKayni\",\"avatar\":\"veteranf\",\"rating\":1336,\"seed\":[16714,2853,9138,61155]}\n>player p2 {\"name\":\"bigreeeetus\",\"avatar\":\"n\",\"rating\":1321,\"seed\":[55681,48965,44457,21705]}\n>p1 switch 6\n>p2 move uturn\n>p2 switch 3\n>p1 switch 6\n>p2 move curse\n>p1 move knockoff\n>p2 move stoneedge\n>p1 switch 5\n>p1 move dracometeor\n>p2 move stoneedge\n>p2 switch 3\n>p1 switch 6\n>p2 move knockoff\n>p1 move gunkshot\n>p2 move uturn\n>p2 switch 5\n>p1 switch 4\n>p2 move volttackle\n>p2 switch 4\n>p1 move stoneedge\n>p2 move earthquake\n>p1 switch 2\n>p1 move meteorbeam\n>p2 move iciclecrash\n>p1 move darkpulse\n>p2 move iciclecrash\n>p2 switch 6\n>p1 move darkpulse\n>p2 move icebeam\n>p1 switch 4\n>p1 move gunkshot\n>p2 move icebeam\n>p1 move playrough\n>p2 move icebeam\n>p2 switch 2\n>p1 move gunkshot\n>p2 move aquajet\n>p1 switch 6\n>p1 move lusterpurge terastallize\n>p2 switch 5\n>p1 move lusterpurge\n>p2 move superfang\n>p2 switch 5\n>p1 move lusterpurge\n>p2 move liquidation terastallize\n>p1 switch 3\n>p1 move bodyslam\n>p2 move liquidation", "uploadtime": 1733856651, "views": 1, "formatid": "gen9randombattle", "rating": 1302, "private": 0, "password": null}