{"id": "gen9randombattle-2211484901", "format": "[Gen 9] Random Battle", "players": ["R3LT chiefbeef1234", "Norman2!"], "log": "|raw|<div class=\"broadcast-blue\"><strong>This battle is required to be public due to a player having a name starting with 'r3lt'.</div>\n|j|\u2606R3LT chiefbeef1234\n|j|\u203dNorman2!\n|t:|1727525954\n|gametype|singles\n|player|p1|R3LT chiefbeef1234|shadowtriad|2242\n|player|p2|Norman2!|169|2304\n|teamsize|p1|6\n|teamsize|p2|6\n|gen|9\n|tier|[Gen 9] Random Battle\n|rated|\n|rule|Species Clause: Limit one of each Pok\u00e9mon\n|rule|HP Percentage Mod: HP is shown in percentages\n|rule|Sleep Clause Mod: Limit one foe put to sleep\n|rule|Illusion Level Mod: Illusion disguises the Pok\u00e9mon's true level\n|\n|t:|1727525954\n|start\n|switch|p1a: Torterra|Torterra, L78, M|276/276\n|switch|p2a: Magmortar|Magmortar, L88, F|275/275\n|turn|1\n|inactive|Battle timer is ON: inactive players will automatically lose when time's up. (requested by R3LT chiefbeef1234)\n|\n|t:|1727525970\n|switch|p1a: Morpeko|Morpeko, L88, M|245/245\n|move|p2a: Magmortar|Will-O-Wisp|p1a: Morpeko\n|-status|p1a: Morpeko|brn\n|\n|-damage|p1a: Morpeko|230/245 brn|[from] brn\n|-formechange|p1a: Morpeko|Morpeko-Hangry||[from] ability: Hunger Switch\n|upkeep\n|turn|2\n|\n|t:|1727525979\n|move|p1a: Morpeko|Parting Shot|p2a: Magmortar\n|-unboost|p2a: Magmortar|atk|1\n|-unboost|p2a: Magmortar|spa|1\n|\n|t:|1727525982\n|switch|p1a: Urshifu|Urshifu-Rapid-Strike, L75, F|274/274|[from] Parting Shot\n|move|p2a: Magmortar|Focus Blast|p1a: Urshifu\n|-damage|p1a: Urshifu|156/274\n|\n|upkeep\n|turn|3\n|\n|t:|1727525991\n|switch|p2a: Decidueye|Decidueye, L88, M|281/281\n|move|p1a: Urshifu|Surging Strikes|p2a: Decidueye\n|-resisted|p2a: Decidueye\n|-crit|p2a: Decidueye\n|-damage|p2a: Decidueye|249/281\n|-resisted|p2a: Decidueye\n|-crit|p2a: Decidueye\n|-damage|p2a: Decidueye|217/281\n|-resisted|p2a: Decidueye\n|-crit|p2a: Decidueye\n|-damage|p2a: Decidueye|184/281\n|-hitcount|p2a: Decidueye|3\n|\n|upkeep\n|turn|4\n|\n|t:|1727525997\n|switch|p1a: Venusaur|Venusaur, L84, M|272/272\n|move|p2a: Decidueye|Leaf Blade|p1a: Venusaur\n|-resisted|p1a: Venusaur\n|-damage|p1a: Venusaur|236/272\n|-damage|p2a: Decidueye|156/281|[from] item: Life Orb\n|\n|-heal|p1a: Venusaur|253/272|[from] item: Leftovers\n|upkeep\n|turn|5\n|\n|t:|1727526001\n|move|p1a: Venusaur|Sludge Bomb|p2a: Decidueye\n|-damage|p2a: Decidueye|74/281\n|-status|p2a: Decidueye|psn\n|move|p2a: Decidueye|Poltergeist|p1a: Venusaur|[miss]\n|-miss|p2a: Decidueye|p1a: Venusaur\n|\n|-heal|p1a: Venusaur|270/272|[from] item: Leftovers\n|-damage|p2a: Decidueye|39/281 psn|[from] psn\n|upkeep\n|turn|6\n|\n|t:|1727526006\n|switch|p2a: Typhlosion|Typhlosion-Hisui, L83, M|257/257\n|move|p1a: Venusaur|Knock Off|p2a: Typhlosion\n|-supereffective|p2a: Typhlosion\n|-damage|p2a: Typhlosion|129/257\n|-enditem|p2a: Typhlosion|Choice Scarf|[from] move: Knock Off|[of] p1a: Venusaur\n|\n|-heal|p1a: Venusaur|272/272|[from] item: Leftovers\n|upkeep\n|turn|7\n|\n|t:|1727526020\n|switch|p1a: Morpeko|Morpeko, L88, M|230/245 brn\n|move|p2a: Typhlosion|Fire Blast|p1a: Morpeko\n|-damage|p1a: Morpeko|44/245 brn\n|\n|-damage|p1a: Morpeko|29/245 brn|[from] brn\n|-formechange|p1a: Morpeko|Morpeko-Hangry||[from] ability: Hunger Switch\n|upkeep\n|turn|8\n|\n|t:|1727526027\n|switch|p2a: Decidueye|Decidueye, L88, M|39/281 psn\n|move|p1a: Morpeko|Aura Wheel|p2a: Decidueye\n|-supereffective|p2a: Decidueye\n|-damage|p2a: Decidueye|0 fnt\n|-boost|p1a: Morpeko|spe|1\n|faint|p2a: Decidueye\n|\n|-damage|p1a: Morpeko|14/245 brn|[from] brn\n|-formechange|p1a: Morpeko|Morpeko||[from] ability: Hunger Switch\n|upkeep\n|\n|t:|1727526030\n|switch|p2a: Magmortar|Magmortar, L88, F|275/275\n|turn|9\n|\n|t:|1727526036\n|move|p1a: Morpeko|Parting Shot|p2a: Magmortar\n|-unboost|p2a: Magmortar|atk|1\n|-unboost|p2a: Magmortar|spa|1\n|\n|t:|1727526037\n|switch|p1a: Urshifu|Urshifu-Rapid-Strike, L75, F|156/274|[from] Parting Shot\n|move|p2a: Magmortar|Fire Blast|p1a: Urshifu\n|-resisted|p1a: Urshifu\n|-damage|p1a: Urshifu|78/274\n|\n|upkeep\n|turn|10\n|\n|t:|1727526042\n|move|p2a: Magmortar|Thunderbolt|p1a: Urshifu\n|-supereffective|p1a: Urshifu\n|-damage|p1a: Urshifu|0 fnt\n|faint|p1a: Urshifu\n|\n|upkeep\n|\n|t:|1727526044\n|switch|p1a: Calyrex|Calyrex-Shadow, L64|235/235\n|-ability|p1a: Calyrex|As One\n|-ability|p1a: Calyrex|Unnerve\n|turn|11\n|\n|t:|1727526050\n|move|p1a: Calyrex|Nasty Plot|p1a: Calyrex\n|-boost|p1a: Calyrex|spa|2\n|move|p2a: Magmortar|Fire Blast|p1a: Calyrex\n|-damage|p1a: Calyrex|108/235\n|\n|upkeep\n|turn|12\n|\n|t:|1727526070\n|switch|p2a: Typhlosion|Typhlosion-Hisui, L83, M|129/257\n|-terastallize|p1a: Calyrex|Ghost\n|move|p1a: Calyrex|Astral Barrage|p2a: Typhlosion\n|-supereffective|p2a: Typhlosion\n|-damage|p2a: Typhlosion|0 fnt\n|faint|p2a: Typhlosion\n|-ability|p1a: Calyrex|Grim Neigh|boost\n|-boost|p1a: Calyrex|spa|1\n|-damage|p1a: Calyrex|85/235|[from] item: Life Orb\n|\n|upkeep\n|\n|t:|1727526080\n|switch|p2a: Ambipom|Ambipom, L84, F|263/263\n|turn|13\n|\n|t:|1727526086\n|switch|p1a: Morpeko|Morpeko, L88, M|14/245 brn\n|move|p2a: Ambipom|Triple Axel|p1a: Morpeko\n|-damage|p1a: Morpeko|0 fnt\n|faint|p1a: Morpeko\n|-hitcount|p1: Morpeko|1\n|\n|upkeep\n|\n|t:|1727526092\n|switch|p1a: Pecharunt|Pecharunt, L77|262/262\n|turn|14\n|\n|t:|1727526100\n|switch|p2a: Magmortar|Magmortar, L88, F|275/275\n|move|p1a: Pecharunt|Malignant Chain|p2a: Magmortar\n|-damage|p2a: Magmortar|203/275\n|-status|p2a: Magmortar|tox\n|-start|p2a: Magmortar|confusion|[from] ability: Poison Puppeteer|[of] p1a: Pecharunt\n|\n|-damage|p2a: Magmortar|186/275 tox|[from] psn\n|upkeep\n|turn|15\n|\n|t:|1727526106\n|-activate|p2a: Magmortar|confusion\n|move|p2a: Magmortar|Fire Blast|p1a: Pecharunt\n|-damage|p1a: Pecharunt|87/262\n|move|p1a: Pecharunt|Parting Shot|p2a: Magmortar\n|-unboost|p2a: Magmortar|atk|1\n|-unboost|p2a: Magmortar|spa|1\n|\n|t:|1727526109\n|switch|p1a: Calyrex|Calyrex-Shadow, L64, tera:Ghost|85/235|[from] Parting Shot\n|-ability|p1a: Calyrex|As One\n|-ability|p1a: Calyrex|Unnerve\n|\n|-damage|p2a: Magmortar|152/275 tox|[from] psn\n|upkeep\n|turn|16\n|\n|t:|1727526116\n|switch|p2a: Ambipom|Ambipom, L84, F|263/263\n|move|p1a: Calyrex|Psyshock|p2a: Ambipom\n|-damage|p2a: Ambipom|150/263\n|-damage|p1a: Calyrex|62/235|[from] item: Life Orb\n|\n|upkeep\n|turn|17\n|\n|t:|1727526120\n|move|p2a: Ambipom|Triple Axel|p1a: Calyrex\n|-damage|p1a: Calyrex|14/235\n|-damage|p1a: Calyrex|0 fnt\n|faint|p1a: Calyrex\n|-hitcount|p1: Calyrex|2\n|\n|upkeep\n|\n|t:|1727526122\n|switch|p1a: Pecharunt|Pecharunt, L77|87/262\n|turn|18\n|\n|t:|1727526126\n|-terastallize|p2a: Ambipom|Ice\n|move|p2a: Ambipom|Triple Axel|p1a: Pecharunt\n|-damage|p1a: Pecharunt|50/262\n|-damage|p1a: Pecharunt|0 fnt\n|faint|p1a: Pecharunt\n|-hitcount|p1: Pecharunt|2\n|\n|upkeep\n|\n|t:|1727526131\n|switch|p1a: Venusaur|Venusaur, L84, M|272/272\n|turn|19\n|\n|t:|1727526133\n|move|p2a: Ambipom|Triple Axel|p1a: Venusaur\n|-supereffective|p1a: Venusaur\n|-damage|p1a: Venusaur|158/272\n|-supereffective|p1a: Venusaur\n|-damage|p1a: Venusaur|0 fnt\n|faint|p1a: Venusaur\n|-hitcount|p1: Venusaur|2\n|\n|upkeep\n|\n|t:|1727526135\n|switch|p1a: Torterra|Torterra, L78, M|276/276\n|turn|20\n|\n|t:|1727526138\n|move|p2a: Ambipom|Triple Axel|p1a: Torterra\n|-supereffective|p1a: Torterra\n|-damage|p1a: Torterra|108/276\n|-supereffective|p1a: Torterra\n|-damage|p1a: Torterra|0 fnt\n|faint|p1a: Torterra\n|-hitcount|p1: Torterra|2\n|\n|win|Norman2!\n|raw|R3LT chiefbeef1234's rating: 2242 &rarr; <strong>2226</strong><br />(-16 for losing)\n|raw|Norman2!'s rating: 2304 &rarr; <strong>2320</strong><br />(+16 for winning)\n|l|\u2606R3LT chiefbeef1234\n|player|p1|\n", "inputlog": ">version 69ff0b2f47ddc97367302b06f7f2ae172fb214dd\n>start {\"formatid\":\"gen9randombattle\",\"seed\":[9045,46918,12914,53001],\"rated\":\"Rated battle\"}\n>player p1 {\"name\":\"R3LT chiefbeef1234\",\"avatar\":\"shadowtriad\",\"rating\":2242,\"seed\":[2001,33197,15758,20209]}\n>player p2 {\"name\":\"Norman2!\",\"avatar\":\"169\",\"rating\":2304,\"seed\":[47638,685,16473,35609]}\n>p1 switch 6\n>p2 move willowisp\n>p1 move partingshot\n>p2 move focusblast\n>p1 switch 5\n>p1 move surgingstrikes\n>p2 switch 2\n>p1 switch 3\n>p2 move leafblade\n>p1 move sludgebomb\n>p2 move poltergeist\n>p1 move knockoff\n>p2 switch 5\n>p1 switch 5\n>p2 move fireblast\n>p1 move aurawheel\n>p2 switch 5\n>p2 switch 2\n>p1 move partingshot\n>p2 move fireblast\n>p1 switch 3\n>p1 move surgingstrikes\n>p2 move thunderbolt\n>p1 switch 4\n>p1 move nastyplot\n>p2 move fireblast\n>p1 move astralbarrage terastallize\n>p2 switch 5\n>p2 switch 4\n>p1 switch 3\n>p2 move tripleaxel\n>p1 switch 2\n>p1 move malignantchain\n>p2 switch 5\n>p1 move partingshot\n>p2 move fireblast\n>p1 switch 3\n>p1 move psyshock\n>p2 switch 5\n>p1 move psyshock\n>p2 move tripleaxel\n>p1 switch 3\n>p1 move recover\n>p2 move tripleaxel terastallize\n>p1 switch 5\n>p1 move sleeppowder\n>p2 move tripleaxel\n>p1 switch 6\n>p1 move shellsmash\n>p2 move tripleaxel", "uploadtime": 1727526146, "views": 88, "formatid": "gen9randombattle", "rating": 2226, "private": 0, "password": null}