{"id": "gen9randombattle-2260294213", "format": "[Gen 9] Random Battle", "players": ["fickis", "MysticalBob"], "log": "|j|\u2606fickis\n|j|\u2606MysticalBob\n|t:|1733836329\n|gametype|singles\n|player|p1|fickis|169|\n|player|p2|MysticalBob|170|\n|teamsize|p1|6\n|teamsize|p2|6\n|gen|9\n|tier|[Gen 9] Random Battle\n|rule|Species Clause: Limit one of each Pok\u00e9mon\n|rule|HP Percentage Mod: HP is shown in percentages\n|rule|Sleep Clause Mod: Limit one foe put to sleep\n|rule|Illusion Level Mod: Illusion disguises the Pok\u00e9mon's true level\n|\n|t:|1733836329\n|start\n|switch|p1a: Wyrdeer|Wyrdeer, L87, F|321/321\n|switch|p2a: Raikou|Raikou, L81|278/278\n|-ability|p2a: Raikou|Pressure\n|-ability|p1a: Wyrdeer|Intimidate|boost\n|-unboost|p2a: Raikou|atk|1\n|turn|1\n|\n|t:|1733836345\n|move|p2a: Raikou|Calm Mind|p2a: Raikou\n|-boost|p2a: Raikou|spa|1\n|-boost|p2a: Raikou|spd|1\n|move|p1a: Wyrdeer|Earthquake|p2a: Raikou\n|-supereffective|p2a: Raikou\n|-damage|p2a: Raikou|86/278\n|\n|-heal|p2a: Raikou|103/278|[from] item: Leftovers\n|upkeep\n|turn|2\n|\n|t:|1733836355\n|move|p2a: Raikou|Shadow Ball|p1a: Wyrdeer\n|-immune|p1a: Wyrdeer\n|move|p1a: Wyrdeer|Earthquake|p2a: Raikou\n|-supereffective|p2a: Raikou\n|-damage|p2a: Raikou|0 fnt\n|faint|p2a: Raikou\n|\n|upkeep\n|\n|t:|1733836363\n|switch|p2a: Raging Bolt|Raging Bolt, L78|323/323\n|turn|3\n|\n|t:|1733836371\n|move|p1a: Wyrdeer|Thunder Wave|p2a: Raging Bolt\n|-immune|p2a: Raging Bolt\n|move|p2a: Raging Bolt|Volt Switch|p1a: Wyrdeer\n|-damage|p1a: Wyrdeer|230/321\n|\n|t:|1733836379\n|-end|p2a: Raging Bolt|Protosynthesis|[silent]\n|switch|p2a: Qwilfish|Qwilfish-Hisui, L83, F|244/244|[from] Volt Switch\n|-ability|p2a: Qwilfish|Intimidate|boost\n|-unboost|p1a: Wyrdeer|atk|1\n|\n|-heal|p1a: Wyrdeer|250/321|[from] item: Leftovers\n|upkeep\n|turn|4\n|\n|t:|1733836386\n|move|p2a: Qwilfish|Taunt|p1a: Wyrdeer\n|-start|p1a: Wyrdeer|move: Taunt\n|move|p1a: Wyrdeer|Thunderbolt|p2a: Qwilfish\n|-damage|p2a: Qwilfish|180/244\n|\n|-heal|p1a: Wyrdeer|270/321|[from] item: Leftovers\n|upkeep\n|turn|5\n|\n|t:|1733836395\n|move|p2a: Qwilfish|Crunch|p1a: Wyrdeer\n|-supereffective|p1a: Wyrdeer\n|-damage|p1a: Wyrdeer|84/321\n|move|p1a: Wyrdeer|Psychic Noise|p2a: Qwilfish\n|-immune|p2a: Qwilfish\n|\n|-heal|p1a: Wyrdeer|104/321|[from] item: Leftovers\n|upkeep\n|turn|6\n|\n|t:|1733836408\n|move|p2a: Qwilfish|Crunch|p1a: Wyrdeer\n|-supereffective|p1a: Wyrdeer\n|-damage|p1a: Wyrdeer|0 fnt\n|faint|p1a: Wyrdeer\n|\n|upkeep\n|\n|t:|1733836417\n|switch|p1a: Spidops|Spidops, L96, F|271/271\n|turn|7\n|\n|t:|1733836426\n|move|p2a: Qwilfish|Crunch|p1a: Spidops\n|-damage|p1a: Spidops|207/271\n|move|p1a: Spidops|Knock Off|p2a: Qwilfish\n|-resisted|p2a: Qwilfish\n|-damage|p2a: Qwilfish|155/244\n|-enditem|p2a: Qwilfish|Eviolite|[from] move: Knock Off|[of] p1a: Spidops\n|\n|upkeep\n|turn|8\n|\n|t:|1733836436\n|move|p2a: Qwilfish|Gunk Shot|p1a: Spidops\n|-damage|p1a: Spidops|108/271\n|move|p1a: Spidops|Circle Throw|p2a: Qwilfish\n|-damage|p2a: Qwilfish|106/244\n|drag|p2a: Gardevoir|Gardevoir, L83, F|249/249\n|-ability|p2a: Gardevoir|Stakeout|[from] ability: Trace|[of] p1a: Spidops\n|\n|upkeep\n|turn|9\n|\n|t:|1733836449\n|move|p2a: Gardevoir|Moonblast|p1a: Spidops\n|-damage|p1a: Spidops|0 fnt\n|faint|p1a: Spidops\n|\n|upkeep\n|\n|t:|1733836460\n|switch|p1a: Regigigas|Regigigas, L84|322/322\n|-start|p1a: Regigigas|ability: Slow Start\n|turn|10\n|\n|t:|1733836467\n|move|p2a: Gardevoir|Moonblast|p1a: Regigigas\n|-damage|p1a: Regigigas|225/322\n|move|p1a: Regigigas|Body Slam|p2a: Gardevoir\n|-crit|p2a: Gardevoir\n|-damage|p2a: Gardevoir|110/249\n|\n|-heal|p1a: Regigigas|245/322|[from] item: Leftovers\n|upkeep\n|turn|11\n|\n|t:|1733836475\n|switch|p2a: Raging Bolt|Raging Bolt, L78|323/323\n|move|p1a: Regigigas|Body Slam|p2a: Raging Bolt\n|-damage|p2a: Raging Bolt|250/323\n|\n|-heal|p1a: Regigigas|265/322|[from] item: Leftovers\n|upkeep\n|turn|12\n|\n|t:|1733836484\n|move|p2a: Raging Bolt|Volt Switch|p1a: Regigigas\n|-damage|p1a: Regigigas|195/322\n|\n|t:|1733836488\n|-end|p2a: Raging Bolt|Protosynthesis|[silent]\n|switch|p2a: Dewgong|Dewgong, L94, M|322/322|[from] Volt Switch\n|move|p1a: Regigigas|Rest|p1a: Regigigas\n|-status|p1a: Regigigas|slp|[from] move: Rest\n|-heal|p1a: Regigigas|322/322 slp|[silent]\n|\n|upkeep\n|turn|13\n|\n|t:|1733836500\n|move|p2a: Dewgong|Surf|p1a: Regigigas\n|-damage|p1a: Regigigas|240/322 slp\n|cant|p1a: Regigigas|slp\n|\n|-heal|p1a: Regigigas|260/322 slp|[from] item: Leftovers\n|upkeep\n|turn|14\n|\n|t:|1733836510\n|-end|p1a: Regigigas|Slow Start|[silent]\n|switch|p1a: Kingambit|Kingambit, L74, F|270/270\n|-activate|p1a: Kingambit|ability: Supreme Overlord\n|-start|p1a: Kingambit|fallen2|[silent]\n|move|p2a: Dewgong|Knock Off|p1a: Kingambit\n|-resisted|p1a: Kingambit\n|-damage|p1a: Kingambit|239/270\n|-enditem|p1a: Kingambit|Leftovers|[from] move: Knock Off|[of] p2a: Dewgong\n|\n|upkeep\n|turn|15\n|\n|t:|1733836518\n|switch|p2a: Gurdurr|Gurdurr, L85, F|283/283\n|move|p1a: Kingambit|Iron Head|p2a: Gurdurr\n|-damage|p2a: Gurdurr|216/283\n|\n|upkeep\n|turn|16\n|\n|t:|1733836527\n|move|p1a: Kingambit|Sucker Punch|p2a: Gurdurr\n|-resisted|p2a: Gurdurr\n|-crit|p2a: Gurdurr\n|-damage|p2a: Gurdurr|171/283\n|move|p2a: Gurdurr|Drain Punch|p1a: Kingambit\n|-supereffective|p1a: Kingambit\n|-damage|p1a: Kingambit|0 fnt\n|-heal|p2a: Gurdurr|283/283|[from] drain|[of] p1a: Kingambit\n|faint|p1a: Kingambit\n|-end|p1a: Kingambit|fallen2|[silent]\n|\n|upkeep\n|\n|t:|1733836538\n|switch|p1a: Electrode|Electrode, L92|260/260\n|turn|17\n|\n|t:|1733836547\n|move|p1a: Electrode|Thunderbolt|p2a: Gurdurr\n|-damage|p2a: Gurdurr|189/283\n|move|p2a: Gurdurr|Drain Punch|p1a: Electrode\n|-damage|p1a: Electrode|167/260\n|-heal|p2a: Gurdurr|236/283|[from] drain|[of] p1a: Electrode\n|\n|upkeep\n|turn|18\n|\n|t:|1733836567\n|switch|p2a: Raging Bolt|Raging Bolt, L78|250/323\n|move|p1a: Electrode|Thunderbolt|p2a: Raging Bolt\n|-resisted|p2a: Raging Bolt\n|-damage|p2a: Raging Bolt|233/323\n|\n|upkeep\n|turn|19\n|\n|t:|1733836577\n|move|p1a: Electrode|Foul Play|p2a: Raging Bolt\n|-damage|p2a: Raging Bolt|194/323\n|move|p2a: Raging Bolt|Thunderbolt|p1a: Electrode\n|-resisted|p1a: Electrode\n|-damage|p1a: Electrode|110/260\n|\n|upkeep\n|turn|20\n|\n|t:|1733836588\n|move|p1a: Electrode|Foul Play|p2a: Raging Bolt\n|-damage|p2a: Raging Bolt|147/323\n|move|p2a: Raging Bolt|Volt Switch|p1a: Electrode\n|-resisted|p1a: Electrode\n|-damage|p1a: Electrode|66/260\n|\n|t:|1733836593\n|-end|p2a: Raging Bolt|Protosynthesis|[silent]\n|switch|p2a: Gurdurr|Gurdurr, L85, F|236/283|[from] Volt Switch\n|\n|upkeep\n|turn|21\n|\n|t:|1733836608\n|move|p2a: Gurdurr|Mach Punch|p1a: Electrode\n|-damage|p1a: Electrode|17/260\n|move|p1a: Electrode|Foul Play|p2a: Gurdurr\n|-resisted|p2a: Gurdurr\n|-damage|p2a: Gurdurr|208/283\n|\n|upkeep\n|turn|22\n|\n|t:|1733836618\n|switch|p1a: Floatzel|Floatzel, L85, M|283/283\n|move|p2a: Gurdurr|Drain Punch|p1a: Floatzel\n|-damage|p1a: Floatzel|169/283\n|-heal|p2a: Gurdurr|265/283|[from] drain|[of] p1a: Floatzel\n|\n|-heal|p1a: Floatzel|186/283|[from] item: Leftovers\n|upkeep\n|turn|23\n|\n|t:|1733836634\n|-terastallize|p1a: Floatzel|Water\n|move|p1a: Floatzel|Wave Crash|p2a: Gurdurr\n|-damage|p2a: Gurdurr|137/283\n|-damage|p1a: Floatzel|144/283|[from] Recoil\n|move|p2a: Gurdurr|Drain Punch|p1a: Floatzel\n|-damage|p1a: Floatzel|21/283\n|-heal|p2a: Gurdurr|199/283|[from] drain|[of] p1a: Floatzel\n|\n|-heal|p1a: Floatzel|38/283|[from] item: Leftovers\n|upkeep\n|turn|24\n|\n|t:|1733836644\n|move|p1a: Floatzel|Wave Crash|p2a: Gurdurr\n|-damage|p2a: Gurdurr|63/283\n|-damage|p1a: Floatzel|0 fnt|[from] Recoil\n|faint|p1a: Floatzel\n|move|p2a: Gurdurr|Drain Punch|p1: Floatzel|[notarget]\n|-fail|p2a: Gurdurr\n|\n|upkeep\n|\n|t:|1733836652\n|switch|p1a: Electrode|Electrode, L92|17/260\n|turn|25\n|\n|t:|1733836655\n|move|p1a: Electrode|Foul Play|p2a: Gurdurr\n|-resisted|p2a: Gurdurr\n|-crit|p2a: Gurdurr\n|-damage|p2a: Gurdurr|26/283\n|move|p2a: Gurdurr|Drain Punch|p1a: Electrode\n|-damage|p1a: Electrode|0 fnt\n|-heal|p2a: Gurdurr|35/283|[from] drain|[of] p1a: Electrode\n|faint|p1a: Electrode\n|\n|upkeep\n|\n|t:|1733836663\n|switch|p1a: Regigigas|Regigigas, L84|260/322 slp\n|-start|p1a: Regigigas|ability: Slow Start\n|turn|26\n|\n|t:|1733836672\n|move|p2a: Gurdurr|Drain Punch|p1a: Regigigas\n|-supereffective|p1a: Regigigas\n|-damage|p1a: Regigigas|120/322 slp\n|-heal|p2a: Gurdurr|105/283|[from] drain|[of] p1a: Regigigas\n|cant|p1a: Regigigas|slp\n|\n|-heal|p1a: Regigigas|140/322 slp|[from] item: Leftovers\n|upkeep\n|turn|27\n|\n|t:|1733836682\n|move|p2a: Gurdurr|Drain Punch|p1a: Regigigas\n|-supereffective|p1a: Regigigas\n|-damage|p1a: Regigigas|0 fnt\n|-heal|p2a: Gurdurr|175/283|[from] drain|[of] p1a: Regigigas\n|faint|p1a: Regigigas\n|-end|p1a: Regigigas|Slow Start|[silent]\n|\n|win|MysticalBob\n|l|\u2606fickis\n|player|p1|\n", "inputlog": ">version bfd83cad13791eb5a5a409923076391caf6fb4d4\n>start {\"formatid\":\"gen9randombattle\",\"seed\":[25383,48486,51440,64970]}\n>player p1 {\"name\":\"fickis\",\"avatar\":\"169\",\"rating\":0,\"seed\":[28531,6925,42745,41186]}\n>player p2 {\"name\":\"MysticalBob\",\"avatar\":\"170\",\"rating\":0,\"seed\":[45325,55326,56120,9843]}\n>p1 move earthquake\n>p2 move calmmind\n>p1 move earthquake\n>p2 move shadowball\n>p2 switch 4\n>p1 move thunderwave\n>p2 move voltswitch\n>p2 switch 3\n>p1 move thunderbolt\n>p2 move taunt\n>p1 move psychicnoise\n>p2 move crunch\n>p1 move thunderbolt\n>p2 move crunch\n>p1 switch 4\n>p1 move knockoff\n>p2 move crunch\n>p1 move circlethrow\n>p2 move gunkshot\n>p1 move knockoff\n>p2 move moonblast\n>p1 switch 2\n>p1 move bodyslam\n>p2 move moonblast\n>p1 move bodyslam\n>p2 switch 3\n>p1 move rest\n>p2 move voltswitch\n>p2 switch 5\n>p1 move knockoff\n>p2 move surf\n>p1 switch 6\n>p2 move knockoff\n>p1 move ironhead\n>p2 switch 6\n>p1 move suckerpunch\n>p2 move drainpunch\n>p1 switch 3\n>p1 move thunderbolt\n>p2 move drainpunch\n>p1 move thunderbolt\n>p2 switch 5\n>p1 move foulplay\n>p2 move thunderbolt\n>p1 move foulplay\n>p2 move voltswitch\n>p2 switch 5\n>p1 move foulplay\n>p2 move machpunch\n>p1 switch 5\n>p2 move drainpunch\n>p1 move wavecrash terastallize\n>p2 move drainpunch\n>p1 move wavecrash\n>p2 move drainpunch\n>p1 switch 5\n>p1 move foulplay\n>p2 move drainpunch\n>p1 switch 6\n>p1 move knockoff\n>p2 move drainpunch\n>p1 move rest\n>p2 move drainpunch", "uploadtime": 1733836732, "views": 7, "formatid": "gen9randombattle", "rating": null, "private": 0, "password": null}