{"id": "gen9randombattle-2259984152", "format": "[Gen 9] Random Battle", "players": ["PowerOutage273", "schnoschno"], "log": "|j|\u2606PowerOutage273\n|j|\u2606schnoschno\n|t:|1733787474\n|gametype|singles\n|player|p1|PowerOutage273|volkner|1686\n|player|p2|schnoschno|caitlin|1682\n|teamsize|p1|6\n|teamsize|p2|6\n|gen|9\n|tier|[Gen 9] Random Battle\n|rated|\n|rule|Species Clause: Limit one of each Pok\u00e9mon\n|rule|HP Percentage Mod: HP is shown in percentages\n|rule|Sleep Clause Mod: Limit one foe put to sleep\n|rule|Illusion Level Mod: Illusion disguises the Pok\u00e9mon's true level\n|\n|t:|1733787474\n|start\n|switch|p1a: Latias|Latias, L79, F|256/256\n|switch|p2a: Bellossom|Bellossom, L84, F|263/263\n|turn|1\n|inactive|Battle timer is ON: inactive players will automatically lose when time's up. (requested by schnoschno)\n|inactive|PowerOutage273 has 120 seconds left.\n|\n|t:|1733787527\n|switch|p2a: Azumarill|Azumarill, L82, M|298/298\n|move|p1a: Latias|Calm Mind|p1a: Latias\n|-boost|p1a: Latias|spa|1\n|-boost|p1a: Latias|spd|1\n|\n|upkeep\n|turn|2\n|\n|t:|1733787544\n|-terastallize|p1a: Latias|Steel\n|move|p1a: Latias|Psyshock|p2a: Azumarill\n|-damage|p2a: Azumarill|133/298\n|-enditem|p2a: Azumarill|Sitrus Berry|[eat]\n|-heal|p2a: Azumarill|207/298|[from] item: Sitrus Berry\n|move|p2a: Azumarill|Belly Drum|p2a: Azumarill\n|-damage|p2a: Azumarill|58/298\n|-setboost|p2a: Azumarill|atk|6|[from] move: Belly Drum\n|\n|upkeep\n|turn|3\n|\n|t:|1733787558\n|-terastallize|p2a: Azumarill|Water\n|move|p2a: Azumarill|Aqua Jet|p1a: Latias\n|-damage|p1a: Latias|0 fnt\n|faint|p1a: Latias\n|\n|upkeep\n|\n|t:|1733787574\n|switch|p1a: Tropius|Tropius, L91, M|328/328\n|turn|4\n|\n|t:|1733787580\n|move|p2a: Azumarill|Aqua Jet|p1a: Tropius\n|-resisted|p1a: Tropius\n|-damage|p1a: Tropius|202/328\n|move|p1a: Tropius|Leech Seed|p2a: Azumarill\n|-start|p2a: Azumarill|move: Leech Seed\n|\n|-damage|p2a: Azumarill|21/298|[from] Leech Seed|[of] p1a: Tropius\n|-heal|p1a: Tropius|239/328|[silent]\n|upkeep\n|turn|5\n|\n|t:|1733787591\n|move|p2a: Azumarill|Aqua Jet|p1a: Tropius\n|-resisted|p1a: Tropius\n|-damage|p1a: Tropius|108/328\n|-enditem|p1a: Tropius|Sitrus Berry|[eat]\n|-heal|p1a: Tropius|190/328|[from] item: Sitrus Berry\n|move|p1a: Tropius|Substitute|p1a: Tropius\n|-start|p1a: Tropius|Substitute\n|-damage|p1a: Tropius|108/328\n|\n|-damage|p2a: Azumarill|0 fnt|[from] Leech Seed|[of] p1a: Tropius\n|-heal|p1a: Tropius|129/328|[silent]\n|faint|p2a: Azumarill\n|upkeep\n|\n|t:|1733787603\n|switch|p2a: Jolteon|Jolteon, L84, M|246/246\n|turn|6\n|\n|t:|1733787609\n|move|p2a: Jolteon|Alluring Voice|p1a: Tropius\n|-damage|p1a: Tropius|56/328\n|-damage|p2a: Jolteon|222/246|[from] item: Life Orb\n|move|p1a: Tropius|Leech Seed|p2a: Jolteon|[miss]\n|-miss|p1a: Tropius|p2a: Jolteon\n|\n|-item|p1a: Tropius|Sitrus Berry|[from] ability: Harvest\n|upkeep\n|-enditem|p1a: Tropius|Sitrus Berry|[eat]\n|-heal|p1a: Tropius|138/328|[from] item: Sitrus Berry\n|turn|7\n|\n|t:|1733787626\n|move|p1a: Tropius|Protect|p1a: Tropius\n|-singleturn|p1a: Tropius|Protect\n|move|p2a: Jolteon|Calm Mind|p2a: Jolteon\n|-boost|p2a: Jolteon|spa|1\n|-boost|p2a: Jolteon|spd|1\n|\n|upkeep\n|turn|8\n|\n|t:|1733787636\n|move|p2a: Jolteon|Alluring Voice|p1a: Tropius\n|-damage|p1a: Tropius|24/328\n|-damage|p2a: Jolteon|198/246|[from] item: Life Orb\n|move|p1a: Tropius|Leech Seed|p2a: Jolteon\n|-start|p2a: Jolteon|move: Leech Seed\n|\n|-damage|p2a: Jolteon|168/246|[from] Leech Seed|[of] p1a: Tropius\n|-heal|p1a: Tropius|54/328|[silent]\n|-item|p1a: Tropius|Sitrus Berry|[from] ability: Harvest\n|upkeep\n|-enditem|p1a: Tropius|Sitrus Berry|[eat]\n|-heal|p1a: Tropius|136/328|[from] item: Sitrus Berry\n|turn|9\n|\n|t:|1733787647\n|move|p1a: Tropius|Protect|p1a: Tropius\n|-singleturn|p1a: Tropius|Protect\n|move|p2a: Jolteon|Alluring Voice|p1a: Tropius\n|-activate|p1a: Tropius|move: Protect\n|\n|-damage|p2a: Jolteon|138/246|[from] Leech Seed|[of] p1a: Tropius\n|-heal|p1a: Tropius|166/328|[silent]\n|upkeep\n|turn|10\n|\n|t:|1733787656\n|move|p2a: Jolteon|Alluring Voice|p1a: Tropius\n|-damage|p1a: Tropius|48/328\n|-damage|p2a: Jolteon|114/246|[from] item: Life Orb\n|move|p1a: Tropius|Air Slash|p2a: Jolteon\n|-resisted|p2a: Jolteon\n|-crit|p2a: Jolteon\n|-damage|p2a: Jolteon|62/246\n|\n|-damage|p2a: Jolteon|32/246|[from] Leech Seed|[of] p1a: Tropius\n|-heal|p1a: Tropius|78/328|[silent]\n|-item|p1a: Tropius|Sitrus Berry|[from] ability: Harvest\n|upkeep\n|-enditem|p1a: Tropius|Sitrus Berry|[eat]\n|-heal|p1a: Tropius|160/328|[from] item: Sitrus Berry\n|turn|11\n|\n|t:|1733787676\n|move|p2a: Jolteon|Thunderbolt|p1a: Tropius\n|-end|p1a: Tropius|Substitute\n|-damage|p2a: Jolteon|8/246|[from] item: Life Orb\n|move|p1a: Tropius|Air Slash|p2a: Jolteon\n|-resisted|p2a: Jolteon\n|-damage|p2a: Jolteon|0 fnt\n|faint|p2a: Jolteon\n|\n|-item|p1a: Tropius|Sitrus Berry|[from] ability: Harvest\n|upkeep\n|-enditem|p1a: Tropius|Sitrus Berry|[eat]\n|-heal|p1a: Tropius|242/328|[from] item: Sitrus Berry\n|\n|t:|1733787692\n|switch|p2a: Clawitzer|Clawitzer, L87, M|265/265\n|turn|12\n|\n|t:|1733787704\n|move|p2a: Clawitzer|Dark Pulse|p1a: Tropius\n|-damage|p1a: Tropius|138/328\n|move|p1a: Tropius|Leech Seed|p2a: Clawitzer\n|-start|p2a: Clawitzer|move: Leech Seed\n|\n|-damage|p2a: Clawitzer|232/265|[from] Leech Seed|[of] p1a: Tropius\n|-heal|p1a: Tropius|171/328|[silent]\n|upkeep\n|turn|13\n|\n|t:|1733787711\n|move|p2a: Clawitzer|U-turn|p1a: Tropius\n|-damage|p1a: Tropius|131/328\n|\n|t:|1733787719\n|switch|p2a: Torkoal|Torkoal, L88, M|266/266|[from] U-turn\n|-weather|SunnyDay|[from] ability: Drought|[of] p2a: Torkoal\n|move|p1a: Tropius|Air Slash|p2a: Torkoal\n|-damage|p2a: Torkoal|187/266\n|\n|-weather|SunnyDay|[upkeep]\n|-item|p1a: Tropius|Sitrus Berry|[from] ability: Harvest\n|upkeep\n|-enditem|p1a: Tropius|Sitrus Berry|[eat]\n|-heal|p1a: Tropius|213/328|[from] item: Sitrus Berry\n|turn|14\n|\n|t:|1733787731\n|move|p1a: Tropius|Leech Seed|p2a: Torkoal\n|-start|p2a: Torkoal|move: Leech Seed\n|move|p2a: Torkoal|Lava Plume|p1a: Tropius\n|-supereffective|p1a: Tropius\n|-damage|p1a: Tropius|0 fnt\n|faint|p1a: Tropius\n|\n|-weather|SunnyDay|[upkeep]\n|upkeep\n|\n|t:|1733787743\n|switch|p1a: Bombirdier|Bombirdier, L85, F|258/258\n|turn|15\n|\n|t:|1733787747\n|move|p1a: Bombirdier|Stealth Rock|p2a: Torkoal\n|-sidestart|p2: schnoschno|move: Stealth Rock\n|move|p2a: Torkoal|Lava Plume|p1a: Bombirdier\n|-damage|p1a: Bombirdier|128/258\n|-status|p1a: Bombirdier|brn\n|\n|-weather|SunnyDay|[upkeep]\n|-damage|p2a: Torkoal|154/266|[from] Leech Seed|[of] p1a: Bombirdier\n|-heal|p1a: Bombirdier|161/258 brn|[silent]\n|-damage|p1a: Bombirdier|145/258 brn|[from] brn\n|upkeep\n|turn|16\n|\n|t:|1733787756\n|move|p1a: Bombirdier|Knock Off|p2a: Torkoal\n|-damage|p2a: Torkoal|120/266\n|-enditem|p2a: Torkoal|Heavy-Duty Boots|[from] move: Knock Off|[of] p1a: Bombirdier\n|move|p2a: Torkoal|Rapid Spin|p1a: Bombirdier\n|-damage|p1a: Bombirdier|110/258 brn\n|-boost|p2a: Torkoal|spe|1\n|-end|p2a: Torkoal|Leech Seed|[from] move: Rapid Spin|[of] p2a: Torkoal\n|-sideend|p2: schnoschno|Stealth Rock|[from] move: Rapid Spin|[of] p2a: Torkoal\n|\n|-weather|SunnyDay|[upkeep]\n|-damage|p1a: Bombirdier|94/258 brn|[from] brn\n|upkeep\n|turn|17\n|\n|t:|1733787767\n|move|p1a: Bombirdier|Brave Bird|p2a: Torkoal\n|-damage|p2a: Torkoal|73/266\n|-damage|p1a: Bombirdier|78/258 brn|[from] Recoil\n|move|p2a: Torkoal|Lava Plume|p1a: Bombirdier\n|-damage|p1a: Bombirdier|0 fnt\n|faint|p1a: Bombirdier\n|\n|-weather|none\n|upkeep\n|\n|t:|1733787773\n|switch|p1a: Dachsbun|Dachsbun, L92, F|254/254\n|turn|18\n|\n|t:|1733787777\n|move|p1a: Dachsbun|Stomping Tantrum|p2a: Torkoal\n|-supereffective|p2a: Torkoal\n|-damage|p2a: Torkoal|1/266\n|move|p2a: Torkoal|Yawn|p1a: Dachsbun\n|-start|p1a: Dachsbun|move: Yawn|[of] p2a: Torkoal\n|\n|upkeep\n|turn|19\n|\n|t:|1733787785\n|move|p1a: Dachsbun|Stomping Tantrum|p2a: Torkoal\n|-supereffective|p2a: Torkoal\n|-damage|p2a: Torkoal|0 fnt\n|faint|p2a: Torkoal\n|\n|-end|p1a: Dachsbun|move: Yawn|[silent]\n|-status|p1a: Dachsbun|slp\n|upkeep\n|\n|t:|1733787794\n|switch|p2a: Clodsire|Clodsire, L81, F|343/343\n|turn|20\n|\n|t:|1733787806\n|switch|p1a: Oranguru|Oranguru, L92, F|315/315\n|move|p2a: Clodsire|Stealth Rock|p1a: Oranguru\n|-sidestart|p1: PowerOutage273|move: Stealth Rock\n|\n|upkeep\n|turn|21\n|\n|t:|1733787820\n|move|p1a: Oranguru|Psychic|p2a: Clodsire\n|-supereffective|p2a: Clodsire\n|-damage|p2a: Clodsire|157/343\n|move|p2a: Clodsire|Toxic|p1a: Oranguru\n|-status|p1a: Oranguru|tox\n|\n|-heal|p2a: Clodsire|178/343|[from] item: Leftovers\n|-damage|p1a: Oranguru|296/315 tox|[from] psn\n|upkeep\n|turn|22\n|\n|t:|1733787831\n|move|p1a: Oranguru|Psychic|p2a: Clodsire\n|-supereffective|p2a: Clodsire\n|-damage|p2a: Clodsire|0 fnt\n|faint|p2a: Clodsire\n|\n|-heal|p1a: Oranguru|315/315 tox|[from] item: Leftovers\n|-damage|p1a: Oranguru|277/315 tox|[from] psn\n|upkeep\n|\n|t:|1733787838\n|switch|p2a: Bellossom|Bellossom, L84, F|263/263\n|turn|23\n|\n|t:|1733787841\n|move|p1a: Oranguru|Nasty Plot|p1a: Oranguru\n|-boost|p1a: Oranguru|spa|2\n|move|p2a: Bellossom|Quiver Dance|p2a: Bellossom\n|-boost|p2a: Bellossom|spa|1\n|-boost|p2a: Bellossom|spd|1\n|-boost|p2a: Bellossom|spe|1\n|\n|-heal|p1a: Oranguru|296/315 tox|[from] item: Leftovers\n|-damage|p1a: Oranguru|239/315 tox|[from] psn\n|upkeep\n|turn|24\n|\n|t:|1733787851\n|move|p2a: Bellossom|Quiver Dance|p2a: Bellossom\n|-boost|p2a: Bellossom|spa|1\n|-boost|p2a: Bellossom|spd|1\n|-boost|p2a: Bellossom|spe|1\n|move|p1a: Oranguru|Psychic|p2a: Bellossom\n|-damage|p2a: Bellossom|161/263\n|\n|-heal|p2a: Bellossom|177/263|[from] item: Leftovers\n|-heal|p1a: Oranguru|258/315 tox|[from] item: Leftovers\n|-damage|p1a: Oranguru|182/315 tox|[from] psn\n|upkeep\n|turn|25\n|\n|t:|1733787861\n|move|p2a: Bellossom|Giga Drain|p1a: Oranguru\n|-damage|p1a: Oranguru|64/315 tox\n|-heal|p2a: Bellossom|236/263|[from] drain|[of] p1a: Oranguru\n|move|p1a: Oranguru|Psychic|p2a: Bellossom\n|-damage|p2a: Bellossom|140/263\n|\n|-heal|p2a: Bellossom|156/263|[from] item: Leftovers\n|-heal|p1a: Oranguru|83/315 tox|[from] item: Leftovers\n|-damage|p1a: Oranguru|0 fnt|[from] psn\n|faint|p1a: Oranguru\n|upkeep\n|\n|t:|1733787867\n|switch|p1a: Kingambit|Kingambit, L74, F|270/270\n|-damage|p1a: Kingambit|254/270|[from] Stealth Rock\n|-activate|p1a: Kingambit|ability: Supreme Overlord\n|-start|p1a: Kingambit|fallen4|[silent]\n|turn|26\n|\n|t:|1733787877\n|move|p2a: Bellossom|Moonblast|p1a: Kingambit\n|-damage|p1a: Kingambit|104/270\n|move|p1a: Kingambit|Swords Dance|p1a: Kingambit\n|-boost|p1a: Kingambit|atk|2\n|\n|-heal|p2a: Bellossom|172/263|[from] item: Leftovers\n|-heal|p1a: Kingambit|120/270|[from] item: Leftovers\n|upkeep\n|turn|27\n|\n|t:|1733787888\n|move|p1a: Kingambit|Sucker Punch|p2a: Bellossom\n|-damage|p2a: Bellossom|0 fnt\n|faint|p2a: Bellossom\n|\n|-heal|p1a: Kingambit|136/270|[from] item: Leftovers\n|upkeep\n|-message|schnoschno forfeited.\n|\n|win|PowerOutage273\n|raw|PowerOutage273's rating: 1686 &rarr; <strong>1706</strong><br />(+20 for winning)\n|raw|schnoschno's rating: 1682 &rarr; <strong>1662</strong><br />(-20 for losing)\n|l|\u2606schnoschno\n|player|p2|\n", "inputlog": ">version bfd83cad13791eb5a5a409923076391caf6fb4d4\n>start {\"formatid\":\"gen9randombattle\",\"seed\":[29444,3808,10643,16557],\"rated\":\"Rated battle\"}\n>player p1 {\"name\":\"PowerOutage273\",\"avatar\":\"volkner\",\"rating\":1686,\"seed\":[46176,31212,59000,27540]}\n>player p2 {\"name\":\"schnoschno\",\"avatar\":\"caitlin\",\"rating\":1682,\"seed\":[25445,7256,10412,55860]}\n>p1 move calmmind\n>p2 switch 2\n>p1 move psyshock terastallize\n>p2 move bellydrum\n>p1 move psyshock\n>p2 move aquajet terastallize\n>p1 switch 5\n>p1 move leechseed\n>p2 move aquajet\n>p1 move substitute\n>p2 move aquajet\n>p2 switch 3\n>p1 move leechseed\n>p2 move alluringvoice\n>p1 move protect\n>p2 move calmmind\n>p1 move leechseed\n>p2 move alluringvoice\n>p1 move protect\n>p2 move alluringvoice\n>p1 move airslash\n>p2 move alluringvoice\n>p1 move airslash\n>p2 move thunderbolt\n>p2 switch 4\n>p1 move leechseed\n>p2 move darkpulse\n>p1 move airslash\n>p2 move uturn\n>p2 switch 5\n>p1 move leechseed\n>p2 move lavaplume\n>p1 switch 2\n>p1 move stealthrock\n>p2 move lavaplume\n>p1 move knockoff\n>p2 move rapidspin\n>p1 move bravebird\n>p2 move lavaplume\n>p1 switch 6\n>p1 move stompingtantrum\n>p2 move yawn\n>p1 move stompingtantrum\n>p2 move rapidspin\n>p2 switch 6\n>p1 switch 4\n>p2 move stealthrock\n>p1 move psychic\n>p2 move toxic\n>p1 move psychic\n>p2 move recover\n>p2 switch 2\n>p1 move nastyplot\n>p2 move quiverdance\n>p1 move psychic\n>p2 move quiverdance\n>p1 move psychic\n>p2 move gigadrain\n>p1 switch 3\n>p1 move swordsdance\n>p2 move moonblast\n>p1 move suckerpunch\n>p2 move moonblast\n>forcelose p2", "uploadtime": 1733787896, "views": 1, "formatid": "gen9randombattle", "rating": 1662, "private": 0, "password": null}