{"id": "gen9randombattle-2260709708", "format": "[Gen 9] Random Battle", "players": ["Tmoney1809", "pedrinj4"], "log": "|j|\u2606Tmoney1809\n|j|\u2606pedrinj4\n|t:|1733881342\n|gametype|singles\n|player|p1|Tmoney1809|169|1040\n|player|p2|pedrinj4|red|1083\n|teamsize|p1|6\n|teamsize|p2|6\n|gen|9\n|tier|[Gen 9] Random Battle\n|rated|\n|rule|Species Clause: Limit one of each Pok\u00e9mon\n|rule|HP Percentage Mod: HP is shown in percentages\n|rule|Sleep Clause Mod: Limit one foe put to sleep\n|rule|Illusion Level Mod: Illusion disguises the Pok\u00e9mon's true level\n|\n|t:|1733881342\n|start\n|switch|p1a: Meganium|Meganium, L90, M|290/290\n|switch|p2a: Swalot|Swalot, L90, F|326/326\n|turn|1\n|\n|t:|1733881365\n|move|p1a: Meganium|Earthquake|p2a: Swalot\n|-supereffective|p2a: Swalot\n|-damage|p2a: Swalot|128/326\n|-damage|p1a: Meganium|261/290|[from] item: Life Orb\n|move|p2a: Swalot|Sludge Bomb|p1a: Meganium\n|-supereffective|p1a: Meganium\n|-damage|p1a: Meganium|117/290\n|\n|-heal|p2a: Swalot|148/326|[from] item: Leftovers\n|upkeep\n|turn|2\n|\n|t:|1733881379\n|move|p1a: Meganium|Earthquake|p2a: Swalot\n|-supereffective|p2a: Swalot\n|-damage|p2a: Swalot|0 fnt\n|faint|p2a: Swalot\n|-damage|p1a: Meganium|88/290|[from] item: Life Orb\n|\n|upkeep\n|\n|t:|1733881388\n|switch|p2a: Charizard|Charizard, L85, M|271/271\n|turn|3\n|\n|t:|1733881399\n|switch|p1a: Regigigas|Regigigas, L84|322/322\n|-start|p1a: Regigigas|ability: Slow Start\n|move|p2a: Charizard|Flamethrower|p1a: Regigigas\n|-damage|p1a: Regigigas|231/322\n|\n|-heal|p1a: Regigigas|251/322|[from] item: Leftovers\n|upkeep\n|turn|4\n|\n|t:|1733881413\n|-terastallize|p2a: Charizard|Ground\n|move|p2a: Charizard|Focus Blast|p1a: Regigigas\n|-supereffective|p1a: Regigigas\n|-damage|p1a: Regigigas|95/322\n|move|p1a: Regigigas|Body Slam|p2a: Charizard\n|-damage|p2a: Charizard|195/271\n|\n|-heal|p1a: Regigigas|115/322|[from] item: Leftovers\n|upkeep\n|turn|5\n|\n|t:|1733881420\n|move|p2a: Charizard|Focus Blast|p1a: Regigigas|[miss]\n|-miss|p2a: Charizard|p1a: Regigigas\n|move|p1a: Regigigas|Substitute|p1a: Regigigas\n|-start|p1a: Regigigas|Substitute\n|-damage|p1a: Regigigas|35/322\n|\n|-heal|p1a: Regigigas|55/322|[from] item: Leftovers\n|upkeep\n|turn|6\n|\n|t:|1733881428\n|move|p1a: Regigigas|Protect|p1a: Regigigas\n|-singleturn|p1a: Regigigas|Protect\n|move|p2a: Charizard|Focus Blast|p1a: Regigigas\n|-activate|p1a: Regigigas|move: Protect\n|\n|-heal|p1a: Regigigas|75/322|[from] item: Leftovers\n|upkeep\n|turn|7\n|\n|t:|1733881433\n|move|p2a: Charizard|Focus Blast|p1a: Regigigas\n|-supereffective|p1a: Regigigas\n|-end|p1a: Regigigas|Substitute\n|move|p1a: Regigigas|Body Slam|p2a: Charizard\n|-damage|p2a: Charizard|126/271\n|\n|-heal|p1a: Regigigas|95/322|[from] item: Leftovers\n|upkeep\n|turn|8\n|\n|t:|1733881454\n|-end|p1a: Regigigas|Slow Start|[silent]\n|switch|p1a: Meganium|Meganium, L90, M|88/290\n|move|p2a: Charizard|Focus Blast|p1a: Meganium\n|-damage|p1a: Meganium|7/290\n|\n|upkeep\n|turn|9\n|\n|t:|1733881461\n|move|p2a: Charizard|Flamethrower|p1a: Meganium\n|-supereffective|p1a: Meganium\n|-damage|p1a: Meganium|0 fnt\n|faint|p1a: Meganium\n|\n|upkeep\n|\n|t:|1733881468\n|switch|p1a: Okidogi|Okidogi, L77, M|262/262\n|turn|10\n|\n|t:|1733881478\n|move|p2a: Charizard|Hurricane|p1a: Okidogi\n|-supereffective|p1a: Okidogi\n|-crit|p1a: Okidogi\n|-damage|p1a: Okidogi|0 fnt\n|faint|p1a: Okidogi\n|\n|upkeep\n|\n|t:|1733881483\n|switch|p1a: Regigigas|Regigigas, L84|95/322\n|-start|p1a: Regigigas|ability: Slow Start\n|turn|11\n|\n|t:|1733881489\n|move|p2a: Charizard|Focus Blast|p1a: Regigigas\n|-supereffective|p1a: Regigigas\n|-damage|p1a: Regigigas|0 fnt\n|faint|p1a: Regigigas\n|-end|p1a: Regigigas|Slow Start|[silent]\n|\n|upkeep\n|\n|t:|1733881494\n|switch|p1a: Overqwil|Overqwil, L82, F|274/274\n|-ability|p1a: Overqwil|Intimidate|boost\n|-unboost|p2a: Charizard|atk|1\n|turn|12\n|\n|t:|1733881502\n|move|p2a: Charizard|Focus Blast|p1a: Overqwil\n|-damage|p1a: Overqwil|155/274\n|move|p1a: Overqwil|Liquidation|p2a: Charizard\n|-supereffective|p2a: Charizard\n|-damage|p2a: Charizard|0 fnt\n|faint|p2a: Charizard\n|-damage|p1a: Overqwil|128/274|[from] item: Life Orb\n|\n|upkeep\n|inactive|Battle timer is ON: inactive players will automatically lose when time's up. (requested by Tmoney1809)\n|\n|t:|1733881536\n|switch|p2a: Gogoat|Gogoat, L88, M|360/360\n|turn|13\n|\n|t:|1733881548\n|switch|p1a: Dragapult|Dragapult, L77, F|262/262\n|move|p2a: Gogoat|Earthquake|p1a: Dragapult\n|-damage|p1a: Dragapult|158/262\n|\n|upkeep\n|turn|14\n|\n|t:|1733881557\n|move|p1a: Dragapult|Fire Blast|p2a: Gogoat|[miss]\n|-miss|p1a: Dragapult|p2a: Gogoat\n|move|p2a: Gogoat|Horn Leech|p1a: Dragapult\n|-resisted|p1a: Dragapult\n|-damage|p1a: Dragapult|107/262\n|\n|upkeep\n|turn|15\n|\n|t:|1733881564\n|move|p1a: Dragapult|Fire Blast|p2a: Gogoat|[miss]\n|-miss|p1a: Dragapult|p2a: Gogoat\n|move|p2a: Gogoat|Earthquake|p1a: Dragapult\n|-damage|p1a: Dragapult|17/262\n|\n|upkeep\n|turn|16\n|\n|t:|1733881583\n|move|p1a: Dragapult|Fire Blast|p2a: Gogoat\n|-supereffective|p2a: Gogoat\n|-damage|p2a: Gogoat|168/360\n|-damage|p1a: Dragapult|0 fnt|[from] item: Life Orb\n|faint|p1a: Dragapult\n|move|p2a: Gogoat|Earthquake|p1: Dragapult|[notarget]\n|-fail|p2a: Gogoat\n|\n|-heal|p2a: Gogoat|190/360|[from] item: Leftovers\n|upkeep\n|\n|t:|1733881589\n|switch|p1a: Overqwil|Overqwil, L82, F|128/274\n|-ability|p1a: Overqwil|Intimidate|boost\n|-unboost|p2a: Gogoat|atk|1\n|turn|17\n|\n|t:|1733881593\n|move|p1a: Overqwil|Crunch|p2a: Gogoat\n|-damage|p2a: Gogoat|41/360\n|-damage|p1a: Overqwil|101/274|[from] item: Life Orb\n|move|p2a: Gogoat|Earthquake|p1a: Overqwil\n|-supereffective|p1a: Overqwil\n|-damage|p1a: Overqwil|3/274\n|\n|-heal|p2a: Gogoat|63/360|[from] item: Leftovers\n|upkeep\n|turn|18\n|\n|t:|1733881598\n|move|p1a: Overqwil|Crunch|p2a: Gogoat\n|-damage|p2a: Gogoat|0 fnt\n|faint|p2a: Gogoat\n|-damage|p1a: Overqwil|0 fnt|[from] item: Life Orb\n|faint|p1a: Overqwil\n|\n|upkeep\n|\n|t:|1733881602\n|switch|p1a: Granbull|Granbull, L88, M|302/302\n|switch|p2a: Sableye|Sableye, L89, F|234/234\n|-ability|p1a: Granbull|Intimidate|boost\n|-unboost|p2a: Sableye|atk|1\n|turn|19\n|\n|t:|1733881609\n|move|p2a: Sableye|Will-O-Wisp|p1a: Granbull\n|-status|p1a: Granbull|brn\n|move|p1a: Granbull|Play Rough|p2a: Sableye\n|-supereffective|p2a: Sableye\n|-damage|p2a: Sableye|105/234\n|\n|-heal|p2a: Sableye|119/234|[from] item: Leftovers\n|-damage|p1a: Granbull|284/302 brn|[from] brn\n|upkeep\n|turn|20\n|\n|t:|1733881615\n|move|p2a: Sableye|Knock Off|p1a: Granbull\n|-resisted|p1a: Granbull\n|-damage|p1a: Granbull|253/302 brn\n|-enditem|p1a: Granbull|Leftovers|[from] move: Knock Off|[of] p2a: Sableye\n|move|p1a: Granbull|Play Rough|p2a: Sableye\n|-supereffective|p2a: Sableye\n|-damage|p2a: Sableye|0 fnt\n|faint|p2a: Sableye\n|\n|-damage|p1a: Granbull|235/302 brn|[from] brn\n|upkeep\n|\n|t:|1733881621\n|switch|p2a: Floatzel|Floatzel, L85, F|283/283\n|turn|21\n|\n|t:|1733881625\n|move|p2a: Floatzel|Wave Crash|p1a: Granbull\n|-damage|p1a: Granbull|0 fnt\n|faint|p1a: Granbull\n|-damage|p2a: Floatzel|205/283|[from] Recoil\n|\n|win|pedrinj4\n|raw|Tmoney1809's rating: 1040 &rarr; <strong>1026</strong><br />(-14 for losing)\n|raw|pedrinj4's rating: 1083 &rarr; <strong>1107</strong><br />(+24 for winning)\n|l|\u2606Tmoney1809\n|player|p1|\n", "inputlog": ">version bfd83cad13791eb5a5a409923076391caf6fb4d4\n>start {\"formatid\":\"gen9randombattle\",\"seed\":[21002,17651,46524,35441],\"rated\":\"Rated battle\"}\n>player p1 {\"name\":\"Tmoney1809\",\"avatar\":\"169\",\"rating\":1040,\"seed\":[63832,45535,56129,34926]}\n>player p2 {\"name\":\"pedrinj4\",\"avatar\":\"red\",\"rating\":1083,\"seed\":[40663,32436,22513,12066]}\n>p1 move earthquake\n>p2 move sludgebomb\n>p1 move earthquake\n>p2 move icebeam\n>p2 switch 3\n>p1 switch 6\n>p2 move flamethrower\n>p1 move bodyslam\n>p2 move focusblast terastallize\n>p1 move substitute\n>p2 move focusblast\n>p1 move protect\n>p2 move focusblast\n>p1 move bodyslam\n>p2 move focusblast\n>p1 switch 6\n>p2 move focusblast\n>p1 move earthquake\n>p2 move flamethrower\n>p1 switch 2\n>p1 move drainpunch\n>p2 move hurricane\n>p1 switch 6\n>p1 move bodyslam\n>p2 move focusblast\n>p1 switch 3\n>p1 move liquidation\n>p2 move focusblast\n>p2 switch 4\n>p1 switch 5\n>p2 move earthquake\n>p1 move fireblast\n>p2 move hornleech\n>p1 move fireblast\n>p2 move earthquake\n>p1 move fireblast\n>p2 move earthquake\n>p1 switch 5\n>p1 move crunch\n>p2 move earthquake\n>p1 move crunch\n>p2 move hornleech\n>p1 switch 4\n>p2 switch 5\n>p1 move playrough\n>p2 move willowisp\n>p1 move playrough\n>p2 move knockoff\n>p2 switch 2\n>p1 move earthquake\n>p2 move wavecrash", "uploadtime": 1733881630, "views": 2, "formatid": "gen9randombattle", "rating": 1026, "private": 0, "password": null}