{"id": "gen9randombattle-2260294519", "format": "[Gen 9] Random Battle", "players": ["Madhwan", "padhayi"], "log": "|j|\u2606Madhwan\n|j|\u2606padhayi\n|t:|1733836371\n|gametype|singles\n|player|p1|Madhwan|101|\n|player|p2|padhayi|102|\n|teamsize|p1|6\n|teamsize|p2|6\n|gen|9\n|tier|[Gen 9] Random Battle\n|rule|Species Clause: Limit one of each Pok\u00e9mon\n|rule|HP Percentage Mod: HP is shown in percentages\n|rule|Sleep Clause Mod: Limit one foe put to sleep\n|rule|Illusion Level Mod: Illusion disguises the Pok\u00e9mon's true level\n|\n|t:|1733836371\n|start\n|switch|p1a: Porygon2|Porygon2, L82|274/274\n|switch|p2a: Oinkologne|Oinkologne, L92, M|352/352\n|-ability|p1a: Porygon2|Download|boost\n|-boost|p1a: Porygon2|atk|1\n|turn|1\n|\n|t:|1733836407\n|move|p2a: Oinkologne|Body Slam|p1a: Porygon2\n|-damage|p1a: Porygon2|198/274\n|move|p1a: Porygon2|Tri Attack|p2a: Oinkologne\n|-damage|p2a: Oinkologne|270/352\n|-status|p2a: Oinkologne|par\n|\n|-heal|p2a: Oinkologne|292/352 par|[from] item: Leftovers\n|upkeep\n|turn|2\n|c|\u2606padhayi|!data download\n|raw|<ul class=\"utilichart\"><li class=\"result\"><span class=\"col namecol\"><a href=\"https://dex.pokemonshowdown.com/abilities/download\">Download</a></span> <span class=\"col abilitydesccol\">On switch-in, Attack or Sp. Atk is raised 1 stage based on the foes' weaker Defense.</span> </li><li style=\"clear:both\"></li></ul>\n\n|\n|t:|1733836476\n|move|p1a: Porygon2|Ice Beam|p2a: Oinkologne\n|-damage|p2a: Oinkologne|259/352 par\n|cant|p2a: Oinkologne|par\n|\n|-heal|p2a: Oinkologne|281/352 par|[from] item: Leftovers\n|upkeep\n|turn|3\n|\n|t:|1733836490\n|move|p1a: Porygon2|Tri Attack|p2a: Oinkologne\n|-damage|p2a: Oinkologne|197/352 par\n|move|p2a: Oinkologne|High Horsepower|p1a: Porygon2\n|-damage|p1a: Porygon2|141/274\n|\n|-heal|p2a: Oinkologne|219/352 par|[from] item: Leftovers\n|upkeep\n|turn|4\n|\n|t:|1733836517\n|switch|p1a: Haxorus|Haxorus, L77, M|244/244\n|-ability|p1a: Haxorus|Mold Breaker\n|move|p2a: Oinkologne|Lash Out|p1a: Haxorus\n|-damage|p1a: Haxorus|169/244\n|\n|-heal|p2a: Oinkologne|241/352 par|[from] item: Leftovers\n|upkeep\n|turn|5\n|\n|t:|1733836532\n|move|p1a: Haxorus|Scale Shot|p2a: Oinkologne\n|-crit|p2a: Oinkologne\n|-damage|p2a: Oinkologne|193/352 par\n|-crit|p2a: Oinkologne\n|-damage|p2a: Oinkologne|144/352 par\n|-damage|p2a: Oinkologne|108/352 par\n|-damage|p2a: Oinkologne|75/352 par\n|-crit|p2a: Oinkologne\n|-damage|p2a: Oinkologne|24/352 par\n|-hitcount|p2a: Oinkologne|5\n|-unboost|p1a: Haxorus|def|1\n|-boost|p1a: Haxorus|spe|1\n|cant|p2a: Oinkologne|par\n|\n|-heal|p2a: Oinkologne|46/352 par|[from] item: Leftovers\n|upkeep\n|turn|6\n|\n|t:|1733836554\n|move|p1a: Haxorus|Iron Head|p2a: Oinkologne\n|-damage|p2a: Oinkologne|0 fnt\n|faint|p2a: Oinkologne\n|\n|upkeep\n|\n|t:|1733836592\n|switch|p2a: Iron Treads|Iron Treads, L77|265/265\n|turn|7\n|\n|t:|1733836603\n|move|p1a: Haxorus|Close Combat|p2a: Iron Treads\n|-supereffective|p2a: Iron Treads\n|-damage|p2a: Iron Treads|99/265\n|-unboost|p1a: Haxorus|def|1\n|-unboost|p1a: Haxorus|spd|1\n|move|p2a: Iron Treads|Iron Head|p1a: Haxorus\n|-damage|p1a: Haxorus|0 fnt\n|faint|p1a: Haxorus\n|\n|upkeep\n|\n|t:|1733836662\n|switch|p1a: Lumineon|Lumineon, L93, M|279/279\n|turn|8\n|\n|t:|1733836678\n|move|p1a: Lumineon|Hydro Pump|p2a: Iron Treads\n|-supereffective|p2a: Iron Treads\n|-damage|p2a: Iron Treads|0 fnt\n|faint|p2a: Iron Treads\n|-end|p2a: Iron Treads|Quark Drive|[silent]\n|-damage|p1a: Lumineon|252/279|[from] item: Life Orb\n|\n|upkeep\n|\n|t:|1733836690\n|switch|p2a: Gengar|Gengar, L81, F|230/230\n|turn|9\n|\n|t:|1733836710\n|move|p2a: Gengar|Nasty Plot|p2a: Gengar\n|-boost|p2a: Gengar|spa|2\n|move|p1a: Lumineon|Ice Beam|p2a: Gengar\n|-damage|p2a: Gengar|146/230\n|-damage|p1a: Lumineon|225/279|[from] item: Life Orb\n|\n|upkeep\n|turn|10\n|\n|t:|1733836733\n|move|p2a: Gengar|Sludge Wave|p1a: Lumineon\n|-damage|p1a: Lumineon|0 fnt\n|faint|p1a: Lumineon\n|-damage|p2a: Gengar|123/230|[from] item: Life Orb\n|\n|upkeep\n|\n|t:|1733836743\n|switch|p1a: Porygon2|Porygon2, L82|141/274\n|-ability|p1a: Porygon2|Download|boost\n|-boost|p1a: Porygon2|atk|1\n|turn|11\n|\n|t:|1733836764\n|move|p2a: Gengar|Sludge Wave|p1a: Porygon2\n|-damage|p1a: Porygon2|0 fnt\n|faint|p1a: Porygon2\n|-damage|p2a: Gengar|100/230|[from] item: Life Orb\n|\n|upkeep\n|\n|t:|1733836785\n|switch|p1a: Hydrapple|Hydrapple, L83, F|312/312\n|turn|12\n|\n|t:|1733836796\n|move|p2a: Gengar|Sludge Wave|p1a: Hydrapple\n|-supereffective|p1a: Hydrapple\n|-damage|p1a: Hydrapple|0 fnt\n|faint|p1a: Hydrapple\n|-damage|p2a: Gengar|77/230|[from] item: Life Orb\n|\n|upkeep\n|\n|t:|1733836804\n|switch|p1a: Moltres|Moltres, L81|278/278\n|turn|13\n|\n|t:|1733836813\n|move|p2a: Gengar|Sludge Wave|p1a: Moltres\n|-damage|p1a: Moltres|0 fnt\n|faint|p1a: Moltres\n|-damage|p2a: Gengar|54/230|[from] item: Life Orb\n|\n|upkeep\n|\n|t:|1733836819\n|switch|p1a: Veluza|Veluza, L85, M|292/292\n|turn|14\n|\n|t:|1733836833\n|move|p2a: Gengar|Shadow Ball|p1a: Veluza\n|-supereffective|p1a: Veluza\n|-damage|p1a: Veluza|0 fnt\n|faint|p1a: Veluza\n|-damage|p2a: Gengar|31/230|[from] item: Life Orb\n|\n|win|padhayi\n|l|\u2606Madhwan\n|player|p1|\n", "inputlog": ">version bfd83cad13791eb5a5a409923076391caf6fb4d4\n>start {\"formatid\":\"gen9randombattle\",\"seed\":[58986,26611,16511,7801]}\n>player p1 {\"name\":\"Madhwan\",\"avatar\":\"101\",\"rating\":0,\"seed\":[49328,32549,10790,16655]}\n>player p2 {\"name\":\"padhayi\",\"avatar\":\"102\",\"rating\":0,\"seed\":[38039,27179,9994,9574]}\n>p1 move triattack\n>p2 move bodyslam\n>chat \u2606padhayi|!data download\n>p1 move icebeam\n>p2 move highhorsepower\n>p1 move triattack\n>p2 move highhorsepower\n>p1 switch 5\n>p2 move lashout\n>p1 move scaleshot\n>p2 move curse\n>p1 move ironhead\n>p2 move bodyslam\n>p2 switch 2\n>p1 move closecombat\n>p2 move ironhead\n>p1 switch 4\n>p1 move hydropump\n>p2 move ironhead\n>p2 switch 4\n>p1 move icebeam\n>p2 move nastyplot\n>p1 move hydropump\n>p2 move sludgewave\n>p1 switch 5\n>p1 move recover\n>p2 move sludgewave\n>p1 switch 6\n>p1 move leafstorm\n>p2 move sludgewave\n>p1 switch 3\n>p1 move scorchingsands\n>p2 move sludgewave\n>p1 switch 2\n>p1 move nightslash\n>p2 move shadowball", "uploadtime": 1733836842, "views": 1, "formatid": "gen9randombattle", "rating": null, "private": 0, "password": null}