{"id": "gen9randombattle-2259947805", "format": "[Gen 9] Random Battle", "players": ["ggani", "Chimpa05"], "log": "|j|\u2606ggani\n|j|\u2606Chimpa05\n|t:|1733783090\n|gametype|singles\n|player|p1|ggani|marlon|1326\n|player|p2|Chimpa05|hilbert-wonderlauncher|1342\n|teamsize|p1|6\n|teamsize|p2|6\n|gen|9\n|tier|[Gen 9] Random Battle\n|rated|\n|rule|Species Clause: Limit one of each Pok\u00e9mon\n|rule|HP Percentage Mod: HP is shown in percentages\n|rule|Sleep Clause Mod: Limit one foe put to sleep\n|rule|Illusion Level Mod: Illusion disguises the Pok\u00e9mon's true level\n|\n|t:|1733783090\n|start\n|switch|p1a: Trevenant|Trevenant, L88, F|293/293\n|switch|p2a: Persian|Persian, L92, F|269/269\n|turn|1\n|inactive|Battle timer is ON: inactive players will automatically lose when time's up. (requested by Chimpa05)\n|\n|t:|1733783104\n|move|p2a: Persian|Knock Off|p1a: Trevenant\n|-supereffective|p1a: Trevenant\n|-damage|p1a: Trevenant|163/293\n|-enditem|p1a: Trevenant|Sitrus Berry|[from] move: Knock Off|[of] p2a: Persian\n|move|p1a: Trevenant|Drain Punch|p2a: Persian\n|-supereffective|p2a: Persian\n|-crit|p2a: Persian\n|-damage|p2a: Persian|51/269\n|-heal|p1a: Trevenant|272/293|[from] drain|[of] p2a: Persian\n|\n|upkeep\n|turn|2\n|\n|t:|1733783115\n|switch|p2a: Iron Moth|Iron Moth, L78|253/253\n|move|p1a: Trevenant|Toxic|p2a: Iron Moth\n|-immune|p2a: Iron Moth\n|\n|upkeep\n|turn|3\n|c|\u2606ggani|thee chocquee\n|\n|t:|1733783129\n|switch|p1a: Tatsugiri|Tatsugiri-Stretchy, L87, F|260/260\n|move|p2a: Iron Moth|Fiery Dance|p1a: Tatsugiri\n|-resisted|p1a: Tatsugiri\n|-damage|p1a: Tatsugiri|224/260\n|-boost|p2a: Iron Moth|spa|1\n|\n|upkeep\n|turn|4\n|\n|t:|1733783147\n|move|p2a: Iron Moth|Fiery Dance|p1a: Tatsugiri\n|-resisted|p1a: Tatsugiri\n|-damage|p1a: Tatsugiri|178/260\n|move|p1a: Tatsugiri|Rapid Spin|p2a: Iron Moth\n|-damage|p2a: Iron Moth|221/253\n|-boost|p1a: Tatsugiri|spe|1\n|\n|upkeep\n|turn|5\n|\n|t:|1733783165\n|-end|p2a: Iron Moth|Quark Drive|[silent]\n|switch|p2a: Tatsugiri|Tatsugiri-Stretchy, L87, M|260/260\n|move|p1a: Tatsugiri|Hydro Pump|p2a: Tatsugiri\n|-ability|p2a: Tatsugiri|Storm Drain|boost\n|-boost|p2a: Tatsugiri|spa|1\n|\n|upkeep\n|turn|6\n|\n|t:|1733783175\n|-terastallize|p2a: Tatsugiri|Water\n|move|p1a: Tatsugiri|Draco Meteor|p2a: Tatsugiri\n|-damage|p2a: Tatsugiri|98/260\n|-unboost|p1a: Tatsugiri|spa|2\n|move|p2a: Tatsugiri|Draco Meteor|p1a: Tatsugiri|[miss]\n|-miss|p2a: Tatsugiri|p1a: Tatsugiri\n|\n|upkeep\n|turn|7\n|\n|t:|1733783200\n|switch|p1a: Trevenant|Trevenant, L88, F|272/293\n|move|p2a: Tatsugiri|Draco Meteor|p1a: Trevenant|[miss]\n|-miss|p2a: Tatsugiri|p1a: Trevenant\n|\n|upkeep\n|turn|8\n|\n|t:|1733783209\n|move|p2a: Tatsugiri|Draco Meteor|p1a: Trevenant\n|-damage|p1a: Trevenant|2/293\n|-unboost|p2a: Tatsugiri|spa|2\n|move|p1a: Trevenant|Poltergeist|p2a: Tatsugiri\n|-activate|p2a: Tatsugiri|move: Poltergeist|Heavy-Duty Boots\n|-damage|p2a: Tatsugiri|0 fnt\n|faint|p2a: Tatsugiri\n|\n|upkeep\n|\n|t:|1733783231\n|switch|p2a: Iron Moth|Iron Moth, L78|221/253\n|turn|9\n|inactive|ggani has 120 seconds left.\n|\n|t:|1733783270\n|move|p2a: Iron Moth|Sludge Wave|p1a: Trevenant\n|-damage|p1a: Trevenant|0 fnt\n|faint|p1a: Trevenant\n|\n|upkeep\n|\n|t:|1733783275\n|switch|p1a: Grafaiai|Grafaiai, L86, F|249/249\n|turn|10\n|inactive|ggani has 120 seconds left.\n|\n|t:|1733783289\n|-end|p2a: Iron Moth|Quark Drive|[silent]\n|switch|p2a: Solgaleo|Solgaleo, L74|325/325\n|move|p1a: Grafaiai|Knock Off|p2a: Solgaleo\n|-supereffective|p2a: Solgaleo\n|-damage|p2a: Solgaleo|197/325\n|-damage|p1a: Grafaiai|208/249|[from] item: Rocky Helmet|[of] p2a: Solgaleo\n|-enditem|p2a: Solgaleo|Rocky Helmet|[from] move: Knock Off|[of] p1a: Grafaiai\n|\n|upkeep\n|turn|11\n|inactive|ggani has 120 seconds left.\n|\n|t:|1733783314\n|move|p1a: Grafaiai|U-turn|p2a: Solgaleo\n|-damage|p2a: Solgaleo|144/325\n|\n|t:|1733783320\n|switch|p1a: Dondozo|Dondozo, L78, F|362/362|[from] U-turn\n|move|p2a: Solgaleo|Morning Sun|p2a: Solgaleo\n|-heal|p2a: Solgaleo|306/325\n|\n|upkeep\n|turn|12\n|\n|t:|1733783328\n|switch|p2a: Exeggutor|Exeggutor-Alola, L89, F|314/314\n|move|p1a: Dondozo|Curse|p1a: Dondozo\n|-unboost|p1a: Dondozo|spe|1\n|-boost|p1a: Dondozo|atk|1\n|-boost|p1a: Dondozo|def|1\n|\n|upkeep\n|turn|13\n|inactive|ggani has 120 seconds left.\n|\n|t:|1733783351\n|move|p2a: Exeggutor|Giga Drain|p1a: Dondozo\n|-supereffective|p1a: Dondozo\n|-damage|p1a: Dondozo|96/362\n|move|p1a: Dondozo|Curse|p1a: Dondozo\n|-unboost|p1a: Dondozo|spe|1\n|-boost|p1a: Dondozo|atk|1\n|-boost|p1a: Dondozo|def|1\n|\n|-heal|p1a: Dondozo|118/362|[from] item: Leftovers\n|upkeep\n|turn|14\n|\n|t:|1733783370\n|move|p2a: Exeggutor|Giga Drain|p1a: Dondozo\n|-supereffective|p1a: Dondozo\n|-damage|p1a: Dondozo|0 fnt\n|faint|p1a: Dondozo\n|\n|upkeep\n|\n|t:|1733783373\n|switch|p1a: Grafaiai|Grafaiai, L86, F|208/249\n|turn|15\n|\n|t:|1733783384\n|switch|p2a: Solgaleo|Solgaleo, L74|306/325\n|move|p1a: Grafaiai|Super Fang|p2a: Solgaleo\n|-damage|p2a: Solgaleo|153/325\n|\n|upkeep\n|turn|16\n|inactive|ggani has 120 seconds left.\n|inactive|ggani has 90 seconds left.\n|\n|t:|1733783425\n|move|p1a: Grafaiai|Knock Off|p2a: Solgaleo\n|-supereffective|p2a: Solgaleo\n|-damage|p2a: Solgaleo|59/325\n|move|p2a: Solgaleo|Morning Sun|p2a: Solgaleo\n|-heal|p2a: Solgaleo|221/325\n|\n|upkeep\n|turn|17\n|inactive|ggani has 90 seconds left.\n|\n|t:|1733783432\n|move|p1a: Grafaiai|U-turn|p2a: Solgaleo\n|-damage|p2a: Solgaleo|169/325\n|inactive|ggani has 90 seconds left.\n|\n|t:|1733783442\n|switch|p1a: Tatsugiri|Tatsugiri-Stretchy, L87, F|178/260|[from] U-turn\n|move|p2a: Solgaleo|Morning Sun|p2a: Solgaleo\n|-heal|p2a: Solgaleo|325/325\n|\n|upkeep\n|turn|18\n|\n|t:|1733783450\n|move|p1a: Tatsugiri|Nasty Plot|p1a: Tatsugiri\n|-boost|p1a: Tatsugiri|spa|2\n|move|p2a: Solgaleo|Knock Off|p1a: Tatsugiri\n|-crit|p1a: Tatsugiri\n|-damage|p1a: Tatsugiri|39/260\n|-enditem|p1a: Tatsugiri|Heavy-Duty Boots|[from] move: Knock Off|[of] p2a: Solgaleo\n|\n|upkeep\n|turn|19\n|inactive|ggani has 90 seconds left.\n|\n|t:|1733783483\n|move|p1a: Tatsugiri|Hydro Pump|p2a: Solgaleo\n|-damage|p2a: Solgaleo|0 fnt\n|faint|p2a: Solgaleo\n|\n|upkeep\n|\n|t:|1733783490\n|switch|p2a: Persian|Persian, L92, F|51/269\n|turn|20\n|\n|t:|1733783494\n|move|p2a: Persian|Fake Out|p1a: Tatsugiri\n|-damage|p1a: Tatsugiri|0 fnt\n|faint|p1a: Tatsugiri\n|\n|upkeep\n|inactive|ggani has 90 seconds left.\n|\n|t:|1733783499\n|switch|p1a: Mienshao|Mienshao, L83, F|244/244\n|turn|21\n|\n|t:|1733783506\n|move|p2a: Persian|U-turn|p1a: Mienshao\n|-resisted|p1a: Mienshao\n|-damage|p1a: Mienshao|215/244\n|\n|t:|1733783509\n|switch|p2a: Iron Moth|Iron Moth, L78|221/253|[from] U-turn\n|move|p1a: Mienshao|Knock Off|p2a: Iron Moth\n|-damage|p2a: Iron Moth|57/253\n|-enditem|p2a: Iron Moth|Choice Specs|[from] move: Knock Off|[of] p1a: Mienshao\n|-damage|p1a: Mienshao|191/244|[from] item: Life Orb\n|\n|upkeep\n|turn|22\n|\n|t:|1733783517\n|move|p1a: Mienshao|Knock Off|p2a: Iron Moth\n|-damage|p2a: Iron Moth|0 fnt\n|faint|p2a: Iron Moth\n|-end|p2a: Iron Moth|Quark Drive|[silent]\n|-damage|p1a: Mienshao|167/244|[from] item: Life Orb\n|\n|upkeep\n|\n|t:|1733783526\n|switch|p2a: Clawitzer|Clawitzer, L87, F|265/265\n|turn|23\n|\n|t:|1733783552\n|move|p1a: Mienshao|Close Combat|p2a: Clawitzer\n|-damage|p2a: Clawitzer|80/265\n|-unboost|p1a: Mienshao|def|1\n|-unboost|p1a: Mienshao|spd|1\n|-damage|p1a: Mienshao|143/244|[from] item: Life Orb\n|move|p2a: Clawitzer|Water Pulse|p1a: Mienshao\n|-damage|p1a: Mienshao|0 fnt\n|faint|p1a: Mienshao\n|\n|upkeep\n|\n|t:|1733783558\n|switch|p1a: Grafaiai|Grafaiai, L86, F|208/249\n|turn|24\n|\n|t:|1733783570\n|move|p1a: Grafaiai|Knock Off|p2a: Clawitzer\n|-damage|p2a: Clawitzer|10/265\n|-enditem|p2a: Clawitzer|Assault Vest|[from] move: Knock Off|[of] p1a: Grafaiai\n|move|p2a: Clawitzer|Water Pulse|p1a: Grafaiai\n|-damage|p1a: Grafaiai|124/249\n|\n|upkeep\n|turn|25\n|\n|t:|1733783589\n|move|p1a: Grafaiai|Knock Off|p2a: Clawitzer\n|-damage|p2a: Clawitzer|0 fnt\n|faint|p2a: Clawitzer\n|\n|upkeep\n|\n|t:|1733783595\n|switch|p2a: Persian|Persian, L92, F|51/269\n|turn|26\n|\n|t:|1733783607\n|move|p2a: Persian|Fake Out|p1a: Grafaiai\n|-damage|p1a: Grafaiai|43/249\n|cant|p1a: Grafaiai|flinch\n|\n|upkeep\n|turn|27\n|\n|t:|1733783613\n|move|p2a: Persian|Knock Off|p1a: Grafaiai\n|-damage|p1a: Grafaiai|0 fnt\n|-enditem|p1a: Grafaiai|Assault Vest|[from] move: Knock Off|[of] p2a: Persian\n|faint|p1a: Grafaiai\n|\n|upkeep\n|\n|t:|1733783615\n|switch|p1a: Venusaur|Venusaur, L84, F|272/272\n|turn|28\n|\n|t:|1733783619\n|move|p2a: Persian|U-turn|p1a: Venusaur\n|-damage|p1a: Venusaur|224/272\n|\n|t:|1733783621\n|switch|p2a: Exeggutor|Exeggutor-Alola, L89, F|314/314|[from] U-turn\n|move|p1a: Venusaur|Sludge Bomb|p2a: Exeggutor\n|-supereffective|p2a: Exeggutor\n|-damage|p2a: Exeggutor|120/314\n|-enditem|p2a: Exeggutor|Sitrus Berry|[eat]\n|-heal|p2a: Exeggutor|198/314|[from] item: Sitrus Berry\n|\n|-heal|p1a: Venusaur|241/272|[from] item: Leftovers\n|upkeep\n|turn|29\n|\n|t:|1733783633\n|move|p1a: Venusaur|Sludge Bomb|p2a: Exeggutor\n|-supereffective|p2a: Exeggutor\n|-damage|p2a: Exeggutor|0 fnt\n|faint|p2a: Exeggutor\n|\n|-heal|p1a: Venusaur|258/272|[from] item: Leftovers\n|upkeep\n|\n|t:|1733783637\n|switch|p2a: Persian|Persian, L92, F|51/269\n|turn|30\n|c|\u2606ggani|oigan a esta granretro gonorsofia hp\n|\n|t:|1733783654\n|move|p2a: Persian|Fake Out|p1a: Venusaur\n|-damage|p1a: Venusaur|182/272\n|cant|p1a: Venusaur|flinch\n|\n|-heal|p1a: Venusaur|199/272|[from] item: Leftovers\n|upkeep\n|turn|31\n|\n|t:|1733783659\n|move|p2a: Persian|Double-Edge|p1a: Venusaur\n|-damage|p1a: Venusaur|48/272\n|-damage|p2a: Persian|1/269|[from] Recoil\n|move|p1a: Venusaur|Sludge Bomb|p2a: Persian\n|-damage|p2a: Persian|0 fnt\n|faint|p2a: Persian\n|\n|win|ggani\n", "inputlog": ">version bfd83cad13791eb5a5a409923076391caf6fb4d4\n>start {\"formatid\":\"gen9randombattle\",\"seed\":[47416,52835,55300,45942],\"rated\":\"Rated battle\"}\n>player p1 {\"name\":\"ggani\",\"avatar\":\"marlon\",\"rating\":1326,\"seed\":[39930,35885,64574,57396]}\n>player p2 {\"name\":\"Chimpa05\",\"avatar\":\"hilbert-wonderlauncher\",\"rating\":1342,\"seed\":[43873,64013,23237,31103]}\n>p1 move drainpunch\n>p2 move knockoff\n>p1 move toxic\n>p2 switch 6\n>chat \u2606ggani|thee chocquee\n>p1 switch 6\n>p2 move fierydance\n>p1 move rapidspin\n>p2 move fierydance\n>p1 move hydropump\n>p2 switch 5\n>p1 move dracometeor\n>p2 move dracometeor terastallize\n>p1 switch 6\n>p2 move dracometeor\n>p1 move poltergeist\n>p2 move dracometeor\n>p2 switch 5\n>p1 move poltergeist\n>p2 move sludgewave\n>p1 switch 2\n>p1 move knockoff\n>p2 switch 4\n>p1 move uturn\n>p2 move morningsun\n>p1 switch 3\n>p1 move curse\n>p2 switch 2\n>p1 move curse\n>p2 move gigadrain\n>p1 move wavecrash\n>p2 move gigadrain\n>p1 switch 3\n>p1 move superfang\n>p2 switch 2\n>p1 move knockoff\n>p2 move morningsun\n>p1 move uturn\n>p2 move morningsun\n>p1 switch 6\n>p1 move nastyplot\n>p2 move knockoff\n>p1 move hydropump\n>p2 move sunsteelstrike\n>p2 switch 6\n>p1 move rapidspin\n>p2 move fakeout\n>p1 switch 4\n>p1 move knockoff\n>p2 move uturn\n>p2 switch 4\n>p1 move knockoff\n>p2 move fierydance\n>p2 switch 3\n>p1 move closecombat\n>p2 move waterpulse\n>p1 switch 6\n>p1 move knockoff\n>p2 move waterpulse\n>p1 move knockoff\n>p2 move waterpulse\n>p2 switch 4\n>p1 move knockoff\n>p2 move fakeout\n>p1 move knockoff\n>p2 move knockoff\n>p1 switch 5\n>p1 move sludgebomb\n>p2 move uturn\n>p2 switch 2\n>p1 move sludgebomb\n>p2 move flamethrower\n>p2 switch 2\n>chat \u2606ggani|oigan a esta granretro gonorsofia hp\n>p1 move sludgebomb\n>p2 move fakeout\n>p1 move sludgebomb\n>p2 move doubleedge", "uploadtime": 1733783649, "views": 1, "formatid": "gen9randombattle", "rating": null, "private": 0, "password": null}