{"id": "gen9randombattle-2260554251", "format": "[Gen 9] Random Battle", "players": ["Obrodai", "randbats addict"], "log": "|j|\u203dObrodai\n|j|\u2606randbats addict\n|t:|1733863003\n|gametype|singles\n|player|p1|Obrodai|1|1759\n|player|p2|randbats addict|lady|1800\n|teamsize|p1|6\n|teamsize|p2|6\n|gen|9\n|tier|[Gen 9] Random Battle\n|rated|\n|rule|Species Clause: Limit one of each Pok\u00e9mon\n|rule|HP Percentage Mod: HP is shown in percentages\n|rule|Sleep Clause Mod: Limit one foe put to sleep\n|rule|Illusion Level Mod: Illusion disguises the Pok\u00e9mon's true level\n|\n|t:|1733863003\n|start\n|switch|p1a: Eiscue|Eiscue, L88, F|274/274\n|switch|p2a: Tauros|Tauros, L82, M|257/257\n|turn|1\n|inactive|Battle timer is ON: inactive players will automatically lose when time's up. (requested by randbats addict)\n|inactive|randbats addict has 120 seconds left.\n|c|\u2606randbats addict|this is gna be embarassing for u\n|\n|t:|1733863045\n|switch|p2a: Dewgong|Dewgong, L94, F|322/322\n|move|p1a: Eiscue|Belly Drum|p1a: Eiscue\n|-damage|p1a: Eiscue|137/274\n|-setboost|p1a: Eiscue|atk|6|[from] move: Belly Drum\n|-enditem|p1a: Eiscue|Sitrus Berry|[eat]\n|-heal|p1a: Eiscue|205/274|[from] item: Sitrus Berry\n|\n|upkeep\n|turn|2\n|inactive|Obrodai has 120 seconds left.\n|\n|t:|1733863075\n|move|p2a: Dewgong|Encore|p1a: Eiscue\n|-start|p1a: Eiscue|Encore\n|move|p1a: Eiscue|Belly Drum||[still]\n|-fail|p1a: Eiscue\n|\n|upkeep\n|turn|3\n|\n|t:|1733863084\n|switch|p1a: Duraludon|Duraludon, L82, F|249/249\n|move|p2a: Dewgong|Surf|p1a: Duraludon\n|-resisted|p1a: Duraludon\n|-damage|p1a: Duraludon|206/249\n|\n|upkeep\n|turn|4\n|\n|t:|1733863091\n|move|p1a: Duraludon|Stealth Rock|p2a: Dewgong\n|-sidestart|p2: randbats addict|move: Stealth Rock\n|move|p2a: Dewgong|Knock Off|p1a: Duraludon\n|-damage|p1a: Duraludon|172/249\n|-enditem|p1a: Duraludon|Eviolite|[from] move: Knock Off|[of] p2a: Dewgong\n|\n|upkeep\n|turn|5\n|\n|t:|1733863102\n|move|p1a: Duraludon|Flash Cannon|p2a: Dewgong\n|-damage|p2a: Dewgong|246/322\n|move|p2a: Dewgong|Triple Axel|p1a: Duraludon\n|-damage|p1a: Duraludon|153/249\n|-damage|p1a: Duraludon|114/249\n|-damage|p1a: Duraludon|63/249\n|-hitcount|p1a: Duraludon|3\n|\n|upkeep\n|turn|6\n|\n|t:|1733863129\n|switch|p2a: Tauros|Tauros, L82, M|257/257\n|-damage|p2a: Tauros|225/257|[from] Stealth Rock\n|move|p1a: Duraludon|Body Press|p2a: Tauros\n|-supereffective|p2a: Tauros\n|-damage|p2a: Tauros|103/257\n|\n|upkeep\n|turn|7\n|\n|t:|1733863139\n|move|p2a: Tauros|Throat Chop|p1a: Duraludon\n|-damage|p1a: Duraludon|0 fnt\n|faint|p1a: Duraludon\n|\n|upkeep\n|\n|t:|1733863144\n|switch|p1a: Eiscue|Eiscue, L88, F|205/274\n|turn|8\n|\n|t:|1733863150\n|switch|p2a: Dewgong|Dewgong, L94, F|246/322\n|move|p1a: Eiscue|Zen Headbutt|p2a: Dewgong\n|-damage|p2a: Dewgong|196/322\n|\n|upkeep\n|turn|9\n|\n|t:|1733863159\n|switch|p1a: Ampharos|Ampharos, L88, M|302/302\n|move|p2a: Dewgong|Surf|p1a: Ampharos\n|-damage|p1a: Ampharos|220/302\n|\n|upkeep\n|turn|10\n|\n|t:|1733863163\n|switch|p2a: Landorus|Landorus-Therian, L76, M|260/260\n|-damage|p2a: Landorus|228/260|[from] Stealth Rock\n|-ability|p2a: Landorus|Intimidate|boost\n|-unboost|p1a: Ampharos|atk|1\n|move|p1a: Ampharos|Thunderbolt|p2a: Landorus\n|-immune|p2a: Landorus\n|\n|-heal|p2a: Landorus|244/260|[from] item: Leftovers\n|upkeep\n|turn|11\n|\n|t:|1733863170\n|switch|p1a: Greedent|Greedent, L86, F|347/347\n|move|p2a: Landorus|Stealth Rock|p1a: Greedent\n|-sidestart|p1: Obrodai|move: Stealth Rock\n|\n|-heal|p2a: Landorus|260/260|[from] item: Leftovers\n|upkeep\n|turn|12\n|\n|t:|1733863177\n|move|p2a: Landorus|Taunt|p1a: Greedent\n|-start|p1a: Greedent|move: Taunt\n|move|p1a: Greedent|Body Slam|p2a: Landorus\n|-damage|p2a: Landorus|151/260\n|\n|-heal|p2a: Landorus|167/260|[from] item: Leftovers\n|upkeep\n|turn|13\n|\n|t:|1733863182\n|switch|p2a: Torkoal|Torkoal, L88, M|266/266\n|-weather|SunnyDay|[from] ability: Drought|[of] p2a: Torkoal\n|move|p1a: Greedent|Body Slam|p2a: Torkoal\n|-damage|p2a: Torkoal|202/266\n|-status|p2a: Torkoal|par\n|\n|-weather|SunnyDay|[upkeep]\n|upkeep\n|turn|14\n|\n|t:|1733863184\n|move|p1a: Greedent|Earthquake|p2a: Torkoal\n|-supereffective|p2a: Torkoal\n|-damage|p2a: Torkoal|98/266 par\n|move|p2a: Torkoal|Rapid Spin|p1a: Greedent\n|-damage|p1a: Greedent|315/347\n|-boost|p2a: Torkoal|spe|1\n|-sideend|p2: randbats addict|Stealth Rock|[from] move: Rapid Spin|[of] p2a: Torkoal\n|\n|-weather|SunnyDay|[upkeep]\n|-end|p1a: Greedent|move: Taunt\n|upkeep\n|turn|15\n|\n|t:|1733863190\n|switch|p2a: Landorus|Landorus-Therian, L76, M|167/260\n|-ability|p2a: Landorus|Intimidate|boost\n|-unboost|p1a: Greedent|atk|1\n|move|p1a: Greedent|Swords Dance|p1a: Greedent\n|-boost|p1a: Greedent|atk|2\n|\n|-weather|SunnyDay|[upkeep]\n|-heal|p2a: Landorus|183/260|[from] item: Leftovers\n|upkeep\n|turn|16\n|\n|t:|1733863205\n|switch|p2a: Torkoal|Torkoal, L88, M|98/266 par\n|move|p1a: Greedent|Body Slam|p2a: Torkoal\n|-damage|p2a: Torkoal|2/266 par\n|\n|-weather|SunnyDay|[upkeep]\n|upkeep\n|turn|17\n|\n|t:|1733863209\n|switch|p2a: Landorus|Landorus-Therian, L76, M|183/260\n|-ability|p2a: Landorus|Intimidate|boost\n|-unboost|p1a: Greedent|atk|1\n|move|p1a: Greedent|Swords Dance|p1a: Greedent\n|-boost|p1a: Greedent|atk|2\n|\n|-weather|none\n|-heal|p2a: Landorus|199/260|[from] item: Leftovers\n|upkeep\n|turn|18\n|\n|t:|1733863217\n|switch|p2a: Torkoal|Torkoal, L88, M|2/266 par\n|-weather|SunnyDay|[from] ability: Drought|[of] p2a: Torkoal\n|move|p1a: Greedent|Body Slam|p2a: Torkoal\n|-damage|p2a: Torkoal|0 fnt\n|faint|p2a: Torkoal\n|\n|-weather|SunnyDay|[upkeep]\n|upkeep\n|\n|t:|1733863237\n|switch|p2a: Dewgong|Dewgong, L94, F|196/322\n|turn|19\n|\n|t:|1733863243\n|move|p2a: Dewgong|Knock Off|p1a: Greedent\n|-damage|p1a: Greedent|255/347\n|-enditem|p1a: Greedent|Sitrus Berry|[from] move: Knock Off|[of] p2a: Dewgong\n|move|p1a: Greedent|Body Slam|p2a: Dewgong\n|-damage|p2a: Dewgong|7/322\n|\n|-weather|SunnyDay|[upkeep]\n|upkeep\n|turn|20\n|\n|t:|1733863248\n|move|p2a: Dewgong|Triple Axel|p1a: Greedent|[miss]\n|-miss|p2a: Dewgong|p1a: Greedent\n|move|p1a: Greedent|Body Slam|p2a: Dewgong\n|-damage|p2a: Dewgong|0 fnt\n|faint|p2a: Dewgong\n|\n|-weather|SunnyDay|[upkeep]\n|upkeep\n|\n|t:|1733863251\n|switch|p2a: Tauros|Tauros, L82, M|103/257\n|turn|21\n|\n|t:|1733863268\n|move|p2a: Tauros|Close Combat|p1a: Greedent\n|-supereffective|p1a: Greedent\n|-damage|p1a: Greedent|68/347\n|-unboost|p2a: Tauros|def|1\n|-unboost|p2a: Tauros|spd|1\n|-damage|p2a: Tauros|78/257|[from] item: Life Orb\n|move|p1a: Greedent|Body Slam|p2a: Tauros\n|-damage|p2a: Tauros|0 fnt\n|faint|p2a: Tauros\n|\n|-weather|SunnyDay|[upkeep]\n|upkeep\n|\n|t:|1733863274\n|switch|p2a: Abomasnow|Abomasnow, L85, F|291/291\n|-weather|Snow|[from] ability: Snow Warning|[of] p2a: Abomasnow\n|turn|22\n|\n|t:|1733863278\n|move|p2a: Abomasnow|Blizzard|p1a: Greedent\n|-damage|p1a: Greedent|0 fnt\n|faint|p1a: Greedent\n|\n|-weather|Snow|[upkeep]\n|upkeep\n|\n|t:|1733863284\n|switch|p1a: Eiscue|Eiscue, L88, F|205/274\n|-damage|p1a: Eiscue|137/274|[from] Stealth Rock\n|turn|23\n|\n|t:|1733863292\n|move|p2a: Abomasnow|Aurora Veil|p2a: Abomasnow\n|-sidestart|p2: randbats addict|move: Aurora Veil\n|move|p1a: Eiscue|Belly Drum||[still]\n|-fail|p1a: Eiscue\n|\n|-weather|Snow|[upkeep]\n|upkeep\n|turn|24\n|\n|t:|1733863301\n|move|p2a: Abomasnow|Blizzard|p1a: Eiscue\n|-resisted|p1a: Eiscue\n|-damage|p1a: Eiscue|81/274\n|move|p1a: Eiscue|Ice Spinner|p2a: Abomasnow\n|-damage|p2a: Abomasnow|262/291\n|\n|-weather|Snow|[upkeep]\n|upkeep\n|turn|25\n|\n|t:|1733863306\n|move|p2a: Abomasnow|Blizzard|p1a: Eiscue\n|-resisted|p1a: Eiscue\n|-damage|p1a: Eiscue|31/274\n|move|p1a: Eiscue|Ice Spinner|p2a: Abomasnow\n|-damage|p2a: Abomasnow|232/291\n|\n|-weather|Snow|[upkeep]\n|upkeep\n|turn|26\n|\n|t:|1733863309\n|move|p2a: Abomasnow|Blizzard|p1a: Eiscue\n|-resisted|p1a: Eiscue\n|-damage|p1a: Eiscue|0 fnt\n|faint|p1a: Eiscue\n|\n|-weather|none\n|upkeep\n|\n|t:|1733863315\n|switch|p1a: Ampharos|Ampharos, L88, M|220/302\n|-damage|p1a: Ampharos|183/302|[from] Stealth Rock\n|turn|27\n|\n|t:|1733863319\n|switch|p2a: Landorus|Landorus-Therian, L76, M|199/260\n|-ability|p2a: Landorus|Intimidate|boost\n|-unboost|p1a: Ampharos|atk|1\n|move|p1a: Ampharos|Agility|p1a: Ampharos\n|-boost|p1a: Ampharos|spe|2\n|\n|-heal|p2a: Landorus|215/260|[from] item: Leftovers\n|upkeep\n|turn|28\n|\n|t:|1733863323\n|switch|p1a: Meganium|Meganium, L90, F|290/290\n|-damage|p1a: Meganium|254/290|[from] Stealth Rock\n|move|p2a: Landorus|Earthquake|p1a: Meganium\n|-resisted|p1a: Meganium\n|-damage|p1a: Meganium|202/290\n|\n|-heal|p2a: Landorus|231/260|[from] item: Leftovers\n|upkeep\n|turn|29\n|\n|t:|1733863332\n|switch|p2a: Abomasnow|Abomasnow, L85, F|232/291\n|-weather|Snow|[from] ability: Snow Warning|[of] p2a: Abomasnow\n|move|p1a: Meganium|Swords Dance|p1a: Meganium\n|-boost|p1a: Meganium|atk|2\n|\n|-weather|Snow|[upkeep]\n|upkeep\n|turn|30\n|\n|t:|1733863341\n|move|p1a: Meganium|Knock Off|p2a: Abomasnow\n|-damage|p2a: Abomasnow|167/291\n|-enditem|p2a: Abomasnow|Light Clay|[from] move: Knock Off|[of] p1a: Meganium\n|-damage|p1a: Meganium|173/290|[from] item: Life Orb\n|move|p2a: Abomasnow|Blizzard|p1a: Meganium\n|-supereffective|p1a: Meganium\n|-damage|p1a: Meganium|0 fnt\n|faint|p1a: Meganium\n|\n|-weather|Snow|[upkeep]\n|-sideend|p2: randbats addict|move: Aurora Veil\n|upkeep\n|\n|t:|1733863343\n|switch|p1a: Ampharos|Ampharos, L88, M|183/302\n|-damage|p1a: Ampharos|146/302|[from] Stealth Rock\n|turn|31\n|\n|t:|1733863361\n|switch|p2a: Landorus|Landorus-Therian, L76, M|231/260\n|-ability|p2a: Landorus|Intimidate|boost\n|-unboost|p1a: Ampharos|atk|1\n|move|p1a: Ampharos|Focus Blast|p2a: Landorus|[miss]\n|-miss|p1a: Ampharos|p2a: Landorus\n|\n|-weather|Snow|[upkeep]\n|-heal|p2a: Landorus|247/260|[from] item: Leftovers\n|upkeep\n|turn|32\n|\n|t:|1733863373\n|move|p2a: Landorus|Earthquake|p1a: Ampharos\n|-supereffective|p1a: Ampharos\n|-damage|p1a: Ampharos|0 fnt\n|faint|p1a: Ampharos\n|\n|-weather|Snow|[upkeep]\n|-heal|p2a: Landorus|260/260|[from] item: Leftovers\n|upkeep\n|\n|t:|1733863374\n|switch|p1a: Kommo-o|Kommo-o, L78, M|245/245\n|-damage|p1a: Kommo-o|230/245|[from] Stealth Rock\n|turn|33\n|\n|t:|1733863386\n|move|p2a: Landorus|Taunt|p1a: Kommo-o\n|-start|p1a: Kommo-o|move: Taunt\n|move|p1a: Kommo-o|Boomburst|p2a: Landorus\n|-damage|p2a: Landorus|158/260\n|-enditem|p1a: Kommo-o|Throat Spray\n|-boost|p1a: Kommo-o|spa|1|[from] item: Throat Spray\n|\n|-weather|none\n|-heal|p2a: Landorus|174/260|[from] item: Leftovers\n|upkeep\n|turn|34\n|\n|t:|1733863391\n|move|p2a: Landorus|Earthquake|p1a: Kommo-o\n|-damage|p1a: Kommo-o|128/245\n|move|p1a: Kommo-o|Boomburst|p2a: Landorus\n|-crit|p2a: Landorus\n|-damage|p2a: Landorus|0 fnt\n|faint|p2a: Landorus\n|\n|upkeep\n|\n|t:|1733863401\n|switch|p2a: Basculin|Basculin, L86, F|261/261\n|turn|35\n|\n|t:|1733863413\n|-terastallize|p2a: Basculin|Water\n|-terastallize|p1a: Kommo-o|Normal\n|move|p2a: Basculin|Wave Crash|p1a: Kommo-o\n|-damage|p1a: Kommo-o|0 fnt\n|faint|p1a: Kommo-o\n|-damage|p2a: Basculin|219/261|[from] Recoil\n|\n|win|randbats addict\n|raw|Obrodai's rating: 1759 &rarr; <strong>1741</strong><br />(-18 for losing)\n|raw|randbats addict's rating: 1800 &rarr; <strong>1818</strong><br />(+18 for winning)\n", "inputlog": ">version bfd83cad13791eb5a5a409923076391caf6fb4d4\n>start {\"formatid\":\"gen9randombattle\",\"seed\":[13019,13783,4759,60175],\"rated\":\"Rated battle\"}\n>player p1 {\"name\":\"Obrodai\",\"avatar\":\"1\",\"rating\":1759,\"seed\":[36065,38908,37267,61109]}\n>player p2 {\"name\":\"randbats addict\",\"avatar\":\"lady\",\"rating\":1800,\"seed\":[64327,53477,26352,24235]}\n>chat \u2606randbats addict|this is gna be embarassing for u\n>p1 move bellydrum\n>p2 switch 4\n>p1 move zenheadbutt\n>p2 move encore\n>p1 switch 5\n>p2 move surf\n>p1 move stealthrock\n>p2 move knockoff\n>p1 move flashcannon\n>p2 move tripleaxel\n>p1 move bodypress\n>p2 switch 4\n>p1 move bodypress\n>p2 move throatchop\n>p1 switch 5\n>p1 move zenheadbutt\n>p2 switch 4\n>p1 switch 6\n>p2 move surf\n>p1 move thunderbolt\n>p2 switch 5\n>p1 switch 2\n>p2 move stealthrock\n>p1 move bodyslam\n>p2 move taunt\n>p1 move bodyslam\n>p2 switch 2\n>p1 move earthquake\n>p2 move rapidspin\n>p1 move swordsdance\n>p2 switch 2\n>p1 move bodyslam\n>p2 switch 2\n>p1 move swordsdance\n>p2 switch 2\n>p1 move bodyslam\n>p2 switch 2\n>p2 switch 5\n>p1 move bodyslam\n>p2 move knockoff\n>p1 move bodyslam\n>p2 move tripleaxel\n>p2 switch 4\n>p1 move bodyslam\n>p2 move closecombat\n>p2 switch 6\n>p1 move bodyslam\n>p2 move blizzard\n>p1 switch 6\n>p1 move bellydrum\n>p2 move auroraveil\n>p1 move icespinner\n>p2 move blizzard\n>p1 move icespinner\n>p2 move blizzard\n>p1 move icespinner\n>p2 move blizzard\n>p1 switch 2\n>p1 move agility\n>p2 switch 2\n>p1 switch 3\n>p2 move earthquake\n>p1 move swordsdance\n>p2 switch 2\n>p1 move knockoff\n>p2 move blizzard\n>p1 switch 3\n>p1 move focusblast\n>p2 switch 2\n>p1 move dazzlinggleam\n>p2 move earthquake\n>p1 switch 4\n>p1 move boomburst\n>p2 move taunt\n>p1 move boomburst\n>p2 move earthquake\n>p2 switch 3\n>p1 move boomburst terastallize\n>p2 move wavecrash terastallize", "uploadtime": 1733863420, "views": 1, "formatid": "gen9randombattle", "rating": 1741, "private": 0, "password": null}