{"id": "gen9randombattle-2260638064", "format": "[Gen 9] Random Battle", "players": ["shigesato1", "mooshiimooshii"], "log": "|j|\u2606shigesato1\n|j|\u2606mooshiimooshii\n|t:|1733872292\n|gametype|singles\n|player|p1|shigesato1|wallace|1327\n|player|p2|mooshiimooshii|blue|1278\n|teamsize|p1|6\n|teamsize|p2|6\n|gen|9\n|tier|[Gen 9] Random Battle\n|rated|\n|rule|Species Clause: Limit one of each Pok\u00e9mon\n|rule|HP Percentage Mod: HP is shown in percentages\n|rule|Sleep Clause Mod: Limit one foe put to sleep\n|rule|Illusion Level Mod: Illusion disguises the Pok\u00e9mon's true level\n|\n|t:|1733872292\n|start\n|switch|p1a: Donphan|Donphan, L84, M|288/288\n|switch|p2a: Jirachi|Jirachi, L80|291/291\n|turn|1\n|inactive|Battle timer is ON: inactive players will automatically lose when time's up. (requested by shigesato1)\n|\n|t:|1733872298\n|move|p2a: Jirachi|Protect|p2a: Jirachi\n|-singleturn|p2a: Jirachi|Protect\n|move|p1a: Donphan|Stealth Rock|p2a: Jirachi\n|-sidestart|p2: mooshiimooshii|move: Stealth Rock\n|\n|upkeep\n|turn|2\n|\n|t:|1733872320\n|move|p2a: Jirachi|Protect|p2a: Jirachi\n|-singleturn|p2a: Jirachi|Protect\n|move|p1a: Donphan|Earthquake|p2a: Jirachi\n|-activate|p2a: Jirachi|move: Protect\n|\n|upkeep\n|turn|3\n|\n|t:|1733872334\n|move|p2a: Jirachi|Body Slam|p1a: Donphan\n|-damage|p1a: Donphan|243/288\n|-status|p1a: Donphan|par\n|move|p1a: Donphan|Earthquake|p2a: Jirachi\n|-supereffective|p2a: Jirachi\n|-damage|p2a: Jirachi|61/291\n|\n|-heal|p2a: Jirachi|79/291|[from] item: Leftovers\n|-heal|p1a: Donphan|261/288 par|[from] item: Leftovers\n|upkeep\n|turn|4\n|\n|t:|1733872344\n|move|p2a: Jirachi|Body Slam|p1a: Donphan\n|-damage|p1a: Donphan|216/288 par\n|cant|p1a: Donphan|par\n|\n|-heal|p2a: Jirachi|97/291|[from] item: Leftovers\n|-heal|p1a: Donphan|234/288 par|[from] item: Leftovers\n|upkeep\n|turn|5\n|l|\u2606shigesato1\n|inactive|shigesato1 disconnected and has a minute to reconnect!\n|player|p1|\n|inactive|shigesato1 has 30 seconds to reconnect!\n|inactive|shigesato1 has 20 seconds to reconnect!\n|j|\u2606shigesato1\n|inactive|shigesato1 reconnected and has 85 seconds left.\n|player|p1|shigesato1|wallace|\n|\n|t:|1733872413\n|move|p2a: Jirachi|Protect|p2a: Jirachi\n|-singleturn|p2a: Jirachi|Protect\n|move|p1a: Donphan|Earthquake|p2a: Jirachi\n|-activate|p2a: Jirachi|move: Protect\n|\n|-heal|p2a: Jirachi|115/291|[from] item: Leftovers\n|-heal|p1a: Donphan|252/288 par|[from] item: Leftovers\n|upkeep\n|turn|6\n|inactive|mooshiimooshii has 120 seconds left.\n|inactive|mooshiimooshii has 90 seconds left.\n|inactive|mooshiimooshii has 60 seconds left.\n|\n|t:|1733872507\n|move|p2a: Jirachi|Body Slam|p1a: Donphan\n|-damage|p1a: Donphan|210/288 par\n|cant|p1a: Donphan|par\n|\n|-heal|p2a: Jirachi|133/291|[from] item: Leftovers\n|-heal|p1a: Donphan|228/288 par|[from] item: Leftovers\n|upkeep\n|turn|7\n|\n|t:|1733872515\n|move|p2a: Jirachi|Body Slam|p1a: Donphan\n|-damage|p1a: Donphan|182/288 par\n|cant|p1a: Donphan|par\n|\n|-heal|p2a: Jirachi|151/291|[from] item: Leftovers\n|-heal|p1a: Donphan|200/288 par|[from] item: Leftovers\n|upkeep\n|turn|8\n|\n|t:|1733872530\n|move|p2a: Jirachi|Body Slam|p1a: Donphan\n|-damage|p1a: Donphan|157/288 par\n|move|p1a: Donphan|Earthquake|p2a: Jirachi\n|-supereffective|p2a: Jirachi\n|-damage|p2a: Jirachi|0 fnt\n|faint|p2a: Jirachi\n|\n|-heal|p1a: Donphan|175/288 par|[from] item: Leftovers\n|upkeep\n|inactive|mooshiimooshii has 60 seconds left.\n|\n|t:|1733872548\n|switch|p2a: Glaceon|Glaceon, L94, M|275/275\n|turn|9\n|\n|t:|1733872560\n|switch|p1a: Lunala|Lunala, L70|308/308\n|move|p2a: Glaceon|Freeze-Dry|p1a: Lunala\n|-damage|p1a: Lunala|248/308\n|\n|-heal|p1a: Lunala|267/308|[from] item: Leftovers\n|upkeep\n|turn|10\n|\n|t:|1733872568\n|move|p1a: Lunala|Calm Mind|p1a: Lunala\n|-boost|p1a: Lunala|spa|1\n|-boost|p1a: Lunala|spd|1\n|move|p2a: Glaceon|Calm Mind|p2a: Glaceon\n|-boost|p2a: Glaceon|spa|1\n|-boost|p2a: Glaceon|spd|1\n|\n|-heal|p1a: Lunala|286/308|[from] item: Leftovers\n|upkeep\n|turn|11\n|\n|t:|1733872576\n|move|p1a: Lunala|Calm Mind|p1a: Lunala\n|-boost|p1a: Lunala|spa|1\n|-boost|p1a: Lunala|spd|1\n|move|p2a: Glaceon|Calm Mind|p2a: Glaceon\n|-boost|p2a: Glaceon|spa|1\n|-boost|p2a: Glaceon|spd|1\n|\n|-heal|p1a: Lunala|305/308|[from] item: Leftovers\n|upkeep\n|turn|12\n|\n|t:|1733872584\n|move|p1a: Lunala|Calm Mind|p1a: Lunala\n|-boost|p1a: Lunala|spa|1\n|-boost|p1a: Lunala|spd|1\n|move|p2a: Glaceon|Calm Mind|p2a: Glaceon\n|-boost|p2a: Glaceon|spa|1\n|-boost|p2a: Glaceon|spd|1\n|\n|-heal|p1a: Lunala|308/308|[from] item: Leftovers\n|upkeep\n|turn|13\n|inactive|mooshiimooshii has 90 seconds left.\n|\n|t:|1733872599\n|move|p1a: Lunala|Calm Mind|p1a: Lunala\n|-boost|p1a: Lunala|spa|1\n|-boost|p1a: Lunala|spd|1\n|move|p2a: Glaceon|Calm Mind|p2a: Glaceon\n|-boost|p2a: Glaceon|spa|1\n|-boost|p2a: Glaceon|spd|1\n|\n|upkeep\n|turn|14\n|\n|t:|1733872608\n|move|p1a: Lunala|Calm Mind|p1a: Lunala\n|-boost|p1a: Lunala|spa|1\n|-boost|p1a: Lunala|spd|1\n|move|p2a: Glaceon|Calm Mind|p2a: Glaceon\n|-boost|p2a: Glaceon|spa|1\n|-boost|p2a: Glaceon|spd|1\n|\n|upkeep\n|turn|15\n|inactive|mooshiimooshii has 90 seconds left.\n|inactive|shigesato1 has 120 seconds left.\n|\n|t:|1733872662\n|move|p1a: Lunala|Calm Mind|p1a: Lunala\n|-boost|p1a: Lunala|spa|1\n|-boost|p1a: Lunala|spd|1\n|move|p2a: Glaceon|Calm Mind|p2a: Glaceon\n|-boost|p2a: Glaceon|spa|1\n|-boost|p2a: Glaceon|spd|1\n|\n|upkeep\n|turn|16\n|inactive|mooshiimooshii has 90 seconds left.\n|\n|t:|1733872675\n|move|p1a: Lunala|Moonblast|p2a: Glaceon\n|-damage|p2a: Glaceon|221/275\n|move|p2a: Glaceon|Freeze-Dry|p1a: Lunala\n|-damage|p1a: Lunala|254/308\n|\n|-heal|p1a: Lunala|273/308|[from] item: Leftovers\n|upkeep\n|turn|17\n|\n|t:|1733872699\n|move|p1a: Lunala|Moonblast|p2a: Glaceon\n|-damage|p2a: Glaceon|164/275\n|-unboost|p2a: Glaceon|spa|1\n|move|p2a: Glaceon|Freeze-Dry|p1a: Lunala\n|-damage|p1a: Lunala|165/308\n|\n|-heal|p1a: Lunala|184/308|[from] item: Leftovers\n|upkeep\n|turn|18\n|\n|t:|1733872708\n|move|p1a: Lunala|Moonblast|p2a: Glaceon\n|-damage|p2a: Glaceon|107/275\n|move|p2a: Glaceon|Freeze-Dry|p1a: Lunala\n|-damage|p1a: Lunala|84/308\n|\n|-heal|p1a: Lunala|103/308|[from] item: Leftovers\n|upkeep\n|turn|19\n|\n|t:|1733872715\n|move|p1a: Lunala|Moonlight|p1a: Lunala\n|-heal|p1a: Lunala|257/308\n|move|p2a: Glaceon|Freeze-Dry|p1a: Lunala\n|-damage|p1a: Lunala|151/308\n|\n|-heal|p1a: Lunala|170/308|[from] item: Leftovers\n|upkeep\n|turn|20\n|\n|t:|1733872722\n|move|p1a: Lunala|Moonblast|p2a: Glaceon\n|-damage|p2a: Glaceon|48/275\n|move|p2a: Glaceon|Freeze-Dry|p1a: Lunala\n|-damage|p1a: Lunala|67/308\n|\n|-heal|p1a: Lunala|86/308|[from] item: Leftovers\n|upkeep\n|turn|21\n|inactive|shigesato1 has 120 seconds left.\n|\n|t:|1733872768\n|move|p1a: Lunala|Moonblast|p2a: Glaceon\n|-damage|p2a: Glaceon|0 fnt\n|faint|p2a: Glaceon\n|\n|-heal|p1a: Lunala|105/308|[from] item: Leftovers\n|upkeep\n|inactive|mooshiimooshii has 90 seconds left.\n|\n|t:|1733872813\n|switch|p2a: Blissey|Blissey, L84, F|566/566\n|-damage|p2a: Blissey|496/566|[from] Stealth Rock\n|turn|22\n|\n|t:|1733872824\n|move|p1a: Lunala|Moonlight|p1a: Lunala\n|-heal|p1a: Lunala|259/308\n|move|p2a: Blissey|Thunder Wave|p1a: Lunala\n|-status|p1a: Lunala|par\n|\n|-heal|p2a: Blissey|531/566|[from] item: Leftovers\n|-heal|p1a: Lunala|278/308 par|[from] item: Leftovers\n|upkeep\n|turn|23\n|inactive|mooshiimooshii has 90 seconds left.\n|\n|t:|1733872837\n|switch|p2a: Hydreigon|Hydreigon, L79, M|275/275\n|-damage|p2a: Hydreigon|241/275|[from] Stealth Rock\n|move|p1a: Lunala|Moonblast|p2a: Hydreigon\n|-supereffective|p2a: Hydreigon\n|-damage|p2a: Hydreigon|0 fnt\n|faint|p2a: Hydreigon\n|\n|-heal|p1a: Lunala|297/308 par|[from] item: Leftovers\n|upkeep\n|\n|t:|1733872850\n|switch|p2a: Ribombee|Ribombee, L82, F|233/233\n|turn|24\n|\n|t:|1733872862\n|move|p2a: Ribombee|Bug Buzz|p1a: Lunala\n|-damage|p1a: Lunala|272/308 par\n|move|p1a: Lunala|Moongeist Beam|p2a: Ribombee\n|-damage|p2a: Ribombee|0 fnt\n|faint|p2a: Ribombee\n|\n|-heal|p1a: Lunala|291/308 par|[from] item: Leftovers\n|upkeep\n|\n|t:|1733872870\n|switch|p2a: Blissey|Blissey, L84, F|531/566\n|-damage|p2a: Blissey|461/566|[from] Stealth Rock\n|turn|25\n|\n|t:|1733872884\n|move|p2a: Blissey|Soft-Boiled|p2a: Blissey\n|-heal|p2a: Blissey|566/566\n|move|p1a: Lunala|Moonblast|p2a: Blissey\n|-damage|p2a: Blissey|393/566\n|\n|-heal|p2a: Blissey|428/566|[from] item: Leftovers\n|-heal|p1a: Lunala|308/308 par|[from] item: Leftovers\n|upkeep\n|turn|26\n|\n|t:|1733872892\n|move|p2a: Blissey|Soft-Boiled|p2a: Blissey\n|-heal|p2a: Blissey|566/566\n|move|p1a: Lunala|Moonblast|p2a: Blissey\n|-damage|p2a: Blissey|399/566\n|\n|-heal|p2a: Blissey|434/566|[from] item: Leftovers\n|upkeep\n|turn|27\n|inactive|mooshiimooshii has 90 seconds left.\n|\n|t:|1733872900\n|move|p2a: Blissey|Soft-Boiled|p2a: Blissey\n|-heal|p2a: Blissey|566/566\n|move|p1a: Lunala|Moonblast|p2a: Blissey\n|-damage|p2a: Blissey|375/566\n|\n|-heal|p2a: Blissey|410/566|[from] item: Leftovers\n|upkeep\n|turn|28\n|\n|t:|1733872914\n|move|p2a: Blissey|Soft-Boiled|p2a: Blissey\n|-heal|p2a: Blissey|566/566\n|move|p1a: Lunala|Moonblast|p2a: Blissey\n|-damage|p2a: Blissey|377/566\n|-unboost|p2a: Blissey|spa|1\n|\n|-heal|p2a: Blissey|412/566|[from] item: Leftovers\n|upkeep\n|turn|29\n|\n|t:|1733872921\n|move|p2a: Blissey|Soft-Boiled|p2a: Blissey\n|-heal|p2a: Blissey|566/566\n|move|p1a: Lunala|Moonblast|p2a: Blissey\n|-damage|p2a: Blissey|371/566\n|\n|-heal|p2a: Blissey|406/566|[from] item: Leftovers\n|upkeep\n|turn|30\n|\n|t:|1733872930\n|move|p2a: Blissey|Soft-Boiled|p2a: Blissey\n|-heal|p2a: Blissey|566/566\n|move|p1a: Lunala|Calm Mind|p1a: Lunala\n|-boost|p1a: Lunala|spa|0\n|-boost|p1a: Lunala|spd|0\n|\n|upkeep\n|turn|31\n|\n|t:|1733872935\n|move|p2a: Blissey|Soft-Boiled||[still]\n|-fail|p2a: Blissey|heal\n|cant|p1a: Lunala|par\n|\n|upkeep\n|turn|32\n|\n|t:|1733872941\n|move|p2a: Blissey|Soft-Boiled||[still]\n|-fail|p2a: Blissey|heal\n|move|p1a: Lunala|Moonblast|p2a: Blissey\n|-crit|p2a: Blissey\n|-damage|p2a: Blissey|292/566\n|\n|-heal|p2a: Blissey|327/566|[from] item: Leftovers\n|upkeep\n|turn|33\n|inactive|mooshiimooshii has 120 seconds left.\n|\n|t:|1733872953\n|-terastallize|p2a: Blissey|Steel\n|move|p2a: Blissey|Seismic Toss|p1a: Lunala\n|-immune|p1a: Lunala\n|move|p1a: Lunala|Moonblast|p2a: Blissey\n|-resisted|p2a: Blissey\n|-damage|p2a: Blissey|231/566\n|\n|-heal|p2a: Blissey|266/566|[from] item: Leftovers\n|upkeep\n|turn|34\n|\n|t:|1733872961\n|move|p2a: Blissey|Seismic Toss|p1a: Lunala\n|-immune|p1a: Lunala\n|cant|p1a: Lunala|par\n|\n|-heal|p2a: Blissey|301/566|[from] item: Leftovers\n|upkeep\n|turn|35\n|\n|t:|1733872968\n|move|p2a: Blissey|Seismic Toss|p1a: Lunala\n|-immune|p1a: Lunala\n|move|p1a: Lunala|Moongeist Beam|p2a: Blissey\n|-damage|p2a: Blissey|10/566\n|\n|-heal|p2a: Blissey|45/566|[from] item: Leftovers\n|upkeep\n|turn|36\n|\n|t:|1733872976\n|move|p2a: Blissey|Heal Bell||[still]\n|-activate|p2a: Blissey|move: Heal Bell\n|-fail|p2a: Blissey\n|cant|p1a: Lunala|par\n|\n|-heal|p2a: Blissey|80/566|[from] item: Leftovers\n|upkeep\n|turn|37\n|\n|t:|1733872983\n|move|p2a: Blissey|Seismic Toss|p1a: Lunala\n|-immune|p1a: Lunala\n|move|p1a: Lunala|Moongeist Beam|p2a: Blissey\n|-damage|p2a: Blissey|0 fnt\n|faint|p2a: Blissey\n|\n|upkeep\n|inactive|mooshiimooshii has 120 seconds left.\n|inactive|mooshiimooshii has 90 seconds left.\n|inactive|mooshiimooshii has 60 seconds left.\n|\n|t:|1733873071\n|switch|p2a: Oricorio|Oricorio-Pom-Pom, L82, F|257/257\n|turn|38\n|\n|t:|1733873080\n|move|p2a: Oricorio|Revelation Dance|p1a: Lunala\n|-damage|p1a: Lunala|297/308 par\n|cant|p1a: Lunala|par\n|\n|-heal|p1a: Lunala|308/308 par|[from] item: Leftovers\n|upkeep\n|turn|39\n|inactive|mooshiimooshii has 60 seconds left.\n|\n|t:|1733873102\n|move|p2a: Oricorio|Quiver Dance|p2a: Oricorio\n|-boost|p2a: Oricorio|spa|1\n|-boost|p2a: Oricorio|spd|1\n|-boost|p2a: Oricorio|spe|1\n|move|p1a: Lunala|Moonblast|p2a: Oricorio\n|-damage|p2a: Oricorio|62/257\n|\n|upkeep\n|turn|40\n|inactive|mooshiimooshii has 60 seconds left.\n|\n|t:|1733873114\n|move|p2a: Oricorio|Quiver Dance|p2a: Oricorio\n|-boost|p2a: Oricorio|spa|1\n|-boost|p2a: Oricorio|spd|1\n|-boost|p2a: Oricorio|spe|1\n|move|p1a: Lunala|Moonblast|p2a: Oricorio\n|-damage|p2a: Oricorio|0 fnt\n|faint|p2a: Oricorio\n|\n|win|shigesato1\n|raw|shigesato1's rating: 1327 &rarr; <strong>1344</strong><br />(+17 for winning)\n|raw|mooshiimooshii's rating: 1278 &rarr; <strong>1257</strong><br />(-21 for losing)\n", "inputlog": ">version bfd83cad13791eb5a5a409923076391caf6fb4d4\n>start {\"formatid\":\"gen9randombattle\",\"seed\":[61903,57310,29476,51316],\"rated\":\"Rated battle\"}\n>player p1 {\"name\":\"shigesato1\",\"avatar\":\"wallace\",\"rating\":1327,\"seed\":[26769,5263,6869,58781]}\n>player p2 {\"name\":\"mooshiimooshii\",\"avatar\":\"blue\",\"rating\":1278,\"seed\":[51004,15777,56258,13343]}\n>p1 move stealthrock\n>p2 move protect\n>p1 move earthquake\n>p2 move protect\n>p1 move earthquake\n>p2 move bodyslam\n>p1 move knockoff\n>p2 move bodyslam\n>p1 move earthquake\n>p2 move protect\n>p1 move knockoff\n>p2 move bodyslam\n>p1 move rapidspin\n>p2 move bodyslam\n>p1 move earthquake\n>p2 move bodyslam\n>p2 switch 2\n>p1 switch 2\n>p2 move freezedry\n>p1 move calmmind\n>p2 move calmmind\n>p1 move calmmind\n>p2 move calmmind\n>p1 move calmmind\n>p2 move calmmind\n>p1 move calmmind\n>p2 move calmmind\n>p1 move calmmind\n>p2 move calmmind\n>p1 move calmmind\n>p2 move calmmind\n>p1 move moonblast\n>p2 move freezedry\n>p1 move moonblast\n>p2 move freezedry\n>p1 move moonblast\n>p2 move freezedry\n>p1 move moonlight\n>p2 move freezedry\n>p1 move moonblast\n>p2 move freezedry\n>p1 move moonblast\n>p2 move freezedry\n>p2 switch 3\n>p1 move moonlight\n>p2 move thunderwave\n>p1 move moonblast\n>p2 switch 4\n>p2 switch 5\n>p1 move moongeistbeam\n>p2 move bugbuzz\n>p2 switch 4\n>p1 move moonblast\n>p2 move softboiled\n>p1 move moonblast\n>p2 move softboiled\n>p1 move moonblast\n>p2 move softboiled\n>p1 move moonblast\n>p2 move softboiled\n>p1 move moonblast\n>p2 move softboiled\n>p1 move calmmind\n>p2 move softboiled\n>p1 move moonblast\n>p2 move softboiled\n>p1 move moonblast\n>p2 move softboiled\n>p1 move moonblast\n>p2 move seismictoss terastallize\n>p1 move moongeistbeam\n>p2 move seismictoss\n>p1 move moongeistbeam\n>p2 move seismictoss\n>p1 move moongeistbeam\n>p2 move healbell\n>p1 move moongeistbeam\n>p2 move seismictoss\n>p2 switch 6\n>p1 move moonblast\n>p2 move revelationdance\n>p1 move moonblast\n>p2 move quiverdance\n>p1 move moonblast\n>p2 move quiverdance", "uploadtime": 1733873148, "views": 14, "formatid": "gen9randombattle", "rating": 1257, "private": 0, "password": null}