{"id": "gen9randombattle-2260845954", "format": "[Gen 9] Random Battle", "players": ["juan10cg", "56i645i5s"], "log": "|j|\u2606juan10cg\n|j|\u260656i645i5s\n|t:|1733903095\n|gametype|singles\n|player|p1|juan10cg|2|1287\n|player|p2|56i645i5s|2|1238\n|teamsize|p1|6\n|teamsize|p2|6\n|gen|9\n|tier|[Gen 9] Random Battle\n|rated|\n|rule|Species Clause: Limit one of each Pok\u00e9mon\n|rule|HP Percentage Mod: HP is shown in percentages\n|rule|Sleep Clause Mod: Limit one foe put to sleep\n|rule|Illusion Level Mod: Illusion disguises the Pok\u00e9mon's true level\n|\n|t:|1733903095\n|start\n|switch|p1a: Farigiraf|Farigiraf, L91, M|366/366\n|switch|p2a: Tatsugiri|Tatsugiri-Droopy, L87, F|260/260\n|turn|1\n|inactive|Battle timer is ON: inactive players will automatically lose when time's up. (requested by 56i645i5s)\n|\n|t:|1733903130\n|move|p2a: Tatsugiri|Nasty Plot|p2a: Tatsugiri\n|-boost|p2a: Tatsugiri|spa|2\n|move|p1a: Farigiraf|Body Slam|p2a: Tatsugiri\n|-damage|p2a: Tatsugiri|143/260\n|\n|upkeep\n|turn|2\n|\n|t:|1733903143\n|move|p2a: Tatsugiri|Hydro Pump|p1a: Farigiraf\n|-damage|p1a: Farigiraf|24/366\n|move|p1a: Farigiraf|Psychic Noise|p2a: Tatsugiri\n|-damage|p2a: Tatsugiri|44/260\n|-start|p2a: Tatsugiri|move: Heal Block\n|\n|-heal|p1a: Farigiraf|46/366|[from] item: Leftovers\n|upkeep\n|turn|3\n|\n|t:|1733903154\n|move|p1a: Farigiraf|Protect|p1a: Farigiraf\n|-singleturn|p1a: Farigiraf|Protect\n|move|p2a: Tatsugiri|Rapid Spin|p1a: Farigiraf\n|-activate|p1a: Farigiraf|move: Protect\n|\n|-heal|p1a: Farigiraf|68/366|[from] item: Leftovers\n|-end|p2a: Tatsugiri|move: Heal Block\n|upkeep\n|turn|4\n|\n|t:|1733903159\n|move|p2a: Tatsugiri|Hydro Pump|p1a: Farigiraf|[miss]\n|-miss|p2a: Tatsugiri|p1a: Farigiraf\n|move|p1a: Farigiraf|Body Slam|p2a: Tatsugiri\n|-damage|p2a: Tatsugiri|0 fnt\n|faint|p2a: Tatsugiri\n|\n|-heal|p1a: Farigiraf|90/366|[from] item: Leftovers\n|upkeep\n|\n|t:|1733903162\n|switch|p2a: Weavile|Weavile, L79, M|240/240\n|turn|5\n|\n|t:|1733903172\n|move|p1a: Farigiraf|Protect|p1a: Farigiraf\n|-singleturn|p1a: Farigiraf|Protect\n|move|p2a: Weavile|Knock Off|p1a: Farigiraf\n|-activate|p1a: Farigiraf|move: Protect\n|\n|-heal|p1a: Farigiraf|112/366|[from] item: Leftovers\n|upkeep\n|turn|6\n|\n|t:|1733903180\n|move|p2a: Weavile|Knock Off|p1a: Farigiraf\n|-supereffective|p1a: Farigiraf\n|-damage|p1a: Farigiraf|0 fnt\n|-enditem|p1a: Farigiraf|Leftovers|[from] move: Knock Off|[of] p2a: Weavile\n|faint|p1a: Farigiraf\n|\n|upkeep\n|\n|t:|1733903185\n|switch|p1a: Hariyama|Hariyama, L87, M|392/392\n|turn|7\n|\n|t:|1733903190\n|switch|p2a: Toxicroak|Toxicroak, L84, M|277/277\n|move|p1a: Hariyama|Close Combat|p2a: Toxicroak\n|-resisted|p2a: Toxicroak\n|-damage|p2a: Toxicroak|181/277\n|-unboost|p1a: Hariyama|def|1\n|-unboost|p1a: Hariyama|spd|1\n|\n|upkeep\n|turn|8\n|\n|t:|1733903209\n|move|p2a: Toxicroak|Gunk Shot|p1a: Hariyama\n|-damage|p1a: Hariyama|0 fnt\n|faint|p1a: Hariyama\n|\n|upkeep\n|\n|t:|1733903228\n|switch|p1a: Rabsca|Rabsca, L91, F|284/284\n|turn|9\n|\n|t:|1733903242\n|move|p2a: Toxicroak|Gunk Shot|p1a: Rabsca|[miss]\n|-miss|p2a: Toxicroak|p1a: Rabsca\n|move|p1a: Rabsca|Revival Blessing|p1a: Rabsca\n|\n|t:|1733903249\n|-heal|p1: Farigiraf|183/366|[from] move: Revival Blessing\n|\n|upkeep\n|turn|10\n|\n|t:|1733903261\n|move|p2a: Toxicroak|Gunk Shot|p1a: Rabsca\n|-damage|p1a: Rabsca|86/284\n|move|p1a: Rabsca|Psychic|p2a: Toxicroak\n|-supereffective|p2a: Toxicroak\n|-damage|p2a: Toxicroak|0 fnt\n|faint|p2a: Toxicroak\n|\n|upkeep\n|\n|t:|1733903264\n|switch|p2a: Weavile|Weavile, L79, M|240/240\n|turn|11\n|\n|t:|1733903282\n|move|p2a: Weavile|Knock Off|p1a: Rabsca\n|-supereffective|p1a: Rabsca\n|-damage|p1a: Rabsca|0 fnt\n|-enditem|p1a: Rabsca|Heavy-Duty Boots|[from] move: Knock Off|[of] p2a: Weavile\n|faint|p1a: Rabsca\n|\n|upkeep\n|\n|t:|1733903293\n|switch|p1a: Registeel|Registeel, L81|262/262\n|turn|12\n|\n|t:|1733903315\n|switch|p2a: Chesnaught|Chesnaught, L84, M|285/285\n|move|p1a: Registeel|Body Press|p2a: Chesnaught\n|-damage|p2a: Chesnaught|229/285\n|\n|-heal|p2a: Chesnaught|246/285|[from] item: Leftovers\n|upkeep\n|turn|13\n|\n|t:|1733903327\n|-terastallize|p1a: Registeel|Fighting\n|move|p2a: Chesnaught|Body Press|p1a: Registeel\n|-damage|p1a: Registeel|189/262\n|move|p1a: Registeel|Stealth Rock|p2a: Chesnaught\n|-sidestart|p2: 56i645i5s|move: Stealth Rock\n|\n|-heal|p2a: Chesnaught|263/285|[from] item: Leftovers\n|-heal|p1a: Registeel|205/262|[from] item: Leftovers\n|upkeep\n|turn|14\n|\n|t:|1733903350\n|switch|p2a: Clefable|Clefable, L83, F|293/293\n|-damage|p2a: Clefable|257/293|[from] Stealth Rock\n|move|p1a: Registeel|Thunder Wave|p2a: Clefable|[miss]\n|-miss|p1a: Registeel|p2a: Clefable\n|\n|-heal|p2a: Clefable|275/293|[from] item: Leftovers\n|-heal|p1a: Registeel|221/262|[from] item: Leftovers\n|upkeep\n|turn|15\n|\n|t:|1733903367\n|move|p2a: Clefable|Moonblast|p1a: Registeel\n|-supereffective|p1a: Registeel\n|-damage|p1a: Registeel|81/262\n|move|p1a: Registeel|Iron Head|p2a: Clefable\n|-supereffective|p2a: Clefable\n|-damage|p2a: Clefable|117/293\n|\n|-heal|p2a: Clefable|135/293|[from] item: Leftovers\n|-heal|p1a: Registeel|97/262|[from] item: Leftovers\n|upkeep\n|turn|16\n|inactive|56i645i5s has 120 seconds left.\n|\n|t:|1733903404\n|move|p2a: Clefable|Moonblast|p1a: Registeel\n|-supereffective|p1a: Registeel\n|-damage|p1a: Registeel|0 fnt\n|faint|p1a: Registeel\n|\n|-heal|p2a: Clefable|153/293|[from] item: Leftovers\n|upkeep\n|\n|t:|1733903412\n|switch|p1a: Basculegion|Basculegion, L81, M|327/327\n|turn|17\n|\n|t:|1733903420\n|move|p1a: Basculegion|Wave Crash|p2a: Clefable\n|-crit|p2a: Clefable\n|-damage|p2a: Clefable|0 fnt\n|faint|p2a: Clefable\n|-damage|p1a: Basculegion|277/327|[from] Recoil\n|\n|upkeep\n|\n|t:|1733903423\n|switch|p2a: Chesnaught|Chesnaught, L84, M|263/285\n|-damage|p2a: Chesnaught|246/285|[from] Stealth Rock\n|turn|18\n|\n|t:|1733903447\n|switch|p1a: Farigiraf|Farigiraf, L91, M|183/366\n|move|p2a: Chesnaught|Wood Hammer|p1a: Farigiraf\n|-ability|p1a: Farigiraf|Sap Sipper|boost\n|-boost|p1a: Farigiraf|atk|1\n|\n|-heal|p2a: Chesnaught|263/285|[from] item: Leftovers\n|upkeep\n|turn|19\n|\n|t:|1733903456\n|switch|p2a: Weavile|Weavile, L79, M|240/240\n|move|p1a: Farigiraf|Wish|p1a: Farigiraf\n|\n|upkeep\n|turn|20\n|\n|t:|1733903461\n|move|p1a: Farigiraf|Protect|p1a: Farigiraf\n|-singleturn|p1a: Farigiraf|Protect\n|move|p2a: Weavile|Swords Dance|p2a: Weavile\n|-boost|p2a: Weavile|atk|2\n|\n|-heal|p1a: Farigiraf|366/366|[from] move: Wish|[wisher] Farigiraf\n|upkeep\n|turn|21\n|\n|t:|1733903468\n|move|p2a: Weavile|Knock Off|p1a: Farigiraf\n|-supereffective|p1a: Farigiraf\n|-damage|p1a: Farigiraf|40/366\n|move|p1a: Farigiraf|Body Slam|p2a: Weavile\n|-damage|p2a: Weavile|53/240\n|\n|upkeep\n|turn|22\n|\n|t:|1733903475\n|move|p2a: Weavile|Knock Off|p1a: Farigiraf\n|-supereffective|p1a: Farigiraf\n|-damage|p1a: Farigiraf|0 fnt\n|faint|p1a: Farigiraf\n|\n|upkeep\n|\n|t:|1733903480\n|switch|p1a: Morpeko|Morpeko, L88, M|245/245\n|turn|23\n|\n|t:|1733903494\n|-terastallize|p2a: Weavile|Ice\n|move|p2a: Weavile|Triple Axel|p1a: Morpeko\n|-crit|p1a: Morpeko\n|-damage|p1a: Morpeko|131/245\n|-damage|p1a: Morpeko|0 fnt\n|faint|p1a: Morpeko\n|-hitcount|p1: Morpeko|2\n|\n|upkeep\n|\n|t:|1733903499\n|switch|p1a: Basculegion|Basculegion, L81, M|277/327\n|turn|24\n|\n|t:|1733903506\n|move|p1a: Basculegion|Aqua Jet|p2a: Weavile\n|-damage|p2a: Weavile|0 fnt\n|faint|p2a: Weavile\n|\n|upkeep\n|\n|t:|1733903509\n|switch|p2a: Chesnaught|Chesnaught, L84, M|263/285\n|-damage|p2a: Chesnaught|246/285|[from] Stealth Rock\n|turn|25\n|\n|t:|1733903515\n|move|p1a: Basculegion|Wave Crash|p2a: Chesnaught\n|-resisted|p2a: Chesnaught\n|-damage|p2a: Chesnaught|171/285\n|-damage|p1a: Basculegion|252/327|[from] Recoil\n|move|p2a: Chesnaught|Wood Hammer|p1a: Basculegion\n|-supereffective|p1a: Basculegion\n|-damage|p1a: Basculegion|0 fnt\n|faint|p1a: Basculegion\n|-damage|p2a: Chesnaught|88/285|[from] Recoil\n|\n|win|56i645i5s\n|raw|juan10cg's rating: 1287 &rarr; <strong>1258</strong><br />(-29 for losing)\n|raw|56i645i5s's rating: 1238 &rarr; <strong>1267</strong><br />(+29 for winning)\n|l|\u2606juan10cg\n|player|p1|\n", "inputlog": ">version bfd83cad13791eb5a5a409923076391caf6fb4d4\n>start {\"formatid\":\"gen9randombattle\",\"seed\":[19451,4734,55483,37582],\"rated\":\"Rated battle\"}\n>player p1 {\"name\":\"juan10cg\",\"avatar\":\"2\",\"rating\":1287,\"seed\":[48667,22572,8792,24812]}\n>player p2 {\"name\":\"56i645i5s\",\"avatar\":\"2\",\"rating\":1238,\"seed\":[31221,53178,50669,53506]}\n>p1 move bodyslam\n>p2 move nastyplot\n>p1 move psychicnoise\n>p2 move hydropump\n>p1 move protect\n>p2 move rapidspin\n>p1 move bodyslam\n>p2 move hydropump\n>p2 switch 2\n>p1 move protect\n>p2 move knockoff\n>p1 move wish\n>p2 move knockoff\n>p1 switch 3\n>p1 move closecombat\n>p2 switch 4\n>p1 move headlongrush\n>p2 move gunkshot\n>p1 switch 6\n>p1 move revivalblessing\n>p2 move gunkshot\n>p1 switch 3\n>p1 move psychic\n>p2 move gunkshot\n>p2 switch 4\n>p1 move earthpower\n>p2 move knockoff\n>p1 switch 2\n>p1 move bodypress\n>p2 switch 3\n>p1 move stealthrock terastallize\n>p2 move bodypress\n>p1 move thunderwave\n>p2 switch 5\n>p1 move ironhead\n>p2 move moonblast\n>p1 move ironhead\n>p2 move moonblast\n>p1 switch 5\n>p1 move wavecrash\n>p2 move moonlight\n>p2 switch 5\n>p1 switch 3\n>p2 move woodhammer\n>p1 move wish\n>p2 switch 3\n>p1 move protect\n>p2 move swordsdance\n>p1 move bodyslam\n>p2 move knockoff\n>p1 move bodyslam\n>p2 move knockoff\n>p1 switch 4\n>p1 move rapidspin\n>p2 move tripleaxel terastallize\n>p1 switch 3\n>p1 move aquajet\n>p2 move knockoff\n>p2 switch 3\n>p1 move wavecrash\n>p2 move woodhammer", "uploadtime": 1733903519, "views": 1, "formatid": "gen9randombattle", "rating": 1258, "private": 0, "password": null}