{"id": "gen9randombattle-2145466726", "format": "[Gen 9] Random Battle", "players": ["Fillo_VCG", "MichaelderBeste2"], "log": "|badge|p1|bronze|gen9randombattle|100-1\n|uhtml|medal-msg|<div class=\"broadcast-blue\">Curious what those medals under the avatar are? PS now has Ladder Seasons! For more information, check out the <a href=\"https://www.smogon.com/forums/threads/3740067/\">thread on Smogon.</a></div>\n|badge|p2|silver|gen9randombattle|30-1\n|uhtml|medal-msg|<div class=\"broadcast-blue\">Curious what those medals under the avatar are? PS now has Ladder Seasons! For more information, check out the <a href=\"https://www.smogon.com/forums/threads/3740067/\">thread on Smogon.</a></div>\n|j|\u2606Fillo_VCG\n|j|\u2606MichaelderBeste2\n|t:|1718701319\n|gametype|singles\n|player|p1|Fillo_VCG|bruno|2360\n|player|p2|MichaelderBeste2|#splxivclassiest|2400\n|teamsize|p1|6\n|teamsize|p2|6\n|gen|9\n|tier|[Gen 9] Random Battle\n|rated|\n|rule|Species Clause: Limit one of each Pok\u00e9mon\n|rule|HP Percentage Mod: HP is shown in percentages\n|rule|Sleep Clause Mod: Limit one foe put to sleep\n|rule|Illusion Level Mod: Illusion disguises the Pok\u00e9mon's true level\n|\n|t:|1718701319\n|start\n|switch|p1a: Dialga|Dialga, L73|266/266\n|switch|p2a: Wigglytuff|Wigglytuff, L96, F|424/424\n|-ability|p1a: Dialga|Pressure\n|turn|1\n|c|\u2606Fillo_VCG|my goat\n|c|\u2606Fillo_VCG|hey mike\n|c|\u2606Fillo_VCG|glhf\n|inactive|Battle timer is ON: inactive players will automatically lose when time's up. (requested by Fillo_VCG)\n|inactive|MichaelderBeste2 has 120 seconds left.\n|\n|t:|1718701382\n|move|p1a: Dialga|Heavy Slam|p2a: Wigglytuff\n|-supereffective|p2a: Wigglytuff\n|-damage|p2a: Wigglytuff|122/424\n|move|p2a: Wigglytuff|Alluring Voice|p1a: Dialga\n|-damage|p1a: Dialga|200/266\n|\n|-heal|p2a: Wigglytuff|148/424|[from] item: Leftovers\n|upkeep\n|turn|2\n|\n|t:|1718701389\n|move|p2a: Wigglytuff|Protect|p2a: Wigglytuff\n|-singleturn|p2a: Wigglytuff|Protect\n|move|p1a: Dialga|Heavy Slam|p2a: Wigglytuff\n|-activate|p2a: Wigglytuff|move: Protect\n|\n|-heal|p2a: Wigglytuff|174/424|[from] item: Leftovers\n|upkeep\n|turn|3\n|\n|t:|1718701397\n|switch|p2a: Clawitzer|Clawitzer, L86, F|262/262\n|move|p1a: Dialga|Heavy Slam|p2a: Clawitzer\n|-resisted|p2a: Clawitzer\n|-damage|p2a: Clawitzer|204/262\n|\n|upkeep\n|turn|4\n|\n|t:|1718701409\n|move|p1a: Dialga|Draco Meteor|p2a: Clawitzer|[miss]\n|-miss|p1a: Dialga|p2a: Clawitzer\n|move|p2a: Clawitzer|Aura Sphere|p1a: Dialga\n|-supereffective|p1a: Dialga\n|-damage|p1a: Dialga|0 fnt\n|faint|p1a: Dialga\n|\n|upkeep\n|\n|t:|1718701417\n|switch|p1a: Spidops|Spidops, L96, F|271/271\n|turn|5\n|\n|t:|1718701424\n|switch|p2a: Delphox|Delphox, L84, M|263/263\n|move|p1a: Spidops|Sticky Web|p2a: Delphox\n|-sidestart|p2: MichaelderBeste2|move: Sticky Web\n|\n|upkeep\n|turn|6\n|\n|t:|1718701438\n|move|p2a: Delphox|Fire Blast|p1a: Spidops\n|-supereffective|p1a: Spidops\n|-damage|p1a: Spidops|53/271\n|move|p1a: Spidops|Circle Throw|p2a: Delphox\n|-resisted|p2a: Delphox\n|-damage|p2a: Delphox|237/263\n|drag|p2a: Wigglytuff|Wigglytuff, L96, F|174/424\n|-activate|p2a: Wigglytuff|move: Sticky Web\n|-unboost|p2a: Wigglytuff|spe|1\n|-ability|p2a: Wigglytuff|Competitive|boost\n|-boost|p2a: Wigglytuff|spa|2\n|\n|-heal|p2a: Wigglytuff|200/424|[from] item: Leftovers\n|upkeep\n|turn|7\n|\n|t:|1718701450\n|move|p1a: Spidops|Toxic Spikes|p2a: Wigglytuff\n|-sidestart|p2: MichaelderBeste2|move: Toxic Spikes\n|move|p2a: Wigglytuff|Alluring Voice|p1a: Spidops\n|-damage|p1a: Spidops|0 fnt\n|faint|p1a: Spidops\n|\n|-heal|p2a: Wigglytuff|226/424|[from] item: Leftovers\n|upkeep\n|\n|t:|1718701465\n|switch|p1a: Quaquaval|Quaquaval, L79, F|264/264\n|turn|8\n|\n|t:|1718701469\n|move|p1a: Quaquaval|Close Combat|p2a: Wigglytuff\n|-damage|p2a: Wigglytuff|0 fnt\n|-unboost|p1a: Quaquaval|def|1\n|-unboost|p1a: Quaquaval|spd|1\n|faint|p2a: Wigglytuff\n|-ability|p1a: Quaquaval|Moxie|boost\n|-boost|p1a: Quaquaval|atk|1\n|-damage|p1a: Quaquaval|238/264|[from] item: Life Orb\n|\n|upkeep\n|\n|t:|1718701474\n|switch|p2a: Delphox|Delphox, L84, M|237/263\n|-activate|p2a: Delphox|move: Sticky Web\n|-unboost|p2a: Delphox|spe|1\n|-status|p2a: Delphox|psn\n|turn|9\n|\n|t:|1718701484\n|switch|p1a: Magearna|Magearna, L77|250/250\n|move|p2a: Delphox|Psyshock|p1a: Magearna\n|-resisted|p1a: Magearna\n|-damage|p1a: Magearna|211/250\n|\n|-heal|p1a: Magearna|226/250|[from] item: Leftovers\n|-damage|p2a: Delphox|205/263 psn|[from] psn\n|upkeep\n|turn|10\n|\n|t:|1718701491\n|switch|p2a: Clawitzer|Clawitzer, L86, F|204/262\n|-activate|p2a: Clawitzer|move: Sticky Web\n|-unboost|p2a: Clawitzer|spe|1\n|-status|p2a: Clawitzer|psn\n|move|p1a: Magearna|Calm Mind|p1a: Magearna\n|-boost|p1a: Magearna|spa|1\n|-boost|p1a: Magearna|spd|1\n|\n|-heal|p1a: Magearna|241/250|[from] item: Leftovers\n|-damage|p2a: Clawitzer|172/262 psn|[from] psn\n|upkeep\n|turn|11\n|\n|t:|1718701506\n|move|p1a: Magearna|Fleur Cannon|p2a: Clawitzer\n|-damage|p2a: Clawitzer|0 fnt\n|-unboost|p1a: Magearna|spa|2\n|faint|p2a: Clawitzer\n|-ability|p1a: Magearna|Soul-Heart|boost\n|-boost|p1a: Magearna|spa|1\n|\n|-heal|p1a: Magearna|250/250|[from] item: Leftovers\n|upkeep\n|\n|t:|1718701510\n|switch|p2a: Krookodile|Krookodile, L80, F|283/283\n|-activate|p2a: Krookodile|move: Sticky Web\n|-unboost|p2a: Krookodile|spe|1\n|-status|p2a: Krookodile|psn\n|-ability|p2a: Krookodile|Intimidate|boost\n|-unboost|p1a: Magearna|atk|1\n|turn|12\n|\n|t:|1718701524\n|move|p1a: Magearna|Fleur Cannon|p2a: Krookodile\n|-supereffective|p2a: Krookodile\n|-damage|p2a: Krookodile|0 fnt\n|-unboost|p1a: Magearna|spa|2\n|faint|p2a: Krookodile\n|-ability|p1a: Magearna|Soul-Heart|boost\n|-boost|p1a: Magearna|spa|1\n|\n|upkeep\n|\n|t:|1718701530\n|switch|p2a: Delphox|Delphox, L84, M|205/263 psn\n|-activate|p2a: Delphox|move: Sticky Web\n|-unboost|p2a: Delphox|spe|1\n|turn|13\n|\n|t:|1718701539\n|switch|p1a: Alcremie|Alcremie-Ruby-Cream, L90, F|263/263\n|move|p2a: Delphox|Psyshock|p1a: Alcremie\n|-damage|p1a: Alcremie|163/263\n|\n|-heal|p1a: Alcremie|179/263|[from] item: Leftovers\n|-damage|p2a: Delphox|173/263 psn|[from] psn\n|upkeep\n|turn|14\n|-message|MichaelderBeste2 forfeited.\n|\n|win|Fillo_VCG\n|raw|Fillo_VCG's rating: 2360 &rarr; <strong>2382</strong><br />(+22 for winning)\n|raw|MichaelderBeste2's rating: 2400 &rarr; <strong>2378</strong><br />(-22 for losing)\n|l|\u2606MichaelderBeste2\n|player|p2|\n", "inputlog": ">version 8819e60f9a01cede7471b534a2fb53a3a85674fc\n>start {\"formatid\":\"gen9randombattle\",\"seed\":[6168,61382,24787,49128],\"rated\":\"Rated battle\"}\n>player p1 {\"name\":\"Fillo_VCG\",\"avatar\":\"bruno\",\"rating\":2360,\"seed\":[39482,17783,53758,57274]}\n>player p2 {\"name\":\"MichaelderBeste2\",\"avatar\":\"#splxivclassiest\",\"rating\":2400,\"seed\":[40510,20507,27439,29901]}\n>chat \u2606Fillo_VCG|my goat\n>chat \u2606Fillo_VCG|hey mike\n>chat \u2606Fillo_VCG|glhf\n>p1 move heavyslam\n>p2 move alluringvoice\n>p1 move heavyslam\n>p2 move protect\n>p1 move heavyslam\n>p2 switch 6\n>p1 move dracometeor\n>p2 move aurasphere\n>p1 switch 5\n>p1 move stickyweb\n>p2 switch 2\n>p1 move circlethrow\n>p2 move fireblast\n>p1 move toxicspikes\n>p2 move alluringvoice\n>p1 switch 4\n>p1 move closecombat\n>p2 move alluringvoice\n>p2 switch 6\n>p1 switch 3\n>p2 move psyshock\n>p1 move calmmind\n>p2 switch 2\n>p1 move fleurcannon\n>p2 move waterpulse\n>p2 switch 5\n>p1 move fleurcannon\n>p2 move earthquake\n>p2 switch 2\n>p1 switch 2\n>p2 move psyshock\n>forcelose p2", "uploadtime": 1718701609, "views": 221, "formatid": "gen9randombattle", "rating": 2378, "private": 0, "password": null}