{"id": "gen9randombattle-2166504910", "format": "[Gen 9] Random Battle", "players": ["fearlessgod", "benji9292"], "log": "|j|\u2606fearlessgod\n|j|\u2606benji9292\n|t:|1721816226\n|gametype|singles\n|player|p1|fearlessgod|caitlin|2319\n|player|p2|benji9292|266|2265\n|teamsize|p1|6\n|teamsize|p2|6\n|gen|9\n|tier|[Gen 9] Random Battle\n|rated|\n|rule|Species Clause: Limit one of each Pok\u00e9mon\n|rule|HP Percentage Mod: HP is shown in percentages\n|rule|Sleep Clause Mod: Limit one foe put to sleep\n|rule|Illusion Level Mod: Illusion disguises the Pok\u00e9mon's true level\n|\n|t:|1721816226\n|start\n|switch|p1a: Mimikyu|Mimikyu, L79, F|216/216\n|switch|p2a: Forretress|Forretress, L84, M|263/263\n|turn|1\n|inactive|Battle timer is ON: inactive players will automatically lose when time's up. (requested by fearlessgod)\n|\n|t:|1721816242\n|switch|p1a: Gouging Fire|Gouging Fire, L74|277/277\n|move|p2a: Forretress|Stealth Rock|p1a: Gouging Fire\n|-sidestart|p1: fearlessgod|move: Stealth Rock\n|\n|upkeep\n|turn|2\n|inactive|benji9292 has 120 seconds left.\n|inactive|benji9292 has 90 seconds left.\n|\n|t:|1721816324\n|switch|p2a: Porygon2|Porygon2, L82|274/274\n|-ability|p2a: Porygon2|Download|boost\n|-boost|p2a: Porygon2|spa|1\n|move|p1a: Gouging Fire|Dragon Dance|p1a: Gouging Fire\n|-boost|p1a: Gouging Fire|atk|1\n|-boost|p1a: Gouging Fire|spe|1\n|\n|upkeep\n|turn|3\n|inactive|fearlessgod has 120 seconds left.\n|\n|t:|1721816358\n|-end|p1a: Gouging Fire|Protosynthesis|[silent]\n|switch|p1a: Zamazenta|Zamazenta-Crowned, L68|238/238\n|-damage|p1a: Zamazenta|231/238|[from] Stealth Rock\n|-ability|p1a: Zamazenta|Dauntless Shield|boost\n|-boost|p1a: Zamazenta|def|1\n|move|p2a: Porygon2|Tri Attack|p1a: Zamazenta\n|-resisted|p1a: Zamazenta\n|-damage|p1a: Zamazenta|178/238\n|\n|upkeep\n|turn|4\n|l|\u2606fearlessgod\n|inactive|fearlessgod disconnected and has a minute to reconnect!\n|player|p1|\n|j|\u2606fearlessgod\n|inactive|fearlessgod reconnected.\n|player|p1|fearlessgod|caitlin|\n|inactive|benji9292 has 60 seconds left.\n|j| TiltAccount2\n|inactive|benji9292 has 30 seconds left.\n|inactive|benji9292 has 20 seconds left.\n|\n|t:|1721816430\n|switch|p2a: Araquanid|Araquanid, L82, F|246/246\n|move|p1a: Zamazenta|Iron Defense|p1a: Zamazenta\n|-boost|p1a: Zamazenta|def|2\n|\n|upkeep\n|turn|5\n|inactive|benji9292 has 30 seconds left this turn.\n|inactive|benji9292 has 20 seconds left.\n|inactive|fearlessgod has 120 seconds left.\n|\n|t:|1721816473\n|-terastallize|p1a: Zamazenta|Fighting\n|move|p1a: Zamazenta|Body Press|p2a: Araquanid\n|-resisted|p2a: Araquanid\n|-damage|p2a: Araquanid|112/246\n|move|p2a: Araquanid|Sticky Web|p1a: Zamazenta\n|-sidestart|p1: fearlessgod|move: Sticky Web\n|\n|upkeep\n|turn|6\n|inactive|benji9292 has 30 seconds left this turn.\n|inactive|benji9292 has 20 seconds left.\n|inactive|benji9292 has 15 seconds left.\n|inactive|benji9292 has 10 seconds left.\n|inactive|benji9292 has 5 seconds left.\n|\n|t:|1721816501\n|move|p1a: Zamazenta|Body Press|p2a: Araquanid\n|-resisted|p2a: Araquanid\n|-damage|p2a: Araquanid|0 fnt\n|faint|p2a: Araquanid\n|\n|upkeep\n|inactive|benji9292 has 10 seconds left this turn.\n|inactive|benji9292 has 5 seconds left.\n|\n|t:|1721816506\n|switch|p2a: Dragalge|Dragalge, L88, M|258/258\n|turn|7\n|inactive|benji9292 has 15 seconds left this turn.\n|inactive|benji9292 has 10 seconds left.\n|\n|t:|1721816516\n|move|p1a: Zamazenta|Body Press|p2a: Dragalge\n|-resisted|p2a: Dragalge\n|-damage|p2a: Dragalge|142/258\n|move|p2a: Dragalge|Dragon Tail|p1a: Zamazenta\n|-damage|p1a: Zamazenta|148/238\n|drag|p1a: Mimikyu|Mimikyu, L79, F|216/216\n|-damage|p1a: Mimikyu|189/216|[from] Stealth Rock\n|-activate|p1a: Mimikyu|move: Sticky Web\n|-unboost|p1a: Mimikyu|spe|1\n|\n|upkeep\n|turn|8\n|inactive|benji9292 has 20 seconds left this turn.\n|inactive|fearlessgod has 120 seconds left.\n|inactive|benji9292 has 15 seconds left.\n|\n|t:|1721816526\n|switch|p2a: Forretress|Forretress, L84, M|263/263\n|move|p1a: Mimikyu|Swords Dance|p1a: Mimikyu\n|-boost|p1a: Mimikyu|atk|2\n|\n|upkeep\n|turn|9\n|inactive|benji9292 has 25 seconds left this turn.\n|j| hfeath\n|inactive|fearlessgod has 120 seconds left.\n|inactive|benji9292 has 20 seconds left.\n|\n|t:|1721816540\n|switch|p1a: Gouging Fire|Gouging Fire, L74|277/277\n|move|p2a: Forretress|Volt Switch|p1a: Gouging Fire\n|-resisted|p1a: Gouging Fire\n|-damage|p1a: Gouging Fire|259/277\n|inactive|benji9292 has 25 seconds left this turn.\n|inactive|benji9292 has 20 seconds left.\n|inactive|benji9292 has 15 seconds left.\n|inactive|benji9292 has 10 seconds left.\n|\n|t:|1721816555\n|switch|p2a: Iron Jugulis|Iron Jugulis, L78|275/275|[from] Volt Switch\n|\n|upkeep\n|turn|10\n|inactive|benji9292 has 20 seconds left this turn.\n|inactive|benji9292 has 15 seconds left.\n|inactive|fearlessgod has 120 seconds left.\n|inactive|fearlessgod has 90 seconds left.\n|\n|t:|1721816624\n|-end|p1a: Gouging Fire|Protosynthesis|[silent]\n|switch|p1a: Electrode|Electrode-Hisui, L87|246/246\n|-damage|p1a: Electrode|216/246|[from] Stealth Rock\n|-activate|p1a: Electrode|move: Sticky Web\n|-unboost|p1a: Electrode|spe|1\n|move|p2a: Iron Jugulis|Earth Power|p1a: Electrode\n|-damage|p1a: Electrode|116/246\n|\n|upkeep\n|turn|11\n|inactive|benji9292 has 25 seconds left this turn.\n|inactive|benji9292 has 20 seconds left.\n|\n|t:|1721816635\n|-end|p2a: Iron Jugulis|Quark Drive|[silent]\n|switch|p2a: Breloom|Breloom, L82, F|233/233\n|move|p1a: Electrode|Volt Switch|p2a: Breloom\n|-resisted|p2a: Breloom\n|-damage|p2a: Breloom|171/233\n|-damage|p1a: Electrode|92/246|[from] item: Life Orb\n|inactive|benji9292 has 25 seconds left this turn.\n|inactive|fearlessgod has 60 seconds left.\n|\n|t:|1721816649\n|switch|p1a: Gouging Fire|Gouging Fire, L74|259/277|[from] Volt Switch\n|\n|upkeep\n|turn|12\n|inactive|benji9292 has 30 seconds left.\n|\n|t:|1721816659\n|switch|p2a: Iron Jugulis|Iron Jugulis, L78|275/275\n|move|p1a: Gouging Fire|Heat Crash|p2a: Iron Jugulis\n|-damage|p2a: Iron Jugulis|143/275\n|\n|upkeep\n|turn|13\n|inactive|benji9292 has 30 seconds left.\n|\n|t:|1721816673\n|-end|p1a: Gouging Fire|Protosynthesis|[silent]\n|switch|p1a: Electrode|Electrode-Hisui, L87|92/246\n|-damage|p1a: Electrode|62/246|[from] Stealth Rock\n|-activate|p1a: Electrode|move: Sticky Web\n|-unboost|p1a: Electrode|spe|1\n|move|p2a: Iron Jugulis|Earth Power|p1a: Electrode\n|-damage|p1a: Electrode|0 fnt\n|faint|p1a: Electrode\n|\n|upkeep\n|\n|t:|1721816677\n|switch|p1a: Uxie|Uxie, L83|260/260\n|-damage|p1a: Uxie|228/260|[from] Stealth Rock\n|turn|14\n|\n|t:|1721816682\n|-end|p2a: Iron Jugulis|Quark Drive|[silent]\n|switch|p2a: Forretress|Forretress, L84, M|263/263\n|move|p1a: Uxie|Stealth Rock|p2a: Forretress\n|-sidestart|p2: benji9292|move: Stealth Rock\n|\n|-heal|p1a: Uxie|244/260|[from] item: Leftovers\n|upkeep\n|turn|15\n|\n|t:|1721816689\n|move|p1a: Uxie|U-turn|p2a: Forretress\n|-resisted|p2a: Forretress\n|-damage|p2a: Forretress|250/263\n|\n|t:|1721816691\n|switch|p1a: Mimikyu|Mimikyu, L79, F|189/216|[from] U-turn\n|-damage|p1a: Mimikyu|162/216|[from] Stealth Rock\n|-activate|p1a: Mimikyu|move: Sticky Web\n|-unboost|p1a: Mimikyu|spe|1\n|move|p2a: Forretress|Rapid Spin|p1a: Mimikyu\n|-immune|p1a: Mimikyu\n|\n|-heal|p2a: Forretress|263/263|[from] item: Leftovers\n|upkeep\n|turn|16\n|\n|t:|1721816694\n|switch|p1a: Gouging Fire|Gouging Fire, L74|259/277\n|move|p2a: Forretress|Iron Head|p1a: Gouging Fire\n|-resisted|p1a: Gouging Fire\n|-damage|p1a: Gouging Fire|224/277\n|\n|upkeep\n|turn|17\n|\n|t:|1721816701\n|switch|p2a: Porygon2|Porygon2, L82|274/274\n|-damage|p2a: Porygon2|240/274|[from] Stealth Rock\n|-ability|p2a: Porygon2|Download|boost\n|-boost|p2a: Porygon2|spa|1\n|move|p1a: Gouging Fire|Dragon Dance|p1a: Gouging Fire\n|-boost|p1a: Gouging Fire|atk|1\n|-boost|p1a: Gouging Fire|spe|1\n|\n|upkeep\n|turn|18\n|\n|t:|1721816719\n|move|p1a: Gouging Fire|Heat Crash|p2a: Porygon2\n|-damage|p2a: Porygon2|117/274\n|move|p2a: Porygon2|Tri Attack|p1a: Gouging Fire\n|-damage|p1a: Gouging Fire|77/277\n|\n|upkeep\n|turn|19\n|\n|t:|1721816733\n|move|p1a: Gouging Fire|Heat Crash|p2a: Porygon2\n|-damage|p2a: Porygon2|3/274\n|move|p2a: Porygon2|Recover|p2a: Porygon2\n|-heal|p2a: Porygon2|140/274\n|\n|upkeep\n|turn|20\n|\n|t:|1721816742\n|move|p1a: Gouging Fire|Heat Crash|p2a: Porygon2\n|-damage|p2a: Porygon2|23/274\n|move|p2a: Porygon2|Recover|p2a: Porygon2\n|-heal|p2a: Porygon2|160/274\n|\n|upkeep\n|turn|21\n|\n|t:|1721816748\n|move|p1a: Gouging Fire|Heat Crash|p2a: Porygon2\n|-damage|p2a: Porygon2|55/274\n|move|p2a: Porygon2|Recover|p2a: Porygon2\n|-heal|p2a: Porygon2|192/274\n|\n|upkeep\n|turn|22\n|\n|t:|1721816752\n|move|p1a: Gouging Fire|Heat Crash|p2a: Porygon2\n|-damage|p2a: Porygon2|68/274\n|move|p2a: Porygon2|Recover|p2a: Porygon2\n|-heal|p2a: Porygon2|205/274\n|\n|upkeep\n|turn|23\n|\n|t:|1721816763\n|move|p1a: Gouging Fire|Heat Crash|p2a: Porygon2\n|-crit|p2a: Porygon2\n|-damage|p2a: Porygon2|46/274\n|move|p2a: Porygon2|Recover|p2a: Porygon2\n|-heal|p2a: Porygon2|183/274\n|\n|upkeep\n|turn|24\n|\n|t:|1721816768\n|move|p1a: Gouging Fire|Heat Crash|p2a: Porygon2\n|-damage|p2a: Porygon2|66/274\n|move|p2a: Porygon2|Recover|p2a: Porygon2\n|-heal|p2a: Porygon2|203/274\n|\n|upkeep\n|turn|25\n|\n|t:|1721816773\n|move|p1a: Gouging Fire|Heat Crash|p2a: Porygon2\n|-damage|p2a: Porygon2|86/274\n|move|p2a: Porygon2|Recover|p2a: Porygon2\n|-heal|p2a: Porygon2|223/274\n|\n|upkeep\n|turn|26\n|\n|t:|1721816782\n|move|p1a: Gouging Fire|Heat Crash|p2a: Porygon2\n|-damage|p2a: Porygon2|115/274\n|move|p2a: Porygon2|Tri Attack|p1a: Gouging Fire\n|-damage|p1a: Gouging Fire|0 fnt\n|faint|p1a: Gouging Fire\n|-end|p1a: Gouging Fire|Protosynthesis|[silent]\n|\n|upkeep\n|inactive|fearlessgod has 120 seconds left.\n|\n|t:|1721816827\n|switch|p1a: Uxie|Uxie, L83|244/260\n|-damage|p1a: Uxie|212/260|[from] Stealth Rock\n|turn|27\n|\n|t:|1721816837\n|switch|p2a: Forretress|Forretress, L84, M|263/263\n|-damage|p2a: Forretress|231/263|[from] Stealth Rock\n|move|p1a: Uxie|U-turn|p2a: Forretress\n|-resisted|p2a: Forretress\n|-damage|p2a: Forretress|218/263\n|\n|t:|1721816842\n|switch|p1a: Zamazenta|Zamazenta-Crowned, L68, tera:Fighting|148/238|[from] U-turn\n|-damage|p1a: Zamazenta|134/238|[from] Stealth Rock\n|-activate|p1a: Zamazenta|move: Sticky Web\n|-unboost|p1a: Zamazenta|spe|1\n|\n|-heal|p2a: Forretress|234/263|[from] item: Leftovers\n|upkeep\n|turn|28\n|inactive|fearlessgod has 120 seconds left.\n|\n|t:|1721816858\n|move|p1a: Zamazenta|Body Press|p2a: Forretress\n|-damage|p2a: Forretress|160/263\n|move|p2a: Forretress|Rapid Spin|p1a: Zamazenta\n|-damage|p1a: Zamazenta|105/238\n|-boost|p2a: Forretress|spe|1\n|-sideend|p2: benji9292|Stealth Rock|[from] move: Rapid Spin|[of] p2a: Forretress\n|\n|-heal|p2a: Forretress|176/263|[from] item: Leftovers\n|upkeep\n|turn|29\n|\n|t:|1721816865\n|move|p2a: Forretress|Volt Switch|p1a: Zamazenta\n|-damage|p1a: Zamazenta|73/238\n|\n|t:|1721816868\n|switch|p2a: Dragalge|Dragalge, L88, M|142/258|[from] Volt Switch\n|move|p1a: Zamazenta|Body Press|p2a: Dragalge\n|-resisted|p2a: Dragalge\n|-damage|p2a: Dragalge|89/258\n|\n|upkeep\n|turn|30\n|\n|t:|1721816871\n|move|p1a: Zamazenta|Heavy Slam|p2a: Dragalge\n|-damage|p2a: Dragalge|0 fnt\n|faint|p2a: Dragalge\n|\n|upkeep\n|inactive|benji9292 has 120 seconds left.\n|\n|t:|1721816915\n|switch|p2a: Breloom|Breloom, L82, F|171/233\n|turn|31\n|\n|t:|1721816927\n|move|p2a: Breloom|Bullet Seed|p1a: Zamazenta\n|-damage|p1a: Zamazenta|21/238\n|-damage|p1a: Zamazenta|0 fnt\n|faint|p1a: Zamazenta\n|-hitcount|p1: Zamazenta|2\n|-damage|p2a: Breloom|148/233|[from] item: Life Orb\n|\n|upkeep\n|\n|t:|1721816933\n|switch|p1a: Uxie|Uxie, L83|212/260\n|-damage|p1a: Uxie|180/260|[from] Stealth Rock\n|turn|32\n|\n|t:|1721816939\n|switch|p2a: Forretress|Forretress, L84, M|176/263\n|move|p1a: Uxie|Psychic Noise|p2a: Forretress\n|-resisted|p2a: Forretress\n|-damage|p2a: Forretress|134/263\n|-start|p2a: Forretress|move: Heal Block\n|\n|-heal|p1a: Uxie|196/260|[from] item: Leftovers\n|upkeep\n|turn|33\n|\n|t:|1721816963\n|move|p1a: Uxie|U-turn|p2a: Forretress\n|-resisted|p2a: Forretress\n|-damage|p2a: Forretress|119/263\n|\n|t:|1721816965\n|switch|p1a: Basculin|Basculin-Blue-Striped, L86, F|261/261|[from] U-turn\n|-damage|p1a: Basculin|229/261|[from] Stealth Rock\n|-activate|p1a: Basculin|move: Sticky Web\n|-unboost|p1a: Basculin|spe|1\n|move|p2a: Forretress|Iron Head|p1a: Basculin\n|-resisted|p1a: Basculin\n|-damage|p1a: Basculin|178/261\n|\n|-end|p2a: Forretress|move: Heal Block\n|upkeep\n|turn|34\n|inactive|benji9292 has 120 seconds left.\n|\n|t:|1721816991\n|switch|p2a: Porygon2|Porygon2, L82|115/274\n|-ability|p2a: Porygon2|Download|boost\n|-boost|p2a: Porygon2|spa|1\n|move|p1a: Basculin|Wave Crash|p2a: Porygon2\n|-damage|p2a: Porygon2|0 fnt\n|faint|p2a: Porygon2\n|-damage|p1a: Basculin|140/261|[from] Recoil\n|\n|upkeep\n|\n|t:|1721816994\n|switch|p2a: Breloom|Breloom, L82, F|148/233\n|turn|35\n|inactive|fearlessgod has 120 seconds left.\n|\n|t:|1721817022\n|switch|p1a: Uxie|Uxie, L83|196/260\n|-damage|p1a: Uxie|164/260|[from] Stealth Rock\n|move|p2a: Breloom|Spore|p1a: Uxie\n|-status|p1a: Uxie|slp|[from] move: Spore\n|\n|-heal|p1a: Uxie|180/260 slp|[from] item: Leftovers\n|upkeep\n|turn|36\n|inactive|fearlessgod has 120 seconds left.\n|\n|t:|1721817036\n|cant|p1a: Uxie|slp\n|move|p2a: Breloom|Bullet Seed|p1a: Uxie\n|-damage|p1a: Uxie|133/260 slp\n|-damage|p1a: Uxie|86/260 slp\n|-damage|p1a: Uxie|43/260 slp\n|-hitcount|p1a: Uxie|3\n|-damage|p2a: Breloom|125/233|[from] item: Life Orb\n|\n|-heal|p1a: Uxie|59/260 slp|[from] item: Leftovers\n|upkeep\n|turn|37\n|\n|t:|1721817040\n|switch|p2a: Forretress|Forretress, L84, M|119/263\n|-curestatus|p1a: Uxie|slp|[msg]\n|move|p1a: Uxie|Psychic Noise|p2a: Forretress\n|-resisted|p2a: Forretress\n|-damage|p2a: Forretress|77/263\n|-start|p2a: Forretress|move: Heal Block\n|\n|-heal|p1a: Uxie|75/260|[from] item: Leftovers\n|upkeep\n|turn|38\n|\n|t:|1721817059\n|move|p1a: Uxie|Stealth Rock|p2a: Forretress\n|-sidestart|p2: benji9292|move: Stealth Rock\n|move|p2a: Forretress|Rapid Spin|p1a: Uxie\n|-damage|p1a: Uxie|50/260\n|-boost|p2a: Forretress|spe|1\n|-sideend|p2: benji9292|Stealth Rock|[from] move: Rapid Spin|[of] p2a: Forretress\n|\n|-heal|p1a: Uxie|66/260|[from] item: Leftovers\n|-end|p2a: Forretress|move: Heal Block\n|upkeep\n|turn|39\n|\n|t:|1721817070\n|move|p1a: Uxie|Stealth Rock|p2a: Forretress\n|-sidestart|p2: benji9292|move: Stealth Rock\n|move|p2a: Forretress|Rapid Spin|p1a: Uxie\n|-damage|p1a: Uxie|38/260\n|-boost|p2a: Forretress|spe|1\n|-sideend|p2: benji9292|Stealth Rock|[from] move: Rapid Spin|[of] p2a: Forretress\n|\n|-heal|p2a: Forretress|93/263|[from] item: Leftovers\n|-heal|p1a: Uxie|54/260|[from] item: Leftovers\n|upkeep\n|turn|40\n|\n|t:|1721817074\n|move|p2a: Forretress|Rapid Spin|p1a: Uxie\n|-damage|p1a: Uxie|30/260\n|-boost|p2a: Forretress|spe|1\n|move|p1a: Uxie|Psychic Noise|p2a: Forretress\n|-resisted|p2a: Forretress\n|-damage|p2a: Forretress|51/263\n|-start|p2a: Forretress|move: Heal Block\n|\n|-heal|p1a: Uxie|46/260|[from] item: Leftovers\n|upkeep\n|turn|41\n|\n|t:|1721817084\n|switch|p1a: Basculin|Basculin-Blue-Striped, L86, F|140/261\n|-damage|p1a: Basculin|108/261|[from] Stealth Rock\n|-activate|p1a: Basculin|move: Sticky Web\n|-unboost|p1a: Basculin|spe|1\n|move|p2a: Forretress|Iron Head|p1a: Basculin\n|-resisted|p1a: Basculin\n|-damage|p1a: Basculin|62/261\n|\n|-end|p2a: Forretress|move: Heal Block\n|upkeep\n|turn|42\n|\n|t:|1721817102\n|move|p1a: Basculin|Aqua Jet|p2a: Forretress\n|-damage|p2a: Forretress|0 fnt\n|faint|p2a: Forretress\n|\n|upkeep\n|\n|t:|1721817119\n|switch|p2a: Breloom|Breloom, L82, F|125/233\n|turn|43\n|\n|t:|1721817127\n|move|p1a: Basculin|Aqua Jet|p2a: Breloom\n|-resisted|p2a: Breloom\n|-damage|p2a: Breloom|77/233\n|move|p2a: Breloom|Spore|p1a: Basculin\n|-status|p1a: Basculin|slp|[from] move: Spore\n|\n|upkeep\n|turn|44\n|\n|t:|1721817134\n|cant|p1a: Basculin|slp\n|move|p2a: Breloom|Bullet Seed|p1a: Basculin\n|-supereffective|p1a: Basculin\n|-damage|p1a: Basculin|0 fnt\n|faint|p1a: Basculin\n|-hitcount|p1: Basculin|1\n|-damage|p2a: Breloom|54/233|[from] item: Life Orb\n|\n|upkeep\n|\n|t:|1721817151\n|switch|p1a: Uxie|Uxie, L83|46/260\n|-damage|p1a: Uxie|14/260|[from] Stealth Rock\n|turn|45\n|\n|t:|1721817160\n|move|p2a: Breloom|Mach Punch|p1a: Uxie\n|-resisted|p1a: Uxie\n|-damage|p1a: Uxie|0 fnt\n|faint|p1a: Uxie\n|-damage|p2a: Breloom|31/233|[from] item: Life Orb\n|\n|upkeep\n|\n|t:|1721817162\n|switch|p1a: Mimikyu|Mimikyu, L79, F|162/216\n|-damage|p1a: Mimikyu|135/216|[from] Stealth Rock\n|-activate|p1a: Mimikyu|move: Sticky Web\n|-unboost|p1a: Mimikyu|spe|1\n|turn|46\n|\n|t:|1721817170\n|move|p1a: Mimikyu|Shadow Sneak|p2a: Breloom\n|-damage|p2a: Breloom|0 fnt\n|faint|p2a: Breloom\n|-damage|p1a: Mimikyu|114/216|[from] item: Life Orb\n|\n|upkeep\n|\n|t:|1721817172\n|switch|p2a: Iron Jugulis|Iron Jugulis, L78|143/275\n|turn|47\n|\n|t:|1721817177\n|-terastallize|p2a: Iron Jugulis|Ground\n|move|p2a: Iron Jugulis|Dark Pulse|p1a: Mimikyu\n|-activate|p1a: Mimikyu|ability: Disguise\n|-damage|p1a: Mimikyu|114/216\n|detailschange|p1a: Mimikyu|Mimikyu-Busted, L79, F\n|-damage|p1a: Mimikyu|87/216|[from] pokemon: Mimikyu-Busted\n|move|p1a: Mimikyu|Play Rough|p2a: Iron Jugulis\n|-damage|p2a: Iron Jugulis|26/275\n|-damage|p1a: Mimikyu|66/216|[from] item: Life Orb\n|\n|upkeep\n|turn|48\n|\n|t:|1721817187\n|move|p1a: Mimikyu|Shadow Sneak|p2a: Iron Jugulis\n|-damage|p2a: Iron Jugulis|0 fnt\n|faint|p2a: Iron Jugulis\n|-end|p2a: Iron Jugulis|Quark Drive|[silent]\n|-damage|p1a: Mimikyu|45/216|[from] item: Life Orb\n|\n|win|fearlessgod\n|raw|fearlessgod's rating: 2319 &rarr; <strong>2336</strong><br />(+17 for winning)\n|raw|benji9292's rating: 2265 &rarr; <strong>2248</strong><br />(-17 for losing)\n|l|\u2606benji9292\n|player|p2|\n|c|\u2606fearlessgod|ez for daddy\n", "inputlog": ">version 16d9ffe07e6bc8e4f1c17d5198fc9cfb3141ab0a\n>start {\"formatid\":\"gen9randombattle\",\"seed\":[56161,12608,63292,24527],\"rated\":\"Rated battle\"}\n>player p1 {\"name\":\"fearlessgod\",\"avatar\":\"caitlin\",\"rating\":2319,\"seed\":[62821,12324,32128,17722]}\n>player p2 {\"name\":\"benji9292\",\"avatar\":\"266\",\"rating\":2265,\"seed\":[20808,36655,43740,47140]}\n>p1 switch 5\n>p2 move stealthrock\n>p1 move dragondance\n>p2 switch 5\n>p1 switch 2\n>p2 move triattack\n>p1 move irondefense\n>p2 switch 2\n>p1 move bodypress terastallize\n>p2 move stickyweb\n>p1 move bodypress\n>p2 move hydropump\n>p2 switch 4\n>p1 move bodypress\n>p2 move dragontail\n>p1 move swordsdance\n>p2 switch 5\n>p1 switch 2\n>p2 move voltswitch\n>p2 switch 6\n>p1 switch 4\n>p2 move earthpower\n>p1 move voltswitch\n>p2 switch 3\n>p1 switch 4\n>p1 move heatcrash\n>p2 switch 3\n>p1 switch 4\n>p2 move earthpower\n>p1 switch 6\n>p1 move stealthrock\n>p2 switch 6\n>p1 move uturn\n>p2 move rapidspin\n>p1 switch 2\n>p1 switch 4\n>p2 move ironhead\n>p1 move dragondance\n>p2 switch 2\n>p1 move heatcrash\n>p2 move triattack\n>p1 move heatcrash\n>p2 move recover\n>p1 move heatcrash\n>p2 move recover\n>p1 move heatcrash\n>p2 move recover\n>p1 move heatcrash\n>p2 move recover\n>p1 move heatcrash\n>p2 move recover\n>p1 move heatcrash\n>p2 move recover\n>p1 move heatcrash\n>p2 move recover\n>p1 move heatcrash\n>p2 move triattack\n>p1 switch 2\n>p1 move uturn\n>p2 switch 2\n>p1 switch 5\n>p1 move bodypress\n>p2 move rapidspin\n>p1 move bodypress\n>p2 move voltswitch\n>p2 switch 5\n>p1 move heavyslam\n>p2 move sludgewave\n>p2 switch 3\n>p1 move bodypress\n>p2 move bulletseed\n>p1 switch 5\n>p1 move psychicnoise\n>p2 switch 5\n>p1 move uturn\n>p2 move ironhead\n>p1 switch 3\n>p1 move wavecrash\n>p2 switch 2\n>p2 switch 5\n>p1 switch 3\n>p2 move spore\n>p1 move psychicnoise\n>p2 move bulletseed\n>p1 move psychicnoise\n>p2 switch 2\n>p1 move stealthrock\n>p2 move rapidspin\n>p1 move stealthrock\n>p2 move rapidspin\n>p1 move psychicnoise\n>p2 move rapidspin\n>p1 switch 3\n>p2 move ironhead\n>p1 move aquajet\n>p2 move voltswitch\n>p2 switch 2\n>p1 move aquajet\n>p2 move spore\n>p1 move aquajet\n>p2 move bulletseed\n>p1 switch 3\n>p1 move uturn\n>p2 move machpunch\n>p1 switch 4\n>p1 move shadowsneak\n>p2 move bulletseed\n>p2 switch 6\n>p1 move playrough\n>p2 move darkpulse terastallize\n>p1 move shadowsneak\n>p2 move darkpulse", "uploadtime": 1721817193, "views": 144, "formatid": "gen9randombattle", "rating": 2248, "private": 0, "password": null}