{"id": "gen9randombattle-2110339780", "format": "[Gen 9] Random Battle", "players": ["Ace_yt23", "Lucius Artor"], "log": "|badge|p1|bronze|gen9randombattle|100-1\n|uhtml|medal-msg|<div class=\"broadcast-blue\">Curious what those medals under the avatar are? PS now has Ladder Seasons! For more information, check out the <a href=\"https://www.smogon.com/forums/threads/3740067/\">thread on Smogon.</a></div>\n|badge|p2|silver|gen9randombattle|30-1\n|uhtml|medal-msg|<div class=\"broadcast-blue\">Curious what those medals under the avatar are? PS now has Ladder Seasons! For more information, check out the <a href=\"https://www.smogon.com/forums/threads/3740067/\">thread on Smogon.</a></div>\n|j|\u2606Ace_yt23\n|j|\u2606Lucius Artor\n|t:|1713942195\n|gametype|singles\n|player|p1|Ace_yt23|hilda|2395\n|player|p2|Lucius Artor|sonia-masters|2489\n|teamsize|p1|6\n|teamsize|p2|6\n|gen|9\n|tier|[Gen 9] Random Battle\n|rated|\n|rule|Species Clause: Limit one of each Pok\u00e9mon\n|rule|HP Percentage Mod: HP is shown in percentages\n|rule|Sleep Clause Mod: Limit one foe put to sleep\n|rule|Illusion Level Mod: Illusion disguises the Pok\u00e9mon's true level\n|\n|t:|1713942195\n|start\n|switch|p1a: Gallade|Gallade, L82, M|246/246\n|switch|p2a: Hariyama|Hariyama, L87, F|392/392\n|turn|1\n|inactive|Battle timer is ON: inactive players will automatically lose when time's up. (requested by Ace_yt23)\n|inactive|Lucius Artor also wants the timer to be on.\n|\n|t:|1713942207\n|switch|p2a: Mew|Mew, L82|298/298\n|move|p1a: Gallade|Psycho Cut|p2a: Mew\n|-resisted|p2a: Mew\n|-damage|p2a: Mew|224/298\n|-damage|p1a: Gallade|222/246|[from] item: Life Orb\n|\n|-heal|p2a: Mew|242/298|[from] item: Leftovers\n|upkeep\n|turn|2\n|\n|t:|1713942212\n|switch|p1a: Chandelure|Chandelure, L83, F|235/235\n|move|p2a: Mew|Stealth Rock|p1a: Chandelure\n|-sidestart|p1: Ace_yt23|move: Stealth Rock\n|\n|-heal|p2a: Mew|260/298|[from] item: Leftovers\n|upkeep\n|turn|3\n|\n|t:|1713942216\n|move|p2a: Mew|Knock Off|p1a: Chandelure\n|-supereffective|p1a: Chandelure\n|-damage|p1a: Chandelure|107/235\n|-enditem|p1a: Chandelure|Heavy-Duty Boots|[from] move: Knock Off|[of] p2a: Mew\n|move|p1a: Chandelure|Shadow Ball|p2a: Mew\n|-supereffective|p2a: Mew\n|-damage|p2a: Mew|62/298\n|\n|-heal|p2a: Mew|80/298|[from] item: Leftovers\n|upkeep\n|turn|4\n|\n|t:|1713942223\n|switch|p2a: Iron Jugulis|Iron Jugulis, L78|275/275\n|move|p1a: Chandelure|Fire Blast|p2a: Iron Jugulis\n|-crit|p2a: Iron Jugulis\n|-damage|p2a: Iron Jugulis|0 fnt\n|faint|p2a: Iron Jugulis\n|-end|p2a: Iron Jugulis|Quark Drive|[silent]\n|\n|upkeep\n|\n|t:|1713942229\n|switch|p2a: Magnezone|Magnezone, L85|258/258\n|turn|5\n|\n|t:|1713942234\n|switch|p1a: Quagsire|Quagsire, L84, M|297/297\n|-damage|p1a: Quagsire|279/297|[from] Stealth Rock\n|move|p2a: Magnezone|Thunderbolt|p1a: Quagsire\n|-immune|p1a: Quagsire\n|\n|-heal|p1a: Quagsire|297/297|[from] item: Leftovers\n|upkeep\n|turn|6\n|\n|t:|1713942238\n|switch|p2a: Mew|Mew, L82|80/298\n|move|p1a: Quagsire|Spikes|p2a: Mew\n|-sidestart|p2: Lucius Artor|Spikes\n|\n|-heal|p2a: Mew|98/298|[from] item: Leftovers\n|upkeep\n|turn|7\n|\n|t:|1713942244\n|move|p2a: Mew|Will-O-Wisp|p1a: Quagsire\n|-status|p1a: Quagsire|brn\n|move|p1a: Quagsire|Spikes|p2a: Mew\n|-sidestart|p2: Lucius Artor|Spikes\n|\n|-heal|p2a: Mew|116/298|[from] item: Leftovers\n|-damage|p1a: Quagsire|279/297 brn|[from] brn\n|upkeep\n|turn|8\n|\n|t:|1713942251\n|move|p2a: Mew|Knock Off|p1a: Quagsire\n|-damage|p1a: Quagsire|209/297 brn\n|-enditem|p1a: Quagsire|Leftovers|[from] move: Knock Off|[of] p2a: Mew\n|move|p1a: Quagsire|Earthquake|p2a: Mew\n|-damage|p2a: Mew|69/298\n|\n|-heal|p2a: Mew|87/298|[from] item: Leftovers\n|-damage|p1a: Quagsire|191/297 brn|[from] brn\n|upkeep\n|turn|9\n|\n|t:|1713942265\n|move|p2a: Mew|Psychic|p1a: Quagsire\n|-damage|p1a: Quagsire|67/297 brn\n|move|p1a: Quagsire|Spikes|p2a: Mew\n|-sidestart|p2: Lucius Artor|Spikes\n|\n|-heal|p2a: Mew|105/298|[from] item: Leftovers\n|-damage|p1a: Quagsire|49/297 brn|[from] brn\n|upkeep\n|turn|10\n|j| habanerochips9\n|\n|t:|1713942269\n|move|p2a: Mew|Psychic|p1a: Quagsire\n|-damage|p1a: Quagsire|0 fnt\n|faint|p1a: Quagsire\n|\n|-heal|p2a: Mew|123/298|[from] item: Leftovers\n|upkeep\n|\n|t:|1713942276\n|switch|p1a: Ludicolo|Ludicolo, L90, F|290/290\n|-damage|p1a: Ludicolo|254/290|[from] Stealth Rock\n|turn|11\n|\n|t:|1713942280\n|move|p2a: Mew|Knock Off|p1a: Ludicolo\n|-damage|p1a: Ludicolo|182/290\n|-enditem|p1a: Ludicolo|Choice Specs|[from] move: Knock Off|[of] p2a: Mew\n|move|p1a: Ludicolo|Giga Drain|p2a: Mew\n|-damage|p2a: Mew|42/298\n|-heal|p1a: Ludicolo|223/290|[from] drain|[of] p2a: Mew\n|\n|-heal|p2a: Mew|60/298|[from] item: Leftovers\n|upkeep\n|turn|12\n|\n|t:|1713942288\n|move|p2a: Mew|Psychic|p1a: Ludicolo\n|-damage|p1a: Ludicolo|138/290\n|move|p1a: Ludicolo|Giga Drain|p2a: Mew\n|-damage|p2a: Mew|0 fnt\n|-heal|p1a: Ludicolo|168/290|[from] drain|[of] p2a: Mew\n|faint|p2a: Mew\n|\n|upkeep\n|\n|t:|1713942297\n|switch|p2a: Arceus|Arceus-Electric, L69|280/280\n|-damage|p2a: Arceus|210/280|[from] Spikes\n|turn|13\n|\n|t:|1713942301\n|move|p2a: Arceus|Calm Mind|p2a: Arceus\n|-boost|p2a: Arceus|spa|1\n|-boost|p2a: Arceus|spd|1\n|move|p1a: Ludicolo|Hydro Pump|p2a: Arceus|[miss]\n|-miss|p1a: Ludicolo|p2a: Arceus\n|\n|upkeep\n|turn|14\n|\n|t:|1713942306\n|switch|p1a: Donphan|Donphan, L84, M|288/288\n|-damage|p1a: Donphan|270/288|[from] Stealth Rock\n|move|p2a: Arceus|Calm Mind|p2a: Arceus\n|-boost|p2a: Arceus|spa|1\n|-boost|p2a: Arceus|spd|1\n|\n|-heal|p1a: Donphan|288/288|[from] item: Leftovers\n|upkeep\n|turn|15\n|\n|t:|1713942312\n|-terastallize|p2a: Arceus|Ice\n|move|p2a: Arceus|Ice Beam|p1a: Donphan\n|-supereffective|p1a: Donphan\n|-ability|p1a: Donphan|Sturdy\n|-damage|p1a: Donphan|1/288\n|move|p1a: Donphan|Earthquake|p2a: Arceus\n|-damage|p2a: Arceus|86/280\n|\n|-heal|p1a: Donphan|19/288|[from] item: Leftovers\n|upkeep\n|turn|16\n|\n|t:|1713942320\n|move|p2a: Arceus|Ice Beam|p1a: Donphan\n|-supereffective|p1a: Donphan\n|-damage|p1a: Donphan|0 fnt\n|faint|p1a: Donphan\n|\n|upkeep\n|\n|t:|1713942323\n|switch|p1a: Gallade|Gallade, L82, M|222/246\n|-damage|p1a: Gallade|207/246|[from] Stealth Rock\n|turn|17\n|\n|t:|1713942327\n|move|p2a: Arceus|Judgment|p1a: Gallade\n|-damage|p1a: Gallade|44/246\n|move|p1a: Gallade|Agility|p1a: Gallade\n|-boost|p1a: Gallade|spe|2\n|\n|upkeep\n|turn|18\n|\n|t:|1713942337\n|move|p1a: Gallade|Psycho Cut|p2a: Arceus\n|-damage|p2a: Arceus|0 fnt\n|faint|p2a: Arceus\n|-damage|p1a: Gallade|20/246|[from] item: Life Orb\n|\n|upkeep\n|\n|t:|1713942341\n|switch|p2a: Eiscue|Eiscue, L87, M|272/272\n|-damage|p2a: Eiscue|204/272|[from] Spikes\n|turn|19\n|\n|t:|1713942346\n|switch|p1a: Ludicolo|Ludicolo, L90, F|168/290\n|-damage|p1a: Ludicolo|132/290|[from] Stealth Rock\n|move|p2a: Eiscue|Substitute|p2a: Eiscue\n|-start|p2a: Eiscue|Substitute\n|-damage|p2a: Eiscue|136/272\n|\n|upkeep\n|turn|20\n|\n|t:|1713942357\n|move|p1a: Ludicolo|Giga Drain|p2a: Eiscue\n|-end|p2a: Eiscue|Substitute\n|-heal|p1a: Ludicolo|166/290|[from] drain|[of] p2a: Eiscue\n|move|p2a: Eiscue|Ice Spinner|p1a: Ludicolo\n|-damage|p1a: Ludicolo|73/290\n|\n|upkeep\n|turn|21\n|\n|t:|1713942360\n|move|p1a: Ludicolo|Giga Drain|p2a: Eiscue\n|-crit|p2a: Eiscue\n|-damage|p2a: Eiscue|1/272\n|-heal|p1a: Ludicolo|141/290|[from] drain|[of] p2a: Eiscue\n|-enditem|p2a: Eiscue|Salac Berry|[eat]\n|-boost|p2a: Eiscue|spe|1|[from] item: Salac Berry\n|move|p2a: Eiscue|Ice Spinner|p1a: Ludicolo\n|-damage|p1a: Ludicolo|62/290\n|\n|upkeep\n|turn|22\n|\n|t:|1713942364\n|move|p2a: Eiscue|Ice Spinner|p1a: Ludicolo\n|-damage|p1a: Ludicolo|0 fnt\n|faint|p1a: Ludicolo\n|\n|upkeep\n|\n|t:|1713942366\n|switch|p1a: Porygon2|Porygon2, L82|274/274\n|-damage|p1a: Porygon2|240/274|[from] Stealth Rock\n|-ability|p1a: Porygon2|Download|boost\n|-boost|p1a: Porygon2|spa|1\n|turn|23\n|\n|t:|1713942373\n|move|p2a: Eiscue|Ice Spinner|p1a: Porygon2\n|-damage|p1a: Porygon2|188/274\n|move|p1a: Porygon2|Tera Blast|p2a: Eiscue\n|-damage|p2a: Eiscue|0 fnt\n|faint|p2a: Eiscue\n|\n|upkeep\n|\n|t:|1713942375\n|switch|p2a: Hariyama|Hariyama, L87, F|392/392\n|-damage|p2a: Hariyama|294/392|[from] Spikes\n|turn|24\n|\n|t:|1713942380\n|switch|p1a: Gallade|Gallade, L82, M|20/246\n|-damage|p1a: Gallade|5/246|[from] Stealth Rock\n|move|p2a: Hariyama|Knock Off|p1a: Gallade\n|-damage|p1a: Gallade|0 fnt\n|-enditem|p1a: Gallade|Life Orb|[from] move: Knock Off|[of] p2a: Hariyama\n|faint|p1a: Gallade\n|\n|upkeep\n|j| Down2Psyduck\n|\n|t:|1713942390\n|switch|p1a: Porygon2|Porygon2, L82|188/274\n|-damage|p1a: Porygon2|154/274|[from] Stealth Rock\n|-ability|p1a: Porygon2|Download|boost\n|-boost|p1a: Porygon2|spa|1\n|turn|25\n|\n|t:|1713942394\n|-terastallize|p1a: Porygon2|Fighting\n|move|p1a: Porygon2|Thunder Wave|p2a: Hariyama\n|-status|p2a: Hariyama|par\n|move|p2a: Hariyama|Knock Off|p1a: Porygon2\n|-resisted|p1a: Porygon2\n|-damage|p1a: Porygon2|126/274\n|-enditem|p1a: Porygon2|Eviolite|[from] move: Knock Off|[of] p2a: Hariyama\n|\n|upkeep\n|turn|26\n|\n|t:|1713942400\n|move|p1a: Porygon2|Recover|p1a: Porygon2\n|-heal|p1a: Porygon2|263/274\n|move|p2a: Hariyama|Close Combat|p1a: Porygon2\n|-damage|p1a: Porygon2|106/274\n|-unboost|p2a: Hariyama|def|1\n|-unboost|p2a: Hariyama|spd|1\n|\n|upkeep\n|turn|27\n|\n|t:|1713942403\n|move|p1a: Porygon2|Recover|p1a: Porygon2\n|-heal|p1a: Porygon2|243/274\n|move|p2a: Hariyama|Close Combat|p1a: Porygon2\n|-damage|p1a: Porygon2|78/274\n|-unboost|p2a: Hariyama|def|1\n|-unboost|p2a: Hariyama|spd|1\n|\n|upkeep\n|turn|28\n|c|\u2606Ace_yt23|come on pls get para\n|\n|t:|1713942418\n|move|p1a: Porygon2|Recover|p1a: Porygon2\n|-heal|p1a: Porygon2|215/274\n|cant|p2a: Hariyama|par\n|\n|upkeep\n|turn|29\n|\n|t:|1713942422\n|move|p1a: Porygon2|Tera Blast|p2a: Hariyama|[anim] Tera Blast Fighting\n|-damage|p2a: Hariyama|95/392 par\n|cant|p2a: Hariyama|par\n|\n|upkeep\n|turn|30\n|\n|t:|1713942426\n|move|p1a: Porygon2|Tera Blast|p2a: Hariyama|[anim] Tera Blast Fighting\n|-damage|p2a: Hariyama|0 fnt\n|faint|p2a: Hariyama\n|\n|upkeep\n|c|\u2606Ace_yt23|YES\n|\n|t:|1713942429\n|switch|p2a: Magnezone|Magnezone, L85|258/258\n|-damage|p2a: Magnezone|194/258|[from] Spikes\n|turn|31\n|c|\u2606Ace_yt23|is it scarf??\n|\n|t:|1713942435\n|move|p2a: Magnezone|Thunderbolt|p1a: Porygon2\n|-crit|p1a: Porygon2\n|-damage|p1a: Porygon2|34/274\n|-status|p1a: Porygon2|par\n|move|p1a: Porygon2|Recover|p1a: Porygon2\n|-heal|p1a: Porygon2|171/274 par\n|\n|upkeep\n|turn|32\n|\n|t:|1713942439\n|move|p2a: Magnezone|Thunderbolt|p1a: Porygon2\n|-damage|p1a: Porygon2|57/274 par\n|move|p1a: Porygon2|Recover|p1a: Porygon2\n|-heal|p1a: Porygon2|194/274 par\n|\n|upkeep\n|turn|33\n|\n|t:|1713942442\n|move|p2a: Magnezone|Thunderbolt|p1a: Porygon2\n|-damage|p1a: Porygon2|71/274 par\n|cant|p1a: Porygon2|par\n|\n|upkeep\n|turn|34\n|c| habanerochips9|oh?\n|c|\u2606Lucius Artor|u chocked\n|c|\u2606Ace_yt23|yeah\n|c|\u2606Lucius Artor|for no reason\n|c|\u2606Lucius Artor|im scarf\n|c|\u2606Ace_yt23|true\n|\n|t:|1713942459\n|move|p2a: Magnezone|Thunderbolt|p1a: Porygon2\n|-damage|p1a: Porygon2|0 fnt\n|faint|p1a: Porygon2\n|\n|upkeep\n|\n|t:|1713942460\n|switch|p1a: Chandelure|Chandelure, L83, F|107/235\n|-damage|p1a: Chandelure|49/235|[from] Stealth Rock\n|turn|35\n|c|\u2606Lucius Artor|even if im av\n|c|\u2606Ace_yt23|totally my bad\n|c|\u2606Lucius Artor|chande kills me\n|\n|t:|1713942471\n|move|p2a: Magnezone|Thunderbolt|p1a: Chandelure\n|-damage|p1a: Chandelure|0 fnt\n|faint|p1a: Chandelure\n|\n|win|Lucius Artor\n|raw|Ace_yt23's rating: 2395 &rarr; <strong>2380</strong><br />(-15 for losing)\n|raw|Lucius Artor's rating: 2489 &rarr; <strong>2504</strong><br />(+15 for winning)\n|l| Down2Psyduck\n|l|\u2606Ace_yt23\n|player|p1|\n|l|\u2606Lucius Artor\n|player|p2|\n", "inputlog": ">version 56c3b69fcd3b113ffc796eb8c36c032ea017d75b\n>start {\"formatid\":\"gen9randombattle\",\"seed\":[62000,39676,9542,35930],\"rated\":\"Rated battle\"}\n>player p1 {\"name\":\"Ace_yt23\",\"avatar\":\"hilda\",\"rating\":2395,\"seed\":[34384,1516,1616,36468]}\n>player p2 {\"name\":\"Lucius Artor\",\"avatar\":\"sonia-masters\",\"rating\":2489,\"seed\":[47762,43757,34809,17905]}\n>p1 move psychocut\n>p2 switch 3\n>p1 switch 6\n>p2 move stealthrock\n>p1 move shadowball\n>p2 move knockoff\n>p1 move fireblast\n>p2 switch 2\n>p2 switch 4\n>p1 switch 2\n>p2 move thunderbolt\n>p1 move spikes\n>p2 switch 2\n>p1 move spikes\n>p2 move willowisp\n>p1 move earthquake\n>p2 move knockoff\n>p1 move spikes\n>p2 move psychic\n>p1 move icebeam\n>p2 move psychic\n>p1 switch 4\n>p1 move gigadrain\n>p2 move knockoff\n>p1 move gigadrain\n>p2 move psychic\n>p2 switch 6\n>p1 move hydropump\n>p2 move calmmind\n>p1 switch 5\n>p2 move calmmind\n>p1 move earthquake\n>p2 move icebeam terastallize\n>p1 move earthquake\n>p2 move icebeam\n>p1 switch 6\n>p1 move agility\n>p2 move judgment\n>p1 move psychocut\n>p2 move judgment\n>p2 switch 5\n>p1 switch 5\n>p2 move substitute\n>p1 move gigadrain\n>p2 move icespinner\n>p1 move gigadrain\n>p2 move icespinner\n>p1 move gigadrain\n>p2 move icespinner\n>p1 switch 3\n>p1 move terablast\n>p2 move icespinner\n>p2 switch 3\n>p1 switch 5\n>p2 move knockoff\n>p1 switch 5\n>p1 move thunderwave terastallize\n>p2 move knockoff\n>p1 move recover\n>p2 move closecombat\n>p1 move recover\n>p2 move closecombat\n>chat \u2606Ace_yt23|come on pls get para\n>p1 move recover\n>p2 move closecombat\n>p1 move terablast\n>p2 move closecombat\n>p1 move terablast\n>p2 move closecombat\n>chat \u2606Ace_yt23|YES\n>p2 switch 2\n>chat \u2606Ace_yt23|is it scarf??\n>p1 move recover\n>p2 move thunderbolt\n>p1 move recover\n>p2 move thunderbolt\n>p1 move terablast\n>p2 move thunderbolt\n>chat  habanerochips9|oh?\n>chat \u2606Lucius Artor|u chocked\n>chat \u2606Ace_yt23|yeah\n>chat \u2606Lucius Artor|for no reason\n>chat \u2606Lucius Artor|im scarf\n>chat \u2606Ace_yt23|true\n>p1 move terablast\n>p2 move thunderbolt\n>p1 switch 2\n>chat \u2606Lucius Artor|even if im av\n>chat \u2606Ace_yt23|totally my bad\n>chat \u2606Lucius Artor|chande kills me\n>p1 move fireblast\n>p2 move thunderbolt", "uploadtime": 1713942515, "views": 245, "formatid": "gen9randombattle", "rating": 2380, "private": 0, "password": null}