{"id": "gen9randombattle-2260777848", "format": "[Gen 9] Random Battle", "players": ["testbug423", "Clack Volley"], "log": "|j|\u2606testbug423\n|j|\u2606Clack Volley\n|t:|1733890582\n|gametype|singles\n|player|p1|testbug423|1|1644\n|player|p2|Clack Volley|gambler|1646\n|teamsize|p1|6\n|teamsize|p2|6\n|gen|9\n|tier|[Gen 9] Random Battle\n|rated|\n|rule|Species Clause: Limit one of each Pok\u00e9mon\n|rule|HP Percentage Mod: HP is shown in percentages\n|rule|Sleep Clause Mod: Limit one foe put to sleep\n|rule|Illusion Level Mod: Illusion disguises the Pok\u00e9mon's true level\n|\n|t:|1733890582\n|start\n|switch|p1a: Frosmoth|Frosmoth, L82, M|249/249\n|switch|p2a: Mamoswine|Mamoswine, L81, M|311/311\n|turn|1\n|\n|t:|1733890596\n|switch|p2a: Volbeat|Volbeat, L90, M|263/263\n|move|p1a: Frosmoth|Quiver Dance|p1a: Frosmoth\n|-boost|p1a: Frosmoth|spa|1\n|-boost|p1a: Frosmoth|spd|1\n|-boost|p1a: Frosmoth|spe|1\n|\n|upkeep\n|turn|2\n|\n|t:|1733890602\n|switch|p1a: Hatterene|Hatterene, L85, F|236/236\n|move|p2a: Volbeat|Encore|p1a: Hatterene\n|move|p1a: Hatterene|Encore||[from]ability: Magic Bounce|[still]\n|-fail|p1a: Hatterene\n|\n|upkeep\n|turn|3\n|\n|t:|1733890615\n|switch|p2a: Mamoswine|Mamoswine, L81, M|311/311\n|switch|p1a: Vaporeon|Vaporeon, L86, M|364/364\n|\n|upkeep\n|turn|4\n|\n|t:|1733890622\n|switch|p2a: Dedenne|Dedenne, L88, F|261/261\n|move|p1a: Vaporeon|Flip Turn|p2a: Dedenne\n|-damage|p2a: Dedenne|197/261\n|\n|t:|1733890630\n|switch|p1a: Oranguru|Oranguru, L92, F|315/315|[from] Flip Turn\n|\n|upkeep\n|turn|5\n|\n|t:|1733890634\n|move|p2a: Dedenne|Nuzzle|p1a: Oranguru\n|-damage|p1a: Oranguru|297/315\n|-status|p1a: Oranguru|par\n|move|p1a: Oranguru|Nasty Plot|p1a: Oranguru\n|-boost|p1a: Oranguru|spa|2\n|\n|-heal|p1a: Oranguru|315/315 par|[from] item: Leftovers\n|upkeep\n|turn|6\n|inactive|Battle timer is ON: inactive players will automatically lose when time's up. (requested by testbug423)\n|\n|t:|1733890641\n|switch|p2a: Quagsire|Quagsire, L84, F|297/297\n|move|p1a: Oranguru|Psyshock|p2a: Quagsire\n|-damage|p2a: Quagsire|195/297\n|\n|-heal|p2a: Quagsire|213/297|[from] item: Leftovers\n|upkeep\n|turn|7\n|\n|t:|1733890648\n|switch|p1a: Tsareena|Tsareena, L87, F|267/267\n|move|p2a: Quagsire|Earthquake|p1a: Tsareena\n|-resisted|p1a: Tsareena\n|-damage|p1a: Tsareena|228/267\n|\n|-heal|p2a: Quagsire|231/297|[from] item: Leftovers\n|upkeep\n|turn|8\n|\n|t:|1733890656\n|switch|p2a: Dedenne|Dedenne, L88, F|197/261\n|move|p1a: Tsareena|U-turn|p2a: Dedenne\n|-resisted|p2a: Dedenne\n|-damage|p2a: Dedenne|156/261\n|\n|t:|1733890662\n|switch|p1a: Oranguru|Oranguru, L92, F|315/315 par|[from] U-turn\n|\n|upkeep\n|turn|9\n|\n|t:|1733890666\n|switch|p2a: Quagsire|Quagsire, L84, F|231/297\n|switch|p1a: Tsareena|Tsareena, L87, F|228/267\n|\n|-heal|p2a: Quagsire|249/297|[from] item: Leftovers\n|upkeep\n|turn|10\n|\n|t:|1733890669\n|switch|p2a: Dedenne|Dedenne, L88, F|156/261\n|move|p1a: Tsareena|Power Whip|p2a: Dedenne\n|-damage|p2a: Dedenne|0 fnt\n|faint|p2a: Dedenne\n|\n|upkeep\n|\n|t:|1733890672\n|switch|p2a: Volbeat|Volbeat, L90, M|263/263\n|turn|11\n|\n|t:|1733890681\n|switch|p1a: Vaporeon|Vaporeon, L86, M|364/364\n|move|p2a: Volbeat|Lunge|p1a: Vaporeon\n|-damage|p1a: Vaporeon|255/364\n|-unboost|p1a: Vaporeon|atk|1\n|\n|-heal|p1a: Vaporeon|277/364|[from] item: Leftovers\n|upkeep\n|turn|12\n|\n|t:|1733890688\n|switch|p2a: Mamoswine|Mamoswine, L81, M|311/311\n|switch|p1a: Hatterene|Hatterene, L85, F|236/236\n|\n|upkeep\n|turn|13\n|\n|t:|1733890694\n|switch|p1a: Vaporeon|Vaporeon, L86, M|277/364\n|move|p2a: Mamoswine|Icicle Crash|p1a: Vaporeon\n|-resisted|p1a: Vaporeon\n|-damage|p1a: Vaporeon|177/364\n|\n|-heal|p1a: Vaporeon|199/364|[from] item: Leftovers\n|upkeep\n|turn|14\n|\n|t:|1733890701\n|move|p1a: Vaporeon|Protect|p1a: Vaporeon\n|-singleturn|p1a: Vaporeon|Protect\n|move|p2a: Mamoswine|Icicle Crash|p1a: Vaporeon\n|-activate|p1a: Vaporeon|move: Protect\n|\n|-heal|p1a: Vaporeon|221/364|[from] item: Leftovers\n|upkeep\n|turn|15\n|\n|t:|1733890705\n|switch|p2a: Volbeat|Volbeat, L90, M|263/263\n|move|p1a: Vaporeon|Wish|p1a: Vaporeon\n|\n|-heal|p1a: Vaporeon|243/364|[from] item: Leftovers\n|upkeep\n|turn|16\n|\n|t:|1733890708\n|move|p1a: Vaporeon|Protect|p1a: Vaporeon\n|-singleturn|p1a: Vaporeon|Protect\n|move|p2a: Volbeat|Lunge|p1a: Vaporeon\n|-activate|p1a: Vaporeon|move: Protect\n|\n|-heal|p1a: Vaporeon|364/364|[from] move: Wish|[wisher] Vaporeon\n|upkeep\n|turn|17\n|\n|t:|1733890714\n|move|p1a: Vaporeon|Protect|p1a: Vaporeon\n|-singleturn|p1a: Vaporeon|Protect\n|move|p2a: Volbeat|Thunder Wave|p1a: Vaporeon\n|-activate|p1a: Vaporeon|move: Protect\n|\n|upkeep\n|turn|18\n|\n|t:|1733890721\n|move|p2a: Volbeat|Lunge|p1a: Vaporeon\n|-damage|p1a: Vaporeon|267/364\n|-unboost|p1a: Vaporeon|atk|1\n|move|p1a: Vaporeon|Scald|p2a: Volbeat\n|-damage|p2a: Volbeat|161/263\n|-status|p2a: Volbeat|brn\n|\n|-heal|p1a: Vaporeon|289/364|[from] item: Leftovers\n|-damage|p2a: Volbeat|145/263 brn|[from] brn\n|upkeep\n|turn|19\n|\n|t:|1733890733\n|switch|p1a: Oranguru|Oranguru, L92, F|315/315 par\n|move|p2a: Volbeat|Thunder Wave|p1a: Oranguru\n|-fail|p1a: Oranguru|par\n|\n|-damage|p2a: Volbeat|129/263 brn|[from] brn\n|upkeep\n|turn|20\n|\n|t:|1733890739\n|switch|p1a: Vaporeon|Vaporeon, L86, M|289/364\n|move|p2a: Volbeat|Lunge|p1a: Vaporeon\n|-damage|p1a: Vaporeon|235/364\n|-unboost|p1a: Vaporeon|atk|1\n|\n|-heal|p1a: Vaporeon|257/364|[from] item: Leftovers\n|-damage|p2a: Volbeat|113/263 brn|[from] brn\n|upkeep\n|turn|21\n|\n|t:|1733890745\n|move|p2a: Volbeat|Roost|p2a: Volbeat\n|-heal|p2a: Volbeat|245/263 brn\n|-singleturn|p2a: Volbeat|move: Roost\n|move|p1a: Vaporeon|Scald|p2a: Volbeat\n|-damage|p2a: Volbeat|149/263 brn\n|\n|-heal|p1a: Vaporeon|279/364|[from] item: Leftovers\n|-damage|p2a: Volbeat|133/263 brn|[from] brn\n|upkeep\n|turn|22\n|\n|t:|1733890752\n|switch|p1a: Oranguru|Oranguru, L92, F|315/315 par\n|move|p2a: Volbeat|Roost|p2a: Volbeat\n|-heal|p2a: Volbeat|263/263 brn\n|-singleturn|p2a: Volbeat|move: Roost\n|\n|-damage|p2a: Volbeat|247/263 brn|[from] brn\n|upkeep\n|turn|23\n|\n|t:|1733890778\n|move|p2a: Volbeat|Lunge|p1a: Oranguru\n|-supereffective|p1a: Oranguru\n|-damage|p1a: Oranguru|234/315 par\n|-unboost|p1a: Oranguru|atk|1\n|move|p1a: Oranguru|Psyshock|p2a: Volbeat\n|-crit|p2a: Volbeat\n|-damage|p2a: Volbeat|99/263 brn\n|\n|-heal|p1a: Oranguru|253/315 par|[from] item: Leftovers\n|-damage|p2a: Volbeat|83/263 brn|[from] brn\n|upkeep\n|turn|24\n|\n|t:|1733890788\n|move|p2a: Volbeat|Roost|p2a: Volbeat\n|-heal|p2a: Volbeat|215/263 brn\n|-singleturn|p2a: Volbeat|move: Roost\n|move|p1a: Oranguru|Psyshock|p2a: Volbeat\n|-damage|p2a: Volbeat|110/263 brn\n|\n|-heal|p1a: Oranguru|272/315 par|[from] item: Leftovers\n|-damage|p2a: Volbeat|94/263 brn|[from] brn\n|upkeep\n|turn|25\n|\n|t:|1733890792\n|move|p2a: Volbeat|Roost|p2a: Volbeat\n|-heal|p2a: Volbeat|226/263 brn\n|-singleturn|p2a: Volbeat|move: Roost\n|move|p1a: Oranguru|Psyshock|p2a: Volbeat\n|-damage|p2a: Volbeat|121/263 brn\n|\n|-heal|p1a: Oranguru|291/315 par|[from] item: Leftovers\n|-damage|p2a: Volbeat|105/263 brn|[from] brn\n|upkeep\n|turn|26\n|\n|t:|1733890797\n|move|p2a: Volbeat|Roost|p2a: Volbeat\n|-heal|p2a: Volbeat|237/263 brn\n|-singleturn|p2a: Volbeat|move: Roost\n|move|p1a: Oranguru|Psyshock|p2a: Volbeat\n|-damage|p2a: Volbeat|137/263 brn\n|\n|-heal|p1a: Oranguru|310/315 par|[from] item: Leftovers\n|-damage|p2a: Volbeat|121/263 brn|[from] brn\n|upkeep\n|turn|27\n|\n|t:|1733890800\n|move|p2a: Volbeat|Roost|p2a: Volbeat\n|-heal|p2a: Volbeat|253/263 brn\n|-singleturn|p2a: Volbeat|move: Roost\n|move|p1a: Oranguru|Psyshock|p2a: Volbeat\n|-damage|p2a: Volbeat|148/263 brn\n|\n|-heal|p1a: Oranguru|315/315 par|[from] item: Leftovers\n|-damage|p2a: Volbeat|132/263 brn|[from] brn\n|upkeep\n|turn|28\n|\n|t:|1733890806\n|move|p2a: Volbeat|Roost|p2a: Volbeat\n|-heal|p2a: Volbeat|263/263 brn\n|-singleturn|p2a: Volbeat|move: Roost\n|cant|p1a: Oranguru|par\n|\n|-damage|p2a: Volbeat|247/263 brn|[from] brn\n|upkeep\n|turn|29\n|\n|t:|1733890809\n|switch|p2a: Mamoswine|Mamoswine, L81, M|311/311\n|move|p1a: Oranguru|Psyshock|p2a: Mamoswine\n|-damage|p2a: Mamoswine|212/311\n|\n|upkeep\n|turn|30\n|\n|t:|1733890814\n|move|p2a: Mamoswine|Icicle Crash|p1a: Oranguru\n|-damage|p1a: Oranguru|164/315 par\n|move|p1a: Oranguru|Focus Blast|p2a: Mamoswine\n|-supereffective|p2a: Mamoswine\n|-damage|p2a: Mamoswine|0 fnt\n|faint|p2a: Mamoswine\n|\n|-heal|p1a: Oranguru|183/315 par|[from] item: Leftovers\n|upkeep\n|\n|t:|1733890817\n|switch|p2a: Serperior|Serperior, L79, M|248/248\n|turn|31\n|\n|t:|1733890831\n|move|p2a: Serperior|Leaf Storm|p1a: Oranguru\n|-crit|p1a: Oranguru\n|-damage|p1a: Oranguru|41/315 par\n|-boost|p2a: Serperior|spa|2\n|-damage|p2a: Serperior|224/248|[from] item: Life Orb\n|move|p1a: Oranguru|Psyshock|p2a: Serperior\n|-damage|p2a: Serperior|124/248\n|\n|-heal|p1a: Oranguru|60/315 par|[from] item: Leftovers\n|upkeep\n|turn|32\n|\n|t:|1733890840\n|move|p2a: Serperior|Synthesis|p2a: Serperior\n|-heal|p2a: Serperior|248/248\n|cant|p1a: Oranguru|par\n|\n|-heal|p1a: Oranguru|79/315 par|[from] item: Leftovers\n|upkeep\n|turn|33\n|\n|t:|1733890843\n|move|p2a: Serperior|Leaf Storm|p1a: Oranguru\n|-damage|p1a: Oranguru|0 fnt\n|-boost|p2a: Serperior|spa|2\n|faint|p1a: Oranguru\n|-damage|p2a: Serperior|224/248|[from] item: Life Orb\n|\n|upkeep\n|\n|t:|1733890851\n|switch|p1a: Salamence|Salamence, L77, M|273/273\n|turn|34\n|\n|t:|1733890856\n|-terastallize|p1a: Salamence|Dragon\n|move|p2a: Serperior|Dragon Pulse|p1a: Salamence\n|-supereffective|p1a: Salamence\n|-damage|p1a: Salamence|0 fnt\n|faint|p1a: Salamence\n|-damage|p2a: Serperior|200/248|[from] item: Life Orb\n|\n|upkeep\n|-message|testbug423 forfeited.\n|\n|win|Clack Volley\n|raw|testbug423's rating: 1644 &rarr; <strong>1624</strong><br />(-20 for losing)\n|raw|Clack Volley's rating: 1646 &rarr; <strong>1666</strong><br />(+20 for winning)\n|l|\u2606testbug423\n|player|p1|\n", "inputlog": ">version bfd83cad13791eb5a5a409923076391caf6fb4d4\n>start {\"formatid\":\"gen9randombattle\",\"seed\":[48135,29536,7516,56742],\"rated\":\"Rated battle\"}\n>player p1 {\"name\":\"testbug423\",\"avatar\":\"1\",\"rating\":1644,\"seed\":[2583,41284,314,26030]}\n>player p2 {\"name\":\"Clack Volley\",\"avatar\":\"gambler\",\"rating\":1646,\"seed\":[50176,15071,53716,10744]}\n>p1 move quiverdance\n>p2 switch 5\n>p1 switch 2\n>p2 move encore\n>p1 switch 4\n>p2 switch 5\n>p1 move flipturn\n>p2 switch 3\n>p1 switch 5\n>p1 move nastyplot\n>p2 move nuzzle\n>p1 move psyshock\n>p2 switch 2\n>p1 switch 3\n>p2 move earthquake\n>p1 move uturn\n>p2 switch 2\n>p1 switch 3\n>p1 switch 3\n>p2 switch 2\n>p1 move powerwhip\n>p2 switch 2\n>p2 switch 5\n>p1 switch 5\n>p2 move lunge\n>p1 switch 4\n>p2 switch 3\n>p1 switch 4\n>p2 move iciclecrash\n>p1 move protect\n>p2 move iciclecrash\n>p1 move wish\n>p2 switch 3\n>p1 move protect\n>p2 move lunge\n>p1 move protect\n>p2 move thunderwave\n>p1 move scald\n>p2 move lunge\n>p1 switch 3\n>p2 move thunderwave\n>p1 switch 3\n>p2 move lunge\n>p1 move scald\n>p2 move roost\n>p1 switch 3\n>p2 move roost\n>p1 move psyshock\n>p2 move lunge\n>p1 move psyshock\n>p2 move roost\n>p1 move psyshock\n>p2 move roost\n>p1 move psyshock\n>p2 move roost\n>p1 move psyshock\n>p2 move roost\n>p1 move psyshock\n>p2 move roost\n>p1 move psyshock\n>p2 switch 3\n>p1 move focusblast\n>p2 move iciclecrash\n>p2 switch 6\n>p1 move psyshock\n>p2 move leafstorm\n>p1 move psyshock\n>p2 move synthesis\n>p1 move psyshock\n>p2 move leafstorm\n>p1 switch 6\n>p1 move dragondance terastallize\n>p2 move dragonpulse\n>forcelose p1", "uploadtime": 1733890866, "views": 12, "formatid": "gen9randombattle", "rating": 1624, "private": 0, "password": null}