{"id": "gen9randombattle-2260353343", "format": "[Gen 9] Random Battle", "players": ["buttkicka", "ghbcvfdtb"], "log": "|j|\u2606buttkicka\n|j|\u2606ghbcvfdtb\n|t:|1733843159\n|gametype|singles\n|player|p1|buttkicka|102|1239\n|player|p2|ghbcvfdtb|unknown|1259\n|teamsize|p1|6\n|teamsize|p2|6\n|gen|9\n|tier|[Gen 9] Random Battle\n|rated|\n|rule|Species Clause: Limit one of each Pok\u00e9mon\n|rule|HP Percentage Mod: HP is shown in percentages\n|rule|Sleep Clause Mod: Limit one foe put to sleep\n|rule|Illusion Level Mod: Illusion disguises the Pok\u00e9mon's true level\n|\n|t:|1733843159\n|start\n|switch|p1a: Palkia|Palkia-Origin, L72|249/249\n|switch|p2a: Mamoswine|Mamoswine, L81, F|311/311\n|-ability|p1a: Palkia|Pressure\n|turn|1\n|inactive|Battle timer is ON: inactive players will automatically lose when time's up. (requested by ghbcvfdtb)\n|\n|t:|1733843171\n|move|p1a: Palkia|Hydro Pump|p2a: Mamoswine\n|-supereffective|p2a: Mamoswine\n|-damage|p2a: Mamoswine|0 fnt\n|faint|p2a: Mamoswine\n|\n|upkeep\n|c|\u2606buttkicka|yooooooo\n|c|\u2606buttkicka|what a mvoe\n|c|\u2606ghbcvfdtb|real\n|c|\u2606buttkicka|look a tthis dragon horse\n|c|\u2606buttkicka|hes sick bro\n|c|\u2606buttkicka|honestly unfair\n|c|\u2606ghbcvfdtb|that did a lot more damage than I thought\n|\n|t:|1733843197\n|switch|p2a: Cacturne|Cacturne, L92, M|278/278\n|turn|2\n|c|\u2606buttkicka|super effective\n|c|\u2606buttkicka|and lustrous globe\n|c|\u2606ghbcvfdtb|oh yeah\n|\n|t:|1733843207\n|move|p1a: Palkia|Fire Blast|p2a: Cacturne\n|-supereffective|p2a: Cacturne\n|-damage|p2a: Cacturne|80/278\n|move|p2a: Cacturne|Swords Dance|p2a: Cacturne\n|-boost|p2a: Cacturne|atk|2\n|\n|upkeep\n|turn|3\n|c|\u2606buttkicka|bro before you put a grass guy out\n|c|\u2606buttkicka|i have fire moves\n|\n|t:|1733843217\n|move|p2a: Cacturne|Sucker Punch|p1a: Palkia\n|-damage|p1a: Palkia|0 fnt\n|faint|p1a: Palkia\n|-damage|p2a: Cacturne|53/278|[from] item: Life Orb\n|\n|upkeep\n|c|\u2606buttkicka|YO\n|c|\u2606buttkicka|what a sucker punch\n|c|\u2606ghbcvfdtb|and I have sucker punch\n|c|\u2606ghbcvfdtb|hehe\n|\n|t:|1733843228\n|switch|p1a: Decidueye|Decidueye-Hisui, L87, F|295/295\n|turn|4\n|\n|t:|1733843237\n|move|p2a: Cacturne|Drain Punch|p1a: Decidueye\n|-damage|p1a: Decidueye|88/295\n|-heal|p2a: Cacturne|157/278|[from] drain|[of] p1a: Decidueye\n|-damage|p2a: Cacturne|130/278|[from] item: Life Orb\n|move|p1a: Decidueye|U-turn|p2a: Cacturne\n|-supereffective|p2a: Cacturne\n|-damage|p2a: Cacturne|0 fnt\n|faint|p2a: Cacturne\n|\n|t:|1733843249\n|switch|p1a: Barraskewda|Barraskewda, L81, F|231/231|[from] U-turn\n|\n|upkeep\n|\n|t:|1733843252\n|switch|p2a: Gogoat|Gogoat, L88, M|360/360\n|turn|5\n|\n|t:|1733843258\n|move|p1a: Barraskewda|Flip Turn|p2a: Gogoat\n|-resisted|p2a: Gogoat\n|-damage|p2a: Gogoat|291/360\n|\n|t:|1733843265\n|switch|p1a: Cryogonal|Cryogonal, L89|287/287|[from] Flip Turn\n|move|p2a: Gogoat|Horn Leech|p1a: Cryogonal\n|-damage|p1a: Cryogonal|152/287\n|-heal|p2a: Gogoat|359/360|[from] drain|[of] p1a: Cryogonal\n|\n|-heal|p2a: Gogoat|360/360|[from] item: Leftovers\n|upkeep\n|turn|6\n|\n|t:|1733843280\n|move|p1a: Cryogonal|Recover|p1a: Cryogonal\n|-heal|p1a: Cryogonal|287/287\n|move|p2a: Gogoat|Horn Leech|p1a: Cryogonal\n|-damage|p1a: Cryogonal|169/287\n|\n|upkeep\n|turn|7\n|c|\u2606buttkicka|honestly this goat\n|c|\u2606buttkicka|lol\n|\n|t:|1733843294\n|switch|p2a: Ho-Oh|Ho-Oh, L71|268/268\n|move|p1a: Cryogonal|Recover|p1a: Cryogonal\n|-heal|p1a: Cryogonal|287/287\n|\n|upkeep\n|turn|8\n|\n|t:|1733843305\n|switch|p1a: Barraskewda|Barraskewda, L81, F|231/231\n|move|p2a: Ho-Oh|Sacred Fire|p1a: Barraskewda\n|-resisted|p1a: Barraskewda\n|-damage|p1a: Barraskewda|171/231\n|-status|p1a: Barraskewda|brn\n|\n|-damage|p1a: Barraskewda|157/231 brn|[from] brn\n|upkeep\n|turn|9\n|c|\u2606buttkicka|thought about tera steel\n|\n|t:|1733843321\n|move|p1a: Barraskewda|Flip Turn|p2a: Ho-Oh\n|-supereffective|p2a: Ho-Oh\n|-damage|p2a: Ho-Oh|135/268\n|c|\u2606ghbcvfdtb|hehe\n|\n|t:|1733843326\n|switch|p1a: Dudunsparce|Dudunsparce-Three-Segment, L83, F|343/343|[from] Flip Turn\n|move|p2a: Ho-Oh|Brave Bird|p1a: Dudunsparce\n|-damage|p1a: Dudunsparce|225/343\n|-damage|p2a: Ho-Oh|96/268|[from] Recoil\n|\n|-heal|p1a: Dudunsparce|246/343|[from] item: Leftovers\n|upkeep\n|turn|10\n|c|\u2606buttkicka|bro how you gonna burn me\n|c|\u2606ghbcvfdtb|that did nothing\n|\n|t:|1733843339\n|move|p2a: Ho-Oh|Recover|p2a: Ho-Oh\n|-heal|p2a: Ho-Oh|230/268\n|move|p1a: Dudunsparce|Headbutt|p2a: Ho-Oh\n|-damage|p2a: Ho-Oh|140/268\n|\n|-heal|p1a: Dudunsparce|267/343|[from] item: Leftovers\n|upkeep\n|turn|11\n|c|\u2606ghbcvfdtb|its a 50/50 chance for burn\n|inactive|buttkicka has 120 seconds left.\n|inactive|buttkicka has 90 seconds left.\n|\n|t:|1733843401\n|move|p2a: Ho-Oh|Recover|p2a: Ho-Oh\n|-heal|p2a: Ho-Oh|268/268\n|move|p1a: Dudunsparce|Headbutt|p2a: Ho-Oh\n|-damage|p2a: Ho-Oh|184/268\n|\n|-heal|p1a: Dudunsparce|288/343|[from] item: Leftovers\n|upkeep\n|turn|12\n|inactive|buttkicka has 90 seconds left.\n|\n|t:|1733843409\n|move|p2a: Ho-Oh|Sacred Fire|p1a: Dudunsparce\n|-damage|p1a: Dudunsparce|177/343\n|move|p1a: Dudunsparce|Glare|p2a: Ho-Oh\n|-status|p2a: Ho-Oh|par\n|\n|-heal|p1a: Dudunsparce|198/343|[from] item: Leftovers\n|upkeep\n|turn|13\n|c|\u2606buttkicka|ok lol we try something new\n|c|\u2606buttkicka|now u r paralyzed\n|c|\u2606ghbcvfdtb|damn\n|\n|t:|1733843418\n|move|p1a: Dudunsparce|Roost|p1a: Dudunsparce\n|-heal|p1a: Dudunsparce|343/343\n|-singleturn|p1a: Dudunsparce|move: Roost\n|move|p2a: Ho-Oh|Sacred Fire|p1a: Dudunsparce\n|-damage|p1a: Dudunsparce|244/343\n|\n|-heal|p1a: Dudunsparce|265/343|[from] item: Leftovers\n|upkeep\n|turn|14\n|\n|t:|1733843426\n|move|p1a: Dudunsparce|Headbutt|p2a: Ho-Oh\n|-damage|p2a: Ho-Oh|97/268 par\n|cant|p2a: Ho-Oh|flinch\n|\n|-heal|p1a: Dudunsparce|286/343|[from] item: Leftovers\n|upkeep\n|turn|15\n|\n|t:|1733843433\n|move|p1a: Dudunsparce|Headbutt|p2a: Ho-Oh\n|-damage|p2a: Ho-Oh|7/268 par\n|cant|p2a: Ho-Oh|flinch\n|\n|-heal|p1a: Dudunsparce|307/343|[from] item: Leftovers\n|upkeep\n|turn|16\n|c|\u2606buttkicka|now maybe u flinch and maybe u para\n|c|\u2606ghbcvfdtb|not para flinch starts u demon\n|c|\u2606buttkicka|haha i did not know of this plan\n|c|\u2606buttkicka|this is good plan\n|c|\u2606buttkicka|can u not switch\n|\n|t:|1733843456\n|switch|p2a: Gogoat|Gogoat, L88, M|360/360\n|move|p1a: Dudunsparce|Headbutt|p2a: Gogoat\n|-damage|p2a: Gogoat|267/360\n|\n|-heal|p2a: Gogoat|289/360|[from] item: Leftovers\n|-heal|p1a: Dudunsparce|328/343|[from] item: Leftovers\n|upkeep\n|turn|17\n|c|\u2606buttkicka|bro i literally just asked\n|\n|t:|1733843464\n|move|p2a: Gogoat|Bulk Up|p2a: Gogoat\n|-boost|p2a: Gogoat|atk|1\n|-boost|p2a: Gogoat|def|1\n|move|p1a: Dudunsparce|Glare|p2a: Gogoat\n|-status|p2a: Gogoat|par\n|\n|-heal|p1a: Dudunsparce|343/343|[from] item: Leftovers\n|-heal|p2a: Gogoat|311/360 par|[from] item: Leftovers\n|upkeep\n|turn|18\n|c|\u2606buttkicka|no bulking\n|inactive|buttkicka has 120 seconds left.\n|c|\u2606ghbcvfdtb|ah man\n|c|\u2606buttkicka|i asked u\n|\n|t:|1733843480\n|move|p1a: Dudunsparce|Headbutt|p2a: Gogoat\n|-damage|p2a: Gogoat|247/360 par\n|cant|p2a: Gogoat|flinch\n|\n|-heal|p2a: Gogoat|269/360 par|[from] item: Leftovers\n|upkeep\n|turn|19\n|c|\u2606buttkicka|bro\n|inactive|buttkicka has 120 seconds left.\n|\n|t:|1733843489\n|move|p1a: Dudunsparce|Headbutt|p2a: Gogoat\n|-damage|p2a: Gogoat|203/360 par\n|move|p2a: Gogoat|Horn Leech|p1a: Dudunsparce\n|-damage|p1a: Dudunsparce|204/343\n|-heal|p2a: Gogoat|273/360 par|[from] drain|[of] p1a: Dudunsparce\n|\n|-heal|p1a: Dudunsparce|225/343|[from] item: Leftovers\n|-heal|p2a: Gogoat|295/360 par|[from] item: Leftovers\n|upkeep\n|turn|20\n|c|\u2606buttkicka|broooooooo\n|c|\u2606ghbcvfdtb|what??\n|c|\u2606buttkicka|i wanted flinch\n|inactive|buttkicka has 120 seconds left.\n|\n|t:|1733843502\n|move|p1a: Dudunsparce|Headbutt|p2a: Gogoat\n|-damage|p2a: Gogoat|235/360 par\n|cant|p2a: Gogoat|flinch\n|\n|-heal|p1a: Dudunsparce|246/343|[from] item: Leftovers\n|-heal|p2a: Gogoat|257/360 par|[from] item: Leftovers\n|upkeep\n|turn|21\n|inactive|buttkicka has 120 seconds left.\n|c|\u2606ghbcvfdtb|I dont lol\n|inactive|buttkicka has 90 seconds left.\n|\n|t:|1733843565\n|move|p1a: Dudunsparce|Headbutt|p2a: Gogoat\n|-damage|p2a: Gogoat|197/360 par\n|cant|p2a: Gogoat|flinch\n|\n|-heal|p1a: Dudunsparce|267/343|[from] item: Leftovers\n|-heal|p2a: Gogoat|219/360 par|[from] item: Leftovers\n|upkeep\n|turn|22\n|c|\u2606ghbcvfdtb|noooooo\n|inactive|buttkicka has 60 seconds left.\n|c|\u2606ghbcvfdtb|why is bro stalling\n|c|\u2606ghbcvfdtb|what is pluh thinking abt\n|inactive|buttkicka has 30 seconds left.\n|\n|t:|1733843617\n|move|p1a: Dudunsparce|Headbutt|p2a: Gogoat\n|-damage|p2a: Gogoat|161/360 par\n|cant|p2a: Gogoat|flinch\n|\n|-heal|p1a: Dudunsparce|288/343|[from] item: Leftovers\n|-heal|p2a: Gogoat|183/360 par|[from] item: Leftovers\n|upkeep\n|turn|23\n|c|\u2606buttkicka|sorry bro\n|c|\u2606buttkicka|had to deal w something\n|c|\u2606buttkicka|was not stall\n|c|\u2606buttkicka|my bad\n|\n|t:|1733843626\n|move|p1a: Dudunsparce|Headbutt|p2a: Gogoat\n|-damage|p2a: Gogoat|119/360 par\n|cant|p2a: Gogoat|par\n|\n|-heal|p1a: Dudunsparce|309/343|[from] item: Leftovers\n|-heal|p2a: Gogoat|141/360 par|[from] item: Leftovers\n|upkeep\n|turn|24\n|c|\u2606ghbcvfdtb|ur good\n|c|\u2606buttkicka|ill do my headbutts faster\n|\n|t:|1733843634\n|move|p1a: Dudunsparce|Headbutt|p2a: Gogoat\n|-damage|p2a: Gogoat|74/360 par\n|move|p2a: Gogoat|Horn Leech|p1a: Dudunsparce\n|-damage|p1a: Dudunsparce|156/343\n|-heal|p2a: Gogoat|151/360 par|[from] drain|[of] p1a: Dudunsparce\n|\n|-heal|p1a: Dudunsparce|177/343|[from] item: Leftovers\n|-heal|p2a: Gogoat|173/360 par|[from] item: Leftovers\n|upkeep\n|turn|25\n|c|\u2606buttkicka|nooooo\n|c|\u2606ghbcvfdtb|finally\n|\n|t:|1733843645\n|move|p1a: Dudunsparce|Roost|p1a: Dudunsparce\n|-heal|p1a: Dudunsparce|343/343\n|-singleturn|p1a: Dudunsparce|move: Roost\n|move|p2a: Gogoat|Horn Leech|p1a: Dudunsparce\n|-damage|p1a: Dudunsparce|199/343\n|-heal|p2a: Gogoat|245/360 par|[from] drain|[of] p1a: Dudunsparce\n|\n|-heal|p1a: Dudunsparce|220/343|[from] item: Leftovers\n|-heal|p2a: Gogoat|267/360 par|[from] item: Leftovers\n|upkeep\n|turn|26\n|\n|t:|1733843660\n|move|p1a: Dudunsparce|Headbutt|p2a: Gogoat\n|-damage|p2a: Gogoat|204/360 par\n|cant|p2a: Gogoat|flinch\n|\n|-heal|p1a: Dudunsparce|241/343|[from] item: Leftovers\n|-heal|p2a: Gogoat|226/360 par|[from] item: Leftovers\n|upkeep\n|turn|27\n|\n|t:|1733843668\n|move|p1a: Dudunsparce|Headbutt|p2a: Gogoat\n|-damage|p2a: Gogoat|160/360 par\n|cant|p2a: Gogoat|flinch\n|\n|-heal|p1a: Dudunsparce|262/343|[from] item: Leftovers\n|-heal|p2a: Gogoat|182/360 par|[from] item: Leftovers\n|upkeep\n|turn|28\n|\n|t:|1733843677\n|move|p1a: Dudunsparce|Headbutt|p2a: Gogoat\n|-damage|p2a: Gogoat|119/360 par\n|move|p2a: Gogoat|Bulk Up|p2a: Gogoat\n|-boost|p2a: Gogoat|atk|1\n|-boost|p2a: Gogoat|def|1\n|\n|-heal|p1a: Dudunsparce|283/343|[from] item: Leftovers\n|-heal|p2a: Gogoat|141/360 par|[from] item: Leftovers\n|upkeep\n|turn|29\n|\n|t:|1733843687\n|move|p1a: Dudunsparce|Headbutt|p2a: Gogoat\n|-damage|p2a: Gogoat|92/360 par\n|cant|p2a: Gogoat|flinch\n|\n|-heal|p1a: Dudunsparce|304/343|[from] item: Leftovers\n|-heal|p2a: Gogoat|114/360 par|[from] item: Leftovers\n|upkeep\n|turn|30\n|c|\u2606ghbcvfdtb|please\n|\n|t:|1733843695\n|move|p1a: Dudunsparce|Headbutt|p2a: Gogoat\n|-damage|p2a: Gogoat|69/360 par\n|cant|p2a: Gogoat|flinch\n|\n|-heal|p1a: Dudunsparce|325/343|[from] item: Leftovers\n|-heal|p2a: Gogoat|91/360 par|[from] item: Leftovers\n|upkeep\n|turn|31\n|inactive|buttkicka has 60 seconds left.\n|\n|t:|1733843703\n|move|p1a: Dudunsparce|Headbutt|p2a: Gogoat\n|-damage|p2a: Gogoat|40/360 par\n|cant|p2a: Gogoat|flinch\n|\n|-heal|p1a: Dudunsparce|343/343|[from] item: Leftovers\n|-heal|p2a: Gogoat|62/360 par|[from] item: Leftovers\n|upkeep\n|turn|32\n|\n|t:|1733843711\n|move|p1a: Dudunsparce|Headbutt|p2a: Gogoat\n|-damage|p2a: Gogoat|20/360 par\n|move|p2a: Gogoat|Horn Leech|p1a: Dudunsparce\n|-damage|p1a: Dudunsparce|165/343\n|-heal|p2a: Gogoat|109/360 par|[from] drain|[of] p1a: Dudunsparce\n|\n|-heal|p1a: Dudunsparce|186/343|[from] item: Leftovers\n|-heal|p2a: Gogoat|131/360 par|[from] item: Leftovers\n|upkeep\n|turn|33\n|c|\u2606ghbcvfdtb|PLEASE\n|c|\u2606buttkicka|bro\n|c|\u2606ghbcvfdtb|YESSSS\n|c|\u2606buttkicka|lol\n|\n|t:|1733843722\n|move|p1a: Dudunsparce|Headbutt|p2a: Gogoat\n|-damage|p2a: Gogoat|88/360 par\n|cant|p2a: Gogoat|flinch\n|\n|-heal|p1a: Dudunsparce|207/343|[from] item: Leftovers\n|-heal|p2a: Gogoat|110/360 par|[from] item: Leftovers\n|upkeep\n|turn|34\n|\n|t:|1733843735\n|move|p1a: Dudunsparce|Headbutt|p2a: Gogoat\n|-damage|p2a: Gogoat|65/360 par\n|cant|p2a: Gogoat|flinch\n|\n|-heal|p1a: Dudunsparce|228/343|[from] item: Leftovers\n|-heal|p2a: Gogoat|87/360 par|[from] item: Leftovers\n|upkeep\n|turn|35\n|\n|t:|1733843745\n|move|p1a: Dudunsparce|Headbutt|p2a: Gogoat\n|-damage|p2a: Gogoat|44/360 par\n|cant|p2a: Gogoat|flinch\n|\n|-heal|p1a: Dudunsparce|249/343|[from] item: Leftovers\n|-heal|p2a: Gogoat|66/360 par|[from] item: Leftovers\n|upkeep\n|turn|36\n|c|\u2606buttkicka|2 more!!!\n|c|\u2606ghbcvfdtb|cmon\n|\n|t:|1733843753\n|move|p1a: Dudunsparce|Headbutt|p2a: Gogoat\n|-damage|p2a: Gogoat|21/360 par\n|move|p2a: Gogoat|Milk Drink|p2a: Gogoat\n|-heal|p2a: Gogoat|201/360 par\n|\n|-heal|p1a: Dudunsparce|270/343|[from] item: Leftovers\n|-heal|p2a: Gogoat|223/360 par|[from] item: Leftovers\n|upkeep\n|turn|37\n|c|\u2606buttkicka|wtf\n|c|\u2606ghbcvfdtb|ha\n|\n|t:|1733843765\n|switch|p1a: Decidueye|Decidueye-Hisui, L87, F|88/295\n|move|p2a: Gogoat|Horn Leech|p1a: Decidueye\n|-resisted|p1a: Decidueye\n|-damage|p1a: Decidueye|0 fnt\n|-heal|p2a: Gogoat|267/360 par|[from] drain|[of] p1a: Decidueye\n|faint|p1a: Decidueye\n|\n|-heal|p2a: Gogoat|289/360 par|[from] item: Leftovers\n|upkeep\n|\n|t:|1733843775\n|switch|p1a: Cryogonal|Cryogonal, L89|287/287\n|turn|38\n|\n|t:|1733843781\n|move|p1a: Cryogonal|Freeze-Dry|p2a: Gogoat\n|-supereffective|p2a: Gogoat\n|-damage|p2a: Gogoat|107/360 par\n|move|p2a: Gogoat|Horn Leech|p1a: Cryogonal\n|-damage|p1a: Cryogonal|19/287\n|-heal|p2a: Gogoat|241/360 par|[from] drain|[of] p1a: Cryogonal\n|\n|-heal|p2a: Gogoat|263/360 par|[from] item: Leftovers\n|upkeep\n|turn|39\n|inactive|buttkicka has 90 seconds left.\n|c|\u2606ghbcvfdtb|lets talk abt this\n|\n|t:|1733843793\n|move|p1a: Cryogonal|Freeze-Dry|p2a: Gogoat\n|-supereffective|p2a: Gogoat\n|-damage|p2a: Gogoat|95/360 par\n|move|p2a: Gogoat|Horn Leech|p1a: Cryogonal\n|-damage|p1a: Cryogonal|0 fnt\n|-heal|p2a: Gogoat|105/360 par|[from] drain|[of] p1a: Cryogonal\n|faint|p1a: Cryogonal\n|\n|-heal|p2a: Gogoat|127/360 par|[from] item: Leftovers\n|upkeep\n|c|\u2606buttkicka|k sup\n|\n|t:|1733843802\n|switch|p1a: Giratina|Giratina, L75|349/349\n|-ability|p1a: Giratina|Pressure\n|turn|40\n|inactive|buttkicka has 90 seconds left.\n|\n|t:|1733843810\n|move|p1a: Giratina|Shadow Ball|p2a: Gogoat\n|-damage|p2a: Gogoat|60/360 par\n|move|p2a: Gogoat|Milk Drink|p2a: Gogoat\n|-heal|p2a: Gogoat|240/360 par\n|\n|-heal|p2a: Gogoat|262/360 par|[from] item: Leftovers\n|upkeep\n|turn|41\n|\n|t:|1733843818\n|move|p1a: Giratina|Shadow Ball|p2a: Gogoat\n|-damage|p2a: Gogoat|186/360 par\n|move|p2a: Gogoat|Milk Drink|p2a: Gogoat\n|-heal|p2a: Gogoat|360/360 par\n|\n|upkeep\n|turn|42\n|\n|t:|1733843826\n|move|p1a: Giratina|Shadow Ball|p2a: Gogoat\n|-damage|p2a: Gogoat|293/360 par\n|move|p2a: Gogoat|Bulk Up|p2a: Gogoat\n|-boost|p2a: Gogoat|atk|1\n|-boost|p2a: Gogoat|def|1\n|\n|-heal|p2a: Gogoat|315/360 par|[from] item: Leftovers\n|upkeep\n|turn|43\n|c|\u2606buttkicka|this fuckin goat\n|\n|t:|1733843835\n|move|p1a: Giratina|Shadow Ball|p2a: Gogoat\n|-damage|p2a: Gogoat|248/360 par\n|move|p2a: Gogoat|Bulk Up|p2a: Gogoat\n|-boost|p2a: Gogoat|atk|1\n|-boost|p2a: Gogoat|def|1\n|\n|-heal|p2a: Gogoat|270/360 par|[from] item: Leftovers\n|upkeep\n|turn|44\n|c|\u2606ghbcvfdtb|he is the goat\n|\n|t:|1733843844\n|move|p1a: Giratina|Shadow Ball|p2a: Gogoat\n|-damage|p2a: Gogoat|203/360 par\n|move|p2a: Gogoat|Earthquake|p1a: Giratina\n|-damage|p1a: Giratina|133/349\n|\n|-heal|p1a: Giratina|154/349|[from] item: Leftovers\n|-heal|p2a: Gogoat|225/360 par|[from] item: Leftovers\n|upkeep\n|turn|45\n|\n|t:|1733843853\n|move|p1a: Giratina|Rest|p1a: Giratina\n|-status|p1a: Giratina|slp|[from] move: Rest\n|-heal|p1a: Giratina|349/349 slp|[silent]\n|move|p2a: Gogoat|Milk Drink|p2a: Gogoat\n|-heal|p2a: Gogoat|360/360 par\n|\n|upkeep\n|turn|46\n|inactive|buttkicka has 120 seconds left.\n|c|\u2606buttkicka|ok para is dumb\n|\n|t:|1733843863\n|cant|p1a: Giratina|slp\n|move|p1a: Giratina|Sleep Talk|p1a: Giratina\n|move|p1a: Giratina|Will-O-Wisp||[from]move: Sleep Talk|[still]\n|-fail|p1a: Giratina\n|cant|p2a: Gogoat|par\n|\n|upkeep\n|turn|47\n|inactive|buttkicka has 120 seconds left.\n|\n|t:|1733843879\n|cant|p1a: Giratina|slp\n|move|p1a: Giratina|Sleep Talk|p1a: Giratina\n|move|p1a: Giratina|Will-O-Wisp||[from]move: Sleep Talk|[still]\n|-fail|p1a: Giratina\n|cant|p2a: Gogoat|par\n|\n|upkeep\n|turn|48\n|inactive|buttkicka has 120 seconds left.\n|\n|t:|1733843889\n|-curestatus|p1a: Giratina|slp|[msg]\n|move|p1a: Giratina|Will-O-Wisp|p2a: Gogoat|[miss]\n|-miss|p1a: Giratina|p2a: Gogoat\n|move|p2a: Gogoat|Earthquake|p1a: Giratina\n|-damage|p1a: Giratina|136/349\n|\n|-heal|p1a: Giratina|157/349|[from] item: Leftovers\n|upkeep\n|turn|49\n|c|\u2606buttkicka|why cant i burn u\n|c|\u2606buttkicka|lol\n|c|\u2606ghbcvfdtb|cause I'm already para\n|\n|t:|1733843905\n|move|p1a: Giratina|Rest|p1a: Giratina\n|-status|p1a: Giratina|slp|[from] move: Rest\n|-heal|p1a: Giratina|349/349 slp|[silent]\n|move|p2a: Gogoat|Earthquake|p1a: Giratina\n|-damage|p1a: Giratina|131/349 slp\n|\n|-heal|p1a: Giratina|152/349 slp|[from] item: Leftovers\n|upkeep\n|turn|50\n|\n|t:|1733843919\n|cant|p1a: Giratina|slp\n|move|p1a: Giratina|Sleep Talk|p1a: Giratina\n|move|p1a: Giratina|Will-O-Wisp||[from]move: Sleep Talk|[still]\n|-fail|p1a: Giratina\n|move|p2a: Gogoat|Earthquake|p1a: Giratina\n|-damage|p1a: Giratina|0 fnt\n|faint|p1a: Giratina\n|\n|upkeep\n|c|\u2606buttkicka|hm i gotta go\n|\n|t:|1733843928\n|switch|p1a: Barraskewda|Barraskewda, L81, F|157/231 brn\n|turn|51\n|c|\u2606ghbcvfdtb|noooo\n|\n|t:|1733843934\n|-terastallize|p1a: Barraskewda|Fighting\n|move|p1a: Barraskewda|Close Combat|p2a: Gogoat\n|-damage|p2a: Gogoat|318/360 par\n|-unboost|p1a: Barraskewda|def|1\n|-unboost|p1a: Barraskewda|spd|1\n|move|p2a: Gogoat|Bulk Up|p2a: Gogoat\n|-boost|p2a: Gogoat|atk|1\n|-boost|p2a: Gogoat|def|1\n|\n|-heal|p2a: Gogoat|340/360 par|[from] item: Leftovers\n|-damage|p1a: Barraskewda|143/231 brn|[from] brn\n|upkeep\n|turn|52\n|c|\u2606buttkicka|its ok u can ko first\n|\n|t:|1733843947\n|move|p1a: Barraskewda|Close Combat|p2a: Gogoat\n|-damage|p2a: Gogoat|301/360 par\n|-unboost|p1a: Barraskewda|def|1\n|-unboost|p1a: Barraskewda|spd|1\n|move|p2a: Gogoat|Bulk Up|p2a: Gogoat\n|-boost|p2a: Gogoat|atk|1\n|-boost|p2a: Gogoat|def|1\n|\n|-heal|p2a: Gogoat|323/360 par|[from] item: Leftovers\n|-damage|p1a: Barraskewda|129/231 brn|[from] brn\n|upkeep\n|turn|53\n|\n|t:|1733843959\n|move|p1a: Barraskewda|Close Combat|p2a: Gogoat\n|-damage|p2a: Gogoat|290/360 par\n|-unboost|p1a: Barraskewda|def|1\n|-unboost|p1a: Barraskewda|spd|1\n|move|p2a: Gogoat|Horn Leech|p1a: Barraskewda\n|-damage|p1a: Barraskewda|0 fnt\n|-heal|p2a: Gogoat|355/360 par|[from] drain|[of] p1a: Barraskewda\n|faint|p1a: Barraskewda\n|\n|-heal|p2a: Gogoat|360/360 par|[from] item: Leftovers\n|upkeep\n|c|\u2606buttkicka|gg bro\n|\n|t:|1733843969\n|switch|p1a: Dudunsparce|Dudunsparce-Three-Segment, L83, F|270/343\n|turn|54\n|c|\u2606ghbcvfdtb|u might flinch me\n|\n|t:|1733843975\n|move|p1a: Dudunsparce|Earthquake|p2a: Gogoat\n|-resisted|p2a: Gogoat\n|-damage|p2a: Gogoat|349/360 par\n|cant|p2a: Gogoat|par\n|\n|-heal|p1a: Dudunsparce|291/343|[from] item: Leftovers\n|-heal|p2a: Gogoat|360/360 par|[from] item: Leftovers\n|upkeep\n|turn|55\n|c|\u2606ghbcvfdtb|over\n|c|\u2606ghbcvfdtb|and over\n|\n|t:|1733843984\n|move|p1a: Dudunsparce|Headbutt|p2a: Gogoat\n|-damage|p2a: Gogoat|335/360 par\n|move|p2a: Gogoat|Horn Leech|p1a: Dudunsparce\n|-damage|p1a: Dudunsparce|0 fnt\n|-heal|p2a: Gogoat|360/360 par|[from] drain|[of] p1a: Dudunsparce\n|faint|p1a: Dudunsparce\n|\n|win|ghbcvfdtb\n", "inputlog": ">version bfd83cad13791eb5a5a409923076391caf6fb4d4\n>start {\"formatid\":\"gen9randombattle\",\"seed\":[36188,14654,60273,48145],\"rated\":\"Rated battle\"}\n>player p1 {\"name\":\"buttkicka\",\"avatar\":\"102\",\"rating\":1239,\"seed\":[59860,51100,55704,33150]}\n>player p2 {\"name\":\"ghbcvfdtb\",\"avatar\":\"unknown\",\"rating\":1259,\"seed\":[54261,40669,3790,44205]}\n>p1 move hydropump\n>p2 move stealthrock\n>chat \u2606buttkicka|yooooooo\n>chat \u2606buttkicka|what a mvoe\n>chat \u2606ghbcvfdtb|real\n>chat \u2606buttkicka|look a tthis dragon horse\n>chat \u2606buttkicka|hes sick bro\n>chat \u2606buttkicka|honestly unfair\n>chat \u2606ghbcvfdtb|that did a lot more damage than I thought\n>p2 switch 3\n>chat \u2606buttkicka|super effective\n>chat \u2606buttkicka|and lustrous globe\n>chat \u2606ghbcvfdtb|oh yeah\n>p1 move fireblast\n>p2 move swordsdance\n>chat \u2606buttkicka|bro before you put a grass guy out\n>chat \u2606buttkicka|i have fire moves\n>p1 move fireblast\n>p2 move suckerpunch\n>chat \u2606buttkicka|YO\n>chat \u2606buttkicka|what a sucker punch\n>chat \u2606ghbcvfdtb|and I have sucker punch\n>chat \u2606ghbcvfdtb|hehe\n>p1 switch 6\n>p1 move uturn\n>p2 move drainpunch\n>p1 switch 3\n>p2 switch 5\n>p1 move flipturn\n>p2 move hornleech\n>p1 switch 5\n>p1 move recover\n>p2 move hornleech\n>chat \u2606buttkicka|honestly this goat\n>chat \u2606buttkicka|lol\n>p1 move recover\n>p2 switch 6\n>p1 switch 5\n>p2 move sacredfire\n>chat \u2606buttkicka|thought about tera steel\n>p1 move flipturn\n>p2 move bravebird\n>chat \u2606ghbcvfdtb|hehe\n>p1 switch 4\n>chat \u2606buttkicka|bro how you gonna burn me\n>chat \u2606ghbcvfdtb|that did nothing\n>p1 move headbutt\n>p2 move recover\n>chat \u2606ghbcvfdtb|its a 50/50 chance for burn\n>p1 move headbutt\n>p2 move recover\n>p1 move glare\n>p2 move sacredfire\n>chat \u2606buttkicka|ok lol we try something new\n>chat \u2606buttkicka|now u r paralyzed\n>chat \u2606ghbcvfdtb|damn\n>p1 move roost\n>p2 move sacredfire\n>p1 move headbutt\n>p2 move sacredfire\n>p1 move headbutt\n>p2 move sacredfire\n>chat \u2606buttkicka|now maybe u flinch and maybe u para\n>chat \u2606ghbcvfdtb|not para flinch starts u demon\n>chat \u2606buttkicka|haha i did not know of this plan\n>chat \u2606buttkicka|this is good plan\n>chat \u2606buttkicka|can u not switch\n>p1 move headbutt\n>p2 switch 6\n>chat \u2606buttkicka|bro i literally just asked\n>p1 move glare\n>p2 move bulkup\n>chat \u2606buttkicka|no bulking\n>chat \u2606ghbcvfdtb|ah man\n>chat \u2606buttkicka|i asked u\n>p1 move headbutt\n>p2 move hornleech\n>chat \u2606buttkicka|bro\n>p1 move headbutt\n>p2 move hornleech\n>chat \u2606buttkicka|broooooooo\n>chat \u2606ghbcvfdtb|what??\n>chat \u2606buttkicka|i wanted flinch\n>p1 move headbutt\n>p2 move hornleech\n>chat \u2606ghbcvfdtb|I dont lol\n>p1 move headbutt\n>p2 move hornleech\n>chat \u2606ghbcvfdtb|noooooo\n>chat \u2606ghbcvfdtb|why is bro stalling\n>chat \u2606ghbcvfdtb|what is pluh thinking abt\n>p1 move headbutt\n>p2 move hornleech\n>chat \u2606buttkicka|sorry bro\n>chat \u2606buttkicka|had to deal w something\n>chat \u2606buttkicka|was not stall\n>chat \u2606buttkicka|my bad\n>p1 move headbutt\n>p2 move hornleech\n>chat \u2606ghbcvfdtb|ur good\n>chat \u2606buttkicka|ill do my headbutts faster\n>p1 move headbutt\n>p2 move hornleech\n>chat \u2606buttkicka|nooooo\n>chat \u2606ghbcvfdtb|finally\n>p1 move roost\n>p2 move hornleech\n>p1 move headbutt\n>p2 move bulkup\n>p1 move headbutt\n>p2 move bulkup\n>p1 move headbutt\n>p2 move bulkup\n>p1 move headbutt\n>p2 move hornleech\n>chat \u2606ghbcvfdtb|please\n>p1 move headbutt\n>p2 move hornleech\n>p1 move headbutt\n>p2 move hornleech\n>p1 move headbutt\n>p2 move hornleech\n>chat \u2606ghbcvfdtb|PLEASE\n>chat \u2606buttkicka|bro\n>chat \u2606ghbcvfdtb|YESSSS\n>chat \u2606buttkicka|lol\n>p1 move headbutt\n>p2 move milkdrink\n>p1 move headbutt\n>p2 move milkdrink\n>p1 move headbutt\n>p2 move milkdrink\n>chat \u2606buttkicka|2 more!!!\n>chat \u2606ghbcvfdtb|cmon\n>p1 move headbutt\n>p2 move milkdrink\n>chat \u2606buttkicka|wtf\n>chat \u2606ghbcvfdtb|ha\n>p1 switch 3\n>p2 move hornleech\n>p1 switch 5\n>p1 move freezedry\n>p2 move hornleech\n>chat \u2606ghbcvfdtb|lets talk abt this\n>p1 move freezedry\n>p2 move hornleech\n>chat \u2606buttkicka|k sup\n>p1 switch 2\n>p1 move shadowball\n>p2 move milkdrink\n>p1 move shadowball\n>p2 move milkdrink\n>p1 move shadowball\n>p2 move bulkup\n>chat \u2606buttkicka|this fuckin goat\n>p1 move shadowball\n>p2 move bulkup\n>chat \u2606ghbcvfdtb|he is the goat\n>p1 move shadowball\n>p2 move earthquake\n>p1 move rest\n>p2 move milkdrink\n>chat \u2606buttkicka|ok para is dumb\n>p1 move sleeptalk\n>p2 move earthquake\n>p1 move sleeptalk\n>p2 move earthquake\n>p1 move willowisp\n>p2 move earthquake\n>chat \u2606buttkicka|why cant i burn u\n>chat \u2606buttkicka|lol\n>chat \u2606ghbcvfdtb|cause I'm already para\n>p1 move rest\n>p2 move earthquake\n>p1 move sleeptalk\n>p2 move earthquake\n>chat \u2606buttkicka|hm i gotta go\n>p1 switch 4\n>chat \u2606ghbcvfdtb|noooo\n>p1 move closecombat terastallize\n>p2 move bulkup\n>chat \u2606buttkicka|its ok u can ko first\n>p1 move closecombat\n>p2 move bulkup\n>p1 move closecombat\n>p2 move hornleech\n>chat \u2606buttkicka|gg bro\n>p1 switch 3\n>chat \u2606ghbcvfdtb|u might flinch me\n>p1 move earthquake\n>p2 move hornleech\n>chat \u2606ghbcvfdtb|over\n>chat \u2606ghbcvfdtb|and over\n>p1 move headbutt\n>p2 move hornleech", "uploadtime": 1733843831, "views": 1, "formatid": "gen9randombattle", "rating": null, "private": 0, "password": null}