{"id": "gen9randombattle-2260724553", "format": "[Gen 9] Random Battle", "players": ["SilverSoulX", "sorrowknight"], "log": "|j|\u2606SilverSoulX\n|j|\u2606sorrowknight\n|t:|1733883272\n|gametype|singles\n|player|p1|SilverSoulX|steven|1896\n|player|p2|sorrowknight|benga|1894\n|teamsize|p1|6\n|teamsize|p2|6\n|gen|9\n|tier|[Gen 9] Random Battle\n|rated|\n|rule|Species Clause: Limit one of each Pok\u00e9mon\n|rule|HP Percentage Mod: HP is shown in percentages\n|rule|Sleep Clause Mod: Limit one foe put to sleep\n|rule|Illusion Level Mod: Illusion disguises the Pok\u00e9mon's true level\n|\n|t:|1733883272\n|start\n|switch|p1a: Umbreon|Umbreon, L84, M|297/297\n|switch|p2a: Mesprit|Mesprit, L85|275/275\n|turn|1\n|inactive|Battle timer is ON: inactive players will automatically lose when time's up. (requested by SilverSoulX)\n|\n|t:|1733883291\n|switch|p2a: Muk|Muk-Alola, L82, F|306/306\n|move|p1a: Umbreon|Toxic|p2a: Muk\n|-immune|p2a: Muk\n|\n|upkeep\n|turn|2\n|inactive|SilverSoulX has 120 seconds left.\n|\n|t:|1733883329\n|move|p1a: Umbreon|Foul Play|p2a: Muk\n|-resisted|p2a: Muk\n|-damage|p2a: Muk|246/306\n|move|p2a: Muk|Knock Off|p1a: Umbreon\n|-resisted|p1a: Umbreon\n|-damage|p1a: Umbreon|255/297\n|-status|p1a: Umbreon|psn|[from] ability: Poison Touch|[of] p2a: Muk\n|-activate|p1a: Umbreon|ability: Synchronize\n|-immune|p2a: Muk\n|-enditem|p1a: Umbreon|Leftovers|[from] move: Knock Off|[of] p2a: Muk\n|\n|-damage|p1a: Umbreon|218/297 psn|[from] psn\n|upkeep\n|turn|3\n|\n|t:|1733883344\n|move|p1a: Umbreon|Wish|p1a: Umbreon\n|move|p2a: Muk|Poison Jab|p1a: Umbreon\n|-damage|p1a: Umbreon|151/297 psn\n|\n|-damage|p1a: Umbreon|114/297 psn|[from] psn\n|upkeep\n|turn|4\n|\n|t:|1733883363\n|move|p1a: Umbreon|Protect|p1a: Umbreon\n|-singleturn|p1a: Umbreon|Protect\n|move|p2a: Muk|Knock Off|p1a: Umbreon\n|-activate|p1a: Umbreon|move: Protect\n|\n|-heal|p1a: Umbreon|262/297 psn|[from] move: Wish|[wisher] Umbreon\n|-damage|p1a: Umbreon|225/297 psn|[from] psn\n|upkeep\n|turn|5\n|\n|t:|1733883369\n|move|p1a: Umbreon|Wish|p1a: Umbreon\n|move|p2a: Muk|Poison Jab|p1a: Umbreon\n|-damage|p1a: Umbreon|150/297 psn\n|\n|-damage|p1a: Umbreon|113/297 psn|[from] psn\n|upkeep\n|turn|6\n|\n|t:|1733883373\n|move|p1a: Umbreon|Protect|p1a: Umbreon\n|-singleturn|p1a: Umbreon|Protect\n|move|p2a: Muk|Poison Jab|p1a: Umbreon\n|-activate|p1a: Umbreon|move: Protect\n|\n|-heal|p1a: Umbreon|261/297 psn|[from] move: Wish|[wisher] Umbreon\n|-damage|p1a: Umbreon|224/297 psn|[from] psn\n|upkeep\n|turn|7\n|\n|t:|1733883377\n|move|p1a: Umbreon|Foul Play|p2a: Muk\n|-resisted|p2a: Muk\n|-damage|p2a: Muk|189/306\n|move|p2a: Muk|Poison Jab|p1a: Umbreon\n|-damage|p1a: Umbreon|154/297 psn\n|\n|-damage|p1a: Umbreon|117/297 psn|[from] psn\n|upkeep\n|turn|8\n|\n|t:|1733883388\n|switch|p1a: Entei|Entei, L78|307/307\n|move|p2a: Muk|Poison Jab|p1a: Entei\n|-damage|p1a: Entei|211/307\n|-status|p1a: Entei|psn|[from] ability: Poison Touch|[of] p2a: Muk\n|\n|-damage|p1a: Entei|173/307 psn|[from] psn\n|upkeep\n|turn|9\n|\n|t:|1733883394\n|switch|p2a: Incineroar|Incineroar, L82, F|290/290\n|-ability|p2a: Incineroar|Intimidate|boost\n|-fail|p1a: Entei|unboost|Attack|[from] ability: Inner Focus|[of] p1a: Entei\n|move|p1a: Entei|Flare Blitz|p2a: Incineroar\n|-resisted|p2a: Incineroar\n|-damage|p2a: Incineroar|187/290\n|-damage|p1a: Entei|139/307 psn|[from] Recoil\n|\n|-damage|p1a: Entei|101/307 psn|[from] psn\n|upkeep\n|turn|10\n|\n|t:|1733883410\n|switch|p1a: Umbreon|Umbreon, L84, M|117/297 psn\n|move|p2a: Incineroar|Knock Off|p1a: Umbreon\n|-resisted|p1a: Umbreon\n|-damage|p1a: Umbreon|86/297 psn\n|\n|-damage|p1a: Umbreon|49/297 psn|[from] psn\n|upkeep\n|turn|11\n|\n|t:|1733883417\n|switch|p2a: Muk|Muk-Alola, L82, F|189/306\n|move|p1a: Umbreon|Toxic|p2a: Muk\n|-immune|p2a: Muk\n|\n|-damage|p1a: Umbreon|12/297 psn|[from] psn\n|upkeep\n|turn|12\n|\n|t:|1733883420\n|move|p1a: Umbreon|Foul Play|p2a: Muk\n|-resisted|p2a: Muk\n|-damage|p2a: Muk|127/306\n|move|p2a: Muk|Knock Off|p1a: Umbreon\n|-resisted|p1a: Umbreon\n|-damage|p1a: Umbreon|0 fnt\n|faint|p1a: Umbreon\n|\n|upkeep\n|\n|t:|1733883422\n|switch|p1a: Entei|Entei, L78|101/307 psn\n|turn|13\n|\n|t:|1733883430\n|switch|p2a: Incineroar|Incineroar, L82, F|187/290\n|-ability|p2a: Incineroar|Intimidate|boost\n|-fail|p1a: Entei|unboost|Attack|[from] ability: Inner Focus|[of] p1a: Entei\n|move|p1a: Entei|Flare Blitz|p2a: Incineroar\n|-resisted|p2a: Incineroar\n|-damage|p2a: Incineroar|96/290\n|-damage|p1a: Entei|71/307 psn|[from] Recoil\n|\n|-damage|p1a: Entei|33/307 psn|[from] psn\n|upkeep\n|turn|14\n|\n|t:|1733883453\n|switch|p2a: Muk|Muk-Alola, L82, F|127/306\n|move|p1a: Entei|Flare Blitz|p2a: Muk\n|-damage|p2a: Muk|0 fnt\n|faint|p2a: Muk\n|-damage|p1a: Entei|0 fnt|[from] Recoil\n|faint|p1a: Entei\n|\n|upkeep\n|\n|t:|1733883471\n|switch|p1a: Greninja|Greninja, L80, M|246/246\n|switch|p2a: Mesprit|Mesprit, L85|275/275\n|turn|15\n|\n|t:|1733883479\n|move|p1a: Greninja|Dark Pulse|p2a: Mesprit\n|-supereffective|p2a: Mesprit\n|-damage|p2a: Mesprit|148/275\n|-damage|p1a: Greninja|222/246|[from] item: Life Orb\n|move|p2a: Mesprit|Drain Punch|p1a: Greninja\n|-supereffective|p1a: Greninja\n|-crit|p1a: Greninja\n|-damage|p1a: Greninja|0 fnt\n|-heal|p2a: Mesprit|259/275|[from] drain|[of] p1a: Greninja\n|faint|p1a: Greninja\n|\n|upkeep\n|inactive|SilverSoulX has 120 seconds left.\n|\n|t:|1733883498\n|switch|p1a: Bellossom|Bellossom, L84, F|263/263\n|turn|16\n|\n|t:|1733883502\n|move|p2a: Mesprit|Ice Beam|p1a: Bellossom\n|-supereffective|p1a: Bellossom\n|-damage|p1a: Bellossom|143/263\n|move|p1a: Bellossom|Quiver Dance|p1a: Bellossom\n|-boost|p1a: Bellossom|spa|1\n|-boost|p1a: Bellossom|spd|1\n|-boost|p1a: Bellossom|spe|1\n|\n|-heal|p1a: Bellossom|159/263|[from] item: Leftovers\n|upkeep\n|turn|17\n|\n|t:|1733883510\n|move|p1a: Bellossom|Sleep Powder|p2a: Mesprit|[miss]\n|-miss|p1a: Bellossom|p2a: Mesprit\n|move|p2a: Mesprit|Ice Beam|p1a: Bellossom\n|-supereffective|p1a: Bellossom\n|-damage|p1a: Bellossom|81/263\n|-status|p1a: Bellossom|frz\n|\n|-heal|p1a: Bellossom|97/263 frz|[from] item: Leftovers\n|upkeep\n|turn|18\n|c|\u2606SilverSoulX|bruh\n|\n|t:|1733883516\n|cant|p1a: Bellossom|frz\n|move|p2a: Mesprit|Ice Beam|p1a: Bellossom\n|-supereffective|p1a: Bellossom\n|-damage|p1a: Bellossom|11/263 frz\n|\n|-heal|p1a: Bellossom|27/263 frz|[from] item: Leftovers\n|upkeep\n|turn|19\n|c|\u2606sorrowknight|yeah\n|\n|t:|1733883523\n|cant|p1a: Bellossom|frz\n|move|p2a: Mesprit|Ice Beam|p1a: Bellossom\n|-supereffective|p1a: Bellossom\n|-damage|p1a: Bellossom|0 fnt\n|faint|p1a: Bellossom\n|\n|upkeep\n|\n|t:|1733883543\n|switch|p1a: Salazzle|Salazzle, L83, F|249/249\n|turn|20\n|\n|t:|1733883560\n|move|p1a: Salazzle|Toxic|p2a: Mesprit\n|-status|p2a: Mesprit|tox\n|move|p2a: Mesprit|Psychic Noise|p1a: Salazzle\n|-supereffective|p1a: Salazzle\n|-damage|p1a: Salazzle|9/249\n|-start|p1a: Salazzle|move: Heal Block\n|\n|-damage|p2a: Mesprit|242/275 tox|[from] psn\n|upkeep\n|turn|21\n|\n|t:|1733883565\n|move|p1a: Salazzle|Protect|p1a: Salazzle\n|-singleturn|p1a: Salazzle|Protect\n|move|p2a: Mesprit|Psychic Noise|p1a: Salazzle\n|-activate|p1a: Salazzle|move: Protect\n|\n|-damage|p2a: Mesprit|208/275 tox|[from] psn\n|-end|p1a: Salazzle|move: Heal Block\n|upkeep\n|turn|22\n|\n|t:|1733883575\n|move|p1a: Salazzle|Protect|p1a: Salazzle\n|-singleturn|p1a: Salazzle|Protect\n|move|p2a: Mesprit|Psychic Noise|p1a: Salazzle\n|-activate|p1a: Salazzle|move: Protect\n|\n|-heal|p1a: Salazzle|24/249|[from] item: Leftovers\n|-damage|p2a: Mesprit|157/275 tox|[from] psn\n|upkeep\n|turn|23\n|\n|t:|1733883579\n|move|p1a: Salazzle|Protect||[still]\n|-fail|p1a: Salazzle\n|move|p2a: Mesprit|Psychic Noise|p1a: Salazzle\n|-supereffective|p1a: Salazzle\n|-damage|p1a: Salazzle|0 fnt\n|faint|p1a: Salazzle\n|\n|-damage|p2a: Mesprit|89/275 tox|[from] psn\n|upkeep\n|\n|t:|1733883581\n|switch|p1a: Spectrier|Spectrier, L75|274/274\n|turn|24\n|\n|t:|1733883608\n|switch|p2a: Galvantula|Galvantula, L82, F|249/249\n|move|p1a: Spectrier|Shadow Ball|p2a: Galvantula\n|-damage|p2a: Galvantula|128/249\n|-unboost|p2a: Galvantula|spd|1\n|\n|upkeep\n|turn|25\n|\n|t:|1733883612\n|move|p1a: Spectrier|Shadow Ball|p2a: Galvantula\n|-damage|p2a: Galvantula|0 fnt\n|faint|p2a: Galvantula\n|-ability|p1a: Spectrier|Grim Neigh|boost\n|-boost|p1a: Spectrier|spa|1\n|\n|upkeep\n|\n|t:|1733883639\n|switch|p2a: Seviper|Seviper, L93, M|287/287\n|turn|26\n|inactive|SilverSoulX has 120 seconds left.\n|\n|t:|1733883669\n|move|p1a: Spectrier|Substitute|p1a: Spectrier\n|-start|p1a: Spectrier|Substitute\n|-damage|p1a: Spectrier|206/274\n|move|p2a: Seviper|Trailblaze|p1a: Spectrier\n|-damage|p1a: Spectrier|143/274\n|-boost|p2a: Seviper|spe|1\n|\n|-heal|p1a: Spectrier|160/274|[from] item: Leftovers\n|upkeep\n|turn|27\n|inactive|SilverSoulX has 120 seconds left.\n|\n|t:|1733883686\n|move|p2a: Seviper|Trailblaze|p1a: Spectrier\n|-damage|p1a: Spectrier|92/274\n|-boost|p2a: Seviper|spe|1\n|move|p1a: Spectrier|Shadow Ball|p2a: Seviper\n|-damage|p2a: Seviper|128/287\n|\n|-heal|p2a: Seviper|145/287|[from] item: Leftovers\n|-heal|p1a: Spectrier|109/274|[from] item: Leftovers\n|upkeep\n|turn|28\n|\n|t:|1733883693\n|-terastallize|p2a: Seviper|Ground\n|move|p2a: Seviper|Earthquake|p1a: Spectrier\n|-damage|p1a: Spectrier|0 fnt\n|faint|p1a: Spectrier\n|\n|win|sorrowknight\n|raw|SilverSoulX's rating: 1896 &rarr; <strong>1876</strong><br />(-20 for losing)\n|raw|sorrowknight's rating: 1894 &rarr; <strong>1914</strong><br />(+20 for winning)\n|c|\u2606sorrowknight|ggs\n|c|\u2606SilverSoulX|gg\n|l|\u2606SilverSoulX\n|player|p1|\n", "inputlog": ">version bfd83cad13791eb5a5a409923076391caf6fb4d4\n>start {\"formatid\":\"gen9randombattle\",\"seed\":[2482,23465,24863,18849],\"rated\":\"Rated battle\"}\n>player p1 {\"name\":\"SilverSoulX\",\"avatar\":\"steven\",\"rating\":1896,\"seed\":[57777,30921,27650,41525]}\n>player p2 {\"name\":\"sorrowknight\",\"avatar\":\"benga\",\"rating\":1894,\"seed\":[54281,47743,54411,22307]}\n>p1 move toxic\n>p2 switch 3\n>p1 move foulplay\n>p2 move knockoff\n>p1 move wish\n>p2 move poisonjab\n>p1 move protect\n>p2 move knockoff\n>p1 move wish\n>p2 move poisonjab\n>p1 move protect\n>p2 move poisonjab\n>p1 move foulplay\n>p2 move poisonjab\n>p1 switch 5\n>p2 move poisonjab\n>p1 move flareblitz\n>p2 switch 6\n>p1 switch 5\n>p2 move knockoff\n>p1 move toxic\n>p2 switch 6\n>p1 move foulplay\n>p2 move knockoff\n>p1 switch 5\n>p1 move flareblitz\n>p2 switch 6\n>p1 move flareblitz\n>p2 switch 6\n>p1 switch 2\n>p2 switch 3\n>p1 move darkpulse\n>p2 move drainpunch\n>p1 switch 3\n>p1 move quiverdance\n>p2 move icebeam\n>p1 move sleeppowder\n>p2 move icebeam\n>chat \u2606SilverSoulX|bruh\n>p1 move sleeppowder\n>p2 move icebeam\n>chat \u2606sorrowknight|yeah\n>p1 move sleeppowder\n>p2 move icebeam\n>p1 switch 4\n>p1 move toxic\n>p2 move psychicnoise\n>p1 move protect\n>p2 move psychicnoise\n>p1 move protect\n>p2 move psychicnoise\n>p1 move protect\n>p2 move psychicnoise\n>p1 switch 6\n>p1 move shadowball\n>p2 switch 5\n>p1 move shadowball\n>p2 move thunder\n>p2 switch 2\n>p1 move substitute\n>p2 move trailblaze\n>p1 move shadowball\n>p2 move trailblaze\n>p1 move shadowball\n>p2 move earthquake terastallize", "uploadtime": 1733883721, "views": 5, "formatid": "gen9randombattle", "rating": 1876, "private": 0, "password": null}