{"id": "gen9randombattle-2216988936", "format": "[Gen 9] Random Battle", "players": ["Vitoran", "RL4T soT"], "log": "|badge|p1|bronze|gen9randombattle|100-3\n|uhtml|medal-msg|<div class=\"broadcast-blue\">Curious what those medals under the avatar are? PS now has Ladder Seasons! For more information, check out the <a href=\"https://www.smogon.com/forums/threads/3740067/\">thread on Smogon.</a></div>\n|badge|p2|bronze|gen9randombattle|100-3\n|uhtml|medal-msg|<div class=\"broadcast-blue\">Curious what those medals under the avatar are? PS now has Ladder Seasons! For more information, check out the <a href=\"https://www.smogon.com/forums/threads/3740067/\">thread on Smogon.</a></div>\n|j|\u2606Vitoran\n|j|\u2606RL4T soT\n|t:|1728203662\n|gametype|singles\n|player|p1|Vitoran|nemona-v|2267\n|player|p2|RL4T soT|101|2308\n|teamsize|p1|6\n|teamsize|p2|6\n|gen|9\n|tier|[Gen 9] Random Battle\n|rated|\n|rule|Species Clause: Limit one of each Pok\u00e9mon\n|rule|HP Percentage Mod: HP is shown in percentages\n|rule|Sleep Clause Mod: Limit one foe put to sleep\n|rule|Illusion Level Mod: Illusion disguises the Pok\u00e9mon's true level\n|\n|t:|1728203662\n|start\n|switch|p1a: Meloetta|Meloetta, L82|298/298\n|switch|p2a: Lumineon|Lumineon, L93, M|279/279\n|turn|1\n|inactive|Battle timer is ON: inactive players will automatically lose when time's up. (requested by Vitoran)\n|c|\u2606Vitoran|glhf\n|c|\u2606Vitoran|gatekeeping cycle 4\n|\n|t:|1728203683\n|switch|p2a: Munkidori|Munkidori, L79, M|269/269\n|move|p1a: Meloetta|Relic Song|p2a: Munkidori\n|-damage|p2a: Munkidori|187/269\n|-formechange|p1a: Meloetta|Meloetta-Pirouette|[msg]\n|-damage|p1a: Meloetta|269/298|[from] item: Life Orb\n|\n|upkeep\n|turn|2\n|\n|t:|1728203689\n|move|p2a: Munkidori|Fake Out|p1a: Meloetta\n|-damage|p1a: Meloetta|245/298\n|-status|p1a: Meloetta|tox|[from] ability: Toxic Chain|[of] p2a: Munkidori\n|cant|p1a: Meloetta|flinch\n|\n|-damage|p1a: Meloetta|227/298 tox|[from] psn\n|upkeep\n|turn|3\n|\n|t:|1728203697\n|switch|p2a: Wo-Chien|Wo-Chien, L83|277/277\n|-ability|p2a: Wo-Chien|Tablets of Ruin\n|move|p1a: Meloetta|Knock Off|p2a: Wo-Chien\n|-resisted|p2a: Wo-Chien\n|-damage|p2a: Wo-Chien|238/277\n|-enditem|p2a: Wo-Chien|Leftovers|[from] move: Knock Off|[of] p1a: Meloetta\n|-damage|p1a: Meloetta|198/298 tox|[from] item: Life Orb\n|\n|-damage|p1a: Meloetta|162/298 tox|[from] psn\n|upkeep\n|turn|4\n|\n|t:|1728203704\n|switch|p2a: Munkidori|Munkidori, L79, M|187/269\n|move|p1a: Meloetta|Close Combat|p2a: Munkidori\n|-resisted|p2a: Munkidori\n|-damage|p2a: Munkidori|123/269\n|-unboost|p1a: Meloetta|def|1\n|-unboost|p1a: Meloetta|spd|1\n|-damage|p1a: Meloetta|133/298 tox|[from] item: Life Orb\n|\n|-damage|p1a: Meloetta|79/298 tox|[from] psn\n|upkeep\n|turn|5\n|\n|t:|1728203719\n|move|p2a: Munkidori|Fake Out|p1a: Meloetta\n|-crit|p1a: Meloetta\n|-damage|p1a: Meloetta|31/298 tox\n|cant|p1a: Meloetta|flinch\n|\n|-damage|p1a: Meloetta|0 fnt|[from] psn\n|faint|p1a: Meloetta\n|upkeep\n|j| RL4T Theologos\n|\n|t:|1728203725\n|switch|p1a: Duraludon|Duraludon, L82, M|249/249\n|turn|6\n|\n|t:|1728203745\n|move|p2a: Munkidori|U-turn|p1a: Duraludon\n|-resisted|p1a: Duraludon\n|-damage|p1a: Duraludon|239/249\n|inactive|RL4T soT has 120 seconds left.\n|\n|t:|1728203769\n|switch|p2a: Sceptile|Sceptile, L87, F|264/264|[from] U-turn\n|move|p1a: Duraludon|Thunder Wave|p2a: Sceptile\n|-status|p2a: Sceptile|par\n|\n|upkeep\n|turn|7\n|inactive|Vitoran has 120 seconds left.\n|\n|t:|1728203809\n|move|p1a: Duraludon|Draco Meteor|p2a: Sceptile\n|-damage|p2a: Sceptile|123/264 par\n|-unboost|p1a: Duraludon|spa|2\n|move|p2a: Sceptile|Leech Seed|p1a: Duraludon\n|-start|p1a: Duraludon|move: Leech Seed\n|\n|-heal|p2a: Sceptile|139/264 par|[from] item: Leftovers\n|-damage|p1a: Duraludon|208/249|[from] Leech Seed|[of] p2a: Sceptile\n|-heal|p2a: Sceptile|170/264 par|[silent]\n|upkeep\n|turn|8\n|inactive|RL4T soT has 120 seconds left.\n|\n|t:|1728203840\n|switch|p1a: Enamorus|Enamorus, L79, F|247/247\n|move|p2a: Sceptile|Leech Seed|p1a: Enamorus\n|-start|p1a: Enamorus|move: Leech Seed\n|\n|-heal|p2a: Sceptile|186/264 par|[from] item: Leftovers\n|-damage|p1a: Enamorus|217/247|[from] Leech Seed|[of] p2a: Sceptile\n|-heal|p2a: Sceptile|216/264 par|[silent]\n|upkeep\n|turn|9\n|\n|t:|1728203853\n|switch|p1a: Skeledirge|Skeledirge, L79, M|294/294\n|move|p2a: Sceptile|Substitute|p2a: Sceptile\n|-start|p2a: Sceptile|Substitute\n|-damage|p2a: Sceptile|150/264 par\n|\n|-heal|p2a: Sceptile|166/264 par|[from] item: Leftovers\n|upkeep\n|turn|10\n|\n|t:|1728203870\n|switch|p2a: Lumineon|Lumineon, L93, M|279/279\n|move|p1a: Skeledirge|Torch Song|p2a: Lumineon\n|-resisted|p2a: Lumineon\n|-damage|p2a: Lumineon|244/279\n|-boost|p1a: Skeledirge|spa|1\n|\n|upkeep\n|turn|11\n|inactive|Vitoran has 120 seconds left.\n|\n|t:|1728203885\n|-terastallize|p1a: Skeledirge|Fairy\n|move|p2a: Lumineon|Hydro Pump|p1a: Skeledirge\n|-damage|p1a: Skeledirge|113/294\n|-damage|p2a: Lumineon|217/279|[from] item: Life Orb\n|move|p1a: Skeledirge|Flame Charge|p2a: Lumineon\n|-resisted|p2a: Lumineon\n|-damage|p2a: Lumineon|199/279\n|-boost|p1a: Skeledirge|spe|1\n|\n|upkeep\n|turn|12\n|inactive|RL4T soT has 120 seconds left.\n|\n|t:|1728203894\n|move|p1a: Skeledirge|Slack Off|p1a: Skeledirge\n|-heal|p1a: Skeledirge|260/294\n|move|p2a: Lumineon|Encore|p1a: Skeledirge\n|-start|p1a: Skeledirge|Encore\n|\n|upkeep\n|turn|13\n|\n|t:|1728203897\n|switch|p2a: Munkidori|Munkidori, L79, M|123/269\n|move|p1a: Skeledirge|Slack Off|p1a: Skeledirge\n|-heal|p1a: Skeledirge|294/294\n|\n|upkeep\n|turn|14\n|\n|t:|1728203905\n|switch|p1a: Duraludon|Duraludon, L82, M|208/249\n|move|p2a: Munkidori|Psychic Noise|p1a: Duraludon\n|-resisted|p1a: Duraludon\n|-damage|p1a: Duraludon|163/249\n|-start|p1a: Duraludon|move: Heal Block\n|\n|upkeep\n|turn|15\n|\n|t:|1728203915\n|move|p2a: Munkidori|U-turn|p1a: Duraludon\n|-resisted|p1a: Duraludon\n|-damage|p1a: Duraludon|153/249\n|\n|t:|1728203919\n|switch|p2a: Wo-Chien|Wo-Chien, L83|238/277|[from] U-turn\n|-ability|p2a: Wo-Chien|Tablets of Ruin\n|move|p1a: Duraludon|Flash Cannon|p2a: Wo-Chien\n|-damage|p2a: Wo-Chien|172/277\n|\n|-end|p1a: Duraludon|move: Heal Block\n|upkeep\n|turn|16\n|\n|t:|1728203925\n|move|p1a: Duraludon|Thunder Wave|p2a: Wo-Chien\n|-status|p2a: Wo-Chien|par\n|move|p2a: Wo-Chien|Ruination|p1a: Duraludon\n|-damage|p1a: Duraludon|77/249\n|\n|upkeep\n|turn|17\n|\n|t:|1728203928\n|move|p1a: Duraludon|Body Press|p2a: Wo-Chien\n|-supereffective|p2a: Wo-Chien\n|-damage|p2a: Wo-Chien|88/277 par\n|move|p2a: Wo-Chien|Knock Off|p1a: Duraludon\n|-damage|p1a: Duraludon|20/249\n|-enditem|p1a: Duraludon|Eviolite|[from] move: Knock Off|[of] p2a: Wo-Chien\n|\n|upkeep\n|turn|18\n|\n|t:|1728203948\n|move|p1a: Duraludon|Flash Cannon|p2a: Wo-Chien\n|-damage|p2a: Wo-Chien|13/277 par\n|-unboost|p2a: Wo-Chien|spd|1\n|cant|p2a: Wo-Chien|par\n|\n|upkeep\n|turn|19\n|\n|t:|1728203951\n|move|p1a: Duraludon|Thunder Wave|p2a: Wo-Chien\n|-fail|p2a: Wo-Chien|par\n|move|p2a: Wo-Chien|Knock Off|p1a: Duraludon\n|-damage|p1a: Duraludon|0 fnt\n|faint|p1a: Duraludon\n|\n|upkeep\n|\n|t:|1728203954\n|switch|p1a: Skeledirge|Skeledirge, L79, M, tera:Fairy|294/294\n|turn|20\n|\n|t:|1728203959\n|switch|p2a: Lumineon|Lumineon, L93, M|199/279\n|move|p1a: Skeledirge|Flame Charge|p2a: Lumineon\n|-resisted|p2a: Lumineon\n|-damage|p2a: Lumineon|180/279\n|-boost|p1a: Skeledirge|spe|1\n|\n|upkeep\n|turn|21\n|\n|t:|1728203969\n|move|p1a: Skeledirge|Torch Song|p2a: Lumineon\n|-resisted|p2a: Lumineon\n|-damage|p2a: Lumineon|141/279\n|-boost|p1a: Skeledirge|spa|1\n|move|p2a: Lumineon|Hydro Pump|p1a: Skeledirge\n|-damage|p1a: Skeledirge|119/294\n|-damage|p2a: Lumineon|114/279|[from] item: Life Orb\n|\n|upkeep\n|turn|22\n|\n|t:|1728203977\n|move|p1a: Skeledirge|Slack Off|p1a: Skeledirge\n|-heal|p1a: Skeledirge|266/294\n|move|p2a: Lumineon|Encore|p1a: Skeledirge\n|-start|p1a: Skeledirge|Encore\n|\n|upkeep\n|turn|23\n|\n|t:|1728203984\n|switch|p2a: Munkidori|Munkidori, L79, M|123/269\n|move|p1a: Skeledirge|Slack Off|p1a: Skeledirge\n|-heal|p1a: Skeledirge|294/294\n|\n|upkeep\n|turn|24\n|\n|t:|1728204008\n|switch|p1a: Lunala|Lunala, L70|308/308\n|move|p2a: Munkidori|Sludge Wave|p1a: Lunala\n|-resisted|p1a: Lunala\n|-damage|p1a: Lunala|279/308\n|\n|-heal|p1a: Lunala|298/308|[from] item: Leftovers\n|upkeep\n|turn|25\n|\n|t:|1728204017\n|move|p2a: Munkidori|U-turn|p1a: Lunala\n|-damage|p1a: Lunala|252/308\n|\n|t:|1728204023\n|switch|p2a: Kricketune|Kricketune, L99, F|312/312|[from] U-turn\n|move|p1a: Lunala|Calm Mind|p1a: Lunala\n|-boost|p1a: Lunala|spa|1\n|-boost|p1a: Lunala|spd|1\n|\n|-heal|p1a: Lunala|271/308|[from] item: Leftovers\n|upkeep\n|turn|26\n|\n|t:|1728204032\n|switch|p1a: Enamorus|Enamorus, L79, F|217/247\n|move|p2a: Kricketune|Knock Off|p1a: Enamorus\n|-resisted|p1a: Enamorus\n|-damage|p1a: Enamorus|162/247\n|-enditem|p1a: Enamorus|Heavy-Duty Boots|[from] move: Knock Off|[of] p2a: Kricketune\n|\n|upkeep\n|turn|27\n|\n|t:|1728204050\n|switch|p2a: Munkidori|Munkidori, L79, M|123/269\n|move|p1a: Enamorus|Moonblast|p2a: Munkidori\n|-resisted|p2a: Munkidori\n|-damage|p2a: Munkidori|84/269\n|\n|upkeep\n|turn|28\n|\n|t:|1728204062\n|move|p2a: Munkidori|Fake Out|p1a: Enamorus\n|-damage|p1a: Enamorus|134/247\n|-start|p2a: Munkidori|Attract|[from] ability: Cute Charm|[of] p1a: Enamorus\n|-status|p1a: Enamorus|tox|[from] ability: Toxic Chain|[of] p2a: Munkidori\n|cant|p1a: Enamorus|flinch\n|\n|-damage|p1a: Enamorus|119/247 tox|[from] psn\n|upkeep\n|turn|29\n|\n|t:|1728204072\n|switch|p2a: Wo-Chien|Wo-Chien, L83|13/277 par\n|-ability|p2a: Wo-Chien|Tablets of Ruin\n|move|p1a: Enamorus|Earth Power|p2a: Wo-Chien\n|-resisted|p2a: Wo-Chien\n|-damage|p2a: Wo-Chien|0 fnt\n|faint|p2a: Wo-Chien\n|\n|-damage|p1a: Enamorus|89/247 tox|[from] psn\n|upkeep\n|\n|t:|1728204075\n|switch|p2a: Lumineon|Lumineon, L93, M|114/279\n|turn|30\n|\n|t:|1728204079\n|move|p2a: Lumineon|Ice Beam|p1a: Enamorus\n|-supereffective|p1a: Enamorus\n|-damage|p1a: Enamorus|0 fnt\n|faint|p1a: Enamorus\n|-damage|p2a: Lumineon|87/279|[from] item: Life Orb\n|\n|upkeep\n|\n|t:|1728204091\n|switch|p1a: Skeledirge|Skeledirge, L79, M, tera:Fairy|294/294\n|turn|31\n|inactive|RL4T soT has 120 seconds left.\n|\n|t:|1728204131\n|move|p2a: Lumineon|Hydro Pump|p1a: Skeledirge\n|-damage|p1a: Skeledirge|117/294\n|-damage|p2a: Lumineon|60/279|[from] item: Life Orb\n|move|p1a: Skeledirge|Flame Charge|p2a: Lumineon\n|-resisted|p2a: Lumineon\n|-damage|p2a: Lumineon|42/279\n|-boost|p1a: Skeledirge|spe|1\n|\n|upkeep\n|turn|32\n|inactive|RL4T soT has 120 seconds left.\n|\n|t:|1728204141\n|move|p1a: Skeledirge|Shadow Ball|p2a: Lumineon\n|-damage|p2a: Lumineon|0 fnt\n|faint|p2a: Lumineon\n|\n|upkeep\n|inactive|RL4T soT has 120 seconds left.\n|\n|t:|1728204147\n|switch|p2a: Indeedee|Indeedee, L84, M|238/238\n|-fieldstart|move: Psychic Terrain|[from] ability: Psychic Surge|[of] p2a: Indeedee\n|turn|33\n|\n|t:|1728204158\n|switch|p1a: Moltres|Moltres-Galar, L79|271/271\n|move|p2a: Indeedee|Expanding Force|p1a: Moltres\n|-immune|p1a: Moltres\n|\n|upkeep\n|turn|34\n|inactive|RL4T soT has 120 seconds left.\n|inactive|RL4T soT has 90 seconds left.\n|\n|t:|1728204225\n|switch|p2a: Kricketune|Kricketune, L99, F|312/312\n|move|p1a: Moltres|Nasty Plot|p1a: Moltres\n|-boost|p1a: Moltres|spa|2\n|\n|upkeep\n|turn|35\n|inactive|Vitoran has 120 seconds left.\n|\n|t:|1728204256\n|move|p1a: Moltres|Hurricane|p2a: Kricketune\n|-supereffective|p2a: Kricketune\n|-damage|p2a: Kricketune|0 fnt\n|faint|p2a: Kricketune\n|\n|upkeep\n|\n|t:|1728204264\n|switch|p2a: Munkidori|Munkidori, L79, M|84/269\n|turn|36\n|\n|t:|1728204276\n|move|p2a: Munkidori|Fake Out|p1a: Moltres\n|-hint|Psychic Terrain doesn't affect Pok\u00e9mon immune to Ground.\n|-damage|p1a: Moltres|250/271\n|cant|p1a: Moltres|flinch\n|\n|upkeep\n|turn|37\n|\n|t:|1728204293\n|move|p2a: Munkidori|Sludge Wave|p1a: Moltres\n|-damage|p1a: Moltres|160/271\n|move|p1a: Moltres|Fiery Wrath|p2a: Munkidori\n|-supereffective|p2a: Munkidori\n|-damage|p2a: Munkidori|0 fnt\n|faint|p2a: Munkidori\n|\n|-fieldend|move: Psychic Terrain\n|upkeep\n|\n|t:|1728204301\n|switch|p2a: Indeedee|Indeedee, L84, M|238/238\n|-fieldstart|move: Psychic Terrain|[from] ability: Psychic Surge|[of] p2a: Indeedee\n|turn|38\n|\n|t:|1728204315\n|switch|p1a: Lunala|Lunala, L70|271/308\n|move|p2a: Indeedee|Hyper Voice|p1a: Lunala\n|-immune|p1a: Lunala\n|\n|-heal|p1a: Lunala|290/308|[from] item: Leftovers\n|upkeep\n|turn|39\n|\n|t:|1728204333\n|move|p2a: Indeedee|Calm Mind|p2a: Indeedee\n|-boost|p2a: Indeedee|spa|1\n|-boost|p2a: Indeedee|spd|1\n|move|p1a: Lunala|Moongeist Beam|p2a: Indeedee\n|-immune|p2a: Indeedee\n|\n|-heal|p1a: Lunala|308/308|[from] item: Leftovers\n|upkeep\n|turn|40\n|\n|t:|1728204341\n|move|p2a: Indeedee|Shadow Ball|p1a: Lunala\n|-supereffective|p1a: Lunala\n|-damage|p1a: Lunala|87/308\n|-damage|p2a: Indeedee|215/238|[from] item: Life Orb\n|move|p1a: Lunala|Calm Mind|p1a: Lunala\n|-boost|p1a: Lunala|spa|1\n|-boost|p1a: Lunala|spd|1\n|\n|-heal|p1a: Lunala|106/308|[from] item: Leftovers\n|upkeep\n|turn|41\n|c|\u2606Vitoran|shit\n|c|\u2606Vitoran|the absolute worst set at every turn\n|\n|t:|1728204360\n|move|p2a: Indeedee|Shadow Ball|p1a: Lunala\n|-supereffective|p1a: Lunala\n|-damage|p1a: Lunala|0 fnt\n|faint|p1a: Lunala\n|-damage|p2a: Indeedee|192/238|[from] item: Life Orb\n|\n|upkeep\n|\n|t:|1728204366\n|switch|p1a: Moltres|Moltres-Galar, L79|160/271\n|turn|42\n|\n|t:|1728204371\n|move|p2a: Indeedee|Hyper Voice|p1a: Moltres\n|-damage|p1a: Moltres|3/271\n|-ability|p1a: Moltres|Berserk|boost\n|-boost|p1a: Moltres|spa|1\n|-damage|p2a: Indeedee|169/238|[from] item: Life Orb\n|move|p1a: Moltres|Rest|p1a: Moltres\n|-status|p1a: Moltres|slp|[from] move: Rest\n|-heal|p1a: Moltres|271/271 slp|[silent]\n|-enditem|p1a: Moltres|Chesto Berry|[eat]\n|-curestatus|p1a: Moltres|slp|[msg]\n|\n|-fieldend|move: Psychic Terrain\n|upkeep\n|turn|43\n|c|\u2606RL4T soT|no way this lives\n|c|\u2606RL4T soT|wtf\n|c|\u2606Vitoran|fat birb\n|\n|t:|1728204387\n|move|p2a: Indeedee|Hyper Voice|p1a: Moltres\n|-damage|p1a: Moltres|118/271\n|-ability|p1a: Moltres|Berserk|boost\n|-boost|p1a: Moltres|spa|1\n|-damage|p2a: Indeedee|146/238|[from] item: Life Orb\n|move|p1a: Moltres|Fiery Wrath|p2a: Indeedee\n|-supereffective|p2a: Indeedee\n|-damage|p2a: Indeedee|0 fnt\n|faint|p2a: Indeedee\n|\n|upkeep\n|-message|RL4T soT forfeited.\n|\n|win|Vitoran\n|raw|Vitoran's rating: 2267 &rarr; <strong>2286</strong><br />(+19 for winning)\n|raw|RL4T soT's rating: 2255 &rarr; <strong>2236</strong><br />(-19 for losing)\n|l|\u2606RL4T soT\n|player|p2|\n|c|\u2606Vitoran|gg\n|l| RL4T Theologos\n", "inputlog": ">version 86ae7daf8e420bb3f6c82a6a988ddcc1b1aa7e58\n>start {\"formatid\":\"gen9randombattle\",\"seed\":[35618,43347,4780,59019],\"rated\":\"Rated battle\"}\n>player p1 {\"name\":\"Vitoran\",\"avatar\":\"nemona-v\",\"rating\":2267,\"seed\":[18180,50696,54676,42131]}\n>player p2 {\"name\":\"RL4T soT\",\"avatar\":\"101\",\"rating\":2308,\"seed\":[20444,64695,11261,34630]}\n>chat \u2606Vitoran|glhf\n>chat \u2606Vitoran|gatekeeping cycle 4\n>p1 move relicsong\n>p2 switch 6\n>p1 move knockoff\n>p2 move fakeout\n>p1 move knockoff\n>p2 switch 4\n>p1 move closecombat\n>p2 switch 4\n>p1 move closecombat\n>p2 move fakeout\n>p1 switch 6\n>p1 move thunderwave\n>p2 move uturn\n>p2 switch 2\n>p1 move dracometeor\n>p2 move leechseed\n>p1 switch 4\n>p2 move leechseed\n>p1 switch 3\n>p2 move substitute\n>p1 move torchsong\n>p2 switch 6\n>p1 move flamecharge terastallize\n>p2 move hydropump\n>p1 move slackoff\n>p2 move encore\n>p1 move slackoff\n>p2 switch 2\n>p1 switch 4\n>p2 move psychicnoise\n>p1 move flashcannon\n>p2 move uturn\n>p2 switch 4\n>p1 move thunderwave\n>p2 move ruination\n>p1 move bodypress\n>p2 move knockoff\n>p1 move flashcannon\n>p2 move knockoff\n>p1 move thunderwave\n>p2 move knockoff\n>p1 switch 4\n>p1 move flamecharge\n>p2 switch 2\n>p1 move torchsong\n>p2 move hydropump\n>p1 move slackoff\n>p2 move encore\n>p1 move slackoff\n>p2 switch 4\n>p1 switch 5\n>p2 move sludgewave\n>p1 move calmmind\n>p2 move uturn\n>p2 switch 5\n>p1 switch 3\n>p2 move knockoff\n>p1 move moonblast\n>p2 switch 5\n>p1 move earthpower\n>p2 move fakeout\n>p1 move earthpower\n>p2 switch 2\n>p2 switch 4\n>p1 move moonblast\n>p2 move icebeam\n>p1 switch 5\n>p1 move flamecharge\n>p2 move hydropump\n>p1 move shadowball\n>p2 move hydropump\n>p2 switch 3\n>p1 switch 2\n>p2 move expandingforce\n>p1 move nastyplot\n>p2 switch 5\n>p1 move hurricane\n>p2 move taunt\n>p2 switch 2\n>p1 move fierywrath\n>p2 move fakeout\n>p1 move fierywrath\n>p2 move sludgewave\n>p2 switch 5\n>p1 switch 3\n>p2 move hypervoice\n>p1 move moongeistbeam\n>p2 move calmmind\n>p1 move calmmind\n>p2 move shadowball\n>chat \u2606Vitoran|shit\n>chat \u2606Vitoran|the absolute worst set at every turn\n>p1 move moonblast\n>p2 move shadowball\n>p1 switch 3\n>p1 move rest\n>p2 move hypervoice\n>chat \u2606RL4T soT|no way this lives\n>chat \u2606RL4T soT|wtf\n>chat \u2606Vitoran|fat birb\n>p1 move fierywrath\n>p2 move hypervoice\n>forcelose p2", "uploadtime": 1728204394, "views": 69, "formatid": "gen9randombattle", "rating": 2236, "private": 0, "password": null}