{"id": "gen9randombattle-2259909700", "format": "[Gen 9] Random Battle", "players": ["Kneesocks Clive", "EMP7"], "log": "|j|\u2606Kneesocks Clive\n|j|\u203dEMP7\n|t:|1733778949\n|gametype|singles\n|player|p1|Kneesocks Clive|hugh|1368\n|player|p2|EMP7|burglar|1418\n|teamsize|p1|6\n|teamsize|p2|6\n|gen|9\n|tier|[Gen 9] Random Battle\n|rated|\n|rule|Species Clause: Limit one of each Pok\u00e9mon\n|rule|HP Percentage Mod: HP is shown in percentages\n|rule|Sleep Clause Mod: Limit one foe put to sleep\n|rule|Illusion Level Mod: Illusion disguises the Pok\u00e9mon's true level\n|\n|t:|1733778949\n|start\n|switch|p1a: Duraludon|Duraludon, L82, F|249/249\n|switch|p2a: Gogoat|Gogoat, L88, F|360/360\n|turn|1\n|inactive|Battle timer is ON: inactive players will automatically lose when time's up. (requested by EMP7)\n|c|\u2606Kneesocks Clive|glhf\n|\n|t:|1733778980\n|switch|p1a: Dodrio|Dodrio, L86, M|243/243\n|switch|p2a: Skeledirge|Skeledirge, L79, M|294/294\n|\n|upkeep\n|turn|2\n|\n|t:|1733778997\n|move|p1a: Dodrio|Knock Off|p2a: Skeledirge\n|-supereffective|p2a: Skeledirge\n|-damage|p2a: Skeledirge|130/294\n|-enditem|p2a: Skeledirge|Heavy-Duty Boots|[from] move: Knock Off|[of] p1a: Dodrio\n|move|p2a: Skeledirge|Torch Song|p1a: Dodrio\n|-damage|p1a: Dodrio|144/243\n|-boost|p2a: Skeledirge|spa|1\n|\n|upkeep\n|turn|3\n|\n|t:|1733779006\n|move|p1a: Dodrio|Brave Bird|p2a: Skeledirge\n|-damage|p2a: Skeledirge|0 fnt\n|faint|p2a: Skeledirge\n|-damage|p1a: Dodrio|101/243|[from] Recoil\n|\n|upkeep\n|\n|t:|1733779021\n|switch|p2a: Weezing|Weezing, L88, F|258/258\n|turn|4\n|\n|t:|1733779028\n|move|p1a: Dodrio|Knock Off|p2a: Weezing\n|-damage|p2a: Weezing|200/258\n|-enditem|p2a: Weezing|Leftovers|[from] move: Knock Off|[of] p1a: Dodrio\n|move|p2a: Weezing|Gunk Shot|p1a: Dodrio\n|-damage|p1a: Dodrio|0 fnt\n|faint|p1a: Dodrio\n|\n|upkeep\n|\n|t:|1733779038\n|switch|p1a: Duraludon|Duraludon, L82, F|249/249\n|turn|5\n|\n|t:|1733779049\n|move|p1a: Duraludon|Draco Meteor|p2a: Weezing\n|-damage|p2a: Weezing|35/258\n|-unboost|p1a: Duraludon|spa|2\n|move|p2a: Weezing|Fire Blast|p1a: Duraludon\n|-damage|p1a: Duraludon|170/249\n|\n|upkeep\n|turn|6\n|\n|t:|1733779061\n|switch|p2a: Alomomola|Alomomola, L87, M|429/429\n|move|p1a: Duraludon|Body Press|p2a: Alomomola\n|-damage|p2a: Alomomola|365/429\n|-damage|p1a: Duraludon|129/249|[from] item: Rocky Helmet|[of] p2a: Alomomola\n|\n|upkeep\n|turn|7\n|\n|t:|1733779086\n|switch|p1a: Misdreavus|Misdreavus, L90, M|254/254\n|move|p2a: Alomomola|Wish|p2a: Alomomola\n|\n|upkeep\n|turn|8\n|\n|t:|1733779093\n|move|p1a: Misdreavus|Calm Mind|p1a: Misdreavus\n|-boost|p1a: Misdreavus|spa|1\n|-boost|p1a: Misdreavus|spd|1\n|move|p2a: Alomomola|Flip Turn|p1a: Misdreavus\n|-damage|p1a: Misdreavus|212/254\n|\n|t:|1733779102\n|switch|p2a: Weezing|Weezing, L88, F|35/258|[from] Flip Turn\n|\n|-heal|p2a: Weezing|249/258|[from] move: Wish|[wisher] Alomomola\n|upkeep\n|turn|9\n|\n|t:|1733779113\n|move|p1a: Misdreavus|Will-O-Wisp|p2a: Weezing\n|-status|p2a: Weezing|brn\n|move|p2a: Weezing|Pain Split|p1a: Misdreavus\n|-sethp|p1a: Misdreavus|230/254|[from] move: Pain Split|[silent]\n|-sethp|p2a: Weezing|230/258 brn|[from] move: Pain Split\n|\n|-damage|p2a: Weezing|214/258 brn|[from] brn\n|upkeep\n|turn|10\n|\n|t:|1733779121\n|move|p1a: Misdreavus|Calm Mind|p1a: Misdreavus\n|-boost|p1a: Misdreavus|spa|1\n|-boost|p1a: Misdreavus|spd|1\n|move|p2a: Weezing|Fire Blast|p1a: Misdreavus\n|-damage|p1a: Misdreavus|204/254\n|\n|-damage|p2a: Weezing|198/258 brn|[from] brn\n|upkeep\n|turn|11\n|\n|t:|1733779128\n|move|p1a: Misdreavus|Calm Mind|p1a: Misdreavus\n|-boost|p1a: Misdreavus|spa|1\n|-boost|p1a: Misdreavus|spd|1\n|move|p2a: Weezing|Pain Split|p1a: Misdreavus\n|-sethp|p1a: Misdreavus|201/254|[from] move: Pain Split|[silent]\n|-sethp|p2a: Weezing|201/258 brn|[from] move: Pain Split\n|\n|-damage|p2a: Weezing|185/258 brn|[from] brn\n|upkeep\n|turn|12\n|\n|t:|1733779143\n|switch|p2a: Alomomola|Alomomola, L87, M|429/429\n|move|p1a: Misdreavus|Shadow Ball|p2a: Alomomola\n|-damage|p2a: Alomomola|104/429\n|\n|upkeep\n|turn|13\n|\n|t:|1733779150\n|move|p1a: Misdreavus|Draining Kiss|p2a: Alomomola\n|-damage|p2a: Alomomola|0 fnt\n|-heal|p1a: Misdreavus|254/254|[from] drain|[of] p2a: Alomomola\n|-damage|p1a: Misdreavus|212/254|[from] item: Rocky Helmet|[of] p2a: Alomomola\n|faint|p2a: Alomomola\n|\n|upkeep\n|\n|t:|1733779153\n|switch|p2a: Spidops|Spidops, L96, M|271/271\n|turn|14\n|\n|t:|1733779164\n|move|p1a: Misdreavus|Shadow Ball|p2a: Spidops\n|-damage|p2a: Spidops|72/271\n|move|p2a: Spidops|Sticky Web|p1a: Misdreavus\n|-sidestart|p1: Kneesocks Clive|move: Sticky Web\n|\n|upkeep\n|turn|15\n|\n|t:|1733779173\n|move|p1a: Misdreavus|Shadow Ball|p2a: Spidops\n|-damage|p2a: Spidops|0 fnt\n|faint|p2a: Spidops\n|\n|upkeep\n|\n|t:|1733779182\n|switch|p2a: Gogoat|Gogoat, L88, F|360/360\n|turn|16\n|\n|t:|1733779190\n|move|p1a: Misdreavus|Shadow Ball|p2a: Gogoat\n|-damage|p2a: Gogoat|140/360\n|move|p2a: Gogoat|Horn Leech|p1a: Misdreavus\n|-damage|p1a: Misdreavus|137/254\n|-heal|p2a: Gogoat|178/360|[from] drain|[of] p1a: Misdreavus\n|\n|-heal|p2a: Gogoat|200/360|[from] item: Leftovers\n|upkeep\n|turn|17\n|\n|t:|1733779205\n|move|p1a: Misdreavus|Draining Kiss|p2a: Gogoat\n|-damage|p2a: Gogoat|107/360\n|-heal|p1a: Misdreavus|207/254|[from] drain|[of] p2a: Gogoat\n|move|p2a: Gogoat|Milk Drink|p2a: Gogoat\n|-heal|p2a: Gogoat|287/360\n|\n|-heal|p2a: Gogoat|309/360|[from] item: Leftovers\n|upkeep\n|turn|18\n|\n|t:|1733779214\n|move|p1a: Misdreavus|Will-O-Wisp|p2a: Gogoat\n|-status|p2a: Gogoat|brn\n|move|p2a: Gogoat|Horn Leech|p1a: Misdreavus\n|-damage|p1a: Misdreavus|167/254\n|-heal|p2a: Gogoat|329/360 brn|[from] drain|[of] p1a: Misdreavus\n|\n|-heal|p2a: Gogoat|351/360 brn|[from] item: Leftovers\n|-damage|p2a: Gogoat|329/360 brn|[from] brn\n|upkeep\n|turn|19\n|\n|t:|1733779230\n|switch|p2a: Weezing|Weezing, L88, F|185/258 brn\n|move|p1a: Misdreavus|Draining Kiss|p2a: Weezing\n|-resisted|p2a: Weezing\n|-damage|p2a: Weezing|135/258 brn\n|-heal|p1a: Misdreavus|205/254|[from] drain|[of] p2a: Weezing\n|\n|-damage|p2a: Weezing|119/258 brn|[from] brn\n|upkeep\n|turn|20\n|\n|t:|1733779235\n|move|p1a: Misdreavus|Shadow Ball|p2a: Weezing\n|-damage|p2a: Weezing|0 fnt\n|faint|p2a: Weezing\n|\n|upkeep\n|\n|t:|1733779239\n|switch|p2a: Typhlosion|Typhlosion-Hisui, L83, M|257/257\n|turn|21\n|\n|t:|1733779243\n|-terastallize|p2a: Typhlosion|Fire\n|-terastallize|p1a: Misdreavus|Fairy\n|move|p2a: Typhlosion|Fire Blast|p1a: Misdreavus\n|-damage|p1a: Misdreavus|157/254\n|move|p1a: Misdreavus|Shadow Ball|p2a: Typhlosion\n|-damage|p2a: Typhlosion|46/257\n|-unboost|p2a: Typhlosion|spd|1\n|\n|-heal|p2a: Typhlosion|62/257|[from] item: Leftovers\n|upkeep\n|turn|22\n|-message|EMP7 forfeited.\n|\n|win|Kneesocks Clive\n|raw|Kneesocks Clive's rating: 1368 &rarr; <strong>1391</strong><br />(+23 for winning)\n|raw|EMP7's rating: 1418 &rarr; <strong>1395</strong><br />(-23 for losing)\n|l|\u203dEMP7\n|player|p2|\n", "inputlog": ">version bfd83cad13791eb5a5a409923076391caf6fb4d4\n>start {\"formatid\":\"gen9randombattle\",\"seed\":[36401,51305,41649,65034],\"rated\":\"Rated battle\"}\n>player p1 {\"name\":\"Kneesocks Clive\",\"avatar\":\"hugh\",\"rating\":1368,\"seed\":[62783,61703,58050,59314]}\n>player p2 {\"name\":\"EMP7\",\"avatar\":\"burglar\",\"rating\":1418,\"seed\":[63815,1462,49272,23793]}\n>chat \u2606Kneesocks Clive|glhf\n>p1 switch 4\n>p2 switch 2\n>p1 move knockoff\n>p2 move torchsong\n>p1 move bravebird\n>p2 move torchsong\n>p2 switch 4\n>p1 move knockoff\n>p2 move gunkshot\n>p1 switch 4\n>p1 move dracometeor\n>p2 move fireblast\n>p1 move bodypress\n>p2 switch 6\n>p1 switch 6\n>p2 move wish\n>p1 move calmmind\n>p2 move flipturn\n>p2 switch 6\n>p1 move willowisp\n>p2 move painsplit\n>p1 move calmmind\n>p2 move fireblast\n>p1 move calmmind\n>p2 move painsplit\n>p1 move shadowball\n>p2 switch 6\n>p1 move drainingkiss\n>p2 move flipturn\n>p2 switch 3\n>p1 move shadowball\n>p2 move stickyweb\n>p1 move shadowball\n>p2 move knockoff\n>p2 switch 2\n>p1 move shadowball\n>p2 move hornleech\n>p1 move drainingkiss\n>p2 move milkdrink\n>p1 move willowisp\n>p2 move hornleech\n>p1 move drainingkiss\n>p2 switch 6\n>p1 move shadowball\n>p2 move willowisp\n>p2 switch 5\n>p1 move shadowball terastallize\n>p2 move fireblast terastallize\n>forcelose p2", "uploadtime": 1733779266, "views": 3, "formatid": "gen9randombattle", "rating": 1391, "private": 0, "password": null}