{"id": "gen9randombattle-2056324697", "format": "[Gen 9] Random Battle", "players": ["supergriefer101", "yes or no my dude\u2740"], "log": "|j|\u2606supergriefer101\n|j|\u2606yes or no my dude\u2740\n|t:|1707587025\n|gametype|singles\n|player|p1|supergriefer101|dawn-gen4pt|2306\n|player|p2|yes or no my dude\u2740|#rbtt7teamdarkraif|2303\n|teamsize|p1|6\n|teamsize|p2|6\n|gen|9\n|tier|[Gen 9] Random Battle\n|rated|\n|rule|Species Clause: Limit one of each Pok\u00e9mon\n|rule|HP Percentage Mod: HP is shown in percentages\n|rule|Sleep Clause Mod: Limit one foe put to sleep\n|rule|Illusion Level Mod: Illusion disguises the Pok\u00e9mon's true level\n|\n|t:|1707587025\n|start\n|switch|p1a: Dudunsparce|Dudunsparce, L82, F|339/339\n|switch|p2a: Quagsire|Quagsire, L84, F|297/297\n|turn|1\n|inactive|Battle timer is ON: inactive players will automatically lose when time's up. (requested by yes or no my dude\u2740)\n|\n|t:|1707587041\n|move|p1a: Dudunsparce|Boomburst|p2a: Quagsire\n|-damage|p2a: Quagsire|144/297\n|move|p2a: Quagsire|Toxic|p1a: Dudunsparce|[miss]\n|-miss|p2a: Quagsire|p1a: Dudunsparce\n|\n|-heal|p2a: Quagsire|162/297|[from] item: Leftovers\n|upkeep\n|turn|2\n|\n|t:|1707587046\n|switch|p2a: Oricorio|Oricorio-Sensu, L85, F|266/266\n|move|p1a: Dudunsparce|Boomburst|p2a: Oricorio\n|-immune|p2a: Oricorio\n|\n|upkeep\n|turn|3\n|\n|t:|1707587051\n|switch|p2a: Quagsire|Quagsire, L84, F|162/297\n|move|p1a: Dudunsparce|Calm Mind|p1a: Dudunsparce\n|-boost|p1a: Dudunsparce|spa|1\n|-boost|p1a: Dudunsparce|spd|1\n|\n|-heal|p2a: Quagsire|180/297|[from] item: Leftovers\n|upkeep\n|turn|4\n|\n|t:|1707587061\n|switch|p1a: Rabsca|Rabsca, L91, M|284/284\n|move|p2a: Quagsire|Recover|p2a: Quagsire\n|-heal|p2a: Quagsire|297/297\n|\n|upkeep\n|turn|5\n|\n|t:|1707587070\n|move|p2a: Quagsire|Toxic|p1a: Rabsca\n|-status|p1a: Rabsca|tox\n|-activate|p1a: Rabsca|ability: Synchronize\n|-status|p2a: Quagsire|tox\n|move|p1a: Rabsca|Psychic|p2a: Quagsire\n|-damage|p2a: Quagsire|128/297 tox\n|-unboost|p2a: Quagsire|spd|1\n|\n|-heal|p2a: Quagsire|146/297 tox|[from] item: Leftovers\n|-damage|p2a: Quagsire|128/297 tox|[from] psn\n|-damage|p1a: Rabsca|267/284 tox|[from] psn\n|upkeep\n|turn|6\n|\n|t:|1707587077\n|switch|p2a: Hoopa|Hoopa-Unbound, L80|259/259\n|move|p1a: Rabsca|Bug Buzz|p2a: Hoopa\n|-supereffective|p2a: Hoopa\n|-damage|p2a: Hoopa|0 fnt\n|faint|p2a: Hoopa\n|\n|-damage|p1a: Rabsca|233/284 tox|[from] psn\n|upkeep\n|\n|t:|1707587080\n|switch|p2a: Oricorio|Oricorio-Sensu, L85, F|266/266\n|turn|7\n|\n|t:|1707587088\n|switch|p1a: Weavile|Weavile, L79, F|240/240\n|move|p2a: Oricorio|Quiver Dance|p2a: Oricorio\n|-boost|p2a: Oricorio|spa|1\n|-boost|p2a: Oricorio|spd|1\n|-boost|p2a: Oricorio|spe|1\n|\n|upkeep\n|turn|8\n|\n|t:|1707587092\n|-terastallize|p2a: Oricorio|Fighting\n|move|p2a: Oricorio|Revelation Dance|p1a: Weavile\n|-supereffective|p1a: Weavile\n|-damage|p1a: Weavile|0 fnt\n|faint|p1a: Weavile\n|\n|upkeep\n|inactive|supergriefer101 has 120 seconds left.\n|\n|t:|1707587129\n|switch|p1a: Glaceon|Glaceon, L94, F|275/275\n|turn|9\n|\n|t:|1707587135\n|move|p2a: Oricorio|Revelation Dance|p1a: Glaceon\n|-supereffective|p1a: Glaceon\n|-damage|p1a: Glaceon|21/275\n|move|p1a: Glaceon|Yawn|p2a: Oricorio\n|-start|p2a: Oricorio|move: Yawn|[of] p1a: Glaceon\n|\n|upkeep\n|turn|10\n|\n|t:|1707587141\n|switch|p2a: Toxtricity|Toxtricity, L82, M|257/257\n|switch|p1a: Gallade|Gallade, L82, M|246/246\n|\n|upkeep\n|turn|11\n|\n|t:|1707587151\n|switch|p2a: Quagsire|Quagsire, L84, F|128/297 tox\n|move|p1a: Gallade|Agility|p1a: Gallade\n|-boost|p1a: Gallade|spe|2\n|\n|-heal|p2a: Quagsire|146/297 tox|[from] item: Leftovers\n|-damage|p2a: Quagsire|128/297 tox|[from] psn\n|upkeep\n|turn|12\n|\n|t:|1707587156\n|move|p1a: Gallade|Sacred Sword|p2a: Quagsire\n|-damage|p2a: Quagsire|0 fnt\n|faint|p2a: Quagsire\n|-damage|p1a: Gallade|222/246|[from] item: Life Orb\n|\n|upkeep\n|\n|t:|1707587164\n|switch|p2a: Tauros|Tauros-Paldea-Blaze, L81, M|254/254\n|-ability|p2a: Tauros|Intimidate|boost\n|-unboost|p1a: Gallade|atk|1\n|turn|13\n|\n|t:|1707587201\n|switch|p1a: Glaceon|Glaceon, L94, F|21/275\n|switch|p2a: Flygon|Flygon, L82, M|265/265\n|\n|upkeep\n|turn|14\n|\n|t:|1707587207\n|move|p2a: Flygon|U-turn|p1a: Glaceon\n|-damage|p1a: Glaceon|0 fnt\n|faint|p1a: Glaceon\n|\n|t:|1707587212\n|switch|p2a: Tauros|Tauros-Paldea-Blaze, L81, M|254/254|[from] U-turn\n|\n|upkeep\n|\n|t:|1707587219\n|switch|p1a: Pincurchin|Pincurchin, L98, F|253/253\n|-fieldstart|move: Electric Terrain|[from] ability: Electric Surge|[of] p1a: Pincurchin\n|turn|15\n|\n|t:|1707587227\n|switch|p2a: Flygon|Flygon, L82, M|265/265\n|move|p1a: Pincurchin|Scald|p2a: Flygon\n|-damage|p2a: Flygon|191/265\n|-status|p2a: Flygon|brn\n|\n|-damage|p2a: Flygon|175/265 brn|[from] brn\n|upkeep\n|turn|16\n|\n|t:|1707587231\n|move|p2a: Flygon|Earthquake|p1a: Pincurchin\n|-supereffective|p1a: Pincurchin\n|-damage|p1a: Pincurchin|168/253\n|move|p1a: Pincurchin|Toxic Spikes|p2a: Flygon\n|-sidestart|p2: yes or no my dude\u2740|move: Toxic Spikes\n|\n|-heal|p1a: Pincurchin|183/253|[from] item: Leftovers\n|-damage|p2a: Flygon|159/265 brn|[from] brn\n|upkeep\n|turn|17\n|\n|t:|1707587233\n|switch|p2a: Toxtricity|Toxtricity, L82, M|257/257\n|-sideend|p2: yes or no my dude\u2740|move: Toxic Spikes|[of] p2a: Toxtricity\n|move|p1a: Pincurchin|Thunderbolt|p2a: Toxtricity\n|-resisted|p2a: Toxtricity\n|-damage|p2a: Toxtricity|168/257\n|\n|-heal|p1a: Pincurchin|198/253|[from] item: Leftovers\n|upkeep\n|turn|18\n|\n|t:|1707587238\n|move|p2a: Toxtricity|Boomburst|p1a: Pincurchin\n|-damage|p1a: Pincurchin|21/253\n|move|p1a: Pincurchin|Thunderbolt|p2a: Toxtricity\n|-resisted|p2a: Toxtricity\n|-damage|p2a: Toxtricity|70/257\n|\n|-heal|p1a: Pincurchin|36/253|[from] item: Leftovers\n|upkeep\n|turn|19\n|\n|t:|1707587242\n|move|p2a: Toxtricity|Boomburst|p1a: Pincurchin\n|-damage|p1a: Pincurchin|0 fnt\n|faint|p1a: Pincurchin\n|\n|-fieldend|move: Electric Terrain\n|upkeep\n|\n|t:|1707587248\n|switch|p1a: Gallade|Gallade, L82, M|222/246\n|turn|20\n|\n|t:|1707587252\n|move|p1a: Gallade|Psycho Cut|p2a: Toxtricity\n|-supereffective|p2a: Toxtricity\n|-damage|p2a: Toxtricity|0 fnt\n|faint|p2a: Toxtricity\n|-damage|p1a: Gallade|198/246|[from] item: Life Orb\n|\n|upkeep\n|\n|t:|1707587255\n|switch|p2a: Tauros|Tauros-Paldea-Blaze, L81, M|254/254\n|-ability|p2a: Tauros|Intimidate|boost\n|-unboost|p1a: Gallade|atk|1\n|turn|21\n|\n|t:|1707587264\n|switch|p1a: Rabsca|Rabsca, L91, M|233/284 tox\n|move|p2a: Tauros|Flare Blitz|p1a: Rabsca\n|-supereffective|p1a: Rabsca\n|-damage|p1a: Rabsca|0 fnt\n|faint|p1a: Rabsca\n|-damage|p2a: Tauros|177/254|[from] Recoil\n|\n|upkeep\n|\n|t:|1707587266\n|switch|p1a: Dudunsparce|Dudunsparce, L82, F|339/339\n|turn|22\n|\n|t:|1707587275\n|switch|p2a: Oricorio|Oricorio-Sensu, L85, F, tera:Fighting|266/266\n|move|p1a: Dudunsparce|Boomburst|p2a: Oricorio\n|-damage|p2a: Oricorio|110/266\n|\n|upkeep\n|turn|23\n|\n|t:|1707587284\n|-terastallize|p1a: Dudunsparce|Ghost\n|move|p2a: Oricorio|Quiver Dance|p2a: Oricorio\n|-boost|p2a: Oricorio|spa|1\n|-boost|p2a: Oricorio|spd|1\n|-boost|p2a: Oricorio|spe|1\n|move|p1a: Dudunsparce|Calm Mind|p1a: Dudunsparce\n|-boost|p1a: Dudunsparce|spa|1\n|-boost|p1a: Dudunsparce|spd|1\n|\n|upkeep\n|turn|24\n|\n|t:|1707587292\n|move|p2a: Oricorio|Roost|p2a: Oricorio\n|-heal|p2a: Oricorio|243/266\n|move|p1a: Dudunsparce|Calm Mind|p1a: Dudunsparce\n|-boost|p1a: Dudunsparce|spa|1\n|-boost|p1a: Dudunsparce|spd|1\n|\n|upkeep\n|turn|25\n|\n|t:|1707587294\n|move|p2a: Oricorio|Quiver Dance|p2a: Oricorio\n|-boost|p2a: Oricorio|spa|1\n|-boost|p2a: Oricorio|spd|1\n|-boost|p2a: Oricorio|spe|1\n|move|p1a: Dudunsparce|Calm Mind|p1a: Dudunsparce\n|-boost|p1a: Dudunsparce|spa|1\n|-boost|p1a: Dudunsparce|spd|1\n|\n|upkeep\n|turn|26\n|\n|t:|1707587296\n|move|p2a: Oricorio|Quiver Dance|p2a: Oricorio\n|-boost|p2a: Oricorio|spa|1\n|-boost|p2a: Oricorio|spd|1\n|-boost|p2a: Oricorio|spe|1\n|move|p1a: Dudunsparce|Calm Mind|p1a: Dudunsparce\n|-boost|p1a: Dudunsparce|spa|1\n|-boost|p1a: Dudunsparce|spd|1\n|\n|upkeep\n|turn|27\n|\n|t:|1707587299\n|move|p2a: Oricorio|Quiver Dance|p2a: Oricorio\n|-boost|p2a: Oricorio|spa|1\n|-boost|p2a: Oricorio|spd|1\n|-boost|p2a: Oricorio|spe|1\n|move|p1a: Dudunsparce|Calm Mind|p1a: Dudunsparce\n|-boost|p1a: Dudunsparce|spa|1\n|-boost|p1a: Dudunsparce|spd|1\n|\n|upkeep\n|turn|28\n|\n|t:|1707587301\n|move|p2a: Oricorio|Quiver Dance|p2a: Oricorio\n|-boost|p2a: Oricorio|spa|1\n|-boost|p2a: Oricorio|spd|1\n|-boost|p2a: Oricorio|spe|1\n|move|p1a: Dudunsparce|Calm Mind|p1a: Dudunsparce\n|-boost|p1a: Dudunsparce|spa|1\n|-boost|p1a: Dudunsparce|spd|1\n|\n|upkeep\n|turn|29\n|\n|t:|1707587303\n|move|p2a: Oricorio|Hurricane|p1a: Dudunsparce|[miss]\n|-miss|p2a: Oricorio|p1a: Dudunsparce\n|move|p1a: Dudunsparce|Boomburst|p2a: Oricorio\n|-damage|p2a: Oricorio|59/266\n|\n|upkeep\n|turn|30\n|\n|t:|1707587305\n|move|p2a: Oricorio|Hurricane|p1a: Dudunsparce\n|-damage|p1a: Dudunsparce|221/339\n|move|p1a: Dudunsparce|Boomburst|p2a: Oricorio\n|-damage|p2a: Oricorio|0 fnt\n|faint|p2a: Oricorio\n|\n|-heal|p1a: Dudunsparce|242/339|[from] item: Leftovers\n|upkeep\n|\n|t:|1707587307\n|switch|p2a: Tauros|Tauros-Paldea-Blaze, L81, M|177/254\n|-ability|p2a: Tauros|Intimidate|boost\n|-unboost|p1a: Dudunsparce|atk|1\n|-ability|p1a: Dudunsparce|Rattled|boost\n|-boost|p1a: Dudunsparce|spe|1\n|turn|31\n|\n|t:|1707587312\n|move|p2a: Tauros|Flare Blitz|p1a: Dudunsparce\n|-damage|p1a: Dudunsparce|20/339\n|-damage|p2a: Tauros|104/254|[from] Recoil\n|move|p1a: Dudunsparce|Boomburst|p2a: Tauros\n|-damage|p2a: Tauros|0 fnt\n|faint|p2a: Tauros\n|\n|-heal|p1a: Dudunsparce|41/339|[from] item: Leftovers\n|upkeep\n|-message|yes or no my dude\u2740 forfeited.\n|\n|win|supergriefer101\n|raw|supergriefer101's rating: 2306 &rarr; <strong>2326</strong><br />(+20 for winning)\n|raw|yes or no my dude\u2740's rating: 2303 &rarr; <strong>2283</strong><br />(-20 for losing)\n|l|\u2606yes or no my dude\u2740\n|player|p2|\n", "inputlog": ">version 3c31c0fa45f6e7960912a41a53961f1af98ec26e\n>start {\"formatid\":\"gen9randombattle\",\"seed\":[36115,13520,11219,27635],\"rated\":\"Rated battle\"}\n>player p1 {\"name\":\"supergriefer101\",\"avatar\":\"dawn-gen4pt\",\"rating\":2306,\"seed\":[25673,57878,40235,47091]}\n>player p2 {\"name\":\"yes or no my dude\u2740\",\"avatar\":\"#rbtt7teamdarkraif\",\"rating\":2303,\"seed\":[2646,5940,46657,796]}\n>p1 move boomburst\n>p2 move toxic\n>p1 move boomburst\n>p2 switch 5\n>p1 move calmmind\n>p2 switch 5\n>p1 switch 5\n>p2 move recover\n>p1 move psychic\n>p2 move toxic\n>p1 move bugbuzz\n>p2 switch 2\n>p2 switch 5\n>p1 switch 2\n>p2 move quiverdance\n>p1 move knockoff\n>p2 move revelationdance terastallize\n>p1 switch 3\n>p1 move yawn\n>p2 move revelationdance\n>p1 switch 4\n>p2 switch 6\n>p1 move agility\n>p2 switch 2\n>p1 move sacredsword\n>p2 move earthquake\n>p2 switch 3\n>p1 switch 4\n>p2 switch 4\n>p1 move freezedry\n>p2 move uturn\n>p2 switch 4\n>p1 switch 6\n>p1 move scald\n>p2 switch 4\n>p1 move toxicspikes\n>p2 move earthquake\n>p1 move thunderbolt\n>p2 switch 2\n>p1 move thunderbolt\n>p2 move boomburst\n>p1 move thunderbolt\n>p2 move boomburst\n>p1 switch 4\n>p1 move psychocut\n>p2 move boomburst\n>p2 switch 4\n>p1 switch 2\n>p2 move flareblitz\n>p1 switch 5\n>p1 move boomburst\n>p2 switch 6\n>p1 move calmmind terastallize\n>p2 move quiverdance\n>p1 move calmmind\n>p2 move roost\n>p1 move calmmind\n>p2 move quiverdance\n>p1 move calmmind\n>p2 move quiverdance\n>p1 move calmmind\n>p2 move quiverdance\n>p1 move calmmind\n>p2 move quiverdance\n>p1 move boomburst\n>p2 move hurricane\n>p1 move boomburst\n>p2 move hurricane\n>p2 switch 6\n>p1 move boomburst\n>p2 move flareblitz\n>forcelose p2", "uploadtime": 1707587323, "views": 276, "formatid": "gen9randombattle", "rating": 2283, "private": 0, "password": null}