{"id": "gen9randombattle-2211678196", "format": "[Gen 9] Random Battle", "players": ["R3LT Theologos", "smokyaim"], "log": "|badge|p1|bronze|gen9randombattle|100-2\n|html|<div class=\"broadcast-red\"><strong>This battle is required to be public due to one or more player having a season medal.</strong><br />During the public phase, you can discuss the state of the ladder <a href=\"/seasondiscussion\">in a special chatroom.</a></div>\n|uhtml|medal-msg|<div class=\"broadcast-blue\">Curious what those medals under the avatar are? PS now has Ladder Seasons! For more information, check out the <a href=\"https://www.smogon.com/forums/threads/3740067/\">thread on Smogon.</a></div>\n|badge|p2|silver|gen9randombattle|30-2\n|uhtml|medal-msg|<div class=\"broadcast-blue\">Curious what those medals under the avatar are? PS now has Ladder Seasons! For more information, check out the <a href=\"https://www.smogon.com/forums/threads/3740067/\">thread on Smogon.</a></div>\n|j|\u2606R3LT Theologos\n|j|\u2606smokyaim\n|t:|1727549181\n|gametype|singles\n|player|p1|R3LT Theologos|artist|2311\n|player|p2|smokyaim|266|2314\n|teamsize|p1|6\n|teamsize|p2|6\n|gen|9\n|tier|[Gen 9] Random Battle\n|rated|\n|rule|Species Clause: Limit one of each Pok\u00e9mon\n|rule|HP Percentage Mod: HP is shown in percentages\n|rule|Sleep Clause Mod: Limit one foe put to sleep\n|rule|Illusion Level Mod: Illusion disguises the Pok\u00e9mon's true level\n|\n|t:|1727549181\n|start\n|switch|p1a: Sandy Shocks|Sandy Shocks, L80|267/267\n|switch|p2a: Magearna|Magearna-Original, L77|250/250\n|turn|1\n|inactive|Battle timer is ON: inactive players will automatically lose when time's up. (requested by smokyaim)\n|\n|t:|1727549218\n|switch|p2a: Vikavolt|Vikavolt, L83, M|263/263\n|move|p1a: Sandy Shocks|Spikes|p2a: Vikavolt\n|-sidestart|p2: smokyaim|Spikes\n|\n|upkeep\n|turn|2\n|\n|t:|1727549235\n|-end|p1a: Sandy Shocks|Protosynthesis|[silent]\n|switch|p1a: Camerupt|Camerupt, L91, F|275/275\n|move|p2a: Vikavolt|Sticky Web|p1a: Camerupt\n|-sidestart|p1: R3LT Theologos|move: Sticky Web\n|\n|upkeep\n|turn|3\n|\n|t:|1727549252\n|switch|p2a: Politoed|Politoed, L88, F|302/302\n|-damage|p2a: Politoed|265/302|[from] Spikes\n|-weather|RainDance|[from] ability: Drizzle|[of] p2a: Politoed\n|move|p1a: Camerupt|Earthquake|p2a: Politoed\n|-damage|p2a: Politoed|123/302\n|\n|-weather|RainDance|[upkeep]\n|-heal|p2a: Politoed|141/302|[from] item: Leftovers\n|upkeep\n|turn|4\n|j| ShaneTheShroomish\n|\n|t:|1727549259\n|switch|p1a: Duraludon|Duraludon, L82, F|249/249\n|-activate|p1a: Duraludon|move: Sticky Web\n|-unboost|p1a: Duraludon|spe|1\n|move|p2a: Politoed|Hypnosis|p1a: Duraludon|[miss]\n|-miss|p2a: Politoed|p1a: Duraludon\n|\n|-weather|RainDance|[upkeep]\n|-heal|p2a: Politoed|159/302|[from] item: Leftovers\n|upkeep\n|turn|5\n|\n|t:|1727549268\n|move|p2a: Politoed|Hypnosis|p1a: Duraludon\n|-status|p1a: Duraludon|slp|[from] move: Hypnosis\n|cant|p1a: Duraludon|slp\n|\n|-weather|RainDance|[upkeep]\n|-heal|p2a: Politoed|177/302|[from] item: Leftovers\n|upkeep\n|turn|6\n|\n|t:|1727549282\n|switch|p2a: Metagross|Metagross, L79|256/256\n|-damage|p2a: Metagross|224/256|[from] Spikes\n|switch|p1a: Floatzel|Floatzel, L85, F|283/283\n|-activate|p1a: Floatzel|move: Sticky Web\n|-unboost|p1a: Floatzel|spe|1\n|\n|-weather|RainDance|[upkeep]\n|upkeep\n|turn|7\n|\n|t:|1727549311\n|move|p1a: Floatzel|Wave Crash|p2a: Metagross\n|-damage|p2a: Metagross|0 fnt\n|faint|p2a: Metagross\n|-damage|p1a: Floatzel|209/283|[from] Recoil\n|\n|-weather|none\n|upkeep\n|\n|t:|1727549318\n|switch|p2a: Mabosstiff|Mabosstiff, L86, M|278/278\n|-damage|p2a: Mabosstiff|244/278|[from] Spikes\n|turn|8\n|\n|t:|1727549331\n|switch|p1a: Sandy Shocks|Sandy Shocks, L80|267/267\n|-activate|p1a: Sandy Shocks|move: Sticky Web\n|-unboost|p1a: Sandy Shocks|spe|1\n|move|p2a: Mabosstiff|Crunch|p1a: Sandy Shocks\n|-damage|p1a: Sandy Shocks|77/267\n|\n|-heal|p1a: Sandy Shocks|93/267|[from] item: Leftovers\n|upkeep\n|turn|9\n|\n|t:|1727549345\n|move|p2a: Mabosstiff|Crunch|p1a: Sandy Shocks\n|-damage|p1a: Sandy Shocks|0 fnt\n|faint|p1a: Sandy Shocks\n|-end|p1a: Sandy Shocks|Protosynthesis|[silent]\n|\n|upkeep\n|\n|t:|1727549355\n|switch|p1a: Camerupt|Camerupt, L91, F|275/275\n|-activate|p1a: Camerupt|move: Sticky Web\n|-unboost|p1a: Camerupt|spe|1\n|turn|10\n|\n|t:|1727549362\n|switch|p2a: Vikavolt|Vikavolt, L83, M|263/263\n|move|p1a: Camerupt|Overheat|p2a: Vikavolt\n|-supereffective|p2a: Vikavolt\n|-damage|p2a: Vikavolt|0 fnt\n|-unboost|p1a: Camerupt|spa|2\n|faint|p2a: Vikavolt\n|\n|upkeep\n|\n|t:|1727549374\n|switch|p2a: Politoed|Politoed, L88, F|177/302\n|-damage|p2a: Politoed|140/302|[from] Spikes\n|-weather|RainDance|[from] ability: Drizzle|[of] p2a: Politoed\n|turn|11\n|\n|t:|1727549377\n|-terastallize|p1a: Camerupt|Water\n|move|p2a: Politoed|Surf|p1a: Camerupt\n|-resisted|p1a: Camerupt\n|-damage|p1a: Camerupt|196/275\n|move|p1a: Camerupt|Earthquake|p2a: Politoed\n|-damage|p2a: Politoed|14/302\n|\n|-weather|RainDance|[upkeep]\n|-heal|p2a: Politoed|32/302|[from] item: Leftovers\n|-heal|p1a: Camerupt|213/275|[from] item: Leftovers\n|upkeep\n|turn|12\n|inactive|R3LT Theologos has 120 seconds left.\n|\n|t:|1727549420\n|move|p2a: Politoed|Surf|p1a: Camerupt\n|-resisted|p1a: Camerupt\n|-damage|p1a: Camerupt|136/275\n|move|p1a: Camerupt|Earthquake|p2a: Politoed\n|-damage|p2a: Politoed|0 fnt\n|faint|p2a: Politoed\n|\n|-weather|RainDance|[upkeep]\n|-heal|p1a: Camerupt|153/275|[from] item: Leftovers\n|upkeep\n|\n|t:|1727549423\n|switch|p2a: Mabosstiff|Mabosstiff, L86, M|244/278\n|-damage|p2a: Mabosstiff|210/278|[from] Spikes\n|turn|13\n|inactive|R3LT Theologos has 120 seconds left.\n|\n|t:|1727549430\n|move|p2a: Mabosstiff|Wild Charge|p1a: Camerupt\n|-supereffective|p1a: Camerupt\n|-damage|p1a: Camerupt|23/275\n|-damage|p2a: Mabosstiff|177/278|[from] Recoil\n|move|p1a: Camerupt|Earthquake|p2a: Mabosstiff\n|-damage|p2a: Mabosstiff|63/278\n|\n|-weather|RainDance|[upkeep]\n|-heal|p1a: Camerupt|40/275|[from] item: Leftovers\n|upkeep\n|turn|14\n|inactive|R3LT Theologos has 120 seconds left.\n|\n|t:|1727549451\n|move|p2a: Mabosstiff|Wild Charge|p1a: Camerupt\n|-supereffective|p1a: Camerupt\n|-damage|p1a: Camerupt|0 fnt\n|faint|p1a: Camerupt\n|-damage|p2a: Mabosstiff|53/278|[from] Recoil\n|\n|-weather|RainDance|[upkeep]\n|upkeep\n|\n|t:|1727549476\n|switch|p1a: Maushold|Maushold, L76|238/238\n|-activate|p1a: Maushold|move: Sticky Web\n|-unboost|p1a: Maushold|spe|1\n|turn|15\n|\n|t:|1727549481\n|move|p2a: Mabosstiff|Wild Charge|p1a: Maushold\n|-damage|p1a: Maushold|140/238\n|-damage|p2a: Mabosstiff|28/278|[from] Recoil\n|move|p1a: Maushold|Tidy Up|p1a: Maushold\n|-sideend|p1: R3LT Theologos|Sticky Web\n|-sideend|p2: smokyaim|Spikes\n|-activate|p1a: Maushold|move: Tidy Up\n|-boost|p1a: Maushold|atk|1\n|-boost|p1a: Maushold|spe|1\n|\n|-weather|none\n|upkeep\n|turn|16\n|\n|t:|1727549489\n|move|p2a: Mabosstiff|Wild Charge|p1a: Maushold\n|-damage|p1a: Maushold|40/238\n|-damage|p2a: Mabosstiff|3/278|[from] Recoil\n|move|p1a: Maushold|Tidy Up|p1a: Maushold\n|-boost|p1a: Maushold|atk|1\n|-boost|p1a: Maushold|spe|1\n|\n|upkeep\n|turn|17\n|\n|t:|1727549493\n|move|p1a: Maushold|Bite|p2a: Mabosstiff\n|-resisted|p2a: Mabosstiff\n|-damage|p2a: Mabosstiff|0 fnt\n|faint|p2a: Mabosstiff\n|\n|upkeep\n|\n|t:|1727549496\n|switch|p2a: Magearna|Magearna-Original, L77|250/250\n|turn|18\n|\n|t:|1727549501\n|move|p1a: Maushold|Population Bomb|p2a: Magearna\n|-resisted|p2a: Magearna\n|-damage|p2a: Magearna|231/250\n|-resisted|p2a: Magearna\n|-damage|p2a: Magearna|213/250\n|-resisted|p2a: Magearna\n|-damage|p2a: Magearna|194/250\n|-resisted|p2a: Magearna\n|-damage|p2a: Magearna|176/250\n|-resisted|p2a: Magearna\n|-damage|p2a: Magearna|156/250\n|-resisted|p2a: Magearna\n|-damage|p2a: Magearna|138/250\n|-resisted|p2a: Magearna\n|-damage|p2a: Magearna|117/250\n|-resisted|p2a: Magearna\n|-damage|p2a: Magearna|96/250\n|-resisted|p2a: Magearna\n|-crit|p2a: Magearna\n|-damage|p2a: Magearna|66/250\n|-resisted|p2a: Magearna\n|-damage|p2a: Magearna|47/250\n|-hitcount|p2a: Magearna|10\n|move|p2a: Magearna|Flash Cannon|p1a: Maushold\n|-damage|p1a: Maushold|0 fnt\n|faint|p1a: Maushold\n|-ability|p2a: Magearna|Soul-Heart|boost\n|-boost|p2a: Magearna|spa|1\n|\n|-heal|p2a: Magearna|62/250|[from] item: Leftovers\n|upkeep\n|inactive|R3LT Theologos has 120 seconds left.\n|\n|t:|1727549534\n|switch|p1a: Spectrier|Spectrier, L75|274/274\n|turn|19\n|-message|smokyaim forfeited.\n|\n|win|R3LT Theologos\n|raw|R3LT Theologos's rating: 2311 &rarr; <strong>2331</strong><br />(+20 for winning)\n|raw|smokyaim's rating: 2314 &rarr; <strong>2294</strong><br />(-20 for losing)\n|l|\u2606smokyaim\n|player|p2|\n", "inputlog": ">version 69ff0b2f47ddc97367302b06f7f2ae172fb214dd\n>start {\"formatid\":\"gen9randombattle\",\"seed\":[31418,41026,35909,63695],\"rated\":\"Rated battle\"}\n>player p1 {\"name\":\"R3LT Theologos\",\"avatar\":\"artist\",\"rating\":2311,\"seed\":[39984,28910,56557,45350]}\n>player p2 {\"name\":\"smokyaim\",\"avatar\":\"266\",\"rating\":2314,\"seed\":[59507,57581,62526,57715]}\n>p1 move spikes\n>p2 switch 6\n>p1 switch 3\n>p2 move stickyweb\n>p1 move earthquake\n>p2 switch 2\n>p1 switch 2\n>p2 move hypnosis\n>p1 move dracometeor\n>p2 move hypnosis\n>p1 switch 5\n>p2 switch 3\n>p1 move wavecrash\n>p2 move knockoff\n>p2 switch 5\n>p1 switch 3\n>p2 move crunch\n>p1 move thunderbolt\n>p2 move crunch\n>p1 switch 2\n>p1 move overheat\n>p2 switch 2\n>p2 switch 3\n>p1 move earthquake terastallize\n>p2 move surf\n>p1 move earthquake\n>p2 move surf\n>p2 switch 2\n>p1 move earthquake\n>p2 move wildcharge\n>p1 move stealthrock\n>p2 move wildcharge\n>p1 switch 6\n>p1 move tidyup\n>p2 move wildcharge\n>p1 move tidyup\n>p2 move wildcharge\n>p1 move bite\n>p2 move wildcharge\n>p2 switch 6\n>p1 move populationbomb\n>p2 move flashcannon\n>p1 switch 4\n>forcelose p2", "uploadtime": 1727549546, "views": 79, "formatid": "gen9randombattle", "rating": 2294, "private": 0, "password": null}