{"id": "gen9randombattle-2216969666", "format": "[Gen 9] Random Battle", "players": ["Vitoran", "RL4T big soup"], "log": "|j|\u2606Vitoran\n|j|\u2606RL4T big soup\n|t:|1728199878\n|gametype|singles\n|player|p1|Vitoran|nemona-v|2253\n|player|p2|RL4T big soup|youngster|2258\n|teamsize|p1|6\n|teamsize|p2|6\n|gen|9\n|tier|[Gen 9] Random Battle\n|rated|\n|rule|Species Clause: Limit one of each Pok\u00e9mon\n|rule|HP Percentage Mod: HP is shown in percentages\n|rule|Sleep Clause Mod: Limit one foe put to sleep\n|rule|Illusion Level Mod: Illusion disguises the Pok\u00e9mon's true level\n|\n|t:|1728199878\n|start\n|switch|p1a: Appletun|Appletun, L92, F|352/352\n|switch|p2a: Gyarados|Gyarados, L79, M|280/280\n|turn|1\n|inactive|Battle timer is ON: inactive players will automatically lose when time's up. (requested by RL4T big soup)\n|inactive|Vitoran also wants the timer to be on.\n|c|\u2606Vitoran|glhf\n|\n|t:|1728199890\n|switch|p2a: Porygon2|Porygon2, L82|274/274\n|-ability|p2a: Porygon2|Download|boost\n|-boost|p2a: Porygon2|spa|1\n|move|p1a: Appletun|Leech Seed|p2a: Porygon2\n|-start|p2a: Porygon2|move: Leech Seed\n|\n|-damage|p2a: Porygon2|240/274|[from] Leech Seed|[of] p1a: Appletun\n|upkeep\n|turn|2\n|\n|t:|1728199898\n|switch|p1a: Cobalion|Cobalion, L80|277/277\n|move|p2a: Porygon2|Thunder Wave|p1a: Cobalion\n|-status|p1a: Cobalion|par\n|\n|-damage|p2a: Porygon2|206/274|[from] Leech Seed|[of] p1a: Cobalion\n|upkeep\n|turn|3\n|\n|t:|1728199906\n|switch|p2a: Cobalion|Cobalion, L80|277/277\n|move|p1a: Cobalion|Stealth Rock|p2a: Cobalion\n|-sidestart|p2: RL4T big soup|move: Stealth Rock\n|\n|upkeep\n|turn|4\n|\n|t:|1728199913\n|switch|p1a: Groudon|Groudon, L72|263/263\n|-weather|SunnyDay|[from] ability: Drought|[of] p1a: Groudon\n|move|p2a: Cobalion|Calm Mind|p2a: Cobalion\n|-boost|p2a: Cobalion|spa|1\n|-boost|p2a: Cobalion|spd|1\n|\n|-weather|SunnyDay|[upkeep]\n|upkeep\n|turn|5\n|\n|t:|1728199925\n|-terastallize|p2a: Cobalion|Fighting\n|move|p2a: Cobalion|Aura Sphere|p1a: Groudon\n|-damage|p1a: Groudon|101/263\n|move|p1a: Groudon|Heat Crash|p2a: Cobalion\n|-damage|p2a: Cobalion|208/277\n|\n|-weather|SunnyDay|[upkeep]\n|-heal|p2a: Cobalion|225/277|[from] item: Leftovers\n|-heal|p1a: Groudon|117/263|[from] item: Leftovers\n|upkeep\n|turn|6\n|\n|t:|1728199935\n|move|p2a: Cobalion|Aura Sphere|p1a: Groudon\n|-crit|p1a: Groudon\n|-damage|p1a: Groudon|0 fnt\n|faint|p1a: Groudon\n|\n|-weather|SunnyDay|[upkeep]\n|-heal|p2a: Cobalion|242/277|[from] item: Leftovers\n|upkeep\n|\n|t:|1728199948\n|switch|p1a: Dachsbun|Dachsbun, L91, M|252/252\n|turn|7\n|\n|t:|1728199951\n|move|p1a: Dachsbun|Body Press|p2a: Cobalion\n|-damage|p2a: Cobalion|182/277\n|move|p2a: Cobalion|Flash Cannon|p1a: Dachsbun\n|-supereffective|p1a: Dachsbun\n|-damage|p1a: Dachsbun|28/252\n|-unboost|p1a: Dachsbun|spd|1\n|\n|-weather|SunnyDay|[upkeep]\n|-heal|p1a: Dachsbun|43/252|[from] item: Leftovers\n|-heal|p2a: Cobalion|199/277|[from] item: Leftovers\n|upkeep\n|turn|8\n|c|\u2606Vitoran|actual misclick\n|c|\u2606Vitoran|rip\n|\n|t:|1728199960\n|move|p1a: Dachsbun|Protect|p1a: Dachsbun\n|-singleturn|p1a: Dachsbun|Protect\n|move|p2a: Cobalion|Flash Cannon|p1a: Dachsbun\n|-activate|p1a: Dachsbun|move: Protect\n|\n|-weather|none\n|-heal|p1a: Dachsbun|58/252|[from] item: Leftovers\n|-heal|p2a: Cobalion|216/277|[from] item: Leftovers\n|upkeep\n|turn|9\n|\n|t:|1728199962\n|move|p1a: Dachsbun|Play Rough|p2a: Cobalion\n|-supereffective|p2a: Cobalion\n|-damage|p2a: Cobalion|70/277\n|move|p2a: Cobalion|Flash Cannon|p1a: Dachsbun\n|-supereffective|p1a: Dachsbun\n|-damage|p1a: Dachsbun|0 fnt\n|faint|p1a: Dachsbun\n|\n|-heal|p2a: Cobalion|87/277|[from] item: Leftovers\n|upkeep\n|\n|t:|1728199971\n|switch|p1a: Appletun|Appletun, L92, F|352/352\n|turn|10\n|\n|t:|1728199974\n|move|p2a: Cobalion|Aura Sphere|p1a: Appletun\n|-damage|p1a: Appletun|206/352\n|move|p1a: Appletun|Dragon Pulse|p2a: Cobalion\n|-damage|p2a: Cobalion|0 fnt\n|faint|p2a: Cobalion\n|\n|-heal|p1a: Appletun|228/352|[from] item: Leftovers\n|upkeep\n|\n|t:|1728199981\n|switch|p2a: Clawitzer|Clawitzer, L87, M|265/265\n|-damage|p2a: Clawitzer|232/265|[from] Stealth Rock\n|turn|11\n|\n|t:|1728199993\n|switch|p1a: Cobalion|Cobalion, L80|277/277 par\n|move|p2a: Clawitzer|Aura Sphere|p1a: Cobalion\n|-supereffective|p1a: Cobalion\n|-damage|p1a: Cobalion|0 fnt\n|faint|p1a: Cobalion\n|\n|upkeep\n|\n|t:|1728200001\n|switch|p1a: Appletun|Appletun, L92, F|228/352\n|turn|12\n|\n|t:|1728200009\n|move|p2a: Clawitzer|Aura Sphere|p1a: Appletun\n|-damage|p1a: Appletun|85/352\n|move|p1a: Appletun|Leech Seed|p2a: Clawitzer\n|-start|p2a: Clawitzer|move: Leech Seed\n|\n|-heal|p1a: Appletun|107/352|[from] item: Leftovers\n|-damage|p2a: Clawitzer|199/265|[from] Leech Seed|[of] p1a: Appletun\n|-heal|p1a: Appletun|140/352|[silent]\n|upkeep\n|turn|13\n|\n|t:|1728200016\n|switch|p1a: Noctowl|Noctowl, L95, M|344/344\n|move|p2a: Clawitzer|Aura Sphere|p1a: Noctowl\n|-damage|p1a: Noctowl|205/344\n|\n|-damage|p2a: Clawitzer|166/265|[from] Leech Seed|[of] p1a: Noctowl\n|-heal|p1a: Noctowl|238/344|[silent]\n|upkeep\n|turn|14\n|\n|t:|1728200020\n|move|p1a: Noctowl|Nasty Plot|p1a: Noctowl\n|-boost|p1a: Noctowl|spa|2\n|move|p2a: Clawitzer|Aura Sphere|p1a: Noctowl\n|-damage|p1a: Noctowl|99/344\n|\n|-damage|p2a: Clawitzer|133/265|[from] Leech Seed|[of] p1a: Noctowl\n|-heal|p1a: Noctowl|132/344|[silent]\n|upkeep\n|turn|15\n|\n|t:|1728200028\n|move|p1a: Noctowl|Hyper Voice|p2a: Clawitzer\n|-damage|p2a: Clawitzer|0 fnt\n|faint|p2a: Clawitzer\n|\n|upkeep\n|\n|t:|1728200033\n|switch|p2a: Iron Crown|Iron Crown, L79|272/272\n|-damage|p2a: Iron Crown|255/272|[from] Stealth Rock\n|turn|16\n|j| RL4T Pig\n|\n|t:|1728200044\n|-terastallize|p1a: Noctowl|Steel\n|move|p2a: Iron Crown|Calm Mind|p2a: Iron Crown\n|-boost|p2a: Iron Crown|spa|1\n|-boost|p2a: Iron Crown|spd|1\n|move|p1a: Noctowl|Roost|p1a: Noctowl\n|-heal|p1a: Noctowl|304/344\n|\n|-heal|p2a: Iron Crown|272/272|[from] item: Leftovers\n|upkeep\n|turn|17\n|\n|t:|1728200052\n|move|p2a: Iron Crown|Focus Blast|p1a: Noctowl\n|-supereffective|p1a: Noctowl\n|-damage|p1a: Noctowl|92/344\n|move|p1a: Noctowl|Hurricane|p2a: Iron Crown\n|-resisted|p2a: Iron Crown\n|-damage|p2a: Iron Crown|100/272\n|-start|p2a: Iron Crown|confusion\n|\n|-heal|p2a: Iron Crown|117/272|[from] item: Leftovers\n|upkeep\n|turn|18\n|\n|t:|1728200058\n|-activate|p2a: Iron Crown|confusion\n|-damage|p2a: Iron Crown|101/272|[from] confusion\n|move|p1a: Noctowl|Roost|p1a: Noctowl\n|-heal|p1a: Noctowl|264/344\n|\n|-heal|p2a: Iron Crown|118/272|[from] item: Leftovers\n|upkeep\n|turn|19\n|\n|t:|1728200062\n|-end|p2a: Iron Crown|confusion\n|move|p2a: Iron Crown|Focus Blast|p1a: Noctowl\n|-supereffective|p1a: Noctowl\n|-damage|p1a: Noctowl|50/344\n|move|p1a: Noctowl|Hyper Voice|p2a: Iron Crown\n|-resisted|p2a: Iron Crown\n|-damage|p2a: Iron Crown|0 fnt\n|faint|p2a: Iron Crown\n|-end|p2a: Iron Crown|Quark Drive|[silent]\n|\n|upkeep\n|\n|t:|1728200064\n|switch|p2a: Hawlucha|Hawlucha, L80, F|256/256\n|-damage|p2a: Hawlucha|224/256|[from] Stealth Rock\n|turn|20\n|\n|t:|1728200069\n|move|p2a: Hawlucha|Close Combat|p1a: Noctowl\n|-supereffective|p1a: Noctowl\n|-damage|p1a: Noctowl|0 fnt\n|-unboost|p2a: Hawlucha|def|1\n|-unboost|p2a: Hawlucha|spd|1\n|-enditem|p2a: Hawlucha|White Herb\n|-clearnegativeboost|p2a: Hawlucha|[silent]\n|faint|p1a: Noctowl\n|\n|upkeep\n|\n|t:|1728200078\n|switch|p1a: Maushold|Maushold-Four, L76|238/238\n|turn|21\n|\n|t:|1728200086\n|move|p2a: Hawlucha|Acrobatics|p1a: Maushold\n|-damage|p1a: Maushold|114/238\n|move|p1a: Maushold|Population Bomb|p2a: Hawlucha\n|-damage|p2a: Hawlucha|196/256\n|-damage|p2a: Hawlucha|169/256\n|-damage|p2a: Hawlucha|141/256\n|-damage|p2a: Hawlucha|116/256\n|-damage|p2a: Hawlucha|91/256\n|-damage|p2a: Hawlucha|63/256\n|-damage|p2a: Hawlucha|38/256\n|-damage|p2a: Hawlucha|11/256\n|-damage|p2a: Hawlucha|0 fnt\n|faint|p2a: Hawlucha\n|-hitcount|p2: Hawlucha|9\n|\n|upkeep\n|\n|t:|1728200091\n|switch|p2a: Porygon2|Porygon2, L82|206/274\n|-damage|p2a: Porygon2|172/274|[from] Stealth Rock\n|-ability|p2a: Porygon2|Download|boost\n|-boost|p2a: Porygon2|atk|1\n|turn|22\n|\n|t:|1728200121\n|move|p1a: Maushold|Tidy Up|p1a: Maushold\n|-sideend|p2: RL4T big soup|Stealth Rock\n|-activate|p1a: Maushold|move: Tidy Up\n|-boost|p1a: Maushold|atk|1\n|-boost|p1a: Maushold|spe|1\n|move|p2a: Porygon2|Thunder Wave|p1a: Maushold\n|-status|p1a: Maushold|par\n|\n|upkeep\n|turn|23\n|\n|t:|1728200134\n|switch|p2a: Gyarados|Gyarados, L79, M|280/280\n|cant|p1a: Maushold|par\n|\n|upkeep\n|turn|24\n|c|\u2606Vitoran|unfort\n|\n|t:|1728200144\n|switch|p1a: Appletun|Appletun, L92, F|140/352\n|move|p2a: Gyarados|Waterfall|p1a: Appletun\n|-resisted|p1a: Appletun\n|-damage|p1a: Appletun|118/352\n|\n|-heal|p1a: Appletun|140/352|[from] item: Leftovers\n|upkeep\n|turn|25\n|\n|t:|1728200146\n|switch|p2a: Porygon2|Porygon2, L82|172/274\n|-ability|p2a: Porygon2|Download|boost\n|-boost|p2a: Porygon2|spa|1\n|move|p1a: Appletun|Recover|p1a: Appletun\n|-heal|p1a: Appletun|316/352\n|\n|-heal|p1a: Appletun|338/352|[from] item: Leftovers\n|upkeep\n|turn|26\n|\n|t:|1728200152\n|move|p2a: Porygon2|Thunder Wave|p1a: Appletun\n|-status|p1a: Appletun|par\n|move|p1a: Appletun|Leech Seed|p2a: Porygon2\n|-start|p2a: Porygon2|move: Leech Seed\n|\n|-heal|p1a: Appletun|352/352 par|[from] item: Leftovers\n|-damage|p2a: Porygon2|138/274|[from] Leech Seed|[of] p1a: Appletun\n|upkeep\n|turn|27\n|\n|t:|1728200158\n|move|p2a: Porygon2|Tera Blast|p1a: Appletun\n|-damage|p1a: Appletun|228/352 par\n|move|p1a: Appletun|Apple Acid|p2a: Porygon2\n|-damage|p2a: Porygon2|71/274\n|-unboost|p2a: Porygon2|spd|1\n|\n|-heal|p1a: Appletun|250/352 par|[from] item: Leftovers\n|-damage|p2a: Porygon2|37/274|[from] Leech Seed|[of] p1a: Appletun\n|-heal|p1a: Appletun|284/352 par|[silent]\n|upkeep\n|turn|28\n|\n|t:|1728200163\n|move|p2a: Porygon2|Tera Blast|p1a: Appletun\n|-damage|p1a: Appletun|154/352 par\n|move|p1a: Appletun|Recover|p1a: Appletun\n|-heal|p1a: Appletun|330/352 par\n|\n|-heal|p1a: Appletun|352/352 par|[from] item: Leftovers\n|-damage|p2a: Porygon2|3/274|[from] Leech Seed|[of] p1a: Appletun\n|upkeep\n|turn|29\n|\n|t:|1728200169\n|move|p2a: Porygon2|Tera Blast|p1a: Appletun\n|-damage|p1a: Appletun|234/352 par\n|move|p1a: Appletun|Apple Acid|p2a: Porygon2\n|-damage|p2a: Porygon2|0 fnt\n|faint|p2a: Porygon2\n|\n|-heal|p1a: Appletun|256/352 par|[from] item: Leftovers\n|upkeep\n|\n|t:|1728200171\n|switch|p2a: Gyarados|Gyarados, L79, M|280/280\n|turn|30\n|\n|t:|1728200174\n|move|p2a: Gyarados|Dragon Dance|p2a: Gyarados\n|-boost|p2a: Gyarados|atk|1\n|-boost|p2a: Gyarados|spe|1\n|move|p1a: Appletun|Leech Seed|p2a: Gyarados\n|-start|p2a: Gyarados|move: Leech Seed\n|\n|-heal|p1a: Appletun|278/352 par|[from] item: Leftovers\n|-damage|p2a: Gyarados|245/280|[from] Leech Seed|[of] p1a: Appletun\n|-heal|p1a: Appletun|313/352 par|[silent]\n|upkeep\n|turn|31\n|\n|t:|1728200177\n|move|p2a: Gyarados|Dragon Dance|p2a: Gyarados\n|-boost|p2a: Gyarados|atk|1\n|-boost|p2a: Gyarados|spe|1\n|move|p1a: Appletun|Apple Acid|p2a: Gyarados\n|-damage|p2a: Gyarados|137/280\n|-unboost|p2a: Gyarados|spd|1\n|\n|-heal|p1a: Appletun|335/352 par|[from] item: Leftovers\n|-damage|p2a: Gyarados|102/280|[from] Leech Seed|[of] p1a: Appletun\n|-heal|p1a: Appletun|352/352 par|[silent]\n|upkeep\n|turn|32\n|\n|t:|1728200180\n|move|p2a: Gyarados|Temper Flare|p1a: Appletun\n|-damage|p1a: Appletun|300/352 par\n|move|p1a: Appletun|Apple Acid|p2a: Gyarados\n|-damage|p2a: Gyarados|0 fnt\n|faint|p2a: Gyarados\n|\n|win|Vitoran\n|raw|Vitoran's rating: 2253 &rarr; <strong>2273</strong><br />(+20 for winning)\n|raw|RL4T big soup's rating: 2258 &rarr; <strong>2238</strong><br />(-20 for losing)\n|l|\u2606RL4T big soup\n|player|p2|\n|c|\u2606Vitoran|gg\n", "inputlog": ">version 86ae7daf8e420bb3f6c82a6a988ddcc1b1aa7e58\n>start {\"formatid\":\"gen9randombattle\",\"seed\":[23094,39577,35202,804],\"rated\":\"Rated battle\"}\n>player p1 {\"name\":\"Vitoran\",\"avatar\":\"nemona-v\",\"rating\":2253,\"seed\":[29969,15716,20083,43774]}\n>player p2 {\"name\":\"RL4T big soup\",\"avatar\":\"youngster\",\"rating\":2258,\"seed\":[54059,26351,47522,42639]}\n>chat \u2606Vitoran|glhf\n>p1 move leechseed\n>p2 switch 5\n>p1 switch 4\n>p2 move thunderwave\n>p1 move stealthrock\n>p2 switch 3\n>p1 switch 5\n>p2 move calmmind\n>p1 move heatcrash\n>p2 move aurasphere terastallize\n>p1 move roar\n>p2 move aurasphere\n>p1 switch 3\n>p1 move bodypress\n>p2 move flashcannon\n>chat \u2606Vitoran|actual misclick\n>chat \u2606Vitoran|rip\n>p1 move protect\n>p2 move flashcannon\n>p1 move playrough\n>p2 move flashcannon\n>p1 switch 4\n>p1 move dragonpulse\n>p2 move aurasphere\n>p2 switch 2\n>p1 switch 5\n>p2 move aurasphere\n>p1 switch 5\n>p1 move leechseed\n>p2 move aurasphere\n>p1 switch 2\n>p2 move aurasphere\n>p1 move nastyplot\n>p2 move aurasphere\n>p1 move hypervoice\n>p2 move aurasphere\n>p2 switch 6\n>p1 move roost terastallize\n>p2 move calmmind\n>p1 move hurricane\n>p2 move focusblast\n>p1 move roost\n>p2 move focusblast\n>p1 move hypervoice\n>p2 move focusblast\n>p2 switch 4\n>p1 move hypervoice\n>p2 move closecombat\n>p1 switch 6\n>p1 move populationbomb\n>p2 move acrobatics\n>p2 switch 3\n>p1 move tidyup\n>p2 move thunderwave\n>p1 move encore\n>p2 switch 5\n>chat \u2606Vitoran|unfort\n>p1 switch 2\n>p2 move waterfall\n>p1 move recover\n>p2 switch 5\n>p1 move leechseed\n>p2 move thunderwave\n>p1 move appleacid\n>p2 move terablast\n>p1 move recover\n>p2 move terablast\n>p1 move appleacid\n>p2 move terablast\n>p2 switch 5\n>p1 move leechseed\n>p2 move dragondance\n>p1 move appleacid\n>p2 move dragondance\n>p1 move appleacid\n>p2 move temperflare", "uploadtime": 1728200187, "views": 68, "formatid": "gen9randombattle", "rating": 2238, "private": 0, "password": null}