{"id": "gen9randombattle-2260748222", "format": "[Gen 9] Random Battle", "players": ["justintime18", "Thotty10noodle"], "log": "|j|\u2606justintime18\n|j|\u2606Thotty10noodle\n|t:|1733886406\n|gametype|singles\n|player|p1|justintime18|102|\n|player|p2|Thotty10noodle|170|\n|teamsize|p1|6\n|teamsize|p2|6\n|gen|9\n|tier|[Gen 9] Random Battle\n|rule|Species Clause: Limit one of each Pok\u00e9mon\n|rule|HP Percentage Mod: HP is shown in percentages\n|rule|Sleep Clause Mod: Limit one foe put to sleep\n|rule|Illusion Level Mod: Illusion disguises the Pok\u00e9mon's true level\n|\n|t:|1733886406\n|start\n|switch|p1a: Skeledirge|Skeledirge, L79, M|294/294\n|switch|p2a: Sandy Shocks|Sandy Shocks, L80|267/267\n|turn|1\n|inactive|Battle timer is ON: inactive players will automatically lose when time's up. (requested by Thotty10noodle)\n|j| TheClutchPvP\n|inactive|justintime18 has 270 seconds left.\n|\n|t:|1733886447\n|move|p2a: Sandy Shocks|Earth Power|p1a: Skeledirge\n|-supereffective|p1a: Skeledirge\n|-damage|p1a: Skeledirge|58/294\n|move|p1a: Skeledirge|Hex|p2a: Sandy Shocks\n|-damage|p2a: Sandy Shocks|192/267\n|\n|upkeep\n|turn|2\n|j| iclope\n|\n|t:|1733886477\n|move|p2a: Sandy Shocks|Thunderbolt|p1a: Skeledirge\n|-damage|p1a: Skeledirge|0 fnt\n|faint|p1a: Skeledirge\n|\n|upkeep\n|inactive|justintime18 has 270 seconds left.\n|\n|t:|1733886491\n|switch|p1a: Politoed|Politoed, L88, F|302/302\n|-weather|RainDance|[from] ability: Drizzle|[of] p1a: Politoed\n|turn|3\n|inactive|justintime18 has 270 seconds left.\n|\n|t:|1733886505\n|move|p2a: Sandy Shocks|Thunderbolt|p1a: Politoed\n|-supereffective|p1a: Politoed\n|-damage|p1a: Politoed|104/302\n|move|p1a: Politoed|Hypnosis|p2a: Sandy Shocks|[miss]\n|-miss|p1a: Politoed|p2a: Sandy Shocks\n|\n|-weather|RainDance|[upkeep]\n|upkeep\n|turn|4\n|\n|t:|1733886515\n|move|p2a: Sandy Shocks|Thunderbolt|p1a: Politoed\n|-supereffective|p1a: Politoed\n|-damage|p1a: Politoed|0 fnt\n|faint|p1a: Politoed\n|\n|-weather|RainDance|[upkeep]\n|upkeep\n|inactive|justintime18 has 270 seconds left.\n|\n|t:|1733886529\n|switch|p1a: Salamence|Salamence, L77, M|273/273\n|-ability|p1a: Salamence|Intimidate|boost\n|-unboost|p2a: Sandy Shocks|atk|1\n|turn|5\n|\n|t:|1733886536\n|move|p2a: Sandy Shocks|Volt Switch|p1a: Salamence\n|-damage|p1a: Salamence|177/273\n|\n|t:|1733886557\n|-end|p2a: Sandy Shocks|Protosynthesis|[silent]\n|switch|p2a: Dudunsparce|Dudunsparce-Three-Segment, L83, F|343/343|[from] Volt Switch\n|move|p1a: Salamence|Dragon Dance|p1a: Salamence\n|-boost|p1a: Salamence|atk|1\n|-boost|p1a: Salamence|spe|1\n|\n|-weather|RainDance|[upkeep]\n|upkeep\n|turn|6\n|inactive|justintime18 has 270 seconds left.\n|\n|t:|1733886589\n|move|p1a: Salamence|Outrage|p2a: Dudunsparce\n|-damage|p2a: Dudunsparce|136/343\n|move|p2a: Dudunsparce|Boomburst|p1a: Salamence\n|-damage|p1a: Salamence|33/273\n|\n|-weather|RainDance|[upkeep]\n|-heal|p2a: Dudunsparce|157/343|[from] item: Leftovers\n|upkeep\n|turn|7\n|\n|t:|1733886600\n|move|p1a: Salamence|Outrage|p2a: Dudunsparce|[from]lockedmove\n|-damage|p2a: Dudunsparce|0 fnt\n|faint|p2a: Dudunsparce\n|\n|-weather|none\n|upkeep\n|inactive|Thotty10noodle has 270 seconds left.\n|\n|t:|1733886629\n|switch|p2a: Breloom|Breloom, L82, F|233/233\n|turn|8\n|inactive|Thotty10noodle has 270 seconds left.\n|inactive|justintime18 has 270 seconds left.\n|\n|t:|1733886653\n|move|p2a: Breloom|Mach Punch|p1a: Salamence\n|-resisted|p1a: Salamence\n|-damage|p1a: Salamence|0 fnt\n|faint|p1a: Salamence\n|-damage|p2a: Breloom|210/233|[from] item: Life Orb\n|\n|upkeep\n|\n|t:|1733886669\n|switch|p1a: Iron Jugulis|Iron Jugulis, L78|275/275\n|turn|9\n|\n|t:|1733886677\n|move|p1a: Iron Jugulis|Hurricane|p2a: Breloom\n|-supereffective|p2a: Breloom\n|-damage|p2a: Breloom|0 fnt\n|faint|p2a: Breloom\n|\n|upkeep\n|\n|t:|1733886682\n|switch|p2a: Sandy Shocks|Sandy Shocks, L80|192/267\n|turn|10\n|\n|t:|1733886688\n|move|p1a: Iron Jugulis|Earth Power|p2a: Sandy Shocks\n|-supereffective|p2a: Sandy Shocks\n|-damage|p2a: Sandy Shocks|56/267\n|move|p2a: Sandy Shocks|Thunderbolt|p1a: Iron Jugulis\n|-supereffective|p1a: Iron Jugulis\n|-damage|p1a: Iron Jugulis|27/275\n|\n|upkeep\n|turn|11\n|inactive|justintime18 has 270 seconds left.\n|\n|t:|1733886698\n|move|p1a: Iron Jugulis|Earth Power|p2a: Sandy Shocks\n|-supereffective|p2a: Sandy Shocks\n|-damage|p2a: Sandy Shocks|0 fnt\n|faint|p2a: Sandy Shocks\n|-end|p2a: Sandy Shocks|Protosynthesis|[silent]\n|\n|upkeep\n|\n|t:|1733886702\n|switch|p2a: Hoopa|Hoopa, L85|275/275\n|turn|12\n|\n|t:|1733886712\n|move|p2a: Hoopa|Shadow Ball|p1a: Iron Jugulis\n|-resisted|p1a: Iron Jugulis\n|-damage|p1a: Iron Jugulis|0 fnt\n|faint|p1a: Iron Jugulis\n|-end|p1a: Iron Jugulis|Quark Drive|[silent]\n|\n|upkeep\n|\n|t:|1733886721\n|switch|p1a: Mesprit|Mesprit, L85|275/275\n|turn|13\n|\n|t:|1733886727\n|move|p2a: Hoopa|Shadow Ball|p1a: Mesprit\n|-supereffective|p1a: Mesprit\n|-damage|p1a: Mesprit|57/275\n|move|p1a: Mesprit|Knock Off|p2a: Hoopa\n|-supereffective|p2a: Hoopa\n|-damage|p2a: Hoopa|0 fnt\n|-enditem|p2a: Hoopa|Choice Scarf|[from] move: Knock Off|[of] p1a: Mesprit\n|faint|p2a: Hoopa\n|\n|-heal|p1a: Mesprit|74/275|[from] item: Leftovers\n|upkeep\n|\n|t:|1733886739\n|switch|p2a: Kingdra|Kingdra, L84, M|263/263\n|turn|14\n|\n|t:|1733886755\n|move|p2a: Kingdra|Dragon Dance|p2a: Kingdra\n|-boost|p2a: Kingdra|atk|1\n|-boost|p2a: Kingdra|spe|1\n|move|p1a: Mesprit|Thunder Wave|p2a: Kingdra\n|-status|p2a: Kingdra|par\n|-enditem|p2a: Kingdra|Lum Berry|[eat]\n|-curestatus|p2a: Kingdra|par|[msg]\n|\n|-heal|p1a: Mesprit|91/275|[from] item: Leftovers\n|upkeep\n|turn|15\n|\n|t:|1733886766\n|move|p2a: Kingdra|Wave Crash|p1a: Mesprit\n|-damage|p1a: Mesprit|0 fnt\n|faint|p1a: Mesprit\n|-damage|p2a: Kingdra|233/263|[from] Recoil\n|\n|upkeep\n|\n|t:|1733886771\n|switch|p1a: Conkeldurr|Conkeldurr, L80, M|299/299\n|turn|16\n|\n|t:|1733886783\n|move|p2a: Kingdra|Wave Crash|p1a: Conkeldurr\n|-damage|p1a: Conkeldurr|121/299\n|-damage|p2a: Kingdra|174/263|[from] Recoil\n|move|p1a: Conkeldurr|Knock Off|p2a: Kingdra\n|-damage|p2a: Kingdra|119/263\n|\n|-status|p1a: Conkeldurr|brn|[from] item: Flame Orb\n|upkeep\n|turn|17\n|\n|t:|1733886798\n|-terastallize|p1a: Conkeldurr|Normal\n|move|p1a: Conkeldurr|Mach Punch|p2a: Kingdra\n|-damage|p2a: Kingdra|46/263\n|move|p2a: Kingdra|Wave Crash|p1a: Conkeldurr\n|-damage|p1a: Conkeldurr|0 fnt\n|faint|p1a: Conkeldurr\n|-damage|p2a: Kingdra|6/263|[from] Recoil\n|\n|win|Thotty10noodle\n|l|\u2606justintime18\n|player|p1|\n", "inputlog": ">version bfd83cad13791eb5a5a409923076391caf6fb4d4\n>start {\"formatid\":\"gen9randombattle\",\"seed\":[6548,26843,8404,31951]}\n>player p1 {\"name\":\"justintime18\",\"avatar\":\"102\",\"rating\":0,\"seed\":[54722,13032,52204,1029]}\n>player p2 {\"name\":\"Thotty10noodle\",\"avatar\":\"170\",\"rating\":0,\"seed\":[4643,16748,31298,41093]}\n>p1 move hex\n>p2 move earthpower\n>p1 move torchsong\n>p2 move thunderbolt\n>p1 switch 3\n>p1 move hypnosis\n>p2 move thunderbolt\n>p1 move hypnosis\n>p2 move thunderbolt\n>p1 switch 2\n>p1 move dragondance\n>p2 move voltswitch\n>p2 switch 3\n>p1 move outrage\n>p2 move boomburst\n>p1 move outrage\n>p2 move boomburst\n>p2 switch 4\n>p1 move outrage\n>p2 move machpunch\n>p1 switch 5\n>p1 move hurricane\n>p2 move spore\n>p2 switch 3\n>p1 move earthpower\n>p2 move thunderbolt\n>p1 move earthpower\n>p2 move thunderbolt\n>p2 switch 2\n>p1 move darkpulse\n>p2 move shadowball\n>p1 switch 4\n>p1 move knockoff\n>p2 move shadowball\n>p2 switch 5\n>p1 move thunderwave\n>p2 move dragondance\n>p1 move knockoff\n>p2 move wavecrash\n>p1 switch 6\n>p1 move knockoff\n>p2 move wavecrash\n>p1 move machpunch terastallize\n>p2 move wavecrash", "uploadtime": 1733886814, "views": 9, "formatid": "gen9randombattle", "rating": null, "private": 0, "password": null}