{"id": "gen9randombattle-2156429041", "format": "[Gen 9] Random Battle", "players": ["ShadowQ8", "think neuro"], "log": "|j|\u2606ShadowQ8\n|j|\u2606think neuro\n|t:|1720312610\n|gametype|singles\n|player|p1|ShadowQ8|teamrocket|2232\n|player|p2|think neuro|preschoolerf|2241\n|teamsize|p1|6\n|teamsize|p2|6\n|gen|9\n|tier|[Gen 9] Random Battle\n|rated|\n|rule|Species Clause: Limit one of each Pok\u00e9mon\n|rule|HP Percentage Mod: HP is shown in percentages\n|rule|Sleep Clause Mod: Limit one foe put to sleep\n|rule|Illusion Level Mod: Illusion disguises the Pok\u00e9mon's true level\n|\n|t:|1720312610\n|start\n|switch|p1a: Girafarig|Girafarig, L89, M|269/269\n|switch|p2a: Toxicroak|Toxicroak, L84, F|277/277\n|turn|1\n|inactive|Battle timer is ON: inactive players will automatically lose when time's up. (requested by ShadowQ8)\n|\n|t:|1720312634\n|switch|p2a: Ambipom|Ambipom, L84, F|263/263\n|move|p1a: Girafarig|Nasty Plot|p1a: Girafarig\n|-boost|p1a: Girafarig|spa|2\n|\n|upkeep\n|turn|2\n|\n|t:|1720312646\n|move|p2a: Ambipom|Fake Out|p1a: Girafarig\n|-damage|p1a: Girafarig|205/269\n|cant|p1a: Girafarig|flinch\n|\n|upkeep\n|turn|3\n|\n|t:|1720312650\n|move|p2a: Ambipom|Knock Off|p1a: Girafarig\n|-supereffective|p1a: Girafarig\n|-damage|p1a: Girafarig|89/269\n|-enditem|p1a: Girafarig|Eviolite|[from] move: Knock Off|[of] p2a: Ambipom\n|move|p1a: Girafarig|Hyper Voice|p2a: Ambipom\n|-damage|p2a: Ambipom|32/263\n|\n|upkeep\n|turn|4\n|\n|t:|1720312655\n|switch|p1a: Vileplume|Vileplume, L86, F|269/269\n|move|p2a: Ambipom|U-turn|p1a: Vileplume\n|-crit|p1a: Vileplume\n|-damage|p1a: Vileplume|197/269\n|\n|t:|1720312663\n|switch|p2a: Klefki|Klefki, L84, F|233/233|[from] U-turn\n|\n|-heal|p1a: Vileplume|213/269|[from] item: Leftovers\n|upkeep\n|turn|5\n|\n|t:|1720312669\n|move|p2a: Klefki|Spikes|p1a: Vileplume\n|-sidestart|p1: ShadowQ8|Spikes\n|move|p1a: Vileplume|Leech Seed|p2a: Klefki\n|-start|p2a: Klefki|move: Leech Seed\n|\n|-heal|p1a: Vileplume|229/269|[from] item: Leftovers\n|-damage|p2a: Klefki|204/233|[from] Leech Seed|[of] p1a: Vileplume\n|-heal|p1a: Vileplume|258/269|[silent]\n|upkeep\n|turn|6\n|\n|t:|1720312681\n|move|p2a: Klefki|Thunder Wave|p1a: Vileplume\n|-status|p1a: Vileplume|par\n|move|p1a: Vileplume|Giga Drain|p2a: Klefki\n|-resisted|p2a: Klefki\n|-damage|p2a: Klefki|154/233\n|-heal|p1a: Vileplume|269/269 par|[from] drain|[of] p2a: Klefki\n|\n|-heal|p2a: Klefki|168/233|[from] item: Leftovers\n|-damage|p2a: Klefki|139/233|[from] Leech Seed|[of] p1a: Vileplume\n|upkeep\n|turn|7\n|\n|t:|1720312693\n|switch|p2a: Toxicroak|Toxicroak, L84, F|277/277\n|cant|p1a: Vileplume|par\n|\n|upkeep\n|turn|8\n|\n|t:|1720312697\n|move|p2a: Toxicroak|Gunk Shot|p1a: Vileplume\n|-damage|p1a: Vileplume|50/269 par\n|cant|p1a: Vileplume|par\n|\n|-heal|p1a: Vileplume|66/269 par|[from] item: Leftovers\n|upkeep\n|turn|9\n|\n|t:|1720312703\n|switch|p1a: Duraludon|Duraludon, L82, M|249/249\n|-damage|p1a: Duraludon|218/249|[from] Spikes\n|move|p2a: Toxicroak|Gunk Shot|p1a: Duraludon\n|-immune|p1a: Duraludon\n|\n|upkeep\n|turn|10\n|\n|t:|1720312713\n|switch|p2a: Klefki|Klefki, L84, F|139/233\n|move|p1a: Duraludon|Body Press|p2a: Klefki\n|-damage|p2a: Klefki|82/233\n|\n|-heal|p2a: Klefki|96/233|[from] item: Leftovers\n|upkeep\n|turn|11\n|\n|t:|1720312722\n|switch|p1a: Vileplume|Vileplume, L86, F|66/269 par\n|-damage|p1a: Vileplume|33/269 par|[from] Spikes\n|move|p2a: Klefki|Thunder Wave|p1a: Vileplume\n|-fail|p1a: Vileplume|par\n|\n|-heal|p2a: Klefki|110/233|[from] item: Leftovers\n|-heal|p1a: Vileplume|49/269 par|[from] item: Leftovers\n|upkeep\n|turn|12\n|\n|t:|1720312725\n|move|p2a: Klefki|Foul Play|p1a: Vileplume\n|-damage|p1a: Vileplume|6/269 par\n|cant|p1a: Vileplume|par\n|\n|-heal|p2a: Klefki|124/233|[from] item: Leftovers\n|-heal|p1a: Vileplume|22/269 par|[from] item: Leftovers\n|upkeep\n|turn|13\n|\n|t:|1720312728\n|move|p2a: Klefki|Foul Play|p1a: Vileplume\n|-crit|p1a: Vileplume\n|-damage|p1a: Vileplume|0 fnt\n|faint|p1a: Vileplume\n|\n|-heal|p2a: Klefki|138/233|[from] item: Leftovers\n|upkeep\n|\n|t:|1720312731\n|switch|p1a: Torterra|Torterra, L78, F|276/276\n|-damage|p1a: Torterra|242/276|[from] Spikes\n|turn|14\n|\n|t:|1720312741\n|move|p2a: Klefki|Dazzling Gleam|p1a: Torterra\n|-damage|p1a: Torterra|160/276\n|move|p1a: Torterra|Headlong Rush|p2a: Klefki\n|-supereffective|p2a: Klefki\n|-damage|p2a: Klefki|0 fnt\n|-unboost|p1a: Torterra|def|1\n|-unboost|p1a: Torterra|spd|1\n|faint|p2a: Klefki\n|\n|upkeep\n|\n|t:|1720312748\n|switch|p2a: Toxicroak|Toxicroak, L84, F|277/277\n|turn|15\n|\n|t:|1720312751\n|switch|p1a: Girafarig|Girafarig, L89, M|89/269\n|-damage|p1a: Girafarig|56/269|[from] Spikes\n|move|p2a: Toxicroak|Close Combat|p1a: Girafarig\n|-damage|p1a: Girafarig|0 fnt\n|-unboost|p2a: Toxicroak|def|1\n|-unboost|p2a: Toxicroak|spd|1\n|faint|p1a: Girafarig\n|\n|upkeep\n|\n|t:|1720312758\n|switch|p1a: Gouging Fire|Gouging Fire, L74|277/277\n|turn|16\n|\n|t:|1720312779\n|move|p2a: Toxicroak|Close Combat|p1a: Gouging Fire\n|-damage|p1a: Gouging Fire|100/277\n|-unboost|p2a: Toxicroak|def|1\n|-unboost|p2a: Toxicroak|spd|1\n|move|p1a: Gouging Fire|Earthquake|p2a: Toxicroak\n|-supereffective|p2a: Toxicroak\n|-damage|p2a: Toxicroak|0 fnt\n|faint|p2a: Toxicroak\n|\n|upkeep\n|\n|t:|1720312790\n|switch|p2a: Solgaleo|Solgaleo, L74|325/325\n|turn|17\n|\n|t:|1720312794\n|move|p2a: Solgaleo|Flame Charge|p1a: Gouging Fire\n|-resisted|p1a: Gouging Fire\n|-crit|p1a: Gouging Fire\n|-damage|p1a: Gouging Fire|87/277\n|-boost|p2a: Solgaleo|spe|1\n|move|p1a: Gouging Fire|Dragon Dance|p1a: Gouging Fire\n|-boost|p1a: Gouging Fire|atk|1\n|-boost|p1a: Gouging Fire|spe|1\n|\n|upkeep\n|turn|18\n|\n|t:|1720312801\n|move|p2a: Solgaleo|Psychic|p1a: Gouging Fire\n|-damage|p1a: Gouging Fire|0 fnt\n|faint|p1a: Gouging Fire\n|-end|p1a: Gouging Fire|Protosynthesis|[silent]\n|\n|upkeep\n|\n|t:|1720312806\n|switch|p1a: Dunsparce|Dunsparce, L86, F|312/312\n|-damage|p1a: Dunsparce|273/312|[from] Spikes\n|turn|19\n|\n|t:|1720312813\n|switch|p2a: Shiftry|Shiftry, L89, F|305/305\n|move|p1a: Dunsparce|Coil|p1a: Dunsparce\n|-boost|p1a: Dunsparce|atk|1\n|-boost|p1a: Dunsparce|def|1\n|-boost|p1a: Dunsparce|accuracy|1\n|\n|upkeep\n|turn|20\n|\n|t:|1720312816\n|move|p2a: Shiftry|Knock Off|p1a: Dunsparce\n|-damage|p1a: Dunsparce|198/312\n|-enditem|p1a: Dunsparce|Eviolite|[from] move: Knock Off|[of] p2a: Shiftry\n|-damage|p2a: Shiftry|275/305|[from] item: Life Orb\n|move|p1a: Dunsparce|Body Slam|p2a: Shiftry\n|-damage|p2a: Shiftry|145/305\n|-status|p2a: Shiftry|par\n|\n|upkeep\n|turn|21\n|\n|t:|1720312824\n|move|p1a: Dunsparce|Coil|p1a: Dunsparce\n|-boost|p1a: Dunsparce|atk|1\n|-boost|p1a: Dunsparce|def|1\n|-boost|p1a: Dunsparce|accuracy|1\n|cant|p2a: Shiftry|par\n|\n|upkeep\n|turn|22\n|\n|t:|1720312827\n|cant|p2a: Shiftry|par\n|move|p1a: Dunsparce|Coil|p1a: Dunsparce\n|-boost|p1a: Dunsparce|atk|1\n|-boost|p1a: Dunsparce|def|1\n|-boost|p1a: Dunsparce|accuracy|1\n|\n|upkeep\n|turn|23\n|\n|t:|1720312830\n|move|p1a: Dunsparce|Coil|p1a: Dunsparce\n|-boost|p1a: Dunsparce|atk|1\n|-boost|p1a: Dunsparce|def|1\n|-boost|p1a: Dunsparce|accuracy|1\n|move|p2a: Shiftry|Swords Dance|p2a: Shiftry\n|-boost|p2a: Shiftry|atk|2\n|\n|upkeep\n|turn|24\n|\n|t:|1720312832\n|move|p2a: Shiftry|Sucker Punch||[still]\n|-fail|p2a: Shiftry\n|move|p1a: Dunsparce|Roost|p1a: Dunsparce\n|-heal|p1a: Dunsparce|312/312\n|-singleturn|p1a: Dunsparce|move: Roost\n|\n|upkeep\n|turn|25\n|\n|t:|1720312834\n|move|p2a: Shiftry|Sucker Punch||[still]\n|-fail|p2a: Shiftry\n|move|p1a: Dunsparce|Coil|p1a: Dunsparce\n|-boost|p1a: Dunsparce|atk|1\n|-boost|p1a: Dunsparce|def|1\n|-boost|p1a: Dunsparce|accuracy|1\n|\n|upkeep\n|turn|26\n|\n|t:|1720312836\n|cant|p2a: Shiftry|par\n|move|p1a: Dunsparce|Body Slam|p2a: Shiftry\n|-damage|p2a: Shiftry|0 fnt\n|faint|p2a: Shiftry\n|\n|upkeep\n|c|\u2606think neuro|wow.\n|\n|t:|1720312840\n|switch|p2a: Phione|Phione, L90|290/290\n|turn|27\n|\n|t:|1720312843\n|move|p2a: Phione|Scald|p1a: Dunsparce\n|-damage|p1a: Dunsparce|200/312\n|-status|p1a: Dunsparce|brn\n|move|p1a: Dunsparce|Body Slam|p2a: Phione\n|-damage|p2a: Phione|161/290\n|-status|p2a: Phione|par\n|\n|-heal|p2a: Phione|179/290 par|[from] item: Leftovers\n|-damage|p1a: Dunsparce|181/312 brn|[from] brn\n|upkeep\n|turn|28\n|\n|t:|1720312850\n|move|p1a: Dunsparce|Body Slam|p2a: Phione\n|-damage|p2a: Phione|46/290 par\n|move|p2a: Phione|Take Heart|p2a: Phione\n|-boost|p2a: Phione|spa|1\n|-boost|p2a: Phione|spd|1\n|-curestatus|p2a: Phione|par|[msg]\n|\n|-heal|p2a: Phione|64/290|[from] item: Leftovers\n|-damage|p1a: Dunsparce|162/312 brn|[from] brn\n|upkeep\n|turn|29\n|\n|t:|1720312859\n|move|p2a: Phione|Scald|p1a: Dunsparce\n|-crit|p1a: Dunsparce\n|-damage|p1a: Dunsparce|0 fnt\n|faint|p1a: Dunsparce\n|\n|-heal|p2a: Phione|82/290|[from] item: Leftovers\n|upkeep\n|\n|t:|1720312865\n|switch|p1a: Duraludon|Duraludon, L82, M|218/249\n|-damage|p1a: Duraludon|187/249|[from] Spikes\n|turn|30\n|\n|t:|1720312872\n|move|p2a: Phione|Scald|p1a: Duraludon\n|-resisted|p1a: Duraludon\n|-damage|p1a: Duraludon|124/249\n|move|p1a: Duraludon|Draco Meteor|p2a: Phione|[miss]\n|-miss|p1a: Duraludon|p2a: Phione\n|\n|-heal|p2a: Phione|100/290|[from] item: Leftovers\n|upkeep\n|turn|31\n|\n|t:|1720312880\n|-terastallize|p2a: Phione|Steel\n|move|p2a: Phione|Scald|p1a: Duraludon\n|-resisted|p1a: Duraludon\n|-damage|p1a: Duraludon|65/249\n|-status|p1a: Duraludon|brn\n|move|p1a: Duraludon|Draco Meteor|p2a: Phione\n|-resisted|p2a: Phione\n|-damage|p2a: Phione|46/290\n|-unboost|p1a: Duraludon|spa|2\n|\n|-heal|p2a: Phione|64/290|[from] item: Leftovers\n|-damage|p1a: Duraludon|50/249 brn|[from] brn\n|upkeep\n|turn|32\n|c|\u2606think neuro|gg\n|\n|t:|1720312888\n|move|p2a: Phione|Ice Beam|p1a: Duraludon\n|-damage|p1a: Duraludon|0 fnt\n|faint|p1a: Duraludon\n|\n|-heal|p2a: Phione|82/290|[from] item: Leftovers\n|upkeep\n|-message|ShadowQ8 forfeited.\n|\n|win|think neuro\n|raw|ShadowQ8's rating: 2232 &rarr; <strong>2213</strong><br />(-19 for losing)\n|raw|think neuro's rating: 2241 &rarr; <strong>2260</strong><br />(+19 for winning)\n|c|\u2606think neuro|/log think neuro made this room public.\n|c|\u2606think neuro|ez.\n", "inputlog": ">version 3256c1e4107ed09193c60706df0b33e39c79a710\n>start {\"formatid\":\"gen9randombattle\",\"seed\":[11659,23963,64162,86],\"rated\":\"Rated battle\"}\n>player p1 {\"name\":\"ShadowQ8\",\"avatar\":\"teamrocket\",\"rating\":2232,\"seed\":[5095,46709,7246,62692]}\n>player p2 {\"name\":\"think neuro\",\"avatar\":\"preschoolerf\",\"rating\":2241,\"seed\":[64320,50478,13319,12489]}\n>p1 move nastyplot\n>p2 switch 2\n>p1 move hypervoice\n>p2 move fakeout\n>p1 move hypervoice\n>p2 move knockoff\n>p1 switch 3\n>p2 move uturn\n>p2 switch 5\n>p1 move leechseed\n>p2 move spikes\n>p1 move gigadrain\n>p2 move thunderwave\n>p1 move gigadrain\n>p2 switch 2\n>p1 move leechseed\n>p2 move gunkshot\n>p1 switch 6\n>p2 move gunkshot\n>p1 move bodypress\n>p2 switch 2\n>p1 switch 6\n>p2 move thunderwave\n>p1 move strengthsap\n>p2 move foulplay\n>p1 move strengthsap\n>p2 move foulplay\n>p1 switch 5\n>p1 move headlongrush\n>p2 move dazzlinggleam\n>p2 switch 2\n>p1 switch 3\n>p2 move closecombat\n>p1 switch 4\n>p1 move earthquake\n>p2 move closecombat\n>p2 switch 3\n>p1 move dragondance\n>p2 move flamecharge\n>p1 move dragondance\n>p2 move psychic\n>p1 switch 2\n>p1 move coil\n>p2 switch 6\n>p1 move bodyslam\n>p2 move knockoff\n>p1 move coil\n>p2 move swordsdance\n>p1 move coil\n>p2 move suckerpunch\n>p1 move coil\n>p2 move swordsdance\n>p1 move roost\n>p2 move suckerpunch\n>p1 move coil\n>p2 move suckerpunch\n>p1 move bodyslam\n>p2 move suckerpunch\n>chat \u2606think neuro|wow.\n>p2 switch 4\n>p1 move bodyslam\n>p2 move scald\n>p1 move bodyslam\n>p2 move takeheart\n>p1 move bodyslam\n>p2 move scald\n>p1 switch 6\n>p1 move dracometeor\n>p2 move scald\n>p1 move dracometeor\n>p2 move scald terastallize\n>chat \u2606think neuro|gg\n>p1 move bodypress\n>p2 move icebeam\n>forcelose p1", "uploadtime": 1720312919, "views": 164, "formatid": "gen9randombattle", "rating": 2213, "private": 0, "password": null}