{"id": "gen9randombattle-2260710812", "format": "[Gen 9] Random Battle", "players": ["grass1234567", "canyousparechange"], "log": "|j|\u2606grass1234567\n|j|\u2606canyousparechange\n|t:|1733881480\n|gametype|singles\n|player|p1|grass1234567|170|1979\n|player|p2|canyousparechange|li|2010\n|teamsize|p1|6\n|teamsize|p2|6\n|gen|9\n|tier|[Gen 9] Random Battle\n|rated|\n|rule|Species Clause: Limit one of each Pok\u00e9mon\n|rule|HP Percentage Mod: HP is shown in percentages\n|rule|Sleep Clause Mod: Limit one foe put to sleep\n|rule|Illusion Level Mod: Illusion disguises the Pok\u00e9mon's true level\n|\n|t:|1733881480\n|start\n|switch|p1a: Floatzel|Floatzel, L85, M|283/283\n|switch|p2a: Espathra|Espathra, L80, F|283/283\n|turn|1\n|inactive|Battle timer is ON: inactive players will automatically lose when time's up. (requested by canyousparechange)\n|\n|t:|1733881491\n|switch|p2a: Dialga|Dialga, L73|266/266\n|-ability|p2a: Dialga|Pressure\n|move|p1a: Floatzel|Flip Turn|p2a: Dialga\n|-resisted|p2a: Dialga\n|-damage|p2a: Dialga|221/266\n|\n|t:|1733881505\n|switch|p1a: Lanturn|Lanturn, L89, F|367/367|[from] Flip Turn\n|\n|-heal|p2a: Dialga|237/266|[from] item: Leftovers\n|upkeep\n|turn|2\n|\n|t:|1733881523\n|switch|p2a: Garganacl|Garganacl, L80, M|291/291\n|move|p1a: Lanturn|Thunder Wave|p2a: Garganacl\n|-immune|p2a: Garganacl|[from] ability: Purifying Salt\n|\n|upkeep\n|turn|3\n|\n|t:|1733881543\n|move|p1a: Lanturn|Volt Switch|p2a: Garganacl\n|-damage|p2a: Garganacl|221/291\n|\n|t:|1733881554\n|switch|p1a: Altaria|Altaria, L88, M|275/275|[from] Volt Switch\n|move|p2a: Garganacl|Salt Cure|p1a: Altaria\n|-supereffective|p1a: Altaria\n|-damage|p1a: Altaria|201/275\n|-start|p1a: Altaria|Salt Cure\n|\n|-heal|p2a: Garganacl|239/291|[from] item: Leftovers\n|-damage|p1a: Altaria|167/275|[from] Salt Cure\n|upkeep\n|turn|4\n|\n|t:|1733881566\n|switch|p1a: Rotom|Rotom-Heat, L83|219/219\n|move|p2a: Garganacl|Iron Defense|p2a: Garganacl\n|-boost|p2a: Garganacl|def|2\n|\n|-heal|p2a: Garganacl|257/291|[from] item: Leftovers\n|upkeep\n|turn|5\n|\n|t:|1733881573\n|switch|p2a: Latias|Latias, L79, F|256/256\n|move|p1a: Rotom|Trick|p2a: Latias\n|-activate|p1a: Rotom|move: Trick|[of] p2a: Latias\n|-item|p2a: Latias|Choice Scarf|[from] move: Trick\n|-item|p1a: Rotom|Soul Dew|[from] move: Trick\n|\n|upkeep\n|turn|6\n|\n|t:|1733881589\n|switch|p2a: Garganacl|Garganacl, L80, M|257/291\n|move|p1a: Rotom|Volt Switch|p2a: Garganacl\n|-damage|p2a: Garganacl|181/291\n|\n|t:|1733881598\n|switch|p1a: Floatzel|Floatzel, L85, M|283/283|[from] Volt Switch\n|\n|-heal|p2a: Garganacl|199/291|[from] item: Leftovers\n|upkeep\n|turn|7\n|\n|t:|1733881603\n|-terastallize|p2a: Garganacl|Dragon\n|move|p1a: Floatzel|Flip Turn|p2a: Garganacl\n|-resisted|p2a: Garganacl\n|-damage|p2a: Garganacl|162/291\n|inactive|grass1234567 has 120 seconds left.\n|\n|t:|1733881627\n|switch|p1a: Altaria|Altaria, L88, M|167/275|[from] Flip Turn\n|move|p2a: Garganacl|Recover|p2a: Garganacl\n|-heal|p2a: Garganacl|291/291\n|\n|upkeep\n|turn|8\n|inactive|grass1234567 has 120 seconds left.\n|\n|t:|1733881650\n|move|p1a: Altaria|Roost|p1a: Altaria\n|-heal|p1a: Altaria|275/275\n|-singleturn|p1a: Altaria|move: Roost\n|move|p2a: Garganacl|Salt Cure|p1a: Altaria\n|-damage|p1a: Altaria|239/275\n|-start|p1a: Altaria|Salt Cure\n|\n|-damage|p1a: Altaria|205/275|[from] Salt Cure\n|upkeep\n|turn|9\n|inactive|grass1234567 has 90 seconds left.\n|\n|t:|1733881694\n|move|p1a: Altaria|Brave Bird|p2a: Garganacl\n|-damage|p2a: Garganacl|210/291\n|-damage|p1a: Altaria|178/275|[from] Recoil\n|move|p2a: Garganacl|Iron Defense|p2a: Garganacl\n|-boost|p2a: Garganacl|def|2\n|\n|-heal|p2a: Garganacl|228/291|[from] item: Leftovers\n|-damage|p1a: Altaria|144/275|[from] Salt Cure\n|upkeep\n|turn|10\n|-message|grass1234567 forfeited.\n|\n|win|canyousparechange\n|raw|grass1234567's rating: 1979 &rarr; <strong>1961</strong><br />(-18 for losing)\n|raw|canyousparechange's rating: 2010 &rarr; <strong>2028</strong><br />(+18 for winning)\n|l|\u2606grass1234567\n|player|p1|\n", "inputlog": ">version bfd83cad13791eb5a5a409923076391caf6fb4d4\n>start {\"formatid\":\"gen9randombattle\",\"seed\":[21248,58961,57052,47856],\"rated\":\"Rated battle\"}\n>player p1 {\"name\":\"grass1234567\",\"avatar\":\"170\",\"rating\":1979,\"seed\":[4007,27356,32909,50916]}\n>player p2 {\"name\":\"canyousparechange\",\"avatar\":\"li\",\"rating\":2010,\"seed\":[20309,32571,35525,47410]}\n>p1 move flipturn\n>p2 switch 6\n>p1 switch 5\n>p1 move thunderwave\n>p2 switch 4\n>p1 move voltswitch\n>p2 move saltcure\n>p1 switch 3\n>p1 switch 6\n>p2 move irondefense\n>p1 move trick\n>p2 switch 3\n>p1 move voltswitch\n>p2 switch 3\n>p1 switch 5\n>p1 move flipturn\n>p2 move recover terastallize\n>p1 switch 6\n>p1 move roost\n>p2 move saltcure\n>p1 move bravebird\n>p2 move irondefense\n>forcelose p1", "uploadtime": 1733881716, "views": 2, "formatid": "gen9randombattle", "rating": 1961, "private": 0, "password": null}