{"id": "gen9randombattle-2259934511", "format": "[Gen 9] Random Battle", "players": ["SkyHighMiles", "smeargle_the_great"], "log": "|j|\u2606SkyHighMiles\n|j|\u2606smeargle_the_great\n|t:|1733781615\n|gametype|singles\n|player|p1|SkyHighMiles|102|1853\n|player|p2|smeargle_the_great|volkner|1828\n|teamsize|p1|6\n|teamsize|p2|6\n|gen|9\n|tier|[Gen 9] Random Battle\n|rated|\n|rule|Species Clause: Limit one of each Pok\u00e9mon\n|rule|HP Percentage Mod: HP is shown in percentages\n|rule|Sleep Clause Mod: Limit one foe put to sleep\n|rule|Illusion Level Mod: Illusion disguises the Pok\u00e9mon's true level\n|\n|t:|1733781615\n|start\n|switch|p1a: Sceptile|Sceptile, L87, M|264/264\n|switch|p2a: Venusaur|Venusaur, L84, F|272/272\n|turn|1\n|inactive|Battle timer is ON: inactive players will automatically lose when time's up. (requested by SkyHighMiles)\n|inactive|smeargle_the_great has 120 seconds left.\n|\n|t:|1733781658\n|switch|p1a: Cramorant|Cramorant, L86, F|261/261\n|move|p2a: Venusaur|Knock Off|p1a: Cramorant\n|-damage|p1a: Cramorant|175/261\n|-enditem|p1a: Cramorant|Heavy-Duty Boots|[from] move: Knock Off|[of] p2a: Venusaur\n|\n|upkeep\n|turn|2\n|\n|t:|1733781667\n|switch|p2a: Pachirisu|Pachirisu, L96, M|271/271\n|move|p1a: Cramorant|Brave Bird|p2a: Pachirisu\n|-resisted|p2a: Pachirisu\n|-damage|p2a: Pachirisu|208/271\n|-damage|p1a: Cramorant|154/261|[from] Recoil\n|\n|upkeep\n|turn|3\n|\n|t:|1733781675\n|-terastallize|p1a: Cramorant|Ground\n|move|p2a: Pachirisu|U-turn|p1a: Cramorant\n|-damage|p1a: Cramorant|104/261\n|\n|t:|1733781686\n|switch|p2a: Kilowattrel|Kilowattrel, L83, F|252/252|[from] U-turn\n|move|p1a: Cramorant|Surf|p2a: Kilowattrel\n|-formechange|p1a: Cramorant|Cramorant-Gorging|\n|-damage|p2a: Kilowattrel|131/252\n|\n|upkeep\n|turn|4\n|\n|t:|1733781689\n|move|p2a: Kilowattrel|Hurricane|p1a: Cramorant\n|-damage|p1a: Cramorant|0 fnt\n|-damage|p2a: Kilowattrel|68/252|[from] ability: Gulp Missile|[of] p1a: Cramorant\n|-formechange|p1a: Cramorant|Cramorant|\n|faint|p1a: Cramorant\n|\n|upkeep\n|\n|t:|1733781692\n|switch|p1a: Sceptile|Sceptile, L87, M|264/264\n|turn|5\n|\n|t:|1733781701\n|move|p1a: Sceptile|Rock Slide|p2a: Kilowattrel\n|-supereffective|p2a: Kilowattrel\n|-damage|p2a: Kilowattrel|0 fnt\n|faint|p2a: Kilowattrel\n|-damage|p1a: Sceptile|238/264|[from] item: Life Orb\n|\n|upkeep\n|\n|t:|1733781704\n|switch|p2a: Venusaur|Venusaur, L84, F|272/272\n|turn|6\n|\n|t:|1733781706\n|move|p1a: Sceptile|Rock Slide|p2a: Venusaur\n|-damage|p2a: Venusaur|207/272\n|-damage|p1a: Sceptile|212/264|[from] item: Life Orb\n|move|p2a: Venusaur|Sludge Bomb|p1a: Sceptile\n|-supereffective|p1a: Sceptile\n|-damage|p1a: Sceptile|24/264\n|-status|p1a: Sceptile|psn\n|\n|-heal|p2a: Venusaur|224/272|[from] item: Leftovers\n|-damage|p1a: Sceptile|0 fnt|[from] psn\n|faint|p1a: Sceptile\n|upkeep\n|\n|t:|1733781708\n|switch|p1a: Ogerpon|Ogerpon-Hearthflame, L74, F|239/239\n|-ability|p1a: Ogerpon|Mold Breaker\n|turn|7\n|\n|t:|1733781718\n|-terastallize|p2a: Venusaur|Water\n|move|p1a: Ogerpon|Swords Dance|p1a: Ogerpon\n|-boost|p1a: Ogerpon|atk|2\n|move|p2a: Venusaur|Sludge Bomb|p1a: Ogerpon\n|-supereffective|p1a: Ogerpon\n|-damage|p1a: Ogerpon|23/239\n|-status|p1a: Ogerpon|psn\n|\n|-heal|p2a: Venusaur|241/272|[from] item: Leftovers\n|-damage|p1a: Ogerpon|0 fnt|[from] psn\n|faint|p1a: Ogerpon\n|upkeep\n|\n|t:|1733781725\n|switch|p1a: Oricorio|Oricorio-Pom-Pom, L82, F|257/257\n|turn|8\n|\n|t:|1733781733\n|switch|p2a: Pachirisu|Pachirisu, L96, M|208/271\n|move|p1a: Oricorio|Revelation Dance|p2a: Pachirisu\n|-heal|p2a: Pachirisu|271/271|[from] ability: Volt Absorb|[of] p1a: Oricorio\n|\n|upkeep\n|turn|9\n|\n|t:|1733781736\n|move|p2a: Pachirisu|Encore|p1a: Oricorio\n|-start|p1a: Oricorio|Encore\n|move|p1a: Oricorio|Revelation Dance|p2a: Pachirisu\n|-immune|p2a: Pachirisu|[from] ability: Volt Absorb\n|\n|upkeep\n|turn|10\n|\n|t:|1733781743\n|move|p2a: Pachirisu|Super Fang|p1a: Oricorio\n|-damage|p1a: Oricorio|129/257\n|move|p1a: Oricorio|Revelation Dance|p2a: Pachirisu\n|-immune|p2a: Pachirisu|[from] ability: Volt Absorb\n|\n|upkeep\n|turn|11\n|\n|t:|1733781746\n|move|p2a: Pachirisu|Super Fang|p1a: Oricorio\n|-damage|p1a: Oricorio|65/257\n|move|p1a: Oricorio|Revelation Dance|p2a: Pachirisu\n|-immune|p2a: Pachirisu|[from] ability: Volt Absorb\n|\n|-end|p1a: Oricorio|Encore\n|upkeep\n|turn|12\n|\n|t:|1733781748\n|move|p2a: Pachirisu|Encore|p1a: Oricorio\n|-start|p1a: Oricorio|Encore\n|move|p1a: Oricorio|Revelation Dance|p2a: Pachirisu\n|-immune|p2a: Pachirisu|[from] ability: Volt Absorb\n|\n|upkeep\n|turn|13\n|\n|t:|1733781753\n|switch|p1a: Grimmsnarl|Grimmsnarl, L83, M|293/293\n|move|p2a: Pachirisu|Discharge|p1a: Grimmsnarl\n|-damage|p1a: Grimmsnarl|218/293\n|-status|p1a: Grimmsnarl|par\n|\n|upkeep\n|turn|14\n|\n|t:|1733781771\n|switch|p2a: Venusaur|Venusaur, L84, F, tera:Water|241/272\n|move|p1a: Grimmsnarl|Light Screen|p1a: Grimmsnarl\n|-sidestart|p1: SkyHighMiles|move: Light Screen\n|\n|-heal|p2a: Venusaur|258/272|[from] item: Leftovers\n|upkeep\n|turn|15\n|\n|t:|1733781773\n|move|p1a: Grimmsnarl|Parting Shot|p2a: Venusaur\n|-unboost|p2a: Venusaur|atk|1\n|-unboost|p2a: Venusaur|spa|1\n|\n|t:|1733781775\n|switch|p1a: Oricorio|Oricorio-Pom-Pom, L82, F|65/257|[from] Parting Shot\n|move|p2a: Venusaur|Sludge Bomb|p1a: Oricorio\n|-damage|p1a: Oricorio|23/257\n|\n|-heal|p2a: Venusaur|272/272|[from] item: Leftovers\n|upkeep\n|turn|16\n|\n|t:|1733781782\n|move|p1a: Oricorio|Roost|p1a: Oricorio\n|-heal|p1a: Oricorio|152/257\n|-singleturn|p1a: Oricorio|move: Roost\n|move|p2a: Venusaur|Sleep Powder|p1a: Oricorio\n|-status|p1a: Oricorio|slp|[from] move: Sleep Powder\n|\n|upkeep\n|turn|17\n|\n|t:|1733781797\n|switch|p1a: Grimmsnarl|Grimmsnarl, L83, M|218/293 par\n|switch|p2a: Pachirisu|Pachirisu, L96, M|271/271\n|\n|upkeep\n|turn|18\n|\n|t:|1733781805\n|cant|p1a: Grimmsnarl|par\n|move|p2a: Pachirisu|Super Fang|p1a: Grimmsnarl\n|-damage|p1a: Grimmsnarl|109/293 par\n|\n|upkeep\n|turn|19\n|\n|t:|1733781816\n|move|p1a: Grimmsnarl|Parting Shot|p2a: Pachirisu\n|-unboost|p2a: Pachirisu|atk|1\n|-unboost|p2a: Pachirisu|spa|1\n|\n|t:|1733781818\n|switch|p1a: Oricorio|Oricorio-Pom-Pom, L82, F|152/257 slp|[from] Parting Shot\n|move|p2a: Pachirisu|Super Fang|p1a: Oricorio|[miss]\n|-miss|p2a: Pachirisu|p1a: Oricorio\n|\n|upkeep\n|turn|20\n|\n|t:|1733781826\n|move|p2a: Pachirisu|Super Fang|p1a: Oricorio\n|-damage|p1a: Oricorio|76/257 slp\n|cant|p1a: Oricorio|slp\n|\n|upkeep\n|turn|21\n|\n|t:|1733781834\n|move|p2a: Pachirisu|Super Fang|p1a: Oricorio\n|-damage|p1a: Oricorio|38/257 slp\n|-curestatus|p1a: Oricorio|slp|[msg]\n|move|p1a: Oricorio|Roost|p1a: Oricorio\n|-heal|p1a: Oricorio|167/257\n|-singleturn|p1a: Oricorio|move: Roost\n|\n|-sideend|p1: SkyHighMiles|move: Light Screen\n|upkeep\n|turn|22\n|\n|t:|1733781837\n|switch|p1a: Grimmsnarl|Grimmsnarl, L83, M|109/293 par\n|move|p2a: Pachirisu|Encore||[still]\n|-fail|p2a: Pachirisu\n|\n|upkeep\n|turn|23\n|\n|t:|1733781839\n|move|p1a: Grimmsnarl|Light Screen|p1a: Grimmsnarl\n|-sidestart|p1: SkyHighMiles|move: Light Screen\n|move|p2a: Pachirisu|U-turn|p1a: Grimmsnarl\n|-damage|p1a: Grimmsnarl|75/293 par\n|\n|t:|1733781847\n|switch|p2a: Venusaur|Venusaur, L84, F, tera:Water|272/272|[from] U-turn\n|\n|upkeep\n|turn|24\n|\n|t:|1733781850\n|move|p1a: Grimmsnarl|Parting Shot|p2a: Venusaur\n|-unboost|p2a: Venusaur|atk|1\n|-unboost|p2a: Venusaur|spa|1\n|\n|t:|1733781852\n|switch|p1a: Oricorio|Oricorio-Pom-Pom, L82, F|167/257|[from] Parting Shot\n|move|p2a: Venusaur|Sludge Bomb|p1a: Oricorio\n|-damage|p1a: Oricorio|126/257\n|\n|upkeep\n|turn|25\n|\n|t:|1733781856\n|move|p1a: Oricorio|Revelation Dance|p2a: Venusaur\n|-supereffective|p2a: Venusaur\n|-damage|p2a: Venusaur|98/272\n|move|p2a: Venusaur|Sleep Powder|p1a: Oricorio\n|-status|p1a: Oricorio|slp|[from] move: Sleep Powder\n|\n|-heal|p2a: Venusaur|115/272|[from] item: Leftovers\n|upkeep\n|turn|26\n|\n|t:|1733781878\n|cant|p1a: Oricorio|slp\n|move|p2a: Venusaur|Knock Off|p1a: Oricorio\n|-damage|p1a: Oricorio|76/257 slp\n|-enditem|p1a: Oricorio|Heavy-Duty Boots|[from] move: Knock Off|[of] p2a: Venusaur\n|\n|-heal|p2a: Venusaur|132/272|[from] item: Leftovers\n|upkeep\n|turn|27\n|\n|t:|1733781881\n|switch|p2a: Pachirisu|Pachirisu, L96, M|271/271\n|cant|p1a: Oricorio|slp\n|\n|upkeep\n|turn|28\n|\n|t:|1733781885\n|move|p2a: Pachirisu|Discharge|p1a: Oricorio\n|-damage|p1a: Oricorio|36/257 slp\n|-curestatus|p1a: Oricorio|slp|[msg]\n|move|p1a: Oricorio|Roost|p1a: Oricorio\n|-heal|p1a: Oricorio|165/257\n|-singleturn|p1a: Oricorio|move: Roost\n|\n|upkeep\n|turn|29\n|\n|t:|1733781892\n|switch|p1a: Grimmsnarl|Grimmsnarl, L83, M|75/293 par\n|move|p2a: Pachirisu|Encore||[still]\n|-fail|p2a: Pachirisu\n|\n|upkeep\n|turn|30\n|\n|t:|1733781902\n|move|p1a: Grimmsnarl|Parting Shot|p2a: Pachirisu\n|-unboost|p2a: Pachirisu|atk|1\n|-unboost|p2a: Pachirisu|spa|1\n|\n|t:|1733781903\n|switch|p1a: Oricorio|Oricorio-Pom-Pom, L82, F|165/257|[from] Parting Shot\n|move|p2a: Pachirisu|U-turn|p1a: Oricorio\n|-resisted|p1a: Oricorio\n|-damage|p1a: Oricorio|148/257\n|\n|t:|1733781919\n|switch|p2a: Lilligant|Lilligant-Hisui, L79, F|240/240|[from] U-turn\n|\n|-sideend|p1: SkyHighMiles|move: Light Screen\n|upkeep\n|turn|31\n|\n|t:|1733781923\n|move|p2a: Lilligant|Sleep Powder|p1a: Oricorio\n|-status|p1a: Oricorio|slp|[from] move: Sleep Powder\n|cant|p1a: Oricorio|slp\n|\n|upkeep\n|turn|32\n|c|\u2606SkyHighMiles|Dude\n|\n|t:|1733781933\n|switch|p2a: Pachirisu|Pachirisu, L96, M|271/271\n|cant|p1a: Oricorio|slp\n|\n|upkeep\n|turn|33\n|\n|t:|1733781936\n|move|p2a: Pachirisu|Super Fang|p1a: Oricorio\n|-damage|p1a: Oricorio|74/257 slp\n|-curestatus|p1a: Oricorio|slp|[msg]\n|move|p1a: Oricorio|Quiver Dance|p1a: Oricorio\n|-boost|p1a: Oricorio|spa|1\n|-boost|p1a: Oricorio|spd|1\n|-boost|p1a: Oricorio|spe|1\n|\n|upkeep\n|turn|34\n|\n|t:|1733781940\n|move|p1a: Oricorio|Roost|p1a: Oricorio\n|-heal|p1a: Oricorio|203/257\n|-singleturn|p1a: Oricorio|move: Roost\n|move|p2a: Pachirisu|Encore|p1a: Oricorio\n|-start|p1a: Oricorio|Encore\n|\n|upkeep\n|turn|35\n|\n|t:|1733781943\n|switch|p1a: Grimmsnarl|Grimmsnarl, L83, M|75/293 par\n|move|p2a: Pachirisu|Super Fang|p1a: Grimmsnarl\n|-damage|p1a: Grimmsnarl|38/293 par\n|\n|upkeep\n|turn|36\n|\n|t:|1733781951\n|move|p1a: Grimmsnarl|Light Screen|p1a: Grimmsnarl\n|-sidestart|p1: SkyHighMiles|move: Light Screen\n|move|p2a: Pachirisu|Discharge|p1a: Grimmsnarl\n|-damage|p1a: Grimmsnarl|0 fnt\n|faint|p1a: Grimmsnarl\n|\n|upkeep\n|\n|t:|1733781956\n|switch|p1a: Terrakion|Terrakion, L79|273/273\n|turn|37\n|\n|t:|1733781964\n|move|p2a: Pachirisu|U-turn|p1a: Terrakion\n|-resisted|p1a: Terrakion\n|-damage|p1a: Terrakion|252/273\n|\n|t:|1733781978\n|switch|p2a: Lilligant|Lilligant-Hisui, L79, F|240/240|[from] U-turn\n|move|p1a: Terrakion|Earthquake|p2a: Lilligant\n|-resisted|p2a: Lilligant\n|-damage|p2a: Lilligant|179/240\n|-damage|p1a: Terrakion|225/273|[from] item: Life Orb\n|\n|upkeep\n|turn|38\n|\n|t:|1733781986\n|move|p1a: Terrakion|Stone Edge|p2a: Lilligant\n|-resisted|p2a: Lilligant\n|-damage|p2a: Lilligant|88/240\n|-damage|p1a: Terrakion|198/273|[from] item: Life Orb\n|move|p2a: Lilligant|Sleep Powder|p1a: Terrakion|[miss]\n|-miss|p2a: Lilligant|p1a: Terrakion\n|\n|upkeep\n|turn|39\n|\n|t:|1733781992\n|switch|p1a: Oricorio|Oricorio-Pom-Pom, L82, F|203/257\n|move|p2a: Lilligant|Leaf Blade|p1a: Oricorio\n|-resisted|p1a: Oricorio\n|-damage|p1a: Oricorio|98/257\n|-damage|p2a: Lilligant|64/240|[from] item: Life Orb\n|\n|upkeep\n|turn|40\n|\n|t:|1733781997\n|switch|p2a: Pachirisu|Pachirisu, L96, M|271/271\n|move|p1a: Oricorio|Hurricane|p2a: Pachirisu|[miss]\n|-miss|p1a: Oricorio|p2a: Pachirisu\n|\n|upkeep\n|turn|41\n|\n|t:|1733782002\n|move|p2a: Pachirisu|Super Fang|p1a: Oricorio\n|-damage|p1a: Oricorio|49/257\n|move|p1a: Oricorio|Roost|p1a: Oricorio\n|-heal|p1a: Oricorio|178/257\n|-singleturn|p1a: Oricorio|move: Roost\n|\n|upkeep\n|turn|42\n|\n|t:|1733782007\n|switch|p1a: Terrakion|Terrakion, L79|198/273\n|move|p2a: Pachirisu|Encore||[still]\n|-fail|p2a: Pachirisu\n|\n|upkeep\n|turn|43\n|\n|t:|1733782011\n|move|p2a: Pachirisu|U-turn|p1a: Terrakion\n|-resisted|p1a: Terrakion\n|-damage|p1a: Terrakion|180/273\n|\n|t:|1733782018\n|switch|p2a: Jirachi|Jirachi, L80|291/291|[from] U-turn\n|move|p1a: Terrakion|Earthquake|p2a: Jirachi\n|-supereffective|p2a: Jirachi\n|-damage|p2a: Jirachi|104/291\n|-damage|p1a: Terrakion|153/273|[from] item: Life Orb\n|\n|-heal|p2a: Jirachi|122/291|[from] item: Leftovers\n|-sideend|p1: SkyHighMiles|move: Light Screen\n|upkeep\n|turn|44\n|\n|t:|1733782045\n|switch|p2a: Venusaur|Venusaur, L84, F, tera:Water|132/272\n|move|p1a: Terrakion|Earthquake|p2a: Venusaur\n|-damage|p2a: Venusaur|28/272\n|-damage|p1a: Terrakion|126/273|[from] item: Life Orb\n|\n|-heal|p2a: Venusaur|45/272|[from] item: Leftovers\n|upkeep\n|turn|45\n|\n|t:|1733782050\n|move|p1a: Terrakion|Earthquake|p2a: Venusaur\n|-damage|p2a: Venusaur|0 fnt\n|faint|p2a: Venusaur\n|-damage|p1a: Terrakion|99/273|[from] item: Life Orb\n|\n|upkeep\n|\n|t:|1733782055\n|switch|p2a: Pachirisu|Pachirisu, L96, M|271/271\n|turn|46\n|\n|t:|1733782058\n|move|p2a: Pachirisu|U-turn|p1a: Terrakion\n|-resisted|p1a: Terrakion\n|-damage|p1a: Terrakion|78/273\n|\n|t:|1733782060\n|switch|p2a: Dudunsparce|Dudunsparce, L83, M|343/343|[from] U-turn\n|move|p1a: Terrakion|Earthquake|p2a: Dudunsparce\n|-damage|p2a: Dudunsparce|229/343\n|-damage|p1a: Terrakion|51/273|[from] item: Life Orb\n|\n|-heal|p2a: Dudunsparce|250/343|[from] item: Leftovers\n|upkeep\n|turn|47\n|\n|t:|1733782072\n|move|p1a: Terrakion|Close Combat|p2a: Dudunsparce\n|-supereffective|p2a: Dudunsparce\n|-damage|p2a: Dudunsparce|0 fnt\n|-unboost|p1a: Terrakion|def|1\n|-unboost|p1a: Terrakion|spd|1\n|faint|p2a: Dudunsparce\n|-damage|p1a: Terrakion|24/273|[from] item: Life Orb\n|\n|upkeep\n|\n|t:|1733782075\n|switch|p2a: Lilligant|Lilligant-Hisui, L79, F|64/240\n|turn|48\n|\n|t:|1733782081\n|switch|p1a: Oricorio|Oricorio-Pom-Pom, L82, F|178/257\n|move|p2a: Lilligant|Leaf Blade|p1a: Oricorio\n|-resisted|p1a: Oricorio\n|-damage|p1a: Oricorio|69/257\n|-damage|p2a: Lilligant|40/240|[from] item: Life Orb\n|\n|upkeep\n|turn|49\n|\n|t:|1733782083\n|move|p2a: Lilligant|Close Combat|p1a: Oricorio\n|-resisted|p1a: Oricorio\n|-damage|p1a: Oricorio|0 fnt\n|-unboost|p2a: Lilligant|def|1\n|-unboost|p2a: Lilligant|spd|1\n|faint|p1a: Oricorio\n|-damage|p2a: Lilligant|16/240|[from] item: Life Orb\n|\n|upkeep\n|-message|SkyHighMiles forfeited.\n|\n|win|smeargle_the_great\n|raw|SkyHighMiles's rating: 1853 &rarr; <strong>1832</strong><br />(-21 for losing)\n|raw|smeargle_the_great's rating: 1828 &rarr; <strong>1849</strong><br />(+21 for winning)\n|l|\u2606SkyHighMiles\n|player|p1|\n|c|\u2606smeargle_the_great|GG ^^\n", "inputlog": ">version bfd83cad13791eb5a5a409923076391caf6fb4d4\n>start {\"formatid\":\"gen9randombattle\",\"seed\":[14843,62976,27339,6876],\"rated\":\"Rated battle\"}\n>player p1 {\"name\":\"SkyHighMiles\",\"avatar\":\"102\",\"rating\":1853,\"seed\":[37575,55431,4019,45767]}\n>player p2 {\"name\":\"smeargle_the_great\",\"avatar\":\"volkner\",\"rating\":1828,\"seed\":[977,46070,10884,25579]}\n>p1 switch 5\n>p2 move knockoff\n>p1 move bravebird\n>p2 switch 6\n>p1 move surf terastallize\n>p2 move uturn\n>p2 switch 3\n>p1 move roost\n>p2 move hurricane\n>p1 switch 5\n>p1 move rockslide\n>p2 move uturn\n>p2 switch 6\n>p1 move rockslide\n>p2 move sludgebomb\n>p1 switch 2\n>p1 move swordsdance\n>p2 move sludgebomb terastallize\n>p1 switch 6\n>p1 move revelationdance\n>p2 switch 3\n>p1 move quiverdance\n>p2 move encore\n>p1 move revelationdance\n>p2 move superfang\n>p1 move revelationdance\n>p2 move superfang\n>p1 move roost\n>p2 move encore\n>p1 switch 4\n>p2 move discharge\n>p1 move lightscreen\n>p2 switch 3\n>p1 move partingshot\n>p2 move sludgebomb\n>p1 switch 4\n>p1 move roost\n>p2 move sleeppowder\n>p1 switch 4\n>p2 switch 3\n>p1 move partingshot\n>p2 move superfang\n>p1 move partingshot\n>p2 move superfang\n>p1 switch 4\n>p1 move quiverdance\n>p2 move superfang\n>p1 move roost\n>p2 move superfang\n>p1 switch 4\n>p2 move encore\n>p1 move lightscreen\n>p2 move uturn\n>p2 switch 3\n>p1 move partingshot\n>p2 move sludgebomb\n>p1 switch 4\n>p1 move revelationdance\n>p2 move sleeppowder\n>p1 move roost\n>p2 move knockoff\n>p1 move roost\n>p2 switch 3\n>p1 move roost\n>p2 move discharge\n>p1 switch 4\n>p2 move encore\n>p1 move partingshot\n>p2 move uturn\n>p1 switch 4\n>p2 switch 2\n>p1 move quiverdance\n>p2 move sleeppowder\n>chat \u2606SkyHighMiles|Dude\n>p1 move hurricane\n>p2 switch 2\n>p1 move quiverdance\n>p2 move superfang\n>p1 move roost\n>p2 move encore\n>p1 switch 4\n>p2 move superfang\n>p1 move lightscreen\n>p2 move discharge\n>p1 switch 3\n>p1 move earthquake\n>p2 move uturn\n>p2 switch 2\n>p1 move stoneedge\n>p2 move sleeppowder\n>p1 switch 4\n>p2 move leafblade\n>p1 move hurricane\n>p2 switch 2\n>p1 move roost\n>p2 move superfang\n>p1 switch 4\n>p2 move encore\n>p1 move earthquake\n>p2 move uturn\n>p2 switch 4\n>p1 move earthquake\n>p2 switch 3\n>p1 move earthquake\n>p2 move sludgebomb\n>p2 switch 4\n>p1 move earthquake\n>p2 move uturn\n>p2 switch 5\n>p1 move closecombat\n>p2 move earthpower\n>p2 switch 2\n>p1 switch 4\n>p2 move leafblade\n>p1 move roost\n>p2 move closecombat\n>forcelose p1", "uploadtime": 1733782107, "views": 2, "formatid": "gen9randombattle", "rating": 1832, "private": 0, "password": null}