{"id": "gen9randombattle-2260758196", "format": "[Gen 9] Random Battle", "players": ["stsblue", "Muk Muk Goodra"], "log": "|j|\u2606stsblue\n|j|\u2606Muk Muk Goodra\n|t:|1733887779\n|gametype|singles\n|player|p1|stsblue|170|1922\n|player|p2|Muk Muk Goodra|102|1884\n|teamsize|p1|6\n|teamsize|p2|6\n|gen|9\n|tier|[Gen 9] Random Battle\n|rated|\n|rule|Species Clause: Limit one of each Pok\u00e9mon\n|rule|HP Percentage Mod: HP is shown in percentages\n|rule|Sleep Clause Mod: Limit one foe put to sleep\n|rule|Illusion Level Mod: Illusion disguises the Pok\u00e9mon's true level\n|\n|t:|1733887779\n|start\n|switch|p1a: Palossand|Palossand, L89, M|296/296\n|switch|p2a: Tyranitar|Tyranitar, L79, M|288/288\n|-weather|Sandstorm|[from] ability: Sand Stream|[of] p2a: Tyranitar\n|turn|1\n|inactive|Battle timer is ON: inactive players will automatically lose when time's up. (requested by Muk Muk Goodra)\n|\n|t:|1733887787\n|move|p2a: Tyranitar|Dragon Dance|p2a: Tyranitar\n|-boost|p2a: Tyranitar|atk|1\n|-boost|p2a: Tyranitar|spe|1\n|move|p1a: Palossand|Stealth Rock|p2a: Tyranitar\n|-sidestart|p2: Muk Muk Goodra|move: Stealth Rock\n|\n|-weather|Sandstorm|[upkeep]\n|upkeep\n|turn|2\n|\n|t:|1733887792\n|move|p2a: Tyranitar|Dragon Dance|p2a: Tyranitar\n|-boost|p2a: Tyranitar|atk|1\n|-boost|p2a: Tyranitar|spe|1\n|move|p1a: Palossand|Earth Power|p2a: Tyranitar\n|-supereffective|p2a: Tyranitar\n|-damage|p2a: Tyranitar|154/288\n|\n|-weather|Sandstorm|[upkeep]\n|-heal|p2a: Tyranitar|172/288|[from] item: Leftovers\n|upkeep\n|turn|3\n|\n|t:|1733887807\n|move|p2a: Tyranitar|Knock Off|p1a: Palossand\n|-supereffective|p1a: Palossand\n|-damage|p1a: Palossand|0 fnt\n|-enditem|p1a: Palossand|Leftovers|[from] move: Knock Off|[of] p2a: Tyranitar\n|faint|p1a: Palossand\n|\n|-weather|Sandstorm|[upkeep]\n|-heal|p2a: Tyranitar|190/288|[from] item: Leftovers\n|upkeep\n|\n|t:|1733887814\n|switch|p1a: Eelektross|Eelektross, L87, M|290/290\n|turn|4\n|\n|t:|1733887832\n|move|p2a: Tyranitar|Knock Off|p1a: Eelektross\n|-damage|p1a: Eelektross|64/290\n|-enditem|p1a: Eelektross|Assault Vest|[from] move: Knock Off|[of] p2a: Tyranitar\n|move|p1a: Eelektross|Giga Drain|p2a: Tyranitar\n|-supereffective|p2a: Tyranitar\n|-damage|p2a: Tyranitar|106/288\n|-heal|p1a: Eelektross|106/290|[from] drain|[of] p2a: Tyranitar\n|\n|-weather|Sandstorm|[upkeep]\n|-damage|p1a: Eelektross|88/290|[from] Sandstorm\n|-heal|p2a: Tyranitar|124/288|[from] item: Leftovers\n|upkeep\n|turn|5\n|\n|t:|1733887840\n|move|p2a: Tyranitar|Knock Off|p1a: Eelektross\n|-damage|p1a: Eelektross|0 fnt\n|faint|p1a: Eelektross\n|\n|-weather|none\n|-heal|p2a: Tyranitar|142/288|[from] item: Leftovers\n|upkeep\n|\n|t:|1733887848\n|switch|p1a: Leafeon|Leafeon, L88, M|258/258\n|turn|6\n|\n|t:|1733887862\n|move|p2a: Tyranitar|Ice Punch|p1a: Leafeon\n|-supereffective|p1a: Leafeon\n|-damage|p1a: Leafeon|94/258\n|move|p1a: Leafeon|Leaf Blade|p2a: Tyranitar\n|-supereffective|p2a: Tyranitar\n|-crit|p2a: Tyranitar\n|-damage|p2a: Tyranitar|0 fnt\n|faint|p2a: Tyranitar\n|-damage|p1a: Leafeon|69/258|[from] item: Life Orb\n|\n|upkeep\n|inactive|Muk Muk Goodra has 120 seconds left.\n|\n|t:|1733887890\n|switch|p2a: Espeon|Espeon, L84, M|246/246\n|-damage|p2a: Espeon|216/246|[from] Stealth Rock\n|turn|7\n|\n|t:|1733887896\n|switch|p1a: Klefki|Klefki, L84, M|233/233\n|move|p2a: Espeon|Alluring Voice|p1a: Klefki\n|-resisted|p1a: Klefki\n|-damage|p1a: Klefki|188/233\n|-damage|p2a: Espeon|192/246|[from] item: Life Orb\n|\n|-heal|p1a: Klefki|202/233|[from] item: Leftovers\n|upkeep\n|turn|8\n|\n|t:|1733887909\n|move|p2a: Espeon|Calm Mind|p2a: Espeon\n|-boost|p2a: Espeon|spa|1\n|-boost|p2a: Espeon|spd|1\n|move|p1a: Klefki|Foul Play|p2a: Espeon\n|-supereffective|p2a: Espeon\n|-damage|p2a: Espeon|104/246\n|\n|-heal|p1a: Klefki|216/233|[from] item: Leftovers\n|upkeep\n|turn|9\n|\n|t:|1733887913\n|move|p1a: Klefki|Thunder Wave|p2a: Espeon\n|move|p2a: Espeon|Thunder Wave|p1a: Klefki|[from]ability: Magic Bounce\n|-status|p1a: Klefki|par\n|move|p2a: Espeon|Shadow Ball|p1a: Klefki\n|-damage|p1a: Klefki|80/233 par\n|-damage|p2a: Espeon|80/246|[from] item: Life Orb\n|\n|-heal|p1a: Klefki|94/233 par|[from] item: Leftovers\n|upkeep\n|turn|10\n|\n|t:|1733887922\n|move|p2a: Espeon|Shadow Ball|p1a: Klefki\n|-damage|p1a: Klefki|0 fnt\n|faint|p1a: Klefki\n|-damage|p2a: Espeon|56/246|[from] item: Life Orb\n|\n|upkeep\n|\n|t:|1733887937\n|switch|p1a: Venomoth|Venomoth, L84, M|255/255\n|turn|11\n|\n|t:|1733887944\n|-terastallize|p1a: Venomoth|Bug\n|move|p2a: Espeon|Psychic|p1a: Venomoth\n|-damage|p1a: Venomoth|13/255\n|-damage|p2a: Espeon|32/246|[from] item: Life Orb\n|move|p1a: Venomoth|Quiver Dance|p1a: Venomoth\n|-boost|p1a: Venomoth|spa|1\n|-boost|p1a: Venomoth|spd|1\n|-boost|p1a: Venomoth|spe|1\n|\n|upkeep\n|turn|12\n|\n|t:|1733887952\n|move|p1a: Venomoth|Bug Buzz|p2a: Espeon\n|-supereffective|p2a: Espeon\n|-damage|p2a: Espeon|0 fnt\n|faint|p2a: Espeon\n|\n|upkeep\n|\n|t:|1733887958\n|switch|p2a: Ampharos|Ampharos, L88, F|302/302\n|-damage|p2a: Ampharos|265/302|[from] Stealth Rock\n|turn|13\n|\n|t:|1733887962\n|move|p1a: Venomoth|Sleep Powder|p2a: Ampharos|[miss]\n|-miss|p1a: Venomoth|p2a: Ampharos\n|move|p2a: Ampharos|Thunderbolt|p1a: Venomoth\n|-damage|p1a: Venomoth|0 fnt\n|faint|p1a: Venomoth\n|\n|upkeep\n|\n|t:|1733887971\n|switch|p1a: Bellibolt|Bellibolt, L84, F|320/320\n|turn|14\n|\n|t:|1733887980\n|move|p1a: Bellibolt|Muddy Water|p2a: Ampharos\n|-damage|p2a: Ampharos|222/302\n|move|p2a: Ampharos|Dragon Tail|p1a: Bellibolt\n|-damage|p1a: Bellibolt|283/320\n|-start|p1a: Bellibolt|Charge|Dragon Tail|[from] ability: Electromorphosis\n|drag|p1a: Leafeon|Leafeon, L88, M|69/258\n|\n|upkeep\n|turn|15\n|\n|t:|1733887992\n|move|p1a: Leafeon|Leaf Blade|p2a: Ampharos\n|-damage|p2a: Ampharos|86/302\n|-damage|p1a: Leafeon|44/258|[from] item: Life Orb\n|move|p2a: Ampharos|Dazzling Gleam|p1a: Leafeon\n|-damage|p1a: Leafeon|0 fnt\n|faint|p1a: Leafeon\n|\n|upkeep\n|-message|stsblue forfeited.\n|\n|win|Muk Muk Goodra\n|raw|stsblue's rating: 1922 &rarr; <strong>1900</strong><br />(-22 for losing)\n|raw|Muk Muk Goodra's rating: 1884 &rarr; <strong>1906</strong><br />(+22 for winning)\n|l|\u2606stsblue\n|player|p1|\n", "inputlog": ">version bfd83cad13791eb5a5a409923076391caf6fb4d4\n>start {\"formatid\":\"gen9randombattle\",\"seed\":[59092,55170,42709,9370],\"rated\":\"Rated battle\"}\n>player p1 {\"name\":\"stsblue\",\"avatar\":\"170\",\"rating\":1922,\"seed\":[64957,48326,53979,7593]}\n>player p2 {\"name\":\"Muk Muk Goodra\",\"avatar\":\"102\",\"rating\":1884,\"seed\":[59414,32196,27194,46642]}\n>p1 move stealthrock\n>p2 move dragondance\n>p1 move earthpower\n>p2 move dragondance\n>p1 move earthpower\n>p2 move knockoff\n>p1 switch 4\n>p1 move gigadrain\n>p2 move knockoff\n>p1 move knockoff\n>p2 move knockoff\n>p1 switch 2\n>p1 move leafblade\n>p2 move icepunch\n>p2 switch 2\n>p1 switch 6\n>p2 move alluringvoice\n>p1 move foulplay\n>p2 move calmmind\n>p1 move thunderwave\n>p2 move shadowball\n>p1 move foulplay\n>p2 move shadowball\n>p1 switch 5\n>p1 move quiverdance terastallize\n>p2 move psychic\n>p1 move bugbuzz\n>p2 move alluringvoice\n>p2 switch 6\n>p1 move sleeppowder\n>p2 move thunderbolt\n>p1 switch 3\n>p1 move muddywater\n>p2 move dragontail\n>p1 move leafblade\n>p2 move dazzlinggleam\n>forcelose p1", "uploadtime": 1733888008, "views": 7, "formatid": "gen9randombattle", "rating": 1900, "private": 0, "password": null}