{"id": "gen9randombattle-2260440242", "format": "[Gen 9] Random Battle", "players": ["LiYuBingTTKX", "A12312"], "log": "|j|\u2606LiYuBingTTKX\n|j|\u2606A12312\n|t:|1733851821\n|gametype|singles\n|player|p1|LiYuBingTTKX|170|1109\n|player|p2|A12312|169|1135\n|teamsize|p1|6\n|teamsize|p2|6\n|gen|9\n|tier|[Gen 9] Random Battle\n|rated|\n|rule|Species Clause: Limit one of each Pok\u00e9mon\n|rule|HP Percentage Mod: HP is shown in percentages\n|rule|Sleep Clause Mod: Limit one foe put to sleep\n|rule|Illusion Level Mod: Illusion disguises the Pok\u00e9mon's true level\n|\n|t:|1733851821\n|start\n|switch|p1a: Necrozma|Necrozma-Dawn-Wings, L76|238/238\n|switch|p2a: Mismagius|Mismagius, L86, F|243/243\n|turn|1\n|\n|t:|1733851843\n|move|p2a: Mismagius|Shadow Ball|p1a: Necrozma\n|-resisted|p1a: Necrozma\n|-damage|p1a: Necrozma|150/238\n|-unboost|p1a: Necrozma|spd|1\n|replace|p1a: Zoroark|Zoroark, L84, F\n|-end|p1a: Zoroark|Illusion\n|-hint|Illusion Level Mod is active, so this Pok\u00e9mon's true level was hidden.\n|move|p1a: Zoroark|Dark Pulse|p2a: Mismagius\n|-supereffective|p2a: Mismagius\n|-damage|p2a: Mismagius|40/243\n|-damage|p1a: Zoroark|127/238|[from] item: Life Orb\n|\n|upkeep\n|turn|2\n|\n|t:|1733851865\n|switch|p2a: Empoleon|Empoleon, L84, M|278/278\n|move|p1a: Zoroark|Dark Pulse|p2a: Empoleon\n|-damage|p2a: Empoleon|160/278\n|-damage|p1a: Zoroark|104/238|[from] item: Life Orb\n|\n|-heal|p2a: Empoleon|177/278|[from] item: Leftovers\n|upkeep\n|turn|3\n|\n|t:|1733851880\n|move|p1a: Zoroark|Sludge Bomb|p2a: Empoleon\n|-immune|p2a: Empoleon\n|move|p2a: Empoleon|Ice Beam|p1a: Zoroark\n|-damage|p1a: Zoroark|0 fnt\n|faint|p1a: Zoroark\n|\n|-heal|p2a: Empoleon|194/278|[from] item: Leftovers\n|upkeep\n|\n|t:|1733851893\n|switch|p1a: Forretress|Forretress, L84, F|263/263\n|turn|4\n|\n|t:|1733851906\n|move|p2a: Empoleon|Knock Off|p1a: Forretress\n|-damage|p1a: Forretress|217/263\n|-enditem|p1a: Forretress|Leftovers|[from] move: Knock Off|[of] p2a: Empoleon\n|move|p1a: Forretress|Stealth Rock|p2a: Empoleon\n|-sidestart|p2: A12312|move: Stealth Rock\n|\n|-heal|p2a: Empoleon|211/278|[from] item: Leftovers\n|upkeep\n|turn|5\n|\n|t:|1733851918\n|move|p2a: Empoleon|Ice Beam|p1a: Forretress\n|-resisted|p1a: Forretress\n|-damage|p1a: Forretress|170/263\n|move|p1a: Forretress|Body Press|p2a: Empoleon\n|-supereffective|p2a: Empoleon\n|-damage|p2a: Empoleon|59/278\n|\n|-heal|p2a: Empoleon|76/278|[from] item: Leftovers\n|upkeep\n|turn|6\n|\n|t:|1733851928\n|move|p2a: Empoleon|Roost|p2a: Empoleon\n|-heal|p2a: Empoleon|215/278\n|-singleturn|p2a: Empoleon|move: Roost\n|move|p1a: Forretress|Rapid Spin|p2a: Empoleon\n|-resisted|p2a: Empoleon\n|-damage|p2a: Empoleon|198/278\n|-boost|p1a: Forretress|spe|1\n|\n|-heal|p2a: Empoleon|215/278|[from] item: Leftovers\n|upkeep\n|turn|7\n|\n|t:|1733851946\n|move|p1a: Forretress|Rapid Spin|p2a: Empoleon\n|-resisted|p2a: Empoleon\n|-crit|p2a: Empoleon\n|-damage|p2a: Empoleon|190/278\n|-boost|p1a: Forretress|spe|1\n|move|p2a: Empoleon|Ice Beam|p1a: Forretress\n|-resisted|p1a: Forretress\n|-damage|p1a: Forretress|121/263\n|\n|-heal|p2a: Empoleon|207/278|[from] item: Leftovers\n|upkeep\n|turn|8\n|\n|t:|1733851955\n|move|p1a: Forretress|Body Press|p2a: Empoleon\n|-supereffective|p2a: Empoleon\n|-damage|p2a: Empoleon|57/278\n|move|p2a: Empoleon|Ice Beam|p1a: Forretress\n|-resisted|p1a: Forretress\n|-damage|p1a: Forretress|75/263\n|\n|-heal|p2a: Empoleon|74/278|[from] item: Leftovers\n|upkeep\n|turn|9\n|\n|t:|1733851963\n|switch|p2a: Mismagius|Mismagius, L86, F|40/243\n|-damage|p2a: Mismagius|10/243|[from] Stealth Rock\n|move|p1a: Forretress|Iron Head|p2a: Mismagius\n|-crit|p2a: Mismagius\n|-damage|p2a: Mismagius|0 fnt\n|faint|p2a: Mismagius\n|\n|upkeep\n|\n|t:|1733851982\n|switch|p2a: Torterra|Torterra, L78, M|276/276\n|-damage|p2a: Torterra|259/276|[from] Stealth Rock\n|turn|10\n|\n|t:|1733851992\n|move|p1a: Forretress|Body Press|p2a: Torterra\n|-damage|p2a: Torterra|184/276\n|move|p2a: Torterra|Shell Smash|p2a: Torterra\n|-unboost|p2a: Torterra|def|1\n|-unboost|p2a: Torterra|spd|1\n|-boost|p2a: Torterra|atk|2\n|-boost|p2a: Torterra|spa|2\n|-boost|p2a: Torterra|spe|2\n|\n|upkeep\n|turn|11\n|\n|t:|1733852008\n|move|p2a: Torterra|Headlong Rush|p1a: Forretress\n|-damage|p1a: Forretress|0 fnt\n|-unboost|p2a: Torterra|def|1\n|-unboost|p2a: Torterra|spd|1\n|faint|p1a: Forretress\n|\n|upkeep\n|inactive|Battle timer is ON: inactive players will automatically lose when time's up. (requested by A12312)\n|\n|t:|1733852025\n|switch|p1a: Weavile|Weavile, L79, F|239/239\n|turn|12\n|\n|t:|1733852037\n|-terastallize|p1a: Weavile|Ice\n|move|p1a: Weavile|Ice Shard|p2a: Torterra\n|-supereffective|p2a: Torterra\n|-damage|p2a: Torterra|0 fnt\n|faint|p2a: Torterra\n|\n|upkeep\n|\n|t:|1733852056\n|switch|p2a: Mightyena|Mightyena, L95, F|287/287\n|-damage|p2a: Mightyena|252/287|[from] Stealth Rock\n|-ability|p2a: Mightyena|Intimidate|boost\n|-unboost|p1a: Weavile|atk|1\n|turn|13\n|\n|t:|1733852071\n|move|p1a: Weavile|Ice Shard|p2a: Mightyena\n|-damage|p2a: Mightyena|184/287\n|move|p2a: Mightyena|Poison Fang|p1a: Weavile\n|-damage|p1a: Weavile|182/239\n|-status|p1a: Weavile|tox\n|\n|-damage|p1a: Weavile|168/239 tox|[from] psn\n|upkeep\n|turn|14\n|\n|t:|1733852080\n|switch|p1a: Terrakion|Terrakion, L79|273/273\n|move|p2a: Mightyena|Super Fang|p1a: Terrakion\n|-damage|p1a: Terrakion|137/273\n|\n|upkeep\n|turn|15\n|\n|t:|1733852101\n|switch|p2a: Basculegion|Basculegion-F, L83, F|335/335\n|-damage|p2a: Basculegion|294/335|[from] Stealth Rock\n|move|p1a: Terrakion|Close Combat|p2a: Basculegion\n|-immune|p2a: Basculegion\n|\n|upkeep\n|turn|16\n|\n|t:|1733852118\n|switch|p1a: Ninetales|Ninetales-Alola, L78, M|242/242\n|-weather|Snow|[from] ability: Snow Warning|[of] p1a: Ninetales\n|move|p2a: Basculegion|Hydro Pump|p1a: Ninetales\n|-damage|p1a: Ninetales|8/242\n|\n|-weather|Snow|[upkeep]\n|upkeep\n|turn|17\n|\n|t:|1733852128\n|switch|p2a: Empoleon|Empoleon, L84, M|74/278\n|-damage|p2a: Empoleon|57/278|[from] Stealth Rock\n|move|p1a: Ninetales|Blizzard|p2a: Empoleon\n|-resisted|p2a: Empoleon\n|-crit|p2a: Empoleon\n|-damage|p2a: Empoleon|26/278\n|\n|-weather|Snow|[upkeep]\n|-heal|p2a: Empoleon|43/278|[from] item: Leftovers\n|upkeep\n|turn|18\n|\n|t:|1733852137\n|move|p1a: Ninetales|Freeze-Dry|p2a: Empoleon\n|-damage|p2a: Empoleon|0 fnt\n|faint|p2a: Empoleon\n|\n|-weather|Snow|[upkeep]\n|upkeep\n|\n|t:|1733852149\n|switch|p2a: Mightyena|Mightyena, L95, F|184/287\n|-damage|p2a: Mightyena|149/287|[from] Stealth Rock\n|-ability|p2a: Mightyena|Intimidate|boost\n|-unboost|p1a: Ninetales|atk|1\n|turn|19\n|\n|t:|1733852157\n|move|p1a: Ninetales|Blizzard|p2a: Mightyena\n|-damage|p2a: Mightyena|74/287\n|move|p2a: Mightyena|Poison Fang|p1a: Ninetales\n|-supereffective|p1a: Ninetales\n|-damage|p1a: Ninetales|0 fnt\n|faint|p1a: Ninetales\n|\n|-weather|Snow|[upkeep]\n|upkeep\n|\n|t:|1733852165\n|switch|p1a: Terrakion|Terrakion, L79|137/273\n|turn|20\n|\n|t:|1733852175\n|switch|p2a: Basculegion|Basculegion-F, L83, F|294/335\n|-damage|p2a: Basculegion|253/335|[from] Stealth Rock\n|move|p1a: Terrakion|Stone Edge|p2a: Basculegion\n|-crit|p2a: Basculegion\n|-damage|p2a: Basculegion|0 fnt\n|faint|p2a: Basculegion\n|\n|-weather|none\n|upkeep\n|\n|t:|1733852183\n|switch|p2a: Mightyena|Mightyena, L95, F|74/287\n|-damage|p2a: Mightyena|39/287|[from] Stealth Rock\n|-ability|p2a: Mightyena|Intimidate|boost\n|-unboost|p1a: Terrakion|atk|1\n|turn|21\n|\n|t:|1733852190\n|move|p1a: Terrakion|Stone Edge|p2a: Mightyena\n|-damage|p2a: Mightyena|0 fnt\n|faint|p2a: Mightyena\n|\n|upkeep\n|\n|t:|1733852194\n|switch|p2a: Dunsparce|Dunsparce, L86, M|312/312\n|-damage|p2a: Dunsparce|273/312|[from] Stealth Rock\n|turn|22\n|\n|t:|1733852200\n|move|p1a: Terrakion|Stone Edge|p2a: Dunsparce\n|-damage|p2a: Dunsparce|188/312\n|move|p2a: Dunsparce|Coil|p2a: Dunsparce\n|-boost|p2a: Dunsparce|atk|1\n|-boost|p2a: Dunsparce|def|1\n|-boost|p2a: Dunsparce|accuracy|1\n|\n|upkeep\n|turn|23\n|\n|t:|1733852208\n|move|p1a: Terrakion|Stone Edge|p2a: Dunsparce\n|-damage|p2a: Dunsparce|128/312\n|move|p2a: Dunsparce|Roost|p2a: Dunsparce\n|-heal|p2a: Dunsparce|284/312\n|-singleturn|p2a: Dunsparce|move: Roost\n|\n|upkeep\n|turn|24\n|\n|t:|1733852218\n|switch|p1a: Necrozma|Necrozma-Dawn-Wings, L76|272/272\n|move|p2a: Dunsparce|Body Slam|p1a: Necrozma\n|-immune|p1a: Necrozma\n|\n|upkeep\n|turn|25\n|\n|t:|1733852226\n|-terastallize|p2a: Dunsparce|Ground\n|move|p1a: Necrozma|Calm Mind|p1a: Necrozma\n|-boost|p1a: Necrozma|spa|1\n|-boost|p1a: Necrozma|spd|1\n|move|p2a: Dunsparce|Earthquake|p1a: Necrozma\n|-damage|p1a: Necrozma|139/272\n|\n|-heal|p1a: Necrozma|156/272|[from] item: Leftovers\n|upkeep\n|turn|26\n|\n|t:|1733852245\n|move|p1a: Necrozma|Calm Mind|p1a: Necrozma\n|-boost|p1a: Necrozma|spa|1\n|-boost|p1a: Necrozma|spd|1\n|move|p2a: Dunsparce|Earthquake|p1a: Necrozma\n|-damage|p1a: Necrozma|24/272\n|\n|-heal|p1a: Necrozma|41/272|[from] item: Leftovers\n|upkeep\n|turn|27\n|\n|t:|1733852253\n|move|p1a: Necrozma|Photon Geyser|p2a: Dunsparce\n|-damage|p2a: Dunsparce|89/312\n|move|p2a: Dunsparce|Earthquake|p1a: Necrozma\n|-damage|p1a: Necrozma|0 fnt\n|faint|p1a: Necrozma\n|\n|upkeep\n|\n|t:|1733852258\n|switch|p1a: Weavile|Weavile, L79, F, tera:Ice|168/239 tox\n|turn|28\n|\n|t:|1733852262\n|move|p1a: Weavile|Ice Shard|p2a: Dunsparce\n|-supereffective|p2a: Dunsparce\n|-damage|p2a: Dunsparce|0 fnt\n|faint|p2a: Dunsparce\n|\n|win|LiYuBingTTKX\n|raw|LiYuBingTTKX's rating: 1109 &rarr; <strong>1136</strong><br />(+27 for winning)\n|raw|A12312's rating: 1135 &rarr; <strong>1108</strong><br />(-27 for losing)\n|l|\u2606A12312\n|player|p2|\n", "inputlog": ">version bfd83cad13791eb5a5a409923076391caf6fb4d4\n>start {\"formatid\":\"gen9randombattle\",\"seed\":[6425,37769,65116,23206],\"rated\":\"Rated battle\"}\n>player p1 {\"name\":\"LiYuBingTTKX\",\"avatar\":\"170\",\"rating\":1109,\"seed\":[9472,40230,49820,39912]}\n>player p2 {\"name\":\"A12312\",\"avatar\":\"169\",\"rating\":1135,\"seed\":[13826,56070,49263,48478]}\n>p1 move darkpulse\n>p2 move shadowball\n>p1 move darkpulse\n>p2 switch 2\n>p1 move sludgebomb\n>p2 move icebeam\n>p1 switch 5\n>p1 move stealthrock\n>p2 move knockoff\n>p1 move bodypress\n>p2 move icebeam\n>p1 move rapidspin\n>p2 move roost\n>p1 move rapidspin\n>p2 move icebeam\n>p1 move bodypress\n>p2 move icebeam\n>p1 move ironhead\n>p2 switch 2\n>p2 switch 5\n>p1 move bodypress\n>p2 move shellsmash\n>p1 move ironhead\n>p2 move headlongrush\n>p1 switch 4\n>p1 move iceshard terastallize\n>p2 move rockblast\n>p2 switch 6\n>p1 move iceshard\n>p2 move poisonfang\n>p1 switch 2\n>p2 move superfang\n>p1 move closecombat\n>p2 switch 4\n>p1 switch 3\n>p2 move hydropump\n>p1 move blizzard\n>p2 switch 2\n>p1 move freezedry\n>p2 move roost\n>p2 switch 4\n>p1 move blizzard\n>p2 move poisonfang\n>p1 switch 3\n>p1 move stoneedge\n>p2 switch 2\n>p2 switch 2\n>p1 move stoneedge\n>p2 move poisonfang\n>p2 switch 3\n>p1 move stoneedge\n>p2 move coil\n>p1 move stoneedge\n>p2 move roost\n>p1 switch 6\n>p2 move bodyslam\n>p1 move calmmind\n>p2 move earthquake terastallize\n>p1 move calmmind\n>p2 move earthquake\n>p1 move photongeyser\n>p2 move earthquake\n>p1 switch 2\n>p1 move iceshard\n>p2 move roost", "uploadtime": 1733852270, "views": 1, "formatid": "gen9randombattle", "rating": 1108, "private": 0, "password": null}