{"id": "gen9randombattle-2260692222", "format": "[Gen 9] Random Battle", "players": ["xinyazhili", "Zara home 001"], "log": "|j|\u2606xinyazhili\n|j|\u2606Zara home 001\n|t:|1733879118\n|gametype|singles\n|player|p1|xinyazhili|102|\n|player|p2|Zara home 001|265|\n|teamsize|p1|6\n|teamsize|p2|6\n|gen|9\n|tier|[Gen 9] Random Battle\n|rule|Species Clause: Limit one of each Pok\u00e9mon\n|rule|HP Percentage Mod: HP is shown in percentages\n|rule|Sleep Clause Mod: Limit one foe put to sleep\n|rule|Illusion Level Mod: Illusion disguises the Pok\u00e9mon's true level\n|\n|t:|1733879118\n|start\n|switch|p1a: Qwilfish|Qwilfish-Hisui, L83, F|244/244\n|switch|p2a: Bastiodon|Bastiodon, L89, F|252/252\n|-ability|p1a: Qwilfish|Intimidate|boost\n|-unboost|p2a: Bastiodon|atk|1\n|turn|1\n|inactive|Battle timer is ON: inactive players will automatically lose when time's up. (requested by xinyazhili)\n|\n|t:|1733879123\n|move|p1a: Qwilfish|Spikes|p2a: Bastiodon\n|-sidestart|p2: Zara home 001|Spikes\n|move|p2a: Bastiodon|Iron Defense|p2a: Bastiodon\n|-boost|p2a: Bastiodon|def|2\n|\n|upkeep\n|turn|2\n|\n|t:|1733879126\n|move|p1a: Qwilfish|Spikes|p2a: Bastiodon\n|-sidestart|p2: Zara home 001|Spikes\n|move|p2a: Bastiodon|Iron Defense|p2a: Bastiodon\n|-boost|p2a: Bastiodon|def|2\n|\n|upkeep\n|turn|3\n|\n|t:|1733879129\n|move|p1a: Qwilfish|Spikes|p2a: Bastiodon\n|-sidestart|p2: Zara home 001|Spikes\n|move|p2a: Bastiodon|Body Press|p1a: Qwilfish\n|-damage|p1a: Qwilfish|41/244\n|\n|upkeep\n|turn|4\n|\n|t:|1733879131\n|move|p1a: Qwilfish|Toxic Spikes|p2a: Bastiodon\n|-sidestart|p2: Zara home 001|move: Toxic Spikes\n|move|p2a: Bastiodon|Body Press|p1a: Qwilfish\n|-damage|p1a: Qwilfish|0 fnt\n|faint|p1a: Qwilfish\n|\n|upkeep\n|\n|t:|1733879135\n|switch|p1a: Drifblim|Drifblim, L86, M|398/398\n|turn|5\n|\n|t:|1733879147\n|switch|p2a: Hypno|Hypno, L95, F|315/315\n|-damage|p2a: Hypno|237/315|[from] Spikes\n|-status|p2a: Hypno|psn\n|-terastallize|p1a: Drifblim|Ghost\n|move|p1a: Drifblim|Strength Sap|p2a: Hypno\n|-unboost|p2a: Hypno|atk|1\n|\n|-heal|p2a: Hypno|256/315 psn|[from] item: Leftovers\n|-damage|p2a: Hypno|217/315 psn|[from] psn\n|upkeep\n|turn|6\n|\n|t:|1733879152\n|move|p1a: Drifblim|Shadow Ball|p2a: Hypno\n|-supereffective|p2a: Hypno\n|-damage|p2a: Hypno|37/315 psn\n|move|p2a: Hypno|Toxic|p1a: Drifblim|[miss]\n|-miss|p2a: Hypno|p1a: Drifblim\n|\n|-heal|p2a: Hypno|56/315 psn|[from] item: Leftovers\n|-damage|p2a: Hypno|17/315 psn|[from] psn\n|upkeep\n|turn|7\n|\n|t:|1733879157\n|move|p1a: Drifblim|Shadow Ball|p2a: Hypno\n|-supereffective|p2a: Hypno\n|-damage|p2a: Hypno|0 fnt\n|faint|p2a: Hypno\n|\n|upkeep\n|\n|t:|1733879160\n|switch|p2a: Dialga|Dialga-Origin, L73|266/266\n|-damage|p2a: Dialga|200/266|[from] Spikes\n|-ability|p2a: Dialga|Pressure\n|turn|8\n|\n|t:|1733879166\n|move|p1a: Drifblim|Air Slash|p2a: Dialga\n|-resisted|p2a: Dialga\n|-damage|p2a: Dialga|165/266\n|move|p2a: Dialga|Stealth Rock|p1a: Drifblim\n|-sidestart|p1: xinyazhili|move: Stealth Rock\n|\n|upkeep\n|turn|9\n|\n|t:|1733879174\n|move|p1a: Drifblim|Shadow Ball|p2a: Dialga\n|-damage|p2a: Dialga|69/266\n|move|p2a: Dialga|Flash Cannon|p1a: Drifblim\n|-damage|p1a: Drifblim|236/398\n|\n|upkeep\n|turn|10\n|\n|t:|1733879177\n|move|p1a: Drifblim|Shadow Ball|p2a: Dialga\n|-damage|p2a: Dialga|0 fnt\n|faint|p2a: Dialga\n|\n|upkeep\n|\n|t:|1733879185\n|switch|p2a: Terapagos|Terapagos, L76, M|262/262\n|-activate|p2a: Terapagos|ability: Tera Shift\n|detailschange|p2a: Terapagos|Terapagos-Terastal, L76, M\n|-heal|p2a: Terapagos|269/269|[silent]\n|-damage|p2a: Terapagos|202/269|[from] Spikes\n|-status|p2a: Terapagos|psn\n|turn|11\n|\n|t:|1733879191\n|move|p1a: Drifblim|Strength Sap|p2a: Terapagos\n|-unboost|p2a: Terapagos|atk|1\n|-heal|p1a: Drifblim|385/398\n|move|p2a: Terapagos|Calm Mind|p2a: Terapagos\n|-boost|p2a: Terapagos|spa|1\n|-boost|p2a: Terapagos|spd|1\n|\n|-damage|p2a: Terapagos|169/269 psn|[from] psn\n|upkeep\n|turn|12\n|\n|t:|1733879196\n|move|p1a: Drifblim|Air Slash|p2a: Terapagos|[miss]\n|-miss|p1a: Drifblim|p2a: Terapagos\n|move|p2a: Terapagos|Calm Mind|p2a: Terapagos\n|-boost|p2a: Terapagos|spa|1\n|-boost|p2a: Terapagos|spd|1\n|\n|-damage|p2a: Terapagos|136/269 psn|[from] psn\n|upkeep\n|turn|13\n|\n|t:|1733879200\n|move|p1a: Drifblim|Air Slash|p2a: Terapagos\n|-damage|p2a: Terapagos|97/269 psn\n|cant|p2a: Terapagos|flinch\n|\n|-damage|p2a: Terapagos|64/269 psn|[from] psn\n|upkeep\n|turn|14\n|\n|t:|1733879202\n|move|p1a: Drifblim|Air Slash|p2a: Terapagos\n|-damage|p2a: Terapagos|27/269 psn\n|move|p2a: Terapagos|Rest|p2a: Terapagos\n|-status|p2a: Terapagos|slp|[from] move: Rest\n|-heal|p2a: Terapagos|269/269 slp|[silent]\n|-enditem|p2a: Terapagos|Chesto Berry|[eat]\n|-curestatus|p2a: Terapagos|slp|[msg]\n|\n|upkeep\n|turn|15\n|\n|t:|1733879212\n|move|p1a: Drifblim|Air Slash|p2a: Terapagos\n|-activate|p2a: Terapagos|ability: Tera Shell\n|-resisted|p2a: Terapagos\n|-damage|p2a: Terapagos|248/269\n|move|p2a: Terapagos|Calm Mind|p2a: Terapagos\n|-boost|p2a: Terapagos|spa|1\n|-boost|p2a: Terapagos|spd|1\n|\n|upkeep\n|turn|16\n|inactive|xinyazhili has 270 seconds left.\n|\n|t:|1733879246\n|switch|p1a: Noctowl|Noctowl, L95, M|344/344\n|move|p2a: Terapagos|Calm Mind|p2a: Terapagos\n|-boost|p2a: Terapagos|spa|1\n|-boost|p2a: Terapagos|spd|1\n|\n|upkeep\n|turn|17\n|\n|t:|1733879250\n|-terastallize|p2a: Terapagos|Stellar\n|detailschange|p2a: Terapagos|Terapagos-Stellar, L76, M, tera:Stellar\n|-heal|p2a: Terapagos|347/368|[silent]\n|move|p1a: Noctowl|Nasty Plot|p1a: Noctowl\n|-boost|p1a: Noctowl|spa|2\n|move|p2a: Terapagos|Tera Starstorm|p1a: Noctowl\n|-damage|p1a: Noctowl|64/344\n|\n|upkeep\n|turn|18\n|\n|t:|1733879256\n|move|p1a: Noctowl|Hyper Voice|p2a: Terapagos\n|-damage|p2a: Terapagos|281/368\n|move|p2a: Terapagos|Tera Starstorm|p1a: Noctowl\n|-damage|p1a: Noctowl|0 fnt\n|faint|p1a: Noctowl\n|\n|upkeep\n|-message|xinyazhili forfeited.\n|\n|win|Zara home 001\n|l|\u2606xinyazhili\n|player|p1|\n", "inputlog": ">version bfd83cad13791eb5a5a409923076391caf6fb4d4\n>start {\"formatid\":\"gen9randombattle\",\"seed\":[65028,12569,27173,37195]}\n>player p1 {\"name\":\"xinyazhili\",\"avatar\":\"102\",\"rating\":0,\"seed\":[56719,36167,28831,15800]}\n>player p2 {\"name\":\"Zara home 001\",\"avatar\":\"265\",\"rating\":0,\"seed\":[38828,55319,19644,23732]}\n>p1 move spikes\n>p2 move irondefense\n>p1 move spikes\n>p2 move irondefense\n>p1 move spikes\n>p2 move bodypress\n>p1 move toxicspikes\n>p2 move bodypress\n>p1 switch 3\n>p1 move strengthsap terastallize\n>p2 switch 6\n>p1 move shadowball\n>p2 move toxic\n>p1 move shadowball\n>p2 move toxic\n>p2 switch 4\n>p1 move airslash\n>p2 move stealthrock\n>p1 move shadowball\n>p2 move flashcannon\n>p1 move shadowball\n>p2 move dracometeor\n>p2 switch 2\n>p1 move strengthsap\n>p2 move calmmind\n>p1 move airslash\n>p2 move calmmind\n>p1 move airslash\n>p2 move calmmind\n>p1 move airslash\n>p2 move rest\n>p1 move airslash\n>p2 move calmmind\n>p1 switch 6\n>p2 move calmmind\n>p1 move nastyplot\n>p2 move terastarstorm terastallize\n>p1 move hypervoice\n>p2 move terastarstorm\n>forcelose p1", "uploadtime": 1733879272, "views": 1, "formatid": "gen9randombattle", "rating": null, "private": 0, "password": null}