{"id": "gen9randombattle-2260860296", "format": "[Gen 9] Random Battle", "players": ["manolovm01", "oak563"], "log": "|j|\u2606manolovm01\n|j|\u2606oak563\n|t:|1733905959\n|gametype|singles\n|player|p1|manolovm01|2|1153\n|player|p2|oak563|blaine|1165\n|teamsize|p1|6\n|teamsize|p2|6\n|gen|9\n|tier|[Gen 9] Random Battle\n|rated|\n|rule|Species Clause: Limit one of each Pok\u00e9mon\n|rule|HP Percentage Mod: HP is shown in percentages\n|rule|Sleep Clause Mod: Limit one foe put to sleep\n|rule|Illusion Level Mod: Illusion disguises the Pok\u00e9mon's true level\n|\n|t:|1733905959\n|start\n|switch|p1a: Veluza|Veluza, L85, F|292/292\n|switch|p2a: Ninetales|Ninetales, L85, F|263/263\n|-weather|SunnyDay|[from] ability: Drought|[of] p2a: Ninetales\n|turn|1\n|inactive|Battle timer is ON: inactive players will automatically lose when time's up. (requested by oak563)\n|\n|t:|1733905970\n|move|p2a: Ninetales|Solar Beam||[still]\n|-prepare|p2a: Ninetales|Solar Beam\n|-anim|p2a: Ninetales|Solar Beam|p1a: Veluza\n|-supereffective|p1a: Veluza\n|-damage|p1a: Veluza|108/292\n|move|p1a: Veluza|Aqua Cutter|p2a: Ninetales\n|-supereffective|p2a: Ninetales\n|-damage|p2a: Ninetales|65/263\n|\n|-weather|SunnyDay|[upkeep]\n|upkeep\n|turn|2\n|\n|t:|1733905999\n|switch|p1a: Ludicolo|Ludicolo, L90, M|290/290\n|move|p2a: Ninetales|Solar Beam||[still]\n|-prepare|p2a: Ninetales|Solar Beam\n|-anim|p2a: Ninetales|Solar Beam|p1a: Ludicolo\n|-damage|p1a: Ludicolo|222/290\n|\n|-weather|SunnyDay|[upkeep]\n|upkeep\n|turn|3\n|\n|t:|1733906018\n|move|p2a: Ninetales|Scorching Sands|p1a: Ludicolo\n|-resisted|p1a: Ludicolo\n|-damage|p1a: Ludicolo|202/290\n|move|p1a: Ludicolo|Rain Dance|p1a: Ludicolo\n|-weather|RainDance\n|\n|-weather|RainDance|[upkeep]\n|upkeep\n|turn|4\n|\n|t:|1733906026\n|switch|p2a: Clefable|Clefable, L83, F|293/293\n|move|p1a: Ludicolo|Hydro Pump|p2a: Clefable\n|-damage|p2a: Clefable|43/293\n|-damage|p1a: Ludicolo|173/290|[from] item: Life Orb\n|\n|-weather|RainDance|[upkeep]\n|-heal|p2a: Clefable|61/293|[from] item: Leftovers\n|upkeep\n|turn|5\n|\n|t:|1733906037\n|move|p1a: Ludicolo|Ice Beam|p2a: Clefable\n|-damage|p2a: Clefable|0 fnt\n|faint|p2a: Clefable\n|-damage|p1a: Ludicolo|144/290|[from] item: Life Orb\n|\n|-weather|RainDance|[upkeep]\n|upkeep\n|\n|t:|1733906048\n|switch|p2a: Zapdos|Zapdos, L78|268/268\n|turn|6\n|\n|t:|1733906057\n|move|p1a: Ludicolo|Ice Beam|p2a: Zapdos\n|-supereffective|p2a: Zapdos\n|-damage|p2a: Zapdos|68/268\n|-damage|p1a: Ludicolo|115/290|[from] item: Life Orb\n|move|p2a: Zapdos|Hurricane|p1a: Ludicolo\n|-supereffective|p1a: Ludicolo\n|-damage|p1a: Ludicolo|0 fnt\n|faint|p1a: Ludicolo\n|\n|-weather|RainDance|[upkeep]\n|upkeep\n|\n|t:|1733906071\n|switch|p1a: Zangoose|Zangoose, L85, M|263/263\n|turn|7\n|\n|t:|1733906083\n|switch|p2a: Ninetales|Ninetales, L85, F|65/263\n|-weather|SunnyDay|[from] ability: Drought|[of] p2a: Ninetales\n|move|p1a: Zangoose|Facade|p2a: Ninetales\n|-damage|p2a: Ninetales|0 fnt\n|faint|p2a: Ninetales\n|\n|-weather|SunnyDay|[upkeep]\n|-status|p1a: Zangoose|tox|[from] item: Toxic Orb\n|upkeep\n|\n|t:|1733906098\n|switch|p2a: Ting-Lu|Ting-Lu, L78|370/370\n|-ability|p2a: Ting-Lu|Vessel of Ruin\n|turn|8\n|\n|t:|1733906105\n|move|p1a: Zangoose|Close Combat|p2a: Ting-Lu\n|-supereffective|p2a: Ting-Lu\n|-damage|p2a: Ting-Lu|112/370\n|-unboost|p1a: Zangoose|def|1\n|-unboost|p1a: Zangoose|spd|1\n|move|p2a: Ting-Lu|Spikes|p1a: Zangoose\n|-sidestart|p1: manolovm01|Spikes\n|\n|-weather|SunnyDay|[upkeep]\n|-heal|p2a: Ting-Lu|135/370|[from] item: Leftovers\n|-damage|p1a: Zangoose|247/263 tox|[from] psn\n|upkeep\n|turn|9\n|\n|t:|1733906116\n|move|p1a: Zangoose|Close Combat|p2a: Ting-Lu\n|-supereffective|p2a: Ting-Lu\n|-damage|p2a: Ting-Lu|0 fnt\n|-unboost|p1a: Zangoose|def|1\n|-unboost|p1a: Zangoose|spd|1\n|faint|p2a: Ting-Lu\n|\n|-weather|SunnyDay|[upkeep]\n|-damage|p1a: Zangoose|215/263 tox|[from] psn\n|upkeep\n|\n|t:|1733906125\n|switch|p2a: Ogerpon|Ogerpon-Cornerstone, L76, F|247/247\n|turn|10\n|\n|t:|1733906135\n|switch|p1a: Hitmontop|Hitmontop, L88, M|231/231\n|-damage|p1a: Hitmontop|203/231|[from] Spikes\n|-ability|p1a: Hitmontop|Intimidate|boost\n|-unboost|p2a: Ogerpon|atk|1\n|move|p2a: Ogerpon|Ivy Cudgel|p1a: Hitmontop|[anim] Ivy Cudgel Rock\n|-resisted|p1a: Hitmontop\n|-damage|p1a: Hitmontop|166/231\n|\n|-weather|SunnyDay|[upkeep]\n|upkeep\n|turn|11\n|\n|t:|1733906147\n|switch|p2a: Zapdos|Zapdos, L78|68/268\n|move|p1a: Hitmontop|Rapid Spin|p2a: Zapdos\n|-damage|p2a: Zapdos|27/268\n|-boost|p1a: Hitmontop|spe|1\n|-sideend|p1: manolovm01|Spikes|[from] move: Rapid Spin|[of] p1a: Hitmontop\n|\n|-weather|none\n|upkeep\n|turn|12\n|\n|t:|1733906157\n|move|p1a: Hitmontop|Rapid Spin|p2a: Zapdos\n|-damage|p2a: Zapdos|0 fnt\n|-boost|p1a: Hitmontop|spe|1\n|-status|p1a: Hitmontop|par|[from] ability: Static|[of] p2a: Zapdos\n|faint|p2a: Zapdos\n|\n|upkeep\n|\n|t:|1733906161\n|switch|p2a: Dugtrio|Dugtrio-Alola, L84, M|196/196\n|turn|13\n|\n|t:|1733906173\n|move|p2a: Dugtrio|Earthquake|p1a: Hitmontop\n|-damage|p1a: Hitmontop|32/231 par\n|-damage|p2a: Dugtrio|177/196|[from] item: Life Orb\n|cant|p1a: Hitmontop|par\n|\n|upkeep\n|turn|14\n|\n|t:|1733906184\n|switch|p1a: Rillaboom|Rillaboom, L79, M|288/288\n|-fieldstart|move: Grassy Terrain|[from] ability: Grassy Surge|[of] p1a: Rillaboom\n|move|p2a: Dugtrio|Iron Head|p1a: Rillaboom\n|-damage|p1a: Rillaboom|174/288\n|-damage|p2a: Dugtrio|158/196|[from] item: Life Orb\n|\n|-heal|p2a: Dugtrio|170/196|[from] Grassy Terrain\n|-heal|p1a: Rillaboom|192/288|[from] Grassy Terrain\n|upkeep\n|turn|15\n|\n|t:|1733906202\n|move|p2a: Dugtrio|Iron Head|p1a: Rillaboom\n|-damage|p1a: Rillaboom|75/288\n|-damage|p2a: Dugtrio|151/196|[from] item: Life Orb\n|move|p1a: Rillaboom|Wood Hammer|p2a: Dugtrio\n|-damage|p2a: Dugtrio|0 fnt\n|-ability|p2a: Dugtrio|Tangling Hair\n|-unboost|p1a: Rillaboom|spe|1\n|faint|p2a: Dugtrio\n|-damage|p1a: Rillaboom|25/288|[from] Recoil\n|\n|-heal|p1a: Rillaboom|43/288|[from] Grassy Terrain\n|upkeep\n|\n|t:|1733906212\n|switch|p2a: Ogerpon|Ogerpon-Cornerstone, L76, F|247/247\n|turn|16\n|\n|t:|1733906221\n|move|p2a: Ogerpon|Ivy Cudgel|p1a: Rillaboom|[anim] Ivy Cudgel Rock\n|-damage|p1a: Rillaboom|0 fnt\n|faint|p1a: Rillaboom\n|\n|upkeep\n|\n|t:|1733906237\n|switch|p1a: Magcargo|Magcargo, L95, M|268/268\n|turn|17\n|\n|t:|1733906246\n|-terastallize|p2a: Ogerpon|Rock\n|detailschange|p2a: Ogerpon|Ogerpon-Cornerstone-Tera, L76, F, tera:Rock\n|-ability|p2a: Ogerpon|Embody Aspect (Cornerstone)|boost\n|-boost|p2a: Ogerpon|def|1\n|-terastallize|p1a: Magcargo|Grass\n|move|p2a: Ogerpon|Ivy Cudgel|p1a: Magcargo|[anim] Ivy Cudgel Rock\n|-damage|p1a: Magcargo|154/268\n|-ability|p1a: Magcargo|Weak Armor|boost\n|-unboost|p1a: Magcargo|def|1\n|-boost|p1a: Magcargo|spe|2\n|move|p1a: Magcargo|Shell Smash|p1a: Magcargo\n|-unboost|p1a: Magcargo|def|1\n|-unboost|p1a: Magcargo|spd|1\n|-boost|p1a: Magcargo|atk|2\n|-boost|p1a: Magcargo|spa|2\n|-boost|p1a: Magcargo|spe|2\n|\n|-heal|p1a: Magcargo|170/268|[from] Grassy Terrain\n|upkeep\n|turn|18\n|\n|t:|1733906268\n|move|p1a: Magcargo|Earth Power|p2a: Ogerpon\n|-supereffective|p2a: Ogerpon\n|-damage|p2a: Ogerpon|0 fnt\n|faint|p2a: Ogerpon\n|\n|win|manolovm01\n|raw|manolovm01's rating: 1153 &rarr; <strong>1179</strong><br />(+26 for winning)\n|raw|oak563's rating: 1165 &rarr; <strong>1139</strong><br />(-26 for losing)\n|l|\u2606oak563\n|player|p2|\n", "inputlog": ">version bfd83cad13791eb5a5a409923076391caf6fb4d4\n>start {\"formatid\":\"gen9randombattle\",\"seed\":[37969,18688,46738,4934],\"rated\":\"Rated battle\"}\n>player p1 {\"name\":\"manolovm01\",\"avatar\":\"2\",\"rating\":1153,\"seed\":[47457,8453,52506,21373]}\n>player p2 {\"name\":\"oak563\",\"avatar\":\"blaine\",\"rating\":1165,\"seed\":[47992,6924,25370,3591]}\n>p1 move aquacutter\n>p2 move solarbeam\n>p1 switch 3\n>p2 move solarbeam\n>p1 move raindance\n>p2 move scorchingsands\n>p1 move hydropump\n>p2 switch 6\n>p1 move icebeam\n>p2 move thunderwave\n>p2 switch 3\n>p1 move icebeam\n>p2 move hurricane\n>p1 switch 5\n>p1 move facade\n>p2 switch 6\n>p2 switch 5\n>p1 move closecombat\n>p2 move spikes\n>p1 move closecombat\n>p2 move spikes\n>p2 switch 4\n>p1 switch 2\n>p2 move ivycudgel\n>p1 move rapidspin\n>p2 switch 6\n>p1 move rapidspin\n>p2 move hurricane\n>p2 switch 2\n>p1 move earthquake\n>p2 move earthquake\n>p1 switch 6\n>p2 move ironhead\n>p1 move woodhammer\n>p2 move ironhead\n>p2 switch 6\n>p1 move woodhammer\n>p2 move ivycudgel\n>p1 switch 4\n>p1 move shellsmash terastallize\n>p2 move ivycudgel terastallize\n>p1 move earthpower\n>p2 move ivycudgel", "uploadtime": 1733906273, "views": 1, "formatid": "gen9randombattle", "rating": 1139, "private": 0, "password": null}