{"id": "gen9randombattle-2260908131", "format": "[Gen 9] Random Battle", "players": ["hiroakiruby", "iwideretour"], "log": "|j|\u2606hiroakiruby\n|j|\u2606iwideretour\n|t:|1733914839\n|gametype|singles\n|player|p1|hiroakiruby|265|1727\n|player|p2|iwideretour|266|1678\n|teamsize|p1|6\n|teamsize|p2|6\n|gen|9\n|tier|[Gen 9] Random Battle\n|rated|\n|rule|Species Clause: Limit one of each Pok\u00e9mon\n|rule|HP Percentage Mod: HP is shown in percentages\n|rule|Sleep Clause Mod: Limit one foe put to sleep\n|rule|Illusion Level Mod: Illusion disguises the Pok\u00e9mon's true level\n|\n|t:|1733914839\n|start\n|switch|p1a: Misdreavus|Misdreavus, L90, M|254/254\n|switch|p2a: Azumarill|Azumarill, L82, F|298/298\n|turn|1\n|inactive|Battle timer is ON: inactive players will automatically lose when time's up. (requested by iwideretour)\n|\n|t:|1733914851\n|move|p1a: Misdreavus|Will-O-Wisp|p2a: Azumarill\n|-status|p2a: Azumarill|brn\n|move|p2a: Azumarill|Liquidation|p1a: Misdreavus\n|-damage|p1a: Misdreavus|190/254\n|-unboost|p1a: Misdreavus|def|1\n|\n|-damage|p2a: Azumarill|280/298 brn|[from] brn\n|upkeep\n|turn|2\n|\n|t:|1733914871\n|switch|p1a: Jirachi|Jirachi, L80|291/291\n|move|p2a: Azumarill|Liquidation|p1a: Jirachi\n|-damage|p1a: Jirachi|212/291\n|\n|-heal|p1a: Jirachi|230/291|[from] item: Leftovers\n|-damage|p2a: Azumarill|262/298 brn|[from] brn\n|upkeep\n|turn|3\n|\n|t:|1733914892\n|switch|p2a: Lokix|Lokix, L82, M|251/251\n|move|p1a: Jirachi|Iron Head|p2a: Lokix\n|-damage|p2a: Lokix|160/251\n|\n|-heal|p1a: Jirachi|248/291|[from] item: Leftovers\n|upkeep\n|turn|4\n|\n|t:|1733914899\n|move|p1a: Jirachi|Wish|p1a: Jirachi\n|move|p2a: Lokix|Knock Off|p1a: Jirachi\n|-supereffective|p1a: Jirachi\n|-damage|p1a: Jirachi|66/291\n|-enditem|p1a: Jirachi|Leftovers|[from] move: Knock Off|[of] p2a: Lokix\n|\n|upkeep\n|turn|5\n|\n|t:|1733914905\n|move|p1a: Jirachi|Protect|p1a: Jirachi\n|-singleturn|p1a: Jirachi|Protect\n|move|p2a: Lokix|Knock Off|p1a: Jirachi\n|-activate|p1a: Jirachi|move: Protect\n|\n|-heal|p1a: Jirachi|211/291|[from] move: Wish|[wisher] Jirachi\n|upkeep\n|turn|6\n|\n|t:|1733914910\n|move|p1a: Jirachi|Wish|p1a: Jirachi\n|move|p2a: Lokix|U-turn|p1a: Jirachi\n|-crit|p1a: Jirachi\n|-damage|p1a: Jirachi|94/291\n|\n|t:|1733914927\n|switch|p2a: Terrakion|Terrakion, L79|273/273|[from] U-turn\n|\n|upkeep\n|turn|7\n|\n|t:|1733914941\n|move|p1a: Jirachi|Protect|p1a: Jirachi\n|-singleturn|p1a: Jirachi|Protect\n|move|p2a: Terrakion|Swords Dance|p2a: Terrakion\n|-boost|p2a: Terrakion|atk|2\n|\n|-heal|p1a: Jirachi|239/291|[from] move: Wish|[wisher] Jirachi\n|upkeep\n|turn|8\n|\n|t:|1733914950\n|move|p2a: Terrakion|Earthquake|p1a: Jirachi\n|-supereffective|p1a: Jirachi\n|-damage|p1a: Jirachi|0 fnt\n|faint|p1a: Jirachi\n|-damage|p2a: Terrakion|246/273|[from] item: Life Orb\n|\n|upkeep\n|\n|t:|1733914964\n|switch|p1a: Landorus|Landorus-Therian, L76, M|260/260\n|-ability|p1a: Landorus|Intimidate|boost\n|-unboost|p2a: Terrakion|atk|1\n|turn|9\n|\n|t:|1733914972\n|move|p2a: Terrakion|Stone Edge|p1a: Landorus\n|-damage|p1a: Landorus|5/260\n|-damage|p2a: Terrakion|219/273|[from] item: Life Orb\n|move|p1a: Landorus|Earthquake|p2a: Terrakion\n|-supereffective|p2a: Terrakion\n|-damage|p2a: Terrakion|0 fnt\n|faint|p2a: Terrakion\n|\n|-heal|p1a: Landorus|21/260|[from] item: Leftovers\n|upkeep\n|\n|t:|1733914982\n|switch|p2a: Lokix|Lokix, L82, M|160/251\n|turn|10\n|\n|t:|1733914989\n|switch|p1a: Magcargo|Magcargo, L95, M|268/268\n|move|p2a: Lokix|Knock Off|p1a: Magcargo\n|-damage|p1a: Magcargo|202/268\n|-ability|p1a: Magcargo|Weak Armor|boost\n|-unboost|p1a: Magcargo|def|1\n|-boost|p1a: Magcargo|spe|2\n|-enditem|p1a: Magcargo|Heavy-Duty Boots|[from] move: Knock Off|[of] p2a: Lokix\n|\n|upkeep\n|turn|11\n|\n|t:|1733915006\n|move|p1a: Magcargo|Shell Smash|p1a: Magcargo\n|-unboost|p1a: Magcargo|def|1\n|-unboost|p1a: Magcargo|spd|1\n|-boost|p1a: Magcargo|atk|2\n|-boost|p1a: Magcargo|spa|2\n|-boost|p1a: Magcargo|spe|2\n|move|p2a: Lokix|U-turn|p1a: Magcargo\n|-resisted|p1a: Magcargo\n|-damage|p1a: Magcargo|88/268\n|-ability|p1a: Magcargo|Weak Armor|boost\n|-unboost|p1a: Magcargo|def|1\n|-boost|p1a: Magcargo|spe|2\n|\n|t:|1733915009\n|switch|p2a: Azumarill|Azumarill, L82, F|262/298 brn|[from] U-turn\n|\n|-damage|p2a: Azumarill|244/298 brn|[from] brn\n|upkeep\n|turn|12\n|\n|t:|1733915024\n|-terastallize|p1a: Magcargo|Grass\n|move|p2a: Azumarill|Aqua Jet|p1a: Magcargo\n|-resisted|p1a: Magcargo\n|-crit|p1a: Magcargo\n|-damage|p1a: Magcargo|42/268\n|-ability|p1a: Magcargo|Weak Armor|boost\n|-unboost|p1a: Magcargo|def|1\n|move|p1a: Magcargo|Power Gem|p2a: Azumarill\n|-damage|p2a: Azumarill|37/298 brn\n|\n|-damage|p2a: Azumarill|19/298 brn|[from] brn\n|upkeep\n|turn|13\n|inactive|hiroakiruby has 120 seconds left.\n|\n|t:|1733915050\n|move|p2a: Azumarill|Aqua Jet|p1a: Magcargo\n|-resisted|p1a: Magcargo\n|-damage|p1a: Magcargo|6/268\n|-ability|p1a: Magcargo|Weak Armor|boost\n|-unboost|p1a: Magcargo|def|1\n|move|p1a: Magcargo|Power Gem|p2a: Azumarill\n|-damage|p2a: Azumarill|0 fnt\n|faint|p2a: Azumarill\n|\n|upkeep\n|\n|t:|1733915064\n|switch|p2a: Spiritomb|Spiritomb, L89, M|234/234\n|turn|14\n|\n|t:|1733915069\n|switch|p1a: Misdreavus|Misdreavus, L90, M|190/254\n|move|p2a: Spiritomb|Shadow Sneak|p1a: Misdreavus\n|-supereffective|p1a: Misdreavus\n|-damage|p1a: Misdreavus|74/254\n|\n|upkeep\n|turn|15\n|\n|t:|1733915078\n|move|p2a: Spiritomb|Shadow Sneak|p1a: Misdreavus\n|-supereffective|p1a: Misdreavus\n|-damage|p1a: Misdreavus|0 fnt\n|faint|p1a: Misdreavus\n|\n|upkeep\n|\n|t:|1733915087\n|switch|p1a: Lokix|Lokix, L82, F|251/251\n|turn|16\n|\n|t:|1733915104\n|switch|p2a: Houndstone|Houndstone, L86, M|264/264\n|move|p1a: Lokix|First Impression|p2a: Houndstone\n|-resisted|p2a: Houndstone\n|-damage|p2a: Houndstone|218/264\n|\n|-heal|p2a: Houndstone|234/264|[from] item: Leftovers\n|upkeep\n|turn|17\n|\n|t:|1733915111\n|move|p1a: Lokix|Knock Off|p2a: Houndstone\n|-supereffective|p2a: Houndstone\n|-damage|p2a: Houndstone|150/264\n|-enditem|p2a: Houndstone|Leftovers|[from] move: Knock Off|[of] p1a: Lokix\n|move|p2a: Houndstone|Body Press|p1a: Lokix\n|-damage|p1a: Lokix|184/251\n|\n|upkeep\n|turn|18\n|\n|t:|1733915121\n|move|p1a: Lokix|Sucker Punch|p2a: Houndstone\n|-supereffective|p2a: Houndstone\n|-damage|p2a: Houndstone|81/264\n|move|p2a: Houndstone|Body Press|p1a: Lokix\n|-damage|p1a: Lokix|116/251\n|\n|upkeep\n|turn|19\n|\n|t:|1733915126\n|move|p1a: Lokix|Knock Off|p2a: Houndstone\n|-supereffective|p2a: Houndstone\n|-damage|p2a: Houndstone|21/264\n|move|p2a: Houndstone|Rest|p2a: Houndstone\n|-status|p2a: Houndstone|slp|[from] move: Rest\n|-heal|p2a: Houndstone|264/264 slp|[silent]\n|\n|upkeep\n|turn|20\n|\n|t:|1733915134\n|move|p1a: Lokix|U-turn|p2a: Houndstone\n|-resisted|p2a: Houndstone\n|-damage|p2a: Houndstone|222/264 slp\n|\n|t:|1733915138\n|switch|p1a: Landorus|Landorus-Therian, L76, M|21/260|[from] U-turn\n|-ability|p1a: Landorus|Intimidate|boost\n|-unboost|p2a: Houndstone|atk|1\n|cant|p2a: Houndstone|slp\n|move|p2a: Houndstone|Sleep Talk|p2a: Houndstone\n|move|p2a: Houndstone|Poltergeist|p1a: Landorus|[from]move: Sleep Talk\n|-activate|p1a: Landorus|move: Poltergeist|Leftovers\n|-damage|p1a: Landorus|0 fnt\n|faint|p1a: Landorus\n|\n|upkeep\n|\n|t:|1733915158\n|switch|p1a: Falinks|Falinks, L84|246/246\n|turn|21\n|\n|t:|1733915164\n|move|p1a: Falinks|No Retreat|p1a: Falinks\n|-boost|p1a: Falinks|atk|1\n|-boost|p1a: Falinks|def|1\n|-boost|p1a: Falinks|spa|1\n|-boost|p1a: Falinks|spd|1\n|-boost|p1a: Falinks|spe|1\n|-start|p1a: Falinks|move: No Retreat\n|cant|p2a: Houndstone|slp\n|\n|upkeep\n|turn|22\n|\n|t:|1733915182\n|move|p1a: Falinks|Knock Off|p2a: Houndstone\n|-supereffective|p2a: Houndstone\n|-damage|p2a: Houndstone|147/264 slp\n|-damage|p1a: Falinks|222/246|[from] item: Life Orb\n|-curestatus|p2a: Houndstone|slp|[msg]\n|move|p2a: Houndstone|Body Press|p1a: Falinks\n|-damage|p1a: Falinks|181/246\n|\n|upkeep\n|turn|23\n|\n|t:|1733915194\n|move|p1a: Falinks|Knock Off|p2a: Houndstone\n|-supereffective|p2a: Houndstone\n|-damage|p2a: Houndstone|60/264\n|-damage|p1a: Falinks|157/246|[from] item: Life Orb\n|move|p2a: Houndstone|Rest|p2a: Houndstone\n|-status|p2a: Houndstone|slp|[from] move: Rest\n|-heal|p2a: Houndstone|264/264 slp|[silent]\n|\n|upkeep\n|turn|24\n|\n|t:|1733915201\n|move|p1a: Falinks|No Retreat||[still]\n|-fail|p1a: Falinks\n|cant|p2a: Houndstone|slp\n|move|p2a: Houndstone|Sleep Talk|p2a: Houndstone\n|move|p2a: Houndstone|Rest||[from]move: Sleep Talk|[still]\n|-fail|p2a: Houndstone\n|\n|upkeep\n|turn|25\n|-message|hiroakiruby forfeited.\n|\n|win|iwideretour\n|raw|hiroakiruby's rating: 1727 &rarr; <strong>1704</strong><br />(-23 for losing)\n|raw|iwideretour's rating: 1678 &rarr; <strong>1701</strong><br />(+23 for winning)\n|l|\u2606hiroakiruby\n|player|p1|\n|j|\u2606hiroakiruby\n|player|p1|hiroakiruby|265|\n", "inputlog": ">version bfd83cad13791eb5a5a409923076391caf6fb4d4\n>start {\"formatid\":\"gen9randombattle\",\"seed\":[43707,4183,62089,28816],\"rated\":\"Rated battle\"}\n>player p1 {\"name\":\"hiroakiruby\",\"avatar\":\"265\",\"rating\":1727,\"seed\":[45372,63723,34091,24013]}\n>player p2 {\"name\":\"iwideretour\",\"avatar\":\"266\",\"rating\":1678,\"seed\":[17875,27487,51536,12182]}\n>p1 move willowisp\n>p2 move liquidation\n>p1 switch 5\n>p2 move liquidation\n>p1 move ironhead\n>p2 switch 2\n>p1 move wish\n>p2 move knockoff\n>p1 move protect\n>p2 move knockoff\n>p1 move wish\n>p2 move uturn\n>p2 switch 3\n>p1 move protect\n>p2 move swordsdance\n>p1 move ironhead\n>p2 move earthquake\n>p1 switch 6\n>p1 move earthquake\n>p2 move stoneedge\n>p2 switch 3\n>p1 switch 3\n>p2 move knockoff\n>p1 move shellsmash\n>p2 move uturn\n>p2 switch 2\n>p1 move powergem terastallize\n>p2 move aquajet\n>p1 move powergem\n>p2 move aquajet\n>p2 switch 6\n>p1 switch 5\n>p2 move shadowsneak\n>p1 move drainingkiss\n>p2 move shadowsneak\n>p1 switch 2\n>p1 move firstimpression\n>p2 switch 5\n>p1 move knockoff\n>p2 move bodypress\n>p1 move suckerpunch\n>p2 move bodypress\n>p1 move knockoff\n>p2 move rest\n>p1 move uturn\n>p2 move sleeptalk\n>p1 switch 3\n>p1 switch 4\n>p1 move noretreat\n>p2 move bodypress\n>p1 move knockoff\n>p2 move bodypress\n>p1 move knockoff\n>p2 move rest\n>p1 move noretreat\n>p2 move sleeptalk\n>forcelose p1", "uploadtime": 1733915209, "views": 2, "formatid": "gen9randombattle", "rating": 1701, "private": 0, "password": null}