{"id": "gen9randombattle-2174903725", "format": "[Gen 9] Random Battle", "players": ["Qiuescent", "scyther225"], "log": "|j|\u203dQiuescent\n|j|\u2606scyther225\n|t:|1722981645\n|gametype|singles\n|player|p1|Qiuescent|1|2198\n|player|p2|scyther225|acetrainer-gen4dp|2239\n|teamsize|p1|6\n|teamsize|p2|6\n|gen|9\n|tier|[Gen 9] Random Battle\n|rated|\n|rule|Species Clause: Limit one of each Pok\u00e9mon\n|rule|HP Percentage Mod: HP is shown in percentages\n|rule|Sleep Clause Mod: Limit one foe put to sleep\n|rule|Illusion Level Mod: Illusion disguises the Pok\u00e9mon's true level\n|\n|t:|1722981645\n|start\n|switch|p1a: Indeedee|Indeedee-F, L90, F|272/272\n|switch|p2a: Illumise|Illumise, L91, F|266/266\n|-fieldstart|move: Psychic Terrain|[from] ability: Psychic Surge|[of] p1a: Indeedee\n|turn|1\n|\n|t:|1722981649\n|switch|p1a: Groudon|Groudon, L72|263/263\n|-weather|SunnyDay|[from] ability: Drought|[of] p1a: Groudon\n|move|p2a: Illumise|Bug Buzz|p1a: Groudon\n|-damage|p1a: Groudon|155/263\n|\n|-weather|SunnyDay|[upkeep]\n|-heal|p1a: Groudon|171/263|[from] item: Leftovers\n|upkeep\n|turn|2\n|\n|t:|1722981655\n|move|p2a: Illumise|Bug Buzz|p1a: Groudon\n|-damage|p1a: Groudon|59/263\n|move|p1a: Groudon|Heat Crash|p2a: Illumise\n|-supereffective|p2a: Illumise\n|-damage|p2a: Illumise|0 fnt\n|faint|p2a: Illumise\n|\n|-weather|SunnyDay|[upkeep]\n|-heal|p1a: Groudon|75/263|[from] item: Leftovers\n|upkeep\n|\n|t:|1722981658\n|switch|p2a: Iron Jugulis|Iron Jugulis, L78|275/275\n|turn|3\n|\n|t:|1722981662\n|move|p2a: Iron Jugulis|Dark Pulse|p1a: Groudon\n|-damage|p1a: Groudon|0 fnt\n|faint|p1a: Groudon\n|\n|-weather|SunnyDay|[upkeep]\n|upkeep\n|\n|t:|1722981666\n|switch|p1a: Cobalion|Cobalion, L80|277/277\n|turn|4\n|\n|t:|1722981670\n|-end|p2a: Iron Jugulis|Quark Drive|[silent]\n|switch|p2a: Amoonguss|Amoonguss, L82, F|321/321\n|move|p1a: Cobalion|Swords Dance|p1a: Cobalion\n|-boost|p1a: Cobalion|atk|2\n|\n|-weather|SunnyDay|[upkeep]\n|upkeep\n|turn|5\n|\n|t:|1722981675\n|move|p1a: Cobalion|Iron Head|p2a: Amoonguss\n|-damage|p2a: Amoonguss|83/321\n|-damage|p1a: Cobalion|250/277|[from] item: Life Orb\n|cant|p2a: Amoonguss|flinch\n|\n|-weather|none\n|-heal|p2a: Amoonguss|103/321|[from] item: Leftovers\n|-fieldend|move: Psychic Terrain\n|upkeep\n|turn|6\n|\n|t:|1722981682\n|switch|p2a: Mightyena|Mightyena, L95, F|287/287\n|-ability|p2a: Mightyena|Intimidate|boost\n|-unboost|p1a: Cobalion|atk|1\n|move|p1a: Cobalion|Close Combat|p2a: Mightyena\n|-supereffective|p2a: Mightyena\n|-damage|p2a: Mightyena|0 fnt\n|-unboost|p1a: Cobalion|def|1\n|-unboost|p1a: Cobalion|spd|1\n|faint|p2a: Mightyena\n|-damage|p1a: Cobalion|223/277|[from] item: Life Orb\n|\n|upkeep\n|\n|t:|1722981688\n|switch|p2a: Bastiodon|Bastiodon, L89, M|252/252\n|turn|7\n|\n|t:|1722981697\n|switch|p1a: Clawitzer|Clawitzer, L87, F|265/265\n|-terastallize|p2a: Bastiodon|Fighting\n|move|p2a: Bastiodon|Iron Defense|p2a: Bastiodon\n|-boost|p2a: Bastiodon|def|2\n|\n|upkeep\n|turn|8\n|\n|t:|1722981701\n|move|p1a: Clawitzer|Water Pulse|p2a: Bastiodon\n|-damage|p2a: Bastiodon|128/252\n|move|p2a: Bastiodon|Body Press|p1a: Clawitzer\n|-crit|p1a: Clawitzer\n|-damage|p1a: Clawitzer|0 fnt\n|faint|p1a: Clawitzer\n|\n|upkeep\n|\n|t:|1722981708\n|switch|p1a: Indeedee|Indeedee-F, L90, F|272/272\n|-fieldstart|move: Psychic Terrain|[from] ability: Psychic Surge|[of] p1a: Indeedee\n|turn|9\n|\n|t:|1722981716\n|switch|p2a: Iron Jugulis|Iron Jugulis, L78|275/275\n|move|p1a: Indeedee|Dazzling Gleam|p2a: Iron Jugulis\n|-supereffective|p2a: Iron Jugulis\n|-damage|p2a: Iron Jugulis|139/275\n|\n|upkeep\n|turn|10\n|\n|t:|1722981725\n|-end|p2a: Iron Jugulis|Quark Drive|[silent]\n|switch|p2a: Amoonguss|Amoonguss, L82, F|210/321\n|move|p1a: Indeedee|Dazzling Gleam|p2a: Amoonguss\n|-resisted|p2a: Amoonguss\n|-damage|p2a: Amoonguss|172/321\n|\n|-heal|p2a: Amoonguss|192/321|[from] item: Leftovers\n|upkeep\n|turn|11\n|\n|t:|1722981728\n|switch|p1a: Decidueye|Decidueye, L88, M|281/281\n|move|p2a: Amoonguss|Spore|p1a: Decidueye\n|-immune|p1a: Decidueye\n|\n|-heal|p2a: Amoonguss|212/321|[from] item: Leftovers\n|upkeep\n|turn|12\n|\n|t:|1722981731\n|move|p1a: Decidueye|Spirit Shackle|p2a: Amoonguss\n|-damage|p2a: Amoonguss|82/321\n|-activate|p2a: Amoonguss|trapped\n|move|p2a: Amoonguss|Sludge Bomb|p1a: Decidueye\n|-damage|p1a: Decidueye|214/281\n|\n|-heal|p2a: Amoonguss|102/321|[from] item: Leftovers\n|upkeep\n|turn|13\n|\n|t:|1722981735\n|move|p1a: Decidueye|Spirit Shackle|p2a: Amoonguss\n|-damage|p2a: Amoonguss|0 fnt\n|faint|p2a: Amoonguss\n|\n|-fieldend|move: Psychic Terrain\n|upkeep\n|\n|t:|1722981738\n|switch|p2a: Maushold|Maushold, L76|238/238\n|turn|14\n|\n|t:|1722981745\n|switch|p1a: Cobalion|Cobalion, L80|223/277\n|move|p2a: Maushold|Encore||[still]\n|-fail|p2a: Maushold\n|\n|upkeep\n|turn|15\n|\n|t:|1722981755\n|switch|p2a: Bastiodon|Bastiodon, L89, M, tera:Fighting|128/252\n|move|p1a: Cobalion|Close Combat|p2a: Bastiodon\n|-damage|p2a: Bastiodon|50/252\n|-unboost|p1a: Cobalion|def|1\n|-unboost|p1a: Cobalion|spd|1\n|-damage|p1a: Cobalion|196/277|[from] item: Life Orb\n|\n|upkeep\n|turn|16\n|\n|t:|1722981758\n|move|p1a: Cobalion|Close Combat|p2a: Bastiodon\n|-damage|p2a: Bastiodon|0 fnt\n|-unboost|p1a: Cobalion|def|1\n|-unboost|p1a: Cobalion|spd|1\n|faint|p2a: Bastiodon\n|-damage|p1a: Cobalion|169/277|[from] item: Life Orb\n|\n|upkeep\n|\n|t:|1722981760\n|switch|p2a: Iron Jugulis|Iron Jugulis, L78|139/275\n|turn|17\n|\n|t:|1722981763\n|switch|p1a: Decidueye|Decidueye, L88, M|214/281\n|move|p2a: Iron Jugulis|Dark Pulse|p1a: Decidueye\n|-supereffective|p1a: Decidueye\n|-damage|p1a: Decidueye|0 fnt\n|faint|p1a: Decidueye\n|\n|upkeep\n|\n|t:|1722981770\n|switch|p1a: Cobalion|Cobalion, L80|169/277\n|turn|18\n|\n|t:|1722981779\n|move|p1a: Cobalion|Stone Edge|p2a: Iron Jugulis\n|-supereffective|p2a: Iron Jugulis\n|-damage|p2a: Iron Jugulis|0 fnt\n|faint|p2a: Iron Jugulis\n|-end|p2a: Iron Jugulis|Quark Drive|[silent]\n|-damage|p1a: Cobalion|142/277|[from] item: Life Orb\n|\n|upkeep\n|\n|t:|1722981780\n|switch|p2a: Maushold|Maushold, L76|238/238\n|turn|19\n|\n|t:|1722981782\n|move|p1a: Cobalion|Close Combat|p2a: Maushold\n|-supereffective|p2a: Maushold\n|-damage|p2a: Maushold|0 fnt\n|-unboost|p1a: Cobalion|def|1\n|-unboost|p1a: Cobalion|spd|1\n|faint|p2a: Maushold\n|-damage|p1a: Cobalion|115/277|[from] item: Life Orb\n|\n|win|Qiuescent\n|raw|Qiuescent's rating: 2198 &rarr; <strong>2220</strong><br />(+22 for winning)\n|raw|scyther225's rating: 2239 &rarr; <strong>2217</strong><br />(-22 for losing)\n|l|\u2606scyther225\n|player|p2|\n", "inputlog": ">version 645aa3833dc4d492fc8695bcaa26b087252171ab\n>start {\"formatid\":\"gen9randombattle\",\"seed\":[61752,5453,8809,21695],\"rated\":\"Rated battle\"}\n>player p1 {\"name\":\"Qiuescent\",\"avatar\":\"1\",\"rating\":2198,\"seed\":[2635,21490,27681,26973]}\n>player p2 {\"name\":\"scyther225\",\"avatar\":\"acetrainer-gen4dp\",\"rating\":2239,\"seed\":[2837,25916,25155,39941]}\n>p1 switch 6\n>p2 move bugbuzz\n>p1 move heatcrash\n>p2 move bugbuzz\n>p2 switch 6\n>p1 move stoneedge\n>p2 move darkpulse\n>p1 switch 2\n>p1 move swordsdance\n>p2 switch 2\n>p1 move ironhead\n>p2 move spore\n>p1 move closecombat\n>p2 switch 3\n>p2 switch 4\n>p1 switch 5\n>p2 move irondefense terastallize\n>p1 move waterpulse\n>p2 move bodypress\n>p1 switch 6\n>p1 move dazzlinggleam\n>p2 switch 2\n>p1 move dazzlinggleam\n>p2 switch 3\n>p1 switch 4\n>p2 move spore\n>p1 move spiritshackle\n>p2 move sludgebomb\n>p1 move spiritshackle\n>p2 move sludgebomb\n>p2 switch 5\n>p1 switch 5\n>p2 move encore\n>p1 move closecombat\n>p2 switch 2\n>p1 move closecombat\n>p2 move rest\n>p2 switch 3\n>p1 switch 5\n>p2 move darkpulse\n>p1 switch 5\n>p1 move stoneedge\n>p2 move darkpulse\n>p2 switch 2\n>p1 move closecombat\n>p2 move tidyup", "uploadtime": 1722981789, "views": 136, "formatid": "gen9randombattle", "rating": 2217, "private": 0, "password": null}