{"id": "gen9randombattle-2051700334", "format": "[Gen 9] Random Battle", "players": ["Wakandius_PMSD", "kandkad"], "log": "|j|\u2606Wakandius_PMSD\n|j|\u203dkandkad\n|t:|1707078818\n|gametype|singles\n|player|p1|Wakandius_PMSD|266|2200\n|player|p2|kandkad|clemont|2390\n|teamsize|p1|6\n|teamsize|p2|6\n|gen|9\n|tier|[Gen 9] Random Battle\n|rated|\n|rule|Species Clause: Limit one of each Pok\u00e9mon\n|rule|HP Percentage Mod: HP is shown in percentages\n|rule|Sleep Clause Mod: Limit one foe put to sleep\n|rule|Illusion Level Mod: Illusion disguises the Pok\u00e9mon's true level\n|\n|t:|1707078818\n|start\n|switch|p1a: Girafarig|Girafarig, L89, F|269/269\n|switch|p2a: Sceptile|Sceptile, L87, F|264/264\n|turn|1\n|inactive|Battle timer is ON: inactive players will automatically lose when time's up. (requested by kandkad)\n|\n|t:|1707078836\n|move|p2a: Sceptile|Shed Tail|p2a: Sceptile\n|-start|p2a: Sceptile|Substitute|[from] move: Shed Tail\n|-damage|p2a: Sceptile|132/264\n|\n|t:|1707078843\n|switch|p2a: Basculin|Basculin, L86, F|261/261|[from] Shed Tail\n|move|p1a: Girafarig|Nasty Plot|p1a: Girafarig\n|-boost|p1a: Girafarig|spa|2\n|\n|upkeep\n|turn|2\n|\n|t:|1707078855\n|move|p2a: Basculin|Wave Crash|p1a: Girafarig\n|-damage|p1a: Girafarig|85/269\n|-damage|p2a: Basculin|200/261|[from] Recoil\n|move|p1a: Girafarig|Thunderbolt|p2a: Basculin\n|-supereffective|p2a: Basculin\n|-end|p2a: Basculin|Substitute\n|\n|upkeep\n|turn|3\n|\n|t:|1707078866\n|switch|p1a: Altaria|Altaria, L88, M|275/275\n|move|p2a: Basculin|Wave Crash|p1a: Altaria\n|-resisted|p1a: Altaria\n|-damage|p1a: Altaria|151/275\n|-damage|p2a: Basculin|159/261|[from] Recoil\n|\n|upkeep\n|turn|4\n|\n|t:|1707078876\n|switch|p2a: Metagross|Metagross, L79|256/256\n|move|p1a: Altaria|Roost|p1a: Altaria\n|-heal|p1a: Altaria|275/275\n|-singleturn|p1a: Altaria|move: Roost\n|\n|upkeep\n|turn|5\n|\n|t:|1707078892\n|switch|p1a: Armarouge|Armarouge, L81, F|270/270\n|move|p2a: Metagross|Agility|p2a: Metagross\n|-boost|p2a: Metagross|spe|2\n|\n|upkeep\n|turn|6\n|\n|t:|1707078905\n|switch|p2a: Volcanion|Volcanion, L79|256/256\n|switch|p1a: Jumpluff|Jumpluff, L87, F|271/271\n|\n|upkeep\n|turn|7\n|\n|t:|1707078911\n|switch|p1a: Hariyama|Hariyama, L87, M|392/392\n|move|p2a: Volcanion|Flamethrower|p1a: Hariyama\n|-damage|p1a: Hariyama|349/392\n|\n|upkeep\n|turn|8\n|\n|t:|1707078923\n|switch|p2a: Metagross|Metagross, L79|256/256\n|move|p1a: Hariyama|Close Combat|p2a: Metagross\n|-damage|p2a: Metagross|123/256\n|-unboost|p1a: Hariyama|def|1\n|-unboost|p1a: Hariyama|spd|1\n|\n|upkeep\n|turn|9\n|\n|t:|1707078931\n|switch|p1a: Armarouge|Armarouge, L81, F|270/270\n|move|p2a: Metagross|Knock Off|p1a: Armarouge\n|-supereffective|p1a: Armarouge\n|-damage|p1a: Armarouge|112/270\n|-ability|p1a: Armarouge|Weak Armor|boost\n|-unboost|p1a: Armarouge|def|1\n|-boost|p1a: Armarouge|spe|2\n|-enditem|p1a: Armarouge|Power Herb|[from] move: Knock Off|[of] p2a: Metagross\n|\n|upkeep\n|turn|10\n|\n|t:|1707078943\n|move|p1a: Armarouge|Armor Cannon|p2a: Metagross\n|-supereffective|p2a: Metagross\n|-damage|p2a: Metagross|0 fnt\n|-unboost|p1a: Armarouge|def|1\n|-unboost|p1a: Armarouge|spd|1\n|faint|p2a: Metagross\n|\n|upkeep\n|\n|t:|1707078945\n|switch|p2a: Volcanion|Volcanion, L79|256/256\n|turn|11\n|\n|t:|1707078954\n|move|p1a: Armarouge|Psyshock|p2a: Volcanion\n|-damage|p2a: Volcanion|178/256\n|move|p2a: Volcanion|Steam Eruption|p1a: Armarouge\n|-supereffective|p1a: Armarouge\n|-damage|p1a: Armarouge|0 fnt\n|faint|p1a: Armarouge\n|\n|upkeep\n|\n|t:|1707078974\n|switch|p1a: Girafarig|Girafarig, L89, F|85/269\n|turn|12\n|\n|t:|1707078983\n|switch|p2a: Sceptile|Sceptile, L87, F|132/264\n|move|p1a: Girafarig|Thunderbolt|p2a: Sceptile\n|-resisted|p2a: Sceptile\n|-damage|p2a: Sceptile|101/264\n|\n|upkeep\n|turn|13\n|\n|t:|1707078989\n|move|p2a: Sceptile|Focus Blast|p1a: Girafarig\n|-damage|p1a: Girafarig|0 fnt\n|faint|p1a: Girafarig\n|-damage|p2a: Sceptile|75/264|[from] item: Life Orb\n|\n|upkeep\n|\n|t:|1707078999\n|switch|p1a: Altaria|Altaria, L88, M|275/275\n|turn|14\n|\n|t:|1707079007\n|move|p2a: Sceptile|Rock Slide|p1a: Altaria\n|-supereffective|p1a: Altaria\n|-damage|p1a: Altaria|145/275\n|-damage|p2a: Sceptile|49/264|[from] item: Life Orb\n|move|p1a: Altaria|Brave Bird|p2a: Sceptile\n|-supereffective|p2a: Sceptile\n|-damage|p2a: Sceptile|0 fnt\n|faint|p2a: Sceptile\n|-damage|p1a: Altaria|129/275|[from] Recoil\n|\n|upkeep\n|\n|t:|1707079016\n|switch|p2a: Basculin|Basculin, L86, F|159/261\n|turn|15\n|\n|t:|1707079024\n|-terastallize|p2a: Basculin|Water\n|move|p2a: Basculin|Wave Crash|p1a: Altaria\n|-resisted|p1a: Altaria\n|-damage|p1a: Altaria|4/275\n|-damage|p2a: Basculin|118/261|[from] Recoil\n|move|p1a: Altaria|Roost|p1a: Altaria\n|-heal|p1a: Altaria|142/275\n|-singleturn|p1a: Altaria|move: Roost\n|\n|upkeep\n|turn|16\n|\n|t:|1707079040\n|switch|p1a: Jumpluff|Jumpluff, L87, F|271/271\n|move|p2a: Basculin|Wave Crash|p1a: Jumpluff\n|-resisted|p1a: Jumpluff\n|-damage|p1a: Jumpluff|107/271\n|-damage|p2a: Basculin|64/261|[from] Recoil\n|\n|upkeep\n|turn|17\n|\n|t:|1707079050\n|switch|p2a: Volcanion|Volcanion, L79|178/256\n|move|p1a: Jumpluff|Strength Sap|p2a: Volcanion\n|-unboost|p2a: Volcanion|atk|1\n|-heal|p1a: Jumpluff|271/271\n|\n|upkeep\n|turn|18\n|\n|t:|1707079057\n|switch|p1a: Altaria|Altaria, L88, M|142/275\n|move|p2a: Volcanion|Flamethrower|p1a: Altaria\n|-resisted|p1a: Altaria\n|-damage|p1a: Altaria|100/275\n|\n|upkeep\n|turn|19\n|\n|t:|1707079062\n|switch|p2a: Greedent|Greedent, L87, M|351/351\n|move|p1a: Altaria|Roost|p1a: Altaria\n|-heal|p1a: Altaria|238/275\n|-singleturn|p1a: Altaria|move: Roost\n|\n|upkeep\n|turn|20\n|\n|t:|1707079069\n|move|p1a: Altaria|Brave Bird|p2a: Greedent\n|-damage|p2a: Greedent|251/351\n|-damage|p1a: Altaria|205/275|[from] Recoil\n|move|p2a: Greedent|Swords Dance|p2a: Greedent\n|-boost|p2a: Greedent|atk|2\n|\n|upkeep\n|turn|21\n|\n|t:|1707079074\n|move|p1a: Altaria|Haze|p1a: Altaria\n|-clearallboost\n|move|p2a: Greedent|Body Slam|p1a: Altaria\n|-damage|p1a: Altaria|115/275\n|\n|upkeep\n|turn|22\n|\n|t:|1707079080\n|move|p1a: Altaria|Roost|p1a: Altaria\n|-heal|p1a: Altaria|253/275\n|-singleturn|p1a: Altaria|move: Roost\n|move|p2a: Greedent|Body Slam|p1a: Altaria\n|-damage|p1a: Altaria|169/275\n|\n|upkeep\n|turn|23\n|\n|t:|1707079086\n|move|p1a: Altaria|Roost|p1a: Altaria\n|-heal|p1a: Altaria|275/275\n|-singleturn|p1a: Altaria|move: Roost\n|move|p2a: Greedent|Body Slam|p1a: Altaria\n|-damage|p1a: Altaria|188/275\n|\n|upkeep\n|turn|24\n|\n|t:|1707079095\n|switch|p1a: Hariyama|Hariyama, L87, M|349/392\n|move|p2a: Greedent|Body Slam|p1a: Hariyama\n|-damage|p1a: Hariyama|229/392\n|\n|upkeep\n|turn|25\n|j| Shaky3\n|\n|t:|1707079107\n|switch|p2a: Iron Leaves|Iron Leaves, L80|275/275\n|move|p1a: Hariyama|Close Combat|p2a: Iron Leaves\n|-resisted|p2a: Iron Leaves\n|-damage|p2a: Iron Leaves|194/275\n|-unboost|p1a: Hariyama|def|1\n|-unboost|p1a: Hariyama|spd|1\n|\n|upkeep\n|turn|26\n|\n|t:|1707079117\n|switch|p1a: Jumpluff|Jumpluff, L87, F|271/271\n|move|p2a: Iron Leaves|Psyblade|p1a: Jumpluff\n|-damage|p1a: Jumpluff|127/271\n|-damage|p2a: Iron Leaves|167/275|[from] item: Life Orb\n|\n|upkeep\n|turn|27\n|\n|t:|1707079130\n|-end|p2a: Iron Leaves|Quark Drive|[silent]\n|switch|p2a: Volcanion|Volcanion, L79|178/256\n|move|p1a: Jumpluff|Substitute|p1a: Jumpluff\n|-start|p1a: Jumpluff|Substitute\n|-damage|p1a: Jumpluff|60/271\n|\n|upkeep\n|turn|28\n|\n|t:|1707079142\n|move|p1a: Jumpluff|Strength Sap|p2a: Volcanion\n|-unboost|p2a: Volcanion|atk|1\n|-heal|p1a: Jumpluff|238/271\n|move|p2a: Volcanion|Flamethrower|p1a: Jumpluff\n|-supereffective|p1a: Jumpluff\n|-end|p1a: Jumpluff|Substitute\n|\n|upkeep\n|turn|29\n|\n|t:|1707079149\n|move|p1a: Jumpluff|Substitute|p1a: Jumpluff\n|-start|p1a: Jumpluff|Substitute\n|-damage|p1a: Jumpluff|171/271\n|move|p2a: Volcanion|Flamethrower|p1a: Jumpluff\n|-supereffective|p1a: Jumpluff\n|-end|p1a: Jumpluff|Substitute\n|\n|upkeep\n|turn|30\n|\n|t:|1707079153\n|switch|p1a: Altaria|Altaria, L88, M|188/275\n|move|p2a: Volcanion|Flamethrower|p1a: Altaria\n|-resisted|p1a: Altaria\n|-damage|p1a: Altaria|144/275\n|\n|upkeep\n|turn|31\n|\n|t:|1707079158\n|switch|p2a: Greedent|Greedent, L87, M|251/351\n|move|p1a: Altaria|Roost|p1a: Altaria\n|-heal|p1a: Altaria|275/275\n|-singleturn|p1a: Altaria|move: Roost\n|\n|upkeep\n|turn|32\n|\n|t:|1707079166\n|switch|p1a: Hariyama|Hariyama, L87, M|229/392\n|move|p2a: Greedent|Body Slam|p1a: Hariyama\n|-damage|p1a: Hariyama|100/392\n|\n|upkeep\n|turn|33\n|\n|t:|1707079179\n|switch|p2a: Iron Leaves|Iron Leaves, L80|167/275\n|move|p1a: Hariyama|Knock Off|p2a: Iron Leaves\n|-supereffective|p2a: Iron Leaves\n|-crit|p2a: Iron Leaves\n|-damage|p2a: Iron Leaves|0 fnt\n|-enditem|p2a: Iron Leaves|Life Orb|[from] move: Knock Off|[of] p1a: Hariyama\n|faint|p2a: Iron Leaves\n|-end|p2a: Iron Leaves|Quark Drive|[silent]\n|\n|upkeep\n|\n|t:|1707079183\n|switch|p2a: Basculin|Basculin, L86, F, tera:Water|64/261\n|turn|34\n|\n|t:|1707079207\n|switch|p1a: Jumpluff|Jumpluff, L87, F|171/271\n|move|p2a: Basculin|Flip Turn|p1a: Jumpluff\n|-resisted|p1a: Jumpluff\n|-damage|p1a: Jumpluff|86/271\n|\n|t:|1707079213\n|switch|p2a: Volcanion|Volcanion, L79|178/256|[from] Flip Turn\n|\n|upkeep\n|turn|35\n|\n|t:|1707079231\n|move|p1a: Jumpluff|Substitute|p1a: Jumpluff\n|-start|p1a: Jumpluff|Substitute\n|-damage|p1a: Jumpluff|19/271\n|move|p2a: Volcanion|Flamethrower|p1a: Jumpluff\n|-supereffective|p1a: Jumpluff\n|-end|p1a: Jumpluff|Substitute\n|\n|upkeep\n|turn|36\n|\n|t:|1707079238\n|switch|p1a: Altaria|Altaria, L88, M|275/275\n|switch|p2a: Greedent|Greedent, L87, M|251/351\n|\n|upkeep\n|turn|37\n|\n|t:|1707079251\n|move|p1a: Altaria|Brave Bird|p2a: Greedent\n|-damage|p2a: Greedent|151/351\n|-enditem|p2a: Greedent|Sitrus Berry|[eat]\n|-heal|p2a: Greedent|238/351|[from] item: Sitrus Berry\n|-heal|p2a: Greedent|351/351|[from] ability: Cheek Pouch\n|-damage|p1a: Altaria|242/275|[from] Recoil\n|move|p2a: Greedent|Body Slam|p1a: Altaria\n|-damage|p1a: Altaria|152/275\n|\n|upkeep\n|turn|38\n|\n|t:|1707079256\n|move|p1a: Altaria|Roost|p1a: Altaria\n|-heal|p1a: Altaria|275/275\n|-singleturn|p1a: Altaria|move: Roost\n|move|p2a: Greedent|Body Slam|p1a: Altaria\n|-damage|p1a: Altaria|188/275\n|\n|upkeep\n|turn|39\n|\n|t:|1707079263\n|move|p1a: Altaria|Brave Bird|p2a: Greedent\n|-damage|p2a: Greedent|255/351\n|-damage|p1a: Altaria|156/275|[from] Recoil\n|move|p2a: Greedent|Body Slam|p1a: Altaria\n|-damage|p1a: Altaria|62/275\n|\n|upkeep\n|turn|40\n|\n|t:|1707079267\n|move|p1a: Altaria|Roost|p1a: Altaria\n|-heal|p1a: Altaria|200/275\n|-singleturn|p1a: Altaria|move: Roost\n|move|p2a: Greedent|Swords Dance|p2a: Greedent\n|-boost|p2a: Greedent|atk|2\n|\n|upkeep\n|turn|41\n|\n|t:|1707079270\n|move|p1a: Altaria|Haze|p1a: Altaria\n|-clearallboost\n|move|p2a: Greedent|Body Slam|p1a: Altaria\n|-damage|p1a: Altaria|118/275\n|-status|p1a: Altaria|par\n|\n|upkeep\n|turn|42\n|\n|t:|1707079279\n|-curestatus|p1a: Altaria|par|[from] ability: Natural Cure\n|switch|p1a: Jumpluff|Jumpluff, L87, F|19/271\n|move|p2a: Greedent|Body Slam|p1a: Jumpluff\n|-damage|p1a: Jumpluff|0 fnt\n|faint|p1a: Jumpluff\n|\n|upkeep\n|\n|t:|1707079285\n|switch|p1a: Hariyama|Hariyama, L87, M|100/392\n|turn|43\n|\n|t:|1707079304\n|switch|p2a: Volcanion|Volcanion, L79|178/256\n|move|p1a: Hariyama|Close Combat|p2a: Volcanion\n|-damage|p2a: Volcanion|42/256\n|-unboost|p1a: Hariyama|def|1\n|-unboost|p1a: Hariyama|spd|1\n|\n|upkeep\n|turn|44\n|\n|t:|1707079322\n|switch|p2a: Basculin|Basculin, L86, F, tera:Water|64/261\n|switch|p1a: Altaria|Altaria, L88, M|118/275\n|\n|upkeep\n|turn|45\n|\n|t:|1707079329\n|move|p2a: Basculin|Wave Crash|p1a: Altaria\n|-resisted|p1a: Altaria\n|-crit|p1a: Altaria\n|-damage|p1a: Altaria|0 fnt\n|faint|p1a: Altaria\n|-damage|p2a: Basculin|25/261|[from] Recoil\n|\n|upkeep\n|\n|t:|1707079337\n|switch|p1a: Hariyama|Hariyama, L87, M|100/392\n|turn|46\n|\n|t:|1707079341\n|move|p2a: Basculin|Wave Crash|p1a: Hariyama\n|-damage|p1a: Hariyama|0 fnt\n|faint|p1a: Hariyama\n|-damage|p2a: Basculin|0 fnt|[from] Recoil\n|faint|p2a: Basculin\n|\n|upkeep\n|\n|t:|1707079347\n|switch|p2a: Volcanion|Volcanion, L79|42/256\n|switch|p1a: Iron Treads|Iron Treads, L77|265/265\n|turn|47\n|\n|t:|1707079354\n|move|p1a: Iron Treads|Earthquake|p2a: Volcanion\n|-supereffective|p2a: Volcanion\n|-damage|p2a: Volcanion|0 fnt\n|faint|p2a: Volcanion\n|\n|upkeep\n|\n|t:|1707079357\n|switch|p2a: Greedent|Greedent, L87, M|255/351\n|turn|48\n|\n|t:|1707079363\n|-terastallize|p1a: Iron Treads|Ground\n|move|p1a: Iron Treads|Earthquake|p2a: Greedent\n|-damage|p2a: Greedent|127/351\n|move|p2a: Greedent|Swords Dance|p2a: Greedent\n|-boost|p2a: Greedent|atk|2\n|\n|upkeep\n|turn|49\n|l| Shaky3\n|\n|t:|1707079370\n|move|p1a: Iron Treads|Earthquake|p2a: Greedent\n|-damage|p2a: Greedent|15/351\n|move|p2a: Greedent|Body Slam|p1a: Iron Treads\n|-damage|p1a: Iron Treads|105/265\n|-status|p1a: Iron Treads|par\n|\n|upkeep\n|turn|50\n|\n|t:|1707079378\n|move|p1a: Iron Treads|Earthquake|p2a: Greedent\n|-damage|p2a: Greedent|0 fnt\n|faint|p2a: Greedent\n|\n|win|Wakandius_PMSD\n|raw|Wakandius_PMSD's rating: 2200 &rarr; <strong>2230</strong><br />(+30 for winning)\n|raw|kandkad's rating: 2390 &rarr; <strong>2360</strong><br />(-30 for losing)\n|l|\u203dkandkad\n|player|p2|\n", "inputlog": ">version c3361b0219007f8fd6f732fdd85361722010e2fc\n>start {\"formatid\":\"gen9randombattle\",\"seed\":[65019,40645,51601,1525],\"rated\":\"Rated battle\"}\n>player p1 {\"name\":\"Wakandius_PMSD\",\"avatar\":\"266\",\"rating\":2200,\"seed\":[2890,58306,28897,5010]}\n>player p2 {\"name\":\"kandkad\",\"avatar\":\"clemont\",\"rating\":2390,\"seed\":[5298,49374,5498,32622]}\n>p1 move nastyplot\n>p2 move shedtail\n>p2 switch 6\n>p1 move thunderbolt\n>p2 move wavecrash\n>p1 switch 2\n>p2 move wavecrash\n>p1 move roost\n>p2 switch 4\n>p1 switch 3\n>p2 move agility\n>p1 switch 4\n>p2 switch 2\n>p1 switch 6\n>p2 move flamethrower\n>p1 move closecombat\n>p2 switch 2\n>p1 switch 4\n>p2 move knockoff\n>p1 move armorcannon\n>p2 move knockoff\n>p2 switch 2\n>p1 move psyshock\n>p2 move steameruption\n>p1 switch 2\n>p1 move thunderbolt\n>p2 switch 6\n>p1 move psyshock\n>p2 move focusblast\n>p1 switch 3\n>p1 move bravebird\n>p2 move rockslide\n>p2 switch 4\n>p1 move roost\n>p2 move wavecrash terastallize\n>p1 switch 6\n>p2 move wavecrash\n>p1 move strengthsap\n>p2 switch 6\n>p1 switch 6\n>p2 move flamethrower\n>p1 move roost\n>p2 switch 3\n>p1 move bravebird\n>p2 move swordsdance\n>p1 move haze\n>p2 move bodyslam\n>p1 move roost\n>p2 move bodyslam\n>p1 move roost\n>p2 move bodyslam\n>p1 switch 4\n>p2 move bodyslam\n>p1 move closecombat\n>p2 switch 5\n>p1 switch 6\n>p2 move psyblade\n>p1 move substitute\n>p2 switch 3\n>p1 move strengthsap\n>p2 move flamethrower\n>p1 move substitute\n>p2 move flamethrower\n>p1 switch 4\n>p2 move flamethrower\n>p1 move roost\n>p2 switch 5\n>p1 switch 6\n>p2 move bodyslam\n>p1 move knockoff\n>p2 switch 3\n>p2 switch 6\n>p1 switch 4\n>p2 move flipturn\n>p2 switch 5\n>p1 move substitute\n>p2 move flamethrower\n>p1 switch 6\n>p2 switch 3\n>p1 move bravebird\n>p2 move bodyslam\n>p1 move roost\n>p2 move bodyslam\n>p1 move bravebird\n>p2 move bodyslam\n>p1 move roost\n>p2 move swordsdance\n>p1 move haze\n>p2 move bodyslam\n>p1 switch 6\n>p2 move bodyslam\n>p1 switch 4\n>p1 move closecombat\n>p2 switch 3\n>p1 switch 6\n>p2 switch 5\n>p1 move bravebird\n>p2 move wavecrash\n>p1 switch 6\n>p1 move closecombat\n>p2 move wavecrash\n>p1 switch 5\n>p2 switch 5\n>p1 move earthquake\n>p2 move steameruption\n>p2 switch 3\n>p1 move earthquake terastallize\n>p2 move swordsdance\n>p1 move earthquake\n>p2 move bodyslam\n>p1 move earthquake\n>p2 move bodyslam", "uploadtime": 1707079386, "views": 270, "formatid": "gen9randombattle", "rating": 2230, "private": 0, "password": null}