{"id": "gen9randombattle-2260323746", "format": "[Gen 9] Random Battle", "players": ["Gengey", "dxfhcgjhvkbj"], "log": "|j|\u2606Gengey\n|j|\u2606dxfhcgjhvkbj\n|t:|1733839913\n|gametype|singles\n|player|p1|Gengey|will|1027\n|player|p2|dxfhcgjhvkbj|169|1067\n|teamsize|p1|6\n|teamsize|p2|6\n|gen|9\n|tier|[Gen 9] Random Battle\n|rated|\n|rule|Species Clause: Limit one of each Pok\u00e9mon\n|rule|HP Percentage Mod: HP is shown in percentages\n|rule|Sleep Clause Mod: Limit one foe put to sleep\n|rule|Illusion Level Mod: Illusion disguises the Pok\u00e9mon's true level\n|\n|t:|1733839913\n|start\n|switch|p1a: Gurdurr|Gurdurr, L85, M|283/283\n|switch|p2a: Toxicroak|Toxicroak, L84, M|277/277\n|turn|1\n|\n|t:|1733839923\n|move|p1a: Gurdurr|Mach Punch|p2a: Toxicroak\n|-resisted|p2a: Toxicroak\n|-damage|p2a: Toxicroak|247/277\n|move|p2a: Toxicroak|Swords Dance|p2a: Toxicroak\n|-boost|p2a: Toxicroak|atk|2\n|\n|upkeep\n|turn|2\n|inactive|Battle timer is ON: inactive players will automatically lose when time's up. (requested by dxfhcgjhvkbj)\n|\n|t:|1733839932\n|move|p2a: Toxicroak|Swords Dance|p2a: Toxicroak\n|-boost|p2a: Toxicroak|atk|2\n|move|p1a: Gurdurr|Bulk Up|p1a: Gurdurr\n|-boost|p1a: Gurdurr|atk|1\n|-boost|p1a: Gurdurr|def|1\n|\n|upkeep\n|turn|3\n|\n|t:|1733839941\n|move|p2a: Toxicroak|Swords Dance|p2a: Toxicroak\n|-boost|p2a: Toxicroak|atk|2\n|move|p1a: Gurdurr|Knock Off|p2a: Toxicroak\n|-resisted|p2a: Toxicroak\n|-damage|p2a: Toxicroak|180/277\n|-enditem|p2a: Toxicroak|Life Orb|[from] move: Knock Off|[of] p1a: Gurdurr\n|\n|upkeep\n|turn|4\n|\n|t:|1733839948\n|move|p2a: Toxicroak|Gunk Shot|p1a: Gurdurr\n|-damage|p1a: Gurdurr|24/283\n|-status|p1a: Gurdurr|psn\n|move|p1a: Gurdurr|Bulk Up|p1a: Gurdurr\n|-boost|p1a: Gurdurr|atk|1\n|-boost|p1a: Gurdurr|def|1\n|\n|-damage|p1a: Gurdurr|0 fnt|[from] psn\n|faint|p1a: Gurdurr\n|upkeep\n|\n|t:|1733839960\n|switch|p1a: Azelf|Azelf, L82|257/257\n|turn|5\n|\n|t:|1733839975\n|move|p2a: Toxicroak|Sucker Punch|p1a: Azelf\n|-supereffective|p1a: Azelf\n|-damage|p1a: Azelf|0 fnt\n|faint|p1a: Azelf\n|\n|upkeep\n|\n|t:|1733839979\n|switch|p1a: Giratina|Giratina, L75|349/349\n|-ability|p1a: Giratina|Pressure\n|turn|6\n|\n|t:|1733839988\n|switch|p2a: Wo-Chien|Wo-Chien, L83|277/277\n|-ability|p2a: Wo-Chien|Tablets of Ruin\n|move|p1a: Giratina|Calm Mind|p1a: Giratina\n|-boost|p1a: Giratina|spa|1\n|-boost|p1a: Giratina|spd|1\n|\n|upkeep\n|turn|7\n|\n|t:|1733839996\n|-terastallize|p1a: Giratina|Fairy\n|move|p1a: Giratina|Calm Mind|p1a: Giratina\n|-boost|p1a: Giratina|spa|1\n|-boost|p1a: Giratina|spd|1\n|move|p2a: Wo-Chien|Knock Off|p1a: Giratina\n|-resisted|p1a: Giratina\n|-crit|p1a: Giratina\n|-damage|p1a: Giratina|289/349\n|-enditem|p1a: Giratina|Leftovers|[from] move: Knock Off|[of] p2a: Wo-Chien\n|\n|upkeep\n|turn|8\n|\n|t:|1733840005\n|move|p1a: Giratina|Calm Mind|p1a: Giratina\n|-boost|p1a: Giratina|spa|1\n|-boost|p1a: Giratina|spd|1\n|move|p2a: Wo-Chien|Leech Seed|p1a: Giratina\n|-start|p1a: Giratina|move: Leech Seed\n|\n|-damage|p1a: Giratina|246/349|[from] Leech Seed|[of] p2a: Wo-Chien\n|upkeep\n|turn|9\n|\n|t:|1733840011\n|switch|p2a: Toxicroak|Toxicroak, L84, M|180/277\n|move|p1a: Giratina|Calm Mind|p1a: Giratina\n|-boost|p1a: Giratina|spa|1\n|-boost|p1a: Giratina|spd|1\n|\n|-damage|p1a: Giratina|203/349|[from] Leech Seed|[of] p2a: Toxicroak\n|-heal|p2a: Toxicroak|223/277|[silent]\n|upkeep\n|turn|10\n|\n|t:|1733840024\n|move|p2a: Toxicroak|Gunk Shot|p1a: Giratina\n|-supereffective|p1a: Giratina\n|-crit|p1a: Giratina\n|-damage|p1a: Giratina|0 fnt\n|faint|p1a: Giratina\n|\n|upkeep\n|-message|Gengey forfeited.\n|\n|win|dxfhcgjhvkbj\n|raw|Gengey's rating: 1027 &rarr; <strong>1015</strong><br />(-12 for losing)\n|raw|dxfhcgjhvkbj's rating: 1067 &rarr; <strong>1094</strong><br />(+27 for winning)\n|l|\u2606Gengey\n|player|p1|\n", "inputlog": ">version bfd83cad13791eb5a5a409923076391caf6fb4d4\n>start {\"formatid\":\"gen9randombattle\",\"seed\":[27104,64213,51765,38945],\"rated\":\"Rated battle\"}\n>player p1 {\"name\":\"Gengey\",\"avatar\":\"will\",\"rating\":1027,\"seed\":[51804,59371,52045,18645]}\n>player p2 {\"name\":\"dxfhcgjhvkbj\",\"avatar\":\"169\",\"rating\":1067,\"seed\":[53565,1951,13237,4489]}\n>p1 move machpunch\n>p2 move swordsdance\n>p1 move bulkup\n>p2 move swordsdance\n>p1 move knockoff\n>p2 move swordsdance\n>p1 move bulkup\n>p2 move gunkshot\n>p1 switch 4\n>p1 move psychic\n>p2 move suckerpunch\n>p1 switch 2\n>p1 move calmmind\n>p2 switch 5\n>p1 move calmmind terastallize\n>p2 move knockoff\n>p1 move calmmind\n>p2 move leechseed\n>p1 move calmmind\n>p2 switch 5\n>p1 move dragonpulse\n>p2 move gunkshot\n>forcelose p1", "uploadtime": 1733840092, "views": 1, "formatid": "gen9randombattle", "rating": 1015, "private": 0, "password": null}