{"id": "gen9randombattle-2259892318", "format": "[Gen 9] Random Battle", "players": ["benji9292", "TheTrumpRegime"], "log": "|j|\u2606benji9292\n|j|\u2606TheTrumpRegime\n|t:|1733777118\n|gametype|singles\n|player|p1|benji9292|101|2127\n|player|p2|TheTrumpRegime|red-gen1|2057\n|teamsize|p1|6\n|teamsize|p2|6\n|gen|9\n|tier|[Gen 9] Random Battle\n|rated|\n|rule|Species Clause: Limit one of each Pok\u00e9mon\n|rule|HP Percentage Mod: HP is shown in percentages\n|rule|Sleep Clause Mod: Limit one foe put to sleep\n|rule|Illusion Level Mod: Illusion disguises the Pok\u00e9mon's true level\n|\n|t:|1733777118\n|start\n|switch|p1a: Archaludon|Archaludon, L78, M|268/268\n|switch|p2a: Froslass|Froslass, L87, F|263/263\n|turn|1\n|inactive|Battle timer is ON: inactive players will automatically lose when time's up. (requested by benji9292)\n|\n|t:|1733777141\n|move|p2a: Froslass|Will-O-Wisp|p1a: Archaludon\n|-status|p1a: Archaludon|brn\n|move|p1a: Archaludon|Thunder Wave|p2a: Froslass|[miss]\n|-miss|p1a: Archaludon|p2a: Froslass\n|\n|-damage|p1a: Archaludon|252/268 brn|[from] brn\n|upkeep\n|turn|2\n|\n|t:|1733777148\n|switch|p2a: Iron Hands|Iron Hands, L79|373/373\n|move|p1a: Archaludon|Draco Meteor|p2a: Iron Hands\n|-damage|p2a: Iron Hands|253/373\n|-unboost|p1a: Archaludon|spa|2\n|\n|-heal|p1a: Archaludon|268/268 brn|[from] item: Leftovers\n|-damage|p1a: Archaludon|252/268 brn|[from] brn\n|upkeep\n|turn|3\n|\n|t:|1733777157\n|switch|p1a: Glimmora|Glimmora, L75, M|248/248\n|-item|p1a: Glimmora|Air Balloon\n|move|p2a: Iron Hands|Volt Switch|p1a: Glimmora\n|-damage|p1a: Glimmora|200/248\n|-enditem|p1a: Glimmora|Air Balloon\n|\n|t:|1733777162\n|-end|p2a: Iron Hands|Quark Drive|[silent]\n|switch|p2a: Heatran|Heatran, L79, M|273/273|[from] Volt Switch\n|-item|p2a: Heatran|Air Balloon\n|\n|upkeep\n|turn|4\n|\n|t:|1733777170\n|switch|p1a: Arceus|Arceus-Ground, L70|284/284\n|move|p2a: Heatran|Flash Cannon|p1a: Arceus\n|-damage|p1a: Arceus|188/284\n|\n|upkeep\n|turn|5\n|\n|t:|1733777184\n|switch|p1a: Glimmora|Glimmora, L75, M|200/248\n|switch|p2a: Mienshao|Mienshao, L83, F|244/244\n|\n|upkeep\n|turn|6\n|\n|t:|1733777189\n|switch|p2a: Heatran|Heatran, L79, M|273/273\n|-item|p2a: Heatran|Air Balloon\n|move|p1a: Glimmora|Stealth Rock|p2a: Heatran\n|-sidestart|p2: TheTrumpRegime|move: Stealth Rock\n|\n|upkeep\n|turn|7\n|\n|t:|1733777200\n|switch|p1a: Arceus|Arceus-Ground, L70|188/284\n|move|p2a: Heatran|Stealth Rock|p1a: Arceus\n|-sidestart|p1: benji9292|move: Stealth Rock\n|\n|upkeep\n|turn|8\n|\n|t:|1733777213\n|switch|p1a: Glimmora|Glimmora, L75, M|200/248\n|-damage|p1a: Glimmora|169/248|[from] Stealth Rock\n|switch|p2a: Mesprit|Mesprit, L85|275/275\n|-damage|p2a: Mesprit|241/275|[from] Stealth Rock\n|\n|upkeep\n|turn|9\n|\n|t:|1733777221\n|switch|p1a: Archaludon|Archaludon, L78, M|252/268 brn\n|-damage|p1a: Archaludon|236/268 brn|[from] Stealth Rock\n|move|p2a: Mesprit|Psychic Noise|p1a: Archaludon\n|-resisted|p1a: Archaludon\n|-damage|p1a: Archaludon|182/268 brn\n|-start|p1a: Archaludon|move: Heal Block\n|-ability|p1a: Archaludon|Stamina|boost\n|-boost|p1a: Archaludon|def|1\n|\n|-damage|p1a: Archaludon|166/268 brn|[from] brn\n|upkeep\n|turn|10\n|\n|t:|1733777227\n|switch|p2a: Iron Hands|Iron Hands, L79|253/373\n|-damage|p2a: Iron Hands|230/373|[from] Stealth Rock\n|move|p1a: Archaludon|Draco Meteor|p2a: Iron Hands|[miss]\n|-miss|p1a: Archaludon|p2a: Iron Hands\n|\n|-damage|p1a: Archaludon|150/268 brn|[from] brn\n|-end|p1a: Archaludon|move: Heal Block\n|upkeep\n|turn|11\n|\n|t:|1733777235\n|-end|p2a: Iron Hands|Quark Drive|[silent]\n|switch|p2a: Mesprit|Mesprit, L85|241/275\n|-damage|p2a: Mesprit|207/275|[from] Stealth Rock\n|move|p1a: Archaludon|Draco Meteor|p2a: Mesprit\n|-damage|p2a: Mesprit|116/275\n|-unboost|p1a: Archaludon|spa|2\n|\n|-heal|p1a: Archaludon|166/268 brn|[from] item: Leftovers\n|-damage|p1a: Archaludon|150/268 brn|[from] brn\n|upkeep\n|turn|12\n|\n|t:|1733777242\n|switch|p2a: Iron Hands|Iron Hands, L79|230/373\n|-damage|p2a: Iron Hands|207/373|[from] Stealth Rock\n|move|p1a: Archaludon|Thunder Wave|p2a: Iron Hands\n|-immune|p2a: Iron Hands\n|\n|-heal|p1a: Archaludon|166/268 brn|[from] item: Leftovers\n|-damage|p1a: Archaludon|150/268 brn|[from] brn\n|upkeep\n|turn|13\n|\n|t:|1733777246\n|switch|p1a: Glimmora|Glimmora, L75, M|169/248\n|-damage|p1a: Glimmora|138/248|[from] Stealth Rock\n|-end|p2a: Iron Hands|Quark Drive|[silent]\n|switch|p2a: Mesprit|Mesprit, L85|116/275\n|-damage|p2a: Mesprit|82/275|[from] Stealth Rock\n|\n|upkeep\n|turn|14\n|\n|t:|1733777252\n|switch|p1a: Toedscruel|Toedscruel, L87, F|281/281\n|-damage|p1a: Toedscruel|264/281|[from] Stealth Rock\n|move|p2a: Mesprit|Psychic Noise|p1a: Toedscruel\n|-damage|p1a: Toedscruel|195/281\n|-start|p1a: Toedscruel|move: Heal Block\n|\n|upkeep\n|turn|15\n|\n|t:|1733777261\n|move|p1a: Toedscruel|Rapid Spin|p2a: Mesprit\n|-damage|p2a: Mesprit|55/275\n|-boost|p1a: Toedscruel|spe|1\n|-sideend|p1: benji9292|Stealth Rock|[from] move: Rapid Spin|[of] p1a: Toedscruel\n|move|p2a: Mesprit|Ice Beam|p1a: Toedscruel\n|-supereffective|p1a: Toedscruel\n|-damage|p1a: Toedscruel|0 fnt\n|faint|p1a: Toedscruel\n|\n|upkeep\n|\n|t:|1733777274\n|switch|p1a: Delphox|Delphox, L84, F|263/263\n|turn|16\n|\n|t:|1733777285\n|move|p1a: Delphox|Fire Blast|p2a: Mesprit\n|-damage|p2a: Mesprit|0 fnt\n|faint|p2a: Mesprit\n|\n|upkeep\n|\n|t:|1733777296\n|switch|p2a: Heatran|Heatran, L79, M|273/273\n|-damage|p2a: Heatran|239/273|[from] Stealth Rock\n|-item|p2a: Heatran|Air Balloon\n|turn|17\n|\n|t:|1733777304\n|switch|p1a: Arceus|Arceus-Ground, L70|188/284\n|move|p2a: Heatran|Stealth Rock|p1a: Arceus\n|-sidestart|p1: benji9292|move: Stealth Rock\n|\n|upkeep\n|turn|18\n|inactive|TheTrumpRegime has 120 seconds left.\n|\n|t:|1733777342\n|switch|p1a: Delphox|Delphox, L84, F|263/263\n|-damage|p1a: Delphox|198/263|[from] Stealth Rock\n|move|p2a: Heatran|Lava Plume|p1a: Delphox\n|-resisted|p1a: Delphox\n|-damage|p1a: Delphox|153/263\n|\n|upkeep\n|turn|19\n|\n|t:|1733777353\n|move|p1a: Delphox|Fire Blast|p2a: Heatran\n|-start|p2a: Heatran|ability: Flash Fire\n|move|p2a: Heatran|Earth Power|p1a: Delphox\n|-supereffective|p1a: Delphox\n|-damage|p1a: Delphox|21/263\n|\n|upkeep\n|turn|20\n|\n|t:|1733777357\n|move|p1a: Delphox|Fire Blast|p2a: Heatran\n|-immune|p2a: Heatran|[from] ability: Flash Fire\n|move|p2a: Heatran|Lava Plume|p1a: Delphox\n|-resisted|p1a: Delphox\n|-damage|p1a: Delphox|0 fnt\n|faint|p1a: Delphox\n|\n|upkeep\n|\n|t:|1733777364\n|switch|p1a: Archaludon|Archaludon, L78, M|150/268 brn\n|-damage|p1a: Archaludon|134/268 brn|[from] Stealth Rock\n|turn|21\n|\n|t:|1733777371\n|-end|p2a: Heatran|ability: Flash Fire|[silent]\n|switch|p2a: Iron Hands|Iron Hands, L79|207/373\n|-damage|p2a: Iron Hands|184/373|[from] Stealth Rock\n|move|p1a: Archaludon|Body Press|p2a: Iron Hands\n|-damage|p2a: Iron Hands|155/373\n|\n|-heal|p1a: Archaludon|150/268 brn|[from] item: Leftovers\n|-damage|p1a: Archaludon|134/268 brn|[from] brn\n|upkeep\n|turn|22\n|\n|t:|1733777376\n|switch|p1a: Glimmora|Glimmora, L75, M|138/248\n|-damage|p1a: Glimmora|107/248|[from] Stealth Rock\n|move|p2a: Iron Hands|Drain Punch|p1a: Glimmora\n|-damage|p1a: Glimmora|2/248\n|-heal|p2a: Iron Hands|208/373|[from] drain|[of] p1a: Glimmora\n|-activate|p1a: Glimmora|ability: Toxic Debris\n|-sidestart|p2: TheTrumpRegime|move: Toxic Spikes\n|\n|upkeep\n|turn|23\n|\n|t:|1733777390\n|move|p1a: Glimmora|Spikes|p2a: Iron Hands\n|-sidestart|p2: TheTrumpRegime|Spikes\n|move|p2a: Iron Hands|Volt Switch|p1a: Glimmora\n|-damage|p1a: Glimmora|0 fnt\n|faint|p1a: Glimmora\n|\n|t:|1733777394\n|-end|p2a: Iron Hands|Quark Drive|[silent]\n|switch|p2a: Mienshao|Mienshao, L83, F|244/244|[from] Volt Switch\n|-damage|p2a: Mienshao|229/244|[from] Stealth Rock\n|-status|p2a: Mienshao|psn\n|-damage|p2a: Mienshao|199/244 psn|[from] Spikes\n|\n|-damage|p2a: Mienshao|169/244 psn|[from] psn\n|upkeep\n|\n|t:|1733777402\n|switch|p1a: Venusaur|Venusaur, L84, M|272/272\n|-damage|p1a: Venusaur|238/272|[from] Stealth Rock\n|turn|24\n|\n|t:|1733777412\n|switch|p2a: Froslass|Froslass, L87, F|263/263\n|-damage|p2a: Froslass|198/263|[from] Stealth Rock\n|-status|p2a: Froslass|psn\n|-damage|p2a: Froslass|166/263 psn|[from] Spikes\n|move|p1a: Venusaur|Substitute|p1a: Venusaur\n|-start|p1a: Venusaur|Substitute\n|-damage|p1a: Venusaur|170/272\n|\n|-heal|p1a: Venusaur|187/272|[from] item: Leftovers\n|-damage|p2a: Froslass|134/263 psn|[from] psn\n|upkeep\n|turn|25\n|\n|t:|1733777435\n|switch|p1a: Archaludon|Archaludon, L78, M|134/268 brn\n|-damage|p1a: Archaludon|118/268 brn|[from] Stealth Rock\n|move|p2a: Froslass|Triple Axel|p1a: Archaludon\n|-damage|p1a: Archaludon|102/268 brn\n|-ability|p1a: Archaludon|Stamina|boost\n|-boost|p1a: Archaludon|def|1\n|-damage|p1a: Archaludon|80/268 brn\n|-ability|p1a: Archaludon|Stamina|boost\n|-boost|p1a: Archaludon|def|1\n|-damage|p1a: Archaludon|56/268 brn\n|-ability|p1a: Archaludon|Stamina|boost\n|-boost|p1a: Archaludon|def|1\n|-hitcount|p1a: Archaludon|3\n|\n|-heal|p1a: Archaludon|72/268 brn|[from] item: Leftovers\n|-damage|p2a: Froslass|102/263 psn|[from] psn\n|-damage|p1a: Archaludon|56/268 brn|[from] brn\n|upkeep\n|turn|26\n|\n|t:|1733777450\n|move|p2a: Froslass|Poltergeist|p1a: Archaludon\n|-activate|p1a: Archaludon|move: Poltergeist|Leftovers\n|-damage|p1a: Archaludon|23/268 brn\n|-ability|p1a: Archaludon|Stamina|boost\n|-boost|p1a: Archaludon|def|1\n|move|p1a: Archaludon|Flash Cannon|p2a: Froslass\n|-supereffective|p2a: Froslass\n|-damage|p2a: Froslass|0 fnt\n|faint|p2a: Froslass\n|\n|-heal|p1a: Archaludon|39/268 brn|[from] item: Leftovers\n|-damage|p1a: Archaludon|23/268 brn|[from] brn\n|upkeep\n|\n|t:|1733777461\n|switch|p2a: Mienshao|Mienshao, L83, F|244/244 psn\n|-damage|p2a: Mienshao|229/244 psn|[from] Stealth Rock\n|-damage|p2a: Mienshao|199/244 psn|[from] Spikes\n|turn|27\n|\n|t:|1733777470\n|move|p2a: Mienshao|Close Combat|p1a: Archaludon\n|-supereffective|p1a: Archaludon\n|-damage|p1a: Archaludon|0 fnt\n|-unboost|p2a: Mienshao|def|1\n|-unboost|p2a: Mienshao|spd|1\n|faint|p1a: Archaludon\n|-damage|p2a: Mienshao|175/244 psn|[from] item: Life Orb\n|\n|-damage|p2a: Mienshao|145/244 psn|[from] psn\n|upkeep\n|\n|t:|1733777476\n|switch|p1a: Venusaur|Venusaur, L84, M|187/272\n|-damage|p1a: Venusaur|153/272|[from] Stealth Rock\n|turn|28\n|\n|t:|1733777484\n|move|p2a: Mienshao|Knock Off|p1a: Venusaur\n|-damage|p1a: Venusaur|49/272\n|-enditem|p1a: Venusaur|Leftovers|[from] move: Knock Off|[of] p2a: Mienshao\n|-damage|p2a: Mienshao|121/244 psn|[from] item: Life Orb\n|move|p1a: Venusaur|Sludge Bomb|p2a: Mienshao\n|-damage|p2a: Mienshao|0 fnt\n|faint|p2a: Mienshao\n|\n|upkeep\n|\n|t:|1733777488\n|switch|p2a: Iron Hands|Iron Hands, L79|208/373\n|-damage|p2a: Iron Hands|185/373|[from] Stealth Rock\n|-status|p2a: Iron Hands|psn\n|-damage|p2a: Iron Hands|139/373 psn|[from] Spikes\n|turn|29\n|\n|t:|1733777497\n|switch|p1a: Arceus|Arceus-Ground, L70|188/284\n|-damage|p1a: Arceus|171/284|[from] Stealth Rock\n|move|p2a: Iron Hands|Drain Punch|p1a: Arceus\n|-damage|p1a: Arceus|75/284\n|-heal|p2a: Iron Hands|187/373 psn|[from] drain|[of] p1a: Arceus\n|\n|-damage|p2a: Iron Hands|141/373 psn|[from] psn\n|upkeep\n|turn|30\n|\n|t:|1733777518\n|move|p1a: Arceus|Recover|p1a: Arceus\n|-heal|p1a: Arceus|217/284\n|move|p2a: Iron Hands|Drain Punch|p1a: Arceus\n|-damage|p1a: Arceus|124/284\n|-heal|p2a: Iron Hands|188/373 psn|[from] drain|[of] p1a: Arceus\n|\n|-damage|p2a: Iron Hands|142/373 psn|[from] psn\n|upkeep\n|turn|31\n|\n|t:|1733777532\n|-terastallize|p2a: Iron Hands|Fighting\n|move|p1a: Arceus|Recover|p1a: Arceus\n|-heal|p1a: Arceus|266/284\n|move|p2a: Iron Hands|Drain Punch|p1a: Arceus\n|-damage|p1a: Arceus|142/284\n|-heal|p2a: Iron Hands|204/373 psn|[from] drain|[of] p1a: Arceus\n|\n|-damage|p2a: Iron Hands|158/373 psn|[from] psn\n|upkeep\n|turn|32\n|\n|t:|1733777545\n|move|p1a: Arceus|Calm Mind|p1a: Arceus\n|-boost|p1a: Arceus|spa|1\n|-boost|p1a: Arceus|spd|1\n|move|p2a: Iron Hands|Drain Punch|p1a: Arceus\n|-damage|p1a: Arceus|30/284\n|-heal|p2a: Iron Hands|214/373 psn|[from] drain|[of] p1a: Arceus\n|\n|-damage|p2a: Iron Hands|168/373 psn|[from] psn\n|upkeep\n|turn|33\n|\n|t:|1733777552\n|move|p1a: Arceus|Recover|p1a: Arceus\n|-heal|p1a: Arceus|172/284\n|move|p2a: Iron Hands|Drain Punch|p1a: Arceus\n|-damage|p1a: Arceus|50/284\n|-heal|p2a: Iron Hands|229/373 psn|[from] drain|[of] p1a: Arceus\n|\n|-damage|p2a: Iron Hands|183/373 psn|[from] psn\n|upkeep\n|turn|34\n|\n|t:|1733777555\n|move|p1a: Arceus|Recover|p1a: Arceus\n|-heal|p1a: Arceus|192/284\n|move|p2a: Iron Hands|Drain Punch|p1a: Arceus\n|-damage|p1a: Arceus|74/284\n|-heal|p2a: Iron Hands|242/373 psn|[from] drain|[of] p1a: Arceus\n|\n|-damage|p2a: Iron Hands|196/373 psn|[from] psn\n|upkeep\n|turn|35\n|\n|t:|1733777559\n|move|p1a: Arceus|Recover|p1a: Arceus\n|-heal|p1a: Arceus|216/284\n|move|p2a: Iron Hands|Drain Punch|p1a: Arceus\n|-damage|p1a: Arceus|86/284\n|-heal|p2a: Iron Hands|261/373 psn|[from] drain|[of] p1a: Arceus\n|\n|-damage|p2a: Iron Hands|215/373 psn|[from] psn\n|upkeep\n|turn|36\n|\n|t:|1733777562\n|move|p1a: Arceus|Recover|p1a: Arceus\n|-heal|p1a: Arceus|228/284\n|move|p2a: Iron Hands|Drain Punch|p1a: Arceus\n|-crit|p1a: Arceus\n|-damage|p1a: Arceus|38/284\n|-heal|p2a: Iron Hands|310/373 psn|[from] drain|[of] p1a: Arceus\n|\n|-damage|p2a: Iron Hands|264/373 psn|[from] psn\n|upkeep\n|turn|37\n|\n|t:|1733777566\n|move|p1a: Arceus|Recover|p1a: Arceus\n|-heal|p1a: Arceus|180/284\n|move|p2a: Iron Hands|Drain Punch|p1a: Arceus\n|-damage|p1a: Arceus|62/284\n|-heal|p2a: Iron Hands|323/373 psn|[from] drain|[of] p1a: Arceus\n|\n|-damage|p2a: Iron Hands|277/373 psn|[from] psn\n|upkeep\n|turn|38\n|\n|t:|1733777570\n|move|p1a: Arceus|Recover|p1a: Arceus\n|-heal|p1a: Arceus|204/284\n|move|p2a: Iron Hands|Drain Punch|p1a: Arceus\n|-damage|p1a: Arceus|94/284\n|-heal|p2a: Iron Hands|332/373 psn|[from] drain|[of] p1a: Arceus\n|\n|-damage|p2a: Iron Hands|286/373 psn|[from] psn\n|upkeep\n|turn|39\n|\n|t:|1733777574\n|-terastallize|p1a: Arceus|Ground\n|move|p1a: Arceus|Judgment|p2a: Iron Hands\n|-damage|p2a: Iron Hands|106/373 psn\n|move|p2a: Iron Hands|Drain Punch|p1a: Arceus\n|-damage|p1a: Arceus|0 fnt\n|-heal|p2a: Iron Hands|153/373 psn|[from] drain|[of] p1a: Arceus\n|faint|p1a: Arceus\n|\n|-damage|p2a: Iron Hands|107/373 psn|[from] psn\n|upkeep\n|\n|t:|1733777577\n|switch|p1a: Venusaur|Venusaur, L84, M|49/272\n|-damage|p1a: Venusaur|15/272|[from] Stealth Rock\n|turn|40\n|\n|t:|1733777580\n|move|p1a: Venusaur|Sludge Bomb|p2a: Iron Hands\n|-damage|p2a: Iron Hands|22/373 psn\n|move|p2a: Iron Hands|Drain Punch|p1a: Venusaur\n|-resisted|p1a: Venusaur\n|-damage|p1a: Venusaur|0 fnt\n|-heal|p2a: Iron Hands|30/373 psn|[from] drain|[of] p1a: Venusaur\n|faint|p1a: Venusaur\n|\n|win|TheTrumpRegime\n|raw|benji9292's rating: 2127 &rarr; <strong>2104</strong><br />(-23 for losing)\n|raw|TheTrumpRegime's rating: 2079 &rarr; <strong>2102</strong><br />(+23 for winning)\n", "inputlog": ">version bfd83cad13791eb5a5a409923076391caf6fb4d4\n>start {\"formatid\":\"gen9randombattle\",\"seed\":[35961,4951,7494,41343],\"rated\":\"Rated battle\"}\n>player p1 {\"name\":\"benji9292\",\"avatar\":\"101\",\"rating\":2127,\"seed\":[65225,3953,24959,16350]}\n>player p2 {\"name\":\"TheTrumpRegime\",\"avatar\":\"red-gen1\",\"rating\":2057,\"seed\":[44035,11149,21671,48718]}\n>p1 move thunderwave\n>p2 move willowisp\n>p1 move dracometeor\n>p2 switch 6\n>p1 switch 4\n>p2 move voltswitch\n>p2 switch 4\n>p1 switch 5\n>p2 move flashcannon\n>p1 switch 5\n>p2 switch 3\n>p1 move stealthrock\n>p2 switch 3\n>p1 switch 5\n>p2 move stealthrock\n>p1 switch 5\n>p2 switch 2\n>p1 switch 4\n>p2 move psychicnoise\n>p1 move dracometeor\n>p2 switch 4\n>p1 move dracometeor\n>p2 switch 4\n>p1 move thunderwave\n>p2 switch 4\n>p1 switch 4\n>p2 switch 4\n>p1 switch 2\n>p2 move psychicnoise\n>p1 move rapidspin\n>p2 move icebeam\n>p1 switch 3\n>p1 move fireblast\n>p2 move knockoff\n>p2 switch 2\n>p1 switch 5\n>p2 move stealthrock\n>p1 switch 5\n>p2 move lavaplume\n>p1 move fireblast\n>p2 move earthpower\n>p1 move fireblast\n>p2 move lavaplume\n>p1 switch 4\n>p1 move bodypress\n>p2 switch 4\n>p1 switch 2\n>p2 move drainpunch\n>p1 move spikes\n>p2 move voltswitch\n>p2 switch 3\n>p1 switch 6\n>p1 move substitute\n>p2 switch 6\n>p1 switch 2\n>p2 move tripleaxel\n>p1 move flashcannon\n>p2 move poltergeist\n>p2 switch 6\n>p1 move bodypress\n>p2 move closecombat\n>p1 switch 2\n>p1 move sludgebomb\n>p2 move knockoff\n>p2 switch 3\n>p1 switch 5\n>p2 move drainpunch\n>p1 move recover\n>p2 move drainpunch\n>p1 move recover\n>p2 move drainpunch terastallize\n>p1 move calmmind\n>p2 move drainpunch\n>p1 move recover\n>p2 move drainpunch\n>p1 move recover\n>p2 move drainpunch\n>p1 move recover\n>p2 move drainpunch\n>p1 move recover\n>p2 move drainpunch\n>p1 move recover\n>p2 move drainpunch\n>p1 move recover\n>p2 move drainpunch\n>p1 move judgment terastallize\n>p2 move drainpunch\n>p1 switch 5\n>p1 move sludgebomb\n>p2 move drainpunch", "uploadtime": 1733777583, "views": 1, "formatid": "gen9randombattle", "rating": 2102, "private": 0, "password": null}