{"id": "gen9randombattle-2260847745", "format": "[Gen 9] Random Battle", "players": ["Azalennnn", "waluiginumberwan"], "log": "|j|\u203dAzalennnn\n|j|\u2606waluiginumberwan\n|t:|1733903457\n|gametype|singles\n|player|p1|Azalennnn|170|1085\n|player|p2|waluiginumberwan|2|1063\n|teamsize|p1|6\n|teamsize|p2|6\n|gen|9\n|tier|[Gen 9] Random Battle\n|rated|\n|rule|Species Clause: Limit one of each Pok\u00e9mon\n|rule|HP Percentage Mod: HP is shown in percentages\n|rule|Sleep Clause Mod: Limit one foe put to sleep\n|rule|Illusion Level Mod: Illusion disguises the Pok\u00e9mon's true level\n|\n|t:|1733903457\n|start\n|switch|p1a: Volbeat|Volbeat, L90, M|263/263\n|switch|p2a: Cinderace|Cinderace, L77, F|249/249\n|turn|1\n|\n|t:|1733903482\n|switch|p1a: Pincurchin|Pincurchin, F|258/258\n|-fieldstart|move: Electric Terrain|[from] ability: Electric Surge|[of] p1a: Pincurchin\n|move|p2a: Cinderace|Pyro Ball|p1a: Pincurchin\n|-damage|p1a: Pincurchin|104/258\n|\n|-heal|p1a: Pincurchin|120/258|[from] item: Leftovers\n|upkeep\n|turn|2\n|inactive|Battle timer is ON: inactive players will automatically lose when time's up. (requested by Azalennnn)\n|\n|t:|1733903526\n|move|p2a: Cinderace|Pyro Ball|p1a: Pincurchin\n|-damage|p1a: Pincurchin|0 fnt\n|faint|p1a: Pincurchin\n|\n|upkeep\n|\n|t:|1733903534\n|switch|p1a: Meloetta|Meloetta, L82|298/298\n|turn|3\n|\n|t:|1733903551\n|switch|p2a: Greedent|Greedent, L86, M|347/347\n|move|p1a: Meloetta|Relic Song|p2a: Greedent\n|-damage|p2a: Greedent|218/347\n|-formechange|p1a: Meloetta|Meloetta-Pirouette|[msg]\n|-damage|p1a: Meloetta|269/298|[from] item: Life Orb\n|\n|upkeep\n|turn|4\n|\n|t:|1733903561\n|-terastallize|p2a: Greedent|Ghost\n|move|p1a: Meloetta|Close Combat|p2a: Greedent\n|-immune|p2a: Greedent\n|move|p2a: Greedent|Swords Dance|p2a: Greedent\n|-boost|p2a: Greedent|atk|2\n|\n|upkeep\n|turn|5\n|\n|t:|1733903568\n|move|p1a: Meloetta|Knock Off|p2a: Greedent\n|-supereffective|p2a: Greedent\n|-damage|p2a: Greedent|20/347\n|-enditem|p2a: Greedent|Sitrus Berry|[from] move: Knock Off|[of] p1a: Meloetta\n|-damage|p1a: Meloetta|240/298|[from] item: Life Orb\n|move|p2a: Greedent|Double-Edge|p1a: Meloetta\n|-damage|p1a: Meloetta|0 fnt\n|faint|p1a: Meloetta\n|-damage|p2a: Greedent|0 fnt|[from] Recoil\n|faint|p2a: Greedent\n|\n|-fieldend|move: Electric Terrain\n|upkeep\n|\n|t:|1733903584\n|switch|p1a: Orthworm|Orthworm, L88, F|266/266\n|switch|p2a: Cinderace|Cinderace, L77, F|249/249\n|turn|6\n|\n|t:|1733903598\n|move|p2a: Cinderace|High Jump Kick|p1a: Orthworm\n|-start|p2a: Cinderace|typechange|Fighting|[from] ability: Libero\n|-supereffective|p1a: Orthworm\n|-damage|p1a: Orthworm|24/266\n|move|p1a: Orthworm|Stealth Rock|p2a: Cinderace\n|-sidestart|p2: waluiginumberwan|move: Stealth Rock\n|\n|-heal|p1a: Orthworm|40/266|[from] item: Leftovers\n|upkeep\n|turn|7\n|\n|t:|1733903610\n|switch|p2a: Milotic|Milotic, L83, M|293/293\n|-damage|p2a: Milotic|257/293|[from] Stealth Rock\n|move|p1a: Orthworm|Stealth Rock||[still]\n|-fail|p1a: Orthworm\n|\n|-heal|p2a: Milotic|275/293|[from] item: Leftovers\n|-heal|p1a: Orthworm|56/266|[from] item: Leftovers\n|upkeep\n|turn|8\n|\n|t:|1733903622\n|move|p2a: Milotic|Scald|p1a: Orthworm\n|-damage|p1a: Orthworm|0 fnt\n|faint|p1a: Orthworm\n|\n|-heal|p2a: Milotic|293/293|[from] item: Leftovers\n|upkeep\n|\n|t:|1733903626\n|switch|p1a: Shaymin|Shaymin-Sky, L73|266/266\n|turn|9\n|\n|t:|1733903636\n|switch|p2a: Thundurus|Thundurus, L80, M|258/258\n|-damage|p2a: Thundurus|194/258|[from] Stealth Rock\n|move|p1a: Shaymin|Earth Power|p2a: Thundurus\n|-immune|p2a: Thundurus\n|\n|upkeep\n|turn|10\n|\n|t:|1733903661\n|switch|p1a: Scovillain|Scovillain, L91, M|266/266\n|move|p2a: Thundurus|Acrobatics|p1a: Scovillain\n|-supereffective|p1a: Scovillain\n|-damage|p1a: Scovillain|0 fnt\n|faint|p1a: Scovillain\n|\n|upkeep\n|\n|t:|1733903663\n|switch|p1a: Volbeat|Volbeat, L90, M|263/263\n|turn|11\n|\n|t:|1733903675\n|move|p2a: Thundurus|Acrobatics|p1a: Volbeat\n|-supereffective|p1a: Volbeat\n|-damage|p1a: Volbeat|27/263\n|move|p1a: Volbeat|U-turn|p2a: Thundurus\n|-resisted|p2a: Thundurus\n|-damage|p2a: Thundurus|150/258\n|\n|t:|1733903679\n|switch|p1a: Shaymin|Shaymin-Sky, L73|266/266|[from] U-turn\n|\n|upkeep\n|turn|12\n|\n|t:|1733903684\n|move|p2a: Thundurus|Thunder Wave|p1a: Shaymin\n|-status|p1a: Shaymin|par\n|cant|p1a: Shaymin|par\n|\n|upkeep\n|turn|13\n|\n|t:|1733903689\n|move|p2a: Thundurus|Acrobatics|p1a: Shaymin\n|-supereffective|p1a: Shaymin\n|-damage|p1a: Shaymin|0 fnt\n|faint|p1a: Shaymin\n|\n|upkeep\n|\n|t:|1733903693\n|switch|p1a: Volbeat|Volbeat, L90, M|27/263\n|turn|14\n|\n|t:|1733903697\n|move|p2a: Thundurus|Acrobatics|p1a: Volbeat\n|-supereffective|p1a: Volbeat\n|-damage|p1a: Volbeat|0 fnt\n|faint|p1a: Volbeat\n|\n|win|waluiginumberwan\n|raw|Azalennnn's rating: 1085 &rarr; <strong>1061</strong><br />(-24 for losing)\n|raw|waluiginumberwan's rating: 1063 &rarr; <strong>1095</strong><br />(+32 for winning)\n|l|\u203dAzalennnn\n|player|p1|\n", "inputlog": ">version bfd83cad13791eb5a5a409923076391caf6fb4d4\n>start {\"formatid\":\"gen9randombattle\",\"seed\":[59922,62334,39409,43718],\"rated\":\"Rated battle\"}\n>player p1 {\"name\":\"Azalennnn\",\"avatar\":\"170\",\"rating\":1085,\"seed\":[3087,30322,35498,13987]}\n>player p2 {\"name\":\"waluiginumberwan\",\"avatar\":\"2\",\"rating\":1063,\"seed\":[55948,20965,1731,21530]}\n>p1 switch 6\n>p2 move pyroball\n>p1 move liquidation\n>p2 move pyroball\n>p1 switch 5\n>p1 move relicsong\n>p2 switch 5\n>p1 move closecombat\n>p2 move swordsdance terastallize\n>p1 move knockoff\n>p2 move doubleedge\n>p1 switch 4\n>p2 switch 5\n>p1 move stealthrock\n>p2 move highjumpkick\n>p1 move stealthrock\n>p2 switch 4\n>p1 move bodypress\n>p2 move scald\n>p1 switch 2\n>p1 move earthpower\n>p2 switch 3\n>p1 switch 3\n>p2 move acrobatics\n>p1 switch 6\n>p1 move uturn\n>p2 move acrobatics\n>p1 switch 3\n>p1 move seedflare\n>p2 move thunderwave\n>p1 move airslash\n>p2 move acrobatics\n>p1 switch 3\n>p1 move uturn\n>p2 move acrobatics", "uploadtime": 1733903700, "views": 1, "formatid": "gen9randombattle", "rating": 1061, "private": 0, "password": null}