{"id": "gen9randombattle-2259936184", "format": "[Gen 9] Random Battle", "players": ["Jamesfconte", "BunnyG10"], "log": "|j|\u2606Jamesfconte\n|j|\u2606BunnyG10\n|t:|1733781803\n|gametype|singles\n|player|p1|Jamesfconte|170|1440\n|player|p2|BunnyG10|lucas|1418\n|teamsize|p1|6\n|teamsize|p2|6\n|gen|9\n|tier|[Gen 9] Random Battle\n|rated|\n|rule|Species Clause: Limit one of each Pok\u00e9mon\n|rule|HP Percentage Mod: HP is shown in percentages\n|rule|Sleep Clause Mod: Limit one foe put to sleep\n|rule|Illusion Level Mod: Illusion disguises the Pok\u00e9mon's true level\n|\n|t:|1733781803\n|start\n|switch|p1a: Vileplume|Vileplume, L85, M|266/266\n|switch|p2a: Polteageist|Polteageist, L79|224/224\n|turn|1\n|\n|t:|1733781826\n|switch|p1a: Dusknoir|Dusknoir, L89, M|225/225\n|-item|p2a: Polteageist|White Herb|[from] ability: Frisk|[of] p1a: Dusknoir\n|move|p2a: Polteageist|Shell Smash|p2a: Polteageist\n|-unboost|p2a: Polteageist|def|1\n|-unboost|p2a: Polteageist|spd|1\n|-boost|p2a: Polteageist|atk|2\n|-boost|p2a: Polteageist|spa|2\n|-boost|p2a: Polteageist|spe|2\n|-enditem|p2a: Polteageist|White Herb\n|-clearnegativeboost|p2a: Polteageist|[silent]\n|\n|upkeep\n|turn|2\n|\n|t:|1733781835\n|move|p1a: Dusknoir|Shadow Sneak|p2a: Polteageist\n|-supereffective|p2a: Polteageist\n|-damage|p2a: Polteageist|86/224\n|move|p2a: Polteageist|Shadow Ball|p1a: Dusknoir\n|-supereffective|p1a: Dusknoir\n|-damage|p1a: Dusknoir|0 fnt\n|faint|p1a: Dusknoir\n|\n|upkeep\n|\n|t:|1733781859\n|switch|p1a: Vileplume|Vileplume, L85, M|266/266\n|turn|3\n|inactive|Battle timer is ON: inactive players will automatically lose when time's up. (requested by BunnyG10)\n|\n|t:|1733781864\n|move|p2a: Polteageist|Stored Power|p1a: Vileplume\n|-supereffective|p1a: Vileplume\n|-damage|p1a: Vileplume|0 fnt\n|faint|p1a: Vileplume\n|\n|upkeep\n|\n|t:|1733781868\n|switch|p1a: Armarouge|Armarouge, L80, M|267/267\n|turn|4\n|\n|t:|1733781876\n|-terastallize|p1a: Armarouge|Fire\n|move|p2a: Polteageist|Shadow Ball|p1a: Armarouge\n|-damage|p1a: Armarouge|63/267\n|move|p1a: Armarouge|Meteor Beam||[still]\n|-prepare|p1a: Armarouge|Meteor Beam\n|-boost|p1a: Armarouge|spa|1\n|-enditem|p1a: Armarouge|Power Herb\n|-anim|p1a: Armarouge|Meteor Beam|p2a: Polteageist\n|-damage|p2a: Polteageist|0 fnt\n|-start|p1a: Armarouge|Disable|Meteor Beam|[from] ability: Cursed Body|[of] p2a: Polteageist\n|faint|p2a: Polteageist\n|\n|upkeep\n|\n|t:|1733781889\n|switch|p2a: Excadrill|Excadrill, L79, F|303/303\n|-ability|p2a: Excadrill|Mold Breaker\n|turn|5\n|\n|t:|1733781895\n|move|p2a: Excadrill|Earthquake|p1a: Armarouge\n|-supereffective|p1a: Armarouge\n|-damage|p1a: Armarouge|0 fnt\n|faint|p1a: Armarouge\n|\n|upkeep\n|\n|t:|1733781900\n|switch|p1a: Sunflora|Sunflora, F|312/312\n|turn|6\n|\n|t:|1733781912\n|move|p2a: Excadrill|Swords Dance|p2a: Excadrill\n|-boost|p2a: Excadrill|atk|2\n|move|p1a: Sunflora|Earth Power|p2a: Excadrill\n|-supereffective|p2a: Excadrill\n|-damage|p2a: Excadrill|0 fnt\n|faint|p2a: Excadrill\n|\n|upkeep\n|\n|t:|1733781920\n|switch|p2a: Swanna|Swanna, L88, M|275/275\n|turn|7\n|\n|t:|1733781923\n|switch|p1a: Minun|Minun, L95, F|268/268\n|move|p2a: Swanna|Brave Bird|p1a: Minun\n|-resisted|p1a: Minun\n|-damage|p1a: Minun|184/268\n|-damage|p2a: Swanna|247/275|[from] Recoil\n|\n|upkeep\n|turn|8\n|\n|t:|1733781930\n|switch|p2a: Clodsire|Clodsire, L81, F|343/343\n|move|p1a: Minun|Nasty Plot|p1a: Minun\n|-boost|p1a: Minun|spa|2\n|\n|upkeep\n|turn|9\n|\n|t:|1733781935\n|move|p1a: Minun|Grass Knot|p2a: Clodsire\n|-damage|p2a: Clodsire|240/343\n|-damage|p1a: Minun|158/268|[from] item: Life Orb\n|move|p2a: Clodsire|Earthquake|p1a: Minun\n|-supereffective|p1a: Minun\n|-damage|p1a: Minun|0 fnt\n|faint|p1a: Minun\n|\n|-heal|p2a: Clodsire|261/343|[from] item: Leftovers\n|upkeep\n|\n|t:|1733781941\n|switch|p1a: Enamorus|Enamorus-Therian, L83, F|259/259\n|turn|10\n|\n|t:|1733781945\n|move|p1a: Enamorus|Psychic|p2a: Clodsire\n|-supereffective|p2a: Clodsire\n|-damage|p2a: Clodsire|27/343\n|move|p2a: Clodsire|Toxic|p1a: Enamorus\n|-status|p1a: Enamorus|tox\n|\n|-heal|p2a: Clodsire|48/343|[from] item: Leftovers\n|-damage|p1a: Enamorus|243/259 tox|[from] psn\n|upkeep\n|turn|11\n|\n|t:|1733781949\n|switch|p2a: Reuniclus|Reuniclus, L88, F|337/337\n|move|p1a: Enamorus|Psychic|p2a: Reuniclus\n|-resisted|p2a: Reuniclus\n|-damage|p2a: Reuniclus|278/337\n|\n|-damage|p1a: Enamorus|211/259 tox|[from] psn\n|upkeep\n|turn|12\n|\n|t:|1733781959\n|switch|p1a: Sunflora|Sunflora, F|312/312\n|move|p2a: Reuniclus|Calm Mind|p2a: Reuniclus\n|-boost|p2a: Reuniclus|spa|1\n|-boost|p2a: Reuniclus|spd|1\n|\n|upkeep\n|turn|13\n|\n|t:|1733781968\n|move|p1a: Sunflora|Sludge Bomb|p2a: Reuniclus\n|-damage|p2a: Reuniclus|184/337\n|-status|p2a: Reuniclus|psn\n|move|p2a: Reuniclus|Psychic|p1a: Sunflora\n|-damage|p1a: Sunflora|82/312\n|\n|upkeep\n|turn|14\n|\n|t:|1733781977\n|move|p1a: Sunflora|Sludge Bomb|p2a: Reuniclus\n|-damage|p2a: Reuniclus|95/337 psn\n|move|p2a: Reuniclus|Recover|p2a: Reuniclus\n|-heal|p2a: Reuniclus|264/337 psn\n|\n|upkeep\n|turn|15\n|\n|t:|1733781980\n|move|p1a: Sunflora|Sludge Bomb|p2a: Reuniclus\n|-damage|p2a: Reuniclus|172/337 psn\n|move|p2a: Reuniclus|Psychic|p1a: Sunflora\n|-damage|p1a: Sunflora|0 fnt\n|faint|p1a: Sunflora\n|\n|upkeep\n|\n|t:|1733781990\n|switch|p1a: Enamorus|Enamorus-Therian, L83, F|211/259 tox\n|turn|16\n|\n|t:|1733781997\n|move|p1a: Enamorus|Moonblast|p2a: Reuniclus\n|-damage|p2a: Reuniclus|34/337 psn\n|move|p2a: Reuniclus|Psychic|p1a: Enamorus\n|-damage|p1a: Enamorus|0 fnt\n|faint|p1a: Enamorus\n|\n|win|BunnyG10\n|raw|Jamesfconte's rating: 1440 &rarr; <strong>1419</strong><br />(-21 for losing)\n|raw|BunnyG10's rating: 1418 &rarr; <strong>1439</strong><br />(+21 for winning)\n|l|\u2606Jamesfconte\n|player|p1|\n", "inputlog": ">version bfd83cad13791eb5a5a409923076391caf6fb4d4\n>start {\"formatid\":\"gen9randombattle\",\"seed\":[22877,1334,34324,61868],\"rated\":\"Rated battle\"}\n>player p1 {\"name\":\"Jamesfconte\",\"avatar\":\"170\",\"rating\":1440,\"seed\":[14745,30784,30724,27375]}\n>player p2 {\"name\":\"BunnyG10\",\"avatar\":\"lucas\",\"rating\":1418,\"seed\":[43307,18314,32354,53707]}\n>p1 switch 6\n>p2 move shellsmash\n>p1 move shadowsneak\n>p2 move shadowball\n>p1 switch 6\n>p1 move strengthsap\n>p2 move storedpower\n>p1 switch 4\n>p1 move meteorbeam terastallize\n>p2 move shadowball\n>p2 switch 4\n>p1 move armorcannon\n>p2 move earthquake\n>p1 switch 2\n>p1 move earthpower\n>p2 move swordsdance\n>p2 switch 2\n>p1 switch 3\n>p2 move bravebird\n>p1 move nastyplot\n>p2 switch 3\n>p1 move grassknot\n>p2 move earthquake\n>p1 switch 5\n>p1 move psychic\n>p2 move toxic\n>p1 move psychic\n>p2 switch 5\n>p1 switch 3\n>p2 move calmmind\n>p1 move sludgebomb\n>p2 move psychic\n>p1 move sludgebomb\n>p2 move recover\n>p1 move sludgebomb\n>p2 move psychic\n>p1 switch 3\n>p1 move moonblast\n>p2 move psychic", "uploadtime": 1733782008, "views": 1, "formatid": "gen9randombattle", "rating": 1419, "private": 0, "password": null}