{"id": "gen9randombattle-2260822130", "format": "[Gen 9] Random Battle", "players": ["bjrhjhtvgug", "RoboWahbit"], "log": "|j|\u2606bjrhjhtvgug\n|j|\u2606RoboWahbit\n|t:|1733898337\n|gametype|singles\n|player|p1|bjrhjhtvgug|266|1160\n|player|p2|RoboWahbit|101|1110\n|teamsize|p1|6\n|teamsize|p2|6\n|gen|9\n|tier|[Gen 9] Random Battle\n|rated|\n|rule|Species Clause: Limit one of each Pok\u00e9mon\n|rule|HP Percentage Mod: HP is shown in percentages\n|rule|Sleep Clause Mod: Limit one foe put to sleep\n|rule|Illusion Level Mod: Illusion disguises the Pok\u00e9mon's true level\n|\n|t:|1733898337\n|start\n|switch|p1a: Ogerpon|Ogerpon, L80, F|259/259\n|switch|p2a: Dudunsparce|Dudunsparce, L83, M|343/343\n|turn|1\n|c|\u2606RoboWahbit|hf\n|inactive|Battle timer is ON: inactive players will automatically lose when time's up. (requested by RoboWahbit)\n|\n|t:|1733898347\n|switch|p2a: Slowking|Slowking-Galar, L85, F|300/300\n|move|p1a: Ogerpon|Swords Dance|p1a: Ogerpon\n|-boost|p1a: Ogerpon|atk|2\n|\n|upkeep\n|turn|2\n|\n|t:|1733898361\n|move|p1a: Ogerpon|Knock Off|p2a: Slowking\n|-supereffective|p2a: Slowking\n|-damage|p2a: Slowking|0 fnt\n|-enditem|p2a: Slowking|Leftovers|[from] move: Knock Off|[of] p1a: Ogerpon\n|faint|p2a: Slowking\n|-damage|p1a: Ogerpon|234/259|[from] item: Life Orb\n|\n|upkeep\n|\n|t:|1733898361\n|switch|p2a: Magearna|Magearna, L77|250/250\n|turn|3\n|\n|t:|1733898373\n|move|p1a: Ogerpon|Superpower|p2a: Magearna\n|-damage|p2a: Magearna|21/250\n|-unboost|p1a: Ogerpon|atk|1\n|-unboost|p1a: Ogerpon|def|1\n|-damage|p1a: Ogerpon|209/259|[from] item: Life Orb\n|move|p2a: Magearna|Calm Mind|p2a: Magearna\n|-boost|p2a: Magearna|spa|1\n|-boost|p2a: Magearna|spd|1\n|\n|-heal|p2a: Magearna|36/250|[from] item: Leftovers\n|upkeep\n|turn|4\n|\n|t:|1733898385\n|switch|p2a: Hippowdon|Hippowdon, L82, F|311/311\n|-weather|Sandstorm|[from] ability: Sand Stream|[of] p2a: Hippowdon\n|move|p1a: Ogerpon|Knock Off|p2a: Hippowdon\n|-damage|p2a: Hippowdon|199/311\n|-enditem|p2a: Hippowdon|Leftovers|[from] move: Knock Off|[of] p1a: Ogerpon\n|-damage|p1a: Ogerpon|184/259|[from] item: Life Orb\n|\n|-weather|Sandstorm|[upkeep]\n|-damage|p1a: Ogerpon|168/259|[from] Sandstorm\n|upkeep\n|turn|5\n|\n|t:|1733898397\n|move|p1a: Ogerpon|Ivy Cudgel|p2a: Hippowdon\n|-supereffective|p2a: Hippowdon\n|-damage|p2a: Hippowdon|0 fnt\n|faint|p2a: Hippowdon\n|-damage|p1a: Ogerpon|143/259|[from] item: Life Orb\n|\n|-weather|Sandstorm|[upkeep]\n|-damage|p1a: Ogerpon|127/259|[from] Sandstorm\n|upkeep\n|\n|t:|1733898397\n|switch|p2a: Samurott|Samurott-Hisui, L77, F|265/265\n|turn|6\n|\n|t:|1733898408\n|move|p2a: Samurott|Sucker Punch|p1a: Ogerpon\n|-damage|p1a: Ogerpon|0 fnt\n|faint|p1a: Ogerpon\n|\n|-weather|Sandstorm|[upkeep]\n|-damage|p2a: Samurott|249/265|[from] Sandstorm\n|upkeep\n|\n|t:|1733898424\n|switch|p1a: Toucannon|Toucannon, L88, M|284/284\n|turn|7\n|\n|t:|1733898430\n|switch|p2a: Magearna|Magearna, L77|36/250\n|move|p1a: Toucannon|Bullet Seed|p2a: Magearna\n|-resisted|p2a: Magearna\n|-damage|p2a: Magearna|25/250\n|-resisted|p2a: Magearna\n|-damage|p2a: Magearna|15/250\n|-resisted|p2a: Magearna\n|-damage|p2a: Magearna|5/250\n|-resisted|p2a: Magearna\n|-damage|p2a: Magearna|0 fnt\n|faint|p2a: Magearna\n|-hitcount|p2: Magearna|4\n|\n|-weather|Sandstorm|[upkeep]\n|-damage|p1a: Toucannon|267/284|[from] Sandstorm\n|upkeep\n|\n|t:|1733898430\n|switch|p2a: Greedent|Greedent, L86, M|347/347\n|turn|8\n|\n|t:|1733898447\n|-singleturn|p1a: Toucannon|move: Beak Blast\n|move|p2a: Greedent|Swords Dance|p2a: Greedent\n|-boost|p2a: Greedent|atk|2\n|move|p1a: Toucannon|Beak Blast|p2a: Greedent\n|-damage|p2a: Greedent|221/347\n|\n|-weather|none\n|upkeep\n|turn|9\n|\n|t:|1733898457\n|move|p1a: Toucannon|Bullet Seed|p2a: Greedent\n|-damage|p2a: Greedent|198/347\n|-damage|p2a: Greedent|177/347\n|-damage|p2a: Greedent|154/347\n|-enditem|p2a: Greedent|Sitrus Berry|[eat]\n|-heal|p2a: Greedent|240/347|[from] item: Sitrus Berry\n|-heal|p2a: Greedent|347/347|[from] ability: Cheek Pouch\n|-damage|p2a: Greedent|327/347\n|-damage|p2a: Greedent|304/347\n|-hitcount|p2a: Greedent|5\n|move|p2a: Greedent|Double-Edge|p1a: Toucannon\n|-crit|p1a: Toucannon\n|-damage|p1a: Toucannon|0 fnt\n|faint|p1a: Toucannon\n|-damage|p2a: Greedent|216/347|[from] Recoil\n|\n|upkeep\n|\n|t:|1733898475\n|switch|p1a: Falinks|Falinks, L84|246/246\n|turn|10\n|\n|t:|1733898480\n|move|p1a: Falinks|Close Combat|p2a: Greedent\n|-supereffective|p2a: Greedent\n|-crit|p2a: Greedent\n|-damage|p2a: Greedent|0 fnt\n|-unboost|p1a: Falinks|def|1\n|-unboost|p1a: Falinks|spd|1\n|faint|p2a: Greedent\n|-damage|p1a: Falinks|222/246|[from] item: Life Orb\n|\n|upkeep\n|\n|t:|1733898480\n|switch|p2a: Samurott|Samurott-Hisui, L77, F|249/265\n|turn|11\n|\n|t:|1733898496\n|move|p2a: Samurott|Razor Shell|p1a: Falinks\n|-damage|p1a: Falinks|11/246\n|move|p1a: Falinks|Close Combat|p2a: Samurott\n|-supereffective|p2a: Samurott\n|-damage|p2a: Samurott|0 fnt\n|-unboost|p1a: Falinks|def|1\n|-unboost|p1a: Falinks|spd|1\n|faint|p2a: Samurott\n|-damage|p1a: Falinks|0 fnt|[from] item: Life Orb\n|faint|p1a: Falinks\n|\n|upkeep\n|\n|t:|1733898518\n|switch|p2a: Dudunsparce|Dudunsparce, L83, M|343/343\n|switch|p1a: Amoonguss|Amoonguss, L82, M|321/321\n|turn|12\n|\n|t:|1733898526\n|-terastallize|p2a: Dudunsparce|Ghost\n|move|p2a: Dudunsparce|Headbutt|p1a: Amoonguss\n|-damage|p1a: Amoonguss|234/321\n|-damage|p2a: Dudunsparce|286/343|[from] item: Rocky Helmet|[of] p1a: Amoonguss\n|cant|p1a: Amoonguss|flinch\n|\n|-heal|p2a: Dudunsparce|307/343|[from] item: Leftovers\n|upkeep\n|turn|13\n|\n|t:|1733898537\n|move|p2a: Dudunsparce|Glare|p1a: Amoonguss\n|-status|p1a: Amoonguss|par\n|move|p1a: Amoonguss|Sludge Bomb|p2a: Dudunsparce\n|-resisted|p2a: Dudunsparce\n|-damage|p2a: Dudunsparce|265/343\n|\n|-heal|p2a: Dudunsparce|286/343|[from] item: Leftovers\n|upkeep\n|turn|14\n|\n|t:|1733898548\n|move|p2a: Dudunsparce|Headbutt|p1a: Amoonguss\n|-damage|p1a: Amoonguss|138/321 par\n|-damage|p2a: Dudunsparce|229/343|[from] item: Rocky Helmet|[of] p1a: Amoonguss\n|move|p1a: Amoonguss|Spore|p2a: Dudunsparce\n|-status|p2a: Dudunsparce|slp|[from] move: Spore\n|\n|-heal|p2a: Dudunsparce|250/343 slp|[from] item: Leftovers\n|upkeep\n|turn|15\n|\n|t:|1733898558\n|switch|p1a: Solgaleo|Solgaleo, L74|325/325\n|cant|p2a: Dudunsparce|slp\n|\n|-heal|p2a: Dudunsparce|271/343 slp|[from] item: Leftovers\n|upkeep\n|turn|16\n|\n|t:|1733898567\n|move|p1a: Solgaleo|Sunsteel Strike|p2a: Dudunsparce\n|-damage|p2a: Dudunsparce|162/343 slp\n|cant|p2a: Dudunsparce|slp\n|\n|-heal|p2a: Dudunsparce|183/343 slp|[from] item: Leftovers\n|upkeep\n|turn|17\n|\n|t:|1733898576\n|move|p1a: Solgaleo|Knock Off|p2a: Dudunsparce\n|-supereffective|p2a: Dudunsparce\n|-crit|p2a: Dudunsparce\n|-damage|p2a: Dudunsparce|0 fnt\n|-enditem|p2a: Dudunsparce|Leftovers|[from] move: Knock Off|[of] p1a: Solgaleo\n|faint|p2a: Dudunsparce\n|\n|win|bjrhjhtvgug\n|raw|bjrhjhtvgug's rating: 1160 &rarr; <strong>1181</strong><br />(+21 for winning)\n|raw|RoboWahbit's rating: 1110 &rarr; <strong>1089</strong><br />(-21 for losing)\n|c|\u2606RoboWahbit|gg\n", "inputlog": ">version bfd83cad13791eb5a5a409923076391caf6fb4d4\n>start {\"formatid\":\"gen9randombattle\",\"seed\":[35626,11462,32562,27783],\"rated\":\"Rated battle\"}\n>player p1 {\"name\":\"bjrhjhtvgug\",\"avatar\":\"266\",\"rating\":1160,\"seed\":[42503,31253,60553,32737]}\n>player p2 {\"name\":\"RoboWahbit\",\"avatar\":\"101\",\"rating\":1110,\"seed\":[34040,64493,37156,28804]}\n>chat \u2606RoboWahbit|hf\n>p1 move swordsdance\n>p2 switch 5\n>p1 move knockoff\n>p2 move sludgebomb\n>p2 switch 3\n>p1 move superpower\n>p2 move calmmind\n>p1 move knockoff\n>p2 switch 6\n>p1 move ivycudgel\n>p2 move slackoff\n>p2 switch 2\n>p1 move ivycudgel\n>p2 move suckerpunch\n>p1 switch 2\n>p1 move bulletseed\n>p2 switch 6\n>p2 switch 4\n>p1 move beakblast\n>p2 move swordsdance\n>p1 move bulletseed\n>p2 move doubleedge\n>p1 switch 3\n>p1 move closecombat\n>p2 move doubleedge\n>p2 switch 6\n>p1 move closecombat\n>p2 move razorshell\n>p1 switch 4\n>p2 switch 5\n>p1 move spore\n>p2 move headbutt terastallize\n>p1 move sludgebomb\n>p2 move glare\n>p1 move spore\n>p2 move headbutt\n>p1 switch 6\n>p2 move headbutt\n>p1 move sunsteelstrike\n>p2 move glare\n>p1 move knockoff\n>p2 move roost", "uploadtime": 1733898577, "views": 1, "formatid": "gen9randombattle", "rating": 1089, "private": 0, "password": null}