{"id": "gen9randombattle-2260623855", "format": "[Gen 9] Random Battle", "players": ["PeniusMuncher42069", "zimm123"], "log": "|j|\u2606PeniusMuncher42069\n|j|\u2606zimm123\n|t:|1733870588\n|gametype|singles\n|player|p1|PeniusMuncher42069|170|\n|player|p2|zimm123|102|\n|teamsize|p1|6\n|teamsize|p2|6\n|gen|9\n|tier|[Gen 9] Random Battle\n|rule|Species Clause: Limit one of each Pok\u00e9mon\n|rule|HP Percentage Mod: HP is shown in percentages\n|rule|Sleep Clause Mod: Limit one foe put to sleep\n|rule|Illusion Level Mod: Illusion disguises the Pok\u00e9mon's true level\n|\n|t:|1733870588\n|start\n|switch|p1a: Plusle|Plusle, L95, F|268/268\n|switch|p2a: Medicham|Medicham, L86, F|243/243\n|turn|1\n|\n|t:|1733870691\n|switch|p1a: Annihilape|Annihilape, L76, F|292/292\n|move|p2a: Medicham|Close Combat|p1a: Annihilape\n|-immune|p1a: Annihilape\n|\n|upkeep\n|turn|2\n|\n|t:|1733870705\n|move|p2a: Medicham|Close Combat|p1a: Annihilape\n|-immune|p1a: Annihilape\n|move|p1a: Annihilape|Rage Fist|p2a: Medicham\n|-supereffective|p2a: Medicham\n|-damage|p2a: Medicham|129/243\n|\n|upkeep\n|turn|3\n|\n|t:|1733870717\n|switch|p2a: Gyarados|Gyarados, L79, M|280/280\n|-ability|p2a: Gyarados|Intimidate|boost\n|-unboost|p1a: Annihilape|atk|1\n|-ability|p1a: Annihilape|Defiant|boost\n|-boost|p1a: Annihilape|atk|2\n|move|p1a: Annihilape|Rage Fist|p2a: Gyarados\n|-damage|p2a: Gyarados|186/280\n|\n|upkeep\n|turn|4\n|\n|t:|1733870755\n|switch|p1a: Zebstrika|Zebstrika, L87, F|272/272\n|move|p2a: Gyarados|Earthquake|p1a: Zebstrika\n|-supereffective|p1a: Zebstrika\n|-damage|p1a: Zebstrika|98/272\n|\n|upkeep\n|turn|5\n|\n|t:|1733870770\n|move|p1a: Zebstrika|Supercell Slam|p2a: Gyarados\n|-supereffective|p2a: Gyarados\n|-damage|p2a: Gyarados|0 fnt\n|faint|p2a: Gyarados\n|-damage|p1a: Zebstrika|71/272|[from] item: Life Orb\n|\n|upkeep\n|\n|t:|1733870779\n|switch|p2a: Flapple|Flapple, L88, M|266/266\n|turn|6\n|\n|t:|1733870826\n|switch|p1a: Appletun|Appletun, L92, F|352/352\n|move|p2a: Flapple|Outrage|p1a: Appletun|[miss]\n|-miss|p2a: Flapple|p1a: Appletun\n|\n|upkeep\n|turn|7\n|\n|t:|1733870838\n|move|p2a: Flapple|Tera Blast|p1a: Appletun\n|-damage|p1a: Appletun|288/352\n|move|p1a: Appletun|Draco Meteor|p2a: Flapple\n|-supereffective|p2a: Flapple\n|-damage|p2a: Flapple|0 fnt\n|-unboost|p1a: Appletun|spa|2\n|faint|p2a: Flapple\n|\n|-heal|p1a: Appletun|310/352|[from] item: Leftovers\n|upkeep\n|\n|t:|1733870851\n|switch|p2a: Masquerain|Masquerain, L87, M|264/264\n|-ability|p2a: Masquerain|Intimidate|boost\n|-unboost|p1a: Appletun|atk|1\n|turn|8\n|\n|t:|1733870884\n|switch|p1a: Flareon|Flareon, L90, M|263/263\n|move|p2a: Masquerain|Hurricane|p1a: Flareon\n|-damage|p1a: Flareon|158/263\n|\n|-status|p1a: Flareon|tox|[from] item: Toxic Orb\n|upkeep\n|turn|9\n|\n|t:|1733870895\n|move|p2a: Masquerain|Hydro Pump|p1a: Flareon\n|-supereffective|p1a: Flareon\n|-damage|p1a: Flareon|22/263 tox\n|move|p1a: Flareon|Flare Blitz|p2a: Masquerain\n|-supereffective|p2a: Masquerain\n|-damage|p2a: Masquerain|0 fnt\n|faint|p2a: Masquerain\n|-damage|p1a: Flareon|0 fnt|[from] Recoil\n|faint|p1a: Flareon\n|\n|upkeep\n|\n|t:|1733870908\n|switch|p2a: Komala|Komala, L89, F|260/260\n|switch|p1a: Annihilape|Annihilape, L76, F|292/292\n|-ability|p2a: Komala|Comatose\n|turn|10\n|\n|t:|1733870935\n|move|p1a: Annihilape|Bulk Up|p1a: Annihilape\n|-boost|p1a: Annihilape|atk|1\n|-boost|p1a: Annihilape|def|1\n|move|p2a: Komala|Earthquake|p1a: Annihilape\n|-damage|p1a: Annihilape|215/292\n|\n|-heal|p1a: Annihilape|233/292|[from] item: Leftovers\n|upkeep\n|turn|11\n|\n|t:|1733870949\n|move|p1a: Annihilape|Drain Punch|p2a: Komala\n|-supereffective|p2a: Komala\n|-damage|p2a: Komala|0 fnt\n|-heal|p1a: Annihilape|292/292|[from] drain|[of] p2a: Komala\n|faint|p2a: Komala\n|\n|upkeep\n|\n|t:|1733870955\n|switch|p2a: Azelf|Azelf, L82|257/257\n|turn|12\n|\n|t:|1733870973\n|move|p2a: Azelf|Explosion|p1a: Annihilape\n|-immune|p1a: Annihilape\n|faint|p2a: Azelf\n|move|p1a: Annihilape|Rage Fist|p2: Azelf|[notarget]\n|-fail|p1a: Annihilape\n|\n|upkeep\n|j| uberness\n|\n|t:|1733870979\n|switch|p2a: Medicham|Medicham, L86, F|129/243\n|turn|13\n|\n|t:|1733870989\n|-terastallize|p2a: Medicham|Fighting\n|move|p2a: Medicham|Bullet Punch|p1a: Annihilape\n|-damage|p1a: Annihilape|244/292\n|move|p1a: Annihilape|Rage Fist|p2a: Medicham\n|-damage|p2a: Medicham|0 fnt\n|faint|p2a: Medicham\n|\n|win|PeniusMuncher42069\n|n| uberness|uberness\n|c| uberness|yoooooooo\n|l|\u2606zimm123\n|player|p2|\n|l| uberness\n", "inputlog": ">version bfd83cad13791eb5a5a409923076391caf6fb4d4\n>start {\"formatid\":\"gen9randombattle\",\"seed\":[12313,44937,8673,18218]}\n>player p1 {\"name\":\"PeniusMuncher42069\",\"avatar\":\"170\",\"rating\":0,\"seed\":[62658,50703,55780,31495]}\n>player p2 {\"name\":\"zimm123\",\"avatar\":\"102\",\"rating\":0,\"seed\":[62095,59396,45499,59640]}\n>p1 switch 3\n>p2 move closecombat\n>p1 move ragefist\n>p2 move closecombat\n>p1 move ragefist\n>p2 switch 3\n>p1 switch 4\n>p2 move earthquake\n>p1 move supercellslam\n>p2 move earthquake\n>p2 switch 5\n>p1 switch 6\n>p2 move outrage\n>p1 move dracometeor\n>p2 move terablast\n>p2 switch 4\n>p1 switch 2\n>p2 move hurricane\n>p1 move flareblitz\n>p2 move hydropump\n>p1 switch 4\n>p2 switch 2\n>p1 move bulkup\n>p2 move earthquake\n>p1 move drainpunch\n>p2 move earthquake\n>p2 switch 6\n>p1 move ragefist\n>p2 move explosion\n>p2 switch 3\n>p1 move ragefist\n>p2 move bulletpunch terastallize", "uploadtime": 1733871003, "views": 1, "formatid": "gen9randombattle", "rating": null, "private": 0, "password": null}