{"id": "gen9randombattle-2259984873", "format": "[Gen 9] Random Battle", "players": ["EsparraGoza", "nikegang"], "log": "|j|\u2606EsparraGoza\n|j|\u2606nikegang\n|t:|1733787564\n|gametype|singles\n|player|p1|EsparraGoza|volo|\n|player|p2|nikegang|guzma|\n|teamsize|p1|6\n|teamsize|p2|6\n|gen|9\n|tier|[Gen 9] Random Battle\n|rule|Species Clause: Limit one of each Pok\u00e9mon\n|rule|HP Percentage Mod: HP is shown in percentages\n|rule|Sleep Clause Mod: Limit one foe put to sleep\n|rule|Illusion Level Mod: Illusion disguises the Pok\u00e9mon's true level\n|\n|t:|1733787564\n|start\n|switch|p1a: Delphox|Delphox, L84, M|263/263\n|switch|p2a: Terrakion|Terrakion, L79|273/273\n|turn|1\n|\n|t:|1733787592\n|switch|p1a: Tsareena|Tsareena, L87, F|267/267\n|move|p2a: Terrakion|Stone Edge|p1a: Tsareena\n|-damage|p1a: Tsareena|127/267\n|-damage|p2a: Terrakion|246/273|[from] item: Life Orb\n|\n|upkeep\n|turn|2\n|\n|t:|1733787603\n|move|p2a: Terrakion|Close Combat|p1a: Tsareena\n|-damage|p1a: Tsareena|0 fnt\n|-unboost|p2a: Terrakion|def|1\n|-unboost|p2a: Terrakion|spd|1\n|faint|p1a: Tsareena\n|-damage|p2a: Terrakion|219/273|[from] item: Life Orb\n|\n|upkeep\n|\n|t:|1733787614\n|switch|p1a: Drednaw|Drednaw, L81, F|278/278\n|turn|3\n|c|\u2606nikegang|100% de acc pra garantir\n|\n|t:|1733787628\n|switch|p2a: Wigglytuff|Wigglytuff, L96, F|424/424\n|move|p1a: Drednaw|Liquidation|p2a: Wigglytuff\n|-damage|p2a: Wigglytuff|294/424\n|\n|-heal|p2a: Wigglytuff|320/424|[from] item: Leftovers\n|upkeep\n|turn|4\n|\n|t:|1733787640\n|move|p1a: Drednaw|Shell Smash|p1a: Drednaw\n|-unboost|p1a: Drednaw|def|1\n|-unboost|p1a: Drednaw|spd|1\n|-boost|p1a: Drednaw|atk|2\n|-boost|p1a: Drednaw|spa|2\n|-boost|p1a: Drednaw|spe|2\n|-enditem|p1a: Drednaw|White Herb\n|-clearnegativeboost|p1a: Drednaw|[silent]\n|move|p2a: Wigglytuff|Thunder Wave|p1a: Drednaw\n|-status|p1a: Drednaw|par\n|\n|-heal|p2a: Wigglytuff|346/424|[from] item: Leftovers\n|upkeep\n|turn|5\n|\n|t:|1733787652\n|move|p1a: Drednaw|Stone Edge|p2a: Wigglytuff\n|-damage|p2a: Wigglytuff|49/424\n|move|p2a: Wigglytuff|Dazzling Gleam|p1a: Drednaw\n|-damage|p1a: Drednaw|155/278 par\n|\n|-heal|p2a: Wigglytuff|75/424|[from] item: Leftovers\n|upkeep\n|turn|6\n|\n|t:|1733787682\n|-terastallize|p2a: Wigglytuff|Steel\n|move|p1a: Drednaw|Liquidation|p2a: Wigglytuff\n|-damage|p2a: Wigglytuff|0 fnt\n|faint|p2a: Wigglytuff\n|\n|upkeep\n|c|\u2606nikegang|bah\n|c|\u2606nikegang|missclick\n|\n|t:|1733787693\n|switch|p2a: Koraidon|Koraidon, L64|235/235\n|-weather|SunnyDay|[from] ability: Orichalcum Pulse|[of] p2a: Koraidon\n|-activate|p2a: Koraidon|Orichalcum Pulse|[source]\n|turn|7\n|\n|t:|1733787711\n|move|p2a: Koraidon|Collision Course|p1a: Drednaw\n|-supereffective|p1a: Drednaw\n|-damage|p1a: Drednaw|0 fnt\n|faint|p1a: Drednaw\n|\n|-weather|SunnyDay|[upkeep]\n|upkeep\n|\n|t:|1733787726\n|switch|p1a: Delphox|Delphox, L84, M|263/263\n|turn|8\n|\n|t:|1733787729\n|move|p1a: Delphox|Psyshock|p2a: Koraidon\n|-supereffective|p2a: Koraidon\n|-damage|p2a: Koraidon|43/235\n|move|p2a: Koraidon|Swords Dance|p2a: Koraidon\n|-boost|p2a: Koraidon|atk|2\n|\n|-weather|SunnyDay|[upkeep]\n|upkeep\n|turn|9\n|\n|t:|1733787736\n|switch|p2a: Cresselia|Cresselia, L80, F|323/323\n|move|p1a: Delphox|Psyshock|p2a: Cresselia\n|-resisted|p2a: Cresselia\n|-damage|p2a: Cresselia|279/323\n|\n|-weather|SunnyDay|[upkeep]\n|-heal|p2a: Cresselia|299/323|[from] item: Leftovers\n|upkeep\n|turn|10\n|\n|t:|1733787749\n|switch|p1a: Charizard|Charizard, L85, M|271/271\n|move|p2a: Cresselia|Psyshock|p1a: Charizard\n|-damage|p1a: Charizard|201/271\n|\n|-weather|SunnyDay|[upkeep]\n|-heal|p2a: Cresselia|319/323|[from] item: Leftovers\n|upkeep\n|turn|11\n|\n|t:|1733787762\n|switch|p2a: Regidrago|Regidrago, L77|435/435\n|move|p1a: Charizard|Flamethrower|p2a: Regidrago\n|-resisted|p2a: Regidrago\n|-damage|p2a: Regidrago|306/435\n|\n|-weather|none\n|upkeep\n|turn|12\n|\n|t:|1733787770\n|switch|p1a: Piloswine|Piloswine, L85, M|309/309\n|move|p2a: Regidrago|Dragon Dance|p2a: Regidrago\n|-boost|p2a: Regidrago|atk|1\n|-boost|p2a: Regidrago|spe|1\n|\n|upkeep\n|turn|13\n|\n|t:|1733787778\n|move|p1a: Piloswine|Ice Shard|p2a: Regidrago\n|-supereffective|p2a: Regidrago\n|-damage|p2a: Regidrago|154/435\n|move|p2a: Regidrago|Draco Meteor|p1a: Piloswine\n|-damage|p1a: Piloswine|165/309\n|-unboost|p2a: Regidrago|spa|2\n|\n|upkeep\n|turn|14\n|\n|t:|1733787786\n|switch|p2a: Terrakion|Terrakion, L79|219/273\n|move|p1a: Piloswine|Ice Shard|p2a: Terrakion\n|-damage|p2a: Terrakion|170/273\n|\n|upkeep\n|turn|15\n|\n|t:|1733787793\n|switch|p1a: Hypno|Hypno, L95, F|315/315\n|move|p2a: Terrakion|Close Combat|p1a: Hypno\n|-resisted|p1a: Hypno\n|-damage|p1a: Hypno|218/315\n|-unboost|p2a: Terrakion|def|1\n|-unboost|p2a: Terrakion|spd|1\n|-damage|p2a: Terrakion|143/273|[from] item: Life Orb\n|\n|-heal|p1a: Hypno|237/315|[from] item: Leftovers\n|upkeep\n|turn|16\n|\n|t:|1733787802\n|switch|p2a: Cresselia|Cresselia, L80, F|319/323\n|move|p1a: Hypno|Toxic|p2a: Cresselia\n|-status|p2a: Cresselia|tox\n|\n|-heal|p2a: Cresselia|323/323 tox|[from] item: Leftovers\n|-heal|p1a: Hypno|256/315|[from] item: Leftovers\n|-damage|p2a: Cresselia|303/323 tox|[from] psn\n|upkeep\n|turn|17\n|\n|t:|1733787809\n|move|p2a: Cresselia|Moonblast|p1a: Hypno\n|-damage|p1a: Hypno|217/315\n|-unboost|p1a: Hypno|spa|1\n|move|p1a: Hypno|Psychic Noise|p2a: Cresselia\n|-resisted|p2a: Cresselia\n|-damage|p2a: Cresselia|282/323 tox\n|-start|p2a: Cresselia|move: Heal Block\n|\n|-heal|p1a: Hypno|236/315|[from] item: Leftovers\n|-damage|p2a: Cresselia|242/323 tox|[from] psn\n|upkeep\n|turn|18\n|\n|t:|1733787816\n|switch|p2a: Regidrago|Regidrago, L77|154/435\n|move|p1a: Hypno|Psychic Noise|p2a: Regidrago\n|-damage|p2a: Regidrago|69/435\n|-start|p2a: Regidrago|move: Heal Block\n|\n|-heal|p1a: Hypno|255/315|[from] item: Leftovers\n|upkeep\n|turn|19\n|\n|t:|1733787829\n|move|p1a: Hypno|Psychic Noise|p2a: Regidrago\n|-damage|p2a: Regidrago|0 fnt\n|faint|p2a: Regidrago\n|\n|-heal|p1a: Hypno|274/315|[from] item: Leftovers\n|upkeep\n|\n|t:|1733787836\n|switch|p2a: Toucannon|Toucannon, L88, F|284/284\n|turn|20\n|\n|t:|1733787844\n|move|p1a: Hypno|Toxic|p2a: Toucannon\n|-status|p2a: Toucannon|tox\n|move|p2a: Toucannon|Boomburst|p1a: Hypno\n|-damage|p1a: Hypno|178/315\n|\n|-heal|p1a: Hypno|197/315|[from] item: Leftovers\n|-damage|p2a: Toucannon|267/284 tox|[from] psn\n|upkeep\n|turn|21\n|\n|t:|1733787847\n|-singleturn|p2a: Toucannon|move: Beak Blast\n|move|p1a: Hypno|Protect|p1a: Hypno\n|-singleturn|p1a: Hypno|Protect\n|move|p2a: Toucannon|Beak Blast|p1a: Hypno\n|-activate|p1a: Hypno|move: Protect\n|\n|-heal|p1a: Hypno|216/315|[from] item: Leftovers\n|-damage|p2a: Toucannon|233/284 tox|[from] psn\n|upkeep\n|turn|22\n|\n|t:|1733787857\n|-singleturn|p2a: Toucannon|move: Beak Blast\n|move|p1a: Hypno|Psychic Noise|p2a: Toucannon\n|-damage|p2a: Toucannon|172/284 tox\n|-start|p2a: Toucannon|move: Heal Block\n|move|p2a: Toucannon|Beak Blast|p1a: Hypno\n|-damage|p1a: Hypno|78/315\n|\n|-heal|p1a: Hypno|97/315|[from] item: Leftovers\n|-damage|p2a: Toucannon|121/284 tox|[from] psn\n|upkeep\n|turn|23\n|\n|t:|1733787866\n|-singleturn|p2a: Toucannon|move: Beak Blast\n|move|p1a: Hypno|Protect|p1a: Hypno\n|-singleturn|p1a: Hypno|Protect\n|move|p2a: Toucannon|Beak Blast|p1a: Hypno\n|-activate|p1a: Hypno|move: Protect\n|\n|-heal|p1a: Hypno|116/315|[from] item: Leftovers\n|-damage|p2a: Toucannon|53/284 tox|[from] psn\n|-end|p2a: Toucannon|move: Heal Block\n|upkeep\n|turn|24\n|\n|t:|1733787880\n|-singleturn|p2a: Toucannon|move: Beak Blast\n|move|p1a: Hypno|Psychic Noise|p2a: Toucannon\n|-damage|p2a: Toucannon|0 fnt\n|faint|p2a: Toucannon\n|\n|-heal|p1a: Hypno|135/315|[from] item: Leftovers\n|upkeep\n|\n|t:|1733787886\n|switch|p2a: Koraidon|Koraidon, L64|43/235\n|-weather|SunnyDay|[from] ability: Orichalcum Pulse|[of] p2a: Koraidon\n|-activate|p2a: Koraidon|Orichalcum Pulse|[source]\n|turn|25\n|\n|t:|1733787894\n|move|p1a: Hypno|Protect|p1a: Hypno\n|-singleturn|p1a: Hypno|Protect\n|move|p2a: Koraidon|Scale Shot|p1a: Hypno\n|-activate|p1a: Hypno|move: Protect\n|\n|-weather|SunnyDay|[upkeep]\n|-heal|p1a: Hypno|154/315|[from] item: Leftovers\n|upkeep\n|turn|26\n|\n|t:|1733787900\n|-terastallize|p1a: Hypno|Dark\n|move|p2a: Koraidon|Scale Shot|p1a: Hypno\n|-damage|p1a: Hypno|124/315\n|-damage|p1a: Hypno|93/315\n|-damage|p1a: Hypno|63/315\n|-damage|p1a: Hypno|35/315\n|-damage|p1a: Hypno|4/315\n|-hitcount|p1a: Hypno|5\n|-unboost|p2a: Koraidon|def|1\n|-boost|p2a: Koraidon|spe|1\n|move|p1a: Hypno|Psychic Noise|p2a: Koraidon\n|-supereffective|p2a: Koraidon\n|-damage|p2a: Koraidon|0 fnt\n|faint|p2a: Koraidon\n|\n|-weather|SunnyDay|[upkeep]\n|-heal|p1a: Hypno|23/315|[from] item: Leftovers\n|upkeep\n|\n|t:|1733787910\n|switch|p2a: Terrakion|Terrakion, L79|143/273\n|turn|27\n|c|\u2606nikegang|gg wp\n|c|\u2606nikegang|Perdi\n|\n|t:|1733787927\n|move|p1a: Hypno|Protect|p1a: Hypno\n|-singleturn|p1a: Hypno|Protect\n|move|p2a: Terrakion|Earthquake|p1a: Hypno\n|-activate|p1a: Hypno|move: Protect\n|\n|-weather|SunnyDay|[upkeep]\n|-heal|p1a: Hypno|42/315|[from] item: Leftovers\n|upkeep\n|turn|28\n|\n|t:|1733787944\n|switch|p1a: Charizard|Charizard, L85, M|201/271\n|move|p2a: Terrakion|Stone Edge|p1a: Charizard\n|-supereffective|p1a: Charizard\n|-damage|p1a: Charizard|0 fnt\n|faint|p1a: Charizard\n|-damage|p2a: Terrakion|116/273|[from] item: Life Orb\n|\n|-weather|SunnyDay|[upkeep]\n|upkeep\n|c|\u2606nikegang|Matchup terrivel\n|\n|t:|1733787953\n|switch|p1a: Delphox|Delphox, L84, M|263/263\n|turn|29\n|\n|t:|1733787956\n|move|p1a: Delphox|Psyshock|p2a: Terrakion\n|-supereffective|p2a: Terrakion\n|-damage|p2a: Terrakion|0 fnt\n|faint|p2a: Terrakion\n|\n|-weather|none\n|upkeep\n|\n|t:|1733787959\n|switch|p2a: Cresselia|Cresselia, L80, F|242/323 tox\n|turn|30\n|-message|nikegang forfeited.\n|\n|win|EsparraGoza\n", "inputlog": ">version bfd83cad13791eb5a5a409923076391caf6fb4d4\n>start {\"formatid\":\"gen9randombattle\",\"seed\":[22383,59612,28550,41274]}\n>player p1 {\"name\":\"EsparraGoza\",\"avatar\":\"volo\",\"rating\":0,\"seed\":[40277,6869,3810,31126]}\n>player p2 {\"name\":\"nikegang\",\"avatar\":\"guzma\",\"rating\":0,\"seed\":[11078,43140,4973,34356]}\n>p1 switch 5\n>p2 move stoneedge\n>p1 move synthesis\n>p2 move closecombat\n>p1 switch 3\n>chat \u2606nikegang|100% de acc pra garantir \n>p1 move liquidation\n>p2 switch 5\n>p1 move shellsmash\n>p2 move thunderwave\n>p1 move stoneedge\n>p2 move dazzlinggleam\n>p1 move liquidation\n>p2 move dazzlinggleam terastallize\n>chat \u2606nikegang|bah\n>chat \u2606nikegang|missclick\n>p2 switch 2\n>p1 move crunch\n>p2 move collisioncourse\n>p1 switch 5\n>p1 move psyshock\n>p2 move swordsdance\n>p1 move psyshock\n>p2 switch 3\n>p1 switch 4\n>p2 move psyshock\n>p1 move flamethrower\n>p2 switch 6\n>p1 switch 2\n>p2 move dragondance\n>p1 move iceshard\n>p2 move dracometeor\n>p1 move iceshard\n>p2 switch 5\n>p1 switch 6\n>p2 move closecombat\n>p1 move toxic\n>p2 switch 6\n>p1 move psychicnoise\n>p2 move moonblast\n>p1 move psychicnoise\n>p2 switch 5\n>p1 move psychicnoise\n>p2 move dracometeor\n>p2 switch 4\n>p1 move toxic\n>p2 move boomburst\n>p1 move protect\n>p2 move beakblast\n>p1 move psychicnoise\n>p2 move beakblast\n>p1 move protect\n>p2 move beakblast\n>p1 move psychicnoise\n>p2 move beakblast\n>p2 switch 3\n>p1 move protect\n>p2 move scaleshot\n>p1 move psychicnoise terastallize\n>p2 move scaleshot\n>p2 switch 6\n>chat \u2606nikegang|gg wp\n>chat \u2606nikegang|Perdi \n>p1 move protect\n>p2 move earthquake\n>p1 switch 2\n>p2 move stoneedge\n>chat \u2606nikegang|Matchup terrivel \n>p1 switch 4\n>p1 move psyshock\n>p2 move stoneedge\n>p2 switch 5\n>forcelose p2", "uploadtime": 1733787967, "views": 2, "formatid": "gen9randombattle", "rating": null, "private": 0, "password": null}