{"id": "gen9randombattle-2260433520", "format": "[Gen 9] Random Battle", "players": ["boogs1", "PowerPoints"], "log": "|j|\u2606boogs1\n|j|\u2606PowerPoints\n|t:|1733851172\n|gametype|singles\n|player|p1|boogs1|265|1671\n|player|p2|PowerPoints|102|1685\n|teamsize|p1|6\n|teamsize|p2|6\n|gen|9\n|tier|[Gen 9] Random Battle\n|rated|\n|rule|Species Clause: Limit one of each Pok\u00e9mon\n|rule|HP Percentage Mod: HP is shown in percentages\n|rule|Sleep Clause Mod: Limit one foe put to sleep\n|rule|Illusion Level Mod: Illusion disguises the Pok\u00e9mon's true level\n|\n|t:|1733851172\n|start\n|switch|p1a: Deoxys|Deoxys-Defense, L84|221/221\n|switch|p2a: Kommo-o|Kommo-o, L78, M|245/245\n|-ability|p1a: Deoxys|Pressure\n|turn|1\n|inactive|Battle timer is ON: inactive players will automatically lose when time's up. (requested by PowerPoints)\n|\n|t:|1733851182\n|switch|p2a: Pachirisu|Pachirisu, L96, F|271/271\n|move|p1a: Deoxys|Cosmic Power|p1a: Deoxys\n|-boost|p1a: Deoxys|def|1\n|-boost|p1a: Deoxys|spd|1\n|\n|upkeep\n|turn|2\n|\n|t:|1733851193\n|move|p2a: Pachirisu|Encore|p1a: Deoxys\n|-start|p1a: Deoxys|Encore\n|move|p1a: Deoxys|Cosmic Power|p1a: Deoxys\n|-boost|p1a: Deoxys|def|1\n|-boost|p1a: Deoxys|spd|1\n|\n|upkeep\n|turn|3\n|\n|t:|1733851199\n|move|p2a: Pachirisu|Discharge|p1a: Deoxys\n|-damage|p1a: Deoxys|200/221\n|-status|p1a: Deoxys|par\n|move|p1a: Deoxys|Cosmic Power|p1a: Deoxys\n|-boost|p1a: Deoxys|def|1\n|-boost|p1a: Deoxys|spd|1\n|\n|-heal|p1a: Deoxys|213/221 par|[from] item: Leftovers\n|upkeep\n|turn|4\n|\n|t:|1733851204\n|move|p2a: Pachirisu|Super Fang|p1a: Deoxys\n|-damage|p1a: Deoxys|107/221 par\n|move|p1a: Deoxys|Cosmic Power|p1a: Deoxys\n|-boost|p1a: Deoxys|def|1\n|-boost|p1a: Deoxys|spd|1\n|\n|-heal|p1a: Deoxys|120/221 par|[from] item: Leftovers\n|-end|p1a: Deoxys|Encore\n|upkeep\n|turn|5\n|\n|t:|1733851212\n|move|p2a: Pachirisu|Encore|p1a: Deoxys\n|-start|p1a: Deoxys|Encore\n|move|p1a: Deoxys|Cosmic Power|p1a: Deoxys\n|-boost|p1a: Deoxys|def|1\n|-boost|p1a: Deoxys|spd|1\n|\n|-heal|p1a: Deoxys|133/221 par|[from] item: Leftovers\n|upkeep\n|turn|6\n|\n|t:|1733851217\n|move|p2a: Pachirisu|Super Fang|p1a: Deoxys\n|-damage|p1a: Deoxys|67/221 par\n|move|p1a: Deoxys|Cosmic Power|p1a: Deoxys\n|-boost|p1a: Deoxys|def|1\n|-boost|p1a: Deoxys|spd|1\n|\n|-heal|p1a: Deoxys|80/221 par|[from] item: Leftovers\n|upkeep\n|turn|7\n|\n|t:|1733851222\n|move|p2a: Pachirisu|Super Fang|p1a: Deoxys|[miss]\n|-miss|p2a: Pachirisu|p1a: Deoxys\n|move|p1a: Deoxys|Cosmic Power|p1a: Deoxys\n|-boost|p1a: Deoxys|def|0\n|-boost|p1a: Deoxys|spd|0\n|\n|-heal|p1a: Deoxys|93/221 par|[from] item: Leftovers\n|-end|p1a: Deoxys|Encore\n|upkeep\n|turn|8\n|\n|t:|1733851224\n|move|p2a: Pachirisu|Encore|p1a: Deoxys\n|-start|p1a: Deoxys|Encore\n|move|p1a: Deoxys|Cosmic Power|p1a: Deoxys\n|-boost|p1a: Deoxys|def|0\n|-boost|p1a: Deoxys|spd|0\n|\n|-heal|p1a: Deoxys|106/221 par|[from] item: Leftovers\n|upkeep\n|turn|9\n|\n|t:|1733851227\n|move|p2a: Pachirisu|Super Fang|p1a: Deoxys\n|-damage|p1a: Deoxys|53/221 par\n|move|p1a: Deoxys|Cosmic Power|p1a: Deoxys\n|-boost|p1a: Deoxys|def|0\n|-boost|p1a: Deoxys|spd|0\n|\n|-heal|p1a: Deoxys|66/221 par|[from] item: Leftovers\n|upkeep\n|turn|10\n|\n|t:|1733851231\n|move|p2a: Pachirisu|Super Fang|p1a: Deoxys\n|-damage|p1a: Deoxys|33/221 par\n|move|p1a: Deoxys|Cosmic Power|p1a: Deoxys\n|-boost|p1a: Deoxys|def|0\n|-boost|p1a: Deoxys|spd|0\n|\n|-heal|p1a: Deoxys|46/221 par|[from] item: Leftovers\n|-end|p1a: Deoxys|Encore\n|upkeep\n|turn|11\n|\n|t:|1733851235\n|move|p2a: Pachirisu|Encore|p1a: Deoxys\n|-start|p1a: Deoxys|Encore\n|move|p1a: Deoxys|Cosmic Power|p1a: Deoxys\n|-boost|p1a: Deoxys|def|0\n|-boost|p1a: Deoxys|spd|0\n|\n|-heal|p1a: Deoxys|59/221 par|[from] item: Leftovers\n|upkeep\n|turn|12\n|\n|t:|1733851237\n|move|p2a: Pachirisu|Super Fang|p1a: Deoxys\n|-damage|p1a: Deoxys|30/221 par\n|cant|p1a: Deoxys|par\n|\n|-heal|p1a: Deoxys|43/221 par|[from] item: Leftovers\n|upkeep\n|turn|13\n|\n|t:|1733851241\n|move|p2a: Pachirisu|Super Fang|p1a: Deoxys\n|-damage|p1a: Deoxys|22/221 par\n|move|p1a: Deoxys|Cosmic Power|p1a: Deoxys\n|-boost|p1a: Deoxys|def|0\n|-boost|p1a: Deoxys|spd|0\n|\n|-heal|p1a: Deoxys|35/221 par|[from] item: Leftovers\n|-end|p1a: Deoxys|Encore\n|upkeep\n|turn|14\n|\n|t:|1733851247\n|move|p2a: Pachirisu|U-turn|p1a: Deoxys\n|-supereffective|p1a: Deoxys\n|-damage|p1a: Deoxys|21/221 par\n|\n|t:|1733851250\n|switch|p2a: Mimikyu|Mimikyu, L79, M|216/216|[from] U-turn\n|move|p1a: Deoxys|Recover|p1a: Deoxys\n|-heal|p1a: Deoxys|132/221 par\n|\n|-heal|p1a: Deoxys|145/221 par|[from] item: Leftovers\n|upkeep\n|turn|15\n|\n|t:|1733851258\n|move|p2a: Mimikyu|Swords Dance|p2a: Mimikyu\n|-boost|p2a: Mimikyu|atk|2\n|cant|p1a: Deoxys|par\n|\n|-heal|p1a: Deoxys|158/221 par|[from] item: Leftovers\n|upkeep\n|turn|16\n|\n|t:|1733851263\n|move|p2a: Mimikyu|Swords Dance|p2a: Mimikyu\n|-boost|p2a: Mimikyu|atk|2\n|move|p1a: Deoxys|Stored Power|p2a: Mimikyu\n|-activate|p2a: Mimikyu|ability: Disguise\n|-damage|p2a: Mimikyu|216/216\n|detailschange|p2a: Mimikyu|Mimikyu-Busted, L79, M\n|-damage|p2a: Mimikyu|189/216|[from] pokemon: Mimikyu-Busted\n|\n|-heal|p1a: Deoxys|171/221 par|[from] item: Leftovers\n|upkeep\n|turn|17\n|\n|t:|1733851277\n|-terastallize|p1a: Deoxys|Steel\n|move|p2a: Mimikyu|Play Rough|p1a: Deoxys\n|-resisted|p1a: Deoxys\n|-damage|p1a: Deoxys|148/221 par\n|-damage|p2a: Mimikyu|168/216|[from] item: Life Orb\n|move|p1a: Deoxys|Stored Power|p2a: Mimikyu\n|-damage|p2a: Mimikyu|0 fnt\n|faint|p2a: Mimikyu\n|\n|-heal|p1a: Deoxys|161/221 par|[from] item: Leftovers\n|upkeep\n|\n|t:|1733851290\n|switch|p2a: Infernape|Infernape, L82, M|259/259\n|turn|18\n|\n|t:|1733851296\n|-terastallize|p2a: Infernape|Dark\n|move|p2a: Infernape|Close Combat|p1a: Deoxys\n|-supereffective|p1a: Deoxys\n|-damage|p1a: Deoxys|105/221 par\n|-unboost|p2a: Infernape|def|1\n|-unboost|p2a: Infernape|spd|1\n|move|p1a: Deoxys|Stored Power|p2a: Infernape\n|-immune|p2a: Infernape\n|\n|-heal|p1a: Deoxys|118/221 par|[from] item: Leftovers\n|upkeep\n|turn|19\n|\n|t:|1733851304\n|move|p2a: Infernape|Close Combat|p1a: Deoxys\n|-supereffective|p1a: Deoxys\n|-damage|p1a: Deoxys|58/221 par\n|-unboost|p2a: Infernape|def|1\n|-unboost|p2a: Infernape|spd|1\n|cant|p1a: Deoxys|par\n|\n|-heal|p1a: Deoxys|71/221 par|[from] item: Leftovers\n|upkeep\n|turn|20\n|\n|t:|1733851310\n|move|p2a: Infernape|Close Combat|p1a: Deoxys\n|-supereffective|p1a: Deoxys\n|-damage|p1a: Deoxys|11/221 par\n|-unboost|p2a: Infernape|def|1\n|-unboost|p2a: Infernape|spd|1\n|move|p1a: Deoxys|Recover|p1a: Deoxys\n|-heal|p1a: Deoxys|122/221 par\n|\n|-heal|p1a: Deoxys|135/221 par|[from] item: Leftovers\n|upkeep\n|turn|21\n|\n|t:|1733851313\n|move|p2a: Infernape|Close Combat|p1a: Deoxys\n|-supereffective|p1a: Deoxys\n|-damage|p1a: Deoxys|73/221 par\n|-unboost|p2a: Infernape|def|1\n|-unboost|p2a: Infernape|spd|1\n|move|p1a: Deoxys|Recover|p1a: Deoxys\n|-heal|p1a: Deoxys|184/221 par\n|\n|-heal|p1a: Deoxys|197/221 par|[from] item: Leftovers\n|upkeep\n|turn|22\n|\n|t:|1733851320\n|switch|p2a: Corviknight|Corviknight, L80, F|288/288\n|-ability|p2a: Corviknight|Pressure\n|move|p1a: Deoxys|Night Shade|p2a: Corviknight\n|-damage|p2a: Corviknight|204/288\n|\n|-heal|p2a: Corviknight|222/288|[from] item: Leftovers\n|-heal|p1a: Deoxys|210/221 par|[from] item: Leftovers\n|upkeep\n|turn|23\n|\n|t:|1733851328\n|move|p2a: Corviknight|Roost|p2a: Corviknight\n|-heal|p2a: Corviknight|288/288\n|-singleturn|p2a: Corviknight|move: Roost\n|move|p1a: Deoxys|Stored Power|p2a: Corviknight\n|-resisted|p2a: Corviknight\n|-damage|p2a: Corviknight|165/288\n|\n|-heal|p2a: Corviknight|183/288|[from] item: Leftovers\n|-heal|p1a: Deoxys|221/221 par|[from] item: Leftovers\n|upkeep\n|turn|24\n|\n|t:|1733851338\n|move|p2a: Corviknight|Roost|p2a: Corviknight\n|-heal|p2a: Corviknight|288/288\n|-singleturn|p2a: Corviknight|move: Roost\n|cant|p1a: Deoxys|par\n|\n|upkeep\n|turn|25\n|\n|t:|1733851346\n|move|p2a: Corviknight|Brave Bird|p1a: Deoxys\n|-resisted|p1a: Deoxys\n|-damage|p1a: Deoxys|213/221 par\n|-damage|p2a: Corviknight|285/288|[from] Recoil\n|move|p1a: Deoxys|Night Shade|p2a: Corviknight\n|-damage|p2a: Corviknight|201/288\n|\n|-heal|p2a: Corviknight|219/288|[from] item: Leftovers\n|-heal|p1a: Deoxys|221/221 par|[from] item: Leftovers\n|upkeep\n|turn|26\n|\n|t:|1733851352\n|move|p2a: Corviknight|Brave Bird|p1a: Deoxys\n|-resisted|p1a: Deoxys\n|-damage|p1a: Deoxys|212/221 par\n|-damage|p2a: Corviknight|216/288|[from] Recoil\n|move|p1a: Deoxys|Night Shade|p2a: Corviknight\n|-damage|p2a: Corviknight|132/288\n|\n|-heal|p2a: Corviknight|150/288|[from] item: Leftovers\n|-heal|p1a: Deoxys|221/221 par|[from] item: Leftovers\n|upkeep\n|turn|27\n|\n|t:|1733851356\n|move|p2a: Corviknight|Roost|p2a: Corviknight\n|-heal|p2a: Corviknight|288/288\n|-singleturn|p2a: Corviknight|move: Roost\n|move|p1a: Deoxys|Stored Power|p2a: Corviknight\n|-resisted|p2a: Corviknight\n|-damage|p2a: Corviknight|174/288\n|\n|-heal|p2a: Corviknight|192/288|[from] item: Leftovers\n|upkeep\n|turn|28\n|\n|t:|1733851362\n|move|p2a: Corviknight|Brave Bird|p1a: Deoxys\n|-resisted|p1a: Deoxys\n|-damage|p1a: Deoxys|213/221 par\n|-damage|p2a: Corviknight|189/288|[from] Recoil\n|move|p1a: Deoxys|Stored Power|p2a: Corviknight\n|-resisted|p2a: Corviknight\n|-damage|p2a: Corviknight|75/288\n|\n|-heal|p2a: Corviknight|93/288|[from] item: Leftovers\n|-heal|p1a: Deoxys|221/221 par|[from] item: Leftovers\n|upkeep\n|turn|29\n|\n|t:|1733851369\n|move|p2a: Corviknight|Roost|p2a: Corviknight\n|-heal|p2a: Corviknight|237/288\n|-singleturn|p2a: Corviknight|move: Roost\n|move|p1a: Deoxys|Stored Power|p2a: Corviknight\n|-resisted|p2a: Corviknight\n|-damage|p2a: Corviknight|126/288\n|\n|-heal|p2a: Corviknight|144/288|[from] item: Leftovers\n|upkeep\n|turn|30\n|\n|t:|1733851377\n|move|p2a: Corviknight|Roost|p2a: Corviknight\n|-heal|p2a: Corviknight|288/288\n|-singleturn|p2a: Corviknight|move: Roost\n|cant|p1a: Deoxys|par\n|\n|upkeep\n|turn|31\n|\n|t:|1733851384\n|move|p2a: Corviknight|Defog|p1a: Deoxys\n|-unboost|p1a: Deoxys|evasion|1\n|move|p1a: Deoxys|Night Shade|p2a: Corviknight\n|-damage|p2a: Corviknight|204/288\n|\n|-heal|p2a: Corviknight|222/288|[from] item: Leftovers\n|upkeep\n|turn|32\n|\n|t:|1733851392\n|move|p2a: Corviknight|Defog|p1a: Deoxys\n|-unboost|p1a: Deoxys|evasion|1\n|move|p1a: Deoxys|Cosmic Power|p1a: Deoxys\n|-boost|p1a: Deoxys|def|0\n|-boost|p1a: Deoxys|spd|0\n|\n|-heal|p2a: Corviknight|240/288|[from] item: Leftovers\n|upkeep\n|turn|33\n|\n|t:|1733851399\n|move|p2a: Corviknight|Defog|p1a: Deoxys\n|-unboost|p1a: Deoxys|evasion|1\n|move|p1a: Deoxys|Cosmic Power|p1a: Deoxys\n|-boost|p1a: Deoxys|def|0\n|-boost|p1a: Deoxys|spd|0\n|\n|-heal|p2a: Corviknight|258/288|[from] item: Leftovers\n|upkeep\n|turn|34\n|\n|t:|1733851403\n|move|p2a: Corviknight|Defog|p1a: Deoxys\n|-unboost|p1a: Deoxys|evasion|1\n|move|p1a: Deoxys|Cosmic Power|p1a: Deoxys\n|-boost|p1a: Deoxys|def|0\n|-boost|p1a: Deoxys|spd|0\n|\n|-heal|p2a: Corviknight|276/288|[from] item: Leftovers\n|upkeep\n|turn|35\n|\n|t:|1733851407\n|move|p2a: Corviknight|Brave Bird|p1a: Deoxys\n|-resisted|p1a: Deoxys\n|-damage|p1a: Deoxys|212/221 par\n|-damage|p2a: Corviknight|273/288|[from] Recoil\n|move|p1a: Deoxys|Cosmic Power|p1a: Deoxys\n|-boost|p1a: Deoxys|def|0\n|-boost|p1a: Deoxys|spd|0\n|\n|-heal|p2a: Corviknight|288/288|[from] item: Leftovers\n|-heal|p1a: Deoxys|221/221 par|[from] item: Leftovers\n|upkeep\n|turn|36\n|\n|t:|1733851414\n|move|p2a: Corviknight|Brave Bird|p1a: Deoxys\n|-resisted|p1a: Deoxys\n|-damage|p1a: Deoxys|213/221 par\n|-damage|p2a: Corviknight|285/288|[from] Recoil\n|move|p1a: Deoxys|Night Shade|p2a: Corviknight\n|-damage|p2a: Corviknight|201/288\n|\n|-heal|p2a: Corviknight|219/288|[from] item: Leftovers\n|-heal|p1a: Deoxys|221/221 par|[from] item: Leftovers\n|upkeep\n|turn|37\n|\n|t:|1733851423\n|move|p2a: Corviknight|Brave Bird|p1a: Deoxys\n|-resisted|p1a: Deoxys\n|-damage|p1a: Deoxys|213/221 par\n|-damage|p2a: Corviknight|216/288|[from] Recoil\n|move|p1a: Deoxys|Cosmic Power|p1a: Deoxys\n|-boost|p1a: Deoxys|def|0\n|-boost|p1a: Deoxys|spd|0\n|\n|-heal|p2a: Corviknight|234/288|[from] item: Leftovers\n|-heal|p1a: Deoxys|221/221 par|[from] item: Leftovers\n|upkeep\n|turn|38\n|\n|t:|1733851435\n|move|p2a: Corviknight|Brave Bird|p1a: Deoxys\n|-resisted|p1a: Deoxys\n|-damage|p1a: Deoxys|212/221 par\n|-damage|p2a: Corviknight|231/288|[from] Recoil\n|move|p1a: Deoxys|Cosmic Power|p1a: Deoxys\n|-boost|p1a: Deoxys|def|0\n|-boost|p1a: Deoxys|spd|0\n|\n|-heal|p2a: Corviknight|249/288|[from] item: Leftovers\n|-heal|p1a: Deoxys|221/221 par|[from] item: Leftovers\n|upkeep\n|turn|39\n|\n|t:|1733851440\n|move|p2a: Corviknight|Defog|p1a: Deoxys\n|-unboost|p1a: Deoxys|evasion|1\n|move|p1a: Deoxys|Cosmic Power|p1a: Deoxys\n|-boost|p1a: Deoxys|def|0\n|-boost|p1a: Deoxys|spd|0\n|\n|-heal|p2a: Corviknight|267/288|[from] item: Leftovers\n|upkeep\n|turn|40\n|\n|t:|1733851446\n|move|p2a: Corviknight|Defog|p1a: Deoxys\n|-unboost|p1a: Deoxys|evasion|1\n|move|p1a: Deoxys|Cosmic Power|p1a: Deoxys\n|-boost|p1a: Deoxys|def|0\n|-boost|p1a: Deoxys|spd|0\n|\n|-heal|p2a: Corviknight|285/288|[from] item: Leftovers\n|upkeep\n|turn|41\n|\n|t:|1733851450\n|move|p2a: Corviknight|Brave Bird|p1a: Deoxys\n|-resisted|p1a: Deoxys\n|-damage|p1a: Deoxys|213/221 par\n|-damage|p2a: Corviknight|282/288|[from] Recoil\n|cant|p1a: Deoxys|par\n|\n|-heal|p2a: Corviknight|288/288|[from] item: Leftovers\n|-heal|p1a: Deoxys|221/221 par|[from] item: Leftovers\n|upkeep\n|turn|42\n|\n|t:|1733851454\n|move|p2a: Corviknight|Defog||[still]\n|-unboost|p1a: Deoxys|evasion|0\n|-fail|p2a: Corviknight\n|move|p1a: Deoxys|Cosmic Power|p1a: Deoxys\n|-boost|p1a: Deoxys|def|0\n|-boost|p1a: Deoxys|spd|0\n|\n|upkeep\n|turn|43\n|\n|t:|1733851460\n|move|p2a: Corviknight|Defog||[still]\n|-unboost|p1a: Deoxys|evasion|0\n|-fail|p2a: Corviknight\n|cant|p1a: Deoxys|par\n|\n|upkeep\n|turn|44\n|\n|t:|1733851465\n|move|p2a: Corviknight|Defog||[still]\n|-unboost|p1a: Deoxys|evasion|0\n|-fail|p2a: Corviknight\n|move|p1a: Deoxys|Stored Power|p2a: Corviknight\n|-resisted|p2a: Corviknight\n|-damage|p2a: Corviknight|177/288\n|\n|-heal|p2a: Corviknight|195/288|[from] item: Leftovers\n|upkeep\n|turn|45\n|\n|t:|1733851476\n|switch|p2a: Infernape|Infernape, L82, M, tera:Dark|259/259\n|move|p1a: Deoxys|Cosmic Power|p1a: Deoxys\n|-boost|p1a: Deoxys|def|0\n|-boost|p1a: Deoxys|spd|0\n|\n|upkeep\n|turn|46\n|\n|t:|1733851481\n|move|p2a: Infernape|Knock Off|p1a: Deoxys\n|-damage|p1a: Deoxys|196/221 par\n|-enditem|p1a: Deoxys|Leftovers|[from] move: Knock Off|[of] p2a: Infernape\n|cant|p1a: Deoxys|par\n|\n|upkeep\n|turn|47\n|\n|t:|1733851489\n|switch|p2a: Corviknight|Corviknight, L80, F|195/288\n|-ability|p2a: Corviknight|Pressure\n|cant|p1a: Deoxys|par\n|\n|-heal|p2a: Corviknight|213/288|[from] item: Leftovers\n|upkeep\n|turn|48\n|\n|t:|1733851495\n|switch|p2a: Infernape|Infernape, L82, M, tera:Dark|259/259\n|cant|p1a: Deoxys|par\n|\n|upkeep\n|turn|49\n|\n|t:|1733851499\n|move|p2a: Infernape|Flare Blitz|p1a: Deoxys\n|-supereffective|p1a: Deoxys\n|-damage|p1a: Deoxys|130/221 par\n|-damage|p2a: Infernape|237/259|[from] Recoil\n|move|p1a: Deoxys|Night Shade|p2a: Infernape\n|-damage|p2a: Infernape|153/259\n|\n|upkeep\n|turn|50\n|\n|t:|1733851508\n|switch|p2a: Corviknight|Corviknight, L80, F|213/288\n|-ability|p2a: Corviknight|Pressure\n|move|p1a: Deoxys|Recover|p1a: Deoxys\n|-heal|p1a: Deoxys|221/221 par\n|\n|-heal|p2a: Corviknight|231/288|[from] item: Leftovers\n|upkeep\n|turn|51\n|\n|t:|1733851520\n|move|p2a: Corviknight|U-turn|p1a: Deoxys\n|-resisted|p1a: Deoxys\n|-damage|p1a: Deoxys|218/221 par\n|\n|t:|1733851522\n|switch|p2a: Infernape|Infernape, L82, M, tera:Dark|153/259|[from] U-turn\n|move|p1a: Deoxys|Night Shade|p2a: Infernape\n|-damage|p2a: Infernape|69/259\n|\n|upkeep\n|turn|52\n|\n|t:|1733851530\n|move|p2a: Infernape|Flare Blitz|p1a: Deoxys\n|-supereffective|p1a: Deoxys\n|-damage|p1a: Deoxys|150/221 par\n|-damage|p2a: Infernape|47/259|[from] Recoil\n|cant|p1a: Deoxys|par\n|\n|upkeep\n|turn|53\n|\n|t:|1733851534\n|move|p2a: Infernape|Flare Blitz|p1a: Deoxys\n|-supereffective|p1a: Deoxys\n|-damage|p1a: Deoxys|82/221 par\n|-damage|p2a: Infernape|25/259|[from] Recoil\n|move|p1a: Deoxys|Night Shade|p2a: Infernape\n|-damage|p2a: Infernape|0 fnt\n|faint|p2a: Infernape\n|\n|upkeep\n|\n|t:|1733851546\n|switch|p2a: Pachirisu|Pachirisu, L96, F|271/271\n|turn|54\n|\n|t:|1733851550\n|move|p2a: Pachirisu|Super Fang|p1a: Deoxys\n|-damage|p1a: Deoxys|41/221 par\n|cant|p1a: Deoxys|par\n|\n|upkeep\n|turn|55\n|\n|t:|1733851554\n|move|p2a: Pachirisu|U-turn|p1a: Deoxys\n|-resisted|p1a: Deoxys\n|-damage|p1a: Deoxys|38/221 par\n|\n|t:|1733851557\n|switch|p2a: Corviknight|Corviknight, L80, F|231/288|[from] U-turn\n|-ability|p2a: Corviknight|Pressure\n|move|p1a: Deoxys|Recover|p1a: Deoxys\n|-heal|p1a: Deoxys|149/221 par\n|\n|-heal|p2a: Corviknight|249/288|[from] item: Leftovers\n|upkeep\n|turn|56\n|\n|t:|1733851563\n|move|p2a: Corviknight|Defog||[still]\n|-unboost|p1a: Deoxys|evasion|0\n|-fail|p2a: Corviknight\n|move|p1a: Deoxys|Cosmic Power|p1a: Deoxys\n|-boost|p1a: Deoxys|def|0\n|-boost|p1a: Deoxys|spd|0\n|\n|-heal|p2a: Corviknight|267/288|[from] item: Leftovers\n|upkeep\n|turn|57\n|\n|t:|1733851568\n|move|p2a: Corviknight|Defog||[still]\n|-unboost|p1a: Deoxys|evasion|0\n|-fail|p2a: Corviknight\n|cant|p1a: Deoxys|par\n|\n|-heal|p2a: Corviknight|285/288|[from] item: Leftovers\n|upkeep\n|turn|58\n|\n|t:|1733851576\n|move|p2a: Corviknight|Defog||[still]\n|-unboost|p1a: Deoxys|evasion|0\n|-fail|p2a: Corviknight\n|move|p1a: Deoxys|Cosmic Power|p1a: Deoxys\n|-boost|p1a: Deoxys|def|0\n|-boost|p1a: Deoxys|spd|0\n|\n|-heal|p2a: Corviknight|288/288|[from] item: Leftovers\n|upkeep\n|turn|59\n|\n|t:|1733851588\n|move|p2a: Corviknight|Brave Bird|p1a: Deoxys\n|-resisted|p1a: Deoxys\n|-damage|p1a: Deoxys|141/221 par\n|-damage|p2a: Corviknight|285/288|[from] Recoil\n|move|p1a: Deoxys|Night Shade|p2a: Corviknight\n|-damage|p2a: Corviknight|201/288\n|\n|-heal|p2a: Corviknight|219/288|[from] item: Leftovers\n|upkeep\n|turn|60\n|\n|t:|1733851598\n|move|p2a: Corviknight|Brave Bird|p1a: Deoxys\n|-resisted|p1a: Deoxys\n|-damage|p1a: Deoxys|133/221 par\n|-damage|p2a: Corviknight|216/288|[from] Recoil\n|move|p1a: Deoxys|Cosmic Power|p1a: Deoxys\n|-boost|p1a: Deoxys|def|0\n|-boost|p1a: Deoxys|spd|0\n|\n|-heal|p2a: Corviknight|234/288|[from] item: Leftovers\n|upkeep\n|turn|61\n|\n|t:|1733851607\n|move|p2a: Corviknight|Brave Bird|p1a: Deoxys\n|-resisted|p1a: Deoxys\n|-damage|p1a: Deoxys|124/221 par\n|-damage|p2a: Corviknight|231/288|[from] Recoil\n|move|p1a: Deoxys|Cosmic Power|p1a: Deoxys\n|-boost|p1a: Deoxys|def|0\n|-boost|p1a: Deoxys|spd|0\n|\n|-heal|p2a: Corviknight|249/288|[from] item: Leftovers\n|upkeep\n|turn|62\n|\n|t:|1733851611\n|move|p2a: Corviknight|Brave Bird|p1a: Deoxys\n|-resisted|p1a: Deoxys\n|-damage|p1a: Deoxys|116/221 par\n|-damage|p2a: Corviknight|246/288|[from] Recoil\n|move|p1a: Deoxys|Cosmic Power|p1a: Deoxys\n|-boost|p1a: Deoxys|def|0\n|-boost|p1a: Deoxys|spd|0\n|\n|-heal|p2a: Corviknight|264/288|[from] item: Leftovers\n|upkeep\n|turn|63\n|\n|t:|1733851635\n|switch|p2a: Pachirisu|Pachirisu, L96, F|271/271\n|move|p1a: Deoxys|Recover|p1a: Deoxys\n|-heal|p1a: Deoxys|221/221 par\n|\n|upkeep\n|turn|64\n|\n|t:|1733851640\n|move|p2a: Pachirisu|U-turn|p1a: Deoxys\n|-resisted|p1a: Deoxys\n|-damage|p1a: Deoxys|218/221 par\n|\n|t:|1733851642\n|switch|p2a: Corviknight|Corviknight, L80, F|264/288|[from] U-turn\n|-ability|p2a: Corviknight|Pressure\n|move|p1a: Deoxys|Night Shade|p2a: Corviknight\n|-damage|p2a: Corviknight|180/288\n|\n|-heal|p2a: Corviknight|198/288|[from] item: Leftovers\n|upkeep\n|turn|65\n|\n|t:|1733851652\n|move|p2a: Corviknight|U-turn|p1a: Deoxys\n|-resisted|p1a: Deoxys\n|-damage|p1a: Deoxys|215/221 par\n|\n|t:|1733851654\n|switch|p2a: Pachirisu|Pachirisu, L96, F|271/271|[from] U-turn\n|cant|p1a: Deoxys|par\n|\n|upkeep\n|turn|66\n|\n|t:|1733851661\n|move|p2a: Pachirisu|U-turn|p1a: Deoxys\n|-resisted|p1a: Deoxys\n|-damage|p1a: Deoxys|211/221 par\n|\n|t:|1733851663\n|switch|p2a: Corviknight|Corviknight, L80, F|198/288|[from] U-turn\n|-ability|p2a: Corviknight|Pressure\n|move|p1a: Deoxys|Night Shade|p2a: Corviknight\n|-damage|p2a: Corviknight|114/288\n|\n|-heal|p2a: Corviknight|132/288|[from] item: Leftovers\n|upkeep\n|turn|67\n|\n|t:|1733851670\n|move|p2a: Corviknight|U-turn|p1a: Deoxys\n|-resisted|p1a: Deoxys\n|-damage|p1a: Deoxys|208/221 par\n|\n|t:|1733851672\n|switch|p2a: Pachirisu|Pachirisu, L96, F|271/271|[from] U-turn\n|cant|p1a: Deoxys|par\n|\n|upkeep\n|turn|68\n|\n|t:|1733851676\n|move|p2a: Pachirisu|U-turn|p1a: Deoxys\n|-resisted|p1a: Deoxys\n|-damage|p1a: Deoxys|205/221 par\n|\n|t:|1733851678\n|switch|p2a: Corviknight|Corviknight, L80, F|132/288|[from] U-turn\n|-ability|p2a: Corviknight|Pressure\n|cant|p1a: Deoxys|par\n|\n|-heal|p2a: Corviknight|150/288|[from] item: Leftovers\n|upkeep\n|turn|69\n|\n|t:|1733851687\n|move|p2a: Corviknight|U-turn|p1a: Deoxys\n|-resisted|p1a: Deoxys\n|-damage|p1a: Deoxys|201/221 par\n|\n|t:|1733851689\n|switch|p2a: Pachirisu|Pachirisu, L96, F|271/271|[from] U-turn\n|move|p1a: Deoxys|Stored Power|p2a: Pachirisu\n|-damage|p2a: Pachirisu|85/271\n|\n|upkeep\n|turn|70\n|\n|t:|1733851698\n|move|p2a: Pachirisu|U-turn|p1a: Deoxys\n|-resisted|p1a: Deoxys\n|-damage|p1a: Deoxys|198/221 par\n|\n|t:|1733851700\n|switch|p2a: Corviknight|Corviknight, L80, F|150/288|[from] U-turn\n|-ability|p2a: Corviknight|Pressure\n|move|p1a: Deoxys|Night Shade|p2a: Corviknight\n|-damage|p2a: Corviknight|66/288\n|\n|-heal|p2a: Corviknight|84/288|[from] item: Leftovers\n|upkeep\n|turn|71\n|\n|t:|1733851708\n|move|p2a: Corviknight|Roost|p2a: Corviknight\n|-heal|p2a: Corviknight|228/288\n|-singleturn|p2a: Corviknight|move: Roost\n|move|p1a: Deoxys|Cosmic Power|p1a: Deoxys\n|-boost|p1a: Deoxys|def|0\n|-boost|p1a: Deoxys|spd|0\n|\n|-heal|p2a: Corviknight|246/288|[from] item: Leftovers\n|upkeep\n|turn|72\n|\n|t:|1733851732\n|move|p2a: Corviknight|U-turn|p1a: Deoxys\n|-resisted|p1a: Deoxys\n|-damage|p1a: Deoxys|195/221 par\n|\n|t:|1733851734\n|switch|p2a: Pachirisu|Pachirisu, L96, F|85/271|[from] U-turn\n|move|p1a: Deoxys|Night Shade|p2a: Pachirisu\n|-damage|p2a: Pachirisu|1/271\n|\n|upkeep\n|turn|73\n|\n|t:|1733851745\n|move|p2a: Pachirisu|U-turn|p1a: Deoxys\n|-resisted|p1a: Deoxys\n|-damage|p1a: Deoxys|191/221 par\n|\n|t:|1733851748\n|switch|p2a: Corviknight|Corviknight, L80, F|246/288|[from] U-turn\n|-ability|p2a: Corviknight|Pressure\n|move|p1a: Deoxys|Night Shade|p2a: Corviknight\n|-damage|p2a: Corviknight|162/288\n|\n|-heal|p2a: Corviknight|180/288|[from] item: Leftovers\n|upkeep\n|turn|74\n|\n|t:|1733851756\n|move|p2a: Corviknight|U-turn|p1a: Deoxys\n|-resisted|p1a: Deoxys\n|-damage|p1a: Deoxys|188/221 par\n|\n|t:|1733851758\n|switch|p2a: Snorlax|Snorlax, L82, M|397/397|[from] U-turn\n|move|p1a: Deoxys|Cosmic Power|p1a: Deoxys\n|-boost|p1a: Deoxys|def|0\n|-boost|p1a: Deoxys|spd|0\n|\n|upkeep\n|turn|75\n|\n|t:|1733851765\n|switch|p2a: Corviknight|Corviknight, L80, F|180/288\n|-ability|p2a: Corviknight|Pressure\n|move|p1a: Deoxys|Stored Power|p2a: Corviknight\n|-resisted|p2a: Corviknight\n|-damage|p2a: Corviknight|63/288\n|\n|-heal|p2a: Corviknight|81/288|[from] item: Leftovers\n|upkeep\n|turn|76\n|\n|t:|1733851775\n|switch|p1a: Klefki|Klefki, L84, M|233/233\n|move|p2a: Corviknight|Roost|p2a: Corviknight\n|-heal|p2a: Corviknight|225/288\n|-singleturn|p2a: Corviknight|move: Roost\n|\n|-heal|p2a: Corviknight|243/288|[from] item: Leftovers\n|upkeep\n|turn|77\n|\n|t:|1733851782\n|switch|p2a: Pachirisu|Pachirisu, L96, F|1/271\n|move|p1a: Klefki|Thunder Wave|p2a: Pachirisu\n|-heal|p2a: Pachirisu|68/271|[from] ability: Volt Absorb|[of] p1a: Klefki\n|\n|upkeep\n|turn|78\n|\n|t:|1733851788\n|move|p2a: Pachirisu|Discharge|p1a: Klefki\n|-damage|p1a: Klefki|170/233\n|move|p1a: Klefki|Play Rough|p2a: Pachirisu|[miss]\n|-miss|p1a: Klefki|p2a: Pachirisu\n|\n|-heal|p1a: Klefki|184/233|[from] item: Leftovers\n|upkeep\n|turn|79\n|\n|t:|1733851792\n|move|p1a: Klefki|Spikes|p2a: Pachirisu\n|-sidestart|p2: PowerPoints|Spikes\n|move|p2a: Pachirisu|Discharge|p1a: Klefki\n|-damage|p1a: Klefki|121/233\n|\n|-heal|p1a: Klefki|135/233|[from] item: Leftovers\n|upkeep\n|turn|80\n|\n|t:|1733851798\n|move|p1a: Klefki|Spikes|p2a: Pachirisu\n|-sidestart|p2: PowerPoints|Spikes\n|move|p2a: Pachirisu|Discharge|p1a: Klefki\n|-damage|p1a: Klefki|72/233\n|\n|-heal|p1a: Klefki|86/233|[from] item: Leftovers\n|upkeep\n|turn|81\n|\n|t:|1733851801\n|move|p2a: Pachirisu|Discharge|p1a: Klefki\n|-damage|p1a: Klefki|20/233\n|move|p1a: Klefki|Play Rough|p2a: Pachirisu\n|-damage|p2a: Pachirisu|0 fnt\n|faint|p2a: Pachirisu\n|\n|-heal|p1a: Klefki|34/233|[from] item: Leftovers\n|upkeep\n|\n|t:|1733851811\n|switch|p2a: Snorlax|Snorlax, L82, M|397/397\n|-damage|p2a: Snorlax|331/397|[from] Spikes\n|turn|82\n|\n|t:|1733851814\n|move|p1a: Klefki|Thunder Wave|p2a: Snorlax\n|-status|p2a: Snorlax|par\n|move|p2a: Snorlax|Earthquake|p1a: Klefki\n|-supereffective|p1a: Klefki\n|-damage|p1a: Klefki|0 fnt\n|faint|p1a: Klefki\n|\n|-heal|p2a: Snorlax|355/397 par|[from] item: Leftovers\n|upkeep\n|\n|t:|1733851820\n|switch|p1a: Dondozo|Dondozo, L78, F|362/362\n|turn|83\n|\n|t:|1733851829\n|move|p1a: Dondozo|Curse|p1a: Dondozo\n|-unboost|p1a: Dondozo|spe|1\n|-boost|p1a: Dondozo|atk|1\n|-boost|p1a: Dondozo|def|1\n|cant|p2a: Snorlax|par\n|\n|-heal|p2a: Snorlax|379/397 par|[from] item: Leftovers\n|upkeep\n|turn|84\n|\n|t:|1733851834\n|move|p1a: Dondozo|Curse|p1a: Dondozo\n|-unboost|p1a: Dondozo|spe|1\n|-boost|p1a: Dondozo|atk|1\n|-boost|p1a: Dondozo|def|1\n|move|p2a: Snorlax|Body Slam|p1a: Dondozo\n|-damage|p1a: Dondozo|316/362\n|\n|-heal|p1a: Dondozo|338/362|[from] item: Leftovers\n|-heal|p2a: Snorlax|397/397 par|[from] item: Leftovers\n|upkeep\n|turn|85\n|\n|t:|1733851842\n|move|p1a: Dondozo|Curse|p1a: Dondozo\n|-unboost|p1a: Dondozo|spe|1\n|-boost|p1a: Dondozo|atk|1\n|-boost|p1a: Dondozo|def|1\n|move|p2a: Snorlax|Body Slam|p1a: Dondozo\n|-crit|p1a: Dondozo\n|-damage|p1a: Dondozo|208/362\n|-status|p1a: Dondozo|par\n|\n|-heal|p1a: Dondozo|230/362 par|[from] item: Leftovers\n|upkeep\n|turn|86\n|\n|t:|1733851859\n|switch|p2a: Corviknight|Corviknight, L80, F|243/288\n|-ability|p2a: Corviknight|Pressure\n|move|p1a: Dondozo|Curse|p1a: Dondozo\n|-unboost|p1a: Dondozo|spe|1\n|-boost|p1a: Dondozo|atk|1\n|-boost|p1a: Dondozo|def|1\n|\n|-heal|p2a: Corviknight|261/288|[from] item: Leftovers\n|-heal|p1a: Dondozo|252/362 par|[from] item: Leftovers\n|upkeep\n|turn|87\n|\n|t:|1733851868\n|move|p2a: Corviknight|U-turn|p1a: Dondozo\n|-damage|p1a: Dondozo|239/362 par\n|\n|t:|1733851870\n|switch|p2a: Snorlax|Snorlax, L82, M|397/397 par|[from] U-turn\n|-damage|p2a: Snorlax|331/397 par|[from] Spikes\n|move|p1a: Dondozo|Curse|p1a: Dondozo\n|-unboost|p1a: Dondozo|spe|1\n|-boost|p1a: Dondozo|atk|1\n|-boost|p1a: Dondozo|def|1\n|\n|-heal|p2a: Snorlax|355/397 par|[from] item: Leftovers\n|-heal|p1a: Dondozo|261/362 par|[from] item: Leftovers\n|upkeep\n|turn|88\n|\n|t:|1733851879\n|move|p2a: Snorlax|Crunch|p1a: Dondozo\n|-damage|p1a: Dondozo|246/362 par\n|move|p1a: Dondozo|Curse|p1a: Dondozo\n|-unboost|p1a: Dondozo|spe|1\n|-boost|p1a: Dondozo|atk|1\n|-boost|p1a: Dondozo|def|1\n|\n|-heal|p2a: Snorlax|379/397 par|[from] item: Leftovers\n|-heal|p1a: Dondozo|268/362 par|[from] item: Leftovers\n|upkeep\n|turn|89\n|\n|t:|1733851883\n|move|p2a: Snorlax|Crunch|p1a: Dondozo\n|-damage|p1a: Dondozo|254/362 par\n|move|p1a: Dondozo|Wave Crash|p2a: Snorlax\n|-damage|p2a: Snorlax|0 fnt\n|faint|p2a: Snorlax\n|-damage|p1a: Dondozo|129/362 par|[from] Recoil\n|\n|-heal|p1a: Dondozo|151/362 par|[from] item: Leftovers\n|upkeep\n|\n|t:|1733851892\n|switch|p2a: Corviknight|Corviknight, L80, F|261/288\n|-ability|p2a: Corviknight|Pressure\n|turn|90\n|\n|t:|1733851897\n|move|p2a: Corviknight|U-turn|p1a: Dondozo\n|-damage|p1a: Dondozo|142/362 par\n|\n|t:|1733851899\n|switch|p2a: Kommo-o|Kommo-o, L78, M|245/245|[from] U-turn\n|-damage|p2a: Kommo-o|205/245|[from] Spikes\n|move|p1a: Dondozo|Rest|p1a: Dondozo\n|-status|p1a: Dondozo|slp|[from] move: Rest\n|-heal|p1a: Dondozo|362/362 slp|[silent]\n|\n|upkeep\n|turn|91\n|\n|t:|1733851902\n|move|p2a: Kommo-o|Swords Dance|p2a: Kommo-o\n|-boost|p2a: Kommo-o|atk|2\n|cant|p1a: Dondozo|slp\n|move|p1a: Dondozo|Sleep Talk|p1a: Dondozo\n|move|p1a: Dondozo|Curse|p1a: Dondozo|[from]move: Sleep Talk\n|\n|upkeep\n|turn|92\n|\n|t:|1733851910\n|move|p2a: Kommo-o|Swords Dance|p2a: Kommo-o\n|-boost|p2a: Kommo-o|atk|2\n|cant|p1a: Dondozo|slp\n|move|p1a: Dondozo|Sleep Talk|p1a: Dondozo\n|move|p1a: Dondozo|Wave Crash|p2a: Kommo-o|[from]move: Sleep Talk\n|-resisted|p2a: Kommo-o\n|-damage|p2a: Kommo-o|22/245\n|-damage|p1a: Dondozo|302/362 slp|[from] Recoil\n|\n|-heal|p1a: Dondozo|324/362 slp|[from] item: Leftovers\n|upkeep\n|turn|93\n|\n|t:|1733851922\n|move|p2a: Kommo-o|Scale Shot|p1a: Dondozo\n|-damage|p1a: Dondozo|318/362 slp\n|-damage|p1a: Dondozo|312/362 slp\n|-damage|p1a: Dondozo|306/362 slp\n|-damage|p1a: Dondozo|300/362 slp\n|-hitcount|p1a: Dondozo|4\n|-unboost|p2a: Kommo-o|def|1\n|-boost|p2a: Kommo-o|spe|1\n|-curestatus|p1a: Dondozo|slp|[msg]\n|move|p1a: Dondozo|Curse|p1a: Dondozo\n|\n|-heal|p1a: Dondozo|322/362|[from] item: Leftovers\n|upkeep\n|turn|94\n|\n|t:|1733851942\n|move|p2a: Kommo-o|Scale Shot|p1a: Dondozo\n|-damage|p1a: Dondozo|316/362\n|-damage|p1a: Dondozo|309/362\n|-damage|p1a: Dondozo|303/362\n|-damage|p1a: Dondozo|297/362\n|-hitcount|p1a: Dondozo|4\n|-unboost|p2a: Kommo-o|def|1\n|-boost|p2a: Kommo-o|spe|1\n|move|p1a: Dondozo|Curse|p1a: Dondozo\n|\n|-heal|p1a: Dondozo|319/362|[from] item: Leftovers\n|upkeep\n|turn|95\n|-message|PowerPoints forfeited.\n|\n|win|boogs1\n|raw|boogs1's rating: 1671 &rarr; <strong>1692</strong><br />(+21 for winning)\n|raw|PowerPoints's rating: 1685 &rarr; <strong>1664</strong><br />(-21 for losing)\n|l|\u2606PowerPoints\n|player|p2|\n", "inputlog": ">version bfd83cad13791eb5a5a409923076391caf6fb4d4\n>start {\"formatid\":\"gen9randombattle\",\"seed\":[51692,23495,18172,44025],\"rated\":\"Rated battle\"}\n>player p1 {\"name\":\"boogs1\",\"avatar\":\"265\",\"rating\":1671,\"seed\":[37046,40064,60937,59388]}\n>player p2 {\"name\":\"PowerPoints\",\"avatar\":\"102\",\"rating\":1685,\"seed\":[37343,6232,25559,26328]}\n>p1 move cosmicpower\n>p2 switch 2\n>p1 move cosmicpower\n>p2 move encore\n>p1 move cosmicpower\n>p2 move discharge\n>p1 move cosmicpower\n>p2 move superfang\n>p1 move recover\n>p2 move encore\n>p1 move cosmicpower\n>p2 move superfang\n>p1 move cosmicpower\n>p2 move superfang\n>p1 move recover\n>p2 move encore\n>p1 move cosmicpower\n>p2 move superfang\n>p1 move cosmicpower\n>p2 move superfang\n>p1 move recover\n>p2 move encore\n>p1 move cosmicpower\n>p2 move superfang\n>p1 move cosmicpower\n>p2 move superfang\n>p1 move recover\n>p2 move uturn\n>p2 switch 3\n>p1 move storedpower\n>p2 move swordsdance\n>p1 move storedpower\n>p2 move swordsdance\n>p1 move storedpower terastallize\n>p2 move playrough\n>p2 switch 6\n>p1 move storedpower\n>p2 move closecombat terastallize\n>p1 move recover\n>p2 move closecombat\n>p1 move recover\n>p2 move closecombat\n>p1 move recover\n>p2 move closecombat\n>p1 move nightshade\n>p2 switch 4\n>p1 move storedpower\n>p2 move roost\n>p1 move nightshade\n>p2 move roost\n>p1 move nightshade\n>p2 move bravebird\n>p1 move nightshade\n>p2 move bravebird\n>p1 move storedpower\n>p2 move roost\n>p1 move storedpower\n>p2 move bravebird\n>p1 move storedpower\n>p2 move roost\n>p1 move nightshade\n>p2 move roost\n>p1 move nightshade\n>p2 move defog\n>p1 move cosmicpower\n>p2 move defog\n>p1 move cosmicpower\n>p2 move defog\n>p1 move cosmicpower\n>p2 move defog\n>p1 move cosmicpower\n>p2 move bravebird\n>p1 move nightshade\n>p2 move bravebird\n>p1 move cosmicpower\n>p2 move bravebird\n>p1 move cosmicpower\n>p2 move bravebird\n>p1 move cosmicpower\n>p2 move defog\n>p1 move cosmicpower\n>p2 move defog\n>p1 move cosmicpower\n>p2 move bravebird\n>p1 move cosmicpower\n>p2 move defog\n>p1 move cosmicpower\n>p2 move defog\n>p1 move storedpower\n>p2 move defog\n>p1 move cosmicpower\n>p2 switch 4\n>p1 move nightshade\n>p2 move knockoff\n>p1 move nightshade\n>p2 switch 4\n>p1 move cosmicpower\n>p2 switch 4\n>p1 move nightshade\n>p2 move flareblitz\n>p1 move recover\n>p2 switch 4\n>p1 move nightshade\n>p2 move uturn\n>p2 switch 4\n>p1 move nightshade\n>p2 move flareblitz\n>p1 move nightshade\n>p2 move flareblitz\n>p2 switch 3\n>p1 move storedpower\n>p2 move superfang\n>p1 move recover\n>p2 move uturn\n>p2 switch 4\n>p1 move cosmicpower\n>p2 move defog\n>p1 move cosmicpower\n>p2 move defog\n>p1 move cosmicpower\n>p2 move defog\n>p1 move nightshade\n>p2 move bravebird\n>p1 move cosmicpower\n>p2 move bravebird\n>p1 move cosmicpower\n>p2 move bravebird\n>p1 move cosmicpower\n>p2 move bravebird\n>p1 move recover\n>p2 switch 4\n>p1 move nightshade\n>p2 move uturn\n>p2 switch 4\n>p1 move cosmicpower\n>p2 move uturn\n>p2 switch 4\n>p1 move nightshade\n>p2 move uturn\n>p2 switch 4\n>p1 move cosmicpower\n>p2 move uturn\n>p2 switch 4\n>p1 move nightshade\n>p2 move uturn\n>p2 switch 4\n>p1 move storedpower\n>p2 move uturn\n>p2 switch 4\n>p1 move nightshade\n>p2 move uturn\n>p2 switch 4\n>p1 move cosmicpower\n>p2 move roost\n>p1 move nightshade\n>p2 move uturn\n>p2 switch 4\n>p1 move nightshade\n>p2 move uturn\n>p2 switch 4\n>p1 move cosmicpower\n>p2 move uturn\n>p2 switch 5\n>p1 move storedpower\n>p2 switch 5\n>p1 switch 5\n>p2 move roost\n>p1 move thunderwave\n>p2 switch 4\n>p1 move playrough\n>p2 move discharge\n>p1 move spikes\n>p2 move discharge\n>p1 move spikes\n>p2 move discharge\n>p1 move playrough\n>p2 move discharge\n>p2 switch 5\n>p1 move thunderwave\n>p2 move earthquake\n>p1 switch 2\n>p1 move curse\n>p2 move bodyslam\n>p1 move curse\n>p2 move bodyslam\n>p1 move curse\n>p2 move bodyslam\n>p1 move curse\n>p2 switch 4\n>p1 move curse\n>p2 move uturn\n>p2 switch 4\n>p1 move curse\n>p2 move crunch\n>p1 move wavecrash\n>p2 move crunch\n>p2 switch 4\n>p1 move rest\n>p2 move uturn\n>p2 switch 2\n>p1 move sleeptalk\n>p2 move swordsdance\n>p1 move sleeptalk\n>p2 move swordsdance\n>p1 move curse\n>p2 move scaleshot\n>p1 move curse\n>p2 move scaleshot\n>forcelose p2", "uploadtime": 1733851957, "views": 21, "formatid": "gen9randombattle", "rating": 1664, "private": 0, "password": null}