{"id": "gen9randombattle-2249835310", "format": "[Gen 9] Random Battle", "players": ["Yusei1789", "dniebo"], "log": "|badge|p1|bronze|gen9randombattle|100-3\n|uhtml|medal-msg|<div class=\"broadcast-blue\">Curious what those medals under the avatar are? PS now has Ladder Seasons! For more information, check out the <a href=\"https://www.smogon.com/forums/threads/3740067/\">thread on Smogon.</a></div>\n|j|\u2606Yusei1789\n|j|\u2606dniebo\n|t:|1732405370\n|gametype|singles\n|player|p1|Yusei1789|101|2352\n|player|p2|dniebo|ingo|2257\n|teamsize|p1|6\n|teamsize|p2|6\n|gen|9\n|tier|[Gen 9] Random Battle\n|rated|\n|rule|Species Clause: Limit one of each Pok\u00e9mon\n|rule|HP Percentage Mod: HP is shown in percentages\n|rule|Sleep Clause Mod: Limit one foe put to sleep\n|rule|Illusion Level Mod: Illusion disguises the Pok\u00e9mon's true level\n|\n|t:|1732405370\n|start\n|switch|p1a: Corviknight|Corviknight, L80, F|288/288\n|switch|p2a: Zekrom|Zekrom, L71|259/259\n|-ability|p2a: Zekrom|Teravolt\n|-ability|p1a: Corviknight|Pressure\n|turn|1\n|inactive|Battle timer is ON: inactive players will automatically lose when time's up. (requested by dniebo)\n|\n|t:|1732405388\n|switch|p1a: Probopass|Probopass, L92, M|260/260\n|move|p2a: Zekrom|Substitute|p2a: Zekrom\n|-start|p2a: Zekrom|Substitute\n|-damage|p2a: Zekrom|195/259\n|\n|-heal|p2a: Zekrom|211/259|[from] item: Leftovers\n|upkeep\n|turn|2\n|\n|t:|1732405396\n|switch|p2a: Golduck|Golduck, L90, F|290/290\n|-ability|p2a: Golduck|Cloud Nine\n|move|p1a: Probopass|Iron Defense|p1a: Probopass\n|-boost|p1a: Probopass|def|2\n|\n|upkeep\n|turn|3\n|\n|t:|1732405407\n|switch|p1a: Iron Leaves|Iron Leaves, L80|275/275\n|move|p2a: Golduck|Nasty Plot|p2a: Golduck\n|-boost|p2a: Golduck|spa|2\n|\n|upkeep\n|turn|4\n|\n|t:|1732405415\n|switch|p2a: Bombirdier|Bombirdier, L85, M|258/258\n|move|p1a: Iron Leaves|Leaf Blade|p2a: Bombirdier\n|-resisted|p2a: Bombirdier\n|-damage|p2a: Bombirdier|189/258\n|-damage|p1a: Iron Leaves|248/275|[from] item: Life Orb\n|\n|upkeep\n|turn|5\n|\n|t:|1732405435\n|-end|p1a: Iron Leaves|Quark Drive|[silent]\n|switch|p1a: Probopass|Probopass, L92, M|260/260\n|move|p2a: Bombirdier|Stealth Rock|p1a: Probopass\n|-sidestart|p1: Yusei1789|move: Stealth Rock\n|\n|upkeep\n|turn|6\n|\n|t:|1732405440\n|switch|p2a: Swalot|Swalot, L90, F|326/326\n|move|p1a: Probopass|Body Press|p2a: Swalot\n|-resisted|p2a: Swalot\n|-damage|p2a: Swalot|280/326\n|\n|-heal|p2a: Swalot|300/326|[from] item: Leftovers\n|upkeep\n|turn|7\n|\n|t:|1732405446\n|switch|p1a: Corviknight|Corviknight, L80, F|288/288\n|-damage|p1a: Corviknight|252/288|[from] Stealth Rock\n|-ability|p1a: Corviknight|Pressure\n|move|p2a: Swalot|Encore||[still]\n|-fail|p2a: Swalot\n|\n|-heal|p1a: Corviknight|270/288|[from] item: Leftovers\n|-heal|p2a: Swalot|320/326|[from] item: Leftovers\n|upkeep\n|turn|8\n|\n|t:|1732405449\n|move|p1a: Corviknight|Defog|p2a: Swalot\n|-unboost|p2a: Swalot|evasion|1\n|-sideend|p1: Yusei1789|Stealth Rock|[from] move: Defog|[of] p1a: Corviknight\n|move|p2a: Swalot|Knock Off|p1a: Corviknight\n|-damage|p1a: Corviknight|206/288\n|-enditem|p1a: Corviknight|Leftovers|[from] move: Knock Off|[of] p2a: Swalot\n|\n|-heal|p2a: Swalot|326/326|[from] item: Leftovers\n|upkeep\n|turn|9\n|\n|t:|1732405460\n|move|p1a: Corviknight|Brave Bird|p2a: Swalot\n|-damage|p2a: Swalot|221/326\n|-damage|p1a: Corviknight|171/288|[from] Recoil\n|move|p2a: Swalot|Toxic Spikes|p1a: Corviknight\n|-sidestart|p1: Yusei1789|move: Toxic Spikes\n|\n|-heal|p2a: Swalot|241/326|[from] item: Leftovers\n|upkeep\n|turn|10\n|\n|t:|1732405477\n|switch|p2a: Volcanion|Volcanion, L79|255/255\n|move|p1a: Corviknight|Brave Bird|p2a: Volcanion\n|-damage|p2a: Volcanion|161/255\n|-damage|p1a: Corviknight|140/288|[from] Recoil\n|\n|upkeep\n|turn|11\n|\n|t:|1732405494\n|move|p2a: Volcanion|Flamethrower|p1a: Corviknight\n|-supereffective|p1a: Corviknight\n|-damage|p1a: Corviknight|0 fnt\n|faint|p1a: Corviknight\n|\n|upkeep\n|\n|t:|1732405504\n|switch|p1a: Hydrapple|Hydrapple, L83, F|312/312\n|-status|p1a: Hydrapple|psn\n|turn|12\n|\n|t:|1732405511\n|switch|p2a: Grimmsnarl|Grimmsnarl, L83, M|293/293\n|move|p1a: Hydrapple|Fickle Beam|p2a: Grimmsnarl\n|-immune|p2a: Grimmsnarl\n|\n|-damage|p1a: Hydrapple|273/312 psn|[from] psn\n|upkeep\n|turn|13\n|\n|t:|1732405515\n|switch|p1a: Probopass|Probopass, L92, M|260/260\n|move|p2a: Grimmsnarl|Spirit Break|p1a: Probopass\n|-resisted|p1a: Probopass\n|-damage|p1a: Probopass|230/260\n|-unboost|p1a: Probopass|spa|1\n|\n|-heal|p1a: Probopass|246/260|[from] item: Leftovers\n|upkeep\n|turn|14\n|\n|t:|1732405520\n|switch|p2a: Swalot|Swalot, L90, F|241/326\n|move|p1a: Probopass|Thunder Wave|p2a: Swalot\n|-status|p2a: Swalot|par\n|\n|-heal|p1a: Probopass|260/260|[from] item: Leftovers\n|-heal|p2a: Swalot|261/326 par|[from] item: Leftovers\n|upkeep\n|turn|15\n|\n|t:|1732405527\n|move|p1a: Probopass|Iron Defense|p1a: Probopass\n|-boost|p1a: Probopass|def|2\n|move|p2a: Swalot|Encore|p1a: Probopass\n|-start|p1a: Probopass|Encore\n|\n|-heal|p2a: Swalot|281/326 par|[from] item: Leftovers\n|upkeep\n|turn|16\n|\n|t:|1732405533\n|switch|p1a: Iron Leaves|Iron Leaves, L80|248/275\n|-status|p1a: Iron Leaves|psn\n|switch|p2a: Golduck|Golduck, L90, F|290/290\n|-ability|p2a: Golduck|Cloud Nine\n|\n|-damage|p1a: Iron Leaves|214/275 psn|[from] psn\n|upkeep\n|turn|17\n|\n|t:|1732405539\n|switch|p2a: Bombirdier|Bombirdier, L85, M|189/258\n|move|p1a: Iron Leaves|Swords Dance|p1a: Iron Leaves\n|-boost|p1a: Iron Leaves|atk|2\n|\n|-damage|p1a: Iron Leaves|180/275 psn|[from] psn\n|upkeep\n|turn|18\n|\n|t:|1732405549\n|move|p1a: Iron Leaves|Close Combat|p2a: Bombirdier\n|-damage|p2a: Bombirdier|0 fnt\n|-unboost|p1a: Iron Leaves|def|1\n|-unboost|p1a: Iron Leaves|spd|1\n|faint|p2a: Bombirdier\n|-damage|p1a: Iron Leaves|153/275 psn|[from] item: Life Orb\n|\n|-damage|p1a: Iron Leaves|119/275 psn|[from] psn\n|upkeep\n|\n|t:|1732405552\n|switch|p2a: Grimmsnarl|Grimmsnarl, L83, M|293/293\n|turn|19\n|\n|t:|1732405556\n|move|p2a: Grimmsnarl|Reflect|p2a: Grimmsnarl\n|-sidestart|p2: dniebo|Reflect\n|move|p1a: Iron Leaves|Leaf Blade|p2a: Grimmsnarl\n|-damage|p2a: Grimmsnarl|119/293\n|-damage|p1a: Iron Leaves|92/275 psn|[from] item: Life Orb\n|\n|-damage|p1a: Iron Leaves|58/275 psn|[from] psn\n|upkeep\n|turn|20\n|\n|t:|1732405567\n|switch|p2a: Swalot|Swalot, L90, F|281/326 par\n|move|p1a: Iron Leaves|Leaf Blade|p2a: Swalot\n|-resisted|p2a: Swalot\n|-damage|p2a: Swalot|215/326 par\n|-damage|p1a: Iron Leaves|31/275 psn|[from] item: Life Orb\n|\n|-heal|p2a: Swalot|235/326 par|[from] item: Leftovers\n|-damage|p1a: Iron Leaves|0 fnt|[from] psn\n|faint|p1a: Iron Leaves\n|-end|p1a: Iron Leaves|Quark Drive|[silent]\n|upkeep\n|\n|t:|1732405590\n|switch|p1a: Hydrapple|Hydrapple, L83, F|312/312 psn\n|turn|21\n|\n|t:|1732405594\n|move|p1a: Hydrapple|Draco Meteor|p2a: Swalot\n|-damage|p2a: Swalot|21/326 par\n|-unboost|p1a: Hydrapple|spa|2\n|move|p2a: Swalot|Sludge Bomb|p1a: Hydrapple\n|-supereffective|p1a: Hydrapple\n|-damage|p1a: Hydrapple|130/312 psn\n|\n|-heal|p2a: Swalot|41/326 par|[from] item: Leftovers\n|-damage|p1a: Hydrapple|91/312 psn|[from] psn\n|upkeep\n|turn|22\n|\n|t:|1732405603\n|switch|p1a: Probopass|Probopass, L92, M|260/260\n|switch|p2a: Grimmsnarl|Grimmsnarl, L83, M|119/293\n|\n|upkeep\n|turn|23\n|\n|t:|1732405610\n|move|p2a: Grimmsnarl|Thunder Wave|p1a: Probopass|[miss]\n|-miss|p2a: Grimmsnarl|p1a: Probopass\n|move|p1a: Probopass|Iron Defense|p1a: Probopass\n|-boost|p1a: Probopass|def|2\n|\n|upkeep\n|turn|24\n|\n|t:|1732405617\n|move|p2a: Grimmsnarl|Thunder Wave|p1a: Probopass\n|-status|p1a: Probopass|par\n|move|p1a: Probopass|Flash Cannon|p2a: Grimmsnarl\n|-supereffective|p2a: Grimmsnarl\n|-damage|p2a: Grimmsnarl|0 fnt\n|faint|p2a: Grimmsnarl\n|\n|upkeep\n|\n|t:|1732405622\n|switch|p2a: Golduck|Golduck, L90, F|290/290\n|-ability|p2a: Golduck|Cloud Nine\n|turn|25\n|\n|t:|1732405640\n|switch|p1a: Veluza|Veluza, L85, M|292/292\n|-status|p1a: Veluza|psn\n|move|p2a: Golduck|Hydro Pump|p1a: Veluza\n|-resisted|p1a: Veluza\n|-damage|p1a: Veluza|178/292 psn\n|-damage|p2a: Golduck|261/290|[from] item: Life Orb\n|\n|-damage|p1a: Veluza|142/292 psn|[from] psn\n|upkeep\n|-enditem|p1a: Veluza|Sitrus Berry|[eat]\n|-heal|p1a: Veluza|215/292 psn|[from] item: Sitrus Berry\n|turn|26\n|\n|t:|1732405646\n|move|p2a: Golduck|Grass Knot|p1a: Veluza\n|-supereffective|p1a: Veluza\n|-damage|p1a: Veluza|20/292 psn\n|-damage|p2a: Golduck|232/290|[from] item: Life Orb\n|move|p1a: Veluza|Psycho Cut|p2a: Golduck\n|-damage|p2a: Golduck|175/290\n|\n|-damage|p1a: Veluza|0 fnt|[from] psn\n|faint|p1a: Veluza\n|-sideend|p2: dniebo|Reflect\n|upkeep\n|\n|t:|1732405656\n|switch|p1a: Flutter Mane|Flutter Mane, L74|203/203\n|-status|p1a: Flutter Mane|psn\n|turn|27\n|\n|t:|1732405665\n|move|p1a: Flutter Mane|Moonblast|p2a: Golduck\n|-damage|p2a: Golduck|33/290\n|move|p2a: Golduck|Hydro Pump|p1a: Flutter Mane\n|-damage|p1a: Flutter Mane|65/203 psn\n|-damage|p2a: Golduck|4/290|[from] item: Life Orb\n|\n|-damage|p1a: Flutter Mane|40/203 psn|[from] psn\n|upkeep\n|turn|28\n|\n|t:|1732405668\n|switch|p2a: Swalot|Swalot, L90, F|41/326 par\n|move|p1a: Flutter Mane|Moonblast|p2a: Swalot\n|-resisted|p2a: Swalot\n|-damage|p2a: Swalot|0 fnt\n|faint|p2a: Swalot\n|\n|-damage|p1a: Flutter Mane|15/203 psn|[from] psn\n|upkeep\n|\n|t:|1732405674\n|switch|p2a: Volcanion|Volcanion, L79|161/255\n|turn|29\n|\n|t:|1732405679\n|move|p1a: Flutter Mane|Moonblast|p2a: Volcanion\n|-resisted|p2a: Volcanion\n|-damage|p2a: Volcanion|107/255\n|move|p2a: Volcanion|Flamethrower|p1a: Flutter Mane\n|-damage|p1a: Flutter Mane|0 fnt\n|faint|p1a: Flutter Mane\n|-end|p1a: Flutter Mane|Protosynthesis|[silent]\n|\n|upkeep\n|\n|t:|1732405687\n|switch|p1a: Hydrapple|Hydrapple, L83, F|195/312 psn\n|turn|30\n|j| DEMOCRACIAJA\n|\n|t:|1732405702\n|switch|p2a: Zekrom|Zekrom, L71|211/259\n|-ability|p2a: Zekrom|Teravolt\n|move|p1a: Hydrapple|Earth Power|p2a: Zekrom\n|-supereffective|p2a: Zekrom\n|-damage|p2a: Zekrom|0 fnt\n|faint|p2a: Zekrom\n|\n|-damage|p1a: Hydrapple|156/312 psn|[from] psn\n|upkeep\n|\n|t:|1732405705\n|switch|p2a: Golduck|Golduck, L90, F|4/290\n|-ability|p2a: Golduck|Cloud Nine\n|turn|31\n|\n|t:|1732405714\n|move|p2a: Golduck|Hydro Pump|p1a: Hydrapple\n|-resisted|p1a: Hydrapple\n|-damage|p1a: Hydrapple|113/312 psn\n|-damage|p2a: Golduck|0 fnt|[from] item: Life Orb\n|faint|p2a: Golduck\n|move|p1a: Hydrapple|Earth Power|p2: Golduck|[notarget]\n|-fail|p1a: Hydrapple\n|\n|-damage|p1a: Hydrapple|74/312 psn|[from] psn\n|upkeep\n|\n|t:|1732405716\n|switch|p2a: Volcanion|Volcanion, L79|107/255\n|turn|32\n|\n|t:|1732405723\n|move|p2a: Volcanion|Flamethrower|p1a: Hydrapple\n|-damage|p1a: Hydrapple|0 fnt\n|faint|p1a: Hydrapple\n|\n|upkeep\n|\n|t:|1732405726\n|switch|p1a: Probopass|Probopass, L92, M|260/260 par\n|turn|33\n|\n|t:|1732405730\n|-terastallize|p2a: Volcanion|Water\n|-terastallize|p1a: Probopass|Fighting\n|move|p2a: Volcanion|Steam Eruption|p1a: Probopass\n|-damage|p1a: Probopass|158/260 par\n|move|p1a: Probopass|Body Press|p2a: Volcanion\n|-damage|p2a: Volcanion|0 fnt\n|faint|p2a: Volcanion\n|\n|win|Yusei1789\n|raw|Yusei1789's rating: 2352 &rarr; <strong>2367</strong><br />(+15 for winning)\n|raw|dniebo's rating: 2257 &rarr; <strong>2242</strong><br />(-15 for losing)\n|l|\u2606dniebo\n|player|p2|\n", "inputlog": ">version baf9aa68cbe18cf25f290680a08c9ad9c5e3e828\n>start {\"formatid\":\"gen9randombattle\",\"seed\":[54288,17555,7694,57334],\"rated\":\"Rated battle\"}\n>player p1 {\"name\":\"Yusei1789\",\"avatar\":\"101\",\"rating\":2352,\"seed\":[4231,28956,258,24922]}\n>player p2 {\"name\":\"dniebo\",\"avatar\":\"ingo\",\"rating\":2257,\"seed\":[8171,46583,63099,1425]}\n>p1 switch 3\n>p2 move substitute\n>p1 move irondefense\n>p2 switch 4\n>p1 switch 2\n>p2 move nastyplot\n>p1 move leafblade\n>p2 switch 2\n>p1 switch 2\n>p2 move stealthrock\n>p1 move bodypress\n>p2 switch 5\n>p1 switch 3\n>p2 move encore\n>p1 move defog\n>p2 move knockoff\n>p1 move bravebird\n>p2 move toxicspikes\n>p1 move bravebird\n>p2 switch 6\n>p1 move defog\n>p2 move flamethrower\n>p1 switch 5\n>p1 move ficklebeam\n>p2 switch 3\n>p1 switch 3\n>p2 move spiritbreak\n>p1 move thunderwave\n>p2 switch 6\n>p1 move irondefense\n>p2 move encore\n>p1 switch 2\n>p2 switch 2\n>p1 move swordsdance\n>p2 switch 5\n>p1 move closecombat\n>p2 move knockoff\n>p2 switch 6\n>p1 move leafblade\n>p2 move reflect\n>p1 move leafblade\n>p2 switch 2\n>p1 switch 3\n>p1 move dracometeor\n>p2 move sludgebomb\n>p1 switch 2\n>p2 switch 2\n>p1 move irondefense\n>p2 move thunderwave\n>p1 move flashcannon\n>p2 move thunderwave\n>p2 switch 5\n>p1 switch 6\n>p2 move hydropump\n>p1 move psychocut\n>p2 move grassknot\n>p1 switch 4\n>p1 move moonblast\n>p2 move hydropump\n>p1 move moonblast\n>p2 switch 2\n>p2 switch 3\n>p1 move moonblast\n>p2 move flamethrower\n>p1 switch 2\n>p1 move earthpower\n>p2 switch 4\n>p2 switch 2\n>p1 move earthpower\n>p2 move hydropump\n>p2 switch 4\n>p1 move earthpower\n>p2 move flamethrower\n>p1 switch 6\n>p1 move bodypress terastallize\n>p2 move steameruption terastallize", "uploadtime": 1732405745, "views": 19, "formatid": "gen9randombattle", "rating": 2242, "private": 0, "password": null}