{"id": "gen9randombattle-2104955137", "format": "[Gen 9] Random Battle", "players": ["pokeblade\u2606101", "MichaelderBeste2"], "log": "|badge|p1|silver|gen9randombattle|30-1\n|uhtml|medal-msg|<div class=\"broadcast-blue\">Curious what those medals under the avatar are? PS now has Ladder Seasons! For more information, check out the <a href=\"https://www.smogon.com/forums/threads/3740067/\">thread on Smogon.</a></div>\n|badge|p2|gold|gen9randombattle|3-1\n|uhtml|medal-msg|<div class=\"broadcast-blue\">Curious what those medals under the avatar are? PS now has Ladder Seasons! For more information, check out the <a href=\"https://www.smogon.com/forums/threads/3740067/\">thread on Smogon.</a></div>\n|j|\u2606pokeblade\u2606101\n|j|\u2606MichaelderBeste2\n|t:|1713298580\n|gametype|singles\n|player|p1|pokeblade\u2606101|#rbtt7teamchiyu|2460\n|player|p2|MichaelderBeste2|#rbtt7teamdarkrai|2500\n|teamsize|p1|6\n|teamsize|p2|6\n|gen|9\n|tier|[Gen 9] Random Battle\n|rated|\n|rule|Species Clause: Limit one of each Pok\u00e9mon\n|rule|HP Percentage Mod: HP is shown in percentages\n|rule|Sleep Clause Mod: Limit one foe put to sleep\n|rule|Illusion Level Mod: Illusion disguises the Pok\u00e9mon's true level\n|\n|t:|1713298580\n|start\n|switch|p1a: Salazzle|Salazzle, L82, F|246/246\n|switch|p2a: Pincurchin|Pincurchin, L99, M|255/255\n|-fieldstart|move: Electric Terrain|[from] ability: Electric Surge|[of] p2a: Pincurchin\n|turn|1\n|\n|t:|1713298659\n|move|p1a: Salazzle|Toxic|p2a: Pincurchin\n|-status|p2a: Pincurchin|tox\n|move|p2a: Pincurchin|Liquidation|p1a: Salazzle\n|-supereffective|p1a: Salazzle\n|-damage|p1a: Salazzle|0 fnt\n|faint|p1a: Salazzle\n|\n|-damage|p2a: Pincurchin|240/255 tox|[from] psn\n|upkeep\n|c|\u2606pokeblade\u2606101|wtf\n|c|\u2606pokeblade\u2606101|lvl 99 right lol\n|\n|t:|1713298682\n|switch|p1a: Haxorus|Haxorus, L77, F|244/244\n|-ability|p1a: Haxorus|Mold Breaker\n|turn|2\n|j| Playering\n|\n|t:|1713298696\n|switch|p2a: Koraidon|Koraidon, L64|235/235\n|-weather|SunnyDay|[from] ability: Orichalcum Pulse|[of] p2a: Koraidon\n|-activate|p2a: Koraidon|Orichalcum Pulse|[source]\n|move|p1a: Haxorus|Dragon Dance|p1a: Haxorus\n|-boost|p1a: Haxorus|atk|1\n|-boost|p1a: Haxorus|spe|1\n|\n|-weather|SunnyDay|[upkeep]\n|upkeep\n|turn|3\n|\n|t:|1713298703\n|move|p1a: Haxorus|Outrage|p2a: Koraidon\n|-supereffective|p2a: Koraidon\n|-damage|p2a: Koraidon|0 fnt\n|faint|p2a: Koraidon\n|\n|-weather|SunnyDay|[upkeep]\n|upkeep\n|\n|t:|1713298705\n|switch|p2a: Sylveon|Sylveon, L84, M|297/297\n|turn|4\n|\n|t:|1713298708\n|move|p1a: Haxorus|Outrage|p2a: Sylveon|[from]lockedmove\n|-immune|p2a: Sylveon\n|-start|p1a: Haxorus|confusion|[fatigue]\n|-enditem|p1a: Haxorus|Lum Berry|[eat]\n|-end|p1a: Haxorus|confusion\n|move|p2a: Sylveon|Hyper Voice|p1a: Haxorus\n|-supereffective|p1a: Haxorus\n|-damage|p1a: Haxorus|0 fnt\n|faint|p1a: Haxorus\n|\n|-weather|SunnyDay|[upkeep]\n|upkeep\n|\n|t:|1713298709\n|switch|p1a: Grafaiai|Grafaiai, L86, M|249/249\n|turn|5\n|\n|t:|1713298712\n|switch|p2a: Pincurchin|Pincurchin, L99, M|240/255 tox\n|move|p1a: Grafaiai|Gunk Shot|p2a: Pincurchin\n|-damage|p2a: Pincurchin|134/255 tox\n|\n|-weather|SunnyDay|[upkeep]\n|-heal|p2a: Pincurchin|149/255 tox|[from] item: Leftovers\n|-damage|p2a: Pincurchin|134/255 tox|[from] psn\n|-fieldend|move: Electric Terrain\n|upkeep\n|turn|6\n|\n|t:|1713298717\n|move|p1a: Grafaiai|U-turn|p2a: Pincurchin\n|-damage|p2a: Pincurchin|91/255 tox\n|\n|t:|1713298720\n|switch|p1a: Orthworm|Orthworm, L88, F|266/266|[from] U-turn\n|move|p2a: Pincurchin|Recover|p2a: Pincurchin\n|-heal|p2a: Pincurchin|219/255 tox\n|\n|-weather|none\n|-heal|p2a: Pincurchin|234/255 tox|[from] item: Leftovers\n|-damage|p2a: Pincurchin|204/255 tox|[from] psn\n|upkeep\n|turn|7\n|\n|t:|1713298727\n|switch|p2a: Amoonguss|Amoonguss, L82, M|321/321\n|move|p1a: Orthworm|Coil|p1a: Orthworm\n|-boost|p1a: Orthworm|atk|1\n|-boost|p1a: Orthworm|def|1\n|-boost|p1a: Orthworm|accuracy|1\n|\n|upkeep\n|turn|8\n|\n|t:|1713298730\n|move|p1a: Orthworm|Iron Tail|p2a: Amoonguss\n|-damage|p2a: Amoonguss|126/321\n|-damage|p1a: Orthworm|222/266|[from] item: Rocky Helmet|[of] p2a: Amoonguss\n|move|p2a: Amoonguss|Giga Drain|p1a: Orthworm\n|-resisted|p1a: Orthworm\n|-damage|p1a: Orthworm|178/266\n|-heal|p2a: Amoonguss|148/321|[from] drain|[of] p1a: Orthworm\n|\n|upkeep\n|turn|9\n|\n|t:|1713298734\n|switch|p2a: Talonflame|Talonflame, L84, F|268/268\n|move|p1a: Orthworm|Iron Tail|p2a: Talonflame\n|-resisted|p2a: Talonflame\n|-damage|p2a: Talonflame|181/268\n|-unboost|p2a: Talonflame|def|1\n|\n|upkeep\n|turn|10\n|\n|t:|1713298741\n|-terastallize|p1a: Orthworm|Fighting\n|move|p2a: Talonflame|Swords Dance|p2a: Talonflame\n|-boost|p2a: Talonflame|atk|2\n|move|p1a: Orthworm|Body Press|p2a: Talonflame\n|-resisted|p2a: Talonflame\n|-damage|p2a: Talonflame|5/268\n|\n|upkeep\n|turn|11\n|\n|t:|1713298747\n|move|p2a: Talonflame|Brave Bird|p1a: Orthworm\n|-supereffective|p1a: Orthworm\n|-damage|p1a: Orthworm|2/266\n|-damage|p2a: Talonflame|0 fnt|[from] Recoil\n|faint|p2a: Talonflame\n|move|p1a: Orthworm|Rest|p1a: Orthworm\n|-status|p1a: Orthworm|slp|[from] move: Rest\n|-heal|p1a: Orthworm|266/266 slp|[silent]\n|-enditem|p1a: Orthworm|Chesto Berry|[eat]\n|-curestatus|p1a: Orthworm|slp|[msg]\n|\n|upkeep\n|\n|t:|1713298750\n|switch|p2a: Amoonguss|Amoonguss, L82, M|255/321\n|turn|12\n|\n|t:|1713298763\n|switch|p1a: Politoed|Politoed, L88, F|302/302\n|-weather|RainDance|[from] ability: Drizzle|[of] p1a: Politoed\n|move|p2a: Amoonguss|Spore|p1a: Politoed\n|-status|p1a: Politoed|slp|[from] move: Spore\n|\n|-weather|RainDance|[upkeep]\n|upkeep\n|turn|13\n|\n|t:|1713298766\n|switch|p1a: Grafaiai|Grafaiai, L86, M|249/249\n|move|p2a: Amoonguss|Giga Drain|p1a: Grafaiai\n|-resisted|p1a: Grafaiai\n|-damage|p1a: Grafaiai|223/249\n|-heal|p2a: Amoonguss|268/321|[from] drain|[of] p1a: Grafaiai\n|\n|-weather|RainDance|[upkeep]\n|upkeep\n|turn|14\n|\n|t:|1713298770\n|switch|p2a: Pincurchin|Pincurchin, L99, M|204/255 tox\n|-fieldstart|move: Electric Terrain|[from] ability: Electric Surge|[of] p2a: Pincurchin\n|move|p1a: Grafaiai|Knock Off|p2a: Pincurchin\n|-damage|p2a: Pincurchin|144/255 tox\n|-enditem|p2a: Pincurchin|Leftovers|[from] move: Knock Off|[of] p1a: Grafaiai\n|\n|-weather|RainDance|[upkeep]\n|-damage|p2a: Pincurchin|129/255 tox|[from] psn\n|upkeep\n|turn|15\n|\n|t:|1713298772\n|move|p1a: Grafaiai|U-turn|p2a: Pincurchin\n|-damage|p2a: Pincurchin|87/255 tox\n|\n|t:|1713298775\n|switch|p1a: Orthworm|Orthworm, L88, F, tera:Fighting|266/266|[from] U-turn\n|move|p2a: Pincurchin|Zing Zap|p1a: Orthworm\n|-damage|p1a: Orthworm|170/266\n|\n|-weather|RainDance|[upkeep]\n|-damage|p2a: Pincurchin|57/255 tox|[from] psn\n|upkeep\n|turn|16\n|\n|t:|1713298783\n|switch|p2a: Amoonguss|Amoonguss, L82, M|321/321\n|move|p1a: Orthworm|Iron Tail|p2a: Amoonguss\n|-damage|p2a: Amoonguss|203/321\n|-damage|p1a: Orthworm|126/266|[from] item: Rocky Helmet|[of] p2a: Amoonguss\n|\n|-weather|none\n|upkeep\n|turn|17\n|\n|t:|1713298788\n|switch|p1a: Grafaiai|Grafaiai, L86, M|223/249\n|switch|p2a: Iron Hands|Iron Hands, L79|373/373\n|-activate|p2a: Iron Hands|ability: Quark Drive\n|-start|p2a: Iron Hands|quarkdriveatk\n|\n|upkeep\n|turn|18\n|\n|t:|1713298796\n|move|p1a: Grafaiai|Super Fang|p2a: Iron Hands\n|-damage|p2a: Iron Hands|187/373\n|move|p2a: Iron Hands|Close Combat|p1a: Grafaiai\n|-damage|p1a: Grafaiai|4/249\n|-unboost|p2a: Iron Hands|def|1\n|-unboost|p2a: Iron Hands|spd|1\n|\n|-fieldend|move: Electric Terrain\n|-end|p2a: Iron Hands|Quark Drive\n|upkeep\n|turn|19\n|\n|t:|1713298801\n|-end|p2a: Iron Hands|Quark Drive|[silent]\n|switch|p2a: Pincurchin|Pincurchin, L99, M|57/255 tox\n|-fieldstart|move: Electric Terrain|[from] ability: Electric Surge|[of] p2a: Pincurchin\n|move|p1a: Grafaiai|U-turn|p2a: Pincurchin\n|-crit|p2a: Pincurchin\n|-damage|p2a: Pincurchin|0 fnt\n|faint|p2a: Pincurchin\n|\n|t:|1713298812\n|switch|p1a: Orthworm|Orthworm, L88, F, tera:Fighting|126/266|[from] U-turn\n|\n|upkeep\n|\n|t:|1713298821\n|switch|p2a: Amoonguss|Amoonguss, L82, M|310/321\n|turn|20\n|\n|t:|1713298831\n|switch|p1a: Politoed|Politoed, L88, F|302/302 slp\n|-weather|RainDance|[from] ability: Drizzle|[of] p1a: Politoed\n|move|p2a: Amoonguss|Giga Drain|p1a: Politoed\n|-supereffective|p1a: Politoed\n|-damage|p1a: Politoed|180/302 slp\n|-heal|p2a: Amoonguss|321/321|[from] drain|[of] p1a: Politoed\n|\n|-weather|RainDance|[upkeep]\n|-heal|p1a: Politoed|198/302 slp|[from] item: Leftovers\n|upkeep\n|turn|21\n|\n|t:|1713298834\n|cant|p1a: Politoed|slp\n|move|p2a: Amoonguss|Giga Drain|p1a: Politoed\n|-supereffective|p1a: Politoed\n|-damage|p1a: Politoed|78/302 slp\n|\n|-weather|RainDance|[upkeep]\n|-heal|p1a: Politoed|96/302 slp|[from] item: Leftovers\n|upkeep\n|turn|22\n|\n|t:|1713298838\n|switch|p1a: Vivillon|Vivillon-Polar, L86, M|278/278\n|move|p2a: Amoonguss|Giga Drain|p1a: Vivillon\n|-resisted|p1a: Vivillon\n|-damage|p1a: Vivillon|252/278\n|\n|-weather|RainDance|[upkeep]\n|upkeep\n|turn|23\n|\n|t:|1713298843\n|move|p1a: Vivillon|Hurricane|p2a: Amoonguss\n|-supereffective|p2a: Amoonguss\n|-damage|p2a: Amoonguss|79/321\n|-start|p2a: Amoonguss|confusion\n|-activate|p2a: Amoonguss|confusion\n|-damage|p2a: Amoonguss|56/321|[from] confusion\n|\n|-weather|RainDance|[upkeep]\n|-fieldend|move: Electric Terrain\n|upkeep\n|turn|24\n|\n|t:|1713298847\n|switch|p2a: Iron Hands|Iron Hands, L79|187/373\n|move|p1a: Vivillon|Quiver Dance|p1a: Vivillon\n|-boost|p1a: Vivillon|spa|1\n|-boost|p1a: Vivillon|spd|1\n|-boost|p1a: Vivillon|spe|1\n|\n|-weather|none\n|upkeep\n|turn|25\n|\n|t:|1713298851\n|move|p1a: Vivillon|Sleep Powder|p2a: Iron Hands\n|-status|p2a: Iron Hands|slp|[from] move: Sleep Powder\n|cant|p2a: Iron Hands|slp\n|\n|upkeep\n|turn|26\n|\n|t:|1713298855\n|move|p1a: Vivillon|Hurricane|p2a: Iron Hands|[miss]\n|-miss|p1a: Vivillon|p2a: Iron Hands\n|cant|p2a: Iron Hands|slp\n|\n|upkeep\n|turn|27\n|\n|t:|1713298858\n|move|p1a: Vivillon|Hurricane|p2a: Iron Hands|[miss]\n|-miss|p1a: Vivillon|p2a: Iron Hands\n|-curestatus|p2a: Iron Hands|slp|[msg]\n|move|p2a: Iron Hands|Thunder Punch|p1a: Vivillon\n|-supereffective|p1a: Vivillon\n|-crit|p1a: Vivillon\n|-damage|p1a: Vivillon|0 fnt\n|faint|p1a: Vivillon\n|\n|upkeep\n|\n|t:|1713298863\n|switch|p1a: Orthworm|Orthworm, L88, F, tera:Fighting|126/266\n|turn|28\n|\n|t:|1713298868\n|-end|p2a: Iron Hands|Quark Drive|[silent]\n|switch|p2a: Sylveon|Sylveon, L84, M|297/297\n|move|p1a: Orthworm|Coil|p1a: Orthworm\n|-boost|p1a: Orthworm|atk|1\n|-boost|p1a: Orthworm|def|1\n|-boost|p1a: Orthworm|accuracy|1\n|\n|upkeep\n|turn|29\n|\n|t:|1713298874\n|-terastallize|p2a: Sylveon|Steel\n|move|p1a: Orthworm|Iron Tail|p2a: Sylveon\n|-resisted|p2a: Sylveon\n|-damage|p2a: Sylveon|197/297\n|move|p2a: Sylveon|Hyper Voice|p1a: Orthworm\n|-supereffective|p1a: Orthworm\n|-damage|p1a: Orthworm|0 fnt\n|faint|p1a: Orthworm\n|\n|-heal|p2a: Sylveon|215/297|[from] item: Leftovers\n|upkeep\n|j| Teres bahji\n|-message|pokeblade\u2606101 forfeited.\n|\n|win|MichaelderBeste2\n|raw|pokeblade\u2606101's rating: 2460 &rarr; <strong>2442</strong><br />(-18 for losing)\n|raw|MichaelderBeste2's rating: 2500 &rarr; <strong>2518</strong><br />(+18 for winning)\n|l|\u2606pokeblade\u2606101\n|player|p1|\n|l|\u2606MichaelderBeste2\n|player|p2|\n", "inputlog": ">version 94cb14e6e593f9434fd234bef139544825d280b8\n>start {\"formatid\":\"gen9randombattle\",\"seed\":[8995,32174,65415,16876],\"rated\":\"Rated battle\"}\n>player p1 {\"name\":\"pokeblade\u2606101\",\"avatar\":\"#rbtt7teamchiyu\",\"rating\":2460,\"seed\":[47449,28246,32534,63133]}\n>player p2 {\"name\":\"MichaelderBeste2\",\"avatar\":\"#rbtt7teamdarkrai\",\"rating\":2500,\"seed\":[25112,17003,27491,1436]}\n>p1 move toxic\n>p2 move liquidation\n>chat \u2606pokeblade\u2606101|wtf\n>chat \u2606pokeblade\u2606101|lvl 99 right lol\n>p1 switch 6\n>p1 move dragondance\n>p2 switch 2\n>p1 move outrage\n>p2 move outrage\n>p2 switch 6\n>p1 move outrage\n>p2 move hypervoice\n>p1 switch 4\n>p1 move gunkshot\n>p2 switch 2\n>p1 move uturn\n>p2 move recover\n>p1 switch 5\n>p1 move coil\n>p2 switch 3\n>p1 move irontail\n>p2 move gigadrain\n>p1 move irontail\n>p2 switch 4\n>p1 move bodypress terastallize\n>p2 move swordsdance\n>p1 move rest\n>p2 move bravebird\n>p2 switch 4\n>p1 switch 2\n>p2 move spore\n>p1 switch 5\n>p2 move gigadrain\n>p1 move knockoff\n>p2 switch 3\n>p1 move uturn\n>p2 move zingzap\n>p1 switch 2\n>p1 move irontail\n>p2 switch 3\n>p1 switch 2\n>p2 switch 5\n>p1 move superfang\n>p2 move closecombat\n>p1 move uturn\n>p2 switch 3\n>p1 switch 2\n>p2 switch 5\n>p1 switch 5\n>p2 move gigadrain\n>p1 move surf\n>p2 move gigadrain\n>p1 switch 3\n>p2 move gigadrain\n>p1 move hurricane\n>p2 move sludgebomb\n>p1 move quiverdance\n>p2 switch 3\n>p1 move sleeppowder\n>p2 move thunderpunch\n>p1 move hurricane\n>p2 move thunderpunch\n>p1 move hurricane\n>p2 move thunderpunch\n>p1 switch 5\n>p1 move coil\n>p2 switch 2\n>p1 move irontail\n>p2 move hypervoice terastallize\n>forcelose p1", "uploadtime": 1713298890, "views": 297, "formatid": "gen9randombattle", "rating": 2442, "private": 0, "password": null}