{"id": "gen9randombattle-2260889387", "format": "[Gen 9] Random Battle", "players": ["Tage1234", "c4every"], "log": "|j|\u2606Tage1234\n|j|\u2606c4every\n|t:|1733911497\n|gametype|singles\n|player|p1|Tage1234|170|1094\n|player|p2|c4every|170|1053\n|teamsize|p1|6\n|teamsize|p2|6\n|gen|9\n|tier|[Gen 9] Random Battle\n|rated|\n|rule|Species Clause: Limit one of each Pok\u00e9mon\n|rule|HP Percentage Mod: HP is shown in percentages\n|rule|Sleep Clause Mod: Limit one foe put to sleep\n|rule|Illusion Level Mod: Illusion disguises the Pok\u00e9mon's true level\n|\n|t:|1733911497\n|start\n|switch|p1a: Kyurem|Kyurem, L77|319/319\n|switch|p2a: Chesnaught|Chesnaught, L84, M|285/285\n|-ability|p1a: Kyurem|Pressure\n|turn|1\n|\n|t:|1733911535\n|move|p1a: Kyurem|Dragon Dance|p1a: Kyurem\n|-boost|p1a: Kyurem|atk|1\n|-boost|p1a: Kyurem|spe|1\n|move|p2a: Chesnaught|Iron Defense|p2a: Chesnaught\n|-boost|p2a: Chesnaught|def|2\n|\n|upkeep\n|turn|2\n|\n|t:|1733911554\n|-terastallize|p2a: Chesnaught|Steel\n|move|p1a: Kyurem|Icicle Spear|p2a: Chesnaught\n|-resisted|p2a: Chesnaught\n|-damage|p2a: Chesnaught|276/285\n|-resisted|p2a: Chesnaught\n|-damage|p2a: Chesnaught|268/285\n|-resisted|p2a: Chesnaught\n|-damage|p2a: Chesnaught|259/285\n|-resisted|p2a: Chesnaught\n|-damage|p2a: Chesnaught|250/285\n|-hitcount|p2a: Chesnaught|4\n|move|p2a: Chesnaught|Body Press|p1a: Kyurem\n|-supereffective|p1a: Kyurem\n|-damage|p1a: Kyurem|0 fnt\n|faint|p1a: Kyurem\n|\n|-heal|p2a: Chesnaught|267/285|[from] item: Leftovers\n|upkeep\n|\n|t:|1733911572\n|switch|p1a: Bellibolt|Bellibolt, L84, M|320/320\n|turn|3\n|\n|t:|1733911591\n|move|p2a: Chesnaught|Trailblaze|p1a: Bellibolt\n|-damage|p1a: Bellibolt|265/320\n|-boost|p2a: Chesnaught|spe|1\n|-start|p1a: Bellibolt|Charge|Trailblaze|[from] ability: Electromorphosis\n|move|p1a: Bellibolt|Thunderbolt|p2a: Chesnaught\n|-damage|p2a: Chesnaught|27/285\n|-end|p1a: Bellibolt|Charge|[silent]\n|\n|-heal|p2a: Chesnaught|44/285|[from] item: Leftovers\n|-heal|p1a: Bellibolt|285/320|[from] item: Leftovers\n|upkeep\n|turn|4\n|\n|t:|1733911607\n|move|p2a: Chesnaught|Body Press|p1a: Bellibolt\n|-damage|p1a: Bellibolt|105/320\n|-start|p1a: Bellibolt|Charge|Body Press|[from] ability: Electromorphosis\n|move|p1a: Bellibolt|Thunderbolt|p2a: Chesnaught\n|-damage|p2a: Chesnaught|0 fnt\n|faint|p2a: Chesnaught\n|-end|p1a: Bellibolt|Charge|[silent]\n|\n|-heal|p1a: Bellibolt|125/320|[from] item: Leftovers\n|upkeep\n|\n|t:|1733911625\n|switch|p2a: Rhyperior|Rhyperior, L82, F|323/323\n|turn|5\n|\n|t:|1733911634\n|-terastallize|p1a: Bellibolt|Water\n|move|p1a: Bellibolt|Slack Off|p1a: Bellibolt\n|-heal|p1a: Bellibolt|285/320\n|move|p2a: Rhyperior|Dragon Tail|p1a: Bellibolt\n|-damage|p1a: Bellibolt|235/320\n|-start|p1a: Bellibolt|Charge|Dragon Tail|[from] ability: Electromorphosis\n|drag|p1a: Quagsire|Quagsire, L84, M|297/297\n|\n|upkeep\n|turn|6\n|\n|t:|1733911651\n|switch|p2a: Meloetta|Meloetta, L82|298/298\n|move|p1a: Quagsire|Ice Beam|p2a: Meloetta\n|-damage|p2a: Meloetta|261/298\n|\n|upkeep\n|turn|7\n|\n|t:|1733911666\n|move|p2a: Meloetta|Knock Off|p1a: Quagsire\n|-damage|p1a: Quagsire|220/297\n|-enditem|p1a: Quagsire|Leftovers|[from] move: Knock Off|[of] p2a: Meloetta\n|-damage|p2a: Meloetta|232/298|[from] item: Life Orb\n|move|p1a: Quagsire|Spikes|p2a: Meloetta\n|-sidestart|p2: c4every|Spikes\n|\n|upkeep\n|turn|8\n|\n|t:|1733911674\n|move|p2a: Meloetta|Triple Axel|p1a: Quagsire\n|-damage|p1a: Quagsire|204/297\n|-damage|p1a: Quagsire|175/297\n|-damage|p1a: Quagsire|127/297\n|-hitcount|p1a: Quagsire|3\n|-damage|p2a: Meloetta|203/298|[from] item: Life Orb\n|move|p1a: Quagsire|Earthquake|p2a: Meloetta\n|-damage|p2a: Meloetta|103/298\n|\n|upkeep\n|turn|9\n|\n|t:|1733911685\n|move|p2a: Meloetta|Triple Axel|p1a: Quagsire\n|-damage|p1a: Quagsire|110/297\n|-damage|p1a: Quagsire|79/297\n|-damage|p1a: Quagsire|35/297\n|-hitcount|p1a: Quagsire|3\n|-damage|p2a: Meloetta|74/298|[from] item: Life Orb\n|move|p1a: Quagsire|Recover|p1a: Quagsire\n|-heal|p1a: Quagsire|184/297\n|\n|upkeep\n|turn|10\n|\n|t:|1733911696\n|move|p2a: Meloetta|Close Combat|p1a: Quagsire\n|-damage|p1a: Quagsire|88/297\n|-unboost|p2a: Meloetta|def|1\n|-unboost|p2a: Meloetta|spd|1\n|-damage|p2a: Meloetta|45/298|[from] item: Life Orb\n|move|p1a: Quagsire|Recover|p1a: Quagsire\n|-heal|p1a: Quagsire|237/297\n|\n|upkeep\n|turn|11\n|\n|t:|1733911706\n|move|p2a: Meloetta|Close Combat|p1a: Quagsire\n|-damage|p1a: Quagsire|143/297\n|-unboost|p2a: Meloetta|def|1\n|-unboost|p2a: Meloetta|spd|1\n|-damage|p2a: Meloetta|16/298|[from] item: Life Orb\n|move|p1a: Quagsire|Earthquake|p2a: Meloetta\n|-damage|p2a: Meloetta|0 fnt\n|faint|p2a: Meloetta\n|\n|upkeep\n|\n|t:|1733911727\n|switch|p2a: Hoopa|Hoopa-Unbound, L80|259/259\n|-damage|p2a: Hoopa|227/259|[from] Spikes\n|turn|12\n|\n|t:|1733911762\n|move|p2a: Hoopa|Hyperspace Fury|p1a: Quagsire\n|-damage|p1a: Quagsire|0 fnt\n|-unboost|p2a: Hoopa|def|1\n|faint|p1a: Quagsire\n|\n|upkeep\n|\n|t:|1733911769\n|switch|p1a: Cacturne|Cacturne, L92, F|278/278\n|turn|13\n|\n|t:|1733911779\n|switch|p2a: Vespiquen|Vespiquen, L98, F|296/296\n|-ability|p2a: Vespiquen|Pressure\n|move|p1a: Cacturne|Leaf Storm|p2a: Vespiquen\n|-resisted|p2a: Vespiquen\n|-damage|p2a: Vespiquen|247/296\n|-unboost|p1a: Cacturne|spa|2\n|-damage|p1a: Cacturne|251/278|[from] item: Life Orb\n|\n|upkeep\n|turn|14\n|\n|t:|1733911796\n|move|p1a: Cacturne|Knock Off|p2a: Vespiquen\n|-damage|p2a: Vespiquen|111/296\n|-enditem|p2a: Vespiquen|Heavy-Duty Boots|[from] move: Knock Off|[of] p1a: Cacturne\n|-damage|p1a: Cacturne|224/278|[from] item: Life Orb\n|move|p2a: Vespiquen|Toxic|p1a: Cacturne\n|-status|p1a: Cacturne|tox\n|\n|-damage|p1a: Cacturne|207/278 tox|[from] psn\n|upkeep\n|turn|15\n|\n|t:|1733911808\n|move|p1a: Cacturne|Knock Off|p2a: Vespiquen\n|-damage|p2a: Vespiquen|21/296\n|-damage|p1a: Cacturne|180/278 tox|[from] item: Life Orb\n|move|p2a: Vespiquen|Roost|p2a: Vespiquen\n|-heal|p2a: Vespiquen|169/296\n|-singleturn|p2a: Vespiquen|move: Roost\n|\n|-damage|p1a: Cacturne|146/278 tox|[from] psn\n|upkeep\n|turn|16\n|\n|t:|1733911819\n|move|p1a: Cacturne|Knock Off|p2a: Vespiquen\n|-damage|p2a: Vespiquen|82/296\n|-damage|p1a: Cacturne|119/278 tox|[from] item: Life Orb\n|move|p2a: Vespiquen|Roost|p2a: Vespiquen\n|-heal|p2a: Vespiquen|230/296\n|-singleturn|p2a: Vespiquen|move: Roost\n|\n|-damage|p1a: Cacturne|68/278 tox|[from] psn\n|upkeep\n|turn|17\n|\n|t:|1733911830\n|move|p1a: Cacturne|Sucker Punch||[still]\n|-fail|p1a: Cacturne\n|move|p2a: Vespiquen|Roost|p2a: Vespiquen\n|-heal|p2a: Vespiquen|296/296\n|-singleturn|p2a: Vespiquen|move: Roost\n|\n|-damage|p1a: Cacturne|0 fnt|[from] psn\n|faint|p1a: Cacturne\n|upkeep\n|\n|t:|1733911839\n|switch|p1a: Leavanny|Leavanny, L86, M|269/269\n|turn|18\n|\n|t:|1733911849\n|move|p1a: Leavanny|Lunge|p2a: Vespiquen\n|-resisted|p2a: Vespiquen\n|-damage|p2a: Vespiquen|260/296\n|-unboost|p2a: Vespiquen|atk|1\n|move|p2a: Vespiquen|Toxic|p1a: Leavanny\n|-status|p1a: Leavanny|tox\n|\n|-damage|p1a: Leavanny|253/269 tox|[from] psn\n|upkeep\n|turn|19\n|\n|t:|1733911865\n|move|p1a: Leavanny|Knock Off|p2a: Vespiquen\n|-damage|p2a: Vespiquen|217/296\n|move|p2a: Vespiquen|Air Slash|p1a: Leavanny\n|-supereffective|p1a: Leavanny\n|-damage|p1a: Leavanny|0 fnt\n|faint|p1a: Leavanny\n|\n|upkeep\n|\n|t:|1733911873\n|switch|p1a: Bellibolt|Bellibolt, L84, M, tera:Water|235/320\n|turn|20\n|\n|t:|1733911878\n|move|p2a: Vespiquen|Toxic|p1a: Bellibolt\n|-status|p1a: Bellibolt|tox\n|move|p1a: Bellibolt|Thunderbolt|p2a: Vespiquen\n|-supereffective|p2a: Vespiquen\n|-damage|p2a: Vespiquen|67/296\n|\n|-heal|p1a: Bellibolt|255/320 tox|[from] item: Leftovers\n|-damage|p1a: Bellibolt|235/320 tox|[from] psn\n|upkeep\n|turn|21\n|\n|t:|1733911890\n|move|p2a: Vespiquen|U-turn|p1a: Bellibolt\n|-damage|p1a: Bellibolt|174/320 tox\n|-start|p1a: Bellibolt|Charge|U-turn|[from] ability: Electromorphosis\n|\n|t:|1733911894\n|switch|p2a: Rhyperior|Rhyperior, L82, F|323/323|[from] U-turn\n|-damage|p2a: Rhyperior|283/323|[from] Spikes\n|move|p1a: Bellibolt|Thunderbolt|p2a: Rhyperior\n|-immune|p2a: Rhyperior\n|-end|p1a: Bellibolt|Charge|[silent]\n|\n|-heal|p1a: Bellibolt|194/320 tox|[from] item: Leftovers\n|-damage|p1a: Bellibolt|154/320 tox|[from] psn\n|upkeep\n|turn|22\n|\n|t:|1733911907\n|switch|p2a: Vespiquen|Vespiquen, L98, F|67/296\n|-ability|p2a: Vespiquen|Pressure\n|move|p1a: Bellibolt|Muddy Water|p2a: Vespiquen\n|-damage|p2a: Vespiquen|0 fnt\n|faint|p2a: Vespiquen\n|\n|-heal|p1a: Bellibolt|174/320 tox|[from] item: Leftovers\n|-damage|p1a: Bellibolt|114/320 tox|[from] psn\n|upkeep\n|\n|t:|1733911925\n|switch|p2a: Hoopa|Hoopa-Unbound, L80|227/259\n|-damage|p2a: Hoopa|195/259|[from] Spikes\n|turn|23\n|\n|t:|1733911930\n|move|p2a: Hoopa|Trick|p1a: Bellibolt\n|-activate|p2a: Hoopa|move: Trick|[of] p1a: Bellibolt\n|-item|p1a: Bellibolt|Choice Band|[from] move: Trick\n|-item|p2a: Hoopa|Leftovers|[from] move: Trick\n|move|p1a: Bellibolt|Slack Off|p1a: Bellibolt\n|-heal|p1a: Bellibolt|274/320 tox\n|\n|-heal|p2a: Hoopa|211/259|[from] item: Leftovers\n|-damage|p1a: Bellibolt|194/320 tox|[from] psn\n|upkeep\n|turn|24\n|\n|t:|1733911946\n|switch|p2a: Skeledirge|Skeledirge, L79, F|294/294\n|move|p1a: Bellibolt|Slack Off|p1a: Bellibolt\n|-heal|p1a: Bellibolt|320/320 tox\n|\n|-damage|p1a: Bellibolt|220/320 tox|[from] psn\n|upkeep\n|turn|25\n|\n|t:|1733911962\n|move|p2a: Skeledirge|Hex|p1a: Bellibolt\n|-damage|p1a: Bellibolt|87/320 tox\n|-start|p1a: Bellibolt|Charge|Hex|[from] ability: Electromorphosis\n|move|p1a: Bellibolt|Slack Off|p1a: Bellibolt\n|-heal|p1a: Bellibolt|247/320 tox\n|\n|-damage|p1a: Bellibolt|127/320 tox|[from] psn\n|upkeep\n|turn|26\n|\n|t:|1733911974\n|switch|p2a: Hoopa|Hoopa-Unbound, L80|211/259\n|-damage|p2a: Hoopa|179/259|[from] Spikes\n|switch|p1a: Spidops|Spidops, L96, M|271/271\n|\n|-heal|p2a: Hoopa|195/259|[from] item: Leftovers\n|upkeep\n|turn|27\n|\n|t:|1733911990\n|switch|p2a: Rhyperior|Rhyperior, L82, F|283/323\n|-damage|p2a: Rhyperior|243/323|[from] Spikes\n|move|p1a: Spidops|Knock Off|p2a: Rhyperior\n|-damage|p2a: Rhyperior|138/323\n|-enditem|p2a: Rhyperior|Assault Vest|[from] move: Knock Off|[of] p1a: Spidops\n|\n|upkeep\n|turn|28\n|\n|t:|1733912001\n|move|p2a: Rhyperior|Stone Edge|p1a: Spidops\n|-supereffective|p1a: Spidops\n|-damage|p1a: Spidops|53/271\n|move|p1a: Spidops|Circle Throw|p2a: Rhyperior\n|-supereffective|p2a: Rhyperior\n|-damage|p2a: Rhyperior|83/323\n|drag|p2a: Skeledirge|Skeledirge, L79, F|294/294\n|\n|upkeep\n|turn|29\n|\n|t:|1733912011\n|move|p2a: Skeledirge|Torch Song|p1a: Spidops\n|-supereffective|p1a: Spidops\n|-damage|p1a: Spidops|0 fnt\n|-boost|p2a: Skeledirge|spa|1\n|faint|p1a: Spidops\n|\n|upkeep\n|-message|Tage1234 forfeited.\n|\n|win|c4every\n|raw|Tage1234's rating: 1094 &rarr; <strong>1069</strong><br />(-25 for losing)\n|raw|c4every's rating: 1084 &rarr; <strong>1112</strong><br />(+28 for winning)\n|l|\u2606Tage1234\n|player|p1|\n", "inputlog": ">version bfd83cad13791eb5a5a409923076391caf6fb4d4\n>start {\"formatid\":\"gen9randombattle\",\"seed\":[45349,6612,38015,29484],\"rated\":\"Rated battle\"}\n>player p1 {\"name\":\"Tage1234\",\"avatar\":\"170\",\"rating\":1094,\"seed\":[23673,2396,18519,41592]}\n>player p2 {\"name\":\"c4every\",\"avatar\":\"170\",\"rating\":1053,\"seed\":[19911,56338,28883,27791]}\n>p1 move dragondance\n>p2 move irondefense\n>p1 move iciclespear\n>p2 move bodypress terastallize\n>p1 switch 2\n>p1 move thunderbolt\n>p2 move trailblaze\n>p1 move thunderbolt\n>p2 move bodypress\n>p2 switch 2\n>p1 move slackoff terastallize\n>p2 move dragontail\n>p1 move icebeam\n>p2 switch 4\n>p1 move spikes\n>p2 move knockoff\n>p1 move earthquake\n>p2 move tripleaxel\n>p1 move recover\n>p2 move tripleaxel\n>p1 move recover\n>p2 move closecombat\n>p1 move earthquake\n>p2 move closecombat\n>p2 switch 5\n>p1 move earthquake\n>p2 move hyperspacefury\n>p1 switch 3\n>p1 move leafstorm\n>p2 switch 3\n>p1 move knockoff\n>p2 move toxic\n>p1 move knockoff\n>p2 move roost\n>p1 move knockoff\n>p2 move roost\n>p1 move suckerpunch\n>p2 move roost\n>p1 switch 5\n>p1 move lunge\n>p2 move toxic\n>p1 move knockoff\n>p2 move airslash\n>p1 switch 4\n>p1 move thunderbolt\n>p2 move toxic\n>p1 move thunderbolt\n>p2 move uturn\n>p2 switch 4\n>p1 move muddywater\n>p2 switch 4\n>p2 switch 3\n>p1 move slackoff\n>p2 move trick\n>p1 move slackoff\n>p2 switch 6\n>p1 move slackoff\n>p2 move hex\n>p1 switch 6\n>p2 switch 6\n>p1 move knockoff\n>p2 switch 4\n>p1 move circlethrow\n>p2 move stoneedge\n>p1 move uturn\n>p2 move torchsong\n>forcelose p1", "uploadtime": 1733912018, "views": 1, "formatid": "gen9randombattle", "rating": 1069, "private": 0, "password": null}