{"id": "gen9randombattle-2260648460", "format": "[Gen 9] Random Battle", "players": ["Kara_Raccoon", "whiiitell"], "log": "|j|\u2606Kara_Raccoon\n|j|\u2606whiiitell\n|t:|1733873590\n|gametype|singles\n|player|p1|Kara_Raccoon|lyra|1375\n|player|p2|whiiitell|n|1408\n|teamsize|p1|6\n|teamsize|p2|6\n|gen|9\n|tier|[Gen 9] Random Battle\n|rated|\n|rule|Species Clause: Limit one of each Pok\u00e9mon\n|rule|HP Percentage Mod: HP is shown in percentages\n|rule|Sleep Clause Mod: Limit one foe put to sleep\n|rule|Illusion Level Mod: Illusion disguises the Pok\u00e9mon's true level\n|\n|t:|1733873590\n|start\n|switch|p1a: Rillaboom|Rillaboom, L79, F|288/288\n|switch|p2a: Sableye|Sableye, L89, F|234/234\n|-fieldstart|move: Grassy Terrain|[from] ability: Grassy Surge|[of] p1a: Rillaboom\n|turn|1\n|inactive|Battle timer is ON: inactive players will automatically lose when time's up. (requested by whiiitell)\n|\n|t:|1733873613\n|move|p2a: Sableye|Thunder Wave|p1a: Rillaboom\n|-status|p1a: Rillaboom|par\n|move|p1a: Rillaboom|Wood Hammer|p2a: Sableye\n|-damage|p2a: Sableye|0 fnt\n|faint|p2a: Sableye\n|-damage|p1a: Rillaboom|211/288 par|[from] Recoil\n|\n|-heal|p1a: Rillaboom|229/288 par|[from] Grassy Terrain\n|upkeep\n|\n|t:|1733873631\n|switch|p2a: Vikavolt|Vikavolt, L83, F|263/263\n|turn|2\n|\n|t:|1733873659\n|switch|p1a: Bronzong|Bronzong, L88|261/261\n|move|p2a: Vikavolt|Sticky Web|p1a: Bronzong\n|-sidestart|p1: Kara_Raccoon|move: Sticky Web\n|\n|upkeep\n|turn|3\n|\n|t:|1733873667\n|move|p2a: Vikavolt|Bug Buzz|p1a: Bronzong\n|-crit|p1a: Bronzong\n|-damage|p1a: Bronzong|119/261\n|move|p1a: Bronzong|Iron Defense|p1a: Bronzong\n|-boost|p1a: Bronzong|def|2\n|\n|upkeep\n|turn|4\n|\n|t:|1733873673\n|move|p2a: Vikavolt|Bug Buzz|p1a: Bronzong\n|-damage|p1a: Bronzong|20/261\n|move|p1a: Bronzong|Rest|p1a: Bronzong\n|-status|p1a: Bronzong|slp|[from] move: Rest\n|-heal|p1a: Bronzong|261/261 slp|[silent]\n|-enditem|p1a: Bronzong|Chesto Berry|[eat]\n|-curestatus|p1a: Bronzong|slp|[msg]\n|\n|upkeep\n|turn|5\n|\n|t:|1733873682\n|move|p2a: Vikavolt|Bug Buzz|p1a: Bronzong\n|-damage|p1a: Bronzong|158/261\n|move|p1a: Bronzong|Psychic Noise|p2a: Vikavolt\n|-crit|p2a: Vikavolt\n|-damage|p2a: Vikavolt|127/263\n|-start|p2a: Vikavolt|move: Heal Block\n|\n|-fieldend|move: Grassy Terrain\n|upkeep\n|turn|6\n|\n|t:|1733873691\n|move|p2a: Vikavolt|Bug Buzz|p1a: Bronzong\n|-damage|p1a: Bronzong|59/261\n|move|p1a: Bronzong|Psychic Noise|p2a: Vikavolt\n|-damage|p2a: Vikavolt|40/263\n|\n|-end|p2a: Vikavolt|move: Heal Block\n|upkeep\n|turn|7\n|\n|t:|1733873700\n|move|p2a: Vikavolt|Bug Buzz|p1a: Bronzong\n|-damage|p1a: Bronzong|0 fnt\n|faint|p1a: Bronzong\n|\n|upkeep\n|\n|t:|1733873724\n|switch|p1a: Rillaboom|Rillaboom, L79, F|229/288 par\n|-activate|p1a: Rillaboom|move: Sticky Web\n|-unboost|p1a: Rillaboom|spe|1\n|-fieldstart|move: Grassy Terrain|[from] ability: Grassy Surge|[of] p1a: Rillaboom\n|turn|8\n|\n|t:|1733873742\n|move|p1a: Rillaboom|Grassy Glide|p2a: Vikavolt\n|-resisted|p2a: Vikavolt\n|-damage|p2a: Vikavolt|0 fnt\n|faint|p2a: Vikavolt\n|\n|-heal|p1a: Rillaboom|247/288 par|[from] Grassy Terrain\n|upkeep\n|\n|t:|1733873747\n|switch|p2a: Swalot|Swalot, L90, M|326/326\n|turn|9\n|\n|t:|1733873764\n|switch|p1a: Qwilfish|Qwilfish-Hisui, L83, M|244/244\n|-activate|p1a: Qwilfish|move: Sticky Web\n|-unboost|p1a: Qwilfish|spe|1\n|-ability|p1a: Qwilfish|Intimidate|boost\n|-unboost|p2a: Swalot|atk|1\n|move|p2a: Swalot|Gunk Shot|p1a: Qwilfish|[miss]\n|-miss|p2a: Swalot|p1a: Qwilfish\n|\n|upkeep\n|turn|10\n|\n|t:|1733873777\n|move|p2a: Swalot|Knock Off|p1a: Qwilfish\n|-resisted|p1a: Qwilfish\n|-damage|p1a: Qwilfish|229/244\n|-enditem|p1a: Qwilfish|Eviolite|[from] move: Knock Off|[of] p2a: Swalot\n|move|p1a: Qwilfish|Spikes|p2a: Swalot\n|-sidestart|p2: whiiitell|Spikes\n|\n|-heal|p1a: Qwilfish|244/244|[from] Grassy Terrain\n|upkeep\n|turn|11\n|\n|t:|1733873806\n|move|p2a: Swalot|Swords Dance|p2a: Swalot\n|-boost|p2a: Swalot|atk|2\n|move|p1a: Qwilfish|Spikes|p2a: Swalot\n|-sidestart|p2: whiiitell|Spikes\n|\n|upkeep\n|turn|12\n|\n|t:|1733873816\n|move|p2a: Swalot|Swords Dance|p2a: Swalot\n|-boost|p2a: Swalot|atk|2\n|move|p1a: Qwilfish|Crunch|p2a: Swalot\n|-damage|p2a: Swalot|238/326\n|\n|-heal|p2a: Swalot|258/326|[from] Grassy Terrain\n|-heal|p2a: Swalot|278/326|[from] item: Leftovers\n|-fieldend|move: Grassy Terrain\n|upkeep\n|turn|13\n|\n|t:|1733873828\n|move|p2a: Swalot|Earthquake|p1a: Qwilfish\n|-supereffective|p1a: Qwilfish\n|-damage|p1a: Qwilfish|0 fnt\n|faint|p1a: Qwilfish\n|\n|-heal|p2a: Swalot|298/326|[from] item: Leftovers\n|upkeep\n|inactive|Kara_Raccoon has 120 seconds left.\n|\n|t:|1733873856\n|switch|p1a: Regirock|Regirock, L83|268/268\n|-activate|p1a: Regirock|move: Sticky Web\n|-fail|p1a: Regirock|unboost|[from] ability: Clear Body|[of] p1a: Regirock\n|turn|14\n|inactive|Kara_Raccoon has 120 seconds left.\n|\n|t:|1733873867\n|move|p2a: Swalot|Earthquake|p1a: Regirock\n|-supereffective|p1a: Regirock\n|-damage|p1a: Regirock|92/268\n|move|p1a: Regirock|Curse|p1a: Regirock\n|-unboost|p1a: Regirock|spe|1\n|-boost|p1a: Regirock|atk|1\n|-boost|p1a: Regirock|def|1\n|\n|-heal|p2a: Swalot|318/326|[from] item: Leftovers\n|upkeep\n|turn|15\n|\n|t:|1733873875\n|move|p2a: Swalot|Earthquake|p1a: Regirock\n|-supereffective|p1a: Regirock\n|-crit|p1a: Regirock\n|-damage|p1a: Regirock|0 fnt\n|faint|p1a: Regirock\n|\n|-heal|p2a: Swalot|326/326|[from] item: Leftovers\n|upkeep\n|-message|Kara_Raccoon forfeited.\n|\n|win|whiiitell\n|raw|Kara_Raccoon's rating: 1375 &rarr; <strong>1357</strong><br />(-18 for losing)\n|raw|whiiitell's rating: 1408 &rarr; <strong>1426</strong><br />(+18 for winning)\n|l|\u2606Kara_Raccoon\n|player|p1|\n", "inputlog": ">version bfd83cad13791eb5a5a409923076391caf6fb4d4\n>start {\"formatid\":\"gen9randombattle\",\"seed\":[33304,64978,50825,29999],\"rated\":\"Rated battle\"}\n>player p1 {\"name\":\"Kara_Raccoon\",\"avatar\":\"lyra\",\"rating\":1375,\"seed\":[2121,40371,5307,35683]}\n>player p2 {\"name\":\"whiiitell\",\"avatar\":\"n\",\"rating\":1408,\"seed\":[63120,53606,9258,46402]}\n>p1 move woodhammer\n>p2 move thunderwave\n>p2 switch 5\n>p1 switch 2\n>p2 move stickyweb\n>p1 move irondefense\n>p2 move bugbuzz\n>p1 move rest\n>p2 move bugbuzz\n>p1 move psychicnoise\n>p2 move bugbuzz\n>p1 move psychicnoise\n>p2 move bugbuzz\n>p1 move psychicnoise\n>p2 move bugbuzz\n>p1 switch 2\n>p1 move grassyglide\n>p2 move bugbuzz\n>p2 switch 6\n>p1 switch 6\n>p2 move gunkshot\n>p1 move spikes\n>p2 move knockoff\n>p1 move spikes\n>p2 move swordsdance\n>p1 move crunch\n>p2 move swordsdance\n>p1 move taunt\n>p2 move earthquake\n>p1 switch 4\n>p1 move curse\n>p2 move earthquake\n>p1 move rest\n>p2 move earthquake\n>forcelose p1", "uploadtime": 1733873883, "views": 1, "formatid": "gen9randombattle", "rating": 1357, "private": 0, "password": null}