{"id": "gen9randombattle-2099433460", "format": "[Gen 9] Random Battle", "players": ["MasterJ007", "Referrals"], "log": "|badge|p1|silver|gen9randombattle|30-1\n|uhtml|medal-msg|<div class=\"broadcast-blue\">Curious what those medals under the avatar are? PS now has Ladder Seasons! For more information, check out the <a href=\"https://www.smogon.com/forums/threads/3740067/\">thread on Smogon.</a></div>\n|badge|p2|gold|gen9randombattle|3-1\n|uhtml|medal-msg|<div class=\"broadcast-blue\">Curious what those medals under the avatar are? PS now has Ladder Seasons! For more information, check out the <a href=\"https://www.smogon.com/forums/threads/3740067/\">thread on Smogon.</a></div>\n|j|\u2606MasterJ007\n|j|\u2606Referrals\n|t:|1712666344\n|gametype|singles\n|player|p1|MasterJ007|#rbtt7teamsuicune|2398\n|player|p2|Referrals|barry|2482\n|teamsize|p1|6\n|teamsize|p2|6\n|gen|9\n|tier|[Gen 9] Random Battle\n|rated|\n|rule|Species Clause: Limit one of each Pok\u00e9mon\n|rule|HP Percentage Mod: HP is shown in percentages\n|rule|Sleep Clause Mod: Limit one foe put to sleep\n|rule|Illusion Level Mod: Illusion disguises the Pok\u00e9mon's true level\n|\n|t:|1712666344\n|start\n|switch|p1a: Vileplume|Vileplume, L86, F|269/269\n|switch|p2a: Greedent|Greedent, L86, F|347/347\n|turn|1\n|inactive|Battle timer is ON: inactive players will automatically lose when time's up. (requested by Referrals)\n|j| gokupichu\n|j| suta pulachina\n|inactive|Referrals has 120 seconds left.\n|\n|t:|1712666380\n|move|p1a: Vileplume|Sleep Powder|p2a: Greedent\n|-status|p2a: Greedent|slp|[from] move: Sleep Powder\n|cant|p2a: Greedent|slp\n|\n|upkeep\n|turn|2\n|\n|t:|1712666412\n|switch|p1a: Swampert|Swampert, L83, F|302/302\n|-curestatus|p2a: Greedent|slp|[msg]\n|move|p2a: Greedent|Swords Dance|p2a: Greedent\n|-boost|p2a: Greedent|atk|2\n|\n|upkeep\n|turn|3\n|\n|t:|1712666419\n|move|p2a: Greedent|Double-Edge|p1a: Swampert\n|-damage|p1a: Swampert|41/302\n|-damage|p2a: Greedent|261/347|[from] Recoil\n|move|p1a: Swampert|Roar|p2a: Greedent\n|drag|p2a: Phione|Phione, L90|290/290\n|\n|-heal|p1a: Swampert|59/302|[from] item: Leftovers\n|upkeep\n|turn|4\n|\n|t:|1712666423\n|move|p2a: Phione|Ice Beam|p1a: Swampert\n|-damage|p1a: Swampert|0 fnt\n|faint|p1a: Swampert\n|\n|upkeep\n|\n|t:|1712666431\n|switch|p1a: Iron Leaves|Iron Leaves, L80|275/275\n|turn|5\n|\n|t:|1712666443\n|switch|p2a: Lurantis|Lurantis, L88, M|266/266\n|move|p1a: Iron Leaves|Leaf Blade|p2a: Lurantis\n|-resisted|p2a: Lurantis\n|-damage|p2a: Lurantis|186/266\n|\n|-heal|p2a: Lurantis|202/266|[from] item: Leftovers\n|upkeep\n|turn|6\n|\n|t:|1712666450\n|-end|p1a: Iron Leaves|Quark Drive|[silent]\n|switch|p1a: Vileplume|Vileplume, L86, F|269/269\n|switch|p2a: Reshiram|Reshiram, L76|277/277\n|-ability|p2a: Reshiram|Turboblaze\n|\n|upkeep\n|turn|7\n|\n|t:|1712666476\n|move|p2a: Reshiram|Blue Flare|p1a: Vileplume\n|-supereffective|p1a: Vileplume\n|-damage|p1a: Vileplume|0 fnt\n|faint|p1a: Vileplume\n|\n|upkeep\n|\n|t:|1712666482\n|switch|p1a: Banette|Banette, L93, F|270/270\n|turn|8\n|\n|t:|1712666489\n|switch|p2a: Greedent|Greedent, L86, F|261/347\n|move|p1a: Banette|Thunder Wave|p2a: Greedent\n|-status|p2a: Greedent|par\n|\n|upkeep\n|turn|9\n|\n|t:|1712666496\n|switch|p1a: Sneasler|Sneasler, L75, F|244/244\n|move|p2a: Greedent|Knock Off|p1a: Sneasler\n|-resisted|p1a: Sneasler\n|-damage|p1a: Sneasler|196/244\n|-enditem|p1a: Sneasler|White Herb|[from] move: Knock Off|[of] p2a: Greedent\n|\n|upkeep\n|turn|10\n|\n|t:|1712666502\n|move|p1a: Sneasler|Swords Dance|p1a: Sneasler\n|-boost|p1a: Sneasler|atk|2\n|move|p2a: Greedent|Double-Edge|p1a: Sneasler\n|-damage|p1a: Sneasler|16/244\n|-damage|p2a: Greedent|202/347 par|[from] Recoil\n|\n|upkeep\n|turn|11\n|inactive|Referrals has 120 seconds left.\n|\n|t:|1712666538\n|switch|p2a: Vileplume|Vileplume, L86, F|269/269\n|move|p1a: Sneasler|Close Combat|p2a: Vileplume\n|-resisted|p2a: Vileplume\n|-crit|p2a: Vileplume\n|-damage|p2a: Vileplume|65/269\n|-unboost|p1a: Sneasler|def|1\n|-unboost|p1a: Sneasler|spd|1\n|\n|-heal|p2a: Vileplume|81/269|[from] item: Leftovers\n|upkeep\n|turn|12\n|\n|t:|1712666545\n|move|p1a: Sneasler|Acrobatics|p2a: Vileplume\n|-supereffective|p2a: Vileplume\n|-damage|p2a: Vileplume|0 fnt\n|faint|p2a: Vileplume\n|\n|upkeep\n|\n|t:|1712666547\n|switch|p2a: Ambipom|Ambipom, L84, M|263/263\n|turn|13\n|\n|t:|1712666553\n|switch|p1a: Banette|Banette, L93, F|270/270\n|move|p2a: Ambipom|Fake Out|p1a: Banette\n|-immune|p1a: Banette\n|\n|upkeep\n|turn|14\n|\n|t:|1712666581\n|switch|p2a: Greedent|Greedent, L86, F|202/347 par\n|move|p1a: Banette|Thunder Wave|p2a: Greedent\n|-fail|p2a: Greedent|par\n|\n|upkeep\n|turn|15\n|\n|t:|1712666591\n|switch|p1a: Sneasler|Sneasler, L75, F|16/244\n|move|p2a: Greedent|Knock Off|p1a: Sneasler\n|-resisted|p1a: Sneasler\n|-damage|p1a: Sneasler|0 fnt\n|faint|p1a: Sneasler\n|\n|upkeep\n|\n|t:|1712666605\n|switch|p1a: Iron Leaves|Iron Leaves, L80|275/275\n|turn|16\n|\n|t:|1712666613\n|move|p1a: Iron Leaves|Close Combat|p2a: Greedent\n|-supereffective|p2a: Greedent\n|-damage|p2a: Greedent|0 fnt\n|-unboost|p1a: Iron Leaves|def|1\n|-unboost|p1a: Iron Leaves|spd|1\n|faint|p2a: Greedent\n|\n|upkeep\n|\n|t:|1712666622\n|switch|p2a: Reshiram|Reshiram, L76|277/277\n|-ability|p2a: Reshiram|Turboblaze\n|turn|17\n|inactive|MasterJ007 has 120 seconds left.\n|inactive|MasterJ007 has 90 seconds left.\n|\n|t:|1712666700\n|-end|p1a: Iron Leaves|Quark Drive|[silent]\n|switch|p1a: Minun|Minun, L95, M|268/268\n|move|p2a: Reshiram|Draco Meteor|p1a: Minun\n|-crit|p1a: Minun\n|-damage|p1a: Minun|34/268\n|-unboost|p2a: Reshiram|spa|2\n|\n|upkeep\n|turn|18\n|\n|t:|1712666709\n|switch|p2a: Lurantis|Lurantis, L88, M|202/266\n|move|p1a: Minun|Thunderbolt|p2a: Lurantis\n|-resisted|p2a: Lurantis\n|-damage|p2a: Lurantis|140/266\n|-damage|p1a: Minun|8/268|[from] item: Life Orb\n|\n|-heal|p2a: Lurantis|156/266|[from] item: Leftovers\n|upkeep\n|turn|19\n|\n|t:|1712666712\n|move|p1a: Minun|Thunderbolt|p2a: Lurantis\n|-resisted|p2a: Lurantis\n|-damage|p2a: Lurantis|96/266\n|-damage|p1a: Minun|0 fnt|[from] item: Life Orb\n|faint|p1a: Minun\n|move|p2a: Lurantis|Synthesis|p2a: Lurantis\n|-heal|p2a: Lurantis|229/266\n|\n|-heal|p2a: Lurantis|245/266|[from] item: Leftovers\n|upkeep\n|\n|t:|1712666716\n|switch|p1a: Banette|Banette, L93, F|270/270\n|turn|20\n|\n|t:|1712666733\n|switch|p2a: Phione|Phione, L90|290/290\n|move|p1a: Banette|Gunk Shot|p2a: Phione\n|-damage|p2a: Phione|143/290\n|-status|p2a: Phione|psn\n|-damage|p1a: Banette|243/270|[from] item: Life Orb\n|\n|-heal|p2a: Phione|161/290 psn|[from] item: Leftovers\n|-damage|p2a: Phione|125/290 psn|[from] psn\n|upkeep\n|turn|21\n|\n|t:|1712666745\n|move|p2a: Phione|Scald|p1a: Banette\n|-damage|p1a: Banette|141/270\n|move|p1a: Banette|Poltergeist|p2a: Phione\n|-activate|p2a: Phione|move: Poltergeist|Leftovers\n|-damage|p2a: Phione|0 fnt\n|faint|p2a: Phione\n|-damage|p1a: Banette|114/270|[from] item: Life Orb\n|\n|upkeep\n|\n|t:|1712666752\n|switch|p2a: Reshiram|Reshiram, L76|277/277\n|-ability|p2a: Reshiram|Turboblaze\n|turn|22\n|\n|t:|1712666776\n|move|p2a: Reshiram|Draco Meteor|p1a: Banette\n|-damage|p1a: Banette|0 fnt\n|-unboost|p2a: Reshiram|spa|2\n|-start|p2a: Reshiram|Disable|Draco Meteor|[from] ability: Cursed Body|[of] p1a: Banette\n|faint|p1a: Banette\n|\n|upkeep\n|\n|t:|1712666779\n|switch|p1a: Iron Leaves|Iron Leaves, L80|275/275\n|turn|23\n|\n|t:|1712666797\n|-terastallize|p1a: Iron Leaves|Fighting\n|move|p1a: Iron Leaves|Psyblade|p2a: Reshiram\n|-damage|p2a: Reshiram|135/277\n|move|p2a: Reshiram|Will-O-Wisp|p1a: Iron Leaves\n|-status|p1a: Iron Leaves|brn\n|\n|-damage|p1a: Iron Leaves|258/275 brn|[from] brn\n|upkeep\n|turn|24\n|\n|t:|1712666801\n|move|p1a: Iron Leaves|Psyblade|p2a: Reshiram\n|-damage|p2a: Reshiram|61/277\n|move|p2a: Reshiram|Blue Flare|p1a: Iron Leaves\n|-damage|p1a: Iron Leaves|188/275 brn\n|\n|-damage|p1a: Iron Leaves|171/275 brn|[from] brn\n|upkeep\n|turn|25\n|\n|t:|1712666804\n|move|p1a: Iron Leaves|Psyblade|p2a: Reshiram\n|-damage|p2a: Reshiram|0 fnt\n|faint|p2a: Reshiram\n|\n|-damage|p1a: Iron Leaves|154/275 brn|[from] brn\n|upkeep\n|\n|t:|1712666807\n|switch|p2a: Ambipom|Ambipom, L84, M|263/263\n|turn|26\n|-message|MasterJ007 forfeited.\n|\n|win|Referrals\n|raw|MasterJ007's rating: 2398 &rarr; <strong>2383</strong><br />(-15 for losing)\n|raw|Referrals's rating: 2482 &rarr; <strong>2497</strong><br />(+15 for winning)\n|l|\u2606MasterJ007\n|player|p1|\n|l| gokupichu\n|l|\u2606Referrals\n|player|p2|\n", "inputlog": ">version 3a5338d38dc0bb363dd203110c27f40e04e176a8\n>start {\"formatid\":\"gen9randombattle\",\"seed\":[38508,43584,26994,55135],\"rated\":\"Rated battle\"}\n>player p1 {\"name\":\"MasterJ007\",\"avatar\":\"#rbtt7teamsuicune\",\"rating\":2398,\"seed\":[7357,44054,16186,57172]}\n>player p2 {\"name\":\"Referrals\",\"avatar\":\"barry\",\"rating\":2482,\"seed\":[41979,32341,51189,60658]}\n>p1 move sleeppowder\n>p2 move swordsdance\n>p1 switch 5\n>p2 move swordsdance\n>p1 move roar\n>p2 move doubleedge\n>p1 move stealthrock\n>p2 move icebeam\n>p1 switch 3\n>p1 move leafblade\n>p2 switch 2\n>p1 switch 5\n>p2 switch 3\n>p1 move sleeppowder\n>p2 move blueflare\n>p1 switch 4\n>p1 move thunderwave\n>p2 switch 4\n>p1 switch 6\n>p2 move knockoff\n>p1 move swordsdance\n>p2 move doubleedge\n>p1 move closecombat\n>p2 switch 6\n>p1 move acrobatics\n>p2 move sludgebomb\n>p2 switch 5\n>p1 switch 6\n>p2 move fakeout\n>p1 move thunderwave\n>p2 switch 6\n>p1 switch 6\n>p2 move knockoff\n>p1 switch 5\n>p1 move closecombat\n>p2 move doubleedge\n>p2 switch 4\n>p1 switch 2\n>p2 move dracometeor\n>p1 move thunderbolt\n>p2 switch 3\n>p1 move thunderbolt\n>p2 move synthesis\n>p1 switch 6\n>p1 move gunkshot\n>p2 switch 2\n>p1 move poltergeist\n>p2 move scald\n>p2 switch 3\n>p1 move thunderwave\n>p2 move dracometeor\n>p1 switch 2\n>p1 move psyblade terastallize\n>p2 move willowisp\n>p1 move psyblade\n>p2 move blueflare\n>p1 move psyblade\n>p2 move blueflare\n>p2 switch 6\n>forcelose p1", "uploadtime": 1712666815, "views": 255, "formatid": "gen9randombattle", "rating": 2383, "private": 0, "password": null}