{"id": "gen9randombattle-2260714686", "format": "[Gen 9] Random Battle", "players": ["WelWhale", "FantasyWind"], "log": "|j|\u2606WelWhale\n|j|\u203dFantasyWind\n|t:|1733881972\n|gametype|singles\n|player|p1|WelWhale|ghetsis-gen5bw|1470\n|player|p2|FantasyWind|hilda|1421\n|teamsize|p1|6\n|teamsize|p2|6\n|gen|9\n|tier|[Gen 9] Random Battle\n|rated|\n|rule|Species Clause: Limit one of each Pok\u00e9mon\n|rule|HP Percentage Mod: HP is shown in percentages\n|rule|Sleep Clause Mod: Limit one foe put to sleep\n|rule|Illusion Level Mod: Illusion disguises the Pok\u00e9mon's true level\n|\n|t:|1733881972\n|start\n|switch|p1a: Gholdengo|Gholdengo, L77|261/261\n|switch|p2a: Cresselia|Cresselia, L80, F|323/323\n|turn|1\n|inactive|Battle timer is ON: inactive players will automatically lose when time's up. (requested by FantasyWind)\n|\n|t:|1733881996\n|move|p2a: Cresselia|Calm Mind|p2a: Cresselia\n|-boost|p2a: Cresselia|spa|1\n|-boost|p2a: Cresselia|spd|1\n|move|p1a: Gholdengo|Nasty Plot|p1a: Gholdengo\n|-boost|p1a: Gholdengo|spa|2\n|\n|upkeep\n|turn|2\n|\n|t:|1733882002\n|move|p2a: Cresselia|Calm Mind|p2a: Cresselia\n|-boost|p2a: Cresselia|spa|1\n|-boost|p2a: Cresselia|spd|1\n|move|p1a: Gholdengo|Shadow Ball|p2a: Cresselia\n|-supereffective|p2a: Cresselia\n|-damage|p2a: Cresselia|165/323\n|\n|-heal|p2a: Cresselia|185/323|[from] item: Leftovers\n|upkeep\n|turn|3\n|\n|t:|1733882008\n|move|p2a: Cresselia|Calm Mind|p2a: Cresselia\n|-boost|p2a: Cresselia|spa|1\n|-boost|p2a: Cresselia|spd|1\n|move|p1a: Gholdengo|Nasty Plot|p1a: Gholdengo\n|-boost|p1a: Gholdengo|spa|2\n|\n|-heal|p2a: Cresselia|205/323|[from] item: Leftovers\n|upkeep\n|turn|4\n|\n|t:|1733882012\n|move|p2a: Cresselia|Calm Mind|p2a: Cresselia\n|-boost|p2a: Cresselia|spa|1\n|-boost|p2a: Cresselia|spd|1\n|move|p1a: Gholdengo|Nasty Plot|p1a: Gholdengo\n|-boost|p1a: Gholdengo|spa|2\n|\n|-heal|p2a: Cresselia|225/323|[from] item: Leftovers\n|upkeep\n|turn|5\n|\n|t:|1733882016\n|move|p2a: Cresselia|Calm Mind|p2a: Cresselia\n|-boost|p2a: Cresselia|spa|1\n|-boost|p2a: Cresselia|spd|1\n|move|p1a: Gholdengo|Shadow Ball|p2a: Cresselia\n|-supereffective|p2a: Cresselia\n|-damage|p2a: Cresselia|63/323\n|\n|-heal|p2a: Cresselia|83/323|[from] item: Leftovers\n|upkeep\n|turn|6\n|\n|t:|1733882021\n|move|p2a: Cresselia|Moonlight|p2a: Cresselia\n|-heal|p2a: Cresselia|244/323\n|move|p1a: Gholdengo|Shadow Ball|p2a: Cresselia\n|-supereffective|p2a: Cresselia\n|-damage|p2a: Cresselia|70/323\n|-unboost|p2a: Cresselia|spd|1\n|\n|-heal|p2a: Cresselia|90/323|[from] item: Leftovers\n|upkeep\n|turn|7\n|\n|t:|1733882027\n|-terastallize|p2a: Cresselia|Electric\n|move|p2a: Cresselia|Moonlight|p2a: Cresselia\n|-heal|p2a: Cresselia|251/323\n|move|p1a: Gholdengo|Shadow Ball|p2a: Cresselia\n|-damage|p2a: Cresselia|151/323\n|\n|-heal|p2a: Cresselia|171/323|[from] item: Leftovers\n|upkeep\n|turn|8\n|\n|t:|1733882038\n|move|p2a: Cresselia|Calm Mind|p2a: Cresselia\n|-boost|p2a: Cresselia|spa|1\n|-boost|p2a: Cresselia|spd|1\n|move|p1a: Gholdengo|Shadow Ball|p2a: Cresselia\n|-damage|p2a: Cresselia|86/323\n|\n|-heal|p2a: Cresselia|106/323|[from] item: Leftovers\n|upkeep\n|turn|9\n|\n|t:|1733882047\n|move|p2a: Cresselia|Moonlight|p2a: Cresselia\n|-heal|p2a: Cresselia|267/323\n|move|p1a: Gholdengo|Shadow Ball|p2a: Cresselia\n|-damage|p2a: Cresselia|176/323\n|\n|-heal|p2a: Cresselia|196/323|[from] item: Leftovers\n|upkeep\n|turn|10\n|\n|t:|1733882053\n|move|p2a: Cresselia|Moonlight|p2a: Cresselia\n|-heal|p2a: Cresselia|323/323\n|move|p1a: Gholdengo|Shadow Ball|p2a: Cresselia\n|-damage|p2a: Cresselia|232/323\n|\n|-heal|p2a: Cresselia|252/323|[from] item: Leftovers\n|upkeep\n|turn|11\n|\n|t:|1733882059\n|move|p2a: Cresselia|Moonlight|p2a: Cresselia\n|-heal|p2a: Cresselia|323/323\n|move|p1a: Gholdengo|Shadow Ball|p2a: Cresselia\n|-damage|p2a: Cresselia|244/323\n|\n|-heal|p2a: Cresselia|264/323|[from] item: Leftovers\n|upkeep\n|turn|12\n|\n|t:|1733882065\n|move|p2a: Cresselia|Thunderbolt|p1a: Gholdengo\n|-damage|p1a: Gholdengo|0 fnt\n|faint|p1a: Gholdengo\n|\n|-heal|p2a: Cresselia|284/323|[from] item: Leftovers\n|upkeep\n|\n|t:|1733882074\n|switch|p1a: Latios|Latios, L78, M|253/253\n|turn|13\n|\n|t:|1733882081\n|move|p1a: Latios|Calm Mind|p1a: Latios\n|-boost|p1a: Latios|spa|1\n|-boost|p1a: Latios|spd|1\n|move|p2a: Cresselia|Psyshock|p1a: Latios\n|-resisted|p1a: Latios\n|-damage|p1a: Latios|103/253\n|\n|-heal|p2a: Cresselia|304/323|[from] item: Leftovers\n|upkeep\n|turn|14\n|\n|t:|1733882090\n|move|p1a: Latios|Recover|p1a: Latios\n|-heal|p1a: Latios|230/253\n|move|p2a: Cresselia|Psyshock|p1a: Latios\n|-resisted|p1a: Latios\n|-damage|p1a: Latios|70/253\n|\n|-heal|p2a: Cresselia|323/323|[from] item: Leftovers\n|upkeep\n|turn|15\n|\n|t:|1733882095\n|move|p1a: Latios|Calm Mind|p1a: Latios\n|-boost|p1a: Latios|spa|1\n|-boost|p1a: Latios|spd|1\n|move|p2a: Cresselia|Psyshock|p1a: Latios\n|-resisted|p1a: Latios\n|-damage|p1a: Latios|0 fnt\n|faint|p1a: Latios\n|\n|upkeep\n|-message|WelWhale forfeited.\n|\n|win|FantasyWind\n|raw|WelWhale's rating: 1470 &rarr; <strong>1447</strong><br />(-23 for losing)\n|raw|FantasyWind's rating: 1421 &rarr; <strong>1444</strong><br />(+23 for winning)\n|l|\u2606WelWhale\n|player|p1|\n", "inputlog": ">version bfd83cad13791eb5a5a409923076391caf6fb4d4\n>start {\"formatid\":\"gen9randombattle\",\"seed\":[58291,29580,6493,52931],\"rated\":\"Rated battle\"}\n>player p1 {\"name\":\"WelWhale\",\"avatar\":\"ghetsis-gen5bw\",\"rating\":1470,\"seed\":[54333,6228,14101,34741]}\n>player p2 {\"name\":\"FantasyWind\",\"avatar\":\"hilda\",\"rating\":1421,\"seed\":[7310,52251,48191,18405]}\n>p1 move nastyplot\n>p2 move calmmind\n>p1 move shadowball\n>p2 move calmmind\n>p1 move nastyplot\n>p2 move calmmind\n>p1 move nastyplot\n>p2 move calmmind\n>p1 move shadowball\n>p2 move calmmind\n>p1 move shadowball\n>p2 move moonlight\n>p1 move shadowball\n>p2 move moonlight terastallize\n>p1 move shadowball\n>p2 move calmmind\n>p1 move shadowball\n>p2 move moonlight\n>p1 move shadowball\n>p2 move moonlight\n>p1 move shadowball\n>p2 move moonlight\n>p1 move shadowball\n>p2 move thunderbolt\n>p1 switch 6\n>p1 move calmmind\n>p2 move psyshock\n>p1 move recover\n>p2 move psyshock\n>p1 move calmmind\n>p2 move psyshock\n>forcelose p1", "uploadtime": 1733882108, "views": 1, "formatid": "gen9randombattle", "rating": 1444, "private": 0, "password": null}