{"id": "gen9randombattle-2260431866", "format": "[Gen 9] Random Battle", "players": ["ultrabooboobear", "cc126"], "log": "|j|\u2606ultrabooboobear\n|j|\u203dcc126\n|t:|1733851014\n|gametype|singles\n|player|p1|ultrabooboobear|fisherman-gen1|1739\n|player|p2|cc126|acetrainer-gen4|1741\n|teamsize|p1|6\n|teamsize|p2|6\n|gen|9\n|tier|[Gen 9] Random Battle\n|rated|\n|rule|Species Clause: Limit one of each Pok\u00e9mon\n|rule|HP Percentage Mod: HP is shown in percentages\n|rule|Sleep Clause Mod: Limit one foe put to sleep\n|rule|Illusion Level Mod: Illusion disguises the Pok\u00e9mon's true level\n|\n|t:|1733851014\n|start\n|switch|p1a: Shaymin|Shaymin-Sky, L73|266/266\n|switch|p2a: Camerupt|Camerupt, L91, F|275/275\n|turn|1\n|inactive|Battle timer is ON: inactive players will automatically lose when time's up. (requested by cc126)\n|\n|t:|1733851036\n|switch|p1a: Granbull|Granbull, L88, M|302/302\n|-ability|p1a: Granbull|Intimidate|boost\n|-unboost|p2a: Camerupt|atk|1\n|move|p2a: Camerupt|Stealth Rock|p1a: Granbull\n|-sidestart|p1: ultrabooboobear|move: Stealth Rock\n|\n|upkeep\n|turn|2\n|\n|t:|1733851042\n|move|p1a: Granbull|Earthquake|p2a: Camerupt\n|-supereffective|p2a: Camerupt\n|-damage|p2a: Camerupt|116/275\n|move|p2a: Camerupt|Overheat|p1a: Granbull\n|-crit|p1a: Granbull\n|-damage|p1a: Granbull|0 fnt\n|-unboost|p2a: Camerupt|spa|2\n|faint|p1a: Granbull\n|\n|-heal|p2a: Camerupt|133/275|[from] item: Leftovers\n|upkeep\n|\n|t:|1733851051\n|switch|p1a: Terrakion|Terrakion, L79|273/273\n|-damage|p1a: Terrakion|256/273|[from] Stealth Rock\n|turn|3\n|\n|t:|1733851059\n|move|p1a: Terrakion|Earthquake|p2a: Camerupt\n|-supereffective|p2a: Camerupt\n|-damage|p2a: Camerupt|0 fnt\n|faint|p2a: Camerupt\n|\n|upkeep\n|\n|t:|1733851073\n|switch|p2a: Basculegion|Basculegion-F, L83, F|335/335\n|turn|4\n|\n|t:|1733851078\n|switch|p1a: Mightyena|Mightyena, L95, F|287/287\n|-damage|p1a: Mightyena|252/287|[from] Stealth Rock\n|-ability|p1a: Mightyena|Intimidate|boost\n|-unboost|p2a: Basculegion|atk|1\n|move|p2a: Basculegion|Flip Turn|p1a: Mightyena\n|-damage|p1a: Mightyena|200/287\n|\n|t:|1733851082\n|switch|p2a: Tatsugiri|Tatsugiri-Droopy, L87, F|260/260|[from] Flip Turn\n|\n|upkeep\n|turn|5\n|\n|t:|1733851086\n|move|p2a: Tatsugiri|Rapid Spin|p1a: Mightyena\n|-damage|p1a: Mightyena|173/287\n|-boost|p2a: Tatsugiri|spe|1\n|move|p1a: Mightyena|Play Rough|p2a: Tatsugiri\n|-supereffective|p2a: Tatsugiri\n|-damage|p2a: Tatsugiri|70/260\n|\n|upkeep\n|turn|6\n|\n|t:|1733851092\n|move|p1a: Mightyena|Sucker Punch|p2a: Tatsugiri\n|-damage|p2a: Tatsugiri|0 fnt\n|faint|p2a: Tatsugiri\n|\n|upkeep\n|\n|t:|1733851096\n|switch|p2a: Medicham|Medicham, L86, M|243/243\n|turn|7\n|\n|t:|1733851100\n|move|p2a: Medicham|Ice Punch|p1a: Mightyena\n|-damage|p1a: Mightyena|56/287\n|move|p1a: Mightyena|Play Rough|p2a: Medicham\n|-supereffective|p2a: Medicham\n|-damage|p2a: Medicham|71/243\n|\n|upkeep\n|turn|8\n|\n|t:|1733851107\n|switch|p2a: Oricorio|Oricorio, L84, M|263/263\n|move|p1a: Mightyena|Sucker Punch||[still]\n|-fail|p1a: Mightyena\n|\n|upkeep\n|turn|9\n|\n|t:|1733851114\n|move|p2a: Oricorio|Quiver Dance|p2a: Oricorio\n|-boost|p2a: Oricorio|spa|1\n|-boost|p2a: Oricorio|spd|1\n|-boost|p2a: Oricorio|spe|1\n|move|p1a: Mightyena|Throat Chop|p2a: Oricorio\n|-damage|p2a: Oricorio|133/263\n|-start|p2a: Oricorio|Throat Chop|[silent]\n|\n|upkeep\n|turn|10\n|\n|t:|1733851127\n|move|p2a: Oricorio|Quiver Dance|p2a: Oricorio\n|-boost|p2a: Oricorio|spa|1\n|-boost|p2a: Oricorio|spd|1\n|-boost|p2a: Oricorio|spe|1\n|move|p1a: Mightyena|Throat Chop|p2a: Oricorio\n|-damage|p2a: Oricorio|15/263\n|\n|-end|p2a: Oricorio|Throat Chop|[silent]\n|upkeep\n|turn|11\n|\n|t:|1733851131\n|move|p1a: Mightyena|Sucker Punch||[still]\n|-fail|p1a: Mightyena\n|move|p2a: Oricorio|Roost|p2a: Oricorio\n|-heal|p2a: Oricorio|147/263\n|-singleturn|p2a: Oricorio|move: Roost\n|\n|upkeep\n|turn|12\n|\n|t:|1733851136\n|move|p1a: Mightyena|Sucker Punch||[still]\n|-fail|p1a: Mightyena\n|move|p2a: Oricorio|Roost|p2a: Oricorio\n|-heal|p2a: Oricorio|263/263\n|-singleturn|p2a: Oricorio|move: Roost\n|\n|upkeep\n|turn|13\n|\n|t:|1733851139\n|move|p1a: Mightyena|Sucker Punch||[still]\n|-fail|p1a: Mightyena\n|move|p2a: Oricorio|Quiver Dance|p2a: Oricorio\n|-boost|p2a: Oricorio|spa|1\n|-boost|p2a: Oricorio|spd|1\n|-boost|p2a: Oricorio|spe|1\n|\n|upkeep\n|turn|14\n|\n|t:|1733851143\n|move|p1a: Mightyena|Sucker Punch||[still]\n|-fail|p1a: Mightyena\n|move|p2a: Oricorio|Quiver Dance|p2a: Oricorio\n|-boost|p2a: Oricorio|spa|1\n|-boost|p2a: Oricorio|spd|1\n|-boost|p2a: Oricorio|spe|1\n|\n|upkeep\n|turn|15\n|\n|t:|1733851154\n|move|p2a: Oricorio|Quiver Dance|p2a: Oricorio\n|-boost|p2a: Oricorio|spa|1\n|-boost|p2a: Oricorio|spd|1\n|-boost|p2a: Oricorio|spe|1\n|move|p1a: Mightyena|Throat Chop|p2a: Oricorio\n|-damage|p2a: Oricorio|145/263\n|-start|p2a: Oricorio|Throat Chop|[silent]\n|\n|upkeep\n|turn|16\n|\n|t:|1733851159\n|move|p2a: Oricorio|Roost|p2a: Oricorio\n|-heal|p2a: Oricorio|263/263\n|-singleturn|p2a: Oricorio|move: Roost\n|move|p1a: Mightyena|Throat Chop|p2a: Oricorio\n|-damage|p2a: Oricorio|143/263\n|\n|-end|p2a: Oricorio|Throat Chop|[silent]\n|upkeep\n|turn|17\n|\n|t:|1733851163\n|move|p2a: Oricorio|Revelation Dance|p1a: Mightyena\n|-damage|p1a: Mightyena|0 fnt\n|faint|p1a: Mightyena\n|\n|upkeep\n|\n|t:|1733851165\n|switch|p1a: Clodsire|Clodsire, L81, M|343/343\n|-damage|p1a: Clodsire|322/343|[from] Stealth Rock\n|turn|18\n|\n|t:|1733851172\n|-terastallize|p2a: Oricorio|Ground\n|move|p2a: Oricorio|Revelation Dance|p1a: Clodsire\n|-supereffective|p1a: Clodsire\n|-damage|p1a: Clodsire|146/343\n|move|p1a: Clodsire|Toxic Spikes|p2a: Oricorio\n|-sidestart|p2: cc126|move: Toxic Spikes\n|\n|-heal|p1a: Clodsire|167/343|[from] item: Leftovers\n|upkeep\n|turn|19\n|\n|t:|1733851182\n|move|p2a: Oricorio|Revelation Dance|p1a: Clodsire\n|-supereffective|p1a: Clodsire\n|-damage|p1a: Clodsire|0 fnt\n|faint|p1a: Clodsire\n|\n|upkeep\n|-message|ultrabooboobear forfeited.\n|\n|win|cc126\n|raw|ultrabooboobear's rating: 1739 &rarr; <strong>1719</strong><br />(-20 for losing)\n|raw|cc126's rating: 1741 &rarr; <strong>1761</strong><br />(+20 for winning)\n|l|\u2606ultrabooboobear\n|player|p1|\n", "inputlog": ">version bfd83cad13791eb5a5a409923076391caf6fb4d4\n>start {\"formatid\":\"gen9randombattle\",\"seed\":[4120,52802,5904,43324],\"rated\":\"Rated battle\"}\n>player p1 {\"name\":\"ultrabooboobear\",\"avatar\":\"fisherman-gen1\",\"rating\":1739,\"seed\":[39352,55218,21410,17941]}\n>player p2 {\"name\":\"cc126\",\"avatar\":\"acetrainer-gen4\",\"rating\":1741,\"seed\":[18806,29064,4144,13370]}\n>p1 switch 3\n>p2 move stealthrock\n>p1 move earthquake\n>p2 move overheat\n>p1 switch 6\n>p1 move earthquake\n>p2 move earthquake\n>p2 switch 6\n>p1 switch 5\n>p2 move flipturn\n>p2 switch 2\n>p1 move playrough\n>p2 move rapidspin\n>p1 move suckerpunch\n>p2 move surf\n>p2 switch 4\n>p1 move playrough\n>p2 move icepunch\n>p1 move suckerpunch\n>p2 switch 5\n>p1 move throatchop\n>p2 move quiverdance\n>p1 move throatchop\n>p2 move quiverdance\n>p1 move suckerpunch\n>p2 move roost\n>p1 move suckerpunch\n>p2 move roost\n>p1 move suckerpunch\n>p2 move quiverdance\n>p1 move suckerpunch\n>p2 move quiverdance\n>p1 move throatchop\n>p2 move quiverdance\n>p1 move throatchop\n>p2 move roost\n>p1 move throatchop\n>p2 move revelationdance\n>p1 switch 4\n>p1 move toxicspikes\n>p2 move revelationdance terastallize\n>p1 move earthquake\n>p2 move revelationdance\n>forcelose p1", "uploadtime": 1733851190, "views": 1, "formatid": "gen9randombattle", "rating": 1719, "private": 0, "password": null}