{"id": "gen9randombattle-2259911940", "format": "[Gen 9] Random Battle", "players": ["BigBossJnack", "igiveuponaname"], "log": "|j|\u2606BigBossJnack\n|j|\u2606igiveuponaname\n|t:|1733779181\n|gametype|singles\n|player|p1|BigBossJnack|102|2192\n|player|p2|igiveuponaname|miku-fire|2233\n|teamsize|p1|6\n|teamsize|p2|6\n|gen|9\n|tier|[Gen 9] Random Battle\n|rated|\n|rule|Species Clause: Limit one of each Pok\u00e9mon\n|rule|HP Percentage Mod: HP is shown in percentages\n|rule|Sleep Clause Mod: Limit one foe put to sleep\n|rule|Illusion Level Mod: Illusion disguises the Pok\u00e9mon's true level\n|\n|t:|1733779181\n|start\n|switch|p1a: Iron Leaves|Iron Leaves, L80|275/275\n|switch|p2a: Dragalge|Dragalge, L88, F|258/258\n|turn|1\n|inactive|Battle timer is ON: inactive players will automatically lose when time's up. (requested by igiveuponaname)\n|\n|t:|1733779192\n|move|p1a: Iron Leaves|Psyblade|p2a: Dragalge\n|-supereffective|p2a: Dragalge\n|-damage|p2a: Dragalge|0 fnt\n|faint|p2a: Dragalge\n|\n|upkeep\n|\n|t:|1733779197\n|switch|p2a: Weavile|Weavile, L79, F|240/240\n|turn|2\n|\n|t:|1733779203\n|-end|p1a: Iron Leaves|Quark Drive|[silent]\n|switch|p1a: Hariyama|Hariyama, L87, F|392/392\n|move|p2a: Weavile|Swords Dance|p2a: Weavile\n|-boost|p2a: Weavile|atk|2\n|\n|-status|p1a: Hariyama|brn|[from] item: Flame Orb\n|upkeep\n|turn|3\n|\n|t:|1733779209\n|move|p2a: Weavile|Triple Axel|p1a: Hariyama\n|-damage|p1a: Hariyama|332/392 brn\n|-damage|p1a: Hariyama|218/392 brn\n|-damage|p1a: Hariyama|38/392 brn\n|-hitcount|p1a: Hariyama|3\n|move|p1a: Hariyama|Facade|p2a: Weavile\n|-damage|p2a: Weavile|0 fnt\n|faint|p2a: Weavile\n|\n|-damage|p1a: Hariyama|14/392 brn|[from] brn\n|upkeep\n|\n|t:|1733779215\n|switch|p2a: Chimecho|Chimecho, L93, F|290/290\n|turn|4\n|\n|t:|1733779220\n|move|p1a: Hariyama|Bullet Punch|p2a: Chimecho\n|-damage|p2a: Chimecho|240/290\n|move|p2a: Chimecho|Recover|p2a: Chimecho\n|-heal|p2a: Chimecho|290/290\n|\n|-damage|p1a: Hariyama|0 fnt|[from] brn\n|faint|p1a: Hariyama\n|upkeep\n|\n|t:|1733779223\n|switch|p1a: Darkrai|Darkrai, L77|234/234\n|turn|5\n|\n|t:|1733779227\n|switch|p2a: Dedenne|Dedenne, L88, M|261/261\n|move|p1a: Darkrai|Nasty Plot|p1a: Darkrai\n|-boost|p1a: Darkrai|spa|2\n|\n|upkeep\n|turn|6\n|\n|t:|1733779231\n|-terastallize|p2a: Dedenne|Flying\n|move|p1a: Darkrai|Sludge Bomb|p2a: Dedenne\n|-damage|p2a: Dedenne|103/261\n|-status|p2a: Dedenne|psn\n|-enditem|p2a: Dedenne|Sitrus Berry|[eat]\n|-heal|p2a: Dedenne|168/261 psn|[from] item: Sitrus Berry\n|-heal|p2a: Dedenne|255/261 psn|[from] ability: Cheek Pouch\n|move|p2a: Dedenne|Nuzzle|p1a: Darkrai\n|-damage|p1a: Darkrai|216/234\n|-status|p1a: Darkrai|par\n|\n|-heal|p1a: Darkrai|230/234 par|[from] item: Leftovers\n|-damage|p2a: Dedenne|223/261 psn|[from] psn\n|upkeep\n|turn|7\n|\n|t:|1733779239\n|move|p2a: Dedenne|Dazzling Gleam|p1a: Darkrai\n|-supereffective|p1a: Darkrai\n|-damage|p1a: Darkrai|54/234 par\n|move|p1a: Darkrai|Dark Pulse|p2a: Dedenne\n|-damage|p2a: Dedenne|22/261 psn\n|\n|-heal|p1a: Darkrai|68/234 par|[from] item: Leftovers\n|-damage|p2a: Dedenne|0 fnt|[from] psn\n|faint|p2a: Dedenne\n|upkeep\n|\n|t:|1733779244\n|switch|p2a: Amoonguss|Amoonguss, L82, M|321/321\n|turn|8\n|\n|t:|1733779252\n|move|p1a: Darkrai|Dark Pulse|p2a: Amoonguss\n|-damage|p2a: Amoonguss|131/321\n|move|p2a: Amoonguss|Sludge Bomb|p1a: Darkrai\n|-damage|p1a: Darkrai|0 fnt\n|faint|p1a: Darkrai\n|\n|upkeep\n|\n|t:|1733779256\n|switch|p1a: Snorlax|Snorlax, L82, M|397/397\n|turn|9\n|\n|t:|1733779259\n|move|p1a: Snorlax|Curse|p1a: Snorlax\n|-unboost|p1a: Snorlax|spe|1\n|-boost|p1a: Snorlax|atk|1\n|-boost|p1a: Snorlax|def|1\n|move|p2a: Amoonguss|Spore|p1a: Snorlax\n|-status|p1a: Snorlax|slp|[from] move: Spore\n|\n|upkeep\n|turn|10\n|\n|t:|1733779265\n|switch|p2a: Chimecho|Chimecho, L93, F|290/290\n|cant|p1a: Snorlax|slp\n|move|p1a: Snorlax|Sleep Talk|p1a: Snorlax\n|move|p1a: Snorlax|Rest||[from]move: Sleep Talk|[still]\n|-fail|p1a: Snorlax\n|\n|upkeep\n|turn|11\n|\n|t:|1733779267\n|move|p2a: Chimecho|Knock Off|p1a: Snorlax\n|-damage|p1a: Snorlax|349/397 slp\n|-enditem|p1a: Snorlax|Leftovers|[from] move: Knock Off|[of] p2a: Chimecho\n|-curestatus|p1a: Snorlax|slp|[msg]\n|move|p1a: Snorlax|Sleep Talk||[still]\n|-fail|p1a: Snorlax\n|\n|upkeep\n|turn|12\n|\n|t:|1733779279\n|move|p2a: Chimecho|Psychic Noise|p1a: Snorlax\n|-damage|p1a: Snorlax|258/397\n|-start|p1a: Snorlax|move: Heal Block\n|move|p1a: Snorlax|Curse|p1a: Snorlax\n|-unboost|p1a: Snorlax|spe|1\n|-boost|p1a: Snorlax|atk|1\n|-boost|p1a: Snorlax|def|1\n|\n|upkeep\n|turn|13\n|\n|t:|1733779282\n|switch|p2a: Amoonguss|Amoonguss, L82, M|238/321\n|move|p1a: Snorlax|Body Slam|p2a: Amoonguss\n|-damage|p2a: Amoonguss|10/321\n|-status|p2a: Amoonguss|par\n|-damage|p1a: Snorlax|192/397|[from] item: Rocky Helmet|[of] p2a: Amoonguss\n|\n|-end|p1a: Snorlax|move: Heal Block\n|upkeep\n|turn|14\n|\n|t:|1733779287\n|move|p1a: Snorlax|Rest|p1a: Snorlax\n|-status|p1a: Snorlax|slp|[from] move: Rest\n|-heal|p1a: Snorlax|397/397 slp|[silent]\n|move|p2a: Amoonguss|Spore|p1a: Snorlax\n|-fail|p1a: Snorlax|slp\n|\n|upkeep\n|turn|15\n|-message|igiveuponaname forfeited.\n|\n|win|BigBossJnack\n|raw|BigBossJnack's rating: 2192 &rarr; <strong>2214</strong><br />(+22 for winning)\n|raw|igiveuponaname's rating: 2233 &rarr; <strong>2211</strong><br />(-22 for losing)\n|l|\u2606igiveuponaname\n|player|p2|\n", "inputlog": ">version bfd83cad13791eb5a5a409923076391caf6fb4d4\n>start {\"formatid\":\"gen9randombattle\",\"seed\":[7733,46172,49332,62193],\"rated\":\"Rated battle\"}\n>player p1 {\"name\":\"BigBossJnack\",\"avatar\":\"102\",\"rating\":2192,\"seed\":[42614,20482,371,26764]}\n>player p2 {\"name\":\"igiveuponaname\",\"avatar\":\"miku-fire\",\"rating\":2233,\"seed\":[62359,35238,62767,8222]}\n>p1 move psyblade\n>p2 move sludgewave\n>p2 switch 4\n>p1 switch 5\n>p2 move swordsdance\n>p1 move facade\n>p2 move tripleaxel\n>p2 switch 6\n>p1 move bulletpunch\n>p2 move recover\n>p1 switch 6\n>p1 move nastyplot\n>p2 switch 3\n>p1 move sludgebomb\n>p2 move nuzzle terastallize\n>p1 move darkpulse\n>p2 move dazzlinggleam\n>p2 switch 5\n>p1 move darkpulse\n>p2 move sludgebomb\n>p1 switch 2\n>p1 move curse\n>p2 move spore\n>p1 move sleeptalk\n>p2 switch 3\n>p1 move sleeptalk\n>p2 move knockoff\n>p1 move curse\n>p2 move psychicnoise\n>p1 move bodyslam\n>p2 switch 3\n>p1 move rest\n>p2 move spore\n>forcelose p2", "uploadtime": 1733779293, "views": 1, "formatid": "gen9randombattle", "rating": 2211, "private": 0, "password": null}