{"id": "gen9randombattle-2199034162", "format": "[Gen 9] Random Battle", "players": ["ImFruitPie", "RBLT JustOut"], "log": "|raw|<div class=\"broadcast-blue\"><strong>This battle is required to be public due to a player having a name starting with 'rblt'.</div>\n|j|\u2606ImFruitPie\n|j|\u2606RBLT JustOut\n|t:|1726023442\n|gametype|singles\n|player|p1|ImFruitPie|rosa|2213\n|player|p2|RBLT JustOut|parasollady|2234\n|teamsize|p1|6\n|teamsize|p2|6\n|gen|9\n|tier|[Gen 9] Random Battle\n|rated|\n|rule|Species Clause: Limit one of each Pok\u00e9mon\n|rule|HP Percentage Mod: HP is shown in percentages\n|rule|Sleep Clause Mod: Limit one foe put to sleep\n|rule|Illusion Level Mod: Illusion disguises the Pok\u00e9mon's true level\n|\n|t:|1726023442\n|start\n|switch|p1a: Calyrex|Calyrex, L93|337/337\n|switch|p2a: Flamigo|Flamigo, L82, F|269/269\n|-ability|p1a: Calyrex|Unnerve\n|turn|1\n|\n|t:|1726023457\n|move|p2a: Flamigo|U-turn|p1a: Calyrex\n|-supereffective|p1a: Calyrex\n|-damage|p1a: Calyrex|133/337\n|\n|t:|1726023477\n|switch|p2a: Luxray|Luxray, L88, F|284/284|[from] U-turn\n|-ability|p2a: Luxray|Intimidate|boost\n|-unboost|p1a: Calyrex|atk|1\n|move|p1a: Calyrex|Psychic|p2a: Luxray\n|-damage|p2a: Luxray|212/284\n|\n|-heal|p1a: Calyrex|154/337|[from] item: Leftovers\n|upkeep\n|turn|2\n|inactive|Battle timer is ON: inactive players will automatically lose when time's up. (requested by RBLT JustOut)\n|\n|t:|1726023514\n|switch|p1a: Dialga|Dialga-Origin, L73|266/266\n|-ability|p1a: Dialga|Pressure\n|move|p2a: Luxray|Volt Switch|p1a: Dialga\n|-resisted|p1a: Dialga\n|-damage|p1a: Dialga|231/266\n|\n|t:|1726023523\n|switch|p2a: Landorus|Landorus, L75, M|257/257|[from] Volt Switch\n|\n|upkeep\n|turn|3\n|\n|t:|1726023533\n|switch|p1a: Calyrex|Calyrex, L93|154/337\n|-ability|p1a: Calyrex|Unnerve\n|move|p2a: Landorus|Earth Power|p1a: Calyrex\n|-resisted|p1a: Calyrex\n|-damage|p1a: Calyrex|85/337\n|\n|-heal|p1a: Calyrex|106/337|[from] item: Leftovers\n|upkeep\n|turn|4\n|\n|t:|1726023544\n|move|p1a: Calyrex|Psychic|p2a: Landorus\n|-damage|p2a: Landorus|137/257\n|move|p2a: Landorus|Sludge Wave|p1a: Calyrex\n|-supereffective|p1a: Calyrex\n|-damage|p1a: Calyrex|0 fnt\n|faint|p1a: Calyrex\n|\n|upkeep\n|\n|t:|1726023569\n|switch|p1a: Glastrier|Glastrier, L86|312/312\n|turn|5\n|\n|t:|1726023579\n|switch|p2a: Sudowoodo|Sudowoodo, L94, M|284/284\n|move|p1a: Glastrier|Icicle Crash|p2a: Sudowoodo\n|-damage|p2a: Sudowoodo|188/284\n|\n|-heal|p2a: Sudowoodo|205/284|[from] item: Leftovers\n|upkeep\n|turn|6\n|\n|t:|1726023596\n|switch|p1a: Dialga|Dialga-Origin, L73|231/266\n|-ability|p1a: Dialga|Pressure\n|move|p2a: Sudowoodo|Stealth Rock|p1a: Dialga\n|-sidestart|p1: ImFruitPie|move: Stealth Rock\n|\n|-heal|p2a: Sudowoodo|222/284|[from] item: Leftovers\n|upkeep\n|turn|7\n|\n|t:|1726023608\n|move|p1a: Dialga|Stealth Rock|p2a: Sudowoodo\n|-sidestart|p2: RBLT JustOut|move: Stealth Rock\n|move|p2a: Sudowoodo|Earthquake|p1a: Dialga\n|-supereffective|p1a: Dialga\n|-damage|p1a: Dialga|69/266\n|\n|-heal|p2a: Sudowoodo|239/284|[from] item: Leftovers\n|upkeep\n|turn|8\n|\n|t:|1726023621\n|move|p1a: Dialga|Heavy Slam|p2a: Sudowoodo\n|-supereffective|p2a: Sudowoodo\n|-damage|p2a: Sudowoodo|71/284\n|move|p2a: Sudowoodo|Earthquake|p1a: Dialga\n|-supereffective|p1a: Dialga\n|-damage|p1a: Dialga|0 fnt\n|faint|p1a: Dialga\n|\n|-heal|p2a: Sudowoodo|88/284|[from] item: Leftovers\n|upkeep\n|\n|t:|1726023636\n|switch|p1a: Trevenant|Trevenant, L88, M|293/293\n|-damage|p1a: Trevenant|257/293|[from] Stealth Rock\n|turn|9\n|\n|t:|1726023665\n|switch|p2a: Ribombee|Ribombee, L82, M|233/233\n|move|p1a: Trevenant|Horn Leech|p2a: Ribombee\n|-resisted|p2a: Ribombee\n|-damage|p2a: Ribombee|147/233\n|-heal|p1a: Trevenant|293/293|[from] drain|[of] p2a: Ribombee\n|-damage|p1a: Trevenant|264/293|[from] item: Life Orb\n|\n|upkeep\n|turn|10\n|\n|t:|1726023672\n|switch|p2a: Slaking|Slaking, L84, M|389/389\n|-damage|p2a: Slaking|341/389|[from] Stealth Rock\n|move|p1a: Trevenant|Poltergeist|p2a: Slaking\n|-immune|p2a: Slaking\n|\n|upkeep\n|turn|11\n|\n|t:|1726023684\n|switch|p1a: Grimmsnarl|Grimmsnarl, L83, M|293/293\n|-damage|p1a: Grimmsnarl|257/293|[from] Stealth Rock\n|move|p2a: Slaking|Knock Off|p1a: Grimmsnarl\n|-resisted|p1a: Grimmsnarl\n|-damage|p1a: Grimmsnarl|213/293\n|-enditem|p1a: Grimmsnarl|Light Clay|[from] move: Knock Off|[of] p2a: Slaking\n|\n|upkeep\n|turn|12\n|inactive|RBLT JustOut has 120 seconds left.\n|\n|t:|1726023716\n|switch|p2a: Luxray|Luxray, L88, F|212/284\n|-damage|p2a: Luxray|177/284|[from] Stealth Rock\n|-ability|p2a: Luxray|Intimidate|boost\n|-unboost|p1a: Grimmsnarl|atk|1\n|move|p1a: Grimmsnarl|Parting Shot|p2a: Luxray\n|-unboost|p2a: Luxray|atk|1\n|-unboost|p2a: Luxray|spa|1\n|\n|t:|1726023729\n|switch|p1a: Glastrier|Glastrier, L86|312/312|[from] Parting Shot\n|\n|upkeep\n|turn|13\n|\n|t:|1726023735\n|move|p2a: Luxray|Volt Switch|p1a: Glastrier\n|-damage|p1a: Glastrier|270/312\n|\n|t:|1726023741\n|switch|p2a: Sudowoodo|Sudowoodo, L94, M|88/284|[from] Volt Switch\n|-damage|p2a: Sudowoodo|53/284|[from] Stealth Rock\n|move|p1a: Glastrier|High Horsepower|p2a: Sudowoodo\n|-supereffective|p2a: Sudowoodo\n|-damage|p2a: Sudowoodo|0 fnt\n|faint|p2a: Sudowoodo\n|-ability|p1a: Glastrier|Chilling Neigh|boost\n|-boost|p1a: Glastrier|atk|1\n|\n|upkeep\n|inactive|RBLT JustOut has 120 seconds left.\n|\n|t:|1726023765\n|switch|p2a: Luxray|Luxray, L88, F|177/284\n|-damage|p2a: Luxray|142/284|[from] Stealth Rock\n|-ability|p2a: Luxray|Intimidate|boost\n|-unboost|p1a: Glastrier|atk|1\n|turn|14\n|inactive|RBLT JustOut has 120 seconds left.\n|\n|t:|1726023773\n|move|p2a: Luxray|Volt Switch|p1a: Glastrier\n|-damage|p1a: Glastrier|204/312\n|inactive|RBLT JustOut has 120 seconds left.\n|\n|t:|1726023779\n|switch|p2a: Flamigo|Flamigo, L82, F|269/269|[from] Volt Switch\n|-damage|p2a: Flamigo|236/269|[from] Stealth Rock\n|move|p1a: Glastrier|Icicle Crash|p2a: Flamigo\n|-supereffective|p2a: Flamigo\n|-damage|p2a: Flamigo|0 fnt\n|faint|p2a: Flamigo\n|-ability|p1a: Glastrier|Chilling Neigh|boost\n|-boost|p1a: Glastrier|atk|1\n|\n|upkeep\n|inactive|RBLT JustOut has 120 seconds left.\n|\n|t:|1726023786\n|switch|p2a: Slaking|Slaking, L84, M|341/389\n|-damage|p2a: Slaking|293/389|[from] Stealth Rock\n|turn|15\n|\n|t:|1726023794\n|switch|p1a: Trevenant|Trevenant, L88, M|264/293\n|-damage|p1a: Trevenant|228/293|[from] Stealth Rock\n|move|p2a: Slaking|Double-Edge|p1a: Trevenant\n|-immune|p1a: Trevenant\n|\n|upkeep\n|turn|16\n|\n|t:|1726023817\n|switch|p2a: Luxray|Luxray, L88, F|142/284\n|-damage|p2a: Luxray|107/284|[from] Stealth Rock\n|-ability|p2a: Luxray|Intimidate|boost\n|-unboost|p1a: Trevenant|atk|1\n|move|p1a: Trevenant|Poltergeist|p2a: Luxray\n|-activate|p2a: Luxray|move: Poltergeist|Assault Vest\n|-damage|p2a: Luxray|0 fnt\n|faint|p2a: Luxray\n|-damage|p1a: Trevenant|199/293|[from] item: Life Orb\n|\n|upkeep\n|inactive|RBLT JustOut has 120 seconds left.\n|\n|t:|1726023831\n|switch|p2a: Slaking|Slaking, L84, M|293/389\n|-damage|p2a: Slaking|245/389|[from] Stealth Rock\n|turn|17\n|\n|t:|1726023842\n|switch|p2a: Ribombee|Ribombee, L82, M|147/233\n|switch|p1a: Grimmsnarl|Grimmsnarl, L83, M|213/293\n|-damage|p1a: Grimmsnarl|177/293|[from] Stealth Rock\n|\n|upkeep\n|turn|18\n|inactive|RBLT JustOut has 120 seconds left.\n|\n|t:|1726023857\n|move|p1a: Grimmsnarl|Parting Shot|p2a: Ribombee\n|-unboost|p2a: Ribombee|atk|1\n|-unboost|p2a: Ribombee|spa|1\n|\n|t:|1726023873\n|switch|p1a: Skuntank|Skuntank, L84, F|310/310|[from] Parting Shot\n|-damage|p1a: Skuntank|272/310|[from] Stealth Rock\n|move|p2a: Ribombee|Quiver Dance|p2a: Ribombee\n|-boost|p2a: Ribombee|spa|1\n|-boost|p2a: Ribombee|spd|1\n|-boost|p2a: Ribombee|spe|1\n|\n|upkeep\n|turn|19\n|inactive|ImFruitPie has 120 seconds left.\n|inactive|RBLT JustOut has 120 seconds left.\n|\n|t:|1726023895\n|switch|p2a: Landorus|Landorus, L75, M|137/257\n|-damage|p2a: Landorus|105/257|[from] Stealth Rock\n|move|p1a: Skuntank|Knock Off|p2a: Landorus\n|-damage|p2a: Landorus|0 fnt\n|-enditem|p2a: Landorus|Life Orb|[from] move: Knock Off|[of] p1a: Skuntank\n|faint|p2a: Landorus\n|-damage|p1a: Skuntank|241/310|[from] item: Life Orb\n|\n|upkeep\n|\n|t:|1726023898\n|switch|p2a: Slaking|Slaking, L84, M|245/389\n|-damage|p2a: Slaking|197/389|[from] Stealth Rock\n|turn|20\n|inactive|RBLT JustOut has 120 seconds left.\n|\n|t:|1726023914\n|move|p1a: Skuntank|Sucker Punch|p2a: Slaking\n|-damage|p2a: Slaking|115/389\n|-damage|p1a: Skuntank|210/310|[from] item: Life Orb\n|move|p2a: Slaking|Knock Off|p1a: Skuntank\n|-resisted|p1a: Skuntank\n|-damage|p1a: Skuntank|115/310\n|-enditem|p1a: Skuntank|Life Orb|[from] move: Knock Off|[of] p2a: Slaking\n|\n|upkeep\n|turn|21\n|\n|t:|1726023923\n|cant|p2a: Slaking|ability: Truant\n|move|p1a: Skuntank|Knock Off|p2a: Slaking\n|-damage|p2a: Slaking|19/389\n|-enditem|p2a: Slaking|Choice Band|[from] move: Knock Off|[of] p1a: Skuntank\n|\n|upkeep\n|turn|22\n|\n|t:|1726023940\n|move|p2a: Slaking|Knock Off|p1a: Skuntank\n|-resisted|p1a: Skuntank\n|-damage|p1a: Skuntank|72/310\n|move|p1a: Skuntank|Gunk Shot|p2a: Slaking|[miss]\n|-miss|p1a: Skuntank|p2a: Slaking\n|\n|upkeep\n|turn|23\n|\n|t:|1726023946\n|cant|p2a: Slaking|ability: Truant\n|move|p1a: Skuntank|Knock Off|p2a: Slaking\n|-damage|p2a: Slaking|0 fnt\n|faint|p2a: Slaking\n|\n|upkeep\n|\n|t:|1726023950\n|switch|p2a: Ribombee|Ribombee, L82, M|147/233\n|turn|24\n|\n|t:|1726023954\n|-terastallize|p2a: Ribombee|Ground\n|move|p2a: Ribombee|Quiver Dance|p2a: Ribombee\n|-boost|p2a: Ribombee|spa|1\n|-boost|p2a: Ribombee|spd|1\n|-boost|p2a: Ribombee|spe|1\n|move|p1a: Skuntank|Knock Off|p2a: Ribombee\n|-damage|p2a: Ribombee|5/233\n|-enditem|p2a: Ribombee|Heavy-Duty Boots|[from] move: Knock Off|[of] p1a: Skuntank\n|\n|upkeep\n|turn|25\n|\n|t:|1726023974\n|switch|p1a: Glastrier|Glastrier, L86|204/312\n|move|p2a: Ribombee|Quiver Dance|p2a: Ribombee\n|-boost|p2a: Ribombee|spa|1\n|-boost|p2a: Ribombee|spd|1\n|-boost|p2a: Ribombee|spe|1\n|\n|upkeep\n|turn|26\n|\n|t:|1726023989\n|move|p2a: Ribombee|Moonblast|p1a: Glastrier\n|-damage|p1a: Glastrier|42/312\n|-unboost|p1a: Glastrier|spa|1\n|move|p1a: Glastrier|Heavy Slam|p2a: Ribombee\n|-damage|p2a: Ribombee|0 fnt\n|faint|p2a: Ribombee\n|\n|win|ImFruitPie\n|raw|ImFruitPie's rating: 2213 &rarr; <strong>2234</strong><br />(+21 for winning)\n|raw|RBLT JustOut's rating: 2234 &rarr; <strong>2213</strong><br />(-21 for losing)\n|l|\u2606RBLT JustOut\n|player|p2|\n", "inputlog": ">version 4aaeaf600b1c44f5d740f3e60432e126c6a1bdf3\n>start {\"formatid\":\"gen9randombattle\",\"seed\":[57270,15612,40355,48058],\"rated\":\"Rated battle\"}\n>player p1 {\"name\":\"ImFruitPie\",\"avatar\":\"rosa\",\"rating\":2213,\"seed\":[14688,64592,52899,54622]}\n>player p2 {\"name\":\"RBLT JustOut\",\"avatar\":\"parasollady\",\"rating\":2234,\"seed\":[39684,17709,50451,238]}\n>p1 move psychic\n>p2 move uturn\n>p2 switch 2\n>p1 switch 6\n>p2 move voltswitch\n>p2 switch 5\n>p1 switch 6\n>p2 move earthpower\n>p1 move psychic\n>p2 move sludgewave\n>p1 switch 2\n>p1 move iciclecrash\n>p2 switch 4\n>p1 switch 6\n>p2 move stealthrock\n>p1 move stealthrock\n>p2 move earthquake\n>p1 move heavyslam\n>p2 move earthquake\n>p1 switch 3\n>p1 move hornleech\n>p2 switch 3\n>p1 move poltergeist\n>p2 switch 6\n>p1 switch 5\n>p2 move knockoff\n>p1 move partingshot\n>p2 switch 5\n>p1 switch 6\n>p1 move highhorsepower\n>p2 move voltswitch\n>p2 switch 3\n>p2 switch 3\n>p1 move iciclecrash\n>p2 move voltswitch\n>p2 switch 2\n>p2 switch 5\n>p1 switch 5\n>p2 move doubleedge\n>p1 move poltergeist\n>p2 switch 2\n>p2 switch 2\n>p1 switch 6\n>p2 switch 6\n>p1 move partingshot\n>p2 move quiverdance\n>p1 switch 4\n>p1 move knockoff\n>p2 switch 4\n>p2 switch 6\n>p1 move suckerpunch\n>p2 move knockoff\n>p1 move knockoff\n>p2 move knockoff\n>p1 move gunkshot\n>p2 move knockoff\n>p1 move knockoff\n>p2 move knockoff\n>p2 switch 4\n>p1 move knockoff\n>p2 move quiverdance terastallize\n>p1 switch 5\n>p2 move quiverdance\n>p1 move heavyslam\n>p2 move moonblast", "uploadtime": 1726023998, "views": 103, "formatid": "gen9randombattle", "rating": 2213, "private": 0, "password": null}