{"id": "gen9randombattle-2260901338", "format": "[Gen 9] Random Battle", "players": ["PlysDino)", "sunny_1994"], "log": "|j|\u2606PlysDino)\n|j|\u2606sunny_1994\n|t:|1733913655\n|gametype|singles\n|player|p1|PlysDino)|1|1268\n|player|p2|sunny_1994|2|1327\n|teamsize|p1|6\n|teamsize|p2|6\n|gen|9\n|tier|[Gen 9] Random Battle\n|rated|\n|rule|Species Clause: Limit one of each Pok\u00e9mon\n|rule|HP Percentage Mod: HP is shown in percentages\n|rule|Sleep Clause Mod: Limit one foe put to sleep\n|rule|Illusion Level Mod: Illusion disguises the Pok\u00e9mon's true level\n|\n|t:|1733913655\n|start\n|switch|p1a: Houndstone|Houndstone, L86, M|264/264\n|switch|p2a: Slowking|Slowking, L88, F|310/310\n|turn|1\n|\n|t:|1733913680\n|switch|p2a: Registeel|Registeel, L81|262/262\n|move|p1a: Houndstone|Poltergeist|p2a: Registeel|[miss]\n|-miss|p1a: Houndstone|p2a: Registeel\n|\n|upkeep\n|turn|2\n|inactive|Battle timer is ON: inactive players will automatically lose when time's up. (requested by PlysDino))\n|\n|t:|1733913697\n|switch|p1a: Skeledirge|Skeledirge, L79, F|294/294\n|move|p2a: Registeel|Thunder Wave|p1a: Skeledirge\n|-status|p1a: Skeledirge|par\n|\n|upkeep\n|turn|3\n|\n|t:|1733913719\n|switch|p2a: Slowking|Slowking, L88, F|310/310\n|cant|p1a: Skeledirge|par\n|\n|upkeep\n|turn|4\n|inactive|PlysDino) has 120 seconds left.\n|\n|t:|1733913743\n|move|p2a: Slowking|Scald|p1a: Skeledirge\n|-supereffective|p1a: Skeledirge\n|-damage|p1a: Skeledirge|46/294 par\n|move|p1a: Skeledirge|Will-O-Wisp|p2a: Slowking\n|-status|p2a: Slowking|brn\n|\n|-damage|p2a: Slowking|291/310 brn|[from] brn\n|upkeep\n|turn|5\n|inactive|PlysDino) has 120 seconds left.\n|\n|t:|1733913767\n|switch|p1a: Alomomola|Alomomola, L87, F|429/429\n|move|p2a: Slowking|Psyshock|p1a: Alomomola\n|-damage|p1a: Alomomola|335/429\n|\n|-damage|p2a: Slowking|272/310 brn|[from] brn\n|upkeep\n|turn|6\n|\n|t:|1733913785\n|switch|p2a: Registeel|Registeel, L81|262/262\n|move|p1a: Alomomola|Wish|p1a: Alomomola\n|\n|upkeep\n|turn|7\n|inactive|PlysDino) has 120 seconds left.\n|\n|t:|1733913791\n|switch|p1a: Skeledirge|Skeledirge, L79, F|46/294 par\n|move|p2a: Registeel|Stealth Rock|p1a: Skeledirge\n|-sidestart|p1: PlysDino)|move: Stealth Rock\n|\n|-heal|p1a: Skeledirge|260/294 par|[from] move: Wish|[wisher] Alomomola\n|upkeep\n|turn|8\n|inactive|PlysDino) has 120 seconds left.\n|\n|t:|1733913806\n|switch|p2a: Meloetta|Meloetta, L82|298/298\n|cant|p1a: Skeledirge|par\n|\n|upkeep\n|turn|9\n|inactive|PlysDino) has 120 seconds left.\n|\n|t:|1733913819\n|move|p2a: Meloetta|Psyshock|p1a: Skeledirge\n|-damage|p1a: Skeledirge|134/294 par\n|-damage|p2a: Meloetta|269/298|[from] item: Life Orb\n|move|p1a: Skeledirge|Will-O-Wisp|p2a: Meloetta|[miss]\n|-miss|p1a: Skeledirge|p2a: Meloetta\n|\n|upkeep\n|turn|10\n|inactive|PlysDino) has 120 seconds left.\n|c|\u2606PlysDino)|Damn RNG\n|inactive|sunny_1994 has 120 seconds left.\n|\n|t:|1733913854\n|move|p2a: Meloetta|Psyshock|p1a: Skeledirge\n|-damage|p1a: Skeledirge|13/294 par\n|-damage|p2a: Meloetta|240/298|[from] item: Life Orb\n|cant|p1a: Skeledirge|par\n|\n|upkeep\n|turn|11\n|c|\u2606PlysDino)|:(\n|inactive|PlysDino) has 90 seconds left.\n|\n|t:|1733913880\n|switch|p1a: Alomomola|Alomomola, L87, F|429/429\n|-damage|p1a: Alomomola|376/429|[from] Stealth Rock\n|move|p2a: Meloetta|Psyshock|p1a: Alomomola\n|-damage|p1a: Alomomola|247/429\n|-damage|p2a: Meloetta|211/298|[from] item: Life Orb\n|\n|upkeep\n|turn|12\n|\n|t:|1733913894\n|move|p2a: Meloetta|Hyper Voice|p1a: Alomomola\n|-damage|p1a: Alomomola|31/429\n|-damage|p2a: Meloetta|182/298|[from] item: Life Orb\n|move|p1a: Alomomola|Wish|p1a: Alomomola\n|\n|upkeep\n|turn|13\n|inactive|PlysDino) has 90 seconds left.\n|\n|t:|1733913901\n|move|p1a: Alomomola|Protect|p1a: Alomomola\n|-singleturn|p1a: Alomomola|Protect\n|move|p2a: Meloetta|Hyper Voice|p1a: Alomomola\n|-activate|p1a: Alomomola|move: Protect\n|\n|-heal|p1a: Alomomola|245/429|[from] move: Wish|[wisher] Alomomola\n|upkeep\n|turn|14\n|inactive|PlysDino) has 90 seconds left.\n|\n|t:|1733913919\n|switch|p1a: Houndstone|Houndstone, L86, M|264/264\n|-damage|p1a: Houndstone|231/264|[from] Stealth Rock\n|move|p2a: Meloetta|Calm Mind|p2a: Meloetta\n|-boost|p2a: Meloetta|spa|1\n|-boost|p2a: Meloetta|spd|1\n|\n|-heal|p1a: Houndstone|247/264|[from] item: Leftovers\n|upkeep\n|turn|15\n|inactive|PlysDino) has 90 seconds left.\n|\n|t:|1733913934\n|move|p2a: Meloetta|Psyshock|p1a: Houndstone\n|-damage|p1a: Houndstone|82/264\n|-damage|p2a: Meloetta|153/298|[from] item: Life Orb\n|move|p1a: Houndstone|Body Press|p2a: Meloetta\n|-damage|p2a: Meloetta|84/298\n|\n|-heal|p1a: Houndstone|98/264|[from] item: Leftovers\n|upkeep\n|turn|16\n|inactive|PlysDino) has 90 seconds left.\n|\n|t:|1733913950\n|switch|p1a: Skeledirge|Skeledirge, L79, F|13/294 par\n|move|p2a: Meloetta|Psyshock|p1a: Skeledirge\n|-crit|p1a: Skeledirge\n|-damage|p1a: Skeledirge|0 fnt\n|faint|p1a: Skeledirge\n|-damage|p2a: Meloetta|55/298|[from] item: Life Orb\n|\n|upkeep\n|\n|t:|1733913958\n|switch|p1a: Iron Boulder|Iron Boulder, L77|265/265\n|-damage|p1a: Iron Boulder|232/265|[from] Stealth Rock\n|-enditem|p1a: Iron Boulder|Booster Energy\n|-activate|p1a: Iron Boulder|ability: Quark Drive|[fromitem]\n|-start|p1a: Iron Boulder|quarkdrivespe\n|turn|17\n|inactive|PlysDino) has 60 seconds left.\n|\n|t:|1733913996\n|move|p1a: Iron Boulder|Mighty Cleave|p2a: Meloetta\n|-damage|p2a: Meloetta|0 fnt\n|faint|p2a: Meloetta\n|\n|upkeep\n|\n|t:|1733914013\n|switch|p2a: Slowking|Slowking, L88, F|310/310 brn\n|turn|18\n|inactive|PlysDino) has 60 seconds left.\n|\n|t:|1733914030\n|-terastallize|p1a: Iron Boulder|Fighting\n|-terastallize|p2a: Slowking|Dragon\n|move|p1a: Iron Boulder|Swords Dance|p1a: Iron Boulder\n|-boost|p1a: Iron Boulder|atk|2\n|move|p2a: Slowking|Scald|p1a: Iron Boulder\n|-damage|p1a: Iron Boulder|141/265\n|-status|p1a: Iron Boulder|brn\n|\n|-damage|p1a: Iron Boulder|125/265 brn|[from] brn\n|-damage|p2a: Slowking|291/310 brn|[from] brn\n|upkeep\n|turn|19\n|inactive|PlysDino) has 60 seconds left.\n|c|\u2606PlysDino)|WHY\n|c|\u2606PlysDino)|burn\n|inactive|PlysDino) has 30 seconds left.\n|\n|t:|1733914074\n|move|p1a: Iron Boulder|Zen Headbutt|p2a: Slowking\n|-damage|p2a: Slowking|213/310 brn\n|move|p2a: Slowking|Psyshock|p1a: Iron Boulder\n|-supereffective|p1a: Iron Boulder\n|-damage|p1a: Iron Boulder|0 fnt\n|faint|p1a: Iron Boulder\n|-end|p1a: Iron Boulder|Quark Drive|[silent]\n|\n|-damage|p2a: Slowking|194/310 brn|[from] brn\n|upkeep\n|inactive|PlysDino) has 30 seconds left.\n|inactive|PlysDino) has 20 seconds left.\n|inactive|PlysDino) has 15 seconds left.\n|\n|t:|1733914095\n|switch|p1a: Eiscue|Eiscue, L88, F|274/274\n|-damage|p1a: Eiscue|206/274|[from] Stealth Rock\n|turn|20\n|inactive|PlysDino) has 25 seconds left this turn.\n|inactive|PlysDino) has 20 seconds left.\n|\n|t:|1733914101\n|switch|p2a: Registeel|Registeel, L81|262/262\n|move|p1a: Eiscue|Belly Drum|p1a: Eiscue\n|-damage|p1a: Eiscue|69/274\n|-setboost|p1a: Eiscue|atk|6|[from] move: Belly Drum\n|-enditem|p1a: Eiscue|Sitrus Berry|[eat]\n|-heal|p1a: Eiscue|137/274|[from] item: Sitrus Berry\n|\n|upkeep\n|turn|21\n|inactive|PlysDino) has 30 seconds left this turn.\n|inactive|PlysDino) has 20 seconds left.\n|inactive|sunny_1994 has 120 seconds left.\n|\n|t:|1733914146\n|move|p1a: Eiscue|Liquidation|p2a: Registeel\n|-damage|p2a: Registeel|112/262\n|move|p2a: Registeel|Thunder Wave|p1a: Eiscue\n|-status|p1a: Eiscue|par\n|\n|-heal|p2a: Registeel|128/262|[from] item: Leftovers\n|upkeep\n|turn|22\n|inactive|PlysDino) has 30 seconds left this turn.\n|inactive|PlysDino) has 20 seconds left.\n|inactive|PlysDino) has 15 seconds left.\n|inactive|PlysDino) has 10 seconds left.\n|inactive|PlysDino) has 5 seconds left.\n|-message|PlysDino) lost due to inactivity.\n|\n|win|sunny_1994\n|raw|PlysDino)'s rating: 1268 &rarr; <strong>1247</strong><br />(-21 for losing)\n|raw|sunny_1994's rating: 1327 &rarr; <strong>1344</strong><br />(+17 for winning)\n|l|\u2606PlysDino)\n|player|p1|\n|j|\u2606PlysDino)\n|player|p1|PlysDino)|1|\n", "inputlog": ">version bfd83cad13791eb5a5a409923076391caf6fb4d4\n>start {\"formatid\":\"gen9randombattle\",\"seed\":[33513,61120,11888,58697],\"rated\":\"Rated battle\"}\n>player p1 {\"name\":\"PlysDino)\",\"avatar\":\"1\",\"rating\":1268,\"seed\":[53057,15338,29349,13996]}\n>player p2 {\"name\":\"sunny_1994\",\"avatar\":\"2\",\"rating\":1327,\"seed\":[50731,22524,5954,41502]}\n>p1 move poltergeist\n>p2 switch 2\n>p1 switch 2\n>p2 move thunderwave\n>p1 move torchsong\n>p2 switch 2\n>p1 move willowisp\n>p2 move scald\n>p1 switch 5\n>p2 move psyshock\n>p1 move wish\n>p2 switch 2\n>p1 switch 5\n>p2 move stealthrock\n>p1 move hex\n>p2 switch 3\n>p1 move willowisp\n>p2 move psyshock\n>chat \u2606PlysDino)|Damn RNG\n>p1 move torchsong\n>p2 move psyshock\n>chat \u2606PlysDino)|:(\n>p1 switch 5\n>p2 move psyshock\n>p1 move wish\n>p2 move hypervoice\n>p1 move protect\n>p2 move hypervoice\n>p1 switch 2\n>p2 move calmmind\n>p1 move bodypress\n>p2 move psyshock\n>p1 switch 5\n>p2 move psyshock\n>p1 switch 4\n>p1 move mightycleave\n>p2 move hypervoice\n>p2 switch 2\n>p1 move swordsdance terastallize\n>p2 move scald terastallize\n>chat \u2606PlysDino)|WHY\n>chat \u2606PlysDino)|burn\n>p1 move zenheadbutt\n>p2 move psyshock\n>p1 switch 6\n>p1 move bellydrum\n>p2 switch 3\n>p1 move liquidation\n>p2 move thunderwave\n>forcelose p1", "uploadtime": 1733914196, "views": 2, "formatid": "gen9randombattle", "rating": 1247, "private": 0, "password": null}