{"id": "gen9randombattle-2132302901", "format": "[Gen 9] Random Battle", "players": ["stareal", "ezws"], "log": "|badge|p1|silver|gen9randombattle|30-1\n|html|<div class=\"broadcast-red\"><strong>This battle is required to be public due to one or more player having a season medal.</strong><br />During the public phase, you can discuss the state of the ladder <a href=\"/seasondiscussion\">in a special chatroom.</a></div>\n|uhtml|medal-msg|<div class=\"broadcast-blue\">Curious what those medals under the avatar are? PS now has Ladder Seasons! For more information, check out the <a href=\"https://www.smogon.com/forums/threads/3740067/\">thread on Smogon.</a></div>\n|badge|p2|bronze|gen9randombattle|100-1\n|uhtml|medal-msg|<div class=\"broadcast-blue\">Curious what those medals under the avatar are? PS now has Ladder Seasons! For more information, check out the <a href=\"https://www.smogon.com/forums/threads/3740067/\">thread on Smogon.</a></div>\n|raw|<div class=\"broadcast-blue\"><strong>This battle is required to be public due to a player having a name starting with 'medal'.</div>\n|j|\u2606stareal\n|j|\u2606ezws\n|t:|1716918930\n|gametype|singles\n|player|p1|stareal|#wcop2024uk2|2384\n|player|p2|ezws|youngster-gen4dp|2411\n|teamsize|p1|6\n|teamsize|p2|6\n|gen|9\n|tier|[Gen 9] Random Battle\n|rated|\n|rule|Species Clause: Limit one of each Pok\u00e9mon\n|rule|HP Percentage Mod: HP is shown in percentages\n|rule|Sleep Clause Mod: Limit one foe put to sleep\n|rule|Illusion Level Mod: Illusion disguises the Pok\u00e9mon's true level\n|\n|t:|1716918930\n|start\n|switch|p1a: Rhyperior|Rhyperior, L83, M|327/327\n|switch|p2a: Gholdengo|Gholdengo, L77|261/261\n|turn|1\n|inactive|Battle timer is ON: inactive players will automatically lose when time's up. (requested by stareal)\n|inactive|ezws has 120 seconds left.\n|\n|t:|1716918967\n|switch|p2a: Alomomola|Alomomola, L87, F|429/429\n|switch|p1a: Noctowl|Noctowl, L95, M|344/344\n|\n|upkeep\n|turn|2\n|j| bfmv2\n|c| bfmv2|EZ WS\n|\n|t:|1716918990\n|move|p1a: Noctowl|Hurricane|p2a: Alomomola\n|-damage|p2a: Alomomola|227/429\n|move|p2a: Alomomola|Flip Turn|p1a: Noctowl\n|-crit|p1a: Noctowl\n|-damage|p1a: Noctowl|242/344\n|raw|<div class=\"broadcast-red\"><strong>Moderated chat was set to +!</strong><br />Only users of rank + and higher can talk.</div>\n|inactive|ezws has 120 seconds left.\n|inactive|ezws has 90 seconds left.\n|\n|t:|1716919039\n|switch|p2a: Gholdengo|Gholdengo, L77|261/261|[from] Flip Turn\n|\n|upkeep\n|turn|3\n|inactive|stareal has 120 seconds left.\n|\n|t:|1716919071\n|-terastallize|p1a: Noctowl|Ground\n|move|p1a: Noctowl|Calm Mind|p1a: Noctowl\n|-boost|p1a: Noctowl|spa|1\n|-boost|p1a: Noctowl|spd|1\n|move|p2a: Gholdengo|Thunder Wave|p1a: Noctowl\n|-immune|p1a: Noctowl\n|\n|upkeep\n|turn|4\n|inactive|ezws has 90 seconds left.\n|\n|t:|1716919098\n|move|p1a: Noctowl|Hyper Voice|p2a: Gholdengo\n|-immune|p2a: Gholdengo\n|move|p2a: Gholdengo|Make It Rain|p1a: Noctowl\n|-damage|p1a: Noctowl|169/344\n|-unboost|p2a: Gholdengo|spa|1\n|\n|upkeep\n|turn|5\n|\n|t:|1716919103\n|switch|p2a: Meganium|Meganium, L90, M|290/290\n|move|p1a: Noctowl|Hurricane|p2a: Meganium|[miss]\n|-miss|p1a: Noctowl|p2a: Meganium\n|\n|upkeep\n|turn|6\n|c|\u2606ezws|soz\n|inactive|ezws has 90 seconds left.\n|\n|t:|1716919125\n|switch|p1a: Breloom|Breloom, L82, F|233/233\n|move|p2a: Meganium|Petal Blizzard|p1a: Breloom\n|-resisted|p1a: Breloom\n|-damage|p1a: Breloom|168/233\n|-damage|p2a: Meganium|261/290|[from] item: Life Orb\n|\n|upkeep\n|turn|7\n|inactive|ezws has 90 seconds left.\n|\n|t:|1716919138\n|switch|p2a: Gholdengo|Gholdengo, L77|261/261\n|switch|p1a: Noctowl|Noctowl, L95, M, tera:Ground|169/344\n|\n|upkeep\n|turn|8\n|inactive|ezws has 90 seconds left.\n|\n|t:|1716919165\n|switch|p2a: Alomomola|Alomomola, L87, F|370/429\n|move|p1a: Noctowl|Roost|p1a: Noctowl\n|-heal|p1a: Noctowl|341/344\n|\n|upkeep\n|turn|9\n|\n|t:|1716919169\n|switch|p1a: Annihilape|Annihilape, L76, F|292/292\n|move|p2a: Alomomola|Flip Turn|p1a: Annihilape\n|-damage|p1a: Annihilape|222/292\n|inactive|ezws has 60 seconds left.\n|\n|t:|1716919221\n|switch|p2a: Espeon|Espeon, L84, F|246/246|[from] Flip Turn\n|\n|upkeep\n|turn|10\n|\n|t:|1716919229\n|switch|p1a: Gothitelle|Gothitelle, L90, M|272/272\n|move|p2a: Espeon|Psychic|p1a: Gothitelle\n|-resisted|p1a: Gothitelle\n|-damage|p1a: Gothitelle|208/272\n|-damage|p2a: Espeon|222/246|[from] item: Life Orb\n|\n|-heal|p1a: Gothitelle|225/272|[from] item: Leftovers\n|upkeep\n|turn|11\n|\n|t:|1716919246\n|switch|p1a: Rhyperior|Rhyperior, L83, M|327/327\n|move|p2a: Espeon|Calm Mind|p2a: Espeon\n|-boost|p2a: Espeon|spa|1\n|-boost|p2a: Espeon|spd|1\n|\n|upkeep\n|turn|12\n|\n|t:|1716919251\n|switch|p2a: Alomomola|Alomomola, L87, F|429/429\n|move|p1a: Rhyperior|Earthquake|p2a: Alomomola\n|-damage|p2a: Alomomola|281/429\n|\n|upkeep\n|turn|13\n|\n|t:|1716919256\n|move|p2a: Alomomola|Flip Turn|p1a: Rhyperior\n|-supereffective|p1a: Rhyperior\n|-damage|p1a: Rhyperior|207/327\n|-enditem|p1a: Rhyperior|Weakness Policy\n|-boost|p1a: Rhyperior|atk|2|[from] item: Weakness Policy\n|-boost|p1a: Rhyperior|spa|2|[from] item: Weakness Policy\n|c|\u2606ezws|fack\n|\n|t:|1716919269\n|switch|p2a: Meganium|Meganium, L90, M|261/290|[from] Flip Turn\n|move|p1a: Rhyperior|Earthquake|p2a: Meganium\n|-resisted|p2a: Meganium\n|-damage|p2a: Meganium|149/290\n|\n|upkeep\n|turn|14\n|\n|t:|1716919276\n|switch|p1a: Breloom|Breloom, L82, F|168/233\n|move|p2a: Meganium|Petal Blizzard|p1a: Breloom\n|-resisted|p1a: Breloom\n|-crit|p1a: Breloom\n|-damage|p1a: Breloom|71/233\n|-damage|p2a: Meganium|120/290|[from] item: Life Orb\n|\n|upkeep\n|turn|15\n|inactive|ezws has 60 seconds left.\n|\n|t:|1716919284\n|switch|p2a: Gholdengo|Gholdengo, L77|261/261\n|move|p1a: Breloom|Rock Tomb|p2a: Gholdengo\n|-resisted|p2a: Gholdengo\n|-damage|p2a: Gholdengo|214/261\n|-unboost|p2a: Gholdengo|spe|1\n|-damage|p1a: Breloom|48/233|[from] item: Life Orb\n|\n|-heal|p2a: Gholdengo|230/261|[from] item: Leftovers\n|upkeep\n|turn|16\n|\n|t:|1716919290\n|switch|p1a: Noctowl|Noctowl, L95, M, tera:Ground|341/344\n|move|p2a: Gholdengo|Shadow Ball|p1a: Noctowl\n|-damage|p1a: Noctowl|266/344\n|-unboost|p1a: Noctowl|spd|1\n|\n|-heal|p2a: Gholdengo|246/261|[from] item: Leftovers\n|upkeep\n|turn|17\n|\n|t:|1716919304\n|switch|p1a: Breloom|Breloom, L82, F|48/233\n|switch|p2a: Alomomola|Alomomola, L87, F|424/429\n|\n|upkeep\n|turn|18\n|\n|t:|1716919311\n|switch|p2a: Gholdengo|Gholdengo, L77|246/261\n|move|p1a: Breloom|Rock Tomb|p2a: Gholdengo\n|-resisted|p2a: Gholdengo\n|-damage|p2a: Gholdengo|194/261\n|-unboost|p2a: Gholdengo|spe|1\n|-damage|p1a: Breloom|25/233|[from] item: Life Orb\n|\n|-heal|p2a: Gholdengo|210/261|[from] item: Leftovers\n|upkeep\n|turn|19\n|\n|t:|1716919317\n|move|p1a: Breloom|Swords Dance|p1a: Breloom\n|-boost|p1a: Breloom|atk|2\n|move|p2a: Gholdengo|Shadow Ball|p1a: Breloom\n|-damage|p1a: Breloom|0 fnt\n|faint|p1a: Breloom\n|\n|-heal|p2a: Gholdengo|226/261|[from] item: Leftovers\n|upkeep\n|\n|t:|1716919325\n|switch|p1a: Noctowl|Noctowl, L95, M, tera:Ground|266/344\n|turn|20\n|\n|t:|1716919330\n|switch|p2a: Alomomola|Alomomola, L87, F|429/429\n|move|p1a: Noctowl|Hurricane|p2a: Alomomola|[miss]\n|-miss|p1a: Noctowl|p2a: Alomomola\n|\n|upkeep\n|turn|21\n|c|\u2606stareal|nice 1 bro\n|-message|stareal forfeited.\n|\n|win|ezws\n|raw|stareal's rating: 2384 &rarr; <strong>2366</strong><br />(-18 for losing)\n|raw|ezws's rating: 2411 &rarr; <strong>2429</strong><br />(+18 for winning)\n|l|\u2606stareal\n|player|p1|\n|c|\u2606ezws|\ud83d\ude02\n|l|\u2606ezws\n|player|p2|\n", "inputlog": ">version 7158ead19aeac8750849df2840eabb6dbec77df6\n>start {\"formatid\":\"gen9randombattle\",\"seed\":[26444,56256,55156,57848],\"rated\":\"Rated battle\"}\n>player p1 {\"name\":\"stareal\",\"avatar\":\"#wcop2024uk2\",\"rating\":2384,\"seed\":[50924,46848,45401,28630]}\n>player p2 {\"name\":\"ezws\",\"avatar\":\"youngster-gen4dp\",\"rating\":2411,\"seed\":[43986,2259,24685,52736]}\n>p1 switch 2\n>p2 switch 5\n>chat  bfmv2|EZ WS\n>p1 move hurricane\n>p2 move flipturn\n>p2 switch 5\n>p1 move calmmind terastallize\n>p2 move thunderwave\n>p1 move hypervoice\n>p2 move makeitrain\n>p1 move hurricane\n>p2 switch 4\n>chat \u2606ezws|soz\n>p1 switch 4\n>p2 move petalblizzard\n>p1 switch 4\n>p2 switch 4\n>p1 move roost\n>p2 switch 5\n>p1 switch 5\n>p2 move flipturn\n>p2 switch 3\n>p1 switch 3\n>p2 move psychic\n>p1 switch 2\n>p2 move calmmind\n>p1 move earthquake\n>p2 switch 3\n>p1 move earthquake\n>p2 move flipturn\n>chat \u2606ezws|fack\n>p2 switch 4\n>p1 switch 4\n>p2 move petalblizzard\n>p1 move rocktomb\n>p2 switch 5\n>p1 switch 5\n>p2 move shadowball\n>p1 switch 5\n>p2 switch 4\n>p1 move rocktomb\n>p2 switch 4\n>p1 move swordsdance\n>p2 move shadowball\n>p1 switch 5\n>p1 move hurricane\n>p2 switch 4\n>chat \u2606stareal|nice 1 bro \n>forcelose p1", "uploadtime": 1716919415, "views": 210, "formatid": "gen9randombattle", "rating": 2366, "private": 0, "password": null}