{"id": "gen9randombattle-2113772473", "format": "[Gen 9] Random Battle", "players": ["hirooka", "migsddd"], "log": "|badge|p1|bronze|gen9randombattle|100-1\n|html|<div class=\"broadcast-red\"><strong>This battle is required to be public due to one or more player having a season medal.</strong><br />During the public phase, you can discuss the state of the ladder <a href=\"/seasondiscussion\">in a special chatroom.</a></div>\n|uhtml|medal-msg|<div class=\"broadcast-blue\">Curious what those medals under the avatar are? PS now has Ladder Seasons! For more information, check out the <a href=\"https://www.smogon.com/forums/threads/3740067/\">thread on Smogon.</a></div>\n|badge|p2|silver|gen9randombattle|30-1\n|badge|p2|bronze|gen9pu|100-1\n|uhtml|medal-msg|<div class=\"broadcast-blue\">Curious what those medals under the avatar are? PS now has Ladder Seasons! For more information, check out the <a href=\"https://www.smogon.com/forums/threads/3740067/\">thread on Smogon.</a></div>\n|raw|<div class=\"broadcast-blue\"><strong>This battle is required to be public due to a player having a name starting with 'medal'.</div>\n|j|\u2606hirooka\n|j|\u2606migsddd\n|t:|1714362216\n|gametype|singles\n|player|p1|hirooka|dawn|2434\n|player|p2|migsddd|102|2462\n|teamsize|p1|6\n|teamsize|p2|6\n|gen|9\n|tier|[Gen 9] Random Battle\n|rated|\n|rule|Species Clause: Limit one of each Pok\u00e9mon\n|rule|HP Percentage Mod: HP is shown in percentages\n|rule|Sleep Clause Mod: Limit one foe put to sleep\n|rule|Illusion Level Mod: Illusion disguises the Pok\u00e9mon's true level\n|\n|t:|1714362216\n|start\n|switch|p1a: Orthworm|Orthworm, L88, M|266/266\n|switch|p2a: Forretress|Forretress, L84, F|263/263\n|turn|1\n|inactive|Battle timer is ON: inactive players will automatically lose when time's up. (requested by hirooka)\n|inactive|hirooka has 120 seconds left.\n|\n|t:|1714362258\n|move|p1a: Orthworm|Spikes|p2a: Forretress\n|-sidestart|p2: migsddd|Spikes\n|move|p2a: Forretress|Body Press|p1a: Orthworm\n|-supereffective|p1a: Orthworm\n|-crit|p1a: Orthworm\n|-damage|p1a: Orthworm|110/266\n|\n|upkeep\n|turn|2\n|\n|t:|1714362268\n|switch|p1a: Toxapex|Toxapex, L82, F|216/216\n|move|p2a: Forretress|Stealth Rock|p1a: Toxapex\n|-sidestart|p1: hirooka|move: Stealth Rock\n|\n|upkeep\n|turn|3\n|\n|t:|1714362275\n|move|p2a: Forretress|Spikes|p1a: Toxapex\n|-sidestart|p1: hirooka|Spikes\n|move|p1a: Toxapex|Liquidation|p2a: Forretress\n|-damage|p2a: Forretress|220/263\n|\n|-heal|p2a: Forretress|236/263|[from] item: Leftovers\n|upkeep\n|turn|4\n|\n|t:|1714362284\n|switch|p1a: Orthworm|Orthworm, L88, M|110/266\n|-damage|p1a: Orthworm|94/266|[from] Stealth Rock\n|-damage|p1a: Orthworm|61/266|[from] Spikes\n|move|p2a: Forretress|Spikes|p1a: Orthworm\n|-sidestart|p1: hirooka|Spikes\n|\n|-heal|p2a: Forretress|252/263|[from] item: Leftovers\n|upkeep\n|turn|5\n|\n|t:|1714362289\n|move|p1a: Orthworm|Rest|p1a: Orthworm\n|-status|p1a: Orthworm|slp|[from] move: Rest\n|-heal|p1a: Orthworm|266/266 slp|[silent]\n|-enditem|p1a: Orthworm|Chesto Berry|[eat]\n|-curestatus|p1a: Orthworm|slp|[msg]\n|move|p2a: Forretress|Body Press|p1a: Orthworm\n|-supereffective|p1a: Orthworm\n|-damage|p1a: Orthworm|170/266\n|\n|-heal|p2a: Forretress|263/263|[from] item: Leftovers\n|upkeep\n|turn|6\n|\n|t:|1714362299\n|move|p1a: Orthworm|Spikes|p2a: Forretress\n|-sidestart|p2: migsddd|Spikes\n|move|p2a: Forretress|Body Press|p1a: Orthworm\n|-supereffective|p1a: Orthworm\n|-damage|p1a: Orthworm|64/266\n|\n|upkeep\n|turn|7\n|\n|t:|1714362304\n|move|p1a: Orthworm|Spikes|p2a: Forretress\n|-sidestart|p2: migsddd|Spikes\n|move|p2a: Forretress|Spikes|p1a: Orthworm\n|-sidestart|p1: hirooka|Spikes\n|\n|upkeep\n|turn|8\n|\n|t:|1714362309\n|move|p1a: Orthworm|Rest|p1a: Orthworm\n|-status|p1a: Orthworm|slp|[from] move: Rest\n|-heal|p1a: Orthworm|266/266 slp|[silent]\n|move|p2a: Forretress|Body Press|p1a: Orthworm\n|-supereffective|p1a: Orthworm\n|-damage|p1a: Orthworm|172/266 slp\n|\n|upkeep\n|turn|9\n|\n|t:|1714362315\n|switch|p1a: Hydrapple|Hydrapple, L83, F|312/312\n|-damage|p1a: Hydrapple|273/312|[from] Stealth Rock\n|-damage|p1a: Hydrapple|195/312|[from] Spikes\n|move|p2a: Forretress|Iron Head|p1a: Hydrapple\n|-crit|p1a: Hydrapple\n|-damage|p1a: Hydrapple|86/312\n|\n|-heal|p1a: Hydrapple|105/312|[from] item: Leftovers\n|upkeep\n|turn|10\n|\n|t:|1714362325\n|move|p1a: Hydrapple|Recover|p1a: Hydrapple\n|-heal|p1a: Hydrapple|261/312\n|move|p2a: Forretress|Body Press|p1a: Hydrapple\n|-damage|p1a: Hydrapple|196/312\n|\n|-heal|p1a: Hydrapple|215/312|[from] item: Leftovers\n|upkeep\n|turn|11\n|\n|t:|1714362343\n|switch|p2a: Wyrdeer|Wyrdeer, L87, M|321/321\n|-damage|p2a: Wyrdeer|241/321|[from] Spikes\n|-ability|p2a: Wyrdeer|Intimidate|boost\n|-unboost|p1a: Hydrapple|atk|1\n|move|p1a: Hydrapple|Earth Power|p2a: Wyrdeer\n|-damage|p2a: Wyrdeer|189/321\n|-unboost|p2a: Wyrdeer|spd|1\n|\n|-heal|p1a: Hydrapple|234/312|[from] item: Leftovers\n|upkeep\n|turn|12\n|\n|t:|1714362349\n|move|p2a: Wyrdeer|Psychic Noise|p1a: Hydrapple\n|-damage|p1a: Hydrapple|135/312\n|-start|p1a: Hydrapple|move: Heal Block\n|move|p1a: Hydrapple|Fickle Beam|p2a: Wyrdeer\n|-damage|p2a: Wyrdeer|87/321\n|\n|upkeep\n|turn|13\n|\n|t:|1714362358\n|switch|p1a: Beartic|Beartic, L90, F|317/317\n|move|p2a: Wyrdeer|Megahorn|p1a: Beartic\n|-damage|p1a: Beartic|216/317\n|\n|upkeep\n|turn|14\n|\n|t:|1714362366\n|switch|p2a: Forretress|Forretress, L84, F|263/263\n|-damage|p2a: Forretress|198/263|[from] Spikes\n|move|p1a: Beartic|Swords Dance|p1a: Beartic\n|-boost|p1a: Beartic|atk|2\n|\n|-heal|p2a: Forretress|214/263|[from] item: Leftovers\n|upkeep\n|turn|15\n|\n|t:|1714362372\n|move|p1a: Beartic|Icicle Crash|p2a: Forretress\n|-resisted|p2a: Forretress\n|-damage|p2a: Forretress|130/263\n|move|p2a: Forretress|Body Press|p1a: Beartic\n|-supereffective|p1a: Beartic\n|-damage|p1a: Beartic|58/317\n|\n|-heal|p2a: Forretress|146/263|[from] item: Leftovers\n|upkeep\n|turn|16\n|\n|t:|1714362382\n|move|p1a: Beartic|Close Combat|p2a: Forretress\n|-damage|p2a: Forretress|0 fnt\n|-unboost|p1a: Beartic|def|1\n|-unboost|p1a: Beartic|spd|1\n|faint|p2a: Forretress\n|\n|upkeep\n|\n|t:|1714362391\n|switch|p2a: Umbreon|Umbreon, L84, F|297/297\n|-damage|p2a: Umbreon|223/297|[from] Spikes\n|turn|17\n|\n|t:|1714362398\n|switch|p1a: Toxapex|Toxapex, L82, F|216/216\n|-damage|p1a: Toxapex|189/216|[from] Stealth Rock\n|-damage|p1a: Toxapex|135/216|[from] Spikes\n|move|p2a: Umbreon|Foul Play|p1a: Toxapex\n|-damage|p1a: Toxapex|89/216\n|-damage|p2a: Umbreon|174/297|[from] item: Rocky Helmet|[of] p1a: Toxapex\n|\n|-heal|p2a: Umbreon|192/297|[from] item: Leftovers\n|upkeep\n|turn|18\n|\n|t:|1714362420\n|switch|p2a: Wyrdeer|Wyrdeer, L87, M|87/321\n|-damage|p2a: Wyrdeer|7/321|[from] Spikes\n|-ability|p2a: Wyrdeer|Intimidate|boost\n|-unboost|p1a: Toxapex|atk|1\n|move|p1a: Toxapex|Toxic|p2a: Wyrdeer\n|-status|p2a: Wyrdeer|tox\n|\n|-damage|p2a: Wyrdeer|0 fnt|[from] psn\n|faint|p2a: Wyrdeer\n|upkeep\n|\n|t:|1714362425\n|switch|p2a: Hoopa|Hoopa-Unbound, L80|259/259\n|-damage|p2a: Hoopa|195/259|[from] Spikes\n|turn|19\n|\n|t:|1714362431\n|switch|p1a: Orthworm|Orthworm, L88, M|172/266 slp\n|-damage|p1a: Orthworm|156/266 slp|[from] Stealth Rock\n|-damage|p1a: Orthworm|90/266 slp|[from] Spikes\n|move|p2a: Hoopa|Hyperspace Fury|p1a: Orthworm\n|-damage|p1a: Orthworm|2/266 slp\n|-unboost|p2a: Hoopa|def|1\n|\n|upkeep\n|turn|20\n|\n|t:|1714362435\n|move|p2a: Hoopa|Hyperspace Fury|p1a: Orthworm\n|-damage|p1a: Orthworm|0 fnt\n|-unboost|p2a: Hoopa|def|1\n|faint|p1a: Orthworm\n|\n|upkeep\n|\n|t:|1714362442\n|switch|p1a: Sawsbuck|Sawsbuck-Autumn, L88, M|284/284\n|-damage|p1a: Sawsbuck|249/284|[from] Stealth Rock\n|-damage|p1a: Sawsbuck|178/284|[from] Spikes\n|turn|21\n|\n|t:|1714362470\n|switch|p2a: Porygon-Z|Porygon-Z, L83|277/277\n|-damage|p2a: Porygon-Z|208/277|[from] Spikes\n|move|p1a: Sawsbuck|Horn Leech|p2a: Porygon-Z\n|-damage|p2a: Porygon-Z|78/277\n|-heal|p1a: Sawsbuck|243/284|[from] drain|[of] p2a: Porygon-Z\n|-damage|p1a: Sawsbuck|215/284|[from] item: Life Orb\n|\n|upkeep\n|turn|22\n|j| randemaus\n|\n|t:|1714362476\n|move|p1a: Sawsbuck|Horn Leech|p2a: Porygon-Z\n|-damage|p2a: Porygon-Z|0 fnt\n|-heal|p1a: Sawsbuck|254/284|[from] drain|[of] p2a: Porygon-Z\n|faint|p2a: Porygon-Z\n|-damage|p1a: Sawsbuck|226/284|[from] item: Life Orb\n|\n|upkeep\n|\n|t:|1714362480\n|switch|p2a: Arceus|Arceus-Poison, L72|292/292\n|-damage|p2a: Arceus|219/292|[from] Spikes\n|turn|23\n|\n|t:|1714362486\n|-terastallize|p1a: Sawsbuck|Ground\n|move|p1a: Sawsbuck|High Horsepower|p2a: Arceus\n|-supereffective|p2a: Arceus\n|-damage|p2a: Arceus|0 fnt\n|faint|p2a: Arceus\n|-damage|p1a: Sawsbuck|198/284|[from] item: Life Orb\n|\n|upkeep\n|\n|t:|1714362491\n|switch|p2a: Umbreon|Umbreon, L84, F|192/297\n|-damage|p2a: Umbreon|118/297|[from] Spikes\n|turn|24\n|\n|t:|1714362496\n|move|p1a: Sawsbuck|Double-Edge|p2a: Umbreon\n|-damage|p2a: Umbreon|0 fnt\n|faint|p2a: Umbreon\n|-damage|p1a: Sawsbuck|159/284|[from] Recoil\n|-damage|p1a: Sawsbuck|131/284|[from] item: Life Orb\n|\n|upkeep\n|\n|t:|1714362499\n|switch|p2a: Hoopa|Hoopa-Unbound, L80|195/259\n|-damage|p2a: Hoopa|131/259|[from] Spikes\n|turn|25\n|\n|t:|1714362505\n|move|p2a: Hoopa|Hyperspace Fury|p1a: Sawsbuck\n|-damage|p1a: Sawsbuck|0 fnt\n|-unboost|p2a: Hoopa|def|1\n|faint|p1a: Sawsbuck\n|\n|upkeep\n|\n|t:|1714362512\n|switch|p1a: Gardevoir|Gardevoir, L83, M|249/249\n|-damage|p1a: Gardevoir|218/249|[from] Stealth Rock\n|-damage|p1a: Gardevoir|156/249|[from] Spikes\n|-ability|p1a: Gardevoir|Magician|[from] ability: Trace|[of] p2a: Hoopa\n|turn|26\n|\n|t:|1714362516\n|move|p2a: Hoopa|Hyperspace Fury|p1a: Gardevoir\n|-damage|p1a: Gardevoir|0 fnt\n|-unboost|p2a: Hoopa|def|1\n|faint|p1a: Gardevoir\n|\n|upkeep\n|inactive|hirooka has 120 seconds left.\n|\n|t:|1714362549\n|switch|p1a: Toxapex|Toxapex, L82, F|161/216\n|-damage|p1a: Toxapex|134/216|[from] Stealth Rock\n|-damage|p1a: Toxapex|80/216|[from] Spikes\n|turn|27\n|\n|t:|1714362552\n|move|p2a: Hoopa|Hyperspace Fury|p1a: Toxapex\n|-damage|p1a: Toxapex|0 fnt\n|-unboost|p2a: Hoopa|def|1\n|faint|p1a: Toxapex\n|\n|upkeep\n|\n|t:|1714362554\n|switch|p1a: Hydrapple|Hydrapple, L83, F|239/312\n|-damage|p1a: Hydrapple|200/312|[from] Stealth Rock\n|-damage|p1a: Hydrapple|122/312|[from] Spikes\n|turn|28\n|\n|t:|1714362558\n|move|p2a: Hoopa|Hyperspace Fury|p1a: Hydrapple\n|-damage|p1a: Hydrapple|2/312\n|-unboost|p2a: Hoopa|def|1\n|move|p1a: Hydrapple|Recover|p1a: Hydrapple\n|-heal|p1a: Hydrapple|158/312\n|\n|-heal|p1a: Hydrapple|177/312|[from] item: Leftovers\n|upkeep\n|turn|29\n|\n|t:|1714362560\n|move|p2a: Hoopa|Hyperspace Fury|p1a: Hydrapple\n|-damage|p1a: Hydrapple|53/312\n|-unboost|p2a: Hoopa|def|1\n|move|p1a: Hydrapple|Recover|p1a: Hydrapple\n|-heal|p1a: Hydrapple|209/312\n|\n|-heal|p1a: Hydrapple|228/312|[from] item: Leftovers\n|upkeep\n|turn|30\n|\n|t:|1714362563\n|move|p2a: Hoopa|Hyperspace Fury|p1a: Hydrapple\n|-damage|p1a: Hydrapple|108/312\n|-unboost|p2a: Hoopa|def|1\n|move|p1a: Hydrapple|Recover|p1a: Hydrapple\n|-heal|p1a: Hydrapple|264/312\n|\n|-heal|p1a: Hydrapple|283/312|[from] item: Leftovers\n|upkeep\n|turn|31\n|\n|t:|1714362566\n|-activate|p2a: Hoopa|move: Struggle\n|move|p2a: Hoopa|Struggle|p1a: Hydrapple\n|-damage|p1a: Hydrapple|239/312\n|-damage|p2a: Hoopa|66/259|[from] recoil\n|move|p1a: Hydrapple|Fickle Beam|p2a: Hoopa|[anim] Fickle Beam All Out\n|-activate|p1a: Hydrapple|move: Fickle Beam\n|-damage|p2a: Hoopa|0 fnt\n|faint|p2a: Hoopa\n|\n|win|hirooka\n|raw|hirooka's rating: 2434 &rarr; <strong>2456</strong><br />(+22 for winning)\n|raw|migsddd's rating: 2462 &rarr; <strong>2440</strong><br />(-22 for losing)\n|l|\u2606migsddd\n|player|p2|\n", "inputlog": ">version b84337b8f7878220839aa0c41b4e8e9021e31424\n>start {\"formatid\":\"gen9randombattle\",\"seed\":[58000,25741,9704,8245],\"rated\":\"Rated battle\"}\n>player p1 {\"name\":\"hirooka\",\"avatar\":\"dawn\",\"rating\":2434,\"seed\":[30885,32145,12692,62459]}\n>player p2 {\"name\":\"migsddd\",\"avatar\":\"102\",\"rating\":2462,\"seed\":[4020,41287,25728,62357]}\n>p1 move spikes\n>p2 move bodypress\n>p1 switch 2\n>p2 move stealthrock\n>p1 move liquidation\n>p2 move spikes\n>p1 switch 2\n>p2 move spikes\n>p1 move rest\n>p2 move bodypress\n>p1 move spikes\n>p2 move bodypress\n>p1 move spikes\n>p2 move spikes\n>p1 move rest\n>p2 move bodypress\n>p1 switch 6\n>p2 move ironhead\n>p1 move recover\n>p2 move bodypress\n>p1 move earthpower\n>p2 switch 4\n>p1 move ficklebeam\n>p2 move psychicnoise\n>p1 switch 3\n>p2 move megahorn\n>p1 move swordsdance\n>p2 switch 4\n>p1 move iciclecrash\n>p2 move bodypress\n>p1 move closecombat\n>p2 move bodypress\n>p2 switch 2\n>p1 switch 2\n>p2 move foulplay\n>p1 move toxic\n>p2 switch 4\n>p2 switch 3\n>p1 switch 6\n>p2 move hyperspacefury\n>p1 move ironhead\n>p2 move hyperspacefury\n>p1 switch 4\n>p1 move hornleech\n>p2 switch 5\n>p1 move hornleech\n>p2 move triattack\n>p2 switch 6\n>p1 move highhorsepower terastallize\n>p2 move gunkshot\n>p2 switch 4\n>p1 move doubleedge\n>p2 move foulplay\n>p2 switch 5\n>p1 move hornleech\n>p2 move hyperspacefury\n>p1 switch 5\n>p1 move moonblast\n>p2 move hyperspacefury\n>p1 switch 6\n>p1 move liquidation\n>p2 move hyperspacefury\n>p1 switch 3\n>p1 move recover\n>p2 move hyperspacefury\n>p1 move recover\n>p2 move hyperspacefury\n>p1 move recover\n>p2 move hyperspacefury\n>p1 move ficklebeam\n>p2 move struggle", "uploadtime": 1714362571, "views": 274, "formatid": "gen9randombattle", "rating": 2440, "private": 0, "password": null}