{"id": "gen9randombattle-2260689588", "format": "[Gen 9] Random Battle", "players": ["isnothingeasy", "Yes Indubitably"], "log": "|j|\u2606isnothingeasy\n|j|\u2606Yes Indubitably\n|t:|1733878775\n|gametype|singles\n|player|p1|isnothingeasy|lady|2224\n|player|p2|Yes Indubitably|unknown|2154\n|teamsize|p1|6\n|teamsize|p2|6\n|gen|9\n|tier|[Gen 9] Random Battle\n|rated|\n|rule|Species Clause: Limit one of each Pok\u00e9mon\n|rule|HP Percentage Mod: HP is shown in percentages\n|rule|Sleep Clause Mod: Limit one foe put to sleep\n|rule|Illusion Level Mod: Illusion disguises the Pok\u00e9mon's true level\n|\n|t:|1733878775\n|start\n|switch|p1a: Galvantula|Galvantula, L82, F|249/249\n|switch|p2a: Diancie|Diancie, L82|216/216\n|turn|1\n|inactive|Battle timer is ON: inactive players will automatically lose when time's up. (requested by Yes Indubitably)\n|\n|t:|1733878793\n|move|p1a: Galvantula|Sticky Web|p2a: Diancie\n|-sidestart|p2: Yes Indubitably|move: Sticky Web\n|move|p2a: Diancie|Stealth Rock|p1a: Galvantula\n|-sidestart|p1: isnothingeasy|move: Stealth Rock\n|\n|upkeep\n|turn|2\n|\n|t:|1733878797\n|move|p1a: Galvantula|Thunder|p2a: Diancie\n|-damage|p2a: Diancie|135/216\n|move|p2a: Diancie|Diamond Storm|p1a: Galvantula\n|-supereffective|p1a: Galvantula\n|-crit|p1a: Galvantula\n|-enditem|p1a: Galvantula|Focus Sash\n|-damage|p1a: Galvantula|1/249\n|-boost|p2a: Diancie|def|2\n|\n|-heal|p2a: Diancie|148/216|[from] item: Leftovers\n|upkeep\n|turn|3\n|\n|t:|1733878807\n|move|p1a: Galvantula|Giga Drain|p2a: Diancie\n|-supereffective|p2a: Diancie\n|-damage|p2a: Diancie|84/216\n|-heal|p1a: Galvantula|33/249|[from] drain|[of] p2a: Diancie\n|move|p2a: Diancie|Moonblast|p1a: Galvantula\n|-damage|p1a: Galvantula|0 fnt\n|faint|p1a: Galvantula\n|\n|-heal|p2a: Diancie|97/216|[from] item: Leftovers\n|upkeep\n|\n|t:|1733878818\n|switch|p1a: Jolteon|Jolteon, L84, M|246/246\n|-damage|p1a: Jolteon|216/246|[from] Stealth Rock\n|turn|4\n|\n|t:|1733878827\n|move|p1a: Jolteon|Thunderbolt|p2a: Diancie\n|-damage|p2a: Diancie|3/216\n|-damage|p1a: Jolteon|192/246|[from] item: Life Orb\n|move|p2a: Diancie|Moonblast|p1a: Jolteon\n|-crit|p1a: Jolteon\n|-damage|p1a: Jolteon|42/246\n|\n|-heal|p2a: Diancie|16/216|[from] item: Leftovers\n|upkeep\n|turn|5\n|\n|t:|1733878840\n|move|p1a: Jolteon|Thunderbolt|p2a: Diancie\n|-damage|p2a: Diancie|0 fnt\n|faint|p2a: Diancie\n|-damage|p1a: Jolteon|18/246|[from] item: Life Orb\n|\n|upkeep\n|\n|t:|1733878853\n|switch|p2a: Lokix|Lokix, L82, M|251/251\n|-activate|p2a: Lokix|move: Sticky Web\n|-unboost|p2a: Lokix|spe|1\n|turn|6\n|\n|t:|1733878858\n|move|p2a: Lokix|First Impression|p1a: Jolteon\n|-damage|p1a: Jolteon|0 fnt\n|faint|p1a: Jolteon\n|\n|upkeep\n|\n|t:|1733878862\n|switch|p1a: Avalugg|Avalugg, L88, F|310/310\n|turn|7\n|\n|t:|1733878871\n|move|p2a: Lokix|U-turn|p1a: Avalugg\n|-damage|p1a: Avalugg|268/310\n|\n|t:|1733878876\n|switch|p2a: Ceruledge|Ceruledge, L78, F|245/245|[from] U-turn\n|move|p1a: Avalugg|Rapid Spin|p2a: Ceruledge\n|-immune|p2a: Ceruledge\n|\n|upkeep\n|turn|8\n|\n|t:|1733878884\n|switch|p1a: Dodrio|Dodrio, L86, F|243/243\n|move|p2a: Ceruledge|Swords Dance|p2a: Ceruledge\n|-boost|p2a: Ceruledge|atk|2\n|\n|upkeep\n|turn|9\n|\n|t:|1733878888\n|-terastallize|p1a: Dodrio|Ground\n|move|p1a: Dodrio|Drill Run|p2a: Ceruledge\n|-supereffective|p2a: Ceruledge\n|-damage|p2a: Ceruledge|35/245\n|-ability|p2a: Ceruledge|Weak Armor|boost\n|-unboost|p2a: Ceruledge|def|1\n|-boost|p2a: Ceruledge|spe|2\n|move|p2a: Ceruledge|Bitter Blade|p1a: Dodrio\n|-damage|p1a: Dodrio|18/243\n|-heal|p2a: Ceruledge|148/245|[from] drain|[of] p1a: Dodrio\n|\n|upkeep\n|turn|10\n|\n|t:|1733878899\n|move|p2a: Ceruledge|Bitter Blade|p1a: Dodrio\n|-damage|p1a: Dodrio|0 fnt\n|-heal|p2a: Ceruledge|157/245|[from] drain|[of] p1a: Dodrio\n|faint|p1a: Dodrio\n|\n|upkeep\n|\n|t:|1733878901\n|switch|p1a: Weezing|Weezing, L88, M|258/258\n|-damage|p1a: Weezing|226/258|[from] Stealth Rock\n|turn|11\n|\n|t:|1733878909\n|move|p2a: Ceruledge|Bitter Blade|p1a: Weezing\n|-crit|p1a: Weezing\n|-damage|p1a: Weezing|0 fnt\n|-heal|p2a: Ceruledge|245/245|[from] drain|[of] p1a: Weezing\n|faint|p1a: Weezing\n|\n|upkeep\n|\n|t:|1733878912\n|switch|p1a: Wigglytuff|Wigglytuff, L96, F|424/424\n|-damage|p1a: Wigglytuff|371/424|[from] Stealth Rock\n|turn|12\n|-message|isnothingeasy forfeited.\n|\n|win|Yes Indubitably\n|raw|isnothingeasy's rating: 2224 &rarr; <strong>2200</strong><br />(-24 for losing)\n|raw|Yes Indubitably's rating: 2154 &rarr; <strong>2178</strong><br />(+24 for winning)\n|l|\u2606isnothingeasy\n|player|p1|\n", "inputlog": ">version bfd83cad13791eb5a5a409923076391caf6fb4d4\n>start {\"formatid\":\"gen9randombattle\",\"seed\":[9059,17177,58102,29391],\"rated\":\"Rated battle\"}\n>player p1 {\"name\":\"isnothingeasy\",\"avatar\":\"lady\",\"rating\":2224,\"seed\":[23931,48025,53857,48302]}\n>player p2 {\"name\":\"Yes Indubitably\",\"avatar\":\"unknown\",\"rating\":2154,\"seed\":[17759,1019,8429,26633]}\n>p1 move stickyweb\n>p2 move stealthrock\n>p1 move thunder\n>p2 move diamondstorm\n>p1 move gigadrain\n>p2 move moonblast\n>p1 switch 5\n>p1 move thunderbolt\n>p2 move moonblast\n>p1 move thunderbolt\n>p2 move moonblast\n>p2 switch 6\n>p1 move thunderbolt\n>p2 move firstimpression\n>p1 switch 3\n>p1 move rapidspin\n>p2 move uturn\n>p2 switch 3\n>p1 switch 4\n>p2 move swordsdance\n>p1 move drillrun terastallize\n>p2 move bitterblade\n>p1 move doubleedge\n>p2 move bitterblade\n>p1 switch 6\n>p1 move gunkshot\n>p2 move bitterblade\n>p1 switch 2\n>forcelose p1", "uploadtime": 1733878923, "views": 18, "formatid": "gen9randombattle", "rating": 2178, "private": 0, "password": null}