{"id": "gen9randombattle-2260594005", "format": "[Gen 9] Random Battle", "players": ["PlanetAaron", "YetAnotherDodo"], "log": "|j|\u2606PlanetAaron\n|j|\u2606YetAnotherDodo\n|t:|1733867182\n|gametype|singles\n|player|p1|PlanetAaron|169|\n|player|p2|YetAnotherDodo|larry|\n|teamsize|p1|6\n|teamsize|p2|6\n|gen|9\n|tier|[Gen 9] Random Battle\n|rule|Species Clause: Limit one of each Pok\u00e9mon\n|rule|HP Percentage Mod: HP is shown in percentages\n|rule|Sleep Clause Mod: Limit one foe put to sleep\n|rule|Illusion Level Mod: Illusion disguises the Pok\u00e9mon's true level\n|\n|t:|1733867182\n|start\n|switch|p1a: Ludicolo|Ludicolo, L90, F|290/290\n|switch|p2a: Infernape|Infernape, L82, F|259/259\n|turn|1\n|c|\u2606YetAnotherDodo|glhf!\n|\n|t:|1733867200\n|-terastallize|p1a: Ludicolo|Water\n|move|p2a: Infernape|U-turn|p1a: Ludicolo\n|-damage|p1a: Ludicolo|214/290\n|\n|t:|1733867206\n|switch|p2a: Lurantis|Lurantis, L87, F|264/264|[from] U-turn\n|move|p1a: Ludicolo|Hydro Pump|p2a: Lurantis\n|-resisted|p2a: Lurantis\n|-crit|p2a: Lurantis\n|-damage|p2a: Lurantis|138/264\n|\n|upkeep\n|turn|2\n|\n|t:|1733867219\n|move|p1a: Ludicolo|Hydro Pump|p2a: Lurantis\n|-resisted|p2a: Lurantis\n|-damage|p2a: Lurantis|63/264\n|move|p2a: Lurantis|Leaf Storm|p1a: Ludicolo\n|-supereffective|p1a: Ludicolo\n|-damage|p1a: Ludicolo|0 fnt\n|-boost|p2a: Lurantis|spa|2\n|faint|p1a: Ludicolo\n|\n|upkeep\n|c|\u2606PlanetAaron|NOOO CHOICE SPECS\n|c|\u2606YetAnotherDodo|No not specs\n|c|\u2606YetAnotherDodo|Oh you're specs\n|c|\u2606PlanetAaron|I had a move that could one shot but I couldn't use it\n|c|\u2606YetAnotherDodo|Ye\n|\n|t:|1733867272\n|switch|p1a: Eternatus|Eternatus, L69|308/308\n|-ability|p1a: Eternatus|Pressure\n|turn|3\n|\n|t:|1733867284\n|switch|p2a: Bastiodon|Bastiodon, L89, M|252/252\n|move|p1a: Eternatus|Sludge Bomb|p2a: Bastiodon\n|-immune|p2a: Bastiodon\n|\n|upkeep\n|turn|4\n|\n|t:|1733867295\n|move|p1a: Eternatus|Fire Blast|p2a: Bastiodon\n|-damage|p2a: Bastiodon|201/252\n|move|p2a: Bastiodon|Iron Defense|p2a: Bastiodon\n|-boost|p2a: Bastiodon|def|2\n|\n|upkeep\n|turn|5\n|\n|t:|1733867311\n|switch|p1a: Virizion|Virizion, L82|283/283\n|move|p2a: Bastiodon|Iron Defense|p2a: Bastiodon\n|-boost|p2a: Bastiodon|def|2\n|\n|upkeep\n|turn|6\n|\n|t:|1733867327\n|move|p1a: Virizion|Swords Dance|p1a: Virizion\n|-boost|p1a: Virizion|atk|2\n|move|p2a: Bastiodon|Rest|p2a: Bastiodon\n|-status|p2a: Bastiodon|slp|[from] move: Rest\n|-heal|p2a: Bastiodon|252/252 slp|[silent]\n|-enditem|p2a: Bastiodon|Chesto Berry|[eat]\n|-curestatus|p2a: Bastiodon|slp|[msg]\n|\n|upkeep\n|turn|7\n|\n|t:|1733867338\n|move|p1a: Virizion|Leaf Blade|p2a: Bastiodon\n|-damage|p2a: Bastiodon|213/252\n|-damage|p1a: Virizion|255/283|[from] item: Life Orb\n|move|p2a: Bastiodon|Body Press|p1a: Virizion\n|-damage|p1a: Virizion|0 fnt\n|faint|p1a: Virizion\n|\n|upkeep\n|\n|t:|1733867350\n|switch|p1a: Darkrai|Darkrai, L77|234/234\n|turn|8\n|\n|t:|1733867362\n|move|p1a: Darkrai|Substitute|p1a: Darkrai\n|-start|p1a: Darkrai|Substitute\n|-damage|p1a: Darkrai|176/234\n|move|p2a: Bastiodon|Body Press|p1a: Darkrai\n|-supereffective|p1a: Darkrai\n|-end|p1a: Darkrai|Substitute\n|\n|-heal|p1a: Darkrai|190/234|[from] item: Leftovers\n|upkeep\n|turn|9\n|\n|t:|1733867374\n|move|p1a: Darkrai|Dark Pulse|p2a: Bastiodon\n|-damage|p2a: Bastiodon|156/252\n|cant|p2a: Bastiodon|flinch\n|\n|-heal|p1a: Darkrai|204/234|[from] item: Leftovers\n|upkeep\n|turn|10\n|\n|t:|1733867396\n|move|p1a: Darkrai|Nasty Plot|p1a: Darkrai\n|-boost|p1a: Darkrai|spa|2\n|move|p2a: Bastiodon|Body Press|p1a: Darkrai\n|-supereffective|p1a: Darkrai\n|-damage|p1a: Darkrai|0 fnt\n|faint|p1a: Darkrai\n|\n|upkeep\n|\n|t:|1733867411\n|switch|p1a: Latios|Latios, L78, M|253/253\n|turn|11\n|\n|t:|1733867421\n|move|p1a: Latios|Calm Mind|p1a: Latios\n|-boost|p1a: Latios|spa|1\n|-boost|p1a: Latios|spd|1\n|move|p2a: Bastiodon|Iron Defense|p2a: Bastiodon\n|-boost|p2a: Bastiodon|def|2\n|\n|upkeep\n|turn|12\n|\n|t:|1733867437\n|move|p1a: Latios|Draco Meteor|p2a: Bastiodon\n|-resisted|p2a: Bastiodon\n|-crit|p2a: Bastiodon\n|-damage|p2a: Bastiodon|11/252\n|-unboost|p1a: Latios|spa|2\n|move|p2a: Bastiodon|Body Press|p1a: Latios\n|-resisted|p1a: Latios\n|-damage|p1a: Latios|21/253\n|\n|upkeep\n|turn|13\n|\n|t:|1733867449\n|move|p1a: Latios|Psyshock|p2a: Bastiodon\n|-resisted|p2a: Bastiodon\n|-damage|p2a: Bastiodon|6/252\n|move|p2a: Bastiodon|Rest|p2a: Bastiodon\n|-status|p2a: Bastiodon|slp|[from] move: Rest\n|-heal|p2a: Bastiodon|252/252 slp|[silent]\n|\n|upkeep\n|turn|14\n|\n|t:|1733867457\n|move|p1a: Latios|Recover|p1a: Latios\n|-heal|p1a: Latios|148/253\n|cant|p2a: Bastiodon|slp\n|\n|upkeep\n|turn|15\n|\n|t:|1733867466\n|move|p1a: Latios|Calm Mind|p1a: Latios\n|-boost|p1a: Latios|spa|1\n|-boost|p1a: Latios|spd|1\n|cant|p2a: Bastiodon|slp\n|\n|upkeep\n|turn|16\n|\n|t:|1733867475\n|move|p1a: Latios|Draco Meteor|p2a: Bastiodon\n|-resisted|p2a: Bastiodon\n|-damage|p2a: Bastiodon|193/252 slp\n|-unboost|p1a: Latios|spa|2\n|-curestatus|p2a: Bastiodon|slp|[msg]\n|move|p2a: Bastiodon|Body Press|p1a: Latios\n|-resisted|p1a: Latios\n|-damage|p1a: Latios|0 fnt\n|faint|p1a: Latios\n|\n|upkeep\n|\n|t:|1733867488\n|switch|p1a: Luxray|Luxray, L88, M|283/283\n|turn|17\n|c|\u2606YetAnotherDodo|Psyshock does based on defense\n|c|\u2606YetAnotherDodo|Hence why it did so little\n|\n|t:|1733867509\n|move|p1a: Luxray|Throat Chop|p2a: Bastiodon\n|-damage|p2a: Bastiodon|181/252\n|-start|p2a: Bastiodon|Throat Chop|[silent]\n|move|p2a: Bastiodon|Body Press|p1a: Luxray\n|-damage|p1a: Luxray|0 fnt\n|faint|p1a: Luxray\n|\n|upkeep\n|c|\u2606PlanetAaron|I picked the wrong move because I can't clikc\n|\n|t:|1733867526\n|switch|p1a: Eternatus|Eternatus, L69|308/308\n|-ability|p1a: Eternatus|Pressure\n|turn|18\n|c|\u2606YetAnotherDodo|Ah\n|\n|t:|1733867553\n|-terastallize|p2a: Bastiodon|Fighting\n|move|p1a: Eternatus|Dynamax Cannon|p2a: Bastiodon\n|-damage|p2a: Bastiodon|114/252\n|move|p2a: Bastiodon|Body Press|p1a: Eternatus\n|-resisted|p1a: Eternatus\n|-crit|p1a: Eternatus\n|-damage|p1a: Eternatus|0 fnt\n|faint|p1a: Eternatus\n|\n|win|YetAnotherDodo\n|c|\u2606YetAnotherDodo|gg\n|c|\u2606PlanetAaron|gg\n|c|\u2606PlanetAaron|I can't click\n", "inputlog": ">version bfd83cad13791eb5a5a409923076391caf6fb4d4\n>start {\"formatid\":\"gen9randombattle\",\"seed\":[63286,51428,13298,22527]}\n>player p1 {\"name\":\"PlanetAaron\",\"avatar\":\"169\",\"rating\":0,\"seed\":[29367,15436,3455,22055]}\n>player p2 {\"name\":\"YetAnotherDodo\",\"avatar\":\"larry\",\"rating\":0,\"seed\":[24174,31077,14561,46844]}\n>chat \u2606YetAnotherDodo|glhf!\n>p1 move hydropump terastallize\n>p2 move uturn\n>p2 switch 2\n>p1 move hydropump\n>p2 move leafstorm\n>chat \u2606PlanetAaron|NOOO CHOICE SPECS\n>chat \u2606YetAnotherDodo|No not specs\n>chat \u2606YetAnotherDodo|Oh you're specs\n>chat \u2606PlanetAaron|I had a move that could one shot but I couldn't use it\n>chat \u2606YetAnotherDodo|Ye\n>p1 switch 5\n>p1 move sludgebomb\n>p2 switch 5\n>p1 move fireblast\n>p2 move irondefense\n>p1 switch 2\n>p2 move irondefense\n>p1 move swordsdance\n>p2 move rest\n>p1 move leafblade\n>p2 move bodypress\n>p1 switch 6\n>p1 move substitute\n>p2 move bodypress\n>p1 move darkpulse\n>p2 move bodypress\n>p1 move nastyplot\n>p2 move bodypress\n>p1 switch 4\n>p1 move calmmind\n>p2 move irondefense\n>p1 move dracometeor\n>p2 move bodypress\n>p1 move psyshock\n>p2 move rest\n>p1 move recover\n>p2 move bodypress\n>p1 move calmmind\n>p2 move bodypress\n>p1 move dracometeor\n>p2 move bodypress\n>p1 switch 3\n>chat \u2606YetAnotherDodo|Psyshock does based on defense\n>chat \u2606YetAnotherDodo|Hence why it did so little\n>p1 move throatchop\n>p2 move bodypress\n>chat \u2606PlanetAaron|I picked the wrong move because I can't clikc\n>p1 switch 2\n>chat \u2606YetAnotherDodo|Ah\n>p1 move dynamaxcannon\n>p2 move bodypress terastallize", "uploadtime": 1733867565, "views": 2, "formatid": "gen9randombattle", "rating": null, "private": 0, "password": null}