{"id": "gen9randombattle-2211487408", "format": "[Gen 9] Random Battle", "players": ["Norman2!", "R3LT Nuage"], "log": "|badge|p2|bronze|gen9randombattle|100-2\n|html|<div class=\"broadcast-red\"><strong>This battle is required to be public due to one or more player having a season medal.</strong><br />During the public phase, you can discuss the state of the ladder <a href=\"/seasondiscussion\">in a special chatroom.</a></div>\n|uhtml|medal-msg|<div class=\"broadcast-blue\">Curious what those medals under the avatar are? PS now has Ladder Seasons! For more information, check out the <a href=\"https://www.smogon.com/forums/threads/3740067/\">thread on Smogon.</a></div>\n|raw|<div class=\"broadcast-blue\"><strong>This battle is required to be public due to a player having a name starting with 'medal'.</div>\n|j|\u203dNorman2!\n|j|\u2606R3LT Nuage\n|t:|1727526354\n|gametype|singles\n|player|p1|Norman2!|169|2320\n|player|p2|R3LT Nuage|caitlin|2315\n|teamsize|p1|6\n|teamsize|p2|6\n|gen|9\n|tier|[Gen 9] Random Battle\n|rated|\n|rule|Species Clause: Limit one of each Pok\u00e9mon\n|rule|HP Percentage Mod: HP is shown in percentages\n|rule|Sleep Clause Mod: Limit one foe put to sleep\n|rule|Illusion Level Mod: Illusion disguises the Pok\u00e9mon's true level\n|\n|t:|1727526354\n|start\n|switch|p1a: Glastrier|Glastrier, L86|311/311\n|switch|p2a: Lilligant|Lilligant, L86, F|261/261\n|turn|1\n|j| JustOut459\n|\n|t:|1727526386\n|switch|p2a: Hariyama|Hariyama, L87, F|392/392\n|move|p1a: Glastrier|Icicle Crash|p2a: Hariyama\n|-damage|p2a: Hariyama|262/392\n|\n|upkeep\n|turn|2\n|\n|t:|1727526397\n|switch|p1a: Flamigo|Flamigo, L82, M|269/269\n|move|p2a: Hariyama|Knock Off|p1a: Flamigo\n|-resisted|p1a: Flamigo\n|-damage|p1a: Flamigo|223/269\n|-enditem|p1a: Flamigo|Life Orb|[from] move: Knock Off|[of] p2a: Hariyama\n|\n|upkeep\n|turn|3\n|\n|t:|1727526426\n|switch|p2a: Electrode|Electrode, L92|260/260\n|move|p1a: Flamigo|Close Combat|p2a: Electrode\n|-damage|p2a: Electrode|104/260\n|-unboost|p1a: Flamigo|def|1\n|-unboost|p1a: Flamigo|spd|1\n|\n|upkeep\n|turn|4\n|\n|t:|1727526432\n|switch|p1a: Raichu|Raichu, L88, M|249/249\n|move|p2a: Electrode|Volt Switch|p1a: Raichu\n|-ability|p1a: Raichu|Lightning Rod|boost\n|-boost|p1a: Raichu|spa|1\n|\n|upkeep\n|turn|5\n|\n|t:|1727526444\n|switch|p2a: Hariyama|Hariyama, L87, F|262/392\n|move|p1a: Raichu|Nasty Plot|p1a: Raichu\n|-boost|p1a: Raichu|spa|2\n|\n|upkeep\n|turn|6\n|\n|t:|1727526451\n|move|p1a: Raichu|Alluring Voice|p2a: Hariyama\n|-supereffective|p2a: Hariyama\n|-damage|p2a: Hariyama|0 fnt\n|faint|p2a: Hariyama\n|-damage|p1a: Raichu|225/249|[from] item: Life Orb\n|\n|upkeep\n|j| R3LT Ilex\n|\n|t:|1727526465\n|switch|p2a: Dunsparce|Dunsparce, L86, M|312/312\n|turn|7\n|\n|t:|1727526474\n|move|p1a: Raichu|Surf|p2a: Dunsparce\n|-damage|p2a: Dunsparce|125/312\n|-damage|p1a: Raichu|201/249|[from] item: Life Orb\n|move|p2a: Dunsparce|Earthquake|p1a: Raichu\n|-supereffective|p1a: Raichu\n|-crit|p1a: Raichu\n|-damage|p1a: Raichu|0 fnt\n|faint|p1a: Raichu\n|\n|upkeep\n|\n|t:|1727526483\n|switch|p1a: Flamigo|Flamigo, L82, M|223/269\n|turn|8\n|\n|t:|1727526489\n|move|p1a: Flamigo|Close Combat|p2a: Dunsparce\n|-supereffective|p2a: Dunsparce\n|-damage|p2a: Dunsparce|0 fnt\n|-unboost|p1a: Flamigo|def|1\n|-unboost|p1a: Flamigo|spd|1\n|faint|p2a: Dunsparce\n|\n|upkeep\n|\n|t:|1727526491\n|switch|p2a: Electrode|Electrode, L92|104/260\n|turn|9\n|\n|t:|1727526495\n|switch|p1a: Archaludon|Archaludon, L78, M|268/268\n|move|p2a: Electrode|Thunderbolt|p1a: Archaludon\n|-resisted|p1a: Archaludon\n|-damage|p1a: Archaludon|180/268\n|-status|p1a: Archaludon|par\n|-enditem|p1a: Archaludon|Lum Berry|[eat]\n|-curestatus|p1a: Archaludon|par|[msg]\n|-ability|p1a: Archaludon|Stamina|boost\n|-boost|p1a: Archaludon|def|1\n|-damage|p2a: Electrode|78/260|[from] item: Life Orb\n|\n|upkeep\n|turn|10\n|\n|t:|1727526499\n|move|p2a: Electrode|Thunderbolt|p1a: Archaludon\n|-resisted|p1a: Archaludon\n|-damage|p1a: Archaludon|90/268\n|-ability|p1a: Archaludon|Stamina|boost\n|-boost|p1a: Archaludon|def|1\n|-damage|p2a: Electrode|52/260|[from] item: Life Orb\n|move|p1a: Archaludon|Earthquake|p2a: Electrode\n|-supereffective|p2a: Electrode\n|-damage|p2a: Electrode|0 fnt\n|faint|p2a: Electrode\n|\n|upkeep\n|\n|t:|1727526507\n|switch|p2a: Lilligant|Lilligant, L86, F|261/261\n|turn|11\n|\n|t:|1727526510\n|move|p2a: Lilligant|Alluring Voice|p1a: Archaludon\n|-damage|p1a: Archaludon|0 fnt\n|faint|p1a: Archaludon\n|-damage|p2a: Lilligant|235/261|[from] item: Life Orb\n|\n|upkeep\n|\n|t:|1727526514\n|switch|p1a: Glastrier|Glastrier, L86|311/311\n|turn|12\n|\n|t:|1727526518\n|move|p2a: Lilligant|Sleep Powder|p1a: Glastrier\n|-status|p1a: Glastrier|slp|[from] move: Sleep Powder\n|cant|p1a: Glastrier|slp\n|\n|upkeep\n|turn|13\n|\n|t:|1727526520\n|switch|p2a: Veluza|Veluza, L85, F|292/292\n|-curestatus|p1a: Glastrier|slp|[msg]\n|move|p1a: Glastrier|Icicle Crash|p2a: Veluza\n|-resisted|p2a: Veluza\n|-damage|p2a: Veluza|187/292\n|\n|upkeep\n|turn|14\n|\n|t:|1727526527\n|move|p2a: Veluza|Aqua Cutter|p1a: Glastrier\n|-damage|p1a: Glastrier|170/311\n|move|p1a: Glastrier|Icicle Crash|p2a: Veluza\n|-resisted|p2a: Veluza\n|-damage|p2a: Veluza|73/292\n|\n|upkeep\n|turn|15\n|\n|t:|1727526542\n|move|p2a: Veluza|Aqua Cutter|p1a: Glastrier\n|-damage|p1a: Glastrier|38/311\n|move|p1a: Glastrier|Icicle Crash|p2a: Veluza|[miss]\n|-miss|p1a: Glastrier|p2a: Veluza\n|\n|upkeep\n|turn|16\n|\n|t:|1727526546\n|move|p2a: Veluza|Aqua Cutter|p1a: Glastrier\n|-damage|p1a: Glastrier|0 fnt\n|faint|p1a: Glastrier\n|\n|upkeep\n|\n|t:|1727526549\n|switch|p1a: Flamigo|Flamigo, L82, M|223/269\n|turn|17\n|\n|t:|1727526556\n|move|p1a: Flamigo|Brave Bird|p2a: Veluza\n|-damage|p2a: Veluza|0 fnt\n|faint|p2a: Veluza\n|-damage|p1a: Flamigo|199/269|[from] Recoil\n|\n|upkeep\n|\n|t:|1727526560\n|switch|p2a: Diancie|Diancie, L82|216/216\n|turn|18\n|\n|t:|1727526581\n|move|p1a: Flamigo|Swords Dance|p1a: Flamigo\n|-boost|p1a: Flamigo|atk|2\n|move|p2a: Diancie|Diamond Storm|p1a: Flamigo\n|-damage|p1a: Flamigo|81/269\n|\n|upkeep\n|turn|19\n|\n|t:|1727526587\n|move|p1a: Flamigo|Close Combat|p2a: Diancie\n|-damage|p2a: Diancie|39/216\n|-unboost|p1a: Flamigo|def|1\n|-unboost|p1a: Flamigo|spd|1\n|move|p2a: Diancie|Draining Kiss|p1a: Flamigo\n|-supereffective|p1a: Flamigo\n|-damage|p1a: Flamigo|0 fnt\n|-heal|p2a: Diancie|100/216|[from] drain|[of] p1a: Flamigo\n|faint|p1a: Flamigo\n|\n|-heal|p2a: Diancie|113/216|[from] item: Leftovers\n|upkeep\n|\n|t:|1727526607\n|switch|p1a: Klawf|Klawf, L90, M|272/272\n|turn|20\n|\n|t:|1727526625\n|move|p1a: Klawf|Swords Dance|p1a: Klawf\n|-boost|p1a: Klawf|atk|2\n|move|p2a: Diancie|Diamond Storm|p1a: Klawf\n|-damage|p1a: Klawf|199/272\n|-boost|p2a: Diancie|def|2\n|\n|-heal|p2a: Diancie|126/216|[from] item: Leftovers\n|upkeep\n|turn|21\n|\n|t:|1727526638\n|move|p1a: Klawf|High Horsepower|p2a: Diancie\n|-supereffective|p2a: Diancie\n|-damage|p2a: Diancie|26/216\n|move|p2a: Diancie|Draining Kiss|p1a: Klawf\n|-damage|p1a: Klawf|136/272\n|-heal|p2a: Diancie|73/216|[from] drain|[of] p1a: Klawf\n|-ability|p1a: Klawf|Anger Shell|boost\n|-boost|p1a: Klawf|atk|1\n|-boost|p1a: Klawf|spa|1\n|-boost|p1a: Klawf|spe|1\n|-unboost|p1a: Klawf|def|1\n|-unboost|p1a: Klawf|spd|1\n|\n|-heal|p2a: Diancie|86/216|[from] item: Leftovers\n|upkeep\n|turn|22\n|\n|t:|1727526674\n|-terastallize|p1a: Klawf|Ground\n|-terastallize|p2a: Diancie|Fairy\n|move|p1a: Klawf|High Horsepower|p2a: Diancie\n|-crit|p2a: Diancie\n|-damage|p2a: Diancie|0 fnt\n|faint|p2a: Diancie\n|\n|upkeep\n|\n|t:|1727526682\n|switch|p2a: Lilligant|Lilligant, L86, F|235/261\n|turn|23\n|\n|t:|1727526688\n|move|p1a: Klawf|Stone Edge|p2a: Lilligant\n|-crit|p2a: Lilligant\n|-damage|p2a: Lilligant|0 fnt\n|faint|p2a: Lilligant\n|\n|win|Norman2!\n|raw|Norman2!'s rating: 2320 &rarr; <strong>2340</strong><br />(+20 for winning)\n|raw|R3LT Nuage's rating: 2315 &rarr; <strong>2295</strong><br />(-20 for losing)\n", "inputlog": ">version 69ff0b2f47ddc97367302b06f7f2ae172fb214dd\n>start {\"formatid\":\"gen9randombattle\",\"seed\":[48616,52296,17677,30942],\"rated\":\"Rated battle\"}\n>player p1 {\"name\":\"Norman2!\",\"avatar\":\"169\",\"rating\":2320,\"seed\":[20406,31187,59874,63238]}\n>player p2 {\"name\":\"R3LT Nuage\",\"avatar\":\"caitlin\",\"rating\":2315,\"seed\":[535,21850,2858,28153]}\n>p1 move iciclecrash\n>p2 switch 3\n>p1 switch 4\n>p2 move knockoff\n>p1 move closecombat\n>p2 switch 5\n>p1 switch 2\n>p2 move voltswitch\n>p1 move nastyplot\n>p2 switch 5\n>p1 move alluringvoice\n>p2 move closecombat\n>p2 switch 6\n>p1 move surf\n>p2 move earthquake\n>p1 switch 2\n>p1 move closecombat\n>p2 move bodyslam\n>p2 switch 5\n>p1 switch 3\n>p2 move thunderbolt\n>p1 move earthquake\n>p2 move thunderbolt\n>p2 switch 3\n>p1 move outrage\n>p2 move alluringvoice\n>p1 switch 4\n>p1 move iciclecrash\n>p2 move sleeppowder\n>p1 move iciclecrash\n>p2 switch 2\n>p1 move iciclecrash\n>p2 move aquacutter\n>p1 move iciclecrash\n>p2 move aquacutter\n>p1 move iciclecrash\n>p2 move aquacutter\n>p1 switch 3\n>p1 move bravebird\n>p2 move aquacutter\n>p2 switch 4\n>p1 move swordsdance\n>p2 move diamondstorm\n>p1 move closecombat\n>p2 move drainingkiss\n>p1 switch 5\n>p1 move swordsdance\n>p2 move diamondstorm\n>p1 move highhorsepower\n>p2 move drainingkiss\n>p1 move highhorsepower terastallize\n>p2 move drainingkiss terastallize\n>p2 switch 2\n>p1 move stoneedge\n>p2 move alluringvoice", "uploadtime": 1727526691, "views": 87, "formatid": "gen9randombattle", "rating": 2295, "private": 0, "password": null}