{"id": "gen9randombattle-2260620563", "format": "[Gen 9] Random Battle", "players": ["bigbellaco", "Nshsjsksinz"], "log": "|j|\u2606bigbellaco\n|j|\u203dNshsjsksinz\n|t:|1733870198\n|gametype|singles\n|player|p1|bigbellaco|2|1000\n|player|p2|Nshsjsksinz|pokekid|1000\n|teamsize|p1|6\n|teamsize|p2|6\n|gen|9\n|tier|[Gen 9] Random Battle\n|rated|\n|rule|Species Clause: Limit one of each Pok\u00e9mon\n|rule|HP Percentage Mod: HP is shown in percentages\n|rule|Sleep Clause Mod: Limit one foe put to sleep\n|rule|Illusion Level Mod: Illusion disguises the Pok\u00e9mon's true level\n|\n|t:|1733870198\n|start\n|switch|p1a: Toucannon|Toucannon, L88, F|284/284\n|switch|p2a: Sandslash|Sandslash, L88, F|275/275\n|turn|1\n|inactive|Battle timer is ON: inactive players will automatically lose when time's up. (requested by Nshsjsksinz)\n|\n|t:|1733870224\n|move|p2a: Sandslash|Stone Edge|p1a: Toucannon\n|-supereffective|p1a: Toucannon\n|-damage|p1a: Toucannon|126/284\n|move|p1a: Toucannon|U-turn|p2a: Sandslash\n|-damage|p2a: Sandslash|226/275\n|\n|t:|1733870245\n|switch|p1a: Lilligant|Lilligant-Hisui, L79, F|240/240|[from] U-turn\n|\n|-heal|p2a: Sandslash|243/275|[from] item: Leftovers\n|upkeep\n|turn|2\n|\n|t:|1733870264\n|switch|p2a: Lunala|Lunala, L70|308/308\n|move|p1a: Lilligant|Ice Spinner|p2a: Lunala\n|-damage|p2a: Lunala|260/308\n|\n|-heal|p2a: Lunala|279/308|[from] item: Leftovers\n|upkeep\n|turn|3\n|inactive|bigbellaco has 120 seconds left.\n|\n|t:|1733870285\n|switch|p1a: Toucannon|Toucannon, L88, F|126/284\n|move|p2a: Lunala|Calm Mind|p2a: Lunala\n|-boost|p2a: Lunala|spa|1\n|-boost|p2a: Lunala|spd|1\n|\n|-heal|p2a: Lunala|298/308|[from] item: Leftovers\n|upkeep\n|turn|4\n|inactive|bigbellaco has 120 seconds left.\n|\n|t:|1733870301\n|-singleturn|p1a: Toucannon|move: Beak Blast\n|move|p2a: Lunala|Calm Mind|p2a: Lunala\n|-boost|p2a: Lunala|spa|1\n|-boost|p2a: Lunala|spd|1\n|move|p1a: Toucannon|Beak Blast|p2a: Lunala\n|-damage|p2a: Lunala|126/308\n|\n|-heal|p2a: Lunala|145/308|[from] item: Leftovers\n|upkeep\n|turn|5\n|inactive|bigbellaco has 120 seconds left.\n|\n|t:|1733870314\n|-singleturn|p1a: Toucannon|move: Beak Blast\n|move|p2a: Lunala|Moonlight|p2a: Lunala\n|-heal|p2a: Lunala|299/308\n|move|p1a: Toucannon|Beak Blast|p2a: Lunala\n|-damage|p2a: Lunala|128/308\n|\n|-heal|p2a: Lunala|147/308|[from] item: Leftovers\n|upkeep\n|turn|6\n|\n|t:|1733870327\n|-singleturn|p1a: Toucannon|move: Beak Blast\n|move|p2a: Lunala|Moonblast|p1a: Toucannon\n|-damage|p1a: Toucannon|0 fnt\n|faint|p1a: Toucannon\n|\n|-heal|p2a: Lunala|166/308|[from] item: Leftovers\n|upkeep\n|inactive|bigbellaco has 120 seconds left.\n|\n|t:|1733870343\n|switch|p1a: Mismagius|Mismagius, L86, F|243/243\n|turn|7\n|inactive|bigbellaco has 120 seconds left.\n|\n|t:|1733870353\n|-terastallize|p2a: Lunala|Fairy\n|move|p1a: Mismagius|Substitute|p1a: Mismagius\n|-start|p1a: Mismagius|Substitute\n|-damage|p1a: Mismagius|183/243\n|move|p2a: Lunala|Moonlight|p2a: Lunala\n|-heal|p2a: Lunala|308/308\n|\n|-heal|p1a: Mismagius|198/243|[from] item: Leftovers\n|upkeep\n|turn|8\n|inactive|bigbellaco has 120 seconds left.\n|\n|t:|1733870368\n|move|p1a: Mismagius|Tera Blast|p2a: Lunala\n|-damage|p2a: Lunala|292/308\n|move|p2a: Lunala|Moongeist Beam|p1a: Mismagius\n|-supereffective|p1a: Mismagius\n|-end|p1a: Mismagius|Substitute\n|\n|-heal|p1a: Mismagius|213/243|[from] item: Leftovers\n|-heal|p2a: Lunala|308/308|[from] item: Leftovers\n|upkeep\n|turn|9\n|inactive|bigbellaco has 120 seconds left.\n|\n|t:|1733870380\n|move|p1a: Mismagius|Shadow Ball|p2a: Lunala\n|-damage|p2a: Lunala|285/308\n|-unboost|p2a: Lunala|spd|1\n|move|p2a: Lunala|Moongeist Beam|p1a: Mismagius\n|-supereffective|p1a: Mismagius\n|-damage|p1a: Mismagius|0 fnt\n|faint|p1a: Mismagius\n|\n|-heal|p2a: Lunala|304/308|[from] item: Leftovers\n|upkeep\n|inactive|bigbellaco has 120 seconds left.\n|\n|t:|1733870396\n|switch|p1a: Flamigo|Flamigo, L82, M|269/269\n|turn|10\n|\n|t:|1733870406\n|-terastallize|p1a: Flamigo|Steel\n|move|p1a: Flamigo|Swords Dance|p1a: Flamigo\n|-boost|p1a: Flamigo|atk|2\n|move|p2a: Lunala|Calm Mind|p2a: Lunala\n|-boost|p2a: Lunala|spa|1\n|-boost|p2a: Lunala|spd|1\n|\n|-heal|p2a: Lunala|308/308|[from] item: Leftovers\n|upkeep\n|turn|11\n|\n|t:|1733870418\n|move|p1a: Flamigo|Brave Bird|p2a: Lunala\n|-damage|p2a: Lunala|103/308\n|-damage|p1a: Flamigo|201/269|[from] Recoil\n|-damage|p1a: Flamigo|175/269|[from] item: Life Orb\n|move|p2a: Lunala|Moongeist Beam|p1a: Flamigo\n|-damage|p1a: Flamigo|0 fnt\n|faint|p1a: Flamigo\n|\n|-heal|p2a: Lunala|122/308|[from] item: Leftovers\n|upkeep\n|\n|t:|1733870445\n|switch|p1a: Indeedee|Indeedee, L84, M|238/238\n|-fieldstart|move: Psychic Terrain|[from] ability: Psychic Surge|[of] p1a: Indeedee\n|turn|12\n|\n|t:|1733870454\n|move|p1a: Indeedee|Calm Mind|p1a: Indeedee\n|-boost|p1a: Indeedee|spa|1\n|-boost|p1a: Indeedee|spd|1\n|move|p2a: Lunala|Moonlight|p2a: Lunala\n|-heal|p2a: Lunala|276/308\n|\n|-heal|p2a: Lunala|295/308|[from] item: Leftovers\n|upkeep\n|turn|13\n|\n|t:|1733870464\n|move|p1a: Indeedee|Calm Mind|p1a: Indeedee\n|-boost|p1a: Indeedee|spa|1\n|-boost|p1a: Indeedee|spd|1\n|move|p2a: Lunala|Moonblast|p1a: Indeedee\n|-damage|p1a: Indeedee|130/238\n|\n|-heal|p2a: Lunala|308/308|[from] item: Leftovers\n|upkeep\n|turn|14\n|\n|t:|1733870474\n|move|p1a: Indeedee|Calm Mind|p1a: Indeedee\n|-boost|p1a: Indeedee|spa|1\n|-boost|p1a: Indeedee|spd|1\n|move|p2a: Lunala|Calm Mind|p2a: Lunala\n|-boost|p2a: Lunala|spa|1\n|-boost|p2a: Lunala|spd|1\n|\n|upkeep\n|turn|15\n|\n|t:|1733870481\n|move|p1a: Indeedee|Calm Mind|p1a: Indeedee\n|-boost|p1a: Indeedee|spa|1\n|-boost|p1a: Indeedee|spd|1\n|move|p2a: Lunala|Calm Mind|p2a: Lunala\n|-boost|p2a: Lunala|spa|1\n|-boost|p2a: Lunala|spd|1\n|\n|upkeep\n|turn|16\n|inactive|bigbellaco has 120 seconds left.\n|\n|t:|1733870502\n|move|p1a: Indeedee|Expanding Force|p2a: Lunala\n|-damage|p2a: Lunala|200/308\n|-damage|p1a: Indeedee|107/238|[from] item: Life Orb\n|move|p2a: Lunala|Moonblast|p1a: Indeedee\n|-damage|p1a: Indeedee|0 fnt\n|faint|p1a: Indeedee\n|\n|-heal|p2a: Lunala|219/308|[from] item: Leftovers\n|-fieldend|move: Psychic Terrain\n|upkeep\n|\n|t:|1733870514\n|switch|p1a: Chimecho|Chimecho, L93, M|290/290\n|turn|17\n|\n|t:|1733870520\n|move|p2a: Lunala|Moonlight|p2a: Lunala\n|-heal|p2a: Lunala|308/308\n|move|p1a: Chimecho|Thunder Wave|p2a: Lunala\n|-status|p2a: Lunala|par\n|\n|upkeep\n|turn|18\n|\n|t:|1733870530\n|move|p1a: Chimecho|Knock Off|p2a: Lunala\n|-resisted|p2a: Lunala\n|-crit|p2a: Lunala\n|-damage|p2a: Lunala|285/308 par\n|-enditem|p2a: Lunala|Leftovers|[from] move: Knock Off|[of] p1a: Chimecho\n|move|p2a: Lunala|Moongeist Beam|p1a: Chimecho\n|-supereffective|p1a: Chimecho\n|-damage|p1a: Chimecho|0 fnt\n|faint|p1a: Chimecho\n|\n|upkeep\n|\n|t:|1733870539\n|switch|p1a: Lilligant|Lilligant-Hisui, L79, F|240/240\n|turn|19\n|inactive|bigbellaco has 120 seconds left.\n|\n|t:|1733870552\n|move|p1a: Lilligant|Victory Dance|p1a: Lilligant\n|-boost|p1a: Lilligant|atk|1\n|-boost|p1a: Lilligant|def|1\n|-boost|p1a: Lilligant|spe|1\n|move|p2a: Lunala|Calm Mind|p2a: Lunala\n|-boost|p2a: Lunala|spa|1\n|-boost|p2a: Lunala|spd|1\n|\n|upkeep\n|turn|20\n|inactive|bigbellaco has 120 seconds left.\n|\n|t:|1733870561\n|move|p1a: Lilligant|Close Combat|p2a: Lunala\n|-resisted|p2a: Lunala\n|-crit|p2a: Lunala\n|-damage|p2a: Lunala|63/308 par\n|-unboost|p1a: Lilligant|def|1\n|-unboost|p1a: Lilligant|spd|1\n|move|p2a: Lunala|Calm Mind|p2a: Lunala\n|-boost|p2a: Lunala|spa|0\n|-boost|p2a: Lunala|spd|1\n|\n|upkeep\n|turn|21\n|\n|t:|1733870570\n|move|p1a: Lilligant|Close Combat|p2a: Lunala\n|-resisted|p2a: Lunala\n|-damage|p2a: Lunala|0 fnt\n|-unboost|p1a: Lilligant|def|1\n|-unboost|p1a: Lilligant|spd|1\n|faint|p2a: Lunala\n|\n|upkeep\n|\n|t:|1733870580\n|switch|p2a: Sandslash|Sandslash, L88, F|243/275\n|turn|22\n|\n|t:|1733870586\n|move|p1a: Lilligant|Leaf Blade|p2a: Sandslash|[miss]\n|-miss|p1a: Lilligant|p2a: Sandslash\n|move|p2a: Sandslash|Rapid Spin|p1a: Lilligant\n|-damage|p1a: Lilligant|164/240\n|-boost|p2a: Sandslash|spe|1\n|\n|-heal|p2a: Sandslash|260/275|[from] item: Leftovers\n|upkeep\n|turn|23\n|\n|t:|1733870595\n|move|p1a: Lilligant|Leaf Blade|p2a: Sandslash|[miss]\n|-miss|p1a: Lilligant|p2a: Sandslash\n|move|p2a: Sandslash|Rapid Spin|p1a: Lilligant\n|-damage|p1a: Lilligant|89/240\n|-boost|p2a: Sandslash|spe|1\n|\n|-heal|p2a: Sandslash|275/275|[from] item: Leftovers\n|upkeep\n|turn|24\n|\n|t:|1733870605\n|move|p2a: Sandslash|Rapid Spin|p1a: Lilligant\n|-damage|p1a: Lilligant|14/240\n|-boost|p2a: Sandslash|spe|1\n|move|p1a: Lilligant|Leaf Blade|p2a: Sandslash\n|-supereffective|p2a: Sandslash\n|-damage|p2a: Sandslash|0 fnt\n|faint|p2a: Sandslash\n|\n|upkeep\n|\n|t:|1733870618\n|switch|p2a: Probopass|Probopass, L92, M|238/238\n|turn|25\n|\n|t:|1733870625\n|move|p1a: Lilligant|Close Combat|p2a: Probopass\n|-supereffective|p2a: Probopass\n|-damage|p2a: Probopass|0 fnt\n|-unboost|p1a: Lilligant|def|1\n|-unboost|p1a: Lilligant|spd|1\n|replace|p2a: Zoroark|Zoroark, L84, F\n|-end|p2a: Zoroark|Illusion\n|-hint|Illusion Level Mod is active, so this Pok\u00e9mon's true level was hidden.\n|faint|p2a: Zoroark\n|\n|upkeep\n|\n|t:|1733870633\n|switch|p2a: Probopass|Probopass, L92, M|260/260\n|turn|26\n|\n|t:|1733870640\n|move|p1a: Lilligant|Close Combat|p2a: Probopass\n|-supereffective|p2a: Probopass\n|-damage|p2a: Probopass|0 fnt\n|-unboost|p1a: Lilligant|def|1\n|-unboost|p1a: Lilligant|spd|1\n|faint|p2a: Probopass\n|\n|upkeep\n|\n|t:|1733870648\n|switch|p2a: Meowscarada|Meowscarada, L78, M|247/247\n|turn|27\n|\n|t:|1733870654\n|move|p1a: Lilligant|Close Combat|p2a: Meowscarada\n|-supereffective|p2a: Meowscarada\n|-damage|p2a: Meowscarada|0 fnt\n|-unboost|p1a: Lilligant|def|1\n|-unboost|p1a: Lilligant|spd|1\n|faint|p2a: Meowscarada\n|\n|upkeep\n|\n|t:|1733870661\n|switch|p2a: Flygon|Flygon, L82, F|265/265\n|turn|28\n|\n|t:|1733870671\n|move|p1a: Lilligant|Ice Spinner|p2a: Flygon\n|-supereffective|p2a: Flygon\n|-damage|p2a: Flygon|0 fnt\n|faint|p2a: Flygon\n|\n|win|bigbellaco\n|raw|bigbellaco's rating: 1000 &rarr; <strong>1040</strong><br />(+40 for winning)\n|raw|Nshsjsksinz's rating: 1000 &rarr; <strong>1000</strong><br />(+0 for losing)\n|l|\u203dNshsjsksinz\n|player|p2|\n", "inputlog": ">version bfd83cad13791eb5a5a409923076391caf6fb4d4\n>start {\"formatid\":\"gen9randombattle\",\"seed\":[46623,22289,22693,62825],\"rated\":\"Rated battle\"}\n>player p1 {\"name\":\"bigbellaco\",\"avatar\":\"2\",\"rating\":1000,\"seed\":[33294,52523,49367,33432]}\n>player p2 {\"name\":\"Nshsjsksinz\",\"avatar\":\"pokekid\",\"rating\":1000,\"seed\":[930,51653,45912,4219]}\n>p1 move uturn\n>p2 move stoneedge\n>p1 switch 6\n>p1 move icespinner\n>p2 switch 3\n>p1 switch 6\n>p2 move calmmind\n>p1 move beakblast\n>p2 move calmmind\n>p1 move beakblast\n>p2 move moonlight\n>p1 move beakblast\n>p2 move moonblast\n>p1 switch 5\n>p1 move substitute\n>p2 move moonlight terastallize\n>p1 move terablast\n>p2 move moongeistbeam\n>p1 move shadowball\n>p2 move moongeistbeam\n>p1 switch 2\n>p1 move swordsdance terastallize\n>p2 move calmmind\n>p1 move bravebird\n>p2 move moongeistbeam\n>p1 switch 4\n>p1 move calmmind\n>p2 move moonlight\n>p1 move calmmind\n>p2 move moonblast\n>p1 move calmmind\n>p2 move calmmind\n>p1 move calmmind\n>p2 move calmmind\n>p1 move expandingforce\n>p2 move moonblast\n>p1 switch 3\n>p1 move thunderwave\n>p2 move moonlight\n>p1 move knockoff\n>p2 move moongeistbeam\n>p1 switch 6\n>p1 move victorydance\n>p2 move calmmind\n>p1 move closecombat\n>p2 move calmmind\n>p1 move closecombat\n>p2 move moonlight\n>p2 switch 3\n>p1 move leafblade\n>p2 move rapidspin\n>p1 move leafblade\n>p2 move rapidspin\n>p1 move leafblade\n>p2 move rapidspin\n>p2 switch 5\n>p1 move closecombat\n>p2 move sludgebomb\n>p2 switch 6\n>p1 move closecombat\n>p2 move bodypress\n>p2 switch 2\n>p1 move closecombat\n>p2 move uturn\n>p2 switch 4\n>p1 move icespinner\n>p2 move outrage", "uploadtime": 1733870690, "views": 12, "formatid": "gen9randombattle", "rating": 1000, "private": 0, "password": null}