{"id": "gen9randombattle-2242839047", "format": "[Gen 9] Random Battle", "players": ["ananananji", "adrianpal"], "log": "|j|\u2606ananananji\n|j|\u2606adrianpal\n|t:|1731471137\n|gametype|singles\n|player|p1|ananananji|170|2200\n|player|p2|adrianpal|169|2223\n|teamsize|p1|6\n|teamsize|p2|6\n|gen|9\n|tier|[Gen 9] Random Battle\n|rated|\n|rule|Species Clause: Limit one of each Pok\u00e9mon\n|rule|HP Percentage Mod: HP is shown in percentages\n|rule|Sleep Clause Mod: Limit one foe put to sleep\n|rule|Illusion Level Mod: Illusion disguises the Pok\u00e9mon's true level\n|\n|t:|1731471137\n|start\n|switch|p1a: Archaludon|Archaludon, L78, M|268/268\n|switch|p2a: Cobalion|Cobalion, L80|277/277\n|turn|1\n|\n|t:|1731471150\n|switch|p1a: Zekrom|Zekrom, L71|259/259\n|-ability|p1a: Zekrom|Teravolt\n|move|p2a: Cobalion|Swords Dance|p2a: Cobalion\n|-boost|p2a: Cobalion|atk|2\n|\n|upkeep\n|turn|2\n|\n|t:|1731471156\n|move|p2a: Cobalion|Close Combat|p1a: Zekrom\n|-damage|p1a: Zekrom|16/259\n|-unboost|p2a: Cobalion|def|1\n|-unboost|p2a: Cobalion|spd|1\n|-damage|p2a: Cobalion|250/277|[from] item: Life Orb\n|move|p1a: Zekrom|Dragon Dance|p1a: Zekrom\n|-boost|p1a: Zekrom|atk|1\n|-boost|p1a: Zekrom|spe|1\n|\n|-heal|p1a: Zekrom|32/259|[from] item: Leftovers\n|upkeep\n|turn|3\n|inactive|Battle timer is ON: inactive players will automatically lose when time's up. (requested by adrianpal)\n|\n|t:|1731471164\n|move|p1a: Zekrom|Bolt Strike|p2a: Cobalion\n|-damage|p2a: Cobalion|0 fnt\n|faint|p2a: Cobalion\n|\n|-heal|p1a: Zekrom|48/259|[from] item: Leftovers\n|upkeep\n|\n|t:|1731471167\n|switch|p2a: Stonjourner|Stonjourner, L91, M|330/330\n|turn|4\n|\n|t:|1731471172\n|move|p1a: Zekrom|Bolt Strike|p2a: Stonjourner|[miss]\n|-miss|p1a: Zekrom|p2a: Stonjourner\n|move|p2a: Stonjourner|Earthquake|p1a: Zekrom\n|-supereffective|p1a: Zekrom\n|-damage|p1a: Zekrom|0 fnt\n|faint|p1a: Zekrom\n|-damage|p2a: Stonjourner|297/330|[from] item: Life Orb\n|\n|upkeep\n|\n|t:|1731471192\n|switch|p1a: Arceus|Arceus-Fairy, L69|280/280\n|turn|5\n|\n|t:|1731471199\n|switch|p2a: Raichu|Raichu, L88, F|249/249\n|move|p1a: Arceus|Earth Power|p2a: Raichu\n|-supereffective|p2a: Raichu\n|-damage|p2a: Raichu|141/249\n|\n|-heal|p2a: Raichu|156/249|[from] item: Leftovers\n|upkeep\n|turn|6\n|\n|t:|1731471204\n|move|p2a: Raichu|Nuzzle|p1a: Arceus\n|-damage|p1a: Arceus|256/280\n|-status|p1a: Arceus|par\n|cant|p1a: Arceus|par\n|\n|-heal|p2a: Raichu|171/249|[from] item: Leftovers\n|upkeep\n|turn|7\n|\n|t:|1731471208\n|move|p2a: Raichu|Thunderbolt|p1a: Arceus\n|-damage|p1a: Arceus|168/280 par\n|move|p1a: Arceus|Calm Mind|p1a: Arceus\n|-boost|p1a: Arceus|spa|1\n|-boost|p1a: Arceus|spd|1\n|\n|-heal|p2a: Raichu|186/249|[from] item: Leftovers\n|upkeep\n|turn|8\n|\n|t:|1731471211\n|move|p2a: Raichu|Encore|p1a: Arceus\n|-start|p1a: Arceus|Encore\n|cant|p1a: Arceus|par\n|\n|-heal|p2a: Raichu|201/249|[from] item: Leftovers\n|upkeep\n|turn|9\n|\n|t:|1731471216\n|switch|p1a: Regieleki|Regieleki, L79|256/256\n|move|p2a: Raichu|Nuzzle|p1a: Regieleki\n|-resisted|p1a: Regieleki\n|-damage|p1a: Regieleki|238/256\n|\n|-heal|p2a: Raichu|216/249|[from] item: Leftovers\n|upkeep\n|turn|10\n|\n|t:|1731471223\n|switch|p2a: Chesnaught|Chesnaught, L84, F|285/285\n|move|p1a: Regieleki|Tera Blast|p2a: Chesnaught\n|-damage|p2a: Chesnaught|228/285\n|\n|upkeep\n|turn|11\n|\n|t:|1731471232\n|-terastallize|p1a: Regieleki|Ice\n|move|p1a: Regieleki|Tera Blast|p2a: Chesnaught|[anim] Tera Blast Ice\n|-supereffective|p2a: Chesnaught\n|-damage|p2a: Chesnaught|46/285\n|move|p2a: Chesnaught|Knock Off|p1a: Regieleki\n|-damage|p1a: Regieleki|131/256\n|-enditem|p1a: Regieleki|Magnet|[from] move: Knock Off|[of] p2a: Chesnaught\n|\n|upkeep\n|turn|12\n|\n|t:|1731471244\n|move|p1a: Regieleki|Thunderbolt|p2a: Chesnaught\n|-resisted|p2a: Chesnaught\n|-damage|p2a: Chesnaught|0 fnt\n|faint|p2a: Chesnaught\n|\n|upkeep\n|\n|t:|1731471245\n|switch|p2a: Raichu|Raichu, L88, F|216/249\n|turn|13\n|\n|t:|1731471249\n|switch|p1a: Arceus|Arceus-Fairy, L69|168/280 par\n|move|p2a: Raichu|Thunderbolt|p1a: Arceus\n|-crit|p1a: Arceus\n|-damage|p1a: Arceus|21/280 par\n|\n|-heal|p2a: Raichu|231/249|[from] item: Leftovers\n|upkeep\n|turn|14\n|\n|t:|1731471252\n|move|p2a: Raichu|Thunderbolt|p1a: Arceus\n|-damage|p1a: Arceus|0 fnt\n|faint|p1a: Arceus\n|\n|-heal|p2a: Raichu|246/249|[from] item: Leftovers\n|upkeep\n|\n|t:|1731471254\n|switch|p1a: Snorlax|Snorlax, L82, M|397/397\n|turn|15\n|\n|t:|1731471258\n|move|p2a: Raichu|Nuzzle|p1a: Snorlax\n|-damage|p1a: Snorlax|369/397\n|-status|p1a: Snorlax|par\n|cant|p1a: Snorlax|par\n|\n|-heal|p2a: Raichu|249/249|[from] item: Leftovers\n|-heal|p1a: Snorlax|393/397 par|[from] item: Leftovers\n|upkeep\n|turn|16\n|\n|t:|1731471263\n|switch|p2a: Stonjourner|Stonjourner, L91, M|297/330\n|move|p1a: Snorlax|Earthquake|p2a: Stonjourner\n|-supereffective|p2a: Stonjourner\n|-damage|p2a: Stonjourner|207/330\n|\n|-heal|p1a: Snorlax|397/397 par|[from] item: Leftovers\n|upkeep\n|turn|17\n|\n|t:|1731471268\n|move|p2a: Stonjourner|Stone Edge|p1a: Snorlax\n|-damage|p1a: Snorlax|131/397 par\n|-damage|p2a: Stonjourner|174/330|[from] item: Life Orb\n|move|p1a: Snorlax|Curse|p1a: Snorlax\n|-unboost|p1a: Snorlax|spe|1\n|-boost|p1a: Snorlax|atk|1\n|-boost|p1a: Snorlax|def|1\n|\n|-heal|p1a: Snorlax|155/397 par|[from] item: Leftovers\n|upkeep\n|turn|18\n|\n|t:|1731471273\n|move|p2a: Stonjourner|Earthquake|p1a: Snorlax\n|-damage|p1a: Snorlax|39/397 par\n|-damage|p2a: Stonjourner|141/330|[from] item: Life Orb\n|move|p1a: Snorlax|Earthquake|p2a: Stonjourner\n|-supereffective|p2a: Stonjourner\n|-damage|p2a: Stonjourner|0 fnt\n|faint|p2a: Stonjourner\n|\n|-heal|p1a: Snorlax|63/397 par|[from] item: Leftovers\n|upkeep\n|\n|t:|1731471278\n|switch|p2a: Raichu|Raichu, L88, F|249/249\n|turn|19\n|\n|t:|1731471284\n|move|p2a: Raichu|Thunderbolt|p1a: Snorlax\n|-damage|p1a: Snorlax|0 fnt\n|faint|p1a: Snorlax\n|\n|upkeep\n|\n|t:|1731471288\n|switch|p1a: Archaludon|Archaludon, L78, M|268/268\n|turn|20\n|\n|t:|1731471290\n|move|p2a: Raichu|Nuzzle|p1a: Archaludon\n|-resisted|p1a: Archaludon\n|-damage|p1a: Archaludon|259/268\n|-status|p1a: Archaludon|par\n|-enditem|p1a: Archaludon|Lum Berry|[eat]\n|-curestatus|p1a: Archaludon|par|[msg]\n|-ability|p1a: Archaludon|Stamina|boost\n|-boost|p1a: Archaludon|def|1\n|move|p1a: Archaludon|Earthquake|p2a: Raichu\n|-supereffective|p2a: Raichu\n|-damage|p2a: Raichu|71/249\n|\n|-heal|p2a: Raichu|86/249|[from] item: Leftovers\n|upkeep\n|turn|21\n|\n|t:|1731471299\n|move|p2a: Raichu|Encore|p1a: Archaludon\n|-start|p1a: Archaludon|Encore\n|move|p1a: Archaludon|Earthquake|p2a: Raichu\n|-supereffective|p2a: Raichu\n|-damage|p2a: Raichu|0 fnt\n|faint|p2a: Raichu\n|\n|upkeep\n|\n|t:|1731471301\n|switch|p2a: Braviary|Braviary-Hisui, L85, M|326/326\n|turn|22\n|\n|t:|1731471305\n|switch|p1a: Toucannon|Toucannon, L88, M|284/284\n|move|p2a: Braviary|Agility|p2a: Braviary\n|-boost|p2a: Braviary|spe|2\n|\n|upkeep\n|turn|23\n|\n|t:|1731471309\n|move|p2a: Braviary|Psychic|p1a: Toucannon\n|-damage|p1a: Toucannon|80/284\n|move|p1a: Toucannon|Knock Off|p2a: Braviary\n|-supereffective|p2a: Braviary\n|-damage|p2a: Braviary|124/326\n|-enditem|p2a: Braviary|Life Orb|[from] move: Knock Off|[of] p1a: Toucannon\n|\n|upkeep\n|turn|24\n|\n|t:|1731471320\n|-singleturn|p1a: Toucannon|move: Beak Blast\n|move|p2a: Braviary|Psychic|p1a: Toucannon\n|-damage|p1a: Toucannon|0 fnt\n|faint|p1a: Toucannon\n|\n|upkeep\n|\n|t:|1731471322\n|switch|p1a: Regieleki|Regieleki, L79, tera:Ice|131/256\n|turn|25\n|\n|t:|1731471326\n|move|p1a: Regieleki|Thunderbolt|p2a: Braviary\n|-supereffective|p2a: Braviary\n|-damage|p2a: Braviary|0 fnt\n|faint|p2a: Braviary\n|\n|upkeep\n|\n|t:|1731471328\n|switch|p2a: Masquerain|Masquerain, L87, M|264/264\n|-ability|p2a: Masquerain|Intimidate|boost\n|-unboost|p1a: Regieleki|atk|1\n|turn|26\n|\n|t:|1731471333\n|-terastallize|p2a: Masquerain|Ground\n|move|p1a: Regieleki|Tera Blast|p2a: Masquerain|[anim] Tera Blast Ice\n|-supereffective|p2a: Masquerain\n|-damage|p2a: Masquerain|94/264\n|move|p2a: Masquerain|Bug Buzz|p1a: Regieleki\n|-damage|p1a: Regieleki|0 fnt\n|faint|p1a: Regieleki\n|\n|upkeep\n|\n|t:|1731471337\n|switch|p1a: Archaludon|Archaludon, L78, M|259/268\n|turn|27\n|c|\u2606adrianpal|Gg\n|\n|t:|1731471341\n|move|p2a: Masquerain|Hurricane|p1a: Archaludon\n|-resisted|p1a: Archaludon\n|-damage|p1a: Archaludon|177/268\n|-ability|p1a: Archaludon|Stamina|boost\n|-boost|p1a: Archaludon|def|1\n|move|p1a: Archaludon|Outrage|p2a: Masquerain\n|-damage|p2a: Masquerain|0 fnt\n|faint|p2a: Masquerain\n|\n|win|ananananji\n|raw|ananananji's rating: 2200 &rarr; <strong>2221</strong><br />(+21 for winning)\n|raw|adrianpal's rating: 2223 &rarr; <strong>2202</strong><br />(-21 for losing)\n", "inputlog": ">version 6cf2ed9506aaf20327444a00a9388215acbf9fb2\n>start {\"formatid\":\"gen9randombattle\",\"seed\":[31734,19790,11905,4693],\"rated\":\"Rated battle\"}\n>player p1 {\"name\":\"ananananji\",\"avatar\":\"170\",\"rating\":2200,\"seed\":[25068,54275,40655,52003]}\n>player p2 {\"name\":\"adrianpal\",\"avatar\":\"169\",\"rating\":2223,\"seed\":[57484,1875,45430,57871]}\n>p1 switch 2\n>p2 move swordsdance\n>p1 move dragondance\n>p2 move closecombat\n>p1 move boltstrike\n>p2 move ironhead\n>p2 switch 5\n>p1 move boltstrike\n>p2 move earthquake\n>p1 switch 6\n>p1 move earthpower\n>p2 switch 4\n>p1 move calmmind\n>p2 move nuzzle\n>p1 move calmmind\n>p2 move thunderbolt\n>p1 move recover\n>p2 move encore\n>p1 switch 3\n>p2 move nuzzle\n>p1 move terablast\n>p2 switch 2\n>p1 move terablast terastallize\n>p2 move knockoff\n>p1 move thunderbolt\n>p2 move bodypress\n>p2 switch 2\n>p1 switch 3\n>p2 move thunderbolt\n>p1 move judgment\n>p2 move thunderbolt\n>p1 switch 4\n>p1 move earthquake\n>p2 move nuzzle\n>p1 move earthquake\n>p2 switch 4\n>p1 move curse\n>p2 move stoneedge\n>p1 move earthquake\n>p2 move earthquake\n>p2 switch 4\n>p1 move earthquake\n>p2 move thunderbolt\n>p1 switch 2\n>p1 move earthquake\n>p2 move nuzzle\n>p1 move earthquake\n>p2 move encore\n>p2 switch 6\n>p1 switch 5\n>p2 move agility\n>p1 move knockoff\n>p2 move psychic\n>p1 move beakblast\n>p2 move psychic\n>p1 switch 3\n>p1 move thunderbolt\n>p2 move heatwave\n>p2 switch 3\n>p1 move terablast\n>p2 move bugbuzz terastallize\n>p1 switch 5\n>chat \u2606adrianpal|Gg\n>p1 move outrage\n>p2 move hurricane", "uploadtime": 1731471345, "views": 47, "formatid": "gen9randombattle", "rating": 2202, "private": 0, "password": null}