{"id": "gen9randombattle-2259914386", "format": "[Gen 9] Random Battle", "players": ["Jesusjtirado", "Poscidion"], "log": "|j|\u2606Jesusjtirado\n|j|\u203dPoscidion\n|t:|1733779438\n|gametype|singles\n|player|p1|Jesusjtirado|2|1368\n|player|p2|Poscidion|169|1419\n|teamsize|p1|6\n|teamsize|p2|6\n|gen|9\n|tier|[Gen 9] Random Battle\n|rated|\n|rule|Species Clause: Limit one of each Pok\u00e9mon\n|rule|HP Percentage Mod: HP is shown in percentages\n|rule|Sleep Clause Mod: Limit one foe put to sleep\n|rule|Illusion Level Mod: Illusion disguises the Pok\u00e9mon's true level\n|\n|t:|1733779438\n|start\n|switch|p1a: Amoonguss|Amoonguss, L82, M|321/321\n|switch|p2a: Illumise|Illumise, L91, F|266/266\n|turn|1\n|inactive|Battle timer is ON: inactive players will automatically lose when time's up. (requested by Jesusjtirado)\n|\n|t:|1733779449\n|switch|p1a: Eelektross|Eelektross, L87, F|290/290\n|move|p2a: Illumise|Thunder Wave|p1a: Eelektross\n|-immune|p1a: Eelektross\n|\n|upkeep\n|turn|2\n|\n|t:|1733779471\n|switch|p2a: Diancie|Diancie, L82|216/216\n|move|p1a: Eelektross|Fire Punch|p2a: Diancie\n|-resisted|p2a: Diancie\n|-damage|p2a: Diancie|195/216\n|\n|-heal|p2a: Diancie|208/216|[from] item: Leftovers\n|upkeep\n|turn|3\n|\n|t:|1733779480\n|switch|p1a: Scream Tail|Scream Tail, L84|330/330\n|move|p2a: Diancie|Diamond Storm|p1a: Scream Tail|[miss]\n|-miss|p2a: Diancie|p1a: Scream Tail\n|\n|-heal|p2a: Diancie|216/216|[from] item: Leftovers\n|upkeep\n|turn|4\n|\n|t:|1733779486\n|switch|p2a: Electivire|Electivire, L84, M|263/263\n|move|p1a: Scream Tail|Protect||[still]\n|-fail|p1a: Scream Tail\n|\n|upkeep\n|turn|5\n|\n|t:|1733779493\n|-end|p1a: Scream Tail|Protosynthesis|[silent]\n|switch|p1a: Eelektross|Eelektross, L87, F|290/290\n|move|p2a: Electivire|Bulk Up|p2a: Electivire\n|-boost|p2a: Electivire|atk|1\n|-boost|p2a: Electivire|def|1\n|\n|upkeep\n|turn|6\n|\n|t:|1733779503\n|move|p2a: Electivire|Bulk Up|p2a: Electivire\n|-boost|p2a: Electivire|atk|1\n|-boost|p2a: Electivire|def|1\n|move|p1a: Eelektross|Coil|p1a: Eelektross\n|-boost|p1a: Eelektross|atk|1\n|-boost|p1a: Eelektross|def|1\n|-boost|p1a: Eelektross|accuracy|1\n|\n|upkeep\n|turn|7\n|\n|t:|1733779513\n|move|p2a: Electivire|Ice Punch|p1a: Eelektross\n|-damage|p1a: Eelektross|167/290\n|-damage|p2a: Electivire|237/263|[from] item: Life Orb\n|move|p1a: Eelektross|Drain Punch|p2a: Electivire\n|-damage|p2a: Electivire|174/263\n|-heal|p1a: Eelektross|199/290|[from] drain|[of] p2a: Electivire\n|\n|-heal|p1a: Eelektross|217/290|[from] item: Leftovers\n|upkeep\n|turn|8\n|\n|t:|1733779519\n|move|p2a: Electivire|Ice Punch|p1a: Eelektross\n|-damage|p1a: Eelektross|104/290\n|-damage|p2a: Electivire|148/263|[from] item: Life Orb\n|move|p1a: Eelektross|Drain Punch|p2a: Electivire\n|-damage|p2a: Electivire|93/263\n|-heal|p1a: Eelektross|132/290|[from] drain|[of] p2a: Electivire\n|\n|-heal|p1a: Eelektross|150/290|[from] item: Leftovers\n|upkeep\n|turn|9\n|\n|t:|1733779524\n|move|p2a: Electivire|Ice Punch|p1a: Eelektross\n|-damage|p1a: Eelektross|43/290\n|-damage|p2a: Electivire|67/263|[from] item: Life Orb\n|move|p1a: Eelektross|Drain Punch|p2a: Electivire\n|-damage|p2a: Electivire|9/263\n|-heal|p1a: Eelektross|72/290|[from] drain|[of] p2a: Electivire\n|\n|-heal|p1a: Eelektross|90/290|[from] item: Leftovers\n|upkeep\n|turn|10\n|\n|t:|1733779529\n|move|p2a: Electivire|Ice Punch|p1a: Eelektross\n|-damage|p1a: Eelektross|0 fnt\n|faint|p1a: Eelektross\n|-damage|p2a: Electivire|0 fnt|[from] item: Life Orb\n|faint|p2a: Electivire\n|\n|upkeep\n|\n|t:|1733779543\n|switch|p2a: Illumise|Illumise, L91, F|266/266\n|switch|p1a: Amoonguss|Amoonguss, L82, M|321/321\n|turn|11\n|\n|t:|1733779548\n|move|p2a: Illumise|Thunder Wave|p1a: Amoonguss\n|-status|p1a: Amoonguss|par\n|move|p1a: Amoonguss|Spore|p2a: Illumise\n|-status|p2a: Illumise|slp|[from] move: Spore\n|\n|upkeep\n|turn|12\n|\n|t:|1733779561\n|switch|p2a: Dudunsparce|Dudunsparce, L83, M|343/343\n|switch|p1a: Infernape|Infernape, L82, F|259/259\n|\n|upkeep\n|turn|13\n|\n|t:|1733779567\n|move|p1a: Infernape|Knock Off|p2a: Dudunsparce\n|-damage|p2a: Dudunsparce|239/343\n|-enditem|p2a: Dudunsparce|Leftovers|[from] move: Knock Off|[of] p1a: Infernape\n|-damage|p1a: Infernape|234/259|[from] item: Life Orb\n|move|p2a: Dudunsparce|Glare|p1a: Infernape\n|-status|p1a: Infernape|par\n|\n|upkeep\n|turn|14\n|\n|t:|1733779576\n|switch|p2a: Diancie|Diancie, L82|216/216\n|move|p1a: Infernape|Close Combat|p2a: Diancie\n|-damage|p2a: Diancie|98/216\n|-unboost|p1a: Infernape|def|1\n|-unboost|p1a: Infernape|spd|1\n|-damage|p1a: Infernape|209/259 par|[from] item: Life Orb\n|\n|-heal|p2a: Diancie|111/216|[from] item: Leftovers\n|upkeep\n|turn|15\n|\n|t:|1733779582\n|move|p2a: Diancie|Diamond Storm|p1a: Infernape\n|-damage|p1a: Infernape|37/259 par\n|move|p1a: Infernape|Knock Off|p2a: Diancie\n|-resisted|p2a: Diancie\n|-damage|p2a: Diancie|80/216\n|-enditem|p2a: Diancie|Leftovers|[from] move: Knock Off|[of] p1a: Infernape\n|-damage|p1a: Infernape|12/259 par|[from] item: Life Orb\n|\n|upkeep\n|turn|16\n|\n|t:|1733779588\n|switch|p1a: Amoonguss|Amoonguss, L82, M|321/321 par\n|move|p2a: Diancie|Draining Kiss|p1a: Amoonguss\n|-resisted|p1a: Amoonguss\n|-damage|p1a: Amoonguss|295/321 par\n|-heal|p2a: Diancie|100/216|[from] drain|[of] p1a: Amoonguss\n|-damage|p2a: Diancie|64/216|[from] item: Rocky Helmet|[of] p1a: Amoonguss\n|\n|upkeep\n|turn|17\n|\n|t:|1733779595\n|move|p2a: Diancie|Earth Power|p1a: Amoonguss\n|-damage|p1a: Amoonguss|228/321 par\n|move|p1a: Amoonguss|Giga Drain|p2a: Diancie\n|-supereffective|p2a: Diancie\n|-damage|p2a: Diancie|0 fnt\n|-heal|p1a: Amoonguss|260/321 par|[from] drain|[of] p2a: Diancie\n|faint|p2a: Diancie\n|\n|upkeep\n|\n|t:|1733779600\n|switch|p2a: Dudunsparce|Dudunsparce, L83, M|239/343\n|turn|18\n|\n|t:|1733779609\n|move|p2a: Dudunsparce|Headbutt|p1a: Amoonguss\n|-damage|p1a: Amoonguss|169/321 par\n|-damage|p2a: Dudunsparce|182/343|[from] item: Rocky Helmet|[of] p1a: Amoonguss\n|move|p1a: Amoonguss|Sludge Bomb|p2a: Dudunsparce\n|-damage|p2a: Dudunsparce|83/343\n|\n|upkeep\n|turn|19\n|\n|t:|1733779615\n|move|p2a: Dudunsparce|Roost|p2a: Dudunsparce\n|-heal|p2a: Dudunsparce|255/343\n|-singleturn|p2a: Dudunsparce|move: Roost\n|cant|p1a: Amoonguss|par\n|\n|upkeep\n|turn|20\n|\n|t:|1733779618\n|move|p2a: Dudunsparce|Headbutt|p1a: Amoonguss\n|-damage|p1a: Amoonguss|84/321 par\n|-damage|p2a: Dudunsparce|198/343|[from] item: Rocky Helmet|[of] p1a: Amoonguss\n|move|p1a: Amoonguss|Sludge Bomb|p2a: Dudunsparce\n|-damage|p2a: Dudunsparce|96/343\n|\n|upkeep\n|turn|21\n|\n|t:|1733779627\n|switch|p1a: Infernape|Infernape, L82, F|12/259 par\n|move|p2a: Dudunsparce|Roost|p2a: Dudunsparce\n|-heal|p2a: Dudunsparce|268/343\n|-singleturn|p2a: Dudunsparce|move: Roost\n|\n|upkeep\n|turn|22\n|\n|t:|1733779632\n|move|p1a: Infernape|Mach Punch|p2a: Dudunsparce\n|-supereffective|p2a: Dudunsparce\n|-damage|p2a: Dudunsparce|117/343\n|-damage|p1a: Infernape|0 fnt|[from] item: Life Orb\n|faint|p1a: Infernape\n|move|p2a: Dudunsparce|Earthquake|p1: Infernape|[notarget]\n|-fail|p2a: Dudunsparce\n|\n|upkeep\n|\n|t:|1733779635\n|switch|p1a: Amoonguss|Amoonguss, L82, M|191/321 par\n|turn|23\n|\n|t:|1733779639\n|move|p2a: Dudunsparce|Roost|p2a: Dudunsparce\n|-heal|p2a: Dudunsparce|289/343\n|-singleturn|p2a: Dudunsparce|move: Roost\n|move|p1a: Amoonguss|Sludge Bomb|p2a: Dudunsparce\n|-damage|p2a: Dudunsparce|195/343\n|-status|p2a: Dudunsparce|psn\n|\n|-damage|p2a: Dudunsparce|153/343 psn|[from] psn\n|upkeep\n|turn|24\n|\n|t:|1733779643\n|move|p2a: Dudunsparce|Earthquake|p1a: Amoonguss\n|-damage|p1a: Amoonguss|106/321 par\n|move|p1a: Amoonguss|Giga Drain|p2a: Dudunsparce\n|-damage|p2a: Dudunsparce|74/343 psn\n|-heal|p1a: Amoonguss|146/321 par|[from] drain|[of] p2a: Dudunsparce\n|\n|-damage|p2a: Dudunsparce|32/343 psn|[from] psn\n|upkeep\n|turn|25\n|\n|t:|1733779647\n|move|p2a: Dudunsparce|Roost|p2a: Dudunsparce\n|-heal|p2a: Dudunsparce|204/343 psn\n|-singleturn|p2a: Dudunsparce|move: Roost\n|move|p1a: Amoonguss|Giga Drain|p2a: Dudunsparce\n|-damage|p2a: Dudunsparce|122/343 psn\n|-heal|p1a: Amoonguss|187/321 par|[from] drain|[of] p2a: Dudunsparce\n|\n|-damage|p2a: Dudunsparce|80/343 psn|[from] psn\n|upkeep\n|turn|26\n|\n|t:|1733779651\n|move|p2a: Dudunsparce|Roost|p2a: Dudunsparce\n|-heal|p2a: Dudunsparce|252/343 psn\n|-singleturn|p2a: Dudunsparce|move: Roost\n|move|p1a: Amoonguss|Giga Drain|p2a: Dudunsparce\n|-damage|p2a: Dudunsparce|174/343 psn\n|-heal|p1a: Amoonguss|226/321 par|[from] drain|[of] p2a: Dudunsparce\n|\n|-damage|p2a: Dudunsparce|132/343 psn|[from] psn\n|upkeep\n|turn|27\n|\n|t:|1733779653\n|move|p2a: Dudunsparce|Headbutt|p1a: Amoonguss\n|-damage|p1a: Amoonguss|136/321 par\n|-damage|p2a: Dudunsparce|75/343 psn|[from] item: Rocky Helmet|[of] p1a: Amoonguss\n|cant|p1a: Amoonguss|flinch\n|\n|-damage|p2a: Dudunsparce|33/343 psn|[from] psn\n|upkeep\n|turn|28\n|\n|t:|1733779657\n|move|p2a: Dudunsparce|Headbutt|p1a: Amoonguss\n|-damage|p1a: Amoonguss|46/321 par\n|-damage|p2a: Dudunsparce|0 fnt|[from] item: Rocky Helmet|[of] p1a: Amoonguss\n|faint|p2a: Dudunsparce\n|cant|p1a: Amoonguss|flinch\n|\n|upkeep\n|\n|t:|1733779664\n|switch|p2a: Manaphy|Manaphy, L78|284/284\n|turn|29\n|\n|t:|1733779669\n|switch|p1a: Scream Tail|Scream Tail, L84|330/330\n|move|p2a: Manaphy|Ice Beam|p1a: Scream Tail\n|-damage|p1a: Scream Tail|287/330\n|\n|-heal|p1a: Scream Tail|307/330|[from] item: Leftovers\n|upkeep\n|turn|30\n|\n|t:|1733779674\n|switch|p2a: Illumise|Illumise, L91, F|266/266 slp\n|move|p1a: Scream Tail|Dazzling Gleam|p2a: Illumise\n|-damage|p2a: Illumise|208/266 slp\n|\n|-heal|p1a: Scream Tail|327/330|[from] item: Leftovers\n|upkeep\n|turn|31\n|\n|t:|1733779678\n|cant|p2a: Illumise|slp\n|move|p1a: Scream Tail|Dazzling Gleam|p2a: Illumise\n|-damage|p2a: Illumise|144/266 slp\n|\n|-heal|p1a: Scream Tail|330/330|[from] item: Leftovers\n|upkeep\n|turn|32\n|\n|t:|1733779682\n|-end|p1a: Scream Tail|Protosynthesis|[silent]\n|switch|p1a: Amoonguss|Amoonguss, L82, M|153/321 par\n|cant|p2a: Illumise|slp\n|\n|upkeep\n|turn|33\n|\n|t:|1733779686\n|cant|p2a: Illumise|slp\n|move|p1a: Amoonguss|Spore|p2a: Illumise\n|-fail|p2a: Illumise|slp\n|\n|upkeep\n|turn|34\n|\n|t:|1733779689\n|-curestatus|p2a: Illumise|slp|[msg]\n|move|p2a: Illumise|Bug Buzz|p1a: Amoonguss\n|-damage|p1a: Amoonguss|47/321 par\n|cant|p1a: Amoonguss|par\n|\n|upkeep\n|turn|35\n|\n|t:|1733779694\n|switch|p1a: Ditto|Ditto, L87|225/225\n|-transform|p1a: Ditto|p2a: Illumise|[from] ability: Imposter\n|move|p2a: Illumise|Bug Buzz|p1a: Ditto\n|-damage|p1a: Ditto|131/225\n|\n|upkeep\n|turn|36\n|\n|t:|1733779699\n|move|p1a: Ditto|Thunder Wave|p2a: Illumise|[miss]\n|-miss|p1a: Ditto|p2a: Illumise\n|move|p2a: Illumise|Thunder Wave|p1a: Ditto\n|-status|p1a: Ditto|par\n|\n|upkeep\n|turn|37\n|\n|t:|1733779713\n|move|p1a: Ditto|Thunder Wave|p2a: Illumise\n|-status|p2a: Illumise|par\n|move|p2a: Illumise|Bug Buzz|p1a: Ditto\n|-damage|p1a: Ditto|46/225 par\n|\n|upkeep\n|turn|38\n|\n|t:|1733779720\n|switch|p1a: Amoonguss|Amoonguss, L82, M|154/321 par\n|move|p2a: Illumise|Bug Buzz|p1a: Amoonguss\n|-damage|p1a: Amoonguss|54/321 par\n|\n|upkeep\n|turn|39\n|\n|t:|1733779725\n|switch|p1a: Ditto|Ditto, L87|46/225 par\n|-transform|p1a: Ditto|p2a: Illumise|[from] ability: Imposter\n|cant|p2a: Illumise|par\n|\n|upkeep\n|turn|40\n|\n|t:|1733779729\n|move|p1a: Ditto|Roost|p1a: Ditto\n|-heal|p1a: Ditto|159/225 par\n|-singleturn|p1a: Ditto|move: Roost\n|cant|p2a: Illumise|par\n|\n|upkeep\n|turn|41\n|\n|t:|1733779738\n|move|p1a: Ditto|Roost|p1a: Ditto\n|-heal|p1a: Ditto|225/225 par\n|-singleturn|p1a: Ditto|move: Roost\n|move|p2a: Illumise|Bug Buzz|p1a: Ditto\n|-damage|p1a: Ditto|141/225 par\n|\n|upkeep\n|turn|42\n|\n|t:|1733779743\n|switch|p1a: Amoonguss|Amoonguss, L82, M|161/321 par\n|move|p2a: Illumise|Roost|p2a: Illumise\n|-heal|p2a: Illumise|266/266 par\n|-singleturn|p2a: Illumise|move: Roost\n|\n|upkeep\n|turn|43\n|\n|t:|1733779753\n|switch|p1a: Scream Tail|Scream Tail, L84|330/330\n|move|p2a: Illumise|Bug Buzz|p1a: Scream Tail\n|-damage|p1a: Scream Tail|251/330\n|\n|-heal|p1a: Scream Tail|271/330|[from] item: Leftovers\n|upkeep\n|turn|44\n|\n|t:|1733779758\n|move|p2a: Illumise|Thunder Wave|p1a: Scream Tail\n|-status|p1a: Scream Tail|par\n|cant|p1a: Scream Tail|par\n|\n|-heal|p1a: Scream Tail|291/330 par|[from] item: Leftovers\n|upkeep\n|turn|45\n|\n|t:|1733779766\n|move|p1a: Scream Tail|Dazzling Gleam|p2a: Illumise\n|-damage|p2a: Illumise|208/266 par\n|cant|p2a: Illumise|par\n|\n|-heal|p1a: Scream Tail|311/330 par|[from] item: Leftovers\n|upkeep\n|turn|46\n|\n|t:|1733779771\n|cant|p1a: Scream Tail|par\n|move|p2a: Illumise|Bug Buzz|p1a: Scream Tail\n|-damage|p1a: Scream Tail|242/330 par\n|\n|-heal|p1a: Scream Tail|262/330 par|[from] item: Leftovers\n|upkeep\n|turn|47\n|\n|t:|1733779778\n|move|p1a: Scream Tail|Dazzling Gleam|p2a: Illumise\n|-damage|p2a: Illumise|147/266 par\n|move|p2a: Illumise|Bug Buzz|p1a: Scream Tail\n|-damage|p1a: Scream Tail|184/330 par\n|\n|-heal|p1a: Scream Tail|204/330 par|[from] item: Leftovers\n|upkeep\n|turn|48\n|\n|t:|1733779782\n|move|p2a: Illumise|Roost|p2a: Illumise\n|-heal|p2a: Illumise|266/266 par\n|-singleturn|p2a: Illumise|move: Roost\n|move|p1a: Scream Tail|Wish|p1a: Scream Tail\n|\n|-heal|p1a: Scream Tail|224/330 par|[from] item: Leftovers\n|upkeep\n|turn|49\n|\n|t:|1733779787\n|cant|p1a: Scream Tail|par\n|move|p2a: Illumise|Bug Buzz|p1a: Scream Tail\n|-damage|p1a: Scream Tail|146/330 par\n|-unboost|p1a: Scream Tail|spd|1\n|\n|-heal|p1a: Scream Tail|311/330 par|[from] move: Wish|[wisher] Scream Tail\n|-heal|p1a: Scream Tail|330/330 par|[from] item: Leftovers\n|upkeep\n|turn|50\n|\n|t:|1733779795\n|-end|p1a: Scream Tail|Protosynthesis|[silent]\n|switch|p1a: Ditto|Ditto, L87|141/225 par\n|-transform|p1a: Ditto|p2a: Illumise|[from] ability: Imposter\n|cant|p2a: Illumise|par\n|\n|upkeep\n|turn|51\n|\n|t:|1733779801\n|cant|p1a: Ditto|par\n|cant|p2a: Illumise|par\n|\n|upkeep\n|turn|52\n|\n|t:|1733779814\n|move|p1a: Ditto|Roost|p1a: Ditto\n|-heal|p1a: Ditto|225/225 par\n|-singleturn|p1a: Ditto|move: Roost\n|move|p2a: Illumise|Encore|p1a: Ditto\n|-start|p1a: Ditto|Encore\n|\n|upkeep\n|turn|53\n|\n|t:|1733779822\n|switch|p1a: Amoonguss|Amoonguss, L82, M|268/321 par\n|switch|p2a: Manaphy|Manaphy, L78|284/284\n|\n|upkeep\n|turn|54\n|\n|t:|1733779826\n|switch|p2a: Illumise|Illumise, L91, F|266/266 par\n|move|p1a: Amoonguss|Sludge Bomb|p2a: Illumise\n|-damage|p2a: Illumise|188/266 par\n|\n|upkeep\n|turn|55\n|\n|t:|1733779831\n|move|p2a: Illumise|Bug Buzz|p1a: Amoonguss\n|-damage|p1a: Amoonguss|166/321 par\n|move|p1a: Amoonguss|Sludge Bomb|p2a: Illumise\n|-damage|p2a: Illumise|109/266 par\n|\n|upkeep\n|turn|56\n|\n|t:|1733779842\n|move|p2a: Illumise|Roost|p2a: Illumise\n|-heal|p2a: Illumise|242/266 par\n|-singleturn|p2a: Illumise|move: Roost\n|move|p1a: Amoonguss|Sludge Bomb|p2a: Illumise\n|-damage|p2a: Illumise|163/266 par\n|\n|upkeep\n|turn|57\n|\n|t:|1733779845\n|move|p2a: Illumise|Bug Buzz|p1a: Amoonguss\n|-damage|p1a: Amoonguss|64/321 par\n|move|p1a: Amoonguss|Sludge Bomb|p2a: Illumise\n|-damage|p2a: Illumise|87/266 par\n|\n|upkeep\n|turn|58\n|\n|t:|1733779856\n|switch|p1a: Ditto|Ditto, L87|225/225 par\n|-transform|p1a: Ditto|p2a: Illumise|[from] ability: Imposter\n|cant|p2a: Illumise|par\n|\n|upkeep\n|turn|59\n|\n|t:|1733779865\n|cant|p2a: Illumise|par\n|move|p1a: Ditto|Bug Buzz|p2a: Illumise\n|-damage|p2a: Illumise|2/266 par\n|\n|upkeep\n|turn|60\n|\n|t:|1733779867\n|move|p2a: Illumise|Roost|p2a: Illumise\n|-heal|p2a: Illumise|135/266 par\n|-singleturn|p2a: Illumise|move: Roost\n|cant|p1a: Ditto|par\n|\n|upkeep\n|turn|61\n|\n|t:|1733779872\n|move|p2a: Illumise|Roost|p2a: Illumise\n|-heal|p2a: Illumise|266/266 par\n|-singleturn|p2a: Illumise|move: Roost\n|move|p1a: Ditto|Bug Buzz|p2a: Illumise\n|-damage|p2a: Illumise|178/266 par\n|\n|upkeep\n|turn|62\n|\n|t:|1733779878\n|move|p2a: Illumise|Encore|p1a: Ditto\n|-start|p1a: Ditto|Encore\n|move|p1a: Ditto|Bug Buzz|p2a: Illumise\n|-damage|p2a: Illumise|93/266 par\n|\n|upkeep\n|turn|63\n|\n|t:|1733779884\n|cant|p2a: Illumise|par\n|move|p1a: Ditto|Bug Buzz|p2a: Illumise\n|-damage|p2a: Illumise|6/266 par\n|\n|upkeep\n|turn|64\n|\n|t:|1733779888\n|move|p2a: Illumise|Roost|p2a: Illumise\n|-heal|p2a: Illumise|139/266 par\n|-singleturn|p2a: Illumise|move: Roost\n|move|p1a: Ditto|Bug Buzz|p2a: Illumise\n|-damage|p2a: Illumise|63/266 par\n|\n|-end|p1a: Ditto|Encore\n|upkeep\n|turn|65\n|\n|t:|1733779901\n|move|p2a: Illumise|Roost|p2a: Illumise\n|-heal|p2a: Illumise|196/266 par\n|-singleturn|p2a: Illumise|move: Roost\n|-activate|p1a: Ditto|move: Struggle\n|move|p1a: Ditto|Struggle|p2a: Illumise\n|-damage|p2a: Illumise|180/266 par\n|-damage|p1a: Ditto|169/225 par|[from] recoil\n|\n|upkeep\n|turn|66\n|l|\u2606Jesusjtirado\n|inactive|Jesusjtirado disconnected and has a minute to reconnect!\n|player|p1|\n|j|\u2606Jesusjtirado\n|inactive|Jesusjtirado reconnected and has 140 seconds left.\n|player|p1|Jesusjtirado|2|\n|\n|t:|1733779917\n|-activate|p1a: Ditto|move: Struggle\n|move|p1a: Ditto|Struggle|p2a: Illumise\n|-damage|p2a: Illumise|164/266 par\n|-damage|p1a: Ditto|113/225 par|[from] recoil\n|cant|p2a: Illumise|par\n|\n|upkeep\n|turn|67\n|\n|t:|1733779925\n|switch|p1a: Amoonguss|Amoonguss, L82, M|171/321 par\n|switch|p2a: Decidueye|Decidueye-Hisui, L87, M|295/295\n|\n|upkeep\n|turn|68\n|\n|t:|1733779938\n|switch|p2a: Illumise|Illumise, L91, F|164/266 par\n|move|p1a: Amoonguss|Sludge Bomb|p2a: Illumise\n|-damage|p2a: Illumise|88/266 par\n|\n|upkeep\n|turn|69\n|\n|t:|1733779942\n|cant|p2a: Illumise|par\n|cant|p1a: Amoonguss|par\n|\n|upkeep\n|turn|70\n|\n|t:|1733779947\n|move|p2a: Illumise|Bug Buzz|p1a: Amoonguss\n|-damage|p1a: Amoonguss|68/321 par\n|move|p1a: Amoonguss|Sludge Bomb|p2a: Illumise\n|-damage|p2a: Illumise|15/266 par\n|\n|upkeep\n|turn|71\n|\n|t:|1733779952\n|move|p2a: Illumise|Bug Buzz|p1a: Amoonguss\n|-damage|p1a: Amoonguss|0 fnt\n|faint|p1a: Amoonguss\n|\n|upkeep\n|\n|t:|1733779962\n|switch|p1a: Scream Tail|Scream Tail, L84|330/330 par\n|turn|72\n|\n|t:|1733779967\n|move|p2a: Illumise|Roost|p2a: Illumise\n|-heal|p2a: Illumise|148/266 par\n|-singleturn|p2a: Illumise|move: Roost\n|cant|p1a: Scream Tail|par\n|\n|upkeep\n|turn|73\n|\n|t:|1733779970\n|move|p1a: Scream Tail|Encore||[still]\n|-fail|p1a: Scream Tail\n|cant|p2a: Illumise|par\n|\n|upkeep\n|turn|74\n|\n|t:|1733779983\n|cant|p2a: Illumise|par\n|cant|p1a: Scream Tail|par\n|\n|upkeep\n|turn|75\n|\n|t:|1733779993\n|move|p2a: Illumise|Encore||[still]\n|-fail|p2a: Illumise\n|move|p1a: Scream Tail|Dazzling Gleam|p2a: Illumise\n|-damage|p2a: Illumise|88/266 par\n|\n|upkeep\n|turn|76\n|\n|t:|1733779999\n|move|p1a: Scream Tail|Dazzling Gleam|p2a: Illumise\n|-damage|p2a: Illumise|24/266 par\n|move|p2a: Illumise|Bug Buzz|p1a: Scream Tail\n|-damage|p1a: Scream Tail|261/330 par\n|\n|-heal|p1a: Scream Tail|281/330 par|[from] item: Leftovers\n|upkeep\n|turn|77\n|\n|t:|1733780003\n|cant|p1a: Scream Tail|par\n|move|p2a: Illumise|Bug Buzz|p1a: Scream Tail\n|-damage|p1a: Scream Tail|208/330 par\n|\n|-heal|p1a: Scream Tail|228/330 par|[from] item: Leftovers\n|upkeep\n|turn|78\n|\n|t:|1733780006\n|move|p1a: Scream Tail|Dazzling Gleam|p2a: Illumise\n|-damage|p2a: Illumise|0 fnt\n|faint|p2a: Illumise\n|\n|-heal|p1a: Scream Tail|248/330 par|[from] item: Leftovers\n|upkeep\n|\n|t:|1733780012\n|switch|p2a: Manaphy|Manaphy, L78|284/284\n|turn|79\n|\n|t:|1733780019\n|move|p2a: Manaphy|Tail Glow|p2a: Manaphy\n|-boost|p2a: Manaphy|spa|3\n|cant|p1a: Scream Tail|par\n|\n|-heal|p1a: Scream Tail|268/330 par|[from] item: Leftovers\n|upkeep\n|turn|80\n|\n|t:|1733780029\n|move|p2a: Manaphy|Surf|p1a: Scream Tail\n|-damage|p1a: Scream Tail|108/330 par\n|move|p1a: Scream Tail|Wish|p1a: Scream Tail\n|\n|-heal|p1a: Scream Tail|128/330 par|[from] item: Leftovers\n|upkeep\n|turn|81\n|\n|t:|1733780038\n|move|p1a: Scream Tail|Protect|p1a: Scream Tail\n|-singleturn|p1a: Scream Tail|Protect\n|move|p2a: Manaphy|Energy Ball|p1a: Scream Tail\n|-activate|p1a: Scream Tail|move: Protect\n|\n|-heal|p1a: Scream Tail|293/330 par|[from] move: Wish|[wisher] Scream Tail\n|-heal|p1a: Scream Tail|313/330 par|[from] item: Leftovers\n|upkeep\n|turn|82\n|\n|t:|1733780046\n|move|p2a: Manaphy|Tail Glow|p2a: Manaphy\n|-boost|p2a: Manaphy|spa|3\n|move|p1a: Scream Tail|Encore|p2a: Manaphy\n|-start|p2a: Manaphy|Encore\n|\n|-heal|p1a: Scream Tail|330/330 par|[from] item: Leftovers\n|upkeep\n|turn|83\n|\n|t:|1733780051\n|-end|p1a: Scream Tail|Protosynthesis|[silent]\n|switch|p1a: Sinistcha|Sinistcha-Masterpiece, L83|254/254\n|move|p2a: Manaphy|Tail Glow|p2a: Manaphy\n|-boost|p2a: Manaphy|spa|0\n|\n|upkeep\n|turn|84\n|\n|t:|1733780056\n|switch|p2a: Decidueye|Decidueye-Hisui, L87, M|295/295\n|move|p1a: Sinistcha|Matcha Gotcha|p2a: Decidueye\n|-resisted|p2a: Decidueye\n|-damage|p2a: Decidueye|247/295\n|\n|-heal|p2a: Decidueye|265/295|[from] item: Leftovers\n|upkeep\n|turn|85\n|\n|t:|1733780064\n|switch|p1a: Scream Tail|Scream Tail, L84|330/330 par\n|move|p2a: Decidueye|Swords Dance|p2a: Decidueye\n|-boost|p2a: Decidueye|atk|2\n|\n|-heal|p2a: Decidueye|283/295|[from] item: Leftovers\n|upkeep\n|turn|86\n|\n|t:|1733780076\n|move|p2a: Decidueye|Leaf Blade|p1a: Scream Tail\n|-damage|p1a: Scream Tail|111/330 par\n|cant|p1a: Scream Tail|par\n|\n|-heal|p2a: Decidueye|295/295|[from] item: Leftovers\n|-heal|p1a: Scream Tail|131/330 par|[from] item: Leftovers\n|upkeep\n|turn|87\n|\n|t:|1733780080\n|move|p2a: Decidueye|Leaf Blade|p1a: Scream Tail\n|-damage|p1a: Scream Tail|0 fnt\n|faint|p1a: Scream Tail\n|-end|p1a: Scream Tail|Protosynthesis|[silent]\n|\n|upkeep\n|\n|t:|1733780086\n|switch|p1a: Ditto|Ditto, L87|113/225 par\n|-transform|p1a: Ditto|p2a: Decidueye|[from] ability: Imposter\n|turn|88\n|\n|t:|1733780091\n|move|p2a: Decidueye|Triple Arrows|p1a: Ditto\n|-damage|p1a: Ditto|0 fnt\n|faint|p1a: Ditto\n|\n|upkeep\n|\n|t:|1733780094\n|switch|p1a: Sinistcha|Sinistcha-Masterpiece, L83|254/254\n|turn|89\n|\n|t:|1733780101\n|move|p1a: Sinistcha|Calm Mind|p1a: Sinistcha\n|-boost|p1a: Sinistcha|spa|1\n|-boost|p1a: Sinistcha|spd|1\n|move|p2a: Decidueye|Triple Arrows|p1a: Sinistcha\n|-damage|p1a: Sinistcha|58/254\n|-unboost|p1a: Sinistcha|def|1\n|\n|-heal|p1a: Sinistcha|73/254|[from] item: Leftovers\n|upkeep\n|turn|90\n|\n|t:|1733780104\n|move|p1a: Sinistcha|Strength Sap|p2a: Decidueye\n|-unboost|p2a: Decidueye|atk|1\n|-heal|p1a: Sinistcha|254/254\n|move|p2a: Decidueye|Triple Arrows|p1a: Sinistcha\n|-damage|p1a: Sinistcha|35/254\n|-unboost|p1a: Sinistcha|def|1\n|\n|-heal|p1a: Sinistcha|50/254|[from] item: Leftovers\n|upkeep\n|turn|91\n|\n|t:|1733780108\n|move|p1a: Sinistcha|Strength Sap|p2a: Decidueye\n|-unboost|p2a: Decidueye|atk|1\n|-heal|p1a: Sinistcha|254/254\n|move|p2a: Decidueye|Swords Dance|p2a: Decidueye\n|-boost|p2a: Decidueye|atk|2\n|\n|upkeep\n|turn|92\n|\n|t:|1733780116\n|move|p1a: Sinistcha|Shadow Ball|p2a: Decidueye\n|-damage|p2a: Decidueye|147/295\n|move|p2a: Decidueye|Triple Arrows|p1a: Sinistcha\n|-damage|p1a: Sinistcha|0 fnt\n|faint|p1a: Sinistcha\n|\n|win|Poscidion\n|raw|Jesusjtirado's rating: 1368 &rarr; <strong>1351</strong><br />(-17 for losing)\n|raw|Poscidion's rating: 1419 &rarr; <strong>1436</strong><br />(+17 for winning)\n|l|\u2606Jesusjtirado\n|player|p1|\n", "inputlog": ">version bfd83cad13791eb5a5a409923076391caf6fb4d4\n>start {\"formatid\":\"gen9randombattle\",\"seed\":[18611,14939,64224,47534],\"rated\":\"Rated battle\"}\n>player p1 {\"name\":\"Jesusjtirado\",\"avatar\":\"2\",\"rating\":1368,\"seed\":[28994,50135,17837,61829]}\n>player p2 {\"name\":\"Poscidion\",\"avatar\":\"169\",\"rating\":1419,\"seed\":[29970,32832,44570,33439]}\n>p1 switch 2\n>p2 move thunderwave\n>p1 move firepunch\n>p2 switch 4\n>p1 switch 6\n>p2 move diamondstorm\n>p1 move protect\n>p2 switch 3\n>p1 switch 6\n>p2 move bulkup\n>p1 move coil\n>p2 move bulkup\n>p1 move drainpunch\n>p2 move icepunch\n>p1 move drainpunch\n>p2 move icepunch\n>p1 move drainpunch\n>p2 move icepunch\n>p1 move coil\n>p2 move icepunch\n>p1 switch 2\n>p2 switch 4\n>p1 move spore\n>p2 move thunderwave\n>p1 switch 5\n>p2 switch 2\n>p1 move knockoff\n>p2 move glare\n>p1 move closecombat\n>p2 switch 3\n>p1 move knockoff\n>p2 move diamondstorm\n>p1 switch 5\n>p2 move drainingkiss\n>p1 move gigadrain\n>p2 move earthpower\n>p2 switch 3\n>p1 move sludgebomb\n>p2 move headbutt\n>p1 move gigadrain\n>p2 move roost\n>p1 move sludgebomb\n>p2 move headbutt\n>p1 switch 5\n>p2 move roost\n>p1 move machpunch\n>p2 move earthquake\n>p1 switch 5\n>p1 move sludgebomb\n>p2 move roost\n>p1 move gigadrain\n>p2 move earthquake\n>p1 move gigadrain\n>p2 move roost\n>p1 move gigadrain\n>p2 move roost\n>p1 move gigadrain\n>p2 move headbutt\n>p1 move gigadrain\n>p2 move headbutt\n>p2 switch 5\n>p1 switch 6\n>p2 move icebeam\n>p1 move dazzlinggleam\n>p2 switch 2\n>p1 move dazzlinggleam\n>p2 move thunderwave\n>p1 switch 6\n>p2 move thunderwave\n>p1 move spore\n>p2 move bugbuzz\n>p1 move spore\n>p2 move bugbuzz\n>p1 switch 3\n>p2 move bugbuzz\n>p1 move thunderwave\n>p2 move thunderwave\n>p1 move thunderwave\n>p2 move bugbuzz\n>p1 switch 3\n>p2 move bugbuzz\n>p1 switch 3\n>p2 move bugbuzz\n>p1 move roost\n>p2 move bugbuzz\n>p1 move roost\n>p2 move bugbuzz\n>p1 switch 3\n>p2 move roost\n>p1 switch 6\n>p2 move bugbuzz\n>p1 move dazzlinggleam\n>p2 move thunderwave\n>p1 move dazzlinggleam\n>p2 move bugbuzz\n>p1 move dazzlinggleam\n>p2 move bugbuzz\n>p1 move dazzlinggleam\n>p2 move bugbuzz\n>p1 move wish\n>p2 move roost\n>p1 move dazzlinggleam\n>p2 move bugbuzz\n>p1 switch 3\n>p2 move bugbuzz\n>p1 move bugbuzz\n>p2 move bugbuzz\n>p1 move roost\n>p2 move encore\n>p1 switch 6\n>p2 switch 2\n>p1 move sludgebomb\n>p2 switch 2\n>p1 move sludgebomb\n>p2 move bugbuzz\n>p1 move sludgebomb\n>p2 move roost\n>p1 move sludgebomb\n>p2 move bugbuzz\n>p1 switch 6\n>p2 move roost\n>p1 move bugbuzz\n>p2 move roost\n>p1 move bugbuzz\n>p2 move roost\n>p1 move bugbuzz\n>p2 move roost\n>p1 move bugbuzz\n>p2 move encore\n>p1 move bugbuzz\n>p2 move roost\n>p1 move bugbuzz\n>p2 move roost\n>p1 move struggle\n>p2 move roost\n>p1 move struggle\n>p2 move bugbuzz\n>p1 switch 6\n>p2 switch 6\n>p1 move sludgebomb\n>p2 switch 6\n>p1 move sludgebomb\n>p2 move bugbuzz\n>p1 move sludgebomb\n>p2 move bugbuzz\n>p1 move sludgebomb\n>p2 move bugbuzz\n>p1 switch 3\n>p1 move dazzlinggleam\n>p2 move roost\n>p1 move encore\n>p2 move bugbuzz\n>p1 move dazzlinggleam\n>p2 move encore\n>p1 move dazzlinggleam\n>p2 move encore\n>p1 move dazzlinggleam\n>p2 move bugbuzz\n>p1 move dazzlinggleam\n>p2 move bugbuzz\n>p1 move dazzlinggleam\n>p2 move bugbuzz\n>p2 switch 2\n>p1 move encore\n>p2 move tailglow\n>p1 move wish\n>p2 move surf\n>p1 move protect\n>p2 move energyball\n>p1 move encore\n>p2 move tailglow\n>p1 switch 4\n>p2 move tailglow\n>p1 move matchagotcha\n>p2 switch 6\n>p1 switch 4\n>p2 move swordsdance\n>p1 move dazzlinggleam\n>p2 move leafblade\n>p1 move dazzlinggleam\n>p2 move leafblade\n>p1 switch 6\n>p1 move triplearrows\n>p2 move triplearrows\n>p1 switch 4\n>p1 move calmmind\n>p2 move triplearrows\n>p1 move strengthsap\n>p2 move triplearrows\n>p1 move strengthsap\n>p2 move swordsdance\n>p1 move shadowball\n>p2 move triplearrows", "uploadtime": 1733780129, "views": 2, "formatid": "gen9randombattle", "rating": 1351, "private": 0, "password": null}