{"id": "gen9randombattle-2260520059", "format": "[Gen 9] Random Battle", "players": ["jdoskxjyy", "Makeitmelttt"], "log": "|j|\u2606jdoskxjyy\n|j|\u2606Makeitmelttt\n|t:|1733859551\n|gametype|singles\n|player|p1|jdoskxjyy|169|1063\n|player|p2|Makeitmelttt|2|1070\n|teamsize|p1|6\n|teamsize|p2|6\n|gen|9\n|tier|[Gen 9] Random Battle\n|rated|\n|rule|Species Clause: Limit one of each Pok\u00e9mon\n|rule|HP Percentage Mod: HP is shown in percentages\n|rule|Sleep Clause Mod: Limit one foe put to sleep\n|rule|Illusion Level Mod: Illusion disguises the Pok\u00e9mon's true level\n|\n|t:|1733859551\n|start\n|switch|p1a: Skuntank|Skuntank, L84, F|310/310\n|switch|p2a: Floatzel|Floatzel, L85, M|283/283\n|turn|1\n|\n|t:|1733859567\n|move|p2a: Floatzel|Bulk Up|p2a: Floatzel\n|-boost|p2a: Floatzel|atk|1\n|-boost|p2a: Floatzel|def|1\n|move|p1a: Skuntank|Toxic Spikes|p2a: Floatzel\n|-sidestart|p2: Makeitmelttt|move: Toxic Spikes\n|\n|upkeep\n|turn|2\n|\n|t:|1733859575\n|move|p2a: Floatzel|Wave Crash|p1a: Skuntank\n|-damage|p1a: Skuntank|73/310\n|-damage|p2a: Floatzel|205/283|[from] Recoil\n|move|p1a: Skuntank|Toxic Spikes|p2a: Floatzel\n|-sidestart|p2: Makeitmelttt|move: Toxic Spikes\n|\n|-heal|p2a: Floatzel|222/283|[from] item: Leftovers\n|upkeep\n|turn|3\n|\n|t:|1733859587\n|move|p2a: Floatzel|Ice Spinner|p1a: Skuntank\n|-damage|p1a: Skuntank|0 fnt\n|-damage|p2a: Floatzel|152/283|[from] ability: Aftermath|[of] p1a: Skuntank\n|faint|p1a: Skuntank\n|\n|-heal|p2a: Floatzel|169/283|[from] item: Leftovers\n|upkeep\n|\n|t:|1733859589\n|switch|p1a: Farigiraf|Farigiraf, L91, F|366/366\n|turn|4\n|\n|t:|1733859600\n|move|p2a: Floatzel|Ice Spinner|p1a: Farigiraf\n|-damage|p1a: Farigiraf|269/366\n|move|p1a: Farigiraf|Future Sight|p2a: Floatzel\n|-start|p1a: Farigiraf|move: Future Sight\n|\n|-heal|p2a: Floatzel|186/283|[from] item: Leftovers\n|-heal|p1a: Farigiraf|291/366|[from] item: Leftovers\n|upkeep\n|turn|5\n|\n|t:|1733859615\n|move|p2a: Floatzel|Taunt|p1a: Farigiraf\n|-start|p1a: Farigiraf|move: Taunt\n|cant|p1a: Farigiraf|move: Taunt|Wish\n|\n|-heal|p2a: Floatzel|203/283|[from] item: Leftovers\n|-heal|p1a: Farigiraf|313/366|[from] item: Leftovers\n|upkeep\n|turn|6\n|\n|t:|1733859622\n|move|p2a: Floatzel|Wave Crash|p1a: Farigiraf\n|-damage|p1a: Farigiraf|64/366\n|-damage|p2a: Floatzel|121/283|[from] Recoil\n|move|p1a: Farigiraf|Hyper Voice|p2a: Floatzel\n|-damage|p2a: Floatzel|0 fnt\n|faint|p2a: Floatzel\n|\n|-hint|Future Sight did not hit because the target is fainted.\n|-heal|p1a: Farigiraf|86/366|[from] item: Leftovers\n|upkeep\n|\n|t:|1733859645\n|switch|p2a: Blissey|Blissey, L84, F|566/566\n|-status|p2a: Blissey|tox\n|turn|7\n|\n|t:|1733859654\n|switch|p1a: Muk|Muk-Alola, L82, F|306/306\n|move|p2a: Blissey|Seismic Toss|p1a: Muk\n|-damage|p1a: Muk|222/306\n|\n|-damage|p2a: Blissey|531/566 tox|[from] psn\n|upkeep\n|turn|8\n|\n|t:|1733859663\n|move|p2a: Blissey|Seismic Toss|p1a: Muk\n|-damage|p1a: Muk|138/306\n|move|p1a: Muk|Knock Off|p2a: Blissey\n|-damage|p2a: Blissey|230/566 tox\n|-enditem|p2a: Blissey|Leftovers|[from] move: Knock Off|[of] p1a: Muk\n|\n|-damage|p2a: Blissey|160/566 tox|[from] psn\n|upkeep\n|turn|9\n|\n|t:|1733859678\n|move|p2a: Blissey|Soft-Boiled|p2a: Blissey\n|-heal|p2a: Blissey|443/566 tox\n|move|p1a: Muk|Drain Punch|p2a: Blissey\n|-supereffective|p2a: Blissey\n|-damage|p2a: Blissey|101/566 tox\n|-heal|p1a: Muk|306/306|[from] drain|[of] p2a: Blissey\n|\n|-damage|p2a: Blissey|0 fnt|[from] psn\n|faint|p2a: Blissey\n|upkeep\n|\n|t:|1733859693\n|switch|p2a: Polteageist|Polteageist-Antique, L79|224/224\n|-status|p2a: Polteageist|tox\n|turn|10\n|\n|t:|1733859706\n|move|p2a: Polteageist|Shell Smash|p2a: Polteageist\n|-unboost|p2a: Polteageist|def|1\n|-unboost|p2a: Polteageist|spd|1\n|-boost|p2a: Polteageist|atk|2\n|-boost|p2a: Polteageist|spa|2\n|-boost|p2a: Polteageist|spe|2\n|-enditem|p2a: Polteageist|White Herb\n|-clearnegativeboost|p2a: Polteageist|[silent]\n|move|p1a: Muk|Knock Off|p2a: Polteageist\n|-supereffective|p2a: Polteageist\n|-damage|p2a: Polteageist|50/224 tox\n|-start|p1a: Muk|Disable|Knock Off|[from] ability: Cursed Body|[of] p2a: Polteageist\n|\n|-damage|p2a: Polteageist|36/224 tox|[from] psn\n|upkeep\n|turn|11\n|\n|t:|1733859719\n|move|p2a: Polteageist|Shadow Ball|p1a: Muk\n|-resisted|p1a: Muk\n|-damage|p1a: Muk|242/306\n|move|p1a: Muk|Ice Punch|p2a: Polteageist\n|-damage|p2a: Polteageist|0 fnt\n|faint|p2a: Polteageist\n|\n|upkeep\n|\n|t:|1733859732\n|switch|p2a: Registeel|Registeel, L81|262/262\n|turn|12\n|\n|t:|1733859739\n|move|p1a: Muk|Drain Punch|p2a: Registeel\n|-supereffective|p2a: Registeel\n|-damage|p2a: Registeel|182/262\n|-heal|p1a: Muk|282/306|[from] drain|[of] p2a: Registeel\n|move|p2a: Registeel|Thunder Wave|p1a: Muk\n|-status|p1a: Muk|par\n|\n|-heal|p2a: Registeel|198/262|[from] item: Leftovers\n|upkeep\n|turn|13\n|\n|t:|1733859753\n|move|p2a: Registeel|Body Press|p1a: Muk\n|-damage|p1a: Muk|199/306 par\n|cant|p1a: Muk|par\n|\n|-heal|p2a: Registeel|214/262|[from] item: Leftovers\n|-end|p1a: Muk|Disable\n|upkeep\n|turn|14\n|\n|t:|1733859762\n|move|p2a: Registeel|Body Press|p1a: Muk\n|-damage|p1a: Muk|117/306 par\n|move|p1a: Muk|Knock Off|p2a: Registeel\n|-damage|p2a: Registeel|145/262\n|-enditem|p2a: Registeel|Leftovers|[from] move: Knock Off|[of] p1a: Muk\n|\n|upkeep\n|turn|15\n|\n|t:|1733859771\n|move|p2a: Registeel|Body Press|p1a: Muk\n|-damage|p1a: Muk|27/306 par\n|move|p1a: Muk|Drain Punch|p2a: Registeel\n|-supereffective|p2a: Registeel\n|-damage|p2a: Registeel|73/262\n|-heal|p1a: Muk|63/306 par|[from] drain|[of] p2a: Registeel\n|\n|upkeep\n|turn|16\n|\n|t:|1733859780\n|move|p2a: Registeel|Body Press|p1a: Muk\n|-damage|p1a: Muk|0 fnt\n|faint|p1a: Muk\n|\n|upkeep\n|\n|t:|1733859786\n|switch|p1a: Typhlosion|Typhlosion-Hisui, L83, F|257/257\n|turn|17\n|\n|t:|1733859797\n|move|p1a: Typhlosion|Fire Blast|p2a: Registeel\n|-supereffective|p2a: Registeel\n|-damage|p2a: Registeel|0 fnt\n|faint|p2a: Registeel\n|\n|upkeep\n|\n|t:|1733859806\n|switch|p2a: Gothitelle|Gothitelle, L90, F|272/272\n|-status|p2a: Gothitelle|tox\n|turn|18\n|\n|t:|1733859814\n|move|p1a: Typhlosion|Shadow Ball|p2a: Gothitelle\n|-supereffective|p2a: Gothitelle\n|-damage|p2a: Gothitelle|126/272 tox\n|move|p2a: Gothitelle|Dark Pulse|p1a: Typhlosion\n|-supereffective|p1a: Typhlosion\n|-damage|p1a: Typhlosion|115/257\n|\n|-heal|p2a: Gothitelle|143/272 tox|[from] item: Leftovers\n|-damage|p2a: Gothitelle|126/272 tox|[from] psn\n|upkeep\n|turn|19\n|\n|t:|1733859824\n|move|p1a: Typhlosion|Shadow Ball|p2a: Gothitelle\n|-supereffective|p2a: Gothitelle\n|-damage|p2a: Gothitelle|0 fnt\n|faint|p2a: Gothitelle\n|\n|upkeep\n|\n|t:|1733859830\n|switch|p2a: Shaymin|Shaymin, L82|298/298\n|-status|p2a: Shaymin|tox\n|turn|20\n|\n|t:|1733859835\n|move|p2a: Shaymin|Air Slash|p1a: Typhlosion\n|-damage|p1a: Typhlosion|66/257\n|cant|p1a: Typhlosion|flinch\n|\n|-damage|p2a: Shaymin|280/298 tox|[from] psn\n|upkeep\n|turn|21\n|l|\u2606Makeitmelttt\n|player|p2|\n|inactive|Battle timer is ON: inactive players will automatically lose when time's up. (requested by jdoskxjyy)\n|inactive|Makeitmelttt has 30 seconds to reconnect!\n|inactive|Makeitmelttt has 20 seconds to reconnect!\n|inactive|Makeitmelttt has 15 seconds to reconnect!\n|inactive|Makeitmelttt has 10 seconds to reconnect!\n|inactive|Makeitmelttt has 5 seconds to reconnect!\n|-message|Makeitmelttt lost due to inactivity.\n|\n|win|jdoskxjyy\n|raw|jdoskxjyy's rating: 1093 &rarr; <strong>1117</strong><br />(+24 for winning)\n|raw|Makeitmelttt's rating: 1070 &rarr; <strong>1051</strong><br />(-19 for losing)\n", "inputlog": ">version bfd83cad13791eb5a5a409923076391caf6fb4d4\n>start {\"formatid\":\"gen9randombattle\",\"seed\":[62781,53157,11535,61702],\"rated\":\"Rated battle\"}\n>player p1 {\"name\":\"jdoskxjyy\",\"avatar\":\"169\",\"rating\":1063,\"seed\":[4470,23741,27559,36526]}\n>player p2 {\"name\":\"Makeitmelttt\",\"avatar\":\"2\",\"rating\":1070,\"seed\":[61359,59632,46840,12338]}\n>p1 move toxicspikes\n>p2 move bulkup\n>p1 move toxicspikes\n>p2 move wavecrash\n>p1 move gunkshot\n>p2 move icespinner\n>p1 switch 3\n>p1 move futuresight\n>p2 move icespinner\n>p1 move wish\n>p2 move taunt\n>p1 move hypervoice\n>p2 move wavecrash\n>p2 switch 6\n>p1 switch 4\n>p2 move seismictoss\n>p1 move knockoff\n>p2 move seismictoss\n>p1 move drainpunch\n>p2 move softboiled\n>p2 switch 2\n>p1 move knockoff\n>p2 move shellsmash\n>p1 move icepunch\n>p2 move shadowball\n>p2 switch 5\n>p1 move drainpunch\n>p2 move thunderwave\n>p1 move drainpunch\n>p2 move bodypress\n>p1 move knockoff\n>p2 move bodypress\n>p1 move drainpunch\n>p2 move bodypress\n>p1 move drainpunch\n>p2 move bodypress\n>p1 switch 2\n>p1 move fireblast\n>p2 move stealthrock\n>p2 switch 3\n>p1 move shadowball\n>p2 move darkpulse\n>p1 move shadowball\n>p2 move darkpulse\n>p2 switch 4\n>p1 move fireblast\n>p2 move airslash\n>forcelose p2", "uploadtime": 1733859927, "views": 2, "formatid": "gen9randombattle", "rating": 1051, "private": 0, "password": null}