{"id": "gen9randombattle-2249653583", "format": "[Gen 9] Random Battle", "players": ["Iceman8911", "Vugatti"], "log": "|j|\u2606Iceman8911\n|j|\u2606Vugatti\n|t:|1732382442\n|gametype|singles\n|player|p1|Iceman8911|plasmagrunt|2305\n|player|p2|Vugatti|266|2266\n|teamsize|p1|6\n|teamsize|p2|6\n|gen|9\n|tier|[Gen 9] Random Battle\n|rated|\n|rule|Species Clause: Limit one of each Pok\u00e9mon\n|rule|HP Percentage Mod: HP is shown in percentages\n|rule|Sleep Clause Mod: Limit one foe put to sleep\n|rule|Illusion Level Mod: Illusion disguises the Pok\u00e9mon's true level\n|\n|t:|1732382442\n|start\n|switch|p1a: Salamence|Salamence, L77, M|273/273\n|switch|p2a: Munkidori|Munkidori, L79, M|269/269\n|-ability|p1a: Salamence|Intimidate|boost\n|-unboost|p2a: Munkidori|atk|1\n|turn|1\n|inactive|Battle timer is ON: inactive players will automatically lose when time's up. (requested by Iceman8911)\n|\n|t:|1732382455\n|switch|p1a: Registeel|Registeel, L81|262/262\n|move|p2a: Munkidori|Fake Out|p1a: Registeel\n|-resisted|p1a: Registeel\n|-damage|p1a: Registeel|257/262\n|\n|upkeep\n|turn|2\n|\n|t:|1732382461\n|move|p2a: Munkidori|U-turn|p1a: Registeel\n|-resisted|p1a: Registeel\n|-damage|p1a: Registeel|249/262\n|\n|t:|1732382477\n|switch|p2a: Delphox|Delphox, L84, M|263/263|[from] U-turn\n|move|p1a: Registeel|Body Press|p2a: Delphox\n|-resisted|p2a: Delphox\n|-damage|p2a: Delphox|219/263\n|\n|upkeep\n|turn|3\n|\n|t:|1732382491\n|switch|p1a: Hypno|Hypno, L95, M|315/315\n|move|p2a: Delphox|Fire Blast|p1a: Hypno\n|-damage|p1a: Hypno|218/315\n|\n|-heal|p1a: Hypno|237/315|[from] item: Leftovers\n|upkeep\n|turn|4\n|\n|t:|1732382504\n|switch|p2a: Qwilfish|Qwilfish-Hisui, L83, M|244/244\n|-ability|p2a: Qwilfish|Intimidate|boost\n|-unboost|p1a: Hypno|atk|1\n|move|p1a: Hypno|Thunder Wave|p2a: Qwilfish\n|-status|p2a: Qwilfish|par\n|\n|-heal|p1a: Hypno|256/315|[from] item: Leftovers\n|upkeep\n|turn|5\n|\n|t:|1732382515\n|move|p1a: Hypno|Knock Off|p2a: Qwilfish\n|-resisted|p2a: Qwilfish\n|-damage|p2a: Qwilfish|226/244 par\n|-enditem|p2a: Qwilfish|Eviolite|[from] move: Knock Off|[of] p1a: Hypno\n|cant|p2a: Qwilfish|par\n|\n|-heal|p1a: Hypno|275/315|[from] item: Leftovers\n|upkeep\n|turn|6\n|\n|t:|1732382520\n|switch|p1a: Registeel|Registeel, L81|249/262\n|cant|p2a: Qwilfish|par\n|\n|upkeep\n|turn|7\n|\n|t:|1732382524\n|switch|p2a: Delphox|Delphox, L84, M|219/263\n|move|p1a: Registeel|Iron Head|p2a: Delphox\n|-resisted|p2a: Delphox\n|-damage|p2a: Delphox|183/263\n|\n|upkeep\n|turn|8\n|\n|t:|1732382532\n|switch|p1a: Hypno|Hypno, L95, M|275/315\n|move|p2a: Delphox|Fire Blast|p1a: Hypno\n|-damage|p1a: Hypno|179/315\n|\n|-heal|p1a: Hypno|198/315|[from] item: Leftovers\n|upkeep\n|turn|9\n|\n|t:|1732382540\n|switch|p2a: Qwilfish|Qwilfish-Hisui, L83, M|226/244 par\n|-ability|p2a: Qwilfish|Intimidate|boost\n|-unboost|p1a: Hypno|atk|1\n|move|p1a: Hypno|Knock Off|p2a: Qwilfish\n|-resisted|p2a: Qwilfish\n|-damage|p2a: Qwilfish|208/244 par\n|\n|-heal|p1a: Hypno|217/315|[from] item: Leftovers\n|upkeep\n|turn|10\n|\n|t:|1732382544\n|switch|p1a: Registeel|Registeel, L81|249/262\n|cant|p2a: Qwilfish|par\n|\n|upkeep\n|turn|11\n|\n|t:|1732382550\n|switch|p1a: Salamence|Salamence, L77, M|273/273\n|-ability|p1a: Salamence|Intimidate|boost\n|-unboost|p2a: Qwilfish|atk|1\n|switch|p2a: Delphox|Delphox, L84, M|183/263\n|\n|upkeep\n|turn|12\n|\n|t:|1732382564\n|switch|p2a: Munkidori|Munkidori, L79, M|269/269\n|move|p1a: Salamence|Earthquake|p2a: Munkidori\n|-supereffective|p2a: Munkidori\n|-damage|p2a: Munkidori|67/269\n|\n|upkeep\n|turn|13\n|\n|t:|1732382576\n|move|p2a: Munkidori|U-turn|p1a: Salamence\n|-resisted|p1a: Salamence\n|-damage|p1a: Salamence|252/273\n|\n|t:|1732382587\n|switch|p2a: Chien-Pao|Chien-Pao, L72|234/234|[from] U-turn\n|-ability|p2a: Chien-Pao|Sword of Ruin\n|move|p1a: Salamence|Dragon Dance|p1a: Salamence\n|-boost|p1a: Salamence|atk|1\n|-boost|p1a: Salamence|spe|1\n|\n|upkeep\n|turn|14\n|inactive|Iceman8911 has 120 seconds left.\n|inactive|Iceman8911 has 90 seconds left.\n|\n|t:|1732382667\n|move|p2a: Chien-Pao|Ice Shard|p1a: Salamence\n|-supereffective|p1a: Salamence\n|-damage|p1a: Salamence|36/273\n|move|p1a: Salamence|Outrage|p2a: Chien-Pao\n|-damage|p2a: Chien-Pao|0 fnt\n|faint|p2a: Chien-Pao\n|\n|upkeep\n|inactive|Vugatti has 120 seconds left.\n|\n|t:|1732382705\n|switch|p2a: Qwilfish|Qwilfish-Hisui, L83, M|208/244 par\n|-ability|p2a: Qwilfish|Intimidate|boost\n|-unboost|p1a: Salamence|atk|1\n|turn|15\n|inactive|Vugatti has 120 seconds left.\n|\n|t:|1732382710\n|move|p1a: Salamence|Outrage|p2a: Qwilfish|[from]lockedmove\n|-damage|p2a: Qwilfish|70/244 par\n|-start|p1a: Salamence|confusion|[fatigue]\n|cant|p2a: Qwilfish|par\n|\n|upkeep\n|turn|16\n|inactive|Iceman8911 has 90 seconds left.\n|\n|t:|1732382718\n|-activate|p1a: Salamence|confusion\n|move|p1a: Salamence|Earthquake|p2a: Qwilfish\n|-supereffective|p2a: Qwilfish\n|-damage|p2a: Qwilfish|0 fnt\n|faint|p2a: Qwilfish\n|\n|upkeep\n|c|\u2606Vugatti|Qwilfish try to move challenge (impossible)\n|inactive|Vugatti has 120 seconds left.\n|\n|t:|1732382737\n|switch|p2a: Munkidori|Munkidori, L79, M|67/269\n|turn|17\n|\n|t:|1732382740\n|switch|p1a: Registeel|Registeel, L81|249/262\n|move|p2a: Munkidori|Fake Out|p1a: Registeel\n|-resisted|p1a: Registeel\n|-damage|p1a: Registeel|242/262\n|\n|upkeep\n|turn|18\n|\n|t:|1732382746\n|move|p2a: Munkidori|U-turn|p1a: Registeel\n|-resisted|p1a: Registeel\n|-damage|p1a: Registeel|229/262\n|\n|t:|1732382747\n|switch|p2a: Delphox|Delphox, L84, M|183/263|[from] U-turn\n|move|p1a: Registeel|Iron Head|p2a: Delphox\n|-resisted|p2a: Delphox\n|-damage|p2a: Delphox|146/263\n|\n|upkeep\n|turn|19\n|inactive|Iceman8911 has 120 seconds left.\n|\n|t:|1732382757\n|switch|p1a: Salamence|Salamence, L77, M|36/273\n|-ability|p1a: Salamence|Intimidate|boost\n|-unboost|p2a: Delphox|atk|1\n|move|p2a: Delphox|Fire Blast|p1a: Salamence\n|-resisted|p1a: Salamence\n|-damage|p1a: Salamence|0 fnt\n|faint|p1a: Salamence\n|\n|upkeep\n|\n|t:|1732382761\n|switch|p1a: Hypno|Hypno, L95, M|217/315\n|turn|20\n|\n|t:|1732382774\n|switch|p2a: Munkidori|Munkidori, L79, M|67/269\n|move|p1a: Hypno|Thunder Wave|p2a: Munkidori\n|-status|p2a: Munkidori|par\n|\n|-heal|p1a: Hypno|236/315|[from] item: Leftovers\n|upkeep\n|turn|21\n|\n|t:|1732382781\n|move|p2a: Munkidori|Fake Out|p1a: Hypno\n|-damage|p1a: Hypno|212/315\n|cant|p1a: Hypno|flinch\n|\n|-heal|p1a: Hypno|231/315|[from] item: Leftovers\n|upkeep\n|turn|22\n|\n|t:|1732382791\n|switch|p2a: Dragapult|Dragapult, L77, M|262/262\n|move|p1a: Hypno|Knock Off|p2a: Dragapult\n|-supereffective|p2a: Dragapult\n|-damage|p2a: Dragapult|74/262\n|-enditem|p2a: Dragapult|Heavy-Duty Boots|[from] move: Knock Off|[of] p1a: Hypno\n|\n|-heal|p1a: Hypno|250/315|[from] item: Leftovers\n|upkeep\n|turn|23\n|\n|t:|1732382821\n|switch|p1a: Charizard|Charizard, L85, F|271/271\n|move|p2a: Dragapult|U-turn|p1a: Charizard\n|-resisted|p1a: Charizard\n|-damage|p1a: Charizard|258/271\n|\n|t:|1732382829\n|switch|p2a: Shaymin|Shaymin-Sky, L73|266/266|[from] U-turn\n|\n|upkeep\n|turn|24\n|inactive|Iceman8911 has 120 seconds left.\n|\n|t:|1732382855\n|move|p2a: Shaymin|Air Slash|p1a: Charizard\n|-damage|p1a: Charizard|188/271\n|cant|p1a: Charizard|flinch\n|\n|upkeep\n|turn|25\n|\n|t:|1732382859\n|move|p2a: Shaymin|Air Slash|p1a: Charizard\n|-damage|p1a: Charizard|116/271\n|cant|p1a: Charizard|flinch\n|\n|upkeep\n|turn|26\n|\n|t:|1732382864\n|move|p2a: Shaymin|Air Slash|p1a: Charizard\n|-crit|p1a: Charizard\n|-damage|p1a: Charizard|10/271\n|move|p1a: Charizard|Flamethrower|p2a: Shaymin\n|-supereffective|p2a: Shaymin\n|-crit|p2a: Shaymin\n|-damage|p2a: Shaymin|0 fnt\n|faint|p2a: Shaymin\n|\n|upkeep\n|\n|t:|1732382887\n|switch|p2a: Dragapult|Dragapult, L77, M|74/262\n|turn|27\n|\n|t:|1732382892\n|move|p2a: Dragapult|Dragon Darts|p1a: Charizard\n|-damage|p1a: Charizard|0 fnt\n|faint|p1a: Charizard\n|\n|upkeep\n|\n|t:|1732382905\n|switch|p1a: Ogerpon|Ogerpon, L80, F|259/259\n|turn|28\n|\n|t:|1732382916\n|move|p2a: Dragapult|Will-O-Wisp|p1a: Ogerpon\n|-status|p1a: Ogerpon|brn\n|move|p1a: Ogerpon|Knock Off|p2a: Dragapult\n|-supereffective|p2a: Dragapult\n|-damage|p2a: Dragapult|7/262\n|\n|-damage|p1a: Ogerpon|243/259 brn|[from] brn\n|upkeep\n|turn|29\n|\n|t:|1732382923\n|move|p2a: Dragapult|U-turn|p1a: Ogerpon\n|-supereffective|p1a: Ogerpon\n|-damage|p1a: Ogerpon|145/259 brn\n|\n|t:|1732382926\n|switch|p2a: Munkidori|Munkidori, L79, M|67/269 par|[from] U-turn\n|move|p1a: Ogerpon|Knock Off|p2a: Munkidori\n|-supereffective|p2a: Munkidori\n|-damage|p2a: Munkidori|0 fnt\n|-enditem|p2a: Munkidori|Assault Vest|[from] move: Knock Off|[of] p1a: Ogerpon\n|faint|p2a: Munkidori\n|\n|-damage|p1a: Ogerpon|129/259 brn|[from] brn\n|upkeep\n|\n|t:|1732382929\n|switch|p2a: Delphox|Delphox, L84, M|146/263\n|turn|30\n|\n|t:|1732382939\n|switch|p1a: Dondozo|Dondozo, L78, M|362/362\n|move|p2a: Delphox|Fire Blast|p1a: Dondozo|[miss]\n|-miss|p2a: Delphox|p1a: Dondozo\n|\n|upkeep\n|turn|31\n|\n|t:|1732382954\n|move|p2a: Delphox|Grass Knot|p1a: Dondozo\n|-supereffective|p1a: Dondozo\n|-damage|p1a: Dondozo|116/362\n|move|p1a: Dondozo|Wave Crash|p2a: Delphox\n|-supereffective|p2a: Delphox\n|-damage|p2a: Delphox|0 fnt\n|faint|p2a: Delphox\n|-damage|p1a: Dondozo|68/362|[from] Recoil\n|\n|-heal|p1a: Dondozo|90/362|[from] item: Leftovers\n|upkeep\n|\n|t:|1732382958\n|switch|p2a: Dragapult|Dragapult, L77, M|7/262\n|turn|32\n|\n|t:|1732382967\n|move|p2a: Dragapult|Hex|p1a: Dondozo\n|-damage|p1a: Dondozo|12/362\n|move|p1a: Dondozo|Rest|p1a: Dondozo\n|-status|p1a: Dondozo|slp|[from] move: Rest\n|-heal|p1a: Dondozo|362/362 slp|[silent]\n|\n|upkeep\n|turn|33\n|\n|t:|1732382973\n|switch|p1a: Ogerpon|Ogerpon, L80, F|129/259 brn\n|move|p2a: Dragapult|Hex|p1a: Ogerpon\n|-crit|p1a: Ogerpon\n|-damage|p1a: Ogerpon|0 fnt\n|faint|p1a: Ogerpon\n|\n|upkeep\n|\n|t:|1732382976\n|switch|p1a: Registeel|Registeel, L81|229/262\n|turn|34\n|\n|t:|1732382979\n|move|p2a: Dragapult|Hex|p1a: Registeel\n|-damage|p1a: Registeel|187/262\n|move|p1a: Registeel|Iron Head|p2a: Dragapult\n|-damage|p2a: Dragapult|0 fnt\n|faint|p2a: Dragapult\n|\n|win|Iceman8911\n|raw|Iceman8911's rating: 2305 &rarr; <strong>2323</strong><br />(+18 for winning)\n|raw|Vugatti's rating: 2266 &rarr; <strong>2248</strong><br />(-18 for losing)\n|c|\u2606Vugatti|Dogshit match tbh\n", "inputlog": ">version baf9aa68cbe18cf25f290680a08c9ad9c5e3e828\n>start {\"formatid\":\"gen9randombattle\",\"seed\":[58706,31794,28391,58571],\"rated\":\"Rated battle\"}\n>player p1 {\"name\":\"Iceman8911\",\"avatar\":\"plasmagrunt\",\"rating\":2305,\"seed\":[4612,62897,65473,36687]}\n>player p2 {\"name\":\"Vugatti\",\"avatar\":\"266\",\"rating\":2266,\"seed\":[18323,64811,14281,60669]}\n>p1 switch 2\n>p2 move fakeout\n>p1 move bodypress\n>p2 move uturn\n>p2 switch 2\n>p1 switch 5\n>p2 move fireblast\n>p1 move thunderwave\n>p2 switch 5\n>p1 move knockoff\n>p2 move crunch\n>p1 switch 5\n>p2 move crunch\n>p1 move ironhead\n>p2 switch 5\n>p1 switch 5\n>p2 move fireblast\n>p1 move knockoff\n>p2 switch 5\n>p1 switch 5\n>p2 move crunch\n>p1 switch 2\n>p2 switch 5\n>p1 move earthquake\n>p2 switch 2\n>p1 move dragondance\n>p2 move uturn\n>p2 switch 3\n>p1 move outrage\n>p2 move iceshard\n>p2 switch 5\n>p1 move outrage\n>p2 move crunch\n>p1 move earthquake\n>p2 move crunch\n>chat \u2606Vugatti|Qwilfish try to move challenge (impossible)\n>p2 switch 3\n>p1 switch 2\n>p2 move fakeout\n>p1 move ironhead\n>p2 move uturn\n>p2 switch 2\n>p1 switch 2\n>p2 move fireblast\n>p1 switch 5\n>p1 move thunderwave\n>p2 switch 2\n>p1 move knockoff\n>p2 move fakeout\n>p1 move knockoff\n>p2 switch 6\n>p1 switch 3\n>p2 move uturn\n>p2 switch 4\n>p1 move flamethrower\n>p2 move airslash\n>p1 move flamethrower\n>p2 move airslash\n>p1 move flamethrower\n>p2 move airslash\n>p2 switch 4\n>p1 move earthquake\n>p2 move dragondarts\n>p1 switch 4\n>p1 move knockoff\n>p2 move willowisp\n>p1 move knockoff\n>p2 move uturn\n>p2 switch 6\n>p2 switch 2\n>p1 switch 6\n>p2 move fireblast\n>p1 move wavecrash\n>p2 move grassknot\n>p2 switch 6\n>p1 move rest\n>p2 move hex\n>p1 switch 6\n>p2 move hex\n>p1 switch 2\n>p1 move ironhead\n>p2 move hex", "uploadtime": 1732382992, "views": 18, "formatid": "gen9randombattle", "rating": 2248, "private": 0, "password": null}