{"id": "gen9randombattle-2260824718", "format": "[Gen 9] Random Battle", "players": ["qiuescent", "Marrickchill"], "log": "|badge|p2|bronze|gen9randombattle|100-3\n|uhtml|medal-msg|<div class=\"broadcast-blue\">Curious what those medals under the avatar are? PS now has Ladder Seasons! For more information, check out the <a href=\"https://www.smogon.com/forums/threads/3740067/\">thread on Smogon.</a></div>\n|j|\u203dqiuescent\n|j|\u2606Marrickchill\n|t:|1733898828\n|gametype|singles\n|player|p1|qiuescent|266|2329\n|player|p2|Marrickchill|101|2303\n|teamsize|p1|6\n|teamsize|p2|6\n|gen|9\n|tier|[Gen 9] Random Battle\n|rated|\n|rule|Species Clause: Limit one of each Pok\u00e9mon\n|rule|HP Percentage Mod: HP is shown in percentages\n|rule|Sleep Clause Mod: Limit one foe put to sleep\n|rule|Illusion Level Mod: Illusion disguises the Pok\u00e9mon's true level\n|\n|t:|1733898828\n|start\n|switch|p1a: Zarude|Zarude-Dada, L78|292/292\n|switch|p2a: Poliwrath|Poliwrath, L88, F|302/302\n|turn|1\n|\n|t:|1733898835\n|switch|p2a: Volbeat|Volbeat, L90, M|263/263\n|move|p1a: Zarude|Power Whip|p2a: Volbeat\n|-resisted|p2a: Volbeat\n|-damage|p2a: Volbeat|179/263\n|-damage|p1a: Zarude|263/292|[from] item: Life Orb\n|\n|upkeep\n|turn|2\n|\n|t:|1733898843\n|switch|p1a: Magcargo|Magcargo, L95, F|268/268\n|move|p2a: Volbeat|Lunge|p1a: Magcargo\n|-resisted|p1a: Magcargo\n|-damage|p1a: Magcargo|239/268\n|-unboost|p1a: Magcargo|atk|1\n|-status|p2a: Volbeat|brn|[from] ability: Flame Body|[of] p1a: Magcargo\n|\n|-damage|p2a: Volbeat|163/263 brn|[from] brn\n|upkeep\n|turn|3\n|\n|t:|1733898857\n|move|p2a: Volbeat|Thunder Wave|p1a: Magcargo\n|-status|p1a: Magcargo|par\n|cant|p1a: Magcargo|par\n|\n|-damage|p2a: Volbeat|147/263 brn|[from] brn\n|upkeep\n|turn|4\n|\n|t:|1733898877\n|switch|p2a: Poliwrath|Poliwrath, L88, F|302/302\n|move|p1a: Magcargo|Stealth Rock|p2a: Poliwrath\n|-sidestart|p2: Marrickchill|move: Stealth Rock\n|\n|upkeep\n|turn|5\n|\n|t:|1733898882\n|switch|p1a: Slowbro|Slowbro, L85, M|300/300\n|move|p2a: Poliwrath|Bulk Up|p2a: Poliwrath\n|-boost|p2a: Poliwrath|atk|1\n|-boost|p2a: Poliwrath|def|1\n|\n|upkeep\n|turn|6\n|inactive|Battle timer is ON: inactive players will automatically lose when time's up. (requested by qiuescent)\n|\n|t:|1733898890\n|move|p2a: Poliwrath|Bulk Up|p2a: Poliwrath\n|-boost|p2a: Poliwrath|atk|1\n|-boost|p2a: Poliwrath|def|1\n|move|p1a: Slowbro|Psychic Noise|p2a: Poliwrath\n|-supereffective|p2a: Poliwrath\n|-damage|p2a: Poliwrath|146/302\n|-start|p2a: Poliwrath|move: Heal Block\n|\n|upkeep\n|turn|7\n|\n|t:|1733898913\n|move|p2a: Poliwrath|Liquidation|p1a: Slowbro\n|-resisted|p1a: Slowbro\n|-damage|p1a: Slowbro|219/300\n|move|p1a: Slowbro|Psychic Noise|p2a: Poliwrath\n|-supereffective|p2a: Poliwrath\n|-damage|p2a: Poliwrath|0 fnt\n|faint|p2a: Poliwrath\n|\n|upkeep\n|\n|t:|1733898922\n|switch|p2a: Pawmot|Pawmot, L80, M|243/243\n|-damage|p2a: Pawmot|228/243|[from] Stealth Rock\n|turn|8\n|\n|t:|1733898926\n|move|p2a: Pawmot|Revival Blessing|p2a: Pawmot\n|-enditem|p2a: Pawmot|Leppa Berry|[eat]\n|-activate|p2a: Pawmot|item: Leppa Berry|Revival Blessing|[consumed]\n|\n|t:|1733898930\n|-heal|p2: Poliwrath|151/302|[from] move: Revival Blessing\n|move|p1a: Slowbro|Psychic Noise|p2a: Pawmot\n|-supereffective|p2a: Pawmot\n|-damage|p2a: Pawmot|0 fnt\n|faint|p2a: Pawmot\n|\n|upkeep\n|\n|t:|1733898938\n|switch|p2a: Magearna|Magearna, L77|250/250\n|-damage|p2a: Magearna|235/250|[from] Stealth Rock\n|turn|9\n|\n|t:|1733898948\n|move|p2a: Magearna|Shift Gear|p2a: Magearna\n|-boost|p2a: Magearna|spe|2\n|-boost|p2a: Magearna|atk|1\n|move|p1a: Slowbro|Scald|p2a: Magearna\n|-damage|p2a: Magearna|157/250\n|-status|p2a: Magearna|brn\n|\n|-damage|p2a: Magearna|142/250 brn|[from] brn\n|upkeep\n|turn|10\n|\n|t:|1733898957\n|move|p2a: Magearna|Shift Gear|p2a: Magearna\n|-boost|p2a: Magearna|spe|2\n|-boost|p2a: Magearna|atk|1\n|move|p1a: Slowbro|Body Press|p2a: Magearna\n|-crit|p2a: Magearna\n|-damage|p2a: Magearna|59/250 brn\n|\n|-damage|p2a: Magearna|44/250 brn|[from] brn\n|upkeep\n|turn|11\n|\n|t:|1733898964\n|move|p2a: Magearna|Fleur Cannon|p1a: Slowbro\n|-damage|p1a: Slowbro|111/300\n|-unboost|p2a: Magearna|spa|2\n|move|p1a: Slowbro|Body Press|p2a: Magearna\n|-damage|p2a: Magearna|0 fnt\n|faint|p2a: Magearna\n|\n|upkeep\n|\n|t:|1733898972\n|switch|p2a: Cinccino|Cinccino, L83, F|260/260\n|-damage|p2a: Cinccino|228/260|[from] Stealth Rock\n|turn|12\n|\n|t:|1733898977\n|switch|p1a: Pecharunt|Pecharunt, L77|262/262\n|move|p2a: Cinccino|Bullet Seed|p1a: Pecharunt\n|-resisted|p1a: Pecharunt\n|-damage|p1a: Pecharunt|253/262\n|-resisted|p1a: Pecharunt\n|-damage|p1a: Pecharunt|244/262\n|-resisted|p1a: Pecharunt\n|-damage|p1a: Pecharunt|235/262\n|-resisted|p1a: Pecharunt\n|-damage|p1a: Pecharunt|226/262\n|-hitcount|p1a: Pecharunt|4\n|\n|-heal|p1a: Pecharunt|242/262|[from] item: Leftovers\n|upkeep\n|turn|13\n|-message|Marrickchill forfeited.\n|\n|win|qiuescent\n|raw|qiuescent's rating: 2306 &rarr; <strong>2326</strong><br />(+20 for winning)\n|raw|Marrickchill's rating: 2303 &rarr; <strong>2283</strong><br />(-20 for losing)\n|l|\u2606Marrickchill\n|player|p2|\n", "inputlog": ">version bfd83cad13791eb5a5a409923076391caf6fb4d4\n>start {\"formatid\":\"gen9randombattle\",\"seed\":[40142,24214,15670,64185],\"rated\":\"Rated battle\"}\n>player p1 {\"name\":\"qiuescent\",\"avatar\":\"266\",\"rating\":2329,\"seed\":[22534,27684,29420,38510]}\n>player p2 {\"name\":\"Marrickchill\",\"avatar\":\"101\",\"rating\":2303,\"seed\":[42576,42776,55779,46416]}\n>p1 move powerwhip\n>p2 switch 5\n>p1 switch 3\n>p2 move lunge\n>p1 move stealthrock\n>p2 move thunderwave\n>p1 move stealthrock\n>p2 switch 5\n>p1 switch 4\n>p2 move bulkup\n>p1 move psychicnoise\n>p2 move bulkup\n>p1 move psychicnoise\n>p2 move liquidation\n>p2 switch 4\n>p1 move psychicnoise\n>p2 move revivalblessing\n>p2 switch 4\n>p2 switch 6\n>p1 move scald\n>p2 move shiftgear\n>p1 move bodypress\n>p2 move shiftgear\n>p1 move bodypress\n>p2 move fleurcannon\n>p2 switch 3\n>p1 switch 5\n>p2 move bulletseed\n>forcelose p2", "uploadtime": 1733898984, "views": 2, "formatid": "gen9randombattle", "rating": 2283, "private": 0, "password": null}